{"id":"gen9championsvgc2026regmb-2674326681","format":"[Gen 9 Champions] VGC 2026 Reg M-B","players":["Mameon","nickfanta"],"log":"|j|☆Mameon\n|j|☆nickfanta\n|t:|1788341648\n|gametype|doubles\n|player|p1|Mameon|101|1418\n|player|p2|nickfanta|riley|1523\n|gen|9\n|tier|[Gen 9 Champions] VGC 2026 Reg M-B\n|rated|\n|rule|Species Clause: Limit one of each Pokémon\n|rule|Item Clause: Limit 1 of each item\n|clearpoke\n|poke|p1|Staraptor, L50, M|\n|poke|p1|Farigiraf, L50, F|\n|poke|p1|Tyranitar, L50, M|\n|poke|p1|Whimsicott, L50, F|\n|poke|p1|Excadrill, L50, M|\n|poke|p1|Gholdengo, L50, shiny|\n|poke|p2|Sneasler, L50, M|\n|poke|p2|Kingambit, L50, F|\n|poke|p2|Banette, L50, M|\n|poke|p2|Arcanine-Hisui, L50, M|\n|poke|p2|Swampert, L50, M|\n|poke|p2|Sylveon, L50, F|\n|teampreview|4\n|inactive|Battle timer is ON: inactive players will automatically lose when time's up. (requested by nickfanta)\n|\n|t:|1788341673\n|teamsize|p1|4\n|teamsize|p2|4\n|start\n|switch|p1a: Staraptor|Staraptor, L50, M|100/100\n|switch|p1b: Farigiraf|Farigiraf, L50, F|100/100\n|switch|p2a: Swampert|Swampert, L50, M|100/100\n|switch|p2b: Sneasler|Sneasler, L50, M|100/100\n|-ability|p1a: Staraptor|Intimidate|boost\n|-unboost|p2a: Swampert|atk|1\n|-unboost|p2b: Sneasler|atk|1\n|-enditem|p2b: Sneasler|White Herb\n|-clearnegativeboost|p2b: Sneasler|[silent]\n|turn|1\n|inactive|nickfanta has 30 seconds left.\n|\n|t:|1788341701\n|detailschange|p1a: Staraptor|Staraptor-Mega, L50, M\n|-mega|p1a: Staraptor|Staraptor|Staraptite\n|detailschange|p2a: Swampert|Swampert-Mega, L50, M\n|-mega|p2a: Swampert|Swampert|Swampertite\n|move|p2b: Sneasler|Protect|p2b: Sneasler\n|-singleturn|p2b: Sneasler|Protect\n|move|p1a: Staraptor|Close Combat|p2a: Swampert\n|-damage|p2a: Swampert|61/100\n|-boost|p1a: Staraptor|def|1\n|-boost|p1a: Staraptor|spd|1\n|move|p2a: Swampert|Yawn|p1a: Staraptor\n|-start|p1a: Staraptor|move: Yawn|[of] p2a: Swampert\n|move|p1b: Farigiraf|Psychic|p2b: Sneasler\n|-activate|p2b: Sneasler|move: Protect\n|\n|upkeep\n|turn|2\n|\n|t:|1788341719\n|move|p2b: Sneasler|Close Combat|p1b: Farigiraf\n|-damage|p1b: Farigiraf|36/100\n|-unboost|p2b: Sneasler|def|1\n|-unboost|p2b: Sneasler|spd|1\n|-enditem|p1b: Farigiraf|Sitrus Berry|[eat]\n|-heal|p1b: Farigiraf|60/100|[from] item: Sitrus Berry\n|move|p1a: Staraptor|Close Combat|p2a: Swampert\n|-damage|p2a: Swampert|23/100\n|-boost|p1a: Staraptor|def|1\n|-boost|p1a: Staraptor|spd|1\n|move|p1b: Farigiraf|Psychic|p2b: Sneasler\n|-supereffective|p2b: Sneasler|2\n|-damage|p2b: Sneasler|0 fnt\n|faint|p2b: Sneasler\n|move|p2a: Swampert|Counter|p1a: Staraptor\n|-damage|p1a: Staraptor|17/100\n|\n|-end|p1a: Staraptor|move: Yawn|[silent]\n|-status|p1a: Staraptor|slp\n|upkeep\n|\n|t:|1788341735\n|switch|p2b: Sylveon|Sylveon, L50, F|100/100\n|turn|3\n|\n|t:|1788341748\n|cant|p1a: Staraptor|slp\n|move|p2a: Swampert|High Horsepower|p1b: Farigiraf\n|-damage|p1b: Farigiraf|36/100\n|move|p1b: Farigiraf|Psychic|p2a: Swampert\n|-damage|p2a: Swampert|0 fnt\n|faint|p2a: Swampert\n|move|p2b: Sylveon|Hyper Voice|p1a: Staraptor|[spread] p1a,p1b\n|-supereffective|p1a: Staraptor|1\n|-damage|p1a: Staraptor|0 fnt\n|-damage|p1b: Farigiraf|0 fnt\n|faint|p1a: Staraptor\n|faint|p1b: Farigiraf\n|\n|upkeep\n|\n|t:|1788341762\n|switch|p1a: Excadrill|Excadrill, L50, M|100/100\n|switch|p2a: Arcanine|Arcanine-Hisui, L50, M|100/100\n|switch|p1b: Tyranitar|Tyranitar, L50, M|100/100\n|-weather|Sandstorm|[from] ability: Sand Stream|[of] p1b: Tyranitar\n|turn|4\n|\n|t:|1788341781\n|move|p1b: Tyranitar|Protect|p1b: Tyranitar\n|-singleturn|p1b: Tyranitar|Protect\n|move|p1a: Excadrill|Earthquake|p2b: Sylveon|[spread] p2a,p2b\n|-activate|p1b: Tyranitar|move: Protect\n|-supereffective|p2a: Arcanine|2\n|-damage|p2a: Arcanine|0 fnt\n|-damage|p2b: Sylveon|52/100\n|faint|p2a: Arcanine\n|move|p2b: Sylveon|Hyper Voice|p1b: Tyranitar|[spread] p1a\n|-activate|p1b: Tyranitar|move: Protect\n|-resisted|p1a: Excadrill|1\n|-damage|p1a: Excadrill|71/100\n|\n|-weather|Sandstorm|[upkeep]\n|-damage|p2b: Sylveon|46/100|[from] Sandstorm\n|upkeep\n|turn|5\n|-message|nickfanta forfeited.\n|\n|win|Mameon\n|raw|Mameon's rating: 1418 &rarr; <strong>1444</strong><br />(+26 for winning)\n|raw|nickfanta's rating: 1523 &rarr; <strong>1497</strong><br />(-26 for losing)\n|l|☆nickfanta\n|player|p2|\n","uploadtime":1788341793,"views":"1","formatid":"gen9championsvgc2026regmb","rating":1444,"private":0,"password":null}