{"id":"gen9championsvgc2026regmb-2674410588","format":"[Gen 9 Champions] VGC 2026 Reg M-B","players":["jellow69","Venusaur-Saurr"],"log":"|j|☆jellow69\n|j|‽Venusaur-Saurr\n|t:|1788356413\n|gametype|doubles\n|player|p1|jellow69|burglar|1388\n|player|p2|Venusaur-Saurr|riley|1304\n|gen|9\n|tier|[Gen 9 Champions] VGC 2026 Reg M-B\n|rated|\n|rule|Species Clause: Limit one of each Pokémon\n|rule|Item Clause: Limit 1 of each item\n|clearpoke\n|poke|p1|Tinkaton, L50, F|\n|poke|p1|Staraptor, L50, F|\n|poke|p1|Garchomp, L50, F|\n|poke|p1|Aerodactyl, L50, M|\n|poke|p1|Charizard, L50, M|\n|poke|p1|Basculegion, L50, M|\n|poke|p2|Aegislash, L50, F|\n|poke|p2|Slowking-Galar, L50, F|\n|poke|p2|Altaria, L50, F|\n|poke|p2|Meowscarada, L50, F|\n|poke|p2|Rotom-Wash, L50|\n|poke|p2|Camerupt, L50, M|\n|teampreview|4\n|inactive|Battle timer is ON: inactive players will automatically lose when time's up. (requested by Venusaur-Saurr)\njellow69 rejected open team sheets.\n|inactive|Venusaur-Saurr has 60 seconds left.\n|\n|t:|1788356473\n|teamsize|p1|4\n|teamsize|p2|4\n|start\n|switch|p1a: Tinkaton|Tinkaton, L50, F|100/100\n|switch|p1b: Staraptor|Staraptor, L50, F|100/100\n|switch|p2a: Rotom|Rotom-Wash, L50|100/100\n|switch|p2b: Altaria|Altaria, L50, F|100/100\n|-ability|p1b: Staraptor|Intimidate|boost\n|-unboost|p2a: Rotom|atk|1\n|-unboost|p2b: Altaria|atk|1\n|-ability|p2b: Altaria|Cloud Nine\n|turn|1\n|inactive|jellow69 has 30 seconds left.\n|\n|t:|1788356501\n|switch|p2b: Aegislash|Aegislash, L50, F|100/100\n|detailschange|p1b: Staraptor|Staraptor-Mega, L50, F\n|-mega|p1b: Staraptor|Staraptor|Staraptite\n|move|p1a: Tinkaton|Fake Out|p2a: Rotom\n|-damage|p2a: Rotom|91/100\n|move|p1b: Staraptor|Close Combat|p2b: Aegislash\n|-immune|p2b: Aegislash\n|cant|p2a: Rotom|flinch\n|\n|upkeep\n|turn|2\n|inactive|Venusaur-Saurr has 30 seconds left.\n|\n|t:|1788356532\n|switch|p1a: Garchomp|Garchomp, L50, F|100/100\n|move|p1b: Staraptor|Protect|p1b: Staraptor\n|-singleturn|p1b: Staraptor|Protect\n|move|p2a: Rotom|Volt Switch|p1a: Garchomp\n|-immune|p1a: Garchomp\n|-formechange|p2b: Aegislash|Aegislash-Blade|\n|move|p2b: Aegislash|Poltergeist|p1a: Garchomp|[miss]\n|-miss|p2b: Aegislash|p1a: Garchomp\n|\n|upkeep\n|turn|3\n|\n|t:|1788356558\n|-formechange|p2b: Aegislash|Aegislash|\n|move|p2b: Aegislash|King's Shield|p2b: Aegislash\n|-singleturn|p2b: Aegislash|Protect\n|move|p1b: Staraptor|Close Combat|p2a: Rotom\n|-damage|p2a: Rotom|35/100\n|-boost|p1b: Staraptor|def|1\n|-boost|p1b: Staraptor|spd|1\n|-enditem|p2a: Rotom|Sitrus Berry|[eat]\n|-heal|p2a: Rotom|60/100|[from] item: Sitrus Berry\n|move|p1a: Garchomp|Earthquake|p2b: Aegislash|[spread] \n|-activate|p2b: Aegislash|move: Protect\n|-immune|p1b: Staraptor\n|-immune|p2a: Rotom|[from] ability: Levitate\n|move|p2a: Rotom|Volt Switch|p1b: Staraptor\n|-supereffective|p1b: Staraptor|1\n|-damage|p1b: Staraptor|59/100\n|\n|t:|1788356578\n|switch|p2a: Altaria|Altaria, L50, F|100/100|[from] Volt Switch\n|-ability|p2a: Altaria|Cloud Nine\n|\n|upkeep\n|turn|4\n|inactive|jellow69 has 30 seconds left.\n|inactive|Venusaur-Saurr has 30 seconds left.\n|\n|t:|1788356610\n|switch|p2b: Rotom|Rotom-Wash, L50|60/100\n|detailschange|p2a: Altaria|Altaria-Mega, L50, F\n|-mega|p2a: Altaria|Altaria|Altarianite\n|move|p1b: Staraptor|Close Combat|p2a: Altaria\n|-resisted|p2a: Altaria|1\n|-damage|p2a: Altaria|66/100\n|-boost|p1b: Staraptor|def|1\n|-boost|p1b: Staraptor|spd|1\n|move|p1a: Garchomp|Earthquake|p2b: Rotom|[spread] p2a\n|-immune|p1b: Staraptor\n|-immune|p2b: Rotom|[from] ability: Levitate\n|-damage|p2a: Altaria|28/100\n|move|p2a: Altaria|Dragon Dance|p2a: Altaria\n|-boost|p2a: Altaria|atk|1\n|-boost|p2a: Altaria|spe|1\n|\n|upkeep\n|turn|5\n|inactive|jellow69 has 30 seconds left.\n|inactive|Venusaur-Saurr has 30 seconds left.\n|\n|t:|1788356644\n|switch|p1b: Tinkaton|Tinkaton, L50, F|100/100\n|move|p2a: Altaria|Roost|p2a: Altaria\n|-heal|p2a: Altaria|78/100\n|-singleturn|p2a: Altaria|move: Roost\n|move|p1a: Garchomp|Rock Slide|p2b: Rotom|[spread] p2a,p2b\n|-damage|p2a: Altaria|55/100\n|-damage|p2b: Rotom|40/100\n|move|p2b: Rotom|Hydro Pump|p1a: Garchomp\n|-damage|p1a: Garchomp|54/100\n|\n|upkeep\n|turn|6\n|inactive|jellow69 has 30 seconds left.\n|inactive|Venusaur-Saurr has 30 seconds left.\n|inactive|Venusaur-Saurr has 20 seconds left.\n|\n|t:|1788356684\n|move|p1b: Tinkaton|Fake Out|p2a: Altaria\n|-damage|p2a: Altaria|45/100\n|cant|p2a: Altaria|flinch\n|move|p1a: Garchomp|Earthquake|p2a: Altaria|[spread] p1b,p2a\n|-immune|p2b: Rotom|[from] ability: Levitate\n|-supereffective|p1b: Tinkaton|1\n|-damage|p1b: Tinkaton|17/100\n|-damage|p2a: Altaria|7/100\n|move|p2b: Rotom|Hydro Pump|p1a: Garchomp\n|-crit|p1a: Garchomp\n|-damage|p1a: Garchomp|0 fnt\n|faint|p1a: Garchomp\n|\n|upkeep\n|\n|t:|1788356697\n|switch|p1a: Basculegion|Basculegion, L50, M|100/100\n|turn|7\n|inactive|jellow69 has 30 seconds left.\n|inactive|Venusaur-Saurr has 30 seconds left.\n|inactive|Venusaur-Saurr has 20 seconds left.\n|\n|t:|1788356736\n|move|p1b: Tinkaton|Feint|p2a: Altaria\n|-damage|p2a: Altaria|0 fnt\n|faint|p2a: Altaria\n|move|p1a: Basculegion|Last Respects|p2b: Rotom\n|-damage|p2b: Rotom|0 fnt\n|faint|p2b: Rotom\n|\n|upkeep\n|\n|t:|1788356743\n|switch|p2a: Aegislash|Aegislash, L50, F|100/100\n|switch|p2b: Meowscarada|Meowscarada, L50, F|100/100\n|turn|8\n|\n|t:|1788356760\n|move|p2b: Meowscarada|Flower Trick|p1a: Basculegion\n|-start|p2b: Meowscarada|typechange|Grass|[from] ability: Protean\n|-supereffective|p1a: Basculegion|1\n|-crit|p1a: Basculegion\n|-damage|p1a: Basculegion|0 fnt\n|faint|p1a: Basculegion\n|move|p1b: Tinkaton|Gigaton Hammer|p2b: Meowscarada\n|-damage|p2b: Meowscarada|0 fnt\n|faint|p2b: Meowscarada\n|-formechange|p2a: Aegislash|Aegislash-Blade|\n|move|p2a: Aegislash|Sacred Sword|p1b: Tinkaton\n|-damage|p1b: Tinkaton|0 fnt\n|faint|p1b: Tinkaton\n|\n|upkeep\n|\n|t:|1788356774\n|switch|p1b: Staraptor|Staraptor-Mega, L50, F|59/100\n|turn|9\n|\n|t:|1788356781\n|move|p1b: Staraptor|Brave Bird|p2a: Aegislash\n|-resisted|p2a: Aegislash|1\n|-damage|p2a: Aegislash|40/100\n|-damage|p1b: Staraptor|38/100|[from] Recoil\n|move|p2a: Aegislash|Poltergeist|p1b: Staraptor\n|-activate|p1b: Staraptor|move: Poltergeist|Staraptite\n|-damage|p1b: Staraptor|0 fnt\n|faint|p1b: Staraptor\n|\n|win|Venusaur-Saurr\n|raw|jellow69's rating: 1388 &rarr; <strong>1363</strong><br />(-25 for losing)\n|raw|Venusaur-Saurr's rating: 1304 &rarr; <strong>1329</strong><br />(+25 for winning)\n","uploadtime":1788356796,"views":"2","formatid":"gen9championsvgc2026regmb","rating":1329,"private":0,"password":null}