{"id":"gen9championsvgc2026regmbbo3-2674887950","format":"[Gen 9 Champions] VGC 2026 Reg M-B (Bo3)","players":["ethalem","fm.senior"],"log":"|j|☆ethalem\n|j|☆fm.senior\n|html|<table width=\"100%\"><tr><td align=\"left\">ethalem</td><td align=\"right\">fm.senior</tr><tr><td align=\"left\"><i class=\"fa fa-circle-o\"></i> <i class=\"fa fa-circle-o\"></i> </td><td align=\"right\"><i class=\"fa fa-circle-o\"></i> <i class=\"fa fa-circle-o\"></i> </tr></table>\n|uhtml|bestof|<h2><strong>Game 1</strong> of <a href=\"/game-bestof3-gen9championsvgc2026regmbbo3-2674887949\">a best-of-3</a></h2>\n|t:|1788429592\n|gametype|doubles\n|player|p1|ethalem|acetrainer-gen4dp|1174\n|player|p2|fm.senior|1|1176\n|gen|9\n|tier|[Gen 9 Champions] VGC 2026 Reg M-B (Bo3)\n|rated|\n|rule|Species Clause: Limit one of each Pokémon\n|rule|Item Clause: Limit 1 of each item\n|clearpoke\n|poke|p1|Dragonite, L50, F|\n|poke|p1|Sneasler, L50, M|\n|poke|p1|Basculegion, L50, M|\n|poke|p1|Kingambit, L50, M|\n|poke|p1|Garchomp, L50, F|\n|poke|p1|Floette-Eternal, L50, F|\n|poke|p2|Blastoise, L50, M|\n|poke|p2|Delphox, L50, M|\n|poke|p2|Sinistcha-Masterpiece, L50|\n|poke|p2|Sneasler, L50, F|\n|poke|p2|Kingambit, L50, M|\n|poke|p2|Incineroar, L50, M|\n|teampreview|4\n|showteam|p1|Dragonite||Dragoninite|Multiscale|DragonPulse,HeatWave,ExtremeSpeed,Protect|Modest||F|||50|]Sneasler||FocusSash|PoisonTouch|CloseCombat,DireClaw,FakeOut,Feint|Jolly||M|||50|]Basculegion||LifeOrb|Adaptability|WaveCrash,LastRespects,AquaJet,Protect|Adamant||M|||50|]Kingambit||ChopleBerry|Defiant|SuckerPunch,KowtowCleave,LowKick,IronHead|Adamant||M|||50|]Garchomp||ChoiceScarf|RoughSkin|DragonClaw,StompingTantrum,Earthquake,RockSlide|Adamant||F|||50|]Floette-Eternal||Floettite|FlowerVeil|Moonblast,DazzlingGleam,LightofRuin,Protect|Timid||F|||50|\n|showteam|p2|Blastoise||Blastoisinite|RainDish|WaterSpout,DarkPulse,ShellSmash,Protect|Modest||M|||50|]Delphox||Delphoxite|Blaze|HeatWave,Psychic,NastyPlot,Protect|Timid||M|||50|]Sinistcha-Masterpiece||ColburBerry|Hospitality|MatchaGotcha,RagePowder,TrickRoom,Protect|Bold|||||50|]Sneasler||FocusSash|PoisonTouch|FakeOut,PoisonJab,CloseCombat,QuickGuard|Jolly||F|||50|]Kingambit||LifeOrb|Defiant|KowtowCleave,SuckerPunch,SwordsDance,Protect|Adamant||M|||50|]Incineroar||SitrusBerry|Intimidate|FakeOut,FlareBlitz,ThroatChop,PartingShot|Careful||M|||50|\n|inactive|Battle timer is ON: inactive players will automatically lose when time's up. (requested by ethalem)\n|inactive|fm.senior has 60 seconds left.\n|\n|t:|1788429652\n|teamsize|p1|4\n|teamsize|p2|4\n|start\n|switch|p1a: Floette|Floette-Eternal, L50, F|100/100\n|switch|p1b: Kingambit|Kingambit, L50, M|100/100\n|switch|p2a: Sneasler|Sneasler, L50, F|100/100\n|switch|p2b: Kingambit|Kingambit, L50, M|100/100\n|turn|1\n|inactive|ethalem has 30 seconds left.\n|\n|t:|1788429678\n|switch|p2b: Delphox|Delphox, L50, M|100/100\n|detailschange|p1a: Floette|Floette-Mega, L50, F\n|-mega|p1a: Floette|Floette|Floettite\n|-ability|p1a: Floette|Fairy Aura\n|move|p2a: Sneasler|Close Combat|p1b: Kingambit\n|-supereffective|p1b: Kingambit|2\n|-enditem|p1b: Kingambit|Chople Berry|[eat]\n|-enditem|p1b: Kingambit|Chople Berry|[weaken]\n|-damage|p1b: Kingambit|0 fnt\n|-unboost|p2a: Sneasler|def|1\n|-unboost|p2a: Sneasler|spd|1\n|faint|p1b: Kingambit\n|move|p1a: Floette|Light of Ruin|p2b: Delphox\n|-resisted|p2b: Delphox|1\n|-damage|p2b: Delphox|37/100\n|-damage|p1a: Floette|67/100|[from] Recoil\n|\n|upkeep\n|\n|t:|1788429695\n|switch|p1b: Basculegion|Basculegion, L50, M|100/100\n|turn|2\n|inactive|fm.senior has 30 seconds left.\n|inactive|fm.senior has 20 seconds left.\n|inactive|fm.senior has 15 seconds left.\n|inactive|fm.senior has 10 seconds left.\n|inactive|fm.senior has 5 seconds left.\n|\n|t:|1788429746\n|switch|p2b: Sinistcha|Sinistcha-Masterpiece, L50|100/100\n|move|p1b: Basculegion|Aqua Jet|p2a: Sneasler\n|-damage|p2a: Sneasler|12/100\n|-damage|p1b: Basculegion|90/100|[from] item: Life Orb\n|move|p2a: Sneasler|Poison Jab|p1a: Floette\n|-supereffective|p1a: Floette|1\n|-damage|p1a: Floette|0 fnt\n|faint|p1a: Floette\n|\n|upkeep\n|\n|t:|1788429756\n|switch|p1a: Sneasler|Sneasler, L50, M|100/100\n|turn|3\n|\n|t:|1788429774\n|switch|p2b: Kingambit|Kingambit, L50, M|100/100\n|move|p1a: Sneasler|Fake Out|p2a: Sneasler\n|-damage|p2a: Sneasler|0 fnt\n|faint|p2a: Sneasler\n|move|p1b: Basculegion|Last Respects|p2b: Kingambit\n|-resisted|p2b: Kingambit|1\n|-damage|p2b: Kingambit|57/100\n|-damage|p1b: Basculegion|80/100|[from] item: Life Orb\n|\n|upkeep\n|\n|t:|1788429786\n|switch|p2a: Sinistcha|Sinistcha-Masterpiece, L50|100/100\n|-heal|p2b: Kingambit|82/100|[from] ability: Hospitality|[of] p2a: Sinistcha\n|turn|4\n|\n|t:|1788429795\n|move|p1b: Basculegion|Protect|p1b: Basculegion\n|-singleturn|p1b: Basculegion|Protect\n|move|p2a: Sinistcha|Rage Powder|p2a: Sinistcha\n|-singleturn|p2a: Sinistcha|move: Rage Powder\n|move|p2b: Kingambit|Sucker Punch||[still]\n|-fail|p2b: Kingambit\n|move|p1a: Sneasler|Dire Claw|p2a: Sinistcha\n|-damage|p2a: Sinistcha|69/100\n|-status|p2a: Sinistcha|par\n|\n|upkeep\n|turn|5\n|\n|t:|1788429814\n|move|p2a: Sinistcha|Rage Powder|p2a: Sinistcha\n|-singleturn|p2a: Sinistcha|move: Rage Powder\n|move|p1a: Sneasler|Close Combat|p2a: Sinistcha\n|-immune|p2a: Sinistcha\n|move|p1b: Basculegion|Last Respects|p2a: Sinistcha\n|-supereffective|p2a: Sinistcha|1\n|-damage|p2a: Sinistcha|0 fnt\n|faint|p2a: Sinistcha\n|-damage|p1b: Basculegion|71/100|[from] item: Life Orb\n|move|p2b: Kingambit|Kowtow Cleave|p1b: Basculegion\n|-supereffective|p1b: Basculegion|1\n|-damage|p1b: Basculegion|0 fnt\n|faint|p1b: Basculegion\n|-damage|p2b: Kingambit|72/100|[from] item: Life Orb\n|\n|upkeep\n|\n|t:|1788429821\n|switch|p2a: Delphox|Delphox, L50, M|37/100\n|turn|6\n|\n|t:|1788429838\n|detailschange|p2a: Delphox|Delphox-Mega, L50, M\n|-mega|p2a: Delphox|Delphox|Delphoxite\n|move|p2a: Delphox|Psychic|p1a: Sneasler\n|-supereffective|p1a: Sneasler|2\n|-enditem|p1a: Sneasler|Focus Sash\n|-damage|p1a: Sneasler|1/100\n|move|p1a: Sneasler|Dire Claw|p2a: Delphox\n|-crit|p2a: Delphox\n|-damage|p2a: Delphox|0 fnt\n|faint|p2a: Delphox\n|move|p2b: Kingambit|Kowtow Cleave|p1a: Sneasler\n|-resisted|p1a: Sneasler|1\n|-damage|p1a: Sneasler|0 fnt\n|faint|p1a: Sneasler\n|-damage|p2b: Kingambit|62/100|[from] item: Life Orb\n|\n|win|fm.senior\n","uploadtime":1788429842,"views":"4","formatid":"gen9championsvgc2026regmbbo3","rating":null,"private":0,"password":null}