{"id":"gen9championsvgc2026regmbbo3-2673383388","format":"[Gen 9 Champions] VGC 2026 Reg M-B (Bo3)","players":["Master M-rada","Jorge Saltamontes"],"log":"|j|☆Master M-rada\n|j|☆Jorge Saltamontes\n|html|<table width=\"100%\"><tr><td align=\"left\">Master M-rada</td><td align=\"right\">Jorge Saltamontes</tr><tr><td align=\"left\"><i class=\"fa fa-circle-o\"></i> <i class=\"fa fa-circle-o\"></i> </td><td align=\"right\"><i class=\"fa fa-circle-o\"></i> <i class=\"fa fa-circle-o\"></i> </tr></table>\n|uhtml|bestof|<h2><strong>Game 1</strong> of <a href=\"/game-bestof3-gen9championsvgc2026regmbbo3-2673383387\">a best-of-3</a></h2>\n|t:|1788191081\n|gametype|doubles\n|player|p1|Master M-rada|miku-ice|1294\n|player|p2|Jorge Saltamontes|marshal|1420\n|gen|9\n|tier|[Gen 9 Champions] VGC 2026 Reg M-B (Bo3)\n|rated|\n|rule|Species Clause: Limit one of each Pokémon\n|rule|Item Clause: Limit 1 of each item\n|clearpoke\n|poke|p1|Gengar, L50, F, shiny|\n|poke|p1|Snorlax, L50, F|\n|poke|p1|Incineroar, L50, F|\n|poke|p1|Scrafty, L50, M, shiny|\n|poke|p1|Dragonite, L50, M|\n|poke|p1|Altaria, L50, M, shiny|\n|poke|p2|Charizard, L50, F|\n|poke|p2|Kingambit, L50, F|\n|poke|p2|Sylveon, L50, F|\n|poke|p2|Garchomp, L50, M|\n|poke|p2|Aerodactyl, L50, F|\n|poke|p2|Farigiraf, L50, M|\n|teampreview|4\n|showteam|p1|Gengar||Gengarite|CursedBody|PerishSong,ShadowBall,SludgeBomb,Protect|Modest||F|||50|]Snorlax||Leftovers|ThickFat|Yawn,Encore,Fissure,Protect|Relaxed||F|||50|]Incineroar||SitrusBerry|Intimidate|FlareBlitz,PartingShot,FakeOut,Protect|Relaxed||F|||50|]Scrafty||FocusSash|Intimidate|CloseCombat,KnockOff,FakeOut,Protect|Impish||M|||50|]Dragonite||LifeOrb|InnerFocus|DragonClaw,LowKick,ExtremeSpeed,Protect|Adamant||M|||50|]Altaria||HabanBerry|CloudNine|FireSpin,Roost,PerishSong,Protect|Calm||M|||50|\n|showteam|p2|Charizard||CharizarditeY|SolarPower|WeatherBall,HeatWave,SolarBeam,Protect|Modest||F|||50|]Kingambit||FocusSash|Defiant|IronHead,SuckerPunch,KowtowCleave,LowKick|Adamant||F|||50|]Sylveon||FairyFeather|Pixilate|Protect,HyperVoice,HyperBeam,QuickAttack|Modest||F|||50|]Garchomp||LifeOrb|RoughSkin|Protect,DragonClaw,Earthquake,RockTomb|Jolly||M|||50|]Aerodactyl||Aerodactylite|Unnerve|IceFang,RockSlide,Tailwind,DualWingbeat|Jolly||F|||50|]Farigiraf||SitrusBerry|ArmorTail|TrickRoom,Psychic,Thunderbolt,Protect|Bold||M|||50|\n|inactive|Battle timer is ON: inactive players will automatically lose when time's up. (requested by Master M-rada)\n|inactive|Master M-rada has 60 seconds left.\n|inactive|Jorge Saltamontes has 60 seconds left.\n|\n|t:|1788191132\n|teamsize|p1|4\n|teamsize|p2|4\n|start\n|switch|p1a: Gengar|Gengar, L50, F, shiny|100/100\n|switch|p1b: Dragonite|Dragonite, L50, M|100/100\n|switch|p2a: Kingambit|Kingambit, L50, F|100/100\n|switch|p2b: Sylveon|Sylveon, L50, F|100/100\n|turn|1\n|\n|t:|1788191151\n|detailschange|p1a: Gengar|Gengar-Mega, L50, F, shiny\n|-mega|p1a: Gengar|Gengar|Gengarite\n|move|p2a: Kingambit|Sucker Punch|p1a: Gengar\n|-supereffective|p1a: Gengar|1\n|-damage|p1a: Gengar|7/100\n|move|p1a: Gengar|Shadow Ball|p2a: Kingambit\n|-resisted|p2a: Kingambit|1\n|-damage|p2a: Kingambit|74/100\n|-unboost|p2a: Kingambit|spd|1\n|-ability|p2a: Kingambit|Defiant|boost\n|-boost|p2a: Kingambit|atk|2\n|move|p1b: Dragonite|Low Kick|p2a: Kingambit\n|-supereffective|p2a: Kingambit|2\n|-damage|p2a: Kingambit|0 fnt\n|faint|p2a: Kingambit\n|-damage|p1b: Dragonite|90/100|[from] item: Life Orb\n|move|p2b: Sylveon|Hyper Voice|p1b: Dragonite|[spread] p1a,p1b\n|-resisted|p1a: Gengar|1\n|-supereffective|p1b: Dragonite|1\n|-damage|p1a: Gengar|0 fnt\n|-damage|p1b: Dragonite|10/100\n|faint|p1a: Gengar\n|\n|upkeep\n|\n|t:|1788191172\n|switch|p1a: Snorlax|Snorlax, L50, F|100/100\n|switch|p2a: Garchomp|Garchomp, L50, M|100/100\n|turn|2\n|\n|t:|1788191183\n|move|p1b: Dragonite|Extreme Speed|p2b: Sylveon\n|-damage|p2b: Sylveon|56/100\n|-damage|p1b: Dragonite|1/100|[from] item: Life Orb\n|move|p2a: Garchomp|Dragon Claw|p1a: Snorlax\n|-damage|p1a: Snorlax|62/100\n|-damage|p2a: Garchomp|90/100|[from] item: Life Orb\n|move|p2b: Sylveon|Hyper Voice|p1a: Snorlax|[spread] p1a,p1b\n|-supereffective|p1b: Dragonite|1\n|-damage|p1a: Snorlax|35/100\n|-damage|p1b: Dragonite|0 fnt\n|faint|p1b: Dragonite\n|move|p1a: Snorlax|Fissure|p2a: Garchomp|[miss]\n|-miss|p1a: Snorlax|p2a: Garchomp\n|\n|-heal|p1a: Snorlax|41/100|[from] item: Leftovers\n|upkeep\n|\n|t:|1788191197\n|switch|p1b: Incineroar|Incineroar, L50, F|100/100\n|-ability|p1b: Incineroar|Intimidate|boost\n|-unboost|p2a: Garchomp|atk|1\n|-unboost|p2b: Sylveon|atk|1\n|turn|3\n|\n|t:|1788191210\n|switch|p2a: Farigiraf|Farigiraf, L50, M|100/100\n|move|p1b: Incineroar|Fake Out||[still]\n|cant|p2a: Farigiraf|ability: Armor Tail|Fake Out|[of] p1b: Incineroar\n|move|p2b: Sylveon|Hyper Voice|p1a: Snorlax|[spread] p1a,p1b\n|-damage|p1a: Snorlax|15/100\n|-damage|p1b: Incineroar|57/100\n|move|p1a: Snorlax|Fissure|p2a: Farigiraf|[miss]\n|-miss|p1a: Snorlax|p2a: Farigiraf\n|\n|-heal|p1a: Snorlax|21/100|[from] item: Leftovers\n|upkeep\n|turn|4\n|\n|t:|1788191225\n|move|p1a: Snorlax|Protect|p1a: Snorlax\n|-singleturn|p1a: Snorlax|Protect\n|move|p2b: Sylveon|Hyper Voice|p1b: Incineroar|[spread] p1b\n|-activate|p1a: Snorlax|move: Protect\n|-damage|p1b: Incineroar|17/100\n|-enditem|p1b: Incineroar|Sitrus Berry|[eat]\n|-heal|p1b: Incineroar|42/100|[from] item: Sitrus Berry\n|move|p2a: Farigiraf|Thunderbolt|p1b: Incineroar\n|-damage|p1b: Incineroar|20/100y\n|move|p1b: Incineroar|Flare Blitz|p2b: Sylveon\n|-damage|p2b: Sylveon|7/100\n|-damage|p1b: Incineroar|6/100|[from] Recoil\n|\n|-heal|p1a: Snorlax|28/100|[from] item: Leftovers\n|upkeep\n|turn|5\n|\n|t:|1788191242\n|move|p2b: Sylveon|Hyper Voice|p1a: Snorlax|[spread] p1a,p1b\n|-damage|p1a: Snorlax|1/100\n|-damage|p1b: Incineroar|0 fnt\n|faint|p1b: Incineroar\n|move|p2a: Farigiraf|Psychic|p1a: Snorlax\n|-damage|p1a: Snorlax|0 fnt\n|faint|p1a: Snorlax\n|\n|win|Jorge Saltamontes\n||Master M-rada is ready for game 2.\n||Jorge Saltamontes is ready for game 2.\n|uhtml|next|Next: <a href=\"/battle-gen9championsvgc2026regmbbo3-2673384656\"><strong>Game 2 of 3</strong></a>\n","uploadtime":1788191083,"views":"1","formatid":"gen9championsvgc2026regmbbo3","rating":null,"private":0,"password":null}