{"id":"gen9championsvgc2026regmb-2673852349","format":"[Gen 9 Champions] VGC 2026 Reg M-B","players":["Thornlace48812","Pogego"],"log":"|j|☆Thornlace48812\n|j|☆Pogego\n|t:|1788268612\n|gametype|doubles\n|player|p1|Thornlace48812|102|1105\n|player|p2|Pogego|169|1170\n|gen|9\n|tier|[Gen 9 Champions] VGC 2026 Reg M-B\n|rated|\n|rule|Species Clause: Limit one of each Pokémon\n|rule|Item Clause: Limit 1 of each item\n|clearpoke\n|poke|p1|Garchomp, L50, F|\n|poke|p1|Charizard, L50, M|\n|poke|p1|Whimsicott, L50, F|\n|poke|p1|Sylveon, L50, M|\n|poke|p1|Kingambit, L50, M|\n|poke|p1|Basculegion, L50, M|\n|poke|p2|Charizard, L50, M|\n|poke|p2|Incineroar, L50, F|\n|poke|p2|Venusaur, L50, M|\n|poke|p2|Garchomp, L50, F|\n|poke|p2|Whimsicott, L50, F|\n|poke|p2|Kingambit, L50, M|\n|teampreview|4\n|inactive|Battle timer is ON: inactive players will automatically lose when time's up. (requested by Thornlace48812)\nThornlace48812 rejected open team sheets.\n|inactive|Pogego also wants the timer to be on.\n|inactive|Pogego has 60 seconds left.\n|\n|t:|1788268661\n|teamsize|p1|4\n|teamsize|p2|4\n|start\n|switch|p1a: Charizard|Charizard, L50, M|100/100\n|switch|p1b: Sylveon|Sylveon, L50, M|100/100\n|switch|p2a: Whimsicott|Whimsicott, L50, F|100/100\n|switch|p2b: Charizard|Charizard, L50, M|100/100\n|turn|1\n|\n|t:|1788268671\n|detailschange|p1a: Charizard|Charizard-Mega-Y, L50, M\n|-mega|p1a: Charizard|Charizard|Charizardite Y\n|-weather|SunnyDay|[from] ability: Drought|[of] p1a: Charizard\n|move|p2b: Charizard|Protect|p2b: Charizard\n|-singleturn|p2b: Charizard|Protect\n|move|p2a: Whimsicott|Tailwind|p2a: Whimsicott\n|-sidestart|p2: Pogego|move: Tailwind\n|move|p1a: Charizard|Heat Wave|p2a: Whimsicott|[spread] \n|-activate|p2b: Charizard|move: Protect\n|-miss|p1a: Charizard|p2a: Whimsicott\n|move|p1b: Sylveon|Hyper Voice|p2a: Whimsicott|[spread] p2a\n|-activate|p2b: Charizard|move: Protect\n|-damage|p2a: Whimsicott|16/100\n|\n|-weather|SunnyDay|[upkeep]\n|-damage|p2b: Charizard|87/100|[from] ability: Solar Power|[of] p2b: Charizard\n|upkeep\n|turn|2\n|\n|t:|1788268686\n|detailschange|p2b: Charizard|Charizard-Mega-Y, L50, M\n|-mega|p2b: Charizard|Charizard|Charizardite Y\n|move|p1b: Sylveon|Detect|p1b: Sylveon\n|-singleturn|p1b: Sylveon|Protect\n|move|p2a: Whimsicott|Moonblast|p1b: Sylveon\n|-activate|p1b: Sylveon|move: Protect\n|move|p2b: Charizard|Ancient Power|p1a: Charizard\n|-supereffective|p1a: Charizard|2\n|-damage|p1a: Charizard|1/100\n|move|p1a: Charizard|Heat Wave|p2a: Whimsicott|[spread] \n|-miss|p1a: Charizard|p2a: Whimsicott\n|-miss|p1a: Charizard|p2b: Charizard\n|\n|-weather|SunnyDay|[upkeep]\n|upkeep\n|turn|3\n|\n|t:|1788268701\n|move|p1a: Charizard|Protect|p1a: Charizard\n|-singleturn|p1a: Charizard|Protect\n|move|p2a: Whimsicott|Encore|p1b: Sylveon\n|-start|p1b: Sylveon|Encore\n|move|p1b: Sylveon|Detect|p1b: Sylveon\n|-singleturn|p1b: Sylveon|Protect\n|move|p2b: Charizard|Heat Wave|p1b: Sylveon|[spread] \n|-activate|p1a: Charizard|move: Protect\n|-activate|p1b: Sylveon|move: Protect\n|\n|-weather|SunnyDay|[upkeep]\n|upkeep\n|turn|4\n|\n|t:|1788268708\n|move|p1b: Sylveon|Detect||[still]\n|-fail|p1b: Sylveon\n|move|p2a: Whimsicott|Encore|p1a: Charizard\n|-start|p1a: Charizard|Encore\n|move|p1a: Charizard|Protect||[still]\n|-fail|p1a: Charizard\n|move|p2b: Charizard|Heat Wave|p1a: Charizard|[spread] p1a,p1b\n|-resisted|p1a: Charizard|1\n|-damage|p1a: Charizard|0 fnt\n|-damage|p1b: Sylveon|54/100\n|faint|p1a: Charizard\n|\n|-weather|SunnyDay|[upkeep]\n|-sideend|p2: Pogego|move: Tailwind\n|upkeep\n|\n|t:|1788268709\n|switch|p1a: Garchomp|Garchomp, L50, F|100/100\n|turn|5\n|\n|t:|1788268723\n|move|p1b: Sylveon|Detect|p1b: Sylveon\n|-singleturn|p1b: Sylveon|Protect\n|move|p1a: Garchomp|Rock Slide|p2b: Charizard|[spread] p2b\n|-miss|p1a: Garchomp|p2a: Whimsicott\n|-supereffective|p2b: Charizard|2\n|-damage|p2b: Charizard|0 fnt\n|faint|p2b: Charizard\n|-damage|p1a: Garchomp|90/100|[from] item: Life Orb\n|move|p2a: Whimsicott|Moonblast|p1a: Garchomp\n|-supereffective|p1a: Garchomp|1\n|-damage|p1a: Garchomp|2/100\n|\n|-weather|none\n|-end|p1b: Sylveon|Encore\n|upkeep\n|\n|t:|1788268730\n|switch|p2b: Kingambit|Kingambit, L50, M|100/100\n|turn|6\n|\n|t:|1788268741\n|move|p2a: Whimsicott|Protect|p2a: Whimsicott\n|-singleturn|p2a: Whimsicott|Protect\n|move|p1a: Garchomp|Rock Slide|p2b: Kingambit|[spread] p2b\n|-activate|p2a: Whimsicott|move: Protect\n|-resisted|p2b: Kingambit|1\n|-damage|p2b: Kingambit|90/100\n|-damage|p1a: Garchomp|0 fnt|[from] item: Life Orb\n|faint|p1a: Garchomp\n|move|p1b: Sylveon|Hyper Voice|p2b: Kingambit|[spread] p2b\n|-activate|p2a: Whimsicott|move: Protect\n|-damage|p2b: Kingambit|47/100\n|move|p2b: Kingambit|Iron Head|p1b: Sylveon\n|-supereffective|p1b: Sylveon|1\n|-damage|p1b: Sylveon|0 fnt\n|faint|p1b: Sylveon\n|\n|upkeep\n|\n|t:|1788268742\n|switch|p1b: Basculegion|Basculegion, L50, M|100/100\n|turn|7\n|\n|t:|1788268761\n|move|p2a: Whimsicott|Tailwind|p2a: Whimsicott\n|-sidestart|p2: Pogego|move: Tailwind\n|move|p2b: Kingambit|Sucker Punch|p1b: Basculegion\n|-supereffective|p1b: Basculegion|1\n|-damage|p1b: Basculegion|6/100\n|move|p1b: Basculegion|Last Respects|p2a: Whimsicott\n|-damage|p2a: Whimsicott|0 fnt\n|faint|p2a: Whimsicott\n|\n|upkeep\n|\n|t:|1788268765\n|switch|p2a: Garchomp|Garchomp, L50, F|100/100\n|turn|8\n|\n|t:|1788268774\n|move|p1b: Basculegion|Protect|p1b: Basculegion\n|-singleturn|p1b: Basculegion|Protect\n|move|p2a: Garchomp|Swords Dance|p2a: Garchomp\n|-boost|p2a: Garchomp|atk|2\n|move|p2b: Kingambit|Iron Head|p1b: Basculegion\n|-activate|p1b: Basculegion|move: Protect\n|\n|upkeep\n|turn|9\n|\n|t:|1788268781\n|move|p2b: Kingambit|Sucker Punch|p1b: Basculegion\n|-supereffective|p1b: Basculegion|1\n|-damage|p1b: Basculegion|0 fnt\n|faint|p1b: Basculegion\n|\n|win|Pogego\n|raw|Thornlace48812's rating: 1138 &rarr; <strong>1115</strong><br />(-23 for losing)\n|raw|Pogego's rating: 1170 &rarr; <strong>1193</strong><br />(+23 for winning)\n","uploadtime":1788268781,"views":"2","formatid":"gen9championsvgc2026regmb","rating":1115,"private":0,"password":null}