{"id":"gen9championsvgc2026regmb-2674904834","format":"[Gen 9 Champions] VGC 2026 Reg M-B","players":["Thornlace48812","mikoksor"],"log":"|j|☆Thornlace48812\n|j|☆mikoksor\n|t:|1788433213\n|gametype|doubles\n|player|p1|Thornlace48812|102|1371\n|player|p2|mikoksor|102|1273\n|gen|9\n|tier|[Gen 9 Champions] VGC 2026 Reg M-B\n|rated|\n|rule|Species Clause: Limit one of each Pokémon\n|rule|Item Clause: Limit 1 of each item\n|clearpoke\n|poke|p1|Garchomp, L50, F|\n|poke|p1|Charizard, L50, M|\n|poke|p1|Whimsicott, L50, M|\n|poke|p1|Sylveon, L50, M|\n|poke|p1|Kingambit, L50, M|\n|poke|p1|Basculegion, L50, M|\n|poke|p2|Heracross, L50, M|\n|poke|p2|Whimsicott, L50, M|\n|poke|p2|Farigiraf, L50, F|\n|poke|p2|Milotic, L50, M|\n|poke|p2|Metagross, L50|\n|poke|p2|Arcanine-Hisui, L50, M|\n|teampreview|4\n|inactive|Battle timer is ON: inactive players will automatically lose when time's up. (requested by Thornlace48812)\nThornlace48812 rejected open team sheets.\n|\n|t:|1788433229\n|teamsize|p1|4\n|teamsize|p2|4\n|start\n|switch|p1a: Charizard|Charizard, L50, M|100/100\n|switch|p1b: Garchomp|Garchomp, L50, F|100/100\n|switch|p2a: Heracross|Heracross, L50, M|100/100\n|switch|p2b: Whimsicott|Whimsicott, L50, M|100/100\n|turn|1\n|\n|t:|1788433234\n|detailschange|p1a: Charizard|Charizard-Mega-Y, L50, M\n|-mega|p1a: Charizard|Charizard|Charizardite Y\n|-weather|SunnyDay|[from] ability: Drought|[of] p1a: Charizard\n|detailschange|p2a: Heracross|Heracross-Mega, L50, M\n|-mega|p2a: Heracross|Heracross|Heracronite\n|move|p2b: Whimsicott|Tailwind|p2b: Whimsicott\n|-sidestart|p2: mikoksor|move: Tailwind\n|move|p2a: Heracross|Rock Blast|p1a: Charizard\n|-supereffective|p1a: Charizard|2\n|-damage|p1a: Charizard|36/100\n|-supereffective|p1a: Charizard|2\n|-damage|p1a: Charizard|0 fnt\n|faint|p1a: Charizard\n|-hitcount|p1: Charizard|2\n|move|p1b: Garchomp|Earthquake|p2b: Whimsicott|[spread] p2a,p2b\n|-resisted|p2a: Heracross|1\n|-crit|p2a: Heracross\n|-resisted|p2b: Whimsicott|1\n|-damage|p2a: Heracross|68/100\n|-damage|p2b: Whimsicott|76/100\n|-damage|p1b: Garchomp|90/100|[from] item: Life Orb\n|\n|-weather|SunnyDay|[upkeep]\n|upkeep\n|\n|t:|1788433234\n|switch|p1a: Whimsicott|Whimsicott, L50, M|100/100\n|turn|2\n|\n|t:|1788433246\n|move|p1a: Whimsicott|Protect|p1a: Whimsicott\n|-singleturn|p1a: Whimsicott|Protect\n|move|p2b: Whimsicott|Encore|p1b: Garchomp\n|-start|p1b: Garchomp|Encore\n|move|p2a: Heracross|Pin Missile|p1a: Whimsicott\n|-activate|p1a: Whimsicott|move: Protect\n|move|p1b: Garchomp|Earthquake|p2b: Whimsicott|[spread] p2a,p2b\n|-activate|p1a: Whimsicott|move: Protect\n|-resisted|p2a: Heracross|1\n|-resisted|p2b: Whimsicott|1\n|-damage|p2a: Heracross|48/100\n|-damage|p2b: Whimsicott|50/100g\n|-damage|p1b: Garchomp|80/100|[from] item: Life Orb\n|\n|-weather|SunnyDay|[upkeep]\n|upkeep\n|turn|3\n|\n|t:|1788433254\n|move|p1a: Whimsicott|Tailwind|p1a: Whimsicott\n|-sidestart|p1: Thornlace48812|move: Tailwind\n|move|p1b: Garchomp|Earthquake|p2a: Heracross|[spread] p1a,p2a,p2b\n|-resisted|p1a: Whimsicott|1\n|-resisted|p2a: Heracross|1\n|-resisted|p2b: Whimsicott|1\n|-damage|p1a: Whimsicott|59/100\n|-damage|p2a: Heracross|28/100\n|-damage|p2b: Whimsicott|27/100\n|-damage|p1b: Garchomp|70/100|[from] item: Life Orb\n|move|p2b: Whimsicott|Moonblast|p1b: Garchomp\n|-supereffective|p1b: Garchomp|1\n|-damage|p1b: Garchomp|0 fnt\n|faint|p1b: Garchomp\n|move|p2a: Heracross|Pin Missile|p1a: Whimsicott\n|-crit|p1a: Whimsicott\n|-damage|p1a: Whimsicott|18/100\n|-damage|p1a: Whimsicott|0 fnt\n|faint|p1a: Whimsicott\n|-hitcount|p1: Whimsicott|2\n|\n|-weather|SunnyDay|[upkeep]\n|upkeep\n|\n|t:|1788433254\n|switch|p1b: Basculegion|Basculegion, L50, M|100/100\n|turn|4\n|\n|t:|1788433262\n|move|p2b: Whimsicott|Protect|p2b: Whimsicott\n|-singleturn|p2b: Whimsicott|Protect\n|move|p2a: Heracross|Protect|p2a: Heracross\n|-singleturn|p2a: Heracross|Protect\n|move|p1b: Basculegion|Last Respects|p2a: Heracross\n|-activate|p2a: Heracross|move: Protect\n|\n|-weather|SunnyDay|[upkeep]\n|-sideend|p2: mikoksor|move: Tailwind\n|upkeep\n|turn|5\n|\n|t:|1788433270\n|move|p2b: Whimsicott|Tailwind|p2b: Whimsicott\n|-sidestart|p2: mikoksor|move: Tailwind\n|move|p1b: Basculegion|Last Respects|p2b: Whimsicott\n|-damage|p2b: Whimsicott|0 fnt\n|faint|p2b: Whimsicott\n|move|p2a: Heracross|Rock Blast|p1b: Basculegion\n|-damage|p1b: Basculegion|87/100\n|-damage|p1b: Basculegion|74/100\n|-crit|p1b: Basculegion\n|-damage|p1b: Basculegion|55/100\n|-damage|p1b: Basculegion|41/100\n|-damage|p1b: Basculegion|27/100\n|-hitcount|p1b: Basculegion|5\n|\n|-weather|none\n|upkeep\n|\n|t:|1788433278\n|switch|p2b: Milotic|Milotic, L50, M|100/100\n|turn|6\n|\n|t:|1788433280\n|move|p1b: Basculegion|Last Respects|p2a: Heracross\n|-damage|p2a: Heracross|0 fnt\n|faint|p2a: Heracross\n|move|p2b: Milotic|Scald|p1b: Basculegion\n|-resisted|p1b: Basculegion|1\n|-crit|p1b: Basculegion\n|-damage|p1b: Basculegion|0 fnt\n|faint|p1b: Basculegion\n|\n|win|mikoksor\n|raw|Thornlace48812's rating: 1343 &rarr; <strong>1319</strong><br />(-24 for losing)\n|raw|mikoksor's rating: 1273 &rarr; <strong>1303</strong><br />(+30 for winning)\n","uploadtime":1788433281,"views":"0","formatid":"gen9championsvgc2026regmb","rating":1303,"private":0,"password":null}