{"id":"gen9championsvgc2026regmb-2674770485","format":"[Gen 9 Champions] VGC 2026 Reg M-B","players":["Sparkles1755","Kwiper"],"log":"|j|☆Sparkles1755\n|j|☆Kwiper\n|t:|1788403565\n|gametype|doubles\n|player|p1|Sparkles1755|veteran|1540\n|player|p2|Kwiper|sycamore|1606\n|gen|9\n|tier|[Gen 9 Champions] VGC 2026 Reg M-B\n|rated|\n|rule|Species Clause: Limit one of each Pokémon\n|rule|Item Clause: Limit 1 of each item\n|clearpoke\n|poke|p1|Charizard, L50, F|\n|poke|p1|Floette-Eternal, L50, F|\n|poke|p1|Zoroark-Hisui, L50, F|\n|poke|p1|Kingambit, L50, F|\n|poke|p1|Sneasler, L50, F|\n|poke|p1|Farigiraf, L50, M|\n|poke|p2|Tyranitar, L50, F|\n|poke|p2|Excadrill, L50, M|\n|poke|p2|Milotic, L50, F|\n|poke|p2|Gholdengo, L50|\n|poke|p2|Sinistcha, L50|\n|poke|p2|Staraptor, L50, M|\n|teampreview|4\n|inactive|Battle timer is ON: inactive players will automatically lose when time's up. (requested by Kwiper)\n|inactive|Sparkles1755 also wants the timer to be on.\n|inactive|Sparkles1755 has 60 seconds left.\n|inactive|Kwiper has 60 seconds left.\n|\n|t:|1788403620\n|teamsize|p1|4\n|teamsize|p2|4\n|start\n|switch|p1a: Floette|Floette-Eternal, L50, F|100/100\n|switch|p1b: Farigiraf|Farigiraf, L50, M|100/100\n|switch|p2a: Tyranitar|Tyranitar, L50, F|100/100\n|switch|p2b: Excadrill|Excadrill, L50, M|100/100\n|-weather|Sandstorm|[from] ability: Sand Stream|[of] p2a: Tyranitar\n|turn|1\n|\n|t:|1788403634\n|move|p1a: Floette|Protect|p1a: Floette\n|-singleturn|p1a: Floette|Protect\n|move|p2b: Excadrill|Iron Head|p1b: Farigiraf\n|-damage|p1b: Farigiraf|15/100\n|replace|p1b: Zoroark|Zoroark-Hisui, L50, F\n|-end|p1b: Zoroark|Illusion\n|move|p1b: Zoroark|Icy Wind|p2a: Tyranitar|[spread] p2a,p2b\n|-crit|p2b: Excadrill\n|-damage|p2a: Tyranitar|91/100\n|-damage|p2b: Excadrill|68/100\n|-unboost|p2a: Tyranitar|spe|1\n|-unboost|p2b: Excadrill|spe|1\n|move|p2a: Tyranitar|Knock Off|p1b: Zoroark\n|-supereffective|p1b: Zoroark|1\n|-damage|p1b: Zoroark|0 fnt\n|-enditem|p1b: Zoroark|Focus Sash|[from] move: Knock Off|[of] p2a: Tyranitar\n|faint|p1b: Zoroark\n|\n|-weather|Sandstorm|[upkeep]\n|-damage|p1a: Floette|94/100|[from] Sandstorm\n|upkeep\n|\n|t:|1788403648\n|switch|p1b: Farigiraf|Farigiraf, L50, M|100/100\n|turn|2\n|\n|t:|1788403660\n|switch|p2b: Gholdengo|Gholdengo, L50|100/100\n|switch|p1a: Kingambit|Kingambit, L50, F|100/100\n|move|p2a: Tyranitar|Protect|p2a: Tyranitar\n|-singleturn|p2a: Tyranitar|Protect\n|move|p1b: Farigiraf|Trick Room|p1b: Farigiraf\n|-fieldstart|move: Trick Room|[of] p1b: Farigiraf\n|\n|-weather|Sandstorm|[upkeep]\n|-damage|p1b: Farigiraf|93/100|[from] Sandstorm\n|upkeep\n|turn|3\n|\n|t:|1788403676\n|switch|p1b: Floette|Floette-Eternal, L50, F|94/100\n|switch|p2a: Excadrill|Excadrill, L50, M|68/100\n|move|p2b: Gholdengo|Protect|p2b: Gholdengo\n|-singleturn|p2b: Gholdengo|Protect\n|move|p1a: Kingambit|Kowtow Cleave|p2b: Gholdengo\n|-activate|p2b: Gholdengo|move: Protect\n|\n|-weather|Sandstorm|[upkeep]\n|-damage|p1b: Floette|88/100|[from] Sandstorm\n|upkeep\n|turn|4\n|\n|t:|1788403687\n|switch|p2b: Tyranitar|Tyranitar, L50, F|91/100\n|switch|p1b: Farigiraf|Farigiraf, L50, M|93/100\n|move|p1a: Kingambit|Kowtow Cleave|p2a: Excadrill\n|-damage|p2a: Excadrill|0 fnt\n|faint|p2a: Excadrill\n|-damage|p1a: Kingambit|90/100|[from] item: Life Orb\n|\n|-weather|Sandstorm|[upkeep]\n|-damage|p1b: Farigiraf|87/100|[from] Sandstorm\n|upkeep\n|\n|t:|1788403695\n|switch|p2a: Staraptor|Staraptor, L50, M|100/100\n|-ability|p2a: Staraptor|Intimidate|boost\n|-unboost|p1a: Kingambit|atk|1\n|-ability|p1a: Kingambit|Defiant|boost\n|-boost|p1a: Kingambit|atk|2\n|-unboost|p1b: Farigiraf|atk|1\n|turn|5\n|\n|t:|1788403704\n|detailschange|p2a: Staraptor|Staraptor-Mega, L50, M\n|-mega|p2a: Staraptor|Staraptor|Staraptite\n|move|p2b: Tyranitar|Protect|p2b: Tyranitar\n|-singleturn|p2b: Tyranitar|Protect\n|move|p1a: Kingambit|Kowtow Cleave|p2a: Staraptor\n|-resisted|p2a: Staraptor|1\n|-damage|p2a: Staraptor|55/100\n|-damage|p1a: Kingambit|80/100|[from] item: Life Orb\n|move|p1b: Farigiraf|Twin Beam|p2a: Staraptor\n|-supereffective|p2a: Staraptor|1\n|-damage|p2a: Staraptor|20/100y\n|-supereffective|p2a: Staraptor|1\n|-damage|p2a: Staraptor|0 fnt\n|faint|p2a: Staraptor\n|-hitcount|p2: Staraptor|2\n|\n|-weather|none\n|upkeep\n|-message|Kwiper forfeited.\n|\n|win|Sparkles1755\n|raw|Sparkles1755's rating: 1540 &rarr; <strong>1564</strong><br />(+24 for winning)\n|raw|Kwiper's rating: 1606 &rarr; <strong>1582</strong><br />(-24 for losing)\n","uploadtime":1788403711,"views":"0","formatid":"gen9championsvgc2026regmb","rating":1564,"private":0,"password":null}