{"id":"gen9championsvgc2026regmb-2673957652","format":"[Gen 9 Champions] VGC 2026 Reg M-B","players":["tomcheung22","rosabel"],"log":"|j|☆tomcheung22\n|j|☆rosabel\n|t:|1788281719\n|gametype|doubles\n|player|p1|tomcheung22|lady|\n|player|p2|rosabel|gardenia-masters|\n|gen|9\n|tier|[Gen 9 Champions] VGC 2026 Reg M-B\n|rated|Tournament battle\n|rule|Species Clause: Limit one of each Pokémon\n|rule|Item Clause: Limit 1 of each item\n|raw|<div class=\"infobox\"><details class=\"readmore\" open><summary><strong>1 custom rule:</strong></summary> Force Open Team Sheets</details></div>\n|clearpoke\n|poke|p1|Gengar, L50, M|\n|poke|p1|Incineroar, L50, F|\n|poke|p1|Politoed, L50, M|\n|poke|p1|Archaludon, L50, F|\n|poke|p1|Vivillon, L50, F|\n|poke|p1|Floette-Eternal, L50, F|\n|poke|p2|Scovillain, L50, F, shiny|\n|poke|p2|Basculegion, L50, M|\n|poke|p2|Kingambit, L50, M|\n|poke|p2|Sneasler, L50, F|\n|poke|p2|Lycanroc-Dusk, L50, M|\n|poke|p2|Froslass, L50, F|\n|teampreview|4\n|showteam|p1|Gengar||Gengarite|CursedBody|ShadowBall,SludgeBomb,PerishSong,Protect|Timid||M|||50|]Incineroar||PasshoBerry|Intimidate|DarkestLariat,PartingShot,FakeOut,Protect|Sassy||F|||50|]Politoed||SitrusBerry|Drizzle|WeatherBall,PerishSong,Encore,Protect|Calm||M|||50|]Archaludon||Leftovers|Stamina|FlashCannon,DragonPulse,ElectroShot,Protect|Bold||F|||50|]Vivillon||FocusSash|CompoundEyes|Hurricane,SleepPowder,RagePowder,Protect|Timid||F|||50|]Floette-Eternal||Floettite|FlowerVeil|Moonblast,DazzlingGleam,CalmMind,Protect|Timid||F|||50|\n|showteam|p2|Scovillain||Scovillainite|Moody|GigaDrain,Overheat,RagePowder,Protect|Bold||F|||50|]Basculegion||LifeOrb|Adaptability|WaveCrash,LastRespects,AquaJet,Protect|Adamant||M|||50|]Kingambit||BlackGlasses|Defiant|KowtowCleave,SuckerPunch,SwordsDance,Protect|Adamant||M|||50|]Sneasler||WhiteHerb|Unburden|CloseCombat,DireClaw,Protect,FakeOut|Adamant||F|||50|]Lycanroc-Dusk||FocusSash|ToughClaws|CloseCombat,Accelerock,RockSlide,Protect|Adamant||M|||50|]Froslass||Froslassite|CursedBody|Blizzard,ShadowBall,AuroraVeil,Protect|Timid||F|||50|\n|j| Electroely\n|c|☆rosabel|glhf\nrosabel rejected open team sheets.\n|j| Dhuvanesh\n|j|%Tb0lt\n|l| Dhuvanesh\n|inactive|Battle timer is ON: inactive players will automatically lose when time's up. (requested by tomcheung22)\n|\n|t:|1788281817\n|teamsize|p1|4\n|teamsize|p2|4\n|start\n|switch|p1a: Vivillon|Vivillon, L50, F|100/100\n|switch|p1b: Gengar|Gengar, L50, M|100/100\n|switch|p2a: Koala|Froslass, L50, F|100/100\n|switch|p2b: Kids|Kingambit, L50, M|100/100\n|turn|1\n|j| Phosphor-M\n|inactive|tomcheung22 has 30 seconds left.\n|inactive|rosabel has 30 seconds left.\n|inactive|rosabel has 20 seconds left.\n|inactive|rosabel has 15 seconds left.\n|inactive|tomcheung22 has 20 seconds left.\n|inactive|rosabel has 10 seconds left.\n|inactive|tomcheung22 has 15 seconds left.\n|inactive|tomcheung22 has 10 seconds left.\n|\n|t:|1788281874\n|detailschange|p2a: Koala|Froslass-Mega, L50, F\n|-mega|p2a: Koala|Froslass|Froslassite\n|-weather|Snowscape|[from] ability: Snow Warning|[of] p2a: Koala\n|detailschange|p1b: Gengar|Gengar-Mega, L50, M\n|-mega|p1b: Gengar|Gengar|Gengarite\n|move|p2b: Kids|Sucker Punch||[still]\n|-fail|p2b: Kids\n|move|p2a: Koala|Blizzard|p1a: Vivillon|[spread] p1a,p1b\n|-supereffective|p1a: Vivillon|1\n|-enditem|p1a: Vivillon|Focus Sash\n|-damage|p1a: Vivillon|1/100\n|-damage|p1b: Gengar|57/100\n|move|p1b: Gengar|Perish Song|p1b: Gengar\n|-start|p1a: Vivillon|perish3|[silent]\n|-start|p1b: Gengar|perish3|[silent]\n|-start|p2a: Koala|perish3|[silent]\n|-start|p2b: Kids|perish3|[silent]\n|-fieldactivate|move: Perish Song\n|move|p1a: Vivillon|Sleep Powder|p2b: Kids\n|-status|p2b: Kids|slp|[from] move: Sleep Powder\n|\n|-weather|Snowscape|[upkeep]\n|-start|p2a: Koala|perish3\n|-start|p1b: Gengar|perish3\n|-start|p1a: Vivillon|perish3\n|-start|p2b: Kids|perish3\n|upkeep\n|turn|2\n|inactive|rosabel has 30 seconds left.\n|inactive|tomcheung22 has 30 seconds left.\n|inactive|rosabel has 20 seconds left.\n|inactive|rosabel has 15 seconds left.\n|\n|t:|1788281915\n|switch|p1a: Incineroar|Incineroar, L50, F|100/100\n|-ability|p1a: Incineroar|Intimidate|boost\n|-unboost|p2a: Koala|atk|1\n|-unboost|p2b: Kids|atk|1\n|-ability|p2b: Kids|Defiant|boost\n|-boost|p2b: Kids|atk|2\n|move|p2a: Koala|Protect|p2a: Koala\n|-singleturn|p2a: Koala|Protect\n|move|p1b: Gengar|Protect|p1b: Gengar\n|-singleturn|p1b: Gengar|Protect\n|cant|p2b: Kids|slp\n|\n|-weather|Snowscape|[upkeep]\n|-start|p2a: Koala|perish2\n|-start|p1b: Gengar|perish2\n|-start|p2b: Kids|perish2\n|upkeep\n|turn|3\n|inactive|rosabel has 30 seconds left.\n|\n|t:|1788281944\n|switch|p2a: DDee|Lycanroc-Dusk, L50, M|100/100\n|switch|p1b: Politoed|Politoed, L50, M|100/100\n|-weather|RainDance|[from] ability: Drizzle|[of] p1b: Politoed\n|-curestatus|p2b: Kids|slp|[msg]\n|move|p2b: Kids|Protect|p2b: Kids\n|-singleturn|p2b: Kids|Protect\n|move|p1a: Incineroar|Parting Shot|p2a: DDee\n|-unboost|p2a: DDee|atk|1\n|-unboost|p2a: DDee|spa|1\n|\n|t:|1788281954\n|switch|p1a: Gengar|Gengar-Mega, L50, M|57/100|[from] Parting Shot\n|\n|-weather|RainDance|[upkeep]\n|-start|p2b: Kids|perish1\n|upkeep\n|turn|4\n|j| fritznader002\n|inactive|rosabel has 30 seconds left.\n|l| fritznader002\n|inactive|rosabel has 20 seconds left.\n|inactive|rosabel has 15 seconds left.\n|inactive|rosabel has 10 seconds left.\n|inactive|rosabel has 5 seconds left.\n|\n|t:|1788282007\n|move|p1a: Gengar|Protect|p1a: Gengar\n|-singleturn|p1a: Gengar|Protect\n|move|p1b: Politoed|Protect|p1b: Politoed\n|-singleturn|p1b: Politoed|Protect\n|move|p2b: Kids|Sucker Punch||[still]\n|-fail|p2b: Kids\n|move|p2a: DDee|Rock Slide|p1b: Politoed|[spread] \n|-activate|p1a: Gengar|move: Protect\n|-activate|p1b: Politoed|move: Protect\n|\n|-weather|RainDance|[upkeep]\n|-start|p2b: Kids|perish0\n|faint|p2b: Kids\n|upkeep\n|inactiveoff|Battle timer is now OFF.\n|\n|t:|1788282016\n|switch|p2b: Koala|Froslass-Mega, L50, F|100/100\n|-weather|Snowscape|[from] ability: Snow Warning|[of] p2b: Koala\n|turn|5\n|j| strangeguy1234\n|\n|t:|1788282041\n|switch|p1a: Incineroar|Incineroar, L50, F|100/100\n|-ability|p1a: Incineroar|Intimidate|boost\n|-unboost|p2a: DDee|atk|1\n|-unboost|p2b: Koala|atk|1\n|move|p2b: Koala|Protect|p2b: Koala\n|-singleturn|p2b: Koala|Protect\n|move|p2a: DDee|Rock Slide|p1b: Politoed|[spread] p1a,p1b\n|-supereffective|p1a: Incineroar|1\n|-damage|p1a: Incineroar|76/100\n|-damage|p1b: Politoed|87/100\n|cant|p1b: Politoed|flinch\n|\n|-weather|Snowscape|[upkeep]\n|upkeep\n|turn|6\n|j| GREY1212\n|j| AceNowak\n|\n|t:|1788282061\n|switch|p2a: SlycedBread|Basculegion, L50, M|100/100\n|move|p2b: Koala|Aurora Veil|p2b: Koala\n|-sidestart|p2: rosabel|move: Aurora Veil\n|move|p1b: Politoed|Perish Song|p1b: Politoed\n|-start|p1a: Incineroar|perish3|[silent]\n|-start|p1b: Politoed|perish3|[silent]\n|-start|p2a: SlycedBread|perish3|[silent]\n|-start|p2b: Koala|perish3|[silent]\n|-fieldactivate|move: Perish Song\n|move|p1a: Incineroar|Parting Shot|p2b: Koala\n|-unboost|p2b: Koala|atk|1\n|-unboost|p2b: Koala|spa|1\n|j| fritznader002\n|\n|t:|1788282114\n|switch|p1a: Gengar|Gengar-Mega, L50, M|57/100|[from] Parting Shot\n|\n|-weather|Snowscape|[upkeep]\n|-start|p2b: Koala|perish3\n|-start|p2a: SlycedBread|perish3\n|-start|p1b: Politoed|perish3\n|upkeep\n|turn|7\n|\n|t:|1788282140\n|switch|p1b: Incineroar|Incineroar, L50, F|76/100\n|-ability|p1b: Incineroar|Intimidate|boost\n|-unboost|p2a: SlycedBread|atk|1\n|-unboost|p2b: Koala|atk|1\n|move|p1a: Gengar|Protect|p1a: Gengar\n|-singleturn|p1a: Gengar|Protect\n|move|p2b: Koala|Shadow Ball|p1a: Gengar\n|-activate|p1a: Gengar|move: Protect\n|move|p2a: SlycedBread|Wave Crash|p1b: Incineroar\n|-supereffective|p1b: Incineroar|1\n|-enditem|p1b: Incineroar|Passho Berry|[eat]\n|-enditem|p1b: Incineroar|Passho Berry|[weaken]\n|-damage|p1b: Incineroar|15/100\n|-damage|p2a: SlycedBread|79/100|[from] Recoil\n|-damage|p2a: SlycedBread|70/100|[from] item: Life Orb\n|\n|-weather|Snowscape|[upkeep]\n|-start|p2b: Koala|perish2\n|-start|p2a: SlycedBread|perish2\n|upkeep\n|turn|8\n|l| strangeguy1234\n|\n|t:|1788282177\n|switch|p1a: Vivillon|Vivillon, L50, F|1/100\n|switch|p2a: DDee|Lycanroc-Dusk, L50, M|100/100\n|switch|p1b: Politoed|Politoed, L50, M|87/100\n|-weather|RainDance|[from] ability: Drizzle|[of] p1b: Politoed\n|move|p2b: Koala|Shadow Ball|p1a: Vivillon\n|-damage|p1a: Vivillon|0 fnt\n|faint|p1a: Vivillon\n|\n|-weather|RainDance|[upkeep]\n|-start|p2b: Koala|perish1\n|upkeep\n|\n|t:|1788282192\n|switch|p1a: Incineroar|Incineroar, L50, F|15/100\n|-ability|p1a: Incineroar|Intimidate|boost\n|-unboost|p2a: DDee|atk|1\n|-unboost|p2b: Koala|atk|1\n|turn|9\n|l|%Tb0lt\n|\n|t:|1788282214\n|switch|p2b: SlycedBread|Basculegion, L50, M|70/100\n|move|p2a: DDee|Protect|p2a: DDee\n|-singleturn|p2a: DDee|Protect\n|move|p1b: Politoed|Weather Ball|p2a: DDee\n|-activate|p2a: DDee|move: Protect\n|move|p1a: Incineroar|Darkest Lariat|p2b: SlycedBread\n|-supereffective|p2b: SlycedBread|1\n|-damage|p2b: SlycedBread|25/100\n|\n|-weather|RainDance|[upkeep]\n|upkeep\n|turn|10\n|\n|t:|1788282257\n|switch|p2b: Koala|Froslass-Mega, L50, F|100/100\n|-weather|Snowscape|[from] ability: Snow Warning|[of] p2b: Koala\n|move|p1b: Politoed|Protect|p1b: Politoed\n|-singleturn|p1b: Politoed|Protect\n|move|p1a: Incineroar|Protect|p1a: Incineroar\n|-singleturn|p1a: Incineroar|Protect\n|move|p2a: DDee|Rock Slide|p1b: Politoed|[spread] \n|-activate|p1a: Incineroar|move: Protect\n|-activate|p1b: Politoed|move: Protect\n|\n|-weather|Snowscape|[upkeep]\n|-sideend|p2: rosabel|move: Aurora Veil\n|upkeep\n|turn|11\n|l| AceNowak\n|\n|t:|1788282279\n|switch|p1a: Gengar|Gengar-Mega, L50, M|57/100\n|move|p2b: Koala|Aurora Veil|p2b: Koala\n|-sidestart|p2: rosabel|move: Aurora Veil\n|move|p2a: DDee|Rock Slide|p1b: Politoed|[spread] p1a,p1b\n|-damage|p1a: Gengar|37/100\n|-damage|p1b: Politoed|68/100\n|cant|p1b: Politoed|flinch\n|\n|-weather|Snowscape|[upkeep]\n|upkeep\n|turn|12\n|\n|t:|1788282322\n|move|p1a: Gengar|Protect|p1a: Gengar\n|-singleturn|p1a: Gengar|Protect\n|move|p2b: Koala|Shadow Ball|p1b: Politoed\n|-damage|p1b: Politoed|39/100\n|-enditem|p1b: Politoed|Sitrus Berry|[eat]\n|-heal|p1b: Politoed|64/100|[from] item: Sitrus Berry\n|move|p2a: DDee|Rock Slide|p1b: Politoed|[spread] p1b\n|-activate|p1a: Gengar|move: Protect\n|-damage|p1b: Politoed|47/100\n|move|p1b: Politoed|Weather Ball|p2a: DDee\n|-damage|p2a: DDee|75/100\n|\n|-weather|Snowscape|[upkeep]\n|upkeep\n|turn|13\n|\n|t:|1788282347\n|switch|p1b: Incineroar|Incineroar, L50, F|15/100\n|-ability|p1b: Incineroar|Intimidate|boost\n|-unboost|p2a: DDee|atk|1\n|-unboost|p2b: Koala|atk|1\n|move|p2b: Koala|Blizzard|p1a: Gengar|[spread] p1a,p1b\n|-resisted|p1b: Incineroar|1\n|-damage|p1a: Gengar|0 fnt\n|-damage|p1b: Incineroar|1/100\n|faint|p1a: Gengar\n|move|p2a: DDee|Rock Slide|p1b: Incineroar\n|-supereffective|p1b: Incineroar|1\n|-damage|p1b: Incineroar|0 fnt\n|faint|p1b: Incineroar\n|\n|-weather|Snowscape|[upkeep]\n|upkeep\n|-message|tomcheung22 forfeited.\n|\n|win|rosabel\n|n|☆tomcheung22|tomcheung22\n|n|☆rosabel|rosabel\n|n| Electroely|electroely\n|n| Phosphor-M|phosphorm\n|n| GREY1212|grey1212\n|n| fritznader002|fritznader002\n","uploadtime":1788282362,"views":"22","formatid":"gen9championsvgc2026regmb","rating":null,"private":0,"password":null}