{"id":"gen9championsvgc2026regmb-2673897680","format":"[Gen 9 Champions] VGC 2026 Reg M-B","players":["PieHunter29","ilya no money"],"log":"|j|☆PieHunter29\n|j|☆ilya no money\n|t:|1788274501\n|gametype|doubles\n|player|p1|PieHunter29|hilbert|1131\n|player|p2|ilya no money|lusamine-masters|1182\n|gen|9\n|tier|[Gen 9 Champions] VGC 2026 Reg M-B\n|rated|\n|rule|Species Clause: Limit one of each Pokémon\n|rule|Item Clause: Limit 1 of each item\n|clearpoke\n|poke|p1|Absol, L50, M|\n|poke|p1|Chandelure, L50, F|\n|poke|p1|Torkoal, L50, M|\n|poke|p1|Farigiraf, L50, M|\n|poke|p1|Incineroar, L50, F|\n|poke|p1|Whimsicott, L50, F|\n|poke|p2|Heracross, L50, F|\n|poke|p2|Whimsicott, L50, M|\n|poke|p2|Meowscarada, L50, M|\n|poke|p2|Archaludon, L50, F|\n|poke|p2|Floette-Eternal, L50, F|\n|poke|p2|Garchomp, L50, F|\n|teampreview|4\n|inactive|Battle timer is ON: inactive players will automatically lose when time's up. (requested by ilya no money)\n|inactive|PieHunter29 has 60 seconds left.\n|inactive|PieHunter29 has 30 seconds left.\n|inactive|PieHunter29 has 20 seconds left.\n|inactive|PieHunter29 has 15 seconds left.\n|\n|t:|1788274578\n|teamsize|p1|4\n|teamsize|p2|4\n|start\n|switch|p1a: Whimsicott|Whimsicott, L50, F|100/100\n|switch|p1b: Farigiraf|Farigiraf, L50, M|100/100\n|switch|p2a: Meowscarada|Meowscarada, L50, M|100/100\n|switch|p2b: Heracross|Heracross, L50, F|100/100\n|turn|1\n|inactive|PieHunter29 has 30 seconds left.\n|\n|t:|1788274612\n|detailschange|p2b: Heracross|Heracross-Mega, L50, F\n|-mega|p2b: Heracross|Heracross|Heracronite\n|move|p2a: Meowscarada|Triple Axel|p1a: Whimsicott\n|-start|p2a: Meowscarada|typechange|Ice|[from] ability: Protean\n|-supereffective|p1a: Whimsicott|1\n|-damage|p1a: Whimsicott|67/100\n|-supereffective|p1a: Whimsicott|1\n|-damage|p1a: Whimsicott|10/100\n|-supereffective|p1a: Whimsicott|1\n|-damage|p1a: Whimsicott|0 fnt\n|faint|p1a: Whimsicott\n|-hitcount|p1: Whimsicott|3\n|move|p2b: Heracross|Pin Missile|p1b: Farigiraf\n|-supereffective|p1b: Farigiraf|1\n|-damage|p1b: Farigiraf|69/100\n|-supereffective|p1b: Farigiraf|1\n|-damage|p1b: Farigiraf|38/100\n|-enditem|p1b: Farigiraf|Sitrus Berry|[eat]\n|-heal|p1b: Farigiraf|63/100|[from] item: Sitrus Berry\n|-supereffective|p1b: Farigiraf|1\n|-damage|p1b: Farigiraf|31/100\n|-supereffective|p1b: Farigiraf|1\n|-damage|p1b: Farigiraf|1/100\n|-supereffective|p1b: Farigiraf|1\n|-damage|p1b: Farigiraf|0 fnt\n|faint|p1b: Farigiraf\n|-hitcount|p1: Farigiraf|5\n|\n|upkeep\n|\n|t:|1788274633\n|switch|p1a: Torkoal|Torkoal, L50, M|100/100\n|switch|p1b: Chandelure|Chandelure, L50, F|100/100\n|-weather|SunnyDay|[from] ability: Drought|[of] p1a: Torkoal\n|turn|2\n|\n|t:|1788274647\n|switch|p2a: Whimsicott|Whimsicott, L50, M|100/100\n|detailschange|p1b: Chandelure|Chandelure-Mega, L50, F\n|-mega|p1b: Chandelure|Chandelure|Chandelurite\n|move|p2b: Heracross|Protect|p2b: Heracross\n|-singleturn|p2b: Heracross|Protect\n|move|p1a: Torkoal|Eruption|p2a: Whimsicott|[spread] p2a\n|-activate|p2b: Heracross|move: Protect\n|-supereffective|p2a: Whimsicott|1\n|-enditem|p2a: Whimsicott|Focus Sash\n|-damage|p2a: Whimsicott|1/100\n|move|p1b: Chandelure|Trick Room|p1b: Chandelure\n|-fieldstart|move: Trick Room|[of] p1b: Chandelure\n|\n|-weather|SunnyDay|[upkeep]\n|upkeep\n|turn|3\n|inactive|PieHunter29 has 30 seconds left.\n|inactive|PieHunter29 has 20 seconds left.\n|inactive|PieHunter29 has 15 seconds left.\n|\n|t:|1788274692\n|move|p2a: Whimsicott|Light Screen|p2a: Whimsicott\n|-sidestart|p2: ilya no money|move: Light Screen\n|move|p1a: Torkoal|Eruption|p2b: Heracross|[spread] p2a,p2b\n|-supereffective|p2a: Whimsicott|1\n|-supereffective|p2b: Heracross|1\n|-damage|p2a: Whimsicott|0 fnt\n|-damage|p2b: Heracross|0 fnt\n|faint|p2a: Whimsicott\n|faint|p2b: Heracross\n|move|p1b: Chandelure|Heat Wave|p2: Whimsicott|[notarget]\n|-fail|p1b: Chandelure\n|\n|-weather|SunnyDay|[upkeep]\n|upkeep\n|\n|t:|1788274698\n|switch|p2b: Garchomp|Garchomp, L50, F|100/100\n|switch|p2a: Meowscarada|Meowscarada, L50, M|100/100\n|turn|4\n|\n|t:|1788274718\n|move|p1a: Torkoal|Eruption|p2a: Meowscarada|[spread] p2a,p2b\n|-supereffective|p2a: Meowscarada|1\n|-crit|p2a: Meowscarada\n|-resisted|p2b: Garchomp|1\n|-damage|p2a: Meowscarada|0 fnt\n|-damage|p2b: Garchomp|74/100\n|faint|p2a: Meowscarada\n|move|p1b: Chandelure|Shadow Ball|p2b: Garchomp\n|-damage|p2b: Garchomp|17/100\n|move|p2b: Garchomp|Rock Slide|p1a: Torkoal|[spread] p1a,p1b\n|-supereffective|p1a: Torkoal|1\n|-supereffective|p1b: Chandelure|1\n|-damage|p1a: Torkoal|67/100\n|-damage|p1b: Chandelure|56/100\n|-damage|p2b: Garchomp|7/100|[from] item: Life Orb\n|\n|-weather|SunnyDay|[upkeep]\n|upkeep\n|turn|5\n|-message|ilya no money forfeited.\n|\n|win|PieHunter29\n|raw|PieHunter29's rating: 1131 &rarr; <strong>1160</strong><br />(+29 for winning)\n|raw|ilya no money's rating: 1182 &rarr; <strong>1153</strong><br />(-29 for losing)\n|l|☆ilya no money\n|player|p2|\n","uploadtime":1788274731,"views":"2","formatid":"gen9championsvgc2026regmb","rating":1153,"private":0,"password":null}