{"id":"gen9championsvgc2026regmbbo3-2673443581","format":"[Gen 9 Champions] VGC 2026 Reg M-B (Bo3)","players":["Cfoowl","ghostpvp252"],"log":"|j|☆Cfoowl\n|j|☆ghostpvp252\n|html|<table width=\"100%\"><tr><td align=\"left\">Cfoowl</td><td align=\"right\">ghostpvp252</tr><tr><td align=\"left\"><i class=\"fa fa-circle-o\"></i> <i class=\"fa fa-circle-o\"></i> </td><td align=\"right\"><i class=\"fa fa-circle-o\"></i> <i class=\"fa fa-circle-o\"></i> </tr></table>\n|uhtml|bestof|<h2><strong>Game 1</strong> of <a href=\"/game-bestof3-gen9championsvgc2026regmbbo3-2673443580\">a best-of-3</a></h2>\n|t:|1788198452\n|gametype|doubles\n|player|p1|Cfoowl|265|1157\n|player|p2|ghostpvp252|102|1088\n|gen|9\n|tier|[Gen 9 Champions] VGC 2026 Reg M-B (Bo3)\n|rated|\n|rule|Species Clause: Limit one of each Pokémon\n|rule|Item Clause: Limit 1 of each item\n|clearpoke\n|poke|p1|Scovillain, L50, F, shiny|\n|poke|p1|Basculegion, L50, M|\n|poke|p1|Kingambit, L50, M|\n|poke|p1|Sneasler, L50, F|\n|poke|p1|Lycanroc-Dusk, L50, F|\n|poke|p1|Froslass, L50, F, shiny|\n|poke|p2|Sinistcha-Masterpiece, L50|\n|poke|p2|Delphox, L50, M|\n|poke|p2|Blastoise, L50, F|\n|poke|p2|Mamoswine, L50, F|\n|poke|p2|Noivern, L50, M|\n|poke|p2|Sneasler, L50, M|\n|teampreview|4\n|showteam|p1|Scovillain||Scovillainite|Moody|GigaDrain,Overheat,RagePowder,Protect|Bold||F|||50|]Basculegion||LifeOrb|Adaptability|WaveCrash,LastRespects,AquaJet,Protect|Adamant||M|||50|]Kingambit||BlackGlasses|Defiant|KowtowCleave,SuckerPunch,SwordsDance,Protect|Adamant||M|||50|]Sneasler||WhiteHerb|Unburden|CloseCombat,DireClaw,Protect,FakeOut|Adamant||F|||50|]Lycanroc-Dusk||FocusSash|ToughClaws|CloseCombat,Accelerock,RockSlide,Protect|Adamant||F|||50|]Froslass||Froslassite|CursedBody|Blizzard,ShadowBall,AuroraVeil,Protect|Timid||F|||50|\n|showteam|p2|Sinistcha-Masterpiece||KasibBerry|Hospitality|MatchaGotcha,RagePowder,Protect,ShadowBall|Modest|||||50|]Delphox||Delphoxite|Blaze|NastyPlot,Protect,Flamethrower,Psychic|Bold||M|||50|]Blastoise||Blastoisinite|Torrent|WaterPulse,Protect,AuraSphere,ShellSmash|Calm||F|||50|]Mamoswine||ChoiceScarf|Oblivious|Earthquake,HighHorsepower,IcicleCrash,RockSlide|Jolly||F|||50|]Noivern||YacheBerry|Frisk|Boomburst,Protect,AirSlash,Tailwind|Modest||M|||50|]Sneasler||FocusSash|PoisonTouch|PoisonJab,QuickGuard,FakeOut,CloseCombat|Jolly||M|||50|\n|inactive|Battle timer is ON: inactive players will automatically lose when time's up. (requested by Cfoowl)\n|inactive|ghostpvp252 has 60 seconds left.\n|\n|t:|1788198485\n|teamsize|p1|4\n|teamsize|p2|4\n|start\n|switch|p1a: Koala|Froslass, L50, F, shiny|100/100\n|switch|p1b: SlycedBread|Basculegion, L50, M|100/100\n|switch|p2a: PM7|Mamoswine, L50, F|100/100\n|switch|p2b: Ahh my coffee cup|Sinistcha-Masterpiece, L50|100/100\n|turn|1\n|inactive|Cfoowl has 30 seconds left.\n|inactive|ghostpvp252 has 30 seconds left.\n|c|☆ghostpvp252|Like my nicknames\n|inactive|Cfoowl has 20 seconds left.\n|inactive|ghostpvp252 has 20 seconds left.\n|inactive|Cfoowl has 15 seconds left.\n|inactive|Cfoowl has 10 seconds left.\n|\n|t:|1788198531\n|detailschange|p1a: Koala|Froslass-Mega, L50, F, shiny\n|-mega|p1a: Koala|Froslass|Froslassite\n|-weather|Snowscape|[from] ability: Snow Warning|[of] p1a: Koala\n|move|p2b: Ahh my coffee cup|Protect|p2b: Ahh my coffee cup\n|-singleturn|p2b: Ahh my coffee cup|Protect\n|move|p2a: PM7|Rock Slide|p1a: Koala|[spread] p1a,p1b\n|-supereffective|p1a: Koala|1\n|-crit|p1a: Koala\n|-damage|p1a: Koala|48/100\n|-damage|p1b: SlycedBread|79/100\n|move|p1a: Koala|Blizzard|p2b: Ahh my coffee cup|[spread] p2a\n|-activate|p2b: Ahh my coffee cup|move: Protect\n|-damage|p2a: PM7|58/100\n|move|p1b: SlycedBread|Last Respects|p2a: PM7\n|-damage|p2a: PM7|24/100\n|-damage|p1b: SlycedBread|69/100|[from] item: Life Orb\n|\n|-weather|Snowscape|[upkeep]\n|upkeep\n|turn|2\n|inactive|Cfoowl has 30 seconds left.\n|\n|t:|1788198557\n|move|p1a: Koala|Protect|p1a: Koala\n|-singleturn|p1a: Koala|Protect\n|move|p2b: Ahh my coffee cup|Rage Powder|p2b: Ahh my coffee cup\n|-singleturn|p2b: Ahh my coffee cup|move: Rage Powder\n|move|p2a: PM7|Rock Slide|p1b: SlycedBread|[spread] p1b\n|-activate|p1a: Koala|move: Protect\n|-damage|p1b: SlycedBread|50/100g\n|move|p1b: SlycedBread|Last Respects|p2b: Ahh my coffee cup\n|-supereffective|p2b: Ahh my coffee cup|1\n|-enditem|p2b: Ahh my coffee cup|Kasib Berry|[eat]\n|-enditem|p2b: Ahh my coffee cup|Kasib Berry|[weaken]\n|-damage|p2b: Ahh my coffee cup|55/100\n|-damage|p1b: SlycedBread|40/100|[from] item: Life Orb\n|\n|-weather|Snowscape|[upkeep]\n|upkeep\n|turn|3\n|\n|t:|1788198576\n|switch|p1a: Cisco|Sneasler, L50, F|100/100\n|move|p2a: PM7|Rock Slide|p1b: SlycedBread|[spread] p1a,p1b\n|-resisted|p1a: Cisco|1\n|-damage|p1a: Cisco|87/100\n|-damage|p1b: SlycedBread|20/100y\n|cant|p1b: SlycedBread|flinch\n|move|p2b: Ahh my coffee cup|Matcha Gotcha|p1b: SlycedBread|[spread] p1a\n|-miss|p2b: Ahh my coffee cup|p1b: SlycedBread\n|-resisted|p1a: Cisco|1\n|-damage|p1a: Cisco|70/100\n|-heal|p2b: Ahh my coffee cup|64/100|[from] drain|[of] p1a: Cisco\n|\n|-weather|Snowscape|[upkeep]\n|upkeep\n|turn|4\n|inactive|ghostpvp252 has 30 seconds left.\n|inactive|ghostpvp252 has 20 seconds left.\n|inactive|ghostpvp252 has 15 seconds left.\n|inactive|ghostpvp252 has 10 seconds left.\n|\n|t:|1788198623\n|switch|p2a: BATMAN!!!|Noivern, L50, M|100/100\n|-item|p1a: Cisco|White Herb|[from] ability: Frisk|[of] p2a: BATMAN!!!\n|-item|p1b: SlycedBread|Life Orb|[from] ability: Frisk|[of] p2a: BATMAN!!!\n|move|p1a: Cisco|Fake Out|p2a: BATMAN!!!\n|-damage|p2a: BATMAN!!!|82/100\n|move|p1b: SlycedBread|Last Respects|p2b: Ahh my coffee cup\n|-supereffective|p2b: Ahh my coffee cup|1\n|-damage|p2b: Ahh my coffee cup|0 fnt\n|faint|p2b: Ahh my coffee cup\n|-damage|p1b: SlycedBread|11/100|[from] item: Life Orb\n|\n|-weather|Snowscape|[upkeep]\n|upkeep\n|\n|t:|1788198640\n|switch|p2b: PM7|Mamoswine, L50, F|24/100\n|turn|5\n|\n|t:|1788198658\n|switch|p1a: DDee|Lycanroc-Dusk, L50, F|100/100\n|move|p1b: SlycedBread|Aqua Jet|p2b: PM7\n|-supereffective|p2b: PM7|1\n|-damage|p2b: PM7|0 fnt\n|faint|p2b: PM7\n|-damage|p1b: SlycedBread|1/100|[from] item: Life Orb\n|move|p2a: BATMAN!!!|Tailwind|p2a: BATMAN!!!\n|-sidestart|p2: ghostpvp252|move: Tailwind\n|\n|-weather|none\n|upkeep\n|\n|t:|1788198670\n|switch|p2b: Swiper|Delphox, L50, M|100/100\n|turn|6\n|inactive|ghostpvp252 has 30 seconds left.\n|\n|t:|1788198699\n|detailschange|p2b: Swiper|Delphox-Mega, L50, M\n|-mega|p2b: Swiper|Delphox|Delphoxite\n|move|p1a: DDee|Accelerock|p2a: BATMAN!!!\n|-supereffective|p2a: BATMAN!!!|1\n|-crit|p2a: BATMAN!!!\n|-damage|p2a: BATMAN!!!|0 fnt\n|faint|p2a: BATMAN!!!\n|move|p1b: SlycedBread|Aqua Jet|p2b: Swiper\n|-supereffective|p2b: Swiper|1\n|-damage|p2b: Swiper|35/100\n|-damage|p1b: SlycedBread|0 fnt|[from] item: Life Orb\n|faint|p1b: SlycedBread\n|move|p2b: Swiper|Psychic|p1a: DDee\n|-damage|p1a: DDee|16/100\n|\n|upkeep\n|\n|t:|1788198708\n|switch|p1b: Cisco|Sneasler, L50, F|70/100\n|turn|7\n|\n|t:|1788198723\n|move|p1b: Cisco|Fake Out|p2b: Swiper\n|-damage|p2b: Swiper|22/100\n|move|p1a: DDee|Accelerock|p2b: Swiper\n|-supereffective|p2b: Swiper|1\n|-damage|p2b: Swiper|0 fnt\n|faint|p2b: Swiper\n|\n|win|Cfoowl\n||Cfoowl is ready for game 2.\n|l|☆ghostpvp252\n|player|p2|\n||ghostpvp252 is ready for game 2.\n|uhtml|next|Next: <a href=\"/battle-gen9championsvgc2026regmbbo3-2673446010\"><strong>Game 2 of 3</strong></a>\n","uploadtime":1788198737,"views":"0","formatid":"gen9championsvgc2026regmbbo3","rating":null,"private":0,"password":null}