{"id":"gen9championsvgc2026regmbbo3-2673709825","format":"[Gen 9 Champions] VGC 2026 Reg M-B (Bo3)","players":["diamondninja154","w0rms4f1ng3rs"],"log":"|j|☆diamondninja154\n|j|☆w0rms4f1ng3rs\n|html|<table width=\"100%\"><tr><td align=\"left\">diamondninja154</td><td align=\"right\">w0rms4f1ng3rs</tr><tr><td align=\"left\"><i class=\"fa fa-circle-o\"></i> <i class=\"fa fa-circle-o\"></i> </td><td align=\"right\"><i class=\"fa fa-circle-o\"></i> <i class=\"fa fa-circle\"></i> </tr></table>\n|uhtml|bestof|<h2><strong>Game 2</strong> of <a href=\"/game-bestof3-gen9championsvgc2026regmbbo3-2673709098\">a best-of-3</a></h2>\n|t:|1788237834\n|gametype|doubles\n|player|p1|diamondninja154|101|1036\n|player|p2|w0rms4f1ng3rs|zinzolin|1171\n|gen|9\n|tier|[Gen 9 Champions] VGC 2026 Reg M-B (Bo3)\n|rated|\n|rule|Species Clause: Limit one of each Pokémon\n|rule|Item Clause: Limit 1 of each item\n|clearpoke\n|poke|p1|Alcremie, L50, F|\n|poke|p1|Farigiraf, L50, M|\n|poke|p1|Camerupt, L50, M|\n|poke|p1|Sneasler, L50, M|\n|poke|p1|Abomasnow, L50, M|\n|poke|p1|Sinistcha, L50|\n|poke|p2|Charizard, L50, F, shiny|\n|poke|p2|Whimsicott, L50, F|\n|poke|p2|Kingambit, L50, F|\n|poke|p2|Basculegion, L50, M|\n|poke|p2|Garchomp, L50, F|\n|poke|p2|Floette-Eternal, L50, F|\n|teampreview|4\n|showteam|p1|Alcremie||IronBall|SweetVeil|Decorate,Protect,DazzlingGleam,LightScreen|Sassy||F|||50|]Farigiraf||ColburBerry|ArmorTail|TrickRoom,Protect,HyperVoice,HelpingHand|Relaxed||M|||50|]Camerupt||Cameruptite|MagmaArmor|HeatWave,EarthPower,AncientPower,Protect|Modest||M|||50|]Sneasler||FocusSash|PoisonTouch|FakeOut,CloseCombat,DireClaw,Protect|Adamant||M|||50|]Abomasnow||Abomasite|SnowWarning|Blizzard,IceShard,EarthPower,EnergyBall|Quiet||M|||50|]Sinistcha||SitrusBerry|Hospitality|TrickRoom,MatchaGotcha,Protect,RagePowder|Relaxed|||||50|\n|showteam|p2|Charizard||CharizarditeY|Blaze|HeatWave,WeatherBall,SolarBeam,Protect|Modest||F|||50|]Whimsicott||FocusSash|Prankster|Moonblast,Encore,Tailwind,Protect|Timid||F|||50|]Kingambit||OccaBerry|Defiant|KowtowCleave,SuckerPunch,IronHead,LowKick|Adamant||F|||50|]Basculegion||MysticWater|Adaptability|WaveCrash,LastRespects,AquaJet,Protect|Adamant||M|||50|]Garchomp||LifeOrb|RoughSkin|Earthquake,DragonClaw,RockSlide,Protect|Jolly||F|||50|]Floette-Eternal||Floettite|FlowerVeil|Moonblast,DazzlingGleam,LightofRuin,Protect|Timid||F|||50|\n|\n|t:|1788237858\n|teamsize|p1|4\n|teamsize|p2|4\n|start\n|switch|p1a: Farigiraf|Farigiraf, L50, M|100/100\n|switch|p1b: Camerupt|Camerupt, L50, M|100/100\n|switch|p2a: Basculegion|Basculegion, L50, M|100/100\n|switch|p2b: Garchomp|Garchomp, L50, F|100/100\n|turn|1\n|\n|t:|1788237922\n|switch|p1a: Sinistcha|Sinistcha, L50|100/100\n|detailschange|p1b: Camerupt|Camerupt-Mega, L50, M\n|-mega|p1b: Camerupt|Camerupt|Cameruptite\n|move|p1b: Camerupt|Protect|p1b: Camerupt\n|-singleturn|p1b: Camerupt|Protect\n|move|p2b: Garchomp|Rock Slide|p1a: Sinistcha|[spread] p1a\n|-activate|p1b: Camerupt|move: Protect\n|-damage|p1a: Sinistcha|78/100\n|-damage|p2b: Garchomp|90/100|[from] item: Life Orb\n|move|p2a: Basculegion|Wave Crash|p1a: Sinistcha\n|-resisted|p1a: Sinistcha|1\n|-damage|p1a: Sinistcha|37/100\n|-enditem|p1a: Sinistcha|Sitrus Berry|[eat]\n|-heal|p1a: Sinistcha|62/100|[from] item: Sitrus Berry\n|-damage|p2a: Basculegion|87/100|[from] Recoil\n|\n|upkeep\n|turn|2\n|\n|t:|1788237947\n|switch|p1b: Farigiraf|Farigiraf, L50, M|100/100\n|move|p2b: Garchomp|Rock Slide|p1a: Sinistcha|[spread] p1a,p1b\n|-crit|p1b: Farigiraf\n|-damage|p1a: Sinistcha|42/100\n|-damage|p1b: Farigiraf|67/100\n|-damage|p2b: Garchomp|80/100|[from] item: Life Orb\n|move|p2a: Basculegion|Wave Crash|p1b: Farigiraf\n|-damage|p1b: Farigiraf|0 fnt\n|faint|p1b: Farigiraf\n|-damage|p2a: Basculegion|62/100|[from] Recoil\n|cant|p1a: Sinistcha|flinch\n|\n|upkeep\n|\n|t:|1788237962\n|switch|p1b: Sneasler|Sneasler, L50, M|100/100\n|turn|3\n|\n|t:|1788237980\n|move|p1b: Sneasler|Fake Out|p2b: Garchomp\n|-damage|p2b: Garchomp|63/100\n|-damage|p1b: Sneasler|87/100|[from] ability: Rough Skin|[of] p2b: Garchomp\n|-status|p2b: Garchomp|psn|[from] ability: Poison Touch|[of] p1b: Sneasler\n|move|p2a: Basculegion|Aqua Jet|p1b: Sneasler\n|-damage|p1b: Sneasler|26/100\n|cant|p2b: Garchomp|flinch\n|move|p1a: Sinistcha|Trick Room|p1a: Sinistcha\n|-fieldstart|move: Trick Room|[of] p1a: Sinistcha\n|\n|-damage|p2b: Garchomp|50/100g psn|[from] psn\n|upkeep\n|turn|4\n|\n|t:|1788237998\n|switch|p2b: Kingambit|Kingambit, L50, F|100/100\n|move|p1a: Sinistcha|Matcha Gotcha|p2a: Basculegion|[spread] p2a,p2b\n|-supereffective|p2a: Basculegion|1\n|-resisted|p2b: Kingambit|1\n|-damage|p2a: Basculegion|6/100\n|-heal|p1a: Sinistcha|72/100|[from] drain|[of] p2a: Basculegion\n|-damage|p2b: Kingambit|88/100\n|-heal|p1a: Sinistcha|79/100|[from] drain|[of] p2b: Kingambit\n|move|p2a: Basculegion|Wave Crash|p1b: Sneasler\n|-damage|p1b: Sneasler|0 fnt\n|faint|p1b: Sneasler\n|-damage|p2a: Basculegion|0 fnt|[from] Recoil\n|faint|p2a: Basculegion\n|\n|upkeep\n|\n|t:|1788238012\n|switch|p2a: Charizard|Charizard, L50, F, shiny|100/100\n|switch|p1b: Camerupt|Camerupt-Mega, L50, M|100/100\n|turn|5\n|\n|t:|1788238029\n|switch|p2a: Garchomp|Garchomp, L50, F|50/100g psn\n|move|p1a: Sinistcha|Rage Powder|p1a: Sinistcha\n|-singleturn|p1a: Sinistcha|move: Rage Powder\n|move|p2b: Kingambit|Sucker Punch||[still]\n|-fail|p2b: Kingambit\n|move|p1b: Camerupt|Heat Wave|p2b: Kingambit|[spread] p2a,p2b\n|-resisted|p2a: Garchomp|1\n|-supereffective|p2b: Kingambit|1\n|-enditem|p2b: Kingambit|Occa Berry|[eat]\n|-enditem|p2b: Kingambit|Occa Berry|[weaken]\n|-damage|p2a: Garchomp|17/100 psn\n|-damage|p2b: Kingambit|31/100\n|\n|-damage|p2a: Garchomp|5/100 psn|[from] psn\n|upkeep\n|turn|6\n|\n|t:|1788238062\n|move|p1a: Sinistcha|Rage Powder|p1a: Sinistcha\n|-singleturn|p1a: Sinistcha|move: Rage Powder\n|move|p1b: Camerupt|Heat Wave|p2b: Kingambit|[spread] p2a,p2b\n|-resisted|p2a: Garchomp|1\n|-supereffective|p2b: Kingambit|1\n|-damage|p2a: Garchomp|0 fnt\n|-damage|p2b: Kingambit|0 fnt\n|faint|p2a: Garchomp\n|faint|p2b: Kingambit\n|\n|upkeep\n|\n|t:|1788238067\n|switch|p2b: Charizard|Charizard, L50, F, shiny|100/100\n|turn|7\n|\n|t:|1788238081\n|move|p2b: Charizard|Protect|p2b: Charizard\n|-singleturn|p2b: Charizard|Protect\n|move|p1a: Sinistcha|Rage Powder|p1a: Sinistcha\n|-singleturn|p1a: Sinistcha|move: Rage Powder\n|move|p1b: Camerupt|Ancient Power|p2b: Charizard\n|-activate|p2b: Charizard|move: Protect\n|\n|-fieldend|move: Trick Room\n|upkeep\n|turn|8\n|\n|t:|1788238106\n|detailschange|p2b: Charizard|Charizard-Mega-Y, L50, F, shiny\n|-mega|p2b: Charizard|Charizard|Charizardite Y\n|-weather|SunnyDay|[from] ability: Drought|[of] p2b: Charizard\n|move|p1a: Sinistcha|Rage Powder|p1a: Sinistcha\n|-singleturn|p1a: Sinistcha|move: Rage Powder\n|move|p2b: Charizard|Heat Wave|p1b: Camerupt|[spread] p1b\n|-miss|p2b: Charizard|p1a: Sinistcha\n|-resisted|p1b: Camerupt|1\n|-damage|p1b: Camerupt|70/100\n|move|p1b: Camerupt|Ancient Power|p2b: Charizard\n|-supereffective|p2b: Charizard|2\n|-damage|p2b: Charizard|0 fnt\n|faint|p2b: Charizard\n|\n|win|diamondninja154\n","uploadtime":1788238106,"views":"4","formatid":"gen9championsvgc2026regmbbo3","rating":null,"private":0,"password":null}