{"id":"gen9championsvgc2026regmbbo3-2674022765","format":"[Gen 9 Champions] VGC 2026 Reg M-B (Bo3)","players":["luvboy202","RazzRazzBerry"],"log":"|j|☆luvboy202\n|j|☆RazzRazzBerry\n|html|<table width=\"100%\"><tr><td align=\"left\">luvboy202</td><td align=\"right\">RazzRazzBerry</tr><tr><td align=\"left\"><i class=\"fa fa-circle-o\"></i> <i class=\"fa fa-circle-o\"></i> </td><td align=\"right\"><i class=\"fa fa-circle-o\"></i> <i class=\"fa fa-circle\"></i> </tr></table>\n|uhtml|bestof|<h2><strong>Game 2</strong> of <a href=\"/game-bestof3-gen9championsvgc2026regmbbo3-2674021159\">a best-of-3</a></h2>\n|t:|1788289333\n|gametype|doubles\n|player|p1|luvboy202|sabrina|1052\n|player|p2|RazzRazzBerry|wattson|1132\n|gen|9\n|tier|[Gen 9 Champions] VGC 2026 Reg M-B (Bo3)\n|rated|\n|rule|Species Clause: Limit one of each Pokémon\n|rule|Item Clause: Limit 1 of each item\n|clearpoke\n|poke|p1|Alcremie, L50, F|\n|poke|p1|Delphox, L50, F|\n|poke|p1|Sinistcha, L50|\n|poke|p1|Sneasler, L50, M|\n|poke|p1|Aerodactyl, L50, F|\n|poke|p1|Excadrill, L50, M|\n|poke|p2|Gengar, L50, M, shiny|\n|poke|p2|Incineroar, L50, F|\n|poke|p2|Politoed, L50, M|\n|poke|p2|Archaludon, L50, M|\n|poke|p2|Kommo-o, L50, F|\n|poke|p2|Farigiraf, L50, M|\n|teampreview|4\n|showteam|p1|Alcremie||FocusSash|AromaVeil|Decorate,DrainingKiss,Recover,Protect|Calm||F|||50|]Delphox||Delphoxite|Blaze|HeatWave,Protect,PsychicNoise,ShadowBall|Timid||F|||50|]Sinistcha||SitrusBerry|Hospitality|RagePowder,LifeDew,MatchaGotcha,ShadowBall|Bold|||||50|]Sneasler||KingsRock|PoisonTouch|Feint,DireClaw,FakeOut,CloseCombat|Jolly||M|||50|]Aerodactyl||ExpertBelt|Unnerve|Tailwind,Protect,RockSlide,DualWingbeat|Jolly||F|||50|]Excadrill||Excadrite|SandRush|Protect,Earthquake,RockSlide,IronHead|Jolly||M|||50|\n|showteam|p2|Gengar||Gengarite|CursedBody|SludgeBomb,Disable,PerishSong,Protect|Calm||M|||50|]Incineroar||ShucaBerry|Intimidate|FakeOut,PartingShot,ThroatChop,Protect|Impish||F|||50|]Politoed||SitrusBerry|Drizzle|MuddyWater,PerishSong,Encore,Protect|Calm||M|||50|]Archaludon||Leftovers|Sturdy|FlashCannon,DragonPulse,ElectroShot,Protect|Modest||M|||50|]Kommo-o||RoseliBerry|Soundproof|BodyPress,IronDefense,DracoMeteor,Protect|Bold||F|||50|]Farigiraf||ColburBerry|ArmorTail|Psychic,TrickRoom,Protect,LowKick|Modest||M|||50|\n|inactive|Battle timer is ON: inactive players will automatically lose when time's up. (requested by luvboy202)\n|\n|t:|1788289359\n|teamsize|p1|4\n|teamsize|p2|4\n|start\n|switch|p1a: Excadrill|Excadrill, L50, M|100/100\n|switch|p1b: Sinistcha|Sinistcha, L50|100/100\n|switch|p2a: Radley|Gengar, L50, M, shiny|100/100\n|switch|p2b: Incineroar|Incineroar, L50, F|100/100\n|-ability|p2b: Incineroar|Intimidate|boost\n|-unboost|p1a: Excadrill|atk|1\n|-unboost|p1b: Sinistcha|atk|1\n|turn|1\n|inactive|RazzRazzBerry has 30 seconds left.\n|\n|t:|1788289387\n|detailschange|p1a: Excadrill|Excadrill-Mega, L50, M\n|-mega|p1a: Excadrill|Excadrill|Excadrite\n|detailschange|p2a: Radley|Gengar-Mega, L50, M, shiny\n|-mega|p2a: Radley|Gengar|Gengarite\n|move|p2b: Incineroar|Fake Out|p1a: Excadrill\n|-resisted|p1a: Excadrill|1\n|-damage|p1a: Excadrill|95/100\n|cant|p1a: Excadrill|flinch\n|move|p2a: Radley|Sludge Bomb|p1b: Sinistcha\n|-damage|p1b: Sinistcha|35/100\n|-enditem|p1b: Sinistcha|Sitrus Berry|[eat]\n|-heal|p1b: Sinistcha|60/100|[from] item: Sitrus Berry\n|move|p1b: Sinistcha|Shadow Ball|p2a: Radley\n|-supereffective|p2a: Radley|1\n|-damage|p2a: Radley|46/100\n|\n|upkeep\n|turn|2\n|\n|t:|1788289408\n|switch|p2a: Farigiraf|Farigiraf, L50, M|100/100\n|move|p1a: Excadrill|Earthquake|p2b: Incineroar|[spread] p1b,p2a,p2b\n|-resisted|p1b: Sinistcha|1\n|-supereffective|p2b: Incineroar|1\n|-enditem|p2b: Incineroar|Shuca Berry|[eat]\n|-enditem|p2b: Incineroar|Shuca Berry|[weaken]\n|-damage|p1b: Sinistcha|48/100\n|-damage|p2a: Farigiraf|69/100\n|-damage|p2b: Incineroar|74/100\n|move|p1b: Sinistcha|Shadow Ball|p2a: Farigiraf\n|-immune|p2a: Farigiraf\n|move|p2b: Incineroar|Throat Chop|p1b: Sinistcha\n|-supereffective|p1b: Sinistcha|1\n|-damage|p1b: Sinistcha|8/100\n|-start|p1b: Sinistcha|Throat Chop|[silent]\n|\n|upkeep\n|turn|3\n|inactive|RazzRazzBerry has 30 seconds left.\n|\n|t:|1788289434\n|switch|p1b: Aerodactyl|Aerodactyl, L50, F|100/100\n|-ability|p1b: Aerodactyl|Unnerve\n|move|p1a: Excadrill|Earthquake|p2a: Farigiraf|[spread] p2a,p2b\n|-immune|p1b: Aerodactyl\n|-supereffective|p2b: Incineroar|1\n|-damage|p2a: Farigiraf|37/100\n|-damage|p2b: Incineroar|23/100\n|move|p2b: Incineroar|Parting Shot|p1a: Excadrill\n|-unboost|p1a: Excadrill|atk|1\n|-unboost|p1a: Excadrill|spa|1\n|\n|t:|1788289442\n|switch|p2b: Politoed|Politoed, L50, M|100/100|[from] Parting Shot\n|-weather|RainDance|[from] ability: Drizzle|[of] p2b: Politoed\n|move|p2a: Farigiraf|Psychic|p1b: Aerodactyl\n|-damage|p1b: Aerodactyl|42/100\n|\n|-weather|RainDance|[upkeep]\n|upkeep\n|turn|4\n|\n|t:|1788289454\n|switch|p2a: Incineroar|Incineroar, L50, F|23/100\n|-ability|p2a: Incineroar|Intimidate|boost\n|-unboost|p1a: Excadrill|atk|1\n|-unboost|p1b: Aerodactyl|atk|1\n|move|p1b: Aerodactyl|Rock Slide|p2a: Incineroar|[spread] p2a,p2b\n|-supereffective|p2a: Incineroar|1\n|-damage|p2a: Incineroar|0 fnt\n|-damage|p2b: Politoed|82/100\n|faint|p2a: Incineroar\n|move|p1a: Excadrill|Rock Slide|p2b: Politoed\n|-damage|p2b: Politoed|70/100\n|move|p2b: Politoed|Muddy Water|p1a: Excadrill|[spread] p1b\n|-miss|p2b: Politoed|p1a: Excadrill\n|-supereffective|p1b: Aerodactyl|1\n|-damage|p1b: Aerodactyl|0 fnt\n|faint|p1b: Aerodactyl\n|\n|-weather|RainDance|[upkeep]\n|upkeep\n|\n|t:|1788289469\n|switch|p1b: Sneasler|Sneasler, L50, M|100/100\n|switch|p2a: Farigiraf|Farigiraf, L50, M|37/100\n|turn|5\n|\n|t:|1788289479\n|move|p1b: Sneasler|Close Combat|p2b: Politoed\n|-damage|p2b: Politoed|0 fnt\n|-unboost|p1b: Sneasler|def|1\n|-unboost|p1b: Sneasler|spd|1\n|faint|p2b: Politoed\n|move|p1a: Excadrill|Rock Slide|p2a: Farigiraf\n|-damage|p2a: Farigiraf|25/100\n|move|p2a: Farigiraf|Trick Room|p2a: Farigiraf\n|-fieldstart|move: Trick Room|[of] p2a: Farigiraf\n|\n|-weather|RainDance|[upkeep]\n|upkeep\n|\n|t:|1788289483\n|switch|p2b: Radley|Gengar-Mega, L50, M, shiny|46/100\n|turn|6\n|\n|t:|1788289501\n|move|p2b: Radley|Protect|p2b: Radley\n|-singleturn|p2b: Radley|Protect\n|move|p1b: Sneasler|Feint||[still]\n|cant|p2a: Farigiraf|ability: Armor Tail|Feint|[of] p1b: Sneasler\n|move|p2a: Farigiraf|Psychic|p1b: Sneasler\n|-supereffective|p1b: Sneasler|2\n|-damage|p1b: Sneasler|0 fnt\n|faint|p1b: Sneasler\n|move|p1a: Excadrill|Earthquake|p2b: Radley|[spread] p2a\n|-activate|p2b: Radley|move: Protect\n|-damage|p2a: Farigiraf|8/100\n|\n|-weather|RainDance|[upkeep]\n|upkeep\n|\n|t:|1788289513\n|switch|p1b: Sinistcha|Sinistcha, L50|8/100\n|-heal|p1a: Excadrill|100/100|[from] ability: Hospitality|[of] p1b: Sinistcha\n|turn|7\n|\n|t:|1788289521\n|move|p2a: Farigiraf|Psychic|p1b: Sinistcha\n|-damage|p1b: Sinistcha|0 fnt\n|faint|p1b: Sinistcha\n|move|p2b: Radley|Disable|p1a: Excadrill\n|-start|p1a: Excadrill|Disable|Earthquake\n|cant|p1a: Excadrill|Disable|Earthquake\n|\n|-weather|none\n|upkeep\n|turn|8\n|\n|t:|1788289540\n|move|p2a: Farigiraf|Low Kick|p1a: Excadrill\n|-supereffective|p1a: Excadrill|1\n|-damage|p1a: Excadrill|71/100\n|move|p2b: Radley|Perish Song|p2b: Radley\n|-start|p1a: Excadrill|perish3|[silent]\n|-start|p2a: Farigiraf|perish3|[silent]\n|-start|p2b: Radley|perish3|[silent]\n|-fieldactivate|move: Perish Song\n|move|p1a: Excadrill|Iron Head|p2b: Radley\n|-damage|p2b: Radley|23/100\n|\n|-start|p2a: Farigiraf|perish3\n|-start|p2b: Radley|perish3\n|-start|p1a: Excadrill|perish3\n|upkeep\n|turn|9\n|\n|t:|1788289556\n|move|p2b: Radley|Protect|p2b: Radley\n|-singleturn|p2b: Radley|Protect\n|move|p2a: Farigiraf|Low Kick|p1a: Excadrill\n|-supereffective|p1a: Excadrill|1\n|-damage|p1a: Excadrill|39/100\n|move|p1a: Excadrill|Iron Head|p2b: Radley\n|-crit|p2b: Radley\n|-ability|p1a: Excadrill|Piercing Drill\n|-zbroken|p2b: Radley\n|-damage|p2b: Radley|2/100\n|\n|-start|p2a: Farigiraf|perish2\n|-start|p2b: Radley|perish2\n|-start|p1a: Excadrill|perish2\n|-fieldend|move: Trick Room\n|upkeep\n|turn|10\n|\n|t:|1788289579\n|move|p2b: Radley|Protect||[still]\n|-fail|p2b: Radley\n|move|p1a: Excadrill|Iron Head|p2b: Radley\n|-damage|p2b: Radley|0 fnt\n|faint|p2b: Radley\n|move|p2a: Farigiraf|Low Kick|p1a: Excadrill\n|-supereffective|p1a: Excadrill|1\n|-damage|p1a: Excadrill|6/100\n|\n|-end|p1a: Excadrill|Disable\n|-start|p1a: Excadrill|perish1\n|-start|p2a: Farigiraf|perish1\n|upkeep\n|turn|11\n|\n|t:|1788289592\n|move|p2a: Farigiraf|Protect|p2a: Farigiraf\n|-singleturn|p2a: Farigiraf|Protect\n|move|p1a: Excadrill|Iron Head|p2a: Farigiraf\n|-ability|p1a: Excadrill|Piercing Drill\n|-zbroken|p2a: Farigiraf\n|-damage|p2a: Farigiraf|3/100\n|\n|-start|p1a: Excadrill|perish0\n|-start|p2a: Farigiraf|perish0\n|faint|p1a: Excadrill\n|faint|p2a: Farigiraf\n|\n|win|RazzRazzBerry\n|raw|luvboy202's rating: 1052 &rarr; <strong>1038</strong><br />(-14 for losing)\n|raw|RazzRazzBerry's rating: 1132 &rarr; <strong>1151</strong><br />(+19 for winning)\n|l|☆luvboy202\n|player|p1|\n","uploadtime":1788289754,"views":"13","formatid":"gen9championsvgc2026regmbbo3","rating":1038,"private":0,"password":null}