{"id":"gen9championsvgc2026regmb-2673864086","format":"[Gen 9 Champions] VGC 2026 Reg M-B","players":["Thornlace48812","yoavi1000"],"log":"|j|☆Thornlace48812\n|j|☆yoavi1000\n|t:|1788270262\n|gametype|doubles\n|player|p1|Thornlace48812|102|1131\n|player|p2|yoavi1000|170|1111\n|gen|9\n|tier|[Gen 9 Champions] VGC 2026 Reg M-B\n|rated|\n|rule|Species Clause: Limit one of each Pokémon\n|rule|Item Clause: Limit 1 of each item\n|clearpoke\n|poke|p1|Garchomp, L50, M|\n|poke|p1|Charizard, L50, F|\n|poke|p1|Whimsicott, L50, M|\n|poke|p1|Sylveon, L50, M|\n|poke|p1|Kingambit, L50, M|\n|poke|p1|Basculegion, L50, M|\n|poke|p2|Hydreigon, L50, F|\n|poke|p2|Whimsicott, L50, M|\n|poke|p2|Rotom-Wash, L50|\n|poke|p2|Skarmory, L50, F|\n|poke|p2|Banette, L50, M|\n|poke|p2|Archaludon, L50, F|\n|teampreview|4\n|inactive|Battle timer is ON: inactive players will automatically lose when time's up. (requested by Thornlace48812)\nThornlace48812 rejected open team sheets.\n|\n|t:|1788270277\n|teamsize|p1|4\n|teamsize|p2|4\n|start\n|switch|p1a: Sylveon|Sylveon, L50, M|100/100\n|switch|p1b: Whimsicott|Whimsicott, L50, M|100/100\n|switch|p2a: Whimsicott|Whimsicott, L50, M|100/100\n|switch|p2b: Hydreigon|Hydreigon, L50, F|100/100\n|turn|1\n|inactive|yoavi1000 has 30 seconds left.\n|\n|t:|1788270308\n|move|p2b: Hydreigon|Protect|p2b: Hydreigon\n|-singleturn|p2b: Hydreigon|Protect\n|move|p2a: Whimsicott|Tailwind|p2a: Whimsicott\n|-sidestart|p2: yoavi1000|move: Tailwind\n|move|p1b: Whimsicott|Moonblast|p2b: Hydreigon\n|-activate|p2b: Hydreigon|move: Protect\n|move|p1a: Sylveon|Hyper Voice|p2b: Hydreigon|[spread] p2a\n|-activate|p2b: Hydreigon|move: Protect\n|-damage|p2a: Whimsicott|25/100\n|\n|upkeep\n|turn|2\n|inactive|yoavi1000 has 30 seconds left.\n|inactive|yoavi1000 has 20 seconds left.\n|\n|t:|1788270345\n|move|p2a: Whimsicott|Worry Seed|p1a: Sylveon\n|-ability|p1a: Sylveon|Insomnia|Pixilate|[from] move: Worry Seed\n|move|p1b: Whimsicott|Encore|p2b: Hydreigon\n|-hint|Since gen 7, Dark is immune to Prankster moves.\n|-immune|p2b: Hydreigon\n|move|p2b: Hydreigon|Snarl|p1b: Whimsicott|[spread] p1a,p1b\n|-resisted|p1a: Sylveon|1\n|-resisted|p1b: Whimsicott|1\n|-damage|p1a: Sylveon|90/100\n|-damage|p1b: Whimsicott|79/100\n|-unboost|p1a: Sylveon|spa|1\n|-unboost|p1b: Whimsicott|spa|1\n|move|p1a: Sylveon|Hyper Voice|p2b: Hydreigon|[spread] p2a,p2b\n|-damage|p2a: Whimsicott|1/100\n|-damage|p2b: Hydreigon|83/100\n|\n|upkeep\n|turn|3\n|\n|t:|1788270369\n|move|p2a: Whimsicott|Moonblast|p1b: Whimsicott\n|-damage|p1b: Whimsicott|21/100\n|move|p2b: Hydreigon|Dark Pulse|p1a: Sylveon\n|-resisted|p1a: Sylveon|1\n|-damage|p1a: Sylveon|71/100\n|move|p1b: Whimsicott|Moonblast|p2b: Hydreigon\n|-supereffective|p2b: Hydreigon|2\n|-damage|p2b: Hydreigon|0 fnt\n|faint|p2b: Hydreigon\n|move|p1a: Sylveon|Hyper Voice|p2a: Whimsicott\n|-crit|p2a: Whimsicott\n|-damage|p2a: Whimsicott|0 fnt\n|faint|p2a: Whimsicott\n|\n|upkeep\n|\n|t:|1788270379\n|switch|p2a: Banette|Banette, L50, M|100/100\n|switch|p2b: Archaludon|Archaludon, L50, F|100/100\n|-item|p1a: Sylveon|Fairy Feather|[from] ability: Frisk|[of] p2a: Banette\n|-item|p1b: Whimsicott|Focus Sash|[from] ability: Frisk|[of] p2a: Banette\n|turn|4\n|\n|t:|1788270385\n|detailschange|p2a: Banette|Banette-Mega, L50, M\n|-mega|p2a: Banette|Banette|Banettite\n|move|p2a: Banette|Shadow Sneak|p1b: Whimsicott\n|-damage|p1b: Whimsicott|0 fnt\n|faint|p1b: Whimsicott\n|move|p1a: Sylveon|Quick Attack|p2a: Banette\n|-immune|p2a: Banette\n|move|p2b: Archaludon|Flash Cannon|p1a: Sylveon\n|-supereffective|p1a: Sylveon|1\n|-damage|p1a: Sylveon|6/100\n|\n|-sideend|p2: yoavi1000|move: Tailwind\n|upkeep\n|\n|t:|1788270386\n|switch|p1b: Charizard|Charizard, L50, F|100/100\n|turn|5\n|\n|t:|1788270400\n|detailschange|p1b: Charizard|Charizard-Mega-Y, L50, F\n|-mega|p1b: Charizard|Charizard|Charizardite Y\n|-weather|SunnyDay|[from] ability: Drought|[of] p1b: Charizard\n|move|p2a: Banette|Rain Dance|p2a: Banette\n|-weather|RainDance\n|move|p1b: Charizard|Heat Wave|p2b: Archaludon|[spread] p2a\n|-miss|p1b: Charizard|p2b: Archaludon\n|-damage|p2a: Banette|74/100\n|move|p2b: Archaludon|Electro Shot||[still]\n|-prepare|p2b: Archaludon|Electro Shot\n|-boost|p2b: Archaludon|spa|1\n|-anim|p2b: Archaludon|Electro Shot|p1b: Charizard\n|-supereffective|p1b: Charizard|1\n|-damage|p1b: Charizard|0 fnt\n|faint|p1b: Charizard\n|move|p1a: Sylveon|Hyper Voice|p2b: Archaludon|[spread] p2b\n|-immune|p2a: Banette\n|-resisted|p2b: Archaludon|1\n|-damage|p2b: Archaludon|91/100\n|-ability|p2b: Archaludon|Stamina|boost\n|-boost|p2b: Archaludon|def|1\n|\n|-weather|RainDance|[upkeep]\n|-heal|p2b: Archaludon|97/100|[from] item: Leftovers\n|upkeep\n|\n|t:|1788270401\n|switch|p1b: Garchomp|Garchomp, L50, M|100/100\n|turn|6\n|\n|t:|1788270420\n|move|p2a: Banette|Substitute|p2a: Banette\n|-start|p2a: Banette|Substitute\n|-damage|p2a: Banette|50/100g\n|move|p1b: Garchomp|Dragon Claw|p2b: Archaludon\n|-damage|p2b: Archaludon|75/100\n|-ability|p2b: Archaludon|Stamina|boost\n|-boost|p2b: Archaludon|def|1\n|-damage|p1b: Garchomp|90/100|[from] item: Life Orb\n|move|p2b: Archaludon|Flash Cannon|p1b: Garchomp\n|-damage|p1b: Garchomp|28/100\n|move|p1a: Sylveon|Hyper Voice|p2b: Archaludon|[spread] p2b\n|-immune|p2a: Banette\n|-resisted|p2b: Archaludon|1\n|-damage|p2b: Archaludon|66/100\n|-ability|p2b: Archaludon|Stamina|boost\n|-boost|p2b: Archaludon|def|1\n|\n|-weather|RainDance|[upkeep]\n|-heal|p2b: Archaludon|72/100|[from] item: Leftovers\n|upkeep\n|turn|7\n|\n|t:|1788270434\n|move|p2a: Banette|Shadow Sneak|p1b: Garchomp\n|-damage|p1b: Garchomp|2/100\n|-damage|p2a: Banette|38/100|[from] ability: Rough Skin|[of] p1b: Garchomp\n|move|p1b: Garchomp|Rock Slide|p2a: Banette|[spread] p2a,p2b\n|-end|p2a: Banette|Substitute\n|-resisted|p2b: Archaludon|1\n|-damage|p2b: Archaludon|69/100\n|-ability|p2b: Archaludon|Stamina|boost\n|-boost|p2b: Archaludon|def|1\n|-damage|p1b: Garchomp|0 fnt|[from] item: Life Orb\n|faint|p1b: Garchomp\n|move|p2b: Archaludon|Flash Cannon|p1a: Sylveon\n|-supereffective|p1a: Sylveon|1\n|-damage|p1a: Sylveon|0 fnt\n|faint|p1a: Sylveon\n|\n|win|yoavi1000\n|raw|Thornlace48812's rating: 1075 &rarr; <strong>1056</strong><br />(-19 for losing)\n|raw|yoavi1000's rating: 1111 &rarr; <strong>1133</strong><br />(+22 for winning)\n","uploadtime":1788270434,"views":"1","formatid":"gen9championsvgc2026regmb","rating":1056,"private":0,"password":null}