{"id":"gen9championsvgc2026regmbbo3-2673983796","format":"[Gen 9 Champions] VGC 2026 Reg M-B (Bo3)","players":["puli95","Cfoowl"],"log":"|j|☆puli95\n|j|☆Cfoowl\n|html|<table width=\"100%\"><tr><td align=\"left\">puli95</td><td align=\"right\">Cfoowl</tr><tr><td align=\"left\"><i class=\"fa fa-circle-o\"></i> <i class=\"fa fa-circle-o\"></i> </td><td align=\"right\"><i class=\"fa fa-circle-o\"></i> <i class=\"fa fa-circle-o\"></i> </tr></table>\n|uhtml|bestof|<h2><strong>Game 1</strong> of <a href=\"/game-bestof3-gen9championsvgc2026regmbbo3-2673983795\">a best-of-3</a></h2>\n|t:|1788284782\n|gametype|doubles\n|player|p1|puli95|blue|1163\n|player|p2|Cfoowl|265|1295\n|gen|9\n|tier|[Gen 9 Champions] VGC 2026 Reg M-B (Bo3)\n|rated|\n|rule|Species Clause: Limit one of each Pokémon\n|rule|Item Clause: Limit 1 of each item\n|clearpoke\n|poke|p1|Staraptor, L50, F|\n|poke|p1|Whimsicott, L50, F|\n|poke|p1|Lycanroc-Dusk, L50, F|\n|poke|p1|Milotic, L50, M|\n|poke|p1|Gholdengo, L50|\n|poke|p1|Incineroar, L50, M|\n|poke|p2|Scovillain, L50, M, shiny|\n|poke|p2|Basculegion, L50, M|\n|poke|p2|Kingambit, L50, M|\n|poke|p2|Sneasler, L50, F|\n|poke|p2|Lycanroc-Dusk, L50, M|\n|poke|p2|Froslass, L50, F, shiny|\n|teampreview|4\n|showteam|p1|Staraptor||Staraptite|Intimidate|CloseCombat,DualWingbeat,Roost,Protect|Jolly||F|||50|]Whimsicott||OccaBerry|Prankster|Moonblast,Tailwind,Charm,Protect|Timid||F|||50|]Lycanroc-Dusk||FocusSash|ToughClaws|RockSlide,Accelerock,CloseCombat,Protect|Adamant||F|||50|]Milotic||Leftovers|Competitive|Scald,IceBeam,LifeDew,Protect|Bold||M|||50|]Gholdengo||ExpertBelt|GoodasGold|MakeItRain,ShadowBall,NastyPlot,Protect|Modest|||||50|]Incineroar||PasshoBerry|Intimidate|FlareBlitz,ThroatChop,FakeOut,PartingShot|Careful||M|||50|\n|showteam|p2|Scovillain||Scovillainite|Moody|GigaDrain,Overheat,RagePowder,Protect|Bold||M|||50|]Basculegion||LifeOrb|Adaptability|WaveCrash,LastRespects,AquaJet,Protect|Adamant||M|||50|]Kingambit||BlackGlasses|Defiant|KowtowCleave,SuckerPunch,SwordsDance,Protect|Adamant||M|||50|]Sneasler||WhiteHerb|Unburden|CloseCombat,DireClaw,Protect,FakeOut|Adamant||F|||50|]Lycanroc-Dusk||FocusSash|ToughClaws|CloseCombat,Accelerock,RockSlide,Protect|Adamant||M|||50|]Froslass||Froslassite|CursedBody|Blizzard,ShadowBall,AuroraVeil,Protect|Timid||F|||50|\n|inactive|Battle timer is ON: inactive players will automatically lose when time's up. (requested by Cfoowl)\n|inactive|puli95 has 60 seconds left.\n|inactive|puli95 has 30 seconds left.\n|\n|t:|1788284879\n|teamsize|p1|4\n|teamsize|p2|4\n|start\n|switch|p1a: Staraptor|Staraptor, L50, F|100/100\n|switch|p1b: Whimsicott|Whimsicott, L50, F|100/100\n|switch|p2a: Froslass|Froslass, L50, F, shiny|100/100\n|switch|p2b: Sneasler|Sneasler, L50, F|100/100\n|-ability|p1a: Staraptor|Intimidate|boost\n|-unboost|p2a: Froslass|atk|1\n|-unboost|p2b: Sneasler|atk|1\n|-enditem|p2b: Sneasler|White Herb\n|-clearnegativeboost|p2b: Sneasler|[silent]\n|turn|1\n|inactive|Cfoowl has 30 seconds left.\n|inactive|Cfoowl has 20 seconds left.\n|\n|t:|1788284918\n|detailschange|p2a: Froslass|Froslass-Mega, L50, F, shiny\n|-mega|p2a: Froslass|Froslass|Froslassite\n|-weather|Snowscape|[from] ability: Snow Warning|[of] p2a: Froslass\n|move|p1b: Whimsicott|Protect|p1b: Whimsicott\n|-singleturn|p1b: Whimsicott|Protect\n|move|p1a: Staraptor|Protect|p1a: Staraptor\n|-singleturn|p1a: Staraptor|Protect\n|move|p2b: Sneasler|Fake Out|p1b: Whimsicott\n|-activate|p1b: Whimsicott|move: Protect\n|move|p2a: Froslass|Blizzard|p1b: Whimsicott|[spread] \n|-activate|p1a: Staraptor|move: Protect\n|-activate|p1b: Whimsicott|move: Protect\n|\n|-weather|Snowscape|[upkeep]\n|upkeep\n|turn|2\n|inactive|puli95 has 30 seconds left.\n|inactive|Cfoowl has 30 seconds left.\n|\n|t:|1788284956\n|detailschange|p1a: Staraptor|Staraptor-Mega, L50, F\n|-mega|p1a: Staraptor|Staraptor|Staraptite\n|move|p2b: Sneasler|Protect|p2b: Sneasler\n|-singleturn|p2b: Sneasler|Protect\n|move|p1b: Whimsicott|Tailwind|p1b: Whimsicott\n|-sidestart|p1: puli95|move: Tailwind\n|move|p1a: Staraptor|Close Combat|p1b: Whimsicott\n|-resisted|p1b: Whimsicott|1\n|-damage|p1b: Whimsicott|64/100\n|-boost|p1a: Staraptor|def|1\n|-boost|p1a: Staraptor|spd|1\n|move|p2a: Froslass|Blizzard|p1b: Whimsicott|[spread] p1a,p1b\n|-supereffective|p1a: Staraptor|1\n|-supereffective|p1b: Whimsicott|1\n|-crit|p1b: Whimsicott\n|-damage|p1a: Staraptor|47/100\n|-damage|p1b: Whimsicott|0 fnt\n|faint|p1b: Whimsicott\n|\n|-weather|Snowscape|[upkeep]\n|upkeep\n|\n|t:|1788284974\n|switch|p1b: Incineroar|Incineroar, L50, M|100/100\n|-ability|p1b: Incineroar|Intimidate|boost\n|-unboost|p2a: Froslass|atk|1\n|-unboost|p2b: Sneasler|atk|1\n|turn|3\n|\n|t:|1788284993\n|switch|p2b: Basculegion|Basculegion, L50, M|100/100\n|move|p1a: Staraptor|Roost|p1a: Staraptor\n|-heal|p1a: Staraptor|97/100\n|-singleturn|p1a: Staraptor|move: Roost\n|move|p2a: Froslass|Aurora Veil|p2a: Froslass\n|-sidestart|p2: Cfoowl|move: Aurora Veil\n|move|p1b: Incineroar|Parting Shot|p2a: Froslass\n|-unboost|p2a: Froslass|atk|1\n|-unboost|p2a: Froslass|spa|1\n|\n|t:|1788285003\n|switch|p1b: Milotic|Milotic, L50, M|100/100|[from] Parting Shot\n|\n|-weather|Snowscape|[upkeep]\n|upkeep\n|turn|4\n|inactive|Cfoowl has 30 seconds left.\n|\n|t:|1788285035\n|move|p2a: Froslass|Protect|p2a: Froslass\n|-singleturn|p2a: Froslass|Protect\n|move|p1a: Staraptor|Close Combat|p1b: Milotic\n|-damage|p1b: Milotic|47/100\n|-boost|p1a: Staraptor|def|1\n|-boost|p1a: Staraptor|spd|1\n|move|p1b: Milotic|Life Dew|p1b: Milotic|[spread] p1a,p1b\n|-heal|p1a: Staraptor|100/100\n|-heal|p1b: Milotic|72/100\n|move|p2b: Basculegion|Wave Crash|p1b: Milotic\n|-resisted|p1b: Milotic|1\n|-damage|p1b: Milotic|27/100\n|-damage|p2b: Basculegion|85/100|[from] Recoil\n|-damage|p2b: Basculegion|75/100|[from] item: Life Orb\n|\n|-weather|Snowscape|[upkeep]\n|-heal|p1b: Milotic|33/100|[from] item: Leftovers\n|upkeep\n|turn|5\n|\n|t:|1788285059\n|switch|p1b: Incineroar|Incineroar, L50, M|100/100\n|-ability|p1b: Incineroar|Intimidate|boost\n|-unboost|p2a: Froslass|atk|1\n|-unboost|p2b: Basculegion|atk|1\n|move|p1a: Staraptor|Dual Wingbeat|p2b: Basculegion\n|-damage|p2b: Basculegion|60/100\n|-damage|p2b: Basculegion|45/100\n|-hitcount|p2b: Basculegion|2\n|move|p2a: Froslass|Blizzard|p1b: Incineroar|[spread] p1a,p1b\n|-supereffective|p1a: Staraptor|1\n|-resisted|p1b: Incineroar|1\n|-damage|p1a: Staraptor|69/100\n|-damage|p1b: Incineroar|91/100\n|move|p2b: Basculegion|Wave Crash|p1a: Staraptor\n|-crit|p1a: Staraptor\n|-damage|p1a: Staraptor|0 fnt\n|faint|p1a: Staraptor\n|-damage|p2b: Basculegion|25/100|[from] Recoil\n|-damage|p2b: Basculegion|16/100|[from] item: Life Orb\n|\n|-weather|none\n|-sideend|p1: puli95|move: Tailwind\n|upkeep\n|\n|t:|1788285077\n|switch|p1a: Milotic|Milotic, L50, M|33/100\n|turn|6\n|inactive|Cfoowl has 30 seconds left.\n|\n|t:|1788285111\n|move|p2a: Froslass|Shadow Ball|p1a: Milotic\n|-damage|p1a: Milotic|17/100\n|move|p2b: Basculegion|Wave Crash|p1b: Incineroar\n|-supereffective|p1b: Incineroar|1\n|-enditem|p1b: Incineroar|Passho Berry|[eat]\n|-enditem|p1b: Incineroar|Passho Berry|[weaken]\n|-damage|p1b: Incineroar|28/100\n|-damage|p2b: Basculegion|0 fnt|[from] Recoil\n|faint|p2b: Basculegion\n|move|p1a: Milotic|Life Dew|p1a: Milotic|[spread] p1a,p1b\n|-heal|p1a: Milotic|42/100\n|-heal|p1b: Incineroar|53/100\n|move|p1b: Incineroar|Throat Chop|p2a: Froslass\n|-supereffective|p2a: Froslass|1\n|-damage|p2a: Froslass|45/100\n|-start|p2a: Froslass|Throat Chop|[silent]\n|\n|-heal|p1a: Milotic|48/100|[from] item: Leftovers\n|upkeep\n|\n|t:|1788285123\n|switch|p2b: Sneasler|Sneasler, L50, F|100/100\n|turn|7\n|\n|t:|1788285134\n|switch|p2a: Kingambit|Kingambit, L50, M|100/100\n|move|p2b: Sneasler|Close Combat|p1b: Incineroar\n|-supereffective|p1b: Incineroar|1\n|-damage|p1b: Incineroar|0 fnt\n|-unboost|p2b: Sneasler|def|1\n|-unboost|p2b: Sneasler|spd|1\n|faint|p1b: Incineroar\n|move|p1a: Milotic|Life Dew|p1a: Milotic\n|-heal|p1a: Milotic|73/100\n|\n|-heal|p1a: Milotic|79/100|[from] item: Leftovers\n|-sideend|p2: Cfoowl|move: Aurora Veil\n|upkeep\n|turn|8\n|\n|t:|1788285154\n|move|p2b: Sneasler|Dire Claw|p1a: Milotic\n|-damage|p1a: Milotic|41/100\n|move|p1a: Milotic|Scald|p2b: Sneasler\n|-damage|p2b: Sneasler|49/100\n|move|p2a: Kingambit|Swords Dance|p2a: Kingambit\n|-boost|p2a: Kingambit|atk|2\n|\n|-heal|p1a: Milotic|47/100|[from] item: Leftovers\n|upkeep\n|turn|9\n|\n|t:|1788285166\n|move|p2b: Sneasler|Dire Claw|p1a: Milotic\n|-damage|p1a: Milotic|6/100\n|move|p1a: Milotic|Scald|p2a: Kingambit\n|-damage|p2a: Kingambit|73/100\n|-status|p2a: Kingambit|brn\n|move|p2a: Kingambit|Swords Dance|p2a: Kingambit\n|-boost|p2a: Kingambit|atk|2\n|\n|-heal|p1a: Milotic|13/100|[from] item: Leftovers\n|-damage|p2a: Kingambit|68/100 brn|[from] brn\n|upkeep\n|turn|10\n|\n|t:|1788285179\n|move|p2b: Sneasler|Dire Claw|p1a: Milotic\n|-damage|p1a: Milotic|0 fnt\n|faint|p1a: Milotic\n|\n|win|Cfoowl\n||Cfoowl is ready for game 2.\n||puli95 is ready for game 2.\n|uhtml|next|Next: <a href=\"/battle-gen9championsvgc2026regmbbo3-2673987229\"><strong>Game 2 of 3</strong></a>\n","uploadtime":1788285416,"views":"1","formatid":"gen9championsvgc2026regmbbo3","rating":null,"private":0,"password":null}