{"id":"gen9championsvgc2026regmbbo3-2674948586","format":"[Gen 9 Champions] VGC 2026 Reg M-B (Bo3)","players":["Yei_Lai","cns14774"],"log":"|j|☆Yei_Lai\n|j|☆cns14774\n|html|<table width=\"100%\"><tr><td align=\"left\">Yei_Lai</td><td align=\"right\">cns14774</tr><tr><td align=\"left\"><i class=\"fa fa-circle\"></i> <i class=\"fa fa-circle-o\"></i> </td><td align=\"right\"><i class=\"fa fa-circle-o\"></i> <i class=\"fa fa-circle-o\"></i> </tr></table>\n|uhtml|bestof|<h2><strong>Game 2</strong> of <a href=\"/game-bestof3-gen9championsvgc2026regmbbo3-2674946008\">a best-of-3</a></h2>\n|t:|1788440585\n|gametype|doubles\n|player|p1|Yei_Lai|dawn|\n|player|p2|cns14774|red|\n|gen|9\n|tier|[Gen 9 Champions] VGC 2026 Reg M-B (Bo3)\n|rule|Species Clause: Limit one of each Pokémon\n|rule|Item Clause: Limit 1 of each item\n|clearpoke\n|poke|p1|Charizard, L50, F|\n|poke|p1|Archaludon, L50, M|\n|poke|p1|Venusaur, L50, F|\n|poke|p1|Pelipper, L50, M|\n|poke|p1|Grimmsnarl, L50, M|\n|poke|p1|Swampert, L50, F|\n|poke|p2|Aerodactyl, L50, F, shiny|\n|poke|p2|Kingambit, L50, M, shiny|\n|poke|p2|Sylveon, L50, F, shiny|\n|poke|p2|Garchomp, L50, M, shiny|\n|poke|p2|Charizard, L50, M, shiny|\n|poke|p2|Farigiraf, L50, F, shiny|\n|teampreview|4\n|showteam|p1|Charizard||CharizarditeY|Blaze|HeatWave,WeatherBall,Hurricane,Protect|Modest||F|||50|]Archaludon||Leftovers|Stamina|ElectroShot,FlashCannon,DragonPulse,Protect|Calm||M|||50|]Venusaur||FocusSash|Chlorophyll|LeafStorm,SludgeBomb,SleepPowder,Protect|Timid||F|||50|]Pelipper||SitrusBerry|Drizzle|WeatherBall,Hurricane,Tailwind,WideGuard|Modest||M|||50|]Grimmsnarl||LightClay|Prankster|SpiritBreak,PartingShot,Reflect,LightScreen|Sassy||M|||50|]Swampert||Swampertite|Torrent|WaveCrash,Earthquake,FlipTurn,Protect|Jolly||F|||50|\n|showteam|p2|Aerodactyl||Aerodactylite|Unnerve|RockSlide,IceFang,Tailwind,DualWingbeat|Jolly||F|||50|]Kingambit||FocusSash|Defiant|KowtowCleave,SuckerPunch,IronHead,LowKick|Adamant||M|||50|]Sylveon||FairyFeather|Pixilate|Detect,HyperVoice,Yawn,QuickAttack|Modest||F|||50|]Garchomp||LifeOrb|RoughSkin|Earthquake,DragonClaw,StompingTantrum,Protect|Jolly||M|||50|]Charizard||CharizarditeY|Blaze|Protect,HeatWave,SolarBeam,WeatherBall|Modest||M|||50|]Farigiraf||SitrusBerry|ArmorTail|Psychic,Thunderbolt,TrickRoom,Protect|Quiet||F|||50|\n|inactive|Battle timer is ON: inactive players will automatically lose when time's up. (requested by cns14774)\n|inactive|Yei_Lai has 60 seconds left.\n|inactive|cns14774 has 60 seconds left.\n|inactive|cns14774 has 30 seconds left.\n|inactive|cns14774 has 20 seconds left.\n|inactive|cns14774 has 15 seconds left.\n|inactive|cns14774 has 10 seconds left.\n|inactive|cns14774 has 5 seconds left.\n|\n|t:|1788440675\n|teamsize|p1|4\n|teamsize|p2|4\n|start\n|switch|p1a: Swampert|Swampert, L50, F|100/100\n|switch|p1b: Archaludon|Archaludon, L50, M|100/100\n|switch|p2a: Sylveon|Sylveon, L50, F, shiny|100/100\n|switch|p2b: Farigiraf|Farigiraf, L50, F, shiny|100/100\n|turn|1\n|inactive|Yei_Lai has 30 seconds left.\n|inactive|cns14774 has 30 seconds left.\n|inactive|cns14774 has 20 seconds left.\n|inactive|cns14774 has 15 seconds left.\n|\n|t:|1788440716\n|switch|p1b: Pelipper|Pelipper, L50, M|100/100\n|-weather|RainDance|[from] ability: Drizzle|[of] p1b: Pelipper\n|detailschange|p1a: Swampert|Swampert-Mega, L50, F\n|-mega|p1a: Swampert|Swampert|Swampertite\n|move|p2b: Farigiraf|Protect|p2b: Farigiraf\n|-singleturn|p2b: Farigiraf|Protect\n|move|p1a: Swampert|Wave Crash|p2a: Sylveon\n|-damage|p2a: Sylveon|0 fnt\n|faint|p2a: Sylveon\n|-damage|p1a: Swampert|64/100|[from] Recoil\n|\n|-weather|RainDance|[upkeep]\n|upkeep\n|\n|t:|1788440733\n|switch|p2a: Charizard|Charizard, L50, M, shiny|100/100\n|turn|2\n|\n|t:|1788440752\n|switch|p1b: Grimmsnarl|Grimmsnarl, L50, M|100/100\n|detailschange|p2a: Charizard|Charizard-Mega-Y, L50, M, shiny\n|-mega|p2a: Charizard|Charizard|Charizardite Y\n|-weather|SunnyDay|[from] ability: Drought|[of] p2a: Charizard\n|move|p2a: Charizard|Solar Beam||[still]\n|-prepare|p2a: Charizard|Solar Beam\n|-anim|p2a: Charizard|Solar Beam|p1a: Swampert\n|-supereffective|p1a: Swampert|2\n|-damage|p1a: Swampert|0 fnt\n|faint|p1a: Swampert\n|move|p2b: Farigiraf|Thunderbolt|p1b: Grimmsnarl\n|-damage|p1b: Grimmsnarl|76/100\n|\n|-weather|SunnyDay|[upkeep]\n|upkeep\n|j| Qaiseasy\n|inactive|Yei_Lai has 30 seconds left.\n|inactive|Yei_Lai has 20 seconds left.\n|inactive|Yei_Lai has 15 seconds left.\n|\n|t:|1788440793\n|switch|p1a: Archaludon|Archaludon, L50, M|100/100\n|turn|3\n|inactive|cns14774 has 30 seconds left.\n|inactive|cns14774 has 20 seconds left.\n|inactive|cns14774 has 15 seconds left.\n|\n|t:|1788440834\n|switch|p2a: Kingambit|Kingambit, L50, M, shiny|100/100\n|switch|p1b: Pelipper|Pelipper, L50, M|100/100\n|-weather|RainDance|[from] ability: Drizzle|[of] p1b: Pelipper\n|move|p1a: Archaludon|Electro Shot||[still]\n|-prepare|p1a: Archaludon|Electro Shot\n|-boost|p1a: Archaludon|spa|1\n|-anim|p1a: Archaludon|Electro Shot|p2a: Kingambit\n|-damage|p2a: Kingambit|40/100\n|move|p2b: Farigiraf|Trick Room|p2b: Farigiraf\n|-fieldstart|move: Trick Room|[of] p2b: Farigiraf\n|\n|-weather|RainDance|[upkeep]\n|upkeep\n|turn|4\n|inactive|cns14774 has 30 seconds left.\n|inactive|cns14774 has 20 seconds left.\n|inactive|cns14774 has 15 seconds left.\n|inactive|cns14774 has 10 seconds left.\n|inactive|cns14774 has 5 seconds left.\n|\n|t:|1788440887\n|switch|p1b: Grimmsnarl|Grimmsnarl, L50, M|76/100\n|move|p2b: Farigiraf|Thunderbolt|p1b: Grimmsnarl\n|-damage|p1b: Grimmsnarl|54/100\n|move|p2a: Kingambit|Iron Head|p1b: Grimmsnarl\n|-supereffective|p1b: Grimmsnarl|1\n|-damage|p1b: Grimmsnarl|0 fnt\n|faint|p1b: Grimmsnarl\n|move|p1a: Archaludon|Electro Shot||[still]\n|-prepare|p1a: Archaludon|Electro Shot\n|-boost|p1a: Archaludon|spa|1\n|-anim|p1a: Archaludon|Electro Shot|p2a: Kingambit\n|-damage|p2a: Kingambit|0 fnt\n|faint|p2a: Kingambit\n|\n|-weather|RainDance|[upkeep]\n|upkeep\n|\n|t:|1788440902\n|switch|p1b: Pelipper|Pelipper, L50, M|100/100\n|switch|p2a: Charizard|Charizard-Mega-Y, L50, M, shiny|100/100\n|-weather|SunnyDay|[from] ability: Drought|[of] p2a: Charizard\n|turn|5\n|\n|t:|1788440923\n|move|p2b: Farigiraf|Thunderbolt|p1b: Pelipper\n|-supereffective|p1b: Pelipper|2\n|-damage|p1b: Pelipper|0 fnt\n|faint|p1b: Pelipper\n|move|p1a: Archaludon|Dragon Pulse|p2a: Charizard\n|-damage|p2a: Charizard|30/100\n|move|p2a: Charizard|Weather Ball|p1a: Archaludon\n|-damage|p1a: Archaludon|21/100\n|-ability|p1a: Archaludon|Stamina|boost\n|-boost|p1a: Archaludon|def|1\n|\n|-weather|SunnyDay|[upkeep]\n|-heal|p1a: Archaludon|27/100|[from] item: Leftovers\n|upkeep\n|turn|6\n|inactive|cns14774 has 30 seconds left.\n|inactive|cns14774 has 20 seconds left.\n|inactive|cns14774 has 15 seconds left.\n|inactive|cns14774 has 10 seconds left.\n|inactive|cns14774 has 5 seconds left.\n|\n|t:|1788440975\n|move|p2a: Charizard|Protect|p2a: Charizard\n|-singleturn|p2a: Charizard|Protect\n|move|p2b: Farigiraf|Psychic|p1a: Archaludon\n|-resisted|p1a: Archaludon|1\n|-damage|p1a: Archaludon|13/100\n|-ability|p1a: Archaludon|Stamina|boost\n|-boost|p1a: Archaludon|def|1\n|move|p1a: Archaludon|Dragon Pulse|p2a: Charizard\n|-activate|p2a: Charizard|move: Protect\n|\n|-weather|SunnyDay|[upkeep]\n|-heal|p1a: Archaludon|19/100|[from] item: Leftovers\n|upkeep\n|turn|7\n|inactive|cns14774 has 30 seconds left.\n|inactive|cns14774 has 20 seconds left.\n|\n|t:|1788441010\n|move|p2b: Farigiraf|Psychic|p1a: Archaludon\n|-resisted|p1a: Archaludon|1\n|-damage|p1a: Archaludon|4/100\n|-ability|p1a: Archaludon|Stamina|boost\n|-boost|p1a: Archaludon|def|1\n|move|p1a: Archaludon|Dragon Pulse|p2a: Charizard\n|-damage|p2a: Charizard|0 fnt\n|faint|p2a: Charizard\n|\n|-weather|SunnyDay|[upkeep]\n|-heal|p1a: Archaludon|10/100|[from] item: Leftovers\n|-fieldend|move: Trick Room\n|upkeep\n|turn|8\n|\n|t:|1788441018\n|move|p1a: Archaludon|Protect|p1a: Archaludon\n|-singleturn|p1a: Archaludon|Protect\n|move|p2b: Farigiraf|Psychic|p1a: Archaludon\n|-activate|p1a: Archaludon|move: Protect\n|\n|-weather|SunnyDay|[upkeep]\n|-heal|p1a: Archaludon|16/100|[from] item: Leftovers\n|upkeep\n|turn|9\n|\n|t:|1788441033\n|move|p1a: Archaludon|Dragon Pulse|p2b: Farigiraf\n|-crit|p2b: Farigiraf\n|-damage|p2b: Farigiraf|0 fnt\n|faint|p2b: Farigiraf\n|\n|win|Yei_Lai\n|c| Qaiseasy|酷\n|c|☆Yei_Lai|@@\n|c|☆Yei_Lai|謝謝指教\n|c| Qaiseasy|這就是賴八強\n|l|☆cns14774\n|player|p2|\n|l| Qaiseasy\n|l|☆Yei_Lai\n|player|p1|\n|j|☆Yei_Lai\n|player|p1|Yei_Lai|dawn|\n|l|☆Yei_Lai\n|player|p1|\n|j|☆Yei_Lai\n|player|p1|Yei_Lai|dawn|\n","uploadtime":1788441288,"views":"15","formatid":"gen9championsvgc2026regmbbo3","rating":null,"private":0,"password":null}