{"id":"gen9championsvgc2026regmb-2674910949","format":"[Gen 9 Champions] VGC 2026 Reg M-B","players":["TESTDIGI","Turmt93ter"],"log":"|j|☆TESTDIGI\n|j|☆Turmt93ter\n|t:|1788434405\n|gametype|doubles\n|player|p1|TESTDIGI|169|1337\n|player|p2|Turmt93ter|worker|1408\n|gen|9\n|tier|[Gen 9 Champions] VGC 2026 Reg M-B\n|rated|\n|rule|Species Clause: Limit one of each Pokémon\n|rule|Item Clause: Limit 1 of each item\n|clearpoke\n|poke|p1|Gholdengo, L50|\n|poke|p1|Staraptor, L50, M, shiny|\n|poke|p1|Tyranitar, L50, F|\n|poke|p1|Farigiraf, L50, F|\n|poke|p1|Whimsicott, L50, F, shiny|\n|poke|p1|Excadrill, L50, F|\n|poke|p2|Clefable, L50, M|\n|poke|p2|Tyranitar, L50, F|\n|poke|p2|Excadrill, L50, F|\n|poke|p2|Sinistcha, L50|\n|poke|p2|Primarina, L50, F|\n|poke|p2|Charizard, L50, M|\n|teampreview|4\n|\n|t:|1788434468\n|teamsize|p1|4\n|teamsize|p2|4\n|start\n|switch|p1a: Staraptor|Staraptor, L50, M, shiny|100/100\n|switch|p1b: Whimsicott|Whimsicott, L50, F, shiny|100/100\n|switch|p2a: Sinistcha|Sinistcha, L50|100/100\n|switch|p2b: Clefable|Clefable, L50, M|100/100\n|-ability|p1a: Staraptor|Intimidate|boost\n|-unboost|p2a: Sinistcha|atk|1\n|-unboost|p2b: Clefable|atk|1\n|turn|1\n|\n|t:|1788434498\n|detailschange|p1a: Staraptor|Staraptor-Mega, L50, M, shiny\n|-mega|p1a: Staraptor|Staraptor|Staraptite\n|detailschange|p2b: Clefable|Clefable-Mega, L50, M\n|-mega|p2b: Clefable|Clefable|Clefablite\n|move|p2b: Clefable|Follow Me|p2b: Clefable\n|-singleturn|p2b: Clefable|move: Follow Me\n|move|p1b: Whimsicott|Charm|p2b: Clefable\n|move|p2b: Clefable|Charm|p1b: Whimsicott|[from] ability: Magic Bounce\n|-unboost|p1b: Whimsicott|atk|2\n|move|p1a: Staraptor|Close Combat|p2b: Clefable\n|-resisted|p2b: Clefable|2\n|-damage|p2b: Clefable|88/100\n|-boost|p1a: Staraptor|def|1\n|-boost|p1a: Staraptor|spd|1\n|move|p2a: Sinistcha|Trick Room|p2a: Sinistcha\n|-fieldstart|move: Trick Room|[of] p2a: Sinistcha\n|\n|upkeep\n|turn|2\n|\n|t:|1788434526\n|switch|p2a: Excadrill|Excadrill, L50, F|100/100\n|move|p1b: Whimsicott|Encore|p2b: Clefable\n|move|p2b: Clefable|Encore||[from] ability: Magic Bounce|[still]\n|-fail|p2b: Clefable\n|move|p2b: Clefable|Moonblast|p1a: Staraptor\n|-supereffective|p1a: Staraptor|1\n|-damage|p1a: Staraptor|34/100\n|move|p1a: Staraptor|Close Combat|p2b: Clefable\n|-resisted|p2b: Clefable|2\n|-damage|p2b: Clefable|78/100\n|-boost|p1a: Staraptor|def|1\n|-boost|p1a: Staraptor|spd|1\n|\n|upkeep\n|turn|3\n|\n|t:|1788434554\n|move|p2b: Clefable|Moonblast|p1a: Staraptor\n|-supereffective|p1a: Staraptor|1\n|-damage|p1a: Staraptor|0 fnt\n|faint|p1a: Staraptor\n|move|p2a: Excadrill|Iron Head|p1b: Whimsicott\n|-supereffective|p1b: Whimsicott|1\n|-enditem|p1b: Whimsicott|Focus Sash\n|-damage|p1b: Whimsicott|1/100\n|move|p1b: Whimsicott|Moonblast|p2b: Clefable\n|-damage|p2b: Clefable|47/100\n|\n|upkeep\n|\n|t:|1788434560\n|switch|p1a: Tyranitar|Tyranitar, L50, F|100/100\n|-weather|Sandstorm|[from] ability: Sand Stream|[of] p1a: Tyranitar\n|turn|4\n|\n|t:|1788434586\n|switch|p1b: Gholdengo|Gholdengo, L50|100/100\n|switch|p2a: Sinistcha|Sinistcha, L50|100/100\n|-heal|p2b: Clefable|71/100|[from] ability: Hospitality|[of] p2a: Sinistcha\n|move|p2b: Clefable|Moonblast|p1a: Tyranitar\n|-supereffective|p1a: Tyranitar|1\n|-damage|p1a: Tyranitar|40/100\n|move|p1a: Tyranitar|Rock Slide|p2b: Clefable|[spread] p2a,p2b\n|-supereffective|p2b: Clefable|1\n|-crit|p2b: Clefable\n|-damage|p2a: Sinistcha|78/100\n|-damage|p2b: Clefable|0 fnt\n|faint|p2b: Clefable\n|\n|-weather|Sandstorm|[upkeep]\n|-damage|p2a: Sinistcha|71/100|[from] Sandstorm\n|upkeep\n|\n|t:|1788434606\n|switch|p2b: Primarina|Primarina, L50, F|100/100\n|turn|5\n|\n|t:|1788434622\n|move|p1a: Tyranitar|Protect|p1a: Tyranitar\n|-singleturn|p1a: Tyranitar|Protect\n|move|p2a: Sinistcha|Matcha Gotcha|p1b: Gholdengo|[spread] p1b\n|-activate|p1a: Tyranitar|move: Protect\n|-resisted|p1b: Gholdengo|1\n|-damage|p1b: Gholdengo|86/100\n|-heal|p2a: Sinistcha|78/100|[from] drain|[of] p1b: Gholdengo\n|-status|p1b: Gholdengo|brn\n|move|p2b: Primarina|Hyper Voice|p1a: Tyranitar|[spread] p1b\n|-activate|p1a: Tyranitar|move: Protect\n|-damage|p1b: Gholdengo|34/100 brn\n|-damage|p2b: Primarina|90/100|[from] item: Life Orb\n|move|p1b: Gholdengo|Make It Rain|p2a: Sinistcha|[spread] p2a,p2b\n|-damage|p2a: Sinistcha|15/100\n|-damage|p2b: Primarina|40/100\n|-unboost|p1b: Gholdengo|spa|2\n|-damage|p1b: Gholdengo|25/100 brn|[from] item: Life Orb\n|\n|-weather|Sandstorm|[upkeep]\n|-damage|p2a: Sinistcha|8/100|[from] Sandstorm\n|-damage|p2b: Primarina|34/100|[from] Sandstorm\n|-damage|p1b: Gholdengo|19/100 brn|[from] brn\n|-fieldend|move: Trick Room\n|upkeep\n|turn|6\n|\n|t:|1788434669\n|move|p2b: Primarina|Protect|p2b: Primarina\n|-singleturn|p2b: Primarina|Protect\n|move|p2a: Sinistcha|Rage Powder|p2a: Sinistcha\n|-singleturn|p2a: Sinistcha|move: Rage Powder\n|move|p1b: Gholdengo|Make It Rain|p2b: Primarina|[spread] p2a\n|-activate|p2b: Primarina|move: Protect\n|-damage|p2a: Sinistcha|0 fnt\n|-unboost|p1b: Gholdengo|spa|2\n|faint|p2a: Sinistcha\n|-damage|p1b: Gholdengo|10/100 brn|[from] item: Life Orb\n|move|p1a: Tyranitar|Knock Off|p2b: Primarina\n|-activate|p2b: Primarina|move: Protect\n|\n|-weather|Sandstorm|[upkeep]\n|-damage|p2b: Primarina|28/100|[from] Sandstorm\n|-damage|p1b: Gholdengo|4/100 brn|[from] brn\n|upkeep\n|\n|t:|1788434685\n|switch|p2a: Excadrill|Excadrill, L50, F|100/100\n|turn|7\n|\n|t:|1788434699\n|switch|p1b: Whimsicott|Whimsicott, L50, F, shiny|1/100\n|move|p2a: Excadrill|High Horsepower|p1a: Tyranitar\n|-supereffective|p1a: Tyranitar|1\n|-damage|p1a: Tyranitar|0 fnt\n|faint|p1a: Tyranitar\n|move|p2b: Primarina|Hyper Voice|p1b: Whimsicott\n|-resisted|p1b: Whimsicott|1\n|-damage|p1b: Whimsicott|0 fnt\n|faint|p1b: Whimsicott\n|-damage|p2b: Primarina|18/100|[from] item: Life Orb\n|\n|-weather|Sandstorm|[upkeep]\n|-damage|p2b: Primarina|12/100|[from] Sandstorm\n|upkeep\n|-message|TESTDIGI forfeited.\n|\n|win|Turmt93ter\n","uploadtime":1788434407,"views":"3","formatid":"gen9championsvgc2026regmb","rating":null,"private":0,"password":null}