{"id":"gen9championsvgc2026regmb-2674775008","format":"[Gen 9 Champions] VGC 2026 Reg M-B","players":["Heyiment","GenericEdgeLrd"],"log":"|j|☆Heyiment\n|j|☆GenericEdgeLrd\n|t:|1788404343\n|gametype|doubles\n|player|p1|Heyiment|ethan|1103\n|player|p2|GenericEdgeLrd|gentleman-gen4|1173\n|gen|9\n|tier|[Gen 9 Champions] VGC 2026 Reg M-B\n|rated|\n|rule|Species Clause: Limit one of each Pokémon\n|rule|Item Clause: Limit 1 of each item\n|clearpoke\n|poke|p1|Dragonite, L50, M, shiny|\n|poke|p1|Kingambit, L50, M, shiny|\n|poke|p1|Torkoal, L50, F, shiny|\n|poke|p1|Whimsicott, L50, F, shiny|\n|poke|p1|Sinistcha, L50|\n|poke|p1|Farigiraf, L50, M|\n|poke|p2|Swampert, L50, F, shiny|\n|poke|p2|Archaludon, L50, F|\n|poke|p2|Sableye, L50, F|\n|poke|p2|Farigiraf, L50, M|\n|poke|p2|Sinistcha, L50|\n|poke|p2|Aggron, L50, M|\n|teampreview|4\n|inactive|Battle timer is ON: inactive players will automatically lose when time's up. (requested by Heyiment)\n|\n|t:|1788404359\n|teamsize|p1|4\n|teamsize|p2|4\n|start\n|switch|p1a: Check|Kingambit, L50, M, shiny|100/100\n|switch|p1b: Queen|Torkoal, L50, F, shiny|100/100\n|switch|p2a: Swampert|Swampert, L50, F, shiny|100/100\n|switch|p2b: Sableye|Sableye, L50, F|100/100\n|-weather|SunnyDay|[from] ability: Drought|[of] p1b: Queen\n|turn|1\n|\n|t:|1788404374\n|switch|p1b: Scale|Dragonite, L50, M, shiny|100/100\n|detailschange|p2a: Swampert|Swampert-Mega, L50, F, shiny\n|-mega|p2a: Swampert|Swampert|Swampertite\n|move|p2b: Sableye|Rain Dance|p2b: Sableye\n|-weather|RainDance\n|move|p2a: Swampert|Wave Crash|p1b: Scale\n|-resisted|p1b: Scale|1\n|-damage|p1b: Scale|68/100\n|-damage|p2a: Swampert|90/100|[from] Recoil\n|move|p1a: Check|Kowtow Cleave|p2a: Swampert\n|-damage|p2a: Swampert|45/100\n|\n|-weather|RainDance|[upkeep]\n|upkeep\n|turn|2\n|inactive|Heyiment has 30 seconds left.\n|\n|t:|1788404402\n|switch|p2b: Sinistcha|Sinistcha, L50|100/100\n|-heal|p2a: Swampert|70/100|[from] ability: Hospitality|[of] p2b: Sinistcha\n|detailschange|p1b: Scale|Dragonite-Mega, L50, M, shiny\n|-mega|p1b: Scale|Dragonite|Dragoninite\n|move|p1a: Check|Sucker Punch|p2a: Swampert\n|-damage|p2a: Swampert|35/100\n|move|p2a: Swampert|High Horsepower|p1a: Check\n|-supereffective|p1a: Check|1\n|-damage|p1a: Check|0 fnt\n|faint|p1a: Check\n|move|p1b: Scale|Roost|p1b: Scale\n|-heal|p1b: Scale|100/100\n|-singleturn|p1b: Scale|move: Roost\n|\n|-weather|RainDance|[upkeep]\n|upkeep\n|\n|t:|1788404414\n|switch|p1a: Queen|Torkoal, L50, F, shiny|100/100\n|-weather|SunnyDay|[from] ability: Drought|[of] p1a: Queen\n|turn|3\n|\n|t:|1788404420\n|switch|p2a: Sableye|Sableye, L50, F|100/100\n|move|p2b: Sinistcha|Protect|p2b: Sinistcha\n|-singleturn|p2b: Sinistcha|Protect\n|move|p1b: Scale|Dragon Pulse|p2a: Sableye\n|-damage|p2a: Sableye|40/100\n|move|p1a: Queen|Weather Ball|p2b: Sinistcha\n|-activate|p2b: Sinistcha|move: Protect\n|\n|-weather|SunnyDay|[upkeep]\n|upkeep\n|turn|4\n|\n|t:|1788404435\n|move|p2a: Sableye|Rain Dance|p2a: Sableye\n|-weather|RainDance\n|move|p1b: Scale|Dragon Pulse|p2b: Sinistcha\n|-damage|p2b: Sinistcha|33/100\n|move|p2b: Sinistcha|Matcha Gotcha|p1b: Scale|[spread] p1a,p1b\n|-resisted|p1a: Queen|1\n|-resisted|p1b: Scale|2\n|-damage|p1a: Queen|84/100\n|-heal|p2b: Sinistcha|43/100|[from] drain|[of] p1a: Queen\n|-damage|p1b: Scale|97/100\n|-heal|p2b: Sinistcha|44/100|[from] drain|[of] p1b: Scale\n|move|p1a: Queen|Weather Ball|p2a: Sableye\n|-damage|p2a: Sableye|0 fnt\n|faint|p2a: Sableye\n|\n|-weather|RainDance|[upkeep]\n|-heal|p1a: Queen|90/100|[from] item: Leftovers\n|upkeep\n|\n|t:|1788404437\n|switch|p2a: Swampert|Swampert-Mega, L50, F, shiny|35/100\n|turn|5\n|\n|t:|1788404458\n|switch|p1a: Knight|Farigiraf, L50, M|100/100\n|move|p1b: Scale|Protect|p1b: Scale\n|-singleturn|p1b: Scale|Protect\n|move|p2b: Sinistcha|Rage Powder|p2b: Sinistcha\n|-singleturn|p2b: Sinistcha|move: Rage Powder\n|move|p2a: Swampert|Ice Punch|p1b: Scale\n|-activate|p1b: Scale|move: Protect\n|\n|-weather|RainDance|[upkeep]\n|upkeep\n|turn|6\n|\n|t:|1788404468\n|switch|p1a: Queen|Torkoal, L50, F, shiny|90/100\n|-weather|SunnyDay|[from] ability: Drought|[of] p1a: Queen\n|move|p1b: Scale|Heat Wave|p2a: Swampert|[spread] p2a,p2b\n|-resisted|p2a: Swampert|1\n|-supereffective|p2b: Sinistcha|1\n|-damage|p2a: Swampert|18/100\n|-damage|p2b: Sinistcha|0 fnt\n|faint|p2b: Sinistcha\n|move|p2a: Swampert|Ice Punch|p1b: Scale\n|-supereffective|p1b: Scale|2\n|-damage|p1b: Scale|0 fnt\n|faint|p1b: Scale\n|\n|-weather|SunnyDay|[upkeep]\n|-heal|p1a: Queen|96/100|[from] item: Leftovers\n|upkeep\n|\n|t:|1788404475\n|switch|p1b: Knight|Farigiraf, L50, M|100/100\n|switch|p2b: Archaludon|Archaludon, L50, F|100/100\n|turn|7\n|\n|t:|1788404496\n|move|p2b: Archaludon|Electro Shot||[still]\n|-prepare|p2b: Archaludon|Electro Shot\n|-boost|p2b: Archaludon|spa|1\n|move|p2a: Swampert|High Horsepower|p1a: Queen\n|-supereffective|p1a: Queen|1\n|-damage|p1a: Queen|4/100\n|move|p1a: Queen|Earth Power|p2a: Swampert\n|-damage|p2a: Swampert|0 fnt\n|faint|p2a: Swampert\n|move|p1b: Knight|Trick Room|p1b: Knight\n|-fieldstart|move: Trick Room|[of] p1b: Knight\n|\n|-weather|SunnyDay|[upkeep]\n|-heal|p1a: Queen|10/100|[from] item: Leftovers\n|upkeep\n|turn|8\n|\n|t:|1788404511\n|move|p1a: Queen|Protect|p1a: Queen\n|-singleturn|p1a: Queen|Protect\n|move|p1b: Knight|Protect|p1b: Knight\n|-singleturn|p1b: Knight|Protect\n|move|p2b: Archaludon|Electro Shot|p1b: Knight|[from] lockedmove\n|-activate|p1b: Knight|move: Protect\n|\n|-weather|SunnyDay|[upkeep]\n|-heal|p1a: Queen|16/100|[from] item: Leftovers\n|upkeep\n|turn|9\n|\n|t:|1788404516\n|move|p1a: Queen|Weather Ball|p2b: Archaludon\n|-damage|p2b: Archaludon|18/100\n|-ability|p2b: Archaludon|Stamina|boost\n|-boost|p2b: Archaludon|def|1\n|move|p1b: Knight|Foul Play|p2b: Archaludon\n|-damage|p2b: Archaludon|6/100\n|-ability|p2b: Archaludon|Stamina|boost\n|-boost|p2b: Archaludon|def|1\n|move|p2b: Archaludon|Dragon Pulse|p1a: Queen\n|-damage|p1a: Queen|0 fnt\n|faint|p1a: Queen\n|\n|-weather|SunnyDay|[upkeep]\n|-heal|p2b: Archaludon|12/100|[from] item: Leftovers\n|upkeep\n|turn|10\n|\n|t:|1788404527\n|move|p1b: Knight|Foul Play|p2b: Archaludon\n|-damage|p2b: Archaludon|3/100\n|-ability|p2b: Archaludon|Stamina|boost\n|-boost|p2b: Archaludon|def|1\n|move|p2b: Archaludon|Dragon Pulse|p1b: Knight\n|-damage|p1b: Knight|43/100\n|\n|-weather|none\n|-heal|p2b: Archaludon|9/100|[from] item: Leftovers\n|upkeep\n|turn|11\n|\n|t:|1788404534\n|move|p2b: Archaludon|Protect|p2b: Archaludon\n|-singleturn|p2b: Archaludon|Protect\n|move|p1b: Knight|Foul Play|p2b: Archaludon\n|-activate|p2b: Archaludon|move: Protect\n|\n|-heal|p2b: Archaludon|15/100|[from] item: Leftovers\n|-fieldend|move: Trick Room\n|upkeep\n|turn|12\n|\n|t:|1788404540\n|move|p2b: Archaludon|Dragon Pulse|p1b: Knight\n|-damage|p1b: Knight|0 fnt\n|faint|p1b: Knight\n|\n|win|GenericEdgeLrd\n|raw|Heyiment's rating: 1103 &rarr; <strong>1083</strong><br />(-20 for losing)\n|raw|GenericEdgeLrd's rating: 1173 &rarr; <strong>1193</strong><br />(+20 for winning)\n|l|☆Heyiment\n|player|p1|\n","uploadtime":1788404543,"views":"0","formatid":"gen9championsvgc2026regmb","rating":1083,"private":0,"password":null}