{"id":"gen9championsvgc2026regmbbo3-2674995769","format":"[Gen 9 Champions] VGC 2026 Reg M-B (Bo3)","players":["okkia3","qwdqwdasdasd"],"log":"|j|☆okkia3\n|j|☆qwdqwdasdasd\n|html|<table width=\"100%\"><tr><td align=\"left\">okkia3</td><td align=\"right\">qwdqwdasdasd</tr><tr><td align=\"left\"><i class=\"fa fa-circle\"></i> <i class=\"fa fa-circle-o\"></i> </td><td align=\"right\"><i class=\"fa fa-circle-o\"></i> <i class=\"fa fa-circle-o\"></i> </tr></table>\n|uhtml|bestof|<h2><strong>Game 2</strong> of <a href=\"/game-bestof3-gen9championsvgc2026regmbbo3-2674993789\">a best-of-3</a></h2>\n|t:|1788446639\n|gametype|doubles\n|player|p1|okkia3|102|1108\n|player|p2|qwdqwdasdasd|sage|1084\n|gen|9\n|tier|[Gen 9 Champions] VGC 2026 Reg M-B (Bo3)\n|rated|\n|rule|Species Clause: Limit one of each Pokémon\n|rule|Item Clause: Limit 1 of each item\n|clearpoke\n|poke|p1|Charizard, L50, F|\n|poke|p1|Whimsicott, L50, M|\n|poke|p1|Basculegion, L50, M|\n|poke|p1|Farigiraf, L50, F|\n|poke|p1|Kangaskhan, L50, F|\n|poke|p1|Sneasler, L50, M|\n|poke|p2|Chimecho, L50, F|\n|poke|p2|Garchomp, L50, M|\n|poke|p2|Tyranitar, L50, M|\n|poke|p2|Sneasler, L50, F, shiny|\n|poke|p2|Grimmsnarl, L50, M|\n|poke|p2|Volcarona, L50, F|\n|teampreview|4\n|showteam|p1|Charizard||CharizarditeY|SolarPower|WeatherBall,HeatWave,SolarBeam,Protect|Timid||F|||50|]Whimsicott||FocusSash|Prankster|Moonblast,Tailwind,SunnyDay,Encore|Timid||M|||50|]Basculegion||ChoiceScarf|Adaptability|WaveCrash,AquaJet,LastRespects,FlipTurn|Adamant||M|||50|]Farigiraf||SitrusBerry|ArmorTail|Psychic,HyperVoice,HelpingHand,TrickRoom|Modest||F|||50|]Kangaskhan||Kangaskhanite|Scrappy|FakeOut,DoubleEdge,DrainPunch,SuckerPunch|Adamant||F|||50|]Sneasler||WhiteHerb|Unburden|FakeOut,CloseCombat,DireClaw,RockTomb|Adamant||M|||50|\n|showteam|p2|Chimecho||Chimechite|Levitate|HelpingHand,FlashCannon,Psychic,TrickRoom|Sassy||F|||50|]Garchomp||LifeOrb|RoughSkin|Earthquake,RockSlide,DragonClaw,Protect|Jolly||M|||50|]Tyranitar||ChoiceScarf|SandStream|RockSlide,KnockOff,LowKick,HighHorsepower|Jolly||M|||50|]Sneasler||WhiteHerb|Unburden|FakeOut,DireClaw,CloseCombat,Protect|Adamant||F|||50|]Grimmsnarl||SitrusBerry|Prankster|FakeOut,SpiritBreak,PartingShot,ScaryFace|Careful||M|||50|]Volcarona||Leftovers|FlameBody|FieryDance,QuiverDance,GigaDrain,Protect|Bold||F|||50|\n|inactive|Battle timer is ON: inactive players will automatically lose when time's up. (requested by okkia3)\n|inactive|qwdqwdasdasd has 60 seconds left.\n|inactive|qwdqwdasdasd has 30 seconds left.\n|inactive|qwdqwdasdasd has 20 seconds left.\n|\n|t:|1788446710\n|teamsize|p1|4\n|teamsize|p2|4\n|start\n|switch|p1a: Basculegion|Basculegion, L50, M|100/100\n|switch|p1b: Kangaskhan|Kangaskhan, L50, F|100/100\n|switch|p2a: Grimmsnarl|Grimmsnarl, L50, M|100/100\n|switch|p2b: Tyranitar|Tyranitar, L50, M|100/100\n|-weather|Sandstorm|[from] ability: Sand Stream|[of] p2b: Tyranitar\n|turn|1\n|inactive|qwdqwdasdasd has 30 seconds left.\n|inactive|qwdqwdasdasd has 20 seconds left.\n|inactive|qwdqwdasdasd has 15 seconds left.\n|inactive|qwdqwdasdasd has 10 seconds left.\n|\n|t:|1788446756\n|detailschange|p1b: Kangaskhan|Kangaskhan-Mega, L50, F\n|-mega|p1b: Kangaskhan|Kangaskhan|Kangaskhanite\n|move|p2a: Grimmsnarl|Parting Shot|p1a: Basculegion\n|-unboost|p1a: Basculegion|atk|1\n|-unboost|p1a: Basculegion|spa|1\n|\n|t:|1788446765\n|switch|p2a: Chimecho|Chimecho, L50, F|100/100|[from] Parting Shot\n|move|p1a: Basculegion|Wave Crash|p2b: Tyranitar\n|-supereffective|p2b: Tyranitar|1\n|-damage|p2b: Tyranitar|5/100\n|-damage|p1a: Basculegion|71/100|[from] Recoil\n|move|p2b: Tyranitar|Knock Off|p1a: Basculegion\n|-supereffective|p1a: Basculegion|1\n|-damage|p1a: Basculegion|0 fnt\n|-enditem|p1a: Basculegion|Choice Scarf|[from] move: Knock Off|[of] p2b: Tyranitar\n|faint|p1a: Basculegion\n|move|p1b: Kangaskhan|Drain Punch|p2b: Tyranitar\n|-supereffective|p2b: Tyranitar|2\n|-damage|p2b: Tyranitar|0 fnt\n|faint|p2b: Tyranitar\n|\n|-weather|Sandstorm|[upkeep]\n|-damage|p1b: Kangaskhan|93/100|[from] Sandstorm\n|-damage|p2a: Chimecho|93/100|[from] Sandstorm\n|upkeep\n|\n|t:|1788446786\n|switch|p1a: Farigiraf|Farigiraf, L50, F|100/100\n|switch|p2b: Grimmsnarl|Grimmsnarl, L50, M|100/100\n|turn|2\n|inactive|qwdqwdasdasd has 30 seconds left.\n|\n|t:|1788446818\n|detailschange|p2a: Chimecho|Chimecho-Mega, L50, F\n|-mega|p2a: Chimecho|Chimecho|Chimechite\n|move|p1b: Kangaskhan|Double-Edge|p2a: Chimecho\n|-resisted|p2a: Chimecho|1\n|-damage|p2a: Chimecho|62/100\n|-resisted|p2a: Chimecho|1\n|-damage|p2a: Chimecho|55/100\n|-hitcount|p2a: Chimecho|2\n|-damage|p1b: Kangaskhan|81/100|[from] Recoil\n|move|p1a: Farigiraf|Hyper Voice|p2b: Grimmsnarl|[spread] p2a,p2b\n|-resisted|p2a: Chimecho|1\n|-damage|p2a: Chimecho|46/100\n|-damage|p2b: Grimmsnarl|74/100\n|move|p2b: Grimmsnarl|Spirit Break|p1a: Farigiraf\n|-damage|p1a: Farigiraf|70/100\n|-unboost|p1a: Farigiraf|spa|1\n|move|p2a: Chimecho|Psychic|p1b: Kangaskhan\n|-damage|p1b: Kangaskhan|44/100\n|\n|-weather|Sandstorm|[upkeep]\n|-damage|p1b: Kangaskhan|38/100|[from] Sandstorm\n|-damage|p1a: Farigiraf|64/100|[from] Sandstorm\n|-damage|p2b: Grimmsnarl|68/100|[from] Sandstorm\n|upkeep\n|turn|3\n|inactive|qwdqwdasdasd has 30 seconds left.\n|inactive|qwdqwdasdasd has 20 seconds left.\n|\n|t:|1788446855\n|move|p2a: Chimecho|Helping Hand|p2b: Grimmsnarl\n|-singleturn|p2b: Grimmsnarl|Helping Hand|[of] p2a: Chimecho\n|move|p1b: Kangaskhan|Sucker Punch||[still]\n|-fail|p1b: Kangaskhan\n|move|p1a: Farigiraf|Hyper Voice|p2a: Chimecho|[spread] p2a,p2b\n|-resisted|p2a: Chimecho|1\n|-crit|p2b: Grimmsnarl\n|-damage|p2a: Chimecho|40/100\n|-damage|p2b: Grimmsnarl|29/100\n|-enditem|p2b: Grimmsnarl|Sitrus Berry|[eat]\n|-heal|p2b: Grimmsnarl|54/100|[from] item: Sitrus Berry\n|move|p2b: Grimmsnarl|Spirit Break|p1a: Farigiraf\n|-damage|p1a: Farigiraf|19/100\n|-unboost|p1a: Farigiraf|spa|1\n|-enditem|p1a: Farigiraf|Sitrus Berry|[eat]\n|-heal|p1a: Farigiraf|43/100|[from] item: Sitrus Berry\n|\n|-weather|Sandstorm|[upkeep]\n|-damage|p1b: Kangaskhan|32/100|[from] Sandstorm\n|-damage|p1a: Farigiraf|37/100|[from] Sandstorm\n|-damage|p2b: Grimmsnarl|48/100|[from] Sandstorm\n|upkeep\n|turn|4\n|\n|t:|1788446879\n|move|p1b: Kangaskhan|Double-Edge|p2b: Grimmsnarl\n|-damage|p2b: Grimmsnarl|0 fnt\n|faint|p2b: Grimmsnarl\n|-damage|p1b: Kangaskhan|14/100|[from] Recoil\n|move|p2a: Chimecho|Psychic|p1b: Kangaskhan\n|-damage|p1b: Kangaskhan|0 fnt\n|faint|p1b: Kangaskhan\n|move|p1a: Farigiraf|Trick Room|p1a: Farigiraf\n|-fieldstart|move: Trick Room|[of] p1a: Farigiraf\n|\n|-weather|Sandstorm|[upkeep]\n|-damage|p1a: Farigiraf|31/100|[from] Sandstorm\n|upkeep\n|\n|t:|1788446890\n|switch|p2b: Garchomp|Garchomp, L50, M|100/100\n|switch|p1b: Whimsicott|Whimsicott, L50, M|100/100\n|turn|5\n|\n|t:|1788446911\n|move|p2a: Chimecho|Flash Cannon|p1b: Whimsicott\n|-supereffective|p1b: Whimsicott|1\n|-crit|p1b: Whimsicott\n|-enditem|p1b: Whimsicott|Focus Sash\n|-damage|p1b: Whimsicott|1/100\n|move|p1a: Farigiraf|Psychic|p2b: Garchomp\n|-damage|p2b: Garchomp|78/100\n|move|p2b: Garchomp|Rock Slide|p1b: Whimsicott|[spread] p1a,p1b\n|-damage|p1a: Farigiraf|4/100\n|-damage|p1b: Whimsicott|0 fnt\n|faint|p1b: Whimsicott\n|-damage|p2b: Garchomp|68/100|[from] item: Life Orb\n|\n|-weather|none\n|upkeep\n|turn|6\n|\n|t:|1788446927\n|move|p2a: Chimecho|Flash Cannon|p1a: Farigiraf\n|-crit|p1a: Farigiraf\n|-damage|p1a: Farigiraf|0 fnt\n|faint|p1a: Farigiraf\n|\n|win|qwdqwdasdasd\n","uploadtime":1788446927,"views":"0","formatid":"gen9championsvgc2026regmbbo3","rating":null,"private":0,"password":null}