{"id":"gen9championsvgc2026regmbbo3-2673389353","format":"[Gen 9 Champions] VGC 2026 Reg M-B (Bo3)","players":["Avalanche766","joguisolo"],"log":"|j|☆Avalanche766\n|j|☆joguisolo\n|html|<table width=\"100%\"><tr><td align=\"left\">Avalanche766</td><td align=\"right\">joguisolo</tr><tr><td align=\"left\"><i class=\"fa fa-circle-o\"></i> <i class=\"fa fa-circle-o\"></i> </td><td align=\"right\"><i class=\"fa fa-circle-o\"></i> <i class=\"fa fa-circle-o\"></i> </tr></table>\n|uhtml|bestof|<h2><strong>Game 1</strong> of <a href=\"/game-bestof3-gen9championsvgc2026regmbbo3-2673389352\">a best-of-3</a></h2>\n|t:|1788191839\n|gametype|doubles\n|player|p1|Avalanche766|petrel|\n|player|p2|joguisolo|dragontamer|\n|gen|9\n|tier|[Gen 9 Champions] VGC 2026 Reg M-B (Bo3)\n|rule|Species Clause: Limit one of each Pokémon\n|rule|Item Clause: Limit 1 of each item\n|clearpoke\n|poke|p1|Staraptor, L50, M|\n|poke|p1|Gholdengo, L50|\n|poke|p1|Torkoal, L50, F|\n|poke|p1|Corviknight, L50, F, shiny|\n|poke|p1|Excadrill, L50, F|\n|poke|p1|Mimikyu, L50, M|\n|poke|p2|Gardevoir, L50, F|\n|poke|p2|Gallade, L50, M|\n|poke|p2|Armarouge, L50, F|\n|poke|p2|Primarina, L50, M|\n|poke|p2|Meowstic, L50, M|\n|poke|p2|Rhyperior, L50, F|\n|teampreview|4\n|showteam|p1|Staraptor||Staraptite|Intimidate|CloseCombat,BraveBird,Protect,Roost|Jolly||M|||50|]Gholdengo||LifeOrb|GoodasGold|MakeItRain,ShadowBall,DazzlingGleam,Protect|Modest|||||50|]Torkoal||Charcoal|Drought|Eruption,HeatWave,EarthPower,Protect|Quiet||F|||50|]Corviknight||Leftovers|Pressure|Tailwind,Roost,BodyPress,Taunt|Impish||F|||50|]Excadrill||FocusSash|MoldBreaker|Earthquake,IronHead,RockSlide,Protect|Adamant||F|||50|]Mimikyu||MentalHerb|Disguise|TrickRoom,ShadowSneak,PlayRough,WillOWisp|Brave||M|||50|\n|showteam|p2|Gardevoir||Gardevoirite|Trace|HyperVoice,ShadowBall,TrickRoom,Protect|Timid||F|||50|]Gallade||SitrusBerry|Sharpness|SacredSword,PsychoCut,WideGuard,Protect|Adamant||M|||50|]Armarouge||FocusSash|FlashFire|ArmorCannon,Psychic,WideGuard,TrickRoom|Quiet||F|||50|]Primarina||MysticWater|LiquidVoice|HyperVoice,Moonblast,IceBeam,Protect|Quiet||M|||50|]Meowstic||LightClay|Prankster|Reflect,LightScreen,HelpingHand,FakeOut|Calm||M|||50|]Rhyperior||ExpertBelt|SolidRock|HighHorsepower,RockSlide,HeavySlam,Protect|Brave||F|||50|\n|\n|t:|1788191881\n|teamsize|p1|4\n|teamsize|p2|4\n|start\n|switch|p1a: Corviknight|Corviknight, L50, F, shiny|100/100\n|switch|p1b: Staraptor|Staraptor, L50, M|100/100\n|switch|p2a: Gaby Gaby|Meowstic, L50, M|100/100\n|switch|p2b: Neto Bran|Armarouge, L50, F|100/100\n|-ability|p1b: Staraptor|Intimidate|boost\n|-unboost|p2a: Gaby Gaby|atk|1\n|-unboost|p2b: Neto Bran|atk|1\n|-ability|p1a: Corviknight|Pressure\n|turn|1\n|\n|t:|1788191907\n|switch|p1b: Excadrill|Excadrill, L50, F|100/100\n|-ability|p1b: Excadrill|Mold Breaker\n|move|p2a: Gaby Gaby|Fake Out|p1a: Corviknight\n|-resisted|p1a: Corviknight|1\n|-damage|p1a: Corviknight|99/100\n|cant|p1a: Corviknight|flinch\n|move|p2b: Neto Bran|Trick Room|p2b: Neto Bran\n|-fieldstart|move: Trick Room|[of] p2b: Neto Bran\n|\n|-heal|p1a: Corviknight|100/100|[from] item: Leftovers\n|upkeep\n|turn|2\n|j| PorygonTheBot\n|c| PorygonTheBot|This game looks fun!\n|j| EGG_dude\n|\n|t:|1788191966\n|move|p2a: Gaby Gaby|Helping Hand|p2b: Neto Bran\n|-singleturn|p2b: Neto Bran|Helping Hand|[of] p2a: Gaby Gaby\n|move|p2b: Neto Bran|Armor Cannon|p1a: Corviknight\n|-supereffective|p1a: Corviknight|1\n|-damage|p1a: Corviknight|0 fnt\n|-unboost|p2b: Neto Bran|def|1\n|-unboost|p2b: Neto Bran|spd|1\n|faint|p1a: Corviknight\n|move|p1b: Excadrill|Earthquake|p2b: Neto Bran|[spread] p2a,p2b\n|-crit|p2a: Gaby Gaby\n|-supereffective|p2b: Neto Bran|1\n|-damage|p2a: Gaby Gaby|29/100\n|-enditem|p2b: Neto Bran|Focus Sash\n|-damage|p2b: Neto Bran|1/100\n|\n|upkeep\n|\n|t:|1788191982\n|switch|p1a: Staraptor|Staraptor, L50, M|100/100\n|-ability|p1a: Staraptor|Intimidate|boost\n|-unboost|p2a: Gaby Gaby|atk|1\n|-unboost|p2b: Neto Bran|atk|1\n|turn|3\n|\n|t:|1788192044\n|move|p2a: Gaby Gaby|Helping Hand|p2b: Neto Bran\n|-singleturn|p2b: Neto Bran|Helping Hand|[of] p2a: Gaby Gaby\n|move|p1a: Staraptor|Protect|p1a: Staraptor\n|-singleturn|p1a: Staraptor|Protect\n|move|p2b: Neto Bran|Psychic|p1a: Staraptor\n|-activate|p1a: Staraptor|move: Protect\n|move|p1b: Excadrill|Earthquake|p2b: Neto Bran|[spread] p2a,p2b\n|-activate|p1a: Staraptor|move: Protect\n|-supereffective|p2b: Neto Bran|1\n|-damage|p2a: Gaby Gaby|0 fnt\n|-damage|p2b: Neto Bran|0 fnt\n|faint|p2a: Gaby Gaby\n|faint|p2b: Neto Bran\n|\n|upkeep\n|\n|t:|1788192068\n|switch|p2b: Kandy Alden|Gardevoir, L50, F|100/100\n|switch|p2a: Esme La Chapina|Primarina, L50, M|100/100\n|-ability|p2b: Kandy Alden|Mold Breaker|Trace|[from] ability: Trace|[of] p1b: Excadrill\n|-ability|p2b: Kandy Alden|Mold Breaker\n|turn|4\n|\n|t:|1788192101\n|detailschange|p2b: Kandy Alden|Gardevoir-Mega, L50, F\n|-mega|p2b: Kandy Alden|Gardevoir|Gardevoirite\n|detailschange|p1a: Staraptor|Staraptor-Mega, L50, M\n|-mega|p1a: Staraptor|Staraptor|Staraptite\n|move|p2a: Esme La Chapina|Hyper Voice|p1b: Excadrill|[spread] p1a,p1b\n|-supereffective|p1b: Excadrill|1\n|-damage|p1a: Staraptor|43/100\n|-enditem|p1b: Excadrill|Focus Sash\n|-damage|p1b: Excadrill|1/100\n|move|p1b: Excadrill|Iron Head|p2b: Kandy Alden\n|-supereffective|p2b: Kandy Alden|1\n|-damage|p2b: Kandy Alden|0 fnt\n|faint|p2b: Kandy Alden\n|move|p1a: Staraptor|Brave Bird|p2a: Esme La Chapina\n|-damage|p2a: Esme La Chapina|26/100\n|-damage|p1a: Staraptor|15/100|[from] Recoil\n|\n|upkeep\n|turn|5\n|\n|t:|1788192130\n|move|p2a: Esme La Chapina|Hyper Voice|p1b: Excadrill|[spread] p1a,p1b\n|-supereffective|p1b: Excadrill|1\n|-damage|p1a: Staraptor|0 fnt\n|-damage|p1b: Excadrill|0 fnt\n|faint|p1a: Staraptor\n|faint|p1b: Excadrill\n|\n|-fieldend|move: Trick Room\n|upkeep\n|\n|t:|1788192141\n|switch|p1b: Gholdengo|Gholdengo, L50|100/100\n|turn|6\n|\n|t:|1788192167\n|move|p1b: Gholdengo|Shadow Ball|p2a: Esme La Chapina\n|-damage|p2a: Esme La Chapina|0 fnt\n|faint|p2a: Esme La Chapina\n|-damage|p1b: Gholdengo|90/100|[from] item: Life Orb\n|\n|win|Avalanche766\n","uploadtime":1788192167,"views":"1","formatid":"gen9championsvgc2026regmbbo3","rating":null,"private":0,"password":null}