{"id":"gen9championsvgc2026regmb-2674195968","format":"[Gen 9 Champions] VGC 2026 Reg M-B","players":["TheTaxCat","Happy0nion314"],"log":"|j|☆TheTaxCat\n|j|☆Happy0nion314\n|t:|1788313719\n|gametype|doubles\n|player|p1|TheTaxCat|rocketgruntf|1359\n|player|p2|Happy0nion314|gardenia|1307\n|gen|9\n|tier|[Gen 9 Champions] VGC 2026 Reg M-B\n|rated|\n|rule|Species Clause: Limit one of each Pokémon\n|rule|Item Clause: Limit 1 of each item\n|clearpoke\n|poke|p1|Glimmora, L50, M|\n|poke|p1|Espathra, L50, F|\n|poke|p1|Grimmsnarl, L50, M|\n|poke|p1|Pelipper, L50, M|\n|poke|p1|Archaludon, L50, M|\n|poke|p1|Blastoise, L50, M|\n|poke|p2|Toxapex, L50, M|\n|poke|p2|Hydreigon, L50, F|\n|poke|p2|Basculegion, L50, M|\n|poke|p2|Delphox, L50, F|\n|poke|p2|Mamoswine, L50, F|\n|poke|p2|Archaludon, L50, M|\n|teampreview|4\n|\n|t:|1788313742\n|teamsize|p1|4\n|teamsize|p2|4\n|start\n|switch|p1a: Espathra|Espathra, L50, F|100/100\n|switch|p1b: Grimmsnarl|Grimmsnarl, L50, M|100/100\n|switch|p2a: Toxapex|Toxapex, L50, M|100/100\n|switch|p2b: Delphox|Delphox, L50, F|100/100\n|turn|1\n|\n|t:|1788313756\n|detailschange|p2b: Delphox|Delphox-Mega, L50, F\n|-mega|p2b: Delphox|Delphox|Delphoxite\n|move|p1a: Espathra|Protect|p1a: Espathra\n|-singleturn|p1a: Espathra|Protect\n|move|p1b: Grimmsnarl|Light Screen|p1b: Grimmsnarl\n|-sidestart|p1: TheTaxCat|move: Light Screen\n|move|p2b: Delphox|Nasty Plot|p2b: Delphox\n|-boost|p2b: Delphox|spa|2\n|move|p2a: Toxapex|Toxic|p1a: Espathra\n|-activate|p1a: Espathra|move: Protect\n|\n|-ability|p1a: Espathra|Speed Boost|boost\n|-boost|p1a: Espathra|spe|1\n|upkeep\n|turn|2\n|\n|t:|1788313770\n|move|p1b: Grimmsnarl|Parting Shot|p2b: Delphox\n|-unboost|p2b: Delphox|atk|1\n|-unboost|p2b: Delphox|spa|1\n|\n|t:|1788313773\n|switch|p1b: Pelipper|Pelipper, L50, M|100/100|[from] Parting Shot\n|-weather|RainDance|[from] ability: Drizzle|[of] p1b: Pelipper\n|move|p1a: Espathra|Calm Mind|p1a: Espathra\n|-boost|p1a: Espathra|spa|1\n|-boost|p1a: Espathra|spd|1\n|move|p2b: Delphox|Heat Wave|p1b: Pelipper|[spread] p1a,p1b\n|-resisted|p1b: Pelipper|1\n|-damage|p1a: Espathra|85/100\n|-damage|p1b: Pelipper|84/100\n|move|p2a: Toxapex|Toxic|p1b: Pelipper\n|-status|p1b: Pelipper|tox\n|\n|-weather|RainDance|[upkeep]\n|-damage|p1b: Pelipper|78/100 tox|[from] psn\n|-ability|p1a: Espathra|Speed Boost|boost\n|-boost|p1a: Espathra|spe|1\n|upkeep\n|turn|3\n|\n|t:|1788313794\n|move|p1a: Espathra|Calm Mind|p1a: Espathra\n|-boost|p1a: Espathra|spa|1\n|-boost|p1a: Espathra|spd|1\n|move|p2b: Delphox|Psychic Noise|p1b: Pelipper\n|-damage|p1b: Pelipper|13/100 tox\n|-start|p1b: Pelipper|move: Heal Block\n|move|p1b: Pelipper|Tailwind|p1b: Pelipper\n|-sidestart|p1: TheTaxCat|move: Tailwind\n|move|p2a: Toxapex|Toxic|p1a: Espathra\n|-status|p1a: Espathra|tox\n|\n|-weather|RainDance|[upkeep]\n|-damage|p1a: Espathra|79/100 tox|[from] psn\n|-damage|p1b: Pelipper|1/100 tox|[from] psn\n|-ability|p1a: Espathra|Speed Boost|boost\n|-boost|p1a: Espathra|spe|1\n|upkeep\n|turn|4\n|\n|t:|1788313814\n|switch|p2b: Basculegion|Basculegion, L50, M|100/100\n|move|p2a: Toxapex|Baneful Bunker|p2a: Toxapex\n|-singleturn|p2a: Toxapex|move: Protect\n|move|p1a: Espathra|Baton Pass|p1a: Espathra\n|\n|t:|1788313818\n|switch|p1a: Glimmora|Glimmora, L50, M|100/100|[from] Baton Pass\n|move|p1b: Pelipper|Weather Ball|p2b: Basculegion\n|-resisted|p2b: Basculegion|1\n|-damage|p2b: Basculegion|74/100\n|\n|-weather|RainDance|[upkeep]\n|-damage|p1b: Pelipper|0 fnt|[from] psn\n|faint|p1b: Pelipper\n|upkeep\n|\n|t:|1788313823\n|switch|p1b: Espathra|Espathra, L50, F|79/100 tox\n|turn|5\n|\n|t:|1788313844\n|switch|p1b: Grimmsnarl|Grimmsnarl, L50, M|100/100\n|detailschange|p1a: Glimmora|Glimmora-Mega, L50, M\n|-mega|p1a: Glimmora|Glimmora|Glimmoranite\n|move|p1a: Glimmora|Spiky Shield|p1a: Glimmora\n|-singleturn|p1a: Glimmora|move: Protect\n|move|p2b: Basculegion|Wave Crash|p1a: Glimmora\n|-activate|p1a: Glimmora|move: Protect\n|-damage|p2b: Basculegion|62/100|[from] Spiky Shield|[of] p1a: Glimmora\n|move|p2a: Toxapex|Infestation|p1b: Grimmsnarl\n|-damage|p1b: Grimmsnarl|98/100\n|-activate|p1b: Grimmsnarl|move: Infestation|[of] p2a: Toxapex\n|\n|-weather|RainDance|[upkeep]\n|-damage|p1b: Grimmsnarl|86/100|[from] move: Infestation|[partiallytrapped]\n|upkeep\n|turn|6\n|\n|t:|1788313862\n|move|p2b: Basculegion|Protect|p2b: Basculegion\n|-singleturn|p2b: Basculegion|Protect\n|move|p2a: Toxapex|Baneful Bunker|p2a: Toxapex\n|-singleturn|p2a: Toxapex|move: Protect\n|move|p1b: Grimmsnarl|Reflect|p1b: Grimmsnarl\n|-sidestart|p1: TheTaxCat|Reflect\n|move|p1a: Glimmora|Power Gem|p2b: Basculegion\n|-activate|p2b: Basculegion|move: Protect\n|\n|-weather|none\n|-damage|p1b: Grimmsnarl|73/100|[from] move: Infestation|[partiallytrapped]\n|-sideend|p1: TheTaxCat|move: Tailwind\n|upkeep\n|turn|7\n|\n|t:|1788313880\n|move|p1b: Grimmsnarl|Parting Shot|p2b: Basculegion\n|-unboost|p2b: Basculegion|atk|1\n|-unboost|p2b: Basculegion|spa|1\n|\n|t:|1788313888\n|switch|p1b: Espathra|Espathra, L50, F|79/100 tox|[from] Parting Shot\n|move|p1a: Glimmora|Power Gem|p2b: Basculegion\n|-damage|p2b: Basculegion|0 fnt\n|faint|p2b: Basculegion\n|move|p2a: Toxapex|Toxic|p1b: Espathra\n|-fail|p1b: Espathra|tox\n|\n|-damage|p1b: Espathra|73/100 tox|[from] psn\n|upkeep\n|\n|t:|1788313899\n|switch|p2b: Mamoswine|Mamoswine, L50, F|100/100\n|turn|8\n|\n|t:|1788313915\n|move|p1a: Glimmora|Spiky Shield|p1a: Glimmora\n|-singleturn|p1a: Glimmora|move: Protect\n|move|p1b: Espathra|Lumina Crash|p2a: Toxapex\n|-supereffective|p2a: Toxapex|1\n|-damage|p2a: Toxapex|57/100\n|-unboost|p2a: Toxapex|spd|2\n|move|p2b: Mamoswine|High Horsepower|p1a: Glimmora\n|-activate|p1a: Glimmora|move: Protect\n|-damage|p2b: Mamoswine|87/100|[from] Spiky Shield|[of] p1a: Glimmora\n|move|p2a: Toxapex|Infestation|p1b: Espathra\n|-supereffective|p1b: Espathra|1\n|-damage|p1b: Espathra|69/100 tox\n|-activate|p1b: Espathra|move: Infestation|[of] p2a: Toxapex\n|\n|-heal|p2a: Toxapex|63/100|[from] item: Leftovers\n|-damage|p1b: Espathra|57/100 tox|[from] psn\n|-damage|p1b: Espathra|44/100 tox|[from] move: Infestation|[partiallytrapped]\n|-sideend|p1: TheTaxCat|move: Light Screen\n|-ability|p1b: Espathra|Speed Boost|boost\n|-boost|p1b: Espathra|spe|1\n|upkeep\n|turn|9\n|\n|t:|1788313937\n|move|p2b: Mamoswine|Protect|p2b: Mamoswine\n|-singleturn|p2b: Mamoswine|Protect\n|move|p2a: Toxapex|Baneful Bunker|p2a: Toxapex\n|-singleturn|p2a: Toxapex|move: Protect\n|move|p1a: Glimmora|Power Gem|p2b: Mamoswine\n|-activate|p2b: Mamoswine|move: Protect\n|move|p1b: Espathra|Lumina Crash|p2a: Toxapex\n|-activate|p2a: Toxapex|move: Protect\n|\n|-heal|p2a: Toxapex|69/100|[from] item: Leftovers\n|-damage|p1b: Espathra|26/100 tox|[from] psn\n|-damage|p1b: Espathra|14/100 tox|[from] move: Infestation|[partiallytrapped]\n|-ability|p1b: Espathra|Speed Boost|boost\n|-boost|p1b: Espathra|spe|1\n|upkeep\n|turn|10\n|\n|t:|1788313966\n|-heal|p2a: Toxapex|100/100|[from] ability: Regenerator|[silent]\n|switch|p2a: Delphox|Delphox-Mega, L50, F|100/100\n|move|p1a: Glimmora|Power Gem|p2b: Mamoswine\n|-damage|p2b: Mamoswine|0 fnt\n|faint|p2b: Mamoswine\n|move|p1b: Espathra|Lumina Crash|p2a: Delphox\n|-resisted|p2a: Delphox|1\n|-damage|p2a: Delphox|85/100\n|-unboost|p2a: Delphox|spd|2\n|\n|-damage|p1b: Espathra|0 fnt|[from] psn\n|faint|p1b: Espathra\n|upkeep\n|\n|t:|1788313980\n|switch|p1b: Grimmsnarl|Grimmsnarl, L50, M|73/100\n|switch|p2b: Toxapex|Toxapex, L50, M|100/100\n|turn|11\n|-message|Happy0nion314 forfeited.\n|\n|win|TheTaxCat\n|raw|TheTaxCat's rating: 1359 &rarr; <strong>1376</strong><br />(+17 for winning)\n|raw|Happy0nion314's rating: 1307 &rarr; <strong>1290</strong><br />(-17 for losing)\n|l|☆Happy0nion314\n|player|p2|\n","uploadtime":1788313997,"views":"1","formatid":"gen9championsvgc2026regmb","rating":1290,"private":0,"password":null}