{"id":"gen9championsvgc2026regmb-2674320159","format":"[Gen 9 Champions] VGC 2026 Reg M-B","players":["carrotbeafsteak","Mavtato"],"log":"|j|☆carrotbeafsteak\n|j|‽Mavtato\n|t:|1788340138\n|gametype|doubles\n|player|p1|carrotbeafsteak|266|1252\n|player|p2|Mavtato|proton|1178\n|gen|9\n|tier|[Gen 9 Champions] VGC 2026 Reg M-B\n|rated|\n|rule|Species Clause: Limit one of each Pokémon\n|rule|Item Clause: Limit 1 of each item\n|clearpoke\n|poke|p1|Simipour, L50, M|\n|poke|p1|Simisage, L50, M|\n|poke|p1|Simisear, L50, F|\n|poke|p1|Pelipper, L50, M|\n|poke|p1|Torkoal, L50, M|\n|poke|p1|Gyarados, L50, M|\n|poke|p2|Raichu, L50, F|\n|poke|p2|Kingambit, L50, F|\n|poke|p2|Garchomp, L50, M|\n|poke|p2|Ninetales-Alola, L50, F|\n|poke|p2|Farigiraf, L50, F|\n|poke|p2|Basculegion, L50, M|\n|teampreview|4\n|inactive|Battle timer is ON: inactive players will automatically lose when time's up. (requested by Mavtato)\n|inactive|Mavtato has 60 seconds left.\n|\n|t:|1788340171\n|teamsize|p1|4\n|teamsize|p2|4\n|start\n|switch|p1a: Simisage|Simisage, L50, M|100/100\n|switch|p1b: Torkoal|Torkoal, L50, M|100/100\n|switch|p2a: Raichu|Raichu, L50, F|100/100\n|switch|p2b: Basculegion|Basculegion, L50, M|100/100\n|-weather|SunnyDay|[from] ability: Drought|[of] p1b: Torkoal\n|turn|1\n|inactive|Mavtato has 30 seconds left.\n|l|‽Mavtato\n|inactive|Mavtato disconnected and has a minute to reconnect!\n|player|p2|\n|inactive|Mavtato has 20 seconds left.\n|inactive|Mavtato has 15 seconds left.\n|inactive|Mavtato has 10 seconds left.\n|inactive|Mavtato has 5 seconds left.\n|j|‽Mavtato\n|inactive|Mavtato reconnected and has 5 seconds left.\n|player|p2|Mavtato|proton|\n|n|‽Mavtato|mavtato\n|n|‽Mavtato|mavtato\n|n|‽Mavtato|mavtato\n|n|‽Mavtato|mavtato\n|\n|t:|1788340226\n|move|p1b: Torkoal|Helping Hand|p1a: Simisage\n|-singleturn|p1a: Simisage|Helping Hand|[of] p1b: Torkoal\n|move|p2b: Basculegion|Flip Turn|p1a: Simisage\n|-resisted|p1a: Simisage|1\n|-damage|p1a: Simisage|84/100\n|\n|t:|1788340242\n|switch|p2b: Garchomp|Garchomp, L50, M|100/100|[from] Flip Turn\n|move|p2a: Raichu|Zap Cannon|p1b: Torkoal\n|-damage|p1b: Torkoal|45/100\n|-status|p1b: Torkoal|par\n|move|p1a: Simisage|Solar Blade||[still]\n|-prepare|p1a: Simisage|Solar Blade\n|-anim|p1a: Simisage|Solar Blade|p2a: Raichu\n|-damage|p2a: Raichu|0 fnt\n|faint|p2a: Raichu\n|-damage|p1a: Simisage|75/100|[from] item: Life Orb\n|\n|-weather|SunnyDay|[upkeep]\n|-heal|p1b: Torkoal|51/100 par|[from] item: Leftovers\n|upkeep\n|\n|t:|1788340260\n|switch|p2a: Kingambit|Kingambit, L50, F|100/100\n|turn|2\n|\n|t:|1788340268\n|move|p1b: Torkoal|Helping Hand|p1a: Simisage\n|-singleturn|p1a: Simisage|Helping Hand|[of] p1b: Torkoal\n|move|p2a: Kingambit|Protect|p2a: Kingambit\n|-singleturn|p2a: Kingambit|Protect\n|move|p2b: Garchomp|Earthquake|p1b: Torkoal|[spread] p1a,p1b\n|-activate|p2a: Kingambit|move: Protect\n|-resisted|p1a: Simisage|1\n|-supereffective|p1b: Torkoal|1\n|-damage|p1a: Simisage|31/100\n|-damage|p1b: Torkoal|0 fnt\n|faint|p1b: Torkoal\n|-damage|p2b: Garchomp|90/100|[from] item: Life Orb\n|move|p1a: Simisage|Low Kick|p2a: Kingambit\n|-activate|p2a: Kingambit|move: Protect\n|\n|-weather|SunnyDay|[upkeep]\n|upkeep\n|\n|t:|1788340273\n|switch|p1b: Simipour|Simipour, L50, M|100/100\n|turn|3\n|\n|t:|1788340292\n|move|p1b: Simipour|Ice Beam|p2b: Garchomp\n|-supereffective|p2b: Garchomp|2\n|-damage|p2b: Garchomp|0 fnt\n|faint|p2b: Garchomp\n|move|p1a: Simisage|Low Kick|p2a: Kingambit\n|-supereffective|p2a: Kingambit|2\n|-damage|p2a: Kingambit|0 fnt\n|faint|p2a: Kingambit\n|-damage|p1a: Simisage|21/100|[from] item: Life Orb\n|\n|-weather|SunnyDay|[upkeep]\n|upkeep\n|\n|t:|1788340301\n|switch|p2b: Basculegion|Basculegion, L50, M|100/100\n|turn|4\n|\n|t:|1788340311\n|switch|p1b: Gyarados|Gyarados, L50, M|100/100\n|-ability|p1b: Gyarados|Intimidate|boost\n|-unboost|p2b: Basculegion|atk|1\n|move|p2b: Basculegion|Last Respects|p1a: Simisage\n|-damage|p1a: Simisage|0 fnt\n|faint|p1a: Simisage\n|\n|-weather|SunnyDay|[upkeep]\n|upkeep\n|\n|t:|1788340317\n|switch|p1a: Simipour|Simipour, L50, M|100/100\n|turn|5\n|\n|t:|1788340325\n|detailschange|p1b: Gyarados|Gyarados-Mega, L50, M\n|-mega|p1b: Gyarados|Gyarados|Gyaradosite\n|-ability|p1b: Gyarados|Mold Breaker\n|move|p1a: Simipour|Icy Wind|p2b: Basculegion\n|-resisted|p2b: Basculegion|1\n|-damage|p2b: Basculegion|90/100\n|-unboost|p2b: Basculegion|spe|1\n|move|p2b: Basculegion|Last Respects|p1b: Gyarados\n|-resisted|p1b: Gyarados|1\n|-damage|p1b: Gyarados|65/100\n|move|p1b: Gyarados|Crunch|p2b: Basculegion\n|-supereffective|p2b: Basculegion|1\n|-damage|p2b: Basculegion|0 fnt\n|faint|p2b: Basculegion\n|\n|win|carrotbeafsteak\n|raw|carrotbeafsteak's rating: 1252 &rarr; <strong>1272</strong><br />(+20 for winning)\n|raw|Mavtato's rating: 1178 &rarr; <strong>1158</strong><br />(-20 for losing)\n|l|‽Mavtato\n|player|p2|\n","uploadtime":1788340336,"views":"1","formatid":"gen9championsvgc2026regmb","rating":1158,"private":0,"password":null}