{"id":"gen9championsvgc2026regmb-2674333330","format":"[Gen 9 Champions] VGC 2026 Reg M-B","players":["GPHyoma","Shawon2019"],"log":"|j|☆GPHyoma\n|j|☆Shawon2019\n|t:|1788343122\n|gametype|doubles\n|player|p1|GPHyoma|pryce|1184\n|player|p2|Shawon2019|lance|1277\n|gen|9\n|tier|[Gen 9 Champions] VGC 2026 Reg M-B\n|rated|\n|rule|Species Clause: Limit one of each Pokémon\n|rule|Item Clause: Limit 1 of each item\n|clearpoke\n|poke|p1|Kingambit, L50, M|\n|poke|p1|Jolteon, L50, M|\n|poke|p1|Froslass, L50, F|\n|poke|p1|Rotom-Frost, L50|\n|poke|p1|Sneasler, L50, M, shiny|\n|poke|p1|Milotic, L50, M|\n|poke|p2|Charizard, L50, M, shiny|\n|poke|p2|Venusaur, L50, M|\n|poke|p2|Incineroar, L50, M, shiny|\n|poke|p2|Whimsicott, L50, F|\n|poke|p2|Hydreigon, L50, M|\n|poke|p2|Staraptor, L50, M|\n|teampreview|4\n|inactive|Battle timer is ON: inactive players will automatically lose when time's up. (requested by Shawon2019)\n|\n|t:|1788343153\n|teamsize|p1|4\n|teamsize|p2|4\n|start\n|switch|p1a: Electrotherapy|Jolteon, L50, M|100/100\n|switch|p1b: Cryotherapy|Froslass, L50, F|100/100\n|switch|p2a: Charizard|Charizard, L50, M, shiny|100/100\n|switch|p2b: Whimsicott|Whimsicott, L50, F|100/100\n|turn|1\n|\n|t:|1788343167\n|move|p2b: Whimsicott|Protect|p2b: Whimsicott\n|-singleturn|p2b: Whimsicott|Protect\n|move|p1b: Cryotherapy|Protect|p1b: Cryotherapy\n|-singleturn|p1b: Cryotherapy|Protect\n|move|p2a: Charizard|Protect|p2a: Charizard\n|-singleturn|p2a: Charizard|Protect\n|move|p1a: Electrotherapy|Electroweb|p2a: Charizard|[spread] \n|-activate|p2a: Charizard|move: Protect\n|-activate|p2b: Whimsicott|move: Protect\n|\n|upkeep\n|turn|2\n|\n|t:|1788343181\n|switch|p1b: Analgesics|Milotic, L50, M|100/100\n|detailschange|p2a: Charizard|Charizard-Mega-Y, L50, M, shiny\n|-mega|p2a: Charizard|Charizard|Charizardite Y\n|-weather|SunnyDay|[from] ability: Drought|[of] p2a: Charizard\n|move|p2b: Whimsicott|Encore||[still]\n|-fail|p2b: Whimsicott\n|move|p1a: Electrotherapy|Electroweb|p2b: Whimsicott|[spread] p2a,p2b\n|-supereffective|p2a: Charizard|1\n|-resisted|p2b: Whimsicott|1\n|-damage|p2a: Charizard|60/100\n|-damage|p2b: Whimsicott|83/100\n|-unboost|p2a: Charizard|spe|1\n|-unboost|p2b: Whimsicott|spe|1\n|move|p2a: Charizard|Heat Wave|p1b: Analgesics|[spread] p1a,p1b\n|-resisted|p1b: Analgesics|1\n|-damage|p1a: Electrotherapy|10/100\n|-damage|p1b: Analgesics|73/100\n|\n|-weather|SunnyDay|[upkeep]\n|-heal|p1b: Analgesics|80/100|[from] item: Leftovers\n|upkeep\n|turn|3\n|\n|t:|1788343205\n|move|p2a: Charizard|Protect|p2a: Charizard\n|-singleturn|p2a: Charizard|Protect\n|move|p1a: Electrotherapy|Electroweb|p2a: Charizard|[spread] p2b\n|-activate|p2a: Charizard|move: Protect\n|-resisted|p2b: Whimsicott|1\n|-damage|p2b: Whimsicott|67/100\n|-unboost|p2b: Whimsicott|spe|1\n|move|p1b: Analgesics|Icy Wind|p2b: Whimsicott|[spread] p2b\n|-activate|p2a: Charizard|move: Protect\n|-supereffective|p2b: Whimsicott|1\n|-damage|p2b: Whimsicott|35/100\n|-unboost|p2b: Whimsicott|spe|1\n|move|p2b: Whimsicott|Moonblast|p1a: Electrotherapy\n|-damage|p1a: Electrotherapy|0 fnt\n|faint|p1a: Electrotherapy\n|\n|-weather|SunnyDay|[upkeep]\n|-heal|p1b: Analgesics|86/100|[from] item: Leftovers\n|upkeep\n|\n|t:|1788343215\n|switch|p1a: Cryotherapy|Froslass, L50, F|100/100\n|turn|4\n|\n|t:|1788343233\n|switch|p2a: Venusaur|Venusaur, L50, M|100/100\n|detailschange|p1a: Cryotherapy|Froslass-Mega, L50, F\n|-mega|p1a: Cryotherapy|Froslass|Froslassite\n|-weather|Snowscape|[from] ability: Snow Warning|[of] p1a: Cryotherapy\n|move|p2b: Whimsicott|Tailwind|p2b: Whimsicott\n|-sidestart|p2: Shawon2019|move: Tailwind\n|move|p1a: Cryotherapy|Blizzard|p2a: Venusaur|[spread] p2a,p2b\n|-supereffective|p2a: Venusaur|1\n|-supereffective|p2b: Whimsicott|1\n|-damage|p2a: Venusaur|0 fnt\n|-damage|p2b: Whimsicott|0 fnt\n|faint|p2a: Venusaur\n|faint|p2b: Whimsicott\n|move|p1b: Analgesics|Icy Wind|p2: Venusaur|[notarget]\n|-fail|p1b: Analgesics\n|\n|-weather|Snowscape|[upkeep]\n|-heal|p1b: Analgesics|92/100|[from] item: Leftovers\n|upkeep\n|\n|t:|1788343249\n|switch|p2b: Charizard|Charizard-Mega-Y, L50, M, shiny|60/100\n|switch|p2a: Hydreigon|Hydreigon, L50, M|100/100\n|-weather|SunnyDay|[from] ability: Drought|[of] p2b: Charizard\n|turn|5\n|\n|t:|1788343262\n|move|p1a: Cryotherapy|Protect|p1a: Cryotherapy\n|-singleturn|p1a: Cryotherapy|Protect\n|move|p2a: Hydreigon|Dark Pulse|p1a: Cryotherapy\n|-activate|p1a: Cryotherapy|move: Protect\n|move|p2b: Charizard|Solar Beam||[still]\n|-prepare|p2b: Charizard|Solar Beam\n|-anim|p2b: Charizard|Solar Beam|p1b: Analgesics\n|-supereffective|p1b: Analgesics|1\n|-damage|p1b: Analgesics|9/100\n|move|p1b: Analgesics|Icy Wind|p2b: Charizard|[spread] p2a,p2b\n|-supereffective|p2a: Hydreigon|1\n|-damage|p2a: Hydreigon|76/100\n|-damage|p2b: Charizard|49/100\n|-unboost|p2a: Hydreigon|spe|1\n|-unboost|p2b: Charizard|spe|1\n|\n|-weather|SunnyDay|[upkeep]\n|-heal|p1b: Analgesics|15/100|[from] item: Leftovers\n|upkeep\n|turn|6\n|\n|t:|1788343277\n|switch|p1a: R.I.C.E|Rotom-Frost, L50|100/100\n|move|p2a: Hydreigon|Dark Pulse|p1a: R.I.C.E\n|-damage|p1a: R.I.C.E|37/100\n|move|p2b: Charizard|Solar Beam||[still]\n|-prepare|p2b: Charizard|Solar Beam\n|-anim|p2b: Charizard|Solar Beam|p1b: Analgesics\n|-supereffective|p1b: Analgesics|1\n|-damage|p1b: Analgesics|0 fnt\n|faint|p1b: Analgesics\n|\n|-weather|SunnyDay|[upkeep]\n|upkeep\n|\n|t:|1788343280\n|switch|p1b: Cryotherapy|Froslass-Mega, L50, F|100/100\n|-weather|Snowscape|[from] ability: Snow Warning|[of] p1b: Cryotherapy\n|turn|7\n|\n|t:|1788343293\n|move|p1b: Cryotherapy|Protect|p1b: Cryotherapy\n|-singleturn|p1b: Cryotherapy|Protect\n|move|p2a: Hydreigon|Dark Pulse|p1b: Cryotherapy\n|-activate|p1b: Cryotherapy|move: Protect\n|move|p1a: R.I.C.E|Blizzard|p2a: Hydreigon|[spread] p2a,p2b\n|-supereffective|p2a: Hydreigon|1\n|-damage|p2a: Hydreigon|0 fnt\n|-damage|p2b: Charizard|12/100\n|faint|p2a: Hydreigon\n|move|p2b: Charizard|Heat Wave|p1b: Cryotherapy|[spread] p1a\n|-activate|p1b: Cryotherapy|move: Protect\n|-supereffective|p1a: R.I.C.E|1\n|-damage|p1a: R.I.C.E|0 fnt\n|faint|p1a: R.I.C.E\n|\n|-weather|Snowscape|[upkeep]\n|-sideend|p2: Shawon2019|move: Tailwind\n|upkeep\n|turn|8\n|-message|Shawon2019 forfeited.\n|\n|win|GPHyoma\n|raw|GPHyoma's rating: 1184 &rarr; <strong>1216</strong><br />(+32 for winning)\n|raw|Shawon2019's rating: 1277 &rarr; <strong>1245</strong><br />(-32 for losing)\n|l|☆Shawon2019\n|player|p2|\n","uploadtime":1788343311,"views":"1","formatid":"gen9championsvgc2026regmb","rating":1216,"private":0,"password":null}