{"id":"gen9championsvgc2026regmbbo3-2674168840","format":"[Gen 9 Champions] VGC 2026 Reg M-B (Bo3)","players":["Puglover20","sugarglider_9603"],"log":"|j|☆Puglover20\n|j|☆sugarglider_9603\n|html|<table width=\"100%\"><tr><td align=\"left\">Puglover20</td><td align=\"right\">sugarglider_9603</tr><tr><td align=\"left\"><i class=\"fa fa-circle-o\"></i> <i class=\"fa fa-circle-o\"></i> </td><td align=\"right\"><i class=\"fa fa-circle-o\"></i> <i class=\"fa fa-circle\"></i> </tr></table>\n|uhtml|bestof|<h2><strong>Game 2</strong> of <a href=\"/game-bestof3-gen9championsvgc2026regmbbo3-2674164903\">a best-of-3</a></h2>\n|t:|1788309484\n|gametype|doubles\n|player|p1|Puglover20|102|\n|player|p2|sugarglider_9603|wallace|\n|gen|9\n|tier|[Gen 9 Champions] VGC 2026 Reg M-B (Bo3)\n|rule|Species Clause: Limit one of each Pokémon\n|rule|Item Clause: Limit 1 of each item\n|raw|<div class=\"infobox\"><details class=\"readmore\" open><summary><strong>1 custom rule:</strong></summary> !Force Open Team Sheets</details></div>\n|clearpoke\n|poke|p1|Raichu, L50, F|\n|poke|p1|Snorlax, L50, F|\n|poke|p1|Blastoise, L50, F|\n|poke|p1|Ninetales, L50, M|\n|poke|p1|Machamp, L50, F|\n|poke|p1|Maushold, L50|\n|poke|p2|Runerigus, L50, M|\n|poke|p2|Meganium, L50, M|\n|poke|p2|Archaludon, L50, F|\n|poke|p2|Tyranitar, L50, M|\n|poke|p2|Hatterene, L50, F|\n|poke|p2|Goodra-Hisui, L50, M|\n|teampreview|4\n|\n|t:|1788309514\n|teamsize|p1|4\n|teamsize|p2|4\n|start\n|switch|p1a: Naruto Uzumaki|Ninetales, L50, M|100/100\n|switch|p1b: Hannibal Lecter|Snorlax, L50, F|100/100\n|switch|p2a: Sidewalk chalk|Runerigus, L50, M|100/100\n|switch|p2b: Slugothy|Goodra-Hisui, L50, M|100/100\n|-weather|SunnyDay|[from] ability: Drought|[of] p1a: Naruto Uzumaki\n|turn|1\n|\n|t:|1788309584\n|move|p2b: Slugothy|Protect|p2b: Slugothy\n|-singleturn|p2b: Slugothy|Protect\n|move|p1a: Naruto Uzumaki|Solar Beam||[still]\n|-prepare|p1a: Naruto Uzumaki|Solar Beam\n|-anim|p1a: Naruto Uzumaki|Solar Beam|p2a: Sidewalk chalk\n|-supereffective|p2a: Sidewalk chalk|1\n|-damage|p2a: Sidewalk chalk|36/100\n|-damage|p1a: Naruto Uzumaki|90/100|[from] item: Life Orb\n|move|p1b: Hannibal Lecter|Fissure|p2b: Slugothy\n|-activate|p2b: Slugothy|move: Protect\n|move|p2a: Sidewalk chalk|Trick Room|p2a: Sidewalk chalk\n|-fieldstart|move: Trick Room|[of] p2a: Sidewalk chalk\n|\n|-weather|SunnyDay|[upkeep]\n|upkeep\n|turn|2\n|\n|t:|1788309611\n|move|p2a: Sidewalk chalk|Protect|p2a: Sidewalk chalk\n|-singleturn|p2a: Sidewalk chalk|Protect\n|move|p1b: Hannibal Lecter|Fissure|p2b: Slugothy\n|-damage|p2b: Slugothy|0 fnt\n|faint|p2b: Slugothy\n|-ohko\n|move|p1a: Naruto Uzumaki|Solar Beam||[still]\n|-prepare|p1a: Naruto Uzumaki|Solar Beam\n|-anim|p1a: Naruto Uzumaki|Solar Beam|p2a: Sidewalk chalk\n|-activate|p2a: Sidewalk chalk|move: Protect\n|\n|-weather|SunnyDay|[upkeep]\n|upkeep\n|\n|t:|1788309619\n|switch|p2b: Chompster|Tyranitar, L50, M|100/100\n|-weather|Sandstorm|[from] ability: Sand Stream|[of] p2b: Chompster\n|turn|3\n|\n|t:|1788309660\n|move|p2a: Sidewalk chalk|Disable|p1b: Hannibal Lecter\n|-start|p1b: Hannibal Lecter|Disable|Fissure\n|move|p1b: Hannibal Lecter|Heavy Slam|p2a: Sidewalk chalk\n|-damage|p2a: Sidewalk chalk|14/100\n|-activate|p1b: Hannibal Lecter|Skill Swap|Wandering Spirit|Thick Fat|[of] p2a: Sidewalk chalk\n|move|p2b: Chompster|Rock Slide|p1b: Hannibal Lecter|[spread] p1a,p1b\n|-supereffective|p1a: Naruto Uzumaki|1\n|-damage|p1a: Naruto Uzumaki|0 fnt\n|-damage|p1b: Hannibal Lecter|78/100\n|faint|p1a: Naruto Uzumaki\n|\n|-weather|Sandstorm|[upkeep]\n|-damage|p1b: Hannibal Lecter|72/100|[from] Sandstorm\n|-heal|p1b: Hannibal Lecter|78/100|[from] item: Leftovers\n|upkeep\n|\n|t:|1788309678\n|switch|p1a: Arthur Morgan|Blastoise, L50, F|100/100\n|turn|4\n|\n|t:|1788309702\n|detailschange|p1a: Arthur Morgan|Blastoise-Mega, L50, F\n|-mega|p1a: Arthur Morgan|Blastoise|Blastoisinite\n|move|p2a: Sidewalk chalk|Protect|p2a: Sidewalk chalk\n|-singleturn|p2a: Sidewalk chalk|Protect\n|move|p1b: Hannibal Lecter|Heavy Slam|p2b: Chompster\n|-supereffective|p2b: Chompster|1\n|-damage|p2b: Chompster|69/100\n|move|p2b: Chompster|Rock Slide|p1a: Arthur Morgan|[spread] p1a,p1b\n|-damage|p1a: Arthur Morgan|69/100\n|-damage|p1b: Hannibal Lecter|56/100\n|cant|p1a: Arthur Morgan|flinch\n|\n|-weather|Sandstorm|[upkeep]\n|-damage|p1b: Hannibal Lecter|50/100y|[from] Sandstorm\n|-damage|p1a: Arthur Morgan|63/100|[from] Sandstorm\n|-heal|p1b: Hannibal Lecter|56/100|[from] item: Leftovers\n|upkeep\n|turn|5\n|\n|t:|1788309742\n|move|p2a: Sidewalk chalk|Protect|p2a: Sidewalk chalk\n|-singleturn|p2a: Sidewalk chalk|Protect\n|move|p1b: Hannibal Lecter|Heavy Slam|p2b: Chompster\n|-supereffective|p2b: Chompster|1\n|-crit|p2b: Chompster\n|-damage|p2b: Chompster|25/100\n|move|p2b: Chompster|Rock Slide|p1a: Arthur Morgan|[spread] p1a,p1b\n|-damage|p1a: Arthur Morgan|32/100\n|-damage|p1b: Hannibal Lecter|35/100\n|move|p1a: Arthur Morgan|Water Spout|p2b: Chompster|[spread] p2b\n|-activate|p2a: Sidewalk chalk|move: Protect\n|-supereffective|p2b: Chompster|1\n|-damage|p2b: Chompster|1/100\n|\n|-weather|Sandstorm|[upkeep]\n|-damage|p1b: Hannibal Lecter|28/100|[from] Sandstorm\n|-damage|p1a: Arthur Morgan|26/100|[from] Sandstorm\n|-heal|p1b: Hannibal Lecter|35/100|[from] item: Leftovers\n|-fieldend|move: Trick Room\n|upkeep\n|turn|6\n|\n|t:|1788309768\n|move|p1a: Arthur Morgan|Water Spout|p2a: Sidewalk chalk|[spread] p2a,p2b\n|-supereffective|p2a: Sidewalk chalk|1\n|-supereffective|p2b: Chompster|1\n|-damage|p2a: Sidewalk chalk|0 fnt\n|-damage|p2b: Chompster|0 fnt\n|faint|p2a: Sidewalk chalk\n|faint|p2b: Chompster\n|move|p1b: Hannibal Lecter|Heavy Slam|p2: Sidewalk chalk|[notarget]\n|-fail|p1b: Hannibal Lecter\n|\n|-weather|Sandstorm|[upkeep]\n|-damage|p1a: Arthur Morgan|21/100|[from] Sandstorm\n|-damage|p1b: Hannibal Lecter|28/100|[from] Sandstorm\n|-heal|p1b: Hannibal Lecter|35/100|[from] item: Leftovers\n|-end|p1b: Hannibal Lecter|Disable\n|upkeep\n|\n|t:|1788309773\n|switch|p2b: Flower Power|Meganium, L50, M|100/100\n|turn|7\n|\n|t:|1788309814\n|detailschange|p2b: Flower Power|Meganium-Mega, L50, M\n|-mega|p2b: Flower Power|Meganium|Meganiumite\n|move|p1a: Arthur Morgan|Shell Smash|p1a: Arthur Morgan\n|-unboost|p1a: Arthur Morgan|def|1\n|-unboost|p1a: Arthur Morgan|spd|1\n|-boost|p1a: Arthur Morgan|atk|2\n|-boost|p1a: Arthur Morgan|spa|2\n|-boost|p1a: Arthur Morgan|spe|2\n|move|p2b: Flower Power|Dazzling Gleam|p1b: Hannibal Lecter|[spread] p1a,p1b\n|-damage|p1a: Arthur Morgan|0 fnt\n|-damage|p1b: Hannibal Lecter|14/100\n|faint|p1a: Arthur Morgan\n|move|p1b: Hannibal Lecter|Heavy Slam|p2b: Flower Power\n|-supereffective|p2b: Flower Power|1\n|-damage|p2b: Flower Power|68/100\n|\n|-weather|none\n|-heal|p1b: Hannibal Lecter|20/100y|[from] item: Leftovers\n|upkeep\n|\n|t:|1788309828\n|switch|p1a: Soap Mactavish|Machamp, L50, F|100/100\n|turn|8\n|\n|t:|1788309853\n|move|p1a: Soap Mactavish|Bullet Punch|p2b: Flower Power\n|-supereffective|p2b: Flower Power|1\n|-damage|p2b: Flower Power|37/100\n|move|p2b: Flower Power|Dazzling Gleam|p1a: Soap Mactavish|[spread] p1a,p1b\n|-supereffective|p1a: Soap Mactavish|1\n|-damage|p1a: Soap Mactavish|11/100\n|-damage|p1b: Hannibal Lecter|0 fnt\n|-enditem|p1a: Soap Mactavish|Sitrus Berry|[eat]\n|-heal|p1a: Soap Mactavish|36/100|[from] item: Sitrus Berry\n|faint|p1b: Hannibal Lecter\n|\n|upkeep\n|turn|9\n|\n|t:|1788309866\n|move|p1a: Soap Mactavish|Bullet Punch|p2b: Flower Power\n|-supereffective|p2b: Flower Power|1\n|-damage|p2b: Flower Power|7/100\n|move|p2b: Flower Power|Dazzling Gleam|p1a: Soap Mactavish\n|-supereffective|p1a: Soap Mactavish|1\n|-damage|p1a: Soap Mactavish|0 fnt\n|faint|p1a: Soap Mactavish\n|\n|win|sugarglider_9603\n","uploadtime":1788309875,"views":"8","formatid":"gen9championsvgc2026regmbbo3","rating":null,"private":0,"password":null}