{"id":"gen9championsvgc2026regmb-2674946445","format":"[Gen 9 Champions] VGC 2026 Reg M-B","players":["daunting david","Wh4teva"],"log":"|j|☆daunting david\n|j|☆Wh4teva\n|t:|1788440272\n|gametype|doubles\n|player|p1|daunting david|hilbert-wonderlauncher|1651\n|player|p2|Wh4teva|1|1776\n|gen|9\n|tier|[Gen 9 Champions] VGC 2026 Reg M-B\n|rated|\n|rule|Species Clause: Limit one of each Pokémon\n|rule|Item Clause: Limit 1 of each item\n|clearpoke\n|poke|p1|Garchomp, L50, M|\n|poke|p1|Venusaur, L50, M, shiny|\n|poke|p1|Incineroar, L50, F, shiny|\n|poke|p1|Charizard, L50, F, shiny|\n|poke|p1|Toxapex, L50, F, shiny|\n|poke|p1|Sylveon, L50, M|\n|poke|p2|Pyroar, L50, M|\n|poke|p2|Floette-Eternal, L50, F|\n|poke|p2|Farigiraf, L50, F|\n|poke|p2|Ninetales, L50, F|\n|poke|p2|Whimsicott, L50, F|\n|poke|p2|Basculegion, L50, M|\n|teampreview|4\n|inactive|Battle timer is ON: inactive players will automatically lose when time's up. (requested by daunting david)\n|inactive|Wh4teva has 60 seconds left.\n|\n|t:|1788440308\n|teamsize|p1|4\n|teamsize|p2|4\n|start\n|switch|p1a: Charizard|Charizard, L50, F, shiny|100/100\n|switch|p1b: Toxapex|Toxapex, L50, F, shiny|100/100\n|switch|p2a: Whimsicott|Whimsicott, L50, F|100/100\n|switch|p2b: Floette|Floette-Eternal, L50, F|100/100\n|turn|1\n|\n|t:|1788440322\n|detailschange|p2b: Floette|Floette-Mega, L50, F\n|-mega|p2b: Floette|Floette|Floettite\n|-ability|p2b: Floette|Fairy Aura\n|detailschange|p1a: Charizard|Charizard-Mega-Y, L50, F, shiny\n|-mega|p1a: Charizard|Charizard|Charizardite Y\n|-weather|SunnyDay|[from] ability: Drought|[of] p1a: Charizard\n|move|p2a: Whimsicott|Moonblast|p1a: Charizard\n|-resisted|p1a: Charizard|1\n|-damage|p1a: Charizard|79/100\n|move|p2b: Floette|Moonblast|p1a: Charizard\n|-resisted|p1a: Charizard|1\n|-damage|p1a: Charizard|43/100\n|move|p1a: Charizard|Heat Wave|p2a: Whimsicott|[spread] p2a,p2b\n|-supereffective|p2a: Whimsicott|1\n|-enditem|p2a: Whimsicott|Focus Sash\n|-damage|p2a: Whimsicott|1/100\n|-damage|p2b: Floette|47/100\n|move|p1b: Toxapex|Infestation|p2b: Floette\n|-resisted|p2b: Floette|1\n|-damage|p2b: Floette|46/100\n|-activate|p2b: Floette|move: Infestation|[of] p1b: Toxapex\n|\n|-weather|SunnyDay|[upkeep]\n|-damage|p2b: Floette|34/100|[from] move: Infestation|[partiallytrapped]\n|upkeep\n|turn|2\n|\n|t:|1788440344\n|switch|p1a: Incineroar|Incineroar, L50, F, shiny|100/100\n|-ability|p1a: Incineroar|Intimidate|boost\n|-unboost|p2a: Whimsicott|atk|1\n|-unboost|p2b: Floette|atk|1\n|move|p2a: Whimsicott|Protect|p2a: Whimsicott\n|-singleturn|p2a: Whimsicott|Protect\n|move|p2b: Floette|Light of Ruin|p1a: Incineroar\n|-damage|p1a: Incineroar|0 fnt\n|faint|p1a: Incineroar\n|-damage|p2b: Floette|0 fnt|[from] Recoil\n|faint|p2b: Floette\n|move|p1b: Toxapex|Infestation|p2a: Whimsicott\n|-activate|p2a: Whimsicott|move: Protect\n|\n|-weather|SunnyDay|[upkeep]\n|upkeep\n|\n|t:|1788440355\n|switch|p2b: Farigiraf|Farigiraf, L50, F|100/100\n|switch|p1a: Charizard|Charizard-Mega-Y, L50, F, shiny|43/100\n|turn|3\n|\n|t:|1788440363\n|move|p2a: Whimsicott|Moonblast|p1a: Charizard\n|-resisted|p1a: Charizard|1\n|-damage|p1a: Charizard|27/100\n|move|p1a: Charizard|Heat Wave|p2a: Whimsicott|[spread] p2a,p2b\n|-supereffective|p2a: Whimsicott|1\n|-damage|p2a: Whimsicott|0 fnt\n|-damage|p2b: Farigiraf|50/100g\n|faint|p2a: Whimsicott\n|move|p1b: Toxapex|Toxic|p2b: Farigiraf\n|-status|p2b: Farigiraf|tox\n|move|p2b: Farigiraf|Trick Room|p2b: Farigiraf\n|-fieldstart|move: Trick Room|[of] p2b: Farigiraf\n|\n|-weather|SunnyDay|[upkeep]\n|-damage|p2b: Farigiraf|45/100 tox|[from] psn\n|upkeep\n|-enditem|p2b: Farigiraf|Sitrus Berry|[eat]\n|-heal|p2b: Farigiraf|70/100 tox|[from] item: Sitrus Berry\n|\n|t:|1788440365\n|switch|p2a: Basculegion|Basculegion, L50, M|100/100\n|turn|4\n|\n|t:|1788440385\n|move|p1b: Toxapex|Toxic|p2a: Basculegion\n|-status|p2a: Basculegion|tox\n|move|p2b: Farigiraf|Twin Beam|p1a: Charizard\n|-damage|p1a: Charizard|13/100\n|-crit|p1a: Charizard\n|-damage|p1a: Charizard|0 fnt\n|faint|p1a: Charizard\n|-hitcount|p1: Charizard|2\n|move|p2a: Basculegion|Last Respects|p1b: Toxapex\n|-damage|p1b: Toxapex|14/100\n|-damage|p2a: Basculegion|90/100 tox|[from] item: Life Orb\n|\n|-weather|SunnyDay|[upkeep]\n|-heal|p1b: Toxapex|19/100|[from] item: Leftovers\n|-damage|p2b: Farigiraf|58/100 tox|[from] psn\n|-damage|p2a: Basculegion|84/100 tox|[from] psn\n|upkeep\n|\n|t:|1788440387\n|switch|p1a: Garchomp|Garchomp, L50, M|100/100\n|turn|5\n|inactive|daunting david has 30 seconds left.\n|\n|t:|1788440417\n|move|p1b: Toxapex|Baneful Bunker|p1b: Toxapex\n|-singleturn|p1b: Toxapex|move: Protect\n|move|p2b: Farigiraf|Twin Beam|p1b: Toxapex\n|-activate|p1b: Toxapex|move: Protect\n|move|p2a: Basculegion|Last Respects|p1a: Garchomp\n|-damage|p1a: Garchomp|0 fnt\n|faint|p1a: Garchomp\n|-damage|p2a: Basculegion|74/100 tox|[from] item: Life Orb\n|\n|-weather|none\n|-heal|p1b: Toxapex|25/100|[from] item: Leftovers\n|-damage|p2b: Farigiraf|40/100 tox|[from] psn\n|-damage|p2a: Basculegion|63/100 tox|[from] psn\n|upkeep\n|turn|6\n|\n|t:|1788440429\n|move|p1b: Toxapex|Infestation|p2a: Basculegion\n|-resisted|p2a: Basculegion|1\n|-damage|p2a: Basculegion|61/100 tox\n|-activate|p2a: Basculegion|move: Infestation|[of] p1b: Toxapex\n|move|p2b: Farigiraf|Twin Beam|p1b: Toxapex\n|-supereffective|p1b: Toxapex|1\n|-damage|p1b: Toxapex|5/100\n|-supereffective|p1b: Toxapex|1\n|-damage|p1b: Toxapex|0 fnt\n|faint|p1b: Toxapex\n|-hitcount|p1: Toxapex|2\n|\n|win|Wh4teva\n|raw|daunting david's rating: 1651 &rarr; <strong>1638</strong><br />(-13 for losing)\n|raw|Wh4teva's rating: 1776 &rarr; <strong>1789</strong><br />(+13 for winning)\n|l|☆daunting david\n|player|p1|\n|c|☆Wh4teva|ggs\n","uploadtime":1788440442,"views":"6","formatid":"gen9championsvgc2026regmb","rating":1638,"private":0,"password":null}