{"id":"gen9championsvgc2026regmb-2674529897","format":"[Gen 9 Champions] VGC 2026 Reg M-B","players":["Chimonsco","bruhdnigerian"],"log":"|j|☆Chimonsco\n|j|☆bruhdnigerian\n|t:|1788370548\n|gametype|doubles\n|player|p1|Chimonsco|boarder|1152\n|player|p2|bruhdnigerian|lance|1238\n|gen|9\n|tier|[Gen 9 Champions] VGC 2026 Reg M-B\n|rated|\n|rule|Species Clause: Limit one of each Pokémon\n|rule|Item Clause: Limit 1 of each item\n|clearpoke\n|poke|p1|Incineroar, L50, F|\n|poke|p1|Aerodactyl, L50, F|\n|poke|p1|Sneasler, L50, M|\n|poke|p1|Garchomp, L50, F|\n|poke|p1|Rampardos, L50, M|\n|poke|p1|Basculegion, L50, M|\n|poke|p2|Pangoro, L50, F|\n|poke|p2|Chandelure, L50, F|\n|poke|p2|Spiritomb, L50, M|\n|poke|p2|Araquanid, L50, F|\n|poke|p2|Gliscor, L50, M|\n|poke|p2|Drampa, L50, F|\n|teampreview|4\n|inactive|Battle timer is ON: inactive players will automatically lose when time's up. (requested by bruhdnigerian)\n|inactive|Chimonsco also wants the timer to be on.\nbruhdnigerian rejected open team sheets.\n|inactive|bruhdnigerian has 60 seconds left.\n|\n|t:|1788370579\n|teamsize|p1|4\n|teamsize|p2|4\n|start\n|switch|p1a: Aerodactyl|Aerodactyl, L50, F|100/100\n|switch|p1b: Sneasler|Sneasler, L50, M|100/100\n|switch|p2a: Spiritomb|Spiritomb, L50, M|100/100\n|switch|p2b: Chandelure|Chandelure, L50, F|100/100\n|-ability|p1a: Aerodactyl|Unnerve\n|turn|1\n|inactive|Chimonsco has 30 seconds left.\n|\n|t:|1788370613\n|detailschange|p2b: Chandelure|Chandelure-Mega, L50, F\n|-mega|p2b: Chandelure|Chandelure|Chandelurite\n|move|p1b: Sneasler|Protect|p1b: Sneasler\n|-singleturn|p1b: Sneasler|Protect\n|move|p2b: Chandelure|Protect|p2b: Chandelure\n|-singleturn|p2b: Chandelure|Protect\n|move|p1a: Aerodactyl|Tailwind|p1a: Aerodactyl\n|-sidestart|p1: Chimonsco|move: Tailwind\n|move|p2a: Spiritomb|Trick Room|p2a: Spiritomb\n|-fieldstart|move: Trick Room|[of] p2a: Spiritomb\n|\n|upkeep\n|turn|2\n|\n|t:|1788370638\n|detailschange|p1a: Aerodactyl|Aerodactyl-Mega, L50, F\n|-mega|p1a: Aerodactyl|Aerodactyl|Aerodactylite\n|move|p2a: Spiritomb|Will-O-Wisp|p1a: Aerodactyl\n|-status|p1a: Aerodactyl|brn\n|move|p2b: Chandelure|Shadow Ball|p1b: Sneasler\n|-damage|p1b: Sneasler|19/100\n|-unboost|p1b: Sneasler|spd|1\n|move|p1b: Sneasler|Rock Slide|p2a: Spiritomb|[spread] p2a,p2b\n|-supereffective|p2b: Chandelure|1\n|-damage|p2a: Spiritomb|78/100\n|-damage|p2b: Chandelure|53/100\n|move|p1a: Aerodactyl|Rock Slide|p2b: Chandelure|[spread] p2a,p2b\n|-supereffective|p2b: Chandelure|1\n|-damage|p2a: Spiritomb|62/100\n|-damage|p2b: Chandelure|23/100\n|\n|-damage|p1a: Aerodactyl|94/100 brn|[from] brn\n|upkeep\n|turn|3\n|\n|t:|1788370660\n|move|p1b: Sneasler|Protect|p1b: Sneasler\n|-singleturn|p1b: Sneasler|Protect\n|move|p1a: Aerodactyl|Protect|p1a: Aerodactyl\n|-singleturn|p1a: Aerodactyl|Protect\n|move|p2a: Spiritomb|Hex|p1a: Aerodactyl\n|-activate|p1a: Aerodactyl|move: Protect\n|move|p2b: Chandelure|Shadow Ball|p1a: Aerodactyl\n|-activate|p1a: Aerodactyl|move: Protect\n|\n|-damage|p1a: Aerodactyl|88/100 brn|[from] brn\n|upkeep\n|turn|4\n|\n|t:|1788370676\n|move|p2a: Spiritomb|Hex|p1b: Sneasler\n|-damage|p1b: Sneasler|0 fnt\n|faint|p1b: Sneasler\n|move|p2b: Chandelure|Shadow Ball|p1a: Aerodactyl\n|-damage|p1a: Aerodactyl|25/100 brn\n|-unboost|p1a: Aerodactyl|spd|1\n|move|p1a: Aerodactyl|Rock Slide|p2b: Chandelure|[spread] p2a,p2b\n|-supereffective|p2b: Chandelure|1\n|-damage|p2a: Spiritomb|45/100\n|-damage|p2b: Chandelure|0 fnt\n|faint|p2b: Chandelure\n|\n|-damage|p1a: Aerodactyl|19/100 brn|[from] brn\n|-sideend|p1: Chimonsco|move: Tailwind\n|upkeep\n|\n|t:|1788370692\n|switch|p2b: Pangoro|Pangoro, L50, F|100/100\n|switch|p1b: Garchomp|Garchomp, L50, F|100/100\n|turn|5\n|\n|t:|1788370714\n|move|p2a: Spiritomb|Will-O-Wisp|p1b: Garchomp\n|-status|p1b: Garchomp|brn\n|move|p2b: Pangoro|Knock Off|p1b: Garchomp\n|-damage|p1b: Garchomp|41/100 brn\n|-damage|p2b: Pangoro|87/100|[from] ability: Rough Skin|[of] p1b: Garchomp\n|-enditem|p1b: Garchomp|Life Orb|[from] move: Knock Off|[of] p2b: Pangoro\n|move|p1b: Garchomp|Earthquake|p2b: Pangoro|[spread] p2a,p2b\n|-immune|p1a: Aerodactyl\n|-crit|p2a: Spiritomb\n|-damage|p2a: Spiritomb|12/100\n|-damage|p2b: Pangoro|65/100\n|move|p1a: Aerodactyl|Rock Slide|p2a: Spiritomb|[spread] p2a,p2b\n|-resisted|p2b: Pangoro|1\n|-damage|p2a: Spiritomb|0 fnt\n|-damage|p2b: Pangoro|57/100\n|faint|p2a: Spiritomb\n|\n|-damage|p1b: Garchomp|35/100 brn|[from] brn\n|-damage|p1a: Aerodactyl|14/100 brn|[from] brn\n|-fieldend|move: Trick Room\n|upkeep\n|\n|t:|1788370725\n|switch|p2a: Gliscor|Gliscor, L50, M|100/100\n|turn|6\n|\n|t:|1788370737\n|move|p2b: Pangoro|Protect|p2b: Pangoro\n|-singleturn|p2b: Pangoro|Protect\n|move|p1a: Aerodactyl|Rock Slide|p2b: Pangoro|[spread] \n|-activate|p2b: Pangoro|move: Protect\n|-miss|p1a: Aerodactyl|p2a: Gliscor\n|move|p1b: Garchomp|Rock Slide|p2b: Pangoro|[spread] \n|-activate|p2b: Pangoro|move: Protect\n|-miss|p1b: Garchomp|p2a: Gliscor\n|move|p2a: Gliscor|Rock Slide|p1a: Aerodactyl|[spread] p1a,p1b\n|-supereffective|p1a: Aerodactyl|1\n|-resisted|p1b: Garchomp|1\n|-damage|p1a: Aerodactyl|0 fnt\n|-damage|p1b: Garchomp|27/100 brn\n|faint|p1a: Aerodactyl\n|\n|-damage|p1b: Garchomp|21/100 brn|[from] brn\n|upkeep\n|-message|Chimonsco forfeited.\n|\n|win|bruhdnigerian\n|raw|Chimonsco's rating: 1152 &rarr; <strong>1133</strong><br />(-19 for losing)\n|raw|bruhdnigerian's rating: 1238 &rarr; <strong>1257</strong><br />(+19 for winning)\n|l|☆Chimonsco\n|player|p1|\n","uploadtime":1788370755,"views":"0","formatid":"gen9championsvgc2026regmb","rating":1133,"private":0,"password":null}