{"id":"gen9championsvgc2026regmb-2673904822","format":"[Gen 9 Champions] VGC 2026 Reg M-B","players":["Linarith","naofizlogin"],"log":"|j|☆Linarith\n|j|☆naofizlogin\n|t:|1788275378\n|gametype|doubles\n|player|p1|Linarith|dawn-gen4pt|1032\n|player|p2|naofizlogin|1|1099\n|gen|9\n|tier|[Gen 9 Champions] VGC 2026 Reg M-B\n|rated|\n|rule|Species Clause: Limit one of each Pokémon\n|rule|Item Clause: Limit 1 of each item\n|clearpoke\n|poke|p1|Lucario, L50, F|\n|poke|p1|Meowscarada, L50, F, shiny|\n|poke|p1|Pelipper, L50, F, shiny|\n|poke|p1|Talonflame, L50, F, shiny|\n|poke|p1|Swampert, L50, F, shiny|\n|poke|p1|Sneasler, L50, F, shiny|\n|poke|p2|Aggron, L50, F|\n|poke|p2|Ninetales-Alola, L50, M|\n|poke|p2|Meowstic, L50, M|\n|poke|p2|Clefable, L50, M|\n|poke|p2|Slowbro-Galar, L50, F|\n|poke|p2|Gyarados, L50, F|\n|teampreview|4\n|inactive|Battle timer is ON: inactive players will automatically lose when time's up. (requested by Linarith)\n|inactive|Linarith has 60 seconds left.\n|\n|t:|1788275409\n|teamsize|p1|4\n|teamsize|p2|4\n|start\n|switch|p1a: Talonflame|Talonflame, L50, F, shiny|100/100\n|switch|p1b: Meowscarada|Meowscarada, L50, F, shiny|100/100\n|switch|p2a: Aggron|Aggron, L50, F|100/100\n|switch|p2b: Ninetales|Ninetales-Alola, L50, M|100/100\n|-weather|Snowscape|[from] ability: Snow Warning|[of] p2b: Ninetales\n|turn|1\n|inactive|Linarith has 30 seconds left.\n|\n|t:|1788275444\n|detailschange|p2a: Aggron|Aggron-Mega, L50, F\n|-mega|p2a: Aggron|Aggron|Aggronite\n|move|p1b: Meowscarada|Flower Trick|p2b: Ninetales\n|-crit|p2b: Ninetales\n|-damage|p2b: Ninetales|49/100\n|move|p2b: Ninetales|Aurora Veil|p2b: Ninetales\n|-sidestart|p2: naofizlogin|move: Aurora Veil\n|move|p1a: Talonflame|Feather Dance|p2a: Aggron\n|-unboost|p2a: Aggron|atk|2\n|move|p2a: Aggron|Iron Defense|p2a: Aggron\n|-boost|p2a: Aggron|def|2\n|\n|-weather|Snowscape|[upkeep]\n|upkeep\n|turn|2\n|inactive|Linarith has 30 seconds left.\n|inactive|Linarith has 20 seconds left.\n|\n|t:|1788275480\n|move|p1b: Meowscarada|Flower Trick|p2b: Ninetales\n|-crit|p2b: Ninetales\n|-damage|p2b: Ninetales|0 fnt\n|faint|p2b: Ninetales\n|move|p1a: Talonflame|Tailwind|p1a: Talonflame\n|-sidestart|p1: Linarith|move: Tailwind\n|move|p2a: Aggron|Body Press|p1b: Meowscarada\n|-supereffective|p1b: Meowscarada|1\n|-enditem|p1b: Meowscarada|Focus Sash\n|-damage|p1b: Meowscarada|1/100\n|\n|-weather|Snowscape|[upkeep]\n|upkeep\n|\n|t:|1788275491\n|switch|p2b: Meowstic|Meowstic, L50, M|100/100\n|turn|3\n|\n|t:|1788275505\n|move|p1b: Meowscarada|Protect|p1b: Meowscarada\n|-singleturn|p1b: Meowscarada|Protect\n|move|p2b: Meowstic|Fake Out|p1b: Meowscarada\n|-activate|p1b: Meowscarada|move: Protect\n|move|p1a: Talonflame|Brave Bird|p2b: Meowstic\n|-damage|p2b: Meowstic|67/100\n|-damage|p1a: Talonflame|89/100|[from] Recoil\n|move|p2a: Aggron|Body Press|p1a: Talonflame\n|-resisted|p1a: Talonflame|1\n|-damage|p1a: Talonflame|41/100\n|\n|-weather|Snowscape|[upkeep]\n|-heal|p1a: Talonflame|47/100|[from] item: Leftovers\n|upkeep\n|turn|4\n|inactive|Linarith has 30 seconds left.\n|inactive|Linarith has 20 seconds left.\n|inactive|Linarith has 15 seconds left.\n|\n|t:|1788275547\n|switch|p1b: Sneasler|Sneasler, L50, F, shiny|100/100\n|-ability|p1b: Sneasler|Pressure\n|move|p1a: Talonflame|Protect|p1a: Talonflame\n|-singleturn|p1a: Talonflame|Protect\n|move|p2b: Meowstic|Thunder Wave|p1a: Talonflame\n|-activate|p1a: Talonflame|move: Protect\n|move|p2a: Aggron|Heavy Slam|p1b: Sneasler\n|-damage|p1b: Sneasler|56/100\n|\n|-weather|Snowscape|[upkeep]\n|-heal|p1a: Talonflame|53/100|[from] item: Leftovers\n|upkeep\n|turn|5\n|inactive|Linarith has 30 seconds left.\n|\n|t:|1788275575\n|move|p2b: Meowstic|Thunder Wave|p1a: Talonflame\n|-status|p1a: Talonflame|par\n|move|p1b: Sneasler|Close Combat|p2a: Aggron\n|-supereffective|p2a: Aggron|1\n|-damage|p2a: Aggron|86/100\n|-unboost|p1b: Sneasler|def|1\n|-unboost|p1b: Sneasler|spd|1\n|-enditem|p1b: Sneasler|White Herb\n|-clearnegativeboost|p1b: Sneasler|[silent]\n|move|p1a: Talonflame|Brave Bird|p2b: Meowstic\n|-damage|p2b: Meowstic|35/100\n|-damage|p1a: Talonflame|43/100 par|[from] Recoil\n|move|p2a: Aggron|Body Press|p1b: Sneasler\n|-resisted|p1b: Sneasler|1\n|-damage|p1b: Sneasler|0 fnt\n|faint|p1b: Sneasler\n|\n|-weather|none\n|-heal|p1a: Talonflame|49/100 par|[from] item: Leftovers\n|-sideend|p1: Linarith|move: Tailwind\n|upkeep\n|\n|t:|1788275593\n|switch|p1b: Lucario|Lucario, L50, F|100/100\n|turn|6\n|\n|t:|1788275605\n|detailschange|p1b: Lucario|Lucario-Mega, L50, F\n|-mega|p1b: Lucario|Lucario|Lucarionite\n|move|p2a: Aggron|Protect|p2a: Aggron\n|-singleturn|p2a: Aggron|Protect\n|move|p1b: Lucario|Cross Chop|p2a: Aggron\n|-activate|p2a: Aggron|move: Protect\n|move|p2b: Meowstic|Psychic|p1a: Talonflame\n|-damage|p1a: Talonflame|11/100 par\n|move|p1a: Talonflame|Tailwind|p1a: Talonflame\n|-sidestart|p1: Linarith|move: Tailwind\n|\n|-heal|p1a: Talonflame|17/100 par|[from] item: Leftovers\n|upkeep\n|turn|7\n|\n|t:|1788275625\n|move|p1a: Talonflame|Protect|p1a: Talonflame\n|-singleturn|p1a: Talonflame|Protect\n|move|p1b: Lucario|Cross Chop|p2a: Aggron\n|-supereffective|p2a: Aggron|1\n|-damage|p2a: Aggron|71/100\n|move|p2b: Meowstic|Psychic|p1a: Talonflame\n|-activate|p1a: Talonflame|move: Protect\n|move|p2a: Aggron|Body Press|p1b: Lucario\n|-supereffective|p1b: Lucario|1\n|-damage|p1b: Lucario|0 fnt\n|faint|p1b: Lucario\n|\n|-heal|p1a: Talonflame|23/100 par|[from] item: Leftovers\n|upkeep\n|\n|t:|1788275637\n|switch|p1b: Meowscarada|Meowscarada, L50, F, shiny|1/100\n|turn|8\n|-message|Linarith forfeited.\n|\n|win|naofizlogin\n|raw|Linarith's rating: 1032 &rarr; <strong>1020</strong><br />(-12 for losing)\n|raw|naofizlogin's rating: 1099 &rarr; <strong>1119</strong><br />(+20 for winning)\n|l|☆Linarith\n|player|p1|\n","uploadtime":1788275645,"views":"16","formatid":"gen9championsvgc2026regmb","rating":1020,"private":0,"password":null}