{"id":"gen9championsvgc2026regmbbo3-2673671319","format":"[Gen 9 Champions] VGC 2026 Reg M-B (Bo3)","players":["yourztar","Vikin"],"log":"|j|☆yourztar\n|j|☆Vikin\n|html|<table width=\"100%\"><tr><td align=\"left\">yourztar</td><td align=\"right\">Vikin</tr><tr><td align=\"left\"><i class=\"fa fa-circle\"></i> <i class=\"fa fa-circle-o\"></i> </td><td align=\"right\"><i class=\"fa fa-circle-o\"></i> <i class=\"fa fa-circle\"></i> </tr></table>\n|uhtml|bestof|<h2><strong>Game 3</strong> of <a href=\"/game-bestof3-gen9championsvgc2026regmbbo3-2673668104\">a best-of-3</a></h2>\n|t:|1788230516\n|gametype|doubles\n|player|p1|yourztar|mina|\n|player|p2|Vikin|taunie|\n|gen|9\n|tier|[Gen 9 Champions] VGC 2026 Reg M-B (Bo3)\n|rule|Species Clause: Limit one of each Pokémon\n|rule|Item Clause: Limit 1 of each item\n|clearpoke\n|poke|p1|Floette-Eternal, L50, F|\n|poke|p1|Archaludon, L50, F|\n|poke|p1|Tyranitar, L50, M|\n|poke|p1|Sableye, L50, F, shiny|\n|poke|p1|Excadrill, L50, M|\n|poke|p1|Hydreigon, L50, F|\n|poke|p2|Hatterene, L50, F|\n|poke|p2|Farigiraf, L50, F|\n|poke|p2|Slowking-Galar, L50, F|\n|poke|p2|Gholdengo, L50|\n|poke|p2|Charizard, L50, F|\n|poke|p2|Venusaur, L50, M|\n|teampreview|4\n|showteam|p1|Floette-Eternal||Floettite|FlowerVeil|LightofRuin,HelpingHand,DazzlingGleam,Protect|Modest||F|||50|]Archaludon||Leftovers|Stamina|DragonPulse,ElectroShot,FlashCannon,Protect|Modest||F|||50|]Tyranitar||ChoiceScarf|SandStream|Superpower,KnockOff,RockSlide,HeavySlam|Jolly||M|||50|]Sableye||LightClay|Prankster|FakeOut,LightScreen,Reflect,RainDance|Careful||F|||50|]Excadrill||FocusSash|SandRush|SwordsDance,IronHead,HighHorsepower,RockSlide|Adamant||M|||50|]Hydreigon||LifeOrb|Levitate|DracoMeteor,DarkPulse,EarthPower,Tailwind|Timid||F|||50|\n|showteam|p2|Hatterene||FairyFeather|MagicBounce|DazzlingGleam,DrainingKiss,TrickRoom,Protect|Modest||F|||50|]Farigiraf||MentalHerb|ArmorTail|TrickRoom,Psychic,Thunderbolt,Protect|Bold||F|||50|]Slowking-Galar||SitrusBerry|Regenerator|ChillyReception,GrassKnot,Taunt,Protect|Calm||F|||50|]Gholdengo||LifeOrb|GoodasGold|NastyPlot,MakeItRain,DazzlingGleam,Protect|Modest|||||50|]Charizard||CharizarditeY|Blaze|WeatherBall,HeatWave,SolarBeam,Protect|Modest||F|||50|]Venusaur||FocusSash|Overgrow|EarthPower,EnergyBall,SludgeBomb,Protect|Timid||M|||50|\n|j| NewBurru\n|j| elroclee\n|c|☆Vikin|gl\n|\n|t:|1788230551\n|teamsize|p1|4\n|teamsize|p2|4\n|start\n|switch|p1a: Archaludon|Archaludon, L50, F|100/100\n|switch|p1b: Tyranitar|Tyranitar, L50, M|100/100\n|switch|p2a: Rintarou|Farigiraf, L50, F|100/100\n|switch|p2b: Geese|Slowking-Galar, L50, F|100/100\n|-weather|Sandstorm|[from] ability: Sand Stream|[of] p1b: Tyranitar\n|turn|1\n|\n|t:|1788230575\n|move|p1b: Tyranitar|Knock Off|p2a: Rintarou\n|-supereffective|p2a: Rintarou|1\n|-crit|p2a: Rintarou\n|-damage|p2a: Rintarou|0 fnt\n|-enditem|p2a: Rintarou|Mental Herb|[from] move: Knock Off|[of] p1b: Tyranitar\n|faint|p2a: Rintarou\n|move|p1a: Archaludon|Dragon Pulse|p2b: Geese\n|-damage|p2b: Geese|73/100\n|-prepare|p2b: Geese|Chilly Reception|[premajor]\n|move|p2b: Geese|Chilly Reception|p2b: Geese\n|-weather|Snowscape\n|\n|t:|1788230590\n|-heal|p2b: Geese|100/100|[from] ability: Regenerator|[silent]\n|switch|p2b: Lucy|Hatterene, L50, F|100/100|[from] Chilly Reception\n|\n|-weather|Snowscape|[upkeep]\n|upkeep\n|\n|t:|1788230596\n|switch|p2a: Rudeus|Charizard, L50, F|100/100\n|turn|2\n|\n|t:|1788230607\n|detailschange|p2a: Rudeus|Charizard-Mega-Y, L50, F\n|-mega|p2a: Rudeus|Charizard|Charizardite Y\n|-weather|SunnyDay|[from] ability: Drought|[of] p2a: Rudeus\n|move|p1b: Tyranitar|Knock Off|p2b: Lucy\n|-damage|p2b: Lucy|39/100\n|-enditem|p2b: Lucy|Fairy Feather|[from] move: Knock Off|[of] p1b: Tyranitar\n|move|p2a: Rudeus|Heat Wave|p1a: Archaludon|[spread] p1a,p1b\n|-resisted|p1b: Tyranitar|1\n|-damage|p1a: Archaludon|34/100\n|-damage|p1b: Tyranitar|67/100\n|-ability|p1a: Archaludon|Stamina|boost\n|-boost|p1a: Archaludon|def|1\n|move|p1a: Archaludon|Flash Cannon|p2b: Lucy\n|-supereffective|p2b: Lucy|1\n|-damage|p2b: Lucy|0 fnt\n|faint|p2b: Lucy\n|\n|-weather|SunnyDay|[upkeep]\n|-heal|p1a: Archaludon|40/100|[from] item: Leftovers\n|upkeep\n|\n|t:|1788230620\n|switch|p2b: Geese|Slowking-Galar, L50, F|100/100\n|turn|3\n|\n|t:|1788230631\n|switch|p1b: Hydreigon|Hydreigon, L50, F|100/100\n|move|p1a: Archaludon|Protect|p1a: Archaludon\n|-singleturn|p1a: Archaludon|Protect\n|move|p2b: Geese|Protect|p2b: Geese\n|-singleturn|p2b: Geese|Protect\n|move|p2a: Rudeus|Solar Beam||[still]\n|-prepare|p2a: Rudeus|Solar Beam\n|-anim|p2a: Rudeus|Solar Beam|p1b: Hydreigon\n|-resisted|p1b: Hydreigon|1\n|-damage|p1b: Hydreigon|68/100\n|\n|-weather|SunnyDay|[upkeep]\n|-heal|p1a: Archaludon|46/100|[from] item: Leftovers\n|upkeep\n|turn|4\n|\n|t:|1788230656\n|switch|p1a: Tyranitar|Tyranitar, L50, M|67/100\n|-weather|Sandstorm|[from] ability: Sand Stream|[of] p1a: Tyranitar\n|move|p1b: Hydreigon|Tailwind|p1b: Hydreigon\n|-sidestart|p1: yourztar|move: Tailwind\n|move|p2a: Rudeus|Heat Wave|p1a: Tyranitar|[spread] p1a,p1b\n|-resisted|p1a: Tyranitar|1\n|-resisted|p1b: Hydreigon|1\n|-damage|p1a: Tyranitar|51/100\n|-damage|p1b: Hydreigon|43/100\n|move|p2b: Geese|Taunt|p1b: Hydreigon\n|-start|p1b: Hydreigon|move: Taunt\n|\n|-weather|Sandstorm|[upkeep]\n|-damage|p1b: Hydreigon|37/100|[from] Sandstorm\n|-damage|p2a: Rudeus|94/100|[from] Sandstorm\n|-damage|p2b: Geese|94/100|[from] Sandstorm\n|upkeep\n|turn|5\n|\n|t:|1788230674\n|move|p2a: Rudeus|Protect|p2a: Rudeus\n|-singleturn|p2a: Rudeus|Protect\n|move|p1a: Tyranitar|Rock Slide|p2b: Geese|[spread] p2b\n|-activate|p2a: Rudeus|move: Protect\n|-damage|p2b: Geese|65/100\n|move|p1b: Hydreigon|Draco Meteor|p2b: Geese\n|-damage|p2b: Geese|11/100\n|-unboost|p1b: Hydreigon|spa|2\n|-enditem|p2b: Geese|Sitrus Berry|[eat]\n|-heal|p2b: Geese|36/100|[from] item: Sitrus Berry\n|-damage|p1b: Hydreigon|27/100|[from] item: Life Orb\n|move|p2b: Geese|Grass Knot|p1a: Tyranitar\n|-supereffective|p1a: Tyranitar|1\n|-crit|p1a: Tyranitar\n|-damage|p1a: Tyranitar|0 fnt\n|faint|p1a: Tyranitar\n|\n|-weather|Sandstorm|[upkeep]\n|-damage|p1b: Hydreigon|21/100|[from] Sandstorm\n|-damage|p2a: Rudeus|88/100|[from] Sandstorm\n|-damage|p2b: Geese|30/100|[from] Sandstorm\n|upkeep\n|\n|t:|1788230678\n|switch|p1a: Excadrill|Excadrill, L50, M|100/100\n|turn|6\n|c|☆yourztar|Geese el mono?\n|c|☆Vikin|si\n|\n|t:|1788230719\n|switch|p1b: Archaludon|Archaludon, L50, F|46/100\n|move|p2a: Rudeus|Protect||[still]\n|-fail|p2a: Rudeus\n|move|p1a: Excadrill|Rock Slide|p2b: Geese|[spread] p2a,p2b\n|-supereffective|p2a: Rudeus|2\n|-damage|p2a: Rudeus|0 fnt\n|-damage|p2b: Geese|11/100\n|faint|p2a: Rudeus\n|-prepare|p2b: Geese|Chilly Reception|[premajor]\n|move|p2b: Geese|Chilly Reception|p2b: Geese\n|-weather|Snowscape\n|\n|-weather|Snowscape|[upkeep]\n|-heal|p1b: Archaludon|52/100|[from] item: Leftovers\n|upkeep\n|turn|7\n|\n|t:|1788230733\n|move|p1a: Excadrill|High Horsepower|p2b: Geese\n|-supereffective|p2b: Geese|1\n|-damage|p2b: Geese|0 fnt\n|faint|p2b: Geese\n|\n|win|yourztar\n|c|☆yourztar|GG\n|c|☆Vikin|gg\n|c| NewBurru|GG\n","uploadtime":1788230740,"views":"4","formatid":"gen9championsvgc2026regmbbo3","rating":null,"private":0,"password":null}