{"id":"gen9championsvgc2026regmbbo3-2674543594","format":"[Gen 9 Champions] VGC 2026 Reg M-B (Bo3)","players":["Daap_15","R1ply"],"log":"|j|☆Daap_15\n|j|☆R1ply\n|html|<table width=\"100%\"><tr><td align=\"left\">Daap_15</td><td align=\"right\">R1ply</tr><tr><td align=\"left\"><i class=\"fa fa-circle\"></i> <i class=\"fa fa-circle-o\"></i> </td><td align=\"right\"><i class=\"fa fa-circle-o\"></i> <i class=\"fa fa-circle-o\"></i> </tr></table>\n|uhtml|bestof|<h2><strong>Game 2</strong> of <a href=\"/game-bestof3-gen9championsvgc2026regmbbo3-2674540758\">a best-of-3</a></h2>\n|t:|1788372124\n|gametype|doubles\n|player|p1|Daap_15|pokemaniac|\n|player|p2|R1ply|acetrainer-gen4dp|\n|gen|9\n|tier|[Gen 9 Champions] VGC 2026 Reg M-B (Bo3)\n|rule|Species Clause: Limit one of each Pokémon\n|rule|Item Clause: Limit 1 of each item\n|clearpoke\n|poke|p1|Aerodactyl, L50, M, shiny|\n|poke|p1|Kingambit, L50, M, shiny|\n|poke|p1|Charizard, L50, M, shiny|\n|poke|p1|Garchomp, L50, M, shiny|\n|poke|p1|Farigiraf, L50, F, shiny|\n|poke|p1|Whimsicott, L50, F, shiny|\n|poke|p2|Raichu, L50, M|\n|poke|p2|Staraptor, L50, M|\n|poke|p2|Kingambit, L50, F|\n|poke|p2|Sylveon, L50, M|\n|poke|p2|Farigiraf, L50, F|\n|poke|p2|Arcanine-Hisui, L50, M|\n|teampreview|4\n|showteam|p1|Aerodactyl||Aerodactylite|Unnerve|RockSlide,Protect,IceFang,DualWingbeat|Jolly||M|||50|]Kingambit||ChopleBerry|Defiant|KowtowCleave,IronHead,SuckerPunch,Protect|Adamant||M|||50|]Charizard||CharizarditeY|Blaze|HeatWave,WeatherBall,AncientPower,Protect|Modest||M|||50|]Garchomp||LifeOrb|RoughSkin|RockSlide,DragonClaw,StompingTantrum,Protect|Jolly||M|||50|]Farigiraf||SitrusBerry|ArmorTail|Psychic,Thunderbolt,TrickRoom,Protect|Modest||F|||50|]Whimsicott||FocusSash|Prankster|Moonblast,Encore,Tailwind,Protect|Timid||F|||50|\n|showteam|p2|Raichu||RaichuniteY|LightningRod|FakeOut,ZapCannon,FocusBlast,Protect|Timid||M|||50|]Staraptor||Staraptite|Intimidate|DualWingbeat,CloseCombat,Tailwind,Protect|Jolly||M|||50|]Kingambit||LifeOrb|Defiant|SuckerPunch,KowtowCleave,SwordsDance,Protect|Adamant||F|||50|]Sylveon||FairyFeather|Pixilate|QuickAttack,HyperVoice,HyperBeam,Detect|Modest||M|||50|]Farigiraf||SitrusBerry|ArmorTail|Psychic,TrickRoom,HelpingHand,Protect|Calm||F|||50|]Arcanine-Hisui||FocusSash|RockHead|ExtremeSpeed,FlareBlitz,HeadSmash,Protect|Jolly||M|||50|\n|inactive|Battle timer is ON: inactive players will automatically lose when time's up. (requested by R1ply)\n|inactive|Daap_15 has 60 seconds left.\n|inactive|R1ply has 60 seconds left.\n|\n|t:|1788372181\n|teamsize|p1|4\n|teamsize|p2|4\n|start\n|switch|p1a: Kingambit|Kingambit, L50, M, shiny|100/100\n|switch|p1b: Whimsicott|Whimsicott, L50, F, shiny|100/100\n|switch|p2a: Staraptor|Staraptor, L50, M|100/100\n|switch|p2b: Raichu|Raichu, L50, M|100/100\n|-ability|p2a: Staraptor|Intimidate|boost\n|-unboost|p1a: Kingambit|atk|1\n|-ability|p1a: Kingambit|Defiant|boost\n|-boost|p1a: Kingambit|atk|2\n|-unboost|p1b: Whimsicott|atk|1\n|turn|1\n|inactive|Daap_15 has 30 seconds left.\n|inactive|R1ply has 30 seconds left.\n|inactive|Daap_15 has 20 seconds left.\n|\n|t:|1788372216\n|detailschange|p2a: Staraptor|Staraptor-Mega, L50, M\n|-mega|p2a: Staraptor|Staraptor|Staraptite\n|move|p1b: Whimsicott|Protect|p1b: Whimsicott\n|-singleturn|p1b: Whimsicott|Protect\n|move|p2b: Raichu|Fake Out|p1b: Whimsicott\n|-activate|p1b: Whimsicott|move: Protect\n|move|p1a: Kingambit|Sucker Punch|p2a: Staraptor\n|-resisted|p2a: Staraptor|1\n|-crit|p2a: Staraptor\n|-damage|p2a: Staraptor|50/100g\n|move|p2a: Staraptor|Dual Wingbeat|p1b: Whimsicott\n|-activate|p1b: Whimsicott|move: Protect\n|\n|upkeep\n|turn|2\n|inactive|Daap_15 has 30 seconds left.\n|inactive|Daap_15 has 20 seconds left.\n|\n|t:|1788372253\n|switch|p2b: Farigiraf|Farigiraf, L50, F|100/100\n|move|p1b: Whimsicott|Tailwind|p1b: Whimsicott\n|-sidestart|p1: Daap_15|move: Tailwind\n|move|p2a: Staraptor|Dual Wingbeat|p1b: Whimsicott\n|-supereffective|p1b: Whimsicott|1\n|-crit|p1b: Whimsicott\n|-damage|p1b: Whimsicott|11/100\n|-supereffective|p1b: Whimsicott|1\n|-damage|p1b: Whimsicott|0 fnt\n|faint|p1b: Whimsicott\n|-hitcount|p1: Whimsicott|2\n|move|p1a: Kingambit|Kowtow Cleave|p2a: Staraptor\n|-resisted|p2a: Staraptor|1\n|-damage|p2a: Staraptor|14/100\n|\n|upkeep\n|\n|t:|1788372269\n|switch|p1b: Garchomp|Garchomp, L50, M, shiny|100/100\n|turn|3\n|\n|t:|1788372286\n|move|p1b: Garchomp|Dragon Claw|p2b: Farigiraf\n|-damage|p2b: Farigiraf|54/100\n|-damage|p1b: Garchomp|90/100|[from] item: Life Orb\n|move|p2a: Staraptor|Close Combat|p1b: Garchomp\n|-damage|p1b: Garchomp|29/100\n|-boost|p2a: Staraptor|def|1\n|-boost|p2a: Staraptor|spd|1\n|-damage|p2a: Staraptor|2/100|[from] ability: Rough Skin|[of] p1b: Garchomp\n|move|p1a: Kingambit|Kowtow Cleave|p2b: Farigiraf\n|-supereffective|p2b: Farigiraf|1\n|-crit|p2b: Farigiraf\n|-damage|p2b: Farigiraf|0 fnt\n|faint|p2b: Farigiraf\n|\n|upkeep\n|\n|t:|1788372303\n|switch|p2b: Raichu|Raichu, L50, M|100/100\n|turn|4\n|\n|t:|1788372319\n|move|p2b: Raichu|Fake Out|p1b: Garchomp\n|-damage|p1b: Garchomp|21/100\n|-damage|p2b: Raichu|88/100|[from] ability: Rough Skin|[of] p1b: Garchomp\n|move|p1a: Kingambit|Sucker Punch||[still]\n|-fail|p1a: Kingambit\n|cant|p1b: Garchomp|flinch\n|move|p2a: Staraptor|Close Combat|p1a: Kingambit\n|-supereffective|p1a: Kingambit|2\n|-enditem|p1a: Kingambit|Chople Berry|[eat]\n|-enditem|p1a: Kingambit|Chople Berry|[weaken]\n|-damage|p1a: Kingambit|10/100\n|-boost|p2a: Staraptor|def|1\n|-boost|p2a: Staraptor|spd|1\n|\n|upkeep\n|turn|5\n|\n|t:|1788372341\n|move|p2a: Staraptor|Protect|p2a: Staraptor\n|-singleturn|p2a: Staraptor|Protect\n|move|p2b: Raichu|Protect|p2b: Raichu\n|-singleturn|p2b: Raichu|Protect\n|move|p1a: Kingambit|Sucker Punch||[still]\n|-fail|p1a: Kingambit\n|move|p1b: Garchomp|Rock Slide|p2a: Staraptor|[spread] \n|-activate|p2a: Staraptor|move: Protect\n|-activate|p2b: Raichu|move: Protect\n|\n|-sideend|p1: Daap_15|move: Tailwind\n|upkeep\n|turn|6\n|inactive|R1ply has 30 seconds left.\n|\n|t:|1788372369\n|switch|p1a: Aerodactyl|Aerodactyl, L50, M, shiny|100/100\n|-ability|p1a: Aerodactyl|Unnerve\n|move|p2a: Staraptor|Tailwind|p2a: Staraptor\n|-sidestart|p2: R1ply|move: Tailwind\n|move|p2b: Raichu|Focus Blast|p1a: Aerodactyl|[miss]\n|-miss|p2b: Raichu|p1a: Aerodactyl\n|move|p1b: Garchomp|Rock Slide|p2a: Staraptor|[spread] p2a,p2b\n|-damage|p2a: Staraptor|0 fnt\n|-damage|p2b: Raichu|43/100\n|faint|p2a: Staraptor\n|-damage|p1b: Garchomp|11/100|[from] item: Life Orb\n|\n|upkeep\n|\n|t:|1788372382\n|switch|p2a: Sylveon|Sylveon, L50, M|100/100\n|turn|7\n|\n|t:|1788372405\n|detailschange|p1a: Aerodactyl|Aerodactyl-Mega, L50, M, shiny\n|-mega|p1a: Aerodactyl|Aerodactyl|Aerodactylite\n|move|p2a: Sylveon|Quick Attack|p1b: Garchomp\n|-supereffective|p1b: Garchomp|1\n|-damage|p1b: Garchomp|0 fnt\n|-damage|p2a: Sylveon|87/100|[from] ability: Rough Skin|[of] p1b: Garchomp\n|faint|p1b: Garchomp\n|move|p2b: Raichu|Zap Cannon|p1a: Aerodactyl\n|-supereffective|p1a: Aerodactyl|1\n|-damage|p1a: Aerodactyl|7/100\n|-status|p1a: Aerodactyl|par\n|move|p1a: Aerodactyl|Rock Slide|p2b: Raichu|[spread] p2a,p2b\n|-damage|p2a: Sylveon|57/100\n|-damage|p2b: Raichu|0 fnt\n|faint|p2b: Raichu\n|\n|upkeep\n|\n|t:|1788372418\n|switch|p1b: Kingambit|Kingambit, L50, M, shiny|10/100\n|turn|8\n|\n|t:|1788372427\n|move|p2a: Sylveon|Hyper Voice|p1b: Kingambit|[spread] p1a,p1b\n|-crit|p1a: Aerodactyl\n|-damage|p1a: Aerodactyl|0 fnt\n|-damage|p1b: Kingambit|0 fnt\n|faint|p1a: Aerodactyl\n|faint|p1b: Kingambit\n|\n|win|R1ply\n||Daap_15 is ready for game 3.\n||R1ply is ready for game 3.\n|uhtml|next|Next: <a href=\"/battle-gen9championsvgc2026regmbbo3-2674546411\"><strong>Game 3 of 3</strong></a>\n|l|☆Daap_15\n|player|p1|\n","uploadtime":1788372845,"views":"0","formatid":"gen9championsvgc2026regmbbo3","rating":null,"private":0,"password":null}