{"id":"gen9championsvgc2026regmbbo3-2674261016","format":"[Gen 9 Champions] VGC 2026 Reg M-B (Bo3)","players":["hamish293","meiko41"],"log":"|j|‽hamish293\n|j|☆meiko41\n|html|<table width=\"100%\"><tr><td align=\"left\">hamish293</td><td align=\"right\">meiko41</tr><tr><td align=\"left\"><i class=\"fa fa-circle-o\"></i> <i class=\"fa fa-circle-o\"></i> </td><td align=\"right\"><i class=\"fa fa-circle-o\"></i> <i class=\"fa fa-circle\"></i> </tr></table>\n|uhtml|bestof|<h2><strong>Game 2</strong> of <a href=\"/game-bestof3-gen9championsvgc2026regmbbo3-2674260236\">a best-of-3</a></h2>\n|t:|1788325775\n|gametype|doubles\n|player|p1|hamish293|bellelba|1082\n|player|p2|meiko41|ingo|1172\n|gen|9\n|tier|[Gen 9 Champions] VGC 2026 Reg M-B (Bo3)\n|rated|\n|rule|Species Clause: Limit one of each Pokémon\n|rule|Item Clause: Limit 1 of each item\n|clearpoke\n|poke|p1|Floette-Eternal, L50, F|\n|poke|p1|Sinistcha-Masterpiece, L50, shiny|\n|poke|p1|Aerodactyl, L50, F, shiny|\n|poke|p1|Kingambit, L50, F|\n|poke|p1|Sneasler, L50, F|\n|poke|p1|Basculegion, L50, M|\n|poke|p2|Kingambit, L50, F|\n|poke|p2|Charizard, L50, M|\n|poke|p2|Aerodactyl, L50, M|\n|poke|p2|Farigiraf, L50, M|\n|poke|p2|Garchomp, L50, F|\n|poke|p2|Sylveon, L50, F|\n|teampreview|4\n|showteam|p1|Floette-Eternal||Floettite|FlowerVeil|LightofRuin,Protect,Moonblast,DazzlingGleam|Timid||F|||50|]Sinistcha-Masterpiece||SitrusBerry|Hospitality|MatchaGotcha,RagePowder,TrickRoom,Protect|Relaxed|||||50|]Aerodactyl||MentalHerb|RockHead|Tailwind,RockSlide,DualWingbeat,StealthRock|Jolly||F|||50|]Kingambit||Leftovers|Defiant|KowtowCleave,IronHead,SuckerPunch,Protect|Adamant||F|||50|]Sneasler||WhiteHerb|Unburden|FakeOut,DireClaw,CloseCombat,Uturn|Adamant||F|||50|]Basculegion||ChoiceScarf|Adaptability|LastRespects,FlipTurn,HeadSmash,WaveCrash|Careful||M|||50|\n|showteam|p2|Kingambit||FocusSash|Defiant|KowtowCleave,IronHead,SuckerPunch,LowKick|Adamant||F|||50|]Charizard||CharizarditeY|Blaze|HeatWave,SolarBeam,WeatherBall,Protect|Modest||M|||50|]Aerodactyl||Aerodactylite|Unnerve|RockSlide,DualWingbeat,IceFang,Tailwind|Jolly||M|||50|]Farigiraf||SitrusBerry|ArmorTail|Psychic,Thunderbolt,TrickRoom,Protect|Bold||M|||50|]Garchomp||LifeOrb|RoughSkin|Earthquake,DragonClaw,StompingTantrum,Protect|Jolly||F|||50|]Sylveon||FairyFeather|Pixilate|HyperVoice,HyperBeam,QuickAttack,Protect|Modest||F|||50|\n|\n|t:|1788325815\n|teamsize|p1|4\n|teamsize|p2|4\n|start\n|switch|p1a: Sneasler|Sneasler, L50, F|100/100\n|switch|p1b: Kingambit|Kingambit, L50, F|100/100\n|switch|p2a: Aerodactyl|Aerodactyl, L50, M|100/100\n|switch|p2b: Kingambit|Kingambit, L50, F|100/100\n|-ability|p2a: Aerodactyl|Unnerve\n|turn|1\n|\n|t:|1788325837\n|detailschange|p2a: Aerodactyl|Aerodactyl-Mega, L50, M\n|-mega|p2a: Aerodactyl|Aerodactyl|Aerodactylite\n|move|p2a: Aerodactyl|Tailwind|p2a: Aerodactyl\n|-sidestart|p2: meiko41|move: Tailwind\n|move|p2b: Kingambit|Low Kick|p1b: Kingambit\n|-supereffective|p1b: Kingambit|2\n|-damage|p1b: Kingambit|0 fnt\n|faint|p1b: Kingambit\n|move|p1a: Sneasler|Close Combat|p2b: Kingambit\n|-supereffective|p2b: Kingambit|2\n|-enditem|p2b: Kingambit|Focus Sash\n|-damage|p2b: Kingambit|1/100\n|-unboost|p1a: Sneasler|def|1\n|-unboost|p1a: Sneasler|spd|1\n|-enditem|p1a: Sneasler|White Herb\n|-clearnegativeboost|p1a: Sneasler|[silent]\n|\n|upkeep\n|\n|t:|1788325853\n|switch|p1b: Sinistcha|Sinistcha-Masterpiece, L50, shiny|100/100\n|turn|2\n|\n|t:|1788325869\n|move|p1b: Sinistcha|Protect|p1b: Sinistcha\n|-singleturn|p1b: Sinistcha|Protect\n|move|p2a: Aerodactyl|Dual Wingbeat|p1a: Sneasler|[miss]\n|-miss|p2a: Aerodactyl|p1a: Sneasler\n|move|p1a: Sneasler|U-turn|p2b: Kingambit\n|-damage|p2b: Kingambit|0 fnt\n|faint|p2b: Kingambit\n|\n|t:|1788325880\n|switch|p1a: Floette|Floette-Eternal, L50, F|100/100|[from] U-turn\n|\n|upkeep\n|\n|t:|1788325885\n|switch|p2b: Sylveon|Sylveon, L50, F|100/100\n|turn|3\n|\n|t:|1788325903\n|detailschange|p1a: Floette|Floette-Mega, L50, F\n|-mega|p1a: Floette|Floette|Floettite\n|-ability|p1a: Floette|Fairy Aura\n|move|p1a: Floette|Protect|p1a: Floette\n|-singleturn|p1a: Floette|Protect\n|move|p2a: Aerodactyl|Rock Slide|p1a: Floette|[spread] p1b\n|-activate|p1a: Floette|move: Protect\n|-damage|p1b: Sinistcha|81/100\n|move|p2b: Sylveon|Hyper Voice|p1b: Sinistcha|[spread] p1b\n|-activate|p1a: Floette|move: Protect\n|-damage|p1b: Sinistcha|1/100\n|-enditem|p1b: Sinistcha|Sitrus Berry|[eat]\n|-heal|p1b: Sinistcha|26/100|[from] item: Sitrus Berry\n|move|p1b: Sinistcha|Matcha Gotcha|p2b: Sylveon|[spread] p2a,p2b\n|-damage|p2a: Aerodactyl|73/100\n|-heal|p1b: Sinistcha|39/100|[from] drain|[of] p2a: Aerodactyl\n|-damage|p2b: Sylveon|78/100\n|-heal|p1b: Sinistcha|50/100g|[from] drain|[of] p2b: Sylveon\n|\n|upkeep\n|turn|4\n|\n|t:|1788325933\n|move|p2a: Aerodactyl|Rock Slide|p1a: Floette|[spread] p1a,p1b\n|-damage|p1a: Floette|65/100\n|-damage|p1b: Sinistcha|31/100\n|move|p2b: Sylveon|Hyper Voice|p1a: Floette|[spread] p1a,p1b\n|-damage|p1a: Floette|7/100\n|-damage|p1b: Sinistcha|0 fnt\n|faint|p1b: Sinistcha\n|move|p1a: Floette|Dazzling Gleam|p2a: Aerodactyl|[spread] p2a,p2b\n|-damage|p2a: Aerodactyl|23/100\n|-damage|p2b: Sylveon|42/100\n|\n|-sideend|p2: meiko41|move: Tailwind\n|upkeep\n|\n|t:|1788325944\n|switch|p1b: Sneasler|Sneasler, L50, F|100/100\n|turn|5\n|\n|t:|1788325954\n|switch|p2a: Farigiraf|Farigiraf, L50, M|100/100\n|move|p1b: Sneasler|Fake Out||[still]\n|cant|p2a: Farigiraf|ability: Armor Tail|Fake Out|[of] p1b: Sneasler\n|move|p1a: Floette|Dazzling Gleam|p2a: Farigiraf|[spread] p2a,p2b\n|-damage|p2a: Farigiraf|59/100\n|-damage|p2b: Sylveon|8/100\n|move|p2b: Sylveon|Hyper Voice|p1b: Sneasler|[spread] p1a,p1b\n|-damage|p1a: Floette|0 fnt\n|-damage|p1b: Sneasler|10/100\n|faint|p1a: Floette\n|\n|upkeep\n|turn|6\n|-message|hamish293 forfeited.\n|\n|win|meiko41\n|raw|hamish293's rating: 1082 &rarr; <strong>1065</strong><br />(-17 for losing)\n|raw|meiko41's rating: 1172 &rarr; <strong>1191</strong><br />(+19 for winning)\n|l|‽hamish293\n|player|p1|\n","uploadtime":1788325984,"views":"1","formatid":"gen9championsvgc2026regmbbo3","rating":1065,"private":0,"password":null}