{"id":"gen9championsvgc2026regmbbo3-2674373169","format":"[Gen 9 Champions] VGC 2026 Reg M-B (Bo3)","players":["amethyst312","meobeoo"],"log":"|j|☆amethyst312\n|j|☆meobeoo\n|html|<table width=\"100%\"><tr><td align=\"left\">amethyst312</td><td align=\"right\">meobeoo</tr><tr><td align=\"left\"><i class=\"fa fa-circle-o\"></i> <i class=\"fa fa-circle-o\"></i> </td><td align=\"right\"><i class=\"fa fa-circle-o\"></i> <i class=\"fa fa-circle-o\"></i> </tr></table>\n|uhtml|bestof|<h2><strong>Game 1</strong> of <a href=\"/game-bestof3-gen9championsvgc2026regmbbo3-2674373168\">a best-of-3</a></h2>\n|t:|1788350931\n|gametype|doubles\n|player|p1|amethyst312|artist-gen4|\n|player|p2|meobeoo|n|\n|gen|9\n|tier|[Gen 9 Champions] VGC 2026 Reg M-B (Bo3)\n|rule|Species Clause: Limit one of each Pokémon\n|rule|Item Clause: Limit 1 of each item\n|clearpoke\n|poke|p1|Scizor, L50, M, shiny|\n|poke|p1|Incineroar, L50, F, shiny|\n|poke|p1|Garchomp, L50, F, shiny|\n|poke|p1|Sinistcha-Masterpiece, L50, shiny|\n|poke|p1|Floette-Eternal, L50, F|\n|poke|p1|Rotom-Wash, L50, shiny|\n|poke|p2|Froslass, L50, F, shiny|\n|poke|p2|Sneasler, L50, M, shiny|\n|poke|p2|Basculegion, L50, M, shiny|\n|poke|p2|Dragonite, L50, M, shiny|\n|poke|p2|Garchomp, L50, F, shiny|\n|poke|p2|Kingambit, L50, F, shiny|\n|teampreview|4\n|showteam|p1|Scizor||Scizorite|Technician|BugBite,BulletPunch,SwordsDance,Protect|Adamant||M|||50|]Incineroar||SitrusBerry|Intimidate|FakeOut,FlareBlitz,ThroatChop,PartingShot|Adamant||F|||50|]Garchomp||HabanBerry|RoughSkin|DragonClaw,Earthquake,RockSlide,Protect|Jolly||F|||50|]Sinistcha-Masterpiece||OccaBerry|Hospitality|MatchaGotcha,RagePowder,TrickRoom,Protect|Relaxed|||||50|]Floette-Eternal||Floettite|Symbiosis|CalmMind,DazzlingGleam,Moonblast,Protect|Timid||F|||50|]Rotom-Wash||FocusSash|Levitate|VoltSwitch,HydroPump,WillOWisp,ElectroBall|Timid|||||50|\n|showteam|p2|Froslass||Froslassite|CursedBody|Blizzard,ShadowBall,Thunderbolt,Protect|Timid||F|||50|]Sneasler||WhiteHerb|Unburden|FakeOut,CloseCombat,DireClaw,QuickGuard|Jolly||M|||50|]Basculegion||MysticWater|Adaptability|AquaJet,WaveCrash,LastRespects,Protect|Adamant||M|||50|]Dragonite||Dragoninite|Multiscale|DragonPulse,HeatWave,Tailwind,Protect|Modest||M|||50|]Garchomp||RoseliBerry|RoughSkin|Earthquake,DragonClaw,RockSlide,PoisonJab|Jolly||F|||50|]Kingambit||ChopleBerry|Defiant|KowtowCleave,SuckerPunch,IronHead,LowKick|Adamant||F|||50|\n|inactive|Battle timer is ON: inactive players will automatically lose when time's up. (requested by meobeoo)\n|inactive|meobeoo has 60 seconds left.\n|\n|t:|1788350964\n|teamsize|p1|4\n|teamsize|p2|4\n|start\n|switch|p1a: Garchomp|Garchomp, L50, F, shiny|100/100\n|switch|p1b: Rotom|Rotom-Wash, L50, shiny|100/100\n|switch|p2a: Sneasler|Sneasler, L50, M, shiny|100/100\n|switch|p2b: Dragonite|Dragonite, L50, M, shiny|100/100\n|turn|1\n|inactive|amethyst312 has 30 seconds left.\n|\n|t:|1788350991\n|move|p2a: Sneasler|Fake Out|p1a: Garchomp\n|-damage|p1a: Garchomp|86/100\n|-damage|p2a: Sneasler|87/100|[from] ability: Rough Skin|[of] p1a: Garchomp\n|cant|p1a: Garchomp|flinch\n|move|p1b: Rotom|Electro Ball|p2b: Dragonite\n|-damage|p2b: Dragonite|86/100\n|move|p2b: Dragonite|Tailwind|p2b: Dragonite\n|-sidestart|p2: meobeoo|move: Tailwind\n|\n|upkeep\n|turn|2\n|\n|t:|1788351010\n|detailschange|p2b: Dragonite|Dragonite-Mega, L50, M, shiny\n|-mega|p2b: Dragonite|Dragonite|Dragoninite\n|move|p2a: Sneasler|Close Combat|p1b: Rotom\n|-damage|p1b: Rotom|9/100\n|-unboost|p2a: Sneasler|def|1\n|-unboost|p2a: Sneasler|spd|1\n|-enditem|p2a: Sneasler|White Herb\n|-clearnegativeboost|p2a: Sneasler|[silent]\n|move|p2b: Dragonite|Dragon Pulse|p1a: Garchomp\n|-supereffective|p1a: Garchomp|1\n|-enditem|p1a: Garchomp|Haban Berry|[eat]\n|-enditem|p1a: Garchomp|Haban Berry|[weaken]\n|-damage|p1a: Garchomp|24/100\n|move|p1a: Garchomp|Earthquake|p2b: Dragonite|[spread] p2a\n|-immune|p1b: Rotom|[from] ability: Levitate\n|-immune|p2b: Dragonite\n|-supereffective|p2a: Sneasler|1\n|-damage|p2a: Sneasler|0 fnt\n|faint|p2a: Sneasler\n|move|p1b: Rotom|Will-O-Wisp|p2b: Dragonite\n|-status|p2b: Dragonite|brn\n|\n|-damage|p2b: Dragonite|80/100 brn|[from] brn\n|upkeep\n|\n|t:|1788351030\n|switch|p2a: Basculegion|Basculegion, L50, M, shiny|100/100\n|turn|3\n|\n|t:|1788351045\n|move|p2a: Basculegion|Aqua Jet|p1b: Rotom\n|-resisted|p1b: Rotom|1\n|-damage|p1b: Rotom|0 fnt\n|faint|p1b: Rotom\n|move|p2b: Dragonite|Dragon Pulse|p1a: Garchomp\n|-supereffective|p1a: Garchomp|1\n|-damage|p1a: Garchomp|0 fnt\n|faint|p1a: Garchomp\n|\n|-damage|p2b: Dragonite|75/100 brn|[from] brn\n|upkeep\n|c|☆meobeoo|pipilapu\n|\n|t:|1788351057\n|switch|p1a: Incineroar|Incineroar, L50, F, shiny|100/100\n|switch|p1b: Scizor|Scizor, L50, M, shiny|100/100\n|-ability|p1a: Incineroar|Intimidate|boost\n|-unboost|p2a: Basculegion|atk|1\n|-unboost|p2b: Dragonite|atk|1\n|turn|4\n|inactive|meobeoo has 30 seconds left.\n|\n|t:|1788351085\n|detailschange|p1b: Scizor|Scizor-Mega, L50, M, shiny\n|-mega|p1b: Scizor|Scizor|Scizorite\n|move|p2b: Dragonite|Protect|p2b: Dragonite\n|-singleturn|p2b: Dragonite|Protect\n|move|p2a: Basculegion|Wave Crash|p1a: Incineroar\n|-supereffective|p1a: Incineroar|1\n|-damage|p1a: Incineroar|0 fnt\n|faint|p1a: Incineroar\n|-damage|p2a: Basculegion|65/100|[from] Recoil\n|move|p1b: Scizor|Swords Dance|p1b: Scizor\n|-boost|p1b: Scizor|atk|2\n|\n|-damage|p2b: Dragonite|69/100 brn|[from] brn\n|-sideend|p2: meobeoo|move: Tailwind\n|upkeep\n|turn|5\n|\n|t:|1788351103\n|move|p1b: Scizor|Bullet Punch|p2b: Dragonite\n|-damage|p2b: Dragonite|0 fnt\n|faint|p2b: Dragonite\n|move|p2a: Basculegion|Wave Crash|p1b: Scizor\n|-damage|p1b: Scizor|53/100\n|-damage|p2a: Basculegion|52/100|[from] Recoil\n|\n|upkeep\n|\n|t:|1788351109\n|switch|p2b: Garchomp|Garchomp, L50, F, shiny|100/100\n|turn|6\n|\n|t:|1788351119\n|move|p2a: Basculegion|Protect|p2a: Basculegion\n|-singleturn|p2a: Basculegion|Protect\n|move|p1b: Scizor|Bullet Punch|p2a: Basculegion\n|-activate|p2a: Basculegion|move: Protect\n|move|p2b: Garchomp|Earthquake|p1b: Scizor|[spread] p1b\n|-activate|p2a: Basculegion|move: Protect\n|-damage|p1b: Scizor|24/100\n|\n|upkeep\n|turn|7\n|inactive|meobeoo has 30 seconds left.\n|\n|t:|1788351147\n|move|p1b: Scizor|Bullet Punch|p2a: Basculegion\n|-resisted|p2a: Basculegion|1\n|-damage|p2a: Basculegion|5/100\n|move|p2b: Garchomp|Earthquake|p1b: Scizor|[spread] p2a,p1b\n|-damage|p2a: Basculegion|0 fnt\n|-damage|p1b: Scizor|0 fnt\n|faint|p2a: Basculegion\n|faint|p1b: Scizor\n|\n|win|meobeoo\n","uploadtime":1788351152,"views":"7","formatid":"gen9championsvgc2026regmbbo3","rating":null,"private":0,"password":null}