{"id":"gen9championsvgc2026regmbbo3-2673794968","format":"[Gen 9 Champions] VGC 2026 Reg M-B (Bo3)","players":["kingsrowbajax","NemoAK"],"log":"|j|☆kingsrowbajax\n|j|☆NemoAK\n|html|<table width=\"100%\"><tr><td align=\"left\">kingsrowbajax</td><td align=\"right\">NemoAK</tr><tr><td align=\"left\"><i class=\"fa fa-circle-o\"></i> <i class=\"fa fa-circle-o\"></i> </td><td align=\"right\"><i class=\"fa fa-circle-o\"></i> <i class=\"fa fa-circle\"></i> </tr></table>\n|uhtml|bestof|<h2><strong>Game 2</strong> of <a href=\"/game-bestof3-gen9championsvgc2026regmbbo3-2673794315\">a best-of-3</a></h2>\n|t:|1788258315\n|gametype|doubles\n|player|p1|kingsrowbajax|1|1226\n|player|p2|NemoAK|265|1356\n|gen|9\n|tier|[Gen 9 Champions] VGC 2026 Reg M-B (Bo3)\n|rated|\n|rule|Species Clause: Limit one of each Pokémon\n|rule|Item Clause: Limit 1 of each item\n|clearpoke\n|poke|p1|Blastoise, L50, F|\n|poke|p1|Delphox, L50, M|\n|poke|p1|Sinistcha, L50|\n|poke|p1|Kingambit, L50, F|\n|poke|p1|Sneasler, L50, F|\n|poke|p1|Incineroar, L50, M|\n|poke|p2|Staraptor, L50, M|\n|poke|p2|Kingambit, L50, M|\n|poke|p2|Basculegion, L50, M|\n|poke|p2|Farigiraf, L50, M|\n|poke|p2|Garchomp, L50, M|\n|poke|p2|Abomasnow, L50, M|\n|teampreview|4\n|showteam|p1|Blastoise||Blastoisinite|RainDish|WaterSpout,DarkPulse,ShellSmash,Protect|Modest||F|||50|]Delphox||Delphoxite|Blaze|HeatWave,Psychic,NastyPlot,Protect|Timid||M|||50|]Sinistcha||ColburBerry|Hospitality|MatchaGotcha,RagePowder,TrickRoom,Protect|Bold|||||50|]Kingambit||LifeOrb|Defiant|KowtowCleave,SuckerPunch,SwordsDance,Protect|Adamant||F|||50|]Sneasler||FocusSash|PoisonTouch|FakeOut,PoisonJab,CloseCombat,QuickGuard|Jolly||F|||50|]Incineroar||SitrusBerry|Intimidate|FakeOut,FlareBlitz,ThroatChop,PartingShot|Careful||M|||50|\n|showteam|p2|Staraptor||Staraptite|Intimidate|CloseCombat,BraveBird,Tailwind,Protect|Jolly||M|||50|]Kingambit||FocusSash|Defiant|KowtowCleave,IronHead,SuckerPunch,LowKick|Adamant||M|||50|]Basculegion||ChoiceScarf|Adaptability|WaveCrash,LastRespects,AquaJet,FlipTurn|Adamant||M|||50|]Farigiraf||SitrusBerry|ArmorTail|Psychic,HyperVoice,TrickRoom,HelpingHand|Quiet||M|||50|]Garchomp||LifeOrb|RoughSkin|Earthquake,RockSlide,DragonClaw,Protect|Jolly||M|||50|]Abomasnow||Abomasite|SnowWarning|Blizzard,EnergyBall,EarthPower,Protect|Quiet||M|||50|\n|\n|t:|1788258348\n|teamsize|p1|4\n|teamsize|p2|4\n|start\n|switch|p1a: Sneasler|Sneasler, L50, F|100/100\n|switch|p1b: Delphox|Delphox, L50, M|100/100\n|switch|p2a: Abomasnow|Abomasnow, L50, M|100/100\n|switch|p2b: 6”3|Farigiraf, L50, M|100/100\n|-weather|Snowscape|[from] ability: Snow Warning|[of] p2a: Abomasnow\n|turn|1\n|\n|t:|1788258362\n|switch|p2a: Checkmate|Kingambit, L50, M|100/100\n|detailschange|p1b: Delphox|Delphox-Mega, L50, M\n|-mega|p1b: Delphox|Delphox|Delphoxite\n|move|p1b: Delphox|Heat Wave|p2a: Checkmate|[spread] p2a,p2b\n|-supereffective|p2a: Checkmate|1\n|-damage|p2a: Checkmate|13/100\n|-damage|p2b: 6”3|63/100\n|-status|p2a: Checkmate|brn\n|move|p1a: Sneasler|Close Combat|p2b: 6”3\n|-damage|p2b: 6”3|3/100\n|-unboost|p1a: Sneasler|def|1\n|-unboost|p1a: Sneasler|spd|1\n|-enditem|p2b: 6”3|Sitrus Berry|[eat]\n|-heal|p2b: 6”3|28/100|[from] item: Sitrus Berry\n|move|p2b: 6”3|Trick Room|p2b: 6”3\n|-fieldstart|move: Trick Room|[of] p2b: 6”3\n|\n|-weather|Snowscape|[upkeep]\n|-damage|p2a: Checkmate|7/100 brn|[from] brn\n|upkeep\n|turn|2\n|c|☆NemoAK|Bro\n|\n|t:|1788258394\n|switch|p2a: Abomasnow|Abomasnow, L50, M|100/100\n|switch|p1b: Kingambit|Kingambit, L50, F|100/100\n|move|p2b: 6”3|Psychic|p1a: Sneasler\n|-supereffective|p1a: Sneasler|2\n|-enditem|p1a: Sneasler|Focus Sash\n|-damage|p1a: Sneasler|1/100\n|-unboost|p1a: Sneasler|spd|1\n|move|p1a: Sneasler|Poison Jab|p2b: 6”3\n|-damage|p2b: 6”3|0 fnt\n|faint|p2b: 6”3\n|\n|-weather|Snowscape|[upkeep]\n|upkeep\n|\n|t:|1788258401\n|switch|p2b: Checkmate|Kingambit, L50, M|7/100 brn\n|turn|3\n|c|☆kingsrowbajax|?\n|\n|t:|1788258433\n|switch|p1a: Sinistcha|Sinistcha, L50|100/100\n|detailschange|p2a: Abomasnow|Abomasnow-Mega, L50, M\n|-mega|p2a: Abomasnow|Abomasnow|Abomasite\n|move|p1b: Kingambit|Protect|p1b: Kingambit\n|-singleturn|p1b: Kingambit|Protect\n|move|p2a: Abomasnow|Earth Power|p1b: Kingambit\n|-activate|p1b: Kingambit|move: Protect\n|move|p2b: Checkmate|Low Kick|p1b: Kingambit\n|-activate|p1b: Kingambit|move: Protect\n|\n|-weather|Snowscape|[upkeep]\n|-damage|p2b: Checkmate|1/100 brn|[from] brn\n|upkeep\n|turn|4\n|\n|t:|1788258450\n|switch|p1b: Sneasler|Sneasler, L50, F|1/100\n|move|p1a: Sinistcha|Protect|p1a: Sinistcha\n|-singleturn|p1a: Sinistcha|Protect\n|move|p2a: Abomasnow|Blizzard|p1a: Sinistcha|[spread] p1b\n|-activate|p1a: Sinistcha|move: Protect\n|-damage|p1b: Sneasler|0 fnt\n|faint|p1b: Sneasler\n|move|p2b: Checkmate|Low Kick|p1a: Sinistcha\n|-activate|p1a: Sinistcha|move: Protect\n|\n|-weather|Snowscape|[upkeep]\n|-damage|p2b: Checkmate|0 fnt|[from] brn\n|faint|p2b: Checkmate\n|upkeep\n|\n|t:|1788258465\n|switch|p2b: Toothless|Garchomp, L50, M|100/100\n|switch|p1b: Kingambit|Kingambit, L50, F|100/100\n|turn|5\n|c|☆NemoAK|The burn\n|c|☆NemoAK|Nvm\n|c|☆NemoAK|Happens\n|c|☆kingsrowbajax|oh\n|c|☆kingsrowbajax|mb\n|c|☆NemoAK|Part of the game\n|\n|t:|1788258499\n|switch|p1b: Delphox|Delphox-Mega, L50, M|100/100\n|move|p2a: Abomasnow|Blizzard|p1a: Sinistcha|[spread] p1a,p1b\n|-supereffective|p1a: Sinistcha|1\n|-resisted|p1b: Delphox|1\n|-crit|p1b: Delphox\n|-damage|p1a: Sinistcha|2/100\n|-damage|p1b: Delphox|69/100\n|-status|p1b: Delphox|frz\n|move|p1a: Sinistcha|Matcha Gotcha|p2a: Abomasnow|[spread] p2a,p2b\n|-resisted|p2a: Abomasnow|1\n|-damage|p2a: Abomasnow|90/100\n|-heal|p1a: Sinistcha|6/100|[from] drain|[of] p2a: Abomasnow\n|-damage|p2b: Toothless|73/100\n|-heal|p1a: Sinistcha|20/100y|[from] drain|[of] p2b: Toothless\n|move|p2b: Toothless|Earthquake|p1b: Delphox|[spread] p2a,p1a\n|-immune|p1b: Delphox|[from] ability: Levitate\n|-resisted|p2a: Abomasnow|1\n|-resisted|p1a: Sinistcha|1\n|-damage|p2a: Abomasnow|74/100\n|-damage|p1a: Sinistcha|0 fnt\n|faint|p1a: Sinistcha\n|-damage|p2b: Toothless|63/100|[from] item: Life Orb\n|\n|-weather|none\n|-fieldend|move: Trick Room\n|upkeep\n|\n|t:|1788258521\n|switch|p1a: Kingambit|Kingambit, L50, F|100/100\n|turn|6\n|\n|t:|1788258543\n|move|p1a: Kingambit|Sucker Punch|p2b: Toothless\n|-crit|p2b: Toothless\n|-damage|p2b: Toothless|0 fnt\n|-damage|p1a: Kingambit|87/100|[from] ability: Rough Skin|[of] p2b: Toothless\n|faint|p2b: Toothless\n|-damage|p1a: Kingambit|78/100|[from] item: Life Orb\n|cant|p1b: Delphox|frz\n|move|p2a: Abomasnow|Energy Ball|p1b: Delphox\n|-resisted|p1b: Delphox|1\n|-damage|p1b: Delphox|45/100 frz\n|\n|upkeep\n|turn|7\n|c|☆kingsrowbajax|what in the rng slopfest\n|-message|NemoAK forfeited.\n|\n|win|kingsrowbajax\n","uploadtime":1788258551,"views":"5","formatid":"gen9championsvgc2026regmbbo3","rating":null,"private":0,"password":null}