{"id":"gen9championsvgc2026regmb-2674251943","format":"[Gen 9 Champions] VGC 2026 Reg M-B","players":["metayarrak","dimweaker"],"log":"|j|☆metayarrak\n|j|☆dimweaker\n|t:|1788323753\n|gametype|doubles\n|player|p1|metayarrak|wally|1276\n|player|p2|dimweaker|swimmerf-gen4|1341\n|gen|9\n|tier|[Gen 9 Champions] VGC 2026 Reg M-B\n|rated|\n|rule|Species Clause: Limit one of each Pokémon\n|rule|Item Clause: Limit 1 of each item\n|clearpoke\n|poke|p1|Froslass, L50, F|\n|poke|p1|Sneasler, L50, F|\n|poke|p1|Kingambit, L50, F|\n|poke|p1|Basculegion, L50, M|\n|poke|p1|Scovillain, L50, M|\n|poke|p1|Lycanroc-Dusk, L50, F|\n|poke|p2|Milotic, L50, M|\n|poke|p2|Wyrdeer, L50, M|\n|poke|p2|Staraptor, L50, F|\n|poke|p2|Raichu, L50, M|\n|poke|p2|Chandelure, L50, M|\n|poke|p2|Kingambit, L50, M|\n|teampreview|4\n|inactive|Battle timer is ON: inactive players will automatically lose when time's up. (requested by dimweaker)\n|\n|t:|1788323790\n|teamsize|p1|4\n|teamsize|p2|4\n|start\n|switch|p1a: Froslass|Froslass, L50, F|100/100\n|switch|p1b: Sneasler|Sneasler, L50, F|100/100\n|switch|p2a: Wyrdeer|Wyrdeer, L50, M|100/100\n|switch|p2b: Milotic|Milotic, L50, M|100/100\n|-ability|p2a: Wyrdeer|Intimidate|boost\n|-unboost|p1a: Froslass|atk|1\n|-unboost|p1b: Sneasler|atk|1\n|-enditem|p1b: Sneasler|White Herb\n|-clearnegativeboost|p1b: Sneasler|[silent]\n|turn|1\n|inactive|metayarrak has 30 seconds left.\n|inactive|metayarrak has 20 seconds left.\n|\n|t:|1788323826\n|detailschange|p1a: Froslass|Froslass-Mega, L50, F\n|-mega|p1a: Froslass|Froslass|Froslassite\n|-weather|Snowscape|[from] ability: Snow Warning|[of] p1a: Froslass\n|move|p1b: Sneasler|Close Combat|p2a: Wyrdeer\n|-damage|p2a: Wyrdeer|42/100\n|-unboost|p1b: Sneasler|def|1\n|-unboost|p1b: Sneasler|spd|1\n|move|p1a: Froslass|Blizzard|p2a: Wyrdeer|[spread] p2a,p2b\n|-resisted|p2b: Milotic|1\n|-damage|p2a: Wyrdeer|2/100\n|-damage|p2b: Milotic|84/100\n|move|p2b: Milotic|Coil|p2b: Milotic\n|-boost|p2b: Milotic|atk|1\n|-boost|p2b: Milotic|def|1\n|-boost|p2b: Milotic|accuracy|1\n|move|p2a: Wyrdeer|Trick Room|p2a: Wyrdeer\n|-fieldstart|move: Trick Room|[of] p2a: Wyrdeer\n|\n|-weather|Snowscape|[upkeep]\n|-heal|p2b: Milotic|90/100|[from] item: Leftovers\n|upkeep\n|turn|2\n|inactive|dimweaker has 30 seconds left.\n|\n|t:|1788323853\n|switch|p1b: Kingambit|Kingambit, L50, F|100/100\n|move|p2b: Milotic|Coil|p2b: Milotic\n|-boost|p2b: Milotic|atk|1\n|-boost|p2b: Milotic|def|1\n|-boost|p2b: Milotic|accuracy|1\n|move|p2a: Wyrdeer|Skill Swap|p1b: Kingambit\n|-activate|p2a: Wyrdeer|Skill Swap|Defiant|Intimidate|[of] p1b: Kingambit\n|-ability|p1b: Kingambit|Intimidate|boost\n|-unboost|p2a: Wyrdeer|atk|1\n|-ability|p2a: Wyrdeer|Defiant|boost\n|-boost|p2a: Wyrdeer|atk|2\n|-unboost|p2b: Milotic|atk|1\n|-ability|p2b: Milotic|Competitive|boost\n|-boost|p2b: Milotic|spa|2\n|move|p1a: Froslass|Blizzard|p2a: Wyrdeer|[spread] p2a,p2b\n|-resisted|p2b: Milotic|1\n|-damage|p2a: Wyrdeer|0 fnt\n|-damage|p2b: Milotic|75/100\n|faint|p2a: Wyrdeer\n|\n|-weather|Snowscape|[upkeep]\n|-heal|p2b: Milotic|81/100|[from] item: Leftovers\n|upkeep\n|\n|t:|1788323873\n|switch|p2a: Staraptor|Staraptor, L50, F|100/100\n|-ability|p2a: Staraptor|Intimidate|boost\n|-unboost|p1a: Froslass|atk|1\n|-unboost|p1b: Kingambit|atk|1\n|turn|3\n|\n|t:|1788323891\n|detailschange|p2a: Staraptor|Staraptor-Mega, L50, F\n|-mega|p2a: Staraptor|Staraptor|Staraptite\n|move|p2a: Staraptor|Protect|p2a: Staraptor\n|-singleturn|p2a: Staraptor|Protect\n|move|p1b: Kingambit|Kowtow Cleave|p2b: Milotic\n|-damage|p2b: Milotic|66/100\n|move|p2b: Milotic|Hypnosis|p1a: Froslass\n|-status|p1a: Froslass|slp|[from] move: Hypnosis\n|cant|p1a: Froslass|slp\n|\n|-weather|Snowscape|[upkeep]\n|-heal|p2b: Milotic|72/100|[from] item: Leftovers\n|upkeep\n|turn|4\n|\n|t:|1788323906\n|switch|p1b: Basculegion|Basculegion, L50, M|100/100\n|move|p2b: Milotic|Muddy Water|p1a: Froslass|[spread] p1a,p1b\n|-resisted|p1b: Basculegion|1\n|-damage|p1a: Froslass|44/100 slp\n|-damage|p1b: Basculegion|76/100\n|-curestatus|p1a: Froslass|slp|[msg]\n|move|p1a: Froslass|Blizzard|p2b: Milotic|[spread] p2a,p2b\n|-supereffective|p2a: Staraptor|1\n|-resisted|p2b: Milotic|1\n|-damage|p2a: Staraptor|20/100y\n|-damage|p2b: Milotic|56/100\n|move|p2a: Staraptor|Close Combat|p1b: Basculegion\n|-immune|p1b: Basculegion\n|\n|-weather|Snowscape|[upkeep]\n|-heal|p2b: Milotic|62/100|[from] item: Leftovers\n|upkeep\n|turn|5\n|\n|t:|1788323929\n|move|p1b: Basculegion|Protect|p1b: Basculegion\n|-singleturn|p1b: Basculegion|Protect\n|move|p1a: Froslass|Protect|p1a: Froslass\n|-singleturn|p1a: Froslass|Protect\n|move|p2a: Staraptor|Protect|p2a: Staraptor\n|-singleturn|p2a: Staraptor|Protect\n|move|p2b: Milotic|Hypnosis|p1b: Basculegion\n|-activate|p1b: Basculegion|move: Protect\n|\n|-weather|none\n|-heal|p2b: Milotic|68/100|[from] item: Leftovers\n|-fieldend|move: Trick Room\n|upkeep\n|turn|6\n|inactive|metayarrak has 30 seconds left.\n|\n|t:|1788323962\n|switch|p1a: Sneasler|Sneasler, L50, F|100/100\n|move|p1b: Basculegion|Aqua Jet|p2a: Staraptor\n|-damage|p2a: Staraptor|0 fnt\n|faint|p2a: Staraptor\n|move|p2b: Milotic|Hypnosis|p1b: Basculegion\n|-status|p1b: Basculegion|slp|[from] move: Hypnosis\n|\n|-heal|p2b: Milotic|74/100|[from] item: Leftovers\n|upkeep\n|\n|t:|1788323968\n|switch|p2a: Chandelure|Chandelure, L50, M|100/100\n|turn|7\n|\n|t:|1788323986\n|switch|p1b: Kingambit|Kingambit, L50, F|100/100\n|move|p1a: Sneasler|Fake Out|p2b: Milotic\n|-damage|p2b: Milotic|68/100\n|move|p2a: Chandelure|Flamethrower|p1b: Kingambit\n|-supereffective|p1b: Kingambit|1\n|-damage|p1b: Kingambit|4/100\n|cant|p2b: Milotic|flinch\n|\n|-heal|p2b: Milotic|74/100|[from] item: Leftovers\n|upkeep\n|turn|8\n|\n|t:|1788324002\n|move|p1b: Kingambit|Sucker Punch|p2a: Chandelure\n|-supereffective|p2a: Chandelure|1\n|-damage|p2a: Chandelure|0 fnt\n|faint|p2a: Chandelure\n|move|p1a: Sneasler|Gunk Shot|p2b: Milotic|[miss]\n|-miss|p1a: Sneasler|p2b: Milotic\n|move|p2b: Milotic|Muddy Water|p1b: Kingambit|[spread] p1a,p1b\n|-damage|p1a: Sneasler|32/100\n|-damage|p1b: Kingambit|0 fnt\n|-unboost|p1a: Sneasler|accuracy|1\n|faint|p1b: Kingambit\n|\n|-heal|p2b: Milotic|80/100|[from] item: Leftovers\n|upkeep\n|\n|t:|1788324012\n|switch|p1b: Froslass|Froslass-Mega, L50, F|44/100\n|-weather|Snowscape|[from] ability: Snow Warning|[of] p1b: Froslass\n|turn|9\n|\n|t:|1788324022\n|move|p2b: Milotic|Protect|p2b: Milotic\n|-singleturn|p2b: Milotic|Protect\n|move|p1b: Froslass|Shadow Ball|p2b: Milotic\n|-activate|p2b: Milotic|move: Protect\n|move|p1a: Sneasler|Close Combat|p2b: Milotic\n|-activate|p2b: Milotic|move: Protect\n|\n|-weather|Snowscape|[upkeep]\n|-heal|p2b: Milotic|86/100|[from] item: Leftovers\n|upkeep\n|turn|10\n|\n|t:|1788324032\n|move|p1b: Froslass|Shadow Ball|p2b: Milotic\n|-damage|p2b: Milotic|57/100\n|-unboost|p2b: Milotic|spd|1\n|-ability|p2b: Milotic|Competitive|boost\n|-boost|p2b: Milotic|spa|2\n|move|p1a: Sneasler|Close Combat|p2b: Milotic|[miss]\n|-miss|p1a: Sneasler|p2b: Milotic\n|move|p2b: Milotic|Muddy Water|p1b: Froslass|[spread] p1a,p1b\n|-damage|p1a: Sneasler|0 fnt\n|-damage|p1b: Froslass|0 fnt\n|faint|p1a: Sneasler\n|faint|p1b: Froslass\n|\n|-weather|Snowscape|[upkeep]\n|-heal|p2b: Milotic|63/100|[from] item: Leftovers\n|upkeep\n|\n|t:|1788324042\n|switch|p1b: Basculegion|Basculegion, L50, M|76/100 slp\n|turn|11\n|\n|t:|1788324060\n|move|p2b: Milotic|Muddy Water|p1b: Basculegion\n|-resisted|p1b: Basculegion|1\n|-damage|p1b: Basculegion|30/100 slp\n|-unboost|p1b: Basculegion|accuracy|1\n|-enditem|p1b: Basculegion|Sitrus Berry|[eat]\n|-heal|p1b: Basculegion|54/100 slp|[from] item: Sitrus Berry\n|cant|p1b: Basculegion|slp\n|\n|-weather|Snowscape|[upkeep]\n|-heal|p2b: Milotic|69/100|[from] item: Leftovers\n|upkeep\n|turn|12\n|\n|t:|1788324073\n|move|p2b: Milotic|Protect|p2b: Milotic\n|-singleturn|p2b: Milotic|Protect\n|-curestatus|p1b: Basculegion|slp|[msg]\n|move|p1b: Basculegion|Last Respects|p2b: Milotic\n|-activate|p2b: Milotic|move: Protect\n|\n|-weather|Snowscape|[upkeep]\n|-heal|p2b: Milotic|75/100|[from] item: Leftovers\n|upkeep\n|turn|13\n|\n|t:|1788324088\n|move|p2b: Milotic|Hypnosis|p1b: Basculegion\n|-status|p1b: Basculegion|slp|[from] move: Hypnosis\n|cant|p1b: Basculegion|slp\n|\n|-weather|none\n|-heal|p2b: Milotic|81/100|[from] item: Leftovers\n|upkeep\n|turn|14\n|\n|t:|1788324095\n|move|p2b: Milotic|Muddy Water|p1b: Basculegion\n|-resisted|p1b: Basculegion|1\n|-damage|p1b: Basculegion|8/100 slp\n|-curestatus|p1b: Basculegion|slp|[msg]\n|move|p1b: Basculegion|Last Respects|p2b: Milotic\n|-damage|p2b: Milotic|30/100\n|\n|-heal|p2b: Milotic|36/100|[from] item: Leftovers\n|upkeep\n|turn|15\n|\n|t:|1788324105\n|move|p2b: Milotic|Protect|p2b: Milotic\n|-singleturn|p2b: Milotic|Protect\n|move|p1b: Basculegion|Last Respects|p2b: Milotic\n|-activate|p2b: Milotic|move: Protect\n|\n|-heal|p2b: Milotic|42/100|[from] item: Leftovers\n|upkeep\n|turn|16\n|\n|t:|1788324112\n|move|p2b: Milotic|Muddy Water|p1b: Basculegion\n|-resisted|p1b: Basculegion|1\n|-damage|p1b: Basculegion|0 fnt\n|faint|p1b: Basculegion\n|\n|win|dimweaker\n|raw|metayarrak's rating: 1276 &rarr; <strong>1256</strong><br />(-20 for losing)\n|raw|dimweaker's rating: 1341 &rarr; <strong>1357</strong><br />(+16 for winning)\n","uploadtime":1788324117,"views":"1","formatid":"gen9championsvgc2026regmb","rating":1256,"private":0,"password":null}