{"id":"gen9championsvgc2026regmbbo3-2673909689","format":"[Gen 9 Champions] VGC 2026 Reg M-B (Bo3)","players":["IronSerpentFan","infamous coak"],"log":"|j|☆IronSerpentFan\n|j|☆infamous coak\n|html|<table width=\"100%\"><tr><td align=\"left\">IronSerpentFan</td><td align=\"right\">infamous coak</tr><tr><td align=\"left\"><i class=\"fa fa-circle\"></i> <i class=\"fa fa-circle-o\"></i> </td><td align=\"right\"><i class=\"fa fa-circle-o\"></i> <i class=\"fa fa-circle\"></i> </tr></table>\n|uhtml|bestof|<h2><strong>Game 3</strong> of <a href=\"/game-bestof3-gen9championsvgc2026regmbbo3-2673903655\">a best-of-3</a></h2>\n|t:|1788275977\n|gametype|doubles\n|player|p1|IronSerpentFan|schoolkid-gen4|1109\n|player|p2|infamous coak|1|1009\n|gen|9\n|tier|[Gen 9 Champions] VGC 2026 Reg M-B (Bo3)\n|rated|\n|rule|Species Clause: Limit one of each Pokémon\n|rule|Item Clause: Limit 1 of each item\n|clearpoke\n|poke|p1|Politoed, L50, F|\n|poke|p1|Gengar, L50, M|\n|poke|p1|Incineroar, L50, F|\n|poke|p1|Sinistcha, L50|\n|poke|p1|Whimsicott, L50, M|\n|poke|p1|Staraptor, L50, F|\n|poke|p2|Ampharos, L50, M|\n|poke|p2|Farigiraf, L50, M|\n|poke|p2|Mawile, L50, F|\n|poke|p2|Pelipper, L50, F|\n|poke|p2|Corviknight, L50, M|\n|poke|p2|Scrafty, L50, M|\n|teampreview|4\n|showteam|p1|Politoed||SitrusBerry|Drizzle|Protect,Encore,WeatherBall,PerishSong|Modest||F|||50|]Gengar||Gengarite|CursedBody|Protect,Disable,ShadowBall,SludgeBomb|Timid||M|||50|]Incineroar||PasshoBerry|Intimidate|Protect,FakeOut,ThroatChop,PartingShot|Sassy||F|||50|]Sinistcha||ColburBerry|Hospitality|Protect,RagePowder,MatchaGotcha,TrickRoom|Sassy|||||50|]Whimsicott||FocusSash|Prankster|Protect,Tailwind,Moonblast,Charm|Timid||M|||50|]Staraptor||Staraptite|Intimidate|Protect,Roost,CloseCombat,BraveBird|Jolly||F|||50|\n|showteam|p2|Ampharos||Ampharosite|Static|DazzlingGleam,Thunderbolt,DragonPulse,Protect|Quiet||M|||50|]Farigiraf||ColburBerry|ArmorTail|TrickRoom,PsychicNoise,Imprison,HelpingHand|Quiet||M|||50|]Mawile||Mawilite|Intimidate|SuckerPunch,PlayRough,IronHead,Protect|Adamant||F|||50|]Pelipper||LifeOrb|Drizzle|Hurricane,WideGuard,MuddyWater,Protect|Quiet||F|||50|]Corviknight||Leftovers|MirrorArmor|BulkUp,BraveBird,Roost,IronHead|Brave||M|||50|]Scrafty||RoseliBerry|Intimidate|CloseCombat,FakeOut,Encore,KnockOff|Brave||M|||50|\n|inactive|Battle timer is ON: inactive players will automatically lose when time's up. (requested by IronSerpentFan)\n|j| ISCTO15\n|inactive|IronSerpentFan has 60 seconds left.\n|\n|t:|1788276011\n|teamsize|p1|4\n|teamsize|p2|4\n|start\n|switch|p1a: Incineroar|Incineroar, L50, F|100/100\n|switch|p1b: Sinistcha|Sinistcha, L50|100/100\n|switch|p2a: Farigiraf|Farigiraf, L50, M|100/100\n|switch|p2b: Scrafty|Scrafty, L50, M|100/100\n|-ability|p1a: Incineroar|Intimidate|boost\n|-unboost|p2a: Farigiraf|atk|1\n|-unboost|p2b: Scrafty|atk|1\n|-ability|p2b: Scrafty|Intimidate|boost\n|-unboost|p1a: Incineroar|atk|1\n|-unboost|p1b: Sinistcha|atk|1\n|turn|1\n|\n|t:|1788276034\n|move|p2b: Scrafty|Fake Out|p1a: Incineroar\n|-damage|p1a: Incineroar|93/100\n|cant|p1a: Incineroar|flinch\n|move|p2a: Farigiraf|Psychic Noise|p1b: Sinistcha\n|-damage|p1b: Sinistcha|70/100\n|-start|p1b: Sinistcha|move: Heal Block\n|move|p1b: Sinistcha|Trick Room|p1b: Sinistcha\n|-fieldstart|move: Trick Room|[of] p1b: Sinistcha\n|\n|upkeep\n|turn|2\n|\n|t:|1788276050\n|move|p2a: Farigiraf|Helping Hand|p2b: Scrafty\n|-singleturn|p2b: Scrafty|Helping Hand|[of] p2a: Farigiraf\n|move|p2b: Scrafty|Close Combat|p1a: Incineroar\n|-supereffective|p1a: Incineroar|1\n|-damage|p1a: Incineroar|1/100\n|-unboost|p2b: Scrafty|def|1\n|-unboost|p2b: Scrafty|spd|1\n|move|p1a: Incineroar|Parting Shot|p2a: Farigiraf\n|-unboost|p2a: Farigiraf|atk|1\n|-unboost|p2a: Farigiraf|spa|1\n|\n|t:|1788276058\n|switch|p1a: Staraptor|Staraptor, L50, F|100/100|[from] Parting Shot\n|-ability|p1a: Staraptor|Intimidate|boost\n|-unboost|p2a: Farigiraf|atk|1\n|-unboost|p2b: Scrafty|atk|1\n|move|p1b: Sinistcha|Trick Room|p1b: Sinistcha\n|-fieldend|move: Trick Room\n|\n|-end|p1b: Sinistcha|move: Heal Block\n|upkeep\n|turn|3\n|\n|t:|1788276072\n|switch|p1b: Incineroar|Incineroar, L50, F|1/100\n|-ability|p1b: Incineroar|Intimidate|boost\n|-unboost|p2a: Farigiraf|atk|1\n|-unboost|p2b: Scrafty|atk|1\n|switch|p2b: Pelipper|Pelipper, L50, F|100/100\n|-weather|RainDance|[from] ability: Drizzle|[of] p2b: Pelipper\n|detailschange|p1a: Staraptor|Staraptor-Mega, L50, F\n|-mega|p1a: Staraptor|Staraptor|Staraptite\n|move|p1a: Staraptor|Close Combat|p2a: Farigiraf\n|-damage|p2a: Farigiraf|47/100\n|-boost|p1a: Staraptor|def|1\n|-boost|p1a: Staraptor|spd|1\n|move|p2a: Farigiraf|Psychic Noise|p1a: Staraptor\n|-supereffective|p1a: Staraptor|1\n|-damage|p1a: Staraptor|70/100\n|-start|p1a: Staraptor|move: Heal Block\n|\n|-weather|RainDance|[upkeep]\n|upkeep\n|turn|4\n|l| ISCTO15\n|inactive|IronSerpentFan has 30 seconds left.\n|\n|t:|1788276105\n|move|p1a: Staraptor|Close Combat|p2a: Farigiraf\n|-damage|p2a: Farigiraf|1/100\n|-boost|p1a: Staraptor|def|1\n|-boost|p1a: Staraptor|spd|1\n|move|p2b: Pelipper|Hurricane|p1a: Staraptor\n|-supereffective|p1a: Staraptor|1\n|-damage|p1a: Staraptor|8/100\n|-damage|p2b: Pelipper|90/100|[from] item: Life Orb\n|move|p1b: Incineroar|Parting Shot|p2b: Pelipper\n|-unboost|p2b: Pelipper|atk|1\n|-unboost|p2b: Pelipper|spa|1\n|\n|t:|1788276115\n|switch|p1b: Sinistcha|Sinistcha, L50|70/100|[from] Parting Shot\n|move|p2a: Farigiraf|Trick Room|p2a: Farigiraf\n|-fieldstart|move: Trick Room|[of] p2a: Farigiraf\n|\n|-weather|RainDance|[upkeep]\n|-end|p1a: Staraptor|move: Heal Block\n|upkeep\n|turn|5\n|\n|t:|1788276129\n|move|p1b: Sinistcha|Rage Powder|p1b: Sinistcha\n|-singleturn|p1b: Sinistcha|move: Rage Powder\n|move|p2a: Farigiraf|Imprison|p2a: Farigiraf\n|-start|p2a: Farigiraf|move: Imprison\n|move|p2b: Pelipper|Hurricane|p1b: Sinistcha\n|-supereffective|p1b: Sinistcha|1\n|-damage|p1b: Sinistcha|0 fnt\n|faint|p1b: Sinistcha\n|-damage|p2b: Pelipper|80/100|[from] item: Life Orb\n|move|p1a: Staraptor|Roost|p1a: Staraptor\n|-heal|p1a: Staraptor|58/100\n|-singleturn|p1a: Staraptor|move: Roost\n|\n|-weather|RainDance|[upkeep]\n|upkeep\n|\n|t:|1788276143\n|switch|p1b: Incineroar|Incineroar, L50, F|1/100\n|-ability|p1b: Incineroar|Intimidate|boost\n|-unboost|p2a: Farigiraf|atk|1\n|-unboost|p2b: Pelipper|atk|1\n|turn|6\n|\n|t:|1788276154\n|switch|p2a: Ampharos|Ampharos, L50, M|100/100\n|move|p1a: Staraptor|Protect|p1a: Staraptor\n|-singleturn|p1a: Staraptor|Protect\n|move|p1b: Incineroar|Parting Shot|p2b: Pelipper\n|-unboost|p2b: Pelipper|atk|1\n|-unboost|p2b: Pelipper|spa|1\n|\n|t:|1788276160\n|switch|p1b: Politoed|Politoed, L50, F|100/100|[from] Parting Shot\n|move|p2b: Pelipper|Hurricane|p1a: Staraptor\n|-activate|p1a: Staraptor|move: Protect\n|\n|-weather|RainDance|[upkeep]\n|upkeep\n|turn|7\n|inactive|IronSerpentFan has 30 seconds left.\n|\n|t:|1788276198\n|switch|p2b: Farigiraf|Farigiraf, L50, M|1/100\n|switch|p1a: Incineroar|Incineroar, L50, F|1/100\n|-ability|p1a: Incineroar|Intimidate|boost\n|-unboost|p2a: Ampharos|atk|1\n|-unboost|p2b: Farigiraf|atk|1\n|detailschange|p2a: Ampharos|Ampharos-Mega, L50, M\n|-mega|p2a: Ampharos|Ampharos|Ampharosite\n|-ability|p2a: Ampharos|Mold Breaker\n|move|p2a: Ampharos|Thunderbolt|p1a: Incineroar\n|-damage|p1a: Incineroar|0 fnt\n|faint|p1a: Incineroar\n|move|p1b: Politoed|Perish Song|p1b: Politoed\n|-start|p1b: Politoed|perish3|[silent]\n|-start|p2a: Ampharos|perish3|[silent]\n|-start|p2b: Farigiraf|perish3|[silent]\n|-fieldactivate|move: Perish Song\n|\n|-weather|none\n|-start|p2a: Ampharos|perish3\n|-start|p2b: Farigiraf|perish3\n|-start|p1b: Politoed|perish3\n|upkeep\n|\n|t:|1788276202\n|switch|p1a: Staraptor|Staraptor-Mega, L50, F|58/100\n|turn|8\n|\n|t:|1788276209\n|move|p1b: Politoed|Protect|p1b: Politoed\n|-singleturn|p1b: Politoed|Protect\n|move|p1a: Staraptor|Protect|p1a: Staraptor\n|-singleturn|p1a: Staraptor|Protect\n|move|p2a: Ampharos|Thunderbolt|p1b: Politoed\n|-activate|p1b: Politoed|move: Protect\n|move|p2b: Farigiraf|Psychic Noise|p1a: Staraptor\n|-activate|p1a: Staraptor|move: Protect\n|\n|-start|p2a: Ampharos|perish2\n|-start|p2b: Farigiraf|perish2\n|-start|p1b: Politoed|perish2\n|-fieldend|move: Trick Room\n|upkeep\n|turn|9\n|\n|t:|1788276225\n|move|p1a: Staraptor|Close Combat|p2a: Ampharos\n|-damage|p2a: Ampharos|54/100\n|-boost|p1a: Staraptor|def|1\n|-boost|p1a: Staraptor|spd|1\n|move|p1b: Politoed|Weather Ball|p2b: Farigiraf\n|-damage|p2b: Farigiraf|0 fnt\n|faint|p2b: Farigiraf\n|move|p2a: Ampharos|Thunderbolt|p1a: Staraptor\n|-supereffective|p1a: Staraptor|1\n|-damage|p1a: Staraptor|0 fnt\n|faint|p1a: Staraptor\n|\n|-start|p1b: Politoed|perish1\n|-start|p2a: Ampharos|perish1\n|upkeep\n|c|☆IronSerpentFan|ggwp\n|inactive|infamous coak has 30 seconds left.\n|-message|IronSerpentFan forfeited.\n|\n|win|infamous coak\n|raw|IronSerpentFan's rating: 1109 &rarr; <strong>1077</strong><br />(-32 for losing)\n|raw|infamous coak's rating: 1009 &rarr; <strong>1058</strong><br />(+49 for winning)\n","uploadtime":1788276262,"views":"5","formatid":"gen9championsvgc2026regmbbo3","rating":1058,"private":0,"password":null}