{"id":"gen9championsvgc2026regmb-2674711659","format":"[Gen 9 Champions] VGC 2026 Reg M-B","players":["randomtieflinggirl","urki65"],"log":"|j|☆randomtieflinggirl\n|j|☆urki65\n|t:|1788394331\n|gametype|doubles\n|player|p1|randomtieflinggirl|170|1236\n|player|p2|urki65|1|1175\n|gen|9\n|tier|[Gen 9 Champions] VGC 2026 Reg M-B\n|rated|\n|rule|Species Clause: Limit one of each Pokémon\n|rule|Item Clause: Limit 1 of each item\n|clearpoke\n|poke|p1|Lycanroc-Dusk, L50, F|\n|poke|p1|Froslass, L50, F|\n|poke|p1|Scovillain, L50, M|\n|poke|p1|Basculegion, L50, M|\n|poke|p1|Kingambit, L50, F|\n|poke|p1|Sneasler, L50, M|\n|poke|p2|Incineroar, L50, F, shiny|\n|poke|p2|Toxapex, L50, F, shiny|\n|poke|p2|Garchomp, L50, M|\n|poke|p2|Charizard, L50, M, shiny|\n|poke|p2|Venusaur, L50, F, shiny|\n|poke|p2|Sylveon, L50, M, shiny|\n|teampreview|4\nrandomtieflinggirl has agreed to open team sheets.\n|\n|t:|1788394378\n|teamsize|p1|4\n|teamsize|p2|4\n|start\n|switch|p1a: Scovillain|Scovillain, L50, M|100/100\n|switch|p1b: Lycanroc|Lycanroc-Dusk, L50, F|100/100\n|switch|p2a: Charizard|Charizard, L50, M, shiny|100/100\n|switch|p2b: Toxapex|Toxapex, L50, F, shiny|100/100\n|turn|1\n|\n|t:|1788394415\n|detailschange|p1a: Scovillain|Scovillain-Mega, L50, M\n|-mega|p1a: Scovillain|Scovillain|Scovillainite\n|move|p2a: Charizard|Protect|p2a: Charizard\n|-singleturn|p2a: Charizard|Protect\n|move|p1b: Lycanroc|Rock Slide|p2a: Charizard|[spread] p2b\n|-activate|p2a: Charizard|move: Protect\n|-damage|p2b: Toxapex|80/100\n|move|p1a: Scovillain|Giga Drain|p2b: Toxapex\n|-damage|p2b: Toxapex|54/100\n|cant|p2b: Toxapex|flinch\n|\n|-heal|p2b: Toxapex|60/100|[from] item: Leftovers\n|upkeep\n|turn|2\n|\n|t:|1788394443\n|switch|p2a: Incineroar|Incineroar, L50, F, shiny|100/100\n|-ability|p2a: Incineroar|Intimidate|boost\n|-unboost|p1a: Scovillain|atk|1\n|-unboost|p1b: Lycanroc|atk|1\n|move|p1a: Scovillain|Rage Powder|p1a: Scovillain\n|-singleturn|p1a: Scovillain|move: Rage Powder\n|move|p1b: Lycanroc|Accelerock|p2a: Incineroar\n|-supereffective|p2a: Incineroar|1\n|-damage|p2a: Incineroar|72/100\n|move|p2b: Toxapex|Infestation|p1a: Scovillain\n|-damage|p1a: Scovillain|96/100\n|-activate|p1a: Scovillain|move: Infestation|[of] p2b: Toxapex\n|-status|p2b: Toxapex|brn|[from] ability: Spicy Spray|[of] p1a: Scovillain\n|\n|-heal|p2b: Toxapex|66/100 brn|[from] item: Leftovers\n|-damage|p2b: Toxapex|60/100 brn|[from] brn\n|-damage|p1a: Scovillain|84/100|[from] move: Infestation|[partiallytrapped]\n|upkeep\n|turn|3\n|inactive|Battle timer is ON: inactive players will automatically lose when time's up. (requested by urki65)\n|\n|t:|1788394468\n|move|p1a: Scovillain|Protect|p1a: Scovillain\n|-singleturn|p1a: Scovillain|Protect\n|move|p2a: Incineroar|Fake Out|p1a: Scovillain\n|-activate|p1a: Scovillain|move: Protect\n|move|p1b: Lycanroc|Close Combat|p2a: Incineroar\n|-supereffective|p2a: Incineroar|1\n|-crit|p2a: Incineroar\n|-damage|p2a: Incineroar|0 fnt\n|-unboost|p1b: Lycanroc|def|1\n|-unboost|p1b: Lycanroc|spd|1\n|faint|p2a: Incineroar\n|move|p2b: Toxapex|Toxic|p1b: Lycanroc\n|-status|p1b: Lycanroc|tox\n|\n|-heal|p2b: Toxapex|66/100 brn|[from] item: Leftovers\n|-damage|p1b: Lycanroc|94/100 tox|[from] psn\n|-damage|p2b: Toxapex|60/100 brn|[from] brn\n|-damage|p1a: Scovillain|72/100|[from] move: Infestation|[partiallytrapped]\n|upkeep\n|\n|t:|1788394473\n|switch|p2a: Garchomp|Garchomp, L50, M|100/100\n|turn|4\n|\n|t:|1788394493\n|switch|p2a: Charizard|Charizard, L50, M, shiny|100/100\n|move|p1b: Lycanroc|Protect|p1b: Lycanroc\n|-singleturn|p1b: Lycanroc|Protect\n|move|p1a: Scovillain|Rage Powder|p1a: Scovillain\n|-singleturn|p1a: Scovillain|move: Rage Powder\n|move|p2b: Toxapex|Toxic|p1a: Scovillain\n|-status|p1a: Scovillain|tox\n|\n|-heal|p2b: Toxapex|66/100 brn|[from] item: Leftovers\n|-damage|p1b: Lycanroc|82/100 tox|[from] psn\n|-damage|p1a: Scovillain|66/100 tox|[from] psn\n|-damage|p2b: Toxapex|60/100 brn|[from] brn\n|-damage|p1a: Scovillain|54/100 tox|[from] move: Infestation|[partiallytrapped]\n|upkeep\n|turn|5\n|inactive|randomtieflinggirl has 30 seconds left.\n|inactive|randomtieflinggirl has 20 seconds left.\n|inactive|randomtieflinggirl has 15 seconds left.\n|\n|t:|1788394534\n|switch|p2a: Garchomp|Garchomp, L50, M|100/100\n|switch|p1b: Sneasler|Sneasler, L50, M|100/100\n|move|p1a: Scovillain|Giga Drain|p2b: Toxapex\n|-damage|p2b: Toxapex|35/100 brn\n|-heal|p1a: Scovillain|65/100 tox|[from] drain|[of] p2b: Toxapex\n|move|p2b: Toxapex|Infestation|p1b: Sneasler\n|-resisted|p1b: Sneasler|2\n|-damage|p1b: Sneasler|99/100\n|-activate|p1b: Sneasler|move: Infestation|[of] p2b: Toxapex\n|\n|-heal|p2b: Toxapex|41/100 brn|[from] item: Leftovers\n|-damage|p1a: Scovillain|54/100 tox|[from] psn\n|-damage|p2b: Toxapex|35/100 brn|[from] brn\n|-damage|p1b: Sneasler|87/100|[from] move: Infestation|[partiallytrapped]\n|-damage|p1a: Scovillain|41/100 tox|[from] move: Infestation|[partiallytrapped]\n|upkeep\n|turn|6\n|\n|t:|1788394557\n|switch|p2a: Charizard|Charizard, L50, M, shiny|100/100\n|move|p1b: Sneasler|Protect|p1b: Sneasler\n|-singleturn|p1b: Sneasler|Protect\n|move|p2b: Toxapex|Baneful Bunker|p2b: Toxapex\n|-singleturn|p2b: Toxapex|move: Protect\n|move|p1a: Scovillain|Giga Drain|p2b: Toxapex\n|-activate|p2b: Toxapex|move: Protect\n|\n|-heal|p2b: Toxapex|41/100 brn|[from] item: Leftovers\n|-damage|p1a: Scovillain|24/100 tox|[from] psn\n|-damage|p2b: Toxapex|35/100 brn|[from] brn\n|-damage|p1b: Sneasler|75/100|[from] move: Infestation|[partiallytrapped]\n|-end|p1a: Scovillain|Infestation|[partiallytrapped]\n|upkeep\n|turn|7\n|inactive|randomtieflinggirl has 30 seconds left.\n|\n|t:|1788394588\n|switch|p1a: Kingambit|Kingambit, L50, F|100/100\n|-heal|p2b: Toxapex|68/100 brn|[from] ability: Regenerator|[silent]\n|switch|p2b: Garchomp|Garchomp, L50, M|100/100\n|detailschange|p2a: Charizard|Charizard-Mega-Y, L50, M, shiny\n|-mega|p2a: Charizard|Charizard|Charizardite Y\n|-weather|SunnyDay|[from] ability: Drought|[of] p2a: Charizard\n|move|p2a: Charizard|Heat Wave|p1a: Kingambit|[spread] p1a,p1b\n|-supereffective|p1a: Kingambit|1\n|-damage|p1a: Kingambit|0 fnt\n|-damage|p1b: Sneasler|0 fnt\n|faint|p1a: Kingambit\n|faint|p1b: Sneasler\n|\n|-weather|SunnyDay|[upkeep]\n|upkeep\n|\n|t:|1788394603\n|switch|p1b: Lycanroc|Lycanroc-Dusk, L50, F|82/100 tox\n|switch|p1a: Scovillain|Scovillain-Mega, L50, M|24/100 tox\n|turn|8\n|\n|t:|1788394611\n|move|p2b: Garchomp|Earthquake|p1a: Scovillain|[spread] p1a,p1b\n|-immune|p2a: Charizard\n|-supereffective|p1b: Lycanroc|1\n|-damage|p1a: Scovillain|0 fnt\n|-damage|p1b: Lycanroc|0 fnt\n|-status|p2b: Garchomp|brn|[from] ability: Spicy Spray|[of] p1a: Scovillain\n|faint|p1a: Scovillain\n|faint|p1b: Lycanroc\n|\n|win|urki65\n|raw|randomtieflinggirl's rating: 1236 &rarr; <strong>1207</strong><br />(-29 for losing)\n|raw|urki65's rating: 1175 &rarr; <strong>1204</strong><br />(+29 for winning)\n|c|☆randomtieflinggirl|gg\n|l|☆urki65\n|player|p2|\n","uploadtime":1788394628,"views":"0","formatid":"gen9championsvgc2026regmb","rating":1204,"private":0,"password":null}