{"id":"gen9championsvgc2026regmb-2674847156","format":"[Gen 9 Champions] VGC 2026 Reg M-B","players":["Snowball_seer","khxpana"],"log":"|j|☆Snowball_seer\n|j|☆khxpana\n|t:|1788420175\n|gametype|doubles\n|player|p1|Snowball_seer|allister-masters|1616\n|player|p2|khxpana|101|1668\n|gen|9\n|tier|[Gen 9 Champions] VGC 2026 Reg M-B\n|rated|\n|rule|Species Clause: Limit one of each Pokémon\n|rule|Item Clause: Limit 1 of each item\n|clearpoke\n|poke|p1|Mawile, L50, M, shiny|\n|poke|p1|Farigiraf, L50, M|\n|poke|p1|Incineroar, L50, M|\n|poke|p1|Basculegion, L50, M|\n|poke|p1|Ninetales-Alola, L50, F|\n|poke|p1|Raichu, L50, F|\n|poke|p2|Venusaur, L50, M|\n|poke|p2|Charizard, L50, M|\n|poke|p2|Grimmsnarl, L50, M|\n|poke|p2|Archaludon, L50, F|\n|poke|p2|Swampert, L50, M|\n|poke|p2|Pelipper, L50, F|\n|teampreview|4\n|inactive|Battle timer is ON: inactive players will automatically lose when time's up. (requested by Snowball_seer)\n|inactive|Snowball_seer has 60 seconds left.\n|inactive|khxpana has 60 seconds left.\n|\n|t:|1788420226\n|teamsize|p1|4\n|teamsize|p2|4\n|start\n|switch|p1a: Raichu|Raichu, L50, F|100/100\n|switch|p1b: Incineroar|Incineroar, L50, M|100/100\n|switch|p2a: Archaludon|Archaludon, L50, F|100/100\n|switch|p2b: Grimmsnarl|Grimmsnarl, L50, M|100/100\n|-ability|p1b: Incineroar|Intimidate|boost\n|-unboost|p2a: Archaludon|atk|1\n|-unboost|p2b: Grimmsnarl|atk|1\n|turn|1\n|\n|t:|1788420244\n|move|p2a: Archaludon|Protect|p2a: Archaludon\n|-singleturn|p2a: Archaludon|Protect\n|move|p1a: Raichu|Fake Out|p2b: Grimmsnarl\n|-damage|p2b: Grimmsnarl|92/100\n|cant|p2b: Grimmsnarl|flinch\n|move|p1b: Incineroar|Parting Shot|p2a: Archaludon\n|-activate|p2a: Archaludon|move: Protect\n|\n|upkeep\n|turn|2\n|inactive|Snowball_seer has 30 seconds left.\n|\n|t:|1788420271\n|detailschange|p1a: Raichu|Raichu-Mega-Y, L50, F\n|-mega|p1a: Raichu|Raichu|Raichunite Y\n|move|p2b: Grimmsnarl|Light Screen|p2b: Grimmsnarl\n|-sidestart|p2: khxpana|move: Light Screen\n|move|p1a: Raichu|Zap Cannon|p2a: Archaludon\n|-resisted|p2a: Archaludon|1\n|-crit|p2a: Archaludon\n|-damage|p2a: Archaludon|59/100\n|-status|p2a: Archaludon|par\n|-ability|p2a: Archaludon|Stamina|boost\n|-boost|p2a: Archaludon|def|1\n|move|p1b: Incineroar|Parting Shot|p2a: Archaludon\n|-unboost|p2a: Archaludon|atk|1\n|-unboost|p2a: Archaludon|spa|1\n|\n|t:|1788420277\n|switch|p1b: Basculegion|Basculegion, L50, M|100/100|[from] Parting Shot\n|move|p2a: Archaludon|Dragon Pulse|p1a: Raichu\n|-damage|p1a: Raichu|70/100\n|\n|-heal|p2a: Archaludon|65/100 par|[from] item: Leftovers\n|upkeep\n|turn|3\n|\n|t:|1788420300\n|move|p2a: Archaludon|Protect|p2a: Archaludon\n|-singleturn|p2a: Archaludon|Protect\n|move|p2b: Grimmsnarl|Reflect|p2b: Grimmsnarl\n|-sidestart|p2: khxpana|Reflect\n|move|p1b: Basculegion|Flip Turn|p2b: Grimmsnarl\n|-damage|p2b: Grimmsnarl|64/100\n|\n|t:|1788420303\n|switch|p1b: Incineroar|Incineroar, L50, M|100/100|[from] Flip Turn\n|-ability|p1b: Incineroar|Intimidate|boost\n|-unboost|p2a: Archaludon|atk|1\n|-unboost|p2b: Grimmsnarl|atk|1\n|move|p1a: Raichu|Focus Blast|p2a: Archaludon\n|-activate|p2a: Archaludon|move: Protect\n|\n|-heal|p2a: Archaludon|72/100 par|[from] item: Leftovers\n|upkeep\n|turn|4\n|\n|t:|1788420316\n|move|p2b: Grimmsnarl|Parting Shot|p1a: Raichu\n|-unboost|p1a: Raichu|atk|1\n|-unboost|p1a: Raichu|spa|1\n|\n|t:|1788420319\n|switch|p2b: Pelipper|Pelipper, L50, F|100/100|[from] Parting Shot\n|-weather|RainDance|[from] ability: Drizzle|[of] p2b: Pelipper\n|move|p1a: Raichu|Focus Blast|p2a: Archaludon\n|-supereffective|p2a: Archaludon|1\n|-damage|p2a: Archaludon|41/100 par\n|-ability|p2a: Archaludon|Stamina|boost\n|-boost|p2a: Archaludon|def|1\n|move|p1b: Incineroar|Parting Shot|p2b: Pelipper\n|-unboost|p2b: Pelipper|atk|1\n|-unboost|p2b: Pelipper|spa|1\n|\n|t:|1788420323\n|switch|p1b: Ninetales|Ninetales-Alola, L50, F|100/100|[from] Parting Shot\n|-weather|Snowscape|[from] ability: Snow Warning|[of] p1b: Ninetales\n|move|p2a: Archaludon|Electro Shot||[still]\n|-prepare|p2a: Archaludon|Electro Shot\n|-boost|p2a: Archaludon|spa|1\n|\n|-weather|Snowscape|[upkeep]\n|-heal|p2a: Archaludon|47/100 par|[from] item: Leftovers\n|upkeep\n|turn|5\n|\n|t:|1788420341\n|switch|p2b: Swampert|Swampert, L50, M|100/100\n|move|p1a: Raichu|Focus Blast|p2a: Archaludon\n|-supereffective|p2a: Archaludon|1\n|-damage|p2a: Archaludon|14/100 par\n|-ability|p2a: Archaludon|Stamina|boost\n|-boost|p2a: Archaludon|def|1\n|move|p1b: Ninetales|Freeze-Dry|p2b: Swampert\n|-supereffective|p2b: Swampert|2\n|-damage|p2b: Swampert|17/100\n|move|p2a: Archaludon|Electro Shot|p1b: Ninetales|[from] lockedmove\n|-damage|p1b: Ninetales|62/100\n|\n|-weather|Snowscape|[upkeep]\n|-heal|p2a: Archaludon|20/100y par|[from] item: Leftovers\n|upkeep\n|turn|6\n|\n|t:|1788420360\n|switch|p1b: Incineroar|Incineroar, L50, M|100/100\n|-ability|p1b: Incineroar|Intimidate|boost\n|-unboost|p2a: Archaludon|atk|1\n|-unboost|p2b: Swampert|atk|1\n|switch|p2a: Pelipper|Pelipper, L50, F|100/100\n|-weather|RainDance|[from] ability: Drizzle|[of] p2a: Pelipper\n|detailschange|p2b: Swampert|Swampert-Mega, L50, M\n|-mega|p2b: Swampert|Swampert|Swampertite\n|move|p1a: Raichu|Protect|p1a: Raichu\n|-singleturn|p1a: Raichu|Protect\n|move|p2b: Swampert|Earthquake|p1b: Incineroar|[spread] p1b\n|-activate|p1a: Raichu|move: Protect\n|-immune|p2a: Pelipper\n|-supereffective|p1b: Incineroar|1\n|-damage|p1b: Incineroar|37/100\n|\n|-weather|RainDance|[upkeep]\n|upkeep\n|turn|7\n|inactive|khxpana has 30 seconds left.\n|\n|t:|1788420392\n|switch|p2a: Archaludon|Archaludon, L50, F|20/100y par\n|move|p2b: Swampert|Protect|p2b: Swampert\n|-singleturn|p2b: Swampert|Protect\n|move|p1b: Incineroar|Fake Out|p2b: Swampert\n|-activate|p2b: Swampert|move: Protect\n|move|p1a: Raichu|Zap Cannon|p2a: Archaludon\n|-resisted|p2a: Archaludon|1\n|-damage|p2a: Archaludon|8/100 par\n|-ability|p2a: Archaludon|Stamina|boost\n|-boost|p2a: Archaludon|def|1\n|\n|-weather|RainDance|[upkeep]\n|-heal|p2a: Archaludon|14/100 par|[from] item: Leftovers\n|upkeep\n|turn|8\n|inactive|Snowball_seer has 30 seconds left.\n|\n|t:|1788420421\n|switch|p1b: Basculegion|Basculegion, L50, M|100/100\n|move|p1a: Raichu|Protect|p1a: Raichu\n|-singleturn|p1a: Raichu|Protect\n|move|p2a: Archaludon|Protect|p2a: Archaludon\n|-singleturn|p2a: Archaludon|Protect\n|move|p2b: Swampert|Earthquake|p1a: Raichu|[spread] p1b\n|-activate|p2a: Archaludon|move: Protect\n|-activate|p1a: Raichu|move: Protect\n|-damage|p1b: Basculegion|58/100\n|\n|-weather|RainDance|[upkeep]\n|-heal|p2a: Archaludon|20/100y par|[from] item: Leftovers\n|upkeep\n|turn|9\n|\n|t:|1788420440\n|move|p1b: Basculegion|Aqua Jet|p2b: Swampert\n|-damage|p2b: Swampert|0 fnt\n|faint|p2b: Swampert\n|move|p1a: Raichu|Focus Blast|p2a: Archaludon\n|-supereffective|p2a: Archaludon|1\n|-damage|p2a: Archaludon|0 fnt\n|faint|p2a: Archaludon\n|\n|-weather|RainDance|[upkeep]\n|-sideend|p2: khxpana|move: Light Screen\n|upkeep\n|-message|khxpana forfeited.\n|\n|win|Snowball_seer\n|raw|Snowball_seer's rating: 1616 &rarr; <strong>1639</strong><br />(+23 for winning)\n|raw|khxpana's rating: 1668 &rarr; <strong>1645</strong><br />(-23 for losing)\n|l|☆khxpana\n|player|p2|\n","uploadtime":1788420448,"views":"1","formatid":"gen9championsvgc2026regmb","rating":1639,"private":0,"password":null}