{"id":"gen9championsvgc2026regmb-2674110239","format":"[Gen 9 Champions] VGC 2026 Reg M-B","players":["Dundle","TeamPlasmaGrunt704"],"log":"|j|☆Dundle\n|j|☆TeamPlasmaGrunt704\n|t:|1788300565\n|gametype|doubles\n|player|p1|Dundle|1|1215\n|player|p2|TeamPlasmaGrunt704|plasmagrunt|1153\n|gen|9\n|tier|[Gen 9 Champions] VGC 2026 Reg M-B\n|rated|\n|rule|Species Clause: Limit one of each Pokémon\n|rule|Item Clause: Limit 1 of each item\n|clearpoke\n|poke|p1|Pyroar, L50, M|\n|poke|p1|Ninetales, L50, F|\n|poke|p1|Whimsicott, L50, M|\n|poke|p1|Floette-Eternal, L50, F|\n|poke|p1|Basculegion, L50, M|\n|poke|p1|Farigiraf, L50, M|\n|poke|p2|Tyranitar, L50, M, shiny|\n|poke|p2|Sableye, L50, F|\n|poke|p2|Aegislash, L50, F|\n|poke|p2|Garchomp, L50, F|\n|poke|p2|Garganacl, L50, M|\n|poke|p2|Glimmora, L50, F|\n|teampreview|4\n|inactive|Battle timer is ON: inactive players will automatically lose when time's up. (requested by TeamPlasmaGrunt704)\n|\n|t:|1788300585\n|teamsize|p1|4\n|teamsize|p2|4\n|start\n|switch|p1a: Farigiraf|Farigiraf, L50, M|100/100\n|switch|p1b: Ninetales|Ninetales, L50, F|100/100\n|switch|p2a: Tyranitar|Tyranitar, L50, M, shiny|100/100\n|switch|p2b: Garganacl|Garganacl, L50, M|100/100\n|-weather|SunnyDay|[from] ability: Drought|[of] p1b: Ninetales\n|-weather|Sandstorm|[from] ability: Sand Stream|[of] p2a: Tyranitar\n|turn|1\n|\n|t:|1788300602\n|switch|p1b: Basculegion|Basculegion, L50, M|100/100\n|switch|p1a: Floette|Floette-Eternal, L50, F|100/100\n|move|p2a: Tyranitar|Rock Slide|p1a: Floette|[spread] p1a,p1b\n|-damage|p1a: Floette|46/100\n|-damage|p1b: Basculegion|61/100\n|move|p2b: Garganacl|Iron Defense|p2b: Garganacl\n|-boost|p2b: Garganacl|def|2\n|\n|-weather|Sandstorm|[upkeep]\n|-damage|p1a: Floette|40/100|[from] Sandstorm\n|-damage|p1b: Basculegion|55/100|[from] Sandstorm\n|upkeep\n|turn|2\n|inactive|TeamPlasmaGrunt704 has 30 seconds left.\n|inactive|Dundle has 30 seconds left.\n|\n|t:|1788300632\n|detailschange|p1a: Floette|Floette-Mega, L50, F\n|-mega|p1a: Floette|Floette|Floettite\n|-ability|p1a: Floette|Fairy Aura\n|move|p2b: Garganacl|Wide Guard|p2b: Garganacl\n|-singleturn|p2b: Garganacl|Wide Guard\n|move|p1a: Floette|Moonblast|p2b: Garganacl\n|-damage|p2b: Garganacl|52/100\n|move|p1b: Basculegion|Wave Crash|p2b: Garganacl\n|-supereffective|p2b: Garganacl|1\n|-crit|p2b: Garganacl\n|-damage|p2b: Garganacl|0 fnt\n|faint|p2b: Garganacl\n|-damage|p1b: Basculegion|37/100|[from] Recoil\n|-damage|p1b: Basculegion|28/100|[from] item: Life Orb\n|move|p2a: Tyranitar|Knock Off|p1b: Basculegion\n|-supereffective|p1b: Basculegion|1\n|-damage|p1b: Basculegion|0 fnt\n|-enditem|p1b: Basculegion|Life Orb|[from] move: Knock Off|[of] p2a: Tyranitar\n|faint|p1b: Basculegion\n|\n|-weather|Sandstorm|[upkeep]\n|-damage|p1a: Floette|34/100|[from] Sandstorm\n|upkeep\n|\n|t:|1788300650\n|switch|p1b: Ninetales|Ninetales, L50, F|100/100\n|switch|p2b: Sableye|Sableye, L50, F|100/100\n|-weather|SunnyDay|[from] ability: Drought|[of] p1b: Ninetales\n|turn|3\n|\n|t:|1788300662\n|detailschange|p2a: Tyranitar|Tyranitar-Mega, L50, M, shiny\n|-mega|p2a: Tyranitar|Tyranitar|Tyranitarite\n|-weather|Sandstorm|[from] ability: Sand Stream|[of] p2a: Tyranitar\n|move|p2b: Sableye|Disable|p1a: Floette\n|-start|p1a: Floette|Disable|Moonblast\n|move|p1b: Ninetales|Heat Wave|p2a: Tyranitar|[spread] p2a,p2b\n|-resisted|p2a: Tyranitar|1\n|-damage|p2a: Tyranitar|93/100\n|-damage|p2b: Sableye|65/100\n|move|p1a: Floette|Light of Ruin|p2a: Tyranitar\n|-supereffective|p2a: Tyranitar|1\n|-damage|p2a: Tyranitar|0 fnt\n|faint|p2a: Tyranitar\n|-damage|p1a: Floette|0 fnt|[from] Recoil\n|faint|p1a: Floette\n|\n|-weather|Sandstorm|[upkeep]\n|-damage|p1b: Ninetales|94/100|[from] Sandstorm\n|-damage|p2b: Sableye|59/100|[from] Sandstorm\n|upkeep\n|n|!TeamPlasmaGrunt704|teamplasmagrunt704\n|\n|t:|1788300682\n|switch|p1a: Farigiraf|Farigiraf, L50, M|100/100\n|switch|p2a: Aegislash|Aegislash, L50, F|100/100\n|turn|4\n|\n|t:|1788300689\n|move|p1a: Farigiraf|Helping Hand|p1b: Ninetales\n|-singleturn|p1b: Ninetales|Helping Hand|[of] p1a: Farigiraf\n|move|p2b: Sableye|Disable||[still]\n|cant|p1a: Farigiraf|ability: Armor Tail|Disable|[of] p2b: Sableye\n|move|p1b: Ninetales|Heat Wave|p2b: Sableye|[spread] p2a,p2b\n|-supereffective|p2a: Aegislash|1\n|-damage|p2a: Aegislash|37/100\n|-damage|p2b: Sableye|14/100\n|-enditem|p2b: Sableye|Sitrus Berry|[eat]\n|-heal|p2b: Sableye|38/100|[from] item: Sitrus Berry\n|-formechange|p2a: Aegislash|Aegislash-Blade|\n|move|p2a: Aegislash|Shadow Ball|p1b: Ninetales\n|-damage|p1b: Ninetales|50/100y\n|\n|-weather|Sandstorm|[upkeep]\n|-damage|p1b: Ninetales|44/100|[from] Sandstorm\n|-damage|p1a: Farigiraf|94/100|[from] Sandstorm\n|-damage|p2b: Sableye|33/100|[from] Sandstorm\n|-heal|p2a: Aegislash|43/100|[from] item: Leftovers\n|upkeep\n|turn|5\n|\n|t:|1788300698\n|move|p1a: Farigiraf|Helping Hand|p1b: Ninetales\n|-singleturn|p1b: Ninetales|Helping Hand|[of] p1a: Farigiraf\n|move|p2b: Sableye|Protect|p2b: Sableye\n|-singleturn|p2b: Sableye|Protect\n|-formechange|p2a: Aegislash|Aegislash|\n|move|p2a: Aegislash|King's Shield|p2a: Aegislash\n|-singleturn|p2a: Aegislash|Protect\n|move|p1b: Ninetales|Heat Wave|p2b: Sableye|[spread] \n|-activate|p2a: Aegislash|move: Protect\n|-activate|p2b: Sableye|move: Protect\n|\n|-weather|Sandstorm|[upkeep]\n|-damage|p1b: Ninetales|38/100|[from] Sandstorm\n|-damage|p1a: Farigiraf|88/100|[from] Sandstorm\n|-damage|p2b: Sableye|27/100|[from] Sandstorm\n|-heal|p2a: Aegislash|49/100|[from] item: Leftovers\n|upkeep\n|turn|6\n|-message|TeamPlasmaGrunt704 forfeited.\n|\n|win|Dundle\n","uploadtime":1788300677,"views":"1","formatid":"gen9championsvgc2026regmb","rating":null,"private":0,"password":null}