{"id":"gen9championsvgc2026regmbbo3-2674984262","format":"[Gen 9 Champions] VGC 2026 Reg M-B (Bo3)","players":["veryreally","xClide92"],"log":"|j|☆veryreally\n|j|☆xClide92\n|html|<table width=\"100%\"><tr><td align=\"left\">veryreally</td><td align=\"right\">xClide92</tr><tr><td align=\"left\"><i class=\"fa fa-circle-o\"></i> <i class=\"fa fa-circle-o\"></i> </td><td align=\"right\"><i class=\"fa fa-circle-o\"></i> <i class=\"fa fa-circle\"></i> </tr></table>\n|uhtml|bestof|<h2><strong>Game 2</strong> of <a href=\"/game-bestof3-gen9championsvgc2026regmbbo3-2674981495\">a best-of-3</a></h2>\n|t:|1788445266\n|gametype|doubles\n|player|p1|veryreally|265|1187\n|player|p2|xClide92|buck|1240\n|gen|9\n|tier|[Gen 9 Champions] VGC 2026 Reg M-B (Bo3)\n|rated|\n|rule|Species Clause: Limit one of each Pokémon\n|rule|Item Clause: Limit 1 of each item\n|clearpoke\n|poke|p1|Swampert, L50, F|\n|poke|p1|Gengar, L50, F|\n|poke|p1|Incineroar, L50, M|\n|poke|p1|Ninetales-Alola, L50, M|\n|poke|p1|Sneasler, L50, F|\n|poke|p1|Dragonite, L50, F|\n|poke|p2|Staraptor, L50, M|\n|poke|p2|Arcanine-Hisui, L50, M|\n|poke|p2|Kingambit, L50, M|\n|poke|p2|Sylveon, L50, F|\n|poke|p2|Raichu, L50, M|\n|poke|p2|Farigiraf, L50, M|\n|teampreview|4\n|showteam|p1|Swampert||Leftovers|Torrent|FlipTurn,HighHorsepower,Protect,Yawn|Brave||F|||50|]Gengar||Gengarite|CursedBody|SludgeBomb,ShadowBall,Protect,Substitute|Modest||F|||50|]Incineroar||SitrusBerry|Intimidate|FakeOut,ThroatChop,PartingShot,FlareBlitz|Impish||M|||50|]Ninetales-Alola||ChoiceScarf|SnowWarning|Blizzard,IcyWind,Encore,FreezeDry|Timid||M|||50|]Sneasler||FocusSash|Unburden|CloseCombat,RockSlide,Protect,DireClaw|Adamant||F|||50|]Dragonite||LifeOrb|InnerFocus|DragonClaw,ExtremeSpeed,Protect,Superpower|Adamant||F|||50|\n|showteam|p2|Staraptor||Staraptite|Intimidate|DualWingbeat,CloseCombat,Tailwind,Protect|Jolly||M|||50|]Arcanine-Hisui||FocusSash|RockHead|FlareBlitz,RockSlide,ExtremeSpeed,Protect|Jolly||M|||50|]Kingambit||LifeOrb|Defiant|KowtowCleave,SuckerPunch,SwordsDance,Protect|Adamant||M|||50|]Sylveon||FairyFeather|Pixilate|HyperVoice,HyperBeam,QuickAttack,Detect|Modest||F|||50|]Raichu||RaichuniteY|LightningRod|Protect,FakeOut,ZapCannon,FocusBlast|Timid||M|||50|]Farigiraf||SitrusBerry|ArmorTail|Psychic,HelpingHand,TrickRoom,Protect|Calm||M|||50|\n|inactive|Battle timer is ON: inactive players will automatically lose when time's up. (requested by veryreally)\n|\n|t:|1788445292\n|teamsize|p1|4\n|teamsize|p2|4\n|start\n|switch|p1a: Swampert|Swampert, L50, F|100/100\n|switch|p1b: Gengar|Gengar, L50, F|100/100\n|switch|p2a: Staraptor|Staraptor, L50, M|100/100\n|switch|p2b: Kingambit|Kingambit, L50, M|100/100\n|-ability|p2a: Staraptor|Intimidate|boost\n|-unboost|p1a: Swampert|atk|1\n|-unboost|p1b: Gengar|atk|1\n|turn|1\n|\n|t:|1788445316\n|detailschange|p1b: Gengar|Gengar-Mega, L50, F\n|-mega|p1b: Gengar|Gengar|Gengarite\n|move|p1b: Gengar|Substitute|p1b: Gengar\n|-start|p1b: Gengar|Substitute\n|-damage|p1b: Gengar|75/100\n|move|p2a: Staraptor|Tailwind|p2a: Staraptor\n|-sidestart|p2: xClide92|move: Tailwind\n|move|p2b: Kingambit|Kowtow Cleave|p1b: Gengar\n|-supereffective|p1b: Gengar|1\n|-end|p1b: Gengar|Substitute\n|-damage|p2b: Kingambit|90/100|[from] item: Life Orb\n|move|p1a: Swampert|Yawn|p2b: Kingambit\n|-start|p2b: Kingambit|move: Yawn|[of] p1a: Swampert\n|\n|upkeep\n|turn|2\n|inactive|xClide92 has 30 seconds left.\n|\n|t:|1788445345\n|detailschange|p2a: Staraptor|Staraptor-Mega, L50, M\n|-mega|p2a: Staraptor|Staraptor|Staraptite\n|move|p1b: Gengar|Protect|p1b: Gengar\n|-singleturn|p1b: Gengar|Protect\n|move|p1a: Swampert|Protect|p1a: Swampert\n|-singleturn|p1a: Swampert|Protect\n|move|p2a: Staraptor|Close Combat|p1a: Swampert\n|-activate|p1a: Swampert|move: Protect\n|move|p2b: Kingambit|Kowtow Cleave|p1b: Gengar\n|-activate|p1b: Gengar|move: Protect\n|\n|-end|p2b: Kingambit|move: Yawn|[silent]\n|-status|p2b: Kingambit|slp\n|upkeep\n|turn|3\n|c|☆xClide92|nice\n|\n|t:|1788445369\n|move|p2a: Staraptor|Close Combat|p1a: Swampert\n|-damage|p1a: Swampert|47/100\n|-boost|p2a: Staraptor|def|1\n|-boost|p2a: Staraptor|spd|1\n|move|p1b: Gengar|Substitute|p1b: Gengar\n|-start|p1b: Gengar|Substitute\n|-damage|p1b: Gengar|50/100g\n|cant|p2b: Kingambit|slp\n|move|p1a: Swampert|Yawn|p2a: Staraptor\n|-start|p2a: Staraptor|move: Yawn|[of] p1a: Swampert\n|\n|-heal|p1a: Swampert|53/100|[from] item: Leftovers\n|upkeep\n|turn|4\n|inactive|xClide92 has 30 seconds left.\n|inactive|xClide92 has 20 seconds left.\n|\n|t:|1788445407\n|move|p1b: Gengar|Protect|p1b: Gengar\n|-singleturn|p1b: Gengar|Protect\n|move|p1a: Swampert|Protect|p1a: Swampert\n|-singleturn|p1a: Swampert|Protect\n|move|p2a: Staraptor|Close Combat|p1a: Swampert\n|-activate|p1a: Swampert|move: Protect\n|-curestatus|p2b: Kingambit|slp|[msg]\n|move|p2b: Kingambit|Kowtow Cleave|p1b: Gengar\n|-activate|p1b: Gengar|move: Protect\n|\n|-heal|p1a: Swampert|59/100|[from] item: Leftovers\n|-end|p2a: Staraptor|move: Yawn|[silent]\n|-status|p2a: Staraptor|slp\n|-sideend|p2: xClide92|move: Tailwind\n|upkeep\n|turn|5\n|\n|t:|1788445428\n|move|p1b: Gengar|Sludge Bomb|p2a: Staraptor\n|-damage|p2a: Staraptor|61/100 slp\n|cant|p2a: Staraptor|slp\n|move|p1a: Swampert|Flip Turn|p2a: Staraptor\n|-crit|p2a: Staraptor\n|-damage|p2a: Staraptor|19/100 slp\n|\n|t:|1788445435\n|switch|p1a: Sneasler|Sneasler, L50, F|100/100|[from] Flip Turn\n|move|p2b: Kingambit|Kowtow Cleave|p1b: Gengar\n|-supereffective|p1b: Gengar|1\n|-end|p1b: Gengar|Substitute\n|-damage|p2b: Kingambit|80/100|[from] item: Life Orb\n|\n|upkeep\n|turn|6\n|inactive|xClide92 has 30 seconds left.\n|\n|t:|1788445469\n|switch|p1b: Ninetales|Ninetales-Alola, L50, M|100/100\n|-weather|Snowscape|[from] ability: Snow Warning|[of] p1b: Ninetales\n|cant|p2a: Staraptor|slp\n|move|p1a: Sneasler|Close Combat|p2b: Kingambit\n|-supereffective|p2b: Kingambit|2\n|-damage|p2b: Kingambit|0 fnt\n|-unboost|p1a: Sneasler|def|1\n|-unboost|p1a: Sneasler|spd|1\n|faint|p2b: Kingambit\n|\n|-weather|Snowscape|[upkeep]\n|upkeep\n|c|☆xClide92|that second sleep hurt lol\n|\n|t:|1788445490\n|switch|p2b: Arcanine|Arcanine-Hisui, L50, M|100/100\n|turn|7\n|\n|t:|1788445501\n|move|p1b: Ninetales|Blizzard|p2a: Staraptor|[spread] p2a,p2b\n|-supereffective|p2a: Staraptor|1\n|-resisted|p2b: Arcanine|1\n|-damage|p2a: Staraptor|0 fnt\n|-damage|p2b: Arcanine|80/100\n|-status|p2b: Arcanine|frz\n|faint|p2a: Staraptor\n|move|p1a: Sneasler|Close Combat|p2b: Arcanine\n|-supereffective|p2b: Arcanine|1\n|-damage|p2b: Arcanine|0 fnt\n|-unboost|p1a: Sneasler|def|1\n|-unboost|p1a: Sneasler|spd|1\n|faint|p2b: Arcanine\n|\n|-weather|Snowscape|[upkeep]\n|upkeep\n|\n|t:|1788445519\n|switch|p2b: Sylveon|Sylveon, L50, F|100/100\n|turn|8\n|\n|t:|1788445524\n|move|p1b: Ninetales|Blizzard|p2b: Sylveon\n|-damage|p2b: Sylveon|70/100\n|move|p1a: Sneasler|Dire Claw|p2b: Sylveon\n|-supereffective|p2b: Sylveon|1\n|-damage|p2b: Sylveon|0 fnt\n|faint|p2b: Sylveon\n|\n|win|veryreally\n|j| trestkon\n|l|☆veryreally\n|player|p1|\n||veryreally is ready for game 3.\n||xClide92 is ready for game 3.\n|uhtml|next|Next: <a href=\"/battle-gen9championsvgc2026regmbbo3-2674986441\"><strong>Game 3 of 3</strong></a>\n","uploadtime":1788445537,"views":"5","formatid":"gen9championsvgc2026regmbbo3","rating":null,"private":0,"password":null}