{"id":"gen9championsvgc2026regmb-2673983226","format":"[Gen 9 Champions] VGC 2026 Reg M-B","players":["AthenaStrive9","realpan trust"],"log":"|j|☆AthenaStrive9\n|j|☆realpan trust\n|t:|1788284714\n|gametype|doubles\n|player|p1|AthenaStrive9|#athenastrive9|\n|player|p2|realpan trust|cheryl|\n|gen|9\n|tier|[Gen 9 Champions] VGC 2026 Reg M-B\n|rated|Tournament battle\n|rule|Species Clause: Limit one of each Pokémon\n|rule|Item Clause: Limit 1 of each item\n|raw|<div class=\"infobox\"><details class=\"readmore\" open><summary><strong>1 custom rule:</strong></summary> Force Open Team Sheets</details></div>\n|clearpoke\n|poke|p1|Staraptor, L50, F|\n|poke|p1|Kingambit, L50, M|\n|poke|p1|Farigiraf, L50, F|\n|poke|p1|Arcanine-Hisui, L50, F|\n|poke|p1|Basculegion, L50, M|\n|poke|p1|Scovillain, L50, M|\n|poke|p2|Staraptor, L50, M, shiny|\n|poke|p2|Whimsicott, L50, F, shiny|\n|poke|p2|Gholdengo, L50, shiny|\n|poke|p2|Hydreigon, L50, F|\n|poke|p2|Swampert, L50, M|\n|poke|p2|Ceruledge, L50, F|\n|teampreview|4\n|showteam|p1|Staraptor||Staraptite|Intimidate|Protect,CloseCombat,BraveBird,Tailwind|Jolly||F|||50|]Kingambit||BlackGlasses|Defiant|Protect,KowtowCleave,LowKick,SuckerPunch|Adamant||M|||50|]Farigiraf||SitrusBerry|ArmorTail|HyperVoice,TwinBeam,NastyPlot,TrickRoom|Bold||F|||50|]Arcanine-Hisui||FocusSash|RockHead|Protect,FlareBlitz,HeadSmash,ExtremeSpeed|Jolly||F|||50|]Basculegion||LifeOrb|Adaptability|Protect,WaveCrash,LastRespects,AquaJet|Adamant||M|||50|]Scovillain||Scovillainite|Chlorophyll|Protect,Overheat,GigaDrain,RagePowder|Calm||M|||50|\n|showteam|p2|Staraptor||Staraptite|Intimidate|CloseCombat,BraveBird,Roost,Protect|Jolly||M|||50|]Whimsicott||FocusSash|Prankster|Moonblast,Tailwind,Encore,Charm|Timid||F|||50|]Gholdengo||LifeOrb|GoodasGold|MakeItRain,ShadowBall,PowerGem,Protect|Modest|||||50|]Hydreigon||ChoiceScarf|Levitate|DarkPulse,DracoMeteor,EarthPower,Snarl|Modest||F|||50|]Swampert||SitrusBerry|Torrent|WaveCrash,HighHorsepower,IcePunch,Protect|Adamant||M|||50|]Ceruledge||ColburBerry|FlashFire|BitterBlade,BulkUp,ShadowSneak,Protect|Adamant||F|||50|\n|j| testing3344\n|c|☆realpan trust|glhf\n|l| testing3344\n|j| Cdogp\n|c|☆AthenaStrive9|hf :3\n|j| br0ken heart ❤️\n|\n|t:|1788284800\n|teamsize|p1|4\n|teamsize|p2|4\n|start\n|switch|p1a: Farigiraf|Farigiraf, L50, F|100/100\n|switch|p1b: Scovillain|Scovillain, L50, M|100/100\n|switch|p2a: Hydreigon|Hydreigon, L50, F|100/100\n|switch|p2b: Ceruledge|Ceruledge, L50, F|100/100\n|turn|1\n|l| Cdogp\n|inactive|Battle timer is ON: inactive players will automatically lose when time's up. (requested by realpan trust)\n|inactiveoff|Battle timer is now OFF.\n|\n|t:|1788284841\n|switch|p1a: Arcanine|Arcanine-Hisui, L50, F|100/100\n|detailschange|p1b: Scovillain|Scovillain-Mega, L50, M\n|-mega|p1b: Scovillain|Scovillain|Scovillainite\n|move|p1b: Scovillain|Rage Powder|p1b: Scovillain\n|-singleturn|p1b: Scovillain|move: Rage Powder\n|move|p2a: Hydreigon|Snarl|p1b: Scovillain|[spread] p1a\n|-miss|p2a: Hydreigon|p1b: Scovillain\n|-damage|p1a: Arcanine|70/100\n|-unboost|p1a: Arcanine|spa|1\n|move|p2b: Ceruledge|Bulk Up|p2b: Ceruledge\n|-boost|p2b: Ceruledge|atk|1\n|-boost|p2b: Ceruledge|def|1\n|\n|upkeep\n|turn|2\n|\n|t:|1788284866\n|move|p2b: Ceruledge|Protect|p2b: Ceruledge\n|-singleturn|p2b: Ceruledge|Protect\n|move|p2a: Hydreigon|Snarl|p1a: Arcanine|[spread] p1a\n|-miss|p2a: Hydreigon|p1b: Scovillain\n|-damage|p1a: Arcanine|43/100\n|-unboost|p1a: Arcanine|spa|1\n|move|p1a: Arcanine|Head Smash|p2b: Ceruledge\n|-activate|p2b: Ceruledge|move: Protect\n|move|p1b: Scovillain|Overheat|p2a: Hydreigon\n|-resisted|p2a: Hydreigon|1\n|-damage|p2a: Hydreigon|65/100\n|-unboost|p1b: Scovillain|spa|2\n|\n|upkeep\n|turn|3\n|\n|t:|1788284874\n|switch|p1b: Farigiraf|Farigiraf, L50, F|100/100\n|move|p2b: Ceruledge|Shadow Sneak||[still]\n|cant|p1b: Farigiraf|ability: Armor Tail|Shadow Sneak|[of] p2b: Ceruledge\n|move|p2a: Hydreigon|Snarl|p1a: Arcanine|[spread] p1a,p1b\n|-supereffective|p1b: Farigiraf|1\n|-damage|p1a: Arcanine|14/100\n|-damage|p1b: Farigiraf|60/100\n|-unboost|p1a: Arcanine|spa|1\n|-unboost|p1b: Farigiraf|spa|1\n|move|p1a: Arcanine|Head Smash|p2b: Ceruledge\n|-supereffective|p2b: Ceruledge|1\n|-damage|p2b: Ceruledge|0 fnt\n|faint|p2b: Ceruledge\n|\n|upkeep\n|\n|t:|1788284885\n|switch|p2b: Staraptor|Staraptor, L50, M, shiny|100/100\n|-ability|p2b: Staraptor|Intimidate|boost\n|-unboost|p1a: Arcanine|atk|1\n|-unboost|p1b: Farigiraf|atk|1\n|turn|4\n|\n|t:|1788284894\n|detailschange|p2b: Staraptor|Staraptor-Mega, L50, M, shiny\n|-mega|p2b: Staraptor|Staraptor|Staraptite\n|move|p1a: Arcanine|Extreme Speed|p2a: Hydreigon\n|-damage|p2a: Hydreigon|45/100\n|move|p2a: Hydreigon|Snarl|p1a: Arcanine|[spread] p1a,p1b\n|-supereffective|p1b: Farigiraf|1\n|-damage|p1a: Arcanine|0 fnt\n|-damage|p1b: Farigiraf|17/100\n|-unboost|p1b: Farigiraf|spa|1\n|-enditem|p1b: Farigiraf|Sitrus Berry|[eat]\n|-heal|p1b: Farigiraf|42/100|[from] item: Sitrus Berry\n|faint|p1a: Arcanine\n|move|p2b: Staraptor|Close Combat|p1b: Farigiraf\n|-damage|p1b: Farigiraf|2/100\n|-boost|p2b: Staraptor|def|1\n|-boost|p2b: Staraptor|spd|1\n|move|p1b: Farigiraf|Trick Room|p1b: Farigiraf\n|-fieldstart|move: Trick Room|[of] p1b: Farigiraf\n|\n|upkeep\n|\n|t:|1788284907\n|switch|p1a: Basculegion|Basculegion, L50, M|100/100\n|turn|5\n|\n|t:|1788284928\n|move|p1b: Farigiraf|Nasty Plot|p1b: Farigiraf\n|-boost|p1b: Farigiraf|spa|2\n|move|p1a: Basculegion|Wave Crash|p2a: Hydreigon\n|-resisted|p2a: Hydreigon|1\n|-damage|p2a: Hydreigon|0 fnt\n|faint|p2a: Hydreigon\n|-damage|p1a: Basculegion|87/100|[from] Recoil\n|-damage|p1a: Basculegion|77/100|[from] item: Life Orb\n|move|p2b: Staraptor|Close Combat|p1b: Farigiraf\n|-damage|p1b: Farigiraf|0 fnt\n|-boost|p2b: Staraptor|def|1\n|-boost|p2b: Staraptor|spd|1\n|faint|p1b: Farigiraf\n|\n|upkeep\n|\n|t:|1788284933\n|switch|p1b: Scovillain|Scovillain-Mega, L50, M|100/100\n|switch|p2a: Whimsicott|Whimsicott, L50, F, shiny|100/100\n|turn|6\n|j| busterbunner\n|\n|t:|1788284948\n|move|p1b: Scovillain|Rage Powder|p1b: Scovillain\n|-singleturn|p1b: Scovillain|move: Rage Powder\n|move|p2a: Whimsicott|Charm|p1a: Basculegion\n|-unboost|p1a: Basculegion|atk|2\n|move|p1a: Basculegion|Last Respects|p2b: Staraptor\n|-damage|p2b: Staraptor|68/100\n|-damage|p1a: Basculegion|68/100|[from] item: Life Orb\n|move|p2b: Staraptor|Roost|p2b: Staraptor\n|-heal|p2b: Staraptor|100/100\n|-singleturn|p2b: Staraptor|move: Roost\n|\n|upkeep\n|turn|7\n|\n|t:|1788284962\n|move|p1b: Scovillain|Rage Powder|p1b: Scovillain\n|-singleturn|p1b: Scovillain|move: Rage Powder\n|move|p2a: Whimsicott|Charm|p1a: Basculegion\n|-unboost|p1a: Basculegion|atk|2\n|move|p1a: Basculegion|Last Respects|p2a: Whimsicott\n|-damage|p2a: Whimsicott|31/100\n|-damage|p1a: Basculegion|58/100|[from] item: Life Orb\n|move|p2b: Staraptor|Brave Bird|p1b: Scovillain\n|-supereffective|p1b: Scovillain|1\n|-damage|p1b: Scovillain|0 fnt\n|-status|p2b: Staraptor|brn|[from] ability: Spicy Spray|[of] p1b: Scovillain\n|faint|p1b: Scovillain\n|-damage|p2b: Staraptor|70/100 brn|[from] Recoil\n|\n|-damage|p2b: Staraptor|64/100 brn|[from] brn\n|upkeep\n|turn|8\n|c|☆AthenaStrive9|I'm so fucking sick of this format\n|\n|t:|1788284979\n|move|p2a: Whimsicott|Charm|p2b: Staraptor\n|-boost|p2b: Staraptor|atk|2\n|move|p1a: Basculegion|Last Respects|p2a: Whimsicott\n|-damage|p2a: Whimsicott|0 fnt\n|faint|p2a: Whimsicott\n|-damage|p1a: Basculegion|48/100|[from] item: Life Orb\n|move|p2b: Staraptor|Roost|p2b: Staraptor\n|-heal|p2b: Staraptor|100/100 brn\n|-singleturn|p2b: Staraptor|move: Roost\n|\n|-damage|p2b: Staraptor|93/100 brn|[from] brn\n|-fieldend|move: Trick Room\n|upkeep\n|turn|9\n|\n|t:|1788284984\n|move|p2b: Staraptor|Brave Bird|p1a: Basculegion\n|-damage|p1a: Basculegion|0 fnt\n|faint|p1a: Basculegion\n|-damage|p2b: Staraptor|77/100 brn|[from] Recoil\n|\n|win|realpan trust\n|n|☆AthenaStrive9|athenastrive9\n|n|☆realpan trust|realpantrust\n|n| br0ken heart ❤️|br0kenheart\n|n| busterbunner|busterbunner\n|c|☆realpan trust|yeah\n|l|☆AthenaStrive9\n|player|p1|\n|c|☆realpan trust|that's fair\n|c|☆realpan trust|gg\n","uploadtime":1788284994,"views":"13","formatid":"gen9championsvgc2026regmb","rating":null,"private":0,"password":null}