{"id":"gen9championsvgc2026regmbbo3-2673849985","format":"[Gen 9 Champions] VGC 2026 Reg M-B (Bo3)","players":["satoranbo","Niko highway"],"log":"|j|☆satoranbo\n|j|☆Niko highway\n|html|<table width=\"100%\"><tr><td align=\"left\">satoranbo</td><td align=\"right\">Niko highway</tr><tr><td align=\"left\"><i class=\"fa fa-circle-o\"></i> <i class=\"fa fa-circle-o\"></i> </td><td align=\"right\"><i class=\"fa fa-circle-o\"></i> <i class=\"fa fa-circle-o\"></i> </tr></table>\n|uhtml|bestof|<h2><strong>Game 1</strong> of <a href=\"/game-bestof3-gen9championsvgc2026regmbbo3-2673849983\">a best-of-3</a></h2>\n|t:|1788268263\n|gametype|doubles\n|player|p1|satoranbo|170|\n|player|p2|Niko highway|102|\n|gen|9\n|tier|[Gen 9 Champions] VGC 2026 Reg M-B (Bo3)\n|rule|Species Clause: Limit one of each Pokémon\n|rule|Item Clause: Limit 1 of each item\n|clearpoke\n|poke|p1|Charizard, L50, F|\n|poke|p1|Toxapex, L50, M|\n|poke|p1|Incineroar, L50, M|\n|poke|p1|Venusaur, L50, M|\n|poke|p1|Garchomp, L50, M|\n|poke|p1|Kingambit, L50, F|\n|poke|p2|Charizard, L50, M|\n|poke|p2|Venusaur, L50, M|\n|poke|p2|Grimmsnarl, L50, M|\n|poke|p2|Sylveon, L50, M|\n|poke|p2|Pelipper, L50, F|\n|poke|p2|Basculegion, L50, M|\n|teampreview|4\n|showteam|p1|Charizard||CharizarditeY|Blaze|Protect,HeatWave,SolarBeam,AncientPower|Modest||F|||50|]Toxapex||Leftovers|Regenerator|Infestation,Toxic,WideGuard,BanefulBunker|Bold||M|||50|]Incineroar||SitrusBerry|Intimidate|ThroatChop,Protect,PartingShot,FakeOut|Careful||M|||50|]Venusaur||LifeOrb|Chlorophyll|LeafStorm,SludgeBomb,EarthPower,Protect|Modest||M|||50|]Garchomp||ChoiceScarf|RoughSkin|DragonClaw,StompingTantrum,RockSlide,Earthquake|Adamant||M|||50|]Kingambit||ChopleBerry|Defiant|IronHead,KowtowCleave,SuckerPunch,LowKick|Adamant||F|||50|\n|showteam|p2|Charizard||CharizarditeY|Blaze|HeatWave,WeatherBall,SolarBeam,Protect|Modest||M|||50|]Venusaur||FocusSash|Chlorophyll|SleepPowder,SludgeBomb,LeafStorm,Protect|Modest||M|||50|]Grimmsnarl||LightClay|Prankster|SpiritBreak,Reflect,LightScreen,PartingShot|Careful||M|||50|]Sylveon||FairyFeather|Pixilate|HyperVoice,QuickAttack,HyperBeam,Detect|Modest||M|||50|]Pelipper||SitrusBerry|Drizzle|Hurricane,WeatherBall,WideGuard,Tailwind|Modest||F|||50|]Basculegion||ChoiceScarf|Adaptability|LastRespects,WaveCrash,AquaJet,FlipTurn|Jolly||M|||50|\n|c|☆Niko highway|请多指教\n|c|☆satoranbo|請多指教\n|c|☆Niko highway|可以不要开时间吗？\n|c|☆satoranbo|可以的\n|j| tocookie0128\n|j| ttsui234\n|\n|t:|1788268381\n|teamsize|p1|4\n|teamsize|p2|4\n|start\n|switch|p1a: Charizard|Charizard, L50, F|100/100\n|switch|p1b: Incineroar|Incineroar, L50, M|100/100\n|switch|p2a: Venusaur|Venusaur, L50, M|100/100\n|switch|p2b: Charizard|Charizard, L50, M|100/100\n|-ability|p1b: Incineroar|Intimidate|boost\n|-unboost|p2a: Venusaur|atk|1\n|-unboost|p2b: Charizard|atk|1\n|turn|1\n|j| cubesugar\n|\n|t:|1788268440\n|detailschange|p1a: Charizard|Charizard-Mega-Y, L50, F\n|-mega|p1a: Charizard|Charizard|Charizardite Y\n|-weather|SunnyDay|[from] ability: Drought|[of] p1a: Charizard\n|move|p2a: Venusaur|Protect|p2a: Venusaur\n|-singleturn|p2a: Venusaur|Protect\n|move|p2b: Charizard|Protect|p2b: Charizard\n|-singleturn|p2b: Charizard|Protect\n|move|p1b: Incineroar|Fake Out|p2a: Venusaur\n|-activate|p2a: Venusaur|move: Protect\n|move|p1a: Charizard|Ancient Power|p2b: Charizard\n|-activate|p2b: Charizard|move: Protect\n|\n|-weather|SunnyDay|[upkeep]\n|upkeep\n|turn|2\n|\n|t:|1788268500\n|switch|p2b: Basculegion|Basculegion, L50, M|100/100\n|move|p1a: Charizard|Protect|p1a: Charizard\n|-singleturn|p1a: Charizard|Protect\n|move|p2a: Venusaur|Sleep Powder|p1b: Incineroar\n|-status|p1b: Incineroar|slp|[from] move: Sleep Powder\n|cant|p1b: Incineroar|slp\n|\n|-weather|SunnyDay|[upkeep]\n|upkeep\n|turn|3\n|\n|t:|1788268517\n|switch|p2a: Pelipper|Pelipper, L50, F|100/100\n|-weather|RainDance|[from] ability: Drizzle|[of] p2a: Pelipper\n|switch|p1a: Venusaur|Venusaur, L50, M|100/100\n|move|p2b: Basculegion|Flip Turn|p1a: Venusaur\n|-resisted|p1a: Venusaur|1\n|-damage|p1a: Venusaur|68/100\n|\n|t:|1788268551\n|switch|p2b: Venusaur|Venusaur, L50, M|100/100|[from] Flip Turn\n|cant|p1b: Incineroar|slp\n|\n|-weather|RainDance|[upkeep]\n|upkeep\n|turn|4\n|j| nakano428\n|\n|t:|1788268614\n|switch|p1a: Charizard|Charizard-Mega-Y, L50, F|100/100\n|-weather|SunnyDay|[from] ability: Drought|[of] p1a: Charizard\n|move|p2b: Venusaur|Sludge Bomb|p1b: Incineroar\n|-damage|p1b: Incineroar|67/100 slp\n|move|p2a: Pelipper|Tailwind|p2a: Pelipper\n|-sidestart|p2: Niko highway|move: Tailwind\n|-curestatus|p1b: Incineroar|slp|[msg]\n|move|p1b: Incineroar|Throat Chop|p2b: Venusaur\n|-damage|p2b: Venusaur|63/100\n|-start|p2b: Venusaur|Throat Chop|[silent]\n|\n|-weather|SunnyDay|[upkeep]\n|upkeep\n|turn|5\n|\n|t:|1788268661\n|move|p2a: Pelipper|Wide Guard|p2a: Pelipper\n|-singleturn|p2a: Pelipper|Wide Guard\n|move|p2b: Venusaur|Sleep Powder|p1b: Incineroar|[miss]\n|-miss|p2b: Venusaur|p1b: Incineroar\n|move|p1a: Charizard|Ancient Power|p2b: Venusaur\n|-damage|p2b: Venusaur|35/100\n|move|p1b: Incineroar|Throat Chop|p2b: Venusaur\n|-damage|p2b: Venusaur|0 fnt\n|faint|p2b: Venusaur\n|\n|-weather|SunnyDay|[upkeep]\n|upkeep\n|\n|t:|1788268689\n|switch|p2b: Basculegion|Basculegion, L50, M|100/100\n|turn|6\n|\n|t:|1788268729\n|move|p1a: Charizard|Protect|p1a: Charizard\n|-singleturn|p1a: Charizard|Protect\n|move|p2b: Basculegion|Wave Crash|p1a: Charizard\n|-activate|p1a: Charizard|move: Protect\n|move|p2a: Pelipper|Weather Ball|p1a: Charizard\n|-activate|p1a: Charizard|move: Protect\n|move|p1b: Incineroar|Throat Chop|p2b: Basculegion\n|-supereffective|p2b: Basculegion|1\n|-damage|p2b: Basculegion|17/100\n|-start|p2b: Basculegion|Throat Chop|[silent]\n|\n|-weather|SunnyDay|[upkeep]\n|upkeep\n|turn|7\n|\n|t:|1788268780\n|switch|p1a: Venusaur|Venusaur, L50, M|68/100\n|move|p2b: Basculegion|Wave Crash|p1a: Venusaur\n|-resisted|p1a: Venusaur|1\n|-damage|p1a: Venusaur|50/100g\n|-damage|p2b: Basculegion|11/100|[from] Recoil\n|move|p2a: Pelipper|Weather Ball|p1a: Venusaur\n|-supereffective|p1a: Venusaur|1\n|-damage|p1a: Venusaur|0 fnt\n|faint|p1a: Venusaur\n|move|p1b: Incineroar|Throat Chop|p2b: Basculegion\n|-supereffective|p2b: Basculegion|1\n|-damage|p2b: Basculegion|0 fnt\n|faint|p2b: Basculegion\n|\n|-weather|SunnyDay|[upkeep]\n|-sideend|p2: Niko highway|move: Tailwind\n|upkeep\n|\n|t:|1788268808\n|switch|p2b: Charizard|Charizard, L50, M|100/100\n|switch|p1a: Charizard|Charizard-Mega-Y, L50, F|100/100\n|turn|8\n|\n|t:|1788268836\n|move|p2b: Charizard|Protect|p2b: Charizard\n|-singleturn|p2b: Charizard|Protect\n|move|p1a: Charizard|Ancient Power|p2a: Pelipper\n|-supereffective|p2a: Pelipper|1\n|-damage|p2a: Pelipper|53/100\n|move|p2a: Pelipper|Tailwind|p2a: Pelipper\n|-sidestart|p2: Niko highway|move: Tailwind\n|move|p1b: Incineroar|Throat Chop|p2a: Pelipper\n|-damage|p2a: Pelipper|19/100\n|-start|p2a: Pelipper|Throat Chop|[silent]\n|-enditem|p2a: Pelipper|Sitrus Berry|[eat]\n|-heal|p2a: Pelipper|44/100|[from] item: Sitrus Berry\n|\n|-weather|none\n|upkeep\n|turn|9\n|j| reallove85tw\n|\n|t:|1788268867\n|detailschange|p2b: Charizard|Charizard-Mega-Y, L50, M\n|-mega|p2b: Charizard|Charizard|Charizardite Y\n|-weather|SunnyDay|[from] ability: Drought|[of] p2b: Charizard\n|move|p2b: Charizard|Heat Wave|p1a: Charizard|[spread] p1a,p1b\n|-resisted|p1a: Charizard|1\n|-resisted|p1b: Incineroar|1\n|-damage|p1a: Charizard|74/100\n|-damage|p1b: Incineroar|44/100\n|-enditem|p1b: Incineroar|Sitrus Berry|[eat]\n|-heal|p1b: Incineroar|69/100|[from] item: Sitrus Berry\n|move|p2a: Pelipper|Hurricane|p1a: Charizard\n|-damage|p1a: Charizard|39/100\n|move|p1a: Charizard|Ancient Power|p2b: Charizard\n|-supereffective|p2b: Charizard|2\n|-damage|p2b: Charizard|19/100\n|move|p1b: Incineroar|Throat Chop|p2b: Charizard\n|-damage|p2b: Charizard|0 fnt\n|faint|p2b: Charizard\n|\n|-weather|SunnyDay|[upkeep]\n|-end|p2a: Pelipper|Throat Chop|[silent]\n|upkeep\n|turn|10\n|-message|Niko highway forfeited.\n|\n|win|satoranbo\n||Niko highway is ready for game 2.\n|inactive|satoranbo has 30 seconds to confirm battle start!\n|inactive|satoranbo has 20 seconds to confirm battle start!\n||satoranbo is ready for game 2.\n|uhtml|next|Next: <a href=\"/battle-gen9championsvgc2026regmbbo3-2673854321\"><strong>Game 2 of 3</strong></a>\n|l| ttsui234\n|l| nakano428\n|l| reallove85tw\n|l| tocookie0128\n|j| nakano428\n|l| nakano428\n","uploadtime":1788268887,"views":"20","formatid":"gen9championsvgc2026regmbbo3","rating":null,"private":0,"password":null}