{"id":"gen9championsvgc2026regmb-2674911236","format":"[Gen 9 Champions] VGC 2026 Reg M-B","players":["Thornlace48812","CrushDragonGandora"],"log":"|j|☆Thornlace48812\n|j|☆CrushDragonGandora\n|t:|1788434460\n|gametype|doubles\n|player|p1|Thornlace48812|102|1213\n|player|p2|CrushDragonGandora|lance|1332\n|gen|9\n|tier|[Gen 9 Champions] VGC 2026 Reg M-B\n|rated|\n|rule|Species Clause: Limit one of each Pokémon\n|rule|Item Clause: Limit 1 of each item\n|clearpoke\n|poke|p1|Garchomp, L50, M|\n|poke|p1|Charizard, L50, M|\n|poke|p1|Whimsicott, L50, F|\n|poke|p1|Sylveon, L50, F|\n|poke|p1|Kingambit, L50, F|\n|poke|p1|Basculegion, L50, M|\n|poke|p2|Whimsicott, L50, F|\n|poke|p2|Milotic, L50, M|\n|poke|p2|Farigiraf, L50, F|\n|poke|p2|Hydreigon, L50, F|\n|poke|p2|Sneasler, L50, M|\n|poke|p2|Delphox, L50, F|\n|teampreview|4\n|inactive|Battle timer is ON: inactive players will automatically lose when time's up. (requested by Thornlace48812)\nThornlace48812 rejected open team sheets.\n|inactive|CrushDragonGandora has 60 seconds left.\n|\n|t:|1788434507\n|teamsize|p1|4\n|teamsize|p2|4\n|start\n|switch|p1a: Charizard|Charizard, L50, M|100/100\n|switch|p1b: Whimsicott|Whimsicott, L50, F|100/100\n|switch|p2a: Sneasler|Sneasler, L50, M|100/100\n|switch|p2b: Hydreigon|Hydreigon, L50, F|100/100\n|turn|1\n|\n|t:|1788434518\n|move|p1a: Charizard|Protect|p1a: Charizard\n|-singleturn|p1a: Charizard|Protect\n|move|p2b: Hydreigon|Flash Cannon|p1b: Whimsicott\n|-supereffective|p1b: Whimsicott|1\n|-damage|p1b: Whimsicott|9/100\n|move|p2a: Sneasler|Rock Slide|p1a: Charizard|[spread] p1b\n|-activate|p1a: Charizard|move: Protect\n|-damage|p1b: Whimsicott|0 fnt\n|faint|p1b: Whimsicott\n|\n|upkeep\n|\n|t:|1788434519\n|switch|p1b: Garchomp|Garchomp, L50, M|100/100\n|turn|2\n|\n|t:|1788434530\n|switch|p2b: Farigiraf|Farigiraf, L50, F|100/100\n|detailschange|p1a: Charizard|Charizard-Mega-Y, L50, M\n|-mega|p1a: Charizard|Charizard|Charizardite Y\n|-weather|SunnyDay|[from] ability: Drought|[of] p1a: Charizard\n|move|p2a: Sneasler|Rock Slide|p1b: Garchomp|[spread] p1a,p1b\n|-supereffective|p1a: Charizard|2\n|-resisted|p1b: Garchomp|1\n|-damage|p1a: Charizard|8/100\n|-damage|p1b: Garchomp|90/100\n|move|p1b: Garchomp|Earthquake|p2a: Sneasler|[spread] p2a,p2b\n|-immune|p1a: Charizard\n|-supereffective|p2a: Sneasler|1\n|-enditem|p2a: Sneasler|Focus Sash\n|-damage|p2a: Sneasler|1/100\n|-damage|p2b: Farigiraf|55/100\n|-damage|p1b: Garchomp|80/100|[from] item: Life Orb\n|cant|p1a: Charizard|flinch\n|\n|-weather|SunnyDay|[upkeep]\n|upkeep\n|turn|3\n|\n|t:|1788434541\n|move|p2a: Sneasler|Protect|p2a: Sneasler\n|-singleturn|p2a: Sneasler|Protect\n|move|p1b: Garchomp|Dragon Claw|p2a: Sneasler\n|-activate|p2a: Sneasler|move: Protect\n|move|p1a: Charizard|Heat Wave|p2b: Farigiraf|[spread] p2b\n|-activate|p2a: Sneasler|move: Protect\n|-damage|p2b: Farigiraf|0 fnt\n|faint|p2b: Farigiraf\n|\n|-weather|SunnyDay|[upkeep]\n|upkeep\n|\n|t:|1788434551\n|switch|p2b: Hydreigon|Hydreigon, L50, F|100/100\n|turn|4\n|\n|t:|1788434562\n|move|p1a: Charizard|Protect|p1a: Charizard\n|-singleturn|p1a: Charizard|Protect\n|move|p2a: Sneasler|Rock Slide|p1a: Charizard|[spread] p1b\n|-activate|p1a: Charizard|move: Protect\n|-resisted|p1b: Garchomp|1\n|-damage|p1b: Garchomp|71/100\n|move|p2b: Hydreigon|Dragon Pulse|p1b: Garchomp\n|-supereffective|p1b: Garchomp|1\n|-damage|p1b: Garchomp|0 fnt\n|faint|p1b: Garchomp\n|\n|-weather|SunnyDay|[upkeep]\n|upkeep\n|\n|t:|1788434562\n|switch|p1b: Basculegion|Basculegion, L50, M|100/100\n|turn|5\n|\n|t:|1788434573\n|switch|p2b: Delphox|Delphox, L50, F|100/100\n|move|p2a: Sneasler|Rock Slide|p1a: Charizard|[spread] p1a,p1b\n|-supereffective|p1a: Charizard|2\n|-damage|p1a: Charizard|0 fnt\n|-damage|p1b: Basculegion|79/100\n|faint|p1a: Charizard\n|move|p1b: Basculegion|Last Respects|p2b: Delphox\n|-supereffective|p2b: Delphox|1\n|-damage|p2b: Delphox|0 fnt\n|faint|p2b: Delphox\n|\n|-weather|SunnyDay|[upkeep]\n|upkeep\n|\n|t:|1788434576\n|switch|p2b: Hydreigon|Hydreigon, L50, F|100/100\n|turn|6\n|\n|t:|1788434585\n|move|p2a: Sneasler|Dire Claw|p1b: Basculegion\n|-resisted|p1b: Basculegion|1\n|-damage|p1b: Basculegion|55/100\n|move|p2b: Hydreigon|Dark Pulse|p1b: Basculegion\n|-supereffective|p1b: Basculegion|1\n|-damage|p1b: Basculegion|0 fnt\n|faint|p1b: Basculegion\n|\n|win|CrushDragonGandora\n|raw|Thornlace48812's rating: 1148 &rarr; <strong>1135</strong><br />(-13 for losing)\n|raw|CrushDragonGandora's rating: 1332 &rarr; <strong>1342</strong><br />(+10 for winning)\n","uploadtime":1788434588,"views":"4","formatid":"gen9championsvgc2026regmb","rating":1135,"private":0,"password":null}