{"id":"gen9championsvgc2026regmb-2674782069","format":"[Gen 9 Champions] VGC 2026 Reg M-B","players":["Wei Chuan Dragons","spruffer"],"log":"|j|☆Wei Chuan Dragons\n|j|☆spruffer\n|html|<table width=\"100%\"><tr><td align=\"left\">Wei Chuan Dragons</td><td align=\"right\">spruffer</tr><tr><td align=\"left\"><i class=\"fa fa-circle-o\"></i> <i class=\"fa fa-circle-o\"></i> </td><td align=\"right\"><i class=\"fa fa-circle-o\"></i> <i class=\"fa fa-circle\"></i> </tr></table>\n|uhtml|bestof|<h2><strong>Game 2</strong> of <a href=\"/game-bestof3-gen9championsvgc2026regmb-2674780388\">a best-of-3</a></h2>\n|t:|1788405724\n|gametype|doubles\n|player|p1|Wei Chuan Dragons|alder|\n|player|p2|spruffer|giovanni|\n|gen|9\n|tier|[Gen 9 Champions] VGC 2026 Reg M-B\n|rule|Species Clause: Limit one of each Pokémon\n|rule|Item Clause: Limit 1 of each item\n|raw|<div class=\"infobox\"><details class=\"readmore\" open><summary><strong>1 custom rule:</strong></summary> Best of = 3</details></div>\n|clearpoke\n|poke|p1|Goodra-Hisui, L50, F|\n|poke|p1|Vanilluxe, L50, F|\n|poke|p1|Froslass, L50, F|\n|poke|p1|Scovillain, L50, F|\n|poke|p1|Mawile, L50, M, shiny|\n|poke|p1|Hatterene, L50, F|\n|poke|p2|Basculegion, L50, M, shiny|\n|poke|p2|Tyranitar, L50, F|\n|poke|p2|Dragonite, L50, M|\n|poke|p2|Raichu, L50, F, shiny|\n|poke|p2|Sableye, L50, M|\n|poke|p2|Armarouge, L50, F|\n|teampreview|4\n|j| presidentperssson\nspruffer rejected open team sheets.\n|c|☆Wei Chuan Dragons|i think i just suck dawg\n|c|☆Wei Chuan Dragons|icl\n|c|☆spruffer|ngl if i just didn't prep for tsareena\n|c|☆Wei Chuan Dragons|i mean you still beat my ass\n|c|☆spruffer|then it would've been alot easier\n|c|☆Wei Chuan Dragons|i think youre fine\n|c|☆spruffer|er\n|c|☆spruffer|im ngl i was prepping for tsareena and\n|c|☆spruffer|like grimmsnarl mega camerupt mega mawile\n|\n|t:|1788405856\n|teamsize|p1|4\n|teamsize|p2|4\n|start\n|switch|p1a: Lee Chin-Lin|Froslass, L50, F|100/100\n|switch|p1b: Drew Gagnon|Goodra-Hisui, L50, F|100/100\n|switch|p2a: Sableye|Sableye, L50, M|100/100\n|switch|p2b: Raichu|Raichu, L50, F, shiny|100/100\n|turn|1\n|\n|t:|1788405915\n|detailschange|p1a: Lee Chin-Lin|Froslass-Mega, L50, F\n|-mega|p1a: Lee Chin-Lin|Froslass|Froslassite\n|-weather|Snowscape|[from] ability: Snow Warning|[of] p1a: Lee Chin-Lin\n|detailschange|p2b: Raichu|Raichu-Mega-Y, L50, F, shiny\n|-mega|p2b: Raichu|Raichu|Raichunite Y\n|move|p2a: Sableye|Thunder Wave|p1a: Lee Chin-Lin\n|-status|p1a: Lee Chin-Lin|par\n|move|p2b: Raichu|Zap Cannon|p1a: Lee Chin-Lin\n|-damage|p1a: Lee Chin-Lin|0 fnt\n|faint|p1a: Lee Chin-Lin\n|move|p1b: Drew Gagnon|Shelter|p1b: Drew Gagnon\n|-boost|p1b: Drew Gagnon|def|2\n|\n|-weather|Snowscape|[upkeep]\n|upkeep\n|\n|t:|1788405927\n|switch|p1a: Yang Nian-Zu|Vanilluxe, L50, F|100/100\n|turn|2\n|c|☆spruffer|oh\n|c|☆Wei Chuan Dragons|gg\n|c|☆spruffer|i thought it'd have more speed investment\n|c|☆spruffer|i mean not speed\n|c|☆spruffer|er spd\n|c|☆spruffer|calc was saying 95% or something on max roll\n|c|☆Wei Chuan Dragons|idk man\n|c|☆Wei Chuan Dragons|ive lost 4 in a row\n|c|☆Wei Chuan Dragons|War\n|\n|t:|1788405974\n|move|p2b: Raichu|Focus Blast|p1a: Yang Nian-Zu\n|-supereffective|p1a: Yang Nian-Zu|1\n|-damage|p1a: Yang Nian-Zu|0 fnt\n|faint|p1a: Yang Nian-Zu\n|move|p1b: Drew Gagnon|Body Press|p2b: Raichu\n|-damage|p2b: Raichu|0 fnt\n|faint|p2b: Raichu\n|move|p2a: Sableye|Knock Off|p1b: Drew Gagnon\n|-damage|p1b: Drew Gagnon|90/100\n|-enditem|p1b: Drew Gagnon|Leftovers|[from] move: Knock Off|[of] p2a: Sableye\n|\n|-weather|Snowscape|[upkeep]\n|upkeep\n|c|☆spruffer|who was helping you initially\n|c|☆spruffer|wasn't there a  whole group helping you draft\n|c|☆Wei Chuan Dragons|ive done prep for every person and still lose\n|c|☆Wei Chuan Dragons|im fine with my draft\n|c|☆Wei Chuan Dragons|i just am not good\n|c|☆spruffer|i do about no prep i do like a mon or two changes and drafted a team with just generally good pokemon\n|c|☆Wei Chuan Dragons|i come in with a plan but dont do calcs so i think i just lose\n|\n|t:|1788406039\n|switch|p2b: Dragonite|Dragonite, L50, M|100/100\n|switch|p1a: Lin Chen-Hsun|Scovillain, L50, F|100/100\n|turn|3\n|\n|t:|1788406080\n|move|p1a: Lin Chen-Hsun|Rage Powder|p1a: Lin Chen-Hsun\n|-singleturn|p1a: Lin Chen-Hsun|move: Rage Powder\n|move|p2a: Sableye|Thunder Wave|p1a: Lin Chen-Hsun\n|-status|p1a: Lin Chen-Hsun|par\n|move|p2b: Dragonite|Dragon Dance|p2b: Dragonite\n|-boost|p2b: Dragonite|atk|1\n|-boost|p2b: Dragonite|spe|1\n|move|p1b: Drew Gagnon|Ice Spinner|p2b: Dragonite\n|-supereffective|p2b: Dragonite|2\n|-damage|p2b: Dragonite|54/100\n|\n|-weather|Snowscape|[upkeep]\n|-ability|p1a: Lin Chen-Hsun|Moody|boost\n|-boost|p1a: Lin Chen-Hsun|spe|2\n|-unboost|p1a: Lin Chen-Hsun|spa|1\n|upkeep\n|turn|4\n|\n|t:|1788406125\n|move|p1b: Drew Gagnon|Protect|p1b: Drew Gagnon\n|-singleturn|p1b: Drew Gagnon|Protect\n|move|p2b: Dragonite|Dragon Claw|p1a: Lin Chen-Hsun\n|-damage|p1a: Lin Chen-Hsun|24/100 par\n|move|p1a: Lin Chen-Hsun|Leech Seed|p2b: Dragonite\n|-start|p2b: Dragonite|move: Leech Seed\n|move|p2a: Sableye|Knock Off|p1b: Drew Gagnon\n|-activate|p1b: Drew Gagnon|move: Protect\n|\n|-weather|Snowscape|[upkeep]\n|-damage|p2b: Dragonite|42/100|[from] Leech Seed|[of] p1a: Lin Chen-Hsun\n|-heal|p1a: Lin Chen-Hsun|36/100 par|[silent]\n|-ability|p1a: Lin Chen-Hsun|Moody|boost\n|-boost|p1a: Lin Chen-Hsun|atk|2\n|-unboost|p1a: Lin Chen-Hsun|spe|1\n|upkeep\n|turn|5\n|\n|t:|1788406169\n|move|p1a: Lin Chen-Hsun|Protect|p1a: Lin Chen-Hsun\n|-singleturn|p1a: Lin Chen-Hsun|Protect\n|move|p2b: Dragonite|Dragon Claw|p1a: Lin Chen-Hsun\n|-activate|p1a: Lin Chen-Hsun|move: Protect\n|move|p1b: Drew Gagnon|Ice Spinner|p2b: Dragonite\n|-supereffective|p2b: Dragonite|2\n|-damage|p2b: Dragonite|0 fnt\n|faint|p2b: Dragonite\n|move|p2a: Sableye|Knock Off|p1b: Drew Gagnon\n|-damage|p1b: Drew Gagnon|83/100\n|\n|-weather|none\n|-ability|p1a: Lin Chen-Hsun|Moody|boost\n|-boost|p1a: Lin Chen-Hsun|def|2\n|-unboost|p1a: Lin Chen-Hsun|atk|1\n|upkeep\n|\n|t:|1788406176\n|switch|p2b: Basculegion|Basculegion, L50, M, shiny|100/100\n|turn|6\n|\n|t:|1788406227\n|move|p2a: Sableye|Reflect|p2a: Sableye\n|-sidestart|p2: spruffer|Reflect\n|move|p2b: Basculegion|Last Respects|p1a: Lin Chen-Hsun\n|-damage|p1a: Lin Chen-Hsun|0 fnt\n|faint|p1a: Lin Chen-Hsun\n|-damage|p2b: Basculegion|90/100|[from] item: Life Orb\n|move|p1b: Drew Gagnon|Ice Spinner|p2a: Sableye\n|-damage|p2a: Sableye|87/100\n|\n|upkeep\n|turn|7\n|c|☆Wei Chuan Dragons|g\n|c|☆Wei Chuan Dragons|g\n|c|☆spruffer|gg\n|\n|t:|1788406249\n|move|p2a: Sableye|Disable|p1b: Drew Gagnon\n|-start|p1b: Drew Gagnon|Disable|Ice Spinner\n|move|p2b: Basculegion|Last Respects|p1b: Drew Gagnon\n|-damage|p1b: Drew Gagnon|43/100\n|-damage|p2b: Basculegion|80/100|[from] item: Life Orb\n|cant|p1b: Drew Gagnon|Disable|Ice Spinner\n|\n|upkeep\n|turn|8\n|-message|Wei Chuan Dragons forfeited.\n|\n|win|spruffer\n|c|☆Wei Chuan Dragons|wtv\n","uploadtime":1788406278,"views":"16","formatid":"gen9championsvgc2026regmb","rating":null,"private":0,"password":null}