{"id":"gen9championsvgc2026regmbbo3-2674824754","format":"[Gen 9 Champions] VGC 2026 Reg M-B (Bo3)","players":["MultiPokemon","copper05"],"log":"|j|☆MultiPokemon\n|j|☆copper05\n|html|<table width=\"100%\"><tr><td align=\"left\">MultiPokemon</td><td align=\"right\">copper05</tr><tr><td align=\"left\"><i class=\"fa fa-circle-o\"></i> <i class=\"fa fa-circle-o\"></i> </td><td align=\"right\"><i class=\"fa fa-circle-o\"></i> <i class=\"fa fa-circle-o\"></i> </tr></table>\n|uhtml|bestof|<h2><strong>Game 1</strong> of <a href=\"/game-bestof3-gen9championsvgc2026regmbbo3-2674824753\">a best-of-3</a></h2>\n|t:|1788414680\n|gametype|doubles\n|player|p1|MultiPokemon|102|\n|player|p2|copper05|youngster|\n|gen|9\n|tier|[Gen 9 Champions] VGC 2026 Reg M-B (Bo3)\n|rule|Species Clause: Limit one of each Pokémon\n|rule|Item Clause: Limit 1 of each item\n|raw|<div class=\"infobox\"><details class=\"readmore\"><summary><strong>50 custom rules:</strong></summary> +salamence, +salamencite, +rillaboom, +baxcalibur, +lucarionite-z, +absolite-z, +garchompite-z, +assault vest, !Obtainable, +power herb, +baxcalibrite, +glaive rush, +golisopod, +golisopite, +tatsugiri, +dondozo, +tatsugirinite, +order up, +choice band, +choice specs, +ursaluna, +ursaluna-bloodmoon, +flame orb, +toxic orb, +arctovish, +dracovish, +arctozolt, +dracozolt, +indeedee, +indeedee-f, +blood moon, +fishious rend, +bolt beak, +grassy seed, +psychic seed, +electric seed, +misty seed, +ability shield, +lilligant, +lilligant-hisui, +victory dance, +cinderace, +pyro ball, +inteleon, +snipe shot, +drum beating, +weezing, +weezing-galar, +strange steam, +pincurchin</details></div>\n|clearpoke\n|poke|p1|Charizard-Mega-Y, L50|\n|poke|p1|Salamence-Mega, L50|\n|poke|p1|Sylveon, L50|\n|poke|p1|Incineroar, L50|\n|poke|p1|Rillaboom, L50|\n|poke|p1|Basculegion, L50, M|\n|poke|p2|Baxcalibur, L50|\n|poke|p2|Sneasler, L50|\n|poke|p2|Rillaboom, L50|\n|poke|p2|Raichu-Mega-Y, L50|\n|poke|p2|Kingambit, L50|\n|poke|p2|Dondozo, L50|\n|teampreview|4\n|showteam|p1|Charizard-Mega-Y||CharizarditeY|Blaze|WeatherBall,HeatWave,AncientPower,Protect|Modest|||||50|]Salamence-Mega||Salamencite|Intimidate|DoubleEdge,HyperVoice,Tailwind,Protect|Hasty|||||50|]Sylveon||FairyFeather|Pixilate|HyperVoice,HyperBeam,QuickAttack,Protect|Modest|||||50|]Incineroar||SitrusBerry|Intimidate|FakeOut,FlareBlitz,ThroatChop,PartingShot|Careful|||||50|]Rillaboom||AssaultVest|GrassySurge|FakeOut,WoodHammer,GrassyGlide,Uturn|Adamant|||||50|]Basculegion||LifeOrb|Adaptability|WaveCrash,LastRespects,AquaJet,Protect|Adamant||M|||50|\n|showteam|p2|Baxcalibur||Baxcalibrite|ThermalExchange|Protect,IcicleCrash,GlaiveRush,IceShard|Jolly|||||50|]Sneasler||FocusSash|PoisonTouch|Coaching,CloseCombat,DireClaw,Protect|Jolly|||||50|]Rillaboom||MiracleSeed|GrassySurge|DrumBeating,GrassyGlide,HighHorsepower,FakeOut|Adamant|||||50|]Raichu-Mega-Y||RaichuniteY|NoGuard|ZapCannon,FakeOut,Protect,FocusBlast|Timid|||||50|]Kingambit||BlackGlasses|Defiant|KowtowCleave,SuckerPunch,Protect,SwordsDance|Adamant|||||50|]Dondozo||Leftovers|Unaware|Liquidation,Yawn,Protect,Fissure|Careful|||||50|\n|c|☆MultiPokemon|ok\n|c|☆MultiPokemon|glhf\n|c|☆copper05|u2\n|\n|t:|1788414764\n|teamsize|p1|4\n|teamsize|p2|4\n|start\n|switch|p1a: Charizard|Charizard-Mega-Y, L50|100/100\n|switch|p1b: Sylveon|Sylveon, L50|100/100\n|switch|p2a: Baxcalibur|Baxcalibur, L50|100/100\n|switch|p2b: Sneasler|Sneasler, L50|100/100\n|turn|1\n|c|☆MultiPokemon|wheres my weather\n|c|☆copper05|lel\n|\n|t:|1788414815\n|switch|p1a: Incineroar|Incineroar, L50|100/100\n|-ability|p1a: Incineroar|Intimidate|boost\n|-unboost|p2a: Baxcalibur|atk|1\n|-unboost|p2b: Sneasler|atk|1\n|detailschange|p2a: Baxcalibur|Baxcalibur-Mega, L50\n|-mega|p2a: Baxcalibur|Baxcalibur|Baxcalibrite\n|move|p1b: Sylveon|Protect|p1b: Sylveon\n|-singleturn|p1b: Sylveon|Protect\n|move|p2b: Sneasler|Dire Claw|p1b: Sylveon\n|-activate|p1b: Sylveon|move: Protect\n|move|p2a: Baxcalibur|Icicle Crash|p1b: Sylveon\n|-activate|p1b: Sylveon|move: Protect\n|\n|upkeep\n|turn|2\n|\n|t:|1788414837\n|switch|p2b: Dondozo|Dondozo, L50|100/100\n|move|p2a: Baxcalibur|Protect|p2a: Baxcalibur\n|-singleturn|p2a: Baxcalibur|Protect\n|move|p1a: Incineroar|Fake Out|p2b: Dondozo\n|-damage|p2b: Dondozo|92/100\n|move|p1b: Sylveon|Hyper Voice|p2a: Baxcalibur|[spread] p2b\n|-activate|p2a: Baxcalibur|move: Protect\n|-damage|p2b: Dondozo|60/100\n|\n|-heal|p2b: Dondozo|66/100|[from] item: Leftovers\n|upkeep\n|turn|3\n|\n|t:|1788414863\n|switch|p2a: Kingambit|Kingambit, L50|100/100\n|move|p1b: Sylveon|Hyper Voice|p2a: Kingambit|[spread] p2a,p2b\n|-damage|p2a: Kingambit|57/100\n|-damage|p2b: Dondozo|34/100\n|move|p1a: Incineroar|Parting Shot|p2a: Kingambit\n|-unboost|p2a: Kingambit|atk|1\n|-ability|p2a: Kingambit|Defiant|boost\n|-boost|p2a: Kingambit|atk|2\n|-unboost|p2a: Kingambit|spa|1\n|-ability|p2a: Kingambit|Defiant|boost\n|-boost|p2a: Kingambit|atk|2\n|c|☆MultiPokemon|yo\n|\n|t:|1788414874\n|switch|p1a: Charizard|Charizard-Mega-Y, L50|100/100|[from] Parting Shot\n|move|p2b: Dondozo|Yawn|p1b: Sylveon\n|-start|p1b: Sylveon|move: Yawn|[of] p2b: Dondozo\n|\n|-heal|p2b: Dondozo|40/100|[from] item: Leftovers\n|upkeep\n|turn|4\n|c|☆copper05|leeel\n|c|☆copper05|and the sun?\n|\n|t:|1788414909\n|switch|p1b: Incineroar|Incineroar, L50|100/100\n|-ability|p1b: Incineroar|Intimidate|boost\n|-unboost|p2a: Kingambit|atk|1\n|-ability|p2a: Kingambit|Defiant|boost\n|-boost|p2a: Kingambit|atk|2\n|-unboost|p2b: Dondozo|atk|1\n|move|p1a: Charizard|Protect|p1a: Charizard\n|-singleturn|p1a: Charizard|Protect\n|move|p2a: Kingambit|Sucker Punch||[still]\n|-fail|p2a: Kingambit\n|move|p2b: Dondozo|Liquidation|p1b: Incineroar\n|-supereffective|p1b: Incineroar|1\n|-damage|p1b: Incineroar|69/100\n|\n|-heal|p2b: Dondozo|47/100|[from] item: Leftovers\n|upkeep\n|turn|5\n|\n|t:|1788414936\n|switch|p1a: Sylveon|Sylveon, L50|100/100\n|switch|p2b: Sneasler|Sneasler, L50|100/100\n|move|p1b: Incineroar|Fake Out|p2b: Sneasler\n|-damage|p2b: Sneasler|80/100\n|move|p2a: Kingambit|Sucker Punch||[still]\n|-fail|p2a: Kingambit\n|\n|upkeep\n|turn|6\n|\n|t:|1788414963\n|move|p2b: Sneasler|Close Combat|p1b: Incineroar\n|-supereffective|p1b: Incineroar|1\n|-damage|p1b: Incineroar|0 fnt\n|-unboost|p2b: Sneasler|def|1\n|-unboost|p2b: Sneasler|spd|1\n|faint|p1b: Incineroar\n|move|p1a: Sylveon|Hyper Beam|p2a: Kingambit\n|-damage|p2a: Kingambit|0 fnt\n|-mustrecharge|p1a: Sylveon\n|faint|p2a: Kingambit\n|\n|upkeep\n|\n|t:|1788414976\n|switch|p1b: Basculegion|Basculegion, L50, M|100/100\n|switch|p2a: Baxcalibur|Baxcalibur-Mega, L50|100/100\n|turn|7\n|\n|t:|1788414995\n|move|p2b: Sneasler|Coaching|p2a: Baxcalibur\n|-boost|p2a: Baxcalibur|atk|1\n|-boost|p2a: Baxcalibur|def|1\n|move|p2a: Baxcalibur|Glaive Rush|p1b: Basculegion\n|-damage|p1b: Basculegion|0 fnt\n|-singlemove|p2a: Baxcalibur|Glaive Rush|[silent]\n|faint|p1b: Basculegion\n|cant|p1a: Sylveon|recharge\n|\n|upkeep\n|\n|t:|1788415000\n|switch|p1b: Charizard|Charizard-Mega-Y, L50|100/100\n|turn|8\n|\n|t:|1788415017\n|move|p2b: Sneasler|Dire Claw|p1a: Sylveon\n|-supereffective|p1a: Sylveon|1\n|-damage|p1a: Sylveon|11/100\n|move|p2a: Baxcalibur|Icicle Crash|p1a: Sylveon\n|-damage|p1a: Sylveon|0 fnt\n|faint|p1a: Sylveon\n|move|p1b: Charizard|Ancient Power|p2a: Baxcalibur\n|-supereffective|p2a: Baxcalibur|1\n|-damage|p2a: Baxcalibur|59/100\n|-boost|p1b: Charizard|atk|1\n|-boost|p1b: Charizard|def|1\n|-boost|p1b: Charizard|spa|1\n|-boost|p1b: Charizard|spd|1\n|-boost|p1b: Charizard|spe|1\n|\n|upkeep\n|turn|9\n|\n|t:|1788415031\n|move|p1b: Charizard|Heat Wave|p2a: Baxcalibur|[spread] p2a\n|-miss|p1b: Charizard|p2b: Sneasler\n|-damage|p2a: Baxcalibur|3/100\n|-ability|p2a: Baxcalibur|Thermal Exchange|boost\n|-boost|p2a: Baxcalibur|atk|1\n|move|p2b: Sneasler|Coaching|p2a: Baxcalibur\n|-boost|p2a: Baxcalibur|atk|1\n|-boost|p2a: Baxcalibur|def|1\n|move|p2a: Baxcalibur|Glaive Rush|p1b: Charizard\n|-damage|p1b: Charizard|0 fnt\n|-singlemove|p2a: Baxcalibur|Glaive Rush|[silent]\n|faint|p1b: Charizard\n|\n|win|copper05\n||copper05 is ready for game 2.\n|c|☆MultiPokemon|ok\n|inactive|MultiPokemon has 30 seconds to confirm battle start!\n||MultiPokemon is ready for game 2.\n|uhtml|next|Next: <a href=\"/battle-gen9championsvgc2026regmbbo3-2674826276\"><strong>Game 2 of 3</strong></a>\n","uploadtime":1788415264,"views":"2","formatid":"gen9championsvgc2026regmbbo3","rating":null,"private":0,"password":null}