{"id":"gen9championsvgc2026regmbbo3-2674508851","format":"[Gen 9 Champions] VGC 2026 Reg M-B (Bo3)","players":["Flipsicle","bronzongbroomsvgc"],"log":"|j|☆Flipsicle\n|j|☆bronzongbroomsvgc\n|html|<table width=\"100%\"><tr><td align=\"left\">Flipsicle</td><td align=\"right\">bronzongbroomsvgc</tr><tr><td align=\"left\"><i class=\"fa fa-circle-o\"></i> <i class=\"fa fa-circle-o\"></i> </td><td align=\"right\"><i class=\"fa fa-circle-o\"></i> <i class=\"fa fa-circle-o\"></i> </tr></table>\n|uhtml|bestof|<h2><strong>Game 1</strong> of <a href=\"/game-bestof3-gen9championsvgc2026regmbbo3-2674508850\">a best-of-3</a></h2>\n|t:|1788368124\n|gametype|doubles\n|player|p1|Flipsicle|elesa-masters|\n|player|p2|bronzongbroomsvgc|1|\n|gen|9\n|tier|[Gen 9 Champions] VGC 2026 Reg M-B (Bo3)\n|rule|Species Clause: Limit one of each Pokémon\n|rule|Item Clause: Limit 1 of each item\n|clearpoke\n|poke|p1|Dragonite, L50, F|\n|poke|p1|Sylveon, L50, F|\n|poke|p1|Sneasler, L50, F|\n|poke|p1|Aerodactyl, L50, F|\n|poke|p1|Garchomp, L50, F|\n|poke|p1|Kingambit, L50, F|\n|poke|p2|Toxapex, L50, M|\n|poke|p2|Incineroar, L50, M|\n|poke|p2|Sinistcha, L50|\n|poke|p2|Charizard, L50, M|\n|poke|p2|Floette-Eternal, L50, F|\n|poke|p2|Garchomp, L50, M|\n|teampreview|4\n|showteam|p1|Dragonite||Dragoninite|Multiscale|DragonPulse,HeatWave,ExtremeSpeed,Protect|Modest||F|||50|]Sylveon||ChoiceScarf|Pixilate|HyperVoice,HyperBeam,Moonblast,QuickAttack|Timid||F|||50|]Sneasler||FocusSash|PoisonTouch|PoisonJab,CloseCombat,FakeOut,Protect|Adamant||F|||50|]Aerodactyl||Aerodactylite|Unnerve|DualWingbeat,Protect,WideGuard,Tailwind|Adamant||F|||50|]Garchomp||LifeOrb|RoughSkin|Earthquake,DragonClaw,RockSlide,Protect|Jolly||F|||50|]Kingambit||ChopleBerry|Defiant|KowtowCleave,SuckerPunch,IronHead,Protect|Adamant||F|||50|\n|showteam|p2|Toxapex||Leftovers|Regenerator|BanefulBunker,WideGuard,Toxic,Infestation|Relaxed||M|||50|]Incineroar||SitrusBerry|Intimidate|FakeOut,ThroatChop,FlareBlitz,PartingShot|Adamant||M|||50|]Sinistcha||ColburBerry|Hospitality|MatchaGotcha,TrickRoom,Protect,RagePowder|Quiet|||||50|]Charizard||CharizarditeY|Blaze|HeatWave,AncientPower,WeatherBall,Protect|Timid||M|||50|]Floette-Eternal||Floettite|FlowerVeil|Moonblast,DazzlingGleam,LightofRuin,Protect|Modest||F|||50|]Garchomp||ChoiceScarf|RoughSkin|Earthquake,RockSlide,DragonClaw,StompingTantrum|Adamant||M|||50|\n|c|☆Flipsicle|glhf\n|c|☆bronzongbroomsvgc|u2\n|\n|t:|1788368187\n|teamsize|p1|4\n|teamsize|p2|4\n|start\n|switch|p1a: Sneasler|Sneasler, L50, F|100/100\n|switch|p1b: Aerodactyl|Aerodactyl, L50, F|100/100\n|switch|p2a: Toxapex|Toxapex, L50, M|100/100\n|switch|p2b: Incineroar|Incineroar, L50, M|100/100\n|-ability|p1b: Aerodactyl|Unnerve\n|-ability|p2b: Incineroar|Intimidate|boost\n|-unboost|p1a: Sneasler|atk|1\n|-unboost|p1b: Aerodactyl|atk|1\n|turn|1\n|\n|t:|1788368215\n|switch|p1b: Garchomp|Garchomp, L50, F|100/100\n|switch|p2b: Garchomp|Garchomp, L50, M|100/100\n|move|p1a: Sneasler|Fake Out|p2a: Toxapex\n|-damage|p2a: Toxapex|92/100\n|cant|p2a: Toxapex|flinch\n|\n|-heal|p2a: Toxapex|98/100|[from] item: Leftovers\n|upkeep\n|turn|2\n|\n|t:|1788368250\n|move|p2b: Garchomp|Stomping Tantrum|p1a: Sneasler\n|-supereffective|p1a: Sneasler|1\n|-enditem|p1a: Sneasler|Focus Sash\n|-damage|p1a: Sneasler|1/100\n|move|p1a: Sneasler|Close Combat|p2b: Garchomp\n|-damage|p2b: Garchomp|57/100\n|-unboost|p1a: Sneasler|def|1\n|-unboost|p1a: Sneasler|spd|1\n|-damage|p1a: Sneasler|0 fnt|[from] ability: Rough Skin|[of] p2b: Garchomp\n|faint|p1a: Sneasler\n|move|p1b: Garchomp|Dragon Claw|p2b: Garchomp\n|-supereffective|p2b: Garchomp|1\n|-damage|p2b: Garchomp|0 fnt\n|-damage|p1b: Garchomp|87/100|[from] ability: Rough Skin|[of] p2b: Garchomp\n|faint|p2b: Garchomp\n|-damage|p1b: Garchomp|78/100|[from] item: Life Orb\n|move|p2a: Toxapex|Infestation|p1b: Garchomp\n|-damage|p1b: Garchomp|74/100\n|-activate|p1b: Garchomp|move: Infestation|[of] p2a: Toxapex\n|-damage|p2a: Toxapex|85/100|[from] ability: Rough Skin|[of] p1b: Garchomp\n|\n|-heal|p2a: Toxapex|91/100|[from] item: Leftovers\n|-damage|p1b: Garchomp|62/100|[from] move: Infestation|[partiallytrapped]\n|upkeep\n|\n|t:|1788368274\n|switch|p1a: Aerodactyl|Aerodactyl, L50, F|100/100\n|switch|p2b: Floette|Floette-Eternal, L50, F|100/100\n|-ability|p1a: Aerodactyl|Unnerve\n|turn|3\n|\n|t:|1788368293\n|-heal|p2a: Toxapex|100/100|[from] ability: Regenerator|[silent]\n|switch|p2a: Incineroar|Incineroar, L50, M|100/100\n|-ability|p2a: Incineroar|Intimidate|boost\n|-unboost|p1a: Aerodactyl|atk|1\n|-unboost|p1b: Garchomp|atk|1\n|detailschange|p1a: Aerodactyl|Aerodactyl-Mega, L50, F\n|-mega|p1a: Aerodactyl|Aerodactyl|Aerodactylite\n|detailschange|p2b: Floette|Floette-Mega, L50, F\n|-mega|p2b: Floette|Floette|Floettite\n|-ability|p2b: Floette|Fairy Aura\n|move|p1a: Aerodactyl|Dual Wingbeat|p2b: Floette\n|-damage|p2b: Floette|77/100\n|-damage|p2b: Floette|59/100\n|-hitcount|p2b: Floette|2\n|move|p1b: Garchomp|Earthquake|p2a: Incineroar|[spread] p2a,p2b\n|-immune|p1a: Aerodactyl\n|-supereffective|p2a: Incineroar|1\n|-damage|p2a: Incineroar|41/100\n|-damage|p2b: Floette|28/100\n|-enditem|p2a: Incineroar|Sitrus Berry|[eat]\n|-heal|p2a: Incineroar|65/100|[from] item: Sitrus Berry\n|-damage|p1b: Garchomp|52/100|[from] item: Life Orb\n|move|p2b: Floette|Moonblast|p1a: Aerodactyl\n|-damage|p1a: Aerodactyl|13/100\n|\n|-end|p1b: Garchomp|Infestation|[partiallytrapped]|[silent]\n|upkeep\n|turn|4\n|\n|t:|1788368335\n|switch|p2b: Toxapex|Toxapex, L50, M|100/100\n|move|p1a: Aerodactyl|Dual Wingbeat|p2b: Toxapex\n|-damage|p2b: Toxapex|84/100\n|-damage|p2b: Toxapex|71/100\n|-hitcount|p2b: Toxapex|2\n|move|p1b: Garchomp|Earthquake|p2a: Incineroar|[spread] p2a,p2b\n|-immune|p1a: Aerodactyl\n|-supereffective|p2a: Incineroar|1\n|-supereffective|p2b: Toxapex|1\n|-damage|p2a: Incineroar|4/100\n|-damage|p2b: Toxapex|21/100\n|-damage|p1b: Garchomp|42/100|[from] item: Life Orb\n|move|p2a: Incineroar|Parting Shot|p1b: Garchomp\n|-unboost|p1b: Garchomp|atk|1\n|-unboost|p1b: Garchomp|spa|1\n|\n|t:|1788368349\n|switch|p2a: Floette|Floette-Mega, L50, F|28/100|[from] Parting Shot\n|-ability|p2a: Floette|Fairy Aura\n|\n|-heal|p2b: Toxapex|27/100|[from] item: Leftovers\n|upkeep\n|turn|5\n|\n|t:|1788368369\n|-heal|p2b: Toxapex|60/100|[from] ability: Regenerator|[silent]\n|switch|p2b: Incineroar|Incineroar, L50, M|4/100\n|-ability|p2b: Incineroar|Intimidate|boost\n|-unboost|p1a: Aerodactyl|atk|1\n|-unboost|p1b: Garchomp|atk|1\n|move|p2a: Floette|Protect|p2a: Floette\n|-singleturn|p2a: Floette|Protect\n|move|p1a: Aerodactyl|Dual Wingbeat|p2a: Floette\n|-activate|p2a: Floette|move: Protect\n|move|p1b: Garchomp|Earthquake|p2b: Incineroar|[spread] p2b\n|-activate|p2a: Floette|move: Protect\n|-immune|p1a: Aerodactyl\n|-supereffective|p2b: Incineroar|1\n|-damage|p2b: Incineroar|0 fnt\n|faint|p2b: Incineroar\n|-damage|p1b: Garchomp|32/100|[from] item: Life Orb\n|\n|upkeep\n|\n|t:|1788368379\n|switch|p2b: Toxapex|Toxapex, L50, M|60/100\n|turn|6\n|\n|t:|1788368389\n|move|p2b: Toxapex|Wide Guard|p2b: Toxapex\n|-singleturn|p2b: Toxapex|Wide Guard\n|move|p1a: Aerodactyl|Dual Wingbeat|p2a: Floette\n|-damage|p2a: Floette|14/100\n|-damage|p2a: Floette|0 fnt\n|faint|p2a: Floette\n|-hitcount|p2: Floette|2\n|move|p1b: Garchomp|Earthquake|p2b: Toxapex|[spread] \n|-activate|p2b: Toxapex|move: Wide Guard\n|-immune|p1a: Aerodactyl\n|\n|-heal|p2b: Toxapex|66/100|[from] item: Leftovers\n|upkeep\n|turn|7\n|\n|t:|1788368398\n|move|p2b: Toxapex|Baneful Bunker||[still]\n|-fail|p2b: Toxapex\n|move|p1a: Aerodactyl|Dual Wingbeat|p2b: Toxapex\n|-damage|p2b: Toxapex|54/100\n|-damage|p2b: Toxapex|43/100\n|-hitcount|p2b: Toxapex|2\n|move|p1b: Garchomp|Dragon Claw|p2b: Toxapex\n|-damage|p2b: Toxapex|27/100\n|-damage|p1b: Garchomp|22/100|[from] item: Life Orb\n|\n|-heal|p2b: Toxapex|33/100|[from] item: Leftovers\n|upkeep\n|turn|8\n|c|☆bronzongbroomsvgc|damn that would have been big\n|\n|t:|1788368427\n|switch|p1b: Sylveon|Sylveon, L50, F|100/100\n|move|p2b: Toxapex|Baneful Bunker|p2b: Toxapex\n|-singleturn|p2b: Toxapex|move: Protect\n|move|p1a: Aerodactyl|Tailwind|p1a: Aerodactyl\n|-sidestart|p1: Flipsicle|move: Tailwind\n|\n|-heal|p2b: Toxapex|38/100|[from] item: Leftovers\n|upkeep\n|turn|9\n|c|☆Flipsicle|lol\n|c|☆Flipsicle|ready to take this hyper beam?\n|c|☆bronzongbroomsvgc|miss\n|\n|t:|1788368447\n|switch|p1a: Garchomp|Garchomp, L50, F|22/100\n|move|p1b: Sylveon|Hyper Beam|p2b: Toxapex\n|-resisted|p2b: Toxapex|1\n|-damage|p2b: Toxapex|8/100\n|-mustrecharge|p1b: Sylveon\n|move|p2b: Toxapex|Toxic|p1b: Sylveon\n|-status|p1b: Sylveon|tox\n|\n|-heal|p2b: Toxapex|14/100|[from] item: Leftovers\n|-damage|p1b: Sylveon|94/100 tox|[from] psn\n|upkeep\n|turn|10\n|c|☆Flipsicle|omfg\n|\n|t:|1788368462\n|move|p1a: Garchomp|Protect|p1a: Garchomp\n|-singleturn|p1a: Garchomp|Protect\n|move|p2b: Toxapex|Baneful Bunker|p2b: Toxapex\n|-singleturn|p2b: Toxapex|move: Protect\n|cant|p1b: Sylveon|recharge\n|\n|-heal|p2b: Toxapex|19/100|[from] item: Leftovers\n|-damage|p1b: Sylveon|82/100 tox|[from] psn\n|upkeep\n|turn|11\n|\n|t:|1788368468\n|move|p2b: Toxapex|Baneful Bunker||[still]\n|-fail|p2b: Toxapex\n|move|p1b: Sylveon|Hyper Beam|p2b: Toxapex\n|-resisted|p2b: Toxapex|1\n|-damage|p2b: Toxapex|0 fnt\n|-mustrecharge|p1b: Sylveon\n|faint|p2b: Toxapex\n|\n|win|Flipsicle\n||bronzongbroomsvgc is ready for game 2.\n||Flipsicle is ready for game 2.\n|uhtml|next|Next: <a href=\"/battle-gen9championsvgc2026regmbbo3-2674511788\"><strong>Game 2 of 3</strong></a>\n|l|☆Flipsicle\n|player|p1|\n|j|☆Flipsicle\n|player|p1|Flipsicle|elesa-masters|\n","uploadtime":1788369168,"views":"2","formatid":"gen9championsvgc2026regmbbo3","rating":null,"private":0,"password":null}