{"id":"gen9championsvgc2026regmb-2674379040","format":"[Gen 9 Champions] VGC 2026 Reg M-B","players":["wangggggg","tungtungsahurh"],"log":"|j|☆wangggggg\n|j|☆tungtungsahurh\n|t:|1788351882\n|gametype|doubles\n|player|p1|wangggggg|ghetsis-gen5bw|1187\n|player|p2|tungtungsahurh|bertha|1286\n|gen|9\n|tier|[Gen 9 Champions] VGC 2026 Reg M-B\n|rated|\n|rule|Species Clause: Limit one of each Pokémon\n|rule|Item Clause: Limit 1 of each item\n|clearpoke\n|poke|p1|Kleavor, L50, F|\n|poke|p1|Staraptor, L50, F|\n|poke|p1|Whimsicott, L50, M|\n|poke|p1|Maushold, L50|\n|poke|p1|Kingambit, L50, F|\n|poke|p1|Basculegion, L50, M|\n|poke|p2|Decidueye, L50, F|\n|poke|p2|Politoed, L50, M|\n|poke|p2|Whimsicott, L50, F|\n|poke|p2|Incineroar, L50, M|\n|poke|p2|Glimmora, L50, F|\n|poke|p2|Metagross, L50|\n|teampreview|4\n|inactive|Battle timer is ON: inactive players will automatically lose when time's up. (requested by wangggggg)\n|inactive|wangggggg has 60 seconds left.\n|inactive|tungtungsahurh has 60 seconds left.\n|\n|t:|1788351920\n|teamsize|p1|4\n|teamsize|p2|4\n|start\n|switch|p1a: Kingambit|Kingambit, L50, F|100/100\n|switch|p1b: Whimsicott|Whimsicott, L50, M|100/100\n|switch|p2a: Metagross|Metagross, L50|100/100\n|switch|p2b: Whimsicott|Whimsicott, L50, F|100/100\n|turn|1\n|inactive|tungtungsahurh has 30 seconds left.\n|\n|t:|1788351949\n|switch|p2a: Glimmora|Glimmora, L50, F|100/100\n|move|p2b: Whimsicott|Tailwind|p2b: Whimsicott\n|-sidestart|p2: tungtungsahurh|move: Tailwind\n|move|p1b: Whimsicott|Tailwind|p1b: Whimsicott\n|-sidestart|p1: wangggggg|move: Tailwind\n|move|p1a: Kingambit|Sucker Punch||[still]\n|-fail|p1a: Kingambit\n|\n|upkeep\n|turn|2\n|\n|t:|1788351966\n|move|p1b: Whimsicott|Encore|p2b: Whimsicott\n|-start|p2b: Whimsicott|Encore\n|move|p2b: Whimsicott|Tailwind||[still]\n|-fail|p2b: Whimsicott\n|move|p2a: Glimmora|Earth Power|p1a: Kingambit\n|-supereffective|p1a: Kingambit|1\n|-damage|p1a: Kingambit|27/100\n|move|p1a: Kingambit|Iron Head|p2a: Glimmora\n|-supereffective|p2a: Glimmora|1\n|-damage|p2a: Glimmora|0 fnt\n|-activate|p2a: Glimmora|ability: Toxic Debris\n|-sidestart|p1: wangggggg|move: Toxic Spikes\n|faint|p2a: Glimmora\n|-damage|p1a: Kingambit|17/100|[from] item: Life Orb\n|\n|upkeep\n|\n|t:|1788351980\n|switch|p2a: Incineroar|Incineroar, L50, M|100/100\n|-ability|p2a: Incineroar|Intimidate|boost\n|-unboost|p1a: Kingambit|atk|1\n|-ability|p1a: Kingambit|Defiant|boost\n|-boost|p1a: Kingambit|atk|2\n|-unboost|p1b: Whimsicott|atk|1\n|turn|3\n|\n|t:|1788352003\n|switch|p2b: Metagross|Metagross, L50|100/100\n|move|p1a: Kingambit|Protect|p1a: Kingambit\n|-singleturn|p1a: Kingambit|Protect\n|move|p1b: Whimsicott|Moonblast|p2a: Incineroar\n|-damage|p2a: Incineroar|76/100\n|move|p2a: Incineroar|Parting Shot|p1a: Kingambit\n|-activate|p1a: Kingambit|move: Protect\n|\n|upkeep\n|turn|4\n|\n|t:|1788352026\n|switch|p1b: Staraptor|Staraptor, L50, F|100/100\n|-ability|p1b: Staraptor|Intimidate|boost\n|-unboost|p2a: Incineroar|atk|1\n|-fail|p2b: Metagross|unboost|[from] ability: Clear Body|[of] p2b: Metagross\n|detailschange|p2b: Metagross|Metagross-Mega, L50\n|-mega|p2b: Metagross|Metagross|Metagrossite\n|move|p2b: Metagross|Meteor Mash|p1b: Staraptor\n|-damage|p1b: Staraptor|1/100\n|move|p1a: Kingambit|Kowtow Cleave|p2b: Metagross\n|-supereffective|p2b: Metagross|1\n|-damage|p2b: Metagross|0 fnt\n|faint|p2b: Metagross\n|-damage|p1a: Kingambit|8/100|[from] item: Life Orb\n|move|p2a: Incineroar|Parting Shot|p1a: Kingambit\n|-unboost|p1a: Kingambit|atk|1\n|-ability|p1a: Kingambit|Defiant|boost\n|-boost|p1a: Kingambit|atk|2\n|-unboost|p1a: Kingambit|spa|1\n|-ability|p1a: Kingambit|Defiant|boost\n|-boost|p1a: Kingambit|atk|2\n|\n|t:|1788352046\n|switch|p2a: Whimsicott|Whimsicott, L50, F|100/100|[from] Parting Shot\n|\n|-sideend|p1: wangggggg|move: Tailwind\n|-sideend|p2: tungtungsahurh|move: Tailwind\n|upkeep\n|\n|t:|1788352050\n|switch|p2b: Incineroar|Incineroar, L50, M|76/100\n|-ability|p2b: Incineroar|Intimidate|boost\n|-unboost|p1a: Kingambit|atk|1\n|-ability|p1a: Kingambit|Defiant|boost\n|-boost|p1a: Kingambit|atk|2\n|-unboost|p1b: Staraptor|atk|1\n|turn|5\n|\n|t:|1788352069\n|detailschange|p1b: Staraptor|Staraptor-Mega, L50, F\n|-mega|p1b: Staraptor|Staraptor|Staraptite\n|move|p1b: Staraptor|Protect|p1b: Staraptor\n|-singleturn|p1b: Staraptor|Protect\n|move|p2b: Incineroar|Fake Out|p1a: Kingambit\n|-resisted|p1a: Kingambit|1\n|-damage|p1a: Kingambit|2/100\n|move|p2a: Whimsicott|Tailwind|p2a: Whimsicott\n|-sidestart|p2: tungtungsahurh|move: Tailwind\n|cant|p1a: Kingambit|flinch\n|\n|upkeep\n|turn|6\n|\n|t:|1788352086\n|move|p1a: Kingambit|Sucker Punch|p2b: Incineroar\n|-resisted|p2b: Incineroar|1\n|-damage|p2b: Incineroar|0 fnt\n|faint|p2b: Incineroar\n|-damage|p1a: Kingambit|0 fnt|[from] item: Life Orb\n|faint|p1a: Kingambit\n|move|p2a: Whimsicott|Moonblast|p1b: Staraptor\n|-supereffective|p1b: Staraptor|1\n|-damage|p1b: Staraptor|0 fnt\n|faint|p1b: Staraptor\n|\n|upkeep\n|\n|t:|1788352096\n|switch|p1b: Whimsicott|Whimsicott, L50, M|100/100\n|switch|p1a: Basculegion|Basculegion, L50, M|100/100\n|-status|p1a: Basculegion|psn\n|-status|p1b: Whimsicott|psn\n|turn|7\n|\n|t:|1788352108\n|move|p1b: Whimsicott|Tailwind|p1b: Whimsicott\n|-sidestart|p1: wangggggg|move: Tailwind\n|move|p1a: Basculegion|Soak|p2a: Whimsicott\n|-start|p2a: Whimsicott|typechange|Water\n|move|p2a: Whimsicott|Moonblast|p1a: Basculegion\n|-damage|p1a: Basculegion|74/100 psn\n|\n|-damage|p1a: Basculegion|62/100 psn|[from] psn\n|-damage|p1b: Whimsicott|88/100 psn|[from] psn\n|upkeep\n|turn|8\n|-message|tungtungsahurh forfeited.\n|\n|win|wangggggg\n|raw|wangggggg's rating: 1187 &rarr; <strong>1219</strong><br />(+32 for winning)\n|raw|tungtungsahurh's rating: 1286 &rarr; <strong>1254</strong><br />(-32 for losing)\n|l|☆tungtungsahurh\n|player|p2|\n","uploadtime":1788352123,"views":"4","formatid":"gen9championsvgc2026regmb","rating":1219,"private":0,"password":null}