{"id":"gen9championsvgc2026regmb-2673868662","format":"[Gen 9 Champions] VGC 2026 Reg M-B","players":["notbloodmask","Easterfgc"],"log":"|j|☆notbloodmask\n|j|☆Easterfgc\n|t:|1788270879\n|gametype|doubles\n|player|p1|notbloodmask|unknown|1211\n|player|p2|Easterfgc|101|1290\n|gen|9\n|tier|[Gen 9 Champions] VGC 2026 Reg M-B\n|rated|\n|rule|Species Clause: Limit one of each Pokémon\n|rule|Item Clause: Limit 1 of each item\n|clearpoke\n|poke|p1|Absol, L50, F|\n|poke|p1|Rotom-Wash, L50|\n|poke|p1|Garchomp, L50, F|\n|poke|p1|Incineroar, L50, F|\n|poke|p1|Sinistcha, L50|\n|poke|p1|Venusaur, L50, F|\n|poke|p2|Raichu, L50, M|\n|poke|p2|Scizor, L50, M|\n|poke|p2|Sinistcha, L50|\n|poke|p2|Ceruledge, L50, M, shiny|\n|poke|p2|Milotic, L50, M, shiny|\n|poke|p2|Incineroar, L50, F|\n|teampreview|4\n|\n|t:|1788270940\n|teamsize|p1|4\n|teamsize|p2|4\n|start\n|switch|p1a: Incineroar|Incineroar, L50, F|100/100\n|switch|p1b: Rotom|Rotom-Wash, L50|100/100\n|switch|p2a: Milotic|Milotic, L50, M, shiny|100/100\n|switch|p2b: Incineroar|Incineroar, L50, F|100/100\n|-ability|p2b: Incineroar|Intimidate|boost\n|-unboost|p1a: Incineroar|atk|1\n|-unboost|p1b: Rotom|atk|1\n|-ability|p1a: Incineroar|Intimidate|boost\n|-unboost|p2a: Milotic|atk|1\n|-ability|p2a: Milotic|Competitive|boost\n|-boost|p2a: Milotic|spa|2\n|-unboost|p2b: Incineroar|atk|1\n|turn|1\n|\n|t:|1788270967\n|switch|p2b: Raichu|Raichu, L50, M|100/100\n|move|p1a: Incineroar|Fake Out|p2a: Milotic\n|-damage|p2a: Milotic|93/100\n|move|p1b: Rotom|Thunderbolt|p2b: Raichu\n|-activate|p2b: Raichu|ability: Lightning Rod\n|-ability|p2b: Raichu|Lightning Rod|boost\n|-boost|p2b: Raichu|spa|1\n|cant|p2a: Milotic|flinch\n|\n|-heal|p2a: Milotic|99/100|[from] item: Leftovers\n|upkeep\n|turn|2\n|\n|t:|1788270992\n|move|p1b: Rotom|Protect|p1b: Rotom\n|-singleturn|p1b: Rotom|Protect\n|move|p2b: Raichu|Fake Out|p1a: Incineroar\n|-damage|p1a: Incineroar|91/100\n|move|p2a: Milotic|Coil|p2a: Milotic\n|-boost|p2a: Milotic|atk|1\n|-boost|p2a: Milotic|def|1\n|-boost|p2a: Milotic|accuracy|1\n|cant|p1a: Incineroar|flinch\n|\n|-heal|p2a: Milotic|100/100|[from] item: Leftovers\n|upkeep\n|turn|3\n|\n|t:|1788271017\n|switch|p1a: Garchomp|Garchomp, L50, F|100/100\n|move|p2b: Raichu|Protect|p2b: Raichu\n|-singleturn|p2b: Raichu|Protect\n|move|p1b: Rotom|Will-O-Wisp|p2a: Milotic\n|-status|p2a: Milotic|brn\n|move|p2a: Milotic|Muddy Water|p1b: Rotom|[spread] p1a,p1b\n|-resisted|p1b: Rotom|1\n|-damage|p1a: Garchomp|49/100\n|-damage|p1b: Rotom|73/100\n|\n|-damage|p2a: Milotic|94/100 brn|[from] brn\n|upkeep\n|turn|4\n|\n|t:|1788271043\n|switch|p2b: Incineroar|Incineroar, L50, F|100/100\n|-ability|p2b: Incineroar|Intimidate|boost\n|-unboost|p1a: Garchomp|atk|1\n|-unboost|p1b: Rotom|atk|1\n|move|p1a: Garchomp|Earthquake|p2a: Milotic|[spread] p2a,p2b\n|-immune|p1b: Rotom|[from] ability: Levitate\n|-supereffective|p2b: Incineroar|1\n|-damage|p2a: Milotic|76/100 brn\n|-damage|p2b: Incineroar|57/100\n|-damage|p1a: Garchomp|39/100|[from] item: Life Orb\n|move|p1b: Rotom|Hydro Pump|p2b: Incineroar\n|-supereffective|p2b: Incineroar|1\n|-damage|p2b: Incineroar|0 fnt\n|faint|p2b: Incineroar\n|move|p2a: Milotic|Muddy Water|p1a: Garchomp|[spread] p1a,p1b\n|-resisted|p1b: Rotom|1\n|-damage|p1a: Garchomp|0 fnt\n|-damage|p1b: Rotom|48/100\n|-enditem|p1b: Rotom|Sitrus Berry|[eat]\n|-heal|p1b: Rotom|73/100|[from] item: Sitrus Berry\n|faint|p1a: Garchomp\n|\n|-heal|p2a: Milotic|82/100 brn|[from] item: Leftovers\n|-damage|p2a: Milotic|76/100 brn|[from] brn\n|upkeep\n|\n|t:|1788271064\n|switch|p1a: Absol|Absol, L50, F|100/100\n|switch|p2b: Raichu|Raichu, L50, M|100/100\n|-ability|p1a: Absol|Pressure\n|turn|5\n|\n|t:|1788271085\n|detailschange|p1a: Absol|Absol-Mega, L50, F\n|-mega|p1a: Absol|Absol|Absolite\n|move|p1b: Rotom|Protect|p1b: Rotom\n|-singleturn|p1b: Rotom|Protect\n|move|p2b: Raichu|Fake Out|p1a: Absol\n|-damage|p1a: Absol|85/100\n|cant|p1a: Absol|flinch\n|move|p2a: Milotic|Hypnosis|p1a: Absol\n|move|p1a: Absol|Hypnosis||[from] ability: Magic Bounce|[still]\n|-fail|p1a: Absol\n|\n|-heal|p2a: Milotic|82/100 brn|[from] item: Leftovers\n|-damage|p2a: Milotic|76/100 brn|[from] brn\n|upkeep\n|turn|6\n|\n|t:|1788271102\n|detailschange|p2b: Raichu|Raichu-Mega-Y, L50, M\n|-mega|p2b: Raichu|Raichu|Raichunite Y\n|move|p2b: Raichu|Focus Blast|p1a: Absol\n|-supereffective|p1a: Absol|1\n|-damage|p1a: Absol|0 fnt\n|faint|p1a: Absol\n|move|p1b: Rotom|Will-O-Wisp|p2b: Raichu\n|-status|p2b: Raichu|brn\n|move|p2a: Milotic|Muddy Water|p1b: Rotom\n|-resisted|p1b: Rotom|1\n|-damage|p1b: Rotom|35/100\n|-unboost|p1b: Rotom|accuracy|1\n|\n|-heal|p2a: Milotic|82/100 brn|[from] item: Leftovers\n|-damage|p2b: Raichu|93/100 brn|[from] brn\n|-damage|p2a: Milotic|76/100 brn|[from] brn\n|upkeep\n|\n|t:|1788271117\n|switch|p1a: Incineroar|Incineroar, L50, F|91/100\n|-ability|p1a: Incineroar|Intimidate|boost\n|-unboost|p2a: Milotic|atk|1\n|-ability|p2a: Milotic|Competitive|boost\n|-boost|p2a: Milotic|spa|2\n|-unboost|p2b: Raichu|atk|1\n|turn|7\n|\n|t:|1788271136\n|move|p2b: Raichu|Protect|p2b: Raichu\n|-singleturn|p2b: Raichu|Protect\n|move|p2a: Milotic|Protect|p2a: Milotic\n|-singleturn|p2a: Milotic|Protect\n|move|p1a: Incineroar|Fake Out|p2a: Milotic\n|-activate|p2a: Milotic|move: Protect\n|move|p1b: Rotom|Hydro Pump|p2b: Raichu\n|-activate|p2b: Raichu|move: Protect\n|\n|-heal|p2a: Milotic|82/100 brn|[from] item: Leftovers\n|-damage|p2b: Raichu|87/100 brn|[from] brn\n|-damage|p2a: Milotic|76/100 brn|[from] brn\n|upkeep\n|turn|8\n|\n|t:|1788271165\n|move|p1b: Rotom|Protect|p1b: Rotom\n|-singleturn|p1b: Rotom|Protect\n|move|p2b: Raichu|Zap Cannon|p1b: Rotom\n|-activate|p1b: Rotom|move: Protect\n|move|p2a: Milotic|Muddy Water|p1a: Incineroar|[spread] p1a\n|-activate|p1b: Rotom|move: Protect\n|-supereffective|p1a: Incineroar|1\n|-enditem|p1a: Incineroar|Passho Berry|[eat]\n|-enditem|p1a: Incineroar|Passho Berry|[weaken]\n|-damage|p1a: Incineroar|29/100\n|move|p1a: Incineroar|Throat Chop|p2a: Milotic\n|-damage|p2a: Milotic|57/100 brn\n|-start|p2a: Milotic|Throat Chop|[silent]\n|\n|-heal|p2a: Milotic|63/100 brn|[from] item: Leftovers\n|-damage|p2b: Raichu|81/100 brn|[from] brn\n|-damage|p2a: Milotic|57/100 brn|[from] brn\n|upkeep\n|turn|9\n|\n|t:|1788271193\n|move|p2b: Raichu|Zap Cannon|p1b: Rotom\n|-damage|p1b: Rotom|0 fnt\n|faint|p1b: Rotom\n|move|p2a: Milotic|Muddy Water|p1a: Incineroar\n|-supereffective|p1a: Incineroar|1\n|-damage|p1a: Incineroar|0 fnt\n|faint|p1a: Incineroar\n|\n|win|Easterfgc\n|raw|notbloodmask's rating: 1211 &rarr; <strong>1192</strong><br />(-19 for losing)\n|raw|Easterfgc's rating: 1290 &rarr; <strong>1309</strong><br />(+19 for winning)\n","uploadtime":1788271201,"views":"1","formatid":"gen9championsvgc2026regmb","rating":1192,"private":0,"password":null}