{"id":"gen9championsvgc2026regmbbo3-2674419757","format":"[Gen 9 Champions] VGC 2026 Reg M-B (Bo3)","players":["jeanryupr","asefutah"],"log":"|j|☆jeanryupr\n|j|☆asefutah\n|html|<table width=\"100%\"><tr><td align=\"left\">jeanryupr</td><td align=\"right\">asefutah</tr><tr><td align=\"left\"><i class=\"fa fa-circle-o\"></i> <i class=\"fa fa-circle-o\"></i> </td><td align=\"right\"><i class=\"fa fa-circle-o\"></i> <i class=\"fa fa-circle-o\"></i> </tr></table>\n|uhtml|bestof|<h2><strong>Game 1</strong> of <a href=\"/game-bestof3-gen9championsvgc2026regmbbo3-2674419756\">a best-of-3</a></h2>\n|t:|1788357586\n|gametype|doubles\n|player|p1|jeanryupr|2|1243\n|player|p2|asefutah|unknownf|1390\n|gen|9\n|tier|[Gen 9 Champions] VGC 2026 Reg M-B (Bo3)\n|rated|\n|rule|Species Clause: Limit one of each Pokémon\n|rule|Item Clause: Limit 1 of each item\n|clearpoke\n|poke|p1|Scovillain, L50, F, shiny|\n|poke|p1|Basculegion, L50, M|\n|poke|p1|Kingambit, L50, M|\n|poke|p1|Sneasler, L50, M|\n|poke|p1|Lycanroc-Dusk, L50, F|\n|poke|p1|Froslass, L50, F|\n|poke|p2|Staraptor, L50, M|\n|poke|p2|Scizor, L50, M|\n|poke|p2|Torkoal, L50, M|\n|poke|p2|Farigiraf, L50, F|\n|poke|p2|Basculegion, L50, M|\n|poke|p2|Sneasler, L50, F|\n|teampreview|4\n|showteam|p1|Scovillain||Scovillainite|Moody|GigaDrain,Overheat,RagePowder,Protect|Bold||F|||50|]Basculegion||LifeOrb|Adaptability|WaveCrash,LastRespects,AquaJet,Protect|Adamant||M|||50|]Kingambit||BlackGlasses|Defiant|KowtowCleave,SuckerPunch,SwordsDance,Protect|Adamant||M|||50|]Sneasler||WhiteHerb|Unburden|CloseCombat,DireClaw,Protect,FakeOut|Adamant||M|||50|]Lycanroc-Dusk||FocusSash|ToughClaws|CloseCombat,Accelerock,RockSlide,Protect|Adamant||F|||50|]Froslass||Froslassite|CursedBody|Blizzard,ShadowBall,AuroraVeil,Protect|Timid||F|||50|\n|showteam|p2|Staraptor||Staraptite|Intimidate|CloseCombat,BraveBird,Roost,Protect|Jolly||M|||50|]Scizor||MetalCoat|Technician|BulletPunch,CloseCombat,KnockOff,Protect|Adamant||M|||50|]Torkoal||Charcoal|Drought|Eruption,HeatWave,WeatherBall,Protect|Quiet||M|||50|]Farigiraf||SitrusBerry|ArmorTail|Psychic,HelpingHand,TrickRoom,Protect|Sassy||F|||50|]Basculegion||ChoiceScarf|Adaptability|LastRespects,WaveCrash,AquaJet,FlipTurn|Jolly||M|||50|]Sneasler||LifeOrb|PoisonTouch|FakeOut,CloseCombat,PoisonJab,RockSlide|Adamant||F|||50|\n|inactive|Battle timer is ON: inactive players will automatically lose when time's up. (requested by asefutah)\n|inactive|jeanryupr has 60 seconds left.\n|inactive|jeanryupr has 30 seconds left.\n|inactive|jeanryupr has 20 seconds left.\n|inactive|jeanryupr has 15 seconds left.\n|\n|t:|1788357666\n|teamsize|p1|4\n|teamsize|p2|4\n|start\n|switch|p1a: Scovillain|Scovillain, L50, F, shiny|100/100\n|switch|p1b: Sneasler|Sneasler, L50, M|100/100\n|switch|p2a: Farigiraf|Farigiraf, L50, F|100/100\n|switch|p2b: Basculegion|Basculegion, L50, M|100/100\n|turn|1\n|\n|t:|1788357690\n|switch|p2b: Torkoal|Torkoal, L50, M|100/100\n|-weather|SunnyDay|[from] ability: Drought|[of] p2b: Torkoal\n|detailschange|p1a: Scovillain|Scovillain-Mega, L50, F, shiny\n|-mega|p1a: Scovillain|Scovillain|Scovillainite\n|move|p1a: Scovillain|Rage Powder|p1a: Scovillain\n|-singleturn|p1a: Scovillain|move: Rage Powder\n|move|p1b: Sneasler|Dire Claw|p2a: Farigiraf\n|-damage|p2a: Farigiraf|59/100\n|-status|p2a: Farigiraf|slp\n|cant|p2a: Farigiraf|slp\n|\n|-weather|SunnyDay|[upkeep]\n|upkeep\n|turn|2\n|n|!asefutah|asefutah\n|\n|t:|1788357707\n|move|p2b: Torkoal|Protect|p2b: Torkoal\n|-singleturn|p2b: Torkoal|Protect\n|move|p1b: Sneasler|Close Combat|p2b: Torkoal\n|-activate|p2b: Torkoal|move: Protect\n|move|p1a: Scovillain|Overheat|p2a: Farigiraf\n|-damage|p2a: Farigiraf|0 fnt\n|-unboost|p1a: Scovillain|spa|2\n|faint|p2a: Farigiraf\n|\n|-weather|SunnyDay|[upkeep]\n|upkeep\n|\n|t:|1788357722\n|switch|p2a: Staraptor|Staraptor, L50, M|100/100\n|-ability|p2a: Staraptor|Intimidate|boost\n|-unboost|p1a: Scovillain|atk|1\n|-unboost|p1b: Sneasler|atk|1\n|-enditem|p1b: Sneasler|White Herb\n|-clearnegativeboost|p1b: Sneasler|[silent]\n|turn|3\n|\n|t:|1788357745\n|detailschange|p2a: Staraptor|Staraptor-Mega, L50, M\n|-mega|p2a: Staraptor|Staraptor|Staraptite\n|move|p2a: Staraptor|Protect|p2a: Staraptor\n|-singleturn|p2a: Staraptor|Protect\n|move|p1a: Scovillain|Rage Powder|p1a: Scovillain\n|-singleturn|p1a: Scovillain|move: Rage Powder\n|move|p1b: Sneasler|Close Combat|p2b: Torkoal\n|-damage|p2b: Torkoal|54/100\n|-unboost|p1b: Sneasler|def|1\n|-unboost|p1b: Sneasler|spd|1\n|move|p2b: Torkoal|Weather Ball|p1a: Scovillain\n|-damage|p1a: Scovillain|21/100\n|\n|-weather|SunnyDay|[upkeep]\n|upkeep\n|turn|4\n|\n|t:|1788357766\n|move|p1a: Scovillain|Rage Powder|p1a: Scovillain\n|-singleturn|p1a: Scovillain|move: Rage Powder\n|move|p1b: Sneasler|Dire Claw|p2a: Staraptor\n|-damage|p2a: Staraptor|62/100\n|move|p2a: Staraptor|Brave Bird|p1a: Scovillain\n|-supereffective|p1a: Scovillain|1\n|-damage|p1a: Scovillain|0 fnt\n|-status|p2a: Staraptor|brn|[from] ability: Spicy Spray|[of] p1a: Scovillain\n|faint|p1a: Scovillain\n|-damage|p2a: Staraptor|56/100 brn|[from] Recoil\n|move|p2b: Torkoal|Heat Wave|p1b: Sneasler|[miss]\n|-miss|p2b: Torkoal|p1b: Sneasler\n|\n|-weather|SunnyDay|[upkeep]\n|-damage|p2a: Staraptor|50/100g brn|[from] brn\n|upkeep\n|\n|t:|1788357777\n|switch|p1a: Basculegion|Basculegion, L50, M|100/100\n|turn|5\n|inactive|asefutah has 30 seconds left.\n|inactive|asefutah has 20 seconds left.\n|inactive|asefutah has 15 seconds left.\n|inactive|asefutah has 10 seconds left.\n|inactive|asefutah has 5 seconds left.\n|\n|t:|1788357829\n|move|p1b: Sneasler|Protect|p1b: Sneasler\n|-singleturn|p1b: Sneasler|Protect\n|move|p2a: Staraptor|Brave Bird|p1a: Basculegion\n|-damage|p1a: Basculegion|68/100\n|-damage|p2a: Staraptor|39/100 brn|[from] Recoil\n|move|p1a: Basculegion|Last Respects|p2a: Staraptor\n|-damage|p2a: Staraptor|0 fnt\n|faint|p2a: Staraptor\n|-damage|p1a: Basculegion|59/100|[from] item: Life Orb\n|move|p2b: Torkoal|Weather Ball|p1b: Sneasler\n|-activate|p1b: Sneasler|move: Protect\n|\n|-weather|none\n|upkeep\n|\n|t:|1788357836\n|switch|p2a: Basculegion|Basculegion, L50, M|100/100\n|turn|6\n|\n|t:|1788357859\n|move|p2b: Torkoal|Protect|p2b: Torkoal\n|-singleturn|p2b: Torkoal|Protect\n|move|p1b: Sneasler|Dire Claw|p2b: Torkoal\n|-activate|p2b: Torkoal|move: Protect\n|move|p2a: Basculegion|Last Respects|p1b: Sneasler\n|-damage|p1b: Sneasler|0 fnt\n|faint|p1b: Sneasler\n|move|p1a: Basculegion|Wave Crash|p2b: Torkoal\n|-activate|p2b: Torkoal|move: Protect\n|\n|upkeep\n|\n|t:|1788357861\n|switch|p1b: Kingambit|Kingambit, L50, M|100/100\n|turn|7\n|\n|t:|1788357874\n|move|p1a: Basculegion|Protect|p1a: Basculegion\n|-singleturn|p1a: Basculegion|Protect\n|move|p1b: Kingambit|Sucker Punch|p2a: Basculegion\n|-supereffective|p2a: Basculegion|1\n|-damage|p2a: Basculegion|0 fnt\n|faint|p2a: Basculegion\n|move|p2b: Torkoal|Heat Wave|p1a: Basculegion|[spread] p1b\n|-activate|p1a: Basculegion|move: Protect\n|-supereffective|p1b: Kingambit|1\n|-damage|p1b: Kingambit|21/100\n|\n|upkeep\n|turn|8\n|\n|t:|1788357884\n|move|p1b: Kingambit|Sucker Punch|p2b: Torkoal\n|-damage|p2b: Torkoal|16/100\n|move|p1a: Basculegion|Wave Crash|p2b: Torkoal\n|-supereffective|p2b: Torkoal|1\n|-damage|p2b: Torkoal|0 fnt\n|faint|p2b: Torkoal\n|-damage|p1a: Basculegion|54/100|[from] Recoil\n|-damage|p1a: Basculegion|44/100|[from] item: Life Orb\n|\n|win|jeanryupr\n","uploadtime":1788357701,"views":"0","formatid":"gen9championsvgc2026regmbbo3","rating":null,"private":0,"password":null}