{"id":"gen9championsvgc2026regmbbo3-2673982835","format":"[Gen 9 Champions] VGC 2026 Reg M-B (Bo3)","players":["Pawah","wingblade33"],"log":"|j|☆Pawah\n|j|☆wingblade33\n|html|<table width=\"100%\"><tr><td align=\"left\">Pawah</td><td align=\"right\">wingblade33</tr><tr><td align=\"left\"><i class=\"fa fa-circle\"></i> <i class=\"fa fa-circle-o\"></i> </td><td align=\"right\"><i class=\"fa fa-circle-o\"></i> <i class=\"fa fa-circle-o\"></i> </tr></table>\n|uhtml|bestof|<h2><strong>Game 2</strong> of <a href=\"/game-bestof3-gen9championsvgc2026regmbbo3-2673980654\">a best-of-3</a></h2>\n|t:|1788284670\n|gametype|doubles\n|player|p1|Pawah|ethan|1204\n|player|p2|wingblade33|101|1109\n|gen|9\n|tier|[Gen 9 Champions] VGC 2026 Reg M-B (Bo3)\n|rated|\n|rule|Species Clause: Limit one of each Pokémon\n|rule|Item Clause: Limit 1 of each item\n|clearpoke\n|poke|p1|Froslass, L50, F|\n|poke|p1|Scovillain, L50, M, shiny|\n|poke|p1|Basculegion, L50, M|\n|poke|p1|Kingambit, L50, F|\n|poke|p1|Sneasler, L50, M|\n|poke|p1|Lycanroc-Dusk, L50, M|\n|poke|p2|Tyranitar, L50, F|\n|poke|p2|Basculegion, L50, M|\n|poke|p2|Farigiraf, L50, F|\n|poke|p2|Whimsicott, L50, M|\n|poke|p2|Excadrill, L50, M|\n|poke|p2|Staraptor, L50, F|\n|teampreview|4\n|showteam|p1|Froslass||Froslassite|CursedBody|Blizzard,ShadowBall,AuroraVeil,Protect|Modest||F|||50|]Scovillain||Scovillainite|Moody|GigaDrain,Overheat,RagePowder,Protect|Bold||M|||50|]Basculegion||SitrusBerry|Adaptability|WaveCrash,LastRespects,AquaJet,Protect|Adamant||M|||50|]Kingambit||BlackGlasses|Defiant|KowtowCleave,SuckerPunch,SwordsDance,Protect|Adamant||F|||50|]Sneasler||WhiteHerb|Unburden|CloseCombat,GunkShot,Protect,FakeOut|Adamant||M|||50|]Lycanroc-Dusk||FocusSash|ToughClaws|CloseCombat,Accelerock,RockSlide,Protect|Adamant||M|||50|\n|showteam|p2|Tyranitar||Tyranitarite|SandStream|KnockOff,LowKick,RockSlide,Protect|Adamant||F|||50|]Basculegion||LifeOrb|Adaptability|LastRespects,WaveCrash,AquaJet,Protect|Adamant||M|||50|]Farigiraf||SitrusBerry|ArmorTail|Psychic,TrickRoom,Roar,Thunderbolt|Modest||F|||50|]Whimsicott||FocusSash|Prankster|Moonblast,Tailwind,Charm,Encore|Timid||M|||50|]Excadrill||ExpertBelt|SandRush|HighHorsepower,IronHead,RockSlide,Protect|Adamant||M|||50|]Staraptor||Staraptite|Reckless|CloseCombat,BraveBird,Tailwind,Protect|Jolly||F|||50|\n|inactive|Battle timer is ON: inactive players will automatically lose when time's up. (requested by Pawah)\n|inactive|wingblade33 has 60 seconds left.\n|\n|t:|1788284702\n|teamsize|p1|4\n|teamsize|p2|4\n|start\n|switch|p1a: Scovillain|Scovillain, L50, M, shiny|100/100\n|switch|p1b: Basculegion|Basculegion, L50, M|100/100\n|switch|p2a: Whimsicott|Whimsicott, L50, M|100/100\n|switch|p2b: Basculegion|Basculegion, L50, M|100/100\n|turn|1\n|\n|t:|1788284722\n|switch|p2b: Farigiraf|Farigiraf, L50, F|100/100\n|detailschange|p1a: Scovillain|Scovillain-Mega, L50, M, shiny\n|-mega|p1a: Scovillain|Scovillain|Scovillainite\n|move|p1a: Scovillain|Rage Powder|p1a: Scovillain\n|-singleturn|p1a: Scovillain|move: Rage Powder\n|move|p2a: Whimsicott|Charm|p1b: Basculegion\n|-unboost|p1b: Basculegion|atk|2\n|move|p1b: Basculegion|Last Respects|p2b: Farigiraf\n|-immune|p2b: Farigiraf\n|\n|upkeep\n|turn|2\n|inactive|wingblade33 has 30 seconds left.\n|inactive|wingblade33 has 20 seconds left.\n|inactive|wingblade33 has 15 seconds left.\n|inactive|wingblade33 has 10 seconds left.\n|inactive|wingblade33 has 5 seconds left.\n|\n|t:|1788284772\n|switch|p2a: Tyranitar|Tyranitar, L50, F|100/100\n|-weather|Sandstorm|[from] ability: Sand Stream|[of] p2a: Tyranitar\n|move|p1a: Scovillain|Giga Drain|p2b: Farigiraf\n|-damage|p2b: Farigiraf|63/100\n|move|p1b: Basculegion|Wave Crash|p2b: Farigiraf\n|-damage|p2b: Farigiraf|30/100\n|-enditem|p2b: Farigiraf|Sitrus Berry|[eat]\n|-heal|p2b: Farigiraf|55/100|[from] item: Sitrus Berry\n|-damage|p1b: Basculegion|88/100|[from] Recoil\n|move|p2b: Farigiraf|Roar|p1a: Scovillain\n|drag|p1a: Sneasler|Sneasler, L50, M|100/100\n|\n|-weather|Sandstorm|[upkeep]\n|-damage|p1a: Sneasler|94/100|[from] Sandstorm\n|-damage|p1b: Basculegion|82/100|[from] Sandstorm\n|-damage|p2b: Farigiraf|48/100|[from] Sandstorm\n|upkeep\n|turn|3\n|inactive|wingblade33 has 30 seconds left.\n|\n|t:|1788284805\n|switch|p2b: Basculegion|Basculegion, L50, M|100/100\n|detailschange|p2a: Tyranitar|Tyranitar-Mega, L50, F\n|-mega|p2a: Tyranitar|Tyranitar|Tyranitarite\n|move|p1a: Sneasler|Close Combat|p2b: Basculegion\n|-immune|p2b: Basculegion\n|move|p2a: Tyranitar|Knock Off|p1b: Basculegion\n|-supereffective|p1b: Basculegion|1\n|-damage|p1b: Basculegion|0 fnt\n|-enditem|p1b: Basculegion|Sitrus Berry|[from] move: Knock Off|[of] p2a: Tyranitar\n|faint|p1b: Basculegion\n|\n|-weather|Sandstorm|[upkeep]\n|-damage|p1a: Sneasler|88/100|[from] Sandstorm\n|-damage|p2b: Basculegion|93/100|[from] Sandstorm\n|upkeep\n|\n|t:|1788284810\n|switch|p1b: Scovillain|Scovillain-Mega, L50, M, shiny|100/100\n|turn|4\n|\n|t:|1788284832\n|move|p2a: Tyranitar|Protect|p2a: Tyranitar\n|-singleturn|p2a: Tyranitar|Protect\n|move|p1b: Scovillain|Rage Powder|p1b: Scovillain\n|-singleturn|p1b: Scovillain|move: Rage Powder\n|move|p1a: Sneasler|Gunk Shot|p2b: Basculegion|[miss]\n|-miss|p1a: Sneasler|p2b: Basculegion\n|move|p2b: Basculegion|Last Respects|p1b: Scovillain\n|-damage|p1b: Scovillain|60/100\n|-status|p2b: Basculegion|brn|[from] ability: Spicy Spray|[of] p1b: Scovillain\n|-damage|p2b: Basculegion|84/100 brn|[from] item: Life Orb\n|\n|-weather|Sandstorm|[upkeep]\n|-damage|p1a: Sneasler|82/100|[from] Sandstorm\n|-damage|p2b: Basculegion|78/100 brn|[from] Sandstorm\n|-damage|p1b: Scovillain|54/100|[from] Sandstorm\n|-damage|p2b: Basculegion|72/100 brn|[from] brn\n|upkeep\n|turn|5\n|\n|t:|1788284853\n|switch|p2a: Whimsicott|Whimsicott, L50, M|100/100\n|move|p1a: Sneasler|Close Combat|p2a: Whimsicott\n|-resisted|p2a: Whimsicott|1\n|-damage|p2a: Whimsicott|61/100\n|-unboost|p1a: Sneasler|def|1\n|-unboost|p1a: Sneasler|spd|1\n|-enditem|p1a: Sneasler|White Herb\n|-clearnegativeboost|p1a: Sneasler|[silent]\n|move|p2b: Basculegion|Wave Crash|p1a: Sneasler\n|-damage|p1a: Sneasler|20/100y\n|-damage|p2b: Basculegion|54/100 brn|[from] Recoil\n|-damage|p2b: Basculegion|44/100 brn|[from] item: Life Orb\n|move|p1b: Scovillain|Giga Drain|p2b: Basculegion\n|-supereffective|p2b: Basculegion|1\n|-damage|p2b: Basculegion|0 fnt\n|-heal|p1b: Scovillain|80/100|[from] drain|[of] p2b: Basculegion\n|faint|p2b: Basculegion\n|\n|-weather|Sandstorm|[upkeep]\n|-damage|p1a: Sneasler|14/100|[from] Sandstorm\n|-damage|p2a: Whimsicott|55/100|[from] Sandstorm\n|-damage|p1b: Scovillain|75/100|[from] Sandstorm\n|upkeep\n|\n|t:|1788284869\n|switch|p2b: Tyranitar|Tyranitar-Mega, L50, F|100/100\n|turn|6\n|\n|t:|1788284888\n|move|p1a: Sneasler|Protect|p1a: Sneasler\n|-singleturn|p1a: Sneasler|Protect\n|move|p1b: Scovillain|Rage Powder|p1b: Scovillain\n|-singleturn|p1b: Scovillain|move: Rage Powder\n|move|p2a: Whimsicott|Moonblast|p1a: Sneasler\n|-activate|p1a: Sneasler|move: Protect\n|move|p2b: Tyranitar|Rock Slide|p1b: Scovillain|[spread] p1b\n|-activate|p1a: Sneasler|move: Protect\n|-supereffective|p1b: Scovillain|1\n|-damage|p1b: Scovillain|4/100\n|-status|p2b: Tyranitar|brn|[from] ability: Spicy Spray|[of] p1b: Scovillain\n|\n|-weather|none\n|-damage|p2b: Tyranitar|93/100 brn|[from] brn\n|upkeep\n|turn|7\n|inactive|wingblade33 has 30 seconds left.\n|inactive|wingblade33 has 20 seconds left.\n|inactive|wingblade33 has 15 seconds left.\n|\n|t:|1788284932\n|switch|p1a: Lycanroc|Lycanroc-Dusk, L50, M|100/100\n|move|p2b: Tyranitar|Protect|p2b: Tyranitar\n|-singleturn|p2b: Tyranitar|Protect\n|move|p2a: Whimsicott|Moonblast|p1a: Lycanroc\n|-damage|p1a: Lycanroc|46/100\n|move|p1b: Scovillain|Overheat|p2a: Whimsicott|[miss]\n|-miss|p1b: Scovillain|p2a: Whimsicott\n|\n|-damage|p2b: Tyranitar|87/100 brn|[from] brn\n|upkeep\n|turn|8\n|\n|t:|1788284947\n|switch|p2b: Farigiraf|Farigiraf, L50, F|48/100\n|move|p1a: Lycanroc|Protect|p1a: Lycanroc\n|-singleturn|p1a: Lycanroc|Protect\n|move|p2a: Whimsicott|Moonblast|p1b: Scovillain\n|-resisted|p1b: Scovillain|1\n|-damage|p1b: Scovillain|0 fnt\n|-status|p2a: Whimsicott|brn|[from] ability: Spicy Spray|[of] p1b: Scovillain\n|faint|p1b: Scovillain\n|\n|-damage|p2a: Whimsicott|49/100 brn|[from] brn\n|upkeep\n|\n|t:|1788284954\n|switch|p1b: Sneasler|Sneasler, L50, M|14/100\n|turn|9\n|inactive|wingblade33 has 30 seconds left.\n|\n|t:|1788284982\n|move|p2a: Whimsicott|Moonblast|p1b: Sneasler\n|-damage|p1b: Sneasler|0 fnt\n|faint|p1b: Sneasler\n|move|p1a: Lycanroc|Rock Slide|p2a: Whimsicott|[spread] p2a,p2b\n|-damage|p2a: Whimsicott|5/100 brn\n|-damage|p2b: Farigiraf|23/100\n|move|p2b: Farigiraf|Trick Room|p2b: Farigiraf\n|-fieldstart|move: Trick Room|[of] p2b: Farigiraf\n|\n|-damage|p2a: Whimsicott|0 fnt|[from] brn\n|faint|p2a: Whimsicott\n|upkeep\n|\n|t:|1788284992\n|switch|p2a: Tyranitar|Tyranitar-Mega, L50, F|87/100 brn\n|-weather|Sandstorm|[from] ability: Sand Stream|[of] p2a: Tyranitar\n|turn|10\n|\n|t:|1788285002\n|move|p1a: Lycanroc|Protect|p1a: Lycanroc\n|-singleturn|p1a: Lycanroc|Protect\n|move|p2b: Farigiraf|Psychic|p1a: Lycanroc\n|-activate|p1a: Lycanroc|move: Protect\n|move|p2a: Tyranitar|Knock Off|p1a: Lycanroc\n|-activate|p1a: Lycanroc|move: Protect\n|\n|-weather|Sandstorm|[upkeep]\n|-damage|p2b: Farigiraf|17/100|[from] Sandstorm\n|-damage|p2a: Tyranitar|81/100 brn|[from] brn\n|upkeep\n|turn|11\n|\n|t:|1788285008\n|move|p2b: Farigiraf|Psychic|p1a: Lycanroc\n|-damage|p1a: Lycanroc|0 fnt\n|faint|p1a: Lycanroc\n|\n|win|wingblade33\n","uploadtime":1788285008,"views":"0","formatid":"gen9championsvgc2026regmbbo3","rating":null,"private":0,"password":null}