{"id":"gen9championsvgc2026regmbbo3-2673650921","format":"[Gen 9 Champions] VGC 2026 Reg M-B (Bo3)","players":["oapals121","ilyKuronaa"],"log":"|j|☆oapals121\n|j|☆ilyKuronaa\n|html|<table width=\"100%\"><tr><td align=\"left\">oapals121</td><td align=\"right\">ilyKuronaa</tr><tr><td align=\"left\"><i class=\"fa fa-circle\"></i> <i class=\"fa fa-circle-o\"></i> </td><td align=\"right\"><i class=\"fa fa-circle-o\"></i> <i class=\"fa fa-circle-o\"></i> </tr></table>\n|uhtml|bestof|<h2><strong>Game 2</strong> of <a href=\"/game-bestof3-gen9championsvgc2026regmbbo3-2673649998\">a best-of-3</a></h2>\n|t:|1788227243\n|gametype|doubles\n|player|p1|oapals121|blue|1133\n|player|p2|ilyKuronaa|170|1240\n|gen|9\n|tier|[Gen 9 Champions] VGC 2026 Reg M-B (Bo3)\n|rated|\n|rule|Species Clause: Limit one of each Pokémon\n|rule|Item Clause: Limit 1 of each item\n|clearpoke\n|poke|p1|Kangaskhan, L50, F|\n|poke|p1|Aerodactyl, L50, M|\n|poke|p1|Farigiraf, L50, F|\n|poke|p1|Sylveon, L50, M|\n|poke|p1|Kingambit, L50, M|\n|poke|p1|Camerupt, L50, F|\n|poke|p2|Floette-Eternal, L50, F|\n|poke|p2|Basculegion, L50, M|\n|poke|p2|Kingambit, L50, M|\n|poke|p2|Dragonite, L50, F|\n|poke|p2|Garchomp, L50, M|\n|poke|p2|Sneasler, L50, F|\n|teampreview|4\n|showteam|p1|Kangaskhan||LifeOrb|Scrappy|DoubleEdge,FakeOut,HammerArm,IcePunch|Brave||F|||50|]Aerodactyl||Aerodactylite|Unnerve|RockSlide,DualWingbeat,IceFang,Tailwind|Jolly||M|||50|]Farigiraf||SitrusBerry|ArmorTail|Psychic,Thunderbolt,TrickRoom,HelpingHand|Calm||F|||50|]Sylveon||FairyFeather|Pixilate|HyperVoice,HyperBeam,QuickAttack,Protect|Modest||M|||50|]Kingambit||ExpertBelt|Defiant|KowtowCleave,IronHead,SuckerPunch,LowKick|Adamant||M|||50|]Camerupt||Cameruptite|SolidRock|Protect,EarthPower,HeatWave,AncientPower|Quiet||F|||50|\n|showteam|p2|Floette-Eternal||Floettite|FlowerVeil|Moonblast,DazzlingGleam,LightofRuin,Protect|Timid||F|||50|]Basculegion||LifeOrb|Adaptability|WaveCrash,LastRespects,AquaJet,Protect|Adamant||M|||50|]Kingambit||ChopleBerry|Defiant|SuckerPunch,KowtowCleave,LowKick,IronHead|Adamant||M|||50|]Dragonite||Dragoninite|Multiscale|DragonPulse,HeatWave,ExtremeSpeed,Protect|Modest||F|||50|]Garchomp||ChoiceScarf|RoughSkin|DragonClaw,StompingTantrum,Earthquake,RockSlide|Jolly||M|||50|]Sneasler||FocusSash|Unburden|CloseCombat,DireClaw,FakeOut,Feint|Adamant||F|||50|\n|\n|t:|1788227278\n|teamsize|p1|4\n|teamsize|p2|4\n|start\n|switch|p1a: Farigiraf|Farigiraf, L50, F|100/100\n|switch|p1b: Kangaskhan|Kangaskhan, L50, F|100/100\n|switch|p2a: Floette|Floette-Eternal, L50, F|100/100\n|switch|p2b: Sneasler|Sneasler, L50, F|100/100\n|turn|1\n|\n|t:|1788227294\n|detailschange|p2a: Floette|Floette-Mega, L50, F\n|-mega|p2a: Floette|Floette|Floettite\n|-ability|p2a: Floette|Fairy Aura\n|move|p1b: Kangaskhan|Fake Out|p2b: Sneasler\n|-damage|p2b: Sneasler|57/100\n|-damage|p1b: Kangaskhan|90/100|[from] item: Life Orb\n|cant|p2b: Sneasler|flinch\n|move|p2a: Floette|Light of Ruin|p1a: Farigiraf\n|-damage|p1a: Farigiraf|15/100\n|-enditem|p1a: Farigiraf|Sitrus Berry|[eat]\n|-heal|p1a: Farigiraf|40/100|[from] item: Sitrus Berry\n|-damage|p2a: Floette|37/100|[from] Recoil\n|move|p1a: Farigiraf|Trick Room|p1a: Farigiraf\n|-fieldstart|move: Trick Room|[of] p1a: Farigiraf\n|\n|upkeep\n|turn|2\n|\n|t:|1788227326\n|switch|p2a: Kingambit|Kingambit, L50, M|100/100\n|switch|p2b: Garchomp|Garchomp, L50, M|100/100\n|move|p1a: Farigiraf|Psychic|p2b: Garchomp\n|-damage|p2b: Garchomp|63/100\n|move|p1b: Kangaskhan|Double-Edge|p2a: Kingambit\n|-resisted|p2a: Kingambit|1\n|-damage|p2a: Kingambit|73/100\n|-damage|p1b: Kangaskhan|81/100|[from] Recoil\n|-damage|p1b: Kangaskhan|72/100|[from] item: Life Orb\n|\n|upkeep\n|turn|3\n|\n|t:|1788227353\n|switch|p2b: Floette|Floette-Mega, L50, F|37/100\n|-ability|p2b: Floette|Fairy Aura\n|move|p2a: Kingambit|Kowtow Cleave|p1a: Farigiraf\n|-supereffective|p1a: Farigiraf|1\n|-damage|p1a: Farigiraf|0 fnt\n|faint|p1a: Farigiraf\n|move|p1b: Kangaskhan|Ice Punch|p2b: Floette\n|-damage|p2b: Floette|0 fnt\n|faint|p2b: Floette\n|-damage|p1b: Kangaskhan|62/100|[from] item: Life Orb\n|\n|upkeep\n|\n|t:|1788227363\n|switch|p1a: Sylveon|Sylveon, L50, M|100/100\n|switch|p2b: Sneasler|Sneasler, L50, F|57/100\n|turn|4\n|\n|t:|1788227374\n|move|p1a: Sylveon|Protect|p1a: Sylveon\n|-singleturn|p1a: Sylveon|Protect\n|move|p2b: Sneasler|Fake Out|p1b: Kangaskhan\n|-damage|p1b: Kangaskhan|45/100\n|move|p2a: Kingambit|Iron Head|p1a: Sylveon\n|-activate|p1a: Sylveon|move: Protect\n|cant|p1b: Kangaskhan|flinch\n|\n|upkeep\n|turn|5\n|\n|t:|1788227396\n|switch|p2b: Garchomp|Garchomp, L50, M|63/100\n|move|p1a: Sylveon|Quick Attack|p2b: Garchomp\n|-supereffective|p2b: Garchomp|1\n|-damage|p2b: Garchomp|37/100\n|-damage|p1a: Sylveon|87/100|[from] ability: Rough Skin|[of] p2b: Garchomp\n|move|p2a: Kingambit|Iron Head|p1a: Sylveon\n|-supereffective|p1a: Sylveon|1\n|-damage|p1a: Sylveon|0 fnt\n|faint|p1a: Sylveon\n|move|p1b: Kangaskhan|Hammer Arm|p2a: Kingambit\n|-supereffective|p2a: Kingambit|2\n|-enditem|p2a: Kingambit|Chople Berry|[eat]\n|-enditem|p2a: Kingambit|Chople Berry|[weaken]\n|-damage|p2a: Kingambit|16/100\n|-unboost|p1b: Kangaskhan|spe|1\n|-damage|p1b: Kangaskhan|36/100|[from] item: Life Orb\n|\n|-fieldend|move: Trick Room\n|upkeep\n|\n|t:|1788227408\n|switch|p1a: Aerodactyl|Aerodactyl, L50, M|100/100\n|-ability|p1a: Aerodactyl|Unnerve\n|turn|6\n|l|☆oapals121\n|player|p1|\n|j|☆oapals121\n|player|p1|oapals121|blue|\n|\n|t:|1788227448\n|detailschange|p1a: Aerodactyl|Aerodactyl-Mega, L50, M\n|-mega|p1a: Aerodactyl|Aerodactyl|Aerodactylite\n|move|p2a: Kingambit|Sucker Punch|p1b: Kangaskhan\n|-damage|p1b: Kangaskhan|0 fnt\n|faint|p1b: Kangaskhan\n|move|p2b: Garchomp|Rock Slide|p1a: Aerodactyl\n|-supereffective|p1a: Aerodactyl|1\n|-damage|p1a: Aerodactyl|46/100\n|cant|p1a: Aerodactyl|flinch\n|\n|upkeep\n|turn|7\n|-message|oapals121 forfeited.\n|\n|win|ilyKuronaa\n","uploadtime":1788227458,"views":"3","formatid":"gen9championsvgc2026regmbbo3","rating":null,"private":0,"password":null}