{"id":"gen9championsvgc2026regmb-2674431566","format":"[Gen 9 Champions] VGC 2026 Reg M-B","players":["big guy big guy","xavvies"],"log":"|j|☆big guy big guy\n|j|☆xavvies\n|t:|1788359030\n|gametype|doubles\n|player|p1|big guy big guy|266|1323\n|player|p2|xavvies|hilda|1370\n|gen|9\n|tier|[Gen 9 Champions] VGC 2026 Reg M-B\n|rated|\n|rule|Species Clause: Limit one of each Pokémon\n|rule|Item Clause: Limit 1 of each item\n|clearpoke\n|poke|p1|Farigiraf, L50, F, shiny|\n|poke|p1|Camerupt, L50, M, shiny|\n|poke|p1|Incineroar, L50, F, shiny|\n|poke|p1|Decidueye-Hisui, L50, F, shiny|\n|poke|p1|Abomasnow, L50, M, shiny|\n|poke|p1|Primarina, L50, M, shiny|\n|poke|p2|Primarina, L50, F|\n|poke|p2|Kingambit, L50, F|\n|poke|p2|Farigiraf, L50, M|\n|poke|p2|Torkoal, L50, M|\n|poke|p2|Blaziken, L50, F, shiny|\n|poke|p2|Venusaur, L50, F|\n|teampreview|4\n|inactive|Battle timer is ON: inactive players will automatically lose when time's up. (requested by xavvies)\n|inactive|big guy big guy has 60 seconds left.\n|inactive|xavvies has 60 seconds left.\n|inactive|xavvies has 30 seconds left.\n|\n|t:|1788359095\n|teamsize|p1|4\n|teamsize|p2|4\n|start\n|switch|p1a: Decidueye|Decidueye-Hisui, L50, F, shiny|100/100\n|switch|p1b: Incineroar|Incineroar, L50, F, shiny|100/100\n|switch|p2a: Farigiraf|Farigiraf, L50, M|100/100\n|switch|p2b: Blaziken|Blaziken, L50, F, shiny|100/100\n|-ability|p1b: Incineroar|Intimidate|boost\n|-unboost|p2a: Farigiraf|atk|1\n|-unboost|p2b: Blaziken|atk|1\n|turn|1\n|\n|t:|1788359108\n|detailschange|p2b: Blaziken|Blaziken-Mega, L50, F, shiny\n|-mega|p2b: Blaziken|Blaziken|Blazikenite\n|move|p2b: Blaziken|Detect|p2b: Blaziken\n|-singleturn|p2b: Blaziken|Protect\n|move|p2a: Farigiraf|Psychic|p1a: Decidueye\n|-supereffective|p1a: Decidueye|1\n|-damage|p1a: Decidueye|33/100\n|move|p1a: Decidueye|Triple Arrows|p2b: Blaziken\n|-activate|p2b: Blaziken|move: Protect\n|move|p1b: Incineroar|Darkest Lariat|p2a: Farigiraf\n|-supereffective|p2a: Farigiraf|1\n|-damage|p2a: Farigiraf|13/100\n|-enditem|p2a: Farigiraf|Sitrus Berry|[eat]\n|-heal|p2a: Farigiraf|38/100|[from] item: Sitrus Berry\n|-damage|p1b: Incineroar|90/100|[from] item: Life Orb\n|\n|-ability|p2b: Blaziken|Speed Boost|boost\n|-boost|p2b: Blaziken|spe|1\n|upkeep\n|turn|2\n|\n|t:|1788359130\n|switch|p1a: Primarina|Primarina, L50, M, shiny|100/100\n|move|p2b: Blaziken|Close Combat|p1b: Incineroar\n|-supereffective|p1b: Incineroar|1\n|-damage|p1b: Incineroar|0 fnt\n|-unboost|p2b: Blaziken|def|1\n|-unboost|p2b: Blaziken|spd|1\n|faint|p1b: Incineroar\n|move|p2a: Farigiraf|Psychic|p1a: Primarina\n|-damage|p1a: Primarina|73/100\n|\n|-heal|p1a: Primarina|79/100|[from] item: Leftovers\n|-ability|p2b: Blaziken|Speed Boost|boost\n|-boost|p2b: Blaziken|spe|1\n|upkeep\n|\n|t:|1788359138\n|switch|p1b: Abomasnow|Abomasnow, L50, M, shiny|100/100\n|-weather|Snowscape|[from] ability: Snow Warning|[of] p1b: Abomasnow\n|turn|3\n|\n|t:|1788359148\n|switch|p2a: Torkoal|Torkoal, L50, M|100/100\n|-weather|SunnyDay|[from] ability: Drought|[of] p2a: Torkoal\n|move|p1b: Abomasnow|Protect|p1b: Abomasnow\n|-singleturn|p1b: Abomasnow|Protect\n|move|p2b: Blaziken|Rock Slide|p1a: Primarina|[spread] \n|-activate|p1b: Abomasnow|move: Protect\n|-miss|p2b: Blaziken|p1a: Primarina\n|move|p1a: Primarina|Hyper Voice|p2b: Blaziken|[spread] p2a,p2b\n|-supereffective|p2a: Torkoal|1\n|-supereffective|p2b: Blaziken|1\n|-damage|p2a: Torkoal|45/100\n|-damage|p2b: Blaziken|25/100\n|\n|-weather|SunnyDay|[upkeep]\n|-heal|p1a: Primarina|85/100|[from] item: Leftovers\n|-ability|p2b: Blaziken|Speed Boost|boost\n|-boost|p2b: Blaziken|spe|1\n|upkeep\n|turn|4\n|\n|t:|1788359169\n|detailschange|p1b: Abomasnow|Abomasnow-Mega, L50, M, shiny\n|-mega|p1b: Abomasnow|Abomasnow|Abomasite\n|-weather|Snowscape|[from] ability: Snow Warning|[of] p1b: Abomasnow\n|move|p2a: Torkoal|Protect|p2a: Torkoal\n|-singleturn|p2a: Torkoal|Protect\n|move|p2b: Blaziken|Flare Blitz|p1b: Abomasnow\n|-supereffective|p1b: Abomasnow|2\n|-damage|p1b: Abomasnow|0 fnt\n|faint|p1b: Abomasnow\n|-damage|p2b: Blaziken|0 fnt|[from] Recoil\n|faint|p2b: Blaziken\n|move|p1a: Primarina|Calm Mind|p1a: Primarina\n|-boost|p1a: Primarina|spa|1\n|-boost|p1a: Primarina|spd|1\n|\n|-weather|Snowscape|[upkeep]\n|-heal|p1a: Primarina|91/100|[from] item: Leftovers\n|upkeep\n|\n|t:|1788359180\n|switch|p2b: Kingambit|Kingambit, L50, F|100/100\n|switch|p1b: Decidueye|Decidueye-Hisui, L50, F, shiny|33/100\n|turn|5\n|\n|t:|1788359191\n|switch|p2a: Farigiraf|Farigiraf, L50, M|38/100\n|move|p1a: Primarina|Hyper Voice|p2a: Farigiraf|[spread] p2a,p2b\n|-damage|p2a: Farigiraf|0 fnt\n|-damage|p2b: Kingambit|48/100\n|faint|p2a: Farigiraf\n|move|p1b: Decidueye|Triple Arrows|p2b: Kingambit\n|-supereffective|p2b: Kingambit|2\n|-crit|p2b: Kingambit\n|-damage|p2b: Kingambit|0 fnt\n|faint|p2b: Kingambit\n|\n|-weather|Snowscape|[upkeep]\n|-heal|p1a: Primarina|97/100|[from] item: Leftovers\n|upkeep\n|\n|t:|1788359199\n|switch|p2b: Torkoal|Torkoal, L50, M|45/100\n|-weather|SunnyDay|[from] ability: Drought|[of] p2b: Torkoal\n|turn|6\n|-message|xavvies forfeited.\n|\n|win|big guy big guy\n|raw|big guy big guy's rating: 1323 &rarr; <strong>1346</strong><br />(+23 for winning)\n|raw|xavvies's rating: 1370 &rarr; <strong>1347</strong><br />(-23 for losing)\n","uploadtime":1788359206,"views":"1","formatid":"gen9championsvgc2026regmb","rating":1346,"private":0,"password":null}