{"id":"gen9championsvgc2026regmbbo3-2674860953","format":"[Gen 9 Champions] VGC 2026 Reg M-B (Bo3)","players":["soulo333","MartinFelice"],"log":"|j|☆soulo333\n|j|☆MartinFelice\n|html|<table width=\"100%\"><tr><td align=\"left\">soulo333</td><td align=\"right\">MartinFelice</tr><tr><td align=\"left\"><i class=\"fa fa-circle\"></i> <i class=\"fa fa-circle-o\"></i> </td><td align=\"right\"><i class=\"fa fa-circle-o\"></i> <i class=\"fa fa-circle-o\"></i> </tr></table>\n|uhtml|bestof|<h2><strong>Game 2</strong> of <a href=\"/game-bestof3-gen9championsvgc2026regmbbo3-2674859707\">a best-of-3</a></h2>\n|t:|1788423442\n|gametype|doubles\n|player|p1|soulo333|265|1170\n|player|p2|MartinFelice|ethan|1287\n|gen|9\n|tier|[Gen 9 Champions] VGC 2026 Reg M-B (Bo3)\n|rated|\n|rule|Species Clause: Limit one of each Pokémon\n|rule|Item Clause: Limit 1 of each item\n|clearpoke\n|poke|p1|Staraptor, L50, F|\n|poke|p1|Arcanine-Hisui, L50, F|\n|poke|p1|Kingambit, L50, F|\n|poke|p1|Sylveon, L50, M, shiny|\n|poke|p1|Raichu, L50, F|\n|poke|p1|Farigiraf, L50, M|\n|poke|p2|Raichu, L50, M|\n|poke|p2|Staraptor, L50, M, shiny|\n|poke|p2|Arcanine-Hisui, L50, F, shiny|\n|poke|p2|Farigiraf, L50, F, shiny|\n|poke|p2|Sylveon, L50, M, shiny|\n|poke|p2|Kingambit, L50, F, shiny|\n|teampreview|4\n|showteam|p1|Staraptor||Staraptite|Intimidate|DualWingbeat,CloseCombat,Tailwind,Protect|Jolly||F|||50|]Arcanine-Hisui||FocusSash|RockHead|FlareBlitz,HeadSmash,ExtremeSpeed,Protect|Jolly||F|||50|]Kingambit||LifeOrb|Defiant|KowtowCleave,SuckerPunch,SwordsDance,Protect|Adamant||F|||50|]Sylveon||FairyFeather|Pixilate|HyperVoice,HyperBeam,QuickAttack,Detect|Modest||M|||50|]Raichu||RaichuniteY|LightningRod|ZapCannon,FocusBlast,FakeOut,Protect|Timid||F|||50|]Farigiraf||SitrusBerry|ArmorTail|Psychic,HelpingHand,TrickRoom,Protect|Calm||M|||50|\n|showteam|p2|Raichu||RaichuniteY|LightningRod|ZapCannon,FocusBlast,FakeOut,Protect|Timid||M|||50|]Staraptor||Staraptite|Intimidate|CloseCombat,DualWingbeat,Tailwind,Protect|Jolly||M|||50|]Arcanine-Hisui||FocusSash|RockHead|FlareBlitz,HeadSmash,ExtremeSpeed,Protect|Jolly||F|||50|]Farigiraf||SitrusBerry|ArmorTail|Psychic,HelpingHand,TrickRoom,Protect|Bold||F|||50|]Sylveon||FairyFeather|Pixilate|HyperBeam,HyperVoice,Detect,QuickAttack|Modest||M|||50|]Kingambit||LifeOrb|Defiant|SuckerPunch,SwordsDance,KowtowCleave,Protect|Adamant||F|||50|\n|\n|t:|1788423497\n|teamsize|p1|4\n|teamsize|p2|4\n|start\n|switch|p1a: Celeste|Staraptor, L50, F|100/100\n|switch|p1b: Arcanine|Arcanine-Hisui, L50, F|100/100\n|switch|p2a: Sylveon|Sylveon, L50, M, shiny|100/100\n|switch|p2b: Farigiraf|Farigiraf, L50, F, shiny|100/100\n|-ability|p1a: Celeste|Intimidate|boost\n|-unboost|p2a: Sylveon|atk|1\n|-unboost|p2b: Farigiraf|atk|1\n|turn|1\n|\n|t:|1788423516\n|detailschange|p1a: Celeste|Staraptor-Mega, L50, F\n|-mega|p1a: Celeste|Staraptor|Staraptite\n|move|p2a: Sylveon|Detect|p2a: Sylveon\n|-singleturn|p2a: Sylveon|Protect\n|move|p1a: Celeste|Dual Wingbeat|p2b: Farigiraf\n|-damage|p2b: Farigiraf|84/100\n|-damage|p2b: Farigiraf|69/100\n|-hitcount|p2b: Farigiraf|2\n|move|p1b: Arcanine|Flare Blitz|p2b: Farigiraf\n|-damage|p2b: Farigiraf|20/100y\n|-enditem|p2b: Farigiraf|Sitrus Berry|[eat]\n|-heal|p2b: Farigiraf|45/100|[from] item: Sitrus Berry\n|move|p2b: Farigiraf|Trick Room|p2b: Farigiraf\n|-fieldstart|move: Trick Room|[of] p2b: Farigiraf\n|\n|upkeep\n|turn|2\n|\n|t:|1788423538\n|switch|p1a: Farigiraf|Farigiraf, L50, M|100/100\n|move|p2b: Farigiraf|Helping Hand|p2a: Sylveon\n|-singleturn|p2a: Sylveon|Helping Hand|[of] p2b: Farigiraf\n|move|p2a: Sylveon|Hyper Voice|p1a: Farigiraf|[spread] p1a,p1b\n|-resisted|p1b: Arcanine|1\n|-damage|p1a: Farigiraf|41/100\n|-damage|p1b: Arcanine|57/100\n|-enditem|p1a: Farigiraf|Sitrus Berry|[eat]\n|-heal|p1a: Farigiraf|66/100|[from] item: Sitrus Berry\n|move|p1b: Arcanine|Head Smash|p2a: Sylveon|[miss]\n|-miss|p1b: Arcanine|p2a: Sylveon\n|\n|upkeep\n|turn|3\n|\n|t:|1788423555\n|move|p1b: Arcanine|Protect|p1b: Arcanine\n|-singleturn|p1b: Arcanine|Protect\n|move|p2b: Farigiraf|Psychic|p1b: Arcanine\n|-activate|p1b: Arcanine|move: Protect\n|move|p2a: Sylveon|Hyper Voice|p1b: Arcanine|[spread] p1a\n|-activate|p1b: Arcanine|move: Protect\n|-damage|p1a: Farigiraf|30/100\n|move|p1a: Farigiraf|Trick Room|p1a: Farigiraf\n|-fieldend|move: Trick Room\n|\n|upkeep\n|turn|4\n|\n|t:|1788423576\n|move|p2b: Farigiraf|Protect|p2b: Farigiraf\n|-singleturn|p2b: Farigiraf|Protect\n|move|p1b: Arcanine|Flare Blitz|p2b: Farigiraf\n|-activate|p2b: Farigiraf|move: Protect\n|move|p2a: Sylveon|Hyper Voice|p1a: Farigiraf|[spread] p1a,p1b\n|-resisted|p1b: Arcanine|1\n|-damage|p1a: Farigiraf|0 fnt\n|-damage|p1b: Arcanine|30/100\n|faint|p1a: Farigiraf\n|\n|upkeep\n|\n|t:|1788423584\n|switch|p1a: Celeste|Staraptor-Mega, L50, F|100/100\n|turn|5\n|\n|t:|1788423607\n|move|p2b: Farigiraf|Helping Hand|p2a: Sylveon\n|-singleturn|p2a: Sylveon|Helping Hand|[of] p2b: Farigiraf\n|move|p1a: Celeste|Dual Wingbeat|p2a: Sylveon\n|-damage|p2a: Sylveon|78/100\n|-damage|p2a: Sylveon|54/100\n|-hitcount|p2a: Sylveon|2\n|move|p1b: Arcanine|Flare Blitz|p2a: Sylveon\n|-damage|p2a: Sylveon|0 fnt\n|faint|p2a: Sylveon\n|\n|upkeep\n|\n|t:|1788423618\n|switch|p2a: Raichu|Raichu, L50, M|100/100\n|turn|6\n|\n|t:|1788423637\n|detailschange|p2a: Raichu|Raichu-Mega-Y, L50, M\n|-mega|p2a: Raichu|Raichu|Raichunite Y\n|move|p1a: Celeste|Protect|p1a: Celeste\n|-singleturn|p1a: Celeste|Protect\n|move|p2a: Raichu|Focus Blast|p1b: Arcanine\n|-supereffective|p1b: Arcanine|1\n|-damage|p1b: Arcanine|0 fnt\n|faint|p1b: Arcanine\n|move|p2b: Farigiraf|Psychic|p1a: Celeste\n|-activate|p1a: Celeste|move: Protect\n|\n|upkeep\n|\n|t:|1788423653\n|switch|p1b: Raichu|Raichu, L50, F|100/100\n|turn|7\n|\n|t:|1788423675\n|move|p2a: Raichu|Focus Blast|p1b: Raichu\n|-damage|p1b: Raichu|48/100\n|move|p1a: Celeste|Close Combat|p2b: Farigiraf\n|-damage|p2b: Farigiraf|0 fnt\n|-boost|p1a: Celeste|def|1\n|-boost|p1a: Celeste|spd|1\n|faint|p2b: Farigiraf\n|move|p1b: Raichu|Focus Blast|p2a: Raichu\n|-damage|p2a: Raichu|67/100\n|\n|upkeep\n|\n|t:|1788423686\n|switch|p2b: Kingambit|Kingambit, L50, F, shiny|100/100\n|turn|8\n|\n|t:|1788423695\n|move|p2a: Raichu|Protect|p2a: Raichu\n|-singleturn|p2a: Raichu|Protect\n|move|p1b: Raichu|Protect|p1b: Raichu\n|-singleturn|p1b: Raichu|Protect\n|move|p2b: Kingambit|Sucker Punch||[still]\n|-fail|p2b: Kingambit\n|move|p1a: Celeste|Close Combat|p2a: Raichu\n|-activate|p2a: Raichu|move: Protect\n|\n|upkeep\n|turn|9\n|\n|t:|1788423717\n|move|p2a: Raichu|Focus Blast|p1b: Raichu\n|-damage|p1b: Raichu|0 fnt\n|faint|p1b: Raichu\n|move|p1a: Celeste|Close Combat|p2a: Raichu\n|-damage|p2a: Raichu|0 fnt\n|-boost|p1a: Celeste|def|1\n|-boost|p1a: Celeste|spd|1\n|faint|p2a: Raichu\n|move|p2b: Kingambit|Swords Dance|p2b: Kingambit\n|-boost|p2b: Kingambit|atk|2\n|\n|upkeep\n|turn|10\n|\n|t:|1788423731\n|move|p2b: Kingambit|Sucker Punch|p1a: Celeste\n|-resisted|p1a: Celeste|1\n|-damage|p1a: Celeste|71/100\n|-damage|p2b: Kingambit|90/100|[from] item: Life Orb\n|move|p1a: Celeste|Close Combat|p2b: Kingambit\n|-supereffective|p2b: Kingambit|2\n|-damage|p2b: Kingambit|0 fnt\n|-boost|p1a: Celeste|def|1\n|-boost|p1a: Celeste|spd|1\n|faint|p2b: Kingambit\n|\n|win|soulo333\n|raw|soulo333's rating: 1170 &rarr; <strong>1203</strong><br />(+33 for winning)\n|raw|MartinFelice's rating: 1287 &rarr; <strong>1254</strong><br />(-33 for losing)\n","uploadtime":1788423731,"views":"2","formatid":"gen9championsvgc2026regmbbo3","rating":1203,"private":0,"password":null}