{"id":"gen9championsvgc2026regmb-2674235402","format":"[Gen 9 Champions] VGC 2026 Reg M-B","players":["meobeoo","ngdepchai"],"log":"|j|☆meobeoo\n|j|☆ngdepchai\n|t:|1788320348\n|gametype|doubles\n|player|p1|meobeoo|n|\n|player|p2|ngdepchai|dawn-gen4pt|\n|gen|9\n|tier|[Gen 9 Champions] VGC 2026 Reg M-B\n|rule|Species Clause: Limit one of each Pokémon\n|rule|Item Clause: Limit 1 of each item\n|clearpoke\n|poke|p1|Lycanroc-Dusk, L50, F|\n|poke|p1|Froslass, L50, F|\n|poke|p1|Scovillain, L50, F|\n|poke|p1|Gholdengo, L50|\n|poke|p1|Incineroar, L50, M|\n|poke|p1|Dragonite, L50, F|\n|poke|p2|Froslass, L50, F, shiny|\n|poke|p2|Sneasler, L50, M|\n|poke|p2|Kingambit, L50, M|\n|poke|p2|Sylveon, L50, F, shiny|\n|poke|p2|Aerodactyl, L50, M|\n|poke|p2|Basculegion, L50, M, shiny|\n|teampreview|4\n|inactive|Battle timer is ON: inactive players will automatically lose when time's up. (requested by meobeoo)\n|inactive|meobeoo has 60 seconds left.\n|inactive|ngdepchai has 60 seconds left.\n|\n|t:|1788320403\n|teamsize|p1|4\n|teamsize|p2|4\n|start\n|switch|p1a: Scovillain|Scovillain, L50, F|100/100\n|switch|p1b: Gholdengo|Gholdengo, L50|100/100\n|switch|p2a: Sneasler|Sneasler, L50, M|100/100\n|switch|p2b: Sylveon|Sylveon, L50, F, shiny|100/100\n|turn|1\n|inactive|ngdepchai has 30 seconds left.\n|inactive|ngdepchai has 20 seconds left.\n|inactive|ngdepchai has 15 seconds left.\n|\n|t:|1788320444\n|detailschange|p1a: Scovillain|Scovillain-Mega, L50, F\n|-mega|p1a: Scovillain|Scovillain|Scovillainite\n|move|p1a: Scovillain|Protect|p1a: Scovillain\n|-singleturn|p1a: Scovillain|Protect\n|move|p2a: Sneasler|Dire Claw|p1a: Scovillain\n|-activate|p1a: Scovillain|move: Protect\n|move|p1b: Gholdengo|Nasty Plot|p1b: Gholdengo\n|-boost|p1b: Gholdengo|spa|2\n|move|p2b: Sylveon|Hyper Voice|p1a: Scovillain|[spread] p1b\n|-activate|p1a: Scovillain|move: Protect\n|-resisted|p1b: Gholdengo|1\n|-damage|p1b: Gholdengo|70/100\n|\n|-heal|p1b: Gholdengo|76/100|[from] item: Leftovers\n|upkeep\n|turn|2\n|\n|t:|1788320464\n|move|p2b: Sylveon|Protect|p2b: Sylveon\n|-singleturn|p2b: Sylveon|Protect\n|move|p2a: Sneasler|Dire Claw|p1a: Scovillain\n|-supereffective|p1a: Scovillain|1\n|-damage|p1a: Scovillain|1/100\n|-status|p2a: Sneasler|brn|[from] ability: Spicy Spray|[of] p1a: Scovillain\n|move|p1b: Gholdengo|Shadow Ball|p2a: Sneasler\n|-damage|p2a: Sneasler|0 fnt\n|faint|p2a: Sneasler\n|move|p1a: Scovillain|Overheat|p2b: Sylveon\n|-activate|p2b: Sylveon|move: Protect\n|\n|-heal|p1b: Gholdengo|82/100|[from] item: Leftovers\n|upkeep\n|\n|t:|1788320475\n|switch|p2a: Kingambit|Kingambit, L50, M|100/100\n|turn|3\n|\n|t:|1788320509\n|move|p2a: Kingambit|Protect|p2a: Kingambit\n|-singleturn|p2a: Kingambit|Protect\n|move|p1a: Scovillain|Rage Powder|p1a: Scovillain\n|-singleturn|p1a: Scovillain|move: Rage Powder\n|move|p2b: Sylveon|Quick Attack|p1a: Scovillain\n|-resisted|p1a: Scovillain|1\n|-damage|p1a: Scovillain|0 fnt\n|-status|p2b: Sylveon|brn|[from] ability: Spicy Spray|[of] p1a: Scovillain\n|faint|p1a: Scovillain\n|move|p1b: Gholdengo|Make It Rain|p2a: Kingambit|[spread] \n|-activate|p2a: Kingambit|move: Protect\n|-miss|p1b: Gholdengo|p2b: Sylveon\n|\n|-heal|p1b: Gholdengo|88/100|[from] item: Leftovers\n|-damage|p2b: Sylveon|93/100 brn|[from] brn\n|upkeep\n|\n|t:|1788320522\n|switch|p1a: Lycanroc|Lycanroc-Dusk, L50, F|100/100\n|turn|4\n|\n|t:|1788320543\n|move|p1b: Gholdengo|Protect|p1b: Gholdengo\n|-singleturn|p1b: Gholdengo|Protect\n|move|p1a: Lycanroc|Close Combat|p2a: Kingambit\n|-supereffective|p2a: Kingambit|2\n|-crit|p2a: Kingambit\n|-enditem|p2a: Kingambit|Focus Sash\n|-damage|p2a: Kingambit|1/100\n|-unboost|p1a: Lycanroc|def|1\n|-unboost|p1a: Lycanroc|spd|1\n|move|p2b: Sylveon|Hyper Voice|p1a: Lycanroc|[spread] p1a\n|-activate|p1b: Gholdengo|move: Protect\n|-enditem|p1a: Lycanroc|Focus Sash\n|-damage|p1a: Lycanroc|1/100\n|move|p2a: Kingambit|Iron Head|p1a: Lycanroc\n|-supereffective|p1a: Lycanroc|1\n|-damage|p1a: Lycanroc|0 fnt\n|faint|p1a: Lycanroc\n|\n|-heal|p1b: Gholdengo|94/100|[from] item: Leftovers\n|-damage|p2b: Sylveon|87/100 brn|[from] brn\n|upkeep\n|\n|t:|1788320550\n|switch|p1a: Dragonite|Dragonite, L50, F|100/100\n|turn|5\n|\n|t:|1788320573\n|move|p2a: Kingambit|Sucker Punch||[still]\n|-fail|p2a: Kingambit\n|move|p1b: Gholdengo|Nasty Plot|p1b: Gholdengo\n|-boost|p1b: Gholdengo|spa|2\n|move|p1a: Dragonite|Low Kick|p2a: Kingambit\n|-supereffective|p2a: Kingambit|2\n|-damage|p2a: Kingambit|0 fnt\n|faint|p2a: Kingambit\n|move|p2b: Sylveon|Hyper Voice|p1a: Dragonite|[spread] p1a,p1b\n|-supereffective|p1a: Dragonite|1\n|-resisted|p1b: Gholdengo|1\n|-damage|p1a: Dragonite|52/100\n|-damage|p1b: Gholdengo|67/100\n|\n|-heal|p1b: Gholdengo|73/100|[from] item: Leftovers\n|-damage|p2b: Sylveon|81/100 brn|[from] brn\n|upkeep\n|\n|t:|1788320583\n|switch|p2a: Froslass|Froslass, L50, F, shiny|100/100\n|turn|6\n|\n|t:|1788320601\n|detailschange|p2a: Froslass|Froslass-Mega, L50, F, shiny\n|-mega|p2a: Froslass|Froslass|Froslassite\n|-weather|Snowscape|[from] ability: Snow Warning|[of] p2a: Froslass\n|move|p1b: Gholdengo|Protect|p1b: Gholdengo\n|-singleturn|p1b: Gholdengo|Protect\n|move|p2a: Froslass|Shadow Ball|p1b: Gholdengo\n|-activate|p1b: Gholdengo|move: Protect\n|move|p1a: Dragonite|Tailwind|p1a: Dragonite\n|-sidestart|p1: meobeoo|move: Tailwind\n|move|p2b: Sylveon|Hyper Voice|p1b: Gholdengo|[spread] p1a\n|-activate|p1b: Gholdengo|move: Protect\n|-supereffective|p1a: Dragonite|1\n|-damage|p1a: Dragonite|0 fnt\n|faint|p1a: Dragonite\n|\n|-weather|Snowscape|[upkeep]\n|-heal|p1b: Gholdengo|79/100|[from] item: Leftovers\n|-damage|p2b: Sylveon|75/100 brn|[from] brn\n|upkeep\n|turn|7\n|\n|t:|1788320627\n|move|p1b: Gholdengo|Make It Rain|p2b: Sylveon|[spread] p2a,p2b\n|-supereffective|p2a: Froslass|1\n|-supereffective|p2b: Sylveon|1\n|-damage|p2a: Froslass|0 fnt\n|-damage|p2b: Sylveon|0 fnt\n|-unboost|p1b: Gholdengo|spa|2\n|faint|p2a: Froslass\n|faint|p2b: Sylveon\n|\n|win|meobeoo\n","uploadtime":1788320630,"views":"5","formatid":"gen9championsvgc2026regmb","rating":null,"private":0,"password":null}