{"id":"gen9championsvgc2026regmbbo3-2673539669","format":"[Gen 9 Champions] VGC 2026 Reg M-B (Bo3)","players":["KalimotxoComunista","Tricky Two"],"log":"|j|☆KalimotxoComunista\n|j|☆Tricky Two\n|html|<table width=\"100%\"><tr><td align=\"left\">KalimotxoComunista</td><td align=\"right\">Tricky Two</tr><tr><td align=\"left\"><i class=\"fa fa-circle\"></i> <i class=\"fa fa-circle-o\"></i> </td><td align=\"right\"><i class=\"fa fa-circle-o\"></i> <i class=\"fa fa-circle-o\"></i> </tr></table>\n|uhtml|bestof|<h2><strong>Game 2</strong> of <a href=\"/game-bestof3-gen9championsvgc2026regmbbo3-2673538336\">a best-of-3</a></h2>\n|t:|1788210382\n|gametype|doubles\n|player|p1|KalimotxoComunista|265|1103\n|player|p2|Tricky Two|poppy-masters|1000\n|gen|9\n|tier|[Gen 9 Champions] VGC 2026 Reg M-B (Bo3)\n|rated|\n|rule|Species Clause: Limit one of each Pokémon\n|rule|Item Clause: Limit 1 of each item\n|clearpoke\n|poke|p1|Incineroar, L50, M|\n|poke|p1|Kingambit, L50, F|\n|poke|p1|Sinistcha, L50|\n|poke|p1|Sneasler, L50, M|\n|poke|p1|Blastoise, L50, M|\n|poke|p1|Delphox, L50, M|\n|poke|p2|Gengar, L50, M|\n|poke|p2|Whimsicott, L50, M|\n|poke|p2|Incineroar, L50, F|\n|poke|p2|Kingambit, L50, M|\n|poke|p2|Garchomp, L50, F|\n|poke|p2|Floette-Eternal, L50, F|\n|teampreview|4\n|showteam|p1|Incineroar||SitrusBerry|Intimidate|FakeOut,FlareBlitz,PartingShot,ThroatChop|Impish||M|||50|]Kingambit||LifeOrb|Defiant|KowtowCleave,SuckerPunch,SwordsDance,Protect|Adamant||F|||50|]Sinistcha||ColburBerry|Hospitality|MatchaGotcha,RagePowder,Protect,TrickRoom|Bold|||||50|]Sneasler||FocusSash|PoisonTouch|FakeOut,CloseCombat,PoisonJab,QuickGuard|Jolly||M|||50|]Blastoise||Blastoisinite|RainDish|WaterSpout,DarkPulse,ShellSmash,Protect|Modest||M|||50|]Delphox||Delphoxite|Blaze|HeatWave,Psychic,NastyPlot,Protect|Timid||M|||50|\n|showteam|p2|Gengar||Gengarite|CursedBody|Protect,Disable,ShadowBall,SludgeBomb|Modest||M|||50|]Whimsicott||FocusSash|Prankster|Protect,Encore,Tailwind,Moonblast|Timid||M|||50|]Incineroar||SitrusBerry|Intimidate|FakeOut,BurningJealousy,DarkestLariat,PartingShot|Relaxed||F|||50|]Kingambit||ChopleBerry|Defiant|KowtowCleave,SuckerPunch,IronHead,LowKick|Adamant||M|||50|]Garchomp||LifeOrb|RoughSkin|Protect,StompingTantrum,DragonClaw,RockSlide|Jolly||F|||50|]Floette-Eternal||Floettite|FlowerVeil|Protect,Moonblast,DazzlingGleam,LightofRuin|Modest||F|||50|\n|inactive|Battle timer is ON: inactive players will automatically lose when time's up. (requested by KalimotxoComunista)\n|\n|t:|1788210477\n|teamsize|p1|4\n|teamsize|p2|4\n|start\n|switch|p1a: Sneasler|Sneasler, L50, M|100/100\n|switch|p1b: Delphox|Delphox, L50, M|100/100\n|switch|p2a: Gengar|Gengar, L50, M|100/100\n|switch|p2b: Incineroar|Incineroar, L50, F|100/100\n|-ability|p2b: Incineroar|Intimidate|boost\n|-unboost|p1a: Sneasler|atk|1\n|-unboost|p1b: Delphox|atk|1\n|turn|1\n|inactive|KalimotxoComunista has 30 seconds left.\n|\n|t:|1788210503\n|detailschange|p2a: Gengar|Gengar-Mega, L50, M\n|-mega|p2a: Gengar|Gengar|Gengarite\n|detailschange|p1b: Delphox|Delphox-Mega, L50, M\n|-mega|p1b: Delphox|Delphox|Delphoxite\n|move|p2a: Gengar|Protect|p2a: Gengar\n|-singleturn|p2a: Gengar|Protect\n|move|p1b: Delphox|Psychic|p2a: Gengar\n|-activate|p2a: Gengar|move: Protect\n|move|p1a: Sneasler|Close Combat|p2b: Incineroar\n|-supereffective|p2b: Incineroar|1\n|-damage|p2b: Incineroar|33/100\n|-unboost|p1a: Sneasler|def|1\n|-unboost|p1a: Sneasler|spd|1\n|-enditem|p2b: Incineroar|Sitrus Berry|[eat]\n|-heal|p2b: Incineroar|58/100|[from] item: Sitrus Berry\n|move|p2b: Incineroar|Darkest Lariat|p1b: Delphox\n|-supereffective|p1b: Delphox|1\n|-damage|p1b: Delphox|24/100\n|\n|upkeep\n|turn|2\n|inactive|KalimotxoComunista has 30 seconds left.\n|inactive|Tricky Two has 30 seconds left.\n|inactive|KalimotxoComunista has 20 seconds left.\n|inactive|Tricky Two has 20 seconds left.\n|inactive|Tricky Two has 15 seconds left.\n|inactive|Tricky Two has 10 seconds left.\n|\n|t:|1788210550\n|switch|p2a: Kingambit|Kingambit, L50, M|100/100\n|move|p1b: Delphox|Protect|p1b: Delphox\n|-singleturn|p1b: Delphox|Protect\n|move|p1a: Sneasler|Close Combat|p2b: Incineroar\n|-supereffective|p2b: Incineroar|1\n|-damage|p2b: Incineroar|0 fnt\n|-unboost|p1a: Sneasler|def|1\n|-unboost|p1a: Sneasler|spd|1\n|faint|p2b: Incineroar\n|\n|upkeep\n|\n|t:|1788210557\n|switch|p2b: Gengar|Gengar-Mega, L50, M|100/100\n|turn|3\n|inactive|Tricky Two has 30 seconds left.\n|inactive|Tricky Two has 20 seconds left.\n|\n|t:|1788210597\n|switch|p2a: Garchomp|Garchomp, L50, F|100/100\n|move|p1b: Delphox|Nasty Plot|p1b: Delphox\n|-boost|p1b: Delphox|spa|2\n|move|p1a: Sneasler|Close Combat|p2a: Garchomp\n|-damage|p2a: Garchomp|59/100\n|-unboost|p1a: Sneasler|def|1\n|-unboost|p1a: Sneasler|spd|1\n|-damage|p1a: Sneasler|87/100|[from] ability: Rough Skin|[of] p2a: Garchomp\n|move|p2b: Gengar|Shadow Ball|p1a: Sneasler\n|-damage|p1a: Sneasler|0 fnt\n|faint|p1a: Sneasler\n|\n|upkeep\n|\n|t:|1788210621\n|switch|p1a: Incineroar|Incineroar, L50, M|100/100\n|-ability|p1a: Incineroar|Intimidate|boost\n|-unboost|p2a: Garchomp|atk|1\n|-unboost|p2b: Gengar|atk|1\n|turn|4\n|\n|t:|1788210638\n|move|p2b: Gengar|Protect|p2b: Gengar\n|-singleturn|p2b: Gengar|Protect\n|move|p1b: Delphox|Heat Wave|p2b: Gengar|[spread] \n|-activate|p2b: Gengar|move: Protect\n|-miss|p1b: Delphox|p2a: Garchomp\n|move|p2a: Garchomp|Rock Slide|p1b: Delphox|[spread] p1a,p1b\n|-supereffective|p1a: Incineroar|1\n|-supereffective|p1b: Delphox|1\n|-damage|p1a: Incineroar|72/100\n|-damage|p1b: Delphox|0 fnt\n|faint|p1b: Delphox\n|-damage|p2a: Garchomp|49/100|[from] item: Life Orb\n|move|p1a: Incineroar|Parting Shot|p2b: Gengar\n|-activate|p2b: Gengar|move: Protect\n|\n|upkeep\n|\n|t:|1788210647\n|switch|p1b: Sinistcha|Sinistcha, L50|100/100\n|-heal|p1a: Incineroar|97/100|[from] ability: Hospitality|[of] p1b: Sinistcha\n|turn|5\n|\n|t:|1788210662\n|switch|p2b: Kingambit|Kingambit, L50, M|100/100\n|move|p2a: Garchomp|Stomping Tantrum|p1a: Incineroar\n|-supereffective|p1a: Incineroar|1\n|-damage|p1a: Incineroar|43/100\n|-enditem|p1a: Incineroar|Sitrus Berry|[eat]\n|-heal|p1a: Incineroar|68/100|[from] item: Sitrus Berry\n|-damage|p2a: Garchomp|40/100|[from] item: Life Orb\n|move|p1b: Sinistcha|Matcha Gotcha|p2b: Kingambit|[spread] p2a,p2b\n|-resisted|p2b: Kingambit|1\n|-damage|p2a: Garchomp|10/100\n|-damage|p2b: Kingambit|87/100\n|move|p1a: Incineroar|Throat Chop|p2b: Kingambit\n|-resisted|p2b: Kingambit|1\n|-damage|p2b: Kingambit|76/100\n|-start|p2b: Kingambit|Throat Chop|[silent]\n|\n|upkeep\n|turn|6\n|inactive|KalimotxoComunista has 30 seconds left.\n|\n|t:|1788210691\n|move|p1b: Sinistcha|Protect|p1b: Sinistcha\n|-singleturn|p1b: Sinistcha|Protect\n|move|p2a: Garchomp|Rock Slide|p1a: Incineroar|[spread] p1a\n|-activate|p1b: Sinistcha|move: Protect\n|-supereffective|p1a: Incineroar|1\n|-damage|p1a: Incineroar|40/100\n|-damage|p2a: Garchomp|1/100|[from] item: Life Orb\n|move|p1a: Incineroar|Flare Blitz|p2b: Kingambit\n|-supereffective|p2b: Kingambit|1\n|-crit|p2b: Kingambit\n|-damage|p2b: Kingambit|0 fnt\n|faint|p2b: Kingambit\n|-damage|p1a: Incineroar|14/100|[from] Recoil\n|\n|upkeep\n|\n|t:|1788210702\n|switch|p2b: Gengar|Gengar-Mega, L50, M|100/100\n|turn|7\n|inactive|Tricky Two has 30 seconds left.\n|inactive|Tricky Two has 20 seconds left.\n|\n|t:|1788210738\n|move|p2b: Gengar|Shadow Ball|p1b: Sinistcha\n|-supereffective|p1b: Sinistcha|1\n|-damage|p1b: Sinistcha|8/100\n|move|p2a: Garchomp|Rock Slide|p1a: Incineroar|[spread] p1a\n|-miss|p2a: Garchomp|p1b: Sinistcha\n|-supereffective|p1a: Incineroar|1\n|-damage|p1a: Incineroar|0 fnt\n|faint|p1a: Incineroar\n|-damage|p2a: Garchomp|0 fnt|[from] item: Life Orb\n|faint|p2a: Garchomp\n|move|p1b: Sinistcha|Matcha Gotcha|p2b: Gengar|[miss]\n|-miss|p1b: Sinistcha|p2b: Gengar\n|\n|upkeep\n|turn|8\n|inactive|KalimotxoComunista has 30 seconds left.\n|inactive|KalimotxoComunista has 20 seconds left.\n|inactive|KalimotxoComunista has 15 seconds left.\n|inactive|KalimotxoComunista has 10 seconds left.\n|inactive|KalimotxoComunista has 5 seconds left.\n|\n|t:|1788210793\n|move|p2b: Gengar|Shadow Ball|p1b: Sinistcha\n|-supereffective|p1b: Sinistcha|1\n|-damage|p1b: Sinistcha|0 fnt\n|faint|p1b: Sinistcha\n|\n|win|Tricky Two\n||Tricky Two is ready for game 3.\n|inactive|KalimotxoComunista has 30 seconds to confirm battle start!\n|inactive|KalimotxoComunista has 20 seconds to confirm battle start!\n||KalimotxoComunista is ready for game 3.\n|uhtml|next|Next: <a href=\"/battle-gen9championsvgc2026regmbbo3-2673542767\"><strong>Game 3 of 3</strong></a>\n|l|☆Tricky Two\n|player|p2|\n|j|☆Tricky Two\n|player|p2|Tricky Two|poppy-masters|\n","uploadtime":1788211028,"views":"0","formatid":"gen9championsvgc2026regmbbo3","rating":null,"private":0,"password":null}