{"id":"gen9championsvgc2026regmbbo3-2674980670","format":"[Gen 9 Champions] VGC 2026 Reg M-B (Bo3)","players":["humania1","bearlover997"],"log":"|j|☆humania1\n|j|☆bearlover997\n|html|<table width=\"100%\"><tr><td align=\"left\">humania1</td><td align=\"right\">bearlover997</tr><tr><td align=\"left\"><i class=\"fa fa-circle-o\"></i> <i class=\"fa fa-circle-o\"></i> </td><td align=\"right\"><i class=\"fa fa-circle-o\"></i> <i class=\"fa fa-circle-o\"></i> </tr></table>\n|uhtml|bestof|<h2><strong>Game 1</strong> of <a href=\"/game-bestof3-gen9championsvgc2026regmbbo3-2674980669\">a best-of-3</a></h2>\n|t:|1788444832\n|gametype|doubles\n|player|p1|humania1|265|1117\n|player|p2|bearlover997|sage|1171\n|gen|9\n|tier|[Gen 9 Champions] VGC 2026 Reg M-B (Bo3)\n|rated|\n|rule|Species Clause: Limit one of each Pokémon\n|rule|Item Clause: Limit 1 of each item\n|clearpoke\n|poke|p1|Charizard, L50, M|\n|poke|p1|Whimsicott, L50, F|\n|poke|p1|Basculegion, L50, M|\n|poke|p1|Farigiraf, L50, F|\n|poke|p1|Kangaskhan, L50, F|\n|poke|p1|Sneasler, L50, F|\n|poke|p2|Lopunny, L50, F|\n|poke|p2|Volcarona, L50, F|\n|poke|p2|Ninetales-Alola, L50, M|\n|poke|p2|Toxapex, L50, F|\n|poke|p2|Grimmsnarl, L50, M|\n|poke|p2|Sinistcha, L50|\n|teampreview|4\n|showteam|p1|Charizard||CharizarditeY|SolarPower|WeatherBall,HeatWave,SolarBeam,Protect|Timid||M|||50|]Whimsicott||FocusSash|Prankster|Moonblast,Tailwind,SunnyDay,Encore|Timid||F|||50|]Basculegion||ChoiceScarf|Adaptability|WaveCrash,AquaJet,LastRespects,FlipTurn|Adamant||M|||50|]Farigiraf||SitrusBerry|ArmorTail|Psychic,HyperVoice,HelpingHand,TrickRoom|Modest||F|||50|]Kangaskhan||Kangaskhanite|Scrappy|FakeOut,DoubleEdge,DrainPunch,SuckerPunch|Adamant||F|||50|]Sneasler||WhiteHerb|Unburden|FakeOut,CloseCombat,DireClaw,RockTomb|Adamant||F|||50|\n|showteam|p2|Lopunny||Lopunnite|Limber|FakeOut,Uturn,CloseCombat,Encore|Jolly||F|||50|]Volcarona||Leftovers|FlameBody|HeatWave,BugBuzz,Protect,QuiverDance|Modest||F|||50|]Ninetales-Alola||FocusSash|SnowWarning|Encore,Disable,Protect,FreezeDry|Timid||M|||50|]Toxapex||BrightPowder|Regenerator|WideGuard,BanefulBunker,Toxic,Infestation|Bold||F|||50|]Grimmsnarl||LightClay|Prankster|LightScreen,Reflect,PartingShot,SpiritBreak|Careful||M|||50|]Sinistcha||SitrusBerry|Hospitality|RagePowder,Curse,MatchaGotcha,Protect|Bold|||||50|\n|inactive|Battle timer is ON: inactive players will automatically lose when time's up. (requested by bearlover997)\n|inactive|humania1 also wants the timer to be on.\n|\n|t:|1788444852\n|teamsize|p1|4\n|teamsize|p2|4\n|start\n|switch|p1a: Charizard|Charizard, L50, M|100/100\n|switch|p1b: Sneasler|Sneasler, L50, F|100/100\n|switch|p2a: Grimmsnarl|Grimmsnarl, L50, M|100/100\n|switch|p2b: Volcarona|Volcarona, L50, F|100/100\n|turn|1\n|\n|t:|1788444864\n|detailschange|p1a: Charizard|Charizard-Mega-Y, L50, M\n|-mega|p1a: Charizard|Charizard|Charizardite Y\n|-weather|SunnyDay|[from] ability: Drought|[of] p1a: Charizard\n|move|p2a: Grimmsnarl|Light Screen|p2a: Grimmsnarl\n|-sidestart|p2: bearlover997|move: Light Screen\n|move|p1b: Sneasler|Dire Claw|p2a: Grimmsnarl\n|-supereffective|p2a: Grimmsnarl|1\n|-damage|p2a: Grimmsnarl|0 fnt\n|faint|p2a: Grimmsnarl\n|move|p1a: Charizard|Heat Wave|p2b: Volcarona\n|-damage|p2b: Volcarona|41/100\n|move|p2b: Volcarona|Quiver Dance|p2b: Volcarona\n|-boost|p2b: Volcarona|spa|1\n|-boost|p2b: Volcarona|spd|1\n|-boost|p2b: Volcarona|spe|1\n|\n|-weather|SunnyDay|[upkeep]\n|-heal|p2b: Volcarona|47/100|[from] item: Leftovers\n|upkeep\n|\n|t:|1788444883\n|switch|p2a: Lopunny|Lopunny, L50, F|100/100\n|turn|2\n|\n|t:|1788444889\n|detailschange|p2a: Lopunny|Lopunny-Mega, L50, F\n|-mega|p2a: Lopunny|Lopunny|Lopunnite\n|move|p2a: Lopunny|Fake Out|p1b: Sneasler\n|-damage|p1b: Sneasler|61/100\n|move|p2b: Volcarona|Quiver Dance|p2b: Volcarona\n|-boost|p2b: Volcarona|spa|1\n|-boost|p2b: Volcarona|spd|1\n|-boost|p2b: Volcarona|spe|1\n|cant|p1b: Sneasler|flinch\n|move|p1a: Charizard|Weather Ball|p2a: Lopunny\n|-damage|p2a: Lopunny|15/100\n|\n|-weather|SunnyDay|[upkeep]\n|-heal|p2b: Volcarona|53/100|[from] item: Leftovers\n|upkeep\n|turn|3\n|\n|t:|1788444906\n|move|p2b: Volcarona|Heat Wave|p1b: Sneasler|[spread] p1b\n|-miss|p2b: Volcarona|p1a: Charizard\n|-damage|p1b: Sneasler|0 fnt\n|faint|p1b: Sneasler\n|move|p2a: Lopunny|U-turn|p1a: Charizard\n|-resisted|p1a: Charizard|2\n|-damage|p1a: Charizard|91/100\n|\n|t:|1788444913\n|switch|p2a: Ninetales|Ninetales-Alola, L50, M|100/100|[from] U-turn\n|-weather|Snowscape|[from] ability: Snow Warning|[of] p2a: Ninetales\n|move|p1a: Charizard|Weather Ball|p2a: Ninetales\n|-resisted|p2a: Ninetales|1\n|-crit|p2a: Ninetales\n|-damage|p2a: Ninetales|61/100\n|\n|-weather|Snowscape|[upkeep]\n|-heal|p2b: Volcarona|59/100|[from] item: Leftovers\n|upkeep\n|\n|t:|1788444913\n|switch|p1b: Farigiraf|Farigiraf, L50, F|100/100\n|turn|4\n|\n|t:|1788444932\n|switch|p1b: Basculegion|Basculegion, L50, M|100/100\n|move|p2b: Volcarona|Bug Buzz|p1b: Basculegion\n|-resisted|p1b: Basculegion|1\n|-crit|p1b: Basculegion\n|-damage|p1b: Basculegion|15/100\n|move|p2a: Ninetales|Encore|p1a: Charizard\n|-start|p1a: Charizard|Encore\n|move|p1a: Charizard|Weather Ball|p2a: Ninetales\n|-resisted|p2a: Ninetales|1\n|-damage|p2a: Ninetales|44/100\n|\n|-weather|Snowscape|[upkeep]\n|-heal|p2b: Volcarona|66/100|[from] item: Leftovers\n|upkeep\n|turn|5\n|\n|t:|1788444949\n|move|p1b: Basculegion|Aqua Jet|p2b: Volcarona\n|-supereffective|p2b: Volcarona|1\n|-damage|p2b: Volcarona|0 fnt\n|faint|p2b: Volcarona\n|move|p2a: Ninetales|Disable|p1a: Charizard\n|-start|p1a: Charizard|Disable|Weather Ball\n|cant|p1a: Charizard|Disable|Weather Ball\n|\n|-weather|Snowscape|[upkeep]\n|upkeep\n|\n|t:|1788444954\n|switch|p2b: Lopunny|Lopunny-Mega, L50, F|15/100\n|turn|6\n|\n|t:|1788444958\n|move|p2b: Lopunny|Fake Out|p1b: Basculegion\n|-damage|p1b: Basculegion|0 fnt\n|faint|p1b: Basculegion\n|move|p2a: Ninetales|Freeze-Dry|p1a: Charizard\n|-damage|p1a: Charizard|65/100\n|-activate|p1a: Charizard|move: Struggle\n|move|p1a: Charizard|Struggle|p2a: Ninetales\n|-damage|p2a: Ninetales|34/100\n|-damage|p1a: Charizard|40/100|[from] recoil\n|\n|-weather|Snowscape|[upkeep]\n|-end|p1a: Charizard|Encore\n|upkeep\n|\n|t:|1788444960\n|switch|p1b: Farigiraf|Farigiraf, L50, F|100/100\n|turn|7\n|\n|t:|1788444975\n|move|p2b: Lopunny|Close Combat|p1b: Farigiraf\n|-damage|p1b: Farigiraf|38/100\n|-unboost|p2b: Lopunny|def|1\n|-unboost|p2b: Lopunny|spd|1\n|-enditem|p1b: Farigiraf|Sitrus Berry|[eat]\n|-heal|p1b: Farigiraf|63/100|[from] item: Sitrus Berry\n|move|p2a: Ninetales|Freeze-Dry|p1b: Farigiraf\n|-damage|p1b: Farigiraf|39/100\n|move|p1a: Charizard|Solar Beam||[still]\n|-prepare|p1a: Charizard|Solar Beam\n|move|p1b: Farigiraf|Psychic|p2a: Ninetales\n|-damage|p2a: Ninetales|3/100\n|-unboost|p2a: Ninetales|spd|1\n|\n|-weather|none\n|upkeep\n|turn|8\n|\n|t:|1788444994\n|move|p2b: Lopunny|Close Combat|p1b: Farigiraf\n|-damage|p1b: Farigiraf|0 fnt\n|-unboost|p2b: Lopunny|def|1\n|-unboost|p2b: Lopunny|spd|1\n|faint|p1b: Farigiraf\n|move|p2a: Ninetales|Freeze-Dry|p1a: Charizard\n|-damage|p1a: Charizard|9/100\n|move|p1a: Charizard|Solar Beam|p1: Farigiraf|[from] lockedmove|[notarget]\n|-fail|p1a: Charizard\n|\n|-end|p1a: Charizard|Disable\n|-sideend|p2: bearlover997|move: Light Screen\n|upkeep\n|turn|9\n|\n|t:|1788445005\n|move|p1a: Charizard|Protect|p1a: Charizard\n|-singleturn|p1a: Charizard|Protect\n|move|p2b: Lopunny|Close Combat|p1a: Charizard\n|-activate|p1a: Charizard|move: Protect\n|move|p2a: Ninetales|Freeze-Dry|p1a: Charizard\n|-activate|p1a: Charizard|move: Protect\n|\n|upkeep\n|turn|10\n|\n|t:|1788445010\n|move|p2b: Lopunny|Encore|p1a: Charizard\n|-start|p1a: Charizard|Encore\n|move|p1a: Charizard|Protect||[still]\n|-fail|p1a: Charizard\n|move|p2a: Ninetales|Disable|p1a: Charizard\n|-start|p1a: Charizard|Disable|Protect\n|\n|upkeep\n|turn|11\n|\n|t:|1788445016\n|move|p2b: Lopunny|Close Combat|p1a: Charizard\n|-resisted|p1a: Charizard|1\n|-damage|p1a: Charizard|0 fnt\n|-unboost|p2b: Lopunny|def|1\n|-unboost|p2b: Lopunny|spd|1\n|faint|p1a: Charizard\n|\n|win|bearlover997\n","uploadtime":1788445016,"views":"0","formatid":"gen9championsvgc2026regmbbo3","rating":null,"private":0,"password":null}