{"id":"gen9championsvgc2026regmbbo3-2674001907","format":"[Gen 9 Champions] VGC 2026 Reg M-B (Bo3)","players":["LT134TT Name","humania1"],"log":"|j|☆LT134TT Name\n|j|☆humania1\n|html|<table width=\"100%\"><tr><td align=\"left\">LT134TT Name</td><td align=\"right\">humania1</tr><tr><td align=\"left\"><i class=\"fa fa-circle-o\"></i> <i class=\"fa fa-circle-o\"></i> </td><td align=\"right\"><i class=\"fa fa-circle-o\"></i> <i class=\"fa fa-circle-o\"></i> </tr></table>\n|uhtml|bestof|<h2><strong>Game 1</strong> of <a href=\"/game-bestof3-gen9championsvgc2026regmbbo3-2674001906\">a best-of-3</a></h2>\n|t:|1788286880\n|gametype|doubles\n|player|p1|LT134TT Name|cyclistf|1130\n|player|p2|humania1|266|1022\n|gen|9\n|tier|[Gen 9 Champions] VGC 2026 Reg M-B (Bo3)\n|rated|\n|rule|Species Clause: Limit one of each Pokémon\n|rule|Item Clause: Limit 1 of each item\n|clearpoke\n|poke|p1|Whimsicott, L50, M|\n|poke|p1|Gholdengo, L50|\n|poke|p1|Staraptor, L50, F|\n|poke|p1|Garchomp, L50, M|\n|poke|p1|Delphox, L50, M|\n|poke|p1|Rotom-Wash, L50|\n|poke|p2|Blastoise, L50, M|\n|poke|p2|Delphox, L50, M, shiny|\n|poke|p2|Incineroar, L50, F|\n|poke|p2|Sinistcha, L50|\n|poke|p2|Sneasler, L50, F|\n|poke|p2|Vivillon, L50, M|\n|teampreview|4\n|showteam|p1|Whimsicott||FocusSash|Prankster|Tailwind,Encore,Protect,Moonblast|Timid||M|||50|]Gholdengo||ShucaBerry|GoodasGold|PowerGem,Protect,MakeItRain,ShadowBall|Modest|||||50|]Staraptor||Staraptite|Intimidate|Tailwind,Protect,CloseCombat,BraveBird|Jolly||F|||50|]Garchomp||LifeOrb|RoughSkin|RockSlide,StompingTantrum,Protect,DragonClaw|Jolly||M|||50|]Delphox||Delphoxite|Blaze|HeatWave,Psyshock,Protect,NastyPlot|Timid||M|||50|]Rotom-Wash||SitrusBerry|Levitate|Protect,WillOWisp,HydroPump,Thunderbolt|Calm|||||50|\n|showteam|p2|Blastoise||Blastoisinite|Torrent|Protect,ShellSmash,WaterSpout,DarkPulse|Modest||M|||50|]Delphox||Delphoxite|Blaze|Protect,HeatWave,Psyshock,NastyPlot|Timid||M|||50|]Incineroar||PasshoBerry|Intimidate|FakeOut,PartingShot,FlareBlitz,ThroatChop|Impish||F|||50|]Sinistcha||SitrusBerry|Hospitality|Protect,MatchaGotcha,TrickRoom,RagePowder|Bold|||||50|]Sneasler||FocusSash|PoisonTouch|QuickGuard,FakeOut,CloseCombat,DireClaw|Jolly||F|||50|]Vivillon||ChoiceScarf|CompoundEyes|Hurricane,SleepPowder,RagePowder,Uturn|Timid||M|||50|\n|inactive|Battle timer is ON: inactive players will automatically lose when time's up. (requested by humania1)\n|inactive|LT134TT Name has 60 seconds left.\n|\n|t:|1788286913\n|teamsize|p1|4\n|teamsize|p2|4\n|start\n|switch|p1a: Rotom|Rotom-Wash, L50|100/100\n|switch|p1b: Staraptor|Staraptor, L50, F|100/100\n|switch|p2a: Blastoise|Blastoise, L50, M|100/100\n|switch|p2b: Incineroar|Incineroar, L50, F|100/100\n|-ability|p1b: Staraptor|Intimidate|boost\n|-unboost|p2a: Blastoise|atk|1\n|-unboost|p2b: Incineroar|atk|1\n|-ability|p2b: Incineroar|Intimidate|boost\n|-unboost|p1a: Rotom|atk|1\n|-unboost|p1b: Staraptor|atk|1\n|turn|1\n|\n|t:|1788286921\n|detailschange|p1b: Staraptor|Staraptor-Mega, L50, F\n|-mega|p1b: Staraptor|Staraptor|Staraptite\n|detailschange|p2a: Blastoise|Blastoise-Mega, L50, M\n|-mega|p2a: Blastoise|Blastoise|Blastoisinite\n|move|p1b: Staraptor|Close Combat|p2b: Incineroar\n|-supereffective|p2b: Incineroar|1\n|-damage|p2b: Incineroar|31/100\n|-boost|p1b: Staraptor|def|1\n|-boost|p1b: Staraptor|spd|1\n|move|p2a: Blastoise|Water Spout|p1b: Staraptor|[spread] p1a,p1b\n|-resisted|p1a: Rotom|1\n|-damage|p1a: Rotom|76/100\n|-damage|p1b: Staraptor|45/100\n|move|p1a: Rotom|Thunderbolt|p2a: Blastoise\n|-supereffective|p2a: Blastoise|1\n|-damage|p2a: Blastoise|40/100\n|move|p2b: Incineroar|Parting Shot|p1a: Rotom\n|-unboost|p1a: Rotom|atk|1\n|-unboost|p1a: Rotom|spa|1\n|\n|t:|1788286921\n|switch|p2b: Sinistcha|Sinistcha, L50|100/100|[from] Parting Shot\n|-heal|p2a: Blastoise|65/100|[from] ability: Hospitality|[of] p2b: Sinistcha\n|\n|upkeep\n|turn|2\n|inactive|LT134TT Name has 30 seconds left.\n|inactive|LT134TT Name has 20 seconds left.\n|\n|t:|1788286960\n|move|p1b: Staraptor|Protect|p1b: Staraptor\n|-singleturn|p1b: Staraptor|Protect\n|move|p2a: Blastoise|Water Spout|p1a: Rotom|[spread] p1a\n|-activate|p1b: Staraptor|move: Protect\n|-resisted|p1a: Rotom|1\n|-damage|p1a: Rotom|61/100\n|move|p1a: Rotom|Will-O-Wisp|p2a: Blastoise\n|-status|p2a: Blastoise|brn\n|move|p2b: Sinistcha|Trick Room|p2b: Sinistcha\n|-fieldstart|move: Trick Room|[of] p2b: Sinistcha\n|\n|-damage|p2a: Blastoise|59/100 brn|[from] brn\n|upkeep\n|turn|3\n|inactive|LT134TT Name has 30 seconds left.\n|\n|t:|1788286986\n|move|p2b: Sinistcha|Matcha Gotcha|p1a: Rotom|[spread] p1a,p1b\n|-supereffective|p1a: Rotom|1\n|-resisted|p1b: Staraptor|1\n|-damage|p1a: Rotom|26/100\n|-damage|p1b: Staraptor|36/100\n|-status|p1b: Staraptor|brn\n|-enditem|p1a: Rotom|Sitrus Berry|[eat]\n|-heal|p1a: Rotom|51/100|[from] item: Sitrus Berry\n|move|p1a: Rotom|Thunderbolt|p2a: Blastoise\n|-supereffective|p2a: Blastoise|1\n|-damage|p2a: Blastoise|16/100 brn\n|move|p2a: Blastoise|Water Spout|p1a: Rotom|[spread] p1a,p1b\n|-resisted|p1a: Rotom|1\n|-damage|p1a: Rotom|47/100\n|-damage|p1b: Staraptor|28/100 brn\n|move|p1b: Staraptor|Brave Bird|p2b: Sinistcha\n|-supereffective|p2b: Sinistcha|1\n|-damage|p2b: Sinistcha|61/100\n|-damage|p1b: Staraptor|14/100 brn|[from] Recoil\n|\n|-damage|p2a: Blastoise|10/100 brn|[from] brn\n|-damage|p1b: Staraptor|8/100 brn|[from] brn\n|upkeep\n|turn|4\n|inactive|LT134TT Name has 30 seconds left.\n|\n|t:|1788287013\n|move|p2a: Blastoise|Protect|p2a: Blastoise\n|-singleturn|p2a: Blastoise|Protect\n|move|p2b: Sinistcha|Matcha Gotcha|p1a: Rotom|[spread] p1a,p1b\n|-supereffective|p1a: Rotom|1\n|-resisted|p1b: Staraptor|1\n|-damage|p1a: Rotom|8/100\n|-heal|p2b: Sinistcha|79/100|[from] drain|[of] p1a: Rotom\n|-damage|p1b: Staraptor|0 fnt\n|-heal|p2b: Sinistcha|83/100|[from] drain|[of] p1b: Staraptor\n|-status|p1a: Rotom|brn\n|faint|p1b: Staraptor\n|move|p1a: Rotom|Thunderbolt|p2a: Blastoise\n|-activate|p2a: Blastoise|move: Protect\n|\n|-damage|p1a: Rotom|2/100 brn|[from] brn\n|-damage|p2a: Blastoise|4/100 brn|[from] brn\n|upkeep\n|\n|t:|1788287025\n|switch|p1b: Garchomp|Garchomp, L50, M|100/100\n|turn|5\n|\n|t:|1788287036\n|switch|p2a: Incineroar|Incineroar, L50, F|31/100\n|-ability|p2a: Incineroar|Intimidate|boost\n|-unboost|p1a: Rotom|atk|1\n|-unboost|p1b: Garchomp|atk|1\n|move|p2b: Sinistcha|Matcha Gotcha|p1a: Rotom|[spread] p1a,p1b\n|-supereffective|p1a: Rotom|1\n|-damage|p1a: Rotom|0 fnt\n|-heal|p2b: Sinistcha|84/100|[from] drain|[of] p1a: Rotom\n|-damage|p1b: Garchomp|70/100\n|-heal|p2b: Sinistcha|100/100|[from] drain|[of] p1b: Garchomp\n|-status|p1b: Garchomp|brn\n|faint|p1a: Rotom\n|move|p1b: Garchomp|Dragon Claw|p2b: Sinistcha\n|-damage|p2b: Sinistcha|84/100\n|-damage|p1b: Garchomp|61/100 brn|[from] item: Life Orb\n|\n|-damage|p1b: Garchomp|55/100 brn|[from] brn\n|upkeep\n|\n|t:|1788287048\n|switch|p1a: Gholdengo|Gholdengo, L50|100/100\n|turn|6\n|\n|t:|1788287051\n|move|p2b: Sinistcha|Protect|p2b: Sinistcha\n|-singleturn|p2b: Sinistcha|Protect\n|move|p1a: Gholdengo|Protect|p1a: Gholdengo\n|-singleturn|p1a: Gholdengo|Protect\n|move|p1b: Garchomp|Protect|p1b: Garchomp\n|-singleturn|p1b: Garchomp|Protect\n|move|p2a: Incineroar|Flare Blitz|p1a: Gholdengo\n|-activate|p1a: Gholdengo|move: Protect\n|\n|-damage|p1b: Garchomp|49/100 brn|[from] brn\n|-fieldend|move: Trick Room\n|upkeep\n|turn|7\n|\n|t:|1788287059\n|move|p1b: Garchomp|Stomping Tantrum|p2a: Incineroar\n|-supereffective|p2a: Incineroar|1\n|-damage|p2a: Incineroar|5/100\n|-damage|p1b: Garchomp|39/100 brn|[from] item: Life Orb\n|move|p1a: Gholdengo|Shadow Ball|p2b: Sinistcha\n|-supereffective|p2b: Sinistcha|1\n|-damage|p2b: Sinistcha|2/100\n|-enditem|p2b: Sinistcha|Sitrus Berry|[eat]\n|-heal|p2b: Sinistcha|27/100|[from] item: Sitrus Berry\n|move|p2a: Incineroar|Flare Blitz|p1a: Gholdengo\n|-supereffective|p1a: Gholdengo|1\n|-damage|p1a: Gholdengo|0 fnt\n|faint|p1a: Gholdengo\n|-damage|p2a: Incineroar|0 fnt|[from] Recoil\n|faint|p2a: Incineroar\n|move|p2b: Sinistcha|Trick Room|p2b: Sinistcha\n|-fieldstart|move: Trick Room|[of] p2b: Sinistcha\n|\n|-damage|p1b: Garchomp|33/100 brn|[from] brn\n|upkeep\n|\n|t:|1788287059\n|switch|p2a: Sneasler|Sneasler, L50, F|100/100\n|turn|8\n|-message|LT134TT Name forfeited.\n|\n|win|humania1\n","uploadtime":1788287073,"views":"0","formatid":"gen9championsvgc2026regmbbo3","rating":null,"private":0,"password":null}