{"id":"gen9championsvgc2026regmb-2674350145","format":"[Gen 9 Champions] VGC 2026 Reg M-B","players":["Noah 86","Foureaux77"],"log":"|j|☆Noah 86\n|j|☆Foureaux77\n|t:|1788346726\n|gametype|doubles\n|player|p1|Noah 86|jogger|1392\n|player|p2|Foureaux77|swimmer-gen4dp|1329\n|gen|9\n|tier|[Gen 9 Champions] VGC 2026 Reg M-B\n|rated|\n|rule|Species Clause: Limit one of each Pokémon\n|rule|Item Clause: Limit 1 of each item\n|clearpoke\n|poke|p1|Grimmsnarl, L50, M|\n|poke|p1|Staraptor, L50, F|\n|poke|p1|Hippowdon, L50, F|\n|poke|p1|Sinistcha, L50|\n|poke|p1|Bellibolt, L50, M|\n|poke|p1|Dragalge, L50, F|\n|poke|p2|Delphox, L50, M|\n|poke|p2|Blastoise, L50, M|\n|poke|p2|Incineroar, L50, M|\n|poke|p2|Kingambit, L50, F|\n|poke|p2|Sinistcha, L50|\n|poke|p2|Sneasler, L50, M|\n|teampreview|4\n|inactive|Battle timer is ON: inactive players will automatically lose when time's up. (requested by Foureaux77)\n|\n|t:|1788346776\n|teamsize|p1|4\n|teamsize|p2|4\n|start\n|switch|p1a: Dragalge|Dragalge, L50, F|100/100\n|switch|p1b: Grimmsnarl|Grimmsnarl, L50, M|100/100\n|switch|p2a: Delphox|Delphox, L50, M|100/100\n|switch|p2b: Incineroar|Incineroar, L50, M|100/100\n|-ability|p2b: Incineroar|Intimidate|boost\n|-unboost|p1a: Dragalge|atk|1\n|-unboost|p1b: Grimmsnarl|atk|1\n|turn|1\n|\n|t:|1788346796\n|detailschange|p2a: Delphox|Delphox-Mega, L50, M\n|-mega|p2a: Delphox|Delphox|Delphoxite\n|detailschange|p1a: Dragalge|Dragalge-Mega, L50, F\n|-mega|p1a: Dragalge|Dragalge|Dragalgite\n|move|p2b: Incineroar|Fake Out|p1a: Dragalge\n|-damage|p1a: Dragalge|92/100\n|move|p1b: Grimmsnarl|Light Screen|p1b: Grimmsnarl\n|-sidestart|p1: Noah 86|move: Light Screen\n|move|p2a: Delphox|Nasty Plot|p2a: Delphox\n|-boost|p2a: Delphox|spa|2\n|cant|p1a: Dragalge|flinch\n|\n|upkeep\n|turn|2\n|inactive|Noah 86 has 30 seconds left.\n|inactive|Foureaux77 has 30 seconds left.\n|inactive|Noah 86 has 20 seconds left.\n|\n|t:|1788346832\n|move|p2a: Delphox|Psychic|p1a: Dragalge\n|-supereffective|p1a: Dragalge|1\n|-damage|p1a: Dragalge|1/100\n|move|p1b: Grimmsnarl|Throat Chop|p2a: Delphox\n|-supereffective|p2a: Delphox|1\n|-damage|p2a: Delphox|49/100\n|-start|p2a: Delphox|Throat Chop|[silent]\n|move|p2b: Incineroar|Parting Shot|p1a: Dragalge\n|-unboost|p1a: Dragalge|atk|1\n|-unboost|p1a: Dragalge|spa|1\n|\n|t:|1788346841\n|switch|p2b: Sinistcha|Sinistcha, L50|100/100|[from] Parting Shot\n|-heal|p2a: Delphox|74/100|[from] ability: Hospitality|[of] p2b: Sinistcha\n|move|p1a: Dragalge|Sludge Bomb|p2a: Delphox\n|-damage|p2a: Delphox|49/100\n|\n|upkeep\n|turn|3\n|\n|t:|1788346857\n|move|p1a: Dragalge|Protect|p1a: Dragalge\n|-singleturn|p1a: Dragalge|Protect\n|move|p2b: Sinistcha|Rage Powder|p2b: Sinistcha\n|-singleturn|p2b: Sinistcha|move: Rage Powder\n|move|p1b: Grimmsnarl|Parting Shot|p2b: Sinistcha\n|-unboost|p2b: Sinistcha|atk|1\n|-unboost|p2b: Sinistcha|spa|1\n|\n|t:|1788346867\n|switch|p1b: Hippowdon|Hippowdon, L50, F|100/100|[from] Parting Shot\n|-weather|Sandstorm|[from] ability: Sand Stream|[of] p1b: Hippowdon\n|move|p2a: Delphox|Heat Wave|p1a: Dragalge|[spread] \n|-activate|p1a: Dragalge|move: Protect\n|-miss|p2a: Delphox|p1b: Hippowdon\n|\n|-weather|Sandstorm|[upkeep]\n|-damage|p2a: Delphox|43/100|[from] Sandstorm\n|-damage|p2b: Sinistcha|93/100|[from] Sandstorm\n|-damage|p1a: Dragalge|0 fnt|[from] Sandstorm\n|faint|p1a: Dragalge\n|-end|p2a: Delphox|Throat Chop|[silent]\n|upkeep\n|\n|t:|1788346878\n|switch|p1a: Bellibolt|Bellibolt, L50, M|100/100\n|turn|4\n|\n|t:|1788346889\n|switch|p2b: Incineroar|Incineroar, L50, M|100/100\n|-ability|p2b: Incineroar|Intimidate|boost\n|-unboost|p1a: Bellibolt|atk|1\n|-unboost|p1b: Hippowdon|atk|1\n|move|p2a: Delphox|Protect|p2a: Delphox\n|-singleturn|p2a: Delphox|Protect\n|move|p1a: Bellibolt|Parabolic Charge|p2a: Delphox|[spread] p2b\n|-activate|p2a: Delphox|move: Protect\n|-immune|p1b: Hippowdon\n|-damage|p2b: Incineroar|85/100\n|move|p1b: Hippowdon|Rock Slide|p2a: Delphox|[spread] p2b\n|-activate|p2a: Delphox|move: Protect\n|-supereffective|p2b: Incineroar|1\n|-damage|p2b: Incineroar|63/100\n|\n|-weather|Sandstorm|[upkeep]\n|-damage|p2a: Delphox|37/100|[from] Sandstorm\n|-damage|p2b: Incineroar|57/100|[from] Sandstorm\n|-damage|p1a: Bellibolt|93/100|[from] Sandstorm\n|upkeep\n|turn|5\n|inactive|Foureaux77 has 30 seconds left.\n|inactive|Foureaux77 has 20 seconds left.\n|\n|t:|1788346925\n|switch|p2b: Sinistcha|Sinistcha, L50|93/100\n|-heal|p2a: Delphox|62/100|[from] ability: Hospitality|[of] p2b: Sinistcha\n|move|p1a: Bellibolt|Protect|p1a: Bellibolt\n|-singleturn|p1a: Bellibolt|Protect\n|move|p2a: Delphox|Psychic|p1b: Hippowdon\n|-damage|p1b: Hippowdon|31/100\n|move|p1b: Hippowdon|Rock Slide|p2b: Sinistcha|[spread] p2a,p2b\n|-supereffective|p2a: Delphox|1\n|-damage|p2a: Delphox|34/100\n|-damage|p2b: Sinistcha|84/100\n|\n|-weather|Sandstorm|[upkeep]\n|-damage|p2a: Delphox|28/100|[from] Sandstorm\n|-damage|p2b: Sinistcha|78/100|[from] Sandstorm\n|-damage|p1a: Bellibolt|87/100|[from] Sandstorm\n|upkeep\n|turn|6\n|inactive|Noah 86 has 30 seconds left.\n|inactive|Foureaux77 has 30 seconds left.\n|inactive|Noah 86 has 20 seconds left.\n|\n|t:|1788346962\n|move|p2a: Delphox|Heat Wave|p1b: Hippowdon|[spread] p1a,p1b\n|-crit|p1b: Hippowdon\n|-damage|p1a: Bellibolt|42/100\n|-damage|p1b: Hippowdon|0 fnt\n|-start|p1a: Bellibolt|Charge|Heat Wave|[from] ability: Electromorphosis\n|-enditem|p1a: Bellibolt|Sitrus Berry|[eat]\n|-heal|p1a: Bellibolt|67/100|[from] item: Sitrus Berry\n|faint|p1b: Hippowdon\n|move|p2b: Sinistcha|Matcha Gotcha|p1a: Bellibolt\n|-damage|p1a: Bellibolt|51/100\n|-heal|p2b: Sinistcha|88/100|[from] drain|[of] p1a: Bellibolt\n|-start|p1a: Bellibolt|Charge|Matcha Gotcha|[from] ability: Electromorphosis\n|move|p1a: Bellibolt|Soak|p2b: Sinistcha\n|-start|p2b: Sinistcha|typechange|Water\n|\n|-weather|Sandstorm|[upkeep]\n|-damage|p2a: Delphox|22/100|[from] Sandstorm\n|-damage|p2b: Sinistcha|82/100|[from] Sandstorm\n|-damage|p1a: Bellibolt|45/100|[from] Sandstorm\n|upkeep\n|\n|t:|1788346972\n|switch|p1b: Grimmsnarl|Grimmsnarl, L50, M|100/100\n|turn|7\n|\n|t:|1788346987\n|switch|p2b: Incineroar|Incineroar, L50, M|57/100\n|-ability|p2b: Incineroar|Intimidate|boost\n|-unboost|p1a: Bellibolt|atk|1\n|-unboost|p1b: Grimmsnarl|atk|1\n|move|p2a: Delphox|Protect|p2a: Delphox\n|-singleturn|p2a: Delphox|Protect\n|move|p1b: Grimmsnarl|Parting Shot|p2a: Delphox\n|-activate|p2a: Delphox|move: Protect\n|move|p1a: Bellibolt|Parabolic Charge|p2b: Incineroar|[spread] p1b,p2b\n|-activate|p2a: Delphox|move: Protect\n|-damage|p1b: Grimmsnarl|80/100\n|-heal|p1a: Bellibolt|54/100|[from] drain|[of] p1b: Grimmsnarl\n|-damage|p2b: Incineroar|27/100\n|-heal|p1a: Bellibolt|68/100|[from] drain|[of] p2b: Incineroar\n|-enditem|p2b: Incineroar|Sitrus Berry|[eat]\n|-heal|p2b: Incineroar|52/100|[from] item: Sitrus Berry\n|-end|p1a: Bellibolt|Charge|[silent]\n|\n|-weather|none\n|upkeep\n|turn|8\n|\n|t:|1788347009\n|switch|p2b: Sinistcha|Sinistcha, L50|82/100\n|-heal|p2a: Delphox|47/100|[from] ability: Hospitality|[of] p2b: Sinistcha\n|move|p1a: Bellibolt|Protect|p1a: Bellibolt\n|-singleturn|p1a: Bellibolt|Protect\n|move|p1b: Grimmsnarl|Reflect|p1b: Grimmsnarl\n|-sidestart|p1: Noah 86|Reflect\n|move|p2a: Delphox|Heat Wave|p1b: Grimmsnarl|[spread] \n|-activate|p1a: Bellibolt|move: Protect\n|-miss|p2a: Delphox|p1b: Grimmsnarl\n|\n|-sideend|p1: Noah 86|move: Light Screen\n|upkeep\n|turn|9\n|\n|t:|1788347027\n|move|p2b: Sinistcha|Rage Powder|p2b: Sinistcha\n|-singleturn|p2b: Sinistcha|move: Rage Powder\n|move|p1b: Grimmsnarl|Light Screen|p1b: Grimmsnarl\n|-sidestart|p1: Noah 86|move: Light Screen\n|move|p2a: Delphox|Heat Wave|p1b: Grimmsnarl|[spread] p1a,p1b\n|-damage|p1a: Bellibolt|23/100\n|-damage|p1b: Grimmsnarl|40/100\n|-start|p1a: Bellibolt|Charge|Heat Wave|[from] ability: Electromorphosis\n|move|p1a: Bellibolt|Parabolic Charge|p2b: Sinistcha|[spread] p1b,p2a,p2b\n|-resisted|p2b: Sinistcha|1\n|-damage|p1b: Grimmsnarl|18/100\n|-heal|p1a: Bellibolt|33/100|[from] drain|[of] p1b: Grimmsnarl\n|-damage|p2a: Delphox|13/100\n|-heal|p1a: Bellibolt|47/100|[from] drain|[of] p2a: Delphox\n|-damage|p2b: Sinistcha|61/100\n|-heal|p1a: Bellibolt|56/100|[from] drain|[of] p2b: Sinistcha\n|-end|p1a: Bellibolt|Charge|[silent]\n|\n|upkeep\n|turn|10\n|\n|t:|1788347050\n|switch|p2b: Incineroar|Incineroar, L50, M|52/100\n|-ability|p2b: Incineroar|Intimidate|boost\n|-unboost|p1a: Bellibolt|atk|1\n|-unboost|p1b: Grimmsnarl|atk|1\n|move|p2a: Delphox|Protect|p2a: Delphox\n|-singleturn|p2a: Delphox|Protect\n|move|p1b: Grimmsnarl|Parting Shot|p2a: Delphox\n|-activate|p2a: Delphox|move: Protect\n|move|p1a: Bellibolt|Parabolic Charge|p2b: Incineroar|[spread] p1b,p2b\n|-activate|p2a: Delphox|move: Protect\n|-crit|p1b: Grimmsnarl\n|-damage|p1b: Grimmsnarl|0 fnt\n|-heal|p1a: Bellibolt|65/100|[from] drain|[of] p1b: Grimmsnarl\n|-damage|p2b: Incineroar|36/100\n|-heal|p1a: Bellibolt|73/100|[from] drain|[of] p2b: Incineroar\n|faint|p1b: Grimmsnarl\n|\n|upkeep\n|turn|11\n|inactive|Foureaux77 has 30 seconds left.\n|\n|t:|1788347079\n|move|p1a: Bellibolt|Protect|p1a: Bellibolt\n|-singleturn|p1a: Bellibolt|Protect\n|move|p2b: Incineroar|Fake Out|p1a: Bellibolt\n|-activate|p1a: Bellibolt|move: Protect\n|move|p2a: Delphox|Nasty Plot|p2a: Delphox\n|-boost|p2a: Delphox|spa|2\n|\n|upkeep\n|turn|12\n|\n|t:|1788347104\n|switch|p2b: Sinistcha|Sinistcha, L50|61/100\n|-heal|p2a: Delphox|38/100|[from] ability: Hospitality|[of] p2b: Sinistcha\n|move|p2a: Delphox|Protect|p2a: Delphox\n|-singleturn|p2a: Delphox|Protect\n|move|p1a: Bellibolt|Parabolic Charge|p2b: Sinistcha|[spread] p2b\n|-activate|p2a: Delphox|move: Protect\n|-resisted|p2b: Sinistcha|1\n|-damage|p2b: Sinistcha|52/100\n|-heal|p1a: Bellibolt|77/100|[from] drain|[of] p2b: Sinistcha\n|\n|upkeep\n|turn|13\n|\n|t:|1788347126\n|move|p2b: Sinistcha|Protect|p2b: Sinistcha\n|-singleturn|p2b: Sinistcha|Protect\n|move|p2a: Delphox|Psychic|p1a: Bellibolt\n|-damage|p1a: Bellibolt|2/100\n|-start|p1a: Bellibolt|Charge|Psychic|[from] ability: Electromorphosis\n|move|p1a: Bellibolt|Soak|p2a: Delphox\n|-start|p2a: Delphox|typechange|Water\n|\n|upkeep\n|turn|14\n|\n|t:|1788347147\n|switch|p2b: Incineroar|Incineroar, L50, M|36/100\n|-ability|p2b: Incineroar|Intimidate|boost\n|-unboost|p1a: Bellibolt|atk|1\n|move|p2a: Delphox|Protect|p2a: Delphox\n|-singleturn|p2a: Delphox|Protect\n|move|p1a: Bellibolt|Parabolic Charge|p2b: Incineroar|[spread] p2b\n|-activate|p2a: Delphox|move: Protect\n|-damage|p2b: Incineroar|8/100\n|-heal|p1a: Bellibolt|16/100|[from] drain|[of] p2b: Incineroar\n|-end|p1a: Bellibolt|Charge|[silent]\n|\n|upkeep\n|turn|15\n|\n|t:|1788347165\n|move|p2b: Incineroar|Fake Out|p1a: Bellibolt\n|-damage|p1a: Bellibolt|9/100\n|-start|p1a: Bellibolt|Charge|Fake Out|[from] ability: Electromorphosis\n|move|p2a: Delphox|Nasty Plot|p2a: Delphox\n|-boost|p2a: Delphox|spa|2\n|cant|p1a: Bellibolt|flinch\n|-end|p1a: Bellibolt|Charge|[silent]\n|\n|-sideend|p1: Noah 86|Reflect\n|upkeep\n|turn|16\n|\n|t:|1788347179\n|switch|p2b: Sinistcha|Sinistcha, L50|52/100\n|-heal|p2a: Delphox|62/100|[from] ability: Hospitality|[of] p2b: Sinistcha\n|move|p2a: Delphox|Psychic|p1a: Bellibolt\n|-damage|p1a: Bellibolt|0 fnt\n|faint|p1a: Bellibolt\n|\n|win|Foureaux77\n|raw|Noah 86's rating: 1392 &rarr; <strong>1368</strong><br />(-24 for losing)\n|raw|Foureaux77's rating: 1329 &rarr; <strong>1353</strong><br />(+24 for winning)\n|l|☆Noah 86\n|player|p1|\n","uploadtime":1788347190,"views":"1","formatid":"gen9championsvgc2026regmb","rating":1353,"private":0,"password":null}