{"id":"gen9championsvgc2026regmb-2674851578","format":"[Gen 9 Champions] VGC 2026 Reg M-B","players":["ethalem","test7300"],"log":"|j|☆ethalem\n|j|‽test7300\n|t:|1788421223\n|gametype|doubles\n|player|p1|ethalem|acetrainer-gen4dp|1519\n|player|p2|test7300|170|1631\n|gen|9\n|tier|[Gen 9 Champions] VGC 2026 Reg M-B\n|rated|\n|rule|Species Clause: Limit one of each Pokémon\n|rule|Item Clause: Limit 1 of each item\n|clearpoke\n|poke|p1|Dragonite, L50, M|\n|poke|p1|Sneasler, L50, M|\n|poke|p1|Basculegion, L50, M|\n|poke|p1|Kingambit, L50, M|\n|poke|p1|Garchomp, L50, F|\n|poke|p1|Floette-Eternal, L50, F|\n|poke|p2|Blaziken, L50, F|\n|poke|p2|Incineroar, L50, M|\n|poke|p2|Sinistcha, L50|\n|poke|p2|Kingambit, L50, F|\n|poke|p2|Garchomp, L50, F|\n|poke|p2|Floette-Eternal, L50, F|\n|teampreview|4\n|inactive|Battle timer is ON: inactive players will automatically lose when time's up. (requested by ethalem)\n|inactive|test7300 has 60 seconds left.\n|\n|t:|1788421257\n|teamsize|p1|4\n|teamsize|p2|4\n|start\n|switch|p1a: Floette|Floette-Eternal, L50, F|100/100\n|switch|p1b: Kingambit|Kingambit, L50, M|100/100\n|switch|p2a: Blaziken|Blaziken, L50, F|100/100\n|switch|p2b: Floette|Floette-Eternal, L50, F|100/100\n|turn|1\n|\n|t:|1788421275\n|detailschange|p2b: Floette|Floette-Mega, L50, F\n|-mega|p2b: Floette|Floette|Floettite\n|-ability|p2b: Floette|Fairy Aura\n|detailschange|p1a: Floette|Floette-Mega, L50, F\n|-mega|p1a: Floette|Floette|Floettite\n|-ability|p1a: Floette|Fairy Aura\n|move|p2b: Floette|Protect|p2b: Floette\n|-singleturn|p2b: Floette|Protect\n|move|p1a: Floette|Moonblast|p2a: Blaziken\n|-damage|p2a: Blaziken|10/100\n|-unboost|p2a: Blaziken|spa|1\n|move|p2a: Blaziken|Swords Dance|p2a: Blaziken\n|-boost|p2a: Blaziken|atk|2\n|move|p1b: Kingambit|Iron Head|p2b: Floette\n|-activate|p2b: Floette|move: Protect\n|\n|-ability|p2a: Blaziken|Speed Boost|boost\n|-boost|p2a: Blaziken|spe|1\n|upkeep\n|turn|2\n|inactive|test7300 has 30 seconds left.\n|\n|t:|1788421308\n|move|p2a: Blaziken|Protect|p2a: Blaziken\n|-singleturn|p2a: Blaziken|Protect\n|move|p1b: Kingambit|Sucker Punch||[still]\n|-fail|p1b: Kingambit\n|move|p2b: Floette|Calm Mind|p2b: Floette\n|-boost|p2b: Floette|spa|1\n|-boost|p2b: Floette|spd|1\n|move|p1a: Floette|Moonblast|p2b: Floette\n|-damage|p2b: Floette|62/100\n|\n|-ability|p2a: Blaziken|Speed Boost|boost\n|-boost|p2a: Blaziken|spe|1\n|upkeep\n|turn|3\n|\n|t:|1788421326\n|switch|p2b: Sinistcha|Sinistcha, L50|100/100\n|-heal|p2a: Blaziken|34/100|[from] ability: Hospitality|[of] p2b: Sinistcha\n|move|p1b: Kingambit|Sucker Punch|p2a: Blaziken\n|-resisted|p2a: Blaziken|1\n|-damage|p2a: Blaziken|13/100\n|move|p2a: Blaziken|Close Combat|p1b: Kingambit\n|-supereffective|p1b: Kingambit|2\n|-enditem|p1b: Kingambit|Chople Berry|[eat]\n|-enditem|p1b: Kingambit|Chople Berry|[weaken]\n|-damage|p1b: Kingambit|0 fnt\n|-unboost|p2a: Blaziken|def|1\n|-unboost|p2a: Blaziken|spd|1\n|faint|p1b: Kingambit\n|move|p1a: Floette|Moonblast|p2b: Sinistcha\n|-damage|p2b: Sinistcha|30/100\n|-unboost|p2b: Sinistcha|spa|1\n|\n|-ability|p2a: Blaziken|Speed Boost|boost\n|-boost|p2a: Blaziken|spe|1\n|upkeep\n|\n|t:|1788421343\n|switch|p1b: Sneasler|Sneasler, L50, M|100/100\n|turn|4\n|\n|t:|1788421357\n|switch|p2b: Incineroar|Incineroar, L50, M|100/100\n|-ability|p2b: Incineroar|Intimidate|boost\n|-unboost|p1a: Floette|atk|1\n|-unboost|p1b: Sneasler|atk|1\n|move|p2a: Blaziken|Protect|p2a: Blaziken\n|-singleturn|p2a: Blaziken|Protect\n|move|p1b: Sneasler|Feint|p2a: Blaziken\n|-activate|p2a: Blaziken|move: Feint\n|-damage|p2a: Blaziken|1/100\n|move|p1a: Floette|Dazzling Gleam|p2a: Blaziken|[spread] p2a,p2b\n|-damage|p2a: Blaziken|0 fnt\n|-damage|p2b: Incineroar|59/100\n|faint|p2a: Blaziken\n|\n|upkeep\n|\n|t:|1788421372\n|switch|p2a: Floette|Floette-Mega, L50, F|62/100\n|-ability|p2a: Floette|Fairy Aura\n|turn|5\n|\n|t:|1788421376\n|switch|p1b: Basculegion|Basculegion, L50, M|100/100\n|switch|p2b: Sinistcha|Sinistcha, L50|30/100\n|-heal|p2a: Floette|87/100|[from] ability: Hospitality|[of] p2b: Sinistcha\n|move|p1a: Floette|Protect|p1a: Floette\n|-singleturn|p1a: Floette|Protect\n|move|p2a: Floette|Dazzling Gleam|p1b: Basculegion|[spread] p1b\n|-activate|p1a: Floette|move: Protect\n|-damage|p1b: Basculegion|59/100\n|\n|upkeep\n|turn|6\n|j| ylmao\n|\n|t:|1788421400\n|move|p1b: Basculegion|Protect|p1b: Basculegion\n|-singleturn|p1b: Basculegion|Protect\n|move|p2b: Sinistcha|Protect|p2b: Sinistcha\n|-singleturn|p2b: Sinistcha|Protect\n|move|p2a: Floette|Calm Mind|p2a: Floette\n|-boost|p2a: Floette|spa|1\n|-boost|p2a: Floette|spd|1\n|move|p1a: Floette|Moonblast|p2b: Sinistcha\n|-activate|p2b: Sinistcha|move: Protect\n|\n|upkeep\n|turn|7\n|\n|t:|1788421422\n|switch|p2b: Incineroar|Incineroar, L50, M|59/100\n|-ability|p2b: Incineroar|Intimidate|boost\n|-unboost|p1a: Floette|atk|1\n|-unboost|p1b: Basculegion|atk|1\n|move|p2a: Floette|Dazzling Gleam|p1b: Basculegion|[spread] p1a,p1b\n|-damage|p1a: Floette|50/100g\n|-damage|p1b: Basculegion|0 fnt\n|faint|p1b: Basculegion\n|move|p1a: Floette|Dazzling Gleam|p2a: Floette|[spread] p2a,p2b\n|-damage|p2a: Floette|63/100\n|-damage|p2b: Incineroar|20/100y\n|-enditem|p2b: Incineroar|Sitrus Berry|[eat]\n|-heal|p2b: Incineroar|45/100|[from] item: Sitrus Berry\n|\n|upkeep\n|\n|t:|1788421429\n|switch|p1b: Sneasler|Sneasler, L50, M|100/100\n|turn|8\n|inactive|ethalem has 30 seconds left.\n|\n|t:|1788421455\n|switch|p2b: Sinistcha|Sinistcha, L50|30/100\n|-heal|p2a: Floette|88/100|[from] ability: Hospitality|[of] p2b: Sinistcha\n|move|p2a: Floette|Protect|p2a: Floette\n|-singleturn|p2a: Floette|Protect\n|move|p1b: Sneasler|Fake Out|p2a: Floette\n|-activate|p2a: Floette|move: Protect\n|move|p1a: Floette|Moonblast|p2b: Sinistcha\n|-damage|p2b: Sinistcha|0 fnt\n|faint|p2b: Sinistcha\n|\n|upkeep\n|\n|t:|1788421466\n|switch|p2b: Incineroar|Incineroar, L50, M|45/100\n|-ability|p2b: Incineroar|Intimidate|boost\n|-unboost|p1a: Floette|atk|1\n|-unboost|p1b: Sneasler|atk|1\n|turn|9\n|\n|t:|1788421485\n|move|p2b: Incineroar|Fake Out|p1b: Sneasler\n|-damage|p1b: Sneasler|80/100\n|cant|p1b: Sneasler|flinch\n|move|p2a: Floette|Dazzling Gleam|p1b: Sneasler|[spread] p1a,p1b\n|-damage|p1a: Floette|0 fnt\n|-damage|p1b: Sneasler|0 fnt\n|faint|p1a: Floette\n|faint|p1b: Sneasler\n|\n|win|test7300\n|raw|ethalem's rating: 1519 &rarr; <strong>1505</strong><br />(-14 for losing)\n|raw|test7300's rating: 1631 &rarr; <strong>1645</strong><br />(+14 for winning)\n","uploadtime":1788421492,"views":"1","formatid":"gen9championsvgc2026regmb","rating":1505,"private":0,"password":null}