{"id":"gen9championsvgc2026regmb-2674339624","format":"[Gen 9 Champions] VGC 2026 Reg M-B","players":["pookiewookielookie","carrotbeafsteak"],"log":"|j|☆pookiewookielookie\n|j|☆carrotbeafsteak\n|t:|1788344536\n|gametype|doubles\n|player|p1|pookiewookielookie|2|1112\n|player|p2|carrotbeafsteak|266|1222\n|gen|9\n|tier|[Gen 9 Champions] VGC 2026 Reg M-B\n|rated|\n|rule|Species Clause: Limit one of each Pokémon\n|rule|Item Clause: Limit 1 of each item\n|clearpoke\n|poke|p1|Staraptor, L50, M, shiny|\n|poke|p1|Sinistcha-Masterpiece, L50, shiny|\n|poke|p1|Palafin, L50, M, shiny|\n|poke|p1|Klefki, L50, M, shiny|\n|poke|p1|Whimsicott, L50, M, shiny|\n|poke|p1|Grimmsnarl, L50, M, shiny|\n|poke|p2|Simipour, L50, F|\n|poke|p2|Simisage, L50, F|\n|poke|p2|Simisear, L50, F|\n|poke|p2|Pelipper, L50, F|\n|poke|p2|Torkoal, L50, F|\n|poke|p2|Gyarados, L50, F|\n|teampreview|4\n|\n|t:|1788344579\n|teamsize|p1|4\n|teamsize|p2|4\n|start\n|switch|p1a: Raid Boss|Staraptor, L50, M, shiny|100/100\n|switch|p1b: Wookie|Grimmsnarl, L50, M, shiny|100/100\n|switch|p2a: Simisear|Simisear, L50, F|100/100\n|switch|p2b: Torkoal|Torkoal, L50, F|100/100\n|-ability|p1a: Raid Boss|Intimidate|boost\n|-unboost|p2a: Simisear|atk|1\n|-unboost|p2b: Torkoal|atk|1\n|-weather|SunnyDay|[from] ability: Drought|[of] p2b: Torkoal\n|turn|1\n|\n|t:|1788344592\n|detailschange|p1a: Raid Boss|Staraptor-Mega, L50, M, shiny\n|-mega|p1a: Raid Boss|Staraptor|Staraptite\n|move|p2b: Torkoal|Helping Hand|p2a: Simisear\n|-singleturn|p2a: Simisear|Helping Hand|[of] p2b: Torkoal\n|move|p1a: Raid Boss|Protect|p1a: Raid Boss\n|-singleturn|p1a: Raid Boss|Protect\n|move|p1b: Wookie|Light Screen|p1b: Wookie\n|-sidestart|p1: pookiewookielookie|move: Light Screen\n|move|p2a: Simisear|Fire Blast|p1a: Raid Boss\n|-activate|p1a: Raid Boss|move: Protect\n|\n|-weather|SunnyDay|[upkeep]\n|upkeep\n|turn|2\n|\n|t:|1788344608\n|move|p2b: Torkoal|Helping Hand|p2a: Simisear\n|-singleturn|p2a: Simisear|Helping Hand|[of] p2b: Torkoal\n|move|p1b: Wookie|Parting Shot|p1a: Raid Boss\n|-boost|p1a: Raid Boss|atk|1\n|-boost|p1a: Raid Boss|spa|1\n|\n|t:|1788344613\n|switch|p1b: Dol Might|Palafin, L50, M, shiny|100/100|[from] Parting Shot\n|move|p2a: Simisear|Fire Blast|p1a: Raid Boss\n|-damage|p1a: Raid Boss|37/100\n|move|p1a: Raid Boss|Close Combat|p2a: Simisear\n|-enditem|p2a: Simisear|Focus Sash\n|-damage|p2a: Simisear|1/100\n|-boost|p1a: Raid Boss|def|1\n|-boost|p1a: Raid Boss|spd|1\n|\n|-weather|SunnyDay|[upkeep]\n|upkeep\n|turn|3\n|inactive|Battle timer is ON: inactive players will automatically lose when time's up. (requested by pookiewookielookie)\n|\n|t:|1788344641\n|switch|p2a: Simisage|Simisage, L50, F|100/100\n|detailschange|p1b: Dol Might|Palafin-Hero, L50, M, shiny\n|switch|p1b: Gotcha Matcha|Sinistcha-Masterpiece, L50, shiny|100/100\n|-heal|p1a: Raid Boss|62/100|[from] ability: Hospitality|[of] p1b: Gotcha Matcha\n|move|p1a: Raid Boss|Close Combat|p2a: Simisage\n|-damage|p2a: Simisage|0 fnt\n|-boost|p1a: Raid Boss|def|1\n|-boost|p1a: Raid Boss|spd|1\n|faint|p2a: Simisage\n|move|p2b: Torkoal|Eruption|p1a: Raid Boss|[spread] p1a,p1b\n|-crit|p1a: Raid Boss\n|-supereffective|p1b: Gotcha Matcha|1\n|-enditem|p1b: Gotcha Matcha|Occa Berry|[eat]\n|-enditem|p1b: Gotcha Matcha|Occa Berry|[weaken]\n|-damage|p1a: Raid Boss|4/100\n|-damage|p1b: Gotcha Matcha|60/100\n|\n|-weather|SunnyDay|[upkeep]\n|upkeep\n|\n|t:|1788344653\n|switch|p2a: Simisear|Simisear, L50, F|1/100\n|turn|4\n|\n|t:|1788344673\n|switch|p2b: Simipour|Simipour, L50, F|100/100\n|move|p1b: Gotcha Matcha|Rage Powder|p1b: Gotcha Matcha\n|-singleturn|p1b: Gotcha Matcha|move: Rage Powder\n|move|p2a: Simisear|Heat Wave|p1b: Gotcha Matcha|[spread] p1a,p1b\n|-supereffective|p1b: Gotcha Matcha|1\n|-damage|p1a: Raid Boss|0 fnt\n|-damage|p1b: Gotcha Matcha|0 fnt\n|faint|p1a: Raid Boss\n|faint|p1b: Gotcha Matcha\n|\n|-weather|SunnyDay|[upkeep]\n|upkeep\n|\n|t:|1788344681\n|switch|p1b: Dol Might|Palafin-Hero, L50, M, shiny|100/100\n|switch|p1a: Wookie|Grimmsnarl, L50, M, shiny|100/100\n|-activate|p1b: Dol Might|ability: Zero to Hero\n|turn|5\n|\n|t:|1788344699\n|move|p1b: Dol Might|Jet Punch|p2a: Simisear\n|-supereffective|p2a: Simisear|1\n|-damage|p2a: Simisear|0 fnt\n|faint|p2a: Simisear\n|move|p1a: Wookie|Parting Shot|p2b: Simipour\n|-unboost|p2b: Simipour|atk|1\n|-unboost|p2b: Simipour|spa|1\n|move|p2b: Simipour|Hydro Pump|p1a: Wookie\n|-damage|p1a: Wookie|92/100\n|\n|-weather|none\n|upkeep\n|\n|t:|1788344702\n|switch|p2a: Torkoal|Torkoal, L50, F|100/100\n|-weather|SunnyDay|[from] ability: Drought|[of] p2a: Torkoal\n|turn|6\n|\n|t:|1788344713\n|move|p1b: Dol Might|Jet Punch|p2a: Torkoal\n|-supereffective|p2a: Torkoal|1\n|-damage|p2a: Torkoal|75/100\n|move|p1a: Wookie|Parting Shot|p2a: Torkoal\n|-unboost|p2a: Torkoal|atk|1\n|-unboost|p2a: Torkoal|spa|1\n|move|p2b: Simipour|Hydro Pump|p1a: Wookie|[miss]\n|-miss|p2b: Simipour|p1a: Wookie\n|move|p2a: Torkoal|Fissure|p1b: Dol Might|[miss]\n|-miss|p2a: Torkoal|p1b: Dol Might\n|\n|-weather|SunnyDay|[upkeep]\n|-heal|p2a: Torkoal|81/100|[from] item: Leftovers\n|upkeep\n|turn|7\n|\n|t:|1788344723\n|move|p1a: Wookie|Parting Shot|p2a: Torkoal\n|-unboost|p2a: Torkoal|atk|1\n|-unboost|p2a: Torkoal|spa|1\n|move|p2b: Simipour|Hydro Pump|p1a: Wookie\n|-damage|p1a: Wookie|84/100\n|move|p1b: Dol Might|Drain Punch|p2a: Torkoal\n|-damage|p2a: Torkoal|62/100\n|move|p2a: Torkoal|Fissure|p1b: Dol Might\n|-damage|p1b: Dol Might|0 fnt\n|faint|p1b: Dol Might\n|-ohko\n|\n|-weather|SunnyDay|[upkeep]\n|-heal|p2a: Torkoal|68/100|[from] item: Leftovers\n|upkeep\n|turn|8\n|-message|pookiewookielookie forfeited.\n|\n|win|carrotbeafsteak\n|raw|pookiewookielookie's rating: 1082 &rarr; <strong>1068</strong><br />(-14 for losing)\n|raw|carrotbeafsteak's rating: 1222 &rarr; <strong>1237</strong><br />(+15 for winning)\n|l|☆pookiewookielookie\n|player|p1|\n","uploadtime":1788344730,"views":"1","formatid":"gen9championsvgc2026regmb","rating":1068,"private":0,"password":null}