{"id":"gen9championsvgc2026regmb-2674693057","format":"[Gen 9 Champions] VGC 2026 Reg M-B","players":["randomtieflinggirl","Jay_th3_one"],"log":"|j|☆randomtieflinggirl\n|j|☆Jay_th3_one\n|t:|1788391485\n|gametype|doubles\n|player|p1|randomtieflinggirl|170|1208\n|player|p2|Jay_th3_one|boarder|1268\n|gen|9\n|tier|[Gen 9 Champions] VGC 2026 Reg M-B\n|rated|\n|rule|Species Clause: Limit one of each Pokémon\n|rule|Item Clause: Limit 1 of each item\n|clearpoke\n|poke|p1|Lycanroc-Dusk, L50, F|\n|poke|p1|Froslass, L50, F|\n|poke|p1|Scovillain, L50, F|\n|poke|p1|Basculegion, L50, M|\n|poke|p1|Kingambit, L50, M|\n|poke|p1|Sneasler, L50, M|\n|poke|p2|Dragonite, L50, M|\n|poke|p2|Mamoswine, L50, M|\n|poke|p2|Pelipper, L50, F|\n|poke|p2|Sneasler, L50, M|\n|poke|p2|Kingambit, L50, F|\n|poke|p2|Aerodactyl, L50, F|\n|teampreview|4\nrandomtieflinggirl has agreed to open team sheets.\nJay_th3_one has agreed to open team sheets.\n|showteam|p1|Lycanroc-Dusk||FocusSash|ToughClaws|RockSlide,CloseCombat,Accelerock,Protect|Adamant||F|||50|]Froslass||Froslassite|SnowCloak|Blizzard,ShadowBall,AuroraVeil,Protect|Modest||F|||50|]Scovillain||Scovillainite|Chlorophyll|Overheat,GigaDrain,RagePowder,Protect|Bold||F|||50|]Basculegion||SitrusBerry|Adaptability|WaveCrash,LastRespects,AquaJet,Protect|Adamant||M|||50|]Kingambit||BlackGlasses|Defiant|KowtowCleave,SuckerPunch,SwordsDance,Protect|Adamant||M|||50|]Sneasler||WhiteHerb|Unburden|CloseCombat,DireClaw,FakeOut,Protect|Adamant||M|||50|\n|showteam|p2|Dragonite||Dragoninite|InnerFocus|Hurricane,Thunder,DragonPulse,Protect|Timid||M|||50|]Mamoswine||HardStone|ThickFat|IceShard,Earthquake,RockSlide,Protect|Jolly||M|||50|]Pelipper||DampRock|Drizzle|RainDance,MuddyWater,Tailwind,Protect|Modest||F|||50|]Sneasler||FocusSash|Unburden|FakeOut,DireClaw,Feint,CloseCombat|Jolly||M|||50|]Kingambit||Leftovers|SupremeOverlord|IronHead,KowtowCleave,SuckerPunch,Protect|Adamant||F|||50|]Aerodactyl||Aerodactylite|RockHead|RockSlide,Taunt,PsychicFangs,Protect|Adamant||F|||50|\n|\n|t:|1788391556\n|teamsize|p1|4\n|teamsize|p2|4\n|start\n|switch|p1a: Froslass|Froslass, L50, F|100/100\n|switch|p1b: Kingambit|Kingambit, L50, M|100/100\n|switch|p2a: Shedder|Sneasler, L50, M|100/100\n|switch|p2b: Gambit|Kingambit, L50, F|100/100\n|turn|1\n|\n|t:|1788391574\n|detailschange|p1a: Froslass|Froslass-Mega, L50, F\n|-mega|p1a: Froslass|Froslass|Froslassite\n|-weather|Snowscape|[from] ability: Snow Warning|[of] p1a: Froslass\n|move|p1b: Kingambit|Protect|p1b: Kingambit\n|-singleturn|p1b: Kingambit|Protect\n|move|p2a: Shedder|Fake Out|p1b: Kingambit\n|-activate|p1b: Kingambit|move: Protect\n|move|p1a: Froslass|Aurora Veil|p1a: Froslass\n|-sidestart|p1: randomtieflinggirl|move: Aurora Veil\n|move|p2b: Gambit|Kowtow Cleave|p1a: Froslass\n|-supereffective|p1a: Froslass|1\n|-damage|p1a: Froslass|36/100\n|\n|-weather|Snowscape|[upkeep]\n|upkeep\n|turn|2\n|\n|t:|1788391599\n|switch|p1b: Basculegion|Basculegion, L50, M|100/100\n|move|p1a: Froslass|Protect|p1a: Froslass\n|-singleturn|p1a: Froslass|Protect\n|move|p2b: Gambit|Sucker Punch||[still]\n|-fail|p2b: Gambit\n|move|p2a: Shedder|Close Combat|p1b: Basculegion\n|-immune|p1b: Basculegion\n|\n|-weather|Snowscape|[upkeep]\n|upkeep\n|turn|3\n|\n|t:|1788391613\n|switch|p1a: Sneasler|Sneasler, L50, M|100/100\n|move|p1b: Basculegion|Protect|p1b: Basculegion\n|-singleturn|p1b: Basculegion|Protect\n|move|p2a: Shedder|Dire Claw|p1b: Basculegion\n|-activate|p1b: Basculegion|move: Protect\n|move|p2b: Gambit|Kowtow Cleave|p1a: Sneasler\n|-resisted|p1a: Sneasler|1\n|-damage|p1a: Sneasler|80/100\n|\n|-weather|Snowscape|[upkeep]\n|upkeep\n|turn|4\n|\n|t:|1788391636\n|move|p2b: Gambit|Protect|p2b: Gambit\n|-singleturn|p2b: Gambit|Protect\n|move|p1b: Basculegion|Aqua Jet|p2a: Shedder\n|-damage|p2a: Shedder|47/100\n|move|p2a: Shedder|Dire Claw|p1b: Basculegion\n|-resisted|p1b: Basculegion|1\n|-damage|p1b: Basculegion|84/100\n|move|p1a: Sneasler|Close Combat|p2b: Gambit\n|-activate|p2b: Gambit|move: Protect\n|\n|-weather|Snowscape|[upkeep]\n|upkeep\n|turn|5\n|\n|t:|1788391680\n|move|p1b: Basculegion|Aqua Jet|p2a: Shedder\n|-damage|p2a: Shedder|3/100\n|move|p2b: Gambit|Sucker Punch||[still]\n|-fail|p2b: Gambit\n|move|p2a: Shedder|Dire Claw|p1b: Basculegion\n|-resisted|p1b: Basculegion|1\n|-damage|p1b: Basculegion|69/100\n|-status|p1b: Basculegion|slp\n|move|p1a: Sneasler|Close Combat|p2b: Gambit\n|-supereffective|p2b: Gambit|2\n|-damage|p2b: Gambit|0 fnt\n|-unboost|p1a: Sneasler|def|1\n|-unboost|p1a: Sneasler|spd|1\n|faint|p2b: Gambit\n|-end|p2b: Gambit|fallenundefined|[silent]\n|-enditem|p1a: Sneasler|White Herb\n|-clearnegativeboost|p1a: Sneasler|[silent]\n|\n|-weather|none\n|-sideend|p1: randomtieflinggirl|move: Aurora Veil\n|upkeep\n|\n|t:|1788391692\n|switch|p2b: Toothless|Dragonite, L50, M|100/100\n|turn|6\n|\n|t:|1788391709\n|detailschange|p2b: Toothless|Dragonite-Mega, L50, M\n|-mega|p2b: Toothless|Dragonite|Dragoninite\n|move|p2a: Shedder|Feint|p1a: Sneasler\n|-damage|p1a: Sneasler|68/100\n|cant|p1b: Basculegion|slp\n|move|p1a: Sneasler|Dire Claw|p2b: Toothless\n|-damage|p2b: Toothless|81/100\n|move|p2b: Toothless|Dragon Pulse|p1a: Sneasler\n|-damage|p1a: Sneasler|3/100\n|\n|upkeep\n|turn|7\n|\n|t:|1788391726\n|move|p2a: Shedder|Feint|p1a: Sneasler\n|-damage|p1a: Sneasler|0 fnt\n|faint|p1a: Sneasler\n|-curestatus|p1b: Basculegion|slp|[msg]\n|move|p1b: Basculegion|Aqua Jet|p2a: Shedder\n|-damage|p2a: Shedder|0 fnt\n|faint|p2a: Shedder\n|move|p2b: Toothless|Thunder|p1b: Basculegion|[miss]\n|-miss|p2b: Toothless|p1b: Basculegion\n|\n|upkeep\n|\n|t:|1788391738\n|switch|p2a: Pelican|Pelipper, L50, F|100/100\n|switch|p1a: Froslass|Froslass-Mega, L50, F|36/100\n|-weather|Snowscape|[from] ability: Snow Warning|[of] p1a: Froslass\n|-weather|RainDance|[from] ability: Drizzle|[of] p2a: Pelican\n|turn|8\n|\n|t:|1788391762\n|move|p2b: Toothless|Protect|p2b: Toothless\n|-singleturn|p2b: Toothless|Protect\n|move|p1a: Froslass|Protect|p1a: Froslass\n|-singleturn|p1a: Froslass|Protect\n|move|p2a: Pelican|Muddy Water|p1b: Basculegion|[spread] p1b\n|-activate|p1a: Froslass|move: Protect\n|-resisted|p1b: Basculegion|1\n|-damage|p1b: Basculegion|48/100\n|-enditem|p1b: Basculegion|Sitrus Berry|[eat]\n|-heal|p1b: Basculegion|73/100|[from] item: Sitrus Berry\n|move|p1b: Basculegion|Last Respects|p2b: Toothless\n|-activate|p2b: Toothless|move: Protect\n|\n|-weather|RainDance|[upkeep]\n|upkeep\n|turn|9\n|\n|t:|1788391786\n|switch|p1a: Kingambit|Kingambit, L50, M|100/100\n|move|p2b: Toothless|Thunder|p1b: Basculegion\n|-supereffective|p1b: Basculegion|1\n|-damage|p1b: Basculegion|0 fnt\n|faint|p1b: Basculegion\n|move|p2a: Pelican|Muddy Water|p1a: Kingambit\n|-damage|p1a: Kingambit|47/100\n|\n|-weather|RainDance|[upkeep]\n|upkeep\n|\n|t:|1788391795\n|switch|p1b: Froslass|Froslass-Mega, L50, F|36/100\n|-weather|Snowscape|[from] ability: Snow Warning|[of] p1b: Froslass\n|turn|10\n|\n|t:|1788391804\n|move|p2b: Toothless|Protect|p2b: Toothless\n|-singleturn|p2b: Toothless|Protect\n|move|p1a: Kingambit|Sucker Punch||[still]\n|-fail|p1a: Kingambit\n|move|p1b: Froslass|Shadow Ball|p2b: Toothless\n|-activate|p2b: Toothless|move: Protect\n|move|p2a: Pelican|Rain Dance|p2a: Pelican\n|-weather|RainDance\n|\n|-weather|RainDance|[upkeep]\n|upkeep\n|turn|11\n|\n|t:|1788391817\n|move|p1b: Froslass|Protect|p1b: Froslass\n|-singleturn|p1b: Froslass|Protect\n|move|p1a: Kingambit|Sucker Punch|p2b: Toothless\n|-damage|p2b: Toothless|33/100\n|move|p2b: Toothless|Thunder|p1a: Kingambit\n|-damage|p1a: Kingambit|10/100\n|move|p2a: Pelican|Muddy Water|p1a: Kingambit|[spread] p1a\n|-activate|p1b: Froslass|move: Protect\n|-damage|p1a: Kingambit|0 fnt\n|faint|p1a: Kingambit\n|\n|-weather|RainDance|[upkeep]\n|upkeep\n|turn|12\n|\n|t:|1788391833\n|move|p2b: Toothless|Thunder|p1b: Froslass\n|-damage|p1b: Froslass|0 fnt\n|faint|p1b: Froslass\n|\n|win|Jay_th3_one\n|raw|randomtieflinggirl's rating: 1208 &rarr; <strong>1187</strong><br />(-21 for losing)\n|raw|Jay_th3_one's rating: 1268 &rarr; <strong>1289</strong><br />(+21 for winning)\n|c|☆Jay_th3_one|gg\n|c|☆randomtieflinggirl|gg\n","uploadtime":1788391843,"views":"2","formatid":"gen9championsvgc2026regmb","rating":1187,"private":0,"password":null}