{"id":"gen9championsvgc2026regmb-2674773108","format":"[Gen 9 Champions] VGC 2026 Reg M-B","players":["olyrral2","Bradley Broccoli"],"log":"|j|☆olyrral2\n|j|☆Bradley Broccoli\n|t:|1788404012\n|gametype|doubles\n|player|p1|olyrral2|unknown|1560\n|player|p2|Bradley Broccoli|lucas|1503\n|gen|9\n|tier|[Gen 9 Champions] VGC 2026 Reg M-B\n|rated|\n|rule|Species Clause: Limit one of each Pokémon\n|rule|Item Clause: Limit 1 of each item\n|clearpoke\n|poke|p1|Charizard, L50, M|\n|poke|p1|Venusaur, L50, M|\n|poke|p1|Pelipper, L50, M|\n|poke|p1|Swampert, L50, M|\n|poke|p1|Archaludon, L50, M|\n|poke|p1|Grimmsnarl, L50, M|\n|poke|p2|Meganium, L50, M|\n|poke|p2|Talonflame, L50, M|\n|poke|p2|Gholdengo, L50|\n|poke|p2|Glimmora, L50, F|\n|poke|p2|Garchomp, L50, F|\n|poke|p2|Froslass, L50, F|\n|teampreview|4\n|\n|t:|1788404066\n|teamsize|p1|4\n|teamsize|p2|4\n|start\n|switch|p1a: Grimmsnarl|Grimmsnarl, L50, M|100/100\n|switch|p1b: Swampert|Swampert, L50, M|100/100\n|switch|p2a: Talonflame|Talonflame, L50, M|100/100\n|switch|p2b: Meganium|Meganium, L50, M|100/100\n|turn|1\n|inactive|Battle timer is ON: inactive players will automatically lose when time's up. (requested by olyrral2)\n|\n|t:|1788404088\n|detailschange|p2b: Meganium|Meganium-Mega, L50, M\n|-mega|p2b: Meganium|Meganium|Meganiumite\n|move|p1b: Swampert|Protect|p1b: Swampert\n|-singleturn|p1b: Swampert|Protect\n|move|p2a: Talonflame|Dual Wingbeat|p1a: Grimmsnarl\n|-damage|p1a: Grimmsnarl|81/100\n|-damage|p1a: Grimmsnarl|63/100\n|-hitcount|p1a: Grimmsnarl|2\n|move|p2b: Meganium|Dazzling Gleam|p1a: Grimmsnarl|[spread] p1a\n|-activate|p1b: Swampert|move: Protect\n|-supereffective|p1a: Grimmsnarl|1\n|-damage|p1a: Grimmsnarl|0 fnt\n|faint|p1a: Grimmsnarl\n|\n|upkeep\n|\n|t:|1788404099\n|switch|p1a: Charizard|Charizard, L50, M|100/100\n|turn|2\n|inactive|Bradley Broccoli has 30 seconds left.\n|\n|t:|1788404124\n|switch|p1b: Venusaur|Venusaur, L50, M|100/100\n|detailschange|p1a: Charizard|Charizard-Mega-Y, L50, M\n|-mega|p1a: Charizard|Charizard|Charizardite Y\n|-weather|SunnyDay|[from] ability: Drought|[of] p1a: Charizard\n|move|p2b: Meganium|Protect|p2b: Meganium\n|-singleturn|p2b: Meganium|Protect\n|move|p2a: Talonflame|Tailwind|p2a: Talonflame\n|-sidestart|p2: Bradley Broccoli|move: Tailwind\n|move|p1a: Charizard|Heat Wave|p2a: Talonflame|[spread] p2a\n|-activate|p2b: Meganium|move: Protect\n|-resisted|p2a: Talonflame|1\n|-damage|p2a: Talonflame|50/100g\n|\n|-weather|SunnyDay|[upkeep]\n|upkeep\n|turn|3\n|\n|t:|1788404151\n|switch|p2b: Garchomp|Garchomp, L50, F|100/100\n|move|p2a: Talonflame|Protect|p2a: Talonflame\n|-singleturn|p2a: Talonflame|Protect\n|move|p1b: Venusaur|Protect|p1b: Venusaur\n|-singleturn|p1b: Venusaur|Protect\n|move|p1a: Charizard|Heat Wave|p2b: Garchomp|[spread] p2b\n|-activate|p2a: Talonflame|move: Protect\n|-resisted|p2b: Garchomp|1\n|-damage|p2b: Garchomp|67/100\n|\n|-weather|SunnyDay|[upkeep]\n|upkeep\n|turn|4\n|\n|t:|1788404172\n|switch|p1b: Swampert|Swampert, L50, M|100/100\n|move|p2a: Talonflame|Flare Blitz|p1b: Swampert\n|-resisted|p1b: Swampert|1\n|-damage|p1b: Swampert|61/100\n|-damage|p2a: Talonflame|35/100|[from] Recoil\n|move|p2b: Garchomp|Rock Slide|p1a: Charizard|[spread] p1a,p1b\n|-supereffective|p1a: Charizard|2\n|-resisted|p1b: Swampert|1\n|-damage|p1a: Charizard|0 fnt\n|-damage|p1b: Swampert|47/100\n|faint|p1a: Charizard\n|-damage|p2b: Garchomp|57/100|[from] item: Life Orb\n|\n|-weather|SunnyDay|[upkeep]\n|upkeep\n|\n|t:|1788404175\n|switch|p1a: Venusaur|Venusaur, L50, M|100/100\n|turn|5\n|-message|olyrral2 forfeited.\n|\n|win|Bradley Broccoli\n|raw|olyrral2's rating: 1560 &rarr; <strong>1537</strong><br />(-23 for losing)\n|raw|Bradley Broccoli's rating: 1503 &rarr; <strong>1526</strong><br />(+23 for winning)\n","uploadtime":1788404182,"views":"1","formatid":"gen9championsvgc2026regmb","rating":1526,"private":0,"password":null}