{"id":"gen9championsvgc2026regmbbo3-2674048029","format":"[Gen 9 Champions] VGC 2026 Reg M-B (Bo3)","players":["rockslap","paquita navaja"],"log":"|j|☆rockslap\n|j|☆paquita navaja\n|html|<table width=\"100%\"><tr><td align=\"left\">rockslap</td><td align=\"right\">paquita navaja</tr><tr><td align=\"left\"><i class=\"fa fa-circle-o\"></i> <i class=\"fa fa-circle-o\"></i> </td><td align=\"right\"><i class=\"fa fa-circle-o\"></i> <i class=\"fa fa-circle-o\"></i> </tr></table>\n|uhtml|bestof|<h2><strong>Game 1</strong> of <a href=\"/game-bestof3-gen9championsvgc2026regmbbo3-2674048028\">a best-of-3</a></h2>\n|t:|1788292354\n|gametype|doubles\n|player|p1|rockslap|hiker-gen4|\n|player|p2|paquita navaja|170|\n|gen|9\n|tier|[Gen 9 Champions] VGC 2026 Reg M-B (Bo3)\n|rule|Species Clause: Limit one of each Pokémon\n|rule|Item Clause: Limit 1 of each item\n|clearpoke\n|poke|p1|Maushold, L50|\n|poke|p1|Annihilape, L50, M|\n|poke|p1|Archaludon, L50, F|\n|poke|p1|Palafin, L50, M|\n|poke|p1|Sinistcha, L50|\n|poke|p1|Farigiraf, L50, M|\n|poke|p2|Metagross, L50|\n|poke|p2|Blaziken, L50, M|\n|poke|p2|Milotic, L50, F|\n|poke|p2|Pelipper, L50, M|\n|poke|p2|Gardevoir, L50, F|\n|poke|p2|Sableye, L50, M|\n|teampreview|4\n|showteam|p1|Maushold||FocusSash|FriendGuard|FollowMe,RainDance,Protect,BeatUp|Jolly|||||50|]Annihilape||SitrusBerry|Defiant|DrainPunch,RageFist,BulkUp,Protect|Adamant||M|||50|]Archaludon||Leftovers|Stamina|DragonPulse,ElectroShot,FlashCannon,Protect|Modest||F|||50|]Palafin||MysticWater|ZerotoHero|WaveCrash,JetPunch,IceBeam,Protect|Jolly||M|||50|]Sinistcha||ColburBerry|Hospitality|MatchaGotcha,TrickRoom,RagePowder,LifeDew|Calm|||||50|]Farigiraf||LifeOrb|ArmorTail|HyperBeam,NastyPlot,Psychic,Protect|Bold||M|||50|\n|showteam|p2|Metagross||LifeOrb|ClearBody|PsychicFangs,MeteorMash,RockSlide,Protect|Adamant|||||50|]Blaziken||FocusSash|SpeedBoost|HeatWave,Coaching,AuraSphere,Detect|Modest||M|||50|]Milotic||Leftovers|Competitive|MuddyWater,IceBeam,Hypnosis,Protect|Modest||F|||50|]Pelipper||SitrusBerry|Drizzle|MuddyWater,Hurricane,Tailwind,WideGuard|Modest||M|||50|]Gardevoir||FairyFeather|Trace|Moonblast,DazzlingGleam,Hypnosis,Protect|Timid||F|||50|]Sableye||LightClay|Prankster|FoulPlay,Reflect,LightScreen,Gravity|Careful||M|||50|\n|\n|t:|1788292403\n|teamsize|p1|4\n|teamsize|p2|4\n|start\n|switch|p1a: Maushold|Maushold, L50|100/100\n|switch|p1b: Annihilape|Annihilape, L50, M|100/100\n|switch|p2a: Gardevoir|Gardevoir, L50, F|100/100\n|switch|p2b: Sableye|Sableye, L50, M|100/100\n|-ability|p2a: Gardevoir|Friend Guard|Trace|[from] ability: Trace|[of] p1a: Maushold\n|turn|1\n|\n|t:|1788292419\n|move|p2b: Sableye|Gravity|p2b: Sableye\n|-fieldstart|move: Gravity\n|move|p1a: Maushold|Beat Up|p1b: Annihilape\n|-damage|p1b: Annihilape|97/100\n|-damage|p1b: Annihilape|95/100\n|-damage|p1b: Annihilape|93/100\n|-damage|p1b: Annihilape|90/100\n|-hitcount|p1b: Annihilape|4\n|move|p2a: Gardevoir|Hypnosis|p1b: Annihilape\n|-status|p1b: Annihilape|slp|[from] move: Hypnosis\n|cant|p1b: Annihilape|slp\n|\n|upkeep\n|turn|2\n|\n|t:|1788292451\n|move|p1a: Maushold|Follow Me|p1a: Maushold\n|-singleturn|p1a: Maushold|move: Follow Me\n|move|p2a: Gardevoir|Dazzling Gleam|p1a: Maushold|[spread] p1a,p1b\n|-supereffective|p1b: Annihilape|1\n|-damage|p1a: Maushold|53/100\n|-damage|p1b: Annihilape|31/100 slp\n|-enditem|p1b: Annihilape|Sitrus Berry|[eat]\n|-heal|p1b: Annihilape|55/100 slp|[from] item: Sitrus Berry\n|cant|p1b: Annihilape|slp\n|move|p2b: Sableye|Foul Play|p1a: Maushold\n|-damage|p1a: Maushold|19/100\n|\n|upkeep\n|turn|3\n|\n|t:|1788292474\n|-curestatus|p1b: Annihilape|slp|[msg]\n|move|p1b: Annihilape|Protect|p1b: Annihilape\n|-singleturn|p1b: Annihilape|Protect\n|move|p2b: Sableye|Light Screen|p2b: Sableye\n|-sidestart|p2: paquita navaja|move: Light Screen\n|move|p1a: Maushold|Rain Dance|p1a: Maushold\n|-weather|RainDance\n|move|p2a: Gardevoir|Dazzling Gleam|p1a: Maushold|[spread] p1a\n|-activate|p1b: Annihilape|move: Protect\n|-damage|p1a: Maushold|0 fnt\n|faint|p1a: Maushold\n|\n|-weather|RainDance|[upkeep]\n|upkeep\n|\n|t:|1788292488\n|switch|p1a: Sinistcha|Sinistcha, L50|100/100\n|-heal|p1b: Annihilape|80/100|[from] ability: Hospitality|[of] p1a: Sinistcha\n|turn|4\n|\n|t:|1788292515\n|move|p1a: Sinistcha|Rage Powder|p1a: Sinistcha\n|-singleturn|p1a: Sinistcha|move: Rage Powder\n|move|p2a: Gardevoir|Hypnosis|p1a: Sinistcha\n|-status|p1a: Sinistcha|slp|[from] move: Hypnosis\n|move|p1b: Annihilape|Rage Fist|p2a: Gardevoir\n|-supereffective|p2a: Gardevoir|1\n|-damage|p2a: Gardevoir|0 fnt\n|faint|p2a: Gardevoir\n|move|p2b: Sableye|Foul Play|p1a: Sinistcha\n|-supereffective|p1a: Sinistcha|1\n|-enditem|p1a: Sinistcha|Colbur Berry|[eat]\n|-enditem|p1a: Sinistcha|Colbur Berry|[weaken]\n|-damage|p1a: Sinistcha|83/100 slp\n|\n|-weather|RainDance|[upkeep]\n|upkeep\n|\n|t:|1788292550\n|switch|p2a: Metagross|Metagross, L50|100/100\n|turn|5\n|\n|t:|1788292564\n|move|p2a: Metagross|Protect|p2a: Metagross\n|-singleturn|p2a: Metagross|Protect\n|move|p1b: Annihilape|Rage Fist|p2a: Metagross\n|-activate|p2a: Metagross|move: Protect\n|cant|p1a: Sinistcha|slp\n|move|p2b: Sableye|Foul Play|p1b: Annihilape\n|-damage|p1b: Annihilape|26/100\n|\n|-weather|RainDance|[upkeep]\n|-fieldend|move: Gravity\n|upkeep\n|turn|6\n|\n|t:|1788292585\n|switch|p2a: Blaziken|Blaziken, L50, M|100/100\n|cant|p1a: Sinistcha|slp\n|move|p1b: Annihilape|Rage Fist|p2a: Blaziken\n|-enditem|p2a: Blaziken|Focus Sash\n|-damage|p2a: Blaziken|1/100\n|move|p2b: Sableye|Foul Play|p1b: Annihilape\n|-damage|p1b: Annihilape|0 fnt\n|faint|p1b: Annihilape\n|\n|-weather|RainDance|[upkeep]\n|upkeep\n|\n|t:|1788292600\n|switch|p1b: Archaludon|Archaludon, L50, F|100/100\n|turn|7\n|\n|t:|1788292619\n|move|p2a: Blaziken|Detect|p2a: Blaziken\n|-singleturn|p2a: Blaziken|Protect\n|-curestatus|p1a: Sinistcha|slp|[msg]\n|move|p1a: Sinistcha|Rage Powder|p1a: Sinistcha\n|-singleturn|p1a: Sinistcha|move: Rage Powder\n|move|p1b: Archaludon|Electro Shot||[still]\n|-prepare|p1b: Archaludon|Electro Shot\n|-boost|p1b: Archaludon|spa|1\n|-anim|p1b: Archaludon|Electro Shot|p2b: Sableye\n|-damage|p2b: Sableye|53/100\n|move|p2b: Sableye|Foul Play|p1a: Sinistcha\n|-supereffective|p1a: Sinistcha|1\n|-damage|p1a: Sinistcha|49/100\n|\n|-weather|none\n|-ability|p2a: Blaziken|Speed Boost|boost\n|-boost|p2a: Blaziken|spe|1\n|upkeep\n|turn|8\n|\n|t:|1788292653\n|switch|p2a: Metagross|Metagross, L50|100/100\n|move|p1a: Sinistcha|Rage Powder|p1a: Sinistcha\n|-singleturn|p1a: Sinistcha|move: Rage Powder\n|move|p1b: Archaludon|Dragon Pulse|p2a: Metagross\n|-resisted|p2a: Metagross|1\n|-damage|p2a: Metagross|79/100\n|move|p2b: Sableye|Foul Play|p1a: Sinistcha\n|-supereffective|p1a: Sinistcha|1\n|-damage|p1a: Sinistcha|14/100\n|\n|upkeep\n|turn|9\n|\n|t:|1788292675\n|move|p2b: Sableye|Gravity|p2b: Sableye\n|-fieldstart|move: Gravity\n|move|p2a: Metagross|Meteor Mash|p1a: Sinistcha\n|-damage|p1a: Sinistcha|0 fnt\n|faint|p1a: Sinistcha\n|-damage|p2a: Metagross|69/100|[from] item: Life Orb\n|move|p1b: Archaludon|Dragon Pulse|p2b: Sableye\n|-damage|p2b: Sableye|7/100\n|\n|upkeep\n|turn|10\n|\n|t:|1788292703\n|move|p2a: Metagross|Meteor Mash|p1b: Archaludon\n|-resisted|p1b: Archaludon|1\n|-damage|p1b: Archaludon|76/100\n|-ability|p1b: Archaludon|Stamina|boost\n|-boost|p1b: Archaludon|def|1\n|-damage|p2a: Metagross|59/100|[from] item: Life Orb\n|move|p1b: Archaludon|Dragon Pulse|p2b: Sableye\n|-damage|p2b: Sableye|0 fnt\n|faint|p2b: Sableye\n|\n|-heal|p1b: Archaludon|82/100|[from] item: Leftovers\n|-sideend|p2: paquita navaja|move: Light Screen\n|upkeep\n|\n|t:|1788292715\n|switch|p2b: Blaziken|Blaziken, L50, M|1/100\n|turn|11\n|\n|t:|1788292724\n|move|p2b: Blaziken|Detect|p2b: Blaziken\n|-singleturn|p2b: Blaziken|Protect\n|move|p2a: Metagross|Meteor Mash|p1b: Archaludon\n|-resisted|p1b: Archaludon|1\n|-damage|p1b: Archaludon|66/100\n|-boost|p2a: Metagross|atk|1\n|-ability|p1b: Archaludon|Stamina|boost\n|-boost|p1b: Archaludon|def|1\n|-damage|p2a: Metagross|49/100|[from] item: Life Orb\n|move|p1b: Archaludon|Dragon Pulse|p2a: Metagross\n|-resisted|p2a: Metagross|1\n|-damage|p2a: Metagross|17/100\n|\n|-heal|p1b: Archaludon|72/100|[from] item: Leftovers\n|-ability|p2b: Blaziken|Speed Boost|boost\n|-boost|p2b: Blaziken|spe|1\n|upkeep\n|turn|12\n|\n|t:|1788292748\n|move|p2b: Blaziken|Aura Sphere|p1b: Archaludon\n|-supereffective|p1b: Archaludon|1\n|-damage|p1b: Archaludon|0 fnt\n|faint|p1b: Archaludon\n|\n|win|paquita navaja\n","uploadtime":1788292756,"views":"7","formatid":"gen9championsvgc2026regmbbo3","rating":null,"private":0,"password":null}