{"id":"gen9championsvgc2026regmb-2674963106","format":"[Gen 9 Champions] VGC 2026 Reg M-B","players":["Soda_Machine4","ufff444"],"log":"|j|☆Soda_Machine4\n|j|☆ufff444\n|t:|1788442599\n|gametype|doubles\n|player|p1|Soda_Machine4|roxie|1292\n|player|p2|ufff444|101|1333\n|gen|9\n|tier|[Gen 9 Champions] VGC 2026 Reg M-B\n|rated|\n|rule|Species Clause: Limit one of each Pokémon\n|rule|Item Clause: Limit 1 of each item\n|clearpoke\n|poke|p1|Hawlucha, L50, M|\n|poke|p1|Kingambit, L50, M|\n|poke|p1|Whimsicott, L50, F|\n|poke|p1|Ceruledge, L50, F|\n|poke|p1|Raichu, L50, M|\n|poke|p1|Sylveon, L50, F|\n|poke|p2|Gengar, L50, F|\n|poke|p2|Ceruledge, L50, M|\n|poke|p2|Basculegion, L50, M|\n|poke|p2|Sneasler, L50, M|\n|poke|p2|Garchomp, L50, F|\n|poke|p2|Kingambit, L50, F|\n|teampreview|4\n|inactive|Battle timer is ON: inactive players will automatically lose when time's up. (requested by ufff444)\n|inactive|Soda_Machine4 has 60 seconds left.\n|inactive|Soda_Machine4 has 30 seconds left.\n|\n|t:|1788442663\n|teamsize|p1|4\n|teamsize|p2|4\n|start\n|switch|p1a: Andre|Hawlucha, L50, M|100/100\n|switch|p1b: Ceruledge|Ceruledge, L50, F|100/100\n|switch|p2a: Gengar|Gengar, L50, F|100/100\n|switch|p2b: Garchomp|Garchomp, L50, F|100/100\n|turn|1\n|inactive|Soda_Machine4 has 30 seconds left.\n|\n|t:|1788442694\n|detailschange|p1a: Andre|Hawlucha-Mega, L50, M\n|-mega|p1a: Andre|Hawlucha|Hawluchanite\n|detailschange|p2a: Gengar|Gengar-Mega, L50, F\n|-mega|p2a: Gengar|Gengar|Gengarite\n|move|p2a: Gengar|Shadow Ball|p1a: Andre\n|-damage|p1a: Andre|50/100g\n|move|p1a: Andre|Cross Chop|p2b: Garchomp\n|-damage|p2b: Garchomp|51/100\n|-damage|p1a: Andre|38/100|[from] ability: Rough Skin|[of] p2b: Garchomp\n|move|p2b: Garchomp|Rock Slide|p1b: Ceruledge|[spread] p1a,p1b\n|-supereffective|p1b: Ceruledge|1\n|-damage|p1a: Andre|15/100\n|-damage|p1b: Ceruledge|25/100\n|-damage|p2b: Garchomp|41/100|[from] item: Life Orb\n|cant|p1b: Ceruledge|flinch\n|\n|-heal|p1b: Ceruledge|31/100|[from] item: Leftovers\n|upkeep\n|turn|2\n|inactive|Soda_Machine4 has 30 seconds left.\n|inactive|ufff444 has 30 seconds left.\n|\n|t:|1788442726\n|move|p1b: Ceruledge|Ally Switch|p1b: Ceruledge\n|swap|p1b: Ceruledge|0|[from] move: Ally Switch\n|move|p2a: Gengar|Shadow Ball|p1a: Ceruledge\n|-supereffective|p1a: Ceruledge|1\n|-damage|p1a: Ceruledge|0 fnt\n|faint|p1a: Ceruledge\n|move|p1b: Andre|Cross Chop|p2b: Garchomp\n|-damage|p2b: Garchomp|0 fnt\n|-damage|p1b: Andre|2/100|[from] ability: Rough Skin|[of] p2b: Garchomp\n|faint|p2b: Garchomp\n|\n|upkeep\n|\n|t:|1788442740\n|switch|p2b: Sneasler|Sneasler, L50, M|100/100\n|switch|p1a: Steel Chair|Kingambit, L50, M|100/100\n|turn|3\n|\n|t:|1788442760\n|move|p2a: Gengar|Protect|p2a: Gengar\n|-singleturn|p2a: Gengar|Protect\n|move|p1b: Andre|Detect|p1b: Andre\n|-singleturn|p1b: Andre|Protect\n|move|p2b: Sneasler|Fake Out|p1b: Andre\n|-activate|p1b: Andre|move: Protect\n|move|p1a: Steel Chair|Iron Head|p2b: Sneasler\n|-damage|p2b: Sneasler|28/100\n|\n|upkeep\n|turn|4\n|\n|t:|1788442783\n|move|p1a: Steel Chair|Sucker Punch|p2b: Sneasler\n|-resisted|p2b: Sneasler|1\n|-damage|p2b: Sneasler|0 fnt\n|faint|p2b: Sneasler\n|move|p2a: Gengar|Shadow Ball|p1b: Andre\n|-crit|p1b: Andre\n|-damage|p1b: Andre|0 fnt\n|faint|p1b: Andre\n|\n|upkeep\n|\n|t:|1788442792\n|switch|p1b: Whimsicott|Whimsicott, L50, F|100/100\n|switch|p2b: Ceruledge|Ceruledge, L50, M|100/100\n|turn|5\n|\n|t:|1788442813\n|move|p1b: Whimsicott|Tailwind|p1b: Whimsicott\n|-sidestart|p1: Soda_Machine4|move: Tailwind\n|move|p2a: Gengar|Sludge Bomb|p1b: Whimsicott\n|-supereffective|p1b: Whimsicott|2\n|-enditem|p1b: Whimsicott|Focus Sash\n|-damage|p1b: Whimsicott|1/100\n|-status|p1b: Whimsicott|psn\n|move|p1a: Steel Chair|Kowtow Cleave|p2b: Ceruledge\n|-supereffective|p2b: Ceruledge|1\n|-damage|p2b: Ceruledge|0 fnt\n|faint|p2b: Ceruledge\n|\n|-damage|p1b: Whimsicott|0 fnt|[from] psn\n|faint|p1b: Whimsicott\n|upkeep\n|turn|6\n|\n|t:|1788442836\n|move|p1a: Steel Chair|Sucker Punch|p2a: Gengar\n|-supereffective|p2a: Gengar|1\n|-damage|p2a: Gengar|0 fnt\n|faint|p2a: Gengar\n|\n|win|Soda_Machine4\n|raw|Soda_Machine4's rating: 1292 &rarr; <strong>1320</strong><br />(+28 for winning)\n|raw|ufff444's rating: 1333 &rarr; <strong>1311</strong><br />(-22 for losing)\n","uploadtime":1788442879,"views":"1","formatid":"gen9championsvgc2026regmb","rating":1311,"private":0,"password":null}