{"id":"gen9championsvgc2026regmbbo3-2673940727","format":"[Gen 9 Champions] VGC 2026 Reg M-B (Bo3)","players":["Turtonator44","IBstudios"],"log":"|j|☆Turtonator44\n|j|☆IBstudios\n|html|<table width=\"100%\"><tr><td align=\"left\">Turtonator44</td><td align=\"right\">IBstudios</tr><tr><td align=\"left\"><i class=\"fa fa-circle-o\"></i> <i class=\"fa fa-circle-o\"></i> </td><td align=\"right\"><i class=\"fa fa-circle-o\"></i> <i class=\"fa fa-circle-o\"></i> </tr></table>\n|uhtml|bestof|<h2><strong>Game 1</strong> of <a href=\"/game-bestof3-gen9championsvgc2026regmbbo3-2673940726\">a best-of-3</a></h2>\n|t:|1788279734\n|gametype|doubles\n|player|p1|Turtonator44|wally|1412\n|player|p2|IBstudios|266|1380\n|gen|9\n|tier|[Gen 9 Champions] VGC 2026 Reg M-B (Bo3)\n|rated|\n|rule|Species Clause: Limit one of each Pokémon\n|rule|Item Clause: Limit 1 of each item\n|clearpoke\n|poke|p1|Froslass, L50, F|\n|poke|p1|Corviknight, L50, F|\n|poke|p1|Arcanine-Hisui, L50, F|\n|poke|p1|Garchomp, L50, F|\n|poke|p1|Kommo-o, L50, M, shiny|\n|poke|p1|Tyranitar, L50, M|\n|poke|p2|Incineroar, L50, F|\n|poke|p2|Dragonite, L50, M|\n|poke|p2|Metagross, L50|\n|poke|p2|Sneasler, L50, F|\n|poke|p2|Primarina, L50, F|\n|poke|p2|Sinistcha-Masterpiece, L50|\n|teampreview|4\n|showteam|p1|Froslass||Froslassite|SnowCloak|Blizzard,ShadowBall,Protect,FrostBreath|Timid||F|||50|]Corviknight||OccaBerry|MirrorArmor|BraveBird,IronHead,Protect,Tailwind|Jolly||F|||50|]Arcanine-Hisui||FocusSash|RockHead|FlareBlitz,HeadSmash,Protect,ExtremeSpeed|Adamant||F|||50|]Garchomp||ChoiceScarf|RoughSkin|RockSlide,Earthquake,StompingTantrum,DragonClaw|Adamant||F|||50|]Kommo-o||LifeOrb|Soundproof|ClangingScales,AuraSphere,VacuumWave,Protect|Modest||M|||50|]Tyranitar||Tyranitarite|SandStream|RockSlide,KnockOff,LowKick,Protect|Adamant||M|||50|\n|showteam|p2|Incineroar||SitrusBerry|Intimidate|FakeOut,FlareBlitz,ThroatChop,PartingShot|Adamant||F|||50|]Dragonite||Dragoninite|Multiscale|DragonPulse,HeatWave,Tailwind,Protect|Modest||M|||50|]Metagross||Metagrossite|ClearBody|PsychicFangs,BulletPunch,BodyPress,Protect|Jolly|||||50|]Sneasler||FocusSash|PoisonTouch|CloseCombat,PoisonJab,FakeOut,Protect|Jolly||F|||50|]Primarina||LifeOrb|LiquidVoice|HyperVoice,Moonblast,CalmMind,Protect|Modest||F|||50|]Sinistcha-Masterpiece||KasibBerry|Hospitality|MatchaGotcha,TrickRoom,RagePowder,Protect|Modest|||||50|\n|inactive|Battle timer is ON: inactive players will automatically lose when time's up. (requested by Turtonator44)\n|inactive|Turtonator44 has 60 seconds left.\n|inactive|IBstudios has 60 seconds left.\n|\n|t:|1788279784\n|teamsize|p1|4\n|teamsize|p2|4\n|start\n|switch|p1a: Corviknight|Corviknight, L50, F|100/100\n|switch|p1b: Froslass|Froslass, L50, F|100/100\n|switch|p2a: Metagross|Metagross, L50|100/100\n|switch|p2b: Sneasler|Sneasler, L50, F|100/100\n|turn|1\n|\n|t:|1788279809\n|switch|p2b: Incineroar|Incineroar, L50, F|100/100\n|-ability|p2b: Incineroar|Intimidate|boost\n|-ability|p1a: Corviknight|Mirror Armor\n|-unboost|p2b: Incineroar|atk|1\n|-unboost|p1b: Froslass|atk|1\n|switch|p1a: Garchomp|Garchomp, L50, F|100/100\n|detailschange|p2a: Metagross|Metagross-Mega, L50\n|-mega|p2a: Metagross|Metagross|Metagrossite\n|move|p1b: Froslass|Protect|p1b: Froslass\n|-singleturn|p1b: Froslass|Protect\n|move|p2a: Metagross|Psychic Fangs|p1b: Froslass\n|-activate|p1b: Froslass|move: Protect\n|\n|upkeep\n|turn|2\n|\n|t:|1788279827\n|switch|p1b: Corviknight|Corviknight, L50, F|100/100\n|move|p2b: Incineroar|Fake Out|p1a: Garchomp\n|-damage|p1a: Garchomp|91/100\n|-damage|p2b: Incineroar|87/100|[from] ability: Rough Skin|[of] p1a: Garchomp\n|cant|p1a: Garchomp|flinch\n|move|p2a: Metagross|Psychic Fangs|p1b: Corviknight\n|-resisted|p1b: Corviknight|1\n|-damage|p1b: Corviknight|77/100\n|\n|upkeep\n|turn|3\n|\n|t:|1788279851\n|move|p2a: Metagross|Protect|p2a: Metagross\n|-singleturn|p2a: Metagross|Protect\n|move|p1a: Garchomp|Earthquake|p2b: Incineroar|[spread] p2b\n|-activate|p2a: Metagross|move: Protect\n|-immune|p1b: Corviknight\n|-supereffective|p2b: Incineroar|1\n|-damage|p2b: Incineroar|14/100\n|-enditem|p2b: Incineroar|Sitrus Berry|[eat]\n|-heal|p2b: Incineroar|39/100|[from] item: Sitrus Berry\n|move|p1b: Corviknight|Tailwind|p1b: Corviknight\n|-sidestart|p1: Turtonator44|move: Tailwind\n|move|p2b: Incineroar|Parting Shot|p1a: Garchomp\n|-unboost|p1a: Garchomp|atk|1\n|-unboost|p1a: Garchomp|spa|1\n|\n|t:|1788279864\n|switch|p2b: Sneasler|Sneasler, L50, F|100/100|[from] Parting Shot\n|\n|upkeep\n|turn|4\n|\n|t:|1788279877\n|move|p2b: Sneasler|Fake Out|p1a: Garchomp\n|-damage|p1a: Garchomp|78/100\n|-damage|p2b: Sneasler|87/100|[from] ability: Rough Skin|[of] p1a: Garchomp\n|cant|p1a: Garchomp|flinch\n|move|p1b: Corviknight|Brave Bird|p2b: Sneasler\n|-supereffective|p2b: Sneasler|1\n|-damage|p2b: Sneasler|0 fnt\n|faint|p2b: Sneasler\n|-damage|p1b: Corviknight|54/100|[from] Recoil\n|move|p2a: Metagross|Psychic Fangs|p1a: Garchomp\n|-damage|p1a: Garchomp|14/100\n|-damage|p2a: Metagross|87/100|[from] ability: Rough Skin|[of] p1a: Garchomp\n|\n|upkeep\n|\n|t:|1788279886\n|switch|p2b: Incineroar|Incineroar, L50, F|39/100\n|-ability|p2b: Incineroar|Intimidate|boost\n|-unboost|p1a: Garchomp|atk|1\n|-ability|p1b: Corviknight|Mirror Armor\n|-unboost|p2b: Incineroar|atk|1\n|turn|5\n|\n|t:|1788279904\n|move|p2b: Incineroar|Fake Out|p1a: Garchomp\n|-damage|p1a: Garchomp|4/100\n|-damage|p2b: Incineroar|27/100|[from] ability: Rough Skin|[of] p1a: Garchomp\n|cant|p1a: Garchomp|flinch\n|move|p1b: Corviknight|Brave Bird|p2b: Incineroar\n|-damage|p2b: Incineroar|0 fnt\n|faint|p2b: Incineroar\n|-damage|p1b: Corviknight|45/100|[from] Recoil\n|move|p2a: Metagross|Body Press|p1b: Corviknight\n|-damage|p1b: Corviknight|11/100\n|\n|upkeep\n|\n|t:|1788279915\n|switch|p2b: Primarina|Primarina, L50, F|100/100\n|turn|6\n|\n|t:|1788279931\n|move|p2a: Metagross|Bullet Punch|p1a: Garchomp\n|-damage|p1a: Garchomp|0 fnt\n|-damage|p2a: Metagross|75/100|[from] ability: Rough Skin|[of] p1a: Garchomp\n|faint|p1a: Garchomp\n|move|p1b: Corviknight|Brave Bird|p2b: Primarina\n|-damage|p2b: Primarina|47/100\n|-damage|p1b: Corviknight|0 fnt|[from] Recoil\n|faint|p1b: Corviknight\n|move|p2b: Primarina|Calm Mind|p2b: Primarina\n|-boost|p2b: Primarina|spa|1\n|-boost|p2b: Primarina|spd|1\n|\n|-sideend|p1: Turtonator44|move: Tailwind\n|upkeep\n|\n|t:|1788279942\n|switch|p1a: Froslass|Froslass, L50, F|100/100\n|switch|p1b: Arcanine|Arcanine-Hisui, L50, F|100/100\n|turn|7\n|\n|t:|1788279965\n|detailschange|p1a: Froslass|Froslass-Mega, L50, F\n|-mega|p1a: Froslass|Froslass|Froslassite\n|-weather|Snowscape|[from] ability: Snow Warning|[of] p1a: Froslass\n|move|p2a: Metagross|Bullet Punch|p1a: Froslass\n|-supereffective|p1a: Froslass|1\n|-damage|p1a: Froslass|41/100\n|move|p1a: Froslass|Shadow Ball|p2a: Metagross\n|-supereffective|p2a: Metagross|1\n|-damage|p2a: Metagross|0 fnt\n|faint|p2a: Metagross\n|move|p1b: Arcanine|Head Smash|p2b: Primarina\n|-damage|p2b: Primarina|0 fnt\n|faint|p2b: Primarina\n|\n|win|Turtonator44\n||Turtonator44 is ready for game 2.\n|inactive|IBstudios has 30 seconds to confirm battle start!\n||IBstudios is ready for game 2.\n|uhtml|next|Next: <a href=\"/battle-gen9championsvgc2026regmbbo3-2673942748\"><strong>Game 2 of 3</strong></a>\n|l|☆Turtonator44\n|player|p1|\n","uploadtime":1788280253,"views":"10","formatid":"gen9championsvgc2026regmbbo3","rating":null,"private":0,"password":null}