{"id":"gen9championsvgc2026regmbbo3-2674035314","format":"[Gen 9 Champions] VGC 2026 Reg M-B (Bo3)","players":["JakAttack626","metvgc"],"log":"|j|☆JakAttack626\n|j|☆metvgc\n|html|<table width=\"100%\"><tr><td align=\"left\">JakAttack626</td><td align=\"right\">metvgc</tr><tr><td align=\"left\"><i class=\"fa fa-circle\"></i> <i class=\"fa fa-circle-o\"></i> </td><td align=\"right\"><i class=\"fa fa-circle-o\"></i> <i class=\"fa fa-circle-o\"></i> </tr></table>\n|uhtml|bestof|<h2><strong>Game 2</strong> of <a href=\"/game-bestof3-gen9championsvgc2026regmbbo3-2674033256\">a best-of-3</a></h2>\n|t:|1788290836\n|gametype|doubles\n|player|p1|JakAttack626|pryce|1098\n|player|p2|metvgc|linebacker|1176\n|gen|9\n|tier|[Gen 9 Champions] VGC 2026 Reg M-B (Bo3)\n|rated|\n|rule|Species Clause: Limit one of each Pokémon\n|rule|Item Clause: Limit 1 of each item\n|clearpoke\n|poke|p1|Scovillain, L50, M, shiny|\n|poke|p1|Basculegion, L50, M|\n|poke|p1|Kingambit, L50, F|\n|poke|p1|Sneasler, L50, M|\n|poke|p1|Lycanroc-Dusk, L50, M|\n|poke|p1|Froslass, L50, F|\n|poke|p2|Staraptor, L50, M|\n|poke|p2|Raichu, L50, M|\n|poke|p2|Arcanine-Hisui, L50, F|\n|poke|p2|Kingambit, L50, F|\n|poke|p2|Sylveon, L50, M|\n|poke|p2|Farigiraf, L50, F|\n|teampreview|4\n|showteam|p1|Scovillain||Scovillainite|Moody|GigaDrain,Overheat,RagePowder,Protect|Bold||M|||50|]Basculegion||LifeOrb|Adaptability|WaveCrash,AquaJet,LastRespects,Protect|Adamant||M|||50|]Kingambit||BlackGlasses|Defiant|KowtowCleave,SuckerPunch,SwordsDance,Protect|Adamant||F|||50|]Sneasler||WhiteHerb|Unburden|DireClaw,CloseCombat,FakeOut,Protect|Adamant||M|||50|]Lycanroc-Dusk||FocusSash|ToughClaws|RockSlide,CloseCombat,Accelerock,Protect|Adamant||M|||50|]Froslass||Froslassite|CursedBody|Blizzard,ShadowBall,AuroraVeil,Protect|Timid||F|||50|\n|showteam|p2|Staraptor||Staraptite|Intimidate|Protect,Tailwind,CloseCombat,DualWingbeat|Jolly||M|||50|]Raichu||RaichuniteY|LightningRod|Protect,FakeOut,FocusBlast,ZapCannon|Timid||M|||50|]Arcanine-Hisui||FocusSash|RockHead|Protect,HeadSmash,FlareBlitz,ExtremeSpeed|Jolly||F|||50|]Kingambit||LifeOrb|Defiant|Protect,SwordsDance,KowtowCleave,SuckerPunch|Adamant||F|||50|]Sylveon||FairyFeather|Pixilate|Protect,QuickAttack,HyperVoice,HyperBeam|Modest||M|||50|]Farigiraf||SitrusBerry|ArmorTail|Protect,TrickRoom,HelpingHand,Psychic|Calm||F|||50|\n|inactive|Battle timer is ON: inactive players will automatically lose when time's up. (requested by metvgc)\n|inactive|JakAttack626 has 60 seconds left.\n|inactive|metvgc has 60 seconds left.\n|inactive|JakAttack626 has 30 seconds left.\n|\n|t:|1788290899\n|teamsize|p1|4\n|teamsize|p2|4\n|start\n|switch|p1a: Hot One|Scovillain, L50, M, shiny|100/100\n|switch|p1b: Beeeep|Froslass, L50, F|100/100\n|switch|p2a: Staraptor|Staraptor, L50, M|100/100\n|switch|p2b: Farigiraf|Farigiraf, L50, F|100/100\n|-ability|p2a: Staraptor|Intimidate|boost\n|-unboost|p1a: Hot One|atk|1\n|-unboost|p1b: Beeeep|atk|1\n|turn|1\n|\n|t:|1788290917\n|switch|p2a: Kingambit|Kingambit, L50, F|100/100\n|detailschange|p1b: Beeeep|Froslass-Mega, L50, F\n|-mega|p1b: Beeeep|Froslass|Froslassite\n|-weather|Snowscape|[from] ability: Snow Warning|[of] p1b: Beeeep\n|move|p1a: Hot One|Rage Powder|p1a: Hot One\n|-singleturn|p1a: Hot One|move: Rage Powder\n|move|p1b: Beeeep|Blizzard|p2a: Kingambit|[spread] p2a,p2b\n|-resisted|p2a: Kingambit|1\n|-damage|p2a: Kingambit|81/100\n|-damage|p2b: Farigiraf|70/100\n|move|p2b: Farigiraf|Trick Room|p2b: Farigiraf\n|-fieldstart|move: Trick Room|[of] p2b: Farigiraf\n|\n|-weather|Snowscape|[upkeep]\n|-ability|p1a: Hot One|Moody|boost\n|-boost|p1a: Hot One|atk|2\n|-unboost|p1a: Hot One|spa|1\n|upkeep\n|turn|2\n|inactive|JakAttack626 has 30 seconds left.\n|inactive|metvgc has 30 seconds left.\n|inactive|JakAttack626 has 20 seconds left.\n|inactive|JakAttack626 has 15 seconds left.\n|inactive|JakAttack626 has 10 seconds left.\n|\n|t:|1788290964\n|move|p2a: Kingambit|Swords Dance|p2a: Kingambit\n|-boost|p2a: Kingambit|atk|2\n|move|p2b: Farigiraf|Psychic|p1a: Hot One\n|-damage|p1a: Hot One|57/100\n|-unboost|p1a: Hot One|spd|1\n|move|p1a: Hot One|Giga Drain|p1b: Beeeep\n|-damage|p1b: Beeeep|81/100\n|-heal|p1a: Hot One|66/100|[from] drain|[of] p1b: Beeeep\n|move|p1b: Beeeep|Blizzard|p2a: Kingambit|[spread] p2a,p2b\n|-resisted|p2a: Kingambit|1\n|-damage|p2a: Kingambit|61/100\n|-damage|p2b: Farigiraf|42/100\n|-enditem|p2b: Farigiraf|Sitrus Berry|[eat]\n|-heal|p2b: Farigiraf|67/100|[from] item: Sitrus Berry\n|\n|-weather|Snowscape|[upkeep]\n|-ability|p1a: Hot One|Moody|boost\n|-boost|p1a: Hot One|spe|2\n|-unboost|p1a: Hot One|atk|1\n|upkeep\n|turn|3\n|\n|t:|1788290982\n|move|p1b: Beeeep|Protect|p1b: Beeeep\n|-singleturn|p1b: Beeeep|Protect\n|move|p2a: Kingambit|Kowtow Cleave|p1b: Beeeep\n|-activate|p1b: Beeeep|move: Protect\n|move|p2b: Farigiraf|Psychic|p1a: Hot One\n|-damage|p1a: Hot One|3/100\n|move|p1a: Hot One|Overheat|p2a: Kingambit\n|-supereffective|p2a: Kingambit|1\n|-damage|p2a: Kingambit|5/100\n|-unboost|p1a: Hot One|spa|2\n|\n|-weather|Snowscape|[upkeep]\n|-ability|p1a: Hot One|Moody|boost\n|-boost|p1a: Hot One|atk|2\n|-unboost|p1a: Hot One|spa|1\n|upkeep\n|turn|4\n|\n|t:|1788291007\n|move|p2a: Kingambit|Protect|p2a: Kingambit\n|-singleturn|p2a: Kingambit|Protect\n|move|p1a: Hot One|Rage Powder|p1a: Hot One\n|-singleturn|p1a: Hot One|move: Rage Powder\n|move|p2b: Farigiraf|Psychic|p1a: Hot One\n|-damage|p1a: Hot One|0 fnt\n|faint|p1a: Hot One\n|move|p1b: Beeeep|Blizzard|p2a: Kingambit|[spread] p2b\n|-activate|p2a: Kingambit|move: Protect\n|-damage|p2b: Farigiraf|37/100\n|\n|-weather|Snowscape|[upkeep]\n|upkeep\n|inactive|JakAttack626 has 30 seconds left.\n|\n|t:|1788291033\n|switch|p1a: Dirt road|Lycanroc-Dusk, L50, M|100/100\n|turn|5\n|\n|t:|1788291045\n|switch|p1b: Kachow|Sneasler, L50, M|100/100\n|move|p1a: Dirt road|Protect|p1a: Dirt road\n|-singleturn|p1a: Dirt road|Protect\n|move|p2a: Kingambit|Kowtow Cleave|p1a: Dirt road\n|-activate|p1a: Dirt road|move: Protect\n|move|p2b: Farigiraf|Psychic|p1a: Dirt road\n|-activate|p1a: Dirt road|move: Protect\n|\n|-weather|none\n|-fieldend|move: Trick Room\n|upkeep\n|turn|6\n|inactive|JakAttack626 has 30 seconds left.\n|inactive|JakAttack626 has 20 seconds left.\n|inactive|JakAttack626 has 15 seconds left.\n|inactive|JakAttack626 has 10 seconds left.\n|inactive|JakAttack626 has 5 seconds left.\n|\n|t:|1788291098\n|move|p2a: Kingambit|Sucker Punch|p1a: Dirt road\n|-enditem|p1a: Dirt road|Focus Sash\n|-damage|p1a: Dirt road|1/100\n|-damage|p2a: Kingambit|0 fnt|[from] item: Life Orb\n|faint|p2a: Kingambit\n|move|p1b: Kachow|Dire Claw|p2b: Farigiraf\n|-damage|p2b: Farigiraf|1/100\n|move|p1a: Dirt road|Rock Slide|p2b: Farigiraf\n|-damage|p2b: Farigiraf|0 fnt\n|faint|p2b: Farigiraf\n|\n|upkeep\n|\n|t:|1788291106\n|switch|p2b: Arcanine|Arcanine-Hisui, L50, F|100/100\n|switch|p2a: Staraptor|Staraptor, L50, M|100/100\n|-ability|p2a: Staraptor|Intimidate|boost\n|-unboost|p1a: Dirt road|atk|1\n|-unboost|p1b: Kachow|atk|1\n|-enditem|p1b: Kachow|White Herb\n|-clearnegativeboost|p1b: Kachow|[silent]\n|turn|7\n|\n|t:|1788291114\n|detailschange|p2a: Staraptor|Staraptor-Mega, L50, M\n|-mega|p2a: Staraptor|Staraptor|Staraptite\n|move|p2b: Arcanine|Extreme Speed|p1a: Dirt road\n|-resisted|p1a: Dirt road|1\n|-damage|p1a: Dirt road|0 fnt\n|faint|p1a: Dirt road\n|move|p1b: Kachow|Close Combat|p2b: Arcanine\n|-supereffective|p2b: Arcanine|1\n|-enditem|p2b: Arcanine|Focus Sash\n|-damage|p2b: Arcanine|1/100\n|-unboost|p1b: Kachow|def|1\n|-unboost|p1b: Kachow|spd|1\n|move|p2a: Staraptor|Dual Wingbeat|p1b: Kachow\n|-supereffective|p1b: Kachow|1\n|-damage|p1b: Kachow|16/100\n|-supereffective|p1b: Kachow|1\n|-damage|p1b: Kachow|0 fnt\n|faint|p1b: Kachow\n|-hitcount|p1: Kachow|2\n|\n|upkeep\n|\n|t:|1788291126\n|switch|p1b: Beeeep|Froslass-Mega, L50, F|81/100\n|-weather|Snowscape|[from] ability: Snow Warning|[of] p1b: Beeeep\n|turn|8\n|\n|t:|1788291145\n|move|p2b: Arcanine|Protect|p2b: Arcanine\n|-singleturn|p2b: Arcanine|Protect\n|move|p1b: Beeeep|Blizzard|p2b: Arcanine|[spread] p2a\n|-activate|p2b: Arcanine|move: Protect\n|-supereffective|p2a: Staraptor|1\n|-damage|p2a: Staraptor|17/100\n|move|p2a: Staraptor|Tailwind|p2a: Staraptor\n|-sidestart|p2: metvgc|move: Tailwind\n|\n|-weather|Snowscape|[upkeep]\n|upkeep\n|turn|9\n|\n|t:|1788291157\n|move|p2a: Staraptor|Dual Wingbeat|p1b: Beeeep\n|-damage|p1b: Beeeep|62/100\n|-damage|p1b: Beeeep|42/100\n|-hitcount|p1b: Beeeep|2\n|move|p2b: Arcanine|Flare Blitz|p1b: Beeeep\n|-supereffective|p1b: Beeeep|1\n|-crit|p1b: Beeeep\n|-damage|p1b: Beeeep|0 fnt\n|faint|p1b: Beeeep\n|\n|win|metvgc\n","uploadtime":1788291158,"views":"1","formatid":"gen9championsvgc2026regmbbo3","rating":null,"private":0,"password":null}