{"id":"gen9championsvgc2026regmbbo3-2674201002","format":"[Gen 9 Champions] VGC 2026 Reg M-B (Bo3)","players":["smalltownkirlia","Maniac.test09"],"log":"|j|☆smalltownkirlia\n|j|☆Maniac.test09\n|html|<table width=\"100%\"><tr><td align=\"left\">smalltownkirlia</td><td align=\"right\">Maniac.test09</tr><tr><td align=\"left\"><i class=\"fa fa-circle\"></i> <i class=\"fa fa-circle-o\"></i> </td><td align=\"right\"><i class=\"fa fa-circle-o\"></i> <i class=\"fa fa-circle-o\"></i> </tr></table>\n|uhtml|bestof|<h2><strong>Game 2</strong> of <a href=\"/game-bestof3-gen9championsvgc2026regmbbo3-2674199081\">a best-of-3</a></h2>\n|t:|1788314512\n|gametype|doubles\n|player|p1|smalltownkirlia|whitney|1195\n|player|p2|Maniac.test09|170|1116\n|gen|9\n|tier|[Gen 9 Champions] VGC 2026 Reg M-B (Bo3)\n|rated|\n|rule|Species Clause: Limit one of each Pokémon\n|rule|Item Clause: Limit 1 of each item\n|clearpoke\n|poke|p1|Floette-Eternal, L50, F|\n|poke|p1|Whimsicott, L50, M|\n|poke|p1|Basculegion, L50, M|\n|poke|p1|Garchomp, L50, F|\n|poke|p1|Charizard, L50, M|\n|poke|p1|Kingambit, L50, M|\n|poke|p2|Tyranitar, L50, M|\n|poke|p2|Lycanroc-Dusk, L50, M|\n|poke|p2|Mawile, L50, M|\n|poke|p2|Talonflame, L50, F|\n|poke|p2|Meowscarada, L50, F|\n|poke|p2|Sableye, L50, M|\n|teampreview|4\n|showteam|p1|Floette-Eternal||Floettite|FlowerVeil|Protect,LightofRuin,DazzlingGleam,Moonblast|Timid||F|||50|]Whimsicott||FocusSash|Prankster|Protect,Tailwind,Encore,Moonblast|Timid||M|||50|]Basculegion||MysticWater|Adaptability|Protect,WaveCrash,LastRespects,AquaJet|Adamant||M|||50|]Garchomp||LifeOrb|RoughSkin|Protect,RockSlide,Earthquake,DragonClaw|Jolly||F|||50|]Charizard||CharizarditeY|Blaze|Protect,HeatWave,WeatherBall,SolarBeam|Modest||M|||50|]Kingambit||ChopleBerry|Defiant|LowKick,SuckerPunch,KowtowCleave,IronHead|Adamant||M|||50|\n|showteam|p2|Tyranitar||Tyranitarite|SandStream|RockSlide,KnockOff,LowKick,Protect|Adamant||M|||50|]Lycanroc-Dusk||FocusSash|ToughClaws|Accelerock,RockSlide,CloseCombat,Protect|Jolly||M|||50|]Mawile||Mawilite|HyperCutter|IronHead,PlayRough,Protect,SuckerPunch|Adamant||M|||50|]Talonflame||SharpBeak|GaleWings|Tailwind,FlareBlitz,BraveBird,Feint|Jolly||F|||50|]Meowscarada||LifeOrb|Protean|FlowerTrick,TripleAxel,LowKick,Uturn|Jolly||F|||50|]Sableye||SitrusBerry|Prankster|FakeOut,WillOWisp,KnockOff,Encore|Careful||M|||50|\n|j| WoomyInverso\n|inactive|Battle timer is ON: inactive players will automatically lose when time's up. (requested by Maniac.test09)\n|inactive|smalltownkirlia has 60 seconds left.\n|inactive|smalltownkirlia has 30 seconds left.\n|\n|t:|1788314622\n|teamsize|p1|4\n|teamsize|p2|4\n|start\n|switch|p1a: Basculegion|Basculegion, L50, M|100/100\n|switch|p1b: Whimsicott|Whimsicott, L50, M|100/100\n|switch|p2a: Meowscarada|Meowscarada, L50, F|100/100\n|switch|p2b: Talonflame|Talonflame, L50, F|100/100\n|turn|1\n|inactive|smalltownkirlia has 30 seconds left.\n|inactive|Maniac.test09 has 30 seconds left.\n|inactive|smalltownkirlia has 20 seconds left.\n|inactive|smalltownkirlia has 15 seconds left.\n|\n|t:|1788314666\n|move|p1b: Whimsicott|Protect|p1b: Whimsicott\n|-singleturn|p1b: Whimsicott|Protect\n|move|p2b: Talonflame|Brave Bird|p1b: Whimsicott\n|-activate|p1b: Whimsicott|move: Protect\n|move|p1a: Basculegion|Aqua Jet|p2b: Talonflame\n|-supereffective|p2b: Talonflame|1\n|-damage|p2b: Talonflame|4/100\n|move|p2a: Meowscarada|Flower Trick|p1a: Basculegion\n|-start|p2a: Meowscarada|typechange|Grass|[from] ability: Protean\n|-supereffective|p1a: Basculegion|1\n|-crit|p1a: Basculegion\n|-damage|p1a: Basculegion|0 fnt\n|faint|p1a: Basculegion\n|-damage|p2a: Meowscarada|90/100|[from] item: Life Orb\n|\n|upkeep\n|\n|t:|1788314680\n|switch|p1a: Floette|Floette-Eternal, L50, F|100/100\n|turn|2\n|inactive|Maniac.test09 has 30 seconds left.\n|\n|t:|1788314709\n|detailschange|p1a: Floette|Floette-Mega, L50, F\n|-mega|p1a: Floette|Floette|Floettite\n|-ability|p1a: Floette|Fairy Aura\n|move|p1b: Whimsicott|Tailwind|p1b: Whimsicott\n|-sidestart|p1: smalltownkirlia|move: Tailwind\n|move|p1a: Floette|Dazzling Gleam|p2a: Meowscarada|[spread] p2a,p2b\n|-resisted|p2b: Talonflame|1\n|-damage|p2a: Meowscarada|23/100\n|-damage|p2b: Talonflame|0 fnt\n|faint|p2b: Talonflame\n|move|p2a: Meowscarada|U-turn|p1b: Whimsicott\n|-damage|p1b: Whimsicott|59/100\n|-damage|p2a: Meowscarada|14/100|[from] item: Life Orb\n|\n|t:|1788314722\n|switch|p2a: Tyranitar|Tyranitar, L50, M|100/100|[from] U-turn\n|-weather|Sandstorm|[from] ability: Sand Stream|[of] p2a: Tyranitar\n|\n|-weather|Sandstorm|[upkeep]\n|-damage|p1b: Whimsicott|53/100|[from] Sandstorm\n|-damage|p1a: Floette|94/100|[from] Sandstorm\n|upkeep\n|\n|t:|1788314726\n|switch|p2b: Mawile|Mawile, L50, M|100/100\n|turn|3\n|inactive|Maniac.test09 has 30 seconds left.\n|\n|t:|1788314752\n|detailschange|p2b: Mawile|Mawile-Mega, L50, M\n|-mega|p2b: Mawile|Mawile|Mawilite\n|move|p1b: Whimsicott|Protect|p1b: Whimsicott\n|-singleturn|p1b: Whimsicott|Protect\n|move|p1a: Floette|Protect|p1a: Floette\n|-singleturn|p1a: Floette|Protect\n|move|p2a: Tyranitar|Protect|p2a: Tyranitar\n|-singleturn|p2a: Tyranitar|Protect\n|move|p2b: Mawile|Iron Head|p1a: Floette\n|-activate|p1a: Floette|move: Protect\n|\n|-weather|Sandstorm|[upkeep]\n|-damage|p1b: Whimsicott|47/100|[from] Sandstorm\n|-damage|p1a: Floette|88/100|[from] Sandstorm\n|upkeep\n|turn|4\n|inactive|smalltownkirlia has 30 seconds left.\n|\n|t:|1788314788\n|switch|p1a: Kingambit|Kingambit, L50, M|100/100\n|switch|p2a: Meowscarada|Meowscarada, L50, F|14/100\n|move|p1b: Whimsicott|Moonblast|p2a: Meowscarada\n|-supereffective|p2a: Meowscarada|1\n|-damage|p2a: Meowscarada|0 fnt\n|faint|p2a: Meowscarada\n|move|p2b: Mawile|Iron Head|p1a: Kingambit\n|-resisted|p1a: Kingambit|1\n|-damage|p1a: Kingambit|72/100\n|\n|-weather|Sandstorm|[upkeep]\n|-damage|p1b: Whimsicott|41/100|[from] Sandstorm\n|upkeep\n|\n|t:|1788314795\n|switch|p2a: Tyranitar|Tyranitar, L50, M|100/100\n|turn|5\n|\n|t:|1788314813\n|move|p1b: Whimsicott|Encore|p2b: Mawile\n|-start|p2b: Mawile|Encore\n|move|p1a: Kingambit|Low Kick|p2a: Tyranitar\n|-supereffective|p2a: Tyranitar|2\n|-damage|p2a: Tyranitar|0 fnt\n|faint|p2a: Tyranitar\n|move|p2b: Mawile|Iron Head|p1b: Whimsicott\n|-supereffective|p1b: Whimsicott|1\n|-damage|p1b: Whimsicott|0 fnt\n|faint|p1b: Whimsicott\n|\n|-weather|Sandstorm|[upkeep]\n|-sideend|p1: smalltownkirlia|move: Tailwind\n|upkeep\n|\n|t:|1788314819\n|switch|p1b: Floette|Floette-Mega, L50, F|88/100\n|-ability|p1b: Floette|Fairy Aura\n|turn|6\n|\n|t:|1788314824\n|move|p1b: Floette|Protect|p1b: Floette\n|-singleturn|p1b: Floette|Protect\n|move|p2b: Mawile|Iron Head|p1b: Floette\n|-activate|p1b: Floette|move: Protect\n|move|p1a: Kingambit|Low Kick|p2b: Mawile\n|-damage|p2b: Mawile|86/100\n|\n|-weather|none\n|upkeep\n|turn|7\n|\n|t:|1788314843\n|move|p1b: Floette|Light of Ruin|p2b: Mawile\n|-resisted|p2b: Mawile|1\n|-damage|p2b: Mawile|24/100\n|-damage|p1b: Floette|56/100|[from] Recoil\n|move|p2b: Mawile|Iron Head|p1b: Floette\n|-supereffective|p1b: Floette|1\n|-damage|p1b: Floette|0 fnt\n|faint|p1b: Floette\n|move|p1a: Kingambit|Iron Head|p2b: Mawile\n|-damage|p2b: Mawile|0 fnt\n|faint|p2b: Mawile\n|\n|win|smalltownkirlia\n|raw|smalltownkirlia's rating: 1195 &rarr; <strong>1214</strong><br />(+19 for winning)\n|raw|Maniac.test09's rating: 1116 &rarr; <strong>1097</strong><br />(-19 for losing)\n","uploadtime":1788314852,"views":"5","formatid":"gen9championsvgc2026regmbbo3","rating":1097,"private":0,"password":null}