{"id":"gen9championsvgc2026regmb-2674922991","format":"[Gen 9 Champions] VGC 2026 Reg M-B","players":["crux brom","workingmangarby"],"log":"|j|☆crux brom\n|j|☆workingmangarby\n|t:|1788436563\n|gametype|doubles\n|player|p1|crux brom|2|1444\n|player|p2|workingmangarby|gentleman-gen4dp|1474\n|gen|9\n|tier|[Gen 9 Champions] VGC 2026 Reg M-B\n|rated|\n|rule|Species Clause: Limit one of each Pokémon\n|rule|Item Clause: Limit 1 of each item\n|clearpoke\n|poke|p1|Dragonite, L50, F|\n|poke|p1|Sneasler, L50, M|\n|poke|p1|Basculegion, L50, M|\n|poke|p1|Kingambit, L50, M|\n|poke|p1|Garchomp, L50, F|\n|poke|p1|Floette-Eternal, L50, F|\n|poke|p2|Scrafty, L50, M|\n|poke|p2|Farigiraf, L50, M|\n|poke|p2|Torkoal, L50, F|\n|poke|p2|Sylveon, L50, M|\n|poke|p2|Venusaur, L50, M|\n|poke|p2|Houndoom, L50, M|\n|teampreview|4\n|inactive|Battle timer is ON: inactive players will automatically lose when time's up. (requested by crux brom)\n|\n|t:|1788436579\n|teamsize|p1|4\n|teamsize|p2|4\n|start\n|switch|p1a: Kingambit|Kingambit, L50, M|100/100\n|switch|p1b: Dragonite|Dragonite, L50, F|100/100\n|switch|p2a: Torkoal|Torkoal, L50, F|100/100\n|switch|p2b: Venusaur|Venusaur, L50, M|100/100\n|-weather|SunnyDay|[from] ability: Drought|[of] p2a: Torkoal\n|turn|1\n|\n|t:|1788436600\n|detailschange|p1b: Dragonite|Dragonite-Mega, L50, F\n|-mega|p1b: Dragonite|Dragonite|Dragoninite\n|move|p2b: Venusaur|Protect|p2b: Venusaur\n|-singleturn|p2b: Venusaur|Protect\n|move|p1b: Dragonite|Heat Wave|p2a: Torkoal|[spread] p2a\n|-activate|p2b: Venusaur|move: Protect\n|-resisted|p2a: Torkoal|1\n|-damage|p2a: Torkoal|70/100\n|move|p1a: Kingambit|Kowtow Cleave|p2a: Torkoal\n|-damage|p2a: Torkoal|35/100\n|move|p2a: Torkoal|Weather Ball|p1a: Kingambit\n|-supereffective|p1a: Kingambit|1\n|-damage|p1a: Kingambit|0 fnt\n|faint|p1a: Kingambit\n|\n|-weather|SunnyDay|[upkeep]\n|upkeep\n|\n|t:|1788436618\n|switch|p1a: Garchomp|Garchomp, L50, F|100/100\n|turn|2\n|\n|t:|1788436623\n|move|p2a: Torkoal|Helping Hand|p2b: Venusaur\n|-singleturn|p2b: Venusaur|Helping Hand|[of] p2a: Torkoal\n|move|p2b: Venusaur|Solar Beam||[still]\n|-prepare|p2b: Venusaur|Solar Beam\n|-anim|p2b: Venusaur|Solar Beam|p1a: Garchomp\n|-damage|p1a: Garchomp|0 fnt\n|faint|p1a: Garchomp\n|-damage|p2b: Venusaur|90/100|[from] item: Life Orb\n|move|p1b: Dragonite|Heat Wave|p2a: Torkoal|[spread] p2a,p2b\n|-resisted|p2a: Torkoal|1\n|-supereffective|p2b: Venusaur|1\n|-damage|p2a: Torkoal|7/100\n|-damage|p2b: Venusaur|0 fnt\n|faint|p2b: Venusaur\n|\n|-weather|SunnyDay|[upkeep]\n|upkeep\n|\n|t:|1788436639\n|switch|p1a: Basculegion|Basculegion, L50, M|100/100\n|switch|p2b: Houndoom|Houndoom, L50, M|100/100\n|turn|3\n|\n|t:|1788436648\n|switch|p2a: Farigiraf|Farigiraf, L50, M|100/100\n|detailschange|p2b: Houndoom|Houndoom-Mega, L50, M\n|-mega|p2b: Houndoom|Houndoom|Houndoominite\n|move|p1a: Basculegion|Protect|p1a: Basculegion\n|-singleturn|p1a: Basculegion|Protect\n|move|p2b: Houndoom|Dark Pulse|p1a: Basculegion\n|-activate|p1a: Basculegion|move: Protect\n|move|p1b: Dragonite|Heat Wave|p2a: Farigiraf|[spread] p2a,p2b\n|-resisted|p2b: Houndoom|1\n|-damage|p2a: Farigiraf|56/100\n|-damage|p2b: Houndoom|72/100\n|\n|-weather|SunnyDay|[upkeep]\n|-damage|p2b: Houndoom|59/100|[from] ability: Solar Power|[of] p2b: Houndoom\n|upkeep\n|turn|4\n|\n|t:|1788436668\n|move|p2b: Houndoom|Dark Pulse|p1a: Basculegion\n|-supereffective|p1a: Basculegion|1\n|-damage|p1a: Basculegion|0 fnt\n|faint|p1a: Basculegion\n|move|p1b: Dragonite|Heat Wave|p2a: Farigiraf|[spread] p2a\n|-miss|p1b: Dragonite|p2b: Houndoom\n|-damage|p2a: Farigiraf|14/100\n|-enditem|p2a: Farigiraf|Sitrus Berry|[eat]\n|-heal|p2a: Farigiraf|39/100|[from] item: Sitrus Berry\n|move|p2a: Farigiraf|Thunderbolt|p1b: Dragonite\n|-damage|p1b: Dragonite|89/100\n|\n|-weather|SunnyDay|[upkeep]\n|-damage|p2b: Houndoom|47/100|[from] ability: Solar Power|[of] p2b: Houndoom\n|upkeep\n|turn|5\n|\n|t:|1788436683\n|move|p2b: Houndoom|Overheat|p1b: Dragonite\n|-resisted|p1b: Dragonite|1\n|-damage|p1b: Dragonite|24/100\n|-unboost|p2b: Houndoom|spa|2\n|move|p1b: Dragonite|Dragon Pulse|p2b: Houndoom\n|-damage|p2b: Houndoom|0 fnt\n|faint|p2b: Houndoom\n|move|p2a: Farigiraf|Psychic|p1b: Dragonite\n|-damage|p1b: Dragonite|0 fnt\n|faint|p1b: Dragonite\n|\n|win|workingmangarby\n|raw|crux brom's rating: 1444 &rarr; <strong>1426</strong><br />(-18 for losing)\n|raw|workingmangarby's rating: 1474 &rarr; <strong>1492</strong><br />(+18 for winning)\n","uploadtime":1788436698,"views":"16","formatid":"gen9championsvgc2026regmb","rating":1426,"private":0,"password":null}