{"id":"gen9championsvgc2026regmb-2674674281","format":"[Gen 9 Champions] VGC 2026 Reg M-B","players":["lorenzzo14","mayterenzi"],"log":"|j|☆lorenzzo14\n|j|☆mayterenzi\n|t:|1788388614\n|gametype|doubles\n|player|p1|lorenzzo14|hilda|1119\n|player|p2|mayterenzi|guitarist|1054\n|gen|9\n|tier|[Gen 9 Champions] VGC 2026 Reg M-B\n|rated|\n|rule|Species Clause: Limit one of each Pokémon\n|rule|Item Clause: Limit 1 of each item\n|clearpoke\n|poke|p1|Raichu, L50, F, shiny|\n|poke|p1|Meowscarada, L50, F|\n|poke|p1|Aurorus, L50, F, shiny|\n|poke|p1|Annihilape, L50, M, shiny|\n|poke|p1|Excadrill, L50, M|\n|poke|p1|Glaceon, L50, F, shiny|\n|poke|p2|Golurk, L50|\n|poke|p2|Slowking, L50, F|\n|poke|p2|Araquanid, L50, F|\n|poke|p2|Mimikyu, L50, M|\n|poke|p2|Barbaracle, L50, F|\n|poke|p2|Sinistcha, L50|\n|teampreview|4\n|\n|t:|1788388647\n|teamsize|p1|4\n|teamsize|p2|4\n|start\n|switch|p1a: Aurorus|Aurorus, L50, F, shiny|100/100\n|switch|p1b: Raichu|Raichu, L50, F, shiny|100/100\n|switch|p2a: Barbaracle|Barbaracle, L50, F|100/100\n|switch|p2b: Slowking|Slowking, L50, F|100/100\n|-weather|Snowscape|[from] ability: Snow Warning|[of] p1a: Aurorus\n|turn|1\n|\n|t:|1788388683\n|detailschange|p1b: Raichu|Raichu-Mega-X, L50, F, shiny\n|-mega|p1b: Raichu|Raichu|Raichunite X\n|-fieldstart|move: Electric Terrain|[from] ability: Electric Surge|[of] p1b: Raichu\n|move|p1b: Raichu|Rising Voltage|p2b: Slowking\n|-hint|Rising Voltage's BP doubled on grounded target.\n|-supereffective|p2b: Slowking|1\n|-damage|p2b: Slowking|0 fnt\n|faint|p2b: Slowking\n|move|p2a: Barbaracle|Shell Smash|p2a: Barbaracle\n|-unboost|p2a: Barbaracle|def|1\n|-unboost|p2a: Barbaracle|spd|1\n|-boost|p2a: Barbaracle|atk|2\n|-boost|p2a: Barbaracle|spa|2\n|-boost|p2a: Barbaracle|spe|2\n|move|p1a: Aurorus|Aurora Veil|p1a: Aurorus\n|-sidestart|p1: lorenzzo14|move: Aurora Veil\n|\n|-weather|Snowscape|[upkeep]\n|upkeep\n|\n|t:|1788388729\n|switch|p2b: Golurk|Golurk, L50|100/100\n|turn|2\n|\n|t:|1788388740\n|detailschange|p2b: Golurk|Golurk-Mega, L50\n|-mega|p2b: Golurk|Golurk|Golurkite\n|move|p2a: Barbaracle|Rock Slide|p1b: Raichu|[spread] p1a,p1b\n|-supereffective|p1a: Aurorus|1\n|-damage|p1a: Aurorus|51/100\n|-damage|p1b: Raichu|42/100\n|cant|p1b: Raichu|flinch\n|move|p1a: Aurorus|Blizzard|p2a: Barbaracle|[spread] p2a,p2b\n|-resisted|p2a: Barbaracle|1\n|-supereffective|p2b: Golurk|1\n|-damage|p2a: Barbaracle|72/100\n|-damage|p2b: Golurk|56/100\n|move|p2b: Golurk|Headlong Rush|p1b: Raichu\n|-supereffective|p1b: Raichu|1\n|-damage|p1b: Raichu|0 fnt\n|-unboost|p2b: Golurk|def|1\n|-unboost|p2b: Golurk|spd|1\n|faint|p1b: Raichu\n|\n|-weather|Snowscape|[upkeep]\n|upkeep\n|\n|t:|1788388758\n|switch|p1b: Meowscarada|Meowscarada, L50, F|100/100\n|turn|3\n|\n|t:|1788388769\n|move|p1b: Meowscarada|Sucker Punch|p2b: Golurk\n|-start|p1b: Meowscarada|typechange|Dark|[from] ability: Protean\n|-supereffective|p2b: Golurk|1\n|-damage|p2b: Golurk|0 fnt\n|faint|p2b: Golurk\n|move|p2a: Barbaracle|Rock Slide|p1a: Aurorus|[spread] p1a,p1b\n|-supereffective|p1a: Aurorus|1\n|-crit|p1a: Aurorus\n|-damage|p1a: Aurorus|0 fnt\n|-damage|p1b: Meowscarada|40/100\n|faint|p1a: Aurorus\n|\n|-weather|Snowscape|[upkeep]\n|upkeep\n|\n|t:|1788388780\n|switch|p1a: Annihilape|Annihilape, L50, M, shiny|100/100\n|switch|p2b: Sinistcha|Sinistcha, L50|100/100\n|-heal|p2a: Barbaracle|97/100|[from] ability: Hospitality|[of] p2b: Sinistcha\n|turn|4\n|\n|t:|1788388794\n|move|p2b: Sinistcha|Rage Powder|p2b: Sinistcha\n|-singleturn|p2b: Sinistcha|move: Rage Powder\n|move|p1b: Meowscarada|Sucker Punch||[still]\n|-fail|p1b: Meowscarada\n|move|p2a: Barbaracle|Shell Smash|p2a: Barbaracle\n|-unboost|p2a: Barbaracle|def|1\n|-unboost|p2a: Barbaracle|spd|1\n|-boost|p2a: Barbaracle|atk|2\n|-boost|p2a: Barbaracle|spa|2\n|-boost|p2a: Barbaracle|spe|2\n|move|p1a: Annihilape|Close Combat|p2b: Sinistcha\n|-immune|p2b: Sinistcha\n|\n|-weather|Snowscape|[upkeep]\n|upkeep\n|turn|5\n|\n|t:|1788388807\n|move|p2a: Barbaracle|Substitute|p2a: Barbaracle\n|-start|p2a: Barbaracle|Substitute\n|-damage|p2a: Barbaracle|72/100\n|move|p1b: Meowscarada|Knock Off|p2b: Sinistcha\n|-supereffective|p2b: Sinistcha|1\n|-damage|p2b: Sinistcha|17/100\n|-enditem|p2b: Sinistcha|Mental Herb|[from] move: Knock Off|[of] p1b: Meowscarada\n|move|p1a: Annihilape|Rage Fist|p2b: Sinistcha\n|-supereffective|p2b: Sinistcha|1\n|-damage|p2b: Sinistcha|0 fnt\n|faint|p2b: Sinistcha\n|-damage|p1a: Annihilape|90/100|[from] item: Life Orb\n|\n|-weather|none\n|-fieldend|move: Electric Terrain\n|upkeep\n|turn|6\n|\n|t:|1788388821\n|move|p2a: Barbaracle|Rock Slide|p1a: Annihilape|[spread] p1a,p1b\n|-resisted|p1a: Annihilape|1\n|-damage|p1a: Annihilape|60/100\n|-damage|p1b: Meowscarada|0 fnt\n|faint|p1b: Meowscarada\n|move|p1a: Annihilape|Close Combat|p2a: Barbaracle\n|-supereffective|p2a: Barbaracle|1\n|-end|p2a: Barbaracle|Substitute\n|-unboost|p1a: Annihilape|def|1\n|-unboost|p1a: Annihilape|spd|1\n|-damage|p1a: Annihilape|50/100g|[from] item: Life Orb\n|\n|upkeep\n|turn|7\n|\n|t:|1788388831\n|move|p2a: Barbaracle|Substitute|p2a: Barbaracle\n|-start|p2a: Barbaracle|Substitute\n|-damage|p2a: Barbaracle|47/100\n|move|p1a: Annihilape|Close Combat|p2a: Barbaracle\n|-supereffective|p2a: Barbaracle|1\n|-end|p2a: Barbaracle|Substitute\n|-unboost|p1a: Annihilape|def|1\n|-unboost|p1a: Annihilape|spd|1\n|-damage|p1a: Annihilape|41/100|[from] item: Life Orb\n|\n|upkeep\n|turn|8\n|\n|t:|1788388838\n|move|p2a: Barbaracle|Substitute|p2a: Barbaracle\n|-start|p2a: Barbaracle|Substitute\n|-damage|p2a: Barbaracle|22/100\n|move|p1a: Annihilape|Close Combat|p2a: Barbaracle\n|-supereffective|p2a: Barbaracle|1\n|-end|p2a: Barbaracle|Substitute\n|-unboost|p1a: Annihilape|def|1\n|-unboost|p1a: Annihilape|spd|1\n|-damage|p1a: Annihilape|31/100|[from] item: Life Orb\n|\n|-sideend|p1: lorenzzo14|move: Aurora Veil\n|upkeep\n|turn|9\n|\n|t:|1788388842\n|move|p2a: Barbaracle|Waterfall|p1a: Annihilape\n|-damage|p1a: Annihilape|0 fnt\n|faint|p1a: Annihilape\n|\n|win|mayterenzi\n|raw|lorenzzo14's rating: 1119 &rarr; <strong>1089</strong><br />(-30 for losing)\n|raw|mayterenzi's rating: 1054 &rarr; <strong>1092</strong><br />(+38 for winning)\n|c|☆mayterenzi|Gg\n|l|☆lorenzzo14\n|player|p1|\n","uploadtime":1788388856,"views":"4","formatid":"gen9championsvgc2026regmb","rating":1089,"private":0,"password":null}