{"id":"gen9championsvgc2026regmb-2673896005","format":"[Gen 9 Champions] VGC 2026 Reg M-B","players":["notbloodmask","whizero"],"log":"|j|☆notbloodmask\n|j|☆whizero\n|t:|1788274295\n|gametype|doubles\n|player|p1|notbloodmask|unknown|1135\n|player|p2|whizero|266|1148\n|gen|9\n|tier|[Gen 9 Champions] VGC 2026 Reg M-B\n|rated|\n|rule|Species Clause: Limit one of each Pokémon\n|rule|Item Clause: Limit 1 of each item\n|clearpoke\n|poke|p1|Absol, L50, M|\n|poke|p1|Rotom-Wash, L50|\n|poke|p1|Garchomp, L50, M|\n|poke|p1|Incineroar, L50, F|\n|poke|p1|Sinistcha, L50|\n|poke|p1|Venusaur, L50, M|\n|poke|p2|Pelipper, L50, M|\n|poke|p2|Blastoise, L50, M, shiny|\n|poke|p2|Swampert, L50, M|\n|poke|p2|Milotic, L50, M, shiny|\n|poke|p2|Basculegion, L50, M|\n|poke|p2|Toxapex, L50, F, shiny|\n|teampreview|4\n|inactive|Battle timer is ON: inactive players will automatically lose when time's up. (requested by whizero)\n|\n|t:|1788274319\n|teamsize|p1|4\n|teamsize|p2|4\n|start\n|switch|p1a: Rotom|Rotom-Wash, L50|100/100\n|switch|p1b: Garchomp|Garchomp, L50, M|100/100\n|switch|p2a: Pelipper|Pelipper, L50, M|100/100\n|switch|p2b: Blastoise|Blastoise, L50, M, shiny|100/100\n|-weather|RainDance|[from] ability: Drizzle|[of] p2a: Pelipper\n|turn|1\n|inactive|notbloodmask has 30 seconds left.\n|\n|t:|1788274350\n|switch|p2a: Swampert|Swampert, L50, M|100/100\n|move|p1b: Garchomp|Earthquake|p2a: Swampert|[spread] p2a,p2b\n|-immune|p1a: Rotom|[from] ability: Levitate\n|-damage|p2a: Swampert|56/100\n|-damage|p2b: Blastoise|51/100\n|-damage|p1b: Garchomp|90/100|[from] item: Life Orb\n|move|p1a: Rotom|Thunderbolt|p2a: Swampert\n|-immune|p2a: Swampert\n|move|p2b: Blastoise|Yawn|p1b: Garchomp\n|-start|p1b: Garchomp|move: Yawn|[of] p2b: Blastoise\n|\n|-weather|RainDance|[upkeep]\n|-heal|p2b: Blastoise|56/100|[from] ability: Rain Dish\n|-heal|p2b: Blastoise|62/100|[from] item: Leftovers\n|upkeep\n|turn|2\n|\n|t:|1788274371\n|switch|p1b: Venusaur|Venusaur, L50, M|100/100\n|detailschange|p2a: Swampert|Swampert-Mega, L50, M\n|-mega|p2a: Swampert|Swampert|Swampertite\n|move|p2a: Swampert|Protect|p2a: Swampert\n|-singleturn|p2a: Swampert|Protect\n|move|p2b: Blastoise|Protect|p2b: Blastoise\n|-singleturn|p2b: Blastoise|Protect\n|move|p1a: Rotom|Will-O-Wisp|p2a: Swampert\n|-activate|p2a: Swampert|move: Protect\n|\n|-weather|RainDance|[upkeep]\n|-heal|p2b: Blastoise|68/100|[from] ability: Rain Dish\n|-heal|p2b: Blastoise|74/100|[from] item: Leftovers\n|upkeep\n|turn|3\n|inactive|notbloodmask has 30 seconds left.\n|inactive|whizero has 30 seconds left.\n|\n|t:|1788274403\n|switch|p2a: Pelipper|Pelipper, L50, M|100/100\n|detailschange|p1b: Venusaur|Venusaur-Mega, L50, M\n|-mega|p1b: Venusaur|Venusaur|Venusaurite\n|move|p1b: Venusaur|Sleep Powder|p2a: Pelipper\n|-status|p2a: Pelipper|slp|[from] move: Sleep Powder\n|move|p1a: Rotom|Thunderbolt|p2b: Blastoise\n|-supereffective|p2b: Blastoise|1\n|-damage|p2b: Blastoise|19/100\n|move|p2b: Blastoise|Yawn|p1b: Venusaur\n|-start|p1b: Venusaur|move: Yawn|[of] p2b: Blastoise\n|\n|-weather|RainDance|[upkeep]\n|-heal|p2b: Blastoise|25/100|[from] ability: Rain Dish\n|-heal|p2b: Blastoise|31/100|[from] item: Leftovers\n|upkeep\n|turn|4\n|\n|t:|1788274427\n|switch|p1b: Garchomp|Garchomp, L50, M|90/100\n|move|p1a: Rotom|Will-O-Wisp|p2b: Blastoise|[miss]\n|-miss|p1a: Rotom|p2b: Blastoise\n|move|p2b: Blastoise|Life Dew||[still]|[spread] p2a,p2b\n|-fail|p2a: Pelipper|heal\n|-heal|p2b: Blastoise|56/100\n|cant|p2a: Pelipper|slp\n|\n|-weather|RainDance|[upkeep]\n|-heal|p2b: Blastoise|62/100|[from] ability: Rain Dish\n|-heal|p2b: Blastoise|68/100|[from] item: Leftovers\n|upkeep\n|turn|5\n|inactive|whizero has 30 seconds left.\n|\n|t:|1788274452\n|switch|p2a: Swampert|Swampert-Mega, L50, M|56/100\n|move|p1b: Garchomp|Earthquake|p2a: Swampert|[spread] p2a,p2b\n|-immune|p1a: Rotom|[from] ability: Levitate\n|-damage|p2a: Swampert|15/100\n|-damage|p2b: Blastoise|20/100y\n|-damage|p1b: Garchomp|80/100|[from] item: Life Orb\n|move|p1a: Rotom|Thunderbolt|p2a: Swampert\n|-immune|p2a: Swampert\n|move|p2b: Blastoise|Water Spout|p1b: Garchomp|[spread] p1a,p1b\n|-resisted|p1a: Rotom|1\n|-damage|p1a: Rotom|93/100\n|-damage|p1b: Garchomp|69/100\n|\n|-weather|none\n|-heal|p2b: Blastoise|26/100|[from] item: Leftovers\n|upkeep\n|turn|6\n|\n|t:|1788274475\n|switch|p2a: Pelipper|Pelipper, L50, M|100/100 slp\n|-weather|RainDance|[from] ability: Drizzle|[of] p2a: Pelipper\n|move|p2b: Blastoise|Protect|p2b: Blastoise\n|-singleturn|p2b: Blastoise|Protect\n|move|p1b: Garchomp|Earthquake|p2a: Pelipper|[spread] \n|-activate|p2b: Blastoise|move: Protect\n|-immune|p1a: Rotom|[from] ability: Levitate\n|-immune|p2a: Pelipper\n|move|p1a: Rotom|Will-O-Wisp||[still]\n|-fail|p1a: Rotom\n|\n|-weather|RainDance|[upkeep]\n|-heal|p2b: Blastoise|32/100|[from] ability: Rain Dish\n|-heal|p2b: Blastoise|38/100|[from] item: Leftovers\n|upkeep\n|turn|7\n|\n|t:|1788274498\n|cant|p2a: Pelipper|slp\n|move|p1b: Garchomp|Rock Slide|p2b: Blastoise|[spread] p2b\n|-miss|p1b: Garchomp|p2a: Pelipper\n|-damage|p2b: Blastoise|14/100\n|-damage|p1b: Garchomp|60/100|[from] item: Life Orb\n|move|p1a: Rotom|Thunderbolt|p2b: Blastoise\n|-supereffective|p2b: Blastoise|1\n|-damage|p2b: Blastoise|0 fnt\n|faint|p2b: Blastoise\n|\n|-weather|RainDance|[upkeep]\n|upkeep\n|\n|t:|1788274512\n|switch|p2b: Toxapex|Toxapex, L50, F, shiny|100/100\n|turn|8\n|\n|t:|1788274526\n|-curestatus|p2a: Pelipper|slp|[msg]\n|move|p2a: Pelipper|Wide Guard|p2a: Pelipper\n|-singleturn|p2a: Pelipper|Wide Guard\n|move|p1b: Garchomp|Earthquake|p2a: Pelipper|[spread] \n|-activate|p2a: Pelipper|move: Wide Guard\n|-activate|p2b: Toxapex|move: Wide Guard\n|-immune|p1a: Rotom|[from] ability: Levitate\n|move|p1a: Rotom|Thunderbolt|p2a: Pelipper\n|-supereffective|p2a: Pelipper|2\n|-enditem|p2a: Pelipper|Focus Sash\n|-damage|p2a: Pelipper|1/100\n|move|p2b: Toxapex|Toxic|p1a: Rotom\n|-status|p1a: Rotom|tox\n|\n|-weather|RainDance|[upkeep]\n|-damage|p1a: Rotom|87/100 tox|[from] psn\n|upkeep\n|turn|9\n|inactive|notbloodmask has 30 seconds left.\n|inactive|whizero has 30 seconds left.\n|inactive|whizero has 20 seconds left.\n|\n|t:|1788274562\n|move|p2b: Toxapex|Baneful Bunker|p2b: Toxapex\n|-singleturn|p2b: Toxapex|move: Protect\n|move|p2a: Pelipper|Wide Guard|p2a: Pelipper\n|-singleturn|p2a: Pelipper|Wide Guard\n|move|p1b: Garchomp|Dragon Claw|p2a: Pelipper\n|-damage|p2a: Pelipper|0 fnt\n|faint|p2a: Pelipper\n|-damage|p1b: Garchomp|50/100g|[from] item: Life Orb\n|move|p1a: Rotom|Will-O-Wisp|p2b: Toxapex\n|-activate|p2b: Toxapex|move: Protect\n|\n|-weather|RainDance|[upkeep]\n|-damage|p1a: Rotom|75/100 tox|[from] psn\n|upkeep\n|-message|whizero forfeited.\n|\n|win|notbloodmask\n|raw|notbloodmask's rating: 1135 &rarr; <strong>1161</strong><br />(+26 for winning)\n|raw|whizero's rating: 1148 &rarr; <strong>1122</strong><br />(-26 for losing)\n|l|☆whizero\n|player|p2|\n","uploadtime":1788274577,"views":"5","formatid":"gen9championsvgc2026regmb","rating":1122,"private":0,"password":null}