{"id":"gen9championsvgc2026regmbbo3-2673658107","format":"[Gen 9 Champions] VGC 2026 Reg M-B (Bo3)","players":["platinumflare","Badboy42069"],"log":"|j|☆platinumflare\n|j|☆Badboy42069\n|html|<table width=\"100%\"><tr><td align=\"left\">platinumflare</td><td align=\"right\">Badboy42069</tr><tr><td align=\"left\"><i class=\"fa fa-circle-o\"></i> <i class=\"fa fa-circle-o\"></i> </td><td align=\"right\"><i class=\"fa fa-circle-o\"></i> <i class=\"fa fa-circle-o\"></i> </tr></table>\n|uhtml|bestof|<h2><strong>Game 1</strong> of <a href=\"/game-bestof3-gen9championsvgc2026regmbbo3-2673658105\">a best-of-3</a></h2>\n|t:|1788228403\n|gametype|doubles\n|player|p1|platinumflare|lance|1314\n|player|p2|Badboy42069|swimmerf|1297\n|gen|9\n|tier|[Gen 9 Champions] VGC 2026 Reg M-B (Bo3)\n|rated|\n|rule|Species Clause: Limit one of each Pokémon\n|rule|Item Clause: Limit 1 of each item\n|clearpoke\n|poke|p1|Blaziken, L50, M|\n|poke|p1|Meowscarada, L50, M|\n|poke|p1|Kingambit, L50, M|\n|poke|p1|Whimsicott, L50, F|\n|poke|p1|Floette-Eternal, L50, F|\n|poke|p1|Farigiraf, L50, M|\n|poke|p2|Staraptor, L50, M|\n|poke|p2|Whimsicott, L50, F|\n|poke|p2|Delphox, L50, M|\n|poke|p2|Kingambit, L50, F|\n|poke|p2|Garchomp, L50, M|\n|poke|p2|Glimmora, L50, F|\n|teampreview|4\n|showteam|p1|Blaziken||Blazikenite|SpeedBoost|FlareBlitz,CloseCombat,RockSlide,Protect|Adamant||M|||50|]Meowscarada||ChoiceScarf|Protean|FlowerTrick,TripleAxel,KnockOff,Uturn|Adamant||M|||50|]Kingambit||LifeOrb|Defiant|KowtowCleave,LowKick,SuckerPunch,Protect|Adamant||M|||50|]Whimsicott||FocusSash|Prankster|Moonblast,Tailwind,Encore,Protect|Modest||F|||50|]Floette-Eternal||Floettite|FlowerVeil|DazzlingGleam,Moonblast,LightofRuin,Protect|Modest||F|||50|]Farigiraf||SitrusBerry|ArmorTail|TrickRoom,Imprison,Psychic,HyperVoice|Modest||M|||50|\n|showteam|p2|Staraptor||Staraptite|Intimidate|CloseCombat,BraveBird,Roost,Protect|Jolly||M|||50|]Whimsicott||OccaBerry|Prankster|Charm,LightScreen,Moonblast,Tailwind|Bold||F|||50|]Delphox||Delphoxite|Blaze|Psychic,HeatWave,Substitute,Protect|Timid||M|||50|]Kingambit||ChopleBerry|Defiant|KowtowCleave,SuckerPunch,IronHead,LowKick|Adamant||F|||50|]Garchomp||LifeOrb|RoughSkin|Earthquake,DragonClaw,RockSlide,Protect|Jolly||M|||50|]Glimmora||FocusSash|ToxicDebris|SludgeBomb,PowerGem,EarthPower,SpikyShield|Modest||F|||50|\n|inactive|Battle timer is ON: inactive players will automatically lose when time's up. (requested by platinumflare)\n|inactive|Badboy42069 has 60 seconds left.\n|\n|t:|1788228466\n|teamsize|p1|4\n|teamsize|p2|4\n|start\n|switch|p1a: Blaziken|Blaziken, L50, M|100/100\n|switch|p1b: Meowscarada|Meowscarada, L50, M|100/100\n|switch|p2a: Whimsicott|Whimsicott, L50, F|100/100\n|switch|p2b: Glimmora|Glimmora, L50, F|100/100\n|turn|1\n|\n|t:|1788228485\n|detailschange|p1a: Blaziken|Blaziken-Mega, L50, M\n|-mega|p1a: Blaziken|Blaziken|Blazikenite\n|move|p2a: Whimsicott|Tailwind|p2a: Whimsicott\n|-sidestart|p2: Badboy42069|move: Tailwind\n|move|p2b: Glimmora|Sludge Bomb|p1b: Meowscarada\n|-supereffective|p1b: Meowscarada|1\n|-damage|p1b: Meowscarada|0 fnt\n|faint|p1b: Meowscarada\n|move|p1a: Blaziken|Rock Slide|p2a: Whimsicott|[spread] p2a,p2b\n|-damage|p2a: Whimsicott|77/100\n|-damage|p2b: Glimmora|70/100\n|-activate|p2b: Glimmora|ability: Toxic Debris\n|-sidestart|p1: platinumflare|move: Toxic Spikes\n|\n|-ability|p1a: Blaziken|Speed Boost|boost\n|-boost|p1a: Blaziken|spe|1\n|upkeep\n|\n|t:|1788228494\n|switch|p1b: Whimsicott|Whimsicott, L50, F|100/100\n|-status|p1b: Whimsicott|psn\n|turn|2\n|\n|t:|1788228505\n|move|p2a: Whimsicott|Charm|p1a: Blaziken\n|-unboost|p1a: Blaziken|atk|2\n|move|p1b: Whimsicott|Tailwind|p1b: Whimsicott\n|-sidestart|p1: platinumflare|move: Tailwind\n|move|p1a: Blaziken|Close Combat|p2b: Glimmora\n|-damage|p2b: Glimmora|22/100\n|-unboost|p1a: Blaziken|def|1\n|-unboost|p1a: Blaziken|spd|1\n|-activate|p2b: Glimmora|ability: Toxic Debris\n|-sidestart|p1: platinumflare|move: Toxic Spikes\n|move|p2b: Glimmora|Sludge Bomb|p1b: Whimsicott\n|-supereffective|p1b: Whimsicott|2\n|-enditem|p1b: Whimsicott|Focus Sash\n|-damage|p1b: Whimsicott|1/100 psn\n|\n|-damage|p1b: Whimsicott|0 fnt|[from] psn\n|faint|p1b: Whimsicott\n|-ability|p1a: Blaziken|Speed Boost|boost\n|-boost|p1a: Blaziken|spe|1\n|upkeep\n|\n|t:|1788228513\n|switch|p1b: Floette|Floette-Eternal, L50, F|100/100\n|-status|p1b: Floette|tox\n|turn|3\n|\n|t:|1788228538\n|move|p2b: Glimmora|Spiky Shield|p2b: Glimmora\n|-singleturn|p2b: Glimmora|move: Protect\n|move|p2a: Whimsicott|Light Screen|p2a: Whimsicott\n|-sidestart|p2: Badboy42069|move: Light Screen\n|move|p1a: Blaziken|Rock Slide|p2b: Glimmora|[spread] p2a\n|-activate|p2b: Glimmora|move: Protect\n|-damage|p2a: Whimsicott|65/100\n|move|p1b: Floette|Dazzling Gleam|p2a: Whimsicott|[spread] p2a\n|-activate|p2b: Glimmora|move: Protect\n|-damage|p2a: Whimsicott|35/100\n|\n|-damage|p1b: Floette|94/100 tox|[from] psn\n|-ability|p1a: Blaziken|Speed Boost|boost\n|-boost|p1a: Blaziken|spe|1\n|upkeep\n|turn|4\n|\n|t:|1788228556\n|move|p2a: Whimsicott|Charm|p1a: Blaziken\n|-unboost|p1a: Blaziken|atk|2\n|move|p1a: Blaziken|Rock Slide|p2b: Glimmora|[spread] p2a,p2b\n|-damage|p2a: Whimsicott|29/100\n|-damage|p2b: Glimmora|11/100\n|move|p1b: Floette|Dazzling Gleam|p2a: Whimsicott|[spread] p2a,p2b\n|-resisted|p2b: Glimmora|1\n|-damage|p2a: Whimsicott|0 fnt\n|-damage|p2b: Glimmora|0 fnt\n|faint|p2a: Whimsicott\n|faint|p2b: Glimmora\n|\n|-damage|p1b: Floette|82/100 tox|[from] psn\n|-sideend|p2: Badboy42069|move: Tailwind\n|-ability|p1a: Blaziken|Speed Boost|boost\n|-boost|p1a: Blaziken|spe|1\n|upkeep\n|\n|t:|1788228566\n|switch|p2a: Delphox|Delphox, L50, M|100/100\n|switch|p2b: Kingambit|Kingambit, L50, F|100/100\n|turn|5\n|\n|t:|1788228582\n|detailschange|p2a: Delphox|Delphox-Mega, L50, M\n|-mega|p2a: Delphox|Delphox|Delphoxite\n|move|p1a: Blaziken|Rock Slide|p2a: Delphox|[spread] p2a,p2b\n|-supereffective|p2a: Delphox|1\n|-resisted|p2b: Kingambit|1\n|-damage|p2a: Delphox|72/100\n|-damage|p2b: Kingambit|96/100\n|move|p1b: Floette|Light of Ruin|p2a: Delphox\n|-resisted|p2a: Delphox|1\n|-damage|p2a: Delphox|47/100\n|-damage|p1b: Floette|69/100 tox|[from] Recoil\n|move|p2a: Delphox|Substitute|p2a: Delphox\n|-start|p2a: Delphox|Substitute\n|-damage|p2a: Delphox|23/100\n|move|p2b: Kingambit|Iron Head|p1b: Floette\n|-supereffective|p1b: Floette|1\n|-damage|p1b: Floette|0 fnt\n|faint|p1b: Floette\n|\n|-sideend|p1: platinumflare|move: Tailwind\n|-ability|p1a: Blaziken|Speed Boost|boost\n|-boost|p1a: Blaziken|spe|1\n|upkeep\n|turn|6\n|-message|platinumflare forfeited.\n|\n|win|Badboy42069\n||platinumflare is ready for game 2.\n||Badboy42069 is ready for game 2.\n|uhtml|next|Next: <a href=\"/battle-gen9championsvgc2026regmbbo3-2673659374\"><strong>Game 2 of 3</strong></a>\n","uploadtime":1788228808,"views":"2","formatid":"gen9championsvgc2026regmbbo3","rating":null,"private":0,"password":null}