{"id":"gen9championsvgc2026regmbbo3-2673825376","format":"[Gen 9 Champions] VGC 2026 Reg M-B (Bo3)","players":["policho98","jirkunow"],"log":"|j|☆policho98\n|j|☆jirkunow\n|html|<table width=\"100%\"><tr><td align=\"left\">policho98</td><td align=\"right\">jirkunow</tr><tr><td align=\"left\"><i class=\"fa fa-circle\"></i> <i class=\"fa fa-circle-o\"></i> </td><td align=\"right\"><i class=\"fa fa-circle-o\"></i> <i class=\"fa fa-circle-o\"></i> </tr></table>\n|uhtml|bestof|<h2><strong>Game 2</strong> of <a href=\"/game-bestof3-gen9championsvgc2026regmbbo3-2673823560\">a best-of-3</a></h2>\n|t:|1788264330\n|gametype|doubles\n|player|p1|policho98|1|1281\n|player|p2|jirkunow|dancer|1210\n|gen|9\n|tier|[Gen 9 Champions] VGC 2026 Reg M-B (Bo3)\n|rated|\n|rule|Species Clause: Limit one of each Pokémon\n|rule|Item Clause: Limit 1 of each item\n|clearpoke\n|poke|p1|Charizard, L50, M|\n|poke|p1|Glimmora, L50, F|\n|poke|p1|Whimsicott, L50, M|\n|poke|p1|Dragonite, L50, M|\n|poke|p1|Mamoswine, L50, F|\n|poke|p1|Annihilape, L50, M|\n|poke|p2|Basculegion, L50, M|\n|poke|p2|Froslass, L50, F|\n|poke|p2|Kingambit, L50, M|\n|poke|p2|Lycanroc-Dusk, L50, F|\n|poke|p2|Scovillain, L50, M|\n|poke|p2|Sneasler, L50, F|\n|teampreview|4\n|showteam|p1|Charizard||CharizarditeY|Blaze|WeatherBall,HeatWave,SolarBeam,Protect|Modest||M|||50|]Glimmora||Glimmoranite|ToxicDebris|SludgeBomb,PowerGem,EarthPower,SpikyShield|Modest||F|||50|]Whimsicott||FocusSash|Prankster|Moonblast,Tailwind,Encore,LightScreen|Timid||M|||50|]Dragonite||DragonFang|InnerFocus|DragonClaw,ExtremeSpeed,LowKick,Protect|Adamant||M|||50|]Mamoswine||LifeOrb|Oblivious|HighHorsepower,IceShard,Earthquake,Protect|Adamant||F|||50|]Annihilape||ChoiceScarf|Defiant|PhantomForce,CloseCombat,RockTomb,Taunt|Jolly||M|||50|\n|showteam|p2|Basculegion||LifeOrb|Adaptability|WaveCrash,AquaJet,LastRespects,Protect|Adamant||M|||50|]Froslass||Froslassite|CursedBody|Protect,Blizzard,ShadowBall,AuroraVeil|Timid||F|||50|]Kingambit||BlackGlasses|Defiant|KowtowCleave,SuckerPunch,Protect,SwordsDance|Adamant||M|||50|]Lycanroc-Dusk||FocusSash|ToughClaws|Protect,RockSlide,Accelerock,CloseCombat|Adamant||F|||50|]Scovillain||Scovillainite|Moody|GigaDrain,RagePowder,Protect,Overheat|Bold||M|||50|]Sneasler||WhiteHerb|Unburden|CloseCombat,FakeOut,Protect,DireClaw|Adamant||F|||50|\n|\n|t:|1788264355\n|teamsize|p1|4\n|teamsize|p2|4\n|start\n|switch|p1a: Whimsicott|Whimsicott, L50, M|100/100\n|switch|p1b: Glimmora|Glimmora, L50, F|100/100\n|switch|p2a: Lycanroc|Lycanroc-Dusk, L50, F|100/100\n|switch|p2b: Scovillain|Scovillain, L50, M|100/100\n|turn|1\n|\n|t:|1788264384\n|detailschange|p2b: Scovillain|Scovillain-Mega, L50, M\n|-mega|p2b: Scovillain|Scovillain|Scovillainite\n|move|p2b: Scovillain|Rage Powder|p2b: Scovillain\n|-singleturn|p2b: Scovillain|move: Rage Powder\n|move|p1a: Whimsicott|Tailwind|p1a: Whimsicott\n|-sidestart|p1: policho98|move: Tailwind\n|move|p1b: Glimmora|Earth Power|p2b: Scovillain\n|-damage|p2b: Scovillain|71/100\n|-status|p1b: Glimmora|brn|[from] ability: Spicy Spray|[of] p2b: Scovillain\n|move|p2a: Lycanroc|Rock Slide|p1a: Whimsicott|[spread] p1a,p1b\n|-damage|p1a: Whimsicott|56/100\n|-damage|p1b: Glimmora|66/100 brn\n|-activate|p1b: Glimmora|ability: Toxic Debris\n|-sidestart|p2: jirkunow|move: Toxic Spikes\n|\n|-damage|p1b: Glimmora|60/100 brn|[from] brn\n|upkeep\n|turn|2\n|\n|t:|1788264408\n|switch|p2b: Kingambit|Kingambit, L50, M|100/100\n|move|p2a: Lycanroc|Accelerock|p1b: Glimmora\n|-damage|p1b: Glimmora|31/100 brn\n|-activate|p1b: Glimmora|ability: Toxic Debris\n|-sidestart|p2: jirkunow|move: Toxic Spikes\n|move|p1a: Whimsicott|Moonblast|p2a: Lycanroc\n|-damage|p2a: Lycanroc|36/100\n|move|p1b: Glimmora|Power Gem|p2b: Kingambit\n|-resisted|p2b: Kingambit|1\n|-damage|p2b: Kingambit|81/100\n|\n|-damage|p1b: Glimmora|25/100 brn|[from] brn\n|upkeep\n|turn|3\n|\n|t:|1788264431\n|move|p2a: Lycanroc|Accelerock|p1a: Whimsicott\n|-damage|p1a: Whimsicott|16/100\n|move|p1a: Whimsicott|Moonblast|p2a: Lycanroc\n|-damage|p2a: Lycanroc|0 fnt\n|faint|p2a: Lycanroc\n|move|p1b: Glimmora|Earth Power|p2b: Kingambit\n|-supereffective|p2b: Kingambit|1\n|-damage|p2b: Kingambit|23/100\n|move|p2b: Kingambit|Swords Dance|p2b: Kingambit\n|-boost|p2b: Kingambit|atk|2\n|\n|-damage|p1b: Glimmora|19/100 brn|[from] brn\n|upkeep\n|\n|t:|1788264435\n|switch|p2a: Scovillain|Scovillain-Mega, L50, M|71/100\n|-status|p2a: Scovillain|tox\n|turn|4\n|\n|t:|1788264455\n|move|p2a: Scovillain|Rage Powder|p2a: Scovillain\n|-singleturn|p2a: Scovillain|move: Rage Powder\n|move|p2b: Kingambit|Sucker Punch|p1a: Whimsicott\n|-resisted|p1a: Whimsicott|1\n|-damage|p1a: Whimsicott|0 fnt\n|faint|p1a: Whimsicott\n|move|p1b: Glimmora|Power Gem|p2a: Scovillain\n|-supereffective|p2a: Scovillain|1\n|-damage|p2a: Scovillain|0 fnt\n|faint|p2a: Scovillain\n|\n|-damage|p1b: Glimmora|14/100 brn|[from] brn\n|-sideend|p1: policho98|move: Tailwind\n|upkeep\n|\n|t:|1788264468\n|switch|p1a: Charizard|Charizard, L50, M|100/100\n|switch|p2a: Sneasler|Sneasler, L50, F|100/100\n|-sideend|p2: jirkunow|move: Toxic Spikes|[of] p2a: Sneasler\n|turn|5\n|\n|t:|1788264481\n|detailschange|p1a: Charizard|Charizard-Mega-Y, L50, M\n|-mega|p1a: Charizard|Charizard|Charizardite Y\n|-weather|SunnyDay|[from] ability: Drought|[of] p1a: Charizard\n|move|p2a: Sneasler|Fake Out|p1a: Charizard\n|-damage|p1a: Charizard|85/100\n|move|p2b: Kingambit|Sucker Punch|p1b: Glimmora\n|-damage|p1b: Glimmora|0 fnt\n|-activate|p1b: Glimmora|ability: Toxic Debris\n|-sidestart|p2: jirkunow|move: Toxic Spikes\n|faint|p1b: Glimmora\n|cant|p1a: Charizard|flinch\n|\n|-weather|SunnyDay|[upkeep]\n|upkeep\n|\n|t:|1788264493\n|switch|p1b: Annihilape|Annihilape, L50, M|100/100\n|turn|6\n|\n|t:|1788264512\n|move|p2b: Kingambit|Sucker Punch|p1a: Charizard\n|-damage|p1a: Charizard|10/100\n|move|p1b: Annihilape|Close Combat|p2b: Kingambit\n|-supereffective|p2b: Kingambit|2\n|-damage|p2b: Kingambit|0 fnt\n|-unboost|p1b: Annihilape|def|1\n|-unboost|p1b: Annihilape|spd|1\n|faint|p2b: Kingambit\n|move|p2a: Sneasler|Close Combat|p1a: Charizard\n|-resisted|p1a: Charizard|1\n|-damage|p1a: Charizard|0 fnt\n|-unboost|p2a: Sneasler|def|1\n|-unboost|p2a: Sneasler|spd|1\n|faint|p1a: Charizard\n|-enditem|p2a: Sneasler|White Herb\n|-clearnegativeboost|p2a: Sneasler|[silent]\n|\n|-weather|SunnyDay|[upkeep]\n|upkeep\n|turn|7\n|\n|t:|1788264528\n|move|p2a: Sneasler|Dire Claw|p1b: Annihilape\n|-resisted|p1b: Annihilape|1\n|-damage|p1b: Annihilape|63/100\n|move|p1b: Annihilape|Close Combat|p2a: Sneasler\n|-resisted|p2a: Sneasler|1\n|-damage|p2a: Sneasler|52/100\n|-unboost|p1b: Annihilape|def|1\n|-unboost|p1b: Annihilape|spd|1\n|\n|-weather|SunnyDay|[upkeep]\n|upkeep\n|turn|8\n|\n|t:|1788264538\n|move|p2a: Sneasler|Dire Claw|p1b: Annihilape\n|-resisted|p1b: Annihilape|1\n|-damage|p1b: Annihilape|12/100\n|move|p1b: Annihilape|Close Combat|p2a: Sneasler\n|-resisted|p2a: Sneasler|1\n|-damage|p2a: Sneasler|0 fnt\n|-unboost|p1b: Annihilape|def|1\n|-unboost|p1b: Annihilape|spd|1\n|faint|p2a: Sneasler\n|\n|win|policho98\n|raw|policho98's rating: 1281 &rarr; <strong>1301</strong><br />(+20 for winning)\n|raw|jirkunow's rating: 1210 &rarr; <strong>1190</strong><br />(-20 for losing)\n|l|☆policho98\n|player|p1|\n","uploadtime":1788264634,"views":"5","formatid":"gen9championsvgc2026regmbbo3","rating":1190,"private":0,"password":null}