{"id":"gen9championsvgc2026regmbbo3-2674623789","format":"[Gen 9 Champions] VGC 2026 Reg M-B (Bo3)","players":["juanfran66","blu3falcon"],"log":"|j|☆juanfran66\n|j|☆blu3falcon\n|html|<table width=\"100%\"><tr><td align=\"left\">juanfran66</td><td align=\"right\">blu3falcon</tr><tr><td align=\"left\"><i class=\"fa fa-circle-o\"></i> <i class=\"fa fa-circle-o\"></i> </td><td align=\"right\"><i class=\"fa fa-circle-o\"></i> <i class=\"fa fa-circle\"></i> </tr></table>\n|uhtml|bestof|<h2><strong>Game 2</strong> of <a href=\"/game-bestof3-gen9championsvgc2026regmbbo3-2674620410\">a best-of-3</a></h2>\n|t:|1788381635\n|gametype|doubles\n|player|p1|juanfran66|1|\n|player|p2|blu3falcon|169|\n|gen|9\n|tier|[Gen 9 Champions] VGC 2026 Reg M-B (Bo3)\n|rule|Species Clause: Limit one of each Pokémon\n|rule|Item Clause: Limit 1 of each item\n|clearpoke\n|poke|p1|Sinistcha, L50|\n|poke|p1|Maushold, L50|\n|poke|p1|Delphox, L50, F|\n|poke|p1|Floette-Eternal, L50, F|\n|poke|p1|Incineroar, L50, M|\n|poke|p1|Grimmsnarl, L50, M|\n|poke|p2|Staraptor, L50, F|\n|poke|p2|Grimmsnarl, L50, M, shiny|\n|poke|p2|Basculegion, L50, M|\n|poke|p2|Kingambit, L50, F|\n|poke|p2|Floette-Eternal, L50, F|\n|poke|p2|Incineroar, L50, F|\n|teampreview|4\n|showteam|p1|Sinistcha||KasibBerry|Hospitality|MatchaGotcha,RagePowder,LifeDew,Protect|Bold|||||50|]Maushold||ChopleBerry|FriendGuard|FollowMe,SuperFang,Feint,Protect|Impish|||||50|]Delphox||Delphoxite|Blaze|HeatWave,Psychic,NastyPlot,Protect|Modest||F|||50|]Floette-Eternal||Floettite|FlowerVeil|Moonblast,DrainingKiss,CalmMind,Protect|Modest||F|||50|]Incineroar||PasshoBerry|Intimidate|PartingShot,FakeOut,ThroatChop,FlareBlitz|Careful||M|||50|]Grimmsnarl||LightClay|Prankster|FakeOut,Reflect,LightScreen,PartingShot|Careful||M|||50|\n|showteam|p2|Staraptor||Staraptite|Intimidate|CloseCombat,Tailwind,BraveBird,Protect|Jolly||F|||50|]Grimmsnarl||LightClay|Prankster|Reflect,LightScreen,PartingShot,SpiritBreak|Careful||M|||50|]Basculegion||ChoiceScarf|Adaptability|WaveCrash,FlipTurn,LastRespects,AquaJet|Jolly||M|||50|]Kingambit||ChopleBerry|Defiant|KowtowCleave,SuckerPunch,IronHead,LowKick|Adamant||F|||50|]Floette-Eternal||Floettite|FlowerVeil|Moonblast,LightofRuin,DazzlingGleam,Protect|Timid||F|||50|]Incineroar||SitrusBerry|Intimidate|FakeOut,PartingShot,ThroatChop,FlareBlitz|Impish||F|||50|\n|inactive|Battle timer is ON: inactive players will automatically lose when time's up. (requested by blu3falcon)\n|\n|t:|1788381656\n|teamsize|p1|4\n|teamsize|p2|4\n|start\n|switch|p1a: Sakura|Floette-Eternal, L50, F|100/100\n|switch|p1b: Pogui|Grimmsnarl, L50, M|100/100\n|switch|p2a: Kingambit|Kingambit, L50, F|100/100\n|switch|p2b: Grimmsnarl|Grimmsnarl, L50, M, shiny|100/100\n|turn|1\n|\n|t:|1788381672\n|detailschange|p1a: Sakura|Floette-Mega, L50, F\n|-mega|p1a: Sakura|Floette|Floettite\n|-ability|p1a: Sakura|Fairy Aura\n|move|p1b: Pogui|Fake Out|p2a: Kingambit\n|-resisted|p2a: Kingambit|1\n|-damage|p2a: Kingambit|95/100\n|move|p1a: Sakura|Moonblast|p2a: Kingambit\n|-damage|p2a: Kingambit|30/100\n|move|p2b: Grimmsnarl|Spirit Break|p1a: Sakura\n|-damage|p1a: Sakura|54/100\n|-unboost|p1a: Sakura|spa|1\n|cant|p2a: Kingambit|flinch\n|\n|upkeep\n|turn|2\n|\n|t:|1788381696\n|switch|p2a: Basculegion|Basculegion, L50, M|100/100\n|move|p2b: Grimmsnarl|Light Screen|p2b: Grimmsnarl\n|-sidestart|p2: blu3falcon|move: Light Screen\n|move|p1b: Pogui|Reflect|p1b: Pogui\n|-sidestart|p1: juanfran66|Reflect\n|move|p1a: Sakura|Moonblast|p2a: Basculegion\n|-damage|p2a: Basculegion|62/100\n|\n|upkeep\n|turn|3\n|\n|t:|1788381720\n|switch|p1a: Familia Pogui|Maushold, L50|100/100\n|move|p1b: Pogui|Parting Shot|p2a: Basculegion\n|-unboost|p2a: Basculegion|atk|1\n|-unboost|p2a: Basculegion|spa|1\n|\n|t:|1788381726\n|switch|p1b: Sakura|Floette-Mega, L50, F|54/100|[from] Parting Shot\n|-ability|p1b: Sakura|Fairy Aura\n|move|p2a: Basculegion|Flip Turn|p1a: Familia Pogui\n|-damage|p1a: Familia Pogui|84/100\n|\n|t:|1788381734\n|switch|p2a: Floette|Floette-Eternal, L50, F|100/100|[from] Flip Turn\n|move|p2b: Grimmsnarl|Spirit Break|p1b: Sakura\n|-damage|p1b: Sakura|33/100\n|-unboost|p1b: Sakura|spa|1\n|\n|upkeep\n|turn|4\n|\n|t:|1788381749\n|switch|p1b: Pogui|Grimmsnarl, L50, M|100/100\n|detailschange|p2a: Floette|Floette-Mega, L50, F\n|-mega|p2a: Floette|Floette|Floettite\n|-ability|p2a: Floette|Fairy Aura\n|move|p2a: Floette|Dazzling Gleam|p1a: Familia Pogui|[spread] p1a,p1b\n|-supereffective|p1b: Pogui|1\n|-damage|p1a: Familia Pogui|29/100\n|-damage|p1b: Pogui|34/100\n|move|p1a: Familia Pogui|Super Fang|p2a: Floette\n|-damage|p2a: Floette|50/100g\n|move|p2b: Grimmsnarl|Spirit Break|p1a: Familia Pogui\n|-damage|p1a: Familia Pogui|4/100\n|-unboost|p1a: Familia Pogui|spa|1\n|\n|upkeep\n|turn|5\n|\n|t:|1788381769\n|move|p1b: Pogui|Parting Shot|p2a: Floette\n|-unboost|p2a: Floette|atk|1\n|-unboost|p2a: Floette|spa|1\n|\n|t:|1788381777\n|switch|p1b: Tesito|Sinistcha, L50|100/100|[from] Parting Shot\n|-heal|p1a: Familia Pogui|29/100|[from] ability: Hospitality|[of] p1b: Tesito\n|move|p2a: Floette|Dazzling Gleam|p1b: Tesito|[spread] p1a,p1b\n|-damage|p1a: Familia Pogui|0 fnt\n|-damage|p1b: Tesito|73/100\n|faint|p1a: Familia Pogui\n|move|p2b: Grimmsnarl|Spirit Break|p1b: Tesito\n|-damage|p1b: Tesito|53/100\n|-unboost|p1b: Tesito|spa|1\n|\n|upkeep\n|\n|t:|1788381788\n|switch|p1a: Sakura|Floette-Mega, L50, F|33/100\n|-ability|p1a: Sakura|Fairy Aura\n|turn|6\n|\n|t:|1788381804\n|move|p1b: Tesito|Rage Powder|p1b: Tesito\n|-singleturn|p1b: Tesito|move: Rage Powder\n|move|p2b: Grimmsnarl|Parting Shot|p1b: Tesito\n|-unboost|p1b: Tesito|atk|1\n|-unboost|p1b: Tesito|spa|1\n|\n|t:|1788381813\n|switch|p2b: Basculegion|Basculegion, L50, M|62/100|[from] Parting Shot\n|move|p2a: Floette|Dazzling Gleam|p1b: Tesito|[spread] p1a,p1b\n|-damage|p1a: Sakura|6/100\n|-damage|p1b: Tesito|20/100y\n|move|p1a: Sakura|Draining Kiss|p2b: Basculegion\n|-damage|p2b: Basculegion|34/100\n|-heal|p1a: Sakura|33/100|[from] drain|[of] p2b: Basculegion\n|\n|upkeep\n|turn|7\n|inactive|juanfran66 has 30 seconds left.\n|\n|t:|1788381847\n|move|p1b: Tesito|Rage Powder|p1b: Tesito\n|-singleturn|p1b: Tesito|move: Rage Powder\n|move|p2b: Basculegion|Last Respects|p1b: Tesito\n|-supereffective|p1b: Tesito|1\n|-enditem|p1b: Tesito|Kasib Berry|[eat]\n|-enditem|p1b: Tesito|Kasib Berry|[weaken]\n|-damage|p1b: Tesito|3/100\n|move|p2a: Floette|Dazzling Gleam|p1a: Sakura|[spread] p1a,p1b\n|-damage|p1a: Sakura|5/100\n|-damage|p1b: Tesito|0 fnt\n|faint|p1b: Tesito\n|move|p1a: Sakura|Moonblast|p2a: Floette\n|-damage|p2a: Floette|5/100\n|\n|upkeep\n|\n|t:|1788381859\n|switch|p1b: Pogui|Grimmsnarl, L50, M|34/100\n|turn|8\n|-message|juanfran66 forfeited.\n|\n|win|blu3falcon\n","uploadtime":1788381864,"views":"3","formatid":"gen9championsvgc2026regmbbo3","rating":null,"private":0,"password":null}