{"id":"gen9championsvgc2026regmb-2674061784","format":"[Gen 9 Champions] VGC 2026 Reg M-B","players":["Psych801","ethalem77"],"log":"|j|☆Psych801\n|j|☆ethalem77\n|t:|1788294033\n|gametype|doubles\n|player|p1|Psych801|2|1486\n|player|p2|ethalem77|acetrainer-gen4dp|1527\n|gen|9\n|tier|[Gen 9 Champions] VGC 2026 Reg M-B\n|rated|\n|rule|Species Clause: Limit one of each Pokémon\n|rule|Item Clause: Limit 1 of each item\n|clearpoke\n|poke|p1|Steelix, L50, M|\n|poke|p1|Talonflame, L50, M|\n|poke|p1|Tyranitar, L50, F|\n|poke|p1|Rotom-Wash, L50|\n|poke|p1|Sinistcha-Masterpiece, L50|\n|poke|p1|Sneasler, L50, M|\n|poke|p2|Dragonite, L50, M|\n|poke|p2|Sneasler, L50, F|\n|poke|p2|Basculegion, L50, M|\n|poke|p2|Kingambit, L50, F|\n|poke|p2|Garchomp, L50, M|\n|poke|p2|Floette-Eternal, L50, F|\n|teampreview|4\n|inactive|Battle timer is ON: inactive players will automatically lose when time's up. (requested by ethalem77)\n|inactive|Psych801 has 60 seconds left.\n|inactive|Psych801 has 30 seconds left.\n|\n|t:|1788294100\n|teamsize|p1|4\n|teamsize|p2|4\n|start\n|switch|p1a: Rotom|Rotom-Wash, L50|100/100\n|switch|p1b: Tyranitar|Tyranitar, L50, F|100/100\n|switch|p2a: Garchomp|Garchomp, L50, M|100/100\n|switch|p2b: Basculegion|Basculegion, L50, M|100/100\n|-weather|Sandstorm|[from] ability: Sand Stream|[of] p1b: Tyranitar\n|turn|1\n|\n|t:|1788294122\n|switch|p2b: Kingambit|Kingambit, L50, F|100/100\n|move|p1b: Tyranitar|Protect|p1b: Tyranitar\n|-singleturn|p1b: Tyranitar|Protect\n|move|p2a: Garchomp|Stomping Tantrum|p1b: Tyranitar\n|-activate|p1b: Tyranitar|move: Protect\n|move|p1a: Rotom|Will-O-Wisp|p2b: Kingambit\n|-status|p2b: Kingambit|brn\n|\n|-weather|Sandstorm|[upkeep]\n|-damage|p1a: Rotom|94/100|[from] Sandstorm\n|-damage|p2b: Kingambit|94/100 brn|[from] brn\n|upkeep\n|turn|2\n|\n|t:|1788294140\n|move|p2a: Garchomp|Stomping Tantrum|p1b: Tyranitar\n|-supereffective|p1b: Tyranitar|1\n|-damage|p1b: Tyranitar|28/100\n|move|p1b: Tyranitar|Dragon Dance|p1b: Tyranitar\n|-boost|p1b: Tyranitar|atk|1\n|-boost|p1b: Tyranitar|spe|1\n|move|p1a: Rotom|Will-O-Wisp|p2a: Garchomp\n|-status|p2a: Garchomp|brn\n|move|p2b: Kingambit|Low Kick|p1b: Tyranitar\n|-supereffective|p1b: Tyranitar|2\n|-damage|p1b: Tyranitar|0 fnt\n|faint|p1b: Tyranitar\n|\n|-weather|Sandstorm|[upkeep]\n|-damage|p1a: Rotom|88/100|[from] Sandstorm\n|-damage|p2a: Garchomp|93/100 brn|[from] brn\n|-damage|p2b: Kingambit|88/100 brn|[from] brn\n|upkeep\n|\n|t:|1788294150\n|switch|p1b: Steelix|Steelix, L50, M|100/100\n|turn|3\n|\n|t:|1788294172\n|detailschange|p1b: Steelix|Steelix-Mega, L50, M\n|-mega|p1b: Steelix|Steelix|Steelixite\n|move|p2a: Garchomp|Stomping Tantrum|p1b: Steelix\n|-supereffective|p1b: Steelix|1\n|-damage|p1b: Steelix|81/100\n|move|p1a: Rotom|Thunderbolt|p2b: Kingambit\n|-damage|p2b: Kingambit|60/100 brn\n|move|p2b: Kingambit|Kowtow Cleave|p1a: Rotom\n|-damage|p1a: Rotom|68/100\n|move|p1b: Steelix|High Horsepower|p2a: Garchomp\n|-damage|p2a: Garchomp|31/100 brn\n|-damage|p1b: Steelix|69/100|[from] ability: Rough Skin|[of] p2a: Garchomp\n|\n|-weather|Sandstorm|[upkeep]\n|-damage|p1a: Rotom|62/100|[from] Sandstorm\n|-damage|p2a: Garchomp|25/100 brn|[from] brn\n|-damage|p2b: Kingambit|54/100 brn|[from] brn\n|upkeep\n|turn|4\n|\n|t:|1788294191\n|move|p2a: Garchomp|Stomping Tantrum|p1b: Steelix\n|-supereffective|p1b: Steelix|1\n|-damage|p1b: Steelix|51/100\n|move|p1a: Rotom|Light Screen|p1a: Rotom\n|-sidestart|p1: Psych801|move: Light Screen\n|move|p2b: Kingambit|Kowtow Cleave|p1a: Rotom\n|-damage|p1a: Rotom|41/100\n|-enditem|p1a: Rotom|Sitrus Berry|[eat]\n|-heal|p1a: Rotom|66/100|[from] item: Sitrus Berry\n|move|p1b: Steelix|High Horsepower|p2b: Kingambit\n|-supereffective|p2b: Kingambit|1\n|-damage|p2b: Kingambit|0 fnt\n|faint|p2b: Kingambit\n|\n|-weather|Sandstorm|[upkeep]\n|-damage|p1a: Rotom|60/100|[from] Sandstorm\n|-damage|p2a: Garchomp|19/100 brn|[from] brn\n|upkeep\n|\n|t:|1788294205\n|switch|p2b: Sneasler|Sneasler, L50, F|100/100\n|turn|5\n|\n|t:|1788294220\n|move|p2b: Sneasler|Fake Out|p1a: Rotom\n|-damage|p1a: Rotom|46/100\n|move|p2a: Garchomp|Stomping Tantrum|p1b: Steelix\n|-supereffective|p1b: Steelix|1\n|-damage|p1b: Steelix|31/100\n|cant|p1a: Rotom|flinch\n|move|p1b: Steelix|High Horsepower|p2b: Sneasler\n|-supereffective|p2b: Sneasler|1\n|-enditem|p2b: Sneasler|Focus Sash\n|-damage|p2b: Sneasler|1/100\n|\n|-weather|none\n|-damage|p2a: Garchomp|12/100 brn|[from] brn\n|upkeep\n|turn|6\n|\n|t:|1788294239\n|move|p1b: Steelix|Protect|p1b: Steelix\n|-singleturn|p1b: Steelix|Protect\n|move|p2a: Garchomp|Stomping Tantrum|p1b: Steelix\n|-activate|p1b: Steelix|move: Protect\n|move|p2b: Sneasler|Close Combat|p1a: Rotom\n|-damage|p1a: Rotom|0 fnt\n|-unboost|p2b: Sneasler|def|1\n|-unboost|p2b: Sneasler|spd|1\n|faint|p1a: Rotom\n|\n|-damage|p2a: Garchomp|6/100 brn|[from] brn\n|upkeep\n|\n|t:|1788294246\n|switch|p1a: Sneasler|Sneasler, L50, M|100/100\n|turn|7\n|\n|t:|1788294260\n|move|p1a: Sneasler|Fake Out|p2b: Sneasler\n|-damage|p2b: Sneasler|0 fnt\n|faint|p2b: Sneasler\n|move|p1b: Steelix|Wide Guard|p1b: Steelix\n|-singleturn|p1b: Steelix|Wide Guard\n|move|p2a: Garchomp|Stomping Tantrum|p1a: Sneasler\n|-supereffective|p1a: Sneasler|1\n|-damage|p1a: Sneasler|52/100\n|\n|-damage|p2a: Garchomp|1/100 brn|[from] brn\n|upkeep\n|\n|t:|1788294263\n|switch|p2b: Basculegion|Basculegion, L50, M|100/100\n|turn|8\n|\n|t:|1788294279\n|move|p1a: Sneasler|Protect|p1a: Sneasler\n|-singleturn|p1a: Sneasler|Protect\n|move|p2b: Basculegion|Protect|p2b: Basculegion\n|-singleturn|p2b: Basculegion|Protect\n|move|p2a: Garchomp|Stomping Tantrum|p1b: Steelix\n|-supereffective|p1b: Steelix|1\n|-damage|p1b: Steelix|11/100\n|move|p1b: Steelix|High Horsepower|p2b: Basculegion\n|-activate|p2b: Basculegion|move: Protect\n|\n|-damage|p2a: Garchomp|0 fnt|[from] brn\n|faint|p2a: Garchomp\n|-sideend|p1: Psych801|move: Light Screen\n|upkeep\n|turn|9\n|\n|t:|1788294297\n|move|p2b: Basculegion|Aqua Jet|p1b: Steelix\n|-supereffective|p1b: Steelix|1\n|-damage|p1b: Steelix|0 fnt\n|faint|p1b: Steelix\n|-damage|p2b: Basculegion|90/100|[from] item: Life Orb\n|move|p1a: Sneasler|Dire Claw|p2b: Basculegion\n|-resisted|p2b: Basculegion|1\n|-damage|p2b: Basculegion|70/100\n|\n|upkeep\n|turn|10\n|\n|t:|1788294304\n|move|p1a: Sneasler|Dire Claw|p2b: Basculegion\n|-resisted|p2b: Basculegion|1\n|-damage|p2b: Basculegion|48/100\n|-status|p2b: Basculegion|psn\n|move|p2b: Basculegion|Last Respects|p1a: Sneasler\n|-damage|p1a: Sneasler|0 fnt\n|faint|p1a: Sneasler\n|-damage|p2b: Basculegion|38/100 psn|[from] item: Life Orb\n|\n|win|ethalem77\n|raw|Psych801's rating: 1486 &rarr; <strong>1468</strong><br />(-18 for losing)\n|raw|ethalem77's rating: 1527 &rarr; <strong>1545</strong><br />(+18 for winning)\n","uploadtime":1788294306,"views":"11","formatid":"gen9championsvgc2026regmb","rating":1468,"private":0,"password":null}