{"id":"gen9championsvgc2026regmb-2674546315","format":"[Gen 9 Champions] VGC 2026 Reg M-B","players":["mattcrystal","Llama_Bill"],"log":"|j|☆mattcrystal\n|j|☆Llama_Bill\n|html|<table width=\"100%\"><tr><td align=\"left\">mattcrystal</td><td align=\"right\">Llama_Bill</tr><tr><td align=\"left\"><i class=\"fa fa-circle\"></i> <i class=\"fa fa-circle-o\"></i> </td><td align=\"right\"><i class=\"fa fa-circle-o\"></i> <i class=\"fa fa-circle-o\"></i> </tr></table>\n|uhtml|bestof|<h2><strong>Game 2</strong> of <a href=\"/game-bestof3-gen9championsvgc2026regmb-2674544419\">a best-of-3</a></h2>\n|t:|1788372424\n|gametype|doubles\n|player|p1|mattcrystal|pokemonrangerf-gen4|\n|player|p2|Llama_Bill|ingo|\n|gen|9\n|tier|[Gen 9 Champions] VGC 2026 Reg M-B\n|rule|Species Clause: Limit one of each Pokémon\n|rule|Item Clause: Limit 1 of each item\n|raw|<div class=\"infobox\"><details class=\"readmore\" open><summary><strong>2 custom rules:</strong></summary> !open team sheets, best of=3</details></div>\n|clearpoke\n|poke|p1|Farigiraf, L50, F|\n|poke|p1|Sinistcha-Masterpiece, L50|\n|poke|p1|Morpeko, L50, M|\n|poke|p1|Mawile, L50, F, shiny|\n|poke|p1|Aurorus, L50, F, shiny|\n|poke|p1|Camerupt, L50, M, shiny|\n|poke|p2|Charizard, L50, F, shiny|\n|poke|p2|Aerodactyl, L50, F|\n|poke|p2|Venusaur, L50, M|\n|poke|p2|Basculegion, L50, M, shiny|\n|poke|p2|Manectric, L50, F, shiny|\n|poke|p2|Mawile, L50, M|\n|teampreview|4\n|inactive|Battle timer is ON: inactive players will automatically lose when time's up. (requested by Llama_Bill)\n|\n|t:|1788372439\n|teamsize|p1|4\n|teamsize|p2|4\n|start\n|switch|p1a: Casnewydd|Farigiraf, L50, F|100/100\n|switch|p1b: Abertawe|Morpeko, L50, M|100/100\n|switch|p2a: Charizard|Charizard, L50, F, shiny|100/100\n|switch|p2b: Venusaur|Venusaur, L50, M|100/100\n|turn|1\n|\n|t:|1788372459\n|detailschange|p2a: Charizard|Charizard-Mega-Y, L50, F, shiny\n|-mega|p2a: Charizard|Charizard|Charizardite Y\n|-weather|SunnyDay|[from] ability: Drought|[of] p2a: Charizard\n|move|p2b: Venusaur|Protect|p2b: Venusaur\n|-singleturn|p2b: Venusaur|Protect\n|move|p2a: Charizard|Protect|p2a: Charizard\n|-singleturn|p2a: Charizard|Protect\n|move|p1b: Abertawe|Fake Out|p2a: Charizard\n|-activate|p2a: Charizard|move: Protect\n|move|p1a: Casnewydd|Trick Room|p1a: Casnewydd\n|-fieldstart|move: Trick Room|[of] p1a: Casnewydd\n|\n|-weather|SunnyDay|[upkeep]\n|-formechange|p1b: Abertawe|Morpeko-Hangry|\n|upkeep\n|turn|2\n|\n|t:|1788372481\n|switch|p2a: Manectric|Manectric, L50, F, shiny|100/100\n|move|p1a: Casnewydd|Thunderbolt|p2a: Manectric\n|-ability|p2a: Manectric|Lightning Rod|boost\n|-boost|p2a: Manectric|spa|1\n|move|p1b: Abertawe|Aura Wheel|p2a: Manectric\n|-damage|p2a: Manectric|13/100\n|-boost|p1b: Abertawe|spe|1\n|move|p2b: Venusaur|Earth Power|p1b: Abertawe\n|-supereffective|p1b: Abertawe|1\n|-enditem|p1b: Abertawe|Focus Sash\n|-damage|p1b: Abertawe|1/100\n|-damage|p2b: Venusaur|90/100|[from] item: Life Orb\n|\n|-weather|SunnyDay|[upkeep]\n|-formechange|p1b: Abertawe|Morpeko|\n|upkeep\n|turn|3\n|inactive|Llama_Bill has 30 seconds left.\n|\n|t:|1788372512\n|move|p2a: Manectric|Protect|p2a: Manectric\n|-singleturn|p2a: Manectric|Protect\n|move|p1a: Casnewydd|Psychic|p2a: Manectric\n|-activate|p2a: Manectric|move: Protect\n|move|p1b: Abertawe|Parting Shot|p2b: Venusaur\n|-unboost|p2b: Venusaur|atk|1\n|-unboost|p2b: Venusaur|spa|1\n|\n|t:|1788372527\n|switch|p1b: Aberdyfi|Aurorus, L50, F, shiny|100/100|[from] Parting Shot\n|-weather|Snowscape|[from] ability: Snow Warning|[of] p1b: Aberdyfi\n|move|p2b: Venusaur|Earth Power|p1b: Aberdyfi\n|-supereffective|p1b: Aberdyfi|1\n|-damage|p1b: Aberdyfi|54/100\n|-damage|p2b: Venusaur|80/100|[from] item: Life Orb\n|\n|-weather|Snowscape|[upkeep]\n|upkeep\n|turn|4\n|inactive|Llama_Bill has 30 seconds left.\n|\n|t:|1788372554\n|move|p1b: Aberdyfi|Ancient Power|p2a: Manectric\n|-damage|p2a: Manectric|0 fnt\n|faint|p2a: Manectric\n|-damage|p1b: Aberdyfi|44/100|[from] item: Life Orb\n|move|p1a: Casnewydd|Psychic|p2b: Venusaur\n|-supereffective|p2b: Venusaur|1\n|-damage|p2b: Venusaur|3/100\n|move|p2b: Venusaur|Energy Ball|p1b: Aberdyfi\n|-supereffective|p1b: Aberdyfi|1\n|-damage|p1b: Aberdyfi|0 fnt\n|faint|p1b: Aberdyfi\n|-damage|p2b: Venusaur|0 fnt|[from] item: Life Orb\n|faint|p2b: Venusaur\n|\n|-weather|Snowscape|[upkeep]\n|upkeep\n|\n|t:|1788372573\n|switch|p1b: Cwmbran|Camerupt, L50, M, shiny|100/100\n|switch|p2b: Charizard|Charizard-Mega-Y, L50, F, shiny|100/100\n|switch|p2a: Basculegion|Basculegion, L50, M, shiny|100/100\n|-weather|SunnyDay|[from] ability: Drought|[of] p2b: Charizard\n|turn|5\n|\n|t:|1788372591\n|detailschange|p1b: Cwmbran|Camerupt-Mega, L50, M, shiny\n|-mega|p1b: Cwmbran|Camerupt|Cameruptite\n|move|p2a: Basculegion|Aqua Jet||[still]\n|cant|p1a: Casnewydd|ability: Armor Tail|Aqua Jet|[of] p2a: Basculegion\n|move|p1b: Cwmbran|Solar Beam||[still]\n|-prepare|p1b: Cwmbran|Solar Beam\n|-anim|p1b: Cwmbran|Solar Beam|p2a: Basculegion\n|-supereffective|p2a: Basculegion|1\n|-damage|p2a: Basculegion|0 fnt\n|faint|p2a: Basculegion\n|move|p1a: Casnewydd|Thunderbolt|p2b: Charizard\n|-supereffective|p2b: Charizard|1\n|-damage|p2b: Charizard|54/100\n|move|p2b: Charizard|Heat Wave|p1a: Casnewydd|[spread] p1a,p1b\n|-resisted|p1b: Cwmbran|1\n|-damage|p1a: Casnewydd|53/100\n|-damage|p1b: Cwmbran|67/100\n|\n|-weather|SunnyDay|[upkeep]\n|-fieldend|move: Trick Room\n|upkeep\n|turn|6\n|\n|t:|1788372608\n|move|p1b: Cwmbran|Protect|p1b: Cwmbran\n|-singleturn|p1b: Cwmbran|Protect\n|move|p2b: Charizard|Solar Beam||[still]\n|-prepare|p2b: Charizard|Solar Beam\n|-anim|p2b: Charizard|Solar Beam|p1b: Cwmbran\n|-activate|p1b: Cwmbran|move: Protect\n|move|p1a: Casnewydd|Trick Room|p1a: Casnewydd\n|-fieldstart|move: Trick Room|[of] p1a: Casnewydd\n|\n|-weather|SunnyDay|[upkeep]\n|upkeep\n|turn|7\n|c|☆Llama_Bill|gg\n|\n|t:|1788372619\n|move|p1b: Cwmbran|Ancient Power|p2b: Charizard\n|-supereffective|p2b: Charizard|2\n|-damage|p2b: Charizard|0 fnt\n|faint|p2b: Charizard\n|\n|win|mattcrystal\n|c|☆mattcrystal|GG!\n|c|☆Llama_Bill|What did I do wrong.\n|c|☆mattcrystal|I think you needed to deny me trickroom harder?\n","uploadtime":1788372737,"views":"14","formatid":"gen9championsvgc2026regmb","rating":null,"private":0,"password":null}