{"id":"gen9championsvgc2026regmb-2674587056","format":"[Gen 9 Champions] VGC 2026 Reg M-B","players":["vvyckii","randomtieflinggirl"],"log":"|j|‽vvyckii\n|j|☆randomtieflinggirl\n|t:|1788377147\n|gametype|doubles\n|player|p1|vvyckii|265|1107\n|player|p2|randomtieflinggirl|266|1190\n|gen|9\n|tier|[Gen 9 Champions] VGC 2026 Reg M-B\n|rated|\n|rule|Species Clause: Limit one of each Pokémon\n|rule|Item Clause: Limit 1 of each item\n|clearpoke\n|poke|p1|Gengar, L50, F|\n|poke|p1|Swampert, L50, M|\n|poke|p1|Politoed, L50, F|\n|poke|p1|Incineroar, L50, M|\n|poke|p1|Archaludon, L50, M|\n|poke|p1|Sinistcha, L50|\n|poke|p2|Lycanroc-Dusk, L50, M|\n|poke|p2|Froslass, L50, F|\n|poke|p2|Scovillain, L50, F|\n|poke|p2|Basculegion, L50, M|\n|poke|p2|Kingambit, L50, F|\n|poke|p2|Sneasler, L50, F|\n|teampreview|4\n|inactive|Battle timer is ON: inactive players will automatically lose when time's up. (requested by vvyckii)\nrandomtieflinggirl has agreed to open team sheets.\nvvyckii rejected open team sheets.\n|\n|t:|1788377191\n|teamsize|p1|4\n|teamsize|p2|4\n|start\n|switch|p1a: Gengar|Gengar, L50, F|100/100\n|switch|p1b: Incineroar|Incineroar, L50, M|100/100\n|switch|p2a: Sneasler|Sneasler, L50, F|100/100\n|switch|p2b: Scovillain|Scovillain, L50, F|100/100\n|-ability|p1b: Incineroar|Intimidate|boost\n|-unboost|p2a: Sneasler|atk|1\n|-unboost|p2b: Scovillain|atk|1\n|-enditem|p2a: Sneasler|White Herb\n|-clearnegativeboost|p2a: Sneasler|[silent]\n|turn|1\n|\n|t:|1788377215\n|detailschange|p1a: Gengar|Gengar-Mega, L50, F\n|-mega|p1a: Gengar|Gengar|Gengarite\n|detailschange|p2b: Scovillain|Scovillain-Mega, L50, F\n|-mega|p2b: Scovillain|Scovillain|Scovillainite\n|move|p1b: Incineroar|Fake Out|p2a: Sneasler\n|-damage|p2a: Sneasler|88/100\n|cant|p2a: Sneasler|flinch\n|move|p1a: Gengar|Perish Song|p1a: Gengar\n|-start|p1a: Gengar|perish3|[silent]\n|-start|p1b: Incineroar|perish3|[silent]\n|-start|p2a: Sneasler|perish3|[silent]\n|-start|p2b: Scovillain|perish3|[silent]\n|-fieldactivate|move: Perish Song\n|move|p2b: Scovillain|Overheat|p1a: Gengar\n|-damage|p1a: Gengar|31/100\n|-unboost|p2b: Scovillain|spa|2\n|\n|-start|p2a: Sneasler|perish3\n|-start|p1a: Gengar|perish3\n|-start|p2b: Scovillain|perish3\n|-start|p1b: Incineroar|perish3\n|upkeep\n|turn|2\n|inactive|randomtieflinggirl has 30 seconds left.\n|\n|t:|1788377247\n|move|p2a: Sneasler|Protect|p2a: Sneasler\n|-singleturn|p2a: Sneasler|Protect\n|move|p1a: Gengar|Protect|p1a: Gengar\n|-singleturn|p1a: Gengar|Protect\n|move|p1b: Incineroar|Protect|p1b: Incineroar\n|-singleturn|p1b: Incineroar|Protect\n|move|p2b: Scovillain|Overheat|p1a: Gengar\n|-activate|p1a: Gengar|move: Protect\n|\n|-start|p2a: Sneasler|perish2\n|-start|p1a: Gengar|perish2\n|-start|p2b: Scovillain|perish2\n|-start|p1b: Incineroar|perish2\n|upkeep\n|turn|3\n|inactive|vvyckii has 30 seconds left.\n|inactive|randomtieflinggirl has 30 seconds left.\n|inactive|randomtieflinggirl has 20 seconds left.\n|\n|t:|1788377286\n|switch|p1a: Sinistcha|Sinistcha, L50|100/100\n|move|p2a: Sneasler|Protect|p2a: Sneasler\n|-singleturn|p2a: Sneasler|Protect\n|move|p2b: Scovillain|Protect|p2b: Scovillain\n|-singleturn|p2b: Scovillain|Protect\n|move|p1b: Incineroar|Parting Shot|p1a: Sinistcha\n|-unboost|p1a: Sinistcha|atk|1\n|-unboost|p1a: Sinistcha|spa|1\n|\n|t:|1788377295\n|switch|p1b: Gengar|Gengar-Mega, L50, F|31/100|[from] Parting Shot\n|\n|-start|p2a: Sneasler|perish1\n|-start|p2b: Scovillain|perish1\n|upkeep\n|turn|4\n|c|☆randomtieflinggirl|omg amazing play\n|\n|t:|1788377317\n|move|p1b: Gengar|Protect|p1b: Gengar\n|-singleturn|p1b: Gengar|Protect\n|move|p1a: Sinistcha|Protect|p1a: Sinistcha\n|-singleturn|p1a: Sinistcha|Protect\n|move|p2a: Sneasler|Dire Claw|p1a: Sinistcha\n|-activate|p1a: Sinistcha|move: Protect\n|move|p2b: Scovillain|Overheat|p1a: Sinistcha\n|-activate|p1a: Sinistcha|move: Protect\n|\n|-start|p2a: Sneasler|perish0\n|-start|p2b: Scovillain|perish0\n|faint|p2a: Sneasler\n|faint|p2b: Scovillain\n|upkeep\n|\n|t:|1788377331\n|switch|p2a: Basculegion|Basculegion, L50, M|100/100\n|switch|p2b: Kingambit|Kingambit, L50, F|100/100\n|turn|5\n|\n|t:|1788377349\n|move|p1a: Sinistcha|Rage Powder|p1a: Sinistcha\n|-singleturn|p1a: Sinistcha|move: Rage Powder\n|move|p1b: Gengar|Perish Song|p1b: Gengar\n|-start|p1a: Sinistcha|perish3|[silent]\n|-start|p1b: Gengar|perish3|[silent]\n|-start|p2a: Basculegion|perish3|[silent]\n|-start|p2b: Kingambit|perish3|[silent]\n|-fieldactivate|move: Perish Song\n|move|p2a: Basculegion|Last Respects|p1a: Sinistcha\n|-supereffective|p1a: Sinistcha|1\n|-damage|p1a: Sinistcha|0 fnt\n|faint|p1a: Sinistcha\n|move|p2b: Kingambit|Kowtow Cleave|p1b: Gengar\n|-supereffective|p1b: Gengar|1\n|-damage|p1b: Gengar|0 fnt\n|faint|p1b: Gengar\n|\n|-start|p2a: Basculegion|perish3\n|-start|p2b: Kingambit|perish3\n|upkeep\n|\n|t:|1788377358\n|switch|p1b: Incineroar|Incineroar, L50, M|100/100\n|switch|p1a: Politoed|Politoed, L50, F|100/100\n|-weather|RainDance|[from] ability: Drizzle|[of] p1a: Politoed\n|-ability|p1b: Incineroar|Intimidate|boost\n|-unboost|p2a: Basculegion|atk|1\n|-unboost|p2b: Kingambit|atk|1\n|-ability|p2b: Kingambit|Defiant|boost\n|-boost|p2b: Kingambit|atk|2\n|turn|6\n|\n|t:|1788377381\n|move|p1b: Incineroar|Fake Out|p2b: Kingambit\n|-resisted|p2b: Kingambit|1\n|-damage|p2b: Kingambit|96/100\n|move|p2a: Basculegion|Wave Crash|p1b: Incineroar\n|-supereffective|p1b: Incineroar|1\n|-damage|p1b: Incineroar|0 fnt\n|faint|p1b: Incineroar\n|-damage|p2a: Basculegion|69/100|[from] Recoil\n|move|p1a: Politoed|Weather Ball|p2b: Kingambit\n|-damage|p2b: Kingambit|49/100\n|cant|p2b: Kingambit|flinch\n|\n|-weather|RainDance|[upkeep]\n|-start|p2a: Basculegion|perish2\n|-start|p2b: Kingambit|perish2\n|upkeep\n|turn|7\n|\n|t:|1788377406\n|move|p1a: Politoed|Protect|p1a: Politoed\n|-singleturn|p1a: Politoed|Protect\n|move|p2a: Basculegion|Last Respects|p1a: Politoed\n|-activate|p1a: Politoed|move: Protect\n|move|p2b: Kingambit|Kowtow Cleave|p1a: Politoed\n|-activate|p1a: Politoed|move: Protect\n|\n|-weather|RainDance|[upkeep]\n|-start|p2a: Basculegion|perish1\n|-start|p2b: Kingambit|perish1\n|upkeep\n|turn|8\n|\n|t:|1788377423\n|move|p1a: Politoed|Protect|p1a: Politoed\n|-singleturn|p1a: Politoed|Protect\n|move|p2a: Basculegion|Last Respects|p1a: Politoed\n|-activate|p1a: Politoed|move: Protect\n|move|p2b: Kingambit|Kowtow Cleave|p1a: Politoed\n|-activate|p1a: Politoed|move: Protect\n|\n|-weather|RainDance|[upkeep]\n|-start|p2a: Basculegion|perish0\n|-start|p2b: Kingambit|perish0\n|faint|p2a: Basculegion\n|faint|p2b: Kingambit\n|\n|win|vvyckii\n|raw|vvyckii's rating: 1107 &rarr; <strong>1138</strong><br />(+31 for winning)\n|raw|randomtieflinggirl's rating: 1190 &rarr; <strong>1159</strong><br />(-31 for losing)\n|c|☆randomtieflinggirl|gg\n|l|‽vvyckii\n|player|p1|\n","uploadtime":1788377451,"views":"2","formatid":"gen9championsvgc2026regmb","rating":1138,"private":0,"password":null}