{"id":"gen9championsvgc2026regmb-2674464944","format":"[Gen 9 Champions] VGC 2026 Reg M-B","players":["cinarguncavdi2231","Poke Chiyo"],"log":"|j|☆cinarguncavdi2231\n|j|☆Poke Chiyo\n|t:|1788362975\n|gametype|doubles\n|player|p1|cinarguncavdi2231|101|1569\n|player|p2|Poke Chiyo|2|1548\n|gen|9\n|tier|[Gen 9 Champions] VGC 2026 Reg M-B\n|rated|\n|rule|Species Clause: Limit one of each Pokémon\n|rule|Item Clause: Limit 1 of each item\n|clearpoke\n|poke|p1|Raichu, L50, F|\n|poke|p1|Scolipede, L50, M|\n|poke|p1|Ceruledge, L50, F|\n|poke|p1|Weavile, L50, M|\n|poke|p1|Milotic, L50, M|\n|poke|p1|Sinistcha, L50|\n|poke|p2|Delphox, L50, M|\n|poke|p2|Blastoise, L50, M|\n|poke|p2|Sneasler, L50, F|\n|poke|p2|Kingambit, L50, F|\n|poke|p2|Maushold, L50|\n|poke|p2|Whimsicott, L50, F|\n|teampreview|4\n|inactive|Battle timer is ON: inactive players will automatically lose when time's up. (requested by cinarguncavdi2231)\n|j| source0\n|inactive|Poke Chiyo has 60 seconds left.\n|c|☆cinarguncavdi2231|Gl Hf bro\n|inactive|Poke Chiyo has 30 seconds left.\n|inactive|Poke Chiyo has 20 seconds left.\n|\n|t:|1788363050\n|teamsize|p1|4\n|teamsize|p2|4\n|start\n|switch|p1a: Raichu|Raichu, L50, F|100/100\n|switch|p1b: Weavile|Weavile, L50, M|100/100\n|switch|p2a: Blastoise|Blastoise, L50, M|100/100\n|switch|p2b: Maushold|Maushold, L50|100/100\n|turn|1\n|\n|t:|1788363072\n|detailschange|p1a: Raichu|Raichu-Mega-Y, L50, F\n|-mega|p1a: Raichu|Raichu|Raichunite Y\n|detailschange|p2a: Blastoise|Blastoise-Mega, L50, M\n|-mega|p2a: Blastoise|Blastoise|Blastoisinite\n|move|p2b: Maushold|Protect|p2b: Maushold\n|-singleturn|p2b: Maushold|Protect\n|move|p2a: Blastoise|Protect|p2a: Blastoise\n|-singleturn|p2a: Blastoise|Protect\n|move|p1b: Weavile|Fake Out|p2b: Maushold\n|-activate|p2b: Maushold|move: Protect\n|move|p1a: Raichu|Focus Blast|p2b: Maushold\n|-activate|p2b: Maushold|move: Protect\n|\n|upkeep\n|turn|2\n|inactive|cinarguncavdi2231 has 30 seconds left.\n|\n|t:|1788363101\n|switch|p1b: Sinistcha|Sinistcha, L50|100/100\n|move|p2b: Maushold|Follow Me|p2b: Maushold\n|-singleturn|p2b: Maushold|move: Follow Me\n|move|p1a: Raichu|Zap Cannon|p2b: Maushold\n|-damage|p2b: Maushold|44/100\n|-status|p2b: Maushold|par\n|move|p2a: Blastoise|Shell Smash|p2a: Blastoise\n|-unboost|p2a: Blastoise|def|1\n|-unboost|p2a: Blastoise|spd|1\n|-boost|p2a: Blastoise|atk|2\n|-boost|p2a: Blastoise|spa|2\n|-boost|p2a: Blastoise|spe|2\n|\n|upkeep\n|turn|3\n|inactive|cinarguncavdi2231 has 30 seconds left.\n|inactive|Poke Chiyo has 30 seconds left.\n|inactive|Poke Chiyo has 20 seconds left.\n|inactive|Poke Chiyo has 15 seconds left.\n|inactive|Poke Chiyo has 10 seconds left.\n|\n|t:|1788363147\n|switch|p1a: Weavile|Weavile, L50, M|100/100\n|move|p1b: Sinistcha|Protect|p1b: Sinistcha\n|-singleturn|p1b: Sinistcha|Protect\n|move|p2b: Maushold|Follow Me|p2b: Maushold\n|-singleturn|p2b: Maushold|move: Follow Me\n|move|p2a: Blastoise|Dark Pulse|p1b: Sinistcha\n|-activate|p1b: Sinistcha|move: Protect\n|\n|upkeep\n|turn|4\n|\n|t:|1788363168\n|move|p1a: Weavile|Fake Out|p2a: Blastoise\n|-damage|p2a: Blastoise|86/100\n|move|p2b: Maushold|Follow Me|p2b: Maushold\n|-singleturn|p2b: Maushold|move: Follow Me\n|cant|p2a: Blastoise|flinch\n|move|p1b: Sinistcha|Trick Room|p1b: Sinistcha\n|-fieldstart|move: Trick Room|[of] p1b: Sinistcha\n|\n|upkeep\n|turn|5\n|\n|t:|1788363187\n|switch|p2b: Kingambit|Kingambit, L50, F|100/100\n|move|p2a: Blastoise|Protect|p2a: Blastoise\n|-singleturn|p2a: Blastoise|Protect\n|move|p1b: Sinistcha|Matcha Gotcha|p2b: Kingambit|[spread] p2b\n|-activate|p2a: Blastoise|move: Protect\n|-resisted|p2b: Kingambit|1\n|-damage|p2b: Kingambit|87/100\n|move|p1a: Weavile|Knock Off|p2b: Kingambit\n|-resisted|p2b: Kingambit|1\n|-damage|p2b: Kingambit|68/100\n|-enditem|p2b: Kingambit|Life Orb|[from] move: Knock Off|[of] p1a: Weavile\n|\n|upkeep\n|turn|6\n|\n|t:|1788363209\n|move|p1b: Sinistcha|Protect|p1b: Sinistcha\n|-singleturn|p1b: Sinistcha|Protect\n|move|p2b: Kingambit|Kowtow Cleave|p1b: Sinistcha\n|-activate|p1b: Sinistcha|move: Protect\n|move|p1a: Weavile|Low Kick|p2b: Kingambit\n|-supereffective|p2b: Kingambit|2\n|-damage|p2b: Kingambit|0 fnt\n|faint|p2b: Kingambit\n|move|p2a: Blastoise|Dark Pulse|p1b: Sinistcha\n|-activate|p1b: Sinistcha|move: Protect\n|\n|upkeep\n|-message|Poke Chiyo forfeited.\n|\n|win|cinarguncavdi2231\n|raw|cinarguncavdi2231's rating: 1569 &rarr; <strong>1588</strong><br />(+19 for winning)\n|raw|Poke Chiyo's rating: 1548 &rarr; <strong>1529</strong><br />(-19 for losing)\n|l|☆Poke Chiyo\n|player|p2|\n","uploadtime":1788363220,"views":"4","formatid":"gen9championsvgc2026regmb","rating":1529,"private":0,"password":null}