{"id":"gen9championsvgc2026regmbbo3-2673502891","format":"[Gen 9 Champions] VGC 2026 Reg M-B (Bo3)","players":["ursear_vgc","Nidokingdra"],"log":"|j|☆ursear_vgc\n|j|☆Nidokingdra\n|html|<table width=\"100%\"><tr><td align=\"left\">ursear_vgc</td><td align=\"right\">Nidokingdra</tr><tr><td align=\"left\"><i class=\"fa fa-circle-o\"></i> <i class=\"fa fa-circle-o\"></i> </td><td align=\"right\"><i class=\"fa fa-circle-o\"></i> <i class=\"fa fa-circle\"></i> </tr></table>\n|uhtml|bestof|<h2><strong>Game 2</strong> of <a href=\"/game-bestof3-gen9championsvgc2026regmbbo3-2673500177\">a best-of-3</a></h2>\n|t:|1788205616\n|gametype|doubles\n|player|p1|ursear_vgc|giovanni|1178\n|player|p2|Nidokingdra|102|1036\n|gen|9\n|tier|[Gen 9 Champions] VGC 2026 Reg M-B (Bo3)\n|rated|\n|rule|Species Clause: Limit one of each Pokémon\n|rule|Item Clause: Limit 1 of each item\n|clearpoke\n|poke|p1|Gengar, L50, M|\n|poke|p1|Archaludon, L50, M|\n|poke|p1|Politoed, L50, F|\n|poke|p1|Swampert, L50, M|\n|poke|p1|Vivillon-Fancy, L50, M|\n|poke|p1|Incineroar, L50, F|\n|poke|p2|Garchomp, L50, M|\n|poke|p2|Tyranitar, L50, F|\n|poke|p2|Sinistcha, L50|\n|poke|p2|Rotom-Wash, L50|\n|poke|p2|Overqwil, L50, M|\n|poke|p2|Skarmory, L50, F|\n|teampreview|4\n|showteam|p1|Gengar||Gengarite|CursedBody|ShadowBall,SludgeBomb,PerishSong,Protect|Modest||M|||50|]Archaludon||Leftovers|Stamina|ElectroShot,DragonPulse,FlashCannon,Protect|Bold||M|||50|]Politoed||SitrusBerry|Drizzle|WeatherBall,Hypnosis,PerishSong,Protect|Calm||F|||50|]Swampert||Swampertite|Torrent|WaveCrash,Earthquake,IcePunch,Protect|Adamant||M|||50|]Vivillon-Fancy||FocusSash|CompoundEyes|Hurricane,SleepPowder,RagePowder,Protect|Timid||M|||50|]Incineroar||PasshoBerry|Intimidate|ThroatChop,FakeOut,PartingShot,Protect|Impish||F|||50|\n|showteam|p2|Garchomp||SoftSand|RoughSkin|Earthquake,RockSlide,DragonClaw,Protect|Jolly||M|||50|]Tyranitar||Tyranitarite|SandStream|RockSlide,FirePunch,Protect,KnockOff|Adamant||F|||50|]Sinistcha||SitrusBerry|Hospitality|RagePowder,MatchaGotcha,TrickRoom,Protect|Relaxed|||||50|]Rotom-Wash||Leftovers|Levitate|VoltSwitch,Discharge,HydroPump,WillOWisp|Modest|||||50|]Overqwil||LifeOrb|Intimidate|Crunch,PoisonJab,AquaJet,Protect|Jolly||M|||50|]Skarmory||Skarmorite|KeenEye|BodyPress,Protect,Roost,BraveBird|Jolly||F|||50|\n|\n|t:|1788205682\n|teamsize|p1|4\n|teamsize|p2|4\n|start\n|switch|p1a: Swampert|Swampert, L50, M|100/100\n|switch|p1b: Archaludon|Archaludon, L50, M|100/100\n|switch|p2a: Garchomp|Garchomp, L50, M|100/100\n|switch|p2b: Rotom|Rotom-Wash, L50|100/100\n|turn|1\n|\n|t:|1788205708\n|detailschange|p1a: Swampert|Swampert-Mega, L50, M\n|-mega|p1a: Swampert|Swampert|Swampertite\n|move|p2a: Garchomp|Earthquake|p1a: Swampert|[spread] p1a,p1b\n|-immune|p2b: Rotom|[from] ability: Levitate\n|-supereffective|p1b: Archaludon|1\n|-damage|p1a: Swampert|57/100\n|-damage|p1b: Archaludon|44/100\n|-ability|p1b: Archaludon|Stamina|boost\n|-boost|p1b: Archaludon|def|1\n|move|p1a: Swampert|Ice Punch|p2a: Garchomp\n|-supereffective|p2a: Garchomp|2\n|-damage|p2a: Garchomp|0 fnt\n|-damage|p1a: Swampert|44/100|[from] ability: Rough Skin|[of] p2a: Garchomp\n|faint|p2a: Garchomp\n|move|p1b: Archaludon|Dragon Pulse|p2b: Rotom\n|-damage|p2b: Rotom|60/100\n|move|p2b: Rotom|Will-O-Wisp|p1a: Swampert|[miss]\n|-miss|p2b: Rotom|p1a: Swampert\n|\n|-heal|p1b: Archaludon|50/100g|[from] item: Leftovers\n|-heal|p2b: Rotom|66/100|[from] item: Leftovers\n|upkeep\n|\n|t:|1788205727\n|switch|p2a: Sinistcha|Sinistcha, L50|100/100\n|-heal|p2b: Rotom|91/100|[from] ability: Hospitality|[of] p2a: Sinistcha\n|turn|2\n|\n|t:|1788205736\n|switch|p1a: Vivillon|Vivillon-Fancy, L50, M|100/100\n|move|p1b: Archaludon|Protect|p1b: Archaludon\n|-singleturn|p1b: Archaludon|Protect\n|move|p2b: Rotom|Hydro Pump|p1b: Archaludon\n|-activate|p1b: Archaludon|move: Protect\n|move|p2a: Sinistcha|Matcha Gotcha|p1b: Archaludon|[spread] p1a\n|-activate|p1b: Archaludon|move: Protect\n|-resisted|p1a: Vivillon|2\n|-damage|p1a: Vivillon|89/100\n|-status|p1a: Vivillon|brn\n|\n|-heal|p1b: Archaludon|56/100|[from] item: Leftovers\n|-heal|p2b: Rotom|97/100|[from] item: Leftovers\n|-damage|p1a: Vivillon|83/100 brn|[from] brn\n|upkeep\n|turn|3\n|\n|t:|1788205780\n|move|p1a: Vivillon|Sleep Powder|p2b: Rotom\n|-status|p2b: Rotom|slp|[from] move: Sleep Powder\n|move|p1b: Archaludon|Dragon Pulse|p2a: Sinistcha\n|-damage|p2a: Sinistcha|59/100\n|cant|p2b: Rotom|slp\n|move|p2a: Sinistcha|Trick Room|p2a: Sinistcha\n|-fieldstart|move: Trick Room|[of] p2a: Sinistcha\n|\n|-heal|p2b: Rotom|100/100 slp|[from] item: Leftovers\n|-heal|p1b: Archaludon|62/100|[from] item: Leftovers\n|-damage|p1a: Vivillon|77/100 brn|[from] brn\n|upkeep\n|turn|4\n|\n|t:|1788205815\n|switch|p2a: Tyranitar|Tyranitar, L50, F|100/100\n|-weather|Sandstorm|[from] ability: Sand Stream|[of] p2a: Tyranitar\n|cant|p2b: Rotom|slp\n|move|p1b: Archaludon|Dragon Pulse|p2b: Rotom\n|-crit|p2b: Rotom\n|-damage|p2b: Rotom|37/100 slp\n|move|p1a: Vivillon|Hurricane|p2a: Tyranitar\n|-resisted|p2a: Tyranitar|1\n|-damage|p2a: Tyranitar|88/100\n|\n|-weather|Sandstorm|[upkeep]\n|-damage|p2b: Rotom|31/100 slp|[from] Sandstorm\n|-damage|p1a: Vivillon|71/100 brn|[from] Sandstorm\n|-heal|p2b: Rotom|37/100 slp|[from] item: Leftovers\n|-heal|p1b: Archaludon|68/100|[from] item: Leftovers\n|-damage|p1a: Vivillon|66/100 brn|[from] brn\n|upkeep\n|turn|5\n|\n|t:|1788205842\n|move|p1a: Vivillon|Protect|p1a: Vivillon\n|-singleturn|p1a: Vivillon|Protect\n|move|p2a: Tyranitar|Rock Slide|p1a: Vivillon|[spread] p1b\n|-activate|p1a: Vivillon|move: Protect\n|-resisted|p1b: Archaludon|1\n|-damage|p1b: Archaludon|60/100\n|-ability|p1b: Archaludon|Stamina|boost\n|-boost|p1b: Archaludon|def|1\n|-curestatus|p2b: Rotom|slp|[msg]\n|move|p2b: Rotom|Hydro Pump|p1b: Archaludon\n|-resisted|p1b: Archaludon|1\n|-damage|p1b: Archaludon|33/100\n|-ability|p1b: Archaludon|Stamina|boost\n|-boost|p1b: Archaludon|def|1\n|move|p1b: Archaludon|Flash Cannon|p2a: Tyranitar\n|-supereffective|p2a: Tyranitar|1\n|-damage|p2a: Tyranitar|47/100\n|\n|-weather|Sandstorm|[upkeep]\n|-damage|p2b: Rotom|31/100|[from] Sandstorm\n|-damage|p1a: Vivillon|60/100 brn|[from] Sandstorm\n|-heal|p2b: Rotom|37/100|[from] item: Leftovers\n|-heal|p1b: Archaludon|39/100|[from] item: Leftovers\n|-damage|p1a: Vivillon|54/100 brn|[from] brn\n|upkeep\n|turn|6\n|\n|t:|1788205868\n|switch|p1a: Politoed|Politoed, L50, F|100/100\n|-weather|RainDance|[from] ability: Drizzle|[of] p1a: Politoed\n|move|p1b: Archaludon|Protect|p1b: Archaludon\n|-singleturn|p1b: Archaludon|Protect\n|move|p2a: Tyranitar|Rock Slide|p1a: Politoed|[spread] p1a\n|-activate|p1b: Archaludon|move: Protect\n|-damage|p1a: Politoed|69/100\n|move|p2b: Rotom|Volt Switch|p1a: Politoed\n|-supereffective|p1a: Politoed|1\n|-damage|p1a: Politoed|14/100\n|-enditem|p1a: Politoed|Sitrus Berry|[eat]\n|-heal|p1a: Politoed|39/100|[from] item: Sitrus Berry\n|\n|t:|1788205881\n|switch|p2b: Sinistcha|Sinistcha, L50|59/100|[from] Volt Switch\n|-heal|p2a: Tyranitar|72/100|[from] ability: Hospitality|[of] p2b: Sinistcha\n|\n|-weather|RainDance|[upkeep]\n|-heal|p1b: Archaludon|45/100|[from] item: Leftovers\n|upkeep\n|turn|7\n|\n|t:|1788205893\n|switch|p1a: Vivillon|Vivillon-Fancy, L50, M|54/100 brn\n|detailschange|p2a: Tyranitar|Tyranitar-Mega, L50, F\n|-mega|p2a: Tyranitar|Tyranitar|Tyranitarite\n|-weather|Sandstorm|[from] ability: Sand Stream|[of] p2a: Tyranitar\n|move|p2b: Sinistcha|Matcha Gotcha|p1a: Vivillon|[spread] p1a,p1b\n|-resisted|p1a: Vivillon|2\n|-resisted|p1b: Archaludon|2\n|-damage|p1a: Vivillon|43/100 brn\n|-heal|p2b: Sinistcha|64/100|[from] drain|[of] p1a: Vivillon\n|-damage|p1b: Archaludon|39/100\n|-heal|p2b: Sinistcha|67/100|[from] drain|[of] p1b: Archaludon\n|-ability|p1b: Archaludon|Stamina|boost\n|-boost|p1b: Archaludon|def|1\n|move|p2a: Tyranitar|Rock Slide|p1b: Archaludon|[spread] p1a,p1b\n|-supereffective|p1a: Vivillon|2\n|-crit|p1a: Vivillon\n|-resisted|p1b: Archaludon|1\n|-damage|p1a: Vivillon|0 fnt\n|-damage|p1b: Archaludon|35/100\n|-ability|p1b: Archaludon|Stamina|boost\n|-boost|p1b: Archaludon|def|1\n|faint|p1a: Vivillon\n|move|p1b: Archaludon|Flash Cannon|p2a: Tyranitar\n|-supereffective|p2a: Tyranitar|1\n|-damage|p2a: Tyranitar|37/100\n|\n|-weather|Sandstorm|[upkeep]\n|-damage|p2b: Sinistcha|61/100|[from] Sandstorm\n|-heal|p1b: Archaludon|41/100|[from] item: Leftovers\n|-fieldend|move: Trick Room\n|upkeep\n|\n|t:|1788205921\n|switch|p1a: Swampert|Swampert-Mega, L50, M|44/100\n|turn|8\n|\n|t:|1788205940\n|switch|p2a: Rotom|Rotom-Wash, L50|37/100\n|move|p2b: Sinistcha|Protect|p2b: Sinistcha\n|-singleturn|p2b: Sinistcha|Protect\n|move|p1a: Swampert|Ice Punch|p2b: Sinistcha\n|-activate|p2b: Sinistcha|move: Protect\n|move|p1b: Archaludon|Flash Cannon|p2a: Rotom\n|-resisted|p2a: Rotom|2\n|-damage|p2a: Rotom|26/100\n|\n|-weather|Sandstorm|[upkeep]\n|-damage|p2a: Rotom|20/100y|[from] Sandstorm\n|-damage|p2b: Sinistcha|55/100|[from] Sandstorm\n|-heal|p1b: Archaludon|47/100|[from] item: Leftovers\n|-heal|p2a: Rotom|26/100|[from] item: Leftovers\n|upkeep\n|turn|9\n|\n|t:|1788205969\n|move|p1a: Swampert|Ice Punch|p2b: Sinistcha\n|-supereffective|p2b: Sinistcha|1\n|-damage|p2b: Sinistcha|10/100\n|-enditem|p2b: Sinistcha|Sitrus Berry|[eat]\n|-heal|p2b: Sinistcha|35/100|[from] item: Sitrus Berry\n|move|p1b: Archaludon|Dragon Pulse|p2a: Rotom\n|-damage|p2a: Rotom|0 fnt\n|faint|p2a: Rotom\n|move|p2b: Sinistcha|Matcha Gotcha|p1b: Archaludon|[spread] p1b\n|-miss|p2b: Sinistcha|p1a: Swampert\n|-resisted|p1b: Archaludon|2\n|-damage|p1b: Archaludon|41/100\n|-heal|p2b: Sinistcha|38/100|[from] drain|[of] p1b: Archaludon\n|-ability|p1b: Archaludon|Stamina|boost\n|-boost|p1b: Archaludon|def|1\n|\n|-weather|Sandstorm|[upkeep]\n|-damage|p2b: Sinistcha|32/100|[from] Sandstorm\n|-heal|p1b: Archaludon|47/100|[from] item: Leftovers\n|upkeep\n|\n|t:|1788205982\n|switch|p2a: Tyranitar|Tyranitar-Mega, L50, F|37/100\n|turn|10\n|\n|t:|1788205993\n|switch|p1a: Politoed|Politoed, L50, F|39/100\n|-weather|RainDance|[from] ability: Drizzle|[of] p1a: Politoed\n|move|p1b: Archaludon|Protect|p1b: Archaludon\n|-singleturn|p1b: Archaludon|Protect\n|move|p2a: Tyranitar|Fire Punch|p1b: Archaludon\n|-activate|p1b: Archaludon|move: Protect\n|move|p2b: Sinistcha|Matcha Gotcha|p1a: Politoed|[spread] p1a\n|-activate|p1b: Archaludon|move: Protect\n|-supereffective|p1a: Politoed|1\n|-damage|p1a: Politoed|0 fnt\n|-heal|p2b: Sinistcha|54/100|[from] drain|[of] p1a: Politoed\n|faint|p1a: Politoed\n|\n|-weather|RainDance|[upkeep]\n|-heal|p1b: Archaludon|53/100|[from] item: Leftovers\n|upkeep\n|\n|t:|1788206010\n|switch|p1a: Swampert|Swampert-Mega, L50, M|44/100\n|turn|11\n|\n|t:|1788206019\n|move|p1a: Swampert|Ice Punch|p2b: Sinistcha\n|-supereffective|p2b: Sinistcha|1\n|-damage|p2b: Sinistcha|8/100\n|move|p1b: Archaludon|Flash Cannon|p2a: Tyranitar\n|-supereffective|p2a: Tyranitar|1\n|-damage|p2a: Tyranitar|0 fnt\n|faint|p2a: Tyranitar\n|move|p2b: Sinistcha|Matcha Gotcha|p1b: Archaludon|[spread] \n|-miss|p2b: Sinistcha|p1a: Swampert\n|-miss|p2b: Sinistcha|p1b: Archaludon\n|\n|-weather|RainDance|[upkeep]\n|-heal|p1b: Archaludon|59/100|[from] item: Leftovers\n|upkeep\n|turn|12\n|c|☆Nidokingdra|Bruh\n|\n|t:|1788206039\n|move|p1a: Swampert|Ice Punch|p2b: Sinistcha\n|-supereffective|p2b: Sinistcha|1\n|-damage|p2b: Sinistcha|0 fnt\n|faint|p2b: Sinistcha\n|\n|win|ursear_vgc\n||Nidokingdra is ready for game 3.\n","uploadtime":1788206045,"views":"9","formatid":"gen9championsvgc2026regmbbo3","rating":null,"private":0,"password":null}