{"id":"gen9championsvgc2026regmb-2674544526","format":"[Gen 9 Champions] VGC 2026 Reg M-B","players":["Infiltratorch","TreyBayBay"],"log":"|j|☆Infiltratorch\n|j|☆TreyBayBay\n|t:|1788372229\n|gametype|doubles\n|player|p1|Infiltratorch|266|1112\n|player|p2|TreyBayBay|ninjaboy|1206\n|gen|9\n|tier|[Gen 9 Champions] VGC 2026 Reg M-B\n|rated|\n|rule|Species Clause: Limit one of each Pokémon\n|rule|Item Clause: Limit 1 of each item\n|clearpoke\n|poke|p1|Tyranitar, L50, M|\n|poke|p1|Steelix, L50, M|\n|poke|p1|Excadrill, L50, M|\n|poke|p1|Metagross, L50|\n|poke|p1|Garchomp, L50, M|\n|poke|p1|Avalugg-Hisui, L50, M|\n|poke|p2|Venusaur, L50, F|\n|poke|p2|Politoed, L50, F|\n|poke|p2|Scizor, L50, F, shiny|\n|poke|p2|Noivern, L50, F, shiny|\n|poke|p2|Sinistcha, L50|\n|poke|p2|Basculegion, L50, M|\n|teampreview|4\n|c|☆Infiltratorch|Do you like earthquake?\n|\n|t:|1788372281\n|teamsize|p1|4\n|teamsize|p2|4\n|start\n|switch|p1a: Tyranitar|Tyranitar, L50, M|100/100\n|switch|p1b: Steelix|Steelix, L50, M|100/100\n|switch|p2a: Venusaur|Venusaur, L50, F|100/100\n|switch|p2b: Basculegion|Basculegion, L50, M|100/100\n|-weather|Sandstorm|[from] ability: Sand Stream|[of] p1a: Tyranitar\n|turn|1\n|c|☆TreyBayBay|Love it\n|c|☆Infiltratorch|Yippie\n|\n|t:|1788372307\n|detailschange|p2a: Venusaur|Venusaur-Mega, L50, F\n|-mega|p2a: Venusaur|Venusaur|Venusaurite\n|detailschange|p1b: Steelix|Steelix-Mega, L50, M\n|-mega|p1b: Steelix|Steelix|Steelixite\n|move|p2b: Basculegion|Protect|p2b: Basculegion\n|-singleturn|p2b: Basculegion|Protect\n|move|p2a: Venusaur|Leech Seed|p1b: Steelix\n|-start|p1b: Steelix|move: Leech Seed\n|move|p1a: Tyranitar|Earthquake|p2a: Venusaur|[spread] p1b,p2a\n|-activate|p2b: Basculegion|move: Protect\n|-supereffective|p1b: Steelix|1\n|-damage|p1b: Steelix|77/100\n|-damage|p2a: Venusaur|81/100\n|move|p1b: Steelix|Earthquake|p2b: Basculegion|[spread] p1a,p2a\n|-activate|p2b: Basculegion|move: Protect\n|-supereffective|p1a: Tyranitar|1\n|-damage|p1a: Tyranitar|28/100\n|-damage|p2a: Venusaur|44/100\n|\n|-weather|Sandstorm|[upkeep]\n|-damage|p2b: Basculegion|93/100|[from] Sandstorm\n|-damage|p2a: Venusaur|38/100|[from] Sandstorm\n|-damage|p1b: Steelix|65/100|[from] Leech Seed|[of] p2a: Venusaur\n|-heal|p2a: Venusaur|48/100|[silent]\n|upkeep\n|turn|2\n|\n|t:|1788372334\n|switch|p2b: Sinistcha|Sinistcha, L50|100/100\n|-heal|p2a: Venusaur|73/100|[from] ability: Hospitality|[of] p2b: Sinistcha\n|switch|p1b: Metagross|Metagross, L50|100/100\n|move|p2a: Venusaur|Protect|p2a: Venusaur\n|-singleturn|p2a: Venusaur|Protect\n|move|p1a: Tyranitar|Earthquake|p2b: Sinistcha|[spread] p1b,p2b\n|-activate|p2a: Venusaur|move: Protect\n|-supereffective|p1b: Metagross|1\n|-resisted|p2b: Sinistcha|1\n|-damage|p1b: Metagross|58/100\n|-damage|p2b: Sinistcha|91/100\n|\n|-weather|Sandstorm|[upkeep]\n|-damage|p2a: Venusaur|67/100|[from] Sandstorm\n|-damage|p2b: Sinistcha|84/100|[from] Sandstorm\n|-heal|p1b: Metagross|64/100|[from] item: Leftovers\n|upkeep\n|turn|3\n|\n|t:|1788372357\n|move|p2b: Sinistcha|Rage Powder|p2b: Sinistcha\n|-singleturn|p2b: Sinistcha|move: Rage Powder\n|move|p1b: Metagross|Earthquake|p2b: Sinistcha|[spread] p1a,p2a,p2b\n|-supereffective|p1a: Tyranitar|1\n|-resisted|p2b: Sinistcha|1\n|-damage|p1a: Tyranitar|0 fnt\n|-damage|p2a: Venusaur|48/100\n|-damage|p2b: Sinistcha|75/100\n|faint|p1a: Tyranitar\n|move|p2a: Venusaur|Giga Drain|p1b: Metagross\n|-resisted|p1b: Metagross|1\n|-damage|p1b: Metagross|47/100\n|-heal|p2a: Venusaur|55/100|[from] drain|[of] p1b: Metagross\n|\n|-weather|Sandstorm|[upkeep]\n|-damage|p2a: Venusaur|49/100|[from] Sandstorm\n|-damage|p2b: Sinistcha|69/100|[from] Sandstorm\n|-heal|p1b: Metagross|52/100|[from] item: Leftovers\n|upkeep\n|\n|t:|1788372366\n|switch|p1a: Steelix|Steelix-Mega, L50, M|65/100\n|turn|4\n|\n|t:|1788372377\n|switch|p2b: Politoed|Politoed, L50, F|100/100\n|-weather|RainDance|[from] ability: Drizzle|[of] p2b: Politoed\n|move|p1b: Metagross|Earthquake|p2b: Politoed|[spread] p1a,p2a,p2b\n|-supereffective|p1a: Steelix|1\n|-damage|p1a: Steelix|42/100\n|-damage|p2a: Venusaur|27/100\n|-damage|p2b: Politoed|71/100\n|move|p2a: Venusaur|Giga Drain|p1a: Steelix\n|-damage|p1a: Steelix|0 fnt\n|-heal|p2a: Venusaur|45/100|[from] drain|[of] p1a: Steelix\n|faint|p1a: Steelix\n|\n|-weather|RainDance|[upkeep]\n|-heal|p1b: Metagross|58/100|[from] item: Leftovers\n|upkeep\n|c|☆Infiltratorch|I only got eq bro\n|c|☆TreyBayBay|this is pretty funny ngl\n|\n|t:|1788372391\n|switch|p1a: Excadrill|Excadrill, L50, M|100/100\n|turn|5\n|c|☆Infiltratorch|It is quite fun\n|\n|t:|1788372404\n|move|p1a: Excadrill|Earthquake|p2a: Venusaur|[spread] p1b,p2a,p2b\n|-supereffective|p1b: Metagross|1\n|-crit|p2b: Politoed\n|-damage|p1b: Metagross|0 fnt\n|-damage|p2a: Venusaur|13/100\n|-damage|p2b: Politoed|1/100\n|-enditem|p2b: Politoed|Sitrus Berry|[eat]\n|-heal|p2b: Politoed|25/100|[from] item: Sitrus Berry\n|faint|p1b: Metagross\n|move|p2a: Venusaur|Giga Drain|p1a: Excadrill\n|-damage|p1a: Excadrill|50/100g\n|-heal|p2a: Venusaur|38/100|[from] drain|[of] p1a: Excadrill\n|move|p2b: Politoed|Weather Ball|p1a: Excadrill\n|-supereffective|p1a: Excadrill|1\n|-crit|p1a: Excadrill\n|-damage|p1a: Excadrill|0 fnt\n|faint|p1a: Excadrill\n|\n|win|TreyBayBay\n|raw|Infiltratorch's rating: 1112 &rarr; <strong>1094</strong><br />(-18 for losing)\n|raw|TreyBayBay's rating: 1206 &rarr; <strong>1224</strong><br />(+18 for winning)\n|c|☆Infiltratorch|Not very good though\n|c|☆TreyBayBay|i can imagine\n|c|☆TreyBayBay|GGs\n|c|☆Infiltratorch|GG\n","uploadtime":1788372420,"views":"4","formatid":"gen9championsvgc2026regmb","rating":1094,"private":0,"password":null}