{"id":"gen9championsvgc2026regmb-2674778390","format":"[Gen 9 Champions] VGC 2026 Reg M-B","players":["mr.jianjian","Gurniculator"],"log":"|j|☆mr.jianjian\n|j|☆Gurniculator\n|t:|1788404932\n|gametype|doubles\n|player|p1|mr.jianjian|102|1221\n|player|p2|Gurniculator|101|1126\n|gen|9\n|tier|[Gen 9 Champions] VGC 2026 Reg M-B\n|rated|\n|rule|Species Clause: Limit one of each Pokémon\n|rule|Item Clause: Limit 1 of each item\n|clearpoke\n|poke|p1|Staraptor, L50, M|\n|poke|p1|Grimmsnarl, L50, M|\n|poke|p1|Wyrdeer, L50, F|\n|poke|p1|Raichu, L50, M|\n|poke|p1|Delphox, L50, M|\n|poke|p1|Meowscarada, L50, M|\n|poke|p2|Delphox, L50, F|\n|poke|p2|Staraptor, L50, M|\n|poke|p2|Sinistcha-Masterpiece, L50|\n|poke|p2|Garchomp, L50, M|\n|poke|p2|Kingambit, L50, F|\n|poke|p2|Incineroar, L50, F|\n|teampreview|4\n|\n|t:|1788404956\n|teamsize|p1|4\n|teamsize|p2|4\n|start\n|switch|p1a: Staraptor|Staraptor, L50, M|100/100\n|switch|p1b: Meowscarada|Meowscarada, L50, M|100/100\n|switch|p2a: Garchomp|Garchomp, L50, M|100/100\n|switch|p2b: Kingambit|Kingambit, L50, F|100/100\n|-ability|p1a: Staraptor|Intimidate|boost\n|-unboost|p2a: Garchomp|atk|1\n|-unboost|p2b: Kingambit|atk|1\n|-ability|p2b: Kingambit|Defiant|boost\n|-boost|p2b: Kingambit|atk|2\n|turn|1\n|\n|t:|1788404998\n|detailschange|p1a: Staraptor|Staraptor-Mega, L50, M\n|-mega|p1a: Staraptor|Staraptor|Staraptite\n|move|p1a: Staraptor|Close Combat|p2a: Garchomp\n|-damage|p2a: Garchomp|41/100\n|-boost|p1a: Staraptor|def|1\n|-boost|p1a: Staraptor|spd|1\n|-damage|p1a: Staraptor|87/100|[from] ability: Rough Skin|[of] p2a: Garchomp\n|move|p1b: Meowscarada|U-turn|p2a: Garchomp\n|-start|p1b: Meowscarada|typechange|Bug|[from] ability: Protean\n|-damage|p2a: Garchomp|0 fnt\n|-damage|p1b: Meowscarada|87/100|[from] ability: Rough Skin|[of] p2a: Garchomp\n|faint|p2a: Garchomp\n|-damage|p1b: Meowscarada|77/100|[from] item: Life Orb\n|\n|t:|1788405010\n|switch|p1b: Grimmsnarl|Grimmsnarl, L50, M|100/100|[from] U-turn\n|move|p2b: Kingambit|Low Kick|p1b: Grimmsnarl\n|-crit|p1b: Grimmsnarl\n|-damage|p1b: Grimmsnarl|35/100\n|\n|upkeep\n|\n|t:|1788405029\n|switch|p2a: Incineroar|Incineroar, L50, F|100/100\n|-ability|p2a: Incineroar|Intimidate|boost\n|-boost|p1a: Staraptor|atk|1\n|-unboost|p1b: Grimmsnarl|atk|1\n|turn|2\n|\n|t:|1788405049\n|move|p2a: Incineroar|Fake Out|p1a: Staraptor\n|-damage|p1a: Staraptor|80/100\n|move|p1b: Grimmsnarl|Reflect|p1b: Grimmsnarl\n|-sidestart|p1: mr.jianjian|Reflect\n|cant|p1a: Staraptor|flinch\n|move|p2b: Kingambit|Iron Head|p1b: Grimmsnarl\n|-supereffective|p1b: Grimmsnarl|1\n|-damage|p1b: Grimmsnarl|0 fnt\n|faint|p1b: Grimmsnarl\n|\n|upkeep\n|\n|t:|1788405056\n|switch|p1b: Meowscarada|Meowscarada, L50, M|77/100\n|turn|3\n|\n|t:|1788405088\n|move|p1a: Staraptor|Close Combat|p2b: Kingambit\n|-supereffective|p2b: Kingambit|2\n|-enditem|p2b: Kingambit|Focus Sash\n|-damage|p2b: Kingambit|1/100\n|-boost|p1a: Staraptor|def|1\n|-boost|p1a: Staraptor|spd|1\n|move|p1b: Meowscarada|U-turn|p2b: Kingambit\n|-start|p1b: Meowscarada|typechange|Bug|[from] ability: Protean\n|-damage|p2b: Kingambit|0 fnt\n|faint|p2b: Kingambit\n|-damage|p1b: Meowscarada|67/100|[from] item: Life Orb\n|\n|t:|1788405095\n|switch|p1b: Wyrdeer|Wyrdeer, L50, F|100/100|[from] U-turn\n|-ability|p1b: Wyrdeer|Intimidate|boost\n|-unboost|p2a: Incineroar|atk|1\n|move|p2a: Incineroar|Flare Blitz|p1b: Wyrdeer\n|-damage|p1b: Wyrdeer|77/100\n|-damage|p2a: Incineroar|92/100|[from] Recoil\n|\n|upkeep\n|\n|t:|1788405106\n|switch|p2b: Staraptor|Staraptor, L50, M|100/100\n|-ability|p2b: Staraptor|Intimidate|boost\n|-boost|p1a: Staraptor|atk|1\n|-unboost|p1b: Wyrdeer|atk|1\n|turn|4\n|\n|t:|1788405129\n|detailschange|p2b: Staraptor|Staraptor-Mega, L50, M\n|-mega|p2b: Staraptor|Staraptor|Staraptite\n|move|p1a: Staraptor|Close Combat|p2a: Incineroar\n|-supereffective|p2a: Incineroar|1\n|-damage|p2a: Incineroar|0 fnt\n|-boost|p1a: Staraptor|def|1\n|-boost|p1a: Staraptor|spd|1\n|faint|p2a: Incineroar\n|move|p2b: Staraptor|Brave Bird|p1a: Staraptor\n|-supereffective|p1a: Staraptor|1\n|-damage|p1a: Staraptor|51/100\n|-damage|p2b: Staraptor|89/100|[from] Recoil\n|move|p1b: Wyrdeer|Skill Swap|p2b: Staraptor\n|-activate|p1b: Wyrdeer|Skill Swap|Contrary|Intimidate|[of] p2b: Staraptor\n|-ability|p2b: Staraptor|Intimidate|boost\n|-boost|p1a: Staraptor|atk|1\n|-boost|p1b: Wyrdeer|atk|1\n|\n|upkeep\n|turn|5\n|-message|Gurniculator forfeited.\n|\n|win|mr.jianjian\n|raw|mr.jianjian's rating: 1221 &rarr; <strong>1239</strong><br />(+18 for winning)\n|raw|Gurniculator's rating: 1126 &rarr; <strong>1108</strong><br />(-18 for losing)\n","uploadtime":1788405145,"views":"0","formatid":"gen9championsvgc2026regmb","rating":1108,"private":0,"password":null}