{"id":"gen9championsvgc2026regmb-2674645859","format":"[Gen 9 Champions] VGC 2026 Reg M-B","players":["The Lazy Narrator","Pawah"],"log":"|j|☆The Lazy Narrator\n|j|☆Pawah\n|t:|1788384529\n|gametype|doubles\n|player|p1|The Lazy Narrator|gentleman-gen4dp|1172\n|player|p2|Pawah|ethan|1143\n|gen|9\n|tier|[Gen 9 Champions] VGC 2026 Reg M-B\n|rated|\n|rule|Species Clause: Limit one of each Pokémon\n|rule|Item Clause: Limit 1 of each item\n|clearpoke\n|poke|p1|Pikachu, L50, F|\n|poke|p1|Klefki, L50, M|\n|poke|p1|Charizard, L50, F|\n|poke|p1|Basculegion, L50, M|\n|poke|p1|Kingambit, L50, F|\n|poke|p1|Garchomp, L50, M|\n|poke|p2|Froslass, L50, F|\n|poke|p2|Scovillain, L50, F, shiny|\n|poke|p2|Basculegion, L50, M|\n|poke|p2|Kingambit, L50, F|\n|poke|p2|Sneasler, L50, F|\n|poke|p2|Lycanroc-Dusk, L50, F|\n|teampreview|4\n|inactive|Battle timer is ON: inactive players will automatically lose when time's up. (requested by Pawah)\n|\n|t:|1788384551\n|teamsize|p1|4\n|teamsize|p2|4\n|start\n|switch|p1a: Garchomp|Garchomp, L50, M|100/100\n|switch|p1b: Klefki|Klefki, L50, M|100/100\n|switch|p2a: Scovillain|Scovillain, L50, F, shiny|100/100\n|switch|p2b: Lycanroc|Lycanroc-Dusk, L50, F|100/100\n|turn|1\n|inactive|The Lazy Narrator has 30 seconds left.\n|\n|t:|1788384576\n|switch|p2b: Basculegion|Basculegion, L50, M|100/100\n|detailschange|p1a: Garchomp|Garchomp-Mega, L50, M\n|-mega|p1a: Garchomp|Garchomp|Garchompite\n|detailschange|p2a: Scovillain|Scovillain-Mega, L50, F, shiny\n|-mega|p2a: Scovillain|Scovillain|Scovillainite\n|move|p2a: Scovillain|Rage Powder|p2a: Scovillain\n|-singleturn|p2a: Scovillain|move: Rage Powder\n|move|p1b: Klefki|Fairy Lock|p1b: Klefki\n|-fieldactivate|move: Fairy Lock\n|move|p1a: Garchomp|Earth Power|p2a: Scovillain\n|-damage|p2a: Scovillain|51/100\n|-status|p1a: Garchomp|brn|[from] ability: Spicy Spray|[of] p2a: Scovillain\n|\n|-damage|p1a: Garchomp|94/100 brn|[from] brn\n|upkeep\n|turn|2\n|inactive|The Lazy Narrator has 30 seconds left.\n|inactive|Pawah has 30 seconds left.\n|\n|t:|1788384606\n|move|p1a: Garchomp|Draco Meteor|p2b: Basculegion\n|-damage|p2b: Basculegion|38/100\n|-unboost|p1a: Garchomp|spa|2\n|-enditem|p2b: Basculegion|Sitrus Berry|[eat]\n|-heal|p2b: Basculegion|63/100|[from] item: Sitrus Berry\n|move|p2a: Scovillain|Giga Drain|p1a: Garchomp\n|-damage|p1a: Garchomp|58/100 brn\n|-heal|p2a: Scovillain|70/100|[from] drain|[of] p1a: Garchomp\n|move|p2b: Basculegion|Wave Crash|p1a: Garchomp\n|-damage|p1a: Garchomp|0 fnt\n|faint|p1a: Garchomp\n|-damage|p2b: Basculegion|46/100|[from] Recoil\n|move|p1b: Klefki|Dazzling Gleam|p2b: Basculegion|[spread] p2a,p2b\n|-resisted|p2a: Scovillain|1\n|-damage|p2a: Scovillain|61/100\n|-damage|p2b: Basculegion|29/100\n|-status|p1b: Klefki|brn|[from] ability: Spicy Spray|[of] p2a: Scovillain\n|\n|-damage|p1b: Klefki|93/100 brn|[from] brn\n|upkeep\n|\n|t:|1788384628\n|switch|p1a: Charizard|Charizard, L50, F|100/100\n|turn|3\n|\n|t:|1788384651\n|move|p2a: Scovillain|Rage Powder|p2a: Scovillain\n|-singleturn|p2a: Scovillain|move: Rage Powder\n|move|p2b: Basculegion|Aqua Jet|p1a: Charizard\n|-supereffective|p1a: Charizard|1\n|-damage|p1a: Charizard|30/100\n|move|p1b: Klefki|Magic Room|p1b: Klefki\n|-fieldstart|move: Magic Room|[of] p1b: Klefki\n|move|p1a: Charizard|Scorching Sands|p2a: Scovillain\n|-damage|p2a: Scovillain|38/100\n|\n|-damage|p1b: Klefki|87/100 brn|[from] brn\n|upkeep\n|turn|4\n|\n|t:|1788384664\n|switch|p1a: Basculegion|Basculegion, L50, M|100/100\n|move|p2b: Basculegion|Aqua Jet|p1a: Basculegion\n|-resisted|p1a: Basculegion|1\n|-damage|p1a: Basculegion|82/100\n|move|p2a: Scovillain|Overheat|p1b: Klefki\n|-supereffective|p1b: Klefki|1\n|-damage|p1b: Klefki|0 fnt\n|-unboost|p2a: Scovillain|spa|2\n|faint|p1b: Klefki\n|\n|upkeep\n|\n|t:|1788384674\n|switch|p1b: Charizard|Charizard, L50, F|30/100\n|turn|5\n|\n|t:|1788384687\n|move|p1b: Charizard|Protect|p1b: Charizard\n|-singleturn|p1b: Charizard|Protect\n|move|p2a: Scovillain|Rage Powder|p2a: Scovillain\n|-singleturn|p2a: Scovillain|move: Rage Powder\n|move|p2b: Basculegion|Aqua Jet|p1b: Charizard\n|-activate|p1b: Charizard|move: Protect\n|move|p1a: Basculegion|Last Respects|p2a: Scovillain\n|-damage|p2a: Scovillain|0 fnt\n|-status|p1a: Basculegion|brn|[from] ability: Spicy Spray|[of] p2a: Scovillain\n|faint|p2a: Scovillain\n|\n|-damage|p1a: Basculegion|76/100 brn|[from] brn\n|upkeep\n|\n|t:|1788384697\n|switch|p2a: Lycanroc|Lycanroc-Dusk, L50, F|100/100\n|turn|6\n|-message|The Lazy Narrator forfeited.\n|\n|win|Pawah\n|raw|The Lazy Narrator's rating: 1172 &rarr; <strong>1145</strong><br />(-27 for losing)\n|raw|Pawah's rating: 1143 &rarr; <strong>1170</strong><br />(+27 for winning)\n","uploadtime":1788384701,"views":"1","formatid":"gen9championsvgc2026regmb","rating":1145,"private":0,"password":null}