{"id":"gen9championsvgc2026regmb-2674200441","format":"[Gen 9 Champions] VGC 2026 Reg M-B","players":["Carles0_0","Fish In French"],"log":"|j|☆Carles0_0\n|j|☆Fish In French\n|t:|1788314424\n|gametype|doubles\n|player|p1|Carles0_0|169|1118\n|player|p2|Fish In French|dawn|1163\n|gen|9\n|tier|[Gen 9 Champions] VGC 2026 Reg M-B\n|rated|\n|rule|Species Clause: Limit one of each Pokémon\n|rule|Item Clause: Limit 1 of each item\n|clearpoke\n|poke|p1|Sinistcha, L50|\n|poke|p1|Kingambit, L50, M|\n|poke|p1|Sneasler, L50, M|\n|poke|p1|Floette-Eternal, L50, F|\n|poke|p1|Delphox, L50, F|\n|poke|p1|Incineroar, L50, F|\n|poke|p2|Toxapex, L50, F|\n|poke|p2|Glimmora, L50, F|\n|poke|p2|Venusaur, L50, M|\n|poke|p2|Sinistcha-Masterpiece, L50|\n|poke|p2|Incineroar, L50, M|\n|poke|p2|Farigiraf, L50, M|\n|teampreview|4\n|\n|t:|1788314463\n|teamsize|p1|4\n|teamsize|p2|4\n|start\n|switch|p1a: Sinistcha|Sinistcha, L50|100/100\n|switch|p1b: Sneasler|Sneasler, L50, M|100/100\n|switch|p2a: Toxapex|Toxapex, L50, F|100/100\n|switch|p2b: Glimmora|Glimmora, L50, F|100/100\n|turn|1\n|\n|t:|1788314491\n|move|p1b: Sneasler|Fake Out|p2b: Glimmora\n|-resisted|p2b: Glimmora|1\n|-damage|p2b: Glimmora|92/100\n|-activate|p2b: Glimmora|ability: Toxic Debris\n|-sidestart|p1: Carles0_0|move: Toxic Spikes\n|cant|p2b: Glimmora|flinch\n|move|p1a: Sinistcha|Matcha Gotcha|p2b: Glimmora|[spread] p2a\n|-miss|p1a: Sinistcha|p2b: Glimmora\n|-damage|p2a: Toxapex|78/100\n|move|p2a: Toxapex|Infestation|p1b: Sneasler\n|-resisted|p1b: Sneasler|2\n|-damage|p1b: Sneasler|99/100\n|-activate|p1b: Sneasler|move: Infestation|[of] p2a: Toxapex\n|\n|-heal|p2a: Toxapex|84/100|[from] item: Leftovers\n|-damage|p1b: Sneasler|87/100|[from] move: Infestation|[partiallytrapped]\n|upkeep\n|turn|2\n|\n|t:|1788314522\n|move|p1a: Sinistcha|Rage Powder|p1a: Sinistcha\n|-singleturn|p1a: Sinistcha|move: Rage Powder\n|move|p1b: Sneasler|Close Combat|p2b: Glimmora\n|-damage|p2b: Glimmora|22/100\n|-unboost|p1b: Sneasler|def|1\n|-unboost|p1b: Sneasler|spd|1\n|-activate|p2b: Glimmora|ability: Toxic Debris\n|-sidestart|p1: Carles0_0|move: Toxic Spikes\n|move|p2b: Glimmora|Power Gem|p1a: Sinistcha\n|-damage|p1a: Sinistcha|55/100\n|move|p2a: Toxapex|Toxic|p1a: Sinistcha\n|-status|p1a: Sinistcha|tox\n|\n|-heal|p2a: Toxapex|89/100|[from] item: Leftovers\n|-damage|p1a: Sinistcha|49/100 tox|[from] psn\n|-damage|p1b: Sneasler|75/100|[from] move: Infestation|[partiallytrapped]\n|upkeep\n|turn|3\n|\n|t:|1788314546\n|move|p2b: Glimmora|Spiky Shield|p2b: Glimmora\n|-singleturn|p2b: Glimmora|move: Protect\n|move|p1a: Sinistcha|Protect|p1a: Sinistcha\n|-singleturn|p1a: Sinistcha|Protect\n|move|p2a: Toxapex|Baneful Bunker|p2a: Toxapex\n|-singleturn|p2a: Toxapex|move: Protect\n|move|p1b: Sneasler|Close Combat|p2b: Glimmora\n|-activate|p2b: Glimmora|move: Protect\n|-damage|p1b: Sneasler|63/100|[from] Spiky Shield|[of] p2b: Glimmora\n|\n|-heal|p2a: Toxapex|95/100|[from] item: Leftovers\n|-damage|p1a: Sinistcha|37/100 tox|[from] psn\n|-damage|p1b: Sneasler|50/100g|[from] move: Infestation|[partiallytrapped]\n|upkeep\n|turn|4\n|\n|t:|1788314574\n|switch|p1a: Delphox|Delphox, L50, F|100/100\n|-status|p1a: Delphox|tox\n|move|p1b: Sneasler|Close Combat|p2b: Glimmora\n|-crit|p2b: Glimmora\n|-damage|p2b: Glimmora|0 fnt\n|-unboost|p1b: Sneasler|def|1\n|-unboost|p1b: Sneasler|spd|1\n|faint|p2b: Glimmora\n|move|p2a: Toxapex|Infestation|p1a: Delphox\n|-damage|p1a: Delphox|96/100 tox\n|-activate|p1a: Delphox|move: Infestation|[of] p2a: Toxapex\n|\n|-heal|p2a: Toxapex|100/100|[from] item: Leftovers\n|-damage|p1a: Delphox|90/100 tox|[from] psn\n|-damage|p1b: Sneasler|38/100|[from] move: Infestation|[partiallytrapped]\n|-damage|p1a: Delphox|78/100 tox|[from] move: Infestation|[partiallytrapped]\n|upkeep\n|\n|t:|1788314589\n|switch|p2b: Incineroar|Incineroar, L50, M|100/100\n|-ability|p2b: Incineroar|Intimidate|boost\n|-unboost|p1a: Delphox|atk|1\n|-unboost|p1b: Sneasler|atk|1\n|turn|5\n|\n|t:|1788314610\n|detailschange|p1a: Delphox|Delphox-Mega, L50, F\n|-mega|p1a: Delphox|Delphox|Delphoxite\n|move|p2b: Incineroar|Fake Out|p1a: Delphox\n|-damage|p1a: Delphox|54/100 tox\n|cant|p1a: Delphox|flinch\n|move|p1b: Sneasler|Dire Claw|p2a: Toxapex\n|-resisted|p2a: Toxapex|1\n|-damage|p2a: Toxapex|88/100\n|move|p2a: Toxapex|Infestation|p1b: Sneasler\n|-resisted|p1b: Sneasler|2\n|-damage|p1b: Sneasler|36/100\n|\n|-heal|p2a: Toxapex|93/100|[from] item: Leftovers\n|-damage|p1a: Delphox|43/100 tox|[from] psn\n|-damage|p1a: Delphox|31/100 tox|[from] move: Infestation|[partiallytrapped]\n|-damage|p1b: Sneasler|24/100|[from] move: Infestation|[partiallytrapped]\n|upkeep\n|turn|6\n|\n|t:|1788314629\n|move|p2a: Toxapex|Baneful Bunker|p2a: Toxapex\n|-singleturn|p2a: Toxapex|move: Protect\n|move|p1a: Delphox|Psyshock|p2a: Toxapex\n|-activate|p2a: Toxapex|move: Protect\n|move|p1b: Sneasler|Close Combat|p2b: Incineroar\n|-supereffective|p2b: Incineroar|1\n|-damage|p2b: Incineroar|18/100\n|-unboost|p1b: Sneasler|def|1\n|-unboost|p1b: Sneasler|spd|1\n|move|p2b: Incineroar|Darkest Lariat|p1a: Delphox\n|-supereffective|p1a: Delphox|1\n|-damage|p1a: Delphox|0 fnt\n|faint|p1a: Delphox\n|\n|-heal|p2a: Toxapex|99/100|[from] item: Leftovers\n|-end|p1b: Sneasler|Infestation|[partiallytrapped]\n|upkeep\n|\n|t:|1788314643\n|switch|p1a: Sinistcha|Sinistcha, L50|37/100 tox\n|-heal|p1b: Sneasler|49/100|[from] ability: Hospitality|[of] p1a: Sinistcha\n|turn|7\n|\n|t:|1788314653\n|move|p1b: Sneasler|Close Combat|p2b: Incineroar\n|-supereffective|p2b: Incineroar|1\n|-damage|p2b: Incineroar|0 fnt\n|-unboost|p1b: Sneasler|def|1\n|-unboost|p1b: Sneasler|spd|1\n|faint|p2b: Incineroar\n|move|p1a: Sinistcha|Matcha Gotcha|p2a: Toxapex\n|-damage|p2a: Toxapex|70/100\n|-heal|p1a: Sinistcha|47/100 tox|[from] drain|[of] p2a: Toxapex\n|move|p2a: Toxapex|Infestation|p1a: Sinistcha\n|-damage|p1a: Sinistcha|43/100 tox\n|-activate|p1a: Sinistcha|move: Infestation|[of] p2a: Toxapex\n|\n|-heal|p2a: Toxapex|76/100|[from] item: Leftovers\n|-damage|p1a: Sinistcha|37/100 tox|[from] psn\n|-damage|p1a: Sinistcha|24/100 tox|[from] move: Infestation|[partiallytrapped]\n|upkeep\n|\n|t:|1788314669\n|switch|p2b: Venusaur|Venusaur, L50, M|100/100\n|turn|8\n|\n|t:|1788314679\n|detailschange|p2b: Venusaur|Venusaur-Mega, L50, M\n|-mega|p2b: Venusaur|Venusaur|Venusaurite\n|move|p1b: Sneasler|Dire Claw|p2b: Venusaur\n|-damage|p2b: Venusaur|82/100\n|move|p2b: Venusaur|Giga Drain|p1b: Sneasler\n|-resisted|p1b: Sneasler|1\n|-damage|p1b: Sneasler|0 fnt\n|-heal|p2b: Venusaur|100/100|[from] drain|[of] p1b: Sneasler\n|faint|p1b: Sneasler\n|move|p1a: Sinistcha|Matcha Gotcha|p2a: Toxapex|[spread] p2a,p2b\n|-resisted|p2b: Venusaur|2\n|-damage|p2a: Toxapex|56/100\n|-heal|p1a: Sinistcha|32/100 tox|[from] drain|[of] p2a: Toxapex\n|-damage|p2b: Venusaur|95/100\n|-heal|p1a: Sinistcha|34/100 tox|[from] drain|[of] p2b: Venusaur\n|move|p2a: Toxapex|Infestation|p1a: Sinistcha\n|-crit|p1a: Sinistcha\n|-damage|p1a: Sinistcha|28/100 tox\n|\n|-heal|p2a: Toxapex|62/100|[from] item: Leftovers\n|-damage|p1a: Sinistcha|16/100 tox|[from] psn\n|-damage|p1a: Sinistcha|3/100 tox|[from] move: Infestation|[partiallytrapped]\n|upkeep\n|\n|t:|1788314703\n|switch|p1b: Floette|Floette-Eternal, L50, F|100/100\n|-status|p1b: Floette|tox\n|turn|9\n|\n|t:|1788314719\n|move|p2b: Venusaur|Protect|p2b: Venusaur\n|-singleturn|p2b: Venusaur|Protect\n|move|p2a: Toxapex|Baneful Bunker|p2a: Toxapex\n|-singleturn|p2a: Toxapex|move: Protect\n|move|p1b: Floette|Moonblast|p2b: Venusaur\n|-activate|p2b: Venusaur|move: Protect\n|move|p1a: Sinistcha|Matcha Gotcha|p2b: Venusaur|[spread] \n|-activate|p2a: Toxapex|move: Protect\n|-activate|p2b: Venusaur|move: Protect\n|\n|-heal|p2a: Toxapex|67/100|[from] item: Leftovers\n|-damage|p1b: Floette|94/100 tox|[from] psn\n|-damage|p1a: Sinistcha|0 fnt|[from] psn\n|faint|p1a: Sinistcha\n|upkeep\n|turn|10\n|\n|t:|1788314737\n|move|p2b: Venusaur|Protect||[still]\n|-fail|p2b: Venusaur\n|move|p2a: Toxapex|Baneful Bunker|p2a: Toxapex\n|-singleturn|p2a: Toxapex|move: Protect\n|move|p1b: Floette|Moonblast|p2b: Venusaur\n|-resisted|p2b: Venusaur|1\n|-damage|p2b: Venusaur|74/100\n|-unboost|p2b: Venusaur|spa|1\n|\n|-heal|p2a: Toxapex|73/100|[from] item: Leftovers\n|-damage|p1b: Floette|82/100 tox|[from] psn\n|upkeep\n|turn|11\n|-message|Carles0_0 forfeited.\n|\n|win|Fish In French\n|raw|Carles0_0's rating: 1118 &rarr; <strong>1096</strong><br />(-22 for losing)\n|raw|Fish In French's rating: 1163 &rarr; <strong>1185</strong><br />(+22 for winning)\n|l|☆Carles0_0\n|player|p1|\n","uploadtime":1788314750,"views":"0","formatid":"gen9championsvgc2026regmb","rating":1096,"private":0,"password":null}