{"id":"gen9championsvgc2026regmb-2674232171","format":"[Gen 9 Champions] VGC 2026 Reg M-B","players":["Arteraeth","verd1squo"],"log":"|j|☆Arteraeth\n|j|☆verd1squo\n|t:|1788319744\n|gametype|doubles\n|player|p1|Arteraeth|pokemaniac|1112\n|player|p2|verd1squo|steven|1118\n|gen|9\n|tier|[Gen 9 Champions] VGC 2026 Reg M-B\n|rated|\n|rule|Species Clause: Limit one of each Pokémon\n|rule|Item Clause: Limit 1 of each item\n|clearpoke\n|poke|p1|Eelektross, L50, F|\n|poke|p1|Sableye, L50, M|\n|poke|p1|Scrafty, L50, F|\n|poke|p1|Tinkaton, L50, F|\n|poke|p1|Kangaskhan, L50, F, shiny|\n|poke|p1|Scovillain, L50, F|\n|poke|p2|Dragonite, L50, M, shiny|\n|poke|p2|Floette-Eternal, L50, F|\n|poke|p2|Basculegion, L50, M, shiny|\n|poke|p2|Garchomp, L50, M, shiny|\n|poke|p2|Kingambit, L50, M, shiny|\n|poke|p2|Sneasler, L50, M, shiny|\n|teampreview|4\n|inactive|Battle timer is ON: inactive players will automatically lose when time's up. (requested by verd1squo)\nverd1squo rejected open team sheets.\n|inactive|Arteraeth has 60 seconds left.\n|\n|t:|1788319781\n|teamsize|p1|4\n|teamsize|p2|4\n|start\n|switch|p1a: The Pitt|Eelektross, L50, F|100/100\n|switch|p1b: WWE Smackdown|Scrafty, L50, F|100/100\n|switch|p2a: Dragonite|Dragonite, L50, M, shiny|100/100\n|switch|p2b: Sneasler|Sneasler, L50, M, shiny|100/100\n|-ability|p1b: WWE Smackdown|Intimidate|boost\n|-unboost|p2a: Dragonite|atk|1\n|-unboost|p2b: Sneasler|atk|1\n|turn|1\n|inactive|Arteraeth has 30 seconds left.\n|\n|t:|1788319813\n|detailschange|p2a: Dragonite|Dragonite-Mega, L50, M, shiny\n|-mega|p2a: Dragonite|Dragonite|Dragoninite\n|detailschange|p1a: The Pitt|Eelektross-Mega, L50, F\n|-mega|p1a: The Pitt|Eelektross|Eelektrossite\n|move|p2b: Sneasler|Fake Out|p1b: WWE Smackdown\n|-damage|p1b: WWE Smackdown|90/100\n|-status|p1b: WWE Smackdown|psn|[from] ability: Poison Touch|[of] p2b: Sneasler\n|cant|p1b: WWE Smackdown|flinch\n|move|p2a: Dragonite|Dragon Pulse|p1b: WWE Smackdown\n|-damage|p1b: WWE Smackdown|39/100 psn\n|move|p1a: The Pitt|Thunderbolt|p2a: Dragonite\n|-damage|p2a: Dragonite|78/100\n|\n|-damage|p1b: WWE Smackdown|27/100 psn|[from] psn\n|upkeep\n|turn|2\n|inactive|Arteraeth has 30 seconds left.\n|\n|t:|1788319838\n|switch|p1b: Downton Abbey|Tinkaton, L50, F|100/100\n|-ability|p1b: Downton Abbey|Mold Breaker\n|move|p2b: Sneasler|Close Combat|p1b: Downton Abbey\n|-damage|p1b: Downton Abbey|43/100\n|-unboost|p2b: Sneasler|def|1\n|-unboost|p2b: Sneasler|spd|1\n|move|p2a: Dragonite|Heat Wave|p1b: Downton Abbey|[spread] p1a,p1b\n|-supereffective|p1b: Downton Abbey|1\n|-damage|p1a: The Pitt|62/100\n|-damage|p1b: Downton Abbey|0 fnt\n|faint|p1b: Downton Abbey\n|move|p1a: The Pitt|Thunderbolt|p2a: Dragonite\n|-damage|p2a: Dragonite|33/100\n|\n|upkeep\n|\n|t:|1788319854\n|switch|p1b: WWE Smackdown|Scrafty, L50, F|27/100 psn\n|-ability|p1b: WWE Smackdown|Intimidate|boost\n|-unboost|p2a: Dragonite|atk|1\n|-unboost|p2b: Sneasler|atk|1\n|turn|3\n|\n|t:|1788319874\n|move|p1b: WWE Smackdown|Fake Out|p2b: Sneasler\n|-damage|p2b: Sneasler|67/100\n|move|p2a: Dragonite|Extreme Speed|p1b: WWE Smackdown\n|-damage|p1b: WWE Smackdown|18/100 psn\n|cant|p2b: Sneasler|flinch\n|move|p1a: The Pitt|Thunderbolt|p2a: Dragonite\n|-damage|p2a: Dragonite|0 fnt\n|faint|p2a: Dragonite\n|-ability|p1a: The Pitt|Eelevate|boost\n|-boost|p1a: The Pitt|spa|1\n|\n|-damage|p1b: WWE Smackdown|6/100 psn|[from] psn\n|upkeep\n|\n|t:|1788319887\n|switch|p2a: Basculegion|Basculegion, L50, M, shiny|100/100\n|turn|4\n|\n|t:|1788319911\n|switch|p1b: Teen Mom|Kangaskhan, L50, F, shiny|100/100\n|move|p2a: Basculegion|Protect|p2a: Basculegion\n|-singleturn|p2a: Basculegion|Protect\n|move|p2b: Sneasler|Feint|p1a: The Pitt\n|-damage|p1a: The Pitt|53/100\n|move|p1a: The Pitt|Giga Drain|p2a: Basculegion\n|-activate|p2a: Basculegion|move: Protect\n|\n|upkeep\n|turn|5\n|\n|t:|1788319932\n|move|p1b: Teen Mom|Fake Out|p2b: Sneasler\n|-damage|p2b: Sneasler|21/100\n|cant|p2b: Sneasler|flinch\n|move|p1a: The Pitt|Giga Drain|p2a: Basculegion\n|-supereffective|p2a: Basculegion|1\n|-damage|p2a: Basculegion|20/100y\n|-heal|p1a: The Pitt|100/100|[from] drain|[of] p2a: Basculegion\n|move|p2a: Basculegion|Wave Crash|p1a: The Pitt\n|-damage|p1a: The Pitt|0 fnt\n|faint|p1a: The Pitt\n|-damage|p2a: Basculegion|0 fnt|[from] Recoil\n|faint|p2a: Basculegion\n|\n|upkeep\n|\n|t:|1788319951\n|switch|p1a: WWE Smackdown|Scrafty, L50, F|6/100 psn\n|switch|p2a: Kingambit|Kingambit, L50, M, shiny|100/100\n|-ability|p1a: WWE Smackdown|Intimidate|boost\n|-unboost|p2a: Kingambit|atk|1\n|-ability|p2a: Kingambit|Defiant|boost\n|-boost|p2a: Kingambit|atk|2\n|-unboost|p2b: Sneasler|atk|1\n|turn|6\n|\n|t:|1788319974\n|move|p1a: WWE Smackdown|Fake Out|p2b: Sneasler\n|-damage|p2b: Sneasler|0 fnt\n|faint|p2b: Sneasler\n|move|p1b: Teen Mom|Drain Punch|p2a: Kingambit\n|-supereffective|p2a: Kingambit|2\n|-enditem|p2a: Kingambit|Chople Berry|[eat]\n|-enditem|p2a: Kingambit|Chople Berry|[weaken]\n|-damage|p2a: Kingambit|66/100\n|move|p2a: Kingambit|Low Kick|p1b: Teen Mom\n|-supereffective|p1b: Teen Mom|1\n|-damage|p1b: Teen Mom|0 fnt\n|faint|p1b: Teen Mom\n|\n|-damage|p1a: WWE Smackdown|0 fnt|[from] psn\n|faint|p1a: WWE Smackdown\n|\n|win|verd1squo\n|raw|Arteraeth's rating: 1112 &rarr; <strong>1087</strong><br />(-25 for losing)\n|raw|verd1squo's rating: 1118 &rarr; <strong>1143</strong><br />(+25 for winning)\n|l|☆Arteraeth\n|player|p1|\n|c|☆verd1squo|gg\n","uploadtime":1788319993,"views":"0","formatid":"gen9championsvgc2026regmb","rating":1087,"private":0,"password":null}