{"id":"gen9championsvgc2026regmb-2674039360","format":"[Gen 9 Champions] VGC 2026 Reg M-B","players":["LowLadderCatGirl","superdolphin440"],"log":"|j|☆LowLadderCatGirl\n|j|☆superdolphin440\n|html|<table width=\"100%\"><tr><td align=\"left\">LowLadderCatGirl</td><td align=\"right\">superdolphin440</tr><tr><td align=\"left\"><i class=\"fa fa-circle-o\"></i> <i class=\"fa fa-circle-o\"></i> </td><td align=\"right\"><i class=\"fa fa-circle-o\"></i> <i class=\"fa fa-circle\"></i> </tr></table>\n|uhtml|bestof|<h2><strong>Game 2</strong> of <a href=\"/game-bestof3-gen9championsvgc2026regmb-2674037800\">a best-of-3</a></h2>\n|t:|1788291319\n|gametype|doubles\n|player|p1|LowLadderCatGirl|yancy|\n|player|p2|superdolphin440|scientistf|\n|gen|9\n|tier|[Gen 9 Champions] VGC 2026 Reg M-B\n|rule|Species Clause: Limit one of each Pokémon\n|rule|Item Clause: Limit 1 of each item\n|raw|<div class=\"infobox\"><details class=\"readmore\" open><summary><strong>1 custom rule:</strong></summary> Best of = 3</details></div>\n|clearpoke\n|poke|p1|Raichu, L50, M|\n|poke|p1|Krookodile, L50, F|\n|poke|p1|Palafin, L50, F|\n|poke|p1|Ditto, L50|\n|poke|p1|Tinkaton, L50, F|\n|poke|p1|Froslass, L50, F|\n|poke|p2|Gengar, L50, F, shiny|\n|poke|p2|Basculegion, L50, M|\n|poke|p2|Steelix, L50, M, shiny|\n|poke|p2|Kommo-o, L50, M, shiny|\n|poke|p2|Grimmsnarl, L50, M|\n|poke|p2|Politoed, L50, M, shiny|\n|teampreview|4\n|inactive|Battle timer is ON: inactive players will automatically lose when time's up. (requested by LowLadderCatGirl)\n|inactive|superdolphin440 has 60 seconds left.\n|\n|t:|1788291364\n|teamsize|p1|4\n|teamsize|p2|4\n|start\n|switch|p1a: Tinkaton|Tinkaton, L50, F|100/100\n|switch|p1b: Palafin|Palafin, L50, F|100/100\n|switch|p2a: wash|Politoed, L50, M, shiny|100/100\n|switch|p2b: gang orca|Basculegion, L50, M|100/100\n|-ability|p1a: Tinkaton|Mold Breaker\n|-weather|RainDance|[from] ability: Drizzle|[of] p2a: wash\n|turn|1\n|inactive|LowLadderCatGirl has 30 seconds left.\n|inactive|LowLadderCatGirl has 20 seconds left.\n|\n|t:|1788291400\n|move|p1a: Tinkaton|Fake Out|p2a: wash\n|-damage|p2a: wash|89/100\n|move|p2b: gang orca|Flip Turn|p1a: Tinkaton\n|-damage|p1a: Tinkaton|24/100\n|\n|t:|1788291407\n|switch|p2b: eraserhead|Gengar, L50, F, shiny|100/100|[from] Flip Turn\n|move|p1b: Palafin|Wave Crash|p2b: eraserhead\n|-damage|p2b: eraserhead|0 fnt\n|faint|p2b: eraserhead\n|-damage|p1b: Palafin|73/100|[from] Recoil\n|cant|p2a: wash|flinch\n|\n|-weather|RainDance|[upkeep]\n|upkeep\n|\n|t:|1788291413\n|switch|p2b: gang orca|Basculegion, L50, M|100/100\n|turn|2\n|\n|t:|1788291429\n|move|p1b: Palafin|Protect|p1b: Palafin\n|-singleturn|p1b: Palafin|Protect\n|move|p2b: gang orca|Last Respects|p1b: Palafin\n|-activate|p1b: Palafin|move: Protect\n|move|p1a: Tinkaton|Play Rough|p2b: gang orca\n|-damage|p2b: gang orca|64/100\n|move|p2a: wash|Muddy Water|p1a: Tinkaton|[spread] p1a\n|-activate|p1b: Palafin|move: Protect\n|-damage|p1a: Tinkaton|0 fnt\n|faint|p1a: Tinkaton\n|-damage|p2a: wash|79/100|[from] item: Life Orb\n|\n|-weather|RainDance|[upkeep]\n|upkeep\n|\n|t:|1788291440\n|switch|p1a: Ditto|Ditto, L50|100/100\n|-transform|p1a: Ditto|p2b: gang orca|[from] ability: Imposter\n|turn|3\n|\n|t:|1788291459\n|move|p1a: Ditto|Last Respects|p2b: gang orca\n|-supereffective|p2b: gang orca|1\n|-damage|p2b: gang orca|0 fnt\n|faint|p2b: gang orca\n|move|p1b: Palafin|Wave Crash|p2a: wash\n|-resisted|p2a: wash|1\n|-damage|p2a: wash|30/100\n|-damage|p1b: Palafin|56/100|[from] Recoil\n|move|p2a: wash|Muddy Water|p1b: Palafin|[spread] p1a,p1b\n|-resisted|p1a: Ditto|1\n|-resisted|p1b: Palafin|1\n|-damage|p1a: Ditto|60/100\n|-damage|p1b: Palafin|17/100\n|-unboost|p1b: Palafin|accuracy|1\n|-damage|p2a: wash|20/100y|[from] item: Life Orb\n|\n|-weather|RainDance|[upkeep]\n|upkeep\n|\n|t:|1788291462\n|switch|p2b: all might|Kommo-o, L50, M, shiny|100/100\n|turn|4\n|c|☆superdolphin440|damn\n|\n|t:|1788291476\n|move|p1a: Ditto|Last Respects|p2a: wash\n|-damage|p2a: wash|0 fnt\n|faint|p2a: wash\n|move|p2b: all might|Clanging Scales|p1a: Ditto|[spread] p1a,p1b\n|-damage|p1a: Ditto|9/100\n|-damage|p1b: Palafin|0 fnt\n|faint|p1b: Palafin\n|-unboost|p2b: all might|def|1\n|\n|-weather|RainDance|[upkeep]\n|upkeep\n|\n|t:|1788291481\n|switch|p1b: Raichu|Raichu, L50, M|100/100\n|turn|5\n|\n|t:|1788291487\n|detailschange|p1b: Raichu|Raichu-Mega-Y, L50, M\n|-mega|p1b: Raichu|Raichu|Raichunite Y\n|move|p1a: Ditto|Last Respects|p2b: all might\n|-damage|p2b: all might|0 fnt\n|faint|p2b: all might\n|\n|win|LowLadderCatGirl\n||superdolphin440 is ready for game 3.\n|inactive|LowLadderCatGirl has 30 seconds to confirm battle start!\n","uploadtime":1788291490,"views":"1","formatid":"gen9championsvgc2026regmb","rating":null,"private":0,"password":null}