{"id":"gen9championsvgc2026regmb-2674130487","format":"[Gen 9 Champions] VGC 2026 Reg M-B","players":["uupadilla","verd1squo"],"log":"|j|☆uupadilla\n|j|☆verd1squo\n|t:|1788303588\n|gametype|doubles\n|player|p1|uupadilla|steven|1205\n|player|p2|verd1squo|steven|1141\n|gen|9\n|tier|[Gen 9 Champions] VGC 2026 Reg M-B\n|rated|\n|rule|Species Clause: Limit one of each Pokémon\n|rule|Item Clause: Limit 1 of each item\n|clearpoke\n|poke|p1|Raichu, L50, M|\n|poke|p1|Mawile, L50, F|\n|poke|p1|Farigiraf, L50, F|\n|poke|p1|Garchomp, L50, F|\n|poke|p1|Torkoal, L50, F|\n|poke|p1|Vivillon-Continental, L50, F|\n|poke|p2|Dragonite, L50, M, shiny|\n|poke|p2|Floette-Eternal, L50, F|\n|poke|p2|Basculegion, L50, M, shiny|\n|poke|p2|Garchomp, L50, M, shiny|\n|poke|p2|Kingambit, L50, M, shiny|\n|poke|p2|Sneasler, L50, M, shiny|\n|teampreview|4\n|inactive|Battle timer is ON: inactive players will automatically lose when time's up. (requested by verd1squo)\nverd1squo rejected open team sheets.\n|\n|t:|1788303605\n|teamsize|p1|4\n|teamsize|p2|4\n|start\n|switch|p1a: Garchomp|Garchomp, L50, F|100/100\n|switch|p1b: Vivillon|Vivillon-Continental, L50, F|100/100\n|switch|p2a: Dragonite|Dragonite, L50, M, shiny|100/100\n|switch|p2b: Kingambit|Kingambit, L50, M, shiny|100/100\n|turn|1\n|\n|t:|1788303625\n|detailschange|p2a: Dragonite|Dragonite-Mega, L50, M, shiny\n|-mega|p2a: Dragonite|Dragonite|Dragoninite\n|move|p1b: Vivillon|Rage Powder|p1b: Vivillon\n|-singleturn|p1b: Vivillon|move: Rage Powder\n|move|p1a: Garchomp|Dragon Claw|p2a: Dragonite\n|-supereffective|p2a: Dragonite|1\n|-damage|p2a: Dragonite|45/100\n|-damage|p1a: Garchomp|90/100|[from] item: Life Orb\n|move|p2a: Dragonite|Heat Wave|p1a: Garchomp|[spread] p1a,p1b\n|-resisted|p1a: Garchomp|1\n|-supereffective|p1b: Vivillon|1\n|-damage|p1a: Garchomp|75/100\n|-enditem|p1b: Vivillon|Focus Sash\n|-damage|p1b: Vivillon|1/100\n|move|p2b: Kingambit|Iron Head|p1b: Vivillon\n|-damage|p1b: Vivillon|0 fnt\n|faint|p1b: Vivillon\n|\n|upkeep\n|\n|t:|1788303646\n|switch|p1b: Raichu|Raichu, L50, M|100/100\n|turn|2\n|inactive|uupadilla has 30 seconds left.\n|\n|t:|1788303672\n|detailschange|p1b: Raichu|Raichu-Mega-Y, L50, M\n|-mega|p1b: Raichu|Raichu|Raichunite Y\n|move|p2a: Dragonite|Protect|p2a: Dragonite\n|-singleturn|p2a: Dragonite|Protect\n|move|p1b: Raichu|Focus Blast|p2b: Kingambit\n|-supereffective|p2b: Kingambit|2\n|-enditem|p2b: Kingambit|Chople Berry|[eat]\n|-enditem|p2b: Kingambit|Chople Berry|[weaken]\n|-damage|p2b: Kingambit|35/100\n|move|p1a: Garchomp|Dragon Claw|p2a: Dragonite\n|-activate|p2a: Dragonite|move: Protect\n|move|p2b: Kingambit|Iron Head|p1a: Garchomp\n|-damage|p1a: Garchomp|32/100\n|-damage|p2b: Kingambit|23/100|[from] ability: Rough Skin|[of] p1a: Garchomp\n|\n|upkeep\n|turn|3\n|inactive|uupadilla has 30 seconds left.\n|inactive|verd1squo has 30 seconds left.\n|\n|t:|1788303702\n|move|p1b: Raichu|Zap Cannon|p2b: Kingambit\n|-damage|p2b: Kingambit|0 fnt\n|faint|p2b: Kingambit\n|-end|p2b: Kingambit|fallenundefined|[silent]\n|move|p1a: Garchomp|Dragon Claw|p2a: Dragonite\n|-supereffective|p2a: Dragonite|1\n|-damage|p2a: Dragonite|0 fnt\n|faint|p2a: Dragonite\n|-damage|p1a: Garchomp|22/100|[from] item: Life Orb\n|\n|upkeep\n|\n|t:|1788303711\n|switch|p2a: Basculegion|Basculegion, L50, M, shiny|100/100\n|switch|p2b: Sneasler|Sneasler, L50, M, shiny|100/100\n|turn|4\n|\n|t:|1788303721\n|move|p1b: Raichu|Protect|p1b: Raichu\n|-singleturn|p1b: Raichu|Protect\n|move|p1a: Garchomp|Protect|p1a: Garchomp\n|-singleturn|p1a: Garchomp|Protect\n|move|p2b: Sneasler|Fake Out|p1b: Raichu\n|-activate|p1b: Raichu|move: Protect\n|move|p2a: Basculegion|Last Respects|p1b: Raichu\n|-activate|p1b: Raichu|move: Protect\n|\n|upkeep\n|turn|5\n|inactive|uupadilla has 30 seconds left.\n|inactive|uupadilla has 20 seconds left.\n|\n|t:|1788303758\n|move|p1b: Raichu|Zap Cannon|p2a: Basculegion\n|-supereffective|p2a: Basculegion|1\n|-damage|p2a: Basculegion|0 fnt\n|faint|p2a: Basculegion\n|move|p2b: Sneasler|Close Combat|p1a: Garchomp\n|-damage|p1a: Garchomp|0 fnt\n|-unboost|p2b: Sneasler|def|1\n|-unboost|p2b: Sneasler|spd|1\n|-damage|p2b: Sneasler|87/100|[from] ability: Rough Skin|[of] p1a: Garchomp\n|faint|p1a: Garchomp\n|\n|upkeep\n|\n|t:|1788303769\n|switch|p1a: Farigiraf|Farigiraf, L50, F|100/100\n|turn|6\n|\n|t:|1788303781\n|move|p1b: Raichu|Zap Cannon|p2b: Sneasler\n|-damage|p2b: Sneasler|0 fnt\n|faint|p2b: Sneasler\n|\n|win|uupadilla\n|raw|uupadilla's rating: 1205 &rarr; <strong>1225</strong><br />(+20 for winning)\n|raw|verd1squo's rating: 1141 &rarr; <strong>1121</strong><br />(-20 for losing)\n","uploadtime":1788303787,"views":"3","formatid":"gen9championsvgc2026regmb","rating":1121,"private":0,"password":null}