{"id":"gen9championsvgc2026regmb-2674947233","format":"[Gen 9 Champions] VGC 2026 Reg M-B","players":["TESTDIGI","Miniassasin101"],"log":"|j|☆TESTDIGI\n|j|☆Miniassasin101\n|t:|1788440384\n|gametype|doubles\n|player|p1|TESTDIGI|169|1347\n|player|p2|Miniassasin101|grimsley-gen7|1391\n|gen|9\n|tier|[Gen 9 Champions] VGC 2026 Reg M-B\n|rated|\n|rule|Species Clause: Limit one of each Pokémon\n|rule|Item Clause: Limit 1 of each item\n|clearpoke\n|poke|p1|Gholdengo, L50|\n|poke|p1|Staraptor, L50, F, shiny|\n|poke|p1|Tyranitar, L50, M|\n|poke|p1|Farigiraf, L50, M|\n|poke|p1|Whimsicott, L50, M, shiny|\n|poke|p1|Excadrill, L50, M|\n|poke|p2|Zoroark-Hisui, L50, F, shiny|\n|poke|p2|Umbreon, L50, F|\n|poke|p2|Kommo-o, L50, M|\n|poke|p2|Scovillain, L50, M|\n|poke|p2|Scizor, L50, F|\n|poke|p2|Primarina, L50, F|\n|teampreview|4\n|inactive|Battle timer is ON: inactive players will automatically lose when time's up. (requested by Miniassasin101)\n|inactive|TESTDIGI has 60 seconds left.\n|inactive|Miniassasin101 has 60 seconds left.\n|\n|t:|1788440440\n|teamsize|p1|4\n|teamsize|p2|4\n|start\n|switch|p1a: Tyranitar|Tyranitar, L50, M|100/100\n|switch|p1b: Excadrill|Excadrill, L50, M|100/100\n|switch|p2a: Kommo-o|Kommo-o, L50, M|100/100\n|switch|p2b: Scovillain|Scovillain, L50, M|100/100\n|-weather|Sandstorm|[from] ability: Sand Stream|[of] p1a: Tyranitar\n|turn|1\n|inactive|TESTDIGI has 30 seconds left.\n|\n|t:|1788440469\n|detailschange|p2b: Scovillain|Scovillain-Mega, L50, M\n|-mega|p2b: Scovillain|Scovillain|Scovillainite\n|move|p1b: Excadrill|Protect|p1b: Excadrill\n|-singleturn|p1b: Excadrill|Protect\n|move|p2a: Kommo-o|Protect|p2a: Kommo-o\n|-singleturn|p2a: Kommo-o|Protect\n|move|p1a: Tyranitar|Rock Slide|p2b: Scovillain|[spread] p2b\n|-activate|p2a: Kommo-o|move: Protect\n|-supereffective|p2b: Scovillain|1\n|-damage|p2b: Scovillain|53/100\n|-status|p1a: Tyranitar|brn|[from] ability: Spicy Spray|[of] p2b: Scovillain\n|cant|p2b: Scovillain|flinch\n|\n|-weather|Sandstorm|[upkeep]\n|-damage|p2a: Kommo-o|93/100|[from] Sandstorm\n|-damage|p2b: Scovillain|47/100|[from] Sandstorm\n|-heal|p2a: Kommo-o|100/100|[from] item: Leftovers\n|-damage|p1a: Tyranitar|94/100 brn|[from] brn\n|upkeep\n|turn|2\n|\n|t:|1788440494\n|move|p1a: Tyranitar|Protect|p1a: Tyranitar\n|-singleturn|p1a: Tyranitar|Protect\n|move|p1b: Excadrill|Earthquake|p2a: Kommo-o|[spread] p2a,p2b\n|-activate|p1a: Tyranitar|move: Protect\n|-damage|p2a: Kommo-o|67/100\n|-damage|p2b: Scovillain|12/100\n|-status|p1b: Excadrill|brn|[from] ability: Spicy Spray|[of] p2b: Scovillain\n|move|p2a: Kommo-o|Clangorous Soul|p2a: Kommo-o\n|-boost|p2a: Kommo-o|atk|1\n|-boost|p2a: Kommo-o|def|1\n|-boost|p2a: Kommo-o|spa|1\n|-boost|p2a: Kommo-o|spd|1\n|-boost|p2a: Kommo-o|spe|1\n|-damage|p2a: Kommo-o|35/100\n|move|p2b: Scovillain|Giga Drain|p1a: Tyranitar\n|-activate|p1a: Tyranitar|move: Protect\n|\n|-weather|Sandstorm|[upkeep]\n|-damage|p2a: Kommo-o|29/100|[from] Sandstorm\n|-damage|p2b: Scovillain|6/100|[from] Sandstorm\n|-heal|p2a: Kommo-o|35/100|[from] item: Leftovers\n|-damage|p1b: Excadrill|93/100 brn|[from] brn\n|-damage|p1a: Tyranitar|88/100 brn|[from] brn\n|upkeep\n|turn|3\n|\n|t:|1788440512\n|switch|p2b: Scizor|Scizor, L50, F|100/100\n|move|p1b: Excadrill|High Horsepower|p2a: Kommo-o\n|-damage|p2a: Kommo-o|20/100y\n|move|p2a: Kommo-o|Drain Punch|p1a: Tyranitar\n|-supereffective|p1a: Tyranitar|2\n|-enditem|p1a: Tyranitar|Chople Berry|[eat]\n|-enditem|p1a: Tyranitar|Chople Berry|[weaken]\n|-damage|p1a: Tyranitar|16/100 brn\n|-heal|p2a: Kommo-o|60/100|[from] drain|[of] p1a: Tyranitar\n|move|p1a: Tyranitar|Rock Slide|p2a: Kommo-o|[spread] p2a,p2b\n|-resisted|p2a: Kommo-o|1\n|-crit|p2a: Kommo-o\n|-damage|p2a: Kommo-o|51/100\n|-damage|p2b: Scizor|83/100\n|\n|-weather|Sandstorm|[upkeep]\n|-damage|p2a: Kommo-o|45/100|[from] Sandstorm\n|-heal|p2a: Kommo-o|51/100|[from] item: Leftovers\n|-damage|p1b: Excadrill|87/100 brn|[from] brn\n|-damage|p1a: Tyranitar|10/100 brn|[from] brn\n|upkeep\n|turn|4\n|\n|t:|1788440532\n|move|p1b: Excadrill|High Horsepower|p2b: Scizor\n|-damage|p2b: Scizor|59/100\n|move|p2a: Kommo-o|Drain Punch|p1b: Excadrill\n|-supereffective|p1b: Excadrill|1\n|-damage|p1b: Excadrill|0 fnt\n|-heal|p2a: Kommo-o|99/100|[from] drain|[of] p1b: Excadrill\n|faint|p1b: Excadrill\n|move|p1a: Tyranitar|Knock Off|p2a: Kommo-o\n|-resisted|p2a: Kommo-o|1\n|-damage|p2a: Kommo-o|92/100\n|-enditem|p2a: Kommo-o|Leftovers|[from] move: Knock Off|[of] p1a: Tyranitar\n|move|p2b: Scizor|Swords Dance|p2b: Scizor\n|-boost|p2b: Scizor|atk|2\n|\n|-weather|Sandstorm|[upkeep]\n|-damage|p2a: Kommo-o|86/100|[from] Sandstorm\n|-damage|p1a: Tyranitar|4/100 brn|[from] brn\n|upkeep\n|\n|t:|1788440557\n|switch|p1b: Staraptor|Staraptor, L50, F, shiny|100/100\n|-ability|p1b: Staraptor|Intimidate|boost\n|-unboost|p2a: Kommo-o|atk|1\n|-unboost|p2b: Scizor|atk|1\n|turn|5\n|\n|t:|1788440579\n|detailschange|p1b: Staraptor|Staraptor-Mega, L50, F, shiny\n|-mega|p1b: Staraptor|Staraptor|Staraptite\n|move|p2b: Scizor|Bullet Punch|p1b: Staraptor\n|-damage|p1b: Staraptor|52/100\n|move|p1b: Staraptor|Tailwind|p1b: Staraptor\n|-sidestart|p1: TESTDIGI|move: Tailwind\n|move|p1a: Tyranitar|Knock Off|p2b: Scizor\n|-damage|p2b: Scizor|42/100\n|move|p2a: Kommo-o|Drain Punch|p1b: Staraptor\n|-resisted|p1b: Staraptor|1\n|-damage|p1b: Staraptor|39/100\n|-heal|p2a: Kommo-o|93/100|[from] drain|[of] p1b: Staraptor\n|\n|-weather|none\n|-damage|p1a: Tyranitar|0 fnt|[from] brn\n|faint|p1a: Tyranitar\n|upkeep\n|\n|t:|1788440590\n|switch|p1a: Whimsicott|Whimsicott, L50, M, shiny|100/100\n|turn|6\n|inactive|Miniassasin101 has 30 seconds left.\n|inactive|Miniassasin101 has 20 seconds left.\n|inactive|TESTDIGI has 30 seconds left.\n|\n|t:|1788440635\n|switch|p2a: Scovillain|Scovillain-Mega, L50, M|6/100\n|move|p2b: Scizor|Protect|p2b: Scizor\n|-singleturn|p2b: Scizor|Protect\n|move|p1a: Whimsicott|Moonblast|p2a: Scovillain\n|-resisted|p2a: Scovillain|1\n|-damage|p2a: Scovillain|0 fnt\n|-status|p1a: Whimsicott|brn|[from] ability: Spicy Spray|[of] p2a: Scovillain\n|faint|p2a: Scovillain\n|move|p1b: Staraptor|Close Combat|p2b: Scizor\n|-activate|p2b: Scizor|move: Protect\n|\n|-damage|p1a: Whimsicott|94/100 brn|[from] brn\n|upkeep\n|\n|t:|1788440642\n|switch|p2a: Kommo-o|Kommo-o, L50, M|100/100\n|turn|7\n|inactive|TESTDIGI has 30 seconds left.\n|inactive|TESTDIGI has 20 seconds left.\n|inactive|TESTDIGI has 15 seconds left.\n|inactive|TESTDIGI has 10 seconds left.\n|inactive|TESTDIGI has 5 seconds left.\n|\n|t:|1788440694\n|move|p1a: Whimsicott|Charm|p1b: Staraptor\n|-boost|p1b: Staraptor|atk|2\n|move|p2b: Scizor|Bullet Punch|p1b: Staraptor\n|-damage|p1b: Staraptor|0 fnt\n|faint|p1b: Staraptor\n|move|p2a: Kommo-o|Hyper Beam|p1a: Whimsicott\n|-damage|p1a: Whimsicott|0 fnt\n|-mustrecharge|p2a: Kommo-o\n|faint|p1a: Whimsicott\n|\n|win|Miniassasin101\n","uploadtime":1788440387,"views":"0","formatid":"gen9championsvgc2026regmb","rating":null,"private":0,"password":null}