{"id":"gen9championsvgc2026regmb-2673934945","format":"[Gen 9 Champions] VGC 2026 Reg M-B","players":["Endoll","conngfan"],"log":"|j|☆Endoll\n|j|☆conngfan\n|t:|1788279032\n|gametype|doubles\n|player|p1|Endoll|102|1572\n|player|p2|conngfan|arven-s|1542\n|gen|9\n|tier|[Gen 9 Champions] VGC 2026 Reg M-B\n|rated|\n|rule|Species Clause: Limit one of each Pokémon\n|rule|Item Clause: Limit 1 of each item\n|clearpoke\n|poke|p1|Dragonite, L50, F|\n|poke|p1|Toxapex, L50, M|\n|poke|p1|Blaziken, L50, F|\n|poke|p1|Kingambit, L50, F|\n|poke|p1|Froslass, L50, F|\n|poke|p1|Sneasler, L50, F|\n|poke|p2|Aerodactyl, L50, M|\n|poke|p2|Raichu, L50, F|\n|poke|p2|Sneasler, L50, M|\n|poke|p2|Sylveon, L50, M|\n|poke|p2|Kingambit, L50, M|\n|poke|p2|Tsareena, L50, F|\n|teampreview|4\n|inactive|Battle timer is ON: inactive players will automatically lose when time's up. (requested by conngfan)\n|inactive|Endoll has 60 seconds left.\n|inactive|conngfan has 60 seconds left.\n|inactive|Endoll has 30 seconds left.\n|inactive|Endoll has 20 seconds left.\n|inactive|Endoll has 15 seconds left.\n|\n|t:|1788279109\n|teamsize|p1|4\n|teamsize|p2|4\n|start\n|switch|p1a: Dragonite|Dragonite, L50, F|100/100\n|switch|p1b: Kingambit|Kingambit, L50, F|100/100\n|switch|p2a: Raichu|Raichu, L50, F|100/100\n|switch|p2b: Sylveon|Sylveon, L50, M|100/100\n|turn|1\n|\n|t:|1788279126\n|detailschange|p2a: Raichu|Raichu-Mega-Y, L50, F\n|-mega|p2a: Raichu|Raichu|Raichunite Y\n|move|p1a: Dragonite|Protect|p1a: Dragonite\n|-singleturn|p1a: Dragonite|Protect\n|move|p1b: Kingambit|Protect|p1b: Kingambit\n|-singleturn|p1b: Kingambit|Protect\n|move|p2a: Raichu|Fake Out|p1b: Kingambit\n|-activate|p1b: Kingambit|move: Protect\n|move|p2b: Sylveon|Hyper Voice|p1a: Dragonite|[spread] \n|-activate|p1a: Dragonite|move: Protect\n|-activate|p1b: Kingambit|move: Protect\n|\n|upkeep\n|turn|2\n|inactive|Endoll has 30 seconds left.\n|\n|t:|1788279158\n|move|p1a: Dragonite|Extreme Speed|p2a: Raichu\n|-damage|p2a: Raichu|43/100\n|-damage|p1a: Dragonite|90/100|[from] item: Life Orb\n|move|p1b: Kingambit|Sucker Punch|p2a: Raichu\n|-damage|p2a: Raichu|0 fnt\n|faint|p2a: Raichu\n|move|p2b: Sylveon|Hyper Voice|p1a: Dragonite|[spread] p1a,p1b\n|-supereffective|p1a: Dragonite|1\n|-damage|p1a: Dragonite|8/100\n|-damage|p1b: Kingambit|59/100\n|\n|upkeep\n|\n|t:|1788279172\n|switch|p2a: Aerodactyl|Aerodactyl, L50, M|100/100\n|-ability|p2a: Aerodactyl|Unnerve\n|turn|3\n|\n|t:|1788279184\n|move|p1a: Dragonite|Protect|p1a: Dragonite\n|-singleturn|p1a: Dragonite|Protect\n|move|p2a: Aerodactyl|Rock Slide|p1b: Kingambit|[spread] p1b\n|-activate|p1a: Dragonite|move: Protect\n|-resisted|p1b: Kingambit|1\n|-damage|p1b: Kingambit|50/100g\n|move|p2b: Sylveon|Hyper Voice|p1b: Kingambit|[spread] p1b\n|-activate|p1a: Dragonite|move: Protect\n|-damage|p1b: Kingambit|4/100\n|cant|p1b: Kingambit|flinch\n|\n|upkeep\n|turn|4\n|inactive|Endoll has 30 seconds left.\n|\n|t:|1788279218\n|move|p1a: Dragonite|Extreme Speed|p2b: Sylveon\n|-damage|p2b: Sylveon|55/100\n|-damage|p1a: Dragonite|0 fnt|[from] item: Life Orb\n|faint|p1a: Dragonite\n|move|p1b: Kingambit|Sucker Punch||[still]\n|-fail|p1b: Kingambit\n|move|p2a: Aerodactyl|Tailwind|p2a: Aerodactyl\n|-sidestart|p2: conngfan|move: Tailwind\n|move|p2b: Sylveon|Hyper Voice|p1b: Kingambit\n|-damage|p1b: Kingambit|0 fnt\n|faint|p1b: Kingambit\n|\n|upkeep\n|\n|t:|1788279227\n|switch|p1a: Blaziken|Blaziken, L50, F|100/100\n|switch|p1b: Sneasler|Sneasler, L50, F|100/100\n|turn|5\n|\n|t:|1788279239\n|move|p1a: Blaziken|Detect|p1a: Blaziken\n|-singleturn|p1a: Blaziken|Protect\n|move|p2a: Aerodactyl|Dual Wingbeat|p1a: Blaziken\n|-activate|p1a: Blaziken|move: Protect\n|move|p2b: Sylveon|Yawn|p1a: Blaziken\n|-activate|p1a: Blaziken|move: Protect\n|move|p1b: Sneasler|Coaching|p1a: Blaziken\n|-boost|p1a: Blaziken|atk|1\n|-boost|p1a: Blaziken|def|1\n|\n|-ability|p1a: Blaziken|Speed Boost|boost\n|-boost|p1a: Blaziken|spe|1\n|upkeep\n|turn|6\n|\n|t:|1788279259\n|detailschange|p1a: Blaziken|Blaziken-Mega, L50, F\n|-mega|p1a: Blaziken|Blaziken|Blazikenite\n|move|p2a: Aerodactyl|Dual Wingbeat|p1a: Blaziken\n|-supereffective|p1a: Blaziken|1\n|-damage|p1a: Blaziken|71/100\n|-supereffective|p1a: Blaziken|1\n|-damage|p1a: Blaziken|42/100\n|-hitcount|p1a: Blaziken|2\n|move|p1a: Blaziken|Rock Slide|p2a: Aerodactyl|[spread] p2a,p2b\n|-supereffective|p2a: Aerodactyl|1\n|-damage|p2a: Aerodactyl|0 fnt\n|-damage|p2b: Sylveon|15/100\n|faint|p2a: Aerodactyl\n|move|p2b: Sylveon|Hyper Voice|p1a: Blaziken|[spread] p1a,p1b\n|-damage|p1a: Blaziken|0 fnt\n|-damage|p1b: Sneasler|31/100\n|faint|p1a: Blaziken\n|move|p1b: Sneasler|Poison Jab|p2b: Sylveon\n|-supereffective|p2b: Sylveon|1\n|-damage|p2b: Sylveon|0 fnt\n|faint|p2b: Sylveon\n|\n|upkeep\n|\n|t:|1788279265\n|switch|p2b: Kingambit|Kingambit, L50, M|100/100\n|turn|7\n|\n|t:|1788279276\n|move|p2b: Kingambit|Sucker Punch|p1b: Sneasler\n|-resisted|p1b: Sneasler|1\n|-damage|p1b: Sneasler|0 fnt\n|faint|p1b: Sneasler\n|-damage|p2b: Kingambit|90/100|[from] item: Life Orb\n|\n|win|conngfan\n|raw|Endoll's rating: 1572 &rarr; <strong>1550</strong><br />(-22 for losing)\n|raw|conngfan's rating: 1542 &rarr; <strong>1564</strong><br />(+22 for winning)\n","uploadtime":1788279277,"views":"0","formatid":"gen9championsvgc2026regmb","rating":1550,"private":0,"password":null}