{"id":"gen9championsvgc2026regmbbo3-2673618279","format":"[Gen 9 Champions] VGC 2026 Reg M-B (Bo3)","players":["Keeler72","satxhel"],"log":"|j|☆Keeler72\n|j|☆satxhel\n|html|<table width=\"100%\"><tr><td align=\"left\">Keeler72</td><td align=\"right\">satxhel</tr><tr><td align=\"left\"><i class=\"fa fa-circle-o\"></i> <i class=\"fa fa-circle-o\"></i> </td><td align=\"right\"><i class=\"fa fa-circle-o\"></i> <i class=\"fa fa-circle-o\"></i> </tr></table>\n|uhtml|bestof|<h2><strong>Game 1</strong> of <a href=\"/game-bestof3-gen9championsvgc2026regmbbo3-2673618278\">a best-of-3</a></h2>\n|t:|1788222128\n|gametype|doubles\n|player|p1|Keeler72|101|\n|player|p2|satxhel|gentleman-gen4|\n|gen|9\n|tier|[Gen 9 Champions] VGC 2026 Reg M-B (Bo3)\n|rule|Species Clause: Limit one of each Pokémon\n|rule|Item Clause: Limit 1 of each item\n|clearpoke\n|poke|p1|Floette-Eternal, L50, F|\n|poke|p1|Charizard, L50, F, shiny|\n|poke|p1|Whimsicott, L50, F, shiny|\n|poke|p1|Garchomp, L50, F|\n|poke|p1|Basculegion, L50, M, shiny|\n|poke|p1|Kingambit, L50, M, shiny|\n|poke|p2|Venusaur, L50, F|\n|poke|p2|Grimmsnarl, L50, M|\n|poke|p2|Pelipper, L50, F|\n|poke|p2|Archaludon, L50, F|\n|poke|p2|Charizard, L50, M|\n|poke|p2|Basculegion, L50, M|\n|teampreview|4\n|showteam|p1|Floette-Eternal||Floettite|FlowerVeil|Moonblast,DazzlingGleam,LightofRuin,Protect|Modest||F|||50|]Charizard||CharizarditeY|Blaze|HeatWave,WeatherBall,SolarBeam,Protect|Modest||F|||50|]Whimsicott||FocusSash|Prankster|Moonblast,Tailwind,Encore,Protect|Timid||F|||50|]Garchomp||LifeOrb|RoughSkin|DragonClaw,StompingTantrum,RockSlide,Protect|Jolly||F|||50|]Basculegion||MysticWater|Adaptability|WaveCrash,LastRespects,AquaJet,Protect|Adamant||M|||50|]Kingambit||ChopleBerry|Defiant|KowtowCleave,IronHead,SuckerPunch,LowKick|Adamant||M|||50|\n|showteam|p2|Venusaur||FocusSash|Chlorophyll|SludgeBomb,EarthPower,SleepPowder,Protect|Timid||F|||50|]Grimmsnarl||LightClay|Prankster|SpiritBreak,Reflect,LightScreen,PartingShot|Careful||M|||50|]Pelipper||SitrusBerry|Drizzle|Hurricane,WeatherBall,Tailwind,WideGuard|Modest||F|||50|]Archaludon||Leftovers|Stamina|DragonPulse,FlashCannon,ElectroShot,Protect|Modest||F|||50|]Charizard||CharizarditeY|Blaze|HeatWave,SolarBeam,WeatherBall,Protect|Modest||M|||50|]Basculegion||ChoiceScarf|Adaptability|WaveCrash,FlipTurn,LastRespects,AquaJet|Jolly||M|||50|\n|c|☆satxhel|i have another team but just realized it doesnt have EVs\n|inactive|Battle timer is ON: inactive players will automatically lose when time's up. (requested by satxhel)\n|inactive|satxhel has 60 seconds left.\n|\n|t:|1788222181\n|teamsize|p1|4\n|teamsize|p2|4\n|start\n|switch|p1a: Charizard|Charizard, L50, F, shiny|100/100\n|switch|p1b: Whimsicott|Whimsicott, L50, F, shiny|100/100\n|switch|p2a: Charizard|Charizard, L50, M|100/100\n|switch|p2b: Pelipper|Pelipper, L50, F|100/100\n|-weather|RainDance|[from] ability: Drizzle|[of] p2b: Pelipper\n|turn|1\n|c|☆Keeler72|pelipper zard lead\n|c|☆Keeler72|ive never seen this\n|c|☆satxhel|this is tech wait\n|inactive|Keeler72 has 30 seconds left.\n|inactive|satxhel has 30 seconds left.\n|inactive|satxhel has 20 seconds left.\n|inactive|satxhel has 15 seconds left.\n|inactive|satxhel has 10 seconds left.\n|inactive|satxhel has 5 seconds left.\n|\n|t:|1788222237\n|move|p1a: Charizard|Protect|p1a: Charizard\n|-singleturn|p1a: Charizard|Protect\n|move|p1b: Whimsicott|Tailwind|p1b: Whimsicott\n|-sidestart|p1: Keeler72|move: Tailwind\n|move|p2a: Charizard|Heat Wave|p1a: Charizard|[spread] p1b\n|-activate|p1a: Charizard|move: Protect\n|-supereffective|p1b: Whimsicott|1\n|-crit|p1b: Whimsicott\n|-damage|p1b: Whimsicott|25/100\n|move|p2b: Pelipper|Hurricane|p1b: Whimsicott\n|-supereffective|p1b: Whimsicott|1\n|-damage|p1b: Whimsicott|0 fnt\n|faint|p1b: Whimsicott\n|\n|-weather|RainDance|[upkeep]\n|upkeep\n|c|☆satxhel|you lose with or without mega there lmao\n|\n|t:|1788222258\n|switch|p1b: Garchomp|Garchomp, L50, F|100/100\n|turn|2\n|c|☆Keeler72|true\n|c|☆Keeler72|just want more sun turns\n|inactive|satxhel has 30 seconds left.\n|inactive|satxhel has 20 seconds left.\n|inactive|satxhel has 15 seconds left.\n|inactive|satxhel has 10 seconds left.\n|\n|t:|1788222304\n|detailschange|p1a: Charizard|Charizard-Mega-Y, L50, F, shiny\n|-mega|p1a: Charizard|Charizard|Charizardite Y\n|-weather|SunnyDay|[from] ability: Drought|[of] p1a: Charizard\n|move|p2b: Pelipper|Wide Guard|p2b: Pelipper\n|-singleturn|p2b: Pelipper|Wide Guard\n|move|p1b: Garchomp|Rock Slide|p2a: Charizard|[spread] \n|-activate|p2a: Charizard|move: Wide Guard\n|-activate|p2b: Pelipper|move: Wide Guard\n|move|p1a: Charizard|Solar Beam||[still]\n|-prepare|p1a: Charizard|Solar Beam\n|-anim|p1a: Charizard|Solar Beam|p2b: Pelipper\n|-damage|p2b: Pelipper|40/100\n|-enditem|p2b: Pelipper|Sitrus Berry|[eat]\n|-heal|p2b: Pelipper|65/100|[from] item: Sitrus Berry\n|move|p2a: Charizard|Solar Beam||[still]\n|-prepare|p2a: Charizard|Solar Beam\n|-anim|p2a: Charizard|Solar Beam|p1b: Garchomp\n|-damage|p1b: Garchomp|65/100\n|\n|-weather|SunnyDay|[upkeep]\n|upkeep\n|turn|3\n|inactive|Keeler72 has 30 seconds left.\n|inactive|satxhel has 30 seconds left.\n|inactive|Keeler72 has 20 seconds left.\n|inactive|satxhel has 20 seconds left.\n|inactive|satxhel has 15 seconds left.\n|\n|t:|1788222346\n|switch|p2a: Venusaur|Venusaur, L50, F|100/100\n|switch|p2b: Grimmsnarl|Grimmsnarl, L50, M|100/100\n|move|p1b: Garchomp|Rock Slide|p2b: Grimmsnarl|[spread] p2a,p2b\n|-damage|p2a: Venusaur|66/100\n|-damage|p2b: Grimmsnarl|74/100\n|-damage|p1b: Garchomp|55/100|[from] item: Life Orb\n|move|p1a: Charizard|Solar Beam||[still]\n|-prepare|p1a: Charizard|Solar Beam\n|-anim|p1a: Charizard|Solar Beam|p2b: Grimmsnarl\n|-damage|p2b: Grimmsnarl|32/100\n|\n|-weather|SunnyDay|[upkeep]\n|upkeep\n|turn|4\n|inactive|Keeler72 has 30 seconds left.\n|inactive|satxhel has 30 seconds left.\n|inactive|satxhel has 20 seconds left.\n|\n|t:|1788222384\n|move|p2b: Grimmsnarl|Light Screen|p2b: Grimmsnarl\n|-sidestart|p2: satxhel|move: Light Screen\n|move|p1b: Garchomp|Dragon Claw|p2a: Venusaur\n|-damage|p2a: Venusaur|0 fnt\n|faint|p2a: Venusaur\n|-damage|p1b: Garchomp|45/100|[from] item: Life Orb\n|move|p1a: Charizard|Heat Wave|p2b: Grimmsnarl|[miss]\n|-miss|p1a: Charizard|p2b: Grimmsnarl\n|\n|-weather|SunnyDay|[upkeep]\n|-sideend|p1: Keeler72|move: Tailwind\n|upkeep\n|\n|t:|1788222393\n|switch|p2a: Pelipper|Pelipper, L50, F|65/100\n|-weather|RainDance|[from] ability: Drizzle|[of] p2a: Pelipper\n|turn|5\n|inactive|satxhel has 30 seconds left.\n|\n|t:|1788222421\n|switch|p1a: Kingambit|Kingambit, L50, M, shiny|100/100\n|move|p2b: Grimmsnarl|Reflect|p2b: Grimmsnarl\n|-sidestart|p2: satxhel|Reflect\n|move|p1b: Garchomp|Dragon Claw|p2a: Pelipper\n|-damage|p2a: Pelipper|24/100\n|-damage|p1b: Garchomp|35/100|[from] item: Life Orb\n|move|p2a: Pelipper|Hurricane|p1b: Garchomp\n|-damage|p1b: Garchomp|0 fnt\n|faint|p1b: Garchomp\n|\n|-weather|RainDance|[upkeep]\n|upkeep\n|\n|t:|1788222432\n|switch|p1b: Charizard|Charizard-Mega-Y, L50, F, shiny|100/100\n|-weather|SunnyDay|[from] ability: Drought|[of] p1b: Charizard\n|turn|6\n|inactive|Keeler72 has 30 seconds left.\n|inactive|satxhel has 30 seconds left.\n|inactive|Keeler72 has 20 seconds left.\n|inactive|satxhel has 20 seconds left.\n|\n|t:|1788222471\n|switch|p2a: Charizard|Charizard, L50, M|100/100\n|move|p2b: Grimmsnarl|Parting Shot|p1b: Charizard\n|-unboost|p1b: Charizard|atk|1\n|-unboost|p1b: Charizard|spa|1\n|\n|t:|1788222476\n|switch|p2b: Pelipper|Pelipper, L50, F|24/100|[from] Parting Shot\n|-weather|RainDance|[from] ability: Drizzle|[of] p2b: Pelipper\n|move|p1b: Charizard|Solar Beam||[still]\n|-prepare|p1b: Charizard|Solar Beam\n|move|p1a: Kingambit|Iron Head|p2b: Pelipper\n|-resisted|p2b: Pelipper|1\n|-damage|p2b: Pelipper|8/100\n|\n|-weather|RainDance|[upkeep]\n|upkeep\n|turn|7\n|c|☆Keeler72|wow\n|c|☆Keeler72|wp\n|\n|t:|1788222498\n|detailschange|p2a: Charizard|Charizard-Mega-Y, L50, M\n|-mega|p2a: Charizard|Charizard|Charizardite Y\n|-weather|SunnyDay|[from] ability: Drought|[of] p2a: Charizard\n|move|p1b: Charizard|Solar Beam|p2a: Charizard|[from] lockedmove\n|-resisted|p2a: Charizard|2\n|-damage|p2a: Charizard|95/100\n|move|p2a: Charizard|Weather Ball|p1a: Kingambit\n|-supereffective|p1a: Kingambit|1\n|-damage|p1a: Kingambit|0 fnt\n|faint|p1a: Kingambit\n|move|p2b: Pelipper|Tailwind|p2b: Pelipper\n|-sidestart|p2: satxhel|move: Tailwind\n|\n|-weather|SunnyDay|[upkeep]\n|upkeep\n|turn|8\n|c|☆satxhel|damn\n|\n|t:|1788222517\n|move|p2a: Charizard|Weather Ball|p1b: Charizard\n|-resisted|p1b: Charizard|1\n|-damage|p1b: Charizard|59/100\n|move|p2b: Pelipper|Hurricane|p1b: Charizard|[miss]\n|-miss|p2b: Pelipper|p1b: Charizard\n|move|p1b: Charizard|Heat Wave|p2a: Charizard|[spread] p2a,p2b\n|-resisted|p2a: Charizard|1\n|-resisted|p2b: Pelipper|1\n|-damage|p2a: Charizard|83/100\n|-damage|p2b: Pelipper|0 fnt\n|faint|p2b: Pelipper\n|\n|-weather|SunnyDay|[upkeep]\n|upkeep\n|\n|t:|1788222527\n|switch|p2b: Grimmsnarl|Grimmsnarl, L50, M|32/100\n|turn|9\n|\n|t:|1788222536\n|move|p2b: Grimmsnarl|Parting Shot|p1b: Charizard\n|-unboost|p1b: Charizard|atk|1\n|-unboost|p1b: Charizard|spa|1\n|move|p2a: Charizard|Weather Ball|p1b: Charizard\n|-resisted|p1b: Charizard|1\n|-damage|p1b: Charizard|19/100\n|move|p1b: Charizard|Heat Wave|p2a: Charizard|[spread] p2b\n|-miss|p1b: Charizard|p2a: Charizard\n|-damage|p2b: Grimmsnarl|12/100\n|\n|-weather|SunnyDay|[upkeep]\n|upkeep\n|turn|10\n|\n|t:|1788222550\n|move|p2a: Charizard|Weather Ball|p1b: Charizard\n|-resisted|p1b: Charizard|1\n|-damage|p1b: Charizard|0 fnt\n|faint|p1b: Charizard\n|\n|win|satxhel\n||Keeler72 is ready for game 2.\n||satxhel is ready for game 2.\n|uhtml|next|Next: <a href=\"/battle-gen9championsvgc2026regmbbo3-2673621101\"><strong>Game 2 of 3</strong></a>\n|l|☆Keeler72\n|player|p1|\n","uploadtime":1788222782,"views":"26","formatid":"gen9championsvgc2026regmbbo3","rating":null,"private":0,"password":null}