{"id":"gen9championsvgc2026regmb-2674737899","format":"[Gen 9 Champions] VGC 2026 Reg M-B","players":["rodbeingshy","NewBurru"],"log":"|j|☆rodbeingshy\n|j|☆NewBurru\n|html|<table width=\"100%\"><tr><td align=\"left\">rodbeingshy</td><td align=\"right\">NewBurru</tr><tr><td align=\"left\"><i class=\"fa fa-circle\"></i> <i class=\"fa fa-circle-o\"></i> </td><td align=\"right\"><i class=\"fa fa-circle-o\"></i> <i class=\"fa fa-circle\"></i> </tr></table>\n|uhtml|bestof|<h2><strong>Game 3</strong> of <a href=\"/game-bestof3-gen9championsvgc2026regmb-2674732294\">a best-of-3</a></h2>\n|t:|1788398422\n|gametype|doubles\n|player|p1|rodbeingshy|roxie|\n|player|p2|NewBurru|1|\n|gen|9\n|tier|[Gen 9 Champions] VGC 2026 Reg M-B\n|rule|Species Clause: Limit one of each Pokémon\n|rule|Item Clause: Limit 1 of each item\n|raw|<div class=\"infobox\"><details class=\"readmore\" open><summary><strong>1 custom rule:</strong></summary> Best of = 3</details></div>\n|clearpoke\n|poke|p1|Sneasler, L50, F|\n|poke|p1|Froslass, L50, F|\n|poke|p1|Grimmsnarl, L50, M|\n|poke|p1|Primarina, L50, M|\n|poke|p1|Aerodactyl, L50, M|\n|poke|p1|Krookodile, L50, F|\n|poke|p2|Incineroar, L50, M|\n|poke|p2|Rotom-Wash, L50|\n|poke|p2|Sceptile, L50, M|\n|poke|p2|Tinkaton, L50, F|\n|poke|p2|Ninetales-Alola, L50, M|\n|poke|p2|Gliscor, L50, M|\n|teampreview|4\n|j| Laushz\n|j| Br4ndonR\n|c| Br4ndonR|Apuesta laushz\n|c| Br4ndonR|10 peso a burru\n|c|☆NewBurru|me estas pidiendo mucho\n|c| Br4ndonR|Cállate\n|c| Br4ndonR|Tu puedes\n|\n|t:|1788398496\n|teamsize|p1|4\n|teamsize|p2|4\n|start\n|switch|p1a: Venom rogue|Sneasler, L50, F|100/100\n|switch|p1b: Ice Queen devil|Froslass, L50, F|100/100\n|switch|p2a: Golda|Tinkaton, L50, F|100/100\n|switch|p2b: Roclee|Gliscor, L50, M|100/100\n|-ability|p2a: Golda|Mold Breaker\n|turn|1\n|\n|t:|1788398526\n|detailschange|p1b: Ice Queen devil|Froslass-Mega, L50, F\n|-mega|p1b: Ice Queen devil|Froslass|Froslassite\n|-weather|Snowscape|[from] ability: Snow Warning|[of] p1b: Ice Queen devil\n|move|p1a: Venom rogue|Fake Out|p2a: Golda\n|-resisted|p2a: Golda|1\n|-damage|p2a: Golda|90/100\n|move|p1b: Ice Queen devil|Blizzard|p2b: Roclee|[spread] p2a,p2b\n|-resisted|p2a: Golda|1\n|-supereffective|p2b: Roclee|2\n|-damage|p2a: Golda|66/100\n|-enditem|p2b: Roclee|Focus Sash\n|-damage|p2b: Roclee|1/100\n|-status|p2a: Golda|frz\n|move|p2b: Roclee|Tailwind|p2b: Roclee\n|-sidestart|p2: NewBurru|move: Tailwind\n|cant|p2a: Golda|frz\n|\n|-weather|Snowscape|[upkeep]\n|upkeep\n|turn|2\n|c| Br4ndonR|No...\n|c| Laushz|??????????\n|\n|t:|1788398560\n|switch|p1a: Enchanted orc|Grimmsnarl, L50, M|100/100\n|move|p2b: Roclee|Dual Wingbeat|p1a: Enchanted orc\n|-crit|p1a: Enchanted orc\n|-damage|p1a: Enchanted orc|73/100\n|-crit|p1a: Enchanted orc\n|-damage|p1a: Enchanted orc|41/100\n|-hitcount|p1a: Enchanted orc|2\n|cant|p2a: Golda|frz\n|move|p1b: Ice Queen devil|Blizzard|p2b: Roclee|[spread] p2a,p2b\n|-resisted|p2a: Golda|1\n|-supereffective|p2b: Roclee|2\n|-damage|p2a: Golda|40/100 frz\n|-damage|p2b: Roclee|0 fnt\n|faint|p2b: Roclee\n|\n|-weather|Snowscape|[upkeep]\n|upkeep\n|c|☆rodbeingshy|Y se queja de los crits\n|c|☆NewBurru|flaco me congelaste a la primera\n|\n|t:|1788398586\n|switch|p2b: Minubi|Rotom-Wash, L50|100/100\n|turn|3\n|\n|t:|1788398605\n|move|p1a: Enchanted orc|Light Screen|p1a: Enchanted orc\n|-sidestart|p1: rodbeingshy|move: Light Screen\n|-curestatus|p2a: Golda|frz|[msg]\n|move|p2a: Golda|Gigaton Hammer|p1b: Ice Queen devil\n|-supereffective|p1b: Ice Queen devil|1\n|-damage|p1b: Ice Queen devil|0 fnt\n|faint|p1b: Ice Queen devil\n|move|p2b: Minubi|Hydro Pump|p1a: Enchanted orc|[miss]\n|-miss|p2b: Minubi|p1a: Enchanted orc\n|\n|-weather|Snowscape|[upkeep]\n|upkeep\n|\n|t:|1788398617\n|switch|p1b: Venom rogue|Sneasler, L50, F|100/100\n|turn|4\n|\n|t:|1788398688\n|move|p2a: Golda|Protect|p2a: Golda\n|-singleturn|p2a: Golda|Protect\n|move|p1b: Venom rogue|Protect|p1b: Venom rogue\n|-singleturn|p1b: Venom rogue|Protect\n|move|p1a: Enchanted orc|Parting Shot|p2b: Minubi\n|-unboost|p2b: Minubi|atk|1\n|-unboost|p2b: Minubi|spa|1\n|\n|t:|1788398696\n|switch|p1a: Alluring mermaid|Primarina, L50, M|100/100|[from] Parting Shot\n|move|p2b: Minubi|Will-O-Wisp|p1b: Venom rogue\n|-activate|p1b: Venom rogue|move: Protect\n|\n|-weather|Snowscape|[upkeep]\n|-sideend|p2: NewBurru|move: Tailwind\n|upkeep\n|turn|5\n|\n|t:|1788398734\n|move|p1b: Venom rogue|Close Combat|p2b: Minubi\n|-damage|p2b: Minubi|31/100\n|-unboost|p1b: Venom rogue|def|1\n|-unboost|p1b: Venom rogue|spd|1\n|-enditem|p2b: Minubi|Sitrus Berry|[eat]\n|-heal|p2b: Minubi|56/100|[from] item: Sitrus Berry\n|-enditem|p1b: Venom rogue|White Herb\n|-clearnegativeboost|p1b: Venom rogue|[silent]\n|move|p2a: Golda|Gigaton Hammer|p1b: Venom rogue\n|-damage|p1b: Venom rogue|0 fnt\n|faint|p1b: Venom rogue\n|move|p2b: Minubi|Discharge|p1a: Alluring mermaid|[spread] p2a,p1a\n|-supereffective|p1a: Alluring mermaid|1\n|-damage|p2a: Golda|22/100\n|-damage|p1a: Alluring mermaid|81/100\n|move|p1a: Alluring mermaid|Moonblast|p2b: Minubi\n|-damage|p2b: Minubi|11/100\n|-unboost|p2b: Minubi|spa|1\n|\n|-weather|none\n|-heal|p1a: Alluring mermaid|87/100|[from] item: Leftovers\n|upkeep\n|\n|t:|1788398755\n|switch|p1b: Enchanted orc|Grimmsnarl, L50, M|41/100\n|turn|6\n|c| Br4ndonR|Rotom batalla pa respirar\n|\n|t:|1788398775\n|move|p2b: Minubi|Protect|p2b: Minubi\n|-singleturn|p2b: Minubi|Protect\n|move|p1b: Enchanted orc|Reflect|p1b: Enchanted orc\n|-sidestart|p1: rodbeingshy|Reflect\n|move|p2a: Golda|Play Rough|p1b: Enchanted orc\n|-supereffective|p1b: Enchanted orc|1\n|-damage|p1b: Enchanted orc|0 fnt\n|faint|p1b: Enchanted orc\n|move|p1a: Alluring mermaid|Hyper Voice|p2b: Minubi|[spread] p2a\n|-activate|p2b: Minubi|move: Protect\n|-damage|p2a: Golda|0 fnt\n|faint|p2a: Golda\n|\n|-heal|p1a: Alluring mermaid|93/100|[from] item: Leftovers\n|upkeep\n|\n|t:|1788398788\n|switch|p2a: Eustaquio|Sceptile, L50, M|100/100\n|turn|7\n|\n|t:|1788398829\n|move|p2a: Eustaquio|Energy Ball|p1a: Alluring mermaid\n|-supereffective|p1a: Alluring mermaid|1\n|-damage|p1a: Alluring mermaid|43/100\n|move|p2b: Minubi|Discharge|p1a: Alluring mermaid|[spread] p2a,p1a\n|-resisted|p2a: Eustaquio|1\n|-supereffective|p1a: Alluring mermaid|1\n|-damage|p2a: Eustaquio|91/100\n|-damage|p1a: Alluring mermaid|25/100\n|-status|p2a: Eustaquio|par\n|move|p1a: Alluring mermaid|Moonblast|p2a: Eustaquio\n|-damage|p2a: Eustaquio|29/100 par\n|\n|-heal|p1a: Alluring mermaid|31/100|[from] item: Leftovers\n|upkeep\n|turn|8\n|\n|t:|1788398843\n|move|p2b: Minubi|Discharge|p1a: Alluring mermaid|[spread] p2a,p1a\n|-resisted|p2a: Eustaquio|1\n|-supereffective|p1a: Alluring mermaid|1\n|-damage|p2a: Eustaquio|21/100 par\n|-damage|p1a: Alluring mermaid|15/100\n|move|p1a: Alluring mermaid|Hyper Voice|p2b: Minubi|[spread] p2a,p2b\n|-resisted|p2a: Eustaquio|1\n|-resisted|p2b: Minubi|1\n|-damage|p2a: Eustaquio|0 fnt\n|-damage|p2b: Minubi|0 fnt\n|faint|p2a: Eustaquio\n|faint|p2b: Minubi\n|\n|win|rodbeingshy\n|c| Br4ndonR|Jajajaja\n|c|☆NewBurru|Na\n|c|☆rodbeingshy|Hajajaja\n|c|☆NewBurru|CHAU\n|l|☆rodbeingshy\n|player|p1|\n|l|☆NewBurru\n|player|p2|\n|l| Br4ndonR\n|l| Laushz\n|j|☆rodbeingshy\n|player|p1|rodbeingshy|roxie|\n","uploadtime":1788399021,"views":"18","formatid":"gen9championsvgc2026regmb","rating":null,"private":0,"password":null}