{"id":"gen9championsvgc2026regmb-2674879602","format":"[Gen 9 Champions] VGC 2026 Reg M-B","players":["RYUDRAH","ssssour"],"log":"|j|☆RYUDRAH\n|j|☆ssssour\n|t:|1788427751\n|gametype|doubles\n|player|p1|RYUDRAH|rocketgrunt|1033\n|player|p2|ssssour|bugsy|1053\n|gen|9\n|tier|[Gen 9 Champions] VGC 2026 Reg M-B\n|rated|\n|rule|Species Clause: Limit one of each Pokémon\n|rule|Item Clause: Limit 1 of each item\n|clearpoke\n|poke|p1|Garchomp, L50, M|\n|poke|p1|Rotom-Wash, L50|\n|poke|p1|Lucario, L50, M|\n|poke|p1|Tyranitar, L50, M|\n|poke|p1|Excadrill, L50, F|\n|poke|p1|Sinistcha-Masterpiece, L50|\n|poke|p2|Lycanroc-Dusk, L50, M|\n|poke|p2|Incineroar, L50, M, shiny|\n|poke|p2|Scovillain, L50, M|\n|poke|p2|Swampert, L50, M|\n|poke|p2|Grimmsnarl, L50, M|\n|poke|p2|Pelipper, L50, M|\n|teampreview|4\nssssour rejected open team sheets.\n|inactive|Battle timer is ON: inactive players will automatically lose when time's up. (requested by ssssour)\n|\n|t:|1788427790\n|teamsize|p1|4\n|teamsize|p2|4\n|start\n|switch|p1a: Lucario|Lucario, L50, M|100/100\n|switch|p1b: Rotom|Rotom-Wash, L50|100/100\n|switch|p2a: Grimmsnarl|Grimmsnarl, L50, M|100/100\n|switch|p2b: Incineroar|Incineroar, L50, M, shiny|100/100\n|-ability|p2b: Incineroar|Intimidate|boost\n|-fail|p1a: Lucario|unboost|atk|[from] ability: Inner Focus|[of] p1a: Lucario\n|-unboost|p1b: Rotom|atk|1\n|turn|1\n|inactive|RYUDRAH has 30 seconds left.\n|inactive|RYUDRAH has 20 seconds left.\n|\n|t:|1788427826\n|move|p2b: Incineroar|Fake Out|p1b: Rotom\n|-damage|p1b: Rotom|88/100\n|move|p1a: Lucario|Vacuum Wave|p2b: Incineroar\n|-supereffective|p2b: Incineroar|1\n|-enditem|p2b: Incineroar|Chople Berry|[eat]\n|-enditem|p2b: Incineroar|Chople Berry|[weaken]\n|-damage|p2b: Incineroar|78/100\n|move|p2a: Grimmsnarl|Reflect|p2a: Grimmsnarl\n|-sidestart|p2: ssssour|Reflect\n|cant|p1b: Rotom|flinch\n|\n|upkeep\n|turn|2\n|\n|t:|1788427842\n|detailschange|p1a: Lucario|Lucario-Mega, L50, M\n|-mega|p1a: Lucario|Lucario|Lucarionite\n|move|p1b: Rotom|Helping Hand|p1a: Lucario\n|-singleturn|p1a: Lucario|Helping Hand|[of] p1b: Rotom\n|move|p2a: Grimmsnarl|Light Screen|p2a: Grimmsnarl\n|-sidestart|p2: ssssour|move: Light Screen\n|move|p1a: Lucario|Aura Sphere|p2b: Incineroar\n|-supereffective|p2b: Incineroar|1\n|-damage|p2b: Incineroar|0 fnt\n|faint|p2b: Incineroar\n|\n|upkeep\n|\n|t:|1788427856\n|switch|p2b: Lycanroc|Lycanroc-Dusk, L50, M|100/100\n|turn|3\n|\n|t:|1788427870\n|move|p1b: Rotom|Helping Hand|p1a: Lucario\n|-singleturn|p1a: Lucario|Helping Hand|[of] p1b: Rotom\n|move|p1a: Lucario|Flash Cannon|p2a: Grimmsnarl\n|-supereffective|p2a: Grimmsnarl|1\n|-damage|p2a: Grimmsnarl|2/100\n|move|p2b: Lycanroc|Close Combat|p1a: Lucario\n|-supereffective|p1a: Lucario|1\n|-damage|p1a: Lucario|0 fnt\n|-unboost|p2b: Lycanroc|def|1\n|-unboost|p2b: Lycanroc|spd|1\n|faint|p1a: Lucario\n|move|p2a: Grimmsnarl|Spirit Break|p1b: Rotom\n|-damage|p1b: Rotom|56/100\n|-unboost|p1b: Rotom|spa|1\n|\n|upkeep\n|\n|t:|1788427884\n|switch|p1a: Garchomp|Garchomp, L50, M|100/100\n|turn|4\n|\n|t:|1788427891\n|move|p1b: Rotom|Helping Hand|p1a: Garchomp\n|-singleturn|p1a: Garchomp|Helping Hand|[of] p1b: Rotom\n|move|p2b: Lycanroc|Protect|p2b: Lycanroc\n|-singleturn|p2b: Lycanroc|Protect\n|move|p2a: Grimmsnarl|Parting Shot|p1a: Garchomp\n|-unboost|p1a: Garchomp|atk|1\n|-unboost|p1a: Garchomp|spa|1\n|\n|t:|1788427897\n|switch|p2a: Scovillain|Scovillain, L50, M|100/100|[from] Parting Shot\n|move|p1a: Garchomp|Earthquake|p2b: Lycanroc|[spread] p2a\n|-activate|p2b: Lycanroc|move: Protect\n|-immune|p1b: Rotom|[from] ability: Levitate\n|-damage|p2a: Scovillain|33/100\n|-damage|p1a: Garchomp|90/100|[from] item: Life Orb\n|\n|-ability|p2a: Scovillain|Moody|boost\n|-boost|p2a: Scovillain|spa|2\n|-unboost|p2a: Scovillain|def|1\n|upkeep\n|turn|5\n|\n|t:|1788427919\n|detailschange|p2a: Scovillain|Scovillain-Mega, L50, M\n|-mega|p2a: Scovillain|Scovillain|Scovillainite\n|move|p2b: Lycanroc|Rock Slide|p1a: Garchomp|[spread] p1a,p1b\n|-resisted|p1a: Garchomp|1\n|-damage|p1a: Garchomp|75/100\n|-damage|p1b: Rotom|22/100\n|cant|p1a: Garchomp|flinch\n|move|p2a: Scovillain|Giga Drain|p1a: Garchomp\n|-damage|p1a: Garchomp|0 fnt\n|-heal|p2a: Scovillain|83/100|[from] drain|[of] p1a: Garchomp\n|faint|p1a: Garchomp\n|cant|p1b: Rotom|flinch\n|\n|upkeep\n|\n|t:|1788427931\n|switch|p1a: Sinistcha|Sinistcha-Masterpiece, L50|100/100\n|-heal|p1b: Rotom|47/100|[from] ability: Hospitality|[of] p1a: Sinistcha\n|turn|6\n|\n|t:|1788427943\n|move|p1b: Rotom|Helping Hand|p1a: Sinistcha\n|-singleturn|p1a: Sinistcha|Helping Hand|[of] p1b: Rotom\n|move|p2a: Scovillain|Protect|p2a: Scovillain\n|-singleturn|p2a: Scovillain|Protect\n|move|p2b: Lycanroc|Rock Slide|p1a: Sinistcha|[spread] p1a,p1b\n|-damage|p1a: Sinistcha|74/100\n|-damage|p1b: Rotom|17/100\n|cant|p1a: Sinistcha|flinch\n|\n|-heal|p1a: Sinistcha|80/100|[from] item: Leftovers\n|upkeep\n|turn|7\n|\n|t:|1788427959\n|move|p2b: Lycanroc|Accelerock|p1b: Rotom\n|-damage|p1b: Rotom|0 fnt\n|faint|p1b: Rotom\n|move|p2a: Scovillain|Overheat|p1a: Sinistcha\n|-supereffective|p1a: Sinistcha|1\n|-damage|p1a: Sinistcha|0 fnt\n|-unboost|p2a: Scovillain|spa|2\n|faint|p1a: Sinistcha\n|\n|win|ssssour\n|raw|RYUDRAH's rating: 1033 &rarr; <strong>1019</strong><br />(-14 for losing)\n|raw|ssssour's rating: 1053 &rarr; <strong>1083</strong><br />(+30 for winning)\n|l|☆RYUDRAH\n|player|p1|\n","uploadtime":1788427967,"views":"1","formatid":"gen9championsvgc2026regmb","rating":1019,"private":0,"password":null}