{"id":"gen9championsvgc2026regmbbo3-2674250798","format":"[Gen 9 Champions] VGC 2026 Reg M-B (Bo3)","players":["InglisEucuss","bronzongbroomsvgc"],"log":"|j|‽InglisEucuss\n|j|☆bronzongbroomsvgc\n|html|<table width=\"100%\"><tr><td align=\"left\">InglisEucuss</td><td align=\"right\">bronzongbroomsvgc</tr><tr><td align=\"left\"><i class=\"fa fa-circle-o\"></i> <i class=\"fa fa-circle-o\"></i> </td><td align=\"right\"><i class=\"fa fa-circle-o\"></i> <i class=\"fa fa-circle-o\"></i> </tr></table>\n|uhtml|bestof|<h2><strong>Game 1</strong> of <a href=\"/game-bestof3-gen9championsvgc2026regmbbo3-2674250797\">a best-of-3</a></h2>\n|t:|1788323502\n|gametype|doubles\n|player|p1|InglisEucuss|102|1174\n|player|p2|bronzongbroomsvgc|1|1169\n|gen|9\n|tier|[Gen 9 Champions] VGC 2026 Reg M-B (Bo3)\n|rated|\n|rule|Species Clause: Limit one of each Pokémon\n|rule|Item Clause: Limit 1 of each item\n|clearpoke\n|poke|p1|Charizard, L50, M|\n|poke|p1|Incineroar, L50, F|\n|poke|p1|Farigiraf, L50, M|\n|poke|p1|Garchomp, L50, M|\n|poke|p1|Floette-Eternal, L50, F|\n|poke|p1|Basculegion, L50, M|\n|poke|p2|Charizard, L50, M|\n|poke|p2|Garchomp, L50, F|\n|poke|p2|Basculegion, L50, M|\n|poke|p2|Whimsicott, L50, F|\n|poke|p2|Floette-Eternal, L50, F|\n|poke|p2|Kingambit, L50, F|\n|teampreview|4\n|showteam|p1|Charizard||CharizarditeY|SolarPower|HeatWave,WeatherBall,Protect,SolarBeam|Modest||M|||50|]Incineroar||ChopleBerry|Intimidate|FakeOut,PartingShot,ThroatChop,FlareBlitz|Careful||F|||50|]Farigiraf||SitrusBerry|ArmorTail|Protect,TrickRoom,Psychic,GrassKnot|Bold||M|||50|]Garchomp||LifeOrb|RoughSkin|DragonClaw,Earthquake,StompingTantrum,Protect|Jolly||M|||50|]Floette-Eternal||Floettite|FlowerVeil|CalmMind,DazzlingGleam,Moonblast,Protect|Modest||F|||50|]Basculegion||MysticWater|Adaptability|WaveCrash,Protect,LastRespects,AquaJet|Adamant||M|||50|\n|showteam|p2|Charizard||CharizarditeY|Blaze|HeatWave,AncientPower,WeatherBall,Protect|Timid||M|||50|]Garchomp||SitrusBerry|RoughSkin|DragonClaw,RockSlide,Earthquake,Protect|Jolly||F|||50|]Basculegion||LifeOrb|Adaptability|WaveCrash,AquaJet,LastRespects,Protect|Adamant||M|||50|]Whimsicott||FocusSash|Prankster|Moonblast,Encore,Tailwind,Protect|Timid||F|||50|]Floette-Eternal||Floettite|FlowerVeil|Moonblast,DazzlingGleam,LightofRuin,Protect|Modest||F|||50|]Kingambit||OccaBerry|Defiant|KowtowCleave,SuckerPunch,IronHead,LowKick|Adamant||F|||50|\n|inactive|Battle timer is ON: inactive players will automatically lose when time's up. (requested by InglisEucuss)\n|\n|t:|1788323551\n|teamsize|p1|4\n|teamsize|p2|4\n|start\n|switch|p1a: Charizard|Charizard, L50, M|100/100\n|switch|p1b: Garchomp|Garchomp, L50, M|100/100\n|switch|p2a: Garchomp|Garchomp, L50, F|100/100\n|switch|p2b: Charizard|Charizard, L50, M|100/100\n|turn|1\n|\n|t:|1788323565\n|switch|p1a: Incineroar|Incineroar, L50, F|100/100\n|-ability|p1a: Incineroar|Intimidate|boost\n|-unboost|p2a: Garchomp|atk|1\n|-unboost|p2b: Charizard|atk|1\n|move|p2b: Charizard|Protect|p2b: Charizard\n|-singleturn|p2b: Charizard|Protect\n|move|p2a: Garchomp|Dragon Claw|p1b: Garchomp\n|-supereffective|p1b: Garchomp|1\n|-damage|p1b: Garchomp|54/100\n|-damage|p2a: Garchomp|87/100|[from] ability: Rough Skin|[of] p1b: Garchomp\n|move|p1b: Garchomp|Dragon Claw|p2a: Garchomp\n|-supereffective|p2a: Garchomp|1\n|-damage|p2a: Garchomp|0 fnt\n|-damage|p1b: Garchomp|42/100|[from] ability: Rough Skin|[of] p2a: Garchomp\n|faint|p2a: Garchomp\n|-damage|p1b: Garchomp|32/100|[from] item: Life Orb\n|\n|upkeep\n|\n|t:|1788323582\n|switch|p2a: Basculegion|Basculegion, L50, M|100/100\n|turn|2\n|\n|t:|1788323601\n|switch|p2b: Kingambit|Kingambit, L50, F|100/100\n|switch|p1a: Farigiraf|Farigiraf, L50, M|100/100\n|move|p1b: Garchomp|Protect|p1b: Garchomp\n|-singleturn|p1b: Garchomp|Protect\n|move|p2a: Basculegion|Wave Crash|p1a: Farigiraf\n|-damage|p1a: Farigiraf|9/100\n|-enditem|p1a: Farigiraf|Sitrus Berry|[eat]\n|-heal|p1a: Farigiraf|34/100|[from] item: Sitrus Berry\n|-damage|p2a: Basculegion|65/100|[from] Recoil\n|-damage|p2a: Basculegion|56/100|[from] item: Life Orb\n|\n|upkeep\n|turn|3\n|\n|t:|1788323622\n|move|p2a: Basculegion|Protect|p2a: Basculegion\n|-singleturn|p2a: Basculegion|Protect\n|move|p1a: Farigiraf|Protect|p1a: Farigiraf\n|-singleturn|p1a: Farigiraf|Protect\n|move|p1b: Garchomp|Earthquake|p2a: Basculegion|[spread] p2b\n|-activate|p1a: Farigiraf|move: Protect\n|-activate|p2a: Basculegion|move: Protect\n|-supereffective|p2b: Kingambit|1\n|-damage|p2b: Kingambit|8/100\n|-damage|p1b: Garchomp|22/100|[from] item: Life Orb\n|move|p2b: Kingambit|Kowtow Cleave|p1a: Farigiraf\n|-activate|p1a: Farigiraf|move: Protect\n|\n|upkeep\n|turn|4\n|\n|t:|1788323643\n|switch|p2b: Charizard|Charizard, L50, M|100/100\n|switch|p1a: Charizard|Charizard, L50, M|100/100\n|move|p1b: Garchomp|Earthquake|p2a: Basculegion|[spread] p2a\n|-immune|p1a: Charizard\n|-immune|p2b: Charizard\n|-damage|p2a: Basculegion|0 fnt\n|faint|p2a: Basculegion\n|-damage|p1b: Garchomp|12/100|[from] item: Life Orb\n|\n|upkeep\n|\n|t:|1788323652\n|switch|p2a: Kingambit|Kingambit, L50, F|8/100\n|turn|5\n|\n|t:|1788323672\n|switch|p1b: Farigiraf|Farigiraf, L50, M|34/100\n|detailschange|p2b: Charizard|Charizard-Mega-Y, L50, M\n|-mega|p2b: Charizard|Charizard|Charizardite Y\n|-weather|SunnyDay|[from] ability: Drought|[of] p2b: Charizard\n|detailschange|p1a: Charizard|Charizard-Mega-Y, L50, M\n|-mega|p1a: Charizard|Charizard|Charizardite Y\n|move|p2a: Kingambit|Sucker Punch||[still]\n|cant|p1b: Farigiraf|ability: Armor Tail|Sucker Punch|[of] p2a: Kingambit\n|move|p2b: Charizard|Ancient Power|p1a: Charizard\n|-supereffective|p1a: Charizard|2\n|-damage|p1a: Charizard|30/100\n|-boost|p2b: Charizard|atk|1\n|-boost|p2b: Charizard|def|1\n|-boost|p2b: Charizard|spa|1\n|-boost|p2b: Charizard|spd|1\n|-boost|p2b: Charizard|spe|1\n|move|p1a: Charizard|Heat Wave|p2b: Charizard|[spread] p2a,p2b\n|-supereffective|p2a: Kingambit|1\n|-enditem|p2a: Kingambit|Occa Berry|[eat]\n|-enditem|p2a: Kingambit|Occa Berry|[weaken]\n|-resisted|p2b: Charizard|1\n|-damage|p2a: Kingambit|0 fnt\n|-damage|p2b: Charizard|80/100\n|faint|p2a: Kingambit\n|\n|-weather|SunnyDay|[upkeep]\n|upkeep\n|turn|6\n|inactive|InglisEucuss has 30 seconds left.\n|c|☆bronzongbroomsvgc|lol\n|inactive|InglisEucuss has 20 seconds left.\n|\n|t:|1788323711\n|move|p1a: Charizard|Protect|p1a: Charizard\n|-singleturn|p1a: Charizard|Protect\n|move|p2b: Charizard|Heat Wave|p1a: Charizard|[spread] p1b\n|-activate|p1a: Charizard|move: Protect\n|-damage|p1b: Farigiraf|0 fnt\n|faint|p1b: Farigiraf\n|\n|-weather|SunnyDay|[upkeep]\n|upkeep\n|\n|t:|1788323716\n|switch|p1b: Incineroar|Incineroar, L50, F|100/100\n|-ability|p1b: Incineroar|Intimidate|boost\n|-unboost|p2b: Charizard|atk|1\n|turn|7\n|\n|t:|1788323730\n|move|p2b: Charizard|Protect|p2b: Charizard\n|-singleturn|p2b: Charizard|Protect\n|move|p1a: Charizard|Weather Ball|p2b: Charizard\n|-activate|p2b: Charizard|move: Protect\n|move|p1b: Incineroar|Flare Blitz|p2b: Charizard\n|-activate|p2b: Charizard|move: Protect\n|\n|-weather|SunnyDay|[upkeep]\n|upkeep\n|turn|8\n|\n|t:|1788323738\n|move|p1a: Charizard|Protect|p1a: Charizard\n|-singleturn|p1a: Charizard|Protect\n|move|p2b: Charizard|Heat Wave|p1a: Charizard|[spread] p1b\n|-activate|p1a: Charizard|move: Protect\n|-resisted|p1b: Incineroar|1\n|-damage|p1b: Incineroar|68/100\n|move|p1b: Incineroar|Flare Blitz|p2b: Charizard\n|-resisted|p2b: Charizard|1\n|-damage|p2b: Charizard|51/100\n|-damage|p1b: Incineroar|60/100|[from] Recoil\n|\n|-weather|SunnyDay|[upkeep]\n|upkeep\n|turn|9\n|\n|t:|1788323756\n|move|p2b: Charizard|Heat Wave|p1a: Charizard|[spread] p1a,p1b\n|-resisted|p1a: Charizard|1\n|-resisted|p1b: Incineroar|1\n|-damage|p1a: Charizard|0 fnt\n|-damage|p1b: Incineroar|30/100\n|faint|p1a: Charizard\n|move|p1b: Incineroar|Throat Chop|p2b: Charizard\n|-damage|p2b: Charizard|27/100\n|-start|p2b: Charizard|Throat Chop|[silent]\n|\n|-weather|none\n|upkeep\n|\n|t:|1788323763\n|switch|p1a: Garchomp|Garchomp, L50, M|12/100\n|turn|10\n|\n|t:|1788323775\n|move|p2b: Charizard|Protect|p2b: Charizard\n|-singleturn|p2b: Charizard|Protect\n|move|p1a: Garchomp|Dragon Claw|p2b: Charizard\n|-activate|p2b: Charizard|move: Protect\n|move|p1b: Incineroar|Throat Chop|p2b: Charizard\n|-activate|p2b: Charizard|move: Protect\n|\n|-end|p2b: Charizard|Throat Chop|[silent]\n|upkeep\n|turn|11\n|\n|t:|1788323790\n|move|p2b: Charizard|Heat Wave|p1b: Incineroar|[spread] p1a,p1b\n|-resisted|p1a: Garchomp|1\n|-resisted|p1b: Incineroar|1\n|-damage|p1a: Garchomp|0 fnt\n|-damage|p1b: Incineroar|8/100\n|faint|p1a: Garchomp\n|move|p1b: Incineroar|Throat Chop|p2b: Charizard\n|-damage|p2b: Charizard|3/100\n|-start|p2b: Charizard|Throat Chop|[silent]\n|\n|upkeep\n|turn|12\n|\n|t:|1788323799\n|move|p2b: Charizard|Ancient Power|p1b: Incineroar\n|-supereffective|p1b: Incineroar|1\n|-damage|p1b: Incineroar|0 fnt\n|faint|p1b: Incineroar\n|\n|win|bronzongbroomsvgc\n||InglisEucuss is ready for game 2.\n||bronzongbroomsvgc is ready for game 2.\n|uhtml|next|Next: <a href=\"/battle-gen9championsvgc2026regmbbo3-2674252194\"><strong>Game 2 of 3</strong></a>\n","uploadtime":1788324069,"views":"0","formatid":"gen9championsvgc2026regmbbo3","rating":null,"private":0,"password":null}