{"id":"gen9championsvgc2026regmb-2674054985","format":"[Gen 9 Champions] VGC 2026 Reg M-B","players":["jaredshane","tesanence"],"log":"|j|☆jaredshane\n|j|☆tesanence\n|t:|1788293205\n|gametype|doubles\n|player|p1|jaredshane|steven|1471\n|player|p2|tesanence|caitlin|1382\n|gen|9\n|tier|[Gen 9 Champions] VGC 2026 Reg M-B\n|rated|\n|rule|Species Clause: Limit one of each Pokémon\n|rule|Item Clause: Limit 1 of each item\n|clearpoke\n|poke|p1|Charizard, L50, M, shiny|\n|poke|p1|Grimmsnarl, L50, M, shiny|\n|poke|p1|Archaludon, L50, M, shiny|\n|poke|p1|Pelipper, L50, F, shiny|\n|poke|p1|Venusaur, L50, F, shiny|\n|poke|p1|Swampert, L50, M, shiny|\n|poke|p2|Scovillain, L50, M, shiny|\n|poke|p2|Basculegion, L50, M|\n|poke|p2|Kingambit, L50, M|\n|poke|p2|Sneasler, L50, F|\n|poke|p2|Lycanroc-Dusk, L50, M|\n|poke|p2|Froslass, L50, F|\n|teampreview|4\njaredshane has agreed to open team sheets.\n|inactive|Battle timer is ON: inactive players will automatically lose when time's up. (requested by jaredshane)\n|inactive|jaredshane has 60 seconds left.\n|inactive|tesanence has 60 seconds left.\n|inactive|tesanence has 30 seconds left.\n|inactive|jaredshane has 30 seconds left.\n|inactive|tesanence has 20 seconds left.\n|\n|t:|1788293290\n|teamsize|p1|4\n|teamsize|p2|4\n|start\n|switch|p1a: Grimmsnarl|Grimmsnarl, L50, M, shiny|100/100\n|switch|p1b: Archaludon|Archaludon, L50, M, shiny|100/100\n|switch|p2a: John Dogs|Scovillain, L50, M, shiny|100/100\n|switch|p2b: DDee|Lycanroc-Dusk, L50, M|100/100\n|turn|1\n|inactive|jaredshane has 30 seconds left.\n|inactive|jaredshane has 20 seconds left.\n|inactive|jaredshane has 15 seconds left.\n|\n|t:|1788293334\n|detailschange|p2a: John Dogs|Scovillain-Mega, L50, M, shiny\n|-mega|p2a: John Dogs|Scovillain|Scovillainite\n|move|p1a: Grimmsnarl|Reflect|p1a: Grimmsnarl\n|-sidestart|p1: jaredshane|Reflect\n|move|p2b: DDee|Close Combat|p1b: Archaludon\n|-supereffective|p1b: Archaludon|1\n|-damage|p1b: Archaludon|44/100\n|-unboost|p2b: DDee|def|1\n|-unboost|p2b: DDee|spd|1\n|-ability|p1b: Archaludon|Stamina|boost\n|-boost|p1b: Archaludon|def|1\n|move|p1b: Archaludon|Dragon Pulse|p2b: DDee\n|-damage|p2b: DDee|6/100\n|move|p2a: John Dogs|Overheat|p1b: Archaludon\n|-crit|p1b: Archaludon\n|-damage|p1b: Archaludon|0 fnt\n|-unboost|p2a: John Dogs|spa|2\n|faint|p1b: Archaludon\n|\n|upkeep\n|\n|t:|1788293352\n|switch|p1b: Pelipper|Pelipper, L50, F, shiny|100/100\n|-weather|RainDance|[from] ability: Drizzle|[of] p1b: Pelipper\n|turn|2\n|\n|t:|1788293373\n|move|p2a: John Dogs|Rage Powder|p2a: John Dogs\n|-singleturn|p2a: John Dogs|move: Rage Powder\n|move|p2b: DDee|Rock Slide|p1a: Grimmsnarl|[spread] p1a,p1b\n|-supereffective|p1b: Pelipper|1\n|-damage|p1a: Grimmsnarl|78/100\n|-damage|p1b: Pelipper|61/100\n|cant|p1b: Pelipper|flinch\n|move|p1a: Grimmsnarl|Spirit Break|p2a: John Dogs\n|-resisted|p2a: John Dogs|1\n|-damage|p2a: John Dogs|85/100\n|-unboost|p2a: John Dogs|spa|1\n|-status|p1a: Grimmsnarl|brn|[from] ability: Spicy Spray|[of] p2a: John Dogs\n|\n|-weather|RainDance|[upkeep]\n|-damage|p1a: Grimmsnarl|72/100 brn|[from] brn\n|upkeep\n|turn|3\n|\n|t:|1788293395\n|move|p2a: John Dogs|Rage Powder|p2a: John Dogs\n|-singleturn|p2a: John Dogs|move: Rage Powder\n|move|p1a: Grimmsnarl|Light Screen|p1a: Grimmsnarl\n|-sidestart|p1: jaredshane|move: Light Screen\n|move|p2b: DDee|Rock Slide|p1a: Grimmsnarl|[spread] p1a,p1b\n|-crit|p1a: Grimmsnarl\n|-supereffective|p1b: Pelipper|1\n|-damage|p1a: Grimmsnarl|27/100 brn\n|-damage|p1b: Pelipper|18/100\n|-enditem|p1b: Pelipper|Sitrus Berry|[eat]\n|-heal|p1b: Pelipper|42/100|[from] item: Sitrus Berry\n|cant|p1b: Pelipper|flinch\n|\n|-weather|RainDance|[upkeep]\n|-damage|p1a: Grimmsnarl|21/100 brn|[from] brn\n|upkeep\n|turn|4\n|\n|t:|1788293413\n|move|p2a: John Dogs|Rage Powder|p2a: John Dogs\n|-singleturn|p2a: John Dogs|move: Rage Powder\n|move|p1a: Grimmsnarl|Parting Shot|p2a: John Dogs\n|-unboost|p2a: John Dogs|atk|1\n|-unboost|p2a: John Dogs|spa|1\n|\n|t:|1788293420\n|switch|p1a: Charizard|Charizard, L50, M, shiny|100/100|[from] Parting Shot\n|move|p2b: DDee|Rock Slide|p1a: Charizard|[spread] p1a,p1b\n|-supereffective|p1a: Charizard|2\n|-supereffective|p1b: Pelipper|1\n|-damage|p1a: Charizard|20/100y\n|-damage|p1b: Pelipper|1/100\n|move|p1b: Pelipper|Hurricane|p2a: John Dogs\n|-supereffective|p2a: John Dogs|1\n|-damage|p2a: John Dogs|1/100\n|-status|p1b: Pelipper|brn|[from] ability: Spicy Spray|[of] p2a: John Dogs\n|\n|-weather|RainDance|[upkeep]\n|-damage|p1b: Pelipper|0 fnt|[from] brn\n|faint|p1b: Pelipper\n|upkeep\n|\n|t:|1788293433\n|switch|p1b: Grimmsnarl|Grimmsnarl, L50, M, shiny|21/100 brn\n|turn|5\n|inactive|tesanence has 30 seconds left.\n|inactive|tesanence has 20 seconds left.\n|c|☆jaredshane|i hate rock slide lol\n|\n|t:|1788293471\n|detailschange|p1a: Charizard|Charizard-Mega-Y, L50, M, shiny\n|-mega|p1a: Charizard|Charizard|Charizardite Y\n|-weather|SunnyDay|[from] ability: Drought|[of] p1a: Charizard\n|move|p1b: Grimmsnarl|Parting Shot|p2b: DDee\n|-unboost|p2b: DDee|atk|1\n|-unboost|p2b: DDee|spa|1\n|move|p2b: DDee|Rock Slide|p1b: Grimmsnarl|[spread] p1a,p1b\n|-supereffective|p1a: Charizard|2\n|-damage|p1a: Charizard|0 fnt\n|-damage|p1b: Grimmsnarl|9/100 brn\n|faint|p1a: Charizard\n|move|p2a: John Dogs|Overheat|p1b: Grimmsnarl\n|-damage|p1b: Grimmsnarl|0 fnt\n|-unboost|p2a: John Dogs|spa|2\n|faint|p1b: Grimmsnarl\n|\n|win|tesanence\n|raw|jaredshane's rating: 1471 &rarr; <strong>1446</strong><br />(-25 for losing)\n|raw|tesanence's rating: 1382 &rarr; <strong>1407</strong><br />(+25 for winning)\n","uploadtime":1788293471,"views":"0","formatid":"gen9championsvgc2026regmb","rating":1407,"private":0,"password":null}