{"id":"gen9championsvgc2026regmbbo3-2674598988","format":"[Gen 9 Champions] VGC 2026 Reg M-B (Bo3)","players":["jomivgc","Olciax34"],"log":"|j|☆jomivgc\n|j|☆Olciax34\n|html|<table width=\"100%\"><tr><td align=\"left\">jomivgc</td><td align=\"right\">Olciax34</tr><tr><td align=\"left\"><i class=\"fa fa-circle\"></i> <i class=\"fa fa-circle-o\"></i> </td><td align=\"right\"><i class=\"fa fa-circle-o\"></i> <i class=\"fa fa-circle-o\"></i> </tr></table>\n|uhtml|bestof|<h2><strong>Game 2</strong> of <a href=\"/game-bestof3-gen9championsvgc2026regmbbo3-2674597000\">a best-of-3</a></h2>\n|t:|1788378589\n|gametype|doubles\n|player|p1|jomivgc|emmet|1253\n|player|p2|Olciax34|clair|1395\n|gen|9\n|tier|[Gen 9 Champions] VGC 2026 Reg M-B (Bo3)\n|rated|\n|rule|Species Clause: Limit one of each Pokémon\n|rule|Item Clause: Limit 1 of each item\n|clearpoke\n|poke|p1|Raichu, L50, M|\n|poke|p1|Staraptor, L50, F|\n|poke|p1|Arcanine-Hisui, L50, M, shiny|\n|poke|p1|Farigiraf, L50, M|\n|poke|p1|Sylveon, L50, F|\n|poke|p1|Kingambit, L50, M|\n|poke|p2|Floette-Eternal, L50, F|\n|poke|p2|Sinistcha, L50|\n|poke|p2|Incineroar, L50, M|\n|poke|p2|Basculegion, L50, M|\n|poke|p2|Sneasler, L50, M|\n|poke|p2|Dragonite, L50, M|\n|teampreview|4\n|showteam|p1|Raichu||RaichuniteY|LightningRod|ZapCannon,FocusBlast,FakeOut,Protect|Timid||M|||50|]Staraptor||Staraptite|Intimidate|CloseCombat,BraveBird,Tailwind,Protect|Jolly||F|||50|]Arcanine-Hisui||FocusSash|RockHead|FlareBlitz,HeadSmash,ExtremeSpeed,Protect|Jolly||M|||50|]Farigiraf||SitrusBerry|ArmorTail|Psychic,HelpingHand,TrickRoom,Protect|Calm||M|||50|]Sylveon||FairyFeather|Pixilate|HyperVoice,QuickAttack,HyperBeam,Detect|Modest||F|||50|]Kingambit||LifeOrb|Defiant|KowtowCleave,SuckerPunch,SwordsDance,Protect|Adamant||M|||50|\n|showteam|p2|Floette-Eternal||Floettite|FlowerVeil|DazzlingGleam,DrainingKiss,CalmMind,Protect|Modest||F|||50|]Sinistcha||ColburBerry|Hospitality|MatchaGotcha,TrickRoom,RagePowder,Protect|Calm|||||50|]Incineroar||SitrusBerry|Intimidate|FlareBlitz,ThroatChop,PartingShot,FakeOut|Careful||M|||50|]Basculegion||ChoiceScarf|Adaptability|WaveCrash,FlipTurn,AquaJet,LastRespects|Jolly||M|||50|]Sneasler||FocusSash|PoisonTouch|FakeOut,PoisonJab,CloseCombat,Coaching|Jolly||M|||50|]Dragonite||Dragoninite|Multiscale|DragonPulse,HeatWave,ExtremeSpeed,Protect|Modest||M|||50|\n|inactive|Battle timer is ON: inactive players will automatically lose when time's up. (requested by jomivgc)\n|inactive|jomivgc has 60 seconds left.\n|\n|t:|1788378636\n|teamsize|p1|4\n|teamsize|p2|4\n|start\n|switch|p1a: Raichu|Raichu, L50, M|100/100\n|switch|p1b: Arcanine|Arcanine-Hisui, L50, M, shiny|100/100\n|switch|p2a: Floette|Floette-Eternal, L50, F|100/100\n|switch|p2b: Sinistcha|Sinistcha, L50|100/100\n|turn|1\n|\n|t:|1788378647\n|switch|p2b: Incineroar|Incineroar, L50, M|100/100\n|-ability|p2b: Incineroar|Intimidate|boost\n|-unboost|p1a: Raichu|atk|1\n|-unboost|p1b: Arcanine|atk|1\n|detailschange|p1a: Raichu|Raichu-Mega-Y, L50, M\n|-mega|p1a: Raichu|Raichu|Raichunite Y\n|move|p2a: Floette|Protect|p2a: Floette\n|-singleturn|p2a: Floette|Protect\n|move|p1a: Raichu|Fake Out|p2a: Floette\n|-activate|p2a: Floette|move: Protect\n|move|p1b: Arcanine|Flare Blitz|p2b: Incineroar\n|-resisted|p2b: Incineroar|1\n|-damage|p2b: Incineroar|83/100\n|\n|upkeep\n|turn|2\n|\n|t:|1788378667\n|switch|p1a: Farigiraf|Farigiraf, L50, M|100/100\n|detailschange|p2a: Floette|Floette-Mega, L50, F\n|-mega|p2a: Floette|Floette|Floettite\n|-ability|p2a: Floette|Fairy Aura\n|move|p2b: Incineroar|Fake Out||[still]\n|cant|p1a: Farigiraf|ability: Armor Tail|Fake Out|[of] p2b: Incineroar\n|move|p1b: Arcanine|Head Smash|p2a: Floette\n|-damage|p2a: Floette|58/100\n|move|p2a: Floette|Calm Mind|p2a: Floette\n|-boost|p2a: Floette|spa|1\n|-boost|p2a: Floette|spd|1\n|\n|upkeep\n|turn|3\n|\n|t:|1788378689\n|switch|p2b: Sneasler|Sneasler, L50, M|100/100\n|move|p1a: Farigiraf|Helping Hand|p1b: Arcanine\n|-singleturn|p1b: Arcanine|Helping Hand|[of] p1a: Farigiraf\n|move|p2a: Floette|Protect|p2a: Floette\n|-singleturn|p2a: Floette|Protect\n|move|p1b: Arcanine|Head Smash|p2b: Sneasler\n|-resisted|p2b: Sneasler|1\n|-damage|p2b: Sneasler|34/100\n|\n|upkeep\n|turn|4\n|\n|t:|1788378703\n|move|p1b: Arcanine|Protect|p1b: Arcanine\n|-singleturn|p1b: Arcanine|Protect\n|move|p2b: Sneasler|Coaching|p2a: Floette\n|-boost|p2a: Floette|atk|1\n|-boost|p2a: Floette|def|1\n|move|p2a: Floette|Draining Kiss|p1a: Farigiraf\n|-damage|p1a: Farigiraf|53/100\n|-heal|p2a: Floette|100/100|[from] drain|[of] p1a: Farigiraf\n|move|p1a: Farigiraf|Psychic|p2b: Sneasler\n|-supereffective|p2b: Sneasler|2\n|-damage|p2b: Sneasler|0 fnt\n|faint|p2b: Sneasler\n|\n|upkeep\n|\n|t:|1788378715\n|switch|p2b: Incineroar|Incineroar, L50, M|83/100\n|-ability|p2b: Incineroar|Intimidate|boost\n|-unboost|p1a: Farigiraf|atk|1\n|-unboost|p1b: Arcanine|atk|1\n|turn|5\n|\n|t:|1788378740\n|move|p1a: Farigiraf|Helping Hand|p1b: Arcanine\n|-singleturn|p1b: Arcanine|Helping Hand|[of] p1a: Farigiraf\n|move|p1b: Arcanine|Head Smash|p2b: Incineroar\n|-supereffective|p2b: Incineroar|1\n|-crit|p2b: Incineroar\n|-damage|p2b: Incineroar|0 fnt\n|faint|p2b: Incineroar\n|move|p2a: Floette|Calm Mind|p2a: Floette\n|-boost|p2a: Floette|spa|1\n|-boost|p2a: Floette|spd|1\n|\n|upkeep\n|\n|t:|1788378748\n|switch|p2b: Sinistcha|Sinistcha, L50|100/100\n|turn|6\n|\n|t:|1788378759\n|switch|p1b: Raichu|Raichu-Mega-Y, L50, M|100/100\n|move|p2b: Sinistcha|Protect|p2b: Sinistcha\n|-singleturn|p2b: Sinistcha|Protect\n|move|p1a: Farigiraf|Protect|p1a: Farigiraf\n|-singleturn|p1a: Farigiraf|Protect\n|move|p2a: Floette|Dazzling Gleam|p1b: Raichu|[spread] p1b\n|-activate|p1a: Farigiraf|move: Protect\n|-damage|p1b: Raichu|0 fnt\n|faint|p1b: Raichu\n|\n|upkeep\n|\n|t:|1788378771\n|switch|p1b: Arcanine|Arcanine-Hisui, L50, M, shiny|100/100\n|turn|7\n|\n|t:|1788378781\n|move|p1a: Farigiraf|Helping Hand|p1b: Arcanine\n|-singleturn|p1b: Arcanine|Helping Hand|[of] p1a: Farigiraf\n|move|p2b: Sinistcha|Rage Powder|p2b: Sinistcha\n|-singleturn|p2b: Sinistcha|move: Rage Powder\n|move|p1b: Arcanine|Flare Blitz|p2b: Sinistcha\n|-supereffective|p2b: Sinistcha|1\n|-damage|p2b: Sinistcha|0 fnt\n|faint|p2b: Sinistcha\n|move|p2a: Floette|Dazzling Gleam|p1a: Farigiraf|[spread] p1a,p1b\n|-resisted|p1b: Arcanine|1\n|-damage|p1a: Farigiraf|0 fnt\n|-damage|p1b: Arcanine|47/100\n|faint|p1a: Farigiraf\n|\n|upkeep\n|\n|t:|1788378790\n|switch|p1a: Sylveon|Sylveon, L50, F|100/100\n|turn|8\n|\n|t:|1788378799\n|move|p1b: Arcanine|Head Smash|p2a: Floette\n|-damage|p2a: Floette|56/100\n|move|p2a: Floette|Draining Kiss|p1b: Arcanine\n|-resisted|p1b: Arcanine|1\n|-damage|p1b: Arcanine|1/100\n|-heal|p2a: Floette|91/100|[from] drain|[of] p1b: Arcanine\n|move|p1a: Sylveon|Hyper Beam|p2a: Floette\n|-damage|p2a: Floette|40/100\n|-mustrecharge|p1a: Sylveon\n|\n|upkeep\n|turn|9\n|\n|t:|1788378818\n|move|p1b: Arcanine|Head Smash|p2a: Floette\n|-damage|p2a: Floette|1/100\n|move|p2a: Floette|Dazzling Gleam|p1b: Arcanine|[spread] p1a,p1b\n|-resisted|p1b: Arcanine|1\n|-damage|p1a: Sylveon|28/100\n|-damage|p1b: Arcanine|0 fnt\n|faint|p1b: Arcanine\n|cant|p1a: Sylveon|recharge\n|\n|upkeep\n|turn|10\n|\n|t:|1788378825\n|move|p1a: Sylveon|Quick Attack|p2a: Floette\n|-damage|p2a: Floette|0 fnt\n|faint|p2a: Floette\n|\n|win|jomivgc\n|raw|jomivgc's rating: 1253 &rarr; <strong>1288</strong><br />(+35 for winning)\n|raw|Olciax34's rating: 1395 &rarr; <strong>1367</strong><br />(-28 for losing)\n","uploadtime":1788378826,"views":"0","formatid":"gen9championsvgc2026regmbbo3","rating":1288,"private":0,"password":null}