{"id":"gen9championsvgc2026regmb-2673912234","format":"[Gen 9 Champions] VGC 2026 Reg M-B","players":["Simumzera","rmalhada"],"log":"|j|☆Simumzera\n|j|☆rmalhada\n|t:|1788276282\n|gametype|doubles\n|player|p1|Simumzera|2|1413\n|player|p2|rmalhada|blue|1442\n|gen|9\n|tier|[Gen 9 Champions] VGC 2026 Reg M-B\n|rated|\n|rule|Species Clause: Limit one of each Pokémon\n|rule|Item Clause: Limit 1 of each item\n|clearpoke\n|poke|p1|Charizard, L50, F|\n|poke|p1|Incineroar, L50, M, shiny|\n|poke|p1|Sinistcha, L50|\n|poke|p1|Lycanroc-Dusk, L50, M|\n|poke|p1|Garchomp, L50, F|\n|poke|p1|Sneasler, L50, F|\n|poke|p2|Froslass, L50, F|\n|poke|p2|Scovillain, L50, F|\n|poke|p2|Kingambit, L50, M|\n|poke|p2|Basculegion, L50, M|\n|poke|p2|Sneasler, L50, F|\n|poke|p2|Lycanroc-Dusk, L50, M|\n|teampreview|4\n|c|☆Simumzera|br?\n|c|☆rmalhada|s\n|c|☆Simumzera|boa kkk\n|inactive|Battle timer is ON: inactive players will automatically lose when time's up. (requested by Simumzera)\nSimumzera rejected open team sheets.\n|\n|t:|1788276360\n|teamsize|p1|4\n|teamsize|p2|4\n|start\n|switch|p1a: Incineroar|Incineroar, L50, M, shiny|100/100\n|switch|p1b: Charizard|Charizard, L50, F|100/100\n|switch|p2a: Kingambit|Kingambit, L50, M|100/100\n|switch|p2b: Sneasler|Sneasler, L50, F|100/100\n|-ability|p1a: Incineroar|Intimidate|boost\n|-unboost|p2a: Kingambit|atk|1\n|-ability|p2a: Kingambit|Defiant|boost\n|-boost|p2a: Kingambit|atk|2\n|-unboost|p2b: Sneasler|atk|1\n|-enditem|p2b: Sneasler|White Herb\n|-clearnegativeboost|p2b: Sneasler|[silent]\n|turn|1\n|inactive|Simumzera has 30 seconds left.\n|inactive|rmalhada has 30 seconds left.\n|inactive|Simumzera has 20 seconds left.\n|inactive|rmalhada has 20 seconds left.\n|inactive|Simumzera has 15 seconds left.\n|inactive|rmalhada has 15 seconds left.\n|inactive|rmalhada has 10 seconds left.\n|inactive|rmalhada has 5 seconds left.\n|\n|t:|1788276413\n|switch|p1a: Garchomp|Garchomp, L50, F|100/100\n|detailschange|p1b: Charizard|Charizard-Mega-Y, L50, F\n|-mega|p1b: Charizard|Charizard|Charizardite Y\n|-weather|SunnyDay|[from] ability: Drought|[of] p1b: Charizard\n|move|p2b: Sneasler|Fake Out|p1a: Garchomp\n|-damage|p1a: Garchomp|85/100\n|-damage|p2b: Sneasler|88/100|[from] ability: Rough Skin|[of] p1a: Garchomp\n|move|p2a: Kingambit|Sucker Punch|p1b: Charizard\n|-damage|p1b: Charizard|31/100\n|move|p1b: Charizard|Heat Wave|p2a: Kingambit|[spread] p2a,p2b\n|-supereffective|p2a: Kingambit|1\n|-damage|p2a: Kingambit|0 fnt\n|-damage|p2b: Sneasler|13/100\n|faint|p2a: Kingambit\n|\n|-weather|SunnyDay|[upkeep]\n|upkeep\n|\n|t:|1788276433\n|switch|p2a: Lycanroc|Lycanroc-Dusk, L50, M|100/100\n|turn|2\n|\n|t:|1788276456\n|move|p2a: Lycanroc|Protect|p2a: Lycanroc\n|-singleturn|p2a: Lycanroc|Protect\n|move|p1b: Charizard|Protect|p1b: Charizard\n|-singleturn|p1b: Charizard|Protect\n|move|p2b: Sneasler|Close Combat|p1a: Garchomp\n|-damage|p1a: Garchomp|29/100\n|-unboost|p2b: Sneasler|def|1\n|-unboost|p2b: Sneasler|spd|1\n|-damage|p2b: Sneasler|1/100|[from] ability: Rough Skin|[of] p1a: Garchomp\n|move|p1a: Garchomp|Earthquake|p2a: Lycanroc|[spread] p2b\n|-activate|p1b: Charizard|move: Protect\n|-activate|p2a: Lycanroc|move: Protect\n|-supereffective|p2b: Sneasler|1\n|-damage|p2b: Sneasler|0 fnt\n|faint|p2b: Sneasler\n|-damage|p1a: Garchomp|20/100r|[from] item: Life Orb\n|\n|-weather|SunnyDay|[upkeep]\n|upkeep\n|\n|t:|1788276473\n|switch|p2b: Basculegion|Basculegion, L50, M|100/100\n|turn|3\n|\n|t:|1788276481\n|switch|p1b: Incineroar|Incineroar, L50, M, shiny|100/100\n|-ability|p1b: Incineroar|Intimidate|boost\n|-unboost|p2a: Lycanroc|atk|1\n|-unboost|p2b: Basculegion|atk|1\n|move|p1a: Garchomp|Protect|p1a: Garchomp\n|-singleturn|p1a: Garchomp|Protect\n|move|p2a: Lycanroc|Rock Slide|p1a: Garchomp|[spread] p1b\n|-activate|p1a: Garchomp|move: Protect\n|-supereffective|p1b: Incineroar|1\n|-crit|p1b: Incineroar\n|-damage|p1b: Incineroar|25/100\n|-enditem|p1b: Incineroar|Sitrus Berry|[eat]\n|-heal|p1b: Incineroar|50/100g|[from] item: Sitrus Berry\n|move|p2b: Basculegion|Last Respects|p1a: Garchomp\n|-activate|p1a: Garchomp|move: Protect\n|\n|-weather|SunnyDay|[upkeep]\n|upkeep\n|turn|4\n|inactive|Simumzera has 30 seconds left.\n|\n|t:|1788276510\n|switch|p1a: Sneasler|Sneasler, L50, F|100/100\n|move|p1b: Incineroar|Fake Out|p2a: Lycanroc\n|-resisted|p2a: Lycanroc|1\n|-damage|p2a: Lycanroc|90/100\n|move|p2b: Basculegion|Aqua Jet|p1a: Sneasler\n|-damage|p1a: Sneasler|84/100\n|-damage|p2b: Basculegion|90/100|[from] item: Life Orb\n|cant|p2a: Lycanroc|flinch\n|\n|-weather|SunnyDay|[upkeep]\n|upkeep\n|turn|5\n|\n|t:|1788276532\n|switch|p1b: Garchomp|Garchomp, L50, F|20/100r\n|move|p2a: Lycanroc|Protect|p2a: Lycanroc\n|-singleturn|p2a: Lycanroc|Protect\n|move|p1a: Sneasler|Fake Out|p2a: Lycanroc\n|-activate|p2a: Lycanroc|move: Protect\n|move|p2b: Basculegion|Last Respects|p1a: Sneasler\n|-damage|p1a: Sneasler|0 fnt\n|faint|p1a: Sneasler\n|-damage|p2b: Basculegion|80/100|[from] item: Life Orb\n|\n|-weather|none\n|upkeep\n|\n|t:|1788276544\n|switch|p1a: Incineroar|Incineroar, L50, M, shiny|50/100g\n|-ability|p1a: Incineroar|Intimidate|boost\n|-unboost|p2a: Lycanroc|atk|1\n|-unboost|p2b: Basculegion|atk|1\n|turn|6\n|\n|t:|1788276554\n|move|p2b: Basculegion|Aqua Jet|p1b: Garchomp\n|-damage|p1b: Garchomp|1/100\n|-damage|p2b: Basculegion|68/100|[from] ability: Rough Skin|[of] p1b: Garchomp\n|-damage|p2b: Basculegion|58/100|[from] item: Life Orb\n|move|p1b: Garchomp|Rock Slide|p2b: Basculegion|[spread] p2a,p2b\n|-damage|p2a: Lycanroc|49/100\n|-damage|p2b: Basculegion|30/100\n|-damage|p1b: Garchomp|0 fnt|[from] item: Life Orb\n|faint|p1b: Garchomp\n|move|p2a: Lycanroc|Rock Slide|p1a: Incineroar\n|-supereffective|p1a: Incineroar|1\n|-damage|p1a: Incineroar|16/100\n|move|p1a: Incineroar|Darkest Lariat|p2b: Basculegion\n|-supereffective|p2b: Basculegion|1\n|-crit|p2b: Basculegion\n|-damage|p2b: Basculegion|0 fnt\n|faint|p2b: Basculegion\n|\n|upkeep\n|c|☆rmalhada|putzz\n|\n|t:|1788276571\n|switch|p1b: Charizard|Charizard-Mega-Y, L50, F|31/100\n|-weather|SunnyDay|[from] ability: Drought|[of] p1b: Charizard\n|turn|7\n|c|☆Simumzera|acho q n mata\n|inactive|Simumzera has 30 seconds left.\n|\n|t:|1788276596\n|move|p2a: Lycanroc|Rock Slide|p1b: Charizard|[spread] p1a,p1b\n|-supereffective|p1a: Incineroar|1\n|-supereffective|p1b: Charizard|2\n|-damage|p1a: Incineroar|0 fnt\n|-damage|p1b: Charizard|0 fnt\n|faint|p1a: Incineroar\n|faint|p1b: Charizard\n|\n|win|rmalhada\n|raw|Simumzera's rating: 1413 &rarr; <strong>1395</strong><br />(-18 for losing)\n|raw|rmalhada's rating: 1442 &rarr; <strong>1460</strong><br />(+18 for winning)\n|c|☆rmalhada|kkk\n|c|☆Simumzera|matou kkkk\n|c|☆rmalhada|foi sorte\n|c|☆Simumzera|nada jogou bem\n|c|☆rmalhada|tmj! vlw\n|l|☆Simumzera\n|player|p1|\n","uploadtime":1788276644,"views":"10","formatid":"gen9championsvgc2026regmb","rating":1395,"private":0,"password":null}