{"id":"gen9championsvgc2026regmb-2674172078","format":"[Gen 9 Champions] VGC 2026 Reg M-B","players":["yungdundas","ravenskeeper"],"log":"|j|☆yungdundas\n|j|☆ravenskeeper\n|t:|1788309981\n|gametype|doubles\n|player|p1|yungdundas|265|\n|player|p2|ravenskeeper|102|\n|gen|9\n|tier|[Gen 9 Champions] VGC 2026 Reg M-B\n|rule|Species Clause: Limit one of each Pokémon\n|rule|Item Clause: Limit 1 of each item\n|clearpoke\n|poke|p1|Staraptor, L50, F|\n|poke|p1|Golurk, L50|\n|poke|p1|Palafin, L50, F|\n|poke|p1|Whimsicott, L50, F|\n|poke|p1|Heliolisk, L50, F|\n|poke|p1|Incineroar, L50, F|\n|poke|p2|Tyranitar, L50, F|\n|poke|p2|Excadrill, L50, M|\n|poke|p2|Houndstone, L50, M|\n|poke|p2|Scizor, L50, F|\n|poke|p2|Rotom-Mow, L50|\n|poke|p2|Altaria, L50, F|\n|teampreview|4\n|\n|t:|1788310023\n|teamsize|p1|4\n|teamsize|p2|4\n|start\n|switch|p1a: Palafin|Palafin, L50, F|100/100\n|switch|p1b: Incineroar|Incineroar, L50, F|100/100\n|switch|p2a: Excadrill|Excadrill, L50, M|100/100\n|switch|p2b: Rotom|Rotom-Mow, L50|100/100\n|-ability|p1b: Incineroar|Intimidate|boost\n|-unboost|p2a: Excadrill|atk|1\n|-unboost|p2b: Rotom|atk|1\n|turn|1\n|\n|t:|1788310068\n|move|p1b: Incineroar|Fake Out|p2b: Rotom\n|-damage|p2b: Rotom|84/100\n|move|p1a: Palafin|Flip Turn|p2a: Excadrill\n|-supereffective|p2a: Excadrill|1\n|-damage|p2a: Excadrill|28/100\n|\n|t:|1788310080\n|detailschange|p1a: Palafin|Palafin-Hero, L50, F\n|switch|p1a: Whimsicott|Whimsicott, L50, F|100/100|[from] Flip Turn\n|move|p2a: Excadrill|Earthquake|p1b: Incineroar|[spread] p1a,p1b\n|-immune|p2b: Rotom|[from] ability: Levitate\n|-resisted|p1a: Whimsicott|1\n|-supereffective|p1b: Incineroar|1\n|-damage|p1a: Whimsicott|86/100\n|-damage|p1b: Incineroar|45/100\n|-enditem|p1b: Incineroar|Sitrus Berry|[eat]\n|-heal|p1b: Incineroar|70/100|[from] item: Sitrus Berry\n|cant|p2b: Rotom|flinch\n|\n|upkeep\n|turn|2\n|\n|t:|1788310149\n|move|p1a: Whimsicott|Tailwind|p1a: Whimsicott\n|-sidestart|p1: yungdundas|move: Tailwind\n|move|p1b: Incineroar|Parting Shot|p2b: Rotom\n|-unboost|p2b: Rotom|atk|1\n|-unboost|p2b: Rotom|spa|1\n|\n|t:|1788310157\n|switch|p1b: Staraptor|Staraptor, L50, F|100/100|[from] Parting Shot\n|-ability|p1b: Staraptor|Intimidate|boost\n|-unboost|p2a: Excadrill|atk|1\n|-unboost|p2b: Rotom|atk|1\n|move|p2a: Excadrill|Rock Slide|p1b: Staraptor|[spread] p1a,p1b\n|-supereffective|p1b: Staraptor|1\n|-damage|p1a: Whimsicott|76/100\n|-damage|p1b: Staraptor|71/100\n|move|p2b: Rotom|Volt Switch|p1b: Staraptor\n|-supereffective|p1b: Staraptor|1\n|-damage|p1b: Staraptor|0 fnt\n|faint|p1b: Staraptor\n|\n|t:|1788310182\n|switch|p2b: Tyranitar|Tyranitar, L50, F|100/100|[from] Volt Switch\n|-weather|Sandstorm|[from] ability: Sand Stream|[of] p2b: Tyranitar\n|\n|-weather|Sandstorm|[upkeep]\n|-damage|p1a: Whimsicott|70/100|[from] Sandstorm\n|upkeep\n|\n|t:|1788310191\n|switch|p1b: Palafin|Palafin-Hero, L50, F|100/100\n|-activate|p1b: Palafin|ability: Zero to Hero\n|turn|3\n|\n|t:|1788310271\n|switch|p2a: Rotom|Rotom-Mow, L50|84/100\n|move|p1b: Palafin|Wave Crash|p2b: Tyranitar\n|-supereffective|p2b: Tyranitar|1\n|-damage|p2b: Tyranitar|0 fnt\n|faint|p2b: Tyranitar\n|-damage|p1b: Palafin|67/100|[from] Recoil\n|move|p1a: Whimsicott|Moonblast|p2a: Rotom\n|-damage|p2a: Rotom|57/100\n|\n|-weather|Sandstorm|[upkeep]\n|-damage|p1b: Palafin|61/100|[from] Sandstorm\n|-damage|p1a: Whimsicott|64/100|[from] Sandstorm\n|-damage|p2a: Rotom|52/100|[from] Sandstorm\n|upkeep\n|\n|t:|1788310292\n|switch|p2b: Excadrill|Excadrill, L50, M|28/100\n|turn|4\n|\n|t:|1788310322\n|move|p1b: Palafin|Jet Punch|p2b: Excadrill\n|-supereffective|p2b: Excadrill|1\n|-crit|p2b: Excadrill\n|-damage|p2b: Excadrill|0 fnt\n|faint|p2b: Excadrill\n|move|p1a: Whimsicott|Moonblast|p2a: Rotom\n|-damage|p2a: Rotom|21/100\n|move|p2a: Rotom|Volt Switch|p1b: Palafin\n|-supereffective|p1b: Palafin|1\n|-damage|p1b: Palafin|0 fnt\n|faint|p1b: Palafin\n|\n|t:|1788310336\n|switch|p2a: Scizor|Scizor, L50, F|100/100|[from] Volt Switch\n|\n|-weather|Sandstorm|[upkeep]\n|-damage|p1a: Whimsicott|58/100|[from] Sandstorm\n|upkeep\n|\n|t:|1788310343\n|switch|p1b: Incineroar|Incineroar, L50, F|70/100\n|switch|p2b: Rotom|Rotom-Mow, L50|21/100\n|-ability|p1b: Incineroar|Intimidate|boost\n|-unboost|p2a: Scizor|atk|1\n|-unboost|p2b: Rotom|atk|1\n|turn|5\n|\n|t:|1788310384\n|detailschange|p2a: Scizor|Scizor-Mega, L50, F\n|-mega|p2a: Scizor|Scizor|Scizorite\n|move|p2b: Rotom|Protect|p2b: Rotom\n|-singleturn|p2b: Rotom|Protect\n|move|p2a: Scizor|Protect|p2a: Scizor\n|-singleturn|p2a: Scizor|Protect\n|move|p1b: Incineroar|Fake Out|p2a: Scizor\n|-activate|p2a: Scizor|move: Protect\n|move|p1a: Whimsicott|Moonblast|p2b: Rotom\n|-activate|p2b: Rotom|move: Protect\n|\n|-weather|Sandstorm|[upkeep]\n|-damage|p1a: Whimsicott|52/100|[from] Sandstorm\n|-damage|p1b: Incineroar|64/100|[from] Sandstorm\n|-damage|p2b: Rotom|15/100|[from] Sandstorm\n|-sideend|p1: yungdundas|move: Tailwind\n|upkeep\n|turn|6\n|\n|t:|1788310418\n|move|p1a: Whimsicott|Tailwind|p1a: Whimsicott\n|-sidestart|p1: yungdundas|move: Tailwind\n|move|p2a: Scizor|Bullet Punch|p1a: Whimsicott\n|-supereffective|p1a: Whimsicott|1\n|-damage|p1a: Whimsicott|5/100\n|move|p1b: Incineroar|Flare Blitz|p2a: Scizor\n|-supereffective|p2a: Scizor|2\n|-damage|p2a: Scizor|0 fnt\n|faint|p2a: Scizor\n|-damage|p1b: Incineroar|35/100|[from] Recoil\n|move|p2b: Rotom|Thunderbolt|p1b: Incineroar\n|-damage|p1b: Incineroar|0 fnt\n|faint|p1b: Incineroar\n|\n|-weather|none\n|upkeep\n|turn|7\n|c|☆ravenskeeper|lmaoo\n|c|☆ravenskeeper|i need sand\n|\n|t:|1788310454\n|move|p1a: Whimsicott|Moonblast|p2b: Rotom\n|-damage|p2b: Rotom|0 fnt\n|faint|p2b: Rotom\n|\n|win|yungdundas\n|c|☆ravenskeeper|gg\n","uploadtime":1788310466,"views":"19","formatid":"gen9championsvgc2026regmb","rating":null,"private":0,"password":null}