{"id":"gen9championsvgc2026regmbbo3-2673965264","format":"[Gen 9 Champions] VGC 2026 Reg M-B (Bo3)","players":["Juanttn","humania1"],"log":"|j|☆Juanttn\n|j|☆humania1\n|html|<table width=\"100%\"><tr><td align=\"left\">Juanttn</td><td align=\"right\">humania1</tr><tr><td align=\"left\"><i class=\"fa fa-circle-o\"></i> <i class=\"fa fa-circle-o\"></i> </td><td align=\"right\"><i class=\"fa fa-circle-o\"></i> <i class=\"fa fa-circle-o\"></i> </tr></table>\n|uhtml|bestof|<h2><strong>Game 1</strong> of <a href=\"/game-bestof3-gen9championsvgc2026regmbbo3-2673965262\">a best-of-3</a></h2>\n|t:|1788282624\n|gametype|doubles\n|player|p1|Juanttn|101|1056\n|player|p2|humania1|266|1040\n|gen|9\n|tier|[Gen 9 Champions] VGC 2026 Reg M-B (Bo3)\n|rated|\n|rule|Species Clause: Limit one of each Pokémon\n|rule|Item Clause: Limit 1 of each item\n|clearpoke\n|poke|p1|Dragonite, L50, M|\n|poke|p1|Sneasler, L50, M|\n|poke|p1|Basculegion, L50, M|\n|poke|p1|Kingambit, L50, M|\n|poke|p1|Garchomp, L50, F|\n|poke|p1|Floette-Eternal, L50, F|\n|poke|p2|Blastoise, L50, M|\n|poke|p2|Delphox, L50, F, shiny|\n|poke|p2|Incineroar, L50, M|\n|poke|p2|Sinistcha, L50|\n|poke|p2|Sneasler, L50, F|\n|poke|p2|Vivillon, L50, F|\n|teampreview|4\n|showteam|p1|Dragonite||Dragoninite|InnerFocus|DragonPulse,HeatWave,ExtremeSpeed,Protect|Modest||M|||50|]Sneasler||FocusSash|Pressure|FakeOut,CloseCombat,DireClaw,Feint|Jolly||M|||50|]Basculegion||LifeOrb|SwiftSwim|WaveCrash,LastRespects,AquaJet,Protect|Adamant||M|||50|]Kingambit||ChopleBerry|Defiant|KowtowCleave,IronDefense,SuckerPunch,LowKick|Adamant||M|||50|]Garchomp||ChoiceScarf|SandVeil|Earthquake,DragonClaw,StompingTantrum,RockSlide|Adamant||F|||50|]Floette-Eternal||Floettite|FlowerVeil|Moonblast,DazzlingGleam,LightofRuin,Protect|Timid||F|||50|\n|showteam|p2|Blastoise||Blastoisinite|Torrent|Protect,ShellSmash,WaterSpout,DarkPulse|Modest||M|||50|]Delphox||Delphoxite|Blaze|Protect,HeatWave,Psyshock,NastyPlot|Timid||F|||50|]Incineroar||PasshoBerry|Intimidate|FakeOut,PartingShot,FlareBlitz,ThroatChop|Impish||M|||50|]Sinistcha||SitrusBerry|Hospitality|Protect,MatchaGotcha,TrickRoom,RagePowder|Bold|||||50|]Sneasler||FocusSash|PoisonTouch|QuickGuard,FakeOut,CloseCombat,DireClaw|Jolly||F|||50|]Vivillon||ChoiceScarf|CompoundEyes|Hurricane,SleepPowder,RagePowder,Uturn|Timid||F|||50|\n|inactive|Battle timer is ON: inactive players will automatically lose when time's up. (requested by humania1)\n|\n|t:|1788282649\n|teamsize|p1|4\n|teamsize|p2|4\n|start\n|switch|p1a: Dragonite|Dragonite, L50, M|100/100\n|switch|p1b: Sneasler|Sneasler, L50, M|100/100\n|switch|p2a: Blastoise|Blastoise, L50, M|100/100\n|switch|p2b: Incineroar|Incineroar, L50, M|100/100\n|-ability|p1b: Sneasler|Pressure\n|-ability|p2b: Incineroar|Intimidate|boost\n|-fail|p1a: Dragonite|unboost|Attack|[from] ability: Inner Focus|[of] p1a: Dragonite\n|-unboost|p1b: Sneasler|atk|1\n|turn|1\n|inactive|Juanttn has 30 seconds left.\n|\n|t:|1788282675\n|detailschange|p1a: Dragonite|Dragonite-Mega, L50, M\n|-mega|p1a: Dragonite|Dragonite|Dragoninite\n|detailschange|p2a: Blastoise|Blastoise-Mega, L50, M\n|-mega|p2a: Blastoise|Blastoise|Blastoisinite\n|move|p1a: Dragonite|Protect|p1a: Dragonite\n|-singleturn|p1a: Dragonite|Protect\n|move|p1b: Sneasler|Fake Out|p2b: Incineroar\n|-damage|p2b: Incineroar|92/100\n|cant|p2b: Incineroar|flinch\n|move|p2a: Blastoise|Water Spout|p1b: Sneasler|[spread] p1b\n|-activate|p1a: Dragonite|move: Protect\n|-damage|p1b: Sneasler|5/100\n|\n|upkeep\n|turn|2\n|\n|t:|1788282696\n|switch|p1a: Basculegion|Basculegion, L50, M|100/100\n|move|p1b: Sneasler|Dire Claw|p2a: Blastoise\n|-damage|p2a: Blastoise|71/100\n|move|p2a: Blastoise|Water Spout|p1a: Basculegion|[spread] p1a,p1b\n|-resisted|p1a: Basculegion|1\n|-damage|p1a: Basculegion|77/100\n|-damage|p1b: Sneasler|0 fnt\n|faint|p1b: Sneasler\n|move|p2b: Incineroar|Flare Blitz|p1a: Basculegion\n|-resisted|p1a: Basculegion|1\n|-damage|p1a: Basculegion|52/100\n|-damage|p2b: Incineroar|84/100|[from] Recoil\n|\n|upkeep\n|\n|t:|1788282709\n|switch|p1b: Garchomp|Garchomp, L50, F|100/100\n|turn|3\n|\n|t:|1788282726\n|switch|p2b: Sneasler|Sneasler, L50, F|100/100\n|move|p1b: Garchomp|Rock Slide|p2b: Sneasler|[spread] p2b\n|-miss|p1b: Garchomp|p2a: Blastoise\n|-resisted|p2b: Sneasler|1\n|-damage|p2b: Sneasler|83/100\n|move|p2a: Blastoise|Dark Pulse|p1a: Basculegion\n|-supereffective|p1a: Basculegion|1\n|-damage|p1a: Basculegion|0 fnt\n|faint|p1a: Basculegion\n|\n|upkeep\n|\n|t:|1788282736\n|switch|p1a: Dragonite|Dragonite-Mega, L50, M|100/100\n|turn|4\n|\n|t:|1788282741\n|move|p1a: Dragonite|Protect|p1a: Dragonite\n|-singleturn|p1a: Dragonite|Protect\n|move|p1b: Garchomp|Rock Slide|p2b: Sneasler|[spread] p2a,p2b\n|-resisted|p2b: Sneasler|1\n|-damage|p2a: Blastoise|53/100\n|-damage|p2b: Sneasler|66/100\n|cant|p2b: Sneasler|flinch\n|cant|p2a: Blastoise|flinch\n|\n|upkeep\n|turn|5\n|\n|t:|1788282757\n|move|p1b: Garchomp|Rock Slide|p2a: Blastoise|[spread] p2a,p2b\n|-resisted|p2b: Sneasler|1\n|-damage|p2a: Blastoise|34/100\n|-damage|p2b: Sneasler|48/100\n|move|p2b: Sneasler|Close Combat|p1b: Garchomp\n|-damage|p1b: Garchomp|40/100\n|-unboost|p2b: Sneasler|def|1\n|-unboost|p2b: Sneasler|spd|1\n|move|p1a: Dragonite|Dragon Pulse|p2a: Blastoise\n|-damage|p2a: Blastoise|0 fnt\n|faint|p2a: Blastoise\n|\n|upkeep\n|\n|t:|1788282757\n|switch|p2a: Incineroar|Incineroar, L50, M|84/100\n|-ability|p2a: Incineroar|Intimidate|boost\n|-unboost|p1a: Dragonite|atk|1\n|-unboost|p1b: Garchomp|atk|1\n|turn|6\n|\n|t:|1788282779\n|move|p1b: Garchomp|Rock Slide|p2b: Sneasler|[spread] p2a\n|-miss|p1b: Garchomp|p2b: Sneasler\n|-supereffective|p2a: Incineroar|1\n|-damage|p2a: Incineroar|61/100\n|move|p2b: Sneasler|Close Combat|p1b: Garchomp\n|-damage|p1b: Garchomp|0 fnt\n|-unboost|p2b: Sneasler|def|1\n|-unboost|p2b: Sneasler|spd|1\n|faint|p1b: Garchomp\n|move|p1a: Dragonite|Dragon Pulse|p2b: Sneasler\n|-damage|p2b: Sneasler|0 fnt\n|faint|p2b: Sneasler\n|move|p2a: Incineroar|Parting Shot|p1a: Dragonite\n|-unboost|p1a: Dragonite|atk|1\n|-unboost|p1a: Dragonite|spa|1\n|\n|t:|1788282779\n|switch|p2a: Sinistcha|Sinistcha, L50|100/100|[from] Parting Shot\n|\n|upkeep\n|\n|t:|1788282779\n|switch|p2b: Incineroar|Incineroar, L50, M|61/100\n|-ability|p2b: Incineroar|Intimidate|boost\n|-unboost|p1a: Dragonite|atk|1\n|turn|7\n|\n|t:|1788282800\n|move|p1a: Dragonite|Dragon Pulse|p2b: Incineroar\n|-damage|p2b: Incineroar|28/100\n|move|p2b: Incineroar|Parting Shot|p1a: Dragonite\n|-unboost|p1a: Dragonite|atk|1\n|-unboost|p1a: Dragonite|spa|1\n|move|p2a: Sinistcha|Trick Room|p2a: Sinistcha\n|-fieldstart|move: Trick Room|[of] p2a: Sinistcha\n|\n|upkeep\n|turn|8\n|\n|t:|1788282809\n|move|p2a: Sinistcha|Rage Powder|p2a: Sinistcha\n|-singleturn|p2a: Sinistcha|move: Rage Powder\n|move|p2b: Incineroar|Parting Shot|p1a: Dragonite\n|-unboost|p1a: Dragonite|atk|1\n|-unboost|p1a: Dragonite|spa|1\n|move|p1a: Dragonite|Dragon Pulse|p2a: Sinistcha\n|-damage|p2a: Sinistcha|79/100\n|\n|upkeep\n|turn|9\n|\n|t:|1788282821\n|move|p2a: Sinistcha|Rage Powder|p2a: Sinistcha\n|-singleturn|p2a: Sinistcha|move: Rage Powder\n|move|p2b: Incineroar|Parting Shot|p1a: Dragonite\n|-unboost|p1a: Dragonite|atk|1\n|-unboost|p1a: Dragonite|spa|1\n|move|p1a: Dragonite|Dragon Pulse|p2a: Sinistcha\n|-damage|p2a: Sinistcha|62/100\n|\n|upkeep\n|turn|10\n|\n|t:|1788282828\n|move|p2a: Sinistcha|Rage Powder|p2a: Sinistcha\n|-singleturn|p2a: Sinistcha|move: Rage Powder\n|move|p2b: Incineroar|Parting Shot|p1a: Dragonite\n|-unboost|p1a: Dragonite|atk|0\n|-unboost|p1a: Dragonite|spa|1\n|move|p1a: Dragonite|Heat Wave|p2a: Sinistcha|[spread] p2a,p2b\n|-supereffective|p2a: Sinistcha|1\n|-resisted|p2b: Incineroar|1\n|-damage|p2a: Sinistcha|45/100\n|-damage|p2b: Incineroar|24/100\n|-enditem|p2a: Sinistcha|Sitrus Berry|[eat]\n|-heal|p2a: Sinistcha|70/100|[from] item: Sitrus Berry\n|\n|upkeep\n|turn|11\n|\n|t:|1788282837\n|move|p2a: Sinistcha|Rage Powder|p2a: Sinistcha\n|-singleturn|p2a: Sinistcha|move: Rage Powder\n|move|p2b: Incineroar|Parting Shot|p1a: Dragonite\n|-unboost|p1a: Dragonite|atk|0\n|-unboost|p1a: Dragonite|spa|1\n|move|p1a: Dragonite|Heat Wave|p2b: Incineroar|[spread] p2a,p2b\n|-supereffective|p2a: Sinistcha|1\n|-crit|p2a: Sinistcha\n|-resisted|p2b: Incineroar|1\n|-damage|p2a: Sinistcha|0 fnt\n|-damage|p2b: Incineroar|20/100y\n|faint|p2a: Sinistcha\n|\n|-fieldend|move: Trick Room\n|upkeep\n|turn|12\n|\n|t:|1788282849\n|move|p1a: Dragonite|Dragon Pulse|p2b: Incineroar\n|-damage|p2b: Incineroar|8/100\n|move|p2b: Incineroar|Throat Chop|p1a: Dragonite\n|-damage|p1a: Dragonite|86/100\n|-start|p1a: Dragonite|Throat Chop|[silent]\n|\n|upkeep\n|turn|13\n|\n|t:|1788282856\n|move|p1a: Dragonite|Dragon Pulse|p2b: Incineroar\n|-damage|p2b: Incineroar|0 fnt\n|faint|p2b: Incineroar\n|\n|win|Juanttn\n","uploadtime":1788282856,"views":"4","formatid":"gen9championsvgc2026regmbbo3","rating":null,"private":0,"password":null}