{"id":"gen9championsvgc2026regmb-2674203640","format":"[Gen 9 Champions] VGC 2026 Reg M-B","players":["silverzlayer","lukien_light"],"log":"|j|☆silverzlayer\n|j|☆lukien_light\n|t:|1788314933\n|gametype|doubles\n|player|p1|silverzlayer|1|\n|player|p2|lukien_light|102|\n|gen|9\n|tier|[Gen 9 Champions] VGC 2026 Reg M-B\n|rule|Species Clause: Limit one of each Pokémon\n|rule|Item Clause: Limit 1 of each item\n|clearpoke\n|poke|p1|Tyranitar, L50, F|\n|poke|p1|Sableye, L50, M|\n|poke|p1|Chimecho, L50, F|\n|poke|p1|Vivillon, L50, M|\n|poke|p1|Tauros-Paldea-Blaze, L50, M|\n|poke|p1|Basculegion, L50, M|\n|poke|p2|Charizard, L50, F|\n|poke|p2|Kingambit, L50, M|\n|poke|p2|Kangaskhan, L50, F|\n|poke|p2|Ariados, L50, M|\n|poke|p2|Machamp, L50, F|\n|poke|p2|Venusaur, L50, F|\n|teampreview|4\n|inactive|Battle timer is ON: inactive players will automatically lose when time's up. (requested by lukien_light)\nlukien_light rejected open team sheets.\n|inactive|silverzlayer has 60 seconds left.\n|inactive|lukien_light has 60 seconds left.\n|\n|t:|1788314988\n|teamsize|p1|4\n|teamsize|p2|4\n|start\n|switch|p1a: Vivillon|Vivillon, L50, M|100/100\n|switch|p1b: Tauros|Tauros-Paldea-Blaze, L50, M|100/100\n|switch|p2a: Kangaskhan|Kangaskhan, L50, F|100/100\n|switch|p2b: Machamp|Machamp, L50, F|100/100\n|turn|1\n|inactive|silverzlayer has 30 seconds left.\n|\n|t:|1788315015\n|move|p2a: Kangaskhan|Fake Out|p1a: Vivillon\n|-damage|p1a: Vivillon|66/100\n|move|p1b: Tauros|Close Combat|p2a: Kangaskhan\n|-supereffective|p2a: Kangaskhan|1\n|-damage|p2a: Kangaskhan|0 fnt\n|-unboost|p1b: Tauros|def|1\n|-unboost|p1b: Tauros|spd|1\n|faint|p2a: Kangaskhan\n|move|p2b: Machamp|Dynamic Punch|p1b: Tauros\n|-damage|p1b: Tauros|37/100\n|-start|p1b: Tauros|confusion\n|cant|p1a: Vivillon|flinch\n|\n|upkeep\n|\n|t:|1788315032\n|switch|p2a: Charizard|Charizard, L50, F|100/100\n|turn|2\n|\n|t:|1788315045\n|switch|p1b: Tyranitar|Tyranitar, L50, F|100/100\n|-weather|Sandstorm|[from] ability: Sand Stream|[of] p1b: Tyranitar\n|detailschange|p2a: Charizard|Charizard-Mega-Y, L50, F\n|-mega|p2a: Charizard|Charizard|Charizardite Y\n|-weather|SunnyDay|[from] ability: Drought|[of] p2a: Charizard\n|move|p2b: Machamp|Dynamic Punch|p1a: Vivillon\n|-resisted|p1a: Vivillon|2\n|-damage|p1a: Vivillon|43/100\n|-start|p1a: Vivillon|confusion\n|move|p2a: Charizard|Heat Wave|p1b: Tyranitar|[spread] p1a,p1b\n|-supereffective|p1a: Vivillon|1\n|-resisted|p1b: Tyranitar|1\n|-crit|p1b: Tyranitar\n|-damage|p1a: Vivillon|0 fnt\n|-damage|p1b: Tyranitar|67/100\n|faint|p1a: Vivillon\n|\n|-weather|SunnyDay|[upkeep]\n|upkeep\n|inactive|silverzlayer has 30 seconds left.\n|inactive|silverzlayer has 20 seconds left.\n|\n|t:|1788315081\n|switch|p1a: Tauros|Tauros-Paldea-Blaze, L50, M|37/100\n|turn|3\n|\n|t:|1788315088\n|switch|p2a: Kingambit|Kingambit, L50, M|100/100\n|-activate|p2a: Kingambit|ability: Supreme Overlord\n|-start|p2a: Kingambit|fallen1|[silent]\n|switch|p1b: Chimecho|Chimecho, L50, F|100/100\n|move|p1a: Tauros|Rock Slide|p2b: Machamp|[spread] p2a,p2b\n|-resisted|p2a: Kingambit|1\n|-resisted|p2b: Machamp|1\n|-damage|p2a: Kingambit|94/100\n|-damage|p2b: Machamp|88/100\n|cant|p2b: Machamp|flinch\n|\n|-weather|SunnyDay|[upkeep]\n|upkeep\n|turn|4\n|inactive|silverzlayer has 30 seconds left.\n|\n|t:|1788315115\n|switch|p1a: Tyranitar|Tyranitar, L50, F|67/100\n|-weather|Sandstorm|[from] ability: Sand Stream|[of] p1a: Tyranitar\n|detailschange|p1b: Chimecho|Chimecho-Mega, L50, F\n|-mega|p1b: Chimecho|Chimecho|Chimechite\n|move|p2b: Machamp|Dynamic Punch|p1a: Tyranitar\n|-supereffective|p1a: Tyranitar|2\n|-damage|p1a: Tyranitar|0 fnt\n|faint|p1a: Tyranitar\n|move|p1b: Chimecho|Psychic Noise|p2b: Machamp\n|-supereffective|p2b: Machamp|1\n|-damage|p2b: Machamp|0 fnt\n|faint|p2b: Machamp\n|move|p2a: Kingambit|Kowtow Cleave|p1b: Chimecho\n|-supereffective|p1b: Chimecho|1\n|-damage|p1b: Chimecho|0 fnt\n|faint|p1b: Chimecho\n|\n|-weather|Sandstorm|[upkeep]\n|upkeep\n|\n|t:|1788315132\n|switch|p2b: Charizard|Charizard-Mega-Y, L50, F|100/100\n|switch|p1b: Tauros|Tauros-Paldea-Blaze, L50, M|37/100\n|-weather|SunnyDay|[from] ability: Drought|[of] p2b: Charizard\n|turn|5\n|c|☆lukien_light|gg?\n|inactive|silverzlayer has 30 seconds left.\n|c|☆lukien_light|cuz youre scarf right\n|inactive|silverzlayer has 20 seconds left.\n|inactive|silverzlayer has 15 seconds left.\n|\n|t:|1788315173\n|move|p2a: Kingambit|Sucker Punch|p1b: Tauros\n|-resisted|p1b: Tauros|1\n|-damage|p1b: Tauros|12/100\n|move|p1b: Tauros|Rock Slide|p2b: Charizard|[spread] p2a\n|-miss|p1b: Tauros|p2b: Charizard\n|-resisted|p2a: Kingambit|1\n|-damage|p2a: Kingambit|87/100\n|move|p2b: Charizard|Air Slash|p1b: Tauros\n|-supereffective|p1b: Tauros|1\n|-damage|p1b: Tauros|0 fnt\n|faint|p1b: Tauros\n|\n|win|lukien_light\n","uploadtime":1788315186,"views":"19","formatid":"gen9championsvgc2026regmb","rating":null,"private":0,"password":null}