{"id":"gen9championsvgc2026regmb-2673948671","format":"[Gen 9 Champions] VGC 2026 Reg M-B","players":["notbloodmask","jasonkilopy"],"log":"|j|☆notbloodmask\n|j|☆jasonkilopy\n|t:|1788280681\n|gametype|doubles\n|player|p1|notbloodmask|unknown|1164\n|player|p2|jasonkilopy|alder|1134\n|gen|9\n|tier|[Gen 9 Champions] VGC 2026 Reg M-B\n|rated|\n|rule|Species Clause: Limit one of each Pokémon\n|rule|Item Clause: Limit 1 of each item\n|clearpoke\n|poke|p1|Rotom-Wash, L50|\n|poke|p1|Garchomp, L50, F|\n|poke|p1|Incineroar, L50, F|\n|poke|p1|Sinistcha, L50|\n|poke|p1|Venusaur, L50, M|\n|poke|p1|Dragapult, L50, F|\n|poke|p2|Palafin, L50, F|\n|poke|p2|Sinistcha, L50|\n|poke|p2|Dragonite, L50, M|\n|poke|p2|Incineroar, L50, F|\n|poke|p2|Heliolisk, L50, F|\n|poke|p2|Grimmsnarl, L50, M|\n|teampreview|4\n|inactive|Battle timer is ON: inactive players will automatically lose when time's up. (requested by jasonkilopy)\n|\n|t:|1788280728\n|teamsize|p1|4\n|teamsize|p2|4\n|start\n|switch|p1a: Garchomp|Garchomp, L50, F|100/100\n|switch|p1b: Rotom|Rotom-Wash, L50|100/100\n|switch|p2a: Incineroar|Incineroar, L50, F|100/100\n|switch|p2b: Dragonite|Dragonite, L50, M|100/100\n|-ability|p2a: Incineroar|Intimidate|boost\n|-unboost|p1a: Garchomp|atk|1\n|-unboost|p1b: Rotom|atk|1\n|turn|1\n|\n|t:|1788280753\n|detailschange|p2b: Dragonite|Dragonite-Mega, L50, M\n|-mega|p2b: Dragonite|Dragonite|Dragoninite\n|move|p2a: Incineroar|Fake Out|p1a: Garchomp\n|-damage|p1a: Garchomp|86/100\n|-damage|p2a: Incineroar|87/100|[from] ability: Rough Skin|[of] p1a: Garchomp\n|cant|p1a: Garchomp|flinch\n|move|p1b: Rotom|Will-O-Wisp|p2b: Dragonite|[miss]\n|-miss|p1b: Rotom|p2b: Dragonite\n|move|p2b: Dragonite|Dragon Pulse|p1b: Rotom\n|-damage|p1b: Rotom|35/100\n|-enditem|p1b: Rotom|Sitrus Berry|[eat]\n|-heal|p1b: Rotom|60/100|[from] item: Sitrus Berry\n|\n|upkeep\n|turn|2\n|\n|t:|1788280777\n|move|p1a: Garchomp|Rock Slide|p2b: Dragonite|[spread] p2a,p2b\n|-supereffective|p2a: Incineroar|1\n|-supereffective|p2b: Dragonite|1\n|-damage|p2a: Incineroar|57/100\n|-damage|p2b: Dragonite|86/100\n|-damage|p1a: Garchomp|76/100|[from] item: Life Orb\n|move|p1b: Rotom|Will-O-Wisp|p2b: Dragonite|[miss]\n|-miss|p1b: Rotom|p2b: Dragonite\n|move|p2b: Dragonite|Dragon Pulse|p1a: Garchomp\n|-supereffective|p1a: Garchomp|1\n|-damage|p1a: Garchomp|0 fnt\n|faint|p1a: Garchomp\n|move|p2a: Incineroar|Parting Shot|p1b: Rotom\n|-unboost|p1b: Rotom|atk|1\n|-unboost|p1b: Rotom|spa|1\n|\n|t:|1788280789\n|switch|p2a: Sinistcha|Sinistcha, L50|100/100|[from] Parting Shot\n|-heal|p2b: Dragonite|100/100|[from] ability: Hospitality|[of] p2a: Sinistcha\n|\n|upkeep\n|\n|t:|1788280794\n|switch|p1a: Dragapult|Dragapult, L50, F|100/100\n|turn|3\n|\n|t:|1788280817\n|move|p1a: Dragapult|Dragon Dance|p1a: Dragapult\n|-boost|p1a: Dragapult|atk|1\n|-boost|p1a: Dragapult|spe|1\n|move|p1b: Rotom|Will-O-Wisp|p2b: Dragonite\n|-status|p2b: Dragonite|brn\n|move|p2b: Dragonite|Dragon Pulse|p1a: Dragapult\n|-supereffective|p1a: Dragapult|1\n|-crit|p1a: Dragapult\n|-enditem|p1a: Dragapult|Focus Sash\n|-damage|p1a: Dragapult|1/100\n|move|p2a: Sinistcha|Life Dew||[still]|[still]|[spread] \n|-fail|p2a: Sinistcha|heal\n|-fail|p2b: Dragonite|heal\n|\n|-damage|p2b: Dragonite|93/100 brn|[from] brn\n|upkeep\n|turn|4\n|\n|t:|1788280840\n|switch|p1b: Venusaur|Venusaur, L50, M|100/100\n|move|p2b: Dragonite|Protect|p2b: Dragonite\n|-singleturn|p2b: Dragonite|Protect\n|move|p1a: Dragapult|Dragon Darts|p2a: Sinistcha\n|-damage|p2a: Sinistcha|73/100\n|-anim|p1a: Dragapult|Dragon Darts|p2a: Sinistcha\n|-damage|p2a: Sinistcha|49/100\n|move|p2a: Sinistcha|Shadow Ball|p1a: Dragapult\n|-supereffective|p1a: Dragapult|1\n|-damage|p1a: Dragapult|0 fnt\n|faint|p1a: Dragapult\n|\n|-heal|p2a: Sinistcha|55/100|[from] item: Leftovers\n|-damage|p2b: Dragonite|87/100 brn|[from] brn\n|upkeep\n|\n|t:|1788280854\n|switch|p1a: Rotom|Rotom-Wash, L50|60/100\n|turn|5\n|\n|t:|1788280877\n|detailschange|p1b: Venusaur|Venusaur-Mega, L50, M\n|-mega|p1b: Venusaur|Venusaur|Venusaurite\n|move|p1b: Venusaur|Sludge Bomb|p2b: Dragonite\n|-damage|p2b: Dragonite|58/100 brn\n|move|p1a: Rotom|Will-O-Wisp|p2a: Sinistcha\n|-status|p2a: Sinistcha|brn\n|move|p2b: Dragonite|Dragon Pulse|p1b: Venusaur\n|-damage|p1b: Venusaur|57/100\n|move|p2a: Sinistcha|Matcha Gotcha|p1a: Rotom|[spread] p1b\n|-miss|p2a: Sinistcha|p1a: Rotom\n|-resisted|p1b: Venusaur|2\n|-damage|p1b: Venusaur|52/100\n|-heal|p2a: Sinistcha|57/100 brn|[from] drain|[of] p1b: Venusaur\n|-status|p1b: Venusaur|brn\n|\n|-heal|p2a: Sinistcha|64/100 brn|[from] item: Leftovers\n|-damage|p1b: Venusaur|46/100 brn|[from] brn\n|-damage|p2b: Dragonite|52/100 brn|[from] brn\n|-damage|p2a: Sinistcha|57/100 brn|[from] brn\n|upkeep\n|turn|6\n|inactive|notbloodmask has 30 seconds left.\n|\n|t:|1788280902\n|move|p1a: Rotom|Protect|p1a: Rotom\n|-singleturn|p1a: Rotom|Protect\n|move|p1b: Venusaur|Sludge Bomb|p2b: Dragonite\n|-damage|p2b: Dragonite|23/100 brn\n|move|p2b: Dragonite|Dragon Pulse|p1b: Venusaur\n|-damage|p1b: Venusaur|0 fnt\n|faint|p1b: Venusaur\n|move|p2a: Sinistcha|Matcha Gotcha|p1a: Rotom\n|-activate|p1a: Rotom|move: Protect\n|\n|-heal|p2a: Sinistcha|64/100 brn|[from] item: Leftovers\n|-damage|p2b: Dragonite|17/100 brn|[from] brn\n|-damage|p2a: Sinistcha|57/100 brn|[from] brn\n|upkeep\n|turn|7\n|-message|notbloodmask forfeited.\n|\n|win|jasonkilopy\n|raw|notbloodmask's rating: 1164 &rarr; <strong>1137</strong><br />(-27 for losing)\n|raw|jasonkilopy's rating: 1134 &rarr; <strong>1161</strong><br />(+27 for winning)\n","uploadtime":1788280918,"views":"0","formatid":"gen9championsvgc2026regmb","rating":1137,"private":0,"password":null}