{"id":"gen9championsvgc2026regmb-2674259723","format":"[Gen 9 Champions] VGC 2026 Reg M-B","players":["Gastrathia","Noobiedoobie537"],"log":"|j|☆Gastrathia\n|j|☆Noobiedoobie537\n|t:|1788325467\n|gametype|doubles\n|player|p1|Gastrathia|170|1330\n|player|p2|Noobiedoobie537|lucas-gen4pt|1298\n|gen|9\n|tier|[Gen 9 Champions] VGC 2026 Reg M-B\n|rated|\n|rule|Species Clause: Limit one of each Pokémon\n|rule|Item Clause: Limit 1 of each item\n|clearpoke\n|poke|p1|Eelektross, L50, F|\n|poke|p1|Sinistcha, L50|\n|poke|p1|Grimmsnarl, L50, M|\n|poke|p1|Annihilape, L50, M|\n|poke|p1|Metagross, L50|\n|poke|p1|Pelipper, L50, F|\n|poke|p2|Reuniclus, L50, F, shiny|\n|poke|p2|Farigiraf, L50, M|\n|poke|p2|Sneasler, L50, F|\n|poke|p2|Pelipper, L50, M|\n|poke|p2|Swampert, L50, F|\n|poke|p2|Mawile, L50, M|\n|teampreview|4\n|inactive|Battle timer is ON: inactive players will automatically lose when time's up. (requested by Gastrathia)\n|\n|t:|1788325496\n|teamsize|p1|4\n|teamsize|p2|4\n|start\n|switch|p1a: BEEEEEAAAAAM|Eelektross, L50, F|100/100\n|switch|p1b: Grrr|Grimmsnarl, L50, M|100/100\n|switch|p2a: sukuna|Reuniclus, L50, F, shiny|100/100\n|switch|p2b: Harryhardtr|Farigiraf, L50, M|100/100\n|turn|1\n|c|☆Noobiedoobie537|beam\n|inactive|Noobiedoobie537 has 30 seconds left.\n|\n|t:|1788325522\n|detailschange|p1a: BEEEEEAAAAAM|Eelektross-Mega, L50, F\n|-mega|p1a: BEEEEEAAAAAM|Eelektross|Eelektrossite\n|move|p1b: Grrr|Light Screen|p1b: Grrr\n|-sidestart|p1: Gastrathia|move: Light Screen\n|move|p1a: BEEEEEAAAAAM|Thunderbolt|p2a: sukuna\n|-damage|p2a: sukuna|49/100\n|move|p2a: sukuna|Psychic|p1a: BEEEEEAAAAAM\n|-damage|p1a: BEEEEEAAAAAM|57/100\n|move|p2b: Harryhardtr|Trick Room|p2b: Harryhardtr\n|-fieldstart|move: Trick Room|[of] p2b: Harryhardtr\n|\n|upkeep\n|turn|2\n|\n|t:|1788325539\n|switch|p1b: Sini|Sinistcha, L50|100/100\n|-heal|p1a: BEEEEEAAAAAM|82/100|[from] ability: Hospitality|[of] p1b: Sini\n|move|p2b: Harryhardtr|Helping Hand|p2a: sukuna\n|-singleturn|p2a: sukuna|Helping Hand|[of] p2b: Harryhardtr\n|move|p2a: sukuna|Psychic|p1a: BEEEEEAAAAAM\n|-damage|p1a: BEEEEEAAAAAM|22/100\n|move|p1a: BEEEEEAAAAAM|Thunderbolt|p2a: sukuna\n|-damage|p2a: sukuna|2/100\n|-status|p2a: sukuna|par\n|\n|upkeep\n|turn|3\n|\n|t:|1788325557\n|move|p2b: Harryhardtr|Helping Hand|p2a: sukuna\n|-singleturn|p2a: sukuna|Helping Hand|[of] p2b: Harryhardtr\n|move|p1a: BEEEEEAAAAAM|Protect|p1a: BEEEEEAAAAAM\n|-singleturn|p1a: BEEEEEAAAAAM|Protect\n|move|p2a: sukuna|Psychic|p1b: Sini\n|-damage|p1b: Sini|45/100\n|-enditem|p1b: Sini|Sitrus Berry|[eat]\n|-heal|p1b: Sini|70/100|[from] item: Sitrus Berry\n|move|p1b: Sini|Matcha Gotcha|p2b: Harryhardtr|[spread] p2a,p2b\n|-damage|p2a: sukuna|0 fnt\n|-heal|p1b: Sini|71/100|[from] drain|[of] p2a: sukuna\n|-damage|p2b: Harryhardtr|77/100\n|-heal|p1b: Sini|85/100|[from] drain|[of] p2b: Harryhardtr\n|faint|p2a: sukuna\n|\n|upkeep\n|\n|t:|1788325566\n|switch|p2a: Mawile|Mawile, L50, M|100/100\n|-ability|p2a: Mawile|Intimidate|boost\n|-unboost|p1a: BEEEEEAAAAAM|atk|1\n|-unboost|p1b: Sini|atk|1\n|turn|4\n|inactive|Gastrathia has 30 seconds left.\n|\n|t:|1788325595\n|detailschange|p2a: Mawile|Mawile-Mega, L50, M\n|-mega|p2a: Mawile|Mawile|Mawilite\n|move|p1b: Sini|Rage Powder|p1b: Sini\n|-singleturn|p1b: Sini|move: Rage Powder\n|move|p2a: Mawile|Sucker Punch||[still]\n|-fail|p2a: Mawile\n|move|p2b: Harryhardtr|Psychic|p1b: Sini\n|-damage|p1b: Sini|64/100\n|move|p1a: BEEEEEAAAAAM|Flamethrower|p2a: Mawile\n|-supereffective|p2a: Mawile|1\n|-damage|p2a: Mawile|22/100\n|\n|upkeep\n|turn|5\n|\n|t:|1788325616\n|switch|p2a: Pelipper|Pelipper, L50, M|100/100\n|-weather|RainDance|[from] ability: Drizzle|[of] p2a: Pelipper\n|move|p1b: Sini|Rage Powder|p1b: Sini\n|-singleturn|p1b: Sini|move: Rage Powder\n|move|p2b: Harryhardtr|Psychic|p1b: Sini\n|-damage|p1b: Sini|40/100\n|move|p1a: BEEEEEAAAAAM|Thunderbolt|p2b: Harryhardtr\n|-damage|p2b: Harryhardtr|23/100\n|-enditem|p2b: Harryhardtr|Sitrus Berry|[eat]\n|-heal|p2b: Harryhardtr|48/100|[from] item: Sitrus Berry\n|\n|-weather|RainDance|[upkeep]\n|-fieldend|move: Trick Room\n|upkeep\n|turn|6\n|\n|t:|1788325631\n|move|p2a: Pelipper|Protect|p2a: Pelipper\n|-singleturn|p2a: Pelipper|Protect\n|move|p1a: BEEEEEAAAAAM|Discharge|p2b: Harryhardtr|[spread] p1b,p2b\n|-activate|p2a: Pelipper|move: Protect\n|-resisted|p1b: Sini|1\n|-damage|p1b: Sini|30/100\n|-damage|p2b: Harryhardtr|13/100\n|-status|p1b: Sini|par\n|move|p1b: Sini|Life Dew|p1b: Sini|[spread] p1a,p1b\n|-heal|p1a: BEEEEEAAAAAM|47/100\n|-heal|p1b: Sini|55/100 par\n|move|p2b: Harryhardtr|Trick Room|p2b: Harryhardtr\n|-fieldstart|move: Trick Room|[of] p2b: Harryhardtr\n|\n|-weather|RainDance|[upkeep]\n|upkeep\n|turn|7\n|\n|t:|1788325649\n|move|p1b: Sini|Matcha Gotcha|p2a: Pelipper|[spread] p2a,p2b\n|-crit|p2b: Harryhardtr\n|-damage|p2a: Pelipper|64/100\n|-heal|p1b: Sini|71/100 par|[from] drain|[of] p2a: Pelipper\n|-damage|p2b: Harryhardtr|0 fnt\n|-heal|p1b: Sini|80/100 par|[from] drain|[of] p2b: Harryhardtr\n|faint|p2b: Harryhardtr\n|move|p2a: Pelipper|Hurricane|p1a: BEEEEEAAAAAM\n|-resisted|p1a: BEEEEEAAAAAM|1\n|-damage|p1a: BEEEEEAAAAAM|30/100\n|move|p1a: BEEEEEAAAAAM|Thunderbolt|p2a: Pelipper\n|-supereffective|p2a: Pelipper|2\n|-damage|p2a: Pelipper|0 fnt\n|faint|p2a: Pelipper\n|-ability|p1a: BEEEEEAAAAAM|Eelevate|boost\n|-boost|p1a: BEEEEEAAAAAM|spa|1\n|\n|-weather|RainDance|[upkeep]\n|upkeep\n|\n|t:|1788325660\n|switch|p2a: Mawile|Mawile-Mega, L50, M|22/100\n|turn|8\n|\n|t:|1788325668\n|move|p1b: Sini|Rage Powder|p1b: Sini\n|-singleturn|p1b: Sini|move: Rage Powder\n|move|p2a: Mawile|Play Rough|p1b: Sini\n|-damage|p1b: Sini|0 fnt\n|faint|p1b: Sini\n|move|p1a: BEEEEEAAAAAM|Flamethrower|p2a: Mawile\n|-supereffective|p2a: Mawile|1\n|-damage|p2a: Mawile|0 fnt\n|faint|p2a: Mawile\n|\n|win|Gastrathia\n|raw|Gastrathia's rating: 1330 &rarr; <strong>1348</strong><br />(+18 for winning)\n|raw|Noobiedoobie537's rating: 1298 &rarr; <strong>1275</strong><br />(-23 for losing)\n","uploadtime":1788325673,"views":"1","formatid":"gen9championsvgc2026regmb","rating":1275,"private":0,"password":null}