{"id":"gen9championsvgc2026regmb-2673926557","format":"[Gen 9 Champions] VGC 2026 Reg M-B","players":["Raider3323","Nayumi_VT"],"log":"|j|☆Raider3323\n|j|☆Nayumi_VT\n|t:|1788277999\n|gametype|doubles\n|player|p1|Raider3323|2|1216\n|player|p2|Nayumi_VT|dahlia|1118\n|gen|9\n|tier|[Gen 9 Champions] VGC 2026 Reg M-B\n|rated|\n|rule|Species Clause: Limit one of each Pokémon\n|rule|Item Clause: Limit 1 of each item\n|clearpoke\n|poke|p1|Metagross, L50, shiny|\n|poke|p1|Incineroar, L50, F, shiny|\n|poke|p1|Tsareena, L50, F|\n|poke|p1|Primarina, L50, F|\n|poke|p1|Annihilape, L50, M|\n|poke|p1|Rotom-Frost, L50|\n|poke|p2|Overqwil, L50, F, shiny|\n|poke|p2|Sneasler, L50, M, shiny|\n|poke|p2|Meowstic, L50, M, shiny|\n|poke|p2|Klefki, L50, F, shiny|\n|poke|p2|Sableye, L50, M, shiny|\n|poke|p2|Delphox, L50, M, shiny|\n|teampreview|4\n|\n|t:|1788278033\n|teamsize|p1|4\n|teamsize|p2|4\n|start\n|switch|p1a: Ultron|Metagross, L50, shiny|100/100\n|switch|p1b: Lannister|Incineroar, L50, F, shiny|100/100\n|switch|p2a: Meowstic|Meowstic, L50, M, shiny|100/100\n|switch|p2b: Fisteur Fou|Overqwil, L50, F, shiny|100/100\n|-ability|p2b: Fisteur Fou|Intimidate|boost\n|-fail|p1a: Ultron|unboost|[from] ability: Clear Body|[of] p1a: Ultron\n|-unboost|p1b: Lannister|atk|1\n|-ability|p1b: Lannister|Intimidate|boost\n|-unboost|p2a: Meowstic|atk|1\n|-unboost|p2b: Fisteur Fou|atk|1\n|turn|1\n|\n|t:|1788278050\n|switch|p1a: Tsareena|Tsareena, L50, F|100/100\n|move|p2a: Meowstic|Skill Swap|p2b: Fisteur Fou\n|-activate|p2a: Meowstic|Skill Swap|||[of] p2b: Fisteur Fou\n|-hint|Skill Swap does not announce the abilities of the Pokémon when used between allies.\n|-ability|p2a: Meowstic|Intimidate|boost\n|-unboost|p1a: Tsareena|atk|1\n|-unboost|p1b: Lannister|atk|1\n|move|p2b: Fisteur Fou|Minimize|p2b: Fisteur Fou\n|-boost|p2b: Fisteur Fou|evasion|2\n|move|p1b: Lannister|Will-O-Wisp|p2b: Fisteur Fou|[miss]\n|-miss|p1b: Lannister|p2b: Fisteur Fou\n|\n|upkeep\n|turn|2\n|\n|t:|1788278076\n|move|p2b: Fisteur Fou|Minimize|p2b: Fisteur Fou\n|-boost|p2b: Fisteur Fou|evasion|2\n|move|p2a: Meowstic|Yawn|p1b: Lannister\n|-start|p1b: Lannister|move: Yawn|[of] p2a: Meowstic\n|move|p1a: Tsareena|Taunt|p2b: Fisteur Fou|[miss]\n|-miss|p1a: Tsareena|p2b: Fisteur Fou\n|move|p1b: Lannister|Will-O-Wisp|p2b: Fisteur Fou\n|-status|p2b: Fisteur Fou|brn\n|\n|-damage|p2b: Fisteur Fou|93/100 brn|[from] brn\n|upkeep\n|turn|3\n|\n|t:|1788278091\n|move|p2b: Fisteur Fou|Minimize|p2b: Fisteur Fou\n|-boost|p2b: Fisteur Fou|evasion|2\n|move|p2a: Meowstic|Yawn|p1a: Tsareena\n|-start|p1a: Tsareena|move: Yawn|[of] p2a: Meowstic\n|move|p1a: Tsareena|Taunt|p2b: Fisteur Fou\n|-start|p2b: Fisteur Fou|move: Taunt\n|move|p1b: Lannister|Parting Shot|p2b: Fisteur Fou\n|-unboost|p2b: Fisteur Fou|atk|1\n|-unboost|p2b: Fisteur Fou|spa|1\n|\n|t:|1788278100\n|switch|p1b: Primarina|Primarina, L50, F|100/100|[from] Parting Shot\n|\n|-heal|p2b: Fisteur Fou|100/100 brn|[from] item: Leftovers\n|-damage|p2b: Fisteur Fou|93/100 brn|[from] brn\n|upkeep\n|turn|4\n|\n|t:|1788278125\n|switch|p1a: Lannister|Incineroar, L50, F, shiny|100/100\n|-ability|p1a: Lannister|Intimidate|boost\n|-unboost|p2a: Meowstic|atk|1\n|-unboost|p2b: Fisteur Fou|atk|1\n|move|p2b: Fisteur Fou|Barb Barrage|p1a: Lannister\n|-damage|p1a: Lannister|96/100\n|-status|p1a: Lannister|psn\n|move|p2a: Meowstic|Yawn|p1b: Primarina\n|-start|p1b: Primarina|move: Yawn|[of] p2a: Meowstic\n|move|p1b: Primarina|Moonblast|p2b: Fisteur Fou|[miss]\n|-miss|p1b: Primarina|p2b: Fisteur Fou\n|\n|-heal|p2b: Fisteur Fou|100/100 brn|[from] item: Leftovers\n|-damage|p1a: Lannister|83/100 psn|[from] psn\n|-damage|p2b: Fisteur Fou|93/100 brn|[from] brn\n|upkeep\n|turn|5\n|\n|t:|1788278163\n|move|p2b: Fisteur Fou|Barb Barrage|p1a: Lannister\n|-damage|p1a: Lannister|75/100 psn\n|move|p2a: Meowstic|Skill Swap|p1a: Lannister\n|-activate|p2a: Meowstic|Skill Swap|Intimidate|Intimidate|[of] p1a: Lannister\n|-ability|p1a: Lannister|Intimidate|boost\n|-unboost|p2a: Meowstic|atk|1\n|-unboost|p2b: Fisteur Fou|atk|1\n|-ability|p2a: Meowstic|Intimidate|boost\n|-unboost|p1a: Lannister|atk|1\n|-unboost|p1b: Primarina|atk|1\n|move|p1a: Lannister|Flare Blitz|p2b: Fisteur Fou\n|-damage|p2b: Fisteur Fou|58/100 brn\n|-damage|p1a: Lannister|64/100 psn|[from] Recoil\n|move|p1b: Primarina|Hyper Voice|p2b: Fisteur Fou|[spread] p2a\n|-miss|p1b: Primarina|p2b: Fisteur Fou\n|-damage|p2a: Meowstic|53/100\n|\n|-heal|p2b: Fisteur Fou|64/100 brn|[from] item: Leftovers\n|-damage|p1a: Lannister|52/100 psn|[from] psn\n|-damage|p2b: Fisteur Fou|58/100 brn|[from] brn\n|-end|p1b: Primarina|move: Yawn|[silent]\n|-status|p1b: Primarina|slp\n|upkeep\n|turn|6\n|-message|Raider3323 forfeited.\n|\n|win|Nayumi_VT\n|raw|Raider3323's rating: 1216 &rarr; <strong>1184</strong><br />(-32 for losing)\n|raw|Nayumi_VT's rating: 1118 &rarr; <strong>1150</strong><br />(+32 for winning)\n|l|☆Raider3323\n|player|p1|\n","uploadtime":1788278200,"views":"2","formatid":"gen9championsvgc2026regmb","rating":1150,"private":0,"password":null}