{"id":"gen9championsvgc2026regmb-2674157530","format":"[Gen 9 Champions] VGC 2026 Reg M-B","players":["wertyrbat","rin.jassar"],"log":"|j|☆wertyrbat\n|j|☆rin.jassar\n|t:|1788307721\n|gametype|doubles\n|player|p1|wertyrbat|ethan|1322\n|player|p2|rin.jassar|102|1233\n|gen|9\n|tier|[Gen 9 Champions] VGC 2026 Reg M-B\n|rated|\n|rule|Species Clause: Limit one of each Pokémon\n|rule|Item Clause: Limit 1 of each item\n|clearpoke\n|poke|p1|Blastoise, L50, F|\n|poke|p1|Delphox, L50, M|\n|poke|p1|Incineroar, L50, F|\n|poke|p1|Kingambit, L50, F|\n|poke|p1|Sinistcha, L50|\n|poke|p1|Sneasler, L50, F|\n|poke|p2|Scizor, L50, F|\n|poke|p2|Gholdengo, L50|\n|poke|p2|Milotic, L50, M|\n|poke|p2|Staraptor, L50, F|\n|poke|p2|Maushold, L50|\n|poke|p2|Kleavor, L50, F|\n|teampreview|4\n|inactive|Battle timer is ON: inactive players will automatically lose when time's up. (requested by wertyrbat)\n|\n|t:|1788307781\n|teamsize|p1|4\n|teamsize|p2|4\n|start\n|switch|p1a: Blastoise|Blastoise, L50, F|100/100\n|switch|p1b: Sneasler|Sneasler, L50, F|100/100\n|switch|p2a: Kleavor|Kleavor, L50, F|100/100\n|switch|p2b: Staraptor|Staraptor, L50, F|100/100\n|-ability|p2b: Staraptor|Intimidate|boost\n|-unboost|p1a: Blastoise|atk|1\n|-unboost|p1b: Sneasler|atk|1\n|turn|1\n|\n|t:|1788307804\n|detailschange|p2b: Staraptor|Staraptor-Mega, L50, F\n|-mega|p2b: Staraptor|Staraptor|Staraptite\n|detailschange|p1a: Blastoise|Blastoise-Mega, L50, F\n|-mega|p1a: Blastoise|Blastoise|Blastoisinite\n|move|p1b: Sneasler|Fake Out|p2b: Staraptor\n|-damage|p2b: Staraptor|90/100\n|cant|p2b: Staraptor|flinch\n|move|p2a: Kleavor|Tailwind|p2a: Kleavor\n|-sidestart|p2: rin.jassar|move: Tailwind\n|move|p1a: Blastoise|Water Spout|p2a: Kleavor|[spread] p2a,p2b\n|-supereffective|p2a: Kleavor|1\n|-enditem|p2a: Kleavor|Focus Sash\n|-damage|p2a: Kleavor|1/100\n|-damage|p2b: Staraptor|12/100\n|\n|upkeep\n|turn|2\n|inactive|wertyrbat has 30 seconds left.\n|inactive|rin.jassar has 30 seconds left.\n|inactive|rin.jassar has 20 seconds left.\n|inactive|rin.jassar has 15 seconds left.\n|\n|t:|1788307847\n|switch|p1b: Sinistcha|Sinistcha, L50|100/100\n|move|p1a: Blastoise|Protect|p1a: Blastoise\n|-singleturn|p1a: Blastoise|Protect\n|move|p2b: Staraptor|Roost|p2b: Staraptor\n|-heal|p2b: Staraptor|62/100\n|-singleturn|p2b: Staraptor|move: Roost\n|move|p2a: Kleavor|Stone Axe|p1a: Blastoise\n|-activate|p1a: Blastoise|move: Protect\n|\n|upkeep\n|turn|3\n|inactive|rin.jassar has 30 seconds left.\n|\n|t:|1788307873\n|move|p1b: Sinistcha|Rage Powder|p1b: Sinistcha\n|-singleturn|p1b: Sinistcha|move: Rage Powder\n|move|p2b: Staraptor|Dual Wingbeat|p1b: Sinistcha\n|-supereffective|p1b: Sinistcha|1\n|-damage|p1b: Sinistcha|62/100\n|-supereffective|p1b: Sinistcha|1\n|-damage|p1b: Sinistcha|29/100\n|-hitcount|p1b: Sinistcha|2\n|move|p2a: Kleavor|X-Scissor|p1b: Sinistcha\n|-damage|p1b: Sinistcha|0 fnt\n|faint|p1b: Sinistcha\n|move|p1a: Blastoise|Shell Smash|p1a: Blastoise\n|-unboost|p1a: Blastoise|def|1\n|-unboost|p1a: Blastoise|spd|1\n|-boost|p1a: Blastoise|atk|2\n|-boost|p1a: Blastoise|spa|2\n|-boost|p1a: Blastoise|spe|2\n|\n|upkeep\n|\n|t:|1788307884\n|switch|p1b: Sneasler|Sneasler, L50, F|100/100\n|turn|4\n|inactive|rin.jassar has 30 seconds left.\n|\n|t:|1788307910\n|move|p1b: Sneasler|Fake Out|p2b: Staraptor\n|-damage|p2b: Staraptor|48/100\n|cant|p2b: Staraptor|flinch\n|move|p2a: Kleavor|X-Scissor|p1a: Blastoise\n|-damage|p1a: Blastoise|16/100\n|move|p1a: Blastoise|Water Spout|p2a: Kleavor|[spread] p2a,p2b\n|-supereffective|p2a: Kleavor|1\n|-damage|p2a: Kleavor|0 fnt\n|-damage|p2b: Staraptor|22/100\n|faint|p2a: Kleavor\n|\n|-sideend|p2: rin.jassar|move: Tailwind\n|upkeep\n|\n|t:|1788307921\n|switch|p2a: Maushold|Maushold, L50|100/100\n|turn|5\n|inactive|rin.jassar has 30 seconds left.\n|inactive|rin.jassar has 20 seconds left.\n|inactive|rin.jassar has 15 seconds left.\n|inactive|rin.jassar has 10 seconds left.\n|inactive|rin.jassar has 5 seconds left.\n|\n|t:|1788307976\n|move|p1a: Blastoise|Protect|p1a: Blastoise\n|-singleturn|p1a: Blastoise|Protect\n|move|p2a: Maushold|Follow Me|p2a: Maushold\n|-singleturn|p2a: Maushold|move: Follow Me\n|move|p1b: Sneasler|Close Combat|p2a: Maushold\n|-supereffective|p2a: Maushold|1\n|-damage|p2a: Maushold|0 fnt\n|-unboost|p1b: Sneasler|def|1\n|-unboost|p1b: Sneasler|spd|1\n|faint|p2a: Maushold\n|move|p2b: Staraptor|Roost|p2b: Staraptor\n|-heal|p2b: Staraptor|72/100\n|-singleturn|p2b: Staraptor|move: Roost\n|\n|upkeep\n|\n|t:|1788307979\n|switch|p2a: Milotic|Milotic, L50, M|100/100\n|turn|6\n|inactive|rin.jassar has 30 seconds left.\n|\n|t:|1788308005\n|move|p2b: Staraptor|Protect|p2b: Staraptor\n|-singleturn|p2b: Staraptor|Protect\n|move|p1a: Blastoise|Dark Pulse|p2a: Milotic\n|-damage|p2a: Milotic|35/100\n|move|p1b: Sneasler|Poison Jab|p2a: Milotic\n|-damage|p2a: Milotic|0 fnt\n|faint|p2a: Milotic\n|\n|upkeep\n|turn|7\n|\n|t:|1788308019\n|move|p1a: Blastoise|Dark Pulse|p2b: Staraptor\n|-resisted|p2b: Staraptor|1\n|-damage|p2b: Staraptor|17/100\n|move|p1b: Sneasler|Poison Jab|p2b: Staraptor\n|-damage|p2b: Staraptor|0 fnt\n|faint|p2b: Staraptor\n|\n|win|wertyrbat\n|raw|wertyrbat's rating: 1322 &rarr; <strong>1337</strong><br />(+15 for winning)\n|raw|rin.jassar's rating: 1233 &rarr; <strong>1214</strong><br />(-19 for losing)\n|l|☆rin.jassar\n|player|p2|\n","uploadtime":1788308046,"views":"5","formatid":"gen9championsvgc2026regmb","rating":1214,"private":0,"password":null}