{"id":"gen9championsvgc2026regmb-2674406758","format":"[Gen 9 Champions] VGC 2026 Reg M-B","players":["777skills","lj da shoppe"],"log":"|j|☆777skills\n|j|☆lj da shoppe\n|t:|1788355895\n|gametype|doubles\n|player|p1|777skills|1|1180\n|player|p2|lj da shoppe|2|1138\n|gen|9\n|tier|[Gen 9 Champions] VGC 2026 Reg M-B\n|rated|\n|rule|Species Clause: Limit one of each Pokémon\n|rule|Item Clause: Limit 1 of each item\n|clearpoke\n|poke|p1|Gengar, L50, M|\n|poke|p1|Clefable, L50, M|\n|poke|p1|Rotom-Heat, L50|\n|poke|p1|Zoroark-Hisui, L50, M|\n|poke|p1|Lucario, L50, F|\n|poke|p1|Meganium, L50, M|\n|poke|p2|Bellibolt, L50, M|\n|poke|p2|Florges, L50, F|\n|poke|p2|Annihilape, L50, M|\n|poke|p2|Sinistcha-Masterpiece, L50|\n|poke|p2|Incineroar, L50, M|\n|poke|p2|Malamar, L50, F|\n|teampreview|4\n|inactive|Battle timer is ON: inactive players will automatically lose when time's up. (requested by 777skills)\n|inactive|lj da shoppe has 60 seconds left.\n|\n|t:|1788355947\n|teamsize|p1|4\n|teamsize|p2|4\n|start\n|switch|p1a: Clefable|Clefable, L50, M|100/100\n|switch|p1b: Meganium|Meganium, L50, M|100/100\n|switch|p2a: Bellibolt|Bellibolt, L50, M|100/100\n|switch|p2b: Incineroar|Incineroar, L50, M|100/100\n|-ability|p2b: Incineroar|Intimidate|boost\n|-unboost|p1a: Clefable|atk|1\n|-unboost|p1b: Meganium|atk|1\n|turn|1\n|\n|t:|1788355955\n|detailschange|p1b: Meganium|Meganium-Mega, L50, M\n|-mega|p1b: Meganium|Meganium|Meganiumite\n|move|p2b: Incineroar|Fake Out|p1b: Meganium\n|-damage|p1b: Meganium|89/100\n|move|p1a: Clefable|Follow Me|p1a: Clefable\n|-singleturn|p1a: Clefable|move: Follow Me\n|cant|p1b: Meganium|flinch\n|move|p2a: Bellibolt|Light Screen|p2a: Bellibolt\n|-sidestart|p2: lj da shoppe|move: Light Screen\n|\n|upkeep\n|turn|2\n|\n|t:|1788355970\n|switch|p2a: Sinistcha|Sinistcha-Masterpiece, L50|100/100\n|move|p1a: Clefable|Follow Me|p1a: Clefable\n|-singleturn|p1a: Clefable|move: Follow Me\n|move|p1b: Meganium|Dazzling Gleam|p2a: Sinistcha|[spread] p2a,p2b\n|-damage|p2a: Sinistcha|67/100\n|-damage|p2b: Incineroar|84/100\n|move|p2b: Incineroar|Parting Shot|p1a: Clefable\n|-unboost|p1a: Clefable|atk|1\n|-unboost|p1a: Clefable|spa|1\n|\n|t:|1788355979\n|switch|p2b: Malamar|Malamar, L50, F|100/100|[from] Parting Shot\n|\n|upkeep\n|turn|3\n|\n|t:|1788355992\n|detailschange|p2b: Malamar|Malamar-Mega, L50, F\n|-mega|p2b: Malamar|Malamar|Malamarite\n|move|p1a: Clefable|Follow Me|p1a: Clefable\n|-singleturn|p1a: Clefable|move: Follow Me\n|move|p2b: Malamar|Superpower|p1a: Clefable\n|-resisted|p1a: Clefable|1\n|-damage|p1a: Clefable|86/100\n|-boost|p2b: Malamar|atk|1\n|-boost|p2b: Malamar|def|1\n|move|p1b: Meganium|Weather Ball|p2a: Sinistcha\n|-supereffective|p2a: Sinistcha|1\n|-damage|p2a: Sinistcha|0 fnt\n|faint|p2a: Sinistcha\n|\n|upkeep\n|\n|t:|1788356000\n|switch|p2a: Incineroar|Incineroar, L50, M|84/100\n|-ability|p2a: Incineroar|Intimidate|boost\n|-unboost|p1a: Clefable|atk|1\n|-unboost|p1b: Meganium|atk|1\n|turn|4\n|\n|t:|1788356007\n|move|p1b: Meganium|Protect|p1b: Meganium\n|-singleturn|p1b: Meganium|Protect\n|move|p2a: Incineroar|Fake Out|p1b: Meganium\n|-activate|p1b: Meganium|move: Protect\n|move|p2b: Malamar|Psycho Cut|p1a: Clefable\n|-damage|p1a: Clefable|62/100\n|move|p1a: Clefable|Drain Punch|p2a: Incineroar\n|-supereffective|p2a: Incineroar|1\n|-damage|p2a: Incineroar|73/100\n|-heal|p1a: Clefable|68/100|[from] drain|[of] p2a: Incineroar\n|\n|upkeep\n|turn|5\n|\n|t:|1788356025\n|switch|p2a: Bellibolt|Bellibolt, L50, M|100/100\n|move|p1a: Clefable|Follow Me|p1a: Clefable\n|-singleturn|p1a: Clefable|move: Follow Me\n|move|p2b: Malamar|Superpower|p1a: Clefable\n|-resisted|p1a: Clefable|1\n|-damage|p1a: Clefable|54/100\n|-boost|p2b: Malamar|atk|1\n|-boost|p2b: Malamar|def|1\n|move|p1b: Meganium|Dazzling Gleam|p2a: Bellibolt|[spread] p2a,p2b\n|-supereffective|p2b: Malamar|1\n|-damage|p2a: Bellibolt|76/100\n|-damage|p2b: Malamar|55/100\n|\n|upkeep\n|turn|6\n|\n|t:|1788356038\n|move|p1a: Clefable|Follow Me|p1a: Clefable\n|-singleturn|p1a: Clefable|move: Follow Me\n|move|p2b: Malamar|Psycho Cut|p1a: Clefable\n|-damage|p1a: Clefable|28/100\n|move|p1b: Meganium|Dazzling Gleam|p2b: Malamar|[spread] p2a,p2b\n|-supereffective|p2b: Malamar|1\n|-damage|p2a: Bellibolt|51/100\n|-damage|p2b: Malamar|11/100\n|move|p2a: Bellibolt|Parabolic Charge|p1b: Meganium|[spread] p2b,p1a,p1b\n|-resisted|p1b: Meganium|1\n|-damage|p2b: Malamar|0 fnt\n|-heal|p2a: Bellibolt|56/100|[from] drain|[of] p2b: Malamar\n|-damage|p1a: Clefable|11/100\n|-heal|p2a: Bellibolt|64/100|[from] drain|[of] p1a: Clefable\n|-damage|p1b: Meganium|79/100\n|-heal|p2a: Bellibolt|67/100|[from] drain|[of] p1b: Meganium\n|faint|p2b: Malamar\n|\n|upkeep\n|\n|t:|1788356041\n|switch|p2b: Incineroar|Incineroar, L50, M|73/100\n|-ability|p2b: Incineroar|Intimidate|boost\n|-unboost|p1a: Clefable|atk|1\n|-unboost|p1b: Meganium|atk|1\n|turn|7\n|-message|lj da shoppe forfeited.\n|\n|win|777skills\n|raw|777skills's rating: 1180 &rarr; <strong>1202</strong><br />(+22 for winning)\n|raw|lj da shoppe's rating: 1138 &rarr; <strong>1116</strong><br />(-22 for losing)\n|l|☆lj da shoppe\n|player|p2|\n","uploadtime":1788356053,"views":"1","formatid":"gen9championsvgc2026regmb","rating":1116,"private":0,"password":null}