{"id":"gen9championsvgc2026regmbbo3-2674726807","format":"[Gen 9 Champions] VGC 2026 Reg M-B (Bo3)","players":["we all love urshf","DaviDXrt"],"log":"|j|☆we all love urshf\n|j|☆DaviDXrt\n|html|<table width=\"100%\"><tr><td align=\"left\">we all love urshf</td><td align=\"right\">DaviDXrt</tr><tr><td align=\"left\"><i class=\"fa fa-circle-o\"></i> <i class=\"fa fa-circle-o\"></i> </td><td align=\"right\"><i class=\"fa fa-circle-o\"></i> <i class=\"fa fa-circle-o\"></i> </tr></table>\n|uhtml|bestof|<h2><strong>Game 1</strong> of <a href=\"/game-bestof3-gen9championsvgc2026regmbbo3-2674726806\">a best-of-3</a></h2>\n|t:|1788396687\n|gametype|doubles\n|player|p1|we all love urshf|ingo|1293\n|player|p2|DaviDXrt|hilbert|1356\n|gen|9\n|tier|[Gen 9 Champions] VGC 2026 Reg M-B (Bo3)\n|rated|\n|rule|Species Clause: Limit one of each Pokémon\n|rule|Item Clause: Limit 1 of each item\n|clearpoke\n|poke|p1|Froslass, L50, F|\n|poke|p1|Kingambit, L50, F|\n|poke|p1|Sneasler, L50, F|\n|poke|p1|Basculegion, L50, M|\n|poke|p1|Arcanine-Hisui, L50, F|\n|poke|p1|Scovillain, L50, M|\n|poke|p2|Pelipper, L50, F|\n|poke|p2|Archaludon, L50, F|\n|poke|p2|Basculegion, L50, M|\n|poke|p2|Floette-Eternal, L50, F|\n|poke|p2|Sableye, L50, F|\n|poke|p2|Tsareena, L50, F|\n|teampreview|4\n|showteam|p1|Froslass||Froslassite|CursedBody|Blizzard,ShadowBall,AuroraVeil,Protect|Timid||F|||50|]Kingambit||BlackGlasses|Defiant|KowtowCleave,SuckerPunch,SwordsDance,Protect|Adamant||F|||50|]Sneasler||WhiteHerb|Unburden|FakeOut,DireClaw,CloseCombat,Protect|Adamant||F|||50|]Basculegion||LifeOrb|Adaptability|WaveCrash,AquaJet,LastRespects,Protect|Adamant||M|||50|]Arcanine-Hisui||FocusSash|RockHead|FlareBlitz,HeadSmash,ExtremeSpeed,Protect|Jolly||F|||50|]Scovillain||Scovillainite|Moody|Overheat,GigaDrain,RagePowder,Protect|Bold||M|||50|\n|showteam|p2|Pelipper||SitrusBerry|Drizzle|Protect,Tailwind,WeatherBall,Hurricane|Modest||F|||50|]Archaludon||QuickClaw|Stamina|Protect,ElectroShot,DracoMeteor,FlashCannon|Modest||F|||50|]Basculegion||LifeOrb|SwiftSwim|Protect,AquaJet,WaveCrash,LastRespects|Adamant||M|||50|]Floette-Eternal||Floettite|FlowerVeil|Protect,Moonblast,DazzlingGleam,LightofRuin|Modest||F|||50|]Sableye||LightClay|Prankster|RainDance,Reflect,LightScreen,Encore|Sassy||F|||50|]Tsareena||WideLens|QueenlyMajesty|HighJumpKick,PowerWhip,TripleAxel,Protect|Adamant||F|||50|\n|inactive|Battle timer is ON: inactive players will automatically lose when time's up. (requested by DaviDXrt)\n|inactive|we all love urshf also wants the timer to be on.\n|\n|t:|1788396716\n|teamsize|p1|4\n|teamsize|p2|4\n|start\n|switch|p1a: Sneasler|Sneasler, L50, F|100/100\n|switch|p1b: Kingambit|Kingambit, L50, F|100/100\n|switch|p2a: Sableye|Sableye, L50, F|100/100\n|switch|p2b: Floette|Floette-Eternal, L50, F|100/100\n|turn|1\n|\n|t:|1788396732\n|switch|p2b: Archaludon|Archaludon, L50, F|100/100\n|move|p2a: Sableye|Reflect|p2a: Sableye\n|-sidestart|p2: DaviDXrt|Reflect\n|move|p1a: Sneasler|Dire Claw|p2b: Archaludon\n|-immune|p2b: Archaludon\n|move|p1b: Kingambit|Swords Dance|p1b: Kingambit\n|-boost|p1b: Kingambit|atk|2\n|\n|upkeep\n|turn|2\n|inactive|DaviDXrt has 30 seconds left.\n|\n|t:|1788396758\n|move|p2a: Sableye|Rain Dance|p2a: Sableye\n|-weather|RainDance\n|move|p1a: Sneasler|Close Combat|p2b: Archaludon\n|-supereffective|p2b: Archaludon|1\n|-damage|p2b: Archaludon|36/100\n|-unboost|p1a: Sneasler|def|1\n|-unboost|p1a: Sneasler|spd|1\n|-ability|p2b: Archaludon|Stamina|boost\n|-boost|p2b: Archaludon|def|1\n|-enditem|p1a: Sneasler|White Herb\n|-clearnegativeboost|p1a: Sneasler|[silent]\n|move|p2b: Archaludon|Electro Shot||[still]\n|-prepare|p2b: Archaludon|Electro Shot\n|-boost|p2b: Archaludon|spa|1\n|-anim|p2b: Archaludon|Electro Shot|p1b: Kingambit\n|-damage|p1b: Kingambit|51/100\n|move|p1b: Kingambit|Kowtow Cleave|p2b: Archaludon\n|-damage|p2b: Archaludon|3/100\n|-ability|p2b: Archaludon|Stamina|boost\n|-boost|p2b: Archaludon|def|1\n|\n|-weather|RainDance|[upkeep]\n|upkeep\n|turn|3\n|\n|t:|1788396782\n|move|p2a: Sableye|Light Screen|p2a: Sableye\n|-sidestart|p2: DaviDXrt|move: Light Screen\n|move|p1a: Sneasler|Close Combat|p2b: Archaludon\n|-supereffective|p2b: Archaludon|1\n|-damage|p2b: Archaludon|0 fnt\n|-unboost|p1a: Sneasler|def|1\n|-unboost|p1a: Sneasler|spd|1\n|faint|p2b: Archaludon\n|move|p1b: Kingambit|Kowtow Cleave|p2a: Sableye\n|-damage|p2a: Sableye|1/100\n|\n|-weather|RainDance|[upkeep]\n|upkeep\n|\n|t:|1788396788\n|switch|p2b: Floette|Floette-Eternal, L50, F|100/100\n|turn|4\n|\n|t:|1788396794\n|detailschange|p2b: Floette|Floette-Mega, L50, F\n|-mega|p2b: Floette|Floette|Floettite\n|-ability|p2b: Floette|Fairy Aura\n|move|p2a: Sableye|Encore|p1a: Sneasler\n|-start|p1a: Sneasler|Encore\n|move|p1a: Sneasler|Close Combat|p2b: Floette\n|-resisted|p2b: Floette|1\n|-damage|p2b: Floette|76/100\n|-unboost|p1a: Sneasler|def|1\n|-unboost|p1a: Sneasler|spd|1\n|move|p2b: Floette|Dazzling Gleam|p1b: Kingambit|[spread] p1a,p1b\n|-damage|p1a: Sneasler|0 fnt\n|-damage|p1b: Kingambit|13/100\n|faint|p1a: Sneasler\n|move|p1b: Kingambit|Kowtow Cleave|p2a: Sableye\n|-damage|p2a: Sableye|0 fnt\n|faint|p2a: Sableye\n|\n|-weather|RainDance|[upkeep]\n|upkeep\n|\n|t:|1788396809\n|switch|p1a: Froslass|Froslass, L50, F|100/100\n|switch|p2a: Pelipper|Pelipper, L50, F|100/100\n|turn|5\n|\n|t:|1788396820\n|detailschange|p1a: Froslass|Froslass-Mega, L50, F\n|-mega|p1a: Froslass|Froslass|Froslassite\n|-weather|Snowscape|[from] ability: Snow Warning|[of] p1a: Froslass\n|move|p1b: Kingambit|Sucker Punch|p2b: Floette\n|-resisted|p2b: Floette|1\n|-damage|p2b: Floette|49/100\n|move|p1a: Froslass|Aurora Veil|p1a: Froslass\n|-sidestart|p1: we all love urshf|move: Aurora Veil\n|move|p2b: Floette|Dazzling Gleam|p1b: Kingambit|[spread] p1a,p1b\n|-damage|p1a: Froslass|64/100\n|-damage|p1b: Kingambit|0 fnt\n|faint|p1b: Kingambit\n|move|p2a: Pelipper|Tailwind|p2a: Pelipper\n|-sidestart|p2: DaviDXrt|move: Tailwind\n|\n|-weather|Snowscape|[upkeep]\n|upkeep\n|\n|t:|1788396826\n|switch|p1b: Basculegion|Basculegion, L50, M|100/100\n|turn|6\n|\n|t:|1788396846\n|move|p2b: Floette|Dazzling Gleam|p1b: Basculegion|[spread] p1a,p1b\n|-crit|p1b: Basculegion\n|-damage|p1a: Froslass|29/100\n|-damage|p1b: Basculegion|10/100\n|move|p2a: Pelipper|Hurricane|p1b: Basculegion\n|-damage|p1b: Basculegion|0 fnt\n|faint|p1b: Basculegion\n|move|p1a: Froslass|Blizzard|p2b: Floette|[spread] p2a,p2b\n|-damage|p2a: Pelipper|63/100\n|-damage|p2b: Floette|29/100\n|-status|p2a: Pelipper|frz\n|-status|p2b: Floette|frz\n|\n|-weather|Snowscape|[upkeep]\n|upkeep\n|turn|7\n|\n|t:|1788396863\n|cant|p2b: Floette|frz\n|cant|p2a: Pelipper|frz\n|move|p1a: Froslass|Blizzard|p2a: Pelipper|[spread] p2a,p2b\n|-damage|p2a: Pelipper|22/100 frz\n|-damage|p2b: Floette|12/100 frz\n|-enditem|p2a: Pelipper|Sitrus Berry|[eat]\n|-heal|p2a: Pelipper|46/100 frz|[from] item: Sitrus Berry\n|\n|-weather|Snowscape|[upkeep]\n|upkeep\n|turn|8\n|\n|t:|1788396878\n|cant|p2b: Floette|frz\n|cant|p2a: Pelipper|frz\n|move|p1a: Froslass|Blizzard|p2a: Pelipper|[spread] p2a,p2b\n|-damage|p2a: Pelipper|5/100 frz\n|-damage|p2b: Floette|0 fnt\n|faint|p2b: Floette\n|\n|-weather|Snowscape|[upkeep]\n|-sideend|p2: DaviDXrt|Reflect\n|-sideend|p2: DaviDXrt|move: Tailwind\n|upkeep\n|turn|9\n|\n|t:|1788396885\n|move|p1a: Froslass|Shadow Ball|p2a: Pelipper\n|-damage|p2a: Pelipper|0 fnt\n|faint|p2a: Pelipper\n|\n|win|we all love urshf\n||we all love urshf is ready for game 2.\n|c|☆DaviDXrt|Wow\n||DaviDXrt is ready for game 2.\n|uhtml|next|Next: <a href=\"/battle-gen9championsvgc2026regmbbo3-2674728133\"><strong>Game 2 of 3</strong></a>\n","uploadtime":1788396928,"views":"6","formatid":"gen9championsvgc2026regmbbo3","rating":null,"private":0,"password":null}