{"id":"gen9championsvgc2026regmb-2674862480","format":"[Gen 9 Champions] VGC 2026 Reg M-B","players":["Isegrimm","shiroed"],"log":"|j|☆Isegrimm\n|j|☆shiroed\n|t:|1788423805\n|gametype|doubles\n|player|p1|Isegrimm|101|1062\n|player|p2|shiroed|266|1132\n|gen|9\n|tier|[Gen 9 Champions] VGC 2026 Reg M-B\n|rated|\n|rule|Species Clause: Limit one of each Pokémon\n|rule|Item Clause: Limit 1 of each item\n|clearpoke\n|poke|p1|Swampert, L50, F|\n|poke|p1|Pelipper, L50, F|\n|poke|p1|Sinistcha-Masterpiece, L50|\n|poke|p1|Sneasler, L50, M|\n|poke|p1|Incineroar, L50, M|\n|poke|p1|Archaludon, L50, F|\n|poke|p2|Crabominable, L50, M|\n|poke|p2|Araquanid, L50, M|\n|poke|p2|Froslass, L50, F|\n|poke|p2|Sinistcha, L50|\n|poke|p2|Vanilluxe, L50, F|\n|poke|p2|Slowking, L50, M|\n|teampreview|4\n|inactive|Battle timer is ON: inactive players will automatically lose when time's up. (requested by shiroed)\n|inactive|Isegrimm has 60 seconds left.\n|inactive|shiroed has 60 seconds left.\n|inactive|Isegrimm has 30 seconds left.\n|inactive|shiroed has 30 seconds left.\n|\n|t:|1788423871\n|teamsize|p1|4\n|teamsize|p2|4\n|start\n|switch|p1a: Sinistcha|Sinistcha-Masterpiece, L50|100/100\n|switch|p1b: Incineroar|Incineroar, L50, M|100/100\n|switch|p2a: Froslass|Froslass, L50, F|100/100\n|switch|p2b: Slowking|Slowking, L50, M|100/100\n|-ability|p1b: Incineroar|Intimidate|boost\n|-unboost|p2a: Froslass|atk|1\n|-unboost|p2b: Slowking|atk|1\n|turn|1\n|\n|t:|1788423883\n|move|p2a: Froslass|Snowscape|p2a: Froslass\n|-weather|Snowscape\n|move|p1a: Sinistcha|Shadow Ball|p2b: Slowking\n|-supereffective|p2b: Slowking|1\n|-damage|p2b: Slowking|46/100\n|-enditem|p2b: Slowking|Sitrus Berry|[eat]\n|-heal|p2b: Slowking|71/100|[from] item: Sitrus Berry\n|move|p1b: Incineroar|Darkest Lariat|p2b: Slowking\n|-supereffective|p2b: Slowking|1\n|-damage|p2b: Slowking|7/100\n|move|p2b: Slowking|Muddy Water|p1b: Incineroar|[spread] p1a,p1b\n|-resisted|p1a: Sinistcha|1\n|-supereffective|p1b: Incineroar|1\n|-damage|p1a: Sinistcha|88/100\n|-damage|p1b: Incineroar|56/100\n|\n|-weather|Snowscape|[upkeep]\n|upkeep\n|turn|2\n|inactive|shiroed has 30 seconds left.\n|\n|t:|1788423911\n|-heal|p2b: Slowking|41/100|[from] ability: Regenerator|[silent]\n|switch|p2b: Crabominable|Crabominable, L50, M|100/100\n|move|p2a: Froslass|Frost Breath|p2b: Crabominable\n|-resisted|p2b: Crabominable|1\n|-crit|p2b: Crabominable\n|-damage|p2b: Crabominable|78/100\n|-setboost|p2b: Crabominable|atk|6|[from] ability: Anger Point\n|move|p1a: Sinistcha|Matcha Gotcha|p2a: Froslass|[spread] p2a,p2b\n|-damage|p2a: Froslass|51/100\n|-heal|p1a: Sinistcha|100/100|[from] drain|[of] p2a: Froslass\n|-damage|p2b: Crabominable|47/100\n|move|p1b: Incineroar|Darkest Lariat|p2b: Crabominable\n|-resisted|p2b: Crabominable|1\n|-damage|p2b: Crabominable|31/100\n|\n|-weather|Snowscape|[upkeep]\n|upkeep\n|turn|3\n|inactive|shiroed has 30 seconds left.\n|\n|t:|1788423944\n|switch|p2a: Sinistcha|Sinistcha, L50|100/100\n|-heal|p2b: Crabominable|56/100|[from] ability: Hospitality|[of] p2a: Sinistcha\n|detailschange|p2b: Crabominable|Crabominable-Mega, L50, M\n|-mega|p2b: Crabominable|Crabominable|Crabominite\n|move|p1a: Sinistcha|Rage Powder|p1a: Sinistcha\n|-singleturn|p1a: Sinistcha|move: Rage Powder\n|move|p1b: Incineroar|Flare Blitz|p2b: Crabominable\n|-supereffective|p2b: Crabominable|1\n|-damage|p2b: Crabominable|5/100\n|-damage|p1b: Incineroar|38/100|[from] Recoil\n|-enditem|p1b: Incineroar|Sitrus Berry|[eat]\n|-heal|p1b: Incineroar|63/100|[from] item: Sitrus Berry\n|move|p2b: Crabominable|Ice Hammer|p1a: Sinistcha\n|-supereffective|p1a: Sinistcha|1\n|-damage|p1a: Sinistcha|0 fnt\n|-unboost|p2b: Crabominable|spe|1\n|faint|p1a: Sinistcha\n|\n|-weather|Snowscape|[upkeep]\n|upkeep\n|\n|t:|1788423956\n|switch|p1a: Pelipper|Pelipper, L50, F|100/100\n|-weather|RainDance|[from] ability: Drizzle|[of] p1a: Pelipper\n|turn|4\n|inactive|shiroed has 30 seconds left.\n|\n|t:|1788423995\n|move|p2a: Sinistcha|Rage Powder|p2a: Sinistcha\n|-singleturn|p2a: Sinistcha|move: Rage Powder\n|move|p1a: Pelipper|Hurricane|p2a: Sinistcha\n|-supereffective|p2a: Sinistcha|1\n|-damage|p2a: Sinistcha|19/100\n|-start|p2a: Sinistcha|confusion\n|move|p1b: Incineroar|Darkest Lariat|p2a: Sinistcha\n|-supereffective|p2a: Sinistcha|1\n|-damage|p2a: Sinistcha|0 fnt\n|faint|p2a: Sinistcha\n|move|p2b: Crabominable|Drain Punch|p1b: Incineroar\n|-supereffective|p1b: Incineroar|1\n|-damage|p1b: Incineroar|0 fnt\n|-heal|p2b: Crabominable|34/100|[from] drain|[of] p1b: Incineroar\n|faint|p1b: Incineroar\n|\n|-weather|RainDance|[upkeep]\n|upkeep\n|inactive|shiroed has 30 seconds left.\n|\n|t:|1788424023\n|switch|p2a: Froslass|Froslass, L50, F|51/100\n|switch|p1b: Swampert|Swampert, L50, F|100/100\n|turn|5\n|inactive|shiroed has 30 seconds left.\n|inactive|shiroed has 20 seconds left.\n|inactive|shiroed has 15 seconds left.\n|inactive|shiroed has 10 seconds left.\n|inactive|shiroed has 5 seconds left.\n|\n|t:|1788424076\n|detailschange|p1b: Swampert|Swampert-Mega, L50, F\n|-mega|p1b: Swampert|Swampert|Swampertite\n|move|p2b: Crabominable|Mach Punch|p1b: Swampert\n|-damage|p1b: Swampert|0 fnt\n|faint|p1b: Swampert\n|move|p2a: Froslass|Disable|p1a: Pelipper\n|-start|p1a: Pelipper|Disable|Hurricane\n|cant|p1a: Pelipper|Disable|Hurricane\n|\n|-weather|RainDance|[upkeep]\n|upkeep\n|turn|6\n|-message|Isegrimm forfeited.\n|\n|win|shiroed\n|raw|Isegrimm's rating: 1062 &rarr; <strong>1047</strong><br />(-15 for losing)\n|raw|shiroed's rating: 1132 &rarr; <strong>1152</strong><br />(+20 for winning)\n","uploadtime":1788424094,"views":"1","formatid":"gen9championsvgc2026regmb","rating":1047,"private":0,"password":null}