{"id":"gen9championsvgc2026regmbbo3-2674674600","format":"[Gen 9 Champions] VGC 2026 Reg M-B (Bo3)","players":["sonpabloz","NoodleSushi"],"log":"|j|☆sonpabloz\n|j|☆NoodleSushi\n|html|<table width=\"100%\"><tr><td align=\"left\">sonpabloz</td><td align=\"right\">NoodleSushi</tr><tr><td align=\"left\"><i class=\"fa fa-circle-o\"></i> <i class=\"fa fa-circle-o\"></i> </td><td align=\"right\"><i class=\"fa fa-circle-o\"></i> <i class=\"fa fa-circle-o\"></i> </tr></table>\n|uhtml|bestof|<h2><strong>Game 1</strong> of <a href=\"/game-bestof3-gen9championsvgc2026regmbbo3-2674674599\">a best-of-3</a></h2>\n|t:|1788388661\n|gametype|doubles\n|player|p1|sonpabloz|266|1127\n|player|p2|NoodleSushi|rocketgruntf|1000\n|gen|9\n|tier|[Gen 9 Champions] VGC 2026 Reg M-B (Bo3)\n|rated|\n|rule|Species Clause: Limit one of each Pokémon\n|rule|Item Clause: Limit 1 of each item\n|clearpoke\n|poke|p1|Sneasler, L50, M|\n|poke|p1|Kingambit, L50, F|\n|poke|p1|Froslass, L50, F|\n|poke|p1|Scovillain, L50, F|\n|poke|p1|Basculegion, L50, M|\n|poke|p1|Lycanroc-Dusk, L50, M|\n|poke|p2|Froslass, L50, F|\n|poke|p2|Sneasler, L50, M|\n|poke|p2|Basculegion, L50, M|\n|poke|p2|Kingambit, L50, M|\n|poke|p2|Lycanroc-Dusk, L50, F|\n|poke|p2|Scovillain, L50, M|\n|teampreview|4\n|showteam|p1|Sneasler||WhiteHerb|Unburden|FakeOut,Protect,CloseCombat,DireClaw|Adamant||M|||50|]Kingambit||BlackGlasses|Defiant|KowtowCleave,SuckerPunch,Protect,SwordsDance|Adamant||F|||50|]Froslass||Froslassite|SnowCloak|Protect,Blizzard,ShadowBall,AuroraVeil|Timid||F|||50|]Scovillain||Scovillainite|Chlorophyll|Protect,Overheat,GigaDrain,RagePowder|Bold||F|||50|]Basculegion||LifeOrb|Adaptability|WaveCrash,LastRespects,AquaJet,Protect|Adamant||M|||50|]Lycanroc-Dusk||FocusSash|ToughClaws|Protect,RockSlide,Accelerock,CloseCombat|Adamant||M|||50|\n|showteam|p2|Froslass||Froslassite|CursedBody|Blizzard,ShadowBall,Thunderbolt,Protect|Timid||F|||50|]Sneasler||WhiteHerb|Unburden|CloseCombat,GunkShot,FakeOut,Protect|Adamant||M|||50|]Basculegion||MysticWater|Adaptability|WaveCrash,LastRespects,AquaJet,Protect|Adamant||M|||50|]Kingambit||LifeOrb|Defiant|KowtowCleave,SuckerPunch,SwordsDance,Protect|Adamant||M|||50|]Lycanroc-Dusk||FocusSash|ToughClaws|RockSlide,CloseCombat,Accelerock,Protect|Adamant||F|||50|]Scovillain||Scovillainite|Moody|GigaDrain,Overheat,RagePowder,Protect|Bold||M|||50|\n|\n|t:|1788388755\n|teamsize|p1|4\n|teamsize|p2|4\n|start\n|switch|p1a: Froslass|Froslass, L50, F|100/100\n|switch|p1b: Basculegion|Basculegion, L50, M|100/100\n|switch|p2a: Scovillain|Scovillain, L50, M|100/100\n|switch|p2b: Basculegion|Basculegion, L50, M|100/100\n|turn|1\n|\n|t:|1788388794\n|switch|p1b: Kingambit|Kingambit, L50, F|100/100\n|switch|p2b: Kingambit|Kingambit, L50, M|100/100\n|detailschange|p1a: Froslass|Froslass-Mega, L50, F\n|-mega|p1a: Froslass|Froslass|Froslassite\n|-weather|Snowscape|[from] ability: Snow Warning|[of] p1a: Froslass\n|detailschange|p2a: Scovillain|Scovillain-Mega, L50, M\n|-mega|p2a: Scovillain|Scovillain|Scovillainite\n|move|p1a: Froslass|Aurora Veil|p1a: Froslass\n|-sidestart|p1: sonpabloz|move: Aurora Veil\n|move|p2a: Scovillain|Overheat|p1a: Froslass\n|-supereffective|p1a: Froslass|1\n|-damage|p1a: Froslass|16/100\n|-unboost|p2a: Scovillain|spa|2\n|\n|-weather|Snowscape|[upkeep]\n|upkeep\n|turn|2\n|\n|t:|1788388842\n|move|p2a: Scovillain|Rage Powder|p2a: Scovillain\n|-singleturn|p2a: Scovillain|move: Rage Powder\n|move|p1a: Froslass|Blizzard|p2b: Kingambit|[spread] p2a,p2b\n|-resisted|p2b: Kingambit|1\n|-damage|p2a: Scovillain|50/100g\n|-damage|p2b: Kingambit|78/100\n|-status|p2a: Scovillain|frz\n|-status|p1a: Froslass|brn|[from] ability: Spicy Spray|[of] p2a: Scovillain\n|move|p2b: Kingambit|Swords Dance|p2b: Kingambit\n|-boost|p2b: Kingambit|atk|2\n|move|p1b: Kingambit|Swords Dance|p1b: Kingambit\n|-boost|p1b: Kingambit|atk|2\n|\n|-weather|Snowscape|[upkeep]\n|-damage|p1a: Froslass|10/100 brn|[from] brn\n|upkeep\n|turn|3\n|\n|t:|1788388903\n|move|p1a: Froslass|Blizzard|p2a: Scovillain|[spread] p2a,p2b\n|-resisted|p2b: Kingambit|1\n|-damage|p2a: Scovillain|1/100 frz\n|-damage|p2b: Kingambit|57/100\n|cant|p2a: Scovillain|frz\n|move|p2b: Kingambit|Kowtow Cleave|p1b: Kingambit\n|-resisted|p1b: Kingambit|1\n|-damage|p1b: Kingambit|66/100\n|-damage|p2b: Kingambit|48/100|[from] item: Life Orb\n|move|p1b: Kingambit|Kowtow Cleave|p2b: Kingambit\n|-resisted|p2b: Kingambit|1\n|-damage|p2b: Kingambit|4/100\n|\n|-weather|Snowscape|[upkeep]\n|-damage|p1a: Froslass|5/100 brn|[from] brn\n|upkeep\n|turn|4\n|\n|t:|1788388945\n|-curestatus|p2a: Scovillain|frz|[msg]\n|move|p2a: Scovillain|Rage Powder|p2a: Scovillain\n|-singleturn|p2a: Scovillain|move: Rage Powder\n|move|p2b: Kingambit|Sucker Punch||[still]\n|-fail|p2b: Kingambit\n|move|p1a: Froslass|Aurora Veil||[still]\n|-fail|p1a: Froslass\n|move|p1b: Kingambit|Kowtow Cleave|p2a: Scovillain\n|-damage|p2a: Scovillain|0 fnt\n|-status|p1b: Kingambit|brn|[from] ability: Spicy Spray|[of] p2a: Scovillain\n|faint|p2a: Scovillain\n|\n|-weather|Snowscape|[upkeep]\n|-damage|p1a: Froslass|0 fnt|[from] brn\n|faint|p1a: Froslass\n|-damage|p1b: Kingambit|60/100 brn|[from] brn\n|upkeep\n|\n|t:|1788388999\n|switch|p1a: Basculegion|Basculegion, L50, M|100/100\n|switch|p2a: Lycanroc|Lycanroc-Dusk, L50, F|100/100\n|turn|5\n|\n|t:|1788389035\n|move|p1a: Basculegion|Protect|p1a: Basculegion\n|-singleturn|p1a: Basculegion|Protect\n|move|p1b: Kingambit|Protect|p1b: Kingambit\n|-singleturn|p1b: Kingambit|Protect\n|move|p2a: Lycanroc|Close Combat|p1b: Kingambit\n|-activate|p1b: Kingambit|move: Protect\n|move|p2b: Kingambit|Kowtow Cleave|p1a: Basculegion\n|-activate|p1a: Basculegion|move: Protect\n|\n|-weather|none\n|-damage|p1b: Kingambit|55/100 brn|[from] brn\n|-sideend|p1: sonpabloz|move: Aurora Veil\n|upkeep\n|turn|6\n|\n|t:|1788389080\n|switch|p1b: Sneasler|Sneasler, L50, M|100/100\n|move|p1a: Basculegion|Aqua Jet|p2b: Kingambit\n|-damage|p2b: Kingambit|0 fnt\n|faint|p2b: Kingambit\n|-damage|p1a: Basculegion|90/100|[from] item: Life Orb\n|move|p2a: Lycanroc|Close Combat|p1b: Sneasler\n|-resisted|p1b: Sneasler|1\n|-damage|p1b: Sneasler|67/100\n|-unboost|p2a: Lycanroc|def|1\n|-unboost|p2a: Lycanroc|spd|1\n|\n|upkeep\n|\n|t:|1788389091\n|switch|p2b: Basculegion|Basculegion, L50, M|100/100\n|turn|7\n|\n|t:|1788389132\n|switch|p1a: Kingambit|Kingambit, L50, F|55/100 brn\n|move|p2a: Lycanroc|Protect|p2a: Lycanroc\n|-singleturn|p2a: Lycanroc|Protect\n|move|p1b: Sneasler|Fake Out|p2a: Lycanroc\n|-activate|p2a: Lycanroc|move: Protect\n|move|p2b: Basculegion|Last Respects|p1a: Kingambit\n|-resisted|p1a: Kingambit|1\n|-damage|p1a: Kingambit|19/100 brn\n|\n|-damage|p1a: Kingambit|13/100 brn|[from] brn\n|upkeep\n|turn|8\n|\n|t:|1788389195\n|move|p2b: Basculegion|Aqua Jet|p1a: Kingambit\n|-damage|p1a: Kingambit|0 fnt\n|faint|p1a: Kingambit\n|move|p1b: Sneasler|Close Combat|p2a: Lycanroc\n|-supereffective|p2a: Lycanroc|1\n|-enditem|p2a: Lycanroc|Focus Sash\n|-damage|p2a: Lycanroc|1/100\n|-unboost|p1b: Sneasler|def|1\n|-unboost|p1b: Sneasler|spd|1\n|-enditem|p1b: Sneasler|White Herb\n|-clearnegativeboost|p1b: Sneasler|[silent]\n|move|p2a: Lycanroc|Rock Slide|p1b: Sneasler\n|-resisted|p1b: Sneasler|1\n|-damage|p1b: Sneasler|44/100\n|\n|upkeep\n|\n|t:|1788389210\n|switch|p1a: Basculegion|Basculegion, L50, M|90/100\n|turn|9\n|\n|t:|1788389256\n|move|p2a: Lycanroc|Protect|p2a: Lycanroc\n|-singleturn|p2a: Lycanroc|Protect\n|move|p2b: Basculegion|Aqua Jet|p1b: Sneasler\n|-damage|p1b: Sneasler|0 fnt\n|faint|p1b: Sneasler\n|move|p1a: Basculegion|Last Respects|p2b: Basculegion\n|-supereffective|p2b: Basculegion|1\n|-damage|p2b: Basculegion|0 fnt\n|faint|p2b: Basculegion\n|-damage|p1a: Basculegion|80/100|[from] item: Life Orb\n|\n|upkeep\n|turn|10\n|\n|t:|1788389273\n|move|p2a: Lycanroc|Accelerock|p1a: Basculegion\n|-damage|p1a: Basculegion|46/100\n|move|p1a: Basculegion|Aqua Jet|p2a: Lycanroc\n|-supereffective|p2a: Lycanroc|1\n|-damage|p2a: Lycanroc|0 fnt\n|faint|p2a: Lycanroc\n|-damage|p1a: Basculegion|37/100|[from] item: Life Orb\n|\n|win|sonpabloz\n|inactive|sonpabloz has 30 seconds to confirm battle start!\n|inactive|NoodleSushi has 30 seconds to confirm battle start!\n||sonpabloz is ready for game 2.\n","uploadtime":1788389286,"views":"1","formatid":"gen9championsvgc2026regmbbo3","rating":null,"private":0,"password":null}