{"id":"gen9championsvgc2026regmbbo3-2673755602","format":"[Gen 9 Champions] VGC 2026 Reg M-B (Bo3)","players":["CaratroncoSun","ZMegasOnFraudWatch"],"log":"|j|☆CaratroncoSun\n|j|☆ZMegasOnFraudWatch\n|html|<table width=\"100%\"><tr><td align=\"left\">CaratroncoSun</td><td align=\"right\">ZMegasOnFraudWatch</tr><tr><td align=\"left\"><i class=\"fa fa-circle-o\"></i> <i class=\"fa fa-circle-o\"></i> </td><td align=\"right\"><i class=\"fa fa-circle-o\"></i> <i class=\"fa fa-circle-o\"></i> </tr></table>\n|uhtml|bestof|<h2><strong>Game 1</strong> of <a href=\"/game-bestof3-gen9championsvgc2026regmbbo3-2673755601\">a best-of-3</a></h2>\n|t:|1788248940\n|gametype|doubles\n|player|p1|CaratroncoSun|170|1321\n|player|p2|ZMegasOnFraudWatch|psychic-gen2|1441\n|gen|9\n|tier|[Gen 9 Champions] VGC 2026 Reg M-B (Bo3)\n|rated|\n|rule|Species Clause: Limit one of each Pokémon\n|rule|Item Clause: Limit 1 of each item\n|clearpoke\n|poke|p1|Charizard, L50, F, shiny|\n|poke|p1|Venusaur, L50, F, shiny|\n|poke|p1|Whimsicott, L50, F, shiny|\n|poke|p1|Basculegion, L50, M|\n|poke|p1|Tyranitar, L50, F|\n|poke|p1|Mamoswine, L50, F|\n|poke|p2|Scovillain, L50, M, shiny|\n|poke|p2|Basculegion, L50, M|\n|poke|p2|Kingambit, L50, M|\n|poke|p2|Sneasler, L50, M|\n|poke|p2|Lycanroc-Dusk, L50, M|\n|poke|p2|Froslass, L50, F|\n|teampreview|4\n|showteam|p1|Charizard||CharizarditeY|Blaze|Protect,SolarBeam,HeatWave,AirSlash|Modest||F|||50|]Venusaur||WideLens|Chlorophyll|Protect,GigaDrain,EarthPower,SleepPowder|Modest||F|||50|]Whimsicott||FocusSash|Prankster|Protect,Moonblast,Tailwind,Encore|Timid||F|||50|]Basculegion||MysticWater|Adaptability|Protect,AquaJet,WaveCrash,LastRespects|Adamant||M|||50|]Tyranitar||Tyranitarite|SandStream|Protect,RockSlide,KnockOff,LowKick|Adamant||F|||50|]Mamoswine||LifeOrb|Oblivious|Protect,HighHorsepower,RockSlide,IceShard|Adamant||F|||50|\n|showteam|p2|Scovillain||Scovillainite|Moody|GigaDrain,Overheat,RagePowder,Protect|Bold||M|||50|]Basculegion||LifeOrb|Adaptability|WaveCrash,LastRespects,AquaJet,Protect|Adamant||M|||50|]Kingambit||BlackGlasses|Defiant|KowtowCleave,SuckerPunch,SwordsDance,Protect|Adamant||M|||50|]Sneasler||WhiteHerb|Unburden|CloseCombat,DireClaw,Protect,FakeOut|Adamant||M|||50|]Lycanroc-Dusk||FocusSash|ToughClaws|CloseCombat,Accelerock,RockSlide,Protect|Adamant||M|||50|]Froslass||Froslassite|CursedBody|Blizzard,ShadowBall,AuroraVeil,Protect|Timid||F|||50|\n|inactive|Battle timer is ON: inactive players will automatically lose when time's up. (requested by CaratroncoSun)\n|j| D4RKEVA\n|\n|t:|1788248993\n|teamsize|p1|4\n|teamsize|p2|4\n|start\n|switch|p1a: Whimsicott|Whimsicott, L50, F, shiny|100/100\n|switch|p1b: Mamoswine|Mamoswine, L50, F|100/100\n|switch|p2a: Hardly Know Her|Sneasler, L50, M|100/100\n|switch|p2b: KTC Choppa|Kingambit, L50, M|100/100\n|turn|1\n|\n|t:|1788249013\n|move|p2a: Hardly Know Her|Fake Out|p1b: Mamoswine\n|-damage|p1b: Mamoswine|84/100\n|move|p1a: Whimsicott|Tailwind|p1a: Whimsicott\n|-sidestart|p1: CaratroncoSun|move: Tailwind\n|cant|p1b: Mamoswine|flinch\n|move|p2b: KTC Choppa|Swords Dance|p2b: KTC Choppa\n|-boost|p2b: KTC Choppa|atk|2\n|\n|upkeep\n|turn|2\n|\n|t:|1788249026\n|switch|p1b: Venusaur|Venusaur, L50, F, shiny|100/100\n|switch|p2a: In NY I Accelerock|Lycanroc-Dusk, L50, M|100/100\n|move|p1a: Whimsicott|Encore||[still]\n|-fail|p1a: Whimsicott\n|move|p2b: KTC Choppa|Sucker Punch||[still]\n|-fail|p2b: KTC Choppa\n|\n|upkeep\n|turn|3\n|\n|t:|1788249038\n|switch|p2a: Hardly Know Her|Sneasler, L50, M|100/100\n|move|p2b: KTC Choppa|Protect|p2b: KTC Choppa\n|-singleturn|p2b: KTC Choppa|Protect\n|move|p1a: Whimsicott|Moonblast|p2a: Hardly Know Her\n|-damage|p2a: Hardly Know Her|54/100\n|move|p1b: Venusaur|Sleep Powder|p2b: KTC Choppa\n|-activate|p2b: KTC Choppa|move: Protect\n|\n|upkeep\n|turn|4\n|inactive|CaratroncoSun has 30 seconds left.\n|\n|t:|1788249065\n|move|p1a: Whimsicott|Protect|p1a: Whimsicott\n|-singleturn|p1a: Whimsicott|Protect\n|move|p1b: Venusaur|Protect|p1b: Venusaur\n|-singleturn|p1b: Venusaur|Protect\n|move|p2a: Hardly Know Her|Dire Claw|p1b: Venusaur\n|-activate|p1b: Venusaur|move: Protect\n|move|p2b: KTC Choppa|Kowtow Cleave|p1b: Venusaur\n|-activate|p1b: Venusaur|move: Protect\n|\n|-sideend|p1: CaratroncoSun|move: Tailwind\n|upkeep\n|turn|5\n|\n|t:|1788249089\n|move|p1a: Whimsicott|Tailwind|p1a: Whimsicott\n|-sidestart|p1: CaratroncoSun|move: Tailwind\n|move|p2b: KTC Choppa|Sucker Punch||[still]\n|-fail|p2b: KTC Choppa\n|move|p1b: Venusaur|Sleep Powder|p2b: KTC Choppa\n|-status|p2b: KTC Choppa|slp|[from] move: Sleep Powder\n|move|p2a: Hardly Know Her|Dire Claw|p1b: Venusaur\n|-damage|p1b: Venusaur|49/100\n|\n|upkeep\n|turn|6\n|\n|t:|1788249101\n|cant|p2b: KTC Choppa|slp\n|move|p1a: Whimsicott|Moonblast|p2b: KTC Choppa\n|-damage|p2b: KTC Choppa|67/100 slp\n|-unboost|p2b: KTC Choppa|spa|1\n|-ability|p2b: KTC Choppa|Defiant|boost\n|-boost|p2b: KTC Choppa|atk|2\n|move|p1b: Venusaur|Earth Power|p2a: Hardly Know Her\n|-supereffective|p2a: Hardly Know Her|1\n|-damage|p2a: Hardly Know Her|0 fnt\n|faint|p2a: Hardly Know Her\n|\n|upkeep\n|\n|t:|1788249107\n|switch|p2a: BooPauls Veil Race|Froslass, L50, F|100/100\n|turn|7\n|\n|t:|1788249115\n|detailschange|p2a: BooPauls Veil Race|Froslass-Mega, L50, F\n|-mega|p2a: BooPauls Veil Race|Froslass|Froslassite\n|-weather|Snowscape|[from] ability: Snow Warning|[of] p2a: BooPauls Veil Race\n|cant|p2b: KTC Choppa|slp\n|move|p1a: Whimsicott|Moonblast|p2b: KTC Choppa\n|-damage|p2b: KTC Choppa|34/100 slp\n|move|p1b: Venusaur|Sleep Powder|p2a: BooPauls Veil Race\n|-status|p2a: BooPauls Veil Race|slp|[from] move: Sleep Powder\n|cant|p2a: BooPauls Veil Race|slp\n|\n|-weather|Snowscape|[upkeep]\n|upkeep\n|turn|8\n|inactive|CaratroncoSun has 30 seconds left.\n|\n|t:|1788249143\n|switch|p1b: Mamoswine|Mamoswine, L50, F|84/100\n|-curestatus|p2b: KTC Choppa|slp|[msg]\n|move|p2b: KTC Choppa|Sucker Punch||[still]\n|-fail|p2b: KTC Choppa\n|move|p1a: Whimsicott|Moonblast|p2b: KTC Choppa\n|-damage|p2b: KTC Choppa|2/100\n|-unboost|p2b: KTC Choppa|spa|1\n|-ability|p2b: KTC Choppa|Defiant|boost\n|-boost|p2b: KTC Choppa|atk|2\n|cant|p2a: BooPauls Veil Race|slp\n|\n|-weather|Snowscape|[upkeep]\n|-sideend|p1: CaratroncoSun|move: Tailwind\n|upkeep\n|turn|9\n|\n|t:|1788249160\n|move|p2b: KTC Choppa|Protect|p2b: KTC Choppa\n|-singleturn|p2b: KTC Choppa|Protect\n|move|p1a: Whimsicott|Tailwind|p1a: Whimsicott\n|-sidestart|p1: CaratroncoSun|move: Tailwind\n|move|p1b: Mamoswine|Ice Shard|p2b: KTC Choppa\n|-activate|p2b: KTC Choppa|move: Protect\n|-curestatus|p2a: BooPauls Veil Race|slp|[msg]\n|move|p2a: BooPauls Veil Race|Blizzard|p1b: Mamoswine|[spread] p1a,p1b\n|-supereffective|p1a: Whimsicott|1\n|-enditem|p1a: Whimsicott|Focus Sash\n|-damage|p1a: Whimsicott|1/100\n|-damage|p1b: Mamoswine|33/100\n|\n|-weather|Snowscape|[upkeep]\n|upkeep\n|turn|10\n|inactive|CaratroncoSun has 30 seconds left.\n|\n|t:|1788249186\n|switch|p2b: In NY I Accelerock|Lycanroc-Dusk, L50, M|100/100\n|move|p1b: Mamoswine|Ice Shard|p2b: In NY I Accelerock\n|-damage|p2b: In NY I Accelerock|50/100y\n|-damage|p1b: Mamoswine|23/100|[from] item: Life Orb\n|move|p1a: Whimsicott|Moonblast|p2a: BooPauls Veil Race\n|-damage|p2a: BooPauls Veil Race|64/100\n|move|p2a: BooPauls Veil Race|Blizzard|p1b: Mamoswine|[spread] p1a,p1b\n|-supereffective|p1a: Whimsicott|1\n|-crit|p1b: Mamoswine\n|-damage|p1a: Whimsicott|0 fnt\n|-damage|p1b: Mamoswine|0 fnt\n|faint|p1a: Whimsicott\n|faint|p1b: Mamoswine\n|\n|-weather|Snowscape|[upkeep]\n|upkeep\n|\n|t:|1788249200\n|switch|p1a: Venusaur|Venusaur, L50, F, shiny|49/100\n|switch|p1b: Charizard|Charizard, L50, F, shiny|100/100\n|turn|11\n|\n|t:|1788249221\n|detailschange|p1b: Charizard|Charizard-Mega-Y, L50, F, shiny\n|-mega|p1b: Charizard|Charizard|Charizardite Y\n|-weather|SunnyDay|[from] ability: Drought|[of] p1b: Charizard\n|move|p2b: In NY I Accelerock|Accelerock|p1a: Venusaur\n|-damage|p1a: Venusaur|10/100\n|move|p1a: Venusaur|Sleep Powder|p2a: BooPauls Veil Race|[miss]\n|-miss|p1a: Venusaur|p2a: BooPauls Veil Race\n|move|p1b: Charizard|Heat Wave|p2a: BooPauls Veil Race|[spread] p2b\n|-miss|p1b: Charizard|p2a: BooPauls Veil Race\n|-resisted|p2b: In NY I Accelerock|1\n|-damage|p2b: In NY I Accelerock|0 fnt\n|faint|p2b: In NY I Accelerock\n|move|p2a: BooPauls Veil Race|Shadow Ball|p1a: Venusaur\n|-damage|p1a: Venusaur|0 fnt\n|faint|p1a: Venusaur\n|\n|-weather|SunnyDay|[upkeep]\n|upkeep\n|\n|t:|1788249226\n|switch|p2b: KTC Choppa|Kingambit, L50, M|2/100\n|turn|12\n|j| Castax99\n|l| D4RKEVA\n|l| Castax99\n|\n|t:|1788249240\n|move|p2a: BooPauls Veil Race|Protect|p2a: BooPauls Veil Race\n|-singleturn|p2a: BooPauls Veil Race|Protect\n|move|p2b: KTC Choppa|Protect|p2b: KTC Choppa\n|-singleturn|p2b: KTC Choppa|Protect\n|move|p1b: Charizard|Heat Wave|p2b: KTC Choppa|[spread] \n|-activate|p2a: BooPauls Veil Race|move: Protect\n|-activate|p2b: KTC Choppa|move: Protect\n|\n|-weather|SunnyDay|[upkeep]\n|-sideend|p1: CaratroncoSun|move: Tailwind\n|upkeep\n|turn|13\n|\n|t:|1788249259\n|move|p2b: KTC Choppa|Sucker Punch|p1b: Charizard\n|-damage|p1b: Charizard|45/100\n|move|p2a: BooPauls Veil Race|Shadow Ball|p1b: Charizard\n|-damage|p1b: Charizard|11/100\n|-unboost|p1b: Charizard|spd|1\n|move|p1b: Charizard|Heat Wave|p2a: BooPauls Veil Race|[spread] p2a,p2b\n|-supereffective|p2a: BooPauls Veil Race|1\n|-supereffective|p2b: KTC Choppa|1\n|-crit|p2b: KTC Choppa\n|-damage|p2a: BooPauls Veil Race|0 fnt\n|-damage|p2b: KTC Choppa|0 fnt\n|faint|p2a: BooPauls Veil Race\n|faint|p2b: KTC Choppa\n|\n|win|CaratroncoSun\n","uploadtime":1788249260,"views":"1","formatid":"gen9championsvgc2026regmbbo3","rating":null,"private":0,"password":null}