{"id":"gen9championsvgc2026regmbbo3-2674338171","format":"[Gen 9 Champions] VGC 2026 Reg M-B (Bo3)","players":["Daedalo","Jorgetaco"],"log":"|j|☆Daedalo\n|j|☆Jorgetaco\n|html|<table width=\"100%\"><tr><td align=\"left\">Daedalo</td><td align=\"right\">Jorgetaco</tr><tr><td align=\"left\"><i class=\"fa fa-circle-o\"></i> <i class=\"fa fa-circle-o\"></i> </td><td align=\"right\"><i class=\"fa fa-circle-o\"></i> <i class=\"fa fa-circle-o\"></i> </tr></table>\n|uhtml|bestof|<h2><strong>Game 1</strong> of <a href=\"/game-bestof3-gen9championsvgc2026regmbbo3-2674338170\">a best-of-3</a></h2>\n|t:|1788344218\n|gametype|doubles\n|player|p1|Daedalo|veteran|\n|player|p2|Jorgetaco|266|\n|gen|9\n|tier|[Gen 9 Champions] VGC 2026 Reg M-B (Bo3)\n|rule|Species Clause: Limit one of each Pokémon\n|rule|Item Clause: Limit 1 of each item\n|clearpoke\n|poke|p1|Tyranitar, L50, M|\n|poke|p1|Delphox, L50, F|\n|poke|p1|Incineroar, L50, M, shiny|\n|poke|p1|Sneasler, L50, F|\n|poke|p1|Sinistcha-Masterpiece, L50|\n|poke|p1|Kingambit, L50, F|\n|poke|p2|Garchomp, L50, M|\n|poke|p2|Sylveon, L50, F, shiny|\n|poke|p2|Meganium, L50, M, shiny|\n|poke|p2|Maushold-Four, L50|\n|poke|p2|Annihilape, L50, M, shiny|\n|poke|p2|Milotic, L50, M, shiny|\n|teampreview|4\n|showteam|p1|Tyranitar||Tyranitarite|SandStream|Protect,RockSlide,KnockOff,DragonDance|Adamant||M|||50|]Delphox||Delphoxite|Blaze|HeatWave,Psychic,NastyPlot,Protect|Timid||F|||50|]Incineroar||SitrusBerry|Intimidate|FakeOut,FlareBlitz,HelpingHand,PartingShot|Impish||M|||50|]Sneasler||WhiteHerb|Unburden|Protect,CloseCombat,DireClaw,FakeOut|Adamant||F|||50|]Sinistcha-Masterpiece||ColburBerry|Hospitality|MatchaGotcha,RagePowder,TrickRoom,Protect|Bold|||||50|]Kingambit||LifeOrb|Defiant|KowtowCleave,SuckerPunch,SwordsDance,Protect|Adamant||F|||50|\n|showteam|p2|Garchomp||LumBerry|RoughSkin|StealthRock,Earthquake,DragonTail,RockSlide|Impish||M|||50|]Sylveon||Leftovers|Pixilate|QuickAttack,Wish,HyperVoice,CalmMind|Modest||F|||50|]Meganium||Meganiumite|Overgrow|WeatherBall,DazzlingGleam,SolarBeam,Synthesis|Modest||M|||50|]Maushold-Four||FocusSash|FriendGuard|Protect,PopulationBomb,BeatUp,FollowMe|Timid|||||50|]Annihilape||RoseliBerry|Defiant|BulkUp,DrainPunch,RageFist,Protect|Jolly||M|||50|]Milotic||SitrusBerry|Competitive|Scald,IceBeam,Recover,MirrorCoat|Modest||M|||50|\n|j| falconfart77\n|\n|t:|1788344303\n|teamsize|p1|4\n|teamsize|p2|4\n|start\n|switch|p1a: Morgana|Delphox, L50, F|100/100\n|switch|p1b: Mistake|Incineroar, L50, M, shiny|100/100\n|switch|p2a: Playboy|Sylveon, L50, F, shiny|100/100\n|switch|p2b: Cogollo|Meganium, L50, M, shiny|100/100\n|-ability|p1b: Mistake|Intimidate|boost\n|-unboost|p2a: Playboy|atk|1\n|-unboost|p2b: Cogollo|atk|1\n|turn|1\n|l| falconfart77\n|j| falconfart77\n|\n|t:|1788344327\n|detailschange|p2b: Cogollo|Meganium-Mega, L50, M, shiny\n|-mega|p2b: Cogollo|Meganium|Meganiumite\n|move|p1b: Mistake|Fake Out|p2a: Playboy\n|-damage|p2a: Playboy|85/100\n|move|p1a: Morgana|Nasty Plot|p1a: Morgana\n|-boost|p1a: Morgana|spa|2\n|move|p2b: Cogollo|Dazzling Gleam|p1b: Mistake|[spread] p1a,p1b\n|-resisted|p1a: Morgana|1\n|-damage|p1a: Morgana|80/100\n|-damage|p1b: Mistake|62/100\n|cant|p2a: Playboy|flinch\n|\n|-heal|p2a: Playboy|91/100|[from] item: Leftovers\n|upkeep\n|turn|2\n|\n|t:|1788344355\n|move|p1a: Morgana|Protect|p1a: Morgana\n|-singleturn|p1a: Morgana|Protect\n|move|p2b: Cogollo|Dazzling Gleam|p1b: Mistake|[spread] p1b\n|-activate|p1a: Morgana|move: Protect\n|-damage|p1b: Mistake|28/100\n|-enditem|p1b: Mistake|Sitrus Berry|[eat]\n|-heal|p1b: Mistake|52/100|[from] item: Sitrus Berry\n|move|p2a: Playboy|Calm Mind|p2a: Playboy\n|-boost|p2a: Playboy|spa|1\n|-boost|p2a: Playboy|spd|1\n|move|p1b: Mistake|Parting Shot|p2a: Playboy\n|-unboost|p2a: Playboy|atk|1\n|-unboost|p2a: Playboy|spa|1\n|\n|t:|1788344368\n|switch|p1b: Nobunaga|Kingambit, L50, F|100/100|[from] Parting Shot\n|\n|-heal|p2a: Playboy|97/100|[from] item: Leftovers\n|upkeep\n|turn|3\n|\n|t:|1788344385\n|detailschange|p1a: Morgana|Delphox-Mega, L50, F\n|-mega|p1a: Morgana|Delphox|Delphoxite\n|move|p1b: Nobunaga|Protect|p1b: Nobunaga\n|-singleturn|p1b: Nobunaga|Protect\n|move|p1a: Morgana|Heat Wave|p2a: Playboy|[spread] p2a\n|-miss|p1a: Morgana|p2b: Cogollo\n|-damage|p2a: Playboy|55/100\n|move|p2b: Cogollo|Weather Ball|p1b: Nobunaga\n|-activate|p1b: Nobunaga|move: Protect\n|move|p2a: Playboy|Wish|p2a: Playboy\n|\n|-heal|p2a: Playboy|61/100|[from] item: Leftovers\n|upkeep\n|turn|4\n|\n|t:|1788344402\n|move|p1b: Nobunaga|Sucker Punch||[still]\n|-fail|p1b: Nobunaga\n|move|p1a: Morgana|Heat Wave|p2b: Cogollo|[spread] p2a,p2b\n|-supereffective|p2b: Cogollo|1\n|-damage|p2a: Playboy|13/100\n|-damage|p2b: Cogollo|0 fnt\n|-status|p2a: Playboy|brn\n|faint|p2b: Cogollo\n|move|p2a: Playboy|Calm Mind|p2a: Playboy\n|-boost|p2a: Playboy|spa|1\n|-boost|p2a: Playboy|spd|1\n|\n|-heal|p2a: Playboy|63/100 brn|[from] move: Wish|[wisher] Playboy\n|-heal|p2a: Playboy|69/100 brn|[from] item: Leftovers\n|-damage|p2a: Playboy|63/100 brn|[from] brn\n|upkeep\n|\n|t:|1788344419\n|switch|p2b: Rosita|Annihilape, L50, M, shiny|100/100\n|turn|5\n|\n|t:|1788344431\n|move|p2b: Rosita|Protect|p2b: Rosita\n|-singleturn|p2b: Rosita|Protect\n|move|p1a: Morgana|Psychic|p2b: Rosita\n|-activate|p2b: Rosita|move: Protect\n|move|p2a: Playboy|Hyper Voice|p1a: Morgana|[spread] p1a,p1b\n|-resisted|p1a: Morgana|1\n|-damage|p1a: Morgana|48/100\n|-damage|p1b: Nobunaga|38/100\n|move|p1b: Nobunaga|Swords Dance|p1b: Nobunaga\n|-boost|p1b: Nobunaga|atk|2\n|\n|-heal|p2a: Playboy|69/100 brn|[from] item: Leftovers\n|-damage|p2a: Playboy|63/100 brn|[from] brn\n|upkeep\n|turn|6\n|\n|t:|1788344451\n|switch|p2b: Felices los 4|Maushold-Four, L50|100/100\n|move|p1a: Morgana|Protect|p1a: Morgana\n|-singleturn|p1a: Morgana|Protect\n|move|p1b: Nobunaga|Sucker Punch||[still]\n|-fail|p1b: Nobunaga\n|move|p2a: Playboy|Hyper Voice|p1b: Nobunaga|[spread] p1b\n|-activate|p1a: Morgana|move: Protect\n|-damage|p1b: Nobunaga|0 fnt\n|faint|p1b: Nobunaga\n|\n|-heal|p2a: Playboy|69/100 brn|[from] item: Leftovers\n|-damage|p2a: Playboy|63/100 brn|[from] brn\n|upkeep\n|\n|t:|1788344465\n|switch|p1b: コーヒー|Sinistcha-Masterpiece, L50|100/100\n|-heal|p1a: Morgana|73/100|[from] ability: Hospitality|[of] p1b: コーヒー\n|turn|7\n|\n|t:|1788344480\n|move|p1b: コーヒー|Rage Powder|p1b: コーヒー\n|-singleturn|p1b: コーヒー|move: Rage Powder\n|move|p1a: Morgana|Nasty Plot|p1a: Morgana\n|-boost|p1a: Morgana|spa|2\n|move|p2b: Felices los 4|Population Bomb|p1b: コーヒー\n|-immune|p1b: コーヒー\n|move|p2a: Playboy|Hyper Voice|p1a: Morgana|[spread] p1a,p1b\n|-resisted|p1a: Morgana|1\n|-damage|p1a: Morgana|42/100\n|-damage|p1b: コーヒー|19/100\n|\n|-heal|p2a: Playboy|69/100 brn|[from] item: Leftovers\n|-damage|p2a: Playboy|63/100 brn|[from] brn\n|upkeep\n|turn|8\n|\n|t:|1788344498\n|move|p2b: Felices los 4|Protect|p2b: Felices los 4\n|-singleturn|p2b: Felices los 4|Protect\n|move|p1b: コーヒー|Protect|p1b: コーヒー\n|-singleturn|p1b: コーヒー|Protect\n|move|p1a: Morgana|Heat Wave|p2b: Felices los 4|[spread] p2a\n|-activate|p2b: Felices los 4|move: Protect\n|-damage|p2a: Playboy|26/100 brn\n|move|p2a: Playboy|Hyper Voice|p1b: コーヒー|[spread] p1a\n|-activate|p1b: コーヒー|move: Protect\n|-resisted|p1a: Morgana|1\n|-damage|p1a: Morgana|13/100\n|\n|-heal|p2a: Playboy|32/100 brn|[from] item: Leftovers\n|-damage|p2a: Playboy|26/100 brn|[from] brn\n|upkeep\n|turn|9\n|\n|t:|1788344522\n|move|p1a: Morgana|Psychic|p2a: Playboy\n|-damage|p2a: Playboy|0 fnt\n|faint|p2a: Playboy\n|move|p2b: Felices los 4|Population Bomb|p1a: Morgana\n|-damage|p1a: Morgana|4/100\n|-damage|p1a: Morgana|0 fnt\n|faint|p1a: Morgana\n|-hitcount|p1: Morgana|2\n|move|p1b: コーヒー|Matcha Gotcha|p2b: Felices los 4\n|-damage|p2b: Felices los 4|62/100\n|-heal|p1b: コーヒー|38/100|[from] drain|[of] p2b: Felices los 4\n|\n|upkeep\n|\n|t:|1788344535\n|switch|p1a: Mistake|Incineroar, L50, M, shiny|52/100\n|switch|p2a: Rosita|Annihilape, L50, M, shiny|100/100\n|-ability|p1a: Mistake|Intimidate|boost\n|-unboost|p2a: Rosita|atk|1\n|-ability|p2a: Rosita|Defiant|boost\n|-boost|p2a: Rosita|atk|2\n|-unboost|p2b: Felices los 4|atk|1\n|turn|10\n|\n|t:|1788344558\n|move|p1b: コーヒー|Protect|p1b: コーヒー\n|-singleturn|p1b: コーヒー|Protect\n|move|p2b: Felices los 4|Beat Up|p2a: Rosita\n|-damage|p2a: Rosita|98/100\n|-damage|p2a: Rosita|97/100\n|-hitcount|p2a: Rosita|2\n|move|p2a: Rosita|Bulk Up|p2a: Rosita\n|-boost|p2a: Rosita|atk|1\n|-boost|p2a: Rosita|def|1\n|move|p1a: Mistake|Flare Blitz|p2b: Felices los 4\n|-damage|p2b: Felices los 4|0 fnt\n|faint|p2b: Felices los 4\n|-damage|p1a: Mistake|34/100|[from] Recoil\n|\n|upkeep\n|turn|11\n|\n|t:|1788344587\n|move|p2a: Rosita|Rage Fist|p1b: コーヒー\n|-supereffective|p1b: コーヒー|1\n|-damage|p1b: コーヒー|0 fnt\n|faint|p1b: コーヒー\n|move|p1a: Mistake|Flare Blitz|p2a: Rosita\n|-damage|p2a: Rosita|64/100\n|-damage|p1a: Mistake|22/100|[from] Recoil\n|\n|upkeep\n|turn|12\n|\n|t:|1788344598\n|move|p2a: Rosita|Bulk Up|p2a: Rosita\n|-boost|p2a: Rosita|atk|1\n|-boost|p2a: Rosita|def|1\n|move|p1a: Mistake|Flare Blitz|p2a: Rosita\n|-damage|p2a: Rosita|40/100\n|-damage|p1a: Mistake|13/100|[from] Recoil\n|\n|upkeep\n|turn|13\n|\n|t:|1788344612\n|move|p2a: Rosita|Drain Punch|p1a: Mistake\n|-supereffective|p1a: Mistake|1\n|-crit|p1a: Mistake\n|-damage|p1a: Mistake|0 fnt\n|-heal|p2a: Rosita|46/100|[from] drain|[of] p1a: Mistake\n|faint|p1a: Mistake\n|\n|win|Jorgetaco\n|inactive|Daedalo has 30 seconds to confirm battle start!\n|inactive|Jorgetaco has 30 seconds to confirm battle start!\n||Daedalo is ready for game 2.\n|l|☆Jorgetaco\n|player|p2|\n","uploadtime":1788344624,"views":"13","formatid":"gen9championsvgc2026regmbbo3","rating":null,"private":0,"password":null}