{"id":"gen9championsvgc2026regmb-2673968047","format":"[Gen 9 Champions] VGC 2026 Reg M-B","players":["BroadStandard","ReiTolo07"],"log":"|j|☆BroadStandard\n|j|☆ReiTolo07\n|t:|1788282947\n|gametype|doubles\n|player|p1|BroadStandard|101|1119\n|player|p2|ReiTolo07|gentleman-gen4|1104\n|gen|9\n|tier|[Gen 9 Champions] VGC 2026 Reg M-B\n|rated|\n|rule|Species Clause: Limit one of each Pokémon\n|rule|Item Clause: Limit 1 of each item\n|clearpoke\n|poke|p1|Farigiraf, L50, M|\n|poke|p1|Meganium, L50, F|\n|poke|p1|Kingambit, L50, M|\n|poke|p1|Sableye, L50, F|\n|poke|p1|Pelipper, L50, M|\n|poke|p1|Scovillain, L50, M|\n|poke|p2|Chesnaught, L50, F|\n|poke|p2|Sinistcha, L50|\n|poke|p2|Rhyperior, L50, M|\n|poke|p2|Araquanid, L50, M|\n|poke|p2|Ceruledge, L50, M|\n|poke|p2|Sableye, L50, F|\n|teampreview|4\n|\n|t:|1788282983\n|teamsize|p1|4\n|teamsize|p2|4\n|start\n|switch|p1a: Sableye|Sableye, L50, F|100/100\n|switch|p1b: Farigiraf|Farigiraf, L50, M|100/100\n|switch|p2a: Sinistcha|Sinistcha, L50|100/100\n|switch|p2b: Shildman|Chesnaught, L50, F|100/100\n|turn|1\n|\n|t:|1788283003\n|detailschange|p2b: Shildman|Chesnaught-Mega, L50, F\n|-mega|p2b: Shildman|Chesnaught|Chesnaughtite\n|move|p1a: Sableye|Skill Swap|p2a: Sinistcha\n|-activate|p1a: Sableye|Skill Swap|Hospitality|Prankster|[of] p2a: Sinistcha\n|move|p2a: Sinistcha|Matcha Gotcha|p1a: Sableye|[spread] p1a,p1b\n|-damage|p1a: Sableye|71/100\n|-damage|p1b: Farigiraf|76/100\n|-status|p1a: Sableye|brn\n|move|p1b: Farigiraf|Twin Beam|p2b: Shildman\n|-supereffective|p2b: Shildman|1\n|-damage|p2b: Shildman|70/100\n|-supereffective|p2b: Shildman|1\n|-damage|p2b: Shildman|41/100\n|-hitcount|p2b: Shildman|2\n|move|p2b: Shildman|Wood Hammer|p1a: Sableye\n|-damage|p1a: Sableye|0 fnt\n|faint|p1a: Sableye\n|-damage|p2b: Shildman|21/100|[from] Recoil\n|\n|upkeep\n|\n|t:|1788283023\n|switch|p1a: Scovillain|Scovillain, L50, M|100/100\n|turn|2\n|\n|t:|1788283050\n|detailschange|p1a: Scovillain|Scovillain-Mega, L50, M\n|-mega|p1a: Scovillain|Scovillain|Scovillainite\n|move|p2b: Shildman|Spiky Shield|p2b: Shildman\n|-singleturn|p2b: Shildman|move: Protect\n|move|p2a: Sinistcha|Life Dew||[still]|[spread] p2a,p2b\n|-fail|p2a: Sinistcha|heal\n|-heal|p2b: Shildman|46/100\n|move|p1a: Scovillain|Will-O-Wisp|p2a: Sinistcha\n|-status|p2a: Sinistcha|brn\n|move|p1b: Farigiraf|Twin Beam|p2b: Shildman\n|-activate|p2b: Shildman|move: Protect\n|\n|-damage|p2a: Sinistcha|93/100 brn|[from] brn\n|upkeep\n|turn|3\n|\n|t:|1788283073\n|move|p2a: Sinistcha|Life Dew|p2a: Sinistcha|[spread] p2a,p2b\n|-heal|p2a: Sinistcha|100/100 brn\n|-heal|p2b: Shildman|72/100\n|move|p1a: Scovillain|Will-O-Wisp|p2b: Shildman\n|-status|p2b: Shildman|brn\n|move|p1b: Farigiraf|Twin Beam|p2b: Shildman\n|-supereffective|p2b: Shildman|1\n|-damage|p2b: Shildman|43/100 brn\n|-supereffective|p2b: Shildman|1\n|-damage|p2b: Shildman|14/100 brn\n|-hitcount|p2b: Shildman|2\n|move|p2b: Shildman|Body Press|p1b: Farigiraf\n|-damage|p1b: Farigiraf|52/100\n|\n|-damage|p2a: Sinistcha|93/100 brn|[from] brn\n|-damage|p2b: Shildman|8/100 brn|[from] brn\n|upkeep\n|turn|4\n|\n|t:|1788283112\n|move|p1a: Scovillain|Rage Powder|p1a: Scovillain\n|-singleturn|p1a: Scovillain|move: Rage Powder\n|move|p2a: Sinistcha|Life Dew|p2a: Sinistcha|[spread] p2a,p2b\n|-heal|p2a: Sinistcha|100/100 brn\n|-heal|p2b: Shildman|33/100 brn\n|move|p1b: Farigiraf|Twin Beam|p2a: Sinistcha\n|-damage|p2a: Sinistcha|86/100 brn\n|-damage|p2a: Sinistcha|72/100 brn\n|-hitcount|p2a: Sinistcha|2\n|move|p2b: Shildman|Wood Hammer|p1b: Farigiraf\n|-damage|p1b: Farigiraf|32/100\n|-damage|p2b: Shildman|25/100 brn|[from] Recoil\n|\n|-heal|p2a: Sinistcha|78/100 brn|[from] item: Leftovers\n|-damage|p2a: Sinistcha|72/100 brn|[from] brn\n|-damage|p2b: Shildman|20/100r brn|[from] brn\n|upkeep\n|turn|5\n|\n|t:|1788283131\n|switch|p1a: Pelipper|Pelipper, L50, M|100/100\n|-weather|RainDance|[from] ability: Drizzle|[of] p1a: Pelipper\n|move|p2a: Sinistcha|Life Dew|p2a: Sinistcha|[spread] p2a,p2b\n|-heal|p2a: Sinistcha|97/100 brn\n|-heal|p2b: Shildman|45/100 brn\n|move|p1b: Farigiraf|Twin Beam|p2b: Shildman\n|-supereffective|p2b: Shildman|1\n|-damage|p2b: Shildman|15/100 brn\n|-supereffective|p2b: Shildman|1\n|-damage|p2b: Shildman|0 fnt\n|faint|p2b: Shildman\n|-hitcount|p2: Shildman|2\n|\n|-weather|RainDance|[upkeep]\n|-heal|p2a: Sinistcha|100/100 brn|[from] item: Leftovers\n|-damage|p2a: Sinistcha|93/100 brn|[from] brn\n|upkeep\n|\n|t:|1788283135\n|switch|p2b: Araquanid|Araquanid, L50, M|100/100\n|turn|6\n|\n|t:|1788283165\n|move|p1b: Farigiraf|Protect|p1b: Farigiraf\n|-singleturn|p1b: Farigiraf|Protect\n|move|p1a: Pelipper|Hurricane|p2a: Sinistcha\n|-supereffective|p2a: Sinistcha|1\n|-damage|p2a: Sinistcha|16/100 brn\n|move|p2b: Araquanid|Leech Life|p1b: Farigiraf\n|-activate|p1b: Farigiraf|move: Protect\n|move|p2a: Sinistcha|Trick Room|p2a: Sinistcha\n|-fieldstart|move: Trick Room|[of] p2a: Sinistcha\n|\n|-weather|RainDance|[upkeep]\n|-heal|p2a: Sinistcha|22/100 brn|[from] item: Leftovers\n|-damage|p2a: Sinistcha|16/100 brn|[from] brn\n|upkeep\n|turn|7\n|\n|t:|1788283191\n|move|p2b: Araquanid|Leech Life|p1b: Farigiraf\n|-supereffective|p1b: Farigiraf|1\n|-damage|p1b: Farigiraf|0 fnt\n|faint|p1b: Farigiraf\n|move|p2a: Sinistcha|Matcha Gotcha|p1a: Pelipper\n|-damage|p1a: Pelipper|40/100\n|-heal|p2a: Sinistcha|39/100 brn|[from] drain|[of] p1a: Pelipper\n|-status|p1a: Pelipper|brn\n|move|p1a: Pelipper|Hurricane|p2b: Araquanid\n|-supereffective|p2b: Araquanid|1\n|-damage|p2b: Araquanid|34/100\n|-start|p2b: Araquanid|confusion\n|\n|-weather|RainDance|[upkeep]\n|-heal|p2a: Sinistcha|45/100 brn|[from] item: Leftovers\n|-damage|p2a: Sinistcha|39/100 brn|[from] brn\n|-damage|p1a: Pelipper|34/100 brn|[from] brn\n|upkeep\n|\n|t:|1788283207\n|switch|p1b: Scovillain|Scovillain-Mega, L50, M|100/100\n|turn|8\n|\n|t:|1788283238\n|move|p2a: Sinistcha|Life Dew|p2a: Sinistcha|[spread] p2a,p2b\n|-heal|p2a: Sinistcha|64/100 brn\n|-heal|p2b: Araquanid|60/100\n|-activate|p2b: Araquanid|confusion\n|move|p2b: Araquanid|Leech Life|p1b: Scovillain\n|-damage|p1b: Scovillain|71/100\n|-heal|p2b: Araquanid|74/100|[from] drain|[of] p1b: Scovillain\n|move|p1b: Scovillain|Giga Drain|p2b: Araquanid\n|-damage|p2b: Araquanid|44/100\n|-heal|p1b: Scovillain|86/100|[from] drain|[of] p2b: Araquanid\n|move|p1a: Pelipper|Hurricane|p2a: Sinistcha\n|-supereffective|p2a: Sinistcha|1\n|-damage|p2a: Sinistcha|0 fnt\n|faint|p2a: Sinistcha\n|\n|-weather|RainDance|[upkeep]\n|-damage|p1a: Pelipper|28/100 brn|[from] brn\n|upkeep\n|\n|t:|1788283246\n|switch|p2a: Ceruledge|Ceruledge, L50, M|100/100\n|turn|9\n|\n|t:|1788283266\n|move|p1b: Scovillain|Rage Powder|p1b: Scovillain\n|-singleturn|p1b: Scovillain|move: Rage Powder\n|-end|p2b: Araquanid|confusion\n|move|p2b: Araquanid|Liquidation|p1b: Scovillain\n|-damage|p1b: Scovillain|0 fnt\n|faint|p1b: Scovillain\n|move|p1a: Pelipper|Weather Ball|p2a: Ceruledge\n|-supereffective|p2a: Ceruledge|1\n|-damage|p2a: Ceruledge|0 fnt\n|faint|p2a: Ceruledge\n|\n|-weather|none\n|-damage|p1a: Pelipper|22/100 brn|[from] brn\n|upkeep\n|turn|10\n|\n|t:|1788283278\n|move|p1a: Pelipper|Protect|p1a: Pelipper\n|-singleturn|p1a: Pelipper|Protect\n|move|p2b: Araquanid|Liquidation|p1a: Pelipper\n|-activate|p1a: Pelipper|move: Protect\n|\n|-damage|p1a: Pelipper|16/100 brn|[from] brn\n|-fieldend|move: Trick Room\n|upkeep\n|turn|11\n|\n|t:|1788283288\n|move|p2b: Araquanid|Protect|p2b: Araquanid\n|-singleturn|p2b: Araquanid|Protect\n|move|p1a: Pelipper|Hurricane|p2b: Araquanid\n|-activate|p2b: Araquanid|move: Protect\n|\n|-damage|p1a: Pelipper|10/100 brn|[from] brn\n|upkeep\n|turn|12\n|\n|t:|1788283295\n|move|p1a: Pelipper|Hurricane|p2b: Araquanid|[miss]\n|-miss|p1a: Pelipper|p2b: Araquanid\n|move|p2b: Araquanid|Liquidation|p1a: Pelipper\n|-resisted|p1a: Pelipper|1\n|-damage|p1a: Pelipper|0 fnt\n|faint|p1a: Pelipper\n|\n|win|ReiTolo07\n|raw|BroadStandard's rating: 1119 &rarr; <strong>1093</strong><br />(-26 for losing)\n|raw|ReiTolo07's rating: 1104 &rarr; <strong>1130</strong><br />(+26 for winning)\n|l|☆BroadStandard\n|player|p1|\n","uploadtime":1788283314,"views":"2","formatid":"gen9championsvgc2026regmb","rating":1093,"private":0,"password":null}