{"id":"gen9championsvgc2026regmbbo3-2674682327","format":"[Gen 9 Champions] VGC 2026 Reg M-B (Bo3)","players":["godoftoasty","ilykuronaa"],"log":"|j|☆godoftoasty\n|j|☆ilykuronaa\n|html|<table width=\"100%\"><tr><td align=\"left\">godoftoasty</td><td align=\"right\">ilykuronaa</tr><tr><td align=\"left\"><i class=\"fa fa-circle\"></i> <i class=\"fa fa-circle-o\"></i> </td><td align=\"right\"><i class=\"fa fa-circle-o\"></i> <i class=\"fa fa-circle\"></i> </tr></table>\n|uhtml|bestof|<h2><strong>Game 3</strong> of <a href=\"/game-bestof3-gen9championsvgc2026regmbbo3-2674679057\">a best-of-3</a></h2>\n|t:|1788389821\n|gametype|doubles\n|player|p1|godoftoasty|266|1227\n|player|p2|ilykuronaa|169|1154\n|gen|9\n|tier|[Gen 9 Champions] VGC 2026 Reg M-B (Bo3)\n|rated|\n|rule|Species Clause: Limit one of each Pokémon\n|rule|Item Clause: Limit 1 of each item\n|clearpoke\n|poke|p1|Gengar, L50, F, shiny|\n|poke|p1|Ninetales-Alola, L50, F|\n|poke|p1|Swampert, L50, M|\n|poke|p1|Dragonite, L50, F|\n|poke|p1|Sneasler, L50, F|\n|poke|p1|Incineroar, L50, F|\n|poke|p2|Floette-Eternal, L50, F|\n|poke|p2|Basculegion, L50, M|\n|poke|p2|Kingambit, L50, M|\n|poke|p2|Dragonite, L50, F|\n|poke|p2|Garchomp, L50, F|\n|poke|p2|Sneasler, L50, F|\n|teampreview|4\n|showteam|p1|Gengar||Gengarite|CursedBody|SludgeBomb,ShadowBall,Substitute,Protect|Modest||F|||50|]Ninetales-Alola||ChoiceScarf|SnowWarning|Blizzard,FreezeDry,IcyWind,Encore|Timid||F|||50|]Swampert||Leftovers|Torrent|HighHorsepower,FlipTurn,Yawn,Protect|Relaxed||M|||50|]Dragonite||LifeOrb|InnerFocus|DragonClaw,ExtremeSpeed,Superpower,Protect|Adamant||F|||50|]Sneasler||FocusSash|Unburden|CloseCombat,DireClaw,RockSlide,Protect|Adamant||F|||50|]Incineroar||SitrusBerry|Intimidate|FakeOut,PartingShot,FlareBlitz,ThroatChop|Impish||F|||50|\n|showteam|p2|Floette-Eternal||Floettite|FlowerVeil|Moonblast,DazzlingGleam,LightofRuin,Protect|Timid||F|||50|]Basculegion||LifeOrb|Adaptability|WaveCrash,LastRespects,AquaJet,Protect|Adamant||M|||50|]Kingambit||ChopleBerry|Defiant|SuckerPunch,KowtowCleave,LowKick,IronHead|Adamant||M|||50|]Dragonite||Dragoninite|Multiscale|DragonPulse,HeatWave,ExtremeSpeed,Protect|Modest||F|||50|]Garchomp||ChoiceScarf|RoughSkin|DragonClaw,StompingTantrum,Earthquake,RockSlide|Jolly||F|||50|]Sneasler||FocusSash|Unburden|CloseCombat,DireClaw,FakeOut,Feint|Adamant||F|||50|\n|inactive|Battle timer is ON: inactive players will automatically lose when time's up. (requested by ilykuronaa)\n|\n|t:|1788389867\n|teamsize|p1|4\n|teamsize|p2|4\n|start\n|switch|p1a: Swampert|Swampert, L50, M|100/100\n|switch|p1b: Gengar|Gengar, L50, F, shiny|100/100\n|switch|p2a: Kingambit|Kingambit, L50, M|100/100\n|switch|p2b: Garchomp|Garchomp, L50, F|100/100\n|turn|1\n|inactive|ilykuronaa has 30 seconds left.\n|\n|t:|1788389901\n|detailschange|p1b: Gengar|Gengar-Mega, L50, F, shiny\n|-mega|p1b: Gengar|Gengar|Gengarite\n|move|p1b: Gengar|Protect|p1b: Gengar\n|-singleturn|p1b: Gengar|Protect\n|move|p2b: Garchomp|Stomping Tantrum|p1b: Gengar\n|-activate|p1b: Gengar|move: Protect\n|move|p1a: Swampert|Yawn|p2b: Garchomp\n|-start|p2b: Garchomp|move: Yawn|[of] p1a: Swampert\n|move|p2a: Kingambit|Kowtow Cleave|p1b: Gengar\n|-activate|p1b: Gengar|move: Protect\n|\n|upkeep\n|turn|2\n|\n|t:|1788389916\n|switch|p1b: Dragonite|Dragonite, L50, F|100/100\n|move|p2b: Garchomp|Stomping Tantrum|p1b: Dragonite\n|-immune|p1b: Dragonite\n|move|p1a: Swampert|Flip Turn|p2a: Kingambit\n|-damage|p2a: Kingambit|79/100\n|\n|t:|1788389926\n|switch|p1a: Ninetales|Ninetales-Alola, L50, F|100/100|[from] Flip Turn\n|-weather|Snowscape|[from] ability: Snow Warning|[of] p1a: Ninetales\n|move|p2a: Kingambit|Kowtow Cleave|p1b: Dragonite\n|-damage|p1b: Dragonite|52/100\n|\n|-weather|Snowscape|[upkeep]\n|-end|p2b: Garchomp|move: Yawn|[silent]\n|-status|p2b: Garchomp|slp\n|upkeep\n|turn|3\n|\n|t:|1788389938\n|move|p1a: Ninetales|Blizzard|p2b: Garchomp|[spread] p2a,p2b\n|-resisted|p2a: Kingambit|1\n|-supereffective|p2b: Garchomp|2\n|-damage|p2a: Kingambit|65/100\n|-damage|p2b: Garchomp|0 fnt\n|faint|p2b: Garchomp\n|move|p1b: Dragonite|Superpower|p2a: Kingambit\n|-supereffective|p2a: Kingambit|2\n|-enditem|p2a: Kingambit|Chople Berry|[eat]\n|-enditem|p2a: Kingambit|Chople Berry|[weaken]\n|-damage|p2a: Kingambit|0 fnt\n|-unboost|p1b: Dragonite|atk|1\n|-unboost|p1b: Dragonite|def|1\n|faint|p2a: Kingambit\n|-damage|p1b: Dragonite|42/100|[from] item: Life Orb\n|\n|-weather|Snowscape|[upkeep]\n|upkeep\n|\n|t:|1788389940\n|switch|p2b: Dragonite|Dragonite, L50, F|100/100\n|switch|p2a: Basculegion|Basculegion, L50, M|100/100\n|turn|4\n|inactive|ilykuronaa has 30 seconds left.\n|\n|t:|1788389967\n|switch|p1a: Swampert|Swampert, L50, M|100/100\n|detailschange|p2b: Dragonite|Dragonite-Mega, L50, F\n|-mega|p2b: Dragonite|Dragonite|Dragoninite\n|move|p2b: Dragonite|Extreme Speed|p1a: Swampert\n|-damage|p1a: Swampert|84/100\n|move|p1b: Dragonite|Extreme Speed|p2b: Dragonite\n|-damage|p2b: Dragonite|86/100\n|-damage|p1b: Dragonite|32/100|[from] item: Life Orb\n|move|p2a: Basculegion|Aqua Jet|p1a: Swampert\n|-damage|p1a: Swampert|55/100\n|-damage|p2a: Basculegion|90/100|[from] item: Life Orb\n|\n|-weather|Snowscape|[upkeep]\n|-heal|p1a: Swampert|61/100|[from] item: Leftovers\n|upkeep\n|turn|5\n|\n|t:|1788389986\n|move|p2b: Dragonite|Dragon Pulse|p1a: Swampert\n|-damage|p1a: Swampert|13/100\n|move|p2a: Basculegion|Last Respects|p1a: Swampert\n|-crit|p1a: Swampert\n|-damage|p1a: Swampert|0 fnt\n|faint|p1a: Swampert\n|-damage|p2a: Basculegion|80/100|[from] item: Life Orb\n|move|p1b: Dragonite|Dragon Claw|p2b: Dragonite\n|-supereffective|p2b: Dragonite|1\n|-damage|p2b: Dragonite|14/100\n|-damage|p1b: Dragonite|22/100|[from] item: Life Orb\n|\n|-weather|Snowscape|[upkeep]\n|upkeep\n|\n|t:|1788389992\n|switch|p1a: Ninetales|Ninetales-Alola, L50, F|100/100\n|turn|6\n|\n|t:|1788390000\n|switch|p1b: Gengar|Gengar-Mega, L50, F, shiny|100/100\n|move|p2b: Dragonite|Extreme Speed|p1a: Ninetales\n|-damage|p1a: Ninetales|80/100\n|move|p2a: Basculegion|Aqua Jet|p1a: Ninetales\n|-damage|p1a: Ninetales|48/100\n|-damage|p2a: Basculegion|71/100|[from] item: Life Orb\n|move|p1a: Ninetales|Blizzard|p2b: Dragonite|[spread] p2a,p2b\n|-resisted|p2a: Basculegion|1\n|-supereffective|p2b: Dragonite|2\n|-damage|p2a: Basculegion|52/100\n|-damage|p2b: Dragonite|0 fnt\n|faint|p2b: Dragonite\n|\n|-weather|none\n|upkeep\n|turn|7\n|\n|t:|1788390015\n|switch|p1a: Dragonite|Dragonite, L50, F|22/100\n|move|p1b: Gengar|Protect|p1b: Gengar\n|-singleturn|p1b: Gengar|Protect\n|move|p2a: Basculegion|Last Respects|p1b: Gengar\n|-activate|p1b: Gengar|move: Protect\n|\n|upkeep\n|turn|8\n|\n|t:|1788390025\n|move|p1b: Gengar|Shadow Ball|p2a: Basculegion\n|-supereffective|p2a: Basculegion|1\n|-damage|p2a: Basculegion|0 fnt\n|faint|p2a: Basculegion\n|\n|win|godoftoasty\n|raw|godoftoasty's rating: 1227 &rarr; <strong>1247</strong><br />(+20 for winning)\n|raw|ilykuronaa's rating: 1154 &rarr; <strong>1134</strong><br />(-20 for losing)\n","uploadtime":1788390025,"views":"3","formatid":"gen9championsvgc2026regmbbo3","rating":1134,"private":0,"password":null}