{"id":"gen9championsvgc2026regmb-2674942864","format":"[Gen 9 Champions] VGC 2026 Reg M-B","players":["LAZERBLASTERMAN","ch5277"],"log":"|j|☆LAZERBLASTERMAN\n|j|☆ch5277\n|t:|1788439734\n|gametype|doubles\n|player|p1|LAZERBLASTERMAN|265|1507\n|player|p2|ch5277|barry|1508\n|gen|9\n|tier|[Gen 9 Champions] VGC 2026 Reg M-B\n|rated|\n|rule|Species Clause: Limit one of each Pokémon\n|rule|Item Clause: Limit 1 of each item\n|clearpoke\n|poke|p1|Gholdengo, L50|\n|poke|p1|Sinistcha-Masterpiece, L50|\n|poke|p1|Basculegion, L50, M|\n|poke|p1|Talonflame, L50, F|\n|poke|p1|Gallade, L50, M|\n|poke|p1|Blastoise, L50, M|\n|poke|p2|Blaziken, L50, F|\n|poke|p2|Ninetales-Alola, L50, M|\n|poke|p2|Kingambit, L50, M|\n|poke|p2|Basculegion, L50, M|\n|poke|p2|Lycanroc-Dusk, L50, F|\n|poke|p2|Venusaur, L50, M|\n|teampreview|4\n|inactive|Battle timer is ON: inactive players will automatically lose when time's up. (requested by ch5277)\n|inactive|LAZERBLASTERMAN also wants the timer to be on.\n|inactive|LAZERBLASTERMAN has 60 seconds left.\n|inactive|ch5277 has 60 seconds left.\n|\n|t:|1788439773\n|teamsize|p1|4\n|teamsize|p2|4\n|start\n|switch|p1a: Sinistcha|Sinistcha-Masterpiece, L50|100/100\n|switch|p1b: Gholdengo|Gholdengo, L50|100/100\n|switch|p2a: Kingambit|Kingambit, L50, M|100/100\n|switch|p2b: Lycanroc|Lycanroc-Dusk, L50, F|100/100\n|turn|1\n|inactive|LAZERBLASTERMAN has 30 seconds left.\n|inactive|ch5277 has 30 seconds left.\n|inactive|ch5277 has 20 seconds left.\n|inactive|ch5277 has 15 seconds left.\n|inactive|ch5277 has 10 seconds left.\n|\n|t:|1788439822\n|move|p2b: Lycanroc|Protect|p2b: Lycanroc\n|-singleturn|p2b: Lycanroc|Protect\n|move|p1b: Gholdengo|Make It Rain|p2a: Kingambit|[spread] p2a\n|-activate|p2b: Lycanroc|move: Protect\n|-resisted|p2a: Kingambit|1\n|-damage|p2a: Kingambit|66/100\n|-unboost|p1b: Gholdengo|spa|2\n|-damage|p1b: Gholdengo|90/100|[from] item: Life Orb\n|move|p2a: Kingambit|Kowtow Cleave|p1b: Gholdengo\n|-supereffective|p1b: Gholdengo|1\n|-damage|p1b: Gholdengo|0 fnt\n|faint|p1b: Gholdengo\n|-damage|p2a: Kingambit|57/100|[from] item: Life Orb\n|move|p1a: Sinistcha|Trick Room|p1a: Sinistcha\n|-fieldstart|move: Trick Room|[of] p1a: Sinistcha\n|\n|upkeep\n|\n|t:|1788439830\n|switch|p1b: Blastoise|Blastoise, L50, M|100/100\n|turn|2\n|inactive|ch5277 has 30 seconds left.\n|inactive|ch5277 has 20 seconds left.\n|\n|t:|1788439869\n|detailschange|p1b: Blastoise|Blastoise-Mega, L50, M\n|-mega|p1b: Blastoise|Blastoise|Blastoisinite\n|move|p1a: Sinistcha|Rage Powder|p1a: Sinistcha\n|-singleturn|p1a: Sinistcha|move: Rage Powder\n|move|p2a: Kingambit|Kowtow Cleave|p1a: Sinistcha\n|-supereffective|p1a: Sinistcha|1\n|-damage|p1a: Sinistcha|0 fnt\n|faint|p1a: Sinistcha\n|-damage|p2a: Kingambit|47/100|[from] item: Life Orb\n|move|p1b: Blastoise|Water Pulse|p2b: Lycanroc\n|-supereffective|p2b: Lycanroc|1\n|-enditem|p2b: Lycanroc|Focus Sash\n|-damage|p2b: Lycanroc|1/100\n|move|p2b: Lycanroc|Rock Slide|p1b: Blastoise\n|-damage|p1b: Blastoise|69/100\n|\n|upkeep\n|\n|t:|1788439881\n|switch|p1a: Basculegion|Basculegion, L50, M|100/100\n|turn|3\n|\n|t:|1788439890\n|move|p1a: Basculegion|Protect|p1a: Basculegion\n|-singleturn|p1a: Basculegion|Protect\n|move|p2a: Kingambit|Sucker Punch||[still]\n|-fail|p2a: Kingambit\n|move|p2b: Lycanroc|Accelerock|p1b: Blastoise\n|-damage|p1b: Blastoise|48/100\n|move|p1b: Blastoise|Aura Sphere|p2a: Kingambit\n|-supereffective|p2a: Kingambit|2\n|-crit|p2a: Kingambit\n|-damage|p2a: Kingambit|0 fnt\n|faint|p2a: Kingambit\n|\n|upkeep\n|inactive|ch5277 has 30 seconds left.\n|inactive|ch5277 has 20 seconds left.\n|\n|t:|1788439926\n|switch|p2a: Venusaur|Venusaur, L50, M|100/100\n|turn|4\n|\n|t:|1788439949\n|detailschange|p2a: Venusaur|Venusaur-Mega, L50, M\n|-mega|p2a: Venusaur|Venusaur|Venusaurite\n|move|p2b: Lycanroc|Accelerock|p1b: Blastoise\n|-damage|p1b: Blastoise|27/100\n|move|p1b: Blastoise|Dark Pulse|p2a: Venusaur\n|-damage|p2a: Venusaur|60/100\n|move|p2a: Venusaur|Giga Drain|p1a: Basculegion\n|-supereffective|p1a: Basculegion|1\n|-damage|p1a: Basculegion|11/100\n|-heal|p2a: Venusaur|100/100|[from] drain|[of] p1a: Basculegion\n|move|p1a: Basculegion|Last Respects|p2a: Venusaur\n|-damage|p2a: Venusaur|23/100\n|\n|upkeep\n|turn|5\n|inactive|ch5277 has 30 seconds left.\n|inactive|LAZERBLASTERMAN has 30 seconds left.\n|inactive|ch5277 has 20 seconds left.\n|inactive|ch5277 has 15 seconds left.\n|\n|t:|1788439993\n|move|p1a: Basculegion|Aqua Jet|p2a: Venusaur\n|-resisted|p2a: Venusaur|1\n|-damage|p2a: Venusaur|11/100\n|move|p2b: Lycanroc|Accelerock|p1a: Basculegion\n|-damage|p1a: Basculegion|0 fnt\n|faint|p1a: Basculegion\n|move|p1b: Blastoise|Water Pulse|p2b: Lycanroc\n|-supereffective|p2b: Lycanroc|1\n|-damage|p2b: Lycanroc|0 fnt\n|faint|p2b: Lycanroc\n|move|p2a: Venusaur|Giga Drain|p1b: Blastoise\n|-supereffective|p1b: Blastoise|1\n|-damage|p1b: Blastoise|0 fnt\n|-heal|p2a: Venusaur|26/100|[from] drain|[of] p1b: Blastoise\n|faint|p1b: Blastoise\n|\n|win|ch5277\n|raw|LAZERBLASTERMAN's rating: 1507 &rarr; <strong>1487</strong><br />(-20 for losing)\n|raw|ch5277's rating: 1508 &rarr; <strong>1528</strong><br />(+20 for winning)\n|l|☆LAZERBLASTERMAN\n|player|p1|\n","uploadtime":1788440015,"views":"1","formatid":"gen9championsvgc2026regmb","rating":1487,"private":0,"password":null}