{"id":"gen9championsvgc2026regmb-2673866778","format":"[Gen 9 Champions] VGC 2026 Reg M-B","players":["gyromate","Soggstar"],"log":"|j|☆gyromate\n|j|☆Soggstar\n|t:|1788270622\n|gametype|doubles\n|player|p1|gyromate|101|1528\n|player|p2|Soggstar|sailor|1436\n|gen|9\n|tier|[Gen 9 Champions] VGC 2026 Reg M-B\n|rated|\n|rule|Species Clause: Limit one of each Pokémon\n|rule|Item Clause: Limit 1 of each item\n|clearpoke\n|poke|p1|Farigiraf, L50, M|\n|poke|p1|Steelix, L50, F, shiny|\n|poke|p1|Tyranitar, L50, M|\n|poke|p1|Venusaur, L50, F|\n|poke|p1|Pelipper, L50, M, shiny|\n|poke|p1|Dragonite, L50, F|\n|poke|p2|Glimmora, L50, F|\n|poke|p2|Tinkaton, L50, F|\n|poke|p2|Gyarados, L50, M|\n|poke|p2|Tsareena, L50, F, shiny|\n|poke|p2|Zoroark-Hisui, L50, M, shiny|\n|poke|p2|Hydreigon, L50, M|\n|teampreview|4\n|inactive|Battle timer is ON: inactive players will automatically lose when time's up. (requested by Soggstar)\n|\n|t:|1788270694\n|teamsize|p1|4\n|teamsize|p2|4\n|start\n|switch|p1a: protect ya neck|Farigiraf, L50, M|100/100\n|switch|p1b: Darude|Tyranitar, L50, M|100/100\n|switch|p2a: Tinkaton|Tinkaton, L50, F|100/100\n|switch|p2b: Tsareena|Tsareena, L50, F, shiny|100/100\n|-weather|Sandstorm|[from] ability: Sand Stream|[of] p1b: Darude\n|-ability|p2a: Tinkaton|Mold Breaker\n|turn|1\n|inactive|gyromate has 30 seconds left.\n|\n|t:|1788270727\n|switch|p1b: Table Butter|Steelix, L50, F, shiny|100/100\n|move|p2a: Tinkaton|Fake Out|p1a: protect ya neck\n|-damage|p1a: protect ya neck|93/100\n|move|p2b: Tsareena|Low Kick|p1b: Table Butter\n|-supereffective|p1b: Table Butter|1\n|-damage|p1b: Table Butter|52/100\n|cant|p1a: protect ya neck|flinch\n|\n|-weather|Sandstorm|[upkeep]\n|-damage|p2b: Tsareena|94/100|[from] Sandstorm\n|-damage|p1a: protect ya neck|87/100|[from] Sandstorm\n|upkeep\n|turn|2\n|inactive|Soggstar has 30 seconds left.\n|inactive|Soggstar has 20 seconds left.\n|inactive|Soggstar has 15 seconds left.\n|\n|t:|1788270770\n|detailschange|p1b: Table Butter|Steelix-Mega, L50, F, shiny\n|-mega|p1b: Table Butter|Steelix|Steelixite\n|move|p1b: Table Butter|Protect|p1b: Table Butter\n|-singleturn|p1b: Table Butter|Protect\n|move|p2b: Tsareena|Low Kick|p1a: protect ya neck\n|-damage|p1a: protect ya neck|60/100\n|move|p2a: Tinkaton|Gigaton Hammer|p1a: protect ya neck\n|-damage|p1a: protect ya neck|23/100\n|-enditem|p1a: protect ya neck|Sitrus Berry|[eat]\n|-heal|p1a: protect ya neck|48/100|[from] item: Sitrus Berry\n|move|p1a: protect ya neck|Trick Room|p1a: protect ya neck\n|-fieldstart|move: Trick Room|[of] p1a: protect ya neck\n|\n|-weather|Sandstorm|[upkeep]\n|-damage|p1a: protect ya neck|41/100|[from] Sandstorm\n|-damage|p2b: Tsareena|88/100|[from] Sandstorm\n|upkeep\n|turn|3\n|inactive|gyromate has 30 seconds left.\n|inactive|Soggstar has 30 seconds left.\n|\n|t:|1788270798\n|move|p2a: Tinkaton|Protect|p2a: Tinkaton\n|-singleturn|p2a: Tinkaton|Protect\n|move|p1b: Table Butter|Heavy Slam|p2b: Tsareena\n|-damage|p2b: Tsareena|0 fnt\n|faint|p2b: Tsareena\n|move|p1a: protect ya neck|Thunderbolt|p2a: Tinkaton\n|-activate|p2a: Tinkaton|move: Protect\n|\n|-weather|Sandstorm|[upkeep]\n|-damage|p1a: protect ya neck|35/100|[from] Sandstorm\n|upkeep\n|\n|t:|1788270806\n|switch|p2b: Hydreigon|Hydreigon, L50, M|100/100\n|turn|4\n|\n|t:|1788270823\n|switch|p2a: Hydreigon|Hydreigon, L50, M|100/100\n|move|p1a: protect ya neck|Helping Hand|p1b: Table Butter\n|-singleturn|p1b: Table Butter|Helping Hand|[of] p1a: protect ya neck\n|move|p1b: Table Butter|Heavy Slam|p2b: Hydreigon\n|-enditem|p2b: Hydreigon|Focus Sash\n|-damage|p2b: Hydreigon|1/100\n|replace|p2b: Zoroark|Zoroark-Hisui, L50, M, shiny\n|-end|p2b: Zoroark|Illusion\n|move|p2b: Zoroark|Flamethrower|p1b: Table Butter\n|-supereffective|p1b: Table Butter|1\n|-damage|p1b: Table Butter|0 fnt\n|faint|p1b: Table Butter\n|\n|-weather|Sandstorm|[upkeep]\n|-damage|p1a: protect ya neck|29/100|[from] Sandstorm\n|-damage|p2a: Hydreigon|94/100|[from] Sandstorm\n|-damage|p2b: Zoroark|0 fnt|[from] Sandstorm\n|faint|p2b: Zoroark\n|upkeep\n|inactive|gyromate has 30 seconds left.\n|\n|t:|1788270851\n|switch|p1b: Darude|Tyranitar, L50, M|100/100\n|switch|p2b: Tinkaton|Tinkaton, L50, F|100/100\n|-ability|p2b: Tinkaton|Mold Breaker\n|turn|5\n|\n|t:|1788270874\n|move|p1a: protect ya neck|Helping Hand|p1b: Darude\n|-singleturn|p1b: Darude|Helping Hand|[of] p1a: protect ya neck\n|move|p2b: Tinkaton|Fake Out|p1b: Darude\n|-resisted|p1b: Darude|1\n|-crit|p1b: Darude\n|-damage|p1b: Darude|93/100\n|move|p2a: Hydreigon|Dark Pulse|p1a: protect ya neck\n|-supereffective|p1a: protect ya neck|1\n|-damage|p1a: protect ya neck|0 fnt\n|faint|p1a: protect ya neck\n|cant|p1b: Darude|flinch\n|\n|-weather|none\n|upkeep\n|\n|t:|1788270887\n|switch|p1a: Peeko Bellic|Pelipper, L50, M, shiny|100/100\n|-weather|RainDance|[from] ability: Drizzle|[of] p1a: Peeko Bellic\n|turn|6\n|\n|t:|1788270903\n|move|p2b: Tinkaton|Protect|p2b: Tinkaton\n|-singleturn|p2b: Tinkaton|Protect\n|move|p2a: Hydreigon|Protect|p2a: Hydreigon\n|-singleturn|p2a: Hydreigon|Protect\n|move|p1a: Peeko Bellic|Tailwind|p1a: Peeko Bellic\n|-sidestart|p1: gyromate|move: Tailwind\n|move|p1b: Darude|Superpower|p2a: Hydreigon\n|-activate|p2a: Hydreigon|move: Protect\n|\n|-weather|RainDance|[upkeep]\n|-fieldend|move: Trick Room\n|upkeep\n|turn|7\n|\n|t:|1788270923\n|move|p1b: Darude|Superpower|p2a: Hydreigon\n|-supereffective|p2a: Hydreigon|1\n|-crit|p2a: Hydreigon\n|-enditem|p2a: Hydreigon|Chople Berry|[eat]\n|-enditem|p2a: Hydreigon|Chople Berry|[weaken]\n|-damage|p2a: Hydreigon|29/100\n|-unboost|p1b: Darude|atk|1\n|-unboost|p1b: Darude|def|1\n|move|p1a: Peeko Bellic|Weather Ball|p2a: Hydreigon\n|-resisted|p2a: Hydreigon|1\n|-damage|p2a: Hydreigon|0 fnt\n|faint|p2a: Hydreigon\n|move|p2b: Tinkaton|Gigaton Hammer|p1b: Darude\n|-supereffective|p1b: Darude|1\n|-damage|p1b: Darude|0 fnt\n|faint|p1b: Darude\n|\n|-weather|RainDance|[upkeep]\n|upkeep\n|turn|8\n|\n|t:|1788270940\n|move|p2b: Tinkaton|Protect|p2b: Tinkaton\n|-singleturn|p2b: Tinkaton|Protect\n|move|p1a: Peeko Bellic|Weather Ball|p2b: Tinkaton\n|-activate|p2b: Tinkaton|move: Protect\n|\n|-weather|RainDance|[upkeep]\n|upkeep\n|turn|9\n|\n|t:|1788270951\n|move|p1a: Peeko Bellic|Weather Ball|p2b: Tinkaton\n|-damage|p2b: Tinkaton|39/100\n|-enditem|p2b: Tinkaton|Sitrus Berry|[eat]\n|-heal|p2b: Tinkaton|64/100|[from] item: Sitrus Berry\n|move|p2b: Tinkaton|Gigaton Hammer|p1a: Peeko Bellic\n|-resisted|p1a: Peeko Bellic|1\n|-damage|p1a: Peeko Bellic|75/100\n|\n|-weather|RainDance|[upkeep]\n|-sideend|p1: gyromate|move: Tailwind\n|upkeep\n|turn|10\n|\n|t:|1788270965\n|move|p2b: Tinkaton|Encore|p1a: Peeko Bellic\n|-start|p1a: Peeko Bellic|Encore\n|move|p1a: Peeko Bellic|Weather Ball|p2b: Tinkaton\n|-damage|p2b: Tinkaton|0 fnt\n|faint|p2b: Tinkaton\n|\n|win|gyromate\n|raw|gyromate's rating: 1528 &rarr; <strong>1543</strong><br />(+15 for winning)\n|raw|Soggstar's rating: 1436 &rarr; <strong>1421</strong><br />(-15 for losing)\n|l|☆Soggstar\n|player|p2|\n","uploadtime":1788270977,"views":"1","formatid":"gen9championsvgc2026regmb","rating":1421,"private":0,"password":null}