{"id":"gen9championsvgc2026regmbbo3-2673506318","format":"[Gen 9 Champions] VGC 2026 Reg M-B (Bo3)","players":["ursear_vgc","Nidokingdra"],"log":"|j|☆ursear_vgc\n|j|☆Nidokingdra\n|html|<table width=\"100%\"><tr><td align=\"left\">ursear_vgc</td><td align=\"right\">Nidokingdra</tr><tr><td align=\"left\"><i class=\"fa fa-circle\"></i> <i class=\"fa fa-circle-o\"></i> </td><td align=\"right\"><i class=\"fa fa-circle-o\"></i> <i class=\"fa fa-circle\"></i> </tr></table>\n|uhtml|bestof|<h2><strong>Game 3</strong> of <a href=\"/game-bestof3-gen9championsvgc2026regmbbo3-2673500177\">a best-of-3</a></h2>\n|t:|1788206047\n|gametype|doubles\n|player|p1|ursear_vgc|giovanni|1178\n|player|p2|Nidokingdra|102|1036\n|gen|9\n|tier|[Gen 9 Champions] VGC 2026 Reg M-B (Bo3)\n|rated|\n|rule|Species Clause: Limit one of each Pokémon\n|rule|Item Clause: Limit 1 of each item\n|clearpoke\n|poke|p1|Gengar, L50, M|\n|poke|p1|Archaludon, L50, M|\n|poke|p1|Politoed, L50, F|\n|poke|p1|Swampert, L50, M|\n|poke|p1|Vivillon-Fancy, L50, M|\n|poke|p1|Incineroar, L50, F|\n|poke|p2|Garchomp, L50, M|\n|poke|p2|Tyranitar, L50, M|\n|poke|p2|Sinistcha, L50|\n|poke|p2|Rotom-Wash, L50|\n|poke|p2|Overqwil, L50, F|\n|poke|p2|Skarmory, L50, F|\n|teampreview|4\n|showteam|p1|Gengar||Gengarite|CursedBody|ShadowBall,SludgeBomb,PerishSong,Protect|Modest||M|||50|]Archaludon||Leftovers|Stamina|ElectroShot,DragonPulse,FlashCannon,Protect|Bold||M|||50|]Politoed||SitrusBerry|Drizzle|WeatherBall,Hypnosis,PerishSong,Protect|Calm||F|||50|]Swampert||Swampertite|Torrent|WaveCrash,Earthquake,IcePunch,Protect|Adamant||M|||50|]Vivillon-Fancy||FocusSash|CompoundEyes|Hurricane,SleepPowder,RagePowder,Protect|Timid||M|||50|]Incineroar||PasshoBerry|Intimidate|ThroatChop,FakeOut,PartingShot,Protect|Impish||F|||50|\n|showteam|p2|Garchomp||SoftSand|RoughSkin|Earthquake,RockSlide,DragonClaw,Protect|Jolly||M|||50|]Tyranitar||Tyranitarite|SandStream|RockSlide,FirePunch,Protect,KnockOff|Adamant||M|||50|]Sinistcha||SitrusBerry|Hospitality|RagePowder,MatchaGotcha,TrickRoom,Protect|Relaxed|||||50|]Rotom-Wash||Leftovers|Levitate|VoltSwitch,Discharge,HydroPump,WillOWisp|Modest|||||50|]Overqwil||LifeOrb|Intimidate|Crunch,PoisonJab,AquaJet,Protect|Jolly||F|||50|]Skarmory||Skarmorite|KeenEye|BodyPress,Protect,Roost,BraveBird|Jolly||F|||50|\n|\n|t:|1788206075\n|teamsize|p1|4\n|teamsize|p2|4\n|start\n|switch|p1a: Gengar|Gengar, L50, M|100/100\n|switch|p1b: Incineroar|Incineroar, L50, F|100/100\n|switch|p2a: Garchomp|Garchomp, L50, M|100/100\n|switch|p2b: Rotom|Rotom-Wash, L50|100/100\n|-ability|p1b: Incineroar|Intimidate|boost\n|-unboost|p2a: Garchomp|atk|1\n|-unboost|p2b: Rotom|atk|1\n|turn|1\n|\n|t:|1788206095\n|detailschange|p1a: Gengar|Gengar-Mega, L50, M\n|-mega|p1a: Gengar|Gengar|Gengarite\n|move|p1b: Incineroar|Fake Out|p2a: Garchomp\n|-damage|p2a: Garchomp|88/100\n|-damage|p1b: Incineroar|87/100|[from] ability: Rough Skin|[of] p2a: Garchomp\n|cant|p2a: Garchomp|flinch\n|move|p1a: Gengar|Perish Song|p1a: Gengar\n|-start|p1a: Gengar|perish3|[silent]\n|-start|p1b: Incineroar|perish3|[silent]\n|-start|p2a: Garchomp|perish3|[silent]\n|-start|p2b: Rotom|perish3|[silent]\n|-fieldactivate|move: Perish Song\n|move|p2b: Rotom|Volt Switch|p1a: Gengar\n|-damage|p1a: Gengar|70/100\n|\n|t:|1788206109\n|switch|p2b: Sinistcha|Sinistcha, L50|100/100|[from] Volt Switch\n|-heal|p2a: Garchomp|100/100|[from] ability: Hospitality|[of] p2b: Sinistcha\n|\n|-start|p2a: Garchomp|perish3\n|-start|p1a: Gengar|perish3\n|-start|p1b: Incineroar|perish3\n|upkeep\n|turn|2\n|\n|t:|1788206135\n|switch|p1a: Vivillon|Vivillon-Fancy, L50, M|100/100\n|switch|p2b: Rotom|Rotom-Wash, L50|100/100\n|move|p2a: Garchomp|Earthquake|p1a: Vivillon|[spread] p1b\n|-immune|p2b: Rotom|[from] ability: Levitate\n|-immune|p1a: Vivillon\n|-supereffective|p1b: Incineroar|1\n|-damage|p1b: Incineroar|42/100\n|move|p1b: Incineroar|Parting Shot|p2a: Garchomp\n|-unboost|p2a: Garchomp|atk|1\n|-unboost|p2a: Garchomp|spa|1\n|\n|t:|1788206151\n|switch|p1b: Gengar|Gengar-Mega, L50, M|70/100|[from] Parting Shot\n|\n|-start|p2a: Garchomp|perish2\n|upkeep\n|turn|3\n|\n|t:|1788206167\n|switch|p1a: Incineroar|Incineroar, L50, F|42/100\n|-ability|p1a: Incineroar|Intimidate|boost\n|-unboost|p2a: Garchomp|atk|1\n|-unboost|p2b: Rotom|atk|1\n|move|p1b: Gengar|Protect|p1b: Gengar\n|-singleturn|p1b: Gengar|Protect\n|move|p2a: Garchomp|Earthquake|p1b: Gengar|[spread] p1a\n|-activate|p1b: Gengar|move: Protect\n|-immune|p2b: Rotom|[from] ability: Levitate\n|-supereffective|p1a: Incineroar|1\n|-damage|p1a: Incineroar|12/100\n|move|p2b: Rotom|Discharge|p1b: Gengar|[spread] p1a\n|-activate|p1b: Gengar|move: Protect\n|-immune|p2a: Garchomp\n|-damage|p1a: Incineroar|0 fnt\n|faint|p1a: Incineroar\n|\n|-start|p2a: Garchomp|perish1\n|upkeep\n|\n|t:|1788206189\n|switch|p1a: Vivillon|Vivillon-Fancy, L50, M|100/100\n|turn|4\n|\n|t:|1788206223\n|switch|p1b: Politoed|Politoed, L50, F|100/100\n|-weather|RainDance|[from] ability: Drizzle|[of] p1b: Politoed\n|move|p2a: Garchomp|Rock Slide|p1a: Vivillon|[spread] p1a,p1b\n|-supereffective|p1a: Vivillon|2\n|-damage|p1a: Vivillon|36/100\n|-damage|p1b: Politoed|92/100\n|move|p1a: Vivillon|Sleep Powder|p2b: Rotom\n|-status|p2b: Rotom|slp|[from] move: Sleep Powder\n|cant|p2b: Rotom|slp\n|\n|-weather|RainDance|[upkeep]\n|-start|p2a: Garchomp|perish0\n|upkeep\n|faint|p2a: Garchomp\n|\n|t:|1788206234\n|switch|p2a: Tyranitar|Tyranitar, L50, M|100/100\n|-weather|Sandstorm|[from] ability: Sand Stream|[of] p2a: Tyranitar\n|turn|5\n|\n|t:|1788206242\n|switch|p1b: Gengar|Gengar-Mega, L50, M|70/100\n|move|p1a: Vivillon|Sleep Powder|p2a: Tyranitar\n|-status|p2a: Tyranitar|slp|[from] move: Sleep Powder\n|cant|p2b: Rotom|slp\n|cant|p2a: Tyranitar|slp\n|\n|-weather|Sandstorm|[upkeep]\n|-damage|p1b: Gengar|64/100|[from] Sandstorm\n|-damage|p1a: Vivillon|30/100|[from] Sandstorm\n|-damage|p2b: Rotom|93/100 slp|[from] Sandstorm\n|-heal|p2b: Rotom|100/100 slp|[from] item: Leftovers\n|upkeep\n|turn|6\n|\n|t:|1788206265\n|move|p1a: Vivillon|Rage Powder|p1a: Vivillon\n|-singleturn|p1a: Vivillon|move: Rage Powder\n|move|p1b: Gengar|Perish Song|p1b: Gengar\n|-start|p1a: Vivillon|perish3|[silent]\n|-start|p1b: Gengar|perish3|[silent]\n|-start|p2a: Tyranitar|perish3|[silent]\n|-start|p2b: Rotom|perish3|[silent]\n|-fieldactivate|move: Perish Song\n|-curestatus|p2b: Rotom|slp|[msg]\n|move|p2b: Rotom|Volt Switch|p1a: Vivillon\n|-supereffective|p1a: Vivillon|1\n|-damage|p1a: Vivillon|0 fnt\n|faint|p1a: Vivillon\n|\n|t:|1788206271\n|switch|p2b: Sinistcha|Sinistcha, L50|100/100|[from] Volt Switch\n|cant|p2a: Tyranitar|slp\n|\n|-weather|Sandstorm|[upkeep]\n|-damage|p1b: Gengar|58/100|[from] Sandstorm\n|-damage|p2b: Sinistcha|93/100|[from] Sandstorm\n|-start|p1b: Gengar|perish3\n|-start|p2a: Tyranitar|perish3\n|upkeep\n|\n|t:|1788206281\n|switch|p1a: Politoed|Politoed, L50, F|92/100\n|-weather|RainDance|[from] ability: Drizzle|[of] p1a: Politoed\n|turn|7\n|inactive|Battle timer is ON: inactive players will automatically lose when time's up. (requested by ursear_vgc)\n|\n|t:|1788206319\n|detailschange|p2a: Tyranitar|Tyranitar-Mega, L50, M\n|-mega|p2a: Tyranitar|Tyranitar|Tyranitarite\n|-weather|Sandstorm|[from] ability: Sand Stream|[of] p2a: Tyranitar\n|move|p2b: Sinistcha|Protect|p2b: Sinistcha\n|-singleturn|p2b: Sinistcha|Protect\n|move|p1b: Gengar|Shadow Ball|p2b: Sinistcha\n|-activate|p2b: Sinistcha|move: Protect\n|-curestatus|p2a: Tyranitar|slp|[msg]\n|move|p2a: Tyranitar|Knock Off|p1a: Politoed\n|-damage|p1a: Politoed|28/100\n|-enditem|p1a: Politoed|Sitrus Berry|[from] move: Knock Off|[of] p2a: Tyranitar\n|move|p1a: Politoed|Weather Ball|p2a: Tyranitar\n|-damage|p2a: Tyranitar|88/100\n|\n|-weather|Sandstorm|[upkeep]\n|-damage|p1b: Gengar|52/100|[from] Sandstorm\n|-damage|p1a: Politoed|21/100|[from] Sandstorm\n|-damage|p2b: Sinistcha|87/100|[from] Sandstorm\n|-start|p1b: Gengar|perish2\n|-start|p2a: Tyranitar|perish2\n|upkeep\n|turn|8\n|c|☆Nidokingdra|Gg\n|inactive|ursear_vgc has 30 seconds left.\n|inactive|Nidokingdra has 30 seconds left.\n|-message|ursear_vgc forfeited.\n|raw|ursear_vgc's rating: 1178 &rarr; <strong>1143</strong><br />(-35 for losing)\n|raw|Nidokingdra's rating: 1036 &rarr; <strong>1084</strong><br />(+48 for winning)\n|\n|win|Nidokingdra\n","uploadtime":1788206361,"views":"23","formatid":"gen9championsvgc2026regmbbo3","rating":1084,"private":0,"password":null}