{"id":"gen9championsvgc2026regmbbo3-2674764079","format":"[Gen 9 Champions] VGC 2026 Reg M-B (Bo3)","players":["fertpaet","Veepr"],"log":"|j|☆fertpaet\n|j|☆Veepr\n|html|<table width=\"100%\"><tr><td align=\"left\">fertpaet</td><td align=\"right\">Veepr</tr><tr><td align=\"left\"><i class=\"fa fa-circle-o\"></i> <i class=\"fa fa-circle-o\"></i> </td><td align=\"right\"><i class=\"fa fa-circle-o\"></i> <i class=\"fa fa-circle\"></i> </tr></table>\n|uhtml|bestof|<h2><strong>Game 2</strong> of <a href=\"/game-bestof3-gen9championsvgc2026regmbbo3-2674761638\">a best-of-3</a></h2>\n|t:|1788402502\n|gametype|doubles\n|player|p1|fertpaet|cynthia|\n|player|p2|Veepr|lyra|\n|gen|9\n|tier|[Gen 9 Champions] VGC 2026 Reg M-B (Bo3)\n|rule|Species Clause: Limit one of each Pokémon\n|rule|Item Clause: Limit 1 of each item\n|raw|<div class=\"infobox\"><details class=\"readmore\" open><summary><strong>1 custom rule:</strong></summary> !Force Open Team Sheets</details></div>\n|clearpoke\n|poke|p1|Sableye, L50, F, shiny|\n|poke|p1|Swampert, L50, M|\n|poke|p1|Garchomp, L50, F|\n|poke|p1|Roserade, L50, M|\n|poke|p1|Overqwil, L50, F|\n|poke|p1|Arcanine-Hisui, L50, F|\n|poke|p2|Sinistcha, L50|\n|poke|p2|Glaceon, L50, M|\n|poke|p2|Vanilluxe, L50, F|\n|poke|p2|Mudsdale, L50, M|\n|poke|p2|Blaziken, L50, F|\n|poke|p2|Mimikyu, L50, M, shiny|\n|teampreview|4\n|\n|t:|1788402582\n|teamsize|p1|4\n|teamsize|p2|4\n|start\n|switch|p1a: Redditor|Sableye, L50, F, shiny|100/100\n|switch|p1b: Thing|Overqwil, L50, F|100/100\n|switch|p2a: Big Sippy|Sinistcha, L50|100/100\n|switch|p2b: Tango|Vanilluxe, L50, F|100/100\n|-weather|Snowscape|[from] ability: Snow Warning|[of] p2b: Tango\n|turn|1\n|\n|t:|1788402599\n|move|p2a: Big Sippy|Rage Powder|p2a: Big Sippy\n|-singleturn|p2a: Big Sippy|move: Rage Powder\n|move|p1a: Redditor|Rain Dance|p1a: Redditor\n|-weather|RainDance\n|move|p1b: Thing|Toxic Spikes|p2a: Big Sippy\n|-sidestart|p2: Veepr|move: Toxic Spikes\n|move|p2b: Tango|Aurora Veil||[still]\n|-fail|p2b: Tango\n|\n|-weather|RainDance|[upkeep]\n|upkeep\n|turn|2\n|\n|t:|1788402654\n|move|p1a: Redditor|Protect|p1a: Redditor\n|-singleturn|p1a: Redditor|Protect\n|move|p2a: Big Sippy|Rage Powder|p2a: Big Sippy\n|-singleturn|p2a: Big Sippy|move: Rage Powder\n|move|p1b: Thing|Gunk Shot|p2a: Big Sippy\n|-damage|p2a: Big Sippy|29/100\n|-enditem|p2a: Big Sippy|Sitrus Berry|[eat]\n|-heal|p2a: Big Sippy|53/100|[from] item: Sitrus Berry\n|-damage|p1b: Thing|90/100|[from] item: Life Orb\n|move|p2b: Tango|Flash Cannon|p1b: Thing\n|-damage|p1b: Thing|57/100\n|\n|-weather|RainDance|[upkeep]\n|upkeep\n|turn|3\n|\n|t:|1788402704\n|move|p1a: Redditor|Quash|p2b: Tango\n|-activate|p2b: Tango|move: Quash\n|move|p1b: Thing|Gunk Shot|p2b: Tango\n|-damage|p2b: Tango|24/100\n|-status|p2b: Tango|psn\n|-damage|p1b: Thing|47/100|[from] item: Life Orb\n|move|p2a: Big Sippy|Matcha Gotcha|p1a: Redditor|[spread] p1a,p1b\n|-resisted|p1b: Thing|1\n|-damage|p1a: Redditor|65/100\n|-heal|p2a: Big Sippy|66/100|[from] drain|[of] p1a: Redditor\n|-damage|p1b: Thing|31/100\n|-heal|p2a: Big Sippy|75/100|[from] drain|[of] p1b: Thing\n|move|p2b: Tango|Blizzard|p1b: Thing|[spread] p1a,p1b\n|-damage|p1a: Redditor|17/100\n|-damage|p1b: Thing|0 fnt\n|-status|p1a: Redditor|frz\n|faint|p1b: Thing\n|\n|-weather|RainDance|[upkeep]\n|-damage|p2b: Tango|12/100 psn|[from] psn\n|upkeep\n|\n|t:|1788402725\n|switch|p1b: Slop|Swampert, L50, M|100/100\n|turn|4\n|\n|t:|1788402755\n|detailschange|p1b: Slop|Swampert-Mega, L50, M\n|-mega|p1b: Slop|Swampert|Swampertite\n|cant|p1a: Redditor|frz\n|move|p2a: Big Sippy|Rage Powder|p2a: Big Sippy\n|-singleturn|p2a: Big Sippy|move: Rage Powder\n|move|p1b: Slop|Ice Punch|p2a: Big Sippy\n|-supereffective|p2a: Big Sippy|1\n|-damage|p2a: Big Sippy|22/100\n|move|p2b: Tango|Freeze-Dry|p1b: Slop\n|-supereffective|p1b: Slop|2\n|-damage|p1b: Slop|1/100\n|\n|-weather|RainDance|[upkeep]\n|-damage|p2b: Tango|0 fnt|[from] psn\n|faint|p2b: Tango\n|upkeep\n|\n|t:|1788402774\n|switch|p2b: Haku|Mimikyu, L50, M, shiny|100/100\n|-status|p2b: Haku|psn\n|turn|5\n|\n|t:|1788402794\n|move|p2a: Big Sippy|Rage Powder|p2a: Big Sippy\n|-singleturn|p2a: Big Sippy|move: Rage Powder\n|cant|p1a: Redditor|frz\n|move|p1b: Slop|Rock Slide|p2b: Haku|[spread] p2a,p2b\n|-damage|p2a: Big Sippy|1/100\n|-activate|p2b: Haku|ability: Disguise\n|-damage|p2b: Haku|100/100 psn\n|detailschange|p2b: Haku|Mimikyu-Busted, L50, M, shiny\n|-damage|p2b: Haku|87/100 psn|[from] pokemon: Mimikyu-Busted\n|move|p2b: Haku|Trick Room|p2b: Haku\n|-fieldstart|move: Trick Room|[of] p2b: Haku\n|\n|-weather|none\n|-damage|p2b: Haku|75/100 psn|[from] psn\n|upkeep\n|turn|6\n|\n|t:|1788402823\n|-curestatus|p1a: Redditor|frz|[msg]\n|move|p1a: Redditor|Quash|p2b: Haku\n|-activate|p2b: Haku|move: Quash\n|move|p2a: Big Sippy|Matcha Gotcha|p1a: Redditor|[spread] p1a,p1b\n|-supereffective|p1b: Slop|2\n|-damage|p1a: Redditor|0 fnt\n|-heal|p2a: Big Sippy|7/100|[from] drain|[of] p1a: Redditor\n|-damage|p1b: Slop|0 fnt\n|-heal|p2a: Big Sippy|8/100|[from] drain|[of] p1b: Slop\n|faint|p1a: Redditor\n|faint|p1b: Slop\n|move|p2b: Haku|Shadow Claw|p1: Redditor|[notarget]\n|-fail|p2b: Haku\n|\n|-damage|p2b: Haku|63/100 psn|[from] psn\n|upkeep\n|\n|t:|1788402846\n|switch|p1a: Bailiff|Garchomp, L50, F|100/100\n|turn|7\n|\n|t:|1788402862\n|move|p2a: Big Sippy|Matcha Gotcha|p1a: Bailiff\n|-damage|p1a: Bailiff|65/100\n|-heal|p2a: Big Sippy|26/100|[from] drain|[of] p1a: Bailiff\n|move|p2b: Haku|Shadow Claw|p1a: Bailiff\n|-damage|p1a: Bailiff|38/100\n|-damage|p2b: Haku|50/100g psn|[from] ability: Rough Skin|[of] p1a: Bailiff\n|move|p1a: Bailiff|Earthquake|p2b: Haku|[spread] p2a,p2b\n|-resisted|p2a: Big Sippy|1\n|-damage|p2a: Big Sippy|6/100\n|-damage|p2b: Haku|6/100 psn\n|\n|-damage|p2b: Haku|0 fnt|[from] psn\n|faint|p2b: Haku\n|upkeep\n|\n|t:|1788402883\n|switch|p2b: Stalwart|Mudsdale, L50, M|100/100\n|-status|p2b: Stalwart|psn\n|turn|8\n|\n|t:|1788402898\n|move|p2a: Big Sippy|Rage Powder|p2a: Big Sippy\n|-singleturn|p2a: Big Sippy|move: Rage Powder\n|move|p2b: Stalwart|High Horsepower|p1a: Bailiff\n|-damage|p1a: Bailiff|0 fnt\n|-damage|p2b: Stalwart|87/100 psn|[from] ability: Rough Skin|[of] p1a: Bailiff\n|faint|p1a: Bailiff\n|\n|win|Veepr\n","uploadtime":1788402910,"views":"8","formatid":"gen9championsvgc2026regmbbo3","rating":null,"private":0,"password":null}