{"id":"gen9championsvgc2026regmbbo3-2674464738","format":"[Gen 9 Champions] VGC 2026 Reg M-B (Bo3)","players":["simioini","CulantroVGC"],"log":"|j|☆simioini\n|j|☆CulantroVGC\n|html|<table width=\"100%\"><tr><td align=\"left\">simioini</td><td align=\"right\">CulantroVGC</tr><tr><td align=\"left\"><i class=\"fa fa-circle-o\"></i> <i class=\"fa fa-circle-o\"></i> </td><td align=\"right\"><i class=\"fa fa-circle-o\"></i> <i class=\"fa fa-circle\"></i> </tr></table>\n|uhtml|bestof|<h2><strong>Game 2</strong> of <a href=\"/game-bestof3-gen9championsvgc2026regmbbo3-2674462747\">a best-of-3</a></h2>\n|t:|1788362950\n|gametype|doubles\n|player|p1|simioini|101|1361\n|player|p2|CulantroVGC|1|1327\n|gen|9\n|tier|[Gen 9 Champions] VGC 2026 Reg M-B (Bo3)\n|rated|\n|rule|Species Clause: Limit one of each Pokémon\n|rule|Item Clause: Limit 1 of each item\n|clearpoke\n|poke|p1|Charizard, L50, F|\n|poke|p1|Whimsicott, L50, M|\n|poke|p1|Garchomp, L50, F|\n|poke|p1|Floette-Eternal, L50, F|\n|poke|p1|Kingambit, L50, F|\n|poke|p1|Basculegion, L50, M|\n|poke|p2|Farigiraf, L50, M|\n|poke|p2|Kangaskhan, L50, F|\n|poke|p2|Aerodactyl, L50, F|\n|poke|p2|Sylveon, L50, M, shiny|\n|poke|p2|Camerupt, L50, M, shiny|\n|poke|p2|Gallade, L50, M|\n|teampreview|4\n|showteam|p1|Charizard||CharizarditeY|Blaze|HeatWave,WeatherBall,AncientPower,Protect|Timid||F|||50|]Whimsicott||FocusSash|Prankster|Moonblast,Tailwind,Encore,Protect|Timid||M|||50|]Garchomp||SitrusBerry|RoughSkin|Earthquake,DragonClaw,RockSlide,Protect|Jolly||F|||50|]Floette-Eternal||Floettite|FlowerVeil|DazzlingGleam,Moonblast,LightofRuin,Protect|Modest||F|||50|]Kingambit||OccaBerry|Defiant|KowtowCleave,IronHead,SuckerPunch,LowKick|Adamant||F|||50|]Basculegion||LifeOrb|Adaptability|WaveCrash,LastRespects,AquaJet,Protect|Adamant||M|||50|\n|showteam|p2|Farigiraf||SitrusBerry|ArmorTail|Psychic,Thunderbolt,TrickRoom,HelpingHand|Bold||M|||50|]Kangaskhan||LifeOrb|Scrappy|FakeOut,IcePunch,DoubleEdge,HammerArm|Adamant||F|||50|]Aerodactyl||Aerodactylite|Unnerve|RockSlide,IceFang,DualWingbeat,Tailwind|Adamant||F|||50|]Sylveon||FairyFeather|Pixilate|HyperVoice,HyperBeam,Moonblast,Protect|Modest||M|||50|]Camerupt||Cameruptite|SolidRock|HeatWave,EarthPower,AncientPower,Protect|Quiet||M|||50|]Gallade||FocusSash|Sharpness|SacredSword,LeafBlade,PsychoCut,Protect|Adamant||M|||50|\n|inactive|Battle timer is ON: inactive players will automatically lose when time's up. (requested by CulantroVGC)\n|\n|t:|1788362974\n|teamsize|p1|4\n|teamsize|p2|4\n|start\n|switch|p1a: Basculegion|Basculegion, L50, M|100/100\n|switch|p1b: Floette|Floette-Eternal, L50, F|100/100\n|switch|p2a: Kangaskhan|Kangaskhan, L50, F|100/100\n|switch|p2b: Farigiraf|Farigiraf, L50, M|100/100\n|turn|1\n|\n|t:|1788362991\n|detailschange|p1b: Floette|Floette-Mega, L50, F\n|-mega|p1b: Floette|Floette|Floettite\n|-ability|p1b: Floette|Fairy Aura\n|move|p2a: Kangaskhan|Fake Out|p1b: Floette\n|-damage|p1b: Floette|69/100\n|-damage|p2a: Kangaskhan|90/100|[from] item: Life Orb\n|cant|p1b: Floette|flinch\n|move|p1a: Basculegion|Wave Crash|p2b: Farigiraf\n|-damage|p2b: Farigiraf|21/100\n|-enditem|p2b: Farigiraf|Sitrus Berry|[eat]\n|-heal|p2b: Farigiraf|45/100|[from] item: Sitrus Berry\n|-damage|p1a: Basculegion|69/100|[from] Recoil\n|-damage|p1a: Basculegion|60/100|[from] item: Life Orb\n|move|p2b: Farigiraf|Trick Room|p2b: Farigiraf\n|-fieldstart|move: Trick Room|[of] p2b: Farigiraf\n|\n|upkeep\n|turn|2\n|inactive|simioini has 30 seconds left.\n|inactive|CulantroVGC has 30 seconds left.\n|\n|t:|1788363026\n|switch|p2b: Sylveon|Sylveon, L50, M, shiny|100/100\n|move|p1b: Floette|Protect|p1b: Floette\n|-singleturn|p1b: Floette|Protect\n|move|p2a: Kangaskhan|Double-Edge|p1a: Basculegion\n|-damage|p1a: Basculegion|0 fnt\n|faint|p1a: Basculegion\n|-damage|p2a: Kangaskhan|70/100|[from] Recoil\n|-damage|p2a: Kangaskhan|61/100|[from] item: Life Orb\n|\n|upkeep\n|\n|t:|1788363037\n|switch|p1a: Kingambit|Kingambit, L50, F|100/100\n|turn|3\n|inactive|CulantroVGC has 30 seconds left.\n|inactive|CulantroVGC has 20 seconds left.\n|\n|t:|1788363076\n|switch|p1b: Whimsicott|Whimsicott, L50, M|100/100\n|move|p2b: Sylveon|Hyper Voice|p1b: Whimsicott|[spread] p1a,p1b\n|-damage|p1a: Kingambit|50/100y\n|-damage|p1b: Whimsicott|21/100\n|move|p1a: Kingambit|Iron Head|p2b: Sylveon\n|-supereffective|p2b: Sylveon|1\n|-damage|p2b: Sylveon|0 fnt\n|faint|p2b: Sylveon\n|move|p2a: Kangaskhan|Hammer Arm|p1a: Kingambit\n|-supereffective|p1a: Kingambit|2\n|-damage|p1a: Kingambit|0 fnt\n|-unboost|p2a: Kangaskhan|spe|1\n|faint|p1a: Kingambit\n|-damage|p2a: Kangaskhan|51/100|[from] item: Life Orb\n|\n|upkeep\n|\n|t:|1788363090\n|switch|p2b: Camerupt|Camerupt, L50, M, shiny|100/100\n|switch|p1a: Floette|Floette-Mega, L50, F|69/100\n|-ability|p1a: Floette|Fairy Aura\n|turn|4\n|\n|t:|1788363106\n|detailschange|p2b: Camerupt|Camerupt-Mega, L50, M, shiny\n|-mega|p2b: Camerupt|Camerupt|Cameruptite\n|move|p2b: Camerupt|Earth Power|p1a: Floette\n|-damage|p1a: Floette|16/100\n|move|p2a: Kangaskhan|Ice Punch|p1b: Whimsicott\n|-supereffective|p1b: Whimsicott|1\n|-damage|p1b: Whimsicott|0 fnt\n|faint|p1b: Whimsicott\n|-damage|p2a: Kangaskhan|42/100|[from] item: Life Orb\n|move|p1a: Floette|Dazzling Gleam|p2a: Kangaskhan|[spread] p2a,p2b\n|-resisted|p2b: Camerupt|1\n|-crit|p2b: Camerupt\n|-damage|p2a: Kangaskhan|0 fnt\n|-damage|p2b: Camerupt|62/100\n|faint|p2a: Kangaskhan\n|\n|upkeep\n|\n|t:|1788363112\n|switch|p2a: Farigiraf|Farigiraf, L50, M|45/100\n|turn|5\n|\n|t:|1788363121\n|move|p1a: Floette|Protect|p1a: Floette\n|-singleturn|p1a: Floette|Protect\n|move|p2b: Camerupt|Earth Power|p1a: Floette\n|-activate|p1a: Floette|move: Protect\n|move|p2a: Farigiraf|Psychic|p1a: Floette\n|-activate|p1a: Floette|move: Protect\n|\n|-fieldend|move: Trick Room\n|upkeep\n|turn|6\n|\n|t:|1788363129\n|move|p1a: Floette|Dazzling Gleam|p2b: Camerupt|[spread] p2a,p2b\n|-resisted|p2b: Camerupt|1\n|-damage|p2a: Farigiraf|1/100\n|-damage|p2b: Camerupt|39/100\n|move|p2a: Farigiraf|Psychic|p1a: Floette\n|-damage|p1a: Floette|0 fnt\n|faint|p1a: Floette\n|\n|win|CulantroVGC\n|raw|simioini's rating: 1361 &rarr; <strong>1339</strong><br />(-22 for losing)\n|raw|CulantroVGC's rating: 1327 &rarr; <strong>1349</strong><br />(+22 for winning)\n","uploadtime":1788363129,"views":"0","formatid":"gen9championsvgc2026regmbbo3","rating":1339,"private":0,"password":null}