{"id":"gen9championsvgc2026regmb-2674156367","format":"[Gen 9 Champions] VGC 2026 Reg M-B","players":["Bskskdbd","didybludden"],"log":"|j|‽Bskskdbd\n|j|☆didybludden\n|t:|1788307544\n|gametype|doubles\n|player|p1|Bskskdbd|169|1000\n|player|p2|didybludden|n|1043\n|gen|9\n|tier|[Gen 9 Champions] VGC 2026 Reg M-B\n|rated|\n|rule|Species Clause: Limit one of each Pokémon\n|rule|Item Clause: Limit 1 of each item\n|clearpoke\n|poke|p1|Politoed, L50, F|\n|poke|p1|Venusaur, L50, M|\n|poke|p1|Tinkaton, L50, F|\n|poke|p1|Kommo-o, L50, M|\n|poke|p1|Ditto, L50|\n|poke|p1|Grimmsnarl, L50, M|\n|poke|p2|Ceruledge, L50, F, shiny|\n|poke|p2|Whimsicott, L50, M|\n|poke|p2|Clefable, L50, F|\n|poke|p2|Snorlax, L50, M|\n|poke|p2|Greninja, L50, F, shiny|\n|poke|p2|Dragonite, L50, M|\n|teampreview|4\n|\n|t:|1788307575\n|teamsize|p1|4\n|teamsize|p2|4\n|start\n|switch|p1a: Grimmsnarl|Grimmsnarl, L50, M|100/100\n|switch|p1b: Venusaur|Venusaur, L50, M|100/100\n|switch|p2a: Whimsicott|Whimsicott, L50, M|100/100\n|switch|p2b: Clefable|Clefable, L50, F|100/100\n|turn|1\n|inactive|Battle timer is ON: inactive players will automatically lose when time's up. (requested by Bskskdbd)\n|c|☆didybludden|plzm ket me wgin ih ave stag 4 cnancer\n|\n|t:|1788307597\n|detailschange|p1b: Venusaur|Venusaur-Mega, L50, M\n|-mega|p1b: Venusaur|Venusaur|Venusaurite\n|move|p2a: Whimsicott|Tailwind|p2a: Whimsicott\n|-sidestart|p2: didybludden|move: Tailwind\n|move|p1a: Grimmsnarl|Fake Tears|p2b: Clefable\n|-unboost|p2b: Clefable|spd|2\n|move|p2b: Clefable|Moonblast|p1a: Grimmsnarl\n|-supereffective|p1a: Grimmsnarl|1\n|-damage|p1a: Grimmsnarl|28/100\n|move|p1b: Venusaur|Sludge Bomb|p2b: Clefable\n|-supereffective|p2b: Clefable|1\n|-damage|p2b: Clefable|0 fnt\n|faint|p2b: Clefable\n|\n|upkeep\n|\n|t:|1788307610\n|switch|p2b: Ceruledge|Ceruledge, L50, F, shiny|100/100\n|turn|2\n|\n|t:|1788307621\n|move|p2a: Whimsicott|Leech Seed|p1b: Venusaur\n|-immune|p1b: Venusaur\n|move|p1a: Grimmsnarl|Parting Shot|p2b: Ceruledge\n|-unboost|p2b: Ceruledge|atk|1\n|-unboost|p2b: Ceruledge|spa|1\n|\n|t:|1788307628\n|switch|p1a: Tinkaton|Tinkaton, L50, F|100/100|[from] Parting Shot\n|-ability|p1a: Tinkaton|Mold Breaker\n|move|p2b: Ceruledge|Bitter Blade|p1a: Tinkaton\n|-supereffective|p1a: Tinkaton|1\n|-damage|p1a: Tinkaton|4/100\n|-damage|p2b: Ceruledge|90/100|[from] item: Life Orb\n|move|p1b: Venusaur|Sludge Bomb|p2a: Whimsicott\n|-supereffective|p2a: Whimsicott|2\n|-crit|p2a: Whimsicott\n|-enditem|p2a: Whimsicott|Focus Sash\n|-damage|p2a: Whimsicott|1/100\n|\n|upkeep\n|turn|3\n|\n|t:|1788307649\n|move|p1a: Tinkaton|Fake Out|p2a: Whimsicott\n|-crit|p2a: Whimsicott\n|-damage|p2a: Whimsicott|0 fnt\n|faint|p2a: Whimsicott\n|move|p2b: Ceruledge|Bitter Blade|p1b: Venusaur\n|-supereffective|p1b: Venusaur|1\n|-damage|p1b: Venusaur|70/100\n|-heal|p2b: Ceruledge|100/100|[from] drain|[of] p1b: Venusaur\n|-damage|p2b: Ceruledge|90/100|[from] item: Life Orb\n|move|p1b: Venusaur|Earth Power|p2b: Ceruledge\n|-supereffective|p2b: Ceruledge|1\n|-damage|p2b: Ceruledge|19/100\n|-unboost|p2b: Ceruledge|spd|1\n|\n|upkeep\n|\n|t:|1788307661\n|switch|p2a: Dragonite|Dragonite, L50, M|100/100\n|turn|4\n|\n|t:|1788307674\n|move|p1a: Tinkaton|Protect|p1a: Tinkaton\n|-singleturn|p1a: Tinkaton|Protect\n|move|p1b: Venusaur|Protect|p1b: Venusaur\n|-singleturn|p1b: Venusaur|Protect\n|move|p2b: Ceruledge|Bitter Blade|p1a: Tinkaton\n|-activate|p1a: Tinkaton|move: Protect\n|move|p2a: Dragonite|Hurricane|p1b: Venusaur\n|-activate|p1b: Venusaur|move: Protect\n|\n|-sideend|p2: didybludden|move: Tailwind\n|upkeep\n|turn|5\n|\n|t:|1788307699\n|switch|p1b: Ditto|Ditto, L50|100/100\n|-transform|p1b: Ditto|p2a: Dragonite|[from] ability: Imposter\n|move|p1a: Tinkaton|Gigaton Hammer|p2b: Ceruledge\n|-resisted|p2b: Ceruledge|1\n|-damage|p2b: Ceruledge|0 fnt\n|faint|p2b: Ceruledge\n|move|p2a: Dragonite|Hurricane|p1b: Ditto\n|-damage|p1b: Ditto|78/100\n|\n|upkeep\n|turn|6\n|\n|t:|1788307715\n|move|p1b: Ditto|Dragon Claw|p2a: Dragonite\n|-supereffective|p2a: Dragonite|1\n|-damage|p2a: Dragonite|62/100\n|move|p1a: Tinkaton|Encore|p2a: Dragonite\n|-start|p2a: Dragonite|Encore\n|move|p2a: Dragonite|Hurricane|p1a: Tinkaton\n|-resisted|p1a: Tinkaton|1\n|-damage|p1a: Tinkaton|0 fnt\n|faint|p1a: Tinkaton\n|\n|-heal|p2a: Dragonite|68/100|[from] item: Leftovers\n|upkeep\n|\n|t:|1788307724\n|switch|p1a: Grimmsnarl|Grimmsnarl, L50, M|28/100\n|turn|7\n|\n|t:|1788307733\n|move|p1a: Grimmsnarl|Fake Out|p2a: Dragonite\n|-damage|p2a: Dragonite|58/100\n|move|p1b: Ditto|Dragon Claw|p2a: Dragonite\n|-supereffective|p2a: Dragonite|1\n|-damage|p2a: Dragonite|0 fnt\n|faint|p2a: Dragonite\n|\n|win|Bskskdbd\n|raw|Bskskdbd's rating: 1000 &rarr; <strong>1045</strong><br />(+45 for winning)\n|raw|didybludden's rating: 1043 &rarr; <strong>1025</strong><br />(-18 for losing)\n|l|☆didybludden\n|player|p2|\n","uploadtime":1788307738,"views":"1","formatid":"gen9championsvgc2026regmb","rating":1025,"private":0,"password":null}