{"id":"gen9championsvgc2026regmbbo3-2674412975","format":"[Gen 9 Champions] VGC 2026 Reg M-B (Bo3)","players":["gabbovgc","LordKameni"],"log":"|j|☆gabbovgc\n|j|☆LordKameni\n|html|<table width=\"100%\"><tr><td align=\"left\">gabbovgc</td><td align=\"right\">LordKameni</tr><tr><td align=\"left\"><i class=\"fa fa-circle-o\"></i> <i class=\"fa fa-circle-o\"></i> </td><td align=\"right\"><i class=\"fa fa-circle-o\"></i> <i class=\"fa fa-circle-o\"></i> </tr></table>\n|uhtml|bestof|<h2><strong>Game 1</strong> of <a href=\"/game-bestof3-gen9championsvgc2026regmbbo3-2674412974\">a best-of-3</a></h2>\n|t:|1788356716\n|gametype|doubles\n|player|p1|gabbovgc|265|1114\n|player|p2|LordKameni|169|1122\n|gen|9\n|tier|[Gen 9 Champions] VGC 2026 Reg M-B (Bo3)\n|rated|\n|rule|Species Clause: Limit one of each Pokémon\n|rule|Item Clause: Limit 1 of each item\n|clearpoke\n|poke|p1|Gengar, L50, M|\n|poke|p1|Archaludon, L50, M|\n|poke|p1|Politoed, L50, F|\n|poke|p1|Swampert, L50, M|\n|poke|p1|Vivillon-Sun, L50, M|\n|poke|p1|Incineroar, L50, M|\n|poke|p2|Blastoise, L50, M|\n|poke|p2|Sneasler, L50, M|\n|poke|p2|Incineroar, L50, M|\n|poke|p2|Delphox, L50, M|\n|poke|p2|Sinistcha, L50|\n|poke|p2|Kingambit, L50, F|\n|teampreview|4\n|showteam|p1|Gengar||Gengarite|CursedBody|ShadowBall,Disable,PerishSong,Protect|Modest||M|||50|]Archaludon||Leftovers|Stamina|ElectroShot,DragonPulse,FlashCannon,Protect|Bold||M|||50|]Politoed||SitrusBerry|Drizzle|WeatherBall,Hypnosis,PerishSong,Protect|Calm||F|||50|]Swampert||Swampertite|Torrent|WaveCrash,Earthquake,IcePunch,Protect|Adamant||M|||50|]Vivillon-Sun||FocusSash|CompoundEyes|Hurricane,SleepPowder,RagePowder,Protect|Timid||M|||50|]Incineroar||PasshoBerry|Intimidate|ThroatChop,FakeOut,PartingShot,Protect|Impish||M|||50|\n|showteam|p2|Blastoise||Blastoisinite|RainDish|ShellSmash,Protect,WaterSpout,DarkPulse|Modest||M|||50|]Sneasler||FocusSash|PoisonTouch|FakeOut,CloseCombat,PoisonJab,QuickGuard|Jolly||M|||50|]Incineroar||SitrusBerry|Intimidate|DarkestLariat,FakeOut,PartingShot,FlareBlitz|Impish||M|||50|]Delphox||Delphoxite|Blaze|Protect,Psychic,NastyPlot,HeatWave|Timid||M|||50|]Sinistcha||OccaBerry|Hospitality|Protect,MatchaGotcha,RagePowder,LifeDew|Serious|||||50|]Kingambit||BlackGlasses|Defiant|SuckerPunch,KowtowCleave,Protect,SwordsDance|Adamant||F|||50|\n|\n|t:|1788356753\n|teamsize|p1|4\n|teamsize|p2|4\n|start\n|switch|p1a: Gengar|Gengar, L50, M|100/100\n|switch|p1b: Incineroar|Incineroar, L50, M|100/100\n|switch|p2a: Blastoise|Blastoise, L50, M|100/100\n|switch|p2b: Incineroar|Incineroar, L50, M|100/100\n|-ability|p2b: Incineroar|Intimidate|boost\n|-unboost|p1a: Gengar|atk|1\n|-unboost|p1b: Incineroar|atk|1\n|-ability|p1b: Incineroar|Intimidate|boost\n|-unboost|p2a: Blastoise|atk|1\n|-unboost|p2b: Incineroar|atk|1\n|turn|1\n|inactive|Battle timer is ON: inactive players will automatically lose when time's up. (requested by LordKameni)\n|\n|t:|1788356779\n|detailschange|p1a: Gengar|Gengar-Mega, L50, M\n|-mega|p1a: Gengar|Gengar|Gengarite\n|detailschange|p2a: Blastoise|Blastoise-Mega, L50, M\n|-mega|p2a: Blastoise|Blastoise|Blastoisinite\n|move|p1b: Incineroar|Fake Out|p2a: Blastoise\n|-damage|p2a: Blastoise|91/100\n|move|p1a: Gengar|Perish Song|p1a: Gengar\n|-start|p1a: Gengar|perish3|[silent]\n|-start|p1b: Incineroar|perish3|[silent]\n|-start|p2a: Blastoise|perish3|[silent]\n|-start|p2b: Incineroar|perish3|[silent]\n|-fieldactivate|move: Perish Song\n|cant|p2a: Blastoise|flinch\n|move|p2b: Incineroar|Darkest Lariat|p1a: Gengar\n|-supereffective|p1a: Gengar|1\n|-damage|p1a: Gengar|40/100\n|\n|-start|p1a: Gengar|perish3\n|-start|p2a: Blastoise|perish3\n|-start|p2b: Incineroar|perish3\n|-start|p1b: Incineroar|perish3\n|upkeep\n|turn|2\n|inactive|LordKameni has 30 seconds left.\n|\n|t:|1788356808\n|move|p1a: Gengar|Protect|p1a: Gengar\n|-singleturn|p1a: Gengar|Protect\n|move|p2a: Blastoise|Shell Smash|p2a: Blastoise\n|-unboost|p2a: Blastoise|def|1\n|-unboost|p2a: Blastoise|spd|1\n|-boost|p2a: Blastoise|atk|2\n|-boost|p2a: Blastoise|spa|2\n|-boost|p2a: Blastoise|spe|2\n|move|p1b: Incineroar|Parting Shot|p2b: Incineroar\n|-unboost|p2b: Incineroar|atk|1\n|-unboost|p2b: Incineroar|spa|1\n|\n|t:|1788356818\n|switch|p1b: Vivillon|Vivillon-Sun, L50, M|100/100|[from] Parting Shot\n|move|p2b: Incineroar|Parting Shot|p1b: Vivillon\n|-unboost|p1b: Vivillon|atk|1\n|-unboost|p1b: Vivillon|spa|1\n|\n|t:|1788356836\n|switch|p2b: Sinistcha|Sinistcha, L50|100/100|[from] Parting Shot\n|-heal|p2a: Blastoise|100/100|[from] ability: Hospitality|[of] p2b: Sinistcha\n|\n|-start|p2a: Blastoise|perish2\n|-start|p1a: Gengar|perish2\n|upkeep\n|turn|3\n|\n|t:|1788356861\n|move|p2b: Sinistcha|Rage Powder|p2b: Sinistcha\n|-singleturn|p2b: Sinistcha|move: Rage Powder\n|move|p2a: Blastoise|Dark Pulse|p1a: Gengar\n|-supereffective|p1a: Gengar|1\n|-damage|p1a: Gengar|0 fnt\n|faint|p1a: Gengar\n|move|p1b: Vivillon|Sleep Powder|p2b: Sinistcha\n|-immune|p2b: Sinistcha\n|\n|-start|p2a: Blastoise|perish1\n|upkeep\n|\n|t:|1788356874\n|switch|p1a: Politoed|Politoed, L50, F|100/100\n|-weather|RainDance|[from] ability: Drizzle|[of] p1a: Politoed\n|turn|4\n|\n|t:|1788356890\n|switch|p2a: Sneasler|Sneasler, L50, M|100/100\n|move|p1b: Vivillon|Hurricane|p2b: Sinistcha\n|-supereffective|p2b: Sinistcha|1\n|-damage|p2b: Sinistcha|22/100\n|-start|p2b: Sinistcha|confusion\n|-activate|p2b: Sinistcha|confusion\n|move|p2b: Sinistcha|Matcha Gotcha|p1b: Vivillon|[spread] p1a,p1b\n|-supereffective|p1a: Politoed|1\n|-resisted|p1b: Vivillon|2\n|-damage|p1a: Politoed|60/100\n|-heal|p2b: Sinistcha|44/100|[from] drain|[of] p1a: Politoed\n|-damage|p1b: Vivillon|87/100\n|-heal|p2b: Sinistcha|50/100y|[from] drain|[of] p1b: Vivillon\n|move|p1a: Politoed|Hypnosis|p2b: Sinistcha\n|-status|p2b: Sinistcha|slp|[from] move: Hypnosis\n|\n|-weather|RainDance|[upkeep]\n|upkeep\n|turn|5\n|inactive|LordKameni has 30 seconds left.\n|inactive|LordKameni has 20 seconds left.\n|\n|t:|1788356928\n|switch|p2b: Incineroar|Incineroar, L50, M|100/100\n|-ability|p2b: Incineroar|Intimidate|boost\n|-unboost|p1a: Politoed|atk|1\n|-unboost|p1b: Vivillon|atk|1\n|move|p2a: Sneasler|Close Combat|p1a: Politoed\n|-damage|p1a: Politoed|3/100\n|-unboost|p2a: Sneasler|def|1\n|-unboost|p2a: Sneasler|spd|1\n|-status|p1a: Politoed|psn|[from] ability: Poison Touch|[of] p2a: Sneasler\n|-enditem|p1a: Politoed|Sitrus Berry|[eat]\n|-heal|p1a: Politoed|28/100 psn|[from] item: Sitrus Berry\n|move|p1b: Vivillon|Hurricane|p2a: Sneasler\n|-supereffective|p2a: Sneasler|1\n|-enditem|p2a: Sneasler|Focus Sash\n|-damage|p2a: Sneasler|1/100\n|move|p1a: Politoed|Weather Ball|p2a: Sneasler\n|-damage|p2a: Sneasler|0 fnt\n|faint|p2a: Sneasler\n|\n|-weather|RainDance|[upkeep]\n|-damage|p1a: Politoed|16/100 psn|[from] psn\n|upkeep\n|\n|t:|1788356951\n|switch|p2a: Blastoise|Blastoise-Mega, L50, M|100/100\n|turn|6\n|\n|t:|1788356966\n|move|p2b: Incineroar|Fake Out|p1b: Vivillon\n|-damage|p1b: Vivillon|66/100\n|cant|p1b: Vivillon|flinch\n|move|p2a: Blastoise|Water Spout|p1b: Vivillon|[spread] p1a,p1b\n|-resisted|p1a: Politoed|1\n|-damage|p1a: Politoed|0 fnt\n|-damage|p1b: Vivillon|0 fnt\n|faint|p1a: Politoed\n|faint|p1b: Vivillon\n|\n|-weather|RainDance|[upkeep]\n|upkeep\n|\n|t:|1788356974\n|switch|p1b: Incineroar|Incineroar, L50, M|100/100\n|-ability|p1b: Incineroar|Intimidate|boost\n|-unboost|p2a: Blastoise|atk|1\n|-unboost|p2b: Incineroar|atk|1\n|turn|7\n|-message|gabbovgc forfeited.\n|\n|win|LordKameni\n|l|☆gabbovgc\n|player|p1|\n||gabbovgc is ready for game 2.\n","uploadtime":1788356988,"views":"0","formatid":"gen9championsvgc2026regmbbo3","rating":null,"private":0,"password":null}