{"id":"gen9championsvgc2026regmb-2674534699","format":"[Gen 9 Champions] VGC 2026 Reg M-B","players":["Cheribat","acetn"],"log":"|j|☆Cheribat\n|j|☆acetn\n|t:|1788371115\n|gametype|doubles\n|player|p1|Cheribat|waitress-gen4|1350\n|player|p2|acetn|266|1359\n|gen|9\n|tier|[Gen 9 Champions] VGC 2026 Reg M-B\n|rated|\n|rule|Species Clause: Limit one of each Pokémon\n|rule|Item Clause: Limit 1 of each item\n|clearpoke\n|poke|p1|Hydreigon, L50, F|\n|poke|p1|Volcarona, L50, F|\n|poke|p1|Zoroark-Hisui, L50, F|\n|poke|p1|Sneasler, L50, M|\n|poke|p1|Milotic, L50, M|\n|poke|p1|Metagross, L50|\n|poke|p2|Blaziken, L50, M|\n|poke|p2|Kingambit, L50, M|\n|poke|p2|Torkoal, L50, F|\n|poke|p2|Primarina, L50, F|\n|poke|p2|Sneasler, L50, F|\n|poke|p2|Farigiraf, L50, M|\n|teampreview|4\n|\n|t:|1788371148\n|teamsize|p1|4\n|teamsize|p2|4\n|start\n|switch|p1a: Milotic|Milotic, L50, M|100/100\n|switch|p1b: Volcarona|Volcarona, L50, F|100/100\n|switch|p2a: Blaziken|Blaziken, L50, M|100/100\n|switch|p2b: Kingambit|Kingambit, L50, M|100/100\n|turn|1\n|\n|t:|1788371166\n|switch|p2b: Torkoal|Torkoal, L50, F|100/100\n|-weather|SunnyDay|[from] ability: Drought|[of] p2b: Torkoal\n|detailschange|p2a: Blaziken|Blaziken-Mega, L50, M\n|-mega|p2a: Blaziken|Blaziken|Blazikenite\n|move|p1b: Volcarona|Bitter Malice|p2a: Blaziken\n|-damage|p2a: Blaziken|44/100\n|-unboost|p2a: Blaziken|atk|1\n|move|p2a: Blaziken|Rock Slide|p1b: Volcarona|[spread] p1a,p1b\n|-damage|p1a: Milotic|84/100\n|-damage|p1b: Volcarona|67/100\n|replace|p1b: Zoroark|Zoroark-Hisui, L50, F\n|-end|p1b: Zoroark|Illusion\n|move|p1a: Milotic|Scald|p2b: Torkoal\n|-supereffective|p2b: Torkoal|1\n|-damage|p2b: Torkoal|52/100\n|\n|-weather|SunnyDay|[upkeep]\n|-heal|p1a: Milotic|90/100|[from] item: Leftovers\n|-ability|p2a: Blaziken|Speed Boost|boost\n|-boost|p2a: Blaziken|spe|1\n|upkeep\n|turn|2\n|inactive|Battle timer is ON: inactive players will automatically lose when time's up. (requested by acetn)\n|inactive|Cheribat has 60 seconds left.\n|\n|t:|1788371200\n|switch|p2a: Kingambit|Kingambit, L50, M|100/100\n|move|p1b: Zoroark|Taunt|p2b: Torkoal\n|-start|p2b: Torkoal|move: Taunt\n|move|p1a: Milotic|Scald|p2a: Kingambit\n|-damage|p2a: Kingambit|84/100\n|move|p2b: Torkoal|Solar Beam||[still]\n|-prepare|p2b: Torkoal|Solar Beam\n|-anim|p2b: Torkoal|Solar Beam|p1a: Milotic\n|-supereffective|p1a: Milotic|1\n|-damage|p1a: Milotic|37/100\n|\n|-weather|SunnyDay|[upkeep]\n|-heal|p1a: Milotic|43/100|[from] item: Leftovers\n|upkeep\n|turn|3\n|inactive|Cheribat has 30 seconds left.\n|\n|t:|1788371227\n|switch|p1b: Volcarona|Volcarona, L50, F|100/100\n|switch|p1a: Hydreigon|Hydreigon, L50, F|100/100\n|switch|p2b: Primarina|Primarina, L50, F|100/100\n|move|p2a: Kingambit|Sucker Punch||[still]\n|-fail|p2a: Kingambit\n|\n|-weather|SunnyDay|[upkeep]\n|upkeep\n|turn|4\n|inactive|Cheribat has 30 seconds left.\n|\n|t:|1788371254\n|move|p2a: Kingambit|Protect|p2a: Kingambit\n|-singleturn|p2a: Kingambit|Protect\n|move|p1a: Hydreigon|Earth Power|p2a: Kingambit\n|-activate|p2a: Kingambit|move: Protect\n|move|p1b: Volcarona|Flamethrower|p2b: Primarina\n|-resisted|p2b: Primarina|1\n|-damage|p2b: Primarina|73/100\n|move|p2b: Primarina|Moonblast|p1a: Hydreigon\n|-supereffective|p1a: Hydreigon|2\n|-damage|p1a: Hydreigon|0 fnt\n|faint|p1a: Hydreigon\n|-damage|p2b: Primarina|64/100|[from] item: Life Orb\n|\n|-weather|SunnyDay|[upkeep]\n|upkeep\n|\n|t:|1788371275\n|switch|p1a: Milotic|Milotic, L50, M|43/100\n|turn|5\n|\n|t:|1788371290\n|move|p2b: Primarina|Protect|p2b: Primarina\n|-singleturn|p2b: Primarina|Protect\n|move|p1b: Volcarona|Rage Powder|p1b: Volcarona\n|-singleturn|p1b: Volcarona|move: Rage Powder\n|move|p2a: Kingambit|Sucker Punch||[still]\n|-fail|p2a: Kingambit\n|move|p1a: Milotic|Recover|p1a: Milotic\n|-heal|p1a: Milotic|93/100\n|\n|-weather|none\n|-heal|p1a: Milotic|99/100|[from] item: Leftovers\n|upkeep\n|turn|6\n|\n|t:|1788371308\n|move|p1b: Volcarona|Flamethrower|p2a: Kingambit\n|-supereffective|p2a: Kingambit|1\n|-damage|p2a: Kingambit|1/100\n|move|p1a: Milotic|Scald|p2b: Primarina\n|-resisted|p2b: Primarina|1\n|-damage|p2b: Primarina|50/100g\n|-status|p2b: Primarina|brn\n|move|p2b: Primarina|Hyper Voice|p1a: Milotic|[spread] p1a,p1b\n|-resisted|p1a: Milotic|1\n|-supereffective|p1b: Volcarona|1\n|-damage|p1a: Milotic|82/100\n|-damage|p1b: Volcarona|5/100\n|-damage|p2b: Primarina|40/100 brn|[from] item: Life Orb\n|move|p2a: Kingambit|Kowtow Cleave|p1a: Milotic\n|-damage|p1a: Milotic|37/100\n|\n|-heal|p1a: Milotic|43/100|[from] item: Leftovers\n|-damage|p2b: Primarina|34/100 brn|[from] brn\n|upkeep\n|turn|7\n|inactive|Cheribat has 30 seconds left.\n|\n|t:|1788371336\n|move|p2b: Primarina|Aqua Jet|p1b: Volcarona\n|-supereffective|p1b: Volcarona|1\n|-damage|p1b: Volcarona|0 fnt\n|faint|p1b: Volcarona\n|-damage|p2b: Primarina|25/100 brn|[from] item: Life Orb\n|move|p1a: Milotic|Recover|p1a: Milotic\n|-heal|p1a: Milotic|93/100\n|move|p2a: Kingambit|Kowtow Cleave|p1a: Milotic\n|-damage|p1a: Milotic|47/100\n|\n|-heal|p1a: Milotic|52/100|[from] item: Leftovers\n|-damage|p2b: Primarina|19/100 brn|[from] brn\n|upkeep\n|\n|t:|1788371350\n|switch|p1b: Zoroark|Zoroark-Hisui, L50, F|67/100\n|turn|8\n|\n|t:|1788371373\n|move|p2a: Kingambit|Sucker Punch||[still]\n|-fail|p2a: Kingambit\n|move|p1b: Zoroark|Taunt|p2b: Primarina\n|-start|p2b: Primarina|move: Taunt\n|move|p1a: Milotic|Scald|p2a: Kingambit\n|-damage|p2a: Kingambit|0 fnt\n|faint|p2a: Kingambit\n|move|p2b: Primarina|Moonblast|p1a: Milotic\n|-damage|p1a: Milotic|2/100\n|-damage|p2b: Primarina|9/100 brn|[from] item: Life Orb\n|\n|-heal|p1a: Milotic|8/100|[from] item: Leftovers\n|-damage|p2b: Primarina|3/100 brn|[from] brn\n|upkeep\n|\n|t:|1788371388\n|switch|p2a: Blaziken|Blaziken-Mega, L50, M|44/100\n|turn|9\n|\n|t:|1788371402\n|move|p2a: Blaziken|Detect|p2a: Blaziken\n|-singleturn|p2a: Blaziken|Protect\n|move|p1b: Zoroark|Bitter Malice|p2b: Primarina\n|-damage|p2b: Primarina|0 fnt\n|faint|p2b: Primarina\n|move|p1a: Milotic|Scald|p2a: Blaziken\n|-activate|p2a: Blaziken|move: Protect\n|\n|-heal|p1a: Milotic|14/100|[from] item: Leftovers\n|-ability|p2a: Blaziken|Speed Boost|boost\n|-boost|p2a: Blaziken|spe|1\n|upkeep\n|\n|t:|1788371415\n|switch|p2b: Torkoal|Torkoal, L50, F|52/100\n|-weather|SunnyDay|[from] ability: Drought|[of] p2b: Torkoal\n|turn|10\n|\n|t:|1788371428\n|move|p1a: Milotic|Protect|p1a: Milotic\n|-singleturn|p1a: Milotic|Protect\n|move|p2a: Blaziken|Close Combat|p1a: Milotic\n|-activate|p1a: Milotic|move: Protect\n|move|p1b: Zoroark|Bitter Malice|p2a: Blaziken\n|-crit|p2a: Blaziken\n|-damage|p2a: Blaziken|0 fnt\n|faint|p2a: Blaziken\n|move|p2b: Torkoal|Heat Wave|p1b: Zoroark|[spread] p1b\n|-activate|p1a: Milotic|move: Protect\n|-damage|p1b: Zoroark|0 fnt\n|faint|p1b: Zoroark\n|\n|-weather|SunnyDay|[upkeep]\n|-heal|p1a: Milotic|20/100y|[from] item: Leftovers\n|upkeep\n|turn|11\n|\n|t:|1788371447\n|move|p1a: Milotic|Scald|p2b: Torkoal\n|-supereffective|p2b: Torkoal|1\n|-damage|p2b: Torkoal|10/100\n|move|p2b: Torkoal|Solar Beam||[still]\n|-prepare|p2b: Torkoal|Solar Beam\n|-anim|p2b: Torkoal|Solar Beam|p1a: Milotic\n|-supereffective|p1a: Milotic|1\n|-damage|p1a: Milotic|0 fnt\n|faint|p1a: Milotic\n|\n|win|acetn\n|raw|Cheribat's rating: 1350 &rarr; <strong>1331</strong><br />(-19 for losing)\n|raw|acetn's rating: 1359 &rarr; <strong>1378</strong><br />(+19 for winning)\n|c|☆acetn|recover stall wouldve won\n|l|☆acetn\n|player|p2|\n","uploadtime":1788371457,"views":"5","formatid":"gen9championsvgc2026regmb","rating":1331,"private":0,"password":null}