{"id":"gen9championsvgc2026regmb-2674753943","format":"[Gen 9 Champions] VGC 2026 Reg M-B","players":["hhhhjjjj","barlarke3.0"],"log":"|j|☆hhhhjjjj\n|j|☆barlarke3.0\n|t:|1788400902\n|gametype|doubles\n|player|p1|hhhhjjjj|n|\n|player|p2|barlarke3.0|101|\n|gen|9\n|tier|[Gen 9 Champions] VGC 2026 Reg M-B\n|rule|Species Clause: Limit one of each Pokémon\n|rule|Item Clause: Limit 1 of each item\n|clearpoke\n|poke|p1|Charizard, L50, F|\n|poke|p1|Ninetales, L50, M|\n|poke|p1|Scovillain, L50, F|\n|poke|p1|Leafeon, L50, F|\n|poke|p1|Torkoal, L50, F|\n|poke|p1|Whimsicott, L50, F|\n|poke|p2|Torkoal, L50, M|\n|poke|p2|Ceruledge, L50, F|\n|poke|p2|Whimsicott, L50, M|\n|poke|p2|Typhlosion, L50, M|\n|poke|p2|Charizard, L50, F|\n|poke|p2|Araquanid, L50, F|\n|teampreview|4\n|\n|t:|1788400941\n|teamsize|p1|4\n|teamsize|p2|4\n|start\n|switch|p1a: Ninetales|Ninetales, L50, M|100/100\n|switch|p1b: Whimsicott|Whimsicott, L50, F|100/100\n|switch|p2a: Typhlosion|Typhlosion, L50, M|100/100\n|switch|p2b: Araquanid|Araquanid, L50, F|100/100\n|-weather|SunnyDay|[from] ability: Drought|[of] p1a: Ninetales\n|turn|1\n|\n|t:|1788400971\n|move|p1b: Whimsicott|Tailwind|p1b: Whimsicott\n|-sidestart|p1: hhhhjjjj|move: Tailwind\n|move|p1a: Ninetales|Calm Mind|p1a: Ninetales\n|-boost|p1a: Ninetales|spa|1\n|-boost|p1a: Ninetales|spd|1\n|move|p2a: Typhlosion|Lava Plume|p1a: Ninetales|[spread] p2b,p1a,p1b\n|-resisted|p1a: Ninetales|1\n|-supereffective|p1b: Whimsicott|1\n|-damage|p2b: Araquanid|82/100\n|-damage|p1a: Ninetales|83/100\n|-enditem|p1b: Whimsicott|Focus Sash\n|-damage|p1b: Whimsicott|1/100\n|move|p2b: Araquanid|Liquidation|p1a: Ninetales\n|-supereffective|p1a: Ninetales|1\n|-damage|p1a: Ninetales|0 fnt\n|faint|p1a: Ninetales\n|\n|-weather|SunnyDay|[upkeep]\n|upkeep\n|\n|t:|1788400989\n|switch|p1a: Charizard|Charizard, L50, F|100/100\n|turn|2\n|\n|t:|1788401002\n|detailschange|p1a: Charizard|Charizard-Mega-Y, L50, F\n|-mega|p1a: Charizard|Charizard|Charizardite Y\n|move|p1b: Whimsicott|Leech Seed|p2a: Typhlosion\n|-start|p2a: Typhlosion|move: Leech Seed\n|move|p1a: Charizard|Air Slash|p2b: Araquanid\n|-supereffective|p2b: Araquanid|1\n|-damage|p2b: Araquanid|13/100\n|move|p2a: Typhlosion|Lava Plume|p1b: Whimsicott|[spread] p2b,p1a,p1b\n|-resisted|p1a: Charizard|1\n|-supereffective|p1b: Whimsicott|1\n|-damage|p2b: Araquanid|0 fnt\n|-damage|p1a: Charizard|80/100\n|-damage|p1b: Whimsicott|0 fnt\n|faint|p2b: Araquanid\n|faint|p1b: Whimsicott\n|\n|-weather|SunnyDay|[upkeep]\n|upkeep\n|\n|t:|1788401023\n|switch|p1b: Torkoal|Torkoal, L50, F|100/100\n|switch|p2b: Ceruledge|Ceruledge, L50, F|100/100\n|turn|3\n|\n|t:|1788401039\n|move|p1a: Charizard|Ancient Power|p2b: Ceruledge\n|-supereffective|p2b: Ceruledge|1\n|-damage|p2b: Ceruledge|44/100\n|move|p2a: Typhlosion|Lava Plume|p1a: Charizard|[spread] p1a,p1b\n|-start|p2b: Ceruledge|ability: Flash Fire\n|-resisted|p1a: Charizard|1\n|-resisted|p1b: Torkoal|1\n|-damage|p1a: Charizard|60/100\n|-damage|p1b: Torkoal|74/100\n|move|p2b: Ceruledge|Poltergeist|p1a: Charizard\n|-activate|p1a: Charizard|move: Poltergeist|Charizardite Y\n|-damage|p1a: Charizard|0 fnt\n|faint|p1a: Charizard\n|-damage|p2b: Ceruledge|34/100|[from] item: Life Orb\n|move|p1b: Torkoal|Clear Smog|p2b: Ceruledge\n|-resisted|p2b: Ceruledge|1\n|-damage|p2b: Ceruledge|25/100\n|-clearboost|p2b: Ceruledge\n|\n|-weather|SunnyDay|[upkeep]\n|-heal|p1b: Torkoal|80/100|[from] item: Leftovers\n|-damage|p2a: Typhlosion|87/100|[from] Leech Seed|[of] p1b: Torkoal\n|-heal|p1b: Torkoal|91/100|[silent]\n|upkeep\n|turn|4\n|\n|t:|1788401065\n|move|p2a: Typhlosion|Lava Plume|p1b: Torkoal|[spread] p1b\n|-immune|p2b: Ceruledge|[from] ability: Flash Fire\n|-resisted|p1b: Torkoal|1\n|-damage|p1b: Torkoal|64/100\n|move|p2b: Ceruledge|Poltergeist|p1b: Torkoal\n|-activate|p1b: Torkoal|move: Poltergeist|Leftovers\n|-damage|p1b: Torkoal|11/100\n|-damage|p2b: Ceruledge|15/100|[from] item: Life Orb\n|move|p1b: Torkoal|Clear Smog|p2b: Ceruledge\n|-resisted|p2b: Ceruledge|1\n|-damage|p2b: Ceruledge|6/100\n|-clearboost|p2b: Ceruledge\n|\n|-weather|SunnyDay|[upkeep]\n|-heal|p1b: Torkoal|17/100|[from] item: Leftovers\n|-damage|p2a: Typhlosion|75/100|[from] Leech Seed|[of] p1b: Torkoal\n|-heal|p1b: Torkoal|28/100|[silent]\n|-sideend|p1: hhhhjjjj|move: Tailwind\n|upkeep\n|turn|5\n|\n|t:|1788401085\n|move|p2b: Ceruledge|Shadow Sneak|p1b: Torkoal\n|-damage|p1b: Torkoal|8/100\n|-damage|p2b: Ceruledge|0 fnt|[from] item: Life Orb\n|faint|p2b: Ceruledge\n|move|p2a: Typhlosion|Lava Plume|p1b: Torkoal\n|-resisted|p1b: Torkoal|1\n|-damage|p1b: Torkoal|0 fnt\n|faint|p1b: Torkoal\n|\n|win|barlarke3.0\n|l|☆hhhhjjjj\n|player|p1|\n","uploadtime":1788401094,"views":"0","formatid":"gen9championsvgc2026regmb","rating":null,"private":0,"password":null}