{"id":"gen9championsvgc2026regmb-2675009541","format":"[Gen 9 Champions] VGC 2026 Reg M-B","players":["Gled","sum1dum"],"log":"|j|☆Gled\n|j|☆sum1dum\n|t:|1788448261\n|gametype|doubles\n|player|p1|Gled|hilda-wonderlauncher|1397\n|player|p2|sum1dum|rosa|1488\n|gen|9\n|tier|[Gen 9 Champions] VGC 2026 Reg M-B\n|rated|\n|rule|Species Clause: Limit one of each Pokémon\n|rule|Item Clause: Limit 1 of each item\n|clearpoke\n|poke|p1|Mawile, L50, F|\n|poke|p1|Sylveon, L50, F|\n|poke|p1|Gallade, L50, M|\n|poke|p1|Spiritomb, L50, M|\n|poke|p1|Torkoal, L50, M|\n|poke|p1|Rhyperior, L50, M|\n|poke|p2|Primarina, L50, M|\n|poke|p2|Scovillain, L50, M|\n|poke|p2|Slowking-Galar, L50, F|\n|poke|p2|Incineroar, L50, F|\n|poke|p2|Kingambit, L50, M|\n|poke|p2|Golurk, L50|\n|teampreview|4\n|inactive|Battle timer is ON: inactive players will automatically lose when time's up. (requested by sum1dum)\n|inactive|Gled also wants the timer to be on.\nGled rejected open team sheets.\n|inactive|sum1dum has 60 seconds left.\n|\n|t:|1788448306\n|teamsize|p1|4\n|teamsize|p2|4\n|start\n|switch|p1a: Medaka|Mawile, L50, F|100/100\n|switch|p1b: Silly|Sylveon, L50, F|100/100\n|switch|p2a: Scovillain|Scovillain, L50, M|100/100\n|switch|p2b: Slowking|Slowking-Galar, L50, F|100/100\n|-ability|p1a: Medaka|Intimidate|boost\n|-unboost|p2a: Scovillain|atk|1\n|-unboost|p2b: Slowking|atk|1\n|turn|1\n|inactive|Gled has 30 seconds left.\n|\n|t:|1788448332\n|detailschange|p2a: Scovillain|Scovillain-Mega, L50, M\n|-mega|p2a: Scovillain|Scovillain|Scovillainite\n|detailschange|p1a: Medaka|Mawile-Mega, L50, F\n|-mega|p1a: Medaka|Mawile|Mawilite\n|move|p2a: Scovillain|Flamethrower|p1a: Medaka\n|-supereffective|p1a: Medaka|1\n|-damage|p1a: Medaka|0 fnt\n|faint|p1a: Medaka\n|move|p1b: Silly|Calm Mind|p1b: Silly\n|-boost|p1b: Silly|spa|1\n|-boost|p1b: Silly|spd|1\n|move|p2b: Slowking|Trick Room|p2b: Slowking\n|-fieldstart|move: Trick Room|[of] p2b: Slowking\n|\n|upkeep\n|\n|t:|1788448346\n|switch|p1a: Goro|Rhyperior, L50, M|100/100\n|turn|2\n|\n|t:|1788448360\n|move|p2a: Scovillain|Protect|p2a: Scovillain\n|-singleturn|p2a: Scovillain|Protect\n|-prepare|p2b: Slowking|Chilly Reception|[premajor]\n|move|p2b: Slowking|Chilly Reception|p2b: Slowking\n|-weather|Snowscape\n|\n|t:|1788448362\n|switch|p2b: Primarina|Primarina, L50, M|100/100|[from] Chilly Reception\n|move|p1a: Goro|High Horsepower|p2b: Primarina\n|-damage|p2b: Primarina|38/100\n|move|p1b: Silly|Hyper Voice|p2a: Scovillain|[spread] p2b\n|-activate|p2a: Scovillain|move: Protect\n|-damage|p2b: Primarina|0 fnt\n|faint|p2b: Primarina\n|\n|-weather|Snowscape|[upkeep]\n|upkeep\n|\n|t:|1788448367\n|switch|p2b: Incineroar|Incineroar, L50, F|100/100\n|-ability|p2b: Incineroar|Intimidate|boost\n|-unboost|p1a: Goro|atk|1\n|-unboost|p1b: Silly|atk|1\n|turn|3\n|\n|t:|1788448386\n|move|p2b: Incineroar|Fake Out|p1a: Goro\n|-resisted|p1a: Goro|1\n|-damage|p1a: Goro|96/100\n|cant|p1a: Goro|flinch\n|move|p1b: Silly|Calm Mind|p1b: Silly\n|-boost|p1b: Silly|spa|1\n|-boost|p1b: Silly|spd|1\n|move|p2a: Scovillain|Leech Seed|p1a: Goro\n|-start|p1a: Goro|move: Leech Seed\n|\n|-weather|Snowscape|[upkeep]\n|-damage|p1a: Goro|83/100|[from] Leech Seed|[of] p2a: Scovillain\n|upkeep\n|turn|4\n|\n|t:|1788448401\n|move|p1a: Goro|High Horsepower|p2b: Incineroar\n|-supereffective|p2b: Incineroar|1\n|-damage|p2b: Incineroar|30/100\n|move|p1b: Silly|Hyper Voice|p2a: Scovillain|[spread] p2a,p2b\n|-resisted|p2a: Scovillain|1\n|-crit|p2a: Scovillain\n|-damage|p2a: Scovillain|32/100\n|-damage|p2b: Incineroar|0 fnt\n|-status|p1b: Silly|brn|[from] ability: Spicy Spray|[of] p2a: Scovillain\n|faint|p2b: Incineroar\n|move|p2a: Scovillain|Leech Seed|p1b: Silly\n|-start|p1b: Silly|move: Leech Seed\n|\n|-weather|Snowscape|[upkeep]\n|-damage|p1a: Goro|71/100|[from] Leech Seed|[of] p2a: Scovillain\n|-heal|p2a: Scovillain|47/100|[silent]\n|-damage|p1b: Silly|87/100 brn|[from] Leech Seed|[of] p2a: Scovillain\n|-heal|p2a: Scovillain|60/100|[silent]\n|-damage|p1b: Silly|81/100 brn|[from] brn\n|upkeep\n|\n|t:|1788448407\n|switch|p2b: Slowking|Slowking-Galar, L50, F|100/100\n|turn|5\n|\n|t:|1788448421\n|move|p2a: Scovillain|Protect|p2a: Scovillain\n|-singleturn|p2a: Scovillain|Protect\n|move|p2b: Slowking|Acid Spray|p1b: Silly\n|-supereffective|p1b: Silly|1\n|-damage|p1b: Silly|68/100 brn\n|-unboost|p1b: Silly|spd|2\n|move|p1a: Goro|High Horsepower|p2b: Slowking\n|-supereffective|p2b: Slowking|1\n|-damage|p2b: Slowking|33/100\n|-enditem|p2b: Slowking|Sitrus Berry|[eat]\n|-heal|p2b: Slowking|58/100|[from] item: Sitrus Berry\n|move|p1b: Silly|Hyper Voice|p2a: Scovillain|[spread] p2b\n|-activate|p2a: Scovillain|move: Protect\n|-resisted|p2b: Slowking|1\n|-damage|p2b: Slowking|26/100\n|\n|-weather|Snowscape|[upkeep]\n|-damage|p1a: Goro|59/100|[from] Leech Seed|[of] p2a: Scovillain\n|-heal|p2a: Scovillain|75/100|[silent]\n|-damage|p1b: Silly|56/100 brn|[from] Leech Seed|[of] p2a: Scovillain\n|-heal|p2a: Scovillain|88/100|[silent]\n|-damage|p1b: Silly|50/100g brn|[from] brn\n|-fieldend|move: Trick Room\n|upkeep\n|turn|6\n|inactive|Gled has 30 seconds left.\n|\n|t:|1788448448\n|move|p2a: Scovillain|Flamethrower|p1b: Silly\n|-damage|p1b: Silly|18/100 brn\n|move|p1b: Silly|Hyper Voice|p2b: Slowking|[spread] p2a,p2b\n|-resisted|p2a: Scovillain|1\n|-resisted|p2b: Slowking|1\n|-damage|p2a: Scovillain|38/100\n|-damage|p2b: Slowking|0 fnt\n|faint|p2b: Slowking\n|move|p1a: Goro|Rock Slide|p2a: Scovillain\n|-supereffective|p2a: Scovillain|1\n|-damage|p2a: Scovillain|0 fnt\n|-status|p1a: Goro|brn|[from] ability: Spicy Spray|[of] p2a: Scovillain\n|faint|p2a: Scovillain\n|\n|win|Gled\n|raw|Gled's rating: 1397 &rarr; <strong>1422</strong><br />(+25 for winning)\n|raw|sum1dum's rating: 1488 &rarr; <strong>1463</strong><br />(-25 for losing)\n","uploadtime":1788448448,"views":"0","formatid":"gen9championsvgc2026regmb","rating":1422,"private":0,"password":null}