{"id":"gen9championsvgc2026regmb-2674245725","format":"[Gen 9 Champions] VGC 2026 Reg M-B","players":["Noobiedoobie537","HospitalityCheck"],"log":"|j|☆Noobiedoobie537\n|j|☆HospitalityCheck\n|t:|1788322407\n|gametype|doubles\n|player|p1|Noobiedoobie537|lucas-gen4pt|1000\n|player|p2|HospitalityCheck|2|1031\n|gen|9\n|tier|[Gen 9 Champions] VGC 2026 Reg M-B\n|rated|\n|rule|Species Clause: Limit one of each Pokémon\n|rule|Item Clause: Limit 1 of each item\n|clearpoke\n|poke|p1|Reuniclus, L50, F, shiny|\n|poke|p1|Farigiraf, L50, M|\n|poke|p1|Sneasler, L50, F|\n|poke|p1|Pelipper, L50, F|\n|poke|p1|Swampert, L50, F|\n|poke|p1|Mawile, L50, M|\n|poke|p2|Metagross, L50|\n|poke|p2|Incineroar, L50, M|\n|poke|p2|Sinistcha, L50|\n|poke|p2|Whimsicott, L50, F|\n|poke|p2|Garchomp, L50, F|\n|poke|p2|Kingambit, L50, F|\n|teampreview|4\n|inactive|Battle timer is ON: inactive players will automatically lose when time's up. (requested by HospitalityCheck)\nHospitalityCheck has agreed to open team sheets.\nNoobiedoobie537 has agreed to open team sheets.\n|showteam|p1|Reuniclus||LifeOrb|MagicGuard|Psychic,FocusBlast,Protect,TrickRoom|Quiet||F|||50|]Farigiraf||SitrusBerry|ArmorTail|Psychic,HelpingHand,TrickRoom,Protect|Bold||M|||50|]Sneasler||MentalHerb|Unburden|DireClaw,FakeOut,CloseCombat,Coaching|Adamant||F|||50|]Pelipper||MysticWater|Drizzle|WeatherBall,Hurricane,Tailwind,Protect|Modest||F|||50|]Swampert||Swampertite|Damp|WaveCrash,Earthquake,Protect,IcePunch|Adamant||F|||50|]Mawile||Mawilite|Intimidate|PlayRough,IronHead,SuckerPunch,Protect|Adamant||M|||50|\n|showteam|p2|Metagross||Metagrossite|ClearBody|Protect,PsychicFangs,IronHead,IcePunch|Adamant|||||50|]Incineroar||SitrusBerry|Intimidate|FakeOut,PartingShot,FlareBlitz,ThroatChop|Careful||M|||50|]Sinistcha||Leftovers|Hospitality|RagePowder,MatchaGotcha,LifeDew,TrickRoom|Bold|||||50|]Whimsicott||FocusSash|Prankster|Tailwind,Moonblast,Encore,Protect|Timid||F|||50|]Garchomp||LifeOrb|RoughSkin|DragonClaw,Earthquake,RockSlide,Protect|Jolly||F|||50|]Kingambit||BlackGlasses|Defiant|SuckerPunch,KowtowCleave,IronHead,Protect|Adamant||F|||50|\n|inactive|Noobiedoobie537 has 60 seconds left.\n|\n|t:|1788322443\n|teamsize|p1|4\n|teamsize|p2|4\n|start\n|switch|p1a: sukuna|Reuniclus, L50, F, shiny|100/100\n|switch|p1b: Harryhardtr|Farigiraf, L50, M|100/100\n|switch|p2a: Metagross|Metagross, L50|100/100\n|switch|p2b: Incineroar|Incineroar, L50, M|100/100\n|-ability|p2b: Incineroar|Intimidate|boost\n|-unboost|p1a: sukuna|atk|1\n|-unboost|p1b: Harryhardtr|atk|1\n|turn|1\n|\n|t:|1788322464\n|detailschange|p2a: Metagross|Metagross-Mega, L50\n|-mega|p2a: Metagross|Metagross|Metagrossite\n|move|p1b: Harryhardtr|Protect|p1b: Harryhardtr\n|-singleturn|p1b: Harryhardtr|Protect\n|move|p2a: Metagross|Iron Head|p1b: Harryhardtr\n|-activate|p1b: Harryhardtr|move: Protect\n|move|p2b: Incineroar|Throat Chop|p1b: Harryhardtr\n|-activate|p1b: Harryhardtr|move: Protect\n|move|p1a: sukuna|Trick Room|p1a: sukuna\n|-fieldstart|move: Trick Room|[of] p1a: sukuna\n|\n|upkeep\n|turn|2\n|\n|t:|1788322479\n|switch|p1b: Pelipper|Pelipper, L50, F|100/100\n|-weather|RainDance|[from] ability: Drizzle|[of] p1b: Pelipper\n|move|p1a: sukuna|Focus Blast|p2b: Incineroar\n|-supereffective|p2b: Incineroar|1\n|-damage|p2b: Incineroar|17/100\n|-enditem|p2b: Incineroar|Sitrus Berry|[eat]\n|-heal|p2b: Incineroar|42/100|[from] item: Sitrus Berry\n|move|p2b: Incineroar|Throat Chop|p1a: sukuna\n|-supereffective|p1a: sukuna|1\n|-damage|p1a: sukuna|38/100\n|-start|p1a: sukuna|Throat Chop|[silent]\n|move|p2a: Metagross|Iron Head|p1a: sukuna\n|-damage|p1a: sukuna|0 fnt\n|faint|p1a: sukuna\n|\n|-weather|RainDance|[upkeep]\n|upkeep\n|\n|t:|1788322482\n|switch|p1a: Mawile|Mawile, L50, M|100/100\n|-ability|p1a: Mawile|Intimidate|boost\n|-unboost|p2a: Metagross|atk|1\n|-unboost|p2b: Incineroar|atk|1\n|turn|3\n|\n|t:|1788322488\n|detailschange|p1a: Mawile|Mawile-Mega, L50, M\n|-mega|p1a: Mawile|Mawile|Mawilite\n|move|p1a: Mawile|Play Rough|p2b: Incineroar\n|-damage|p2b: Incineroar|0 fnt\n|faint|p2b: Incineroar\n|move|p1b: Pelipper|Weather Ball|p2a: Metagross\n|-damage|p2a: Metagross|5/100\n|move|p2a: Metagross|Psychic Fangs|p1b: Pelipper\n|-damage|p1b: Pelipper|52/100\n|\n|-weather|RainDance|[upkeep]\n|upkeep\n|\n|t:|1788322489\n|switch|p2b: Sinistcha|Sinistcha, L50|100/100\n|-heal|p2a: Metagross|30/100|[from] ability: Hospitality|[of] p2b: Sinistcha\n|turn|4\n|\n|t:|1788322506\n|move|p2b: Sinistcha|Rage Powder|p2b: Sinistcha\n|-singleturn|p2b: Sinistcha|move: Rage Powder\n|move|p1a: Mawile|Iron Head|p2b: Sinistcha\n|-damage|p2b: Sinistcha|33/100\n|move|p1b: Pelipper|Hurricane|p2b: Sinistcha\n|-supereffective|p2b: Sinistcha|1\n|-damage|p2b: Sinistcha|0 fnt\n|faint|p2b: Sinistcha\n|move|p2a: Metagross|Psychic Fangs|p1b: Pelipper\n|-damage|p1b: Pelipper|2/100\n|\n|-weather|RainDance|[upkeep]\n|upkeep\n|\n|t:|1788322507\n|switch|p2b: Whimsicott|Whimsicott, L50, F|100/100\n|turn|5\n|\n|t:|1788322518\n|move|p2a: Metagross|Protect|p2a: Metagross\n|-singleturn|p2a: Metagross|Protect\n|move|p1a: Mawile|Sucker Punch||[still]\n|-fail|p1a: Mawile\n|move|p1b: Pelipper|Hurricane|p2b: Whimsicott\n|-supereffective|p2b: Whimsicott|1\n|-enditem|p2b: Whimsicott|Focus Sash\n|-damage|p2b: Whimsicott|1/100\n|move|p2b: Whimsicott|Moonblast|p1b: Pelipper\n|-damage|p1b: Pelipper|0 fnt\n|faint|p1b: Pelipper\n|\n|-weather|RainDance|[upkeep]\n|-fieldend|move: Trick Room\n|upkeep\n|\n|t:|1788322523\n|switch|p1b: Harryhardtr|Farigiraf, L50, M|100/100\n|turn|6\n|\n|t:|1788322531\n|move|p2b: Whimsicott|Protect|p2b: Whimsicott\n|-singleturn|p2b: Whimsicott|Protect\n|move|p1a: Mawile|Sucker Punch|p2a: Metagross\n|-supereffective|p2a: Metagross|1\n|-damage|p2a: Metagross|0 fnt\n|faint|p2a: Metagross\n|move|p1b: Harryhardtr|Psychic|p2b: Whimsicott\n|-activate|p2b: Whimsicott|move: Protect\n|\n|-weather|none\n|upkeep\n|turn|7\n|c|☆Noobiedoobie537|ggs\n|\n|t:|1788322546\n|move|p2b: Whimsicott|Moonblast|p1a: Mawile\n|-resisted|p1a: Mawile|1\n|-damage|p1a: Mawile|78/100\n|move|p1b: Harryhardtr|Psychic|p2b: Whimsicott\n|-damage|p2b: Whimsicott|0 fnt\n|faint|p2b: Whimsicott\n|\n|win|Noobiedoobie537\n|raw|Noobiedoobie537's rating: 1000 &rarr; <strong>1044</strong><br />(+44 for winning)\n|raw|HospitalityCheck's rating: 1031 &rarr; <strong>1015</strong><br />(-16 for losing)\n|l|☆HospitalityCheck\n|player|p2|\n","uploadtime":1788322558,"views":"5","formatid":"gen9championsvgc2026regmb","rating":1015,"private":0,"password":null}