{"id":"gen9championsvgc2026regmb-2674076692","format":"[Gen 9 Champions] VGC 2026 Reg M-B","players":["beefcakessupreme","m3troGoonin"],"log":"|j|☆beefcakessupreme\n|j|☆m3troGoonin\n|t:|1788295918\n|gametype|doubles\n|player|p1|beefcakessupreme|102|1492\n|player|p2|m3troGoonin|101|1461\n|gen|9\n|tier|[Gen 9 Champions] VGC 2026 Reg M-B\n|rated|\n|rule|Species Clause: Limit one of each Pokémon\n|rule|Item Clause: Limit 1 of each item\n|clearpoke\n|poke|p1|Whimsicott, L50, M|\n|poke|p1|Basculegion, L50, M|\n|poke|p1|Kingambit, L50, F|\n|poke|p1|Floette-Eternal, L50, F|\n|poke|p1|Garchomp, L50, F|\n|poke|p1|Charizard, L50, M|\n|poke|p2|Scovillain, L50, M, shiny|\n|poke|p2|Basculegion, L50, M|\n|poke|p2|Kingambit, L50, M|\n|poke|p2|Sneasler, L50, M|\n|poke|p2|Lycanroc-Dusk, L50, M|\n|poke|p2|Froslass, L50, F|\n|teampreview|4\n|\n|t:|1788295945\n|teamsize|p1|4\n|teamsize|p2|4\n|start\n|switch|p1a: Whimsicott|Whimsicott, L50, M|100/100\n|switch|p1b: Kingambit|Kingambit, L50, F|100/100\n|switch|p2a: Scovillain|Scovillain, L50, M, shiny|100/100\n|switch|p2b: Lycanroc|Lycanroc-Dusk, L50, M|100/100\n|turn|1\n|\n|t:|1788295967\n|detailschange|p2a: Scovillain|Scovillain-Mega, L50, M, shiny\n|-mega|p2a: Scovillain|Scovillain|Scovillainite\n|move|p1a: Whimsicott|Tailwind|p1a: Whimsicott\n|-sidestart|p1: beefcakessupreme|move: Tailwind\n|move|p2b: Lycanroc|Close Combat|p1b: Kingambit\n|-supereffective|p1b: Kingambit|2\n|-enditem|p1b: Kingambit|Chople Berry|[eat]\n|-enditem|p1b: Kingambit|Chople Berry|[weaken]\n|-damage|p1b: Kingambit|8/100\n|-unboost|p2b: Lycanroc|def|1\n|-unboost|p2b: Lycanroc|spd|1\n|move|p1b: Kingambit|Iron Head|p2b: Lycanroc\n|-supereffective|p2b: Lycanroc|1\n|-enditem|p2b: Lycanroc|Focus Sash\n|-damage|p2b: Lycanroc|1/100\n|move|p2a: Scovillain|Overheat|p1b: Kingambit\n|-supereffective|p1b: Kingambit|1\n|-damage|p1b: Kingambit|0 fnt\n|-unboost|p2a: Scovillain|spa|2\n|faint|p1b: Kingambit\n|\n|upkeep\n|\n|t:|1788295987\n|switch|p1b: Charizard|Charizard, L50, M|100/100\n|turn|2\n|inactive|Battle timer is ON: inactive players will automatically lose when time's up. (requested by beefcakessupreme)\n|\n|t:|1788296007\n|move|p1b: Charizard|Protect|p1b: Charizard\n|-singleturn|p1b: Charizard|Protect\n|move|p2a: Scovillain|Rage Powder|p2a: Scovillain\n|-singleturn|p2a: Scovillain|move: Rage Powder\n|move|p2b: Lycanroc|Accelerock|p1b: Charizard\n|-activate|p1b: Charizard|move: Protect\n|move|p1a: Whimsicott|Moonblast|p2b: Lycanroc\n|-damage|p2b: Lycanroc|0 fnt\n|faint|p2b: Lycanroc\n|\n|upkeep\n|c|☆m3troGoonin|im an idiot\n|inactive|m3troGoonin has 30 seconds left.\n|\n|t:|1788296035\n|switch|p2b: Basculegion|Basculegion, L50, M|100/100\n|turn|3\n|\n|t:|1788296044\n|detailschange|p1b: Charizard|Charizard-Mega-Y, L50, M\n|-mega|p1b: Charizard|Charizard|Charizardite Y\n|-weather|SunnyDay|[from] ability: Drought|[of] p1b: Charizard\n|move|p2a: Scovillain|Rage Powder|p2a: Scovillain\n|-singleturn|p2a: Scovillain|move: Rage Powder\n|move|p1a: Whimsicott|Moonblast|p2b: Basculegion\n|-damage|p2b: Basculegion|63/100\n|move|p1b: Charizard|Heat Wave|p2a: Scovillain|[spread] p2a,p2b\n|-resisted|p2b: Basculegion|1\n|-damage|p2a: Scovillain|32/100\n|-damage|p2b: Basculegion|26/100\n|move|p2b: Basculegion|Wave Crash|p1b: Charizard\n|-supereffective|p1b: Charizard|1\n|-damage|p1b: Charizard|0 fnt\n|faint|p1b: Charizard\n|-damage|p2b: Basculegion|0 fnt|[from] Recoil\n|faint|p2b: Basculegion\n|\n|-weather|SunnyDay|[upkeep]\n|upkeep\n|\n|t:|1788296064\n|switch|p1b: Basculegion|Basculegion, L50, M|100/100\n|switch|p2b: Sneasler|Sneasler, L50, M|100/100\n|turn|4\n|\n|t:|1788296077\n|move|p1a: Whimsicott|Protect|p1a: Whimsicott\n|-singleturn|p1a: Whimsicott|Protect\n|move|p1b: Basculegion|Protect|p1b: Basculegion\n|-singleturn|p1b: Basculegion|Protect\n|move|p2b: Sneasler|Protect|p2b: Sneasler\n|-singleturn|p2b: Sneasler|Protect\n|move|p2a: Scovillain|Giga Drain|p1b: Basculegion\n|-activate|p1b: Basculegion|move: Protect\n|\n|-weather|SunnyDay|[upkeep]\n|-sideend|p1: beefcakessupreme|move: Tailwind\n|upkeep\n|turn|5\n|inactive|m3troGoonin has 30 seconds left.\n|\n|t:|1788296105\n|move|p1a: Whimsicott|Encore|p2b: Sneasler\n|-start|p2b: Sneasler|Encore\n|move|p2b: Sneasler|Protect|p2b: Sneasler\n|-singleturn|p2b: Sneasler|Protect\n|move|p1b: Basculegion|Last Respects|p2a: Scovillain\n|-damage|p2a: Scovillain|0 fnt\n|-status|p1b: Basculegion|brn|[from] ability: Spicy Spray|[of] p2a: Scovillain\n|faint|p2a: Scovillain\n|\n|-weather|SunnyDay|[upkeep]\n|-damage|p1b: Basculegion|94/100 brn|[from] brn\n|upkeep\n|turn|6\n|-message|m3troGoonin forfeited.\n|\n|win|beefcakessupreme\n|raw|beefcakessupreme's rating: 1492 &rarr; <strong>1510</strong><br />(+18 for winning)\n|raw|m3troGoonin's rating: 1461 &rarr; <strong>1443</strong><br />(-18 for losing)\n","uploadtime":1788296118,"views":"3","formatid":"gen9championsvgc2026regmb","rating":1443,"private":0,"password":null}