{"id":"gen9championsvgc2026regmbbo3-2673257678","format":"[Gen 9 Champions] VGC 2026 Reg M-B (Bo3)","players":["delfin679","NightshadeAI"],"log":"|j|☆delfin679\n|j|☆NightshadeAI\n|html|<table width=\"100%\"><tr><td align=\"left\">delfin679</td><td align=\"right\">NightshadeAI</tr><tr><td align=\"left\"><i class=\"fa fa-circle\"></i> <i class=\"fa fa-circle-o\"></i> </td><td align=\"right\"><i class=\"fa fa-circle-o\"></i> <i class=\"fa fa-circle\"></i> </tr></table>\n|uhtml|bestof|<h2><strong>Game 3</strong> of <a href=\"/game-bestof3-gen9championsvgc2026regmbbo3-2673256014\">a best-of-3</a></h2>\n|t:|1788171031\n|gametype|doubles\n|player|p1|delfin679|101|1146\n|player|p2|NightshadeAI|101|1070\n|gen|9\n|tier|[Gen 9 Champions] VGC 2026 Reg M-B (Bo3)\n|rated|\n|rule|Species Clause: Limit one of each Pokémon\n|rule|Item Clause: Limit 1 of each item\n|clearpoke\n|poke|p1|Tyranitar, L50, F, shiny|\n|poke|p1|Excadrill, L50, F, shiny|\n|poke|p1|Gyarados, L50, M, shiny|\n|poke|p1|Sinistcha, L50, shiny|\n|poke|p1|Sneasler, L50, M, shiny|\n|poke|p1|Pyroar, L50, M, shiny|\n|poke|p2|Whimsicott, L50, F|\n|poke|p2|Charizard, L50, F|\n|poke|p2|Basculegion, L50, M|\n|poke|p2|Garchomp, L50, F|\n|poke|p2|Floette-Eternal, L50, F|\n|poke|p2|Kingambit, L50, F|\n|teampreview|4\n|showteam|p1|Tyranitar||ChoiceScarf|SandStream|RockSlide,KnockOff,LowKick,IcePunch|Jolly||F|||50|]Excadrill||FocusSash|SandRush|RockSlide,IronHead,HighHorsepower,Protect|Adamant||F|||50|]Gyarados||Gyaradosite|Intimidate|LashOut,Waterfall,DragonDance,Protect|Adamant||M|||50|]Sinistcha||KasibBerry|Hospitality|MatchaGotcha,RagePowder,TrickRoom,Protect|Calm|||||50|]Sneasler||WhiteHerb|Unburden|FakeOut,PoisonJab,CloseCombat,Protect|Adamant||M|||50|]Pyroar||Pyroarite|Rivalry|Overheat,Protect,HeatWave,SolarBeam|Timid||M|||50|\n|showteam|p2|Whimsicott||FocusSash|Prankster|Moonblast,Tailwind,Encore,Protect|Timid||F|||50|]Charizard||CharizarditeY|Blaze|WeatherBall,SolarBeam,HeatWave,Protect|Modest||F|||50|]Basculegion||MysticWater|Adaptability|LastRespects,WaveCrash,AquaJet,Protect|Adamant||M|||50|]Garchomp||LifeOrb|RoughSkin|DragonClaw,Earthquake,RockSlide,Protect|Adamant||F|||50|]Floette-Eternal||Floettite|FlowerVeil|DazzlingGleam,LightofRuin,Moonblast,Protect|Modest||F|||50|]Kingambit||ChopleBerry|Defiant|KowtowCleave,SuckerPunch,IronHead,LowKick|Adamant||F|||50|\n|inactive|Battle timer is ON: inactive players will automatically lose when time's up. (requested by NightshadeAI)\n|l|☆delfin679\n|inactive|delfin679 disconnected and has a minute to reconnect!\n|player|p1|\n|j|☆delfin679\n|inactive|delfin679 reconnected and has 70 seconds left.\n|player|p1|delfin679|101|\n|\n|t:|1788171056\n|teamsize|p1|4\n|teamsize|p2|4\n|start\n|switch|p1a: Sinistcha|Sinistcha, L50, shiny|100/100\n|switch|p1b: Gyarados|Gyarados, L50, M, shiny|100/100\n|switch|p2a: Garchomp|Garchomp, L50, F|100/100\n|switch|p2b: Whimsicott|Whimsicott, L50, F|100/100\n|-ability|p1b: Gyarados|Intimidate|boost\n|-unboost|p2a: Garchomp|atk|1\n|-unboost|p2b: Whimsicott|atk|1\n|turn|1\n|\n|t:|1788171068\n|move|p2a: Garchomp|Protect|p2a: Garchomp\n|-singleturn|p2a: Garchomp|Protect\n|move|p2b: Whimsicott|Tailwind|p2b: Whimsicott\n|-sidestart|p2: NightshadeAI|move: Tailwind\n|move|p1b: Gyarados|Dragon Dance|p1b: Gyarados\n|-boost|p1b: Gyarados|atk|1\n|-boost|p1b: Gyarados|spe|1\n|move|p1a: Sinistcha|Trick Room|p1a: Sinistcha\n|-fieldstart|move: Trick Room|[of] p1a: Sinistcha\n|\n|upkeep\n|turn|2\n|\n|t:|1788171085\n|switch|p1a: Excadrill|Excadrill, L50, F, shiny|100/100\n|move|p1b: Gyarados|Waterfall|p2a: Garchomp\n|-damage|p2a: Garchomp|40/100\n|-damage|p1b: Gyarados|87/100|[from] ability: Rough Skin|[of] p2a: Garchomp\n|cant|p2a: Garchomp|flinch\n|move|p2b: Whimsicott|Moonblast|p1a: Excadrill\n|-resisted|p1a: Excadrill|1\n|-damage|p1a: Excadrill|80/100\n|\n|upkeep\n|turn|3\n|\n|t:|1788171100\n|move|p2b: Whimsicott|Protect|p2b: Whimsicott\n|-singleturn|p2b: Whimsicott|Protect\n|move|p1a: Excadrill|Iron Head|p2b: Whimsicott\n|-activate|p2b: Whimsicott|move: Protect\n|move|p1b: Gyarados|Lash Out|p2b: Whimsicott\n|-activate|p2b: Whimsicott|move: Protect\n|move|p2a: Garchomp|Earthquake|p1b: Gyarados|[spread] p1a\n|-activate|p2b: Whimsicott|move: Protect\n|-immune|p1b: Gyarados\n|-supereffective|p1a: Excadrill|1\n|-damage|p1a: Excadrill|0 fnt\n|faint|p1a: Excadrill\n|-damage|p2a: Garchomp|30/100|[from] item: Life Orb\n|\n|upkeep\n|\n|t:|1788171104\n|switch|p1a: Sinistcha|Sinistcha, L50, shiny|100/100\n|-heal|p1b: Gyarados|100/100|[from] ability: Hospitality|[of] p1a: Sinistcha\n|turn|4\n|\n|t:|1788171108\n|move|p2b: Whimsicott|Protect||[still]\n|-fail|p2b: Whimsicott\n|move|p2a: Garchomp|Protect|p2a: Garchomp\n|-singleturn|p2a: Garchomp|Protect\n|move|p1a: Sinistcha|Matcha Gotcha|p2b: Whimsicott|[spread] \n|-activate|p2a: Garchomp|move: Protect\n|-miss|p1a: Sinistcha|p2b: Whimsicott\n|move|p1b: Gyarados|Waterfall|p2b: Whimsicott\n|-resisted|p2b: Whimsicott|1\n|-damage|p2b: Whimsicott|58/100\n|\n|-sideend|p2: NightshadeAI|move: Tailwind\n|upkeep\n|turn|5\n|l|☆delfin679\n|inactive|delfin679 disconnected and has a minute to reconnect!\n|player|p1|\n|j|☆delfin679\n|inactive|delfin679 reconnected and has 35 seconds left.\n|player|p1|delfin679|101|\n|\n|t:|1788171132\n|move|p2b: Whimsicott|Protect|p2b: Whimsicott\n|-singleturn|p2b: Whimsicott|Protect\n|move|p2a: Garchomp|Protect|p2a: Garchomp\n|-singleturn|p2a: Garchomp|Protect\n|move|p1a: Sinistcha|Matcha Gotcha|p2a: Garchomp|[spread] \n|-activate|p2a: Garchomp|move: Protect\n|-activate|p2b: Whimsicott|move: Protect\n|move|p1b: Gyarados|Dragon Dance|p1b: Gyarados\n|-boost|p1b: Gyarados|atk|1\n|-boost|p1b: Gyarados|spe|1\n|\n|-fieldend|move: Trick Room\n|upkeep\n|turn|6\n|l|☆delfin679\n|inactive|delfin679 disconnected and has a minute to reconnect!\n|player|p1|\n|j|☆delfin679\n|inactive|delfin679 reconnected and has 35 seconds left.\n|player|p1|delfin679|101|\n|inactive|delfin679 has 30 seconds left.\n|\n|t:|1788171162\n|move|p1a: Sinistcha|Rage Powder|p1a: Sinistcha\n|-singleturn|p1a: Sinistcha|move: Rage Powder\n|move|p2b: Whimsicott|Tailwind|p2b: Whimsicott\n|-sidestart|p2: NightshadeAI|move: Tailwind\n|move|p2a: Garchomp|Rock Slide|p1b: Gyarados|[spread] p1a,p1b\n|-supereffective|p1b: Gyarados|1\n|-damage|p1a: Sinistcha|80/100\n|-damage|p1b: Gyarados|52/100\n|-damage|p2a: Garchomp|20/100y|[from] item: Life Orb\n|move|p1b: Gyarados|Waterfall|p2a: Garchomp\n|-damage|p2a: Garchomp|0 fnt\n|-damage|p1b: Gyarados|40/100|[from] ability: Rough Skin|[of] p2a: Garchomp\n|faint|p2a: Garchomp\n|\n|upkeep\n|\n|t:|1788171166\n|switch|p2a: Basculegion|Basculegion, L50, M|100/100\n|turn|7\n|\n|t:|1788171177\n|move|p1b: Gyarados|Protect|p1b: Gyarados\n|-singleturn|p1b: Gyarados|Protect\n|move|p2a: Basculegion|Protect|p2a: Basculegion\n|-singleturn|p2a: Basculegion|Protect\n|move|p2b: Whimsicott|Tailwind||[still]\n|-fail|p2b: Whimsicott\n|move|p1a: Sinistcha|Matcha Gotcha|p2b: Whimsicott|[spread] p2b\n|-activate|p2a: Basculegion|move: Protect\n|-resisted|p2b: Whimsicott|1\n|-damage|p2b: Whimsicott|41/100\n|-heal|p1a: Sinistcha|88/100|[from] drain|[of] p2b: Whimsicott\n|\n|upkeep\n|turn|8\n|\n|t:|1788171186\n|switch|p1b: Tyranitar|Tyranitar, L50, F, shiny|100/100\n|-weather|Sandstorm|[from] ability: Sand Stream|[of] p1b: Tyranitar\n|move|p2b: Whimsicott|Moonblast|p1a: Sinistcha\n|-damage|p1a: Sinistcha|65/100\n|move|p2a: Basculegion|Last Respects|p1b: Tyranitar\n|-resisted|p1b: Tyranitar|1\n|-damage|p1b: Tyranitar|70/100\n|move|p1a: Sinistcha|Matcha Gotcha|p2a: Basculegion|[spread] p2b\n|-miss|p1a: Sinistcha|p2a: Basculegion\n|-resisted|p2b: Whimsicott|1\n|-damage|p2b: Whimsicott|25/100\n|-heal|p1a: Sinistcha|73/100|[from] drain|[of] p2b: Whimsicott\n|\n|-weather|Sandstorm|[upkeep]\n|-damage|p2b: Whimsicott|19/100|[from] Sandstorm\n|-damage|p2a: Basculegion|93/100|[from] Sandstorm\n|-damage|p1a: Sinistcha|66/100|[from] Sandstorm\n|upkeep\n|turn|9\n|\n|t:|1788171208\n|move|p1a: Sinistcha|Protect|p1a: Sinistcha\n|-singleturn|p1a: Sinistcha|Protect\n|move|p2b: Whimsicott|Moonblast|p1a: Sinistcha\n|-activate|p1a: Sinistcha|move: Protect\n|move|p2a: Basculegion|Wave Crash|p1b: Tyranitar\n|-supereffective|p1b: Tyranitar|1\n|-damage|p1b: Tyranitar|0 fnt\n|faint|p1b: Tyranitar\n|-damage|p2a: Basculegion|74/100|[from] Recoil\n|\n|-weather|Sandstorm|[upkeep]\n|-damage|p2b: Whimsicott|13/100|[from] Sandstorm\n|-damage|p2a: Basculegion|67/100|[from] Sandstorm\n|-damage|p1a: Sinistcha|60/100|[from] Sandstorm\n|-sideend|p2: NightshadeAI|move: Tailwind\n|upkeep\n|\n|t:|1788171215\n|switch|p1b: Gyarados|Gyarados, L50, M, shiny|40/100\n|-ability|p1b: Gyarados|Intimidate|boost\n|-unboost|p2a: Basculegion|atk|1\n|-unboost|p2b: Whimsicott|atk|1\n|turn|10\n|\n|t:|1788171223\n|detailschange|p1b: Gyarados|Gyarados-Mega, L50, M, shiny\n|-mega|p1b: Gyarados|Gyarados|Gyaradosite\n|-ability|p1b: Gyarados|Mold Breaker\n|move|p2a: Basculegion|Protect|p2a: Basculegion\n|-singleturn|p2a: Basculegion|Protect\n|move|p2b: Whimsicott|Tailwind|p2b: Whimsicott\n|-sidestart|p2: NightshadeAI|move: Tailwind\n|move|p1b: Gyarados|Lash Out|p2a: Basculegion\n|-activate|p2a: Basculegion|move: Protect\n|move|p1a: Sinistcha|Matcha Gotcha|p2b: Whimsicott|[spread] p2b\n|-activate|p2a: Basculegion|move: Protect\n|-resisted|p2b: Whimsicott|1\n|-damage|p2b: Whimsicott|0 fnt\n|-heal|p1a: Sinistcha|67/100|[from] drain|[of] p2b: Whimsicott\n|faint|p2b: Whimsicott\n|\n|-weather|Sandstorm|[upkeep]\n|-damage|p2a: Basculegion|61/100|[from] Sandstorm\n|-damage|p1b: Gyarados|34/100|[from] Sandstorm\n|-damage|p1a: Sinistcha|61/100|[from] Sandstorm\n|upkeep\n|\n|t:|1788171227\n|switch|p2b: Floette|Floette-Eternal, L50, F|100/100\n|turn|11\n|l|☆delfin679\n|inactive|delfin679 disconnected and has a minute to reconnect!\n|player|p1|\n|j|☆delfin679\n|inactive|delfin679 reconnected and has 35 seconds left.\n|player|p1|delfin679|101|\n|inactive|delfin679 has 30 seconds left.\n|\n|t:|1788171261\n|detailschange|p2b: Floette|Floette-Mega, L50, F\n|-mega|p2b: Floette|Floette|Floettite\n|-ability|p2b: Floette|Fairy Aura\n|move|p1b: Gyarados|Protect|p1b: Gyarados\n|-singleturn|p1b: Gyarados|Protect\n|move|p1a: Sinistcha|Protect|p1a: Sinistcha\n|-singleturn|p1a: Sinistcha|Protect\n|move|p2b: Floette|Dazzling Gleam|p1b: Gyarados|[spread] \n|-activate|p1a: Sinistcha|move: Protect\n|-activate|p1b: Gyarados|move: Protect\n|move|p2a: Basculegion|Last Respects|p1b: Gyarados\n|-activate|p1b: Gyarados|move: Protect\n|\n|-weather|Sandstorm|[upkeep]\n|-damage|p2b: Floette|93/100|[from] Sandstorm\n|-damage|p2a: Basculegion|55/100|[from] Sandstorm\n|-damage|p1b: Gyarados|29/100|[from] Sandstorm\n|-damage|p1a: Sinistcha|55/100|[from] Sandstorm\n|upkeep\n|turn|12\n|\n|t:|1788171274\n|move|p2b: Floette|Dazzling Gleam|p1b: Gyarados|[spread] p1a,p1b\n|-supereffective|p1b: Gyarados|1\n|-damage|p1a: Sinistcha|10/100\n|-damage|p1b: Gyarados|0 fnt\n|faint|p1b: Gyarados\n|move|p2a: Basculegion|Last Respects|p1a: Sinistcha\n|-supereffective|p1a: Sinistcha|1\n|-enditem|p1a: Sinistcha|Kasib Berry|[eat]\n|-enditem|p1a: Sinistcha|Kasib Berry|[weaken]\n|-damage|p1a: Sinistcha|0 fnt\n|faint|p1a: Sinistcha\n|\n|win|NightshadeAI\n|raw|delfin679's rating: 1146 &rarr; <strong>1116</strong><br />(-30 for losing)\n|raw|NightshadeAI's rating: 1070 &rarr; <strong>1106</strong><br />(+36 for winning)\n|l|☆NightshadeAI\n|player|p2|\n","uploadtime":1788171278,"views":"0","formatid":"gen9championsvgc2026regmbbo3","rating":1106,"private":0,"password":null}