{"id":"gen9championsvgc2026regmb-2674433206","format":"[Gen 9 Champions] VGC 2026 Reg M-B","players":["migerusv","Orizor"],"log":"|j|☆migerusv\n|j|☆Orizor\n|t:|1788359228\n|gametype|doubles\n|player|p1|migerusv|hilbert-wonderlauncher|1542\n|player|p2|Orizor|hilbert-wonderlauncher|1430\n|gen|9\n|tier|[Gen 9 Champions] VGC 2026 Reg M-B\n|rated|\n|rule|Species Clause: Limit one of each Pokémon\n|rule|Item Clause: Limit 1 of each item\n|clearpoke\n|poke|p1|Froslass, L50, F|\n|poke|p1|Ninetales-Alola, L50, F|\n|poke|p1|Archaludon, L50, F|\n|poke|p1|Politoed, L50, M|\n|poke|p1|Sneasler, L50, F|\n|poke|p1|Kingambit, L50, F|\n|poke|p2|Charizard, L50, F|\n|poke|p2|Heliolisk, L50, M|\n|poke|p2|Garchomp, L50, M|\n|poke|p2|Kingambit, L50, F|\n|poke|p2|Basculegion, L50, M|\n|poke|p2|Whimsicott, L50, M|\n|teampreview|4\n|\n|t:|1788359279\n|teamsize|p1|4\n|teamsize|p2|4\n|start\n|switch|p1a: Sneasler|Sneasler, L50, F|100/100\n|switch|p1b: Politoed|Politoed, L50, M|100/100\n|switch|p2a: Kingambit|Kingambit, L50, F|100/100\n|switch|p2b: Basculegion|Basculegion, L50, M|100/100\n|-weather|RainDance|[from] ability: Drizzle|[of] p1b: Politoed\n|turn|1\n|\n|t:|1788359296\n|switch|p1b: Ninetales|Ninetales-Alola, L50, F|100/100\n|-weather|Snowscape|[from] ability: Snow Warning|[of] p1b: Ninetales\n|move|p1a: Sneasler|Close Combat|p2a: Kingambit\n|-supereffective|p2a: Kingambit|2\n|-enditem|p2a: Kingambit|Chople Berry|[eat]\n|-enditem|p2a: Kingambit|Chople Berry|[weaken]\n|-damage|p2a: Kingambit|0 fnt\n|-unboost|p1a: Sneasler|def|1\n|-unboost|p1a: Sneasler|spd|1\n|faint|p2a: Kingambit\n|-damage|p1a: Sneasler|90/100|[from] item: Life Orb\n|move|p2b: Basculegion|Wave Crash|p1a: Sneasler\n|-damage|p1a: Sneasler|0 fnt\n|faint|p1a: Sneasler\n|-damage|p2b: Basculegion|75/100|[from] Recoil\n|\n|-weather|Snowscape|[upkeep]\n|upkeep\n|\n|t:|1788359306\n|switch|p1a: Archaludon|Archaludon, L50, F|100/100\n|switch|p2a: Charizard|Charizard, L50, F|100/100\n|turn|2\n|\n|t:|1788359328\n|detailschange|p2a: Charizard|Charizard-Mega-Y, L50, F\n|-mega|p2a: Charizard|Charizard|Charizardite Y\n|-weather|SunnyDay|[from] ability: Drought|[of] p2a: Charizard\n|move|p1a: Archaludon|Protect|p1a: Archaludon\n|-singleturn|p1a: Archaludon|Protect\n|move|p1b: Ninetales|Freeze-Dry|p2b: Basculegion\n|-supereffective|p2b: Basculegion|1\n|-damage|p2b: Basculegion|16/100\n|move|p2a: Charizard|Heat Wave|p1b: Ninetales|[spread] p1b\n|-activate|p1a: Archaludon|move: Protect\n|-supereffective|p1b: Ninetales|1\n|-crit|p1b: Ninetales\n|-enditem|p1b: Ninetales|Focus Sash\n|-damage|p1b: Ninetales|1/100\n|-status|p1b: Ninetales|brn\n|move|p2b: Basculegion|Last Respects|p1a: Archaludon\n|-activate|p1a: Archaludon|move: Protect\n|\n|-weather|SunnyDay|[upkeep]\n|-damage|p1b: Ninetales|0 fnt|[from] brn\n|faint|p1b: Ninetales\n|upkeep\n|\n|t:|1788359346\n|switch|p1b: Politoed|Politoed, L50, M|100/100\n|-weather|RainDance|[from] ability: Drizzle|[of] p1b: Politoed\n|turn|3\n|\n|t:|1788359365\n|switch|p2a: Whimsicott|Whimsicott, L50, M|100/100\n|move|p2b: Basculegion|Last Respects|p1a: Archaludon\n|-damage|p1a: Archaludon|52/100\n|-ability|p1a: Archaludon|Stamina|boost\n|-boost|p1a: Archaludon|def|1\n|move|p1a: Archaludon|Dragon Pulse|p2a: Whimsicott\n|-immune|p2a: Whimsicott\n|move|p1b: Politoed|Weather Ball|p2b: Basculegion\n|-resisted|p2b: Basculegion|1\n|-damage|p2b: Basculegion|0 fnt\n|faint|p2b: Basculegion\n|\n|-weather|RainDance|[upkeep]\n|-heal|p1a: Archaludon|58/100|[from] item: Leftovers\n|upkeep\n|\n|t:|1788359374\n|switch|p2b: Charizard|Charizard-Mega-Y, L50, F|100/100\n|-weather|SunnyDay|[from] ability: Drought|[of] p2b: Charizard\n|turn|4\n|\n|t:|1788359391\n|move|p1b: Politoed|Protect|p1b: Politoed\n|-singleturn|p1b: Politoed|Protect\n|move|p2a: Whimsicott|Moonblast|p1a: Archaludon\n|-damage|p1a: Archaludon|27/100\n|-ability|p1a: Archaludon|Stamina|boost\n|-boost|p1a: Archaludon|def|1\n|move|p2b: Charizard|Heat Wave|p1b: Politoed|[spread] p1a\n|-activate|p1b: Politoed|move: Protect\n|-crit|p1a: Archaludon\n|-damage|p1a: Archaludon|0 fnt\n|faint|p1a: Archaludon\n|\n|-weather|SunnyDay|[upkeep]\n|upkeep\n|turn|5\n|-message|migerusv forfeited.\n|\n|win|Orizor\n|raw|migerusv's rating: 1542 &rarr; <strong>1516</strong><br />(-26 for losing)\n|raw|Orizor's rating: 1430 &rarr; <strong>1456</strong><br />(+26 for winning)\n|l|☆migerusv\n|player|p1|\n","uploadtime":1788359398,"views":"1","formatid":"gen9championsvgc2026regmb","rating":1456,"private":0,"password":null}