{"id":"gen9championsvgc2026regmb-2673889853","format":"[Gen 9 Champions] VGC 2026 Reg M-B","players":["ShrimpGun","Arnauthr"],"log":"|j|☆ShrimpGun\n|j|☆Arnauthr\n|t:|1788273541\n|gametype|doubles\n|player|p1|ShrimpGun|fisherman-gen4|1125\n|player|p2|Arnauthr|red|1040\n|gen|9\n|tier|[Gen 9 Champions] VGC 2026 Reg M-B\n|rated|\n|rule|Species Clause: Limit one of each Pokémon\n|rule|Item Clause: Limit 1 of each item\n|clearpoke\n|poke|p1|Staraptor, L50, F|\n|poke|p1|Farigiraf, L50, F, shiny|\n|poke|p1|Clawitzer, L50, M|\n|poke|p1|Arcanine-Hisui, L50, F|\n|poke|p1|Sylveon, L50, F|\n|poke|p1|Kingambit, L50, F|\n|poke|p2|Dragonite, L50, F|\n|poke|p2|Sneasler, L50, M|\n|poke|p2|Basculegion, L50, M|\n|poke|p2|Kingambit, L50, M|\n|poke|p2|Garchomp, L50, F|\n|poke|p2|Floette-Eternal, L50, F|\n|teampreview|4\n|inactive|Battle timer is ON: inactive players will automatically lose when time's up. (requested by Arnauthr)\n|inactive|Arnauthr has 60 seconds left.\n|inactive|Arnauthr has 30 seconds left.\n|\n|t:|1788273609\n|teamsize|p1|4\n|teamsize|p2|4\n|start\n|switch|p1a: Staraptor|Staraptor, L50, F|100/100\n|switch|p1b: Farigiraf|Farigiraf, L50, F, shiny|100/100\n|switch|p2a: Floette|Floette-Eternal, L50, F|100/100\n|switch|p2b: Sneasler|Sneasler, L50, M|100/100\n|-ability|p1a: Staraptor|Intimidate|boost\n|-unboost|p2a: Floette|atk|1\n|-unboost|p2b: Sneasler|atk|1\n|turn|1\n|inactive|Arnauthr has 30 seconds left.\n|\n|t:|1788273640\n|switch|p2b: Basculegion|Basculegion, L50, M|100/100\n|detailschange|p1a: Staraptor|Staraptor-Mega, L50, F\n|-mega|p1a: Staraptor|Staraptor|Staraptite\n|detailschange|p2a: Floette|Floette-Mega, L50, F\n|-mega|p2a: Floette|Floette|Floettite\n|-ability|p2a: Floette|Fairy Aura\n|move|p1a: Staraptor|Protect|p1a: Staraptor\n|-singleturn|p1a: Staraptor|Protect\n|move|p2a: Floette|Light of Ruin|p1a: Staraptor\n|-activate|p1a: Staraptor|move: Protect\n|move|p1b: Farigiraf|Nasty Plot|p1b: Farigiraf\n|-boost|p1b: Farigiraf|spa|2\n|\n|upkeep\n|turn|2\n|inactive|Arnauthr has 30 seconds left.\n|inactive|Arnauthr has 20 seconds left.\n|inactive|Arnauthr has 15 seconds left.\n|\n|t:|1788273683\n|move|p1a: Staraptor|Brave Bird|p2a: Floette\n|-damage|p2a: Floette|30/100\n|-damage|p1a: Staraptor|81/100|[from] Recoil\n|move|p2a: Floette|Moonblast|p1a: Staraptor\n|-supereffective|p1a: Staraptor|1\n|-damage|p1a: Staraptor|0 fnt\n|faint|p1a: Staraptor\n|move|p2b: Basculegion|Wave Crash|p1b: Farigiraf\n|-damage|p1b: Farigiraf|6/100\n|-enditem|p1b: Farigiraf|Sitrus Berry|[eat]\n|-heal|p1b: Farigiraf|30/100|[from] item: Sitrus Berry\n|-damage|p2b: Basculegion|64/100|[from] Recoil\n|-damage|p2b: Basculegion|55/100|[from] item: Life Orb\n|move|p1b: Farigiraf|Trick Room|p1b: Farigiraf\n|-fieldstart|move: Trick Room|[of] p1b: Farigiraf\n|\n|upkeep\n|\n|t:|1788273687\n|switch|p1a: Old Yeller|Sylveon, L50, F|100/100\n|turn|3\n|inactive|Arnauthr has 30 seconds left.\n|\n|t:|1788273716\n|move|p2b: Basculegion|Protect|p2b: Basculegion\n|-singleturn|p2b: Basculegion|Protect\n|move|p2a: Floette|Protect|p2a: Floette\n|-singleturn|p2a: Floette|Protect\n|move|p1b: Farigiraf|Thunderbolt|p2b: Basculegion\n|-activate|p2b: Basculegion|move: Protect\n|move|p1a: Old Yeller|Hyper Voice|p2a: Floette|[spread] \n|-activate|p2a: Floette|move: Protect\n|-activate|p2b: Basculegion|move: Protect\n|\n|upkeep\n|turn|4\n|inactive|Arnauthr has 30 seconds left.\n|inactive|Arnauthr has 20 seconds left.\n|inactive|Arnauthr has 15 seconds left.\n|inactive|Arnauthr has 10 seconds left.\n|\n|t:|1788273764\n|switch|p2a: Garchomp|Garchomp, L50, F|100/100\n|move|p1b: Farigiraf|Hyper Voice|p2b: Basculegion|[spread] p2a\n|-immune|p2b: Basculegion\n|-damage|p2a: Garchomp|41/100\n|move|p1a: Old Yeller|Hyper Voice|p2a: Garchomp|[spread] p2a,p2b\n|-supereffective|p2a: Garchomp|1\n|-damage|p2a: Garchomp|0 fnt\n|-damage|p2b: Basculegion|11/100\n|faint|p2a: Garchomp\n|move|p2b: Basculegion|Wave Crash|p1a: Old Yeller\n|-damage|p1a: Old Yeller|0 fnt\n|faint|p1a: Old Yeller\n|-damage|p2b: Basculegion|0 fnt|[from] Recoil\n|faint|p2b: Basculegion\n|\n|upkeep\n|\n|t:|1788273778\n|switch|p1a: Clawitzer|Clawitzer, L50, M|100/100\n|switch|p2b: Sneasler|Sneasler, L50, M|100/100\n|switch|p2a: Floette|Floette-Mega, L50, F|30/100\n|-ability|p2a: Floette|Fairy Aura\n|turn|5\n|inactive|Arnauthr has 30 seconds left.\n|inactive|Arnauthr has 20 seconds left.\n|\n|t:|1788273816\n|move|p2a: Floette|Protect|p2a: Floette\n|-singleturn|p2a: Floette|Protect\n|move|p1b: Farigiraf|Hyper Voice|p2a: Floette|[spread] p2b\n|-activate|p2a: Floette|move: Protect\n|-damage|p2b: Sneasler|21/100\n|move|p1a: Clawitzer|Water Pulse|p2b: Sneasler\n|-crit|p2b: Sneasler\n|-damage|p2b: Sneasler|0 fnt\n|faint|p2b: Sneasler\n|-damage|p1a: Clawitzer|90/100|[from] item: Life Orb\n|\n|upkeep\n|turn|6\n|\n|t:|1788273825\n|move|p2a: Floette|Protect||[still]\n|-fail|p2a: Floette\n|move|p1b: Farigiraf|Hyper Voice|p2a: Floette\n|-damage|p2a: Floette|0 fnt\n|faint|p2a: Floette\n|\n|win|ShrimpGun\n|raw|ShrimpGun's rating: 1125 &rarr; <strong>1144</strong><br />(+19 for winning)\n|raw|Arnauthr's rating: 1040 &rarr; <strong>1028</strong><br />(-12 for losing)\n|l|☆Arnauthr\n|player|p2|\n","uploadtime":1788273865,"views":"2","formatid":"gen9championsvgc2026regmb","rating":1028,"private":0,"password":null}