{"id":"gen9championsvgc2026regmb-2674169194","format":"[Gen 9 Champions] VGC 2026 Reg M-B","players":["xiaoyang2004","condret"],"log":"|j|☆xiaoyang2004\n|j|☆condret\n|t:|1788309540\n|gametype|doubles\n|player|p1|xiaoyang2004|dawn-gen4pt|1131\n|player|p2|condret|102|1093\n|gen|9\n|tier|[Gen 9 Champions] VGC 2026 Reg M-B\n|rated|\n|rule|Species Clause: Limit one of each Pokémon\n|rule|Item Clause: Limit 1 of each item\n|clearpoke\n|poke|p1|Charizard, L50, M, shiny|\n|poke|p1|Garchomp, L50, M, shiny|\n|poke|p1|Rotom-Wash, L50, shiny|\n|poke|p1|Whimsicott, L50, F, shiny|\n|poke|p1|Incineroar, L50, M, shiny|\n|poke|p1|Hydreigon, L50, M, shiny|\n|poke|p2|Staraptor, L50, M|\n|poke|p2|Whimsicott, L50, F|\n|poke|p2|Garchomp, L50, M|\n|poke|p2|Rotom-Wash, L50|\n|poke|p2|Farigiraf, L50, F|\n|poke|p2|Tinkaton, L50, F|\n|teampreview|4\ncondret has agreed to open team sheets.\n|\n|t:|1788309596\n|teamsize|p1|4\n|teamsize|p2|4\n|start\n|switch|p1a: Incineroar|Incineroar, L50, M, shiny|100/100\n|switch|p1b: Charizard|Charizard, L50, M, shiny|100/100\n|switch|p2a: Farigiraf|Farigiraf, L50, F|100/100\n|switch|p2b: Rotom|Rotom-Wash, L50|100/100\n|-ability|p1a: Incineroar|Intimidate|boost\n|-unboost|p2a: Farigiraf|atk|1\n|-unboost|p2b: Rotom|atk|1\n|turn|1\n|\n|t:|1788309628\n|detailschange|p1b: Charizard|Charizard-Mega-Y, L50, M, shiny\n|-mega|p1b: Charizard|Charizard|Charizardite Y\n|-weather|SunnyDay|[from] ability: Drought|[of] p1b: Charizard\n|move|p2a: Farigiraf|Helping Hand|p2b: Rotom\n|-singleturn|p2b: Rotom|Helping Hand|[of] p2a: Farigiraf\n|move|p1b: Charizard|Solar Beam||[still]\n|-prepare|p1b: Charizard|Solar Beam\n|-anim|p1b: Charizard|Solar Beam|p2b: Rotom\n|-supereffective|p2b: Rotom|1\n|-damage|p2b: Rotom|0 fnt\n|faint|p2b: Rotom\n|move|p1a: Incineroar|Throat Chop|p2a: Farigiraf\n|-supereffective|p2a: Farigiraf|1\n|-enditem|p2a: Farigiraf|Colbur Berry|[eat]\n|-enditem|p2a: Farigiraf|Colbur Berry|[weaken]\n|-damage|p2a: Farigiraf|76/100\n|-start|p2a: Farigiraf|Throat Chop|[silent]\n|\n|-weather|SunnyDay|[upkeep]\n|upkeep\n|\n|t:|1788309642\n|switch|p2b: Garchomp|Garchomp, L50, M|100/100\n|turn|2\n|\n|t:|1788309653\n|switch|p1a: Rotom|Rotom-Wash, L50, shiny|100/100\n|move|p2a: Farigiraf|Helping Hand|p2b: Garchomp\n|-singleturn|p2b: Garchomp|Helping Hand|[of] p2a: Farigiraf\n|move|p1b: Charizard|Protect|p1b: Charizard\n|-singleturn|p1b: Charizard|Protect\n|move|p2b: Garchomp|Rock Slide|p1b: Charizard|[spread] p1a\n|-activate|p1b: Charizard|move: Protect\n|-damage|p1a: Rotom|66/100\n|\n|-weather|SunnyDay|[upkeep]\n|-heal|p1a: Rotom|72/100|[from] item: Leftovers\n|-end|p2a: Farigiraf|Throat Chop|[silent]\n|upkeep\n|turn|3\n|\n|t:|1788309676\n|switch|p2b: Staraptor|Staraptor, L50, M|100/100\n|-ability|p2b: Staraptor|Intimidate|boost\n|-unboost|p1a: Rotom|atk|1\n|-unboost|p1b: Charizard|atk|1\n|switch|p1b: Incineroar|Incineroar, L50, M, shiny|100/100\n|-ability|p1b: Incineroar|Intimidate|boost\n|-unboost|p2a: Farigiraf|atk|1\n|-unboost|p2b: Staraptor|atk|1\n|move|p1a: Rotom|Will-O-Wisp|p2b: Staraptor\n|-status|p2b: Staraptor|brn\n|move|p2a: Farigiraf|Skill Swap|p1a: Rotom\n|-activate|p2a: Farigiraf|Skill Swap|Levitate|Armor Tail|[of] p1a: Rotom\n|\n|-weather|SunnyDay|[upkeep]\n|-heal|p1a: Rotom|78/100|[from] item: Leftovers\n|-damage|p2b: Staraptor|94/100 brn|[from] brn\n|upkeep\n|turn|4\n|\n|t:|1788309707\n|switch|p2b: Garchomp|Garchomp, L50, M|100/100\n|move|p1a: Rotom|Thunderbolt|p2b: Garchomp\n|-immune|p2b: Garchomp\n|move|p1b: Incineroar|Throat Chop|p2a: Farigiraf\n|-supereffective|p2a: Farigiraf|1\n|-damage|p2a: Farigiraf|25/100\n|-start|p2a: Farigiraf|Throat Chop|[silent]\n|move|p2a: Farigiraf|Twin Beam|p1a: Rotom\n|-damage|p1a: Rotom|59/100\n|-damage|p1a: Rotom|41/100\n|-hitcount|p1a: Rotom|2\n|\n|-weather|SunnyDay|[upkeep]\n|-heal|p1a: Rotom|47/100|[from] item: Leftovers\n|upkeep\n|turn|5\n|\n|t:|1788309743\n|move|p2a: Farigiraf|Helping Hand|p2b: Garchomp\n|-singleturn|p2b: Garchomp|Helping Hand|[of] p2a: Farigiraf\n|move|p2b: Garchomp|Rock Slide|p1a: Rotom|[spread] p1a,p1b\n|-supereffective|p1b: Incineroar|1\n|-damage|p1a: Rotom|15/100\n|-damage|p1b: Incineroar|43/100\n|move|p1a: Rotom|Will-O-Wisp|p2b: Garchomp\n|-status|p2b: Garchomp|brn\n|move|p1b: Incineroar|Parting Shot|p2b: Garchomp\n|-unboost|p2b: Garchomp|atk|1\n|-unboost|p2b: Garchomp|spa|1\n|\n|t:|1788309755\n|switch|p1b: Garchomp|Garchomp, L50, M, shiny|100/100|[from] Parting Shot\n|\n|-weather|none\n|-heal|p1a: Rotom|21/100|[from] item: Leftovers\n|-damage|p2b: Garchomp|93/100 brn|[from] brn\n|-end|p2a: Farigiraf|Throat Chop|[silent]\n|upkeep\n|turn|6\n|\n|t:|1788309778\n|switch|p2b: Staraptor|Staraptor, L50, M|94/100 brn\n|-ability|p2b: Staraptor|Intimidate|boost\n|-unboost|p1a: Rotom|atk|1\n|-unboost|p1b: Garchomp|atk|1\n|switch|p1a: Incineroar|Incineroar, L50, M, shiny|43/100\n|-ability|p1a: Incineroar|Intimidate|boost\n|-unboost|p2a: Farigiraf|atk|1\n|-unboost|p2b: Staraptor|atk|1\n|move|p2a: Farigiraf|Protect|p2a: Farigiraf\n|-singleturn|p2a: Farigiraf|Protect\n|move|p1b: Garchomp|Dragon Claw|p2a: Farigiraf\n|-activate|p2a: Farigiraf|move: Protect\n|\n|-damage|p2b: Staraptor|88/100 brn|[from] brn\n|upkeep\n|turn|7\n|\n|t:|1788309817\n|switch|p2a: Garchomp|Garchomp, L50, M|93/100 brn\n|move|p2b: Staraptor|Protect|p2b: Staraptor\n|-singleturn|p2b: Staraptor|Protect\n|move|p1b: Garchomp|Dragon Claw|p2a: Garchomp\n|-supereffective|p2a: Garchomp|1\n|-damage|p2a: Garchomp|22/100 brn\n|-damage|p1b: Garchomp|87/100|[from] ability: Rough Skin|[of] p2a: Garchomp\n|-damage|p1b: Garchomp|77/100|[from] item: Life Orb\n|move|p1a: Incineroar|Throat Chop|p2a: Garchomp\n|-damage|p2a: Garchomp|0 fnt\n|-damage|p1a: Incineroar|31/100|[from] ability: Rough Skin|[of] p2a: Garchomp\n|faint|p2a: Garchomp\n|\n|-damage|p2b: Staraptor|82/100 brn|[from] brn\n|upkeep\n|\n|t:|1788309832\n|switch|p2a: Farigiraf|Farigiraf, L50, F|25/100\n|turn|8\n|\n|t:|1788309847\n|detailschange|p2b: Staraptor|Staraptor-Mega, L50, M\n|-mega|p2b: Staraptor|Staraptor|Staraptite\n|move|p2a: Farigiraf|Helping Hand|p2b: Staraptor\n|-singleturn|p2b: Staraptor|Helping Hand|[of] p2a: Farigiraf\n|move|p2b: Staraptor|Close Combat|p1b: Garchomp\n|-damage|p1b: Garchomp|44/100\n|-boost|p2b: Staraptor|def|1\n|-boost|p2b: Staraptor|spd|1\n|-damage|p2b: Staraptor|69/100 brn|[from] ability: Rough Skin|[of] p1b: Garchomp\n|move|p1b: Garchomp|Dragon Claw|p2b: Staraptor\n|-damage|p2b: Staraptor|44/100 brn\n|-damage|p1b: Garchomp|35/100|[from] item: Life Orb\n|move|p1a: Incineroar|Flare Blitz|p2b: Staraptor\n|-damage|p2b: Staraptor|11/100 brn\n|-damage|p1a: Incineroar|22/100|[from] Recoil\n|\n|-damage|p2b: Staraptor|5/100 brn|[from] brn\n|upkeep\n|turn|9\n|\n|t:|1788309869\n|move|p2b: Staraptor|Roost|p2b: Staraptor\n|-heal|p2b: Staraptor|56/100 brn\n|-singleturn|p2b: Staraptor|move: Roost\n|move|p1b: Garchomp|Dragon Claw|p2b: Staraptor\n|-damage|p2b: Staraptor|32/100 brn\n|-damage|p1b: Garchomp|25/100|[from] item: Life Orb\n|move|p1a: Incineroar|Throat Chop|p2a: Farigiraf\n|-supereffective|p2a: Farigiraf|1\n|-damage|p2a: Farigiraf|0 fnt\n|faint|p2a: Farigiraf\n|\n|-damage|p2b: Staraptor|26/100 brn|[from] brn\n|upkeep\n|turn|10\n|\n|t:|1788309886\n|move|p2b: Staraptor|Close Combat|p1a: Incineroar\n|-supereffective|p1a: Incineroar|1\n|-damage|p1a: Incineroar|0 fnt\n|-boost|p2b: Staraptor|def|1\n|-boost|p2b: Staraptor|spd|1\n|faint|p1a: Incineroar\n|move|p1b: Garchomp|Dragon Claw|p2b: Staraptor\n|-damage|p2b: Staraptor|5/100 brn\n|-damage|p1b: Garchomp|15/100|[from] item: Life Orb\n|\n|-damage|p2b: Staraptor|0 fnt|[from] brn\n|faint|p2b: Staraptor\n|\n|win|xiaoyang2004\n|raw|xiaoyang2004's rating: 1131 &rarr; <strong>1153</strong><br />(+22 for winning)\n|raw|condret's rating: 1093 &rarr; <strong>1072</strong><br />(-21 for losing)\n|l|☆condret\n|player|p2|\n","uploadtime":1788309898,"views":"6","formatid":"gen9championsvgc2026regmb","rating":1072,"private":0,"password":null}