{"id":"gen9championsvgc2026regmbbo3-2675036986","format":"[Gen 9 Champions] VGC 2026 Reg M-B (Bo3)","players":["McharzardZ'06","Muddyswamppert"],"log":"|j|☆McharzardZ'06\n|j|☆Muddyswamppert\n|html|<table width=\"100%\"><tr><td align=\"left\">McharzardZ&apos;06</td><td align=\"right\">Muddyswamppert</tr><tr><td align=\"left\"><i class=\"fa fa-circle-o\"></i> <i class=\"fa fa-circle-o\"></i> </td><td align=\"right\"><i class=\"fa fa-circle-o\"></i> <i class=\"fa fa-circle-o\"></i> </tr></table>\n|uhtml|bestof|<h2><strong>Game 1</strong> of <a href=\"/game-bestof3-gen9championsvgc2026regmbbo3-2675036985\">a best-of-3</a></h2>\n|t:|1788451489\n|gametype|doubles\n|player|p1|McharzardZ'06|dawn-gen4pt|\n|player|p2|Muddyswamppert|265|\n|gen|9\n|tier|[Gen 9 Champions] VGC 2026 Reg M-B (Bo3)\n|rule|Species Clause: Limit one of each Pokémon\n|rule|Item Clause: Limit 1 of each item\n|clearpoke\n|poke|p1|Annihilape, L50, F|\n|poke|p1|Ninetales-Alola, L50, M|\n|poke|p1|Venusaur, L50, M|\n|poke|p1|Toxapex, L50, M|\n|poke|p1|Arcanine-Hisui, L50, F|\n|poke|p1|Scovillain, L50, F|\n|poke|p2|Weavile, L50, M|\n|poke|p2|Victreebel, L50, M|\n|poke|p2|Torkoal, L50, M|\n|poke|p2|Heliolisk, L50, F|\n|poke|p2|Azumarill, L50, F|\n|poke|p2|Kommo-o, L50, F|\n|teampreview|4\n|showteam|p1|Annihilape||ChoiceScarf|Defiant|CloseCombat,PhantomForce,PoisonJab,Uturn|Adamant||F|||50|]Ninetales-Alola||FocusSash|SnowWarning|Blizzard,WeatherBall,HelpingHand,Protect|Timid||M|||50|]Venusaur||Venusaurite|Chlorophyll|LeechSeed,EarthPower,SludgeBomb,Protect|Modest||M|||50|]Toxapex||Leftovers|Regenerator|Toxic,Infestation,WideGuard,BanefulBunker|Bold||M|||50|]Arcanine-Hisui||LifeOrb|RockHead|FlareBlitz,HeadSmash,ExtremeSpeed,Protect|Jolly||F|||50|]Scovillain||Scovillainite|Moody|LeechSeed,FireBlast,LeafStorm,Protect|Bold||F|||50|\n|showteam|p2|Weavile||LifeOrb|Pressure|TripleAxel,KnockOff,IceShard,Protect|Jolly||M|||50|]Victreebel||Leftovers|Chlorophyll|SolarBeam,WeatherBall,SludgeBomb,SleepPowder|Timid||M|||50|]Torkoal||HeatRock|Drought|Eruption,EarthPower,HeatWave,Protect|Modest||M|||50|]Heliolisk||ChoiceScarf|SolarPower|WeatherBall,Thunderbolt,SolarBeam,FocusBlast|Timid||F|||50|]Azumarill||FairyFeather|HugePower|Liquidation,PlayRough,IceSpinner,AquaJet|Adamant||F|||50|]Kommo-o||ExpertBelt|Overcoat|DrainPunch,XScissor,IronHead,Outrage|Jolly||F|||50|\n|inactive|Battle timer is ON: inactive players will automatically lose when time's up. (requested by McharzardZ'06)\n|inactive|McharzardZ'06 has 60 seconds left.\n|inactive|Muddyswamppert has 60 seconds left.\n|inactive|McharzardZ'06 has 30 seconds left.\n|inactive|Muddyswamppert has 30 seconds left.\n|inactiveoff|Battle timer is now OFF.\n|\n|t:|1788451571\n|teamsize|p1|4\n|teamsize|p2|4\n|start\n|switch|p1a: Arcanine|Arcanine-Hisui, L50, F|100/100\n|switch|p1b: Annihilape|Annihilape, L50, F|100/100\n|switch|p2a: Azumarill|Azumarill, L50, F|100/100\n|switch|p2b: Weavile|Weavile, L50, M|100/100\n|-ability|p2b: Weavile|Pressure\n|turn|1\n|\n|t:|1788451606\n|move|p2b: Weavile|Protect|p2b: Weavile\n|-singleturn|p2b: Weavile|Protect\n|move|p1b: Annihilape|Poison Jab|p2a: Azumarill\n|-supereffective|p2a: Azumarill|1\n|-damage|p2a: Azumarill|42/100\n|-status|p2a: Azumarill|psn\n|move|p1a: Arcanine|Head Smash|p2b: Weavile\n|-activate|p2b: Weavile|move: Protect\n|move|p2a: Azumarill|Play Rough|p1b: Annihilape\n|-supereffective|p1b: Annihilape|1\n|-damage|p1b: Annihilape|0 fnt\n|faint|p1b: Annihilape\n|\n|-damage|p2a: Azumarill|30/100 psn|[from] psn\n|upkeep\n|\n|t:|1788451643\n|switch|p1b: Scovillain|Scovillain, L50, F|100/100\n|turn|2\n|\n|t:|1788451709\n|detailschange|p1b: Scovillain|Scovillain-Mega, L50, F\n|-mega|p1b: Scovillain|Scovillain|Scovillainite\n|move|p1a: Arcanine|Protect|p1a: Arcanine\n|-singleturn|p1a: Arcanine|Protect\n|move|p2a: Azumarill|Aqua Jet|p1a: Arcanine\n|-activate|p1a: Arcanine|move: Protect\n|move|p2b: Weavile|Triple Axel|p1b: Scovillain\n|-damage|p1b: Scovillain|87/100\n|-status|p2b: Weavile|brn|[from] ability: Spicy Spray|[of] p1b: Scovillain\n|-damage|p1b: Scovillain|75/100\n|-damage|p1b: Scovillain|56/100\n|-hitcount|p1b: Scovillain|3\n|-damage|p2b: Weavile|90/100 brn|[from] item: Life Orb\n|move|p1b: Scovillain|Fire Blast|p2b: Weavile|[miss]\n|-miss|p1b: Scovillain|p2b: Weavile\n|\n|-damage|p2a: Azumarill|18/100 psn|[from] psn\n|-damage|p2b: Weavile|84/100 brn|[from] brn\n|upkeep\n|turn|3\n|\n|t:|1788451734\n|switch|p1a: Ninetales|Ninetales-Alola, L50, M|100/100\n|-weather|Snowscape|[from] ability: Snow Warning|[of] p1a: Ninetales\n|move|p2a: Azumarill|Aqua Jet|p1a: Ninetales\n|-damage|p1a: Ninetales|74/100\n|move|p2b: Weavile|Knock Off|p1a: Ninetales\n|-resisted|p1a: Ninetales|1\n|-damage|p1a: Ninetales|58/100\n|-enditem|p1a: Ninetales|Focus Sash|[from] move: Knock Off|[of] p2b: Weavile\n|-damage|p2b: Weavile|74/100 brn|[from] item: Life Orb\n|move|p1b: Scovillain|Leech Seed|p2b: Weavile|[miss]\n|-miss|p1b: Scovillain|p2b: Weavile\n|\n|-weather|Snowscape|[upkeep]\n|-damage|p2a: Azumarill|6/100 psn|[from] psn\n|-damage|p2b: Weavile|68/100 brn|[from] brn\n|upkeep\n|turn|4\n|\n|t:|1788451759\n|move|p1a: Ninetales|Helping Hand|p1b: Scovillain\n|-singleturn|p1b: Scovillain|Helping Hand|[of] p1a: Ninetales\n|move|p2a: Azumarill|Aqua Jet|p1b: Scovillain\n|-damage|p1b: Scovillain|31/100\n|move|p2b: Weavile|Knock Off|p1b: Scovillain\n|-damage|p1b: Scovillain|11/100\n|-damage|p2b: Weavile|59/100 brn|[from] item: Life Orb\n|move|p1b: Scovillain|Fire Blast|p2b: Weavile\n|-supereffective|p2b: Weavile|1\n|-damage|p2b: Weavile|0 fnt\n|faint|p2b: Weavile\n|\n|-weather|Snowscape|[upkeep]\n|-damage|p2a: Azumarill|0 fnt|[from] psn\n|faint|p2a: Azumarill\n|upkeep\n|\n|t:|1788451761\n|switch|p2b: Torkoal|Torkoal, L50, M|100/100\n|switch|p2a: Kommo-o|Kommo-o, L50, F|100/100\n|-weather|SunnyDay|[from] ability: Drought|[of] p2b: Torkoal\n|turn|5\n|\n|t:|1788451787\n|switch|p1a: Arcanine|Arcanine-Hisui, L50, F|100/100\n|move|p2a: Kommo-o|Drain Punch|p1a: Arcanine\n|-supereffective|p1a: Arcanine|1\n|-damage|p1a: Arcanine|0 fnt\n|faint|p1a: Arcanine\n|move|p1b: Scovillain|Fire Blast|p2b: Torkoal\n|-resisted|p2b: Torkoal|1\n|-damage|p2b: Torkoal|54/100\n|move|p2b: Torkoal|Heat Wave|p1b: Scovillain|[miss]\n|-miss|p2b: Torkoal|p1b: Scovillain\n|\n|-weather|SunnyDay|[upkeep]\n|upkeep\n|\n|t:|1788451795\n|switch|p1a: Ninetales|Ninetales-Alola, L50, M|58/100\n|-weather|Snowscape|[from] ability: Snow Warning|[of] p1a: Ninetales\n|turn|6\n|\n|t:|1788451802\n|move|p1a: Ninetales|Blizzard|p2b: Torkoal|[spread] p2a,p2b\n|-supereffective|p2a: Kommo-o|1\n|-resisted|p2b: Torkoal|1\n|-damage|p2a: Kommo-o|31/100\n|-damage|p2b: Torkoal|35/100\n|move|p2a: Kommo-o|Iron Head|p1a: Ninetales\n|-supereffective|p1a: Ninetales|2\n|-damage|p1a: Ninetales|0 fnt\n|faint|p1a: Ninetales\n|move|p1b: Scovillain|Fire Blast|p2b: Torkoal|[miss]\n|-miss|p1b: Scovillain|p2b: Torkoal\n|move|p2b: Torkoal|Heat Wave|p1b: Scovillain\n|-damage|p1b: Scovillain|0 fnt\n|faint|p1b: Scovillain\n|\n|win|Muddyswamppert\n||Muddyswamppert is ready for game 2.\n|inactive|McharzardZ'06 has 30 seconds to confirm battle start!\n||McharzardZ'06 is ready for game 2.\n|uhtml|next|Next: <a href=\"/battle-gen9championsvgc2026regmbbo3-2675039855\"><strong>Game 2 of 3</strong></a>\n","uploadtime":1788451811,"views":"9","formatid":"gen9championsvgc2026regmbbo3","rating":null,"private":0,"password":null}