{"id":"gen9championsvgc2026regmbbo3-2674892796","format":"[Gen 9 Champions] VGC 2026 Reg M-B (Bo3)","players":["perfect days","Pawah"],"log":"|j|☆perfect days\n|j|☆Pawah\n|html|<table width=\"100%\"><tr><td align=\"left\">perfect days</td><td align=\"right\">Pawah</tr><tr><td align=\"left\"><i class=\"fa fa-circle-o\"></i> <i class=\"fa fa-circle-o\"></i> </td><td align=\"right\"><i class=\"fa fa-circle-o\"></i> <i class=\"fa fa-circle-o\"></i> </tr></table>\n|uhtml|bestof|<h2><strong>Game 1</strong> of <a href=\"/game-bestof3-gen9championsvgc2026regmbbo3-2674892792\">a best-of-3</a></h2>\n|t:|1788430678\n|gametype|doubles\n|player|p1|perfect days|pokemonbreederf-gen4|1160\n|player|p2|Pawah|ethan|1265\n|gen|9\n|tier|[Gen 9 Champions] VGC 2026 Reg M-B (Bo3)\n|rated|\n|rule|Species Clause: Limit one of each Pokémon\n|rule|Item Clause: Limit 1 of each item\n|clearpoke\n|poke|p1|Floette-Eternal, L50, F|\n|poke|p1|Whimsicott, L50, F|\n|poke|p1|Kleavor, L50, F|\n|poke|p1|Basculegion, L50, M|\n|poke|p1|Kingambit, L50, F|\n|poke|p1|Sneasler, L50, M|\n|poke|p2|Staraptor, L50, M|\n|poke|p2|Milotic, L50, F|\n|poke|p2|Tyranitar, L50, M|\n|poke|p2|Gholdengo, L50|\n|poke|p2|Excadrill, L50, M|\n|poke|p2|Sinistcha, L50|\n|teampreview|4\n|showteam|p1|Floette-Eternal||Floettite|FlowerVeil|Moonblast,LightofRuin,DazzlingGleam,Protect|Timid||F|||50|]Whimsicott||OccaBerry|Prankster|Moonblast,Tailwind,Encore,Protect|Timid||F|||50|]Kleavor||FocusSash|Sharpness|StoneAxe,CloseCombat,Feint,Protect|Jolly||F|||50|]Basculegion||LifeOrb|Adaptability|WaveCrash,LastRespects,AquaJet,Protect|Adamant||M|||50|]Kingambit||ChopleBerry|Defiant|KowtowCleave,IronHead,LowKick,SuckerPunch|Adamant||F|||50|]Sneasler||WhiteHerb|Unburden|CloseCombat,DireClaw,FakeOut,Feint|Adamant||M|||50|\n|showteam|p2|Staraptor||Staraptite|Intimidate|BraveBird,CloseCombat,Tailwind,Protect|Jolly||M|||50|]Milotic||SitrusBerry|Competitive|Scald,IceBeam,IcyWind,Recover|Modest||F|||50|]Tyranitar||Tyranitarite|SandStream|RockSlide,KnockOff,LowKick,Protect|Adamant||M|||50|]Gholdengo||LifeOrb|GoodasGold|ShadowBall,MakeItRain,NastyPlot,Protect|Modest|||||50|]Excadrill||FocusSash|SandRush|HighHorsepower,IronHead,RockSlide,Protect|Adamant||M|||50|]Sinistcha||ColburBerry|Hospitality|MatchaGotcha,RagePowder,TrickRoom,Protect|Bold|||||50|\n|inactive|Battle timer is ON: inactive players will automatically lose when time's up. (requested by Pawah)\n|\n|t:|1788430709\n|teamsize|p1|4\n|teamsize|p2|4\n|start\n|switch|p1a: still standing|Kingambit, L50, F|100/100\n|switch|p1b: haunted|Basculegion, L50, M|100/100\n|switch|p2a: Gholdengo|Gholdengo, L50|100/100\n|switch|p2b: Excadrill|Excadrill, L50, M|100/100\n|turn|1\n|inactive|perfect days has 30 seconds left.\n|\n|t:|1788430739\n|switch|p1b: the outside|Whimsicott, L50, F|100/100\n|move|p2b: Excadrill|High Horsepower|p1a: still standing\n|-supereffective|p1a: still standing|1\n|-damage|p1a: still standing|21/100\n|move|p2a: Gholdengo|Shadow Ball|p1b: the outside\n|-damage|p1b: the outside|22/100\n|-damage|p2a: Gholdengo|90/100|[from] item: Life Orb\n|move|p1a: still standing|Kowtow Cleave|p2a: Gholdengo\n|-supereffective|p2a: Gholdengo|1\n|-damage|p2a: Gholdengo|0 fnt\n|faint|p2a: Gholdengo\n|\n|upkeep\n|\n|t:|1788430759\n|switch|p2a: Sinistcha|Sinistcha, L50|100/100\n|turn|2\n|\n|t:|1788430770\n|move|p1b: the outside|Tailwind|p1b: the outside\n|-sidestart|p1: perfect days|move: Tailwind\n|move|p1a: still standing|Kowtow Cleave|p2a: Sinistcha\n|-supereffective|p2a: Sinistcha|1\n|-enditem|p2a: Sinistcha|Colbur Berry|[eat]\n|-enditem|p2a: Sinistcha|Colbur Berry|[weaken]\n|-damage|p2a: Sinistcha|59/100\n|move|p2b: Excadrill|Iron Head|p1b: the outside\n|-supereffective|p1b: the outside|1\n|-damage|p1b: the outside|0 fnt\n|faint|p1b: the outside\n|move|p2a: Sinistcha|Matcha Gotcha|p1a: still standing\n|-resisted|p1a: still standing|1\n|-damage|p1a: still standing|4/100\n|-heal|p2a: Sinistcha|69/100|[from] drain|[of] p1a: still standing\n|\n|upkeep\n|\n|t:|1788430773\n|switch|p1b: haunted|Basculegion, L50, M|100/100\n|turn|3\n|\n|t:|1788430790\n|switch|p2a: Tyranitar|Tyranitar, L50, M|100/100\n|-weather|Sandstorm|[from] ability: Sand Stream|[of] p2a: Tyranitar\n|move|p2b: Excadrill|Rock Slide|p1b: haunted|[spread] p1a,p1b\n|-resisted|p1a: still standing|1\n|-damage|p1a: still standing|0 fnt\n|-damage|p1b: haunted|70/100\n|faint|p1a: still standing\n|move|p1b: haunted|Last Respects|p2b: Excadrill\n|-enditem|p2b: Excadrill|Focus Sash\n|-damage|p2b: Excadrill|1/100\n|-damage|p1b: haunted|60/100|[from] item: Life Orb\n|\n|-weather|Sandstorm|[upkeep]\n|-damage|p1b: haunted|54/100|[from] Sandstorm\n|upkeep\n|\n|t:|1788430795\n|switch|p1a: as above|Floette-Eternal, L50, F|100/100\n|turn|4\n|\n|t:|1788430809\n|detailschange|p1a: as above|Floette-Mega, L50, F\n|-mega|p1a: as above|Floette|Floettite\n|-ability|p1a: as above|Fairy Aura\n|move|p2b: Excadrill|Protect|p2b: Excadrill\n|-singleturn|p2b: Excadrill|Protect\n|move|p2a: Tyranitar|Protect|p2a: Tyranitar\n|-singleturn|p2a: Tyranitar|Protect\n|move|p1b: haunted|Aqua Jet|p2b: Excadrill\n|-activate|p2b: Excadrill|move: Protect\n|move|p1a: as above|Moonblast|p2a: Tyranitar\n|-activate|p2a: Tyranitar|move: Protect\n|\n|-weather|Sandstorm|[upkeep]\n|-damage|p1a: as above|94/100|[from] Sandstorm\n|-damage|p1b: haunted|48/100|[from] Sandstorm\n|upkeep\n|turn|5\n|\n|t:|1788430820\n|switch|p2b: Sinistcha|Sinistcha, L50|69/100\n|detailschange|p2a: Tyranitar|Tyranitar-Mega, L50, M\n|-mega|p2a: Tyranitar|Tyranitar|Tyranitarite\n|move|p1b: haunted|Aqua Jet|p2b: Sinistcha\n|-resisted|p2b: Sinistcha|1\n|-damage|p2b: Sinistcha|55/100\n|-damage|p1b: haunted|38/100|[from] item: Life Orb\n|move|p1a: as above|Light of Ruin|p2a: Tyranitar\n|-supereffective|p2a: Tyranitar|1\n|-damage|p2a: Tyranitar|0 fnt\n|faint|p2a: Tyranitar\n|-damage|p1a: as above|30/100|[from] Recoil\n|\n|-weather|Sandstorm|[upkeep]\n|-damage|p1a: as above|24/100|[from] Sandstorm\n|-damage|p1b: haunted|32/100|[from] Sandstorm\n|-damage|p2b: Sinistcha|48/100|[from] Sandstorm\n|-sideend|p1: perfect days|move: Tailwind\n|upkeep\n|\n|t:|1788430830\n|switch|p2a: Excadrill|Excadrill, L50, M|1/100\n|turn|6\n|\n|t:|1788430847\n|move|p2b: Sinistcha|Rage Powder|p2b: Sinistcha\n|-singleturn|p2b: Sinistcha|move: Rage Powder\n|move|p2a: Excadrill|Rock Slide|p1a: as above|[spread] p1a,p1b\n|-damage|p1a: as above|0 fnt\n|-damage|p1b: haunted|2/100\n|faint|p1a: as above\n|move|p1b: haunted|Last Respects|p2b: Sinistcha\n|-supereffective|p2b: Sinistcha|1\n|-damage|p2b: Sinistcha|0 fnt\n|faint|p2b: Sinistcha\n|-damage|p1b: haunted|0 fnt|[from] item: Life Orb\n|faint|p1b: haunted\n|\n|win|Pawah\n","uploadtime":1788430847,"views":"1","formatid":"gen9championsvgc2026regmbbo3","rating":null,"private":0,"password":null}