{"id":"gen9championsvgc2026regmbbo3-2674065677","format":"[Gen 9 Champions] VGC 2026 Reg M-B (Bo3)","players":["shred_ya","frankbaez77"],"log":"|j|☆shred_ya\n|j|☆frankbaez77\n|html|<table width=\"100%\"><tr><td align=\"left\">shred_ya</td><td align=\"right\">frankbaez77</tr><tr><td align=\"left\"><i class=\"fa fa-circle-o\"></i> <i class=\"fa fa-circle-o\"></i> </td><td align=\"right\"><i class=\"fa fa-circle-o\"></i> <i class=\"fa fa-circle-o\"></i> </tr></table>\n|uhtml|bestof|<h2><strong>Game 1</strong> of <a href=\"/game-bestof3-gen9championsvgc2026regmbbo3-2674065676\">a best-of-3</a></h2>\n|t:|1788294518\n|gametype|doubles\n|player|p1|shred_ya|266|1201\n|player|p2|frankbaez77|101|1143\n|gen|9\n|tier|[Gen 9 Champions] VGC 2026 Reg M-B (Bo3)\n|rated|\n|rule|Species Clause: Limit one of each Pokémon\n|rule|Item Clause: Limit 1 of each item\n|clearpoke\n|poke|p1|Kangaskhan, L50, F|\n|poke|p1|Farigiraf, L50, F|\n|poke|p1|Torkoal, L50, M|\n|poke|p1|Hatterene, L50, F|\n|poke|p1|Dragonite, L50, M|\n|poke|p1|Kingambit, L50, F|\n|poke|p2|Froslass, L50, F|\n|poke|p2|Dragonite, L50, F|\n|poke|p2|Toxapex, L50, M|\n|poke|p2|Sneasler, L50, F|\n|poke|p2|Kingambit, L50, M|\n|poke|p2|Blaziken, L50, F|\n|teampreview|4\n|showteam|p1|Kangaskhan||Kangaskhanite|Scrappy|FakeOut,DoubleEdge,HammerArm,SuckerPunch|Adamant||F|||50|]Farigiraf||ColburBerry|ArmorTail|TwinBeam,HelpingHand,TrickRoom,Thunderbolt|Relaxed||F|||50|]Torkoal||Charcoal|Drought|Eruption,HeatWave,EarthPower,Protect|Quiet||M|||50|]Hatterene||FocusSash|MagicBounce|Protect,DazzlingGleam,TrickRoom,Psychic|Quiet||F|||50|]Dragonite||LifeOrb|InnerFocus|ThunderPunch,Outrage,Haze,ExtremeSpeed|Brave||M|||50|]Kingambit||OccaBerry|Defiant|IronHead,SuckerPunch,KowtowCleave,LowKick|Brave||F|||50|\n|showteam|p2|Froslass||Froslassite|CursedBody|Blizzard,ShadowBall,AuroraVeil,Protect|Timid||F|||50|]Dragonite||LifeOrb|InnerFocus|DragonClaw,ExtremeSpeed,LowKick,Protect|Adamant||F|||50|]Toxapex||Leftovers|Regenerator|Infestation,Toxic,WideGuard,BanefulBunker|Bold||M|||50|]Sneasler||FocusSash|PoisonTouch|CloseCombat,PoisonJab,FakeOut,Protect|Jolly||F|||50|]Kingambit||BlackGlasses|Defiant|KowtowCleave,IronHead,SuckerPunch,Protect|Adamant||M|||50|]Blaziken||Blazikenite|SpeedBoost|CloseCombat,FlareBlitz,RockSlide,Protect|Adamant||F|||50|\n|inactive|Battle timer is ON: inactive players will automatically lose when time's up. (requested by shred_ya)\n|\n|t:|1788294594\n|teamsize|p1|4\n|teamsize|p2|4\n|start\n|switch|p1a: Kangaskhan|Kangaskhan, L50, F|100/100\n|switch|p1b: Farigiraf|Farigiraf, L50, F|100/100\n|switch|p2a: Kingambit|Kingambit, L50, M|100/100\n|switch|p2b: Froslass|Froslass, L50, F|100/100\n|turn|1\n|\n|t:|1788294618\n|detailschange|p2b: Froslass|Froslass-Mega, L50, F\n|-mega|p2b: Froslass|Froslass|Froslassite\n|-weather|Snowscape|[from] ability: Snow Warning|[of] p2b: Froslass\n|move|p2a: Kingambit|Protect|p2a: Kingambit\n|-singleturn|p2a: Kingambit|Protect\n|move|p2b: Froslass|Blizzard|p1b: Farigiraf|[spread] p1a,p1b\n|-damage|p1a: Kangaskhan|61/100\n|-damage|p1b: Farigiraf|67/100\n|move|p1a: Kangaskhan|Hammer Arm|p2a: Kingambit\n|-activate|p2a: Kingambit|move: Protect\n|move|p1b: Farigiraf|Trick Room|p1b: Farigiraf\n|-fieldstart|move: Trick Room|[of] p1b: Farigiraf\n|\n|-weather|Snowscape|[upkeep]\n|upkeep\n|turn|2\n|inactive|shred_ya has 30 seconds left.\n|inactive|frankbaez77 has 30 seconds left.\n|inactive|frankbaez77 has 20 seconds left.\n|\n|t:|1788294657\n|switch|p1a: Torkoal|Torkoal, L50, M|100/100\n|-weather|SunnyDay|[from] ability: Drought|[of] p1a: Torkoal\n|move|p2a: Kingambit|Kowtow Cleave|p1a: Torkoal\n|-damage|p1a: Torkoal|53/100\n|move|p1b: Farigiraf|Twin Beam|p2b: Froslass\n|-damage|p2b: Froslass|82/100\n|-damage|p2b: Froslass|64/100\n|-hitcount|p2b: Froslass|2\n|move|p2b: Froslass|Blizzard|p1a: Torkoal|[spread] p1b\n|-miss|p2b: Froslass|p1a: Torkoal\n|-damage|p1b: Farigiraf|33/100\n|\n|-weather|SunnyDay|[upkeep]\n|upkeep\n|turn|3\n|inactive|shred_ya has 30 seconds left.\n|\n|t:|1788294691\n|switch|p2b: Toxapex|Toxapex, L50, M|100/100\n|move|p1b: Farigiraf|Helping Hand|p1a: Torkoal\n|-singleturn|p1a: Torkoal|Helping Hand|[of] p1b: Farigiraf\n|move|p2a: Kingambit|Protect|p2a: Kingambit\n|-singleturn|p2a: Kingambit|Protect\n|move|p1a: Torkoal|Heat Wave|p2b: Toxapex|[spread] p2b\n|-activate|p2a: Kingambit|move: Protect\n|-resisted|p2b: Toxapex|1\n|-damage|p2b: Toxapex|68/100\n|-status|p2b: Toxapex|brn\n|\n|-weather|SunnyDay|[upkeep]\n|-heal|p2b: Toxapex|73/100 brn|[from] item: Leftovers\n|-damage|p2b: Toxapex|68/100 brn|[from] brn\n|upkeep\n|turn|4\n|inactive|frankbaez77 has 30 seconds left.\n|\n|t:|1788294724\n|switch|p2a: Froslass|Froslass-Mega, L50, F|64/100\n|-weather|Snowscape|[from] ability: Snow Warning|[of] p2a: Froslass\n|move|p1b: Farigiraf|Helping Hand|p1a: Torkoal\n|-singleturn|p1a: Torkoal|Helping Hand|[of] p1b: Farigiraf\n|move|p1a: Torkoal|Heat Wave|p2b: Toxapex|[spread] p2a,p2b\n|-supereffective|p2a: Froslass|1\n|-resisted|p2b: Toxapex|1\n|-damage|p2a: Froslass|0 fnt\n|-damage|p2b: Toxapex|47/100 brn\n|faint|p2a: Froslass\n|move|p2b: Toxapex|Toxic|p1a: Torkoal\n|-status|p1a: Torkoal|tox\n|\n|-weather|Snowscape|[upkeep]\n|-heal|p2b: Toxapex|53/100 brn|[from] item: Leftovers\n|-damage|p1a: Torkoal|47/100 tox|[from] psn\n|-damage|p2b: Toxapex|47/100 brn|[from] brn\n|upkeep\n|inactive|frankbaez77 has 30 seconds left.\n|\n|t:|1788294758\n|switch|p2a: Sneasler|Sneasler, L50, F|100/100\n|turn|5\n|inactive|shred_ya has 30 seconds left.\n|\n|t:|1788294783\n|move|p2a: Sneasler|Protect|p2a: Sneasler\n|-singleturn|p2a: Sneasler|Protect\n|move|p2b: Toxapex|Wide Guard|p2b: Toxapex\n|-singleturn|p2b: Toxapex|Wide Guard\n|move|p1a: Torkoal|Earth Power|p2b: Toxapex\n|-supereffective|p2b: Toxapex|1\n|-damage|p2b: Toxapex|9/100 brn\n|move|p1b: Farigiraf|Twin Beam|p2a: Sneasler\n|-activate|p2a: Sneasler|move: Protect\n|\n|-weather|Snowscape|[upkeep]\n|-heal|p2b: Toxapex|15/100 brn|[from] item: Leftovers\n|-damage|p1a: Torkoal|35/100 tox|[from] psn\n|-damage|p2b: Toxapex|9/100 brn|[from] brn\n|-fieldend|move: Trick Room\n|upkeep\n|turn|6\n|inactive|shred_ya has 30 seconds left.\n|\n|t:|1788294809\n|move|p1a: Torkoal|Protect|p1a: Torkoal\n|-singleturn|p1a: Torkoal|Protect\n|move|p2a: Sneasler|Close Combat|p1a: Torkoal\n|-activate|p1a: Torkoal|move: Protect\n|move|p2b: Toxapex|Infestation|p1b: Farigiraf\n|-supereffective|p1b: Farigiraf|1\n|-damage|p1b: Farigiraf|28/100\n|-activate|p1b: Farigiraf|move: Infestation|[of] p2b: Toxapex\n|move|p1b: Farigiraf|Trick Room|p1b: Farigiraf\n|-fieldstart|move: Trick Room|[of] p1b: Farigiraf\n|\n|-weather|Snowscape|[upkeep]\n|-heal|p2b: Toxapex|15/100 brn|[from] item: Leftovers\n|-damage|p1a: Torkoal|16/100 tox|[from] psn\n|-damage|p2b: Toxapex|9/100 brn|[from] brn\n|-damage|p1b: Farigiraf|15/100|[from] move: Infestation|[partiallytrapped]\n|upkeep\n|turn|7\n|\n|t:|1788294829\n|move|p2b: Toxapex|Baneful Bunker|p2b: Toxapex\n|-singleturn|p2b: Toxapex|move: Protect\n|move|p2a: Sneasler|Protect|p2a: Sneasler\n|-singleturn|p2a: Sneasler|Protect\n|move|p1a: Torkoal|Earth Power|p2b: Toxapex\n|-activate|p2b: Toxapex|move: Protect\n|move|p1b: Farigiraf|Twin Beam|p2a: Sneasler\n|-activate|p2a: Sneasler|move: Protect\n|\n|-weather|Snowscape|[upkeep]\n|-heal|p2b: Toxapex|15/100 brn|[from] item: Leftovers\n|-damage|p1a: Torkoal|0 fnt|[from] psn\n|faint|p1a: Torkoal\n|-damage|p2b: Toxapex|9/100 brn|[from] brn\n|-damage|p1b: Farigiraf|3/100|[from] move: Infestation|[partiallytrapped]\n|upkeep\n|\n|t:|1788294849\n|switch|p1a: Kangaskhan|Kangaskhan, L50, F|61/100\n|turn|8\n|\n|t:|1788294871\n|detailschange|p1a: Kangaskhan|Kangaskhan-Mega, L50, F\n|-mega|p1a: Kangaskhan|Kangaskhan|Kangaskhanite\n|move|p1a: Kangaskhan|Fake Out|p2b: Toxapex\n|-damage|p2b: Toxapex|0 fnt\n|faint|p2b: Toxapex\n|move|p1b: Farigiraf|Twin Beam|p2a: Sneasler\n|-supereffective|p2a: Sneasler|2\n|-damage|p2a: Sneasler|7/100\n|-supereffective|p2a: Sneasler|2\n|-damage|p2a: Sneasler|0 fnt\n|faint|p2a: Sneasler\n|-hitcount|p2: Sneasler|2\n|\n|-weather|none\n|-end|p1b: Farigiraf|Infestation|[partiallytrapped]|[silent]\n|upkeep\n|\n|t:|1788294886\n|switch|p2a: Kingambit|Kingambit, L50, M|100/100\n|turn|9\n|\n|t:|1788294906\n|move|p2a: Kingambit|Kowtow Cleave|p1a: Kangaskhan\n|-damage|p1a: Kangaskhan|8/100\n|move|p1b: Farigiraf|Thunderbolt|p2a: Kingambit\n|-damage|p2a: Kingambit|77/100\n|-status|p2a: Kingambit|par\n|move|p1a: Kangaskhan|Hammer Arm|p2a: Kingambit\n|-supereffective|p2a: Kingambit|2\n|-damage|p2a: Kingambit|0 fnt\n|-unboost|p1a: Kangaskhan|spe|1\n|faint|p2a: Kingambit\n|\n|win|shred_ya\n|inactive|shred_ya has 30 seconds to confirm battle start!\n|inactive|frankbaez77 has 30 seconds to confirm battle start!\n","uploadtime":1788294917,"views":"13","formatid":"gen9championsvgc2026regmbbo3","rating":null,"private":0,"password":null}