{"id":"gen9championsvgc2026regmb-2673964202","format":"[Gen 9 Champions] VGC 2026 Reg M-B","players":["draxsus","tempcm"],"log":"|j|☆draxsus\n|j|☆tempcm\n|t:|1788282493\n|gametype|doubles\n|player|p1|draxsus|1|1054\n|player|p2|tempcm|265|1045\n|gen|9\n|tier|[Gen 9 Champions] VGC 2026 Reg M-B\n|rated|\n|rule|Species Clause: Limit one of each Pokémon\n|rule|Item Clause: Limit 1 of each item\n|clearpoke\n|poke|p1|Incineroar, L50, F|\n|poke|p1|Grimmsnarl, L50, M|\n|poke|p1|Garchomp, L50, M|\n|poke|p1|Annihilape, L50, F|\n|poke|p1|Gholdengo, L50|\n|poke|p1|Hatterene, L50, F|\n|poke|p2|Farigiraf, L50, F|\n|poke|p2|Arcanine-Hisui, L50, M|\n|poke|p2|Sylveon, L50, M|\n|poke|p2|Staraptor, L50, F|\n|poke|p2|Raichu, L50, F|\n|poke|p2|Kingambit, L50, M, shiny|\n|teampreview|4\n|inactive|Battle timer is ON: inactive players will automatically lose when time's up. (requested by draxsus)\ndraxsus rejected open team sheets.\n|\n|t:|1788282502\n|teamsize|p1|4\n|teamsize|p2|4\n|start\n|switch|p1a: Garchomp|Garchomp, L50, M|100/100\n|switch|p1b: Gholdengo|Gholdengo, L50|100/100\n|switch|p2a: Arcanine|Arcanine-Hisui, L50, M|100/100\n|switch|p2b: Raichu|Raichu, L50, F|100/100\n|turn|1\n|\n|t:|1788282524\n|detailschange|p2b: Raichu|Raichu-Mega-Y, L50, F\n|-mega|p2b: Raichu|Raichu|Raichunite Y\n|move|p2b: Raichu|Focus Blast|p1a: Garchomp\n|-damage|p1a: Garchomp|55/100\n|move|p1a: Garchomp|Rock Slide|p2b: Raichu|[spread] p2a,p2b\n|-supereffective|p2a: Arcanine|1\n|-damage|p2a: Arcanine|48/100\n|-damage|p2b: Raichu|63/100\n|move|p2a: Arcanine|Flare Blitz|p1b: Gholdengo\n|-supereffective|p1b: Gholdengo|1\n|-damage|p1b: Gholdengo|0 fnt\n|faint|p1b: Gholdengo\n|\n|upkeep\n|\n|t:|1788282524\n|switch|p1b: Incineroar|Incineroar, L50, F|100/100\n|-ability|p1b: Incineroar|Intimidate|boost\n|-unboost|p2a: Arcanine|atk|1\n|-unboost|p2b: Raichu|atk|1\n|turn|2\n|\n|t:|1788282548\n|move|p2b: Raichu|Protect|p2b: Raichu\n|-singleturn|p2b: Raichu|Protect\n|move|p2a: Arcanine|Protect|p2a: Arcanine\n|-singleturn|p2a: Arcanine|Protect\n|move|p1a: Garchomp|Rock Slide|p2b: Raichu|[spread] \n|-activate|p2a: Arcanine|move: Protect\n|-activate|p2b: Raichu|move: Protect\n|move|p1b: Incineroar|Flare Blitz|p2b: Raichu\n|-activate|p2b: Raichu|move: Protect\n|\n|upkeep\n|turn|3\n|inactive|tempcm has 30 seconds left.\n|\n|t:|1788282577\n|move|p2a: Arcanine|Extreme Speed|p1a: Garchomp\n|-damage|p1a: Garchomp|38/100\n|-damage|p2a: Arcanine|35/100|[from] ability: Rough Skin|[of] p1a: Garchomp\n|move|p2b: Raichu|Focus Blast|p1b: Incineroar\n|-supereffective|p1b: Incineroar|1\n|-damage|p1b: Incineroar|28/100\n|-unboost|p1b: Incineroar|spd|1\n|-enditem|p1b: Incineroar|Sitrus Berry|[eat]\n|-heal|p1b: Incineroar|53/100|[from] item: Sitrus Berry\n|move|p1a: Garchomp|Rock Slide|p2b: Raichu|[spread] p2a,p2b\n|-supereffective|p2a: Arcanine|1\n|-damage|p2a: Arcanine|0 fnt\n|-damage|p2b: Raichu|28/100\n|faint|p2a: Arcanine\n|move|p1b: Incineroar|Flare Blitz|p2b: Raichu\n|-crit|p2b: Raichu\n|-damage|p2b: Raichu|0 fnt\n|faint|p2b: Raichu\n|-damage|p1b: Incineroar|44/100|[from] Recoil\n|\n|upkeep\n|\n|t:|1788282592\n|switch|p2b: Farigiraf|Farigiraf, L50, F|100/100\n|switch|p2a: Kingambit|Kingambit, L50, M, shiny|100/100\n|turn|4\n|\n|t:|1788282608\n|move|p2a: Kingambit|Sucker Punch|p1a: Garchomp\n|-damage|p1a: Garchomp|0 fnt\n|-damage|p2a: Kingambit|87/100|[from] ability: Rough Skin|[of] p1a: Garchomp\n|faint|p1a: Garchomp\n|-damage|p2a: Kingambit|78/100|[from] item: Life Orb\n|move|p1b: Incineroar|Flare Blitz|p2a: Kingambit\n|-supereffective|p2a: Kingambit|1\n|-damage|p2a: Kingambit|4/100\n|-damage|p1b: Incineroar|18/100|[from] Recoil\n|move|p2b: Farigiraf|Trick Room|p2b: Farigiraf\n|-fieldstart|move: Trick Room|[of] p2b: Farigiraf\n|\n|upkeep\n|\n|t:|1788282609\n|switch|p1a: Hatterene|Hatterene, L50, F|100/100\n|turn|5\n|\n|t:|1788282623\n|move|p2b: Farigiraf|Protect|p2b: Farigiraf\n|-singleturn|p2b: Farigiraf|Protect\n|move|p2a: Kingambit|Sucker Punch|p1b: Incineroar\n|-resisted|p1b: Incineroar|1\n|-damage|p1b: Incineroar|0 fnt\n|faint|p1b: Incineroar\n|-damage|p2a: Kingambit|0 fnt|[from] item: Life Orb\n|faint|p2a: Kingambit\n|move|p1a: Hatterene|Dazzling Gleam|p2b: Farigiraf\n|-activate|p2b: Farigiraf|move: Protect\n|\n|upkeep\n|turn|6\n|\n|t:|1788282639\n|move|p1a: Hatterene|Dazzling Gleam|p2b: Farigiraf\n|-damage|p2b: Farigiraf|60/100\n|move|p2b: Farigiraf|Psychic|p1a: Hatterene\n|-resisted|p1a: Hatterene|1\n|-damage|p1a: Hatterene|82/100\n|\n|upkeep\n|turn|7\n|\n|t:|1788282647\n|move|p2b: Farigiraf|Protect|p2b: Farigiraf\n|-singleturn|p2b: Farigiraf|Protect\n|move|p1a: Hatterene|Dazzling Gleam|p2b: Farigiraf\n|-activate|p2b: Farigiraf|move: Protect\n|\n|upkeep\n|turn|8\n|\n|t:|1788282652\n|move|p1a: Hatterene|Dazzling Gleam|p2b: Farigiraf\n|-damage|p2b: Farigiraf|17/100\n|-enditem|p2b: Farigiraf|Sitrus Berry|[eat]\n|-heal|p2b: Farigiraf|42/100|[from] item: Sitrus Berry\n|move|p2b: Farigiraf|Psychic|p1a: Hatterene\n|-resisted|p1a: Hatterene|1\n|-damage|p1a: Hatterene|64/100\n|\n|-fieldend|move: Trick Room\n|upkeep\n|turn|9\n|\n|t:|1788282663\n|move|p2b: Farigiraf|Protect|p2b: Farigiraf\n|-singleturn|p2b: Farigiraf|Protect\n|move|p1a: Hatterene|Dazzling Gleam|p2b: Farigiraf\n|-activate|p2b: Farigiraf|move: Protect\n|\n|upkeep\n|turn|10\n|\n|t:|1788282669\n|move|p2b: Farigiraf|Psychic|p1a: Hatterene\n|-resisted|p1a: Hatterene|1\n|-damage|p1a: Hatterene|46/100\n|-unboost|p1a: Hatterene|spd|1\n|move|p1a: Hatterene|Dazzling Gleam|p2b: Farigiraf\n|-damage|p2b: Farigiraf|0 fnt\n|faint|p2b: Farigiraf\n|\n|win|draxsus\n|raw|draxsus's rating: 1054 &rarr; <strong>1085</strong><br />(+31 for winning)\n|raw|tempcm's rating: 1045 &rarr; <strong>1029</strong><br />(-16 for losing)\n|l|☆draxsus\n|player|p1|\n","uploadtime":1788282679,"views":"1","formatid":"gen9championsvgc2026regmb","rating":1029,"private":0,"password":null}