{"id":"gen9championsvgc2026regmb-2674774370","format":"[Gen 9 Champions] VGC 2026 Reg M-B","players":["footandballenjoyer","Collin.mcw"],"log":"|j|☆footandballenjoyer\n|j|☆Collin.mcw\n|t:|1788404230\n|gametype|doubles\n|player|p1|footandballenjoyer|linebacker|1257\n|player|p2|Collin.mcw|170|1314\n|gen|9\n|tier|[Gen 9 Champions] VGC 2026 Reg M-B\n|rated|\n|rule|Species Clause: Limit one of each Pokémon\n|rule|Item Clause: Limit 1 of each item\n|clearpoke\n|poke|p1|Froslass, L50, F|\n|poke|p1|Scovillain, L50, M, shiny|\n|poke|p1|Basculegion, L50, M|\n|poke|p1|Kingambit, L50, F|\n|poke|p1|Sneasler, L50, F|\n|poke|p1|Lycanroc-Dusk, L50, F|\n|poke|p2|Sceptile, L50, M|\n|poke|p2|Rotom-Heat, L50|\n|poke|p2|Gliscor, L50, F|\n|poke|p2|Tyranitar, L50, M|\n|poke|p2|Houndstone, L50, M|\n|poke|p2|Zoroark-Hisui, L50, F|\n|teampreview|4\n|inactive|Battle timer is ON: inactive players will automatically lose when time's up. (requested by footandballenjoyer)\n|inactive|Collin.mcw has 60 seconds left.\n|\n|t:|1788404274\n|teamsize|p1|4\n|teamsize|p2|4\n|start\n|switch|p1a: Sneasler|Sneasler, L50, F|100/100\n|switch|p1b: Kingambit|Kingambit, L50, F|100/100\n|switch|p2a: Tyranitar|Tyranitar, L50, M|100/100\n|switch|p2b: Sceptile|Sceptile, L50, M|100/100\n|-weather|Sandstorm|[from] ability: Sand Stream|[of] p2a: Tyranitar\n|turn|1\n|\n|t:|1788404290\n|detailschange|p2b: Sceptile|Sceptile-Mega, L50, M\n|-mega|p2b: Sceptile|Sceptile|Sceptilite\n|move|p2a: Tyranitar|Protect|p2a: Tyranitar\n|-singleturn|p2a: Tyranitar|Protect\n|move|p2b: Sceptile|Shed Tail|p2b: Sceptile\n|-start|p2b: Sceptile|Substitute|[from] move: Shed Tail\n|-damage|p2b: Sceptile|49/100\n|\n|t:|1788404301\n|switch|p2b: Gliscor|Gliscor, L50, F|100/100|[from] Shed Tail\n|move|p1a: Sneasler|Close Combat|p2a: Tyranitar\n|-activate|p2a: Tyranitar|move: Protect\n|move|p1b: Kingambit|Swords Dance|p1b: Kingambit\n|-boost|p1b: Kingambit|atk|2\n|\n|-weather|Sandstorm|[upkeep]\n|-damage|p1a: Sneasler|94/100|[from] Sandstorm\n|upkeep\n|turn|2\n|inactive|footandballenjoyer has 30 seconds left.\n|inactive|Collin.mcw has 30 seconds left.\n|inactive|Collin.mcw has 20 seconds left.\n|inactive|Collin.mcw has 15 seconds left.\n|inactive|footandballenjoyer has 20 seconds left.\n|inactive|footandballenjoyer has 15 seconds left.\n|\n|t:|1788404352\n|switch|p2a: Sceptile|Sceptile-Mega, L50, M|49/100\n|move|p1b: Kingambit|Protect|p1b: Kingambit\n|-singleturn|p1b: Kingambit|Protect\n|move|p1a: Sneasler|Gunk Shot|p2a: Sceptile\n|-supereffective|p2a: Sceptile|1\n|-damage|p2a: Sceptile|0 fnt\n|faint|p2a: Sceptile\n|move|p2b: Gliscor|Tailwind|p2b: Gliscor\n|-sidestart|p2: Collin.mcw|move: Tailwind\n|\n|-weather|Sandstorm|[upkeep]\n|-damage|p1a: Sneasler|88/100|[from] Sandstorm\n|upkeep\n|\n|t:|1788404368\n|switch|p2a: Houndstone|Houndstone, L50, M|100/100\n|turn|3\n|\n|t:|1788404391\n|switch|p1a: Froslass|Froslass, L50, F|100/100\n|move|p1b: Kingambit|Sucker Punch|p2a: Houndstone\n|-supereffective|p2a: Houndstone|1\n|-damage|p2a: Houndstone|0 fnt\n|faint|p2a: Houndstone\n|move|p2b: Gliscor|Earthquake|p1b: Kingambit|[spread] p1a,p1b\n|-supereffective|p1b: Kingambit|1\n|-damage|p1a: Froslass|53/100\n|-damage|p1b: Kingambit|50/100g\n|\n|-weather|Sandstorm|[upkeep]\n|-damage|p1a: Froslass|47/100|[from] Sandstorm\n|upkeep\n|\n|t:|1788404401\n|switch|p2a: Tyranitar|Tyranitar, L50, M|100/100\n|turn|4\n|inactive|Collin.mcw has 30 seconds left.\n|\n|t:|1788404432\n|detailschange|p1a: Froslass|Froslass-Mega, L50, F\n|-mega|p1a: Froslass|Froslass|Froslassite\n|-weather|Snowscape|[from] ability: Snow Warning|[of] p1a: Froslass\n|move|p1b: Kingambit|Protect|p1b: Kingambit\n|-singleturn|p1b: Kingambit|Protect\n|move|p2b: Gliscor|High Horsepower|p1b: Kingambit\n|-activate|p1b: Kingambit|move: Protect\n|move|p2a: Tyranitar|Rock Slide|p1b: Kingambit|[spread] p1a\n|-activate|p1b: Kingambit|move: Protect\n|-supereffective|p1a: Froslass|1\n|-damage|p1a: Froslass|0 fnt\n|faint|p1a: Froslass\n|\n|-weather|Snowscape|[upkeep]\n|upkeep\n|\n|t:|1788404455\n|switch|p1a: Sneasler|Sneasler, L50, F|88/100\n|turn|5\n|inactive|footandballenjoyer has 30 seconds left.\n|\n|t:|1788404485\n|move|p2a: Tyranitar|Protect|p2a: Tyranitar\n|-singleturn|p2a: Tyranitar|Protect\n|move|p1b: Kingambit|Sucker Punch|p2b: Gliscor\n|-end|p2b: Gliscor|Substitute\n|move|p2b: Gliscor|Earthquake|p1b: Kingambit|[spread] p1a,p1b\n|-activate|p2a: Tyranitar|move: Protect\n|-supereffective|p1a: Sneasler|1\n|-supereffective|p1b: Kingambit|1\n|-damage|p1a: Sneasler|4/100\n|-damage|p1b: Kingambit|0 fnt\n|faint|p1b: Kingambit\n|move|p1a: Sneasler|Close Combat|p2a: Tyranitar\n|-activate|p2a: Tyranitar|move: Protect\n|\n|-weather|Snowscape|[upkeep]\n|-sideend|p2: Collin.mcw|move: Tailwind\n|upkeep\n|\n|t:|1788404489\n|switch|p1b: Basculegion|Basculegion, L50, M|100/100\n|turn|6\n|inactive|Collin.mcw has 30 seconds left.\n|inactive|Collin.mcw has 20 seconds left.\n|\n|t:|1788404525\n|move|p1a: Sneasler|Close Combat|p2a: Tyranitar\n|-supereffective|p2a: Tyranitar|2\n|-enditem|p2a: Tyranitar|Chople Berry|[eat]\n|-enditem|p2a: Tyranitar|Chople Berry|[weaken]\n|-damage|p2a: Tyranitar|0 fnt\n|-unboost|p1a: Sneasler|def|1\n|-unboost|p1a: Sneasler|spd|1\n|faint|p2a: Tyranitar\n|-enditem|p1a: Sneasler|White Herb\n|-clearnegativeboost|p1a: Sneasler|[silent]\n|move|p2b: Gliscor|Earthquake|p1a: Sneasler|[spread] p1a,p1b\n|-supereffective|p1a: Sneasler|1\n|-damage|p1a: Sneasler|0 fnt\n|-damage|p1b: Basculegion|69/100\n|faint|p1a: Sneasler\n|move|p1b: Basculegion|Wave Crash|p2b: Gliscor\n|-supereffective|p2b: Gliscor|1\n|-crit|p2b: Gliscor\n|-damage|p2b: Gliscor|0 fnt\n|faint|p2b: Gliscor\n|-damage|p1b: Basculegion|46/100|[from] Recoil\n|-enditem|p1b: Basculegion|Sitrus Berry|[eat]\n|-heal|p1b: Basculegion|71/100|[from] item: Sitrus Berry\n|\n|win|footandballenjoyer\n|raw|footandballenjoyer's rating: 1257 &rarr; <strong>1286</strong><br />(+29 for winning)\n|raw|Collin.mcw's rating: 1314 &rarr; <strong>1291</strong><br />(-23 for losing)\n|l|☆Collin.mcw\n|player|p2|\n","uploadtime":1788404546,"views":"0","formatid":"gen9championsvgc2026regmb","rating":1286,"private":0,"password":null}