{"id":"gen9championsvgc2026regmb-2673878258","format":"[Gen 9 Champions] VGC 2026 Reg M-B","players":["vzxa","Thornlace48812"],"log":"|j|☆vzxa\n|j|☆Thornlace48812\n|t:|1788272105\n|gametype|doubles\n|player|p1|vzxa|266|1048\n|player|p2|Thornlace48812|102|1087\n|gen|9\n|tier|[Gen 9 Champions] VGC 2026 Reg M-B\n|rated|\n|rule|Species Clause: Limit one of each Pokémon\n|rule|Item Clause: Limit 1 of each item\n|clearpoke\n|poke|p1|Maushold, L50, shiny|\n|poke|p1|Delphox, L50, M, shiny|\n|poke|p1|Incineroar, L50, M, shiny|\n|poke|p1|Sinistcha, L50, shiny|\n|poke|p1|Barbaracle, L50, M|\n|poke|p1|Sneasler, L50, M, shiny|\n|poke|p2|Garchomp, L50, M|\n|poke|p2|Charizard, L50, M|\n|poke|p2|Whimsicott, L50, M|\n|poke|p2|Sylveon, L50, M|\n|poke|p2|Kingambit, L50, M|\n|poke|p2|Basculegion, L50, M|\n|teampreview|4\n|inactive|Battle timer is ON: inactive players will automatically lose when time's up. (requested by Thornlace48812)\nThornlace48812 rejected open team sheets.\n|\n|t:|1788272120\n|teamsize|p1|4\n|teamsize|p2|4\n|start\n|switch|p1a: Barbaracle|Barbaracle, L50, M|100/100\n|switch|p1b: Móng Dài|Sneasler, L50, M, shiny|100/100\n|switch|p2a: Sylveon|Sylveon, L50, M|100/100\n|switch|p2b: Charizard|Charizard, L50, M|100/100\n|turn|1\n|\n|t:|1788272125\n|detailschange|p2b: Charizard|Charizard-Mega-Y, L50, M\n|-mega|p2b: Charizard|Charizard|Charizardite Y\n|-weather|SunnyDay|[from] ability: Drought|[of] p2b: Charizard\n|detailschange|p1a: Barbaracle|Barbaracle-Mega, L50, M\n|-mega|p1a: Barbaracle|Barbaracle|Barbaracite\n|move|p1b: Móng Dài|Fake Out|p2a: Sylveon\n|-damage|p2a: Sylveon|81/100\n|cant|p2a: Sylveon|flinch\n|move|p2b: Charizard|Heat Wave|p1a: Barbaracle|[spread] p1a,p1b\n|-resisted|p1a: Barbaracle|1\n|-damage|p1a: Barbaracle|57/100\n|-damage|p1b: Móng Dài|9/100\n|move|p1a: Barbaracle|Shell Smash|p1a: Barbaracle\n|-unboost|p1a: Barbaracle|def|1\n|-unboost|p1a: Barbaracle|spd|1\n|-boost|p1a: Barbaracle|atk|2\n|-boost|p1a: Barbaracle|spa|2\n|-boost|p1a: Barbaracle|spe|2\n|\n|-weather|SunnyDay|[upkeep]\n|upkeep\n|turn|2\n|\n|t:|1788272140\n|switch|p2b: Whimsicott|Whimsicott, L50, M|100/100\n|move|p1a: Barbaracle|Rock Slide|p2a: Sylveon|[spread] p2a,p2b\n|-damage|p2a: Sylveon|0 fnt\n|-damage|p2b: Whimsicott|3/100\n|faint|p2a: Sylveon\n|move|p1b: Móng Dài|Poison Jab|p2b: Whimsicott\n|-supereffective|p2b: Whimsicott|2\n|-damage|p2b: Whimsicott|0 fnt\n|faint|p2b: Whimsicott\n|\n|-weather|SunnyDay|[upkeep]\n|upkeep\n|\n|t:|1788272140\n|switch|p2b: Charizard|Charizard-Mega-Y, L50, M|100/100\n|switch|p2a: Basculegion|Basculegion, L50, M|100/100\n|turn|3\n|\n|t:|1788272155\n|move|p1b: Móng Dài|Quick Guard|p1b: Móng Dài\n|-singleturn|p1b: Móng Dài|Quick Guard\n|move|p1a: Barbaracle|Rock Slide|p2a: Basculegion|[spread] p2a,p2b\n|-supereffective|p2b: Charizard|2\n|-damage|p2a: Basculegion|20/100y\n|-damage|p2b: Charizard|0 fnt\n|faint|p2b: Charizard\n|move|p2a: Basculegion|Last Respects|p1a: Barbaracle\n|-damage|p1a: Barbaracle|0 fnt\n|faint|p1a: Barbaracle\n|\n|-weather|SunnyDay|[upkeep]\n|upkeep\n|\n|t:|1788272166\n|switch|p1a: Con Mèo|Incineroar, L50, M, shiny|100/100\n|-ability|p1a: Con Mèo|Intimidate|boost\n|-unboost|p2a: Basculegion|atk|1\n|turn|4\n|\n|t:|1788272174\n|move|p2a: Basculegion|Aqua Jet|p1b: Móng Dài\n|-damage|p1b: Móng Dài|0 fnt\n|faint|p1b: Móng Dài\n|move|p1a: Con Mèo|Parting Shot|p2a: Basculegion\n|-unboost|p2a: Basculegion|atk|1\n|-unboost|p2a: Basculegion|spa|1\n|\n|t:|1788272179\n|switch|p1a: Tách Trà|Sinistcha, L50, shiny|100/100|[from] Parting Shot\n|\n|-weather|SunnyDay|[upkeep]\n|upkeep\n|\n|t:|1788272183\n|switch|p1b: Con Mèo|Incineroar, L50, M, shiny|100/100\n|-ability|p1b: Con Mèo|Intimidate|boost\n|-unboost|p2a: Basculegion|atk|1\n|turn|5\n|\n|t:|1788272190\n|move|p1a: Tách Trà|Rage Powder|p1a: Tách Trà\n|-singleturn|p1a: Tách Trà|move: Rage Powder\n|move|p2a: Basculegion|Last Respects|p1a: Tách Trà\n|-supereffective|p1a: Tách Trà|1\n|-damage|p1a: Tách Trà|1/100\n|move|p1b: Con Mèo|Parting Shot|p2a: Basculegion\n|-unboost|p2a: Basculegion|atk|1\n|-unboost|p2a: Basculegion|spa|1\n|\n|-weather|none\n|upkeep\n|turn|6\n|\n|t:|1788272198\n|move|p1a: Tách Trà|Rage Powder|p1a: Tách Trà\n|-singleturn|p1a: Tách Trà|move: Rage Powder\n|move|p2a: Basculegion|Last Respects|p1a: Tách Trà\n|-supereffective|p1a: Tách Trà|1\n|-damage|p1a: Tách Trà|0 fnt\n|faint|p1a: Tách Trà\n|move|p1b: Con Mèo|Flare Blitz|p2a: Basculegion\n|-resisted|p2a: Basculegion|1\n|-damage|p2a: Basculegion|0 fnt\n|faint|p2a: Basculegion\n|-damage|p1b: Con Mèo|93/100|[from] Recoil\n|\n|win|vzxa\n|raw|vzxa's rating: 1048 &rarr; <strong>1085</strong><br />(+37 for winning)\n|raw|Thornlace48812's rating: 1091 &rarr; <strong>1064</strong><br />(-27 for losing)\n","uploadtime":1788272198,"views":"0","formatid":"gen9championsvgc2026regmb","rating":1064,"private":0,"password":null}