{"id":"gen9championsvgc2026regmb-2674052573","format":"[Gen 9 Champions] VGC 2026 Reg M-B","players":["Piedi mistici","Tearamizuu"],"log":"|j|☆Piedi mistici\n|j|☆Tearamizuu\n|t:|1788292906\n|gametype|doubles\n|player|p1|Piedi mistici|zinnia|1407\n|player|p2|Tearamizuu|iono|1475\n|gen|9\n|tier|[Gen 9 Champions] VGC 2026 Reg M-B\n|rated|\n|rule|Species Clause: Limit one of each Pokémon\n|rule|Item Clause: Limit 1 of each item\n|clearpoke\n|poke|p1|Froslass, L50, F|\n|poke|p1|Tyranitar, L50, F|\n|poke|p1|Scovillain, L50, F|\n|poke|p1|Sneasler, L50, F|\n|poke|p1|Farigiraf, L50, M|\n|poke|p1|Sylveon, L50, M|\n|poke|p2|Staraptor, L50, M|\n|poke|p2|Whimsicott, L50, M|\n|poke|p2|Glimmora, L50, M|\n|poke|p2|Kingambit, L50, F|\n|poke|p2|Garchomp, L50, M|\n|poke|p2|Delphox, L50, F|\n|teampreview|4\n|inactive|Battle timer is ON: inactive players will automatically lose when time's up. (requested by Tearamizuu)\nTearamizuu has agreed to open team sheets.\n|inactive|Piedi mistici has 60 seconds left.\n|inactive|Tearamizuu has 60 seconds left.\n|inactive|Piedi mistici has 30 seconds left.\n|inactive|Piedi mistici has 20 seconds left.\n|\n|t:|1788292976\n|teamsize|p1|4\n|teamsize|p2|4\n|start\n|switch|p1a: Froslass|Froslass, L50, F|100/100\n|switch|p1b: Sneasler|Sneasler, L50, F|100/100\n|switch|p2a: Whimsicott|Whimsicott, L50, M|100/100\n|switch|p2b: Glimmora|Glimmora, L50, M|100/100\n|turn|1\n|inactive|Piedi mistici has 30 seconds left.\n|inactive|Tearamizuu has 30 seconds left.\n|inactive|Piedi mistici has 20 seconds left.\n|inactive|Tearamizuu has 20 seconds left.\n|\n|t:|1788293013\n|switch|p2a: Kingambit|Kingambit, L50, F|100/100\n|switch|p1a: Tyranitar|Tyranitar, L50, F|100/100\n|-weather|Sandstorm|[from] ability: Sand Stream|[of] p1a: Tyranitar\n|move|p1b: Sneasler|Dire Claw|p2a: Kingambit\n|-immune|p2a: Kingambit\n|move|p2b: Glimmora|Earth Power|p1b: Sneasler\n|-supereffective|p1b: Sneasler|1\n|-damage|p1b: Sneasler|15/100\n|\n|-weather|Sandstorm|[upkeep]\n|-damage|p1b: Sneasler|9/100|[from] Sandstorm\n|upkeep\n|turn|2\n|\n|t:|1788293027\n|switch|p2b: Staraptor|Staraptor, L50, M|100/100\n|-ability|p2b: Staraptor|Intimidate|boost\n|-unboost|p1a: Tyranitar|atk|1\n|-unboost|p1b: Sneasler|atk|1\n|-enditem|p1b: Sneasler|White Herb\n|-clearnegativeboost|p1b: Sneasler|[silent]\n|switch|p1a: Farigiraf|Farigiraf, L50, M|100/100\n|move|p2a: Kingambit|Sucker Punch||[still]\n|cant|p1a: Farigiraf|ability: Armor Tail|Sucker Punch|[of] p2a: Kingambit\n|move|p1b: Sneasler|Close Combat|p2a: Kingambit\n|-supereffective|p2a: Kingambit|2\n|-enditem|p2a: Kingambit|Chople Berry|[eat]\n|-enditem|p2a: Kingambit|Chople Berry|[weaken]\n|-damage|p2a: Kingambit|5/100\n|-unboost|p1b: Sneasler|def|1\n|-unboost|p1b: Sneasler|spd|1\n|\n|-weather|Sandstorm|[upkeep]\n|-damage|p1b: Sneasler|4/100|[from] Sandstorm\n|-damage|p2b: Staraptor|94/100|[from] Sandstorm\n|-damage|p1a: Farigiraf|93/100|[from] Sandstorm\n|upkeep\n|turn|3\n|inactive|Tearamizuu has 30 seconds left.\n|inactive|Tearamizuu has 20 seconds left.\n|inactive|Tearamizuu has 15 seconds left.\n|\n|t:|1788293071\n|switch|p2a: Whimsicott|Whimsicott, L50, M|100/100\n|move|p2b: Staraptor|Protect|p2b: Staraptor\n|-singleturn|p2b: Staraptor|Protect\n|move|p1b: Sneasler|Close Combat|p2a: Whimsicott\n|-resisted|p2a: Whimsicott|1\n|-damage|p2a: Whimsicott|56/100\n|-unboost|p1b: Sneasler|def|1\n|-unboost|p1b: Sneasler|spd|1\n|move|p1a: Farigiraf|Trick Room|p1a: Farigiraf\n|-fieldstart|move: Trick Room|[of] p1a: Farigiraf\n|\n|-weather|Sandstorm|[upkeep]\n|-damage|p1a: Farigiraf|87/100|[from] Sandstorm\n|-damage|p2b: Staraptor|88/100|[from] Sandstorm\n|-damage|p2a: Whimsicott|50/100g|[from] Sandstorm\n|-damage|p1b: Sneasler|0 fnt|[from] Sandstorm\n|faint|p1b: Sneasler\n|upkeep\n|\n|t:|1788293082\n|switch|p1b: Tyranitar|Tyranitar, L50, F|100/100\n|turn|4\n|\n|t:|1788293096\n|move|p1a: Farigiraf|Psychic|p2b: Staraptor\n|-damage|p2b: Staraptor|43/100\n|-unboost|p2b: Staraptor|spd|1\n|move|p1b: Tyranitar|Rock Slide|p2a: Whimsicott|[spread] p2a,p2b\n|-supereffective|p2b: Staraptor|1\n|-damage|p2a: Whimsicott|5/100\n|-damage|p2b: Staraptor|0 fnt\n|faint|p2b: Staraptor\n|move|p2a: Whimsicott|Moonblast|p1a: Farigiraf\n|-damage|p1a: Farigiraf|49/100\n|-enditem|p1a: Farigiraf|Sitrus Berry|[eat]\n|-heal|p1a: Farigiraf|74/100|[from] item: Sitrus Berry\n|\n|-weather|Sandstorm|[upkeep]\n|-damage|p1a: Farigiraf|68/100|[from] Sandstorm\n|-damage|p2a: Whimsicott|0 fnt|[from] Sandstorm\n|faint|p2a: Whimsicott\n|upkeep\n|\n|t:|1788293106\n|switch|p2b: Kingambit|Kingambit, L50, F|5/100\n|switch|p2a: Glimmora|Glimmora, L50, M|100/100\n|turn|5\n|\n|t:|1788293120\n|move|p2b: Kingambit|Kowtow Cleave|p1a: Farigiraf\n|-supereffective|p1a: Farigiraf|1\n|-damage|p1a: Farigiraf|0 fnt\n|faint|p1a: Farigiraf\n|move|p1b: Tyranitar|Knock Off|p2b: Kingambit\n|-resisted|p2b: Kingambit|1\n|-damage|p2b: Kingambit|0 fnt\n|faint|p2b: Kingambit\n|move|p2a: Glimmora|Sludge Bomb|p1b: Tyranitar\n|-resisted|p1b: Tyranitar|1\n|-damage|p1b: Tyranitar|86/100\n|\n|-weather|none\n|upkeep\n|\n|t:|1788293124\n|switch|p1a: Froslass|Froslass, L50, F|100/100\n|turn|6\n|inactive|Tearamizuu has 30 seconds left.\n|inactive|Tearamizuu has 20 seconds left.\n|inactive|Tearamizuu has 15 seconds left.\n|inactive|Tearamizuu has 10 seconds left.\n|inactive|Tearamizuu has 5 seconds left.\n|\n|t:|1788293175\n|detailschange|p1a: Froslass|Froslass-Mega, L50, F\n|-mega|p1a: Froslass|Froslass|Froslassite\n|-weather|Snowscape|[from] ability: Snow Warning|[of] p1a: Froslass\n|move|p1b: Tyranitar|Knock Off|p2a: Glimmora\n|-damage|p2a: Glimmora|33/100\n|-activate|p2a: Glimmora|ability: Toxic Debris\n|-sidestart|p1: Piedi mistici|move: Toxic Spikes\n|-enditem|p2a: Glimmora|Focus Sash|[from] move: Knock Off|[of] p1b: Tyranitar\n|move|p2a: Glimmora|Earth Power|p1b: Tyranitar\n|-supereffective|p1b: Tyranitar|1\n|-damage|p1b: Tyranitar|28/100\n|-unboost|p1b: Tyranitar|spd|1\n|move|p1a: Froslass|Shadow Ball|p2a: Glimmora\n|-damage|p2a: Glimmora|0 fnt\n|faint|p2a: Glimmora\n|\n|win|Piedi mistici\n|raw|Piedi mistici's rating: 1407 &rarr; <strong>1431</strong><br />(+24 for winning)\n|raw|Tearamizuu's rating: 1475 &rarr; <strong>1451</strong><br />(-24 for losing)\n","uploadtime":1788293190,"views":"3","formatid":"gen9championsvgc2026regmb","rating":1431,"private":0,"password":null}