{"id":"gen9championsvgc2026regmb-2673939598","format":"[Gen 9 Champions] VGC 2026 Reg M-B","players":["ReiTolo07","ZXDoom"],"log":"|j|☆ReiTolo07\n|j|☆ZXDoom\n|t:|1788279596\n|gametype|doubles\n|player|p1|ReiTolo07|gentleman-gen4|1101\n|player|p2|ZXDoom|jacinthe|1178\n|gen|9\n|tier|[Gen 9 Champions] VGC 2026 Reg M-B\n|rated|\n|rule|Species Clause: Limit one of each Pokémon\n|rule|Item Clause: Limit 1 of each item\n|clearpoke\n|poke|p1|Chesnaught, L50, M|\n|poke|p1|Sinistcha, L50|\n|poke|p1|Rhyperior, L50, M|\n|poke|p1|Farigiraf, L50, F|\n|poke|p1|Araquanid, L50, F|\n|poke|p1|Ceruledge, L50, M|\n|poke|p2|Lycanroc-Dusk, L50, M, shiny|\n|poke|p2|Clefable, L50, F, shiny|\n|poke|p2|Scovillain, L50, M, shiny|\n|poke|p2|Whimsicott, L50, F, shiny|\n|poke|p2|Gholdengo, L50|\n|poke|p2|Incineroar, L50, F, shiny|\n|teampreview|4\n|inactive|Battle timer is ON: inactive players will automatically lose when time's up. (requested by ZXDoom)\n|l|☆ReiTolo07\n|inactive|ReiTolo07 disconnected and has a minute to reconnect!\n|player|p1|\n|inactive|ZXDoom has 60 seconds left.\nZXDoom rejected open team sheets.\n|j|☆ReiTolo07\n|inactive|ReiTolo07 reconnected and has 50 seconds left.\n|player|p1|ReiTolo07|gentleman-gen4|\n|inactive|ReiTolo07 has 30 seconds left.\n|inactive|ReiTolo07 has 20 seconds left.\n|\n|t:|1788279667\n|teamsize|p1|4\n|teamsize|p2|4\n|start\n|switch|p1a: Araquanid|Araquanid, L50, F|100/100\n|switch|p1b: Farigiraf|Farigiraf, L50, F|100/100\n|switch|p2a: Sonic The Werehog|Lycanroc-Dusk, L50, M, shiny|100/100\n|switch|p2b: Clinics Fear Me|Scovillain, L50, M, shiny|100/100\n|turn|1\n|inactive|ZXDoom has 30 seconds left.\n|\n|t:|1788279696\n|switch|p2a: Sowwy Not Sorry|Incineroar, L50, F, shiny|100/100\n|-ability|p2a: Sowwy Not Sorry|Intimidate|boost\n|-unboost|p1a: Araquanid|atk|1\n|-unboost|p1b: Farigiraf|atk|1\n|move|p1a: Araquanid|Wide Guard|p1a: Araquanid\n|-singleturn|p1a: Araquanid|Wide Guard\n|move|p2b: Clinics Fear Me|Leech Seed|p1b: Farigiraf\n|-start|p1b: Farigiraf|move: Leech Seed\n|move|p1b: Farigiraf|Trick Room|p1b: Farigiraf\n|-fieldstart|move: Trick Room|[of] p1b: Farigiraf\n|\n|-damage|p1b: Farigiraf|87/100|[from] Leech Seed|[of] p2b: Clinics Fear Me\n|-ability|p2b: Clinics Fear Me|Moody|boost\n|-boost|p2b: Clinics Fear Me|spe|2\n|-unboost|p2b: Clinics Fear Me|def|1\n|upkeep\n|turn|2\n|inactive|ZXDoom has 30 seconds left.\n|inactive|ReiTolo07 has 30 seconds left.\n|inactive|ZXDoom has 20 seconds left.\n|\n|t:|1788279737\n|detailschange|p2b: Clinics Fear Me|Scovillain-Mega, L50, M, shiny\n|-mega|p2b: Clinics Fear Me|Scovillain|Scovillainite\n|move|p1b: Farigiraf|Helping Hand|p1a: Araquanid\n|-singleturn|p1a: Araquanid|Helping Hand|[of] p1b: Farigiraf\n|move|p1a: Araquanid|Liquidation|p2b: Clinics Fear Me\n|-damage|p2b: Clinics Fear Me|26/100\n|-unboost|p2b: Clinics Fear Me|def|1\n|move|p2a: Sowwy Not Sorry|Throat Chop|p1b: Farigiraf\n|-supereffective|p1b: Farigiraf|1\n|-damage|p1b: Farigiraf|31/100\n|-start|p1b: Farigiraf|Throat Chop|[silent]\n|-enditem|p1b: Farigiraf|Sitrus Berry|[eat]\n|-heal|p1b: Farigiraf|56/100|[from] item: Sitrus Berry\n|move|p2b: Clinics Fear Me|Leech Seed|p1a: Araquanid\n|-start|p1a: Araquanid|move: Leech Seed\n|\n|-damage|p1a: Araquanid|88/100|[from] Leech Seed|[of] p2b: Clinics Fear Me\n|-heal|p2b: Clinics Fear Me|38/100|[silent]\n|-damage|p1b: Farigiraf|44/100|[from] Leech Seed|[of] p2b: Clinics Fear Me\n|-heal|p2b: Clinics Fear Me|53/100|[silent]\n|upkeep\n|turn|3\n|\n|t:|1788279760\n|switch|p1b: Sinistcha|Sinistcha, L50|100/100\n|-heal|p1a: Araquanid|100/100|[from] ability: Hospitality|[of] p1b: Sinistcha\n|move|p2b: Clinics Fear Me|Protect|p2b: Clinics Fear Me\n|-singleturn|p2b: Clinics Fear Me|Protect\n|move|p1a: Araquanid|Liquidation|p2b: Clinics Fear Me\n|-activate|p2b: Clinics Fear Me|move: Protect\n|move|p2a: Sowwy Not Sorry|Throat Chop|p1b: Sinistcha\n|-supereffective|p1b: Sinistcha|1\n|-damage|p1b: Sinistcha|39/100\n|-start|p1b: Sinistcha|Throat Chop|[silent]\n|\n|-heal|p1b: Sinistcha|45/100|[from] item: Leftovers\n|-damage|p1a: Araquanid|88/100|[from] Leech Seed|[of] p2b: Clinics Fear Me\n|-heal|p2b: Clinics Fear Me|65/100|[silent]\n|upkeep\n|turn|4\n|inactive|ZXDoom has 30 seconds left.\n|\n|t:|1788279785\n|switch|p2b: Giorno Giovanna|Gholdengo, L50|100/100\n|move|p1a: Araquanid|Liquidation|p2b: Giorno Giovanna\n|-damage|p2b: Giorno Giovanna|57/100\n|move|p1b: Sinistcha|Strength Sap|p2a: Sowwy Not Sorry\n|-unboost|p2a: Sowwy Not Sorry|atk|1\n|-heal|p1b: Sinistcha|100/100\n|move|p2a: Sowwy Not Sorry|Throat Chop|p1b: Sinistcha\n|-supereffective|p1b: Sinistcha|1\n|-damage|p1b: Sinistcha|58/100\n|\n|-heal|p1b: Sinistcha|64/100|[from] item: Leftovers\n|-damage|p1a: Araquanid|76/100|[from] Leech Seed|[of] p2b: Giorno Giovanna\n|-heal|p2b: Giorno Giovanna|70/100|[silent]\n|-end|p1b: Sinistcha|Throat Chop|[silent]\n|upkeep\n|turn|5\n|inactive|ReiTolo07 has 30 seconds left.\n|\n|t:|1788279820\n|switch|p1a: Chesnaught|Chesnaught, L50, M|100/100\n|move|p1b: Sinistcha|Matcha Gotcha|p2a: Sowwy Not Sorry|[spread] p2a,p2b\n|-resisted|p2a: Sowwy Not Sorry|1\n|-resisted|p2b: Giorno Giovanna|1\n|-damage|p2a: Sowwy Not Sorry|90/100\n|-heal|p1b: Sinistcha|70/100|[from] drain|[of] p2a: Sowwy Not Sorry\n|-damage|p2b: Giorno Giovanna|55/100\n|-heal|p1b: Sinistcha|76/100|[from] drain|[of] p2b: Giorno Giovanna\n|move|p2a: Sowwy Not Sorry|Parting Shot|p1a: Chesnaught\n|-unboost|p1a: Chesnaught|atk|1\n|-unboost|p1a: Chesnaught|spa|1\n|\n|t:|1788279836\n|switch|p2a: Clinics Fear Me|Scovillain-Mega, L50, M, shiny|65/100|[from] Parting Shot\n|move|p2b: Giorno Giovanna|Shadow Ball|p1b: Sinistcha\n|-supereffective|p1b: Sinistcha|1\n|-damage|p1b: Sinistcha|1/100\n|\n|-heal|p1b: Sinistcha|7/100|[from] item: Leftovers\n|-fieldend|move: Trick Room\n|upkeep\n|turn|6\n|\n|t:|1788279848\n|detailschange|p1a: Chesnaught|Chesnaught-Mega, L50, M\n|-mega|p1a: Chesnaught|Chesnaught|Chesnaughtite\n|move|p1a: Chesnaught|Spiky Shield|p1a: Chesnaught\n|-singleturn|p1a: Chesnaught|move: Protect\n|move|p2b: Giorno Giovanna|Shadow Ball|p1b: Sinistcha\n|-supereffective|p1b: Sinistcha|1\n|-damage|p1b: Sinistcha|0 fnt\n|faint|p1b: Sinistcha\n|move|p2a: Clinics Fear Me|Overheat|p1a: Chesnaught\n|-activate|p1a: Chesnaught|move: Protect\n|\n|upkeep\n|\n|t:|1788279862\n|switch|p1b: Farigiraf|Farigiraf, L50, F|44/100\n|turn|7\n|\n|t:|1788279870\n|switch|p2b: Sowwy Not Sorry|Incineroar, L50, F, shiny|90/100\n|-ability|p2b: Sowwy Not Sorry|Intimidate|boost\n|-unboost|p1a: Chesnaught|atk|1\n|-unboost|p1b: Farigiraf|atk|1\n|switch|p1a: Araquanid|Araquanid, L50, F|76/100\n|move|p2a: Clinics Fear Me|Overheat|p1a: Araquanid\n|-damage|p1a: Araquanid|57/100\n|-unboost|p2a: Clinics Fear Me|spa|2\n|move|p1b: Farigiraf|Trick Room|p1b: Farigiraf\n|-fieldstart|move: Trick Room|[of] p1b: Farigiraf\n|\n|upkeep\n|turn|8\n|\n|t:|1788279891\n|move|p1a: Araquanid|Liquidation|p2b: Sowwy Not Sorry\n|-supereffective|p2b: Sowwy Not Sorry|1\n|-damage|p2b: Sowwy Not Sorry|0 fnt\n|faint|p2b: Sowwy Not Sorry\n|move|p1b: Farigiraf|Twin Beam|p2a: Clinics Fear Me\n|-damage|p2a: Clinics Fear Me|51/100\n|-status|p1b: Farigiraf|brn|[from] ability: Spicy Spray|[of] p2a: Clinics Fear Me\n|-damage|p2a: Clinics Fear Me|37/100\n|-hitcount|p2a: Clinics Fear Me|2\n|move|p2a: Clinics Fear Me|Leech Seed|p1a: Araquanid\n|-start|p1a: Araquanid|move: Leech Seed\n|\n|-damage|p1a: Araquanid|45/100|[from] Leech Seed|[of] p2a: Clinics Fear Me\n|-heal|p2a: Clinics Fear Me|49/100|[silent]\n|-damage|p1b: Farigiraf|38/100 brn|[from] brn\n|upkeep\n|\n|t:|1788279905\n|switch|p2b: Sonic The Werehog|Lycanroc-Dusk, L50, M, shiny|100/100\n|turn|9\n|\n|t:|1788279924\n|move|p2b: Sonic The Werehog|Protect|p2b: Sonic The Werehog\n|-singleturn|p2b: Sonic The Werehog|Protect\n|move|p1a: Araquanid|Liquidation|p2b: Sonic The Werehog\n|-activate|p2b: Sonic The Werehog|move: Protect\n|move|p1b: Farigiraf|Twin Beam|p2a: Clinics Fear Me\n|-crit|p2a: Clinics Fear Me\n|-damage|p2a: Clinics Fear Me|27/100\n|-crit|p2a: Clinics Fear Me\n|-damage|p2a: Clinics Fear Me|6/100\n|-hitcount|p2a: Clinics Fear Me|2\n|move|p2a: Clinics Fear Me|Leech Seed|p1b: Farigiraf|[miss]\n|-miss|p2a: Clinics Fear Me|p1b: Farigiraf\n|\n|-damage|p1a: Araquanid|33/100|[from] Leech Seed|[of] p2a: Clinics Fear Me\n|-heal|p2a: Clinics Fear Me|19/100|[silent]\n|-damage|p1b: Farigiraf|32/100 brn|[from] brn\n|upkeep\n|turn|10\n|c|☆ZXDoom|Double is wild\n|\n|t:|1788279942\n|switch|p2b: Giorno Giovanna|Gholdengo, L50|55/100\n|move|p2a: Clinics Fear Me|Protect|p2a: Clinics Fear Me\n|-singleturn|p2a: Clinics Fear Me|Protect\n|move|p1a: Araquanid|Liquidation|p2b: Giorno Giovanna\n|-damage|p2b: Giorno Giovanna|0 fnt\n|faint|p2b: Giorno Giovanna\n|move|p1b: Farigiraf|Twin Beam|p2a: Clinics Fear Me\n|-activate|p2a: Clinics Fear Me|move: Protect\n|\n|-damage|p1a: Araquanid|21/100|[from] Leech Seed|[of] p2a: Clinics Fear Me\n|-heal|p2a: Clinics Fear Me|31/100|[silent]\n|-damage|p1b: Farigiraf|26/100 brn|[from] brn\n|upkeep\n|\n|t:|1788279954\n|switch|p2b: Sonic The Werehog|Lycanroc-Dusk, L50, M, shiny|100/100\n|turn|11\n|inactive|ZXDoom has 30 seconds left.\n|\n|t:|1788279981\n|move|p1a: Araquanid|Protect|p1a: Araquanid\n|-singleturn|p1a: Araquanid|Protect\n|move|p2b: Sonic The Werehog|Protect|p2b: Sonic The Werehog\n|-singleturn|p2b: Sonic The Werehog|Protect\n|move|p1b: Farigiraf|Twin Beam|p2a: Clinics Fear Me\n|-damage|p2a: Clinics Fear Me|15/100\n|-damage|p2a: Clinics Fear Me|1/100\n|-hitcount|p2a: Clinics Fear Me|2\n|move|p2a: Clinics Fear Me|Leech Seed|p1b: Farigiraf\n|-start|p1b: Farigiraf|move: Leech Seed\n|\n|-damage|p1a: Araquanid|9/100|[from] Leech Seed|[of] p2a: Clinics Fear Me\n|-heal|p2a: Clinics Fear Me|13/100|[silent]\n|-damage|p1b: Farigiraf|14/100 brn|[from] Leech Seed|[of] p2a: Clinics Fear Me\n|-heal|p2a: Clinics Fear Me|28/100|[silent]\n|-damage|p1b: Farigiraf|7/100 brn|[from] brn\n|-fieldend|move: Trick Room\n|upkeep\n|turn|12\n|\n|t:|1788280000\n|move|p2a: Clinics Fear Me|Rage Powder|p2a: Clinics Fear Me\n|-singleturn|p2a: Clinics Fear Me|move: Rage Powder\n|move|p2b: Sonic The Werehog|Iron Head|p1a: Araquanid\n|-resisted|p1a: Araquanid|1\n|-damage|p1a: Araquanid|0 fnt\n|faint|p1a: Araquanid\n|move|p1b: Farigiraf|Twin Beam|p2a: Clinics Fear Me\n|-damage|p2a: Clinics Fear Me|14/100\n|-damage|p2a: Clinics Fear Me|1/100\n|-hitcount|p2a: Clinics Fear Me|2\n|\n|-damage|p1b: Farigiraf|0 fnt|[from] Leech Seed|[of] p2a: Clinics Fear Me\n|-heal|p2a: Clinics Fear Me|10/100|[silent]\n|faint|p1b: Farigiraf\n|upkeep\n|\n|t:|1788280005\n|switch|p1b: Chesnaught|Chesnaught-Mega, L50, M|100/100\n|turn|13\n|\n|t:|1788280022\n|move|p1b: Chesnaught|Spiky Shield|p1b: Chesnaught\n|-singleturn|p1b: Chesnaught|move: Protect\n|move|p2b: Sonic The Werehog|Iron Head|p1b: Chesnaught\n|-activate|p1b: Chesnaught|move: Protect\n|-damage|p2b: Sonic The Werehog|87/100|[from] Spiky Shield|[of] p1b: Chesnaught\n|move|p2a: Clinics Fear Me|Overheat|p1b: Chesnaught\n|-activate|p1b: Chesnaught|move: Protect\n|\n|upkeep\n|turn|14\n|\n|t:|1788280035\n|move|p2b: Sonic The Werehog|Protect|p2b: Sonic The Werehog\n|-singleturn|p2b: Sonic The Werehog|Protect\n|move|p2a: Clinics Fear Me|Overheat|p1b: Chesnaught\n|-supereffective|p1b: Chesnaught|1\n|-damage|p1b: Chesnaught|51/100\n|-unboost|p2a: Clinics Fear Me|spa|2\n|move|p1b: Chesnaught|Body Press|p2a: Clinics Fear Me\n|-damage|p2a: Clinics Fear Me|0 fnt\n|-status|p1b: Chesnaught|brn|[from] ability: Spicy Spray|[of] p2a: Clinics Fear Me\n|faint|p2a: Clinics Fear Me\n|\n|-damage|p1b: Chesnaught|45/100 brn|[from] brn\n|upkeep\n|turn|15\n|\n|t:|1788280048\n|move|p1b: Chesnaught|Spiky Shield|p1b: Chesnaught\n|-singleturn|p1b: Chesnaught|move: Protect\n|move|p2b: Sonic The Werehog|Close Combat|p1b: Chesnaught\n|-activate|p1b: Chesnaught|move: Protect\n|-damage|p2b: Sonic The Werehog|75/100|[from] Spiky Shield|[of] p1b: Chesnaught\n|\n|-damage|p1b: Chesnaught|40/100 brn|[from] brn\n|upkeep\n|turn|16\n|c|☆ZXDoom|gg\n|\n|t:|1788280063\n|move|p2b: Sonic The Werehog|Protect|p2b: Sonic The Werehog\n|-singleturn|p2b: Sonic The Werehog|Protect\n|move|p1b: Chesnaught|Body Press|p2b: Sonic The Werehog\n|-activate|p2b: Sonic The Werehog|move: Protect\n|\n|-damage|p1b: Chesnaught|34/100 brn|[from] brn\n|upkeep\n|turn|17\n|\n|t:|1788280070\n|move|p2b: Sonic The Werehog|Close Combat|p1b: Chesnaught\n|-damage|p1b: Chesnaught|10/100 brn\n|-unboost|p2b: Sonic The Werehog|def|1\n|-unboost|p2b: Sonic The Werehog|spd|1\n|move|p1b: Chesnaught|Body Press|p2b: Sonic The Werehog\n|-supereffective|p2b: Sonic The Werehog|1\n|-damage|p2b: Sonic The Werehog|0 fnt\n|faint|p2b: Sonic The Werehog\n|\n|win|ReiTolo07\n|raw|ReiTolo07's rating: 1101 &rarr; <strong>1131</strong><br />(+30 for winning)\n|raw|ZXDoom's rating: 1178 &rarr; <strong>1148</strong><br />(-30 for losing)\n","uploadtime":1788280075,"views":"2","formatid":"gen9championsvgc2026regmb","rating":1131,"private":0,"password":null}