{"id":"gen9championsvgc2026regmbbo3-2673694541","format":"[Gen 9 Champions] VGC 2026 Reg M-B (Bo3)","players":["kingsrowbajax","LycanPlays"],"log":"|j|☆kingsrowbajax\n|j|☆LycanPlays\n|html|<table width=\"100%\"><tr><td align=\"left\">kingsrowbajax</td><td align=\"right\">LycanPlays</tr><tr><td align=\"left\"><i class=\"fa fa-circle-o\"></i> <i class=\"fa fa-circle-o\"></i> </td><td align=\"right\"><i class=\"fa fa-circle-o\"></i> <i class=\"fa fa-circle-o\"></i> </tr></table>\n|uhtml|bestof|<h2><strong>Game 1</strong> of <a href=\"/game-bestof3-gen9championsvgc2026regmbbo3-2673694540\">a best-of-3</a></h2>\n|t:|1788234675\n|gametype|doubles\n|player|p1|kingsrowbajax|170|1112\n|player|p2|LycanPlays|hilbert|1178\n|gen|9\n|tier|[Gen 9 Champions] VGC 2026 Reg M-B (Bo3)\n|rated|\n|rule|Species Clause: Limit one of each Pokémon\n|rule|Item Clause: Limit 1 of each item\n|clearpoke\n|poke|p1|Blastoise, L50, F|\n|poke|p1|Delphox, L50, M|\n|poke|p1|Sinistcha, L50|\n|poke|p1|Kingambit, L50, M|\n|poke|p1|Sneasler, L50, F|\n|poke|p1|Incineroar, L50, F|\n|poke|p2|Charizard, L50, F|\n|poke|p2|Venusaur, L50, M|\n|poke|p2|Archaludon, L50, M|\n|poke|p2|Pelipper, L50, M|\n|poke|p2|Grimmsnarl, L50, M|\n|poke|p2|Basculegion, L50, M|\n|teampreview|4\n|showteam|p1|Blastoise||Blastoisinite|RainDish|WaterSpout,DarkPulse,ShellSmash,Protect|Modest||F|||50|]Delphox||Delphoxite|Blaze|HeatWave,Psychic,NastyPlot,Protect|Timid||M|||50|]Sinistcha||ColburBerry|Hospitality|MatchaGotcha,RagePowder,TrickRoom,Protect|Bold|||||50|]Kingambit||LifeOrb|Defiant|KowtowCleave,SuckerPunch,SwordsDance,Protect|Adamant||M|||50|]Sneasler||FocusSash|PoisonTouch|FakeOut,PoisonJab,CloseCombat,QuickGuard|Jolly||F|||50|]Incineroar||SitrusBerry|Intimidate|FakeOut,FlareBlitz,ThroatChop,PartingShot|Careful||F|||50|\n|showteam|p2|Charizard||CharizarditeY|Blaze|HeatWave,SolarBeam,Protect,WeatherBall|Modest||F|||50|]Venusaur||FocusSash|Chlorophyll|SludgeBomb,EarthPower,Protect,SleepPowder|Timid||M|||50|]Archaludon||Leftovers|Stamina|DragonPulse,FlashCannon,Protect,ElectroShot|Calm||M|||50|]Pelipper||SitrusBerry|Drizzle|WeatherBall,Hurricane,Tailwind,WideGuard|Modest||M|||50|]Grimmsnarl||LightClay|Prankster|SpiritBreak,Reflect,LightScreen,PartingShot|Sassy||M|||50|]Basculegion||ChoiceScarf|Adaptability|WaveCrash,LastRespects,AquaJet,FlipTurn|Jolly||M|||50|\n|\n|t:|1788234713\n|teamsize|p1|4\n|teamsize|p2|4\n|start\n|switch|p1a: Blastoise|Blastoise, L50, F|100/100\n|switch|p1b: Incineroar|Incineroar, L50, F|100/100\n|switch|p2a: Charizard|Charizard, L50, F|100/100\n|switch|p2b: Venusaur|Venusaur, L50, M|100/100\n|-ability|p1b: Incineroar|Intimidate|boost\n|-unboost|p2a: Charizard|atk|1\n|-unboost|p2b: Venusaur|atk|1\n|turn|1\n|\n|t:|1788234759\n|switch|p1a: Sinistcha|Sinistcha, L50|100/100\n|detailschange|p2a: Charizard|Charizard-Mega-Y, L50, F\n|-mega|p2a: Charizard|Charizard|Charizardite Y\n|-weather|SunnyDay|[from] ability: Drought|[of] p2a: Charizard\n|move|p2b: Venusaur|Sleep Powder|p1a: Sinistcha\n|-immune|p1a: Sinistcha\n|move|p2a: Charizard|Solar Beam||[still]\n|-prepare|p2a: Charizard|Solar Beam\n|-anim|p2a: Charizard|Solar Beam|p1a: Sinistcha\n|-resisted|p1a: Sinistcha|1\n|-damage|p1a: Sinistcha|76/100\n|move|p1b: Incineroar|Flare Blitz|p2b: Venusaur\n|-supereffective|p2b: Venusaur|1\n|-enditem|p2b: Venusaur|Focus Sash\n|-damage|p2b: Venusaur|1/100\n|-damage|p1b: Incineroar|74/100|[from] Recoil\n|\n|-weather|SunnyDay|[upkeep]\n|upkeep\n|turn|2\n|\n|t:|1788234794\n|switch|p1b: Sneasler|Sneasler, L50, F|100/100\n|move|p1a: Sinistcha|Protect|p1a: Sinistcha\n|-singleturn|p1a: Sinistcha|Protect\n|move|p2b: Venusaur|Earth Power|p1b: Sneasler\n|-supereffective|p1b: Sneasler|1\n|-damage|p1b: Sneasler|23/100\n|move|p2a: Charizard|Heat Wave|p1a: Sinistcha|[spread] p1b\n|-activate|p1a: Sinistcha|move: Protect\n|-damage|p1b: Sneasler|0 fnt\n|faint|p1b: Sneasler\n|\n|-weather|SunnyDay|[upkeep]\n|upkeep\n|\n|t:|1788234807\n|switch|p1b: Incineroar|Incineroar, L50, F|74/100\n|-ability|p1b: Incineroar|Intimidate|boost\n|-unboost|p2a: Charizard|atk|1\n|-unboost|p2b: Venusaur|atk|1\n|turn|3\n|\n|t:|1788234819\n|move|p2b: Venusaur|Protect|p2b: Venusaur\n|-singleturn|p2b: Venusaur|Protect\n|move|p2a: Charizard|Heat Wave|p1b: Incineroar|[spread] p1a,p1b\n|-supereffective|p1a: Sinistcha|1\n|-resisted|p1b: Incineroar|1\n|-damage|p1a: Sinistcha|0 fnt\n|-damage|p1b: Incineroar|50/100g\n|faint|p1a: Sinistcha\n|move|p1b: Incineroar|Parting Shot|p2a: Charizard\n|-unboost|p2a: Charizard|atk|1\n|-unboost|p2a: Charizard|spa|1\n|\n|t:|1788234828\n|switch|p1b: Blastoise|Blastoise, L50, F|100/100|[from] Parting Shot\n|\n|-weather|SunnyDay|[upkeep]\n|upkeep\n|\n|t:|1788234832\n|switch|p1a: Incineroar|Incineroar, L50, F|50/100g\n|-ability|p1a: Incineroar|Intimidate|boost\n|-unboost|p2a: Charizard|atk|1\n|-unboost|p2b: Venusaur|atk|1\n|turn|4\n|\n|t:|1788234847\n|switch|p2b: Archaludon|Archaludon, L50, M|100/100\n|detailschange|p1b: Blastoise|Blastoise-Mega, L50, F\n|-mega|p1b: Blastoise|Blastoise|Blastoisinite\n|move|p1a: Incineroar|Fake Out|p2b: Archaludon\n|-resisted|p2b: Archaludon|1\n|-damage|p2b: Archaludon|96/100\n|-ability|p2b: Archaludon|Stamina|boost\n|-boost|p2b: Archaludon|def|1\n|move|p2a: Charizard|Solar Beam||[still]\n|-prepare|p2a: Charizard|Solar Beam\n|-anim|p2a: Charizard|Solar Beam|p1b: Blastoise\n|-supereffective|p1b: Blastoise|1\n|-damage|p1b: Blastoise|42/100\n|move|p1b: Blastoise|Water Spout|p2a: Charizard|[spread] p2a,p2b\n|-supereffective|p2a: Charizard|1\n|-resisted|p2b: Archaludon|1\n|-damage|p2a: Charizard|75/100\n|-damage|p2b: Archaludon|91/100\n|-ability|p2b: Archaludon|Stamina|boost\n|-boost|p2b: Archaludon|def|1\n|\n|-weather|SunnyDay|[upkeep]\n|-heal|p2b: Archaludon|97/100|[from] item: Leftovers\n|upkeep\n|turn|5\n|-message|kingsrowbajax forfeited.\n|\n|win|LycanPlays\n","uploadtime":1788234864,"views":"2","formatid":"gen9championsvgc2026regmbbo3","rating":null,"private":0,"password":null}