{"id":"gen9championsvgc2026regmbbo3-2674395858","format":"[Gen 9 Champions] VGC 2026 Reg M-B (Bo3)","players":["Pawah","M4rT3Us"],"log":"|j|☆Pawah\n|j|☆M4rT3Us\n|html|<table width=\"100%\"><tr><td align=\"left\">Pawah</td><td align=\"right\">M4rT3Us</tr><tr><td align=\"left\"><i class=\"fa fa-circle\"></i> <i class=\"fa fa-circle-o\"></i> </td><td align=\"right\"><i class=\"fa fa-circle-o\"></i> <i class=\"fa fa-circle\"></i> </tr></table>\n|uhtml|bestof|<h2><strong>Game 3</strong> of <a href=\"/game-bestof3-gen9championsvgc2026regmbbo3-2674393341\">a best-of-3</a></h2>\n|t:|1788354434\n|gametype|doubles\n|player|p1|Pawah|ethan|1296\n|player|p2|M4rT3Us|101|1259\n|gen|9\n|tier|[Gen 9 Champions] VGC 2026 Reg M-B (Bo3)\n|rated|\n|rule|Species Clause: Limit one of each Pokémon\n|rule|Item Clause: Limit 1 of each item\n|clearpoke\n|poke|p1|Froslass, L50, F|\n|poke|p1|Scovillain, L50, F, shiny|\n|poke|p1|Basculegion, L50, M|\n|poke|p1|Kingambit, L50, M|\n|poke|p1|Sneasler, L50, M|\n|poke|p1|Lycanroc-Dusk, L50, M|\n|poke|p2|Garchomp, L50, M|\n|poke|p2|Floette-Eternal, L50, F|\n|poke|p2|Ninetales-Alola, L50, F|\n|poke|p2|Talonflame, L50, M|\n|poke|p2|Kingambit, L50, F|\n|poke|p2|Basculegion, L50, M|\n|teampreview|4\n|showteam|p1|Froslass||Froslassite|CursedBody|Blizzard,ShadowBall,AuroraVeil,Protect|Modest||F|||50|]Scovillain||Scovillainite|Moody|GigaDrain,Overheat,RagePowder,Protect|Bold||F|||50|]Basculegion||SitrusBerry|Adaptability|WaveCrash,LastRespects,AquaJet,Protect|Adamant||M|||50|]Kingambit||BlackGlasses|Defiant|KowtowCleave,SuckerPunch,SwordsDance,Protect|Adamant||M|||50|]Sneasler||WhiteHerb|Unburden|CloseCombat,GunkShot,Protect,FakeOut|Adamant||M|||50|]Lycanroc-Dusk||FocusSash|ToughClaws|CloseCombat,Accelerock,RockSlide,Protect|Adamant||M|||50|\n|showteam|p2|Garchomp||LifeOrb|RoughSkin|Earthquake,DragonClaw,RockSlide,Protect|Jolly||M|||50|]Floette-Eternal||Floettite|FlowerVeil|Moonblast,DazzlingGleam,LightofRuin,Protect|Modest||F|||50|]Ninetales-Alola||ChoiceScarf|SnowWarning|Blizzard,FreezeDry,Encore,Moonblast|Timid||F|||50|]Talonflame||SharpBeak|GaleWings|DualWingbeat,FlareBlitz,Taunt,Tailwind|Jolly||M|||50|]Kingambit||ChopleBerry|Defiant|LowKick,SuckerPunch,IronHead,KowtowCleave|Adamant||F|||50|]Basculegion||FocusSash|Adaptability|Liquidation,AquaJet,LastRespects,Protect|Jolly||M|||50|\n|inactive|Battle timer is ON: inactive players will automatically lose when time's up. (requested by Pawah)\n|\n|t:|1788354455\n|teamsize|p1|4\n|teamsize|p2|4\n|start\n|switch|p1a: Lycanroc|Lycanroc-Dusk, L50, M|100/100\n|switch|p1b: Scovillain|Scovillain, L50, F, shiny|100/100\n|switch|p2a: Talonflame|Talonflame, L50, M|100/100\n|switch|p2b: Kingambit|Kingambit, L50, F|100/100\n|turn|1\n|\n|t:|1788354471\n|detailschange|p1b: Scovillain|Scovillain-Mega, L50, F, shiny\n|-mega|p1b: Scovillain|Scovillain|Scovillainite\n|move|p1b: Scovillain|Rage Powder|p1b: Scovillain\n|-singleturn|p1b: Scovillain|move: Rage Powder\n|move|p2a: Talonflame|Dual Wingbeat|p1b: Scovillain|[miss]\n|-miss|p2a: Talonflame|p1b: Scovillain\n|move|p1a: Lycanroc|Close Combat|p2b: Kingambit\n|-supereffective|p2b: Kingambit|2\n|-crit|p2b: Kingambit\n|-enditem|p2b: Kingambit|Chople Berry|[eat]\n|-enditem|p2b: Kingambit|Chople Berry|[weaken]\n|-damage|p2b: Kingambit|0 fnt\n|-unboost|p1a: Lycanroc|def|1\n|-unboost|p1a: Lycanroc|spd|1\n|faint|p2b: Kingambit\n|\n|upkeep\n|\n|t:|1788354486\n|switch|p2b: Floette|Floette-Eternal, L50, F|100/100\n|turn|2\n|c|☆Pawah|sorry about that\n|\n|t:|1788354511\n|detailschange|p2b: Floette|Floette-Mega, L50, F\n|-mega|p2b: Floette|Floette|Floettite\n|-ability|p2b: Floette|Fairy Aura\n|move|p1a: Lycanroc|Protect|p1a: Lycanroc\n|-singleturn|p1a: Lycanroc|Protect\n|move|p2a: Talonflame|Dual Wingbeat|p1b: Scovillain\n|-supereffective|p1b: Scovillain|1\n|-damage|p1b: Scovillain|67/100\n|-supereffective|p1b: Scovillain|1\n|-damage|p1b: Scovillain|32/100\n|-hitcount|p1b: Scovillain|2\n|move|p2b: Floette|Dazzling Gleam|p1a: Lycanroc|[spread] p1b\n|-activate|p1a: Lycanroc|move: Protect\n|-resisted|p1b: Scovillain|1\n|-damage|p1b: Scovillain|7/100\n|-status|p2b: Floette|brn|[from] ability: Spicy Spray|[of] p1b: Scovillain\n|move|p1b: Scovillain|Giga Drain|p2a: Talonflame\n|-resisted|p2a: Talonflame|2\n|-damage|p2a: Talonflame|87/100\n|-heal|p1b: Scovillain|13/100|[from] drain|[of] p2a: Talonflame\n|\n|-damage|p2b: Floette|93/100 brn|[from] brn\n|upkeep\n|turn|3\n|inactive|Pawah has 30 seconds left.\n|\n|t:|1788354538\n|switch|p1b: Sneasler|Sneasler, L50, M|100/100\n|move|p1a: Lycanroc|Accelerock|p2a: Talonflame\n|-supereffective|p2a: Talonflame|2\n|-damage|p2a: Talonflame|0 fnt\n|faint|p2a: Talonflame\n|move|p2b: Floette|Dazzling Gleam|p1b: Sneasler|[spread] p1a,p1b\n|-enditem|p1a: Lycanroc|Focus Sash\n|-damage|p1a: Lycanroc|1/100\n|-damage|p1b: Sneasler|35/100\n|\n|-damage|p2b: Floette|87/100 brn|[from] brn\n|upkeep\n|\n|t:|1788354543\n|switch|p2a: Ninetales|Ninetales-Alola, L50, F|100/100\n|-weather|Snowscape|[from] ability: Snow Warning|[of] p2a: Ninetales\n|turn|4\n|\n|t:|1788354553\n|move|p1b: Sneasler|Fake Out|p2b: Floette\n|-damage|p2b: Floette|72/100 brn\n|move|p1a: Lycanroc|Accelerock|p2a: Ninetales\n|-supereffective|p2a: Ninetales|1\n|-damage|p2a: Ninetales|60/100\n|move|p2a: Ninetales|Blizzard|p1a: Lycanroc|[spread] p1a,p1b\n|-damage|p1a: Lycanroc|0 fnt\n|-damage|p1b: Sneasler|8/100\n|faint|p1a: Lycanroc\n|cant|p2b: Floette|flinch\n|\n|-weather|Snowscape|[upkeep]\n|-damage|p2b: Floette|66/100 brn|[from] brn\n|upkeep\n|\n|t:|1788354558\n|switch|p1a: Basculegion|Basculegion, L50, M|100/100\n|turn|5\n|\n|t:|1788354566\n|move|p1b: Sneasler|Protect|p1b: Sneasler\n|-singleturn|p1b: Sneasler|Protect\n|move|p2a: Ninetales|Blizzard|p1a: Basculegion|[spread] p1a\n|-activate|p1b: Sneasler|move: Protect\n|-resisted|p1a: Basculegion|1\n|-damage|p1a: Basculegion|88/100\n|move|p2b: Floette|Moonblast|p1a: Basculegion\n|-damage|p1a: Basculegion|14/100\n|-enditem|p1a: Basculegion|Sitrus Berry|[eat]\n|-heal|p1a: Basculegion|38/100|[from] item: Sitrus Berry\n|move|p1a: Basculegion|Last Respects|p2b: Floette\n|-damage|p2b: Floette|0 fnt\n|faint|p2b: Floette\n|\n|-weather|Snowscape|[upkeep]\n|upkeep\n|turn|6\n|\n|t:|1788354581\n|move|p2a: Ninetales|Blizzard|p1b: Sneasler|[spread] p1a,p1b\n|-resisted|p1a: Basculegion|1\n|-damage|p1a: Basculegion|27/100\n|-damage|p1b: Sneasler|0 fnt\n|faint|p1b: Sneasler\n|move|p1a: Basculegion|Last Respects|p2a: Ninetales\n|-damage|p2a: Ninetales|0 fnt\n|faint|p2a: Ninetales\n|\n|win|Pawah\n|raw|Pawah's rating: 1296 &rarr; <strong>1318</strong><br />(+22 for winning)\n|raw|M4rT3Us's rating: 1259 &rarr; <strong>1237</strong><br />(-22 for losing)\n","uploadtime":1788354581,"views":"0","formatid":"gen9championsvgc2026regmbbo3","rating":1237,"private":0,"password":null}