{"id":"gen9championsvgc2026regmb-2674259547","format":"[Gen 9 Champions] VGC 2026 Reg M-B","players":["HospitalityCheck","Bugsnax4smash"],"log":"|j|☆HospitalityCheck\n|j|☆Bugsnax4smash\n|t:|1788325425\n|gametype|doubles\n|player|p1|HospitalityCheck|2|1165\n|player|p2|Bugsnax4smash|lady-gen4|1220\n|gen|9\n|tier|[Gen 9 Champions] VGC 2026 Reg M-B\n|rated|\n|rule|Species Clause: Limit one of each Pokémon\n|rule|Item Clause: Limit 1 of each item\n|clearpoke\n|poke|p1|Metagross, L50|\n|poke|p1|Incineroar, L50, F|\n|poke|p1|Sinistcha, L50|\n|poke|p1|Whimsicott, L50, M|\n|poke|p1|Garchomp, L50, M|\n|poke|p1|Kingambit, L50, F|\n|poke|p2|Froslass, L50, F|\n|poke|p2|Raichu, L50, F|\n|poke|p2|Mamoswine, L50, M|\n|poke|p2|Whimsicott, L50, M|\n|poke|p2|Volcarona, L50, F|\n|poke|p2|Gyarados, L50, F|\n|teampreview|4\n|inactive|Battle timer is ON: inactive players will automatically lose when time's up. (requested by HospitalityCheck)\nHospitalityCheck has agreed to open team sheets.\n|inactive|Bugsnax4smash has 60 seconds left.\n|\n|t:|1788325480\n|teamsize|p1|4\n|teamsize|p2|4\n|start\n|switch|p1a: Metagross|Metagross, L50|100/100\n|switch|p1b: Incineroar|Incineroar, L50, F|100/100\n|switch|p2a: Froslass|Froslass, L50, F|100/100\n|switch|p2b: Raichu|Raichu, L50, F|100/100\n|-ability|p1b: Incineroar|Intimidate|boost\n|-unboost|p2a: Froslass|atk|1\n|-unboost|p2b: Raichu|atk|1\n|turn|1\n|inactive|Bugsnax4smash has 30 seconds left.\n|\n|t:|1788325514\n|detailschange|p2a: Froslass|Froslass-Mega, L50, F\n|-mega|p2a: Froslass|Froslass|Froslassite\n|-weather|Snowscape|[from] ability: Snow Warning|[of] p2a: Froslass\n|detailschange|p1a: Metagross|Metagross-Mega, L50\n|-mega|p1a: Metagross|Metagross|Metagrossite\n|move|p2b: Raichu|Fake Out|p1b: Incineroar\n|-damage|p1b: Incineroar|94/100\n|move|p2a: Froslass|Shadow Ball|p1a: Metagross\n|-supereffective|p1a: Metagross|1\n|-damage|p1a: Metagross|4/100\n|move|p1a: Metagross|Psychic Fangs|p2b: Raichu\n|-damage|p2b: Raichu|0 fnt\n|faint|p2b: Raichu\n|cant|p1b: Incineroar|flinch\n|\n|-weather|Snowscape|[upkeep]\n|upkeep\n|\n|t:|1788325530\n|switch|p2b: Mamoswine|Mamoswine, L50, M|100/100\n|turn|2\n|\n|t:|1788325537\n|move|p2a: Froslass|Protect|p2a: Froslass\n|-singleturn|p2a: Froslass|Protect\n|move|p1a: Metagross|Protect|p1a: Metagross\n|-singleturn|p1a: Metagross|Protect\n|move|p2b: Mamoswine|Earthquake|p1b: Incineroar|[spread] p1b\n|-activate|p2a: Froslass|move: Protect\n|-activate|p1a: Metagross|move: Protect\n|-supereffective|p1b: Incineroar|1\n|-damage|p1b: Incineroar|21/100\n|-enditem|p1b: Incineroar|Sitrus Berry|[eat]\n|-heal|p1b: Incineroar|46/100|[from] item: Sitrus Berry\n|move|p1b: Incineroar|Flare Blitz|p2a: Froslass\n|-activate|p2a: Froslass|move: Protect\n|\n|-weather|Snowscape|[upkeep]\n|upkeep\n|turn|3\n|inactive|Bugsnax4smash has 30 seconds left.\n|\n|t:|1788325564\n|switch|p1b: Sinistcha|Sinistcha, L50|100/100\n|-heal|p1a: Metagross|29/100|[from] ability: Hospitality|[of] p1b: Sinistcha\n|move|p2a: Froslass|Blizzard|p1a: Metagross|[spread] p1a,p1b\n|-resisted|p1a: Metagross|1\n|-supereffective|p1b: Sinistcha|1\n|-damage|p1a: Metagross|5/100\n|-damage|p1b: Sinistcha|0 fnt\n|faint|p1b: Sinistcha\n|move|p1a: Metagross|Iron Head|p2a: Froslass\n|-supereffective|p2a: Froslass|1\n|-damage|p2a: Froslass|0 fnt\n|faint|p2a: Froslass\n|move|p2b: Mamoswine|Icicle Crash|p1a: Metagross\n|-resisted|p1a: Metagross|1\n|-damage|p1a: Metagross|0 fnt\n|faint|p1a: Metagross\n|\n|-weather|Snowscape|[upkeep]\n|upkeep\n|\n|t:|1788325579\n|switch|p2a: Volcarona|Volcarona, L50, F|100/100\n|switch|p1a: Incineroar|Incineroar, L50, F|46/100\n|switch|p1b: Garchomp|Garchomp, L50, M|100/100\n|-ability|p1a: Incineroar|Intimidate|boost\n|-unboost|p2a: Volcarona|atk|1\n|-unboost|p2b: Mamoswine|atk|1\n|turn|4\n|inactive|Bugsnax4smash has 30 seconds left.\n|\n|t:|1788325614\n|move|p2a: Volcarona|Protect|p2a: Volcarona\n|-singleturn|p2a: Volcarona|Protect\n|move|p1b: Garchomp|Rock Slide|p2b: Mamoswine|[spread] p2b\n|-activate|p2a: Volcarona|move: Protect\n|-damage|p2b: Mamoswine|80/100\n|-damage|p1b: Garchomp|90/100|[from] item: Life Orb\n|cant|p2b: Mamoswine|flinch\n|move|p1a: Incineroar|Flare Blitz|p2a: Volcarona\n|-activate|p2a: Volcarona|move: Protect\n|\n|-weather|Snowscape|[upkeep]\n|upkeep\n|turn|5\n|\n|t:|1788325635\n|move|p1b: Garchomp|Rock Slide|p2b: Mamoswine|[spread] p2a,p2b\n|-supereffective|p2a: Volcarona|2\n|-crit|p2a: Volcarona\n|-enditem|p2a: Volcarona|Focus Sash\n|-damage|p2a: Volcarona|1/100\n|-damage|p2b: Mamoswine|62/100\n|-damage|p1b: Garchomp|80/100|[from] item: Life Orb\n|move|p2a: Volcarona|Quiver Dance|p2a: Volcarona\n|-boost|p2a: Volcarona|spa|1\n|-boost|p2a: Volcarona|spd|1\n|-boost|p2a: Volcarona|spe|1\n|move|p2b: Mamoswine|Icicle Crash|p1b: Garchomp\n|-supereffective|p1b: Garchomp|2\n|-damage|p1b: Garchomp|0 fnt\n|faint|p1b: Garchomp\n|move|p1a: Incineroar|Flare Blitz|p2a: Volcarona\n|-damage|p2a: Volcarona|0 fnt\n|faint|p2a: Volcarona\n|-damage|p1a: Incineroar|46/100|[from] Recoil\n|\n|-weather|none\n|upkeep\n|turn|6\n|\n|t:|1788325652\n|move|p2b: Mamoswine|Earthquake|p1a: Incineroar\n|-supereffective|p1a: Incineroar|1\n|-damage|p1a: Incineroar|0 fnt\n|faint|p1a: Incineroar\n|\n|win|Bugsnax4smash\n|raw|HospitalityCheck's rating: 1165 &rarr; <strong>1144</strong><br />(-21 for losing)\n|raw|Bugsnax4smash's rating: 1220 &rarr; <strong>1241</strong><br />(+21 for winning)\n|l|☆HospitalityCheck\n|player|p1|\n","uploadtime":1788325664,"views":"3","formatid":"gen9championsvgc2026regmb","rating":1144,"private":0,"password":null}