{"id":"gen9championsvgc2026regmb-2674955766","format":"[Gen 9 Champions] VGC 2026 Reg M-B","players":["Fynnster","TESTDIGI"],"log":"|j|☆Fynnster\n|j|☆TESTDIGI\n|t:|1788441601\n|gametype|doubles\n|player|p1|Fynnster|sabrina-gen1rb|1317\n|player|p2|TESTDIGI|169|1344\n|gen|9\n|tier|[Gen 9 Champions] VGC 2026 Reg M-B\n|rated|\n|rule|Species Clause: Limit one of each Pokémon\n|rule|Item Clause: Limit 1 of each item\n|clearpoke\n|poke|p1|Blaziken, L50, M|\n|poke|p1|Venusaur, L50, M|\n|poke|p1|Primarina, L50, F|\n|poke|p1|Kingambit, L50, F|\n|poke|p1|Farigiraf, L50, M|\n|poke|p1|Torkoal, L50, F|\n|poke|p2|Gholdengo, L50|\n|poke|p2|Staraptor, L50, M, shiny|\n|poke|p2|Tyranitar, L50, F|\n|poke|p2|Farigiraf, L50, M|\n|poke|p2|Whimsicott, L50, F, shiny|\n|poke|p2|Excadrill, L50, M|\n|teampreview|4\n|inactive|Battle timer is ON: inactive players will automatically lose when time's up. (requested by Fynnster)\n|inactive|TESTDIGI has 60 seconds left.\n|\n|t:|1788441661\n|teamsize|p1|4\n|teamsize|p2|4\n|start\n|switch|p1a: Blaziken|Blaziken, L50, M|100/100\n|switch|p1b: Farigiraf|Farigiraf, L50, M|100/100\n|switch|p2a: Staraptor|Staraptor, L50, M, shiny|100/100\n|switch|p2b: Excadrill|Excadrill, L50, M|100/100\n|-ability|p2a: Staraptor|Intimidate|boost\n|-unboost|p1a: Blaziken|atk|1\n|-unboost|p1b: Farigiraf|atk|1\n|turn|1\n|inactive|TESTDIGI has 30 seconds left.\n|inactive|TESTDIGI has 20 seconds left.\n|\n|t:|1788441697\n|move|p2a: Staraptor|Protect|p2a: Staraptor\n|-singleturn|p2a: Staraptor|Protect\n|move|p1a: Blaziken|Detect|p1a: Blaziken\n|-singleturn|p1a: Blaziken|Protect\n|move|p1b: Farigiraf|Protect|p1b: Farigiraf\n|-singleturn|p1b: Farigiraf|Protect\n|move|p2b: Excadrill|Earthquake|p1a: Blaziken|[spread] \n|-activate|p2a: Staraptor|move: Protect\n|-activate|p1a: Blaziken|move: Protect\n|-activate|p1b: Farigiraf|move: Protect\n|\n|-ability|p1a: Blaziken|Speed Boost|boost\n|-boost|p1a: Blaziken|spe|1\n|upkeep\n|turn|2\n|\n|t:|1788441713\n|switch|p2a: Tyranitar|Tyranitar, L50, F|100/100\n|-weather|Sandstorm|[from] ability: Sand Stream|[of] p2a: Tyranitar\n|detailschange|p1a: Blaziken|Blaziken-Mega, L50, M\n|-mega|p1a: Blaziken|Blaziken|Blazikenite\n|move|p2b: Excadrill|High Horsepower|p1a: Blaziken\n|-supereffective|p1a: Blaziken|1\n|-damage|p1a: Blaziken|0 fnt\n|faint|p1a: Blaziken\n|move|p1b: Farigiraf|Trick Room|p1b: Farigiraf\n|-fieldstart|move: Trick Room|[of] p1b: Farigiraf\n|\n|-weather|Sandstorm|[upkeep]\n|-damage|p1b: Farigiraf|93/100|[from] Sandstorm\n|upkeep\n|\n|t:|1788441720\n|switch|p1a: Torkoal|Torkoal, L50, F|100/100\n|-weather|SunnyDay|[from] ability: Drought|[of] p1a: Torkoal\n|turn|3\n|\n|t:|1788441743\n|switch|p2a: Farigiraf|Farigiraf, L50, M|100/100\n|move|p2b: Excadrill|Protect|p2b: Excadrill\n|-singleturn|p2b: Excadrill|Protect\n|move|p1a: Torkoal|Eruption|p2a: Farigiraf|[spread] p2a\n|-activate|p2b: Excadrill|move: Protect\n|-damage|p2a: Farigiraf|19/100\n|-enditem|p2a: Farigiraf|Sitrus Berry|[eat]\n|-heal|p2a: Farigiraf|44/100|[from] item: Sitrus Berry\n|move|p1b: Farigiraf|Thunderbolt|p2a: Farigiraf\n|-damage|p2a: Farigiraf|24/100\n|-status|p2a: Farigiraf|par\n|\n|-weather|SunnyDay|[upkeep]\n|upkeep\n|turn|4\n|\n|t:|1788441762\n|switch|p2a: Tyranitar|Tyranitar, L50, F|100/100\n|-weather|Sandstorm|[from] ability: Sand Stream|[of] p2a: Tyranitar\n|move|p1a: Torkoal|Eruption|p2b: Excadrill|[spread] p2a,p2b\n|-resisted|p2a: Tyranitar|1\n|-supereffective|p2b: Excadrill|1\n|-damage|p2a: Tyranitar|82/100\n|-damage|p2b: Excadrill|0 fnt\n|faint|p2b: Excadrill\n|move|p1b: Farigiraf|Psychic|p2a: Tyranitar\n|-immune|p2a: Tyranitar\n|\n|-weather|Sandstorm|[upkeep]\n|-damage|p1a: Torkoal|93/100|[from] Sandstorm\n|-damage|p1b: Farigiraf|87/100|[from] Sandstorm\n|upkeep\n|\n|t:|1788441771\n|switch|p2b: Farigiraf|Farigiraf, L50, M|24/100 par\n|turn|5\n|inactive|Fynnster has 30 seconds left.\n|\n|t:|1788441797\n|switch|p1b: Kingambit|Kingambit, L50, F|100/100\n|move|p1a: Torkoal|Eruption|p2a: Tyranitar|[spread] p2a,p2b\n|-resisted|p2a: Tyranitar|1\n|-damage|p2a: Tyranitar|65/100\n|-damage|p2b: Farigiraf|0 fnt\n|faint|p2b: Farigiraf\n|move|p2a: Tyranitar|Knock Off|p1b: Kingambit\n|-resisted|p1b: Kingambit|1\n|-damage|p1b: Kingambit|81/100\n|-enditem|p1b: Kingambit|Focus Sash|[from] move: Knock Off|[of] p2a: Tyranitar\n|\n|-weather|Sandstorm|[upkeep]\n|-damage|p1a: Torkoal|87/100|[from] Sandstorm\n|upkeep\n|\n|t:|1788441808\n|switch|p2b: Staraptor|Staraptor, L50, M, shiny|100/100\n|-ability|p2b: Staraptor|Intimidate|boost\n|-unboost|p1a: Torkoal|atk|1\n|-unboost|p1b: Kingambit|atk|1\n|-ability|p1b: Kingambit|Defiant|boost\n|-boost|p1b: Kingambit|atk|2\n|turn|6\n|\n|t:|1788441827\n|detailschange|p2b: Staraptor|Staraptor-Mega, L50, M, shiny\n|-mega|p2b: Staraptor|Staraptor|Staraptite\n|move|p1a: Torkoal|Eruption|p2a: Tyranitar|[spread] p2a,p2b\n|-resisted|p2a: Tyranitar|1\n|-damage|p2a: Tyranitar|50/100g\n|-damage|p2b: Staraptor|45/100\n|move|p1b: Kingambit|Iron Head|p2a: Tyranitar\n|-supereffective|p2a: Tyranitar|1\n|-damage|p2a: Tyranitar|0 fnt\n|faint|p2a: Tyranitar\n|move|p2b: Staraptor|Close Combat|p1b: Kingambit\n|-supereffective|p1b: Kingambit|2\n|-damage|p1b: Kingambit|0 fnt\n|-boost|p2b: Staraptor|def|1\n|-boost|p2b: Staraptor|spd|1\n|faint|p1b: Kingambit\n|\n|-weather|Sandstorm|[upkeep]\n|-damage|p1a: Torkoal|81/100|[from] Sandstorm\n|-damage|p2b: Staraptor|39/100|[from] Sandstorm\n|-fieldend|move: Trick Room\n|upkeep\n|\n|t:|1788441831\n|switch|p1b: Farigiraf|Farigiraf, L50, M|87/100\n|turn|7\n|\n|t:|1788441851\n|move|p1a: Torkoal|Protect|p1a: Torkoal\n|-singleturn|p1a: Torkoal|Protect\n|move|p2b: Staraptor|Close Combat|p1b: Farigiraf\n|-damage|p1b: Farigiraf|47/100\n|-boost|p2b: Staraptor|def|1\n|-boost|p2b: Staraptor|spd|1\n|-enditem|p1b: Farigiraf|Sitrus Berry|[eat]\n|-heal|p1b: Farigiraf|72/100|[from] item: Sitrus Berry\n|move|p1b: Farigiraf|Trick Room|p1b: Farigiraf\n|-fieldstart|move: Trick Room|[of] p1b: Farigiraf\n|\n|-weather|Sandstorm|[upkeep]\n|-damage|p1a: Torkoal|75/100|[from] Sandstorm\n|-damage|p1b: Farigiraf|66/100|[from] Sandstorm\n|-damage|p2b: Staraptor|33/100|[from] Sandstorm\n|upkeep\n|turn|8\n|-message|TESTDIGI forfeited.\n|\n|win|Fynnster\n","uploadtime":1788441604,"views":"0","formatid":"gen9championsvgc2026regmb","rating":null,"private":0,"password":null}