{"id":"gen9championsvgc2026regmbbo3-2674578975","format":"[Gen 9 Champions] VGC 2026 Reg M-B (Bo3)","players":["ClasiusClap","edixex"],"log":"|j|☆ClasiusClap\n|j|☆edixex\n|html|<table width=\"100%\"><tr><td align=\"left\">ClasiusClap</td><td align=\"right\">edixex</tr><tr><td align=\"left\"><i class=\"fa fa-circle-o\"></i> <i class=\"fa fa-circle-o\"></i> </td><td align=\"right\"><i class=\"fa fa-circle-o\"></i> <i class=\"fa fa-circle-o\"></i> </tr></table>\n|uhtml|bestof|<h2><strong>Game 1</strong> of <a href=\"/game-bestof3-gen9championsvgc2026regmbbo3-2674578973\">a best-of-3</a></h2>\n|t:|1788376186\n|gametype|doubles\n|player|p1|ClasiusClap|2|1176\n|player|p2|edixex|2|1203\n|gen|9\n|tier|[Gen 9 Champions] VGC 2026 Reg M-B (Bo3)\n|rated|\n|rule|Species Clause: Limit one of each Pokémon\n|rule|Item Clause: Limit 1 of each item\n|clearpoke\n|poke|p1|Charizard, L50, F|\n|poke|p1|Garchomp, L50, M|\n|poke|p1|Sylveon, L50, M|\n|poke|p1|Incineroar, L50, M|\n|poke|p1|Whimsicott, L50, F|\n|poke|p1|Basculegion, L50, M|\n|poke|p2|Metagross, L50|\n|poke|p2|Noivern, L50, F|\n|poke|p2|Incineroar, L50, M, shiny|\n|poke|p2|Grimmsnarl, L50, M|\n|poke|p2|Decidueye-Hisui, L50, M|\n|poke|p2|Milotic, L50, M|\n|teampreview|4\n|showteam|p1|Charizard||CharizarditeY|Blaze|HeatWave,SolarBeam,WeatherBall,Protect|Timid||F|||50|]Garchomp||LifeOrb|RoughSkin|Earthquake,DragonClaw,StompingTantrum,Protect|Jolly||M|||50|]Sylveon||FairyFeather|Pixilate|HyperVoice,HyperBeam,Yawn,Detect|Modest||M|||50|]Incineroar||PasshoBerry|Intimidate|ThroatChop,FlareBlitz,FakeOut,PartingShot|Impish||M|||50|]Whimsicott||FocusSash|Prankster|Tailwind,Moonblast,Encore,Protect|Timid||F|||50|]Basculegion||MysticWater|Adaptability|WaveCrash,AquaJet,LastRespects,Protect|Adamant||M|||50|\n|showteam|p2|Metagross||Metagrossite|ClearBody|PsychicFangs,IronHead,Protect,IcePunch|Jolly|||||50|]Noivern||FocusSash|Infiltrator|SuperFang,Tailwind,Protect,DracoMeteor|Timid||F|||50|]Incineroar||SitrusBerry|Intimidate|FakeOut,FlareBlitz,PartingShot,ThroatChop|Impish||M|||50|]Grimmsnarl||LightClay|Prankster|LightScreen,Reflect,PartingShot,SpiritBreak|Careful||M|||50|]Decidueye-Hisui||ScopeLens|Scrappy|UpperHand,LeafBlade,Protect,TripleArrows|Adamant||M|||50|]Milotic||Leftovers|Competitive|IcyWind,Scald,HelpingHand,Protect|Modest||M|||50|\n|inactive|Battle timer is ON: inactive players will automatically lose when time's up. (requested by edixex)\n|\n|t:|1788376259\n|teamsize|p1|4\n|teamsize|p2|4\n|start\n|switch|p1a: Sylveon|Sylveon, L50, M|100/100\n|switch|p1b: Charizard|Charizard, L50, F|100/100\n|switch|p2a: Incineroar|Incineroar, L50, M, shiny|100/100\n|switch|p2b: Noivern|Noivern, L50, F|100/100\n|-ability|p2a: Incineroar|Intimidate|boost\n|-unboost|p1a: Sylveon|atk|1\n|-unboost|p1b: Charizard|atk|1\n|turn|1\n|inactive|ClasiusClap has 30 seconds left.\n|inactive|ClasiusClap has 20 seconds left.\n|inactive|edixex has 30 seconds left.\n|inactive|edixex has 20 seconds left.\n|inactive|edixex has 15 seconds left.\n|inactive|edixex has 10 seconds left.\n|\n|t:|1788376319\n|detailschange|p1b: Charizard|Charizard-Mega-Y, L50, F\n|-mega|p1b: Charizard|Charizard|Charizardite Y\n|-weather|SunnyDay|[from] ability: Drought|[of] p1b: Charizard\n|move|p2b: Noivern|Super Fang|p1b: Charizard\n|-damage|p1b: Charizard|50/100g\n|move|p1b: Charizard|Heat Wave|p2b: Noivern|[spread] p2a,p2b\n|-resisted|p2a: Incineroar|1\n|-resisted|p2b: Noivern|1\n|-damage|p2a: Incineroar|71/100\n|-damage|p2b: Noivern|57/100\n|move|p1a: Sylveon|Hyper Voice|p2b: Noivern|[spread] p2a,p2b\n|-supereffective|p2b: Noivern|1\n|-damage|p2a: Incineroar|24/100\n|-damage|p2b: Noivern|0 fnt\n|-enditem|p2a: Incineroar|Sitrus Berry|[eat]\n|-heal|p2a: Incineroar|49/100|[from] item: Sitrus Berry\n|faint|p2b: Noivern\n|move|p2a: Incineroar|Parting Shot|p1b: Charizard\n|-unboost|p1b: Charizard|atk|1\n|-unboost|p1b: Charizard|spa|1\n|\n|t:|1788376334\n|switch|p2a: Metagross|Metagross, L50|100/100|[from] Parting Shot\n|\n|-weather|SunnyDay|[upkeep]\n|upkeep\n|\n|t:|1788376337\n|switch|p2b: Incineroar|Incineroar, L50, M, shiny|49/100\n|-ability|p2b: Incineroar|Intimidate|boost\n|-unboost|p1a: Sylveon|atk|1\n|-unboost|p1b: Charizard|atk|1\n|turn|2\n|inactive|ClasiusClap has 30 seconds left.\n|\n|t:|1788376362\n|detailschange|p2a: Metagross|Metagross-Mega, L50\n|-mega|p2a: Metagross|Metagross|Metagrossite\n|move|p1b: Charizard|Protect|p1b: Charizard\n|-singleturn|p1b: Charizard|Protect\n|move|p1a: Sylveon|Detect|p1a: Sylveon\n|-singleturn|p1a: Sylveon|Protect\n|move|p2b: Incineroar|Fake Out|p1b: Charizard\n|-activate|p1b: Charizard|move: Protect\n|move|p2a: Metagross|Iron Head|p1a: Sylveon\n|-activate|p1a: Sylveon|move: Protect\n|\n|-weather|SunnyDay|[upkeep]\n|upkeep\n|turn|3\n|inactive|edixex has 30 seconds left.\n|\n|t:|1788376392\n|switch|p1a: Incineroar|Incineroar, L50, M|100/100\n|-ability|p1a: Incineroar|Intimidate|boost\n|-unboost|p2a: Metagross|atk|1\n|-unboost|p2b: Incineroar|atk|1\n|move|p2a: Metagross|Psychic Fangs|p1b: Charizard\n|-damage|p1b: Charizard|0 fnt\n|faint|p1b: Charizard\n|move|p2b: Incineroar|Throat Chop|p1a: Incineroar\n|-resisted|p1a: Incineroar|1\n|-damage|p1a: Incineroar|91/100\n|-start|p1a: Incineroar|Throat Chop|[silent]\n|\n|-weather|SunnyDay|[upkeep]\n|upkeep\n|\n|t:|1788376407\n|switch|p1b: Garchomp|Garchomp, L50, M|100/100\n|turn|4\n|inactive|ClasiusClap has 30 seconds left.\n|inactive|ClasiusClap has 20 seconds left.\n|\n|t:|1788376447\n|switch|p2b: Decidueye|Decidueye-Hisui, L50, M|100/100\n|move|p2a: Metagross|Protect|p2a: Metagross\n|-singleturn|p2a: Metagross|Protect\n|move|p1b: Garchomp|Stomping Tantrum|p2b: Decidueye\n|-resisted|p2b: Decidueye|1\n|-damage|p2b: Decidueye|69/100\n|-damage|p1b: Garchomp|90/100|[from] item: Life Orb\n|move|p1a: Incineroar|Flare Blitz|p2a: Metagross\n|-activate|p2a: Metagross|move: Protect\n|\n|-weather|SunnyDay|[upkeep]\n|-end|p1a: Incineroar|Throat Chop|[silent]\n|upkeep\n|turn|5\n|inactive|ClasiusClap has 30 seconds left.\n|\n|t:|1788376478\n|switch|p2a: Incineroar|Incineroar, L50, M, shiny|49/100\n|-ability|p2a: Incineroar|Intimidate|boost\n|-unboost|p1a: Incineroar|atk|1\n|-unboost|p1b: Garchomp|atk|1\n|switch|p1a: Sylveon|Sylveon, L50, M|100/100\n|move|p1b: Garchomp|Protect|p1b: Garchomp\n|-singleturn|p1b: Garchomp|Protect\n|move|p2b: Decidueye|Triple Arrows|p1a: Sylveon\n|-resisted|p1a: Sylveon|1\n|-crit|p1a: Sylveon\n|-damage|p1a: Sylveon|63/100\n|\n|-weather|none\n|upkeep\n|turn|6\n|inactive|edixex has 30 seconds left.\n|\n|t:|1788376505\n|move|p2a: Incineroar|Fake Out|p1a: Sylveon\n|-crit|p1a: Sylveon\n|-damage|p1a: Sylveon|47/100\n|move|p1b: Garchomp|Stomping Tantrum|p2a: Incineroar\n|-supereffective|p2a: Incineroar|1\n|-damage|p2a: Incineroar|5/100\n|-damage|p1b: Garchomp|80/100|[from] item: Life Orb\n|move|p2b: Decidueye|Triple Arrows|p1b: Garchomp\n|-crit|p1b: Garchomp\n|-damage|p1b: Garchomp|6/100\n|cant|p1a: Sylveon|flinch\n|\n|upkeep\n|turn|7\n|inactive|ClasiusClap has 30 seconds left.\n|inactive|ClasiusClap has 20 seconds left.\n|inactive|ClasiusClap has 15 seconds left.\n|\n|t:|1788376548\n|move|p1b: Garchomp|Protect|p1b: Garchomp\n|-singleturn|p1b: Garchomp|Protect\n|move|p2b: Decidueye|Leaf Blade|p1a: Sylveon\n|-damage|p1a: Sylveon|0 fnt\n|faint|p1a: Sylveon\n|move|p2a: Incineroar|Throat Chop|p1b: Garchomp\n|-activate|p1b: Garchomp|move: Protect\n|\n|upkeep\n|\n|t:|1788376557\n|switch|p1a: Incineroar|Incineroar, L50, M|91/100\n|-ability|p1a: Incineroar|Intimidate|boost\n|-unboost|p2a: Incineroar|atk|1\n|-fail|p2b: Decidueye|unboost|atk|[from] ability: Scrappy|[of] p2b: Decidueye\n|turn|8\n|-message|ClasiusClap forfeited.\n|\n|win|edixex\n||edixex is ready for game 2.\n|inactive|ClasiusClap has 30 seconds to confirm battle start!\n||ClasiusClap is ready for game 2.\n|uhtml|next|Next: <a href=\"/battle-gen9championsvgc2026regmbbo3-2674582345\"><strong>Game 2 of 3</strong></a>\n|l|☆edixex\n|player|p2|\n","uploadtime":1788377140,"views":"2","formatid":"gen9championsvgc2026regmbbo3","rating":null,"private":0,"password":null}