{"id":"gen9championsvgc2026regmbbo3-2674963180","format":"[Gen 9 Champions] VGC 2026 Reg M-B (Bo3)","players":["gackajink","sophyplayz"],"log":"|j|☆gackajink\n|j|☆sophyplayz\n|html|<table width=\"100%\"><tr><td align=\"left\">gackajink</td><td align=\"right\">sophyplayz</tr><tr><td align=\"left\"><i class=\"fa fa-circle\"></i> <i class=\"fa fa-circle-o\"></i> </td><td align=\"right\"><i class=\"fa fa-circle-o\"></i> <i class=\"fa fa-circle\"></i> </tr></table>\n|uhtml|bestof|<h2><strong>Game 3</strong> of <a href=\"/game-bestof3-gen9championsvgc2026regmbbo3-2674959197\">a best-of-3</a></h2>\n|t:|1788442609\n|gametype|doubles\n|player|p1|gackajink|miku-flying|\n|player|p2|sophyplayz|flannery|\n|gen|9\n|tier|[Gen 9 Champions] VGC 2026 Reg M-B (Bo3)\n|rule|Species Clause: Limit one of each Pokémon\n|rule|Item Clause: Limit 1 of each item\n|raw|<div class=\"infobox\"><details class=\"readmore\"><summary><strong>50 custom rules:</strong></summary> +salamence, +salamencite, +rillaboom, +baxcalibur, +lucarionite-z, +absolite-z, +garchompite-z, +assault vest, !Obtainable, +power herb, +baxcalibrite, +glaive rush, +golisopod, +golisopite, +tatsugiri, +dondozo, +tatsugirinite, +order up, +choice band, +choice specs, +ursaluna, +ursaluna-bloodmoon, +flame orb, +toxic orb, +arctovish, +dracovish, +arctozolt, +dracozolt, +indeedee, +indeedee-f, +blood moon, +fishious rend, +bolt beak, +grassy seed, +psychic seed, +electric seed, +misty seed, +ability shield, +lilligant, +lilligant-hisui, +victory dance, +cinderace, +pyro ball, +inteleon, +snipe shot, +drum beating, +weezing, +weezing-galar, +strange steam, +pincurchin</details></div>\n|clearpoke\n|poke|p1|Ursaluna-Bloodmoon, L50, M|\n|poke|p1|Rillaboom, L50|\n|poke|p1|Scovillain, L50|\n|poke|p1|Ninetales-Alola, L50, shiny|\n|poke|p1|Kingambit, L50|\n|poke|p1|Salamence, L50|\n|poke|p2|Pelipper, L50|\n|poke|p2|Archaludon, L50|\n|poke|p2|Floette-Mega, L50|\n|poke|p2|Sinistcha, L50|\n|poke|p2|Basculegion, L50|\n|poke|p2|Swampert-Mega, L50|\n|teampreview|4\n|showteam|p1|Ursaluna-Bloodmoon||GrassySeed|MindsEye|CalmMind,BloodMoon,EarthPower,Protect|Modest||M|||50|]Rillaboom||AssaultVest|GrassySurge|FakeOut,DrumBeating,GrassyGlide,Uturn|Adamant|||||50|]Scovillain||Scovillainite|Moody|RagePowder,Overheat,LeechSeed,Protect|Bold|||||50|]Ninetales-Alola||LightClay|SnowWarning|AuroraVeil,Blizzard,IcyWind,Protect|Timid|||||50|]Kingambit||ExpertBelt|Defiant|IronHead,KowtowCleave,SuckerPunch,Protect|Adamant|||||50|]Salamence||Salamencite|Intimidate|Tailwind,BodySlam,Roost,Protect|Jolly|||||50|\n|showteam|p2|Pelipper||SitrusBerry|Drizzle|WeatherBall,Hurricane,Tailwind,WideGuard|Bold|||||50|]Archaludon||Leftovers|Stamina|Protect,ElectroShot,FlashCannon,DragonPulse|Modest|||||50|]Floette-Mega||Floettite|FlowerVeil|LightofRuin,DazzlingGleam,DrainingKiss,Protect|Modest|||||50|]Sinistcha||KasibBerry|Hospitality|RagePowder,MatchaGotcha,Protect,TrickRoom|Bold|||||50|]Basculegion||ChoiceScarf|Adaptability|AquaJet,WaveCrash,LastRespects,FlipTurn|Adamant|||||50|]Swampert-Mega||Swampertite|SwiftSwim|WaveCrash,HighHorsepower,IcePunch,Protect|Adamant|||||50|\n|c|☆gackajink|rain is annoying\n|c|☆gackajink|i js wanna get my veil\n|c|☆sophyplayz|you have monki\n|c|☆gackajink|smh\n|c|☆sophyplayz|waiti...\n|c|☆sophyplayz|waiti...\n|c|☆gackajink|its not the rain mons, just the weather itself\n|c|☆sophyplayz|why did i bring peli\n|c|☆sophyplayz|uh\n|c|☆gackajink|good question\n|c|☆gackajink|u should def bench peli\n|c|☆sophyplayz|:D\n|c|☆sophyplayz|very mart\n|c|☆gackajink|u can redirect my big normal move into ur ghost type who also resists ground\n|c|☆gackajink|with sinistch\n|\n|t:|1788442690\n|teamsize|p1|4\n|teamsize|p2|4\n|start\n|switch|p1a: Fossora|Rillaboom, L50|100/100\n|switch|p1b: Vespertine|Ninetales-Alola, L50, shiny|100/100\n|switch|p2a: Floette|Floette-Mega, L50|100/100\n|switch|p2b: Archaludon|Archaludon, L50|100/100\n|-weather|Snowscape|[from] ability: Snow Warning|[of] p1b: Vespertine\n|-fieldstart|move: Grassy Terrain|[from] ability: Grassy Surge|[of] p1a: Fossora\n|turn|1\n|\n|t:|1788442711\n|move|p1a: Fossora|Fake Out|p2a: Floette\n|-damage|p2a: Floette|85/100\n|move|p1b: Vespertine|Aurora Veil|p1b: Vespertine\n|-sidestart|p1: gackajink|move: Aurora Veil\n|cant|p2a: Floette|flinch\n|move|p2b: Archaludon|Flash Cannon|p1b: Vespertine\n|-supereffective|p1b: Vespertine|2\n|-damage|p1b: Vespertine|0 fnt\n|faint|p1b: Vespertine\n|\n|-weather|Snowscape|[upkeep]\n|-heal|p2a: Floette|92/100|[from] Grassy Terrain\n|upkeep\n|c|☆sophyplayz|D:\n|c|☆sophyplayz|nooo\n|c|☆gackajink|fell for it again award\n|j| 1#MiraidonHater\n|\n|t:|1788442728\n|switch|p1b: Post|Ursaluna-Bloodmoon, L50, M|100/100\n|-enditem|p1b: Post|Grassy Seed\n|-boost|p1b: Post|def|1|[from] item: Grassy Seed\n|turn|2\n|c|☆sophyplayz|die D:<\n|\n|t:|1788442749\n|move|p2a: Floette|Protect|p2a: Floette\n|-singleturn|p2a: Floette|Protect\n|move|p1b: Post|Protect|p1b: Post\n|-singleturn|p1b: Post|Protect\n|move|p1a: Fossora|Drum Beating|p2a: Floette\n|-activate|p2a: Floette|move: Protect\n|move|p2b: Archaludon|Dragon Pulse|p1b: Post\n|-activate|p1b: Post|move: Protect\n|\n|-weather|Snowscape|[upkeep]\n|-heal|p2a: Floette|98/100|[from] Grassy Terrain\n|upkeep\n|turn|3\n|\n|t:|1788442770\n|switch|p2b: Basculegion|Basculegion, L50|100/100\n|move|p1a: Fossora|Drum Beating|p2b: Basculegion\n|-supereffective|p2b: Basculegion|1\n|-damage|p2b: Basculegion|0 fnt\n|faint|p2b: Basculegion\n|move|p2a: Floette|Light of Ruin|p1b: Post\n|-damage|p1b: Post|34/100\n|-damage|p2a: Floette|57/100|[from] Recoil\n|move|p1b: Post|Calm Mind|p1b: Post\n|-boost|p1b: Post|spa|1\n|-boost|p1b: Post|spd|1\n|\n|-weather|Snowscape|[upkeep]\n|-heal|p2a: Floette|63/100|[from] Grassy Terrain\n|-heal|p1b: Post|40/100|[from] Grassy Terrain\n|upkeep\n|c|☆sophyplayz|oh\n|c|☆gackajink|holy mished\n|c|☆sophyplayz|uh\n|c|☆sophyplayz|HMMMMMMM\n|c|☆sophyplayz|watch dis\n|\n|t:|1788442789\n|switch|p2b: Archaludon|Archaludon, L50|100/100\n|turn|4\n|c|☆sophyplayz|die D:<\n|\n|t:|1788442804\n|move|p2a: Floette|Protect|p2a: Floette\n|-singleturn|p2a: Floette|Protect\n|move|p1b: Post|Protect|p1b: Post\n|-singleturn|p1b: Post|Protect\n|move|p1a: Fossora|Drum Beating|p2b: Archaludon\n|-resisted|p2b: Archaludon|2\n|-damage|p2b: Archaludon|91/100\n|-unboost|p2b: Archaludon|spe|1\n|-ability|p2b: Archaludon|Stamina|boost\n|-boost|p2b: Archaludon|def|1\n|move|p2b: Archaludon|Dragon Pulse|p1b: Post\n|-activate|p1b: Post|move: Protect\n|\n|-weather|Snowscape|[upkeep]\n|-heal|p2a: Floette|69/100|[from] Grassy Terrain\n|-heal|p1b: Post|46/100|[from] Grassy Terrain\n|-heal|p2b: Archaludon|97/100|[from] Grassy Terrain\n|-heal|p2b: Archaludon|100/100|[from] item: Leftovers\n|upkeep\n|turn|5\n|c| 1#MiraidonHater|sophy did you mean to write haiti to signalize that rillaboom was the now extinct Insulacebus toussaintiana that lived on the island of hispaniola\n|c|☆sophyplayz|wat\n|c|☆gackajink|lol\n|c|☆sophyplayz|i tink so\n|c|☆sophyplayz|im ded\n|c|☆sophyplayz|:P\n|\n|t:|1788442841\n|switch|p2a: Pelipper|Pelipper, L50|100/100\n|-weather|RainDance|[from] ability: Drizzle|[of] p2a: Pelipper\n|move|p1a: Fossora|Drum Beating|p2a: Pelipper\n|-damage|p2a: Pelipper|48/100\n|-unboost|p2a: Pelipper|spe|1\n|-enditem|p2a: Pelipper|Sitrus Berry|[eat]\n|-heal|p2a: Pelipper|73/100|[from] item: Sitrus Berry\n|move|p1b: Post|Earth Power|p2a: Pelipper\n|-immune|p2a: Pelipper\n|move|p2b: Archaludon|Dragon Pulse|p1b: Post\n|-damage|p1b: Post|22/100\n|\n|-weather|RainDance|[upkeep]\n|-heal|p1b: Post|28/100|[from] Grassy Terrain\n|-fieldend|move: Grassy Terrain\n|upkeep\n|turn|6\n|c|☆gackajink|ack\n|c|☆sophyplayz|D:\n|c|☆sophyplayz|oh you had clay...\n|c|☆gackajink|theres ots\n|c|☆sophyplayz|die D:<\n|c| 1#MiraidonHater|gacka\n|\n|t:|1788442877\n|switch|p1a: Vulnicura|Scovillain, L50|100/100\n|move|p2b: Archaludon|Protect|p2b: Archaludon\n|-singleturn|p2b: Archaludon|Protect\n|move|p1b: Post|Blood Moon|p2a: Pelipper\n|-damage|p2a: Pelipper|0 fnt\n|faint|p2a: Pelipper\n|\n|-weather|RainDance|[upkeep]\n|-ability|p1a: Vulnicura|Moody|boost\n|-boost|p1a: Vulnicura|def|2\n|-unboost|p1a: Vulnicura|atk|1\n|upkeep\n|c| 1#MiraidonHater|might i ask\n|\n|t:|1788442884\n|switch|p2a: Floette|Floette-Mega, L50|69/100\n|turn|7\n|c|☆gackajink|might you?\n|c| 1#MiraidonHater|what the thought behind that mence set was\n|c|☆gackajink|the thought it \"i hate recoil\" and \"i want to be bulky\"\n|c|☆gackajink|but also do damage\n|c|☆gackajink|i tried hyper voice\n|c|☆gackajink|its calcs are shit\n|\n|t:|1788442924\n|detailschange|p1a: Vulnicura|Scovillain-Mega, L50\n|-mega|p1a: Vulnicura|Scovillain|Scovillainite\n|move|p1a: Vulnicura|Rage Powder|p1a: Vulnicura\n|-singleturn|p1a: Vulnicura|move: Rage Powder\n|move|p2a: Floette|Dazzling Gleam|p1b: Post|[spread] p1a,p1b\n|-resisted|p1a: Vulnicura|1\n|-damage|p1a: Vulnicura|87/100\n|-damage|p1b: Post|10/100\n|-status|p2a: Floette|brn|[from] ability: Spicy Spray|[of] p1a: Vulnicura\n|move|p1b: Post|Earth Power|p2b: Archaludon\n|-supereffective|p2b: Archaludon|1\n|-damage|p2b: Archaludon|0 fnt\n|faint|p2b: Archaludon\n|\n|-weather|RainDance|[upkeep]\n|-damage|p2a: Floette|63/100 brn|[from] brn\n|upkeep\n|turn|8\n|c| 1#MiraidonHater|the thought was i want to hit like a noodle\n|c|☆sophyplayz|D:\n|c|☆gackajink|i still win the rade vs phox and yard\n|c|☆gackajink|thats all i need him to do\n|c|☆gackajink|i bring scov in most matchups\n|\n|t:|1788442951\n|move|p1b: Post|Protect|p1b: Post\n|-singleturn|p1b: Post|Protect\n|move|p2a: Floette|Dazzling Gleam|p1b: Post|[spread] p1a\n|-activate|p1b: Post|move: Protect\n|-resisted|p1a: Vulnicura|1\n|-damage|p1a: Vulnicura|75/100\n|move|p1a: Vulnicura|Leech Seed|p2a: Floette\n|-start|p2a: Floette|move: Leech Seed\n|\n|-weather|RainDance|[upkeep]\n|-damage|p2a: Floette|51/100 brn|[from] Leech Seed|[of] p1a: Vulnicura\n|-heal|p1a: Vulnicura|86/100|[silent]\n|-damage|p2a: Floette|45/100 brn|[from] brn\n|-sideend|p1: gackajink|move: Aurora Veil\n|upkeep\n|turn|9\n|c|☆sophyplayz|aw man\n|\n|t:|1788442966\n|move|p1a: Vulnicura|Protect|p1a: Vulnicura\n|-singleturn|p1a: Vulnicura|Protect\n|move|p2a: Floette|Dazzling Gleam|p1a: Vulnicura|[spread] p1b\n|-activate|p1a: Vulnicura|move: Protect\n|-damage|p1b: Post|0 fnt\n|faint|p1b: Post\n|\n|-weather|none\n|-damage|p2a: Floette|33/100 brn|[from] Leech Seed|[of] p1a: Vulnicura\n|-heal|p1a: Vulnicura|98/100|[silent]\n|-damage|p2a: Floette|26/100 brn|[from] brn\n|upkeep\n|c|☆sophyplayz|that basc dying cost me the game oof\n|c|☆sophyplayz|ggs\n|c|☆gackajink|gg\n|\n|t:|1788442977\n|switch|p1b: Fossora|Rillaboom, L50|100/100\n|-fieldstart|move: Grassy Terrain|[from] ability: Grassy Surge|[of] p1b: Fossora\n|turn|10\n|\n|t:|1788442983\n|move|p2a: Floette|Protect|p2a: Floette\n|-singleturn|p2a: Floette|Protect\n|move|p1b: Fossora|Fake Out|p2a: Floette\n|-activate|p2a: Floette|move: Protect\n|move|p1a: Vulnicura|Leech Seed|p2a: Floette\n|-activate|p2a: Floette|move: Protect\n|\n|-heal|p2a: Floette|33/100 brn|[from] Grassy Terrain\n|-heal|p1a: Vulnicura|100/100|[from] Grassy Terrain\n|-damage|p2a: Floette|20/100y brn|[from] Leech Seed|[of] p1a: Vulnicura\n|-damage|p2a: Floette|14/100 brn|[from] brn\n|upkeep\n|turn|11\n|\n|t:|1788442989\n|move|p1a: Vulnicura|Protect|p1a: Vulnicura\n|-singleturn|p1a: Vulnicura|Protect\n|move|p1b: Fossora|U-turn|p1a: Vulnicura\n|-activate|p1a: Vulnicura|move: Protect\n|move|p2a: Floette|Light of Ruin|p1b: Fossora\n|-damage|p1b: Fossora|29/100\n|-damage|p2a: Floette|0 fnt|[from] Recoil\n|faint|p2a: Floette\n|\n|win|gackajink\n","uploadtime":1788442726,"views":"0","formatid":"gen9championsvgc2026regmbbo3","rating":null,"private":0,"password":null}