{"id":"gen9championsvgc2026regmb-2674291379","format":"[Gen 9 Champions] VGC 2026 Reg M-B","players":["bluedinocar","R0gueVGC"],"log":"|j|☆bluedinocar\n|j|☆R0gueVGC\n|html|<table width=\"100%\"><tr><td align=\"left\">bluedinocar</td><td align=\"right\">R0gueVGC</tr><tr><td align=\"left\"><i class=\"fa fa-circle-o\"></i> <i class=\"fa fa-circle-o\"></i> </td><td align=\"right\"><i class=\"fa fa-circle-o\"></i> <i class=\"fa fa-circle\"></i> </tr></table>\n|uhtml|bestof|<h2><strong>Game 2</strong> of <a href=\"/game-bestof3-gen9championsvgc2026regmb-2674289518\">a best-of-3</a></h2>\n|t:|1788333250\n|gametype|doubles\n|player|p1|bluedinocar|265|\n|player|p2|R0gueVGC|ingo|\n|gen|9\n|tier|[Gen 9 Champions] VGC 2026 Reg M-B\n|rated|Tournament battle\n|rule|Species Clause: Limit one of each Pokémon\n|rule|Item Clause: Limit 1 of each item\n|raw|<div class=\"infobox\"><details class=\"readmore\" open><summary><strong>2 custom rules:</strong></summary> Force Open Team Sheets, Best of = 3</details></div>\n|clearpoke\n|poke|p1|Staraptor, L50, M|\n|poke|p1|Basculegion, L50, M|\n|poke|p1|Garchomp, L50, F|\n|poke|p1|Arcanine-Hisui, L50, M|\n|poke|p1|Sinistcha, L50|\n|poke|p1|Morpeko, L50, F|\n|poke|p2|Staraptor, L50, M|\n|poke|p2|Clefable, L50, M|\n|poke|p2|Raichu, L50, F|\n|poke|p2|Sneasler, L50, F|\n|poke|p2|Gholdengo, L50|\n|poke|p2|Volcarona, L50, F|\n|teampreview|4\n|showteam|p1|Staraptor||Staraptite|Intimidate|Protect,CloseCombat,DualWingbeat,Tailwind|Careful||M|||50|]Basculegion||ChoiceScarf|Adaptability|AquaJet,WaveCrash,LastRespects,FlipTurn|Jolly||M|||50|]Garchomp||LifeOrb|RoughSkin|Protect,Earthquake,DragonClaw,RockSlide|Adamant||F|||50|]Arcanine-Hisui||HardStone|RockHead|Protect,HeadSmash,FlareBlitz,ExtremeSpeed|Adamant||M|||50|]Sinistcha||SitrusBerry|Hospitality|Protect,PsychUp,LifeDew,RagePowder|Bold|||||50|]Morpeko||FocusSash|HungerSwitch|FakeOut,AuraWheel,Endeavor,PartingShot|Jolly||F|||50|\n|showteam|p2|Staraptor||Staraptite|Intimidate|Protect,Tailwind,CloseCombat,BraveBird|Adamant||M|||50|]Clefable||SitrusBerry|Unaware|Protect,FollowMe,LifeDew,Moonblast|Bold||M|||50|]Raichu||RaichuniteY|LightningRod|Protect,FakeOut,ZapCannon,FocusBlast|Modest||F|||50|]Sneasler||FocusSash|Unburden|FakeOut,CloseCombat,DireClaw,Feint|Jolly||F|||50|]Gholdengo||Leftovers|GoodasGold|Protect,MakeItRain,NastyPlot,ShadowBall|Modest|||||50|]Volcarona||PasshoBerry|FlameBody|Protect,QuiverDance,HeatWave,GigaDrain|Modest||F|||50|\n|inactive|Battle timer is ON: inactive players will automatically lose when time's up. (requested by R0gueVGC)\n|j| blackdevil1\n|c|☆bluedinocar|glhf\n|j| ilikecsr\n|c|☆R0gueVGC|u2\n|inactive|R0gueVGC has 60 seconds left.\n|\n|t:|1788333287\n|teamsize|p1|4\n|teamsize|p2|4\n|start\n|switch|p1a: Morpeko|Morpeko, L50, F|100/100\n|switch|p1b: Staraptor|Staraptor, L50, M|100/100\n|switch|p2a: The Hardest Part|Gholdengo, L50|100/100\n|switch|p2b: Fix You|Clefable, L50, M|100/100\n|-ability|p1b: Staraptor|Intimidate|boost\n|-unboost|p2a: The Hardest Part|atk|1\n|-unboost|p2b: Fix You|atk|1\n|turn|1\n|c|☆bluedinocar|im locking in trust\n|c|☆bluedinocar|i should have nicknamed my morpeko mega raichu Y lol\n|inactive|bluedinocar has 30 seconds left.\n|inactive|R0gueVGC has 30 seconds left.\n|inactive|bluedinocar has 20 seconds left.\n|inactive|R0gueVGC has 20 seconds left.\n|inactive|R0gueVGC has 15 seconds left.\n|\n|t:|1788333328\n|switch|p2b: White Shadows|Staraptor, L50, M|100/100\n|-ability|p2b: White Shadows|Intimidate|boost\n|-unboost|p1a: Morpeko|atk|1\n|-unboost|p1b: Staraptor|atk|1\n|detailschange|p1b: Staraptor|Staraptor-Mega, L50, M\n|-mega|p1b: Staraptor|Staraptor|Staraptite\n|move|p1a: Morpeko|Parting Shot|p1b: Staraptor\n|-boost|p1b: Staraptor|atk|1\n|-boost|p1b: Staraptor|spa|1\n|\n|t:|1788333343\n|switch|p1a: Arcanine|Arcanine-Hisui, L50, M|100/100|[from] Parting Shot\n|move|p1b: Staraptor|Tailwind|p1b: Staraptor\n|-sidestart|p1: bluedinocar|move: Tailwind\n|move|p2a: The Hardest Part|Nasty Plot|p2a: The Hardest Part\n|-boost|p2a: The Hardest Part|spa|2\n|\n|upkeep\n|turn|2\n|\n|t:|1788333367\n|detailschange|p2b: White Shadows|Staraptor-Mega, L50, M\n|-mega|p2b: White Shadows|Staraptor|Staraptite\n|move|p2a: The Hardest Part|Protect|p2a: The Hardest Part\n|-singleturn|p2a: The Hardest Part|Protect\n|move|p1a: Arcanine|Head Smash|p2b: White Shadows\n|-damage|p2b: White Shadows|12/100\n|move|p1b: Staraptor|Close Combat|p2b: White Shadows\n|-resisted|p2b: White Shadows|1\n|-damage|p2b: White Shadows|0 fnt\n|-boost|p1b: Staraptor|def|1\n|-boost|p1b: Staraptor|spd|1\n|faint|p2b: White Shadows\n|\n|upkeep\n|c|☆bluedinocar|yess\n|\n|t:|1788333378\n|switch|p2b: Fix You|Clefable, L50, M|100/100\n|turn|3\n|c|☆bluedinocar|w predict\n|c|☆bluedinocar|uhh\n|c|☆bluedinocar|welp\n|inactive|bluedinocar has 30 seconds left.\n|\n|t:|1788333412\n|switch|p1a: Morpeko|Morpeko, L50, F|100/100\n|move|p2b: Fix You|Follow Me|p2b: Fix You\n|-singleturn|p2b: Fix You|move: Follow Me\n|move|p1b: Staraptor|Close Combat|p2b: Fix You\n|-resisted|p2b: Fix You|1\n|-damage|p2b: Fix You|79/100\n|-boost|p1b: Staraptor|def|1\n|-boost|p1b: Staraptor|spd|1\n|move|p2a: The Hardest Part|Make It Rain|p1b: Staraptor|[spread] p1a,p1b\n|-resisted|p1a: Morpeko|1\n|-crit|p1a: Morpeko\n|-enditem|p1a: Morpeko|Focus Sash\n|-damage|p1a: Morpeko|1/100\n|-damage|p1b: Staraptor|65/100\n|-unboost|p2a: The Hardest Part|spa|2\n|\n|-formechange|p1a: Morpeko|Morpeko-Hangry|\n|upkeep\n|turn|4\n|c|☆bluedinocar|do i survive\n|c|☆bluedinocar|ok i do yay\n|inactive|bluedinocar has 30 seconds left.\n|inactive|bluedinocar has 20 seconds left.\n|\n|t:|1788333448\n|switch|p2a: Til Kingdom Come|Volcarona, L50, F|100/100\n|move|p1a: Morpeko|Endeavor|p2b: Fix You\n|-damage|p2b: Fix You|1/100\n|-enditem|p2b: Fix You|Sitrus Berry|[eat]\n|-heal|p2b: Fix You|25/100|[from] item: Sitrus Berry\n|move|p1b: Staraptor|Close Combat|p2b: Fix You\n|-resisted|p2b: Fix You|1\n|-damage|p2b: Fix You|2/100\n|-boost|p1b: Staraptor|def|1\n|-boost|p1b: Staraptor|spd|1\n|move|p2b: Fix You|Moonblast|p1b: Staraptor\n|-supereffective|p1b: Staraptor|1\n|-damage|p1b: Staraptor|20/100y\n|\n|-sideend|p1: bluedinocar|move: Tailwind\n|-formechange|p1a: Morpeko|Morpeko|\n|upkeep\n|turn|5\n|c|☆bluedinocar|lol\n|c|☆bluedinocar|bruu\n|c|☆bluedinocar|didnt ko\n|inactive|bluedinocar has 30 seconds left.\n|inactive|R0gueVGC has 30 seconds left.\n|inactive|bluedinocar has 20 seconds left.\n|inactive|R0gueVGC has 20 seconds left.\n|c|☆bluedinocar|does the volc name come from a song\n|inactive|bluedinocar has 15 seconds left.\n|inactive|R0gueVGC has 15 seconds left.\n|inactive|bluedinocar has 10 seconds left.\n|inactive|bluedinocar has 5 seconds left.\n|\n|t:|1788333499\n|switch|p2a: The Hardest Part|Gholdengo, L50|100/100\n|move|p2b: Fix You|Protect|p2b: Fix You\n|-singleturn|p2b: Fix You|Protect\n|move|p1a: Morpeko|Endeavor|p2a: The Hardest Part\n|-immune|p2a: The Hardest Part\n|move|p1b: Staraptor|Close Combat|p2a: The Hardest Part\n|-immune|p2a: The Hardest Part\n|\n|-formechange|p1a: Morpeko|Morpeko-Hangry|\n|upkeep\n|turn|6\n|c|☆bluedinocar|bruuu\n|c|☆bluedinocar|D:\n|inactive|bluedinocar has 30 seconds left.\n|inactive|R0gueVGC has 30 seconds left.\n|\n|t:|1788333531\n|move|p2b: Fix You|Follow Me|p2b: Fix You\n|-singleturn|p2b: Fix You|move: Follow Me\n|move|p1a: Morpeko|Aura Wheel|p2b: Fix You\n|-resisted|p2b: Fix You|1\n|-damage|p2b: Fix You|0 fnt\n|-boost|p1a: Morpeko|spe|1\n|faint|p2b: Fix You\n|move|p1b: Staraptor|Tailwind|p1b: Staraptor\n|-sidestart|p1: bluedinocar|move: Tailwind\n|move|p2a: The Hardest Part|Shadow Ball|p1b: Staraptor\n|-damage|p1b: Staraptor|8/100\n|\n|-formechange|p1a: Morpeko|Morpeko|\n|upkeep\n|\n|t:|1788333542\n|switch|p2b: Til Kingdom Come|Volcarona, L50, F|100/100\n|turn|7\n|c|☆bluedinocar|w survive\n|\n|t:|1788333557\n|move|p1a: Morpeko|Endeavor|p2b: Til Kingdom Come\n|-damage|p2b: Til Kingdom Come|1/100\n|move|p1b: Staraptor|Dual Wingbeat|p2a: The Hardest Part\n|-resisted|p2a: The Hardest Part|1\n|-crit|p2a: The Hardest Part\n|-damage|p2a: The Hardest Part|89/100\n|-resisted|p2a: The Hardest Part|1\n|-damage|p2a: The Hardest Part|81/100\n|-hitcount|p2a: The Hardest Part|2\n|move|p2b: Til Kingdom Come|Quiver Dance|p2b: Til Kingdom Come\n|-boost|p2b: Til Kingdom Come|spa|1\n|-boost|p2b: Til Kingdom Come|spd|1\n|-boost|p2b: Til Kingdom Come|spe|1\n|move|p2a: The Hardest Part|Nasty Plot|p2a: The Hardest Part\n|-boost|p2a: The Hardest Part|spa|2\n|\n|-heal|p2a: The Hardest Part|88/100|[from] item: Leftovers\n|-formechange|p1a: Morpeko|Morpeko-Hangry|\n|upkeep\n|turn|8\n|c|☆bluedinocar|welp\n|\n|t:|1788333579\n|move|p2a: The Hardest Part|Protect|p2a: The Hardest Part\n|-singleturn|p2a: The Hardest Part|Protect\n|move|p1a: Morpeko|Aura Wheel|p2a: The Hardest Part\n|-activate|p2a: The Hardest Part|move: Protect\n|move|p1b: Staraptor|Close Combat|p2b: Til Kingdom Come\n|-resisted|p2b: Til Kingdom Come|1\n|-damage|p2b: Til Kingdom Come|0 fnt\n|-boost|p1b: Staraptor|def|1\n|-boost|p1b: Staraptor|spd|1\n|faint|p2b: Til Kingdom Come\n|\n|-heal|p2a: The Hardest Part|94/100|[from] item: Leftovers\n|-formechange|p1a: Morpeko|Morpeko|\n|upkeep\n|turn|9\n|inactive|bluedinocar has 30 seconds left.\n|inactive|bluedinocar has 20 seconds left.\n|\n|t:|1788333615\n|move|p1a: Morpeko|Aura Wheel|p2a: The Hardest Part\n|-damage|p2a: The Hardest Part|55/100\n|-boost|p1a: Morpeko|spe|1\n|move|p1b: Staraptor|Dual Wingbeat|p2a: The Hardest Part\n|-resisted|p2a: The Hardest Part|1\n|-damage|p2a: The Hardest Part|48/100\n|-resisted|p2a: The Hardest Part|1\n|-damage|p2a: The Hardest Part|40/100\n|-hitcount|p2a: The Hardest Part|2\n|move|p2a: The Hardest Part|Nasty Plot|p2a: The Hardest Part\n|-boost|p2a: The Hardest Part|spa|2\n|\n|-heal|p2a: The Hardest Part|46/100|[from] item: Leftovers\n|-sideend|p1: bluedinocar|move: Tailwind\n|-formechange|p1a: Morpeko|Morpeko-Hangry|\n|upkeep\n|turn|10\n|c|☆bluedinocar|omg\n|c|☆bluedinocar|pls dont sweep\n|c|☆bluedinocar|u should\n|c|☆bluedinocar|u sshouldnt\n|c|☆bluedinocar|be able to\n|inactive|bluedinocar has 30 seconds left.\n|\n|t:|1788333644\n|move|p2a: The Hardest Part|Protect|p2a: The Hardest Part\n|-singleturn|p2a: The Hardest Part|Protect\n|move|p1a: Morpeko|Aura Wheel|p2a: The Hardest Part\n|-activate|p2a: The Hardest Part|move: Protect\n|move|p1b: Staraptor|Tailwind|p1b: Staraptor\n|-sidestart|p1: bluedinocar|move: Tailwind\n|\n|-heal|p2a: The Hardest Part|53/100|[from] item: Leftovers\n|-formechange|p1a: Morpeko|Morpeko|\n|upkeep\n|turn|11\n|\n|t:|1788333656\n|move|p1a: Morpeko|Aura Wheel|p2a: The Hardest Part\n|-damage|p2a: The Hardest Part|12/100\n|-boost|p1a: Morpeko|spe|1\n|move|p1b: Staraptor|Dual Wingbeat|p2a: The Hardest Part\n|-resisted|p2a: The Hardest Part|1\n|-damage|p2a: The Hardest Part|5/100\n|-resisted|p2a: The Hardest Part|1\n|-damage|p2a: The Hardest Part|0 fnt\n|faint|p2a: The Hardest Part\n|-hitcount|p2: The Hardest Part|2\n|\n|win|bluedinocar\n|c|☆bluedinocar|morpeko carry\n||R0gueVGC is ready for game 3.\n|inactive|bluedinocar has 30 seconds to confirm battle start!\n|c|☆bluedinocar|ggwp\n||bluedinocar is ready for game 3.\n|uhtml|next|Next: <a href=\"/battle-gen9championsvgc2026regmb-2674293155\"><strong>Game 3 of 3</strong></a>\n","uploadtime":1788333915,"views":"1","formatid":"gen9championsvgc2026regmb","rating":null,"private":0,"password":null}