{"id":"gen9championsvgc2026regmbbo3-2674561186","format":"[Gen 9 Champions] VGC 2026 Reg M-B (Bo3)","players":["sqwrlyd00d","EmanuelaOrlandiVGC"],"log":"|j|☆sqwrlyd00d\n|j|☆EmanuelaOrlandiVGC\n|html|<table width=\"100%\"><tr><td align=\"left\">sqwrlyd00d</td><td align=\"right\">EmanuelaOrlandiVGC</tr><tr><td align=\"left\"><i class=\"fa fa-circle-o\"></i> <i class=\"fa fa-circle-o\"></i> </td><td align=\"right\"><i class=\"fa fa-circle-o\"></i> <i class=\"fa fa-circle\"></i> </tr></table>\n|uhtml|bestof|<h2><strong>Game 2</strong> of <a href=\"/game-bestof3-gen9championsvgc2026regmbbo3-2674559633\">a best-of-3</a></h2>\n|t:|1788374103\n|gametype|doubles\n|player|p1|sqwrlyd00d|drayden|1245\n|player|p2|EmanuelaOrlandiVGC|kieran-champion|1318\n|gen|9\n|tier|[Gen 9 Champions] VGC 2026 Reg M-B (Bo3)\n|rated|\n|rule|Species Clause: Limit one of each Pokémon\n|rule|Item Clause: Limit 1 of each item\n|clearpoke\n|poke|p1|Lycanroc-Dusk, L50, M|\n|poke|p1|Basculegion, L50, M|\n|poke|p1|Kingambit, L50, M|\n|poke|p1|Sneasler, L50, F|\n|poke|p1|Froslass, L50, F|\n|poke|p1|Scovillain, L50, M|\n|poke|p2|Dragonite, L50, M|\n|poke|p2|Sneasler, L50, M|\n|poke|p2|Basculegion, L50, M|\n|poke|p2|Kingambit, L50, M|\n|poke|p2|Garchomp, L50, M|\n|poke|p2|Floette-Eternal, L50, F|\n|teampreview|4\n|showteam|p1|Lycanroc-Dusk||FocusSash|ToughClaws|RockSlide,Accelerock,CloseCombat,Protect|Adamant||M|||50|]Basculegion||SitrusBerry|Adaptability|WaveCrash,LastRespects,AquaJet,Protect|Adamant||M|||50|]Kingambit||BlackGlasses|Defiant|KowtowCleave,SuckerPunch,SwordsDance,Protect|Adamant||M|||50|]Sneasler||WhiteHerb|Unburden|DireClaw,CloseCombat,FakeOut,Coaching|Jolly||F|||50|]Froslass||Froslassite|CursedBody|Blizzard,ShadowBall,AuroraVeil,Protect|Timid||F|||50|]Scovillain||Scovillainite|Moody|Overheat,GigaDrain,RagePowder,Protect|Bold||M|||50|\n|showteam|p2|Dragonite||Dragoninite|Multiscale|DragonPulse,HeatWave,ExtremeSpeed,Protect|Modest||M|||50|]Sneasler||FocusSash|PoisonTouch|FakeOut,DireClaw,Feint,CloseCombat|Jolly||M|||50|]Basculegion||LifeOrb|Adaptability|WaveCrash,LastRespects,AquaJet,Protect|Adamant||M|||50|]Kingambit||ChopleBerry|Defiant|KowtowCleave,LowKick,IronHead,SuckerPunch|Adamant||M|||50|]Garchomp||ChoiceScarf|SandVeil|DragonClaw,StompingTantrum,Earthquake,RockSlide|Adamant||M|||50|]Floette-Eternal||Floettite|FlowerVeil|Moonblast,DazzlingGleam,LightofRuin,Protect|Timid||F|||50|\n|inactive|Battle timer is ON: inactive players will automatically lose when time's up. (requested by EmanuelaOrlandiVGC)\n|inactive|sqwrlyd00d has 60 seconds left.\n|\n|t:|1788374139\n|teamsize|p1|4\n|teamsize|p2|4\n|start\n|switch|p1a: Kingambit|Kingambit, L50, M|100/100\n|switch|p1b: Sneasler|Sneasler, L50, F|100/100\n|switch|p2a: Dragonite|Dragonite, L50, M|100/100\n|switch|p2b: Basculegion|Basculegion, L50, M|100/100\n|turn|1\n|\n|t:|1788374160\n|detailschange|p2a: Dragonite|Dragonite-Mega, L50, M\n|-mega|p2a: Dragonite|Dragonite|Dragoninite\n|move|p1a: Kingambit|Sucker Punch|p2b: Basculegion\n|-supereffective|p2b: Basculegion|1\n|-damage|p2b: Basculegion|0 fnt\n|faint|p2b: Basculegion\n|move|p1b: Sneasler|Dire Claw|p2a: Dragonite\n|-damage|p2a: Dragonite|83/100\n|-status|p2a: Dragonite|psn\n|move|p2a: Dragonite|Heat Wave|p1a: Kingambit|[spread] p1a,p1b\n|-supereffective|p1a: Kingambit|1\n|-damage|p1a: Kingambit|38/100\n|-damage|p1b: Sneasler|63/100\n|\n|-damage|p2a: Dragonite|71/100 psn|[from] psn\n|upkeep\n|\n|t:|1788374177\n|switch|p2b: Garchomp|Garchomp, L50, M|100/100\n|turn|2\n|inactive|sqwrlyd00d has 30 seconds left.\n|inactive|sqwrlyd00d has 20 seconds left.\n|inactive|sqwrlyd00d has 15 seconds left.\n|\n|t:|1788374220\n|move|p1a: Kingambit|Protect|p1a: Kingambit\n|-singleturn|p1a: Kingambit|Protect\n|move|p2a: Dragonite|Extreme Speed|p1b: Sneasler\n|-damage|p1b: Sneasler|39/100\n|move|p2b: Garchomp|Earthquake|p1a: Kingambit|[spread] p1b\n|-activate|p1a: Kingambit|move: Protect\n|-immune|p2a: Dragonite\n|-supereffective|p1b: Sneasler|1\n|-damage|p1b: Sneasler|0 fnt\n|faint|p1b: Sneasler\n|\n|-damage|p2a: Dragonite|58/100 psn|[from] psn\n|upkeep\n|\n|t:|1788374239\n|switch|p1b: Scovillain|Scovillain, L50, M|100/100\n|turn|3\n|\n|t:|1788374256\n|switch|p2b: Kingambit|Kingambit, L50, M|100/100\n|detailschange|p1b: Scovillain|Scovillain-Mega, L50, M\n|-mega|p1b: Scovillain|Scovillain|Scovillainite\n|move|p1a: Kingambit|Sucker Punch|p2a: Dragonite\n|-damage|p2a: Dragonite|12/100 psn\n|move|p2a: Dragonite|Heat Wave|p1a: Kingambit|[spread] p1a\n|-miss|p2a: Dragonite|p1b: Scovillain\n|-supereffective|p1a: Kingambit|1\n|-damage|p1a: Kingambit|0 fnt\n|faint|p1a: Kingambit\n|move|p1b: Scovillain|Giga Drain|p2b: Kingambit\n|-resisted|p2b: Kingambit|1\n|-damage|p2b: Kingambit|84/100\n|\n|-damage|p2a: Dragonite|0 fnt|[from] psn\n|faint|p2a: Dragonite\n|upkeep\n|\n|t:|1788374270\n|switch|p2a: Garchomp|Garchomp, L50, M|100/100\n|switch|p1a: Lycanroc|Lycanroc-Dusk, L50, M|100/100\n|turn|4\n|\n|t:|1788374287\n|move|p1a: Lycanroc|Protect|p1a: Lycanroc\n|-singleturn|p1a: Lycanroc|Protect\n|move|p1b: Scovillain|Rage Powder|p1b: Scovillain\n|-singleturn|p1b: Scovillain|move: Rage Powder\n|move|p2b: Kingambit|Sucker Punch||[still]\n|-fail|p2b: Kingambit\n|move|p2a: Garchomp|Rock Slide|p1a: Lycanroc|[spread] p1b\n|-activate|p1a: Lycanroc|move: Protect\n|-supereffective|p1b: Scovillain|1\n|-damage|p1b: Scovillain|62/100\n|-status|p2a: Garchomp|brn|[from] ability: Spicy Spray|[of] p1b: Scovillain\n|\n|-damage|p2a: Garchomp|94/100 brn|[from] brn\n|upkeep\n|turn|5\n|\n|t:|1788374302\n|move|p1b: Scovillain|Rage Powder|p1b: Scovillain\n|-singleturn|p1b: Scovillain|move: Rage Powder\n|move|p2a: Garchomp|Rock Slide|p1a: Lycanroc|[spread] p1a,p1b\n|-supereffective|p1b: Scovillain|1\n|-damage|p1a: Lycanroc|82/100\n|-damage|p1b: Scovillain|44/100\n|cant|p1a: Lycanroc|flinch\n|move|p2b: Kingambit|Kowtow Cleave|p1b: Scovillain\n|-damage|p1b: Scovillain|2/100\n|-status|p2b: Kingambit|brn|[from] ability: Spicy Spray|[of] p1b: Scovillain\n|\n|-damage|p2a: Garchomp|88/100 brn|[from] brn\n|-damage|p2b: Kingambit|78/100 brn|[from] brn\n|upkeep\n|turn|6\n|\n|t:|1788374317\n|move|p1a: Lycanroc|Protect|p1a: Lycanroc\n|-singleturn|p1a: Lycanroc|Protect\n|move|p1b: Scovillain|Protect|p1b: Scovillain\n|-singleturn|p1b: Scovillain|Protect\n|move|p2a: Garchomp|Rock Slide|p1a: Lycanroc|[spread] \n|-activate|p1a: Lycanroc|move: Protect\n|-activate|p1b: Scovillain|move: Protect\n|move|p2b: Kingambit|Iron Head|p1a: Lycanroc\n|-activate|p1a: Lycanroc|move: Protect\n|\n|-damage|p2a: Garchomp|82/100 brn|[from] brn\n|-damage|p2b: Kingambit|72/100 brn|[from] brn\n|upkeep\n|turn|7\n|\n|t:|1788374334\n|move|p2a: Garchomp|Rock Slide|p1a: Lycanroc|[spread] p1b\n|-miss|p2a: Garchomp|p1a: Lycanroc\n|-supereffective|p1b: Scovillain|1\n|-damage|p1b: Scovillain|0 fnt\n|faint|p1b: Scovillain\n|move|p1a: Lycanroc|Close Combat|p2b: Kingambit\n|-supereffective|p2b: Kingambit|2\n|-enditem|p2b: Kingambit|Chople Berry|[eat]\n|-enditem|p2b: Kingambit|Chople Berry|[weaken]\n|-damage|p2b: Kingambit|0 fnt\n|-unboost|p1a: Lycanroc|def|1\n|-unboost|p1a: Lycanroc|spd|1\n|faint|p2b: Kingambit\n|\n|-damage|p2a: Garchomp|76/100 brn|[from] brn\n|upkeep\n|turn|8\n|\n|t:|1788374347\n|move|p2a: Garchomp|Rock Slide|p1a: Lycanroc\n|-damage|p1a: Lycanroc|50/100g\n|move|p1a: Lycanroc|Close Combat|p2a: Garchomp\n|-damage|p2a: Garchomp|30/100 brn\n|-unboost|p1a: Lycanroc|def|1\n|-unboost|p1a: Lycanroc|spd|1\n|\n|-damage|p2a: Garchomp|24/100 brn|[from] brn\n|upkeep\n|turn|9\n|\n|t:|1788374355\n|move|p1a: Lycanroc|Protect|p1a: Lycanroc\n|-singleturn|p1a: Lycanroc|Protect\n|move|p2a: Garchomp|Rock Slide|p1a: Lycanroc\n|-activate|p1a: Lycanroc|move: Protect\n|\n|-damage|p2a: Garchomp|18/100 brn|[from] brn\n|upkeep\n|turn|10\n|\n|t:|1788374373\n|move|p2a: Garchomp|Rock Slide|p1a: Lycanroc\n|-crit|p1a: Lycanroc\n|-damage|p1a: Lycanroc|0 fnt\n|faint|p1a: Lycanroc\n|\n|win|EmanuelaOrlandiVGC\n|raw|sqwrlyd00d's rating: 1245 &rarr; <strong>1225</strong><br />(-20 for losing)\n|raw|EmanuelaOrlandiVGC's rating: 1318 &rarr; <strong>1334</strong><br />(+16 for winning)\n|c|☆sqwrlyd00d|bruh\n|l|☆EmanuelaOrlandiVGC\n|player|p2|\n|c|☆sqwrlyd00d|gg\n","uploadtime":1788374430,"views":"1","formatid":"gen9championsvgc2026regmbbo3","rating":1225,"private":0,"password":null}