{"id":"gen9championsvgc2026regmbbo3-2673373330","format":"[Gen 9 Champions] VGC 2026 Reg M-B (Bo3)","players":["bigrexus","humania1"],"log":"|j|☆bigrexus\n|j|☆humania1\n|html|<table width=\"100%\"><tr><td align=\"left\">bigrexus</td><td align=\"right\">humania1</tr><tr><td align=\"left\"><i class=\"fa fa-circle-o\"></i> <i class=\"fa fa-circle-o\"></i> </td><td align=\"right\"><i class=\"fa fa-circle-o\"></i> <i class=\"fa fa-circle\"></i> </tr></table>\n|uhtml|bestof|<h2><strong>Game 2</strong> of <a href=\"/game-bestof3-gen9championsvgc2026regmbbo3-2673371730\">a best-of-3</a></h2>\n|t:|1788189834\n|gametype|doubles\n|player|p1|bigrexus|hilbert|1176\n|player|p2|humania1|170|1050\n|gen|9\n|tier|[Gen 9 Champions] VGC 2026 Reg M-B (Bo3)\n|rated|\n|rule|Species Clause: Limit one of each Pokémon\n|rule|Item Clause: Limit 1 of each item\n|clearpoke\n|poke|p1|Raichu, L50, F|\n|poke|p1|Jolteon, L50, M|\n|poke|p1|Meowscarada, L50, M|\n|poke|p1|Pelipper, L50, F|\n|poke|p1|Archaludon, L50, M|\n|poke|p1|Swampert, L50, M|\n|poke|p2|Blastoise, L50, F|\n|poke|p2|Delphox, L50, F, shiny|\n|poke|p2|Incineroar, L50, F|\n|poke|p2|Sinistcha, L50|\n|poke|p2|Sneasler, L50, M|\n|poke|p2|Vivillon, L50, M|\n|teampreview|4\n|showteam|p1|Raichu||RaichuniteX|LightningRod|RisingVoltage,VoltSwitch,Protect,FakeOut|Modest||F|||50|]Jolteon||LifeOrb|QuickFeet|RisingVoltage,AlluringVoice,Detect,Discharge|Modest||M|||50|]Meowscarada||ChoiceScarf|Protean|FlowerTrick,TripleAxel,Uturn,LowKick|Jolly||M|||50|]Pelipper||FocusSash|Drizzle|MuddyWater,WideGuard,Tailwind,Protect|Timid||F|||50|]Archaludon||Leftovers|Stamina|ElectroShot,DracoMeteor,Protect,FlashCannon|Modest||M|||50|]Swampert||Swampertite|Damp|Earthquake,WaveCrash,BulkUp,Protect|Adamant||M|||50|\n|showteam|p2|Blastoise||Blastoisinite|Torrent|Protect,ShellSmash,WaterSpout,DarkPulse|Modest||F|||50|]Delphox||Delphoxite|Blaze|Protect,HeatWave,Psyshock,NastyPlot|Timid||F|||50|]Incineroar||PasshoBerry|Intimidate|FakeOut,PartingShot,FlareBlitz,ThroatChop|Impish||F|||50|]Sinistcha||SitrusBerry|Hospitality|Protect,MatchaGotcha,TrickRoom,RagePowder|Bold|||||50|]Sneasler||FocusSash|PoisonTouch|QuickGuard,FakeOut,CloseCombat,DireClaw|Jolly||M|||50|]Vivillon||ChoiceScarf|CompoundEyes|Hurricane,SleepPowder,RagePowder,Uturn|Timid||M|||50|\n|inactive|Battle timer is ON: inactive players will automatically lose when time's up. (requested by humania1)\n|\n|t:|1788189864\n|teamsize|p1|4\n|teamsize|p2|4\n|start\n|switch|p1a: Raichu|Raichu, L50, F|100/100\n|switch|p1b: Meowscarada|Meowscarada, L50, M|100/100\n|switch|p2a: Incineroar|Incineroar, L50, F|100/100\n|switch|p2b: Sinistcha|Sinistcha, L50|100/100\n|-ability|p2a: Incineroar|Intimidate|boost\n|-unboost|p1a: Raichu|atk|1\n|-unboost|p1b: Meowscarada|atk|1\n|turn|1\n|inactive|bigrexus has 30 seconds left.\n|\n|t:|1788189891\n|move|p1a: Raichu|Fake Out|p2a: Incineroar\n|-damage|p2a: Incineroar|96/100\n|move|p1b: Meowscarada|Triple Axel|p2b: Sinistcha\n|-start|p1b: Meowscarada|typechange|Ice|[from] ability: Protean\n|-supereffective|p2b: Sinistcha|1\n|-damage|p2b: Sinistcha|88/100\n|-supereffective|p2b: Sinistcha|1\n|-damage|p2b: Sinistcha|67/100\n|-supereffective|p2b: Sinistcha|1\n|-crit|p2b: Sinistcha\n|-damage|p2b: Sinistcha|0 fnt\n|faint|p2b: Sinistcha\n|-hitcount|p2: Sinistcha|3\n|cant|p2a: Incineroar|flinch\n|\n|upkeep\n|\n|t:|1788189891\n|switch|p2b: Delphox|Delphox, L50, F, shiny|100/100\n|turn|2\n|\n|t:|1788189915\n|switch|p1b: Pelipper|Pelipper, L50, F|100/100\n|-weather|RainDance|[from] ability: Drizzle|[of] p1b: Pelipper\n|detailschange|p2b: Delphox|Delphox-Mega, L50, F, shiny\n|-mega|p2b: Delphox|Delphox|Delphoxite\n|detailschange|p1a: Raichu|Raichu-Mega-X, L50, F\n|-mega|p1a: Raichu|Raichu|Raichunite X\n|-fieldstart|move: Electric Terrain|[from] ability: Electric Surge|[of] p1a: Raichu\n|move|p1a: Raichu|Protect|p1a: Raichu\n|-singleturn|p1a: Raichu|Protect\n|move|p2b: Delphox|Heat Wave|p1a: Raichu|[spread] p1b\n|-activate|p1a: Raichu|move: Protect\n|-resisted|p1b: Pelipper|1\n|-damage|p1b: Pelipper|81/100\n|move|p2a: Incineroar|Flare Blitz|p1b: Pelipper\n|-resisted|p1b: Pelipper|1\n|-damage|p1b: Pelipper|66/100\n|-damage|p2a: Incineroar|92/100|[from] Recoil\n|\n|-weather|RainDance|[upkeep]\n|upkeep\n|turn|3\n|\n|t:|1788189936\n|move|p2b: Delphox|Psyshock|p1b: Pelipper\n|-damage|p1b: Pelipper|5/100\n|move|p1a: Raichu|Rising Voltage|p2b: Delphox\n|-damage|p2b: Delphox|61/100\n|move|p1b: Pelipper|Muddy Water|p2b: Delphox|[spread] p2b\n|-miss|p1b: Pelipper|p2a: Incineroar\n|-supereffective|p2b: Delphox|1\n|-damage|p2b: Delphox|0 fnt\n|faint|p2b: Delphox\n|move|p2a: Incineroar|Parting Shot|p1a: Raichu\n|-unboost|p1a: Raichu|atk|1\n|-unboost|p1a: Raichu|spa|1\n|\n|t:|1788189936\n|switch|p2a: Blastoise|Blastoise, L50, F|100/100|[from] Parting Shot\n|\n|-weather|RainDance|[upkeep]\n|upkeep\n|\n|t:|1788189937\n|switch|p2b: Incineroar|Incineroar, L50, F|92/100\n|-ability|p2b: Incineroar|Intimidate|boost\n|-unboost|p1a: Raichu|atk|1\n|-unboost|p1b: Pelipper|atk|1\n|turn|4\n|inactive|bigrexus has 30 seconds left.\n|\n|t:|1788189962\n|move|p1a: Raichu|Volt Switch|p2a: Blastoise\n|-supereffective|p2a: Blastoise|1\n|-damage|p2a: Blastoise|46/100\n|\n|t:|1788189966\n|switch|p1a: Meowscarada|Meowscarada, L50, M|100/100|[from] Volt Switch\n|move|p2a: Blastoise|Water Spout|p1b: Pelipper|[spread] p1a,p1b\n|-resisted|p1a: Meowscarada|1\n|-resisted|p1b: Pelipper|1\n|-damage|p1a: Meowscarada|75/100\n|-damage|p1b: Pelipper|0 fnt\n|faint|p1b: Pelipper\n|move|p2b: Incineroar|Throat Chop|p1a: Meowscarada\n|-resisted|p1a: Meowscarada|1\n|-damage|p1a: Meowscarada|50/100g\n|-start|p1a: Meowscarada|Throat Chop|[silent]\n|\n|-weather|RainDance|[upkeep]\n|upkeep\n|\n|t:|1788189977\n|switch|p1b: Raichu|Raichu-Mega-X, L50, F|100/100\n|turn|5\n|\n|t:|1788189989\n|move|p1b: Raichu|Fake Out|p2b: Incineroar\n|-crit|p2b: Incineroar\n|-damage|p2b: Incineroar|79/100\n|move|p1a: Meowscarada|Flower Trick|p2a: Blastoise\n|-start|p1a: Meowscarada|typechange|Grass|[from] ability: Protean\n|-supereffective|p2a: Blastoise|1\n|-crit|p2a: Blastoise\n|-damage|p2a: Blastoise|0 fnt\n|faint|p2a: Blastoise\n|cant|p2b: Incineroar|flinch\n|\n|-weather|RainDance|[upkeep]\n|-end|p1a: Meowscarada|Throat Chop|[silent]\n|upkeep\n|turn|6\n|\n|t:|1788189994\n|move|p1a: Meowscarada|Flower Trick|p2b: Incineroar\n|-resisted|p2b: Incineroar|1\n|-crit|p2b: Incineroar\n|-damage|p2b: Incineroar|60/100\n|move|p1b: Raichu|Rising Voltage|p2b: Incineroar\n|-hint|Rising Voltage's BP doubled on grounded target.\n|-damage|p2b: Incineroar|0 fnt\n|faint|p2b: Incineroar\n|\n|win|bigrexus\n","uploadtime":1788189994,"views":"0","formatid":"gen9championsvgc2026regmbbo3","rating":null,"private":0,"password":null}