{"id":"gen9championsvgc2026regmb-2674411758","format":"[Gen 9 Champions] VGC 2026 Reg M-B","players":["Peatswee3","endershovel"],"log":"|j|☆Peatswee3\n|j|☆endershovel\n|t:|1788356559\n|gametype|doubles\n|player|p1|Peatswee3|maylene|1553\n|player|p2|endershovel|miku-water|1642\n|gen|9\n|tier|[Gen 9 Champions] VGC 2026 Reg M-B\n|rated|\n|rule|Species Clause: Limit one of each Pokémon\n|rule|Item Clause: Limit 1 of each item\n|clearpoke\n|poke|p1|Kleavor, L50, F|\n|poke|p1|Whimsicott, L50, F|\n|poke|p1|Staraptor, L50, F|\n|poke|p1|Kingambit, L50, F|\n|poke|p1|Basculegion, L50, M|\n|poke|p1|Maushold, L50|\n|poke|p2|Starmie, L50, shiny|\n|poke|p2|Sneasler, L50, F|\n|poke|p2|Pelipper, L50, F|\n|poke|p2|Archaludon, L50, M|\n|poke|p2|Sinistcha-Masterpiece, L50|\n|poke|p2|Kingambit, L50, F|\n|teampreview|4\n|inactive|Battle timer is ON: inactive players will automatically lose when time's up. (requested by Peatswee3)\n|\n|t:|1788356585\n|teamsize|p1|4\n|teamsize|p2|4\n|start\n|switch|p1a: Kleavor|Kleavor, L50, F|100/100\n|switch|p1b: Staraptor|Staraptor, L50, F|100/100\n|switch|p2a: Sneasler|Sneasler, L50, F|100/100\n|switch|p2b: Starmie|Starmie, L50, shiny|100/100\n|-ability|p1b: Staraptor|Intimidate|boost\n|-unboost|p2a: Sneasler|atk|1\n|-unboost|p2b: Starmie|atk|1\n|turn|1\n|\n|t:|1788356602\n|detailschange|p2b: Starmie|Starmie-Mega, L50, shiny\n|-mega|p2b: Starmie|Starmie|Starminite\n|move|p1b: Staraptor|Protect|p1b: Staraptor\n|-singleturn|p1b: Staraptor|Protect\n|move|p1a: Kleavor|Protect|p1a: Kleavor\n|-singleturn|p1a: Kleavor|Protect\n|move|p2a: Sneasler|Fake Out|p1a: Kleavor\n|-activate|p1a: Kleavor|move: Protect\n|move|p2b: Starmie|Zen Headbutt|p1b: Staraptor\n|-activate|p1b: Staraptor|move: Protect\n|\n|upkeep\n|turn|2\n|\n|t:|1788356621\n|switch|p1b: Kingambit|Kingambit, L50, F|100/100\n|move|p2a: Sneasler|Close Combat|p1a: Kleavor\n|-damage|p1a: Kleavor|46/100\n|-unboost|p2a: Sneasler|def|1\n|-unboost|p2a: Sneasler|spd|1\n|move|p2b: Starmie|Liquidation|p1a: Kleavor\n|-supereffective|p1a: Kleavor|1\n|-damage|p1a: Kleavor|0 fnt\n|faint|p1a: Kleavor\n|\n|upkeep\n|\n|t:|1788356627\n|switch|p1a: Staraptor|Staraptor, L50, F|100/100\n|-ability|p1a: Staraptor|Intimidate|boost\n|-unboost|p2a: Sneasler|atk|1\n|-unboost|p2b: Starmie|atk|1\n|turn|3\n|\n|t:|1788356646\n|switch|p2a: Pelipper|Pelipper, L50, F|100/100\n|-weather|RainDance|[from] ability: Drizzle|[of] p2a: Pelipper\n|switch|p2b: Archaludon|Archaludon, L50, M|100/100\n|detailschange|p1a: Staraptor|Staraptor-Mega, L50, F\n|-mega|p1a: Staraptor|Staraptor|Staraptite\n|move|p1a: Staraptor|Close Combat|p2a: Pelipper\n|-resisted|p2a: Pelipper|1\n|-damage|p2a: Pelipper|68/100\n|-boost|p1a: Staraptor|def|1\n|-boost|p1a: Staraptor|spd|1\n|move|p1b: Kingambit|Kowtow Cleave|p2b: Archaludon\n|-damage|p2b: Archaludon|51/100\n|-ability|p2b: Archaludon|Stamina|boost\n|-boost|p2b: Archaludon|def|1\n|-damage|p1b: Kingambit|90/100|[from] item: Life Orb\n|\n|-weather|RainDance|[upkeep]\n|-heal|p2b: Archaludon|57/100|[from] item: Leftovers\n|upkeep\n|turn|4\n|inactive|Peatswee3 has 30 seconds left.\n|\n|t:|1788356672\n|switch|p1b: Maushold|Maushold, L50|100/100\n|move|p2b: Archaludon|Protect|p2b: Archaludon\n|-singleturn|p2b: Archaludon|Protect\n|move|p1a: Staraptor|Close Combat|p2b: Archaludon\n|-activate|p2b: Archaludon|move: Protect\n|move|p2a: Pelipper|Tailwind|p2a: Pelipper\n|-sidestart|p2: endershovel|move: Tailwind\n|\n|-weather|RainDance|[upkeep]\n|-heal|p2b: Archaludon|63/100|[from] item: Leftovers\n|upkeep\n|turn|5\n|\n|t:|1788356679\n|move|p1b: Maushold|Follow Me|p1b: Maushold\n|-singleturn|p1b: Maushold|move: Follow Me\n|move|p2b: Archaludon|Electro Shot||[still]\n|-prepare|p2b: Archaludon|Electro Shot\n|-boost|p2b: Archaludon|spa|1\n|-anim|p2b: Archaludon|Electro Shot|p1b: Maushold\n|-damage|p1b: Maushold|22/100\n|-enditem|p1b: Maushold|Sitrus Berry|[eat]\n|-heal|p1b: Maushold|47/100|[from] item: Sitrus Berry\n|move|p2a: Pelipper|Muddy Water|p1b: Maushold|[spread] p1b\n|-miss|p2a: Pelipper|p1a: Staraptor\n|-damage|p1b: Maushold|0 fnt\n|faint|p1b: Maushold\n|move|p1a: Staraptor|Close Combat|p2b: Archaludon\n|-supereffective|p2b: Archaludon|1\n|-crit|p2b: Archaludon\n|-damage|p2b: Archaludon|0 fnt\n|-boost|p1a: Staraptor|def|1\n|-boost|p1a: Staraptor|spd|1\n|faint|p2b: Archaludon\n|\n|-weather|RainDance|[upkeep]\n|upkeep\n|\n|t:|1788356683\n|switch|p1b: Kingambit|Kingambit, L50, F|90/100\n|switch|p2b: Sneasler|Sneasler, L50, F|100/100\n|turn|6\n|\n|t:|1788356698\n|move|p1b: Kingambit|Protect|p1b: Kingambit\n|-singleturn|p1b: Kingambit|Protect\n|move|p2b: Sneasler|Fake Out|p1a: Staraptor\n|-damage|p1a: Staraptor|93/100\n|-status|p1a: Staraptor|psn|[from] ability: Poison Touch|[of] p2b: Sneasler\n|move|p2a: Pelipper|Muddy Water|p1a: Staraptor|[spread] p1a\n|-activate|p1b: Kingambit|move: Protect\n|-damage|p1a: Staraptor|73/100 psn\n|cant|p1a: Staraptor|flinch\n|\n|-weather|RainDance|[upkeep]\n|-damage|p1a: Staraptor|61/100 psn|[from] psn\n|upkeep\n|turn|7\n|\n|t:|1788356709\n|move|p1b: Kingambit|Sucker Punch|p2a: Pelipper\n|-damage|p2a: Pelipper|15/100\n|-enditem|p2a: Pelipper|Sitrus Berry|[eat]\n|-heal|p2a: Pelipper|40/100|[from] item: Sitrus Berry\n|-damage|p1b: Kingambit|80/100|[from] item: Life Orb\n|move|p2b: Sneasler|Close Combat|p1b: Kingambit\n|-supereffective|p1b: Kingambit|2\n|-damage|p1b: Kingambit|0 fnt\n|-unboost|p2b: Sneasler|def|1\n|-unboost|p2b: Sneasler|spd|1\n|faint|p1b: Kingambit\n|move|p2a: Pelipper|Hurricane|p1a: Staraptor\n|-supereffective|p1a: Staraptor|1\n|-damage|p1a: Staraptor|20/100y psn\n|move|p1a: Staraptor|Brave Bird|p2b: Sneasler\n|-supereffective|p2b: Sneasler|1\n|-enditem|p2b: Sneasler|Focus Sash\n|-damage|p2b: Sneasler|1/100\n|-damage|p1a: Staraptor|0 fnt|[from] Recoil\n|faint|p1a: Staraptor\n|\n|win|endershovel\n|raw|Peatswee3's rating: 1553 &rarr; <strong>1538</strong><br />(-15 for losing)\n|raw|endershovel's rating: 1642 &rarr; <strong>1657</strong><br />(+15 for winning)\n|l|☆Peatswee3\n|player|p1|\n","uploadtime":1788356713,"views":"0","formatid":"gen9championsvgc2026regmb","rating":1538,"private":0,"password":null}