{"id":"gen9championsvgc2026regmbbo3-2673670869","format":"[Gen 9 Champions] VGC 2026 Reg M-B (Bo3)","players":["eklyst","trevyah"],"log":"|j|☆eklyst\n|j|☆trevyah\n|html|<table width=\"100%\"><tr><td align=\"left\">eklyst</td><td align=\"right\">trevyah</tr><tr><td align=\"left\"><i class=\"fa fa-circle\"></i> <i class=\"fa fa-circle-o\"></i> </td><td align=\"right\"><i class=\"fa fa-circle-o\"></i> <i class=\"fa fa-circle-o\"></i> </tr></table>\n|uhtml|bestof|<h2><strong>Game 2</strong> of <a href=\"/game-bestof3-gen9championsvgc2026regmbbo3-2673670024\">a best-of-3</a></h2>\n|t:|1788230444\n|gametype|doubles\n|player|p1|eklyst|pokemaniac|1299\n|player|p2|trevyah|trevor|1504\n|gen|9\n|tier|[Gen 9 Champions] VGC 2026 Reg M-B (Bo3)\n|rated|\n|rule|Species Clause: Limit one of each Pokémon\n|rule|Item Clause: Limit 1 of each item\n|clearpoke\n|poke|p1|Sinistcha, L50|\n|poke|p1|Incineroar, L50, M|\n|poke|p1|Blaziken, L50, F|\n|poke|p1|Ninetales-Alola, L50, F|\n|poke|p1|Mawile, L50, F|\n|poke|p1|Basculegion, L50, M|\n|poke|p2|Golurk, L50|\n|poke|p2|Staraptor, L50, M|\n|poke|p2|Farigiraf, L50, M|\n|poke|p2|Torkoal, L50, F|\n|poke|p2|Sneasler, L50, F|\n|poke|p2|Basculegion, L50, M|\n|teampreview|4\n|showteam|p1|Sinistcha||KasibBerry|Hospitality|MatchaGotcha,RagePowder,TrickRoom,Protect|Relaxed|||||50|]Incineroar||SitrusBerry|Intimidate|FlareBlitz,FakeOut,PartingShot,HelpingHand|Careful||M|||50|]Blaziken||Blazikenite|SpeedBoost|CloseCombat,FlareBlitz,RockSlide,Detect|Adamant||F|||50|]Ninetales-Alola||NeverMeltIce|SnowWarning|Blizzard,FreezeDry,Encore,Protect|Timid||F|||50|]Mawile||Mawilite|HyperCutter|PlayRough,IronHead,SuckerPunch,Protect|Adamant||F|||50|]Basculegion||LifeOrb|Adaptability|WaveCrash,LastRespects,AquaJet,Protect|Adamant||M|||50|\n|showteam|p2|Golurk||ExpertBelt|NoGuard|Poltergeist,HeadlongRush,StoneEdge,Protect|Adamant|||||50|]Staraptor||Staraptite|Intimidate|CloseCombat,BraveBird,Roost,Protect|Jolly||M|||50|]Farigiraf||SitrusBerry|ArmorTail|Psychic,TrickRoom,HelpingHand,Protect|Calm||M|||50|]Torkoal||Charcoal|Drought|Eruption,HeatWave,AncientPower,Protect|Quiet||F|||50|]Sneasler||LifeOrb|PoisonTouch|CloseCombat,DireClaw,RockSlide,FakeOut|Adamant||F|||50|]Basculegion||FocusSash|Adaptability|LastRespects,Liquidation,AquaJet,Protect|Adamant||M|||50|\n|inactive|Battle timer is ON: inactive players will automatically lose when time's up. (requested by eklyst)\n|\n|t:|1788230472\n|teamsize|p1|4\n|teamsize|p2|4\n|start\n|switch|p1a: Incineroar|Incineroar, L50, M|100/100\n|switch|p1b: Sinistcha|Sinistcha, L50|100/100\n|switch|p2a: Sneasler|Sneasler, L50, F|100/100\n|switch|p2b: Farigiraf|Farigiraf, L50, M|100/100\n|-ability|p1a: Incineroar|Intimidate|boost\n|-unboost|p2a: Sneasler|atk|1\n|-unboost|p2b: Farigiraf|atk|1\n|turn|1\n|\n|t:|1788230487\n|switch|p2a: Staraptor|Staraptor, L50, M|100/100\n|-ability|p2a: Staraptor|Intimidate|boost\n|-unboost|p1a: Incineroar|atk|1\n|-unboost|p1b: Sinistcha|atk|1\n|move|p2b: Farigiraf|Protect|p2b: Farigiraf\n|-singleturn|p2b: Farigiraf|Protect\n|move|p1b: Sinistcha|Rage Powder|p1b: Sinistcha\n|-singleturn|p1b: Sinistcha|move: Rage Powder\n|move|p1a: Incineroar|Parting Shot|p2a: Staraptor\n|-unboost|p2a: Staraptor|atk|1\n|-unboost|p2a: Staraptor|spa|1\n|\n|t:|1788230498\n|switch|p1a: Basculegion|Basculegion, L50, M|100/100|[from] Parting Shot\n|\n|upkeep\n|turn|2\n|\n|t:|1788230515\n|switch|p1b: Incineroar|Incineroar, L50, M|100/100\n|-ability|p1b: Incineroar|Intimidate|boost\n|-unboost|p2a: Staraptor|atk|1\n|-unboost|p2b: Farigiraf|atk|1\n|switch|p2b: Torkoal|Torkoal, L50, F|100/100\n|-weather|SunnyDay|[from] ability: Drought|[of] p2b: Torkoal\n|detailschange|p2a: Staraptor|Staraptor-Mega, L50, M\n|-mega|p2a: Staraptor|Staraptor|Staraptite\n|move|p2a: Staraptor|Brave Bird|p1b: Incineroar\n|-damage|p1b: Incineroar|73/100\n|-damage|p2a: Staraptor|90/100|[from] Recoil\n|move|p1a: Basculegion|Wave Crash|p2b: Torkoal\n|-supereffective|p2b: Torkoal|1\n|-damage|p2b: Torkoal|29/100\n|-damage|p1a: Basculegion|79/100|[from] Recoil\n|-damage|p1a: Basculegion|69/100|[from] item: Life Orb\n|\n|-weather|SunnyDay|[upkeep]\n|upkeep\n|turn|3\n|inactive|eklyst has 30 seconds left.\n|\n|t:|1788230547\n|switch|p1b: Sinistcha|Sinistcha, L50|100/100\n|-heal|p1a: Basculegion|94/100|[from] ability: Hospitality|[of] p1b: Sinistcha\n|move|p2b: Torkoal|Protect|p2b: Torkoal\n|-singleturn|p2b: Torkoal|Protect\n|move|p2a: Staraptor|Close Combat|p1b: Sinistcha\n|-immune|p1b: Sinistcha\n|move|p1a: Basculegion|Wave Crash|p2b: Torkoal\n|-activate|p2b: Torkoal|move: Protect\n|\n|-weather|SunnyDay|[upkeep]\n|upkeep\n|turn|4\n|\n|t:|1788230557\n|switch|p2b: Farigiraf|Farigiraf, L50, M|100/100\n|move|p1b: Sinistcha|Protect|p1b: Sinistcha\n|-singleturn|p1b: Sinistcha|Protect\n|move|p2a: Staraptor|Brave Bird|p1b: Sinistcha\n|-activate|p1b: Sinistcha|move: Protect\n|move|p1a: Basculegion|Wave Crash|p2b: Farigiraf\n|-damage|p2b: Farigiraf|54/100\n|-damage|p1a: Basculegion|77/100|[from] Recoil\n|-damage|p1a: Basculegion|68/100|[from] item: Life Orb\n|\n|-weather|SunnyDay|[upkeep]\n|upkeep\n|turn|5\n|\n|t:|1788230577\n|move|p2b: Farigiraf|Protect|p2b: Farigiraf\n|-singleturn|p2b: Farigiraf|Protect\n|move|p2a: Staraptor|Brave Bird|p1b: Sinistcha\n|-supereffective|p1b: Sinistcha|1\n|-damage|p1b: Sinistcha|48/100\n|-damage|p2a: Staraptor|73/100|[from] Recoil\n|move|p1a: Basculegion|Wave Crash|p2b: Farigiraf\n|-activate|p2b: Farigiraf|move: Protect\n|move|p1b: Sinistcha|Matcha Gotcha|p2b: Farigiraf|[spread] p2a\n|-activate|p2b: Farigiraf|move: Protect\n|-resisted|p2a: Staraptor|1\n|-damage|p2a: Staraptor|60/100\n|-heal|p1b: Sinistcha|55/100|[from] drain|[of] p2a: Staraptor\n|\n|-weather|SunnyDay|[upkeep]\n|upkeep\n|turn|6\n|\n|t:|1788230590\n|move|p2b: Farigiraf|Helping Hand|p2a: Staraptor\n|-singleturn|p2a: Staraptor|Helping Hand|[of] p2b: Farigiraf\n|move|p2a: Staraptor|Brave Bird|p1a: Basculegion\n|-damage|p1a: Basculegion|18/100\n|-damage|p2a: Staraptor|41/100|[from] Recoil\n|move|p1a: Basculegion|Wave Crash|p2b: Farigiraf\n|-damage|p2b: Farigiraf|11/100\n|-enditem|p2b: Farigiraf|Sitrus Berry|[eat]\n|-heal|p2b: Farigiraf|36/100|[from] item: Sitrus Berry\n|-damage|p1a: Basculegion|3/100|[from] Recoil\n|-damage|p1a: Basculegion|0 fnt|[from] item: Life Orb\n|faint|p1a: Basculegion\n|move|p1b: Sinistcha|Matcha Gotcha|p2a: Staraptor|[spread] p2b\n|-miss|p1b: Sinistcha|p2a: Staraptor\n|-damage|p2b: Farigiraf|18/100\n|-heal|p1b: Sinistcha|66/100|[from] drain|[of] p2b: Farigiraf\n|\n|-weather|none\n|upkeep\n|\n|t:|1788230611\n|switch|p1a: Mawile|Mawile, L50, F|100/100\n|turn|7\n|\n|t:|1788230625\n|detailschange|p1a: Mawile|Mawile-Mega, L50, F\n|-mega|p1a: Mawile|Mawile|Mawilite\n|move|p1b: Sinistcha|Rage Powder|p1b: Sinistcha\n|-singleturn|p1b: Sinistcha|move: Rage Powder\n|move|p2a: Staraptor|Roost|p2a: Staraptor\n|-heal|p2a: Staraptor|91/100\n|-singleturn|p2a: Staraptor|move: Roost\n|move|p1a: Mawile|Play Rough|p2b: Farigiraf\n|-damage|p2b: Farigiraf|0 fnt\n|faint|p2b: Farigiraf\n|\n|upkeep\n|\n|t:|1788230632\n|switch|p2b: Sneasler|Sneasler, L50, F|100/100\n|turn|8\n|\n|t:|1788230640\n|move|p1b: Sinistcha|Protect|p1b: Sinistcha\n|-singleturn|p1b: Sinistcha|Protect\n|move|p1a: Mawile|Protect|p1a: Mawile\n|-singleturn|p1a: Mawile|Protect\n|move|p2b: Sneasler|Fake Out|p1a: Mawile\n|-activate|p1a: Mawile|move: Protect\n|move|p2a: Staraptor|Brave Bird|p1b: Sinistcha\n|-activate|p1b: Sinistcha|move: Protect\n|\n|upkeep\n|turn|9\n|\n|t:|1788230653\n|switch|p1b: Incineroar|Incineroar, L50, M|73/100\n|-ability|p1b: Incineroar|Intimidate|boost\n|-boost|p2a: Staraptor|atk|1\n|-unboost|p2b: Sneasler|atk|1\n|move|p2a: Staraptor|Brave Bird|p1b: Incineroar\n|-damage|p1b: Incineroar|40/100\n|-enditem|p1b: Incineroar|Sitrus Berry|[eat]\n|-heal|p1b: Incineroar|64/100|[from] item: Sitrus Berry\n|-damage|p2a: Staraptor|79/100|[from] Recoil\n|move|p2b: Sneasler|Close Combat|p1a: Mawile\n|-damage|p1a: Mawile|42/100\n|-unboost|p2b: Sneasler|def|1\n|-unboost|p2b: Sneasler|spd|1\n|-damage|p2b: Sneasler|90/100|[from] item: Life Orb\n|move|p1a: Mawile|Play Rough|p2a: Staraptor\n|-supereffective|p2a: Staraptor|1\n|-damage|p2a: Staraptor|0 fnt\n|faint|p2a: Staraptor\n|\n|upkeep\n|\n|t:|1788230657\n|switch|p2a: Torkoal|Torkoal, L50, F|29/100\n|-weather|SunnyDay|[from] ability: Drought|[of] p2a: Torkoal\n|turn|10\n|-message|trevyah forfeited.\n|raw|eklyst's rating: 1299 &rarr; <strong>1337</strong><br />(+38 for winning)\n|raw|trevyah's rating: 1504 &rarr; <strong>1473</strong><br />(-31 for losing)\n|\n|win|eklyst\n|l|☆trevyah\n|player|p2|\n","uploadtime":1788230660,"views":"10","formatid":"gen9championsvgc2026regmbbo3","rating":1337,"private":0,"password":null}