{"id":"gen9championsvgc2026regmb-2674760638","format":"[Gen 9 Champions] VGC 2026 Reg M-B","players":["kanklez","ob0b"],"log":"|j|☆kanklez\n|j|☆ob0b\n|html|<table width=\"100%\"><tr><td align=\"left\">kanklez</td><td align=\"right\">ob0b</tr><tr><td align=\"left\"><i class=\"fa fa-circle-o\"></i> <i class=\"fa fa-circle-o\"></i> </td><td align=\"right\"><i class=\"fa fa-circle-o\"></i> <i class=\"fa fa-circle-o\"></i> </tr></table>\n|uhtml|bestof|<h2><strong>Game 1</strong> of <a href=\"/game-bestof3-gen9championsvgc2026regmb-2674760637\">a best-of-3</a></h2>\n|t:|1788401956\n|gametype|doubles\n|player|p1|kanklez|cynthia|\n|player|p2|ob0b|swimmer-gen4|\n|gen|9\n|tier|[Gen 9 Champions] VGC 2026 Reg M-B\n|rule|Species Clause: Limit one of each Pokémon\n|rule|Item Clause: Limit 1 of each item\n|raw|<div class=\"infobox\"><details class=\"readmore\" open><summary><strong>1 custom rule:</strong></summary> Best of = 3</details></div>\n|clearpoke\n|poke|p1|Aerodactyl, L50, M, shiny|\n|poke|p1|Politoed, L50, F, shiny|\n|poke|p1|Archaludon, L50, F|\n|poke|p1|Meganium, L50, F|\n|poke|p1|Sableye, L50, F|\n|poke|p1|Corviknight, L50, F, shiny|\n|poke|p2|Alakazam, L50, M, shiny|\n|poke|p2|Meowstic, L50, M, shiny|\n|poke|p2|Talonflame, L50, M|\n|poke|p2|Conkeldurr, L50, M|\n|poke|p2|Kingambit, L50, M, shiny|\n|poke|p2|Starmie, L50|\n|teampreview|4\n|inactive|Battle timer is ON: inactive players will automatically lose when time's up. (requested by ob0b)\nob0b rejected open team sheets.\n|inactiveoff|Battle timer is now OFF.\n|j| fishyfishfish\n|\n|t:|1788401988\n|teamsize|p1|4\n|teamsize|p2|4\n|start\n|switch|p1a: aguerOOO|Politoed, L50, F, shiny|100/100\n|switch|p1b: Z L A T A N|Archaludon, L50, F|100/100\n|switch|p2a: Penguin|Talonflame, L50, M|100/100\n|switch|p2b: Machimp|Conkeldurr, L50, M|100/100\n|-weather|RainDance|[from] ability: Drizzle|[of] p1a: aguerOOO\n|turn|1\n|j| Dakmaul\n|j| sunnydaysagain\n|\n|t:|1788402031\n|move|p1a: aguerOOO|Helping Hand|p1b: Z L A T A N\n|-singleturn|p1b: Z L A T A N|Helping Hand|[of] p1a: aguerOOO\n|move|p2a: Penguin|Tailwind|p2a: Penguin\n|-sidestart|p2: ob0b|move: Tailwind\n|move|p2b: Machimp|Close Combat|p1b: Z L A T A N\n|-supereffective|p1b: Z L A T A N|1\n|-damage|p1b: Z L A T A N|0 fnt\n|-unboost|p2b: Machimp|def|1\n|-unboost|p2b: Machimp|spd|1\n|faint|p1b: Z L A T A N\n|\n|-weather|RainDance|[upkeep]\n|upkeep\n|j| Dingdongpokemon\n|\n|t:|1788402058\n|switch|p1b: James Milner|Sableye, L50, F|100/100\n|turn|2\n|\n|t:|1788402068\n|move|p1b: James Milner|Fake Out|p2b: Machimp\n|-damage|p2b: Machimp|85/100\n|move|p2a: Penguin|Hurricane|p1b: James Milner\n|-damage|p1b: James Milner|24/100\n|cant|p2b: Machimp|flinch\n|move|p1a: aguerOOO|Muddy Water|p2a: Penguin|[spread] p2a,p2b\n|-supereffective|p2a: Penguin|1\n|-damage|p2a: Penguin|1/100\n|-damage|p2b: Machimp|10/100\n|\n|-weather|RainDance|[upkeep]\n|upkeep\n|turn|3\n|j| bovineolympics\n|\n|t:|1788402101\n|move|p1b: James Milner|Light Screen|p1b: James Milner\n|-sidestart|p1: kanklez|move: Light Screen\n|move|p2a: Penguin|Hurricane|p1b: James Milner\n|-damage|p1b: James Milner|0 fnt\n|faint|p1b: James Milner\n|move|p2b: Machimp|Close Combat|p1a: aguerOOO\n|-damage|p1a: aguerOOO|21/100\n|-unboost|p2b: Machimp|def|1\n|-unboost|p2b: Machimp|spd|1\n|move|p1a: aguerOOO|Muddy Water|p2b: Machimp|[spread] p2a,p2b\n|-supereffective|p2a: Penguin|1\n|-damage|p2a: Penguin|0 fnt\n|-damage|p2b: Machimp|0 fnt\n|faint|p2a: Penguin\n|faint|p2b: Machimp\n|\n|-weather|RainDance|[upkeep]\n|-heal|p1a: aguerOOO|27/100|[from] item: Leftovers\n|upkeep\n|\n|t:|1788402116\n|switch|p2a: Wish I had a fork|Alakazam, L50, M, shiny|100/100\n|switch|p2b: Elephant|Meowstic, L50, M, shiny|100/100\n|switch|p1b: Clint Dempsey|Aerodactyl, L50, M, shiny|100/100\n|-ability|p1b: Clint Dempsey|Pressure\n|turn|4\n|\n|t:|1788402160\n|detailschange|p2a: Wish I had a fork|Alakazam-Mega, L50, M, shiny\n|-mega|p2a: Wish I had a fork|Alakazam|Alakazite\n|-ability|p2a: Wish I had a fork|Drizzle|Trace|[from] ability: Trace|[of] p1a: aguerOOO\n|detailschange|p1b: Clint Dempsey|Aerodactyl-Mega, L50, M, shiny\n|-mega|p1b: Clint Dempsey|Aerodactyl|Aerodactylite\n|move|p1b: Clint Dempsey|Protect|p1b: Clint Dempsey\n|-singleturn|p1b: Clint Dempsey|Protect\n|move|p2b: Elephant|Fake Out|p1b: Clint Dempsey\n|-activate|p1b: Clint Dempsey|move: Protect\n|move|p2a: Wish I had a fork|Expanding Force|p1a: aguerOOO\n|-crit|p1a: aguerOOO\n|-damage|p1a: aguerOOO|0 fnt\n|faint|p1a: aguerOOO\n|\n|-weather|RainDance|[upkeep]\n|-sideend|p2: ob0b|move: Tailwind\n|upkeep\n|turn|5\n|\n|t:|1788402181\n|move|p2b: Elephant|Psychic Terrain|p2b: Elephant\n|-fieldstart|move: Psychic Terrain\n|move|p1b: Clint Dempsey|Crunch|p2a: Wish I had a fork\n|-supereffective|p2a: Wish I had a fork|1\n|-damage|p2a: Wish I had a fork|0 fnt\n|faint|p2a: Wish I had a fork\n|\n|-weather|none\n|upkeep\n|turn|6\n|\n|t:|1788402215\n|move|p1b: Clint Dempsey|Crunch|p2b: Elephant\n|-supereffective|p2b: Elephant|1\n|-enditem|p2b: Elephant|Focus Sash\n|-damage|p2b: Elephant|1/100\n|move|p2b: Elephant|Expanding Force|p1b: Clint Dempsey\n|-damage|p1b: Clint Dempsey|46/100\n|\n|upkeep\n|turn|7\n|\n|t:|1788402231\n|move|p1b: Clint Dempsey|Crunch|p2b: Elephant\n|-supereffective|p2b: Elephant|1\n|-damage|p2b: Elephant|0 fnt\n|faint|p2b: Elephant\n|\n|win|kanklez\n||kanklez is ready for game 2.\n|inactive|ob0b has 30 seconds to confirm battle start!\n||ob0b is ready for game 2.\n|uhtml|next|Next: <a href=\"/battle-gen9championsvgc2026regmb-2674762482\"><strong>Game 2 of 3</strong></a>\n|l| sunnydaysagain\n|l|☆ob0b\n|player|p2|\n|l| Dakmaul\n|j| seniledogs\n","uploadtime":1788402669,"views":"2","formatid":"gen9championsvgc2026regmb","rating":null,"private":0,"password":null}