{"id":"gen9championsvgc2026regmb-2674941599","format":"[Gen 9 Champions] VGC 2026 Reg M-B","players":["TheLastFire925","Wizzy0"],"log":"|j|☆TheLastFire925\n|j|☆Wizzy0\n|html|<table width=\"100%\"><tr><td align=\"left\">TheLastFire925</td><td align=\"right\">Wizzy0</tr><tr><td align=\"left\"><i class=\"fa fa-circle-o\"></i> <i class=\"fa fa-circle-o\"></i> </td><td align=\"right\"><i class=\"fa fa-circle-o\"></i> <i class=\"fa fa-circle-o\"></i> </tr></table>\n|uhtml|bestof|<h2><strong>Game 1</strong> of <a href=\"/game-bestof3-gen9championsvgc2026regmb-2674941598\">a best-of-3</a></h2>\n|t:|1788439539\n|gametype|doubles\n|player|p1|TheLastFire925|shauntal|\n|player|p2|Wizzy0|riley|\n|gen|9\n|tier|[Gen 9 Champions] VGC 2026 Reg M-B\n|rule|Species Clause: Limit one of each Pokémon\n|rule|Item Clause: Limit 1 of each item\n|raw|<div class=\"infobox\"><details class=\"readmore\" open><summary><strong>1 custom rule:</strong></summary> Best of = 3</details></div>\n|clearpoke\n|poke|p1|Sceptile, L50, F|\n|poke|p1|Samurott-Hisui, L50, M|\n|poke|p1|Sableye, L50, M|\n|poke|p1|Aurorus, L50, M, shiny|\n|poke|p1|Scizor, L50, M|\n|poke|p1|Clefable, L50, F|\n|poke|p2|Blastoise, L50, F|\n|poke|p2|Excadrill, L50, M|\n|poke|p2|Barbaracle, L50, M|\n|poke|p2|Sinistcha, L50|\n|poke|p2|Tyranitar, L50, M|\n|poke|p2|Hawlucha, L50, F|\n|teampreview|4\nTheLastFire925 rejected open team sheets.\n|c|☆Wizzy0|no it was ineligible\n|c|☆Wizzy0|like it didn't have moves\n|c|☆Wizzy0|it was a testing team\n|c|☆TheLastFire925|oop\n|c|☆TheLastFire925|well, glhf\n|\n|t:|1788439682\n|teamsize|p1|4\n|teamsize|p2|4\n|start\n|switch|p1a: clef-uh-ble|Clefable, L50, F|100/100\n|switch|p1b: rock/paper-type|Scizor, L50, M|100/100\n|switch|p2a: The Kollector|Barbaracle, L50, M|100/100\n|switch|p2b: Uncle Iroh|Sinistcha, L50|100/100\n|turn|1\n|\n|t:|1788439750\n|switch|p2b: BARRY BLASTOISE™|Blastoise, L50, F|100/100\n|detailschange|p2a: The Kollector|Barbaracle-Mega, L50, M\n|-mega|p2a: The Kollector|Barbaracle|Barbaracite\n|move|p2a: The Kollector|Poison Jab|p1a: clef-uh-ble\n|-supereffective|p1a: clef-uh-ble|1\n|-damage|p1a: clef-uh-ble|37/100\n|-enditem|p1a: clef-uh-ble|Sitrus Berry|[eat]\n|-heal|p1a: clef-uh-ble|62/100|[from] item: Sitrus Berry\n|move|p1b: rock/paper-type|Swords Dance|p1b: rock/paper-type\n|-boost|p1b: rock/paper-type|atk|2\n|move|p1a: clef-uh-ble|Dazzling Gleam|p2a: The Kollector|[spread] p2a,p2b\n|-supereffective|p2a: The Kollector|1\n|-damage|p2a: The Kollector|59/100\n|-damage|p2b: BARRY BLASTOISE™|81/100\n|\n|upkeep\n|turn|2\n|\n|t:|1788439846\n|move|p2b: BARRY BLASTOISE™|Fake Out|p1b: rock/paper-type\n|-resisted|p1b: rock/paper-type|1\n|-damage|p1b: rock/paper-type|96/100\n|cant|p1b: rock/paper-type|flinch\n|move|p2a: The Kollector|Poison Jab|p1a: clef-uh-ble\n|-supereffective|p1a: clef-uh-ble|1\n|-damage|p1a: clef-uh-ble|0 fnt\n|faint|p1a: clef-uh-ble\n|\n|upkeep\n|\n|t:|1788439857\n|switch|p1a: hey there lil guy|Sceptile, L50, F|100/100\n|turn|3\n|j| prythium\n|\n|t:|1788439970\n|switch|p2b: Uncle Iroh|Sinistcha, L50|100/100\n|-heal|p2a: The Kollector|84/100|[from] ability: Hospitality|[of] p2b: Uncle Iroh\n|detailschange|p1a: hey there lil guy|Sceptile-Mega, L50, F\n|-mega|p1a: hey there lil guy|Sceptile|Sceptilite\n|move|p1a: hey there lil guy|Protect|p1a: hey there lil guy\n|-singleturn|p1a: hey there lil guy|Protect\n|move|p1b: rock/paper-type|Bullet Punch|p2a: The Kollector\n|-supereffective|p2a: The Kollector|1\n|-damage|p2a: The Kollector|0 fnt\n|faint|p2a: The Kollector\n|-damage|p1b: rock/paper-type|87/100|[from] item: Life Orb\n|\n|upkeep\n|\n|t:|1788439988\n|switch|p2a: RUGRATS REPTAR|Tyranitar, L50, M|100/100\n|-weather|Sandstorm|[from] ability: Sand Stream|[of] p2a: RUGRATS REPTAR\n|turn|4\n|\n|t:|1788440083\n|move|p2a: RUGRATS REPTAR|Protect|p2a: RUGRATS REPTAR\n|-singleturn|p2a: RUGRATS REPTAR|Protect\n|move|p1a: hey there lil guy|Grass Knot|p2a: RUGRATS REPTAR\n|-activate|p2a: RUGRATS REPTAR|move: Protect\n|move|p1b: rock/paper-type|Bug Bite|p2a: RUGRATS REPTAR\n|-activate|p2a: RUGRATS REPTAR|move: Protect\n|move|p2b: Uncle Iroh|Trick Room|p2b: Uncle Iroh\n|-fieldstart|move: Trick Room|[of] p2b: Uncle Iroh\n|\n|-weather|Sandstorm|[upkeep]\n|-damage|p2b: Uncle Iroh|93/100|[from] Sandstorm\n|-damage|p1a: hey there lil guy|93/100|[from] Sandstorm\n|upkeep\n|turn|5\n|\n|t:|1788440153\n|switch|p2b: BARRY BLASTOISE™|Blastoise, L50, F|81/100\n|move|p1a: hey there lil guy|Protect|p1a: hey there lil guy\n|-singleturn|p1a: hey there lil guy|Protect\n|move|p1b: rock/paper-type|Bullet Punch|p2a: RUGRATS REPTAR\n|-supereffective|p2a: RUGRATS REPTAR|1\n|-damage|p2a: RUGRATS REPTAR|0 fnt\n|faint|p2a: RUGRATS REPTAR\n|-damage|p1b: rock/paper-type|77/100|[from] item: Life Orb\n|\n|-weather|Sandstorm|[upkeep]\n|-damage|p2b: BARRY BLASTOISE™|75/100|[from] Sandstorm\n|-damage|p1a: hey there lil guy|87/100|[from] Sandstorm\n|upkeep\n|\n|t:|1788440164\n|switch|p2a: Uncle Iroh|Sinistcha, L50|93/100\n|-heal|p2b: BARRY BLASTOISE™|100/100|[from] ability: Hospitality|[of] p2a: Uncle Iroh\n|turn|6\n|j| perfect lamppost\n|\n|t:|1788440216\n|move|p2a: Uncle Iroh|Rage Powder|p2a: Uncle Iroh\n|-singleturn|p2a: Uncle Iroh|move: Rage Powder\n|move|p1b: rock/paper-type|Bug Bite|p2a: Uncle Iroh\n|-damage|p2a: Uncle Iroh|0 fnt\n|-enditem|p2a: Uncle Iroh|Occa Berry|[from] stealeat|[move] Bug Bite|[of] p1b: rock/paper-type\n|faint|p2a: Uncle Iroh\n|-damage|p1b: rock/paper-type|67/100|[from] item: Life Orb\n|move|p2b: BARRY BLASTOISE™|Ice Beam|p1a: hey there lil guy\n|-supereffective|p1a: hey there lil guy|2\n|-damage|p1a: hey there lil guy|0 fnt\n|faint|p1a: hey there lil guy\n|\n|-weather|Sandstorm|[upkeep]\n|-damage|p2b: BARRY BLASTOISE™|94/100|[from] Sandstorm\n|upkeep\n|\n|t:|1788440243\n|switch|p1a: Wotter|Samurott-Hisui, L50, M|100/100\n|turn|7\n|\n|t:|1788440258\n|move|p2b: BARRY BLASTOISE™|Protect|p2b: BARRY BLASTOISE™\n|-singleturn|p2b: BARRY BLASTOISE™|Protect\n|move|p1b: rock/paper-type|Bug Bite|p2b: BARRY BLASTOISE™\n|-activate|p2b: BARRY BLASTOISE™|move: Protect\n|move|p1a: Wotter|Sacred Sword|p2b: BARRY BLASTOISE™\n|-activate|p2b: BARRY BLASTOISE™|move: Protect\n|\n|-weather|Sandstorm|[upkeep]\n|-damage|p2b: BARRY BLASTOISE™|88/100|[from] Sandstorm\n|-damage|p1a: Wotter|93/100|[from] Sandstorm\n|upkeep\n|turn|8\n|\n|t:|1788440280\n|move|p1b: rock/paper-type|Bug Bite|p2b: BARRY BLASTOISE™\n|-damage|p2b: BARRY BLASTOISE™|0 fnt\n|faint|p2b: BARRY BLASTOISE™\n|-damage|p1b: rock/paper-type|58/100|[from] item: Life Orb\n|\n|win|TheLastFire925\n||Wizzy0 is ready for game 2.\n||TheLastFire925 is ready for game 2.\n|uhtml|next|Next: <a href=\"/battle-gen9championsvgc2026regmb-2674946550\"><strong>Game 2 of 3</strong></a>\n","uploadtime":1788440393,"views":"11","formatid":"gen9championsvgc2026regmb","rating":null,"private":0,"password":null}