{"id":"gen9championsvgc2026regmbbo3-2673643065","format":"[Gen 9 Champions] VGC 2026 Reg M-B (Bo3)","players":["Miztah Monstur","bernardomgj"],"log":"|j|☆Miztah Monstur\n|j|☆bernardomgj\n|html|<table width=\"100%\"><tr><td align=\"left\">Miztah Monstur</td><td align=\"right\">bernardomgj</tr><tr><td align=\"left\"><i class=\"fa fa-circle\"></i> <i class=\"fa fa-circle-o\"></i> </td><td align=\"right\"><i class=\"fa fa-circle-o\"></i> <i class=\"fa fa-circle\"></i> </tr></table>\n|uhtml|bestof|<h2><strong>Game 3</strong> of <a href=\"/game-bestof3-gen9championsvgc2026regmbbo3-2673639508\">a best-of-3</a></h2>\n|t:|1788225999\n|gametype|doubles\n|player|p1|Miztah Monstur|morty|1069\n|player|p2|bernardomgj|169|1108\n|gen|9\n|tier|[Gen 9 Champions] VGC 2026 Reg M-B (Bo3)\n|rated|\n|rule|Species Clause: Limit one of each Pokémon\n|rule|Item Clause: Limit 1 of each item\n|clearpoke\n|poke|p1|Banette, L50, F|\n|poke|p1|Annihilape, L50, M|\n|poke|p1|Skeledirge, L50, M|\n|poke|p1|Basculegion, L50, M, shiny|\n|poke|p1|Zoroark-Hisui, L50, M, shiny|\n|poke|p1|Dragapult, L50, M|\n|poke|p2|Gallade, L50, M, shiny|\n|poke|p2|Maushold, L50|\n|poke|p2|Raichu, L50, M|\n|poke|p2|Weavile, L50, M|\n|poke|p2|Empoleon, L50, M, shiny|\n|poke|p2|Grimmsnarl, L50, M, shiny|\n|teampreview|4\n|showteam|p1|Banette||Banettite|CursedBody|Poltergeist,SkitterSmack,DestinyBond,Taunt|Adamant||F|||50|]Annihilape||SitrusBerry|Defiant|RageFist,DrainPunch,RockSlide,Protect|Jolly||M|||50|]Skeledirge||ShucaBerry|Unaware|TorchSong,EarthPower,AlluringVoice,Protect|Bold||M|||50|]Basculegion||MysticWater|Adaptability|AquaJet,WaveCrash,LastRespects,Protect|Adamant||M|||50|]Zoroark-Hisui||FocusSash|Illusion|BitterMalice,FocusBlast,SludgeBomb,IcyWind|Timid||M|||50|]Dragapult||DragonFang|ClearBody|DragonDarts,PhantomForce,ThunderWave,Protect|Jolly||M|||50|\n|showteam|p2|Gallade||Galladite|Justified|DrainPunch,RockSlide,ShadowSneak,Protect|Jolly||M|||50|]Maushold||FocusSash|FriendGuard|BeatUp,FollowMe,SuperFang,Protect|Bold|||||50|]Raichu||RaichuniteY|LightningRod|FocusBlast,ZapCannon,Feint,FakeOut|Timid||M|||50|]Weavile||WideLens|Pressure|TripleAxel,KnockOff,FakeOut,LowKick|Jolly||M|||50|]Empoleon||Leftovers|Competitive|HydroPump,FlashCannon,IceBeam,Protect|Bold||M|||50|]Grimmsnarl||LightClay|Prankster|SpiritBreak,LightScreen,Reflect,PartingShot|Careful||M|||50|\n|inactive|Battle timer is ON: inactive players will automatically lose when time's up. (requested by Miztah Monstur)\n|\n|t:|1788226021\n|teamsize|p1|4\n|teamsize|p2|4\n|start\n|switch|p1a: Annihilape|Annihilape, L50, M|100/100\n|switch|p1b: Banette|Banette, L50, F|100/100\n|switch|p2a: Empoleon|Empoleon, L50, M, shiny|100/100\n|switch|p2b: Grimmsnarl|Grimmsnarl, L50, M, shiny|100/100\n|turn|1\n|inactive|Miztah Monstur has 30 seconds left.\n|\n|t:|1788226048\n|move|p2b: Grimmsnarl|Reflect|p2b: Grimmsnarl\n|-sidestart|p2: bernardomgj|Reflect\n|move|p1b: Banette|Bitter Malice|p2a: Empoleon\n|-damage|p2a: Empoleon|68/100\n|-unboost|p2a: Empoleon|atk|1\n|-ability|p2a: Empoleon|Competitive|boost\n|-boost|p2a: Empoleon|spa|2\n|move|p1a: Annihilape|Drain Punch|p2a: Empoleon\n|-supereffective|p2a: Empoleon|1\n|-damage|p2a: Empoleon|31/100\n|move|p2a: Empoleon|Ice Beam|p1b: Banette\n|-damage|p1b: Banette|6/100\n|replace|p1b: Zoroark|Zoroark-Hisui, L50, M, shiny\n|-end|p1b: Zoroark|Illusion\n|\n|-heal|p2a: Empoleon|37/100|[from] item: Leftovers\n|upkeep\n|turn|2\n|inactive|bernardomgj has 30 seconds left.\n|\n|t:|1788226077\n|move|p2a: Empoleon|Protect|p2a: Empoleon\n|-singleturn|p2a: Empoleon|Protect\n|move|p1b: Zoroark|Sludge Bomb|p2b: Grimmsnarl\n|-supereffective|p2b: Grimmsnarl|1\n|-damage|p2b: Grimmsnarl|42/100\n|move|p1a: Annihilape|Rock Slide|p2b: Grimmsnarl|[spread] p2b\n|-activate|p2a: Empoleon|move: Protect\n|-damage|p2b: Grimmsnarl|30/100\n|cant|p2b: Grimmsnarl|flinch\n|\n|-heal|p2a: Empoleon|43/100|[from] item: Leftovers\n|upkeep\n|turn|3\n|inactive|Miztah Monstur has 30 seconds left.\n|\n|t:|1788226110\n|move|p2b: Grimmsnarl|Light Screen|p2b: Grimmsnarl\n|-sidestart|p2: bernardomgj|move: Light Screen\n|move|p1b: Zoroark|Focus Blast|p2a: Empoleon\n|-supereffective|p2a: Empoleon|1\n|-damage|p2a: Empoleon|0 fnt\n|faint|p2a: Empoleon\n|move|p1a: Annihilape|Drain Punch|p2b: Grimmsnarl\n|-damage|p2b: Grimmsnarl|3/100\n|\n|upkeep\n|\n|t:|1788226121\n|switch|p2a: Maushold|Maushold, L50|100/100\n|turn|4\n|\n|t:|1788226129\n|move|p2a: Maushold|Protect|p2a: Maushold\n|-singleturn|p2a: Maushold|Protect\n|move|p1b: Zoroark|Icy Wind|p2a: Maushold|[spread] p2b\n|-activate|p2a: Maushold|move: Protect\n|-damage|p2b: Grimmsnarl|0 fnt\n|faint|p2b: Grimmsnarl\n|move|p1a: Annihilape|Rock Slide|p2a: Maushold\n|-activate|p2a: Maushold|move: Protect\n|\n|upkeep\n|\n|t:|1788226140\n|switch|p2b: Gallade|Gallade, L50, M, shiny|100/100\n|turn|5\n|\n|t:|1788226147\n|move|p2b: Gallade|Shadow Sneak|p1b: Zoroark\n|-immune|p1b: Zoroark\n|move|p1b: Zoroark|Icy Wind|p2a: Maushold|[spread] p2a,p2b\n|-damage|p2a: Maushold|88/100\n|-damage|p2b: Gallade|93/100\n|-unboost|p2a: Maushold|spe|1\n|-unboost|p2b: Gallade|spe|1\n|move|p1a: Annihilape|Drain Punch|p2a: Maushold\n|-supereffective|p2a: Maushold|1\n|-damage|p2a: Maushold|44/100\n|move|p2a: Maushold|Beat Up|p2b: Gallade\n|-damage|p2b: Gallade|91/100\n|-ability|p2b: Gallade|Justified|boost\n|-boost|p2b: Gallade|atk|1\n|-damage|p2b: Gallade|89/100\n|-ability|p2b: Gallade|Justified|boost\n|-boost|p2b: Gallade|atk|1\n|-hitcount|p2b: Gallade|2\n|\n|upkeep\n|turn|6\n|\n|t:|1788226172\n|detailschange|p2b: Gallade|Gallade-Mega, L50, M, shiny\n|-mega|p2b: Gallade|Gallade|Galladite\n|move|p2a: Maushold|Protect|p2a: Maushold\n|-singleturn|p2a: Maushold|Protect\n|move|p1b: Zoroark|Bitter Malice|p2b: Gallade\n|-supereffective|p2b: Gallade|1\n|-damage|p2b: Gallade|49/100\n|-unboost|p2b: Gallade|atk|1\n|move|p1a: Annihilape|Rock Slide|p2b: Gallade|[spread] p2b\n|-activate|p2a: Maushold|move: Protect\n|-resisted|p2b: Gallade|1\n|-damage|p2b: Gallade|44/100\n|move|p2b: Gallade|Rock Slide|p1a: Annihilape|[spread] p1a,p1b\n|-resisted|p1a: Annihilape|1\n|-damage|p1a: Annihilape|82/100\n|-damage|p1b: Zoroark|0 fnt\n|faint|p1b: Zoroark\n|\n|upkeep\n|\n|t:|1788226190\n|switch|p1b: Banette|Banette, L50, F|100/100\n|turn|7\n|\n|t:|1788226209\n|detailschange|p1b: Banette|Banette-Mega, L50, F\n|-mega|p1b: Banette|Banette|Banettite\n|move|p2a: Maushold|Follow Me|p2a: Maushold\n|-singleturn|p2a: Maushold|move: Follow Me\n|move|p2b: Gallade|Shadow Sneak|p1b: Banette\n|-supereffective|p1b: Banette|1\n|-damage|p1b: Banette|40/100\n|move|p1b: Banette|Taunt|p2a: Maushold\n|-start|p2a: Maushold|move: Taunt\n|move|p1a: Annihilape|Rage Fist|p2a: Maushold\n|-immune|p2a: Maushold\n|\n|upkeep\n|turn|8\n|\n|t:|1788226229\n|move|p2b: Gallade|Shadow Sneak|p1a: Annihilape\n|-supereffective|p1a: Annihilape|1\n|-damage|p1a: Annihilape|31/100\n|-enditem|p1a: Annihilape|Sitrus Berry|[eat]\n|-heal|p1a: Annihilape|56/100|[from] item: Sitrus Berry\n|move|p1b: Banette|Destiny Bond|p1b: Banette\n|-singlemove|p1b: Banette|Destiny Bond\n|move|p1a: Annihilape|Rage Fist|p2b: Gallade\n|-supereffective|p2b: Gallade|1\n|-damage|p2b: Gallade|0 fnt\n|faint|p2b: Gallade\n|move|p2a: Maushold|Beat Up|p1b: Banette\n|-supereffective|p1b: Banette|1\n|-damage|p1b: Banette|34/100\n|-hitcount|p1b: Banette|1\n|\n|-sideend|p2: bernardomgj|Reflect\n|upkeep\n|turn|9\n|\n|t:|1788226252\n|move|p1a: Annihilape|Drain Punch|p2a: Maushold\n|-supereffective|p2a: Maushold|1\n|-damage|p2a: Maushold|0 fnt\n|-heal|p1a: Annihilape|78/100|[from] drain|[of] p2a: Maushold\n|faint|p2a: Maushold\n|\n|win|Miztah Monstur\n|raw|Miztah Monstur's rating: 1069 &rarr; <strong>1102</strong><br />(+33 for winning)\n|raw|bernardomgj's rating: 1108 &rarr; <strong>1080</strong><br />(-28 for losing)\n","uploadtime":1788226260,"views":"0","formatid":"gen9championsvgc2026regmbbo3","rating":1080,"private":0,"password":null}