{"id":"gen9championsvgc2026regmbbo3-2673668664","format":"[Gen 9 Champions] VGC 2026 Reg M-B (Bo3)","players":["losandy","artiaxd"],"log":"|j|☆losandy\n|j|☆artiaxd\n|html|<table width=\"100%\"><tr><td align=\"left\">losandy</td><td align=\"right\">artiaxd</tr><tr><td align=\"left\"><i class=\"fa fa-circle-o\"></i> <i class=\"fa fa-circle-o\"></i> </td><td align=\"right\"><i class=\"fa fa-circle-o\"></i> <i class=\"fa fa-circle-o\"></i> </tr></table>\n|uhtml|bestof|<h2><strong>Game 1</strong> of <a href=\"/game-bestof3-gen9championsvgc2026regmbbo3-2673668663\">a best-of-3</a></h2>\n|t:|1788230093\n|gametype|doubles\n|player|p1|losandy|acetrainer-gen4dp|1126\n|player|p2|artiaxd|brycen|1042\n|gen|9\n|tier|[Gen 9 Champions] VGC 2026 Reg M-B (Bo3)\n|rated|\n|rule|Species Clause: Limit one of each Pokémon\n|rule|Item Clause: Limit 1 of each item\n|clearpoke\n|poke|p1|Drampa, L50, M|\n|poke|p1|Staraptor, L50, F|\n|poke|p1|Farigiraf, L50, M|\n|poke|p1|Blastoise, L50, F|\n|poke|p1|Sylveon, L50, F|\n|poke|p1|Torkoal, L50, M|\n|poke|p2|Blastoise, L50, M|\n|poke|p2|Politoed, L50, F, shiny|\n|poke|p2|Archaludon, L50, M|\n|poke|p2|Sableye, L50, F|\n|poke|p2|Starmie, L50|\n|poke|p2|Pelipper, L50, M|\n|teampreview|4\n|showteam|p1|Drampa||Drampanite|CloudNine|DragonPulse,EarthPower,HyperVoice,Protect|Quiet||M|||50|]Staraptor||ChoiceScarf|Intimidate|CloseCombat,FinalGambit,Uturn,DualWingbeat|Adamant||F|||50|]Farigiraf||SitrusBerry|ArmorTail|Thunderbolt,TwinBeam,TrickRoom,Protect|Quiet||M|||50|]Blastoise||IronBall|RainDish|WaterSpout,FakeOut,IceBeam,Protect|Quiet||F|||50|]Sylveon||FairyFeather|Pixilate|HyperVoice,HyperBeam,QuickAttack,Protect|Quiet||F|||50|]Torkoal||Charcoal|Drought|Eruption,EarthPower,WeatherBall,Protect|Quiet||M|||50|\n|showteam|p2|Blastoise||Blastoisinite|Torrent|ShellSmash,WaterSpout,AuraSphere,DarkPulse|Modest||M|||50|]Politoed||SitrusBerry|Drizzle|WeatherBall,Protect,MuddyWater,Encore|Calm||F|||50|]Archaludon||LifeOrb|Stalwart|ElectroShot,DragonPulse,FlashCannon,Protect|Timid||M|||50|]Sableye||DampRock|Prankster|RainDance,FakeOut,Encore,WillOWisp|Careful||F|||50|]Starmie||Starminite|Illuminate|AquaJet,Liquidation,ZenHeadbutt,BulkUp|Jolly|||||50|]Pelipper||FocusSash|Drizzle|Hurricane,Tailwind,WeatherBall,Protect|Modest||M|||50|\n|inactive|Battle timer is ON: inactive players will automatically lose when time's up. (requested by losandy)\n|inactive|artiaxd has 60 seconds left.\n|\n|t:|1788230193\n|teamsize|p1|4\n|teamsize|p2|4\n|start\n|switch|p1a: Staraptor|Staraptor, L50, F|100/100\n|switch|p1b: Farigiraf|Farigiraf, L50, M|100/100\n|switch|p2a: Archaludon|Archaludon, L50, M|100/100\n|switch|p2b: Politoed|Politoed, L50, F, shiny|100/100\n|-ability|p1a: Staraptor|Intimidate|boost\n|-unboost|p2a: Archaludon|atk|1\n|-unboost|p2b: Politoed|atk|1\n|-weather|RainDance|[from] ability: Drizzle|[of] p2b: Politoed\n|turn|1\n|inactive|losandy has 30 seconds left.\n|inactive|artiaxd has 30 seconds left.\n|inactive|artiaxd has 20 seconds left.\n|\n|t:|1788230232\n|move|p2a: Archaludon|Protect|p2a: Archaludon\n|-singleturn|p2a: Archaludon|Protect\n|move|p1a: Staraptor|Final Gambit|p2a: Archaludon\n|-activate|p2a: Archaludon|move: Protect\n|move|p2b: Politoed|Weather Ball|p1b: Farigiraf\n|-damage|p1b: Farigiraf|49/100\n|-enditem|p1b: Farigiraf|Sitrus Berry|[eat]\n|-heal|p1b: Farigiraf|74/100|[from] item: Sitrus Berry\n|move|p1b: Farigiraf|Trick Room|p1b: Farigiraf\n|-fieldstart|move: Trick Room|[of] p1b: Farigiraf\n|\n|-weather|RainDance|[upkeep]\n|upkeep\n|turn|2\n|\n|t:|1788230251\n|switch|p1a: Drampa|Drampa, L50, M|100/100\n|-ability|p1a: Drampa|Cloud Nine\n|move|p1b: Farigiraf|Thunderbolt|p2b: Politoed\n|-supereffective|p2b: Politoed|1\n|-damage|p2b: Politoed|62/100\n|move|p2b: Politoed|Muddy Water|p1b: Farigiraf|[spread] p1a,p1b\n|-resisted|p1a: Drampa|1\n|-damage|p1a: Drampa|89/100\n|-damage|p1b: Farigiraf|50/100g\n|move|p2a: Archaludon|Electro Shot||[still]\n|-prepare|p2a: Archaludon|Electro Shot\n|-boost|p2a: Archaludon|spa|1\n|\n|-weather|RainDance|[upkeep]\n|upkeep\n|turn|3\n|inactive|losandy has 30 seconds left.\n|inactive|losandy has 20 seconds left.\n|\n|t:|1788230287\n|switch|p1b: Sylveon|Sylveon, L50, F|100/100\n|detailschange|p1a: Drampa|Drampa-Mega, L50, M\n|-mega|p1a: Drampa|Drampa|Drampanite\n|move|p1a: Drampa|Earth Power|p2a: Archaludon\n|-supereffective|p2a: Archaludon|1\n|-damage|p2a: Archaludon|0 fnt\n|faint|p2a: Archaludon\n|move|p2b: Politoed|Muddy Water|p1a: Drampa|[spread] p1a,p1b\n|-resisted|p1a: Drampa|1\n|-damage|p1a: Drampa|76/100\n|-damage|p1b: Sylveon|77/100\n|-unboost|p1a: Drampa|accuracy|1\n|-unboost|p1b: Sylveon|accuracy|1\n|\n|-weather|RainDance|[upkeep]\n|upkeep\n|\n|t:|1788230304\n|switch|p2a: Starmie|Starmie, L50|100/100\n|turn|4\n|inactive|artiaxd has 30 seconds left.\n|\n|t:|1788230333\n|switch|p2b: Sableye|Sableye, L50, F|100/100\n|detailschange|p2a: Starmie|Starmie-Mega, L50\n|-mega|p2a: Starmie|Starmie|Starminite\n|move|p1a: Drampa|Hyper Voice|p2a: Starmie|[spread] p2a\n|-immune|p2b: Sableye\n|-damage|p2a: Starmie|40/100\n|move|p1b: Sylveon|Hyper Voice|p2b: Sableye|[spread] p2b\n|-miss|p1b: Sylveon|p2a: Starmie\n|-supereffective|p2b: Sableye|1\n|-damage|p2b: Sableye|0 fnt\n|faint|p2b: Sableye\n|move|p2a: Starmie|Liquidation|p1b: Sylveon\n|-damage|p1b: Sylveon|0 fnt\n|faint|p1b: Sylveon\n|\n|-weather|RainDance|[upkeep]\n|upkeep\n|\n|t:|1788230351\n|switch|p2b: Politoed|Politoed, L50, F, shiny|62/100\n|switch|p1b: Farigiraf|Farigiraf, L50, M|50/100g\n|turn|5\n|\n|t:|1788230371\n|switch|p1b: Staraptor|Staraptor, L50, F|100/100\n|-ability|p1b: Staraptor|Intimidate|boost\n|-unboost|p2a: Starmie|atk|1\n|-unboost|p2b: Politoed|atk|1\n|move|p1a: Drampa|Hyper Voice|p2b: Politoed|[spread] p2a\n|-miss|p1a: Drampa|p2b: Politoed\n|-damage|p2a: Starmie|0 fnt\n|faint|p2a: Starmie\n|move|p2b: Politoed|Weather Ball|p1b: Staraptor\n|-crit|p1b: Staraptor\n|-damage|p1b: Staraptor|0 fnt\n|faint|p1b: Staraptor\n|\n|-weather|none\n|-fieldend|move: Trick Room\n|upkeep\n|\n|t:|1788230383\n|switch|p1b: Farigiraf|Farigiraf, L50, M|50/100g\n|turn|6\n|\n|t:|1788230388\n|move|p2b: Politoed|Protect|p2b: Politoed\n|-singleturn|p2b: Politoed|Protect\n|move|p1b: Farigiraf|Thunderbolt|p2b: Politoed\n|-activate|p2b: Politoed|move: Protect\n|move|p1a: Drampa|Dragon Pulse|p2b: Politoed\n|-activate|p2b: Politoed|move: Protect\n|\n|upkeep\n|turn|7\n|\n|t:|1788230395\n|move|p2b: Politoed|Muddy Water|p1a: Drampa|[spread] p1a,p1b\n|-resisted|p1a: Drampa|1\n|-damage|p1a: Drampa|66/100\n|-damage|p1b: Farigiraf|28/100\n|move|p1b: Farigiraf|Thunderbolt|p2b: Politoed\n|-supereffective|p2b: Politoed|1\n|-damage|p2b: Politoed|28/100\n|-enditem|p2b: Politoed|Sitrus Berry|[eat]\n|-heal|p2b: Politoed|53/100|[from] item: Sitrus Berry\n|move|p1a: Drampa|Dragon Pulse|p2b: Politoed|[miss]\n|-miss|p1a: Drampa|p2b: Politoed\n|\n|upkeep\n|turn|8\n|\n|t:|1788230408\n|move|p2b: Politoed|Muddy Water|p1a: Drampa|[spread] p1a,p1b\n|-resisted|p1a: Drampa|1\n|-damage|p1a: Drampa|56/100\n|-damage|p1b: Farigiraf|6/100\n|move|p1b: Farigiraf|Thunderbolt|p2b: Politoed\n|-supereffective|p2b: Politoed|1\n|-damage|p2b: Politoed|20/100y\n|move|p1a: Drampa|Dragon Pulse|p2b: Politoed|[miss]\n|-miss|p1a: Drampa|p2b: Politoed\n|\n|upkeep\n|turn|9\n|\n|t:|1788230422\n|move|p2b: Politoed|Muddy Water|p1b: Farigiraf|[spread] p1a,p1b\n|-resisted|p1a: Drampa|1\n|-damage|p1a: Drampa|47/100\n|-damage|p1b: Farigiraf|0 fnt\n|-unboost|p1a: Drampa|accuracy|1\n|faint|p1b: Farigiraf\n|-ability|p1a: Drampa|Berserk|boost\n|-boost|p1a: Drampa|spa|1\n|move|p1a: Drampa|Dragon Pulse|p2b: Politoed\n|-damage|p2b: Politoed|0 fnt\n|faint|p2b: Politoed\n|\n|win|losandy\n||losandy is ready for game 2.\n||artiaxd is ready for game 2.\n|uhtml|next|Next: <a href=\"/battle-gen9championsvgc2026regmbbo3-2673670776\"><strong>Game 2 of 3</strong></a>\n","uploadtime":1788230628,"views":"2","formatid":"gen9championsvgc2026regmbbo3","rating":null,"private":0,"password":null}