{"id":"gen9championsvgc2026regmbbo3-2673623658","format":"[Gen 9 Champions] VGC 2026 Reg M-B (Bo3)","players":["sparkbladexd","jpaul2077"],"log":"|j|☆sparkbladexd\n|j|☆jpaul2077\n|html|<table width=\"100%\"><tr><td align=\"left\">sparkbladexd</td><td align=\"right\">jpaul2077</tr><tr><td align=\"left\"><i class=\"fa fa-circle\"></i> <i class=\"fa fa-circle-o\"></i> </td><td align=\"right\"><i class=\"fa fa-circle-o\"></i> <i class=\"fa fa-circle-o\"></i> </tr></table>\n|uhtml|bestof|<h2><strong>Game 2</strong> of <a href=\"/game-bestof3-gen9championsvgc2026regmbbo3-2673622234\">a best-of-3</a></h2>\n|t:|1788222956\n|gametype|doubles\n|player|p1|sparkbladexd|169|\n|player|p2|jpaul2077|riley|\n|gen|9\n|tier|[Gen 9 Champions] VGC 2026 Reg M-B (Bo3)\n|rule|Species Clause: Limit one of each Pokémon\n|rule|Item Clause: Limit 1 of each item\n|raw|<div class=\"infobox\"><details class=\"readmore\" open><summary><strong>1 custom rule:</strong></summary> !Force Open Team Sheets</details></div>\n|clearpoke\n|poke|p1|Archaludon, L50, F|\n|poke|p1|Swampert, L50, F|\n|poke|p1|Pelipper, L50, F|\n|poke|p1|Sableye, L50, M, shiny|\n|poke|p1|Tinkaton, L50, F|\n|poke|p1|Meganium, L50, F|\n|poke|p2|Blastoise, L50, F|\n|poke|p2|Farigiraf, L50, M|\n|poke|p2|Garchomp, L50, M|\n|poke|p2|Toucannon, L50, F|\n|poke|p2|Liepard, L50, F|\n|poke|p2|Crabominable, L50, M|\n|teampreview|4\n|\n|t:|1788222998\n|teamsize|p1|4\n|teamsize|p2|4\n|start\n|switch|p1a: Tinkaton|Tinkaton, L50, F|100/100\n|switch|p1b: Meganium|Meganium, L50, F|100/100\n|switch|p2a: Toucannon|Toucannon, L50, F|100/100\n|switch|p2b: Garchomp|Garchomp, L50, M|100/100\n|-ability|p1a: Tinkaton|Mold Breaker\n|turn|1\n|\n|t:|1788223029\n|detailschange|p1b: Meganium|Meganium-Mega, L50, F\n|-mega|p1b: Meganium|Meganium|Meganiumite\n|-singleturn|p2a: Toucannon|move: Beak Blast\n|move|p1a: Tinkaton|Fake Out|p2a: Toucannon\n|-damage|p2a: Toucannon|81/100\n|-status|p1a: Tinkaton|brn\n|-damage|p1a: Tinkaton|90/100 brn|[from] item: Life Orb\n|move|p2b: Garchomp|Poison Jab|p1b: Meganium\n|-supereffective|p1b: Meganium|2\n|-damage|p1b: Meganium|0 fnt\n|faint|p1b: Meganium\n|-damage|p2b: Garchomp|90/100|[from] item: Life Orb\n|cant|p2a: Toucannon|flinch\n|\n|-damage|p1a: Tinkaton|83/100 brn|[from] brn\n|upkeep\n|\n|t:|1788223060\n|switch|p1b: Sableye|Sableye, L50, M, shiny|100/100\n|turn|2\n|\n|t:|1788223084\n|switch|p2a: Farigiraf|Farigiraf, L50, M|100/100\n|move|p1b: Sableye|Encore||[still]\n|cant|p2a: Farigiraf|ability: Armor Tail|Encore|[of] p1b: Sableye\n|move|p2b: Garchomp|Earthquake|p1b: Sableye|[spread] p2a,p1a,p1b\n|-supereffective|p1a: Tinkaton|1\n|-damage|p2a: Farigiraf|65/100\n|-damage|p1a: Tinkaton|0 fnt\n|-damage|p1b: Sableye|45/100\n|-enditem|p1b: Sableye|Sitrus Berry|[eat]\n|-heal|p1b: Sableye|70/100|[from] item: Sitrus Berry\n|faint|p1a: Tinkaton\n|-damage|p2b: Garchomp|80/100|[from] item: Life Orb\n|\n|upkeep\n|\n|t:|1788223091\n|switch|p1a: Archaludon|Archaludon, L50, F|100/100\n|turn|3\n|\n|t:|1788223118\n|move|p1b: Sableye|Rain Dance|p1b: Sableye\n|-weather|RainDance\n|move|p2b: Garchomp|Earthquake|p1a: Archaludon|[spread] p2a,p1a,p1b\n|-supereffective|p1a: Archaludon|1\n|-crit|p1b: Sableye\n|-damage|p2a: Farigiraf|27/100\n|-damage|p1a: Archaludon|27/100\n|-damage|p1b: Sableye|0 fnt\n|-ability|p1a: Archaludon|Stamina|boost\n|-boost|p1a: Archaludon|def|1\n|faint|p1b: Sableye\n|-damage|p2b: Garchomp|70/100|[from] item: Life Orb\n|move|p1a: Archaludon|Electro Shot||[still]\n|-prepare|p1a: Archaludon|Electro Shot\n|-boost|p1a: Archaludon|spa|1\n|-anim|p1a: Archaludon|Electro Shot|p2a: Farigiraf\n|-crit|p2a: Farigiraf\n|-damage|p2a: Farigiraf|0 fnt\n|faint|p2a: Farigiraf\n|\n|-weather|RainDance|[upkeep]\n|-heal|p1a: Archaludon|33/100|[from] item: Leftovers\n|upkeep\n|\n|t:|1788223137\n|switch|p2a: Toucannon|Toucannon, L50, F|81/100\n|turn|4\n|\n|t:|1788223148\n|-singleturn|p2a: Toucannon|move: Beak Blast\n|move|p1a: Archaludon|Protect|p1a: Archaludon\n|-singleturn|p1a: Archaludon|Protect\n|move|p2b: Garchomp|Earthquake|p1a: Archaludon|[spread] \n|-activate|p1a: Archaludon|move: Protect\n|-immune|p2a: Toucannon\n|move|p2a: Toucannon|Beak Blast|p1a: Archaludon\n|-activate|p1a: Archaludon|move: Protect\n|\n|-weather|RainDance|[upkeep]\n|-heal|p1a: Archaludon|39/100|[from] item: Leftovers\n|upkeep\n|turn|5\n|\n|t:|1788223163\n|move|p2a: Toucannon|Protect|p2a: Toucannon\n|-singleturn|p2a: Toucannon|Protect\n|move|p2b: Garchomp|Earthquake|p1a: Archaludon|[spread] p1a\n|-activate|p2a: Toucannon|move: Protect\n|-supereffective|p1a: Archaludon|1\n|-damage|p1a: Archaludon|0 fnt\n|faint|p1a: Archaludon\n|-damage|p2b: Garchomp|61/100|[from] item: Life Orb\n|\n|win|jpaul2077\n||sparkbladexd is ready for game 3.\n|inactive|jpaul2077 has 30 seconds to confirm battle start!\n||jpaul2077 is ready for game 3.\n|uhtml|next|Next: <a href=\"/battle-gen9championsvgc2026regmbbo3-2673625042\"><strong>Game 3 of 3</strong></a>\n","uploadtime":1788223563,"views":"16","formatid":"gen9championsvgc2026regmbbo3","rating":null,"private":0,"password":null}