{"id":"gen9championsvgc2026regmb-2674433015","format":"[Gen 9 Champions] VGC 2026 Reg M-B","players":["mochabarion","Leocleo"],"log":"|j|☆mochabarion\n|j|☆Leocleo\n|t:|1788359206\n|gametype|doubles\n|player|p1|mochabarion|1|1000\n|player|p2|Leocleo|clair|1100\n|gen|9\n|tier|[Gen 9 Champions] VGC 2026 Reg M-B\n|rated|\n|rule|Species Clause: Limit one of each Pokémon\n|rule|Item Clause: Limit 1 of each item\n|clearpoke\n|poke|p1|Tinkaton, L50, F, shiny|\n|poke|p1|Grimmsnarl, L50, M, shiny|\n|poke|p1|Blastoise, L50, M, shiny|\n|poke|p1|Delphox, L50, M, shiny|\n|poke|p1|Sinistcha-Masterpiece, L50|\n|poke|p1|Sylveon, L50, F, shiny|\n|poke|p2|Whimsicott, L50, F|\n|poke|p2|Malamar, L50, F|\n|poke|p2|Camerupt, L50, F|\n|poke|p2|Torkoal, L50, F|\n|poke|p2|Maushold-Four, L50|\n|poke|p2|Farigiraf, L50, F|\n|teampreview|4\n|inactive|Battle timer is ON: inactive players will automatically lose when time's up. (requested by Leocleo)\nLeocleo rejected open team sheets.\n|\n|t:|1788359221\n|teamsize|p1|4\n|teamsize|p2|4\n|start\n|switch|p1a: CUCK|Sinistcha-Masterpiece, L50|100/100\n|switch|p1b: diet nuke|Blastoise, L50, M, shiny|100/100\n|switch|p2a: Giraf|Farigiraf, L50, F|100/100\n|switch|p2b: Sunny Fella|Torkoal, L50, F|100/100\n|-weather|SunnyDay|[from] ability: Drought|[of] p2b: Sunny Fella\n|turn|1\n|inactive|mochabarion has 30 seconds left.\n|inactive|mochabarion has 20 seconds left.\n|inactive|mochabarion has 15 seconds left.\n|inactive|mochabarion has 10 seconds left.\n|\n|t:|1788359267\n|detailschange|p1b: diet nuke|Blastoise-Mega, L50, M, shiny\n|-mega|p1b: diet nuke|Blastoise|Blastoisinite\n|move|p1b: diet nuke|Fake Out||[still]\n|cant|p2a: Giraf|ability: Armor Tail|Fake Out|[of] p1b: diet nuke\n|move|p1a: CUCK|Matcha Gotcha|p2b: Sunny Fella|[spread] p2a,p2b\n|-resisted|p2b: Sunny Fella|1\n|-damage|p2a: Giraf|81/100\n|-damage|p2b: Sunny Fella|83/100\n|move|p2b: Sunny Fella|Weather Ball|p1a: CUCK\n|-supereffective|p1a: CUCK|1\n|-damage|p1a: CUCK|0 fnt\n|faint|p1a: CUCK\n|move|p2a: Giraf|Trick Room|p2a: Giraf\n|-fieldstart|move: Trick Room|[of] p2a: Giraf\n|\n|-weather|SunnyDay|[upkeep]\n|upkeep\n|\n|t:|1788359284\n|switch|p1a: Blueberry|Sylveon, L50, F, shiny|100/100\n|turn|2\n|\n|t:|1788359300\n|move|p2b: Sunny Fella|Weather Ball|p1a: Blueberry\n|-damage|p1a: Blueberry|53/100\n|move|p1a: Blueberry|Hyper Beam|p2a: Giraf\n|-damage|p2a: Giraf|7/100\n|-mustrecharge|p1a: Blueberry\n|move|p2a: Giraf|Twin Beam|p1b: diet nuke\n|-damage|p1b: diet nuke|86/100\n|-damage|p1b: diet nuke|71/100\n|-hitcount|p1b: diet nuke|2\n|move|p1b: diet nuke|Water Spout|p2b: Sunny Fella|[spread] p2a,p2b\n|-supereffective|p2b: Sunny Fella|1\n|-damage|p2a: Giraf|0 fnt\n|-damage|p2b: Sunny Fella|15/100\n|faint|p2a: Giraf\n|\n|-weather|SunnyDay|[upkeep]\n|upkeep\n|\n|t:|1788359312\n|switch|p2a: Walking Volcano|Camerupt, L50, F|100/100\n|turn|3\n|\n|t:|1788359323\n|detailschange|p2a: Walking Volcano|Camerupt-Mega, L50, F\n|-mega|p2a: Walking Volcano|Camerupt|Cameruptite\n|move|p2a: Walking Volcano|Solar Beam||[still]\n|-prepare|p2a: Walking Volcano|Solar Beam\n|-anim|p2a: Walking Volcano|Solar Beam|p1b: diet nuke\n|-supereffective|p1b: diet nuke|1\n|-damage|p1b: diet nuke|0 fnt\n|faint|p1b: diet nuke\n|move|p2b: Sunny Fella|Weather Ball|p1a: Blueberry\n|-damage|p1a: Blueberry|3/100\n|cant|p1a: Blueberry|recharge\n|\n|-weather|SunnyDay|[upkeep]\n|upkeep\n|\n|t:|1788359334\n|switch|p1b: Bonzi Buddy|Grimmsnarl, L50, M, shiny|100/100\n|turn|4\n|\n|t:|1788359342\n|move|p1b: Bonzi Buddy|Fake Out|p2a: Walking Volcano\n|-damage|p2a: Walking Volcano|87/100\n|move|p1a: Blueberry|Quick Attack|p2b: Sunny Fella\n|-resisted|p2b: Sunny Fella|1\n|-damage|p2b: Sunny Fella|10/100\n|cant|p2a: Walking Volcano|flinch\n|move|p2b: Sunny Fella|Weather Ball|p1a: Blueberry\n|-damage|p1a: Blueberry|0 fnt\n|faint|p1a: Blueberry\n|\n|-weather|SunnyDay|[upkeep]\n|upkeep\n|turn|5\n|c|☆mochabarion|uh\n|c|☆mochabarion|um\n|c|☆mochabarion|welp\n|\n|t:|1788359365\n|move|p1b: Bonzi Buddy|Reflect|p1b: Bonzi Buddy\n|-sidestart|p1: mochabarion|Reflect\n|move|p2a: Walking Volcano|Eruption|p1b: Bonzi Buddy\n|-damage|p1b: Bonzi Buddy|0 fnt\n|faint|p1b: Bonzi Buddy\n|\n|win|Leocleo\n|raw|mochabarion's rating: 1000 &rarr; <strong>1000</strong><br />(+0 for losing)\n|raw|Leocleo's rating: 1100 &rarr; <strong>1118</strong><br />(+18 for winning)\n|c|☆Leocleo|It is what it is\n|c|☆Leocleo|gg\n|c|☆mochabarion|at least its a unique team\n|c|☆mochabarion|i cant be too mad\n|c|☆Leocleo|It most defintely was\n|c|☆Leocleo|good luck in future matches\n|c|☆mochabarion|thanks!\n|l|☆mochabarion\n|player|p1|\n","uploadtime":1788359496,"views":"13","formatid":"gen9championsvgc2026regmb","rating":1000,"private":0,"password":null}