{"id":"gen9championsvgc2026regmbbo3-2674774761","format":"[Gen 9 Champions] VGC 2026 Reg M-B (Bo3)","players":["palgino","bernardomgj"],"log":"|j|☆palgino\n|j|☆bernardomgj\n|html|<table width=\"100%\"><tr><td align=\"left\">palgino</td><td align=\"right\">bernardomgj</tr><tr><td align=\"left\"><i class=\"fa fa-circle\"></i> <i class=\"fa fa-circle-o\"></i> </td><td align=\"right\"><i class=\"fa fa-circle-o\"></i> <i class=\"fa fa-circle\"></i> </tr></table>\n|uhtml|bestof|<h2><strong>Game 3</strong> of <a href=\"/game-bestof3-gen9championsvgc2026regmbbo3-2674770867\">a best-of-3</a></h2>\n|t:|1788404301\n|gametype|doubles\n|player|p1|palgino|266|1000\n|player|p2|bernardomgj|266|1038\n|gen|9\n|tier|[Gen 9 Champions] VGC 2026 Reg M-B (Bo3)\n|rated|\n|rule|Species Clause: Limit one of each Pokémon\n|rule|Item Clause: Limit 1 of each item\n|clearpoke\n|poke|p1|Dragapult, L50, M|\n|poke|p1|Incineroar, L50, M|\n|poke|p1|Chandelure, L50, M|\n|poke|p1|Scovillain, L50, F|\n|poke|p1|Garchomp, L50, M|\n|poke|p1|Whimsicott, L50, F|\n|poke|p2|Gallade, L50, M|\n|poke|p2|Staraptor, L50, F|\n|poke|p2|Mawile, L50, M|\n|poke|p2|Farigiraf, L50, F|\n|poke|p2|Lycanroc-Dusk, L50, M|\n|poke|p2|Milotic, L50, M|\n|teampreview|4\n|showteam|p1|Dragapult||FocusSash|ClearBody|DragonDarts,Protect,Uturn,PhantomForce|Jolly||M|||50|]Incineroar||SitrusBerry|Intimidate|FakeOut,PartingShot,FlareBlitz,DarkestLariat|Adamant||M|||50|]Chandelure||Chandelurite|FlameBody|EnergyBall,HeatWave,ShadowBall,Protect|Modest||M|||50|]Scovillain||Scovillainite|Moody|SunnyDay,Protect,BurningJealousy,GigaDrain|Modest||F|||50|]Garchomp||LifeOrb|RoughSkin|Earthquake,Protect,DragonClaw,RockSlide|Jolly||M|||50|]Whimsicott||Leftovers|Prankster|Taunt,Encore,Tailwind,Protect|Calm||F|||50|\n|showteam|p2|Gallade||LifeOrb|Sharpness|LeafBlade,PsychoCut,SacredSword,Protect|Adamant||M|||50|]Staraptor||Staraptite|Intimidate|CloseCombat,DualWingbeat,Tailwind,Protect|Jolly||F|||50|]Mawile||Mawilite|Intimidate|PlayRough,IronHead,SuckerPunch,Protect|Adamant||M|||50|]Farigiraf||ColburBerry|ArmorTail|Psychic,HelpingHand,TrickRoom,Protect|Calm||F|||50|]Lycanroc-Dusk||FocusSash|ToughClaws|Accelerock,CloseCombat,IronHead,Protect|Jolly||M|||50|]Milotic||Leftovers|Competitive|Scald,IceBeam,Recover,Protect|Bold||M|||50|\n|inactive|Battle timer is ON: inactive players will automatically lose when time's up. (requested by palgino)\n|inactive|bernardomgj has 60 seconds left.\n|\n|t:|1788404336\n|teamsize|p1|4\n|teamsize|p2|4\n|start\n|switch|p1a: Whimsicott|Whimsicott, L50, F|100/100\n|switch|p1b: Scovillain|Scovillain, L50, F|100/100\n|switch|p2a: Lycanroc|Lycanroc-Dusk, L50, M|100/100\n|switch|p2b: Staraptor|Staraptor, L50, F|100/100\n|-ability|p2b: Staraptor|Intimidate|boost\n|-unboost|p1a: Whimsicott|atk|1\n|-unboost|p1b: Scovillain|atk|1\n|turn|1\n|\n|t:|1788404353\n|detailschange|p2b: Staraptor|Staraptor-Mega, L50, F\n|-mega|p2b: Staraptor|Staraptor|Staraptite\n|detailschange|p1b: Scovillain|Scovillain-Mega, L50, F\n|-mega|p1b: Scovillain|Scovillain|Scovillainite\n|move|p1a: Whimsicott|Tailwind|p1a: Whimsicott\n|-sidestart|p1: palgino|move: Tailwind\n|move|p1b: Scovillain|Sunny Day|p1b: Scovillain\n|-weather|SunnyDay\n|move|p2a: Lycanroc|Iron Head|p1a: Whimsicott\n|-supereffective|p1a: Whimsicott|1\n|-damage|p1a: Whimsicott|27/100\n|move|p2b: Staraptor|Tailwind|p2b: Staraptor\n|-sidestart|p2: bernardomgj|move: Tailwind\n|\n|-weather|SunnyDay|[upkeep]\n|-heal|p1a: Whimsicott|33/100|[from] item: Leftovers\n|upkeep\n|turn|2\n|inactive|bernardomgj has 30 seconds left.\n|\n|t:|1788404383\n|move|p2a: Lycanroc|Accelerock|p1b: Scovillain\n|-supereffective|p1b: Scovillain|1\n|-damage|p1b: Scovillain|44/100\n|-status|p2a: Lycanroc|brn|[from] ability: Spicy Spray|[of] p1b: Scovillain\n|move|p1a: Whimsicott|Encore|p2b: Staraptor\n|-start|p2b: Staraptor|Encore\n|move|p2b: Staraptor|Tailwind||[still]\n|-fail|p2b: Staraptor\n|move|p1b: Scovillain|Giga Drain|p2a: Lycanroc\n|-supereffective|p2a: Lycanroc|1\n|-enditem|p2a: Lycanroc|Focus Sash\n|-damage|p2a: Lycanroc|1/100 brn\n|-heal|p1b: Scovillain|88/100|[from] drain|[of] p2a: Lycanroc\n|\n|-weather|SunnyDay|[upkeep]\n|-heal|p1a: Whimsicott|39/100|[from] item: Leftovers\n|-damage|p2a: Lycanroc|0 fnt|[from] brn\n|faint|p2a: Lycanroc\n|upkeep\n|\n|t:|1788404399\n|switch|p2a: Gallade|Gallade, L50, M|100/100\n|turn|3\n|\n|t:|1788404415\n|switch|p2b: Milotic|Milotic, L50, M|100/100\n|move|p1a: Whimsicott|Protect|p1a: Whimsicott\n|-singleturn|p1a: Whimsicott|Protect\n|move|p2a: Gallade|Sacred Sword|p1b: Scovillain\n|-damage|p1b: Scovillain|0 fnt\n|-status|p2a: Gallade|brn|[from] ability: Spicy Spray|[of] p1b: Scovillain\n|faint|p1b: Scovillain\n|-damage|p2a: Gallade|90/100 brn|[from] item: Life Orb\n|\n|-weather|SunnyDay|[upkeep]\n|-heal|p1a: Whimsicott|45/100|[from] item: Leftovers\n|-damage|p2a: Gallade|84/100 brn|[from] brn\n|upkeep\n|\n|t:|1788404431\n|switch|p1b: Dragapult|Dragapult, L50, M|100/100\n|turn|4\n|\n|t:|1788404440\n|move|p1a: Whimsicott|Taunt|p2b: Milotic\n|-start|p2b: Milotic|move: Taunt\n|move|p1b: Dragapult|Phantom Force||[still]\n|-prepare|p1b: Dragapult|Phantom Force\n|move|p2b: Milotic|Ice Beam|p1b: Dragapult|[miss]\n|-miss|p2b: Milotic|p1b: Dragapult\n|move|p2a: Gallade|Psycho Cut|p1a: Whimsicott\n|-damage|p1a: Whimsicott|0 fnt\n|faint|p1a: Whimsicott\n|-damage|p2a: Gallade|74/100 brn|[from] item: Life Orb\n|\n|-weather|SunnyDay|[upkeep]\n|-damage|p2a: Gallade|69/100 brn|[from] brn\n|-sideend|p2: bernardomgj|move: Tailwind\n|-sideend|p1: palgino|move: Tailwind\n|upkeep\n|\n|t:|1788404456\n|switch|p1a: Incineroar|Incineroar, L50, M|100/100\n|-ability|p1a: Incineroar|Intimidate|boost\n|-unboost|p2a: Gallade|atk|1\n|-unboost|p2b: Milotic|atk|1\n|-ability|p2b: Milotic|Competitive|boost\n|-boost|p2b: Milotic|spa|2\n|turn|5\n|\n|t:|1788404465\n|switch|p2a: Staraptor|Staraptor-Mega, L50, F|100/100\n|move|p1a: Incineroar|Fake Out|p2b: Milotic\n|-damage|p2b: Milotic|86/100\n|move|p1b: Dragapult|Phantom Force|p2a: Staraptor|[from] lockedmove\n|-damage|p2a: Staraptor|54/100\n|cant|p2b: Milotic|flinch\n|\n|-weather|none\n|-heal|p2b: Milotic|92/100|[from] item: Leftovers\n|upkeep\n|turn|6\n|inactive|palgino has 30 seconds left.\n|\n|t:|1788404493\n|move|p1b: Dragapult|Protect|p1b: Dragapult\n|-singleturn|p1b: Dragapult|Protect\n|move|p2a: Staraptor|Close Combat|p1a: Incineroar\n|-supereffective|p1a: Incineroar|1\n|-damage|p1a: Incineroar|0 fnt\n|-boost|p2a: Staraptor|def|1\n|-boost|p2a: Staraptor|spd|1\n|faint|p1a: Incineroar\n|move|p2b: Milotic|Ice Beam|p1b: Dragapult\n|-activate|p1b: Dragapult|move: Protect\n|\n|-heal|p2b: Milotic|98/100|[from] item: Leftovers\n|-end|p2b: Milotic|move: Taunt\n|upkeep\n|turn|7\n|\n|t:|1788404511\n|move|p1b: Dragapult|Dragon Darts|p2a: Staraptor\n|-damage|p2a: Staraptor|37/100\n|-anim|p1b: Dragapult|Dragon Darts|p2b: Milotic\n|-damage|p2b: Milotic|74/100\n|move|p2a: Staraptor|Dual Wingbeat|p1b: Dragapult\n|-damage|p1b: Dragapult|72/100\n|-damage|p1b: Dragapult|44/100\n|-hitcount|p1b: Dragapult|2\n|move|p2b: Milotic|Ice Beam|p1b: Dragapult\n|-supereffective|p1b: Dragapult|1\n|-damage|p1b: Dragapult|0 fnt\n|faint|p1b: Dragapult\n|\n|win|bernardomgj\n|raw|palgino's rating: 1000 &rarr; <strong>1000</strong><br />(+0 for losing)\n|raw|bernardomgj's rating: 1038 &rarr; <strong>1069</strong><br />(+31 for winning)\n","uploadtime":1788404524,"views":"0","formatid":"gen9championsvgc2026regmbbo3","rating":1000,"private":0,"password":null}