{"id":"gen9championsvgc2026regmb-2674483611","format":"[Gen 9 Champions] VGC 2026 Reg M-B","players":["Leneerprompejenta","Twiggy154"],"log":"|j|☆Leneerprompejenta\n|j|‽Twiggy154\n|t:|1788365159\n|gametype|doubles\n|player|p1|Leneerprompejenta|266|1088\n|player|p2|Twiggy154|alder|1176\n|gen|9\n|tier|[Gen 9 Champions] VGC 2026 Reg M-B\n|rated|\n|rule|Species Clause: Limit one of each Pokémon\n|rule|Item Clause: Limit 1 of each item\n|clearpoke\n|poke|p1|Archaludon, L50, M|\n|poke|p1|Sneasler, L50, F|\n|poke|p1|Corviknight, L50, F|\n|poke|p1|Politoed, L50, M|\n|poke|p1|Banette, L50, M|\n|poke|p1|Sylveon, L50, M|\n|poke|p2|Goodra-Hisui, L50, M, shiny|\n|poke|p2|Oranguru, L50, F, shiny|\n|poke|p2|Scovillain, L50, M, shiny|\n|poke|p2|Alcremie-Rainbow-Swirl, L50, F|\n|poke|p2|Araquanid, L50, F|\n|poke|p2|Spiritomb, L50, M|\n|teampreview|4\n|inactive|Battle timer is ON: inactive players will automatically lose when time's up. (requested by Twiggy154)\nTwiggy154 rejected open team sheets.\n|inactive|Leneerprompejenta has 60 seconds left.\n|\n|t:|1788365208\n|teamsize|p1|4\n|teamsize|p2|4\n|start\n|switch|p1a: Sneasler|Sneasler, L50, F|100/100\n|switch|p1b: Banette|Banette, L50, M|100/100\n|switch|p2a: Oranguru|Oranguru, L50, F, shiny|100/100\n|switch|p2b: Alcremie|Alcremie-Rainbow-Swirl, L50, F|100/100\n|-item|p2a: Oranguru|Colbur Berry|[from] ability: Frisk|[of] p1b: Banette\n|-item|p2b: Alcremie|Sitrus Berry|[from] ability: Frisk|[of] p1b: Banette\n|turn|1\n|inactive|Leneerprompejenta has 30 seconds left.\n|\n|t:|1788365235\n|detailschange|p1b: Banette|Banette-Mega, L50, M\n|-mega|p1b: Banette|Banette|Banettite\n|move|p1b: Banette|Swagger|p1a: Sneasler\n|-boost|p1a: Sneasler|atk|2\n|-start|p1a: Sneasler|confusion\n|-enditem|p1a: Sneasler|Lum Berry|[eat]\n|-end|p1a: Sneasler|confusion\n|move|p2b: Alcremie|Baby-Doll Eyes|p1a: Sneasler\n|-unboost|p1a: Sneasler|atk|1\n|move|p1a: Sneasler|Throat Chop|p2a: Oranguru\n|-supereffective|p2a: Oranguru|1\n|-enditem|p2a: Oranguru|Colbur Berry|[eat]\n|-enditem|p2a: Oranguru|Colbur Berry|[weaken]\n|-damage|p2a: Oranguru|62/100\n|-start|p2a: Oranguru|Throat Chop|[silent]\n|move|p2a: Oranguru|Trick Room|p2a: Oranguru\n|-fieldstart|move: Trick Room|[of] p2a: Oranguru\n|\n|upkeep\n|turn|2\n|inactive|Leneerprompejenta has 30 seconds left.\n|\n|t:|1788365261\n|move|p2b: Alcremie|Mystical Fire|p1a: Sneasler\n|-damage|p1a: Sneasler|76/100\n|-unboost|p1a: Sneasler|spa|1\n|move|p2a: Oranguru|Psychic|p1a: Sneasler\n|-supereffective|p1a: Sneasler|2\n|-damage|p1a: Sneasler|0 fnt\n|faint|p1a: Sneasler\n|move|p1b: Banette|Poltergeist|p2b: Alcremie\n|-activate|p2b: Alcremie|move: Poltergeist|Sitrus Berry\n|-damage|p2b: Alcremie|46/100\n|-enditem|p2b: Alcremie|Sitrus Berry|[eat]\n|-heal|p2b: Alcremie|71/100|[from] item: Sitrus Berry\n|\n|-end|p2a: Oranguru|Throat Chop|[silent]\n|upkeep\n|\n|t:|1788365277\n|switch|p1a: Archaludon|Archaludon, L50, M|100/100\n|turn|3\n|\n|t:|1788365290\n|move|p1b: Banette|Destiny Bond|p1b: Banette\n|-singlemove|p1b: Banette|Destiny Bond\n|move|p2b: Alcremie|Mystical Fire|p1a: Archaludon\n|-damage|p1a: Archaludon|82/100\n|-unboost|p1a: Archaludon|spa|1\n|-ability|p1a: Archaludon|Stamina|boost\n|-boost|p1a: Archaludon|def|1\n|move|p2a: Oranguru|Instruct|p2b: Alcremie\n|-singleturn|p2b: Alcremie|move: Instruct|[of] p2a: Oranguru\n|move|p2b: Alcremie|Mystical Fire|p1a: Archaludon\n|-damage|p1a: Archaludon|63/100\n|-unboost|p1a: Archaludon|spa|1\n|-ability|p1a: Archaludon|Stamina|boost\n|-boost|p1a: Archaludon|def|1\n|move|p1a: Archaludon|Flash Cannon|p2b: Alcremie\n|-supereffective|p2b: Alcremie|1\n|-damage|p2b: Alcremie|35/100\n|\n|-heal|p1a: Archaludon|70/100|[from] item: Leftovers\n|upkeep\n|turn|4\n|\n|t:|1788365315\n|switch|p2a: Goodra|Goodra-Hisui, L50, M, shiny|100/100\n|move|p1b: Banette|Swagger|p1a: Archaludon\n|-boost|p1a: Archaludon|atk|2\n|-start|p1a: Archaludon|confusion\n|move|p2b: Alcremie|Decorate|p2a: Goodra\n|-boost|p2a: Goodra|atk|2\n|-boost|p2a: Goodra|spa|2\n|-activate|p1a: Archaludon|confusion\n|-damage|p1a: Archaludon|62/100|[from] confusion\n|\n|-heal|p1a: Archaludon|69/100|[from] item: Leftovers\n|upkeep\n|turn|5\n|\n|t:|1788365333\n|move|p2b: Alcremie|Helping Hand|p2a: Goodra\n|-singleturn|p2a: Goodra|Helping Hand|[of] p2b: Alcremie\n|move|p2a: Goodra|Dragon Pulse|p1a: Archaludon\n|-damage|p1a: Archaludon|0 fnt\n|faint|p1a: Archaludon\n|move|p1b: Banette|Trick Room|p1b: Banette\n|-fieldend|move: Trick Room\n|\n|upkeep\n|-message|Leneerprompejenta forfeited.\n|\n|win|Twiggy154\n|raw|Leneerprompejenta's rating: 1088 &rarr; <strong>1071</strong><br />(-17 for losing)\n|raw|Twiggy154's rating: 1176 &rarr; <strong>1195</strong><br />(+19 for winning)\n|l|☆Leneerprompejenta\n|player|p1|\n","uploadtime":1788365363,"views":"18","formatid":"gen9championsvgc2026regmb","rating":1071,"private":0,"password":null}