{"id":"gen9championsvgc2026regmb-2674659298","format":"[Gen 9 Champions] VGC 2026 Reg M-B","players":["gonegeb","Sampsonwildbeast"],"log":"|j|☆gonegeb\n|j|☆Sampsonwildbeast\n|t:|1788386401\n|gametype|doubles\n|player|p1|gonegeb|corbeau|1341\n|player|p2|Sampsonwildbeast|169|1458\n|gen|9\n|tier|[Gen 9 Champions] VGC 2026 Reg M-B\n|rated|\n|rule|Species Clause: Limit one of each Pokémon\n|rule|Item Clause: Limit 1 of each item\n|clearpoke\n|poke|p1|Lucario, L50, M|\n|poke|p1|Umbreon, L50, M, shiny|\n|poke|p1|Arcanine-Hisui, L50, M, shiny|\n|poke|p1|Ceruledge, L50, M|\n|poke|p1|Corviknight, L50, M|\n|poke|p1|Whimsicott, L50, F, shiny|\n|poke|p2|Staraptor, L50, M|\n|poke|p2|Delphox, L50, M|\n|poke|p2|Kingambit, L50, F|\n|poke|p2|Whimsicott, L50, M|\n|poke|p2|Glimmora, L50, F|\n|poke|p2|Basculegion, L50, M|\n|teampreview|4\n|\n|t:|1788386422\n|teamsize|p1|4\n|teamsize|p2|4\n|start\n|switch|p1a: Lucario|Lucario, L50, M|100/100\n|switch|p1b: Whimsicott|Whimsicott, L50, F, shiny|100/100\n|switch|p2a: Staraptor|Staraptor, L50, M|100/100\n|switch|p2b: Whimsicott|Whimsicott, L50, M|100/100\n|-ability|p2a: Staraptor|Intimidate|boost\n|-fail|p1a: Lucario|unboost|atk|[from] ability: Inner Focus|[of] p1a: Lucario\n|-unboost|p1b: Whimsicott|atk|1\n|turn|1\n|\n|t:|1788386445\n|detailschange|p1a: Lucario|Lucario-Mega, L50, M\n|-mega|p1a: Lucario|Lucario|Lucarionite\n|detailschange|p2a: Staraptor|Staraptor-Mega, L50, M\n|-mega|p2a: Staraptor|Staraptor|Staraptite\n|move|p1a: Lucario|Detect|p1a: Lucario\n|-singleturn|p1a: Lucario|Protect\n|move|p1b: Whimsicott|Taunt|p2b: Whimsicott\n|-start|p2b: Whimsicott|move: Taunt\n|cant|p2b: Whimsicott|move: Taunt|Light Screen\n|move|p2a: Staraptor|Close Combat|p1a: Lucario\n|-activate|p1a: Lucario|move: Protect\n|\n|upkeep\n|turn|2\n|\n|t:|1788386468\n|switch|p2b: Kingambit|Kingambit, L50, F|100/100\n|move|p1a: Lucario|Meteor Mash|p2a: Staraptor\n|-damage|p2a: Staraptor|35/100\n|move|p1b: Whimsicott|Moonblast|p2a: Staraptor\n|-supereffective|p2a: Staraptor|1\n|-damage|p2a: Staraptor|0 fnt\n|faint|p2a: Staraptor\n|\n|upkeep\n|\n|t:|1788386481\n|switch|p2a: Glimmora|Glimmora, L50, F|100/100\n|turn|3\n|\n|t:|1788386492\n|move|p1a: Lucario|Meteor Mash|p2a: Glimmora\n|-supereffective|p2a: Glimmora|1\n|-enditem|p2a: Glimmora|Focus Sash\n|-damage|p2a: Glimmora|1/100\n|-activate|p2a: Glimmora|ability: Toxic Debris\n|-sidestart|p1: gonegeb|move: Toxic Spikes\n|move|p1b: Whimsicott|Grass Knot|p2a: Glimmora\n|-damage|p2a: Glimmora|0 fnt\n|faint|p2a: Glimmora\n|move|p2b: Kingambit|Iron Head|p1b: Whimsicott\n|-supereffective|p1b: Whimsicott|1\n|-damage|p1b: Whimsicott|0 fnt\n|faint|p1b: Whimsicott\n|\n|upkeep\n|\n|t:|1788386506\n|switch|p1b: Arcanine|Arcanine-Hisui, L50, M, shiny|100/100\n|switch|p2a: Whimsicott|Whimsicott, L50, M|100/100\n|-status|p1b: Arcanine|psn\n|turn|4\n|\n|t:|1788386521\n|move|p2a: Whimsicott|Charm|p1b: Arcanine\n|-unboost|p1b: Arcanine|atk|2\n|move|p1a: Lucario|Meteor Mash|p2a: Whimsicott\n|-supereffective|p2a: Whimsicott|1\n|-damage|p2a: Whimsicott|0 fnt\n|-boost|p1a: Lucario|atk|1\n|faint|p2a: Whimsicott\n|move|p1b: Arcanine|Flare Blitz|p2b: Kingambit\n|-supereffective|p2b: Kingambit|1\n|-damage|p2b: Kingambit|49/100\n|move|p2b: Kingambit|Low Kick|p1a: Lucario\n|-supereffective|p1a: Lucario|1\n|-damage|p1a: Lucario|11/100\n|\n|-damage|p1b: Arcanine|87/100 psn|[from] psn\n|upkeep\n|turn|5\n|c|☆gonegeb|gg\n|\n|t:|1788386541\n|move|p1a: Lucario|Close Combat|p2b: Kingambit\n|-supereffective|p2b: Kingambit|2\n|-enditem|p2b: Kingambit|Chople Berry|[eat]\n|-enditem|p2b: Kingambit|Chople Berry|[weaken]\n|-damage|p2b: Kingambit|0 fnt\n|-unboost|p1a: Lucario|def|1\n|-unboost|p1a: Lucario|spd|1\n|faint|p2b: Kingambit\n|\n|win|gonegeb\n|raw|gonegeb's rating: 1341 &rarr; <strong>1367</strong><br />(+26 for winning)\n|raw|Sampsonwildbeast's rating: 1458 &rarr; <strong>1432</strong><br />(-26 for losing)\n","uploadtime":1788386549,"views":"0","formatid":"gen9championsvgc2026regmb","rating":1367,"private":0,"password":null}