{"id":"gen9championsvgc2026regmbbo3-2673428361","format":"[Gen 9 Champions] VGC 2026 Reg M-B (Bo3)","players":["Nephele-13","jeanryupr"],"log":"|j|☆Nephele-13\n|j|☆jeanryupr\n|html|<table width=\"100%\"><tr><td align=\"left\">Nephele-13</td><td align=\"right\">jeanryupr</tr><tr><td align=\"left\"><i class=\"fa fa-circle\"></i> <i class=\"fa fa-circle-o\"></i> </td><td align=\"right\"><i class=\"fa fa-circle-o\"></i> <i class=\"fa fa-circle-o\"></i> </tr></table>\n|uhtml|bestof|<h2><strong>Game 2</strong> of <a href=\"/game-bestof3-gen9championsvgc2026regmbbo3-2673425398\">a best-of-3</a></h2>\n|t:|1788196618\n|gametype|doubles\n|player|p1|Nephele-13|roxie|1232\n|player|p2|jeanryupr|265|1319\n|gen|9\n|tier|[Gen 9 Champions] VGC 2026 Reg M-B (Bo3)\n|rated|\n|rule|Species Clause: Limit one of each Pokémon\n|rule|Item Clause: Limit 1 of each item\n|clearpoke\n|poke|p1|Delphox, L50, M|\n|poke|p1|Floette-Eternal, L50, F|\n|poke|p1|Incineroar, L50, F|\n|poke|p1|Sneasler, L50, M|\n|poke|p1|Sinistcha, L50|\n|poke|p1|Samurott-Hisui, L50, F|\n|poke|p2|Scovillain, L50, M, shiny|\n|poke|p2|Basculegion, L50, M|\n|poke|p2|Kingambit, L50, M|\n|poke|p2|Sneasler, L50, M|\n|poke|p2|Lycanroc-Dusk, L50, F|\n|poke|p2|Froslass, L50, F|\n|teampreview|4\n|showteam|p1|Delphox||Delphoxite|Blaze|HeatWave,Psychic,NastyPlot,Protect|Timid||M|||50|]Floette-Eternal||Floettite|FlowerVeil|Moonblast,CalmMind,DazzlingGleam,Protect|Modest||F|||50|]Incineroar||SitrusBerry|Intimidate|FakeOut,FlareBlitz,DarkestLariat,PartingShot|Careful||F|||50|]Sneasler||FocusSash|PoisonTouch|FakeOut,QuickGuard,PoisonJab,CloseCombat|Jolly||M|||50|]Sinistcha||OccaBerry|Hospitality|Protect,MatchaGotcha,RagePowder,LifeDew|Relaxed|||||50|]Samurott-Hisui||ChoiceScarf|Sharpness|RazorShell,NightSlash,SacredSword,FlipTurn|Jolly||F|||50|\n|showteam|p2|Scovillain||Scovillainite|Moody|GigaDrain,Overheat,RagePowder,Protect|Bold||M|||50|]Basculegion||LifeOrb|Adaptability|WaveCrash,LastRespects,AquaJet,Protect|Adamant||M|||50|]Kingambit||BlackGlasses|Defiant|KowtowCleave,SuckerPunch,SwordsDance,Protect|Adamant||M|||50|]Sneasler||WhiteHerb|Unburden|CloseCombat,DireClaw,Protect,FakeOut|Adamant||M|||50|]Lycanroc-Dusk||FocusSash|ToughClaws|CloseCombat,Accelerock,RockSlide,Protect|Adamant||F|||50|]Froslass||Froslassite|CursedBody|Blizzard,ShadowBall,AuroraVeil,Protect|Timid||F|||50|\n|\n|t:|1788196660\n|teamsize|p1|4\n|teamsize|p2|4\n|start\n|switch|p1a: Delphox|Delphox, L50, M|100/100\n|switch|p1b: Sinistcha|Sinistcha, L50|100/100\n|switch|p2a: Scovillain|Scovillain, L50, M, shiny|100/100\n|switch|p2b: Basculegion|Basculegion, L50, M|100/100\n|turn|1\n|inactive|Battle timer is ON: inactive players will automatically lose when time's up. (requested by Nephele-13)\n|\n|t:|1788196699\n|detailschange|p1a: Delphox|Delphox-Mega, L50, M\n|-mega|p1a: Delphox|Delphox|Delphoxite\n|detailschange|p2a: Scovillain|Scovillain-Mega, L50, M, shiny\n|-mega|p2a: Scovillain|Scovillain|Scovillainite\n|move|p1b: Sinistcha|Rage Powder|p1b: Sinistcha\n|-singleturn|p1b: Sinistcha|move: Rage Powder\n|move|p1a: Delphox|Nasty Plot|p1a: Delphox\n|-boost|p1a: Delphox|spa|2\n|move|p2b: Basculegion|Last Respects|p1b: Sinistcha\n|-supereffective|p1b: Sinistcha|1\n|-damage|p1b: Sinistcha|32/100\n|-damage|p2b: Basculegion|90/100|[from] item: Life Orb\n|move|p2a: Scovillain|Overheat|p1b: Sinistcha\n|-supereffective|p1b: Sinistcha|1\n|-enditem|p1b: Sinistcha|Occa Berry|[eat]\n|-enditem|p1b: Sinistcha|Occa Berry|[weaken]\n|-damage|p1b: Sinistcha|0 fnt\n|-unboost|p2a: Scovillain|spa|2\n|faint|p1b: Sinistcha\n|\n|upkeep\n|\n|t:|1788196719\n|switch|p1b: Sneasler|Sneasler, L50, M|100/100\n|turn|2\n|\n|t:|1788196733\n|move|p2b: Basculegion|Protect|p2b: Basculegion\n|-singleturn|p2b: Basculegion|Protect\n|move|p2a: Scovillain|Protect|p2a: Scovillain\n|-singleturn|p2a: Scovillain|Protect\n|move|p1b: Sneasler|Quick Guard|p1b: Sneasler\n|-singleturn|p1b: Sneasler|Quick Guard\n|move|p1a: Delphox|Heat Wave|p2b: Basculegion|[spread] \n|-activate|p2a: Scovillain|move: Protect\n|-activate|p2b: Basculegion|move: Protect\n|\n|upkeep\n|turn|3\n|\n|t:|1788196747\n|move|p1b: Sneasler|Quick Guard|p1b: Sneasler\n|-singleturn|p1b: Sneasler|Quick Guard\n|move|p2a: Scovillain|Rage Powder|p2a: Scovillain\n|-singleturn|p2a: Scovillain|move: Rage Powder\n|move|p1a: Delphox|Heat Wave|p2b: Basculegion|[spread] p2a,p2b\n|-resisted|p2b: Basculegion|1\n|-damage|p2a: Scovillain|22/100\n|-damage|p2b: Basculegion|46/100\n|move|p2b: Basculegion|Wave Crash|p1a: Delphox\n|-supereffective|p1a: Delphox|1\n|-damage|p1a: Delphox|0 fnt\n|faint|p1a: Delphox\n|-damage|p2b: Basculegion|19/100|[from] Recoil\n|-damage|p2b: Basculegion|10/100|[from] item: Life Orb\n|\n|upkeep\n|\n|t:|1788196758\n|switch|p1a: Samurott|Samurott-Hisui, L50, F|100/100\n|turn|4\n|\n|t:|1788196768\n|move|p2a: Scovillain|Rage Powder|p2a: Scovillain\n|-singleturn|p2a: Scovillain|move: Rage Powder\n|move|p1a: Samurott|Razor Shell|p2a: Scovillain\n|-damage|p2a: Scovillain|0 fnt\n|-status|p1a: Samurott|brn|[from] ability: Spicy Spray|[of] p2a: Scovillain\n|faint|p2a: Scovillain\n|move|p1b: Sneasler|Poison Jab|p2b: Basculegion\n|-resisted|p2b: Basculegion|1\n|-damage|p2b: Basculegion|0 fnt\n|faint|p2b: Basculegion\n|\n|-damage|p1a: Samurott|94/100 brn|[from] brn\n|upkeep\n|\n|t:|1788196780\n|switch|p2b: Lycanroc|Lycanroc-Dusk, L50, F|100/100\n|switch|p2a: Sneasler|Sneasler, L50, M|100/100\n|turn|5\n|\n|t:|1788196800\n|move|p1b: Sneasler|Quick Guard|p1b: Sneasler\n|-singleturn|p1b: Sneasler|Quick Guard\n|move|p1a: Samurott|Razor Shell|p2a: Sneasler\n|-damage|p2a: Sneasler|67/100\n|move|p2a: Sneasler|Close Combat|p1a: Samurott\n|-supereffective|p1a: Samurott|1\n|-damage|p1a: Samurott|0 fnt\n|-unboost|p2a: Sneasler|def|1\n|-unboost|p2a: Sneasler|spd|1\n|faint|p1a: Samurott\n|-enditem|p2a: Sneasler|White Herb\n|-clearnegativeboost|p2a: Sneasler|[silent]\n|move|p2b: Lycanroc|Rock Slide|p1b: Sneasler\n|-resisted|p1b: Sneasler|1\n|-damage|p1b: Sneasler|64/100\n|\n|upkeep\n|turn|6\n|-message|Nephele-13 forfeited.\n|\n|win|jeanryupr\n||Nephele-13 is ready for game 3.\n||jeanryupr is ready for game 3.\n|uhtml|next|Next: <a href=\"/battle-gen9championsvgc2026regmbbo3-2673430133\"><strong>Game 3 of 3</strong></a>\n","uploadtime":1788196645,"views":"6","formatid":"gen9championsvgc2026regmbbo3","rating":null,"private":0,"password":null}