{"id":"gen9championsvgc2026regmbbo3-2673367531","format":"[Gen 9 Champions] VGC 2026 Reg M-B (Bo3)","players":["gamersplays909","Pawah"],"log":"|j|☆gamersplays909\n|j|☆Pawah\n|html|<table width=\"100%\"><tr><td align=\"left\">gamersplays909</td><td align=\"right\">Pawah</tr><tr><td align=\"left\"><i class=\"fa fa-circle-o\"></i> <i class=\"fa fa-circle-o\"></i> </td><td align=\"right\"><i class=\"fa fa-circle-o\"></i> <i class=\"fa fa-circle-o\"></i> </tr></table>\n|uhtml|bestof|<h2><strong>Game 1</strong> of <a href=\"/game-bestof3-gen9championsvgc2026regmbbo3-2673367530\">a best-of-3</a></h2>\n|t:|1788189123\n|gametype|doubles\n|player|p1|gamersplays909|169|1248\n|player|p2|Pawah|ethan|1303\n|gen|9\n|tier|[Gen 9 Champions] VGC 2026 Reg M-B (Bo3)\n|rated|\n|rule|Species Clause: Limit one of each Pokémon\n|rule|Item Clause: Limit 1 of each item\n|clearpoke\n|poke|p1|Staraptor, L50, M|\n|poke|p1|Garchomp, L50, M|\n|poke|p1|Whimsicott, L50, M|\n|poke|p1|Delphox, L50, M|\n|poke|p1|Glimmora, L50, F|\n|poke|p1|Kingambit, L50, M|\n|poke|p2|Incineroar, L50, M|\n|poke|p2|Sinistcha, L50|\n|poke|p2|Floette-Eternal, L50, F|\n|poke|p2|Samurott-Hisui, L50, F|\n|poke|p2|Sneasler, L50, F|\n|poke|p2|Delphox, L50, M|\n|teampreview|4\n|showteam|p1|Staraptor||Staraptite|Intimidate|Protect,Roost,CloseCombat,BraveBird|Jolly||M|||50|]Garchomp||LifeOrb|RoughSkin|Protect,RockSlide,Earthquake,DragonClaw|Jolly||M|||50|]Whimsicott||OccaBerry|Prankster|Moonblast,Tailwind,Charm,LightScreen|Timid||M|||50|]Delphox||Delphoxite|Magician|Protect,Psychic,HeatWave,Substitute|Timid||M|||50|]Glimmora||FocusSash|ToxicDebris|SpikyShield,SludgeBomb,EarthPower,PowerGem|Timid||F|||50|]Kingambit||ChopleBerry|Defiant|SuckerPunch,LowKick,IronHead,KowtowCleave|Adamant||M|||50|\n|showteam|p2|Incineroar||SitrusBerry|Intimidate|FlareBlitz,DarkestLariat,FakeOut,PartingShot|Careful||M|||50|]Sinistcha||OccaBerry|Hospitality|MatchaGotcha,LifeDew,RagePowder,Protect|Bold|||||50|]Floette-Eternal||Floettite|FlowerVeil|Protect,DazzlingGleam,Moonblast,CalmMind|Modest||F|||50|]Samurott-Hisui||ChoiceScarf|Sharpness|NightSlash,AquaCutter,SacredSword,FlipTurn|Jolly||F|||50|]Sneasler||FocusSash|PoisonTouch|PoisonJab,RockSlide,CloseCombat,FakeOut|Jolly||F|||50|]Delphox||Delphoxite|Blaze|HeatWave,Protect,Psychic,NastyPlot|Timid||M|||50|\n|inactive|Battle timer is ON: inactive players will automatically lose when time's up. (requested by Pawah)\n|\n|t:|1788189148\n|teamsize|p1|4\n|teamsize|p2|4\n|start\n|switch|p1a: Whimsicott|Whimsicott, L50, M|100/100\n|switch|p1b: Garchomp|Garchomp, L50, M|100/100\n|switch|p2a: Samurott|Samurott-Hisui, L50, F|100/100\n|switch|p2b: Floette|Floette-Eternal, L50, F|100/100\n|turn|1\n|inactive|gamersplays909 has 30 seconds left.\n|inactive|Pawah has 30 seconds left.\n|\n|t:|1788189183\n|detailschange|p2b: Floette|Floette-Mega, L50, F\n|-mega|p2b: Floette|Floette|Floettite\n|-ability|p2b: Floette|Fairy Aura\n|move|p1a: Whimsicott|Light Screen|p1a: Whimsicott\n|-sidestart|p1: gamersplays909|move: Light Screen\n|move|p2a: Samurott|Flip Turn|p1a: Whimsicott\n|-resisted|p1a: Whimsicott|1\n|-damage|p1a: Whimsicott|81/100\n|\n|t:|1788189192\n|switch|p2a: Sneasler|Sneasler, L50, F|100/100|[from] Flip Turn\n|move|p1b: Garchomp|Earthquake|p2b: Floette|[spread] p1a,p2a,p2b\n|-resisted|p1a: Whimsicott|1\n|-supereffective|p2a: Sneasler|1\n|-damage|p1a: Whimsicott|49/100\n|-enditem|p2a: Sneasler|Focus Sash\n|-damage|p2a: Sneasler|1/100\n|-damage|p2b: Floette|53/100\n|-damage|p1b: Garchomp|90/100|[from] item: Life Orb\n|move|p2b: Floette|Dazzling Gleam|p1b: Garchomp|[spread] p1a,p1b\n|-supereffective|p1b: Garchomp|1\n|-damage|p1a: Whimsicott|7/100\n|-damage|p1b: Garchomp|17/100\n|\n|upkeep\n|turn|2\n|\n|t:|1788189214\n|switch|p2a: Sinistcha|Sinistcha, L50|100/100\n|-heal|p2b: Floette|78/100|[from] ability: Hospitality|[of] p2a: Sinistcha\n|move|p1a: Whimsicott|Tailwind|p1a: Whimsicott\n|-sidestart|p1: gamersplays909|move: Tailwind\n|move|p1b: Garchomp|Rock Slide|p2b: Floette|[spread] p2b\n|-miss|p1b: Garchomp|p2a: Sinistcha\n|-crit|p2b: Floette\n|-damage|p2b: Floette|38/100\n|-damage|p1b: Garchomp|7/100|[from] item: Life Orb\n|cant|p2b: Floette|flinch\n|\n|upkeep\n|turn|3\n|\n|t:|1788189230\n|move|p2b: Floette|Protect|p2b: Floette\n|-singleturn|p2b: Floette|Protect\n|move|p1a: Whimsicott|Moonblast|p2a: Sinistcha\n|-damage|p2a: Sinistcha|58/100\n|move|p1b: Garchomp|Earthquake|p2b: Floette|[spread] p1a,p2a\n|-activate|p2b: Floette|move: Protect\n|-resisted|p1a: Whimsicott|1\n|-resisted|p2a: Sinistcha|1\n|-damage|p1a: Whimsicott|0 fnt\n|-damage|p2a: Sinistcha|41/100\n|faint|p1a: Whimsicott\n|-damage|p1b: Garchomp|0 fnt|[from] item: Life Orb\n|faint|p1b: Garchomp\n|move|p2a: Sinistcha|Life Dew|p2a: Sinistcha|[spread] p2a,p2b\n|-heal|p2a: Sinistcha|66/100\n|-heal|p2b: Floette|63/100\n|\n|upkeep\n|\n|t:|1788189235\n|switch|p1a: Staraptor|Staraptor, L50, M|100/100\n|switch|p1b: Glimmora|Glimmora, L50, F|100/100\n|-ability|p1a: Staraptor|Intimidate|boost\n|-unboost|p2a: Sinistcha|atk|1\n|-unboost|p2b: Floette|atk|1\n|turn|4\n|\n|t:|1788189248\n|detailschange|p1a: Staraptor|Staraptor-Mega, L50, M\n|-mega|p1a: Staraptor|Staraptor|Staraptite\n|move|p2a: Sinistcha|Rage Powder|p2a: Sinistcha\n|-singleturn|p2a: Sinistcha|move: Rage Powder\n|move|p1a: Staraptor|Brave Bird|p2a: Sinistcha\n|-supereffective|p2a: Sinistcha|1\n|-damage|p2a: Sinistcha|0 fnt\n|faint|p2a: Sinistcha\n|-damage|p1a: Staraptor|79/100|[from] Recoil\n|move|p1b: Glimmora|Sludge Bomb|p2b: Floette\n|-supereffective|p2b: Floette|1\n|-crit|p2b: Floette\n|-damage|p2b: Floette|0 fnt\n|faint|p2b: Floette\n|\n|upkeep\n|\n|t:|1788189258\n|switch|p2b: Sneasler|Sneasler, L50, F|1/100\n|switch|p2a: Samurott|Samurott-Hisui, L50, F|100/100\n|turn|5\n|\n|t:|1788189273\n|move|p1a: Staraptor|Protect|p1a: Staraptor\n|-singleturn|p1a: Staraptor|Protect\n|move|p2b: Sneasler|Fake Out|p1a: Staraptor\n|-activate|p1a: Staraptor|move: Protect\n|move|p1b: Glimmora|Power Gem|p2b: Sneasler\n|-resisted|p2b: Sneasler|1\n|-damage|p2b: Sneasler|0 fnt\n|faint|p2b: Sneasler\n|move|p2a: Samurott|Aqua Cutter|p1b: Glimmora\n|-supereffective|p1b: Glimmora|1\n|-enditem|p1b: Glimmora|Focus Sash\n|-damage|p1b: Glimmora|1/100\n|-activate|p1b: Glimmora|ability: Toxic Debris\n|-sidestart|p2: Pawah|move: Toxic Spikes\n|\n|-sideend|p1: gamersplays909|move: Light Screen\n|-sideend|p1: gamersplays909|move: Tailwind\n|upkeep\n|turn|6\n|\n|t:|1788189282\n|move|p1b: Glimmora|Spiky Shield|p1b: Glimmora\n|-singleturn|p1b: Glimmora|move: Protect\n|move|p2a: Samurott|Aqua Cutter|p1a: Staraptor\n|-damage|p1a: Staraptor|30/100\n|move|p1a: Staraptor|Close Combat|p2a: Samurott\n|-supereffective|p2a: Samurott|1\n|-damage|p2a: Samurott|0 fnt\n|-boost|p1a: Staraptor|def|1\n|-boost|p1a: Staraptor|spd|1\n|faint|p2a: Samurott\n|\n|win|gamersplays909\n","uploadtime":1788189282,"views":"0","formatid":"gen9championsvgc2026regmbbo3","rating":null,"private":0,"password":null}