{"id":"gen9championsvgc2026regmbbo3-2673797886","format":"[Gen 9 Champions] VGC 2026 Reg M-B (Bo3)","players":["the_krill_guy","CaratroncoSun"],"log":"|j|☆the_krill_guy\n|j|☆CaratroncoSun\n|html|<table width=\"100%\"><tr><td align=\"left\">the_krill_guy</td><td align=\"right\">CaratroncoSun</tr><tr><td align=\"left\"><i class=\"fa fa-circle-o\"></i> <i class=\"fa fa-circle-o\"></i> </td><td align=\"right\"><i class=\"fa fa-circle-o\"></i> <i class=\"fa fa-circle-o\"></i> </tr></table>\n|uhtml|bestof|<h2><strong>Game 1</strong> of <a href=\"/game-bestof3-gen9championsvgc2026regmbbo3-2673797885\">a best-of-3</a></h2>\n|t:|1788258955\n|gametype|doubles\n|player|p1|the_krill_guy|jogger|1260\n|player|p2|CaratroncoSun|170|1341\n|gen|9\n|tier|[Gen 9 Champions] VGC 2026 Reg M-B (Bo3)\n|rated|\n|rule|Species Clause: Limit one of each Pokémon\n|rule|Item Clause: Limit 1 of each item\n|clearpoke\n|poke|p1|Raichu, L50, F|\n|poke|p1|Farigiraf, L50, M|\n|poke|p1|Mawile, L50, F|\n|poke|p1|Garchomp, L50, F|\n|poke|p1|Vivillon-Icy Snow, L50, M|\n|poke|p1|Torkoal, L50, M|\n|poke|p2|Charizard, L50, F, shiny|\n|poke|p2|Venusaur, L50, F, shiny|\n|poke|p2|Whimsicott, L50, F, shiny|\n|poke|p2|Basculegion, L50, M|\n|poke|p2|Tyranitar, L50, F|\n|poke|p2|Mamoswine, L50, F|\n|teampreview|4\n|showteam|p1|Raichu||RaichuniteY|LightningRod|FakeOut,ZapCannon,FocusBlast,Protect|Timid||F|||50|]Farigiraf||SitrusBerry|ArmorTail|Psychic,TrickRoom,HelpingHand,Thunderbolt|Relaxed||M|||50|]Mawile||Mawilite|Intimidate|PlayRough,RockSlide,SuckerPunch,Protect|Adamant||F|||50|]Garchomp||LifeOrb|RoughSkin|Earthquake,DragonClaw,RockSlide,Protect|Jolly||F|||50|]Vivillon-Icy Snow||FocusSash|CompoundEyes|SleepPowder,RagePowder,Hurricane,Protect|Timid||M|||50|]Torkoal||Charcoal|Drought|Eruption,WeatherBall,EarthPower,Protect|Modest||M|||50|\n|showteam|p2|Charizard||CharizarditeY|Blaze|Protect,SolarBeam,HeatWave,AirSlash|Modest||F|||50|]Venusaur||WideLens|Chlorophyll|Protect,GigaDrain,EarthPower,SleepPowder|Modest||F|||50|]Whimsicott||FocusSash|Prankster|Protect,Moonblast,Tailwind,Encore|Timid||F|||50|]Basculegion||MysticWater|Adaptability|Protect,AquaJet,WaveCrash,LastRespects|Adamant||M|||50|]Tyranitar||Tyranitarite|SandStream|Protect,RockSlide,KnockOff,LowKick|Adamant||F|||50|]Mamoswine||LifeOrb|Oblivious|Protect,HighHorsepower,RockSlide,IceShard|Adamant||F|||50|\n|\n|t:|1788258977\n|teamsize|p1|4\n|teamsize|p2|4\n|start\n|switch|p1a: Garchomp|Garchomp, L50, F|100/100\n|switch|p1b: Vivillon|Vivillon-Icy Snow, L50, M|100/100\n|switch|p2a: Charizard|Charizard, L50, F, shiny|100/100\n|switch|p2b: Venusaur|Venusaur, L50, F, shiny|100/100\n|turn|1\n|\n|t:|1788259010\n|detailschange|p2a: Charizard|Charizard-Mega-Y, L50, F, shiny\n|-mega|p2a: Charizard|Charizard|Charizardite Y\n|-weather|SunnyDay|[from] ability: Drought|[of] p2a: Charizard\n|move|p1a: Garchomp|Protect|p1a: Garchomp\n|-singleturn|p1a: Garchomp|Protect\n|move|p2a: Charizard|Protect|p2a: Charizard\n|-singleturn|p2a: Charizard|Protect\n|move|p2b: Venusaur|Sleep Powder|p1a: Garchomp\n|-activate|p1a: Garchomp|move: Protect\n|move|p1b: Vivillon|Hurricane|p2b: Venusaur\n|-supereffective|p2b: Venusaur|1\n|-damage|p2b: Venusaur|6/100\n|\n|-weather|SunnyDay|[upkeep]\n|upkeep\n|turn|2\n|\n|t:|1788259033\n|move|p1b: Vivillon|Rage Powder|p1b: Vivillon\n|-singleturn|p1b: Vivillon|move: Rage Powder\n|move|p2b: Venusaur|Sleep Powder|p1a: Garchomp\n|-status|p1a: Garchomp|slp|[from] move: Sleep Powder\n|cant|p1a: Garchomp|slp\n|move|p2a: Charizard|Heat Wave|p1b: Vivillon|[spread] p1a,p1b\n|-resisted|p1a: Garchomp|1\n|-supereffective|p1b: Vivillon|1\n|-damage|p1a: Garchomp|68/100 slp\n|-enditem|p1b: Vivillon|Focus Sash\n|-damage|p1b: Vivillon|1/100\n|\n|-weather|SunnyDay|[upkeep]\n|upkeep\n|turn|3\n|\n|t:|1788259059\n|move|p2b: Venusaur|Giga Drain|p1b: Vivillon\n|-resisted|p1b: Vivillon|2\n|-damage|p1b: Vivillon|0 fnt\n|-heal|p2b: Venusaur|6/100|[from] drain|[of] p1b: Vivillon\n|faint|p1b: Vivillon\n|-curestatus|p1a: Garchomp|slp|[msg]\n|move|p1a: Garchomp|Rock Slide|p2b: Venusaur|[spread] p2a,p2b\n|-supereffective|p2a: Charizard|2\n|-damage|p2a: Charizard|0 fnt\n|-damage|p2b: Venusaur|0 fnt\n|faint|p2a: Charizard\n|faint|p2b: Venusaur\n|-damage|p1a: Garchomp|58/100|[from] item: Life Orb\n|\n|-weather|SunnyDay|[upkeep]\n|upkeep\n|\n|t:|1788259073\n|switch|p1b: Farigiraf|Farigiraf, L50, M|100/100\n|switch|p2a: Tyranitar|Tyranitar, L50, F|100/100\n|switch|p2b: Basculegion|Basculegion, L50, M|100/100\n|-weather|Sandstorm|[from] ability: Sand Stream|[of] p2a: Tyranitar\n|turn|4\n|\n|t:|1788259085\n|move|p1a: Garchomp|Protect|p1a: Garchomp\n|-singleturn|p1a: Garchomp|Protect\n|move|p2b: Basculegion|Last Respects|p1a: Garchomp\n|-activate|p1a: Garchomp|move: Protect\n|move|p2a: Tyranitar|Knock Off|p1b: Farigiraf\n|-supereffective|p1b: Farigiraf|1\n|-damage|p1b: Farigiraf|10/100\n|-enditem|p1b: Farigiraf|Sitrus Berry|[from] move: Knock Off|[of] p2a: Tyranitar\n|move|p1b: Farigiraf|Thunderbolt|p2b: Basculegion\n|-supereffective|p2b: Basculegion|1\n|-damage|p2b: Basculegion|44/100\n|\n|-weather|Sandstorm|[upkeep]\n|-damage|p2b: Basculegion|38/100|[from] Sandstorm\n|-damage|p1b: Farigiraf|3/100|[from] Sandstorm\n|upkeep\n|turn|5\n|\n|t:|1788259101\n|move|p1b: Farigiraf|Helping Hand|p1a: Garchomp\n|-singleturn|p1a: Garchomp|Helping Hand|[of] p1b: Farigiraf\n|move|p2b: Basculegion|Protect|p2b: Basculegion\n|-singleturn|p2b: Basculegion|Protect\n|move|p1a: Garchomp|Earthquake|p2b: Basculegion|[spread] p1b,p2a\n|-activate|p2b: Basculegion|move: Protect\n|-supereffective|p2a: Tyranitar|1\n|-damage|p1b: Farigiraf|0 fnt\n|-damage|p2a: Tyranitar|0 fnt\n|faint|p1b: Farigiraf\n|faint|p2a: Tyranitar\n|-damage|p1a: Garchomp|48/100|[from] item: Life Orb\n|\n|-weather|Sandstorm|[upkeep]\n|-damage|p2b: Basculegion|32/100|[from] Sandstorm\n|upkeep\n|\n|t:|1788259110\n|switch|p1b: Mawile|Mawile, L50, F|100/100\n|-ability|p1b: Mawile|Intimidate|boost\n|-unboost|p2b: Basculegion|atk|1\n|turn|6\n|\n|t:|1788259119\n|detailschange|p1b: Mawile|Mawile-Mega, L50, F\n|-mega|p1b: Mawile|Mawile|Mawilite\n|move|p1b: Mawile|Sucker Punch|p2b: Basculegion\n|-supereffective|p2b: Basculegion|1\n|-damage|p2b: Basculegion|0 fnt\n|faint|p2b: Basculegion\n|\n|win|the_krill_guy\n","uploadtime":1788259119,"views":"1","formatid":"gen9championsvgc2026regmbbo3","rating":null,"private":0,"password":null}