{"id":"gen9championsvgc2026regmbbo3-2674974854","format":"[Gen 9 Champions] VGC 2026 Reg M-B (Bo3)","players":["LordKameni","Spikeyrs"],"log":"|j|☆LordKameni\n|j|☆Spikeyrs\n|html|<table width=\"100%\"><tr><td align=\"left\">LordKameni</td><td align=\"right\">Spikeyrs</tr><tr><td align=\"left\"><i class=\"fa fa-circle-o\"></i> <i class=\"fa fa-circle-o\"></i> </td><td align=\"right\"><i class=\"fa fa-circle-o\"></i> <i class=\"fa fa-circle-o\"></i> </tr></table>\n|uhtml|bestof|<h2><strong>Game 1</strong> of <a href=\"/game-bestof3-gen9championsvgc2026regmbbo3-2674974853\">a best-of-3</a></h2>\n|t:|1788444113\n|gametype|doubles\n|player|p1|LordKameni|1|1216\n|player|p2|Spikeyrs|harlequin|1217\n|gen|9\n|tier|[Gen 9 Champions] VGC 2026 Reg M-B (Bo3)\n|rated|\n|rule|Species Clause: Limit one of each Pokémon\n|rule|Item Clause: Limit 1 of each item\n|clearpoke\n|poke|p1|Blastoise, L50, M|\n|poke|p1|Sneasler, L50, M|\n|poke|p1|Incineroar, L50, M|\n|poke|p1|Delphox, L50, M|\n|poke|p1|Sinistcha, L50|\n|poke|p1|Kingambit, L50, M|\n|poke|p2|Raichu, L50, F|\n|poke|p2|Basculegion, L50, M|\n|poke|p2|Tsareena, L50, F|\n|poke|p2|Garchomp, L50, F|\n|poke|p2|Kingambit, L50, F|\n|poke|p2|Delphox, L50, M|\n|teampreview|4\n|showteam|p1|Blastoise||Blastoisinite|RainDish|ShellSmash,Protect,WaterSpout,DarkPulse|Modest||M|||50|]Sneasler||FocusSash|PoisonTouch|FakeOut,CloseCombat,PoisonJab,QuickGuard|Jolly||M|||50|]Incineroar||SitrusBerry|Intimidate|DarkestLariat,FakeOut,PartingShot,FlareBlitz|Impish||M|||50|]Delphox||Delphoxite|Blaze|Protect,Psychic,NastyPlot,HeatWave|Timid||M|||50|]Sinistcha||OccaBerry|Hospitality|Protect,MatchaGotcha,RagePowder,LifeDew|Serious|||||50|]Kingambit||BlackGlasses|Defiant|SuckerPunch,KowtowCleave,Protect,SwordsDance|Adamant||M|||50|\n|showteam|p2|Raichu||RaichuniteY|LightningRod|FakeOut,FocusBlast,ZapCannon,Protect|Timid||F|||50|]Basculegion||LifeOrb|Adaptability|Protect,AquaJet,LastRespects,WaveCrash|Jolly||M|||50|]Tsareena||WideLens|QueenlyMajesty|TripleAxel,Protect,PowerWhip,HighJumpKick|Adamant||F|||50|]Garchomp||ChoiceScarf|RoughSkin|DragonClaw,PoisonJab,StompingTantrum,RockSlide|Adamant||F|||50|]Kingambit||ChopleBerry|Defiant|IronHead,KowtowCleave,SuckerPunch,Protect|Adamant||F|||50|]Delphox||Delphoxite|Blaze|NastyPlot,Psychic,HeatWave,Protect|Timid||M|||50|\n|inactive|Battle timer is ON: inactive players will automatically lose when time's up. (requested by Spikeyrs)\n|inactive|LordKameni has 60 seconds left.\n|inactive|Spikeyrs has 60 seconds left.\n|\n|t:|1788444157\n|teamsize|p1|4\n|teamsize|p2|4\n|start\n|switch|p1a: Sneasler|Sneasler, L50, M|100/100\n|switch|p1b: Blastoise|Blastoise, L50, M|100/100\n|switch|p2a: Tsareena|Tsareena, L50, F|100/100\n|switch|p2b: Delphox|Delphox, L50, M|100/100\n|turn|1\n|inactive|LordKameni has 30 seconds left.\n|\n|t:|1788444184\n|switch|p1b: Incineroar|Incineroar, L50, M|100/100\n|-ability|p1b: Incineroar|Intimidate|boost\n|-unboost|p2a: Tsareena|atk|1\n|-unboost|p2b: Delphox|atk|1\n|detailschange|p2b: Delphox|Delphox-Mega, L50, M\n|-mega|p2b: Delphox|Delphox|Delphoxite\n|move|p2b: Delphox|Psychic|p1a: Sneasler\n|-supereffective|p1a: Sneasler|2\n|-enditem|p1a: Sneasler|Focus Sash\n|-damage|p1a: Sneasler|1/100\n|move|p1a: Sneasler|Poison Jab|p2a: Tsareena\n|-supereffective|p2a: Tsareena|1\n|-damage|p2a: Tsareena|11/100\n|move|p2a: Tsareena|Power Whip|p1b: Incineroar\n|-resisted|p1b: Incineroar|1\n|-damage|p1b: Incineroar|83/100\n|\n|upkeep\n|turn|2\n|inactive|LordKameni has 30 seconds left.\n|inactive|Spikeyrs has 30 seconds left.\n|inactive|LordKameni has 20 seconds left.\n|inactive|Spikeyrs has 20 seconds left.\n|inactive|LordKameni has 15 seconds left.\n|inactive|Spikeyrs has 15 seconds left.\n|\n|t:|1788444225\n|switch|p1a: Sinistcha|Sinistcha, L50|100/100\n|-heal|p1b: Incineroar|100/100|[from] ability: Hospitality|[of] p1a: Sinistcha\n|switch|p2a: Garchomp|Garchomp, L50, F|100/100\n|move|p2b: Delphox|Protect|p2b: Delphox\n|-singleturn|p2b: Delphox|Protect\n|move|p1b: Incineroar|Flare Blitz|p2a: Garchomp\n|-resisted|p2a: Garchomp|1\n|-damage|p2a: Garchomp|78/100\n|-damage|p1b: Incineroar|87/100|[from] ability: Rough Skin|[of] p2a: Garchomp\n|-damage|p1b: Incineroar|80/100|[from] Recoil\n|\n|upkeep\n|turn|3\n|inactive|LordKameni has 30 seconds left.\n|inactive|Spikeyrs has 30 seconds left.\n|inactive|LordKameni has 20 seconds left.\n|\n|t:|1788444262\n|move|p1a: Sinistcha|Protect|p1a: Sinistcha\n|-singleturn|p1a: Sinistcha|Protect\n|move|p2a: Garchomp|Rock Slide|p1a: Sinistcha|[spread] \n|-activate|p1a: Sinistcha|move: Protect\n|-miss|p2a: Garchomp|p1b: Incineroar\n|move|p2b: Delphox|Heat Wave|p1b: Incineroar|[spread] p1b\n|-activate|p1a: Sinistcha|move: Protect\n|-resisted|p1b: Incineroar|1\n|-damage|p1b: Incineroar|61/100\n|move|p1b: Incineroar|Parting Shot|p2b: Delphox\n|-unboost|p2b: Delphox|atk|1\n|-unboost|p2b: Delphox|spa|1\n|\n|t:|1788444278\n|switch|p1b: Blastoise|Blastoise, L50, M|100/100|[from] Parting Shot\n|\n|upkeep\n|turn|4\n|inactive|LordKameni has 30 seconds left.\n|\n|t:|1788444311\n|switch|p2b: Kingambit|Kingambit, L50, F|100/100\n|switch|p1a: Incineroar|Incineroar, L50, M|61/100\n|-ability|p1a: Incineroar|Intimidate|boost\n|-unboost|p2a: Garchomp|atk|1\n|-unboost|p2b: Kingambit|atk|1\n|-ability|p2b: Kingambit|Defiant|boost\n|-boost|p2b: Kingambit|atk|2\n|detailschange|p1b: Blastoise|Blastoise-Mega, L50, M\n|-mega|p1b: Blastoise|Blastoise|Blastoisinite\n|move|p1b: Blastoise|Protect|p1b: Blastoise\n|-singleturn|p1b: Blastoise|Protect\n|move|p2a: Garchomp|Rock Slide|p1a: Incineroar|[spread] p1a\n|-activate|p1b: Blastoise|move: Protect\n|-supereffective|p1a: Incineroar|1\n|-damage|p1a: Incineroar|39/100\n|-enditem|p1a: Incineroar|Sitrus Berry|[eat]\n|-heal|p1a: Incineroar|63/100|[from] item: Sitrus Berry\n|\n|upkeep\n|turn|5\n|inactive|LordKameni has 30 seconds left.\n|inactive|LordKameni has 20 seconds left.\n|\n|t:|1788444346\n|switch|p2a: Tsareena|Tsareena, L50, F|11/100\n|move|p1a: Incineroar|Fake Out||[still]\n|cant|p2a: Tsareena|ability: Queenly Majesty|Fake Out|[of] p1a: Incineroar\n|move|p1b: Blastoise|Shell Smash|p1b: Blastoise\n|-unboost|p1b: Blastoise|def|1\n|-unboost|p1b: Blastoise|spd|1\n|-boost|p1b: Blastoise|atk|2\n|-boost|p1b: Blastoise|spa|2\n|-boost|p1b: Blastoise|spe|2\n|move|p2b: Kingambit|Kowtow Cleave|p1b: Blastoise\n|-damage|p1b: Blastoise|0 fnt\n|faint|p1b: Blastoise\n|\n|upkeep\n|\n|t:|1788444363\n|switch|p1b: Sneasler|Sneasler, L50, M|1/100\n|turn|6\n|\n|t:|1788444385\n|switch|p1b: Sinistcha|Sinistcha, L50|100/100\n|-heal|p1a: Incineroar|88/100|[from] ability: Hospitality|[of] p1b: Sinistcha\n|move|p2b: Kingambit|Sucker Punch||[still]\n|-fail|p2b: Kingambit\n|move|p2a: Tsareena|High Jump Kick|p1a: Incineroar\n|-supereffective|p1a: Incineroar|1\n|-crit|p1a: Incineroar\n|-damage|p1a: Incineroar|0 fnt\n|faint|p1a: Incineroar\n|\n|upkeep\n|\n|t:|1788444397\n|switch|p1a: Sneasler|Sneasler, L50, M|1/100\n|turn|7\n|\n|t:|1788444406\n|move|p1b: Sinistcha|Rage Powder|p1b: Sinistcha\n|-singleturn|p1b: Sinistcha|move: Rage Powder\n|move|p1a: Sneasler|Close Combat|p2b: Kingambit\n|-supereffective|p2b: Kingambit|2\n|-crit|p2b: Kingambit\n|-enditem|p2b: Kingambit|Chople Berry|[eat]\n|-enditem|p2b: Kingambit|Chople Berry|[weaken]\n|-damage|p2b: Kingambit|0 fnt\n|-unboost|p1a: Sneasler|def|1\n|-unboost|p1a: Sneasler|spd|1\n|faint|p2b: Kingambit\n|move|p2a: Tsareena|Triple Axel|p1b: Sinistcha\n|-supereffective|p1b: Sinistcha|1\n|-damage|p1b: Sinistcha|86/100\n|-supereffective|p1b: Sinistcha|1\n|-damage|p1b: Sinistcha|62/100\n|-supereffective|p1b: Sinistcha|1\n|-damage|p1b: Sinistcha|23/100\n|-hitcount|p1b: Sinistcha|3\n|\n|upkeep\n|\n|t:|1788444426\n|switch|p2b: Delphox|Delphox-Mega, L50, M|100/100\n|turn|8\n|\n|t:|1788444448\n|move|p2b: Delphox|Psychic|p1b: Sinistcha\n|-damage|p1b: Sinistcha|0 fnt\n|faint|p1b: Sinistcha\n|move|p1a: Sneasler|Poison Jab|p2b: Delphox\n|-damage|p2b: Delphox|36/100\n|move|p2a: Tsareena|Triple Axel|p1a: Sneasler\n|-damage|p1a: Sneasler|0 fnt\n|faint|p1a: Sneasler\n|-hitcount|p1: Sneasler|1\n|\n|win|Spikeyrs\n||Spikeyrs is ready for game 2.\n||LordKameni is ready for game 2.\n|uhtml|next|Next: <a href=\"/battle-gen9championsvgc2026regmbbo3-2674977573\"><strong>Game 2 of 3</strong></a>\n|l|☆Spikeyrs\n|player|p2|\n","uploadtime":1788444451,"views":"0","formatid":"gen9championsvgc2026regmbbo3","rating":null,"private":0,"password":null}