{"id":"gen9championsvgc2026regmb-2674074726","format":"[Gen 9 Champions] VGC 2026 Reg M-B","players":["amongdripgoku","npachon1231"],"log":"|j|☆amongdripgoku\n|j|☆npachon1231\n|t:|1788295652\n|gametype|doubles\n|player|p1|amongdripgoku|266|1273\n|player|p2|npachon1231|266|1300\n|gen|9\n|tier|[Gen 9 Champions] VGC 2026 Reg M-B\n|rated|\n|rule|Species Clause: Limit one of each Pokémon\n|rule|Item Clause: Limit 1 of each item\n|clearpoke\n|poke|p1|Grimmsnarl, L50, M|\n|poke|p1|Swampert, L50, F|\n|poke|p1|Pelipper, L50, F|\n|poke|p1|Archaludon, L50, F|\n|poke|p1|Sinistcha, L50|\n|poke|p1|Metagross, L50|\n|poke|p2|Froslass, L50, F|\n|poke|p2|Glaceon, L50, F|\n|poke|p2|Talonflame, L50, M|\n|poke|p2|Glimmora, L50, M, shiny|\n|poke|p2|Sneasler, L50, M|\n|poke|p2|Kingambit, L50, F|\n|teampreview|4\n|inactive|Battle timer is ON: inactive players will automatically lose when time's up. (requested by npachon1231)\n|\n|t:|1788295696\n|teamsize|p1|4\n|teamsize|p2|4\n|start\n|switch|p1a: Metagross|Metagross, L50|100/100\n|switch|p1b: Grimmsnarl|Grimmsnarl, L50, M|100/100\n|switch|p2a: Froslass|Froslass, L50, F|100/100\n|switch|p2b: Glaceon|Glaceon, L50, F|100/100\n|turn|1\n|inactive|amongdripgoku has 30 seconds left.\n|inactive|amongdripgoku has 20 seconds left.\n|inactive|amongdripgoku has 15 seconds left.\n|\n|t:|1788295741\n|detailschange|p2a: Froslass|Froslass-Mega, L50, F\n|-mega|p2a: Froslass|Froslass|Froslassite\n|-weather|Snowscape|[from] ability: Snow Warning|[of] p2a: Froslass\n|detailschange|p1a: Metagross|Metagross-Mega, L50\n|-mega|p1a: Metagross|Metagross|Metagrossite\n|move|p1b: Grimmsnarl|Light Screen|p1b: Grimmsnarl\n|-sidestart|p1: amongdripgoku|move: Light Screen\n|move|p1a: Metagross|Iron Head|p2a: Froslass\n|-supereffective|p2a: Froslass|1\n|-damage|p2a: Froslass|0 fnt\n|faint|p2a: Froslass\n|move|p2b: Glaceon|Blizzard|p1a: Metagross|[spread] p1a,p1b\n|-resisted|p1a: Metagross|1\n|-damage|p1a: Metagross|84/100\n|-damage|p1b: Grimmsnarl|75/100\n|\n|-weather|Snowscape|[upkeep]\n|upkeep\n|\n|t:|1788295752\n|switch|p2a: Kingambit|Kingambit, L50, F|100/100\n|turn|2\n|\n|t:|1788295770\n|move|p1a: Metagross|Protect|p1a: Metagross\n|-singleturn|p1a: Metagross|Protect\n|move|p2a: Kingambit|Sucker Punch||[still]\n|-fail|p2a: Kingambit\n|move|p1b: Grimmsnarl|Reflect|p1b: Grimmsnarl\n|-sidestart|p1: amongdripgoku|Reflect\n|move|p2b: Glaceon|Blizzard|p1b: Grimmsnarl|[spread] p1b\n|-activate|p1a: Metagross|move: Protect\n|-damage|p1b: Grimmsnarl|52/100\n|\n|-weather|Snowscape|[upkeep]\n|upkeep\n|turn|3\n|inactive|amongdripgoku has 30 seconds left.\n|\n|t:|1788295801\n|switch|p1b: Pelipper|Pelipper, L50, F|100/100\n|-weather|RainDance|[from] ability: Drizzle|[of] p1b: Pelipper\n|move|p2a: Kingambit|Sucker Punch|p1a: Metagross\n|-supereffective|p1a: Metagross|1\n|-damage|p1a: Metagross|43/100\n|move|p1a: Metagross|Body Press|p2a: Kingambit\n|-supereffective|p2a: Kingambit|2\n|-enditem|p2a: Kingambit|Chople Berry|[eat]\n|-enditem|p2a: Kingambit|Chople Berry|[weaken]\n|-damage|p2a: Kingambit|41/100\n|move|p2b: Glaceon|Blizzard|p1b: Pelipper|[spread] p1a\n|-miss|p2b: Glaceon|p1b: Pelipper\n|-resisted|p1a: Metagross|1\n|-damage|p1a: Metagross|28/100\n|\n|-weather|RainDance|[upkeep]\n|upkeep\n|turn|4\n|inactive|amongdripgoku has 30 seconds left.\n|inactive|amongdripgoku has 20 seconds left.\n|\n|t:|1788295837\n|move|p1a: Metagross|Protect|p1a: Metagross\n|-singleturn|p1a: Metagross|Protect\n|move|p2a: Kingambit|Protect|p2a: Kingambit\n|-singleturn|p2a: Kingambit|Protect\n|move|p2b: Glaceon|Freeze-Dry|p1b: Pelipper\n|-supereffective|p1b: Pelipper|2\n|-damage|p1b: Pelipper|0 fnt\n|faint|p1b: Pelipper\n|\n|-weather|RainDance|[upkeep]\n|upkeep\n|j| Gubtubbus\n|inactive|amongdripgoku has 30 seconds left.\n|\n|t:|1788295862\n|switch|p1b: Archaludon|Archaludon, L50, F|100/100\n|turn|5\n|\n|t:|1788295873\n|move|p2a: Kingambit|Sucker Punch|p1a: Metagross\n|-supereffective|p1a: Metagross|1\n|-damage|p1a: Metagross|0 fnt\n|faint|p1a: Metagross\n|move|p1b: Archaludon|Electro Shot||[still]\n|-prepare|p1b: Archaludon|Electro Shot\n|-boost|p1b: Archaludon|spa|1\n|-anim|p1b: Archaludon|Electro Shot|p2a: Kingambit\n|-damage|p2a: Kingambit|0 fnt\n|faint|p2a: Kingambit\n|move|p2b: Glaceon|Freeze-Dry|p1b: Archaludon\n|-damage|p1b: Archaludon|61/100\n|-ability|p1b: Archaludon|Stamina|boost\n|-boost|p1b: Archaludon|def|1\n|\n|-weather|RainDance|[upkeep]\n|-heal|p1b: Archaludon|67/100|[from] item: Leftovers\n|upkeep\n|\n|t:|1788295885\n|switch|p1a: Grimmsnarl|Grimmsnarl, L50, M|52/100\n|switch|p2a: Sneasler|Sneasler, L50, M|100/100\n|turn|6\n|\n|t:|1788295910\n|move|p2a: Sneasler|Protect|p2a: Sneasler\n|-singleturn|p2a: Sneasler|Protect\n|move|p2b: Glaceon|Protect|p2b: Glaceon\n|-singleturn|p2b: Glaceon|Protect\n|move|p1b: Archaludon|Electro Shot||[still]\n|-prepare|p1b: Archaludon|Electro Shot\n|-boost|p1b: Archaludon|spa|1\n|-anim|p1b: Archaludon|Electro Shot|p2a: Sneasler\n|-activate|p2a: Sneasler|move: Protect\n|move|p1a: Grimmsnarl|Foul Play|p2a: Sneasler\n|-activate|p2a: Sneasler|move: Protect\n|\n|-weather|RainDance|[upkeep]\n|-heal|p1b: Archaludon|73/100|[from] item: Leftovers\n|upkeep\n|turn|7\n|\n|t:|1788295933\n|move|p2a: Sneasler|Close Combat|p1b: Archaludon\n|-supereffective|p1b: Archaludon|1\n|-damage|p1b: Archaludon|16/100\n|-unboost|p2a: Sneasler|def|1\n|-unboost|p2a: Sneasler|spd|1\n|-ability|p1b: Archaludon|Stamina|boost\n|-boost|p1b: Archaludon|def|1\n|move|p1b: Archaludon|Electro Shot||[still]\n|-prepare|p1b: Archaludon|Electro Shot\n|-boost|p1b: Archaludon|spa|1\n|-anim|p1b: Archaludon|Electro Shot|p2a: Sneasler\n|-enditem|p2a: Sneasler|Focus Sash\n|-damage|p2a: Sneasler|1/100\n|move|p2b: Glaceon|Freeze-Dry|p1b: Archaludon\n|-damage|p1b: Archaludon|0 fnt\n|faint|p1b: Archaludon\n|move|p1a: Grimmsnarl|Foul Play|p2a: Sneasler\n|-resisted|p2a: Sneasler|1\n|-damage|p2a: Sneasler|0 fnt\n|faint|p2a: Sneasler\n|\n|-weather|none\n|upkeep\n|turn|8\n|inactive|amongdripgoku has 30 seconds left.\n|\n|t:|1788295964\n|move|p2b: Glaceon|Freeze-Dry|p1a: Grimmsnarl\n|-damage|p1a: Grimmsnarl|30/100\n|move|p1a: Grimmsnarl|Foul Play|p2b: Glaceon\n|-damage|p2b: Glaceon|79/100\n|\n|-sideend|p1: amongdripgoku|move: Light Screen\n|upkeep\n|turn|9\n|-message|amongdripgoku forfeited.\n|\n|win|npachon1231\n|raw|amongdripgoku's rating: 1273 &rarr; <strong>1250</strong><br />(-23 for losing)\n|raw|npachon1231's rating: 1300 &rarr; <strong>1323</strong><br />(+23 for winning)\n","uploadtime":1788295968,"views":"0","formatid":"gen9championsvgc2026regmb","rating":1250,"private":0,"password":null}