{"id":"gen9championsvgc2026regmbbo3-2673905638","format":"[Gen 9 Champions] VGC 2026 Reg M-B (Bo3)","players":["olciax34","plsbringregi"],"log":"|j|☆olciax34\n|j|☆plsbringregi\n|html|<table width=\"100%\"><tr><td align=\"left\">olciax34</td><td align=\"right\">plsbringregi</tr><tr><td align=\"left\"><i class=\"fa fa-circle\"></i> <i class=\"fa fa-circle-o\"></i> </td><td align=\"right\"><i class=\"fa fa-circle-o\"></i> <i class=\"fa fa-circle-o\"></i> </tr></table>\n|uhtml|bestof|<h2><strong>Game 2</strong> of <a href=\"/game-bestof3-gen9championsvgc2026regmbbo3-2673903133\">a best-of-3</a></h2>\n|t:|1788275481\n|gametype|doubles\n|player|p1|olciax34|265|1348\n|player|p2|plsbringregi|266|1359\n|gen|9\n|tier|[Gen 9 Champions] VGC 2026 Reg M-B (Bo3)\n|rated|\n|rule|Species Clause: Limit one of each Pokémon\n|rule|Item Clause: Limit 1 of each item\n|clearpoke\n|poke|p1|Floette-Eternal, L50, F|\n|poke|p1|Sinistcha, L50|\n|poke|p1|Incineroar, L50, F|\n|poke|p1|Basculegion, L50, M|\n|poke|p1|Sneasler, L50, F|\n|poke|p1|Dragonite, L50, M|\n|poke|p2|Dragonite, L50, F|\n|poke|p2|Sneasler, L50, M|\n|poke|p2|Sinistcha, L50|\n|poke|p2|Incineroar, L50, M|\n|poke|p2|Floette-Eternal, L50, F|\n|poke|p2|Gholdengo, L50|\n|teampreview|4\n|showteam|p1|Floette-Eternal||Floettite|FlowerVeil|DazzlingGleam,DrainingKiss,CalmMind,Protect|Modest||F|||50|]Sinistcha||ColburBerry|Hospitality|MatchaGotcha,TrickRoom,RagePowder,Protect|Calm|||||50|]Incineroar||SitrusBerry|Intimidate|FlareBlitz,ThroatChop,PartingShot,FakeOut|Careful||F|||50|]Basculegion||ChoiceScarf|Adaptability|WaveCrash,FlipTurn,AquaJet,LastRespects|Jolly||M|||50|]Sneasler||FocusSash|PoisonTouch|FakeOut,PoisonJab,CloseCombat,Coaching|Jolly||F|||50|]Dragonite||Dragoninite|Multiscale|DragonPulse,HeatWave,ExtremeSpeed,Protect|Modest||M|||50|\n|showteam|p2|Dragonite||Dragoninite|InnerFocus|DragonPulse,HeatWave,Thunderbolt,Protect|Modest||F|||50|]Sneasler||FocusSash|PoisonTouch|PoisonJab,CloseCombat,RockSlide,FakeOut|Jolly||M|||50|]Sinistcha||KasibBerry|Hospitality|MatchaGotcha,RagePowder,TrickRoom,Protect|Relaxed|||||50|]Incineroar||SitrusBerry|Intimidate|FlareBlitz,ThroatChop,PartingShot,FakeOut|Careful||M|||50|]Floette-Eternal||Floettite|FlowerVeil|DazzlingGleam,Moonblast,CalmMind,Protect|Modest||F|||50|]Gholdengo||LifeOrb|GoodasGold|MakeItRain,ShadowBall,NastyPlot,Protect|Timid|||||50|\n|inactive|Battle timer is ON: inactive players will automatically lose when time's up. (requested by olciax34)\n|\n|t:|1788275525\n|teamsize|p1|4\n|teamsize|p2|4\n|start\n|switch|p1a: Sneasler|Sneasler, L50, F|100/100\n|switch|p1b: Floette|Floette-Eternal, L50, F|100/100\n|switch|p2a: Gholdengo|Gholdengo, L50|100/100\n|switch|p2b: WeCanMakeItBetter|Sinistcha, L50|100/100\n|turn|1\n|\n|t:|1788275541\n|detailschange|p1b: Floette|Floette-Mega, L50, F\n|-mega|p1b: Floette|Floette|Floettite\n|-ability|p1b: Floette|Fairy Aura\n|move|p2b: WeCanMakeItBetter|Protect|p2b: WeCanMakeItBetter\n|-singleturn|p2b: WeCanMakeItBetter|Protect\n|move|p1a: Sneasler|Poison Jab|p2b: WeCanMakeItBetter\n|-activate|p2b: WeCanMakeItBetter|move: Protect\n|move|p2a: Gholdengo|Nasty Plot|p2a: Gholdengo\n|-boost|p2a: Gholdengo|spa|2\n|move|p1b: Floette|Calm Mind|p1b: Floette\n|-boost|p1b: Floette|spa|1\n|-boost|p1b: Floette|spd|1\n|\n|upkeep\n|turn|2\n|\n|t:|1788275557\n|move|p1a: Sneasler|Poison Jab|p2b: WeCanMakeItBetter\n|-damage|p2b: WeCanMakeItBetter|65/100\n|-status|p2b: WeCanMakeItBetter|psn\n|move|p2a: Gholdengo|Shadow Ball|p1a: Sneasler\n|-enditem|p1a: Sneasler|Focus Sash\n|-damage|p1a: Sneasler|1/100\n|-damage|p2a: Gholdengo|90/100|[from] item: Life Orb\n|move|p1b: Floette|Calm Mind|p1b: Floette\n|-boost|p1b: Floette|spa|1\n|-boost|p1b: Floette|spd|1\n|move|p2b: WeCanMakeItBetter|Matcha Gotcha|p1a: Sneasler|[spread] p1a,p1b\n|-resisted|p1a: Sneasler|1\n|-damage|p1a: Sneasler|0 fnt\n|-heal|p2b: WeCanMakeItBetter|66/100 psn|[from] drain|[of] p1a: Sneasler\n|-damage|p1b: Floette|91/100\n|-heal|p2b: WeCanMakeItBetter|70/100 psn|[from] drain|[of] p1b: Floette\n|faint|p1a: Sneasler\n|\n|-damage|p2b: WeCanMakeItBetter|58/100 psn|[from] psn\n|upkeep\n|inactive|olciax34 has 30 seconds left.\n|inactive|olciax34 has 20 seconds left.\n|inactive|olciax34 has 15 seconds left.\n|inactive|olciax34 has 10 seconds left.\n|\n|t:|1788275607\n|switch|p1a: Incineroar|Incineroar, L50, F|100/100\n|-ability|p1a: Incineroar|Intimidate|boost\n|-unboost|p2a: Gholdengo|atk|1\n|-unboost|p2b: WeCanMakeItBetter|atk|1\n|turn|3\n|\n|t:|1788275616\n|move|p2a: Gholdengo|Protect|p2a: Gholdengo\n|-singleturn|p2a: Gholdengo|Protect\n|move|p2b: WeCanMakeItBetter|Protect|p2b: WeCanMakeItBetter\n|-singleturn|p2b: WeCanMakeItBetter|Protect\n|move|p1b: Floette|Draining Kiss|p2b: WeCanMakeItBetter\n|-activate|p2b: WeCanMakeItBetter|move: Protect\n|move|p1a: Incineroar|Flare Blitz|p2a: Gholdengo\n|-activate|p2a: Gholdengo|move: Protect\n|\n|-damage|p2b: WeCanMakeItBetter|46/100 psn|[from] psn\n|upkeep\n|turn|4\n|\n|t:|1788275631\n|move|p2b: WeCanMakeItBetter|Rage Powder|p2b: WeCanMakeItBetter\n|-singleturn|p2b: WeCanMakeItBetter|move: Rage Powder\n|move|p2a: Gholdengo|Make It Rain|p1b: Floette|[spread] p1a,p1b\n|-resisted|p1a: Incineroar|1\n|-supereffective|p1b: Floette|1\n|-damage|p1a: Incineroar|59/100\n|-damage|p1b: Floette|14/100\n|-unboost|p2a: Gholdengo|spa|2\n|-damage|p2a: Gholdengo|80/100|[from] item: Life Orb\n|move|p1b: Floette|Draining Kiss|p2b: WeCanMakeItBetter\n|-damage|p2b: WeCanMakeItBetter|0 fnt\n|-heal|p1b: Floette|50/100g|[from] drain|[of] p2b: WeCanMakeItBetter\n|faint|p2b: WeCanMakeItBetter\n|move|p1a: Incineroar|Flare Blitz|p2a: Gholdengo\n|-supereffective|p2a: Gholdengo|1\n|-damage|p2a: Gholdengo|0 fnt\n|faint|p2a: Gholdengo\n|-damage|p1a: Incineroar|35/100|[from] Recoil\n|-enditem|p1a: Incineroar|Sitrus Berry|[eat]\n|-heal|p1a: Incineroar|59/100|[from] item: Sitrus Berry\n|\n|upkeep\n|\n|t:|1788275636\n|switch|p2a: Sneasler|Sneasler, L50, M|100/100\n|switch|p2b: Incineroar|Incineroar, L50, M|100/100\n|-ability|p2b: Incineroar|Intimidate|boost\n|-unboost|p1a: Incineroar|atk|1\n|-unboost|p1b: Floette|atk|1\n|turn|5\n|inactive|olciax34 has 30 seconds left.\n|\n|t:|1788275675\n|switch|p1a: Basculegion|Basculegion, L50, M|100/100\n|move|p1b: Floette|Protect|p1b: Floette\n|-singleturn|p1b: Floette|Protect\n|move|p2a: Sneasler|Poison Jab|p1a: Basculegion\n|-resisted|p1a: Basculegion|1\n|-damage|p1a: Basculegion|72/100\n|move|p2b: Incineroar|Throat Chop|p1a: Basculegion\n|-supereffective|p1a: Basculegion|1\n|-damage|p1a: Basculegion|0 fnt\n|faint|p1a: Basculegion\n|\n|upkeep\n|\n|t:|1788275688\n|switch|p1a: Incineroar|Incineroar, L50, F|59/100\n|-ability|p1a: Incineroar|Intimidate|boost\n|-unboost|p2a: Sneasler|atk|1\n|-unboost|p2b: Incineroar|atk|1\n|turn|6\n|\n|t:|1788275703\n|move|p1a: Incineroar|Fake Out|p2a: Sneasler\n|-damage|p2a: Sneasler|80/100\n|cant|p2a: Sneasler|flinch\n|move|p1b: Floette|Dazzling Gleam|p2a: Sneasler|[spread] p2a,p2b\n|-damage|p2a: Sneasler|0 fnt\n|-damage|p2b: Incineroar|28/100\n|-enditem|p2b: Incineroar|Sitrus Berry|[eat]\n|-heal|p2b: Incineroar|52/100|[from] item: Sitrus Berry\n|faint|p2a: Sneasler\n|move|p2b: Incineroar|Flare Blitz|p1b: Floette\n|-damage|p1b: Floette|20/100y\n|-damage|p2b: Incineroar|44/100|[from] Recoil\n|\n|upkeep\n|turn|7\n|-message|plsbringregi forfeited.\n|\n|win|olciax34\n|raw|olciax34's rating: 1348 &rarr; <strong>1369</strong><br />(+21 for winning)\n|raw|plsbringregi's rating: 1359 &rarr; <strong>1338</strong><br />(-21 for losing)\n|l|☆plsbringregi\n|player|p2|\n","uploadtime":1788275731,"views":"9","formatid":"gen9championsvgc2026regmbbo3","rating":1338,"private":0,"password":null}