{"id":"gen9championsvgc2026regmb-2674196712","format":"[Gen 9 Champions] VGC 2026 Reg M-B","players":["hostompa","clootemkin"],"log":"|j|☆hostompa\n|j|☆clootemkin\n|html|<table width=\"100%\"><tr><td align=\"left\">hostompa</td><td align=\"right\">clootemkin</tr><tr><td align=\"left\"><i class=\"fa fa-circle-o\"></i> <i class=\"fa fa-circle-o\"></i> </td><td align=\"right\"><i class=\"fa fa-circle-o\"></i> <i class=\"fa fa-circle-o\"></i> </tr></table>\n|uhtml|bestof|<h2><strong>Game 1</strong> of <a href=\"/game-bestof3-gen9championsvgc2026regmb-2674196711\">a best-of-3</a></h2>\n|t:|1788313831\n|gametype|doubles\n|player|p1|hostompa|doctor-gen8|\n|player|p2|clootemkin|lady-gen4|\n|gen|9\n|tier|[Gen 9 Champions] VGC 2026 Reg M-B\n|rule|Species Clause: Limit one of each Pokémon\n|rule|Item Clause: Limit 1 of each item\n|raw|<div class=\"infobox\"><details class=\"readmore\" open><summary><strong>1 custom rule:</strong></summary> Best of = 3</details></div>\n|clearpoke\n|poke|p1|Blastoise, L50, M|\n|poke|p1|Garchomp, L50, F|\n|poke|p1|Maushold, L50|\n|poke|p1|Annihilape, L50, M|\n|poke|p1|Vanilluxe, L50, M|\n|poke|p1|Talonflame, L50, F|\n|poke|p2|Staraptor, L50, F, shiny|\n|poke|p2|Heliolisk, L50, F, shiny|\n|poke|p2|Empoleon, L50, F|\n|poke|p2|Garchomp, L50, M|\n|poke|p2|Hatterene, L50, F, shiny|\n|poke|p2|Tyranitar, L50, M, shiny|\n|teampreview|4\nclootemkin rejected open team sheets.\n|c|☆hostompa|glhf\n|c|☆clootemkin|glhf\n|c|☆clootemkin|you got bot?\n|c|☆hostompa|oh yeah\n|c|☆clootemkin|lmao\n|j| PorygonTheBot\n|c| PorygonTheBot|This game looks fun!\n|\n|t:|1788313951\n|teamsize|p1|4\n|teamsize|p2|4\n|start\n|switch|p1a: Annihilape|Annihilape, L50, M|100/100\n|switch|p1b: Maushold|Maushold, L50|100/100\n|switch|p2a: they call me bird|Staraptor, L50, F, shiny|100/100\n|switch|p2b: Zeke Topanga|Empoleon, L50, F|100/100\n|turn|1\n|\n|t:|1788313995\n|move|p1b: Maushold|Beat Up|p1a: Annihilape\n|-damage|p1a: Annihilape|98/100\n|-damage|p1a: Annihilape|96/100\n|-damage|p1a: Annihilape|93/100\n|-damage|p1a: Annihilape|91/100\n|-hitcount|p1a: Annihilape|4\n|move|p1a: Annihilape|Rage Fist|p2b: Zeke Topanga\n|-damage|p2b: Zeke Topanga|0 fnt\n|faint|p2b: Zeke Topanga\n|move|p2a: they call me bird|Close Combat|p1b: Maushold\n|-supereffective|p1b: Maushold|1\n|-damage|p1b: Maushold|0 fnt\n|-unboost|p2a: they call me bird|def|1\n|-unboost|p2a: they call me bird|spd|1\n|faint|p1b: Maushold\n|\n|upkeep\n|c|☆clootemkin|is that so\n|c|☆hostompa|goodbye empoleon\n|\n|t:|1788314018\n|switch|p1b: Garchomp|Garchomp, L50, F|100/100\n|switch|p2b: Lizard|Heliolisk, L50, F, shiny|100/100\n|turn|2\n|\n|t:|1788314059\n|switch|p1a: Vanilluxe|Vanilluxe, L50, M|100/100\n|-weather|Snowscape|[from] ability: Snow Warning|[of] p1a: Vanilluxe\n|switch|p2a: Da Biggest|Tyranitar, L50, M, shiny|100/100\n|-weather|Sandstorm|[from] ability: Sand Stream|[of] p2a: Da Biggest\n|detailschange|p1b: Garchomp|Garchomp-Mega, L50, F\n|-mega|p1b: Garchomp|Garchomp|Garchompite\n|move|p2b: Lizard|Protect|p2b: Lizard\n|-singleturn|p2b: Lizard|Protect\n|move|p1b: Garchomp|Power Gem|p2a: Da Biggest\n|-damage|p2a: Da Biggest|82/100\n|\n|-weather|Sandstorm|[upkeep]\n|-damage|p2b: Lizard|94/100|[from] Sandstorm\n|-damage|p1a: Vanilluxe|93/100|[from] Sandstorm\n|upkeep\n|turn|3\n|\n|t:|1788314084\n|switch|p1a: Annihilape|Annihilape, L50, M|91/100\n|move|p2b: Lizard|Weather Ball|p1a: Annihilape\n|-resisted|p1a: Annihilape|1\n|-damage|p1a: Annihilape|76/100\n|move|p1b: Garchomp|Earth Power|p2a: Da Biggest\n|-supereffective|p2a: Da Biggest|1\n|-damage|p2a: Da Biggest|27/100\n|move|p2a: Da Biggest|Dragon Dance|p2a: Da Biggest\n|-boost|p2a: Da Biggest|atk|1\n|-boost|p2a: Da Biggest|spe|1\n|\n|-weather|Sandstorm|[upkeep]\n|-damage|p1a: Annihilape|70/100|[from] Sandstorm\n|-damage|p2b: Lizard|88/100|[from] Sandstorm\n|upkeep\n|turn|4\n|\n|t:|1788314105\n|move|p2b: Lizard|Protect|p2b: Lizard\n|-singleturn|p2b: Lizard|Protect\n|move|p1a: Annihilape|Close Combat|p2a: Da Biggest\n|-supereffective|p2a: Da Biggest|2\n|-damage|p2a: Da Biggest|0 fnt\n|-unboost|p1a: Annihilape|def|1\n|-unboost|p1a: Annihilape|spd|1\n|faint|p2a: Da Biggest\n|move|p1b: Garchomp|Earth Power|p2b: Lizard\n|-activate|p2b: Lizard|move: Protect\n|\n|-weather|Sandstorm|[upkeep]\n|-damage|p1a: Annihilape|64/100|[from] Sandstorm\n|-damage|p2b: Lizard|82/100|[from] Sandstorm\n|upkeep\n|\n|t:|1788314117\n|switch|p2a: they call me bird|Staraptor, L50, F, shiny|100/100\n|turn|5\n|\n|t:|1788314129\n|move|p1a: Annihilape|Close Combat|p2b: Lizard\n|-supereffective|p2b: Lizard|1\n|-crit|p2b: Lizard\n|-damage|p2b: Lizard|0 fnt\n|-unboost|p1a: Annihilape|def|1\n|-unboost|p1a: Annihilape|spd|1\n|faint|p2b: Lizard\n|move|p1b: Garchomp|Power Gem|p2a: they call me bird\n|-supereffective|p2a: they call me bird|1\n|-damage|p2a: they call me bird|0 fnt\n|faint|p2a: they call me bird\n|\n|win|hostompa\n","uploadtime":1788314129,"views":"17","formatid":"gen9championsvgc2026regmb","rating":null,"private":0,"password":null}