{"id":"gen9championsvgc2026regmb-2674790729","format":"[Gen 9 Champions] VGC 2026 Reg M-B","players":["xanderpokemon","moosinator32"],"log":"|j|☆xanderpokemon\n|j|☆moosinator32\n|t:|1788407425\n|gametype|doubles\n|player|p1|xanderpokemon|101|1101\n|player|p2|moosinator32|1|1173\n|gen|9\n|tier|[Gen 9 Champions] VGC 2026 Reg M-B\n|rated|\n|rule|Species Clause: Limit one of each Pokémon\n|rule|Item Clause: Limit 1 of each item\n|clearpoke\n|poke|p1|Toxapex, L50, M|\n|poke|p1|Gengar, L50, F|\n|poke|p1|Sinistcha-Masterpiece, L50|\n|poke|p1|Hippowdon, L50, M|\n|poke|p1|Rampardos, L50, F|\n|poke|p1|Steelix, L50, M|\n|poke|p2|Scrafty, L50, F|\n|poke|p2|Milotic, L50, M|\n|poke|p2|Farigiraf, L50, M|\n|poke|p2|Gholdengo, L50|\n|poke|p2|Sylveon, L50, M|\n|poke|p2|Talonflame, L50, M|\n|teampreview|4\n|\n|t:|1788407463\n|teamsize|p1|4\n|teamsize|p2|4\n|start\n|switch|p1a: Gengar|Gengar, L50, F|100/100\n|switch|p1b: Steelix|Steelix, L50, M|100/100\n|switch|p2a: Gholdengo|Gholdengo, L50|100/100\n|switch|p2b: Sylveon|Sylveon, L50, M|100/100\n|turn|1\n|\n|t:|1788407481\n|detailschange|p1b: Steelix|Steelix-Mega, L50, M\n|-mega|p1b: Steelix|Steelix|Steelixite\n|move|p2a: Gholdengo|Trick||[still]\n|-fail|p2a: Gholdengo\n|move|p2b: Sylveon|Psyshock|p1a: Gengar\n|-supereffective|p1a: Gengar|1\n|-damage|p1a: Gengar|19/100\n|-start|p2b: Sylveon|Disable|Psyshock|[from] ability: Cursed Body|[of] p1a: Gengar\n|move|p1b: Steelix|High Horsepower|p2a: Gholdengo\n|-supereffective|p2a: Gholdengo|1\n|-damage|p2a: Gholdengo|17/100\n|move|p1a: Gengar|Trick Room|p1a: Gengar\n|-fieldstart|move: Trick Room|[of] p1a: Gengar\n|\n|upkeep\n|turn|2\n|\n|t:|1788407526\n|switch|p2a: Scrafty|Scrafty, L50, F|100/100\n|-ability|p2a: Scrafty|Intimidate|boost\n|-unboost|p1a: Gengar|atk|1\n|-unboost|p1b: Steelix|atk|1\n|move|p1a: Gengar|Protect|p1a: Gengar\n|-singleturn|p1a: Gengar|Protect\n|move|p1b: Steelix|Heavy Slam|p2b: Sylveon\n|-supereffective|p2b: Sylveon|1\n|-damage|p2b: Sylveon|19/100\n|move|p2b: Sylveon|Hyper Voice|p1a: Gengar|[spread] p1b\n|-activate|p1a: Gengar|move: Protect\n|-resisted|p1b: Steelix|1\n|-damage|p1b: Steelix|78/100\n|\n|upkeep\n|turn|3\n|\n|t:|1788407550\n|detailschange|p2a: Scrafty|Scrafty-Mega, L50, F\n|-mega|p2a: Scrafty|Scrafty|Scraftinite\n|-ability|p2a: Scrafty|Intimidate|boost\n|-unboost|p1a: Gengar|atk|1\n|-unboost|p1b: Steelix|atk|1\n|move|p1b: Steelix|Wide Guard|p1b: Steelix\n|-singleturn|p1b: Steelix|Wide Guard\n|move|p2a: Scrafty|Fake Out|p1b: Steelix\n|-resisted|p1b: Steelix|1\n|-damage|p1b: Steelix|75/100\n|move|p2b: Sylveon|Hyper Voice|p1a: Gengar|[spread] \n|-activate|p1a: Gengar|move: Wide Guard\n|-activate|p1b: Steelix|move: Wide Guard\n|move|p1a: Gengar|Imprison|p1a: Gengar\n|-start|p1a: Gengar|move: Imprison\n|\n|upkeep\n|turn|4\n|\n|t:|1788407575\n|switch|p1b: Rampardos|Rampardos, L50, F|100/100\n|switch|p2b: Milotic|Milotic, L50, M|100/100\n|move|p1a: Gengar|Protect|p1a: Gengar\n|-singleturn|p1a: Gengar|Protect\n|move|p2a: Scrafty|Drain Punch|p1b: Rampardos\n|-supereffective|p1b: Rampardos|1\n|-damage|p1b: Rampardos|0 fnt\n|faint|p1b: Rampardos\n|\n|upkeep\n|\n|t:|1788407588\n|switch|p1b: Steelix|Steelix-Mega, L50, M|75/100\n|turn|5\n|\n|t:|1788407612\n|move|p1b: Steelix|Heavy Slam|p2a: Scrafty\n|-damage|p2a: Scrafty|59/100\n|move|p2a: Scrafty|Throat Chop|p1a: Gengar\n|-supereffective|p1a: Gengar|1\n|-crit|p1a: Gengar\n|-damage|p1a: Gengar|0 fnt\n|-start|p2a: Scrafty|Disable|Throat Chop|[from] ability: Cursed Body|[of] p1a: Gengar\n|faint|p1a: Gengar\n|move|p2b: Milotic|Scald|p1b: Steelix\n|-supereffective|p1b: Steelix|1\n|-damage|p1b: Steelix|15/100\n|\n|-fieldend|move: Trick Room\n|upkeep\n|\n|t:|1788407625\n|switch|p1a: Toxapex|Toxapex, L50, M|100/100\n|turn|6\n|\n|t:|1788407642\n|move|p1b: Steelix|Protect|p1b: Steelix\n|-singleturn|p1b: Steelix|Protect\n|move|p2b: Milotic|Scald|p1a: Toxapex\n|-resisted|p1a: Toxapex|1\n|-damage|p1a: Toxapex|91/100\n|move|p2a: Scrafty|Drain Punch|p1b: Steelix\n|-activate|p1b: Steelix|move: Protect\n|move|p1a: Toxapex|Stockpile|p1a: Toxapex\n|-start|p1a: Toxapex|stockpile1\n|-boost|p1a: Toxapex|def|1\n|-boost|p1a: Toxapex|spd|1\n|\n|-heal|p1a: Toxapex|96/100|[from] item: Leftovers\n|upkeep\n|turn|7\n|\n|t:|1788407666\n|move|p2b: Milotic|Scald|p1a: Toxapex\n|-resisted|p1a: Toxapex|1\n|-damage|p1a: Toxapex|89/100\n|move|p2a: Scrafty|Drain Punch|p1b: Steelix\n|-supereffective|p1b: Steelix|1\n|-damage|p1b: Steelix|0 fnt\n|-heal|p2a: Scrafty|68/100|[from] drain|[of] p1b: Steelix\n|faint|p1b: Steelix\n|move|p1a: Toxapex|Stockpile|p1a: Toxapex\n|-start|p1a: Toxapex|stockpile2\n|-boost|p1a: Toxapex|def|1\n|-boost|p1a: Toxapex|spd|1\n|\n|-heal|p1a: Toxapex|95/100|[from] item: Leftovers\n|upkeep\n|turn|8\n|\n|t:|1788407686\n|move|p2b: Milotic|Scald|p1a: Toxapex\n|-resisted|p1a: Toxapex|1\n|-damage|p1a: Toxapex|90/100\n|move|p2a: Scrafty|Drain Punch|p1a: Toxapex\n|-resisted|p1a: Toxapex|1\n|-damage|p1a: Toxapex|82/100\n|-heal|p2a: Scrafty|71/100|[from] drain|[of] p1a: Toxapex\n|move|p1a: Toxapex|Stockpile|p1a: Toxapex\n|-start|p1a: Toxapex|stockpile3\n|-boost|p1a: Toxapex|def|1\n|-boost|p1a: Toxapex|spd|1\n|\n|-heal|p1a: Toxapex|88/100|[from] item: Leftovers\n|-end|p2a: Scrafty|Disable\n|upkeep\n|turn|9\n|\n|t:|1788407707\n|move|p2b: Milotic|Scald|p1a: Toxapex\n|-resisted|p1a: Toxapex|1\n|-damage|p1a: Toxapex|84/100\n|move|p2a: Scrafty|Throat Chop|p1a: Toxapex\n|-damage|p1a: Toxapex|71/100\n|-start|p1a: Toxapex|Throat Chop|[silent]\n|move|p1a: Toxapex|Infestation|p2b: Milotic\n|-damage|p2b: Milotic|97/100\n|-activate|p2b: Milotic|move: Infestation|[of] p1a: Toxapex\n|\n|-heal|p1a: Toxapex|77/100|[from] item: Leftovers\n|-damage|p2b: Milotic|85/100|[from] move: Infestation|[partiallytrapped]\n|upkeep\n|turn|10\n|\n|t:|1788407725\n|move|p2b: Milotic|Scald|p1a: Toxapex\n|-resisted|p1a: Toxapex|1\n|-damage|p1a: Toxapex|73/100\n|move|p2a: Scrafty|Throat Chop|p1a: Toxapex\n|-damage|p1a: Toxapex|59/100\n|move|p1a: Toxapex|Infestation|p2a: Scrafty\n|-damage|p2a: Scrafty|68/100\n|-activate|p2a: Scrafty|move: Infestation|[of] p1a: Toxapex\n|\n|-heal|p1a: Toxapex|64/100|[from] item: Leftovers\n|-damage|p2b: Milotic|72/100|[from] move: Infestation|[partiallytrapped]\n|-damage|p2a: Scrafty|56/100|[from] move: Infestation|[partiallytrapped]\n|-end|p1a: Toxapex|Throat Chop|[silent]\n|upkeep\n|turn|11\n|\n|t:|1788407748\n|move|p2b: Milotic|Protect|p2b: Milotic\n|-singleturn|p2b: Milotic|Protect\n|move|p2a: Scrafty|Throat Chop|p1a: Toxapex\n|-damage|p1a: Toxapex|52/100\n|-start|p1a: Toxapex|Throat Chop|[silent]\n|move|p1a: Toxapex|Recover|p1a: Toxapex\n|-heal|p1a: Toxapex|100/100\n|\n|-damage|p2b: Milotic|60/100|[from] move: Infestation|[partiallytrapped]\n|-damage|p2a: Scrafty|44/100|[from] move: Infestation|[partiallytrapped]\n|upkeep\n|turn|12\n|\n|t:|1788407761\n|move|p2b: Milotic|Scald|p1a: Toxapex\n|-resisted|p1a: Toxapex|1\n|-damage|p1a: Toxapex|96/100\n|move|p2a: Scrafty|Throat Chop|p1a: Toxapex\n|-damage|p1a: Toxapex|82/100\n|move|p1a: Toxapex|Toxic|p2b: Milotic\n|-status|p2b: Milotic|tox\n|\n|-heal|p1a: Toxapex|87/100|[from] item: Leftovers\n|-damage|p2b: Milotic|54/100 tox|[from] psn\n|-damage|p2b: Milotic|42/100 tox|[from] move: Infestation|[partiallytrapped]\n|-damage|p2a: Scrafty|31/100|[from] move: Infestation|[partiallytrapped]\n|-end|p1a: Toxapex|Throat Chop|[silent]\n|upkeep\n|turn|13\n|\n|t:|1788407800\n|move|p2b: Milotic|Scald|p1a: Toxapex\n|-resisted|p1a: Toxapex|1\n|-damage|p1a: Toxapex|84/100\n|move|p2a: Scrafty|Throat Chop|p1a: Toxapex\n|-damage|p1a: Toxapex|71/100\n|-start|p1a: Toxapex|Throat Chop|[silent]\n|move|p1a: Toxapex|Toxic|p2a: Scrafty\n|-status|p2a: Scrafty|tox\n|\n|-heal|p1a: Toxapex|77/100|[from] item: Leftovers\n|-damage|p2b: Milotic|30/100 tox|[from] psn\n|-damage|p2a: Scrafty|26/100 tox|[from] psn\n|-end|p2b: Milotic|Infestation|[partiallytrapped]\n|-damage|p2a: Scrafty|13/100 tox|[from] move: Infestation|[partiallytrapped]\n|upkeep\n|turn|14\n|\n|t:|1788407815\n|move|p2b: Milotic|Scald|p1a: Toxapex\n|-resisted|p1a: Toxapex|1\n|-damage|p1a: Toxapex|73/100\n|move|p2a: Scrafty|Throat Chop|p1a: Toxapex\n|-damage|p1a: Toxapex|58/100\n|move|p1a: Toxapex|Recover|p1a: Toxapex\n|-heal|p1a: Toxapex|100/100\n|\n|-damage|p2b: Milotic|12/100 tox|[from] psn\n|-damage|p2a: Scrafty|2/100 tox|[from] psn\n|-damage|p2a: Scrafty|0 fnt|[from] move: Infestation|[partiallytrapped]\n|faint|p2a: Scrafty\n|-end|p1a: Toxapex|Throat Chop|[silent]\n|upkeep\n|\n|t:|1788407839\n|switch|p2a: Gholdengo|Gholdengo, L50|17/100\n|turn|15\n|\n|t:|1788407849\n|move|p2a: Gholdengo|Trick|p1a: Toxapex\n|-activate|p2a: Gholdengo|move: Trick|[of] p1a: Toxapex\n|-item|p1a: Toxapex|Choice Scarf|[from] move: Trick\n|-item|p2a: Gholdengo|Leftovers|[from] move: Trick\n|move|p2b: Milotic|Scald|p1a: Toxapex\n|-resisted|p1a: Toxapex|1\n|-damage|p1a: Toxapex|96/100\n|move|p1a: Toxapex|Infestation|p2a: Gholdengo\n|-resisted|p2a: Gholdengo|2\n|-damage|p2a: Gholdengo|16/100\n|-activate|p2a: Gholdengo|move: Infestation|[of] p1a: Toxapex\n|\n|-heal|p2a: Gholdengo|22/100|[from] item: Leftovers\n|-damage|p2b: Milotic|0 fnt|[from] psn\n|faint|p2b: Milotic\n|-damage|p2a: Gholdengo|10/100|[from] move: Infestation|[partiallytrapped]\n|upkeep\n|\n|t:|1788407862\n|switch|p2b: Sylveon|Sylveon, L50, M|19/100\n|turn|16\n|\n|t:|1788407869\n|move|p2a: Gholdengo|Thunderbolt|p1a: Toxapex\n|-supereffective|p1a: Toxapex|1\n|-damage|p1a: Toxapex|77/100\n|move|p2b: Sylveon|Psyshock|p1a: Toxapex\n|-supereffective|p1a: Toxapex|1\n|-damage|p1a: Toxapex|61/100\n|move|p1a: Toxapex|Infestation|p2b: Sylveon\n|-resisted|p2b: Sylveon|1\n|-damage|p2b: Sylveon|18/100\n|-activate|p2b: Sylveon|move: Infestation|[of] p1a: Toxapex\n|\n|-heal|p2a: Gholdengo|15/100|[from] item: Leftovers\n|-damage|p2a: Gholdengo|3/100|[from] move: Infestation|[partiallytrapped]\n|-damage|p2b: Sylveon|6/100|[from] move: Infestation|[partiallytrapped]\n|upkeep\n|turn|17\n|\n|t:|1788407889\n|move|p2a: Gholdengo|Thunderbolt|p1a: Toxapex\n|-supereffective|p1a: Toxapex|1\n|-damage|p1a: Toxapex|40/100\n|move|p2b: Sylveon|Psyshock|p1a: Toxapex\n|-supereffective|p1a: Toxapex|1\n|-damage|p1a: Toxapex|23/100\n|move|p1a: Toxapex|Infestation|p2b: Sylveon\n|-resisted|p2b: Sylveon|1\n|-damage|p2b: Sylveon|5/100\n|\n|-heal|p2a: Gholdengo|9/100|[from] item: Leftovers\n|-damage|p2a: Gholdengo|0 fnt|[from] move: Infestation|[partiallytrapped]\n|faint|p2a: Gholdengo\n|-damage|p2b: Sylveon|0 fnt|[from] move: Infestation|[partiallytrapped]\n|faint|p2b: Sylveon\n|\n|win|xanderpokemon\n|raw|xanderpokemon's rating: 1101 &rarr; <strong>1131</strong><br />(+30 for winning)\n|raw|moosinator32's rating: 1173 &rarr; <strong>1143</strong><br />(-30 for losing)\n|l|☆moosinator32\n|player|p2|\n","uploadtime":1788407941,"views":"11","formatid":"gen9championsvgc2026regmb","rating":1131,"private":0,"password":null}