{"id":"gen9championsvgc2026regmbbo3-2673651962","format":"[Gen 9 Champions] VGC 2026 Reg M-B (Bo3)","players":["laki_rico","Jerry Judewong"],"log":"|j|☆laki_rico\n|j|☆Jerry Judewong\n|html|<table width=\"100%\"><tr><td align=\"left\">laki_rico</td><td align=\"right\">Jerry Judewong</tr><tr><td align=\"left\"><i class=\"fa fa-circle\"></i> <i class=\"fa fa-circle-o\"></i> </td><td align=\"right\"><i class=\"fa fa-circle-o\"></i> <i class=\"fa fa-circle\"></i> </tr></table>\n|uhtml|bestof|<h2><strong>Game 3</strong> of <a href=\"/game-bestof3-gen9championsvgc2026regmbbo3-2673648037\">a best-of-3</a></h2>\n|t:|1788227407\n|gametype|doubles\n|player|p1|laki_rico|sage|\n|player|p2|Jerry Judewong|hilbert-wonderlauncher|\n|gen|9\n|tier|[Gen 9 Champions] VGC 2026 Reg M-B (Bo3)\n|rule|Species Clause: Limit one of each Pokémon\n|rule|Item Clause: Limit 1 of each item\n|clearpoke\n|poke|p1|Maushold-Four, L50|\n|poke|p1|Lycanroc-Dusk, L50, F|\n|poke|p1|Blaziken, L50, M|\n|poke|p1|Drampa, L50, F|\n|poke|p1|Empoleon, L50, F|\n|poke|p1|Pangoro, L50, M|\n|poke|p2|Kommo-o, L50, M|\n|poke|p2|Ariados, L50, M|\n|poke|p2|Alcremie, L50, F|\n|poke|p2|Mawile, L50, M|\n|poke|p2|Farigiraf, L50, M|\n|poke|p2|Roserade, L50, F|\n|teampreview|4\n|showteam|p1|Maushold-Four||LifeOrb|Technician|PopulationBomb,Protect,Taunt,Bite|Adamant|||||50|]Lycanroc-Dusk||HardStone|ToughClaws|Accelerock,RockSlide,PlayRough,Protect|Adamant||F|||50|]Blaziken||Blazikenite|Blaze|RockSlide,FlareBlitz,CloseCombat,Detect|Adamant||M|||50|]Drampa||Drampanite|Berserk|HydroPump,EarthPower,DracoMeteor,Protect|Modest||F|||50|]Empoleon||Leftovers|Competitive|AquaRing,IronDefense,Whirlpool,Protect|Modest||F|||50|]Pangoro||FocusSash|Scrappy|StormThrow,Detect,ThroatChop,StompingTantrum|Adamant||M|||50|\n|showteam|p2|Kommo-o||RoseliBerry|Overcoat|ClangingScales,ClangorousSoul,AuraSphere,FlashCannon|Timid||M|||50|]Ariados||OccaBerry|Sniper|RagePowder,Toxic,CrossPoison,StruggleBug|Relaxed||M|||50|]Alcremie||KebiaBerry|AromaVeil|Decorate,HelpingHand,DazzlingGleam,Protect|Relaxed||F|||50|]Mawile||Mawilite|HyperCutter|IronHead,PlayRough,BrickBreak,Protect|Adamant||M|||50|]Farigiraf||ColburBerry|ArmorTail|TrickRoom,NastyPlot,Thunderbolt,TwinBeam|Modest||M|||50|]Roserade||FocusSash|PoisonPoint|SleepPowder,LeafStorm,SludgeBomb,Protect|Modest||F|||50|\n|c|☆laki_rico|one sec, bringing sumn to my ma\n|c|☆Jerry Judewong|I gotchu\n|c|☆laki_rico|OKAY\n|\n|t:|1788227632\n|teamsize|p1|4\n|teamsize|p2|4\n|start\n|switch|p1a: Blaziken|Blaziken, L50, M|100/100\n|switch|p1b: Maushold|Maushold-Four, L50|100/100\n|switch|p2a: Farigiraf|Farigiraf, L50, M|100/100\n|switch|p2b: Ariados|Ariados, L50, M|100/100\n|turn|1\n|\n|t:|1788227654\n|detailschange|p1a: Blaziken|Blaziken-Mega, L50, M\n|-mega|p1a: Blaziken|Blaziken|Blazikenite\n|move|p2b: Ariados|Rage Powder|p2b: Ariados\n|-singleturn|p2b: Ariados|move: Rage Powder\n|move|p1b: Maushold|Taunt|p2b: Ariados\n|-start|p2b: Ariados|move: Taunt\n|move|p1a: Blaziken|Rock Slide|p2a: Farigiraf|[spread] p2a,p2b\n|-supereffective|p2b: Ariados|1\n|-damage|p2a: Farigiraf|77/100\n|-damage|p2b: Ariados|50/100g\n|move|p2a: Farigiraf|Trick Room|p2a: Farigiraf\n|-fieldstart|move: Trick Room|[of] p2a: Farigiraf\n|\n|-ability|p1a: Blaziken|Speed Boost|boost\n|-boost|p1a: Blaziken|spe|1\n|upkeep\n|turn|2\n|\n|t:|1788227680\n|switch|p1a: Pangoro|Pangoro, L50, M|100/100\n|move|p2b: Ariados|Cross Poison|p1b: Maushold\n|-damage|p1b: Maushold|67/100\n|move|p2a: Farigiraf|Twin Beam|p1b: Maushold\n|-damage|p1b: Maushold|41/100\n|-damage|p1b: Maushold|17/100\n|-hitcount|p1b: Maushold|2\n|move|p1b: Maushold|Taunt|p2a: Farigiraf\n|-start|p2a: Farigiraf|move: Taunt\n|\n|upkeep\n|turn|3\n|\n|t:|1788227716\n|switch|p2a: Kommo-o|Kommo-o, L50, M|100/100\n|move|p1b: Maushold|Protect|p1b: Maushold\n|-singleturn|p1b: Maushold|Protect\n|move|p2b: Ariados|Cross Poison|p1a: Pangoro\n|-damage|p1a: Pangoro|74/100\n|-status|p1a: Pangoro|psn\n|move|p1a: Pangoro|Throat Chop|p2a: Kommo-o\n|-resisted|p2a: Kommo-o|1\n|-damage|p2a: Kommo-o|76/100\n|-start|p2a: Kommo-o|Throat Chop|[silent]\n|\n|-damage|p1a: Pangoro|62/100 psn|[from] psn\n|upkeep\n|turn|4\n|\n|t:|1788227759\n|switch|p1b: Lycanroc|Lycanroc-Dusk, L50, F|100/100\n|move|p2b: Ariados|Cross Poison|p1a: Pangoro\n|-damage|p1a: Pangoro|38/100 psn\n|move|p1a: Pangoro|Throat Chop|p2b: Ariados\n|-damage|p2b: Ariados|7/100\n|-start|p2b: Ariados|Throat Chop|[silent]\n|move|p2a: Kommo-o|Aura Sphere|p1b: Lycanroc\n|-supereffective|p1b: Lycanroc|1\n|-damage|p1b: Lycanroc|0 fnt\n|faint|p1b: Lycanroc\n|\n|-damage|p1a: Pangoro|25/100 psn|[from] psn\n|-end|p2b: Ariados|move: Taunt\n|-end|p2a: Kommo-o|Throat Chop|[silent]\n|upkeep\n|\n|t:|1788227775\n|switch|p1b: Blaziken|Blaziken-Mega, L50, M|100/100\n|turn|5\n|\n|t:|1788227803\n|move|p1b: Blaziken|Detect|p1b: Blaziken\n|-singleturn|p1b: Blaziken|Protect\n|move|p2b: Ariados|Cross Poison|p1a: Pangoro\n|-damage|p1a: Pangoro|1/100 psn\n|move|p1a: Pangoro|Throat Chop|p2a: Kommo-o\n|-resisted|p2a: Kommo-o|1\n|-damage|p2a: Kommo-o|55/100\n|-start|p2a: Kommo-o|Throat Chop|[silent]\n|cant|p2a: Kommo-o|move: Throat Chop\n|\n|-damage|p1a: Pangoro|0 fnt|[from] psn\n|faint|p1a: Pangoro\n|-end|p2b: Ariados|Throat Chop|[silent]\n|-fieldend|move: Trick Room\n|-ability|p1b: Blaziken|Speed Boost|boost\n|-boost|p1b: Blaziken|spe|1\n|upkeep\n|j| astuarywave\n|\n|t:|1788227816\n|switch|p1a: Maushold|Maushold-Four, L50|17/100\n|turn|6\n|\n|t:|1788227844\n|switch|p2a: Farigiraf|Farigiraf, L50, M|77/100\n|move|p1b: Blaziken|Rock Slide|p2a: Farigiraf|[spread] p2a,p2b\n|-supereffective|p2b: Ariados|1\n|-damage|p2a: Farigiraf|55/100\n|-damage|p2b: Ariados|0 fnt\n|faint|p2b: Ariados\n|move|p1a: Maushold|Population Bomb|p2a: Farigiraf\n|-damage|p2a: Farigiraf|41/100\n|-hitcount|p2a: Farigiraf|1\n|-damage|p1a: Maushold|7/100|[from] item: Life Orb\n|\n|-ability|p1b: Blaziken|Speed Boost|boost\n|-boost|p1b: Blaziken|spe|1\n|upkeep\n|\n|t:|1788227859\n|switch|p2b: Kommo-o|Kommo-o, L50, M|55/100\n|turn|7\n|c|☆laki_rico|this fucking mouse\n|c|☆Jerry Judewong|Dude i need this\n|\n|t:|1788227889\n|move|p1b: Blaziken|Flare Blitz|p2a: Farigiraf\n|-damage|p2a: Farigiraf|0 fnt\n|faint|p2a: Farigiraf\n|-damage|p1b: Blaziken|82/100|[from] Recoil\n|move|p1a: Maushold|Population Bomb|p2b: Kommo-o\n|-damage|p2b: Kommo-o|40/100\n|-damage|p2b: Kommo-o|23/100\n|-damage|p2b: Kommo-o|7/100\n|-damage|p2b: Kommo-o|0 fnt\n|faint|p2b: Kommo-o\n|-hitcount|p2: Kommo-o|4\n|-damage|p1a: Maushold|0 fnt|[from] item: Life Orb\n|faint|p1a: Maushold\n|\n|-ability|p1b: Blaziken|Speed Boost|boost\n|-boost|p1b: Blaziken|spe|1\n|upkeep\n|\n|t:|1788227908\n|switch|p2a: Mawile|Mawile, L50, M|100/100\n|turn|8\n|c|☆Jerry Judewong|Well\n|c|☆Jerry Judewong|Fuck\n|\n|t:|1788227920\n|detailschange|p2a: Mawile|Mawile-Mega, L50, M\n|-mega|p2a: Mawile|Mawile|Mawilite\n|move|p1b: Blaziken|Flare Blitz|p2a: Mawile\n|-supereffective|p2a: Mawile|1\n|-damage|p2a: Mawile|0 fnt\n|faint|p2a: Mawile\n|-damage|p1b: Blaziken|50/100g|[from] Recoil\n|\n|win|laki_rico\n|c|☆Jerry Judewong|Gg\n|c|☆laki_rico|ggs\n|c|☆Jerry Judewong|DUDE I WAS SO CLOSE, I FORGOT THAT CLANG WAS A SOUND MOVE\n|c|☆Jerry Judewong|i should have rage powdered\n|l| astuarywave\n","uploadtime":1788228048,"views":"0","formatid":"gen9championsvgc2026regmbbo3","rating":null,"private":0,"password":null}