{"id":"gen9championsvgc2026regmb-2673866201","format":"[Gen 9 Champions] VGC 2026 Reg M-B","players":["brawler206","Thornlace48812"],"log":"|j|☆brawler206\n|j|☆Thornlace48812\n|t:|1788270544\n|gametype|doubles\n|player|p1|brawler206|101|1078\n|player|p2|Thornlace48812|102|1115\n|gen|9\n|tier|[Gen 9 Champions] VGC 2026 Reg M-B\n|rated|\n|rule|Species Clause: Limit one of each Pokémon\n|rule|Item Clause: Limit 1 of each item\n|clearpoke\n|poke|p1|Espathra, L50, M|\n|poke|p1|Blaziken, L50, F|\n|poke|p1|Talonflame, L50, M|\n|poke|p1|Milotic, L50, F|\n|poke|p1|Tinkaton, L50, F|\n|poke|p1|Volcarona, L50, F|\n|poke|p2|Garchomp, L50, M|\n|poke|p2|Charizard, L50, F|\n|poke|p2|Whimsicott, L50, F|\n|poke|p2|Sylveon, L50, F|\n|poke|p2|Kingambit, L50, F|\n|poke|p2|Basculegion, L50, M|\n|teampreview|4\n|inactive|Battle timer is ON: inactive players will automatically lose when time's up. (requested by Thornlace48812)\nThornlace48812 rejected open team sheets.\n|\n|t:|1788270557\n|teamsize|p1|4\n|teamsize|p2|4\n|start\n|switch|p1a: Tinkaton|Tinkaton, L50, F|100/100\n|switch|p1b: Volcarona|Volcarona, L50, F|100/100\n|switch|p2a: Sylveon|Sylveon, L50, F|100/100\n|switch|p2b: Charizard|Charizard, L50, F|100/100\n|-ability|p1a: Tinkaton|Mold Breaker\n|turn|1\n|\n|t:|1788270564\n|detailschange|p2b: Charizard|Charizard-Mega-Y, L50, F\n|-mega|p2b: Charizard|Charizard|Charizardite Y\n|-weather|SunnyDay|[from] ability: Drought|[of] p2b: Charizard\n|move|p1a: Tinkaton|Fake Out|p2b: Charizard\n|-damage|p2b: Charizard|91/100\n|move|p1b: Volcarona|Quiver Dance|p1b: Volcarona\n|-boost|p1b: Volcarona|spa|1\n|-boost|p1b: Volcarona|spd|1\n|-boost|p1b: Volcarona|spe|1\n|cant|p2b: Charizard|flinch\n|move|p2a: Sylveon|Hyper Voice|p1b: Volcarona|[spread] p1a,p1b\n|-resisted|p1a: Tinkaton|1\n|-resisted|p1b: Volcarona|1\n|-damage|p1a: Tinkaton|74/100\n|-damage|p1b: Volcarona|83/100\n|\n|-weather|SunnyDay|[upkeep]\n|upkeep\n|turn|2\n|\n|t:|1788270579\n|move|p1b: Volcarona|Heat Wave|p2a: Sylveon|[spread] p2a,p2b\n|-resisted|p2b: Charizard|1\n|-damage|p2a: Sylveon|22/100\n|-damage|p2b: Charizard|39/100\n|move|p1a: Tinkaton|Knock Off|p2a: Sylveon\n|-resisted|p2a: Sylveon|1\n|-damage|p2a: Sylveon|11/100\n|-enditem|p2a: Sylveon|Fairy Feather|[from] move: Knock Off|[of] p1a: Tinkaton\n|move|p2b: Charizard|Heat Wave|p1b: Volcarona|[spread] p1a\n|-miss|p2b: Charizard|p1b: Volcarona\n|-supereffective|p1a: Tinkaton|1\n|-enditem|p1a: Tinkaton|Occa Berry|[eat]\n|-enditem|p1a: Tinkaton|Occa Berry|[weaken]\n|-damage|p1a: Tinkaton|7/100\n|move|p2a: Sylveon|Hyper Voice|p1b: Volcarona|[spread] p1a,p1b\n|-resisted|p1a: Tinkaton|1\n|-resisted|p1b: Volcarona|1\n|-damage|p1a: Tinkaton|0 fnt\n|-damage|p1b: Volcarona|67/100\n|faint|p1a: Tinkaton\n|\n|-weather|SunnyDay|[upkeep]\n|upkeep\n|\n|t:|1788270590\n|switch|p1a: Espathra|Espathra, L50, M|100/100\n|turn|3\n|\n|t:|1788270596\n|move|p2a: Sylveon|Detect|p2a: Sylveon\n|-singleturn|p2a: Sylveon|Protect\n|move|p1b: Volcarona|Heat Wave|p2b: Charizard|[spread] p2b\n|-activate|p2a: Sylveon|move: Protect\n|-resisted|p2b: Charizard|1\n|-damage|p2b: Charizard|0 fnt\n|faint|p2b: Charizard\n|move|p1a: Espathra|Lumina Crash|p2a: Sylveon\n|-activate|p2a: Sylveon|move: Protect\n|\n|-weather|SunnyDay|[upkeep]\n|-ability|p1a: Espathra|Speed Boost|boost\n|-boost|p1a: Espathra|spe|1\n|upkeep\n|\n|t:|1788270598\n|switch|p2b: Kingambit|Kingambit, L50, F|100/100\n|-activate|p2b: Kingambit|ability: Supreme Overlord\n|-start|p2b: Kingambit|fallen1|[silent]\n|turn|4\n|\n|t:|1788270607\n|move|p1b: Volcarona|Protect|p1b: Volcarona\n|-singleturn|p1b: Volcarona|Protect\n|move|p2a: Sylveon|Quick Attack|p1b: Volcarona\n|-activate|p1b: Volcarona|move: Protect\n|move|p1a: Espathra|Psychic Terrain|p1a: Espathra\n|-fieldstart|move: Psychic Terrain\n|move|p2b: Kingambit|Iron Head|p1a: Espathra\n|-crit|p1a: Espathra\n|-enditem|p1a: Espathra|Focus Sash\n|-damage|p1a: Espathra|1/100\n|\n|-weather|SunnyDay|[upkeep]\n|-ability|p1a: Espathra|Speed Boost|boost\n|-boost|p1a: Espathra|spe|1\n|upkeep\n|turn|5\n|\n|t:|1788270617\n|move|p2a: Sylveon|Detect|p2a: Sylveon\n|-singleturn|p2a: Sylveon|Protect\n|move|p2b: Kingambit|Sucker Punch|p1b: Volcarona\n|-activate|p1b: Volcarona|move: Psychic Terrain\n|move|p1a: Espathra|Lumina Crash|p2a: Sylveon\n|-activate|p2a: Sylveon|move: Protect\n|move|p1b: Volcarona|Heat Wave|p2b: Kingambit|[spread] p2b\n|-activate|p2a: Sylveon|move: Protect\n|-supereffective|p2b: Kingambit|1\n|-damage|p2b: Kingambit|0 fnt\n|faint|p2b: Kingambit\n|-end|p2b: Kingambit|fallen1|[silent]\n|\n|-weather|none\n|-ability|p1a: Espathra|Speed Boost|boost\n|-boost|p1a: Espathra|spe|1\n|upkeep\n|\n|t:|1788270617\n|switch|p2b: Whimsicott|Whimsicott, L50, F|100/100\n|turn|6\n|\n|t:|1788270621\n|move|p2b: Whimsicott|Protect|p2b: Whimsicott\n|-singleturn|p2b: Whimsicott|Protect\n|move|p2a: Sylveon|Quick Attack|p1a: Espathra\n|-activate|p1a: Espathra|move: Psychic Terrain\n|move|p1a: Espathra|Lumina Crash|p2b: Whimsicott\n|-activate|p2b: Whimsicott|move: Protect\n|move|p1b: Volcarona|Heat Wave|p2a: Sylveon|[spread] p2a\n|-activate|p2b: Whimsicott|move: Protect\n|-damage|p2a: Sylveon|0 fnt\n|faint|p2a: Sylveon\n|\n|-ability|p1a: Espathra|Speed Boost|boost\n|-boost|p1a: Espathra|spe|1\n|upkeep\n|turn|7\n|\n|t:|1788270626\n|move|p2b: Whimsicott|Protect|p2b: Whimsicott\n|-singleturn|p2b: Whimsicott|Protect\n|move|p1a: Espathra|Lumina Crash|p2b: Whimsicott\n|-activate|p2b: Whimsicott|move: Protect\n|move|p1b: Volcarona|Bug Buzz|p2b: Whimsicott\n|-activate|p2b: Whimsicott|move: Protect\n|\n|-ability|p1a: Espathra|Speed Boost|boost\n|-boost|p1a: Espathra|spe|1\n|upkeep\n|turn|8\n|c|☆brawler206|ggs\n|\n|t:|1788270633\n|move|p2b: Whimsicott|Protect||[still]\n|-fail|p2b: Whimsicott\n|move|p1a: Espathra|Lumina Crash|p2b: Whimsicott\n|-damage|p2b: Whimsicott|44/100\n|-unboost|p2b: Whimsicott|spd|2\n|move|p1b: Volcarona|Bug Buzz|p2b: Whimsicott\n|-damage|p2b: Whimsicott|0 fnt\n|faint|p2b: Whimsicott\n|\n|win|brawler206\n|raw|brawler206's rating: 1078 &rarr; <strong>1111</strong><br />(+33 for winning)\n|raw|Thornlace48812's rating: 1133 &rarr; <strong>1104</strong><br />(-29 for losing)\n","uploadtime":1788270634,"views":"0","formatid":"gen9championsvgc2026regmb","rating":1104,"private":0,"password":null}