{"id":"gen9championsvgc2026regmbbo3-2673386531","format":"[Gen 9 Champions] VGC 2026 Reg M-B (Bo3)","players":["aerodactylhater","mellowflight"],"log":"|j|☆aerodactylhater\n|j|☆mellowflight\n|html|<table width=\"100%\"><tr><td align=\"left\">aerodactylhater</td><td align=\"right\">mellowflight</tr><tr><td align=\"left\"><i class=\"fa fa-circle-o\"></i> <i class=\"fa fa-circle-o\"></i> </td><td align=\"right\"><i class=\"fa fa-circle-o\"></i> <i class=\"fa fa-circle\"></i> </tr></table>\n|uhtml|bestof|<h2><strong>Game 2</strong> of <a href=\"/game-bestof3-gen9championsvgc2026regmbbo3-2673385358\">a best-of-3</a></h2>\n|t:|1788191480\n|gametype|doubles\n|player|p1|aerodactylhater|cowgirl|1397\n|player|p2|mellowflight|rhi|1325\n|gen|9\n|tier|[Gen 9 Champions] VGC 2026 Reg M-B (Bo3)\n|rated|\n|rule|Species Clause: Limit one of each Pokémon\n|rule|Item Clause: Limit 1 of each item\n|clearpoke\n|poke|p1|Tyranitar, L50, F|\n|poke|p1|Excadrill, L50, M|\n|poke|p1|Milotic, L50, F|\n|poke|p1|Sinistcha, L50|\n|poke|p1|Staraptor, L50, M|\n|poke|p1|Gholdengo, L50|\n|poke|p2|Staraptor, L50, F|\n|poke|p2|Glimmora, L50, M|\n|poke|p2|Basculegion, L50, M|\n|poke|p2|Whimsicott, L50, F|\n|poke|p2|Kingambit, L50, M|\n|poke|p2|Floette-Eternal, L50, F|\n|teampreview|4\n|showteam|p1|Tyranitar||Tyranitarite|SandStream|RockSlide,KnockOff,LowKick,Protect|Jolly||F|||50|]Excadrill||FocusSash|SandRush|RockSlide,IronHead,HighHorsepower,Protect|Adamant||M|||50|]Milotic||SitrusBerry|Competitive|Scald,IceBeam,Recover,Protect|Calm||F|||50|]Sinistcha||ColburBerry|Hospitality|MatchaGotcha,RagePowder,ShadowBall,Protect|Bold|||||50|]Staraptor||Staraptite|Intimidate|BraveBird,CloseCombat,Tailwind,Protect|Jolly||M|||50|]Gholdengo||LifeOrb|GoodasGold|MakeItRain,ShadowBall,NastyPlot,Protect|Modest|||||50|\n|showteam|p2|Staraptor||Staraptite|Intimidate|CloseCombat,Roost,Protect,BraveBird|Jolly||F|||50|]Glimmora||LifeOrb|ToxicDebris|PowerGem,EarthPower,SludgeBomb,SpikyShield|Timid||M|||50|]Basculegion||SitrusBerry|Adaptability|LastRespects,AquaJet,WaveCrash,Protect|Adamant||M|||50|]Whimsicott||FocusSash|Prankster|Tailwind,Moonblast,Encore,Protect|Timid||F|||50|]Kingambit||ChopleBerry|Defiant|SuckerPunch,LowKick,KowtowCleave,IronHead|Adamant||M|||50|]Floette-Eternal||Floettite|FlowerVeil|Moonblast,DazzlingGleam,Protect,LightofRuin|Timid||F|||50|\n|inactive|Battle timer is ON: inactive players will automatically lose when time's up. (requested by aerodactylhater)\n|inactive|aerodactylhater has 60 seconds left.\n|\n|t:|1788191521\n|teamsize|p1|4\n|teamsize|p2|4\n|start\n|switch|p1a: Sinistcha|Sinistcha, L50|100/100\n|switch|p1b: Tyranitar|Tyranitar, L50, F|100/100\n|switch|p2a: Staraptor|Staraptor, L50, F|100/100\n|switch|p2b: Kingambit|Kingambit, L50, M|100/100\n|-ability|p2a: Staraptor|Intimidate|boost\n|-unboost|p1a: Sinistcha|atk|1\n|-unboost|p1b: Tyranitar|atk|1\n|-weather|Sandstorm|[from] ability: Sand Stream|[of] p1b: Tyranitar\n|turn|1\n|\n|t:|1788191546\n|detailschange|p2a: Staraptor|Staraptor-Mega, L50, F\n|-mega|p2a: Staraptor|Staraptor|Staraptite\n|detailschange|p1b: Tyranitar|Tyranitar-Mega, L50, F\n|-mega|p1b: Tyranitar|Tyranitar|Tyranitarite\n|move|p1a: Sinistcha|Rage Powder|p1a: Sinistcha\n|-singleturn|p1a: Sinistcha|move: Rage Powder\n|move|p2a: Staraptor|Brave Bird|p1a: Sinistcha\n|-supereffective|p1a: Sinistcha|1\n|-damage|p1a: Sinistcha|11/100\n|-damage|p2a: Staraptor|72/100|[from] Recoil\n|move|p1b: Tyranitar|Low Kick|p2b: Kingambit\n|-supereffective|p2b: Kingambit|2\n|-enditem|p2b: Kingambit|Chople Berry|[eat]\n|-enditem|p2b: Kingambit|Chople Berry|[weaken]\n|-damage|p2b: Kingambit|56/100\n|move|p2b: Kingambit|Kowtow Cleave|p1a: Sinistcha\n|-supereffective|p1a: Sinistcha|1\n|-enditem|p1a: Sinistcha|Colbur Berry|[eat]\n|-enditem|p1a: Sinistcha|Colbur Berry|[weaken]\n|-damage|p1a: Sinistcha|0 fnt\n|faint|p1a: Sinistcha\n|\n|-weather|Sandstorm|[upkeep]\n|-damage|p2a: Staraptor|66/100|[from] Sandstorm\n|upkeep\n|\n|t:|1788191561\n|switch|p1a: Excadrill|Excadrill, L50, M|100/100\n|turn|2\n|\n|t:|1788191581\n|switch|p1b: Gholdengo|Gholdengo, L50|100/100\n|move|p2b: Kingambit|Sucker Punch|p1a: Excadrill\n|-damage|p1a: Excadrill|48/100\n|move|p1a: Excadrill|High Horsepower|p2b: Kingambit\n|-supereffective|p2b: Kingambit|1\n|-damage|p2b: Kingambit|0 fnt\n|faint|p2b: Kingambit\n|move|p2a: Staraptor|Close Combat|p1b: Gholdengo\n|-immune|p1b: Gholdengo\n|\n|-weather|Sandstorm|[upkeep]\n|-damage|p2a: Staraptor|60/100|[from] Sandstorm\n|upkeep\n|\n|t:|1788191592\n|switch|p2b: Whimsicott|Whimsicott, L50, F|100/100\n|turn|3\n|inactive|aerodactylhater has 30 seconds left.\n|\n|t:|1788191620\n|move|p2a: Staraptor|Protect|p2a: Staraptor\n|-singleturn|p2a: Staraptor|Protect\n|move|p2b: Whimsicott|Tailwind|p2b: Whimsicott\n|-sidestart|p2: mellowflight|move: Tailwind\n|move|p1a: Excadrill|Iron Head|p2b: Whimsicott\n|-supereffective|p2b: Whimsicott|1\n|-enditem|p2b: Whimsicott|Focus Sash\n|-damage|p2b: Whimsicott|1/100\n|move|p1b: Gholdengo|Shadow Ball|p2b: Whimsicott\n|-damage|p2b: Whimsicott|0 fnt\n|faint|p2b: Whimsicott\n|-damage|p1b: Gholdengo|90/100|[from] item: Life Orb\n|\n|-weather|Sandstorm|[upkeep]\n|-damage|p2a: Staraptor|54/100|[from] Sandstorm\n|upkeep\n|\n|t:|1788191622\n|switch|p2b: Basculegion|Basculegion, L50, M|100/100\n|turn|4\n|\n|t:|1788191631\n|move|p1a: Excadrill|Protect|p1a: Excadrill\n|-singleturn|p1a: Excadrill|Protect\n|move|p1b: Gholdengo|Protect|p1b: Gholdengo\n|-singleturn|p1b: Gholdengo|Protect\n|move|p2a: Staraptor|Close Combat|p1a: Excadrill\n|-activate|p1a: Excadrill|move: Protect\n|move|p2b: Basculegion|Last Respects|p1b: Gholdengo\n|-activate|p1b: Gholdengo|move: Protect\n|\n|-weather|Sandstorm|[upkeep]\n|-damage|p2a: Staraptor|48/100|[from] Sandstorm\n|-damage|p2b: Basculegion|93/100|[from] Sandstorm\n|upkeep\n|turn|5\n|\n|t:|1788191647\n|switch|p1b: Tyranitar|Tyranitar-Mega, L50, F|100/100\n|move|p2a: Staraptor|Close Combat|p1a: Excadrill\n|-supereffective|p1a: Excadrill|1\n|-damage|p1a: Excadrill|0 fnt\n|-boost|p2a: Staraptor|def|1\n|-boost|p2a: Staraptor|spd|1\n|faint|p1a: Excadrill\n|move|p2b: Basculegion|Last Respects|p1b: Tyranitar\n|-resisted|p1b: Tyranitar|1\n|-damage|p1b: Tyranitar|68/100\n|\n|-weather|none\n|upkeep\n|\n|t:|1788191650\n|switch|p1a: Gholdengo|Gholdengo, L50|90/100\n|turn|6\n|\n|t:|1788191657\n|move|p1a: Gholdengo|Protect|p1a: Gholdengo\n|-singleturn|p1a: Gholdengo|Protect\n|move|p1b: Tyranitar|Protect|p1b: Tyranitar\n|-singleturn|p1b: Tyranitar|Protect\n|move|p2a: Staraptor|Roost|p2a: Staraptor\n|-heal|p2a: Staraptor|98/100\n|-singleturn|p2a: Staraptor|move: Roost\n|move|p2b: Basculegion|Last Respects|p1a: Gholdengo\n|-activate|p1a: Gholdengo|move: Protect\n|\n|-sideend|p2: mellowflight|move: Tailwind\n|upkeep\n|turn|7\n|\n|t:|1788191664\n|move|p2b: Basculegion|Protect|p2b: Basculegion\n|-singleturn|p2b: Basculegion|Protect\n|move|p2a: Staraptor|Close Combat|p1b: Tyranitar\n|-supereffective|p1b: Tyranitar|2\n|-damage|p1b: Tyranitar|0 fnt\n|-boost|p2a: Staraptor|def|1\n|-boost|p2a: Staraptor|spd|1\n|faint|p1b: Tyranitar\n|move|p1a: Gholdengo|Shadow Ball|p2b: Basculegion\n|-activate|p2b: Basculegion|move: Protect\n|\n|upkeep\n|turn|8\n|\n|t:|1788191672\n|move|p2b: Basculegion|Aqua Jet|p1a: Gholdengo\n|-damage|p1a: Gholdengo|61/100\n|move|p2a: Staraptor|Brave Bird|p1a: Gholdengo\n|-resisted|p1a: Gholdengo|1\n|-damage|p1a: Gholdengo|31/100\n|-damage|p2a: Staraptor|89/100|[from] Recoil\n|move|p1a: Gholdengo|Shadow Ball|p2b: Basculegion\n|-supereffective|p2b: Basculegion|1\n|-damage|p2b: Basculegion|0 fnt\n|faint|p2b: Basculegion\n|-damage|p1a: Gholdengo|21/100|[from] item: Life Orb\n|\n|upkeep\n|turn|9\n|\n|t:|1788191677\n|move|p2a: Staraptor|Brave Bird|p1a: Gholdengo\n|-resisted|p1a: Gholdengo|1\n|-damage|p1a: Gholdengo|0 fnt\n|faint|p1a: Gholdengo\n|-damage|p2a: Staraptor|82/100|[from] Recoil\n|\n|win|mellowflight\n|raw|aerodactylhater's rating: 1397 &rarr; <strong>1373</strong><br />(-24 for losing)\n|raw|mellowflight's rating: 1325 &rarr; <strong>1349</strong><br />(+24 for winning)\n","uploadtime":1788191680,"views":"0","formatid":"gen9championsvgc2026regmbbo3","rating":1349,"private":0,"password":null}