{"id":"gen9championsvgc2026regmb-2674232961","format":"[Gen 9 Champions] VGC 2026 Reg M-B","players":["magicalarcher57","TG511"],"log":"|j|☆magicalarcher57\n|j|☆TG511\n|html|<table width=\"100%\"><tr><td align=\"left\">magicalarcher57</td><td align=\"right\">TG511</tr><tr><td align=\"left\"><i class=\"fa fa-circle\"></i> <i class=\"fa fa-circle-o\"></i> </td><td align=\"right\"><i class=\"fa fa-circle-o\"></i> <i class=\"fa fa-circle\"></i> </tr></table>\n|uhtml|bestof|<h2><strong>Game 3</strong> of <a href=\"/game-bestof3-gen9championsvgc2026regmb-2674230768\">a best-of-3</a></h2>\n|t:|1788319890\n|gametype|doubles\n|player|p1|magicalarcher57|cynthia-masters|\n|player|p2|TG511|twins-gen4|\n|gen|9\n|tier|[Gen 9 Champions] VGC 2026 Reg M-B\n|rated|Tournament battle\n|rule|Species Clause: Limit one of each Pokémon\n|rule|Item Clause: Limit 1 of each item\n|raw|<div class=\"infobox\"><details class=\"readmore\" open><summary><strong>2 custom rules:</strong></summary> Force Open Team Sheets, Best of = 3</details></div>\n|clearpoke\n|poke|p1|Raichu, L50, F, shiny|\n|poke|p1|Garchomp, L50, M, shiny|\n|poke|p1|Whimsicott, L50, M, shiny|\n|poke|p1|Kingambit, L50, F, shiny|\n|poke|p1|Charizard, L50, M, shiny|\n|poke|p1|Basculegion, L50, M|\n|poke|p2|Staraptor, L50, M, shiny|\n|poke|p2|Garchomp, L50, M, shiny|\n|poke|p2|Whimsicott, L50, M, shiny|\n|poke|p2|Delphox, L50, M, shiny|\n|poke|p2|Glimmora, L50, M, shiny|\n|poke|p2|Kingambit, L50, M, shiny|\n|teampreview|4\n|showteam|p1|Raichu||RaichuniteY|LightningRod|FakeOut,FocusBlast,ZapCannon,Protect|Timid||F|||50|]Garchomp||LifeOrb|RoughSkin|DragonClaw,RockSlide,StompingTantrum,Protect|Jolly||M|||50|]Whimsicott||FocusSash|Prankster|Moonblast,Tailwind,Protect,Encore|Timid||M|||50|]Kingambit||BlackGlasses|Defiant|SuckerPunch,KowtowCleave,IronHead,Protect|Adamant||F|||50|]Charizard||CharizarditeY|Blaze|WeatherBall,AncientPower,HeatWave,Protect|Modest||M|||50|]Basculegion||MysticWater|Adaptability|WaveCrash,LastRespects,AquaJet,Protect|Adamant||M|||50|\n|showteam|p2|Staraptor||Staraptite|Intimidate|Protect,Roost,CloseCombat,BraveBird|Jolly||M|||50|]Garchomp||LifeOrb|RoughSkin|Protect,RockSlide,Earthquake,DragonClaw|Jolly||M|||50|]Whimsicott||FairyFeather|Prankster|Moonblast,Tailwind,Charm,Protect|Timid||M|||50|]Delphox||Delphoxite|Blaze|Protect,Psychic,HeatWave,Substitute|Timid||M|||50|]Glimmora||FocusSash|ToxicDebris|SpikyShield,SludgeBomb,EarthPower,PowerGem|Timid||M|||50|]Kingambit||ChopleBerry|Defiant|SuckerPunch,LowKick,IronHead,KowtowCleave|Adamant||M|||50|\n|inactive|Battle timer is ON: inactive players will automatically lose when time's up. (requested by magicalarcher57)\n|j| Leafeon Enjoyer\n|j| kafu banton\n|j| Gibbermish!\n|j| Tindall64\n|\n|t:|1788319916\n|teamsize|p1|4\n|teamsize|p2|4\n|start\n|switch|p1a: Whimsicott|Whimsicott, L50, M, shiny|100/100\n|switch|p1b: Garchomp|Garchomp, L50, M, shiny|100/100\n|switch|p2a: OH MY GOTTO!!!!!!!|Whimsicott, L50, M, shiny|100/100\n|switch|p2b: Kingambit|Kingambit, L50, M, shiny|100/100\n|turn|1\n|\n|t:|1788319926\n|move|p1a: Whimsicott|Tailwind|p1a: Whimsicott\n|-sidestart|p1: magicalarcher57|move: Tailwind\n|move|p2b: Kingambit|Sucker Punch|p1b: Garchomp\n|-damage|p1b: Garchomp|62/100\n|-damage|p2b: Kingambit|87/100|[from] ability: Rough Skin|[of] p1b: Garchomp\n|move|p1b: Garchomp|Stomping Tantrum|p2b: Kingambit\n|-supereffective|p2b: Kingambit|1\n|-damage|p2b: Kingambit|10/100\n|-damage|p1b: Garchomp|52/100|[from] item: Life Orb\n|move|p2a: OH MY GOTTO!!!!!!!|Moonblast|p1b: Garchomp\n|-supereffective|p1b: Garchomp|1\n|-damage|p1b: Garchomp|0 fnt\n|faint|p1b: Garchomp\n|\n|upkeep\n|\n|t:|1788319945\n|switch|p1b: Charizard|Charizard, L50, M, shiny|100/100\n|turn|2\n|\n|t:|1788319951\n|switch|p2a: Fuga|Delphox, L50, M, shiny|100/100\n|detailschange|p1b: Charizard|Charizard-Mega-Y, L50, M, shiny\n|-mega|p1b: Charizard|Charizard|Charizardite Y\n|-weather|SunnyDay|[from] ability: Drought|[of] p1b: Charizard\n|move|p1a: Whimsicott|Encore||[still]\n|-fail|p1a: Whimsicott\n|move|p2b: Kingambit|Sucker Punch|p1b: Charizard\n|-damage|p1b: Charizard|45/100\n|move|p1b: Charizard|Heat Wave|p2a: Fuga|[spread] p2a,p2b\n|-resisted|p2a: Fuga|1\n|-supereffective|p2b: Kingambit|1\n|-damage|p2a: Fuga|62/100\n|-damage|p2b: Kingambit|0 fnt\n|faint|p2b: Kingambit\n|\n|-weather|SunnyDay|[upkeep]\n|upkeep\n|\n|t:|1788319953\n|switch|p2b: OH MY GOTTO!!!!!!!|Whimsicott, L50, M, shiny|100/100\n|turn|3\n|\n|t:|1788319961\n|detailschange|p2a: Fuga|Delphox-Mega, L50, M, shiny\n|-mega|p2a: Fuga|Delphox|Delphoxite\n|move|p2b: OH MY GOTTO!!!!!!!|Tailwind|p2b: OH MY GOTTO!!!!!!!\n|-sidestart|p2: TG511|move: Tailwind\n|move|p2a: Fuga|Heat Wave|p1a: Whimsicott|[spread] p1a,p1b\n|-supereffective|p1a: Whimsicott|1\n|-resisted|p1b: Charizard|1\n|-enditem|p1a: Whimsicott|Focus Sash\n|-damage|p1a: Whimsicott|1/100\n|-damage|p1b: Charizard|15/100\n|move|p1a: Whimsicott|Moonblast|p2b: OH MY GOTTO!!!!!!!\n|-damage|p2b: OH MY GOTTO!!!!!!!|40/100\n|move|p1b: Charizard|Ancient Power|p2a: Fuga\n|-supereffective|p2a: Fuga|1\n|-damage|p2a: Fuga|11/100\n|\n|-weather|SunnyDay|[upkeep]\n|upkeep\n|turn|4\n|inactive|magicalarcher57 has 30 seconds left.\n|\n|t:|1788319992\n|move|p1a: Whimsicott|Protect|p1a: Whimsicott\n|-singleturn|p1a: Whimsicott|Protect\n|move|p2a: Fuga|Heat Wave|p1a: Whimsicott|[spread] p1b\n|-activate|p1a: Whimsicott|move: Protect\n|-resisted|p1b: Charizard|1\n|-damage|p1b: Charizard|0 fnt\n|faint|p1b: Charizard\n|move|p2b: OH MY GOTTO!!!!!!!|Moonblast|p1a: Whimsicott\n|-activate|p1a: Whimsicott|move: Protect\n|\n|-weather|SunnyDay|[upkeep]\n|-sideend|p1: magicalarcher57|move: Tailwind\n|upkeep\n|l| kafu banton\n|\n|t:|1788320007\n|switch|p1b: Kingambit|Kingambit, L50, F, shiny|100/100\n|turn|5\n|\n|t:|1788320014\n|move|p1b: Kingambit|Sucker Punch|p2a: Fuga\n|-supereffective|p2a: Fuga|1\n|-damage|p2a: Fuga|0 fnt\n|faint|p2a: Fuga\n|move|p2b: OH MY GOTTO!!!!!!!|Moonblast|p1a: Whimsicott\n|-damage|p1a: Whimsicott|0 fnt\n|faint|p1a: Whimsicott\n|\n|-weather|SunnyDay|[upkeep]\n|upkeep\n|\n|t:|1788320017\n|switch|p2a: Garchomp|Garchomp, L50, M, shiny|100/100\n|turn|6\n|j| TheOneAndOnlyChat\n|\n|t:|1788320032\n|move|p2a: Garchomp|Protect|p2a: Garchomp\n|-singleturn|p2a: Garchomp|Protect\n|move|p1b: Kingambit|Protect|p1b: Kingambit\n|-singleturn|p1b: Kingambit|Protect\n|move|p2b: OH MY GOTTO!!!!!!!|Moonblast|p1b: Kingambit\n|-activate|p1b: Kingambit|move: Protect\n|\n|-weather|none\n|-sideend|p2: TG511|move: Tailwind\n|upkeep\n|turn|7\n|\n|t:|1788320040\n|move|p1b: Kingambit|Sucker Punch|p2b: OH MY GOTTO!!!!!!!\n|-resisted|p2b: OH MY GOTTO!!!!!!!|1\n|-damage|p2b: OH MY GOTTO!!!!!!!|3/100\n|move|p2b: OH MY GOTTO!!!!!!!|Moonblast|p1b: Kingambit\n|-damage|p1b: Kingambit|52/100\n|move|p2a: Garchomp|Earthquake|p1b: Kingambit|[spread] p2b,p1b\n|-resisted|p2b: OH MY GOTTO!!!!!!!|1\n|-supereffective|p1b: Kingambit|1\n|-damage|p2b: OH MY GOTTO!!!!!!!|0 fnt\n|-damage|p1b: Kingambit|0 fnt\n|faint|p2b: OH MY GOTTO!!!!!!!\n|faint|p1b: Kingambit\n|-damage|p2a: Garchomp|90/100|[from] item: Life Orb\n|\n|win|TG511\n","uploadtime":1788320041,"views":"0","formatid":"gen9championsvgc2026regmb","rating":null,"private":0,"password":null}