{"id":"gen9championsvgc2026regmbbo3-2673888885","format":"[Gen 9 Champions] VGC 2026 Reg M-B (Bo3)","players":["redjaguar","marix_ou"],"log":"|j|☆redjaguar\n|j|☆marix_ou\n|html|<table width=\"100%\"><tr><td align=\"left\">redjaguar</td><td align=\"right\">marix_ou</tr><tr><td align=\"left\"><i class=\"fa fa-circle-o\"></i> <i class=\"fa fa-circle-o\"></i> </td><td align=\"right\"><i class=\"fa fa-circle-o\"></i> <i class=\"fa fa-circle-o\"></i> </tr></table>\n|uhtml|bestof|<h2><strong>Game 1</strong> of <a href=\"/game-bestof3-gen9championsvgc2026regmbbo3-2673888884\">a best-of-3</a></h2>\n|t:|1788273422\n|gametype|doubles\n|player|p1|redjaguar|gambler|1167\n|player|p2|marix_ou|wattson|1246\n|gen|9\n|tier|[Gen 9 Champions] VGC 2026 Reg M-B (Bo3)\n|rated|\n|rule|Species Clause: Limit one of each Pokémon\n|rule|Item Clause: Limit 1 of each item\n|clearpoke\n|poke|p1|Farigiraf, L50, M|\n|poke|p1|Aerodactyl, L50, M|\n|poke|p1|Gardevoir, L50, M|\n|poke|p1|Basculegion, L50, M|\n|poke|p1|Infernape, L50, M|\n|poke|p1|Garchomp, L50, M|\n|poke|p2|Swampert, L50, M|\n|poke|p2|Ninetales-Alola, L50, F|\n|poke|p2|Incineroar, L50, F|\n|poke|p2|Dragonite, L50, M|\n|poke|p2|Sneasler, L50, F|\n|poke|p2|Gengar, L50, M|\n|teampreview|4\n|showteam|p1|Farigiraf||SitrusBerry|ArmorTail|Psychic,TrickRoom,Protect,HelpingHand|Bold||M|||50|]Aerodactyl||FocusSash|Unnerve|Tailwind,RockSlide,WideGuard,Protect|Jolly||M|||50|]Gardevoir||Gardevoirite|Telepathy|HyperVoice,Psychic,CalmMind,Protect|Timid||M|||50|]Basculegion||MysticWater|Adaptability|AquaJet,LastRespects,WaveCrash,Protect|Adamant||M|||50|]Infernape||WhiteHerb|IronFist|CloseCombat,FirePunch,FakeOut,StoneEdge|Jolly||M|||50|]Garchomp||LifeOrb|RoughSkin|Earthquake,RockSlide,DragonClaw,Protect|Jolly||M|||50|\n|showteam|p2|Swampert||Leftovers|Torrent|HighHorsepower,FlipTurn,Yawn,Protect|Brave||M|||50|]Ninetales-Alola||ChoiceScarf|SnowWarning|Blizzard,FreezeDry,IcyWind,Encore|Timid||F|||50|]Incineroar||SitrusBerry|Intimidate|FlareBlitz,DarkestLariat,FakeOut,PartingShot|Impish||F|||50|]Dragonite||LifeOrb|InnerFocus|DragonClaw,ExtremeSpeed,Protect,Superpower|Adamant||M|||50|]Sneasler||FocusSash|Unburden|CloseCombat,DireClaw,RockSlide,Protect|Adamant||F|||50|]Gengar||Gengarite|CursedBody|SludgeBomb,ShadowBall,Substitute,Protect|Modest||M|||50|\n|inactive|Battle timer is ON: inactive players will automatically lose when time's up. (requested by marix_ou)\n|\n|t:|1788273469\n|teamsize|p1|4\n|teamsize|p2|4\n|start\n|switch|p1a: Aerodactyl|Aerodactyl, L50, M|100/100\n|switch|p1b: Garchomp|Garchomp, L50, M|100/100\n|switch|p2a: Incineroar|Incineroar, L50, F|100/100\n|switch|p2b: Dragonite|Dragonite, L50, M|100/100\n|-ability|p1a: Aerodactyl|Unnerve\n|-ability|p2a: Incineroar|Intimidate|boost\n|-unboost|p1a: Aerodactyl|atk|1\n|-unboost|p1b: Garchomp|atk|1\n|turn|1\n|inactive|redjaguar has 30 seconds left.\n|\n|t:|1788273496\n|move|p1a: Aerodactyl|Protect|p1a: Aerodactyl\n|-singleturn|p1a: Aerodactyl|Protect\n|move|p1b: Garchomp|Protect|p1b: Garchomp\n|-singleturn|p1b: Garchomp|Protect\n|move|p2a: Incineroar|Fake Out|p1a: Aerodactyl\n|-activate|p1a: Aerodactyl|move: Protect\n|move|p2b: Dragonite|Dragon Claw|p1a: Aerodactyl\n|-activate|p1a: Aerodactyl|move: Protect\n|\n|upkeep\n|turn|2\n|\n|t:|1788273518\n|move|p1a: Aerodactyl|Rock Slide|p2b: Dragonite|[spread] p2a,p2b\n|-supereffective|p2a: Incineroar|1\n|-supereffective|p2b: Dragonite|1\n|-damage|p2a: Incineroar|76/100\n|-damage|p2b: Dragonite|66/100\n|move|p1b: Garchomp|Dragon Claw|p2b: Dragonite\n|-supereffective|p2b: Dragonite|1\n|-damage|p2b: Dragonite|2/100\n|-damage|p1b: Garchomp|90/100|[from] item: Life Orb\n|move|p2b: Dragonite|Dragon Claw|p1b: Garchomp\n|-supereffective|p1b: Garchomp|1\n|-damage|p1b: Garchomp|0 fnt\n|-damage|p2b: Dragonite|0 fnt|[from] ability: Rough Skin|[of] p1b: Garchomp\n|faint|p1b: Garchomp\n|faint|p2b: Dragonite\n|cant|p2a: Incineroar|flinch\n|\n|upkeep\n|\n|t:|1788273543\n|switch|p1b: Gardevoir|Gardevoir, L50, M|100/100\n|switch|p2b: Gengar|Gengar, L50, M|100/100\n|turn|3\n|inactive|marix_ou has 30 seconds left.\n|inactive|marix_ou has 20 seconds left.\n|\n|t:|1788273584\n|detailschange|p2b: Gengar|Gengar-Mega, L50, M\n|-mega|p2b: Gengar|Gengar|Gengarite\n|detailschange|p1b: Gardevoir|Gardevoir-Mega, L50, M\n|-mega|p1b: Gardevoir|Gardevoir|Gardevoirite\n|move|p2b: Gengar|Protect|p2b: Gengar\n|-singleturn|p2b: Gengar|Protect\n|move|p1a: Aerodactyl|Tailwind|p1a: Aerodactyl\n|-sidestart|p1: redjaguar|move: Tailwind\n|move|p1b: Gardevoir|Psychic|p2b: Gengar\n|-activate|p2b: Gengar|move: Protect\n|move|p2a: Incineroar|Parting Shot|p1b: Gardevoir\n|-unboost|p1b: Gardevoir|atk|1\n|-unboost|p1b: Gardevoir|spa|1\n|\n|t:|1788273595\n|switch|p2a: Ninetales|Ninetales-Alola, L50, F|100/100|[from] Parting Shot\n|-weather|Snowscape|[from] ability: Snow Warning|[of] p2a: Ninetales\n|\n|-weather|Snowscape|[upkeep]\n|upkeep\n|turn|4\n|\n|t:|1788273615\n|switch|p2b: Incineroar|Incineroar, L50, F|76/100\n|-ability|p2b: Incineroar|Intimidate|boost\n|-unboost|p1a: Aerodactyl|atk|1\n|-unboost|p1b: Gardevoir|atk|1\n|move|p1a: Aerodactyl|Wide Guard|p1a: Aerodactyl\n|-singleturn|p1a: Aerodactyl|Wide Guard\n|move|p1b: Gardevoir|Psychic|p2b: Incineroar\n|-immune|p2b: Incineroar\n|move|p2a: Ninetales|Icy Wind|p1b: Gardevoir|[spread] \n|-activate|p1a: Aerodactyl|move: Wide Guard\n|-activate|p1b: Gardevoir|move: Wide Guard\n|\n|-weather|Snowscape|[upkeep]\n|upkeep\n|turn|5\n|inactive|redjaguar has 30 seconds left.\n|\n|t:|1788273644\n|switch|p1b: Basculegion|Basculegion, L50, M|100/100\n|move|p2b: Incineroar|Fake Out|p1a: Aerodactyl\n|-resisted|p1a: Aerodactyl|1\n|-damage|p1a: Aerodactyl|91/100\n|cant|p1a: Aerodactyl|flinch\n|move|p2a: Ninetales|Icy Wind|p1a: Aerodactyl|[spread] p1a,p1b\n|-supereffective|p1a: Aerodactyl|1\n|-resisted|p1b: Basculegion|1\n|-damage|p1a: Aerodactyl|49/100\n|-damage|p1b: Basculegion|92/100\n|-unboost|p1a: Aerodactyl|spe|1\n|-unboost|p1b: Basculegion|spe|1\n|\n|-weather|Snowscape|[upkeep]\n|upkeep\n|turn|6\n|inactive|redjaguar has 30 seconds left.\n|inactive|redjaguar has 20 seconds left.\n|inactive|redjaguar has 15 seconds left.\n|\n|t:|1788273687\n|move|p1a: Aerodactyl|Wide Guard|p1a: Aerodactyl\n|-singleturn|p1a: Aerodactyl|Wide Guard\n|move|p2a: Ninetales|Icy Wind|p1a: Aerodactyl|[spread] \n|-activate|p1a: Aerodactyl|move: Wide Guard\n|-activate|p1b: Basculegion|move: Wide Guard\n|move|p1b: Basculegion|Wave Crash|p2b: Incineroar\n|-supereffective|p2b: Incineroar|1\n|-damage|p2b: Incineroar|0 fnt\n|faint|p2b: Incineroar\n|-damage|p1b: Basculegion|70/100|[from] Recoil\n|\n|-weather|Snowscape|[upkeep]\n|-sideend|p1: redjaguar|move: Tailwind\n|upkeep\n|\n|t:|1788273698\n|switch|p2b: Gengar|Gengar-Mega, L50, M|100/100\n|turn|7\n|\n|t:|1788273712\n|move|p2a: Ninetales|Icy Wind|p1b: Basculegion|[spread] p1a,p1b\n|-supereffective|p1a: Aerodactyl|1\n|-crit|p1a: Aerodactyl\n|-resisted|p1b: Basculegion|1\n|-damage|p1a: Aerodactyl|0 fnt\n|-damage|p1b: Basculegion|62/100\n|-unboost|p1b: Basculegion|spe|1\n|faint|p1a: Aerodactyl\n|move|p2b: Gengar|Shadow Ball|p1b: Basculegion\n|-supereffective|p1b: Basculegion|1\n|-damage|p1b: Basculegion|0 fnt\n|faint|p1b: Basculegion\n|\n|-weather|none\n|upkeep\n|\n|t:|1788273725\n|switch|p1b: Gardevoir|Gardevoir-Mega, L50, M|100/100\n|turn|8\n|inactive|redjaguar has 30 seconds left.\n|\n|t:|1788273751\n|move|p2a: Ninetales|Icy Wind|p1b: Gardevoir\n|-damage|p1b: Gardevoir|80/100\n|-unboost|p1b: Gardevoir|spe|1\n|move|p2b: Gengar|Shadow Ball|p1b: Gardevoir\n|-supereffective|p1b: Gardevoir|1\n|-damage|p1b: Gardevoir|0 fnt\n|faint|p1b: Gardevoir\n|\n|win|marix_ou\n||redjaguar is ready for game 2.\n|inactive|marix_ou has 30 seconds to confirm battle start!\n|l|☆marix_ou\n|player|p2|\n||marix_ou is ready for game 2.\n|uhtml|next|Next: <a href=\"/battle-gen9championsvgc2026regmbbo3-2673891751\"><strong>Game 2 of 3</strong></a>\n","uploadtime":1788274166,"views":"0","formatid":"gen9championsvgc2026regmbbo3","rating":null,"private":0,"password":null}