{"id":"gen9championsvgc2026regmb-2674520978","format":"[Gen 9 Champions] VGC 2026 Reg M-B","players":["MasterNoobNK","Onecaptain1"],"log":"|j|☆MasterNoobNK\n|j|☆Onecaptain1\n|t:|1788369529\n|gametype|doubles\n|player|p1|MasterNoobNK|rood|1109\n|player|p2|Onecaptain1|red|1077\n|gen|9\n|tier|[Gen 9 Champions] VGC 2026 Reg M-B\n|rated|\n|rule|Species Clause: Limit one of each Pokémon\n|rule|Item Clause: Limit 1 of each item\n|clearpoke\n|poke|p1|Blastoise, L50, M|\n|poke|p1|Scovillain, L50, M|\n|poke|p1|Pelipper, L50, F|\n|poke|p1|Basculegion, L50, M|\n|poke|p1|Archaludon, L50, M|\n|poke|p1|Kleavor, L50, M|\n|poke|p2|Swampert, L50, F|\n|poke|p2|Pelipper, L50, F|\n|poke|p2|Basculegion, L50, M|\n|poke|p2|Sinistcha, L50|\n|poke|p2|Sneasler, L50, F|\n|poke|p2|Archaludon, L50, M|\n|teampreview|4\n|inactive|Battle timer is ON: inactive players will automatically lose when time's up. (requested by MasterNoobNK)\n|inactive|Onecaptain1 also wants the timer to be on.\n|inactive|MasterNoobNK has 60 seconds left.\n|\n|t:|1788369581\n|teamsize|p1|4\n|teamsize|p2|4\n|start\n|switch|p1a: Pelipper|Pelipper, L50, F|100/100\n|switch|p1b: Archaludon|Archaludon, L50, M|100/100\n|switch|p2a: Archaludon|Archaludon, L50, M|100/100\n|switch|p2b: Pelipper|Pelipper, L50, F|100/100\n|-weather|RainDance|[from] ability: Drizzle|[of] p2b: Pelipper\n|turn|1\n|\n|t:|1788369603\n|switch|p2b: Swampert|Swampert, L50, F|100/100\n|move|p1b: Archaludon|Electro Shot||[still]\n|-prepare|p1b: Archaludon|Electro Shot\n|-boost|p1b: Archaludon|spa|1\n|-anim|p1b: Archaludon|Electro Shot|p2b: Swampert\n|-immune|p2b: Swampert\n|move|p2a: Archaludon|Dragon Pulse|p1b: Archaludon\n|-damage|p1b: Archaludon|33/100\n|-ability|p1b: Archaludon|Stamina|boost\n|-boost|p1b: Archaludon|def|1\n|move|p1a: Pelipper|Tailwind|p1a: Pelipper\n|-sidestart|p1: MasterNoobNK|move: Tailwind\n|\n|-weather|RainDance|[upkeep]\n|-heal|p1b: Archaludon|39/100|[from] item: Leftovers\n|upkeep\n|turn|2\n|inactive|MasterNoobNK has 30 seconds left.\n|inactive|Onecaptain1 has 30 seconds left.\n|\n|t:|1788369634\n|switch|p1a: Scovillain|Scovillain, L50, M|100/100\n|detailschange|p2b: Swampert|Swampert-Mega, L50, F\n|-mega|p2b: Swampert|Swampert|Swampertite\n|move|p2a: Archaludon|Protect|p2a: Archaludon\n|-singleturn|p2a: Archaludon|Protect\n|move|p1b: Archaludon|Draco Meteor|p2a: Archaludon\n|-activate|p2a: Archaludon|move: Protect\n|move|p2b: Swampert|Earthquake|p1b: Archaludon|[spread] p1a,p1b\n|-activate|p2a: Archaludon|move: Protect\n|-supereffective|p1b: Archaludon|1\n|-damage|p1a: Scovillain|31/100\n|-damage|p1b: Archaludon|0 fnt\n|faint|p1b: Archaludon\n|\n|-weather|RainDance|[upkeep]\n|-ability|p1a: Scovillain|Moody|boost\n|-boost|p1a: Scovillain|spe|2\n|-unboost|p1a: Scovillain|atk|1\n|upkeep\n|\n|t:|1788369654\n|switch|p1b: Kleavor|Kleavor, L50, M|100/100\n|turn|3\n|\n|t:|1788369669\n|switch|p2a: Pelipper|Pelipper, L50, F|100/100\n|detailschange|p1a: Scovillain|Scovillain-Mega, L50, M\n|-mega|p1a: Scovillain|Scovillain|Scovillainite\n|move|p1b: Kleavor|Rock Slide|p2b: Swampert|[spread] p2a,p2b\n|-supereffective|p2a: Pelipper|1\n|-resisted|p2b: Swampert|1\n|-damage|p2a: Pelipper|15/100\n|-damage|p2b: Swampert|85/100\n|move|p1a: Scovillain|Giga Drain|p2b: Swampert\n|-supereffective|p2b: Swampert|2\n|-damage|p2b: Swampert|0 fnt\n|-heal|p1a: Scovillain|76/100|[from] drain|[of] p2b: Swampert\n|faint|p2b: Swampert\n|\n|-weather|RainDance|[upkeep]\n|upkeep\n|\n|t:|1788369686\n|switch|p2b: Archaludon|Archaludon, L50, M|100/100\n|turn|4\n|\n|t:|1788369701\n|move|p2a: Pelipper|Wide Guard|p2a: Pelipper\n|-singleturn|p2a: Pelipper|Wide Guard\n|move|p1b: Kleavor|Rock Slide|p2b: Archaludon|[spread] \n|-activate|p2a: Pelipper|move: Wide Guard\n|-activate|p2b: Archaludon|move: Wide Guard\n|move|p1a: Scovillain|Overheat|p2b: Archaludon\n|-damage|p2b: Archaludon|69/100\n|-unboost|p1a: Scovillain|spa|2\n|-ability|p2b: Archaludon|Stamina|boost\n|-boost|p2b: Archaludon|def|1\n|move|p2b: Archaludon|Dragon Pulse|p1a: Scovillain\n|-damage|p1a: Scovillain|33/100\n|-status|p2b: Archaludon|brn|[from] ability: Spicy Spray|[of] p1a: Scovillain\n|\n|-weather|RainDance|[upkeep]\n|-heal|p2b: Archaludon|75/100 brn|[from] item: Leftovers\n|-damage|p2b: Archaludon|69/100 brn|[from] brn\n|-sideend|p1: MasterNoobNK|move: Tailwind\n|upkeep\n|turn|5\n|inactive|Onecaptain1 has 30 seconds left.\n|\n|t:|1788369727\n|move|p1b: Kleavor|Rock Slide|p2a: Pelipper|[spread] p2a,p2b\n|-supereffective|p2a: Pelipper|1\n|-resisted|p2b: Archaludon|1\n|-damage|p2a: Pelipper|0 fnt\n|-damage|p2b: Archaludon|59/100 brn\n|-ability|p2b: Archaludon|Stamina|boost\n|-boost|p2b: Archaludon|def|1\n|faint|p2a: Pelipper\n|move|p1a: Scovillain|Giga Drain|p2b: Archaludon\n|-resisted|p2b: Archaludon|2\n|-damage|p2b: Archaludon|55/100 brn\n|-heal|p1a: Scovillain|35/100|[from] drain|[of] p2b: Archaludon\n|-ability|p2b: Archaludon|Stamina|boost\n|-boost|p2b: Archaludon|def|1\n|move|p2b: Archaludon|Flash Cannon|p1b: Kleavor\n|-supereffective|p1b: Kleavor|1\n|-damage|p1b: Kleavor|0 fnt\n|faint|p1b: Kleavor\n|\n|-weather|RainDance|[upkeep]\n|-heal|p2b: Archaludon|61/100 brn|[from] item: Leftovers\n|-damage|p2b: Archaludon|55/100 brn|[from] brn\n|upkeep\n|\n|t:|1788369747\n|switch|p1b: Pelipper|Pelipper, L50, F|100/100\n|switch|p2a: Basculegion|Basculegion, L50, M|100/100\n|turn|6\n|\n|t:|1788369757\n|move|p2a: Basculegion|Protect|p2a: Basculegion\n|-singleturn|p2a: Basculegion|Protect\n|move|p1a: Scovillain|Rage Powder|p1a: Scovillain\n|-singleturn|p1a: Scovillain|move: Rage Powder\n|move|p2b: Archaludon|Dragon Pulse|p1a: Scovillain\n|-damage|p1a: Scovillain|0 fnt\n|faint|p1a: Scovillain\n|move|p1b: Pelipper|Tailwind|p1b: Pelipper\n|-sidestart|p1: MasterNoobNK|move: Tailwind\n|\n|-weather|RainDance|[upkeep]\n|-heal|p2b: Archaludon|61/100 brn|[from] item: Leftovers\n|-damage|p2b: Archaludon|55/100 brn|[from] brn\n|upkeep\n|turn|7\n|\n|t:|1788369775\n|move|p2a: Basculegion|Last Respects|p1b: Pelipper\n|-enditem|p1b: Pelipper|Focus Sash\n|-damage|p1b: Pelipper|1/100\n|-damage|p2a: Basculegion|90/100|[from] item: Life Orb\n|move|p1b: Pelipper|Hurricane|p1: Scovillain|[notarget]\n|-fail|p1b: Pelipper\n|move|p2b: Archaludon|Electro Shot||[still]\n|-prepare|p2b: Archaludon|Electro Shot\n|-boost|p2b: Archaludon|spa|1\n|-anim|p2b: Archaludon|Electro Shot|p1b: Pelipper\n|-supereffective|p1b: Pelipper|2\n|-damage|p1b: Pelipper|0 fnt\n|faint|p1b: Pelipper\n|\n|win|Onecaptain1\n|raw|MasterNoobNK's rating: 1109 &rarr; <strong>1082</strong><br />(-27 for losing)\n|raw|Onecaptain1's rating: 1077 &rarr; <strong>1108</strong><br />(+31 for winning)\n|l|☆MasterNoobNK\n|player|p1|\n","uploadtime":1788369794,"views":"1","formatid":"gen9championsvgc2026regmb","rating":1082,"private":0,"password":null}