{"id":"gen9championsvgc2026regmb-2673999706","format":"[Gen 9 Champions] VGC 2026 Reg M-B","players":["Uioyhgtz","kaalaas7"],"log":"|j|☆Uioyhgtz\n|j|☆kaalaas7\n|t:|1788286625\n|gametype|doubles\n|player|p1|Uioyhgtz|101|1341\n|player|p2|kaalaas7|rocketgruntf|1412\n|gen|9\n|tier|[Gen 9 Champions] VGC 2026 Reg M-B\n|rated|\n|rule|Species Clause: Limit one of each Pokémon\n|rule|Item Clause: Limit 1 of each item\n|clearpoke\n|poke|p1|Tinkaton, L50, F|\n|poke|p1|Hydreigon, L50, M|\n|poke|p1|Starmie, L50|\n|poke|p1|Sneasler, L50, F|\n|poke|p1|Scovillain, L50, M|\n|poke|p1|Skeledirge, L50, F|\n|poke|p2|Scovillain, L50, M|\n|poke|p2|Incineroar, L50, M|\n|poke|p2|Blastoise, L50, M|\n|poke|p2|Whimsicott, L50, F|\n|poke|p2|Sneasler, L50, M|\n|poke|p2|Kingambit, L50, M|\n|teampreview|4\n|inactive|Battle timer is ON: inactive players will automatically lose when time's up. (requested by kaalaas7)\n|inactive|Uioyhgtz has 60 seconds left.\n|\n|t:|1788286675\n|teamsize|p1|4\n|teamsize|p2|4\n|start\n|switch|p1a: Sneasler|Sneasler, L50, F|100/100\n|switch|p1b: Hydreigon|Hydreigon, L50, M|100/100\n|switch|p2a: Blastoise|Blastoise, L50, M|100/100\n|switch|p2b: Sneasler|Sneasler, L50, M|100/100\n|turn|1\n|\n|t:|1788286691\n|detailschange|p2a: Blastoise|Blastoise-Mega, L50, M\n|-mega|p2a: Blastoise|Blastoise|Blastoisinite\n|move|p2b: Sneasler|Quick Guard|p2b: Sneasler\n|-singleturn|p2b: Sneasler|Quick Guard\n|move|p1a: Sneasler|Fake Out|p2b: Sneasler\n|-activate|p2b: Sneasler|move: Quick Guard\n|move|p1b: Hydreigon|Tailwind|p1b: Hydreigon\n|-sidestart|p1: Uioyhgtz|move: Tailwind\n|move|p2a: Blastoise|Shell Smash|p2a: Blastoise\n|-unboost|p2a: Blastoise|def|1\n|-unboost|p2a: Blastoise|spd|1\n|-boost|p2a: Blastoise|atk|2\n|-boost|p2a: Blastoise|spa|2\n|-boost|p2a: Blastoise|spe|2\n|\n|upkeep\n|turn|2\n|\n|t:|1788286705\n|switch|p2b: Whimsicott|Whimsicott, L50, F|100/100\n|move|p2a: Blastoise|Protect|p2a: Blastoise\n|-singleturn|p2a: Blastoise|Protect\n|move|p1a: Sneasler|Close Combat|p2a: Blastoise\n|-activate|p2a: Blastoise|move: Protect\n|move|p1b: Hydreigon|Draco Meteor|p2b: Whimsicott\n|-immune|p2b: Whimsicott\n|\n|upkeep\n|turn|3\n|\n|t:|1788286718\n|move|p2b: Whimsicott|Tailwind|p2b: Whimsicott\n|-sidestart|p2: kaalaas7|move: Tailwind\n|move|p2a: Blastoise|Water Spout|p1b: Hydreigon|[spread] p1a,p1b\n|-resisted|p1b: Hydreigon|1\n|-damage|p1a: Sneasler|0 fnt\n|-damage|p1b: Hydreigon|27/100\n|faint|p1a: Sneasler\n|move|p1b: Hydreigon|Draco Meteor|p2a: Blastoise\n|-damage|p2a: Blastoise|1/100\n|-unboost|p1b: Hydreigon|spa|2\n|\n|upkeep\n|c|☆Uioyhgtz|Brah\n|\n|t:|1788286734\n|switch|p1a: Tinkaton|Tinkaton, L50, F|100/100\n|turn|4\n|\n|t:|1788286742\n|switch|p1b: Scovillain|Scovillain, L50, M|100/100\n|move|p2a: Blastoise|Protect|p2a: Blastoise\n|-singleturn|p2a: Blastoise|Protect\n|move|p2b: Whimsicott|Encore||[still]\n|-fail|p2b: Whimsicott\n|move|p1a: Tinkaton|Gigaton Hammer|p2b: Whimsicott\n|-supereffective|p2b: Whimsicott|1\n|-damage|p2b: Whimsicott|0 fnt\n|faint|p2b: Whimsicott\n|-damage|p1a: Tinkaton|90/100|[from] item: Life Orb\n|\n|-sideend|p1: Uioyhgtz|move: Tailwind\n|-ability|p1b: Scovillain|Moody|boost\n|-boost|p1b: Scovillain|spa|2\n|-unboost|p1b: Scovillain|atk|1\n|upkeep\n|\n|t:|1788286747\n|switch|p2b: Sneasler|Sneasler, L50, M|100/100\n|turn|5\n|\n|t:|1788286760\n|detailschange|p1b: Scovillain|Scovillain-Mega, L50, M\n|-mega|p1b: Scovillain|Scovillain|Scovillainite\n|move|p1a: Tinkaton|Protect|p1a: Tinkaton\n|-singleturn|p1a: Tinkaton|Protect\n|move|p2a: Blastoise|Dark Pulse|p1a: Tinkaton\n|-activate|p1a: Tinkaton|move: Protect\n|move|p2b: Sneasler|Dire Claw|p1b: Scovillain\n|-supereffective|p1b: Scovillain|1\n|-damage|p1b: Scovillain|11/100\n|-status|p2b: Sneasler|brn|[from] ability: Spicy Spray|[of] p1b: Scovillain\n|move|p1b: Scovillain|Flamethrower|p2b: Sneasler\n|-enditem|p2b: Sneasler|Focus Sash\n|-damage|p2b: Sneasler|1/100 brn\n|\n|-damage|p2b: Sneasler|0 fnt|[from] brn\n|faint|p2b: Sneasler\n|upkeep\n|\n|t:|1788286764\n|switch|p2b: Kingambit|Kingambit, L50, M|100/100\n|turn|6\n|inactive|Uioyhgtz has 30 seconds left.\n|\n|t:|1788286791\n|switch|p1a: Hydreigon|Hydreigon, L50, M|27/100\n|move|p1b: Scovillain|Rage Powder|p1b: Scovillain\n|-singleturn|p1b: Scovillain|move: Rage Powder\n|move|p2a: Blastoise|Dark Pulse|p1b: Scovillain\n|-damage|p1b: Scovillain|0 fnt\n|-status|p2a: Blastoise|brn|[from] ability: Spicy Spray|[of] p1b: Scovillain\n|faint|p1b: Scovillain\n|move|p2b: Kingambit|Swords Dance|p2b: Kingambit\n|-boost|p2b: Kingambit|atk|2\n|\n|-damage|p2a: Blastoise|0 fnt|[from] brn\n|faint|p2a: Blastoise\n|-sideend|p2: kaalaas7|move: Tailwind\n|upkeep\n|\n|t:|1788286799\n|switch|p1b: Tinkaton|Tinkaton, L50, F|90/100\n|turn|7\n|\n|t:|1788286809\n|move|p2b: Kingambit|Sucker Punch||[still]\n|-fail|p2b: Kingambit\n|move|p1a: Hydreigon|Draco Meteor|p2b: Kingambit\n|-resisted|p2b: Kingambit|1\n|-damage|p2b: Kingambit|64/100\n|-unboost|p1a: Hydreigon|spa|2\n|move|p1b: Tinkaton|Swords Dance|p1b: Tinkaton\n|-boost|p1b: Tinkaton|atk|2\n|\n|upkeep\n|turn|8\n|\n|t:|1788286816\n|move|p2b: Kingambit|Sucker Punch|p1b: Tinkaton\n|-resisted|p1b: Tinkaton|1\n|-damage|p1b: Tinkaton|16/100\n|-damage|p2b: Kingambit|54/100|[from] item: Life Orb\n|move|p1a: Hydreigon|Dark Pulse|p2b: Kingambit\n|-resisted|p2b: Kingambit|1\n|-damage|p2b: Kingambit|43/100\n|move|p1b: Tinkaton|Play Rough|p2b: Kingambit\n|-damage|p2b: Kingambit|0 fnt\n|faint|p2b: Kingambit\n|-damage|p1b: Tinkaton|6/100|[from] item: Life Orb\n|\n|win|Uioyhgtz\n|raw|Uioyhgtz's rating: 1341 &rarr; <strong>1365</strong><br />(+24 for winning)\n|raw|kaalaas7's rating: 1412 &rarr; <strong>1388</strong><br />(-24 for losing)\n|l|☆kaalaas7\n|player|p2|\n|c|☆Uioyhgtz|Ggs wp\n","uploadtime":1788286828,"views":"2","formatid":"gen9championsvgc2026regmb","rating":1365,"private":0,"password":null}