{"id":"gen9championsvgc2026regmbbo3-2673356862","format":"[Gen 9 Champions] VGC 2026 Reg M-B (Bo3)","players":["brerus12!","humania1"],"log":"|j|☆brerus12!\n|j|☆humania1\n|html|<table width=\"100%\"><tr><td align=\"left\">brerus12!</td><td align=\"right\">humania1</tr><tr><td align=\"left\"><i class=\"fa fa-circle-o\"></i> <i class=\"fa fa-circle-o\"></i> </td><td align=\"right\"><i class=\"fa fa-circle-o\"></i> <i class=\"fa fa-circle-o\"></i> </tr></table>\n|uhtml|bestof|<h2><strong>Game 1</strong> of <a href=\"/game-bestof3-gen9championsvgc2026regmbbo3-2673356861\">a best-of-3</a></h2>\n|t:|1788187791\n|gametype|doubles\n|player|p1|brerus12!|169|1000\n|player|p2|humania1|170|1000\n|gen|9\n|tier|[Gen 9 Champions] VGC 2026 Reg M-B (Bo3)\n|rated|\n|rule|Species Clause: Limit one of each Pokémon\n|rule|Item Clause: Limit 1 of each item\n|clearpoke\n|poke|p1|Gholdengo, L50|\n|poke|p1|Milotic, L50, F|\n|poke|p1|Grimmsnarl, L50, M|\n|poke|p1|Aerodactyl, L50, F|\n|poke|p1|Tsareena, L50, F|\n|poke|p1|Eelektross, L50, F|\n|poke|p2|Blastoise, L50, M|\n|poke|p2|Delphox, L50, F, shiny|\n|poke|p2|Incineroar, L50, M|\n|poke|p2|Sinistcha, L50|\n|poke|p2|Sneasler, L50, F|\n|poke|p2|Vivillon, L50, F|\n|teampreview|4\n|showteam|p1|Gholdengo||LifeOrb|GoodasGold|NastyPlot,MakeItRain,ShadowBall,Protect|Modest|||||50|]Milotic||ChoiceScarf|Competitive|IceBeam,Haze,Scald,AlluringVoice|Modest||F|||50|]Grimmsnarl||IronBall|Prankster|LightScreen,SpiritBreak,FakeOut,Trick|Bold||M|||50|]Aerodactyl||Aerodactylite|RockHead|Tailwind,DualWingbeat,RockSlide,Taunt|Adamant||F|||50|]Tsareena||Leftovers|QueenlyMajesty|TropKick,KnockOff,TripleAxel,HighJumpKick|Serious||F|||50|]Eelektross||Eelektrossite|Levitate|SupercellSlam,ThunderPunch,Uturn,Protect|Jolly||F|||50|\n|showteam|p2|Blastoise||Blastoisinite|Torrent|Protect,ShellSmash,WaterSpout,DarkPulse|Modest||M|||50|]Delphox||Delphoxite|Blaze|Protect,HeatWave,Psyshock,NastyPlot|Timid||F|||50|]Incineroar||PasshoBerry|Intimidate|FakeOut,PartingShot,FlareBlitz,ThroatChop|Impish||M|||50|]Sinistcha||SitrusBerry|Hospitality|Protect,MatchaGotcha,TrickRoom,RagePowder|Bold|||||50|]Sneasler||FocusSash|PoisonTouch|QuickGuard,FakeOut,CloseCombat,DireClaw|Jolly||F|||50|]Vivillon||ChoiceScarf|CompoundEyes|Hurricane,SleepPowder,RagePowder,Uturn|Timid||F|||50|\n|inactive|Battle timer is ON: inactive players will automatically lose when time's up. (requested by humania1)\n|\n|t:|1788187819\n|teamsize|p1|4\n|teamsize|p2|4\n|start\n|switch|p1a: Milotic|Milotic, L50, F|100/100\n|switch|p1b: Aerodactyl|Aerodactyl, L50, F|100/100\n|switch|p2a: Blastoise|Blastoise, L50, M|100/100\n|switch|p2b: Incineroar|Incineroar, L50, M|100/100\n|-ability|p2b: Incineroar|Intimidate|boost\n|-unboost|p1a: Milotic|atk|1\n|-ability|p1a: Milotic|Competitive|boost\n|-boost|p1a: Milotic|spa|2\n|-unboost|p1b: Aerodactyl|atk|1\n|turn|1\n|\n|t:|1788187841\n|switch|p1b: Tsareena|Tsareena, L50, F|100/100\n|move|p2b: Incineroar|Fake Out||[still]\n|cant|p1b: Tsareena|ability: Queenly Majesty|Fake Out|[of] p2b: Incineroar\n|move|p1a: Milotic|Scald|p2b: Incineroar\n|-supereffective|p2b: Incineroar|1\n|-enditem|p2b: Incineroar|Passho Berry|[eat]\n|-enditem|p2b: Incineroar|Passho Berry|[weaken]\n|-damage|p2b: Incineroar|21/100\n|move|p2a: Blastoise|Water Spout|p1a: Milotic|[spread] p1a,p1b\n|-resisted|p1a: Milotic|1\n|-resisted|p1b: Tsareena|1\n|-damage|p1a: Milotic|79/100\n|-damage|p1b: Tsareena|73/100\n|\n|-heal|p1b: Tsareena|78/100|[from] item: Leftovers\n|upkeep\n|turn|2\n|\n|t:|1788187860\n|move|p1a: Milotic|Scald|p2b: Incineroar\n|-supereffective|p2b: Incineroar|1\n|-damage|p2b: Incineroar|0 fnt\n|faint|p2b: Incineroar\n|move|p2a: Blastoise|Water Spout|p1a: Milotic|[spread] p1a,p1b\n|-resisted|p1a: Milotic|1\n|-resisted|p1b: Tsareena|1\n|-damage|p1a: Milotic|60/100\n|-damage|p1b: Tsareena|54/100\n|move|p1b: Tsareena|Trop Kick|p2a: Blastoise\n|-supereffective|p2a: Blastoise|1\n|-damage|p2a: Blastoise|5/100\n|-unboost|p2a: Blastoise|atk|1\n|\n|-heal|p1b: Tsareena|60/100|[from] item: Leftovers\n|upkeep\n|\n|t:|1788187860\n|switch|p2b: Delphox|Delphox, L50, F, shiny|100/100\n|turn|3\n|\n|t:|1788187883\n|switch|p1b: Aerodactyl|Aerodactyl, L50, F|100/100\n|move|p2a: Blastoise|Protect|p2a: Blastoise\n|-singleturn|p2a: Blastoise|Protect\n|move|p1a: Milotic|Scald|p2b: Delphox\n|-supereffective|p2b: Delphox|1\n|-crit|p2b: Delphox\n|-damage|p2b: Delphox|0 fnt\n|faint|p2b: Delphox\n|\n|upkeep\n|\n|t:|1788187884\n|switch|p2b: Sinistcha|Sinistcha, L50|100/100\n|-heal|p2a: Blastoise|30/100|[from] ability: Hospitality|[of] p2b: Sinistcha\n|turn|4\n|j| nosehabladebruno\n|\n|t:|1788187908\n|switch|p1a: Tsareena|Tsareena, L50, F|60/100\n|detailschange|p1b: Aerodactyl|Aerodactyl-Mega, L50, F\n|-mega|p1b: Aerodactyl|Aerodactyl|Aerodactylite\n|move|p2b: Sinistcha|Protect|p2b: Sinistcha\n|-singleturn|p2b: Sinistcha|Protect\n|move|p1b: Aerodactyl|Dual Wingbeat|p2b: Sinistcha\n|-activate|p2b: Sinistcha|move: Protect\n|move|p2a: Blastoise|Water Spout|p1a: Tsareena|[spread] p1a,p1b\n|-resisted|p1a: Tsareena|1\n|-supereffective|p1b: Aerodactyl|1\n|-damage|p1a: Tsareena|47/100\n|-damage|p1b: Aerodactyl|53/100\n|\n|-heal|p1a: Tsareena|53/100|[from] item: Leftovers\n|upkeep\n|turn|5\n|\n|t:|1788187927\n|move|p1b: Aerodactyl|Dual Wingbeat|p2b: Sinistcha\n|-supereffective|p2b: Sinistcha|1\n|-damage|p2b: Sinistcha|47/100\n|-enditem|p2b: Sinistcha|Sitrus Berry|[eat]\n|-heal|p2b: Sinistcha|72/100|[from] item: Sitrus Berry\n|-supereffective|p2b: Sinistcha|1\n|-damage|p2b: Sinistcha|23/100\n|-hitcount|p2b: Sinistcha|2\n|move|p2a: Blastoise|Water Spout|p1a: Tsareena|[spread] p1a,p1b\n|-resisted|p1a: Tsareena|1\n|-supereffective|p1b: Aerodactyl|1\n|-damage|p1a: Tsareena|42/100\n|-damage|p1b: Aerodactyl|5/100\n|move|p1a: Tsareena|Trop Kick|p2a: Blastoise\n|-supereffective|p2a: Blastoise|1\n|-damage|p2a: Blastoise|0 fnt\n|faint|p2a: Blastoise\n|move|p2b: Sinistcha|Trick Room|p2b: Sinistcha\n|-fieldstart|move: Trick Room|[of] p2b: Sinistcha\n|\n|-heal|p1a: Tsareena|47/100|[from] item: Leftovers\n|upkeep\n|turn|6\n|inactive|brerus12! has 30 seconds left.\n|\n|t:|1788187959\n|move|p2b: Sinistcha|Matcha Gotcha|p1b: Aerodactyl|[spread] p1a\n|-miss|p2b: Sinistcha|p1b: Aerodactyl\n|-resisted|p1a: Tsareena|1\n|-damage|p1a: Tsareena|33/100\n|-heal|p2b: Sinistcha|30/100|[from] drain|[of] p1a: Tsareena\n|-status|p1a: Tsareena|brn\n|move|p1a: Tsareena|Triple Axel|p2b: Sinistcha\n|-supereffective|p2b: Sinistcha|1\n|-damage|p2b: Sinistcha|23/100\n|-supereffective|p2b: Sinistcha|1\n|-damage|p2b: Sinistcha|11/100\n|-supereffective|p2b: Sinistcha|1\n|-crit|p2b: Sinistcha\n|-damage|p2b: Sinistcha|0 fnt\n|faint|p2b: Sinistcha\n|-hitcount|p2: Sinistcha|3\n|\n|win|brerus12!\n","uploadtime":1788187959,"views":"3","formatid":"gen9championsvgc2026regmbbo3","rating":null,"private":0,"password":null}