{"id":"gen9championsvgc2026regmb-2674954258","format":"[Gen 9 Champions] VGC 2026 Reg M-B","players":["r97","TESTDIGI"],"log":"|j|☆r97\n|j|☆TESTDIGI\n|t:|1788441392\n|gametype|doubles\n|player|p1|r97|marshal|1411\n|player|p2|TESTDIGI|169|1361\n|gen|9\n|tier|[Gen 9 Champions] VGC 2026 Reg M-B\n|rated|\n|rule|Species Clause: Limit one of each Pokémon\n|rule|Item Clause: Limit 1 of each item\n|clearpoke\n|poke|p1|Feraligatr, L50, F|\n|poke|p1|Excadrill, L50, F|\n|poke|p1|Tyranitar, L50, F|\n|poke|p1|Alakazam, L50, M|\n|poke|p1|Rotom-Heat, L50|\n|poke|p1|Whimsicott, L50, M|\n|poke|p2|Gholdengo, L50|\n|poke|p2|Staraptor, L50, F, shiny|\n|poke|p2|Tyranitar, L50, F|\n|poke|p2|Farigiraf, L50, M|\n|poke|p2|Whimsicott, L50, F, shiny|\n|poke|p2|Excadrill, L50, F|\n|teampreview|4\n|\n|t:|1788441437\n|teamsize|p1|4\n|teamsize|p2|4\n|start\n|switch|p1a: Excadrill|Excadrill, L50, F|100/100\n|switch|p1b: Whimsicott|Whimsicott, L50, M|100/100\n|switch|p2a: Whimsicott|Whimsicott, L50, F, shiny|100/100\n|switch|p2b: Tyranitar|Tyranitar, L50, F|100/100\n|-weather|Sandstorm|[from] ability: Sand Stream|[of] p2b: Tyranitar\n|turn|1\n|\n|t:|1788441459\n|move|p1b: Whimsicott|Tailwind|p1b: Whimsicott\n|-sidestart|p1: r97|move: Tailwind\n|move|p2a: Whimsicott|Charm|p1a: Excadrill\n|-unboost|p1a: Excadrill|atk|2\n|move|p1a: Excadrill|Iron Head|p2a: Whimsicott\n|-supereffective|p2a: Whimsicott|1\n|-damage|p2a: Whimsicott|7/100\n|-damage|p1a: Excadrill|90/100|[from] item: Life Orb\n|move|p2b: Tyranitar|Knock Off|p1a: Excadrill\n|-damage|p1a: Excadrill|16/100\n|-enditem|p1a: Excadrill|Life Orb|[from] move: Knock Off|[of] p2b: Tyranitar\n|\n|-weather|Sandstorm|[upkeep]\n|-damage|p1b: Whimsicott|94/100|[from] Sandstorm\n|-damage|p2a: Whimsicott|1/100|[from] Sandstorm\n|upkeep\n|turn|2\n|\n|t:|1788441486\n|switch|p1a: Feraligatr|Feraligatr, L50, F|100/100\n|switch|p2a: Gholdengo|Gholdengo, L50|100/100\n|move|p1b: Whimsicott|Moonblast|p2b: Tyranitar\n|-supereffective|p2b: Tyranitar|1\n|-damage|p2b: Tyranitar|57/100\n|-unboost|p2b: Tyranitar|spa|1\n|move|p2b: Tyranitar|Rock Slide|p1b: Whimsicott|[spread] p1a\n|-miss|p2b: Tyranitar|p1b: Whimsicott\n|-damage|p1a: Feraligatr|70/100\n|\n|-weather|Sandstorm|[upkeep]\n|-damage|p1b: Whimsicott|88/100|[from] Sandstorm\n|-damage|p1a: Feraligatr|64/100|[from] Sandstorm\n|upkeep\n|turn|3\n|\n|t:|1788441515\n|detailschange|p1a: Feraligatr|Feraligatr-Mega, L50, F\n|-mega|p1a: Feraligatr|Feraligatr|Feraligite\n|move|p2b: Tyranitar|Protect|p2b: Tyranitar\n|-singleturn|p2b: Tyranitar|Protect\n|move|p1b: Whimsicott|Moonblast|p2a: Gholdengo\n|-resisted|p2a: Gholdengo|1\n|-damage|p2a: Gholdengo|80/100\n|move|p1a: Feraligatr|Liquidation|p2a: Gholdengo\n|-damage|p2a: Gholdengo|20/100y\n|move|p2a: Gholdengo|Shadow Ball|p1a: Feraligatr\n|-damage|p1a: Feraligatr|13/100\n|-damage|p2a: Gholdengo|10/100|[from] item: Life Orb\n|\n|-weather|Sandstorm|[upkeep]\n|-damage|p1b: Whimsicott|82/100|[from] Sandstorm\n|-damage|p1a: Feraligatr|7/100|[from] Sandstorm\n|upkeep\n|turn|4\n|\n|t:|1788441543\n|move|p1b: Whimsicott|Moonblast|p2a: Gholdengo\n|-resisted|p2a: Gholdengo|1\n|-damage|p2a: Gholdengo|0 fnt\n|faint|p2a: Gholdengo\n|move|p1a: Feraligatr|Liquidation|p2b: Tyranitar\n|-supereffective|p2b: Tyranitar|1\n|-crit|p2b: Tyranitar\n|-damage|p2b: Tyranitar|0 fnt\n|faint|p2b: Tyranitar\n|\n|-weather|Sandstorm|[upkeep]\n|-damage|p1b: Whimsicott|76/100|[from] Sandstorm\n|-damage|p1a: Feraligatr|2/100|[from] Sandstorm\n|-sideend|p1: r97|move: Tailwind\n|upkeep\n|\n|t:|1788441549\n|switch|p2a: Staraptor|Staraptor, L50, F, shiny|100/100\n|switch|p2b: Whimsicott|Whimsicott, L50, F, shiny|1/100\n|-ability|p2a: Staraptor|Intimidate|boost\n|-unboost|p1a: Feraligatr|atk|1\n|-unboost|p1b: Whimsicott|atk|1\n|turn|5\n|\n|t:|1788441564\n|detailschange|p2a: Staraptor|Staraptor-Mega, L50, F, shiny\n|-mega|p2a: Staraptor|Staraptor|Staraptite\n|move|p2b: Whimsicott|Tailwind|p2b: Whimsicott\n|-sidestart|p2: TESTDIGI|move: Tailwind\n|move|p1a: Feraligatr|Aqua Jet|p2b: Whimsicott\n|-resisted|p2b: Whimsicott|1\n|-damage|p2b: Whimsicott|0 fnt\n|faint|p2b: Whimsicott\n|move|p2a: Staraptor|Brave Bird|p1b: Whimsicott\n|-supereffective|p1b: Whimsicott|1\n|-damage|p1b: Whimsicott|0 fnt\n|faint|p1b: Whimsicott\n|-damage|p2a: Staraptor|81/100|[from] Recoil\n|\n|-weather|none\n|upkeep\n|-message|TESTDIGI forfeited.\n|\n|win|r97\n","uploadtime":1788441394,"views":"0","formatid":"gen9championsvgc2026regmb","rating":null,"private":0,"password":null}