{"id":"gen9championsvgc2026regmb-2674373883","format":"[Gen 9 Champions] VGC 2026 Reg M-B","players":["PushCross4667","dman12352"],"log":"|j|☆PushCross4667\n|j|☆dman12352\n|t:|1788351053\n|gametype|doubles\n|player|p1|PushCross4667|lucas-gen4pt|1327\n|player|p2|dman12352|1|1465\n|gen|9\n|tier|[Gen 9 Champions] VGC 2026 Reg M-B\n|rated|\n|rule|Species Clause: Limit one of each Pokémon\n|rule|Item Clause: Limit 1 of each item\n|clearpoke\n|poke|p1|Archaludon, L50, M|\n|poke|p1|Pelipper, L50, M|\n|poke|p1|Swampert, L50, F|\n|poke|p1|Whimsicott, L50, M|\n|poke|p1|Rotom-Mow, L50|\n|poke|p1|Milotic, L50, F|\n|poke|p2|Ampharos, L50, F, shiny|\n|poke|p2|Kingambit, L50, F, shiny|\n|poke|p2|Farigiraf, L50, F, shiny|\n|poke|p2|Incineroar, L50, M, shiny|\n|poke|p2|Garchomp, L50, M, shiny|\n|poke|p2|Sneasler, L50, M|\n|teampreview|4\n|inactive|Battle timer is ON: inactive players will automatically lose when time's up. (requested by dman12352)\nPushCross4667 rejected open team sheets.\n|\n|t:|1788351069\n|teamsize|p1|4\n|teamsize|p2|4\n|start\n|switch|p1a: Milotic|Milotic, L50, F|100/100\n|switch|p1b: Archaludon|Archaludon, L50, M|100/100\n|switch|p2a: Ampharos|Ampharos, L50, F, shiny|100/100\n|switch|p2b: Farigiraf|Farigiraf, L50, F, shiny|100/100\n|turn|1\n|inactive|PushCross4667 has 30 seconds left.\n|inactive|PushCross4667 has 20 seconds left.\n|inactive|PushCross4667 has 15 seconds left.\n|inactive|PushCross4667 has 10 seconds left.\n|\n|t:|1788351114\n|detailschange|p2a: Ampharos|Ampharos-Mega, L50, F, shiny\n|-mega|p2a: Ampharos|Ampharos|Ampharosite\n|-ability|p2a: Ampharos|Mold Breaker\n|move|p1b: Archaludon|Flash Cannon|p2b: Farigiraf\n|-damage|p2b: Farigiraf|63/100\n|move|p1a: Milotic|Scald|p2b: Farigiraf\n|-damage|p2b: Farigiraf|31/100\n|move|p2a: Ampharos|Thunderbolt|p1a: Milotic\n|-supereffective|p1a: Milotic|1\n|-damage|p1a: Milotic|3/100\n|move|p2b: Farigiraf|Trick Room|p2b: Farigiraf\n|-fieldstart|move: Trick Room|[of] p2b: Farigiraf\n|\n|-heal|p1a: Milotic|9/100|[from] item: Leftovers\n|upkeep\n|turn|2\n|\n|t:|1788351133\n|switch|p1a: Pelipper|Pelipper, L50, M|100/100\n|-weather|RainDance|[from] ability: Drizzle|[of] p1a: Pelipper\n|move|p2a: Ampharos|Focus Blast|p1b: Archaludon\n|-supereffective|p1b: Archaludon|1\n|-damage|p1b: Archaludon|0 fnt\n|faint|p1b: Archaludon\n|move|p2b: Farigiraf|Psychic|p1a: Pelipper\n|-damage|p1a: Pelipper|40/100\n|\n|-weather|RainDance|[upkeep]\n|upkeep\n|\n|t:|1788351147\n|switch|p1b: Swampert|Swampert, L50, F|100/100\n|turn|3\n|\n|t:|1788351163\n|detailschange|p1b: Swampert|Swampert-Mega, L50, F\n|-mega|p1b: Swampert|Swampert|Swampertite\n|move|p2b: Farigiraf|Helping Hand|p2a: Ampharos\n|-singleturn|p2a: Ampharos|Helping Hand|[of] p2b: Farigiraf\n|move|p2a: Ampharos|Dragon Pulse|p1b: Swampert\n|-damage|p1b: Swampert|25/100\n|move|p1a: Pelipper|Weather Ball|p2b: Farigiraf\n|-damage|p2b: Farigiraf|0 fnt\n|faint|p2b: Farigiraf\n|move|p1b: Swampert|High Horsepower|p2a: Ampharos\n|-supereffective|p2a: Ampharos|1\n|-damage|p2a: Ampharos|1/100\n|\n|-weather|RainDance|[upkeep]\n|upkeep\n|\n|t:|1788351173\n|switch|p2b: Incineroar|Incineroar, L50, M, shiny|100/100\n|-ability|p2b: Incineroar|Intimidate|boost\n|-unboost|p1a: Pelipper|atk|1\n|-unboost|p1b: Swampert|atk|1\n|turn|4\n|c|☆PushCross4667|HOW\n|c|☆dman12352|bulk\n|n|!PushCross4667|pushcross4667\n|inactive|dman12352 has 30 seconds left.\n|\n|t:|1788351199\n|switch|p1b: Milotic|Milotic, L50, F|9/100\n|move|p2a: Ampharos|Thunderbolt|p1a: Pelipper\n|-supereffective|p1a: Pelipper|2\n|-damage|p1a: Pelipper|0 fnt\n|faint|p1a: Pelipper\n|move|p2b: Incineroar|Darkest Lariat|p1b: Milotic\n|-damage|p1b: Milotic|0 fnt\n|faint|p1b: Milotic\n|\n|-weather|RainDance|[upkeep]\n|upkeep\n|c|☆dman12352|gg\n|\n|t:|1788351210\n|switch|p1a: Swampert|Swampert-Mega, L50, F|25/100\n|turn|5\n|\n|t:|1788351213\n|switch|p2b: Sneasler|Sneasler, L50, M|100/100\n|move|p1a: Swampert|Protect|p1a: Swampert\n|-singleturn|p1a: Swampert|Protect\n|move|p2a: Ampharos|Dragon Pulse|p1a: Swampert\n|-activate|p1a: Swampert|move: Protect\n|\n|-weather|RainDance|[upkeep]\n|-fieldend|move: Trick Room\n|upkeep\n|turn|6\n|\n|t:|1788351221\n|move|p1a: Swampert|Protect|p1a: Swampert\n|-singleturn|p1a: Swampert|Protect\n|move|p2b: Sneasler|Fake Out|p1a: Swampert\n|-activate|p1a: Swampert|move: Protect\n|move|p2a: Ampharos|Dragon Pulse|p1a: Swampert\n|-activate|p1a: Swampert|move: Protect\n|\n|-weather|RainDance|[upkeep]\n|upkeep\n|turn|7\n|\n|t:|1788351226\n|switch|p2b: Incineroar|Incineroar, L50, M, shiny|100/100\n|-ability|p2b: Incineroar|Intimidate|boost\n|-unboost|p1a: Swampert|atk|1\n|move|p2a: Ampharos|Protect|p2a: Ampharos\n|-singleturn|p2a: Ampharos|Protect\n|move|p1a: Swampert|High Horsepower|p2b: Incineroar\n|-supereffective|p2b: Incineroar|1\n|-crit|p2b: Incineroar\n|-damage|p2b: Incineroar|0 fnt\n|faint|p2b: Incineroar\n|\n|-weather|RainDance|[upkeep]\n|upkeep\n|\n|t:|1788351231\n|switch|p2b: Sneasler|Sneasler, L50, M|100/100\n|turn|8\n|c|☆dman12352|gg\n|\n|t:|1788351239\n|move|p1a: Swampert|Protect|p1a: Swampert\n|-singleturn|p1a: Swampert|Protect\n|move|p2b: Sneasler|Fake Out|p1a: Swampert\n|-activate|p1a: Swampert|move: Protect\n|move|p2a: Ampharos|Dragon Pulse|p1a: Swampert\n|-activate|p1a: Swampert|move: Protect\n|\n|-weather|RainDance|[upkeep]\n|upkeep\n|turn|9\n|\n|t:|1788351244\n|move|p2b: Sneasler|Protect|p2b: Sneasler\n|-singleturn|p2b: Sneasler|Protect\n|move|p2a: Ampharos|Protect|p2a: Ampharos\n|-singleturn|p2a: Ampharos|Protect\n|move|p1a: Swampert|High Horsepower|p2b: Sneasler\n|-activate|p2b: Sneasler|move: Protect\n|\n|-weather|none\n|upkeep\n|turn|10\n|\n|t:|1788351249\n|move|p2b: Sneasler|Close Combat|p1a: Swampert\n|-damage|p1a: Swampert|0 fnt\n|-unboost|p2b: Sneasler|def|1\n|-unboost|p2b: Sneasler|spd|1\n|faint|p1a: Swampert\n|\n|win|dman12352\n","uploadtime":1788351198,"views":"3","formatid":"gen9championsvgc2026regmb","rating":null,"private":0,"password":null}