{"id":"gen9championsvgc2026regmb-2674817534","format":"[Gen 9 Champions] VGC 2026 Reg M-B","players":["Senpac","BlindWizard"],"log":"|j|☆Senpac\n|j|☆BlindWizard\n|html|<table width=\"100%\"><tr><td align=\"left\">Senpac</td><td align=\"right\">BlindWizard</tr><tr><td align=\"left\"><i class=\"fa fa-circle\"></i> <i class=\"fa fa-circle-o\"></i> </td><td align=\"right\"><i class=\"fa fa-circle-o\"></i> <i class=\"fa fa-circle-o\"></i> </tr></table>\n|uhtml|bestof|<h2><strong>Game 2</strong> of <a href=\"/game-bestof3-gen9championsvgc2026regmb-2674811367\">a best-of-3</a></h2>\n|t:|1788412962\n|gametype|doubles\n|player|p1|Senpac|steven|\n|player|p2|BlindWizard|265|\n|gen|9\n|tier|[Gen 9 Champions] VGC 2026 Reg M-B\n|rule|Species Clause: Limit one of each Pokémon\n|rule|Item Clause: Limit 1 of each item\n|raw|<div class=\"infobox\"><details class=\"readmore\" open><summary><strong>1 custom rule:</strong></summary> Best of = 3</details></div>\n|clearpoke\n|poke|p1|Blastoise, L50, M|\n|poke|p1|Sneasler, L50, F|\n|poke|p1|Farigiraf, L50, M|\n|poke|p1|Vivillon-Polar, L50, F|\n|poke|p1|Araquanid, L50, F, shiny|\n|poke|p1|Houndoom, L50, M|\n|poke|p2|Zoroark-Hisui, L50, F|\n|poke|p2|Lopunny, L50, F|\n|poke|p2|Appletun, L50, M|\n|poke|p2|Rotom-Frost, L50|\n|poke|p2|Sylveon, L50, F|\n|poke|p2|Aegislash, L50, M|\n|teampreview|4\nSenpac rejected open team sheets.\n|j| egg in me\n|j| HeroOfHydrangea\n|c| HeroOfHydrangea|hmmm poltergeisting a normal type sounds like a me move\n|c|☆BlindWizard|Real! lol\n|\n|t:|1788413154\n|teamsize|p1|4\n|teamsize|p2|4\n|start\n|switch|p1a: BEEG MAN|Blastoise, L50, M|100/100\n|switch|p1b: ImAVuhVuhVillain|Vivillon-Polar, L50, F|100/100\n|switch|p2a: Lezhan|Lopunny, L50, F|100/100\n|switch|p2b: Rino|Rotom-Frost, L50|100/100\n|turn|1\n|j| samworldwide\n|\n|t:|1788413263\n|switch|p1b: Geoffrey|Farigiraf, L50, M|100/100\n|detailschange|p2a: Lezhan|Lopunny-Mega, L50, F\n|-mega|p2a: Lezhan|Lopunny|Lopunnite\n|detailschange|p1a: BEEG MAN|Blastoise-Mega, L50, M\n|-mega|p1a: BEEG MAN|Blastoise|Blastoisinite\n|move|p2a: Lezhan|Fake Out||[still]\n|cant|p1b: Geoffrey|ability: Armor Tail|Fake Out|[of] p2a: Lezhan\n|move|p1a: BEEG MAN|Shell Smash|p1a: BEEG MAN\n|-unboost|p1a: BEEG MAN|def|1\n|-unboost|p1a: BEEG MAN|spd|1\n|-boost|p1a: BEEG MAN|atk|2\n|-boost|p1a: BEEG MAN|spa|2\n|-boost|p1a: BEEG MAN|spe|2\n|move|p2b: Rino|Light Screen|p2b: Rino\n|-sidestart|p2: BlindWizard|move: Light Screen\n|\n|upkeep\n|turn|2\n|c|☆BlindWizard|He's going to spout\n|c| samworldwide|straight up spouting it\n|c|☆BlindWizard|Spouting on them haters\n|\n|t:|1788413403\n|move|p1a: BEEG MAN|Water Spout|p2b: Rino|[spread] p2a,p2b\n|-damage|p2a: Lezhan|0 fnt\n|-damage|p2b: Rino|14/100\n|-enditem|p2b: Rino|Sitrus Berry|[eat]\n|-heal|p2b: Rino|39/100|[from] item: Sitrus Berry\n|faint|p2a: Lezhan\n|move|p2b: Rino|Thunderbolt|p1a: BEEG MAN\n|-supereffective|p1a: BEEG MAN|1\n|-damage|p1a: BEEG MAN|12/100\n|move|p1b: Geoffrey|Psychic|p2b: Rino\n|-damage|p2b: Rino|10/100\n|\n|upkeep\n|\n|t:|1788413432\n|switch|p2a: Eli|Appletun, L50, M|100/100\n|turn|3\n|c| egg in me|you may spout it once\n|c|☆BlindWizard|They call me mr new york\n|c|☆BlindWizard|Don't bite into me; you might find half a Weedle\n|\n|t:|1788413619\n|move|p1a: BEEG MAN|Ice Beam|p2a: Eli\n|-supereffective|p2a: Eli|2\n|-damage|p2a: Eli|33/100\n|move|p2b: Rino|Thunderbolt|p1a: BEEG MAN\n|-supereffective|p1a: BEEG MAN|1\n|-damage|p1a: BEEG MAN|0 fnt\n|faint|p1a: BEEG MAN\n|move|p2a: Eli|Amnesia|p2a: Eli\n|-boost|p2a: Eli|spd|2\n|move|p1b: Geoffrey|Trick Room|p1b: Geoffrey\n|-fieldstart|move: Trick Room|[of] p1b: Geoffrey\n|\n|-heal|p2a: Eli|39/100|[from] item: Leftovers\n|upkeep\n|\n|t:|1788413630\n|switch|p1a: Ol' Reliable|Araquanid, L50, F, shiny|100/100\n|turn|4\n|\n|t:|1788413704\n|move|p2a: Eli|Protect|p2a: Eli\n|-singleturn|p2a: Eli|Protect\n|move|p1a: Ol' Reliable|Leech Life|p2a: Eli\n|-activate|p2a: Eli|move: Protect\n|move|p1b: Geoffrey|Psychic|p2b: Rino\n|-damage|p2b: Rino|0 fnt\n|faint|p2b: Rino\n|\n|-heal|p2a: Eli|45/100|[from] item: Leftovers\n|upkeep\n|\n|t:|1788413728\n|switch|p2b: Kyle|Aegislash, L50, M|100/100\n|turn|5\n|\n|t:|1788413776\n|move|p1b: Geoffrey|Helping Hand|p1a: Ol' Reliable\n|-singleturn|p1a: Ol' Reliable|Helping Hand|[of] p1b: Geoffrey\n|move|p2a: Eli|Protect|p2a: Eli\n|-singleturn|p2a: Eli|Protect\n|move|p1a: Ol' Reliable|Leech Life|p2a: Eli\n|-activate|p2a: Eli|move: Protect\n|-formechange|p2b: Kyle|Aegislash-Blade|\n|move|p2b: Kyle|Poltergeist|p1a: Ol' Reliable\n|-activate|p1a: Ol' Reliable|move: Poltergeist|Mystic Water\n|-damage|p1a: Ol' Reliable|22/100\n|\n|-heal|p2a: Eli|51/100|[from] item: Leftovers\n|-sideend|p2: BlindWizard|move: Light Screen\n|upkeep\n|turn|6\n|\n|t:|1788413833\n|move|p1b: Geoffrey|Helping Hand|p1a: Ol' Reliable\n|-singleturn|p1a: Ol' Reliable|Helping Hand|[of] p1b: Geoffrey\n|move|p2a: Eli|Giga Drain|p1a: Ol' Reliable\n|-damage|p1a: Ol' Reliable|2/100\n|-heal|p2a: Eli|59/100|[from] drain|[of] p1a: Ol' Reliable\n|move|p1a: Ol' Reliable|Leech Life|p2a: Eli\n|-supereffective|p2a: Eli|1\n|-damage|p2a: Eli|0 fnt\n|-heal|p1a: Ol' Reliable|39/100|[from] drain|[of] p2a: Eli\n|faint|p2a: Eli\n|move|p2b: Kyle|Iron Head|p1a: Ol' Reliable\n|-resisted|p1a: Ol' Reliable|1\n|-damage|p1a: Ol' Reliable|14/100\n|\n|upkeep\n|turn|7\n|\n|t:|1788413879\n|switch|p1a: ImAVuhVuhVillain|Vivillon-Polar, L50, F|100/100\n|-formechange|p2b: Kyle|Aegislash|\n|move|p2b: Kyle|King's Shield|p2b: Kyle\n|-singleturn|p2b: Kyle|Protect\n|move|p1b: Geoffrey|Psychic|p2b: Kyle\n|-activate|p2b: Kyle|move: Protect\n|\n|-fieldend|move: Trick Room\n|upkeep\n|turn|8\n|\n|t:|1788413911\n|move|p1a: ImAVuhVuhVillain|Sleep Powder|p2b: Kyle\n|-status|p2b: Kyle|slp|[from] move: Sleep Powder\n|cant|p2b: Kyle|slp\n|move|p1b: Geoffrey|Psychic|p2b: Kyle\n|-resisted|p2b: Kyle|1\n|-damage|p2b: Kyle|81/100 slp\n|\n|upkeep\n|turn|9\n|\n|t:|1788413935\n|move|p1a: ImAVuhVuhVillain|Hurricane|p2b: Kyle\n|-resisted|p2b: Kyle|1\n|-damage|p2b: Kyle|67/100 slp\n|-start|p2b: Kyle|confusion\n|cant|p2b: Kyle|slp\n|move|p1b: Geoffrey|Trick Room|p1b: Geoffrey\n|-fieldstart|move: Trick Room|[of] p1b: Geoffrey\n|\n|upkeep\n|turn|10\n|\n|t:|1788413955\n|move|p1b: Geoffrey|Psychic|p2b: Kyle\n|-resisted|p2b: Kyle|1\n|-damage|p2b: Kyle|49/100 slp\n|-curestatus|p2b: Kyle|slp|[msg]\n|-activate|p2b: Kyle|confusion\n|-formechange|p2b: Kyle|Aegislash-Blade|\n|move|p2b: Kyle|Close Combat|p1b: Geoffrey\n|-damage|p1b: Geoffrey|64/100\n|-unboost|p2b: Kyle|def|1\n|-unboost|p2b: Kyle|spd|1\n|move|p1a: ImAVuhVuhVillain|Hurricane|p2b: Kyle\n|-resisted|p2b: Kyle|1\n|-damage|p2b: Kyle|2/100\n|\n|upkeep\n|turn|11\n|\n|t:|1788413978\n|move|p1a: ImAVuhVuhVillain|Rage Powder|p1a: ImAVuhVuhVillain\n|-singleturn|p1a: ImAVuhVuhVillain|move: Rage Powder\n|move|p1b: Geoffrey|Psychic|p2b: Kyle\n|-resisted|p2b: Kyle|1\n|-damage|p2b: Kyle|0 fnt\n|faint|p2b: Kyle\n|\n|win|Senpac\n|c| egg in me|damn\n|l| HeroOfHydrangea\n|l| samworldwide\n|l|☆BlindWizard\n|player|p2|\n","uploadtime":1788413984,"views":"22","formatid":"gen9championsvgc2026regmb","rating":null,"private":0,"password":null}