{"id":"gen9championsvgc2026regmb-2674136654","format":"[Gen 9 Champions] VGC 2026 Reg M-B","players":["very_beeg_rat","Pranag140"],"log":"|j|☆very_beeg_rat\n|j|☆Pranag140\n|t:|1788304538\n|gametype|doubles\n|player|p1|very_beeg_rat|2|1142\n|player|p2|Pranag140|li|1219\n|gen|9\n|tier|[Gen 9 Champions] VGC 2026 Reg M-B\n|rated|\n|rule|Species Clause: Limit one of each Pokémon\n|rule|Item Clause: Limit 1 of each item\n|clearpoke\n|poke|p1|Dragonite, L50, F|\n|poke|p1|Sneasler, L50, M|\n|poke|p1|Basculegion, L50, M|\n|poke|p1|Kingambit, L50, M|\n|poke|p1|Garchomp, L50, F|\n|poke|p1|Floette-Eternal, L50, F|\n|poke|p2|Ampharos, L50, F|\n|poke|p2|Farigiraf, L50, M|\n|poke|p2|Sinistcha, L50|\n|poke|p2|Incineroar, L50, F|\n|poke|p2|Heracross, L50, F|\n|poke|p2|Kingambit, L50, M|\n|teampreview|4\n|inactive|Battle timer is ON: inactive players will automatically lose when time's up. (requested by very_beeg_rat)\n|inactive|Pranag140 has 60 seconds left.\n|inactive|Pranag140 has 30 seconds left.\n|inactive|Pranag140 has 20 seconds left.\n|\n|t:|1788304613\n|teamsize|p1|4\n|teamsize|p2|4\n|start\n|switch|p1a: Kingambit|Kingambit, L50, M|100/100\n|switch|p1b: Dragonite|Dragonite, L50, F|100/100\n|switch|p2a: Kingambit|Kingambit, L50, M|100/100\n|switch|p2b: Farigiraf|Farigiraf, L50, M|100/100\n|turn|1\n|\n|t:|1788304627\n|detailschange|p1b: Dragonite|Dragonite-Mega, L50, F\n|-mega|p1b: Dragonite|Dragonite|Dragoninite\n|move|p1b: Dragonite|Dragon Pulse|p2b: Farigiraf\n|-damage|p2b: Farigiraf|51/100\n|move|p1a: Kingambit|Kowtow Cleave|p2b: Farigiraf\n|-supereffective|p2b: Farigiraf|1\n|-damage|p2b: Farigiraf|0 fnt\n|faint|p2b: Farigiraf\n|move|p2a: Kingambit|Swords Dance|p2a: Kingambit\n|-boost|p2a: Kingambit|atk|2\n|\n|upkeep\n|\n|t:|1788304643\n|switch|p2b: Heracross|Heracross, L50, F|100/100\n|turn|2\n|\n|t:|1788304651\n|switch|p1a: Sneasler|Sneasler, L50, M|100/100\n|detailschange|p2b: Heracross|Heracross-Mega, L50, F\n|-mega|p2b: Heracross|Heracross|Heracronite\n|move|p2a: Kingambit|Sucker Punch|p1b: Dragonite\n|-damage|p1b: Dragonite|47/100\n|-damage|p2a: Kingambit|90/100|[from] item: Life Orb\n|move|p1b: Dragonite|Heat Wave|p2a: Kingambit|[spread] p2a,p2b\n|-supereffective|p2a: Kingambit|1\n|-supereffective|p2b: Heracross|1\n|-damage|p2a: Kingambit|36/100\n|-damage|p2b: Heracross|48/100\n|move|p2b: Heracross|Low Kick|p1a: Sneasler\n|-resisted|p1a: Sneasler|1\n|-damage|p1a: Sneasler|62/100\n|\n|upkeep\n|turn|3\n|\n|t:|1788304672\n|switch|p2b: Sinistcha|Sinistcha, L50|100/100\n|-heal|p2a: Kingambit|61/100|[from] ability: Hospitality|[of] p2b: Sinistcha\n|move|p2a: Kingambit|Protect|p2a: Kingambit\n|-singleturn|p2a: Kingambit|Protect\n|move|p1a: Sneasler|Fake Out|p2a: Kingambit\n|-activate|p2a: Kingambit|move: Protect\n|move|p1b: Dragonite|Heat Wave|p2a: Kingambit|[spread] p2b\n|-activate|p2a: Kingambit|move: Protect\n|-supereffective|p2b: Sinistcha|1\n|-damage|p2b: Sinistcha|43/100\n|\n|upkeep\n|turn|4\n|\n|t:|1788304690\n|move|p1b: Dragonite|Protect|p1b: Dragonite\n|-singleturn|p1b: Dragonite|Protect\n|move|p2b: Sinistcha|Rage Powder|p2b: Sinistcha\n|-singleturn|p2b: Sinistcha|move: Rage Powder\n|move|p2a: Kingambit|Sucker Punch||[still]\n|-fail|p2a: Kingambit\n|move|p1a: Sneasler|Close Combat|p2b: Sinistcha\n|-immune|p2b: Sinistcha\n|\n|upkeep\n|turn|5\n|inactive|very_beeg_rat has 30 seconds left.\n|\n|t:|1788304715\n|switch|p1b: Garchomp|Garchomp, L50, F|100/100\n|move|p2a: Kingambit|Sucker Punch||[still]\n|-fail|p2a: Kingambit\n|move|p1a: Sneasler|Dire Claw|p2a: Kingambit\n|-immune|p2a: Kingambit\n|move|p2b: Sinistcha|Trick Room|p2b: Sinistcha\n|-fieldstart|move: Trick Room|[of] p2b: Sinistcha\n|\n|upkeep\n|turn|6\n|\n|t:|1788304737\n|switch|p1a: Dragonite|Dragonite-Mega, L50, F|47/100\n|move|p2a: Kingambit|Kowtow Cleave|p1a: Dragonite\n|-damage|p1a: Dragonite|0 fnt\n|faint|p1a: Dragonite\n|-damage|p2a: Kingambit|51/100|[from] item: Life Orb\n|move|p2b: Sinistcha|Life Dew|p2b: Sinistcha|[spread] p2a,p2b\n|-heal|p2a: Kingambit|76/100\n|-heal|p2b: Sinistcha|69/100\n|move|p1b: Garchomp|Earthquake|p2b: Sinistcha|[spread] p2a,p2b\n|-supereffective|p2a: Kingambit|1\n|-resisted|p2b: Sinistcha|1\n|-damage|p2a: Kingambit|20/100y\n|-damage|p2b: Sinistcha|52/100\n|\n|upkeep\n|\n|t:|1788304751\n|switch|p1a: Sneasler|Sneasler, L50, M|62/100\n|turn|7\n|\n|t:|1788304760\n|move|p2a: Kingambit|Protect|p2a: Kingambit\n|-singleturn|p2a: Kingambit|Protect\n|move|p1a: Sneasler|Feint|p2a: Kingambit\n|-activate|p2a: Kingambit|move: Feint\n|-resisted|p2a: Kingambit|1\n|-damage|p2a: Kingambit|16/100\n|move|p2b: Sinistcha|Matcha Gotcha|p1a: Sneasler|[spread] p1a,p1b\n|-resisted|p1a: Sneasler|1\n|-damage|p1a: Sneasler|47/100\n|-heal|p2b: Sinistcha|58/100|[from] drain|[of] p1a: Sneasler\n|-damage|p1b: Garchomp|74/100\n|-heal|p2b: Sinistcha|73/100|[from] drain|[of] p1b: Garchomp\n|move|p1b: Garchomp|Earthquake|p2b: Sinistcha|[spread] p1a,p2a,p2b\n|-supereffective|p1a: Sneasler|1\n|-supereffective|p2a: Kingambit|1\n|-resisted|p2b: Sinistcha|1\n|-damage|p1a: Sneasler|0 fnt\n|-damage|p2a: Kingambit|0 fnt\n|-damage|p2b: Sinistcha|57/100\n|faint|p1a: Sneasler\n|faint|p2a: Kingambit\n|\n|upkeep\n|\n|t:|1788304778\n|switch|p2a: Heracross|Heracross-Mega, L50, F|48/100\n|switch|p1a: Kingambit|Kingambit, L50, M|100/100\n|turn|8\n|\n|t:|1788304793\n|move|p1a: Kingambit|Kowtow Cleave|p2b: Sinistcha\n|-supereffective|p2b: Sinistcha|1\n|-enditem|p2b: Sinistcha|Colbur Berry|[eat]\n|-enditem|p2b: Sinistcha|Colbur Berry|[weaken]\n|-damage|p2b: Sinistcha|25/100\n|move|p2a: Heracross|Low Kick|p1a: Kingambit\n|-supereffective|p1a: Kingambit|2\n|-enditem|p1a: Kingambit|Chople Berry|[eat]\n|-enditem|p1a: Kingambit|Chople Berry|[weaken]\n|-damage|p1a: Kingambit|0 fnt\n|faint|p1a: Kingambit\n|move|p2b: Sinistcha|Life Dew|p2b: Sinistcha|[spread] p2a,p2b\n|-heal|p2a: Heracross|73/100\n|-heal|p2b: Sinistcha|50/100g\n|move|p1b: Garchomp|Earthquake|p2b: Sinistcha|[spread] p2a,p2b\n|-resisted|p2a: Heracross|1\n|-resisted|p2b: Sinistcha|1\n|-damage|p2a: Heracross|56/100\n|-damage|p2b: Sinistcha|35/100\n|\n|upkeep\n|turn|9\n|\n|t:|1788304814\n|move|p2a: Heracross|Pin Missile|p1b: Garchomp\n|-damage|p1b: Garchomp|58/100\n|-damage|p1b: Garchomp|42/100\n|-damage|p1b: Garchomp|23/100\n|-damage|p1b: Garchomp|6/100\n|-damage|p1b: Garchomp|0 fnt\n|faint|p1b: Garchomp\n|-hitcount|p1: Garchomp|5\n|\n|win|Pranag140\n|raw|very_beeg_rat's rating: 1142 &rarr; <strong>1122</strong><br />(-20 for losing)\n|raw|Pranag140's rating: 1219 &rarr; <strong>1239</strong><br />(+20 for winning)\n","uploadtime":1788304815,"views":"2","formatid":"gen9championsvgc2026regmb","rating":1122,"private":0,"password":null}