{"id":"gen9championsvgc2026regmbbo3-2673773465","format":"[Gen 9 Champions] VGC 2026 Reg M-B (Bo3)","players":["tomct","simioini"],"log":"|j|☆tomct\n|j|☆simioini\n|html|<table width=\"100%\"><tr><td align=\"left\">tomct</td><td align=\"right\">simioini</tr><tr><td align=\"left\"><i class=\"fa fa-circle-o\"></i> <i class=\"fa fa-circle-o\"></i> </td><td align=\"right\"><i class=\"fa fa-circle-o\"></i> <i class=\"fa fa-circle\"></i> </tr></table>\n|uhtml|bestof|<h2><strong>Game 2</strong> of <a href=\"/game-bestof3-gen9championsvgc2026regmbbo3-2673772920\">a best-of-3</a></h2>\n|t:|1788253301\n|gametype|doubles\n|player|p1|tomct|1|1228\n|player|p2|simioini|265|1260\n|gen|9\n|tier|[Gen 9 Champions] VGC 2026 Reg M-B (Bo3)\n|rated|\n|rule|Species Clause: Limit one of each Pokémon\n|rule|Item Clause: Limit 1 of each item\n|clearpoke\n|poke|p1|Tyranitar, L50, F|\n|poke|p1|Excadrill, L50, F|\n|poke|p1|Gholdengo, L50|\n|poke|p1|Milotic, L50, M|\n|poke|p1|Sinistcha, L50|\n|poke|p1|Staraptor, L50, M|\n|poke|p2|Charizard, L50, M|\n|poke|p2|Whimsicott, L50, F|\n|poke|p2|Garchomp, L50, F|\n|poke|p2|Floette-Eternal, L50, F|\n|poke|p2|Kingambit, L50, M|\n|poke|p2|Basculegion, L50, M|\n|teampreview|4\n|showteam|p1|Tyranitar||Tyranitarite|SandStream|RockSlide,KnockOff,LowKick,Protect|Brave||F|||50|]Excadrill||FocusSash|SandRush|HighHorsepower,IronHead,RockSlide,Protect|Adamant||F|||50|]Gholdengo||LifeOrb|GoodasGold|MakeItRain,ShadowBall,NastyPlot,Protect|Modest|||||50|]Milotic||Leftovers|Competitive|Scald,IceBeam,IcyWind,Protect|Bold||M|||50|]Sinistcha||ColburBerry|Hospitality|MatchaGotcha,ShadowBall,RagePowder,Protect|Bold|||||50|]Staraptor||Staraptite|Intimidate|CloseCombat,BraveBird,Roost,Protect|Jolly||M|||50|\n|showteam|p2|Charizard||CharizarditeY|Blaze|HeatWave,WeatherBall,AncientPower,Protect|Timid||M|||50|]Whimsicott||FocusSash|Prankster|Moonblast,Tailwind,Encore,Protect|Timid||F|||50|]Garchomp||SitrusBerry|RoughSkin|Earthquake,DragonClaw,RockSlide,Protect|Jolly||F|||50|]Floette-Eternal||Floettite|FlowerVeil|DazzlingGleam,Moonblast,LightofRuin,Protect|Modest||F|||50|]Kingambit||OccaBerry|Defiant|KowtowCleave,IronHead,SuckerPunch,LowKick|Adamant||M|||50|]Basculegion||LifeOrb|Adaptability|WaveCrash,LastRespects,AquaJet,Protect|Adamant||M|||50|\n|inactive|Battle timer is ON: inactive players will automatically lose when time's up. (requested by tomct)\n|\n|t:|1788253318\n|teamsize|p1|4\n|teamsize|p2|4\n|start\n|switch|p1a: Staraptor|Staraptor, L50, M|100/100\n|switch|p1b: Milotic|Milotic, L50, M|100/100\n|switch|p2a: Garchomp|Garchomp, L50, F|100/100\n|switch|p2b: Charizard|Charizard, L50, M|100/100\n|-ability|p1a: Staraptor|Intimidate|boost\n|-unboost|p2a: Garchomp|atk|1\n|-unboost|p2b: Charizard|atk|1\n|turn|1\n|\n|t:|1788253336\n|switch|p2a: Whimsicott|Whimsicott, L50, F|100/100\n|detailschange|p1a: Staraptor|Staraptor-Mega, L50, M\n|-mega|p1a: Staraptor|Staraptor|Staraptite\n|detailschange|p2b: Charizard|Charizard-Mega-Y, L50, M\n|-mega|p2b: Charizard|Charizard|Charizardite Y\n|-weather|SunnyDay|[from] ability: Drought|[of] p2b: Charizard\n|move|p1a: Staraptor|Close Combat|p2a: Whimsicott\n|-resisted|p2a: Whimsicott|1\n|-damage|p2a: Whimsicott|53/100\n|-boost|p1a: Staraptor|def|1\n|-boost|p1a: Staraptor|spd|1\n|move|p2b: Charizard|Weather Ball|p1a: Staraptor\n|-damage|p1a: Staraptor|40/100\n|move|p1b: Milotic|Icy Wind|p2b: Charizard|[spread] p2a,p2b\n|-supereffective|p2a: Whimsicott|1\n|-damage|p2a: Whimsicott|24/100\n|-damage|p2b: Charizard|91/100\n|-unboost|p2a: Whimsicott|spe|1\n|-unboost|p2b: Charizard|spe|1\n|\n|-weather|SunnyDay|[upkeep]\n|upkeep\n|turn|2\n|inactive|tomct has 30 seconds left.\n|inactive|simioini has 30 seconds left.\n|\n|t:|1788253363\n|switch|p1a: Tyranitar|Tyranitar, L50, F|100/100\n|-weather|Sandstorm|[from] ability: Sand Stream|[of] p1a: Tyranitar\n|move|p2a: Whimsicott|Tailwind|p2a: Whimsicott\n|-sidestart|p2: simioini|move: Tailwind\n|move|p2b: Charizard|Weather Ball|p1a: Tyranitar\n|-damage|p1a: Tyranitar|79/100\n|move|p1b: Milotic|Icy Wind|p2b: Charizard|[spread] p2b\n|-miss|p1b: Milotic|p2a: Whimsicott\n|-crit|p2b: Charizard\n|-damage|p2b: Charizard|76/100\n|-unboost|p2b: Charizard|spe|1\n|\n|-weather|Sandstorm|[upkeep]\n|-damage|p2a: Whimsicott|18/100|[from] Sandstorm\n|-damage|p2b: Charizard|70/100|[from] Sandstorm\n|-damage|p1b: Milotic|94/100|[from] Sandstorm\n|-heal|p1b: Milotic|100/100|[from] item: Leftovers\n|upkeep\n|turn|3\n|\n|t:|1788253382\n|switch|p2b: Garchomp|Garchomp, L50, F|100/100\n|move|p1a: Tyranitar|Protect|p1a: Tyranitar\n|-singleturn|p1a: Tyranitar|Protect\n|move|p2a: Whimsicott|Moonblast|p1a: Tyranitar\n|-activate|p1a: Tyranitar|move: Protect\n|move|p1b: Milotic|Icy Wind|p2a: Whimsicott|[spread] p2a,p2b\n|-supereffective|p2a: Whimsicott|1\n|-supereffective|p2b: Garchomp|2\n|-damage|p2a: Whimsicott|0 fnt\n|-damage|p2b: Garchomp|63/100\n|-unboost|p2b: Garchomp|spe|1\n|faint|p2a: Whimsicott\n|\n|-weather|Sandstorm|[upkeep]\n|-damage|p1b: Milotic|94/100|[from] Sandstorm\n|-heal|p1b: Milotic|100/100|[from] item: Leftovers\n|upkeep\n|\n|t:|1788253398\n|switch|p2a: Charizard|Charizard-Mega-Y, L50, M|70/100\n|-weather|SunnyDay|[from] ability: Drought|[of] p2a: Charizard\n|turn|4\n|\n|t:|1788253406\n|switch|p1a: Excadrill|Excadrill, L50, F|100/100\n|move|p2a: Charizard|Weather Ball|p1b: Milotic\n|-resisted|p1b: Milotic|1\n|-damage|p1b: Milotic|75/100\n|move|p2b: Garchomp|Earthquake|p1b: Milotic|[spread] p1a,p1b\n|-immune|p2a: Charizard\n|-supereffective|p1a: Excadrill|1\n|-damage|p1a: Excadrill|3/100\n|-damage|p1b: Milotic|49/100\n|move|p1b: Milotic|Ice Beam|p2b: Garchomp\n|-supereffective|p2b: Garchomp|2\n|-damage|p2b: Garchomp|0 fnt\n|faint|p2b: Garchomp\n|\n|-weather|SunnyDay|[upkeep]\n|-heal|p1b: Milotic|55/100|[from] item: Leftovers\n|upkeep\n|\n|t:|1788253422\n|switch|p2b: Basculegion|Basculegion, L50, M|100/100\n|turn|5\n|\n|t:|1788253430\n|move|p1a: Excadrill|Protect|p1a: Excadrill\n|-singleturn|p1a: Excadrill|Protect\n|move|p1b: Milotic|Protect|p1b: Milotic\n|-singleturn|p1b: Milotic|Protect\n|move|p2a: Charizard|Heat Wave|p1a: Excadrill|[spread] \n|-activate|p1a: Excadrill|move: Protect\n|-activate|p1b: Milotic|move: Protect\n|move|p2b: Basculegion|Last Respects|p1b: Milotic\n|-activate|p1b: Milotic|move: Protect\n|\n|-weather|SunnyDay|[upkeep]\n|-heal|p1b: Milotic|61/100|[from] item: Leftovers\n|-sideend|p2: simioini|move: Tailwind\n|upkeep\n|turn|6\n|\n|t:|1788253448\n|switch|p1b: Tyranitar|Tyranitar, L50, F|79/100\n|-weather|Sandstorm|[from] ability: Sand Stream|[of] p1b: Tyranitar\n|move|p2b: Basculegion|Aqua Jet|p1a: Excadrill\n|-supereffective|p1a: Excadrill|1\n|-damage|p1a: Excadrill|0 fnt\n|faint|p1a: Excadrill\n|-damage|p2b: Basculegion|90/100|[from] item: Life Orb\n|move|p2a: Charizard|Weather Ball|p1b: Tyranitar\n|-damage|p1b: Tyranitar|59/100\n|\n|-weather|Sandstorm|[upkeep]\n|-damage|p2a: Charizard|64/100|[from] Sandstorm\n|-damage|p2b: Basculegion|84/100|[from] Sandstorm\n|upkeep\n|\n|t:|1788253457\n|switch|p1a: Staraptor|Staraptor-Mega, L50, M|40/100\n|turn|7\n|inactive|simioini has 30 seconds left.\n|inactive|simioini has 20 seconds left.\n|inactive|simioini has 15 seconds left.\n|\n|t:|1788253498\n|move|p2a: Charizard|Protect|p2a: Charizard\n|-singleturn|p2a: Charizard|Protect\n|move|p1a: Staraptor|Brave Bird|p2b: Basculegion\n|-damage|p2b: Basculegion|2/100\n|-damage|p1a: Staraptor|7/100|[from] Recoil\n|move|p2b: Basculegion|Wave Crash|p1b: Tyranitar\n|-supereffective|p1b: Tyranitar|1\n|-damage|p1b: Tyranitar|0 fnt\n|faint|p1b: Tyranitar\n|-damage|p2b: Basculegion|0 fnt|[from] Recoil\n|faint|p2b: Basculegion\n|\n|-weather|Sandstorm|[upkeep]\n|-damage|p1a: Staraptor|1/100|[from] Sandstorm\n|-damage|p2a: Charizard|58/100|[from] Sandstorm\n|upkeep\n|\n|t:|1788253504\n|switch|p1b: Milotic|Milotic, L50, M|61/100\n|turn|8\n|\n|t:|1788253517\n|move|p1a: Staraptor|Brave Bird|p2a: Charizard\n|-damage|p2a: Charizard|0 fnt\n|faint|p2a: Charizard\n|-damage|p1a: Staraptor|0 fnt|[from] Recoil\n|faint|p1a: Staraptor\n|\n|win|tomct\n","uploadtime":1788253517,"views":"0","formatid":"gen9championsvgc2026regmbbo3","rating":null,"private":0,"password":null}