{"id":"gen9championsvgc2026regmb-2674224607","format":"[Gen 9 Champions] VGC 2026 Reg M-B","players":["Croxisa","Difjsjc"],"log":"|j|☆Croxisa\n|j|☆Difjsjc\n|t:|1788318402\n|gametype|doubles\n|player|p1|Croxisa|palmer|1161\n|player|p2|Difjsjc|clerk-boss|1123\n|gen|9\n|tier|[Gen 9 Champions] VGC 2026 Reg M-B\n|rated|\n|rule|Species Clause: Limit one of each Pokémon\n|rule|Item Clause: Limit 1 of each item\n|clearpoke\n|poke|p1|Gengar, L50, M|\n|poke|p1|Sinistcha, L50|\n|poke|p1|Politoed, L50, M|\n|poke|p1|Froslass, L50, F|\n|poke|p1|Basculegion-F, L50, F|\n|poke|p1|Grimmsnarl, L50, M|\n|poke|p2|Toxapex, L50, F|\n|poke|p2|Overqwil, L50, M|\n|poke|p2|Scolipede, L50, M|\n|poke|p2|Sneasler, L50, F, shiny|\n|poke|p2|Venusaur, L50, M|\n|poke|p2|Slowking-Galar, L50, F|\n|teampreview|4\n|inactive|Battle timer is ON: inactive players will automatically lose when time's up. (requested by Difjsjc)\n|inactive|Croxisa has 60 seconds left.\n|l|☆Difjsjc\n|inactive|Difjsjc disconnected and has a minute to reconnect!\n|player|p2|\n|j|☆Difjsjc\n|inactive|Difjsjc reconnected.\n|player|p2|Difjsjc|clerk-boss|\n|inactive|Croxisa has 30 seconds left.\n|\n|t:|1788318508\n|teamsize|p1|4\n|teamsize|p2|4\n|start\n|switch|p1a: Politoed|Politoed, L50, M|100/100\n|switch|p1b: Basculegion|Basculegion-F, L50, F|100/100\n|switch|p2a: Minesweeper|Overqwil, L50, M|100/100\n|switch|p2b: Migraine|Slowking-Galar, L50, F|100/100\n|-weather|RainDance|[from] ability: Drizzle|[of] p1a: Politoed\n|-ability|p2a: Minesweeper|Intimidate|boost\n|-unboost|p1a: Politoed|atk|1\n|-unboost|p1b: Basculegion|atk|1\n|turn|1\n|inactive|Croxisa has 30 seconds left.\n|inactive|Difjsjc has 30 seconds left.\n|inactive|Croxisa has 20 seconds left.\n|inactive|Croxisa has 15 seconds left.\n|inactive|Croxisa has 10 seconds left.\n|inactive|Croxisa has 5 seconds left.\n|\n|t:|1788318563\n|move|p1b: Basculegion|Wave Crash|p2b: Migraine\n|-damage|p2b: Migraine|33/100\n|-damage|p1b: Basculegion|80/100|[from] Recoil\n|-damage|p1b: Basculegion|70/100|[from] item: Life Orb\n|move|p1a: Politoed|Weather Ball|p2a: Minesweeper\n|-damage|p2a: Minesweeper|31/100\n|-enditem|p2a: Minesweeper|Sitrus Berry|[eat]\n|-heal|p2a: Minesweeper|56/100|[from] item: Sitrus Berry\n|move|p2a: Minesweeper|Crunch|p1b: Basculegion\n|-supereffective|p1b: Basculegion|1\n|-damage|p1b: Basculegion|0 fnt\n|faint|p1b: Basculegion\n|move|p2b: Migraine|Trick Room|p2b: Migraine\n|-fieldstart|move: Trick Room|[of] p2b: Migraine\n|\n|-weather|RainDance|[upkeep]\n|upkeep\n|\n|t:|1788318587\n|switch|p1b: Gengar|Gengar, L50, M|100/100\n|turn|2\n|\n|t:|1788318600\n|detailschange|p1b: Gengar|Gengar-Mega, L50, M\n|-mega|p1b: Gengar|Gengar|Gengarite\n|move|p1b: Gengar|Protect|p1b: Gengar\n|-singleturn|p1b: Gengar|Protect\n|move|p2b: Migraine|Psychic Noise|p1a: Politoed\n|-crit|p1a: Politoed\n|-damage|p1a: Politoed|58/100\n|-start|p1a: Politoed|move: Heal Block\n|move|p2a: Minesweeper|Crunch|p1a: Politoed\n|-damage|p1a: Politoed|9/100\n|-unboost|p1a: Politoed|def|1\n|move|p1a: Politoed|Weather Ball|p2a: Minesweeper\n|-damage|p2a: Minesweeper|0 fnt\n|faint|p2a: Minesweeper\n|\n|-weather|RainDance|[upkeep]\n|upkeep\n|\n|t:|1788318618\n|switch|p2a: Chernobyl|Toxapex, L50, F|100/100\n|turn|3\n|\n|t:|1788318642\n|move|p2b: Migraine|Psychic Noise|p1b: Gengar\n|-supereffective|p1b: Gengar|1\n|-damage|p1b: Gengar|44/100\n|-start|p1b: Gengar|move: Heal Block\n|move|p2a: Chernobyl|Muddy Water|p1b: Gengar|[spread] p1a,p1b\n|-resisted|p1a: Politoed|1\n|-damage|p1a: Politoed|0 fnt\n|-damage|p1b: Gengar|22/100\n|-unboost|p1b: Gengar|accuracy|1\n|faint|p1a: Politoed\n|move|p1b: Gengar|Shadow Ball|p2b: Migraine\n|-supereffective|p2b: Migraine|1\n|-damage|p2b: Migraine|0 fnt\n|faint|p2b: Migraine\n|\n|-weather|RainDance|[upkeep]\n|upkeep\n|\n|t:|1788318652\n|switch|p2b: Asparagus|Venusaur, L50, M|100/100\n|switch|p1a: Sinistcha|Sinistcha, L50|100/100\n|turn|4\n|\n|t:|1788318665\n|detailschange|p2b: Asparagus|Venusaur-Mega, L50, M\n|-mega|p2b: Asparagus|Venusaur|Venusaurite\n|move|p1a: Sinistcha|Rage Powder|p1a: Sinistcha\n|-singleturn|p1a: Sinistcha|move: Rage Powder\n|move|p2a: Chernobyl|Toxic|p1a: Sinistcha\n|-status|p1a: Sinistcha|tox\n|move|p2b: Asparagus|Venoshock|p1a: Sinistcha\n|-damage|p1a: Sinistcha|37/100 tox\n|move|p1b: Gengar|Perish Song|p1b: Gengar\n|-start|p1a: Sinistcha|perish3|[silent]\n|-start|p1b: Gengar|perish3|[silent]\n|-start|p2a: Chernobyl|perish3|[silent]\n|-start|p2b: Asparagus|perish3|[silent]\n|-fieldactivate|move: Perish Song\n|\n|-weather|RainDance|[upkeep]\n|-damage|p1a: Sinistcha|31/100 tox|[from] psn\n|-end|p1b: Gengar|move: Heal Block\n|-start|p2a: Chernobyl|perish3\n|-start|p2b: Asparagus|perish3\n|-start|p1a: Sinistcha|perish3\n|-start|p1b: Gengar|perish3\n|upkeep\n|turn|5\n|\n|t:|1788318690\n|move|p2a: Chernobyl|Muddy Water|p1b: Gengar|[spread] p1a,p1b\n|-resisted|p1a: Sinistcha|1\n|-damage|p1a: Sinistcha|19/100 tox\n|-damage|p1b: Gengar|0 fnt\n|faint|p1b: Gengar\n|move|p2b: Asparagus|Venoshock|p1a: Sinistcha\n|-damage|p1a: Sinistcha|0 fnt\n|faint|p1a: Sinistcha\n|\n|win|Difjsjc\n|raw|Croxisa's rating: 1161 &rarr; <strong>1133</strong><br />(-28 for losing)\n|raw|Difjsjc's rating: 1123 &rarr; <strong>1151</strong><br />(+28 for winning)\n|l|☆Croxisa\n|player|p1|\n","uploadtime":1788318702,"views":"0","formatid":"gen9championsvgc2026regmb","rating":1133,"private":0,"password":null}