{"id":"gen9championsvgc2026regmb-2674341654","format":"[Gen 9 Champions] VGC 2026 Reg M-B","players":["alexismydog","happyfalco1"],"log":"|j|☆alexismydog\n|j|☆happyfalco1\n|t:|1788344985\n|gametype|doubles\n|player|p1|alexismydog|265|1606\n|player|p2|happyfalco1|265|1517\n|gen|9\n|tier|[Gen 9 Champions] VGC 2026 Reg M-B\n|rated|\n|rule|Species Clause: Limit one of each Pokémon\n|rule|Item Clause: Limit 1 of each item\n|clearpoke\n|poke|p1|Tyranitar, L50, F|\n|poke|p1|Excadrill, L50, M|\n|poke|p1|Sinistcha, L50|\n|poke|p1|Gholdengo, L50|\n|poke|p1|Staraptor, L50, F|\n|poke|p1|Milotic, L50, F|\n|poke|p2|Archaludon, L50, F|\n|poke|p2|Whimsicott, L50, F|\n|poke|p2|Staraptor, L50, M|\n|poke|p2|Incineroar, L50, M|\n|poke|p2|Gengar, L50, M|\n|poke|p2|Pelipper, L50, F|\n|teampreview|4\n|inactive|Battle timer is ON: inactive players will automatically lose when time's up. (requested by alexismydog)\n|\n|t:|1788345015\n|teamsize|p1|4\n|teamsize|p2|4\n|start\n|switch|p1a: Tyranitar|Tyranitar, L50, F|100/100\n|switch|p1b: Sinistcha|Sinistcha, L50|100/100\n|switch|p2a: Whimsicott|Whimsicott, L50, F|100/100\n|switch|p2b: Staraptor|Staraptor, L50, M|100/100\n|-weather|Sandstorm|[from] ability: Sand Stream|[of] p1a: Tyranitar\n|turn|1\n|inactive|alexismydog has 30 seconds left.\n|inactive|happyfalco1 has 30 seconds left.\n|inactive|alexismydog has 20 seconds left.\n|inactive|alexismydog has 15 seconds left.\n|\n|t:|1788345057\n|switch|p2b: Archaludon|Archaludon, L50, F|100/100\n|switch|p1b: Excadrill|Excadrill, L50, M|100/100\n|detailschange|p1a: Tyranitar|Tyranitar-Mega, L50, F\n|-mega|p1a: Tyranitar|Tyranitar|Tyranitarite\n|move|p2a: Whimsicott|Tailwind|p2a: Whimsicott\n|-sidestart|p2: happyfalco1|move: Tailwind\n|move|p1a: Tyranitar|Rock Slide|p2a: Whimsicott|[spread] p2a,p2b\n|-resisted|p2b: Archaludon|1\n|-damage|p2a: Whimsicott|45/100\n|-damage|p2b: Archaludon|87/100\n|-ability|p2b: Archaludon|Stamina|boost\n|-boost|p2b: Archaludon|def|1\n|\n|-weather|Sandstorm|[upkeep]\n|-damage|p2a: Whimsicott|39/100|[from] Sandstorm\n|-heal|p2b: Archaludon|93/100|[from] item: Leftovers\n|upkeep\n|turn|2\n|inactive|happyfalco1 has 30 seconds left.\n|inactive|happyfalco1 has 20 seconds left.\n|\n|t:|1788345093\n|switch|p1a: Sinistcha|Sinistcha, L50|100/100\n|move|p2b: Archaludon|Protect|p2b: Archaludon\n|-singleturn|p2b: Archaludon|Protect\n|move|p2a: Whimsicott|Charm|p1b: Excadrill\n|-unboost|p1b: Excadrill|atk|2\n|move|p1b: Excadrill|High Horsepower|p2b: Archaludon\n|-activate|p2b: Archaludon|move: Protect\n|\n|-weather|Sandstorm|[upkeep]\n|-damage|p2a: Whimsicott|33/100|[from] Sandstorm\n|-damage|p1a: Sinistcha|93/100|[from] Sandstorm\n|-heal|p2b: Archaludon|100/100|[from] item: Leftovers\n|-heal|p1a: Sinistcha|100/100|[from] item: Leftovers\n|upkeep\n|turn|3\n|inactive|alexismydog has 30 seconds left.\n|inactive|happyfalco1 has 30 seconds left.\n|inactive|happyfalco1 has 20 seconds left.\n|\n|t:|1788345133\n|switch|p2a: Staraptor|Staraptor, L50, M|100/100\n|switch|p1b: Gholdengo|Gholdengo, L50|100/100\n|switch|p1a: Tyranitar|Tyranitar-Mega, L50, F|100/100\n|move|p2b: Archaludon|Flash Cannon|p1a: Tyranitar\n|-supereffective|p1a: Tyranitar|1\n|-damage|p1a: Tyranitar|54/100\n|\n|-weather|Sandstorm|[upkeep]\n|-damage|p2a: Staraptor|93/100|[from] Sandstorm\n|upkeep\n|turn|4\n|inactive|alexismydog has 30 seconds left.\n|inactive|happyfalco1 has 30 seconds left.\n|inactive|alexismydog has 20 seconds left.\n|inactive|alexismydog has 15 seconds left.\n|inactive|alexismydog has 10 seconds left.\n|\n|t:|1788345181\n|switch|p2a: Pelipper|Pelipper, L50, F|100/100\n|-weather|RainDance|[from] ability: Drizzle|[of] p2a: Pelipper\n|switch|p1a: Sinistcha|Sinistcha, L50|100/100\n|move|p2b: Archaludon|Electro Shot||[still]\n|-prepare|p2b: Archaludon|Electro Shot\n|-boost|p2b: Archaludon|spa|1\n|-anim|p2b: Archaludon|Electro Shot|p1b: Gholdengo\n|-damage|p1b: Gholdengo|34/100\n|move|p1b: Gholdengo|Nasty Plot|p1b: Gholdengo\n|-boost|p1b: Gholdengo|spa|2\n|\n|-weather|RainDance|[upkeep]\n|-sideend|p2: happyfalco1|move: Tailwind\n|upkeep\n|turn|5\n|inactive|happyfalco1 has 30 seconds left.\n|inactive|happyfalco1 has 20 seconds left.\n|\n|t:|1788345218\n|switch|p1a: Tyranitar|Tyranitar-Mega, L50, F|54/100\n|-weather|Sandstorm|[from] ability: Sand Stream|[of] p1a: Tyranitar\n|move|p2b: Archaludon|Protect|p2b: Archaludon\n|-singleturn|p2b: Archaludon|Protect\n|move|p1b: Gholdengo|Shadow Ball|p2a: Pelipper\n|-damage|p2a: Pelipper|0 fnt\n|faint|p2a: Pelipper\n|\n|-weather|Sandstorm|[upkeep]\n|upkeep\n|\n|t:|1788345236\n|switch|p2a: Whimsicott|Whimsicott, L50, F|33/100\n|turn|6\n|inactive|happyfalco1 has 30 seconds left.\n|inactive|happyfalco1 has 20 seconds left.\n|inactive|happyfalco1 has 15 seconds left.\n|inactive|happyfalco1 has 10 seconds left.\n|\n|t:|1788345282\n|switch|p1a: Sinistcha|Sinistcha, L50|100/100\n|-heal|p1b: Gholdengo|59/100|[from] ability: Hospitality|[of] p1a: Sinistcha\n|move|p2a: Whimsicott|Tailwind|p2a: Whimsicott\n|-sidestart|p2: happyfalco1|move: Tailwind\n|move|p2b: Archaludon|Dragon Pulse|p1b: Gholdengo\n|-resisted|p1b: Gholdengo|1\n|-damage|p1b: Gholdengo|26/100\n|move|p1b: Gholdengo|Shadow Ball|p2b: Archaludon\n|-damage|p2b: Archaludon|14/100\n|-ability|p2b: Archaludon|Stamina|boost\n|-boost|p2b: Archaludon|def|1\n|\n|-weather|Sandstorm|[upkeep]\n|-damage|p2a: Whimsicott|27/100|[from] Sandstorm\n|-damage|p1a: Sinistcha|93/100|[from] Sandstorm\n|-heal|p2b: Archaludon|20/100y|[from] item: Leftovers\n|-heal|p1a: Sinistcha|100/100|[from] item: Leftovers\n|upkeep\n|turn|7\n|inactive|happyfalco1 has 30 seconds left.\n|inactive|happyfalco1 has 20 seconds left.\n|\n|t:|1788345318\n|switch|p2a: Staraptor|Staraptor, L50, M|93/100\n|move|p2b: Archaludon|Protect|p2b: Archaludon\n|-singleturn|p2b: Archaludon|Protect\n|move|p1b: Gholdengo|Protect|p1b: Gholdengo\n|-singleturn|p1b: Gholdengo|Protect\n|move|p1a: Sinistcha|Trick Room|p1a: Sinistcha\n|-fieldstart|move: Trick Room|[of] p1a: Sinistcha\n|\n|-weather|Sandstorm|[upkeep]\n|-damage|p1a: Sinistcha|93/100|[from] Sandstorm\n|-damage|p2a: Staraptor|87/100|[from] Sandstorm\n|-heal|p1a: Sinistcha|100/100|[from] item: Leftovers\n|-heal|p2b: Archaludon|26/100|[from] item: Leftovers\n|upkeep\n|turn|8\n|inactive|happyfalco1 has 30 seconds left.\n|inactive|happyfalco1 has 20 seconds left.\n|\n|t:|1788345355\n|detailschange|p2a: Staraptor|Staraptor-Mega, L50, M\n|-mega|p2a: Staraptor|Staraptor|Staraptite\n|move|p1a: Sinistcha|Rage Powder|p1a: Sinistcha\n|-singleturn|p1a: Sinistcha|move: Rage Powder\n|move|p1b: Gholdengo|Shadow Ball|p2b: Archaludon\n|-damage|p2b: Archaludon|0 fnt\n|faint|p2b: Archaludon\n|move|p2a: Staraptor|Brave Bird|p1a: Sinistcha\n|-supereffective|p1a: Sinistcha|1\n|-damage|p1a: Sinistcha|0 fnt\n|faint|p1a: Sinistcha\n|-damage|p2a: Staraptor|61/100|[from] Recoil\n|\n|-weather|Sandstorm|[upkeep]\n|-damage|p2a: Staraptor|55/100|[from] Sandstorm\n|upkeep\n|c|☆happyfalco1|gg\n|\n|t:|1788345369\n|switch|p1a: Tyranitar|Tyranitar-Mega, L50, F|54/100\n|switch|p2b: Whimsicott|Whimsicott, L50, F|27/100\n|turn|9\n|inactive|happyfalco1 has 30 seconds left.\n|\n|t:|1788345399\n|move|p2b: Whimsicott|Protect|p2b: Whimsicott\n|-singleturn|p2b: Whimsicott|Protect\n|move|p1a: Tyranitar|Rock Slide|p2a: Staraptor|[spread] p2a\n|-activate|p2b: Whimsicott|move: Protect\n|-damage|p2a: Staraptor|20/100y\n|move|p1b: Gholdengo|Make It Rain|p2a: Staraptor|[spread] p2a\n|-activate|p2b: Whimsicott|move: Protect\n|-damage|p2a: Staraptor|0 fnt\n|-unboost|p1b: Gholdengo|spa|2\n|faint|p2a: Staraptor\n|\n|-weather|none\n|-sideend|p2: happyfalco1|move: Tailwind\n|upkeep\n|turn|10\n|-message|happyfalco1 forfeited.\n|\n|win|alexismydog\n|raw|alexismydog's rating: 1606 &rarr; <strong>1621</strong><br />(+15 for winning)\n|raw|happyfalco1's rating: 1517 &rarr; <strong>1502</strong><br />(-15 for losing)\n|l|☆happyfalco1\n|player|p2|\n","uploadtime":1788345415,"views":"0","formatid":"gen9championsvgc2026regmb","rating":1502,"private":0,"password":null}