{"id":"gen9championsvgc2026regmbbo3-2674103264","format":"[Gen 9 Champions] VGC 2026 Reg M-B (Bo3)","players":["DINOLONK","epic17x"],"log":"|j|☆DINOLONK\n|j|☆epic17x\n|html|<table width=\"100%\"><tr><td align=\"left\">DINOLONK</td><td align=\"right\">epic17x</tr><tr><td align=\"left\"><i class=\"fa fa-circle-o\"></i> <i class=\"fa fa-circle-o\"></i> </td><td align=\"right\"><i class=\"fa fa-circle-o\"></i> <i class=\"fa fa-circle\"></i> </tr></table>\n|uhtml|bestof|<h2><strong>Game 2</strong> of <a href=\"/game-bestof3-gen9championsvgc2026regmbbo3-2674101526\">a best-of-3</a></h2>\n|t:|1788299559\n|gametype|doubles\n|player|p1|DINOLONK|parasollady-gen4|1336\n|player|p2|epic17x|steven|1282\n|gen|9\n|tier|[Gen 9 Champions] VGC 2026 Reg M-B (Bo3)\n|rated|\n|rule|Species Clause: Limit one of each Pokémon\n|rule|Item Clause: Limit 1 of each item\n|clearpoke\n|poke|p1|Dragonite, L50, M|\n|poke|p1|Sneasler, L50, M|\n|poke|p1|Kingambit, L50, F|\n|poke|p1|Basculegion, L50, M|\n|poke|p1|Whimsicott, L50, M|\n|poke|p1|Floette-Eternal, L50, F|\n|poke|p2|Dragonite, L50, M|\n|poke|p2|Sneasler, L50, F|\n|poke|p2|Basculegion, L50, M|\n|poke|p2|Kingambit, L50, M|\n|poke|p2|Garchomp, L50, M|\n|poke|p2|Floette-Eternal, L50, F|\n|teampreview|4\n|showteam|p1|Dragonite||Dragoninite|InnerFocus|DragonPulse,HeatWave,Thunderbolt,Protect|Modest||M|||50|]Sneasler||WhiteHerb|Unburden|DireClaw,CloseCombat,RockSlide,FakeOut|Jolly||M|||50|]Kingambit||ChopleBerry|Defiant|KowtowCleave,SuckerPunch,LowKick,IronHead|Adamant||F|||50|]Basculegion||LifeOrb|Adaptability|WaveCrash,LastRespects,AquaJet,Protect|Adamant||M|||50|]Whimsicott||FocusSash|Prankster|Moonblast,Tailwind,Encore,Protect|Timid||M|||50|]Floette-Eternal||Floettite|FlowerVeil|Moonblast,DazzlingGleam,LightofRuin,Protect|Timid||F|||50|\n|showteam|p2|Dragonite||Dragoninite|Multiscale|DragonPulse,HeatWave,ExtremeSpeed,Protect|Modest||M|||50|]Sneasler||FocusSash|PoisonTouch|FakeOut,DireClaw,CloseCombat,Protect|Jolly||F|||50|]Basculegion||LifeOrb|Adaptability|WaveCrash,LastRespects,AquaJet,Protect|Adamant||M|||50|]Kingambit||ChopleBerry|Defiant|KowtowCleave,SuckerPunch,LowKick,IronHead|Adamant||M|||50|]Garchomp||ChoiceScarf|RoughSkin|DragonClaw,StompingTantrum,Earthquake,RockSlide|Adamant||M|||50|]Floette-Eternal||Floettite|FlowerVeil|LightofRuin,Moonblast,DazzlingGleam,Protect|Timid||F|||50|\n|inactive|Battle timer is ON: inactive players will automatically lose when time's up. (requested by epic17x)\n|inactive|DINOLONK also wants the timer to be on.\n|\n|t:|1788299574\n|teamsize|p1|4\n|teamsize|p2|4\n|start\n|switch|p1a: Whimsicott|Whimsicott, L50, M|100/100\n|switch|p1b: Sneasler|Sneasler, L50, M|100/100\n|switch|p2a: Sneasler|Sneasler, L50, F|100/100\n|switch|p2b: Garchomp|Garchomp, L50, M|100/100\n|turn|1\n|\n|t:|1788299595\n|move|p2a: Sneasler|Fake Out|p1b: Sneasler\n|-crit|p1b: Sneasler\n|-damage|p1b: Sneasler|63/100\n|cant|p1b: Sneasler|flinch\n|move|p2b: Garchomp|Rock Slide|p1a: Whimsicott|[spread] p1b\n|-miss|p2b: Garchomp|p1a: Whimsicott\n|-resisted|p1b: Sneasler|1\n|-damage|p1b: Sneasler|48/100\n|move|p1a: Whimsicott|Moonblast|p2b: Garchomp\n|-supereffective|p2b: Garchomp|1\n|-damage|p2b: Garchomp|21/100\n|-unboost|p2b: Garchomp|spa|1\n|\n|upkeep\n|turn|2\n|inactive|DINOLONK has 30 seconds left.\n|\n|t:|1788299621\n|switch|p2b: Basculegion|Basculegion, L50, M|100/100\n|switch|p2a: Floette|Floette-Eternal, L50, F|100/100\n|move|p1a: Whimsicott|Encore||[still]\n|-fail|p1a: Whimsicott\n|move|p1b: Sneasler|Close Combat|p2b: Basculegion\n|-immune|p2b: Basculegion\n|\n|upkeep\n|turn|3\n|\n|t:|1788299637\n|switch|p1b: Basculegion|Basculegion, L50, M|100/100\n|switch|p2b: Sneasler|Sneasler, L50, F|100/100\n|detailschange|p2a: Floette|Floette-Mega, L50, F\n|-mega|p2a: Floette|Floette|Floettite\n|-ability|p2a: Floette|Fairy Aura\n|move|p1a: Whimsicott|Tailwind|p1a: Whimsicott\n|-sidestart|p1: DINOLONK|move: Tailwind\n|move|p2a: Floette|Dazzling Gleam|p1b: Basculegion|[spread] p1a,p1b\n|-damage|p1a: Whimsicott|17/100\n|-damage|p1b: Basculegion|47/100\n|\n|upkeep\n|turn|4\n|\n|t:|1788299658\n|switch|p2a: Garchomp|Garchomp, L50, M|21/100\n|move|p1a: Whimsicott|Protect|p1a: Whimsicott\n|-singleturn|p1a: Whimsicott|Protect\n|move|p1b: Basculegion|Protect|p1b: Basculegion\n|-singleturn|p1b: Basculegion|Protect\n|move|p2b: Sneasler|Dire Claw|p1b: Basculegion\n|-activate|p1b: Basculegion|move: Protect\n|\n|upkeep\n|turn|5\n|\n|t:|1788299678\n|switch|p2b: Basculegion|Basculegion, L50, M|100/100\n|move|p1a: Whimsicott|Moonblast|p2a: Garchomp\n|-supereffective|p2a: Garchomp|1\n|-damage|p2a: Garchomp|0 fnt\n|faint|p2a: Garchomp\n|move|p1b: Basculegion|Wave Crash|p2b: Basculegion\n|-resisted|p2b: Basculegion|1\n|-damage|p2b: Basculegion|37/100\n|-damage|p1b: Basculegion|26/100|[from] Recoil\n|-damage|p1b: Basculegion|16/100|[from] item: Life Orb\n|\n|upkeep\n|\n|t:|1788299686\n|switch|p2a: Sneasler|Sneasler, L50, F|100/100\n|turn|6\n|inactive|epic17x has 30 seconds left.\n|\n|t:|1788299713\n|switch|p2a: Floette|Floette-Mega, L50, F|100/100\n|-ability|p2a: Floette|Fairy Aura\n|move|p1a: Whimsicott|Protect|p1a: Whimsicott\n|-singleturn|p1a: Whimsicott|Protect\n|move|p1b: Basculegion|Aqua Jet|p2a: Floette\n|-damage|p2a: Floette|57/100\n|-damage|p1b: Basculegion|7/100|[from] item: Life Orb\n|move|p2b: Basculegion|Aqua Jet|p1b: Basculegion\n|-resisted|p1b: Basculegion|1\n|-damage|p1b: Basculegion|0 fnt\n|faint|p1b: Basculegion\n|-damage|p2b: Basculegion|27/100|[from] item: Life Orb\n|\n|-sideend|p1: DINOLONK|move: Tailwind\n|upkeep\n|\n|t:|1788299727\n|switch|p1b: Floette|Floette-Eternal, L50, F|100/100\n|turn|7\n|\n|t:|1788299740\n|detailschange|p1b: Floette|Floette-Mega, L50, F\n|-mega|p1b: Floette|Floette|Floettite\n|-ability|p1b: Floette|Fairy Aura\n|move|p2a: Floette|Protect|p2a: Floette\n|-singleturn|p2a: Floette|Protect\n|move|p1a: Whimsicott|Tailwind|p1a: Whimsicott\n|-sidestart|p1: DINOLONK|move: Tailwind\n|move|p2b: Basculegion|Aqua Jet|p1a: Whimsicott\n|-resisted|p1a: Whimsicott|1\n|-damage|p1a: Whimsicott|0 fnt\n|faint|p1a: Whimsicott\n|-damage|p2b: Basculegion|18/100|[from] item: Life Orb\n|move|p1b: Floette|Dazzling Gleam|p2a: Floette|[spread] p2b\n|-activate|p2a: Floette|move: Protect\n|-damage|p2b: Basculegion|0 fnt\n|faint|p2b: Basculegion\n|\n|upkeep\n|\n|t:|1788299752\n|switch|p1a: Sneasler|Sneasler, L50, M|48/100\n|switch|p2b: Sneasler|Sneasler, L50, F|100/100\n|turn|8\n|-message|epic17x forfeited.\n|\n|win|DINOLONK\n","uploadtime":1788299763,"views":"4","formatid":"gen9championsvgc2026regmbbo3","rating":null,"private":0,"password":null}