{"id":"gen9championsvgc2026regmb-2674160587","format":"[Gen 9 Champions] VGC 2026 Reg M-B","players":["xiaoyang2004","peraven"],"log":"|j|☆xiaoyang2004\n|j|☆peraven\n|t:|1788308192\n|gametype|doubles\n|player|p1|xiaoyang2004|dawn-gen4pt|1045\n|player|p2|peraven|101|1000\n|gen|9\n|tier|[Gen 9 Champions] VGC 2026 Reg M-B\n|rated|\n|rule|Species Clause: Limit one of each Pokémon\n|rule|Item Clause: Limit 1 of each item\n|clearpoke\n|poke|p1|Charizard, L50, M, shiny|\n|poke|p1|Garchomp, L50, M, shiny|\n|poke|p1|Rotom-Wash, L50, shiny|\n|poke|p1|Whimsicott, L50, F, shiny|\n|poke|p1|Incineroar, L50, M, shiny|\n|poke|p1|Hydreigon, L50, M, shiny|\n|poke|p2|Farigiraf, L50, M|\n|poke|p2|Mawile, L50, F|\n|poke|p2|Torkoal, L50, F|\n|poke|p2|Arcanine-Hisui, L50, M|\n|poke|p2|Milotic, L50, F|\n|poke|p2|Raichu, L50, F|\n|teampreview|4\nperaven rejected open team sheets.\n|inactive|Battle timer is ON: inactive players will automatically lose when time's up. (requested by peraven)\n|\n|t:|1788308232\n|teamsize|p1|4\n|teamsize|p2|4\n|start\n|switch|p1a: Garchomp|Garchomp, L50, M, shiny|100/100\n|switch|p1b: Rotom|Rotom-Wash, L50, shiny|100/100\n|switch|p2a: Farigiraf|Farigiraf, L50, M|100/100\n|switch|p2b: Milotic|Milotic, L50, F|100/100\n|turn|1\n|\n|t:|1788308247\n|move|p2b: Milotic|Protect|p2b: Milotic\n|-singleturn|p2b: Milotic|Protect\n|move|p1a: Garchomp|Earthquake|p2a: Farigiraf|[spread] p2a\n|-activate|p2b: Milotic|move: Protect\n|-immune|p1b: Rotom|[from] ability: Levitate\n|-damage|p2a: Farigiraf|63/100\n|-damage|p1a: Garchomp|90/100|[from] item: Life Orb\n|move|p1b: Rotom|Discharge|p2a: Farigiraf|[spread] p2a\n|-activate|p2b: Milotic|move: Protect\n|-immune|p1a: Garchomp\n|-damage|p2a: Farigiraf|34/100\n|-enditem|p2a: Farigiraf|Sitrus Berry|[eat]\n|-heal|p2a: Farigiraf|59/100|[from] item: Sitrus Berry\n|move|p2a: Farigiraf|Trick Room|p2a: Farigiraf\n|-fieldstart|move: Trick Room|[of] p2a: Farigiraf\n|\n|upkeep\n|turn|2\n|inactive|peraven has 30 seconds left.\n|\n|t:|1788308274\n|move|p2a: Farigiraf|Psychic|p1b: Rotom\n|-damage|p1b: Rotom|63/100\n|move|p2b: Milotic|Ice Beam|p1a: Garchomp\n|-supereffective|p1a: Garchomp|2\n|-damage|p1a: Garchomp|0 fnt\n|faint|p1a: Garchomp\n|move|p1b: Rotom|Discharge|p2b: Milotic|[spread] p2a,p2b\n|-supereffective|p2b: Milotic|1\n|-damage|p2a: Farigiraf|32/100\n|-damage|p2b: Milotic|57/100\n|-status|p2a: Farigiraf|par\n|\n|-heal|p2b: Milotic|63/100|[from] item: Leftovers\n|-heal|p1b: Rotom|69/100|[from] item: Leftovers\n|upkeep\n|\n|t:|1788308286\n|switch|p1a: Charizard|Charizard, L50, M, shiny|100/100\n|turn|3\n|\n|t:|1788308307\n|detailschange|p1a: Charizard|Charizard-Mega-Y, L50, M, shiny\n|-mega|p1a: Charizard|Charizard|Charizardite Y\n|-weather|SunnyDay|[from] ability: Drought|[of] p1a: Charizard\n|move|p2a: Farigiraf|Protect|p2a: Farigiraf\n|-singleturn|p2a: Farigiraf|Protect\n|move|p2b: Milotic|Scald|p1a: Charizard\n|-supereffective|p1a: Charizard|1\n|-damage|p1a: Charizard|65/100\n|move|p1b: Rotom|Thunderbolt|p2b: Milotic\n|-supereffective|p2b: Milotic|1\n|-damage|p2b: Milotic|1/100\n|move|p1a: Charizard|Heat Wave|p2b: Milotic|[spread] p2b\n|-activate|p2a: Farigiraf|move: Protect\n|-resisted|p2b: Milotic|1\n|-damage|p2b: Milotic|0 fnt\n|faint|p2b: Milotic\n|\n|-weather|SunnyDay|[upkeep]\n|-heal|p1b: Rotom|75/100|[from] item: Leftovers\n|upkeep\n|\n|t:|1788308323\n|switch|p2b: Mawile|Mawile, L50, F|100/100\n|-ability|p2b: Mawile|Intimidate|boost\n|-unboost|p1a: Charizard|atk|1\n|-unboost|p1b: Rotom|atk|1\n|turn|4\n|\n|t:|1788308342\n|switch|p1a: Incineroar|Incineroar, L50, M, shiny|100/100\n|-ability|p1a: Incineroar|Intimidate|boost\n|-unboost|p2a: Farigiraf|atk|1\n|-unboost|p2b: Mawile|atk|1\n|detailschange|p2b: Mawile|Mawile-Mega, L50, F\n|-mega|p2b: Mawile|Mawile|Mawilite\n|move|p2b: Mawile|Sucker Punch||[still]\n|-fail|p2b: Mawile\n|cant|p2a: Farigiraf|par\n|move|p1b: Rotom|Will-O-Wisp|p2b: Mawile\n|-status|p2b: Mawile|brn\n|\n|-weather|SunnyDay|[upkeep]\n|-heal|p1b: Rotom|80/100|[from] item: Leftovers\n|-damage|p2b: Mawile|94/100 brn|[from] brn\n|upkeep\n|turn|5\n|\n|t:|1788308360\n|switch|p2a: Torkoal|Torkoal, L50, F|100/100\n|move|p2b: Mawile|Protect|p2b: Mawile\n|-singleturn|p2b: Mawile|Protect\n|move|p1a: Incineroar|Flare Blitz|p2b: Mawile\n|-activate|p2b: Mawile|move: Protect\n|move|p1b: Rotom|Thunderbolt|p2a: Torkoal\n|-damage|p2a: Torkoal|38/100\n|\n|-weather|SunnyDay|[upkeep]\n|-heal|p1b: Rotom|86/100|[from] item: Leftovers\n|-damage|p2b: Mawile|88/100 brn|[from] brn\n|-fieldend|move: Trick Room\n|upkeep\n|turn|6\n|\n|t:|1788308376\n|switch|p2b: Farigiraf|Farigiraf, L50, M|32/100 par\n|move|p1b: Rotom|Thunderbolt|p2a: Torkoal\n|-damage|p2a: Torkoal|0 fnt\n|faint|p2a: Torkoal\n|move|p1a: Incineroar|Flare Blitz|p2b: Farigiraf\n|-damage|p2b: Farigiraf|0 fnt\n|faint|p2b: Farigiraf\n|-damage|p1a: Incineroar|88/100|[from] Recoil\n|\n|-weather|SunnyDay|[upkeep]\n|-heal|p1b: Rotom|92/100|[from] item: Leftovers\n|upkeep\n|\n|t:|1788308383\n|switch|p2b: Mawile|Mawile-Mega, L50, F|88/100 brn\n|turn|7\n|-message|peraven forfeited.\n|\n|win|xiaoyang2004\n|raw|xiaoyang2004's rating: 1045 &rarr; <strong>1074</strong><br />(+29 for winning)\n|raw|peraven's rating: 1000 &rarr; <strong>1000</strong><br />(+0 for losing)\n|l|☆peraven\n|player|p2|\n","uploadtime":1788308395,"views":"2","formatid":"gen9championsvgc2026regmb","rating":1000,"private":0,"password":null}