{"id":"gen9championsvgc2026regmb-2674712247","format":"[Gen 9 Champions] VGC 2026 Reg M-B","players":["Jermanthony","taj11"],"log":"|j|☆Jermanthony\n|j|☆taj11\n|html|<table width=\"100%\"><tr><td align=\"left\">Jermanthony</td><td align=\"right\">taj11</tr><tr><td align=\"left\"><i class=\"fa fa-circle-o\"></i> <i class=\"fa fa-circle-o\"></i> </td><td align=\"right\"><i class=\"fa fa-circle-o\"></i> <i class=\"fa fa-circle-o\"></i> </tr></table>\n|uhtml|bestof|<h2><strong>Game 1</strong> of <a href=\"/game-bestof3-gen9championsvgc2026regmb-2674712246\">a best-of-3</a></h2>\n|t:|1788394422\n|gametype|doubles\n|player|p1|Jermanthony|guzma|\n|player|p2|taj11|265|\n|gen|9\n|tier|[Gen 9 Champions] VGC 2026 Reg M-B\n|rule|Species Clause: Limit one of each Pokémon\n|rule|Item Clause: Limit 1 of each item\n|raw|<div class=\"infobox\"><details class=\"readmore\" open><summary><strong>1 custom rule:</strong></summary> Best of = 3</details></div>\n|clearpoke\n|poke|p1|Scovillain, L50, M|\n|poke|p1|Lycanroc-Dusk, L50, F|\n|poke|p1|Sharpedo, L50, F|\n|poke|p1|Sylveon, L50, F, shiny|\n|poke|p1|Altaria, L50, M|\n|poke|p1|Absol, L50, M|\n|poke|p2|Charizard, L50, M|\n|poke|p2|Garchomp, L50, F|\n|poke|p2|Scrafty, L50, M|\n|poke|p2|Victreebel, L50, M|\n|poke|p2|Gardevoir, L50, M|\n|poke|p2|Noivern, L50, M|\n|teampreview|4\ntaj11 rejected open team sheets.\n|c|☆taj11|glhf!\n|c|☆Jermanthony|glhf\n|\n|t:|1788394455\n|teamsize|p1|4\n|teamsize|p2|4\n|start\n|switch|p1a: Sharpedo|Sharpedo, L50, F|100/100\n|switch|p1b: Absol|Absol, L50, M|100/100\n|switch|p2a: Charizard|Charizard, L50, M|100/100\n|switch|p2b: Scrafty|Scrafty, L50, M|100/100\n|-ability|p2b: Scrafty|Intimidate|boost\n|-unboost|p1a: Sharpedo|atk|1\n|-unboost|p1b: Absol|atk|1\n|turn|1\n|j| eevee1ynn\n|\n|t:|1788394482\n|move|p1a: Sharpedo|Protect|p1a: Sharpedo\n|-singleturn|p1a: Sharpedo|Protect\n|move|p1b: Absol|Rock Slide|p2b: Scrafty|[spread] p2a,p2b\n|-supereffective|p2a: Charizard|2\n|-resisted|p2b: Scrafty|1\n|-damage|p2a: Charizard|22/100\n|-damage|p2b: Scrafty|93/100\n|move|p2a: Charizard|Substitute|p2a: Charizard\n|-fail|p2a: Charizard|move: Substitute|[weak]\n|cant|p2b: Scrafty|flinch\n|\n|-ability|p1a: Sharpedo|Speed Boost|boost\n|-boost|p1a: Sharpedo|spe|1\n|upkeep\n|turn|2\n|c|☆taj11|holy\n|\n|t:|1788394516\n|switch|p2a: Victreebel|Victreebel, L50, M|100/100\n|move|p1a: Sharpedo|Poison Jab|p2b: Scrafty\n|-damage|p2b: Scrafty|79/100\n|move|p1b: Absol|Rock Slide|p2b: Scrafty|[spread] p2a,p2b\n|-resisted|p2b: Scrafty|1\n|-damage|p2a: Victreebel|81/100\n|-damage|p2b: Scrafty|73/100\n|cant|p2b: Scrafty|flinch\n|\n|-ability|p1a: Sharpedo|Speed Boost|boost\n|-boost|p1a: Sharpedo|spe|1\n|upkeep\n|turn|3\n|j| CrunchBunch\n|\n|t:|1788394531\n|detailschange|p2a: Victreebel|Victreebel-Mega, L50, M\n|-mega|p2a: Victreebel|Victreebel|Victreebelite\n|move|p1a: Sharpedo|Dark Pulse|p2a: Victreebel\n|-damage|p2a: Victreebel|50/100g\n|move|p1b: Absol|Rock Slide|p2a: Victreebel|[spread] p2a,p2b\n|-resisted|p2b: Scrafty|1\n|-damage|p2a: Victreebel|36/100\n|-damage|p2b: Scrafty|66/100\n|cant|p2a: Victreebel|flinch\n|cant|p2b: Scrafty|flinch\n|\n|-ability|p1a: Sharpedo|Speed Boost|boost\n|-boost|p1a: Sharpedo|spe|1\n|upkeep\n|turn|4\n|c|☆taj11|chilllll\n|c|☆taj11|bro\n|\n|t:|1788394552\n|move|p1a: Sharpedo|Dark Pulse|p2a: Victreebel\n|-damage|p2a: Victreebel|7/100\n|move|p1b: Absol|Rock Slide|p2b: Scrafty|[spread] p2a,p2b\n|-resisted|p2b: Scrafty|1\n|-damage|p2a: Victreebel|0 fnt\n|-damage|p2b: Scrafty|59/100\n|-damage|p1b: Absol|90/100|[from] ability: Innards Out|[of] p2a: Victreebel\n|faint|p2a: Victreebel\n|cant|p2b: Scrafty|flinch\n|\n|-ability|p1a: Sharpedo|Speed Boost|boost\n|-boost|p1a: Sharpedo|spe|1\n|upkeep\n|c|☆taj11|right bruh\n|\n|t:|1788394564\n|switch|p2a: Gardevoir|Gardevoir, L50, M|100/100\n|turn|5\n|c|☆Jermanthony|I called the Agency and they said I could have game 1\n|c| eevee1ynn|agency agency\n|c| CrunchBunch|term with the connections!!\n|\n|t:|1788394586\n|move|p1a: Sharpedo|Poison Jab|p2a: Gardevoir\n|-supereffective|p2a: Gardevoir|1\n|-damage|p2a: Gardevoir|57/100\n|-status|p2a: Gardevoir|psn\n|move|p1b: Absol|Rock Slide|p2b: Scrafty|[spread] p2a,p2b\n|-resisted|p2b: Scrafty|1\n|-damage|p2a: Gardevoir|35/100 psn\n|-damage|p2b: Scrafty|52/100\n|move|p2a: Gardevoir|Moonblast|p1a: Sharpedo\n|-supereffective|p1a: Sharpedo|1\n|-damage|p1a: Sharpedo|0 fnt\n|faint|p1a: Sharpedo\n|cant|p2b: Scrafty|flinch\n|\n|-damage|p2a: Gardevoir|23/100 psn|[from] psn\n|upkeep\n|j| Shaymin frohawk\n|c|☆taj11|yo\n|\n|t:|1788394601\n|switch|p1a: Altaria|Altaria, L50, M|100/100\n|-ability|p1a: Altaria|Cloud Nine\n|turn|6\n|c|☆taj11|FUCK U SCRAFTY\n|c|☆taj11|this chud\n|c|☆taj11|bro keep flinchin\n|\n|t:|1788394622\n|move|p1b: Absol|Rock Slide|p2b: Scrafty|[spread] p2a,p2b\n|-resisted|p2b: Scrafty|1\n|-damage|p2a: Gardevoir|1/100 psn\n|-damage|p2b: Scrafty|46/100\n|move|p1a: Altaria|Will-O-Wisp|p2b: Scrafty\n|-status|p2b: Scrafty|brn\n|cant|p2a: Gardevoir|flinch\n|move|p2b: Scrafty|Super Fang|p1b: Absol\n|-damage|p1b: Absol|45/100\n|\n|-damage|p2a: Gardevoir|0 fnt|[from] psn\n|faint|p2a: Gardevoir\n|-damage|p2b: Scrafty|40/100 brn|[from] brn\n|upkeep\n|\n|t:|1788394631\n|switch|p2a: Charizard|Charizard, L50, M|22/100\n|turn|7\n|\n|t:|1788394638\n|move|p1b: Absol|Rock Slide|p2a: Charizard|[spread] p2a,p2b\n|-supereffective|p2a: Charizard|2\n|-crit|p2a: Charizard\n|-resisted|p2b: Scrafty|1\n|-damage|p2a: Charizard|0 fnt\n|-damage|p2b: Scrafty|34/100 brn\n|faint|p2a: Charizard\n|move|p1a: Altaria|Dazzling Gleam|p2b: Scrafty\n|-supereffective|p2b: Scrafty|2\n|-damage|p2b: Scrafty|0 fnt\n|faint|p2b: Scrafty\n|\n|win|Jermanthony\n|c| eevee1ynn|rock slide is a fair and balanced move\n|j| fkggvn\n|c|☆taj11|true\n||taj11 is ready for game 2.\n|inactive|Jermanthony has 30 seconds to confirm battle start!\n||Jermanthony is ready for game 2.\n|uhtml|next|Next: <a href=\"/battle-gen9championsvgc2026regmb-2674713659\"><strong>Game 2 of 3</strong></a>\n|c| CrunchBunch|rock slide fair and balanced\n|j| kmilly132\n|j| BroDontFuckWithMe\n|l| fkggvn\n|l| kmilly132\n","uploadtime":1788395054,"views":"12","formatid":"gen9championsvgc2026regmb","rating":null,"private":0,"password":null}