{"id":"gen9championsvgc2026regmb-2674155835","format":"[Gen 9 Champions] VGC 2026 Reg M-B","players":["psychowarz","Moonlightdog33"],"log":"|j|☆psychowarz\n|j|☆Moonlightdog33\n|t:|1788307469\n|gametype|doubles\n|player|p1|psychowarz|guitarist-gen4|1424\n|player|p2|Moonlightdog33|veteran|1381\n|gen|9\n|tier|[Gen 9 Champions] VGC 2026 Reg M-B\n|rated|\n|rule|Species Clause: Limit one of each Pokémon\n|rule|Item Clause: Limit 1 of each item\n|clearpoke\n|poke|p1|Charizard, L50, M|\n|poke|p1|Kingambit, L50, M|\n|poke|p1|Garchomp, L50, F|\n|poke|p1|Farigiraf, L50, F|\n|poke|p1|Whimsicott, L50, F|\n|poke|p1|Metagross, L50|\n|poke|p2|Froslass, L50, F|\n|poke|p2|Quaquaval, L50, M|\n|poke|p2|Glimmora, L50, F|\n|poke|p2|Kingambit, L50, M|\n|poke|p2|Tsareena, L50, F|\n|poke|p2|Dragonite, L50, F|\n|teampreview|4\n|inactive|Battle timer is ON: inactive players will automatically lose when time's up. (requested by Moonlightdog33)\n|inactive|Moonlightdog33 has 60 seconds left.\n|\n|t:|1788307524\n|teamsize|p1|4\n|teamsize|p2|4\n|start\n|switch|p1a: Metagross|Metagross, L50|100/100\n|switch|p1b: Whimsicott|Whimsicott, L50, F|100/100\n|switch|p2a: Dragonite|Dragonite, L50, F|100/100\n|switch|p2b: Glimmora|Glimmora, L50, F|100/100\n|turn|1\n|\n|t:|1788307535\n|detailschange|p1a: Metagross|Metagross-Mega, L50\n|-mega|p1a: Metagross|Metagross|Metagrossite\n|detailschange|p2a: Dragonite|Dragonite-Mega, L50, F\n|-mega|p2a: Dragonite|Dragonite|Dragoninite\n|move|p1a: Metagross|Psychic Fangs|p2b: Glimmora\n|-supereffective|p2b: Glimmora|1\n|-enditem|p2b: Glimmora|Focus Sash\n|-damage|p2b: Glimmora|1/100\n|-activate|p2b: Glimmora|ability: Toxic Debris\n|-sidestart|p1: psychowarz|move: Toxic Spikes\n|move|p1b: Whimsicott|Moonblast|p2b: Glimmora\n|-resisted|p2b: Glimmora|1\n|-crit|p2b: Glimmora\n|-damage|p2b: Glimmora|0 fnt\n|faint|p2b: Glimmora\n|move|p2a: Dragonite|Heat Wave|p1a: Metagross|[spread] p1a,p1b\n|-supereffective|p1a: Metagross|1\n|-supereffective|p1b: Whimsicott|1\n|-damage|p1a: Metagross|33/100\n|-damage|p1b: Whimsicott|2/100\n|\n|upkeep\n|\n|t:|1788307547\n|switch|p2b: Kingambit|Kingambit, L50, M|100/100\n|turn|2\n|\n|t:|1788307554\n|move|p1a: Metagross|Protect|p1a: Metagross\n|-singleturn|p1a: Metagross|Protect\n|move|p2a: Dragonite|Extreme Speed|p1b: Whimsicott\n|-damage|p1b: Whimsicott|0 fnt\n|faint|p1b: Whimsicott\n|move|p2b: Kingambit|Sucker Punch||[still]\n|-fail|p2b: Kingambit\n|\n|upkeep\n|\n|t:|1788307562\n|switch|p1b: Kingambit|Kingambit, L50, M|100/100\n|turn|3\n|inactive|psychowarz has 30 seconds left.\n|\n|t:|1788307592\n|switch|p1a: Farigiraf|Farigiraf, L50, F|100/100\n|-status|p1a: Farigiraf|psn\n|switch|p2b: Quaquaval|Quaquaval, L50, M|100/100\n|move|p2a: Dragonite|Heat Wave|p1b: Kingambit|[spread] p1a,p1b\n|-supereffective|p1b: Kingambit|1\n|-damage|p1a: Farigiraf|77/100 psn\n|-damage|p1b: Kingambit|33/100\n|move|p1b: Kingambit|Kowtow Cleave|p2a: Dragonite\n|-damage|p2a: Dragonite|81/100\n|\n|-damage|p1a: Farigiraf|65/100 psn|[from] psn\n|upkeep\n|turn|4\n|\n|t:|1788307602\n|move|p1b: Kingambit|Protect|p1b: Kingambit\n|-singleturn|p1b: Kingambit|Protect\n|move|p2b: Quaquaval|Close Combat|p1a: Farigiraf\n|-damage|p1a: Farigiraf|3/100 psn\n|-unboost|p2b: Quaquaval|def|1\n|-unboost|p2b: Quaquaval|spd|1\n|-enditem|p1a: Farigiraf|Sitrus Berry|[eat]\n|-heal|p1a: Farigiraf|27/100 psn|[from] item: Sitrus Berry\n|-enditem|p2b: Quaquaval|White Herb\n|-clearnegativeboost|p2b: Quaquaval|[silent]\n|move|p2a: Dragonite|Heat Wave|p1b: Kingambit|[spread] p1a\n|-activate|p1b: Kingambit|move: Protect\n|-damage|p1a: Farigiraf|8/100 psn\n|move|p1a: Farigiraf|Psychic|p2b: Quaquaval\n|-supereffective|p2b: Quaquaval|1\n|-damage|p2b: Quaquaval|7/100\n|\n|-damage|p1a: Farigiraf|0 fnt|[from] psn\n|faint|p1a: Farigiraf\n|upkeep\n|\n|t:|1788307606\n|switch|p1a: Metagross|Metagross-Mega, L50|33/100\n|turn|5\n|\n|t:|1788307620\n|move|p1a: Metagross|Ice Punch|p2a: Dragonite\n|-supereffective|p2a: Dragonite|2\n|-damage|p2a: Dragonite|0 fnt\n|faint|p2a: Dragonite\n|move|p2b: Quaquaval|Aqua Step|p1a: Metagross\n|-damage|p1a: Metagross|1/100\n|-boost|p2b: Quaquaval|spe|1\n|move|p1b: Kingambit|Kowtow Cleave|p2b: Quaquaval\n|-resisted|p2b: Quaquaval|1\n|-damage|p2b: Quaquaval|0 fnt\n|faint|p2b: Quaquaval\n|\n|upkeep\n|\n|t:|1788307623\n|switch|p2b: Kingambit|Kingambit, L50, M|100/100\n|turn|6\n|\n|t:|1788307628\n|move|p1a: Metagross|Protect|p1a: Metagross\n|-singleturn|p1a: Metagross|Protect\n|move|p2b: Kingambit|Protect|p2b: Kingambit\n|-singleturn|p2b: Kingambit|Protect\n|move|p1b: Kingambit|Brick Break|p2b: Kingambit\n|-activate|p2b: Kingambit|move: Protect\n|\n|upkeep\n|turn|7\n|\n|t:|1788307644\n|move|p1a: Metagross|Protect||[still]\n|-fail|p1a: Metagross\n|move|p1b: Kingambit|Brick Break|p2b: Kingambit\n|-supereffective|p2b: Kingambit|2\n|-enditem|p2b: Kingambit|Chople Berry|[eat]\n|-enditem|p2b: Kingambit|Chople Berry|[weaken]\n|-damage|p2b: Kingambit|54/100\n|move|p2b: Kingambit|Kowtow Cleave|p1b: Kingambit\n|-resisted|p1b: Kingambit|1\n|-damage|p1b: Kingambit|12/100\n|\n|upkeep\n|turn|8\n|\n|t:|1788307654\n|move|p2b: Kingambit|Protect|p2b: Kingambit\n|-singleturn|p2b: Kingambit|Protect\n|move|p1a: Metagross|Meteor Mash|p2b: Kingambit\n|-activate|p2b: Kingambit|move: Protect\n|move|p1b: Kingambit|Brick Break|p2b: Kingambit\n|-activate|p2b: Kingambit|move: Protect\n|\n|upkeep\n|turn|9\n|\n|t:|1788307660\n|move|p1b: Kingambit|Protect|p1b: Kingambit\n|-singleturn|p1b: Kingambit|Protect\n|move|p2b: Kingambit|Sucker Punch||[still]\n|-fail|p2b: Kingambit\n|move|p1a: Metagross|Meteor Mash|p2b: Kingambit\n|-resisted|p2b: Kingambit|1\n|-crit|p2b: Kingambit\n|-damage|p2b: Kingambit|14/100\n|\n|upkeep\n|turn|10\n|\n|t:|1788307669\n|move|p2b: Kingambit|Sucker Punch|p1b: Kingambit\n|-resisted|p1b: Kingambit|1\n|-damage|p1b: Kingambit|0 fnt\n|faint|p1b: Kingambit\n|move|p1a: Metagross|Meteor Mash|p2b: Kingambit\n|-resisted|p2b: Kingambit|1\n|-damage|p2b: Kingambit|0 fnt\n|faint|p2b: Kingambit\n|\n|win|psychowarz\n|raw|psychowarz's rating: 1424 &rarr; <strong>1442</strong><br />(+18 for winning)\n|raw|Moonlightdog33's rating: 1381 &rarr; <strong>1363</strong><br />(-18 for losing)\n|l|☆Moonlightdog33\n|player|p2|\n","uploadtime":1788307671,"views":"0","formatid":"gen9championsvgc2026regmb","rating":1363,"private":0,"password":null}