{"id":"gen9championsvgc2026regmb-2674257920","format":"[Gen 9 Champions] VGC 2026 Reg M-B","players":["yanpoke5566","meobeoo"],"log":"|j|☆yanpoke5566\n|j|☆meobeoo\n|t:|1788325049\n|gametype|doubles\n|player|p1|yanpoke5566|volkner|\n|player|p2|meobeoo|n|\n|gen|9\n|tier|[Gen 9 Champions] VGC 2026 Reg M-B\n|rule|Species Clause: Limit one of each Pokémon\n|rule|Item Clause: Limit 1 of each item\n|clearpoke\n|poke|p1|Delphox, L50, F|\n|poke|p1|Blastoise, L50, F|\n|poke|p1|Incineroar, L50, F|\n|poke|p1|Kingambit, L50, M|\n|poke|p1|Sinistcha, L50|\n|poke|p1|Sneasler, L50, M|\n|poke|p2|Froslass, L50, F|\n|poke|p2|Sneasler, L50, M|\n|poke|p2|Basculegion, L50, M|\n|poke|p2|Dragonite, L50, F|\n|poke|p2|Garchomp, L50, M|\n|poke|p2|Kingambit, L50, F|\n|teampreview|4\n|inactive|Battle timer is ON: inactive players will automatically lose when time's up. (requested by meobeoo)\n|inactive|yanpoke5566 has 60 seconds left.\n|inactive|meobeoo has 60 seconds left.\nyanpoke5566 has agreed to open team sheets.\n|inactive|meobeoo has 30 seconds left.\n|inactive|meobeoo has 20 seconds left.\n|inactive|meobeoo has 15 seconds left.\n|inactive|meobeoo has 10 seconds left.\n|\n|t:|1788325131\n|teamsize|p1|4\n|teamsize|p2|4\n|start\n|switch|p1a: Incineroar|Incineroar, L50, F|100/100\n|switch|p1b: Kingambit|Kingambit, L50, M|100/100\n|switch|p2a: Froslass|Froslass, L50, F|100/100\n|switch|p2b: Basculegion|Basculegion, L50, M|100/100\n|-ability|p1a: Incineroar|Intimidate|boost\n|-unboost|p2a: Froslass|atk|1\n|-unboost|p2b: Basculegion|atk|1\n|turn|1\n|inactive|meobeoo has 30 seconds left.\n|inactive|yanpoke5566 has 30 seconds left.\n|inactive|meobeoo has 20 seconds left.\n|inactive|yanpoke5566 has 20 seconds left.\n|inactive|yanpoke5566 has 15 seconds left.\n|inactive|yanpoke5566 has 10 seconds left.\n|inactive|meobeoo has 15 seconds left.\n|inactive|meobeoo has 10 seconds left.\n|\n|t:|1788325186\n|switch|p2b: Kingambit|Kingambit, L50, F|100/100\n|move|p2a: Froslass|Protect|p2a: Froslass\n|-singleturn|p2a: Froslass|Protect\n|move|p1a: Incineroar|Flare Blitz|p2a: Froslass\n|-activate|p2a: Froslass|move: Protect\n|move|p1b: Kingambit|Kowtow Cleave|p2b: Kingambit\n|-resisted|p2b: Kingambit|1\n|-damage|p2b: Kingambit|75/100\n|-damage|p1b: Kingambit|90/100|[from] item: Life Orb\n|\n|upkeep\n|turn|2\n|inactive|meobeoo has 30 seconds left.\n|inactive|yanpoke5566 has 30 seconds left.\n|\n|t:|1788325223\n|switch|p2a: Basculegion|Basculegion, L50, M|100/100\n|move|p1a: Incineroar|Flare Blitz|p2b: Kingambit\n|-supereffective|p2b: Kingambit|1\n|-damage|p2b: Kingambit|7/100\n|-damage|p1a: Incineroar|77/100|[from] Recoil\n|move|p1b: Kingambit|Kowtow Cleave|p2a: Basculegion\n|-supereffective|p2a: Basculegion|1\n|-damage|p2a: Basculegion|0 fnt\n|faint|p2a: Basculegion\n|-damage|p1b: Kingambit|80/100|[from] item: Life Orb\n|move|p2b: Kingambit|Low Kick|p1b: Kingambit\n|-supereffective|p1b: Kingambit|2\n|-damage|p1b: Kingambit|0 fnt\n|faint|p1b: Kingambit\n|\n|upkeep\n|\n|t:|1788325233\n|switch|p2a: Sneasler|Sneasler, L50, M|100/100\n|switch|p1b: Delphox|Delphox, L50, F|100/100\n|turn|3\n|\n|t:|1788325257\n|detailschange|p1b: Delphox|Delphox-Mega, L50, F\n|-mega|p1b: Delphox|Delphox|Delphoxite\n|move|p2b: Kingambit|Sucker Punch||[still]\n|-fail|p2b: Kingambit\n|move|p2a: Sneasler|Close Combat|p1a: Incineroar\n|-supereffective|p1a: Incineroar|1\n|-damage|p1a: Incineroar|0 fnt\n|-unboost|p2a: Sneasler|def|1\n|-unboost|p2a: Sneasler|spd|1\n|faint|p1a: Incineroar\n|move|p1b: Delphox|Nasty Plot|p1b: Delphox\n|-boost|p1b: Delphox|spa|2\n|\n|upkeep\n|\n|t:|1788325264\n|switch|p1a: Sinistcha|Sinistcha, L50|100/100\n|turn|4\n|\n|t:|1788325287\n|move|p1a: Sinistcha|Rage Powder|p1a: Sinistcha\n|-singleturn|p1a: Sinistcha|move: Rage Powder\n|move|p2a: Sneasler|Dire Claw|p1a: Sinistcha\n|-damage|p1a: Sinistcha|70/100\n|move|p1b: Delphox|Heat Wave|p2a: Sneasler|[spread] p2a,p2b\n|-crit|p2a: Sneasler\n|-supereffective|p2b: Kingambit|1\n|-enditem|p2a: Sneasler|Focus Sash\n|-damage|p2a: Sneasler|1/100\n|-damage|p2b: Kingambit|0 fnt\n|faint|p2b: Kingambit\n|\n|upkeep\n|\n|t:|1788325295\n|switch|p2b: Froslass|Froslass, L50, F|100/100\n|turn|5\n|\n|t:|1788325317\n|detailschange|p2b: Froslass|Froslass-Mega, L50, F\n|-mega|p2b: Froslass|Froslass|Froslassite\n|-weather|Snowscape|[from] ability: Snow Warning|[of] p2b: Froslass\n|move|p1a: Sinistcha|Rage Powder|p1a: Sinistcha\n|-singleturn|p1a: Sinistcha|move: Rage Powder\n|move|p2a: Sneasler|Dire Claw|p1a: Sinistcha\n|-damage|p1a: Sinistcha|43/100\n|-status|p1a: Sinistcha|par\n|move|p2b: Froslass|Blizzard|p1a: Sinistcha|[spread] p1a,p1b\n|-supereffective|p1a: Sinistcha|1\n|-resisted|p1b: Delphox|1\n|-damage|p1a: Sinistcha|0 fnt\n|-damage|p1b: Delphox|76/100\n|-status|p1b: Delphox|frz\n|faint|p1a: Sinistcha\n|-curestatus|p1b: Delphox|frz|[msg]\n|move|p1b: Delphox|Heat Wave|p2a: Sneasler|[spread] p2a,p2b\n|-supereffective|p2b: Froslass|1\n|-damage|p2a: Sneasler|0 fnt\n|-damage|p2b: Froslass|0 fnt\n|faint|p2a: Sneasler\n|faint|p2b: Froslass\n|\n|win|yanpoke5566\n|l|☆meobeoo\n|player|p2|\n","uploadtime":1788325337,"views":"3","formatid":"gen9championsvgc2026regmb","rating":null,"private":0,"password":null}