{"id":"gen9championsvgc2026regmb-2674659570","format":"[Gen 9 Champions] VGC 2026 Reg M-B","players":["dragon trainer red","Heryul"],"log":"|j|☆dragon trainer red\n|j|☆Heryul\n|t:|1788386442\n|gametype|doubles\n|player|p1|dragon trainer red|102|1151\n|player|p2|Heryul|riley|1245\n|gen|9\n|tier|[Gen 9 Champions] VGC 2026 Reg M-B\n|rated|\n|rule|Species Clause: Limit one of each Pokémon\n|rule|Item Clause: Limit 1 of each item\n|clearpoke\n|poke|p1|Politoed, L50, M|\n|poke|p1|Swampert, L50, M|\n|poke|p1|Archaludon, L50, M|\n|poke|p1|Vivillon, L50, M|\n|poke|p1|Gengar, L50, M, shiny|\n|poke|p1|Incineroar, L50, M, shiny|\n|poke|p2|Pelipper, L50, M, shiny|\n|poke|p2|Swampert, L50, M|\n|poke|p2|Archaludon, L50, F|\n|poke|p2|Incineroar, L50, M|\n|poke|p2|Basculegion, L50, M|\n|poke|p2|Sinistcha, L50|\n|teampreview|4\nHeryul has agreed to open team sheets.\n|\n|t:|1788386469\n|teamsize|p1|4\n|teamsize|p2|4\n|start\n|switch|p1a: Cheshire|Gengar, L50, M, shiny|100/100\n|switch|p1b: El Tigre|Incineroar, L50, M, shiny|100/100\n|switch|p2a: Pelipper|Pelipper, L50, M, shiny|100/100\n|switch|p2b: Swampert|Swampert, L50, M|100/100\n|-weather|RainDance|[from] ability: Drizzle|[of] p2a: Pelipper\n|-ability|p1b: El Tigre|Intimidate|boost\n|-unboost|p2a: Pelipper|atk|1\n|-unboost|p2b: Swampert|atk|1\n|turn|1\n|\n|t:|1788386484\n|detailschange|p1a: Cheshire|Gengar-Mega, L50, M, shiny\n|-mega|p1a: Cheshire|Gengar|Gengarite\n|detailschange|p2b: Swampert|Swampert-Mega, L50, M\n|-mega|p2b: Swampert|Swampert|Swampertite\n|move|p1b: El Tigre|Fake Out|p2b: Swampert\n|-damage|p2b: Swampert|90/100\n|cant|p2b: Swampert|flinch\n|move|p1a: Cheshire|Perish Song|p1a: Cheshire\n|-start|p1a: Cheshire|perish3|[silent]\n|-start|p1b: El Tigre|perish3|[silent]\n|-start|p2a: Pelipper|perish3|[silent]\n|-start|p2b: Swampert|perish3|[silent]\n|-fieldactivate|move: Perish Song\n|move|p2a: Pelipper|Tailwind|p2a: Pelipper\n|-sidestart|p2: Heryul|move: Tailwind\n|\n|-weather|RainDance|[upkeep]\n|-start|p2b: Swampert|perish3\n|-start|p2a: Pelipper|perish3\n|-start|p1a: Cheshire|perish3\n|-start|p1b: El Tigre|perish3\n|upkeep\n|turn|2\n|\n|t:|1788386493\n|move|p1a: Cheshire|Protect|p1a: Cheshire\n|-singleturn|p1a: Cheshire|Protect\n|move|p1b: El Tigre|Protect|p1b: El Tigre\n|-singleturn|p1b: El Tigre|Protect\n|move|p2b: Swampert|Earthquake|p1b: El Tigre|[spread] \n|-activate|p1a: Cheshire|move: Protect\n|-activate|p1b: El Tigre|move: Protect\n|-immune|p2a: Pelipper\n|move|p2a: Pelipper|Weather Ball|p1b: El Tigre\n|-activate|p1b: El Tigre|move: Protect\n|\n|-weather|RainDance|[upkeep]\n|-start|p2b: Swampert|perish2\n|-start|p2a: Pelipper|perish2\n|-start|p1a: Cheshire|perish2\n|-start|p1b: El Tigre|perish2\n|upkeep\n|turn|3\n|\n|t:|1788386503\n|switch|p1a: Kermit|Politoed, L50, M|100/100\n|move|p2b: Swampert|Earthquake|p1b: El Tigre|[spread] p1a,p1b\n|-immune|p2a: Pelipper\n|-supereffective|p1b: El Tigre|1\n|-damage|p1a: Kermit|64/100\n|-damage|p1b: El Tigre|42/100\n|move|p2a: Pelipper|Weather Ball|p1b: El Tigre\n|-supereffective|p1b: El Tigre|1\n|-enditem|p1b: El Tigre|Passho Berry|[eat]\n|-enditem|p1b: El Tigre|Passho Berry|[weaken]\n|-damage|p1b: El Tigre|0 fnt\n|faint|p1b: El Tigre\n|\n|-weather|RainDance|[upkeep]\n|-start|p2b: Swampert|perish1\n|-start|p2a: Pelipper|perish1\n|upkeep\n|\n|t:|1788386505\n|switch|p1b: Cheshire|Gengar-Mega, L50, M, shiny|100/100\n|turn|4\n|c|☆dragon trainer red|dang\n|c|☆dragon trainer red|thats rough\n|c|☆dragon trainer red|kinda gott dogged there\n|\n|t:|1788386545\n|move|p1b: Cheshire|Protect|p1b: Cheshire\n|-singleturn|p1b: Cheshire|Protect\n|move|p1a: Kermit|Protect|p1a: Kermit\n|-singleturn|p1a: Kermit|Protect\n|move|p2b: Swampert|Earthquake|p1b: Cheshire|[spread] \n|-activate|p1a: Kermit|move: Protect\n|-activate|p1b: Cheshire|move: Protect\n|-immune|p2a: Pelipper\n|move|p2a: Pelipper|Hurricane|p1b: Cheshire\n|-activate|p1b: Cheshire|move: Protect\n|\n|-weather|RainDance|[upkeep]\n|-start|p2b: Swampert|perish0\n|-start|p2a: Pelipper|perish0\n|-sideend|p2: Heryul|move: Tailwind\n|faint|p2b: Swampert\n|faint|p2a: Pelipper\n|upkeep\n|\n|t:|1788386548\n|switch|p2a: Sinistcha|Sinistcha, L50|100/100\n|switch|p2b: Incineroar|Incineroar, L50, M|100/100\n|-ability|p2b: Incineroar|Intimidate|boost\n|-unboost|p1a: Kermit|atk|1\n|-unboost|p1b: Cheshire|atk|1\n|turn|5\n|c|☆dragon trainer red|rip the most famous rain openers NA\n|\n|t:|1788386562\n|move|p2b: Incineroar|Fake Out|p1a: Kermit\n|-damage|p1a: Kermit|52/100\n|move|p1b: Cheshire|Perish Song|p1b: Cheshire\n|-start|p1a: Kermit|perish3|[silent]\n|-start|p1b: Cheshire|perish3|[silent]\n|-start|p2a: Sinistcha|perish3|[silent]\n|-start|p2b: Incineroar|perish3|[silent]\n|-fieldactivate|move: Perish Song\n|cant|p1a: Kermit|flinch\n|move|p2a: Sinistcha|Matcha Gotcha|p1b: Cheshire|[spread] p1a,p1b\n|-supereffective|p1a: Kermit|1\n|-resisted|p1b: Cheshire|1\n|-damage|p1a: Kermit|20/100y\n|-damage|p1b: Cheshire|83/100\n|-status|p1b: Cheshire|brn\n|-enditem|p1a: Kermit|Sitrus Berry|[eat]\n|-heal|p1a: Kermit|45/100|[from] item: Sitrus Berry\n|\n|-weather|none\n|-damage|p1b: Cheshire|77/100 brn|[from] brn\n|-start|p1b: Cheshire|perish3\n|-start|p2a: Sinistcha|perish3\n|-start|p1a: Kermit|perish3\n|-start|p2b: Incineroar|perish3\n|upkeep\n|turn|6\n|\n|t:|1788386577\n|move|p1b: Cheshire|Protect|p1b: Cheshire\n|-singleturn|p1b: Cheshire|Protect\n|move|p1a: Kermit|Protect|p1a: Kermit\n|-singleturn|p1a: Kermit|Protect\n|move|p2a: Sinistcha|Matcha Gotcha|p1b: Cheshire|[spread] \n|-activate|p1a: Kermit|move: Protect\n|-activate|p1b: Cheshire|move: Protect\n|move|p2b: Incineroar|Throat Chop|p1b: Cheshire\n|-activate|p1b: Cheshire|move: Protect\n|\n|-damage|p1b: Cheshire|71/100 brn|[from] brn\n|-start|p1b: Cheshire|perish2\n|-start|p1a: Kermit|perish2\n|-start|p2a: Sinistcha|perish2\n|-start|p2b: Incineroar|perish2\n|upkeep\n|turn|7\n|\n|t:|1788386589\n|move|p1b: Cheshire|Shadow Ball|p2a: Sinistcha\n|-supereffective|p2a: Sinistcha|1\n|-damage|p2a: Sinistcha|0 fnt\n|faint|p2a: Sinistcha\n|move|p1a: Kermit|Hypnosis|p2b: Incineroar\n|-status|p2b: Incineroar|slp|[from] move: Hypnosis\n|cant|p2b: Incineroar|slp\n|\n|-damage|p1b: Cheshire|65/100 brn|[from] brn\n|-start|p1b: Cheshire|perish1\n|-start|p1a: Kermit|perish1\n|-start|p2b: Incineroar|perish1\n|upkeep\n|turn|8\n|c|☆Heryul|gg\n|c|☆dragon trainer red|rip the follow up mons\n|c|☆dragon trainer red|gg\n|\n|t:|1788386605\n|switch|p1a: Vivillon|Vivillon, L50, M|100/100\n|move|p1b: Cheshire|Protect|p1b: Cheshire\n|-singleturn|p1b: Cheshire|Protect\n|cant|p2b: Incineroar|slp\n|\n|-damage|p1b: Cheshire|59/100 brn|[from] brn\n|-start|p1b: Cheshire|perish0\n|-start|p2b: Incineroar|perish0\n|faint|p1b: Cheshire\n|faint|p2b: Incineroar\n|\n|win|dragon trainer red\n|raw|dragon trainer red's rating: 1151 &rarr; <strong>1181</strong><br />(+30 for winning)\n|raw|Heryul's rating: 1221 &rarr; <strong>1191</strong><br />(-30 for losing)\n","uploadtime":1788386609,"views":"10","formatid":"gen9championsvgc2026regmb","rating":1181,"private":0,"password":null}