{"id":"gen9championsvgc2026regmb-2673962659","format":"[Gen 9 Champions] VGC 2026 Reg M-B","players":["Erielhonan","adam2025"],"log":"|j|☆Erielhonan\n|j|☆adam2025\n|t:|1788282313\n|gametype|doubles\n|player|p1|Erielhonan|skier|1510\n|player|p2|adam2025|101|1636\n|gen|9\n|tier|[Gen 9 Champions] VGC 2026 Reg M-B\n|rated|\n|rule|Species Clause: Limit one of each Pokémon\n|rule|Item Clause: Limit 1 of each item\n|clearpoke\n|poke|p1|Tyranitar, L50, M|\n|poke|p1|Farigiraf, L50, F|\n|poke|p1|Sinistcha, L50|\n|poke|p1|Metagross, L50|\n|poke|p1|Sneasler, L50, F|\n|poke|p1|Incineroar, L50, F|\n|poke|p2|Torkoal, L50, F|\n|poke|p2|Whimsicott, L50, M|\n|poke|p2|Farigiraf, L50, M|\n|poke|p2|Kingambit, L50, M|\n|poke|p2|Basculegion, L50, M|\n|poke|p2|Delphox, L50, F|\n|teampreview|4\n|inactive|Battle timer is ON: inactive players will automatically lose when time's up. (requested by adam2025)\n|\n|t:|1788282358\n|teamsize|p1|4\n|teamsize|p2|4\n|start\n|switch|p1a: Metagross|Metagross, L50|100/100\n|switch|p1b: Tyranitar|Tyranitar, L50, M|100/100\n|switch|p2a: Delphox|Delphox, L50, F|100/100\n|switch|p2b: Whimsicott|Whimsicott, L50, M|100/100\n|-weather|Sandstorm|[from] ability: Sand Stream|[of] p1b: Tyranitar\n|turn|1\n|\n|t:|1788282379\n|detailschange|p2a: Delphox|Delphox-Mega, L50, F\n|-mega|p2a: Delphox|Delphox|Delphoxite\n|detailschange|p1a: Metagross|Metagross-Mega, L50\n|-mega|p1a: Metagross|Metagross|Metagrossite\n|move|p2b: Whimsicott|Sunny Day|p2b: Whimsicott\n|-weather|SunnyDay\n|move|p2a: Delphox|Focus Blast|p1b: Tyranitar|[miss]\n|-miss|p2a: Delphox|p1b: Tyranitar\n|move|p1b: Tyranitar|Rock Slide|p2b: Whimsicott|[spread] p2a,p2b\n|-supereffective|p2a: Delphox|1\n|-damage|p2a: Delphox|11/100\n|-damage|p2b: Whimsicott|53/100\n|move|p1a: Metagross|Cosmic Power|p1a: Metagross\n|-boost|p1a: Metagross|def|1\n|-boost|p1a: Metagross|spd|1\n|\n|-weather|SunnyDay|[upkeep]\n|upkeep\n|turn|2\n|\n|t:|1788282398\n|switch|p1b: Incineroar|Incineroar, L50, F|100/100\n|-ability|p1b: Incineroar|Intimidate|boost\n|-unboost|p2a: Delphox|atk|1\n|-unboost|p2b: Whimsicott|atk|1\n|move|p1a: Metagross|Protect|p1a: Metagross\n|-singleturn|p1a: Metagross|Protect\n|move|p2b: Whimsicott|Encore|p1a: Metagross\n|-activate|p1a: Metagross|move: Protect\n|move|p2a: Delphox|Focus Blast|p1b: Incineroar|[miss]\n|-miss|p2a: Delphox|p1b: Incineroar\n|\n|-weather|SunnyDay|[upkeep]\n|upkeep\n|turn|3\n|\n|t:|1788282421\n|switch|p2b: Farigiraf|Farigiraf, L50, M|100/100\n|move|p1b: Incineroar|Fake Out||[still]\n|cant|p2b: Farigiraf|ability: Armor Tail|Fake Out|[of] p1b: Incineroar\n|move|p2a: Delphox|Heat Wave|p1a: Metagross|[spread] p1a,p1b\n|-supereffective|p1a: Metagross|1\n|-resisted|p1b: Incineroar|1\n|-damage|p1a: Metagross|35/100\n|-damage|p1b: Incineroar|67/100\n|move|p1a: Metagross|Body Press|p2a: Delphox\n|-resisted|p2a: Delphox|1\n|-damage|p2a: Delphox|0 fnt\n|faint|p2a: Delphox\n|\n|-weather|SunnyDay|[upkeep]\n|upkeep\n|\n|t:|1788282434\n|switch|p2a: Basculegion|Basculegion, L50, M|100/100\n|turn|4\n|\n|t:|1788282446\n|switch|p1b: Sinistcha|Sinistcha, L50|100/100\n|-heal|p1a: Metagross|60/100|[from] ability: Hospitality|[of] p1b: Sinistcha\n|switch|p2b: Whimsicott|Whimsicott, L50, M|53/100\n|move|p1a: Metagross|Protect|p1a: Metagross\n|-singleturn|p1a: Metagross|Protect\n|move|p2a: Basculegion|Wave Crash|p1b: Sinistcha\n|-resisted|p1b: Sinistcha|1\n|-damage|p1b: Sinistcha|77/100\n|-damage|p2a: Basculegion|93/100|[from] Recoil\n|-damage|p2a: Basculegion|83/100|[from] item: Life Orb\n|\n|-weather|SunnyDay|[upkeep]\n|upkeep\n|turn|5\n|\n|t:|1788282465\n|switch|p1a: Incineroar|Incineroar, L50, F|67/100\n|-ability|p1a: Incineroar|Intimidate|boost\n|-unboost|p2a: Basculegion|atk|1\n|-unboost|p2b: Whimsicott|atk|1\n|move|p2b: Whimsicott|Encore|p1a: Incineroar\n|-hint|Since gen 7, Dark is immune to Prankster moves.\n|-immune|p1a: Incineroar\n|move|p2a: Basculegion|Last Respects|p1b: Sinistcha\n|-supereffective|p1b: Sinistcha|1\n|-damage|p1b: Sinistcha|0 fnt\n|faint|p1b: Sinistcha\n|-damage|p2a: Basculegion|74/100|[from] item: Life Orb\n|\n|-weather|none\n|upkeep\n|\n|t:|1788282477\n|switch|p1b: Tyranitar|Tyranitar, L50, M|100/100\n|-weather|Sandstorm|[from] ability: Sand Stream|[of] p1b: Tyranitar\n|turn|6\n|inactive|adam2025 has 30 seconds left.\n|\n|t:|1788282504\n|switch|p2b: Farigiraf|Farigiraf, L50, M|100/100\n|move|p1b: Tyranitar|Knock Off|p2a: Basculegion\n|-supereffective|p2a: Basculegion|1\n|-damage|p2a: Basculegion|0 fnt\n|-enditem|p2a: Basculegion|Life Orb|[from] move: Knock Off|[of] p1b: Tyranitar\n|faint|p2a: Basculegion\n|move|p1a: Incineroar|Flare Blitz|p2b: Farigiraf\n|-damage|p2b: Farigiraf|66/100\n|-status|p2b: Farigiraf|brn\n|-damage|p1a: Incineroar|55/100|[from] Recoil\n|\n|-weather|Sandstorm|[upkeep]\n|-damage|p1a: Incineroar|49/100|[from] Sandstorm\n|-damage|p2b: Farigiraf|60/100 brn|[from] Sandstorm\n|-damage|p2b: Farigiraf|54/100 brn|[from] brn\n|upkeep\n|-message|adam2025 forfeited.\n|\n|win|Erielhonan\n|raw|Erielhonan's rating: 1510 &rarr; <strong>1537</strong><br />(+27 for winning)\n|raw|adam2025's rating: 1636 &rarr; <strong>1609</strong><br />(-27 for losing)\n|l|☆adam2025\n|player|p2|\n","uploadtime":1788282576,"views":"7","formatid":"gen9championsvgc2026regmb","rating":1537,"private":0,"password":null}