{"id":"gen9championsvgc2026regmb-2674988747","format":"[Gen 9 Champions] VGC 2026 Reg M-B","players":["blamesaint","i six oh"],"log":"|j|☆blamesaint\n|j|☆i six oh\n|t:|1788445809\n|gametype|doubles\n|player|p1|blamesaint|blue|1352\n|player|p2|i six oh|camper|1310\n|gen|9\n|tier|[Gen 9 Champions] VGC 2026 Reg M-B\n|rated|\n|rule|Species Clause: Limit one of each Pokémon\n|rule|Item Clause: Limit 1 of each item\n|clearpoke\n|poke|p1|Kangaskhan, L50, F, shiny|\n|poke|p1|Whimsicott, L50, F, shiny|\n|poke|p1|Charizard, L50, M, shiny|\n|poke|p1|Garchomp, L50, F|\n|poke|p1|Rotom-Wash, L50, shiny|\n|poke|p1|Farigiraf, L50, F, shiny|\n|poke|p2|Froslass, L50, F, shiny|\n|poke|p2|Aerodactyl, L50, M, shiny|\n|poke|p2|Sneasler, L50, F, shiny|\n|poke|p2|Kingambit, L50, M, shiny|\n|poke|p2|Charizard, L50, M, shiny|\n|poke|p2|Basculegion, L50, M, shiny|\n|teampreview|4\n|inactive|Battle timer is ON: inactive players will automatically lose when time's up. (requested by i six oh)\n|\n|t:|1788445829\n|teamsize|p1|4\n|teamsize|p2|4\n|start\n|switch|p1a: Q-Tip|Whimsicott, L50, F, shiny|100/100\n|switch|p1b: Child Soldier|Kangaskhan, L50, F, shiny|100/100\n|switch|p2a: Sneasler|Sneasler, L50, F, shiny|100/100\n|switch|p2b: Froslass|Froslass, L50, F, shiny|100/100\n|turn|1\n|inactive|blamesaint also wants the timer to be on.\n|\n|t:|1788445844\n|switch|p1b: Favorite Child|Charizard, L50, M, shiny|100/100\n|detailschange|p2b: Froslass|Froslass-Mega, L50, F, shiny\n|-mega|p2b: Froslass|Froslass|Froslassite\n|-weather|Snowscape|[from] ability: Snow Warning|[of] p2b: Froslass\n|move|p1a: Q-Tip|Protect|p1a: Q-Tip\n|-singleturn|p1a: Q-Tip|Protect\n|move|p2a: Sneasler|Fake Out|p1a: Q-Tip\n|-activate|p1a: Q-Tip|move: Protect\n|move|p2b: Froslass|Aurora Veil|p2b: Froslass\n|-sidestart|p2: i six oh|move: Aurora Veil\n|\n|-weather|Snowscape|[upkeep]\n|upkeep\n|turn|2\n|\n|t:|1788445867\n|switch|p2b: Basculegion|Basculegion, L50, M, shiny|100/100\n|detailschange|p1b: Favorite Child|Charizard-Mega-Y, L50, M, shiny\n|-mega|p1b: Favorite Child|Charizard|Charizardite Y\n|-weather|SunnyDay|[from] ability: Drought|[of] p1b: Favorite Child\n|move|p1a: Q-Tip|Tailwind|p1a: Q-Tip\n|-sidestart|p1: blamesaint|move: Tailwind\n|move|p1b: Favorite Child|Heat Wave|p2b: Basculegion|[spread] p2a,p2b\n|-resisted|p2b: Basculegion|1\n|-damage|p2a: Sneasler|43/100\n|-damage|p2b: Basculegion|74/100\n|move|p2a: Sneasler|Dire Claw|p1a: Q-Tip\n|-supereffective|p1a: Q-Tip|2\n|-enditem|p1a: Q-Tip|Focus Sash\n|-damage|p1a: Q-Tip|1/100\n|\n|-weather|SunnyDay|[upkeep]\n|upkeep\n|turn|3\n|inactive|blamesaint has 30 seconds left.\n|inactive|i six oh has 30 seconds left.\n|\n|t:|1788445895\n|switch|p1a: Cynthia's Daughter|Garchomp, L50, F|100/100\n|switch|p1b: Child Soldier|Kangaskhan, L50, F, shiny|100/100\n|move|p2a: Sneasler|Feint|p1b: Child Soldier\n|-damage|p1b: Child Soldier|87/100\n|move|p2b: Basculegion|Wave Crash|p1b: Child Soldier\n|-damage|p1b: Child Soldier|35/100\n|-damage|p2b: Basculegion|56/100|[from] Recoil\n|-damage|p2b: Basculegion|46/100|[from] item: Life Orb\n|\n|-weather|SunnyDay|[upkeep]\n|upkeep\n|turn|4\n|c|☆blamesaint|LMFAOOOOOO\n|c|☆blamesaint|do you think youre the champ?\n|inactive|blamesaint has 30 seconds left.\n|inactive|i six oh has 30 seconds left.\n|inactive|i six oh has 20 seconds left.\n|inactive|i six oh has 15 seconds left.\n|\n|t:|1788445939\n|switch|p2b: Froslass|Froslass-Mega, L50, F, shiny|100/100\n|-weather|Snowscape|[from] ability: Snow Warning|[of] p2b: Froslass\n|move|p1b: Child Soldier|Fake Out|p2a: Sneasler\n|-damage|p2a: Sneasler|21/100\n|move|p1a: Cynthia's Daughter|Rock Slide|p2b: Froslass|[spread] p2a,p2b\n|-resisted|p2a: Sneasler|1\n|-supereffective|p2b: Froslass|1\n|-damage|p2a: Sneasler|8/100\n|-damage|p2b: Froslass|70/100\n|cant|p2a: Sneasler|flinch\n|\n|-weather|Snowscape|[upkeep]\n|upkeep\n|turn|5\n|\n|t:|1788445955\n|move|p2b: Froslass|Protect|p2b: Froslass\n|-singleturn|p2b: Froslass|Protect\n|move|p1a: Cynthia's Daughter|Rock Slide|p2b: Froslass|[spread] p2a\n|-activate|p2b: Froslass|move: Protect\n|-resisted|p2a: Sneasler|1\n|-damage|p2a: Sneasler|0 fnt\n|faint|p2a: Sneasler\n|move|p1b: Child Soldier|Drain Punch|p2b: Froslass\n|-activate|p2b: Froslass|move: Protect\n|\n|-weather|Snowscape|[upkeep]\n|-sideend|p1: blamesaint|move: Tailwind\n|-sideend|p2: i six oh|move: Aurora Veil\n|upkeep\n|\n|t:|1788445963\n|switch|p2a: Basculegion|Basculegion, L50, M, shiny|46/100\n|turn|6\n|\n|t:|1788445987\n|switch|p2b: Kingambit|Kingambit, L50, M, shiny|100/100\n|move|p1a: Cynthia's Daughter|Protect|p1a: Cynthia's Daughter\n|-singleturn|p1a: Cynthia's Daughter|Protect\n|move|p2a: Basculegion|Last Respects|p1a: Cynthia's Daughter\n|-activate|p1a: Cynthia's Daughter|move: Protect\n|move|p1b: Child Soldier|Drain Punch|p2b: Kingambit\n|-supereffective|p2b: Kingambit|2\n|-damage|p2b: Kingambit|26/100\n|-heal|p1b: Child Soldier|71/100|[from] drain|[of] p2b: Kingambit\n|\n|-weather|Snowscape|[upkeep]\n|upkeep\n|turn|7\n|\n|t:|1788446007\n|move|p2b: Kingambit|Protect|p2b: Kingambit\n|-singleturn|p2b: Kingambit|Protect\n|move|p1a: Cynthia's Daughter|Rock Slide|p2b: Kingambit|[spread] p2a\n|-activate|p2b: Kingambit|move: Protect\n|-damage|p2a: Basculegion|21/100\n|move|p2a: Basculegion|Wave Crash|p1b: Child Soldier\n|-damage|p1b: Child Soldier|0 fnt\n|faint|p1b: Child Soldier\n|-damage|p2a: Basculegion|0 fnt|[from] Recoil\n|faint|p2a: Basculegion\n|\n|-weather|Snowscape|[upkeep]\n|upkeep\n|\n|t:|1788446018\n|switch|p2a: Froslass|Froslass-Mega, L50, F, shiny|70/100\n|switch|p1b: Q-Tip|Whimsicott, L50, F, shiny|1/100\n|turn|8\n|\n|t:|1788446032\n|move|p1a: Cynthia's Daughter|Protect|p1a: Cynthia's Daughter\n|-singleturn|p1a: Cynthia's Daughter|Protect\n|move|p1b: Q-Tip|Tailwind|p1b: Q-Tip\n|-sidestart|p1: blamesaint|move: Tailwind\n|move|p2a: Froslass|Aurora Veil|p2a: Froslass\n|-sidestart|p2: i six oh|move: Aurora Veil\n|move|p2b: Kingambit|Iron Head|p1b: Q-Tip\n|-supereffective|p1b: Q-Tip|1\n|-damage|p1b: Q-Tip|0 fnt\n|faint|p1b: Q-Tip\n|\n|-weather|none\n|upkeep\n|\n|t:|1788446039\n|switch|p1b: Favorite Child|Charizard-Mega-Y, L50, M, shiny|100/100\n|-weather|SunnyDay|[from] ability: Drought|[of] p1b: Favorite Child\n|turn|9\n|\n|t:|1788446054\n|move|p2b: Kingambit|Sucker Punch|p1b: Favorite Child\n|-damage|p1b: Favorite Child|31/100\n|move|p1b: Favorite Child|Heat Wave|p2b: Kingambit|[spread] p2a,p2b\n|-supereffective|p2a: Froslass|1\n|-supereffective|p2b: Kingambit|1\n|-damage|p2a: Froslass|0 fnt\n|-damage|p2b: Kingambit|0 fnt\n|faint|p2a: Froslass\n|faint|p2b: Kingambit\n|\n|win|blamesaint\n|raw|blamesaint's rating: 1352 &rarr; <strong>1370</strong><br />(+18 for winning)\n|raw|i six oh's rating: 1310 &rarr; <strong>1292</strong><br />(-18 for losing)\n|c|☆blamesaint|dont ever think youre good\n|l|☆i six oh\n|player|p2|\n|c|☆blamesaint|clown\n","uploadtime":1788446068,"views":"8","formatid":"gen9championsvgc2026regmb","rating":1292,"private":0,"password":null}