{"id":"gen9championsvgc2026regmb-2674647630","format":"[Gen 9 Champions] VGC 2026 Reg M-B","players":["McKAOS","Noobiedoobie537"],"log":"|j|☆McKAOS\n|j|☆Noobiedoobie537\n|t:|1788384771\n|gametype|doubles\n|player|p1|McKAOS|1|1274\n|player|p2|Noobiedoobie537|lucas-gen4pt|1239\n|gen|9\n|tier|[Gen 9 Champions] VGC 2026 Reg M-B\n|rated|\n|rule|Species Clause: Limit one of each Pokémon\n|rule|Item Clause: Limit 1 of each item\n|clearpoke\n|poke|p1|Raichu, L50, F|\n|poke|p1|Farigiraf, L50, F|\n|poke|p1|Samurott-Hisui, L50, M|\n|poke|p1|Talonflame, L50, F|\n|poke|p1|Tinkaton, L50, F|\n|poke|p1|Chandelure, L50, F|\n|poke|p2|Metagross, L50, shiny|\n|poke|p2|Ceruledge, L50, F|\n|poke|p2|Kommo-o, L50, M|\n|poke|p2|Swampert, L50, F|\n|poke|p2|Weavile, L50, M|\n|poke|p2|Whimsicott, L50, M|\n|teampreview|4\n|inactive|Battle timer is ON: inactive players will automatically lose when time's up. (requested by McKAOS)\n|\n|t:|1788384828\n|teamsize|p1|4\n|teamsize|p2|4\n|start\n|switch|p1a: Talonflame|Talonflame, L50, F|100/100\n|switch|p1b: Chandelure|Chandelure, L50, F|100/100\n|switch|p2a: Swampert|Swampert, L50, F|100/100\n|switch|p2b: Weavile|Weavile, L50, M|100/100\n|turn|1\n|inactive|Noobiedoobie537 has 30 seconds left.\n|\n|t:|1788384855\n|move|p1a: Talonflame|Quick Guard|p1a: Talonflame\n|-singleturn|p1a: Talonflame|Quick Guard\n|move|p1b: Chandelure|Energy Ball|p2a: Swampert\n|-supereffective|p2a: Swampert|2\n|-damage|p2a: Swampert|0 fnt\n|faint|p2a: Swampert\n|move|p2b: Weavile|Knock Off|p1b: Chandelure\n|-supereffective|p1b: Chandelure|1\n|-damage|p1b: Chandelure|0 fnt\n|-enditem|p1b: Chandelure|Choice Scarf|[from] move: Knock Off|[of] p2b: Weavile\n|faint|p1b: Chandelure\n|\n|upkeep\n|\n|t:|1788384867\n|switch|p1b: Samurott|Samurott-Hisui, L50, M|100/100\n|switch|p2a: Ceruledge|Ceruledge, L50, F|100/100\n|turn|2\n|\n|t:|1788384876\n|move|p1a: Talonflame|Tailwind|p1a: Talonflame\n|-sidestart|p1: McKAOS|move: Tailwind\n|move|p1b: Samurott|Sacred Sword|p2b: Weavile\n|-supereffective|p2b: Weavile|2\n|-enditem|p2b: Weavile|Focus Sash\n|-damage|p2b: Weavile|1/100\n|-enditem|p1b: Samurott|Life Orb|[silent]|[from] ability: Pickpocket|[of] p1b: Samurott\n|-item|p2b: Weavile|Life Orb|[from] ability: Pickpocket|[of] p1b: Samurott\n|move|p2b: Weavile|Low Kick|p1b: Samurott\n|-supereffective|p1b: Samurott|1\n|-damage|p1b: Samurott|26/100\n|-damage|p2b: Weavile|0 fnt|[from] item: Life Orb\n|faint|p2b: Weavile\n|move|p2a: Ceruledge|Bulk Up|p2a: Ceruledge\n|-boost|p2a: Ceruledge|atk|1\n|-boost|p2a: Ceruledge|def|1\n|\n|upkeep\n|\n|t:|1788384888\n|switch|p2b: Metagross|Metagross, L50, shiny|100/100\n|turn|3\n|\n|t:|1788384910\n|detailschange|p2b: Metagross|Metagross-Mega, L50, shiny\n|-mega|p2b: Metagross|Metagross|Metagrossite\n|move|p2a: Ceruledge|Shadow Sneak|p1a: Talonflame\n|-crit|p1a: Talonflame\n|-damage|p1a: Talonflame|9/100\n|-damage|p2a: Ceruledge|90/100|[from] item: Life Orb\n|move|p1a: Talonflame|Swords Dance|p1a: Talonflame\n|-boost|p1a: Talonflame|atk|2\n|move|p1b: Samurott|Night Slash|p2b: Metagross\n|-supereffective|p2b: Metagross|1\n|-crit|p2b: Metagross\n|-damage|p2b: Metagross|0 fnt\n|faint|p2b: Metagross\n|\n|upkeep\n|turn|4\n|\n|t:|1788384923\n|move|p1a: Talonflame|Quick Guard|p1a: Talonflame\n|-singleturn|p1a: Talonflame|Quick Guard\n|move|p2a: Ceruledge|Shadow Sneak|p1b: Samurott\n|-activate|p1b: Samurott|move: Quick Guard\n|move|p1b: Samurott|Night Slash|p2a: Ceruledge\n|-supereffective|p2a: Ceruledge|1\n|-damage|p2a: Ceruledge|25/100\n|\n|upkeep\n|turn|5\n|\n|t:|1788384933\n|move|p2a: Ceruledge|Protect|p2a: Ceruledge\n|-singleturn|p2a: Ceruledge|Protect\n|move|p1a: Talonflame|Quick Guard|p1a: Talonflame\n|-singleturn|p1a: Talonflame|Quick Guard\n|move|p1b: Samurott|Night Slash|p2a: Ceruledge\n|-activate|p2a: Ceruledge|move: Protect\n|\n|-sideend|p1: McKAOS|move: Tailwind\n|upkeep\n|turn|6\n|\n|t:|1788384939\n|move|p1a: Talonflame|Quick Guard|p1a: Talonflame\n|-singleturn|p1a: Talonflame|Quick Guard\n|move|p1b: Samurott|Sucker Punch|p2a: Ceruledge\n|-supereffective|p2a: Ceruledge|1\n|-damage|p2a: Ceruledge|0 fnt\n|faint|p2a: Ceruledge\n|\n|win|McKAOS\n|raw|McKAOS's rating: 1274 &rarr; <strong>1296</strong><br />(+22 for winning)\n|raw|Noobiedoobie537's rating: 1239 &rarr; <strong>1217</strong><br />(-22 for losing)\n|l|☆McKAOS\n|player|p1|\n","uploadtime":1788384950,"views":"4","formatid":"gen9championsvgc2026regmb","rating":1217,"private":0,"password":null}