{"id":"gen9championsvgc2026regmb-2674344015","format":"[Gen 9 Champions] VGC 2026 Reg M-B","players":["Gulptubus","victory_star2"],"log":"|j|☆Gulptubus\n|j|☆victory_star2\n|t:|1788345492\n|gametype|doubles\n|player|p1|Gulptubus|pokemonranger-gen4|1355\n|player|p2|victory_star2|170|1237\n|gen|9\n|tier|[Gen 9 Champions] VGC 2026 Reg M-B\n|rated|\n|rule|Species Clause: Limit one of each Pokémon\n|rule|Item Clause: Limit 1 of each item\n|clearpoke\n|poke|p1|Banette, L50, M|\n|poke|p1|Sneasler, L50, F|\n|poke|p1|Zoroark-Hisui, L50, M|\n|poke|p1|Farigiraf, L50, M|\n|poke|p1|Torkoal, L50, M|\n|poke|p1|Mamoswine, L50, F|\n|poke|p2|Houndoom, L50, M|\n|poke|p2|Torkoal, L50, M|\n|poke|p2|Venusaur, L50, M|\n|poke|p2|Annihilape, L50, F|\n|poke|p2|Aerodactyl, L50, M|\n|poke|p2|Garchomp, L50, F|\n|teampreview|4\n|inactive|Battle timer is ON: inactive players will automatically lose when time's up. (requested by victory_star2)\n|inactive|Gulptubus has 60 seconds left.\n|inactive|victory_star2 has 60 seconds left.\n|inactive|Gulptubus has 30 seconds left.\n|inactive|victory_star2 has 30 seconds left.\n|inactive|Gulptubus has 20 seconds left.\n|inactive|Gulptubus has 15 seconds left.\n|inactive|Gulptubus has 10 seconds left.\n|inactive|Gulptubus has 5 seconds left.\n|\n|t:|1788345583\n|teamsize|p1|4\n|teamsize|p2|4\n|start\n|switch|p1a: Banette|Banette, L50, M|100/100\n|switch|p1b: Sneasler|Sneasler, L50, F|100/100\n|switch|p2a: Houndoom|Houndoom, L50, M|100/100\n|switch|p2b: Annihilape|Annihilape, L50, F|100/100\n|-item|p2a: Houndoom|Houndoominite|[from] ability: Frisk|[of] p1a: Banette\n|-item|p2b: Annihilape|Choice Scarf|[from] ability: Frisk|[of] p1a: Banette\n|turn|1\n|inactive|Gulptubus has 30 seconds left.\n|inactive|victory_star2 has 30 seconds left.\n|\n|t:|1788345617\n|detailschange|p1a: Banette|Banette-Mega, L50, M\n|-mega|p1a: Banette|Banette|Banettite\n|move|p2a: Houndoom|Protect|p2a: Houndoom\n|-singleturn|p2a: Houndoom|Protect\n|move|p1a: Banette|Swagger|p1b: Sneasler\n|-boost|p1b: Sneasler|atk|2\n|-start|p1b: Sneasler|confusion\n|-enditem|p1b: Sneasler|Lum Berry|[eat]\n|-end|p1b: Sneasler|confusion\n|move|p1b: Sneasler|Rock Slide|p2b: Annihilape|[spread] p2b\n|-activate|p2a: Houndoom|move: Protect\n|-resisted|p2b: Annihilape|1\n|-damage|p2b: Annihilape|75/100\n|move|p2b: Annihilape|U-turn|p1b: Sneasler\n|-resisted|p1b: Sneasler|2\n|-damage|p1b: Sneasler|89/100\n|inactive|victory_star2 has 30 seconds left.\n|\n|t:|1788345643\n|switch|p2b: Aerodactyl|Aerodactyl, L50, M|100/100|[from] U-turn\n|-ability|p2b: Aerodactyl|Unnerve\n|\n|upkeep\n|turn|2\n|inactive|victory_star2 has 30 seconds left.\n|inactive|victory_star2 has 20 seconds left.\n|\n|t:|1788345678\n|switch|p2a: Annihilape|Annihilape, L50, F|75/100\n|move|p1b: Sneasler|Rock Slide|p2a: Annihilape|[spread] p2a,p2b\n|-resisted|p2a: Annihilape|1\n|-supereffective|p2b: Aerodactyl|1\n|-damage|p2a: Annihilape|54/100\n|-enditem|p2b: Aerodactyl|Focus Sash\n|-damage|p2b: Aerodactyl|1/100\n|move|p2b: Aerodactyl|Tailwind|p2b: Aerodactyl\n|-sidestart|p2: victory_star2|move: Tailwind\n|move|p1a: Banette|Poltergeist||[still]\n|-fail|p1a: Banette\n|\n|upkeep\n|turn|3\n|inactive|victory_star2 has 30 seconds left.\n|\n|t:|1788345703\n|move|p1b: Sneasler|Protect|p1b: Sneasler\n|-singleturn|p1b: Sneasler|Protect\n|move|p2a: Annihilape|Shadow Claw|p1b: Sneasler\n|-activate|p1b: Sneasler|move: Protect\n|move|p2b: Aerodactyl|Rock Slide|p1a: Banette|[spread] p1a\n|-activate|p1b: Sneasler|move: Protect\n|-damage|p1a: Banette|76/100\n|move|p1a: Banette|Trick Room|p1a: Banette\n|-fieldstart|move: Trick Room|[of] p1a: Banette\n|\n|upkeep\n|turn|4\n|inactive|victory_star2 has 30 seconds left.\n|inactive|victory_star2 has 20 seconds left.\n|inactive|victory_star2 has 15 seconds left.\n|\n|t:|1788345744\n|move|p2b: Aerodactyl|Protect|p2b: Aerodactyl\n|-singleturn|p2b: Aerodactyl|Protect\n|move|p1a: Banette|Poltergeist|p2a: Annihilape\n|-activate|p2a: Annihilape|move: Poltergeist|Choice Scarf\n|-supereffective|p2a: Annihilape|1\n|-damage|p2a: Annihilape|0 fnt\n|faint|p2a: Annihilape\n|move|p1b: Sneasler|Dire Claw|p2b: Aerodactyl\n|-activate|p2b: Aerodactyl|move: Protect\n|\n|upkeep\n|\n|t:|1788345760\n|switch|p2a: Venusaur|Venusaur, L50, M|100/100\n|turn|5\n|\n|t:|1788345783\n|switch|p1b: Farigiraf|Farigiraf, L50, M|100/100\n|move|p1a: Banette|Poltergeist||[still]\n|-fail|p1a: Banette\n|move|p2a: Venusaur|Earth Power|p1b: Farigiraf\n|-damage|p1b: Farigiraf|62/100\n|-unboost|p1b: Farigiraf|spd|1\n|-damage|p2a: Venusaur|90/100|[from] item: Life Orb\n|move|p2b: Aerodactyl|Sunny Day|p2b: Aerodactyl\n|-weather|SunnyDay\n|\n|-weather|SunnyDay|[upkeep]\n|-sideend|p2: victory_star2|move: Tailwind\n|upkeep\n|turn|6\n|\n|t:|1788345804\n|move|p2b: Aerodactyl|Protect|p2b: Aerodactyl\n|-singleturn|p2b: Aerodactyl|Protect\n|move|p2a: Venusaur|Protect|p2a: Venusaur\n|-singleturn|p2a: Venusaur|Protect\n|move|p1b: Farigiraf|Thunderbolt|p2b: Aerodactyl\n|-activate|p2b: Aerodactyl|move: Protect\n|move|p1a: Banette|Poltergeist|p2a: Venusaur\n|-activate|p2a: Venusaur|move: Protect\n|\n|-weather|SunnyDay|[upkeep]\n|upkeep\n|turn|7\n|inactive|victory_star2 has 30 seconds left.\n|\n|t:|1788345831\n|switch|p2a: Houndoom|Houndoom, L50, M|100/100\n|move|p1b: Farigiraf|Psychic|p2a: Houndoom\n|-immune|p2a: Houndoom\n|move|p1a: Banette|Poltergeist|p2a: Houndoom|[miss]\n|-miss|p1a: Banette|p2a: Houndoom\n|move|p2b: Aerodactyl|Rock Slide|p1a: Banette|[spread] p1a,p1b\n|-crit|p1b: Farigiraf\n|-damage|p1a: Banette|55/100\n|-damage|p1b: Farigiraf|30/100\n|\n|-weather|SunnyDay|[upkeep]\n|-fieldend|move: Trick Room\n|upkeep\n|turn|8\n|inactive|Gulptubus has 30 seconds left.\n|inactive|victory_star2 has 30 seconds left.\n|\n|t:|1788345860\n|detailschange|p2a: Houndoom|Houndoom-Mega, L50, M\n|-mega|p2a: Houndoom|Houndoom|Houndoominite\n|move|p1a: Banette|Destiny Bond|p1a: Banette\n|-singlemove|p1a: Banette|Destiny Bond\n|move|p2b: Aerodactyl|Rock Slide|p1a: Banette|[spread] p1a,p1b\n|-crit|p1a: Banette\n|-damage|p1a: Banette|23/100\n|-damage|p1b: Farigiraf|9/100\n|move|p2a: Houndoom|Heat Wave|p1a: Banette|[spread] p1a,p1b\n|-damage|p1a: Banette|0 fnt\n|-damage|p1b: Farigiraf|0 fnt\n|faint|p1a: Banette\n|-activate|p1a: Banette|move: Destiny Bond\n|faint|p1b: Farigiraf\n|faint|p2a: Houndoom\n|\n|-weather|SunnyDay|[upkeep]\n|upkeep\n|\n|t:|1788345876\n|switch|p2a: Venusaur|Venusaur, L50, M|90/100\n|switch|p1a: Sneasler|Sneasler, L50, F|100/100\n|switch|p1b: Sneasler|Sneasler, L50, F|89/100\n|turn|9\n|\n|t:|1788345889\n|move|p1b: Sneasler|Protect|p1b: Sneasler\n|-singleturn|p1b: Sneasler|Protect\n|move|p2a: Venusaur|Earth Power|p1b: Sneasler\n|-activate|p1b: Sneasler|move: Protect\n|move|p2b: Aerodactyl|Rock Slide|p1b: Sneasler|[spread] p1a\n|-activate|p1b: Sneasler|move: Protect\n|-damage|p1a: Sneasler|51/100\n|replace|p1a: Zoroark|Zoroark-Hisui, L50, M\n|-end|p1a: Zoroark|Illusion\n|move|p1a: Zoroark|Shadow Ball|p2b: Aerodactyl\n|-damage|p2b: Aerodactyl|0 fnt\n|faint|p2b: Aerodactyl\n|\n|-weather|none\n|upkeep\n|turn|10\n|\n|t:|1788345913\n|move|p1b: Sneasler|Dire Claw|p2a: Venusaur\n|-damage|p2a: Venusaur|39/100\n|move|p1a: Zoroark|Shadow Ball|p2a: Venusaur\n|-damage|p2a: Venusaur|0 fnt\n|faint|p2a: Venusaur\n|\n|win|Gulptubus\n|raw|Gulptubus's rating: 1355 &rarr; <strong>1368</strong><br />(+13 for winning)\n|raw|victory_star2's rating: 1237 &rarr; <strong>1220</strong><br />(-17 for losing)\n|l|☆victory_star2\n|player|p2|\n","uploadtime":1788345922,"views":"8","formatid":"gen9championsvgc2026regmb","rating":1220,"private":0,"password":null}