{"id":"gen9championsvgc2026regmb-2674040358","format":"[Gen 9 Champions] VGC 2026 Reg M-B","players":["cinarguncavdi2231","undereasy"],"log":"|j|‽cinarguncavdi2231\n|j|☆undereasy\n|t:|1788291442\n|gametype|doubles\n|player|p1|cinarguncavdi2231|101|1462\n|player|p2|undereasy|pokemaniac|1398\n|gen|9\n|tier|[Gen 9 Champions] VGC 2026 Reg M-B\n|rated|\n|rule|Species Clause: Limit one of each Pokémon\n|rule|Item Clause: Limit 1 of each item\n|clearpoke\n|poke|p1|Kingambit, L50, M|\n|poke|p1|Sylveon, L50, M, shiny|\n|poke|p1|Incineroar, L50, M|\n|poke|p1|Garchomp, L50, M, shiny|\n|poke|p1|Charizard, L50, M|\n|poke|p1|Aerodactyl, L50, M|\n|poke|p2|Aerodactyl, L50, M|\n|poke|p2|Machamp, L50, M|\n|poke|p2|Clefable, L50, F|\n|poke|p2|Snorlax, L50, M|\n|poke|p2|Alakazam, L50, M|\n|poke|p2|Blastoise, L50, M|\n|teampreview|4\n|inactive|Battle timer is ON: inactive players will automatically lose when time's up. (requested by undereasy)\n|inactive|cinarguncavdi2231 has 60 seconds left.\n|\n|t:|1788291479\n|teamsize|p1|4\n|teamsize|p2|4\n|start\n|switch|p1a: Aerodactyl|Aerodactyl, L50, M|100/100\n|switch|p1b: Kingambit|Kingambit, L50, M|100/100\n|switch|p2a: Aerodactyl|Aerodactyl, L50, M|100/100\n|switch|p2b: Machamp|Machamp, L50, M|100/100\n|-ability|p1a: Aerodactyl|Unnerve\n|-ability|p2a: Aerodactyl|Pressure\n|turn|1\n|\n|t:|1788291499\n|detailschange|p2a: Aerodactyl|Aerodactyl-Mega, L50, M\n|-mega|p2a: Aerodactyl|Aerodactyl|Aerodactylite\n|detailschange|p1a: Aerodactyl|Aerodactyl-Mega, L50, M\n|-mega|p1a: Aerodactyl|Aerodactyl|Aerodactylite\n|move|p2a: Aerodactyl|Rock Slide|p1a: Aerodactyl|[spread] p1a,p1b\n|-supereffective|p1a: Aerodactyl|1\n|-resisted|p1b: Kingambit|1\n|-damage|p1a: Aerodactyl|37/100\n|-damage|p1b: Kingambit|87/100\n|move|p1a: Aerodactyl|Rock Slide|p2a: Aerodactyl|[spread] p2a,p2b\n|-supereffective|p2a: Aerodactyl|1\n|-resisted|p2b: Machamp|1\n|-damage|p2a: Aerodactyl|31/100\n|-damage|p2b: Machamp|85/100\n|move|p1b: Kingambit|Iron Head|p2a: Aerodactyl\n|-supereffective|p2a: Aerodactyl|1\n|-damage|p2a: Aerodactyl|0 fnt\n|faint|p2a: Aerodactyl\n|move|p2b: Machamp|Storm Throw|p1b: Kingambit\n|-supereffective|p1b: Kingambit|2\n|-crit|p1b: Kingambit\n|-damage|p1b: Kingambit|0 fnt\n|faint|p1b: Kingambit\n|\n|upkeep\n|inactive|undereasy has 30 seconds left.\n|\n|t:|1788291525\n|switch|p2a: Clefable|Clefable, L50, F|100/100\n|switch|p1b: Sylveon|Sylveon, L50, M, shiny|100/100\n|turn|2\n|\n|t:|1788291540\n|move|p2b: Machamp|Wide Guard|p2b: Machamp\n|-singleturn|p2b: Machamp|Wide Guard\n|move|p1a: Aerodactyl|Rock Slide|p2b: Machamp|[spread] \n|-activate|p2a: Clefable|move: Wide Guard\n|-activate|p2b: Machamp|move: Wide Guard\n|move|p1b: Sylveon|Hyper Voice|p2a: Clefable|[spread] \n|-activate|p2a: Clefable|move: Wide Guard\n|-activate|p2b: Machamp|move: Wide Guard\n|move|p2a: Clefable|Moonblast|p1b: Sylveon\n|-crit|p1b: Sylveon\n|-damage|p1b: Sylveon|61/100\n|\n|upkeep\n|turn|3\n|\n|t:|1788291553\n|move|p2a: Clefable|Protect|p2a: Clefable\n|-singleturn|p2a: Clefable|Protect\n|move|p2b: Machamp|Bullet Punch|p1a: Aerodactyl\n|-supereffective|p1a: Aerodactyl|1\n|-damage|p1a: Aerodactyl|6/100\n|move|p1a: Aerodactyl|Ice Fang|p2a: Clefable\n|-activate|p2a: Clefable|move: Protect\n|move|p1b: Sylveon|Hyper Beam|p2b: Machamp\n|-supereffective|p2b: Machamp|1\n|-damage|p2b: Machamp|0 fnt\n|-mustrecharge|p1b: Sylveon\n|faint|p2b: Machamp\n|\n|upkeep\n|\n|t:|1788291562\n|switch|p2b: Snorlax|Snorlax, L50, M|100/100\n|turn|4\n|\n|t:|1788291570\n|move|p1a: Aerodactyl|Rock Slide|p2b: Snorlax|[spread] p2a,p2b\n|-damage|p2a: Clefable|77/100\n|-damage|p2b: Snorlax|79/100\n|cant|p1b: Sylveon|recharge\n|move|p2a: Clefable|Moonblast|p1b: Sylveon\n|-damage|p1b: Sylveon|36/100\n|move|p2b: Snorlax|Earthquake|p1a: Aerodactyl|[spread] p2a,p1b\n|-immune|p1a: Aerodactyl\n|-damage|p2a: Clefable|55/100\n|-damage|p1b: Sylveon|7/100\n|\n|upkeep\n|turn|5\n|\n|t:|1788291585\n|move|p2b: Snorlax|Protect|p2b: Snorlax\n|-singleturn|p2b: Snorlax|Protect\n|move|p1a: Aerodactyl|Rock Slide|p2b: Snorlax|[spread] \n|-activate|p2b: Snorlax|move: Protect\n|-miss|p1a: Aerodactyl|p2a: Clefable\n|move|p1b: Sylveon|Hyper Voice|p2b: Snorlax|[spread] p2a\n|-activate|p2b: Snorlax|move: Protect\n|-damage|p2a: Clefable|8/100\n|move|p2a: Clefable|Moonblast|p1b: Sylveon\n|-damage|p1b: Sylveon|0 fnt\n|faint|p1b: Sylveon\n|\n|upkeep\n|\n|t:|1788291590\n|switch|p1b: Garchomp|Garchomp, L50, M, shiny|100/100\n|turn|6\n|inactive|undereasy has 30 seconds left.\n|\n|t:|1788291623\n|move|p2a: Clefable|Protect|p2a: Clefable\n|-singleturn|p2a: Clefable|Protect\n|move|p1a: Aerodactyl|Rock Slide|p2b: Snorlax|[spread] p2b\n|-activate|p2a: Clefable|move: Protect\n|-damage|p2b: Snorlax|59/100\n|move|p1b: Garchomp|Earthquake|p2a: Clefable|[spread] p2b\n|-activate|p2a: Clefable|move: Protect\n|-immune|p1a: Aerodactyl\n|-damage|p2b: Snorlax|20/100y\n|-damage|p1b: Garchomp|90/100|[from] item: Life Orb\n|move|p2b: Snorlax|Crunch|p1a: Aerodactyl\n|-damage|p1a: Aerodactyl|0 fnt\n|faint|p1a: Aerodactyl\n|\n|upkeep\n|turn|7\n|\n|t:|1788291637\n|move|p1b: Garchomp|Earthquake|p2a: Clefable|[spread] p2a,p2b\n|-damage|p2a: Clefable|0 fnt\n|-damage|p2b: Snorlax|0 fnt\n|faint|p2a: Clefable\n|faint|p2b: Snorlax\n|-damage|p1b: Garchomp|80/100|[from] item: Life Orb\n|\n|win|cinarguncavdi2231\n|raw|cinarguncavdi2231's rating: 1462 &rarr; <strong>1478</strong><br />(+16 for winning)\n|raw|undereasy's rating: 1398 &rarr; <strong>1382</strong><br />(-16 for losing)\n","uploadtime":1788291641,"views":"10","formatid":"gen9championsvgc2026regmb","rating":1382,"private":0,"password":null}