{"id":"gen9championsvgc2026regmb-2674374490","format":"[Gen 9 Champions] VGC 2026 Reg M-B","players":["a123as","cinarguncavdi2231"],"log":"|j|☆a123as\n|j|☆cinarguncavdi2231\n|t:|1788351155\n|gametype|doubles\n|player|p1|a123as|102|1578\n|player|p2|cinarguncavdi2231|170|1601\n|gen|9\n|tier|[Gen 9 Champions] VGC 2026 Reg M-B\n|rated|\n|rule|Species Clause: Limit one of each Pokémon\n|rule|Item Clause: Limit 1 of each item\n|clearpoke\n|poke|p1|Espathra, L50, F|\n|poke|p1|Scovillain, L50, M|\n|poke|p1|Sableye, L50, F|\n|poke|p1|Archaludon, L50, M|\n|poke|p1|Milotic, L50, M|\n|poke|p1|Dragapult, L50, M|\n|poke|p2|Raichu, L50, F|\n|poke|p2|Scolipede, L50, M|\n|poke|p2|Ceruledge, L50, F|\n|poke|p2|Weavile, L50, F|\n|poke|p2|Milotic, L50, M|\n|poke|p2|Sinistcha, L50|\n|teampreview|4\n|inactive|Battle timer is ON: inactive players will automatically lose when time's up. (requested by a123as)\n|inactive|cinarguncavdi2231 has 60 seconds left.\n|\n|t:|1788351190\n|teamsize|p1|4\n|teamsize|p2|4\n|start\n|switch|p1a: Espathra|Espathra, L50, F|100/100\n|switch|p1b: Scovillain|Scovillain, L50, M|100/100\n|switch|p2a: Ceruledge|Ceruledge, L50, F|100/100\n|switch|p2b: Raichu|Raichu, L50, F|100/100\n|turn|1\n|\n|t:|1788351210\n|detailschange|p1b: Scovillain|Scovillain-Mega, L50, M\n|-mega|p1b: Scovillain|Scovillain|Scovillainite\n|move|p1a: Espathra|Protect|p1a: Espathra\n|-singleturn|p1a: Espathra|Protect\n|move|p2b: Raichu|Fake Out|p1a: Espathra\n|-activate|p1a: Espathra|move: Protect\n|move|p2a: Ceruledge|Bulk Up|p2a: Ceruledge\n|-boost|p2a: Ceruledge|atk|1\n|-boost|p2a: Ceruledge|def|1\n|move|p1b: Scovillain|Leech Seed|p2b: Raichu\n|-start|p2b: Raichu|move: Leech Seed\n|\n|-damage|p2b: Raichu|88/100|[from] Leech Seed|[of] p1b: Scovillain\n|-ability|p1a: Espathra|Speed Boost|boost\n|-boost|p1a: Espathra|spe|1\n|upkeep\n|turn|2\n|\n|t:|1788351229\n|move|p1b: Scovillain|Rage Powder|p1b: Scovillain\n|-singleturn|p1b: Scovillain|move: Rage Powder\n|move|p1a: Espathra|Calm Mind|p1a: Espathra\n|-boost|p1a: Espathra|spa|1\n|-boost|p1a: Espathra|spd|1\n|move|p2b: Raichu|Zap Cannon|p1b: Scovillain|[miss]\n|-miss|p2b: Raichu|p1b: Scovillain\n|move|p2a: Ceruledge|Bulk Up|p2a: Ceruledge\n|-boost|p2a: Ceruledge|atk|1\n|-boost|p2a: Ceruledge|def|1\n|\n|-damage|p2b: Raichu|76/100|[from] Leech Seed|[of] p1b: Scovillain\n|-ability|p1a: Espathra|Speed Boost|boost\n|-boost|p1a: Espathra|spe|1\n|upkeep\n|turn|3\n|inactive|a123as has 30 seconds left.\n|\n|t:|1788351258\n|switch|p2b: Weavile|Weavile, L50, F|100/100\n|move|p1b: Scovillain|Rage Powder|p1b: Scovillain\n|-singleturn|p1b: Scovillain|move: Rage Powder\n|move|p1a: Espathra|Calm Mind|p1a: Espathra\n|-boost|p1a: Espathra|spa|1\n|-boost|p1a: Espathra|spd|1\n|move|p2a: Ceruledge|Bitter Blade|p1b: Scovillain\n|-damage|p1b: Scovillain|0 fnt\n|faint|p1b: Scovillain\n|\n|-ability|p1a: Espathra|Speed Boost|boost\n|-boost|p1a: Espathra|spe|1\n|upkeep\n|\n|t:|1788351283\n|switch|p1b: Sableye|Sableye, L50, F|100/100\n|turn|4\n|\n|t:|1788351299\n|move|p1a: Espathra|Protect|p1a: Espathra\n|-singleturn|p1a: Espathra|Protect\n|move|p2b: Weavile|Fake Out|p1a: Espathra\n|-activate|p1a: Espathra|move: Protect\n|move|p2a: Ceruledge|Shadow Sneak|p1a: Espathra\n|-activate|p1a: Espathra|move: Protect\n|move|p1b: Sableye|Taunt|p2a: Ceruledge\n|-start|p2a: Ceruledge|move: Taunt\n|\n|-ability|p1a: Espathra|Speed Boost|boost\n|-boost|p1a: Espathra|spe|1\n|upkeep\n|turn|5\n|\n|t:|1788351315\n|move|p2a: Ceruledge|Shadow Sneak|p1a: Espathra\n|-supereffective|p1a: Espathra|1\n|-damage|p1a: Espathra|0 fnt\n|faint|p1a: Espathra\n|move|p1b: Sableye|Reflect|p1b: Sableye\n|-sidestart|p1: a123as|Reflect\n|move|p2b: Weavile|Knock Off|p1b: Sableye\n|-damage|p1b: Sableye|57/100\n|-enditem|p1b: Sableye|Light Clay|[from] move: Knock Off|[of] p2b: Weavile\n|\n|upkeep\n|\n|t:|1788351338\n|switch|p1a: Archaludon|Archaludon, L50, M|100/100\n|turn|6\n|\n|t:|1788351353\n|move|p1b: Sableye|Rain Dance|p1b: Sableye\n|-weather|RainDance\n|move|p2b: Weavile|Knock Off|p1a: Archaludon\n|-damage|p1a: Archaludon|75/100\n|-ability|p1a: Archaludon|Stamina|boost\n|-boost|p1a: Archaludon|def|1\n|-enditem|p1a: Archaludon|Leftovers|[from] move: Knock Off|[of] p2b: Weavile\n|move|p1a: Archaludon|Electro Shot||[still]\n|-prepare|p1a: Archaludon|Electro Shot\n|-boost|p1a: Archaludon|spa|1\n|-anim|p1a: Archaludon|Electro Shot|p2a: Ceruledge\n|-damage|p2a: Ceruledge|43/100\n|move|p2a: Ceruledge|Bitter Blade|p1b: Sableye\n|-damage|p1b: Sableye|17/100\n|-heal|p2a: Ceruledge|60/100|[from] drain|[of] p1b: Sableye\n|\n|-weather|RainDance|[upkeep]\n|upkeep\n|turn|7\n|inactive|a123as has 30 seconds left.\n|\n|t:|1788351379\n|move|p2a: Ceruledge|Shadow Sneak|p1b: Sableye\n|-damage|p1b: Sableye|0 fnt\n|faint|p1b: Sableye\n|move|p2b: Weavile|Low Kick|p1a: Archaludon\n|-supereffective|p1a: Archaludon|1\n|-damage|p1a: Archaludon|59/100\n|-ability|p1a: Archaludon|Stamina|boost\n|-boost|p1a: Archaludon|def|1\n|move|p1a: Archaludon|Electro Shot||[still]\n|-prepare|p1a: Archaludon|Electro Shot\n|-boost|p1a: Archaludon|spa|1\n|-anim|p1a: Archaludon|Electro Shot|p2b: Weavile\n|-enditem|p2b: Weavile|Focus Sash\n|-damage|p2b: Weavile|1/100\n|\n|-weather|RainDance|[upkeep]\n|-end|p2a: Ceruledge|move: Taunt\n|upkeep\n|turn|8\n|inactive|a123as has 30 seconds left.\n|\n|t:|1788351404\n|move|p2a: Ceruledge|Shadow Sneak|p1a: Archaludon\n|-damage|p1a: Archaludon|48/100\n|-ability|p1a: Archaludon|Stamina|boost\n|-boost|p1a: Archaludon|def|1\n|move|p2b: Weavile|Knock Off|p1a: Archaludon\n|-damage|p1a: Archaludon|41/100\n|-ability|p1a: Archaludon|Stamina|boost\n|-boost|p1a: Archaludon|def|1\n|move|p1a: Archaludon|Electro Shot||[still]\n|-prepare|p1a: Archaludon|Electro Shot\n|-boost|p1a: Archaludon|spa|1\n|-anim|p1a: Archaludon|Electro Shot|p2a: Ceruledge\n|-damage|p2a: Ceruledge|0 fnt\n|faint|p2a: Ceruledge\n|\n|-weather|RainDance|[upkeep]\n|upkeep\n|\n|t:|1788351407\n|switch|p2a: Raichu|Raichu, L50, F|76/100\n|turn|9\n|\n|t:|1788351432\n|detailschange|p2a: Raichu|Raichu-Mega-Y, L50, F\n|-mega|p2a: Raichu|Raichu|Raichunite Y\n|move|p2b: Weavile|Low Kick|p1a: Archaludon\n|-supereffective|p1a: Archaludon|1\n|-damage|p1a: Archaludon|31/100\n|-ability|p1a: Archaludon|Stamina|boost\n|-boost|p1a: Archaludon|def|1\n|move|p2a: Raichu|Focus Blast|p1a: Archaludon\n|-supereffective|p1a: Archaludon|1\n|-damage|p1a: Archaludon|0 fnt\n|faint|p1a: Archaludon\n|\n|win|cinarguncavdi2231\n|raw|a123as's rating: 1578 &rarr; <strong>1559</strong><br />(-19 for losing)\n|raw|cinarguncavdi2231's rating: 1601 &rarr; <strong>1620</strong><br />(+19 for winning)\n|l|☆a123as\n|player|p1|\n","uploadtime":1788351436,"views":"0","formatid":"gen9championsvgc2026regmb","rating":1559,"private":0,"password":null}