{"id":"gen9championsvgc2026regmb-2673932460","format":"[Gen 9 Champions] VGC 2026 Reg M-B","players":["anthony7245","ShrimpGun"],"log":"|j|☆anthony7245\n|j|☆ShrimpGun\n|t:|1788278724\n|gametype|doubles\n|player|p1|anthony7245|n|1176\n|player|p2|ShrimpGun|fisherman-gen4|1180\n|gen|9\n|tier|[Gen 9 Champions] VGC 2026 Reg M-B\n|rated|\n|rule|Species Clause: Limit one of each Pokémon\n|rule|Item Clause: Limit 1 of each item\n|clearpoke\n|poke|p1|Raichu, L50, F|\n|poke|p1|Staraptor, L50, M|\n|poke|p1|Primarina, L50, M|\n|poke|p1|Farigiraf, L50, F|\n|poke|p1|Ceruledge, L50, M|\n|poke|p1|Ninetales-Alola, L50, F|\n|poke|p2|Staraptor, L50, F|\n|poke|p2|Farigiraf, L50, F, shiny|\n|poke|p2|Clawitzer, L50, M|\n|poke|p2|Arcanine-Hisui, L50, M|\n|poke|p2|Sylveon, L50, F|\n|poke|p2|Kingambit, L50, M|\n|teampreview|4\nanthony7245 has agreed to open team sheets.\n|inactive|Battle timer is ON: inactive players will automatically lose when time's up. (requested by ShrimpGun)\n|l|☆ShrimpGun\n|inactive|ShrimpGun disconnected and has a minute to reconnect!\n|player|p2|\n|\n|t:|1788278777\n|teamsize|p1|4\n|teamsize|p2|4\n|start\n|switch|p1a: Staraptor|Staraptor, L50, M|100/100\n|switch|p1b: Primarina|Primarina, L50, M|100/100\n|switch|p2a: Staraptor|Staraptor, L50, F|100/100\n|switch|p2b: Arcanine|Arcanine-Hisui, L50, M|100/100\n|-ability|p1a: Staraptor|Intimidate|boost\n|-unboost|p2a: Staraptor|atk|1\n|-unboost|p2b: Arcanine|atk|1\n|-ability|p2a: Staraptor|Intimidate|boost\n|-unboost|p1a: Staraptor|atk|1\n|-unboost|p1b: Primarina|atk|1\n|turn|1\n|j|☆ShrimpGun\n|inactive|ShrimpGun reconnected and has 55 seconds left.\n|player|p2|ShrimpGun|fisherman-gen4|\n|inactive|anthony7245 has 30 seconds left.\n|\n|t:|1788278809\n|detailschange|p1a: Staraptor|Staraptor-Mega, L50, M\n|-mega|p1a: Staraptor|Staraptor|Staraptite\n|detailschange|p2a: Staraptor|Staraptor-Mega, L50, F\n|-mega|p2a: Staraptor|Staraptor|Staraptite\n|move|p2a: Staraptor|Tailwind|p2a: Staraptor\n|-sidestart|p2: ShrimpGun|move: Tailwind\n|move|p2b: Arcanine|Head Smash|p1a: Staraptor\n|-damage|p1a: Staraptor|55/100\n|move|p1a: Staraptor|Tailwind|p1a: Staraptor\n|-sidestart|p1: anthony7245|move: Tailwind\n|move|p1b: Primarina|Calm Mind|p1b: Primarina\n|-boost|p1b: Primarina|spa|1\n|-boost|p1b: Primarina|spd|1\n|\n|upkeep\n|turn|2\n|inactive|anthony7245 has 30 seconds left.\n|inactive|ShrimpGun has 30 seconds left.\n|\n|t:|1788278836\n|move|p1a: Staraptor|Protect|p1a: Staraptor\n|-singleturn|p1a: Staraptor|Protect\n|move|p2a: Staraptor|Close Combat|p1b: Primarina\n|-resisted|p1b: Primarina|1\n|-damage|p1b: Primarina|78/100\n|-boost|p2a: Staraptor|def|1\n|-boost|p2a: Staraptor|spd|1\n|move|p2b: Arcanine|Head Smash|p1b: Primarina\n|-damage|p1b: Primarina|23/100\n|-enditem|p1b: Primarina|Sitrus Berry|[eat]\n|-heal|p1b: Primarina|48/100|[from] item: Sitrus Berry\n|move|p1b: Primarina|Hyper Voice|p2a: Staraptor|[spread] p2a,p2b\n|-supereffective|p2b: Arcanine|2\n|-damage|p2a: Staraptor|65/100\n|-enditem|p2b: Arcanine|Focus Sash\n|-damage|p2b: Arcanine|1/100\n|\n|upkeep\n|turn|3\n|\n|t:|1788278860\n|move|p2b: Arcanine|Extreme Speed|p1b: Primarina\n|-damage|p1b: Primarina|26/100\n|move|p2a: Staraptor|Brave Bird|p1b: Primarina\n|-damage|p1b: Primarina|0 fnt\n|faint|p1b: Primarina\n|-damage|p2a: Staraptor|56/100|[from] Recoil\n|move|p1a: Staraptor|Close Combat|p2b: Arcanine\n|-supereffective|p2b: Arcanine|1\n|-damage|p2b: Arcanine|0 fnt\n|-boost|p1a: Staraptor|def|1\n|-boost|p1a: Staraptor|spd|1\n|faint|p2b: Arcanine\n|\n|upkeep\n|\n|t:|1788278868\n|switch|p2b: Farigiraf|Farigiraf, L50, F, shiny|100/100\n|switch|p1b: Ceruledge|Ceruledge, L50, M|100/100\n|turn|4\n|\n|t:|1788278881\n|move|p1a: Staraptor|Close Combat|p2b: Farigiraf\n|-damage|p2b: Farigiraf|67/100\n|-boost|p1a: Staraptor|def|1\n|-boost|p1a: Staraptor|spd|1\n|move|p2a: Staraptor|Brave Bird|p1a: Staraptor\n|-supereffective|p1a: Staraptor|1\n|-damage|p1a: Staraptor|18/100\n|-damage|p2a: Staraptor|43/100|[from] Recoil\n|move|p1b: Ceruledge|Bulk Up|p1b: Ceruledge\n|-boost|p1b: Ceruledge|atk|1\n|-boost|p1b: Ceruledge|def|1\n|move|p2b: Farigiraf|Nasty Plot|p2b: Farigiraf\n|-boost|p2b: Farigiraf|spa|2\n|\n|-sideend|p2: ShrimpGun|move: Tailwind\n|-sideend|p1: anthony7245|move: Tailwind\n|upkeep\n|turn|5\n|inactive|anthony7245 has 30 seconds left.\n|inactive|anthony7245 has 20 seconds left.\n|\n|t:|1788278917\n|move|p1a: Staraptor|Brave Bird|p2a: Staraptor\n|-supereffective|p2a: Staraptor|1\n|-damage|p2a: Staraptor|0 fnt\n|faint|p2a: Staraptor\n|-damage|p1a: Staraptor|4/100|[from] Recoil\n|move|p1b: Ceruledge|Bitter Blade|p2b: Farigiraf\n|-damage|p2b: Farigiraf|7/100\n|-enditem|p2b: Farigiraf|Sitrus Berry|[eat]\n|-heal|p2b: Farigiraf|32/100|[from] item: Sitrus Berry\n|move|p2b: Farigiraf|Thunderbolt|p1a: Staraptor\n|-supereffective|p1a: Staraptor|1\n|-damage|p1a: Staraptor|0 fnt\n|faint|p1a: Staraptor\n|\n|upkeep\n|\n|t:|1788278926\n|switch|p2a: Clawitzer|Clawitzer, L50, M|100/100\n|switch|p1a: Farigiraf|Farigiraf, L50, F|100/100\n|turn|6\n|\n|t:|1788278938\n|move|p1a: Farigiraf|Helping Hand|p1b: Ceruledge\n|-singleturn|p1b: Ceruledge|Helping Hand|[of] p1a: Farigiraf\n|move|p1b: Ceruledge|Shadow Sneak||[still]\n|cant|p2b: Farigiraf|ability: Armor Tail|Shadow Sneak|[of] p1b: Ceruledge\n|move|p2a: Clawitzer|Water Pulse|p1b: Ceruledge\n|-supereffective|p1b: Ceruledge|1\n|-damage|p1b: Ceruledge|0 fnt\n|faint|p1b: Ceruledge\n|-damage|p2a: Clawitzer|90/100|[from] item: Life Orb\n|move|p2b: Farigiraf|Thunderbolt|p1a: Farigiraf\n|-damage|p1a: Farigiraf|54/100\n|\n|upkeep\n|turn|7\n|-message|anthony7245 forfeited.\n|\n|win|ShrimpGun\n|raw|anthony7245's rating: 1176 &rarr; <strong>1151</strong><br />(-25 for losing)\n|raw|ShrimpGun's rating: 1180 &rarr; <strong>1205</strong><br />(+25 for winning)\n|l|☆anthony7245\n|player|p1|\n","uploadtime":1788278946,"views":"2","formatid":"gen9championsvgc2026regmb","rating":1151,"private":0,"password":null}