{"id":"gen9championsvgc2026regmb-2674740161","format":"[Gen 9 Champions] VGC 2026 Reg M-B","players":["Vhplays","raposaraspada"],"log":"|j|☆Vhplays\n|j|☆raposaraspada\n|t:|1788398773\n|gametype|doubles\n|player|p1|Vhplays|266|\n|player|p2|raposaraspada|170|\n|gen|9\n|tier|[Gen 9 Champions] VGC 2026 Reg M-B\n|rule|Species Clause: Limit one of each Pokémon\n|rule|Item Clause: Limit 1 of each item\n|clearpoke\n|poke|p1|Cofagrigus, L50, M|\n|poke|p1|Hawlucha, L50, M|\n|poke|p1|Lycanroc-Midnight, L50, F|\n|poke|p1|Umbreon, L50, M, shiny|\n|poke|p1|Infernape, L50, M|\n|poke|p1|Dragalge, L50, M|\n|poke|p2|Toxicroak, L50, M|\n|poke|p2|Sceptile, L50, F|\n|poke|p2|Aromatisse, L50, F|\n|poke|p2|Mawile, L50, M|\n|poke|p2|Charizard, L50, F|\n|poke|p2|Sharpedo, L50, F|\n|teampreview|4\n|j| rsbjjjjjjjjj\n|c| rsbjjjjjjjjj|boa sorte glra\n|j| jmbreal\n|j| victorjls21\n|j| matheusmes\n|\n|t:|1788398874\n|teamsize|p1|4\n|teamsize|p2|4\n|start\n|switch|p1a: Goleiro Bruno|Cofagrigus, L50, M|100/100\n|switch|p1b: David Silva Torres|Dragalge, L50, M|100/100\n|switch|p2a: BuIzEo|Toxicroak, L50, M|100/100\n|switch|p2b: SnOrLaXi|Aromatisse, L50, F|100/100\n|turn|1\n|l| matheusmes\n|j| matheusmes\n|\n|t:|1788398933\n|move|p1b: David Silva Torres|Protect|p1b: David Silva Torres\n|-singleturn|p1b: David Silva Torres|Protect\n|move|p2a: BuIzEo|Sucker Punch||[still]\n|-fail|p2a: BuIzEo\n|move|p1a: Goleiro Bruno|Imprison|p1a: Goleiro Bruno\n|-start|p1a: Goleiro Bruno|move: Imprison\n|cant|p2b: SnOrLaXi|move: Imprison|Trick Room\n|\n|upkeep\n|turn|2\n|c| victorjls21|flamengo e vasco contratando o mesmo jogador?\n|c| victorjls21|chama o var\n|l| matheusmes\n|j| kappamobs\n|\n|t:|1788398985\n|move|p2a: BuIzEo|Sucker Punch|p1a: Goleiro Bruno\n|-supereffective|p1a: Goleiro Bruno|1\n|-damage|p1a: Goleiro Bruno|62/100\n|-activate|p1a: Goleiro Bruno|ability: Mummy|p2a: BuIzEo|[ability] Dry Skin\n|-damage|p2a: BuIzEo|90/100|[from] item: Life Orb\n|move|p1b: David Silva Torres|Sludge Bomb|p2b: SnOrLaXi\n|-supereffective|p2b: SnOrLaXi|1\n|-damage|p2b: SnOrLaXi|0 fnt\n|faint|p2b: SnOrLaXi\n|-damage|p1b: David Silva Torres|90/100|[from] item: Life Orb\n|move|p1a: Goleiro Bruno|Body Press|p2a: BuIzEo\n|-resisted|p2a: BuIzEo|1\n|-damage|p2a: BuIzEo|68/100\n|\n|upkeep\n|j| matheusmes\n|\n|t:|1788399005\n|switch|p2b: PUCCA|Mawile, L50, M|100/100\n|-ability|p2b: PUCCA|Intimidate|boost\n|-unboost|p1a: Goleiro Bruno|atk|1\n|-unboost|p1b: David Silva Torres|atk|1\n|turn|3\n|l| matheusmes\n|j| lHaseol\n|\n|t:|1788399070\n|move|p1a: Goleiro Bruno|Protect|p1a: Goleiro Bruno\n|-singleturn|p1a: Goleiro Bruno|Protect\n|move|p2a: BuIzEo|Sucker Punch||[still]\n|-fail|p2a: BuIzEo\n|move|p2b: PUCCA|Sucker Punch||[still]\n|-fail|p2b: PUCCA\n|move|p1b: David Silva Torres|Thunderbolt|p2a: BuIzEo\n|-damage|p2a: BuIzEo|24/100\n|-damage|p1b: David Silva Torres|80/100|[from] item: Life Orb\n|\n|upkeep\n|turn|4\n|\n|t:|1788399090\n|move|p2a: BuIzEo|Sucker Punch||[still]\n|-fail|p2a: BuIzEo\n|move|p2b: PUCCA|Sucker Punch||[still]\n|-fail|p2b: PUCCA\n|move|p1b: David Silva Torres|Thunderbolt|p2a: BuIzEo\n|-damage|p2a: BuIzEo|0 fnt\n|faint|p2a: BuIzEo\n|-damage|p1b: David Silva Torres|70/100|[from] item: Life Orb\n|move|p1a: Goleiro Bruno|Trick Room|p1a: Goleiro Bruno\n|-fieldstart|move: Trick Room|[of] p1a: Goleiro Bruno\n|\n|upkeep\n|j| matheusmes\n|\n|t:|1788399104\n|switch|p2a: Rogério|Charizard, L50, F|100/100\n|turn|5\n|c| rsbjjjjjjjjj|brutal\n|\n|t:|1788399138\n|move|p1a: Goleiro Bruno|Protect|p1a: Goleiro Bruno\n|-singleturn|p1a: Goleiro Bruno|Protect\n|move|p1b: David Silva Torres|Draco Meteor|p2a: Rogério\n|-damage|p2a: Rogério|1/100\n|-unboost|p1b: David Silva Torres|spa|2\n|-damage|p1b: David Silva Torres|60/100|[from] item: Life Orb\n|move|p2b: PUCCA|Play Rough|p1b: David Silva Torres\n|-damage|p1b: David Silva Torres|18/100\n|move|p2a: Rogério|Dragon Dance|p2a: Rogério\n|-boost|p2a: Rogério|atk|1\n|-boost|p2a: Rogério|spe|1\n|\n|upkeep\n|turn|6\n|\n|t:|1788399164\n|move|p1a: Goleiro Bruno|Body Press|p2b: PUCCA\n|-damage|p2b: PUCCA|65/100\n|move|p1b: David Silva Torres|Sludge Bomb|p2a: Rogério\n|-damage|p2a: Rogério|0 fnt\n|faint|p2a: Rogério\n|-damage|p1b: David Silva Torres|8/100|[from] item: Life Orb\n|move|p2b: PUCCA|Play Rough|p1b: David Silva Torres\n|-damage|p1b: David Silva Torres|0 fnt\n|faint|p1b: David Silva Torres\n|\n|upkeep\n|\n|t:|1788399181\n|switch|p1b: Zico|Infernape, L50, M|100/100\n|turn|7\n|\n|t:|1788399194\n|move|p1b: Zico|Fake Out|p2b: PUCCA\n|-resisted|p2b: PUCCA|1\n|-damage|p2b: PUCCA|57/100\n|cant|p2b: PUCCA|flinch\n|move|p1a: Goleiro Bruno|Trick Room|p1a: Goleiro Bruno\n|-fieldend|move: Trick Room\n|\n|upkeep\n|turn|8\n|l| matheusmes\n|\n|t:|1788399206\n|move|p2b: PUCCA|Sucker Punch|p1a: Goleiro Bruno\n|-supereffective|p1a: Goleiro Bruno|1\n|-damage|p1a: Goleiro Bruno|32/100\n|-activate|p1a: Goleiro Bruno|ability: Mummy|p2b: PUCCA|[ability] Intimidate\n|move|p1b: Zico|Overheat|p2b: PUCCA\n|-supereffective|p2b: PUCCA|1\n|-damage|p2b: PUCCA|0 fnt\n|-unboost|p1b: Zico|spa|2\n|faint|p2b: PUCCA\n|\n|win|Vhplays\n|j| matheusmes\n|l|☆raposaraspada\n|player|p2|\n|l|☆Vhplays\n|player|p1|\n|l| kappamobs\n|l| victorjls21\n|l| rsbjjjjjjjjj\n|l| matheusmes\n|j| matheusmes\n|l| matheusmes\n|j| matheusmes\n","uploadtime":1788399218,"views":"3","formatid":"gen9championsvgc2026regmb","rating":null,"private":0,"password":null}