{"id":"gen9championsvgc2026regmb-2674697090","format":"[Gen 9 Champions] VGC 2026 Reg M-B","players":["mauroogabooga","1mkindanice"],"log":"|j|☆mauroogabooga\n|j|☆1mkindanice\n|html|<table width=\"100%\"><tr><td align=\"left\">mauroogabooga</td><td align=\"right\">1mkindanice</tr><tr><td align=\"left\"><i class=\"fa fa-circle\"></i> <i class=\"fa fa-circle-o\"></i> </td><td align=\"right\"><i class=\"fa fa-circle-o\"></i> <i class=\"fa fa-circle\"></i> </tr></table>\n|uhtml|bestof|<h2><strong>Game 3</strong> of <a href=\"/game-bestof3-gen9championsvgc2026regmb-2674689746\">a best-of-3</a></h2>\n|t:|1788392103\n|gametype|doubles\n|player|p1|mauroogabooga|preschooler|\n|player|p2|1mkindanice|marshal|\n|gen|9\n|tier|[Gen 9 Champions] VGC 2026 Reg M-B\n|rule|Species Clause: Limit one of each Pokémon\n|rule|Item Clause: Limit 1 of each item\n|raw|<div class=\"infobox\"><details class=\"readmore\" open><summary><strong>1 custom rule:</strong></summary> Best of = 3</details></div>\n|clearpoke\n|poke|p1|Noivern, L50, M, shiny|\n|poke|p1|Tyranitar, L50, M|\n|poke|p1|Sableye, L50, M, shiny|\n|poke|p1|Milotic, L50, M|\n|poke|p1|Excadrill, L50, M, shiny|\n|poke|p1|Sinistcha, L50|\n|poke|p2|Gengar, L50, F|\n|poke|p2|Serperior, L50, F|\n|poke|p2|Grimmsnarl, L50, M|\n|poke|p2|Garchomp, L50, F|\n|poke|p2|Vivillon, L50, F|\n|poke|p2|Scizor, L50, M|\n|teampreview|4\n|j| senahachii\n|j| djrean\n1mkindanice rejected open team sheets.\n|l| djrean\n|j| admsteelix\n|j| djrean\n|c|☆mauroogabooga|will i win a game 3 lol\n|c|☆1mkindanice|ngl you prob should have already won\n|c|☆mauroogabooga|oh yeah i was busy and forgot i protected on t tar game 1 lol\n|c|☆mauroogabooga|im just an idiot\n|\n|t:|1788392289\n|teamsize|p1|4\n|teamsize|p2|4\n|start\n|switch|p1a: Baja Blast|Noivern, L50, M, shiny|100/100\n|switch|p1b: Gaetan|Excadrill, L50, M, shiny|100/100\n|switch|p2a: Gar|Grimmsnarl, L50, M|100/100\n|switch|p2b: Ga|Serperior, L50, F|100/100\n|-item|p2a: Gar|Fairy Feather|[from] ability: Frisk|[of] p1a: Baja Blast\n|-item|p2b: Ga|Coba Berry|[from] ability: Frisk|[of] p1a: Baja Blast\n|turn|1\n|\n|t:|1788392390\n|move|p1a: Baja Blast|Protect|p1a: Baja Blast\n|-singleturn|p1a: Baja Blast|Protect\n|move|p1b: Gaetan|Protect|p1b: Gaetan\n|-singleturn|p1b: Gaetan|Protect\n|move|p2a: Gar|Fake Out|p1b: Gaetan\n|-activate|p1b: Gaetan|move: Protect\n|move|p2b: Ga|Leaf Storm|p1b: Gaetan\n|-activate|p1b: Gaetan|move: Protect\n|\n|upkeep\n|turn|2\n|\n|t:|1788392475\n|switch|p2a: Garch|Scizor, L50, M|100/100\n|move|p1a: Baja Blast|Tailwind|p1a: Baja Blast\n|-sidestart|p1: mauroogabooga|move: Tailwind\n|move|p1b: Gaetan|Rock Slide|p2a: Garch|[spread] p2b\n|-miss|p1b: Gaetan|p2a: Garch\n|-damage|p2b: Ga|75/100\n|cant|p2b: Ga|flinch\n|\n|upkeep\n|turn|3\n|\n|t:|1788392509\n|switch|p2a: Gar|Grimmsnarl, L50, M|100/100\n|move|p1a: Baja Blast|Flamethrower|p2b: Ga\n|-supereffective|p2b: Ga|1\n|-damage|p2b: Ga|15/100\n|-damage|p1a: Baja Blast|90/100|[from] item: Life Orb\n|move|p1b: Gaetan|Rock Slide|p2b: Ga|[spread] p2a,p2b\n|-damage|p2a: Gar|69/100\n|-damage|p2b: Ga|0 fnt\n|faint|p2b: Ga\n|\n|upkeep\n|\n|t:|1788392543\n|switch|p2b: Garchomp|Garchomp, L50, F|100/100\n|turn|4\n|\n|t:|1788392568\n|switch|p1b: Performative Male|Sinistcha, L50|100/100\n|-heal|p1a: Baja Blast|100/100|[from] ability: Hospitality|[of] p1b: Performative Male\n|move|p1a: Baja Blast|Protect|p1a: Baja Blast\n|-singleturn|p1a: Baja Blast|Protect\n|move|p2a: Gar|Fake Out|p1a: Baja Blast\n|-activate|p1a: Baja Blast|move: Protect\n|move|p2b: Garchomp|Stomping Tantrum|p1b: Performative Male\n|-resisted|p1b: Performative Male|1\n|-damage|p1b: Performative Male|85/100\n|\n|upkeep\n|turn|5\n|\n|t:|1788392592\n|move|p2b: Garchomp|Protect|p2b: Garchomp\n|-singleturn|p2b: Garchomp|Protect\n|move|p1a: Baja Blast|Draco Meteor|p2b: Garchomp\n|-activate|p2b: Garchomp|move: Protect\n|move|p1b: Performative Male|Matcha Gotcha|p2b: Garchomp|[spread] p2a\n|-activate|p2b: Garchomp|move: Protect\n|-damage|p2a: Gar|38/100\n|-heal|p1b: Performative Male|100/100|[from] drain|[of] p2a: Gar\n|move|p2a: Gar|Play Rough|p1b: Performative Male\n|-damage|p1b: Performative Male|53/100\n|\n|-sideend|p1: mauroogabooga|move: Tailwind\n|upkeep\n|turn|6\n|\n|t:|1788392650\n|switch|p2b: Garch|Scizor, L50, M|100/100\n|move|p1b: Performative Male|Rage Powder|p1b: Performative Male\n|-singleturn|p1b: Performative Male|move: Rage Powder\n|move|p1a: Baja Blast|Tailwind|p1a: Baja Blast\n|-sidestart|p1: mauroogabooga|move: Tailwind\n|move|p2a: Gar|Play Rough|p1b: Performative Male\n|-damage|p1b: Performative Male|10/100\n|\n|upkeep\n|turn|7\n|\n|t:|1788392720\n|switch|p2b: Garchomp|Garchomp, L50, F|100/100\n|move|p1b: Performative Male|Rage Powder|p1b: Performative Male\n|-singleturn|p1b: Performative Male|move: Rage Powder\n|move|p1a: Baja Blast|Flamethrower|p2b: Garchomp\n|-resisted|p2b: Garchomp|1\n|-damage|p2b: Garchomp|83/100\n|-damage|p1a: Baja Blast|90/100|[from] item: Life Orb\n|move|p2a: Gar|Play Rough|p1b: Performative Male\n|-damage|p1b: Performative Male|0 fnt\n|faint|p1b: Performative Male\n|\n|upkeep\n|\n|t:|1788392731\n|switch|p1b: Gaetan|Excadrill, L50, M, shiny|100/100\n|turn|8\n|\n|t:|1788392751\n|switch|p2a: Garch|Scizor, L50, M|100/100\n|move|p2b: Garchomp|Protect|p2b: Garchomp\n|-singleturn|p2b: Garchomp|Protect\n|move|p1a: Baja Blast|Draco Meteor|p2b: Garchomp\n|-activate|p2b: Garchomp|move: Protect\n|move|p1b: Gaetan|Earthquake|p2b: Garchomp|[spread] p2a\n|-activate|p2b: Garchomp|move: Protect\n|-immune|p1a: Baja Blast\n|-damage|p2a: Garch|52/100\n|\n|upkeep\n|turn|9\n|\n|t:|1788392864\n|detailschange|p2a: Garch|Scizor-Mega, L50, M\n|-mega|p2a: Garch|Scizor|Scizorite\n|move|p2a: Garch|Bullet Punch|p1b: Gaetan\n|-resisted|p1b: Gaetan|1\n|-damage|p1b: Gaetan|71/100\n|move|p1a: Baja Blast|Draco Meteor|p2b: Garchomp\n|-supereffective|p2b: Garchomp|1\n|-damage|p2b: Garchomp|0 fnt\n|-unboost|p1a: Baja Blast|spa|2\n|faint|p2b: Garchomp\n|-damage|p1a: Baja Blast|80/100|[from] item: Life Orb\n|move|p1b: Gaetan|Earthquake|p2a: Garch|[spread] p2a\n|-immune|p1a: Baja Blast\n|-crit|p2a: Garch\n|-damage|p2a: Garch|0 fnt\n|faint|p2a: Garch\n|\n|-sideend|p1: mauroogabooga|move: Tailwind\n|upkeep\n|\n|t:|1788392871\n|switch|p2b: Gar|Grimmsnarl, L50, M|38/100\n|turn|10\n|\n|t:|1788392882\n|switch|p1a: Jumbo Josh|Tyranitar, L50, M|100/100\n|-weather|Sandstorm|[from] ability: Sand Stream|[of] p1a: Jumbo Josh\n|move|p1b: Gaetan|High Horsepower|p2b: Gar\n|-damage|p2b: Gar|0 fnt\n|faint|p2b: Gar\n|\n|win|mauroogabooga\n|c|☆1mkindanice|gg\n|c|☆mauroogabooga|ggs\n","uploadtime":1788392890,"views":"19","formatid":"gen9championsvgc2026regmb","rating":null,"private":0,"password":null}