{"id":"gen9championsvgc2026regmb-2674229271","format":"[Gen 9 Champions] VGC 2026 Reg M-B","players":["Lokona Mokona","Goalysniper"],"log":"|j|☆Lokona Mokona\n|j|☆Goalysniper\n|html|<table width=\"100%\"><tr><td align=\"left\">Lokona Mokona</td><td align=\"right\">Goalysniper</tr><tr><td align=\"left\"><i class=\"fa fa-circle-o\"></i> <i class=\"fa fa-circle-o\"></i> </td><td align=\"right\"><i class=\"fa fa-circle-o\"></i> <i class=\"fa fa-circle\"></i> </tr></table>\n|uhtml|bestof|<h2><strong>Game 2</strong> of <a href=\"/game-bestof3-gen9championsvgc2026regmb-2674225550\">a best-of-3</a></h2>\n|t:|1788319219\n|gametype|doubles\n|player|p1|Lokona Mokona|marley|\n|player|p2|Goalysniper|170|\n|gen|9\n|tier|[Gen 9 Champions] VGC 2026 Reg M-B\n|rule|Species Clause: Limit one of each Pokémon\n|rule|Item Clause: Limit 1 of each item\n|raw|<div class=\"infobox\"><details class=\"readmore\" open><summary><strong>1 custom rule:</strong></summary> Best of = 3</details></div>\n|clearpoke\n|poke|p1|Steelix, L50, F|\n|poke|p1|Tyranitar, L50, F|\n|poke|p1|Farigiraf, L50, M|\n|poke|p1|Noivern, L50, F|\n|poke|p1|Rotom-Wash, L50|\n|poke|p1|Houndstone, L50, F|\n|poke|p2|Chandelure, L50, F|\n|poke|p2|Sylveon, L50, F|\n|poke|p2|Excadrill, L50, M|\n|poke|p2|Goodra, L50, F|\n|poke|p2|Zoroark-Hisui, L50, M|\n|poke|p2|Incineroar, L50, M|\n|teampreview|4\n|j| five_venoms\nGoalysniper rejected open team sheets.\n|j| yunglegs\n|\n|t:|1788319269\n|teamsize|p1|4\n|teamsize|p2|4\n|start\n|switch|p1a: Moose|Farigiraf, L50, M|100/100\n|switch|p1b: Boi|Tyranitar, L50, F|100/100\n|switch|p2a: The Undertaker|Chandelure, L50, F|100/100\n|switch|p2b: Stone Cold|Incineroar, L50, M|100/100\n|-ability|p2b: Stone Cold|Intimidate|boost\n|-unboost|p1a: Moose|atk|1\n|-unboost|p1b: Boi|atk|1\n|-weather|Sandstorm|[from] ability: Sand Stream|[of] p1b: Boi\n|turn|1\n|j| Percivol\n|\n|t:|1788319331\n|detailschange|p2a: The Undertaker|Chandelure-Mega, L50, F\n|-mega|p2a: The Undertaker|Chandelure|Chandelurite\n|move|p2b: Stone Cold|Fake Out||[still]\n|cant|p1a: Moose|ability: Armor Tail|Fake Out|[of] p2b: Stone Cold\n|move|p2a: The Undertaker|Energy Ball|p1b: Boi\n|-supereffective|p1b: Boi|1\n|-damage|p1b: Boi|56/100\n|move|p1b: Boi|Rock Slide|p2b: Stone Cold|[spread] p2a\n|-miss|p1b: Boi|p2b: Stone Cold\n|-supereffective|p2a: The Undertaker|1\n|-damage|p2a: The Undertaker|46/100\n|move|p1a: Moose|Trick Room|p1a: Moose\n|-fieldstart|move: Trick Room|[of] p1a: Moose\n|\n|-weather|Sandstorm|[upkeep]\n|-damage|p1a: Moose|93/100|[from] Sandstorm\n|-damage|p2b: Stone Cold|94/100|[from] Sandstorm\n|-damage|p2a: The Undertaker|40/100|[from] Sandstorm\n|upkeep\n|turn|2\n|c|☆Goalysniper|daaamn new tech\n|c|☆Goalysniper|didn't know about that\n|\n|t:|1788319386\n|switch|p1b: Sandy Boi|Houndstone, L50, F|100/100\n|move|p1a: Moose|Protect|p1a: Moose\n|-singleturn|p1a: Moose|Protect\n|move|p2a: The Undertaker|Protect|p2a: The Undertaker\n|-singleturn|p2a: The Undertaker|Protect\n|move|p2b: Stone Cold|Parting Shot|p1b: Sandy Boi\n|-unboost|p1b: Sandy Boi|atk|1\n|-unboost|p1b: Sandy Boi|spa|1\n|\n|t:|1788319437\n|switch|p2b: Chyna|Sylveon, L50, F|100/100|[from] Parting Shot\n|\n|-weather|Sandstorm|[upkeep]\n|-damage|p1a: Moose|87/100|[from] Sandstorm\n|-damage|p2a: The Undertaker|34/100|[from] Sandstorm\n|-damage|p2b: Chyna|93/100|[from] Sandstorm\n|upkeep\n|turn|3\n|\n|t:|1788319471\n|switch|p1b: Snek|Steelix, L50, F|100/100\n|move|p1a: Moose|Shadow Ball|p2a: The Undertaker\n|-supereffective|p2a: The Undertaker|1\n|-damage|p2a: The Undertaker|0 fnt\n|faint|p2a: The Undertaker\n|move|p2b: Chyna|Snarl|p1a: Moose|[spread] p1a,p1b\n|-supereffective|p1a: Moose|1\n|-enditem|p1a: Moose|Colbur Berry|[eat]\n|-enditem|p1a: Moose|Colbur Berry|[weaken]\n|-damage|p1a: Moose|78/100\n|-damage|p1b: Snek|80/100\n|-unboost|p1a: Moose|spa|1\n|-unboost|p1b: Snek|spa|1\n|\n|-weather|Sandstorm|[upkeep]\n|-damage|p1a: Moose|72/100|[from] Sandstorm\n|-damage|p2b: Chyna|87/100|[from] Sandstorm\n|upkeep\n|\n|t:|1788319487\n|switch|p2a: Stone Cold|Incineroar, L50, M|94/100\n|-ability|p2a: Stone Cold|Intimidate|boost\n|-unboost|p1a: Moose|atk|1\n|-unboost|p1b: Snek|atk|1\n|turn|4\n|\n|t:|1788319535\n|detailschange|p1b: Snek|Steelix-Mega, L50, F\n|-mega|p1b: Snek|Steelix|Steelixite\n|move|p1a: Moose|Protect|p1a: Moose\n|-singleturn|p1a: Moose|Protect\n|move|p1b: Snek|High Horsepower|p2a: Stone Cold\n|-supereffective|p2a: Stone Cold|1\n|-damage|p2a: Stone Cold|16/100\n|-enditem|p2a: Stone Cold|Sitrus Berry|[eat]\n|-heal|p2a: Stone Cold|41/100|[from] item: Sitrus Berry\n|move|p2a: Stone Cold|Darkest Lariat|p1a: Moose\n|-activate|p1a: Moose|move: Protect\n|move|p2b: Chyna|Snarl|p1a: Moose|[spread] p1b\n|-activate|p1a: Moose|move: Protect\n|-damage|p1b: Snek|65/100\n|-unboost|p1b: Snek|spa|1\n|\n|-weather|Sandstorm|[upkeep]\n|-damage|p1a: Moose|66/100|[from] Sandstorm\n|-damage|p2a: Stone Cold|35/100|[from] Sandstorm\n|-damage|p2b: Chyna|81/100|[from] Sandstorm\n|upkeep\n|turn|5\n|j| TigerClaw18\n|c|☆Goalysniper|This one is looking extra oofy for me\n|\n|t:|1788319726\n|move|p1b: Snek|Rock Slide|p2b: Chyna|[spread] p2a,p2b\n|-supereffective|p2a: Stone Cold|1\n|-damage|p2a: Stone Cold|8/100\n|-damage|p2b: Chyna|41/100\n|replace|p2b: Rey Mysterio|Zoroark-Hisui, L50, M\n|-end|p2b: Rey Mysterio|Illusion\n|move|p1a: Moose|Psychic|p2b: Rey Mysterio\n|-damage|p2b: Rey Mysterio|0 fnt\n|faint|p2b: Rey Mysterio\n|move|p2a: Stone Cold|Parting Shot|p1b: Snek\n|-unboost|p1b: Snek|atk|1\n|-unboost|p1b: Snek|spa|1\n|\n|t:|1788319738\n|switch|p2a: Chyna|Sylveon, L50, F|100/100|[from] Parting Shot\n|\n|-weather|none\n|-fieldend|move: Trick Room\n|upkeep\n|\n|t:|1788319742\n|switch|p2b: Stone Cold|Incineroar, L50, M|8/100\n|-ability|p2b: Stone Cold|Intimidate|boost\n|-unboost|p1a: Moose|atk|1\n|-unboost|p1b: Snek|atk|1\n|turn|6\n|\n|t:|1788319839\n|switch|p1b: Boi|Tyranitar, L50, F|56/100\n|-weather|Sandstorm|[from] ability: Sand Stream|[of] p1b: Boi\n|move|p2b: Stone Cold|Darkest Lariat|p1a: Moose\n|-supereffective|p1a: Moose|1\n|-damage|p1a: Moose|0 fnt\n|faint|p1a: Moose\n|move|p2a: Chyna|Hyper Voice|p1b: Boi\n|-supereffective|p1b: Boi|1\n|-damage|p1b: Boi|0 fnt\n|faint|p1b: Boi\n|\n|-weather|Sandstorm|[upkeep]\n|-damage|p2b: Stone Cold|2/100|[from] Sandstorm\n|-damage|p2a: Chyna|94/100|[from] Sandstorm\n|upkeep\n|\n|t:|1788319852\n|switch|p1b: Snek|Steelix-Mega, L50, F|65/100\n|switch|p1a: Sandy Boi|Houndstone, L50, F|100/100\n|turn|7\n|\n|t:|1788319919\n|move|p1a: Sandy Boi|Last Respects|p2a: Chyna\n|-damage|p2a: Chyna|0 fnt\n|faint|p2a: Chyna\n|-damage|p1a: Sandy Boi|90/100|[from] item: Life Orb\n|move|p2b: Stone Cold|Darkest Lariat|p1a: Sandy Boi\n|-supereffective|p1a: Sandy Boi|1\n|-damage|p1a: Sandy Boi|14/100\n|move|p1b: Snek|Rock Slide|p2b: Stone Cold\n|-supereffective|p2b: Stone Cold|1\n|-damage|p2b: Stone Cold|0 fnt\n|faint|p2b: Stone Cold\n|\n|win|Lokona Mokona\n|inactive|Lokona Mokona has 30 seconds to confirm battle start!\n|inactive|Goalysniper has 30 seconds to confirm battle start!\n||Lokona Mokona is ready for game 3.\n|c|☆Goalysniper|daaamn, nice\n","uploadtime":1788319933,"views":"2","formatid":"gen9championsvgc2026regmb","rating":null,"private":0,"password":null}