{"id":"gen9championsvgc2026regmb-2674756922","format":"[Gen 9 Champions] VGC 2026 Reg M-B","players":["Dingdongpokemon","bovineolympics"],"log":"|j|☆Dingdongpokemon\n|j|☆bovineolympics\n|html|<table width=\"100%\"><tr><td align=\"left\">Dingdongpokemon</td><td align=\"right\">bovineolympics</tr><tr><td align=\"left\"><i class=\"fa fa-circle\"></i> <i class=\"fa fa-circle-o\"></i> </td><td align=\"right\"><i class=\"fa fa-circle-o\"></i> <i class=\"fa fa-circle-o\"></i> </tr></table>\n|uhtml|bestof|<h2><strong>Game 2</strong> of <a href=\"/game-bestof3-gen9championsvgc2026regmb-2674755198\">a best-of-3</a></h2>\n|t:|1788401365\n|gametype|doubles\n|player|p1|Dingdongpokemon|1|\n|player|p2|bovineolympics|266|\n|gen|9\n|tier|[Gen 9 Champions] VGC 2026 Reg M-B\n|rule|Species Clause: Limit one of each Pokémon\n|rule|Item Clause: Limit 1 of each item\n|raw|<div class=\"infobox\"><details class=\"readmore\" open><summary><strong>1 custom rule:</strong></summary> Best of = 3</details></div>\n|clearpoke\n|poke|p1|Farigiraf, L50, M|\n|poke|p1|Dragonite, L50, M|\n|poke|p1|Mawile, L50, M|\n|poke|p1|Torkoal, L50, M|\n|poke|p1|Annihilape, L50, M|\n|poke|p1|Rotom-Mow, L50|\n|poke|p2|Gengar, L50, F|\n|poke|p2|Gyarados, L50, M|\n|poke|p2|Ninetales-Alola, L50, F|\n|poke|p2|Altaria, L50, M|\n|poke|p2|Tinkaton, L50, F|\n|poke|p2|Ditto, L50, shiny|\n|teampreview|4\n|j| Dakmaul\n|j| kanklez\nDingdongpokemon rejected open team sheets.\n|\n|t:|1788401407\n|teamsize|p1|4\n|teamsize|p2|4\n|start\n|switch|p1a: Longo Janowski|Farigiraf, L50, M|100/100\n|switch|p1b: C Falc|Annihilape, L50, M|100/100\n|switch|p2a: Mangmar|Gengar, L50, F|100/100\n|switch|p2b: Gyarauno|Gyarados, L50, M|100/100\n|-ability|p2b: Gyarauno|Intimidate|boost\n|-unboost|p1a: Longo Janowski|atk|1\n|-unboost|p1b: C Falc|atk|1\n|-ability|p1b: C Falc|Defiant|boost\n|-boost|p1b: C Falc|atk|2\n|turn|1\n|j| fishyfishfish\n|j| sunnydaysagain\n|\n|t:|1788401471\n|detailschange|p2a: Mangmar|Gengar-Mega, L50, F\n|-mega|p2a: Mangmar|Gengar|Gengarite\n|move|p1b: C Falc|Protect|p1b: C Falc\n|-singleturn|p1b: C Falc|Protect\n|move|p2a: Mangmar|Will-O-Wisp|p1b: C Falc\n|-activate|p1b: C Falc|move: Protect\n|move|p1a: Longo Janowski|Psychic|p2a: Mangmar\n|-supereffective|p2a: Mangmar|1\n|-damage|p2a: Mangmar|24/100\n|move|p2b: Gyarauno|Roar|p1b: C Falc\n|drag|p1b: Smokey|Torkoal, L50, M|100/100\n|-weather|SunnyDay|[from] ability: Drought|[of] p1b: Smokey\n|\n|-weather|SunnyDay|[upkeep]\n|upkeep\n|turn|2\n|\n|t:|1788401491\n|move|p1b: Smokey|Protect|p1b: Smokey\n|-singleturn|p1b: Smokey|Protect\n|move|p2a: Mangmar|Disable|p1a: Longo Janowski\n|-start|p1a: Longo Janowski|Disable|Psychic\n|-enditem|p1a: Longo Janowski|Mental Herb\n|-end|p1a: Longo Janowski|Disable\n|move|p2b: Gyarauno|Waterfall|p1b: Smokey\n|-activate|p1b: Smokey|move: Protect\n|move|p1a: Longo Janowski|Trick Room|p1a: Longo Janowski\n|-fieldstart|move: Trick Room|[of] p1a: Longo Janowski\n|\n|-weather|SunnyDay|[upkeep]\n|upkeep\n|turn|3\n|\n|t:|1788401535\n|move|p2b: Gyarauno|Protect|p2b: Gyarauno\n|-singleturn|p2b: Gyarauno|Protect\n|move|p1b: Smokey|Eruption|p2a: Mangmar|[spread] p2a\n|-activate|p2b: Gyarauno|move: Protect\n|-damage|p2a: Mangmar|0 fnt\n|faint|p2a: Mangmar\n|move|p1a: Longo Janowski|Psychic|p2b: Gyarauno\n|-activate|p2b: Gyarauno|move: Protect\n|\n|-weather|SunnyDay|[upkeep]\n|upkeep\n|\n|t:|1788401544\n|switch|p2a: God|Ditto, L50, shiny|100/100\n|-transform|p2a: God|p1b: Smokey|[from] ability: Imposter\n|turn|4\n|\n|t:|1788401560\n|move|p1a: Longo Janowski|Ally Switch|p1a: Longo Janowski\n|swap|p1a: Longo Janowski|1|[from] move: Ally Switch\n|move|p2a: God|Eruption|p1a: Smokey|[spread] p1a,p1b\n|-resisted|p1a: Smokey|1\n|-damage|p1a: Smokey|53/100\n|-damage|p1b: Longo Janowski|29/100\n|move|p1a: Smokey|Scorching Sands|p2a: God\n|-supereffective|p2a: God|1\n|-damage|p2a: God|40/100\n|move|p2b: Gyarauno|Waterfall|p1b: Longo Janowski\n|-damage|p1b: Longo Janowski|14/100\n|\n|-weather|SunnyDay|[upkeep]\n|upkeep\n|turn|5\n|\n|t:|1788401592\n|move|p2a: God|Eruption|p1b: Longo Janowski|[spread] p1a,p1b\n|-resisted|p1a: Smokey|1\n|-damage|p1a: Smokey|33/100\n|-damage|p1b: Longo Janowski|0 fnt\n|faint|p1b: Longo Janowski\n|move|p1a: Smokey|Scorching Sands|p2a: God\n|-supereffective|p2a: God|1\n|-damage|p2a: God|0 fnt\n|faint|p2a: God\n|move|p2b: Gyarauno|Waterfall|p1a: Smokey\n|-supereffective|p1a: Smokey|1\n|-damage|p1a: Smokey|5/100\n|\n|-weather|none\n|upkeep\n|\n|t:|1788401604\n|switch|p2a: HOSSDELGADOTRIBUTE|Altaria, L50, M|100/100\n|switch|p1b: Mooth|Mawile, L50, M|100/100\n|-ability|p1b: Mooth|Intimidate|boost\n|-unboost|p2a: HOSSDELGADOTRIBUTE|atk|1\n|-unboost|p2b: Gyarauno|atk|1\n|-ability|p2a: HOSSDELGADOTRIBUTE|Cloud Nine\n|turn|6\n|\n|t:|1788401659\n|detailschange|p1b: Mooth|Mawile-Mega, L50, M\n|-mega|p1b: Mooth|Mawile|Mawilite\n|move|p2b: Gyarauno|Protect|p2b: Gyarauno\n|-singleturn|p2b: Gyarauno|Protect\n|move|p1a: Smokey|Eruption|p2b: Gyarauno|[spread] p2a\n|-activate|p2b: Gyarauno|move: Protect\n|-resisted|p2a: HOSSDELGADOTRIBUTE|1\n|-damage|p2a: HOSSDELGADOTRIBUTE|98/100\n|move|p1b: Mooth|Play Rough|p2a: HOSSDELGADOTRIBUTE\n|-supereffective|p2a: HOSSDELGADOTRIBUTE|1\n|-damage|p2a: HOSSDELGADOTRIBUTE|0 fnt\n|faint|p2a: HOSSDELGADOTRIBUTE\n|\n|-fieldend|move: Trick Room\n|upkeep\n|turn|7\n|\n|t:|1788401686\n|move|p1a: Smokey|Protect|p1a: Smokey\n|-singleturn|p1a: Smokey|Protect\n|move|p2b: Gyarauno|Crunch|p1a: Smokey\n|-activate|p1a: Smokey|move: Protect\n|move|p1b: Mooth|Play Rough|p2b: Gyarauno\n|-enditem|p2b: Gyarauno|Focus Sash\n|-damage|p2b: Gyarauno|1/100\n|\n|upkeep\n|turn|8\n|\n|t:|1788401705\n|switch|p1a: C Falc|Annihilape, L50, M|100/100\n|move|p2b: Gyarauno|Waterfall|p1a: C Falc\n|-damage|p1a: C Falc|73/100\n|move|p1b: Mooth|Iron Head|p2b: Gyarauno\n|-resisted|p2b: Gyarauno|1\n|-damage|p2b: Gyarauno|0 fnt\n|faint|p2b: Gyarauno\n|\n|win|Dingdongpokemon\n|l| Dakmaul\n|l| sunnydaysagain\n|l| fishyfishfish\n|l|☆Dingdongpokemon\n|player|p1|\n|j|☆Dingdongpokemon\n|player|p1|Dingdongpokemon|1|\n|n|☆bovineolympics|bovineolympics\n|n| kanklez|kanklez\n|n|☆Dingdongpokemon|dingdongpokemon\n|l|☆Dingdongpokemon\n|player|p1|\n","uploadtime":1788404410,"views":"1","formatid":"gen9championsvgc2026regmb","rating":null,"private":0,"password":null}