{"id":"gen9championsvgc2026regmbbo3-2673393567","format":"[Gen 9 Champions] VGC 2026 Reg M-B (Bo3)","players":["aerodactylhater","walaye"],"log":"|j|☆aerodactylhater\n|j|☆walaye\n|html|<table width=\"100%\"><tr><td align=\"left\">aerodactylhater</td><td align=\"right\">walaye</tr><tr><td align=\"left\"><i class=\"fa fa-circle-o\"></i> <i class=\"fa fa-circle-o\"></i> </td><td align=\"right\"><i class=\"fa fa-circle-o\"></i> <i class=\"fa fa-circle-o\"></i> </tr></table>\n|uhtml|bestof|<h2><strong>Game 1</strong> of <a href=\"/game-bestof3-gen9championsvgc2026regmbbo3-2673393566\">a best-of-3</a></h2>\n|t:|1788192379\n|gametype|doubles\n|player|p1|aerodactylhater|cowgirl|1361\n|player|p2|walaye|chuck|1303\n|gen|9\n|tier|[Gen 9 Champions] VGC 2026 Reg M-B (Bo3)\n|rated|\n|rule|Species Clause: Limit one of each Pokémon\n|rule|Item Clause: Limit 1 of each item\n|clearpoke\n|poke|p1|Froslass, L50, F|\n|poke|p1|Sneasler, L50, F|\n|poke|p1|Lycanroc-Dusk, L50, F|\n|poke|p1|Basculegion, L50, M|\n|poke|p1|Kingambit, L50, F|\n|poke|p1|Scovillain, L50, M|\n|poke|p2|Venusaur, L50, F|\n|poke|p2|Sneasler, L50, F|\n|poke|p2|Pelipper, L50, M|\n|poke|p2|Swampert, L50, F|\n|poke|p2|Archaludon, L50, M|\n|poke|p2|Meowstic, L50, M|\n|teampreview|4\n|showteam|p1|Froslass||Froslassite|CursedBody|Blizzard,ShadowBall,AuroraVeil,Protect|Timid||F|||50|]Sneasler||WhiteHerb|Unburden|CloseCombat,GunkShot,FakeOut,Protect|Adamant||F|||50|]Lycanroc-Dusk||FocusSash|ToughClaws|RockSlide,CloseCombat,Accelerock,Protect|Adamant||F|||50|]Basculegion||LifeOrb|Adaptability|WaveCrash,LastRespects,AquaJet,Protect|Jolly||M|||50|]Kingambit||BlackGlasses|Defiant|KowtowCleave,SuckerPunch,SwordsDance,Protect|Adamant||F|||50|]Scovillain||Scovillainite|Moody|Overheat,GigaDrain,RagePowder,Protect|Bold||M|||50|\n|showteam|p2|Venusaur||Venusaurite|Chlorophyll|SludgeBomb,EarthPower,Protect,GigaDrain|Modest||F|||50|]Sneasler||FocusSash|PoisonTouch|PoisonJab,CloseCombat,RockSlide,FakeOut|Jolly||F|||50|]Pelipper||SitrusBerry|Drizzle|Hurricane,WeatherBall,Tailwind,HelpingHand|Bold||M|||50|]Swampert||Swampertite|Torrent|WaveCrash,IcePunch,Earthquake,Protect|Adamant||F|||50|]Archaludon||Leftovers|Stamina|DragonPulse,FlashCannon,ElectroShot,Protect|Modest||M|||50|]Meowstic||LightClay|Prankster|Reflect,LightScreen,Yawn,RainDance|Calm||M|||50|\n|inactive|Battle timer is ON: inactive players will automatically lose when time's up. (requested by aerodactylhater)\n|inactive|aerodactylhater has 60 seconds left.\n|inactive|walaye has 60 seconds left.\n|\n|t:|1788192431\n|teamsize|p1|4\n|teamsize|p2|4\n|start\n|switch|p1a: Froslass|Froslass, L50, F|100/100\n|switch|p1b: Sneasler|Sneasler, L50, F|100/100\n|switch|p2a: Meowstic|Meowstic, L50, M|100/100\n|switch|p2b: Archaludon|Archaludon, L50, M|100/100\n|turn|1\n|\n|t:|1788192446\n|detailschange|p1a: Froslass|Froslass-Mega, L50, F\n|-mega|p1a: Froslass|Froslass|Froslassite\n|-weather|Snowscape|[from] ability: Snow Warning|[of] p1a: Froslass\n|move|p2a: Meowstic|Yawn|p1a: Froslass\n|-start|p1a: Froslass|move: Yawn|[of] p2a: Meowstic\n|move|p1a: Froslass|Aurora Veil|p1a: Froslass\n|-sidestart|p1: aerodactylhater|move: Aurora Veil\n|move|p1b: Sneasler|Close Combat|p2b: Archaludon\n|-supereffective|p2b: Archaludon|1\n|-damage|p2b: Archaludon|7/100\n|-unboost|p1b: Sneasler|def|1\n|-unboost|p1b: Sneasler|spd|1\n|-ability|p2b: Archaludon|Stamina|boost\n|-boost|p2b: Archaludon|def|1\n|-enditem|p1b: Sneasler|White Herb\n|-clearnegativeboost|p1b: Sneasler|[silent]\n|move|p2b: Archaludon|Flash Cannon|p1a: Froslass\n|-supereffective|p1a: Froslass|1\n|-damage|p1a: Froslass|35/100\n|\n|-weather|Snowscape|[upkeep]\n|-heal|p2b: Archaludon|13/100|[from] item: Leftovers\n|upkeep\n|turn|2\n|\n|t:|1788192468\n|move|p2b: Archaludon|Protect|p2b: Archaludon\n|-singleturn|p2b: Archaludon|Protect\n|move|p2a: Meowstic|Yawn|p1b: Sneasler\n|-start|p1b: Sneasler|move: Yawn|[of] p2a: Meowstic\n|move|p1b: Sneasler|Gunk Shot|p2a: Meowstic\n|-damage|p2a: Meowstic|24/100\n|move|p1a: Froslass|Blizzard|p2b: Archaludon|[spread] p2a\n|-activate|p2b: Archaludon|move: Protect\n|-damage|p2a: Meowstic|0 fnt\n|faint|p2a: Meowstic\n|\n|-weather|Snowscape|[upkeep]\n|-heal|p2b: Archaludon|19/100|[from] item: Leftovers\n|-end|p1a: Froslass|move: Yawn|[silent]\n|-status|p1a: Froslass|slp\n|upkeep\n|\n|t:|1788192486\n|switch|p2a: Venusaur|Venusaur, L50, F|100/100\n|turn|3\n|\n|t:|1788192494\n|switch|p1b: Basculegion|Basculegion, L50, M|100/100\n|switch|p1a: Kingambit|Kingambit, L50, F|100/100\n|detailschange|p2a: Venusaur|Venusaur-Mega, L50, F\n|-mega|p2a: Venusaur|Venusaur|Venusaurite\n|move|p2b: Archaludon|Protect|p2b: Archaludon\n|-singleturn|p2b: Archaludon|Protect\n|move|p2a: Venusaur|Earth Power|p1b: Basculegion\n|-damage|p1b: Basculegion|78/100\n|\n|-weather|Snowscape|[upkeep]\n|-heal|p2b: Archaludon|25/100|[from] item: Leftovers\n|upkeep\n|turn|4\n|\n|t:|1788192513\n|switch|p2b: Sneasler|Sneasler, L50, F|100/100\n|move|p1b: Basculegion|Protect|p1b: Basculegion\n|-singleturn|p1b: Basculegion|Protect\n|move|p2a: Venusaur|Giga Drain|p1b: Basculegion\n|-activate|p1b: Basculegion|move: Protect\n|move|p1a: Kingambit|Swords Dance|p1a: Kingambit\n|-boost|p1a: Kingambit|atk|2\n|\n|-weather|Snowscape|[upkeep]\n|upkeep\n|turn|5\n|\n|t:|1788192525\n|move|p1a: Kingambit|Protect|p1a: Kingambit\n|-singleturn|p1a: Kingambit|Protect\n|move|p1b: Basculegion|Aqua Jet|p2b: Sneasler\n|-damage|p2b: Sneasler|43/100\n|-damage|p1b: Basculegion|68/100|[from] item: Life Orb\n|move|p2b: Sneasler|Close Combat|p1a: Kingambit\n|-activate|p1a: Kingambit|move: Protect\n|move|p2a: Venusaur|Giga Drain|p1b: Basculegion\n|-supereffective|p1b: Basculegion|1\n|-damage|p1b: Basculegion|11/100\n|\n|-weather|none\n|-sideend|p1: aerodactylhater|move: Aurora Veil\n|upkeep\n|turn|6\n|\n|t:|1788192541\n|move|p1b: Basculegion|Aqua Jet|p2b: Sneasler\n|-damage|p2b: Sneasler|0 fnt\n|faint|p2b: Sneasler\n|-damage|p1b: Basculegion|1/100|[from] item: Life Orb\n|move|p2a: Venusaur|Giga Drain|p1b: Basculegion\n|-supereffective|p1b: Basculegion|1\n|-damage|p1b: Basculegion|0 fnt\n|faint|p1b: Basculegion\n|move|p1a: Kingambit|Kowtow Cleave|p2a: Venusaur\n|-damage|p2a: Venusaur|4/100\n|\n|upkeep\n|-message|walaye forfeited.\n|\n|win|aerodactylhater\n|l|☆walaye\n|player|p2|\n||walaye is ready for game 2.\n","uploadtime":1788192551,"views":"8","formatid":"gen9championsvgc2026regmbbo3","rating":null,"private":0,"password":null}