{"id":"gen9championsvgc2026regmbbo3-2674680890","format":"[Gen 9 Champions] VGC 2026 Reg M-B (Bo3)","players":["diisaa","bronzongbroomsvgc"],"log":"|j|☆diisaa\n|j|☆bronzongbroomsvgc\n|html|<table width=\"100%\"><tr><td align=\"left\">diisaa</td><td align=\"right\">bronzongbroomsvgc</tr><tr><td align=\"left\"><i class=\"fa fa-circle-o\"></i> <i class=\"fa fa-circle-o\"></i> </td><td align=\"right\"><i class=\"fa fa-circle-o\"></i> <i class=\"fa fa-circle\"></i> </tr></table>\n|uhtml|bestof|<h2><strong>Game 2</strong> of <a href=\"/game-bestof3-gen9championsvgc2026regmbbo3-2674679654\">a best-of-3</a></h2>\n|t:|1788389608\n|gametype|doubles\n|player|p1|diisaa|265|1328\n|player|p2|bronzongbroomsvgc|1|1393\n|gen|9\n|tier|[Gen 9 Champions] VGC 2026 Reg M-B (Bo3)\n|rated|\n|rule|Species Clause: Limit one of each Pokémon\n|rule|Item Clause: Limit 1 of each item\n|clearpoke\n|poke|p1|Froslass, L50, F|\n|poke|p1|Sneasler, L50, M|\n|poke|p1|Basculegion, L50, M|\n|poke|p1|Dragonite, L50, F|\n|poke|p1|Garchomp, L50, M|\n|poke|p1|Kingambit, L50, M|\n|poke|p2|Toxapex, L50, M|\n|poke|p2|Incineroar, L50, M|\n|poke|p2|Farigiraf, L50, M|\n|poke|p2|Charizard, L50, F|\n|poke|p2|Floette-Eternal, L50, F|\n|poke|p2|Garchomp, L50, F|\n|teampreview|4\n|showteam|p1|Froslass||Froslassite|CursedBody|Blizzard,ShadowBall,AuroraVeil,Protect|Modest||F|||50|]Sneasler||FocusSash|Unburden|CloseCombat,DireClaw,FakeOut,Feint|Jolly||M|||50|]Basculegion||MysticWater|Adaptability|WaveCrash,LastRespects,AquaJet,Protect|Adamant||M|||50|]Dragonite||Dragoninite|Multiscale|DragonPulse,HeatWave,Tailwind,Protect|Modest||F|||50|]Garchomp||RoseliBerry|RoughSkin|Earthquake,DragonClaw,RockSlide,PoisonJab|Jolly||M|||50|]Kingambit||ChopleBerry|Defiant|KowtowCleave,SuckerPunch,IronHead,LowKick|Adamant||M|||50|\n|showteam|p2|Toxapex||Leftovers|Regenerator|BanefulBunker,WideGuard,Toxic,Infestation|Relaxed||M|||50|]Incineroar||SitrusBerry|Intimidate|FakeOut,ThroatChop,FlareBlitz,PartingShot|Adamant||M|||50|]Farigiraf||ColburBerry|ArmorTail|TrickRoom,Psychic,HelpingHand,Protect|Calm||M|||50|]Charizard||CharizarditeY|Blaze|HeatWave,AncientPower,WeatherBall,Protect|Timid||F|||50|]Floette-Eternal||Floettite|FlowerVeil|Moonblast,DazzlingGleam,LightofRuin,Protect|Modest||F|||50|]Garchomp||ChoiceScarf|RoughSkin|Earthquake,RockSlide,DragonClaw,StompingTantrum|Adamant||F|||50|\n|inactive|Battle timer is ON: inactive players will automatically lose when time's up. (requested by diisaa)\n|\n|t:|1788389631\n|teamsize|p1|4\n|teamsize|p2|4\n|start\n|switch|p1a: Sneasler|Sneasler, L50, M|100/100\n|switch|p1b: Dragonite|Dragonite, L50, F|100/100\n|switch|p2a: Farigiraf|Farigiraf, L50, M|100/100\n|switch|p2b: Floette|Floette-Eternal, L50, F|100/100\n|turn|1\n|inactive|diisaa has 30 seconds left.\n|\n|t:|1788389665\n|switch|p1a: Kingambit|Kingambit, L50, M|100/100\n|switch|p2b: Garchomp|Garchomp, L50, F|100/100\n|detailschange|p1b: Dragonite|Dragonite-Mega, L50, F\n|-mega|p1b: Dragonite|Dragonite|Dragoninite\n|move|p1b: Dragonite|Heat Wave|p2b: Garchomp|[spread] p2a,p2b\n|-resisted|p2b: Garchomp|1\n|-damage|p2a: Farigiraf|71/100\n|-damage|p2b: Garchomp|86/100\n|move|p2a: Farigiraf|Psychic|p1a: Kingambit\n|-immune|p1a: Kingambit\n|\n|upkeep\n|turn|2\n|inactive|diisaa has 30 seconds left.\n|\n|t:|1788389699\n|move|p2b: Garchomp|Stomping Tantrum|p1a: Kingambit\n|-supereffective|p1a: Kingambit|1\n|-crit|p1a: Kingambit\n|-damage|p1a: Kingambit|7/100\n|move|p1b: Dragonite|Tailwind|p1b: Dragonite\n|-sidestart|p1: diisaa|move: Tailwind\n|move|p1a: Kingambit|Kowtow Cleave|p2b: Garchomp\n|-damage|p2b: Garchomp|37/100\n|-damage|p1a: Kingambit|0 fnt|[from] ability: Rough Skin|[of] p2b: Garchomp\n|faint|p1a: Kingambit\n|move|p2a: Farigiraf|Psychic|p1b: Dragonite\n|-damage|p1b: Dragonite|82/100\n|-unboost|p1b: Dragonite|spd|1\n|\n|upkeep\n|\n|t:|1788389715\n|switch|p1a: Basculegion|Basculegion, L50, M|100/100\n|turn|3\n|\n|t:|1788389740\n|move|p1b: Dragonite|Dragon Pulse|p2a: Farigiraf\n|-damage|p2a: Farigiraf|22/100\n|move|p1a: Basculegion|Last Respects|p2b: Garchomp\n|-damage|p2b: Garchomp|0 fnt\n|faint|p2b: Garchomp\n|move|p2a: Farigiraf|Trick Room|p2a: Farigiraf\n|-fieldstart|move: Trick Room|[of] p2a: Farigiraf\n|\n|upkeep\n|\n|t:|1788389748\n|switch|p2b: Floette|Floette-Eternal, L50, F|100/100\n|turn|4\n|\n|t:|1788389769\n|detailschange|p2b: Floette|Floette-Mega, L50, F\n|-mega|p2b: Floette|Floette|Floettite\n|-ability|p2b: Floette|Fairy Aura\n|move|p2a: Farigiraf|Helping Hand|p2b: Floette\n|-singleturn|p2b: Floette|Helping Hand|[of] p2a: Farigiraf\n|move|p1a: Basculegion|Protect|p1a: Basculegion\n|-singleturn|p1a: Basculegion|Protect\n|move|p1b: Dragonite|Protect|p1b: Dragonite\n|-singleturn|p1b: Dragonite|Protect\n|move|p2b: Floette|Moonblast|p1a: Basculegion\n|-activate|p1a: Basculegion|move: Protect\n|\n|upkeep\n|turn|5\n|\n|t:|1788389790\n|move|p2a: Farigiraf|Helping Hand|p2b: Floette\n|-singleturn|p2b: Floette|Helping Hand|[of] p2a: Farigiraf\n|move|p2b: Floette|Moonblast|p1a: Basculegion\n|-damage|p1a: Basculegion|0 fnt\n|faint|p1a: Basculegion\n|move|p1b: Dragonite|Heat Wave|p2a: Farigiraf|[spread] p2a,p2b\n|-damage|p2a: Farigiraf|0 fnt\n|-damage|p2b: Floette|79/100\n|faint|p2a: Farigiraf\n|\n|-sideend|p1: diisaa|move: Tailwind\n|upkeep\n|\n|t:|1788389798\n|switch|p2a: Toxapex|Toxapex, L50, M|100/100\n|switch|p1a: Sneasler|Sneasler, L50, M|100/100\n|turn|6\n|inactive|diisaa has 30 seconds left.\n|\n|t:|1788389828\n|move|p2a: Toxapex|Infestation|p1a: Sneasler\n|-resisted|p1a: Sneasler|2\n|-damage|p1a: Sneasler|99/100\n|-activate|p1a: Sneasler|move: Infestation|[of] p2a: Toxapex\n|move|p2b: Floette|Dazzling Gleam|p1a: Sneasler|[spread] p1a,p1b\n|-supereffective|p1b: Dragonite|1\n|-damage|p1a: Sneasler|33/100\n|-damage|p1b: Dragonite|0 fnt\n|faint|p1b: Dragonite\n|move|p1a: Sneasler|Dire Claw|p2b: Floette\n|-supereffective|p2b: Floette|1\n|-damage|p2b: Floette|0 fnt\n|faint|p2b: Floette\n|\n|-damage|p1a: Sneasler|21/100|[from] move: Infestation|[partiallytrapped]\n|upkeep\n|turn|7\n|\n|t:|1788389845\n|move|p2a: Toxapex|Infestation|p1a: Sneasler\n|-resisted|p1a: Sneasler|2\n|-damage|p1a: Sneasler|21/100\n|move|p1a: Sneasler|Dire Claw|p2a: Toxapex\n|-resisted|p2a: Toxapex|1\n|-damage|p2a: Toxapex|84/100\n|-status|p2a: Toxapex|par\n|\n|-heal|p2a: Toxapex|90/100 par|[from] item: Leftovers\n|-damage|p1a: Sneasler|8/100|[from] move: Infestation|[partiallytrapped]\n|-fieldend|move: Trick Room\n|upkeep\n|turn|8\n|-message|diisaa forfeited.\n|\n|win|bronzongbroomsvgc\n|raw|diisaa's rating: 1328 &rarr; <strong>1312</strong><br />(-16 for losing)\n|raw|bronzongbroomsvgc's rating: 1393 &rarr; <strong>1409</strong><br />(+16 for winning)\n|l|☆diisaa\n|player|p1|\n","uploadtime":1788389866,"views":"0","formatid":"gen9championsvgc2026regmbbo3","rating":1312,"private":0,"password":null}