{"id":"gen9championsvgc2026regmb-2674429032","format":"[Gen 9 Champions] VGC 2026 Reg M-B","players":["FunkleTrunk","pikachu10001"],"log":"|j|☆FunkleTrunk\n|j|☆pikachu10001\n|t:|1788358725\n|gametype|doubles\n|player|p1|FunkleTrunk|169|1061\n|player|p2|pikachu10001|102|1054\n|gen|9\n|tier|[Gen 9 Champions] VGC 2026 Reg M-B\n|rated|\n|rule|Species Clause: Limit one of each Pokémon\n|rule|Item Clause: Limit 1 of each item\n|clearpoke\n|poke|p1|Politoed, L50, M|\n|poke|p1|Pelipper, L50, M|\n|poke|p1|Grimmsnarl, L50, M|\n|poke|p1|Gengar, L50, F|\n|poke|p1|Incineroar, L50, F|\n|poke|p1|Sinistcha, L50|\n|poke|p2|Arcanine-Hisui, L50, F|\n|poke|p2|Staraptor, L50, M|\n|poke|p2|Sinistcha-Masterpiece, L50|\n|poke|p2|Charizard, L50, F|\n|poke|p2|Gholdengo, L50|\n|poke|p2|Ninetales-Alola, L50, F|\n|teampreview|4\n|\n|t:|1788358779\n|teamsize|p1|4\n|teamsize|p2|4\n|start\n|switch|p1a: Pelipper|Pelipper, L50, M|100/100\n|switch|p1b: Grimmsnarl|Grimmsnarl, L50, M|100/100\n|switch|p2a: Arcanine|Arcanine-Hisui, L50, F|100/100\n|switch|p2b: Staraptor|Staraptor, L50, M|100/100\n|-weather|RainDance|[from] ability: Drizzle|[of] p1a: Pelipper\n|turn|1\n|inactive|Battle timer is ON: inactive players will automatically lose when time's up. (requested by pikachu10001)\n|\n|t:|1788358830\n|detailschange|p2b: Staraptor|Staraptor-Mega, L50, M\n|-mega|p2b: Staraptor|Staraptor|Staraptite\n|move|p1b: Grimmsnarl|Fake Out|p2b: Staraptor\n|-damage|p2b: Staraptor|88/100\n|move|p2a: Arcanine|Head Smash|p1a: Pelipper\n|-supereffective|p1a: Pelipper|1\n|-enditem|p1a: Pelipper|Focus Sash\n|-damage|p1a: Pelipper|1/100\n|cant|p2b: Staraptor|flinch\n|move|p1a: Pelipper|U-turn|p2b: Staraptor\n|-resisted|p2b: Staraptor|2\n|-damage|p2b: Staraptor|86/100\n|\n|t:|1788358844\n|switch|p1a: Gengar|Gengar, L50, F|100/100|[from] U-turn\n|\n|-weather|RainDance|[upkeep]\n|upkeep\n|turn|2\n|\n|t:|1788358865\n|detailschange|p1a: Gengar|Gengar-Mega, L50, F\n|-mega|p1a: Gengar|Gengar|Gengarite\n|move|p1b: Grimmsnarl|Parting Shot|p2a: Arcanine\n|-unboost|p2a: Arcanine|atk|1\n|-unboost|p2a: Arcanine|spa|1\n|\n|t:|1788358873\n|switch|p1b: Pelipper|Pelipper, L50, M|1/100|[from] Parting Shot\n|move|p2a: Arcanine|Head Smash|p1b: Pelipper\n|-supereffective|p1b: Pelipper|1\n|-damage|p1b: Pelipper|0 fnt\n|faint|p1b: Pelipper\n|move|p2b: Staraptor|Brave Bird|p1a: Gengar\n|-damage|p1a: Gengar|28/100\n|-damage|p2b: Staraptor|61/100|[from] Recoil\n|move|p1a: Gengar|Perish Song|p1a: Gengar\n|-start|p1a: Gengar|perish3|[silent]\n|-start|p2a: Arcanine|perish3|[silent]\n|-start|p2b: Staraptor|perish3|[silent]\n|-fieldactivate|move: Perish Song\n|\n|-weather|RainDance|[upkeep]\n|-start|p2a: Arcanine|perish3\n|-start|p2b: Staraptor|perish3\n|-start|p1a: Gengar|perish3\n|upkeep\n|\n|t:|1788358891\n|switch|p1b: Politoed|Politoed, L50, M|100/100\n|turn|3\n|\n|t:|1788358908\n|move|p1a: Gengar|Protect|p1a: Gengar\n|-singleturn|p1a: Gengar|Protect\n|move|p2a: Arcanine|Head Smash|p1a: Gengar\n|-activate|p1a: Gengar|move: Protect\n|move|p2b: Staraptor|Close Combat|p1b: Politoed\n|-damage|p1b: Politoed|34/100\n|-boost|p2b: Staraptor|def|1\n|-boost|p2b: Staraptor|spd|1\n|move|p1b: Politoed|Muddy Water|p2b: Staraptor|[spread] p2a,p2b\n|-supereffective|p2a: Arcanine|2\n|-damage|p2a: Arcanine|0 fnt\n|-damage|p2b: Staraptor|33/100\n|-boost|p2b: Staraptor|accuracy|1\n|faint|p2a: Arcanine\n|\n|-weather|RainDance|[upkeep]\n|-heal|p1b: Politoed|40/100|[from] item: Leftovers\n|-start|p2b: Staraptor|perish2\n|-start|p1a: Gengar|perish2\n|upkeep\n|\n|t:|1788358914\n|switch|p2a: Ninetales|Ninetales-Alola, L50, F|100/100\n|-weather|Snowscape|[from] ability: Snow Warning|[of] p2a: Ninetales\n|turn|4\n|inactive|FunkleTrunk has 30 seconds left.\n|inactive|FunkleTrunk has 20 seconds left.\n|inactive|FunkleTrunk has 15 seconds left.\n|\n|t:|1788358954\n|switch|p1b: Grimmsnarl|Grimmsnarl, L50, M|100/100\n|move|p1a: Gengar|Protect|p1a: Gengar\n|-singleturn|p1a: Gengar|Protect\n|move|p2b: Staraptor|Close Combat|p1b: Grimmsnarl\n|-damage|p1b: Grimmsnarl|20/100y\n|-boost|p2b: Staraptor|def|1\n|-boost|p2b: Staraptor|spd|1\n|move|p2a: Ninetales|Aurora Veil|p2a: Ninetales\n|-sidestart|p2: pikachu10001|move: Aurora Veil\n|\n|-weather|Snowscape|[upkeep]\n|-start|p2b: Staraptor|perish1\n|-start|p1a: Gengar|perish1\n|upkeep\n|turn|5\n|inactive|FunkleTrunk has 30 seconds left.\n|\n|t:|1788358988\n|switch|p1a: Politoed|Politoed, L50, M|40/100\n|-weather|RainDance|[from] ability: Drizzle|[of] p1a: Politoed\n|move|p1b: Grimmsnarl|Fake Out|p2b: Staraptor\n|-damage|p2b: Staraptor|29/100\n|cant|p2b: Staraptor|flinch\n|move|p2a: Ninetales|Moonblast|p1b: Grimmsnarl\n|-supereffective|p1b: Grimmsnarl|1\n|-damage|p1b: Grimmsnarl|0 fnt\n|faint|p1b: Grimmsnarl\n|\n|-weather|RainDance|[upkeep]\n|-heal|p1a: Politoed|46/100|[from] item: Leftovers\n|-start|p2b: Staraptor|perish0\n|faint|p2b: Staraptor\n|upkeep\n|\n|t:|1788359000\n|switch|p2b: Sinistcha|Sinistcha-Masterpiece, L50|100/100\n|switch|p1b: Gengar|Gengar-Mega, L50, F|28/100\n|turn|6\n|\n|t:|1788359019\n|move|p2a: Ninetales|Blizzard|p1b: Gengar|[spread] p1a,p1b\n|-resisted|p1a: Politoed|1\n|-damage|p1a: Politoed|36/100\n|-damage|p1b: Gengar|0 fnt\n|faint|p1b: Gengar\n|move|p2b: Sinistcha|Matcha Gotcha|p1a: Politoed|[miss]\n|-miss|p2b: Sinistcha|p1a: Politoed\n|move|p1a: Politoed|Muddy Water|p2b: Sinistcha|[spread] p2a,p2b\n|-resisted|p2b: Sinistcha|1\n|-damage|p2a: Ninetales|80/100\n|-damage|p2b: Sinistcha|90/100\n|-unboost|p2b: Sinistcha|accuracy|1\n|\n|-weather|RainDance|[upkeep]\n|-heal|p1a: Politoed|42/100|[from] item: Leftovers\n|upkeep\n|turn|7\n|-message|FunkleTrunk forfeited.\n|\n|win|pikachu10001\n|raw|FunkleTrunk's rating: 1061 &rarr; <strong>1041</strong><br />(-20 for losing)\n|raw|pikachu10001's rating: 1054 &rarr; <strong>1087</strong><br />(+33 for winning)\n|l|☆FunkleTrunk\n|player|p1|\n|c|☆pikachu10001|Noob\n","uploadtime":1788359032,"views":"14","formatid":"gen9championsvgc2026regmb","rating":1041,"private":0,"password":null}