{"id":"gen9championsvgc2026regmbbo3-2673929034","format":"[Gen 9 Champions] VGC 2026 Reg M-B (Bo3)","players":["Buuuuushi","Joriot"],"log":"|j|☆Buuuuushi\n|j|☆Joriot\n|html|<table width=\"100%\"><tr><td align=\"left\">Buuuuushi</td><td align=\"right\">Joriot</tr><tr><td align=\"left\"><i class=\"fa fa-circle-o\"></i> <i class=\"fa fa-circle-o\"></i> </td><td align=\"right\"><i class=\"fa fa-circle-o\"></i> <i class=\"fa fa-circle-o\"></i> </tr></table>\n|uhtml|bestof|<h2><strong>Game 1</strong> of <a href=\"/game-bestof3-gen9championsvgc2026regmbbo3-2673929033\">a best-of-3</a></h2>\n|t:|1788278296\n|gametype|doubles\n|player|p1|Buuuuushi|crasherwake|1197\n|player|p2|Joriot|170|1248\n|gen|9\n|tier|[Gen 9 Champions] VGC 2026 Reg M-B (Bo3)\n|rated|\n|rule|Species Clause: Limit one of each Pokémon\n|rule|Item Clause: Limit 1 of each item\n|clearpoke\n|poke|p1|Scrafty, L50, F|\n|poke|p1|Mamoswine, L50, F|\n|poke|p1|Armarouge, L50, F|\n|poke|p1|Mawile, L50, F|\n|poke|p1|Farigiraf, L50, F|\n|poke|p1|Torkoal, L50, F|\n|poke|p2|Ninetales-Alola, L50, M, shiny|\n|poke|p2|Incineroar, L50, M|\n|poke|p2|Dragonite, L50, F, shiny|\n|poke|p2|Sneasler, L50, F|\n|poke|p2|Gengar, L50, F, shiny|\n|poke|p2|Swampert, L50, M|\n|teampreview|4\n|showteam|p1|Scrafty||Scraftinite|Intimidate|FakeOut,KnockOff,DrainPunch,IronHead|Adamant||F|||50|]Mamoswine||FocusSash|Oblivious|HighHorsepower,RockSlide,IceShard,Protect|Adamant||F|||50|]Armarouge||ColburBerry|FlashFire|ArmorCannon,EnergyBall,WideGuard,TrickRoom|Modest||F|||50|]Mawile||Mawilite|Intimidate|PlayRough,RockSlide,SuckerPunch,Protect|Brave||F|||50|]Farigiraf||SitrusBerry|ArmorTail|Psychic,TrickRoom,Thunderbolt,HelpingHand|Bold||F|||50|]Torkoal||Charcoal|Drought|Eruption,SolarBeam,WeatherBall,Protect|Quiet||F|||50|\n|showteam|p2|Ninetales-Alola||ChoiceScarf|SnowWarning|Blizzard,FreezeDry,IcyWind,Encore|Timid||M|||50|]Incineroar||SitrusBerry|Intimidate|FlareBlitz,ThroatChop,FakeOut,PartingShot|Impish||M|||50|]Dragonite||LifeOrb|InnerFocus|DragonClaw,Superpower,ExtremeSpeed,Protect|Adamant||F|||50|]Sneasler||FocusSash|Unburden|CloseCombat,DireClaw,RockSlide,Protect|Adamant||F|||50|]Gengar||Gengarite|CursedBody|SludgeBomb,ShadowBall,Substitute,Protect|Timid||F|||50|]Swampert||Leftovers|Torrent|HighHorsepower,FlipTurn,Yawn,Protect|Relaxed||M|||50|\n|\n|t:|1788278350\n|teamsize|p1|4\n|teamsize|p2|4\n|start\n|switch|p1a: Farigiraf|Farigiraf, L50, F|100/100\n|switch|p1b: Mamoswine|Mamoswine, L50, F|100/100\n|switch|p2a: Dragonite|Dragonite, L50, F, shiny|100/100\n|switch|p2b: Gengar|Gengar, L50, F, shiny|100/100\n|turn|1\n|\n|t:|1788278395\n|detailschange|p2b: Gengar|Gengar-Mega, L50, F, shiny\n|-mega|p2b: Gengar|Gengar|Gengarite\n|move|p1b: Mamoswine|Ice Shard|p2a: Dragonite\n|-supereffective|p2a: Dragonite|2\n|-damage|p2a: Dragonite|2/100\n|move|p2b: Gengar|Sludge Bomb|p1a: Farigiraf\n|-damage|p1a: Farigiraf|46/100\n|-enditem|p1a: Farigiraf|Sitrus Berry|[eat]\n|-heal|p1a: Farigiraf|71/100|[from] item: Sitrus Berry\n|move|p2a: Dragonite|Dragon Claw|p1a: Farigiraf\n|-damage|p1a: Farigiraf|21/100\n|-damage|p2a: Dragonite|0 fnt|[from] item: Life Orb\n|faint|p2a: Dragonite\n|move|p1a: Farigiraf|Trick Room|p1a: Farigiraf\n|-fieldstart|move: Trick Room|[of] p1a: Farigiraf\n|\n|upkeep\n|\n|t:|1788278419\n|switch|p2a: Swampert|Swampert, L50, M|100/100\n|turn|2\n|\n|t:|1788278438\n|move|p1b: Mamoswine|Protect|p1b: Mamoswine\n|-singleturn|p1b: Mamoswine|Protect\n|move|p2b: Gengar|Protect|p2b: Gengar\n|-singleturn|p2b: Gengar|Protect\n|move|p2a: Swampert|Flip Turn|p1b: Mamoswine\n|-activate|p1b: Mamoswine|move: Protect\n|move|p1a: Farigiraf|Psychic|p2b: Gengar\n|-activate|p2b: Gengar|move: Protect\n|\n|upkeep\n|turn|3\n|\n|t:|1788278459\n|switch|p2b: Incineroar|Incineroar, L50, M|100/100\n|-ability|p2b: Incineroar|Intimidate|boost\n|-unboost|p1a: Farigiraf|atk|1\n|-fail|p1b: Mamoswine|unboost|Attack|[from] ability: Oblivious|[of] p1b: Mamoswine\n|move|p1a: Farigiraf|Helping Hand|p1b: Mamoswine\n|-singleturn|p1b: Mamoswine|Helping Hand|[of] p1a: Farigiraf\n|move|p2a: Swampert|Flip Turn|p1b: Mamoswine\n|-supereffective|p1b: Mamoswine|1\n|-damage|p1b: Mamoswine|47/100\n|\n|t:|1788278468\n|switch|p2a: Gengar|Gengar-Mega, L50, F, shiny|100/100|[from] Flip Turn\n|move|p1b: Mamoswine|High Horsepower|p2b: Incineroar\n|-supereffective|p2b: Incineroar|1\n|-damage|p2b: Incineroar|0 fnt\n|faint|p2b: Incineroar\n|\n|upkeep\n|\n|t:|1788278472\n|switch|p2b: Swampert|Swampert, L50, M|100/100\n|turn|4\n|\n|t:|1788278511\n|move|p1a: Farigiraf|Helping Hand|p1b: Mamoswine\n|-singleturn|p1b: Mamoswine|Helping Hand|[of] p1a: Farigiraf\n|move|p2a: Gengar|Protect|p2a: Gengar\n|-singleturn|p2a: Gengar|Protect\n|move|p2b: Swampert|High Horsepower|p1a: Farigiraf\n|-damage|p1a: Farigiraf|0 fnt\n|faint|p1a: Farigiraf\n|move|p1b: Mamoswine|High Horsepower|p2b: Swampert\n|-damage|p2b: Swampert|35/100\n|\n|-heal|p2b: Swampert|41/100|[from] item: Leftovers\n|upkeep\n|\n|t:|1788278526\n|switch|p1a: Armarouge|Armarouge, L50, F|100/100\n|turn|5\n|\n|t:|1788278532\n|move|p2b: Swampert|Flip Turn|p1b: Mamoswine\n|-supereffective|p1b: Mamoswine|1\n|-damage|p1b: Mamoswine|0 fnt\n|faint|p1b: Mamoswine\n|move|p1a: Armarouge|Energy Ball|p2b: Swampert\n|-supereffective|p2b: Swampert|2\n|-damage|p2b: Swampert|0 fnt\n|faint|p2b: Swampert\n|move|p2a: Gengar|Shadow Ball|p1a: Armarouge\n|-supereffective|p1a: Armarouge|1\n|-damage|p1a: Armarouge|0 fnt\n|faint|p1a: Armarouge\n|\n|-fieldend|move: Trick Room\n|upkeep\n|\n|t:|1788278543\n|switch|p1b: Mawile|Mawile, L50, F|100/100\n|-ability|p1b: Mawile|Intimidate|boost\n|-unboost|p2a: Gengar|atk|1\n|turn|6\n|\n|t:|1788278557\n|detailschange|p1b: Mawile|Mawile-Mega, L50, F\n|-mega|p1b: Mawile|Mawile|Mawilite\n|move|p1b: Mawile|Sucker Punch||[still]\n|-fail|p1b: Mawile\n|move|p2a: Gengar|Substitute|p2a: Gengar\n|-start|p2a: Gengar|Substitute\n|-damage|p2a: Gengar|75/100\n|\n|upkeep\n|turn|7\n|\n|t:|1788278569\n|move|p2a: Gengar|Protect|p2a: Gengar\n|-singleturn|p2a: Gengar|Protect\n|move|p1b: Mawile|Rock Slide|p2a: Gengar\n|-activate|p2a: Gengar|move: Protect\n|\n|upkeep\n|turn|8\n|\n|t:|1788278574\n|move|p2a: Gengar|Shadow Ball|p1b: Mawile\n|-crit|p1b: Mawile\n|-damage|p1b: Mawile|24/100\n|move|p1b: Mawile|Rock Slide|p2a: Gengar\n|-end|p2a: Gengar|Substitute\n|\n|upkeep\n|turn|9\n|\n|t:|1788278586\n|move|p2a: Gengar|Protect|p2a: Gengar\n|-singleturn|p2a: Gengar|Protect\n|move|p1b: Mawile|Sucker Punch||[still]\n|-fail|p1b: Mawile\n|\n|upkeep\n|turn|10\n|\n|t:|1788278591\n|move|p2a: Gengar|Substitute|p2a: Gengar\n|-start|p2a: Gengar|Substitute\n|-damage|p2a: Gengar|50/100g\n|move|p1b: Mawile|Rock Slide|p2a: Gengar\n|-end|p2a: Gengar|Substitute\n|\n|upkeep\n|turn|11\n|\n|t:|1788278600\n|move|p1b: Mawile|Sucker Punch||[still]\n|-fail|p1b: Mawile\n|move|p2a: Gengar|Substitute|p2a: Gengar\n|-start|p2a: Gengar|Substitute\n|-damage|p2a: Gengar|26/100\n|\n|upkeep\n|turn|12\n|\n|t:|1788278605\n|move|p1b: Mawile|Protect|p1b: Mawile\n|-singleturn|p1b: Mawile|Protect\n|move|p2a: Gengar|Shadow Ball|p1b: Mawile\n|-activate|p1b: Mawile|move: Protect\n|\n|upkeep\n|turn|13\n|\n|t:|1788278611\n|move|p1b: Mawile|Sucker Punch|p2a: Gengar\n|-supereffective|p2a: Gengar|1\n|-end|p2a: Gengar|Substitute\n|move|p2a: Gengar|Shadow Ball|p1b: Mawile\n|-damage|p1b: Mawile|0 fnt\n|faint|p1b: Mawile\n|\n|win|Joriot\n","uploadtime":1788278615,"views":"0","formatid":"gen9championsvgc2026regmbbo3","rating":null,"private":0,"password":null}