{"id":"gen9championsvgc2026regmbbo3-2673774383","format":"[Gen 9 Champions] VGC 2026 Reg M-B (Bo3)","players":["tomct","simioini"],"log":"|j|☆tomct\n|j|☆simioini\n|html|<table width=\"100%\"><tr><td align=\"left\">tomct</td><td align=\"right\">simioini</tr><tr><td align=\"left\"><i class=\"fa fa-circle\"></i> <i class=\"fa fa-circle-o\"></i> </td><td align=\"right\"><i class=\"fa fa-circle-o\"></i> <i class=\"fa fa-circle\"></i> </tr></table>\n|uhtml|bestof|<h2><strong>Game 3</strong> of <a href=\"/game-bestof3-gen9championsvgc2026regmbbo3-2673772920\">a best-of-3</a></h2>\n|t:|1788253521\n|gametype|doubles\n|player|p1|tomct|1|1228\n|player|p2|simioini|265|1260\n|gen|9\n|tier|[Gen 9 Champions] VGC 2026 Reg M-B (Bo3)\n|rated|\n|rule|Species Clause: Limit one of each Pokémon\n|rule|Item Clause: Limit 1 of each item\n|clearpoke\n|poke|p1|Tyranitar, L50, M|\n|poke|p1|Excadrill, L50, F|\n|poke|p1|Gholdengo, L50|\n|poke|p1|Milotic, L50, M|\n|poke|p1|Sinistcha, L50|\n|poke|p1|Staraptor, L50, M|\n|poke|p2|Charizard, L50, M|\n|poke|p2|Whimsicott, L50, M|\n|poke|p2|Garchomp, L50, M|\n|poke|p2|Floette-Eternal, L50, F|\n|poke|p2|Kingambit, L50, F|\n|poke|p2|Basculegion, L50, M|\n|teampreview|4\n|showteam|p1|Tyranitar||Tyranitarite|SandStream|RockSlide,KnockOff,LowKick,Protect|Brave||M|||50|]Excadrill||FocusSash|SandRush|HighHorsepower,IronHead,RockSlide,Protect|Adamant||F|||50|]Gholdengo||LifeOrb|GoodasGold|MakeItRain,ShadowBall,NastyPlot,Protect|Modest|||||50|]Milotic||Leftovers|Competitive|Scald,IceBeam,IcyWind,Protect|Bold||M|||50|]Sinistcha||ColburBerry|Hospitality|MatchaGotcha,ShadowBall,RagePowder,Protect|Bold|||||50|]Staraptor||Staraptite|Intimidate|CloseCombat,BraveBird,Roost,Protect|Jolly||M|||50|\n|showteam|p2|Charizard||CharizarditeY|Blaze|HeatWave,WeatherBall,AncientPower,Protect|Timid||M|||50|]Whimsicott||FocusSash|Prankster|Moonblast,Tailwind,Encore,Protect|Timid||M|||50|]Garchomp||SitrusBerry|RoughSkin|Earthquake,DragonClaw,RockSlide,Protect|Jolly||M|||50|]Floette-Eternal||Floettite|FlowerVeil|DazzlingGleam,Moonblast,LightofRuin,Protect|Modest||F|||50|]Kingambit||OccaBerry|Defiant|KowtowCleave,IronHead,SuckerPunch,LowKick|Adamant||F|||50|]Basculegion||LifeOrb|Adaptability|WaveCrash,LastRespects,AquaJet,Protect|Adamant||M|||50|\n|inactive|Battle timer is ON: inactive players will automatically lose when time's up. (requested by tomct)\n|\n|t:|1788253538\n|teamsize|p1|4\n|teamsize|p2|4\n|start\n|switch|p1a: Staraptor|Staraptor, L50, M|100/100\n|switch|p1b: Milotic|Milotic, L50, M|100/100\n|switch|p2a: Basculegion|Basculegion, L50, M|100/100\n|switch|p2b: Whimsicott|Whimsicott, L50, M|100/100\n|-ability|p1a: Staraptor|Intimidate|boost\n|-unboost|p2a: Basculegion|atk|1\n|-unboost|p2b: Whimsicott|atk|1\n|turn|1\n|inactive|simioini has 30 seconds left.\n|\n|t:|1788253565\n|switch|p2a: Garchomp|Garchomp, L50, M|100/100\n|detailschange|p1a: Staraptor|Staraptor-Mega, L50, M\n|-mega|p1a: Staraptor|Staraptor|Staraptite\n|move|p2b: Whimsicott|Moonblast|p1a: Staraptor\n|-supereffective|p1a: Staraptor|1\n|-damage|p1a: Staraptor|6/100\n|move|p1a: Staraptor|Close Combat|p2b: Whimsicott\n|-resisted|p2b: Whimsicott|1\n|-damage|p2b: Whimsicott|54/100\n|-boost|p1a: Staraptor|def|1\n|-boost|p1a: Staraptor|spd|1\n|move|p1b: Milotic|Ice Beam|p2b: Whimsicott\n|-supereffective|p2b: Whimsicott|1\n|-damage|p2b: Whimsicott|0 fnt\n|faint|p2b: Whimsicott\n|\n|upkeep\n|\n|t:|1788253582\n|switch|p2b: Basculegion|Basculegion, L50, M|100/100\n|turn|2\n|\n|t:|1788253597\n|switch|p1b: Sinistcha|Sinistcha, L50|100/100\n|-heal|p1a: Staraptor|30/100|[from] ability: Hospitality|[of] p1b: Sinistcha\n|move|p1a: Staraptor|Protect|p1a: Staraptor\n|-singleturn|p1a: Staraptor|Protect\n|move|p2b: Basculegion|Aqua Jet|p1a: Staraptor\n|-activate|p1a: Staraptor|move: Protect\n|move|p2a: Garchomp|Dragon Claw|p1b: Sinistcha\n|-damage|p1b: Sinistcha|72/100\n|\n|upkeep\n|turn|3\n|\n|t:|1788253618\n|switch|p2a: Charizard|Charizard, L50, M|100/100\n|move|p2b: Basculegion|Protect|p2b: Basculegion\n|-singleturn|p2b: Basculegion|Protect\n|move|p1a: Staraptor|Close Combat|p2a: Charizard\n|-resisted|p2a: Charizard|1\n|-damage|p2a: Charizard|60/100\n|-boost|p1a: Staraptor|def|1\n|-boost|p1a: Staraptor|spd|1\n|move|p1b: Sinistcha|Shadow Ball|p2b: Basculegion\n|-activate|p2b: Basculegion|move: Protect\n|\n|upkeep\n|turn|4\n|\n|t:|1788253635\n|detailschange|p2a: Charizard|Charizard-Mega-Y, L50, M\n|-mega|p2a: Charizard|Charizard|Charizardite Y\n|-weather|SunnyDay|[from] ability: Drought|[of] p2a: Charizard\n|move|p1a: Staraptor|Protect|p1a: Staraptor\n|-singleturn|p1a: Staraptor|Protect\n|move|p1b: Sinistcha|Protect|p1b: Sinistcha\n|-singleturn|p1b: Sinistcha|Protect\n|move|p2a: Charizard|Heat Wave|p1a: Staraptor|[spread] \n|-activate|p1a: Staraptor|move: Protect\n|-activate|p1b: Sinistcha|move: Protect\n|move|p2b: Basculegion|Last Respects|p1b: Sinistcha\n|-activate|p1b: Sinistcha|move: Protect\n|\n|-weather|SunnyDay|[upkeep]\n|upkeep\n|turn|5\n|\n|t:|1788253650\n|switch|p1b: Tyranitar|Tyranitar, L50, M|100/100\n|-weather|Sandstorm|[from] ability: Sand Stream|[of] p1b: Tyranitar\n|move|p2a: Charizard|Protect|p2a: Charizard\n|-singleturn|p2a: Charizard|Protect\n|move|p1a: Staraptor|Roost|p1a: Staraptor\n|-heal|p1a: Staraptor|80/100\n|-singleturn|p1a: Staraptor|move: Roost\n|move|p2b: Basculegion|Wave Crash|p1a: Staraptor\n|-damage|p1a: Staraptor|26/100\n|-damage|p2b: Basculegion|85/100|[from] Recoil\n|-damage|p2b: Basculegion|75/100|[from] item: Life Orb\n|\n|-weather|Sandstorm|[upkeep]\n|-damage|p1a: Staraptor|20/100y|[from] Sandstorm\n|-damage|p2a: Charizard|54/100|[from] Sandstorm\n|-damage|p2b: Basculegion|69/100|[from] Sandstorm\n|upkeep\n|turn|6\n|\n|t:|1788253674\n|switch|p2a: Garchomp|Garchomp, L50, M|100/100\n|move|p2b: Basculegion|Aqua Jet|p1a: Staraptor\n|-damage|p1a: Staraptor|1/100\n|-damage|p2b: Basculegion|59/100|[from] item: Life Orb\n|move|p1a: Staraptor|Roost|p1a: Staraptor\n|-heal|p1a: Staraptor|51/100\n|-singleturn|p1a: Staraptor|move: Roost\n|move|p1b: Tyranitar|Knock Off|p2b: Basculegion\n|-supereffective|p2b: Basculegion|1\n|-damage|p2b: Basculegion|0 fnt\n|-enditem|p2b: Basculegion|Life Orb|[from] move: Knock Off|[of] p1b: Tyranitar\n|faint|p2b: Basculegion\n|\n|-weather|Sandstorm|[upkeep]\n|-damage|p1a: Staraptor|45/100|[from] Sandstorm\n|upkeep\n|\n|t:|1788253689\n|switch|p2b: Charizard|Charizard-Mega-Y, L50, M|54/100\n|-weather|SunnyDay|[from] ability: Drought|[of] p2b: Charizard\n|turn|7\n|\n|t:|1788253698\n|switch|p1b: Sinistcha|Sinistcha, L50|72/100\n|-heal|p1a: Staraptor|69/100|[from] ability: Hospitality|[of] p1b: Sinistcha\n|move|p1a: Staraptor|Protect|p1a: Staraptor\n|-singleturn|p1a: Staraptor|Protect\n|move|p2a: Garchomp|Earthquake|p1a: Staraptor|[spread] p1b\n|-activate|p1a: Staraptor|move: Protect\n|-immune|p2b: Charizard\n|-resisted|p1b: Sinistcha|1\n|-damage|p1b: Sinistcha|60/100\n|move|p2b: Charizard|Heat Wave|p1b: Sinistcha|[spread] p1b\n|-activate|p1a: Staraptor|move: Protect\n|-supereffective|p1b: Sinistcha|1\n|-damage|p1b: Sinistcha|0 fnt\n|faint|p1b: Sinistcha\n|\n|-weather|SunnyDay|[upkeep]\n|upkeep\n|\n|t:|1788253712\n|switch|p1b: Tyranitar|Tyranitar, L50, M|100/100\n|-weather|Sandstorm|[from] ability: Sand Stream|[of] p1b: Tyranitar\n|turn|8\n|\n|t:|1788253726\n|move|p1a: Staraptor|Close Combat|p2a: Garchomp\n|-crit|p2a: Garchomp\n|-damage|p2a: Garchomp|14/100\n|-boost|p1a: Staraptor|def|1\n|-boost|p1a: Staraptor|spd|1\n|-damage|p1a: Staraptor|57/100|[from] ability: Rough Skin|[of] p2a: Garchomp\n|-enditem|p2a: Garchomp|Sitrus Berry|[eat]\n|-heal|p2a: Garchomp|38/100|[from] item: Sitrus Berry\n|move|p2a: Garchomp|Earthquake|p1a: Staraptor|[spread] p1b\n|-immune|p2b: Charizard\n|-immune|p1a: Staraptor\n|-supereffective|p1b: Tyranitar|1\n|-damage|p1b: Tyranitar|47/100\n|move|p2b: Charizard|Weather Ball|p1a: Staraptor\n|-damage|p1a: Staraptor|39/100\n|move|p1b: Tyranitar|Rock Slide|p2b: Charizard|[spread] p2a,p2b\n|-resisted|p2a: Garchomp|1\n|-supereffective|p2b: Charizard|2\n|-crit|p2b: Charizard\n|-damage|p2a: Garchomp|23/100\n|-damage|p2b: Charizard|0 fnt\n|faint|p2b: Charizard\n|\n|-weather|Sandstorm|[upkeep]\n|-damage|p1a: Staraptor|33/100|[from] Sandstorm\n|upkeep\n|turn|9\n|\n|t:|1788253744\n|move|p1a: Staraptor|Close Combat|p2a: Garchomp\n|-crit|p2a: Garchomp\n|-damage|p2a: Garchomp|0 fnt\n|-boost|p1a: Staraptor|def|1\n|-boost|p1a: Staraptor|spd|1\n|-damage|p1a: Staraptor|20/100y|[from] ability: Rough Skin|[of] p2a: Garchomp\n|faint|p2a: Garchomp\n|\n|win|tomct\n|raw|tomct's rating: 1228 &rarr; <strong>1255</strong><br />(+27 for winning)\n|raw|simioini's rating: 1260 &rarr; <strong>1233</strong><br />(-27 for losing)\n","uploadtime":1788253745,"views":"5","formatid":"gen9championsvgc2026regmbbo3","rating":1233,"private":0,"password":null}