{"id":"gen9championsvgc2026regmb-2674031086","format":"[Gen 9 Champions] VGC 2026 Reg M-B","players":["Ramzo","Yoghurt25"],"log":"|j|☆Ramzo\n|j|☆Yoghurt25\n|t:|1788290333\n|gametype|doubles\n|player|p1|Ramzo|volo|1455\n|player|p2|Yoghurt25|2|1449\n|gen|9\n|tier|[Gen 9 Champions] VGC 2026 Reg M-B\n|rated|\n|rule|Species Clause: Limit one of each Pokémon\n|rule|Item Clause: Limit 1 of each item\n|clearpoke\n|poke|p1|Staraptor, L50, F|\n|poke|p1|Whimsicott, L50, M, shiny|\n|poke|p1|Glimmora, L50, M|\n|poke|p1|Garchomp, L50, F|\n|poke|p1|Delphox, L50, M|\n|poke|p1|Kingambit, L50, F, shiny|\n|poke|p2|Sinistcha, L50|\n|poke|p2|Incineroar, L50, M|\n|poke|p2|Blaziken, L50, F|\n|poke|p2|Ninetales-Alola, L50, F|\n|poke|p2|Mawile, L50, M|\n|poke|p2|Basculegion, L50, M|\n|teampreview|4\nYoghurt25 has agreed to open team sheets.\n|inactive|Battle timer is ON: inactive players will automatically lose when time's up. (requested by Ramzo)\nRamzo has agreed to open team sheets.\n|showteam|p1|Staraptor||Staraptite|Intimidate|BraveBird,CloseCombat,Roost,Protect|Jolly||F|||50|]Whimsicott||OccaBerry|Prankster|Moonblast,Tailwind,Charm,LightScreen|Timid||M|||50|]Glimmora||FocusSash|ToxicDebris|SludgeBomb,EarthPower,PowerGem,SpikyShield|Timid||M|||50|]Garchomp||LifeOrb|RoughSkin|Earthquake,DragonClaw,RockSlide,Protect|Jolly||F|||50|]Delphox||Delphoxite|Blaze|HeatWave,Psychic,Substitute,Protect|Timid||M|||50|]Kingambit||ChopleBerry|Defiant|KowtowCleave,IronHead,SuckerPunch,LowKick|Adamant||F|||50|\n|showteam|p2|Sinistcha||KasibBerry|Hospitality|MatchaGotcha,RagePowder,TrickRoom,Protect|Relaxed|||||50|]Incineroar||SitrusBerry|Intimidate|FlareBlitz,FakeOut,PartingShot,HelpingHand|Careful||M|||50|]Blaziken||Blazikenite|SpeedBoost|CloseCombat,FlareBlitz,RockSlide,Detect|Adamant||F|||50|]Ninetales-Alola||NeverMeltIce|SnowWarning|Blizzard,FreezeDry,Encore,Protect|Timid||F|||50|]Mawile||Mawilite|HyperCutter|PlayRough,IronHead,SuckerPunch,Protect|Adamant||M|||50|]Basculegion||LifeOrb|Adaptability|WaveCrash,LastRespects,AquaJet,Protect|Adamant||M|||50|\n|inactive|Ramzo has 60 seconds left.\n|inactive|Yoghurt25 has 60 seconds left.\n|inactive|Ramzo has 30 seconds left.\n|inactive|Ramzo has 20 seconds left.\n|inactive|Ramzo has 15 seconds left.\n|\n|t:|1788290424\n|teamsize|p1|4\n|teamsize|p2|4\n|start\n|switch|p1a: Whimsicott|Whimsicott, L50, M, shiny|100/100\n|switch|p1b: Glimmora|Glimmora, L50, M|100/100\n|switch|p2a: Incineroar|Incineroar, L50, M|100/100\n|switch|p2b: Mawile|Mawile, L50, M|100/100\n|-ability|p2a: Incineroar|Intimidate|boost\n|-unboost|p1a: Whimsicott|atk|1\n|-unboost|p1b: Glimmora|atk|1\n|turn|1\n|inactive|Yoghurt25 has 30 seconds left.\n|\n|t:|1788290454\n|switch|p1a: Garchomp|Garchomp, L50, F|100/100\n|detailschange|p2b: Mawile|Mawile-Mega, L50, M\n|-mega|p2b: Mawile|Mawile|Mawilite\n|move|p1b: Glimmora|Spiky Shield|p1b: Glimmora\n|-singleturn|p1b: Glimmora|move: Protect\n|move|p2a: Incineroar|Fake Out|p1a: Garchomp\n|-damage|p1a: Garchomp|90/100\n|-damage|p2a: Incineroar|87/100|[from] ability: Rough Skin|[of] p1a: Garchomp\n|move|p2b: Mawile|Iron Head|p1b: Glimmora\n|-activate|p1b: Glimmora|move: Protect\n|-damage|p2b: Mawile|87/100|[from] Spiky Shield|[of] p1b: Glimmora\n|\n|upkeep\n|turn|2\n|\n|t:|1788290475\n|switch|p1b: Whimsicott|Whimsicott, L50, M, shiny|100/100\n|switch|p2b: Sinistcha|Sinistcha, L50|100/100\n|-heal|p2a: Incineroar|100/100|[from] ability: Hospitality|[of] p2b: Sinistcha\n|move|p1a: Garchomp|Earthquake|p2a: Incineroar|[spread] p1b,p2a,p2b\n|-resisted|p1b: Whimsicott|1\n|-supereffective|p2a: Incineroar|1\n|-crit|p2a: Incineroar\n|-resisted|p2b: Sinistcha|1\n|-damage|p1b: Whimsicott|69/100\n|-damage|p2a: Incineroar|0 fnt\n|-damage|p2b: Sinistcha|80/100\n|faint|p2a: Incineroar\n|-damage|p1a: Garchomp|80/100|[from] item: Life Orb\n|\n|upkeep\n|\n|t:|1788290492\n|switch|p2a: Basculegion|Basculegion, L50, M|100/100\n|turn|3\n|\n|t:|1788290515\n|move|p1b: Whimsicott|Charm|p2a: Basculegion\n|-unboost|p2a: Basculegion|atk|2\n|move|p1a: Garchomp|Dragon Claw|p2b: Sinistcha\n|-damage|p2b: Sinistcha|34/100\n|-damage|p1a: Garchomp|70/100|[from] item: Life Orb\n|move|p2a: Basculegion|Last Respects|p1a: Garchomp\n|-damage|p1a: Garchomp|23/100\n|-damage|p2a: Basculegion|90/100|[from] item: Life Orb\n|move|p2b: Sinistcha|Trick Room|p2b: Sinistcha\n|-fieldstart|move: Trick Room|[of] p2b: Sinistcha\n|\n|upkeep\n|turn|4\n|\n|t:|1788290537\n|move|p1b: Whimsicott|Charm|p2a: Basculegion\n|-unboost|p2a: Basculegion|atk|2\n|move|p2b: Sinistcha|Matcha Gotcha|p1a: Garchomp|[spread] p1a,p1b\n|-resisted|p1b: Whimsicott|1\n|-damage|p1a: Garchomp|0 fnt\n|-heal|p2b: Sinistcha|46/100|[from] drain|[of] p1a: Garchomp\n|-damage|p1b: Whimsicott|50/100g\n|-heal|p2b: Sinistcha|54/100|[from] drain|[of] p1b: Whimsicott\n|-status|p1b: Whimsicott|brn\n|faint|p1a: Garchomp\n|move|p2a: Basculegion|Last Respects|p1b: Whimsicott\n|-damage|p1b: Whimsicott|12/100 brn\n|-damage|p2a: Basculegion|80/100|[from] item: Life Orb\n|\n|-damage|p1b: Whimsicott|6/100 brn|[from] brn\n|upkeep\n|\n|t:|1788290552\n|switch|p1a: Staraptor|Staraptor, L50, F|100/100\n|-ability|p1a: Staraptor|Intimidate|boost\n|-unboost|p2a: Basculegion|atk|1\n|-unboost|p2b: Sinistcha|atk|1\n|turn|5\n|\n|t:|1788290567\n|switch|p2a: Mawile|Mawile-Mega, L50, M|87/100\n|detailschange|p1a: Staraptor|Staraptor-Mega, L50, F\n|-mega|p1a: Staraptor|Staraptor|Staraptite\n|move|p2b: Sinistcha|Rage Powder|p2b: Sinistcha\n|-singleturn|p2b: Sinistcha|move: Rage Powder\n|move|p1b: Whimsicott|Charm|p1a: Staraptor\n|-boost|p1a: Staraptor|atk|2\n|move|p1a: Staraptor|Brave Bird|p2b: Sinistcha\n|-supereffective|p2b: Sinistcha|1\n|-crit|p2b: Sinistcha\n|-damage|p2b: Sinistcha|0 fnt\n|faint|p2b: Sinistcha\n|-damage|p1a: Staraptor|83/100|[from] Recoil\n|\n|-damage|p1b: Whimsicott|1/100 brn|[from] brn\n|upkeep\n|\n|t:|1788290582\n|switch|p2b: Basculegion|Basculegion, L50, M|80/100\n|turn|6\n|inactive|Ramzo has 30 seconds left.\n|inactive|Ramzo has 20 seconds left.\n|inactive|Ramzo has 15 seconds left.\n|inactive|Ramzo has 10 seconds left.\n|\n|t:|1788290631\n|switch|p1a: Glimmora|Glimmora, L50, M|100/100\n|move|p2b: Basculegion|Aqua Jet|p1b: Whimsicott\n|-resisted|p1b: Whimsicott|1\n|-damage|p1b: Whimsicott|0 fnt\n|faint|p1b: Whimsicott\n|-damage|p2b: Basculegion|71/100|[from] item: Life Orb\n|move|p2a: Mawile|Play Rough|p1a: Glimmora\n|-resisted|p1a: Glimmora|1\n|-crit|p1a: Glimmora\n|-damage|p1a: Glimmora|18/100\n|-activate|p1a: Glimmora|ability: Toxic Debris\n|-sidestart|p2: Yoghurt25|move: Toxic Spikes\n|\n|upkeep\n|j| koffeen\n|\n|t:|1788290639\n|switch|p1b: Staraptor|Staraptor-Mega, L50, F|83/100\n|turn|7\n|\n|t:|1788290651\n|move|p1a: Glimmora|Spiky Shield|p1a: Glimmora\n|-singleturn|p1a: Glimmora|move: Protect\n|move|p1b: Staraptor|Protect|p1b: Staraptor\n|-singleturn|p1b: Staraptor|Protect\n|move|p2b: Basculegion|Aqua Jet|p1a: Glimmora\n|-activate|p1a: Glimmora|move: Protect\n|-damage|p2b: Basculegion|59/100|[from] Spiky Shield|[of] p1a: Glimmora\n|move|p2a: Mawile|Play Rough|p1b: Staraptor\n|-activate|p1b: Staraptor|move: Protect\n|\n|-fieldend|move: Trick Room\n|upkeep\n|turn|8\n|inactive|Ramzo has 30 seconds left.\n|inactive|Ramzo has 20 seconds left.\n|inactive|Ramzo has 15 seconds left.\n|\n|t:|1788290693\n|move|p2b: Basculegion|Aqua Jet|p1a: Glimmora\n|-supereffective|p1a: Glimmora|1\n|-damage|p1a: Glimmora|0 fnt\n|-activate|p1a: Glimmora|ability: Toxic Debris\n|-sidestart|p2: Yoghurt25|move: Toxic Spikes\n|faint|p1a: Glimmora\n|-damage|p2b: Basculegion|49/100|[from] item: Life Orb\n|move|p1b: Staraptor|Close Combat|p2a: Mawile\n|-damage|p2a: Mawile|37/100\n|-boost|p1b: Staraptor|def|1\n|-boost|p1b: Staraptor|spd|1\n|move|p2a: Mawile|Play Rough|p1b: Staraptor\n|-supereffective|p1b: Staraptor|1\n|-damage|p1b: Staraptor|0 fnt\n|faint|p1b: Staraptor\n|\n|win|Yoghurt25\n|raw|Ramzo's rating: 1455 &rarr; <strong>1435</strong><br />(-20 for losing)\n|raw|Yoghurt25's rating: 1449 &rarr; <strong>1469</strong><br />(+20 for winning)\n|l|☆Ramzo\n|player|p1|\n","uploadtime":1788290710,"views":"4","formatid":"gen9championsvgc2026regmb","rating":1435,"private":0,"password":null}