{"id":"gen9championsvgc2026regmb-2674357043","format":"[Gen 9 Champions] VGC 2026 Reg M-B","players":["Pawah","G19V"],"log":"|j|☆Pawah\n|j|☆G19V\n|t:|1788348056\n|gametype|doubles\n|player|p1|Pawah|ethan|1092\n|player|p2|G19V|169|1157\n|gen|9\n|tier|[Gen 9 Champions] VGC 2026 Reg M-B\n|rated|\n|rule|Species Clause: Limit one of each Pokémon\n|rule|Item Clause: Limit 1 of each item\n|clearpoke\n|poke|p1|Froslass, L50, F|\n|poke|p1|Scovillain, L50, M, shiny|\n|poke|p1|Basculegion, L50, M|\n|poke|p1|Kingambit, L50, M|\n|poke|p1|Sneasler, L50, M|\n|poke|p1|Lycanroc-Dusk, L50, F|\n|poke|p2|Tyranitar, L50, M, shiny|\n|poke|p2|Staraptor, L50, F, shiny|\n|poke|p2|Basculegion, L50, M, shiny|\n|poke|p2|Scovillain, L50, M, shiny|\n|poke|p2|Farigiraf, L50, F, shiny|\n|poke|p2|Gholdengo, L50|\n|teampreview|4\n|inactive|Battle timer is ON: inactive players will automatically lose when time's up. (requested by Pawah)\n|inactive|G19V has 60 seconds left.\n|\n|t:|1788348098\n|teamsize|p1|4\n|teamsize|p2|4\n|start\n|switch|p1a: Scovillain|Scovillain, L50, M, shiny|100/100\n|switch|p1b: Kingambit|Kingambit, L50, M|100/100\n|switch|p2a: Eu|Farigiraf, L50, F, shiny|100/100\n|switch|p2b: Godzilla|Tyranitar, L50, M, shiny|100/100\n|-weather|Sandstorm|[from] ability: Sand Stream|[of] p2b: Godzilla\n|turn|1\n|\n|t:|1788348109\n|detailschange|p1a: Scovillain|Scovillain-Mega, L50, M, shiny\n|-mega|p1a: Scovillain|Scovillain|Scovillainite\n|move|p1a: Scovillain|Rage Powder|p1a: Scovillain\n|-singleturn|p1a: Scovillain|move: Rage Powder\n|move|p2b: Godzilla|Low Kick|p1a: Scovillain\n|-damage|p1a: Scovillain|84/100\n|-status|p2b: Godzilla|brn|[from] ability: Spicy Spray|[of] p1a: Scovillain\n|move|p2a: Eu|Psychic|p1a: Scovillain\n|-damage|p1a: Scovillain|33/100\n|-status|p2a: Eu|brn|[from] ability: Spicy Spray|[of] p1a: Scovillain\n|move|p1b: Kingambit|Swords Dance|p1b: Kingambit\n|-boost|p1b: Kingambit|atk|2\n|\n|-weather|Sandstorm|[upkeep]\n|-damage|p1a: Scovillain|27/100|[from] Sandstorm\n|-damage|p2a: Eu|93/100 brn|[from] Sandstorm\n|-damage|p2b: Godzilla|94/100 brn|[from] brn\n|-damage|p2a: Eu|87/100 brn|[from] brn\n|upkeep\n|turn|2\n|\n|t:|1788348123\n|move|p2b: Godzilla|Protect|p2b: Godzilla\n|-singleturn|p2b: Godzilla|Protect\n|move|p1a: Scovillain|Rage Powder|p1a: Scovillain\n|-singleturn|p1a: Scovillain|move: Rage Powder\n|move|p2a: Eu|Psychic|p1a: Scovillain\n|-crit|p1a: Scovillain\n|-damage|p1a: Scovillain|0 fnt\n|faint|p1a: Scovillain\n|move|p1b: Kingambit|Kowtow Cleave|p2a: Eu\n|-supereffective|p2a: Eu|1\n|-damage|p2a: Eu|0 fnt\n|faint|p2a: Eu\n|\n|-weather|Sandstorm|[upkeep]\n|-damage|p2b: Godzilla|88/100 brn|[from] brn\n|upkeep\n|\n|t:|1788348133\n|switch|p1a: Lycanroc|Lycanroc-Dusk, L50, F|100/100\n|switch|p2a: Rock.bird|Staraptor, L50, F, shiny|100/100\n|-ability|p2a: Rock.bird|Intimidate|boost\n|-unboost|p1a: Lycanroc|atk|1\n|-unboost|p1b: Kingambit|atk|1\n|-ability|p1b: Kingambit|Defiant|boost\n|-boost|p1b: Kingambit|atk|2\n|turn|3\n|\n|t:|1788348144\n|detailschange|p2a: Rock.bird|Staraptor-Mega, L50, F, shiny\n|-mega|p2a: Rock.bird|Staraptor|Staraptite\n|move|p1b: Kingambit|Protect|p1b: Kingambit\n|-singleturn|p1b: Kingambit|Protect\n|move|p2a: Rock.bird|Close Combat|p1b: Kingambit\n|-activate|p1b: Kingambit|move: Protect\n|move|p1a: Lycanroc|Close Combat|p2b: Godzilla\n|-supereffective|p2b: Godzilla|2\n|-enditem|p2b: Godzilla|Chople Berry|[eat]\n|-enditem|p2b: Godzilla|Chople Berry|[weaken]\n|-damage|p2b: Godzilla|26/100 brn\n|-unboost|p1a: Lycanroc|def|1\n|-unboost|p1a: Lycanroc|spd|1\n|move|p2b: Godzilla|Low Kick|p1a: Lycanroc\n|-supereffective|p1a: Lycanroc|1\n|-damage|p1a: Lycanroc|42/100\n|\n|-weather|Sandstorm|[upkeep]\n|-damage|p2a: Rock.bird|93/100|[from] Sandstorm\n|-damage|p2b: Godzilla|20/100y brn|[from] brn\n|upkeep\n|turn|4\n|inactive|Pawah has 30 seconds left.\n|\n|t:|1788348172\n|move|p1a: Lycanroc|Accelerock|p2a: Rock.bird\n|-damage|p2a: Rock.bird|72/100\n|move|p1b: Kingambit|Sucker Punch|p2a: Rock.bird\n|-resisted|p2a: Rock.bird|1\n|-damage|p2a: Rock.bird|3/100\n|move|p2a: Rock.bird|Close Combat|p1b: Kingambit\n|-supereffective|p1b: Kingambit|2\n|-damage|p1b: Kingambit|0 fnt\n|-boost|p2a: Rock.bird|def|1\n|-boost|p2a: Rock.bird|spd|1\n|faint|p1b: Kingambit\n|move|p2b: Godzilla|Low Kick|p1a: Lycanroc\n|-supereffective|p1a: Lycanroc|1\n|-damage|p1a: Lycanroc|0 fnt\n|faint|p1a: Lycanroc\n|\n|-weather|Sandstorm|[upkeep]\n|-damage|p2a: Rock.bird|0 fnt|[from] Sandstorm\n|faint|p2a: Rock.bird\n|-damage|p2b: Godzilla|14/100 brn|[from] brn\n|upkeep\n|\n|t:|1788348179\n|switch|p2a: Bagre|Basculegion, L50, M, shiny|100/100\n|switch|p1b: Basculegion|Basculegion, L50, M|100/100\n|turn|5\n|\n|t:|1788348188\n|move|p1b: Basculegion|Protect|p1b: Basculegion\n|-singleturn|p1b: Basculegion|Protect\n|move|p2a: Bagre|Last Respects|p1b: Basculegion\n|-activate|p1b: Basculegion|move: Protect\n|move|p2b: Godzilla|Knock Off|p1b: Basculegion\n|-activate|p1b: Basculegion|move: Protect\n|\n|-weather|none\n|-damage|p2b: Godzilla|9/100 brn|[from] brn\n|upkeep\n|turn|6\n|\n|t:|1788348193\n|move|p2a: Bagre|Last Respects|p1b: Basculegion\n|-supereffective|p1b: Basculegion|1\n|-damage|p1b: Basculegion|0 fnt\n|faint|p1b: Basculegion\n|\n|win|G19V\n|raw|Pawah's rating: 1092 &rarr; <strong>1073</strong><br />(-19 for losing)\n|raw|G19V's rating: 1157 &rarr; <strong>1177</strong><br />(+20 for winning)\n","uploadtime":1788348194,"views":"1","formatid":"gen9championsvgc2026regmb","rating":1073,"private":0,"password":null}