{"id":"gen9championsvgc2026regmbbo3-2674190650","format":"[Gen 9 Champions] VGC 2026 Reg M-B (Bo3)","players":["ZMegasOnFraudWatch","kingsrowbajax"],"log":"|j|☆ZMegasOnFraudWatch\n|j|☆kingsrowbajax\n|html|<table width=\"100%\"><tr><td align=\"left\">ZMegasOnFraudWatch</td><td align=\"right\">kingsrowbajax</tr><tr><td align=\"left\"><i class=\"fa fa-circle\"></i> <i class=\"fa fa-circle-o\"></i> </td><td align=\"right\"><i class=\"fa fa-circle-o\"></i> <i class=\"fa fa-circle-o\"></i> </tr></table>\n|uhtml|bestof|<h2><strong>Game 2</strong> of <a href=\"/game-bestof3-gen9championsvgc2026regmbbo3-2674189237\">a best-of-3</a></h2>\n|t:|1788312874\n|gametype|doubles\n|player|p1|ZMegasOnFraudWatch|psychic-gen2|1444\n|player|p2|kingsrowbajax|265|1236\n|gen|9\n|tier|[Gen 9 Champions] VGC 2026 Reg M-B (Bo3)\n|rated|\n|rule|Species Clause: Limit one of each Pokémon\n|rule|Item Clause: Limit 1 of each item\n|clearpoke\n|poke|p1|Scovillain, L50, M, shiny|\n|poke|p1|Basculegion, L50, M|\n|poke|p1|Kingambit, L50, F|\n|poke|p1|Sneasler, L50, M|\n|poke|p1|Lycanroc-Dusk, L50, M|\n|poke|p1|Froslass, L50, F|\n|poke|p2|Blastoise, L50, F|\n|poke|p2|Delphox, L50, F|\n|poke|p2|Sinistcha, L50|\n|poke|p2|Kingambit, L50, M|\n|poke|p2|Sneasler, L50, M|\n|poke|p2|Incineroar, L50, M|\n|teampreview|4\n|showteam|p1|Scovillain||Scovillainite|Moody|GigaDrain,Overheat,RagePowder,Protect|Bold||M|||50|]Basculegion||LifeOrb|Adaptability|WaveCrash,LastRespects,AquaJet,Protect|Adamant||M|||50|]Kingambit||BlackGlasses|Defiant|KowtowCleave,SuckerPunch,SwordsDance,Protect|Adamant||F|||50|]Sneasler||WhiteHerb|Unburden|FakeOut,GunkShot,CloseCombat,Protect|Adamant||M|||50|]Lycanroc-Dusk||FocusSash|ToughClaws|CloseCombat,Accelerock,RockSlide,Protect|Adamant||M|||50|]Froslass||Froslassite|CursedBody|Blizzard,ShadowBall,AuroraVeil,Protect|Timid||F|||50|\n|showteam|p2|Blastoise||Blastoisinite|RainDish|WaterSpout,DarkPulse,ShellSmash,Protect|Modest||F|||50|]Delphox||Delphoxite|Blaze|HeatWave,Psychic,NastyPlot,Protect|Timid||F|||50|]Sinistcha||ColburBerry|Hospitality|MatchaGotcha,RagePowder,TrickRoom,Protect|Bold|||||50|]Kingambit||LifeOrb|Defiant|KowtowCleave,SuckerPunch,SwordsDance,Protect|Adamant||M|||50|]Sneasler||FocusSash|PoisonTouch|FakeOut,PoisonJab,CloseCombat,QuickGuard|Jolly||M|||50|]Incineroar||SitrusBerry|Intimidate|FakeOut,FlareBlitz,ThroatChop,PartingShot|Careful||M|||50|\n|inactive|Battle timer is ON: inactive players will automatically lose when time's up. (requested by ZMegasOnFraudWatch)\n|\n|t:|1788312936\n|teamsize|p1|4\n|teamsize|p2|4\n|start\n|switch|p1a: BooPauls Veil Race|Froslass, L50, F|100/100\n|switch|p1b: Lil Specca|Basculegion, L50, M|100/100\n|switch|p2a: Blastoise|Blastoise, L50, F|100/100\n|switch|p2b: Kingambit|Kingambit, L50, M|100/100\n|turn|1\n|\n|t:|1788312965\n|detailschange|p1a: BooPauls Veil Race|Froslass-Mega, L50, F\n|-mega|p1a: BooPauls Veil Race|Froslass|Froslassite\n|-weather|Snowscape|[from] ability: Snow Warning|[of] p1a: BooPauls Veil Race\n|detailschange|p2a: Blastoise|Blastoise-Mega, L50, F\n|-mega|p2a: Blastoise|Blastoise|Blastoisinite\n|move|p1a: BooPauls Veil Race|Aurora Veil|p1a: BooPauls Veil Race\n|-sidestart|p1: ZMegasOnFraudWatch|move: Aurora Veil\n|move|p1b: Lil Specca|Wave Crash|p2b: Kingambit\n|-damage|p2b: Kingambit|16/100\n|-damage|p1b: Lil Specca|71/100|[from] Recoil\n|-damage|p1b: Lil Specca|61/100|[from] item: Life Orb\n|move|p2a: Blastoise|Dark Pulse|p1b: Lil Specca\n|-supereffective|p1b: Lil Specca|1\n|-damage|p1b: Lil Specca|0 fnt\n|faint|p1b: Lil Specca\n|move|p2b: Kingambit|Kowtow Cleave|p1a: BooPauls Veil Race\n|-supereffective|p1a: BooPauls Veil Race|1\n|-damage|p1a: BooPauls Veil Race|20/100y\n|-damage|p2b: Kingambit|6/100|[from] item: Life Orb\n|\n|-weather|Snowscape|[upkeep]\n|upkeep\n|\n|t:|1788312975\n|switch|p1b: Hardly Know Her|Sneasler, L50, M|100/100\n|turn|2\n|inactive|kingsrowbajax has 30 seconds left.\n|\n|t:|1788313006\n|switch|p2b: Sinistcha|Sinistcha, L50|100/100\n|move|p2a: Blastoise|Protect|p2a: Blastoise\n|-singleturn|p2a: Blastoise|Protect\n|move|p1a: BooPauls Veil Race|Shadow Ball|p2b: Sinistcha\n|-supereffective|p2b: Sinistcha|1\n|-damage|p2b: Sinistcha|28/100\n|move|p1b: Hardly Know Her|Close Combat|p2a: Blastoise\n|-activate|p2a: Blastoise|move: Protect\n|\n|-weather|Snowscape|[upkeep]\n|upkeep\n|turn|3\n|inactive|kingsrowbajax has 30 seconds left.\n|inactive|kingsrowbajax has 20 seconds left.\n|\n|t:|1788313041\n|move|p2b: Sinistcha|Rage Powder|p2b: Sinistcha\n|-singleturn|p2b: Sinistcha|move: Rage Powder\n|move|p1a: BooPauls Veil Race|Blizzard|p2b: Sinistcha|[spread] p2a,p2b\n|-resisted|p2a: Blastoise|1\n|-supereffective|p2b: Sinistcha|1\n|-damage|p2a: Blastoise|82/100\n|-damage|p2b: Sinistcha|0 fnt\n|faint|p2b: Sinistcha\n|move|p1b: Hardly Know Her|Close Combat|p2a: Blastoise\n|-damage|p2a: Blastoise|31/100\n|-unboost|p1b: Hardly Know Her|def|1\n|-unboost|p1b: Hardly Know Her|spd|1\n|-enditem|p1b: Hardly Know Her|White Herb\n|-clearnegativeboost|p1b: Hardly Know Her|[silent]\n|move|p2a: Blastoise|Dark Pulse|p1a: BooPauls Veil Race\n|-supereffective|p1a: BooPauls Veil Race|1\n|-damage|p1a: BooPauls Veil Race|0 fnt\n|faint|p1a: BooPauls Veil Race\n|\n|-weather|Snowscape|[upkeep]\n|upkeep\n|\n|t:|1788313059\n|switch|p1a: KTC Choppa|Kingambit, L50, F|100/100\n|switch|p2b: Incineroar|Incineroar, L50, M|100/100\n|-ability|p2b: Incineroar|Intimidate|boost\n|-unboost|p1a: KTC Choppa|atk|1\n|-ability|p1a: KTC Choppa|Defiant|boost\n|-boost|p1a: KTC Choppa|atk|2\n|-unboost|p1b: Hardly Know Her|atk|1\n|turn|4\n|\n|t:|1788313077\n|move|p2b: Incineroar|Fake Out|p1b: Hardly Know Her\n|-damage|p1b: Hardly Know Her|89/100\n|cant|p1b: Hardly Know Her|flinch\n|move|p2a: Blastoise|Shell Smash|p2a: Blastoise\n|-unboost|p2a: Blastoise|def|1\n|-unboost|p2a: Blastoise|spd|1\n|-boost|p2a: Blastoise|atk|2\n|-boost|p2a: Blastoise|spa|2\n|-boost|p2a: Blastoise|spe|2\n|move|p1a: KTC Choppa|Kowtow Cleave|p2a: Blastoise\n|-damage|p2a: Blastoise|0 fnt\n|faint|p2a: Blastoise\n|\n|-weather|Snowscape|[upkeep]\n|upkeep\n|\n|t:|1788313090\n|switch|p2a: Kingambit|Kingambit, L50, M|6/100\n|turn|5\n|\n|t:|1788313105\n|move|p1a: KTC Choppa|Sucker Punch|p2b: Incineroar\n|-resisted|p2b: Incineroar|1\n|-damage|p2b: Incineroar|66/100\n|move|p1b: Hardly Know Her|Close Combat|p2b: Incineroar\n|-supereffective|p2b: Incineroar|1\n|-damage|p2b: Incineroar|0 fnt\n|-unboost|p1b: Hardly Know Her|def|1\n|-unboost|p1b: Hardly Know Her|spd|1\n|faint|p2b: Incineroar\n|move|p2a: Kingambit|Swords Dance|p2a: Kingambit\n|-boost|p2a: Kingambit|atk|2\n|\n|-weather|none\n|-sideend|p1: ZMegasOnFraudWatch|move: Aurora Veil\n|upkeep\n|turn|6\n|\n|t:|1788313120\n|move|p1b: Hardly Know Her|Close Combat|p2a: Kingambit\n|-supereffective|p2a: Kingambit|2\n|-damage|p2a: Kingambit|0 fnt\n|-unboost|p1b: Hardly Know Her|def|1\n|-unboost|p1b: Hardly Know Her|spd|1\n|faint|p2a: Kingambit\n|\n|win|ZMegasOnFraudWatch\n|raw|ZMegasOnFraudWatch's rating: 1444 &rarr; <strong>1453</strong><br />(+9 for winning)\n|raw|kingsrowbajax's rating: 1236 &rarr; <strong>1224</strong><br />(-12 for losing)\n","uploadtime":1788313121,"views":"0","formatid":"gen9championsvgc2026regmbbo3","rating":1224,"private":0,"password":null}