{"id":"gen9championsvgc2026regmbbo3-2674928578","format":"[Gen 9 Champions] VGC 2026 Reg M-B (Bo3)","players":["MinasDevilCrobats","Nonnyvibrant"],"log":"|j|☆MinasDevilCrobats\n|j|☆Nonnyvibrant\n|html|<table width=\"100%\"><tr><td align=\"left\">MinasDevilCrobats</td><td align=\"right\">Nonnyvibrant</tr><tr><td align=\"left\"><i class=\"fa fa-circle\"></i> <i class=\"fa fa-circle-o\"></i> </td><td align=\"right\"><i class=\"fa fa-circle-o\"></i> <i class=\"fa fa-circle\"></i> </tr></table>\n|uhtml|bestof|<h2><strong>Game 3</strong> of <a href=\"/game-bestof3-gen9championsvgc2026regmbbo3-2674925069\">a best-of-3</a></h2>\n|t:|1788437506\n|gametype|doubles\n|player|p1|MinasDevilCrobats|darach-caitlin|1229\n|player|p2|Nonnyvibrant|169|1179\n|gen|9\n|tier|[Gen 9 Champions] VGC 2026 Reg M-B (Bo3)\n|rated|\n|rule|Species Clause: Limit one of each Pokémon\n|rule|Item Clause: Limit 1 of each item\n|clearpoke\n|poke|p1|Grimmsnarl, L50, M|\n|poke|p1|Staraptor, L50, M|\n|poke|p1|Tyranitar, L50, M|\n|poke|p1|Excadrill, L50, F|\n|poke|p1|Milotic, L50, M|\n|poke|p1|Wyrdeer, L50, M|\n|poke|p2|Blastoise, L50, M|\n|poke|p2|Delphox, L50, M|\n|poke|p2|Sinistcha-Masterpiece, L50|\n|poke|p2|Sneasler, L50, F|\n|poke|p2|Kingambit, L50, M|\n|poke|p2|Incineroar, L50, M|\n|teampreview|4\n|showteam|p1|Grimmsnarl||LightClay|Prankster|DazzlingGleam,LightScreen,Reflect,PartingShot|Calm||M|||50|]Staraptor||Staraptite|Intimidate|CloseCombat,BraveBird,Tailwind,Protect|Jolly||M|||50|]Tyranitar||PasshoBerry|SandStream|RockSlide,LashOut,Superpower,Protect|Adamant||M|||50|]Excadrill||LifeOrb|SandRush|HighHorsepower,IronHead,RockSlide,Protect|Adamant||F|||50|]Milotic||Leftovers|Competitive|Scald,IceBeam,WeatherBall,Protect|Quiet||M|||50|]Wyrdeer||SitrusBerry|Intimidate|Psychic,EnergyBall,TrickRoom,SkillSwap|Calm||M|||50|\n|showteam|p2|Blastoise||Blastoisinite|RainDish|WaterSpout,DarkPulse,ShellSmash,Protect|Modest||M|||50|]Delphox||Delphoxite|Blaze|HeatWave,Psychic,NastyPlot,Protect|Timid||M|||50|]Sinistcha-Masterpiece||ColburBerry|Hospitality|MatchaGotcha,RagePowder,TrickRoom,Protect|Bold|||||50|]Sneasler||FocusSash|PoisonTouch|FakeOut,PoisonJab,CloseCombat,QuickGuard|Jolly||F|||50|]Kingambit||LifeOrb|Defiant|KowtowCleave,SuckerPunch,SwordsDance,Protect|Adamant||M|||50|]Incineroar||SitrusBerry|Intimidate|FakeOut,FlareBlitz,ThroatChop,PartingShot|Careful||M|||50|\n|inactive|Battle timer is ON: inactive players will automatically lose when time's up. (requested by Nonnyvibrant)\n|\n|t:|1788437542\n|teamsize|p1|4\n|teamsize|p2|4\n|start\n|switch|p1a: Wyrdeer|Wyrdeer, L50, M|100/100\n|switch|p1b: Grimmsnarl|Grimmsnarl, L50, M|100/100\n|switch|p2a: Incineroar|Incineroar, L50, M|100/100\n|switch|p2b: Blastoise|Blastoise, L50, M|100/100\n|-ability|p2a: Incineroar|Intimidate|boost\n|-unboost|p1a: Wyrdeer|atk|1\n|-unboost|p1b: Grimmsnarl|atk|1\n|-ability|p1a: Wyrdeer|Intimidate|boost\n|-unboost|p2a: Incineroar|atk|1\n|-unboost|p2b: Blastoise|atk|1\n|turn|1\n|inactive|Nonnyvibrant has 30 seconds left.\n|\n|t:|1788437571\n|detailschange|p2b: Blastoise|Blastoise-Mega, L50, M\n|-mega|p2b: Blastoise|Blastoise|Blastoisinite\n|move|p2a: Incineroar|Fake Out|p1b: Grimmsnarl\n|-damage|p1b: Grimmsnarl|92/100\n|cant|p1b: Grimmsnarl|flinch\n|move|p2b: Blastoise|Water Spout|p1a: Wyrdeer|[spread] p1a,p1b\n|-damage|p1a: Wyrdeer|50/100g\n|-damage|p1b: Grimmsnarl|37/100\n|move|p1a: Wyrdeer|Trick Room|p1a: Wyrdeer\n|-fieldstart|move: Trick Room|[of] p1a: Wyrdeer\n|\n|upkeep\n|turn|2\n|\n|t:|1788437593\n|move|p2b: Blastoise|Protect|p2b: Blastoise\n|-singleturn|p2b: Blastoise|Protect\n|move|p1b: Grimmsnarl|Parting Shot|p2b: Blastoise\n|-activate|p2b: Blastoise|move: Protect\n|move|p1a: Wyrdeer|Skill Swap|p2a: Incineroar\n|-activate|p1a: Wyrdeer|Skill Swap|Intimidate|Intimidate|[of] p2a: Incineroar\n|-ability|p2a: Incineroar|Intimidate|boost\n|-unboost|p1a: Wyrdeer|atk|1\n|-unboost|p1b: Grimmsnarl|atk|1\n|-ability|p1a: Wyrdeer|Intimidate|boost\n|-unboost|p2a: Incineroar|atk|1\n|-unboost|p2b: Blastoise|atk|1\n|move|p2a: Incineroar|Throat Chop|p1a: Wyrdeer\n|-supereffective|p1a: Wyrdeer|1\n|-damage|p1a: Wyrdeer|13/100\n|-start|p1a: Wyrdeer|Throat Chop|[silent]\n|-enditem|p1a: Wyrdeer|Sitrus Berry|[eat]\n|-heal|p1a: Wyrdeer|38/100|[from] item: Sitrus Berry\n|\n|upkeep\n|turn|3\n|inactive|Nonnyvibrant has 30 seconds left.\n|inactive|Nonnyvibrant has 20 seconds left.\n|\n|t:|1788437630\n|switch|p2b: Sinistcha|Sinistcha-Masterpiece, L50|100/100\n|move|p1b: Grimmsnarl|Parting Shot|p2b: Sinistcha\n|-unboost|p2b: Sinistcha|atk|1\n|-unboost|p2b: Sinistcha|spa|1\n|\n|t:|1788437635\n|switch|p1b: Milotic|Milotic, L50, M|100/100|[from] Parting Shot\n|move|p1a: Wyrdeer|Skill Swap|p2a: Incineroar\n|-activate|p1a: Wyrdeer|Skill Swap|Intimidate|Intimidate|[of] p2a: Incineroar\n|-ability|p2a: Incineroar|Intimidate|boost\n|-unboost|p1a: Wyrdeer|atk|1\n|-unboost|p1b: Milotic|atk|1\n|-ability|p1b: Milotic|Competitive|boost\n|-boost|p1b: Milotic|spa|2\n|-ability|p1a: Wyrdeer|Intimidate|boost\n|-unboost|p2a: Incineroar|atk|1\n|-unboost|p2b: Sinistcha|atk|1\n|move|p2a: Incineroar|Throat Chop|p1a: Wyrdeer\n|-supereffective|p1a: Wyrdeer|1\n|-damage|p1a: Wyrdeer|10/100\n|\n|-end|p1a: Wyrdeer|Throat Chop|[silent]\n|upkeep\n|turn|4\n|\n|t:|1788437659\n|move|p1a: Wyrdeer|Psychic|p2b: Sinistcha\n|-damage|p2b: Sinistcha|69/100\n|move|p1b: Milotic|Ice Beam|p2b: Sinistcha\n|-supereffective|p2b: Sinistcha|1\n|-damage|p2b: Sinistcha|0 fnt\n|faint|p2b: Sinistcha\n|move|p2a: Incineroar|Parting Shot|p1a: Wyrdeer\n|-unboost|p1a: Wyrdeer|atk|1\n|-unboost|p1a: Wyrdeer|spa|1\n|\n|t:|1788437677\n|switch|p2a: Blastoise|Blastoise-Mega, L50, M|100/100|[from] Parting Shot\n|\n|upkeep\n|\n|t:|1788437684\n|switch|p2b: Sneasler|Sneasler, L50, F|100/100\n|turn|5\n|\n|t:|1788437693\n|move|p2a: Blastoise|Protect|p2a: Blastoise\n|-singleturn|p2a: Blastoise|Protect\n|move|p2b: Sneasler|Fake Out|p1a: Wyrdeer\n|-damage|p1a: Wyrdeer|0 fnt\n|faint|p1a: Wyrdeer\n|move|p1b: Milotic|Scald|p2a: Blastoise\n|-activate|p2a: Blastoise|move: Protect\n|\n|-fieldend|move: Trick Room\n|upkeep\n|\n|t:|1788437700\n|switch|p1a: Staraptor|Staraptor, L50, M|100/100\n|-ability|p1a: Staraptor|Intimidate|boost\n|-unboost|p2a: Blastoise|atk|1\n|-unboost|p2b: Sneasler|atk|1\n|turn|6\n|\n|t:|1788437714\n|detailschange|p1a: Staraptor|Staraptor-Mega, L50, M\n|-mega|p1a: Staraptor|Staraptor|Staraptite\n|move|p2b: Sneasler|Poison Jab|p1b: Milotic\n|-damage|p1b: Milotic|69/100\n|-status|p1b: Milotic|psn|[from] ability: Poison Touch|[of] p2b: Sneasler\n|move|p1a: Staraptor|Close Combat|p2a: Blastoise\n|-damage|p2a: Blastoise|42/100\n|-boost|p1a: Staraptor|def|1\n|-boost|p1a: Staraptor|spd|1\n|move|p2a: Blastoise|Dark Pulse|p1b: Milotic\n|-damage|p1b: Milotic|36/100 psn\n|move|p1b: Milotic|Scald|p2b: Sneasler\n|-enditem|p2b: Sneasler|Focus Sash\n|-damage|p2b: Sneasler|1/100\n|\n|-heal|p1b: Milotic|42/100 psn|[from] item: Leftovers\n|-damage|p1b: Milotic|30/100 psn|[from] psn\n|upkeep\n|turn|7\n|\n|t:|1788437738\n|move|p2a: Blastoise|Protect|p2a: Blastoise\n|-singleturn|p2a: Blastoise|Protect\n|move|p2b: Sneasler|Poison Jab|p1a: Staraptor\n|-damage|p1a: Staraptor|79/100\n|move|p1a: Staraptor|Close Combat|p2a: Blastoise\n|-activate|p2a: Blastoise|move: Protect\n|move|p1b: Milotic|Scald|p2b: Sneasler\n|-damage|p2b: Sneasler|0 fnt\n|faint|p2b: Sneasler\n|\n|-heal|p1b: Milotic|36/100 psn|[from] item: Leftovers\n|-damage|p1b: Milotic|23/100 psn|[from] psn\n|upkeep\n|\n|t:|1788437747\n|switch|p2b: Incineroar|Incineroar, L50, M|100/100\n|-ability|p2b: Incineroar|Intimidate|boost\n|-boost|p1a: Staraptor|atk|1\n|-unboost|p1b: Milotic|atk|1\n|-ability|p1b: Milotic|Competitive|boost\n|-boost|p1b: Milotic|spa|2\n|turn|8\n|-message|Nonnyvibrant forfeited.\n|\n|win|MinasDevilCrobats\n|raw|MinasDevilCrobats's rating: 1229 &rarr; <strong>1250</strong><br />(+21 for winning)\n|raw|Nonnyvibrant's rating: 1179 &rarr; <strong>1158</strong><br />(-21 for losing)\n","uploadtime":1788437755,"views":"0","formatid":"gen9championsvgc2026regmbbo3","rating":1158,"private":0,"password":null}