{"id":"gen9championsvgc2026regmb-2674615629","format":"[Gen 9 Champions] VGC 2026 Reg M-B","players":["rueler18","conngfan"],"log":"|j|☆rueler18\n|j|☆conngfan\n|t:|1788380639\n|gametype|doubles\n|player|p1|rueler18|102|1468\n|player|p2|conngfan|arven-s|1563\n|gen|9\n|tier|[Gen 9 Champions] VGC 2026 Reg M-B\n|rated|\n|rule|Species Clause: Limit one of each Pokémon\n|rule|Item Clause: Limit 1 of each item\n|clearpoke\n|poke|p1|Blastoise, L50, M|\n|poke|p1|Delphox, L50, M|\n|poke|p1|Sinistcha-Masterpiece, L50|\n|poke|p1|Sneasler, L50, F|\n|poke|p1|Kingambit, L50, M|\n|poke|p1|Incineroar, L50, M|\n|poke|p2|Aerodactyl, L50, M|\n|poke|p2|Raichu, L50, F|\n|poke|p2|Sneasler, L50, M|\n|poke|p2|Sylveon, L50, M|\n|poke|p2|Kingambit, L50, M|\n|poke|p2|Tsareena, L50, F|\n|teampreview|4\n|inactive|Battle timer is ON: inactive players will automatically lose when time's up. (requested by conngfan)\n|j| Ddawg55\n|inactive|rueler18 has 60 seconds left.\n|inactive|conngfan has 60 seconds left.\n|\n|t:|1788380697\n|teamsize|p1|4\n|teamsize|p2|4\n|start\n|switch|p1a: Delphox|Delphox, L50, M|100/100\n|switch|p1b: Sneasler|Sneasler, L50, F|100/100\n|switch|p2a: Raichu|Raichu, L50, F|100/100\n|switch|p2b: Kingambit|Kingambit, L50, M|100/100\n|turn|1\n|\n|t:|1788380717\n|detailschange|p1a: Delphox|Delphox-Mega, L50, M\n|-mega|p1a: Delphox|Delphox|Delphoxite\n|detailschange|p2a: Raichu|Raichu-Mega-Y, L50, F\n|-mega|p2a: Raichu|Raichu|Raichunite Y\n|move|p1a: Delphox|Protect|p1a: Delphox\n|-singleturn|p1a: Delphox|Protect\n|move|p2a: Raichu|Fake Out|p1b: Sneasler\n|-damage|p1b: Sneasler|85/100\n|cant|p1b: Sneasler|flinch\n|move|p2b: Kingambit|Kowtow Cleave|p1a: Delphox\n|-activate|p1a: Delphox|move: Protect\n|\n|upkeep\n|turn|2\n|\n|t:|1788380734\n|switch|p2b: Aerodactyl|Aerodactyl, L50, M|100/100\n|-ability|p2b: Aerodactyl|Unnerve\n|move|p1a: Delphox|Nasty Plot|p1a: Delphox\n|-boost|p1a: Delphox|spa|2\n|move|p2a: Raichu|Zap Cannon|p1a: Delphox\n|-damage|p1a: Delphox|43/100\n|-status|p1a: Delphox|par\n|move|p1b: Sneasler|Close Combat|p2b: Aerodactyl\n|-damage|p2b: Aerodactyl|13/100\n|-unboost|p1b: Sneasler|def|1\n|-unboost|p1b: Sneasler|spd|1\n|-status|p2b: Aerodactyl|psn|[from] ability: Poison Touch|[of] p1b: Sneasler\n|\n|-damage|p2b: Aerodactyl|1/100 psn|[from] psn\n|upkeep\n|turn|3\n|l| Ddawg55\n|\n|t:|1788380755\n|move|p1a: Delphox|Protect|p1a: Delphox\n|-singleturn|p1a: Delphox|Protect\n|move|p2b: Aerodactyl|Rock Slide|p1b: Sneasler|[spread] p1b\n|-activate|p1a: Delphox|move: Protect\n|-resisted|p1b: Sneasler|1\n|-damage|p1b: Sneasler|54/100\n|move|p2a: Raichu|Zap Cannon|p1b: Sneasler\n|-damage|p1b: Sneasler|0 fnt\n|faint|p1b: Sneasler\n|\n|-damage|p2b: Aerodactyl|0 fnt|[from] psn\n|faint|p2b: Aerodactyl\n|upkeep\n|\n|t:|1788380769\n|switch|p2b: Sylveon|Sylveon, L50, M|100/100\n|switch|p1b: Incineroar|Incineroar, L50, M|100/100\n|-ability|p1b: Incineroar|Intimidate|boost\n|-unboost|p2a: Raichu|atk|1\n|-unboost|p2b: Sylveon|atk|1\n|turn|4\n|\n|t:|1788380778\n|move|p2a: Raichu|Protect|p2a: Raichu\n|-singleturn|p2a: Raichu|Protect\n|move|p2b: Sylveon|Protect|p2b: Sylveon\n|-singleturn|p2b: Sylveon|Protect\n|move|p1b: Incineroar|Fake Out|p2a: Raichu\n|-activate|p2a: Raichu|move: Protect\n|move|p1a: Delphox|Heat Wave|p2a: Raichu|[spread] \n|-activate|p2a: Raichu|move: Protect\n|-activate|p2b: Sylveon|move: Protect\n|\n|upkeep\n|turn|5\n|\n|t:|1788380793\n|switch|p1b: Kingambit|Kingambit, L50, M|100/100\n|move|p1a: Delphox|Protect|p1a: Delphox\n|-singleturn|p1a: Delphox|Protect\n|move|p2a: Raichu|Zap Cannon|p1b: Kingambit\n|-damage|p1b: Kingambit|38/100\n|-status|p1b: Kingambit|par\n|move|p2b: Sylveon|Hyper Voice|p1b: Kingambit|[spread] p1b\n|-activate|p1a: Delphox|move: Protect\n|-damage|p1b: Kingambit|0 fnt\n|faint|p1b: Kingambit\n|\n|upkeep\n|\n|t:|1788380805\n|switch|p1b: Incineroar|Incineroar, L50, M|100/100\n|-ability|p1b: Incineroar|Intimidate|boost\n|-unboost|p2a: Raichu|atk|1\n|-unboost|p2b: Sylveon|atk|1\n|turn|6\n|-message|rueler18 forfeited.\n|\n|win|conngfan\n|raw|rueler18's rating: 1468 &rarr; <strong>1453</strong><br />(-15 for losing)\n|raw|conngfan's rating: 1563 &rarr; <strong>1578</strong><br />(+15 for winning)\n","uploadtime":1788380810,"views":"5","formatid":"gen9championsvgc2026regmb","rating":1453,"private":0,"password":null}