{"id":"gen9championsvgc2026regmb-2673917030","format":"[Gen 9 Champions] VGC 2026 Reg M-B","players":["gadhadga","magmar8130"],"log":"|j|☆gadhadga\n|j|☆magmar8130\n|t:|1788276852\n|gametype|doubles\n|player|p1|gadhadga|1|1040\n|player|p2|magmar8130|101|1122\n|gen|9\n|tier|[Gen 9 Champions] VGC 2026 Reg M-B\n|rated|\n|rule|Species Clause: Limit one of each Pokémon\n|rule|Item Clause: Limit 1 of each item\n|clearpoke\n|poke|p1|Palafin, L50, F, shiny|\n|poke|p1|Incineroar, L50, F|\n|poke|p1|Sinistcha, L50|\n|poke|p1|Aerodactyl, L50, M|\n|poke|p1|Floette-Eternal, L50, F|\n|poke|p1|Sneasler, L50, M|\n|poke|p2|Alcremie, L50, F|\n|poke|p2|Goodra-Hisui, L50, M|\n|poke|p2|Golurk, L50|\n|poke|p2|Armarouge, L50, F|\n|poke|p2|Hydrapple, L50, F, shiny|\n|poke|p2|Glaceon, L50, M|\n|teampreview|4\n|inactive|Battle timer is ON: inactive players will automatically lose when time's up. (requested by magmar8130)\n|inactive|gadhadga also wants the timer to be on.\n|inactive|magmar8130 has 60 seconds left.\n|\n|t:|1788276882\n|teamsize|p1|4\n|teamsize|p2|4\n|start\n|switch|p1a: Palafin|Palafin, L50, F, shiny|100/100\n|switch|p1b: Incineroar|Incineroar, L50, F|100/100\n|switch|p2a: Armarouge|Armarouge, L50, F|100/100\n|switch|p2b: Hydrapple|Hydrapple, L50, F, shiny|100/100\n|-ability|p1b: Incineroar|Intimidate|boost\n|-unboost|p2a: Armarouge|atk|1\n|-unboost|p2b: Hydrapple|atk|1\n|turn|1\n|\n|t:|1788276895\n|detailschange|p1a: Palafin|Palafin-Hero, L50, F, shiny\n|switch|p1a: Sneasler|Sneasler, L50, M|100/100\n|move|p2a: Armarouge|Protect|p2a: Armarouge\n|-singleturn|p2a: Armarouge|Protect\n|move|p2b: Hydrapple|Protect|p2b: Hydrapple\n|-singleturn|p2b: Hydrapple|Protect\n|move|p1b: Incineroar|Throat Chop|p2a: Armarouge\n|-activate|p2a: Armarouge|move: Protect\n|\n|upkeep\n|turn|2\n|\n|t:|1788276910\n|move|p1a: Sneasler|Fake Out|p2a: Armarouge\n|-damage|p2a: Armarouge|90/100\n|move|p1b: Incineroar|Throat Chop|p2a: Armarouge\n|-supereffective|p2a: Armarouge|1\n|-enditem|p2a: Armarouge|Colbur Berry|[eat]\n|-enditem|p2a: Armarouge|Colbur Berry|[weaken]\n|-damage|p2a: Armarouge|67/100\n|-start|p2a: Armarouge|Throat Chop|[silent]\n|move|p2b: Hydrapple|Nasty Plot|p2b: Hydrapple\n|-boost|p2b: Hydrapple|spa|2\n|cant|p2a: Armarouge|flinch\n|\n|upkeep\n|turn|3\n|\n|t:|1788276923\n|move|p2b: Hydrapple|Protect|p2b: Hydrapple\n|-singleturn|p2b: Hydrapple|Protect\n|move|p1a: Sneasler|Dire Claw|p2b: Hydrapple\n|-activate|p2b: Hydrapple|move: Protect\n|move|p1b: Incineroar|Parting Shot|p2b: Hydrapple\n|-activate|p2b: Hydrapple|move: Protect\n|move|p2a: Armarouge|Trick Room|p2a: Armarouge\n|-fieldstart|move: Trick Room|[of] p2a: Armarouge\n|\n|-end|p2a: Armarouge|Throat Chop|[silent]\n|upkeep\n|turn|4\n|\n|t:|1788276940\n|move|p1a: Sneasler|Protect|p1a: Sneasler\n|-singleturn|p1a: Sneasler|Protect\n|move|p2b: Hydrapple|Fickle Beam|p1a: Sneasler\n|-activate|p1a: Sneasler|move: Protect\n|move|p1b: Incineroar|Parting Shot|p2a: Armarouge\n|-unboost|p2a: Armarouge|atk|1\n|-unboost|p2a: Armarouge|spa|1\n|\n|t:|1788276942\n|switch|p1b: Sinistcha|Sinistcha, L50|100/100|[from] Parting Shot\n|move|p2a: Armarouge|Psychic|p1a: Sneasler\n|-activate|p1a: Sneasler|move: Protect\n|\n|upkeep\n|turn|5\n|\n|t:|1788276951\n|move|p1b: Sinistcha|Rage Powder|p1b: Sinistcha\n|-singleturn|p1b: Sinistcha|move: Rage Powder\n|move|p2b: Hydrapple|Giga Drain|p1a: Sneasler\n|-resisted|p1a: Sneasler|1\n|-damage|p1a: Sneasler|40/100\n|move|p2a: Armarouge|Armor Cannon|p1b: Sinistcha\n|-supereffective|p1b: Sinistcha|1\n|-damage|p1b: Sinistcha|31/100\n|-unboost|p2a: Armarouge|def|1\n|-unboost|p2a: Armarouge|spd|1\n|-enditem|p1b: Sinistcha|Sitrus Berry|[eat]\n|-heal|p1b: Sinistcha|56/100|[from] item: Sitrus Berry\n|move|p1a: Sneasler|Dire Claw|p2b: Hydrapple\n|-supereffective|p2b: Hydrapple|1\n|-damage|p2b: Hydrapple|23/100\n|-status|p2b: Hydrapple|par\n|\n|-heal|p2b: Hydrapple|30/100 par|[from] item: Leftovers\n|upkeep\n|turn|6\n|\n|t:|1788276976\n|switch|p2a: Goodra|Goodra-Hisui, L50, M|100/100\n|switch|p1a: Incineroar|Incineroar, L50, F|100/100\n|-ability|p1a: Incineroar|Intimidate|boost\n|-unboost|p2a: Goodra|atk|1\n|-unboost|p2b: Hydrapple|atk|1\n|move|p1b: Sinistcha|Protect|p1b: Sinistcha\n|-singleturn|p1b: Sinistcha|Protect\n|move|p2b: Hydrapple|Giga Drain|p1a: Incineroar\n|-resisted|p1a: Incineroar|1\n|-damage|p1a: Incineroar|63/100\n|-heal|p2b: Hydrapple|47/100 par|[from] drain|[of] p1a: Incineroar\n|\n|-heal|p2b: Hydrapple|53/100 par|[from] item: Leftovers\n|upkeep\n|turn|7\n|\n|t:|1788276999\n|move|p2b: Hydrapple|Protect|p2b: Hydrapple\n|-singleturn|p2b: Hydrapple|Protect\n|move|p2a: Goodra|Life Dew||[still]|[spread] p2a,p2b\n|-fail|p2a: Goodra|heal\n|-heal|p2b: Hydrapple|78/100 par\n|move|p1a: Incineroar|Parting Shot|p2b: Hydrapple\n|-activate|p2b: Hydrapple|move: Protect\n|move|p1b: Sinistcha|Matcha Gotcha|p2a: Goodra|[spread] \n|-activate|p2b: Hydrapple|move: Protect\n|-ability|p2a: Goodra|Sap Sipper|boost\n|-boost|p2a: Goodra|atk|1\n|\n|-heal|p2b: Hydrapple|84/100 par|[from] item: Leftovers\n|-fieldend|move: Trick Room\n|upkeep\n|turn|8\n|\n|t:|1788277016\n|switch|p1b: Sneasler|Sneasler, L50, M|40/100\n|move|p1a: Incineroar|Parting Shot|p2a: Goodra\n|-unboost|p2a: Goodra|atk|1\n|-unboost|p2a: Goodra|spa|1\n|\n|t:|1788277019\n|switch|p1a: Sinistcha|Sinistcha, L50|56/100|[from] Parting Shot\n|-heal|p1b: Sneasler|65/100|[from] ability: Hospitality|[of] p1a: Sinistcha\n|move|p2a: Goodra|Dragon Cheer|p2b: Hydrapple\n|-start|p2b: Hydrapple|move: Dragon Cheer\n|move|p2b: Hydrapple|Fickle Beam|p1a: Sinistcha\n|-crit|p1a: Sinistcha\n|-damage|p1a: Sinistcha|0 fnt\n|faint|p1a: Sinistcha\n|\n|-heal|p2b: Hydrapple|90/100 par|[from] item: Leftovers\n|upkeep\n|\n|t:|1788277021\n|switch|p1a: Incineroar|Incineroar, L50, F|63/100\n|-ability|p1a: Incineroar|Intimidate|boost\n|-unboost|p2a: Goodra|atk|1\n|-unboost|p2b: Hydrapple|atk|1\n|turn|9\n|\n|t:|1788277035\n|move|p2b: Hydrapple|Protect|p2b: Hydrapple\n|-singleturn|p2b: Hydrapple|Protect\n|move|p1a: Incineroar|Fake Out|p2b: Hydrapple\n|-activate|p2b: Hydrapple|move: Protect\n|move|p1b: Sneasler|Close Combat|p2a: Goodra\n|-supereffective|p2a: Goodra|1\n|-damage|p2a: Goodra|0 fnt\n|-unboost|p1b: Sneasler|def|1\n|-unboost|p1b: Sneasler|spd|1\n|faint|p2a: Goodra\n|-enditem|p1b: Sneasler|White Herb\n|-clearnegativeboost|p1b: Sneasler|[silent]\n|\n|-heal|p2b: Hydrapple|96/100 par|[from] item: Leftovers\n|upkeep\n|\n|t:|1788277046\n|switch|p2a: Golurk|Golurk, L50|100/100\n|turn|10\n|\n|t:|1788277058\n|detailschange|p2a: Golurk|Golurk-Mega, L50\n|-mega|p2a: Golurk|Golurk|Golurkite\n|move|p1b: Sneasler|Dire Claw|p2b: Hydrapple\n|-supereffective|p2b: Hydrapple|1\n|-damage|p2b: Hydrapple|26/100 par\n|move|p1a: Incineroar|Flare Blitz|p2b: Hydrapple\n|-damage|p2b: Hydrapple|0 fnt\n|faint|p2b: Hydrapple\n|-damage|p1a: Incineroar|54/100|[from] Recoil\n|move|p2a: Golurk|Headlong Rush|p1a: Incineroar\n|-supereffective|p1a: Incineroar|1\n|-damage|p1a: Incineroar|0 fnt\n|-unboost|p2a: Golurk|def|1\n|-unboost|p2a: Golurk|spd|1\n|faint|p1a: Incineroar\n|\n|upkeep\n|\n|t:|1788277071\n|switch|p1a: Palafin|Palafin-Hero, L50, F, shiny|100/100\n|switch|p2b: Armarouge|Armarouge, L50, F|67/100\n|-activate|p1a: Palafin|ability: Zero to Hero\n|turn|11\n|\n|t:|1788277081\n|move|p1b: Sneasler|Dire Claw|p2b: Armarouge\n|-damage|p2b: Armarouge|34/100\n|-status|p2b: Armarouge|psn\n|move|p1a: Palafin|Wave Crash|p2a: Golurk\n|-supereffective|p2a: Golurk|1\n|-damage|p2a: Golurk|0 fnt\n|faint|p2a: Golurk\n|-damage|p1a: Palafin|63/100|[from] Recoil\n|-damage|p1a: Palafin|54/100|[from] item: Life Orb\n|move|p2b: Armarouge|Trick Room|p2b: Armarouge\n|-fieldstart|move: Trick Room|[of] p2b: Armarouge\n|\n|-damage|p2b: Armarouge|21/100 psn|[from] psn\n|upkeep\n|turn|12\n|\n|t:|1788277094\n|move|p1a: Palafin|Jet Punch|p2b: Armarouge\n|-supereffective|p2b: Armarouge|1\n|-damage|p2b: Armarouge|0 fnt\n|faint|p2b: Armarouge\n|-damage|p1a: Palafin|44/100|[from] item: Life Orb\n|\n|win|gadhadga\n|raw|gadhadga's rating: 1040 &rarr; <strong>1082</strong><br />(+42 for winning)\n|raw|magmar8130's rating: 1122 &rarr; <strong>1091</strong><br />(-31 for losing)\n|l|☆magmar8130\n|player|p2|\n","uploadtime":1788277183,"views":"17","formatid":"gen9championsvgc2026regmb","rating":1082,"private":0,"password":null}