{"id":"gen9championsvgc2026regmbbo3-2674762413","format":"[Gen 9 Champions] VGC 2026 Reg M-B (Bo3)","players":["Parkerthegreat","stupidchungusmoron"],"log":"|j|☆Parkerthegreat\n|j|☆stupidchungusmoron\n|html|<table width=\"100%\"><tr><td align=\"left\">Parkerthegreat</td><td align=\"right\">stupidchungusmoron</tr><tr><td align=\"left\"><i class=\"fa fa-circle-o\"></i> <i class=\"fa fa-circle-o\"></i> </td><td align=\"right\"><i class=\"fa fa-circle-o\"></i> <i class=\"fa fa-circle-o\"></i> </tr></table>\n|uhtml|bestof|<h2><strong>Game 1</strong> of <a href=\"/game-bestof3-gen9championsvgc2026regmbbo3-2674762410\">a best-of-3</a></h2>\n|t:|1788402233\n|gametype|doubles\n|player|p1|Parkerthegreat|cynthia-gen4|1031\n|player|p2|stupidchungusmoron|guzma|1074\n|gen|9\n|tier|[Gen 9 Champions] VGC 2026 Reg M-B (Bo3)\n|rated|\n|rule|Species Clause: Limit one of each Pokémon\n|rule|Item Clause: Limit 1 of each item\n|clearpoke\n|poke|p1|Gengar, L50, M, shiny|\n|poke|p1|Sableye, L50, F|\n|poke|p1|Incineroar, L50, M|\n|poke|p1|Swampert, L50, M|\n|poke|p1|Pelipper, L50, M, shiny|\n|poke|p1|Sinistcha-Masterpiece, L50|\n|poke|p2|Lycanroc-Dusk, L50, F|\n|poke|p2|Scovillain, L50, M, shiny|\n|poke|p2|Froslass, L50, F, shiny|\n|poke|p2|Basculegion, L50, M, shiny|\n|poke|p2|Kingambit, L50, M|\n|poke|p2|Sneasler, L50, F|\n|teampreview|4\n|showteam|p1|Gengar||Gengarite|CursedBody|PerishSong,Protect,Disable,ShadowBall|Timid||M|||50|]Sableye||SitrusBerry|Prankster|Protect,Disable,FakeOut,Encore|Serious||F|||50|]Incineroar||WhiteHerb|Intimidate|FakeOut,CloseCombat,FlareBlitz,DarkestLariat|Adamant||M|||50|]Swampert||Swampertite|Torrent|WaveCrash,RockSlide,Earthquake,Protect|Adamant||M|||50|]Pelipper||FocusSash|Drizzle|WeatherBall,Hurricane,Tailwind,Protect|Calm||M|||50|]Sinistcha-Masterpiece||Leftovers|Hospitality|RagePowder,Protect,ShadowBall,MatchaGotcha|Calm|||||50|\n|showteam|p2|Lycanroc-Dusk||FocusSash|ToughClaws|Accelerock,RockSlide,Protect,CloseCombat|Adamant||F|||50|]Scovillain||Scovillainite|Chlorophyll|RagePowder,GigaDrain,Overheat,Protect|Bold||M|||50|]Froslass||Froslassite|SnowCloak|Blizzard,Protect,ShadowBall,AuroraVeil|Timid||F|||50|]Basculegion||LifeOrb|Adaptability|WaveCrash,LastRespects,AquaJet,Protect|Jolly||M|||50|]Kingambit||BlackGlasses|Defiant|SuckerPunch,SwordsDance,KowtowCleave,Protect|Adamant||M|||50|]Sneasler||WhiteHerb|Unburden|CloseCombat,Protect,FakeOut,DireClaw|Adamant||F|||50|\n|inactive|Battle timer is ON: inactive players will automatically lose when time's up. (requested by stupidchungusmoron)\n|inactive|Parkerthegreat also wants the timer to be on.\n|inactive|Parkerthegreat has 60 seconds left.\n|inactive|stupidchungusmoron has 60 seconds left.\n|inactive|stupidchungusmoron has 30 seconds left.\n|inactive|stupidchungusmoron has 20 seconds left.\n|\n|t:|1788402304\n|teamsize|p1|4\n|teamsize|p2|4\n|start\n|switch|p1a: Swampert|Swampert, L50, M|100/100\n|switch|p1b: Pelipper|Pelipper, L50, M, shiny|100/100\n|switch|p2a: Morduga Scorpion|Scovillain, L50, M, shiny|100/100\n|switch|p2b: Wing Wing|Kingambit, L50, M|100/100\n|-weather|RainDance|[from] ability: Drizzle|[of] p1b: Pelipper\n|turn|1\n|inactive|Parkerthegreat has 30 seconds left.\n|inactive|stupidchungusmoron has 30 seconds left.\n|inactive|Parkerthegreat has 20 seconds left.\n|inactive|stupidchungusmoron has 20 seconds left.\n|inactive|Parkerthegreat has 15 seconds left.\n|inactive|stupidchungusmoron has 15 seconds left.\n|inactive|stupidchungusmoron has 10 seconds left.\n|\n|t:|1788402354\n|detailschange|p1a: Swampert|Swampert-Mega, L50, M\n|-mega|p1a: Swampert|Swampert|Swampertite\n|detailschange|p2a: Morduga Scorpion|Scovillain-Mega, L50, M, shiny\n|-mega|p2a: Morduga Scorpion|Scovillain|Scovillainite\n|move|p1a: Swampert|Earthquake|p2a: Morduga Scorpion|[spread] p2a,p2b\n|-immune|p1b: Pelipper\n|-supereffective|p2b: Wing Wing|1\n|-damage|p2a: Morduga Scorpion|58/100\n|-damage|p2b: Wing Wing|33/100\n|-status|p1a: Swampert|brn|[from] ability: Spicy Spray|[of] p2a: Morduga Scorpion\n|move|p1b: Pelipper|Hurricane|p2a: Morduga Scorpion\n|-supereffective|p2a: Morduga Scorpion|1\n|-damage|p2a: Morduga Scorpion|0 fnt\n|-status|p1b: Pelipper|brn|[from] ability: Spicy Spray|[of] p2a: Morduga Scorpion\n|faint|p2a: Morduga Scorpion\n|move|p2b: Wing Wing|Swords Dance|p2b: Wing Wing\n|-boost|p2b: Wing Wing|atk|2\n|\n|-weather|RainDance|[upkeep]\n|-damage|p1a: Swampert|93/100 brn|[from] brn\n|-damage|p1b: Pelipper|94/100 brn|[from] brn\n|upkeep\n|\n|t:|1788402376\n|switch|p2a: Fishler|Basculegion, L50, M, shiny|100/100\n|turn|2\n|\n|t:|1788402383\n|move|p1a: Swampert|Protect|p1a: Swampert\n|-singleturn|p1a: Swampert|Protect\n|move|p2a: Fishler|Aqua Jet|p1a: Swampert\n|-activate|p1a: Swampert|move: Protect\n|move|p2b: Wing Wing|Sucker Punch||[still]\n|-fail|p2b: Wing Wing\n|move|p1b: Pelipper|Weather Ball|p2b: Wing Wing\n|-damage|p2b: Wing Wing|0 fnt\n|faint|p2b: Wing Wing\n|\n|-weather|RainDance|[upkeep]\n|-damage|p1a: Swampert|87/100 brn|[from] brn\n|-damage|p1b: Pelipper|88/100 brn|[from] brn\n|upkeep\n|\n|t:|1788402388\n|switch|p2b: RocAndBallTorture|Lycanroc-Dusk, L50, F|100/100\n|turn|3\n|\n|t:|1788402404\n|move|p2b: RocAndBallTorture|Protect|p2b: RocAndBallTorture\n|-singleturn|p2b: RocAndBallTorture|Protect\n|move|p1b: Pelipper|Protect|p1b: Pelipper\n|-singleturn|p1b: Pelipper|Protect\n|move|p1a: Swampert|Earthquake|p2b: RocAndBallTorture|[spread] p2a\n|-activate|p1b: Pelipper|move: Protect\n|-activate|p2b: RocAndBallTorture|move: Protect\n|-damage|p2a: Fishler|69/100\n|move|p2a: Fishler|Last Respects|p1a: Swampert\n|-damage|p1a: Swampert|0 fnt\n|faint|p1a: Swampert\n|-damage|p2a: Fishler|60/100|[from] item: Life Orb\n|\n|-weather|RainDance|[upkeep]\n|-damage|p1b: Pelipper|82/100 brn|[from] brn\n|upkeep\n|\n|t:|1788402418\n|switch|p1a: Sinistcha|Sinistcha-Masterpiece, L50|100/100\n|-heal|p1b: Pelipper|100/100 brn|[from] ability: Hospitality|[of] p1a: Sinistcha\n|turn|4\n|\n|t:|1788402429\n|move|p1a: Sinistcha|Protect|p1a: Sinistcha\n|-singleturn|p1a: Sinistcha|Protect\n|move|p2b: RocAndBallTorture|Rock Slide|p1b: Pelipper|[spread] p1b\n|-activate|p1a: Sinistcha|move: Protect\n|-supereffective|p1b: Pelipper|1\n|-damage|p1b: Pelipper|28/100 brn\n|move|p2a: Fishler|Last Respects|p1a: Sinistcha\n|-activate|p1a: Sinistcha|move: Protect\n|move|p1b: Pelipper|Tailwind|p1b: Pelipper\n|-sidestart|p1: Parkerthegreat|move: Tailwind\n|\n|-weather|RainDance|[upkeep]\n|-damage|p1b: Pelipper|22/100 brn|[from] brn\n|upkeep\n|turn|5\n|inactive|stupidchungusmoron has 30 seconds left.\n|\n|t:|1788402456\n|move|p2b: RocAndBallTorture|Accelerock|p1b: Pelipper\n|-supereffective|p1b: Pelipper|1\n|-damage|p1b: Pelipper|0 fnt\n|faint|p1b: Pelipper\n|move|p1a: Sinistcha|Matcha Gotcha|p2a: Fishler|[spread] p2b\n|-miss|p1a: Sinistcha|p2a: Fishler\n|-supereffective|p2b: RocAndBallTorture|1\n|-damage|p2b: RocAndBallTorture|16/100\n|move|p2a: Fishler|Last Respects|p1a: Sinistcha\n|-supereffective|p1a: Sinistcha|1\n|-damage|p1a: Sinistcha|0 fnt\n|faint|p1a: Sinistcha\n|-damage|p2a: Fishler|50/100g|[from] item: Life Orb\n|\n|-weather|none\n|upkeep\n|n|!Parkerthegreat|parkerthegreat\n|inactive|Parkerthegreat has 30 seconds left.\n|-message|Parkerthegreat forfeited.\n|\n|win|stupidchungusmoron\n","uploadtime":1788402472,"views":"6","formatid":"gen9championsvgc2026regmbbo3","rating":null,"private":0,"password":null}