{"id":"gen9championsvgc2026regmb-2674050932","format":"[Gen 9 Champions] VGC 2026 Reg M-B","players":["ReiTolo07","nolan_k01"],"log":"|j|☆ReiTolo07\n|j|☆nolan_k01\n|t:|1788292702\n|gametype|doubles\n|player|p1|ReiTolo07|gentleman-gen4|1115\n|player|p2|nolan_k01|dancer|1070\n|gen|9\n|tier|[Gen 9 Champions] VGC 2026 Reg M-B\n|rated|\n|rule|Species Clause: Limit one of each Pokémon\n|rule|Item Clause: Limit 1 of each item\n|clearpoke\n|poke|p1|Golurk, L50, shiny|\n|poke|p1|Farigiraf, L50, F|\n|poke|p1|Torkoal, L50, M|\n|poke|p1|Venusaur, L50, M|\n|poke|p1|Sneasler, L50, F|\n|poke|p1|Incineroar, L50, F|\n|poke|p2|Azumarill, L50, F, shiny|\n|poke|p2|Krookodile, L50, F|\n|poke|p2|Talonflame, L50, M, shiny|\n|poke|p2|Serperior, L50, M, shiny|\n|poke|p2|Clefable, L50, F|\n|poke|p2|Annihilape, L50, F|\n|teampreview|4\n|inactive|Battle timer is ON: inactive players will automatically lose when time's up. (requested by nolan_k01)\n|\n|t:|1788292754\n|teamsize|p1|4\n|teamsize|p2|4\n|start\n|switch|p1a: Sneasler|Sneasler, L50, F|100/100\n|switch|p1b: Farigiraf|Farigiraf, L50, F|100/100\n|switch|p2a: Abdallah|Annihilape, L50, F|100/100\n|switch|p2b: Danae|Serperior, L50, M, shiny|100/100\n|turn|1\n|inactive|nolan_k01 has 30 seconds left.\n|inactive|nolan_k01 has 20 seconds left.\n|inactive|nolan_k01 has 15 seconds left.\n|\n|t:|1788292795\n|move|p1a: Sneasler|Fake Out|p2b: Danae\n|-crit|p2b: Danae\n|-damage|p2b: Danae|69/100\n|cant|p2b: Danae|flinch\n|move|p2a: Abdallah|Gunk Shot|p1b: Farigiraf|[miss]\n|-miss|p2a: Abdallah|p1b: Farigiraf\n|move|p1b: Farigiraf|Trick Room|p1b: Farigiraf\n|-fieldstart|move: Trick Room|[of] p1b: Farigiraf\n|\n|upkeep\n|turn|2\n|inactive|nolan_k01 has 30 seconds left.\n|\n|t:|1788292826\n|switch|p1a: Torkoal|Torkoal, L50, M|100/100\n|-weather|SunnyDay|[from] ability: Drought|[of] p1a: Torkoal\n|move|p1b: Farigiraf|Twin Beam|p2a: Abdallah\n|-supereffective|p2a: Abdallah|1\n|-damage|p2a: Abdallah|64/100\n|-supereffective|p2a: Abdallah|1\n|-damage|p2a: Abdallah|34/100\n|-hitcount|p2a: Abdallah|2\n|move|p2a: Abdallah|Rage Fist|p1a: Torkoal\n|-damage|p1a: Torkoal|49/100\n|move|p2b: Danae|Leaf Storm|p1b: Farigiraf\n|-damage|p1b: Farigiraf|51/100\n|-boost|p2b: Danae|spa|2\n|\n|-weather|SunnyDay|[upkeep]\n|-heal|p1b: Farigiraf|57/100|[from] item: Leftovers\n|upkeep\n|turn|3\n|inactive|ReiTolo07 has 30 seconds left.\n|inactive|nolan_k01 has 30 seconds left.\n|inactive|nolan_k01 has 20 seconds left.\n|\n|t:|1788292861\n|move|p1b: Farigiraf|Helping Hand|p1a: Torkoal\n|-singleturn|p1a: Torkoal|Helping Hand|[of] p1b: Farigiraf\n|move|p2a: Abdallah|Protect|p2a: Abdallah\n|-singleturn|p2a: Abdallah|Protect\n|move|p1a: Torkoal|Heat Wave|p2b: Danae|[spread] p2b\n|-activate|p2a: Abdallah|move: Protect\n|-supereffective|p2b: Danae|1\n|-damage|p2b: Danae|0 fnt\n|faint|p2b: Danae\n|\n|-weather|SunnyDay|[upkeep]\n|-heal|p1b: Farigiraf|64/100|[from] item: Leftovers\n|upkeep\n|\n|t:|1788292876\n|switch|p2b: Bullet|Talonflame, L50, M, shiny|100/100\n|turn|4\n|inactive|nolan_k01 has 30 seconds left.\n|inactive|nolan_k01 has 20 seconds left.\n|\n|t:|1788292915\n|move|p1b: Farigiraf|Protect|p1b: Farigiraf\n|-singleturn|p1b: Farigiraf|Protect\n|move|p2b: Bullet|Protect|p2b: Bullet\n|-singleturn|p2b: Bullet|Protect\n|move|p1a: Torkoal|Heat Wave|p2b: Bullet|[spread] p2a\n|-activate|p2b: Bullet|move: Protect\n|-damage|p2a: Abdallah|0 fnt\n|faint|p2a: Abdallah\n|\n|-weather|SunnyDay|[upkeep]\n|-heal|p1b: Farigiraf|70/100|[from] item: Leftovers\n|upkeep\n|l|☆ReiTolo07\n|inactive|ReiTolo07 disconnected and has a minute to reconnect!\n|player|p1|\n|\n|t:|1788292924\n|switch|p2a: Rex Killah|Krookodile, L50, F|100/100\n|turn|5\n|j|☆ReiTolo07\n|inactive|ReiTolo07 reconnected and has 45 seconds left.\n|player|p1|ReiTolo07|gentleman-gen4|\n|inactive|ReiTolo07 has 30 seconds left.\n|\n|t:|1788292952\n|move|p1b: Farigiraf|Helping Hand|p1a: Torkoal\n|-singleturn|p1a: Torkoal|Helping Hand|[of] p1b: Farigiraf\n|move|p2b: Bullet|Protect||[still]\n|-fail|p2b: Bullet\n|move|p1a: Torkoal|Heat Wave|p2b: Bullet|[spread] p2a,p2b\n|-resisted|p2b: Bullet|1\n|-damage|p2a: Rex Killah|0 fnt\n|-damage|p2b: Bullet|32/100\n|faint|p2a: Rex Killah\n|\n|-weather|SunnyDay|[upkeep]\n|-heal|p1b: Farigiraf|76/100|[from] item: Leftovers\n|-fieldend|move: Trick Room\n|upkeep\n|turn|6\n|\n|t:|1788292973\n|move|p2b: Bullet|Brave Bird|p1a: Torkoal\n|-damage|p1a: Torkoal|2/100\n|-damage|p2b: Bullet|15/100|[from] Recoil\n|-damage|p2b: Bullet|5/100|[from] item: Life Orb\n|move|p1b: Farigiraf|Twin Beam|p2b: Bullet\n|-damage|p2b: Bullet|0 fnt\n|faint|p2b: Bullet\n|-hitcount|p2: Bullet|1\n|\n|win|ReiTolo07\n|raw|ReiTolo07's rating: 1115 &rarr; <strong>1137</strong><br />(+22 for winning)\n|raw|nolan_k01's rating: 1070 &rarr; <strong>1052</strong><br />(-18 for losing)\n|l|☆nolan_k01\n|player|p2|\n","uploadtime":1788292986,"views":"0","formatid":"gen9championsvgc2026regmb","rating":1052,"private":0,"password":null}