{"id":"gen9championsvgc2026regmb-2674782146","format":"[Gen 9 Champions] VGC 2026 Reg M-B","players":["xanderpokemon","lalapikls"],"log":"|j|☆xanderpokemon\n|j|☆lalapikls\n|t:|1788405739\n|gametype|doubles\n|player|p1|xanderpokemon|101|1101\n|player|p2|lalapikls|169|1166\n|gen|9\n|tier|[Gen 9 Champions] VGC 2026 Reg M-B\n|rated|\n|rule|Species Clause: Limit one of each Pokémon\n|rule|Item Clause: Limit 1 of each item\n|clearpoke\n|poke|p1|Toxapex, L50, M|\n|poke|p1|Gengar, L50, M|\n|poke|p1|Sinistcha-Masterpiece, L50|\n|poke|p1|Hippowdon, L50, M|\n|poke|p1|Rampardos, L50, F|\n|poke|p1|Steelix, L50, F|\n|poke|p2|Floette-Eternal, L50, F|\n|poke|p2|Basculegion, L50, M|\n|poke|p2|Kingambit, L50, M|\n|poke|p2|Dragonite, L50, F|\n|poke|p2|Garchomp, L50, F, shiny|\n|poke|p2|Sneasler, L50, F|\n|teampreview|4\n|inactive|Battle timer is ON: inactive players will automatically lose when time's up. (requested by lalapikls)\n|\n|t:|1788405795\n|teamsize|p1|4\n|teamsize|p2|4\n|start\n|switch|p1a: Steelix|Steelix, L50, F|100/100\n|switch|p1b: Gengar|Gengar, L50, M|100/100\n|switch|p2a: Dragonite|Dragonite, L50, F|100/100\n|switch|p2b: Basculegion|Basculegion, L50, M|100/100\n|turn|1\n|inactive|xanderpokemon has 30 seconds left.\n|inactive|lalapikls has 30 seconds left.\n|\n|t:|1788405827\n|detailschange|p2a: Dragonite|Dragonite-Mega, L50, F\n|-mega|p2a: Dragonite|Dragonite|Dragoninite\n|detailschange|p1a: Steelix|Steelix-Mega, L50, F\n|-mega|p1a: Steelix|Steelix|Steelixite\n|move|p2b: Basculegion|Protect|p2b: Basculegion\n|-singleturn|p2b: Basculegion|Protect\n|move|p1a: Steelix|Protect|p1a: Steelix\n|-singleturn|p1a: Steelix|Protect\n|move|p2a: Dragonite|Heat Wave|p1b: Gengar|[spread] \n|-activate|p1a: Steelix|move: Protect\n|-miss|p2a: Dragonite|p1b: Gengar\n|move|p1b: Gengar|Trick Room|p1b: Gengar\n|-fieldstart|move: Trick Room|[of] p1b: Gengar\n|\n|upkeep\n|turn|2\n|inactive|xanderpokemon has 30 seconds left.\n|inactive|xanderpokemon has 20 seconds left.\n|\n|t:|1788405865\n|switch|p1b: Toxapex|Toxapex, L50, M|100/100\n|move|p1a: Steelix|High Horsepower|p2b: Basculegion\n|-damage|p2b: Basculegion|43/100\n|move|p2b: Basculegion|Last Respects|p1b: Toxapex\n|-damage|p1b: Toxapex|70/100\n|-damage|p2b: Basculegion|34/100|[from] item: Life Orb\n|move|p2a: Dragonite|Heat Wave|p1a: Steelix|[spread] p1a,p1b\n|-supereffective|p1a: Steelix|1\n|-resisted|p1b: Toxapex|1\n|-damage|p1a: Steelix|52/100\n|-damage|p1b: Toxapex|61/100\n|\n|-heal|p1b: Toxapex|66/100|[from] item: Leftovers\n|upkeep\n|turn|3\n|inactive|lalapikls has 30 seconds left.\n|\n|t:|1788405891\n|move|p1a: Steelix|Wide Guard|p1a: Steelix\n|-singleturn|p1a: Steelix|Wide Guard\n|move|p2b: Basculegion|Aqua Jet|p1a: Steelix\n|-supereffective|p1a: Steelix|1\n|-crit|p1a: Steelix\n|-damage|p1a: Steelix|7/100\n|-damage|p2b: Basculegion|24/100|[from] item: Life Orb\n|move|p1b: Toxapex|Stockpile|p1b: Toxapex\n|-start|p1b: Toxapex|stockpile1\n|-boost|p1b: Toxapex|def|1\n|-boost|p1b: Toxapex|spd|1\n|move|p2a: Dragonite|Heat Wave|p1a: Steelix|[spread] \n|-activate|p1a: Steelix|move: Wide Guard\n|-activate|p1b: Toxapex|move: Wide Guard\n|\n|-heal|p1b: Toxapex|72/100|[from] item: Leftovers\n|upkeep\n|turn|4\n|inactive|xanderpokemon has 30 seconds left.\n|inactive|lalapikls has 30 seconds left.\n|\n|t:|1788405918\n|move|p2a: Dragonite|Protect|p2a: Dragonite\n|-singleturn|p2a: Dragonite|Protect\n|move|p2b: Basculegion|Aqua Jet|p1a: Steelix\n|-supereffective|p1a: Steelix|1\n|-damage|p1a: Steelix|0 fnt\n|faint|p1a: Steelix\n|-damage|p2b: Basculegion|14/100|[from] item: Life Orb\n|move|p1b: Toxapex|Stockpile|p1b: Toxapex\n|-start|p1b: Toxapex|stockpile2\n|-boost|p1b: Toxapex|def|1\n|-boost|p1b: Toxapex|spd|1\n|\n|-heal|p1b: Toxapex|78/100|[from] item: Leftovers\n|upkeep\n|\n|t:|1788405939\n|switch|p1a: Sinistcha|Sinistcha-Masterpiece, L50|100/100\n|-heal|p1b: Toxapex|100/100|[from] ability: Hospitality|[of] p1a: Sinistcha\n|turn|5\n|\n|t:|1788405960\n|switch|p2a: Kingambit|Kingambit, L50, M|100/100\n|move|p1b: Toxapex|Stockpile|p1b: Toxapex\n|-start|p1b: Toxapex|stockpile3\n|-boost|p1b: Toxapex|def|1\n|-boost|p1b: Toxapex|spd|1\n|move|p1a: Sinistcha|Matcha Gotcha|p2a: Kingambit|[spread] p2b\n|-miss|p1a: Sinistcha|p2a: Kingambit\n|-supereffective|p2b: Basculegion|1\n|-damage|p2b: Basculegion|0 fnt\n|faint|p2b: Basculegion\n|\n|-fieldend|move: Trick Room\n|upkeep\n|\n|t:|1788405977\n|switch|p2b: Garchomp|Garchomp, L50, F, shiny|100/100\n|turn|6\n|\n|t:|1788405994\n|move|p1a: Sinistcha|Protect|p1a: Sinistcha\n|-singleturn|p1a: Sinistcha|Protect\n|move|p2b: Garchomp|Stomping Tantrum|p1b: Toxapex\n|-supereffective|p1b: Toxapex|1\n|-damage|p1b: Toxapex|75/100\n|move|p2a: Kingambit|Kowtow Cleave|p1a: Sinistcha\n|-activate|p1a: Sinistcha|move: Protect\n|move|p1b: Toxapex|Infestation|p2b: Garchomp\n|-damage|p2b: Garchomp|96/100\n|-activate|p2b: Garchomp|move: Infestation|[of] p1b: Toxapex\n|-damage|p1b: Toxapex|63/100|[from] ability: Rough Skin|[of] p2b: Garchomp\n|\n|-heal|p1b: Toxapex|69/100|[from] item: Leftovers\n|-damage|p2b: Garchomp|84/100|[from] move: Infestation|[partiallytrapped]\n|upkeep\n|turn|7\n|inactive|lalapikls has 30 seconds left.\n|\n|t:|1788406021\n|switch|p1a: Gengar|Gengar, L50, M|100/100\n|move|p2b: Garchomp|Stomping Tantrum|p1b: Toxapex\n|-supereffective|p1b: Toxapex|1\n|-damage|p1b: Toxapex|46/100\n|move|p2a: Kingambit|Iron Head|p1b: Toxapex\n|-resisted|p1b: Toxapex|1\n|-damage|p1b: Toxapex|38/100\n|move|p1b: Toxapex|Recover|p1b: Toxapex\n|-heal|p1b: Toxapex|89/100\n|\n|-heal|p1b: Toxapex|94/100|[from] item: Leftovers\n|-damage|p2b: Garchomp|71/100|[from] move: Infestation|[partiallytrapped]\n|upkeep\n|turn|8\n|\n|t:|1788406044\n|move|p2b: Garchomp|Stomping Tantrum|p1b: Toxapex\n|-supereffective|p1b: Toxapex|1\n|-damage|p1b: Toxapex|70/100\n|move|p2a: Kingambit|Kowtow Cleave|p1a: Gengar\n|-supereffective|p1a: Gengar|1\n|-damage|p1a: Gengar|0 fnt\n|faint|p1a: Gengar\n|move|p1b: Toxapex|Toxic|p2b: Garchomp\n|-status|p2b: Garchomp|tox\n|\n|-heal|p1b: Toxapex|76/100|[from] item: Leftovers\n|-damage|p2b: Garchomp|65/100 tox|[from] psn\n|-damage|p2b: Garchomp|53/100 tox|[from] move: Infestation|[partiallytrapped]\n|upkeep\n|\n|t:|1788406059\n|switch|p1a: Sinistcha|Sinistcha-Masterpiece, L50|100/100\n|-heal|p1b: Toxapex|100/100|[from] ability: Hospitality|[of] p1a: Sinistcha\n|turn|9\n|\n|t:|1788406074\n|move|p1a: Sinistcha|Rage Powder|p1a: Sinistcha\n|-singleturn|p1a: Sinistcha|move: Rage Powder\n|move|p2b: Garchomp|Stomping Tantrum|p1a: Sinistcha\n|-resisted|p1a: Sinistcha|1\n|-damage|p1a: Sinistcha|78/100\n|move|p2a: Kingambit|Kowtow Cleave|p1a: Sinistcha\n|-supereffective|p1a: Sinistcha|1\n|-damage|p1a: Sinistcha|0 fnt\n|faint|p1a: Sinistcha\n|move|p1b: Toxapex|Infestation|p2a: Kingambit\n|-damage|p2a: Kingambit|96/100\n|-activate|p2a: Kingambit|move: Infestation|[of] p1b: Toxapex\n|\n|-damage|p2b: Garchomp|41/100 tox|[from] psn\n|-damage|p2b: Garchomp|29/100 tox|[from] move: Infestation|[partiallytrapped]\n|-damage|p2a: Kingambit|84/100|[from] move: Infestation|[partiallytrapped]\n|upkeep\n|turn|10\n|\n|t:|1788406098\n|move|p2b: Garchomp|Stomping Tantrum|p1b: Toxapex\n|-supereffective|p1b: Toxapex|1\n|-damage|p1b: Toxapex|73/100\n|move|p2a: Kingambit|Kowtow Cleave|p1b: Toxapex\n|-damage|p1b: Toxapex|56/100\n|move|p1b: Toxapex|Recover|p1b: Toxapex\n|-heal|p1b: Toxapex|100/100\n|\n|-damage|p2b: Garchomp|11/100 tox|[from] psn\n|-damage|p2b: Garchomp|0 fnt|[from] move: Infestation|[partiallytrapped]\n|faint|p2b: Garchomp\n|-damage|p2a: Kingambit|72/100|[from] move: Infestation|[partiallytrapped]\n|upkeep\n|\n|t:|1788406113\n|switch|p2b: Dragonite|Dragonite-Mega, L50, F|100/100\n|turn|11\n|\n|t:|1788406138\n|move|p2b: Dragonite|Protect|p2b: Dragonite\n|-singleturn|p2b: Dragonite|Protect\n|move|p2a: Kingambit|Kowtow Cleave|p1b: Toxapex\n|-damage|p1b: Toxapex|84/100\n|move|p1b: Toxapex|Toxic|p2b: Dragonite\n|-activate|p2b: Dragonite|move: Protect\n|\n|-heal|p1b: Toxapex|90/100|[from] item: Leftovers\n|-damage|p2a: Kingambit|60/100|[from] move: Infestation|[partiallytrapped]\n|upkeep\n|turn|12\n|\n|t:|1788406159\n|move|p2b: Dragonite|Dragon Pulse|p1b: Toxapex\n|-damage|p1b: Toxapex|78/100\n|move|p2a: Kingambit|Kowtow Cleave|p1b: Toxapex\n|-damage|p1b: Toxapex|64/100\n|move|p1b: Toxapex|Toxic|p2b: Dragonite\n|-status|p2b: Dragonite|tox\n|\n|-heal|p1b: Toxapex|70/100|[from] item: Leftovers\n|-damage|p2b: Dragonite|94/100 tox|[from] psn\n|-damage|p2a: Kingambit|48/100|[from] move: Infestation|[partiallytrapped]\n|upkeep\n|turn|13\n|\n|t:|1788406179\n|move|p2b: Dragonite|Dragon Pulse|p1b: Toxapex\n|-damage|p1b: Toxapex|56/100\n|move|p2a: Kingambit|Kowtow Cleave|p1b: Toxapex\n|-damage|p1b: Toxapex|42/100\n|move|p1b: Toxapex|Infestation|p2b: Dragonite\n|-resisted|p2b: Dragonite|1\n|-damage|p2b: Dragonite|92/100 tox\n|-activate|p2b: Dragonite|move: Infestation|[of] p1b: Toxapex\n|\n|-heal|p1b: Toxapex|48/100|[from] item: Leftovers\n|-damage|p2b: Dragonite|80/100 tox|[from] psn\n|-damage|p2b: Dragonite|68/100 tox|[from] move: Infestation|[partiallytrapped]\n|-damage|p2a: Kingambit|36/100|[from] move: Infestation|[partiallytrapped]\n|upkeep\n|turn|14\n|\n|t:|1788406200\n|move|p2b: Dragonite|Dragon Pulse|p1b: Toxapex\n|-damage|p1b: Toxapex|34/100\n|move|p2a: Kingambit|Kowtow Cleave|p1b: Toxapex\n|-damage|p1b: Toxapex|18/100\n|move|p1b: Toxapex|Recover|p1b: Toxapex\n|-heal|p1b: Toxapex|68/100\n|\n|-heal|p1b: Toxapex|74/100|[from] item: Leftovers\n|-damage|p2b: Dragonite|50/100g tox|[from] psn\n|-damage|p2b: Dragonite|38/100 tox|[from] move: Infestation|[partiallytrapped]\n|-end|p2a: Kingambit|Infestation|[partiallytrapped]\n|upkeep\n|turn|15\n|\n|t:|1788406220\n|move|p2b: Dragonite|Dragon Pulse|p1b: Toxapex\n|-damage|p1b: Toxapex|63/100\n|move|p2a: Kingambit|Kowtow Cleave|p1b: Toxapex\n|-damage|p1b: Toxapex|47/100\n|move|p1b: Toxapex|Recover|p1b: Toxapex\n|-heal|p1b: Toxapex|97/100\n|\n|-heal|p1b: Toxapex|100/100|[from] item: Leftovers\n|-damage|p2b: Dragonite|14/100 tox|[from] psn\n|-damage|p2b: Dragonite|1/100 tox|[from] move: Infestation|[partiallytrapped]\n|upkeep\n|turn|16\n|\n|t:|1788406241\n|move|p2b: Dragonite|Dragon Pulse|p1b: Toxapex\n|-damage|p1b: Toxapex|86/100\n|move|p2a: Kingambit|Kowtow Cleave|p1b: Toxapex\n|-damage|p1b: Toxapex|70/100\n|move|p1b: Toxapex|Infestation|p2a: Kingambit\n|-damage|p2a: Kingambit|32/100\n|-activate|p2a: Kingambit|move: Infestation|[of] p1b: Toxapex\n|\n|-heal|p1b: Toxapex|76/100|[from] item: Leftovers\n|-damage|p2b: Dragonite|0 fnt|[from] psn\n|faint|p2b: Dragonite\n|-damage|p2a: Kingambit|20/100y|[from] move: Infestation|[partiallytrapped]\n|upkeep\n|turn|17\n|\n|t:|1788406258\n|move|p2a: Kingambit|Kowtow Cleave|p1b: Toxapex\n|-damage|p1b: Toxapex|60/100\n|move|p1b: Toxapex|Recover|p1b: Toxapex\n|-heal|p1b: Toxapex|100/100\n|\n|-damage|p2a: Kingambit|8/100|[from] move: Infestation|[partiallytrapped]\n|upkeep\n|turn|18\n|\n|t:|1788406267\n|move|p2a: Kingambit|Kowtow Cleave|p1b: Toxapex\n|-damage|p1b: Toxapex|85/100\n|move|p1b: Toxapex|Recover|p1b: Toxapex\n|-heal|p1b: Toxapex|100/100\n|\n|-damage|p2a: Kingambit|0 fnt|[from] move: Infestation|[partiallytrapped]\n|faint|p2a: Kingambit\n|\n|win|xanderpokemon\n|raw|xanderpokemon's rating: 1101 &rarr; <strong>1131</strong><br />(+30 for winning)\n|raw|lalapikls's rating: 1166 &rarr; <strong>1136</strong><br />(-30 for losing)\n|l|☆lalapikls\n|player|p2|\n","uploadtime":1788406289,"views":"7","formatid":"gen9championsvgc2026regmb","rating":1131,"private":0,"password":null}