{"id":"gen9championsvgc2026regmb-2674253444","format":"[Gen 9 Champions] VGC 2026 Reg M-B","players":["frozensnapple","Thornlace48812"],"log":"|j|☆frozensnapple\n|j|☆Thornlace48812\n|t:|1788324071\n|gametype|doubles\n|player|p1|frozensnapple|veteran|1000\n|player|p2|Thornlace48812|1|1051\n|gen|9\n|tier|[Gen 9 Champions] VGC 2026 Reg M-B\n|rated|\n|rule|Species Clause: Limit one of each Pokémon\n|rule|Item Clause: Limit 1 of each item\n|clearpoke\n|poke|p1|Torkoal, L50, M, shiny|\n|poke|p1|Hydrapple, L50, M, shiny|\n|poke|p1|Farigiraf, L50, M|\n|poke|p1|Hatterene, L50, F|\n|poke|p1|Scovillain, L50, M|\n|poke|p1|Morpeko, L50, F|\n|poke|p2|Garchomp, L50, F|\n|poke|p2|Charizard, L50, M|\n|poke|p2|Whimsicott, L50, F|\n|poke|p2|Sylveon, L50, F|\n|poke|p2|Kingambit, L50, F|\n|poke|p2|Basculegion, L50, M|\n|teampreview|4\n|inactive|Battle timer is ON: inactive players will automatically lose when time's up. (requested by Thornlace48812)\nThornlace48812 rejected open team sheets.\n|\n|t:|1788324080\n|teamsize|p1|4\n|teamsize|p2|4\n|start\n|switch|p1a: Torkoal|Torkoal, L50, M, shiny|100/100\n|switch|p1b: Hatterene|Hatterene, L50, F|100/100\n|switch|p2a: Sylveon|Sylveon, L50, F|100/100\n|switch|p2b: Charizard|Charizard, L50, M|100/100\n|-weather|SunnyDay|[from] ability: Drought|[of] p1a: Torkoal\n|turn|1\n|\n|t:|1788324095\n|detailschange|p2b: Charizard|Charizard-Mega-Y, L50, M\n|-mega|p2b: Charizard|Charizard|Charizardite Y\n|move|p2b: Charizard|Protect|p2b: Charizard\n|-singleturn|p2b: Charizard|Protect\n|move|p2a: Sylveon|Hyper Voice|p1a: Torkoal|[spread] p1a,p1b\n|-resisted|p1a: Torkoal|1\n|-damage|p1a: Torkoal|67/100\n|-damage|p1b: Hatterene|59/100\n|move|p1a: Torkoal|Eruption|p2a: Sylveon|[spread] p2a\n|-activate|p2b: Charizard|move: Protect\n|-crit|p2a: Sylveon\n|-damage|p2a: Sylveon|42/100\n|move|p1b: Hatterene|Trick Room|p1b: Hatterene\n|-fieldstart|move: Trick Room|[of] p1b: Hatterene\n|\n|-weather|SunnyDay|[upkeep]\n|upkeep\n|turn|2\n|\n|t:|1788324113\n|move|p2a: Sylveon|Detect|p2a: Sylveon\n|-singleturn|p2a: Sylveon|Protect\n|move|p1a: Torkoal|Rock Slide|p2b: Charizard|[spread] p2b\n|-activate|p2a: Sylveon|move: Protect\n|-supereffective|p2b: Charizard|2\n|-damage|p2b: Charizard|46/100\n|move|p1b: Hatterene|Psychic|p2a: Sylveon\n|-activate|p2a: Sylveon|move: Protect\n|move|p2b: Charizard|Heat Wave|p1b: Hatterene|[spread] p1a,p1b\n|-resisted|p1a: Torkoal|1\n|-damage|p1a: Torkoal|23/100\n|-damage|p1b: Hatterene|4/100\n|\n|-weather|SunnyDay|[upkeep]\n|upkeep\n|turn|3\n|\n|t:|1788324119\n|move|p1a: Torkoal|Rock Slide|p2a: Sylveon|[spread] p2a,p2b\n|-supereffective|p2b: Charizard|2\n|-damage|p2a: Sylveon|27/100\n|-damage|p2b: Charizard|0 fnt\n|faint|p2b: Charizard\n|move|p1b: Hatterene|Dazzling Gleam|p2a: Sylveon\n|-damage|p2a: Sylveon|0 fnt\n|faint|p2a: Sylveon\n|\n|-weather|SunnyDay|[upkeep]\n|upkeep\n|\n|t:|1788324119\n|switch|p2a: Kingambit|Kingambit, L50, F|100/100\n|switch|p2b: Basculegion|Basculegion, L50, M|100/100\n|-activate|p2a: Kingambit|ability: Supreme Overlord\n|-start|p2a: Kingambit|fallen2|[silent]\n|turn|4\n|\n|t:|1788324135\n|switch|p1b: Hydrapple|Hydrapple, L50, M, shiny|100/100\n|-ability|p1b: Hydrapple|Supersweet Syrup\n|-unboost|p2a: Kingambit|evasion|1\n|-unboost|p2b: Basculegion|evasion|1\n|move|p1a: Torkoal|Heat Wave|p2b: Basculegion|[spread] p2a,p2b\n|-supereffective|p2a: Kingambit|1\n|-resisted|p2b: Basculegion|1\n|-damage|p2a: Kingambit|0 fnt\n|-damage|p2b: Basculegion|73/100\n|faint|p2a: Kingambit\n|-end|p2a: Kingambit|fallen2|[silent]\n|move|p2b: Basculegion|Last Respects|p1a: Torkoal\n|-damage|p1a: Torkoal|0 fnt\n|faint|p1a: Torkoal\n|\n|-weather|SunnyDay|[upkeep]\n|upkeep\n|\n|t:|1788324139\n|switch|p1a: Scovillain|Scovillain, L50, M|100/100\n|turn|5\n|\n|t:|1788324147\n|detailschange|p1a: Scovillain|Scovillain-Mega, L50, M\n|-mega|p1a: Scovillain|Scovillain|Scovillainite\n|move|p1b: Hydrapple|Solar Beam||[still]\n|-prepare|p1b: Hydrapple|Solar Beam\n|-anim|p1b: Hydrapple|Solar Beam|p2b: Basculegion\n|-supereffective|p2b: Basculegion|1\n|-damage|p2b: Basculegion|0 fnt\n|faint|p2b: Basculegion\n|\n|win|frozensnapple\n|raw|frozensnapple's rating: 1000 &rarr; <strong>1044</strong><br />(+44 for winning)\n|raw|Thornlace48812's rating: 1034 &rarr; <strong>1017</strong><br />(-17 for losing)\n","uploadtime":1788324147,"views":"1","formatid":"gen9championsvgc2026regmb","rating":1017,"private":0,"password":null}