{"id":"gen9championsvgc2026regmb-2674869044","format":"[Gen 9 Champions] VGC 2026 Reg M-B","players":["calacadura","wsen"],"log":"|j|☆calacadura\n|j|‽wsen\n|t:|1788425352\n|gametype|doubles\n|player|p1|calacadura|1|1359\n|player|p2|wsen|gentleman-gen4|1406\n|gen|9\n|tier|[Gen 9 Champions] VGC 2026 Reg M-B\n|rated|\n|rule|Species Clause: Limit one of each Pokémon\n|rule|Item Clause: Limit 1 of each item\n|clearpoke\n|poke|p1|Sinistcha, L50|\n|poke|p1|Archaludon, L50, M|\n|poke|p1|Grimmsnarl, L50, M|\n|poke|p1|Pelipper, L50, F|\n|poke|p1|Scovillain, L50, F|\n|poke|p1|Basculegion, L50, M|\n|poke|p2|Garchomp, L50, M|\n|poke|p2|Basculegion, L50, M|\n|poke|p2|Kingambit, L50, M|\n|poke|p2|Sneasler, L50, F|\n|poke|p2|Incineroar, L50, F|\n|poke|p2|Sylveon, L50, M|\n|teampreview|4\n|inactive|Battle timer is ON: inactive players will automatically lose when time's up. (requested by wsen)\nwsen rejected open team sheets.\n|\n|t:|1788425377\n|teamsize|p1|4\n|teamsize|p2|4\n|start\n|switch|p1a: Grimmsnarl|Grimmsnarl, L50, M|100/100\n|switch|p1b: Basculegion|Basculegion, L50, M|100/100\n|switch|p2a: Garchomp|Garchomp, L50, M|100/100\n|switch|p2b: Basculegion|Basculegion, L50, M|100/100\n|turn|1\n|\n|t:|1788425397\n|switch|p2a: Sneasler|Sneasler, L50, F|100/100\n|move|p1a: Grimmsnarl|Reflect|p1a: Grimmsnarl\n|-sidestart|p1: calacadura|Reflect\n|move|p1b: Basculegion|Phantom Force||[still]\n|-prepare|p1b: Basculegion|Phantom Force\n|move|p2b: Basculegion|Last Respects|p1b: Basculegion|[miss]\n|-miss|p2b: Basculegion|p1b: Basculegion\n|\n|upkeep\n|turn|2\n|\n|t:|1788425412\n|switch|p2b: Kingambit|Kingambit, L50, M|100/100\n|move|p1a: Grimmsnarl|Light Screen|p1a: Grimmsnarl\n|-sidestart|p1: calacadura|move: Light Screen\n|move|p1b: Basculegion|Phantom Force|p2b: Kingambit|[from] lockedmove\n|-resisted|p2b: Kingambit|1\n|-damage|p2b: Kingambit|78/100\n|move|p2a: Sneasler|Poison Jab|p1a: Grimmsnarl\n|-supereffective|p1a: Grimmsnarl|1\n|-damage|p1a: Grimmsnarl|24/100\n|-status|p1a: Grimmsnarl|psn|[from] ability: Poison Touch|[of] p2a: Sneasler\n|\n|-damage|p1a: Grimmsnarl|12/100 psn|[from] psn\n|upkeep\n|turn|3\n|\n|t:|1788425428\n|switch|p1b: Pelipper|Pelipper, L50, F|100/100\n|-weather|RainDance|[from] ability: Drizzle|[of] p1b: Pelipper\n|switch|p2a: Garchomp|Garchomp, L50, M|100/100\n|move|p1a: Grimmsnarl|Parting Shot|p2a: Garchomp\n|-unboost|p2a: Garchomp|atk|1\n|-unboost|p2a: Garchomp|spa|1\n|\n|t:|1788425430\n|switch|p1a: Scovillain|Scovillain, L50, F|100/100|[from] Parting Shot\n|move|p2b: Kingambit|Swords Dance|p2b: Kingambit\n|-boost|p2b: Kingambit|atk|2\n|\n|-weather|RainDance|[upkeep]\n|-ability|p1a: Scovillain|Moody|boost\n|-boost|p1a: Scovillain|spe|2\n|-unboost|p1a: Scovillain|atk|1\n|upkeep\n|turn|4\n|\n|t:|1788425447\n|move|p2b: Kingambit|Sucker Punch|p1b: Pelipper\n|-damage|p1b: Pelipper|16/100\n|move|p2a: Garchomp|Rock Slide|p1a: Scovillain|[spread] p1a,p1b\n|-supereffective|p1a: Scovillain|1\n|-supereffective|p1b: Pelipper|1\n|-damage|p1a: Scovillain|75/100\n|-damage|p1b: Pelipper|0 fnt\n|faint|p1b: Pelipper\n|move|p1a: Scovillain|Burning Jealousy|p2a: Garchomp|[spread] p2a,p2b\n|-resisted|p2a: Garchomp|1\n|-supereffective|p2b: Kingambit|1\n|-damage|p2a: Garchomp|95/100\n|-damage|p2b: Kingambit|59/100\n|\n|-weather|RainDance|[upkeep]\n|-ability|p1a: Scovillain|Moody|boost\n|-boost|p1a: Scovillain|spe|2\n|-unboost|p1a: Scovillain|def|1\n|upkeep\n|\n|t:|1788425459\n|switch|p1b: Basculegion|Basculegion, L50, M|100/100\n|turn|5\n|inactive|calacadura has 30 seconds left.\n|inactive|calacadura has 20 seconds left.\n|\n|t:|1788425496\n|detailschange|p1a: Scovillain|Scovillain-Mega, L50, F\n|-mega|p1a: Scovillain|Scovillain|Scovillainite\n|move|p1a: Scovillain|Rage Powder|p1a: Scovillain\n|-singleturn|p1a: Scovillain|move: Rage Powder\n|move|p2b: Kingambit|Sucker Punch||[still]\n|-fail|p2b: Kingambit\n|move|p2a: Garchomp|Rock Slide|p1a: Scovillain|[spread] p1a,p1b\n|-supereffective|p1a: Scovillain|1\n|-damage|p1a: Scovillain|44/100\n|-damage|p1b: Basculegion|86/100\n|-status|p2a: Garchomp|brn|[from] ability: Spicy Spray|[of] p1a: Scovillain\n|cant|p1b: Basculegion|flinch\n|\n|-weather|RainDance|[upkeep]\n|-damage|p2a: Garchomp|89/100 brn|[from] brn\n|upkeep\n|turn|6\n|inactive|calacadura has 30 seconds left.\n|\n|t:|1788425525\n|move|p1a: Scovillain|Rage Powder|p1a: Scovillain\n|-singleturn|p1a: Scovillain|move: Rage Powder\n|move|p2a: Garchomp|Rock Slide|p1a: Scovillain|[spread] p1a,p1b\n|-supereffective|p1a: Scovillain|1\n|-damage|p1a: Scovillain|29/100\n|-damage|p1b: Basculegion|80/100\n|move|p1b: Basculegion|Flip Turn|p2b: Kingambit\n|-damage|p2b: Kingambit|19/100\n|\n|t:|1788425527\n|switch|p1b: Grimmsnarl|Grimmsnarl, L50, M|12/100 psn|[from] Flip Turn\n|move|p2b: Kingambit|Kowtow Cleave|p1a: Scovillain\n|-damage|p1a: Scovillain|0 fnt\n|-status|p2b: Kingambit|brn|[from] ability: Spicy Spray|[of] p1a: Scovillain\n|faint|p1a: Scovillain\n|\n|-weather|RainDance|[upkeep]\n|-damage|p1b: Grimmsnarl|0 fnt|[from] psn\n|faint|p1b: Grimmsnarl\n|-damage|p2a: Garchomp|83/100 brn|[from] brn\n|-damage|p2b: Kingambit|13/100 brn|[from] brn\n|upkeep\n|\n|t:|1788425529\n|switch|p1b: Basculegion|Basculegion, L50, M|80/100\n|turn|7\n|\n|t:|1788425553\n|move|p2b: Kingambit|Sucker Punch|p1b: Basculegion\n|-supereffective|p1b: Basculegion|1\n|-damage|p1b: Basculegion|0 fnt\n|faint|p1b: Basculegion\n|\n|win|wsen\n|raw|calacadura's rating: 1359 &rarr; <strong>1342</strong><br />(-17 for losing)\n|raw|wsen's rating: 1406 &rarr; <strong>1423</strong><br />(+17 for winning)\n","uploadtime":1788425555,"views":"3","formatid":"gen9championsvgc2026regmb","rating":1342,"private":0,"password":null}