{"id":"gen9championsvgc2026regmb-2674211291","format":"[Gen 9 Champions] VGC 2026 Reg M-B","players":["AthenaStrive9","magicalarcher57"],"log":"|j|☆AthenaStrive9\n|j|☆magicalarcher57\n|t:|1788316160\n|gametype|doubles\n|player|p1|AthenaStrive9|#athenastrive9|\n|player|p2|magicalarcher57|cynthia-masters|\n|gen|9\n|tier|[Gen 9 Champions] VGC 2026 Reg M-B\n|rated|Tournament battle\n|rule|Species Clause: Limit one of each Pokémon\n|rule|Item Clause: Limit 1 of each item\n|raw|<div class=\"infobox\"><details class=\"readmore\" open><summary><strong>1 custom rule:</strong></summary> Force Open Team Sheets</details></div>\n|clearpoke\n|poke|p1|Staraptor, L50, F|\n|poke|p1|Kingambit, L50, F|\n|poke|p1|Farigiraf, L50, F|\n|poke|p1|Arcanine-Hisui, L50, F|\n|poke|p1|Basculegion, L50, M|\n|poke|p1|Scovillain, L50, F|\n|poke|p2|Raichu, L50, M, shiny|\n|poke|p2|Garchomp, L50, F, shiny|\n|poke|p2|Whimsicott, L50, M, shiny|\n|poke|p2|Kingambit, L50, M, shiny|\n|poke|p2|Charizard, L50, F, shiny|\n|poke|p2|Basculegion, L50, M|\n|teampreview|4\n|showteam|p1|Staraptor||Staraptite|Intimidate|Protect,CloseCombat,BraveBird,Tailwind|Jolly||F|||50|]Kingambit||BlackGlasses|Defiant|Protect,KowtowCleave,LowKick,SuckerPunch|Adamant||F|||50|]Farigiraf||SitrusBerry|ArmorTail|HyperVoice,TwinBeam,NastyPlot,TrickRoom|Bold||F|||50|]Arcanine-Hisui||FocusSash|RockHead|Protect,FlareBlitz,HeadSmash,ExtremeSpeed|Jolly||F|||50|]Basculegion||LifeOrb|Adaptability|Protect,WaveCrash,LastRespects,AquaJet|Adamant||M|||50|]Scovillain||Scovillainite|Chlorophyll|Protect,Overheat,GigaDrain,RagePowder|Calm||F|||50|\n|showteam|p2|Raichu||RaichuniteY|LightningRod|FakeOut,FocusBlast,ZapCannon,Protect|Timid||M|||50|]Garchomp||LifeOrb|RoughSkin|DragonClaw,RockSlide,StompingTantrum,Protect|Jolly||F|||50|]Whimsicott||FocusSash|Prankster|Moonblast,Tailwind,Protect,Encore|Timid||M|||50|]Kingambit||BlackGlasses|Defiant|SuckerPunch,KowtowCleave,IronHead,Protect|Adamant||M|||50|]Charizard||CharizarditeY|Blaze|WeatherBall,AncientPower,HeatWave,Protect|Modest||F|||50|]Basculegion||MysticWater|Adaptability|WaveCrash,LastRespects,AquaJet,Protect|Adamant||M|||50|\n|inactive|Battle timer is ON: inactive players will automatically lose when time's up. (requested by magicalarcher57)\n|c|☆AthenaStrive9|hf :3\n|c|☆magicalarcher57|glhf\n|j| pfizerlordozai\n|j|#Radio Free C-Side\n|inactive|AthenaStrive9 has 60 seconds left.\n|inactive|AthenaStrive9 has 30 seconds left.\n|inactive|AthenaStrive9 has 20 seconds left.\n|inactive|AthenaStrive9 has 15 seconds left.\n|inactive|AthenaStrive9 has 10 seconds left.\n|\n|t:|1788316244\n|teamsize|p1|4\n|teamsize|p2|4\n|start\n|switch|p1a: Staraptor|Staraptor, L50, F|100/100\n|switch|p1b: Scovillain|Scovillain, L50, F|100/100\n|switch|p2a: Whimsicott|Whimsicott, L50, M, shiny|100/100\n|switch|p2b: Charizard|Charizard, L50, F, shiny|100/100\n|-ability|p1a: Staraptor|Intimidate|boost\n|-unboost|p2a: Whimsicott|atk|1\n|-unboost|p2b: Charizard|atk|1\n|turn|1\n|\n|t:|1788316264\n|detailschange|p1a: Staraptor|Staraptor-Mega, L50, F\n|-mega|p1a: Staraptor|Staraptor|Staraptite\n|detailschange|p2b: Charizard|Charizard-Mega-Y, L50, F, shiny\n|-mega|p2b: Charizard|Charizard|Charizardite Y\n|-weather|SunnyDay|[from] ability: Drought|[of] p2b: Charizard\n|move|p2a: Whimsicott|Tailwind|p2a: Whimsicott\n|-sidestart|p2: magicalarcher57|move: Tailwind\n|move|p2b: Charizard|Heat Wave|p1a: Staraptor|[spread] p1a,p1b\n|-damage|p1a: Staraptor|24/100\n|-damage|p1b: Scovillain|14/100\n|move|p1b: Scovillain|Overheat|p2a: Whimsicott\n|-supereffective|p2a: Whimsicott|1\n|-enditem|p2a: Whimsicott|Focus Sash\n|-damage|p2a: Whimsicott|1/100\n|-unboost|p1b: Scovillain|spa|2\n|move|p1a: Staraptor|Tailwind|p1a: Staraptor\n|-sidestart|p1: AthenaStrive9|move: Tailwind\n|\n|-weather|SunnyDay|[upkeep]\n|upkeep\n|turn|2\n|\n|t:|1788316276\n|move|p1a: Staraptor|Protect|p1a: Staraptor\n|-singleturn|p1a: Staraptor|Protect\n|move|p1b: Scovillain|Giga Drain|p2a: Whimsicott\n|-resisted|p2a: Whimsicott|1\n|-damage|p2a: Whimsicott|0 fnt\n|-heal|p1b: Scovillain|15/100|[from] drain|[of] p2a: Whimsicott\n|faint|p2a: Whimsicott\n|move|p2b: Charizard|Heat Wave|p1a: Staraptor|[spread] p1b\n|-activate|p1a: Staraptor|move: Protect\n|-damage|p1b: Scovillain|0 fnt\n|faint|p1b: Scovillain\n|\n|-weather|SunnyDay|[upkeep]\n|upkeep\n|\n|t:|1788316299\n|switch|p2a: Garchomp|Garchomp, L50, F, shiny|100/100\n|switch|p1b: Arcanine|Arcanine-Hisui, L50, F|100/100\n|turn|3\n|inactive|AthenaStrive9 has 30 seconds left.\n|inactive|AthenaStrive9 has 20 seconds left.\n|inactive|AthenaStrive9 has 15 seconds left.\n|\n|t:|1788316340\n|move|p1b: Arcanine|Protect|p1b: Arcanine\n|-singleturn|p1b: Arcanine|Protect\n|move|p1a: Staraptor|Close Combat|p2a: Garchomp\n|-crit|p2a: Garchomp\n|-damage|p2a: Garchomp|10/100\n|-boost|p1a: Staraptor|def|1\n|-boost|p1a: Staraptor|spd|1\n|-damage|p1a: Staraptor|12/100|[from] ability: Rough Skin|[of] p2a: Garchomp\n|move|p2a: Garchomp|Rock Slide|p1b: Arcanine|[spread] \n|-activate|p1b: Arcanine|move: Protect\n|-miss|p2a: Garchomp|p1a: Staraptor\n|move|p2b: Charizard|Ancient Power|p1b: Arcanine\n|-activate|p1b: Arcanine|move: Protect\n|\n|-weather|SunnyDay|[upkeep]\n|upkeep\n|turn|4\n|j| mbtunst\n|c|☆AthenaStrive9|goatraptor\n|inactive|magicalarcher57 has 30 seconds left.\n|c|☆magicalarcher57|hmm\n|\n|t:|1788316368\n|switch|p2b: Basculegion|Basculegion, L50, M|100/100\n|move|p1a: Staraptor|Close Combat|p2a: Garchomp\n|-damage|p2a: Garchomp|0 fnt\n|-boost|p1a: Staraptor|def|1\n|-boost|p1a: Staraptor|spd|1\n|-damage|p1a: Staraptor|0 fnt|[from] ability: Rough Skin|[of] p2a: Garchomp\n|faint|p2a: Garchomp\n|faint|p1a: Staraptor\n|move|p1b: Arcanine|Head Smash|p2b: Basculegion\n|-damage|p2b: Basculegion|22/100\n|\n|-weather|SunnyDay|[upkeep]\n|-sideend|p2: magicalarcher57|move: Tailwind\n|-sideend|p1: AthenaStrive9|move: Tailwind\n|upkeep\n|\n|t:|1788316380\n|switch|p1a: Kingambit|Kingambit, L50, F|100/100\n|switch|p2a: Charizard|Charizard-Mega-Y, L50, F, shiny|100/100\n|turn|5\n|\n|t:|1788316388\n|move|p1b: Arcanine|Protect|p1b: Arcanine\n|-singleturn|p1b: Arcanine|Protect\n|move|p1a: Kingambit|Protect|p1a: Kingambit\n|-singleturn|p1a: Kingambit|Protect\n|move|p2b: Basculegion|Aqua Jet|p1b: Arcanine\n|-activate|p1b: Arcanine|move: Protect\n|move|p2a: Charizard|Heat Wave|p1a: Kingambit|[spread] \n|-activate|p1a: Kingambit|move: Protect\n|-activate|p1b: Arcanine|move: Protect\n|\n|-weather|none\n|upkeep\n|turn|6\n|\n|t:|1788316396\n|move|p2b: Basculegion|Aqua Jet|p1b: Arcanine\n|-supereffective|p1b: Arcanine|2\n|-crit|p1b: Arcanine\n|-enditem|p1b: Arcanine|Focus Sash\n|-damage|p1b: Arcanine|1/100\n|move|p1b: Arcanine|Head Smash|p2a: Charizard\n|-supereffective|p2a: Charizard|2\n|-damage|p2a: Charizard|0 fnt\n|faint|p2a: Charizard\n|move|p1a: Kingambit|Kowtow Cleave|p2b: Basculegion\n|-supereffective|p2b: Basculegion|1\n|-damage|p2b: Basculegion|0 fnt\n|faint|p2b: Basculegion\n|\n|win|AthenaStrive9\n|n|☆AthenaStrive9|athenastrive9\n|n|☆magicalarcher57|magicalarcher57\n|n| pfizerlordozai|pfizerlordozai\n|n|+Radio Free C-Side|radiofreecside\n|n| mbtunst|mbtunst\n","uploadtime":1788316396,"views":"0","formatid":"gen9championsvgc2026regmb","rating":null,"private":0,"password":null}