{"id":"gen9championsvgc2026regmb-2674299234","format":"[Gen 9 Champions] VGC 2026 Reg M-B","players":["Kwiper","edgred"],"log":"|j|☆Kwiper\n|j|☆edgred\n|t:|1788335178\n|gametype|doubles\n|player|p1|Kwiper|sycamore|1616\n|player|p2|edgred|2|1491\n|gen|9\n|tier|[Gen 9 Champions] VGC 2026 Reg M-B\n|rated|\n|rule|Species Clause: Limit one of each Pokémon\n|rule|Item Clause: Limit 1 of each item\n|clearpoke\n|poke|p1|Tyranitar, L50, M|\n|poke|p1|Excadrill, L50, F|\n|poke|p1|Milotic, L50, F|\n|poke|p1|Gholdengo, L50|\n|poke|p1|Sinistcha, L50|\n|poke|p1|Staraptor, L50, M|\n|poke|p2|Gengar, L50, F|\n|poke|p2|Infernape, L50, M|\n|poke|p2|Sinistcha-Masterpiece, L50|\n|poke|p2|Excadrill, L50, F|\n|poke|p2|Kingambit, L50, F|\n|poke|p2|Tyranitar, L50, M|\n|teampreview|4\n|inactive|Battle timer is ON: inactive players will automatically lose when time's up. (requested by Kwiper)\n|\n|t:|1788335205\n|teamsize|p1|4\n|teamsize|p2|4\n|start\n|switch|p1a: Staraptor|Staraptor, L50, M|100/100\n|switch|p1b: Gholdengo|Gholdengo, L50|100/100\n|switch|p2a: Infernape|Infernape, L50, M|100/100\n|switch|p2b: Excadrill|Excadrill, L50, F|100/100\n|-ability|p1a: Staraptor|Intimidate|boost\n|-unboost|p2a: Infernape|atk|1\n|-unboost|p2b: Excadrill|atk|1\n|turn|1\n|\n|t:|1788335225\n|switch|p1b: Milotic|Milotic, L50, F|100/100\n|detailschange|p1a: Staraptor|Staraptor-Mega, L50, M\n|-mega|p1a: Staraptor|Staraptor|Staraptite\n|move|p2b: Excadrill|Protect|p2b: Excadrill\n|-singleturn|p2b: Excadrill|Protect\n|move|p2a: Infernape|Fake Out|p1a: Staraptor\n|-damage|p1a: Staraptor|92/100\n|cant|p1a: Staraptor|flinch\n|\n|upkeep\n|turn|2\n|\n|t:|1788335247\n|switch|p2b: Sinistcha|Sinistcha-Masterpiece, L50|100/100\n|move|p1a: Staraptor|Close Combat|p2b: Sinistcha\n|-immune|p2b: Sinistcha\n|move|p2a: Infernape|U-turn|p1a: Staraptor\n|-resisted|p1a: Staraptor|2\n|-damage|p1a: Staraptor|89/100\n|\n|t:|1788335256\n|switch|p2a: Gengar|Gengar, L50, F|100/100|[from] U-turn\n|move|p1b: Milotic|Icy Wind|p2b: Sinistcha|[spread] p2a,p2b\n|-supereffective|p2b: Sinistcha|1\n|-damage|p2a: Gengar|85/100\n|-damage|p2b: Sinistcha|78/100\n|-unboost|p2a: Gengar|spe|1\n|-unboost|p2b: Sinistcha|spe|1\n|\n|upkeep\n|turn|3\n|\n|t:|1788335266\n|switch|p1b: Gholdengo|Gholdengo, L50|100/100\n|switch|p2b: Infernape|Infernape, L50, M|100/100\n|detailschange|p2a: Gengar|Gengar-Mega, L50, F\n|-mega|p2a: Gengar|Gengar|Gengarite\n|move|p1a: Staraptor|Brave Bird|p2b: Infernape\n|-supereffective|p2b: Infernape|1\n|-damage|p2b: Infernape|0 fnt\n|faint|p2b: Infernape\n|-damage|p1a: Staraptor|61/100|[from] Recoil\n|move|p2a: Gengar|Perish Song|p2a: Gengar\n|-start|p1a: Staraptor|perish3|[silent]\n|-immune|p1b: Gholdengo|[from] ability: Good as Gold\n|-start|p2a: Gengar|perish3|[silent]\n|-fieldactivate|move: Perish Song\n|\n|-start|p1a: Staraptor|perish3\n|-start|p2a: Gengar|perish3\n|upkeep\n|inactive|edgred has 30 seconds left.\n|\n|t:|1788335292\n|switch|p2b: Excadrill|Excadrill, L50, F|100/100\n|turn|4\n|\n|t:|1788335299\n|switch|p1b: Milotic|Milotic, L50, F|100/100\n|move|p2b: Excadrill|Protect|p2b: Excadrill\n|-singleturn|p2b: Excadrill|Protect\n|move|p2a: Gengar|Protect|p2a: Gengar\n|-singleturn|p2a: Gengar|Protect\n|move|p1a: Staraptor|Close Combat|p2b: Excadrill\n|-activate|p2b: Excadrill|move: Protect\n|\n|-start|p1a: Staraptor|perish2\n|-start|p2a: Gengar|perish2\n|upkeep\n|turn|5\n|\n|t:|1788335319\n|switch|p2b: Sinistcha|Sinistcha-Masterpiece, L50|78/100\n|-heal|p2a: Gengar|100/100|[from] ability: Hospitality|[of] p2b: Sinistcha\n|move|p1a: Staraptor|Brave Bird|p2b: Sinistcha\n|-supereffective|p2b: Sinistcha|1\n|-damage|p2b: Sinistcha|0 fnt\n|faint|p2b: Sinistcha\n|-damage|p1a: Staraptor|37/100|[from] Recoil\n|move|p2a: Gengar|Sludge Bomb|p1a: Staraptor\n|-damage|p1a: Staraptor|0 fnt\n|faint|p1a: Staraptor\n|move|p1b: Milotic|Scald|p2a: Gengar\n|-damage|p2a: Gengar|63/100\n|\n|-start|p2a: Gengar|perish1\n|upkeep\n|\n|t:|1788335334\n|switch|p1a: Excadrill|Excadrill, L50, F|100/100\n|switch|p2b: Excadrill|Excadrill, L50, F|100/100\n|turn|6\n|\n|t:|1788335341\n|move|p1a: Excadrill|Protect|p1a: Excadrill\n|-singleturn|p1a: Excadrill|Protect\n|move|p2b: Excadrill|Protect|p2b: Excadrill\n|-singleturn|p2b: Excadrill|Protect\n|move|p1b: Milotic|Protect|p1b: Milotic\n|-singleturn|p1b: Milotic|Protect\n|move|p2a: Gengar|Perish Song|p2a: Gengar\n|-start|p1a: Excadrill|perish3|[silent]\n|-start|p1b: Milotic|perish3|[silent]\n|-start|p2b: Excadrill|perish3|[silent]\n|-fieldactivate|move: Perish Song\n|\n|-start|p1a: Excadrill|perish3\n|-start|p2b: Excadrill|perish3\n|-start|p2a: Gengar|perish0\n|-start|p1b: Milotic|perish3\n|faint|p2a: Gengar\n|upkeep\n|turn|7\n|\n|t:|1788335359\n|move|p1a: Excadrill|High Horsepower|p2b: Excadrill\n|-supereffective|p2b: Excadrill|1\n|-enditem|p2b: Excadrill|Focus Sash\n|-damage|p2b: Excadrill|1/100\n|move|p2b: Excadrill|Earthquake|p1a: Excadrill|[spread] p1a,p1b\n|-supereffective|p1a: Excadrill|1\n|-enditem|p1a: Excadrill|Focus Sash\n|-damage|p1a: Excadrill|1/100\n|-damage|p1b: Milotic|57/100\n|move|p1b: Milotic|Scald|p2b: Excadrill\n|-supereffective|p2b: Excadrill|1\n|-damage|p2b: Excadrill|0 fnt\n|faint|p2b: Excadrill\n|\n|win|Kwiper\n|raw|Kwiper's rating: 1616 &rarr; <strong>1629</strong><br />(+13 for winning)\n|raw|edgred's rating: 1491 &rarr; <strong>1478</strong><br />(-13 for losing)\n","uploadtime":1788335359,"views":"4","formatid":"gen9championsvgc2026regmb","rating":1478,"private":0,"password":null}