{"id":"gen9championsvgc2026regmb-2674098329","format":"[Gen 9 Champions] VGC 2026 Reg M-B","players":["BugCatcherTheThird","hiimjo11"],"log":"|j|☆BugCatcherTheThird\n|j|☆hiimjo11\n|t:|1788298886\n|gametype|doubles\n|player|p1|BugCatcherTheThird|pokemonranger-gen4|1082\n|player|p2|hiimjo11|1|1129\n|gen|9\n|tier|[Gen 9 Champions] VGC 2026 Reg M-B\n|rated|\n|rule|Species Clause: Limit one of each Pokémon\n|rule|Item Clause: Limit 1 of each item\n|clearpoke\n|poke|p1|Araquanid, L50, M|\n|poke|p1|Scizor, L50, M|\n|poke|p1|Volcarona, L50, F|\n|poke|p1|Vivillon, L50, M|\n|poke|p1|Ariados, L50, F|\n|poke|p1|Heracross, L50, M|\n|poke|p2|Blaziken, L50, M, shiny|\n|poke|p2|Scovillain, L50, M, shiny|\n|poke|p2|Sinistcha-Masterpiece, L50|\n|poke|p2|Klefki, L50, F|\n|poke|p2|Metagross, L50|\n|poke|p2|Dragapult, L50, F|\n|teampreview|4\n|inactive|Battle timer is ON: inactive players will automatically lose when time's up. (requested by BugCatcherTheThird)\nBugCatcherTheThird has agreed to open team sheets.\n|\n|t:|1788298912\n|teamsize|p1|4\n|teamsize|p2|4\n|start\n|switch|p1a: Volcarona|Volcarona, L50, F|100/100\n|switch|p1b: Ariados|Ariados, L50, F|100/100\n|switch|p2a: Blaziken|Blaziken, L50, M, shiny|100/100\n|switch|p2b: Scovillain|Scovillain, L50, M, shiny|100/100\n|turn|1\n|\n|t:|1788298925\n|detailschange|p2b: Scovillain|Scovillain-Mega, L50, M, shiny\n|-mega|p2b: Scovillain|Scovillain|Scovillainite\n|move|p2b: Scovillain|Rage Powder|p2b: Scovillain\n|-singleturn|p2b: Scovillain|move: Rage Powder\n|move|p1a: Volcarona|Quiver Dance|p1a: Volcarona\n|-boost|p1a: Volcarona|spa|1\n|-boost|p1a: Volcarona|spd|1\n|-boost|p1a: Volcarona|spe|1\n|move|p2a: Blaziken|Swords Dance|p2a: Blaziken\n|-boost|p2a: Blaziken|atk|2\n|move|p1b: Ariados|String Shot|p2a: Blaziken|[spread] p2a,p2b\n|-unboost|p2a: Blaziken|spe|2\n|-unboost|p2b: Scovillain|spe|2\n|\n|-ability|p2a: Blaziken|Speed Boost|boost\n|-boost|p2a: Blaziken|spe|1\n|upkeep\n|turn|2\n|\n|t:|1788298946\n|move|p1b: Ariados|Rage Powder|p1b: Ariados\n|-singleturn|p1b: Ariados|move: Rage Powder\n|move|p2b: Scovillain|Rage Powder|p2b: Scovillain\n|-singleturn|p2b: Scovillain|move: Rage Powder\n|move|p1a: Volcarona|Quiver Dance|p1a: Volcarona\n|-boost|p1a: Volcarona|spa|1\n|-boost|p1a: Volcarona|spd|1\n|-boost|p1a: Volcarona|spe|1\n|move|p2a: Blaziken|Blaze Kick|p1b: Ariados|[miss]\n|-miss|p2a: Blaziken|p1b: Ariados\n|\n|-ability|p2a: Blaziken|Speed Boost|boost\n|-boost|p2a: Blaziken|spe|1\n|upkeep\n|turn|3\n|\n|t:|1788298962\n|move|p1b: Ariados|Rage Powder|p1b: Ariados\n|-singleturn|p1b: Ariados|move: Rage Powder\n|move|p1a: Volcarona|Quiver Dance|p1a: Volcarona\n|-boost|p1a: Volcarona|spa|1\n|-boost|p1a: Volcarona|spd|1\n|-boost|p1a: Volcarona|spe|1\n|move|p2a: Blaziken|Blaze Kick|p1b: Ariados\n|-supereffective|p1b: Ariados|1\n|-damage|p1b: Ariados|0 fnt\n|faint|p1b: Ariados\n|-damage|p2a: Blaziken|90/100|[from] item: Life Orb\n|move|p2b: Scovillain|Overheat|p1a: Volcarona\n|-damage|p1a: Volcarona|76/100\n|-unboost|p2b: Scovillain|spa|2\n|\n|-ability|p2a: Blaziken|Speed Boost|boost\n|-boost|p2a: Blaziken|spe|1\n|upkeep\n|\n|t:|1788298979\n|switch|p1b: Vivillon|Vivillon, L50, M|100/100\n|turn|4\n|inactive|BugCatcherTheThird has 30 seconds left.\n|\n|t:|1788299006\n|move|p2b: Scovillain|Rage Powder|p2b: Scovillain\n|-singleturn|p2b: Scovillain|move: Rage Powder\n|move|p1a: Volcarona|Heat Wave|p2b: Scovillain|[spread] p2a,p2b\n|-resisted|p2a: Blaziken|1\n|-damage|p2a: Blaziken|6/100\n|-damage|p2b: Scovillain|12/100\n|move|p2a: Blaziken|Blaze Kick|p1a: Volcarona\n|-damage|p1a: Volcarona|0 fnt\n|faint|p1a: Volcarona\n|-damage|p2a: Blaziken|0 fnt|[from] item: Life Orb\n|faint|p2a: Blaziken\n|move|p1b: Vivillon|Sleep Powder|p2b: Scovillain\n|-immune|p2b: Scovillain\n|\n|upkeep\n|\n|t:|1788299020\n|switch|p1a: Scizor|Scizor, L50, M|100/100\n|switch|p2a: Dragapult|Dragapult, L50, F|100/100\n|turn|5\n|\n|t:|1788299041\n|detailschange|p1a: Scizor|Scizor-Mega, L50, M\n|-mega|p1a: Scizor|Scizor|Scizorite\n|move|p2b: Scovillain|Rage Powder|p2b: Scovillain\n|-singleturn|p2b: Scovillain|move: Rage Powder\n|move|p2a: Dragapult|Dragon Darts|p1a: Scizor\n|-resisted|p1a: Scizor|1\n|-damage|p1a: Scizor|90/100\n|-anim|p2a: Dragapult|Dragon Darts|p1b: Vivillon\n|-damage|p1b: Vivillon|48/100\n|move|p1b: Vivillon|Hurricane|p2b: Scovillain\n|-supereffective|p2b: Scovillain|1\n|-damage|p2b: Scovillain|0 fnt\n|-status|p1b: Vivillon|brn|[from] ability: Spicy Spray|[of] p2b: Scovillain\n|faint|p2b: Scovillain\n|move|p1a: Scizor|Swords Dance|p1a: Scizor\n|-boost|p1a: Scizor|atk|2\n|\n|-damage|p1b: Vivillon|42/100 brn|[from] brn\n|upkeep\n|\n|t:|1788299059\n|switch|p2b: Sinistcha|Sinistcha-Masterpiece, L50|100/100\n|turn|6\n|\n|t:|1788299070\n|move|p2b: Sinistcha|Rage Powder|p2b: Sinistcha\n|-singleturn|p2b: Sinistcha|move: Rage Powder\n|move|p2a: Dragapult|Dragon Darts|p1b: Vivillon\n|-damage|p1b: Vivillon|0 fnt\n|-anim|p2a: Dragapult|Dragon Darts|p1a: Scizor\n|-resisted|p1a: Scizor|1\n|-damage|p1a: Scizor|80/100\n|faint|p1b: Vivillon\n|move|p1a: Scizor|Bug Bite|p2b: Sinistcha\n|-damage|p2b: Sinistcha|25/100\n|\n|upkeep\n|turn|7\n|\n|t:|1788299084\n|move|p2b: Sinistcha|Protect|p2b: Sinistcha\n|-singleturn|p2b: Sinistcha|Protect\n|move|p1a: Scizor|Bullet Punch|p2b: Sinistcha\n|-activate|p2b: Sinistcha|move: Protect\n|move|p2a: Dragapult|Dragon Darts|p1a: Scizor\n|-resisted|p1a: Scizor|1\n|-damage|p1a: Scizor|70/100\n|-anim|p2a: Dragapult|Dragon Darts|p1a: Scizor\n|-resisted|p1a: Scizor|1\n|-damage|p1a: Scizor|60/100\n|\n|upkeep\n|turn|8\n|\n|t:|1788299097\n|move|p1a: Scizor|Bullet Punch|p2b: Sinistcha\n|-damage|p2b: Sinistcha|0 fnt\n|faint|p2b: Sinistcha\n|move|p2a: Dragapult|Dragon Darts|p1a: Scizor\n|-resisted|p1a: Scizor|1\n|-damage|p1a: Scizor|49/100\n|-anim|p2a: Dragapult|Dragon Darts|p1a: Scizor\n|-resisted|p1a: Scizor|1\n|-damage|p1a: Scizor|38/100\n|\n|upkeep\n|turn|9\n|\n|t:|1788299107\n|move|p1a: Scizor|Bullet Punch|p2a: Dragapult\n|-damage|p2a: Dragapult|0 fnt\n|faint|p2a: Dragapult\n|\n|win|BugCatcherTheThird\n|raw|BugCatcherTheThird's rating: 1082 &rarr; <strong>1113</strong><br />(+31 for winning)\n|raw|hiimjo11's rating: 1129 &rarr; <strong>1101</strong><br />(-28 for losing)\n","uploadtime":1788299107,"views":"5","formatid":"gen9championsvgc2026regmb","rating":1101,"private":0,"password":null}