{"id":"gen9championsvgc2026regmb-2674264826","format":"[Gen 9 Champions] VGC 2026 Reg M-B","players":["RockyFishy","Thornlace48812"],"log":"|j|☆RockyFishy\n|j|☆Thornlace48812\n|t:|1788326668\n|gametype|doubles\n|player|p1|RockyFishy|steven-masters|1201\n|player|p2|Thornlace48812|1|1178\n|gen|9\n|tier|[Gen 9 Champions] VGC 2026 Reg M-B\n|rated|\n|rule|Species Clause: Limit one of each Pokémon\n|rule|Item Clause: Limit 1 of each item\n|clearpoke\n|poke|p1|Starmie, L50|\n|poke|p1|Volcarona, L50, F|\n|poke|p1|Kommo-o, L50, M|\n|poke|p1|Meowscarada, L50, M|\n|poke|p1|Aerodactyl, L50, F|\n|poke|p1|Sneasler, L50, M|\n|poke|p2|Garchomp, L50, M|\n|poke|p2|Charizard, L50, M|\n|poke|p2|Whimsicott, L50, M|\n|poke|p2|Sylveon, L50, F|\n|poke|p2|Kingambit, L50, F|\n|poke|p2|Basculegion, L50, M|\n|teampreview|4\n|inactive|Battle timer is ON: inactive players will automatically lose when time's up. (requested by Thornlace48812)\nThornlace48812 rejected open team sheets.\n|\n|t:|1788326689\n|teamsize|p1|4\n|teamsize|p2|4\n|start\n|switch|p1a: Timmy Tailwind|Aerodactyl, L50, F|100/100\n|switch|p1b: Robert Fake Out|Sneasler, L50, M|100/100\n|switch|p2a: Whimsicott|Whimsicott, L50, M|100/100\n|switch|p2b: Kingambit|Kingambit, L50, F|100/100\n|-ability|p1a: Timmy Tailwind|Unnerve\n|turn|1\n|\n|t:|1788326703\n|move|p1b: Robert Fake Out|Fake Out|p2b: Kingambit\n|-resisted|p2b: Kingambit|1\n|-damage|p2b: Kingambit|93/100\n|move|p2a: Whimsicott|Tailwind|p2a: Whimsicott\n|-sidestart|p2: Thornlace48812|move: Tailwind\n|cant|p2b: Kingambit|flinch\n|move|p1a: Timmy Tailwind|Dual Wingbeat|p2a: Whimsicott\n|-supereffective|p2a: Whimsicott|1\n|-damage|p2a: Whimsicott|47/100\n|-supereffective|p2a: Whimsicott|1\n|-damage|p2a: Whimsicott|0 fnt\n|faint|p2a: Whimsicott\n|-hitcount|p2: Whimsicott|2\n|\n|upkeep\n|\n|t:|1788326703\n|switch|p2a: Basculegion|Basculegion, L50, M|100/100\n|turn|2\n|\n|t:|1788326721\n|move|p2a: Basculegion|Last Respects|p1a: Timmy Tailwind\n|-crit|p1a: Timmy Tailwind\n|-enditem|p1a: Timmy Tailwind|Focus Sash\n|-damage|p1a: Timmy Tailwind|1/100\n|move|p2b: Kingambit|Kowtow Cleave|p1b: Robert Fake Out\n|-resisted|p1b: Robert Fake Out|1\n|-damage|p1b: Robert Fake Out|50/100g\n|move|p1a: Timmy Tailwind|Tailwind|p1a: Timmy Tailwind\n|-sidestart|p1: RockyFishy|move: Tailwind\n|move|p1b: Robert Fake Out|Close Combat|p2b: Kingambit\n|-supereffective|p2b: Kingambit|2\n|-damage|p2b: Kingambit|0 fnt\n|-unboost|p1b: Robert Fake Out|def|1\n|-unboost|p1b: Robert Fake Out|spd|1\n|faint|p2b: Kingambit\n|-end|p2b: Kingambit|fallenundefined|[silent]\n|-enditem|p1b: Robert Fake Out|White Herb\n|-clearnegativeboost|p1b: Robert Fake Out|[silent]\n|\n|upkeep\n|\n|t:|1788326721\n|switch|p2b: Charizard|Charizard, L50, M|100/100\n|turn|3\n|\n|t:|1788326735\n|detailschange|p2b: Charizard|Charizard-Mega-Y, L50, M\n|-mega|p2b: Charizard|Charizard|Charizardite Y\n|-weather|SunnyDay|[from] ability: Drought|[of] p2b: Charizard\n|move|p1b: Robert Fake Out|Quick Guard|p1b: Robert Fake Out\n|-singleturn|p1b: Robert Fake Out|Quick Guard\n|move|p1a: Timmy Tailwind|Rock Slide|p2a: Basculegion|[spread] p2a,p2b\n|-supereffective|p2b: Charizard|2\n|-damage|p2a: Basculegion|69/100\n|-damage|p2b: Charizard|0 fnt\n|faint|p2b: Charizard\n|move|p2a: Basculegion|Last Respects|p1a: Timmy Tailwind\n|-damage|p1a: Timmy Tailwind|0 fnt\n|faint|p1a: Timmy Tailwind\n|\n|-weather|SunnyDay|[upkeep]\n|upkeep\n|\n|t:|1788326744\n|switch|p1a: Jerry Flower Trick|Meowscarada, L50, M|100/100\n|turn|4\n|\n|t:|1788326748\n|move|p2a: Basculegion|Protect|p2a: Basculegion\n|-singleturn|p2a: Basculegion|Protect\n|move|p1a: Jerry Flower Trick|Sucker Punch||[still]\n|-fail|p1a: Jerry Flower Trick\n|move|p1b: Robert Fake Out|Dire Claw|p2a: Basculegion\n|-activate|p2a: Basculegion|move: Protect\n|\n|-weather|SunnyDay|[upkeep]\n|-sideend|p2: Thornlace48812|move: Tailwind\n|upkeep\n|turn|5\n|\n|t:|1788326753\n|move|p1a: Jerry Flower Trick|Sucker Punch|p2a: Basculegion\n|-supereffective|p2a: Basculegion|1\n|-damage|p2a: Basculegion|0 fnt\n|faint|p2a: Basculegion\n|-damage|p1a: Jerry Flower Trick|90/100|[from] item: Life Orb\n|\n|win|RockyFishy\n|raw|RockyFishy's rating: 1201 &rarr; <strong>1222</strong><br />(+21 for winning)\n|raw|Thornlace48812's rating: 1144 &rarr; <strong>1123</strong><br />(-21 for losing)\n","uploadtime":1788326753,"views":"3","formatid":"gen9championsvgc2026regmb","rating":1123,"private":0,"password":null}