{"id":"gen9championsvgc2026regmbbo3-2673403373","format":"[Gen 9 Champions] VGC 2026 Reg M-B (Bo3)","players":["raibhay","testsubject8888"],"log":"|j|☆raibhay\n|j|☆testsubject8888\n|html|<table width=\"100%\"><tr><td align=\"left\">raibhay</td><td align=\"right\">testsubject8888</tr><tr><td align=\"left\"><i class=\"fa fa-circle\"></i> <i class=\"fa fa-circle-o\"></i> </td><td align=\"right\"><i class=\"fa fa-circle-o\"></i> <i class=\"fa fa-circle\"></i> </tr></table>\n|uhtml|bestof|<h2><strong>Game 3</strong> of <a href=\"/game-bestof3-gen9championsvgc2026regmbbo3-2673395670\">a best-of-3</a></h2>\n|t:|1788193604\n|gametype|doubles\n|player|p1|raibhay|169|\n|player|p2|testsubject8888|102|\n|gen|9\n|tier|[Gen 9 Champions] VGC 2026 Reg M-B (Bo3)\n|rule|Species Clause: Limit one of each Pokémon\n|rule|Item Clause: Limit 1 of each item\n|clearpoke\n|poke|p1|Toxapex, L50, F|\n|poke|p1|Charizard, L50, F|\n|poke|p1|Venusaur, L50, F|\n|poke|p1|Garchomp, L50, F|\n|poke|p1|Incineroar, L50, F|\n|poke|p1|Annihilape, L50, M|\n|poke|p2|Staraptor, L50, F|\n|poke|p2|Vanilluxe, L50, M|\n|poke|p2|Farigiraf, L50, M|\n|poke|p2|Blastoise, L50, M|\n|poke|p2|Kingambit, L50, F|\n|poke|p2|Camerupt, L50, F|\n|teampreview|4\n|showteam|p1|Toxapex||Leftovers|Regenerator|Infestation,Toxic,WideGuard,BanefulBunker|Bold||F|||50|]Charizard||CharizarditeY|Blaze|HelpingHand,HeatWave,WeatherBall,Protect|Modest||F|||50|]Venusaur||LifeOrb|Chlorophyll|SludgeBomb,Protect,GigaDrain,EarthPower|Modest||F|||50|]Garchomp||ChoiceScarf|RoughSkin|Earthquake,DragonClaw,RockSlide,StompingTantrum|Adamant||F|||50|]Incineroar||SitrusBerry|Intimidate|FakeOut,PartingShot,FlareBlitz,DarkestLariat|Careful||F|||50|]Annihilape||FocusSash|Defiant|RageFist,DrainPunch,Protect,BulkUp|Jolly||M|||50|\n|showteam|p2|Staraptor||ChoiceScarf|Intimidate|FinalGambit,BraveBird,CloseCombat,Uturn|Jolly||F|||50|]Vanilluxe||NeverMeltIce|SnowWarning|Blizzard,FreezeDry,Protect,IceShard|Quiet||M|||50|]Farigiraf||ColburBerry|ArmorTail|PsychicFangs,HyperVoice,HelpingHand,TrickRoom|Relaxed||M|||50|]Blastoise||Blastoisinite|RainDish|FakeOut,WaterSpout,AuraSphere,DarkPulse|Quiet||M|||50|]Kingambit||LifeOrb|Defiant|KowtowCleave,IronHead,Protect,SuckerPunch|Brave||F|||50|]Camerupt||Cameruptite|SolidRock|HeatWave,EarthPower,Protect,AncientPower|Quiet||F|||50|\n|\n|t:|1788193634\n|teamsize|p1|4\n|teamsize|p2|4\n|start\n|switch|p1a: Charizard|Charizard, L50, F|100/100\n|switch|p1b: Annihilape|Annihilape, L50, M|100/100\n|switch|p2a: Farigiraf|Farigiraf, L50, M|100/100\n|switch|p2b: Staraptor|Staraptor, L50, F|100/100\n|-ability|p2b: Staraptor|Intimidate|boost\n|-unboost|p1a: Charizard|atk|1\n|-unboost|p1b: Annihilape|atk|1\n|-ability|p1b: Annihilape|Defiant|boost\n|-boost|p1b: Annihilape|atk|2\n|turn|1\n|inactive|Battle timer is ON: inactive players will automatically lose when time's up. (requested by testsubject8888)\n|inactive|testsubject8888 has 60 seconds left.\n|\n|t:|1788193678\n|detailschange|p1a: Charizard|Charizard-Mega-Y, L50, F\n|-mega|p1a: Charizard|Charizard|Charizardite Y\n|-weather|SunnyDay|[from] ability: Drought|[of] p1a: Charizard\n|move|p2b: Staraptor|Brave Bird|p1b: Annihilape\n|-supereffective|p1b: Annihilape|1\n|-enditem|p1b: Annihilape|Focus Sash\n|-damage|p1b: Annihilape|1/100\n|-damage|p2b: Staraptor|68/100|[from] Recoil\n|move|p1b: Annihilape|Drain Punch|p2a: Farigiraf\n|-damage|p2a: Farigiraf|66/100\n|-heal|p1b: Annihilape|21/100|[from] drain|[of] p2a: Farigiraf\n|move|p1a: Charizard|Heat Wave|p2a: Farigiraf|[spread] p2a,p2b\n|-damage|p2a: Farigiraf|14/100\n|-damage|p2b: Staraptor|0 fnt\n|faint|p2b: Staraptor\n|move|p2a: Farigiraf|Trick Room|p2a: Farigiraf\n|-fieldstart|move: Trick Room|[of] p2a: Farigiraf\n|\n|-weather|SunnyDay|[upkeep]\n|upkeep\n|\n|t:|1788193694\n|switch|p2b: Vanilluxe|Vanilluxe, L50, M|100/100\n|-weather|Snowscape|[from] ability: Snow Warning|[of] p2b: Vanilluxe\n|turn|2\n|inactive|raibhay has 30 seconds left.\n|\n|t:|1788193721\n|switch|p1b: Incineroar|Incineroar, L50, F|100/100\n|-ability|p1b: Incineroar|Intimidate|boost\n|-unboost|p2a: Farigiraf|atk|1\n|-unboost|p2b: Vanilluxe|atk|1\n|move|p2a: Farigiraf|Psychic Fangs|p1a: Charizard\n|-damage|p1a: Charizard|72/100\n|move|p2b: Vanilluxe|Blizzard|p1a: Charizard|[spread] p1a,p1b\n|-resisted|p1b: Incineroar|1\n|-damage|p1a: Charizard|16/100\n|-damage|p1b: Incineroar|71/100\n|move|p1a: Charizard|Heat Wave|p2b: Vanilluxe|[spread] p2a,p2b\n|-supereffective|p2b: Vanilluxe|1\n|-damage|p2a: Farigiraf|0 fnt\n|-damage|p2b: Vanilluxe|22/100\n|-status|p2b: Vanilluxe|brn\n|faint|p2a: Farigiraf\n|\n|-weather|Snowscape|[upkeep]\n|-damage|p2b: Vanilluxe|16/100 brn|[from] brn\n|upkeep\n|\n|t:|1788193731\n|switch|p2a: Camerupt|Camerupt, L50, F|100/100\n|turn|3\n|inactive|raibhay has 30 seconds left.\n|\n|t:|1788193757\n|detailschange|p2a: Camerupt|Camerupt-Mega, L50, F\n|-mega|p2a: Camerupt|Camerupt|Cameruptite\n|move|p2a: Camerupt|Protect|p2a: Camerupt\n|-singleturn|p2a: Camerupt|Protect\n|move|p1a: Charizard|Protect|p1a: Charizard\n|-singleturn|p1a: Charizard|Protect\n|move|p1b: Incineroar|Fake Out|p2a: Camerupt\n|-activate|p2a: Camerupt|move: Protect\n|move|p2b: Vanilluxe|Blizzard|p1a: Charizard|[spread] p1b\n|-activate|p1a: Charizard|move: Protect\n|-resisted|p1b: Incineroar|1\n|-damage|p1b: Incineroar|47/100\n|-status|p1b: Incineroar|frz\n|-enditem|p1b: Incineroar|Sitrus Berry|[eat]\n|-heal|p1b: Incineroar|72/100 frz|[from] item: Sitrus Berry\n|\n|-weather|Snowscape|[upkeep]\n|-damage|p2b: Vanilluxe|10/100 brn|[from] brn\n|upkeep\n|turn|4\n|inactive|raibhay has 30 seconds left.\n|inactive|raibhay has 20 seconds left.\n|\n|t:|1788193797\n|switch|p1a: Annihilape|Annihilape, L50, M|21/100\n|move|p2a: Camerupt|Earth Power|p1b: Incineroar\n|-supereffective|p1b: Incineroar|1\n|-damage|p1b: Incineroar|0 fnt\n|faint|p1b: Incineroar\n|move|p2b: Vanilluxe|Blizzard|p1a: Annihilape\n|-damage|p1a: Annihilape|0 fnt\n|faint|p1a: Annihilape\n|\n|-weather|Snowscape|[upkeep]\n|-damage|p2b: Vanilluxe|3/100 brn|[from] brn\n|upkeep\n|\n|t:|1788193811\n|switch|p1b: Charizard|Charizard-Mega-Y, L50, F|16/100\n|switch|p1a: Garchomp|Garchomp, L50, F|100/100\n|-weather|SunnyDay|[from] ability: Drought|[of] p1b: Charizard\n|turn|5\n|inactive|testsubject8888 has 30 seconds left.\n|\n|t:|1788193840\n|move|p1b: Charizard|Protect|p1b: Charizard\n|-singleturn|p1b: Charizard|Protect\n|move|p2a: Camerupt|Ancient Power|p1b: Charizard\n|-activate|p1b: Charizard|move: Protect\n|move|p2b: Vanilluxe|Freeze-Dry|p1a: Garchomp\n|-supereffective|p1a: Garchomp|2\n|-damage|p1a: Garchomp|0 fnt\n|faint|p1a: Garchomp\n|\n|-weather|SunnyDay|[upkeep]\n|-damage|p2b: Vanilluxe|0 fnt|[from] brn\n|faint|p2b: Vanilluxe\n|-fieldend|move: Trick Room\n|upkeep\n|turn|6\n|\n|t:|1788193860\n|move|p1b: Charizard|Weather Ball|p2a: Camerupt\n|-resisted|p2a: Camerupt|1\n|-crit|p2a: Camerupt\n|-damage|p2a: Camerupt|39/100\n|move|p2a: Camerupt|Ancient Power|p1b: Charizard\n|-supereffective|p1b: Charizard|2\n|-damage|p1b: Charizard|0 fnt\n|faint|p1b: Charizard\n|\n|win|testsubject8888\n|l|☆raibhay\n|player|p1|\n|l|☆testsubject8888\n|player|p2|\n|j|☆testsubject8888\n|player|p2|testsubject8888|102|\n","uploadtime":1788194109,"views":"14","formatid":"gen9championsvgc2026regmbbo3","rating":null,"private":0,"password":null}