{"id":"gen9championsvgc2026regmb-2674872329","format":"[Gen 9 Champions] VGC 2026 Reg M-B","players":["keanuvgc","shadow of the tag"],"log":"|j|☆keanuvgc\n|j|☆shadow of the tag\n|html|<table width=\"100%\"><tr><td align=\"left\">keanuvgc</td><td align=\"right\">shadow of the tag</tr><tr><td align=\"left\"><i class=\"fa fa-circle\"></i> <i class=\"fa fa-circle-o\"></i> </td><td align=\"right\"><i class=\"fa fa-circle-o\"></i> <i class=\"fa fa-circle-o\"></i> </tr></table>\n|uhtml|bestof|<h2><strong>Game 2</strong> of <a href=\"/game-bestof3-gen9championsvgc2026regmb-2674871484\">a best-of-3</a></h2>\n|t:|1788426120\n|gametype|doubles\n|player|p1|keanuvgc|#epl2023realaegislash|\n|player|p2|shadow of the tag|giovanni|\n|gen|9\n|tier|[Gen 9 Champions] VGC 2026 Reg M-B\n|rated|Tournament battle\n|rule|Species Clause: Limit one of each Pokémon\n|rule|Item Clause: Limit 1 of each item\n|raw|<div class=\"infobox\"><details class=\"readmore\" open><summary><strong>2 custom rules:</strong></summary> Force Open Team Sheets, Best of = 3</details></div>\n|clearpoke\n|poke|p1|Charizard, L50, F, shiny|\n|poke|p1|Whimsicott, L50, F, shiny|\n|poke|p1|Floette-Eternal, L50, F|\n|poke|p1|Garchomp, L50, M, shiny|\n|poke|p1|Incineroar, L50, M|\n|poke|p1|Basculegion, L50, M, shiny|\n|poke|p2|Espathra, L50, M|\n|poke|p2|Archaludon, L50, F|\n|poke|p2|Politoed, L50, M|\n|poke|p2|Scovillain, L50, M|\n|poke|p2|Sneasler, L50, F|\n|poke|p2|Manectric, L50, M|\n|teampreview|4\n|showteam|p1|Charizard||CharizarditeY|Blaze|Protect,HeatWave,SolarBeam,WeatherBall|Modest||F|||50|]Whimsicott||FocusSash|Prankster|Protect,Moonblast,Tailwind,Encore|Timid||F|||50|]Floette-Eternal||Floettite|FlowerVeil|Protect,Moonblast,DazzlingGleam,LightofRuin|Modest||F|||50|]Garchomp||RoseliBerry|RoughSkin|Protect,DragonClaw,StompingTantrum,RockSlide|Jolly||M|||50|]Incineroar||SitrusBerry|Intimidate|PartingShot,FlareBlitz,ThroatChop,FakeOut|Careful||M|||50|]Basculegion||LifeOrb|Adaptability|Protect,WaveCrash,LastRespects,AquaJet|Adamant||M|||50|\n|showteam|p2|Espathra||ColburBerry|Opportunist|LuminaCrash,CalmMind,BatonPass,Protect|Bold||M|||50|]Archaludon||Leftovers|Stamina|ElectroShot,DragonPulse,FlashCannon,Protect|Modest||F|||50|]Politoed||SitrusBerry|Drizzle|MuddyWater,IceBeam,PsychUp,Protect|Calm||M|||50|]Scovillain||Scovillainite|Chlorophyll|RagePowder,LeechSeed,SpicyExtract,Protect|Careful||M|||50|]Sneasler||WhiteHerb|Unburden|CloseCombat,DireClaw,FakeOut,Protect|Adamant||F|||50|]Manectric||Manectite|Static|VoltSwitch,Snarl,Thunder,Protect|Timid||M|||50|\n|inactive|Battle timer is ON: inactive players will automatically lose when time's up. (requested by shadow of the tag)\n|j| endershovel\n|\n|t:|1788426137\n|teamsize|p1|4\n|teamsize|p2|4\n|start\n|switch|p1a: Whimsicott|Whimsicott, L50, F, shiny|100/100\n|switch|p1b: Basculegion|Basculegion, L50, M, shiny|100/100\n|switch|p2a: Espathra|Espathra, L50, M|100/100\n|switch|p2b: Scovillain|Scovillain, L50, M|100/100\n|turn|1\n|inactive|shadow of the tag has 30 seconds left.\n|\n|t:|1788426167\n|detailschange|p2b: Scovillain|Scovillain-Mega, L50, M\n|-mega|p2b: Scovillain|Scovillain|Scovillainite\n|move|p2a: Espathra|Protect|p2a: Espathra\n|-singleturn|p2a: Espathra|Protect\n|move|p1a: Whimsicott|Moonblast|p2b: Scovillain\n|-resisted|p2b: Scovillain|1\n|-damage|p2b: Scovillain|83/100\n|-status|p1a: Whimsicott|brn|[from] ability: Spicy Spray|[of] p2b: Scovillain\n|move|p1b: Basculegion|Wave Crash|p2b: Scovillain\n|-damage|p2b: Scovillain|0 fnt\n|-status|p1b: Basculegion|brn|[from] ability: Spicy Spray|[of] p2b: Scovillain\n|faint|p2b: Scovillain\n|-damage|p1b: Basculegion|75/100 brn|[from] Recoil\n|-damage|p1b: Basculegion|65/100 brn|[from] item: Life Orb\n|\n|-damage|p1a: Whimsicott|94/100 brn|[from] brn\n|-damage|p1b: Basculegion|59/100 brn|[from] brn\n|upkeep\n|\n|t:|1788426183\n|switch|p2b: Politoed|Politoed, L50, M|100/100\n|-weather|RainDance|[from] ability: Drizzle|[of] p2b: Politoed\n|turn|2\n|inactive|shadow of the tag has 30 seconds left.\n|\n|t:|1788426213\n|move|p1a: Whimsicott|Encore|p2a: Espathra\n|-start|p2a: Espathra|Encore\n|move|p2a: Espathra|Protect||[still]\n|-fail|p2a: Espathra\n|move|p1b: Basculegion|Wave Crash|p2b: Politoed\n|-resisted|p2b: Politoed|1\n|-damage|p2b: Politoed|55/100\n|-damage|p1b: Basculegion|44/100 brn|[from] Recoil\n|-damage|p1b: Basculegion|34/100 brn|[from] item: Life Orb\n|move|p2b: Politoed|Muddy Water|p1a: Whimsicott|[spread] p1a,p1b\n|-resisted|p1a: Whimsicott|1\n|-resisted|p1b: Basculegion|1\n|-damage|p1a: Whimsicott|69/100 brn\n|-damage|p1b: Basculegion|17/100 brn\n|\n|-weather|RainDance|[upkeep]\n|-damage|p1a: Whimsicott|63/100 brn|[from] brn\n|-damage|p1b: Basculegion|11/100 brn|[from] brn\n|upkeep\n|turn|3\n|\n|t:|1788426233\n|move|p2a: Espathra|Protect|p2a: Espathra\n|-singleturn|p2a: Espathra|Protect\n|move|p2b: Politoed|Protect|p2b: Politoed\n|-singleturn|p2b: Politoed|Protect\n|move|p1a: Whimsicott|Moonblast|p2a: Espathra\n|-activate|p2a: Espathra|move: Protect\n|move|p1b: Basculegion|Wave Crash|p2b: Politoed\n|-activate|p2b: Politoed|move: Protect\n|\n|-weather|RainDance|[upkeep]\n|-damage|p1a: Whimsicott|57/100 brn|[from] brn\n|-damage|p1b: Basculegion|5/100 brn|[from] brn\n|upkeep\n|turn|4\n|\n|t:|1788426247\n|switch|p2a: Archaludon|Archaludon, L50, F|100/100\n|move|p1a: Whimsicott|Encore|p2b: Politoed\n|-start|p2b: Politoed|Encore\n|move|p2b: Politoed|Protect||[still]\n|-fail|p2b: Politoed\n|move|p1b: Basculegion|Wave Crash|p2a: Archaludon\n|-resisted|p2a: Archaludon|1\n|-damage|p2a: Archaludon|68/100\n|-ability|p2a: Archaludon|Stamina|boost\n|-boost|p2a: Archaludon|def|1\n|-damage|p1b: Basculegion|0 fnt|[from] Recoil\n|faint|p1b: Basculegion\n|\n|-weather|RainDance|[upkeep]\n|-heal|p2a: Archaludon|74/100|[from] item: Leftovers\n|-damage|p1a: Whimsicott|51/100 brn|[from] brn\n|upkeep\n|\n|t:|1788426268\n|switch|p1b: Floette|Floette-Eternal, L50, F|100/100\n|turn|5\n|inactive|shadow of the tag has 30 seconds left.\n|\n|t:|1788426297\n|switch|p2b: Espathra|Espathra, L50, M|100/100\n|detailschange|p1b: Floette|Floette-Mega, L50, F\n|-mega|p1b: Floette|Floette|Floettite\n|-ability|p1b: Floette|Fairy Aura\n|move|p1a: Whimsicott|Moonblast|p2a: Archaludon\n|-damage|p2a: Archaludon|14/100\n|-ability|p2a: Archaludon|Stamina|boost\n|-boost|p2a: Archaludon|def|1\n|move|p1b: Floette|Dazzling Gleam|p2a: Archaludon|[spread] p2a,p2b\n|-damage|p2a: Archaludon|0 fnt\n|-damage|p2b: Espathra|33/100\n|faint|p2a: Archaludon\n|\n|-weather|RainDance|[upkeep]\n|-damage|p1a: Whimsicott|45/100 brn|[from] brn\n|upkeep\n|\n|t:|1788426309\n|switch|p2a: Politoed|Politoed, L50, M|55/100\n|turn|6\n|\n|t:|1788426320\n|move|p1a: Whimsicott|Tailwind|p1a: Whimsicott\n|-sidestart|p1: keanuvgc|move: Tailwind\n|move|p1b: Floette|Dazzling Gleam|p2a: Politoed|[spread] p2a,p2b\n|-crit|p2a: Politoed\n|-damage|p2a: Politoed|0 fnt\n|-damage|p2b: Espathra|0 fnt\n|faint|p2a: Politoed\n|faint|p2b: Espathra\n|\n|win|keanuvgc\n","uploadtime":1788426320,"views":"2","formatid":"gen9championsvgc2026regmb","rating":null,"private":0,"password":null}