{"id":"gen9championsvgc2026regmbbo3-2673348558","format":"[Gen 9 Champions] VGC 2026 Reg M-B (Bo3)","players":["adandelionbreath","beni_9"],"log":"|j|☆adandelionbreath\n|j|☆beni_9\n|html|<table width=\"100%\"><tr><td align=\"left\">adandelionbreath</td><td align=\"right\">beni_9</tr><tr><td align=\"left\"><i class=\"fa fa-circle-o\"></i> <i class=\"fa fa-circle-o\"></i> </td><td align=\"right\"><i class=\"fa fa-circle-o\"></i> <i class=\"fa fa-circle-o\"></i> </tr></table>\n|uhtml|bestof|<h2><strong>Game 1</strong> of <a href=\"/game-bestof3-gen9championsvgc2026regmbbo3-2673348557\">a best-of-3</a></h2>\n|t:|1788186734\n|gametype|doubles\n|player|p1|adandelionbreath|winona|1439\n|player|p2|beni_9|alder|1475\n|gen|9\n|tier|[Gen 9 Champions] VGC 2026 Reg M-B (Bo3)\n|rated|\n|rule|Species Clause: Limit one of each Pokémon\n|rule|Item Clause: Limit 1 of each item\n|clearpoke\n|poke|p1|Froslass, L50, F|\n|poke|p1|Incineroar, L50, M|\n|poke|p1|Basculegion, L50, M|\n|poke|p1|Lycanroc-Dusk, L50, M|\n|poke|p1|Kingambit, L50, M|\n|poke|p1|Azumarill, L50, M|\n|poke|p2|Froslass, L50, F|\n|poke|p2|Basculegion, L50, M|\n|poke|p2|Kingambit, L50, M|\n|poke|p2|Sneasler, L50, F|\n|poke|p2|Lycanroc-Dusk, L50, M|\n|poke|p2|Scovillain, L50, M|\n|teampreview|4\n|showteam|p1|Froslass||Froslassite|CursedBody|AuroraVeil,Blizzard,ShadowBall,Protect|Modest||F|||50|]Incineroar||PasshoBerry|Intimidate|FakeOut,ThroatChop,PartingShot,FlareBlitz|Bold||M|||50|]Basculegion||LifeOrb|Adaptability|AquaJet,WaveCrash,LastRespects,Protect|Adamant||M|||50|]Lycanroc-Dusk||FocusSash|ToughClaws|Accelerock,CloseCombat,RockSlide,Protect|Adamant||M|||50|]Kingambit||BlackGlasses|Defiant|KowtowCleave,SuckerPunch,SwordsDance,Protect|Adamant||M|||50|]Azumarill||SitrusBerry|HugePower|AquaJet,PlayRough,BellyDrum,Protect|Adamant||M|||50|\n|showteam|p2|Froslass||Froslassite|CursedBody|Blizzard,ShadowBall,AuroraVeil,Protect|Timid||F|||50|]Basculegion||MysticWater|Adaptability|WaveCrash,LastRespects,AquaJet,Protect|Adamant||M|||50|]Kingambit||LifeOrb|Defiant|KowtowCleave,SuckerPunch,SwordsDance,Protect|Adamant||M|||50|]Sneasler||WhiteHerb|Unburden|CloseCombat,GunkShot,FakeOut,Protect|Adamant||F|||50|]Lycanroc-Dusk||FocusSash|ToughClaws|RockSlide,CloseCombat,Accelerock,Protect|Adamant||M|||50|]Scovillain||Scovillainite|Moody|Overheat,GigaDrain,RagePowder,Protect|Bold||M|||50|\n|inactive|Battle timer is ON: inactive players will automatically lose when time's up. (requested by adandelionbreath)\n|inactive|beni_9 has 60 seconds left.\n|inactive|beni_9 has 30 seconds left.\n|\n|t:|1788186796\n|teamsize|p1|4\n|teamsize|p2|4\n|start\n|switch|p1a: Azumarill|Azumarill, L50, M|100/100\n|switch|p1b: Froslass|Froslass, L50, F|100/100\n|switch|p2a: Scovillain|Scovillain, L50, M|100/100\n|switch|p2b: Kingambit|Kingambit, L50, M|100/100\n|turn|1\n|inactive|adandelionbreath has 30 seconds left.\n|inactive|beni_9 has 30 seconds left.\n|inactive|adandelionbreath has 20 seconds left.\n|inactive|beni_9 has 20 seconds left.\n|\n|t:|1788186835\n|detailschange|p1b: Froslass|Froslass-Mega, L50, F\n|-mega|p1b: Froslass|Froslass|Froslassite\n|-weather|Snowscape|[from] ability: Snow Warning|[of] p1b: Froslass\n|detailschange|p2a: Scovillain|Scovillain-Mega, L50, M\n|-mega|p2a: Scovillain|Scovillain|Scovillainite\n|move|p1b: Froslass|Aurora Veil|p1b: Froslass\n|-sidestart|p1: adandelionbreath|move: Aurora Veil\n|move|p2a: Scovillain|Giga Drain|p1a: Azumarill\n|-supereffective|p1a: Azumarill|1\n|-damage|p1a: Azumarill|49/100\n|-enditem|p1a: Azumarill|Sitrus Berry|[eat]\n|-heal|p1a: Azumarill|74/100|[from] item: Sitrus Berry\n|move|p1a: Azumarill|Belly Drum|p1a: Azumarill\n|-damage|p1a: Azumarill|24/100\n|-setboost|p1a: Azumarill|atk|6|[from] move: Belly Drum\n|move|p2b: Kingambit|Kowtow Cleave|p1b: Froslass\n|-supereffective|p1b: Froslass|1\n|-damage|p1b: Froslass|25/100\n|-damage|p2b: Kingambit|90/100|[from] item: Life Orb\n|\n|-weather|Snowscape|[upkeep]\n|upkeep\n|turn|2\n|inactive|beni_9 has 30 seconds left.\n|inactive|adandelionbreath has 30 seconds left.\n|\n|t:|1788186870\n|switch|p1b: Lycanroc|Lycanroc-Dusk, L50, M|100/100\n|move|p1a: Azumarill|Protect|p1a: Azumarill\n|-singleturn|p1a: Azumarill|Protect\n|move|p2a: Scovillain|Rage Powder|p2a: Scovillain\n|-singleturn|p2a: Scovillain|move: Rage Powder\n|move|p2b: Kingambit|Swords Dance|p2b: Kingambit\n|-boost|p2b: Kingambit|atk|2\n|\n|-weather|Snowscape|[upkeep]\n|upkeep\n|turn|3\n|\n|t:|1788186894\n|move|p2a: Scovillain|Rage Powder|p2a: Scovillain\n|-singleturn|p2a: Scovillain|move: Rage Powder\n|move|p1a: Azumarill|Aqua Jet|p2a: Scovillain\n|-damage|p2a: Scovillain|15/100\n|-status|p1a: Azumarill|brn|[from] ability: Spicy Spray|[of] p2a: Scovillain\n|move|p2b: Kingambit|Sucker Punch|p1b: Lycanroc\n|-enditem|p1b: Lycanroc|Focus Sash\n|-damage|p1b: Lycanroc|1/100\n|-damage|p2b: Kingambit|80/100|[from] item: Life Orb\n|move|p1b: Lycanroc|Close Combat|p2a: Scovillain\n|-damage|p2a: Scovillain|0 fnt\n|-unboost|p1b: Lycanroc|def|1\n|-unboost|p1b: Lycanroc|spd|1\n|-status|p1b: Lycanroc|brn|[from] ability: Spicy Spray|[of] p2a: Scovillain\n|faint|p2a: Scovillain\n|\n|-weather|Snowscape|[upkeep]\n|-damage|p1b: Lycanroc|0 fnt|[from] brn\n|faint|p1b: Lycanroc\n|-damage|p1a: Azumarill|18/100 brn|[from] brn\n|upkeep\n|inactive|beni_9 has 30 seconds left.\n|\n|t:|1788186924\n|switch|p1b: Kingambit|Kingambit, L50, M|100/100\n|switch|p2a: Sneasler|Sneasler, L50, F|100/100\n|turn|4\n|inactive|beni_9 has 30 seconds left.\n|\n|t:|1788186952\n|move|p1a: Azumarill|Protect|p1a: Azumarill\n|-singleturn|p1a: Azumarill|Protect\n|move|p2a: Sneasler|Fake Out|p1a: Azumarill\n|-activate|p1a: Azumarill|move: Protect\n|move|p1b: Kingambit|Swords Dance|p1b: Kingambit\n|-boost|p1b: Kingambit|atk|2\n|move|p2b: Kingambit|Kowtow Cleave|p1a: Azumarill\n|-activate|p1a: Azumarill|move: Protect\n|\n|-weather|Snowscape|[upkeep]\n|-damage|p1a: Azumarill|12/100 brn|[from] brn\n|upkeep\n|turn|5\n|inactive|adandelionbreath has 30 seconds left.\n|inactive|beni_9 has 30 seconds left.\n|inactive|beni_9 has 20 seconds left.\n|\n|t:|1788186989\n|move|p2a: Sneasler|Protect|p2a: Sneasler\n|-singleturn|p2a: Sneasler|Protect\n|move|p1a: Azumarill|Aqua Jet|p2a: Sneasler\n|-activate|p2a: Sneasler|move: Protect\n|move|p1b: Kingambit|Sucker Punch||[still]\n|-fail|p1b: Kingambit\n|move|p2b: Kingambit|Kowtow Cleave|p1a: Azumarill\n|-resisted|p1a: Azumarill|1\n|-crit|p1a: Azumarill\n|-damage|p1a: Azumarill|0 fnt\n|faint|p1a: Azumarill\n|-damage|p2b: Kingambit|71/100|[from] item: Life Orb\n|\n|-weather|none\n|-sideend|p1: adandelionbreath|move: Aurora Veil\n|upkeep\n|\n|t:|1788186992\n|switch|p1a: Froslass|Froslass-Mega, L50, F|25/100\n|-weather|Snowscape|[from] ability: Snow Warning|[of] p1a: Froslass\n|turn|6\n|-message|adandelionbreath forfeited.\n|\n|win|beni_9\n","uploadtime":1788186996,"views":"0","formatid":"gen9championsvgc2026regmbbo3","rating":null,"private":0,"password":null}