{"id":"gen9championsvgc2026regmb-2674980418","format":"[Gen 9 Champions] VGC 2026 Reg M-B","players":["manauser_12","darth_vader64"],"log":"|j|☆manauser_12\n|j|☆darth_vader64\n|t:|1788444804\n|gametype|doubles\n|player|p1|manauser_12|102|1057\n|player|p2|darth_vader64|265|1148\n|gen|9\n|tier|[Gen 9 Champions] VGC 2026 Reg M-B\n|rated|\n|rule|Species Clause: Limit one of each Pokémon\n|rule|Item Clause: Limit 1 of each item\n|clearpoke\n|poke|p1|Abomasnow, L50, F|\n|poke|p1|Weavile, L50, F|\n|poke|p1|Starmie, L50|\n|poke|p1|Barbaracle, L50, F|\n|poke|p1|Gardevoir, L50, M|\n|poke|p1|Luxray, L50, F|\n|poke|p2|Charizard, L50, M|\n|poke|p2|Swampert, L50, M|\n|poke|p2|Pelipper, L50, M|\n|poke|p2|Basculegion, L50, M|\n|poke|p2|Venusaur, L50, F|\n|poke|p2|Archaludon, L50, F|\n|teampreview|4\n|inactive|Battle timer is ON: inactive players will automatically lose when time's up. (requested by manauser_12)\n|\n|t:|1788444825\n|teamsize|p1|4\n|teamsize|p2|4\n|start\n|switch|p1a: Gardevoir|Gardevoir, L50, M|100/100\n|switch|p1b: Luxray|Luxray, L50, F|100/100\n|switch|p2a: Charizard|Charizard, L50, M|100/100\n|switch|p2b: Venusaur|Venusaur, L50, F|100/100\n|-ability|p1b: Luxray|Intimidate|boost\n|-unboost|p2a: Charizard|atk|1\n|-unboost|p2b: Venusaur|atk|1\n|turn|1\n|\n|t:|1788444841\n|detailschange|p2a: Charizard|Charizard-Mega-Y, L50, M\n|-mega|p2a: Charizard|Charizard|Charizardite Y\n|-weather|SunnyDay|[from] ability: Drought|[of] p2a: Charizard\n|move|p1a: Gardevoir|Protect|p1a: Gardevoir\n|-singleturn|p1a: Gardevoir|Protect\n|move|p2b: Venusaur|Sleep Powder|p1b: Luxray\n|-status|p1b: Luxray|slp|[from] move: Sleep Powder\n|move|p2a: Charizard|Heat Wave|p1b: Luxray|[spread] p1b\n|-activate|p1a: Gardevoir|move: Protect\n|-damage|p1b: Luxray|50/100g slp\n|cant|p1b: Luxray|slp\n|\n|-weather|SunnyDay|[upkeep]\n|upkeep\n|turn|2\n|\n|t:|1788444859\n|switch|p1a: Abomasnow|Abomasnow, L50, F|100/100\n|-weather|Snowscape|[from] ability: Snow Warning|[of] p1a: Abomasnow\n|move|p2a: Charizard|Heat Wave|p1b: Luxray|[spread] p1b\n|-miss|p2a: Charizard|p1a: Abomasnow\n|-damage|p1b: Luxray|14/100 slp\n|move|p2b: Venusaur|Sleep Powder|p1a: Abomasnow\n|-immune|p1a: Abomasnow\n|cant|p1b: Luxray|slp\n|\n|-weather|Snowscape|[upkeep]\n|upkeep\n|turn|3\n|\n|t:|1788444873\n|switch|p2a: Pelipper|Pelipper, L50, M|100/100\n|-weather|RainDance|[from] ability: Drizzle|[of] p2a: Pelipper\n|move|p2b: Venusaur|Earth Power|p1b: Luxray\n|-supereffective|p1b: Luxray|1\n|-enditem|p1b: Luxray|Shuca Berry|[eat]\n|-enditem|p1b: Luxray|Shuca Berry|[weaken]\n|-damage|p1b: Luxray|0 fnt\n|faint|p1b: Luxray\n|move|p1a: Abomasnow|Blizzard|p2a: Pelipper|[spread] \n|-miss|p1a: Abomasnow|p2a: Pelipper\n|-miss|p1a: Abomasnow|p2b: Venusaur\n|\n|-weather|RainDance|[upkeep]\n|upkeep\n|\n|t:|1788444880\n|switch|p1b: Gardevoir|Gardevoir, L50, M|100/100\n|turn|4\n|\n|t:|1788444888\n|switch|p2b: Archaludon|Archaludon, L50, F|100/100\n|detailschange|p1b: Gardevoir|Gardevoir-Mega, L50, M\n|-mega|p1b: Gardevoir|Gardevoir|Gardevoirite\n|move|p1b: Gardevoir|Hyper Voice|p2a: Pelipper|[spread] p2a,p2b\n|-damage|p2a: Pelipper|26/100\n|-damage|p2b: Archaludon|37/100\n|-ability|p2b: Archaludon|Stamina|boost\n|-boost|p2b: Archaludon|def|1\n|move|p2a: Pelipper|Tailwind|p2a: Pelipper\n|-sidestart|p2: darth_vader64|move: Tailwind\n|move|p1a: Abomasnow|Blizzard|p2b: Archaludon|[spread] p2b\n|-miss|p1a: Abomasnow|p2a: Pelipper\n|-damage|p2b: Archaludon|0 fnt\n|faint|p2b: Archaludon\n|\n|-weather|RainDance|[upkeep]\n|upkeep\n|\n|t:|1788444902\n|switch|p2b: Charizard|Charizard-Mega-Y, L50, M|100/100\n|-weather|SunnyDay|[from] ability: Drought|[of] p2b: Charizard\n|turn|5\n|\n|t:|1788444919\n|move|p2b: Charizard|Heat Wave|p1b: Gardevoir|[spread] p1b\n|-miss|p2b: Charizard|p1a: Abomasnow\n|-damage|p1b: Gardevoir|43/100\n|move|p2a: Pelipper|Icy Wind|p1a: Abomasnow|[spread] p1a,p1b\n|-damage|p1a: Abomasnow|90/100\n|-damage|p1b: Gardevoir|35/100\n|-unboost|p1a: Abomasnow|spe|1\n|-unboost|p1b: Gardevoir|spe|1\n|move|p1b: Gardevoir|Hyper Voice|p2a: Pelipper|[spread] p2a,p2b\n|-resisted|p2b: Charizard|1\n|-damage|p2a: Pelipper|0 fnt\n|-damage|p2b: Charizard|76/100\n|faint|p2a: Pelipper\n|move|p1a: Abomasnow|Blizzard|p2b: Charizard\n|-damage|p2b: Charizard|22/100\n|\n|-weather|SunnyDay|[upkeep]\n|upkeep\n|\n|t:|1788444923\n|switch|p2a: Venusaur|Venusaur, L50, F|100/100\n|turn|6\n|\n|t:|1788444935\n|move|p2a: Venusaur|Sleep Powder|p1b: Gardevoir|[miss]\n|-miss|p2a: Venusaur|p1b: Gardevoir\n|move|p2b: Charizard|Heat Wave|p1b: Gardevoir|[spread] p1a,p1b\n|-supereffective|p1a: Abomasnow|2\n|-damage|p1a: Abomasnow|0 fnt\n|-damage|p1b: Gardevoir|0 fnt\n|faint|p1a: Abomasnow\n|faint|p1b: Gardevoir\n|\n|-weather|SunnyDay|[upkeep]\n|upkeep\n|\n|t:|1788444941\n|switch|p1b: Weavile|Weavile, L50, F|100/100\n|-ability|p1b: Weavile|Pressure\n|turn|7\n|\n|t:|1788444947\n|move|p1b: Weavile|Fake Out|p2b: Charizard\n|-damage|p2b: Charizard|4/100\n|move|p2a: Venusaur|Sleep Powder|p1b: Weavile|[miss]\n|-miss|p2a: Venusaur|p1b: Weavile\n|cant|p2b: Charizard|flinch\n|\n|-weather|SunnyDay|[upkeep]\n|-sideend|p2: darth_vader64|move: Tailwind\n|upkeep\n|turn|8\n|\n|t:|1788444959\n|move|p2b: Charizard|Protect|p2b: Charizard\n|-singleturn|p2b: Charizard|Protect\n|move|p2a: Venusaur|Sleep Powder|p1b: Weavile|[miss]\n|-miss|p2a: Venusaur|p1b: Weavile\n|move|p1b: Weavile|Icicle Crash|p2a: Venusaur\n|-supereffective|p2a: Venusaur|1\n|-damage|p2a: Venusaur|2/100\n|\n|-weather|SunnyDay|[upkeep]\n|upkeep\n|turn|9\n|\n|t:|1788444976\n|move|p2a: Venusaur|Sleep Powder|p1b: Weavile|[miss]\n|-miss|p2a: Venusaur|p1b: Weavile\n|move|p1b: Weavile|Knock Off|p2b: Charizard\n|-damage|p2b: Charizard|0 fnt\n|faint|p2b: Charizard\n|\n|-weather|none\n|upkeep\n|turn|10\n|c|☆manauser_12|Boring ahh strat\n|\n|t:|1788444987\n|move|p1b: Weavile|Knock Off|p2a: Venusaur\n|-damage|p2a: Venusaur|0 fnt\n|-enditem|p2a: Venusaur|Wide Lens|[from] move: Knock Off|[of] p1b: Weavile\n|faint|p2a: Venusaur\n|\n|win|manauser_12\n|raw|manauser_12's rating: 1057 &rarr; <strong>1097</strong><br />(+40 for winning)\n|raw|darth_vader64's rating: 1148 &rarr; <strong>1117</strong><br />(-31 for losing)\n","uploadtime":1788444990,"views":"2","formatid":"gen9championsvgc2026regmb","rating":1097,"private":0,"password":null}