{"id":"gen9championsvgc2026regmb-2674339809","format":"[Gen 9 Champions] VGC 2026 Reg M-B","players":["EarlessMimikyu","spirit 8"],"log":"|j|☆EarlessMimikyu\n|j|☆spirit 8\n|t:|1788344577\n|gametype|doubles\n|player|p1|EarlessMimikyu|acerola-masters|1582\n|player|p2|spirit 8|2|1676\n|gen|9\n|tier|[Gen 9 Champions] VGC 2026 Reg M-B\n|rated|\n|rule|Species Clause: Limit one of each Pokémon\n|rule|Item Clause: Limit 1 of each item\n|clearpoke\n|poke|p1|Dragonite, L50, M, shiny|\n|poke|p1|Sneasler, L50, M|\n|poke|p1|Basculegion, L50, M, shiny|\n|poke|p1|Kingambit, L50, F|\n|poke|p1|Garchomp, L50, F, shiny|\n|poke|p1|Floette-Eternal, L50, F|\n|poke|p2|Charizard, L50, M|\n|poke|p2|Venusaur, L50, F|\n|poke|p2|Incineroar, L50, M|\n|poke|p2|Garchomp, L50, F|\n|poke|p2|Sylveon, L50, M|\n|poke|p2|Toxapex, L50, M|\n|teampreview|4\n|\n|t:|1788344610\n|teamsize|p1|4\n|teamsize|p2|4\n|start\n|switch|p1a: Dragonite|Dragonite, L50, M, shiny|100/100\n|switch|p1b: Sneasler|Sneasler, L50, M|100/100\n|switch|p2a: Charizard|Charizard, L50, M|100/100\n|switch|p2b: Sylveon|Sylveon, L50, M|100/100\n|turn|1\n|inactive|Battle timer is ON: inactive players will automatically lose when time's up. (requested by spirit 8)\n|inactive|EarlessMimikyu has 60 seconds left.\n|\n|t:|1788344641\n|switch|p2b: Incineroar|Incineroar, L50, M|100/100\n|-ability|p2b: Incineroar|Intimidate|boost\n|-unboost|p1a: Dragonite|atk|1\n|-unboost|p1b: Sneasler|atk|1\n|detailschange|p2a: Charizard|Charizard-Mega-Y, L50, M\n|-mega|p2a: Charizard|Charizard|Charizardite Y\n|-weather|SunnyDay|[from] ability: Drought|[of] p2a: Charizard\n|detailschange|p1a: Dragonite|Dragonite-Mega, L50, M, shiny\n|-mega|p1a: Dragonite|Dragonite|Dragoninite\n|move|p1b: Sneasler|Dire Claw|p2b: Incineroar\n|-damage|p2b: Incineroar|80/100\n|move|p1a: Dragonite|Heat Wave|p2b: Incineroar|[spread] p2a\n|-miss|p1a: Dragonite|p2b: Incineroar\n|-resisted|p2a: Charizard|1\n|-damage|p2a: Charizard|82/100\n|move|p2a: Charizard|Heat Wave|p1a: Dragonite|[spread] p1a,p1b\n|-resisted|p1a: Dragonite|1\n|-damage|p1a: Dragonite|85/100\n|-damage|p1b: Sneasler|12/100\n|\n|-weather|SunnyDay|[upkeep]\n|upkeep\n|turn|2\n|inactive|spirit 8 has 30 seconds left.\n|inactive|spirit 8 has 20 seconds left.\n|inactive|spirit 8 has 15 seconds left.\n|inactive|spirit 8 has 10 seconds left.\n|inactive|spirit 8 has 5 seconds left.\n|\n|t:|1788344692\n|switch|p1b: Basculegion|Basculegion, L50, M, shiny|100/100\n|switch|p2b: Toxapex|Toxapex, L50, M|100/100\n|move|p1a: Dragonite|Dragon Pulse|p2a: Charizard\n|-damage|p2a: Charizard|33/100\n|move|p2a: Charizard|Heat Wave|p1b: Basculegion|[spread] p1a,p1b\n|-resisted|p1a: Dragonite|1\n|-crit|p1a: Dragonite\n|-resisted|p1b: Basculegion|1\n|-damage|p1a: Dragonite|48/100\n|-damage|p1b: Basculegion|71/100\n|\n|-weather|SunnyDay|[upkeep]\n|upkeep\n|turn|3\n|inactive|EarlessMimikyu has 30 seconds left.\n|inactive|EarlessMimikyu has 20 seconds left.\n|inactive|EarlessMimikyu has 15 seconds left.\n|inactive|EarlessMimikyu has 10 seconds left.\n|\n|t:|1788344740\n|move|p1a: Dragonite|Protect|p1a: Dragonite\n|-singleturn|p1a: Dragonite|Protect\n|move|p2a: Charizard|Protect|p2a: Charizard\n|-singleturn|p2a: Charizard|Protect\n|move|p1b: Basculegion|Last Respects|p2a: Charizard\n|-activate|p2a: Charizard|move: Protect\n|move|p2b: Toxapex|Toxic|p1b: Basculegion\n|-status|p1b: Basculegion|tox\n|\n|-weather|SunnyDay|[upkeep]\n|-damage|p1b: Basculegion|65/100 tox|[from] psn\n|upkeep\n|turn|4\n|inactive|spirit 8 has 30 seconds left.\n|\n|t:|1788344766\n|switch|p2a: Incineroar|Incineroar, L50, M|80/100\n|-ability|p2a: Incineroar|Intimidate|boost\n|-unboost|p1a: Dragonite|atk|1\n|-unboost|p1b: Basculegion|atk|1\n|switch|p1b: Sneasler|Sneasler, L50, M|12/100\n|move|p1a: Dragonite|Dragon Pulse|p2a: Incineroar\n|-damage|p2a: Incineroar|38/100\n|-enditem|p2a: Incineroar|Sitrus Berry|[eat]\n|-heal|p2a: Incineroar|63/100|[from] item: Sitrus Berry\n|move|p2b: Toxapex|Toxic|p1a: Dragonite\n|-status|p1a: Dragonite|tox\n|\n|-weather|SunnyDay|[upkeep]\n|-damage|p1a: Dragonite|42/100 tox|[from] psn\n|upkeep\n|turn|5\n|inactive|EarlessMimikyu has 30 seconds left.\n|inactive|spirit 8 has 30 seconds left.\n|\n|t:|1788344795\n|switch|p1a: Garchomp|Garchomp, L50, F, shiny|100/100\n|switch|p2a: Charizard|Charizard-Mega-Y, L50, M|33/100\n|move|p1b: Sneasler|Fake Out|p2a: Charizard\n|-damage|p2a: Charizard|19/100\n|move|p2b: Toxapex|Infestation|p1b: Sneasler\n|-resisted|p1b: Sneasler|2\n|-crit|p1b: Sneasler\n|-damage|p1b: Sneasler|10/100\n|-activate|p1b: Sneasler|move: Infestation|[of] p2b: Toxapex\n|\n|-weather|none\n|-damage|p1b: Sneasler|0 fnt|[from] move: Infestation|[partiallytrapped]\n|faint|p1b: Sneasler\n|upkeep\n|\n|t:|1788344811\n|switch|p1b: Dragonite|Dragonite-Mega, L50, M, shiny|42/100 tox\n|turn|6\n|j| nwncc0929\n|inactive|spirit 8 has 30 seconds left.\n|inactive|spirit 8 has 20 seconds left.\n|\n|t:|1788344850\n|switch|p2a: Incineroar|Incineroar, L50, M|63/100\n|-ability|p2a: Incineroar|Intimidate|boost\n|-unboost|p1a: Garchomp|atk|1\n|-unboost|p1b: Dragonite|atk|1\n|move|p1a: Garchomp|Stomping Tantrum|p2b: Toxapex\n|-supereffective|p2b: Toxapex|1\n|-damage|p2b: Toxapex|61/100\n|move|p1b: Dragonite|Dragon Pulse|p2a: Incineroar\n|-damage|p2a: Incineroar|16/100\n|move|p2b: Toxapex|Toxic|p1a: Garchomp\n|-status|p1a: Garchomp|tox\n|\n|-heal|p2b: Toxapex|67/100|[from] item: Leftovers\n|-damage|p1a: Garchomp|93/100 tox|[from] psn\n|-damage|p1b: Dragonite|36/100 tox|[from] psn\n|upkeep\n|turn|7\n|\n|t:|1788344872\n|switch|p1a: Basculegion|Basculegion, L50, M, shiny|65/100 tox\n|switch|p2a: Charizard|Charizard-Mega-Y, L50, M|19/100\n|-weather|SunnyDay|[from] ability: Drought|[of] p2a: Charizard\n|move|p1b: Dragonite|Extreme Speed|p2a: Charizard\n|-damage|p2a: Charizard|7/100\n|move|p2b: Toxapex|Infestation|p1b: Dragonite\n|-resisted|p1b: Dragonite|1\n|-damage|p1b: Dragonite|35/100 tox\n|-activate|p1b: Dragonite|move: Infestation|[of] p2b: Toxapex\n|\n|-weather|SunnyDay|[upkeep]\n|-heal|p2b: Toxapex|73/100|[from] item: Leftovers\n|-damage|p1b: Dragonite|23/100 tox|[from] psn\n|-damage|p1a: Basculegion|59/100 tox|[from] psn\n|-damage|p1b: Dragonite|10/100 tox|[from] move: Infestation|[partiallytrapped]\n|upkeep\n|turn|8\n|\n|t:|1788344894\n|move|p2b: Toxapex|Baneful Bunker|p2b: Toxapex\n|-singleturn|p2b: Toxapex|move: Protect\n|move|p1b: Dragonite|Extreme Speed|p2a: Charizard\n|-damage|p2a: Charizard|0 fnt\n|faint|p2a: Charizard\n|move|p1a: Basculegion|Last Respects|p2b: Toxapex\n|-activate|p2b: Toxapex|move: Protect\n|\n|-weather|SunnyDay|[upkeep]\n|-heal|p2b: Toxapex|78/100|[from] item: Leftovers\n|-damage|p1b: Dragonite|0 fnt|[from] psn\n|faint|p1b: Dragonite\n|-damage|p1a: Basculegion|47/100 tox|[from] psn\n|upkeep\n|\n|t:|1788344911\n|switch|p1b: Garchomp|Garchomp, L50, F, shiny|93/100 tox\n|switch|p2a: Sylveon|Sylveon, L50, M|100/100\n|turn|9\n|\n|t:|1788344923\n|-heal|p2b: Toxapex|100/100|[from] ability: Regenerator|[silent]\n|switch|p2b: Incineroar|Incineroar, L50, M|16/100\n|-ability|p2b: Incineroar|Intimidate|boost\n|-unboost|p1a: Basculegion|atk|1\n|-unboost|p1b: Garchomp|atk|1\n|move|p1b: Garchomp|Stomping Tantrum|p2b: Incineroar\n|-supereffective|p2b: Incineroar|1\n|-damage|p2b: Incineroar|0 fnt\n|faint|p2b: Incineroar\n|move|p1a: Basculegion|Last Respects|p2a: Sylveon\n|-damage|p2a: Sylveon|14/100\n|-damage|p1a: Basculegion|37/100 tox|[from] item: Life Orb\n|move|p2a: Sylveon|Hyper Voice|p1b: Garchomp|[spread] p1a,p1b\n|-supereffective|p1b: Garchomp|1\n|-damage|p1a: Basculegion|0 fnt\n|-damage|p1b: Garchomp|1/100 tox\n|faint|p1a: Basculegion\n|\n|-weather|SunnyDay|[upkeep]\n|-damage|p1b: Garchomp|0 fnt|[from] psn\n|faint|p1b: Garchomp\n|\n|win|spirit 8\n|raw|EarlessMimikyu's rating: 1582 &rarr; <strong>1567</strong><br />(-15 for losing)\n|raw|spirit 8's rating: 1676 &rarr; <strong>1691</strong><br />(+15 for winning)\n|l|☆EarlessMimikyu\n|player|p1|\n|l| nwncc0929\n","uploadtime":1788344955,"views":"2","formatid":"gen9championsvgc2026regmb","rating":1567,"private":0,"password":null}