{"id":"gen9championsvgc2026regmbbo3-2674217491","format":"[Gen 9 Champions] VGC 2026 Reg M-B (Bo3)","players":["ilykuronaa","manquitoprime"],"log":"|j|☆ilykuronaa\n|j|☆manquitoprime\n|html|<table width=\"100%\"><tr><td align=\"left\">ilykuronaa</td><td align=\"right\">manquitoprime</tr><tr><td align=\"left\"><i class=\"fa fa-circle\"></i> <i class=\"fa fa-circle-o\"></i> </td><td align=\"right\"><i class=\"fa fa-circle-o\"></i> <i class=\"fa fa-circle\"></i> </tr></table>\n|uhtml|bestof|<h2><strong>Game 3</strong> of <a href=\"/game-bestof3-gen9championsvgc2026regmbbo3-2674213511\">a best-of-3</a></h2>\n|t:|1788317183\n|gametype|doubles\n|player|p1|ilykuronaa|102|1170\n|player|p2|manquitoprime|cynthia|1173\n|gen|9\n|tier|[Gen 9 Champions] VGC 2026 Reg M-B (Bo3)\n|rated|\n|rule|Species Clause: Limit one of each Pokémon\n|rule|Item Clause: Limit 1 of each item\n|clearpoke\n|poke|p1|Floette-Eternal, L50, F|\n|poke|p1|Basculegion, L50, M|\n|poke|p1|Kingambit, L50, M|\n|poke|p1|Dragonite, L50, F|\n|poke|p1|Garchomp, L50, M|\n|poke|p1|Sneasler, L50, F|\n|poke|p2|Gengar, L50, M, shiny|\n|poke|p2|Incineroar, L50, F, shiny|\n|poke|p2|Politoed, L50, F|\n|poke|p2|Basculegion, L50, M|\n|poke|p2|Sneasler, L50, M|\n|poke|p2|Whimsicott, L50, M, shiny|\n|teampreview|4\n|showteam|p1|Floette-Eternal||Floettite|FlowerVeil|Moonblast,DazzlingGleam,LightofRuin,Protect|Timid||F|||50|]Basculegion||LifeOrb|Adaptability|WaveCrash,LastRespects,AquaJet,Protect|Adamant||M|||50|]Kingambit||ChopleBerry|Defiant|SuckerPunch,KowtowCleave,LowKick,IronHead|Adamant||M|||50|]Dragonite||Dragoninite|Multiscale|DragonPulse,HeatWave,ExtremeSpeed,Protect|Modest||F|||50|]Garchomp||ChoiceScarf|RoughSkin|DragonClaw,StompingTantrum,Earthquake,RockSlide|Jolly||M|||50|]Sneasler||FocusSash|Unburden|CloseCombat,DireClaw,FakeOut,Feint|Adamant||F|||50|\n|showteam|p2|Gengar||Gengarite|CursedBody|Protect,ShadowBall,PerishSong,Disable|Timid||M|||50|]Incineroar||ChopleBerry|Intimidate|Protect,FakeOut,DarkestLariat,PartingShot|Careful||F|||50|]Politoed||SitrusBerry|Drizzle|Protect,WeatherBall,IcyWind,PerishSong|Calm||F|||50|]Basculegion||MysticWater|SwiftSwim|Protect,WaveCrash,LastRespects,AquaJet|Adamant||M|||50|]Sneasler||WhiteHerb|Unburden|Protect,FakeOut,CloseCombat,DireClaw|Adamant||M|||50|]Whimsicott||FocusSash|Prankster|Protect,Moonblast,Tailwind,Encore|Bold||M|||50|\n|inactive|Battle timer is ON: inactive players will automatically lose when time's up. (requested by manquitoprime)\n|inactive|ilykuronaa has 60 seconds left.\n|inactive|manquitoprime has 60 seconds left.\n|\n|t:|1788317239\n|teamsize|p1|4\n|teamsize|p2|4\n|start\n|switch|p1a: Kingambit|Kingambit, L50, M|100/100\n|switch|p1b: Basculegion|Basculegion, L50, M|100/100\n|switch|p2a: Basculegion|Basculegion, L50, M|100/100\n|switch|p2b: Sneasler|Sneasler, L50, M|100/100\n|turn|1\n|inactive|manquitoprime has 30 seconds left.\n|\n|t:|1788317273\n|move|p1b: Basculegion|Protect|p1b: Basculegion\n|-singleturn|p1b: Basculegion|Protect\n|move|p2b: Sneasler|Fake Out|p1a: Kingambit\n|-resisted|p1a: Kingambit|1\n|-damage|p1a: Kingambit|94/100\n|cant|p1a: Kingambit|flinch\n|move|p2a: Basculegion|Last Respects|p1b: Basculegion\n|-activate|p1b: Basculegion|move: Protect\n|\n|upkeep\n|turn|2\n|inactive|ilykuronaa has 30 seconds left.\n|\n|t:|1788317305\n|move|p2a: Basculegion|Protect|p2a: Basculegion\n|-singleturn|p2a: Basculegion|Protect\n|move|p1a: Kingambit|Sucker Punch||[still]\n|-fail|p1a: Kingambit\n|move|p2b: Sneasler|Close Combat|p1a: Kingambit\n|-supereffective|p1a: Kingambit|2\n|-enditem|p1a: Kingambit|Chople Berry|[eat]\n|-enditem|p1a: Kingambit|Chople Berry|[weaken]\n|-damage|p1a: Kingambit|0 fnt\n|-unboost|p2b: Sneasler|def|1\n|-unboost|p2b: Sneasler|spd|1\n|faint|p1a: Kingambit\n|-enditem|p2b: Sneasler|White Herb\n|-clearnegativeboost|p2b: Sneasler|[silent]\n|move|p1b: Basculegion|Wave Crash|p2b: Sneasler\n|-damage|p2b: Sneasler|0 fnt\n|faint|p2b: Sneasler\n|-damage|p1b: Basculegion|73/100|[from] Recoil\n|-damage|p1b: Basculegion|63/100|[from] item: Life Orb\n|\n|upkeep\n|\n|t:|1788317328\n|switch|p2b: Incineroar|Incineroar, L50, F, shiny|100/100\n|switch|p1a: Dragonite|Dragonite, L50, F|100/100\n|-ability|p2b: Incineroar|Intimidate|boost\n|-unboost|p1a: Dragonite|atk|1\n|-unboost|p1b: Basculegion|atk|1\n|turn|3\n|\n|t:|1788317351\n|detailschange|p1a: Dragonite|Dragonite-Mega, L50, F\n|-mega|p1a: Dragonite|Dragonite|Dragoninite\n|move|p1a: Dragonite|Protect|p1a: Dragonite\n|-singleturn|p1a: Dragonite|Protect\n|move|p1b: Basculegion|Protect|p1b: Basculegion\n|-singleturn|p1b: Basculegion|Protect\n|move|p2b: Incineroar|Fake Out|p1a: Dragonite\n|-activate|p1a: Dragonite|move: Protect\n|move|p2a: Basculegion|Last Respects|p1b: Basculegion\n|-activate|p1b: Basculegion|move: Protect\n|\n|upkeep\n|turn|4\n|inactive|ilykuronaa has 30 seconds left.\n|\n|t:|1788317379\n|switch|p2b: Politoed|Politoed, L50, F|100/100\n|-weather|RainDance|[from] ability: Drizzle|[of] p2b: Politoed\n|move|p2a: Basculegion|Last Respects|p1b: Basculegion\n|-supereffective|p1b: Basculegion|1\n|-damage|p1b: Basculegion|0 fnt\n|faint|p1b: Basculegion\n|move|p1a: Dragonite|Dragon Pulse|p2a: Basculegion\n|-damage|p2a: Basculegion|43/100\n|\n|-weather|RainDance|[upkeep]\n|upkeep\n|\n|t:|1788317384\n|switch|p1b: Garchomp|Garchomp, L50, M|100/100\n|turn|5\n|\n|t:|1788317402\n|move|p2a: Basculegion|Protect|p2a: Basculegion\n|-singleturn|p2a: Basculegion|Protect\n|move|p1b: Garchomp|Dragon Claw|p2b: Politoed\n|-damage|p2b: Politoed|55/100\n|move|p1a: Dragonite|Dragon Pulse|p2b: Politoed\n|-damage|p2b: Politoed|18/100\n|-enditem|p2b: Politoed|Sitrus Berry|[eat]\n|-heal|p2b: Politoed|43/100|[from] item: Sitrus Berry\n|move|p2b: Politoed|Icy Wind|p1b: Garchomp|[spread] p1a,p1b\n|-supereffective|p1a: Dragonite|2\n|-supereffective|p1b: Garchomp|2\n|-damage|p1a: Dragonite|83/100\n|-damage|p1b: Garchomp|56/100\n|-unboost|p1a: Dragonite|spe|1\n|-unboost|p1b: Garchomp|spe|1\n|\n|-weather|RainDance|[upkeep]\n|upkeep\n|turn|6\n|inactive|ilykuronaa has 30 seconds left.\n|inactive|manquitoprime has 30 seconds left.\n|\n|t:|1788317437\n|move|p2b: Politoed|Protect|p2b: Politoed\n|-singleturn|p2b: Politoed|Protect\n|move|p2a: Basculegion|Wave Crash|p1b: Garchomp\n|-damage|p1b: Garchomp|0 fnt\n|-damage|p2a: Basculegion|31/100|[from] ability: Rough Skin|[of] p1b: Garchomp\n|faint|p1b: Garchomp\n|-damage|p2a: Basculegion|13/100|[from] Recoil\n|move|p1a: Dragonite|Dragon Pulse|p2a: Basculegion\n|-damage|p2a: Basculegion|0 fnt\n|faint|p2a: Basculegion\n|\n|-weather|RainDance|[upkeep]\n|upkeep\n|\n|t:|1788317447\n|switch|p2a: Incineroar|Incineroar, L50, F, shiny|100/100\n|-ability|p2a: Incineroar|Intimidate|boost\n|-unboost|p1a: Dragonite|atk|1\n|turn|7\n|\n|t:|1788317462\n|move|p2a: Incineroar|Fake Out|p1a: Dragonite\n|-damage|p1a: Dragonite|73/100\n|cant|p1a: Dragonite|flinch\n|move|p2b: Politoed|Icy Wind|p1a: Dragonite\n|-supereffective|p1a: Dragonite|2\n|-damage|p1a: Dragonite|30/100\n|-unboost|p1a: Dragonite|spe|1\n|\n|-weather|RainDance|[upkeep]\n|upkeep\n|turn|8\n|\n|t:|1788317472\n|move|p2b: Politoed|Icy Wind|p1a: Dragonite\n|-supereffective|p1a: Dragonite|2\n|-damage|p1a: Dragonite|0 fnt\n|faint|p1a: Dragonite\n|\n|win|manquitoprime\n|raw|ilykuronaa's rating: 1170 &rarr; <strong>1145</strong><br />(-25 for losing)\n|raw|manquitoprime's rating: 1173 &rarr; <strong>1198</strong><br />(+25 for winning)\n","uploadtime":1788317472,"views":"0","formatid":"gen9championsvgc2026regmbbo3","rating":1145,"private":0,"password":null}