{"id":"gen9championsvgc2026regmbbo3-2673885829","format":"[Gen 9 Champions] VGC 2026 Reg M-B (Bo3)","players":["OssiGT","javivaarela"],"log":"|j|☆OssiGT\n|j|☆javivaarela\n|html|<table width=\"100%\"><tr><td align=\"left\">OssiGT</td><td align=\"right\">javivaarela</tr><tr><td align=\"left\"><i class=\"fa fa-circle-o\"></i> <i class=\"fa fa-circle-o\"></i> </td><td align=\"right\"><i class=\"fa fa-circle-o\"></i> <i class=\"fa fa-circle-o\"></i> </tr></table>\n|uhtml|bestof|<h2><strong>Game 1</strong> of <a href=\"/game-bestof3-gen9championsvgc2026regmbbo3-2673885828\">a best-of-3</a></h2>\n|t:|1788273045\n|gametype|doubles\n|player|p1|OssiGT|hilbert|1292\n|player|p2|javivaarela|102|1407\n|gen|9\n|tier|[Gen 9 Champions] VGC 2026 Reg M-B (Bo3)\n|rated|\n|rule|Species Clause: Limit one of each Pokémon\n|rule|Item Clause: Limit 1 of each item\n|clearpoke\n|poke|p1|Whimsicott, L50, F|\n|poke|p1|Garchomp, L50, M|\n|poke|p1|Charizard, L50, M|\n|poke|p1|Basculegion, L50, M|\n|poke|p1|Kingambit, L50, F|\n|poke|p1|Floette-Eternal, L50, F|\n|poke|p2|Staraptor, L50, M, shiny|\n|poke|p2|Arcanine-Hisui, L50, F, shiny|\n|poke|p2|Kingambit, L50, F, shiny|\n|poke|p2|Sylveon, L50, F, shiny|\n|poke|p2|Raichu, L50, M, shiny|\n|poke|p2|Farigiraf, L50, M, shiny|\n|teampreview|4\n|showteam|p1|Whimsicott||FocusSash|Prankster|Moonblast,Tailwind,Encore,Protect|Timid||F|||50|]Garchomp||LifeOrb|RoughSkin|DragonClaw,StompingTantrum,RockSlide,Protect|Jolly||M|||50|]Charizard||CharizarditeY|Blaze|HeatWave,WeatherBall,AncientPower,Protect|Timid||M|||50|]Basculegion||MysticWater|Adaptability|WaveCrash,LastRespects,AquaJet,Protect|Adamant||M|||50|]Kingambit||OccaBerry|Defiant|KowtowCleave,SuckerPunch,LowKick,IronHead|Adamant||F|||50|]Floette-Eternal||Floettite|FlowerVeil|Moonblast,DazzlingGleam,LightofRuin,Protect|Timid||F|||50|\n|showteam|p2|Staraptor||Staraptite|Intimidate|DualWingbeat,CloseCombat,Tailwind,Protect|Jolly||M|||50|]Arcanine-Hisui||FocusSash|RockHead|FlareBlitz,HeadSmash,ExtremeSpeed,Protect|Jolly||F|||50|]Kingambit||LifeOrb|Defiant|KowtowCleave,SuckerPunch,SwordsDance,Protect|Adamant||F|||50|]Sylveon||FairyFeather|Pixilate|HyperVoice,HyperBeam,QuickAttack,Detect|Modest||F|||50|]Raichu||RaichuniteY|LightningRod|ZapCannon,FocusBlast,FakeOut,Protect|Timid||M|||50|]Farigiraf||SitrusBerry|ArmorTail|Psychic,HelpingHand,TrickRoom,Protect|Calm||M|||50|\n|inactive|Battle timer is ON: inactive players will automatically lose when time's up. (requested by OssiGT)\n|\n|t:|1788273115\n|teamsize|p1|4\n|teamsize|p2|4\n|start\n|switch|p1a: Garchomp|Garchomp, L50, M|100/100\n|switch|p1b: Floette|Floette-Eternal, L50, F|100/100\n|switch|p2a: Flower Man|Staraptor, L50, M, shiny|100/100\n|switch|p2b: Fridge|Farigiraf, L50, M, shiny|100/100\n|-ability|p2a: Flower Man|Intimidate|boost\n|-unboost|p1a: Garchomp|atk|1\n|-unboost|p1b: Floette|atk|1\n|turn|1\n|\n|t:|1788273137\n|detailschange|p1b: Floette|Floette-Mega, L50, F\n|-mega|p1b: Floette|Floette|Floettite\n|-ability|p1b: Floette|Fairy Aura\n|move|p1a: Garchomp|Dragon Claw|p2b: Fridge\n|-damage|p2b: Fridge|68/100\n|-damage|p1a: Garchomp|90/100|[from] item: Life Orb\n|move|p1b: Floette|Dazzling Gleam|p2a: Flower Man|[spread] p2a,p2b\n|-damage|p2a: Flower Man|32/100\n|-damage|p2b: Fridge|32/100\n|-enditem|p2b: Fridge|Sitrus Berry|[eat]\n|-heal|p2b: Fridge|57/100|[from] item: Sitrus Berry\n|move|p2a: Flower Man|Tailwind|p2a: Flower Man\n|-sidestart|p2: javivaarela|move: Tailwind\n|move|p2b: Fridge|Psychic|p1b: Floette\n|-damage|p1b: Floette|68/100\n|\n|upkeep\n|turn|2\n|\n|t:|1788273159\n|switch|p1a: Whimsicott|Whimsicott, L50, F|100/100\n|detailschange|p2a: Flower Man|Staraptor-Mega, L50, M, shiny\n|-mega|p2a: Flower Man|Staraptor|Staraptite\n|move|p1b: Floette|Protect|p1b: Floette\n|-singleturn|p1b: Floette|Protect\n|move|p2a: Flower Man|Close Combat|p1a: Whimsicott\n|-resisted|p1a: Whimsicott|1\n|-damage|p1a: Whimsicott|53/100\n|-boost|p2a: Flower Man|def|1\n|-boost|p2a: Flower Man|spd|1\n|move|p2b: Fridge|Psychic|p1b: Floette\n|-activate|p1b: Floette|move: Protect\n|\n|upkeep\n|turn|3\n|inactive|OssiGT has 30 seconds left.\n|\n|t:|1788273187\n|move|p2a: Flower Man|Dual Wingbeat|p1b: Floette\n|-damage|p1b: Floette|41/100\n|-damage|p1b: Floette|15/100\n|-hitcount|p1b: Floette|2\n|move|p1a: Whimsicott|Moonblast|p2b: Fridge\n|-damage|p2b: Fridge|23/100\n|move|p1b: Floette|Dazzling Gleam|p2a: Flower Man|[spread] p2a,p2b\n|-supereffective|p2a: Flower Man|1\n|-damage|p2a: Flower Man|0 fnt\n|-damage|p2b: Fridge|0 fnt\n|faint|p2a: Flower Man\n|faint|p2b: Fridge\n|\n|upkeep\n|\n|t:|1788273195\n|switch|p2a: Sadie Sink|Sylveon, L50, F, shiny|100/100\n|switch|p2b: Wasabi|Arcanine-Hisui, L50, F, shiny|100/100\n|turn|4\n|\n|t:|1788273214\n|move|p1a: Whimsicott|Protect|p1a: Whimsicott\n|-singleturn|p1a: Whimsicott|Protect\n|move|p1b: Floette|Protect|p1b: Floette\n|-singleturn|p1b: Floette|Protect\n|move|p2b: Wasabi|Flare Blitz|p1a: Whimsicott\n|-activate|p1a: Whimsicott|move: Protect\n|move|p2a: Sadie Sink|Hyper Voice|p1a: Whimsicott|[spread] \n|-activate|p1a: Whimsicott|move: Protect\n|-activate|p1b: Floette|move: Protect\n|\n|-sideend|p2: javivaarela|move: Tailwind\n|upkeep\n|turn|5\n|inactive|OssiGT has 30 seconds left.\n|\n|t:|1788273242\n|move|p2b: Wasabi|Extreme Speed|p1b: Floette\n|-damage|p1b: Floette|0 fnt\n|faint|p1b: Floette\n|move|p1a: Whimsicott|Tailwind|p1a: Whimsicott\n|-sidestart|p1: OssiGT|move: Tailwind\n|move|p2a: Sadie Sink|Hyper Voice|p1a: Whimsicott\n|-damage|p1a: Whimsicott|0 fnt\n|faint|p1a: Whimsicott\n|\n|upkeep\n|\n|t:|1788273249\n|switch|p1a: Garchomp|Garchomp, L50, M|90/100\n|switch|p1b: Kingambit|Kingambit, L50, F|100/100\n|turn|6\n|inactive|OssiGT has 30 seconds left.\n|\n|t:|1788273275\n|move|p1a: Garchomp|Stomping Tantrum|p2b: Wasabi\n|-supereffective|p2b: Wasabi|2\n|-enditem|p2b: Wasabi|Focus Sash\n|-damage|p2b: Wasabi|1/100\n|-damage|p1a: Garchomp|80/100|[from] item: Life Orb\n|move|p1b: Kingambit|Low Kick|p2b: Wasabi\n|-supereffective|p2b: Wasabi|1\n|-damage|p2b: Wasabi|0 fnt\n|faint|p2b: Wasabi\n|move|p2a: Sadie Sink|Hyper Voice|p1b: Kingambit|[spread] p1a,p1b\n|-supereffective|p1a: Garchomp|1\n|-damage|p1a: Garchomp|0 fnt\n|-damage|p1b: Kingambit|59/100\n|faint|p1a: Garchomp\n|\n|upkeep\n|turn|7\n|\n|t:|1788273293\n|move|p1b: Kingambit|Iron Head|p2a: Sadie Sink\n|-supereffective|p2a: Sadie Sink|1\n|-damage|p2a: Sadie Sink|0 fnt\n|faint|p2a: Sadie Sink\n|\n|win|OssiGT\n","uploadtime":1788273293,"views":"0","formatid":"gen9championsvgc2026regmbbo3","rating":null,"private":0,"password":null}