{"id":"gen9championsvgc2026regmb-2674551882","format":"[Gen 9 Champions] VGC 2026 Reg M-B","players":["StarlyStarmie","oldarbladeborn"],"log":"|j|☆StarlyStarmie\n|j|☆oldarbladeborn\n|t:|1788373052\n|gametype|doubles\n|player|p1|StarlyStarmie|1|1262\n|player|p2|oldarbladeborn|acetrainer-gen4dp|1357\n|gen|9\n|tier|[Gen 9 Champions] VGC 2026 Reg M-B\n|rated|\n|rule|Species Clause: Limit one of each Pokémon\n|rule|Item Clause: Limit 1 of each item\n|clearpoke\n|poke|p1|Pelipper, L50, F|\n|poke|p1|Swampert, L50, M|\n|poke|p1|Venusaur, L50, M|\n|poke|p1|Archaludon, L50, F|\n|poke|p1|Grimmsnarl, L50, M|\n|poke|p1|Basculegion, L50, M|\n|poke|p2|Froslass, L50, F|\n|poke|p2|Scovillain, L50, M|\n|poke|p2|Lycanroc-Dusk, L50, M|\n|poke|p2|Kingambit, L50, F|\n|poke|p2|Sneasler, L50, M|\n|poke|p2|Basculegion, L50, M|\n|teampreview|4\n|inactive|Battle timer is ON: inactive players will automatically lose when time's up. (requested by oldarbladeborn)\n|\n|t:|1788373077\n|teamsize|p1|4\n|teamsize|p2|4\n|start\n|switch|p1a: Archaludon|Archaludon, L50, F|100/100\n|switch|p1b: Grimmsnarl|Grimmsnarl, L50, M|100/100\n|switch|p2a: Scovillain|Scovillain, L50, M|100/100\n|switch|p2b: Sneasler|Sneasler, L50, M|100/100\n|turn|1\n|\n|t:|1788373097\n|detailschange|p2a: Scovillain|Scovillain-Mega, L50, M\n|-mega|p2a: Scovillain|Scovillain|Scovillainite\n|move|p1a: Archaludon|Protect|p1a: Archaludon\n|-singleturn|p1a: Archaludon|Protect\n|move|p2a: Scovillain|Rage Powder|p2a: Scovillain\n|-singleturn|p2a: Scovillain|move: Rage Powder\n|move|p1b: Grimmsnarl|Reflect|p1b: Grimmsnarl\n|-sidestart|p1: StarlyStarmie|Reflect\n|move|p2b: Sneasler|Close Combat|p1a: Archaludon\n|-activate|p1a: Archaludon|move: Protect\n|\n|upkeep\n|turn|2\n|\n|t:|1788373113\n|move|p2a: Scovillain|Rage Powder|p2a: Scovillain\n|-singleturn|p2a: Scovillain|move: Rage Powder\n|move|p1b: Grimmsnarl|Light Screen|p1b: Grimmsnarl\n|-sidestart|p1: StarlyStarmie|move: Light Screen\n|move|p2b: Sneasler|Dire Claw|p1b: Grimmsnarl\n|-supereffective|p1b: Grimmsnarl|1\n|-damage|p1b: Grimmsnarl|40/100\n|move|p1a: Archaludon|Dragon Pulse|p2a: Scovillain\n|-damage|p2a: Scovillain|70/100\n|-status|p1a: Archaludon|brn|[from] ability: Spicy Spray|[of] p2a: Scovillain\n|\n|-damage|p1a: Archaludon|93/100 brn|[from] brn\n|upkeep\n|turn|3\n|\n|t:|1788373133\n|switch|p1b: Pelipper|Pelipper, L50, F|100/100\n|-weather|RainDance|[from] ability: Drizzle|[of] p1b: Pelipper\n|move|p2b: Sneasler|Close Combat|p1a: Archaludon\n|-supereffective|p1a: Archaludon|1\n|-damage|p1a: Archaludon|26/100 brn\n|-unboost|p2b: Sneasler|def|1\n|-unboost|p2b: Sneasler|spd|1\n|-ability|p1a: Archaludon|Stamina|boost\n|-boost|p1a: Archaludon|def|1\n|-enditem|p2b: Sneasler|White Herb\n|-clearnegativeboost|p2b: Sneasler|[silent]\n|move|p1a: Archaludon|Electro Shot||[still]\n|-prepare|p1a: Archaludon|Electro Shot\n|-boost|p1a: Archaludon|spa|1\n|-anim|p1a: Archaludon|Electro Shot|p2b: Sneasler\n|-damage|p2b: Sneasler|17/100\n|move|p2a: Scovillain|Giga Drain|p1b: Pelipper\n|-damage|p1b: Pelipper|62/100\n|-heal|p2a: Scovillain|85/100|[from] drain|[of] p1b: Pelipper\n|\n|-weather|RainDance|[upkeep]\n|-heal|p1a: Archaludon|32/100 brn|[from] item: Leftovers\n|-damage|p1a: Archaludon|26/100 brn|[from] brn\n|upkeep\n|turn|4\n|inactive|oldarbladeborn has 30 seconds left.\n|\n|t:|1788373158\n|move|p1a: Archaludon|Protect|p1a: Archaludon\n|-singleturn|p1a: Archaludon|Protect\n|move|p2a: Scovillain|Rage Powder|p2a: Scovillain\n|-singleturn|p2a: Scovillain|move: Rage Powder\n|move|p2b: Sneasler|Dire Claw|p1b: Pelipper\n|-damage|p1b: Pelipper|24/100\n|-enditem|p1b: Pelipper|Sitrus Berry|[eat]\n|-heal|p1b: Pelipper|49/100|[from] item: Sitrus Berry\n|move|p1b: Pelipper|Tailwind|p1b: Pelipper\n|-sidestart|p1: StarlyStarmie|move: Tailwind\n|\n|-weather|RainDance|[upkeep]\n|-heal|p1a: Archaludon|32/100 brn|[from] item: Leftovers\n|-damage|p1a: Archaludon|26/100 brn|[from] brn\n|upkeep\n|turn|5\n|inactive|StarlyStarmie has 30 seconds left.\n|\n|t:|1788373183\n|switch|p1a: Grimmsnarl|Grimmsnarl, L50, M|40/100\n|move|p2a: Scovillain|Rage Powder|p2a: Scovillain\n|-singleturn|p2a: Scovillain|move: Rage Powder\n|move|p2b: Sneasler|Close Combat|p1a: Grimmsnarl\n|-damage|p1a: Grimmsnarl|0 fnt\n|-unboost|p2b: Sneasler|def|1\n|-unboost|p2b: Sneasler|spd|1\n|faint|p1a: Grimmsnarl\n|move|p1b: Pelipper|Hurricane|p2a: Scovillain\n|-supereffective|p2a: Scovillain|1\n|-damage|p2a: Scovillain|4/100\n|-start|p2a: Scovillain|confusion\n|-status|p1b: Pelipper|brn|[from] ability: Spicy Spray|[of] p2a: Scovillain\n|\n|-weather|RainDance|[upkeep]\n|-damage|p1b: Pelipper|43/100 brn|[from] brn\n|upkeep\n|\n|t:|1788373198\n|switch|p1a: Swampert|Swampert, L50, M|100/100\n|turn|6\n|inactive|oldarbladeborn has 30 seconds left.\n|\n|t:|1788373228\n|switch|p1a: Archaludon|Archaludon, L50, F|26/100 brn\n|-activate|p2a: Scovillain|confusion\n|move|p2a: Scovillain|Rage Powder|p2a: Scovillain\n|-singleturn|p2a: Scovillain|move: Rage Powder\n|move|p2b: Sneasler|Close Combat|p1a: Archaludon\n|-supereffective|p1a: Archaludon|1\n|-damage|p1a: Archaludon|0 fnt\n|-unboost|p2b: Sneasler|def|1\n|-unboost|p2b: Sneasler|spd|1\n|faint|p1a: Archaludon\n|move|p1b: Pelipper|Hurricane|p2a: Scovillain\n|-supereffective|p2a: Scovillain|1\n|-damage|p2a: Scovillain|0 fnt\n|faint|p2a: Scovillain\n|\n|-weather|RainDance|[upkeep]\n|-damage|p1b: Pelipper|37/100 brn|[from] brn\n|upkeep\n|\n|t:|1788373247\n|switch|p1a: Swampert|Swampert, L50, M|100/100\n|switch|p2a: Basculegion|Basculegion, L50, M|100/100\n|turn|7\n|\n|t:|1788373260\n|detailschange|p1a: Swampert|Swampert-Mega, L50, M\n|-mega|p1a: Swampert|Swampert|Swampertite\n|move|p2b: Sneasler|Protect|p2b: Sneasler\n|-singleturn|p2b: Sneasler|Protect\n|move|p1a: Swampert|Earthquake|p2b: Sneasler|[spread] p2a\n|-activate|p2b: Sneasler|move: Protect\n|-immune|p1b: Pelipper\n|-damage|p2a: Basculegion|42/100\n|-enditem|p2a: Basculegion|Sitrus Berry|[eat]\n|-heal|p2a: Basculegion|67/100|[from] item: Sitrus Berry\n|move|p1b: Pelipper|Hurricane|p2a: Basculegion\n|-damage|p2a: Basculegion|19/100\n|move|p2a: Basculegion|Last Respects|p1b: Pelipper\n|-damage|p1b: Pelipper|0 fnt\n|faint|p1b: Pelipper\n|\n|-weather|none\n|-sideend|p1: StarlyStarmie|move: Tailwind\n|upkeep\n|turn|8\n|\n|t:|1788373281\n|move|p2b: Sneasler|Close Combat|p1a: Swampert\n|-damage|p1a: Swampert|57/100\n|-unboost|p2b: Sneasler|def|1\n|-unboost|p2b: Sneasler|spd|1\n|move|p1a: Swampert|Earthquake|p2a: Basculegion|[spread] p2a,p2b\n|-supereffective|p2b: Sneasler|1\n|-damage|p2a: Basculegion|0 fnt\n|-damage|p2b: Sneasler|0 fnt\n|faint|p2a: Basculegion\n|faint|p2b: Sneasler\n|\n|-sideend|p1: StarlyStarmie|Reflect\n|upkeep\n|\n|t:|1788373291\n|switch|p2b: Kingambit|Kingambit, L50, F|100/100\n|turn|9\n|\n|t:|1788373303\n|move|p2b: Kingambit|Sucker Punch|p1a: Swampert\n|-damage|p1a: Swampert|13/100\n|move|p1a: Swampert|Earthquake|p2b: Kingambit\n|-supereffective|p2b: Kingambit|1\n|-damage|p2b: Kingambit|7/100\n|\n|-sideend|p1: StarlyStarmie|move: Light Screen\n|upkeep\n|turn|10\n|\n|t:|1788373313\n|move|p1a: Swampert|Protect|p1a: Swampert\n|-singleturn|p1a: Swampert|Protect\n|move|p2b: Kingambit|Sucker Punch||[still]\n|-fail|p2b: Kingambit\n|\n|upkeep\n|turn|11\n|\n|t:|1788373319\n|move|p1a: Swampert|Protect||[still]\n|-fail|p1a: Swampert\n|move|p2b: Kingambit|Kowtow Cleave|p1a: Swampert\n|-damage|p1a: Swampert|0 fnt\n|faint|p1a: Swampert\n|\n|win|oldarbladeborn\n|raw|StarlyStarmie's rating: 1262 &rarr; <strong>1244</strong><br />(-18 for losing)\n|raw|oldarbladeborn's rating: 1357 &rarr; <strong>1372</strong><br />(+15 for winning)\n|l|☆StarlyStarmie\n|player|p1|\n|c|☆oldarbladeborn|gg wp!\n","uploadtime":1788373330,"views":"0","formatid":"gen9championsvgc2026regmb","rating":1244,"private":0,"password":null}