{"id":"gen9championsvgc2026regmb-2674538471","format":"[Gen 9 Champions] VGC 2026 Reg M-B","players":["Cheribat","collateraldamagejr"],"log":"|j|☆Cheribat\n|j|☆collateraldamagejr\n|t:|1788371546\n|gametype|doubles\n|player|p1|Cheribat|waitress-gen4|1331\n|player|p2|collateraldamagejr|169|1314\n|gen|9\n|tier|[Gen 9 Champions] VGC 2026 Reg M-B\n|rated|\n|rule|Species Clause: Limit one of each Pokémon\n|rule|Item Clause: Limit 1 of each item\n|clearpoke\n|poke|p1|Hydreigon, L50, F|\n|poke|p1|Volcarona, L50, F|\n|poke|p1|Zoroark-Hisui, L50, F|\n|poke|p1|Sneasler, L50, M|\n|poke|p1|Milotic, L50, F|\n|poke|p1|Metagross, L50|\n|poke|p2|Roserade, L50, F, shiny|\n|poke|p2|Sableye, L50, F, shiny|\n|poke|p2|Gardevoir, L50, F, shiny|\n|poke|p2|Torkoal, L50, M|\n|poke|p2|Blaziken, L50, M, shiny|\n|poke|p2|Weavile, L50, M, shiny|\n|teampreview|4\n|\n|t:|1788371565\n|teamsize|p1|4\n|teamsize|p2|4\n|start\n|switch|p1a: Milotic|Milotic, L50, F|100/100\n|switch|p1b: Sneasler|Sneasler, L50, M|100/100\n|switch|p2a: Kyle Foid|Sableye, L50, F, shiny|100/100\n|switch|p2b: Q5U4EX7Y2E9N|Gardevoir, L50, F, shiny|100/100\n|-ability|p2b: Q5U4EX7Y2E9N|Competitive|Trace|[from] ability: Trace|[of] p1a: Milotic\n|turn|1\n|\n|t:|1788371581\n|detailschange|p2b: Q5U4EX7Y2E9N|Gardevoir-Mega, L50, F, shiny\n|-mega|p2b: Q5U4EX7Y2E9N|Gardevoir|Gardevoirite\n|move|p2a: Kyle Foid|Fake Out|p1b: Sneasler\n|-immune|p1b: Sneasler\n|move|p1b: Sneasler|Bitter Malice|p2b: Q5U4EX7Y2E9N\n|-supereffective|p2b: Q5U4EX7Y2E9N|1\n|-damage|p2b: Q5U4EX7Y2E9N|42/100\n|-unboost|p2b: Q5U4EX7Y2E9N|atk|1\n|move|p1a: Milotic|Scald|p2a: Kyle Foid\n|-damage|p2a: Kyle Foid|36/100\n|move|p2b: Q5U4EX7Y2E9N|Trick Room|p2b: Q5U4EX7Y2E9N\n|-fieldstart|move: Trick Room|[of] p2b: Q5U4EX7Y2E9N\n|\n|upkeep\n|turn|2\n|\n|t:|1788371603\n|move|p2a: Kyle Foid|Knock Off|p1b: Sneasler\n|-supereffective|p1b: Sneasler|1\n|-enditem|p1b: Sneasler|Focus Sash\n|-damage|p1b: Sneasler|1/100\n|replace|p1b: Zoroark|Zoroark-Hisui, L50, F\n|-end|p1b: Zoroark|Illusion\n|move|p1a: Milotic|Scald|p2a: Kyle Foid\n|-damage|p2a: Kyle Foid|0 fnt\n|faint|p2a: Kyle Foid\n|move|p2b: Q5U4EX7Y2E9N|Hyper Voice|p1a: Milotic|[spread] p1a,p1b\n|-damage|p1a: Milotic|57/100\n|-damage|p1b: Zoroark|0 fnt\n|faint|p1b: Zoroark\n|\n|-heal|p1a: Milotic|63/100|[from] item: Leftovers\n|upkeep\n|\n|t:|1788371621\n|switch|p2a: Fat Dudes|Torkoal, L50, M|100/100\n|switch|p1b: Volcarona|Volcarona, L50, F|100/100\n|-weather|SunnyDay|[from] ability: Drought|[of] p2a: Fat Dudes\n|turn|3\n|\n|t:|1788371633\n|move|p2a: Fat Dudes|Eruption|p1a: Milotic|[spread] p1a,p1b\n|-resisted|p1a: Milotic|1\n|-damage|p1a: Milotic|30/100\n|-damage|p1b: Volcarona|21/100\n|move|p1a: Milotic|Scald|p2a: Fat Dudes\n|-supereffective|p2a: Fat Dudes|1\n|-damage|p2a: Fat Dudes|44/100\n|move|p2b: Q5U4EX7Y2E9N|Hyper Voice|p1b: Volcarona|[spread] p1a,p1b\n|-resisted|p1b: Volcarona|1\n|-damage|p1a: Milotic|0 fnt\n|-damage|p1b: Volcarona|0 fnt\n|faint|p1a: Milotic\n|faint|p1b: Volcarona\n|\n|-weather|SunnyDay|[upkeep]\n|upkeep\n|\n|t:|1788371648\n|switch|p1b: Sneasler|Sneasler, L50, M|100/100\n|turn|4\n|\n|t:|1788371656\n|move|p1b: Sneasler|Fake Out|p2b: Q5U4EX7Y2E9N\n|-crit|p2b: Q5U4EX7Y2E9N\n|-damage|p2b: Q5U4EX7Y2E9N|8/100\n|move|p2a: Fat Dudes|Earth Power|p1b: Sneasler\n|-supereffective|p1b: Sneasler|1\n|-damage|p1b: Sneasler|32/100\n|cant|p2b: Q5U4EX7Y2E9N|flinch\n|\n|-weather|SunnyDay|[upkeep]\n|upkeep\n|turn|5\n|\n|t:|1788371669\n|move|p2a: Fat Dudes|Earth Power|p1b: Sneasler\n|-supereffective|p1b: Sneasler|1\n|-damage|p1b: Sneasler|0 fnt\n|faint|p1b: Sneasler\n|\n|win|collateraldamagejr\n|raw|Cheribat's rating: 1331 &rarr; <strong>1310</strong><br />(-21 for losing)\n|raw|collateraldamagejr's rating: 1314 &rarr; <strong>1335</strong><br />(+21 for winning)\n|c|☆collateraldamagejr|gg, wp\n","uploadtime":1788371674,"views":"0","formatid":"gen9championsvgc2026regmb","rating":1310,"private":0,"password":null}