{"id":"gen9championsvgc2026regmb-2673876130","format":"[Gen 9 Champions] VGC 2026 Reg M-B","players":["Thornlace48812","ryunoking"],"log":"|j|☆Thornlace48812\n|j|☆ryunoking\n|t:|1788271849\n|gametype|doubles\n|player|p1|Thornlace48812|102|1073\n|player|p2|ryunoking|2|1000\n|gen|9\n|tier|[Gen 9 Champions] VGC 2026 Reg M-B\n|rated|\n|rule|Species Clause: Limit one of each Pokémon\n|rule|Item Clause: Limit 1 of each item\n|clearpoke\n|poke|p1|Garchomp, L50, F|\n|poke|p1|Charizard, L50, M|\n|poke|p1|Whimsicott, L50, F|\n|poke|p1|Sylveon, L50, F|\n|poke|p1|Kingambit, L50, F|\n|poke|p1|Basculegion, L50, M|\n|poke|p2|Charizard, L50, F, shiny|\n|poke|p2|Whimsicott, L50, F, shiny|\n|poke|p2|Floette-Eternal, L50, F|\n|poke|p2|Kingambit, L50, F, shiny|\n|poke|p2|Garchomp, L50, F, shiny|\n|poke|p2|Basculegion, L50, M, shiny|\n|teampreview|4\n|inactive|Battle timer is ON: inactive players will automatically lose when time's up. (requested by Thornlace48812)\nThornlace48812 rejected open team sheets.\n|inactive|ryunoking has 60 seconds left.\n|\n|t:|1788271886\n|teamsize|p1|4\n|teamsize|p2|4\n|start\n|switch|p1a: Charizard|Charizard, L50, M|100/100\n|switch|p1b: Whimsicott|Whimsicott, L50, F|100/100\n|switch|p2a: Whimsicott|Whimsicott, L50, F, shiny|100/100\n|switch|p2b: Charizard|Charizard, L50, F, shiny|100/100\n|turn|1\n|\n|t:|1788271902\n|detailschange|p1a: Charizard|Charizard-Mega-Y, L50, M\n|-mega|p1a: Charizard|Charizard|Charizardite Y\n|-weather|SunnyDay|[from] ability: Drought|[of] p1a: Charizard\n|detailschange|p2b: Charizard|Charizard-Mega-Y, L50, F, shiny\n|-mega|p2b: Charizard|Charizard|Charizardite Y\n|move|p1b: Whimsicott|Protect|p1b: Whimsicott\n|-singleturn|p1b: Whimsicott|Protect\n|move|p2a: Whimsicott|Tailwind|p2a: Whimsicott\n|-sidestart|p2: ryunoking|move: Tailwind\n|move|p2b: Charizard|Heat Wave|p1b: Whimsicott|[spread] p1a\n|-activate|p1b: Whimsicott|move: Protect\n|-resisted|p1a: Charizard|1\n|-damage|p1a: Charizard|69/100\n|move|p1a: Charizard|Heat Wave|p2a: Whimsicott|[spread] p2a,p2b\n|-supereffective|p2a: Whimsicott|1\n|-resisted|p2b: Charizard|1\n|-enditem|p2a: Whimsicott|Focus Sash\n|-damage|p2a: Whimsicott|1/100\n|-damage|p2b: Charizard|71/100\n|\n|-weather|SunnyDay|[upkeep]\n|upkeep\n|turn|2\n|inactive|ryunoking has 30 seconds left.\n|\n|t:|1788271931\n|move|p1a: Charizard|Protect|p1a: Charizard\n|-singleturn|p1a: Charizard|Protect\n|move|p2a: Whimsicott|Encore|p1b: Whimsicott\n|-start|p1b: Whimsicott|Encore\n|move|p1b: Whimsicott|Protect|p1b: Whimsicott\n|-singleturn|p1b: Whimsicott|Protect\n|move|p2b: Charizard|Heat Wave|p1b: Whimsicott|[spread] \n|-activate|p1a: Charizard|move: Protect\n|-activate|p1b: Whimsicott|move: Protect\n|\n|-weather|SunnyDay|[upkeep]\n|upkeep\n|turn|3\n|\n|t:|1788271943\n|switch|p2a: Garchomp|Garchomp, L50, F, shiny|100/100\n|switch|p1b: Garchomp|Garchomp, L50, F|100/100\n|move|p2b: Charizard|Heat Wave|p1a: Charizard|[spread] p1a\n|-miss|p2b: Charizard|p1b: Garchomp\n|-resisted|p1a: Charizard|1\n|-damage|p1a: Charizard|40/100\n|move|p1a: Charizard|Ancient Power|p2b: Charizard\n|-supereffective|p2b: Charizard|2\n|-damage|p2b: Charizard|0 fnt\n|faint|p2b: Charizard\n|\n|-weather|SunnyDay|[upkeep]\n|upkeep\n|\n|t:|1788271956\n|switch|p2b: Kingambit|Kingambit, L50, F, shiny|100/100\n|turn|4\n|\n|t:|1788271967\n|move|p1a: Charizard|Protect|p1a: Charizard\n|-singleturn|p1a: Charizard|Protect\n|move|p2b: Kingambit|Protect|p2b: Kingambit\n|-singleturn|p2b: Kingambit|Protect\n|move|p2a: Garchomp|Rock Slide|p1b: Garchomp|[spread] p1b\n|-activate|p1a: Charizard|move: Protect\n|-resisted|p1b: Garchomp|1\n|-damage|p1b: Garchomp|89/100\n|move|p1b: Garchomp|Earthquake|p2a: Garchomp|[spread] p2a\n|-activate|p1a: Charizard|move: Protect\n|-activate|p2b: Kingambit|move: Protect\n|-damage|p2a: Garchomp|53/100\n|-damage|p1b: Garchomp|80/100|[from] item: Life Orb\n|\n|-weather|SunnyDay|[upkeep]\n|-sideend|p2: ryunoking|move: Tailwind\n|upkeep\n|turn|5\n|\n|t:|1788271983\n|move|p2b: Kingambit|Sucker Punch|p1a: Charizard\n|-damage|p1a: Charizard|0 fnt\n|faint|p1a: Charizard\n|move|p1b: Garchomp|Dragon Claw|p2a: Garchomp\n|-supereffective|p2a: Garchomp|1\n|-damage|p2a: Garchomp|0 fnt\n|-damage|p1b: Garchomp|67/100|[from] ability: Rough Skin|[of] p2a: Garchomp\n|faint|p2a: Garchomp\n|-damage|p1b: Garchomp|57/100|[from] item: Life Orb\n|\n|-weather|none\n|upkeep\n|\n|t:|1788271990\n|switch|p2a: Whimsicott|Whimsicott, L50, F, shiny|1/100\n|switch|p1a: Whimsicott|Whimsicott, L50, F|100/100\n|turn|6\n|\n|t:|1788272001\n|move|p1a: Whimsicott|Tailwind|p1a: Whimsicott\n|-sidestart|p1: Thornlace48812|move: Tailwind\n|move|p2a: Whimsicott|Tailwind|p2a: Whimsicott\n|-sidestart|p2: ryunoking|move: Tailwind\n|move|p2b: Kingambit|Sucker Punch|p1b: Garchomp\n|-damage|p1b: Garchomp|12/100\n|-damage|p2b: Kingambit|87/100|[from] ability: Rough Skin|[of] p1b: Garchomp\n|move|p1b: Garchomp|Earthquake|p2b: Kingambit|[spread] p1a,p2a,p2b\n|-resisted|p1a: Whimsicott|1\n|-resisted|p2a: Whimsicott|1\n|-supereffective|p2b: Kingambit|1\n|-damage|p1a: Whimsicott|62/100\n|-damage|p2a: Whimsicott|0 fnt\n|-damage|p2b: Kingambit|12/100\n|faint|p2a: Whimsicott\n|-damage|p1b: Garchomp|2/100|[from] item: Life Orb\n|\n|upkeep\n|turn|7\n|-message|ryunoking forfeited.\n|\n|win|Thornlace48812\n|raw|Thornlace48812's rating: 1077 &rarr; <strong>1099</strong><br />(+22 for winning)\n|raw|ryunoking's rating: 1000 &rarr; <strong>1000</strong><br />(+0 for losing)\n","uploadtime":1788272013,"views":"5","formatid":"gen9championsvgc2026regmb","rating":1000,"private":0,"password":null}