{"id":"gen9championsvgc2026regmb-2673957770","format":"[Gen 9 Champions] VGC 2026 Reg M-B","players":["dunparcelover32","Cheribat"],"log":"|j|☆dunparcelover32\n|j|☆Cheribat\n|t:|1788281733\n|gametype|doubles\n|player|p1|dunparcelover32|swimmer|1241\n|player|p2|Cheribat|waitress-gen4|1313\n|gen|9\n|tier|[Gen 9 Champions] VGC 2026 Reg M-B\n|rated|\n|rule|Species Clause: Limit one of each Pokémon\n|rule|Item Clause: Limit 1 of each item\n|clearpoke\n|poke|p1|Floette-Eternal, L50, F|\n|poke|p1|Basculegion, L50, M|\n|poke|p1|Dragonite, L50, F|\n|poke|p1|Kingambit, L50, M|\n|poke|p1|Garchomp, L50, F|\n|poke|p1|Sneasler, L50, F|\n|poke|p2|Metagross, L50|\n|poke|p2|Milotic, L50, F|\n|poke|p2|Volcarona, L50, F|\n|poke|p2|Sneasler, L50, F|\n|poke|p2|Hydreigon, L50, F|\n|poke|p2|Zoroark-Hisui, L50, F, shiny|\n|teampreview|4\ndunparcelover32 rejected open team sheets.\n|inactive|Battle timer is ON: inactive players will automatically lose when time's up. (requested by dunparcelover32)\n|\n|t:|1788281773\n|teamsize|p1|4\n|teamsize|p2|4\n|start\n|switch|p1a: Garchomp|Garchomp, L50, F|100/100\n|switch|p1b: Sneasler|Sneasler, L50, F|100/100\n|switch|p2a: Milotic|Milotic, L50, F|100/100\n|switch|p2b: Sneasler|Sneasler, L50, F|100/100\n|turn|1\n|\n|t:|1788281790\n|move|p1b: Sneasler|Fake Out|p2a: Milotic\n|-damage|p2a: Milotic|84/100\n|move|p2b: Sneasler|Fake Out|p1b: Sneasler\n|-damage|p1b: Sneasler|74/100\n|move|p1a: Garchomp|Earthquake|p2a: Milotic|[spread] p1b,p2a,p2b\n|-supereffective|p1b: Sneasler|1\n|-supereffective|p2b: Sneasler|1\n|-damage|p1b: Sneasler|0 fnt\n|-damage|p2a: Milotic|43/100\n|-damage|p2b: Sneasler|0 fnt\n|faint|p1b: Sneasler\n|faint|p2b: Sneasler\n|cant|p2a: Milotic|flinch\n|\n|-heal|p2a: Milotic|50/100y|[from] item: Leftovers\n|upkeep\n|\n|t:|1788281810\n|switch|p1b: Dragonite|Dragonite, L50, F|100/100\n|switch|p2b: Hydreigon|Hydreigon, L50, F|100/100\n|turn|2\n|\n|t:|1788281822\n|detailschange|p1b: Dragonite|Dragonite-Mega, L50, F\n|-mega|p1b: Dragonite|Dragonite|Dragoninite\n|move|p1a: Garchomp|Earthquake|p2a: Milotic|[spread] p2a\n|-immune|p1b: Dragonite\n|-immune|p2b: Hydreigon|[from] ability: Levitate\n|-damage|p2a: Milotic|8/100\n|move|p2b: Hydreigon|Draco Meteor|p1b: Dragonite\n|-supereffective|p1b: Dragonite|1\n|-damage|p1b: Dragonite|31/100\n|-unboost|p2b: Hydreigon|spa|2\n|move|p1b: Dragonite|Dragon Pulse|p2b: Hydreigon\n|-supereffective|p2b: Hydreigon|1\n|-crit|p2b: Hydreigon\n|-damage|p2b: Hydreigon|0 fnt\n|faint|p2b: Hydreigon\n|move|p2a: Milotic|Ice Beam|p1a: Garchomp\n|-supereffective|p1a: Garchomp|2\n|-damage|p1a: Garchomp|0 fnt\n|faint|p1a: Garchomp\n|\n|-heal|p2a: Milotic|15/100|[from] item: Leftovers\n|upkeep\n|\n|t:|1788281841\n|switch|p1a: Kingambit|Kingambit, L50, M|100/100\n|switch|p2b: Metagross|Metagross, L50|100/100\n|turn|3\n|\n|t:|1788281853\n|detailschange|p2b: Metagross|Metagross-Mega, L50\n|-mega|p2b: Metagross|Metagross|Metagrossite\n|move|p1a: Kingambit|Sucker Punch|p2b: Metagross\n|-supereffective|p2b: Metagross|1\n|-damage|p2b: Metagross|27/100\n|move|p2b: Metagross|Psychic Fangs|p1b: Dragonite\n|-damage|p1b: Dragonite|0 fnt\n|faint|p1b: Dragonite\n|move|p2a: Milotic|Recover|p2a: Milotic\n|-heal|p2a: Milotic|65/100\n|\n|-heal|p2a: Milotic|71/100|[from] item: Leftovers\n|upkeep\n|turn|4\n|\n|t:|1788281868\n|move|p2b: Metagross|Protect|p2b: Metagross\n|-singleturn|p2b: Metagross|Protect\n|move|p1a: Kingambit|Sucker Punch||[still]\n|-fail|p1a: Kingambit\n|move|p2a: Milotic|Scald|p1a: Kingambit\n|-damage|p1a: Kingambit|60/100\n|\n|-heal|p2a: Milotic|77/100|[from] item: Leftovers\n|upkeep\n|turn|5\n|c|☆dunparcelover32|gg\n|\n|t:|1788281881\n|move|p2b: Metagross|Stomping Tantrum|p1a: Kingambit\n|-supereffective|p1a: Kingambit|1\n|-damage|p1a: Kingambit|9/100\n|move|p2a: Milotic|Scald|p1a: Kingambit\n|-damage|p1a: Kingambit|0 fnt\n|faint|p1a: Kingambit\n|\n|win|Cheribat\n|raw|dunparcelover32's rating: 1241 &rarr; <strong>1221</strong><br />(-20 for losing)\n|raw|Cheribat's rating: 1313 &rarr; <strong>1329</strong><br />(+16 for winning)\n|l|☆dunparcelover32\n|player|p1|\n","uploadtime":1788281891,"views":"3","formatid":"gen9championsvgc2026regmb","rating":1221,"private":0,"password":null}