{"id":"gen9championsvgc2026regmb-2674558898","format":"[Gen 9 Champions] VGC 2026 Reg M-B","players":["BugCatcherTheThird","chudwig"],"log":"|j|☆BugCatcherTheThird\n|j|☆chudwig\n|t:|1788373846\n|gametype|doubles\n|player|p1|BugCatcherTheThird|pokemonranger-gen4|1133\n|player|p2|chudwig|caitlin|1059\n|gen|9\n|tier|[Gen 9 Champions] VGC 2026 Reg M-B\n|rated|\n|rule|Species Clause: Limit one of each Pokémon\n|rule|Item Clause: Limit 1 of each item\n|clearpoke\n|poke|p1|Araquanid, L50, M|\n|poke|p1|Scizor, L50, F|\n|poke|p1|Volcarona, L50, M|\n|poke|p1|Vivillon, L50, F|\n|poke|p1|Ariados, L50, F|\n|poke|p1|Kleavor, L50, F|\n|poke|p2|Froslass, L50, F|\n|poke|p2|Goodra-Hisui, L50, F|\n|poke|p2|Incineroar, L50, M|\n|poke|p2|Sableye, L50, F|\n|poke|p2|Dragonite, L50, F|\n|poke|p2|Ninetales-Alola, L50, F|\n|teampreview|4\n|inactive|Battle timer is ON: inactive players will automatically lose when time's up. (requested by BugCatcherTheThird)\nBugCatcherTheThird has agreed to open team sheets.\n|inactive|BugCatcherTheThird has 60 seconds left.\n|\n|t:|1788373883\n|teamsize|p1|4\n|teamsize|p2|4\n|start\n|switch|p1a: Scizor|Scizor, L50, F|100/100\n|switch|p1b: Kleavor|Kleavor, L50, F|100/100\n|switch|p2a: Froslass|Froslass, L50, F|100/100\n|switch|p2b: B-nasty|Goodra-Hisui, L50, F|100/100\n|turn|1\n|inactive|chudwig has 30 seconds left.\n|inactive|chudwig has 20 seconds left.\n|inactive|chudwig has 15 seconds left.\n|inactive|chudwig has 10 seconds left.\n|inactive|chudwig has 5 seconds left.\n|\n|t:|1788373939\n|detailschange|p1a: Scizor|Scizor-Mega, L50, F\n|-mega|p1a: Scizor|Scizor|Scizorite\n|move|p1b: Kleavor|Stone Axe|p2a: Froslass\n|-supereffective|p2a: Froslass|1\n|-damage|p2a: Froslass|0 fnt\n|-sidestart|p2: chudwig|move: Stealth Rock\n|faint|p2a: Froslass\n|move|p1a: Scizor|Swords Dance|p1a: Scizor\n|-boost|p1a: Scizor|atk|2\n|move|p2b: B-nasty|Ancient Power|p1a: Scizor\n|-damage|p1a: Scizor|81/100\n|-boost|p2b: B-nasty|atk|1\n|-boost|p2b: B-nasty|def|1\n|-boost|p2b: B-nasty|spa|1\n|-boost|p2b: B-nasty|spd|1\n|-boost|p2b: B-nasty|spe|1\n|\n|upkeep\n|inactive|chudwig has 30 seconds left.\n|inactive|chudwig has 20 seconds left.\n|inactive|chudwig has 15 seconds left.\n|inactive|chudwig has 10 seconds left.\n|inactive|chudwig has 5 seconds left.\n|\n|t:|1788373994\n|switch|p2a: Ninetales|Ninetales-Alola, L50, F|100/100\n|-damage|p2a: Ninetales|75/100|[from] Stealth Rock\n|-weather|Snowscape|[from] ability: Snow Warning|[of] p2a: Ninetales\n|turn|2\n|inactive|chudwig has 30 seconds left.\n|inactive|chudwig has 20 seconds left.\n|\n|t:|1788374030\n|switch|p1b: Vivillon|Vivillon, L50, F|100/100\n|move|p1a: Scizor|Bullet Punch|p2a: Ninetales\n|-supereffective|p2a: Ninetales|2\n|-damage|p2a: Ninetales|0 fnt\n|faint|p2a: Ninetales\n|move|p2b: B-nasty|Ancient Power|p1a: Scizor\n|-damage|p1a: Scizor|55/100\n|\n|-weather|Snowscape|[upkeep]\n|upkeep\n|\n|t:|1788374035\n|switch|p2a: incineram|Incineroar, L50, M|100/100\n|-damage|p2a: incineram|75/100|[from] Stealth Rock\n|-ability|p2a: incineram|Intimidate|boost\n|-unboost|p1a: Scizor|atk|1\n|-unboost|p1b: Vivillon|atk|1\n|turn|3\n|\n|t:|1788374049\n|move|p2a: incineram|Fake Out|p1a: Scizor\n|-resisted|p1a: Scizor|1\n|-damage|p1a: Scizor|51/100\n|move|p1b: Vivillon|Sleep Powder|p2b: B-nasty\n|-status|p2b: B-nasty|slp|[from] move: Sleep Powder\n|cant|p2b: B-nasty|slp\n|cant|p1a: Scizor|flinch\n|\n|-weather|Snowscape|[upkeep]\n|upkeep\n|turn|4\n|\n|t:|1788374063\n|move|p1b: Vivillon|Hurricane|p2a: incineram|[miss]\n|-miss|p1b: Vivillon|p2a: incineram\n|cant|p2b: B-nasty|slp\n|move|p1a: Scizor|Aerial Ace|p2a: incineram\n|-damage|p2a: incineram|29/100\n|-enditem|p2a: incineram|Sitrus Berry|[eat]\n|-heal|p2a: incineram|54/100|[from] item: Sitrus Berry\n|move|p2a: incineram|Flare Blitz|p1a: Scizor\n|-supereffective|p1a: Scizor|2\n|-damage|p1a: Scizor|0 fnt\n|faint|p1a: Scizor\n|-damage|p2a: incineram|41/100|[from] Recoil\n|\n|-weather|Snowscape|[upkeep]\n|upkeep\n|\n|t:|1788374081\n|switch|p1a: Kleavor|Kleavor, L50, F|100/100\n|turn|5\n|\n|t:|1788374092\n|move|p1a: Kleavor|Close Combat|p2a: incineram\n|-supereffective|p2a: incineram|1\n|-damage|p2a: incineram|0 fnt\n|-unboost|p1a: Kleavor|def|1\n|-unboost|p1a: Kleavor|spd|1\n|faint|p2a: incineram\n|move|p1b: Vivillon|Hurricane|p2b: B-nasty\n|-resisted|p2b: B-nasty|1\n|-damage|p2b: B-nasty|89/100 slp\n|-curestatus|p2b: B-nasty|slp|[msg]\n|move|p2b: B-nasty|Ancient Power|p1b: Vivillon\n|-supereffective|p1b: Vivillon|2\n|-enditem|p1b: Vivillon|Focus Sash\n|-damage|p1b: Vivillon|1/100\n|\n|-weather|Snowscape|[upkeep]\n|-heal|p2b: B-nasty|95/100|[from] item: Leftovers\n|upkeep\n|turn|6\n|\n|t:|1788374111\n|move|p1a: Kleavor|Close Combat|p2b: B-nasty\n|-supereffective|p2b: B-nasty|1\n|-damage|p2b: B-nasty|47/100\n|-unboost|p1a: Kleavor|def|1\n|-unboost|p1a: Kleavor|spd|1\n|move|p1b: Vivillon|Sleep Powder|p2b: B-nasty\n|-status|p2b: B-nasty|slp|[from] move: Sleep Powder\n|cant|p2b: B-nasty|slp\n|\n|-weather|Snowscape|[upkeep]\n|-heal|p2b: B-nasty|53/100 slp|[from] item: Leftovers\n|upkeep\n|turn|7\n|\n|t:|1788374127\n|move|p1a: Kleavor|Close Combat|p2b: B-nasty\n|-supereffective|p2b: B-nasty|1\n|-damage|p2b: B-nasty|3/100 slp\n|-unboost|p1a: Kleavor|def|1\n|-unboost|p1a: Kleavor|spd|1\n|move|p1b: Vivillon|Hurricane|p2b: B-nasty\n|-resisted|p2b: B-nasty|1\n|-damage|p2b: B-nasty|0 fnt\n|faint|p2b: B-nasty\n|\n|win|BugCatcherTheThird\n|raw|BugCatcherTheThird's rating: 1133 &rarr; <strong>1153</strong><br />(+20 for winning)\n|raw|chudwig's rating: 1059 &rarr; <strong>1044</strong><br />(-15 for losing)\n|c|☆chudwig|l sleep powder\n|l|☆chudwig\n|player|p2|\n","uploadtime":1788374128,"views":"6","formatid":"gen9championsvgc2026regmb","rating":1044,"private":0,"password":null}