{"id":"gen9championsvgc2026regmb-2673966577","format":"[Gen 9 Champions] VGC 2026 Reg M-B","players":["BlackAshura","drock101"],"log":"|j|☆BlackAshura\n|j|☆drock101\n|t:|1788282779\n|gametype|doubles\n|player|p1|BlackAshura|samsonoak|1207\n|player|p2|drock101|dawn|1244\n|gen|9\n|tier|[Gen 9 Champions] VGC 2026 Reg M-B\n|rated|\n|rule|Species Clause: Limit one of each Pokémon\n|rule|Item Clause: Limit 1 of each item\n|clearpoke\n|poke|p1|Metagross, L50, shiny|\n|poke|p1|Lycanroc-Dusk, L50, M, shiny|\n|poke|p1|Dragonite, L50, M|\n|poke|p1|Kingambit, L50, F|\n|poke|p1|Basculegion, L50, M|\n|poke|p1|Whimsicott, L50, M|\n|poke|p2|Whimsicott, L50, M|\n|poke|p2|Scizor, L50, F|\n|poke|p2|Garchomp, L50, F|\n|poke|p2|Sylveon, L50, M|\n|poke|p2|Charizard, L50, F, shiny|\n|poke|p2|Metagross, L50|\n|teampreview|4\n|\n|t:|1788282834\n|teamsize|p1|4\n|teamsize|p2|4\n|start\n|switch|p1a: Whimsicott|Whimsicott, L50, M|100/100\n|switch|p1b: Basculegion|Basculegion, L50, M|100/100\n|switch|p2a: Scizor|Scizor, L50, F|100/100\n|switch|p2b: Whimsicott|Whimsicott, L50, M|100/100\n|turn|1\n|\n|t:|1788282852\n|move|p1a: Whimsicott|Protect|p1a: Whimsicott\n|-singleturn|p1a: Whimsicott|Protect\n|move|p2b: Whimsicott|Tickle|p1b: Basculegion\n|-unboost|p1b: Basculegion|atk|1\n|-unboost|p1b: Basculegion|def|1\n|move|p2a: Scizor|Bullet Punch|p1a: Whimsicott\n|-activate|p1a: Whimsicott|move: Protect\n|move|p1b: Basculegion|Wave Crash|p2a: Scizor\n|-damage|p2a: Scizor|45/100\n|-damage|p1b: Basculegion|83/100|[from] Recoil\n|-damage|p1b: Basculegion|74/100|[from] item: Life Orb\n|\n|upkeep\n|turn|2\n|\n|t:|1788282907\n|switch|p1b: Kingambit|Kingambit, L50, F|100/100\n|move|p2b: Whimsicott|Tickle|p1b: Kingambit\n|-hint|Since gen 7, Dark is immune to Prankster moves.\n|-immune|p1b: Kingambit\n|move|p1a: Whimsicott|Tailwind|p1a: Whimsicott\n|-sidestart|p1: BlackAshura|move: Tailwind\n|move|p2a: Scizor|Bug Bite|p1a: Whimsicott\n|-damage|p1a: Whimsicott|18/100\n|\n|upkeep\n|turn|3\n|inactive|Battle timer is ON: inactive players will automatically lose when time's up. (requested by drock101)\n|\n|t:|1788282941\n|switch|p1a: Basculegion|Basculegion, L50, M|74/100\n|switch|p2b: Garchomp|Garchomp, L50, F|100/100\n|move|p2a: Scizor|Bullet Punch|p1a: Basculegion\n|-resisted|p1a: Basculegion|1\n|-damage|p1a: Basculegion|57/100\n|move|p1b: Kingambit|Low Kick|p2a: Scizor\n|-damage|p2a: Scizor|10/100\n|\n|upkeep\n|turn|4\n|\n|t:|1788282961\n|move|p2a: Scizor|Protect|p2a: Scizor\n|-singleturn|p2a: Scizor|Protect\n|move|p1b: Kingambit|Sucker Punch|p2b: Garchomp\n|-damage|p2b: Garchomp|59/100\n|-damage|p1b: Kingambit|87/100|[from] ability: Rough Skin|[of] p2b: Garchomp\n|move|p1a: Basculegion|Wave Crash|p2b: Garchomp\n|-damage|p2b: Garchomp|0 fnt\n|-damage|p1a: Basculegion|45/100|[from] ability: Rough Skin|[of] p2b: Garchomp\n|faint|p2b: Garchomp\n|-damage|p1a: Basculegion|27/100|[from] Recoil\n|-damage|p1a: Basculegion|17/100|[from] item: Life Orb\n|\n|upkeep\n|\n|t:|1788282972\n|switch|p2b: Charizard|Charizard, L50, F, shiny|100/100\n|turn|5\n|\n|t:|1788282986\n|move|p1b: Kingambit|Protect|p1b: Kingambit\n|-singleturn|p1b: Kingambit|Protect\n|move|p2b: Charizard|Protect|p2b: Charizard\n|-singleturn|p2b: Charizard|Protect\n|move|p1a: Basculegion|Aqua Jet|p2a: Scizor\n|-damage|p2a: Scizor|0 fnt\n|faint|p2a: Scizor\n|-damage|p1a: Basculegion|8/100|[from] item: Life Orb\n|\n|-sideend|p1: BlackAshura|move: Tailwind\n|upkeep\n|\n|t:|1788282993\n|switch|p2a: Whimsicott|Whimsicott, L50, M|100/100\n|turn|6\n|inactive|BlackAshura has 30 seconds left.\n|\n|t:|1788283024\n|switch|p1b: Dragonite|Dragonite, L50, M|100/100\n|detailschange|p2b: Charizard|Charizard-Mega-Y, L50, F, shiny\n|-mega|p2b: Charizard|Charizard|Charizardite Y\n|-weather|SunnyDay|[from] ability: Drought|[of] p2b: Charizard\n|move|p2a: Whimsicott|Tailwind|p2a: Whimsicott\n|-sidestart|p2: drock101|move: Tailwind\n|move|p1a: Basculegion|Aqua Jet|p2b: Charizard\n|-supereffective|p2b: Charizard|1\n|-damage|p2b: Charizard|64/100\n|-damage|p1a: Basculegion|0 fnt|[from] item: Life Orb\n|faint|p1a: Basculegion\n|move|p2b: Charizard|Heat Wave|p1b: Dragonite\n|-resisted|p1b: Dragonite|1\n|-damage|p1b: Dragonite|76/100\n|\n|-weather|SunnyDay|[upkeep]\n|upkeep\n|\n|t:|1788283047\n|switch|p1a: Kingambit|Kingambit, L50, F|87/100\n|turn|7\n|\n|t:|1788283060\n|switch|p1b: Whimsicott|Whimsicott, L50, M|18/100\n|move|p2b: Charizard|Protect|p2b: Charizard\n|-singleturn|p2b: Charizard|Protect\n|move|p1a: Kingambit|Sucker Punch||[still]\n|-fail|p1a: Kingambit\n|move|p2a: Whimsicott|Moonblast|p1b: Whimsicott\n|-damage|p1b: Whimsicott|0 fnt\n|faint|p1b: Whimsicott\n|\n|-weather|SunnyDay|[upkeep]\n|upkeep\n|\n|t:|1788283070\n|switch|p1b: Dragonite|Dragonite, L50, M|76/100\n|turn|8\n|\n|t:|1788283094\n|detailschange|p1b: Dragonite|Dragonite-Mega, L50, M\n|-mega|p1b: Dragonite|Dragonite|Dragoninite\n|move|p2b: Charizard|Protect||[still]\n|-fail|p2b: Charizard\n|move|p1b: Dragonite|Protect|p1b: Dragonite\n|-singleturn|p1b: Dragonite|Protect\n|move|p1a: Kingambit|Sucker Punch||[still]\n|-fail|p1a: Kingambit\n|move|p2a: Whimsicott|Moonblast|p1b: Dragonite\n|-activate|p1b: Dragonite|move: Protect\n|\n|-weather|SunnyDay|[upkeep]\n|upkeep\n|turn|9\n|\n|t:|1788283115\n|move|p2b: Charizard|Protect|p2b: Charizard\n|-singleturn|p2b: Charizard|Protect\n|move|p1b: Dragonite|Protect||[still]\n|-fail|p1b: Dragonite\n|move|p1a: Kingambit|Sucker Punch||[still]\n|-fail|p1a: Kingambit\n|move|p2a: Whimsicott|Moonblast|p1b: Dragonite\n|-supereffective|p1b: Dragonite|1\n|-damage|p1b: Dragonite|28/100\n|\n|-weather|SunnyDay|[upkeep]\n|-sideend|p2: drock101|move: Tailwind\n|upkeep\n|turn|10\n|inactive|BlackAshura has 30 seconds left.\n|\n|t:|1788283141\n|move|p2a: Whimsicott|Encore|p1b: Dragonite\n|-start|p1b: Dragonite|Encore\n|move|p1b: Dragonite|Protect|p1b: Dragonite\n|-singleturn|p1b: Dragonite|Protect\n|move|p1a: Kingambit|Sucker Punch||[still]\n|-fail|p1a: Kingambit\n|move|p2b: Charizard|Heat Wave|p1a: Kingambit|[spread] \n|-activate|p1b: Dragonite|move: Protect\n|-miss|p2b: Charizard|p1a: Kingambit\n|\n|-weather|none\n|upkeep\n|turn|11\n|\n|t:|1788283160\n|move|p1b: Dragonite|Protect||[still]\n|-fail|p1b: Dragonite\n|move|p1a: Kingambit|Sucker Punch|p2b: Charizard\n|-damage|p2b: Charizard|10/100\n|move|p2a: Whimsicott|Moonblast|p1b: Dragonite\n|-supereffective|p1b: Dragonite|1\n|-damage|p1b: Dragonite|0 fnt\n|faint|p1b: Dragonite\n|move|p2b: Charizard|Heat Wave|p1a: Kingambit\n|-supereffective|p1a: Kingambit|1\n|-damage|p1a: Kingambit|0 fnt\n|faint|p1a: Kingambit\n|\n|win|drock101\n","uploadtime":1788282781,"views":"0","formatid":"gen9championsvgc2026regmb","rating":null,"private":0,"password":null}