{"id":"gen9championsvgc2026regmbbo3-2673985714","format":"[Gen 9 Champions] VGC 2026 Reg M-B (Bo3)","players":["humania1","alex0234"],"log":"|j|☆humania1\n|j|☆alex0234\n|html|<table width=\"100%\"><tr><td align=\"left\">humania1</td><td align=\"right\">alex0234</tr><tr><td align=\"left\"><i class=\"fa fa-circle\"></i> <i class=\"fa fa-circle-o\"></i> </td><td align=\"right\"><i class=\"fa fa-circle-o\"></i> <i class=\"fa fa-circle\"></i> </tr></table>\n|uhtml|bestof|<h2><strong>Game 3</strong> of <a href=\"/game-bestof3-gen9championsvgc2026regmbbo3-2673980821\">a best-of-3</a></h2>\n|t:|1788285009\n|gametype|doubles\n|player|p1|humania1|266|1000\n|player|p2|alex0234|red|1135\n|gen|9\n|tier|[Gen 9 Champions] VGC 2026 Reg M-B (Bo3)\n|rated|\n|rule|Species Clause: Limit one of each Pokémon\n|rule|Item Clause: Limit 1 of each item\n|clearpoke\n|poke|p1|Blastoise, L50, M|\n|poke|p1|Delphox, L50, M, shiny|\n|poke|p1|Incineroar, L50, M|\n|poke|p1|Sinistcha, L50|\n|poke|p1|Sneasler, L50, M|\n|poke|p1|Vivillon, L50, F|\n|poke|p2|Glalie, L50, F|\n|poke|p2|Ninetales-Alola, L50, M|\n|poke|p2|Toxapex, L50, M|\n|poke|p2|Lycanroc-Dusk, L50, F|\n|poke|p2|Kingambit, L50, F|\n|poke|p2|Venusaur, L50, M|\n|teampreview|4\n|showteam|p1|Blastoise||Blastoisinite|Torrent|Protect,ShellSmash,WaterSpout,DarkPulse|Modest||M|||50|]Delphox||Delphoxite|Blaze|Protect,HeatWave,Psyshock,NastyPlot|Timid||M|||50|]Incineroar||PasshoBerry|Intimidate|FakeOut,PartingShot,FlareBlitz,ThroatChop|Impish||M|||50|]Sinistcha||SitrusBerry|Hospitality|Protect,MatchaGotcha,TrickRoom,RagePowder|Bold|||||50|]Sneasler||FocusSash|PoisonTouch|QuickGuard,FakeOut,CloseCombat,DireClaw|Jolly||M|||50|]Vivillon||ChoiceScarf|CompoundEyes|Hurricane,SleepPowder,RagePowder,Uturn|Timid||F|||50|\n|showteam|p2|Glalie||Glalitite|Moody|Explosion,BodySlam,Crunch,Protect|Adamant||F|||50|]Ninetales-Alola||LightClay|SnowWarning|Moonblast,Blizzard,IcyWind,AuroraVeil|Timid||M|||50|]Toxapex||Leftovers|Regenerator|Toxic,Infestation,WideGuard,BanefulBunker|Bold||M|||50|]Lycanroc-Dusk||FocusSash|ToughClaws|Accelerock,CloseCombat,RockSlide,Protect|Adamant||F|||50|]Kingambit||BlackGlasses|Defiant|KowtowCleave,SuckerPunch,SwordsDance,Protect|Adamant||F|||50|]Venusaur||Venusaurite|Chlorophyll|GigaDrain,SludgeBomb,SleepPowder,Protect|Modest||M|||50|\n|inactive|Battle timer is ON: inactive players will automatically lose when time's up. (requested by humania1)\n|inactive|alex0234 also wants the timer to be on.\n|inactive|alex0234 has 60 seconds left.\n|\n|t:|1788285056\n|teamsize|p1|4\n|teamsize|p2|4\n|start\n|switch|p1a: Incineroar|Incineroar, L50, M|100/100\n|switch|p1b: Sneasler|Sneasler, L50, M|100/100\n|switch|p2a: Toxapex|Toxapex, L50, M|100/100\n|switch|p2b: Ninetales|Ninetales-Alola, L50, M|100/100\n|-weather|Snowscape|[from] ability: Snow Warning|[of] p2b: Ninetales\n|-ability|p1a: Incineroar|Intimidate|boost\n|-unboost|p2a: Toxapex|atk|1\n|-unboost|p2b: Ninetales|atk|1\n|turn|1\n|\n|t:|1788285071\n|switch|p2b: Kingambit|Kingambit, L50, F|100/100\n|move|p1b: Sneasler|Dire Claw|p2b: Kingambit\n|-immune|p2b: Kingambit\n|move|p1a: Incineroar|Flare Blitz|p2b: Kingambit\n|-supereffective|p2b: Kingambit|1\n|-damage|p2b: Kingambit|29/100\n|-damage|p1a: Incineroar|76/100|[from] Recoil\n|move|p2a: Toxapex|Toxic|p1a: Incineroar\n|-status|p1a: Incineroar|tox\n|\n|-weather|Snowscape|[upkeep]\n|-damage|p1a: Incineroar|70/100 tox|[from] psn\n|upkeep\n|turn|2\n|inactive|alex0234 has 30 seconds left.\n|\n|t:|1788285099\n|switch|p2b: Ninetales|Ninetales-Alola, L50, M|100/100\n|move|p1b: Sneasler|Close Combat|p2b: Ninetales\n|-damage|p2b: Ninetales|56/100\n|-unboost|p1b: Sneasler|def|1\n|-unboost|p1b: Sneasler|spd|1\n|move|p1a: Incineroar|Flare Blitz|p2b: Ninetales\n|-supereffective|p2b: Ninetales|1\n|-damage|p2b: Ninetales|0 fnt\n|faint|p2b: Ninetales\n|-damage|p1a: Incineroar|53/100 tox|[from] Recoil\n|move|p2a: Toxapex|Infestation|p1a: Incineroar\n|-damage|p1a: Incineroar|50/100g tox\n|-activate|p1a: Incineroar|move: Infestation|[of] p2a: Toxapex\n|\n|-weather|Snowscape|[upkeep]\n|-damage|p1a: Incineroar|38/100 tox|[from] psn\n|-damage|p1a: Incineroar|26/100 tox|[from] move: Infestation|[partiallytrapped]\n|upkeep\n|\n|t:|1788285116\n|switch|p2b: Kingambit|Kingambit, L50, F|29/100\n|turn|3\n|\n|t:|1788285119\n|move|p2b: Kingambit|Protect|p2b: Kingambit\n|-singleturn|p2b: Kingambit|Protect\n|move|p1b: Sneasler|Close Combat|p2b: Kingambit\n|-activate|p2b: Kingambit|move: Protect\n|move|p1a: Incineroar|Flare Blitz|p2b: Kingambit\n|-activate|p2b: Kingambit|move: Protect\n|move|p2a: Toxapex|Infestation|p1b: Sneasler\n|-resisted|p1b: Sneasler|2\n|-damage|p1b: Sneasler|98/100\n|-activate|p1b: Sneasler|move: Infestation|[of] p2a: Toxapex\n|\n|-weather|Snowscape|[upkeep]\n|-damage|p1a: Incineroar|8/100 tox|[from] psn\n|-damage|p1b: Sneasler|86/100|[from] move: Infestation|[partiallytrapped]\n|-damage|p1a: Incineroar|0 fnt|[from] move: Infestation|[partiallytrapped]\n|faint|p1a: Incineroar\n|upkeep\n|\n|t:|1788285119\n|switch|p1a: Delphox|Delphox, L50, M, shiny|100/100\n|turn|4\n|\n|t:|1788285131\n|move|p1a: Delphox|Protect|p1a: Delphox\n|-singleturn|p1a: Delphox|Protect\n|move|p2b: Kingambit|Sucker Punch|p1b: Sneasler\n|-resisted|p1b: Sneasler|1\n|-damage|p1b: Sneasler|26/100\n|move|p1b: Sneasler|Close Combat|p2b: Kingambit\n|-supereffective|p2b: Kingambit|2\n|-damage|p2b: Kingambit|0 fnt\n|-unboost|p1b: Sneasler|def|1\n|-unboost|p1b: Sneasler|spd|1\n|faint|p2b: Kingambit\n|move|p2a: Toxapex|Toxic|p1a: Delphox\n|-activate|p1a: Delphox|move: Protect\n|\n|-weather|Snowscape|[upkeep]\n|-damage|p1b: Sneasler|14/100|[from] move: Infestation|[partiallytrapped]\n|upkeep\n|\n|t:|1788285140\n|switch|p2b: Glalie|Glalie, L50, F|100/100\n|turn|5\n|\n|t:|1788285152\n|detailschange|p1a: Delphox|Delphox-Mega, L50, M, shiny\n|-mega|p1a: Delphox|Delphox|Delphoxite\n|move|p2b: Glalie|Protect|p2b: Glalie\n|-singleturn|p2b: Glalie|Protect\n|move|p2a: Toxapex|Baneful Bunker|p2a: Toxapex\n|-singleturn|p2a: Toxapex|move: Protect\n|move|p1a: Delphox|Heat Wave|p2b: Glalie|[spread] \n|-activate|p2a: Toxapex|move: Protect\n|-activate|p2b: Glalie|move: Protect\n|move|p1b: Sneasler|Close Combat|p2b: Glalie\n|-activate|p2b: Glalie|move: Protect\n|\n|-weather|none\n|-damage|p1b: Sneasler|2/100|[from] move: Infestation|[partiallytrapped]\n|-ability|p2b: Glalie|Moody|boost\n|-boost|p2b: Glalie|def|2\n|-unboost|p2b: Glalie|spa|1\n|upkeep\n|turn|6\n|inactive|alex0234 has 30 seconds left.\n|\n|t:|1788285181\n|detailschange|p2b: Glalie|Glalie-Mega, L50, F\n|-mega|p2b: Glalie|Glalie|Glalitite\n|move|p2a: Toxapex|Wide Guard|p2a: Toxapex\n|-singleturn|p2a: Toxapex|Wide Guard\n|move|p1a: Delphox|Heat Wave|p2b: Glalie|[spread] \n|-activate|p2a: Toxapex|move: Wide Guard\n|-activate|p2b: Glalie|move: Wide Guard\n|move|p1b: Sneasler|Close Combat|p2b: Glalie\n|-supereffective|p2b: Glalie|1\n|-damage|p2b: Glalie|35/100\n|-unboost|p1b: Sneasler|def|1\n|-unboost|p1b: Sneasler|spd|1\n|move|p2b: Glalie|Crunch|p1a: Delphox\n|-supereffective|p1a: Delphox|1\n|-damage|p1a: Delphox|28/100\n|-unboost|p1a: Delphox|def|1\n|\n|-damage|p1b: Sneasler|0 fnt|[from] move: Infestation|[partiallytrapped]\n|faint|p1b: Sneasler\n|upkeep\n|\n|t:|1788285181\n|switch|p1b: Sinistcha|Sinistcha, L50|100/100\n|-heal|p1a: Delphox|52/100|[from] ability: Hospitality|[of] p1b: Sinistcha\n|turn|7\n|\n|t:|1788285204\n|move|p2b: Glalie|Protect|p2b: Glalie\n|-singleturn|p2b: Glalie|Protect\n|move|p1b: Sinistcha|Protect|p1b: Sinistcha\n|-singleturn|p1b: Sinistcha|Protect\n|move|p1a: Delphox|Psyshock|p2b: Glalie\n|-activate|p2b: Glalie|move: Protect\n|move|p2a: Toxapex|Toxic|p1a: Delphox\n|-status|p1a: Delphox|tox\n|\n|-damage|p1a: Delphox|47/100 tox|[from] psn\n|upkeep\n|turn|8\n|\n|t:|1788285215\n|move|p2a: Toxapex|Baneful Bunker|p2a: Toxapex\n|-singleturn|p2a: Toxapex|move: Protect\n|move|p1a: Delphox|Psyshock|p2b: Glalie\n|-damage|p2b: Glalie|12/100\n|move|p2b: Glalie|Explosion|p1a: Delphox|[spread] p1a,p1b\n|-activate|p2a: Toxapex|move: Protect\n|-resisted|p1a: Delphox|1\n|-supereffective|p1b: Sinistcha|1\n|-damage|p1a: Delphox|0 fnt\n|-damage|p1b: Sinistcha|0 fnt\n|faint|p2b: Glalie\n|faint|p1a: Delphox\n|faint|p1b: Sinistcha\n|\n|win|alex0234\n|raw|humania1's rating: 1000 &rarr; <strong>1000</strong><br />(+0 for losing)\n|raw|alex0234's rating: 1135 &rarr; <strong>1151</strong><br />(+16 for winning)\n","uploadtime":1788285215,"views":"3","formatid":"gen9championsvgc2026regmbbo3","rating":1000,"private":0,"password":null}