{"id":"gen9championsvgc2026regmb-2674565468","format":"[Gen 9 Champions] VGC 2026 Reg M-B","players":["troublebubble","elektriktoad2"],"log":"|j|☆troublebubble\n|j|☆elektriktoad2\n|t:|1788374594\n|gametype|doubles\n|player|p1|troublebubble|265|1658\n|player|p2|elektriktoad2|janine|1715\n|gen|9\n|tier|[Gen 9 Champions] VGC 2026 Reg M-B\n|rated|\n|rule|Species Clause: Limit one of each Pokémon\n|rule|Item Clause: Limit 1 of each item\n|clearpoke\n|poke|p1|Charizard, L50, M|\n|poke|p1|Aerodactyl, L50, F|\n|poke|p1|Garchomp, L50, M|\n|poke|p1|Basculegion, L50, M|\n|poke|p1|Sylveon, L50, M|\n|poke|p1|Kingambit, L50, M|\n|poke|p2|Victreebel, L50, F|\n|poke|p2|Sneasler, L50, M|\n|poke|p2|Corviknight, L50, M|\n|poke|p2|Sableye, L50, F|\n|poke|p2|Kingambit, L50, F|\n|poke|p2|Raichu, L50, M|\n|teampreview|4\n|\n|t:|1788374623\n|teamsize|p1|4\n|teamsize|p2|4\n|start\n|switch|p1a: Sylveon|Sylveon, L50, M|100/100\n|switch|p1b: Charizard|Charizard, L50, M|100/100\n|switch|p2a: Victreebel|Victreebel, L50, F|100/100\n|switch|p2b: Sneasler|Sneasler, L50, M|100/100\n|turn|1\n|\n|t:|1788374635\n|detailschange|p2a: Victreebel|Victreebel-Mega, L50, F\n|-mega|p2a: Victreebel|Victreebel|Victreebelite\n|move|p1b: Charizard|Protect|p1b: Charizard\n|-singleturn|p1b: Charizard|Protect\n|move|p2b: Sneasler|Feint|p1b: Charizard\n|-activate|p1b: Charizard|move: Feint\n|-damage|p1b: Charizard|85/100\n|move|p1a: Sylveon|Yawn|p2a: Victreebel\n|-start|p2a: Victreebel|move: Yawn|[of] p1a: Sylveon\n|move|p2a: Victreebel|Sludge Bomb|p1b: Charizard\n|-damage|p1b: Charizard|11/100\n|\n|upkeep\n|turn|2\n|\n|t:|1788374654\n|detailschange|p1b: Charizard|Charizard-Mega-Y, L50, M\n|-mega|p1b: Charizard|Charizard|Charizardite Y\n|-weather|SunnyDay|[from] ability: Drought|[of] p1b: Charizard\n|move|p2a: Victreebel|Sucker Punch|p1b: Charizard\n|-damage|p1b: Charizard|0 fnt\n|faint|p1b: Charizard\n|move|p2b: Sneasler|Dire Claw|p1a: Sylveon\n|-supereffective|p1a: Sylveon|1\n|-damage|p1a: Sylveon|0 fnt\n|faint|p1a: Sylveon\n|\n|-weather|SunnyDay|[upkeep]\n|-end|p2a: Victreebel|move: Yawn|[silent]\n|-status|p2a: Victreebel|slp\n|upkeep\n|\n|t:|1788374661\n|switch|p1b: Basculegion|Basculegion, L50, M|100/100\n|switch|p1a: Kingambit|Kingambit, L50, M|100/100\n|turn|3\n|\n|t:|1788374671\n|move|p2b: Sneasler|Protect|p2b: Sneasler\n|-singleturn|p2b: Sneasler|Protect\n|move|p1b: Basculegion|Last Respects|p2b: Sneasler\n|-activate|p2b: Sneasler|move: Protect\n|cant|p2a: Victreebel|slp\n|move|p1a: Kingambit|Kowtow Cleave|p2a: Victreebel\n|-damage|p2a: Victreebel|49/100 slp\n|\n|-weather|SunnyDay|[upkeep]\n|upkeep\n|turn|4\n|\n|t:|1788374691\n|move|p2b: Sneasler|Dire Claw|p1b: Basculegion\n|-resisted|p1b: Basculegion|1\n|-damage|p1b: Basculegion|72/100\n|move|p1b: Basculegion|Last Respects|p2b: Sneasler\n|-enditem|p2b: Sneasler|Focus Sash\n|-damage|p2b: Sneasler|1/100\n|cant|p2a: Victreebel|slp\n|move|p1a: Kingambit|Kowtow Cleave|p2a: Victreebel\n|-damage|p2a: Victreebel|0 fnt\n|-damage|p1a: Kingambit|55/100|[from] ability: Innards Out|[of] p2a: Victreebel\n|faint|p2a: Victreebel\n|\n|-weather|SunnyDay|[upkeep]\n|upkeep\n|\n|t:|1788374706\n|switch|p2a: Sableye|Sableye, L50, F|100/100\n|turn|5\n|\n|t:|1788374721\n|move|p2a: Sableye|Disable|p1b: Basculegion\n|-start|p1b: Basculegion|Disable|Last Respects\n|move|p2b: Sneasler|Close Combat|p1a: Kingambit\n|-supereffective|p1a: Kingambit|2\n|-enditem|p1a: Kingambit|Chople Berry|[eat]\n|-enditem|p1a: Kingambit|Chople Berry|[weaken]\n|-damage|p1a: Kingambit|0 fnt\n|-unboost|p2b: Sneasler|def|1\n|-unboost|p2b: Sneasler|spd|1\n|faint|p1a: Kingambit\n|cant|p1b: Basculegion|Disable|Last Respects\n|\n|-weather|SunnyDay|[upkeep]\n|upkeep\n|turn|6\n|-message|troublebubble forfeited.\n|\n|win|elektriktoad2\n|raw|troublebubble's rating: 1658 &rarr; <strong>1641</strong><br />(-17 for losing)\n|raw|elektriktoad2's rating: 1715 &rarr; <strong>1732</strong><br />(+17 for winning)\n","uploadtime":1788374730,"views":"1","formatid":"gen9championsvgc2026regmb","rating":1641,"private":0,"password":null}