{"id":"gen9championsvgc2026regmb-2674254453","format":"[Gen 9 Champions] VGC 2026 Reg M-B","players":["centruledge","ShrimpGun"],"log":"|j|☆centruledge\n|j|☆ShrimpGun\n|t:|1788324289\n|gametype|doubles\n|player|p1|centruledge|101|1336\n|player|p2|ShrimpGun|fisherman-gen4|1315\n|gen|9\n|tier|[Gen 9 Champions] VGC 2026 Reg M-B\n|rated|\n|rule|Species Clause: Limit one of each Pokémon\n|rule|Item Clause: Limit 1 of each item\n|clearpoke\n|poke|p1|Gengar, L50, M|\n|poke|p1|Incineroar, L50, M|\n|poke|p1|Kommo-o, L50, F|\n|poke|p1|Pelipper, L50, F|\n|poke|p1|Swampert, L50, F|\n|poke|p1|Basculegion, L50, M|\n|poke|p2|Staraptor, L50, F|\n|poke|p2|Farigiraf, L50, F, shiny|\n|poke|p2|Clawitzer, L50, F|\n|poke|p2|Arcanine-Hisui, L50, M|\n|poke|p2|Sylveon, L50, F|\n|poke|p2|Vivillon, L50, F|\n|teampreview|4\n|inactive|Battle timer is ON: inactive players will automatically lose when time's up. (requested by centruledge)\n|inactive|centruledge has 60 seconds left.\n|\n|t:|1788324330\n|teamsize|p1|4\n|teamsize|p2|4\n|start\n|switch|p1a: Gengar|Gengar, L50, M|100/100\n|switch|p1b: Incineroar|Incineroar, L50, M|100/100\n|switch|p2a: Staraptor|Staraptor, L50, F|100/100\n|switch|p2b: Farigiraf|Farigiraf, L50, F, shiny|100/100\n|-ability|p2a: Staraptor|Intimidate|boost\n|-unboost|p1a: Gengar|atk|1\n|-unboost|p1b: Incineroar|atk|1\n|-ability|p1b: Incineroar|Intimidate|boost\n|-unboost|p2a: Staraptor|atk|1\n|-unboost|p2b: Farigiraf|atk|1\n|turn|1\n|\n|t:|1788324353\n|switch|p2b: Clawitzer|Clawitzer, L50, F|100/100\n|detailschange|p1a: Gengar|Gengar-Mega, L50, M\n|-mega|p1a: Gengar|Gengar|Gengarite\n|detailschange|p2a: Staraptor|Staraptor-Mega, L50, F\n|-mega|p2a: Staraptor|Staraptor|Staraptite\n|move|p1a: Gengar|Protect|p1a: Gengar\n|-singleturn|p1a: Gengar|Protect\n|move|p2a: Staraptor|Close Combat|p1b: Incineroar\n|-supereffective|p1b: Incineroar|1\n|-damage|p1b: Incineroar|45/100\n|-boost|p2a: Staraptor|def|1\n|-boost|p2a: Staraptor|spd|1\n|-enditem|p1b: Incineroar|Sitrus Berry|[eat]\n|-heal|p1b: Incineroar|70/100|[from] item: Sitrus Berry\n|move|p1b: Incineroar|Throat Chop|p2b: Clawitzer\n|-damage|p2b: Clawitzer|69/100\n|-start|p2b: Clawitzer|Throat Chop|[silent]\n|\n|upkeep\n|turn|2\n|inactive|centruledge has 30 seconds left.\n|inactive|ShrimpGun has 30 seconds left.\n|\n|t:|1788324382\n|move|p1a: Gengar|Perish Song|p1a: Gengar\n|-start|p1a: Gengar|perish3|[silent]\n|-start|p1b: Incineroar|perish3|[silent]\n|-start|p2a: Staraptor|perish3|[silent]\n|-start|p2b: Clawitzer|perish3|[silent]\n|-fieldactivate|move: Perish Song\n|move|p2a: Staraptor|Tailwind|p2a: Staraptor\n|-sidestart|p2: ShrimpGun|move: Tailwind\n|move|p2b: Clawitzer|Dark Pulse|p1a: Gengar\n|-supereffective|p1a: Gengar|1\n|-damage|p1a: Gengar|0 fnt\n|faint|p1a: Gengar\n|-damage|p2b: Clawitzer|60/100|[from] item: Life Orb\n|move|p1b: Incineroar|Parting Shot|p2b: Clawitzer\n|-unboost|p2b: Clawitzer|atk|1\n|-unboost|p2b: Clawitzer|spa|1\n|\n|t:|1788324393\n|switch|p1b: Basculegion|Basculegion, L50, M|100/100|[from] Parting Shot\n|\n|-end|p2b: Clawitzer|Throat Chop|[silent]\n|-start|p2a: Staraptor|perish3\n|-start|p2b: Clawitzer|perish3\n|upkeep\n|\n|t:|1788324401\n|switch|p1a: Kommo-o|Kommo-o, L50, F|100/100\n|turn|3\n|\n|t:|1788324424\n|move|p2a: Staraptor|Brave Bird|p1a: Kommo-o\n|-supereffective|p1a: Kommo-o|1\n|-damage|p1a: Kommo-o|25/100\n|-damage|p2a: Staraptor|80/100|[from] Recoil\n|move|p2b: Clawitzer|Dark Pulse|p1b: Basculegion\n|-supereffective|p1b: Basculegion|1\n|-damage|p1b: Basculegion|12/100\n|-damage|p2b: Clawitzer|50/100g|[from] item: Life Orb\n|move|p1b: Basculegion|Wave Crash|p2a: Staraptor\n|-damage|p2a: Staraptor|31/100\n|-damage|p1b: Basculegion|0 fnt|[from] Recoil\n|faint|p1b: Basculegion\n|move|p1a: Kommo-o|Clanging Scales|p2b: Clawitzer|[spread] p2a,p2b\n|-damage|p2a: Staraptor|0 fnt\n|-damage|p2b: Clawitzer|0 fnt\n|faint|p2a: Staraptor\n|faint|p2b: Clawitzer\n|-unboost|p1a: Kommo-o|def|1\n|-damage|p1a: Kommo-o|15/100|[from] item: Life Orb\n|\n|upkeep\n|\n|t:|1788324442\n|switch|p2a: Vivillon|Vivillon, L50, F|100/100\n|switch|p1b: Incineroar|Incineroar, L50, M|70/100\n|switch|p2b: Farigiraf|Farigiraf, L50, F, shiny|100/100\n|-ability|p1b: Incineroar|Intimidate|boost\n|-unboost|p2a: Vivillon|atk|1\n|-unboost|p2b: Farigiraf|atk|1\n|turn|4\n|\n|t:|1788324454\n|move|p1a: Kommo-o|Protect|p1a: Kommo-o\n|-singleturn|p1a: Kommo-o|Protect\n|move|p2a: Vivillon|Hurricane|p1b: Incineroar\n|-damage|p1b: Incineroar|34/100\n|move|p2b: Farigiraf|Thunderbolt|p1b: Incineroar\n|-damage|p1b: Incineroar|11/100\n|move|p1b: Incineroar|Flare Blitz|p2a: Vivillon\n|-supereffective|p2a: Vivillon|1\n|-damage|p2a: Vivillon|0 fnt\n|faint|p2a: Vivillon\n|-damage|p1b: Incineroar|0 fnt|[from] Recoil\n|faint|p1b: Incineroar\n|\n|upkeep\n|turn|5\n|\n|t:|1788324474\n|move|p2b: Farigiraf|Thunderbolt|p1a: Kommo-o\n|-resisted|p1a: Kommo-o|1\n|-damage|p1a: Kommo-o|1/100\n|move|p1a: Kommo-o|Clanging Scales|p2b: Farigiraf\n|-damage|p2b: Farigiraf|36/100\n|-enditem|p2b: Farigiraf|Sitrus Berry|[eat]\n|-heal|p2b: Farigiraf|61/100|[from] item: Sitrus Berry\n|-unboost|p1a: Kommo-o|def|1\n|-damage|p1a: Kommo-o|0 fnt|[from] item: Life Orb\n|faint|p1a: Kommo-o\n|\n|win|ShrimpGun\n|raw|centruledge's rating: 1336 &rarr; <strong>1315</strong><br />(-21 for losing)\n|raw|ShrimpGun's rating: 1315 &rarr; <strong>1336</strong><br />(+21 for winning)\n","uploadtime":1788324476,"views":"20","formatid":"gen9championsvgc2026regmb","rating":1315,"private":0,"password":null}