{"id":"gen9championsvgc2026regmb-2674557342","format":"[Gen 9 Champions] VGC 2026 Reg M-B","players":["BlindWizard2","gideon.prager20"],"log":"|j|☆BlindWizard2\n|j|☆gideon.prager20\n|t:|1788373676\n|gametype|doubles\n|player|p1|BlindWizard2|169|1040\n|player|p2|gideon.prager20|1|1125\n|gen|9\n|tier|[Gen 9 Champions] VGC 2026 Reg M-B\n|rated|\n|rule|Species Clause: Limit one of each Pokémon\n|rule|Item Clause: Limit 1 of each item\n|clearpoke\n|poke|p1|Charizard, L50, M|\n|poke|p1|Sneasler, L50, F|\n|poke|p1|Ninetales-Alola, L50, M|\n|poke|p1|Sinistcha, L50|\n|poke|p1|Incineroar, L50, F|\n|poke|p1|Archaludon, L50, F|\n|poke|p2|Dragonite, L50, M, shiny|\n|poke|p2|Pelipper, L50, M|\n|poke|p2|Basculegion, L50, M, shiny|\n|poke|p2|Espathra, L50, F|\n|poke|p2|Meganium, L50, F|\n|poke|p2|Archaludon, L50, M|\n|teampreview|4\n|inactive|Battle timer is ON: inactive players will automatically lose when time's up. (requested by gideon.prager20)\n|\n|t:|1788373713\n|teamsize|p1|4\n|teamsize|p2|4\n|start\n|switch|p1a: Incineroar|Incineroar, L50, F|100/100\n|switch|p1b: Ninetales|Ninetales-Alola, L50, M|100/100\n|switch|p2a: Basculegion|Basculegion, L50, M, shiny|100/100\n|switch|p2b: Dragonite|Dragonite, L50, M, shiny|100/100\n|-weather|Snowscape|[from] ability: Snow Warning|[of] p1b: Ninetales\n|-ability|p1a: Incineroar|Intimidate|boost\n|-unboost|p2a: Basculegion|atk|1\n|-unboost|p2b: Dragonite|atk|1\n|turn|1\n|\n|t:|1788373738\n|detailschange|p2b: Dragonite|Dragonite-Mega, L50, M, shiny\n|-mega|p2b: Dragonite|Dragonite|Dragoninite\n|move|p1a: Incineroar|Fake Out|p2b: Dragonite\n|-damage|p2b: Dragonite|95/100\n|move|p2a: Basculegion|Flip Turn|p1a: Incineroar\n|-supereffective|p1a: Incineroar|1\n|-damage|p1a: Incineroar|50/100g\n|\n|t:|1788373741\n|switch|p2a: Pelipper|Pelipper, L50, M|100/100|[from] Flip Turn\n|-weather|RainDance|[from] ability: Drizzle|[of] p2a: Pelipper\n|move|p1b: Ninetales|Aurora Veil||[still]\n|-fail|p1b: Ninetales\n|cant|p2b: Dragonite|flinch\n|\n|-weather|RainDance|[upkeep]\n|upkeep\n|turn|2\n|inactive|BlindWizard2 has 30 seconds left.\n|\n|t:|1788373774\n|switch|p1b: Archaludon|Archaludon, L50, F|100/100\n|move|p2b: Dragonite|Hurricane|p1b: Archaludon\n|-resisted|p1b: Archaludon|1\n|-damage|p1b: Archaludon|54/100\n|-ability|p1b: Archaludon|Stamina|boost\n|-boost|p1b: Archaludon|def|1\n|move|p2a: Pelipper|Weather Ball|p1a: Incineroar\n|-supereffective|p1a: Incineroar|1\n|-damage|p1a: Incineroar|0 fnt\n|faint|p1a: Incineroar\n|\n|-weather|RainDance|[upkeep]\n|-heal|p1b: Archaludon|60/100|[from] item: Leftovers\n|upkeep\n|\n|t:|1788373792\n|switch|p1a: Ninetales|Ninetales-Alola, L50, M|100/100\n|-weather|Snowscape|[from] ability: Snow Warning|[of] p1a: Ninetales\n|turn|3\n|\n|t:|1788373812\n|switch|p2a: Basculegion|Basculegion, L50, M, shiny|100/100\n|move|p2b: Dragonite|Protect|p2b: Dragonite\n|-singleturn|p2b: Dragonite|Protect\n|move|p1a: Ninetales|Aurora Veil|p1a: Ninetales\n|-sidestart|p1: BlindWizard2|move: Aurora Veil\n|move|p1b: Archaludon|Electro Shot||[still]\n|-prepare|p1b: Archaludon|Electro Shot\n|-boost|p1b: Archaludon|spa|1\n|\n|-weather|Snowscape|[upkeep]\n|-heal|p1b: Archaludon|67/100|[from] item: Leftovers\n|upkeep\n|turn|4\n|inactive|BlindWizard2 has 30 seconds left.\n|\n|t:|1788373845\n|switch|p1a: Charizard|Charizard, L50, M|100/100\n|move|p2a: Basculegion|Flip Turn|p1a: Charizard\n|-supereffective|p1a: Charizard|1\n|-damage|p1a: Charizard|22/100\n|\n|t:|1788373857\n|switch|p2a: Pelipper|Pelipper, L50, M|100/100|[from] Flip Turn\n|-weather|RainDance|[from] ability: Drizzle|[of] p2a: Pelipper\n|move|p2b: Dragonite|Hurricane|p1a: Charizard\n|-damage|p1a: Charizard|0 fnt\n|faint|p1a: Charizard\n|move|p1b: Archaludon|Electro Shot|p2a: Pelipper|[from] lockedmove\n|-supereffective|p2a: Pelipper|2\n|-damage|p2a: Pelipper|0 fnt\n|faint|p2a: Pelipper\n|\n|-weather|RainDance|[upkeep]\n|-heal|p1b: Archaludon|73/100|[from] item: Leftovers\n|upkeep\n|\n|t:|1788373876\n|switch|p1a: Ninetales|Ninetales-Alola, L50, M|100/100\n|switch|p2a: Basculegion|Basculegion, L50, M, shiny|100/100\n|-weather|Snowscape|[from] ability: Snow Warning|[of] p1a: Ninetales\n|turn|5\n|inactive|BlindWizard2 has 30 seconds left.\n|\n|t:|1788373910\n|move|p2a: Basculegion|Head Smash|p1a: Ninetales\n|-supereffective|p1a: Ninetales|1\n|-damage|p1a: Ninetales|30/100\n|-damage|p2a: Basculegion|73/100|[from] Recoil\n|move|p1a: Ninetales|Blizzard|p2a: Basculegion|[spread] p2a,p2b\n|-resisted|p2a: Basculegion|1\n|-supereffective|p2b: Dragonite|2\n|-damage|p2a: Basculegion|54/100\n|-damage|p2b: Dragonite|0 fnt\n|faint|p2b: Dragonite\n|move|p1b: Archaludon|Dragon Pulse|p2a: Basculegion\n|-damage|p2a: Basculegion|0 fnt\n|faint|p2a: Basculegion\n|\n|-weather|Snowscape|[upkeep]\n|-heal|p1b: Archaludon|79/100|[from] item: Leftovers\n|upkeep\n|\n|t:|1788373921\n|switch|p2b: Archaludon|Archaludon, L50, M|100/100\n|turn|6\n|inactive|BlindWizard2 has 30 seconds left.\n|\n|t:|1788373948\n|move|p2b: Archaludon|Protect|p2b: Archaludon\n|-singleturn|p2b: Archaludon|Protect\n|move|p1a: Ninetales|Blizzard|p2b: Archaludon\n|-activate|p2b: Archaludon|move: Protect\n|move|p1b: Archaludon|Dragon Pulse|p2b: Archaludon\n|-activate|p2b: Archaludon|move: Protect\n|\n|-weather|Snowscape|[upkeep]\n|-heal|p1b: Archaludon|85/100|[from] item: Leftovers\n|upkeep\n|turn|7\n|inactive|gideon.prager20 has 30 seconds left.\n|\n|t:|1788373980\n|move|p1a: Ninetales|Blizzard|p2b: Archaludon\n|-damage|p2b: Archaludon|56/100\n|-ability|p2b: Archaludon|Stamina|boost\n|-boost|p2b: Archaludon|def|1\n|move|p2b: Archaludon|Flash Cannon|p1a: Ninetales\n|-supereffective|p1a: Ninetales|2\n|-damage|p1a: Ninetales|0 fnt\n|faint|p1a: Ninetales\n|move|p1b: Archaludon|Dragon Pulse|p2b: Archaludon\n|-damage|p2b: Archaludon|0 fnt\n|faint|p2b: Archaludon\n|\n|win|BlindWizard2\n|raw|BlindWizard2's rating: 1040 &rarr; <strong>1082</strong><br />(+42 for winning)\n|raw|gideon.prager20's rating: 1125 &rarr; <strong>1094</strong><br />(-31 for losing)\n|l|☆gideon.prager20\n|player|p2|\n|n|☆BlindWizard2|blindwizard2\n","uploadtime":1788374127,"views":"2","formatid":"gen9championsvgc2026regmb","rating":1082,"private":0,"password":null}