{"id":"gen9championsvgc2026regmb-2674525517","format":"[Gen 9 Champions] VGC 2026 Reg M-B","players":["THIAGO1188_2","testdigi"],"log":"|j|☆THIAGO1188_2\n|j|☆testdigi\n|t:|1788370037\n|gametype|doubles\n|player|p1|THIAGO1188_2|170|1237\n|player|p2|testdigi|169|1292\n|gen|9\n|tier|[Gen 9 Champions] VGC 2026 Reg M-B\n|rated|\n|rule|Species Clause: Limit one of each Pokémon\n|rule|Item Clause: Limit 1 of each item\n|clearpoke\n|poke|p1|Palafin, L50, M, shiny|\n|poke|p1|Pelipper, L50, F|\n|poke|p1|Whimsicott, L50, M, shiny|\n|poke|p1|Dragonite, L50, F|\n|poke|p1|Kingambit, L50, M, shiny|\n|poke|p1|Garchomp, L50, M|\n|poke|p2|Staraptor, L50, M, shiny|\n|poke|p2|Kingambit, L50, F, shiny|\n|poke|p2|Sylveon, L50, M, shiny|\n|poke|p2|Raichu, L50, F|\n|poke|p2|Farigiraf, L50, M, shiny|\n|poke|p2|Basculegion, L50, M|\n|teampreview|4\nTHIAGO1188_2 rejected open team sheets.\n|inactive|Battle timer is ON: inactive players will automatically lose when time's up. (requested by THIAGO1188_2)\n|\n|t:|1788370126\n|teamsize|p1|4\n|teamsize|p2|4\n|start\n|switch|p1a: Palafin|Palafin, L50, M, shiny|100/100\n|switch|p1b: Garchomp|Garchomp, L50, M|100/100\n|switch|p2a: Fridge|Farigiraf, L50, M, shiny|100/100\n|switch|p2b: Raichu|Raichu, L50, F|100/100\n|turn|1\n|inactive|THIAGO1188_2 has 30 seconds left.\n|inactive|testdigi has 30 seconds left.\n|inactive|THIAGO1188_2 has 20 seconds left.\n|inactive|testdigi has 20 seconds left.\n|\n|t:|1788370161\n|detailschange|p2b: Raichu|Raichu-Mega-Y, L50, F\n|-mega|p2b: Raichu|Raichu|Raichunite Y\n|move|p1b: Garchomp|Protect|p1b: Garchomp\n|-singleturn|p1b: Garchomp|Protect\n|move|p1a: Palafin|Protect|p1a: Palafin\n|-singleturn|p1a: Palafin|Protect\n|move|p2b: Raichu|Fake Out|p1a: Palafin\n|-activate|p1a: Palafin|move: Protect\n|move|p2a: Fridge|Trick Room|p2a: Fridge\n|-fieldstart|move: Trick Room|[of] p2a: Fridge\n|\n|upkeep\n|turn|2\n|inactive|testdigi has 30 seconds left.\n|inactive|testdigi has 20 seconds left.\n|\n|t:|1788370198\n|detailschange|p1a: Palafin|Palafin-Hero, L50, M, shiny\n|switch|p1a: Whimsicott|Whimsicott, L50, M, shiny|100/100\n|move|p2a: Fridge|Grass Knot|p1b: Garchomp\n|-damage|p1b: Garchomp|80/100\n|-damage|p2a: Fridge|87/100|[from] ability: Rough Skin|[of] p1b: Garchomp\n|move|p1b: Garchomp|Stomping Tantrum|p2b: Raichu\n|-supereffective|p2b: Raichu|1\n|-damage|p2b: Raichu|0 fnt\n|faint|p2b: Raichu\n|\n|upkeep\n|\n|t:|1788370203\n|switch|p2b: Sadie Sink|Sylveon, L50, M, shiny|100/100\n|turn|3\n|\n|t:|1788370219\n|move|p1a: Whimsicott|Protect|p1a: Whimsicott\n|-singleturn|p1a: Whimsicott|Protect\n|move|p1b: Garchomp|Protect|p1b: Garchomp\n|-singleturn|p1b: Garchomp|Protect\n|move|p2a: Fridge|Psychic|p1a: Whimsicott\n|-activate|p1a: Whimsicott|move: Protect\n|move|p2b: Sadie Sink|Hyper Voice|p1a: Whimsicott|[spread] \n|-activate|p1a: Whimsicott|move: Protect\n|-activate|p1b: Garchomp|move: Protect\n|\n|upkeep\n|turn|4\n|inactive|THIAGO1188_2 has 30 seconds left.\n|\n|t:|1788370253\n|switch|p2a: WrathofKhan|Kingambit, L50, F, shiny|100/100\n|switch|p1b: Kingambit|Kingambit, L50, M, shiny|100/100\n|move|p2b: Sadie Sink|Hyper Voice|p1a: Whimsicott|[spread] p1a,p1b\n|-damage|p1a: Whimsicott|29/100\n|-damage|p1b: Kingambit|56/100\n|-damage|p2b: Sadie Sink|90/100|[from] item: Life Orb\n|move|p1a: Whimsicott|Moonblast|p2b: Sadie Sink\n|-damage|p2b: Sadie Sink|59/100\n|\n|upkeep\n|turn|5\n|inactive|THIAGO1188_2 has 30 seconds left.\n|inactive|testdigi has 30 seconds left.\n|\n|t:|1788370284\n|switch|p2b: Fridge|Farigiraf, L50, M, shiny|87/100\n|move|p1a: Whimsicott|Protect|p1a: Whimsicott\n|-singleturn|p1a: Whimsicott|Protect\n|move|p2a: WrathofKhan|Swords Dance|p2a: WrathofKhan\n|-boost|p2a: WrathofKhan|atk|2\n|move|p1b: Kingambit|Low Kick|p2a: WrathofKhan\n|-supereffective|p2a: WrathofKhan|2\n|-enditem|p2a: WrathofKhan|Focus Sash\n|-damage|p2a: WrathofKhan|1/100\n|\n|-fieldend|move: Trick Room\n|upkeep\n|turn|6\n|\n|t:|1788370309\n|move|p1a: Whimsicott|Tailwind|p1a: Whimsicott\n|-sidestart|p1: THIAGO1188_2|move: Tailwind\n|move|p2a: WrathofKhan|Sucker Punch|p1b: Kingambit\n|-resisted|p1b: Kingambit|1\n|-damage|p1b: Kingambit|24/100\n|move|p1b: Kingambit|Iron Head|p2a: WrathofKhan\n|-resisted|p2a: WrathofKhan|1\n|-damage|p2a: WrathofKhan|0 fnt\n|faint|p2a: WrathofKhan\n|move|p2b: Fridge|Trick Room|p2b: Fridge\n|-fieldstart|move: Trick Room|[of] p2b: Fridge\n|\n|upkeep\n|\n|t:|1788370313\n|switch|p2a: Sadie Sink|Sylveon, L50, M, shiny|59/100\n|turn|7\n|inactive|THIAGO1188_2 has 30 seconds left.\n|\n|t:|1788370345\n|move|p2b: Fridge|Psychic|p1a: Whimsicott\n|-damage|p1a: Whimsicott|0 fnt\n|faint|p1a: Whimsicott\n|move|p2a: Sadie Sink|Hyper Voice|p1b: Kingambit\n|-damage|p1b: Kingambit|0 fnt\n|faint|p1b: Kingambit\n|-damage|p2a: Sadie Sink|50/100g|[from] item: Life Orb\n|\n|upkeep\n|\n|t:|1788370351\n|switch|p1b: Palafin|Palafin-Hero, L50, M, shiny|100/100\n|switch|p1a: Garchomp|Garchomp, L50, M|80/100\n|-activate|p1b: Palafin|ability: Zero to Hero\n|turn|8\n|\n|t:|1788370364\n|move|p1a: Garchomp|Protect|p1a: Garchomp\n|-singleturn|p1a: Garchomp|Protect\n|move|p2b: Fridge|Grass Knot|p1b: Palafin\n|-supereffective|p1b: Palafin|1\n|-damage|p1b: Palafin|61/100\n|move|p2a: Sadie Sink|Hyper Voice|p1a: Garchomp|[spread] p1b\n|-activate|p1a: Garchomp|move: Protect\n|-damage|p1b: Palafin|13/100\n|-damage|p2a: Sadie Sink|40/100|[from] item: Life Orb\n|move|p1b: Palafin|Flip Turn|p2a: Sadie Sink\n|-damage|p2a: Sadie Sink|0 fnt\n|faint|p2a: Sadie Sink\n|\n|upkeep\n|turn|9\n|-message|testdigi forfeited.\n|\n|win|THIAGO1188_2\n","uploadtime":1788370040,"views":"5","formatid":"gen9championsvgc2026regmb","rating":null,"private":0,"password":null}