{"id":"gen9championsvgc2026regmbbo3-2674871389","format":"[Gen 9 Champions] VGC 2026 Reg M-B (Bo3)","players":["tacoman007","okkia3"],"log":"|j|☆tacoman007\n|j|☆okkia3\n|html|<table width=\"100%\"><tr><td align=\"left\">tacoman007</td><td align=\"right\">okkia3</tr><tr><td align=\"left\"><i class=\"fa fa-circle\"></i> <i class=\"fa fa-circle-o\"></i> </td><td align=\"right\"><i class=\"fa fa-circle-o\"></i> <i class=\"fa fa-circle-o\"></i> </tr></table>\n|uhtml|bestof|<h2><strong>Game 2</strong> of <a href=\"/game-bestof3-gen9championsvgc2026regmbbo3-2674870817\">a best-of-3</a></h2>\n|t:|1788425905\n|gametype|doubles\n|player|p1|tacoman007|hiker-gen4|1181\n|player|p2|okkia3|102|1057\n|gen|9\n|tier|[Gen 9 Champions] VGC 2026 Reg M-B (Bo3)\n|rated|\n|rule|Species Clause: Limit one of each Pokémon\n|rule|Item Clause: Limit 1 of each item\n|clearpoke\n|poke|p1|Scovillain, L50, F|\n|poke|p1|Farigiraf, L50, M|\n|poke|p1|Hatterene, L50, F|\n|poke|p1|Golurk, L50|\n|poke|p1|Incineroar, L50, M|\n|poke|p1|Dragapult, L50, M|\n|poke|p2|Charizard, L50, M|\n|poke|p2|Whimsicott, L50, M|\n|poke|p2|Basculegion, L50, M|\n|poke|p2|Farigiraf, L50, F|\n|poke|p2|Kangaskhan, L50, F|\n|poke|p2|Sneasler, L50, M|\n|teampreview|4\n|showteam|p1|Scovillain||Scovillainite|Moody|RagePowder,FlareBlitz,LeafStorm,Protect|Relaxed||F|||50|]Farigiraf||SitrusBerry|ArmorTail|HyperVoice,HelpingHand,TrickRoom,Protect|Sassy||M|||50|]Hatterene|||MagicBounce|DazzlingGleam,Psychic,TrickRoom,Protect|Quiet||F|||50|]Golurk||Golurkite|IronFist|HeadlongRush,PhantomForce,DoubleEdge,Protect|Brave|||||50|]Incineroar||IronBall|Intimidate|FakeOut,Fling,FlareBlitz,PartingShot|Brave||M|||50|]Dragapult||LifeOrb|ClearBody|DragonDarts,PhantomForce,SuckerPunch,Protect|Jolly||M|||50|\n|showteam|p2|Charizard||CharizarditeY|SolarPower|WeatherBall,HeatWave,SolarBeam,Protect|Timid||M|||50|]Whimsicott||FocusSash|Prankster|Moonblast,Tailwind,SunnyDay,Encore|Timid||M|||50|]Basculegion||ChoiceScarf|Adaptability|WaveCrash,AquaJet,LastRespects,FlipTurn|Adamant||M|||50|]Farigiraf||SitrusBerry|ArmorTail|Psychic,HyperVoice,HelpingHand,TrickRoom|Modest||F|||50|]Kangaskhan||Kangaskhanite|Scrappy|FakeOut,DoubleEdge,DrainPunch,SuckerPunch|Adamant||F|||50|]Sneasler||WhiteHerb|Unburden|FakeOut,CloseCombat,DireClaw,RockTomb|Adamant||M|||50|\n|inactive|Battle timer is ON: inactive players will automatically lose when time's up. (requested by okkia3)\n|inactive|tacoman007 also wants the timer to be on.\n|\n|t:|1788425920\n|teamsize|p1|4\n|teamsize|p2|4\n|start\n|switch|p1a: Farigiraf|Farigiraf, L50, M|100/100\n|switch|p1b: Hatterene|Hatterene, L50, F|100/100\n|switch|p2a: Basculegion|Basculegion, L50, M|100/100\n|switch|p2b: Farigiraf|Farigiraf, L50, F|100/100\n|turn|1\n|\n|t:|1788425928\n|switch|p1b: Incineroar|Incineroar, L50, M|100/100\n|-ability|p1b: Incineroar|Intimidate|boost\n|-unboost|p2a: Basculegion|atk|1\n|-unboost|p2b: Farigiraf|atk|1\n|move|p2a: Basculegion|Last Respects|p1b: Incineroar\n|-resisted|p1b: Incineroar|1\n|-damage|p1b: Incineroar|89/100\n|move|p2b: Farigiraf|Psychic|p1b: Incineroar\n|-immune|p1b: Incineroar\n|move|p1a: Farigiraf|Trick Room|p1a: Farigiraf\n|-fieldstart|move: Trick Room|[of] p1a: Farigiraf\n|\n|upkeep\n|turn|2\n|\n|t:|1788425943\n|move|p1b: Incineroar|Fling|p2a: Basculegion\n|-supereffective|p2a: Basculegion|1\n|-damage|p2a: Basculegion|0 fnt\n|-enditem|p1b: Incineroar|Iron Ball|[from] move: Fling\n|faint|p2a: Basculegion\n|move|p1a: Farigiraf|Hyper Voice|p2b: Farigiraf\n|-damage|p2b: Farigiraf|68/100\n|move|p2b: Farigiraf|Hyper Voice|p1a: Farigiraf|[spread] p1a,p1b\n|-damage|p1a: Farigiraf|76/100\n|-damage|p1b: Incineroar|60/100\n|\n|upkeep\n|\n|t:|1788425944\n|switch|p2a: Sneasler|Sneasler, L50, M|100/100\n|turn|3\n|\n|t:|1788425955\n|move|p1b: Incineroar|Flare Blitz|p2a: Sneasler\n|-damage|p2a: Sneasler|0 fnt\n|faint|p2a: Sneasler\n|-damage|p1b: Incineroar|35/100|[from] Recoil\n|move|p1a: Farigiraf|Hyper Voice|p2b: Farigiraf\n|-damage|p2b: Farigiraf|36/100\n|-enditem|p2b: Farigiraf|Sitrus Berry|[eat]\n|-heal|p2b: Farigiraf|61/100|[from] item: Sitrus Berry\n|move|p2b: Farigiraf|Hyper Voice|p1a: Farigiraf|[spread] p1a,p1b\n|-damage|p1a: Farigiraf|54/100\n|-damage|p1b: Incineroar|9/100\n|\n|upkeep\n|\n|t:|1788425955\n|switch|p2a: Charizard|Charizard, L50, M|100/100\n|turn|4\n|inactive|tacoman007 has 30 seconds left.\n|\n|t:|1788425984\n|detailschange|p2a: Charizard|Charizard-Mega-Y, L50, M\n|-mega|p2a: Charizard|Charizard|Charizardite Y\n|-weather|SunnyDay|[from] ability: Drought|[of] p2a: Charizard\n|move|p1a: Farigiraf|Hyper Voice|p2a: Charizard|[spread] p2a,p2b\n|-damage|p2a: Charizard|74/100\n|-damage|p2b: Farigiraf|38/100\n|move|p1b: Incineroar|Flare Blitz|p2a: Charizard\n|-resisted|p2a: Charizard|1\n|-damage|p2a: Charizard|12/100\n|-damage|p1b: Incineroar|0 fnt|[from] Recoil\n|faint|p1b: Incineroar\n|move|p2b: Farigiraf|Hyper Voice|p1a: Farigiraf\n|-damage|p1a: Farigiraf|25/100\n|-enditem|p1a: Farigiraf|Sitrus Berry|[eat]\n|-heal|p1a: Farigiraf|50/100y|[from] item: Sitrus Berry\n|move|p2a: Charizard|Weather Ball|p1a: Farigiraf\n|-damage|p1a: Farigiraf|0 fnt\n|faint|p1a: Farigiraf\n|\n|-weather|SunnyDay|[upkeep]\n|upkeep\n|\n|t:|1788425992\n|switch|p1b: Hatterene|Hatterene, L50, F|100/100\n|switch|p1a: Golurk|Golurk, L50|100/100\n|turn|5\n|\n|t:|1788426005\n|detailschange|p1a: Golurk|Golurk-Mega, L50\n|-mega|p1a: Golurk|Golurk|Golurkite\n|move|p2a: Charizard|Protect|p2a: Charizard\n|-singleturn|p2a: Charizard|Protect\n|move|p1b: Hatterene|Dazzling Gleam|p2b: Farigiraf|[spread] p2b\n|-activate|p2a: Charizard|move: Protect\n|-damage|p2b: Farigiraf|9/100\n|move|p1a: Golurk|Double-Edge|p2a: Charizard\n|-ability|p1a: Golurk|Unseen Fist\n|-zbroken|p2a: Charizard\n|-damage|p2a: Charizard|0 fnt\n|faint|p2a: Charizard\n|-damage|p1a: Golurk|96/100|[from] Recoil\n|move|p2b: Farigiraf|Psychic|p1a: Golurk\n|-damage|p1a: Golurk|64/100\n|\n|-weather|SunnyDay|[upkeep]\n|-fieldend|move: Trick Room\n|upkeep\n|turn|6\n|\n|t:|1788426020\n|move|p1a: Golurk|Headlong Rush|p2b: Farigiraf\n|-damage|p2b: Farigiraf|0 fnt\n|-unboost|p1a: Golurk|def|1\n|-unboost|p1a: Golurk|spd|1\n|faint|p2b: Farigiraf\n|\n|win|tacoman007\n|raw|tacoman007's rating: 1181 &rarr; <strong>1196</strong><br />(+15 for winning)\n|raw|okkia3's rating: 1042 &rarr; <strong>1032</strong><br />(-10 for losing)\n","uploadtime":1788426020,"views":"0","formatid":"gen9championsvgc2026regmbbo3","rating":1032,"private":0,"password":null}