{"id":"gen9championsvgc2026regmb-2674613666","format":"[Gen 9 Champions] VGC 2026 Reg M-B","players":["Killa_Kelz","ReiTolo07"],"log":"|j|☆Killa_Kelz\n|j|☆ReiTolo07\n|t:|1788380390\n|gametype|doubles\n|player|p1|Killa_Kelz|veteran|1120\n|player|p2|ReiTolo07|gentleman-gen4|1050\n|gen|9\n|tier|[Gen 9 Champions] VGC 2026 Reg M-B\n|rated|\n|rule|Species Clause: Limit one of each Pokémon\n|rule|Item Clause: Limit 1 of each item\n|clearpoke\n|poke|p1|Lopunny, L50, F, shiny|\n|poke|p1|Farigiraf, L50, F|\n|poke|p1|Zoroark-Hisui, L50, M, shiny|\n|poke|p1|Ditto, L50|\n|poke|p1|Maushold-Four, L50|\n|poke|p1|Staraptor, L50, M|\n|poke|p2|Pyroar, L50, M|\n|poke|p2|Torkoal, L50, M|\n|poke|p2|Vileplume, L50, M|\n|poke|p2|Malamar, L50, F|\n|poke|p2|Ninetales, L50, M|\n|poke|p2|Rotom-Wash, L50|\n|teampreview|4\n|inactive|Battle timer is ON: inactive players will automatically lose when time's up. (requested by Killa_Kelz)\n|inactive|Killa_Kelz has 60 seconds left.\n|inactive|Killa_Kelz has 30 seconds left.\n|\n|t:|1788380455\n|teamsize|p1|4\n|teamsize|p2|4\n|start\n|switch|p1a: Cheesus Christ|Maushold-Four, L50|100/100\n|switch|p1b: Jetapex|Staraptor, L50, M|100/100\n|switch|p2a: Pyroar|Pyroar, L50, M|100/100\n|switch|p2b: Ninetales|Ninetales, L50, M|100/100\n|-weather|SunnyDay|[from] ability: Drought|[of] p2b: Ninetales\n|turn|1\n|inactive|ReiTolo07 has 30 seconds left.\n|\n|t:|1788380481\n|detailschange|p2a: Pyroar|Pyroar-Mega, L50, M\n|-mega|p2a: Pyroar|Pyroar|Pyroarite\n|move|p1a: Cheesus Christ|Protect|p1a: Cheesus Christ\n|-singleturn|p1a: Cheesus Christ|Protect\n|move|p2b: Ninetales|Overheat|p1b: Jetapex\n|-damage|p1b: Jetapex|0 fnt\n|-unboost|p2b: Ninetales|spa|2\n|faint|p1b: Jetapex\n|move|p2a: Pyroar|Flamethrower|p1a: Cheesus Christ\n|-activate|p1a: Cheesus Christ|move: Protect\n|\n|-weather|SunnyDay|[upkeep]\n|upkeep\n|\n|t:|1788380493\n|switch|p1b: ◇☆◇LAW◇☆◇|Lopunny, L50, F, shiny|100/100\n|turn|2\n|\n|t:|1788380506\n|switch|p2b: Rotom|Rotom-Wash, L50|100/100\n|detailschange|p1b: ◇☆◇LAW◇☆◇|Lopunny-Mega, L50, F, shiny\n|-mega|p1b: ◇☆◇LAW◇☆◇|Lopunny|Lopunnite\n|move|p2a: Pyroar|Protect|p2a: Pyroar\n|-singleturn|p2a: Pyroar|Protect\n|move|p1b: ◇☆◇LAW◇☆◇|Fake Out|p2a: Pyroar\n|-activate|p2a: Pyroar|move: Protect\n|move|p1a: Cheesus Christ|Population Bomb|p2b: Rotom\n|-damage|p2b: Rotom|87/100\n|-damage|p2b: Rotom|76/100\n|-damage|p2b: Rotom|64/100\n|-damage|p2b: Rotom|52/100\n|-crit|p2b: Rotom\n|-damage|p2b: Rotom|31/100\n|-damage|p2b: Rotom|17/100\n|-damage|p2b: Rotom|4/100\n|-damage|p2b: Rotom|0 fnt\n|faint|p2b: Rotom\n|-hitcount|p2: Rotom|8\n|\n|-weather|SunnyDay|[upkeep]\n|upkeep\n|\n|t:|1788380524\n|switch|p2b: Vileplume|Vileplume, L50, M|100/100\n|turn|3\n|\n|t:|1788380545\n|switch|p2a: Ninetales|Ninetales, L50, M|100/100\n|move|p2b: Vileplume|Sleep Powder|p1b: ◇☆◇LAW◇☆◇\n|-status|p1b: ◇☆◇LAW◇☆◇|slp|[from] move: Sleep Powder\n|cant|p1b: ◇☆◇LAW◇☆◇|slp\n|move|p1a: Cheesus Christ|Population Bomb|p2b: Vileplume\n|-damage|p2b: Vileplume|86/100\n|-damage|p2b: Vileplume|70/100\n|-damage|p2b: Vileplume|56/100\n|-damage|p2b: Vileplume|41/100\n|-damage|p2b: Vileplume|27/100\n|-damage|p2b: Vileplume|12/100\n|-damage|p2b: Vileplume|0 fnt\n|faint|p2b: Vileplume\n|-hitcount|p2: Vileplume|7\n|\n|-weather|SunnyDay|[upkeep]\n|upkeep\n|\n|t:|1788380551\n|switch|p2b: Pyroar|Pyroar-Mega, L50, M|100/100\n|turn|4\n|\n|t:|1788380561\n|move|p1a: Cheesus Christ|Protect|p1a: Cheesus Christ\n|-singleturn|p1a: Cheesus Christ|Protect\n|move|p2a: Ninetales|Heat Wave|p1a: Cheesus Christ|[spread] p1b\n|-activate|p1a: Cheesus Christ|move: Protect\n|-damage|p1b: ◇☆◇LAW◇☆◇|48/100 slp\n|cant|p1b: ◇☆◇LAW◇☆◇|slp\n|move|p2b: Pyroar|Heat Wave|p1b: ◇☆◇LAW◇☆◇|[spread] p1b\n|-activate|p1a: Cheesus Christ|move: Protect\n|-damage|p1b: ◇☆◇LAW◇☆◇|0 fnt\n|faint|p1b: ◇☆◇LAW◇☆◇\n|\n|-weather|SunnyDay|[upkeep]\n|upkeep\n|\n|t:|1788380571\n|switch|p1b: ¡ CRIME !|Zoroark-Hisui, L50, M, shiny|100/100\n|turn|5\n|\n|t:|1788380580\n|move|p2a: Ninetales|Heat Wave|p1b: ¡ CRIME !|[spread] p1b\n|-miss|p2a: Ninetales|p1a: Cheesus Christ\n|-damage|p1b: ¡ CRIME !|21/100\n|move|p2b: Pyroar|Heat Wave|p1a: Cheesus Christ|[spread] p1a,p1b\n|-damage|p1a: Cheesus Christ|0 fnt\n|-damage|p1b: ¡ CRIME !|0 fnt\n|faint|p1a: Cheesus Christ\n|faint|p1b: ¡ CRIME !\n|\n|win|ReiTolo07\n|raw|Killa_Kelz's rating: 1120 &rarr; <strong>1090</strong><br />(-30 for losing)\n|raw|ReiTolo07's rating: 1050 &rarr; <strong>1089</strong><br />(+39 for winning)\n|l|☆Killa_Kelz\n|player|p1|\n","uploadtime":1788380588,"views":"4","formatid":"gen9championsvgc2026regmb","rating":1089,"private":0,"password":null}