{"id":"gen9championsvgc2026regmb-2673878784","format":"[Gen 9 Champions] VGC 2026 Reg M-B","players":["ShrimpGun","SpeediestGonzales"],"log":"|j|☆ShrimpGun\n|j|☆SpeediestGonzales\n|t:|1788272171\n|gametype|doubles\n|player|p1|ShrimpGun|fisherman-gen4|1000\n|player|p2|SpeediestGonzales|cynthia-gen4|1073\n|gen|9\n|tier|[Gen 9 Champions] VGC 2026 Reg M-B\n|rated|\n|rule|Species Clause: Limit one of each Pokémon\n|rule|Item Clause: Limit 1 of each item\n|clearpoke\n|poke|p1|Staraptor, L50, F|\n|poke|p1|Farigiraf, L50, F, shiny|\n|poke|p1|Clawitzer, L50, F|\n|poke|p1|Arcanine-Hisui, L50, F|\n|poke|p1|Sylveon, L50, F|\n|poke|p1|Kingambit, L50, M|\n|poke|p2|Garchomp, L50, F|\n|poke|p2|Arcanine-Hisui, L50, M|\n|poke|p2|Staraptor, L50, M|\n|poke|p2|Whimsicott, L50, F|\n|poke|p2|Sneasler, L50, M, shiny|\n|poke|p2|Gardevoir, L50, M|\n|teampreview|4\n|\n|t:|1788272197\n|teamsize|p1|4\n|teamsize|p2|4\n|start\n|switch|p1a: Staraptor|Staraptor, L50, F|100/100\n|switch|p1b: Farigiraf|Farigiraf, L50, F, shiny|100/100\n|switch|p2a: Sneasler|Sneasler, L50, M, shiny|100/100\n|switch|p2b: Staraptor|Staraptor, L50, M|100/100\n|-ability|p1a: Staraptor|Intimidate|boost\n|-unboost|p2a: Sneasler|atk|1\n|-unboost|p2b: Staraptor|atk|1\n|-ability|p2b: Staraptor|Intimidate|boost\n|-unboost|p1a: Staraptor|atk|1\n|-unboost|p1b: Farigiraf|atk|1\n|-enditem|p2a: Sneasler|White Herb\n|-clearnegativeboost|p2a: Sneasler|[silent]\n|turn|1\n|inactive|Battle timer is ON: inactive players will automatically lose when time's up. (requested by ShrimpGun)\n|\n|t:|1788272234\n|switch|p2a: Garchomp|Garchomp, L50, F|100/100\n|detailschange|p1a: Staraptor|Staraptor-Mega, L50, F\n|-mega|p1a: Staraptor|Staraptor|Staraptite\n|detailschange|p2b: Staraptor|Staraptor-Mega, L50, M\n|-mega|p2b: Staraptor|Staraptor|Staraptite\n|move|p2b: Staraptor|Protect|p2b: Staraptor\n|-singleturn|p2b: Staraptor|Protect\n|move|p1a: Staraptor|Brave Bird|p2a: Garchomp\n|-damage|p2a: Garchomp|70/100\n|-damage|p1a: Staraptor|87/100|[from] ability: Rough Skin|[of] p2a: Garchomp\n|-damage|p1a: Staraptor|77/100|[from] Recoil\n|move|p1b: Farigiraf|Trick Room|p1b: Farigiraf\n|-fieldstart|move: Trick Room|[of] p1b: Farigiraf\n|\n|upkeep\n|turn|2\n|inactive|SpeediestGonzales has 30 seconds left.\n|\n|t:|1788272259\n|switch|p1a: Old Yeller|Sylveon, L50, F|100/100\n|move|p1b: Farigiraf|Nasty Plot|p1b: Farigiraf\n|-boost|p1b: Farigiraf|spa|2\n|move|p2a: Garchomp|Rock Slide|p1b: Farigiraf|[spread] p1a,p1b\n|-damage|p1a: Old Yeller|70/100\n|-damage|p1b: Farigiraf|78/100\n|-damage|p2a: Garchomp|60/100|[from] item: Life Orb\n|move|p2b: Staraptor|Brave Bird|p1a: Old Yeller\n|-damage|p1a: Old Yeller|17/100\n|-damage|p2b: Staraptor|81/100|[from] Recoil\n|\n|upkeep\n|turn|3\n|\n|t:|1788272279\n|move|p2a: Garchomp|Protect|p2a: Garchomp\n|-singleturn|p2a: Garchomp|Protect\n|move|p2b: Staraptor|Protect|p2b: Staraptor\n|-singleturn|p2b: Staraptor|Protect\n|move|p1b: Farigiraf|Hyper Voice|p2b: Staraptor|[spread] \n|-activate|p2a: Garchomp|move: Protect\n|-activate|p2b: Staraptor|move: Protect\n|move|p1a: Old Yeller|Hyper Voice|p2a: Garchomp|[spread] \n|-activate|p2a: Garchomp|move: Protect\n|-activate|p2b: Staraptor|move: Protect\n|\n|upkeep\n|turn|4\n|inactive|SpeediestGonzales has 30 seconds left.\n|\n|t:|1788272311\n|switch|p2a: Whimsicott|Whimsicott, L50, F|100/100\n|move|p2b: Staraptor|Protect||[still]\n|-fail|p2b: Staraptor\n|move|p1b: Farigiraf|Hyper Voice|p2a: Whimsicott|[spread] p2a,p2b\n|-damage|p2a: Whimsicott|35/100\n|-damage|p2b: Staraptor|23/100\n|move|p1a: Old Yeller|Hyper Voice|p2b: Staraptor|[spread] p2a,p2b\n|-supereffective|p2b: Staraptor|1\n|-damage|p2a: Whimsicott|0 fnt\n|-damage|p2b: Staraptor|0 fnt\n|faint|p2a: Whimsicott\n|faint|p2b: Staraptor\n|\n|upkeep\n|\n|t:|1788272319\n|switch|p2a: Garchomp|Garchomp, L50, F|60/100\n|switch|p2b: Sneasler|Sneasler, L50, M, shiny|100/100\n|turn|5\n|\n|t:|1788272327\n|switch|p1a: Staraptor|Staraptor-Mega, L50, F|77/100\n|move|p2a: Garchomp|Protect|p2a: Garchomp\n|-singleturn|p2a: Garchomp|Protect\n|move|p2b: Sneasler|Protect|p2b: Sneasler\n|-singleturn|p2b: Sneasler|Protect\n|move|p1b: Farigiraf|Hyper Voice|p2a: Garchomp|[spread] \n|-activate|p2a: Garchomp|move: Protect\n|-activate|p2b: Sneasler|move: Protect\n|\n|-fieldend|move: Trick Room\n|upkeep\n|turn|6\n|\n|t:|1788272352\n|move|p1a: Staraptor|Tailwind|p1a: Staraptor\n|-sidestart|p1: ShrimpGun|move: Tailwind\n|move|p1b: Farigiraf|Hyper Voice|p2b: Sneasler|[spread] p2a,p2b\n|-damage|p2a: Garchomp|12/100\n|-damage|p2b: Sneasler|21/100\n|move|p2b: Sneasler|Dire Claw|p1a: Staraptor\n|-damage|p1a: Staraptor|31/100\n|move|p2a: Garchomp|Rock Slide|p1a: Staraptor|[spread] p1a,p1b\n|-damage|p1a: Staraptor|7/100\n|-damage|p1b: Farigiraf|55/100\n|-damage|p2a: Garchomp|2/100|[from] item: Life Orb\n|\n|upkeep\n|turn|7\n|-message|SpeediestGonzales forfeited.\n|\n|win|ShrimpGun\n|raw|ShrimpGun's rating: 1000 &rarr; <strong>1048</strong><br />(+48 for winning)\n|raw|SpeediestGonzales's rating: 1073 &rarr; <strong>1048</strong><br />(-25 for losing)\n|l|☆SpeediestGonzales\n|player|p2|\n","uploadtime":1788272371,"views":"2","formatid":"gen9championsvgc2026regmb","rating":1048,"private":0,"password":null}