{"id":"gen9championsvgc2026regmb-2674050271","format":"[Gen 9 Champions] VGC 2026 Reg M-B","players":["Spen12345","Citrusfunk"],"log":"|j|☆Spen12345\n|j|☆Citrusfunk\n|t:|1788292624\n|gametype|doubles\n|player|p1|Spen12345|1|1151\n|player|p2|Citrusfunk|ryuki|1127\n|gen|9\n|tier|[Gen 9 Champions] VGC 2026 Reg M-B\n|rated|\n|rule|Species Clause: Limit one of each Pokémon\n|rule|Item Clause: Limit 1 of each item\n|clearpoke\n|poke|p1|Staraptor, L50, F|\n|poke|p1|Oranguru, L50, F|\n|poke|p1|Torkoal, L50, F|\n|poke|p1|Raichu, L50, M|\n|poke|p1|Blastoise, L50, M|\n|poke|p1|Hydreigon, L50, M|\n|poke|p2|Malamar, L50, F|\n|poke|p2|Dragonite, L50, M|\n|poke|p2|Pelipper, L50, M|\n|poke|p2|Dragapult, L50, M|\n|poke|p2|Grimmsnarl, L50, M|\n|poke|p2|Archaludon, L50, M|\n|teampreview|4\n|l|☆Citrusfunk\n|player|p2|\n|inactive|Battle timer is ON: inactive players will automatically lose when time's up. (requested by Spen12345)\n|j|☆Citrusfunk\n|inactive|Citrusfunk reconnected and has 85 seconds left.\n|player|p2|Citrusfunk|ryuki|\n|inactive|Citrusfunk has 60 seconds left.\n|\n|t:|1788292676\n|teamsize|p1|4\n|teamsize|p2|4\n|start\n|switch|p1a: Blastoise|Blastoise, L50, M|100/100\n|switch|p1b: Hydreigon|Hydreigon, L50, M|100/100\n|switch|p2a: Grimmsnarl|Grimmsnarl, L50, M|100/100\n|switch|p2b: Dragapult|Dragapult, L50, M|100/100\n|turn|1\n|inactive|Spen12345 has 30 seconds left.\n|\n|t:|1788292709\n|move|p2a: Grimmsnarl|Fake Tears|p1a: Blastoise\n|-unboost|p1a: Blastoise|spd|2\n|move|p1b: Hydreigon|Dark Pulse|p2b: Dragapult\n|-supereffective|p2b: Dragapult|1\n|-damage|p2b: Dragapult|13/100\n|move|p2b: Dragapult|Thunder Wave|p1b: Hydreigon\n|-status|p1b: Hydreigon|par\n|move|p1a: Blastoise|Shell Smash|p1a: Blastoise\n|-unboost|p1a: Blastoise|def|1\n|-unboost|p1a: Blastoise|spd|1\n|-boost|p1a: Blastoise|atk|2\n|-boost|p1a: Blastoise|spa|2\n|-boost|p1a: Blastoise|spe|2\n|\n|upkeep\n|turn|2\n|\n|t:|1788292731\n|detailschange|p1a: Blastoise|Blastoise-Mega, L50, M\n|-mega|p1a: Blastoise|Blastoise|Blastoisinite\n|move|p2a: Grimmsnarl|Light Screen|p2a: Grimmsnarl\n|-sidestart|p2: Citrusfunk|move: Light Screen\n|move|p2b: Dragapult|Thunder Wave|p1a: Blastoise\n|-status|p1a: Blastoise|par\n|move|p1b: Hydreigon|Dark Pulse|p2b: Dragapult\n|-supereffective|p2b: Dragapult|1\n|-damage|p2b: Dragapult|0 fnt\n|faint|p2b: Dragapult\n|move|p1a: Blastoise|Water Spout|p2a: Grimmsnarl\n|-damage|p2a: Grimmsnarl|7/100\n|\n|upkeep\n|\n|t:|1788292738\n|switch|p2b: Dragonite|Dragonite, L50, M|100/100\n|turn|3\n|\n|t:|1788292751\n|detailschange|p2b: Dragonite|Dragonite-Mega, L50, M\n|-mega|p2b: Dragonite|Dragonite|Dragoninite\n|move|p2b: Dragonite|Protect|p2b: Dragonite\n|-singleturn|p2b: Dragonite|Protect\n|move|p2a: Grimmsnarl|Reflect|p2a: Grimmsnarl\n|-sidestart|p2: Citrusfunk|Reflect\n|move|p1b: Hydreigon|Dark Pulse|p2b: Dragonite\n|-activate|p2b: Dragonite|move: Protect\n|move|p1a: Blastoise|Dark Pulse|p2b: Dragonite\n|-activate|p2b: Dragonite|move: Protect\n|\n|upkeep\n|turn|4\n|inactive|Citrusfunk has 30 seconds left.\n|inactive|Citrusfunk has 20 seconds left.\n|inactive|Citrusfunk has 15 seconds left.\n|inactive|Citrusfunk has 10 seconds left.\n|inactive|Citrusfunk has 5 seconds left.\n|\n|t:|1788292802\n|move|p2a: Grimmsnarl|Parting Shot|p1a: Blastoise\n|-unboost|p1a: Blastoise|atk|1\n|-unboost|p1a: Blastoise|spa|1\n|\n|t:|1788292811\n|switch|p2a: Malamar|Malamar, L50, F|100/100|[from] Parting Shot\n|move|p1b: Hydreigon|Dark Pulse|p2b: Dragonite\n|-damage|p2b: Dragonite|90/100\n|move|p2b: Dragonite|Hurricane|p1a: Blastoise\n|-damage|p1a: Blastoise|0 fnt\n|faint|p1a: Blastoise\n|\n|upkeep\n|\n|t:|1788292823\n|switch|p1a: Staraptor|Staraptor, L50, F|100/100\n|-ability|p1a: Staraptor|Intimidate|boost\n|-boost|p2a: Malamar|atk|1\n|-unboost|p2b: Dragonite|atk|1\n|turn|5\n|\n|t:|1788292841\n|move|p2b: Dragonite|Protect|p2b: Dragonite\n|-singleturn|p2b: Dragonite|Protect\n|move|p1b: Hydreigon|Dark Pulse|p2a: Malamar\n|-damage|p2a: Malamar|67/100\n|move|p1a: Staraptor|Tailwind|p1a: Staraptor\n|-sidestart|p1: Spen12345|move: Tailwind\n|move|p2a: Malamar|Skill Swap|p2b: Dragonite\n|-activate|p2b: Dragonite|move: Protect\n|\n|upkeep\n|turn|6\n|inactive|Citrusfunk has 30 seconds left.\n|\n|t:|1788292873\n|move|p1b: Hydreigon|Dark Pulse|p2a: Malamar\n|-damage|p2a: Malamar|33/100\n|move|p1a: Staraptor|Brave Bird|p2a: Malamar\n|-damage|p2a: Malamar|1/100\n|-damage|p1a: Staraptor|89/100|[from] Recoil\n|move|p2b: Dragonite|Hurricane|p1a: Staraptor\n|-damage|p1a: Staraptor|5/100\n|move|p2a: Malamar|Skill Swap|p2b: Dragonite\n|-activate|p2a: Malamar|Skill Swap|||[of] p2b: Dragonite\n|-hint|Skill Swap does not announce the abilities of the Pokémon when used between allies.\n|\n|upkeep\n|turn|7\n|\n|t:|1788292898\n|switch|p1b: Torkoal|Torkoal, L50, F|100/100\n|-weather|SunnyDay|[from] ability: Drought|[of] p1b: Torkoal\n|move|p2a: Malamar|Protect|p2a: Malamar\n|-singleturn|p2a: Malamar|Protect\n|move|p1a: Staraptor|Brave Bird|p2b: Dragonite\n|-damage|p2b: Dragonite|57/100\n|-damage|p1a: Staraptor|0 fnt|[from] Recoil\n|faint|p1a: Staraptor\n|move|p2b: Dragonite|Draco Meteor|p1b: Torkoal\n|-damage|p1b: Torkoal|0 fnt\n|-boost|p2b: Dragonite|spa|2\n|faint|p1b: Torkoal\n|\n|-weather|SunnyDay|[upkeep]\n|upkeep\n|\n|t:|1788292917\n|switch|p1a: Hydreigon|Hydreigon, L50, M|100/100 par\n|turn|8\n|\n|t:|1788292926\n|move|p1a: Hydreigon|Heat Wave|p2a: Malamar|[spread] p2b\n|-miss|p1a: Hydreigon|p2a: Malamar\n|-resisted|p2b: Dragonite|1\n|-damage|p2b: Dragonite|48/100\n|move|p2b: Dragonite|Draco Meteor|p1a: Hydreigon\n|-supereffective|p1a: Hydreigon|1\n|-damage|p1a: Hydreigon|0 fnt\n|-boost|p2b: Dragonite|spa|2\n|faint|p1a: Hydreigon\n|\n|win|Citrusfunk\n|raw|Spen12345's rating: 1151 &rarr; <strong>1124</strong><br />(-27 for losing)\n|raw|Citrusfunk's rating: 1127 &rarr; <strong>1154</strong><br />(+27 for winning)\n|l|☆Spen12345\n|player|p1|\n|c|☆Citrusfunk|Gg\n","uploadtime":1788292942,"views":"22","formatid":"gen9championsvgc2026regmb","rating":1124,"private":0,"password":null}