{"id":"gen9championsvgc2026regmbbo3-2673993541","format":"[Gen 9 Champions] VGC 2026 Reg M-B (Bo3)","players":["Buggy00k","gtycfrtrdirixdi"],"log":"|j|☆Buggy00k\n|j|☆gtycfrtrdirixdi\n|html|<table width=\"100%\"><tr><td align=\"left\">Buggy00k</td><td align=\"right\">gtycfrtrdirixdi</tr><tr><td align=\"left\"><i class=\"fa fa-circle-o\"></i> <i class=\"fa fa-circle-o\"></i> </td><td align=\"right\"><i class=\"fa fa-circle-o\"></i> <i class=\"fa fa-circle-o\"></i> </tr></table>\n|uhtml|bestof|<h2><strong>Game 1</strong> of <a href=\"/game-bestof3-gen9championsvgc2026regmbbo3-2673993538\">a best-of-3</a></h2>\n|t:|1788285903\n|gametype|doubles\n|player|p1|Buggy00k|101|1000\n|player|p2|gtycfrtrdirixdi|2|1040\n|gen|9\n|tier|[Gen 9 Champions] VGC 2026 Reg M-B (Bo3)\n|rated|\n|rule|Species Clause: Limit one of each Pokémon\n|rule|Item Clause: Limit 1 of each item\n|clearpoke\n|poke|p1|Froslass, L50, F|\n|poke|p1|Blaziken, L50, F, shiny|\n|poke|p1|Kingambit, L50, F, shiny|\n|poke|p1|Basculegion, L50, M|\n|poke|p1|Dragonite, L50, F, shiny|\n|poke|p1|Farigiraf, L50, M, shiny|\n|poke|p2|Charizard, L50, M, shiny|\n|poke|p2|Aerodactyl, L50, M, shiny|\n|poke|p2|Sneasler, L50, M, shiny|\n|poke|p2|Hydreigon, L50, M, shiny|\n|poke|p2|Greninja, L50, M, shiny|\n|poke|p2|Kingambit, L50, M, shiny|\n|teampreview|4\n|showteam|p1|Froslass||Froslassite|SnowCloak|ShadowBall,Blizzard,AuroraVeil,Protect|Timid||F|||50|]Blaziken||Blazikenite|SpeedBoost|FlareBlitz,CloseCombat,RockSlide,Detect|Adamant||F|||50|]Kingambit||ChopleBerry|Defiant|KowtowCleave,SuckerPunch,IronHead,Protect|Adamant||F|||50|]Basculegion||ChoiceScarf|Adaptability|FlipTurn,AquaJet,WaveCrash,LastRespects|Jolly||M|||50|]Dragonite||LifeOrb|InnerFocus|DragonClaw,ExtremeSpeed,LowKick,Protect|Adamant||F|||50|]Farigiraf||SitrusBerry|ArmorTail|Psychic,Thunderbolt,TrickRoom,NastyPlot|Relaxed||M|||50|\n|showteam|p2|Charizard||CharizarditeY|Blaze|HeatWave,SolarBeam,AncientPower,Protect|Serious||M|||50|]Aerodactyl||FocusSash|Unnerve|RockSlide,DualWingbeat,WideGuard,Tailwind|Jolly||M|||50|]Sneasler||WhiteHerb|Unburden|CloseCombat,DireClaw,FakeOut,Protect|Jolly||M|||50|]Hydreigon||ChoiceScarf|Levitate|DracoMeteor,Snarl,EarthPower,DarkPulse|Serious||M|||50|]Greninja||Greninjite|Protean|WaterShuriken,DarkPulse,IceBeam,Protect|Timid||M|||50|]Kingambit||ChopleBerry|Defiant|SuckerPunch,LowKick,IronHead,Protect|Serious||M|||50|\n|inactive|Battle timer is ON: inactive players will automatically lose when time's up. (requested by gtycfrtrdirixdi)\n|\n|t:|1788285971\n|teamsize|p1|4\n|teamsize|p2|4\n|start\n|switch|p1a: Dragonite|Dragonite, L50, F, shiny|100/100\n|switch|p1b: Basculegion|Basculegion, L50, M|100/100\n|switch|p2a: Greninja|Greninja, L50, M, shiny|100/100\n|switch|p2b: Hydreigon|Hydreigon, L50, M, shiny|100/100\n|turn|1\n|c|☆Buggy00k|glhf\n|inactive|Buggy00k has 30 seconds left.\n|inactive|gtycfrtrdirixdi has 30 seconds left.\n|\n|t:|1788286003\n|switch|p1b: Kingambit|Kingambit, L50, F, shiny|100/100\n|move|p1a: Dragonite|Protect|p1a: Dragonite\n|-singleturn|p1a: Dragonite|Protect\n|move|p2a: Greninja|Water Shuriken|p1a: Dragonite\n|-start|p2a: Greninja|typechange|Water|[from] ability: Protean\n|-activate|p1a: Dragonite|move: Protect\n|move|p2b: Hydreigon|Draco Meteor|p1a: Dragonite\n|-activate|p1a: Dragonite|move: Protect\n|\n|upkeep\n|turn|2\n|inactive|Buggy00k has 30 seconds left.\n|\n|t:|1788286038\n|move|p1a: Dragonite|Extreme Speed|p2b: Hydreigon\n|-damage|p2b: Hydreigon|56/100\n|-damage|p1a: Dragonite|90/100|[from] item: Life Orb\n|move|p2a: Greninja|Water Shuriken|p1a: Dragonite\n|-resisted|p1a: Dragonite|1\n|-damage|p1a: Dragonite|86/100\n|-resisted|p1a: Dragonite|1\n|-damage|p1a: Dragonite|83/100\n|-resisted|p1a: Dragonite|1\n|-damage|p1a: Dragonite|79/100\n|-resisted|p1a: Dragonite|1\n|-damage|p1a: Dragonite|76/100\n|-hitcount|p1a: Dragonite|4\n|move|p2b: Hydreigon|Draco Meteor|p1a: Dragonite\n|-supereffective|p1a: Dragonite|1\n|-damage|p1a: Dragonite|0 fnt\n|-unboost|p2b: Hydreigon|spa|2\n|faint|p1a: Dragonite\n|move|p1b: Kingambit|Iron Head|p2b: Hydreigon\n|-damage|p2b: Hydreigon|10/100\n|\n|upkeep\n|\n|t:|1788286060\n|switch|p1a: Blaziken|Blaziken, L50, F, shiny|100/100\n|turn|3\n|\n|t:|1788286072\n|switch|p2b: Kingambit|Kingambit, L50, M, shiny|100/100\n|detailschange|p2a: Greninja|Greninja-Mega, L50, M, shiny\n|-mega|p2a: Greninja|Greninja|Greninjite\n|detailschange|p1a: Blaziken|Blaziken-Mega, L50, F, shiny\n|-mega|p1a: Blaziken|Blaziken|Blazikenite\n|move|p1a: Blaziken|Detect|p1a: Blaziken\n|-singleturn|p1a: Blaziken|Protect\n|move|p2a: Greninja|Water Shuriken|p1a: Blaziken\n|-start|p2a: Greninja|typechange|Water|[from] ability: Protean\n|-activate|p1a: Blaziken|move: Protect\n|move|p1b: Kingambit|Kowtow Cleave|p2a: Greninja\n|-damage|p2a: Greninja|41/100\n|\n|-ability|p1a: Blaziken|Speed Boost|boost\n|-boost|p1a: Blaziken|spe|1\n|upkeep\n|turn|4\n|inactive|Buggy00k has 30 seconds left.\n|\n|t:|1788286103\n|switch|p1a: Basculegion|Basculegion, L50, M|100/100\n|move|p2a: Greninja|Water Shuriken|p1a: Basculegion\n|-resisted|p1a: Basculegion|1\n|-damage|p1a: Basculegion|95/100\n|-resisted|p1a: Basculegion|1\n|-damage|p1a: Basculegion|90/100\n|-hitcount|p1a: Basculegion|2\n|move|p2b: Kingambit|Low Kick|p1b: Kingambit\n|-supereffective|p1b: Kingambit|2\n|-enditem|p1b: Kingambit|Chople Berry|[eat]\n|-enditem|p1b: Kingambit|Chople Berry|[weaken]\n|-damage|p1b: Kingambit|48/100\n|move|p1b: Kingambit|Kowtow Cleave|p2a: Greninja\n|-damage|p2a: Greninja|0 fnt\n|faint|p2a: Greninja\n|\n|upkeep\n|\n|t:|1788286122\n|switch|p2a: Sneasler|Sneasler, L50, M, shiny|100/100\n|turn|5\n|\n|t:|1788286138\n|switch|p1a: Blaziken|Blaziken-Mega, L50, F, shiny|100/100\n|move|p1b: Kingambit|Protect|p1b: Kingambit\n|-singleturn|p1b: Kingambit|Protect\n|move|p2b: Kingambit|Sucker Punch||[still]\n|-fail|p2b: Kingambit\n|move|p2a: Sneasler|Close Combat|p1b: Kingambit\n|-activate|p1b: Kingambit|move: Protect\n|\n|upkeep\n|turn|6\n|inactive|Buggy00k has 30 seconds left.\n|\n|t:|1788286168\n|switch|p1b: Basculegion|Basculegion, L50, M|90/100\n|move|p1a: Blaziken|Detect|p1a: Blaziken\n|-singleturn|p1a: Blaziken|Protect\n|move|p2b: Kingambit|Protect|p2b: Kingambit\n|-singleturn|p2b: Kingambit|Protect\n|move|p2a: Sneasler|Close Combat|p1b: Basculegion\n|-immune|p1b: Basculegion\n|\n|-ability|p1a: Blaziken|Speed Boost|boost\n|-boost|p1a: Blaziken|spe|1\n|upkeep\n|turn|7\n|\n|t:|1788286187\n|move|p1b: Basculegion|Aqua Jet|p2a: Sneasler\n|-damage|p2a: Sneasler|57/100\n|move|p2b: Kingambit|Sucker Punch||[still]\n|-fail|p2b: Kingambit\n|move|p1a: Blaziken|Close Combat|p2b: Kingambit\n|-supereffective|p2b: Kingambit|2\n|-enditem|p2b: Kingambit|Chople Berry|[eat]\n|-enditem|p2b: Kingambit|Chople Berry|[weaken]\n|-damage|p2b: Kingambit|0 fnt\n|-unboost|p1a: Blaziken|def|1\n|-unboost|p1a: Blaziken|spd|1\n|faint|p2b: Kingambit\n|move|p2a: Sneasler|Close Combat|p1a: Blaziken\n|-damage|p1a: Blaziken|0 fnt\n|-unboost|p2a: Sneasler|def|1\n|-unboost|p2a: Sneasler|spd|1\n|faint|p1a: Blaziken\n|-enditem|p2a: Sneasler|White Herb\n|-clearnegativeboost|p2a: Sneasler|[silent]\n|\n|upkeep\n|\n|t:|1788286205\n|switch|p1a: Kingambit|Kingambit, L50, F, shiny|48/100\n|switch|p2b: Hydreigon|Hydreigon, L50, M, shiny|10/100\n|turn|8\n|\n|t:|1788286223\n|move|p1a: Kingambit|Protect|p1a: Kingambit\n|-singleturn|p1a: Kingambit|Protect\n|move|p1b: Basculegion|Aqua Jet|p2b: Hydreigon\n|-resisted|p2b: Hydreigon|1\n|-damage|p2b: Hydreigon|0 fnt\n|faint|p2b: Hydreigon\n|move|p2a: Sneasler|Close Combat|p1a: Kingambit\n|-activate|p1a: Kingambit|move: Protect\n|\n|upkeep\n|turn|9\n|\n|t:|1788286234\n|move|p1b: Basculegion|Aqua Jet|p2a: Sneasler\n|-damage|p2a: Sneasler|15/100\n|move|p1a: Kingambit|Sucker Punch|p2a: Sneasler\n|-resisted|p2a: Sneasler|1\n|-damage|p2a: Sneasler|0 fnt\n|faint|p2a: Sneasler\n|\n|win|Buggy00k\n|c|☆Buggy00k|gg\n||Buggy00k is ready for game 2.\n||gtycfrtrdirixdi is ready for game 2.\n|uhtml|next|Next: <a href=\"/battle-gen9championsvgc2026regmbbo3-2673996407\"><strong>Game 2 of 3</strong></a>\n|l|☆gtycfrtrdirixdi\n|player|p2|\n","uploadtime":1788286476,"views":"3","formatid":"gen9championsvgc2026regmbbo3","rating":null,"private":0,"password":null}