{"id":"gen9championsvgc2026regmb-2674270354","format":"[Gen 9 Champions] VGC 2026 Reg M-B","players":["Tweedlebop","FatherDoer"],"log":"|j|☆Tweedlebop\n|j|☆FatherDoer\n|t:|1788327994\n|gametype|doubles\n|player|p1|Tweedlebop|lucas-gen4pt|\n|player|p2|FatherDoer|hilbert-wonderlauncher|\n|gen|9\n|tier|[Gen 9 Champions] VGC 2026 Reg M-B\n|rule|Species Clause: Limit one of each Pokémon\n|rule|Item Clause: Limit 1 of each item\n|clearpoke\n|poke|p1|Mawile, L50, F, shiny|\n|poke|p1|Maushold-Four, L50|\n|poke|p1|Ariados, L50, M|\n|poke|p1|Blaziken, L50, M|\n|poke|p1|Aerodactyl, L50, M|\n|poke|p1|Grimmsnarl, L50, M|\n|poke|p2|Golurk, L50|\n|poke|p2|Farigiraf, L50, F|\n|poke|p2|Decidueye-Hisui, L50, M|\n|poke|p2|Maushold-Four, L50|\n|poke|p2|Aegislash, L50, M|\n|poke|p2|Archaludon, L50, F|\n|teampreview|4\n|inactive|Battle timer is ON: inactive players will automatically lose when time's up. (requested by Tweedlebop)\n|inactive|FatherDoer also wants the timer to be on.\nFatherDoer rejected open team sheets.\n|inactive|Tweedlebop has 60 seconds left.\n|inactive|FatherDoer has 60 seconds left.\n|inactive|Tweedlebop has 30 seconds left.\n|inactive|FatherDoer has 30 seconds left.\n|inactive|Tweedlebop no longer wants the timer on, but the timer is staying on because fatherdoer still does.\n|inactive|Tweedlebop has 20 seconds left.\n|inactive|FatherDoer has 20 seconds left.\n|inactiveoff|Battle timer is now OFF.\n|\n|t:|1788328130\n|teamsize|p1|4\n|teamsize|p2|4\n|start\n|switch|p1a: Ridley|Aerodactyl, L50, M|100/100\n|switch|p1b: Indra|Mawile, L50, F, shiny|100/100\n|switch|p2a: Farigiraf|Farigiraf, L50, F|100/100\n|switch|p2b: Star Platinum|Golurk, L50|100/100\n|-ability|p1a: Ridley|Unnerve\n|-ability|p1b: Indra|Intimidate|boost\n|-unboost|p2a: Farigiraf|atk|1\n|-unboost|p2b: Star Platinum|atk|1\n|turn|1\n|\n|t:|1788328172\n|switch|p2a: Maushold|Maushold-Four, L50|100/100\n|detailschange|p1b: Indra|Mawile-Mega, L50, F, shiny\n|-mega|p1b: Indra|Mawile|Mawilite\n|move|p1a: Ridley|Rock Slide|p2b: Star Platinum|[spread] p2b\n|-miss|p1a: Ridley|p2a: Maushold\n|-resisted|p2b: Star Platinum|1\n|-damage|p2b: Star Platinum|90/100\n|move|p2b: Star Platinum|Headlong Rush|p1b: Indra\n|-supereffective|p1b: Indra|1\n|-damage|p1b: Indra|3/100\n|-unboost|p2b: Star Platinum|def|1\n|-unboost|p2b: Star Platinum|spd|1\n|move|p1b: Indra|Iron Head|p2a: Maushold\n|-damage|p2a: Maushold|13/100\n|\n|upkeep\n|turn|2\n|\n|t:|1788328226\n|detailschange|p2b: Star Platinum|Golurk-Mega, L50\n|-mega|p2b: Star Platinum|Golurk|Golurkite\n|move|p1b: Indra|Sucker Punch|p2b: Star Platinum\n|-supereffective|p2b: Star Platinum|1\n|-damage|p2b: Star Platinum|9/100\n|move|p1a: Ridley|Iron Head|p2a: Maushold\n|-damage|p2a: Maushold|0 fnt\n|faint|p2a: Maushold\n|move|p2b: Star Platinum|Ice Punch|p1a: Ridley\n|-supereffective|p1a: Ridley|1\n|-damage|p1a: Ridley|34/100\n|\n|upkeep\n|\n|t:|1788328237\n|switch|p2a: Farigiraf|Farigiraf, L50, F|100/100\n|turn|3\n|\n|t:|1788328257\n|switch|p2b: Archaludon|Archaludon, L50, F|100/100\n|move|p1a: Ridley|Rock Slide|p2a: Farigiraf|[spread] p2a,p2b\n|-resisted|p2b: Archaludon|1\n|-damage|p2a: Farigiraf|71/100\n|-damage|p2b: Archaludon|89/100\n|-ability|p2b: Archaludon|Stamina|boost\n|-boost|p2b: Archaludon|def|1\n|cant|p2a: Farigiraf|flinch\n|move|p1b: Indra|Iron Head|p2a: Farigiraf\n|-damage|p2a: Farigiraf|0 fnt\n|faint|p2a: Farigiraf\n|\n|-heal|p2b: Archaludon|95/100|[from] item: Leftovers\n|upkeep\n|\n|t:|1788328268\n|switch|p2a: Star Platinum|Golurk-Mega, L50|9/100\n|turn|4\n|\n|t:|1788328293\n|move|p1b: Indra|Sucker Punch|p2a: Star Platinum\n|-supereffective|p2a: Star Platinum|1\n|-crit|p2a: Star Platinum\n|-damage|p2a: Star Platinum|0 fnt\n|faint|p2a: Star Platinum\n|move|p1a: Ridley|Iron Head|p2b: Archaludon\n|-resisted|p2b: Archaludon|1\n|-damage|p2b: Archaludon|88/100\n|-ability|p2b: Archaludon|Stamina|boost\n|-boost|p2b: Archaludon|def|1\n|move|p2b: Archaludon|Flash Cannon|p1a: Ridley\n|-supereffective|p1a: Ridley|1\n|-damage|p1a: Ridley|0 fnt\n|faint|p1a: Ridley\n|\n|-heal|p2b: Archaludon|94/100|[from] item: Leftovers\n|upkeep\n|\n|t:|1788328306\n|switch|p1a: Bospider|Ariados, L50, M|100/100\n|turn|5\n|\n|t:|1788328318\n|move|p1a: Bospider|Rage Powder|p1a: Bospider\n|-singleturn|p1a: Bospider|move: Rage Powder\n|move|p2b: Archaludon|Aura Sphere|p1a: Bospider\n|-resisted|p1a: Bospider|2\n|-damage|p1a: Bospider|93/100\n|move|p1b: Indra|Swords Dance|p1b: Indra\n|-boost|p1b: Indra|atk|2\n|\n|-heal|p2b: Archaludon|100/100|[from] item: Leftovers\n|upkeep\n|turn|6\n|\n|t:|1788328328\n|move|p1a: Bospider|Rage Powder|p1a: Bospider\n|-singleturn|p1a: Bospider|move: Rage Powder\n|move|p2b: Archaludon|Flash Cannon|p1a: Bospider\n|-damage|p1a: Bospider|50/100g\n|move|p1b: Indra|Swords Dance|p1b: Indra\n|-boost|p1b: Indra|atk|2\n|\n|upkeep\n|turn|7\n|\n|t:|1788328340\n|move|p1a: Bospider|Rage Powder|p1a: Bospider\n|-singleturn|p1a: Bospider|move: Rage Powder\n|move|p2b: Archaludon|Flash Cannon|p1a: Bospider\n|-crit|p1a: Bospider\n|-damage|p1a: Bospider|0 fnt\n|faint|p1a: Bospider\n|move|p1b: Indra|Play Rough|p2b: Archaludon|[miss]\n|-miss|p1b: Indra|p2b: Archaludon\n|\n|upkeep\n|\n|t:|1788328349\n|switch|p1a: Pitbull Victims|Maushold-Four, L50|100/100\n|turn|8\n|\n|t:|1788328358\n|move|p1a: Pitbull Victims|Follow Me|p1a: Pitbull Victims\n|-singleturn|p1a: Pitbull Victims|move: Follow Me\n|move|p2b: Archaludon|Aura Sphere|p1a: Pitbull Victims\n|-supereffective|p1a: Pitbull Victims|1\n|-damage|p1a: Pitbull Victims|31/100\n|move|p1b: Indra|Play Rough|p2b: Archaludon\n|-damage|p2b: Archaludon|0 fnt\n|faint|p2b: Archaludon\n|\n|win|Tweedlebop\n|l|☆FatherDoer\n|player|p2|\n","uploadtime":1788328387,"views":"1","formatid":"gen9championsvgc2026regmb","rating":null,"private":0,"password":null}