{"id":"gen9championsvgc2026regmb-2674976832","format":"[Gen 9 Champions] VGC 2026 Reg M-B","players":["VictoriousDancing","somerandomcat451"],"log":"|j|☆VictoriousDancing\n|j|☆somerandomcat451\n|t:|1788444363\n|gametype|doubles\n|player|p1|VictoriousDancing|cynthia|1496\n|player|p2|somerandomcat451|riley|1454\n|gen|9\n|tier|[Gen 9 Champions] VGC 2026 Reg M-B\n|rated|\n|rule|Species Clause: Limit one of each Pokémon\n|rule|Item Clause: Limit 1 of each item\n|clearpoke\n|poke|p1|Charizard, L50, M, shiny|\n|poke|p1|Basculegion, L50, M, shiny|\n|poke|p1|Whimsicott, L50, M, shiny|\n|poke|p1|Garchomp, L50, F, shiny|\n|poke|p1|Kingambit, L50, M, shiny|\n|poke|p1|Floette-Eternal, L50, F|\n|poke|p2|Gallade, L50, M|\n|poke|p2|Farigiraf, L50, F|\n|poke|p2|Incineroar, L50, F|\n|poke|p2|Mawile, L50, F|\n|poke|p2|Blastoise, L50, F|\n|poke|p2|Vivillon, L50, M|\n|teampreview|4\n|inactive|Battle timer is ON: inactive players will automatically lose when time's up. (requested by VictoriousDancing)\n|inactive|somerandomcat451 also wants the timer to be on.\nVictoriousDancing rejected open team sheets.\n|inactive|somerandomcat451 has 60 seconds left.\n|\n|t:|1788444398\n|teamsize|p1|4\n|teamsize|p2|4\n|start\n|switch|p1a: Floette|Floette-Eternal, L50, F|100/100\n|switch|p1b: Kingambit|Kingambit, L50, M, shiny|100/100\n|switch|p2a: Gallade|Gallade, L50, M|100/100\n|switch|p2b: Farigiraf|Farigiraf, L50, F|100/100\n|turn|1\n|\n|t:|1788444411\n|detailschange|p1a: Floette|Floette-Mega, L50, F\n|-mega|p1a: Floette|Floette|Floettite\n|-ability|p1a: Floette|Fairy Aura\n|move|p2b: Farigiraf|Helping Hand|p2a: Gallade\n|-singleturn|p2a: Gallade|Helping Hand|[of] p2b: Farigiraf\n|move|p2a: Gallade|Psycho Cut|p1a: Floette\n|-damage|p1a: Floette|0 fnt\n|faint|p1a: Floette\n|move|p1b: Kingambit|Kowtow Cleave|p2b: Farigiraf\n|-supereffective|p2b: Farigiraf|1\n|-enditem|p2b: Farigiraf|Colbur Berry|[eat]\n|-enditem|p2b: Farigiraf|Colbur Berry|[weaken]\n|-damage|p2b: Farigiraf|58/100\n|\n|upkeep\n|\n|t:|1788444411\n|switch|p1a: Basculegion|Basculegion, L50, M, shiny|100/100\n|turn|2\n|\n|t:|1788444434\n|move|p2b: Farigiraf|Helping Hand|p2a: Gallade\n|-singleturn|p2a: Gallade|Helping Hand|[of] p2b: Farigiraf\n|move|p2a: Gallade|Psycho Cut|p1a: Basculegion\n|-damage|p1a: Basculegion|0 fnt\n|faint|p1a: Basculegion\n|move|p1b: Kingambit|Kowtow Cleave|p2b: Farigiraf\n|-supereffective|p2b: Farigiraf|1\n|-damage|p2b: Farigiraf|0 fnt\n|faint|p2b: Farigiraf\n|\n|upkeep\n|\n|t:|1788444451\n|switch|p1a: Garchomp|Garchomp, L50, F, shiny|100/100\n|switch|p2b: Mawile|Mawile, L50, F|100/100\n|turn|3\n|\n|t:|1788444458\n|detailschange|p2b: Mawile|Mawile-Mega, L50, F\n|-mega|p2b: Mawile|Mawile|Mawilite\n|move|p2b: Mawile|Sucker Punch|p1a: Garchomp\n|-damage|p1a: Garchomp|49/100\n|-damage|p2b: Mawile|88/100|[from] ability: Rough Skin|[of] p1a: Garchomp\n|move|p2a: Gallade|Psycho Cut|p1a: Garchomp\n|-damage|p1a: Garchomp|0 fnt\n|faint|p1a: Garchomp\n|move|p1b: Kingambit|Kowtow Cleave|p2a: Gallade\n|-damage|p2a: Gallade|17/100\n|\n|upkeep\n|turn|4\n|\n|t:|1788444474\n|switch|p2a: Incineroar|Incineroar, L50, F|100/100\n|-ability|p2a: Incineroar|Intimidate|boost\n|-unboost|p1b: Kingambit|atk|1\n|-ability|p1b: Kingambit|Defiant|boost\n|-boost|p1b: Kingambit|atk|2\n|move|p1b: Kingambit|Kowtow Cleave|p2b: Mawile\n|-resisted|p2b: Mawile|1\n|-damage|p2b: Mawile|52/100\n|move|p2b: Mawile|Play Rough|p1b: Kingambit\n|-damage|p1b: Kingambit|32/100\n|\n|upkeep\n|turn|5\n|\n|t:|1788444493\n|switch|p2b: Gallade|Gallade, L50, M|17/100\n|move|p1b: Kingambit|Protect|p1b: Kingambit\n|-singleturn|p1b: Kingambit|Protect\n|move|p2a: Incineroar|Fake Out|p1b: Kingambit\n|-activate|p1b: Kingambit|move: Protect\n|\n|upkeep\n|turn|6\n|\n|t:|1788444500\n|move|p1b: Kingambit|Sucker Punch|p2b: Gallade\n|-damage|p2b: Gallade|0 fnt\n|faint|p2b: Gallade\n|move|p2a: Incineroar|Flare Blitz|p1b: Kingambit\n|-supereffective|p1b: Kingambit|1\n|-damage|p1b: Kingambit|0 fnt\n|faint|p1b: Kingambit\n|-damage|p2a: Incineroar|87/100|[from] Recoil\n|-damage|p2a: Incineroar|77/100|[from] item: Life Orb\n|\n|win|somerandomcat451\n|raw|VictoriousDancing's rating: 1494 &rarr; <strong>1472</strong><br />(-22 for losing)\n|raw|somerandomcat451's rating: 1454 &rarr; <strong>1476</strong><br />(+22 for winning)\n|l|☆VictoriousDancing\n|player|p1|\n","uploadtime":1788444516,"views":"8","formatid":"gen9championsvgc2026regmb","rating":1472,"private":0,"password":null}