{"id":"gen9championsvgc2026regmb-2673974910","format":"[Gen 9 Champions] VGC 2026 Reg M-B","players":["softwarer","ilian81"],"log":"|j|☆softwarer\n|j|☆ilian81\n|t:|1788283750\n|gametype|doubles\n|player|p1|softwarer|101|1035\n|player|p2|ilian81|skyla|1000\n|gen|9\n|tier|[Gen 9 Champions] VGC 2026 Reg M-B\n|rated|\n|rule|Species Clause: Limit one of each Pokémon\n|rule|Item Clause: Limit 1 of each item\n|clearpoke\n|poke|p1|Charizard, L50, M, shiny|\n|poke|p1|Aerodactyl, L50, M, shiny|\n|poke|p1|Grimmsnarl, L50, M, shiny|\n|poke|p1|Froslass, L50, F|\n|poke|p1|Basculegion, L50, M, shiny|\n|poke|p1|Venusaur, L50, F, shiny|\n|poke|p2|Mawile, L50, F|\n|poke|p2|Farigiraf, L50, F|\n|poke|p2|Tyranitar, L50, F|\n|poke|p2|Talonflame, L50, M|\n|poke|p2|Incineroar, L50, M|\n|poke|p2|Sinistcha, L50|\n|teampreview|4\n|\n|t:|1788283784\n|teamsize|p1|4\n|teamsize|p2|4\n|start\n|switch|p1a: Charizard|Charizard, L50, M, shiny|100/100\n|switch|p1b: Aerodactyl|Aerodactyl, L50, M, shiny|100/100\n|switch|p2a: Farigiraf|Farigiraf, L50, F|100/100\n|switch|p2b: Tyranitar|Tyranitar, L50, F|100/100\n|-ability|p1b: Aerodactyl|Unnerve\n|-weather|Sandstorm|[from] ability: Sand Stream|[of] p2b: Tyranitar\n|turn|1\n|\n|t:|1788283797\n|detailschange|p1a: Charizard|Charizard-Mega-Y, L50, M, shiny\n|-mega|p1a: Charizard|Charizard|Charizardite Y\n|-weather|SunnyDay|[from] ability: Drought|[of] p1a: Charizard\n|move|p2b: Tyranitar|Protect|p2b: Tyranitar\n|-singleturn|p2b: Tyranitar|Protect\n|move|p1b: Aerodactyl|Tailwind|p1b: Aerodactyl\n|-sidestart|p1: softwarer|move: Tailwind\n|move|p1a: Charizard|Solar Beam||[still]\n|-prepare|p1a: Charizard|Solar Beam\n|-anim|p1a: Charizard|Solar Beam|p2b: Tyranitar\n|-activate|p2b: Tyranitar|move: Protect\n|move|p2a: Farigiraf|Trick Room|p2a: Farigiraf\n|-fieldstart|move: Trick Room|[of] p2a: Farigiraf\n|\n|-weather|SunnyDay|[upkeep]\n|upkeep\n|turn|2\n|\n|t:|1788283814\n|detailschange|p2b: Tyranitar|Tyranitar-Mega, L50, F\n|-mega|p2b: Tyranitar|Tyranitar|Tyranitarite\n|-weather|Sandstorm|[from] ability: Sand Stream|[of] p2b: Tyranitar\n|move|p1a: Charizard|Protect|p1a: Charizard\n|-singleturn|p1a: Charizard|Protect\n|move|p2a: Farigiraf|Light Screen|p2a: Farigiraf\n|-sidestart|p2: ilian81|move: Light Screen\n|move|p2b: Tyranitar|Rock Slide|p1b: Aerodactyl|[spread] p1b\n|-activate|p1a: Charizard|move: Protect\n|-supereffective|p1b: Aerodactyl|1\n|-damage|p1b: Aerodactyl|10/100\n|move|p1b: Aerodactyl|Rock Slide|p2a: Farigiraf|[spread] p2a,p2b\n|-damage|p2a: Farigiraf|77/100\n|-damage|p2b: Tyranitar|85/100\n|\n|-weather|Sandstorm|[upkeep]\n|-damage|p2a: Farigiraf|70/100|[from] Sandstorm\n|-damage|p1a: Charizard|94/100|[from] Sandstorm\n|upkeep\n|turn|3\n|\n|t:|1788283835\n|move|p2a: Farigiraf|Psychic|p1a: Charizard\n|-damage|p1a: Charizard|59/100\n|move|p2b: Tyranitar|Rock Slide|p1a: Charizard|[spread] p1a,p1b\n|-supereffective|p1a: Charizard|2\n|-supereffective|p1b: Aerodactyl|1\n|-damage|p1a: Charizard|0 fnt\n|-damage|p1b: Aerodactyl|0 fnt\n|faint|p1a: Charizard\n|faint|p1b: Aerodactyl\n|\n|-weather|Sandstorm|[upkeep]\n|-damage|p2a: Farigiraf|64/100|[from] Sandstorm\n|upkeep\n|\n|t:|1788283846\n|switch|p1a: Grimmsnarl|Grimmsnarl, L50, M, shiny|100/100\n|switch|p1b: Venusaur|Venusaur, L50, F, shiny|100/100\n|turn|4\n|\n|t:|1788283856\n|move|p1a: Grimmsnarl|Parting Shot||[still]\n|cant|p2a: Farigiraf|ability: Armor Tail|Parting Shot|[of] p1a: Grimmsnarl\n|move|p2a: Farigiraf|Psychic|p1b: Venusaur\n|-supereffective|p1b: Venusaur|1\n|-damage|p1b: Venusaur|22/100\n|move|p2b: Tyranitar|Knock Off|p1a: Grimmsnarl\n|-resisted|p1a: Grimmsnarl|2\n|-damage|p1a: Grimmsnarl|83/100\n|-enditem|p1a: Grimmsnarl|Mental Herb|[from] move: Knock Off|[of] p2b: Tyranitar\n|move|p1b: Venusaur|Sleep Powder|p2b: Tyranitar\n|-status|p2b: Tyranitar|slp|[from] move: Sleep Powder\n|\n|-weather|Sandstorm|[upkeep]\n|-damage|p2a: Farigiraf|58/100|[from] Sandstorm\n|-damage|p1a: Grimmsnarl|77/100|[from] Sandstorm\n|-damage|p1b: Venusaur|16/100|[from] Sandstorm\n|-sideend|p1: softwarer|move: Tailwind\n|upkeep\n|turn|5\n|\n|t:|1788283880\n|move|p1a: Grimmsnarl|Light Screen|p1a: Grimmsnarl\n|-sidestart|p1: softwarer|move: Light Screen\n|move|p2a: Farigiraf|Psychic|p1b: Venusaur\n|-supereffective|p1b: Venusaur|1\n|-damage|p1b: Venusaur|0 fnt\n|faint|p1b: Venusaur\n|cant|p2b: Tyranitar|slp\n|\n|-weather|Sandstorm|[upkeep]\n|-damage|p2a: Farigiraf|52/100|[from] Sandstorm\n|-damage|p1a: Grimmsnarl|71/100|[from] Sandstorm\n|-fieldend|move: Trick Room\n|upkeep\n|turn|6\n|-message|softwarer forfeited.\n|\n|win|ilian81\n|raw|softwarer's rating: 1035 &rarr; <strong>1018</strong><br />(-17 for losing)\n|raw|ilian81's rating: 1000 &rarr; <strong>1044</strong><br />(+44 for winning)\n|l|☆softwarer\n|player|p1|\n","uploadtime":1788283894,"views":"6","formatid":"gen9championsvgc2026regmb","rating":1018,"private":0,"password":null}