{"id":"gen9championsvgc2026regmbbo3-2674080723","format":"[Gen 9 Champions] VGC 2026 Reg M-B (Bo3)","players":["borntobethegoat","Crotolamo67"],"log":"|j|☆borntobethegoat\n|j|☆Crotolamo67\n|html|<table width=\"100%\"><tr><td align=\"left\">borntobethegoat</td><td align=\"right\">Crotolamo67</tr><tr><td align=\"left\"><i class=\"fa fa-circle\"></i> <i class=\"fa fa-circle-o\"></i> </td><td align=\"right\"><i class=\"fa fa-circle-o\"></i> <i class=\"fa fa-circle-o\"></i> </tr></table>\n|uhtml|bestof|<h2><strong>Game 2</strong> of <a href=\"/game-bestof3-gen9championsvgc2026regmbbo3-2674077582\">a best-of-3</a></h2>\n|t:|1788296465\n|gametype|doubles\n|player|p1|borntobethegoat|caitlin|1379\n|player|p2|Crotolamo67|mina-lgpe|1266\n|gen|9\n|tier|[Gen 9 Champions] VGC 2026 Reg M-B (Bo3)\n|rated|\n|rule|Species Clause: Limit one of each Pokémon\n|rule|Item Clause: Limit 1 of each item\n|clearpoke\n|poke|p1|Garchomp, L50, M|\n|poke|p1|Kingambit, L50, M|\n|poke|p1|Sneasler, L50, M|\n|poke|p1|Sinistcha, L50|\n|poke|p1|Incineroar, L50, M|\n|poke|p1|Floette-Eternal, L50, F|\n|poke|p2|Primarina, L50, M|\n|poke|p2|Incineroar, L50, M|\n|poke|p2|Raichu, L50, M|\n|poke|p2|Sinistcha-Masterpiece, L50|\n|poke|p2|Delphox, L50, M|\n|poke|p2|Kingambit, L50, M|\n|teampreview|4\n|showteam|p1|Garchomp||Garchompite|RoughSkin|Earthquake,StompingTantrum,RockSlide,Protect|Adamant||M|||50|]Kingambit||ChopleBerry|Defiant|KowtowCleave,SuckerPunch,IronHead,Protect|Adamant||M|||50|]Sneasler||FocusSash|Unburden|FakeOut,DireClaw,CloseCombat,Coaching|Jolly||M|||50|]Sinistcha||SitrusBerry|Hospitality|MatchaGotcha,RagePowder,TrickRoom,Protect|Bold|||||50|]Incineroar||Leftovers|Intimidate|FakeOut,FlareBlitz,PartingShot,HelpingHand|Sassy||M|||50|]Floette-Eternal||Floettite|FlowerVeil|DazzlingGleam,DrainingKiss,CalmMind,Protect|Timid||F|||50|\n|showteam|p2|Primarina||Leftovers|LiquidVoice|HyperVoice,Moonblast,CalmMind,Protect|Modest||M|||50|]Incineroar||SitrusBerry|Intimidate|FakeOut,ThroatChop,FlareBlitz,PartingShot|Impish||M|||50|]Raichu||RaichuniteY|LightningRod|ZapCannon,FocusBlast,FakeOut,Protect|Timid||M|||50|]Sinistcha-Masterpiece||KasibBerry|Hospitality|MatchaGotcha,RagePowder,LifeDew,Protect|Bold|||||50|]Delphox||Delphoxite|Blaze|HeatWave,Psychic,NastyPlot,Protect|Timid||M|||50|]Kingambit||LifeOrb|Defiant|KowtowCleave,SuckerPunch,SwordsDance,Protect|Adamant||M|||50|\n|inactive|Battle timer is ON: inactive players will automatically lose when time's up. (requested by borntobethegoat)\n|\n|t:|1788296508\n|teamsize|p1|4\n|teamsize|p2|4\n|start\n|switch|p1a: Incineroar|Incineroar, L50, M|100/100\n|switch|p1b: Floette|Floette-Eternal, L50, F|100/100\n|switch|p2a: Juanjo|Delphox, L50, M|100/100\n|switch|p2b: Leo :3|Incineroar, L50, M|100/100\n|-ability|p2b: Leo :3|Intimidate|boost\n|-unboost|p1a: Incineroar|atk|1\n|-unboost|p1b: Floette|atk|1\n|-ability|p1a: Incineroar|Intimidate|boost\n|-unboost|p2a: Juanjo|atk|1\n|-unboost|p2b: Leo :3|atk|1\n|turn|1\n|inactive|Crotolamo67 has 30 seconds left.\n|\n|t:|1788296535\n|detailschange|p2a: Juanjo|Delphox-Mega, L50, M\n|-mega|p2a: Juanjo|Delphox|Delphoxite\n|detailschange|p1b: Floette|Floette-Mega, L50, F\n|-mega|p1b: Floette|Floette|Floettite\n|-ability|p1b: Floette|Fairy Aura\n|move|p2b: Leo :3|Fake Out|p1a: Incineroar\n|-damage|p1a: Incineroar|94/100\n|cant|p1a: Incineroar|flinch\n|move|p2a: Juanjo|Nasty Plot|p2a: Juanjo\n|-boost|p2a: Juanjo|spa|2\n|move|p1b: Floette|Calm Mind|p1b: Floette\n|-boost|p1b: Floette|spa|1\n|-boost|p1b: Floette|spd|1\n|\n|-heal|p1a: Incineroar|100/100|[from] item: Leftovers\n|upkeep\n|turn|2\n|\n|t:|1788296560\n|move|p2a: Juanjo|Protect|p2a: Juanjo\n|-singleturn|p2a: Juanjo|Protect\n|move|p1b: Floette|Calm Mind|p1b: Floette\n|-boost|p1b: Floette|spa|1\n|-boost|p1b: Floette|spd|1\n|move|p2b: Leo :3|Parting Shot|p1b: Floette\n|-unboost|p1b: Floette|atk|1\n|-unboost|p1b: Floette|spa|1\n|\n|t:|1788296569\n|switch|p2b: GorditaCulona|Primarina, L50, M|100/100|[from] Parting Shot\n|move|p1a: Incineroar|Parting Shot|p2a: Juanjo\n|-activate|p2a: Juanjo|move: Protect\n|\n|upkeep\n|turn|3\n|\n|t:|1788296589\n|move|p2a: Juanjo|Heat Wave|p1b: Floette|[spread] p1a,p1b\n|-resisted|p1a: Incineroar|1\n|-damage|p1a: Incineroar|70/100\n|-damage|p1b: Floette|69/100\n|move|p1b: Floette|Dazzling Gleam|p2b: GorditaCulona|[spread] p2a,p2b\n|-resisted|p2a: Juanjo|1\n|-damage|p2a: Juanjo|74/100\n|-damage|p2b: GorditaCulona|47/100\n|move|p2b: GorditaCulona|Hyper Voice|p1b: Floette|[spread] p1a,p1b\n|-supereffective|p1a: Incineroar|1\n|-damage|p1a: Incineroar|16/100\n|-damage|p1b: Floette|55/100\n|move|p1a: Incineroar|Parting Shot|p2a: Juanjo\n|-unboost|p2a: Juanjo|atk|1\n|-unboost|p2a: Juanjo|spa|1\n|inactive|borntobethegoat has 30 seconds left.\n|\n|t:|1788296614\n|switch|p1a: Sneasler|Sneasler, L50, M|100/100|[from] Parting Shot\n|\n|-heal|p2b: GorditaCulona|53/100|[from] item: Leftovers\n|upkeep\n|turn|4\n|\n|t:|1788296640\n|move|p2a: Juanjo|Protect|p2a: Juanjo\n|-singleturn|p2a: Juanjo|Protect\n|move|p1a: Sneasler|Fake Out|p2a: Juanjo\n|-activate|p2a: Juanjo|move: Protect\n|move|p1b: Floette|Draining Kiss|p2b: GorditaCulona\n|-damage|p2b: GorditaCulona|5/100\n|-heal|p1b: Floette|94/100|[from] drain|[of] p2b: GorditaCulona\n|move|p2b: GorditaCulona|Hyper Voice|p1b: Floette|[spread] p1a,p1b\n|-damage|p1a: Sneasler|55/100\n|-damage|p1b: Floette|81/100\n|\n|-heal|p2b: GorditaCulona|11/100|[from] item: Leftovers\n|upkeep\n|turn|5\n|inactive|Crotolamo67 has 30 seconds left.\n|inactive|Crotolamo67 has 20 seconds left.\n|\n|t:|1788296676\n|switch|p1a: Incineroar|Incineroar, L50, M|16/100\n|-ability|p1a: Incineroar|Intimidate|boost\n|-unboost|p2a: Juanjo|atk|1\n|-unboost|p2b: GorditaCulona|atk|1\n|move|p2b: GorditaCulona|Protect|p2b: GorditaCulona\n|-singleturn|p2b: GorditaCulona|Protect\n|move|p2a: Juanjo|Nasty Plot|p2a: Juanjo\n|-boost|p2a: Juanjo|spa|2\n|move|p1b: Floette|Dazzling Gleam|p2a: Juanjo|[spread] p2a\n|-activate|p2b: GorditaCulona|move: Protect\n|-resisted|p2a: Juanjo|1\n|-damage|p2a: Juanjo|49/100\n|\n|-heal|p2b: GorditaCulona|18/100|[from] item: Leftovers\n|-heal|p1a: Incineroar|22/100|[from] item: Leftovers\n|upkeep\n|turn|6\n|\n|t:|1788296695\n|switch|p2b: Leo :3|Incineroar, L50, M|100/100\n|-ability|p2b: Leo :3|Intimidate|boost\n|-unboost|p1a: Incineroar|atk|1\n|-unboost|p1b: Floette|atk|1\n|switch|p1a: Sneasler|Sneasler, L50, M|55/100\n|move|p2a: Juanjo|Protect|p2a: Juanjo\n|-singleturn|p2a: Juanjo|Protect\n|move|p1b: Floette|Dazzling Gleam|p2a: Juanjo|[spread] p2b\n|-activate|p2a: Juanjo|move: Protect\n|-damage|p2b: Leo :3|37/100\n|-enditem|p2b: Leo :3|Sitrus Berry|[eat]\n|-heal|p2b: Leo :3|61/100|[from] item: Sitrus Berry\n|\n|upkeep\n|turn|7\n|\n|t:|1788296714\n|move|p1a: Sneasler|Fake Out|p2a: Juanjo\n|-damage|p2a: Juanjo|31/100\n|move|p2b: Leo :3|Fake Out|p1b: Floette\n|-damage|p1b: Floette|69/100\n|cant|p2a: Juanjo|flinch\n|cant|p1b: Floette|flinch\n|\n|upkeep\n|turn|8\n|\n|t:|1788296725\n|switch|p1a: Incineroar|Incineroar, L50, M|22/100\n|-ability|p1a: Incineroar|Intimidate|boost\n|-unboost|p2a: Juanjo|atk|1\n|-unboost|p2b: Leo :3|atk|1\n|switch|p2b: Antonio|Sinistcha-Masterpiece, L50|100/100\n|-heal|p2a: Juanjo|56/100|[from] ability: Hospitality|[of] p2b: Antonio\n|move|p2a: Juanjo|Heat Wave|p1b: Floette|[spread] p1a,p1b\n|-resisted|p1a: Incineroar|1\n|-damage|p1a: Incineroar|0 fnt\n|-damage|p1b: Floette|26/100\n|faint|p1a: Incineroar\n|move|p1b: Floette|Draining Kiss|p2b: Antonio\n|-damage|p2b: Antonio|47/100\n|-heal|p1b: Floette|71/100|[from] drain|[of] p2b: Antonio\n|\n|upkeep\n|\n|t:|1788296749\n|switch|p1a: Sneasler|Sneasler, L50, M|55/100\n|turn|9\n|\n|t:|1788296760\n|switch|p1a: Sinistcha|Sinistcha, L50|100/100\n|-heal|p1b: Floette|95/100|[from] ability: Hospitality|[of] p1a: Sinistcha\n|switch|p2b: GorditaCulona|Primarina, L50, M|18/100\n|move|p2a: Juanjo|Protect|p2a: Juanjo\n|-singleturn|p2a: Juanjo|Protect\n|move|p1b: Floette|Dazzling Gleam|p2b: GorditaCulona|[spread] p2b\n|-activate|p2a: Juanjo|move: Protect\n|-damage|p2b: GorditaCulona|0 fnt\n|faint|p2b: GorditaCulona\n|\n|upkeep\n|\n|t:|1788296778\n|switch|p2b: Leo :3|Incineroar, L50, M|61/100\n|-ability|p2b: Leo :3|Intimidate|boost\n|-unboost|p1a: Sinistcha|atk|1\n|-unboost|p1b: Floette|atk|1\n|turn|10\n|\n|t:|1788296792\n|move|p2a: Juanjo|Heat Wave|p1a: Sinistcha|[spread] p1a,p1b\n|-supereffective|p1a: Sinistcha|1\n|-damage|p1a: Sinistcha|0 fnt\n|-damage|p1b: Floette|57/100\n|faint|p1a: Sinistcha\n|move|p1b: Floette|Dazzling Gleam|p2a: Juanjo|[spread] p2a,p2b\n|-resisted|p2a: Juanjo|1\n|-damage|p2a: Juanjo|28/100\n|-damage|p2b: Leo :3|0 fnt\n|faint|p2b: Leo :3\n|\n|upkeep\n|\n|t:|1788296802\n|switch|p2b: Antonio|Sinistcha-Masterpiece, L50|47/100\n|switch|p1a: Sneasler|Sneasler, L50, M|55/100\n|-heal|p2a: Juanjo|53/100|[from] ability: Hospitality|[of] p2b: Antonio\n|turn|11\n|\n|t:|1788296822\n|move|p2a: Juanjo|Protect|p2a: Juanjo\n|-singleturn|p2a: Juanjo|Protect\n|move|p2b: Antonio|Protect|p2b: Antonio\n|-singleturn|p2b: Antonio|Protect\n|move|p1a: Sneasler|Fake Out|p2a: Juanjo\n|-activate|p2a: Juanjo|move: Protect\n|move|p1b: Floette|Calm Mind|p1b: Floette\n|-boost|p1b: Floette|spa|1\n|-boost|p1b: Floette|spd|1\n|\n|upkeep\n|turn|12\n|inactive|Crotolamo67 has 30 seconds left.\n|inactive|Crotolamo67 has 20 seconds left.\n|\n|t:|1788296859\n|move|p2b: Antonio|Protect||[still]\n|-fail|p2b: Antonio\n|move|p2a: Juanjo|Heat Wave|p1a: Sneasler|[spread] p1a,p1b\n|-damage|p1a: Sneasler|0 fnt\n|-damage|p1b: Floette|27/100\n|faint|p1a: Sneasler\n|move|p1b: Floette|Draining Kiss|p2b: Antonio\n|-damage|p2b: Antonio|0 fnt\n|-heal|p1b: Floette|67/100|[from] drain|[of] p2b: Antonio\n|faint|p2b: Antonio\n|\n|upkeep\n|turn|13\n|inactive|Crotolamo67 has 30 seconds left.\n|inactive|Crotolamo67 has 20 seconds left.\n|inactive|Crotolamo67 has 15 seconds left.\n|inactive|Crotolamo67 has 10 seconds left.\n|inactive|Crotolamo67 has 5 seconds left.\n|\n|t:|1788296912\n|move|p2a: Juanjo|Heat Wave|p1b: Floette\n|-damage|p1b: Floette|23/100\n|move|p1b: Floette|Draining Kiss|p2a: Juanjo\n|-resisted|p2a: Juanjo|1\n|-damage|p2a: Juanjo|21/100\n|-heal|p1b: Floette|48/100|[from] drain|[of] p2a: Juanjo\n|\n|upkeep\n|turn|14\n|\n|t:|1788296934\n|move|p2a: Juanjo|Heat Wave|p1b: Floette\n|-damage|p1b: Floette|10/100\n|-status|p1b: Floette|brn\n|move|p1b: Floette|Dazzling Gleam|p2a: Juanjo\n|-resisted|p2a: Juanjo|1\n|-damage|p2a: Juanjo|0 fnt\n|faint|p2a: Juanjo\n|\n|win|borntobethegoat\n","uploadtime":1788296470,"views":"0","formatid":"gen9championsvgc2026regmbbo3","rating":null,"private":0,"password":null}