{"id":"gen9championsvgc2026regmb-2674738704","format":"[Gen 9 Champions] VGC 2026 Reg M-B","players":["rocci","shabam44"],"log":"|j|☆rocci\n|j|☆shabam44\n|html|<table width=\"100%\"><tr><td align=\"left\">rocci</td><td align=\"right\">shabam44</tr><tr><td align=\"left\"><i class=\"fa fa-circle-o\"></i> <i class=\"fa fa-circle-o\"></i> </td><td align=\"right\"><i class=\"fa fa-circle-o\"></i> <i class=\"fa fa-circle-o\"></i> </tr></table>\n|uhtml|bestof|<h2><strong>Game 1</strong> of <a href=\"/game-bestof3-gen9championsvgc2026regmb-2674738703\">a best-of-3</a></h2>\n|t:|1788398547\n|gametype|doubles\n|player|p1|rocci|beauty-gen4dp|\n|player|p2|shabam44|169|\n|gen|9\n|tier|[Gen 9 Champions] VGC 2026 Reg M-B\n|rule|Species Clause: Limit one of each Pokémon\n|rule|Item Clause: Limit 1 of each item\n|raw|<div class=\"infobox\"><details class=\"readmore\" open><summary><strong>1 custom rule:</strong></summary> Best of = 3</details></div>\n|clearpoke\n|poke|p1|Pelipper, L50, F|\n|poke|p1|Victreebel, L50, M|\n|poke|p1|Zoroark, L50, F|\n|poke|p1|Slowbro, L50, M|\n|poke|p1|Sableye, L50, M|\n|poke|p1|Vivillon, L50, M|\n|poke|p2|Overqwil, L50, M|\n|poke|p2|Feraligatr, L50, M|\n|poke|p2|Sinistcha, L50|\n|poke|p2|Kingambit, L50, F|\n|poke|p2|Delphox, L50, F|\n|poke|p2|Rotom-Wash, L50|\n|teampreview|4\nshabam44 rejected open team sheets.\n|\n|t:|1788398620\n|teamsize|p1|4\n|teamsize|p2|4\n|start\n|switch|p1a: Vivillon|Vivillon, L50, M|100/100\n|switch|p1b: Slowbro|Slowbro, L50, M|100/100\n|switch|p2a: SharkTale|Rotom-Wash, L50|100/100\n|switch|p2b: InstaQwil|Overqwil, L50, M|100/100\n|-ability|p2b: InstaQwil|Intimidate|boost\n|-unboost|p1a: Vivillon|atk|1\n|-unboost|p1b: Slowbro|atk|1\n|turn|1\n|\n|t:|1788398636\n|move|p1b: Slowbro|Protect|p1b: Slowbro\n|-singleturn|p1b: Slowbro|Protect\n|move|p1a: Vivillon|Struggle Bug|p2a: SharkTale|[spread] p2a,p2b\n|-damage|p2a: SharkTale|88/100\n|-damage|p2b: InstaQwil|85/100\n|-unboost|p2a: SharkTale|spa|1\n|-unboost|p2b: InstaQwil|spa|1\n|move|p2b: InstaQwil|Crunch|p1b: Slowbro\n|-activate|p1b: Slowbro|move: Protect\n|move|p2a: SharkTale|Discharge|p1a: Vivillon|[spread] p2b,p1a\n|-activate|p1b: Slowbro|move: Protect\n|-supereffective|p1a: Vivillon|1\n|-damage|p2b: InstaQwil|72/100\n|-damage|p1a: Vivillon|45/100\n|-status|p1a: Vivillon|par\n|\n|upkeep\n|turn|2\n|\n|t:|1788398684\n|move|p1b: Slowbro|Knock Off|p2a: SharkTale\n|-damage|p2a: SharkTale|38/100\n|-enditem|p2a: SharkTale|Sitrus Berry|[from] move: Knock Off|[of] p1b: Slowbro\n|-damage|p1b: Slowbro|90/100|[from] item: Life Orb\n|move|p2b: InstaQwil|Crunch|p1b: Slowbro\n|-resisted|p1b: Slowbro|1\n|-damage|p1b: Slowbro|57/100\n|replace|p1b: Zoroark|Zoroark, L50, F\n|-end|p1b: Zoroark|Illusion\n|-damage|p2b: InstaQwil|63/100|[from] item: Life Orb\n|move|p2a: SharkTale|Discharge|p1a: Vivillon|[spread] p2b,p1a,p1b\n|-supereffective|p1a: Vivillon|1\n|-damage|p2b: InstaQwil|50/100y\n|-damage|p1a: Vivillon|0 fnt\n|-damage|p1b: Zoroark|35/100\n|faint|p1a: Vivillon\n|\n|upkeep\n|\n|t:|1788398703\n|switch|p1a: Pelipper|Pelipper, L50, F|100/100\n|-weather|RainDance|[from] ability: Drizzle|[of] p1a: Pelipper\n|turn|3\n|\n|t:|1788398751\n|move|p1b: Zoroark|Protect|p1b: Zoroark\n|-singleturn|p1b: Zoroark|Protect\n|move|p2b: InstaQwil|Self-Destruct|p1a: Pelipper|[spread] p2a,p1a\n|-activate|p1b: Zoroark|move: Protect\n|-damage|p2a: SharkTale|0 fnt\n|-damage|p1a: Pelipper|58/100\n|faint|p2b: InstaQwil\n|faint|p2a: SharkTale\n|move|p1a: Pelipper|Muddy Water|p2: SharkTale|[notarget]\n|-fail|p1a: Pelipper\n|\n|-weather|RainDance|[upkeep]\n|upkeep\n|\n|t:|1788398755\n|switch|p2b: Feraligatr|Feraligatr, L50, M|100/100\n|switch|p2a: LickDaBowl|Sinistcha, L50|100/100\n|turn|4\n|\n|t:|1788398788\n|detailschange|p2b: Feraligatr|Feraligatr-Mega, L50, M\n|-mega|p2b: Feraligatr|Feraligatr|Feraligite\n|move|p2a: LickDaBowl|Protect|p2a: LickDaBowl\n|-singleturn|p2a: LickDaBowl|Protect\n|move|p1b: Zoroark|Knock Off|p2a: LickDaBowl\n|-activate|p2a: LickDaBowl|move: Protect\n|move|p2b: Feraligatr|Dragon Dance|p2b: Feraligatr\n|-boost|p2b: Feraligatr|atk|1\n|-boost|p2b: Feraligatr|spe|1\n|move|p1a: Pelipper|Tailwind|p1a: Pelipper\n|-sidestart|p1: rocci|move: Tailwind\n|\n|-weather|RainDance|[upkeep]\n|upkeep\n|turn|5\n|\n|t:|1788398836\n|move|p1b: Zoroark|Knock Off|p2a: LickDaBowl\n|-supereffective|p2a: LickDaBowl|1\n|-damage|p2a: LickDaBowl|24/100\n|-enditem|p2a: LickDaBowl|Leftovers|[from] move: Knock Off|[of] p1b: Zoroark\n|-damage|p1b: Zoroark|25/100|[from] item: Life Orb\n|move|p2b: Feraligatr|Crunch|p1a: Pelipper\n|-damage|p1a: Pelipper|17/100\n|-enditem|p1a: Pelipper|Sitrus Berry|[eat]\n|-heal|p1a: Pelipper|41/100|[from] item: Sitrus Berry\n|move|p1a: Pelipper|Hurricane|p2a: LickDaBowl\n|-supereffective|p2a: LickDaBowl|1\n|-damage|p2a: LickDaBowl|0 fnt\n|faint|p2a: LickDaBowl\n|\n|-weather|RainDance|[upkeep]\n|upkeep\n|turn|6\n|\n|t:|1788398867\n|move|p1b: Zoroark|Sucker Punch|p2b: Feraligatr\n|-damage|p2b: Feraligatr|68/100\n|-damage|p1b: Zoroark|16/100|[from] item: Life Orb\n|move|p2b: Feraligatr|Liquidation|p1b: Zoroark\n|-damage|p1b: Zoroark|0 fnt\n|faint|p1b: Zoroark\n|move|p1a: Pelipper|Hurricane|p2b: Feraligatr\n|-damage|p2b: Feraligatr|21/100\n|-start|p2b: Feraligatr|confusion\n|\n|-weather|RainDance|[upkeep]\n|upkeep\n|\n|t:|1788398873\n|switch|p1b: Slowbro|Slowbro, L50, M|100/100\n|turn|7\n|\n|t:|1788398927\n|detailschange|p1b: Slowbro|Slowbro-Mega, L50, M\n|-mega|p1b: Slowbro|Slowbro|Slowbronite\n|-activate|p2b: Feraligatr|confusion\n|move|p2b: Feraligatr|Double-Edge|p1a: Pelipper\n|-damage|p1a: Pelipper|0 fnt\n|faint|p1a: Pelipper\n|-damage|p2b: Feraligatr|6/100|[from] Recoil\n|move|p1b: Slowbro|Body Press|p2b: Feraligatr\n|-damage|p2b: Feraligatr|0 fnt\n|faint|p2b: Feraligatr\n|\n|win|rocci\n||shabam44 is ready for game 2.\n|inactive|rocci has 30 seconds to confirm battle start!\n|c|☆rocci|gg\n|l|☆rocci\n|player|p1|\n||rocci is ready for game 2.\n|uhtml|next|Next: <a href=\"/battle-gen9championsvgc2026regmb-2674741234\"><strong>Game 2 of 3</strong></a>\n|l|☆shabam44\n|player|p2|\n|j|☆rocci\n|player|p1|rocci|beauty-gen4dp|\n","uploadtime":1788398937,"views":"20","formatid":"gen9championsvgc2026regmb","rating":null,"private":0,"password":null}