{"id":"gen9championsvgc2026regmb-2674607997","format":"[Gen 9 Champions] VGC 2026 Reg M-B","players":["supergrokmax999","bruhdnigerian"],"log":"|j|☆supergrokmax999\n|j|☆bruhdnigerian\n|t:|1788379678\n|gametype|doubles\n|player|p1|supergrokmax999|170|1196\n|player|p2|bruhdnigerian|lance|1227\n|gen|9\n|tier|[Gen 9 Champions] VGC 2026 Reg M-B\n|rated|\n|rule|Species Clause: Limit one of each Pokémon\n|rule|Item Clause: Limit 1 of each item\n|clearpoke\n|poke|p1|Milotic, L50, F|\n|poke|p1|Staraptor, L50, F|\n|poke|p1|Excadrill, L50, M|\n|poke|p1|Gholdengo, L50|\n|poke|p1|Sinistcha, L50|\n|poke|p1|Tyranitar, L50, M|\n|poke|p2|Pangoro, L50, M|\n|poke|p2|Chandelure, L50, F|\n|poke|p2|Spiritomb, L50, F|\n|poke|p2|Gliscor, L50, M|\n|poke|p2|Farigiraf, L50, M|\n|poke|p2|Glimmora, L50, M|\n|teampreview|4\n|inactive|Battle timer is ON: inactive players will automatically lose when time's up. (requested by bruhdnigerian)\n|inactive|supergrokmax999 also wants the timer to be on.\nsupergrokmax999 has agreed to open team sheets.\n|inactive|bruhdnigerian has 60 seconds left.\n|\n|t:|1788379723\n|teamsize|p1|4\n|teamsize|p2|4\n|start\n|switch|p1a: Staraptor|Staraptor, L50, F|100/100\n|switch|p1b: Tyranitar|Tyranitar, L50, M|100/100\n|switch|p2a: Farigiraf|Farigiraf, L50, M|100/100\n|switch|p2b: Spiritomb|Spiritomb, L50, F|100/100\n|-ability|p1a: Staraptor|Intimidate|boost\n|-unboost|p2a: Farigiraf|atk|1\n|-unboost|p2b: Spiritomb|atk|1\n|-weather|Sandstorm|[from] ability: Sand Stream|[of] p1b: Tyranitar\n|turn|1\n|\n|t:|1788379739\n|detailschange|p1a: Staraptor|Staraptor-Mega, L50, F\n|-mega|p1a: Staraptor|Staraptor|Staraptite\n|move|p1a: Staraptor|Tailwind|p1a: Staraptor\n|-sidestart|p1: supergrokmax999|move: Tailwind\n|move|p1b: Tyranitar|Rock Slide|p2b: Spiritomb|[spread] p2a\n|-miss|p1b: Tyranitar|p2b: Spiritomb\n|-crit|p2a: Farigiraf\n|-damage|p2a: Farigiraf|51/100\n|move|p2a: Farigiraf|Psychic Noise|p1a: Staraptor\n|-supereffective|p1a: Staraptor|1\n|-damage|p1a: Staraptor|7/100\n|-start|p1a: Staraptor|move: Heal Block\n|move|p2b: Spiritomb|Will-O-Wisp|p1a: Staraptor\n|-status|p1a: Staraptor|brn\n|\n|-weather|Sandstorm|[upkeep]\n|-damage|p1a: Staraptor|1/100 brn|[from] Sandstorm\n|-damage|p2a: Farigiraf|45/100|[from] Sandstorm\n|-damage|p2b: Spiritomb|94/100|[from] Sandstorm\n|-damage|p1a: Staraptor|0 fnt|[from] brn\n|faint|p1a: Staraptor\n|upkeep\n|\n|t:|1788379739\n|switch|p1a: Milotic|Milotic, L50, F|100/100\n|turn|2\n|\n|t:|1788379764\n|move|p1b: Tyranitar|Knock Off|p2b: Spiritomb\n|-damage|p2b: Spiritomb|34/100\n|-enditem|p2b: Spiritomb|Mental Herb|[from] move: Knock Off|[of] p1b: Tyranitar\n|move|p1a: Milotic|Scald|p2a: Farigiraf\n|-damage|p2a: Farigiraf|13/100\n|-status|p2a: Farigiraf|brn\n|move|p2a: Farigiraf|Psychic Noise|p1a: Milotic\n|-damage|p1a: Milotic|72/100\n|-start|p1a: Milotic|move: Heal Block\n|move|p2b: Spiritomb|Trick Room|p2b: Spiritomb\n|-fieldstart|move: Trick Room|[of] p2b: Spiritomb\n|\n|-weather|Sandstorm|[upkeep]\n|-damage|p2b: Spiritomb|28/100|[from] Sandstorm\n|-damage|p2a: Farigiraf|7/100 brn|[from] Sandstorm\n|-damage|p1a: Milotic|66/100|[from] Sandstorm\n|-damage|p2a: Farigiraf|1/100 brn|[from] brn\n|upkeep\n|turn|3\n|\n|t:|1788379778\n|move|p2b: Spiritomb|Will-O-Wisp|p1b: Tyranitar\n|-status|p1b: Tyranitar|brn\n|move|p2a: Farigiraf|Thunderbolt|p1a: Milotic\n|-supereffective|p1a: Milotic|1\n|-crit|p1a: Milotic\n|-damage|p1a: Milotic|3/100\n|move|p1a: Milotic|Scald|p2b: Spiritomb\n|-damage|p2b: Spiritomb|7/100\n|move|p1b: Tyranitar|Rock Slide|p2a: Farigiraf|[spread] p2a,p2b\n|-damage|p2a: Farigiraf|0 fnt\n|-damage|p2b: Spiritomb|0 fnt\n|faint|p2a: Farigiraf\n|faint|p2b: Spiritomb\n|\n|-weather|Sandstorm|[upkeep]\n|-damage|p1a: Milotic|0 fnt|[from] Sandstorm\n|faint|p1a: Milotic\n|-damage|p1b: Tyranitar|93/100 brn|[from] brn\n|upkeep\n|\n|t:|1788379785\n|switch|p2b: Chandelure|Chandelure, L50, F|100/100\n|switch|p2a: Pangoro|Pangoro, L50, M|100/100\n|switch|p1a: Excadrill|Excadrill, L50, M|100/100\n|turn|4\n|\n|t:|1788379804\n|detailschange|p2b: Chandelure|Chandelure-Mega, L50, F\n|-mega|p2b: Chandelure|Chandelure|Chandelurite\n|move|p2a: Pangoro|Storm Throw|p1a: Excadrill\n|-supereffective|p1a: Excadrill|1\n|-crit|p1a: Excadrill\n|-enditem|p1a: Excadrill|Focus Sash\n|-damage|p1a: Excadrill|1/100\n|move|p2b: Chandelure|Energy Ball|p1a: Excadrill\n|-damage|p1a: Excadrill|0 fnt\n|faint|p1a: Excadrill\n|move|p1b: Tyranitar|Rock Slide|p2a: Pangoro|[spread] p2b\n|-miss|p1b: Tyranitar|p2a: Pangoro\n|-supereffective|p2b: Chandelure|1\n|-damage|p2b: Chandelure|65/100\n|\n|-weather|Sandstorm|[upkeep]\n|-damage|p2a: Pangoro|94/100|[from] Sandstorm\n|-damage|p2b: Chandelure|59/100|[from] Sandstorm\n|-damage|p1b: Tyranitar|87/100 brn|[from] brn\n|-sideend|p1: supergrokmax999|move: Tailwind\n|upkeep\n|turn|5\n|\n|t:|1788379812\n|move|p2a: Pangoro|Storm Throw|p1b: Tyranitar\n|-supereffective|p1b: Tyranitar|2\n|-crit|p1b: Tyranitar\n|-damage|p1b: Tyranitar|0 fnt\n|faint|p1b: Tyranitar\n|\n|win|bruhdnigerian\n|raw|supergrokmax999's rating: 1196 &rarr; <strong>1173</strong><br />(-23 for losing)\n|raw|bruhdnigerian's rating: 1227 &rarr; <strong>1250</strong><br />(+23 for winning)\n|l|☆supergrokmax999\n|player|p1|\n","uploadtime":1788379819,"views":"1","formatid":"gen9championsvgc2026regmb","rating":1173,"private":0,"password":null}