{"id":"gen9championsvgc2026regmbbo3-2674363234","format":"[Gen 9 Champions] VGC 2026 Reg M-B (Bo3)","players":["Chavo666","DINOLONK"],"log":"|j|☆Chavo666\n|j|☆DINOLONK\n|html|<table width=\"100%\"><tr><td align=\"left\">Chavo666</td><td align=\"right\">DINOLONK</tr><tr><td align=\"left\"><i class=\"fa fa-circle-o\"></i> <i class=\"fa fa-circle-o\"></i> </td><td align=\"right\"><i class=\"fa fa-circle-o\"></i> <i class=\"fa fa-circle\"></i> </tr></table>\n|uhtml|bestof|<h2><strong>Game 2</strong> of <a href=\"/game-bestof3-gen9championsvgc2026regmbbo3-2674362395\">a best-of-3</a></h2>\n|t:|1788349190\n|gametype|doubles\n|player|p1|Chavo666|steven|1204\n|player|p2|DINOLONK|parasollady-gen4|1306\n|gen|9\n|tier|[Gen 9 Champions] VGC 2026 Reg M-B (Bo3)\n|rated|\n|rule|Species Clause: Limit one of each Pokémon\n|rule|Item Clause: Limit 1 of each item\n|clearpoke\n|poke|p1|Sinistcha-Masterpiece, L50|\n|poke|p1|Incineroar, L50, M|\n|poke|p1|Glimmora, L50, M|\n|poke|p1|Ceruledge, L50, F|\n|poke|p1|Mamoswine, L50, F|\n|poke|p1|Feraligatr, L50, F|\n|poke|p2|Dragonite, L50, M|\n|poke|p2|Sneasler, L50, M|\n|poke|p2|Kingambit, L50, F|\n|poke|p2|Basculegion, L50, M|\n|poke|p2|Whimsicott, L50, M|\n|poke|p2|Floette-Eternal, L50, F|\n|teampreview|4\n|showteam|p1|Sinistcha-Masterpiece||Leftovers|Hospitality|MatchaGotcha,TrickRoom,RagePowder,ShadowBall|Calm|||||50|]Incineroar||ChopleBerry|Intimidate|FakeOut,PartingShot,HelpingHand,DarkestLariat|Impish||M|||50|]Glimmora||Glimmoranite|ToxicDebris|SludgeBomb,SpikyShield,PowerGem,EarthPower|Timid||M|||50|]Ceruledge||ColburBerry|FlashFire|BitterBlade,BulkUp,Protect,ShadowSneak|Adamant||F|||50|]Mamoswine||FocusSash|Oblivious|Earthquake,KnockOff,IceShard,Protect|Adamant||F|||50|]Feraligatr||Feraligite|Torrent|SwordsDance,DoubleEdge,Protect,AquaJet|Adamant||F|||50|\n|showteam|p2|Dragonite||Dragoninite|InnerFocus|DragonPulse,HeatWave,Thunderbolt,Protect|Modest||M|||50|]Sneasler||WhiteHerb|Unburden|DireClaw,CloseCombat,RockSlide,FakeOut|Jolly||M|||50|]Kingambit||ChopleBerry|Defiant|KowtowCleave,SuckerPunch,LowKick,IronHead|Adamant||F|||50|]Basculegion||LifeOrb|Adaptability|WaveCrash,LastRespects,AquaJet,Protect|Adamant||M|||50|]Whimsicott||FocusSash|Prankster|Moonblast,Tailwind,Encore,Protect|Timid||M|||50|]Floette-Eternal||Floettite|FlowerVeil|Moonblast,DazzlingGleam,LightofRuin,Protect|Timid||F|||50|\n|inactive|Battle timer is ON: inactive players will automatically lose when time's up. (requested by DINOLONK)\n|\n|t:|1788349207\n|teamsize|p1|4\n|teamsize|p2|4\n|start\n|switch|p1a: Ceruledge|Ceruledge, L50, F|100/100\n|switch|p1b: Sinistcha|Sinistcha-Masterpiece, L50|100/100\n|switch|p2a: Basculegion|Basculegion, L50, M|100/100\n|switch|p2b: Whimsicott|Whimsicott, L50, M|100/100\n|turn|1\n|inactive|DINOLONK has 30 seconds left.\n|\n|t:|1788349241\n|move|p2a: Basculegion|Protect|p2a: Basculegion\n|-singleturn|p2a: Basculegion|Protect\n|move|p1a: Ceruledge|Protect|p1a: Ceruledge\n|-singleturn|p1a: Ceruledge|Protect\n|move|p2b: Whimsicott|Tailwind|p2b: Whimsicott\n|-sidestart|p2: DINOLONK|move: Tailwind\n|move|p1b: Sinistcha|Trick Room|p1b: Sinistcha\n|-fieldstart|move: Trick Room|[of] p1b: Sinistcha\n|\n|upkeep\n|turn|2\n|\n|t:|1788349253\n|switch|p1b: Mamoswine|Mamoswine, L50, F|100/100\n|switch|p2a: Kingambit|Kingambit, L50, F|100/100\n|move|p1a: Ceruledge|Shadow Sneak|p2a: Kingambit\n|-resisted|p2a: Kingambit|1\n|-damage|p2a: Kingambit|91/100\n|move|p2b: Whimsicott|Encore|p1a: Ceruledge\n|-start|p1a: Ceruledge|Encore\n|\n|upkeep\n|turn|3\n|\n|t:|1788349273\n|switch|p1a: Sinistcha|Sinistcha-Masterpiece, L50|100/100\n|move|p1b: Mamoswine|Earthquake|p2a: Kingambit|[spread] p1a,p2a,p2b\n|-resisted|p1a: Sinistcha|1\n|-supereffective|p2a: Kingambit|1\n|-resisted|p2b: Whimsicott|1\n|-damage|p1a: Sinistcha|79/100\n|-damage|p2a: Kingambit|23/100\n|-damage|p2b: Whimsicott|67/100\n|move|p2a: Kingambit|Iron Head|p1b: Mamoswine\n|-supereffective|p1b: Mamoswine|1\n|-crit|p1b: Mamoswine\n|-enditem|p1b: Mamoswine|Focus Sash\n|-damage|p1b: Mamoswine|1/100\n|move|p2b: Whimsicott|Moonblast|p1a: Sinistcha\n|-damage|p1a: Sinistcha|47/100\n|\n|-heal|p1a: Sinistcha|53/100|[from] item: Leftovers\n|upkeep\n|turn|4\n|\n|t:|1788349297\n|move|p1a: Sinistcha|Rage Powder|p1a: Sinistcha\n|-singleturn|p1a: Sinistcha|move: Rage Powder\n|move|p1b: Mamoswine|Earthquake|p2a: Kingambit|[spread] p1a,p2a,p2b\n|-resisted|p1a: Sinistcha|1\n|-supereffective|p2a: Kingambit|1\n|-resisted|p2b: Whimsicott|1\n|-damage|p1a: Sinistcha|33/100\n|-damage|p2a: Kingambit|0 fnt\n|-damage|p2b: Whimsicott|32/100\n|faint|p2a: Kingambit\n|move|p2b: Whimsicott|Moonblast|p1b: Mamoswine\n|-damage|p1b: Mamoswine|0 fnt\n|faint|p1b: Mamoswine\n|\n|-heal|p1a: Sinistcha|39/100|[from] item: Leftovers\n|-sideend|p2: DINOLONK|move: Tailwind\n|upkeep\n|\n|t:|1788349306\n|switch|p2a: Basculegion|Basculegion, L50, M|100/100\n|switch|p1b: Ceruledge|Ceruledge, L50, F|100/100\n|turn|5\n|\n|t:|1788349318\n|move|p2a: Basculegion|Protect|p2a: Basculegion\n|-singleturn|p2a: Basculegion|Protect\n|move|p2b: Whimsicott|Tailwind|p2b: Whimsicott\n|-sidestart|p2: DINOLONK|move: Tailwind\n|move|p1a: Sinistcha|Matcha Gotcha|p2a: Basculegion|[spread] \n|-activate|p2a: Basculegion|move: Protect\n|-miss|p1a: Sinistcha|p2b: Whimsicott\n|move|p1b: Ceruledge|Bulk Up|p1b: Ceruledge\n|-boost|p1b: Ceruledge|atk|1\n|-boost|p1b: Ceruledge|def|1\n|\n|-heal|p1a: Sinistcha|46/100|[from] item: Leftovers\n|-fieldend|move: Trick Room\n|upkeep\n|turn|6\n|inactive|DINOLONK has 30 seconds left.\n|\n|t:|1788349349\n|move|p1a: Sinistcha|Rage Powder|p1a: Sinistcha\n|-singleturn|p1a: Sinistcha|move: Rage Powder\n|move|p2b: Whimsicott|Encore|p1b: Ceruledge\n|-start|p1b: Ceruledge|Encore\n|move|p2a: Basculegion|Last Respects|p1a: Sinistcha\n|-supereffective|p1a: Sinistcha|1\n|-damage|p1a: Sinistcha|0 fnt\n|faint|p1a: Sinistcha\n|-damage|p2a: Basculegion|90/100|[from] item: Life Orb\n|move|p1b: Ceruledge|Bulk Up|p1b: Ceruledge\n|-boost|p1b: Ceruledge|atk|1\n|-boost|p1b: Ceruledge|def|1\n|\n|upkeep\n|\n|t:|1788349356\n|switch|p1a: Glimmora|Glimmora, L50, M|100/100\n|turn|7\n|\n|t:|1788349368\n|detailschange|p1a: Glimmora|Glimmora-Mega, L50, M\n|-mega|p1a: Glimmora|Glimmora|Glimmoranite\n|move|p2b: Whimsicott|Moonblast|p1a: Glimmora\n|-resisted|p1a: Glimmora|1\n|-damage|p1a: Glimmora|80/100\n|move|p2a: Basculegion|Wave Crash|p1b: Ceruledge\n|-supereffective|p1b: Ceruledge|1\n|-damage|p1b: Ceruledge|0 fnt\n|faint|p1b: Ceruledge\n|-damage|p2a: Basculegion|59/100|[from] Recoil\n|-damage|p2a: Basculegion|49/100|[from] item: Life Orb\n|move|p1a: Glimmora|Sludge Bomb|p2b: Whimsicott\n|-supereffective|p2b: Whimsicott|2\n|-damage|p2b: Whimsicott|0 fnt\n|faint|p2b: Whimsicott\n|\n|upkeep\n|\n|t:|1788349374\n|switch|p2b: Floette|Floette-Eternal, L50, F|100/100\n|turn|8\n|-message|Chavo666 forfeited.\n|\n|win|DINOLONK\n|raw|Chavo666's rating: 1204 &rarr; <strong>1186</strong><br />(-18 for losing)\n|raw|DINOLONK's rating: 1306 &rarr; <strong>1320</strong><br />(+14 for winning)\n","uploadtime":1788349379,"views":"1","formatid":"gen9championsvgc2026regmbbo3","rating":1186,"private":0,"password":null}