{"id":"gen9championsvgc2026regmb-2674908392","format":"[Gen 9 Champions] VGC 2026 Reg M-B","players":["leah12345","Thornlace48812"],"log":"|j|☆leah12345\n|j|☆Thornlace48812\n|t:|1788433917\n|gametype|doubles\n|player|p1|leah12345|1|1302\n|player|p2|Thornlace48812|102|1213\n|gen|9\n|tier|[Gen 9 Champions] VGC 2026 Reg M-B\n|rated|\n|rule|Species Clause: Limit one of each Pokémon\n|rule|Item Clause: Limit 1 of each item\n|clearpoke\n|poke|p1|Gallade, L50, M|\n|poke|p1|Kingambit, L50, F|\n|poke|p1|Dragonite, L50, M|\n|poke|p1|Sylveon, L50, M|\n|poke|p1|Metagross, L50|\n|poke|p1|Talonflame, L50, F|\n|poke|p2|Garchomp, L50, M|\n|poke|p2|Charizard, L50, F|\n|poke|p2|Whimsicott, L50, M|\n|poke|p2|Sylveon, L50, M|\n|poke|p2|Kingambit, L50, F|\n|poke|p2|Basculegion, L50, M|\n|teampreview|4\n|inactive|Battle timer is ON: inactive players will automatically lose when time's up. (requested by Thornlace48812)\n|inactive|leah12345 also wants the timer to be on.\nThornlace48812 rejected open team sheets.\n|inactive|leah12345 has 60 seconds left.\n|\n|t:|1788433949\n|teamsize|p1|4\n|teamsize|p2|4\n|start\n|switch|p1a: Dragonite|Dragonite, L50, M|100/100\n|switch|p1b: Talonflame|Talonflame, L50, F|100/100\n|switch|p2a: Charizard|Charizard, L50, F|100/100\n|switch|p2b: Garchomp|Garchomp, L50, M|100/100\n|turn|1\n|inactive|leah12345 has 30 seconds left.\n|\n|t:|1788433978\n|switch|p2a: Whimsicott|Whimsicott, L50, M|100/100\n|switch|p1a: Sylveon|Sylveon, L50, M|100/100\n|move|p1b: Talonflame|Tailwind|p1b: Talonflame\n|-sidestart|p1: leah12345|move: Tailwind\n|move|p2b: Garchomp|Dragon Claw|p1a: Sylveon\n|-immune|p1a: Sylveon\n|\n|upkeep\n|turn|2\n|\n|t:|1788433996\n|move|p2a: Whimsicott|Protect|p2a: Whimsicott\n|-singleturn|p2a: Whimsicott|Protect\n|move|p1b: Talonflame|Acrobatics|p2a: Whimsicott\n|-activate|p2a: Whimsicott|move: Protect\n|move|p2b: Garchomp|Earthquake|p1a: Sylveon|[spread] p1a\n|-activate|p2a: Whimsicott|move: Protect\n|-immune|p1b: Talonflame\n|-damage|p1a: Sylveon|32/100\n|-damage|p2b: Garchomp|90/100|[from] item: Life Orb\n|move|p1a: Sylveon|Hyper Voice|p2b: Garchomp|[spread] p2b\n|-activate|p2a: Whimsicott|move: Protect\n|-supereffective|p2b: Garchomp|1\n|-damage|p2b: Garchomp|0 fnt\n|faint|p2b: Garchomp\n|\n|upkeep\n|\n|t:|1788433996\n|switch|p2b: Charizard|Charizard, L50, F|100/100\n|turn|3\n|inactive|leah12345 has 30 seconds left.\n|\n|t:|1788434028\n|detailschange|p2b: Charizard|Charizard-Mega-Y, L50, F\n|-mega|p2b: Charizard|Charizard|Charizardite Y\n|-weather|SunnyDay|[from] ability: Drought|[of] p2b: Charizard\n|move|p1b: Talonflame|Acrobatics|p2a: Whimsicott\n|-supereffective|p2a: Whimsicott|1\n|-enditem|p2a: Whimsicott|Focus Sash\n|-damage|p2a: Whimsicott|1/100\n|move|p2a: Whimsicott|Tailwind|p2a: Whimsicott\n|-sidestart|p2: Thornlace48812|move: Tailwind\n|move|p2b: Charizard|Heat Wave|p1b: Talonflame|[spread] p1a,p1b\n|-resisted|p1b: Talonflame|1\n|-crit|p1b: Talonflame\n|-damage|p1a: Sylveon|0 fnt\n|-damage|p1b: Talonflame|14/100\n|faint|p1a: Sylveon\n|\n|-weather|SunnyDay|[upkeep]\n|upkeep\n|\n|t:|1788434047\n|switch|p1a: Dragonite|Dragonite, L50, M|100/100\n|turn|4\n|\n|t:|1788434062\n|detailschange|p1a: Dragonite|Dragonite-Mega, L50, M\n|-mega|p1a: Dragonite|Dragonite|Dragoninite\n|move|p1b: Talonflame|Protect|p1b: Talonflame\n|-singleturn|p1b: Talonflame|Protect\n|move|p1a: Dragonite|Extreme Speed|p2a: Whimsicott\n|-damage|p2a: Whimsicott|0 fnt\n|faint|p2a: Whimsicott\n|move|p2b: Charizard|Heat Wave|p1b: Talonflame|[spread] p1a\n|-activate|p1b: Talonflame|move: Protect\n|-resisted|p1a: Dragonite|1\n|-damage|p1a: Dragonite|85/100\n|\n|-weather|SunnyDay|[upkeep]\n|-sideend|p1: leah12345|move: Tailwind\n|upkeep\n|\n|t:|1788434062\n|switch|p2a: Basculegion|Basculegion, L50, M|100/100\n|turn|5\n|inactive|leah12345 has 30 seconds left.\n|inactive|leah12345 has 20 seconds left.\n|inactive|leah12345 has 15 seconds left.\n|\n|t:|1788434103\n|move|p2b: Charizard|Heat Wave|p1b: Talonflame|[spread] p1a,p1b\n|-resisted|p1a: Dragonite|1\n|-resisted|p1b: Talonflame|1\n|-damage|p1a: Dragonite|53/100\n|-damage|p1b: Talonflame|0 fnt\n|faint|p1b: Talonflame\n|move|p2a: Basculegion|Last Respects|p1a: Dragonite\n|-damage|p1a: Dragonite|0 fnt\n|faint|p1a: Dragonite\n|\n|-weather|SunnyDay|[upkeep]\n|upkeep\n|\n|t:|1788434111\n|switch|p1b: Kingambit|Kingambit, L50, F|100/100\n|turn|6\n|\n|t:|1788434116\n|move|p1b: Kingambit|Sucker Punch|p2a: Basculegion\n|-supereffective|p2a: Basculegion|1\n|-damage|p2a: Basculegion|7/100\n|move|p2b: Charizard|Heat Wave|p1b: Kingambit\n|-supereffective|p1b: Kingambit|1\n|-enditem|p1b: Kingambit|Focus Sash\n|-damage|p1b: Kingambit|1/100\n|-status|p1b: Kingambit|brn\n|move|p2a: Basculegion|Wave Crash|p1b: Kingambit\n|-damage|p1b: Kingambit|0 fnt\n|faint|p1b: Kingambit\n|-damage|p2a: Basculegion|6/100|[from] Recoil\n|\n|win|Thornlace48812\n|raw|leah12345's rating: 1302 &rarr; <strong>1275</strong><br />(-27 for losing)\n|raw|Thornlace48812's rating: 1179 &rarr; <strong>1212</strong><br />(+33 for winning)\n","uploadtime":1788434117,"views":"4","formatid":"gen9championsvgc2026regmb","rating":1212,"private":0,"password":null}