{"id":"gen9championsvgc2026regmb-2674255984","format":"[Gen 9 Champions] VGC 2026 Reg M-B","players":["Uncleb0nes","Thornlace48812"],"log":"|j|☆Uncleb0nes\n|j|☆Thornlace48812\n|t:|1788324625\n|gametype|doubles\n|player|p1|Uncleb0nes|101|1198\n|player|p2|Thornlace48812|1|1191\n|gen|9\n|tier|[Gen 9 Champions] VGC 2026 Reg M-B\n|rated|\n|rule|Species Clause: Limit one of each Pokémon\n|rule|Item Clause: Limit 1 of each item\n|clearpoke\n|poke|p1|Runerigus, L50, M|\n|poke|p1|Sneasler, L50, M|\n|poke|p1|Metagross, L50|\n|poke|p1|Grimmsnarl, L50, M|\n|poke|p1|Sinistcha, L50|\n|poke|p1|Aerodactyl, L50, M|\n|poke|p2|Garchomp, L50, F|\n|poke|p2|Charizard, L50, F|\n|poke|p2|Whimsicott, L50, F|\n|poke|p2|Sylveon, L50, M|\n|poke|p2|Kingambit, L50, M|\n|poke|p2|Basculegion, L50, M|\n|teampreview|4\n|inactive|Battle timer is ON: inactive players will automatically lose when time's up. (requested by Thornlace48812)\nThornlace48812 rejected open team sheets.\n|inactive|Uncleb0nes has 60 seconds left.\n|\n|t:|1788324663\n|teamsize|p1|4\n|teamsize|p2|4\n|start\n|switch|p1a: Sneasler|Sneasler, L50, M|100/100\n|switch|p1b: Runerigus|Runerigus, L50, M|100/100\n|switch|p2a: Charizard|Charizard, L50, F|100/100\n|switch|p2b: Whimsicott|Whimsicott, L50, F|100/100\n|turn|1\n|inactive|Uncleb0nes has 30 seconds left.\n|inactive|Uncleb0nes has 20 seconds left.\n|\n|t:|1788324702\n|detailschange|p2a: Charizard|Charizard-Mega-Y, L50, F\n|-mega|p2a: Charizard|Charizard|Charizardite Y\n|-weather|SunnyDay|[from] ability: Drought|[of] p2a: Charizard\n|move|p1a: Sneasler|Fake Out|p2b: Whimsicott\n|-damage|p2b: Whimsicott|77/100\n|cant|p2b: Whimsicott|flinch\n|move|p2a: Charizard|Heat Wave|p1b: Runerigus|[spread] p1a,p1b\n|-damage|p1a: Sneasler|9/100\n|-damage|p1b: Runerigus|43/100\n|move|p1b: Runerigus|Power Swap|p2a: Charizard\n|-swapboost|p1b: Runerigus|p2a: Charizard|atk, spa|[from] move: Power Swap\n|\n|-weather|SunnyDay|[upkeep]\n|upkeep\n|turn|2\n|inactive|Uncleb0nes has 30 seconds left.\n|inactive|Uncleb0nes has 20 seconds left.\n|inactive|Uncleb0nes has 15 seconds left.\n|inactive|Uncleb0nes has 10 seconds left.\n|\n|t:|1788324750\n|switch|p1a: Sinistcha|Sinistcha, L50|100/100\n|-heal|p1b: Runerigus|67/100|[from] ability: Hospitality|[of] p1a: Sinistcha\n|move|p2a: Charizard|Protect|p2a: Charizard\n|-singleturn|p2a: Charizard|Protect\n|move|p2b: Whimsicott|Moonblast|p1a: Sinistcha\n|-damage|p1a: Sinistcha|64/100\n|move|p1b: Runerigus|Disable|p2a: Charizard\n|-activate|p2a: Charizard|move: Protect\n|\n|-weather|SunnyDay|[upkeep]\n|-heal|p1a: Sinistcha|70/100|[from] item: Leftovers\n|upkeep\n|turn|3\n|inactive|Uncleb0nes has 30 seconds left.\n|inactive|Uncleb0nes has 20 seconds left.\n|inactive|Uncleb0nes has 15 seconds left.\n|inactive|Uncleb0nes has 10 seconds left.\n|inactive|Uncleb0nes has 5 seconds left.\n|\n|t:|1788324804\n|move|p2b: Whimsicott|Moonblast|p1b: Runerigus\n|-damage|p1b: Runerigus|38/100\n|move|p2a: Charizard|Heat Wave|p1a: Sinistcha|[spread] p1a\n|-miss|p2a: Charizard|p1b: Runerigus\n|-supereffective|p1a: Sinistcha|1\n|-damage|p1a: Sinistcha|0 fnt\n|faint|p1a: Sinistcha\n|move|p1b: Runerigus|Disable|p2b: Whimsicott\n|-start|p2b: Whimsicott|Disable|Moonblast\n|\n|-weather|SunnyDay|[upkeep]\n|upkeep\n|\n|t:|1788324822\n|switch|p1a: Metagross|Metagross, L50|100/100\n|turn|4\n|\n|t:|1788324836\n|switch|p1b: Sneasler|Sneasler, L50, M|9/100\n|detailschange|p1a: Metagross|Metagross-Mega, L50\n|-mega|p1a: Metagross|Metagross|Metagrossite\n|move|p2b: Whimsicott|Protect|p2b: Whimsicott\n|-singleturn|p2b: Whimsicott|Protect\n|move|p2a: Charizard|Protect|p2a: Charizard\n|-singleturn|p2a: Charizard|Protect\n|move|p1a: Metagross|Rock Slide|p2a: Charizard|[spread] \n|-activate|p2a: Charizard|move: Protect\n|-activate|p2b: Whimsicott|move: Protect\n|\n|-weather|SunnyDay|[upkeep]\n|upkeep\n|turn|5\n|inactive|Uncleb0nes has 30 seconds left.\n|inactive|Uncleb0nes has 20 seconds left.\n|\n|t:|1788324876\n|move|p2a: Charizard|Protect||[still]\n|-fail|p2a: Charizard\n|move|p1b: Sneasler|Fake Out|p2b: Whimsicott\n|-damage|p2b: Whimsicott|54/100\n|cant|p2b: Whimsicott|flinch\n|move|p1a: Metagross|Rock Slide|p2a: Charizard|[spread] p2a,p2b\n|-supereffective|p2a: Charizard|2\n|-damage|p2a: Charizard|1/100\n|-damage|p2b: Whimsicott|24/100\n|\n|-weather|none\n|upkeep\n|turn|6\n|\n|t:|1788324897\n|move|p2a: Charizard|Protect|p2a: Charizard\n|-singleturn|p2a: Charizard|Protect\n|move|p2b: Whimsicott|Tailwind|p2b: Whimsicott\n|-sidestart|p2: Thornlace48812|move: Tailwind\n|move|p1a: Metagross|Bullet Punch|p2a: Charizard\n|-activate|p2a: Charizard|move: Protect\n|move|p1b: Sneasler|Dire Claw|p2b: Whimsicott\n|-supereffective|p2b: Whimsicott|2\n|-damage|p2b: Whimsicott|0 fnt\n|faint|p2b: Whimsicott\n|\n|upkeep\n|\n|t:|1788324897\n|switch|p2b: Kingambit|Kingambit, L50, M|100/100\n|-activate|p2b: Kingambit|ability: Supreme Overlord\n|-start|p2b: Kingambit|fallen1|[silent]\n|turn|7\n|\n|t:|1788324917\n|switch|p1b: Runerigus|Runerigus, L50, M|38/100\n|move|p1a: Metagross|Protect|p1a: Metagross\n|-singleturn|p1a: Metagross|Protect\n|move|p2a: Charizard|Heat Wave|p1b: Runerigus|[spread] p1b\n|-activate|p1a: Metagross|move: Protect\n|-damage|p1b: Runerigus|0 fnt\n|faint|p1b: Runerigus\n|move|p2b: Kingambit|Iron Head|p1a: Metagross\n|-activate|p1a: Metagross|move: Protect\n|\n|upkeep\n|\n|t:|1788324930\n|switch|p1b: Sneasler|Sneasler, L50, M|9/100\n|turn|8\n|inactive|Uncleb0nes has 30 seconds left.\n|\n|t:|1788324962\n|move|p1b: Sneasler|Fake Out|p2b: Kingambit\n|-resisted|p2b: Kingambit|1\n|-damage|p2b: Kingambit|93/100\n|move|p1a: Metagross|Bullet Punch|p2a: Charizard\n|-resisted|p2a: Charizard|1\n|-damage|p2a: Charizard|0 fnt\n|faint|p2a: Charizard\n|cant|p2b: Kingambit|flinch\n|\n|upkeep\n|\n|t:|1788324963\n|switch|p2a: Basculegion|Basculegion, L50, M|100/100\n|turn|9\n|inactive|Uncleb0nes has 30 seconds left.\n|\n|t:|1788324996\n|move|p1a: Metagross|Protect|p1a: Metagross\n|-singleturn|p1a: Metagross|Protect\n|move|p2a: Basculegion|Wave Crash|p1b: Sneasler\n|-damage|p1b: Sneasler|0 fnt\n|faint|p1b: Sneasler\n|-damage|p2a: Basculegion|97/100|[from] Recoil\n|move|p2b: Kingambit|Kowtow Cleave|p1a: Metagross\n|-activate|p1a: Metagross|move: Protect\n|\n|-sideend|p2: Thornlace48812|move: Tailwind\n|upkeep\n|turn|10\n|\n|t:|1788325016\n|move|p1a: Metagross|Rock Slide|p2a: Basculegion|[spread] p2a,p2b\n|-resisted|p2b: Kingambit|1\n|-damage|p2a: Basculegion|71/100\n|-damage|p2b: Kingambit|83/100\n|move|p2a: Basculegion|Wave Crash|p1a: Metagross\n|-damage|p1a: Metagross|13/100\n|-damage|p2a: Basculegion|49/100|[from] Recoil\n|move|p2b: Kingambit|Iron Head|p1a: Metagross\n|-resisted|p1a: Metagross|1\n|-damage|p1a: Metagross|0 fnt\n|faint|p1a: Metagross\n|\n|win|Thornlace48812\n|raw|Uncleb0nes's rating: 1198 &rarr; <strong>1166</strong><br />(-32 for losing)\n|raw|Thornlace48812's rating: 1104 &rarr; <strong>1136</strong><br />(+32 for winning)\n","uploadtime":1788325016,"views":"4","formatid":"gen9championsvgc2026regmb","rating":1136,"private":0,"password":null}