{"id":"gen9championsvgc2026regmb-2674006694","format":"[Gen 9 Champions] VGC 2026 Reg M-B","players":["Sportium WEB","cinarguncavdi2231"],"log":"|j|☆Sportium WEB\n|j|‽cinarguncavdi2231\n|t:|1788287431\n|gametype|doubles\n|player|p1|Sportium WEB|gentleman-gen4dp|1465\n|player|p2|cinarguncavdi2231|101|1558\n|gen|9\n|tier|[Gen 9 Champions] VGC 2026 Reg M-B\n|rated|\n|rule|Species Clause: Limit one of each Pokémon\n|rule|Item Clause: Limit 1 of each item\n|clearpoke\n|poke|p1|Whimsicott, L50, F|\n|poke|p1|Corviknight, L50, M|\n|poke|p1|Tyranitar, L50, M|\n|poke|p1|Gholdengo, L50|\n|poke|p1|Garchomp, L50, M|\n|poke|p1|Charizard, L50, F|\n|poke|p2|Raichu, L50, M|\n|poke|p2|Scolipede, L50, M|\n|poke|p2|Ceruledge, L50, M|\n|poke|p2|Weavile, L50, M|\n|poke|p2|Milotic, L50, M|\n|poke|p2|Sinistcha, L50|\n|teampreview|4\n|inactive|Battle timer is ON: inactive players will automatically lose when time's up. (requested by cinarguncavdi2231)\n|inactive|Sportium WEB has 60 seconds left.\n|\n|t:|1788287470\n|teamsize|p1|4\n|teamsize|p2|4\n|start\n|switch|p1a: Garchomp|Garchomp, L50, M|100/100\n|switch|p1b: Whimsicott|Whimsicott, L50, F|100/100\n|switch|p2a: Raichu|Raichu, L50, M|100/100\n|switch|p2b: Weavile|Weavile, L50, M|100/100\n|turn|1\n|\n|t:|1788287488\n|detailschange|p2a: Raichu|Raichu-Mega-Y, L50, M\n|-mega|p2a: Raichu|Raichu|Raichunite Y\n|move|p1a: Garchomp|Protect|p1a: Garchomp\n|-singleturn|p1a: Garchomp|Protect\n|move|p2a: Raichu|Fake Out|p1b: Whimsicott\n|-damage|p1b: Whimsicott|86/100\n|cant|p1b: Whimsicott|flinch\n|move|p2b: Weavile|Triple Axel|p1a: Garchomp\n|-activate|p1a: Garchomp|move: Protect\n|\n|upkeep\n|turn|2\n|inactive|Sportium WEB has 30 seconds left.\n|\n|t:|1788287515\n|switch|p2a: Milotic|Milotic, L50, M|100/100\n|switch|p1a: Tyranitar|Tyranitar, L50, M|100/100\n|-weather|Sandstorm|[from] ability: Sand Stream|[of] p1a: Tyranitar\n|move|p2b: Weavile|Triple Axel|p1b: Whimsicott\n|-supereffective|p1b: Whimsicott|1\n|-damage|p1b: Whimsicott|56/100\n|-hitcount|p1b: Whimsicott|1\n|move|p1b: Whimsicott|Moonblast|p2b: Weavile\n|-supereffective|p2b: Weavile|1\n|-enditem|p2b: Weavile|Focus Sash\n|-damage|p2b: Weavile|1/100\n|\n|-weather|Sandstorm|[upkeep]\n|-damage|p2b: Weavile|0 fnt|[from] Sandstorm\n|-damage|p1b: Whimsicott|50/100g|[from] Sandstorm\n|-damage|p2a: Milotic|94/100|[from] Sandstorm\n|faint|p2b: Weavile\n|-heal|p2a: Milotic|100/100|[from] item: Leftovers\n|upkeep\n|\n|t:|1788287528\n|switch|p2b: Raichu|Raichu-Mega-Y, L50, M|100/100\n|turn|3\n|inactive|cinarguncavdi2231 has 30 seconds left.\n|\n|t:|1788287561\n|switch|p1a: Gholdengo|Gholdengo, L50|100/100\n|move|p2b: Raichu|Zap Cannon|p1a: Gholdengo\n|-damage|p1a: Gholdengo|33/100\n|-status|p1a: Gholdengo|par\n|move|p1b: Whimsicott|Moonblast|p2b: Raichu\n|-damage|p2b: Raichu|51/100\n|move|p2a: Milotic|Muddy Water|p1b: Whimsicott|[spread] p1a\n|-miss|p2a: Milotic|p1b: Whimsicott\n|-damage|p1a: Gholdengo|5/100 par\n|\n|-weather|Sandstorm|[upkeep]\n|-damage|p2b: Raichu|45/100|[from] Sandstorm\n|-damage|p1b: Whimsicott|44/100|[from] Sandstorm\n|-damage|p2a: Milotic|94/100|[from] Sandstorm\n|-heal|p2a: Milotic|100/100|[from] item: Leftovers\n|upkeep\n|turn|4\n|inactive|cinarguncavdi2231 has 30 seconds left.\n|\n|t:|1788287591\n|switch|p2b: Ceruledge|Ceruledge, L50, M|100/100\n|move|p1b: Whimsicott|Tailwind|p1b: Whimsicott\n|-sidestart|p1: Sportium WEB|move: Tailwind\n|cant|p1a: Gholdengo|par\n|move|p2a: Milotic|Muddy Water|p1b: Whimsicott|[spread] p1b\n|-miss|p2a: Milotic|p1a: Gholdengo\n|-resisted|p1b: Whimsicott|1\n|-crit|p1b: Whimsicott\n|-damage|p1b: Whimsicott|16/100\n|-unboost|p1b: Whimsicott|accuracy|1\n|\n|-weather|Sandstorm|[upkeep]\n|-damage|p1b: Whimsicott|10/100|[from] Sandstorm\n|-damage|p2a: Milotic|94/100|[from] Sandstorm\n|-damage|p2b: Ceruledge|93/100|[from] Sandstorm\n|-heal|p2a: Milotic|100/100|[from] item: Leftovers\n|upkeep\n|turn|5\n|inactive|cinarguncavdi2231 has 30 seconds left.\n|\n|t:|1788287619\n|switch|p1b: Garchomp|Garchomp, L50, M|100/100\n|move|p2b: Ceruledge|Shadow Sneak|p1a: Gholdengo\n|-supereffective|p1a: Gholdengo|1\n|-damage|p1a: Gholdengo|0 fnt\n|faint|p1a: Gholdengo\n|move|p2a: Milotic|Muddy Water|p1b: Garchomp\n|-damage|p1b: Garchomp|67/100\n|\n|-weather|Sandstorm|[upkeep]\n|-damage|p2a: Milotic|94/100|[from] Sandstorm\n|-damage|p2b: Ceruledge|87/100|[from] Sandstorm\n|-heal|p2a: Milotic|100/100|[from] item: Leftovers\n|upkeep\n|\n|t:|1788287631\n|switch|p1a: Tyranitar|Tyranitar, L50, M|100/100\n|turn|6\n|\n|t:|1788287654\n|detailschange|p1b: Garchomp|Garchomp-Mega, L50, M\n|-mega|p1b: Garchomp|Garchomp|Garchompite\n|move|p1b: Garchomp|Earth Power|p2a: Milotic\n|-damage|p2a: Milotic|59/100\n|move|p1a: Tyranitar|Rock Slide|p2a: Milotic|[spread] p2b\n|-miss|p1a: Tyranitar|p2a: Milotic\n|-supereffective|p2b: Ceruledge|1\n|-damage|p2b: Ceruledge|14/100\n|-damage|p1a: Tyranitar|90/100|[from] item: Life Orb\n|move|p2a: Milotic|Muddy Water|p1a: Tyranitar|[spread] p1a\n|-miss|p2a: Milotic|p1b: Garchomp\n|-supereffective|p1a: Tyranitar|1\n|-damage|p1a: Tyranitar|66/100\n|move|p2b: Ceruledge|Bitter Blade|p1b: Garchomp\n|-resisted|p1b: Garchomp|1\n|-damage|p1b: Garchomp|48/100\n|-heal|p2b: Ceruledge|26/100|[from] drain|[of] p1b: Garchomp\n|\n|-weather|none\n|-heal|p2a: Milotic|65/100|[from] item: Leftovers\n|upkeep\n|turn|7\n|inactive|Sportium WEB has 30 seconds left.\n|inactive|cinarguncavdi2231 has 30 seconds left.\n|\n|t:|1788287686\n|move|p2b: Ceruledge|Shadow Sneak|p1b: Garchomp\n|-damage|p1b: Garchomp|32/100\n|move|p1b: Garchomp|Earth Power|p2b: Ceruledge\n|-supereffective|p2b: Ceruledge|1\n|-damage|p2b: Ceruledge|0 fnt\n|faint|p2b: Ceruledge\n|move|p1a: Tyranitar|Knock Off|p2a: Milotic\n|-damage|p2a: Milotic|15/100\n|-enditem|p2a: Milotic|Leftovers|[from] move: Knock Off|[of] p1a: Tyranitar\n|-damage|p1a: Tyranitar|56/100|[from] item: Life Orb\n|move|p2a: Milotic|Recover|p2a: Milotic\n|-heal|p2a: Milotic|65/100\n|\n|-sideend|p1: Sportium WEB|move: Tailwind\n|upkeep\n|\n|t:|1788287689\n|switch|p2b: Raichu|Raichu-Mega-Y, L50, M|45/100\n|turn|8\n|inactive|Sportium WEB has 30 seconds left.\n|\n|t:|1788287715\n|move|p2b: Raichu|Focus Blast|p1b: Garchomp\n|-damage|p1b: Garchomp|0 fnt\n|faint|p1b: Garchomp\n|move|p2a: Milotic|Muddy Water|p1a: Tyranitar\n|-supereffective|p1a: Tyranitar|1\n|-damage|p1a: Tyranitar|9/100\n|move|p1a: Tyranitar|Rock Slide|p2b: Raichu|[spread] p2a,p2b\n|-crit|p2b: Raichu\n|-damage|p2a: Milotic|31/100\n|-damage|p2b: Raichu|0 fnt\n|faint|p2b: Raichu\n|-damage|p1a: Tyranitar|0 fnt|[from] item: Life Orb\n|faint|p1a: Tyranitar\n|\n|upkeep\n|\n|t:|1788287729\n|switch|p1b: Whimsicott|Whimsicott, L50, F|10/100\n|turn|9\n|\n|t:|1788287734\n|move|p1b: Whimsicott|Moonblast|p2a: Milotic\n|-damage|p2a: Milotic|8/100\n|-unboost|p2a: Milotic|spa|1\n|-ability|p2a: Milotic|Competitive|boost\n|-boost|p2a: Milotic|spa|2\n|move|p2a: Milotic|Muddy Water|p1b: Whimsicott\n|-resisted|p1b: Whimsicott|1\n|-damage|p1b: Whimsicott|0 fnt\n|faint|p1b: Whimsicott\n|\n|win|cinarguncavdi2231\n|raw|Sportium WEB's rating: 1465 &rarr; <strong>1450</strong><br />(-15 for losing)\n|raw|cinarguncavdi2231's rating: 1558 &rarr; <strong>1573</strong><br />(+15 for winning)\n","uploadtime":1788287745,"views":"15","formatid":"gen9championsvgc2026regmb","rating":1450,"private":0,"password":null}