{"id":"gen9championsvgc2026regmbbo3-2673518379","format":"[Gen 9 Champions] VGC 2026 Reg M-B (Bo3)","players":["w0rms4f1ng3rs","tmjp01"],"log":"|j|☆w0rms4f1ng3rs\n|j|☆tmjp01\n|html|<table width=\"100%\"><tr><td align=\"left\">w0rms4f1ng3rs</td><td align=\"right\">tmjp01</tr><tr><td align=\"left\"><i class=\"fa fa-circle\"></i> <i class=\"fa fa-circle-o\"></i> </td><td align=\"right\"><i class=\"fa fa-circle-o\"></i> <i class=\"fa fa-circle\"></i> </tr></table>\n|uhtml|bestof|<h2><strong>Game 3</strong> of <a href=\"/game-bestof3-gen9championsvgc2026regmbbo3-2673515771\">a best-of-3</a></h2>\n|t:|1788207598\n|gametype|doubles\n|player|p1|w0rms4f1ng3rs|zinzolin|1211\n|player|p2|tmjp01|266|1298\n|gen|9\n|tier|[Gen 9 Champions] VGC 2026 Reg M-B (Bo3)\n|rated|\n|rule|Species Clause: Limit one of each Pokémon\n|rule|Item Clause: Limit 1 of each item\n|clearpoke\n|poke|p1|Charizard, L50, F, shiny|\n|poke|p1|Whimsicott, L50, M|\n|poke|p1|Kingambit, L50, M|\n|poke|p1|Basculegion, L50, M|\n|poke|p1|Garchomp, L50, F|\n|poke|p1|Floette-Eternal, L50, F|\n|poke|p2|Basculegion, L50, M|\n|poke|p2|Whimsicott, L50, M|\n|poke|p2|Kommo-o, L50, F|\n|poke|p2|Ninetales-Alola, L50, M|\n|poke|p2|Glimmora, L50, M|\n|poke|p2|Kingambit, L50, M|\n|teampreview|4\n|showteam|p1|Charizard||CharizarditeY|Blaze|HeatWave,WeatherBall,SolarBeam,Protect|Modest||F|||50|]Whimsicott||FocusSash|Prankster|Moonblast,Encore,Tailwind,Protect|Timid||M|||50|]Kingambit||OccaBerry|Defiant|KowtowCleave,SuckerPunch,IronHead,LowKick|Adamant||M|||50|]Basculegion||MysticWater|Adaptability|WaveCrash,LastRespects,AquaJet,Protect|Adamant||M|||50|]Garchomp||LifeOrb|RoughSkin|Earthquake,DragonClaw,RockSlide,Protect|Jolly||F|||50|]Floette-Eternal||Floettite|FlowerVeil|Moonblast,DazzlingGleam,LightofRuin,Protect|Timid||F|||50|\n|showteam|p2|Basculegion||ChoiceScarf|Adaptability|FlipTurn,AquaJet,LastRespects,WaveCrash|Jolly||M|||50|]Whimsicott||FocusSash|Prankster|Moonblast,Protect,Encore,Tailwind|Timid||M|||50|]Kommo-o||LifeOrb|Soundproof|ClangingScales,AuraSphere,VacuumWave,Protect|Modest||F|||50|]Ninetales-Alola||NeverMeltIce|SnowWarning|Protect,Encore,Blizzard,FreezeDry|Timid||M|||50|]Glimmora||Glimmoranite|ToxicDebris|SludgeBomb,PowerGem,SpikyShield,EarthPower|Modest||M|||50|]Kingambit||ChopleBerry|Defiant|KowtowCleave,SuckerPunch,IronHead,LowKick|Adamant||M|||50|\n|\n|t:|1788207627\n|teamsize|p1|4\n|teamsize|p2|4\n|start\n|switch|p1a: Whimsicott|Whimsicott, L50, M|100/100\n|switch|p1b: Garchomp|Garchomp, L50, F|100/100\n|switch|p2a: Whimsicott|Whimsicott, L50, M|100/100\n|switch|p2b: Glimmora|Glimmora, L50, M|100/100\n|turn|1\n|\n|t:|1788207670\n|switch|p2b: Ninetales|Ninetales-Alola, L50, M|100/100\n|-weather|Snowscape|[from] ability: Snow Warning|[of] p2b: Ninetales\n|move|p1a: Whimsicott|Tailwind|p1a: Whimsicott\n|-sidestart|p1: w0rms4f1ng3rs|move: Tailwind\n|move|p1b: Garchomp|Rock Slide|p2b: Ninetales|[spread] p2a,p2b\n|-supereffective|p2b: Ninetales|1\n|-damage|p2a: Whimsicott|62/100\n|-damage|p2b: Ninetales|53/100\n|-damage|p1b: Garchomp|90/100|[from] item: Life Orb\n|move|p2a: Whimsicott|Moonblast|p1a: Whimsicott\n|-damage|p1a: Whimsicott|40/100\n|\n|-weather|Snowscape|[upkeep]\n|upkeep\n|turn|2\n|\n|t:|1788207694\n|switch|p1a: Charizard|Charizard, L50, F, shiny|100/100\n|move|p1b: Garchomp|Protect|p1b: Garchomp\n|-singleturn|p1b: Garchomp|Protect\n|move|p2a: Whimsicott|Tailwind|p2a: Whimsicott\n|-sidestart|p2: tmjp01|move: Tailwind\n|move|p2b: Ninetales|Blizzard|p1a: Charizard|[spread] p1a\n|-activate|p1b: Garchomp|move: Protect\n|-damage|p1a: Charizard|60/100\n|\n|-weather|Snowscape|[upkeep]\n|upkeep\n|turn|3\n|\n|t:|1788207734\n|detailschange|p1a: Charizard|Charizard-Mega-Y, L50, F, shiny\n|-mega|p1a: Charizard|Charizard|Charizardite Y\n|-weather|SunnyDay|[from] ability: Drought|[of] p1a: Charizard\n|move|p2b: Ninetales|Protect|p2b: Ninetales\n|-singleturn|p2b: Ninetales|Protect\n|move|p2a: Whimsicott|Moonblast|p1b: Garchomp\n|-supereffective|p1b: Garchomp|1\n|-damage|p1b: Garchomp|14/100\n|move|p1b: Garchomp|Earthquake|p2a: Whimsicott|[spread] p2a\n|-activate|p2b: Ninetales|move: Protect\n|-immune|p1a: Charizard\n|-resisted|p2a: Whimsicott|1\n|-damage|p2a: Whimsicott|27/100\n|-damage|p1b: Garchomp|4/100|[from] item: Life Orb\n|move|p1a: Charizard|Heat Wave|p2b: Ninetales|[spread] \n|-activate|p2b: Ninetales|move: Protect\n|-miss|p1a: Charizard|p2a: Whimsicott\n|\n|-weather|SunnyDay|[upkeep]\n|upkeep\n|turn|4\n|\n|t:|1788207782\n|switch|p2b: Basculegion|Basculegion, L50, M|100/100\n|move|p2a: Whimsicott|Protect|p2a: Whimsicott\n|-singleturn|p2a: Whimsicott|Protect\n|move|p1b: Garchomp|Protect|p1b: Garchomp\n|-singleturn|p1b: Garchomp|Protect\n|move|p1a: Charizard|Heat Wave|p2a: Whimsicott|[spread] p2b\n|-activate|p2a: Whimsicott|move: Protect\n|-resisted|p2b: Basculegion|1\n|-damage|p2b: Basculegion|64/100\n|\n|-weather|SunnyDay|[upkeep]\n|-sideend|p1: w0rms4f1ng3rs|move: Tailwind\n|upkeep\n|turn|5\n|\n|t:|1788207800\n|switch|p1b: Whimsicott|Whimsicott, L50, M|40/100\n|switch|p1a: Basculegion|Basculegion, L50, M|100/100\n|move|p2b: Basculegion|Last Respects|p1a: Basculegion\n|-supereffective|p1a: Basculegion|1\n|-damage|p1a: Basculegion|32/100\n|move|p2a: Whimsicott|Moonblast|p1b: Whimsicott\n|-damage|p1b: Whimsicott|0 fnt\n|faint|p1b: Whimsicott\n|\n|-weather|SunnyDay|[upkeep]\n|-sideend|p2: tmjp01|move: Tailwind\n|upkeep\n|\n|t:|1788207810\n|switch|p1b: Garchomp|Garchomp, L50, F|4/100\n|turn|6\n|\n|t:|1788207825\n|move|p1a: Basculegion|Protect|p1a: Basculegion\n|-singleturn|p1a: Basculegion|Protect\n|move|p2b: Basculegion|Last Respects|p1a: Basculegion\n|-activate|p1a: Basculegion|move: Protect\n|move|p2a: Whimsicott|Moonblast|p1b: Garchomp\n|-supereffective|p1b: Garchomp|1\n|-damage|p1b: Garchomp|0 fnt\n|faint|p1b: Garchomp\n|\n|-weather|SunnyDay|[upkeep]\n|upkeep\n|\n|t:|1788207832\n|switch|p1b: Charizard|Charizard-Mega-Y, L50, F, shiny|60/100\n|turn|7\n|\n|t:|1788207859\n|move|p2b: Basculegion|Last Respects|p1b: Charizard\n|-damage|p1b: Charizard|31/100\n|move|p2a: Whimsicott|Moonblast|p1a: Basculegion\n|-damage|p1a: Basculegion|0 fnt\n|faint|p1a: Basculegion\n|move|p1b: Charizard|Weather Ball|p2b: Basculegion\n|-resisted|p2b: Basculegion|1\n|-damage|p2b: Basculegion|9/100\n|\n|-weather|none\n|upkeep\n|turn|8\n|\n|t:|1788207867\n|move|p2b: Basculegion|Last Respects|p1b: Charizard\n|-damage|p1b: Charizard|1/100\n|move|p2a: Whimsicott|Moonblast|p1b: Charizard\n|-resisted|p1b: Charizard|1\n|-damage|p1b: Charizard|0 fnt\n|faint|p1b: Charizard\n|\n|win|tmjp01\n|raw|w0rms4f1ng3rs's rating: 1211 &rarr; <strong>1192</strong><br />(-19 for losing)\n|raw|tmjp01's rating: 1298 &rarr; <strong>1317</strong><br />(+19 for winning)\n","uploadtime":1788207867,"views":"0","formatid":"gen9championsvgc2026regmbbo3","rating":1192,"private":0,"password":null}