{"id":"gen9championsvgc2026regmb-2674678839","format":"[Gen 9 Champions] VGC 2026 Reg M-B","players":["hammeriti","wearifulpoet"],"log":"|j|☆hammeriti\n|j|☆wearifulpoet\n|t:|1788389298\n|gametype|doubles\n|player|p1|hammeriti|nate|1287\n|player|p2|wearifulpoet|266|1313\n|gen|9\n|tier|[Gen 9 Champions] VGC 2026 Reg M-B\n|rated|\n|rule|Species Clause: Limit one of each Pokémon\n|rule|Item Clause: Limit 1 of each item\n|clearpoke\n|poke|p1|Toxapex, L50, M, shiny|\n|poke|p1|Incineroar, L50, M|\n|poke|p1|Charizard, L50, F|\n|poke|p1|Garchomp, L50, F|\n|poke|p1|Venusaur, L50, F|\n|poke|p1|Sylveon, L50, F|\n|poke|p2|Charizard, L50, F|\n|poke|p2|Whimsicott, L50, M|\n|poke|p2|Garchomp, L50, F|\n|poke|p2|Floette-Eternal, L50, F|\n|poke|p2|Basculegion, L50, M|\n|poke|p2|Kingambit, L50, F|\n|teampreview|4\n|inactive|Battle timer is ON: inactive players will automatically lose when time's up. (requested by hammeriti)\n|inactive|wearifulpoet has 60 seconds left.\n|\n|t:|1788389374\n|teamsize|p1|4\n|teamsize|p2|4\n|start\n|switch|p1a: Charizard|Charizard, L50, F|100/100\n|switch|p1b: Venusaur|Venusaur, L50, F|100/100\n|switch|p2a: Charizard|Charizard, L50, F|100/100\n|switch|p2b: Whimsicott|Whimsicott, L50, M|100/100\n|turn|1\n|\n|t:|1788389388\n|detailschange|p2a: Charizard|Charizard-Mega-Y, L50, F\n|-mega|p2a: Charizard|Charizard|Charizardite Y\n|-weather|SunnyDay|[from] ability: Drought|[of] p2a: Charizard\n|detailschange|p1a: Charizard|Charizard-Mega-Y, L50, F\n|-mega|p1a: Charizard|Charizard|Charizardite Y\n|move|p2b: Whimsicott|Tailwind|p2b: Whimsicott\n|-sidestart|p2: wearifulpoet|move: Tailwind\n|move|p2a: Charizard|Ancient Power|p1a: Charizard\n|-supereffective|p1a: Charizard|2\n|-damage|p1a: Charizard|17/100\n|move|p1b: Venusaur|Sludge Bomb|p2b: Whimsicott\n|-supereffective|p2b: Whimsicott|2\n|-enditem|p2b: Whimsicott|Focus Sash\n|-damage|p2b: Whimsicott|1/100\n|move|p1a: Charizard|Weather Ball|p2a: Charizard\n|-resisted|p2a: Charizard|1\n|-damage|p2a: Charizard|55/100\n|\n|-weather|SunnyDay|[upkeep]\n|upkeep\n|turn|2\n|\n|t:|1788389412\n|move|p1a: Charizard|Protect|p1a: Charizard\n|-singleturn|p1a: Charizard|Protect\n|move|p2b: Whimsicott|Moonblast|p1a: Charizard\n|-activate|p1a: Charizard|move: Protect\n|move|p2a: Charizard|Weather Ball|p1b: Venusaur\n|-supereffective|p1b: Venusaur|1\n|-enditem|p1b: Venusaur|Focus Sash\n|-damage|p1b: Venusaur|1/100\n|move|p1b: Venusaur|Sludge Bomb|p2b: Whimsicott\n|-supereffective|p2b: Whimsicott|2\n|-damage|p2b: Whimsicott|0 fnt\n|faint|p2b: Whimsicott\n|\n|-weather|SunnyDay|[upkeep]\n|upkeep\n|\n|t:|1788389428\n|switch|p2b: Garchomp|Garchomp, L50, F|100/100\n|turn|3\n|\n|t:|1788389435\n|move|p2b: Garchomp|Rock Slide|p1a: Charizard|[spread] p1b\n|-miss|p2b: Garchomp|p1a: Charizard\n|-damage|p1b: Venusaur|0 fnt\n|faint|p1b: Venusaur\n|move|p2a: Charizard|Heat Wave|p1a: Charizard\n|-resisted|p1a: Charizard|1\n|-damage|p1a: Charizard|0 fnt\n|faint|p1a: Charizard\n|\n|-weather|SunnyDay|[upkeep]\n|upkeep\n|\n|t:|1788389442\n|switch|p1a: Incineroar|Incineroar, L50, M|100/100\n|switch|p1b: Garchomp|Garchomp, L50, F|100/100\n|-ability|p1a: Incineroar|Intimidate|boost\n|-unboost|p2a: Charizard|atk|1\n|-unboost|p2b: Garchomp|atk|1\n|turn|4\n|\n|t:|1788389455\n|switch|p2b: Basculegion|Basculegion, L50, M|100/100\n|move|p2a: Charizard|Protect|p2a: Charizard\n|-singleturn|p2a: Charizard|Protect\n|move|p1a: Incineroar|Fake Out|p2b: Basculegion\n|-immune|p2b: Basculegion\n|move|p1b: Garchomp|Rock Slide|p2b: Basculegion|[spread] p2b\n|-activate|p2a: Charizard|move: Protect\n|-damage|p2b: Basculegion|75/100\n|\n|-weather|SunnyDay|[upkeep]\n|-sideend|p2: wearifulpoet|move: Tailwind\n|upkeep\n|turn|5\n|inactive|wearifulpoet has 30 seconds left.\n|inactive|wearifulpoet has 20 seconds left.\n|\n|t:|1788389491\n|switch|p2a: Garchomp|Garchomp, L50, F|100/100\n|move|p1b: Garchomp|Rock Slide|p2b: Basculegion|[spread] p2a,p2b\n|-resisted|p2a: Garchomp|1\n|-damage|p2a: Garchomp|90/100\n|-damage|p2b: Basculegion|53/100\n|move|p2b: Basculegion|Last Respects|p1b: Garchomp\n|-damage|p1b: Garchomp|6/100\n|-damage|p2b: Basculegion|43/100|[from] item: Life Orb\n|move|p1a: Incineroar|Flare Blitz|p2b: Basculegion\n|-resisted|p2b: Basculegion|1\n|-damage|p2b: Basculegion|0 fnt\n|faint|p2b: Basculegion\n|-damage|p1a: Incineroar|82/100|[from] Recoil\n|\n|-weather|none\n|upkeep\n|\n|t:|1788389506\n|switch|p2b: Charizard|Charizard-Mega-Y, L50, F|55/100\n|-weather|SunnyDay|[from] ability: Drought|[of] p2b: Charizard\n|turn|6\n|\n|t:|1788389516\n|move|p2b: Charizard|Protect|p2b: Charizard\n|-singleturn|p2b: Charizard|Protect\n|move|p1b: Garchomp|Rock Slide|p2b: Charizard|[spread] p2a\n|-activate|p2b: Charizard|move: Protect\n|-resisted|p2a: Garchomp|1\n|-damage|p2a: Garchomp|80/100\n|move|p2a: Garchomp|Earthquake|p1b: Garchomp|[spread] p1a,p1b\n|-activate|p2b: Charizard|move: Protect\n|-supereffective|p1a: Incineroar|1\n|-damage|p1a: Incineroar|30/100\n|-damage|p1b: Garchomp|0 fnt\n|-enditem|p1a: Incineroar|Sitrus Berry|[eat]\n|-heal|p1a: Incineroar|54/100|[from] item: Sitrus Berry\n|faint|p1b: Garchomp\n|move|p1a: Incineroar|Flare Blitz|p2a: Garchomp\n|-resisted|p2a: Garchomp|1\n|-damage|p2a: Garchomp|40/100\n|-damage|p1a: Incineroar|42/100|[from] ability: Rough Skin|[of] p2a: Garchomp\n|-enditem|p2a: Garchomp|Sitrus Berry|[eat]\n|-heal|p2a: Garchomp|65/100|[from] item: Sitrus Berry\n|-damage|p1a: Incineroar|26/100|[from] Recoil\n|\n|-weather|SunnyDay|[upkeep]\n|upkeep\n|turn|7\n|\n|t:|1788389534\n|move|p2a: Garchomp|Dragon Claw|p1a: Incineroar\n|-damage|p1a: Incineroar|0 fnt\n|faint|p1a: Incineroar\n|\n|win|wearifulpoet\n|raw|hammeriti's rating: 1287 &rarr; <strong>1264</strong><br />(-23 for losing)\n|raw|wearifulpoet's rating: 1313 &rarr; <strong>1332</strong><br />(+19 for winning)\n|l|☆hammeriti\n|player|p1|\n|c|☆wearifulpoet|gg\n","uploadtime":1788389540,"views":"1","formatid":"gen9championsvgc2026regmb","rating":1264,"private":0,"password":null}