{"id":"gen9championsvgc2026regmbbo3-2674216965","format":"[Gen 9 Champions] VGC 2026 Reg M-B (Bo3)","players":["DiositoSlurpuff","Registrar sesion"],"log":"|j|☆DiositoSlurpuff\n|j|☆Registrar sesion\n|html|<table width=\"100%\"><tr><td align=\"left\">DiositoSlurpuff</td><td align=\"right\">Registrar sesion</tr><tr><td align=\"left\"><i class=\"fa fa-circle-o\"></i> <i class=\"fa fa-circle-o\"></i> </td><td align=\"right\"><i class=\"fa fa-circle-o\"></i> <i class=\"fa fa-circle-o\"></i> </tr></table>\n|uhtml|bestof|<h2><strong>Game 1</strong> of <a href=\"/game-bestof3-gen9championsvgc2026regmbbo3-2674216964\">a best-of-3</a></h2>\n|t:|1788317096\n|gametype|doubles\n|player|p1|DiositoSlurpuff|unknown|1074\n|player|p2|Registrar sesion|boarder|1074\n|gen|9\n|tier|[Gen 9 Champions] VGC 2026 Reg M-B (Bo3)\n|rated|\n|rule|Species Clause: Limit one of each Pokémon\n|rule|Item Clause: Limit 1 of each item\n|clearpoke\n|poke|p1|Incineroar, L50, M|\n|poke|p1|Samurott-Hisui, L50, F|\n|poke|p1|Sinistcha-Masterpiece, L50|\n|poke|p1|Sneasler, L50, F|\n|poke|p1|Floette-Eternal, L50, F|\n|poke|p1|Delphox, L50, M|\n|poke|p2|Garchomp, L50, F|\n|poke|p2|Tyranitar, L50, M|\n|poke|p2|Corviknight, L50, M|\n|poke|p2|Scizor, L50, M|\n|poke|p2|Sneasler, L50, F|\n|poke|p2|Primarina, L50, M|\n|teampreview|4\n|showteam|p1|Incineroar||SitrusBerry|Intimidate|FakeOut,FlareBlitz,PartingShot,DarkestLariat|Careful||M|||50|]Samurott-Hisui||ChoiceScarf|Sharpness|SacredSword,CeaselessEdge,XScissor,RazorShell|Jolly||F|||50|]Sinistcha-Masterpiece||OccaBerry|Hospitality|MatchaGotcha,LifeDew,RagePowder,Protect|Relaxed|||||50|]Sneasler||FocusSash|PoisonTouch|FakeOut,CloseCombat,PoisonJab,QuickGuard|Jolly||F|||50|]Floette-Eternal||Floettite|FlowerVeil|Moonblast,DazzlingGleam,CalmMind,Protect|Modest||F|||50|]Delphox||Delphoxite|Magician|HeatWave,Psychic,Protect,NastyPlot|Timid||M|||50|\n|showteam|p2|Garchomp||Garchompite|SandVeil|DracoMeteor,EarthPower,PowerGem,Protect|Serious||F|||50|]Tyranitar||ChoiceScarf|SandStream|IcePunch,RockSlide,KnockOff,Superpower|Jolly||M|||50|]Corviknight||Leftovers|MirrorArmor|BraveBird,IronHead,Protect,Tailwind|Impish||M|||50|]Scizor||LifeOrb|Technician|BugBite,BulletPunch,Protect,SwordsDance|Adamant||M|||50|]Sneasler||FocusSash|PoisonTouch|CloseCombat,PoisonJab,Protect,FakeOut|Timid||F|||50|]Primarina||SitrusBerry|LiquidVoice|EnergyBall,HyperVoice,Moonblast,Protect|Modest||M|||50|\n|c|☆DiositoSlurpuff|Buena suerte\n|\n|t:|1788317152\n|teamsize|p1|4\n|teamsize|p2|4\n|start\n|switch|p1a: Incineroar|Incineroar, L50, M|100/100\n|switch|p1b: Sneasler|Sneasler, L50, F|100/100\n|switch|p2a: Primarina|Primarina, L50, M|100/100\n|switch|p2b: Corviknight|Corviknight, L50, M|100/100\n|-ability|p1a: Incineroar|Intimidate|boost\n|-unboost|p2a: Primarina|atk|1\n|-ability|p2b: Corviknight|Mirror Armor\n|-unboost|p1a: Incineroar|atk|1\n|turn|1\n|\n|t:|1788317199\n|move|p1a: Incineroar|Fake Out|p2b: Corviknight\n|-resisted|p2b: Corviknight|1\n|-damage|p2b: Corviknight|97/100\n|move|p1b: Sneasler|Poison Jab|p2a: Primarina\n|-supereffective|p2a: Primarina|1\n|-damage|p2a: Primarina|16/100\n|-status|p2a: Primarina|psn|[from] ability: Poison Touch|[of] p1b: Sneasler\n|-enditem|p2a: Primarina|Sitrus Berry|[eat]\n|-heal|p2a: Primarina|41/100 psn|[from] item: Sitrus Berry\n|move|p2a: Primarina|Hyper Voice|p1a: Incineroar|[spread] p1a,p1b\n|-supereffective|p1a: Incineroar|1\n|-damage|p1a: Incineroar|48/100\n|-damage|p1b: Sneasler|51/100\n|-enditem|p1a: Incineroar|Sitrus Berry|[eat]\n|-heal|p1a: Incineroar|73/100|[from] item: Sitrus Berry\n|cant|p2b: Corviknight|flinch\n|\n|-heal|p2b: Corviknight|100/100|[from] item: Leftovers\n|-damage|p2a: Primarina|28/100 psn|[from] psn\n|upkeep\n|turn|2\n|\n|t:|1788317241\n|move|p2a: Primarina|Protect|p2a: Primarina\n|-singleturn|p2a: Primarina|Protect\n|move|p1b: Sneasler|Poison Jab|p2a: Primarina\n|-activate|p2a: Primarina|move: Protect\n|move|p2b: Corviknight|Brave Bird|p1b: Sneasler\n|-supereffective|p1b: Sneasler|1\n|-damage|p1b: Sneasler|0 fnt\n|faint|p1b: Sneasler\n|-damage|p2b: Corviknight|87/100|[from] Recoil\n|move|p1a: Incineroar|Flare Blitz|p2b: Corviknight\n|-supereffective|p2b: Corviknight|1\n|-damage|p2b: Corviknight|40/100\n|-damage|p1a: Incineroar|57/100|[from] Recoil\n|\n|-heal|p2b: Corviknight|46/100|[from] item: Leftovers\n|-damage|p2a: Primarina|16/100 psn|[from] psn\n|upkeep\n|\n|t:|1788317258\n|switch|p1b: Delphox|Delphox, L50, M|100/100\n|turn|3\n|\n|t:|1788317272\n|detailschange|p1b: Delphox|Delphox-Mega, L50, M\n|-mega|p1b: Delphox|Delphox|Delphoxite\n|move|p2b: Corviknight|Protect|p2b: Corviknight\n|-singleturn|p2b: Corviknight|Protect\n|move|p1b: Delphox|Heat Wave|p2a: Primarina|[spread] p2a\n|-activate|p2b: Corviknight|move: Protect\n|-resisted|p2a: Primarina|1\n|-damage|p2a: Primarina|1/100 psn\n|move|p2a: Primarina|Hyper Voice|p1a: Incineroar|[spread] p1a,p1b\n|-supereffective|p1a: Incineroar|1\n|-crit|p1a: Incineroar\n|-supereffective|p1b: Delphox|1\n|-damage|p1a: Incineroar|0 fnt\n|-damage|p1b: Delphox|40/100\n|faint|p1a: Incineroar\n|\n|-heal|p2b: Corviknight|52/100|[from] item: Leftovers\n|-damage|p2a: Primarina|0 fnt|[from] psn\n|faint|p2a: Primarina\n|upkeep\n|\n|t:|1788317289\n|switch|p2a: Tyranitar|Tyranitar, L50, M|100/100\n|switch|p1a: Sinistcha|Sinistcha-Masterpiece, L50|100/100\n|-weather|Sandstorm|[from] ability: Sand Stream|[of] p2a: Tyranitar\n|-heal|p1b: Delphox|64/100|[from] ability: Hospitality|[of] p1a: Sinistcha\n|turn|4\n|\n|t:|1788317315\n|move|p1a: Sinistcha|Rage Powder|p1a: Sinistcha\n|-singleturn|p1a: Sinistcha|move: Rage Powder\n|move|p1b: Delphox|Heat Wave|p2a: Tyranitar|[spread] p2a,p2b\n|-resisted|p2a: Tyranitar|1\n|-supereffective|p2b: Corviknight|1\n|-damage|p2a: Tyranitar|86/100\n|-damage|p2b: Corviknight|0 fnt\n|-status|p2a: Tyranitar|brn\n|faint|p2b: Corviknight\n|move|p2a: Tyranitar|Knock Off|p1a: Sinistcha\n|-supereffective|p1a: Sinistcha|1\n|-damage|p1a: Sinistcha|58/100\n|-enditem|p1a: Sinistcha|Occa Berry|[from] move: Knock Off|[of] p2a: Tyranitar\n|\n|-weather|Sandstorm|[upkeep]\n|-damage|p1b: Delphox|59/100|[from] Sandstorm\n|-damage|p1a: Sinistcha|52/100|[from] Sandstorm\n|-damage|p2a: Tyranitar|80/100 brn|[from] brn\n|upkeep\n|\n|t:|1788317329\n|switch|p2b: Sneasler|Sneasler, L50, F|100/100\n|turn|5\n|\n|t:|1788317343\n|move|p1b: Delphox|Protect|p1b: Delphox\n|-singleturn|p1b: Delphox|Protect\n|move|p1a: Sinistcha|Protect|p1a: Sinistcha\n|-singleturn|p1a: Sinistcha|Protect\n|move|p2b: Sneasler|Poison Jab|p1b: Delphox\n|-activate|p1b: Delphox|move: Protect\n|move|p2a: Tyranitar|Knock Off|p1a: Sinistcha\n|-activate|p1a: Sinistcha|move: Protect\n|\n|-weather|Sandstorm|[upkeep]\n|-damage|p1b: Delphox|53/100|[from] Sandstorm\n|-damage|p2b: Sneasler|94/100|[from] Sandstorm\n|-damage|p1a: Sinistcha|46/100|[from] Sandstorm\n|-damage|p2a: Tyranitar|74/100 brn|[from] brn\n|upkeep\n|turn|6\n|\n|t:|1788317369\n|move|p1b: Delphox|Psychic|p2b: Sneasler\n|-supereffective|p2b: Sneasler|2\n|-damage|p2b: Sneasler|0 fnt\n|faint|p2b: Sneasler\n|move|p2a: Tyranitar|Knock Off|p1b: Delphox\n|-supereffective|p1b: Delphox|1\n|-damage|p1b: Delphox|10/100\n|move|p1a: Sinistcha|Matcha Gotcha|p2a: Tyranitar\n|-supereffective|p2a: Tyranitar|1\n|-damage|p2a: Tyranitar|29/100 brn\n|-heal|p1a: Sinistcha|69/100|[from] drain|[of] p2a: Tyranitar\n|\n|-weather|Sandstorm|[upkeep]\n|-damage|p1b: Delphox|4/100|[from] Sandstorm\n|-damage|p1a: Sinistcha|62/100|[from] Sandstorm\n|-damage|p2a: Tyranitar|23/100 brn|[from] brn\n|upkeep\n|turn|7\n|\n|t:|1788317388\n|move|p1b: Delphox|Heat Wave|p2a: Tyranitar\n|-resisted|p2a: Tyranitar|1\n|-damage|p2a: Tyranitar|5/100 brn\n|move|p2a: Tyranitar|Knock Off|p1a: Sinistcha\n|-supereffective|p1a: Sinistcha|1\n|-damage|p1a: Sinistcha|32/100\n|move|p1a: Sinistcha|Matcha Gotcha|p2a: Tyranitar|[miss]\n|-miss|p1a: Sinistcha|p2a: Tyranitar\n|\n|-weather|Sandstorm|[upkeep]\n|-damage|p1b: Delphox|0 fnt|[from] Sandstorm\n|-damage|p1a: Sinistcha|26/100|[from] Sandstorm\n|faint|p1b: Delphox\n|-damage|p2a: Tyranitar|0 fnt|[from] brn\n|faint|p2a: Tyranitar\n|\n|win|DiositoSlurpuff\n|inactive|DiositoSlurpuff has 30 seconds to confirm battle start!\n|inactive|Registrar sesion has 30 seconds to confirm battle start!\n|raw|DiositoSlurpuff's rating: 1074 &rarr; <strong>1105</strong><br />(+31 for winning)\n|raw|Registrar sesion's rating: 1102 &rarr; <strong>1075</strong><br />(-27 for losing)\n","uploadtime":1788317429,"views":"9","formatid":"gen9championsvgc2026regmbbo3","rating":1075,"private":0,"password":null}