{"id":"gen9championsvgc2026regmbbo3-2673622235","format":"[Gen 9 Champions] VGC 2026 Reg M-B (Bo3)","players":["sparkbladexd","jpaul2077"],"log":"|j|☆sparkbladexd\n|j|☆jpaul2077\n|html|<table width=\"100%\"><tr><td align=\"left\">sparkbladexd</td><td align=\"right\">jpaul2077</tr><tr><td align=\"left\"><i class=\"fa fa-circle-o\"></i> <i class=\"fa fa-circle-o\"></i> </td><td align=\"right\"><i class=\"fa fa-circle-o\"></i> <i class=\"fa fa-circle-o\"></i> </tr></table>\n|uhtml|bestof|<h2><strong>Game 1</strong> of <a href=\"/game-bestof3-gen9championsvgc2026regmbbo3-2673622234\">a best-of-3</a></h2>\n|t:|1788222731\n|gametype|doubles\n|player|p1|sparkbladexd|169|\n|player|p2|jpaul2077|riley|\n|gen|9\n|tier|[Gen 9 Champions] VGC 2026 Reg M-B (Bo3)\n|rule|Species Clause: Limit one of each Pokémon\n|rule|Item Clause: Limit 1 of each item\n|raw|<div class=\"infobox\"><details class=\"readmore\" open><summary><strong>1 custom rule:</strong></summary> !Force Open Team Sheets</details></div>\n|clearpoke\n|poke|p1|Archaludon, L50, M|\n|poke|p1|Swampert, L50, M|\n|poke|p1|Pelipper, L50, M|\n|poke|p1|Sableye, L50, M, shiny|\n|poke|p1|Tinkaton, L50, F|\n|poke|p1|Meganium, L50, M|\n|poke|p2|Blastoise, L50, F|\n|poke|p2|Farigiraf, L50, F|\n|poke|p2|Garchomp, L50, M|\n|poke|p2|Toucannon, L50, M|\n|poke|p2|Liepard, L50, M|\n|poke|p2|Crabominable, L50, F|\n|teampreview|4\n|\n|t:|1788222762\n|teamsize|p1|4\n|teamsize|p2|4\n|start\n|switch|p1a: Tinkaton|Tinkaton, L50, F|100/100\n|switch|p1b: Meganium|Meganium, L50, M|100/100\n|switch|p2a: Farigiraf|Farigiraf, L50, F|100/100\n|switch|p2b: Liepard|Liepard, L50, M|100/100\n|-ability|p1a: Tinkaton|Mold Breaker\n|turn|1\n|\n|t:|1788222785\n|detailschange|p1b: Meganium|Meganium-Mega, L50, M\n|-mega|p1b: Meganium|Meganium|Meganiumite\n|move|p2b: Liepard|Fake Out|p1a: Tinkaton\n|-resisted|p1a: Tinkaton|1\n|-damage|p1a: Tinkaton|92/100\n|cant|p1a: Tinkaton|flinch\n|move|p1b: Meganium|Dazzling Gleam|p2b: Liepard|[spread] p2a,p2b\n|-supereffective|p2b: Liepard|1\n|-damage|p2a: Farigiraf|65/100\n|-enditem|p2b: Liepard|Focus Sash\n|-damage|p2b: Liepard|1/100\n|move|p2a: Farigiraf|Trick Room|p2a: Farigiraf\n|-fieldstart|move: Trick Room|[of] p2a: Farigiraf\n|\n|upkeep\n|turn|2\n|\n|t:|1788222849\n|move|p2b: Liepard|Sunny Day|p2b: Liepard\n|-weather|SunnyDay\n|move|p2a: Farigiraf|Psychic|p1b: Meganium\n|-damage|p1b: Meganium|63/100\n|move|p1b: Meganium|Dazzling Gleam|p2b: Liepard|[spread] p2a,p2b\n|-supereffective|p2b: Liepard|1\n|-damage|p2a: Farigiraf|25/100\n|-damage|p2b: Liepard|0 fnt\n|faint|p2b: Liepard\n|move|p1a: Tinkaton|Gigaton Hammer|p2a: Farigiraf\n|-damage|p2a: Farigiraf|0 fnt\n|faint|p2a: Farigiraf\n|-damage|p1a: Tinkaton|82/100|[from] item: Life Orb\n|\n|-weather|SunnyDay|[upkeep]\n|upkeep\n|\n|t:|1788222865\n|switch|p2a: Garchomp|Garchomp, L50, M|100/100\n|switch|p2b: Blastoise|Blastoise, L50, F|100/100\n|turn|3\n|\n|t:|1788222878\n|detailschange|p2b: Blastoise|Blastoise-Mega, L50, F\n|-mega|p2b: Blastoise|Blastoise|Blastoisinite\n|move|p1b: Meganium|Protect|p1b: Meganium\n|-singleturn|p1b: Meganium|Protect\n|move|p1a: Tinkaton|Protect|p1a: Tinkaton\n|-singleturn|p1a: Tinkaton|Protect\n|move|p2a: Garchomp|Protect|p2a: Garchomp\n|-singleturn|p2a: Garchomp|Protect\n|move|p2b: Blastoise|Weather Ball|p1b: Meganium\n|-activate|p1b: Meganium|move: Protect\n|\n|-weather|SunnyDay|[upkeep]\n|upkeep\n|turn|4\n|\n|t:|1788222912\n|switch|p1b: Archaludon|Archaludon, L50, M|100/100\n|move|p2b: Blastoise|Weather Ball|p1b: Archaludon\n|-damage|p1b: Archaludon|40/100\n|-ability|p1b: Archaludon|Stamina|boost\n|-boost|p1b: Archaludon|def|1\n|move|p1a: Tinkaton|Play Rough|p2a: Garchomp\n|-supereffective|p2a: Garchomp|1\n|-crit|p2a: Garchomp\n|-damage|p2a: Garchomp|0 fnt\n|-damage|p1a: Tinkaton|70/100|[from] ability: Rough Skin|[of] p2a: Garchomp\n|faint|p2a: Garchomp\n|-damage|p1a: Tinkaton|60/100|[from] item: Life Orb\n|\n|-weather|SunnyDay|[upkeep]\n|-heal|p1b: Archaludon|46/100|[from] item: Leftovers\n|upkeep\n|turn|5\n|\n|t:|1788222930\n|move|p1b: Archaludon|Protect|p1b: Archaludon\n|-singleturn|p1b: Archaludon|Protect\n|move|p2b: Blastoise|Weather Ball|p1a: Tinkaton\n|-supereffective|p1a: Tinkaton|1\n|-damage|p1a: Tinkaton|0 fnt\n|faint|p1a: Tinkaton\n|\n|-weather|SunnyDay|[upkeep]\n|-heal|p1b: Archaludon|52/100|[from] item: Leftovers\n|-fieldend|move: Trick Room\n|upkeep\n|\n|t:|1788222934\n|switch|p1a: Sableye|Sableye, L50, M, shiny|100/100\n|turn|6\n|\n|t:|1788222945\n|move|p1a: Sableye|Rain Dance|p1a: Sableye\n|-weather|RainDance\n|move|p1b: Archaludon|Electro Shot||[still]\n|-prepare|p1b: Archaludon|Electro Shot\n|-boost|p1b: Archaludon|spa|1\n|-anim|p1b: Archaludon|Electro Shot|p2b: Blastoise\n|-supereffective|p2b: Blastoise|1\n|-damage|p2b: Blastoise|0 fnt\n|faint|p2b: Blastoise\n|\n|win|sparkbladexd\n||sparkbladexd is ready for game 2.\n|inactive|jpaul2077 has 30 seconds to confirm battle start!\n||jpaul2077 is ready for game 2.\n|uhtml|next|Next: <a href=\"/battle-gen9championsvgc2026regmbbo3-2673623658\"><strong>Game 2 of 3</strong></a>\n","uploadtime":1788223559,"views":"14","formatid":"gen9championsvgc2026regmbbo3","rating":null,"private":0,"password":null}