{"id":"gen9championsvgc2026regmb-2674152891","format":"[Gen 9 Champions] VGC 2026 Reg M-B","players":["triplemz1125","EBITDA420"],"log":"|j|☆triplemz1125\n|j|☆EBITDA420\n|t:|1788307017\n|gametype|doubles\n|player|p1|triplemz1125|norman|\n|player|p2|EBITDA420|170|\n|gen|9\n|tier|[Gen 9 Champions] VGC 2026 Reg M-B\n|rule|Species Clause: Limit one of each Pokémon\n|rule|Item Clause: Limit 1 of each item\n|clearpoke\n|poke|p1|Garchomp, L50, M, shiny|\n|poke|p1|Skarmory, L50, F, shiny|\n|poke|p1|Rotom-Heat, L50|\n|poke|p1|Weavile, L50, F|\n|poke|p1|Clawitzer, L50, F, shiny|\n|poke|p1|Zoroark-Hisui, L50, M|\n|poke|p2|Charizard, L50, M|\n|poke|p2|Clefable, L50, F|\n|poke|p2|Garganacl, L50, M|\n|poke|p2|Garchomp, L50, M|\n|poke|p2|Incineroar, L50, M|\n|poke|p2|Whimsicott, L50, M|\n|teampreview|4\n|\n|t:|1788307093\n|teamsize|p1|4\n|teamsize|p2|4\n|start\n|switch|p1a: Westjet|Skarmory, L50, F, shiny|100/100\n|switch|p1b: OG Claw|Weavile, L50, F|100/100\n|switch|p2a: Charizard|Charizard, L50, M|100/100\n|switch|p2b: Whimsicott|Whimsicott, L50, M|100/100\n|turn|1\n|\n|t:|1788307116\n|move|p2a: Charizard|Protect|p2a: Charizard\n|-singleturn|p2a: Charizard|Protect\n|move|p1b: OG Claw|Fake Out|p2a: Charizard\n|-activate|p2a: Charizard|move: Protect\n|move|p2b: Whimsicott|Tailwind|p2b: Whimsicott\n|-sidestart|p2: EBITDA420|move: Tailwind\n|move|p1a: Westjet|Tailwind|p1a: Westjet\n|-sidestart|p1: triplemz1125|move: Tailwind\n|\n|upkeep\n|turn|2\n|\n|t:|1788307149\n|detailschange|p2a: Charizard|Charizard-Mega-Y, L50, M\n|-mega|p2a: Charizard|Charizard|Charizardite Y\n|-weather|SunnyDay|[from] ability: Drought|[of] p2a: Charizard\n|detailschange|p1a: Westjet|Skarmory-Mega, L50, F, shiny\n|-mega|p1a: Westjet|Skarmory|Skarmorite\n|move|p1b: OG Claw|Triple Axel|p2a: Charizard\n|-damage|p2a: Charizard|85/100\n|-damage|p2a: Charizard|58/100\n|-damage|p2a: Charizard|19/100\n|-hitcount|p2a: Charizard|3\n|move|p2b: Whimsicott|Moonblast|p1b: OG Claw\n|-supereffective|p1b: OG Claw|1\n|-enditem|p1b: OG Claw|Focus Sash\n|-damage|p1b: OG Claw|1/100\n|-unboost|p1b: OG Claw|spa|1\n|move|p1a: Westjet|Brave Bird|p2a: Charizard\n|-damage|p2a: Charizard|0 fnt\n|faint|p2a: Charizard\n|-damage|p1a: Westjet|94/100|[from] Recoil\n|\n|-weather|SunnyDay|[upkeep]\n|upkeep\n|\n|t:|1788307182\n|switch|p2a: Incineroar|Incineroar, L50, M|100/100\n|-ability|p2a: Incineroar|Intimidate|boost\n|-unboost|p1a: Westjet|atk|1\n|-unboost|p1b: OG Claw|atk|1\n|turn|3\n|\n|t:|1788307204\n|switch|p1b: Pevin Purant|Garchomp, L50, M, shiny|100/100\n|switch|p1a: Kawhi|Clawitzer, L50, F, shiny|100/100\n|move|p2b: Whimsicott|Protect|p2b: Whimsicott\n|-singleturn|p2b: Whimsicott|Protect\n|move|p2a: Incineroar|Fake Out|p1b: Pevin Purant\n|-damage|p1b: Pevin Purant|89/100\n|-damage|p2a: Incineroar|87/100|[from] ability: Rough Skin|[of] p1b: Pevin Purant\n|\n|-weather|SunnyDay|[upkeep]\n|upkeep\n|turn|4\n|\n|t:|1788307248\n|move|p1b: Pevin Purant|Protect|p1b: Pevin Purant\n|-singleturn|p1b: Pevin Purant|Protect\n|move|p2b: Whimsicott|Moonblast|p1b: Pevin Purant\n|-activate|p1b: Pevin Purant|move: Protect\n|move|p2a: Incineroar|Parting Shot|p1a: Kawhi\n|-unboost|p1a: Kawhi|atk|1\n|-unboost|p1a: Kawhi|spa|1\n|\n|t:|1788307287\n|switch|p2a: Garchomp|Garchomp, L50, M|100/100|[from] Parting Shot\n|move|p1a: Kawhi|Aura Sphere|p2a: Garchomp\n|-damage|p2a: Garchomp|65/100\n|\n|-weather|SunnyDay|[upkeep]\n|-sideend|p1: triplemz1125|move: Tailwind\n|-sideend|p2: EBITDA420|move: Tailwind\n|upkeep\n|turn|5\n|\n|t:|1788307312\n|switch|p1b: Westjet|Skarmory-Mega, L50, F, shiny|94/100\n|move|p2b: Whimsicott|Encore||[still]\n|-fail|p2b: Whimsicott\n|move|p2a: Garchomp|Dragon Claw|p1b: Westjet\n|-resisted|p1b: Westjet|1\n|-damage|p1b: Westjet|69/100\n|-damage|p2a: Garchomp|55/100|[from] item: Life Orb\n|move|p1a: Kawhi|Water Pulse|p2a: Garchomp\n|-damage|p2a: Garchomp|37/100\n|\n|-weather|SunnyDay|[upkeep]\n|upkeep\n|turn|6\n|\n|t:|1788307335\n|move|p2b: Whimsicott|Tailwind|p2b: Whimsicott\n|-sidestart|p2: EBITDA420|move: Tailwind\n|move|p2a: Garchomp|Rock Slide|p1a: Kawhi|[spread] p1a,p1b\n|-damage|p1a: Kawhi|73/100\n|-damage|p1b: Westjet|46/100\n|-damage|p2a: Garchomp|28/100|[from] item: Life Orb\n|cant|p1b: Westjet|flinch\n|move|p1a: Kawhi|Dark Pulse|p2a: Garchomp\n|-damage|p2a: Garchomp|0 fnt\n|faint|p2a: Garchomp\n|\n|-weather|none\n|upkeep\n|\n|t:|1788307347\n|switch|p2a: Incineroar|Incineroar, L50, M|87/100\n|-ability|p2a: Incineroar|Intimidate|boost\n|-unboost|p1a: Kawhi|atk|1\n|-unboost|p1b: Westjet|atk|1\n|turn|7\n|\n|t:|1788307362\n|switch|p1b: Pevin Purant|Garchomp, L50, M, shiny|89/100\n|move|p2b: Whimsicott|Moonblast|p1a: Kawhi\n|-damage|p1a: Kawhi|31/100\n|-enditem|p1a: Kawhi|Sitrus Berry|[eat]\n|-heal|p1a: Kawhi|56/100|[from] item: Sitrus Berry\n|move|p2a: Incineroar|Flare Blitz|p1b: Pevin Purant\n|-resisted|p1b: Pevin Purant|1\n|-damage|p1b: Pevin Purant|65/100\n|-damage|p2a: Incineroar|75/100|[from] ability: Rough Skin|[of] p1b: Pevin Purant\n|-damage|p2a: Incineroar|68/100|[from] Recoil\n|move|p1a: Kawhi|Aura Sphere|p2a: Incineroar\n|-supereffective|p2a: Incineroar|1\n|-damage|p2a: Incineroar|24/100\n|-enditem|p2a: Incineroar|Sitrus Berry|[eat]\n|-heal|p2a: Incineroar|49/100|[from] item: Sitrus Berry\n|\n|upkeep\n|turn|8\n|\n|t:|1788307413\n|move|p2b: Whimsicott|Moonblast|p1b: Pevin Purant\n|-supereffective|p1b: Pevin Purant|1\n|-damage|p1b: Pevin Purant|0 fnt\n|faint|p1b: Pevin Purant\n|move|p2a: Incineroar|Flare Blitz|p1a: Kawhi\n|-resisted|p1a: Kawhi|1\n|-damage|p1a: Kawhi|30/100\n|-damage|p2a: Incineroar|42/100|[from] Recoil\n|move|p1a: Kawhi|Aura Sphere|p2a: Incineroar\n|-supereffective|p2a: Incineroar|1\n|-damage|p2a: Incineroar|1/100\n|\n|upkeep\n|\n|t:|1788307434\n|switch|p1b: OG Claw|Weavile, L50, F|1/100\n|turn|9\n|\n|t:|1788307452\n|move|p1b: OG Claw|Fake Out|p2a: Incineroar\n|-damage|p2a: Incineroar|0 fnt\n|faint|p2a: Incineroar\n|move|p2b: Whimsicott|Moonblast|p1a: Kawhi\n|-damage|p1a: Kawhi|0 fnt\n|faint|p1a: Kawhi\n|\n|-sideend|p2: EBITDA420|move: Tailwind\n|upkeep\n|\n|t:|1788307458\n|switch|p1a: Westjet|Skarmory-Mega, L50, F, shiny|46/100\n|turn|10\n|\n|t:|1788307476\n|move|p1b: OG Claw|Triple Axel|p2b: Whimsicott\n|-supereffective|p2b: Whimsicott|1\n|-damage|p2b: Whimsicott|72/100\n|-supereffective|p2b: Whimsicott|1\n|-damage|p2b: Whimsicott|15/100\n|-supereffective|p2b: Whimsicott|1\n|-damage|p2b: Whimsicott|0 fnt\n|faint|p2b: Whimsicott\n|-hitcount|p2: Whimsicott|3\n|\n|win|triplemz1125\n","uploadtime":1788307487,"views":"0","formatid":"gen9championsvgc2026regmb","rating":null,"private":0,"password":null}