{"id":"gen9championsvgc2026regmb-2674266175","format":"[Gen 9 Champions] VGC 2026 Reg M-B","players":["pundeh_1001","RedVersion643"],"log":"|j|☆pundeh_1001\n|j|☆RedVersion643\n|t:|1788326995\n|gametype|doubles\n|player|p1|pundeh_1001|169|1401\n|player|p2|RedVersion643|blue-masters2|1338\n|gen|9\n|tier|[Gen 9 Champions] VGC 2026 Reg M-B\n|rated|\n|rule|Species Clause: Limit one of each Pokémon\n|rule|Item Clause: Limit 1 of each item\n|clearpoke\n|poke|p1|Staraptor, L50, F|\n|poke|p1|Excadrill, L50, F|\n|poke|p1|Milotic, L50, M|\n|poke|p1|Tyranitar, L50, M|\n|poke|p1|Sinistcha, L50|\n|poke|p1|Gholdengo, L50|\n|poke|p2|Charizard, L50, F|\n|poke|p2|Venusaur, L50, F|\n|poke|p2|Whimsicott, L50, M|\n|poke|p2|Farigiraf, L50, F|\n|poke|p2|Sylveon, L50, F|\n|poke|p2|Lycanroc-Dusk, L50, F|\n|teampreview|4\n|inactive|Battle timer is ON: inactive players will automatically lose when time's up. (requested by RedVersion643)\npundeh_1001 has agreed to open team sheets.\n|inactive|pundeh_1001 has 60 seconds left.\n|inactive|RedVersion643 has 60 seconds left.\n|\n|t:|1788327030\n|teamsize|p1|4\n|teamsize|p2|4\n|start\n|switch|p1a: Staraptor|Staraptor, L50, F|100/100\n|switch|p1b: Milotic|Milotic, L50, M|100/100\n|switch|p2a: Pretty Fly|Whimsicott, L50, M|100/100\n|switch|p2b: Basket Case|Venusaur, L50, F|100/100\n|-ability|p1a: Staraptor|Intimidate|boost\n|-unboost|p2a: Pretty Fly|atk|1\n|-unboost|p2b: Basket Case|atk|1\n|turn|1\n|inactive|pundeh_1001 has 30 seconds left.\n|\n|t:|1788327056\n|move|p2a: Pretty Fly|Tailwind|p2a: Pretty Fly\n|-sidestart|p2: RedVersion643|move: Tailwind\n|move|p2b: Basket Case|Sleep Powder|p1a: Staraptor\n|-status|p1a: Staraptor|slp|[from] move: Sleep Powder\n|cant|p1a: Staraptor|slp\n|move|p1b: Milotic|Icy Wind|p2b: Basket Case|[spread] p2a,p2b\n|-supereffective|p2a: Pretty Fly|1\n|-supereffective|p2b: Basket Case|1\n|-damage|p2a: Pretty Fly|66/100\n|-damage|p2b: Basket Case|74/100\n|-unboost|p2a: Pretty Fly|spe|1\n|-unboost|p2b: Basket Case|spe|1\n|\n|upkeep\n|turn|2\n|\n|t:|1788327081\n|switch|p1b: Tyranitar|Tyranitar, L50, M|100/100\n|-weather|Sandstorm|[from] ability: Sand Stream|[of] p1b: Tyranitar\n|move|p2a: Pretty Fly|Moonblast|p1a: Staraptor\n|-damage|p1a: Staraptor|58/100 slp\n|move|p2b: Basket Case|Giga Drain|p1b: Tyranitar\n|-supereffective|p1b: Tyranitar|1\n|-damage|p1b: Tyranitar|48/100\n|-heal|p2b: Basket Case|100/100|[from] drain|[of] p1b: Tyranitar\n|cant|p1a: Staraptor|slp\n|\n|-weather|Sandstorm|[upkeep]\n|-damage|p2a: Pretty Fly|60/100|[from] Sandstorm\n|-damage|p2b: Basket Case|94/100|[from] Sandstorm\n|-damage|p1a: Staraptor|52/100 slp|[from] Sandstorm\n|upkeep\n|turn|3\n|\n|t:|1788327101\n|switch|p2a: Morning Glory|Sylveon, L50, F|100/100\n|move|p1b: Tyranitar|Protect|p1b: Tyranitar\n|-singleturn|p1b: Tyranitar|Protect\n|move|p2b: Basket Case|Weather Ball|p1a: Staraptor\n|-supereffective|p1a: Staraptor|1\n|-damage|p1a: Staraptor|0 fnt\n|faint|p1a: Staraptor\n|\n|-weather|Sandstorm|[upkeep]\n|-damage|p2b: Basket Case|88/100|[from] Sandstorm\n|-damage|p2a: Morning Glory|94/100|[from] Sandstorm\n|upkeep\n|\n|t:|1788327112\n|switch|p1a: Excadrill|Excadrill, L50, F|100/100\n|turn|4\n|\n|t:|1788327125\n|move|p2a: Morning Glory|Protect|p2a: Morning Glory\n|-singleturn|p2a: Morning Glory|Protect\n|move|p1a: Excadrill|Iron Head|p2a: Morning Glory\n|-activate|p2a: Morning Glory|move: Protect\n|move|p2b: Basket Case|Sleep Powder|p1a: Excadrill\n|-status|p1a: Excadrill|slp|[from] move: Sleep Powder\n|move|p1b: Tyranitar|Knock Off|p2b: Basket Case\n|-damage|p2b: Basket Case|24/100\n|-enditem|p2b: Basket Case|Wide Lens|[from] move: Knock Off|[of] p1b: Tyranitar\n|\n|-weather|Sandstorm|[upkeep]\n|-damage|p2b: Basket Case|19/100|[from] Sandstorm\n|-damage|p2a: Morning Glory|88/100|[from] Sandstorm\n|-sideend|p2: RedVersion643|move: Tailwind\n|upkeep\n|turn|5\n|\n|t:|1788327140\n|cant|p1a: Excadrill|slp\n|move|p1b: Tyranitar|Rock Slide|p2a: Morning Glory|[spread] p2a,p2b\n|-damage|p2a: Morning Glory|50/100g\n|-damage|p2b: Basket Case|0 fnt\n|faint|p2b: Basket Case\n|move|p2a: Morning Glory|Hyper Voice|p1a: Excadrill|[spread] p1a,p1b\n|-resisted|p1a: Excadrill|1\n|-crit|p1a: Excadrill\n|-supereffective|p1b: Tyranitar|1\n|-damage|p1a: Excadrill|51/100 slp\n|-damage|p1b: Tyranitar|0 fnt\n|faint|p1b: Tyranitar\n|\n|-weather|Sandstorm|[upkeep]\n|-damage|p2a: Morning Glory|45/100|[from] Sandstorm\n|upkeep\n|\n|t:|1788327151\n|switch|p2b: Teen Spirit|Charizard, L50, F|100/100\n|switch|p1b: Milotic|Milotic, L50, M|100/100\n|turn|6\n|\n|t:|1788327159\n|detailschange|p2b: Teen Spirit|Charizard-Mega-Y, L50, F\n|-mega|p2b: Teen Spirit|Charizard|Charizardite Y\n|-weather|SunnyDay|[from] ability: Drought|[of] p2b: Teen Spirit\n|move|p2b: Teen Spirit|Solar Beam||[still]\n|-prepare|p2b: Teen Spirit|Solar Beam\n|-anim|p2b: Teen Spirit|Solar Beam|p1b: Milotic\n|-supereffective|p1b: Milotic|1\n|-damage|p1b: Milotic|32/100\n|-enditem|p1b: Milotic|Sitrus Berry|[eat]\n|-heal|p1b: Milotic|57/100|[from] item: Sitrus Berry\n|-curestatus|p1a: Excadrill|slp|[msg]\n|move|p1a: Excadrill|Rock Slide|p2a: Morning Glory|[spread] p2a,p2b\n|-supereffective|p2b: Teen Spirit|2\n|-damage|p2a: Morning Glory|17/100\n|-damage|p2b: Teen Spirit|0 fnt\n|faint|p2b: Teen Spirit\n|move|p1b: Milotic|Scald|p2a: Morning Glory\n|-damage|p2a: Morning Glory|6/100\n|move|p2a: Morning Glory|Weather Ball|p1a: Excadrill\n|-supereffective|p1a: Excadrill|1\n|-damage|p1a: Excadrill|0 fnt\n|faint|p1a: Excadrill\n|\n|-weather|SunnyDay|[upkeep]\n|upkeep\n|\n|t:|1788327177\n|switch|p2b: Pretty Fly|Whimsicott, L50, M|60/100\n|turn|7\n|\n|t:|1788327184\n|move|p2b: Pretty Fly|Tailwind|p2b: Pretty Fly\n|-sidestart|p2: RedVersion643|move: Tailwind\n|move|p2a: Morning Glory|Hyper Voice|p1b: Milotic\n|-damage|p1b: Milotic|6/100\n|move|p1b: Milotic|Icy Wind|p2a: Morning Glory|[spread] p2a,p2b\n|-supereffective|p2b: Pretty Fly|1\n|-damage|p2a: Morning Glory|0 fnt\n|-damage|p2b: Pretty Fly|29/100\n|-unboost|p2b: Pretty Fly|spe|1\n|faint|p2a: Morning Glory\n|\n|-weather|SunnyDay|[upkeep]\n|upkeep\n|turn|8\n|\n|t:|1788327193\n|move|p2b: Pretty Fly|Moonblast|p1b: Milotic\n|-damage|p1b: Milotic|0 fnt\n|faint|p1b: Milotic\n|\n|win|RedVersion643\n|raw|pundeh_1001's rating: 1401 &rarr; <strong>1377</strong><br />(-24 for losing)\n|raw|RedVersion643's rating: 1338 &rarr; <strong>1362</strong><br />(+24 for winning)\n|l|☆pundeh_1001\n|player|p1|\n","uploadtime":1788327198,"views":"1","formatid":"gen9championsvgc2026regmb","rating":1362,"private":0,"password":null}