{"id":"gen9championsvgc2026regmbbo3-2674255742","format":"[Gen 9 Champions] VGC 2026 Reg M-B (Bo3)","players":["showerpiss","lunalotll"],"log":"|j|☆showerpiss\n|j|☆lunalotll\n|html|<table width=\"100%\"><tr><td align=\"left\">showerpiss</td><td align=\"right\">lunalotll</tr><tr><td align=\"left\"><i class=\"fa fa-circle-o\"></i> <i class=\"fa fa-circle-o\"></i> </td><td align=\"right\"><i class=\"fa fa-circle-o\"></i> <i class=\"fa fa-circle-o\"></i> </tr></table>\n|uhtml|bestof|<h2><strong>Game 1</strong> of <a href=\"/game-bestof3-gen9championsvgc2026regmbbo3-2674255741\">a best-of-3</a></h2>\n|t:|1788324570\n|gametype|doubles\n|player|p1|showerpiss|clerk|1281\n|player|p2|lunalotll|lana|1314\n|gen|9\n|tier|[Gen 9 Champions] VGC 2026 Reg M-B (Bo3)\n|rated|\n|rule|Species Clause: Limit one of each Pokémon\n|rule|Item Clause: Limit 1 of each item\n|clearpoke\n|poke|p1|Delphox, L50, F, shiny|\n|poke|p1|Blastoise, L50, M|\n|poke|p1|Sinistcha, L50|\n|poke|p1|Incineroar, L50, M|\n|poke|p1|Kingambit, L50, F|\n|poke|p1|Sneasler, L50, F|\n|poke|p2|Venusaur, L50, F|\n|poke|p2|Primarina, L50, M|\n|poke|p2|Kingambit, L50, F|\n|poke|p2|Farigiraf, L50, M|\n|poke|p2|Torkoal, L50, M|\n|poke|p2|Blaziken, L50, M|\n|teampreview|4\n|showteam|p1|Delphox||Delphoxite|Blaze|HeatWave,Psychic,NastyPlot,Protect|Timid||F|||50|]Blastoise||Blastoisinite|Torrent|WaterSpout,DarkPulse,ShellSmash,Protect|Modest||M|||50|]Sinistcha||ColburBerry|Hospitality|MatchaGotcha,LifeDew,RagePowder,TrickRoom|Sassy|||||50|]Incineroar||SitrusBerry|Intimidate|FlareBlitz,DarkestLariat,FakeOut,PartingShot|Adamant||M|||50|]Kingambit||LifeOrb|Defiant|KowtowCleave,SuckerPunch,SwordsDance,Protect|Adamant||F|||50|]Sneasler||FocusSash|PoisonTouch|DireClaw,CloseCombat,FakeOut,QuickGuard|Jolly||F|||50|\n|showteam|p2|Venusaur||OccaBerry|Chlorophyll|LeafStorm,SludgeBomb,SleepPowder,Protect|Timid||F|||50|]Primarina||LifeOrb|LiquidVoice|HyperVoice,Moonblast,AquaJet,Protect|Quiet||M|||50|]Kingambit||FocusSash|Defiant|KowtowCleave,IronHead,SuckerPunch,Protect|Adamant||F|||50|]Farigiraf||SitrusBerry|ArmorTail|Psychic,Thunderbolt,TrickRoom,Protect|Bold||M|||50|]Torkoal||Charcoal|Drought|Eruption,WeatherBall,HelpingHand,Protect|Quiet||M|||50|]Blaziken||Blazikenite|SpeedBoost|FlareBlitz,CloseCombat,RockSlide,Detect|Adamant||M|||50|\n|inactive|Battle timer is ON: inactive players will automatically lose when time's up. (requested by lunalotll)\n|inactive|showerpiss also wants the timer to be on.\n|inactive|lunalotll has 60 seconds left.\n|inactive|showerpiss has 60 seconds left.\n|\n|t:|1788324628\n|teamsize|p1|4\n|teamsize|p2|4\n|start\n|switch|p1a: Delphox|Delphox, L50, F, shiny|100/100\n|switch|p1b: Incineroar|Incineroar, L50, M|100/100\n|switch|p2a: Blaziken|Blaziken, L50, M|100/100\n|switch|p2b: Farigiraf|Farigiraf, L50, M|100/100\n|-ability|p1b: Incineroar|Intimidate|boost\n|-unboost|p2a: Blaziken|atk|1\n|-unboost|p2b: Farigiraf|atk|1\n|turn|1\n|inactive|lunalotll has 30 seconds left.\n|\n|t:|1788324654\n|detailschange|p1a: Delphox|Delphox-Mega, L50, F, shiny\n|-mega|p1a: Delphox|Delphox|Delphoxite\n|detailschange|p2a: Blaziken|Blaziken-Mega, L50, M\n|-mega|p2a: Blaziken|Blaziken|Blazikenite\n|move|p2a: Blaziken|Detect|p2a: Blaziken\n|-singleturn|p2a: Blaziken|Protect\n|move|p2b: Farigiraf|Protect|p2b: Farigiraf\n|-singleturn|p2b: Farigiraf|Protect\n|move|p1a: Delphox|Psychic|p2a: Blaziken\n|-activate|p2a: Blaziken|move: Protect\n|move|p1b: Incineroar|Parting Shot|p2b: Farigiraf\n|-activate|p2b: Farigiraf|move: Protect\n|\n|-ability|p2a: Blaziken|Speed Boost|boost\n|-boost|p2a: Blaziken|spe|1\n|upkeep\n|turn|2\n|inactive|showerpiss has 30 seconds left.\n|\n|t:|1788324683\n|move|p2a: Blaziken|Rock Slide|p1a: Delphox|[spread] p1a,p1b\n|-supereffective|p1a: Delphox|1\n|-supereffective|p1b: Incineroar|1\n|-damage|p1a: Delphox|49/100\n|-damage|p1b: Incineroar|70/100\n|cant|p1a: Delphox|flinch\n|cant|p1b: Incineroar|flinch\n|move|p2b: Farigiraf|Trick Room|p2b: Farigiraf\n|-fieldstart|move: Trick Room|[of] p2b: Farigiraf\n|\n|-ability|p2a: Blaziken|Speed Boost|boost\n|-boost|p2a: Blaziken|spe|1\n|upkeep\n|turn|3\n|inactive|lunalotll has 30 seconds left.\n|\n|t:|1788324716\n|move|p2b: Farigiraf|Thunderbolt|p1a: Delphox\n|-damage|p1a: Delphox|25/100\n|-status|p1a: Delphox|par\n|move|p1b: Incineroar|Parting Shot|p2b: Farigiraf\n|-unboost|p2b: Farigiraf|atk|1\n|-unboost|p2b: Farigiraf|spa|1\n|\n|t:|1788324722\n|switch|p1b: Sinistcha|Sinistcha, L50|100/100|[from] Parting Shot\n|-heal|p1a: Delphox|50/100g par|[from] ability: Hospitality|[of] p1b: Sinistcha\n|move|p1a: Delphox|Psychic|p2a: Blaziken\n|-supereffective|p2a: Blaziken|1\n|-damage|p2a: Blaziken|0 fnt\n|faint|p2a: Blaziken\n|\n|upkeep\n|\n|t:|1788324731\n|switch|p2a: Primarina|Primarina, L50, M|100/100\n|turn|4\n|\n|t:|1788324742\n|switch|p2b: Kingambit|Kingambit, L50, F|100/100\n|move|p1a: Delphox|Protect|p1a: Delphox\n|-singleturn|p1a: Delphox|Protect\n|move|p2a: Primarina|Hyper Voice|p1a: Delphox|[spread] p1b\n|-activate|p1a: Delphox|move: Protect\n|-resisted|p1b: Sinistcha|1\n|-damage|p1b: Sinistcha|78/100\n|-damage|p2a: Primarina|90/100|[from] item: Life Orb\n|move|p1b: Sinistcha|Matcha Gotcha|p2a: Primarina|[spread] p2a,p2b\n|-supereffective|p2a: Primarina|1\n|-resisted|p2b: Kingambit|1\n|-damage|p2a: Primarina|48/100\n|-heal|p1b: Sinistcha|100/100|[from] drain|[of] p2a: Primarina\n|-damage|p2b: Kingambit|88/100\n|\n|upkeep\n|turn|5\n|\n|t:|1788324761\n|move|p2b: Kingambit|Kowtow Cleave|p1b: Sinistcha\n|-supereffective|p1b: Sinistcha|1\n|-enditem|p1b: Sinistcha|Colbur Berry|[eat]\n|-enditem|p1b: Sinistcha|Colbur Berry|[weaken]\n|-damage|p1b: Sinistcha|52/100\n|move|p2a: Primarina|Hyper Voice|p1a: Delphox|[spread] p1a,p1b\n|-supereffective|p1a: Delphox|1\n|-resisted|p1b: Sinistcha|1\n|-damage|p1a: Delphox|0 fnt\n|-damage|p1b: Sinistcha|33/100\n|faint|p1a: Delphox\n|-damage|p2a: Primarina|39/100|[from] item: Life Orb\n|move|p1b: Sinistcha|Matcha Gotcha|p2a: Primarina|[spread] p2a,p2b\n|-supereffective|p2a: Primarina|1\n|-resisted|p2b: Kingambit|1\n|-damage|p2a: Primarina|0 fnt\n|-heal|p1b: Sinistcha|53/100|[from] drain|[of] p2a: Primarina\n|-damage|p2b: Kingambit|76/100\n|-heal|p1b: Sinistcha|60/100|[from] drain|[of] p2b: Kingambit\n|faint|p2a: Primarina\n|\n|upkeep\n|\n|t:|1788324778\n|switch|p2a: Farigiraf|Farigiraf, L50, M|100/100\n|switch|p1a: Sneasler|Sneasler, L50, F|100/100\n|turn|6\n|\n|t:|1788324793\n|move|p1b: Sinistcha|Rage Powder|p1b: Sinistcha\n|-singleturn|p1b: Sinistcha|move: Rage Powder\n|move|p2b: Kingambit|Kowtow Cleave|p1b: Sinistcha\n|-supereffective|p1b: Sinistcha|1\n|-damage|p1b: Sinistcha|0 fnt\n|faint|p1b: Sinistcha\n|move|p2a: Farigiraf|Psychic|p1a: Sneasler\n|-supereffective|p1a: Sneasler|2\n|-enditem|p1a: Sneasler|Focus Sash\n|-damage|p1a: Sneasler|1/100\n|move|p1a: Sneasler|Close Combat|p2b: Kingambit\n|-supereffective|p2b: Kingambit|2\n|-damage|p2b: Kingambit|0 fnt\n|-unboost|p1a: Sneasler|def|1\n|-unboost|p1a: Sneasler|spd|1\n|faint|p2b: Kingambit\n|\n|-fieldend|move: Trick Room\n|upkeep\n|\n|t:|1788324797\n|switch|p1b: Incineroar|Incineroar, L50, M|70/100\n|-ability|p1b: Incineroar|Intimidate|boost\n|-unboost|p2a: Farigiraf|atk|1\n|turn|7\n|\n|t:|1788324817\n|move|p1a: Sneasler|Close Combat|p2a: Farigiraf\n|-damage|p2a: Farigiraf|53/100\n|-unboost|p1a: Sneasler|def|1\n|-unboost|p1a: Sneasler|spd|1\n|move|p1b: Incineroar|Darkest Lariat|p2a: Farigiraf\n|-supereffective|p2a: Farigiraf|1\n|-damage|p2a: Farigiraf|0 fnt\n|faint|p2a: Farigiraf\n|\n|win|showerpiss\n","uploadtime":1788324817,"views":"0","formatid":"gen9championsvgc2026regmbbo3","rating":null,"private":0,"password":null}