{"id":"gen9championsvgc2026regmbbo3-2673540818","format":"[Gen 9 Champions] VGC 2026 Reg M-B (Bo3)","players":["Shaymin frohawk","Benny0000"],"log":"|j|☆Shaymin frohawk\n|j|☆Benny0000\n|html|<table width=\"100%\"><tr><td align=\"left\">Shaymin frohawk</td><td align=\"right\">Benny0000</tr><tr><td align=\"left\"><i class=\"fa fa-circle-o\"></i> <i class=\"fa fa-circle-o\"></i> </td><td align=\"right\"><i class=\"fa fa-circle-o\"></i> <i class=\"fa fa-circle-o\"></i> </tr></table>\n|uhtml|bestof|<h2><strong>Game 1</strong> of <a href=\"/game-bestof3-gen9championsvgc2026regmbbo3-2673540816\">a best-of-3</a></h2>\n|t:|1788210545\n|gametype|doubles\n|player|p1|Shaymin frohawk|170|1355\n|player|p2|Benny0000|265|1347\n|gen|9\n|tier|[Gen 9 Champions] VGC 2026 Reg M-B (Bo3)\n|rated|\n|rule|Species Clause: Limit one of each Pokémon\n|rule|Item Clause: Limit 1 of each item\n|clearpoke\n|poke|p1|Venusaur, L50, M|\n|poke|p1|Primarina, L50, F|\n|poke|p1|Kingambit, L50, F|\n|poke|p1|Farigiraf, L50, M|\n|poke|p1|Torkoal, L50, F|\n|poke|p1|Blaziken, L50, F|\n|poke|p2|Incineroar, L50, F|\n|poke|p2|Floette-Eternal, L50, F|\n|poke|p2|Sneasler, L50, F|\n|poke|p2|Sinistcha, L50|\n|poke|p2|Kingambit, L50, F|\n|poke|p2|Garchomp, L50, F|\n|teampreview|4\n|showteam|p1|Venusaur||OccaBerry|Chlorophyll|LeafStorm,SludgeBomb,SleepPowder,Protect|Timid||M|||50|]Primarina||LifeOrb|LiquidVoice|Protect,HyperVoice,Moonblast,AquaJet|Quiet||F|||50|]Kingambit||FocusSash|Defiant|KowtowCleave,SuckerPunch,IronHead,Protect|Adamant||F|||50|]Farigiraf||SitrusBerry|ArmorTail|Psychic,Thunderbolt,Protect,TrickRoom|Bold||M|||50|]Torkoal||Charcoal|Drought|WeatherBall,HelpingHand,Eruption,Protect|Quiet||F|||50|]Blaziken||Blazikenite|SpeedBoost|FlareBlitz,CloseCombat,RockSlide,Detect|Adamant||F|||50|\n|showteam|p2|Incineroar||Leftovers|Intimidate|FakeOut,HelpingHand,PartingShot,FlareBlitz|Sassy||F|||50|]Floette-Eternal||Floettite|FlowerVeil|CalmMind,DrainingKiss,DazzlingGleam,Protect|Timid||F|||50|]Sneasler||FocusSash|PoisonTouch|FakeOut,Coaching,CloseCombat,DireClaw|Jolly||F|||50|]Sinistcha||SitrusBerry|Hospitality|RagePowder,TrickRoom,MatchaGotcha,Protect|Bold|||||50|]Kingambit||BlackGlasses|Defiant|SwordsDance,SuckerPunch,KowtowCleave,Protect|Adamant||F|||50|]Garchomp||Garchompite|RoughSkin|Earthquake,StompingTantrum,RockSlide,Protect|Jolly||F|||50|\n|\n|t:|1788210591\n|teamsize|p1|4\n|teamsize|p2|4\n|start\n|switch|p1a: Blaziken|Blaziken, L50, F|100/100\n|switch|p1b: Farigiraf|Farigiraf, L50, M|100/100\n|switch|p2a: Floette|Floette-Eternal, L50, F|100/100\n|switch|p2b: Garchomp|Garchomp, L50, F|100/100\n|turn|1\n|inactive|Battle timer is ON: inactive players will automatically lose when time's up. (requested by Benny0000)\n|\n|t:|1788210625\n|switch|p1a: Primarina|Primarina, L50, F|100/100\n|detailschange|p2a: Floette|Floette-Mega, L50, F\n|-mega|p2a: Floette|Floette|Floettite\n|-ability|p2a: Floette|Fairy Aura\n|move|p2b: Garchomp|Stomping Tantrum|p1a: Primarina\n|-damage|p1a: Primarina|59/100\n|move|p2a: Floette|Dazzling Gleam|p1a: Primarina|[spread] p1a,p1b\n|-damage|p1a: Primarina|24/100\n|-damage|p1b: Farigiraf|62/100\n|move|p1b: Farigiraf|Trick Room|p1b: Farigiraf\n|-fieldstart|move: Trick Room|[of] p1b: Farigiraf\n|\n|upkeep\n|turn|2\n|inactive|Benny0000 has 30 seconds left.\n|\n|t:|1788210651\n|switch|p1b: Kingambit|Kingambit, L50, F|100/100\n|move|p2b: Garchomp|Protect|p2b: Garchomp\n|-singleturn|p2b: Garchomp|Protect\n|move|p1a: Primarina|Moonblast|p2a: Floette\n|-damage|p2a: Floette|28/100\n|-damage|p1a: Primarina|14/100|[from] item: Life Orb\n|move|p2a: Floette|Dazzling Gleam|p1a: Primarina|[spread] p1a,p1b\n|-damage|p1a: Primarina|0 fnt\n|-damage|p1b: Kingambit|49/100\n|faint|p1a: Primarina\n|\n|upkeep\n|\n|t:|1788210657\n|switch|p1a: Farigiraf|Farigiraf, L50, M|62/100\n|turn|3\n|\n|t:|1788210679\n|switch|p2a: Sneasler|Sneasler, L50, F|100/100\n|move|p1a: Farigiraf|Psychic|p2b: Garchomp\n|-damage|p2b: Garchomp|62/100\n|move|p1b: Kingambit|Kowtow Cleave|p2b: Garchomp\n|-damage|p2b: Garchomp|18/100\n|-damage|p1b: Kingambit|36/100|[from] ability: Rough Skin|[of] p2b: Garchomp\n|move|p2b: Garchomp|Stomping Tantrum|p1b: Kingambit\n|-supereffective|p1b: Kingambit|1\n|-damage|p1b: Kingambit|0 fnt\n|faint|p1b: Kingambit\n|\n|upkeep\n|\n|t:|1788210683\n|switch|p1b: Blaziken|Blaziken, L50, F|100/100\n|turn|4\n|\n|t:|1788210707\n|detailschange|p1b: Blaziken|Blaziken-Mega, L50, F\n|-mega|p1b: Blaziken|Blaziken|Blazikenite\n|move|p1a: Farigiraf|Psychic|p2a: Sneasler\n|-supereffective|p2a: Sneasler|2\n|-enditem|p2a: Sneasler|Focus Sash\n|-damage|p2a: Sneasler|1/100\n|move|p1b: Blaziken|Rock Slide|p2a: Sneasler|[spread] p2a,p2b\n|-resisted|p2a: Sneasler|1\n|-resisted|p2b: Garchomp|1\n|-damage|p2a: Sneasler|0 fnt\n|-damage|p2b: Garchomp|5/100\n|faint|p2a: Sneasler\n|move|p2b: Garchomp|Stomping Tantrum|p1b: Blaziken\n|-supereffective|p1b: Blaziken|1\n|-damage|p1b: Blaziken|0 fnt\n|faint|p1b: Blaziken\n|\n|upkeep\n|\n|t:|1788210727\n|switch|p2a: Incineroar|Incineroar, L50, F|100/100\n|-ability|p2a: Incineroar|Intimidate|boost\n|-unboost|p1a: Farigiraf|atk|1\n|turn|5\n|\n|t:|1788210741\n|move|p2a: Incineroar|Flare Blitz|p1a: Farigiraf\n|-damage|p1a: Farigiraf|27/100\n|-enditem|p1a: Farigiraf|Sitrus Berry|[eat]\n|-heal|p1a: Farigiraf|52/100|[from] item: Sitrus Berry\n|-damage|p2a: Incineroar|87/100|[from] Recoil\n|move|p1a: Farigiraf|Psychic|p2b: Garchomp\n|-damage|p2b: Garchomp|0 fnt\n|faint|p2b: Garchomp\n|\n|-heal|p2a: Incineroar|93/100|[from] item: Leftovers\n|-fieldend|move: Trick Room\n|upkeep\n|\n|t:|1788210752\n|switch|p2b: Floette|Floette-Mega, L50, F|28/100\n|-ability|p2b: Floette|Fairy Aura\n|turn|6\n|\n|t:|1788210759\n|move|p2b: Floette|Dazzling Gleam|p1a: Farigiraf\n|-damage|p1a: Farigiraf|0 fnt\n|faint|p1a: Farigiraf\n|\n|win|Benny0000\n","uploadtime":1788210759,"views":"9","formatid":"gen9championsvgc2026regmbbo3","rating":null,"private":0,"password":null}