{"id":"gen9championsvgc2026regmb-2674102589","format":"[Gen 9 Champions] VGC 2026 Reg M-B","players":["R1ply","septacon"],"log":"|j|☆R1ply\n|j|☆septacon\n|t:|1788299465\n|gametype|doubles\n|player|p1|R1ply|acetrainer-gen4dp|1110\n|player|p2|septacon|winona|1103\n|gen|9\n|tier|[Gen 9 Champions] VGC 2026 Reg M-B\n|rated|\n|rule|Species Clause: Limit one of each Pokémon\n|rule|Item Clause: Limit 1 of each item\n|clearpoke\n|poke|p1|Raichu, L50, F|\n|poke|p1|Staraptor, L50, M|\n|poke|p1|Kingambit, L50, F|\n|poke|p1|Sylveon, L50, F|\n|poke|p1|Farigiraf, L50, M|\n|poke|p1|Arcanine-Hisui, L50, M|\n|poke|p2|Absol, L50, M, shiny|\n|poke|p2|Whimsicott, L50, F, shiny|\n|poke|p2|Heliolisk, L50, F, shiny|\n|poke|p2|Oranguru, L50, F, shiny|\n|poke|p2|Dragapult, L50, M, shiny|\n|poke|p2|Lucario, L50, M, shiny|\n|teampreview|4\n|inactive|Battle timer is ON: inactive players will automatically lose when time's up. (requested by septacon)\n|inactive|R1ply also wants the timer to be on.\n|inactive|R1ply has 60 seconds left.\n|\n|t:|1788299506\n|teamsize|p1|4\n|teamsize|p2|4\n|start\n|switch|p1a: Staraptor|Staraptor, L50, M|100/100\n|switch|p1b: Kingambit|Kingambit, L50, F|100/100\n|switch|p2a: Whimsicott|Whimsicott, L50, F, shiny|100/100\n|switch|p2b: Heliolisk|Heliolisk, L50, F, shiny|100/100\n|-ability|p1a: Staraptor|Intimidate|boost\n|-unboost|p2a: Whimsicott|atk|1\n|-unboost|p2b: Heliolisk|atk|1\n|turn|1\n|inactive|R1ply has 30 seconds left.\n|\n|t:|1788299532\n|switch|p1a: Farigiraf|Farigiraf, L50, M|100/100\n|move|p2a: Whimsicott|Tailwind|p2a: Whimsicott\n|-sidestart|p2: septacon|move: Tailwind\n|move|p2b: Heliolisk|Shed Tail|p2b: Heliolisk\n|-start|p2b: Heliolisk|Substitute|[from] move: Shed Tail\n|-damage|p2b: Heliolisk|49/100\n|-enditem|p2b: Heliolisk|Sitrus Berry|[eat]\n|-heal|p2b: Heliolisk|74/100|[from] item: Sitrus Berry\n|\n|t:|1788299540\n|switch|p2b: Oranguru|Oranguru, L50, F, shiny|100/100|[from] Shed Tail\n|move|p1b: Kingambit|Swords Dance|p1b: Kingambit\n|-boost|p1b: Kingambit|atk|2\n|\n|upkeep\n|turn|2\n|\n|t:|1788299563\n|move|p2a: Whimsicott|Moonblast|p1a: Farigiraf\n|-damage|p1a: Farigiraf|77/100\n|-unboost|p1a: Farigiraf|spa|1\n|move|p2b: Oranguru|Imprison|p2b: Oranguru\n|-start|p2b: Oranguru|move: Imprison\n|move|p1b: Kingambit|Kowtow Cleave|p2b: Oranguru\n|-supereffective|p2b: Oranguru|1\n|-end|p2b: Oranguru|Substitute\n|-damage|p1b: Kingambit|90/100|[from] item: Life Orb\n|cant|p1a: Farigiraf|move: Imprison|Trick Room\n|\n|upkeep\n|turn|3\n|inactive|R1ply has 30 seconds left.\n|\n|t:|1788299597\n|switch|p2b: Heliolisk|Heliolisk, L50, F, shiny|74/100\n|move|p1a: Farigiraf|Helping Hand|p1b: Kingambit\n|-singleturn|p1b: Kingambit|Helping Hand|[of] p1a: Farigiraf\n|move|p2a: Whimsicott|Protect|p2a: Whimsicott\n|-singleturn|p2a: Whimsicott|Protect\n|move|p1b: Kingambit|Kowtow Cleave|p2b: Heliolisk\n|-damage|p2b: Heliolisk|0 fnt\n|faint|p2b: Heliolisk\n|-damage|p1b: Kingambit|80/100|[from] item: Life Orb\n|\n|upkeep\n|\n|t:|1788299608\n|switch|p2b: Absol|Absol, L50, M, shiny|100/100\n|turn|4\n|\n|t:|1788299622\n|switch|p1a: Sylveon|Sylveon, L50, F|100/100\n|move|p2a: Whimsicott|Beat Up|p2b: Absol\n|-resisted|p2b: Absol|1\n|-damage|p2b: Absol|98/100\n|-ability|p2b: Absol|Justified|boost\n|-boost|p2b: Absol|atk|1\n|-resisted|p2b: Absol|1\n|-damage|p2b: Absol|96/100\n|-ability|p2b: Absol|Justified|boost\n|-boost|p2b: Absol|atk|1\n|-resisted|p2b: Absol|1\n|-damage|p2b: Absol|95/100\n|-ability|p2b: Absol|Justified|boost\n|-boost|p2b: Absol|atk|1\n|-hitcount|p2b: Absol|3\n|move|p2b: Absol|Close Combat|p1b: Kingambit\n|-supereffective|p1b: Kingambit|2\n|-damage|p1b: Kingambit|0 fnt\n|-unboost|p2b: Absol|def|1\n|-unboost|p2b: Absol|spd|1\n|faint|p1b: Kingambit\n|\n|-sideend|p2: septacon|move: Tailwind\n|upkeep\n|\n|t:|1788299635\n|switch|p1b: Staraptor|Staraptor, L50, M|100/100\n|-ability|p1b: Staraptor|Intimidate|boost\n|-unboost|p2a: Whimsicott|atk|1\n|-unboost|p2b: Absol|atk|1\n|turn|5\n|inactive|R1ply has 30 seconds left.\n|inactive|septacon has 30 seconds left.\n|\n|t:|1788299668\n|switch|p1b: Farigiraf|Farigiraf, L50, M|77/100\n|move|p1a: Sylveon|Detect|p1a: Sylveon\n|-singleturn|p1a: Sylveon|Protect\n|move|p2a: Whimsicott|Beat Up|p2b: Absol\n|-resisted|p2b: Absol|1\n|-crit|p2b: Absol\n|-damage|p2b: Absol|90/100\n|-ability|p2b: Absol|Justified|boost\n|-boost|p2b: Absol|atk|1\n|-resisted|p2b: Absol|1\n|-damage|p2b: Absol|88/100\n|-ability|p2b: Absol|Justified|boost\n|-boost|p2b: Absol|atk|1\n|-resisted|p2b: Absol|1\n|-damage|p2b: Absol|87/100\n|-ability|p2b: Absol|Justified|boost\n|-boost|p2b: Absol|atk|1\n|-hitcount|p2b: Absol|3\n|move|p2b: Absol|Close Combat|p1a: Sylveon\n|-activate|p1a: Sylveon|move: Protect\n|\n|upkeep\n|turn|6\n|inactive|R1ply has 30 seconds left.\n|\n|t:|1788299699\n|detailschange|p2b: Absol|Absol-Mega, L50, M, shiny\n|-mega|p2b: Absol|Absol|Absolite\n|move|p2a: Whimsicott|Tailwind|p2a: Whimsicott\n|-sidestart|p2: septacon|move: Tailwind\n|move|p2b: Absol|Close Combat|p1b: Farigiraf\n|-damage|p1b: Farigiraf|0 fnt\n|-unboost|p2b: Absol|def|1\n|-unboost|p2b: Absol|spd|1\n|faint|p1b: Farigiraf\n|move|p1a: Sylveon|Hyper Voice|p2b: Absol|[spread] p2a,p2b\n|-supereffective|p2b: Absol|1\n|-damage|p2a: Whimsicott|22/100\n|-damage|p2b: Absol|0 fnt\n|faint|p2b: Absol\n|\n|upkeep\n|\n|t:|1788299714\n|switch|p2b: Oranguru|Oranguru, L50, F, shiny|100/100\n|switch|p1b: Staraptor|Staraptor, L50, M|100/100\n|-ability|p1b: Staraptor|Intimidate|boost\n|-unboost|p2a: Whimsicott|atk|1\n|-unboost|p2b: Oranguru|atk|1\n|turn|7\n|\n|t:|1788299731\n|detailschange|p1b: Staraptor|Staraptor-Mega, L50, M\n|-mega|p1b: Staraptor|Staraptor|Staraptite\n|move|p2a: Whimsicott|Moonblast|p1b: Staraptor\n|-supereffective|p1b: Staraptor|1\n|-damage|p1b: Staraptor|37/100\n|move|p1b: Staraptor|Close Combat|p2b: Oranguru\n|-damage|p2b: Oranguru|34/100\n|-boost|p1b: Staraptor|def|1\n|-boost|p1b: Staraptor|spd|1\n|move|p2b: Oranguru|Instruct|p2a: Whimsicott\n|-singleturn|p2a: Whimsicott|move: Instruct|[of] p2b: Oranguru\n|move|p2a: Whimsicott|Moonblast|p1b: Staraptor\n|-supereffective|p1b: Staraptor|1\n|-damage|p1b: Staraptor|0 fnt\n|faint|p1b: Staraptor\n|move|p1a: Sylveon|Hyper Beam|p2b: Oranguru\n|-damage|p2b: Oranguru|0 fnt\n|-mustrecharge|p1a: Sylveon\n|faint|p2b: Oranguru\n|\n|upkeep\n|turn|8\n|\n|t:|1788299750\n|move|p2a: Whimsicott|Moonblast|p1a: Sylveon\n|-damage|p1a: Sylveon|78/100\n|cant|p1a: Sylveon|recharge\n|\n|upkeep\n|turn|9\n|-message|septacon forfeited.\n|\n|win|R1ply\n|raw|R1ply's rating: 1110 &rarr; <strong>1134</strong><br />(+24 for winning)\n|raw|septacon's rating: 1103 &rarr; <strong>1079</strong><br />(-24 for losing)\n|l|☆septacon\n|player|p2|\n","uploadtime":1788299758,"views":"3","formatid":"gen9championsvgc2026regmb","rating":1079,"private":0,"password":null}