{"id":"gen9championsvgc2026regmb-2674906529","format":"[Gen 9 Champions] VGC 2026 Reg M-B","players":["lebrero","Thornlace48812"],"log":"|j|☆lebrero\n|j|☆Thornlace48812\n|t:|1788433558\n|gametype|doubles\n|player|p1|lebrero|170|1329\n|player|p2|Thornlace48812|102|1255\n|gen|9\n|tier|[Gen 9 Champions] VGC 2026 Reg M-B\n|rated|\n|rule|Species Clause: Limit one of each Pokémon\n|rule|Item Clause: Limit 1 of each item\n|clearpoke\n|poke|p1|Aegislash, L50, M|\n|poke|p1|Grimmsnarl, L50, M|\n|poke|p1|Volcarona, L50, M|\n|poke|p1|Gyarados, L50, M|\n|poke|p1|Raichu, L50, F|\n|poke|p1|Ninetales-Alola, L50, F|\n|poke|p2|Garchomp, L50, M|\n|poke|p2|Charizard, L50, F|\n|poke|p2|Whimsicott, L50, F|\n|poke|p2|Sylveon, L50, F|\n|poke|p2|Kingambit, L50, F|\n|poke|p2|Basculegion, L50, M|\n|teampreview|4\n|inactive|Battle timer is ON: inactive players will automatically lose when time's up. (requested by Thornlace48812)\nThornlace48812 rejected open team sheets.\n|\n|t:|1788433574\n|teamsize|p1|4\n|teamsize|p2|4\n|start\n|switch|p1a: Grimmsnarl|Grimmsnarl, L50, M|100/100\n|switch|p1b: Raichu|Raichu, L50, F|100/100\n|switch|p2a: Charizard|Charizard, L50, F|100/100\n|switch|p2b: Sylveon|Sylveon, L50, F|100/100\n|turn|1\n|\n|t:|1788433588\n|detailschange|p1b: Raichu|Raichu-Mega-Y, L50, F\n|-mega|p1b: Raichu|Raichu|Raichunite Y\n|move|p2a: Charizard|Protect|p2a: Charizard\n|-singleturn|p2a: Charizard|Protect\n|move|p1a: Grimmsnarl|Fake Out|p2b: Sylveon\n|-damage|p2b: Sylveon|84/100\n|move|p1b: Raichu|Zap Cannon|p2a: Charizard\n|-activate|p2a: Charizard|move: Protect\n|cant|p2b: Sylveon|flinch\n|\n|upkeep\n|turn|2\n|\n|t:|1788433605\n|detailschange|p2a: Charizard|Charizard-Mega-Y, L50, F\n|-mega|p2a: Charizard|Charizard|Charizardite Y\n|-weather|SunnyDay|[from] ability: Drought|[of] p2a: Charizard\n|move|p1a: Grimmsnarl|Parting Shot|p2a: Charizard\n|-unboost|p2a: Charizard|atk|1\n|-unboost|p2a: Charizard|spa|1\n|\n|t:|1788433616\n|switch|p1a: Volcarona|Volcarona, L50, M|100/100|[from] Parting Shot\n|move|p1b: Raichu|Zap Cannon|p2b: Sylveon\n|-damage|p2b: Sylveon|25/100\n|-status|p2b: Sylveon|par\n|move|p2a: Charizard|Heat Wave|p1a: Volcarona|[spread] p1a,p1b\n|-damage|p1a: Volcarona|65/100\n|-damage|p1b: Raichu|29/100\n|move|p2b: Sylveon|Hyper Voice|p1a: Volcarona|[spread] p1a,p1b\n|-resisted|p1a: Volcarona|1\n|-damage|p1a: Volcarona|43/100\n|-damage|p1b: Raichu|0 fnt\n|faint|p1b: Raichu\n|\n|-weather|SunnyDay|[upkeep]\n|upkeep\n|\n|t:|1788433636\n|switch|p1b: Grimmsnarl|Grimmsnarl, L50, M|100/100\n|turn|3\n|\n|t:|1788433644\n|switch|p2a: Whimsicott|Whimsicott, L50, F|100/100\n|move|p1b: Grimmsnarl|Fake Out|p2b: Sylveon\n|-damage|p2b: Sylveon|10/100 par\n|move|p1a: Volcarona|Tailwind|p1a: Volcarona\n|-sidestart|p1: lebrero|move: Tailwind\n|cant|p2b: Sylveon|flinch\n|\n|-weather|SunnyDay|[upkeep]\n|upkeep\n|turn|4\n|\n|t:|1788433660\n|move|p2a: Whimsicott|Tailwind|p2a: Whimsicott\n|-sidestart|p2: Thornlace48812|move: Tailwind\n|move|p1b: Grimmsnarl|Parting Shot|p2a: Whimsicott\n|-unboost|p2a: Whimsicott|atk|1\n|-unboost|p2a: Whimsicott|spa|1\n|\n|t:|1788433665\n|switch|p1b: Ninetales|Ninetales-Alola, L50, F|100/100|[from] Parting Shot\n|-weather|Snowscape|[from] ability: Snow Warning|[of] p1b: Ninetales\n|move|p1a: Volcarona|Heat Wave|p2b: Sylveon|[spread] p2a,p2b\n|-supereffective|p2a: Whimsicott|1\n|-enditem|p2a: Whimsicott|Focus Sash\n|-damage|p2a: Whimsicott|1/100\n|-damage|p2b: Sylveon|0 fnt\n|faint|p2b: Sylveon\n|\n|-weather|Snowscape|[upkeep]\n|upkeep\n|\n|t:|1788433666\n|switch|p2b: Charizard|Charizard-Mega-Y, L50, F|100/100\n|-weather|SunnyDay|[from] ability: Drought|[of] p2b: Charizard\n|turn|5\n|\n|t:|1788433687\n|switch|p1b: Grimmsnarl|Grimmsnarl, L50, M|100/100\n|move|p2a: Whimsicott|Moonblast|p1b: Grimmsnarl\n|-supereffective|p1b: Grimmsnarl|1\n|-damage|p1b: Grimmsnarl|55/100\n|move|p2b: Charizard|Heat Wave|p1a: Volcarona|[spread] p1a,p1b\n|-damage|p1a: Volcarona|0 fnt\n|-damage|p1b: Grimmsnarl|0 fnt\n|faint|p1a: Volcarona\n|faint|p1b: Grimmsnarl\n|\n|-weather|SunnyDay|[upkeep]\n|upkeep\n|\n|t:|1788433700\n|switch|p1b: Ninetales|Ninetales-Alola, L50, F|100/100\n|-weather|Snowscape|[from] ability: Snow Warning|[of] p1b: Ninetales\n|turn|6\n|\n|t:|1788433706\n|move|p2a: Whimsicott|Protect|p2a: Whimsicott\n|-singleturn|p2a: Whimsicott|Protect\n|move|p1b: Ninetales|Blizzard|p2b: Charizard|[spread] p2b\n|-activate|p2a: Whimsicott|move: Protect\n|-damage|p2b: Charizard|66/100\n|move|p2b: Charizard|Heat Wave|p1b: Ninetales\n|-supereffective|p1b: Ninetales|1\n|-enditem|p1b: Ninetales|Focus Sash\n|-damage|p1b: Ninetales|1/100\n|\n|-weather|Snowscape|[upkeep]\n|-sideend|p1: lebrero|move: Tailwind\n|upkeep\n|turn|7\n|\n|t:|1788433719\n|move|p2a: Whimsicott|Moonblast|p1b: Ninetales\n|-damage|p1b: Ninetales|0 fnt\n|faint|p1b: Ninetales\n|\n|win|Thornlace48812\n|raw|lebrero's rating: 1329 &rarr; <strong>1304</strong><br />(-25 for losing)\n|raw|Thornlace48812's rating: 1234 &rarr; <strong>1266</strong><br />(+32 for winning)\n","uploadtime":1788433721,"views":"1","formatid":"gen9championsvgc2026regmb","rating":1266,"private":0,"password":null}