{"id":"gen9championsvgc2026regmbbo3-2674528348","format":"[Gen 9 Champions] VGC 2026 Reg M-B (Bo3)","players":["LordKameni","g1g1o"],"log":"|j|☆LordKameni\n|j|☆g1g1o\n|html|<table width=\"100%\"><tr><td align=\"left\">LordKameni</td><td align=\"right\">g1g1o</tr><tr><td align=\"left\"><i class=\"fa fa-circle\"></i> <i class=\"fa fa-circle-o\"></i> </td><td align=\"right\"><i class=\"fa fa-circle-o\"></i> <i class=\"fa fa-circle-o\"></i> </tr></table>\n|uhtml|bestof|<h2><strong>Game 2</strong> of <a href=\"/game-bestof3-gen9championsvgc2026regmbbo3-2674525857\">a best-of-3</a></h2>\n|t:|1788370370\n|gametype|doubles\n|player|p1|LordKameni|265|1180\n|player|p2|g1g1o|giovanni|1203\n|gen|9\n|tier|[Gen 9 Champions] VGC 2026 Reg M-B (Bo3)\n|rated|\n|rule|Species Clause: Limit one of each Pokémon\n|rule|Item Clause: Limit 1 of each item\n|clearpoke\n|poke|p1|Blastoise, L50, M|\n|poke|p1|Sneasler, L50, M|\n|poke|p1|Incineroar, L50, M|\n|poke|p1|Delphox, L50, M|\n|poke|p1|Sinistcha, L50|\n|poke|p1|Kingambit, L50, M|\n|poke|p2|Aegislash, L50, M, shiny|\n|poke|p2|Politoed, L50, M|\n|poke|p2|Dragonite, L50, F, shiny|\n|poke|p2|Tsareena, L50, F|\n|poke|p2|Grimmsnarl, L50, M|\n|poke|p2|Blaziken, L50, F|\n|teampreview|4\n|showteam|p1|Blastoise||Blastoisinite|RainDish|ShellSmash,Protect,WaterSpout,DarkPulse|Modest||M|||50|]Sneasler||FocusSash|PoisonTouch|FakeOut,CloseCombat,PoisonJab,QuickGuard|Jolly||M|||50|]Incineroar||SitrusBerry|Intimidate|DarkestLariat,FakeOut,PartingShot,FlareBlitz|Impish||M|||50|]Delphox||Delphoxite|Blaze|Protect,Psychic,NastyPlot,HeatWave|Timid||M|||50|]Sinistcha||OccaBerry|Hospitality|Protect,MatchaGotcha,RagePowder,LifeDew|Serious|||||50|]Kingambit||BlackGlasses|Defiant|SuckerPunch,KowtowCleave,Protect,SwordsDance|Adamant||M|||50|\n|showteam|p2|Aegislash||Leftovers|StanceChange|KingsShield,FlashCannon,ShadowBall,Substitute|Quiet||M|||50|]Politoed||MysticWater|Drizzle|HelpingHand,IcyWind,MuddyWater,Protect|Modest||M|||50|]Dragonite||Dragoninite|InnerFocus|Hurricane,DracoMeteor,Thunder,Tailwind|Timid||F|||50|]Tsareena||SitrusBerry|QueenlyMajesty|TripleAxel,TropKick,Protect,KnockOff|Adamant||F|||50|]Grimmsnarl||LightClay|Prankster|SpiritBreak,SuckerPunch,Reflect,LightScreen|Adamant||M|||50|]Blaziken||Blazikenite|SpeedBoost|RockSlide,Detect,CloseCombat,FlareBlitz|Adamant||F|||50|\n|inactive|Battle timer is ON: inactive players will automatically lose when time's up. (requested by g1g1o)\n|\n|t:|1788370378\n|teamsize|p1|4\n|teamsize|p2|4\n|start\n|switch|p1a: Blastoise|Blastoise, L50, M|100/100\n|switch|p1b: Sneasler|Sneasler, L50, M|100/100\n|switch|p2a: Dragonite|Dragonite, L50, F, shiny|100/100\n|switch|p2b: Grimmsnarl|Grimmsnarl, L50, M|100/100\n|turn|1\n|inactive|LordKameni has 30 seconds left.\n|inactive|g1g1o has 30 seconds left.\n|inactive|g1g1o has 20 seconds left.\n|inactive|g1g1o has 15 seconds left.\n|\n|t:|1788370421\n|detailschange|p1a: Blastoise|Blastoise-Mega, L50, M\n|-mega|p1a: Blastoise|Blastoise|Blastoisinite\n|move|p1a: Blastoise|Protect|p1a: Blastoise\n|-singleturn|p1a: Blastoise|Protect\n|move|p2b: Grimmsnarl|Light Screen|p2b: Grimmsnarl\n|-sidestart|p2: g1g1o|move: Light Screen\n|move|p1b: Sneasler|Poison Jab|p2b: Grimmsnarl\n|-supereffective|p2b: Grimmsnarl|1\n|-damage|p2b: Grimmsnarl|12/100\n|-status|p2b: Grimmsnarl|psn|[from] ability: Poison Touch|[of] p1b: Sneasler\n|move|p2a: Dragonite|Tailwind|p2a: Dragonite\n|-sidestart|p2: g1g1o|move: Tailwind\n|\n|-damage|p2b: Grimmsnarl|1/100 psn|[from] psn\n|upkeep\n|turn|2\n|inactive|LordKameni has 30 seconds left.\n|inactive|g1g1o has 30 seconds left.\n|\n|t:|1788370449\n|switch|p1a: Sinistcha|Sinistcha, L50|100/100\n|detailschange|p2a: Dragonite|Dragonite-Mega, L50, F, shiny\n|-mega|p2a: Dragonite|Dragonite|Dragoninite\n|move|p2b: Grimmsnarl|Reflect|p2b: Grimmsnarl\n|-sidestart|p2: g1g1o|Reflect\n|move|p2a: Dragonite|Thunder|p1a: Sinistcha|[miss]\n|-miss|p2a: Dragonite|p1a: Sinistcha\n|move|p1b: Sneasler|Poison Jab|p2a: Dragonite\n|-damage|p2a: Dragonite|89/100\n|\n|-damage|p2b: Grimmsnarl|0 fnt|[from] psn\n|faint|p2b: Grimmsnarl\n|upkeep\n|\n|t:|1788370457\n|switch|p2b: Aegislash|Aegislash, L50, M, shiny|100/100\n|turn|3\n|\n|t:|1788370477\n|move|p1a: Sinistcha|Protect|p1a: Sinistcha\n|-singleturn|p1a: Sinistcha|Protect\n|move|p2a: Dragonite|Hurricane|p1b: Sneasler|[miss]\n|-miss|p2a: Dragonite|p1b: Sneasler\n|move|p1b: Sneasler|Poison Jab|p2a: Dragonite\n|-crit|p2a: Dragonite\n|-damage|p2a: Dragonite|40/100\n|-status|p2a: Dragonite|psn\n|move|p2b: Aegislash|Substitute|p2b: Aegislash\n|-start|p2b: Aegislash|Substitute\n|-damage|p2b: Aegislash|75/100\n|\n|-heal|p2b: Aegislash|81/100|[from] item: Leftovers\n|-damage|p2a: Dragonite|28/100 psn|[from] psn\n|upkeep\n|turn|4\n|inactive|LordKameni has 30 seconds left.\n|inactive|LordKameni has 20 seconds left.\n|\n|t:|1788370517\n|move|p1a: Sinistcha|Rage Powder|p1a: Sinistcha\n|-singleturn|p1a: Sinistcha|move: Rage Powder\n|move|p2a: Dragonite|Hurricane|p1a: Sinistcha\n|-supereffective|p1a: Sinistcha|1\n|-damage|p1a: Sinistcha|0 fnt\n|faint|p1a: Sinistcha\n|move|p1b: Sneasler|Poison Jab|p2a: Dragonite\n|-damage|p2a: Dragonite|7/100 psn\n|-formechange|p2b: Aegislash|Aegislash-Blade|\n|move|p2b: Aegislash|Shadow Ball|p1b: Sneasler\n|-damage|p1b: Sneasler|38/100\n|\n|-heal|p2b: Aegislash|87/100|[from] item: Leftovers\n|-damage|p2a: Dragonite|0 fnt|[from] psn\n|faint|p2a: Dragonite\n|-sideend|p2: g1g1o|move: Tailwind\n|upkeep\n|\n|t:|1788370535\n|switch|p2a: Tsareena|Tsareena, L50, F|100/100\n|switch|p1a: Blastoise|Blastoise-Mega, L50, M|100/100\n|turn|5\n|\n|t:|1788370554\n|switch|p1b: Incineroar|Incineroar, L50, M|100/100\n|-ability|p1b: Incineroar|Intimidate|boost\n|-unboost|p2a: Tsareena|atk|1\n|-immune|p2b: Aegislash\n|move|p1a: Blastoise|Protect|p1a: Blastoise\n|-singleturn|p1a: Blastoise|Protect\n|move|p2a: Tsareena|Trop Kick|p1a: Blastoise\n|-activate|p1a: Blastoise|move: Protect\n|move|p2b: Aegislash|Shadow Ball|p1b: Incineroar\n|-resisted|p1b: Incineroar|1\n|-damage|p1b: Incineroar|81/100\n|-unboost|p1b: Incineroar|spd|1\n|\n|-heal|p2b: Aegislash|93/100|[from] item: Leftovers\n|upkeep\n|turn|6\n|inactive|LordKameni has 30 seconds left.\n|inactive|LordKameni has 20 seconds left.\n|inactive|g1g1o has 30 seconds left.\n|inactive|LordKameni has 15 seconds left.\n|inactive|LordKameni has 10 seconds left.\n|\n|t:|1788370600\n|switch|p1a: Sneasler|Sneasler, L50, M|38/100\n|-formechange|p2b: Aegislash|Aegislash|\n|move|p2b: Aegislash|King's Shield|p2b: Aegislash\n|-singleturn|p2b: Aegislash|Protect\n|move|p2a: Tsareena|Trop Kick|p1a: Sneasler\n|-resisted|p1a: Sneasler|1\n|-damage|p1a: Sneasler|15/100\n|-unboost|p1a: Sneasler|atk|1\n|move|p1b: Incineroar|Parting Shot|p2a: Tsareena\n|-unboost|p2a: Tsareena|atk|1\n|-unboost|p2a: Tsareena|spa|1\n|\n|t:|1788370616\n|switch|p1b: Blastoise|Blastoise-Mega, L50, M|100/100|[from] Parting Shot\n|\n|-heal|p2b: Aegislash|99/100|[from] item: Leftovers\n|upkeep\n|turn|7\n|\n|t:|1788370627\n|move|p1b: Blastoise|Protect|p1b: Blastoise\n|-singleturn|p1b: Blastoise|Protect\n|move|p2a: Tsareena|Protect|p2a: Tsareena\n|-singleturn|p2a: Tsareena|Protect\n|move|p1a: Sneasler|Poison Jab|p2a: Tsareena\n|-activate|p2a: Tsareena|move: Protect\n|-formechange|p2b: Aegislash|Aegislash-Blade|\n|move|p2b: Aegislash|Shadow Ball|p1b: Blastoise\n|-activate|p1b: Blastoise|move: Protect\n|\n|-heal|p2b: Aegislash|100/100|[from] item: Leftovers\n|upkeep\n|turn|8\n|\n|t:|1788370644\n|switch|p1b: Incineroar|Incineroar, L50, M|81/100\n|-ability|p1b: Incineroar|Intimidate|boost\n|-unboost|p2a: Tsareena|atk|1\n|-immune|p2b: Aegislash\n|move|p1a: Sneasler|Poison Jab|p2a: Tsareena\n|-supereffective|p2a: Tsareena|1\n|-damage|p2a: Tsareena|66/100\n|-status|p2a: Tsareena|psn|[from] ability: Poison Touch|[of] p1a: Sneasler\n|move|p2a: Tsareena|Trop Kick|p1b: Incineroar\n|-resisted|p1b: Incineroar|1\n|-damage|p1b: Incineroar|75/100\n|-unboost|p1b: Incineroar|atk|1\n|move|p2b: Aegislash|Shadow Ball|p1a: Sneasler\n|-damage|p1a: Sneasler|0 fnt\n|faint|p1a: Sneasler\n|\n|-damage|p2a: Tsareena|54/100 psn|[from] psn\n|-sideend|p2: g1g1o|move: Light Screen\n|upkeep\n|\n|t:|1788370667\n|switch|p1a: Blastoise|Blastoise-Mega, L50, M|100/100\n|turn|9\n|\n|t:|1788370681\n|move|p1a: Blastoise|Protect|p1a: Blastoise\n|-singleturn|p1a: Blastoise|Protect\n|move|p2a: Tsareena|Knock Off|p1b: Incineroar\n|-resisted|p1b: Incineroar|1\n|-damage|p1b: Incineroar|70/100\n|-enditem|p1b: Incineroar|Sitrus Berry|[from] move: Knock Off|[of] p2a: Tsareena\n|move|p1b: Incineroar|Flare Blitz|p2a: Tsareena\n|-supereffective|p2a: Tsareena|1\n|-damage|p2a: Tsareena|17/100 psn\n|-enditem|p2a: Tsareena|Sitrus Berry|[eat]\n|-heal|p2a: Tsareena|42/100 psn|[from] item: Sitrus Berry\n|-damage|p1b: Incineroar|60/100|[from] Recoil\n|move|p2b: Aegislash|Shadow Ball|p1b: Incineroar\n|-resisted|p1b: Incineroar|1\n|-damage|p1b: Incineroar|41/100\n|\n|-damage|p2a: Tsareena|30/100 psn|[from] psn\n|-sideend|p2: g1g1o|Reflect\n|upkeep\n|turn|10\n|inactive|LordKameni has 30 seconds left.\n|inactive|g1g1o has 30 seconds left.\n|\n|t:|1788370709\n|move|p1a: Blastoise|Dark Pulse|p2a: Tsareena\n|-damage|p2a: Tsareena|0 fnt\n|faint|p2a: Tsareena\n|move|p1b: Incineroar|Darkest Lariat|p2b: Aegislash\n|-supereffective|p2b: Aegislash|1\n|-end|p2b: Aegislash|Substitute\n|move|p2b: Aegislash|Shadow Ball|p1a: Blastoise\n|-damage|p1a: Blastoise|51/100\n|-unboost|p1a: Blastoise|spd|1\n|\n|upkeep\n|turn|11\n|\n|t:|1788370728\n|-formechange|p2b: Aegislash|Aegislash|\n|move|p2b: Aegislash|King's Shield|p2b: Aegislash\n|-singleturn|p2b: Aegislash|Protect\n|move|p1a: Blastoise|Dark Pulse|p2b: Aegislash\n|-activate|p2b: Aegislash|move: Protect\n|move|p1b: Incineroar|Parting Shot|p2b: Aegislash\n|-unboost|p2b: Aegislash|atk|1\n|-unboost|p2b: Aegislash|spa|1\n|\n|upkeep\n|turn|12\n|\n|t:|1788370746\n|move|p1a: Blastoise|Protect|p1a: Blastoise\n|-singleturn|p1a: Blastoise|Protect\n|move|p1b: Incineroar|Darkest Lariat|p2b: Aegislash\n|-supereffective|p2b: Aegislash|1\n|-damage|p2b: Aegislash|67/100\n|-formechange|p2b: Aegislash|Aegislash-Blade|\n|move|p2b: Aegislash|Shadow Ball|p1a: Blastoise\n|-activate|p1a: Blastoise|move: Protect\n|\n|-heal|p2b: Aegislash|73/100|[from] item: Leftovers\n|upkeep\n|turn|13\n|\n|t:|1788370761\n|move|p1a: Blastoise|Dark Pulse|p2b: Aegislash\n|-supereffective|p2b: Aegislash|1\n|-damage|p2b: Aegislash|0 fnt\n|faint|p2b: Aegislash\n|\n|win|LordKameni\n|raw|LordKameni's rating: 1180 &rarr; <strong>1207</strong><br />(+27 for winning)\n|raw|g1g1o's rating: 1203 &rarr; <strong>1176</strong><br />(-27 for losing)\n|l|☆g1g1o\n|player|p2|\n","uploadtime":1788370780,"views":"0","formatid":"gen9championsvgc2026regmbbo3","rating":1176,"private":0,"password":null}