{"id":"gen9championsvgc2026regmbbo3-2673530449","format":"[Gen 9 Champions] VGC 2026 Reg M-B (Bo3)","players":["platinumflare","Dregoth"],"log":"|j|☆platinumflare\n|j|☆Dregoth\n|html|<table width=\"100%\"><tr><td align=\"left\">platinumflare</td><td align=\"right\">Dregoth</tr><tr><td align=\"left\"><i class=\"fa fa-circle\"></i> <i class=\"fa fa-circle-o\"></i> </td><td align=\"right\"><i class=\"fa fa-circle-o\"></i> <i class=\"fa fa-circle\"></i> </tr></table>\n|uhtml|bestof|<h2><strong>Game 3</strong> of <a href=\"/game-bestof3-gen9championsvgc2026regmbbo3-2673528595\">a best-of-3</a></h2>\n|t:|1788209138\n|gametype|doubles\n|player|p1|platinumflare|lance|1296\n|player|p2|Dregoth|volkner|1449\n|gen|9\n|tier|[Gen 9 Champions] VGC 2026 Reg M-B (Bo3)\n|rated|\n|rule|Species Clause: Limit one of each Pokémon\n|rule|Item Clause: Limit 1 of each item\n|clearpoke\n|poke|p1|Blaziken, L50, F|\n|poke|p1|Meowscarada, L50, F|\n|poke|p1|Kingambit, L50, F|\n|poke|p1|Whimsicott, L50, F|\n|poke|p1|Floette-Eternal, L50, F|\n|poke|p1|Farigiraf, L50, M|\n|poke|p2|Charizard, L50, F|\n|poke|p2|Farigiraf, L50, F|\n|poke|p2|Incineroar, L50, F|\n|poke|p2|Rhyperior, L50, M|\n|poke|p2|Aegislash, L50, M|\n|poke|p2|Sylveon, L50, M|\n|teampreview|4\n|showteam|p1|Blaziken||Blazikenite|SpeedBoost|FlareBlitz,CloseCombat,RockSlide,Protect|Adamant||F|||50|]Meowscarada||ChoiceScarf|Protean|FlowerTrick,TripleAxel,KnockOff,Uturn|Adamant||F|||50|]Kingambit||LifeOrb|Defiant|KowtowCleave,LowKick,SuckerPunch,Protect|Adamant||F|||50|]Whimsicott||FocusSash|Prankster|Moonblast,Tailwind,Encore,Protect|Modest||F|||50|]Floette-Eternal||Floettite|FlowerVeil|DazzlingGleam,Moonblast,LightofRuin,Protect|Modest||F|||50|]Farigiraf||SitrusBerry|ArmorTail|TrickRoom,Imprison,Psychic,HyperVoice|Modest||M|||50|\n|showteam|p2|Charizard||CharizarditeY|SolarPower|HeatWave,WeatherBall,SolarBeam,Protect|Modest||F|||50|]Farigiraf||SitrusBerry|ArmorTail|TwinBeam,HelpingHand,TrickRoom,AllySwitch|Calm||F|||50|]Incineroar||Charcoal|Intimidate|FlareBlitz,DarkestLariat,FakeOut,PartingShot|Brave||F|||50|]Rhyperior||LifeOrb|SolidRock|HighHorsepower,RockSlide,IcePunch,Protect|Adamant||M|||50|]Aegislash||FocusSash|StanceChange|Poltergeist,IronHead,CloseCombat,WideGuard|Adamant||M|||50|]Sylveon||FairyFeather|Pixilate|HyperVoice,HyperBeam,Yawn,Protect|Quiet||M|||50|\n|inactive|Battle timer is ON: inactive players will automatically lose when time's up. (requested by platinumflare)\n|\n|t:|1788209150\n|teamsize|p1|4\n|teamsize|p2|4\n|start\n|switch|p1a: Meowscarada|Meowscarada, L50, F|100/100\n|switch|p1b: Kingambit|Kingambit, L50, F|100/100\n|switch|p2a: Aegislash|Aegislash, L50, M|100/100\n|switch|p2b: Farigiraf|Farigiraf, L50, F|100/100\n|turn|1\n|inactive|platinumflare has 30 seconds left.\n|\n|t:|1788209180\n|switch|p2b: Incineroar|Incineroar, L50, F|100/100\n|-ability|p2b: Incineroar|Intimidate|boost\n|-unboost|p1a: Meowscarada|atk|1\n|-unboost|p1b: Kingambit|atk|1\n|-ability|p1b: Kingambit|Defiant|boost\n|-boost|p1b: Kingambit|atk|2\n|move|p1b: Kingambit|Protect|p1b: Kingambit\n|-singleturn|p1b: Kingambit|Protect\n|move|p1a: Meowscarada|Knock Off|p2b: Incineroar\n|-start|p1a: Meowscarada|typechange|Dark|[from] ability: Protean\n|-resisted|p2b: Incineroar|1\n|-damage|p2b: Incineroar|83/100\n|-enditem|p2b: Incineroar|Charcoal|[from] move: Knock Off|[of] p1a: Meowscarada\n|-formechange|p2a: Aegislash|Aegislash-Blade|\n|move|p2a: Aegislash|Close Combat|p1b: Kingambit\n|-activate|p1b: Kingambit|move: Protect\n|\n|upkeep\n|turn|2\n|\n|t:|1788209195\n|switch|p1a: Farigiraf|Farigiraf, L50, M|100/100\n|switch|p2b: Farigiraf|Farigiraf, L50, F|100/100\n|move|p1b: Kingambit|Sucker Punch||[still]\n|cant|p2b: Farigiraf|ability: Armor Tail|Sucker Punch|[of] p1b: Kingambit\n|move|p2a: Aegislash|Close Combat|p1b: Kingambit\n|-supereffective|p1b: Kingambit|2\n|-damage|p1b: Kingambit|0 fnt\n|-unboost|p2a: Aegislash|def|1\n|-unboost|p2a: Aegislash|spd|1\n|faint|p1b: Kingambit\n|\n|upkeep\n|\n|t:|1788209203\n|switch|p1b: Meowscarada|Meowscarada, L50, F|100/100\n|turn|3\n|\n|t:|1788209212\n|move|p1b: Meowscarada|Knock Off|p2a: Aegislash\n|-start|p1b: Meowscarada|typechange|Dark|[from] ability: Protean\n|-supereffective|p2a: Aegislash|1\n|-enditem|p2a: Aegislash|Focus Sash\n|-damage|p2a: Aegislash|1/100\n|move|p2a: Aegislash|Close Combat|p1b: Meowscarada\n|-supereffective|p1b: Meowscarada|1\n|-damage|p1b: Meowscarada|0 fnt\n|-unboost|p2a: Aegislash|def|1\n|-unboost|p2a: Aegislash|spd|1\n|faint|p1b: Meowscarada\n|move|p1a: Farigiraf|Imprison|p1a: Farigiraf\n|-start|p1a: Farigiraf|move: Imprison\n|move|p2b: Farigiraf|Twin Beam|p1a: Farigiraf\n|-resisted|p1a: Farigiraf|1\n|-damage|p1a: Farigiraf|92/100\n|-resisted|p1a: Farigiraf|1\n|-crit|p1a: Farigiraf\n|-damage|p1a: Farigiraf|80/100\n|-hitcount|p1a: Farigiraf|2\n|\n|upkeep\n|\n|t:|1788209215\n|switch|p1b: Blaziken|Blaziken, L50, F|100/100\n|turn|4\n|\n|t:|1788209221\n|detailschange|p1b: Blaziken|Blaziken-Mega, L50, F\n|-mega|p1b: Blaziken|Blaziken|Blazikenite\n|move|p2a: Aegislash|Wide Guard|p2a: Aegislash\n|-singleturn|p2a: Aegislash|Wide Guard\n|move|p1b: Blaziken|Rock Slide|p2a: Aegislash|[spread] \n|-activate|p2a: Aegislash|move: Wide Guard\n|-activate|p2b: Farigiraf|move: Wide Guard\n|move|p1a: Farigiraf|Hyper Voice|p2a: Aegislash|[spread] \n|-activate|p2a: Aegislash|move: Wide Guard\n|-activate|p2b: Farigiraf|move: Wide Guard\n|move|p2b: Farigiraf|Twin Beam|p1b: Blaziken\n|-supereffective|p1b: Blaziken|1\n|-damage|p1b: Blaziken|54/100\n|-supereffective|p1b: Blaziken|1\n|-damage|p1b: Blaziken|15/100\n|-hitcount|p1b: Blaziken|2\n|\n|-ability|p1b: Blaziken|Speed Boost|boost\n|-boost|p1b: Blaziken|spe|1\n|upkeep\n|turn|5\n|\n|t:|1788209233\n|switch|p2a: Incineroar|Incineroar, L50, F|83/100\n|-ability|p2a: Incineroar|Intimidate|boost\n|-unboost|p1a: Farigiraf|atk|1\n|-unboost|p1b: Blaziken|atk|1\n|move|p1b: Blaziken|Close Combat|p2b: Farigiraf\n|-damage|p2b: Farigiraf|50/100g\n|-unboost|p1b: Blaziken|def|1\n|-unboost|p1b: Blaziken|spd|1\n|move|p1a: Farigiraf|Psychic|p2a: Incineroar\n|-immune|p2a: Incineroar\n|move|p2b: Farigiraf|Twin Beam|p1b: Blaziken\n|-supereffective|p1b: Blaziken|1\n|-damage|p1b: Blaziken|0 fnt\n|faint|p1b: Blaziken\n|-hitcount|p1: Blaziken|1\n|\n|upkeep\n|turn|6\n|-message|platinumflare forfeited.\n|\n|win|Dregoth\n|raw|platinumflare's rating: 1296 &rarr; <strong>1281</strong><br />(-15 for losing)\n|raw|Dregoth's rating: 1449 &rarr; <strong>1461</strong><br />(+12 for winning)\n|l|☆Dregoth\n|player|p2|\n","uploadtime":1788209264,"views":"0","formatid":"gen9championsvgc2026regmbbo3","rating":1281,"private":0,"password":null}