{"id":"gen9championsvgc2026regmb-2674324547","format":"[Gen 9 Champions] VGC 2026 Reg M-B","players":["aaoraa","lilactroll"],"log":"|j|☆aaoraa\n|j|☆lilactroll\n|t:|1788341155\n|gametype|doubles\n|player|p1|aaoraa|dawn|1137\n|player|p2|lilactroll|jacinthe|1144\n|gen|9\n|tier|[Gen 9 Champions] VGC 2026 Reg M-B\n|rated|\n|rule|Species Clause: Limit one of each Pokémon\n|rule|Item Clause: Limit 1 of each item\n|clearpoke\n|poke|p1|Dragapult, L50, F, shiny|\n|poke|p1|Archaludon, L50, F|\n|poke|p1|Kingambit, L50, M|\n|poke|p1|Starmie, L50, shiny|\n|poke|p1|Sinistcha, L50|\n|poke|p1|Pelipper, L50, F|\n|poke|p2|Lucario, L50, F|\n|poke|p2|Bastiodon, L50, M|\n|poke|p2|Zoroark-Hisui, L50, M|\n|poke|p2|Vaporeon, L50, F, shiny|\n|poke|p2|Maushold, L50|\n|poke|p2|Pelipper, L50, M|\n|teampreview|4\n|c|☆lilactroll|glhf\n|\n|t:|1788341183\n|teamsize|p1|4\n|teamsize|p2|4\n|start\n|switch|p1a: Dragapult|Dragapult, L50, F, shiny|100/100\n|switch|p1b: Archaludon|Archaludon, L50, F|100/100\n|switch|p2a: Tanky Feesh|Vaporeon, L50, F, shiny|100/100\n|switch|p2b: the TRUE wall|Bastiodon, L50, M|100/100\n|turn|1\n|\n|t:|1788341213\n|move|p1a: Dragapult|Beat Up|p1b: Archaludon\n|-damage|p1b: Archaludon|96/100\n|-ability|p1b: Archaludon|Stamina|boost\n|-boost|p1b: Archaludon|def|1\n|-damage|p1b: Archaludon|93/100\n|-ability|p1b: Archaludon|Stamina|boost\n|-boost|p1b: Archaludon|def|1\n|-damage|p1b: Archaludon|92/100\n|-ability|p1b: Archaludon|Stamina|boost\n|-boost|p1b: Archaludon|def|1\n|-damage|p1b: Archaludon|90/100\n|-ability|p1b: Archaludon|Stamina|boost\n|-boost|p1b: Archaludon|def|1\n|-hitcount|p1b: Archaludon|4\n|move|p1b: Archaludon|Flash Cannon|p2a: Tanky Feesh\n|-resisted|p2a: Tanky Feesh|1\n|-damage|p2a: Tanky Feesh|83/100\n|move|p2a: Tanky Feesh|Calm Mind|p2a: Tanky Feesh\n|-boost|p2a: Tanky Feesh|spa|1\n|-boost|p2a: Tanky Feesh|spd|1\n|move|p2b: the TRUE wall|Guard Split|p2a: Tanky Feesh\n|-activate|p2b: the TRUE wall|move: Guard Split|[of] p2a: Tanky Feesh\n|\n|-heal|p1b: Archaludon|96/100|[from] item: Leftovers\n|-heal|p2a: Tanky Feesh|89/100|[from] item: Leftovers\n|upkeep\n|turn|2\n|c|☆lilactroll|OH THANK GOD\n|c|☆lilactroll|I thought it was dragon cheer, scope lens\n|\n|t:|1788341258\n|move|p1a: Dragapult|Will-O-Wisp|p2b: the TRUE wall\n|-status|p2b: the TRUE wall|brn\n|move|p1b: Archaludon|Dragon Pulse|p2a: Tanky Feesh\n|-damage|p2a: Tanky Feesh|73/100\n|move|p2a: Tanky Feesh|Calm Mind|p2a: Tanky Feesh\n|-boost|p2a: Tanky Feesh|spa|1\n|-boost|p2a: Tanky Feesh|spd|1\n|move|p2b: the TRUE wall|Fissure|p1b: Archaludon|[miss]\n|-miss|p2b: the TRUE wall|p1b: Archaludon\n|\n|-heal|p1b: Archaludon|100/100|[from] item: Leftovers\n|-heal|p2a: Tanky Feesh|79/100|[from] item: Leftovers\n|-damage|p2b: the TRUE wall|94/100 brn|[from] brn\n|upkeep\n|turn|3\n|\n|t:|1788341278\n|move|p1a: Dragapult|Draco Meteor|p2a: Tanky Feesh\n|-damage|p2a: Tanky Feesh|63/100\n|-unboost|p1a: Dragapult|spa|2\n|move|p1b: Archaludon|Electro Shot||[still]\n|-prepare|p1b: Archaludon|Electro Shot\n|-boost|p1b: Archaludon|spa|1\n|move|p2a: Tanky Feesh|Calm Mind|p2a: Tanky Feesh\n|-boost|p2a: Tanky Feesh|spa|1\n|-boost|p2a: Tanky Feesh|spd|1\n|move|p2b: the TRUE wall|Fissure|p1b: Archaludon|[miss]\n|-miss|p2b: the TRUE wall|p1b: Archaludon\n|\n|-heal|p2a: Tanky Feesh|69/100|[from] item: Leftovers\n|-damage|p2b: the TRUE wall|88/100 brn|[from] brn\n|upkeep\n|turn|4\n|\n|t:|1788341300\n|switch|p1a: Sinistcha|Sinistcha, L50|100/100\n|switch|p2b: Bridge Breaker|Lucario, L50, F|100/100\n|move|p2a: Tanky Feesh|Detect|p2a: Tanky Feesh\n|-singleturn|p2a: Tanky Feesh|Protect\n|move|p1b: Archaludon|Electro Shot|p2a: Tanky Feesh|[from] lockedmove\n|-activate|p2a: Tanky Feesh|move: Protect\n|\n|-heal|p2a: Tanky Feesh|75/100|[from] item: Leftovers\n|upkeep\n|turn|5\n|\n|t:|1788341326\n|detailschange|p2b: Bridge Breaker|Lucario-Mega, L50, F\n|-mega|p2b: Bridge Breaker|Lucario|Lucarionite\n|move|p2b: Bridge Breaker|Aura Sphere|p1b: Archaludon\n|-supereffective|p1b: Archaludon|1\n|-damage|p1b: Archaludon|0 fnt\n|faint|p1b: Archaludon\n|move|p2a: Tanky Feesh|Calm Mind|p2a: Tanky Feesh\n|-boost|p2a: Tanky Feesh|spa|1\n|-boost|p2a: Tanky Feesh|spd|1\n|move|p1a: Sinistcha|Matcha Gotcha|p2a: Tanky Feesh|[spread] p2a,p2b\n|-supereffective|p2a: Tanky Feesh|1\n|-resisted|p2b: Bridge Breaker|1\n|-damage|p2a: Tanky Feesh|64/100\n|-damage|p2b: Bridge Breaker|80/100\n|\n|-heal|p2a: Tanky Feesh|70/100|[from] item: Leftovers\n|upkeep\n|\n|t:|1788341333\n|switch|p1b: Kingambit|Kingambit, L50, M|100/100\n|turn|6\n|\n|t:|1788341344\n|move|p2b: Bridge Breaker|Aura Sphere|p1b: Kingambit\n|-supereffective|p1b: Kingambit|2\n|-enditem|p1b: Kingambit|Chople Berry|[eat]\n|-enditem|p1b: Kingambit|Chople Berry|[weaken]\n|-damage|p1b: Kingambit|0 fnt\n|faint|p1b: Kingambit\n|move|p2a: Tanky Feesh|Calm Mind|p2a: Tanky Feesh\n|-boost|p2a: Tanky Feesh|spa|1\n|-boost|p2a: Tanky Feesh|spd|1\n|move|p1a: Sinistcha|Matcha Gotcha|p2a: Tanky Feesh|[spread] p2a,p2b\n|-supereffective|p2a: Tanky Feesh|1\n|-resisted|p2b: Bridge Breaker|1\n|-damage|p2a: Tanky Feesh|59/100\n|-damage|p2b: Bridge Breaker|59/100\n|\n|-heal|p2a: Tanky Feesh|65/100|[from] item: Leftovers\n|upkeep\n|\n|t:|1788341353\n|switch|p1b: Dragapult|Dragapult, L50, F, shiny|100/100\n|turn|7\n|-message|aaoraa forfeited.\n|\n|win|lilactroll\n|raw|aaoraa's rating: 1137 &rarr; <strong>1113</strong><br />(-24 for losing)\n|raw|lilactroll's rating: 1144 &rarr; <strong>1168</strong><br />(+24 for winning)\n|l|☆aaoraa\n|player|p1|\n","uploadtime":1788341369,"views":"1","formatid":"gen9championsvgc2026regmb","rating":1113,"private":0,"password":null}