{"id":"gen9championsvgc2026regmb-2673968378","format":"[Gen 9 Champions] VGC 2026 Reg M-B","players":["pk21","arquitosb04"],"log":"|j|☆pk21\n|j|☆arquitosb04\n|t:|1788282987\n|gametype|doubles\n|player|p1|pk21|juan|1177\n|player|p2|arquitosb04|n|1251\n|gen|9\n|tier|[Gen 9 Champions] VGC 2026 Reg M-B\n|rated|\n|rule|Species Clause: Limit one of each Pokémon\n|rule|Item Clause: Limit 1 of each item\n|clearpoke\n|poke|p1|Swampert, L50, M|\n|poke|p1|Dragonite, L50, M|\n|poke|p1|Grimmsnarl, L50, M|\n|poke|p1|Archaludon, L50, F|\n|poke|p1|Decidueye-Hisui, L50, M|\n|poke|p1|Pelipper, L50, M|\n|poke|p2|Lycanroc-Dusk, L50, M|\n|poke|p2|Froslass, L50, F|\n|poke|p2|Scovillain, L50, F|\n|poke|p2|Sneasler, L50, M|\n|poke|p2|Kingambit, L50, F|\n|poke|p2|Basculegion, L50, M|\n|teampreview|4\n|inactive|Battle timer is ON: inactive players will automatically lose when time's up. (requested by pk21)\n|inactive|arquitosb04 has 60 seconds left.\n|\n|t:|1788283056\n|teamsize|p1|4\n|teamsize|p2|4\n|start\n|switch|p1a: Grimmsnarl|Grimmsnarl, L50, M|100/100\n|switch|p1b: Archaludon|Archaludon, L50, F|100/100\n|switch|p2a: Scovillain|Scovillain, L50, F|100/100\n|switch|p2b: Sneasler|Sneasler, L50, M|100/100\n|turn|1\n|inactive|arquitosb04 has 30 seconds left.\n|\n|t:|1788283081\n|detailschange|p2a: Scovillain|Scovillain-Mega, L50, F\n|-mega|p2a: Scovillain|Scovillain|Scovillainite\n|move|p1a: Grimmsnarl|Reflect|p1a: Grimmsnarl\n|-sidestart|p1: pk21|Reflect\n|move|p2b: Sneasler|Close Combat|p1b: Archaludon\n|-supereffective|p1b: Archaludon|1\n|-damage|p1b: Archaludon|36/100\n|-unboost|p2b: Sneasler|def|1\n|-unboost|p2b: Sneasler|spd|1\n|-ability|p1b: Archaludon|Stamina|boost\n|-boost|p1b: Archaludon|def|1\n|-enditem|p1b: Archaludon|Sitrus Berry|[eat]\n|-heal|p1b: Archaludon|61/100|[from] item: Sitrus Berry\n|-enditem|p2b: Sneasler|White Herb\n|-clearnegativeboost|p2b: Sneasler|[silent]\n|move|p1b: Archaludon|Dragon Pulse|p2b: Sneasler\n|-damage|p2b: Sneasler|53/100\n|move|p2a: Scovillain|Giga Drain|p1a: Grimmsnarl\n|-damage|p1a: Grimmsnarl|64/100\n|\n|upkeep\n|turn|2\n|inactive|pk21 has 30 seconds left.\n|inactive|arquitosb04 has 30 seconds left.\n|inactive|arquitosb04 has 20 seconds left.\n|\n|t:|1788283117\n|move|p2a: Scovillain|Rage Powder|p2a: Scovillain\n|-singleturn|p2a: Scovillain|move: Rage Powder\n|move|p1a: Grimmsnarl|Parting Shot|p2a: Scovillain\n|-unboost|p2a: Scovillain|atk|1\n|-unboost|p2a: Scovillain|spa|1\n|\n|t:|1788283123\n|switch|p1a: Pelipper|Pelipper, L50, M|100/100|[from] Parting Shot\n|-weather|RainDance|[from] ability: Drizzle|[of] p1a: Pelipper\n|move|p2b: Sneasler|Dire Claw|p1a: Pelipper\n|-damage|p1a: Pelipper|68/100\n|-status|p1a: Pelipper|slp\n|move|p1b: Archaludon|Electro Shot||[still]\n|-prepare|p1b: Archaludon|Electro Shot\n|-boost|p1b: Archaludon|spa|1\n|-anim|p1b: Archaludon|Electro Shot|p2a: Scovillain\n|-resisted|p2a: Scovillain|1\n|-damage|p2a: Scovillain|66/100\n|-status|p1b: Archaludon|brn|[from] ability: Spicy Spray|[of] p2a: Scovillain\n|\n|-weather|RainDance|[upkeep]\n|-damage|p1b: Archaludon|55/100 brn|[from] brn\n|upkeep\n|turn|3\n|inactive|pk21 has 30 seconds left.\n|\n|t:|1788283148\n|move|p2b: Sneasler|Close Combat|p1b: Archaludon\n|-supereffective|p1b: Archaludon|1\n|-damage|p1b: Archaludon|14/100 brn\n|-unboost|p2b: Sneasler|def|1\n|-unboost|p2b: Sneasler|spd|1\n|-ability|p1b: Archaludon|Stamina|boost\n|-boost|p1b: Archaludon|def|1\n|cant|p1a: Pelipper|slp\n|move|p1b: Archaludon|Dragon Pulse|p2b: Sneasler\n|-damage|p2b: Sneasler|0 fnt\n|faint|p2b: Sneasler\n|move|p2a: Scovillain|Giga Drain|p1a: Pelipper\n|-damage|p1a: Pelipper|28/100 slp\n|-heal|p2a: Scovillain|85/100|[from] drain|[of] p1a: Pelipper\n|\n|-weather|RainDance|[upkeep]\n|-damage|p1b: Archaludon|8/100 brn|[from] brn\n|upkeep\n|\n|t:|1788283171\n|switch|p2b: Basculegion|Basculegion, L50, M|100/100\n|turn|4\n|\n|t:|1788283185\n|switch|p1a: Grimmsnarl|Grimmsnarl, L50, M|64/100\n|move|p2b: Basculegion|Last Respects|p1b: Archaludon\n|-crit|p1b: Archaludon\n|-damage|p1b: Archaludon|0 fnt\n|faint|p1b: Archaludon\n|-damage|p2b: Basculegion|90/100|[from] item: Life Orb\n|move|p2a: Scovillain|Giga Drain|p1a: Grimmsnarl\n|-damage|p1a: Grimmsnarl|40/100\n|-heal|p2a: Scovillain|99/100|[from] drain|[of] p1a: Grimmsnarl\n|\n|-weather|RainDance|[upkeep]\n|upkeep\n|\n|t:|1788283200\n|switch|p1b: Pelipper|Pelipper, L50, M|28/100 slp\n|turn|5\n|\n|t:|1788283225\n|move|p2b: Basculegion|Aqua Jet|p1a: Grimmsnarl\n|-damage|p1a: Grimmsnarl|1/100\n|-damage|p2b: Basculegion|80/100|[from] item: Life Orb\n|cant|p1b: Pelipper|slp\n|move|p2a: Scovillain|Giga Drain|p1b: Pelipper\n|-damage|p1b: Pelipper|0 fnt\n|-heal|p2a: Scovillain|100/100|[from] drain|[of] p1b: Pelipper\n|faint|p1b: Pelipper\n|move|p1a: Grimmsnarl|Foul Play|p2b: Basculegion\n|-supereffective|p2b: Basculegion|1\n|-damage|p2b: Basculegion|0 fnt\n|faint|p2b: Basculegion\n|\n|-weather|RainDance|[upkeep]\n|upkeep\n|\n|t:|1788283249\n|switch|p2b: Lycanroc|Lycanroc-Dusk, L50, M|100/100\n|switch|p1b: Swampert|Swampert, L50, M|100/100\n|turn|6\n|\n|t:|1788283259\n|move|p2b: Lycanroc|Protect|p2b: Lycanroc\n|-singleturn|p2b: Lycanroc|Protect\n|move|p1b: Swampert|Protect|p1b: Swampert\n|-singleturn|p1b: Swampert|Protect\n|move|p2a: Scovillain|Protect|p2a: Scovillain\n|-singleturn|p2a: Scovillain|Protect\n|move|p1a: Grimmsnarl|Light Screen|p1a: Grimmsnarl\n|-sidestart|p1: pk21|move: Light Screen\n|\n|-weather|none\n|upkeep\n|turn|7\n|\n|t:|1788283277\n|detailschange|p1b: Swampert|Swampert-Mega, L50, M\n|-mega|p1b: Swampert|Swampert|Swampertite\n|move|p2b: Lycanroc|Accelerock|p1a: Grimmsnarl\n|-damage|p1a: Grimmsnarl|0 fnt\n|faint|p1a: Grimmsnarl\n|move|p1b: Swampert|Ice Punch|p2a: Scovillain\n|-damage|p2a: Scovillain|66/100\n|-status|p1b: Swampert|brn|[from] ability: Spicy Spray|[of] p2a: Scovillain\n|move|p2a: Scovillain|Giga Drain|p1b: Swampert\n|-supereffective|p1b: Swampert|2\n|-damage|p1b: Swampert|30/100 brn\n|-heal|p2a: Scovillain|100/100|[from] drain|[of] p1b: Swampert\n|\n|-damage|p1b: Swampert|24/100 brn|[from] brn\n|upkeep\n|turn|8\n|-message|pk21 forfeited.\n|\n|win|arquitosb04\n|raw|pk21's rating: 1177 &rarr; <strong>1157</strong><br />(-20 for losing)\n|raw|arquitosb04's rating: 1251 &rarr; <strong>1271</strong><br />(+20 for winning)\n|l|☆pk21\n|player|p1|\n","uploadtime":1788283301,"views":"4","formatid":"gen9championsvgc2026regmb","rating":1157,"private":0,"password":null}