{"id":"gen9championsvgc2026regmb-2673980249","format":"[Gen 9 Champions] VGC 2026 Reg M-B","players":["TheWyvernKing","magicalarcher57"],"log":"|j|☆TheWyvernKing\n|j|☆magicalarcher57\n|t:|1788284372\n|gametype|doubles\n|player|p1|TheWyvernKing|skyla|\n|player|p2|magicalarcher57|cynthia-masters|\n|gen|9\n|tier|[Gen 9 Champions] VGC 2026 Reg M-B\n|rated|Tournament battle\n|rule|Species Clause: Limit one of each Pokémon\n|rule|Item Clause: Limit 1 of each item\n|raw|<div class=\"infobox\"><details class=\"readmore\" open><summary><strong>1 custom rule:</strong></summary> Force Open Team Sheets</details></div>\n|clearpoke\n|poke|p1|Volcarona, L50, M|\n|poke|p1|Kingambit, L50, M|\n|poke|p1|Raichu, L50, M|\n|poke|p1|Basculegion, L50, M|\n|poke|p1|Ninetales-Alola, L50, F|\n|poke|p1|Dragonite, L50, M|\n|poke|p2|Raichu, L50, M, shiny|\n|poke|p2|Garchomp, L50, M, shiny|\n|poke|p2|Whimsicott, L50, F, shiny|\n|poke|p2|Kingambit, L50, M, shiny|\n|poke|p2|Charizard, L50, F, shiny|\n|poke|p2|Basculegion, L50, M|\n|teampreview|4\n|showteam|p1|Volcarona||FocusSash|FlameBody|Tailwind,StruggleBug,HeatWave,RagePowder|Modest||M|||50|]Kingambit||ChopleBerry|Defiant|KowtowCleave,SuckerPunch,IronHead,LowKick|Adamant||M|||50|]Raichu||RaichuniteY|LightningRod|Protect,FocusBlast,ZapCannon,FakeOut|Timid||M|||50|]Basculegion||ChoiceScarf|Adaptability|FlipTurn,LastRespects,WaveCrash,AquaJet|Jolly||M|||50|]Ninetales-Alola||LightClay|SnowWarning|FreezeDry,AuroraVeil,Moonblast,Blizzard|Timid||F|||50|]Dragonite||Dragoninite|Multiscale|DragonPulse,HeatWave,Thunderbolt,Protect|Modest||M|||50|\n|showteam|p2|Raichu||RaichuniteY|LightningRod|FakeOut,FocusBlast,ZapCannon,Protect|Timid||M|||50|]Garchomp||LifeOrb|RoughSkin|DragonClaw,RockSlide,StompingTantrum,Protect|Jolly||M|||50|]Whimsicott||FocusSash|Prankster|Moonblast,Tailwind,Protect,Encore|Timid||F|||50|]Kingambit||BlackGlasses|Defiant|SuckerPunch,KowtowCleave,IronHead,Protect|Adamant||M|||50|]Charizard||CharizarditeY|Blaze|WeatherBall,AncientPower,HeatWave,Protect|Modest||F|||50|]Basculegion||MysticWater|Adaptability|WaveCrash,LastRespects,AquaJet,Protect|Adamant||M|||50|\n|inactive|Battle timer is ON: inactive players will automatically lose when time's up. (requested by magicalarcher57)\n|c|☆TheWyvernKing|hf\n|j| MagicalarperLarper\n|c|☆magicalarcher57|glhf\n|inactive|TheWyvernKing has 60 seconds left.\n|inactive|magicalarcher57 has 60 seconds left.\n|j| Indigo Crisp\n|\n|t:|1788284422\n|teamsize|p1|4\n|teamsize|p2|4\n|start\n|switch|p1a: Volcarona|Volcarona, L50, M|100/100\n|switch|p1b: Ninetales|Ninetales-Alola, L50, F|100/100\n|switch|p2a: Whimsicott|Whimsicott, L50, F, shiny|100/100\n|switch|p2b: Charizard|Charizard, L50, F, shiny|100/100\n|-weather|Snowscape|[from] ability: Snow Warning|[of] p1b: Ninetales\n|turn|1\n|j| werfallderaura\n|l| werfallderaura\n|inactive|TheWyvernKing has 30 seconds left.\n|\n|t:|1788284450\n|switch|p1b: Dragonite|Dragonite, L50, M|100/100\n|detailschange|p2b: Charizard|Charizard-Mega-Y, L50, F, shiny\n|-mega|p2b: Charizard|Charizard|Charizardite Y\n|-weather|SunnyDay|[from] ability: Drought|[of] p2b: Charizard\n|move|p2a: Whimsicott|Tailwind|p2a: Whimsicott\n|-sidestart|p2: magicalarcher57|move: Tailwind\n|move|p2b: Charizard|Heat Wave|p1b: Dragonite|[spread] p1a,p1b\n|-resisted|p1b: Dragonite|1\n|-damage|p1a: Volcarona|35/100\n|-damage|p1b: Dragonite|79/100\n|move|p1a: Volcarona|Tailwind|p1a: Volcarona\n|-sidestart|p1: TheWyvernKing|move: Tailwind\n|\n|-weather|SunnyDay|[upkeep]\n|upkeep\n|turn|2\n|inactive|TheWyvernKing has 30 seconds left.\n|inactive|magicalarcher57 has 30 seconds left.\n|inactive|TheWyvernKing has 20 seconds left.\n|inactive|TheWyvernKing has 15 seconds left.\n|\n|t:|1788284491\n|detailschange|p1b: Dragonite|Dragonite-Mega, L50, M\n|-mega|p1b: Dragonite|Dragonite|Dragoninite\n|move|p1a: Volcarona|Rage Powder|p1a: Volcarona\n|-singleturn|p1a: Volcarona|move: Rage Powder\n|move|p2a: Whimsicott|Encore|p1a: Volcarona\n|-start|p1a: Volcarona|Encore\n|move|p1b: Dragonite|Thunderbolt|p2b: Charizard\n|-supereffective|p2b: Charizard|1\n|-damage|p2b: Charizard|29/100\n|move|p2b: Charizard|Ancient Power|p1a: Volcarona\n|-supereffective|p1a: Volcarona|2\n|-damage|p1a: Volcarona|0 fnt\n|faint|p1a: Volcarona\n|\n|-weather|SunnyDay|[upkeep]\n|upkeep\n|\n|t:|1788284501\n|switch|p1a: Ninetales|Ninetales-Alola, L50, F|100/100\n|-weather|Snowscape|[from] ability: Snow Warning|[of] p1a: Ninetales\n|turn|3\n|inactive|TheWyvernKing has 30 seconds left.\n|inactive|TheWyvernKing has 20 seconds left.\n|inactive|TheWyvernKing has 15 seconds left.\n|inactive|TheWyvernKing has 10 seconds left.\n|inactive|TheWyvernKing has 5 seconds left.\n|\n|t:|1788284551\n|switch|p2b: Kingambit|Kingambit, L50, M, shiny|100/100\n|move|p2a: Whimsicott|Encore|p1b: Dragonite\n|-start|p1b: Dragonite|Encore\n|move|p1a: Ninetales|Aurora Veil|p1a: Ninetales\n|-sidestart|p1: TheWyvernKing|move: Aurora Veil\n|move|p1b: Dragonite|Thunderbolt|p2b: Kingambit\n|-damage|p2b: Kingambit|63/100\n|\n|-weather|Snowscape|[upkeep]\n|upkeep\n|turn|4\n|\n|t:|1788284566\n|switch|p1a: Basculegion|Basculegion, L50, M|100/100\n|move|p2a: Whimsicott|Moonblast|p1b: Dragonite\n|-supereffective|p1b: Dragonite|1\n|-damage|p1b: Dragonite|36/100\n|move|p1b: Dragonite|Thunderbolt|p2b: Kingambit\n|-damage|p2b: Kingambit|24/100\n|move|p2b: Kingambit|Iron Head|p1a: Basculegion\n|-resisted|p1a: Basculegion|1\n|-crit|p1a: Basculegion\n|-damage|p1a: Basculegion|52/100\n|\n|-weather|Snowscape|[upkeep]\n|-sideend|p1: TheWyvernKing|move: Tailwind\n|-sideend|p2: magicalarcher57|move: Tailwind\n|upkeep\n|turn|5\n|j| deluxr4yy\n|inactive|TheWyvernKing has 30 seconds left.\n|\n|t:|1788284597\n|switch|p1a: Ninetales|Ninetales-Alola, L50, F|100/100\n|move|p2b: Kingambit|Sucker Punch||[still]\n|-fail|p2b: Kingambit\n|move|p2a: Whimsicott|Moonblast|p1b: Dragonite\n|-supereffective|p1b: Dragonite|1\n|-damage|p1b: Dragonite|0 fnt\n|faint|p1b: Dragonite\n|\n|-weather|Snowscape|[upkeep]\n|upkeep\n|\n|t:|1788284600\n|switch|p1b: Basculegion|Basculegion, L50, M|52/100\n|turn|6\n|\n|t:|1788284606\n|move|p2a: Whimsicott|Tailwind|p2a: Whimsicott\n|-sidestart|p2: magicalarcher57|move: Tailwind\n|move|p2b: Kingambit|Sucker Punch|p1b: Basculegion\n|-supereffective|p1b: Basculegion|1\n|-damage|p1b: Basculegion|0 fnt\n|faint|p1b: Basculegion\n|move|p1a: Ninetales|Blizzard|p2a: Whimsicott|[spread] p2a,p2b\n|-supereffective|p2a: Whimsicott|1\n|-resisted|p2b: Kingambit|1\n|-enditem|p2a: Whimsicott|Focus Sash\n|-damage|p2a: Whimsicott|1/100\n|-damage|p2b: Kingambit|8/100\n|\n|-weather|Snowscape|[upkeep]\n|upkeep\n|turn|7\n|\n|t:|1788284615\n|move|p2a: Whimsicott|Moonblast|p1a: Ninetales\n|-damage|p1a: Ninetales|69/100\n|move|p2b: Kingambit|Iron Head|p1a: Ninetales\n|-supereffective|p1a: Ninetales|2\n|-crit|p1a: Ninetales\n|-damage|p1a: Ninetales|0 fnt\n|faint|p1a: Ninetales\n|\n|win|magicalarcher57\n|n|☆TheWyvernKing|thewyvernking\n|n|☆magicalarcher57|magicalarcher57\n|n| MagicalarperLarper|magicalarperlarper\n|n| Indigo Crisp|indigocrisp\n|n| deluxr4yy|deluxr4yy\n","uploadtime":1788284616,"views":"0","formatid":"gen9championsvgc2026regmb","rating":null,"private":0,"password":null}