{"id":"gen9championsvgc2026regmb-2674057787","format":"[Gen 9 Champions] VGC 2026 Reg M-B","players":["brawler206","BlueJello44"],"log":"|j|☆brawler206\n|j|☆BlueJello44\n|t:|1788293545\n|gametype|doubles\n|player|p1|brawler206|102|1071\n|player|p2|BlueJello44|2|1057\n|gen|9\n|tier|[Gen 9 Champions] VGC 2026 Reg M-B\n|rated|\n|rule|Species Clause: Limit one of each Pokémon\n|rule|Item Clause: Limit 1 of each item\n|clearpoke\n|poke|p1|Espathra, L50, M|\n|poke|p1|Blaziken, L50, M|\n|poke|p1|Talonflame, L50, F|\n|poke|p1|Milotic, L50, F|\n|poke|p1|Tinkaton, L50, F|\n|poke|p1|Glimmora, L50, F|\n|poke|p2|Sceptile, L50, M|\n|poke|p2|Rotom-Heat, L50|\n|poke|p2|Aerodactyl, L50, M|\n|poke|p2|Basculegion, L50, M|\n|poke|p2|Kingambit, L50, F|\n|poke|p2|Clefable, L50, M|\n|teampreview|4\n|\n|t:|1788293588\n|teamsize|p1|4\n|teamsize|p2|4\n|start\n|switch|p1a: Talonflame|Talonflame, L50, F|100/100\n|switch|p1b: Milotic|Milotic, L50, F|100/100\n|switch|p2a: Sceptile|Sceptile, L50, M|100/100\n|switch|p2b: Rotom|Rotom-Heat, L50|100/100\n|turn|1\n|\n|t:|1788293615\n|detailschange|p2a: Sceptile|Sceptile-Mega, L50, M\n|-mega|p2a: Sceptile|Sceptile|Sceptilite\n|move|p1a: Talonflame|Tailwind|p1a: Talonflame\n|-sidestart|p1: brawler206|move: Tailwind\n|move|p1b: Milotic|Scald|p2b: Rotom\n|-supereffective|p2b: Rotom|1\n|-damage|p2b: Rotom|0 fnt\n|faint|p2b: Rotom\n|move|p2a: Sceptile|Dragon Pulse|p1a: Talonflame\n|-damage|p1a: Talonflame|25/100\n|\n|upkeep\n|\n|t:|1788293629\n|switch|p2b: Clefable|Clefable, L50, M|100/100\n|turn|2\n|\n|t:|1788293646\n|move|p2a: Sceptile|Protect|p2a: Sceptile\n|-singleturn|p2a: Sceptile|Protect\n|move|p2b: Clefable|Follow Me|p2b: Clefable\n|-singleturn|p2b: Clefable|move: Follow Me\n|move|p1a: Talonflame|Rain Dance|p1a: Talonflame\n|-weather|RainDance\n|move|p1b: Milotic|Muddy Water|p2a: Sceptile|[spread] p2b\n|-activate|p2a: Sceptile|move: Protect\n|-damage|p2b: Clefable|44/100\n|-enditem|p2b: Clefable|Sitrus Berry|[eat]\n|-heal|p2b: Clefable|69/100|[from] item: Sitrus Berry\n|\n|-weather|RainDance|[upkeep]\n|upkeep\n|turn|3\n|\n|t:|1788293676\n|move|p1a: Talonflame|Feint|p2a: Sceptile\n|-damage|p2a: Sceptile|89/100\n|move|p2b: Clefable|Follow Me|p2b: Clefable\n|-singleturn|p2b: Clefable|move: Follow Me\n|move|p1b: Milotic|Ice Beam|p2b: Clefable\n|-damage|p2b: Clefable|43/100\n|move|p2a: Sceptile|Energy Ball|p1b: Milotic\n|-supereffective|p1b: Milotic|1\n|-damage|p1b: Milotic|11/100\n|\n|-weather|RainDance|[upkeep]\n|upkeep\n|turn|4\n|\n|t:|1788293702\n|move|p2b: Clefable|Follow Me|p2b: Clefable\n|-singleturn|p2b: Clefable|move: Follow Me\n|move|p1a: Talonflame|Tailwind||[still]\n|-fail|p1a: Talonflame\n|move|p1b: Milotic|Scald|p2b: Clefable\n|-damage|p2b: Clefable|0 fnt\n|faint|p2b: Clefable\n|move|p2a: Sceptile|Dragon Pulse|p2: Clefable|[notarget]\n|-fail|p2a: Sceptile\n|\n|-weather|RainDance|[upkeep]\n|-sideend|p1: brawler206|move: Tailwind\n|upkeep\n|\n|t:|1788293715\n|switch|p2b: Basculegion|Basculegion, L50, M|100/100\n|turn|5\n|\n|t:|1788293733\n|move|p2b: Basculegion|Aqua Jet|p1b: Milotic\n|-resisted|p1b: Milotic|1\n|-damage|p1b: Milotic|0 fnt\n|faint|p1b: Milotic\n|-damage|p2b: Basculegion|90/100|[from] item: Life Orb\n|move|p2a: Sceptile|Dragon Pulse|p1a: Talonflame\n|-damage|p1a: Talonflame|0 fnt\n|faint|p1a: Talonflame\n|\n|-weather|RainDance|[upkeep]\n|upkeep\n|\n|t:|1788293739\n|switch|p1a: Espathra|Espathra, L50, M|100/100\n|switch|p1b: Blaziken|Blaziken, L50, M|100/100\n|turn|6\n|\n|t:|1788293767\n|move|p1b: Blaziken|Protect|p1b: Blaziken\n|-singleturn|p1b: Blaziken|Protect\n|move|p2b: Basculegion|Aqua Jet|p1a: Espathra\n|-damage|p1a: Espathra|29/100\n|-damage|p2b: Basculegion|80/100|[from] item: Life Orb\n|move|p2a: Sceptile|Earth Power|p1b: Blaziken\n|-activate|p1b: Blaziken|move: Protect\n|move|p1a: Espathra|Psychic Terrain|p1a: Espathra\n|-fieldstart|move: Psychic Terrain\n|\n|-weather|none\n|-ability|p1a: Espathra|Speed Boost|boost\n|-boost|p1a: Espathra|spe|1\n|-ability|p1b: Blaziken|Speed Boost|boost\n|-boost|p1b: Blaziken|spe|1\n|upkeep\n|turn|7\n|\n|t:|1788293791\n|detailschange|p1b: Blaziken|Blaziken-Mega, L50, M\n|-mega|p1b: Blaziken|Blaziken|Blazikenite\n|move|p1a: Espathra|Sunny Day|p1a: Espathra\n|-weather|SunnyDay\n|move|p1b: Blaziken|Solar Beam||[still]\n|-prepare|p1b: Blaziken|Solar Beam\n|-anim|p1b: Blaziken|Solar Beam|p2b: Basculegion\n|-supereffective|p2b: Basculegion|1\n|-damage|p2b: Basculegion|0 fnt\n|faint|p2b: Basculegion\n|move|p2a: Sceptile|Earth Power|p1b: Blaziken\n|-supereffective|p1b: Blaziken|1\n|-crit|p1b: Blaziken\n|-damage|p1b: Blaziken|0 fnt\n|faint|p1b: Blaziken\n|\n|-weather|SunnyDay|[upkeep]\n|-ability|p1a: Espathra|Speed Boost|boost\n|-boost|p1a: Espathra|spe|1\n|upkeep\n|turn|8\n|\n|t:|1788293812\n|move|p1a: Espathra|Lumina Crash|p2a: Sceptile\n|-damage|p2a: Sceptile|42/100\n|-unboost|p2a: Sceptile|spd|2\n|move|p2a: Sceptile|Energy Ball|p1a: Espathra\n|-damage|p1a: Espathra|0 fnt\n|faint|p1a: Espathra\n|\n|win|BlueJello44\n|raw|brawler206's rating: 1071 &rarr; <strong>1050</strong><br />(-21 for losing)\n|raw|BlueJello44's rating: 1057 &rarr; <strong>1090</strong><br />(+33 for winning)\n","uploadtime":1788293822,"views":"11","formatid":"gen9championsvgc2026regmb","rating":1050,"private":0,"password":null}