{"id":"gen9championsvgc2026regmb-2674315794","format":"[Gen 9 Champions] VGC 2026 Reg M-B","players":["ItzS1N","wexiomatic"],"log":"|j|☆ItzS1N\n|j|☆wexiomatic\n|html|<table width=\"100%\"><tr><td align=\"left\">ItzS1N</td><td align=\"right\">wexiomatic</tr><tr><td align=\"left\"><i class=\"fa fa-circle\"></i> <i class=\"fa fa-circle-o\"></i> </td><td align=\"right\"><i class=\"fa fa-circle-o\"></i> <i class=\"fa fa-circle-o\"></i> </tr></table>\n|uhtml|bestof|<h2><strong>Game 2</strong> of <a href=\"/game-bestof3-gen9championsvgc2026regmb-2674312949\">a best-of-3</a></h2>\n|t:|1788339102\n|gametype|doubles\n|player|p1|ItzS1N|lucas-gen4pt|\n|player|p2|wexiomatic|265|\n|gen|9\n|tier|[Gen 9 Champions] VGC 2026 Reg M-B\n|rule|Species Clause: Limit one of each Pokémon\n|rule|Item Clause: Limit 1 of each item\n|raw|<div class=\"infobox\"><details class=\"readmore\" open><summary><strong>2 custom rules:</strong></summary> Best of = 3, !Open Team Sheets</details></div>\n|clearpoke\n|poke|p1|Talonflame, L50, M|\n|poke|p1|Gardevoir, L50, M|\n|poke|p1|Liepard, L50, M|\n|poke|p1|Dragonite, L50, F|\n|poke|p1|Vivillon, L50, F|\n|poke|p1|Kleavor, L50, M|\n|poke|p2|Froslass, L50, F|\n|poke|p2|Grimmsnarl, L50, M|\n|poke|p2|Annihilape, L50, M|\n|poke|p2|Corviknight, L50, M|\n|poke|p2|Wyrdeer, L50, F|\n|poke|p2|Toxapex, L50, M|\n|teampreview|4\n|j| poppliolord\n|\n|t:|1788339145\n|teamsize|p1|4\n|teamsize|p2|4\n|start\n|switch|p1a: Talonflame|Talonflame, L50, M|100/100\n|switch|p1b: Liepard|Liepard, L50, M|100/100\n|switch|p2a: Grimmsnarl|Grimmsnarl, L50, M|100/100\n|switch|p2b: Wyrdeer|Wyrdeer, L50, F|100/100\n|-ability|p2b: Wyrdeer|Intimidate|boost\n|-unboost|p1a: Talonflame|atk|1\n|-unboost|p1b: Liepard|atk|1\n|turn|1\n|\n|t:|1788339168\n|move|p1b: Liepard|Fake Out|p2a: Grimmsnarl\n|-damage|p2a: Grimmsnarl|91/100\n|cant|p2a: Grimmsnarl|flinch\n|move|p1a: Talonflame|Tailwind|p1a: Talonflame\n|-sidestart|p1: ItzS1N|move: Tailwind\n|move|p2b: Wyrdeer|Trick Room|p2b: Wyrdeer\n|-fieldstart|move: Trick Room|[of] p2b: Wyrdeer\n|\n|upkeep\n|turn|2\n|\n|t:|1788339192\n|switch|p1a: Gardevoir|Gardevoir, L50, M|100/100\n|move|p2a: Grimmsnarl|Parting Shot|p1a: Gardevoir\n|-unboost|p1a: Gardevoir|atk|1\n|-unboost|p1a: Gardevoir|spa|1\n|c| poppliolord|ruhroh\n|\n|t:|1788339203\n|switch|p2a: Corviknight|Corviknight, L50, M|100/100|[from] Parting Shot\n|move|p1b: Liepard|Encore|p2b: Wyrdeer\n|-start|p2b: Wyrdeer|Encore\n|move|p2b: Wyrdeer|Trick Room|p2b: Wyrdeer\n|-fieldend|move: Trick Room\n|\n|upkeep\n|turn|3\n|\n|t:|1788339248\n|switch|p1a: Dragonite|Dragonite, L50, F|100/100\n|move|p1b: Liepard|Knock Off|p2a: Corviknight\n|-damage|p2a: Corviknight|78/100\n|-enditem|p2a: Corviknight|Iron Ball|[from] move: Knock Off|[of] p1b: Liepard\n|move|p2a: Corviknight|Iron Head|p1a: Dragonite\n|-damage|p1a: Dragonite|87/100\n|move|p2b: Wyrdeer|Trick Room|p2b: Wyrdeer\n|-fieldstart|move: Trick Room|[of] p2b: Wyrdeer\n|\n|upkeep\n|turn|4\n|\n|t:|1788339292\n|switch|p2b: Grimmsnarl|Grimmsnarl, L50, M|91/100\n|move|p1b: Liepard|Sunny Day|p1b: Liepard\n|-weather|SunnyDay\n|move|p2a: Corviknight|Brave Bird|p1b: Liepard\n|-damage|p1b: Liepard|23/100\n|-damage|p2a: Corviknight|60/100|[from] Recoil\n|move|p1a: Dragonite|Fire Punch|p2b: Grimmsnarl\n|-damage|p2b: Grimmsnarl|39/100\n|\n|-weather|SunnyDay|[upkeep]\n|-sideend|p1: ItzS1N|move: Tailwind\n|upkeep\n|turn|5\n|\n|t:|1788339347\n|switch|p1b: Talonflame|Talonflame, L50, M|100/100\n|move|p2b: Grimmsnarl|Parting Shot|p1a: Dragonite\n|-unboost|p1a: Dragonite|atk|1\n|-unboost|p1a: Dragonite|spa|1\n|\n|t:|1788339356\n|switch|p2b: Annihilape|Annihilape, L50, M|100/100|[from] Parting Shot\n|move|p2a: Corviknight|Roost|p2a: Corviknight\n|-heal|p2a: Corviknight|100/100\n|-singleturn|p2a: Corviknight|move: Roost\n|move|p1a: Dragonite|Fire Punch|p2a: Corviknight\n|-supereffective|p2a: Corviknight|1\n|-damage|p2a: Corviknight|46/100\n|\n|-weather|SunnyDay|[upkeep]\n|upkeep\n|turn|6\n|\n|t:|1788339374\n|switch|p1a: Liepard|Liepard, L50, M|23/100\n|move|p1b: Talonflame|Brave Bird|p2b: Annihilape\n|-supereffective|p2b: Annihilape|1\n|-enditem|p2b: Annihilape|Focus Sash\n|-damage|p2b: Annihilape|1/100\n|-damage|p1b: Talonflame|60/100|[from] Recoil\n|move|p2a: Corviknight|Bulk Up|p2a: Corviknight\n|-boost|p2a: Corviknight|atk|1\n|-boost|p2a: Corviknight|def|1\n|move|p2b: Annihilape|Rock Tomb|p1b: Talonflame\n|-supereffective|p1b: Talonflame|2\n|-damage|p1b: Talonflame|0 fnt\n|faint|p1b: Talonflame\n|\n|-weather|SunnyDay|[upkeep]\n|upkeep\n|\n|t:|1788339385\n|switch|p1b: Dragonite|Dragonite, L50, F|87/100\n|turn|7\n|\n|t:|1788339405\n|switch|p2a: Grimmsnarl|Grimmsnarl, L50, M|39/100\n|move|p2b: Annihilape|Protect|p2b: Annihilape\n|-singleturn|p2b: Annihilape|Protect\n|move|p1a: Liepard|Encore|p2a: Grimmsnarl\n|-hint|Since gen 7, Dark is immune to Prankster moves.\n|-immune|p2a: Grimmsnarl\n|move|p1b: Dragonite|Fire Punch|p2b: Annihilape\n|-activate|p2b: Annihilape|move: Protect\n|\n|-weather|SunnyDay|[upkeep]\n|-fieldend|move: Trick Room\n|upkeep\n|turn|8\n|\n|t:|1788339439\n|move|p2a: Grimmsnarl|Fake Out|p1a: Liepard\n|-damage|p1a: Liepard|1/100\n|cant|p1a: Liepard|flinch\n|move|p2b: Annihilape|Phantom Force||[still]\n|-prepare|p2b: Annihilape|Phantom Force\n|move|p1b: Dragonite|Fire Punch|p2a: Grimmsnarl\n|-damage|p2a: Grimmsnarl|0 fnt\n|faint|p2a: Grimmsnarl\n|\n|-weather|none\n|upkeep\n|\n|t:|1788339451\n|switch|p2a: Wyrdeer|Wyrdeer, L50, F|100/100\n|-ability|p2a: Wyrdeer|Intimidate|boost\n|-unboost|p1a: Liepard|atk|1\n|-unboost|p1b: Dragonite|atk|1\n|turn|9\n|\n|t:|1788339460\n|move|p1b: Dragonite|Protect|p1b: Dragonite\n|-singleturn|p1b: Dragonite|Protect\n|move|p1a: Liepard|Sunny Day|p1a: Liepard\n|-weather|SunnyDay\n|move|p2b: Annihilape|Phantom Force|p1b: Dragonite|[from] lockedmove\n|-activate|p1b: Dragonite|move: Phantom Force|[broken]\n|-damage|p1b: Dragonite|45/100\n|move|p2a: Wyrdeer|Throat Chop|p1a: Liepard\n|-resisted|p1a: Liepard|1\n|-damage|p1a: Liepard|0 fnt\n|faint|p1a: Liepard\n|\n|-weather|SunnyDay|[upkeep]\n|upkeep\n|\n|t:|1788339469\n|switch|p1a: Gardevoir|Gardevoir, L50, M|100/100\n|turn|10\n|\n|t:|1788339485\n|detailschange|p1a: Gardevoir|Gardevoir-Mega, L50, M\n|-mega|p1a: Gardevoir|Gardevoir|Gardevoirite\n|move|p2b: Annihilape|Phantom Force||[still]\n|-prepare|p2b: Annihilape|Phantom Force\n|move|p1a: Gardevoir|Hyper Voice|p2b: Annihilape|[spread] p2a\n|-miss|p1a: Gardevoir|p2b: Annihilape\n|-damage|p2a: Wyrdeer|52/100\n|move|p1b: Dragonite|Fire Punch|p2a: Wyrdeer\n|-damage|p2a: Wyrdeer|19/100\n|-enditem|p2a: Wyrdeer|Sitrus Berry|[eat]\n|-heal|p2a: Wyrdeer|44/100|[from] item: Sitrus Berry\n|move|p2a: Wyrdeer|Throat Chop|p1a: Gardevoir\n|-damage|p1a: Gardevoir|64/100\n|-start|p1a: Gardevoir|Throat Chop|[silent]\n|\n|-weather|SunnyDay|[upkeep]\n|upkeep\n|turn|11\n|\n|t:|1788339516\n|move|p2b: Annihilape|Phantom Force|p1b: Dragonite|[from] lockedmove\n|-damage|p1b: Dragonite|1/100\n|move|p1a: Gardevoir|Psyshock|p2a: Wyrdeer\n|-resisted|p2a: Wyrdeer|1\n|-damage|p2a: Wyrdeer|17/100\n|move|p1b: Dragonite|Fire Punch|p2b: Annihilape\n|-damage|p2b: Annihilape|0 fnt\n|faint|p2b: Annihilape\n|move|p2a: Wyrdeer|Throat Chop|p1a: Gardevoir\n|-damage|p1a: Gardevoir|31/100\n|\n|-weather|SunnyDay|[upkeep]\n|-end|p1a: Gardevoir|Throat Chop|[silent]\n|upkeep\n|\n|t:|1788339527\n|switch|p2b: Corviknight|Corviknight, L50, M|46/100\n|turn|12\n|\n|t:|1788339556\n|move|p1a: Gardevoir|Hyper Voice|p2a: Wyrdeer|[spread] p2a,p2b\n|-resisted|p2b: Corviknight|1\n|-damage|p2a: Wyrdeer|0 fnt\n|-damage|p2b: Corviknight|26/100\n|faint|p2a: Wyrdeer\n|move|p1b: Dragonite|Fire Punch|p2b: Corviknight\n|-supereffective|p2b: Corviknight|1\n|-damage|p2b: Corviknight|0 fnt\n|faint|p2b: Corviknight\n|\n|win|ItzS1N\n|j| ElainJade\n|c|☆ItzS1N|gg's\n|c| poppliolord|ggs\n|c|☆ItzS1N|Wp\n|c|☆wexiomatic|ggs ty\n|c|☆ItzS1N|the corvinight is a problem\n","uploadtime":1788339623,"views":"12","formatid":"gen9championsvgc2026regmb","rating":null,"private":0,"password":null}