{"id":"gen9championsvgc2026regmbbo3-2673691167","format":"[Gen 9 Champions] VGC 2026 Reg M-B (Bo3)","players":["shibikanon","JonnyNerd"],"log":"|j|☆shibikanon\n|j|☆JonnyNerd\n|html|<table width=\"100%\"><tr><td align=\"left\">shibikanon</td><td align=\"right\">JonnyNerd</tr><tr><td align=\"left\"><i class=\"fa fa-circle-o\"></i> <i class=\"fa fa-circle-o\"></i> </td><td align=\"right\"><i class=\"fa fa-circle-o\"></i> <i class=\"fa fa-circle\"></i> </tr></table>\n|uhtml|bestof|<h2><strong>Game 2</strong> of <a href=\"/game-bestof3-gen9championsvgc2026regmbbo3-2673690173\">a best-of-3</a></h2>\n|t:|1788234030\n|gametype|doubles\n|player|p1|shibikanon|skyla-masters3|1160\n|player|p2|JonnyNerd|waiter-gen4dp|1328\n|gen|9\n|tier|[Gen 9 Champions] VGC 2026 Reg M-B (Bo3)\n|rated|\n|rule|Species Clause: Limit one of each Pokémon\n|rule|Item Clause: Limit 1 of each item\n|clearpoke\n|poke|p1|Blaziken, L50, F|\n|poke|p1|Froslass, L50, F|\n|poke|p1|Kingambit, L50, M|\n|poke|p1|Dragonite, L50, M|\n|poke|p1|Basculegion, L50, M|\n|poke|p1|Sneasler, L50, M|\n|poke|p2|Mimikyu, L50, M, shiny|\n|poke|p2|Milotic, L50, M|\n|poke|p2|Tyranitar, L50, M|\n|poke|p2|Corviknight, L50, F, shiny|\n|poke|p2|Hydreigon, L50, M|\n|poke|p2|Venusaur, L50, F|\n|teampreview|4\n|showteam|p1|Blaziken||Blazikenite|SpeedBoost|CloseCombat,FlareBlitz,RockSlide,Detect|Adamant||F|||50|]Froslass||Froslassite|SnowCloak|Blizzard,ShadowBall,AuroraVeil,Protect|Modest||F|||50|]Kingambit||LifeOrb|Defiant|KowtowCleave,SuckerPunch,SwordsDance,Protect|Adamant||M|||50|]Dragonite||DragonFang|InnerFocus|DragonClaw,LowKick,ExtremeSpeed,Protect|Adamant||M|||50|]Basculegion||SitrusBerry|Adaptability|WaveCrash,LastRespects,AquaJet,Protect|Adamant||M|||50|]Sneasler||FocusSash|PoisonTouch|CloseCombat,PoisonJab,FakeOut,Protect|Jolly||M|||50|\n|showteam|p2|Mimikyu||LifeOrb|Disguise|ShadowClaw,Protect,ShadowSneak,PlayRough|Adamant||M|||50|]Milotic||SitrusBerry|Competitive|Recover,MuddyWater,Scald,IceBeam|Modest||M|||50|]Tyranitar||Tyranitarite|SandStream|Protect,RockSlide,KnockOff,LowKick|Adamant||M|||50|]Corviknight||OccaBerry|MirrorArmor|Tailwind,BulkUp,IronHead,BraveBird|Adamant||F|||50|]Hydreigon||ChoiceScarf|Levitate|Snarl,DarkPulse,DracoMeteor,EarthPower|Timid||M|||50|]Venusaur||Venusaurite|Chlorophyll|Protect,GigaDrain,SludgeBomb,EarthPower|Modest||F|||50|\n|inactive|Battle timer is ON: inactive players will automatically lose when time's up. (requested by shibikanon)\n|\n|t:|1788234051\n|teamsize|p1|4\n|teamsize|p2|4\n|start\n|switch|p1a: Kingambit|Kingambit, L50, M|100/100\n|switch|p1b: Froslass|Froslass, L50, F|100/100\n|switch|p2a: Hydreigon|Hydreigon, L50, M|100/100\n|switch|p2b: Corviknight|Corviknight, L50, F, shiny|100/100\n|turn|1\n|\n|t:|1788234073\n|switch|p1b: Blaziken|Blaziken, L50, F|100/100\n|move|p2a: Hydreigon|Dark Pulse|p1b: Blaziken\n|-resisted|p1b: Blaziken|1\n|-damage|p1b: Blaziken|67/100\n|move|p2b: Corviknight|Tailwind|p2b: Corviknight\n|-sidestart|p2: JonnyNerd|move: Tailwind\n|move|p1a: Kingambit|Swords Dance|p1a: Kingambit\n|-boost|p1a: Kingambit|atk|2\n|\n|upkeep\n|turn|2\n|\n|t:|1788234084\n|move|p1b: Blaziken|Detect|p1b: Blaziken\n|-singleturn|p1b: Blaziken|Protect\n|move|p2a: Hydreigon|Dark Pulse|p1b: Blaziken\n|-activate|p1b: Blaziken|move: Protect\n|move|p2b: Corviknight|Bulk Up|p2b: Corviknight\n|-boost|p2b: Corviknight|atk|1\n|-boost|p2b: Corviknight|def|1\n|move|p1a: Kingambit|Swords Dance|p1a: Kingambit\n|-boost|p1a: Kingambit|atk|2\n|\n|-ability|p1b: Blaziken|Speed Boost|boost\n|-boost|p1b: Blaziken|spe|1\n|upkeep\n|turn|3\n|\n|t:|1788234102\n|switch|p2a: Tyranitar|Tyranitar, L50, M|100/100\n|-weather|Sandstorm|[from] ability: Sand Stream|[of] p2a: Tyranitar\n|move|p2b: Corviknight|Brave Bird|p1b: Blaziken\n|-supereffective|p1b: Blaziken|1\n|-damage|p1b: Blaziken|0 fnt\n|faint|p1b: Blaziken\n|-damage|p2b: Corviknight|82/100|[from] Recoil\n|move|p1a: Kingambit|Kowtow Cleave|p2b: Corviknight\n|-damage|p2b: Corviknight|0 fnt\n|faint|p2b: Corviknight\n|-damage|p1a: Kingambit|90/100|[from] item: Life Orb\n|\n|-weather|Sandstorm|[upkeep]\n|upkeep\n|\n|t:|1788234112\n|switch|p1b: Sneasler|Sneasler, L50, M|100/100\n|switch|p2b: Hydreigon|Hydreigon, L50, M|100/100\n|turn|4\n|\n|t:|1788234126\n|switch|p2b: Pikaboo|Mimikyu, L50, M, shiny|100/100\n|move|p2a: Tyranitar|Protect|p2a: Tyranitar\n|-singleturn|p2a: Tyranitar|Protect\n|move|p1b: Sneasler|Fake Out|p2a: Tyranitar\n|-activate|p2a: Tyranitar|move: Protect\n|move|p1a: Kingambit|Kowtow Cleave|p2a: Tyranitar\n|-activate|p2a: Tyranitar|move: Protect\n|\n|-weather|Sandstorm|[upkeep]\n|-damage|p2b: Pikaboo|94/100|[from] Sandstorm\n|-damage|p1b: Sneasler|94/100|[from] Sandstorm\n|-sideend|p2: JonnyNerd|move: Tailwind\n|upkeep\n|turn|5\n|\n|t:|1788234144\n|switch|p2a: Hydreigon|Hydreigon, L50, M|100/100\n|move|p1a: Kingambit|Protect|p1a: Kingambit\n|-singleturn|p1a: Kingambit|Protect\n|move|p1b: Sneasler|Poison Jab|p2b: Pikaboo\n|-activate|p2b: Pikaboo|ability: Disguise\n|-damage|p2b: Pikaboo|94/100\n|-status|p2b: Pikaboo|psn|[from] ability: Poison Touch|[of] p1b: Sneasler\n|detailschange|p2b: Pikaboo|Mimikyu-Busted, L50, M, shiny\n|-damage|p2b: Pikaboo|82/100 psn|[from] pokemon: Mimikyu-Busted\n|move|p2b: Pikaboo|Play Rough|p1b: Sneasler\n|-damage|p1b: Sneasler|2/100\n|-damage|p2b: Pikaboo|72/100 psn|[from] item: Life Orb\n|\n|-weather|Sandstorm|[upkeep]\n|-damage|p2a: Hydreigon|94/100|[from] Sandstorm\n|-damage|p1b: Sneasler|0 fnt|[from] Sandstorm\n|-damage|p2b: Pikaboo|67/100 psn|[from] Sandstorm\n|faint|p1b: Sneasler\n|-damage|p2b: Pikaboo|55/100 psn|[from] psn\n|upkeep\n|\n|t:|1788234147\n|switch|p1b: Froslass|Froslass, L50, F|100/100\n|turn|6\n|\n|t:|1788234163\n|move|p1b: Froslass|Protect|p1b: Froslass\n|-singleturn|p1b: Froslass|Protect\n|move|p1a: Kingambit|Sucker Punch|p2a: Hydreigon\n|-resisted|p2a: Hydreigon|1\n|-damage|p2a: Hydreigon|1/100\n|-damage|p1a: Kingambit|80/100|[from] item: Life Orb\n|move|p2a: Hydreigon|Earth Power|p1a: Kingambit\n|-supereffective|p1a: Kingambit|1\n|-damage|p1a: Kingambit|16/100\n|-unboost|p1a: Kingambit|spd|1\n|-ability|p1a: Kingambit|Defiant|boost\n|-boost|p1a: Kingambit|atk|2\n|move|p2b: Pikaboo|Play Rough|p1a: Kingambit\n|-damage|p1a: Kingambit|0 fnt\n|faint|p1a: Kingambit\n|-damage|p2b: Pikaboo|45/100 psn|[from] item: Life Orb\n|\n|-weather|Sandstorm|[upkeep]\n|-damage|p2a: Hydreigon|0 fnt|[from] Sandstorm\n|-damage|p1b: Froslass|94/100|[from] Sandstorm\n|-damage|p2b: Pikaboo|40/100 psn|[from] Sandstorm\n|faint|p2a: Hydreigon\n|-damage|p2b: Pikaboo|28/100 psn|[from] psn\n|upkeep\n|\n|t:|1788234176\n|switch|p2a: Tyranitar|Tyranitar, L50, M|100/100\n|turn|7\n|\n|t:|1788234188\n|detailschange|p1b: Froslass|Froslass-Mega, L50, F\n|-mega|p1b: Froslass|Froslass|Froslassite\n|-weather|Snowscape|[from] ability: Snow Warning|[of] p1b: Froslass\n|detailschange|p2a: Tyranitar|Tyranitar-Mega, L50, M\n|-mega|p2a: Tyranitar|Tyranitar|Tyranitarite\n|-weather|Sandstorm|[from] ability: Sand Stream|[of] p2a: Tyranitar\n|move|p2b: Pikaboo|Shadow Sneak|p1b: Froslass\n|-supereffective|p1b: Froslass|1\n|-crit|p1b: Froslass\n|-damage|p1b: Froslass|0 fnt\n|faint|p1b: Froslass\n|-damage|p2b: Pikaboo|18/100 psn|[from] item: Life Orb\n|\n|win|JonnyNerd\n|raw|shibikanon's rating: 1160 &rarr; <strong>1146</strong><br />(-14 for losing)\n|raw|JonnyNerd's rating: 1328 &rarr; <strong>1339</strong><br />(+11 for winning)\n","uploadtime":1788234188,"views":"1","formatid":"gen9championsvgc2026regmbbo3","rating":1146,"private":0,"password":null}