{"id":"gen9championsvgc2026regmb-2674158409","format":"[Gen 9 Champions] VGC 2026 Reg M-B","players":["TalonMasterJ","VivillonHunter"],"log":"|j|☆TalonMasterJ\n|j|☆VivillonHunter\n|html|<table width=\"100%\"><tr><td align=\"left\">TalonMasterJ</td><td align=\"right\">VivillonHunter</tr><tr><td align=\"left\"><i class=\"fa fa-circle-o\"></i> <i class=\"fa fa-circle-o\"></i> </td><td align=\"right\"><i class=\"fa fa-circle-o\"></i> <i class=\"fa fa-circle\"></i> </tr></table>\n|uhtml|bestof|<h2><strong>Game 2</strong> of <a href=\"/game-bestof3-gen9championsvgc2026regmb-2674156530\">a best-of-3</a></h2>\n|t:|1788307859\n|gametype|doubles\n|player|p1|TalonMasterJ|steven|\n|player|p2|VivillonHunter|youngcouple-gen4dp|\n|gen|9\n|tier|[Gen 9 Champions] VGC 2026 Reg M-B\n|rule|Species Clause: Limit one of each Pokémon\n|rule|Item Clause: Limit 1 of each item\n|raw|<div class=\"infobox\"><details class=\"readmore\" open><summary><strong>1 custom rule:</strong></summary> Best of = 3</details></div>\n|clearpoke\n|poke|p1|Sharpedo, L50, F|\n|poke|p1|Wyrdeer, L50, F|\n|poke|p1|Chandelure, L50, M|\n|poke|p1|Ampharos, L50, M|\n|poke|p1|Floette-Eternal, L50, F|\n|poke|p1|Krookodile, L50, F|\n|poke|p2|Scizor, L50, F|\n|poke|p2|Tinkaton, L50, F|\n|poke|p2|Pelipper, L50, F|\n|poke|p2|Swampert, L50, M|\n|poke|p2|Zoroark, L50, M|\n|poke|p2|Greninja, L50, F|\n|teampreview|4\n|j| brzysama\n|c|☆VivillonHunter|hf my dude\nVivillonHunter rejected open team sheets.\n|c|☆TalonMasterJ|glhf dude\n|\n|t:|1788307898\n|teamsize|p1|4\n|teamsize|p2|4\n|start\n|switch|p1a: Wyrdeer|Wyrdeer, L50, F|100/100\n|switch|p1b: Floette|Floette-Eternal, L50, F|100/100\n|switch|p2a: MINE|Pelipper, L50, F|100/100\n|switch|p2b: P. Sherman|Swampert, L50, M|100/100\n|-weather|RainDance|[from] ability: Drizzle|[of] p2a: MINE\n|-ability|p1a: Wyrdeer|Intimidate|boost\n|-unboost|p2a: MINE|atk|1\n|-unboost|p2b: P. Sherman|atk|1\n|turn|1\n|\n|t:|1788307932\n|detailschange|p1b: Floette|Floette-Mega, L50, F\n|-mega|p1b: Floette|Floette|Floettite\n|-ability|p1b: Floette|Fairy Aura\n|detailschange|p2b: P. Sherman|Swampert-Mega, L50, M\n|-mega|p2b: P. Sherman|Swampert|Swampertite\n|move|p2b: P. Sherman|Flip Turn|p1a: Wyrdeer\n|-damage|p1a: Wyrdeer|62/100\n|\n|t:|1788307938\n|switch|p2b: Metalmorph|Scizor, L50, F|100/100|[from] Flip Turn\n|move|p1b: Floette|Dazzling Gleam|p2b: Metalmorph|[spread] p2a,p2b\n|-resisted|p2b: Metalmorph|1\n|-damage|p2a: MINE|41/100\n|-damage|p2b: Metalmorph|77/100\n|move|p1a: Wyrdeer|Psyshield Bash|p2b: Metalmorph\n|-resisted|p2b: Metalmorph|1\n|-damage|p2b: Metalmorph|55/100\n|-boost|p1a: Wyrdeer|def|1\n|move|p2a: MINE|Weather Ball|p1a: Wyrdeer\n|-damage|p1a: Wyrdeer|8/100\n|-enditem|p1a: Wyrdeer|Sitrus Berry|[eat]\n|-heal|p1a: Wyrdeer|32/100|[from] item: Sitrus Berry\n|\n|-weather|RainDance|[upkeep]\n|upkeep\n|turn|2\n|\n|t:|1788307969\n|move|p2a: MINE|Protect|p2a: MINE\n|-singleturn|p2a: MINE|Protect\n|move|p1b: Floette|Dazzling Gleam|p2a: MINE|[spread] p2b\n|-activate|p2a: MINE|move: Protect\n|-resisted|p2b: Metalmorph|1\n|-damage|p2b: Metalmorph|32/100\n|-enditem|p2b: Metalmorph|Sitrus Berry|[eat]\n|-heal|p2b: Metalmorph|57/100|[from] item: Sitrus Berry\n|move|p1a: Wyrdeer|Wild Charge|p2b: Metalmorph\n|-damage|p2b: Metalmorph|28/100\n|-damage|p1a: Wyrdeer|26/100|[from] Recoil\n|move|p2b: Metalmorph|Swords Dance|p2b: Metalmorph\n|-boost|p2b: Metalmorph|atk|2\n|\n|-weather|RainDance|[upkeep]\n|upkeep\n|turn|3\n|j| fkggvn\n|\n|t:|1788308037\n|switch|p1a: Ampharos|Ampharos, L50, M|100/100\n|move|p1b: Floette|Protect|p1b: Floette\n|-singleturn|p1b: Floette|Protect\n|move|p2b: Metalmorph|Feint|p1b: Floette\n|-activate|p1b: Floette|move: Feint\n|-damage|p1b: Floette|61/100\n|move|p2a: MINE|Hurricane|p1b: Floette\n|-damage|p1b: Floette|34/100\n|-start|p1b: Floette|confusion\n|\n|-weather|RainDance|[upkeep]\n|upkeep\n|turn|4\n|\n|t:|1788308079\n|switch|p1b: Wyrdeer|Wyrdeer, L50, F|26/100\n|-ability|p1b: Wyrdeer|Intimidate|boost\n|-unboost|p2a: MINE|atk|1\n|-unboost|p2b: Metalmorph|atk|1\n|switch|p2a: P. Sherman|Swampert-Mega, L50, M|100/100\n|move|p2b: Metalmorph|Bullet Punch|p1b: Wyrdeer\n|-damage|p1b: Wyrdeer|0 fnt\n|faint|p1b: Wyrdeer\n|move|p1a: Ampharos|Thunderbolt|p2b: Metalmorph\n|-damage|p2b: Metalmorph|0 fnt\n|faint|p2b: Metalmorph\n|\n|-weather|RainDance|[upkeep]\n|upkeep\n|\n|t:|1788308091\n|switch|p1b: Floette|Floette-Mega, L50, F|34/100\n|switch|p2b: MINE|Pelipper, L50, F|100/100\n|-ability|p1b: Floette|Fairy Aura\n|turn|5\n|j| kmilly132\n|\n|t:|1788308125\n|move|p2a: P. Sherman|Wave Crash|p1b: Floette\n|-damage|p1b: Floette|0 fnt\n|faint|p1b: Floette\n|-damage|p2a: P. Sherman|88/100|[from] Recoil\n|move|p2b: MINE|Night Daze|p1a: Ampharos\n|-damage|p1a: Ampharos|37/100\n|-unboost|p1a: Ampharos|accuracy|1\n|move|p1a: Ampharos|Thunderbolt|p2b: MINE\n|-damage|p2b: MINE|9/100\n|replace|p2b: Spy Fox|Zoroark, L50, M\n|-end|p2b: Spy Fox|Illusion\n|\n|-weather|none\n|upkeep\n|\n|t:|1788308144\n|switch|p1b: Krookodile|Krookodile, L50, F|100/100\n|turn|6\n|l| brzysama\n|j| brzysama\n|\n|t:|1788308168\n|switch|p2b: MINE|Pelipper, L50, F|41/100\n|-weather|RainDance|[from] ability: Drizzle|[of] p2b: MINE\n|move|p2a: P. Sherman|Wave Crash|p1b: Krookodile\n|-supereffective|p1b: Krookodile|1\n|-damage|p1b: Krookodile|0 fnt\n|faint|p1b: Krookodile\n|-damage|p2a: P. Sherman|55/100|[from] Recoil\n|move|p1a: Ampharos|Dazzling Gleam|p2b: MINE|[spread] p2a,p2b\n|-damage|p2a: P. Sherman|37/100\n|-damage|p2b: MINE|11/100\n|\n|-weather|RainDance|[upkeep]\n|upkeep\n|turn|7\n|\n|t:|1788308197\n|move|p2a: P. Sherman|Flip Turn|p1a: Ampharos\n|-damage|p1a: Ampharos|0 fnt\n|-status|p2a: P. Sherman|par|[from] ability: Static|[of] p1a: Ampharos\n|faint|p1a: Ampharos\n|\n|win|VivillonHunter\n|c|☆VivillonHunter|gg\n|l| brzysama\n|c|☆VivillonHunter|I got the replays\n","uploadtime":1788308211,"views":"9","formatid":"gen9championsvgc2026regmb","rating":null,"private":0,"password":null}