{"id":"gen9championsvgc2026regmbbo3-2673898550","format":"[Gen 9 Champions] VGC 2026 Reg M-B (Bo3)","players":["coti_05","raksbach"],"log":"|j|☆coti_05\n|j|☆raksbach\n|html|<table width=\"100%\"><tr><td align=\"left\">coti_05</td><td align=\"right\">raksbach</tr><tr><td align=\"left\"><i class=\"fa fa-circle-o\"></i> <i class=\"fa fa-circle-o\"></i> </td><td align=\"right\"><i class=\"fa fa-circle-o\"></i> <i class=\"fa fa-circle-o\"></i> </tr></table>\n|uhtml|bestof|<h2><strong>Game 1</strong> of <a href=\"/game-bestof3-gen9championsvgc2026regmbbo3-2673898549\">a best-of-3</a></h2>\n|t:|1788274607\n|gametype|doubles\n|player|p1|coti_05|266|1081\n|player|p2|raksbach|doubleteam|1171\n|gen|9\n|tier|[Gen 9 Champions] VGC 2026 Reg M-B (Bo3)\n|rated|\n|rule|Species Clause: Limit one of each Pokémon\n|rule|Item Clause: Limit 1 of each item\n|clearpoke\n|poke|p1|Charizard, L50, M, shiny|\n|poke|p1|Incineroar, L50, M|\n|poke|p1|Garchomp, L50, M, shiny|\n|poke|p1|Aerodactyl, L50, F|\n|poke|p1|Toxapex, L50, M|\n|poke|p1|Maushold-Four, L50|\n|poke|p2|Dragonite, L50, F|\n|poke|p2|Sneasler, L50, M|\n|poke|p2|Basculegion, L50, M|\n|poke|p2|Kingambit, L50, M|\n|poke|p2|Garchomp, L50, F|\n|poke|p2|Floette-Eternal, L50, F|\n|teampreview|4\n|showteam|p1|Charizard||CharizarditeY|SolarPower|HeatWave,Protect,WeatherBall,SolarBeam|Bold||M|||50|]Incineroar||SitrusBerry|Intimidate|FakeOut,FlareBlitz,PartingShot,Crunch|Impish||M|||50|]Garchomp||LifeOrb|RoughSkin|DragonClaw,Earthquake,Protect,RockSlide|Jolly||M|||50|]Aerodactyl||Aerodactylite|RockHead|Tailwind,Protect,RockSlide,DualWingbeat|Jolly||F|||50|]Toxapex||Leftovers|Regenerator|WideGuard,BanefulBunker,Toxic,Infestation|Sassy||M|||50|]Maushold-Four||FocusSash|FriendGuard|PopulationBomb,ThunderWave,FollowMe,Protect|Jolly|||||50|\n|showteam|p2|Dragonite||Dragoninite|Multiscale|DragonPulse,HeatWave,ExtremeSpeed,Protect|Modest||F|||50|]Sneasler||FocusSash|PoisonTouch|CloseCombat,DireClaw,FakeOut,Feint|Jolly||M|||50|]Basculegion||LifeOrb|Adaptability|WaveCrash,LastRespects,AquaJet,Protect|Adamant||M|||50|]Kingambit||ChopleBerry|Defiant|SuckerPunch,KowtowCleave,LowKick,IronHead|Adamant||M|||50|]Garchomp||ChoiceScarf|RoughSkin|DragonClaw,StompingTantrum,Earthquake,RockSlide|Adamant||F|||50|]Floette-Eternal||Floettite|FlowerVeil|Moonblast,DazzlingGleam,LightofRuin,Protect|Timid||F|||50|\n|inactive|Battle timer is ON: inactive players will automatically lose when time's up. (requested by raksbach)\n|inactive|coti_05 has 60 seconds left.\n|\n|t:|1788274646\n|teamsize|p1|4\n|teamsize|p2|4\n|start\n|switch|p1a: Charizard|Charizard, L50, M, shiny|100/100\n|switch|p1b: Garchomp|Garchomp, L50, M, shiny|100/100\n|switch|p2a: Dragonite|Dragonite, L50, F|100/100\n|switch|p2b: Sneasler|Sneasler, L50, M|100/100\n|turn|1\n|\n|t:|1788274664\n|detailschange|p2a: Dragonite|Dragonite-Mega, L50, F\n|-mega|p2a: Dragonite|Dragonite|Dragoninite\n|move|p1b: Garchomp|Protect|p1b: Garchomp\n|-singleturn|p1b: Garchomp|Protect\n|move|p1a: Charizard|Protect|p1a: Charizard\n|-singleturn|p1a: Charizard|Protect\n|move|p2b: Sneasler|Fake Out|p1a: Charizard\n|-activate|p1a: Charizard|move: Protect\n|move|p2a: Dragonite|Dragon Pulse|p1b: Garchomp\n|-activate|p1b: Garchomp|move: Protect\n|\n|upkeep\n|turn|2\n|inactive|coti_05 has 30 seconds left.\n|inactive|coti_05 has 20 seconds left.\n|\n|t:|1788274700\n|switch|p2b: Garchomp|Garchomp, L50, F|100/100\n|switch|p1b: Toxapex|Toxapex, L50, M|100/100\n|detailschange|p1a: Charizard|Charizard-Mega-Y, L50, M, shiny\n|-mega|p1a: Charizard|Charizard|Charizardite Y\n|-weather|SunnyDay|[from] ability: Drought|[of] p1a: Charizard\n|move|p2a: Dragonite|Protect|p2a: Dragonite\n|-singleturn|p2a: Dragonite|Protect\n|move|p1a: Charizard|Heat Wave|p2a: Dragonite|[spread] p2b\n|-activate|p2a: Dragonite|move: Protect\n|-resisted|p2b: Garchomp|1\n|-damage|p2b: Garchomp|62/100\n|\n|-weather|SunnyDay|[upkeep]\n|upkeep\n|turn|3\n|inactive|raksbach has 30 seconds left.\n|\n|t:|1788274727\n|move|p1a: Charizard|Protect|p1a: Charizard\n|-singleturn|p1a: Charizard|Protect\n|move|p2b: Garchomp|Stomping Tantrum|p1b: Toxapex\n|-supereffective|p1b: Toxapex|1\n|-damage|p1b: Toxapex|34/100\n|move|p2a: Dragonite|Dragon Pulse|p1a: Charizard\n|-activate|p1a: Charizard|move: Protect\n|move|p1b: Toxapex|Toxic|p2a: Dragonite\n|-status|p2a: Dragonite|tox\n|\n|-weather|SunnyDay|[upkeep]\n|-heal|p1b: Toxapex|40/100|[from] item: Leftovers\n|-damage|p2a: Dragonite|94/100 tox|[from] psn\n|upkeep\n|turn|4\n|inactive|coti_05 has 30 seconds left.\n|inactive|coti_05 has 20 seconds left.\n|inactive|coti_05 has 15 seconds left.\n|\n|t:|1788274768\n|switch|p2a: Sneasler|Sneasler, L50, M|100/100\n|move|p1b: Toxapex|Wide Guard|p1b: Toxapex\n|-singleturn|p1b: Toxapex|Wide Guard\n|move|p2b: Garchomp|Stomping Tantrum|p1b: Toxapex\n|-supereffective|p1b: Toxapex|1\n|-damage|p1b: Toxapex|0 fnt\n|faint|p1b: Toxapex\n|move|p1a: Charizard|Heat Wave|p2a: Sneasler|[spread] p2a,p2b\n|-resisted|p2b: Garchomp|1\n|-damage|p2a: Sneasler|19/100\n|-damage|p2b: Garchomp|25/100\n|\n|-weather|SunnyDay|[upkeep]\n|upkeep\n|\n|t:|1788274781\n|switch|p1b: Incineroar|Incineroar, L50, M|100/100\n|-ability|p1b: Incineroar|Intimidate|boost\n|-unboost|p2a: Sneasler|atk|1\n|-unboost|p2b: Garchomp|atk|1\n|turn|5\n|inactive|coti_05 has 30 seconds left.\n|\n|t:|1788274806\n|switch|p2b: Dragonite|Dragonite-Mega, L50, F|94/100 tox\n|switch|p1b: Garchomp|Garchomp, L50, M, shiny|100/100\n|move|p2a: Sneasler|Fake Out|p1b: Garchomp\n|-damage|p1b: Garchomp|90/100\n|-damage|p2a: Sneasler|7/100|[from] ability: Rough Skin|[of] p1b: Garchomp\n|-status|p1b: Garchomp|psn|[from] ability: Poison Touch|[of] p2a: Sneasler\n|move|p1a: Charizard|Heat Wave|p2b: Dragonite|[spread] p2a,p2b\n|-resisted|p2b: Dragonite|1\n|-damage|p2a: Sneasler|0 fnt\n|-damage|p2b: Dragonite|65/100 tox\n|faint|p2a: Sneasler\n|\n|-weather|SunnyDay|[upkeep]\n|-damage|p1b: Garchomp|78/100 psn|[from] psn\n|-damage|p2b: Dragonite|59/100 tox|[from] psn\n|upkeep\n|\n|t:|1788274818\n|switch|p2a: Garchomp|Garchomp, L50, F|25/100\n|turn|6\n|\n|t:|1788274830\n|move|p1b: Garchomp|Protect|p1b: Garchomp\n|-singleturn|p1b: Garchomp|Protect\n|move|p1a: Charizard|Protect|p1a: Charizard\n|-singleturn|p1a: Charizard|Protect\n|move|p2a: Garchomp|Rock Slide|p1b: Garchomp|[spread] \n|-activate|p1a: Charizard|move: Protect\n|-activate|p1b: Garchomp|move: Protect\n|move|p2b: Dragonite|Dragon Pulse|p1b: Garchomp\n|-activate|p1b: Garchomp|move: Protect\n|\n|-weather|none\n|-damage|p1b: Garchomp|66/100 psn|[from] psn\n|-damage|p2b: Dragonite|47/100 tox|[from] psn\n|upkeep\n|turn|7\n|\n|t:|1788274848\n|switch|p2a: Basculegion|Basculegion, L50, M|100/100\n|switch|p1a: Incineroar|Incineroar, L50, M|100/100\n|-ability|p1a: Incineroar|Intimidate|boost\n|-unboost|p2a: Basculegion|atk|1\n|-unboost|p2b: Dragonite|atk|1\n|move|p1b: Garchomp|Dragon Claw|p2b: Dragonite\n|-supereffective|p2b: Dragonite|1\n|-damage|p2b: Dragonite|0 fnt\n|faint|p2b: Dragonite\n|-damage|p1b: Garchomp|56/100 psn|[from] item: Life Orb\n|\n|-damage|p1b: Garchomp|44/100 psn|[from] psn\n|upkeep\n|\n|t:|1788274857\n|switch|p2b: Garchomp|Garchomp, L50, F|25/100\n|turn|8\n|\n|t:|1788274872\n|move|p1a: Incineroar|Fake Out|p2b: Garchomp\n|-damage|p2b: Garchomp|15/100\n|-damage|p1a: Incineroar|87/100|[from] ability: Rough Skin|[of] p2b: Garchomp\n|cant|p2b: Garchomp|flinch\n|move|p1b: Garchomp|Dragon Claw|p2b: Garchomp\n|-supereffective|p2b: Garchomp|1\n|-damage|p2b: Garchomp|0 fnt\n|-damage|p1b: Garchomp|32/100 psn|[from] ability: Rough Skin|[of] p2b: Garchomp\n|faint|p2b: Garchomp\n|-damage|p1b: Garchomp|22/100 psn|[from] item: Life Orb\n|move|p2a: Basculegion|Wave Crash|p1a: Incineroar\n|-supereffective|p1a: Incineroar|1\n|-damage|p1a: Incineroar|0 fnt\n|faint|p1a: Incineroar\n|-damage|p2a: Basculegion|70/100|[from] Recoil\n|-damage|p2a: Basculegion|61/100|[from] item: Life Orb\n|\n|-damage|p1b: Garchomp|10/100 psn|[from] psn\n|upkeep\n|\n|t:|1788274890\n|switch|p1a: Charizard|Charizard-Mega-Y, L50, M, shiny|100/100\n|-weather|SunnyDay|[from] ability: Drought|[of] p1a: Charizard\n|turn|9\n|\n|t:|1788274900\n|move|p2a: Basculegion|Protect|p2a: Basculegion\n|-singleturn|p2a: Basculegion|Protect\n|move|p1b: Garchomp|Earthquake|p2a: Basculegion|[spread] \n|-activate|p2a: Basculegion|move: Protect\n|-immune|p1a: Charizard\n|move|p1a: Charizard|Solar Beam||[still]\n|-prepare|p1a: Charizard|Solar Beam\n|-anim|p1a: Charizard|Solar Beam|p2a: Basculegion\n|-activate|p2a: Basculegion|move: Protect\n|\n|-weather|SunnyDay|[upkeep]\n|-damage|p1b: Garchomp|0 fnt|[from] psn\n|faint|p1b: Garchomp\n|upkeep\n|turn|10\n|c|☆raksbach|GGS\n|\n|t:|1788274913\n|move|p2a: Basculegion|Last Respects|p1a: Charizard\n|-damage|p1a: Charizard|0 fnt\n|faint|p1a: Charizard\n|-damage|p2a: Basculegion|51/100|[from] item: Life Orb\n|\n|win|raksbach\n","uploadtime":1788274914,"views":"0","formatid":"gen9championsvgc2026regmbbo3","rating":null,"private":0,"password":null}