{"id":"gen9championsvgc2026regmb-2673868469","format":"[Gen 9 Champions] VGC 2026 Reg M-B","players":["P1mentell","Thornlace48812"],"log":"|j|‽P1mentell\n|j|☆Thornlace48812\n|t:|1788270851\n|gametype|doubles\n|player|p1|P1mentell|veteran-gen4|1138\n|player|p2|Thornlace48812|102|1128\n|gen|9\n|tier|[Gen 9 Champions] VGC 2026 Reg M-B\n|rated|\n|rule|Species Clause: Limit one of each Pokémon\n|rule|Item Clause: Limit 1 of each item\n|clearpoke\n|poke|p1|Annihilape, L50, M|\n|poke|p1|Grimmsnarl, L50, M|\n|poke|p1|Metagross, L50|\n|poke|p1|Sinistcha, L50|\n|poke|p1|Arcanine, L50, F|\n|poke|p1|Gengar, L50, M|\n|poke|p2|Garchomp, L50, M|\n|poke|p2|Charizard, L50, F|\n|poke|p2|Whimsicott, L50, M|\n|poke|p2|Sylveon, L50, M|\n|poke|p2|Kingambit, L50, M|\n|poke|p2|Basculegion, L50, M|\n|teampreview|4\n|inactive|Battle timer is ON: inactive players will automatically lose when time's up. (requested by Thornlace48812)\nThornlace48812 rejected open team sheets.\n|\n|t:|1788270861\n|teamsize|p1|4\n|teamsize|p2|4\n|start\n|switch|p1a: Grimmsnarl|Grimmsnarl, L50, M|100/100\n|switch|p1b: Annihilape|Annihilape, L50, M|100/100\n|switch|p2a: Basculegion|Basculegion, L50, M|100/100\n|switch|p2b: Sylveon|Sylveon, L50, M|100/100\n|turn|1\n|\n|t:|1788270875\n|switch|p2a: Charizard|Charizard, L50, F|100/100\n|move|p1a: Grimmsnarl|Light Screen|p1a: Grimmsnarl\n|-sidestart|p1: P1mentell|move: Light Screen\n|move|p1b: Annihilape|Bulk Up|p1b: Annihilape\n|-boost|p1b: Annihilape|atk|1\n|-boost|p1b: Annihilape|def|1\n|move|p2b: Sylveon|Hyper Voice|p1b: Annihilape|[spread] p1a,p1b\n|-supereffective|p1a: Grimmsnarl|1\n|-supereffective|p1b: Annihilape|1\n|-damage|p1a: Grimmsnarl|50/100g\n|-damage|p1b: Annihilape|57/100\n|\n|-heal|p1b: Annihilape|63/100|[from] item: Leftovers\n|upkeep\n|turn|2\n|\n|t:|1788270899\n|detailschange|p2a: Charizard|Charizard-Mega-Y, L50, F\n|-mega|p2a: Charizard|Charizard|Charizardite Y\n|-weather|SunnyDay|[from] ability: Drought|[of] p2a: Charizard\n|move|p1a: Grimmsnarl|Parting Shot|p2a: Charizard\n|-unboost|p2a: Charizard|atk|1\n|-unboost|p2a: Charizard|spa|1\n|\n|t:|1788270907\n|switch|p1a: Sinistcha|Sinistcha, L50|100/100|[from] Parting Shot\n|-heal|p1b: Annihilape|88/100|[from] ability: Hospitality|[of] p1a: Sinistcha\n|move|p2a: Charizard|Heat Wave|p1a: Sinistcha|[spread] p1b\n|-miss|p2a: Charizard|p1a: Sinistcha\n|-damage|p1b: Annihilape|68/100\n|move|p1b: Annihilape|Rage Fist|p2b: Sylveon\n|-damage|p2b: Sylveon|0 fnt\n|faint|p2b: Sylveon\n|\n|-weather|SunnyDay|[upkeep]\n|-heal|p1b: Annihilape|74/100|[from] item: Leftovers\n|upkeep\n|\n|t:|1788270907\n|switch|p2b: Garchomp|Garchomp, L50, M|100/100\n|turn|3\n|\n|t:|1788270924\n|move|p1b: Annihilape|Protect|p1b: Annihilape\n|-singleturn|p1b: Annihilape|Protect\n|move|p1a: Sinistcha|Protect|p1a: Sinistcha\n|-singleturn|p1a: Sinistcha|Protect\n|move|p2b: Garchomp|Dragon Claw|p1a: Sinistcha\n|-activate|p1a: Sinistcha|move: Protect\n|move|p2a: Charizard|Heat Wave|p1a: Sinistcha|[spread] \n|-activate|p1a: Sinistcha|move: Protect\n|-activate|p1b: Annihilape|move: Protect\n|\n|-weather|SunnyDay|[upkeep]\n|-heal|p1b: Annihilape|80/100|[from] item: Leftovers\n|upkeep\n|turn|4\n|\n|t:|1788270948\n|switch|p1a: Grimmsnarl|Grimmsnarl, L50, M|50/100g\n|move|p2b: Garchomp|Dragon Claw|p1b: Annihilape\n|-damage|p1b: Annihilape|47/100\n|-damage|p2b: Garchomp|90/100|[from] item: Life Orb\n|move|p2a: Charizard|Heat Wave|p1b: Annihilape|[spread] p1a,p1b\n|-damage|p1a: Grimmsnarl|26/100\n|-damage|p1b: Annihilape|29/100\n|-status|p1a: Grimmsnarl|brn\n|move|p1b: Annihilape|Rage Fist|p2a: Charizard\n|-damage|p2a: Charizard|0 fnt\n|faint|p2a: Charizard\n|\n|-weather|SunnyDay|[upkeep]\n|-heal|p1b: Annihilape|35/100|[from] item: Leftovers\n|-damage|p1a: Grimmsnarl|20/100y brn|[from] brn\n|upkeep\n|\n|t:|1788270948\n|switch|p2a: Basculegion|Basculegion, L50, M|100/100\n|turn|5\n|inactive|P1mentell has 30 seconds left.\n|\n|t:|1788270976\n|move|p1b: Annihilape|Protect|p1b: Annihilape\n|-singleturn|p1b: Annihilape|Protect\n|move|p2b: Garchomp|Dragon Claw|p1b: Annihilape\n|-activate|p1b: Annihilape|move: Protect\n|move|p2a: Basculegion|Last Respects|p1b: Annihilape\n|-activate|p1b: Annihilape|move: Protect\n|move|p1a: Grimmsnarl|Spirit Break|p2b: Garchomp\n|-supereffective|p2b: Garchomp|1\n|-damage|p2b: Garchomp|57/100\n|-unboost|p2b: Garchomp|spa|1\n|-damage|p1a: Grimmsnarl|7/100 brn|[from] ability: Rough Skin|[of] p2b: Garchomp\n|\n|-weather|SunnyDay|[upkeep]\n|-heal|p1b: Annihilape|41/100|[from] item: Leftovers\n|-damage|p1a: Grimmsnarl|1/100 brn|[from] brn\n|upkeep\n|turn|6\n|inactive|P1mentell has 30 seconds left.\n|\n|t:|1788271004\n|switch|p1b: Metagross|Metagross, L50|100/100\n|move|p1a: Grimmsnarl|Reflect|p1a: Grimmsnarl\n|-sidestart|p1: P1mentell|Reflect\n|move|p2b: Garchomp|Dragon Claw|p1b: Metagross\n|-resisted|p1b: Metagross|1\n|-damage|p1b: Metagross|86/100\n|-damage|p2b: Garchomp|48/100|[from] item: Life Orb\n|move|p2a: Basculegion|Last Respects|p1b: Metagross\n|-supereffective|p1b: Metagross|1\n|-damage|p1b: Metagross|0 fnt\n|faint|p1b: Metagross\n|\n|-weather|none\n|-damage|p1a: Grimmsnarl|0 fnt|[from] brn\n|faint|p1a: Grimmsnarl\n|upkeep\n|\n|t:|1788271021\n|switch|p1b: Sinistcha|Sinistcha, L50|100/100\n|switch|p1a: Annihilape|Annihilape, L50, M|41/100\n|-heal|p1a: Annihilape|65/100|[from] ability: Hospitality|[of] p1b: Sinistcha\n|turn|7\n|\n|t:|1788271040\n|move|p1b: Sinistcha|Rage Powder|p1b: Sinistcha\n|-singleturn|p1b: Sinistcha|move: Rage Powder\n|move|p2b: Garchomp|Dragon Claw|p1b: Sinistcha\n|-damage|p1b: Sinistcha|75/100\n|-damage|p2b: Garchomp|38/100|[from] item: Life Orb\n|move|p2a: Basculegion|Wave Crash|p1b: Sinistcha\n|-resisted|p1b: Sinistcha|1\n|-damage|p1b: Sinistcha|52/100\n|-damage|p2a: Basculegion|93/100|[from] Recoil\n|move|p1a: Annihilape|Rage Fist|p2a: Basculegion\n|-supereffective|p2a: Basculegion|1\n|-damage|p2a: Basculegion|47/100\n|\n|-heal|p1a: Annihilape|71/100|[from] item: Leftovers\n|upkeep\n|turn|8\n|inactive|P1mentell has 30 seconds left.\n|inactive|P1mentell has 20 seconds left.\n|\n|t:|1788271078\n|move|p1a: Annihilape|Protect|p1a: Annihilape\n|-singleturn|p1a: Annihilape|Protect\n|move|p2b: Garchomp|Dragon Claw|p1a: Annihilape\n|-activate|p1a: Annihilape|move: Protect\n|move|p2a: Basculegion|Last Respects|p1b: Sinistcha\n|-supereffective|p1b: Sinistcha|1\n|-damage|p1b: Sinistcha|0 fnt\n|faint|p1b: Sinistcha\n|\n|-heal|p1a: Annihilape|77/100|[from] item: Leftovers\n|-sideend|p1: P1mentell|move: Light Screen\n|upkeep\n|turn|9\n|\n|t:|1788271094\n|move|p2b: Garchomp|Dragon Claw|p1a: Annihilape\n|-damage|p1a: Annihilape|42/100\n|-damage|p2b: Garchomp|28/100|[from] item: Life Orb\n|move|p2a: Basculegion|Last Respects|p1a: Annihilape\n|-supereffective|p1a: Annihilape|1\n|-damage|p1a: Annihilape|0 fnt\n|faint|p1a: Annihilape\n|\n|win|Thornlace48812\n|raw|P1mentell's rating: 1138 &rarr; <strong>1113</strong><br />(-25 for losing)\n|raw|Thornlace48812's rating: 1141 &rarr; <strong>1166</strong><br />(+25 for winning)\n","uploadtime":1788271094,"views":"1","formatid":"gen9championsvgc2026regmb","rating":1113,"private":0,"password":null}