{"id":"gen9championsvgc2026regmb-2673982105","format":"[Gen 9 Champions] VGC 2026 Reg M-B","players":["spensmurf","conngfan"],"log":"|j|☆spensmurf\n|j|☆conngfan\n|t:|1788284586\n|gametype|doubles\n|player|p1|spensmurf|2|1451\n|player|p2|conngfan|arven-s|1523\n|gen|9\n|tier|[Gen 9 Champions] VGC 2026 Reg M-B\n|rated|\n|rule|Species Clause: Limit one of each Pokémon\n|rule|Item Clause: Limit 1 of each item\n|clearpoke\n|poke|p1|Charizard, L50, F|\n|poke|p1|Venusaur, L50, M|\n|poke|p1|Garchomp, L50, M|\n|poke|p1|Kingambit, L50, F|\n|poke|p1|Talonflame, L50, F|\n|poke|p1|Gardevoir, L50, F|\n|poke|p2|Aerodactyl, L50, M|\n|poke|p2|Raichu, L50, F|\n|poke|p2|Sneasler, L50, M|\n|poke|p2|Sylveon, L50, M|\n|poke|p2|Kingambit, L50, M|\n|poke|p2|Tsareena, L50, F|\n|teampreview|4\n|inactive|Battle timer is ON: inactive players will automatically lose when time's up. (requested by conngfan)\n|inactive|conngfan has 60 seconds left.\n|\n|t:|1788284625\n|teamsize|p1|4\n|teamsize|p2|4\n|start\n|switch|p1a: Garchomp|Garchomp, L50, M|100/100\n|switch|p1b: Charizard|Charizard, L50, F|100/100\n|switch|p2a: Aerodactyl|Aerodactyl, L50, M|100/100\n|switch|p2b: Kingambit|Kingambit, L50, M|100/100\n|-ability|p2a: Aerodactyl|Unnerve\n|turn|1\n|\n|t:|1788284638\n|switch|p1b: Kingambit|Kingambit, L50, F|100/100\n|move|p2a: Aerodactyl|Protect|p2a: Aerodactyl\n|-singleturn|p2a: Aerodactyl|Protect\n|move|p2b: Kingambit|Protect|p2b: Kingambit\n|-singleturn|p2b: Kingambit|Protect\n|move|p1a: Garchomp|Earthquake|p2a: Aerodactyl|[spread] p1b\n|-activate|p2a: Aerodactyl|move: Protect\n|-activate|p2b: Kingambit|move: Protect\n|-supereffective|p1b: Kingambit|1\n|-damage|p1b: Kingambit|12/100\n|-damage|p1a: Garchomp|90/100|[from] item: Life Orb\n|\n|upkeep\n|turn|2\n|inactive|conngfan has 30 seconds left.\n|\n|t:|1788284669\n|detailschange|p2a: Aerodactyl|Aerodactyl-Mega, L50, M\n|-mega|p2a: Aerodactyl|Aerodactyl|Aerodactylite\n|move|p1b: Kingambit|Protect|p1b: Kingambit\n|-singleturn|p1b: Kingambit|Protect\n|move|p2a: Aerodactyl|Dual Wingbeat|p1b: Kingambit\n|-activate|p1b: Kingambit|move: Protect\n|move|p1a: Garchomp|Earthquake|p2b: Kingambit|[spread] p2b\n|-activate|p1b: Kingambit|move: Protect\n|-immune|p2a: Aerodactyl\n|-supereffective|p2b: Kingambit|1\n|-damage|p2b: Kingambit|13/100\n|-damage|p1a: Garchomp|80/100|[from] item: Life Orb\n|move|p2b: Kingambit|Swords Dance|p2b: Kingambit\n|-boost|p2b: Kingambit|atk|2\n|\n|upkeep\n|turn|3\n|\n|t:|1788284680\n|move|p2b: Kingambit|Protect|p2b: Kingambit\n|-singleturn|p2b: Kingambit|Protect\n|move|p1b: Kingambit|Sucker Punch|p2a: Aerodactyl\n|-damage|p2a: Aerodactyl|39/100\n|move|p2a: Aerodactyl|Dual Wingbeat|p1a: Garchomp\n|-crit|p1a: Garchomp\n|-damage|p1a: Garchomp|42/100\n|-damage|p2a: Aerodactyl|27/100|[from] ability: Rough Skin|[of] p1a: Garchomp\n|-damage|p1a: Garchomp|16/100\n|-damage|p2a: Aerodactyl|15/100|[from] ability: Rough Skin|[of] p1a: Garchomp\n|-hitcount|p1a: Garchomp|2\n|move|p1a: Garchomp|Rock Slide|p2a: Aerodactyl|[spread] p2a\n|-activate|p2b: Kingambit|move: Protect\n|-supereffective|p2a: Aerodactyl|1\n|-damage|p2a: Aerodactyl|0 fnt\n|faint|p2a: Aerodactyl\n|-damage|p1a: Garchomp|7/100|[from] item: Life Orb\n|\n|upkeep\n|\n|t:|1788284696\n|switch|p2a: Tsareena|Tsareena, L50, F|100/100\n|turn|4\n|\n|t:|1788284701\n|move|p2b: Kingambit|Sucker Punch|p1a: Garchomp\n|-damage|p1a: Garchomp|0 fnt\n|-damage|p2b: Kingambit|1/100|[from] ability: Rough Skin|[of] p1a: Garchomp\n|faint|p1a: Garchomp\n|-damage|p2b: Kingambit|0 fnt|[from] item: Life Orb\n|faint|p2b: Kingambit\n|move|p2a: Tsareena|Low Kick|p1b: Kingambit\n|-supereffective|p1b: Kingambit|2\n|-damage|p1b: Kingambit|0 fnt\n|faint|p1b: Kingambit\n|\n|upkeep\n|\n|t:|1788284705\n|switch|p1a: Venusaur|Venusaur, L50, M|100/100\n|switch|p2b: Sylveon|Sylveon, L50, M|100/100\n|switch|p1b: Charizard|Charizard, L50, F|100/100\n|turn|5\n|\n|t:|1788284711\n|detailschange|p1b: Charizard|Charizard-Mega-Y, L50, F\n|-mega|p1b: Charizard|Charizard|Charizardite Y\n|-weather|SunnyDay|[from] ability: Drought|[of] p1b: Charizard\n|move|p1a: Venusaur|Sludge Bomb|p2b: Sylveon\n|-supereffective|p2b: Sylveon|1\n|-damage|p2b: Sylveon|25/100\n|move|p1b: Charizard|Heat Wave|p2a: Tsareena|[spread] p2a,p2b\n|-supereffective|p2a: Tsareena|1\n|-crit|p2a: Tsareena\n|-enditem|p2a: Tsareena|Focus Sash\n|-damage|p2a: Tsareena|1/100\n|-damage|p2b: Sylveon|0 fnt\n|faint|p2b: Sylveon\n|move|p2a: Tsareena|Triple Axel|p1a: Venusaur\n|-supereffective|p1a: Venusaur|1\n|-damage|p1a: Venusaur|83/100\n|-supereffective|p1a: Venusaur|1\n|-damage|p1a: Venusaur|47/100\n|-supereffective|p1a: Venusaur|1\n|-damage|p1a: Venusaur|0 fnt\n|faint|p1a: Venusaur\n|-hitcount|p1: Venusaur|3\n|\n|-weather|SunnyDay|[upkeep]\n|upkeep\n|turn|6\n|-message|conngfan forfeited.\n|\n|win|spensmurf\n|raw|spensmurf's rating: 1451 &rarr; <strong>1475</strong><br />(+24 for winning)\n|raw|conngfan's rating: 1523 &rarr; <strong>1499</strong><br />(-24 for losing)\n","uploadtime":1788284720,"views":"0","formatid":"gen9championsvgc2026regmb","rating":1475,"private":0,"password":null}