{"id":"gen9championsvgc2026regmbbo3-2673284319","format":"[Gen 9 Champions] VGC 2026 Reg M-B (Bo3)","players":["Pawah","pedromps8000"],"log":"|j|☆Pawah\n|j|☆pedromps8000\n|html|<table width=\"100%\"><tr><td align=\"left\">Pawah</td><td align=\"right\">pedromps8000</tr><tr><td align=\"left\"><i class=\"fa fa-circle-o\"></i> <i class=\"fa fa-circle-o\"></i> </td><td align=\"right\"><i class=\"fa fa-circle-o\"></i> <i class=\"fa fa-circle-o\"></i> </tr></table>\n|uhtml|bestof|<h2><strong>Game 1</strong> of <a href=\"/game-bestof3-gen9championsvgc2026regmbbo3-2673284318\">a best-of-3</a></h2>\n|t:|1788176761\n|gametype|doubles\n|player|p1|Pawah|ethan|1228\n|player|p2|pedromps8000|169|1147\n|gen|9\n|tier|[Gen 9 Champions] VGC 2026 Reg M-B (Bo3)\n|rated|\n|rule|Species Clause: Limit one of each Pokémon\n|rule|Item Clause: Limit 1 of each item\n|clearpoke\n|poke|p1|Incineroar, L50, M|\n|poke|p1|Sinistcha, L50|\n|poke|p1|Floette-Eternal, L50, F|\n|poke|p1|Samurott-Hisui, L50, F|\n|poke|p1|Sneasler, L50, F|\n|poke|p1|Delphox, L50, M|\n|poke|p2|Palafin, L50, M|\n|poke|p2|Incineroar, L50, M|\n|poke|p2|Corviknight, L50, M|\n|poke|p2|Froslass, L50, F|\n|poke|p2|Sableye, L50, F|\n|poke|p2|Garchomp, L50, F|\n|teampreview|4\n|showteam|p1|Incineroar||SitrusBerry|Intimidate|FlareBlitz,DarkestLariat,FakeOut,PartingShot|Careful||M|||50|]Sinistcha||OccaBerry|Hospitality|MatchaGotcha,LifeDew,RagePowder,Protect|Bold|||||50|]Floette-Eternal||Floettite|FlowerVeil|Protect,DazzlingGleam,Moonblast,CalmMind|Modest||F|||50|]Samurott-Hisui||ChoiceScarf|Sharpness|NightSlash,AquaCutter,SacredSword,FlipTurn|Jolly||F|||50|]Sneasler||FocusSash|PoisonTouch|PoisonJab,RockSlide,CloseCombat,FakeOut|Jolly||F|||50|]Delphox||Delphoxite|Blaze|HeatWave,Protect,Psychic,NastyPlot|Timid||M|||50|\n|showteam|p2|Palafin||ChoiceScarf|ZerotoHero|IcePunch,CloseCombat,FlipTurn,JetPunch|Careful||M|||50|]Incineroar||WhiteHerb|Intimidate|FakeOut,PartingShot,DarkestLariat,FlareBlitz|Impish||M|||50|]Corviknight||Leftovers|MirrorArmor|BulkUp,BraveBird,Tailwind,Protect|Impish||M|||50|]Froslass||Froslassite|SnowCloak|AuroraVeil,Blizzard,ShadowBall,Protect|Serious||F|||50|]Sableye||MentalHerb|Prankster|LightScreen,Taunt,Encore,WillOWisp|Bold||F|||50|]Garchomp||LifeOrb|RoughSkin|SwordsDance,DragonClaw,StompingTantrum,Protect|Adamant||F|||50|\n|inactive|Battle timer is ON: inactive players will automatically lose when time's up. (requested by Pawah)\n|\n|t:|1788176787\n|teamsize|p1|4\n|teamsize|p2|4\n|start\n|switch|p1a: Sneasler|Sneasler, L50, F|100/100\n|switch|p1b: Floette|Floette-Eternal, L50, F|100/100\n|switch|p2a: Froslass|Froslass, L50, F|100/100\n|switch|p2b: Palafin|Palafin, L50, M|100/100\n|turn|1\n|\n|t:|1788176806\n|detailschange|p2b: Palafin|Palafin-Hero, L50, M\n|switch|p2b: Corviknight|Corviknight, L50, M|100/100\n|detailschange|p2a: Froslass|Froslass-Mega, L50, F\n|-mega|p2a: Froslass|Froslass|Froslassite\n|-weather|Snowscape|[from] ability: Snow Warning|[of] p2a: Froslass\n|detailschange|p1b: Floette|Floette-Mega, L50, F\n|-mega|p1b: Floette|Floette|Floettite\n|-ability|p1b: Floette|Fairy Aura\n|move|p1a: Sneasler|Fake Out|p2b: Corviknight\n|-resisted|p2b: Corviknight|1\n|-crit|p2b: Corviknight\n|-damage|p2b: Corviknight|92/100\n|move|p2a: Froslass|Aurora Veil|p2a: Froslass\n|-sidestart|p2: pedromps8000|move: Aurora Veil\n|move|p1b: Floette|Calm Mind|p1b: Floette\n|-boost|p1b: Floette|spa|1\n|-boost|p1b: Floette|spd|1\n|\n|-weather|Snowscape|[upkeep]\n|-heal|p2b: Corviknight|98/100|[from] item: Leftovers\n|upkeep\n|turn|2\n|\n|t:|1788176829\n|move|p1a: Sneasler|Rock Slide|p2a: Froslass|[spread] p2a,p2b\n|-supereffective|p2a: Froslass|1\n|-damage|p2a: Froslass|70/100\n|-damage|p2b: Corviknight|90/100\n|move|p2a: Froslass|Blizzard|p1b: Floette|[spread] p1a,p1b\n|-damage|p1a: Sneasler|36/100\n|-damage|p1b: Floette|78/100\n|move|p1b: Floette|Calm Mind|p1b: Floette\n|-boost|p1b: Floette|spa|1\n|-boost|p1b: Floette|spd|1\n|move|p2b: Corviknight|Brave Bird|p1b: Floette\n|-damage|p1b: Floette|40/100\n|-damage|p2b: Corviknight|79/100|[from] Recoil\n|\n|-weather|Snowscape|[upkeep]\n|-heal|p2b: Corviknight|85/100|[from] item: Leftovers\n|upkeep\n|turn|3\n|\n|t:|1788176854\n|switch|p1a: Sinistcha|Sinistcha, L50|100/100\n|-heal|p1b: Floette|65/100|[from] ability: Hospitality|[of] p1a: Sinistcha\n|move|p2a: Froslass|Blizzard|p1a: Sinistcha|[spread] p1a,p1b\n|-supereffective|p1a: Sinistcha|1\n|-damage|p1a: Sinistcha|8/100\n|-damage|p1b: Floette|48/100\n|move|p1b: Floette|Dazzling Gleam|p2a: Froslass|[spread] p2a,p2b\n|-resisted|p2b: Corviknight|1\n|-damage|p2a: Froslass|0 fnt\n|-damage|p2b: Corviknight|59/100\n|faint|p2a: Froslass\n|move|p2b: Corviknight|Brave Bird|p1b: Floette\n|-damage|p1b: Floette|10/100\n|-damage|p2b: Corviknight|48/100|[from] Recoil\n|\n|-weather|Snowscape|[upkeep]\n|-heal|p2b: Corviknight|54/100|[from] item: Leftovers\n|upkeep\n|\n|t:|1788176872\n|switch|p2a: Sableye|Sableye, L50, F|100/100\n|turn|4\n|\n|t:|1788176883\n|move|p1a: Sinistcha|Rage Powder|p1a: Sinistcha\n|-singleturn|p1a: Sinistcha|move: Rage Powder\n|move|p2a: Sableye|Light Screen|p2a: Sableye\n|-sidestart|p2: pedromps8000|move: Light Screen\n|move|p1b: Floette|Moonblast|p2b: Corviknight\n|-resisted|p2b: Corviknight|1\n|-damage|p2b: Corviknight|14/100\n|move|p2b: Corviknight|Brave Bird|p1a: Sinistcha\n|-supereffective|p1a: Sinistcha|1\n|-damage|p1a: Sinistcha|0 fnt\n|faint|p1a: Sinistcha\n|-damage|p2b: Corviknight|12/100|[from] Recoil\n|\n|-weather|Snowscape|[upkeep]\n|-heal|p2b: Corviknight|18/100|[from] item: Leftovers\n|upkeep\n|\n|t:|1788176893\n|switch|p1a: Sneasler|Sneasler, L50, F|36/100\n|turn|5\n|\n|t:|1788176902\n|move|p2b: Corviknight|Protect|p2b: Corviknight\n|-singleturn|p2b: Corviknight|Protect\n|move|p1a: Sneasler|Fake Out|p2b: Corviknight\n|-activate|p2b: Corviknight|move: Protect\n|move|p2a: Sableye|Will-O-Wisp|p1b: Floette\n|-status|p1b: Floette|brn\n|move|p1b: Floette|Dazzling Gleam|p2a: Sableye|[spread] p2a\n|-activate|p2b: Corviknight|move: Protect\n|-supereffective|p2a: Sableye|1\n|-damage|p2a: Sableye|0 fnt\n|faint|p2a: Sableye\n|\n|-weather|none\n|-heal|p2b: Corviknight|23/100|[from] item: Leftovers\n|-damage|p1b: Floette|4/100 brn|[from] brn\n|-sideend|p2: pedromps8000|move: Aurora Veil\n|upkeep\n|\n|t:|1788176921\n|switch|p2a: Palafin|Palafin-Hero, L50, M|100/100\n|-activate|p2a: Palafin|ability: Zero to Hero\n|turn|6\n|\n|t:|1788176928\n|move|p2a: Palafin|Jet Punch|p1b: Floette\n|-damage|p1b: Floette|0 fnt\n|faint|p1b: Floette\n|move|p1a: Sneasler|Close Combat|p2b: Corviknight\n|-damage|p2b: Corviknight|0 fnt\n|-unboost|p1a: Sneasler|def|1\n|-unboost|p1a: Sneasler|spd|1\n|faint|p2b: Corviknight\n|\n|upkeep\n|\n|t:|1788176933\n|switch|p1b: Samurott|Samurott-Hisui, L50, F|100/100\n|turn|7\n|\n|t:|1788176940\n|move|p2a: Palafin|Jet Punch|p1a: Sneasler\n|-damage|p1a: Sneasler|0 fnt\n|faint|p1a: Sneasler\n|move|p1b: Samurott|Night Slash|p2a: Palafin\n|-damage|p2a: Palafin|51/100\n|\n|upkeep\n|turn|8\n|\n|t:|1788176948\n|move|p2a: Palafin|Jet Punch|p1b: Samurott\n|-resisted|p1b: Samurott|1\n|-crit|p1b: Samurott\n|-damage|p1b: Samurott|62/100\n|move|p1b: Samurott|Night Slash|p2a: Palafin\n|-damage|p2a: Palafin|5/100\n|\n|-sideend|p2: pedromps8000|move: Light Screen\n|upkeep\n|turn|9\n|\n|t:|1788176957\n|move|p2a: Palafin|Jet Punch|p1b: Samurott\n|-resisted|p1b: Samurott|1\n|-damage|p1b: Samurott|37/100\n|move|p1b: Samurott|Night Slash|p2a: Palafin\n|-damage|p2a: Palafin|0 fnt\n|faint|p2a: Palafin\n|\n|win|Pawah\n","uploadtime":1788176957,"views":"0","formatid":"gen9championsvgc2026regmbbo3","rating":null,"private":0,"password":null}