{"id":"gen9championsvgc2026regmbbo3-2673671080","format":"[Gen 9 Champions] VGC 2026 Reg M-B (Bo3)","players":["Joltaru","Singaporedeeznuts"],"log":"|j|☆Joltaru\n|j|☆Singaporedeeznuts\n|html|<table width=\"100%\"><tr><td align=\"left\">Joltaru</td><td align=\"right\">Singaporedeeznuts</tr><tr><td align=\"left\"><i class=\"fa fa-circle-o\"></i> <i class=\"fa fa-circle-o\"></i> </td><td align=\"right\"><i class=\"fa fa-circle-o\"></i> <i class=\"fa fa-circle\"></i> </tr></table>\n|uhtml|bestof|<h2><strong>Game 2</strong> of <a href=\"/game-bestof3-gen9championsvgc2026regmbbo3-2673669916\">a best-of-3</a></h2>\n|t:|1788230477\n|gametype|doubles\n|player|p1|Joltaru|1|1161\n|player|p2|Singaporedeeznuts|2|1123\n|gen|9\n|tier|[Gen 9 Champions] VGC 2026 Reg M-B (Bo3)\n|rated|\n|rule|Species Clause: Limit one of each Pokémon\n|rule|Item Clause: Limit 1 of each item\n|clearpoke\n|poke|p1|Barbaracle, L50, F|\n|poke|p1|Talonflame, L50, M|\n|poke|p1|Sinistcha, L50|\n|poke|p1|Dragonite, L50, F|\n|poke|p1|Milotic, L50, M|\n|poke|p1|Scizor, L50, M|\n|poke|p2|Aerodactyl, L50, M|\n|poke|p2|Kingambit, L50, M, shiny|\n|poke|p2|Farigiraf, L50, F, shiny|\n|poke|p2|Sylveon, L50, F, shiny|\n|poke|p2|Charizard, L50, M|\n|poke|p2|Garchomp, L50, M|\n|teampreview|4\n|showteam|p1|Barbaracle||Barbaracite|ToughClaws|RockSlide,CloseCombat,ShellSmash,Protect|Jolly||F|||50|]Talonflame||ChartiBerry|GaleWings|Tailwind,FlareBlitz,BraveBird,QuickGuard|Impish||M|||50|]Sinistcha||SitrusBerry|Hospitality|RagePowder,MatchaGotcha,Protect,LifeDew|Calm|||||50|]Dragonite||Dragoninite|InnerFocus|Thunderbolt,DragonPulse,IceBeam,Protect|Timid||F|||50|]Milotic||WideLens|Competitive|MuddyWater,Hypnosis,MudShot,Protect|Quiet||M|||50|]Scizor||LifeOrb|Technician|BulletPunch,CloseCombat,Feint,QuickGuard|Jolly||M|||50|\n|showteam|p2|Aerodactyl||Aerodactylite|Unnerve|RockSlide,DualWingbeat,IceFang,Tailwind|Jolly||M|||50|]Kingambit||FocusSash|Defiant|KowtowCleave,IronHead,SuckerPunch,LowKick|Adamant||M|||50|]Farigiraf||SitrusBerry|ArmorTail|Psychic,Thunderbolt,TrickRoom,Protect|Quiet||F|||50|]Sylveon||FairyFeather|Pixilate|HyperVoice,HyperBeam,QuickAttack,Detect|Modest||F|||50|]Charizard||CharizarditeY|Blaze|HeatWave,SolarBeam,WeatherBall,Protect|Modest||M|||50|]Garchomp||LifeOrb|RoughSkin|Earthquake,DragonClaw,StompingTantrum,Protect|Jolly||M|||50|\n|\n|t:|1788230520\n|teamsize|p1|4\n|teamsize|p2|4\n|start\n|switch|p1a: Talonflame|Talonflame, L50, M|100/100\n|switch|p1b: Barbaracle|Barbaracle, L50, F|100/100\n|switch|p2a: Garchomp|Garchomp, L50, M|100/100\n|switch|p2b: Farigiraf|Farigiraf, L50, F, shiny|100/100\n|turn|1\n|inactive|Battle timer is ON: inactive players will automatically lose when time's up. (requested by Joltaru)\n|\n|t:|1788230547\n|detailschange|p1b: Barbaracle|Barbaracle-Mega, L50, F\n|-mega|p1b: Barbaracle|Barbaracle|Barbaracite\n|move|p1a: Talonflame|Tailwind|p1a: Talonflame\n|-sidestart|p1: Joltaru|move: Tailwind\n|move|p1b: Barbaracle|Close Combat|p2a: Garchomp\n|-damage|p2a: Garchomp|24/100\n|-unboost|p1b: Barbaracle|def|1\n|-unboost|p1b: Barbaracle|spd|1\n|-damage|p1b: Barbaracle|87/100|[from] ability: Rough Skin|[of] p2a: Garchomp\n|move|p2a: Garchomp|Stomping Tantrum|p1b: Barbaracle\n|-supereffective|p1b: Barbaracle|1\n|-crit|p1b: Barbaracle\n|-damage|p1b: Barbaracle|0 fnt\n|faint|p1b: Barbaracle\n|-damage|p2a: Garchomp|15/100|[from] item: Life Orb\n|move|p2b: Farigiraf|Trick Room|p2b: Farigiraf\n|-fieldstart|move: Trick Room|[of] p2b: Farigiraf\n|\n|upkeep\n|\n|t:|1788230567\n|switch|p1b: Scizor|Scizor, L50, M|100/100\n|turn|2\n|\n|t:|1788230582\n|switch|p1a: Sinistcha|Sinistcha, L50|100/100\n|move|p2b: Farigiraf|Thunderbolt|p1a: Sinistcha\n|-resisted|p1a: Sinistcha|1\n|-damage|p1a: Sinistcha|87/100\n|move|p2a: Garchomp|Stomping Tantrum|p1b: Scizor\n|-damage|p1b: Scizor|38/100\n|-damage|p2a: Garchomp|5/100|[from] item: Life Orb\n|move|p1b: Scizor|Close Combat|p2a: Garchomp\n|-damage|p2a: Garchomp|0 fnt\n|-unboost|p1b: Scizor|def|1\n|-unboost|p1b: Scizor|spd|1\n|-damage|p1b: Scizor|25/100|[from] ability: Rough Skin|[of] p2a: Garchomp\n|faint|p2a: Garchomp\n|-damage|p1b: Scizor|16/100|[from] item: Life Orb\n|\n|upkeep\n|\n|t:|1788230593\n|switch|p2a: Sylveon|Sylveon, L50, F, shiny|100/100\n|turn|3\n|\n|t:|1788230605\n|switch|p1b: Talonflame|Talonflame, L50, M|100/100\n|move|p2b: Farigiraf|Psychic|p1a: Sinistcha\n|-damage|p1a: Sinistcha|50/100y\n|-enditem|p1a: Sinistcha|Sitrus Berry|[eat]\n|-heal|p1a: Sinistcha|74/100|[from] item: Sitrus Berry\n|move|p2a: Sylveon|Hyper Voice|p1a: Sinistcha|[spread] p1a,p1b\n|-resisted|p1b: Talonflame|1\n|-damage|p1a: Sinistcha|33/100\n|-damage|p1b: Talonflame|65/100\n|move|p1a: Sinistcha|Matcha Gotcha|p2b: Farigiraf|[spread] p2a,p2b\n|-damage|p2a: Sylveon|78/100\n|-heal|p1a: Sinistcha|45/100|[from] drain|[of] p2a: Sylveon\n|-damage|p2b: Farigiraf|75/100\n|-heal|p1a: Sinistcha|60/100|[from] drain|[of] p2b: Farigiraf\n|\n|upkeep\n|turn|4\n|inactive|Joltaru has 30 seconds left.\n|\n|t:|1788230631\n|move|p1a: Sinistcha|Rage Powder|p1a: Sinistcha\n|-singleturn|p1a: Sinistcha|move: Rage Powder\n|move|p2b: Farigiraf|Psychic|p1a: Sinistcha\n|-damage|p1a: Sinistcha|26/100\n|move|p2a: Sylveon|Hyper Voice|p1a: Sinistcha|[spread] p1a,p1b\n|-resisted|p1b: Talonflame|1\n|-damage|p1a: Sinistcha|0 fnt\n|-damage|p1b: Talonflame|28/100\n|faint|p1a: Sinistcha\n|move|p1b: Talonflame|Flare Blitz|p2a: Sylveon\n|-crit|p2a: Sylveon\n|-damage|p2a: Sylveon|15/100\n|-damage|p1b: Talonflame|2/100|[from] Recoil\n|\n|-sideend|p1: Joltaru|move: Tailwind\n|upkeep\n|\n|t:|1788230646\n|switch|p1a: Scizor|Scizor, L50, M|16/100\n|turn|5\n|\n|t:|1788230655\n|move|p2b: Farigiraf|Psychic|p1a: Scizor\n|-resisted|p1a: Scizor|1\n|-damage|p1a: Scizor|0 fnt\n|faint|p1a: Scizor\n|move|p2a: Sylveon|Hyper Voice|p1b: Talonflame\n|-resisted|p1b: Talonflame|1\n|-damage|p1b: Talonflame|0 fnt\n|faint|p1b: Talonflame\n|\n|win|Singaporedeeznuts\n|raw|Joltaru's rating: 1161 &rarr; <strong>1133</strong><br />(-28 for losing)\n|raw|Singaporedeeznuts's rating: 1123 &rarr; <strong>1151</strong><br />(+28 for winning)\n","uploadtime":1788230657,"views":"2","formatid":"gen9championsvgc2026regmbbo3","rating":1133,"private":0,"password":null}