{"id":"gen9championsvgc2026regmb-2674572729","format":"[Gen 9 Champions] VGC 2026 Reg M-B","players":["dalyboii","JustBerry38"],"log":"|j|☆dalyboii\n|j|☆JustBerry38\n|t:|1788375441\n|gametype|doubles\n|player|p1|dalyboii|cynthia|1327\n|player|p2|JustBerry38|lucas|1291\n|gen|9\n|tier|[Gen 9 Champions] VGC 2026 Reg M-B\n|rated|\n|rule|Species Clause: Limit one of each Pokémon\n|rule|Item Clause: Limit 1 of each item\n|clearpoke\n|poke|p1|Dragalge, L50, M|\n|poke|p1|Incineroar, L50, M|\n|poke|p1|Sinistcha, L50|\n|poke|p1|Rotom-Wash, L50|\n|poke|p1|Ninetales-Alola, L50, F|\n|poke|p1|Kingambit, L50, M|\n|poke|p2|Dragonite, L50, F|\n|poke|p2|Sinistcha, L50|\n|poke|p2|Sableye, L50, M|\n|poke|p2|Incineroar, L50, F|\n|poke|p2|Krookodile, L50, M|\n|poke|p2|Tinkaton, L50, F|\n|teampreview|4\n|inactive|Battle timer is ON: inactive players will automatically lose when time's up. (requested by JustBerry38)\n|\n|t:|1788375470\n|teamsize|p1|4\n|teamsize|p2|4\n|start\n|switch|p1a: Rotom|Rotom-Wash, L50|100/100\n|switch|p1b: Ninetales|Ninetales-Alola, L50, F|100/100\n|switch|p2a: Dragonite|Dragonite, L50, F|100/100\n|switch|p2b: Sableye|Sableye, L50, M|100/100\n|-weather|Snowscape|[from] ability: Snow Warning|[of] p1b: Ninetales\n|turn|1\n|\n|t:|1788375493\n|switch|p2a: Incineroar|Incineroar, L50, F|100/100\n|-ability|p2a: Incineroar|Intimidate|boost\n|-unboost|p1a: Rotom|atk|1\n|-unboost|p1b: Ninetales|atk|1\n|move|p2b: Sableye|Fake Out|p1b: Ninetales\n|-damage|p1b: Ninetales|90/100\n|move|p1a: Rotom|Volt Switch|p2b: Sableye\n|-damage|p2b: Sableye|47/100\n|\n|t:|1788375500\n|switch|p1a: Incineroar|Incineroar, L50, M|100/100|[from] Volt Switch\n|-ability|p1a: Incineroar|Intimidate|boost\n|-unboost|p2a: Incineroar|atk|1\n|-unboost|p2b: Sableye|atk|1\n|cant|p1b: Ninetales|flinch\n|\n|-weather|Snowscape|[upkeep]\n|upkeep\n|turn|2\n|inactive|JustBerry38 has 30 seconds left.\n|\n|t:|1788375529\n|move|p1a: Incineroar|Fake Out|p2a: Incineroar\n|-damage|p2a: Incineroar|89/100\n|cant|p2a: Incineroar|flinch\n|move|p1b: Ninetales|Blizzard|p2b: Sableye|[spread] p2a,p2b\n|-resisted|p2a: Incineroar|1\n|-damage|p2a: Incineroar|71/100\n|-damage|p2b: Sableye|0 fnt\n|-status|p2a: Incineroar|frz\n|faint|p2b: Sableye\n|\n|-weather|Snowscape|[upkeep]\n|upkeep\n|\n|t:|1788375536\n|switch|p2b: Sinistcha|Sinistcha, L50|100/100\n|-heal|p2a: Incineroar|96/100 frz|[from] ability: Hospitality|[of] p2b: Sinistcha\n|turn|3\n|\n|t:|1788375561\n|move|p1b: Ninetales|Blizzard|p2b: Sinistcha|[spread] p2a,p2b\n|-resisted|p2a: Incineroar|1\n|-crit|p2a: Incineroar\n|-supereffective|p2b: Sinistcha|1\n|-damage|p2a: Incineroar|72/100 frz\n|-damage|p2b: Sinistcha|7/100\n|-enditem|p2b: Sinistcha|Sitrus Berry|[eat]\n|-heal|p2b: Sinistcha|32/100|[from] item: Sitrus Berry\n|move|p2b: Sinistcha|Matcha Gotcha|p1a: Incineroar|[spread] p1a,p1b\n|-resisted|p1a: Incineroar|1\n|-damage|p1a: Incineroar|89/100\n|-heal|p2b: Sinistcha|38/100|[from] drain|[of] p1a: Incineroar\n|-damage|p1b: Ninetales|62/100\n|-heal|p2b: Sinistcha|51/100|[from] drain|[of] p1b: Ninetales\n|move|p1a: Incineroar|Flare Blitz|p2b: Sinistcha\n|-supereffective|p2b: Sinistcha|1\n|-damage|p2b: Sinistcha|0 fnt\n|faint|p2b: Sinistcha\n|-damage|p1a: Incineroar|74/100|[from] Recoil\n|-curestatus|p2a: Incineroar|frz|[from] move: Flare Blitz\n|move|p2a: Incineroar|Flare Blitz|p1b: Ninetales\n|-supereffective|p1b: Ninetales|1\n|-crit|p1b: Ninetales\n|-damage|p1b: Ninetales|0 fnt\n|faint|p1b: Ninetales\n|-damage|p2a: Incineroar|56/100|[from] Recoil\n|\n|-weather|Snowscape|[upkeep]\n|upkeep\n|\n|t:|1788375577\n|switch|p1b: Rotom|Rotom-Wash, L50|100/100\n|switch|p2b: Dragonite|Dragonite, L50, F|100/100\n|turn|4\n|\n|t:|1788375590\n|move|p1b: Rotom|Hydro Pump|p2a: Incineroar\n|-supereffective|p2a: Incineroar|1\n|-damage|p2a: Incineroar|0 fnt\n|faint|p2a: Incineroar\n|move|p2b: Dragonite|Dragon Dance|p2b: Dragonite\n|-boost|p2b: Dragonite|atk|1\n|-boost|p2b: Dragonite|spe|1\n|move|p1a: Incineroar|Parting Shot|p2b: Dragonite\n|-unboost|p2b: Dragonite|atk|1\n|-unboost|p2b: Dragonite|spa|1\n|\n|t:|1788375598\n|switch|p1a: Dragalge|Dragalge, L50, M|100/100|[from] Parting Shot\n|\n|-weather|Snowscape|[upkeep]\n|upkeep\n|turn|5\n|\n|t:|1788375608\n|switch|p1b: Incineroar|Incineroar, L50, M|74/100\n|-ability|p1b: Incineroar|Intimidate|boost\n|-fail|p2b: Dragonite|unboost|atk|[from] ability: Inner Focus|[of] p2b: Dragonite\n|detailschange|p1a: Dragalge|Dragalge-Mega, L50, M\n|-mega|p1a: Dragalge|Dragalge|Dragalgite\n|move|p1a: Dragalge|Protect|p1a: Dragalge\n|-singleturn|p1a: Dragalge|Protect\n|move|p2b: Dragonite|Dragon Dance|p2b: Dragonite\n|-boost|p2b: Dragonite|atk|1\n|-boost|p2b: Dragonite|spe|1\n|\n|-weather|none\n|upkeep\n|turn|6\n|\n|t:|1788375619\n|move|p1b: Incineroar|Fake Out|p2b: Dragonite\n|-damage|p2b: Dragonite|87/100\n|move|p2b: Dragonite|Dragon Claw|p1a: Dragalge\n|-supereffective|p1a: Dragalge|1\n|-damage|p1a: Dragalge|0 fnt\n|faint|p1a: Dragalge\n|-damage|p2b: Dragonite|77/100|[from] item: Life Orb\n|\n|upkeep\n|\n|t:|1788375623\n|switch|p1a: Rotom|Rotom-Wash, L50|100/100\n|turn|7\n|\n|t:|1788375634\n|move|p2b: Dragonite|Low Kick|p1b: Incineroar\n|-supereffective|p1b: Incineroar|1\n|-damage|p1b: Incineroar|0 fnt\n|faint|p1b: Incineroar\n|-damage|p2b: Dragonite|68/100|[from] item: Life Orb\n|move|p1a: Rotom|Thunderbolt|p2b: Dragonite\n|-damage|p2b: Dragonite|26/100\n|\n|upkeep\n|turn|8\n|\n|t:|1788375644\n|move|p2b: Dragonite|Dragon Claw|p1a: Rotom\n|-damage|p1a: Rotom|0 fnt\n|faint|p1a: Rotom\n|-damage|p2b: Dragonite|17/100|[from] item: Life Orb\n|\n|win|JustBerry38\n|raw|dalyboii's rating: 1327 &rarr; <strong>1305</strong><br />(-22 for losing)\n|raw|JustBerry38's rating: 1291 &rarr; <strong>1319</strong><br />(+28 for winning)\n|c|☆dalyboii|gg\n","uploadtime":1788375648,"views":"3","formatid":"gen9championsvgc2026regmb","rating":1305,"private":0,"password":null}