{"id":"gen9championsvgc2026regmb-2674627947","format":"[Gen 9 Champions] VGC 2026 Reg M-B","players":["echoes630","Buggy00k"],"log":"|j|☆echoes630\n|j|☆Buggy00k\n|t:|1788382145\n|gametype|doubles\n|player|p1|echoes630|2|1357\n|player|p2|Buggy00k|101|1294\n|gen|9\n|tier|[Gen 9 Champions] VGC 2026 Reg M-B\n|rated|\n|rule|Species Clause: Limit one of each Pokémon\n|rule|Item Clause: Limit 1 of each item\n|clearpoke\n|poke|p1|Raichu, L50, M|\n|poke|p1|Sneasler, L50, F|\n|poke|p1|Sinistcha, L50|\n|poke|p1|Gholdengo, L50|\n|poke|p1|Garchomp, L50, F|\n|poke|p1|Gyarados, L50, F|\n|poke|p2|Delphox, L50, M, shiny|\n|poke|p2|Garchomp, L50, F|\n|poke|p2|Floette-Eternal, L50, F|\n|poke|p2|Incineroar, L50, F|\n|poke|p2|Sinistcha, L50|\n|poke|p2|Sneasler, L50, F|\n|teampreview|4\n|\n|t:|1788382178\n|teamsize|p1|4\n|teamsize|p2|4\n|start\n|switch|p1a: Sneasler|Sneasler, L50, F|100/100\n|switch|p1b: Gyarados|Gyarados, L50, F|100/100\n|switch|p2a: Delphox|Delphox, L50, M, shiny|100/100\n|switch|p2b: Sneasler|Sneasler, L50, F|100/100\n|-ability|p1b: Gyarados|Intimidate|boost\n|-unboost|p2a: Delphox|atk|1\n|-unboost|p2b: Sneasler|atk|1\n|turn|1\n|c|☆Buggy00k|glhf\n|c|☆echoes630|glhf\n|\n|t:|1788382207\n|switch|p2a: Garchomp|Garchomp, L50, F|100/100\n|move|p1a: Sneasler|Fake Out|p2a: Garchomp\n|-damage|p2a: Garchomp|85/100\n|-damage|p1a: Sneasler|87/100|[from] ability: Rough Skin|[of] p2a: Garchomp\n|move|p2b: Sneasler|Coaching|p2a: Garchomp\n|-boost|p2a: Garchomp|atk|1\n|-boost|p2a: Garchomp|def|1\n|move|p1b: Gyarados|Dragon Dance|p1b: Gyarados\n|-boost|p1b: Gyarados|atk|1\n|-boost|p1b: Gyarados|spe|1\n|\n|upkeep\n|turn|2\n|\n|t:|1788382259\n|move|p1a: Sneasler|Protect|p1a: Sneasler\n|-singleturn|p1a: Sneasler|Protect\n|move|p1b: Gyarados|Dragon Dance|p1b: Gyarados\n|-boost|p1b: Gyarados|atk|1\n|-boost|p1b: Gyarados|spe|1\n|move|p2b: Sneasler|Poison Jab|p1b: Gyarados\n|-damage|p1b: Gyarados|62/100\n|-status|p1b: Gyarados|psn|[from] ability: Poison Touch|[of] p2b: Sneasler\n|move|p2a: Garchomp|Stomping Tantrum|p1a: Sneasler\n|-activate|p1a: Sneasler|move: Protect\n|\n|-damage|p1b: Gyarados|50/100y psn|[from] psn\n|upkeep\n|turn|3\n|\n|t:|1788382294\n|switch|p1a: Sinistcha|Sinistcha, L50|100/100\n|-heal|p1b: Gyarados|74/100 psn|[from] ability: Hospitality|[of] p1a: Sinistcha\n|detailschange|p1b: Gyarados|Gyarados-Mega, L50, F\n|-mega|p1b: Gyarados|Gyarados|Gyaradosite\n|-ability|p1b: Gyarados|Mold Breaker\n|move|p1b: Gyarados|Waterfall|p2b: Sneasler\n|-enditem|p2b: Sneasler|Focus Sash\n|-damage|p2b: Sneasler|1/100\n|move|p2b: Sneasler|Close Combat|p1b: Gyarados\n|-supereffective|p1b: Gyarados|1\n|-damage|p1b: Gyarados|0 fnt\n|-unboost|p2b: Sneasler|def|1\n|-unboost|p2b: Sneasler|spd|1\n|faint|p1b: Gyarados\n|move|p2a: Garchomp|Dragon Claw|p1a: Sinistcha\n|-damage|p1a: Sinistcha|44/100\n|-damage|p2a: Garchomp|76/100|[from] item: Life Orb\n|\n|upkeep\n|\n|t:|1788382314\n|switch|p1b: Garchomp|Garchomp, L50, F|100/100\n|turn|4\n|\n|t:|1788382326\n|switch|p2b: Sinistcha|Sinistcha, L50|100/100\n|-heal|p2a: Garchomp|100/100|[from] ability: Hospitality|[of] p2b: Sinistcha\n|move|p2a: Garchomp|Protect|p2a: Garchomp\n|-singleturn|p2a: Garchomp|Protect\n|move|p1a: Sinistcha|Rage Powder|p1a: Sinistcha\n|-singleturn|p1a: Sinistcha|move: Rage Powder\n|move|p1b: Garchomp|Dragon Claw|p2a: Garchomp\n|-activate|p2a: Garchomp|move: Protect\n|\n|upkeep\n|turn|5\n|-message|echoes630 forfeited.\n|\n|win|Buggy00k\n|raw|echoes630's rating: 1357 &rarr; <strong>1333</strong><br />(-24 for losing)\n|raw|Buggy00k's rating: 1294 &rarr; <strong>1323</strong><br />(+29 for winning)\n|c|☆Buggy00k|gg\n|c|☆echoes630|gg\n","uploadtime":1788382340,"views":"1","formatid":"gen9championsvgc2026regmb","rating":1323,"private":0,"password":null}