{"id":"gen9championsvgc2026regmbbo3-2674235661","format":"[Gen 9 Champions] VGC 2026 Reg M-B (Bo3)","players":["BuffGyarados","Fell Blue"],"log":"|j|☆BuffGyarados\n|j|☆Fell Blue\n|html|<table width=\"100%\"><tr><td align=\"left\">BuffGyarados</td><td align=\"right\">Fell Blue</tr><tr><td align=\"left\"><i class=\"fa fa-circle\"></i> <i class=\"fa fa-circle-o\"></i> </td><td align=\"right\"><i class=\"fa fa-circle-o\"></i> <i class=\"fa fa-circle\"></i> </tr></table>\n|uhtml|bestof|<h2><strong>Game 3</strong> of <a href=\"/game-bestof3-gen9championsvgc2026regmbbo3-2674231916\">a best-of-3</a></h2>\n|t:|1788320399\n|gametype|doubles\n|player|p1|BuffGyarados|cyrus|1100\n|player|p2|Fell Blue|fantina|1189\n|gen|9\n|tier|[Gen 9 Champions] VGC 2026 Reg M-B (Bo3)\n|rated|\n|rule|Species Clause: Limit one of each Pokémon\n|rule|Item Clause: Limit 1 of each item\n|clearpoke\n|poke|p1|Whimsicott, L50, M|\n|poke|p1|Garchomp, L50, F|\n|poke|p1|Basculegion, L50, M|\n|poke|p1|Kingambit, L50, F|\n|poke|p1|Floette-Eternal, L50, F|\n|poke|p1|Charizard, L50, M|\n|poke|p2|Incineroar, L50, M, shiny|\n|poke|p2|Farigiraf, L50, F, shiny|\n|poke|p2|Mawile, L50, F, shiny|\n|poke|p2|Basculegion, L50, M, shiny|\n|poke|p2|Ninetales-Alola, L50, M|\n|poke|p2|Raichu, L50, M, shiny|\n|teampreview|4\n|showteam|p1|Whimsicott||FocusSash|Prankster|Moonblast,Tailwind,Encore,Protect|Timid||M|||50|]Garchomp||SitrusBerry|RoughSkin|DragonClaw,StompingTantrum,RockSlide,Protect|Adamant||F|||50|]Basculegion||LifeOrb|Adaptability|WaveCrash,LastRespects,AquaJet,Protect|Adamant||M|||50|]Kingambit||ChopleBerry|Defiant|KowtowCleave,IronHead,LowKick,SuckerPunch|Adamant||F|||50|]Floette-Eternal||Floettite|FlowerVeil|Moonblast,DazzlingGleam,LightofRuin,Protect|Timid||F|||50|]Charizard||CharizarditeY|Blaze|HeatWave,SolarBeam,WeatherBall,Protect|Bold||M|||50|\n|showteam|p2|Incineroar||SitrusBerry|Intimidate|FakeOut,FlareBlitz,Assurance,PartingShot|Brave||M|||50|]Farigiraf||LifeOrb|ArmorTail|Protect,HyperVoice,Psychic,TrickRoom|Quiet||F|||50|]Mawile||Mawilite|HyperCutter|Protect,PlayRough,IronHead,SuckerPunch|Brave||F|||50|]Basculegion||ChoiceScarf|Adaptability|WaveCrash,LastRespects,AquaJet,FlipTurn|Jolly||M|||50|]Ninetales-Alola||FocusSash|SnowWarning|Protect,Blizzard,FreezeDry,Moonblast|Timid||M|||50|]Raichu||RaichuniteY|LightningRod|Protect,ZapCannon,FocusBlast,VoltSwitch|Timid||M|||50|\n|inactive|Battle timer is ON: inactive players will automatically lose when time's up. (requested by BuffGyarados)\n|\n|t:|1788320424\n|teamsize|p1|4\n|teamsize|p2|4\n|start\n|switch|p1a: Floette|Floette-Eternal, L50, F|100/100\n|switch|p1b: Whimsicott|Whimsicott, L50, M|100/100\n|switch|p2a: Ninetales|Ninetales-Alola, L50, M|100/100\n|switch|p2b: Raichu|Raichu, L50, M, shiny|100/100\n|-weather|Snowscape|[from] ability: Snow Warning|[of] p2a: Ninetales\n|turn|1\n|\n|t:|1788320450\n|detailschange|p2b: Raichu|Raichu-Mega-Y, L50, M, shiny\n|-mega|p2b: Raichu|Raichu|Raichunite Y\n|move|p1a: Floette|Protect|p1a: Floette\n|-singleturn|p1a: Floette|Protect\n|move|p1b: Whimsicott|Tailwind|p1b: Whimsicott\n|-sidestart|p1: BuffGyarados|move: Tailwind\n|move|p2b: Raichu|Zap Cannon|p1a: Floette\n|-activate|p1a: Floette|move: Protect\n|move|p2a: Ninetales|Blizzard|p1b: Whimsicott|[spread] p1b\n|-activate|p1a: Floette|move: Protect\n|-supereffective|p1b: Whimsicott|1\n|-enditem|p1b: Whimsicott|Focus Sash\n|-damage|p1b: Whimsicott|1/100\n|\n|-weather|Snowscape|[upkeep]\n|upkeep\n|turn|2\n|inactive|BuffGyarados has 30 seconds left.\n|inactive|Fell Blue has 30 seconds left.\n|\n|t:|1788320485\n|detailschange|p1a: Floette|Floette-Mega, L50, F\n|-mega|p1a: Floette|Floette|Floettite\n|-ability|p1a: Floette|Fairy Aura\n|move|p1b: Whimsicott|Moonblast|p2a: Ninetales\n|-damage|p2a: Ninetales|47/100\n|move|p1a: Floette|Light of Ruin|p2b: Raichu\n|-damage|p2b: Raichu|0 fnt\n|faint|p2b: Raichu\n|-damage|p1a: Floette|54/100|[from] Recoil\n|move|p2a: Ninetales|Blizzard|p1b: Whimsicott|[spread] p1a,p1b\n|-supereffective|p1b: Whimsicott|1\n|-damage|p1a: Floette|27/100\n|-damage|p1b: Whimsicott|0 fnt\n|faint|p1b: Whimsicott\n|\n|-weather|Snowscape|[upkeep]\n|upkeep\n|\n|t:|1788320503\n|switch|p2b: Basculegion|Basculegion, L50, M, shiny|100/100\n|switch|p1b: Basculegion|Basculegion, L50, M|100/100\n|turn|3\n|\n|t:|1788320526\n|move|p1a: Floette|Protect|p1a: Floette\n|-singleturn|p1a: Floette|Protect\n|move|p2b: Basculegion|Aqua Jet|p1a: Floette\n|-activate|p1a: Floette|move: Protect\n|move|p1b: Basculegion|Last Respects|p2b: Basculegion\n|-supereffective|p2b: Basculegion|1\n|-damage|p2b: Basculegion|0 fnt\n|faint|p2b: Basculegion\n|-damage|p1b: Basculegion|90/100|[from] item: Life Orb\n|move|p2a: Ninetales|Freeze-Dry|p1b: Basculegion\n|-supereffective|p1b: Basculegion|1\n|-damage|p1b: Basculegion|38/100\n|\n|-weather|Snowscape|[upkeep]\n|upkeep\n|\n|t:|1788320528\n|switch|p2b: Farigiraf|Farigiraf, L50, F, shiny|100/100\n|turn|4\n|\n|t:|1788320548\n|move|p2a: Ninetales|Protect|p2a: Ninetales\n|-singleturn|p2a: Ninetales|Protect\n|move|p2b: Farigiraf|Protect|p2b: Farigiraf\n|-singleturn|p2b: Farigiraf|Protect\n|move|p1a: Floette|Dazzling Gleam|p2b: Farigiraf|[spread] \n|-activate|p2a: Ninetales|move: Protect\n|-activate|p2b: Farigiraf|move: Protect\n|move|p1b: Basculegion|Wave Crash|p2b: Farigiraf\n|-activate|p2b: Farigiraf|move: Protect\n|\n|-weather|Snowscape|[upkeep]\n|-sideend|p1: BuffGyarados|move: Tailwind\n|upkeep\n|turn|5\n|inactive|BuffGyarados has 30 seconds left.\n|\n|t:|1788320581\n|move|p1a: Floette|Protect|p1a: Floette\n|-singleturn|p1a: Floette|Protect\n|move|p2a: Ninetales|Blizzard|p1a: Floette|[spread] p1b\n|-activate|p1a: Floette|move: Protect\n|-resisted|p1b: Basculegion|1\n|-damage|p1b: Basculegion|20/100y\n|-status|p1b: Basculegion|frz\n|cant|p1b: Basculegion|frz\n|move|p2b: Farigiraf|Psychic|p1b: Basculegion\n|-damage|p1b: Basculegion|0 fnt\n|faint|p1b: Basculegion\n|-damage|p2b: Farigiraf|90/100|[from] item: Life Orb\n|\n|-weather|none\n|upkeep\n|\n|t:|1788320591\n|switch|p1b: Garchomp|Garchomp, L50, F|100/100\n|turn|6\n|\n|t:|1788320607\n|move|p2a: Ninetales|Protect|p2a: Ninetales\n|-singleturn|p2a: Ninetales|Protect\n|move|p2b: Farigiraf|Protect|p2b: Farigiraf\n|-singleturn|p2b: Farigiraf|Protect\n|move|p1a: Floette|Dazzling Gleam|p2b: Farigiraf|[spread] \n|-activate|p2a: Ninetales|move: Protect\n|-activate|p2b: Farigiraf|move: Protect\n|move|p1b: Garchomp|Rock Slide|p2b: Farigiraf|[spread] \n|-activate|p2a: Ninetales|move: Protect\n|-activate|p2b: Farigiraf|move: Protect\n|\n|upkeep\n|turn|7\n|inactive|BuffGyarados has 30 seconds left.\n|\n|t:|1788320642\n|move|p2a: Ninetales|Blizzard|p1a: Floette|[spread] p1a,p1b\n|-supereffective|p1b: Garchomp|2\n|-damage|p1a: Floette|0 fnt\n|-damage|p1b: Garchomp|0 fnt\n|faint|p1a: Floette\n|faint|p1b: Garchomp\n|\n|win|Fell Blue\n|raw|BuffGyarados's rating: 1100 &rarr; <strong>1081</strong><br />(-19 for losing)\n|raw|Fell Blue's rating: 1189 &rarr; <strong>1208</strong><br />(+19 for winning)\n","uploadtime":1788320648,"views":"1","formatid":"gen9championsvgc2026regmbbo3","rating":1081,"private":0,"password":null}