{"id":"gen9championsvgc2026regmbbo3-2674488166","format":"[Gen 9 Champions] VGC 2026 Reg M-B (Bo3)","players":["zaydwithyomom","That_Leek"],"log":"|j|☆zaydwithyomom\n|j|☆That_Leek\n|html|<table width=\"100%\"><tr><td align=\"left\">zaydwithyomom</td><td align=\"right\">That_Leek</tr><tr><td align=\"left\"><i class=\"fa fa-circle\"></i> <i class=\"fa fa-circle-o\"></i> </td><td align=\"right\"><i class=\"fa fa-circle-o\"></i> <i class=\"fa fa-circle\"></i> </tr></table>\n|uhtml|bestof|<h2><strong>Game 3</strong> of <a href=\"/game-bestof3-gen9championsvgc2026regmbbo3-2674485621\">a best-of-3</a></h2>\n|t:|1788365694\n|gametype|doubles\n|player|p1|zaydwithyomom|1|1175\n|player|p2|That_Leek|blue-masters|1193\n|gen|9\n|tier|[Gen 9 Champions] VGC 2026 Reg M-B (Bo3)\n|rated|\n|rule|Species Clause: Limit one of each Pokémon\n|rule|Item Clause: Limit 1 of each item\n|clearpoke\n|poke|p1|Mawile, L50, F|\n|poke|p1|Farigiraf, L50, F|\n|poke|p1|Incineroar, L50, M|\n|poke|p1|Garchomp, L50, M|\n|poke|p1|Tyranitar, L50, F|\n|poke|p1|Corviknight, L50, M|\n|poke|p2|Raichu, L50, F|\n|poke|p2|Kingambit, L50, F|\n|poke|p2|Dragonite, L50, M|\n|poke|p2|Ninetales-Alola, L50, M|\n|poke|p2|Sylveon, L50, F|\n|poke|p2|Incineroar, L50, F|\n|teampreview|4\n|showteam|p1|Mawile||Mawilite|HyperCutter|Protect,SuckerPunch,IronHead,PlayRough|Adamant||F|||50|]Farigiraf||ColburBerry|ArmorTail|HelpingHand,TwinBeam,TrickRoom,Protect|Calm||F|||50|]Incineroar||SitrusBerry|Intimidate|FakeOut,PartingShot,FlareBlitz,DarkestLariat|Careful||M|||50|]Garchomp||Garchompite|RoughSkin|Protect,StompingTantrum,RockSlide,DragonClaw|Adamant||M|||50|]Tyranitar||ChopleBerry|SandStream|Protect,KnockOff,RockSlide,LowKick|Adamant||F|||50|]Corviknight||Leftovers|MirrorArmor|BraveBird,BulkUp,BodyPress,Tailwind|Impish||M|||50|\n|showteam|p2|Raichu||RaichuniteY|LightningRod|FakeOut,ZapCannon,FocusBlast,Protect|Timid||F|||50|]Kingambit||BlackGlasses|Defiant|KowtowCleave,SuckerPunch,Protect,SwordsDance|Adamant||F|||50|]Dragonite||LifeOrb|InnerFocus|DragonClaw,Tailwind,Superpower,Protect|Adamant||M|||50|]Ninetales-Alola||FocusSash|SnowWarning|Blizzard,IcyWind,Protect,FreezeDry|Timid||M|||50|]Sylveon||FairyFeather|Pixilate|HyperVoice,QuickAttack,CalmMind,Detect|Modest||F|||50|]Incineroar||LumBerry|Intimidate|FakeOut,FlareBlitz,PartingShot,ThroatChop|Impish||F|||50|\n|\n|t:|1788365721\n|teamsize|p1|4\n|teamsize|p2|4\n|start\n|switch|p1a: Garchomp|Garchomp, L50, M|100/100\n|switch|p1b: Tyranitar|Tyranitar, L50, F|100/100\n|switch|p2a: Dragonite|Dragonite, L50, M|100/100\n|switch|p2b: Sylveon|Sylveon, L50, F|100/100\n|-weather|Sandstorm|[from] ability: Sand Stream|[of] p1b: Tyranitar\n|turn|1\n|\n|t:|1788365729\n|detailschange|p1a: Garchomp|Garchomp-Mega, L50, M\n|-mega|p1a: Garchomp|Garchomp|Garchompite\n|move|p1a: Garchomp|Rock Slide|p2a: Dragonite|[spread] p2a,p2b\n|-supereffective|p2a: Dragonite|1\n|-damage|p2a: Dragonite|33/100\n|-damage|p2b: Sylveon|62/100\n|move|p2a: Dragonite|Tailwind|p2a: Dragonite\n|-sidestart|p2: That_Leek|move: Tailwind\n|move|p2b: Sylveon|Hyper Voice|p1b: Tyranitar|[spread] p1a,p1b\n|-supereffective|p1a: Garchomp|1\n|-supereffective|p1b: Tyranitar|1\n|-damage|p1a: Garchomp|14/100\n|-damage|p1b: Tyranitar|49/100\n|move|p1b: Tyranitar|Rock Slide|p2a: Dragonite|[spread] p2a,p2b\n|-supereffective|p2a: Dragonite|1\n|-damage|p2a: Dragonite|0 fnt\n|-damage|p2b: Sylveon|25/100\n|faint|p2a: Dragonite\n|\n|-weather|Sandstorm|[upkeep]\n|-damage|p2b: Sylveon|19/100|[from] Sandstorm\n|upkeep\n|\n|t:|1788365747\n|switch|p2a: Raichu|Raichu, L50, F|100/100\n|turn|2\n|\n|t:|1788365753\n|switch|p1b: Incineroar|Incineroar, L50, M|100/100\n|-ability|p1b: Incineroar|Intimidate|boost\n|-unboost|p2a: Raichu|atk|1\n|-unboost|p2b: Sylveon|atk|1\n|detailschange|p2a: Raichu|Raichu-Mega-Y, L50, F\n|-mega|p2a: Raichu|Raichu|Raichunite Y\n|move|p1a: Garchomp|Protect|p1a: Garchomp\n|-singleturn|p1a: Garchomp|Protect\n|move|p2a: Raichu|Zap Cannon|p1b: Incineroar\n|-damage|p1b: Incineroar|50/100g\n|-status|p1b: Incineroar|par\n|move|p2b: Sylveon|Hyper Voice|p1a: Garchomp|[spread] p1b\n|-activate|p1a: Garchomp|move: Protect\n|-damage|p1b: Incineroar|18/100 par\n|-enditem|p1b: Incineroar|Sitrus Berry|[eat]\n|-heal|p1b: Incineroar|43/100 par|[from] item: Sitrus Berry\n|\n|-weather|Sandstorm|[upkeep]\n|-damage|p2a: Raichu|94/100|[from] Sandstorm\n|-damage|p2b: Sylveon|13/100|[from] Sandstorm\n|-damage|p1b: Incineroar|37/100 par|[from] Sandstorm\n|upkeep\n|turn|3\n|\n|t:|1788365776\n|switch|p1a: Farigiraf|Farigiraf, L50, F|100/100\n|move|p2a: Raichu|Protect|p2a: Raichu\n|-singleturn|p2a: Raichu|Protect\n|move|p2b: Sylveon|Detect|p2b: Sylveon\n|-singleturn|p2b: Sylveon|Protect\n|move|p1b: Incineroar|Fake Out|p2b: Sylveon\n|-activate|p2b: Sylveon|move: Protect\n|\n|-weather|Sandstorm|[upkeep]\n|-damage|p2a: Raichu|88/100|[from] Sandstorm\n|-damage|p2b: Sylveon|7/100|[from] Sandstorm\n|-damage|p1a: Farigiraf|93/100|[from] Sandstorm\n|-damage|p1b: Incineroar|31/100 par|[from] Sandstorm\n|upkeep\n|turn|4\n|\n|t:|1788365796\n|move|p2a: Raichu|Zap Cannon|p1a: Farigiraf\n|-damage|p1a: Farigiraf|41/100\n|-status|p1a: Farigiraf|par\n|move|p2b: Sylveon|Hyper Voice|p1b: Incineroar|[spread] p1a,p1b\n|-damage|p1a: Farigiraf|1/100 par\n|-damage|p1b: Incineroar|0 fnt\n|faint|p1b: Incineroar\n|cant|p1a: Farigiraf|par\n|\n|-weather|Sandstorm|[upkeep]\n|-damage|p2a: Raichu|82/100|[from] Sandstorm\n|-damage|p2b: Sylveon|1/100|[from] Sandstorm\n|-damage|p1a: Farigiraf|0 fnt|[from] Sandstorm\n|faint|p1a: Farigiraf\n|-sideend|p2: That_Leek|move: Tailwind\n|upkeep\n|\n|t:|1788365808\n|switch|p1a: Tyranitar|Tyranitar, L50, F|49/100\n|switch|p1b: Garchomp|Garchomp-Mega, L50, M|14/100\n|turn|5\n|\n|t:|1788365814\n|move|p1b: Garchomp|Protect|p1b: Garchomp\n|-singleturn|p1b: Garchomp|Protect\n|move|p2b: Sylveon|Quick Attack|p1b: Garchomp\n|-activate|p1b: Garchomp|move: Protect\n|move|p2a: Raichu|Focus Blast|p1a: Tyranitar\n|-supereffective|p1a: Tyranitar|2\n|-enditem|p1a: Tyranitar|Chople Berry|[eat]\n|-enditem|p1a: Tyranitar|Chople Berry|[weaken]\n|-damage|p1a: Tyranitar|2/100\n|move|p1a: Tyranitar|Rock Slide|p2b: Sylveon|[spread] p2a,p2b\n|-damage|p2a: Raichu|32/100\n|-damage|p2b: Sylveon|0 fnt\n|faint|p2b: Sylveon\n|\n|-weather|none\n|upkeep\n|\n|t:|1788365818\n|switch|p2b: Incineroar|Incineroar, L50, F|100/100\n|-ability|p2b: Incineroar|Intimidate|boost\n|-unboost|p1a: Tyranitar|atk|1\n|-unboost|p1b: Garchomp|atk|1\n|turn|6\n|-message|zaydwithyomom forfeited.\n|raw|zaydwithyomom's rating: 1175 &rarr; <strong>1151</strong><br />(-24 for losing)\n|raw|That_Leek's rating: 1193 &rarr; <strong>1217</strong><br />(+24 for winning)\n|\n|win|That_Leek\n","uploadtime":1788365835,"views":"4","formatid":"gen9championsvgc2026regmbbo3","rating":1151,"private":0,"password":null}