{"id":"gen9championsvgc2026regmbbo3-2675002920","format":"[Gen 9 Champions] VGC 2026 Reg M-B (Bo3)","players":["chocapicorascapico","okkia3"],"log":"|j|☆chocapicorascapico\n|j|☆okkia3\n|html|<table width=\"100%\"><tr><td align=\"left\">chocapicorascapico</td><td align=\"right\">okkia3</tr><tr><td align=\"left\"><i class=\"fa fa-circle-o\"></i> <i class=\"fa fa-circle-o\"></i> </td><td align=\"right\"><i class=\"fa fa-circle-o\"></i> <i class=\"fa fa-circle-o\"></i> </tr></table>\n|uhtml|bestof|<h2><strong>Game 1</strong> of <a href=\"/game-bestof3-gen9championsvgc2026regmbbo3-2675002919\">a best-of-3</a></h2>\n|t:|1788447478\n|gametype|doubles\n|player|p1|chocapicorascapico|benga|1075\n|player|p2|okkia3|102|1131\n|gen|9\n|tier|[Gen 9 Champions] VGC 2026 Reg M-B (Bo3)\n|rated|\n|rule|Species Clause: Limit one of each Pokémon\n|rule|Item Clause: Limit 1 of each item\n|clearpoke\n|poke|p1|Swampert, L50, M|\n|poke|p1|Farigiraf, L50, F|\n|poke|p1|Incineroar, L50, M|\n|poke|p1|Pelipper, L50, F|\n|poke|p1|Hatterene, L50, F|\n|poke|p1|Hydrapple, L50, M|\n|poke|p2|Charizard, L50, M|\n|poke|p2|Whimsicott, L50, M|\n|poke|p2|Basculegion, L50, M|\n|poke|p2|Farigiraf, L50, F|\n|poke|p2|Kangaskhan, L50, F|\n|poke|p2|Sneasler, L50, F|\n|teampreview|4\n|showteam|p1|Swampert||Swampertite|Torrent|Earthquake,Waterfall,PoisonJab,BulkUp|Brave||M|||50|]Farigiraf||MentalHerb|ArmorTail|TrickRoom,AllySwitch,HyperVoice,Protect|Sassy||F|||50|]Incineroar||Leftovers|Intimidate|FakeOut,PartingShot,FlareBlitz,LashOut|Relaxed||M|||50|]Pelipper||SharpBeak|Drizzle|Hurricane,KnockOff,Roost,Protect|Sassy||F|||50|]Hatterene||WiseGlasses|MagicBounce|TrickRoom,MysticalFire,Protect,HealPulse|Sassy||F|||50|]Hydrapple||LifeOrb|Regenerator|EnergyBall,NastyPlot,FickleBeam,Protect|Quiet||M|||50|\n|showteam|p2|Charizard||CharizarditeY|SolarPower|WeatherBall,HeatWave,SolarBeam,Protect|Timid||M|||50|]Whimsicott||FocusSash|Prankster|Moonblast,Tailwind,SunnyDay,Encore|Timid||M|||50|]Basculegion||ChoiceScarf|Adaptability|WaveCrash,AquaJet,LastRespects,FlipTurn|Adamant||M|||50|]Farigiraf||SitrusBerry|ArmorTail|Psychic,HyperVoice,HelpingHand,TrickRoom|Modest||F|||50|]Kangaskhan||Kangaskhanite|Scrappy|FakeOut,DoubleEdge,DrainPunch,SuckerPunch|Adamant||F|||50|]Sneasler||WhiteHerb|Unburden|FakeOut,CloseCombat,DireClaw,RockTomb|Adamant||F|||50|\n|inactive|Battle timer is ON: inactive players will automatically lose when time's up. (requested by okkia3)\n|\n|t:|1788447493\n|teamsize|p1|4\n|teamsize|p2|4\n|start\n|switch|p1a: Swampert|Swampert, L50, M|100/100\n|switch|p1b: Incineroar|Incineroar, L50, M|100/100\n|switch|p2a: Basculegion|Basculegion, L50, M|100/100\n|switch|p2b: Farigiraf|Farigiraf, L50, F|100/100\n|-ability|p1b: Incineroar|Intimidate|boost\n|-unboost|p2a: Basculegion|atk|1\n|-unboost|p2b: Farigiraf|atk|1\n|turn|1\n|inactive|chocapicorascapico has 30 seconds left.\n|\n|t:|1788447524\n|detailschange|p1a: Swampert|Swampert-Mega, L50, M\n|-mega|p1a: Swampert|Swampert|Swampertite\n|move|p2a: Basculegion|Flip Turn|p1b: Incineroar\n|-supereffective|p1b: Incineroar|1\n|-damage|p1b: Incineroar|49/100\n|\n|t:|1788447524\n|switch|p2a: Sneasler|Sneasler, L50, F|100/100|[from] Flip Turn\n|move|p2b: Farigiraf|Hyper Voice|p1a: Swampert|[spread] p1a,p1b\n|-crit|p1b: Incineroar\n|-damage|p1a: Swampert|71/100\n|-damage|p1b: Incineroar|12/100\n|move|p1a: Swampert|Bulk Up|p1a: Swampert\n|-boost|p1a: Swampert|atk|1\n|-boost|p1a: Swampert|def|1\n|move|p1b: Incineroar|Lash Out|p2a: Sneasler\n|-resisted|p2a: Sneasler|1\n|-damage|p2a: Sneasler|75/100\n|\n|-heal|p1b: Incineroar|18/100|[from] item: Leftovers\n|upkeep\n|turn|2\n|\n|t:|1788447535\n|switch|p1b: Pelipper|Pelipper, L50, F|100/100\n|-weather|RainDance|[from] ability: Drizzle|[of] p1b: Pelipper\n|move|p2a: Sneasler|Fake Out|p1b: Pelipper\n|-damage|p1b: Pelipper|85/100\n|move|p1a: Swampert|Earthquake|p2b: Farigiraf|[spread] p2a,p2b\n|-immune|p1b: Pelipper\n|-supereffective|p2a: Sneasler|1\n|-damage|p2a: Sneasler|0 fnt\n|-damage|p2b: Farigiraf|24/100\n|-enditem|p2b: Farigiraf|Sitrus Berry|[eat]\n|-heal|p2b: Farigiraf|49/100|[from] item: Sitrus Berry\n|faint|p2a: Sneasler\n|move|p2b: Farigiraf|Hyper Voice|p1b: Pelipper|[spread] p1a,p1b\n|-damage|p1a: Swampert|48/100\n|-damage|p1b: Pelipper|54/100\n|\n|-weather|RainDance|[upkeep]\n|upkeep\n|\n|t:|1788447535\n|switch|p2a: Basculegion|Basculegion, L50, M|100/100\n|turn|3\n|\n|t:|1788447557\n|move|p2a: Basculegion|Wave Crash|p1a: Swampert\n|-damage|p1a: Swampert|0 fnt\n|faint|p1a: Swampert\n|-damage|p2a: Basculegion|84/100|[from] Recoil\n|move|p2b: Farigiraf|Psychic|p1b: Pelipper\n|-damage|p1b: Pelipper|5/100\n|move|p1b: Pelipper|Hurricane|p2a: Basculegion\n|-damage|p2a: Basculegion|33/100\n|\n|-weather|RainDance|[upkeep]\n|upkeep\n|\n|t:|1788447570\n|switch|p1a: Farigiraf|Farigiraf, L50, F|100/100\n|turn|4\n|\n|t:|1788447574\n|move|p2a: Basculegion|Wave Crash|p1b: Pelipper\n|-resisted|p1b: Pelipper|1\n|-damage|p1b: Pelipper|0 fnt\n|faint|p1b: Pelipper\n|-damage|p2a: Basculegion|31/100|[from] Recoil\n|move|p2b: Farigiraf|Hyper Voice|p1a: Farigiraf\n|-damage|p1a: Farigiraf|66/100\n|move|p1a: Farigiraf|Hyper Voice|p2a: Basculegion|[spread] p2b\n|-immune|p2a: Basculegion\n|-damage|p2b: Farigiraf|26/100\n|\n|-weather|RainDance|[upkeep]\n|upkeep\n|\n|t:|1788447577\n|switch|p1b: Incineroar|Incineroar, L50, M|18/100\n|-ability|p1b: Incineroar|Intimidate|boost\n|-unboost|p2a: Basculegion|atk|1\n|-unboost|p2b: Farigiraf|atk|1\n|turn|5\n|\n|t:|1788447585\n|move|p2a: Basculegion|Wave Crash|p1b: Incineroar\n|-supereffective|p1b: Incineroar|1\n|-damage|p1b: Incineroar|0 fnt\n|faint|p1b: Incineroar\n|-damage|p2a: Basculegion|25/100|[from] Recoil\n|move|p2b: Farigiraf|Hyper Voice|p1a: Farigiraf\n|-damage|p1a: Farigiraf|35/100\n|move|p1a: Farigiraf|Hyper Voice|p2b: Farigiraf|[spread] p2b\n|-immune|p2a: Basculegion\n|-crit|p2b: Farigiraf\n|-damage|p2b: Farigiraf|0 fnt\n|faint|p2b: Farigiraf\n|\n|-weather|RainDance|[upkeep]\n|upkeep\n|\n|t:|1788447585\n|switch|p2b: Kangaskhan|Kangaskhan, L50, F|100/100\n|turn|6\n|\n|t:|1788447592\n|move|p2a: Basculegion|Wave Crash|p1a: Farigiraf\n|-damage|p1a: Farigiraf|0 fnt\n|faint|p1a: Farigiraf\n|-damage|p2a: Basculegion|12/100|[from] Recoil\n|\n|win|okkia3\n","uploadtime":1788447593,"views":"3","formatid":"gen9championsvgc2026regmbbo3","rating":null,"private":0,"password":null}