{"id":"gen9championsvgc2026regmb-2673861036","format":"[Gen 9 Champions] VGC 2026 Reg M-B","players":["mikelmtz","Thornlace48812"],"log":"|j|☆mikelmtz\n|j|☆Thornlace48812\n|t:|1788269841\n|gametype|doubles\n|player|p1|mikelmtz|265|1088\n|player|p2|Thornlace48812|102|1126\n|gen|9\n|tier|[Gen 9 Champions] VGC 2026 Reg M-B\n|rated|\n|rule|Species Clause: Limit one of each Pokémon\n|rule|Item Clause: Limit 1 of each item\n|clearpoke\n|poke|p1|Floette-Eternal, L50, F|\n|poke|p1|Annihilape, L50, M, shiny|\n|poke|p1|Incineroar, L50, M, shiny|\n|poke|p1|Sinistcha-Masterpiece, L50|\n|poke|p1|Palafin, L50, M|\n|poke|p1|Sneasler, L50, F|\n|poke|p2|Garchomp, L50, M|\n|poke|p2|Charizard, L50, F|\n|poke|p2|Whimsicott, L50, F|\n|poke|p2|Sylveon, L50, M|\n|poke|p2|Kingambit, L50, F|\n|poke|p2|Basculegion, L50, M|\n|teampreview|4\n|inactive|Battle timer is ON: inactive players will automatically lose when time's up. (requested by Thornlace48812)\nThornlace48812 rejected open team sheets.\n|\n|t:|1788269853\n|teamsize|p1|4\n|teamsize|p2|4\n|start\n|switch|p1a: Annihilape|Annihilape, L50, M, shiny|100/100\n|switch|p1b: Palafin|Palafin, L50, M|100/100\n|switch|p2a: Charizard|Charizard, L50, F|100/100\n|switch|p2b: Sylveon|Sylveon, L50, M|100/100\n|turn|1\n|\n|t:|1788269858\n|detailschange|p1b: Palafin|Palafin-Hero, L50, M\n|switch|p1b: Incineroar|Incineroar, L50, M, shiny|100/100\n|-ability|p1b: Incineroar|Intimidate|boost\n|-unboost|p2a: Charizard|atk|1\n|-unboost|p2b: Sylveon|atk|1\n|detailschange|p2a: Charizard|Charizard-Mega-Y, L50, F\n|-mega|p2a: Charizard|Charizard|Charizardite Y\n|-weather|SunnyDay|[from] ability: Drought|[of] p2a: Charizard\n|move|p1a: Annihilape|Protect|p1a: Annihilape\n|-singleturn|p1a: Annihilape|Protect\n|move|p2a: Charizard|Heat Wave|p1b: Incineroar|[spread] \n|-activate|p1a: Annihilape|move: Protect\n|-miss|p2a: Charizard|p1b: Incineroar\n|move|p2b: Sylveon|Hyper Voice|p1a: Annihilape|[spread] p1b\n|-activate|p1a: Annihilape|move: Protect\n|-damage|p1b: Incineroar|60/100\n|\n|-weather|SunnyDay|[upkeep]\n|upkeep\n|turn|2\n|\n|t:|1788269867\n|move|p1b: Incineroar|Fake Out|p2b: Sylveon\n|-damage|p2b: Sylveon|82/100\n|move|p2a: Charizard|Heat Wave|p1a: Annihilape|[spread] p1a,p1b\n|-resisted|p1b: Incineroar|1\n|-damage|p1a: Annihilape|45/100\n|-damage|p1b: Incineroar|31/100\n|move|p1a: Annihilape|Rage Fist|p2b: Sylveon\n|-damage|p2b: Sylveon|22/100\n|cant|p2b: Sylveon|flinch\n|\n|-weather|SunnyDay|[upkeep]\n|-heal|p1a: Annihilape|51/100|[from] item: Leftovers\n|upkeep\n|turn|3\n|\n|t:|1788269876\n|move|p1a: Annihilape|Protect|p1a: Annihilape\n|-singleturn|p1a: Annihilape|Protect\n|move|p2a: Charizard|Heat Wave|p1a: Annihilape|[spread] p1b\n|-activate|p1a: Annihilape|move: Protect\n|-resisted|p1b: Incineroar|1\n|-damage|p1b: Incineroar|5/100\n|move|p2b: Sylveon|Hyper Voice|p1b: Incineroar|[spread] p1b\n|-activate|p1a: Annihilape|move: Protect\n|-damage|p1b: Incineroar|0 fnt\n|faint|p1b: Incineroar\n|\n|-weather|SunnyDay|[upkeep]\n|-heal|p1a: Annihilape|57/100|[from] item: Leftovers\n|upkeep\n|\n|t:|1788269880\n|switch|p1b: Sinistcha|Sinistcha-Masterpiece, L50|100/100\n|-heal|p1a: Annihilape|81/100|[from] ability: Hospitality|[of] p1b: Sinistcha\n|turn|4\n|\n|t:|1788269883\n|move|p1b: Sinistcha|Protect|p1b: Sinistcha\n|-singleturn|p1b: Sinistcha|Protect\n|move|p2a: Charizard|Heat Wave|p1b: Sinistcha|[spread] p1a\n|-activate|p1b: Sinistcha|move: Protect\n|-damage|p1a: Annihilape|26/100\n|move|p1a: Annihilape|Rage Fist|p2b: Sylveon\n|-damage|p2b: Sylveon|0 fnt\n|faint|p2b: Sylveon\n|\n|-weather|SunnyDay|[upkeep]\n|-heal|p1a: Annihilape|32/100|[from] item: Leftovers\n|upkeep\n|\n|t:|1788269886\n|switch|p2b: Whimsicott|Whimsicott, L50, F|100/100\n|turn|5\n|\n|t:|1788269893\n|switch|p1b: Palafin|Palafin-Hero, L50, M|100/100\n|-activate|p1b: Palafin|ability: Zero to Hero\n|move|p2b: Whimsicott|Protect|p2b: Whimsicott\n|-singleturn|p2b: Whimsicott|Protect\n|move|p2a: Charizard|Heat Wave|p1a: Annihilape|[spread] p1a,p1b\n|-resisted|p1b: Palafin|1\n|-damage|p1a: Annihilape|0 fnt\n|-damage|p1b: Palafin|71/100\n|faint|p1a: Annihilape\n|\n|-weather|none\n|upkeep\n|\n|t:|1788269901\n|switch|p1a: Sinistcha|Sinistcha-Masterpiece, L50|100/100\n|-heal|p1b: Palafin|95/100|[from] ability: Hospitality|[of] p1a: Sinistcha\n|turn|6\n|\n|t:|1788269909\n|move|p2a: Charizard|Protect|p2a: Charizard\n|-singleturn|p2a: Charizard|Protect\n|move|p2b: Whimsicott|Moonblast|p1a: Sinistcha\n|-damage|p1a: Sinistcha|65/100\n|-unboost|p1a: Sinistcha|spa|1\n|move|p1b: Palafin|Wave Crash|p2a: Charizard\n|-activate|p2a: Charizard|move: Protect\n|move|p1a: Sinistcha|Life Dew|p1a: Sinistcha|[spread] p1a,p1b\n|-heal|p1a: Sinistcha|91/100\n|-heal|p1b: Palafin|100/100\n|\n|upkeep\n|turn|7\n|\n|t:|1788269916\n|move|p2b: Whimsicott|Moonblast|p1a: Sinistcha\n|-crit|p1a: Sinistcha\n|-damage|p1a: Sinistcha|46/100\n|-enditem|p1a: Sinistcha|Sitrus Berry|[eat]\n|-heal|p1a: Sinistcha|71/100|[from] item: Sitrus Berry\n|move|p2a: Charizard|Heat Wave|p1a: Sinistcha|[spread] p1a,p1b\n|-supereffective|p1a: Sinistcha|1\n|-resisted|p1b: Palafin|1\n|-crit|p1b: Palafin\n|-damage|p1a: Sinistcha|0 fnt\n|-damage|p1b: Palafin|70/100\n|faint|p1a: Sinistcha\n|move|p1b: Palafin|Wave Crash|p2a: Charizard\n|-supereffective|p2a: Charizard|1\n|-damage|p2a: Charizard|0 fnt\n|faint|p2a: Charizard\n|-damage|p1b: Palafin|43/100|[from] Recoil\n|\n|upkeep\n|\n|t:|1788269917\n|switch|p2a: Basculegion|Basculegion, L50, M|100/100\n|turn|8\n|inactive|mikelmtz has 30 seconds left.\n|inactive|mikelmtz has 20 seconds left.\n|-message|mikelmtz forfeited.\n|\n|win|Thornlace48812\n|raw|mikelmtz's rating: 1088 &rarr; <strong>1067</strong><br />(-21 for losing)\n|raw|Thornlace48812's rating: 1114 &rarr; <strong>1137</strong><br />(+23 for winning)\n","uploadtime":1788269957,"views":"1","formatid":"gen9championsvgc2026regmb","rating":1067,"private":0,"password":null}