{"id":"gen9championsvgc2026regmb-2674643035","format":"[Gen 9 Champions] VGC 2026 Reg M-B","players":["mugen-9013","prealpha7"],"log":"|j|☆mugen-9013\n|j|☆prealpha7\n|t:|1788384144\n|gametype|doubles\n|player|p1|mugen-9013|chuck|1448\n|player|p2|prealpha7|ghetsis|1348\n|gen|9\n|tier|[Gen 9 Champions] VGC 2026 Reg M-B\n|rated|\n|rule|Species Clause: Limit one of each Pokémon\n|rule|Item Clause: Limit 1 of each item\n|clearpoke\n|poke|p1|Farigiraf, L50, F|\n|poke|p1|Incineroar, L50, M|\n|poke|p1|Torkoal, L50, F|\n|poke|p1|Grimmsnarl, L50, M|\n|poke|p1|Mawile, L50, F|\n|poke|p1|Drampa, L50, M, shiny|\n|poke|p2|Charizard, L50, M|\n|poke|p2|Venusaur, L50, M|\n|poke|p2|Pelipper, L50, F|\n|poke|p2|Archaludon, L50, M|\n|poke|p2|Grimmsnarl, L50, M|\n|poke|p2|Swampert, L50, M|\n|teampreview|4\n|inactive|Battle timer is ON: inactive players will automatically lose when time's up. (requested by prealpha7)\nmugen-9013 rejected open team sheets.\n|\n|t:|1788384176\n|teamsize|p1|4\n|teamsize|p2|4\n|start\n|switch|p1a: Farigiraf|Farigiraf, L50, F|100/100\n|switch|p1b: Grimmsnarl|Grimmsnarl, L50, M|100/100\n|switch|p2a: Golden Gate|Archaludon, L50, M|100/100\n|switch|p2b: Mordor|Grimmsnarl, L50, M|100/100\n|turn|1\n|\n|t:|1788384190\n|move|p1b: Grimmsnarl|Fake Out|p2b: Mordor\n|-damage|p2b: Mordor|86/100\n|cant|p2b: Mordor|flinch\n|move|p2a: Golden Gate|Flash Cannon|p1b: Grimmsnarl\n|-supereffective|p1b: Grimmsnarl|1\n|-damage|p1b: Grimmsnarl|21/100\n|-unboost|p1b: Grimmsnarl|spd|1\n|move|p1a: Farigiraf|Trick Room|p1a: Farigiraf\n|-fieldstart|move: Trick Room|[of] p1a: Farigiraf\n|\n|upkeep\n|turn|2\n|\n|t:|1788384208\n|move|p2a: Golden Gate|Protect|p2a: Golden Gate\n|-singleturn|p2a: Golden Gate|Protect\n|move|p1b: Grimmsnarl|Fake Tears|p2a: Golden Gate\n|-activate|p2a: Golden Gate|move: Protect\n|move|p2b: Mordor|Light Screen|p2b: Mordor\n|-sidestart|p2: prealpha7|move: Light Screen\n|move|p1a: Farigiraf|Psychic|p2a: Golden Gate\n|-activate|p2a: Golden Gate|move: Protect\n|\n|upkeep\n|turn|3\n|\n|t:|1788384231\n|switch|p2b: Rainy Day|Pelipper, L50, F|100/100\n|-weather|RainDance|[from] ability: Drizzle|[of] p2b: Rainy Day\n|move|p1b: Grimmsnarl|Fake Tears|p2a: Golden Gate\n|-unboost|p2a: Golden Gate|spd|2\n|move|p1a: Farigiraf|Psychic|p2a: Golden Gate\n|-resisted|p2a: Golden Gate|1\n|-damage|p2a: Golden Gate|71/100\n|-ability|p2a: Golden Gate|Stamina|boost\n|-boost|p2a: Golden Gate|def|1\n|move|p2a: Golden Gate|Electro Shot||[still]\n|-prepare|p2a: Golden Gate|Electro Shot\n|-boost|p2a: Golden Gate|spa|1\n|-anim|p2a: Golden Gate|Electro Shot|p1a: Farigiraf\n|-damage|p1a: Farigiraf|39/100\n|\n|-weather|RainDance|[upkeep]\n|-heal|p2a: Golden Gate|77/100|[from] item: Leftovers\n|upkeep\n|turn|4\n|\n|t:|1788384254\n|move|p2a: Golden Gate|Protect|p2a: Golden Gate\n|-singleturn|p2a: Golden Gate|Protect\n|move|p1b: Grimmsnarl|Fake Tears|p2b: Rainy Day\n|-unboost|p2b: Rainy Day|spd|2\n|move|p1a: Farigiraf|Thunderbolt|p2b: Rainy Day\n|-supereffective|p2b: Rainy Day|2\n|-damage|p2b: Rainy Day|0 fnt\n|faint|p2b: Rainy Day\n|\n|-weather|RainDance|[upkeep]\n|-heal|p2a: Golden Gate|83/100|[from] item: Leftovers\n|upkeep\n|\n|t:|1788384262\n|switch|p2b: Mordor|Grimmsnarl, L50, M|86/100\n|turn|5\n|\n|t:|1788384288\n|move|p1b: Grimmsnarl|Parting Shot|p2a: Golden Gate\n|-unboost|p2a: Golden Gate|atk|1\n|-unboost|p2a: Golden Gate|spa|1\n|\n|t:|1788384302\n|switch|p1b: Torkoal|Torkoal, L50, F|100/100|[from] Parting Shot\n|-weather|SunnyDay|[from] ability: Drought|[of] p1b: Torkoal\n|move|p1a: Farigiraf|Endeavor|p2a: Golden Gate\n|-damage|p2a: Golden Gate|45/100\n|-ability|p2a: Golden Gate|Stamina|boost\n|-boost|p2a: Golden Gate|def|1\n|move|p2b: Mordor|Foul Play|p1a: Farigiraf\n|-supereffective|p1a: Farigiraf|1\n|-damage|p1a: Farigiraf|0 fnt\n|faint|p1a: Farigiraf\n|move|p2a: Golden Gate|Flash Cannon|p1b: Torkoal\n|-resisted|p1b: Torkoal|1\n|-crit|p1b: Torkoal\n|-damage|p1b: Torkoal|65/100\n|\n|-weather|SunnyDay|[upkeep]\n|-heal|p2a: Golden Gate|51/100|[from] item: Leftovers\n|-fieldend|move: Trick Room\n|upkeep\n|\n|t:|1788384324\n|switch|p1a: Grimmsnarl|Grimmsnarl, L50, M|21/100\n|turn|6\n|\n|t:|1788384334\n|move|p2a: Golden Gate|Protect|p2a: Golden Gate\n|-singleturn|p2a: Golden Gate|Protect\n|move|p2b: Mordor|Parting Shot|p1b: Torkoal\n|-unboost|p1b: Torkoal|atk|1\n|-unboost|p1b: Torkoal|spa|1\n|\n|t:|1788384338\n|switch|p2b: Frog|Swampert, L50, M|100/100|[from] Parting Shot\n|move|p1a: Grimmsnarl|Fake Tears|p2a: Golden Gate\n|-activate|p2a: Golden Gate|move: Protect\n|move|p1b: Torkoal|Heat Wave|p2b: Frog|[spread] p2b\n|-activate|p2a: Golden Gate|move: Protect\n|-resisted|p2b: Frog|1\n|-damage|p2b: Frog|86/100\n|-damage|p1b: Torkoal|55/100|[from] item: Life Orb\n|\n|-weather|SunnyDay|[upkeep]\n|-heal|p2a: Golden Gate|57/100|[from] item: Leftovers\n|upkeep\n|turn|7\n|\n|t:|1788384355\n|switch|p2a: Mordor|Grimmsnarl, L50, M|86/100\n|detailschange|p2b: Frog|Swampert-Mega, L50, M\n|-mega|p2b: Frog|Swampert|Swampertite\n|move|p1a: Grimmsnarl|Fake Tears|p2b: Frog\n|-unboost|p2b: Frog|spd|2\n|move|p2b: Frog|Earthquake|p1b: Torkoal|[spread] p2a,p1a,p1b\n|-crit|p1a: Grimmsnarl\n|-supereffective|p1b: Torkoal|1\n|-damage|p2a: Mordor|35/100\n|-damage|p1a: Grimmsnarl|0 fnt\n|-damage|p1b: Torkoal|0 fnt\n|faint|p1a: Grimmsnarl\n|faint|p1b: Torkoal\n|\n|-weather|SunnyDay|[upkeep]\n|upkeep\n|\n|t:|1788384371\n|switch|p1a: Drampa|Drampa, L50, M, shiny|100/100\n|-ability|p1a: Drampa|Cloud Nine\n|turn|8\n|\n|t:|1788384381\n|detailschange|p1a: Drampa|Drampa-Mega, L50, M, shiny\n|-mega|p1a: Drampa|Drampa|Drampanite\n|move|p2a: Mordor|Parting Shot|p1a: Drampa\n|-unboost|p1a: Drampa|atk|1\n|-unboost|p1a: Drampa|spa|1\n|\n|t:|1788384384\n|switch|p2a: Golden Gate|Archaludon, L50, M|57/100|[from] Parting Shot\n|move|p2b: Frog|Ice Punch|p1a: Drampa\n|-supereffective|p1a: Drampa|1\n|-damage|p1a: Drampa|37/100\n|-ability|p1a: Drampa|Berserk|boost\n|-boost|p1a: Drampa|spa|1\n|move|p1a: Drampa|Hyper Voice|p2a: Golden Gate|[spread] p2a,p2b\n|-resisted|p2a: Golden Gate|1\n|-damage|p2a: Golden Gate|43/100\n|-damage|p2b: Frog|33/100\n|-ability|p2a: Golden Gate|Stamina|boost\n|-boost|p2a: Golden Gate|def|1\n|\n|-weather|SunnyDay|[upkeep]\n|-heal|p2a: Golden Gate|49/100|[from] item: Leftovers\n|upkeep\n|turn|9\n|-message|mugen-9013 forfeited.\n|\n|win|prealpha7\n|raw|mugen-9013's rating: 1448 &rarr; <strong>1422</strong><br />(-26 for losing)\n|raw|prealpha7's rating: 1348 &rarr; <strong>1374</strong><br />(+26 for winning)\n|l|☆mugen-9013\n|player|p1|\n","uploadtime":1788384399,"views":"0","formatid":"gen9championsvgc2026regmb","rating":1374,"private":0,"password":null}