{"id":"gen9championsvgc2026regmb-2674119651","format":"[Gen 9 Champions] VGC 2026 Reg M-B","players":["myminion223","phartacus"],"log":"|j|☆myminion223\n|j|☆phartacus\n|t:|1788301956\n|gametype|doubles\n|player|p1|myminion223|ingo|1322\n|player|p2|phartacus|marlon|1399\n|gen|9\n|tier|[Gen 9 Champions] VGC 2026 Reg M-B\n|rated|\n|rule|Species Clause: Limit one of each Pokémon\n|rule|Item Clause: Limit 1 of each item\n|clearpoke\n|poke|p1|Mawile, L50, F|\n|poke|p1|Sinistcha, L50|\n|poke|p1|Swampert, L50, M|\n|poke|p1|Pelipper, L50, M|\n|poke|p1|Annihilape, L50, M|\n|poke|p1|Rhyperior, L50, M|\n|poke|p2|Charizard, L50, M, shiny|\n|poke|p2|Incineroar, L50, F, shiny|\n|poke|p2|Pelipper, L50, M|\n|poke|p2|Archaludon, L50, F|\n|poke|p2|Basculegion, L50, M, shiny|\n|poke|p2|Venusaur, L50, F|\n|teampreview|4\n|inactive|Battle timer is ON: inactive players will automatically lose when time's up. (requested by myminion223)\n|inactive|myminion223 has 60 seconds left.\n|\n|t:|1788302002\n|teamsize|p1|4\n|teamsize|p2|4\n|start\n|switch|p1a: Ben|Annihilape, L50, M|100/100\n|switch|p1b: Sam|Pelipper, L50, M|100/100\n|switch|p2a: Archaludon|Archaludon, L50, F|100/100\n|switch|p2b: Basculegion|Basculegion, L50, M, shiny|100/100\n|-weather|RainDance|[from] ability: Drizzle|[of] p1b: Sam\n|turn|1\n|inactive|myminion223 has 30 seconds left.\n|inactive|phartacus has 30 seconds left.\n|inactive|myminion223 has 20 seconds left.\n|inactive|myminion223 has 15 seconds left.\n|\n|t:|1788302043\n|move|p1a: Ben|Protect|p1a: Ben\n|-singleturn|p1a: Ben|Protect\n|move|p2a: Archaludon|Protect|p2a: Archaludon\n|-singleturn|p2a: Archaludon|Protect\n|move|p2b: Basculegion|Flip Turn|p1b: Sam\n|-resisted|p1b: Sam|1\n|-damage|p1b: Sam|70/100\n|\n|t:|1788302062\n|switch|p2b: Charizard|Charizard, L50, M, shiny|100/100|[from] Flip Turn\n|move|p1b: Sam|Hurricane|p2b: Charizard\n|-damage|p2b: Charizard|36/100\n|\n|-weather|RainDance|[upkeep]\n|upkeep\n|turn|2\n|inactive|myminion223 has 30 seconds left.\n|inactive|phartacus has 30 seconds left.\n|\n|t:|1788302091\n|switch|p1a: Riley|Rhyperior, L50, M|100/100\n|move|p2b: Charizard|Protect|p2b: Charizard\n|-singleturn|p2b: Charizard|Protect\n|move|p2a: Archaludon|Electro Shot||[still]\n|-prepare|p2a: Archaludon|Electro Shot\n|-boost|p2a: Archaludon|spa|1\n|-anim|p2a: Archaludon|Electro Shot|p1a: Riley\n|-immune|p1a: Riley\n|move|p1b: Sam|Rain Dance||[still]\n|-fail|p1b: Sam\n|\n|-weather|RainDance|[upkeep]\n|upkeep\n|turn|3\n|inactive|myminion223 has 30 seconds left.\n|inactive|phartacus has 30 seconds left.\n|inactive|myminion223 has 20 seconds left.\n|inactive|phartacus has 20 seconds left.\n|\n|t:|1788302131\n|move|p2b: Charizard|Weather Ball|p1a: Riley\n|-supereffective|p1a: Riley|2\n|-damage|p1a: Riley|0 fnt\n|faint|p1a: Riley\n|move|p2a: Archaludon|Flash Cannon|p1b: Sam\n|-resisted|p1b: Sam|1\n|-crit|p1b: Sam\n|-damage|p1b: Sam|18/100\n|move|p1b: Sam|Tailwind|p1b: Sam\n|-sidestart|p1: myminion223|move: Tailwind\n|\n|-weather|RainDance|[upkeep]\n|upkeep\n|\n|t:|1788302142\n|switch|p1a: Connor|Swampert, L50, M|100/100\n|turn|4\n|\n|t:|1788302157\n|detailschange|p1a: Connor|Swampert-Mega, L50, M\n|-mega|p1a: Connor|Swampert|Swampertite\n|move|p2b: Charizard|Protect|p2b: Charizard\n|-singleturn|p2b: Charizard|Protect\n|move|p1a: Connor|Wave Crash|p2b: Charizard\n|-activate|p2b: Charizard|move: Protect\n|move|p1b: Sam|Hurricane|p2a: Archaludon\n|-resisted|p2a: Archaludon|1\n|-damage|p2a: Archaludon|78/100\n|-ability|p2a: Archaludon|Stamina|boost\n|-boost|p2a: Archaludon|def|1\n|move|p2a: Archaludon|Electro Shot||[still]\n|-prepare|p2a: Archaludon|Electro Shot\n|-boost|p2a: Archaludon|spa|1\n|-anim|p2a: Archaludon|Electro Shot|p1b: Sam\n|-supereffective|p1b: Sam|2\n|-damage|p1b: Sam|0 fnt\n|faint|p1b: Sam\n|\n|-weather|RainDance|[upkeep]\n|-heal|p2a: Archaludon|84/100|[from] item: Leftovers\n|upkeep\n|\n|t:|1788302174\n|switch|p1b: Ben|Annihilape, L50, M|100/100\n|turn|5\n|inactive|phartacus has 30 seconds left.\n|\n|t:|1788302207\n|switch|p2b: Basculegion|Basculegion, L50, M, shiny|100/100\n|move|p1a: Connor|High Horsepower|p2a: Archaludon\n|-supereffective|p2a: Archaludon|1\n|-damage|p2a: Archaludon|29/100\n|-ability|p2a: Archaludon|Stamina|boost\n|-boost|p2a: Archaludon|def|1\n|move|p1b: Ben|Close Combat|p2a: Archaludon\n|-supereffective|p2a: Archaludon|1\n|-damage|p2a: Archaludon|0 fnt\n|-unboost|p1b: Ben|def|1\n|-unboost|p1b: Ben|spd|1\n|faint|p2a: Archaludon\n|\n|-weather|none\n|upkeep\n|\n|t:|1788302223\n|switch|p2a: Charizard|Charizard, L50, M, shiny|36/100\n|turn|6\n|\n|t:|1788302239\n|detailschange|p2a: Charizard|Charizard-Mega-Y, L50, M, shiny\n|-mega|p2a: Charizard|Charizard|Charizardite Y\n|-weather|SunnyDay|[from] ability: Drought|[of] p2a: Charizard\n|move|p2a: Charizard|Protect|p2a: Charizard\n|-singleturn|p2a: Charizard|Protect\n|move|p1b: Ben|Rage Fist|p2b: Basculegion\n|-supereffective|p2b: Basculegion|1\n|-damage|p2b: Basculegion|35/100\n|move|p1a: Connor|High Horsepower|p2b: Basculegion\n|-crit|p2b: Basculegion\n|-damage|p2b: Basculegion|0 fnt\n|faint|p2b: Basculegion\n|\n|-weather|SunnyDay|[upkeep]\n|-sideend|p1: myminion223|move: Tailwind\n|upkeep\n|\n|t:|1788302252\n|switch|p2b: Pelipper|Pelipper, L50, M|100/100\n|-weather|RainDance|[from] ability: Drizzle|[of] p2b: Pelipper\n|turn|7\n|\n|t:|1788302268\n|move|p1b: Ben|Protect|p1b: Ben\n|-singleturn|p1b: Ben|Protect\n|move|p1a: Connor|Wave Crash|p2a: Charizard\n|-supereffective|p2a: Charizard|1\n|-damage|p2a: Charizard|0 fnt\n|faint|p2a: Charizard\n|-damage|p1a: Connor|89/100|[from] Recoil\n|move|p2b: Pelipper|Weather Ball|p1a: Connor\n|-damage|p1a: Connor|31/100\n|\n|-weather|RainDance|[upkeep]\n|upkeep\n|turn|8\n|\n|t:|1788302283\n|move|p1a: Connor|Wave Crash|p2b: Pelipper\n|-resisted|p2b: Pelipper|1\n|-damage|p2b: Pelipper|33/100\n|-damage|p1a: Connor|11/100|[from] Recoil\n|move|p1b: Ben|Rage Fist|p2b: Pelipper\n|-damage|p2b: Pelipper|1/100\n|move|p2b: Pelipper|Hurricane|p1b: Ben\n|-supereffective|p1b: Ben|1\n|-damage|p1b: Ben|0 fnt\n|faint|p1b: Ben\n|\n|-weather|RainDance|[upkeep]\n|upkeep\n|turn|9\n|\n|t:|1788302300\n|move|p1a: Connor|Wave Crash|p2b: Pelipper\n|-resisted|p2b: Pelipper|1\n|-damage|p2b: Pelipper|0 fnt\n|faint|p2b: Pelipper\n|-damage|p1a: Connor|11/100|[from] Recoil\n|\n|win|myminion223\n|raw|myminion223's rating: 1322 &rarr; <strong>1346</strong><br />(+24 for winning)\n|raw|phartacus's rating: 1399 &rarr; <strong>1375</strong><br />(-24 for losing)\n|c|☆myminion223|GGs\n|l|☆phartacus\n|player|p2|\n","uploadtime":1788302310,"views":"7","formatid":"gen9championsvgc2026regmb","rating":1346,"private":0,"password":null}