{"id":"gen9championsvgc2026regmbbo3-2673633199","format":"[Gen 9 Champions] VGC 2026 Reg M-B (Bo3)","players":["mls2395","BonAppleM"],"log":"|j|☆mls2395\n|j|☆BonAppleM\n|html|<table width=\"100%\"><tr><td align=\"left\">mls2395</td><td align=\"right\">BonAppleM</tr><tr><td align=\"left\"><i class=\"fa fa-circle-o\"></i> <i class=\"fa fa-circle-o\"></i> </td><td align=\"right\"><i class=\"fa fa-circle-o\"></i> <i class=\"fa fa-circle\"></i> </tr></table>\n|uhtml|bestof|<h2><strong>Game 2</strong> of <a href=\"/game-bestof3-gen9championsvgc2026regmbbo3-2673631678\">a best-of-3</a></h2>\n|t:|1788224441\n|gametype|doubles\n|player|p1|mls2395|1|1140\n|player|p2|BonAppleM|serena-masters2|1117\n|gen|9\n|tier|[Gen 9 Champions] VGC 2026 Reg M-B (Bo3)\n|rated|\n|rule|Species Clause: Limit one of each Pokémon\n|rule|Item Clause: Limit 1 of each item\n|clearpoke\n|poke|p1|Incineroar, L50, F|\n|poke|p1|Samurott-Hisui, L50, F|\n|poke|p1|Sinistcha, L50|\n|poke|p1|Sneasler, L50, F|\n|poke|p1|Floette-Eternal, L50, F|\n|poke|p1|Delphox, L50, F|\n|poke|p2|Delphox, L50, F|\n|poke|p2|Staraptor, L50, M|\n|poke|p2|Sinistcha, L50|\n|poke|p2|Sneasler, L50, F|\n|poke|p2|Garchomp, L50, M|\n|poke|p2|Sylveon, L50, M|\n|teampreview|4\n|showteam|p1|Incineroar||SitrusBerry|Intimidate|FakeOut,FlareBlitz,DarkestLariat,PartingShot|Careful||F|||50|]Samurott-Hisui||ChoiceScarf|Sharpness|RazorShell,NightSlash,SacredSword,FlipTurn|Jolly||F|||50|]Sinistcha||OccaBerry|Hospitality|MatchaGotcha,LifeDew,RagePowder,Protect|Relaxed|||||50|]Sneasler||FocusSash|PoisonTouch|FakeOut,CloseCombat,PoisonJab,RockSlide|Jolly||F|||50|]Floette-Eternal||Floettite|FlowerVeil|Moonblast,DazzlingGleam,CalmMind,Protect|Modest||F|||50|]Delphox||Delphoxite|Blaze|Psychic,HeatWave,NastyPlot,Protect|Timid||F|||50|\n|showteam|p2|Delphox||Delphoxite|Blaze|NastyPlot,HeatWave,Psychic,Protect|Timid||F|||50|]Staraptor||Staraptite|Intimidate|BraveBird,CloseCombat,Tailwind,Protect|Jolly||M|||50|]Sinistcha||SitrusBerry|Hospitality|RagePowder,MatchaGotcha,TrickRoom,Protect|Bold|||||50|]Sneasler||WhiteHerb|Unburden|CloseCombat,DireClaw,FakeOut,Protect|Jolly||F|||50|]Garchomp||LifeOrb|RoughSkin|Earthquake,RockSlide,DragonClaw,Protect|Jolly||M|||50|]Sylveon||FairyFeather|Pixilate|HyperVoice,HyperBeam,QuickAttack,Detect|Modest||M|||50|\n|\n|t:|1788224492\n|teamsize|p1|4\n|teamsize|p2|4\n|start\n|switch|p1a: Floette|Floette-Eternal, L50, F|100/100\n|switch|p1b: Sneasler|Sneasler, L50, F|100/100\n|switch|p2a: Sylveon|Sylveon, L50, M|100/100\n|switch|p2b: Sinistcha|Sinistcha, L50|100/100\n|turn|1\n|\n|t:|1788224513\n|detailschange|p1a: Floette|Floette-Mega, L50, F\n|-mega|p1a: Floette|Floette|Floettite\n|-ability|p1a: Floette|Fairy Aura\n|move|p2a: Sylveon|Detect|p2a: Sylveon\n|-singleturn|p2a: Sylveon|Protect\n|move|p1b: Sneasler|Rock Slide|p2a: Sylveon|[spread] p2b\n|-activate|p2a: Sylveon|move: Protect\n|-damage|p2b: Sinistcha|84/100\n|move|p1a: Floette|Calm Mind|p1a: Floette\n|-boost|p1a: Floette|spa|1\n|-boost|p1a: Floette|spd|1\n|cant|p2b: Sinistcha|flinch\n|\n|upkeep\n|turn|2\n|\n|t:|1788224533\n|move|p1b: Sneasler|Poison Jab|p2a: Sylveon\n|-supereffective|p2a: Sylveon|1\n|-damage|p2a: Sylveon|0 fnt\n|faint|p2a: Sylveon\n|move|p1a: Floette|Dazzling Gleam|p2b: Sinistcha\n|-crit|p2b: Sinistcha\n|-damage|p2b: Sinistcha|0 fnt\n|faint|p2b: Sinistcha\n|\n|upkeep\n|\n|t:|1788224544\n|switch|p2a: Sneasler|Sneasler, L50, F|100/100\n|switch|p2b: Staraptor|Staraptor, L50, M|100/100\n|-ability|p2b: Staraptor|Intimidate|boost\n|-unboost|p1a: Floette|atk|1\n|-unboost|p1b: Sneasler|atk|1\n|turn|3\n|\n|t:|1788224565\n|switch|p1b: Incineroar|Incineroar, L50, F|100/100\n|-ability|p1b: Incineroar|Intimidate|boost\n|-unboost|p2a: Sneasler|atk|1\n|-unboost|p2b: Staraptor|atk|1\n|-enditem|p2a: Sneasler|White Herb\n|-clearnegativeboost|p2a: Sneasler|[silent]\n|detailschange|p2b: Staraptor|Staraptor-Mega, L50, M\n|-mega|p2b: Staraptor|Staraptor|Staraptite\n|move|p1a: Floette|Protect|p1a: Floette\n|-singleturn|p1a: Floette|Protect\n|move|p2a: Sneasler|Fake Out|p1a: Floette\n|-activate|p1a: Floette|move: Protect\n|move|p2b: Staraptor|Close Combat|p1b: Incineroar\n|-supereffective|p1b: Incineroar|1\n|-damage|p1b: Incineroar|31/100\n|-boost|p2b: Staraptor|def|1\n|-boost|p2b: Staraptor|spd|1\n|-enditem|p1b: Incineroar|Sitrus Berry|[eat]\n|-heal|p1b: Incineroar|56/100|[from] item: Sitrus Berry\n|\n|upkeep\n|turn|4\n|inactive|Battle timer is ON: inactive players will automatically lose when time's up. (requested by BonAppleM)\n|\n|t:|1788224606\n|move|p2b: Staraptor|Protect|p2b: Staraptor\n|-singleturn|p2b: Staraptor|Protect\n|move|p1b: Incineroar|Fake Out|p2a: Sneasler\n|-damage|p2a: Sneasler|82/100\n|cant|p2a: Sneasler|flinch\n|move|p1a: Floette|Dazzling Gleam|p2a: Sneasler|[spread] p2a\n|-activate|p2b: Staraptor|move: Protect\n|-damage|p2a: Sneasler|0 fnt\n|faint|p2a: Sneasler\n|\n|upkeep\n|turn|5\n|\n|t:|1788224619\n|switch|p1b: Sneasler|Sneasler, L50, F|100/100\n|move|p1a: Floette|Protect|p1a: Floette\n|-singleturn|p1a: Floette|Protect\n|move|p2b: Staraptor|Close Combat|p1b: Sneasler\n|-resisted|p1b: Sneasler|1\n|-damage|p1b: Sneasler|67/100\n|-boost|p2b: Staraptor|def|1\n|-boost|p2b: Staraptor|spd|1\n|\n|upkeep\n|turn|6\n|\n|t:|1788224633\n|move|p2b: Staraptor|Protect|p2b: Staraptor\n|-singleturn|p2b: Staraptor|Protect\n|move|p1b: Sneasler|Fake Out|p2b: Staraptor\n|-activate|p2b: Staraptor|move: Protect\n|move|p1a: Floette|Calm Mind|p1a: Floette\n|-boost|p1a: Floette|spa|1\n|-boost|p1a: Floette|spd|1\n|\n|upkeep\n|turn|7\n|\n|t:|1788224655\n|switch|p1b: Sinistcha|Sinistcha, L50|100/100\n|move|p1a: Floette|Protect|p1a: Floette\n|-singleturn|p1a: Floette|Protect\n|move|p2b: Staraptor|Brave Bird|p1b: Sinistcha\n|-supereffective|p1b: Sinistcha|1\n|-damage|p1b: Sinistcha|44/100\n|-damage|p2b: Staraptor|82/100|[from] Recoil\n|\n|upkeep\n|turn|8\n|\n|t:|1788224678\n|move|p1b: Sinistcha|Rage Powder|p1b: Sinistcha\n|-singleturn|p1b: Sinistcha|move: Rage Powder\n|move|p2b: Staraptor|Brave Bird|p1b: Sinistcha\n|-supereffective|p1b: Sinistcha|1\n|-damage|p1b: Sinistcha|0 fnt\n|faint|p1b: Sinistcha\n|-damage|p2b: Staraptor|68/100|[from] Recoil\n|move|p1a: Floette|Moonblast|p2b: Staraptor\n|-supereffective|p2b: Staraptor|1\n|-damage|p2b: Staraptor|0 fnt\n|faint|p2b: Staraptor\n|\n|win|mls2395\n|l|☆BonAppleM\n|player|p2|\n||BonAppleM is ready for game 3.\n|inactive|mls2395 has 30 seconds to confirm battle start!\n","uploadtime":1788224690,"views":"2","formatid":"gen9championsvgc2026regmbbo3","rating":null,"private":0,"password":null}