{"id":"gen9championsvgc2026regmb-2674444128","format":"[Gen 9 Champions] VGC 2026 Reg M-B","players":["duzk0o","Buggy00k"],"log":"|j|☆duzk0o\n|j|☆Buggy00k\n|t:|1788360536\n|gametype|doubles\n|player|p1|duzk0o|harlequin|1151\n|player|p2|Buggy00k|101|1101\n|gen|9\n|tier|[Gen 9 Champions] VGC 2026 Reg M-B\n|rated|\n|rule|Species Clause: Limit one of each Pokémon\n|rule|Item Clause: Limit 1 of each item\n|clearpoke\n|poke|p1|Scovillain, L50, F, shiny|\n|poke|p1|Froslass, L50, F|\n|poke|p1|Kingambit, L50, F|\n|poke|p1|Lycanroc-Dusk, L50, F, shiny|\n|poke|p1|Sneasler, L50, F|\n|poke|p1|Basculegion, L50, M|\n|poke|p2|Froslass, L50, F|\n|poke|p2|Blaziken, L50, M, shiny|\n|poke|p2|Kingambit, L50, F, shiny|\n|poke|p2|Primarina, L50, M, shiny|\n|poke|p2|Dragonite, L50, F, shiny|\n|poke|p2|Farigiraf, L50, M, shiny|\n|teampreview|4\n|c|☆Buggy00k|glhf\n|\n|t:|1788360605\n|teamsize|p1|4\n|teamsize|p2|4\n|start\n|switch|p1a: Scovillain|Scovillain, L50, F, shiny|100/100\n|switch|p1b: Kingambit|Kingambit, L50, F|100/100\n|switch|p2a: Primarina|Primarina, L50, M, shiny|100/100\n|switch|p2b: Farigiraf|Farigiraf, L50, M, shiny|100/100\n|turn|1\n|\n|t:|1788360642\n|switch|p2a: Blaziken|Blaziken, L50, M, shiny|100/100\n|detailschange|p1a: Scovillain|Scovillain-Mega, L50, F, shiny\n|-mega|p1a: Scovillain|Scovillain|Scovillainite\n|move|p1a: Scovillain|Giga Drain|p2a: Blaziken\n|-resisted|p2a: Blaziken|1\n|-damage|p2a: Blaziken|75/100\n|move|p2b: Farigiraf|Nasty Plot|p2b: Farigiraf\n|-boost|p2b: Farigiraf|spa|2\n|move|p1b: Kingambit|Swords Dance|p1b: Kingambit\n|-boost|p1b: Kingambit|atk|2\n|\n|upkeep\n|turn|2\n|\n|t:|1788360676\n|switch|p1b: Basculegion|Basculegion, L50, M|100/100\n|detailschange|p2a: Blaziken|Blaziken-Mega, L50, M, shiny\n|-mega|p2a: Blaziken|Blaziken|Blazikenite\n|move|p2a: Blaziken|Rock Slide|p1a: Scovillain|[spread] p1a,p1b\n|-supereffective|p1a: Scovillain|1\n|-damage|p1a: Scovillain|50/100y\n|-damage|p1b: Basculegion|73/100\n|move|p1a: Scovillain|Giga Drain|p2b: Farigiraf\n|-damage|p2b: Farigiraf|65/100\n|-heal|p1a: Scovillain|71/100|[from] drain|[of] p2b: Farigiraf\n|move|p2b: Farigiraf|Psychic|p1a: Scovillain\n|-damage|p1a: Scovillain|2/100\n|-status|p2b: Farigiraf|brn|[from] ability: Spicy Spray|[of] p1a: Scovillain\n|\n|-damage|p2b: Farigiraf|58/100 brn|[from] brn\n|-ability|p2a: Blaziken|Speed Boost|boost\n|-boost|p2a: Blaziken|spe|1\n|upkeep\n|turn|3\n|\n|t:|1788360708\n|move|p2a: Blaziken|Detect|p2a: Blaziken\n|-singleturn|p2a: Blaziken|Protect\n|move|p1b: Basculegion|Protect|p1b: Basculegion\n|-singleturn|p1b: Basculegion|Protect\n|move|p1a: Scovillain|Protect|p1a: Scovillain\n|-singleturn|p1a: Scovillain|Protect\n|move|p2b: Farigiraf|Thunderbolt|p1b: Basculegion\n|-activate|p1b: Basculegion|move: Protect\n|\n|-damage|p2b: Farigiraf|52/100 brn|[from] brn\n|-ability|p2a: Blaziken|Speed Boost|boost\n|-boost|p2a: Blaziken|spe|1\n|upkeep\n|turn|4\n|\n|t:|1788360744\n|switch|p2a: Primarina|Primarina, L50, M, shiny|100/100\n|switch|p1a: Sneasler|Sneasler, L50, F|100/100\n|move|p1b: Basculegion|Wave Crash|p2a: Primarina\n|-resisted|p2a: Primarina|1\n|-damage|p2a: Primarina|60/100\n|-damage|p1b: Basculegion|62/100|[from] Recoil\n|-damage|p1b: Basculegion|52/100|[from] item: Life Orb\n|move|p2b: Farigiraf|Thunderbolt|p1b: Basculegion\n|-supereffective|p1b: Basculegion|1\n|-damage|p1b: Basculegion|0 fnt\n|faint|p1b: Basculegion\n|\n|-heal|p2a: Primarina|66/100|[from] item: Leftovers\n|-damage|p2b: Farigiraf|46/100 brn|[from] brn\n|upkeep\n|-enditem|p2b: Farigiraf|Sitrus Berry|[eat]\n|-heal|p2b: Farigiraf|71/100 brn|[from] item: Sitrus Berry\n|\n|t:|1788360762\n|switch|p1b: Kingambit|Kingambit, L50, F|100/100\n|turn|5\n|\n|t:|1788360785\n|switch|p2a: Kingambit|Kingambit, L50, F, shiny|100/100\n|move|p1b: Kingambit|Sucker Punch||[still]\n|cant|p2b: Farigiraf|ability: Armor Tail|Sucker Punch|[of] p1b: Kingambit\n|move|p1a: Sneasler|Dire Claw|p2a: Kingambit\n|-immune|p2a: Kingambit\n|move|p2b: Farigiraf|Psychic|p1a: Sneasler\n|-supereffective|p1a: Sneasler|2\n|-damage|p1a: Sneasler|0 fnt\n|faint|p1a: Sneasler\n|\n|-damage|p2b: Farigiraf|65/100 brn|[from] brn\n|upkeep\n|-message|duzk0o forfeited.\n|\n|win|Buggy00k\n|raw|duzk0o's rating: 1151 &rarr; <strong>1122</strong><br />(-29 for losing)\n|raw|Buggy00k's rating: 1101 &rarr; <strong>1130</strong><br />(+29 for winning)\n|l|☆duzk0o\n|player|p1|\n|c|☆Buggy00k|gg\n","uploadtime":1788360819,"views":"5","formatid":"gen9championsvgc2026regmb","rating":1122,"private":0,"password":null}