{"id":"gen9championsvgc2026regmb-2674692612","format":"[Gen 9 Champions] VGC 2026 Reg M-B","players":["rnpoopin","wearifulpoet"],"log":"|j|☆rnpoopin\n|j|☆wearifulpoet\n|t:|1788391414\n|gametype|doubles\n|player|p1|rnpoopin|102|1404\n|player|p2|wearifulpoet|266|1337\n|gen|9\n|tier|[Gen 9 Champions] VGC 2026 Reg M-B\n|rated|\n|rule|Species Clause: Limit one of each Pokémon\n|rule|Item Clause: Limit 1 of each item\n|clearpoke\n|poke|p1|Dragonite, L50, F|\n|poke|p1|Sneasler, L50, F|\n|poke|p1|Garchomp, L50, M|\n|poke|p1|Floette-Eternal, L50, F|\n|poke|p1|Basculegion, L50, M|\n|poke|p1|Kingambit, L50, F|\n|poke|p2|Charizard, L50, F|\n|poke|p2|Whimsicott, L50, M|\n|poke|p2|Garchomp, L50, F|\n|poke|p2|Floette-Eternal, L50, F|\n|poke|p2|Basculegion, L50, M|\n|poke|p2|Kingambit, L50, F|\n|teampreview|4\nwearifulpoet has agreed to open team sheets.\n|inactive|Battle timer is ON: inactive players will automatically lose when time's up. (requested by wearifulpoet)\n|\n|t:|1788391451\n|teamsize|p1|4\n|teamsize|p2|4\n|start\n|switch|p1a: Dragonite|Dragonite, L50, F|100/100\n|switch|p1b: Sneasler|Sneasler, L50, F|100/100\n|switch|p2a: Whimsicott|Whimsicott, L50, M|100/100\n|switch|p2b: Charizard|Charizard, L50, F|100/100\n|turn|1\n|\n|t:|1788391470\n|detailschange|p2b: Charizard|Charizard-Mega-Y, L50, F\n|-mega|p2b: Charizard|Charizard|Charizardite Y\n|-weather|SunnyDay|[from] ability: Drought|[of] p2b: Charizard\n|detailschange|p1a: Dragonite|Dragonite-Mega, L50, F\n|-mega|p1a: Dragonite|Dragonite|Dragoninite\n|move|p1b: Sneasler|Fake Out|p2a: Whimsicott\n|-crit|p2a: Whimsicott\n|-damage|p2a: Whimsicott|66/100\n|cant|p2a: Whimsicott|flinch\n|move|p2b: Charizard|Heat Wave|p1a: Dragonite|[spread] p1b\n|-miss|p2b: Charizard|p1a: Dragonite\n|-damage|p1b: Sneasler|14/100\n|move|p1a: Dragonite|Heat Wave|p2b: Charizard|[spread] p2a,p2b\n|-supereffective|p2a: Whimsicott|1\n|-resisted|p2b: Charizard|1\n|-damage|p2a: Whimsicott|0 fnt\n|-damage|p2b: Charizard|78/100\n|faint|p2a: Whimsicott\n|\n|-weather|SunnyDay|[upkeep]\n|upkeep\n|\n|t:|1788391484\n|switch|p2a: Garchomp|Garchomp, L50, F|100/100\n|turn|2\n|inactive|rnpoopin has 30 seconds left.\n|\n|t:|1788391514\n|move|p1b: Sneasler|Dire Claw|p2b: Charizard\n|-damage|p2b: Charizard|26/100\n|-status|p2b: Charizard|psn\n|move|p2a: Garchomp|Rock Slide|p1b: Sneasler|[spread] p1a,p1b\n|-supereffective|p1a: Dragonite|1\n|-resisted|p1b: Sneasler|1\n|-damage|p1a: Dragonite|82/100\n|-damage|p1b: Sneasler|1/100\n|move|p2b: Charizard|Ancient Power|p1a: Dragonite\n|-supereffective|p1a: Dragonite|1\n|-damage|p1a: Dragonite|39/100\n|cant|p1a: Dragonite|flinch\n|\n|-weather|SunnyDay|[upkeep]\n|-damage|p2b: Charizard|13/100 psn|[from] psn\n|upkeep\n|turn|3\n|\n|t:|1788391533\n|switch|p2b: Basculegion|Basculegion, L50, M|100/100\n|move|p1a: Dragonite|Extreme Speed|p2b: Basculegion\n|-immune|p2b: Basculegion\n|move|p1b: Sneasler|Close Combat|p2a: Garchomp\n|-damage|p2a: Garchomp|50/100y\n|-unboost|p1b: Sneasler|def|1\n|-unboost|p1b: Sneasler|spd|1\n|-damage|p1b: Sneasler|0 fnt|[from] ability: Rough Skin|[of] p2a: Garchomp\n|-enditem|p2a: Garchomp|Sitrus Berry|[eat]\n|-heal|p2a: Garchomp|75/100|[from] item: Sitrus Berry\n|faint|p1b: Sneasler\n|move|p2a: Garchomp|Rock Slide|p1a: Dragonite\n|-supereffective|p1a: Dragonite|1\n|-damage|p1a: Dragonite|0 fnt\n|faint|p1a: Dragonite\n|\n|-weather|SunnyDay|[upkeep]\n|upkeep\n|\n|t:|1788391538\n|switch|p1b: Kingambit|Kingambit, L50, F|100/100\n|switch|p1a: Basculegion|Basculegion, L50, M|100/100\n|turn|4\n|inactive|wearifulpoet has 30 seconds left.\n|\n|t:|1788391564\n|move|p2b: Basculegion|Protect|p2b: Basculegion\n|-singleturn|p2b: Basculegion|Protect\n|move|p1b: Kingambit|Sucker Punch||[still]\n|-fail|p1b: Kingambit\n|move|p2a: Garchomp|Earthquake|p1b: Kingambit|[spread] p1a,p1b\n|-activate|p2b: Basculegion|move: Protect\n|-supereffective|p1b: Kingambit|1\n|-damage|p1a: Basculegion|62/100\n|-damage|p1b: Kingambit|44/100\n|move|p1a: Basculegion|Last Respects|p2a: Garchomp\n|-damage|p2a: Garchomp|0 fnt\n|faint|p2a: Garchomp\n|-damage|p1a: Basculegion|52/100|[from] item: Life Orb\n|\n|-weather|SunnyDay|[upkeep]\n|upkeep\n|\n|t:|1788391575\n|switch|p2a: Charizard|Charizard-Mega-Y, L50, F|13/100 psn\n|turn|5\n|\n|t:|1788391592\n|move|p1a: Basculegion|Protect|p1a: Basculegion\n|-singleturn|p1a: Basculegion|Protect\n|move|p2b: Basculegion|Aqua Jet|p1a: Basculegion\n|-activate|p1a: Basculegion|move: Protect\n|move|p1b: Kingambit|Sucker Punch||[still]\n|-fail|p1b: Kingambit\n|move|p2a: Charizard|Ancient Power|p1a: Basculegion\n|-activate|p1a: Basculegion|move: Protect\n|\n|-weather|none\n|-damage|p2a: Charizard|1/100 psn|[from] psn\n|upkeep\n|turn|6\n|\n|t:|1788391610\n|move|p2b: Basculegion|Protect|p2b: Basculegion\n|-singleturn|p2b: Basculegion|Protect\n|move|p1b: Kingambit|Sucker Punch|p2a: Charizard\n|-damage|p2a: Charizard|0 fnt\n|faint|p2a: Charizard\n|move|p1a: Basculegion|Last Respects|p2b: Basculegion\n|-activate|p2b: Basculegion|move: Protect\n|\n|upkeep\n|turn|7\n|\n|t:|1788391623\n|move|p2b: Basculegion|Aqua Jet|p1b: Kingambit\n|-damage|p1b: Kingambit|19/100\n|-damage|p2b: Basculegion|90/100|[from] item: Life Orb\n|move|p1b: Kingambit|Sucker Punch||[still]\n|-fail|p1b: Kingambit\n|move|p1a: Basculegion|Last Respects|p2b: Basculegion\n|-supereffective|p2b: Basculegion|1\n|-damage|p2b: Basculegion|0 fnt\n|faint|p2b: Basculegion\n|-damage|p1a: Basculegion|43/100|[from] item: Life Orb\n|\n|win|rnpoopin\n|raw|rnpoopin's rating: 1404 &rarr; <strong>1420</strong><br />(+16 for winning)\n|raw|wearifulpoet's rating: 1337 &rarr; <strong>1321</strong><br />(-16 for losing)\n|l|☆rnpoopin\n|player|p1|\n","uploadtime":1788391628,"views":"1","formatid":"gen9championsvgc2026regmb","rating":1321,"private":0,"password":null}