{"id":"gen9championsvgc2026regmbbo3-2674491980","format":"[Gen 9 Champions] VGC 2026 Reg M-B (Bo3)","players":["Nonehereonlyme","AustiBear"],"log":"|j|☆Nonehereonlyme\n|j|☆AustiBear\n|html|<table width=\"100%\"><tr><td align=\"left\">Nonehereonlyme</td><td align=\"right\">AustiBear</tr><tr><td align=\"left\"><i class=\"fa fa-circle\"></i> <i class=\"fa fa-circle-o\"></i> </td><td align=\"right\"><i class=\"fa fa-circle-o\"></i> <i class=\"fa fa-circle-o\"></i> </tr></table>\n|uhtml|bestof|<h2><strong>Game 2</strong> of <a href=\"/game-bestof3-gen9championsvgc2026regmbbo3-2674490568\">a best-of-3</a></h2>\n|t:|1788366145\n|gametype|doubles\n|player|p1|Nonehereonlyme|hiker-gen4|1123\n|player|p2|AustiBear|1|1073\n|gen|9\n|tier|[Gen 9 Champions] VGC 2026 Reg M-B (Bo3)\n|rated|\n|rule|Species Clause: Limit one of each Pokémon\n|rule|Item Clause: Limit 1 of each item\n|clearpoke\n|poke|p1|Dragonite, L50, M, shiny|\n|poke|p1|Whimsicott, L50, F, shiny|\n|poke|p1|Sinistcha, L50|\n|poke|p1|Pelipper, L50, F|\n|poke|p1|Basculegion, L50, M|\n|poke|p1|Swampert, L50, M|\n|poke|p2|Gengar, L50, F|\n|poke|p2|Feraligatr, L50, F|\n|poke|p2|Whimsicott, L50, F|\n|poke|p2|Sinistcha-Masterpiece, L50|\n|poke|p2|Incineroar, L50, F|\n|poke|p2|Kommo-o, L50, M|\n|teampreview|4\n|showteam|p1|Dragonite||Dragoninite|Multiscale|Thunder,Hurricane,DracoMeteor,Protect|Modest||M|||50|]Whimsicott||FocusSash|Prankster|Moonblast,Encore,Tailwind,Tickle|Timid||F|||50|]Sinistcha||SitrusBerry|Hospitality|MatchaGotcha,Hex,TrickRoom,RagePowder|Calm|||||50|]Pelipper||Leftovers|Drizzle|Hurricane,MuddyWater,IcyWind,Protect|Bold||F|||50|]Basculegion||ChoiceScarf|Adaptability|WaveCrash,FlipTurn,AquaJet,LastRespects|Adamant||M|||50|]Swampert||Swampertite|Torrent|WaveCrash,Earthquake,IcePunch,Protect|Adamant||M|||50|\n|showteam|p2|Gengar||Gengarite|CursedBody|Thunderbolt,ShadowBall,PerishSong,Protect|Timid||F|||50|]Feraligatr||LifeOrb|SheerForce|Earthquake,Liquidation,Protect,DragonDance|Adamant||F|||50|]Whimsicott||FocusSash|Prankster|Moonblast,Encore,Tailwind,Protect|Calm||F|||50|]Sinistcha-Masterpiece||MiracleSeed|Hospitality|MatchaGotcha,LifeDew,RagePowder,Protect|Serious|||||50|]Incineroar||SitrusBerry|Intimidate|FlareBlitz,FakeOut,DarkestLariat,PartingShot|Careful||F|||50|]Kommo-o||Leftovers|Soundproof|Boomburst,AuraSphere,ClangorousSoul,Protect|Timid||M|||50|\n|inactive|Battle timer is ON: inactive players will automatically lose when time's up. (requested by Nonehereonlyme)\n|\n|t:|1788366159\n|teamsize|p1|4\n|teamsize|p2|4\n|start\n|switch|p1a: LittleLaw|Whimsicott, L50, F, shiny|100/100\n|switch|p1b: Pelipper|Pelipper, L50, F|100/100\n|switch|p2a: Whimsicott|Whimsicott, L50, F|100/100\n|switch|p2b: Incineroar|Incineroar, L50, F|100/100\n|-weather|RainDance|[from] ability: Drizzle|[of] p1b: Pelipper\n|-ability|p2b: Incineroar|Intimidate|boost\n|-unboost|p1a: LittleLaw|atk|1\n|-unboost|p1b: Pelipper|atk|1\n|turn|1\n|inactive|Nonehereonlyme has 30 seconds left.\n|inactive|Nonehereonlyme has 20 seconds left.\n|inactive|Nonehereonlyme has 15 seconds left.\n|\n|t:|1788366203\n|move|p2b: Incineroar|Fake Out|p1a: LittleLaw\n|-damage|p1a: LittleLaw|83/100\n|cant|p1a: LittleLaw|flinch\n|move|p2a: Whimsicott|Tailwind|p2a: Whimsicott\n|-sidestart|p2: AustiBear|move: Tailwind\n|move|p1b: Pelipper|Muddy Water|p2a: Whimsicott|[spread] p2a,p2b\n|-resisted|p2a: Whimsicott|1\n|-supereffective|p2b: Incineroar|1\n|-damage|p2a: Whimsicott|85/100\n|-damage|p2b: Incineroar|52/100\n|\n|-weather|RainDance|[upkeep]\n|upkeep\n|turn|2\n|\n|t:|1788366221\n|move|p1a: LittleLaw|Encore|p2a: Whimsicott\n|-start|p2a: Whimsicott|Encore\n|move|p2a: Whimsicott|Tailwind||[still]\n|-fail|p2a: Whimsicott\n|move|p2b: Incineroar|Flare Blitz|p1a: LittleLaw\n|-supereffective|p1a: LittleLaw|1\n|-damage|p1a: LittleLaw|17/100\n|-damage|p2b: Incineroar|37/100|[from] Recoil\n|-enditem|p2b: Incineroar|Sitrus Berry|[eat]\n|-heal|p2b: Incineroar|62/100|[from] item: Sitrus Berry\n|move|p1b: Pelipper|Muddy Water|p2a: Whimsicott|[spread] p2a,p2b\n|-resisted|p2a: Whimsicott|1\n|-supereffective|p2b: Incineroar|1\n|-damage|p2a: Whimsicott|70/100\n|-damage|p2b: Incineroar|13/100\n|\n|-weather|RainDance|[upkeep]\n|upkeep\n|turn|3\n|\n|t:|1788366242\n|switch|p2a: Sinistcha|Sinistcha-Masterpiece, L50|100/100\n|-heal|p2b: Incineroar|38/100|[from] ability: Hospitality|[of] p2a: Sinistcha\n|move|p1a: LittleLaw|Tailwind|p1a: LittleLaw\n|-sidestart|p1: Nonehereonlyme|move: Tailwind\n|move|p1b: Pelipper|Muddy Water|p2a: Sinistcha|[spread] \n|-miss|p1b: Pelipper|p2a: Sinistcha\n|-miss|p1b: Pelipper|p2b: Incineroar\n|move|p2b: Incineroar|Flare Blitz|p1a: LittleLaw\n|-supereffective|p1a: LittleLaw|1\n|-damage|p1a: LittleLaw|0 fnt\n|faint|p1a: LittleLaw\n|-damage|p2b: Incineroar|34/100|[from] Recoil\n|\n|-weather|RainDance|[upkeep]\n|upkeep\n|\n|t:|1788366259\n|switch|p1a: Texk|Dragonite, L50, M, shiny|100/100\n|turn|4\n|\n|t:|1788366271\n|detailschange|p1a: Texk|Dragonite-Mega, L50, M, shiny\n|-mega|p1a: Texk|Dragonite|Dragoninite\n|move|p1a: Texk|Hurricane|p2a: Sinistcha\n|-supereffective|p2a: Sinistcha|1\n|-damage|p2a: Sinistcha|0 fnt\n|faint|p2a: Sinistcha\n|move|p1b: Pelipper|Muddy Water|p2b: Incineroar\n|-supereffective|p2b: Incineroar|1\n|-damage|p2b: Incineroar|0 fnt\n|faint|p2b: Incineroar\n|\n|-weather|RainDance|[upkeep]\n|-sideend|p2: AustiBear|move: Tailwind\n|upkeep\n|\n|t:|1788366279\n|switch|p2a: Gengar|Gengar, L50, F|100/100\n|switch|p2b: Whimsicott|Whimsicott, L50, F|70/100\n|turn|5\n|\n|t:|1788366292\n|detailschange|p2a: Gengar|Gengar-Mega, L50, F\n|-mega|p2a: Gengar|Gengar|Gengarite\n|move|p1a: Texk|Protect|p1a: Texk\n|-singleturn|p1a: Texk|Protect\n|move|p2b: Whimsicott|Tailwind|p2b: Whimsicott\n|-sidestart|p2: AustiBear|move: Tailwind\n|move|p2a: Gengar|Thunderbolt|p1b: Pelipper\n|-supereffective|p1b: Pelipper|2\n|-damage|p1b: Pelipper|0 fnt\n|faint|p1b: Pelipper\n|\n|-weather|none\n|upkeep\n|\n|t:|1788366300\n|switch|p1b: Basculegion|Basculegion, L50, M|100/100\n|turn|6\n|\n|t:|1788366308\n|move|p2b: Whimsicott|Encore|p1a: Texk\n|-start|p1a: Texk|Encore\n|move|p1a: Texk|Protect|p1a: Texk\n|-singleturn|p1a: Texk|Protect\n|move|p2a: Gengar|Shadow Ball|p1b: Basculegion\n|-supereffective|p1b: Basculegion|1\n|-damage|p1b: Basculegion|0 fnt\n|faint|p1b: Basculegion\n|\n|-sideend|p1: Nonehereonlyme|move: Tailwind\n|upkeep\n|turn|7\n|\n|t:|1788366321\n|move|p1a: Texk|Protect||[still]\n|-fail|p1a: Texk\n|move|p2a: Gengar|Shadow Ball|p1a: Texk\n|-damage|p1a: Texk|80/100\n|move|p2b: Whimsicott|Moonblast|p1a: Texk\n|-supereffective|p1a: Texk|1\n|-damage|p1a: Texk|40/100\n|\n|upkeep\n|turn|8\n|-message|Nonehereonlyme forfeited.\n|\n|win|AustiBear\n|l|☆Nonehereonlyme\n|player|p1|\n||AustiBear is ready for game 3.\n||Nonehereonlyme is ready for game 3.\n|uhtml|next|Next: <a href=\"/battle-gen9championsvgc2026regmbbo3-2674493590\"><strong>Game 3 of 3</strong></a>\n|l|☆AustiBear\n|player|p2|\n|j|☆Nonehereonlyme\n|player|p1|Nonehereonlyme|hiker-gen4|\n","uploadtime":1788366340,"views":"0","formatid":"gen9championsvgc2026regmbbo3","rating":null,"private":0,"password":null}