{"id":"gen9championsvgc2026regmb-2674273455","format":"[Gen 9 Champions] VGC 2026 Reg M-B","players":["VictoriousDancing","Mentalsyndrome"],"log":"|j|☆VictoriousDancing\n|j|☆Mentalsyndrome\n|t:|1788328754\n|gametype|doubles\n|player|p1|VictoriousDancing|cynthia|1248\n|player|p2|Mentalsyndrome|101|1296\n|gen|9\n|tier|[Gen 9 Champions] VGC 2026 Reg M-B\n|rated|\n|rule|Species Clause: Limit one of each Pokémon\n|rule|Item Clause: Limit 1 of each item\n|clearpoke\n|poke|p1|Charizard, L50, M, shiny|\n|poke|p1|Basculegion, L50, M, shiny|\n|poke|p1|Whimsicott, L50, F, shiny|\n|poke|p1|Garchomp, L50, M, shiny|\n|poke|p1|Kingambit, L50, F, shiny|\n|poke|p1|Incineroar, L50, M, shiny|\n|poke|p2|Qwilfish, L50, F|\n|poke|p2|Sinistcha, L50|\n|poke|p2|Blaziken, L50, F|\n|poke|p2|Corviknight, L50, F|\n|poke|p2|Ninetales-Alola, L50, M|\n|poke|p2|Dragonite, L50, M|\n|teampreview|4\n|inactive|Battle timer is ON: inactive players will automatically lose when time's up. (requested by Mentalsyndrome)\nVictoriousDancing rejected open team sheets.\n|\n|t:|1788328769\n|teamsize|p1|4\n|teamsize|p2|4\n|start\n|switch|p1a: Whimsicott|Whimsicott, L50, F, shiny|100/100\n|switch|p1b: Incineroar|Incineroar, L50, M, shiny|100/100\n|switch|p2a: Blaziken|Blaziken, L50, F|100/100\n|switch|p2b: Dragonite|Dragonite, L50, M|100/100\n|-ability|p1b: Incineroar|Intimidate|boost\n|-unboost|p2a: Blaziken|atk|1\n|-fail|p2b: Dragonite|unboost|atk|[from] ability: Inner Focus|[of] p2b: Dragonite\n|turn|1\n|\n|t:|1788328779\n|switch|p2a: Fih|Qwilfish, L50, F|100/100\n|-ability|p2a: Fih|Intimidate|boost\n|-unboost|p1a: Whimsicott|atk|1\n|-unboost|p1b: Incineroar|atk|1\n|move|p1b: Incineroar|Fake Out|p2b: Dragonite\n|-damage|p2b: Dragonite|92/100\n|move|p1a: Whimsicott|Tailwind|p1a: Whimsicott\n|-sidestart|p1: VictoriousDancing|move: Tailwind\n|move|p2b: Dragonite|Superpower|p1b: Incineroar\n|-supereffective|p1b: Incineroar|1\n|-damage|p1b: Incineroar|5/100\n|-unboost|p2b: Dragonite|atk|1\n|-unboost|p2b: Dragonite|def|1\n|-enditem|p1b: Incineroar|Sitrus Berry|[eat]\n|-heal|p1b: Incineroar|30/100|[from] item: Sitrus Berry\n|-damage|p2b: Dragonite|82/100|[from] item: Life Orb\n|\n|upkeep\n|turn|2\n|\n|t:|1788328790\n|move|p2b: Dragonite|Protect|p2b: Dragonite\n|-singleturn|p2b: Dragonite|Protect\n|move|p1a: Whimsicott|Moonblast|p2b: Dragonite\n|-activate|p2b: Dragonite|move: Protect\n|move|p1b: Incineroar|Parting Shot|p2a: Fih\n|-unboost|p2a: Fih|atk|1\n|-unboost|p2a: Fih|spa|1\n|\n|t:|1788328790\n|switch|p1b: Charizard|Charizard, L50, M, shiny|100/100|[from] Parting Shot\n|move|p2a: Fih|Toxic Spikes|p1b: Charizard\n|-sidestart|p1: VictoriousDancing|move: Toxic Spikes\n|\n|upkeep\n|turn|3\n|\n|t:|1788328796\n|switch|p2b: Blaziken|Blaziken, L50, F|100/100\n|detailschange|p1b: Charizard|Charizard-Mega-Y, L50, M, shiny\n|-mega|p1b: Charizard|Charizard|Charizardite Y\n|-weather|SunnyDay|[from] ability: Drought|[of] p1b: Charizard\n|move|p1a: Whimsicott|Moonblast|p2b: Blaziken\n|-damage|p2b: Blaziken|49/100\n|move|p1b: Charizard|Weather Ball|p2a: Fih\n|-resisted|p2a: Fih|1\n|-damage|p2a: Fih|25/100\n|move|p2a: Fih|Thunder Wave|p1b: Charizard\n|-status|p1b: Charizard|par\n|\n|-weather|SunnyDay|[upkeep]\n|upkeep\n|turn|4\n|\n|t:|1788328806\n|detailschange|p2b: Blaziken|Blaziken-Mega, L50, F\n|-mega|p2b: Blaziken|Blaziken|Blazikenite\n|move|p1a: Whimsicott|Encore|p2a: Fih\n|-start|p2a: Fih|Encore\n|move|p2a: Fih|Thunder Wave|p1b: Charizard\n|-fail|p1b: Charizard|par\n|move|p2b: Blaziken|Rock Slide|p1a: Whimsicott|[spread] p1a,p1b\n|-supereffective|p1b: Charizard|2\n|-damage|p1a: Whimsicott|62/100\n|-damage|p1b: Charizard|1/100 par\n|move|p1b: Charizard|Heat Wave|p2b: Blaziken|[spread] p2a,p2b\n|-resisted|p2a: Fih|1\n|-resisted|p2b: Blaziken|1\n|-damage|p2a: Fih|0 fnt\n|-damage|p2b: Blaziken|6/100\n|faint|p2a: Fih\n|\n|-weather|SunnyDay|[upkeep]\n|-sideend|p1: VictoriousDancing|move: Tailwind\n|-ability|p2b: Blaziken|Speed Boost|boost\n|-boost|p2b: Blaziken|spe|1\n|upkeep\n|\n|t:|1788328810\n|switch|p2a: Ninetales|Ninetales-Alola, L50, M|100/100\n|-weather|Snowscape|[from] ability: Snow Warning|[of] p2a: Ninetales\n|turn|5\n|\n|t:|1788328812\n|move|p1a: Whimsicott|Tailwind|p1a: Whimsicott\n|-sidestart|p1: VictoriousDancing|move: Tailwind\n|move|p2a: Ninetales|Blizzard|p1b: Charizard|[spread] p1a,p1b\n|-supereffective|p1a: Whimsicott|1\n|-damage|p1a: Whimsicott|0 fnt\n|-damage|p1b: Charizard|0 fnt\n|faint|p1a: Whimsicott\n|faint|p1b: Charizard\n|move|p2b: Blaziken|Rock Slide|p1: Whimsicott|[notarget]\n|-fail|p2b: Blaziken\n|\n|-weather|Snowscape|[upkeep]\n|-ability|p2b: Blaziken|Speed Boost|boost\n|-boost|p2b: Blaziken|spe|1\n|upkeep\n|\n|t:|1788328812\n|switch|p1a: Basculegion|Basculegion, L50, M, shiny|100/100\n|switch|p1b: Incineroar|Incineroar, L50, M, shiny|30/100\n|-status|p1a: Basculegion|psn\n|-status|p1b: Incineroar|psn\n|-ability|p1b: Incineroar|Intimidate|boost\n|-unboost|p2a: Ninetales|atk|1\n|-unboost|p2b: Blaziken|atk|1\n|turn|6\n|\n|t:|1788328819\n|move|p2b: Blaziken|Detect|p2b: Blaziken\n|-singleturn|p2b: Blaziken|Protect\n|move|p1a: Basculegion|Wave Crash|p2a: Ninetales\n|-damage|p2a: Ninetales|14/100\n|-damage|p1a: Basculegion|78/100 psn|[from] Recoil\n|move|p2a: Ninetales|Blizzard|p1b: Incineroar|[spread] p1a,p1b\n|-resisted|p1a: Basculegion|1\n|-resisted|p1b: Incineroar|1\n|-damage|p1a: Basculegion|57/100 psn\n|-damage|p1b: Incineroar|15/100 psn\n|move|p1b: Incineroar|Flare Blitz|p2a: Ninetales\n|-supereffective|p2a: Ninetales|1\n|-damage|p2a: Ninetales|0 fnt\n|faint|p2a: Ninetales\n|-damage|p1b: Incineroar|12/100 psn|[from] Recoil\n|\n|-weather|Snowscape|[upkeep]\n|-damage|p1a: Basculegion|45/100 psn|[from] psn\n|-damage|p1b: Incineroar|0 fnt|[from] psn\n|faint|p1b: Incineroar\n|-ability|p2b: Blaziken|Speed Boost|boost\n|-boost|p2b: Blaziken|spe|1\n|upkeep\n|\n|t:|1788328822\n|switch|p2a: Dragonite|Dragonite, L50, M|82/100\n|turn|7\n|\n|t:|1788328827\n|move|p1a: Basculegion|Wave Crash|p2b: Blaziken\n|-supereffective|p2b: Blaziken|1\n|-damage|p2b: Blaziken|0 fnt\n|faint|p2b: Blaziken\n|-damage|p1a: Basculegion|43/100 psn|[from] Recoil\n|move|p2a: Dragonite|Dragon Claw|p1a: Basculegion\n|-damage|p1a: Basculegion|0 fnt\n|faint|p1a: Basculegion\n|-damage|p2a: Dragonite|72/100|[from] item: Life Orb\n|\n|win|Mentalsyndrome\n|raw|VictoriousDancing's rating: 1248 &rarr; <strong>1226</strong><br />(-22 for losing)\n|raw|Mentalsyndrome's rating: 1296 &rarr; <strong>1318</strong><br />(+22 for winning)\n|l|☆VictoriousDancing\n|player|p1|\n","uploadtime":1788328836,"views":"0","formatid":"gen9championsvgc2026regmb","rating":1226,"private":0,"password":null}