{"id":"gen9championsvgc2026regmbbo3-2673330527","format":"[Gen 9 Champions] VGC 2026 Reg M-B (Bo3)","players":["Tomct","jeanryupr"],"log":"|j|☆Tomct\n|j|☆jeanryupr\n|html|<table width=\"100%\"><tr><td align=\"left\">Tomct</td><td align=\"right\">jeanryupr</tr><tr><td align=\"left\"><i class=\"fa fa-circle\"></i> <i class=\"fa fa-circle-o\"></i> </td><td align=\"right\"><i class=\"fa fa-circle-o\"></i> <i class=\"fa fa-circle-o\"></i> </tr></table>\n|uhtml|bestof|<h2><strong>Game 2</strong> of <a href=\"/game-bestof3-gen9championsvgc2026regmbbo3-2673328793\">a best-of-3</a></h2>\n|t:|1788184309\n|gametype|doubles\n|player|p1|Tomct|266|1209\n|player|p2|jeanryupr|265|1309\n|gen|9\n|tier|[Gen 9 Champions] VGC 2026 Reg M-B (Bo3)\n|rated|\n|rule|Species Clause: Limit one of each Pokémon\n|rule|Item Clause: Limit 1 of each item\n|clearpoke\n|poke|p1|Charizard, L50, F|\n|poke|p1|Toxapex, L50, M|\n|poke|p1|Incineroar, L50, F|\n|poke|p1|Venusaur, L50, M|\n|poke|p1|Sylveon, L50, F|\n|poke|p1|Garchomp, L50, F|\n|poke|p2|Sinistcha, L50|\n|poke|p2|Delphox, L50, F|\n|poke|p2|Incineroar, L50, F|\n|poke|p2|Kingambit, L50, M, shiny|\n|poke|p2|Sneasler, L50, F|\n|poke|p2|Blastoise, L50, M|\n|teampreview|4\n|showteam|p1|Charizard||CharizarditeY|Blaze|HeatWave,WeatherBall,AncientPower,Protect|Modest||F|||50|]Toxapex||Leftovers|Regenerator|Toxic,BanefulBunker,WideGuard,Infestation|Bold||M|||50|]Incineroar||SitrusBerry|Intimidate|FlareBlitz,Protect,PartingShot,FakeOut|Careful||F|||50|]Venusaur||LifeOrb|Chlorophyll|LeafStorm,EarthPower,SludgeBomb,Protect|Modest||M|||50|]Sylveon||FairyFeather|Pixilate|HyperVoice,QuickAttack,Yawn,Detect|Modest||F|||50|]Garchomp||ChoiceScarf|RoughSkin|Earthquake,StompingTantrum,DragonClaw,RockSlide|Adamant||F|||50|\n|showteam|p2|Sinistcha||OccaBerry|Hospitality|TrickRoom,RagePowder,MatchaGotcha,Protect|Bold|||||50|]Delphox||Delphoxite|Blaze|HeatWave,Psychic,NastyPlot,Protect|Timid||F|||50|]Incineroar||SitrusBerry|Intimidate|FakeOut,FlareBlitz,ThroatChop,PartingShot|Careful||F|||50|]Kingambit||LifeOrb|Defiant|KowtowCleave,SuckerPunch,SwordsDance,Protect|Adamant||M|||50|]Sneasler||FocusSash|PoisonTouch|DireClaw,CloseCombat,FakeOut,QuickGuard|Jolly||F|||50|]Blastoise||Blastoisinite|Torrent|WaterSpout,DarkPulse,ShellSmash,Protect|Modest||M|||50|\n|inactive|Battle timer is ON: inactive players will automatically lose when time's up. (requested by Tomct)\n|\n|t:|1788184344\n|teamsize|p1|4\n|teamsize|p2|4\n|start\n|switch|p1a: Charizard|Charizard, L50, F|100/100\n|switch|p1b: Incineroar|Incineroar, L50, F|100/100\n|switch|p2a: Incineroar|Incineroar, L50, F|100/100\n|switch|p2b: Blastoise|Blastoise, L50, M|100/100\n|-ability|p2a: Incineroar|Intimidate|boost\n|-unboost|p1a: Charizard|atk|1\n|-unboost|p1b: Incineroar|atk|1\n|-ability|p1b: Incineroar|Intimidate|boost\n|-unboost|p2a: Incineroar|atk|1\n|-unboost|p2b: Blastoise|atk|1\n|turn|1\n|\n|t:|1788184368\n|detailschange|p2b: Blastoise|Blastoise-Mega, L50, M\n|-mega|p2b: Blastoise|Blastoise|Blastoisinite\n|detailschange|p1a: Charizard|Charizard-Mega-Y, L50, F\n|-mega|p1a: Charizard|Charizard|Charizardite Y\n|-weather|SunnyDay|[from] ability: Drought|[of] p1a: Charizard\n|move|p2a: Incineroar|Fake Out|p1a: Charizard\n|-damage|p1a: Charizard|91/100\n|move|p1b: Incineroar|Fake Out|p2b: Blastoise\n|-damage|p2b: Blastoise|92/100\n|cant|p2b: Blastoise|flinch\n|cant|p1a: Charizard|flinch\n|\n|-weather|SunnyDay|[upkeep]\n|upkeep\n|turn|2\n|\n|t:|1788184385\n|move|p2b: Blastoise|Protect|p2b: Blastoise\n|-singleturn|p2b: Blastoise|Protect\n|move|p1a: Charizard|Heat Wave|p2b: Blastoise|[spread] p2a\n|-activate|p2b: Blastoise|move: Protect\n|-resisted|p2a: Incineroar|1\n|-damage|p2a: Incineroar|69/100\n|move|p2a: Incineroar|Parting Shot|p1a: Charizard\n|-unboost|p1a: Charizard|atk|1\n|-unboost|p1a: Charizard|spa|1\n|\n|t:|1788184396\n|switch|p2a: Sinistcha|Sinistcha, L50|100/100|[from] Parting Shot\n|-heal|p2b: Blastoise|100/100|[from] ability: Hospitality|[of] p2a: Sinistcha\n|move|p1b: Incineroar|Parting Shot|p2b: Blastoise\n|-activate|p2b: Blastoise|move: Protect\n|\n|-weather|SunnyDay|[upkeep]\n|upkeep\n|turn|3\n|\n|t:|1788184411\n|move|p2a: Sinistcha|Rage Powder|p2a: Sinistcha\n|-singleturn|p2a: Sinistcha|move: Rage Powder\n|move|p2b: Blastoise|Shell Smash|p2b: Blastoise\n|-unboost|p2b: Blastoise|def|1\n|-unboost|p2b: Blastoise|spd|1\n|-boost|p2b: Blastoise|atk|2\n|-boost|p2b: Blastoise|spa|2\n|-boost|p2b: Blastoise|spe|2\n|move|p1a: Charizard|Heat Wave|p2b: Blastoise|[spread] p2a,p2b\n|-supereffective|p2a: Sinistcha|1\n|-enditem|p2a: Sinistcha|Occa Berry|[eat]\n|-enditem|p2a: Sinistcha|Occa Berry|[weaken]\n|-resisted|p2b: Blastoise|1\n|-damage|p2a: Sinistcha|54/100\n|-damage|p2b: Blastoise|65/100\n|move|p1b: Incineroar|Parting Shot|p2a: Sinistcha\n|-unboost|p2a: Sinistcha|atk|1\n|-unboost|p2a: Sinistcha|spa|1\n|\n|t:|1788184417\n|switch|p1b: Venusaur|Venusaur, L50, M|100/100|[from] Parting Shot\n|\n|-weather|SunnyDay|[upkeep]\n|upkeep\n|turn|4\n|\n|t:|1788184441\n|switch|p2a: Incineroar|Incineroar, L50, F|69/100\n|-ability|p2a: Incineroar|Intimidate|boost\n|-unboost|p1a: Charizard|atk|1\n|-unboost|p1b: Venusaur|atk|1\n|move|p2b: Blastoise|Protect|p2b: Blastoise\n|-singleturn|p2b: Blastoise|Protect\n|move|p1b: Venusaur|Leaf Storm|p2b: Blastoise\n|-activate|p2b: Blastoise|move: Protect\n|move|p1a: Charizard|Heat Wave|p2b: Blastoise|[spread] p2a\n|-activate|p2b: Blastoise|move: Protect\n|-resisted|p2a: Incineroar|1\n|-damage|p2a: Incineroar|49/100\n|-enditem|p2a: Incineroar|Sitrus Berry|[eat]\n|-heal|p2a: Incineroar|74/100|[from] item: Sitrus Berry\n|\n|-weather|SunnyDay|[upkeep]\n|upkeep\n|turn|5\n|\n|t:|1788184459\n|switch|p1a: Toxapex|Toxapex, L50, M|100/100\n|move|p1b: Venusaur|Protect|p1b: Venusaur\n|-singleturn|p1b: Venusaur|Protect\n|move|p2a: Incineroar|Fake Out|p1b: Venusaur\n|-activate|p1b: Venusaur|move: Protect\n|move|p2b: Blastoise|Water Spout|p1b: Venusaur|[spread] p1a\n|-activate|p1b: Venusaur|move: Protect\n|-resisted|p1a: Toxapex|1\n|-damage|p1a: Toxapex|84/100\n|\n|-weather|none\n|-heal|p1a: Toxapex|90/100|[from] item: Leftovers\n|upkeep\n|turn|6\n|\n|t:|1788184480\n|move|p2b: Blastoise|Protect|p2b: Blastoise\n|-singleturn|p2b: Blastoise|Protect\n|move|p1b: Venusaur|Earth Power|p2a: Incineroar\n|-supereffective|p2a: Incineroar|1\n|-damage|p2a: Incineroar|8/100\n|-damage|p1b: Venusaur|90/100|[from] item: Life Orb\n|move|p2a: Incineroar|Flare Blitz|p1b: Venusaur\n|-supereffective|p1b: Venusaur|1\n|-damage|p1b: Venusaur|0 fnt\n|faint|p1b: Venusaur\n|-damage|p2a: Incineroar|0 fnt|[from] Recoil\n|faint|p2a: Incineroar\n|move|p1a: Toxapex|Toxic|p2b: Blastoise\n|-activate|p2b: Blastoise|move: Protect\n|\n|-heal|p1a: Toxapex|96/100|[from] item: Leftovers\n|upkeep\n|\n|t:|1788184498\n|switch|p1b: Incineroar|Incineroar, L50, F|100/100\n|switch|p2a: Sinistcha|Sinistcha, L50|54/100\n|-ability|p1b: Incineroar|Intimidate|boost\n|-unboost|p2a: Sinistcha|atk|1\n|-unboost|p2b: Blastoise|atk|1\n|-heal|p2b: Blastoise|89/100|[from] ability: Hospitality|[of] p2a: Sinistcha\n|turn|7\n|\n|t:|1788184518\n|move|p1b: Incineroar|Fake Out|p2b: Blastoise\n|-damage|p2b: Blastoise|73/100\n|cant|p2b: Blastoise|flinch\n|move|p2a: Sinistcha|Matcha Gotcha|p1a: Toxapex|[spread] p1a,p1b\n|-resisted|p1b: Incineroar|1\n|-damage|p1a: Toxapex|78/100\n|-heal|p2a: Sinistcha|62/100|[from] drain|[of] p1a: Toxapex\n|-damage|p1b: Incineroar|91/100\n|-heal|p2a: Sinistcha|67/100|[from] drain|[of] p1b: Incineroar\n|move|p1a: Toxapex|Toxic|p2b: Blastoise\n|-status|p2b: Blastoise|tox\n|\n|-heal|p1a: Toxapex|84/100|[from] item: Leftovers\n|-damage|p2b: Blastoise|66/100 tox|[from] psn\n|upkeep\n|turn|8\n|inactive|Tomct has 30 seconds left.\n|\n|t:|1788184544\n|switch|p2a: Sneasler|Sneasler, L50, F|100/100\n|move|p2b: Blastoise|Dark Pulse|p1a: Toxapex\n|-damage|p1a: Toxapex|17/100\n|move|p1b: Incineroar|Parting Shot|p2b: Blastoise\n|-unboost|p2b: Blastoise|atk|1\n|-unboost|p2b: Blastoise|spa|1\n|\n|t:|1788184549\n|switch|p1b: Charizard|Charizard-Mega-Y, L50, F|91/100|[from] Parting Shot\n|-weather|SunnyDay|[from] ability: Drought|[of] p1b: Charizard\n|move|p1a: Toxapex|Toxic|p2a: Sneasler\n|-immune|p2a: Sneasler\n|\n|-weather|SunnyDay|[upkeep]\n|-heal|p1a: Toxapex|22/100|[from] item: Leftovers\n|-damage|p2b: Blastoise|54/100 tox|[from] psn\n|upkeep\n|turn|9\n|inactive|jeanryupr has 30 seconds left.\n|\n|t:|1788184581\n|-heal|p1a: Toxapex|56/100|[from] ability: Regenerator|[silent]\n|switch|p1a: Incineroar|Incineroar, L50, F|91/100\n|-ability|p1a: Incineroar|Intimidate|boost\n|-unboost|p2a: Sneasler|atk|1\n|-unboost|p2b: Blastoise|atk|1\n|move|p1b: Charizard|Protect|p1b: Charizard\n|-singleturn|p1b: Charizard|Protect\n|move|p2a: Sneasler|Fake Out|p1b: Charizard\n|-activate|p1b: Charizard|move: Protect\n|move|p2b: Blastoise|Dark Pulse|p1b: Charizard\n|-activate|p1b: Charizard|move: Protect\n|\n|-weather|SunnyDay|[upkeep]\n|-damage|p2b: Blastoise|36/100 tox|[from] psn\n|upkeep\n|turn|10\n|\n|t:|1788184602\n|move|p2a: Sneasler|Quick Guard|p2a: Sneasler\n|-singleturn|p2a: Sneasler|Quick Guard\n|move|p2b: Blastoise|Dark Pulse|p1b: Charizard\n|-crit|p1b: Charizard\n|-damage|p1b: Charizard|9/100\n|move|p1b: Charizard|Heat Wave|p2b: Blastoise|[spread] p2a,p2b\n|-resisted|p2b: Blastoise|1\n|-damage|p2a: Sneasler|1/100\n|-damage|p2b: Blastoise|0 fnt\n|faint|p2b: Blastoise\n|move|p1a: Incineroar|Flare Blitz|p2a: Sneasler\n|-damage|p2a: Sneasler|0 fnt\n|faint|p2a: Sneasler\n|-damage|p1a: Incineroar|91/100|[from] Recoil\n|\n|-weather|SunnyDay|[upkeep]\n|upkeep\n|inactive|jeanryupr has 30 seconds left.\n|inactive|jeanryupr has 20 seconds left.\n|inactive|jeanryupr has 15 seconds left.\n|inactive|jeanryupr has 10 seconds left.\n|inactive|jeanryupr has 5 seconds left.\n|\n|t:|1788184657\n|switch|p2a: Sinistcha|Sinistcha, L50|67/100\n|turn|11\n|inactive|jeanryupr has 30 seconds left.\n|inactive|jeanryupr has 20 seconds left.\n|inactive|jeanryupr has 15 seconds left.\n|inactive|jeanryupr has 10 seconds left.\n|inactive|jeanryupr has 5 seconds left.\n|\n|t:|1788184711\n|move|p1b: Charizard|Weather Ball|p2a: Sinistcha\n|-supereffective|p2a: Sinistcha|1\n|-damage|p2a: Sinistcha|0 fnt\n|faint|p2a: Sinistcha\n|\n|win|Tomct\n|raw|Tomct's rating: 1209 &rarr; <strong>1241</strong><br />(+32 for winning)\n|raw|jeanryupr's rating: 1309 &rarr; <strong>1283</strong><br />(-26 for losing)\n|l|☆Tomct\n|player|p1|\n","uploadtime":1788184329,"views":"1","formatid":"gen9championsvgc2026regmbbo3","rating":1241,"private":0,"password":null}