{"id":"gen9championsvgc2026regmb-2674336644","format":"[Gen 9 Champions] VGC 2026 Reg M-B","players":["davizzzz14","alexismydog"],"log":"|j|☆davizzzz14\n|j|☆alexismydog\n|t:|1788343876\n|gametype|doubles\n|player|p1|davizzzz14|emmet|1505\n|player|p2|alexismydog|265|1579\n|gen|9\n|tier|[Gen 9 Champions] VGC 2026 Reg M-B\n|rated|\n|rule|Species Clause: Limit one of each Pokémon\n|rule|Item Clause: Limit 1 of each item\n|clearpoke\n|poke|p1|Gardevoir, L50, F|\n|poke|p1|Incineroar, L50, F|\n|poke|p1|Gholdengo, L50|\n|poke|p1|Aerodactyl, L50, M|\n|poke|p1|Machamp, L50, M|\n|poke|p1|Tsareena, L50, F|\n|poke|p2|Tyranitar, L50, F|\n|poke|p2|Excadrill, L50, M|\n|poke|p2|Sinistcha, L50|\n|poke|p2|Gholdengo, L50|\n|poke|p2|Staraptor, L50, M|\n|poke|p2|Milotic, L50, M|\n|teampreview|4\n|inactive|Battle timer is ON: inactive players will automatically lose when time's up. (requested by davizzzz14)\n|inactive|davizzzz14 has 60 seconds left.\n|inactive|davizzzz14 has 30 seconds left.\n|\n|t:|1788343940\n|teamsize|p1|4\n|teamsize|p2|4\n|start\n|switch|p1a: Gardevoir|Gardevoir, L50, F|100/100\n|switch|p1b: Aerodactyl|Aerodactyl, L50, M|100/100\n|switch|p2a: Tyranitar|Tyranitar, L50, F|100/100\n|switch|p2b: Sinistcha|Sinistcha, L50|100/100\n|-ability|p1b: Aerodactyl|Unnerve\n|-weather|Sandstorm|[from] ability: Sand Stream|[of] p2a: Tyranitar\n|-ability|p1a: Gardevoir|Sand Stream|Trace|[from] ability: Trace|[of] p2a: Tyranitar\n|turn|1\n|inactive|alexismydog has 30 seconds left.\n|\n|t:|1788343967\n|detailschange|p2a: Tyranitar|Tyranitar-Mega, L50, F\n|-mega|p2a: Tyranitar|Tyranitar|Tyranitarite\n|detailschange|p1a: Gardevoir|Gardevoir-Mega, L50, F\n|-mega|p1a: Gardevoir|Gardevoir|Gardevoirite\n|move|p2b: Sinistcha|Rage Powder|p2b: Sinistcha\n|-singleturn|p2b: Sinistcha|move: Rage Powder\n|move|p1b: Aerodactyl|Dual Wingbeat|p2b: Sinistcha\n|-supereffective|p2b: Sinistcha|1\n|-damage|p2b: Sinistcha|63/100\n|-supereffective|p2b: Sinistcha|1\n|-damage|p2b: Sinistcha|27/100\n|-hitcount|p2b: Sinistcha|2\n|move|p2a: Tyranitar|Knock Off|p1a: Gardevoir\n|-damage|p1a: Gardevoir|49/100\n|move|p1a: Gardevoir|Hyper Voice|p2a: Tyranitar|[spread] p2a,p2b\n|-supereffective|p2a: Tyranitar|1\n|-damage|p2a: Tyranitar|35/100\n|-damage|p2b: Sinistcha|0 fnt\n|faint|p2b: Sinistcha\n|\n|-weather|Sandstorm|[upkeep]\n|-damage|p1a: Gardevoir|42/100|[from] Sandstorm\n|upkeep\n|\n|t:|1788343984\n|switch|p2b: Excadrill|Excadrill, L50, M|100/100\n|turn|2\n|\n|t:|1788343990\n|switch|p1a: Incineroar|Incineroar, L50, F|100/100\n|-ability|p1a: Incineroar|Intimidate|boost\n|-unboost|p2a: Tyranitar|atk|1\n|-unboost|p2b: Excadrill|atk|1\n|move|p2b: Excadrill|Iron Head|p1b: Aerodactyl\n|-supereffective|p1b: Aerodactyl|1\n|-enditem|p1b: Aerodactyl|Focus Sash\n|-damage|p1b: Aerodactyl|1/100\n|-damage|p2b: Excadrill|90/100|[from] item: Life Orb\n|move|p1b: Aerodactyl|Tailwind|p1b: Aerodactyl\n|-sidestart|p1: davizzzz14|move: Tailwind\n|move|p2a: Tyranitar|Knock Off|p1a: Incineroar\n|-resisted|p1a: Incineroar|1\n|-damage|p1a: Incineroar|83/100\n|-enditem|p1a: Incineroar|Passho Berry|[from] move: Knock Off|[of] p2a: Tyranitar\n|\n|-weather|Sandstorm|[upkeep]\n|-damage|p1a: Incineroar|77/100|[from] Sandstorm\n|upkeep\n|turn|3\n|\n|t:|1788344006\n|switch|p2b: Gholdengo|Gholdengo, L50|100/100\n|move|p1a: Incineroar|Fake Out|p2b: Gholdengo\n|-immune|p2b: Gholdengo\n|move|p1b: Aerodactyl|Rock Slide|p2b: Gholdengo|[spread] p2a,p2b\n|-resisted|p2b: Gholdengo|1\n|-damage|p2a: Tyranitar|18/100\n|-damage|p2b: Gholdengo|85/100\n|move|p2a: Tyranitar|Dragon Dance|p2a: Tyranitar\n|-boost|p2a: Tyranitar|atk|1\n|-boost|p2a: Tyranitar|spe|1\n|\n|-weather|Sandstorm|[upkeep]\n|-damage|p1a: Incineroar|71/100|[from] Sandstorm\n|upkeep\n|turn|4\n|\n|t:|1788344022\n|move|p2b: Gholdengo|Protect|p2b: Gholdengo\n|-singleturn|p2b: Gholdengo|Protect\n|move|p1b: Aerodactyl|Rock Slide|p2a: Tyranitar|[spread] p2a\n|-activate|p2b: Gholdengo|move: Protect\n|-crit|p2a: Tyranitar\n|-damage|p2a: Tyranitar|0 fnt\n|faint|p2a: Tyranitar\n|move|p1a: Incineroar|Parting Shot|p2b: Gholdengo\n|-activate|p2b: Gholdengo|move: Protect\n|\n|-weather|Sandstorm|[upkeep]\n|-damage|p1a: Incineroar|65/100|[from] Sandstorm\n|upkeep\n|\n|t:|1788344033\n|switch|p2a: Excadrill|Excadrill, L50, M|90/100\n|turn|5\n|inactive|davizzzz14 has 30 seconds left.\n|inactive|davizzzz14 has 20 seconds left.\n|inactive|davizzzz14 has 15 seconds left.\n|\n|t:|1788344074\n|switch|p1a: Tsareena|Tsareena, L50, F|100/100\n|move|p1b: Aerodactyl|Protect|p1b: Aerodactyl\n|-singleturn|p1b: Aerodactyl|Protect\n|move|p2a: Excadrill|Iron Head|p1b: Aerodactyl\n|-activate|p1b: Aerodactyl|move: Protect\n|move|p2b: Gholdengo|Nasty Plot|p2b: Gholdengo\n|-boost|p2b: Gholdengo|spa|2\n|\n|-weather|none\n|-sideend|p1: davizzzz14|move: Tailwind\n|upkeep\n|turn|6\n|\n|t:|1788344093\n|move|p2a: Excadrill|Protect|p2a: Excadrill\n|-singleturn|p2a: Excadrill|Protect\n|move|p1b: Aerodactyl|Tailwind|p1b: Aerodactyl\n|-sidestart|p1: davizzzz14|move: Tailwind\n|move|p1a: Tsareena|Power Whip|p2a: Excadrill\n|-activate|p2a: Excadrill|move: Protect\n|move|p2b: Gholdengo|Make It Rain|p1a: Tsareena|[spread] p1a,p1b\n|-supereffective|p1b: Aerodactyl|1\n|-damage|p1a: Tsareena|0 fnt\n|-damage|p1b: Aerodactyl|0 fnt\n|-unboost|p2b: Gholdengo|spa|2\n|faint|p1a: Tsareena\n|faint|p1b: Aerodactyl\n|\n|upkeep\n|\n|t:|1788344097\n|switch|p1b: Gardevoir|Gardevoir-Mega, L50, F|42/100\n|switch|p1a: Incineroar|Incineroar, L50, F|65/100\n|-ability|p1a: Incineroar|Intimidate|boost\n|-unboost|p2a: Excadrill|atk|1\n|-unboost|p2b: Gholdengo|atk|1\n|turn|7\n|inactive|davizzzz14 has 30 seconds left.\n|inactive|davizzzz14 has 20 seconds left.\n|inactive|davizzzz14 has 15 seconds left.\n|\n|t:|1788344138\n|move|p2b: Gholdengo|Protect|p2b: Gholdengo\n|-singleturn|p2b: Gholdengo|Protect\n|move|p1b: Gardevoir|Hyper Voice|p2b: Gholdengo|[spread] p2a\n|-activate|p2b: Gholdengo|move: Protect\n|-resisted|p2a: Excadrill|1\n|-damage|p2a: Excadrill|56/100\n|move|p1a: Incineroar|Flare Blitz|p2b: Gholdengo\n|-activate|p2b: Gholdengo|move: Protect\n|move|p2a: Excadrill|Iron Head|p1b: Gardevoir\n|-supereffective|p1b: Gardevoir|1\n|-damage|p1b: Gardevoir|0 fnt\n|faint|p1b: Gardevoir\n|-damage|p2a: Excadrill|46/100|[from] item: Life Orb\n|\n|upkeep\n|turn|8\n|\n|t:|1788344160\n|move|p2a: Excadrill|Protect|p2a: Excadrill\n|-singleturn|p2a: Excadrill|Protect\n|move|p1a: Incineroar|Flare Blitz|p2a: Excadrill\n|-activate|p2a: Excadrill|move: Protect\n|move|p2b: Gholdengo|Nasty Plot|p2b: Gholdengo\n|-boost|p2b: Gholdengo|spa|2\n|\n|upkeep\n|turn|9\n|l|☆davizzzz14\n|inactive|davizzzz14 disconnected and has a minute to reconnect!\n|player|p1|\n|\n|t:|1788344173\n|move|p1a: Incineroar|Flare Blitz|p2a: Excadrill\n|-supereffective|p2a: Excadrill|1\n|-damage|p2a: Excadrill|0 fnt\n|faint|p2a: Excadrill\n|-damage|p1a: Incineroar|51/100|[from] Recoil\n|move|p2b: Gholdengo|Make It Rain|p1a: Incineroar\n|-resisted|p1a: Incineroar|1\n|-damage|p1a: Incineroar|0 fnt\n|-unboost|p2b: Gholdengo|spa|2\n|faint|p1a: Incineroar\n|\n|win|alexismydog\n|raw|davizzzz14's rating: 1505 &rarr; <strong>1489</strong><br />(-16 for losing)\n|raw|alexismydog's rating: 1579 &rarr; <strong>1595</strong><br />(+16 for winning)\n","uploadtime":1788344184,"views":"1","formatid":"gen9championsvgc2026regmb","rating":1489,"private":0,"password":null}