{"id":"gen9championsvgc2026regmb-2674843034","format":"[Gen 9 Champions] VGC 2026 Reg M-B","players":["snowiesoul","Eatyurhelmet"],"log":"|j|☆snowiesoul\n|j|☆Eatyurhelmet\n|t:|1788419175\n|gametype|doubles\n|player|p1|snowiesoul|cynthia-gen4|1269\n|player|p2|Eatyurhelmet|2|1344\n|gen|9\n|tier|[Gen 9 Champions] VGC 2026 Reg M-B\n|rated|\n|rule|Species Clause: Limit one of each Pokémon\n|rule|Item Clause: Limit 1 of each item\n|clearpoke\n|poke|p1|Charizard, L50, M, shiny|\n|poke|p1|Floette-Eternal, L50, F|\n|poke|p1|Whimsicott, L50, M, shiny|\n|poke|p1|Garchomp, L50, M, shiny|\n|poke|p1|Kingambit, L50, M, shiny|\n|poke|p1|Basculegion, L50, M|\n|poke|p2|Ninetales, L50, M|\n|poke|p2|Venusaur, L50, M|\n|poke|p2|Tyranitar, L50, F|\n|poke|p2|Garchomp, L50, M|\n|poke|p2|Sneasler, L50, F|\n|poke|p2|Farigiraf, L50, F|\n|teampreview|4\n|inactive|Battle timer is ON: inactive players will automatically lose when time's up. (requested by snowiesoul)\n|\n|t:|1788419261\n|teamsize|p1|4\n|teamsize|p2|4\n|start\n|switch|p1a: Gholdencott|Whimsicott, L50, M, shiny|100/100\n|switch|p1b: Gardengo|Garchomp, L50, M, shiny|100/100\n|switch|p2a: Venusaur|Venusaur, L50, M|100/100\n|switch|p2b: Sneasler|Sneasler, L50, F|100/100\n|turn|1\n|inactive|Eatyurhelmet has 30 seconds left.\n|inactive|snowiesoul has 30 seconds left.\n|inactive|Eatyurhelmet has 20 seconds left.\n|\n|t:|1788419298\n|move|p2b: Sneasler|Fake Out|p1b: Gardengo\n|-damage|p1b: Gardengo|85/100\n|-damage|p2b: Sneasler|87/100|[from] ability: Rough Skin|[of] p1b: Gardengo\n|-status|p1b: Gardengo|psn|[from] ability: Poison Touch|[of] p2b: Sneasler\n|move|p1a: Gholdencott|Tailwind|p1a: Gholdencott\n|-sidestart|p1: snowiesoul|move: Tailwind\n|cant|p1b: Gardengo|flinch\n|move|p2a: Venusaur|Sludge Bomb|p1a: Gholdencott\n|-supereffective|p1a: Gholdencott|2\n|-damage|p1a: Gholdencott|0 fnt\n|faint|p1a: Gholdencott\n|-damage|p2a: Venusaur|90/100|[from] item: Life Orb\n|\n|-damage|p1b: Gardengo|73/100 psn|[from] psn\n|upkeep\n|\n|t:|1788419309\n|switch|p1a: Make it pain|Basculegion, L50, M|100/100\n|turn|2\n|inactive|Eatyurhelmet has 30 seconds left.\n|\n|t:|1788419341\n|switch|p2b: Ninetales|Ninetales, L50, M|100/100\n|-weather|SunnyDay|[from] ability: Drought|[of] p2b: Ninetales\n|move|p1b: Gardengo|Dragon Claw|p2a: Venusaur\n|-damage|p2a: Venusaur|29/100\n|-damage|p1b: Gardengo|63/100 psn|[from] item: Life Orb\n|move|p2a: Venusaur|Leaf Storm|p1a: Make it pain\n|-supereffective|p1a: Make it pain|1\n|-enditem|p1a: Make it pain|Focus Sash\n|-damage|p1a: Make it pain|1/100\n|-unboost|p2a: Venusaur|spa|2\n|-damage|p2a: Venusaur|19/100|[from] item: Life Orb\n|move|p1a: Make it pain|Liquidation|p2b: Ninetales\n|-supereffective|p2b: Ninetales|1\n|-damage|p2b: Ninetales|17/100\n|\n|-weather|SunnyDay|[upkeep]\n|-damage|p1b: Gardengo|51/100 psn|[from] psn\n|upkeep\n|turn|3\n|inactive|snowiesoul has 30 seconds left.\n|inactive|Eatyurhelmet has 30 seconds left.\n|inactive|Eatyurhelmet has 20 seconds left.\n|\n|t:|1788419379\n|move|p2a: Venusaur|Protect|p2a: Venusaur\n|-singleturn|p2a: Venusaur|Protect\n|move|p2b: Ninetales|Protect|p2b: Ninetales\n|-singleturn|p2b: Ninetales|Protect\n|move|p1a: Make it pain|Aqua Jet|p2b: Ninetales\n|-activate|p2b: Ninetales|move: Protect\n|move|p1b: Gardengo|Dragon Claw|p2a: Venusaur\n|-activate|p2a: Venusaur|move: Protect\n|\n|-weather|SunnyDay|[upkeep]\n|-damage|p1b: Gardengo|39/100 psn|[from] psn\n|upkeep\n|turn|4\n|inactive|Eatyurhelmet has 30 seconds left.\n|inactive|snowiesoul has 30 seconds left.\n|inactive|Eatyurhelmet has 20 seconds left.\n|inactive|Eatyurhelmet has 15 seconds left.\n|inactive|Eatyurhelmet has 10 seconds left.\n|\n|t:|1788419426\n|switch|p2a: Farigiraf|Farigiraf, L50, F|100/100\n|move|p1a: Make it pain|Protect|p1a: Make it pain\n|-singleturn|p1a: Make it pain|Protect\n|move|p1b: Gardengo|Earthquake|p2a: Farigiraf|[spread] p2a,p2b\n|-activate|p1a: Make it pain|move: Protect\n|-supereffective|p2b: Ninetales|1\n|-damage|p2a: Farigiraf|52/100\n|-damage|p2b: Ninetales|0 fnt\n|faint|p2b: Ninetales\n|-damage|p1b: Gardengo|30/100 psn|[from] item: Life Orb\n|\n|-weather|SunnyDay|[upkeep]\n|-damage|p1b: Gardengo|18/100 psn|[from] psn\n|-sideend|p1: snowiesoul|move: Tailwind\n|upkeep\n|\n|t:|1788419442\n|switch|p2b: Sneasler|Sneasler, L50, F|87/100\n|turn|5\n|\n|t:|1788419465\n|move|p2b: Sneasler|Fake Out|p1b: Gardengo\n|-damage|p1b: Gardengo|3/100 psn\n|-damage|p2b: Sneasler|75/100|[from] ability: Rough Skin|[of] p1b: Gardengo\n|cant|p1b: Gardengo|flinch\n|move|p1a: Make it pain|Last Respects|p2b: Sneasler\n|-damage|p2b: Sneasler|0 fnt\n|faint|p2b: Sneasler\n|move|p2a: Farigiraf|Thunderbolt|p1a: Make it pain\n|-supereffective|p1a: Make it pain|1\n|-damage|p1a: Make it pain|0 fnt\n|faint|p1a: Make it pain\n|\n|-weather|SunnyDay|[upkeep]\n|-damage|p1b: Gardengo|0 fnt|[from] psn\n|faint|p1b: Gardengo\n|upkeep\n|\n|t:|1788419483\n|switch|p2b: Venusaur|Venusaur, L50, M|19/100\n|switch|p1a: Gholdengo killer|Kingambit, L50, M, shiny|100/100\n|turn|6\n|\n|t:|1788419493\n|move|p2b: Venusaur|Sleep Powder|p1a: Gholdengo killer|[miss]\n|-miss|p2b: Venusaur|p1a: Gholdengo killer\n|move|p1a: Gholdengo killer|Kowtow Cleave|p2b: Venusaur\n|-damage|p2b: Venusaur|0 fnt\n|faint|p2b: Venusaur\n|move|p2a: Farigiraf|Thunderbolt|p1a: Gholdengo killer\n|-crit|p1a: Gholdengo killer\n|-damage|p1a: Gholdengo killer|68/100\n|-status|p1a: Gholdengo killer|par\n|\n|-weather|none\n|upkeep\n|turn|7\n|\n|t:|1788419507\n|move|p2a: Farigiraf|Thunderbolt|p1a: Gholdengo killer\n|-damage|p1a: Gholdengo killer|47/100 par\n|cant|p1a: Gholdengo killer|par\n|\n|upkeep\n|turn|8\n|\n|t:|1788419514\n|move|p2a: Farigiraf|Thunderbolt|p1a: Gholdengo killer\n|-damage|p1a: Gholdengo killer|27/100 par\n|move|p1a: Gholdengo killer|Kowtow Cleave|p2a: Farigiraf\n|-supereffective|p2a: Farigiraf|1\n|-damage|p2a: Farigiraf|0 fnt\n|faint|p2a: Farigiraf\n|\n|win|snowiesoul\n|raw|snowiesoul's rating: 1269 &rarr; <strong>1299</strong><br />(+30 for winning)\n|raw|Eatyurhelmet's rating: 1344 &rarr; <strong>1320</strong><br />(-24 for losing)\n","uploadtime":1788419529,"views":"11","formatid":"gen9championsvgc2026regmb","rating":1299,"private":0,"password":null}