{"id":"gen9championsvgc2026regmb-2674596804","format":"[Gen 9 Champions] VGC 2026 Reg M-B","players":["randomtieflinggirl","Divorced pigeon"],"log":"|j|☆randomtieflinggirl\n|j|☆Divorced pigeon\n|t:|1788378323\n|gametype|doubles\n|player|p1|randomtieflinggirl|266|1127\n|player|p2|Divorced pigeon|2|1069\n|gen|9\n|tier|[Gen 9 Champions] VGC 2026 Reg M-B\n|rated|\n|rule|Species Clause: Limit one of each Pokémon\n|rule|Item Clause: Limit 1 of each item\n|clearpoke\n|poke|p1|Lycanroc-Dusk, L50, M|\n|poke|p1|Froslass, L50, F|\n|poke|p1|Scovillain, L50, F|\n|poke|p1|Basculegion, L50, M|\n|poke|p1|Kingambit, L50, F|\n|poke|p1|Sneasler, L50, M|\n|poke|p2|Metagross, L50, shiny|\n|poke|p2|Sneasler, L50, M|\n|poke|p2|Scovillain, L50, M|\n|poke|p2|Aerodactyl, L50, M|\n|poke|p2|Rotom-Frost, L50|\n|poke|p2|Toxapex, L50, F|\n|teampreview|4\nrandomtieflinggirl has agreed to open team sheets.\n|inactive|Battle timer is ON: inactive players will automatically lose when time's up. (requested by Divorced pigeon)\n|\n|t:|1788378362\n|teamsize|p1|4\n|teamsize|p2|4\n|start\n|switch|p1a: Scovillain|Scovillain, L50, F|100/100\n|switch|p1b: Kingambit|Kingambit, L50, F|100/100\n|switch|p2a: Sneasler|Sneasler, L50, M|100/100\n|switch|p2b: Rotom|Rotom-Frost, L50|100/100\n|turn|1\n|inactive|Divorced pigeon has 30 seconds left.\n|inactive|Divorced pigeon has 20 seconds left.\n|\n|t:|1788378401\n|switch|p2a: Scovillain|Scovillain, L50, M|100/100\n|detailschange|p1a: Scovillain|Scovillain-Mega, L50, F\n|-mega|p1a: Scovillain|Scovillain|Scovillainite\n|move|p1b: Kingambit|Protect|p1b: Kingambit\n|-singleturn|p1b: Kingambit|Protect\n|move|p2b: Rotom|Volt Switch|p1a: Scovillain\n|-resisted|p1a: Scovillain|1\n|-damage|p1a: Scovillain|81/100\n|-status|p2b: Rotom|brn|[from] ability: Spicy Spray|[of] p1a: Scovillain\n|\n|t:|1788378410\n|switch|p2b: Toxapex|Toxapex, L50, F|100/100|[from] Volt Switch\n|move|p1a: Scovillain|Overheat|p2b: Toxapex\n|-resisted|p2b: Toxapex|1\n|-damage|p2b: Toxapex|73/100\n|-unboost|p1a: Scovillain|spa|2\n|\n|upkeep\n|turn|2\n|\n|t:|1788378425\n|switch|p1b: Sneasler|Sneasler, L50, M|100/100\n|detailschange|p2a: Scovillain|Scovillain-Mega, L50, M\n|-mega|p2a: Scovillain|Scovillain|Scovillainite\n|move|p2a: Scovillain|Rage Powder|p2a: Scovillain\n|-singleturn|p2a: Scovillain|move: Rage Powder\n|move|p1a: Scovillain|Rage Powder|p1a: Scovillain\n|-singleturn|p1a: Scovillain|move: Rage Powder\n|move|p2b: Toxapex|Toxic|p1a: Scovillain\n|-status|p1a: Scovillain|tox\n|\n|-damage|p1a: Scovillain|75/100 tox|[from] psn\n|upkeep\n|turn|3\n|\n|t:|1788378443\n|move|p1a: Scovillain|Rage Powder|p1a: Scovillain\n|-singleturn|p1a: Scovillain|move: Rage Powder\n|move|p1b: Sneasler|Dire Claw|p2a: Scovillain\n|-supereffective|p2a: Scovillain|1\n|-damage|p2a: Scovillain|0 fnt\n|-status|p1b: Sneasler|brn|[from] ability: Spicy Spray|[of] p2a: Scovillain\n|faint|p2a: Scovillain\n|move|p2b: Toxapex|Infestation|p1a: Scovillain\n|-crit|p1a: Scovillain\n|-damage|p1a: Scovillain|69/100 tox\n|-activate|p1a: Scovillain|move: Infestation|[of] p2b: Toxapex\n|-status|p2b: Toxapex|brn|[from] ability: Spicy Spray|[of] p1a: Scovillain\n|\n|-damage|p1a: Scovillain|58/100 tox|[from] psn\n|-damage|p1b: Sneasler|94/100 brn|[from] brn\n|-damage|p2b: Toxapex|67/100 brn|[from] brn\n|-damage|p1a: Scovillain|45/100 tox|[from] move: Infestation|[partiallytrapped]\n|upkeep\n|\n|t:|1788378454\n|switch|p2a: Rotom|Rotom-Frost, L50|100/100 brn\n|turn|4\n|\n|t:|1788378471\n|move|p2a: Rotom|Blizzard|p1a: Scovillain|[spread] p1a,p1b\n|-damage|p1a: Scovillain|1/100 tox\n|-damage|p1b: Sneasler|50/100g brn\n|move|p1b: Sneasler|Close Combat|p2a: Rotom\n|-supereffective|p2a: Rotom|1\n|-damage|p2a: Rotom|18/100 brn\n|-unboost|p1b: Sneasler|def|1\n|-unboost|p1b: Sneasler|spd|1\n|-enditem|p1b: Sneasler|White Herb\n|-clearnegativeboost|p1b: Sneasler|[silent]\n|move|p1a: Scovillain|Overheat|p2a: Rotom\n|-supereffective|p2a: Rotom|1\n|-damage|p2a: Rotom|0 fnt\n|-unboost|p1a: Scovillain|spa|2\n|faint|p2a: Rotom\n|move|p2b: Toxapex|Infestation|p1b: Sneasler\n|-resisted|p1b: Sneasler|2\n|-crit|p1b: Sneasler\n|-damage|p1b: Sneasler|49/100 brn\n|-activate|p1b: Sneasler|move: Infestation|[of] p2b: Toxapex\n|\n|-damage|p1a: Scovillain|0 fnt|[from] psn\n|faint|p1a: Scovillain\n|-damage|p1b: Sneasler|43/100 brn|[from] brn\n|-damage|p2b: Toxapex|61/100 brn|[from] brn\n|-damage|p1b: Sneasler|31/100 brn|[from] move: Infestation|[partiallytrapped]\n|upkeep\n|\n|t:|1788378493\n|switch|p2a: Sneasler|Sneasler, L50, M|100/100\n|switch|p1a: Kingambit|Kingambit, L50, F|100/100\n|turn|5\n|\n|t:|1788378517\n|move|p2a: Sneasler|Protect|p2a: Sneasler\n|-singleturn|p2a: Sneasler|Protect\n|move|p1a: Kingambit|Protect|p1a: Kingambit\n|-singleturn|p1a: Kingambit|Protect\n|move|p1b: Sneasler|Close Combat|p2b: Toxapex\n|-resisted|p2b: Toxapex|1\n|-damage|p2b: Toxapex|53/100 brn\n|-unboost|p1b: Sneasler|def|1\n|-unboost|p1b: Sneasler|spd|1\n|move|p2b: Toxapex|Infestation|p1a: Kingambit\n|-activate|p1a: Kingambit|move: Protect\n|\n|-damage|p1b: Sneasler|25/100 brn|[from] brn\n|-damage|p2b: Toxapex|47/100 brn|[from] brn\n|-damage|p1b: Sneasler|13/100 brn|[from] move: Infestation|[partiallytrapped]\n|upkeep\n|-enditem|p2b: Toxapex|Sitrus Berry|[eat]\n|-heal|p2b: Toxapex|72/100 brn|[from] item: Sitrus Berry\n|turn|6\n|inactive|randomtieflinggirl has 30 seconds left.\n|inactive|randomtieflinggirl has 20 seconds left.\n|inactive|randomtieflinggirl has 15 seconds left.\n|inactive|randomtieflinggirl has 10 seconds left.\n|\n|t:|1788378566\n|move|p2b: Toxapex|Baneful Bunker|p2b: Toxapex\n|-singleturn|p2b: Toxapex|move: Protect\n|move|p1a: Kingambit|Sucker Punch||[still]\n|-fail|p1a: Kingambit\n|move|p1b: Sneasler|Close Combat|p2b: Toxapex\n|-activate|p2b: Toxapex|move: Protect\n|move|p2a: Sneasler|Close Combat|p1a: Kingambit\n|-supereffective|p1a: Kingambit|2\n|-crit|p1a: Kingambit\n|-damage|p1a: Kingambit|0 fnt\n|-unboost|p2a: Sneasler|def|1\n|-unboost|p2a: Sneasler|spd|1\n|faint|p1a: Kingambit\n|-enditem|p2a: Sneasler|White Herb\n|-clearnegativeboost|p2a: Sneasler|[silent]\n|\n|-damage|p1b: Sneasler|7/100 brn|[from] brn\n|-damage|p2b: Toxapex|66/100 brn|[from] brn\n|-damage|p1b: Sneasler|0 fnt|[from] move: Infestation|[partiallytrapped]\n|faint|p1b: Sneasler\n|upkeep\n|\n|t:|1788378587\n|switch|p1a: Basculegion|Basculegion, L50, M|100/100\n|turn|7\n|\n|t:|1788378603\n|move|p2a: Sneasler|Coaching|p2b: Toxapex\n|-boost|p2b: Toxapex|atk|1\n|-boost|p2b: Toxapex|def|1\n|move|p1a: Basculegion|Last Respects|p2a: Sneasler\n|-damage|p2a: Sneasler|0 fnt\n|faint|p2a: Sneasler\n|move|p2b: Toxapex|Toxic|p1a: Basculegion\n|-status|p1a: Basculegion|tox\n|\n|-damage|p1a: Basculegion|94/100 tox|[from] psn\n|-damage|p2b: Toxapex|61/100 brn|[from] brn\n|upkeep\n|turn|8\n|\n|t:|1788378615\n|move|p2b: Toxapex|Baneful Bunker|p2b: Toxapex\n|-singleturn|p2b: Toxapex|move: Protect\n|move|p1a: Basculegion|Last Respects|p2b: Toxapex\n|-activate|p2b: Toxapex|move: Protect\n|\n|-damage|p1a: Basculegion|82/100 tox|[from] psn\n|-damage|p2b: Toxapex|55/100 brn|[from] brn\n|upkeep\n|turn|9\n|\n|t:|1788378626\n|move|p1a: Basculegion|Last Respects|p2b: Toxapex\n|-damage|p2b: Toxapex|0 fnt\n|faint|p2b: Toxapex\n|\n|win|randomtieflinggirl\n|raw|randomtieflinggirl's rating: 1127 &rarr; <strong>1148</strong><br />(+21 for winning)\n|raw|Divorced pigeon's rating: 1069 &rarr; <strong>1052</strong><br />(-17 for losing)\n|c|☆randomtieflinggirl|gg\n|l|☆Divorced pigeon\n|player|p2|\n","uploadtime":1788378635,"views":"0","formatid":"gen9championsvgc2026regmb","rating":1052,"private":0,"password":null}