{"id":"gen9championsvgc2026regmbbo3-2673423095","format":"[Gen 9 Champions] VGC 2026 Reg M-B (Bo3)","players":["walaye","dtcha"],"log":"|j|☆walaye\n|j|☆dtcha\n|html|<table width=\"100%\"><tr><td align=\"left\">walaye</td><td align=\"right\">dtcha</tr><tr><td align=\"left\"><i class=\"fa fa-circle-o\"></i> <i class=\"fa fa-circle-o\"></i> </td><td align=\"right\"><i class=\"fa fa-circle-o\"></i> <i class=\"fa fa-circle-o\"></i> </tr></table>\n|uhtml|bestof|<h2><strong>Game 1</strong> of <a href=\"/game-bestof3-gen9championsvgc2026regmbbo3-2673423094\">a best-of-3</a></h2>\n|t:|1788195981\n|gametype|doubles\n|player|p1|walaye|chuck|1281\n|player|p2|dtcha|265|1292\n|gen|9\n|tier|[Gen 9 Champions] VGC 2026 Reg M-B (Bo3)\n|rated|\n|rule|Species Clause: Limit one of each Pokémon\n|rule|Item Clause: Limit 1 of each item\n|clearpoke\n|poke|p1|Venusaur, L50, F|\n|poke|p1|Sneasler, L50, M|\n|poke|p1|Pelipper, L50, F|\n|poke|p1|Swampert, L50, F|\n|poke|p1|Archaludon, L50, F|\n|poke|p1|Meowstic, L50, M|\n|poke|p2|Camerupt, L50, F|\n|poke|p2|Aerodactyl, L50, M|\n|poke|p2|Kangaskhan, L50, F|\n|poke|p2|Farigiraf, L50, F|\n|poke|p2|Sylveon, L50, M|\n|poke|p2|Kingambit, L50, M|\n|teampreview|4\n|showteam|p1|Venusaur||Venusaurite|Chlorophyll|SludgeBomb,EarthPower,Protect,GigaDrain|Modest||F|||50|]Sneasler||FocusSash|PoisonTouch|PoisonJab,CloseCombat,RockSlide,FakeOut|Jolly||M|||50|]Pelipper||SitrusBerry|Drizzle|Hurricane,WeatherBall,Tailwind,HelpingHand|Bold||F|||50|]Swampert||Swampertite|Torrent|WaveCrash,IcePunch,Earthquake,Protect|Adamant||F|||50|]Archaludon||Leftovers|Stamina|DragonPulse,FlashCannon,ElectroShot,Protect|Modest||F|||50|]Meowstic||LightClay|Prankster|Reflect,LightScreen,Yawn,RainDance|Calm||M|||50|\n|showteam|p2|Camerupt||Cameruptite|SolidRock|Protect,EarthPower,HeatWave,AncientPower|Quiet||F|||50|]Aerodactyl||Aerodactylite|Unnerve|RockSlide,DualWingbeat,IceFang,Tailwind|Jolly||M|||50|]Kangaskhan||LifeOrb|Scrappy|DoubleEdge,FakeOut,HammerArm,IcePunch|Brave||F|||50|]Farigiraf||SitrusBerry|ArmorTail|Psychic,Thunderbolt,TrickRoom,HelpingHand|Calm||F|||50|]Sylveon||FairyFeather|Pixilate|HyperVoice,HyperBeam,QuickAttack,Protect|Modest||M|||50|]Kingambit||ExpertBelt|Defiant|KowtowCleave,IronHead,SuckerPunch,LowKick|Adamant||M|||50|\n|\n|t:|1788196020\n|teamsize|p1|4\n|teamsize|p2|4\n|start\n|switch|p1a: Archaludon|Archaludon, L50, F|100/100\n|switch|p1b: Pelipper|Pelipper, L50, F|100/100\n|switch|p2a: Kangaskhan|Kangaskhan, L50, F|100/100\n|switch|p2b: Farigiraf|Farigiraf, L50, F|100/100\n|-weather|RainDance|[from] ability: Drizzle|[of] p1b: Pelipper\n|turn|1\n|\n|t:|1788196039\n|move|p1b: Pelipper|Helping Hand|p1a: Archaludon\n|-singleturn|p1a: Archaludon|Helping Hand|[of] p1b: Pelipper\n|move|p2a: Kangaskhan|Fake Out|p1b: Pelipper\n|-damage|p1b: Pelipper|79/100\n|-damage|p2a: Kangaskhan|90/100|[from] item: Life Orb\n|move|p1a: Archaludon|Electro Shot||[still]\n|-prepare|p1a: Archaludon|Electro Shot\n|-boost|p1a: Archaludon|spa|1\n|-anim|p1a: Archaludon|Electro Shot|p2b: Farigiraf\n|-damage|p2b: Farigiraf|30/100\n|-enditem|p2b: Farigiraf|Sitrus Berry|[eat]\n|-heal|p2b: Farigiraf|55/100|[from] item: Sitrus Berry\n|move|p2b: Farigiraf|Trick Room|p2b: Farigiraf\n|-fieldstart|move: Trick Room|[of] p2b: Farigiraf\n|\n|-weather|RainDance|[upkeep]\n|upkeep\n|turn|2\n|\n|t:|1788196075\n|move|p2b: Farigiraf|Thunderbolt|p1b: Pelipper\n|-supereffective|p1b: Pelipper|2\n|-damage|p1b: Pelipper|0 fnt\n|faint|p1b: Pelipper\n|move|p2a: Kangaskhan|Hammer Arm|p1a: Archaludon\n|-supereffective|p1a: Archaludon|1\n|-damage|p1a: Archaludon|35/100\n|-unboost|p2a: Kangaskhan|spe|1\n|-ability|p1a: Archaludon|Stamina|boost\n|-boost|p1a: Archaludon|def|1\n|-damage|p2a: Kangaskhan|80/100|[from] item: Life Orb\n|move|p1a: Archaludon|Electro Shot||[still]\n|-prepare|p1a: Archaludon|Electro Shot\n|-boost|p1a: Archaludon|spa|1\n|-anim|p1a: Archaludon|Electro Shot|p2b: Farigiraf\n|-damage|p2b: Farigiraf|0 fnt\n|faint|p2b: Farigiraf\n|\n|-weather|RainDance|[upkeep]\n|-heal|p1a: Archaludon|41/100|[from] item: Leftovers\n|upkeep\n|\n|t:|1788196107\n|switch|p2b: Sylveon|Sylveon, L50, M|100/100\n|switch|p1b: Meowstic|Meowstic, L50, M|100/100\n|turn|3\n|\n|t:|1788196142\n|switch|p2b: Camerupt|Camerupt, L50, F|100/100\n|move|p1a: Archaludon|Protect|p1a: Archaludon\n|-singleturn|p1a: Archaludon|Protect\n|move|p1b: Meowstic|Yawn|p2b: Camerupt\n|-start|p2b: Camerupt|move: Yawn|[of] p1b: Meowstic\n|move|p2a: Kangaskhan|Double-Edge|p1b: Meowstic\n|-damage|p1b: Meowstic|11/100\n|-damage|p2a: Kangaskhan|55/100|[from] Recoil\n|-damage|p2a: Kangaskhan|45/100|[from] item: Life Orb\n|\n|-weather|RainDance|[upkeep]\n|-heal|p1a: Archaludon|47/100|[from] item: Leftovers\n|upkeep\n|turn|4\n|\n|t:|1788196167\n|detailschange|p2b: Camerupt|Camerupt-Mega, L50, F\n|-mega|p2b: Camerupt|Camerupt|Cameruptite\n|move|p1a: Archaludon|Protect||[still]\n|-fail|p1a: Archaludon\n|move|p1b: Meowstic|Yawn|p2a: Kangaskhan\n|-start|p2a: Kangaskhan|move: Yawn|[of] p1b: Meowstic\n|move|p2b: Camerupt|Earth Power|p1a: Archaludon\n|-supereffective|p1a: Archaludon|1\n|-damage|p1a: Archaludon|0 fnt\n|faint|p1a: Archaludon\n|move|p2a: Kangaskhan|Double-Edge|p1b: Meowstic\n|-damage|p1b: Meowstic|0 fnt\n|faint|p1b: Meowstic\n|-damage|p2a: Kangaskhan|42/100|[from] Recoil\n|-damage|p2a: Kangaskhan|33/100|[from] item: Life Orb\n|\n|-weather|RainDance|[upkeep]\n|-end|p2b: Camerupt|move: Yawn|[silent]\n|-status|p2b: Camerupt|slp\n|upkeep\n|\n|t:|1788196184\n|switch|p1b: Swampert|Swampert, L50, F|100/100\n|turn|5\n|\n|t:|1788196209\n|detailschange|p1b: Swampert|Swampert-Mega, L50, F\n|-mega|p1b: Swampert|Swampert|Swampertite\n|cant|p2b: Camerupt|slp\n|move|p2a: Kangaskhan|Double-Edge|p1b: Swampert\n|-damage|p1b: Swampert|31/100\n|-damage|p2a: Kangaskhan|12/100|[from] Recoil\n|-damage|p2a: Kangaskhan|2/100|[from] item: Life Orb\n|move|p1b: Swampert|Earthquake|p2a: Kangaskhan|[spread] p2a,p2b\n|-supereffective|p2b: Camerupt|1\n|-damage|p2a: Kangaskhan|0 fnt\n|-damage|p2b: Camerupt|1/100 slp\n|faint|p2a: Kangaskhan\n|\n|-weather|none\n|-fieldend|move: Trick Room\n|upkeep\n|\n|t:|1788196219\n|switch|p2a: Sylveon|Sylveon, L50, M|100/100\n|turn|6\n|\n|t:|1788196235\n|move|p1b: Swampert|Wave Crash|p2a: Sylveon\n|-damage|p2a: Sylveon|0 fnt\n|faint|p2a: Sylveon\n|-damage|p1b: Swampert|1/100|[from] Recoil\n|cant|p2b: Camerupt|slp\n|\n|upkeep\n|turn|7\n|\n|t:|1788196244\n|move|p1b: Swampert|Earthquake|p2b: Camerupt\n|-supereffective|p2b: Camerupt|1\n|-damage|p2b: Camerupt|0 fnt\n|faint|p2b: Camerupt\n|\n|win|walaye\n||walaye is ready for game 2.\n||dtcha is ready for game 2.\n|uhtml|next|Next: <a href=\"/battle-gen9championsvgc2026regmbbo3-2673425334\"><strong>Game 2 of 3</strong></a>\n","uploadtime":1788196493,"views":"1","formatid":"gen9championsvgc2026regmbbo3","rating":null,"private":0,"password":null}