{"id":"gen9championsvgc2026regmbbo3-2674392316","format":"[Gen 9 Champions] VGC 2026 Reg M-B (Bo3)","players":["Pawah","SHyperdestroyerVGC"],"log":"|j|☆Pawah\n|j|☆SHyperdestroyerVGC\n|html|<table width=\"100%\"><tr><td align=\"left\">Pawah</td><td align=\"right\">SHyperdestroyerVGC</tr><tr><td align=\"left\"><i class=\"fa fa-circle\"></i> <i class=\"fa fa-circle-o\"></i> </td><td align=\"right\"><i class=\"fa fa-circle-o\"></i> <i class=\"fa fa-circle-o\"></i> </tr></table>\n|uhtml|bestof|<h2><strong>Game 2</strong> of <a href=\"/game-bestof3-gen9championsvgc2026regmbbo3-2674391373\">a best-of-3</a></h2>\n|t:|1788353922\n|gametype|doubles\n|player|p1|Pawah|ethan|1270\n|player|p2|SHyperdestroyerVGC|lady|1277\n|gen|9\n|tier|[Gen 9 Champions] VGC 2026 Reg M-B (Bo3)\n|rated|\n|rule|Species Clause: Limit one of each Pokémon\n|rule|Item Clause: Limit 1 of each item\n|clearpoke\n|poke|p1|Froslass, L50, F|\n|poke|p1|Scovillain, L50, M, shiny|\n|poke|p1|Basculegion, L50, M|\n|poke|p1|Kingambit, L50, F|\n|poke|p1|Sneasler, L50, M|\n|poke|p1|Lycanroc-Dusk, L50, M|\n|poke|p2|Froslass, L50, F|\n|poke|p2|Kingambit, L50, M|\n|poke|p2|Sneasler, L50, M|\n|poke|p2|Talonflame, L50, F|\n|poke|p2|Garchomp, L50, M|\n|poke|p2|Basculegion, L50, M|\n|teampreview|4\n|showteam|p1|Froslass||Froslassite|CursedBody|Blizzard,ShadowBall,AuroraVeil,Protect|Modest||F|||50|]Scovillain||Scovillainite|Moody|GigaDrain,Overheat,RagePowder,Protect|Bold||M|||50|]Basculegion||SitrusBerry|Adaptability|WaveCrash,LastRespects,AquaJet,Protect|Adamant||M|||50|]Kingambit||BlackGlasses|Defiant|KowtowCleave,SuckerPunch,SwordsDance,Protect|Adamant||F|||50|]Sneasler||WhiteHerb|Unburden|CloseCombat,GunkShot,Protect,FakeOut|Adamant||M|||50|]Lycanroc-Dusk||FocusSash|ToughClaws|CloseCombat,Accelerock,RockSlide,Protect|Adamant||M|||50|\n|showteam|p2|Froslass||Froslassite|SnowCloak|Blizzard,AuroraVeil,ShadowBall,Protect|Modest||F|||50|]Kingambit||BlackGlasses|Defiant|KowtowCleave,SuckerPunch,IronHead,Protect|Adamant||M|||50|]Sneasler||WhiteHerb|Unburden|FakeOut,CloseCombat,DireClaw,Protect|Adamant||M|||50|]Talonflame||FocusSash|GaleWings|DualWingbeat,FlareBlitz,Tailwind,Protect|Jolly||F|||50|]Garchomp||RoseliBerry|RoughSkin|DragonClaw,Earthquake,RockSlide,PoisonJab|Adamant||M|||50|]Basculegion||MysticWater|Adaptability|AquaJet,LastRespects,WaveCrash,Protect|Adamant||M|||50|\n|inactive|Battle timer is ON: inactive players will automatically lose when time's up. (requested by Pawah)\n|\n|t:|1788353941\n|teamsize|p1|4\n|teamsize|p2|4\n|start\n|switch|p1a: Scovillain|Scovillain, L50, M, shiny|100/100\n|switch|p1b: Basculegion|Basculegion, L50, M|100/100\n|switch|p2a: Froslass|Froslass, L50, F|100/100\n|switch|p2b: Kingambit|Kingambit, L50, M|100/100\n|turn|1\n|\n|t:|1788353959\n|switch|p1b: Kingambit|Kingambit, L50, F|100/100\n|switch|p2b: Talonflame|Talonflame, L50, F|100/100\n|detailschange|p2a: Froslass|Froslass-Mega, L50, F\n|-mega|p2a: Froslass|Froslass|Froslassite\n|-weather|Snowscape|[from] ability: Snow Warning|[of] p2a: Froslass\n|detailschange|p1a: Scovillain|Scovillain-Mega, L50, M, shiny\n|-mega|p1a: Scovillain|Scovillain|Scovillainite\n|move|p2a: Froslass|Aurora Veil|p2a: Froslass\n|-sidestart|p2: SHyperdestroyerVGC|move: Aurora Veil\n|move|p1a: Scovillain|Overheat|p2a: Froslass\n|-supereffective|p2a: Froslass|1\n|-damage|p2a: Froslass|6/100\n|-unboost|p1a: Scovillain|spa|2\n|\n|-weather|Snowscape|[upkeep]\n|upkeep\n|turn|2\n|\n|t:|1788353972\n|switch|p2a: Sneasler|Sneasler, L50, M|100/100\n|move|p2b: Talonflame|Protect|p2b: Talonflame\n|-singleturn|p2b: Talonflame|Protect\n|move|p1a: Scovillain|Rage Powder|p1a: Scovillain\n|-singleturn|p1a: Scovillain|move: Rage Powder\n|move|p1b: Kingambit|Swords Dance|p1b: Kingambit\n|-boost|p1b: Kingambit|atk|2\n|\n|-weather|Snowscape|[upkeep]\n|upkeep\n|turn|3\n|\n|t:|1788353980\n|move|p2a: Sneasler|Protect|p2a: Sneasler\n|-singleturn|p2a: Sneasler|Protect\n|move|p1a: Scovillain|Protect|p1a: Scovillain\n|-singleturn|p1a: Scovillain|Protect\n|move|p1b: Kingambit|Protect|p1b: Kingambit\n|-singleturn|p1b: Kingambit|Protect\n|move|p2b: Talonflame|Dual Wingbeat|p1a: Scovillain\n|-activate|p1a: Scovillain|move: Protect\n|\n|-weather|Snowscape|[upkeep]\n|upkeep\n|turn|4\n|\n|t:|1788353991\n|switch|p2a: Kingambit|Kingambit, L50, M|100/100\n|move|p1a: Scovillain|Rage Powder|p1a: Scovillain\n|-singleturn|p1a: Scovillain|move: Rage Powder\n|move|p2b: Talonflame|Dual Wingbeat|p1a: Scovillain\n|-supereffective|p1a: Scovillain|1\n|-crit|p1a: Scovillain\n|-damage|p1a: Scovillain|56/100\n|-supereffective|p1a: Scovillain|1\n|-damage|p1a: Scovillain|27/100\n|-hitcount|p1a: Scovillain|2\n|move|p1b: Kingambit|Sucker Punch||[still]\n|-fail|p1b: Kingambit\n|\n|-weather|Snowscape|[upkeep]\n|upkeep\n|turn|5\n|\n|t:|1788354008\n|switch|p2a: Sneasler|Sneasler, L50, M|100/100\n|move|p1a: Scovillain|Protect|p1a: Scovillain\n|-singleturn|p1a: Scovillain|Protect\n|move|p2b: Talonflame|Flare Blitz|p1b: Kingambit\n|-supereffective|p1b: Kingambit|1\n|-damage|p1b: Kingambit|32/100\n|-damage|p2b: Talonflame|69/100|[from] Recoil\n|move|p1b: Kingambit|Kowtow Cleave|p2b: Talonflame\n|-damage|p2b: Talonflame|0 fnt\n|faint|p2b: Talonflame\n|\n|-weather|none\n|-sideend|p2: SHyperdestroyerVGC|move: Aurora Veil\n|upkeep\n|\n|t:|1788354023\n|switch|p2b: Kingambit|Kingambit, L50, M|100/100\n|turn|6\n|\n|t:|1788354026\n|move|p1b: Kingambit|Protect|p1b: Kingambit\n|-singleturn|p1b: Kingambit|Protect\n|move|p2a: Sneasler|Fake Out|p1b: Kingambit\n|-activate|p1b: Kingambit|move: Protect\n|move|p1a: Scovillain|Rage Powder|p1a: Scovillain\n|-singleturn|p1a: Scovillain|move: Rage Powder\n|move|p2b: Kingambit|Kowtow Cleave|p1a: Scovillain\n|-damage|p1a: Scovillain|0 fnt\n|-status|p2b: Kingambit|brn|[from] ability: Spicy Spray|[of] p1a: Scovillain\n|faint|p1a: Scovillain\n|\n|-damage|p2b: Kingambit|94/100 brn|[from] brn\n|upkeep\n|\n|t:|1788354034\n|switch|p1a: Sneasler|Sneasler, L50, M|100/100\n|turn|7\n|\n|t:|1788354048\n|move|p2a: Sneasler|Protect|p2a: Sneasler\n|-singleturn|p2a: Sneasler|Protect\n|move|p1b: Kingambit|Sucker Punch||[still]\n|-fail|p1b: Kingambit\n|move|p1a: Sneasler|Close Combat|p2b: Kingambit\n|-supereffective|p2b: Kingambit|2\n|-damage|p2b: Kingambit|0 fnt\n|-unboost|p1a: Sneasler|def|1\n|-unboost|p1a: Sneasler|spd|1\n|faint|p2b: Kingambit\n|-enditem|p1a: Sneasler|White Herb\n|-clearnegativeboost|p1a: Sneasler|[silent]\n|\n|upkeep\n|\n|t:|1788354054\n|switch|p2b: Froslass|Froslass-Mega, L50, F|6/100\n|-weather|Snowscape|[from] ability: Snow Warning|[of] p2b: Froslass\n|turn|8\n|-message|SHyperdestroyerVGC forfeited.\n|\n|win|Pawah\n|raw|Pawah's rating: 1270 &rarr; <strong>1296</strong><br />(+26 for winning)\n|raw|SHyperdestroyerVGC's rating: 1277 &rarr; <strong>1251</strong><br />(-26 for losing)\n","uploadtime":1788354057,"views":"0","formatid":"gen9championsvgc2026regmbbo3","rating":1251,"private":0,"password":null}