{"id":"gen9championsvgc2026regmbbo3-2673449203","format":"[Gen 9 Champions] VGC 2026 Reg M-B (Bo3)","players":["testeifie","testdigi"],"log":"|j|☆testeifie\n|j|☆testdigi\n|html|<table width=\"100%\"><tr><td align=\"left\">testeifie</td><td align=\"right\">testdigi</tr><tr><td align=\"left\"><i class=\"fa fa-circle\"></i> <i class=\"fa fa-circle-o\"></i> </td><td align=\"right\"><i class=\"fa fa-circle-o\"></i> <i class=\"fa fa-circle\"></i> </tr></table>\n|uhtml|bestof|<h2><strong>Game 3</strong> of <a href=\"/game-bestof3-gen9championsvgc2026regmbbo3-2673444429\">a best-of-3</a></h2>\n|t:|1788199116\n|gametype|doubles\n|player|p1|testeifie|winona|1388\n|player|p2|testdigi|169|1296\n|gen|9\n|tier|[Gen 9 Champions] VGC 2026 Reg M-B (Bo3)\n|rated|\n|rule|Species Clause: Limit one of each Pokémon\n|rule|Item Clause: Limit 1 of each item\n|clearpoke\n|poke|p1|Blaziken, L50, M|\n|poke|p1|Kingambit, L50, F|\n|poke|p1|Whimsicott, L50, M|\n|poke|p1|Garchomp, L50, F|\n|poke|p1|Basculegion, L50, M|\n|poke|p1|Floette-Eternal, L50, F|\n|poke|p2|Staraptor, L50, F, shiny|\n|poke|p2|Arcanine-Hisui, L50, F, shiny|\n|poke|p2|Kingambit, L50, M, shiny|\n|poke|p2|Sylveon, L50, F, shiny|\n|poke|p2|Raichu, L50, F, shiny|\n|poke|p2|Farigiraf, L50, F, shiny|\n|teampreview|4\n|showteam|p1|Blaziken||Blazikenite|SpeedBoost|CloseCombat,FlareBlitz,RockSlide,Detect|Adamant||M|||50|]Kingambit||FocusSash|Defiant|KowtowCleave,IronHead,SuckerPunch,Protect|Adamant||F|||50|]Whimsicott||FairyFeather|Prankster|Moonblast,Tailwind,Encore,Protect|Timid||M|||50|]Garchomp||SitrusBerry|RoughSkin|DragonClaw,StompingTantrum,RockSlide,Protect|Jolly||F|||50|]Basculegion||LifeOrb|Adaptability|WaveCrash,LastRespects,AquaJet,Protect|Adamant||M|||50|]Floette-Eternal||Floettite|FlowerVeil|DazzlingGleam,Moonblast,LightofRuin,Protect|Modest||F|||50|\n|showteam|p2|Staraptor||Staraptite|Intimidate|DualWingbeat,CloseCombat,Tailwind,Protect|Jolly||F|||50|]Arcanine-Hisui||FocusSash|RockHead|FlareBlitz,HeadSmash,ExtremeSpeed,Protect|Jolly||F|||50|]Kingambit||LifeOrb|Defiant|KowtowCleave,SuckerPunch,SwordsDance,Protect|Adamant||M|||50|]Sylveon||FairyFeather|Pixilate|HyperVoice,HyperBeam,QuickAttack,Detect|Modest||F|||50|]Raichu||RaichuniteY|LightningRod|ZapCannon,FocusBlast,FakeOut,Protect|Timid||F|||50|]Farigiraf||SitrusBerry|ArmorTail|Psychic,Imprison,TrickRoom,Protect|Calm||F|||50|\n|\n|t:|1788199148\n|teamsize|p1|4\n|teamsize|p2|4\n|start\n|switch|p1a: Whimsicott|Whimsicott, L50, M|100/100\n|switch|p1b: Floette|Floette-Eternal, L50, F|100/100\n|switch|p2a: Wasabi|Arcanine-Hisui, L50, F, shiny|100/100\n|switch|p2b: Big Chu|Raichu, L50, F, shiny|100/100\n|turn|1\n|\n|t:|1788199162\n|detailschange|p2b: Big Chu|Raichu-Mega-Y, L50, F, shiny\n|-mega|p2b: Big Chu|Raichu|Raichunite Y\n|move|p1a: Whimsicott|Protect|p1a: Whimsicott\n|-singleturn|p1a: Whimsicott|Protect\n|move|p1b: Floette|Protect|p1b: Floette\n|-singleturn|p1b: Floette|Protect\n|move|p2b: Big Chu|Fake Out|p1b: Floette\n|-activate|p1b: Floette|move: Protect\n|move|p2a: Wasabi|Flare Blitz|p1a: Whimsicott\n|-activate|p1a: Whimsicott|move: Protect\n|\n|upkeep\n|turn|2\n|\n|t:|1788199183\n|switch|p2b: Fridge|Farigiraf, L50, F, shiny|100/100\n|detailschange|p1b: Floette|Floette-Mega, L50, F\n|-mega|p1b: Floette|Floette|Floettite\n|-ability|p1b: Floette|Fairy Aura\n|move|p1a: Whimsicott|Tailwind|p1a: Whimsicott\n|-sidestart|p1: testeifie|move: Tailwind\n|move|p1b: Floette|Dazzling Gleam|p2b: Fridge|[spread] p2a,p2b\n|-resisted|p2a: Wasabi|1\n|-damage|p2a: Wasabi|68/100\n|-damage|p2b: Fridge|63/100\n|move|p2a: Wasabi|Flare Blitz|p1a: Whimsicott\n|-supereffective|p1a: Whimsicott|1\n|-damage|p1a: Whimsicott|0 fnt\n|faint|p1a: Whimsicott\n|\n|upkeep\n|\n|t:|1788199236\n|switch|p1a: Kingambit|Kingambit, L50, F|100/100\n|turn|3\n|\n|t:|1788199253\n|move|p1b: Floette|Light of Ruin|p2a: Wasabi\n|-resisted|p2a: Wasabi|1\n|-damage|p2a: Wasabi|0 fnt\n|faint|p2a: Wasabi\n|-damage|p1b: Floette|60/100|[from] Recoil\n|move|p1a: Kingambit|Kowtow Cleave|p2b: Fridge\n|-supereffective|p2b: Fridge|1\n|-damage|p2b: Fridge|0 fnt\n|faint|p2b: Fridge\n|\n|upkeep\n|\n|t:|1788199257\n|switch|p2a: Flower Man|Staraptor, L50, F, shiny|100/100\n|switch|p2b: Big Chu|Raichu-Mega-Y, L50, F, shiny|100/100\n|-ability|p2a: Flower Man|Intimidate|boost\n|-unboost|p1a: Kingambit|atk|1\n|-ability|p1a: Kingambit|Defiant|boost\n|-boost|p1a: Kingambit|atk|2\n|-unboost|p1b: Floette|atk|1\n|turn|4\n|\n|t:|1788199276\n|move|p2b: Big Chu|Fake Out|p1a: Kingambit\n|-resisted|p1a: Kingambit|1\n|-damage|p1a: Kingambit|96/100\n|move|p1b: Floette|Dazzling Gleam|p2a: Flower Man|[spread] p2a,p2b\n|-damage|p2a: Flower Man|28/100\n|-damage|p2b: Big Chu|33/100\n|cant|p1a: Kingambit|flinch\n|move|p2a: Flower Man|Close Combat|p1a: Kingambit\n|-supereffective|p1a: Kingambit|2\n|-damage|p1a: Kingambit|0 fnt\n|-unboost|p2a: Flower Man|def|1\n|-unboost|p2a: Flower Man|spd|1\n|faint|p1a: Kingambit\n|\n|upkeep\n|\n|t:|1788199281\n|switch|p1a: Basculegion|Basculegion, L50, M|100/100\n|turn|5\n|\n|t:|1788199293\n|move|p2b: Big Chu|Protect|p2b: Big Chu\n|-singleturn|p2b: Big Chu|Protect\n|move|p2a: Flower Man|Protect|p2a: Flower Man\n|-singleturn|p2a: Flower Man|Protect\n|move|p1a: Basculegion|Aqua Jet|p2b: Big Chu\n|-activate|p2b: Big Chu|move: Protect\n|move|p1b: Floette|Dazzling Gleam|p2b: Big Chu|[spread] \n|-activate|p2a: Flower Man|move: Protect\n|-activate|p2b: Big Chu|move: Protect\n|\n|-sideend|p1: testeifie|move: Tailwind\n|upkeep\n|turn|6\n|\n|t:|1788199306\n|move|p1a: Basculegion|Aqua Jet|p2a: Flower Man\n|-damage|p2a: Flower Man|0 fnt\n|faint|p2a: Flower Man\n|-damage|p1a: Basculegion|90/100|[from] item: Life Orb\n|move|p2b: Big Chu|Zap Cannon|p1a: Basculegion\n|-supereffective|p1a: Basculegion|1\n|-damage|p1a: Basculegion|0 fnt\n|faint|p1a: Basculegion\n|move|p1b: Floette|Moonblast|p2b: Big Chu\n|-damage|p2b: Big Chu|0 fnt\n|faint|p2b: Big Chu\n|\n|win|testeifie\n","uploadtime":1788199121,"views":"0","formatid":"gen9championsvgc2026regmbbo3","rating":null,"private":0,"password":null}