{"id":"gen9championsvgc2026regmb-2674027258","format":"[Gen 9 Champions] VGC 2026 Reg M-B","players":["Dvk42","equipo syi"],"log":"|j|☆Dvk42\n|j|☆equipo syi\n|t:|1788289877\n|gametype|doubles\n|player|p1|Dvk42|1|1260\n|player|p2|equipo syi|benga|1346\n|gen|9\n|tier|[Gen 9 Champions] VGC 2026 Reg M-B\n|rated|\n|rule|Species Clause: Limit one of each Pokémon\n|rule|Item Clause: Limit 1 of each item\n|clearpoke\n|poke|p1|Cofagrigus, L50, M, shiny|\n|poke|p1|Mawile, L50, F, shiny|\n|poke|p1|Scrafty, L50, F|\n|poke|p1|Rampardos, L50, M|\n|poke|p1|Dragalge, L50, M, shiny|\n|poke|p1|Wyrdeer, L50, M|\n|poke|p2|Staraptor, L50, M|\n|poke|p2|Grimmsnarl, L50, M|\n|poke|p2|Milotic, L50, M|\n|poke|p2|Sinistcha, L50|\n|poke|p2|Kingambit, L50, F|\n|poke|p2|Raichu, L50, M|\n|teampreview|4\n|inactive|Battle timer is ON: inactive players will automatically lose when time's up. (requested by equipo syi)\nDvk42 has agreed to open team sheets.\n|inactive|Dvk42 has 60 seconds left.\n|inactive|Dvk42 has 30 seconds left.\n|inactive|Dvk42 has 20 seconds left.\n|inactive|Dvk42 has 15 seconds left.\n|inactive|Dvk42 has 10 seconds left.\n|inactive|Dvk42 has 5 seconds left.\n|\n|t:|1788289966\n|teamsize|p1|4\n|teamsize|p2|4\n|start\n|switch|p1a: Cofagrigus|Cofagrigus, L50, M, shiny|100/100\n|switch|p1b: Scrafty|Scrafty, L50, F|100/100\n|switch|p2a: Grimmsnarl|Grimmsnarl, L50, M|100/100\n|switch|p2b: Milotic|Milotic, L50, M|100/100\n|-ability|p1b: Scrafty|Intimidate|boost\n|-unboost|p2a: Grimmsnarl|atk|1\n|-unboost|p2b: Milotic|atk|1\n|-ability|p2b: Milotic|Competitive|boost\n|-boost|p2b: Milotic|spa|2\n|turn|1\n|\n|t:|1788289986\n|move|p2a: Grimmsnarl|Fake Out|p1b: Scrafty\n|-damage|p1b: Scrafty|92/100\n|cant|p1b: Scrafty|flinch\n|move|p2b: Milotic|Scald|p1a: Cofagrigus\n|-damage|p1a: Cofagrigus|50/100g\n|move|p1a: Cofagrigus|Trick Room|p1a: Cofagrigus\n|-fieldstart|move: Trick Room|[of] p1a: Cofagrigus\n|\n|upkeep\n|turn|2\n|inactive|Dvk42 has 30 seconds left.\n|inactive|Dvk42 has 20 seconds left.\n|inactive|Dvk42 has 15 seconds left.\n|inactive|Dvk42 has 10 seconds left.\n|inactive|Dvk42 has 5 seconds left.\n|\n|t:|1788290037\n|move|p1a: Cofagrigus|Protect|p1a: Cofagrigus\n|-singleturn|p1a: Cofagrigus|Protect\n|move|p2a: Grimmsnarl|Reflect|p2a: Grimmsnarl\n|-sidestart|p2: equipo syi|Reflect\n|move|p1b: Scrafty|Knock Off|p2b: Milotic\n|-damage|p2b: Milotic|64/100\n|-enditem|p2b: Milotic|Sitrus Berry|[from] move: Knock Off|[of] p1b: Scrafty\n|move|p2b: Milotic|Scald|p1b: Scrafty\n|-damage|p1b: Scrafty|38/100\n|\n|upkeep\n|turn|3\n|\n|t:|1788290053\n|switch|p1b: Mawile|Mawile, L50, F, shiny|100/100\n|move|p2a: Grimmsnarl|Light Screen|p2a: Grimmsnarl\n|-sidestart|p2: equipo syi|move: Light Screen\n|move|p1a: Cofagrigus|Shadow Ball|p2b: Milotic\n|-damage|p2b: Milotic|51/100\n|-unboost|p2b: Milotic|spd|1\n|-ability|p2b: Milotic|Competitive|boost\n|-boost|p2b: Milotic|spa|2\n|move|p2b: Milotic|Scald|p1a: Cofagrigus\n|-damage|p1a: Cofagrigus|0 fnt\n|faint|p1a: Cofagrigus\n|\n|upkeep\n|\n|t:|1788290070\n|switch|p1a: Scrafty|Scrafty, L50, F|38/100\n|-ability|p1a: Scrafty|Intimidate|boost\n|-unboost|p2a: Grimmsnarl|atk|1\n|-unboost|p2b: Milotic|atk|1\n|-ability|p2b: Milotic|Competitive|boost\n|-boost|p2b: Milotic|spa|2\n|turn|4\n|\n|t:|1788290082\n|detailschange|p1b: Mawile|Mawile-Mega, L50, F, shiny\n|-mega|p1b: Mawile|Mawile|Mawilite\n|move|p2b: Milotic|Protect|p2b: Milotic\n|-singleturn|p2b: Milotic|Protect\n|move|p2a: Grimmsnarl|Parting Shot|p1b: Mawile\n|-unboost|p1b: Mawile|atk|1\n|-unboost|p1b: Mawile|spa|1\n|\n|t:|1788290090\n|switch|p2a: Sinistcha|Sinistcha, L50|100/100|[from] Parting Shot\n|-heal|p2b: Milotic|76/100|[from] ability: Hospitality|[of] p2a: Sinistcha\n|move|p1b: Mawile|Iron Head|p2a: Sinistcha\n|-damage|p2a: Sinistcha|72/100\n|move|p1a: Scrafty|Drain Punch|p2b: Milotic\n|-activate|p2b: Milotic|move: Protect\n|\n|-heal|p2a: Sinistcha|78/100|[from] item: Leftovers\n|upkeep\n|turn|5\n|\n|t:|1788290107\n|move|p1b: Mawile|Play Rough|p2b: Milotic\n|-damage|p2b: Milotic|28/100\n|move|p1a: Scrafty|Knock Off|p2a: Sinistcha\n|-supereffective|p2a: Sinistcha|1\n|-damage|p2a: Sinistcha|26/100\n|-enditem|p2a: Sinistcha|Leftovers|[from] move: Knock Off|[of] p1a: Scrafty\n|move|p2a: Sinistcha|Matcha Gotcha|p1a: Scrafty|[spread] p1a,p1b\n|-resisted|p1b: Mawile|1\n|-damage|p1a: Scrafty|15/100\n|-heal|p2a: Sinistcha|39/100|[from] drain|[of] p1a: Scrafty\n|-damage|p1b: Mawile|85/100\n|-heal|p2a: Sinistcha|46/100|[from] drain|[of] p1b: Mawile\n|move|p2b: Milotic|Scald|p1a: Scrafty\n|-damage|p1a: Scrafty|0 fnt\n|faint|p1a: Scrafty\n|\n|-fieldend|move: Trick Room\n|upkeep\n|\n|t:|1788290122\n|switch|p1a: Wyrdeer|Wyrdeer, L50, M|100/100\n|-ability|p1a: Wyrdeer|Intimidate|boost\n|-unboost|p2a: Sinistcha|atk|1\n|-unboost|p2b: Milotic|atk|1\n|-boost|p2b: Milotic|spa|0\n|turn|6\n|\n|t:|1788290130\n|move|p1b: Mawile|Sucker Punch|p2b: Milotic\n|-damage|p2b: Milotic|5/100\n|move|p2b: Milotic|Scald|p1b: Mawile\n|-damage|p1b: Mawile|0 fnt\n|faint|p1b: Mawile\n|move|p2a: Sinistcha|Strength Sap|p1a: Wyrdeer\n|-unboost|p1a: Wyrdeer|atk|1\n|-heal|p2a: Sinistcha|100/100\n|move|p1a: Wyrdeer|Trick Room|p1a: Wyrdeer\n|-fieldstart|move: Trick Room|[of] p1a: Wyrdeer\n|\n|upkeep\n|turn|7\n|\n|t:|1788290136\n|move|p2a: Sinistcha|Rage Powder|p2a: Sinistcha\n|-singleturn|p2a: Sinistcha|move: Rage Powder\n|move|p1a: Wyrdeer|Psyshield Bash|p2a: Sinistcha\n|-damage|p2a: Sinistcha|85/100\n|-boost|p1a: Wyrdeer|def|1\n|move|p2b: Milotic|Scald|p1a: Wyrdeer\n|-damage|p1a: Wyrdeer|0 fnt\n|faint|p1a: Wyrdeer\n|\n|win|equipo syi\n|raw|Dvk42's rating: 1260 &rarr; <strong>1241</strong><br />(-19 for losing)\n|raw|equipo syi's rating: 1346 &rarr; <strong>1361</strong><br />(+15 for winning)\n|l|☆Dvk42\n|player|p1|\n","uploadtime":1788290147,"views":"1","formatid":"gen9championsvgc2026regmb","rating":1241,"private":0,"password":null}