{"id":"gen9championsvgc2026regmbbo3-2674142005","format":"[Gen 9 Champions] VGC 2026 Reg M-B (Bo3)","players":["MagicalarperLarper","grabbingpawns"],"log":"|j|☆MagicalarperLarper\n|j|☆grabbingpawns\n|html|<table width=\"100%\"><tr><td align=\"left\">MagicalarperLarper</td><td align=\"right\">grabbingpawns</tr><tr><td align=\"left\"><i class=\"fa fa-circle-o\"></i> <i class=\"fa fa-circle-o\"></i> </td><td align=\"right\"><i class=\"fa fa-circle-o\"></i> <i class=\"fa fa-circle-o\"></i> </tr></table>\n|uhtml|bestof|<h2><strong>Game 1</strong> of <a href=\"/game-bestof3-gen9championsvgc2026regmbbo3-2674142004\">a best-of-3</a></h2>\n|t:|1788305361\n|gametype|doubles\n|player|p1|MagicalarperLarper|palmer|1436\n|player|p2|grabbingpawns|hilda-masters4|1400\n|gen|9\n|tier|[Gen 9 Champions] VGC 2026 Reg M-B (Bo3)\n|rated|\n|rule|Species Clause: Limit one of each Pokémon\n|rule|Item Clause: Limit 1 of each item\n|clearpoke\n|poke|p1|Charizard, L50, M|\n|poke|p1|Sinistcha, L50|\n|poke|p1|Incineroar, L50, F|\n|poke|p1|Toxapex, L50, M|\n|poke|p1|Dragonite, L50, F|\n|poke|p1|Delphox, L50, F|\n|poke|p2|Venusaur, L50, M|\n|poke|p2|Charizard, L50, M|\n|poke|p2|Garchomp, L50, M|\n|poke|p2|Sylveon, L50, M|\n|poke|p2|Incineroar, L50, M|\n|poke|p2|Toxapex, L50, M|\n|teampreview|4\n|showteam|p1|Charizard||CharizarditeY|Blaze|WeatherBall,HeatWave,SolarBeam,Protect|Modest||M|||50|]Sinistcha||OccaBerry|Hospitality|MatchaGotcha,RagePowder,LifeDew,Protect|Relaxed|||||50|]Incineroar||SitrusBerry|Intimidate|FakeOut,FlareBlitz,PartingShot,Protect|Careful||F|||50|]Toxapex||Leftovers|Regenerator|Infestation,Toxic,WideGuard,BanefulBunker|Relaxed||M|||50|]Dragonite||LifeOrb|InnerFocus|DragonClaw,Superpower,ExtremeSpeed,Protect|Adamant||F|||50|]Delphox||Delphoxite|Blaze|HeatWave,Psychic,Substitute,Protect|Modest||F|||50|\n|showteam|p2|Venusaur||LifeOrb|Chlorophyll|LeafStorm,SludgeBomb,EarthPower,Protect|Modest||M|||50|]Charizard||CharizarditeY|Blaze|HeatWave,WeatherBall,AncientPower,Protect|Timid||M|||50|]Garchomp||ChoiceScarf|RoughSkin|DragonClaw,Earthquake,RockSlide,StompingTantrum|Adamant||M|||50|]Sylveon||FairyFeather|Pixilate|HyperVoice,QuickAttack,Yawn,Detect|Modest||M|||50|]Incineroar||SitrusBerry|Intimidate|FakeOut,ThroatChop,FlareBlitz,PartingShot|Impish||M|||50|]Toxapex||Leftovers|Regenerator|Infestation,Toxic,WideGuard,BanefulBunker|Bold||M|||50|\n|c|☆MagicalarperLarper|glhf\n|\n|t:|1788305417\n|teamsize|p1|4\n|teamsize|p2|4\n|start\n|switch|p1a: Incineroar|Incineroar, L50, F|100/100\n|switch|p1b: Delphox|Delphox, L50, F|100/100\n|switch|p2a: Incineroar|Incineroar, L50, M|100/100\n|switch|p2b: Toxapex|Toxapex, L50, M|100/100\n|-ability|p1a: Incineroar|Intimidate|boost\n|-unboost|p2a: Incineroar|atk|1\n|-unboost|p2b: Toxapex|atk|1\n|-ability|p2a: Incineroar|Intimidate|boost\n|-unboost|p1a: Incineroar|atk|1\n|-unboost|p1b: Delphox|atk|1\n|turn|1\n|\n|t:|1788305431\n|detailschange|p1b: Delphox|Delphox-Mega, L50, F\n|-mega|p1b: Delphox|Delphox|Delphoxite\n|move|p1a: Incineroar|Fake Out|p2a: Incineroar\n|-damage|p2a: Incineroar|94/100\n|cant|p2a: Incineroar|flinch\n|move|p1b: Delphox|Substitute|p1b: Delphox\n|-start|p1b: Delphox|Substitute\n|-damage|p1b: Delphox|75/100\n|move|p2b: Toxapex|Toxic||[still]\n|-fail|p2b: Toxapex\n|\n|upkeep\n|turn|2\n|\n|t:|1788305446\n|move|p1b: Delphox|Protect|p1b: Delphox\n|-singleturn|p1b: Delphox|Protect\n|move|p1a: Incineroar|Parting Shot|p2a: Incineroar\n|-unboost|p2a: Incineroar|atk|1\n|-unboost|p2a: Incineroar|spa|1\n|\n|t:|1788305450\n|switch|p1a: Toxapex|Toxapex, L50, M|100/100|[from] Parting Shot\n|move|p2a: Incineroar|Throat Chop|p1b: Delphox\n|-activate|p1b: Delphox|move: Protect\n|move|p2b: Toxapex|Toxic|p1a: Toxapex\n|-immune|p1a: Toxapex\n|\n|upkeep\n|turn|3\n|\n|t:|1788305470\n|move|p1b: Delphox|Psychic|p2b: Toxapex\n|-supereffective|p2b: Toxapex|1\n|-damage|p2b: Toxapex|26/100\n|move|p2a: Incineroar|Parting Shot|p1b: Delphox\n|-unboost|p1b: Delphox|atk|1\n|-unboost|p1b: Delphox|spa|1\n|\n|t:|1788305478\n|switch|p2a: Garchomp|Garchomp, L50, M|100/100|[from] Parting Shot\n|move|p2b: Toxapex|Infestation|p1a: Toxapex\n|-resisted|p1a: Toxapex|1\n|-damage|p1a: Toxapex|98/100\n|-activate|p1a: Toxapex|move: Infestation|[of] p2b: Toxapex\n|move|p1a: Toxapex|Toxic|p2a: Garchomp\n|-status|p2a: Garchomp|tox\n|\n|-heal|p2b: Toxapex|31/100|[from] item: Leftovers\n|-heal|p1a: Toxapex|100/100|[from] item: Leftovers\n|-damage|p2a: Garchomp|93/100 tox|[from] psn\n|-damage|p1a: Toxapex|87/100|[from] move: Infestation|[partiallytrapped]\n|upkeep\n|turn|4\n|\n|t:|1788305496\n|move|p1a: Toxapex|Baneful Bunker|p1a: Toxapex\n|-singleturn|p1a: Toxapex|move: Protect\n|move|p2a: Garchomp|Dragon Claw|p1b: Delphox\n|-end|p1b: Delphox|Substitute\n|move|p1b: Delphox|Psychic|p2b: Toxapex\n|-supereffective|p2b: Toxapex|1\n|-damage|p2b: Toxapex|0 fnt\n|faint|p2b: Toxapex\n|\n|-heal|p1a: Toxapex|93/100|[from] item: Leftovers\n|-damage|p2a: Garchomp|81/100 tox|[from] psn\n|-end|p1a: Toxapex|Infestation|[partiallytrapped]|[silent]\n|upkeep\n|\n|t:|1788305511\n|switch|p2b: Charizard|Charizard, L50, M|100/100\n|turn|5\n|\n|t:|1788305528\n|switch|p1b: Incineroar|Incineroar, L50, F|100/100\n|-ability|p1b: Incineroar|Intimidate|boost\n|-unboost|p2a: Garchomp|atk|1\n|-unboost|p2b: Charizard|atk|1\n|detailschange|p2b: Charizard|Charizard-Mega-Y, L50, M\n|-mega|p2b: Charizard|Charizard|Charizardite Y\n|-weather|SunnyDay|[from] ability: Drought|[of] p2b: Charizard\n|move|p2a: Garchomp|Dragon Claw|p1a: Toxapex\n|-damage|p1a: Toxapex|74/100\n|move|p2b: Charizard|Ancient Power|p1a: Toxapex\n|-damage|p1a: Toxapex|57/100\n|move|p1a: Toxapex|Toxic|p2b: Charizard\n|-status|p2b: Charizard|tox\n|\n|-weather|SunnyDay|[upkeep]\n|-heal|p1a: Toxapex|63/100|[from] item: Leftovers\n|-damage|p2a: Garchomp|63/100 tox|[from] psn\n|-damage|p2b: Charizard|94/100 tox|[from] psn\n|upkeep\n|turn|6\n|\n|t:|1788305548\n|switch|p2a: Incineroar|Incineroar, L50, M|94/100\n|-ability|p2a: Incineroar|Intimidate|boost\n|-unboost|p1a: Toxapex|atk|1\n|-unboost|p1b: Incineroar|atk|1\n|move|p1b: Incineroar|Fake Out|p2b: Charizard\n|-damage|p2b: Charizard|85/100 tox\n|cant|p2b: Charizard|flinch\n|move|p1a: Toxapex|Infestation|p2a: Incineroar\n|-damage|p2a: Incineroar|91/100\n|-activate|p2a: Incineroar|move: Infestation|[of] p1a: Toxapex\n|\n|-weather|SunnyDay|[upkeep]\n|-heal|p1a: Toxapex|68/100|[from] item: Leftovers\n|-damage|p2b: Charizard|74/100 tox|[from] psn\n|-damage|p2a: Incineroar|78/100|[from] move: Infestation|[partiallytrapped]\n|upkeep\n|turn|7\n|-message|grabbingpawns forfeited.\n|\n|win|MagicalarperLarper\n||grabbingpawns is ready for game 2.\n||MagicalarperLarper is ready for game 2.\n|uhtml|next|Next: <a href=\"/battle-gen9championsvgc2026regmbbo3-2674143347\"><strong>Game 2 of 3</strong></a>\n|l|☆grabbingpawns\n|player|p2|\n","uploadtime":1788305855,"views":"5","formatid":"gen9championsvgc2026regmbbo3","rating":null,"private":0,"password":null}