{"id":"gen9championsvgc2026regmb-2674763730","format":"[Gen 9 Champions] VGC 2026 Reg M-B","players":["sleepydrawer75","xm2thearteest"],"log":"|j|☆sleepydrawer75\n|j|☆xm2thearteest\n|t:|1788402449\n|gametype|doubles\n|player|p1|sleepydrawer75|ingo|\n|player|p2|xm2thearteest|sabrina|\n|gen|9\n|tier|[Gen 9 Champions] VGC 2026 Reg M-B\n|rule|Species Clause: Limit one of each Pokémon\n|rule|Item Clause: Limit 1 of each item\n|clearpoke\n|poke|p1|Scrafty, L50, M, shiny|\n|poke|p1|Toxapex, L50, M, shiny|\n|poke|p1|Vileplume, L50, M|\n|poke|p1|Torkoal, L50, F|\n|poke|p1|Staraptor, L50, F, shiny|\n|poke|p1|Rotom-Wash, L50, shiny|\n|poke|p2|Garchomp, L50, F|\n|poke|p2|Scovillain, L50, F|\n|poke|p2|Basculegion, L50, M|\n|poke|p2|Froslass, L50, F|\n|poke|p2|Sableye, L50, M|\n|poke|p2|Milotic, L50, F|\n|teampreview|4\n|inactive|Battle timer is ON: inactive players will automatically lose when time's up. (requested by xm2thearteest)\n|inactive|sleepydrawer75 has 60 seconds left.\n|inactive|xm2thearteest has 60 seconds left.\n|\n|t:|1788402495\n|teamsize|p1|4\n|teamsize|p2|4\n|start\n|switch|p1a: Adventurine|Staraptor, L50, F, shiny|100/100\n|switch|p1b: Upchuck|Rotom-Wash, L50, shiny|100/100\n|switch|p2a: ragebaiter 2|Sableye, L50, M|100/100\n|switch|p2b: snore mimimimi|Milotic, L50, F|100/100\n|-ability|p1a: Adventurine|Intimidate|boost\n|-unboost|p2a: ragebaiter 2|atk|1\n|-unboost|p2b: snore mimimimi|atk|1\n|-ability|p2b: snore mimimimi|Competitive|boost\n|-boost|p2b: snore mimimimi|spa|2\n|turn|1\n|\n|t:|1788402519\n|move|p2a: ragebaiter 2|Quash|p1a: Adventurine\n|-activate|p1a: Adventurine|move: Quash\n|move|p1b: Upchuck|Nasty Plot|p1b: Upchuck\n|-boost|p1b: Upchuck|spa|2\n|move|p2b: snore mimimimi|Hydro Pump|p1a: Adventurine\n|-damage|p1a: Adventurine|3/100\n|move|p1a: Adventurine|U-turn|p2a: ragebaiter 2\n|-damage|p2a: ragebaiter 2|71/100\n|\n|t:|1788402534\n|switch|p1a: Betty Crocker|Scrafty, L50, M, shiny|100/100|[from] U-turn\n|-ability|p1a: Betty Crocker|Intimidate|boost\n|-unboost|p2a: ragebaiter 2|atk|1\n|-unboost|p2b: snore mimimimi|atk|1\n|-ability|p2b: snore mimimimi|Competitive|boost\n|-boost|p2b: snore mimimimi|spa|2\n|\n|upkeep\n|turn|2\n|\n|t:|1788402547\n|switch|p2b: slide them rocks|Garchomp, L50, F|100/100\n|move|p1a: Betty Crocker|Fake Out|p2b: slide them rocks\n|-damage|p2b: slide them rocks|92/100\n|move|p2a: ragebaiter 2|Light Screen|p2a: ragebaiter 2\n|-sidestart|p2: xm2thearteest|move: Light Screen\n|move|p1b: Upchuck|Thunderbolt|p2b: slide them rocks\n|-immune|p2b: slide them rocks\n|\n|upkeep\n|turn|3\n|\n|t:|1788402571\n|switch|p2b: snore mimimimi|Milotic, L50, F|100/100\n|detailschange|p1a: Betty Crocker|Scrafty-Mega, L50, M, shiny\n|-mega|p1a: Betty Crocker|Scrafty|Scraftinite\n|-ability|p1a: Betty Crocker|Intimidate|boost\n|-unboost|p2a: ragebaiter 2|atk|1\n|-unboost|p2b: snore mimimimi|atk|1\n|-ability|p2b: snore mimimimi|Competitive|boost\n|-boost|p2b: snore mimimimi|spa|2\n|move|p2a: ragebaiter 2|Reflect|p2a: ragebaiter 2\n|-sidestart|p2: xm2thearteest|Reflect\n|move|p1b: Upchuck|Hydro Pump|p2b: snore mimimimi|[miss]\n|-miss|p1b: Upchuck|p2b: snore mimimimi\n|move|p1a: Betty Crocker|Knock Off|p2b: snore mimimimi\n|-damage|p2b: snore mimimimi|73/100\n|-enditem|p2b: snore mimimimi|Sitrus Berry|[from] move: Knock Off|[of] p1a: Betty Crocker\n|\n|upkeep\n|turn|4\n|inactive|xm2thearteest has 30 seconds left.\n|\n|t:|1788402598\n|move|p1b: Upchuck|Hydro Pump|p2b: snore mimimimi\n|-resisted|p2b: snore mimimimi|1\n|-damage|p2b: snore mimimimi|51/100\n|move|p2b: snore mimimimi|Hydro Pump|p1b: Upchuck\n|-resisted|p1b: Upchuck|1\n|-damage|p1b: Upchuck|47/100\n|-enditem|p1b: Upchuck|Sitrus Berry|[eat]\n|-heal|p1b: Upchuck|71/100|[from] item: Sitrus Berry\n|move|p1a: Betty Crocker|Super Fang|p2b: snore mimimimi\n|-damage|p2b: snore mimimimi|25/100\n|move|p2a: ragebaiter 2|Foul Play|p1b: Upchuck\n|-damage|p1b: Upchuck|40/100\n|\n|upkeep\n|turn|5\n|\n|t:|1788402612\n|move|p2a: ragebaiter 2|Quash|p1b: Upchuck\n|-activate|p1b: Upchuck|move: Quash\n|move|p2b: snore mimimimi|Hydro Pump|p1b: Upchuck|[miss]\n|-miss|p2b: snore mimimimi|p1b: Upchuck\n|move|p1a: Betty Crocker|Drain Punch|p2b: snore mimimimi\n|-damage|p2b: snore mimimimi|5/100\n|move|p1b: Upchuck|Thunderbolt|p2b: snore mimimimi\n|-supereffective|p2b: snore mimimimi|1\n|-damage|p2b: snore mimimimi|0 fnt\n|faint|p2b: snore mimimimi\n|\n|upkeep\n|c|☆xm2thearteest|bro\n|\n|t:|1788402626\n|switch|p2b: slide them rocks|Garchomp, L50, F|92/100\n|turn|6\n|c|☆sleepydrawer75|bro\n|c|☆sleepydrawer75|I'm sobbing\n|c|☆sleepydrawer75|this happened with cipher\n|c|☆sleepydrawer75|i kept missing\n|inactive|sleepydrawer75 has 30 seconds left.\n|\n|t:|1788402652\n|switch|p2a: ragebaiter|Scovillain, L50, F|100/100\n|move|p1b: Upchuck|Protect|p1b: Upchuck\n|-singleturn|p1b: Upchuck|Protect\n|move|p2b: slide them rocks|Dragon Claw|p1b: Upchuck\n|-activate|p1b: Upchuck|move: Protect\n|move|p1a: Betty Crocker|Knock Off|p2b: slide them rocks\n|-damage|p2b: slide them rocks|67/100\n|-enditem|p2b: slide them rocks|Choice Scarf|[from] move: Knock Off|[of] p1a: Betty Crocker\n|\n|-ability|p2a: ragebaiter|Moody|boost\n|-boost|p2a: ragebaiter|def|2\n|-unboost|p2a: ragebaiter|spd|1\n|upkeep\n|turn|7\n|\n|t:|1788402674\n|detailschange|p2a: ragebaiter|Scovillain-Mega, L50, F\n|-mega|p2a: ragebaiter|Scovillain|Scovillainite\n|move|p1b: Upchuck|Hydro Pump|p2b: slide them rocks\n|-damage|p2b: slide them rocks|5/100\n|move|p2b: slide them rocks|Dragon Claw|p1b: Upchuck\n|-damage|p1b: Upchuck|0 fnt\n|faint|p1b: Upchuck\n|move|p2a: ragebaiter|Giga Drain|p1a: Betty Crocker\n|-damage|p1a: Betty Crocker|79/100\n|move|p1a: Betty Crocker|Super Fang|p2a: ragebaiter\n|-damage|p2a: ragebaiter|50/100y\n|-status|p1a: Betty Crocker|brn|[from] ability: Spicy Spray|[of] p2a: ragebaiter\n|\n|-damage|p1a: Betty Crocker|73/100 brn|[from] brn\n|upkeep\n|\n|t:|1788402689\n|switch|p1b: Adventurine|Staraptor, L50, F, shiny|3/100\n|-ability|p1b: Adventurine|Intimidate|boost\n|-unboost|p2a: ragebaiter|atk|1\n|-unboost|p2b: slide them rocks|atk|1\n|turn|8\n|inactive|xm2thearteest has 30 seconds left.\n|\n|t:|1788402717\n|move|p2a: ragebaiter|Rage Powder|p2a: ragebaiter\n|-singleturn|p2a: ragebaiter|move: Rage Powder\n|move|p1b: Adventurine|Brave Bird|p2a: ragebaiter\n|-supereffective|p2a: ragebaiter|1\n|-damage|p2a: ragebaiter|12/100\n|-status|p1b: Adventurine|brn|[from] ability: Spicy Spray|[of] p2a: ragebaiter\n|-damage|p1b: Adventurine|0 fnt|[from] Recoil\n|faint|p1b: Adventurine\n|move|p2b: slide them rocks|Dragon Claw|p1a: Betty Crocker\n|-damage|p1a: Betty Crocker|46/100 brn\n|move|p1a: Betty Crocker|Drain Punch|p2a: ragebaiter\n|-damage|p2a: ragebaiter|8/100\n|-heal|p1a: Betty Crocker|48/100 brn|[from] drain|[of] p2a: ragebaiter\n|\n|-damage|p1a: Betty Crocker|43/100 brn|[from] brn\n|upkeep\n|\n|t:|1788402734\n|switch|p1b: Big T|Torkoal, L50, F|100/100\n|-weather|SunnyDay|[from] ability: Drought|[of] p1b: Big T\n|turn|9\n|\n|t:|1788402748\n|move|p1b: Big T|Protect|p1b: Big T\n|-singleturn|p1b: Big T|Protect\n|move|p2b: slide them rocks|Rock Slide|p1b: Big T|[spread] p1a\n|-activate|p1b: Big T|move: Protect\n|-resisted|p1a: Betty Crocker|1\n|-damage|p1a: Betty Crocker|37/100 brn\n|move|p2a: ragebaiter|Flamethrower|p1b: Big T\n|-activate|p1b: Big T|move: Protect\n|move|p1a: Betty Crocker|Drain Punch|p2b: slide them rocks\n|-damage|p2b: slide them rocks|0 fnt\n|-heal|p1a: Betty Crocker|40/100 brn|[from] drain|[of] p2b: slide them rocks\n|faint|p2b: slide them rocks\n|\n|-weather|SunnyDay|[upkeep]\n|-damage|p1a: Betty Crocker|34/100 brn|[from] brn\n|-sideend|p2: xm2thearteest|move: Light Screen\n|upkeep\n|\n|t:|1788402752\n|switch|p2b: ragebaiter 2|Sableye, L50, M|71/100\n|turn|10\n|-message|xm2thearteest forfeited.\n|\n|win|sleepydrawer75\n|l|☆xm2thearteest\n|player|p2|\n|c|☆sleepydrawer75|gg\n","uploadtime":1788402771,"views":"7","formatid":"gen9championsvgc2026regmb","rating":null,"private":0,"password":null}