{"id":"gen9championsvgc2026regmb-2674892338","format":"[Gen 9 Champions] VGC 2026 Reg M-B","players":["JerkoAmoonguss","ElectroFrust"],"log":"|j|☆JerkoAmoonguss\n|j|☆ElectroFrust\n|t:|1788430581\n|gametype|doubles\n|player|p1|JerkoAmoonguss|flint|1111\n|player|p2|ElectroFrust|lance|1146\n|gen|9\n|tier|[Gen 9 Champions] VGC 2026 Reg M-B\n|rated|\n|rule|Species Clause: Limit one of each Pokémon\n|rule|Item Clause: Limit 1 of each item\n|clearpoke\n|poke|p1|Primarina, L50, F, shiny|\n|poke|p1|Charizard, L50, M, shiny|\n|poke|p1|Whimsicott, L50, M, shiny|\n|poke|p1|Kingambit, L50, F, shiny|\n|poke|p1|Farigiraf, L50, M, shiny|\n|poke|p1|Sneasler, L50, F, shiny|\n|poke|p2|Froslass, L50, F|\n|poke|p2|Garchomp, L50, F|\n|poke|p2|Kingambit, L50, M|\n|poke|p2|Primarina, L50, F|\n|poke|p2|Floette-Eternal, L50, F|\n|poke|p2|Whimsicott, L50, F|\n|teampreview|4\n|inactive|Battle timer is ON: inactive players will automatically lose when time's up. (requested by JerkoAmoonguss)\n|inactive|ElectroFrust also wants the timer to be on.\nElectroFrust has agreed to open team sheets.\nJerkoAmoonguss rejected open team sheets.\n|inactive|JerkoAmoonguss has 60 seconds left.\n|\n|t:|1788430626\n|teamsize|p1|4\n|teamsize|p2|4\n|start\n|switch|p1a: Stalin|Whimsicott, L50, M, shiny|100/100\n|switch|p1b: Dolly Parton|Primarina, L50, F, shiny|100/100\n|switch|p2a: Whimsicott|Whimsicott, L50, F|100/100\n|switch|p2b: Froslass|Froslass, L50, F|100/100\n|turn|1\n|\n|t:|1788430639\n|detailschange|p2b: Froslass|Froslass-Mega, L50, F\n|-mega|p2b: Froslass|Froslass|Froslassite\n|-weather|Snowscape|[from] ability: Snow Warning|[of] p2b: Froslass\n|move|p2a: Whimsicott|Tailwind|p2a: Whimsicott\n|-sidestart|p2: ElectroFrust|move: Tailwind\n|move|p1a: Stalin|Sunny Day|p1a: Stalin\n|-weather|SunnyDay\n|move|p2b: Froslass|Blizzard|p1b: Dolly Parton|[spread] p1a,p1b\n|-supereffective|p1a: Stalin|1\n|-resisted|p1b: Dolly Parton|1\n|-enditem|p1a: Stalin|Focus Sash\n|-damage|p1a: Stalin|1/100\n|-damage|p1b: Dolly Parton|79/100\n|move|p1b: Dolly Parton|Weather Ball|p2b: Froslass\n|-supereffective|p2b: Froslass|1\n|-damage|p2b: Froslass|0 fnt\n|faint|p2b: Froslass\n|-damage|p1b: Dolly Parton|69/100|[from] item: Life Orb\n|\n|-weather|SunnyDay|[upkeep]\n|upkeep\n|\n|t:|1788430662\n|switch|p2b: Kingambit|Kingambit, L50, M|100/100\n|-activate|p2b: Kingambit|ability: Supreme Overlord\n|-start|p2b: Kingambit|fallen1|[silent]\n|turn|2\n|\n|t:|1788430670\n|move|p1b: Dolly Parton|Protect|p1b: Dolly Parton\n|-singleturn|p1b: Dolly Parton|Protect\n|move|p2b: Kingambit|Sucker Punch||[still]\n|-fail|p2b: Kingambit\n|move|p1a: Stalin|Tailwind|p1a: Stalin\n|-sidestart|p1: JerkoAmoonguss|move: Tailwind\n|move|p2a: Whimsicott|Moonblast|p1a: Stalin\n|-damage|p1a: Stalin|0 fnt\n|faint|p1a: Stalin\n|\n|-weather|SunnyDay|[upkeep]\n|upkeep\n|\n|t:|1788430678\n|switch|p1a: Lebron James|Farigiraf, L50, M, shiny|100/100\n|turn|3\n|\n|t:|1788430690\n|move|p2a: Whimsicott|Moonblast|p1b: Dolly Parton\n|-damage|p1b: Dolly Parton|41/100\n|move|p1b: Dolly Parton|Weather Ball|p2b: Kingambit\n|-supereffective|p2b: Kingambit|1\n|-damage|p2b: Kingambit|0 fnt\n|faint|p2b: Kingambit\n|-end|p2b: Kingambit|fallen1|[silent]\n|-damage|p1b: Dolly Parton|31/100|[from] item: Life Orb\n|move|p1a: Lebron James|Psychic|p2a: Whimsicott\n|-damage|p2a: Whimsicott|52/100\n|-unboost|p2a: Whimsicott|spd|1\n|\n|-weather|SunnyDay|[upkeep]\n|upkeep\n|\n|t:|1788430712\n|switch|p2b: Garchomp|Garchomp, L50, F|100/100\n|turn|4\n|\n|t:|1788430729\n|switch|p1a: Trump|Sneasler, L50, F, shiny|100/100\n|move|p1b: Dolly Parton|Protect|p1b: Dolly Parton\n|-singleturn|p1b: Dolly Parton|Protect\n|move|p2b: Garchomp|Poison Jab|p1b: Dolly Parton\n|-activate|p1b: Dolly Parton|move: Protect\n|move|p2a: Whimsicott|Moonblast|p1a: Trump\n|-damage|p1a: Trump|63/100\n|\n|-weather|SunnyDay|[upkeep]\n|-sideend|p2: ElectroFrust|move: Tailwind\n|upkeep\n|turn|5\n|\n|t:|1788430744\n|move|p1a: Trump|Fake Out|p2a: Whimsicott\n|-damage|p2a: Whimsicott|41/100\n|move|p1b: Dolly Parton|Moonblast|p2b: Garchomp\n|-supereffective|p2b: Garchomp|1\n|-damage|p2b: Garchomp|0 fnt\n|faint|p2b: Garchomp\n|-damage|p1b: Dolly Parton|22/100|[from] item: Life Orb\n|cant|p2a: Whimsicott|flinch\n|\n|-weather|none\n|-sideend|p1: JerkoAmoonguss|move: Tailwind\n|upkeep\n|turn|6\n|\n|t:|1788430760\n|switch|p1a: Lebron James|Farigiraf, L50, M, shiny|100/100\n|move|p2a: Whimsicott|Moonblast|p1b: Dolly Parton\n|-damage|p1b: Dolly Parton|0 fnt\n|faint|p1b: Dolly Parton\n|\n|upkeep\n|\n|t:|1788430764\n|switch|p1b: Trump|Sneasler, L50, F, shiny|63/100\n|turn|7\n|\n|t:|1788430770\n|move|p1b: Trump|Dire Claw|p2a: Whimsicott\n|-supereffective|p2a: Whimsicott|2\n|-damage|p2a: Whimsicott|0 fnt\n|faint|p2a: Whimsicott\n|\n|win|JerkoAmoonguss\n|raw|JerkoAmoonguss's rating: 1111 &rarr; <strong>1139</strong><br />(+28 for winning)\n|raw|ElectroFrust's rating: 1146 &rarr; <strong>1118</strong><br />(-28 for losing)\n|l|☆ElectroFrust\n|player|p2|\n","uploadtime":1788430778,"views":"4","formatid":"gen9championsvgc2026regmb","rating":1118,"private":0,"password":null}