{"id":"gen9championsvgc2026regmb-2674607923","format":"[Gen 9 Champions] VGC 2026 Reg M-B","players":["Sgrafyni0","fenixyyy"],"log":"|j|☆Sgrafyni0\n|j|☆fenixyyy\n|html|<table width=\"100%\"><tr><td align=\"left\">Sgrafyni0</td><td align=\"right\">fenixyyy</tr><tr><td align=\"left\"><i class=\"fa fa-circle\"></i> <i class=\"fa fa-circle-o\"></i> </td><td align=\"right\"><i class=\"fa fa-circle-o\"></i> <i class=\"fa fa-circle\"></i> </tr></table>\n|uhtml|bestof|<h2><strong>Game 3</strong> of <a href=\"/game-bestof3-gen9championsvgc2026regmb-2674603677\">a best-of-3</a></h2>\n|t:|1788379670\n|gametype|doubles\n|player|p1|Sgrafyni0|265|\n|player|p2|fenixyyy|rocketgruntf|\n|gen|9\n|tier|[Gen 9 Champions] VGC 2026 Reg M-B\n|rule|Species Clause: Limit one of each Pokémon\n|rule|Item Clause: Limit 1 of each item\n|raw|<div class=\"infobox\"><details class=\"readmore\" open><summary><strong>1 custom rule:</strong></summary> Best of = 3</details></div>\n|clearpoke\n|poke|p1|Typhlosion-Hisui, L50, M|\n|poke|p1|Altaria, L50, F|\n|poke|p1|Mawile, L50, F|\n|poke|p1|Gallade, L50, M|\n|poke|p1|Samurott, L50, F|\n|poke|p1|Incineroar, L50, F|\n|poke|p2|Floette-Eternal, L50, F|\n|poke|p2|Greninja, L50, M|\n|poke|p2|Skeledirge, L50, M|\n|poke|p2|Raichu, L50, M|\n|poke|p2|Farigiraf, L50, M|\n|poke|p2|Diggersby, L50, F|\n|teampreview|4\n|j| pokemon_and_beer\n|c|☆fenixyyy|oooh\n|c|☆fenixyyy|game three\n|c|☆fenixyyy|hpye\n|j| matchbow2\nfenixyyy rejected open team sheets.\n|c|☆Sgrafyni0|Super scared\n|c|☆fenixyyy|yus\n|c|☆fenixyyy|same\n|c|☆fenixyyy|I am just scared to select soemthing\n|c|☆fenixyyy|trying to keep an excel sheet with notes\n|c|☆fenixyyy|but failing misserable\n|c|☆fenixyyy|so sorry for the slow plays\n|c|☆Sgrafyni0|great read last game btw\n|c|☆fenixyyy|ty\n|c|☆fenixyyy|you are too nice\n|\n|t:|1788379819\n|teamsize|p1|4\n|teamsize|p2|4\n|start\n|switch|p1a: Incineroar|Incineroar, L50, F|100/100\n|switch|p1b: Gallade|Gallade, L50, M|100/100\n|switch|p2a: Greninja|Greninja, L50, M|100/100\n|switch|p2b: Raichu|Raichu, L50, M|100/100\n|-ability|p1a: Incineroar|Intimidate|boost\n|-unboost|p2a: Greninja|atk|1\n|-unboost|p2b: Raichu|atk|1\n|turn|1\n|\n|t:|1788379858\n|detailschange|p2a: Greninja|Greninja-Mega, L50, M\n|-mega|p2a: Greninja|Greninja|Greninjite\n|move|p2b: Raichu|Fake Out|p1a: Incineroar\n|-damage|p1a: Incineroar|94/100\n|cant|p1a: Incineroar|flinch\n|move|p2a: Greninja|U-turn|p1b: Gallade\n|-start|p2a: Greninja|typechange|Bug|[from] ability: Protean\n|-damage|p1b: Gallade|68/100\n|l| matchbow2\n|\n|t:|1788379869\n|switch|p2a: Skeledirge|Skeledirge, L50, M|100/100|[from] U-turn\n|move|p1b: Gallade|Night Slash|p2a: Skeledirge\n|-supereffective|p2a: Skeledirge|1\n|-crit|p2a: Skeledirge\n|-enditem|p2a: Skeledirge|Colbur Berry|[eat]\n|-enditem|p2a: Skeledirge|Colbur Berry|[weaken]\n|-damage|p2a: Skeledirge|58/100\n|\n|-heal|p1a: Incineroar|100/100|[from] item: Leftovers\n|upkeep\n|turn|2\n|j| matchbow2\n|\n|t:|1788379891\n|move|p2a: Skeledirge|Protect|p2a: Skeledirge\n|-singleturn|p2a: Skeledirge|Protect\n|move|p2b: Raichu|Surf|p1b: Gallade|[spread] p1a,p1b\n|-activate|p2a: Skeledirge|move: Protect\n|-supereffective|p1a: Incineroar|1\n|-damage|p1a: Incineroar|65/100\n|-damage|p1b: Gallade|50/100g\n|move|p1b: Gallade|Sacred Sword|p2b: Raichu\n|-enditem|p2b: Raichu|Focus Sash\n|-damage|p2b: Raichu|1/100\n|move|p1a: Incineroar|Darkest Lariat|p2a: Skeledirge\n|-activate|p2a: Skeledirge|move: Protect\n|\n|-heal|p1a: Incineroar|71/100|[from] item: Leftovers\n|upkeep\n|turn|3\n|\n|t:|1788379932\n|move|p2b: Raichu|Thunderbolt|p1b: Gallade\n|-damage|p1b: Gallade|8/100\n|move|p1b: Gallade|Night Slash|p2a: Skeledirge\n|-supereffective|p2a: Skeledirge|1\n|-crit|p2a: Skeledirge\n|-damage|p2a: Skeledirge|0 fnt\n|faint|p2a: Skeledirge\n|move|p1a: Incineroar|Darkest Lariat|p2b: Raichu\n|-damage|p2b: Raichu|0 fnt\n|-status|p1a: Incineroar|par|[from] ability: Static|[of] p2b: Raichu\n|faint|p2b: Raichu\n|\n|-heal|p1a: Incineroar|77/100 par|[from] item: Leftovers\n|upkeep\n|\n|t:|1788379945\n|switch|p2b: Diggersby|Diggersby, L50, F|100/100\n|switch|p2a: Greninja|Greninja-Mega, L50, M|100/100\n|turn|4\n|\n|t:|1788379988\n|move|p2a: Greninja|U-turn|p1b: Gallade\n|-start|p2a: Greninja|typechange|Bug|[from] ability: Protean\n|-damage|p1b: Gallade|0 fnt\n|faint|p1b: Gallade\n|move|p2b: Diggersby|High Horsepower|p1a: Incineroar\n|-supereffective|p1a: Incineroar|1\n|-damage|p1a: Incineroar|0 fnt\n|faint|p1a: Incineroar\n|\n|upkeep\n|\n|t:|1788379999\n|switch|p1b: Typhlosion|Typhlosion-Hisui, L50, M|100/100\n|switch|p1a: Mawile|Mawile, L50, F|100/100\n|-item|p2a: Greninja|Greninjite|[from] ability: Frisk|[of] p1b: Typhlosion\n|-item|p2b: Diggersby|Choice Scarf|[from] ability: Frisk|[of] p1b: Typhlosion\n|-ability|p1a: Mawile|Intimidate|boost\n|-unboost|p2a: Greninja|atk|1\n|-unboost|p2b: Diggersby|atk|1\n|turn|5\n|\n|t:|1788380019\n|detailschange|p1a: Mawile|Mawile-Mega, L50, F\n|-mega|p1a: Mawile|Mawile|Mawilite\n|move|p2a: Greninja|Dark Pulse|p1b: Typhlosion\n|-supereffective|p1b: Typhlosion|1\n|-damage|p1b: Typhlosion|10/100\n|move|p2b: Diggersby|High Horsepower|p1b: Typhlosion|[miss]\n|-miss|p2b: Diggersby|p1b: Typhlosion\n|move|p1b: Typhlosion|Eruption|p2b: Diggersby|[spread] p2a,p2b\n|-supereffective|p2a: Greninja|1\n|-damage|p2a: Greninja|73/100\n|-damage|p2b: Diggersby|88/100\n|-damage|p1b: Typhlosion|1/100|[from] item: Life Orb\n|move|p1a: Mawile|Rock Slide|p2b: Diggersby|[spread] p2a,p2b\n|-supereffective|p2a: Greninja|1\n|-resisted|p2b: Diggersby|1\n|-damage|p2a: Greninja|0 fnt\n|-damage|p2b: Diggersby|62/100\n|faint|p2a: Greninja\n|\n|upkeep\n|turn|6\n|c|☆fenixyyy|the 95% miss :(\n|\n|t:|1788380046\n|move|p2b: Diggersby|High Horsepower|p1a: Mawile\n|-supereffective|p1a: Mawile|1\n|-damage|p1a: Mawile|0 fnt\n|faint|p1a: Mawile\n|move|p1b: Typhlosion|Flamethrower|p2b: Diggersby\n|-damage|p2b: Diggersby|0 fnt\n|faint|p2b: Diggersby\n|-damage|p1b: Typhlosion|0 fnt|[from] item: Life Orb\n|faint|p1b: Typhlosion\n|\n|win|Sgrafyni0\n|c|☆fenixyyy|gg wp!\n|c|☆Sgrafyni0|I’m so sorry\n|c|☆Sgrafyni0|Great game though!!\n|l| pokemon_and_beer\n|l| matchbow2\n|l|☆Sgrafyni0\n|player|p1|\n","uploadtime":1788380085,"views":"19","formatid":"gen9championsvgc2026regmb","rating":null,"private":0,"password":null}