{"id":"gen9championsvgc2026regmb-2674761683","format":"[Gen 9 Champions] VGC 2026 Reg M-B","players":["jhsu26","coyoteehee"],"log":"|j|☆jhsu26\n|j|☆coyoteehee\n|t:|1788402118\n|gametype|doubles\n|player|p1|jhsu26|lucas|1172\n|player|p2|coyoteehee|cowgirl|1266\n|gen|9\n|tier|[Gen 9 Champions] VGC 2026 Reg M-B\n|rated|\n|rule|Species Clause: Limit one of each Pokémon\n|rule|Item Clause: Limit 1 of each item\n|clearpoke\n|poke|p1|Crabominable, L50, M|\n|poke|p1|Froslass, L50, F|\n|poke|p1|Palafin, L50, F|\n|poke|p1|Tauros-Paldea-Blaze, L50, M|\n|poke|p1|Sinistcha-Masterpiece, L50|\n|poke|p1|Machamp, L50, M|\n|poke|p2|Overqwil, L50, M|\n|poke|p2|Medicham, L50, F|\n|poke|p2|Pelipper, L50, M|\n|poke|p2|Swampert, L50, M|\n|poke|p2|Tsareena, L50, F|\n|poke|p2|Sinistcha, L50|\n|teampreview|4\n|inactive|Battle timer is ON: inactive players will automatically lose when time's up. (requested by coyoteehee)\n|inactive|jhsu26 also wants the timer to be on.\n|c|☆coyoteehee|gl hf!\njhsu26 has agreed to open team sheets.\n|c|☆jhsu26|u sucj\n|c|☆jhsu26|easy\n|c|☆jhsu26|noob\n|c|☆jhsu26|so bad\ncoyoteehee rejected open team sheets.\n|inactive|jhsu26 has 60 seconds left.\n|c|☆jhsu26|that ws my firned\n|c|☆jhsu26|mb\n|c|☆jhsu26|friend*\n|c|☆jhsu26|ur gay\n|c|☆jhsu26|femoby\n|c|☆jhsu26|uwu\n|c|☆jhsu26|lemme hit\n|c|☆jhsu26|ur ugly\n|c|☆jhsu26|bad ag ghe gam\n|c|☆jhsu26|eMAD\n|c|☆jhsu26|HAHA\n|c|☆jhsu26|EASY\n|c|☆jhsu26|UR S O BA\n|\n|t:|1788402174\n|teamsize|p1|4\n|teamsize|p2|4\n|start\n|switch|p1a: Froslass|Froslass, L50, F|100/100\n|switch|p1b: Palafin|Palafin, L50, F|100/100\n|switch|p2a: Fish|Overqwil, L50, M|100/100\n|switch|p2b: Feesh|Swampert, L50, M|100/100\n|-ability|p2a: Fish|Intimidate|boost\n|-unboost|p1a: Froslass|atk|1\n|-unboost|p1b: Palafin|atk|1\n|turn|1\n|c|☆jhsu26|oops\n|inactive|coyoteehee has 30 seconds left.\n|inactive|coyoteehee has 20 seconds left.\n|inactive|coyoteehee has 15 seconds left.\n|inactive|coyoteehee has 10 seconds left.\n|inactive|coyoteehee has 5 seconds left.\n|\n|t:|1788402224\n|detailschange|p1b: Palafin|Palafin-Hero, L50, F\n|switch|p1b: Crabominable|Crabominable, L50, M|100/100\n|detailschange|p2b: Feesh|Swampert-Mega, L50, M\n|-mega|p2b: Feesh|Swampert|Swampertite\n|move|p1a: Froslass|Frost Breath|p1b: Crabominable\n|-resisted|p1b: Crabominable|1\n|-crit|p1b: Crabominable\n|-damage|p1b: Crabominable|85/100\n|-setboost|p1b: Crabominable|atk|6|[from] ability: Anger Point\n|move|p2a: Fish|Stockpile|p2a: Fish\n|-start|p2a: Fish|stockpile1\n|-boost|p2a: Fish|def|1\n|-boost|p2a: Fish|spd|1\n|move|p2b: Feesh|Wave Crash|p1a: Froslass\n|-enditem|p1a: Froslass|Focus Sash\n|-damage|p1a: Froslass|1/100\n|-damage|p2b: Feesh|75/100|[from] Recoil\n|\n|upkeep\n|turn|2\n|inactive|jhsu26 has 30 seconds left.\n|inactive|coyoteehee has 30 seconds left.\n|inactive|jhsu26 has 20 seconds left.\n|inactive|jhsu26 has 15 seconds left.\n|inactive|jhsu26 has 10 seconds left.\n|inactive|jhsu26 has 5 seconds left.\n|\n|t:|1788402279\n|move|p2b: Feesh|Protect|p2b: Feesh\n|-singleturn|p2b: Feesh|Protect\n|move|p1a: Froslass|Frost Breath|p2a: Fish\n|-crit|p2a: Fish\n|-damage|p2a: Fish|52/100\n|move|p2a: Fish|Minimize|p2a: Fish\n|-boost|p2a: Fish|evasion|2\n|move|p1b: Crabominable|Drain Punch|p2b: Feesh\n|-activate|p2b: Feesh|move: Protect\n|\n|-heal|p2a: Fish|58/100|[from] item: Leftovers\n|upkeep\n|turn|3\n|\n|t:|1788402303\n|switch|p1a: Sinistcha|Sinistcha-Masterpiece, L50|100/100\n|-heal|p1b: Crabominable|100/100|[from] ability: Hospitality|[of] p1a: Sinistcha\n|switch|p2b: Performative Male|Sinistcha, L50|100/100\n|-heal|p2a: Fish|83/100|[from] ability: Hospitality|[of] p2b: Performative Male\n|move|p1b: Crabominable|Protect|p1b: Crabominable\n|-singleturn|p1b: Crabominable|Protect\n|move|p2a: Fish|Minimize|p2a: Fish\n|-boost|p2a: Fish|evasion|2\n|\n|-heal|p2a: Fish|89/100|[from] item: Leftovers\n|upkeep\n|turn|4\n|inactive|coyoteehee has 30 seconds left.\n|\n|t:|1788402332\n|detailschange|p1b: Crabominable|Crabominable-Mega, L50, M\n|-mega|p1b: Crabominable|Crabominable|Crabominite\n|move|p1a: Sinistcha|Rage Powder|p1a: Sinistcha\n|-singleturn|p1a: Sinistcha|move: Rage Powder\n|move|p1b: Crabominable|Mach Punch|p2a: Fish\n|-damage|p2a: Fish|20/100y\n|move|p2a: Fish|Minimize|p2a: Fish\n|-boost|p2a: Fish|evasion|2\n|move|p2b: Performative Male|Life Dew||[still]|[spread] p2a,p2b\n|-heal|p2a: Fish|45/100\n|-fail|p2b: Performative Male|heal\n|\n|-heal|p2a: Fish|51/100|[from] item: Leftovers\n|upkeep\n|turn|5\n|\n|t:|1788402350\n|move|p2b: Performative Male|Rage Powder|p2b: Performative Male\n|-singleturn|p2b: Performative Male|move: Rage Powder\n|move|p1a: Sinistcha|Rage Powder|p1a: Sinistcha\n|-singleturn|p1a: Sinistcha|move: Rage Powder\n|move|p1b: Crabominable|Mach Punch|p2b: Performative Male\n|-immune|p2b: Performative Male\n|move|p2a: Fish|Stockpile|p2a: Fish\n|-start|p2a: Fish|stockpile2\n|-boost|p2a: Fish|def|1\n|-boost|p2a: Fish|spd|1\n|\n|-heal|p2a: Fish|57/100|[from] item: Leftovers\n|upkeep\n|turn|6\n|inactive|coyoteehee has 30 seconds left.\n|\n|t:|1788402378\n|switch|p2b: bird|Pelipper, L50, M|100/100\n|-weather|RainDance|[from] ability: Drizzle|[of] p2b: bird\n|move|p1a: Sinistcha|Rage Powder|p1a: Sinistcha\n|-singleturn|p1a: Sinistcha|move: Rage Powder\n|move|p1b: Crabominable|Mach Punch|p2a: Fish|[miss]\n|-miss|p1b: Crabominable|p2a: Fish\n|move|p2a: Fish|Stockpile|p2a: Fish\n|-start|p2a: Fish|stockpile3\n|-boost|p2a: Fish|def|1\n|-boost|p2a: Fish|spd|1\n|\n|-weather|RainDance|[upkeep]\n|-heal|p2a: Fish|63/100|[from] item: Leftovers\n|upkeep\n|turn|7\n|\n|t:|1788402398\n|switch|p2b: Performative Male|Sinistcha, L50|100/100\n|-heal|p2a: Fish|88/100|[from] ability: Hospitality|[of] p2b: Performative Male\n|move|p1a: Sinistcha|Rage Powder|p1a: Sinistcha\n|-singleturn|p1a: Sinistcha|move: Rage Powder\n|move|p2a: Fish|Crunch|p1a: Sinistcha\n|-supereffective|p1a: Sinistcha|1\n|-damage|p1a: Sinistcha|41/100\n|-enditem|p1a: Sinistcha|Sitrus Berry|[eat]\n|-heal|p1a: Sinistcha|66/100|[from] item: Sitrus Berry\n|move|p1b: Crabominable|Drain Punch|p2a: Fish|[miss]\n|-miss|p1b: Crabominable|p2a: Fish\n|\n|-weather|RainDance|[upkeep]\n|-heal|p2a: Fish|94/100|[from] item: Leftovers\n|upkeep\n|turn|8\n|\n|t:|1788402417\n|move|p1a: Sinistcha|Rage Powder|p1a: Sinistcha\n|-singleturn|p1a: Sinistcha|move: Rage Powder\n|move|p2b: Performative Male|Rage Powder|p2b: Performative Male\n|-singleturn|p2b: Performative Male|move: Rage Powder\n|move|p2a: Fish|Crunch|p1a: Sinistcha\n|-supereffective|p1a: Sinistcha|1\n|-damage|p1a: Sinistcha|8/100\n|move|p1b: Crabominable|Drain Punch|p2b: Performative Male\n|-immune|p2b: Performative Male\n|\n|-weather|RainDance|[upkeep]\n|-heal|p2a: Fish|100/100|[from] item: Leftovers\n|upkeep\n|turn|9\n|\n|t:|1788402428\n|move|p1a: Sinistcha|Rage Powder|p1a: Sinistcha\n|-singleturn|p1a: Sinistcha|move: Rage Powder\n|move|p2b: Performative Male|Rage Powder|p2b: Performative Male\n|-singleturn|p2b: Performative Male|move: Rage Powder\n|move|p2a: Fish|Crunch|p1a: Sinistcha\n|-supereffective|p1a: Sinistcha|1\n|-damage|p1a: Sinistcha|0 fnt\n|faint|p1a: Sinistcha\n|move|p1b: Crabominable|Ice Punch|p2b: Performative Male\n|-supereffective|p2b: Performative Male|1\n|-damage|p2b: Performative Male|0 fnt\n|faint|p2b: Performative Male\n|\n|-weather|RainDance|[upkeep]\n|upkeep\n|\n|t:|1788402440\n|switch|p2b: Feesh|Swampert-Mega, L50, M|75/100\n|switch|p1a: Palafin|Palafin-Hero, L50, F|100/100\n|-activate|p1a: Palafin|ability: Zero to Hero\n|turn|10\n|\n|t:|1788402448\n|move|p1b: Crabominable|Protect|p1b: Crabominable\n|-singleturn|p1b: Crabominable|Protect\n|move|p2b: Feesh|Wave Crash|p1b: Crabominable\n|-activate|p1b: Crabominable|move: Protect\n|move|p1a: Palafin|Psych Up|p1b: Crabominable\n|-copyboost|p1a: Palafin|p1b: Crabominable|[from] move: Psych Up\n|move|p2a: Fish|Gunk Shot|p1b: Crabominable\n|-activate|p1b: Crabominable|move: Protect\n|\n|-weather|none\n|upkeep\n|turn|11\n|\n|t:|1788402469\n|move|p1a: Palafin|Jet Punch|p2a: Fish\n|-damage|p2a: Fish|28/100\n|move|p2a: Fish|Gunk Shot|p1b: Crabominable\n|-damage|p1b: Crabominable|52/100\n|-status|p1b: Crabominable|psn\n|move|p2b: Feesh|Wave Crash|p1b: Crabominable\n|-damage|p1b: Crabominable|4/100 psn\n|-damage|p2b: Feesh|59/100|[from] Recoil\n|move|p1b: Crabominable|Drain Punch|p2a: Fish|[miss]\n|-miss|p1b: Crabominable|p2a: Fish\n|\n|-heal|p2a: Fish|34/100|[from] item: Leftovers\n|-damage|p1b: Crabominable|0 fnt|[from] psn\n|faint|p1b: Crabominable\n|upkeep\n|\n|t:|1788402484\n|switch|p1b: Froslass|Froslass, L50, F|1/100\n|turn|12\n|n|‽jhsu26|jhsu26\n|inactive|jhsu26 has 30 seconds left.\n|inactive|jhsu26 has 20 seconds left.\n|inactive|jhsu26 has 15 seconds left.\n|inactive|jhsu26 has 10 seconds left.\n|\n|t:|1788402534\n|move|p1a: Palafin|Protect|p1a: Palafin\n|-singleturn|p1a: Palafin|Protect\n|move|p1b: Froslass|Destiny Bond|p1b: Froslass\n|-singlemove|p1b: Froslass|Destiny Bond\n|move|p2a: Fish|Gunk Shot|p1a: Palafin\n|-activate|p1a: Palafin|move: Protect\n|move|p2b: Feesh|Wave Crash|p1b: Froslass\n|-damage|p1b: Froslass|0 fnt\n|faint|p1b: Froslass\n|-activate|p1b: Froslass|move: Destiny Bond\n|faint|p2b: Feesh\n|\n|-heal|p2a: Fish|40/100|[from] item: Leftovers\n|upkeep\n|\n|t:|1788402547\n|switch|p2b: bird|Pelipper, L50, M|100/100\n|-weather|RainDance|[from] ability: Drizzle|[of] p2b: bird\n|turn|13\n|\n|t:|1788402557\n|move|p1a: Palafin|Jet Punch|p2a: Fish|[miss]\n|-miss|p1a: Palafin|p2a: Fish\n|move|p2a: Fish|Gunk Shot|p1a: Palafin\n|-damage|p1a: Palafin|45/100\n|move|p2b: bird|Hurricane|p1a: Palafin\n|-damage|p1a: Palafin|7/100\n|\n|-weather|RainDance|[upkeep]\n|-heal|p2a: Fish|45/100|[from] item: Leftovers\n|upkeep\n|turn|14\n|inactive|jhsu26 has 30 seconds left.\n|inactive|jhsu26 has 20 seconds left.\n|c|☆coyoteehee|you got swept by overqwil\n|inactive|jhsu26 has 15 seconds left.\n|inactive|jhsu26 has 10 seconds left.\n|\n|t:|1788402603\n|move|p1a: Palafin|Jet Punch|p2a: Fish|[miss]\n|-miss|p1a: Palafin|p2a: Fish\n|move|p2a: Fish|Crunch|p1a: Palafin\n|-damage|p1a: Palafin|0 fnt\n|faint|p1a: Palafin\n|\n|win|coyoteehee\n","uploadtime":1788402189,"views":"0","formatid":"gen9championsvgc2026regmb","rating":null,"private":0,"password":null}