{"id":"gen9championsvgc2026regmbbo3-2674545355","format":"[Gen 9 Champions] VGC 2026 Reg M-B (Bo3)","players":["plaidhaxx","hugoggg"],"log":"|j|☆plaidhaxx\n|j|☆hugoggg\n|html|<table width=\"100%\"><tr><td align=\"left\">plaidhaxx</td><td align=\"right\">hugoggg</tr><tr><td align=\"left\"><i class=\"fa fa-circle\"></i> <i class=\"fa fa-circle-o\"></i> </td><td align=\"right\"><i class=\"fa fa-circle-o\"></i> <i class=\"fa fa-circle-o\"></i> </tr></table>\n|uhtml|bestof|<h2><strong>Game 2</strong> of <a href=\"/game-bestof3-gen9championsvgc2026regmbbo3-2674541427\">a best-of-3</a></h2>\n|t:|1788372317\n|gametype|doubles\n|player|p1|plaidhaxx|grimsley|\n|player|p2|hugoggg|102|\n|gen|9\n|tier|[Gen 9 Champions] VGC 2026 Reg M-B (Bo3)\n|rule|Species Clause: Limit one of each Pokémon\n|rule|Item Clause: Limit 1 of each item\n|clearpoke\n|poke|p1|Charizard, L50, F|\n|poke|p1|Gengar, L50, M|\n|poke|p1|Incineroar, L50, F|\n|poke|p1|Dragonite, L50, F|\n|poke|p1|Sneasler, L50, M|\n|poke|p1|Garchomp, L50, F|\n|poke|p2|Froslass, L50, F|\n|poke|p2|Dragonite, L50, F, shiny|\n|poke|p2|Sneasler, L50, F|\n|poke|p2|Arcanine-Hisui, L50, M|\n|poke|p2|Gholdengo, L50|\n|poke|p2|Kingambit, L50, F|\n|teampreview|4\n|showteam|p1|Charizard||CharizarditeY|Blaze|HeatWave,WeatherBall,AncientPower,Protect|Modest||F|||50|]Gengar||Gengarite|CursedBody|SludgeBomb,ShadowBall,Substitute,Protect|Modest||M|||50|]Incineroar||SitrusBerry|Intimidate|FlareBlitz,ThroatChop,FakeOut,PartingShot|Impish||F|||50|]Dragonite||LifeOrb|InnerFocus|DragonClaw,Superpower,ExtremeSpeed,Protect|Adamant||F|||50|]Sneasler||WhiteHerb|Unburden|CloseCombat,DireClaw,FakeOut,Protect|Jolly||M|||50|]Garchomp||ChoiceScarf|RoughSkin|Earthquake,DragonClaw,RockSlide,StompingTantrum|Adamant||F|||50|\n|showteam|p2|Froslass||Froslassite|CursedBody|Blizzard,ShadowBall,AuroraVeil,Protect|Modest||F|||50|]Dragonite||Dragoninite|InnerFocus|DragonPulse,Flamethrower,Tailwind,Protect|Modest||F|||50|]Sneasler||WhiteHerb|Unburden|CloseCombat,GunkShot,FakeOut,Protect|Adamant||F|||50|]Arcanine-Hisui||FocusSash|RockHead|HeadSmash,FlareBlitz,ExtremeSpeed,Protect|Adamant||M|||50|]Gholdengo||ChoiceScarf|GoodasGold|MakeItRain,ShadowBall,Thunderbolt,Trick|Modest|||||50|]Kingambit||LifeOrb|Defiant|KowtowCleave,SuckerPunch,SwordsDance,Protect|Adamant||F|||50|\n|\n|t:|1788372377\n|teamsize|p1|4\n|teamsize|p2|4\n|start\n|switch|p1a: Garchomp|Garchomp, L50, F|100/100\n|switch|p1b: Sneasler|Sneasler, L50, M|100/100\n|switch|p2a: Stuckmoth|Froslass, L50, F|100/100\n|switch|p2b: Flop era|Gholdengo, L50|100/100\n|turn|1\n|\n|t:|1788372427\n|detailschange|p2a: Stuckmoth|Froslass-Mega, L50, F\n|-mega|p2a: Stuckmoth|Froslass|Froslassite\n|-weather|Snowscape|[from] ability: Snow Warning|[of] p2a: Stuckmoth\n|move|p1a: Garchomp|Dragon Claw|p2a: Stuckmoth\n|-damage|p2a: Stuckmoth|60/100\n|move|p2b: Flop era|Trick|p1a: Garchomp\n|-activate|p2b: Flop era|move: Trick|[of] p1a: Garchomp\n|-item|p1a: Garchomp|Choice Scarf|[from] move: Trick\n|-item|p2b: Flop era|Choice Scarf|[from] move: Trick\n|move|p1b: Sneasler|Dire Claw|p2a: Stuckmoth\n|-resisted|p2a: Stuckmoth|1\n|-damage|p2a: Stuckmoth|41/100\n|-status|p2a: Stuckmoth|slp\n|cant|p2a: Stuckmoth|slp\n|\n|-weather|Snowscape|[upkeep]\n|upkeep\n|turn|2\n|\n|t:|1788372466\n|switch|p2a: Streetcat|Sneasler, L50, F|100/100\n|move|p1a: Garchomp|Dragon Claw|p2a: Streetcat\n|-damage|p2a: Streetcat|45/100\n|move|p2b: Flop era|Make It Rain|p1b: Sneasler|[spread] p1a,p1b\n|-damage|p1a: Garchomp|49/100\n|-damage|p1b: Sneasler|36/100\n|-unboost|p2b: Flop era|spa|2\n|move|p1b: Sneasler|Dire Claw|p2a: Streetcat\n|-resisted|p2a: Streetcat|1\n|-damage|p2a: Streetcat|20/100y\n|-status|p2a: Streetcat|slp\n|\n|-weather|Snowscape|[upkeep]\n|upkeep\n|turn|3\n|\n|t:|1788372492\n|move|p1a: Garchomp|Dragon Claw|p2a: Streetcat\n|-damage|p2a: Streetcat|0 fnt\n|faint|p2a: Streetcat\n|move|p2b: Flop era|Make It Rain|p1a: Garchomp|[spread] p1a,p1b\n|-damage|p1a: Garchomp|23/100\n|-damage|p1b: Sneasler|1/100\n|-unboost|p2b: Flop era|spa|2\n|move|p1b: Sneasler|Dire Claw|p2b: Flop era\n|-immune|p2b: Flop era\n|\n|-weather|Snowscape|[upkeep]\n|upkeep\n|\n|t:|1788372516\n|switch|p2a: Animal|Arcanine-Hisui, L50, M|100/100\n|turn|4\n|\n|t:|1788372539\n|switch|p1b: Incineroar|Incineroar, L50, F|100/100\n|-ability|p1b: Incineroar|Intimidate|boost\n|-unboost|p2a: Animal|atk|1\n|-unboost|p2b: Flop era|atk|1\n|move|p1a: Garchomp|Dragon Claw|p2a: Animal\n|-damage|p2a: Animal|47/100\n|move|p2b: Flop era|Make It Rain|p1a: Garchomp|[spread] p1a,p1b\n|-resisted|p1b: Incineroar|1\n|-damage|p1a: Garchomp|5/100\n|-damage|p1b: Incineroar|93/100\n|-unboost|p2b: Flop era|spa|2\n|move|p2a: Animal|Head Smash|p1a: Garchomp\n|-resisted|p1a: Garchomp|1\n|-damage|p1a: Garchomp|0 fnt\n|-damage|p2a: Animal|34/100|[from] ability: Rough Skin|[of] p1a: Garchomp\n|faint|p1a: Garchomp\n|\n|-weather|Snowscape|[upkeep]\n|upkeep\n|inactive|Battle timer is ON: inactive players will automatically lose when time's up. (requested by hugoggg)\n|\n|t:|1788372581\n|switch|p1a: Sneasler|Sneasler, L50, M|1/100\n|turn|5\n|\n|t:|1788372589\n|move|p2a: Animal|Protect|p2a: Animal\n|-singleturn|p2a: Animal|Protect\n|move|p1a: Sneasler|Fake Out|p2a: Animal\n|-activate|p2a: Animal|move: Protect\n|move|p2b: Flop era|Make It Rain|p1a: Sneasler|[spread] p1a,p1b\n|-resisted|p1b: Incineroar|1\n|-damage|p1a: Sneasler|0 fnt\n|-damage|p1b: Incineroar|88/100\n|faint|p1a: Sneasler\n|move|p1b: Incineroar|Flare Blitz|p2b: Flop era\n|-supereffective|p2b: Flop era|1\n|-damage|p2b: Flop era|2/100\n|-damage|p1b: Incineroar|61/100|[from] Recoil\n|\n|-weather|none\n|upkeep\n|\n|t:|1788372602\n|switch|p1a: Dragonite|Dragonite, L50, F|100/100\n|turn|6\n|inactive|plaidhaxx has 30 seconds left.\n|\n|t:|1788372637\n|move|p2b: Flop era|Make It Rain|p1a: Dragonite|[spread] p1a,p1b\n|-resisted|p1b: Incineroar|1\n|-damage|p1a: Dragonite|88/100\n|-damage|p1b: Incineroar|57/100\n|move|p2a: Animal|Head Smash|p1b: Incineroar\n|-supereffective|p1b: Incineroar|1\n|-damage|p1b: Incineroar|0 fnt\n|faint|p1b: Incineroar\n|move|p1a: Dragonite|Dragon Claw|p2a: Animal\n|-crit|p2a: Animal\n|-damage|p2a: Animal|0 fnt\n|faint|p2a: Animal\n|-damage|p1a: Dragonite|79/100|[from] item: Life Orb\n|\n|upkeep\n|\n|t:|1788372641\n|switch|p2a: Stuckmoth|Froslass-Mega, L50, F|41/100 slp\n|-weather|Snowscape|[from] ability: Snow Warning|[of] p2a: Stuckmoth\n|turn|7\n|\n|t:|1788372653\n|move|p2b: Flop era|Make It Rain|p1a: Dragonite\n|-damage|p1a: Dragonite|62/100\n|cant|p2a: Stuckmoth|slp\n|move|p1a: Dragonite|Dragon Claw|p2a: Stuckmoth\n|-damage|p2a: Stuckmoth|0 fnt\n|faint|p2a: Stuckmoth\n|-damage|p1a: Dragonite|52/100|[from] item: Life Orb\n|\n|-weather|Snowscape|[upkeep]\n|upkeep\n|turn|8\n|\n|t:|1788372665\n|move|p2b: Flop era|Make It Rain|p1a: Dragonite\n|-damage|p1a: Dragonite|37/100\n|move|p1a: Dragonite|Dragon Claw|p2b: Flop era\n|-resisted|p2b: Flop era|1\n|-damage|p2b: Flop era|0 fnt\n|faint|p2b: Flop era\n|-damage|p1a: Dragonite|27/100|[from] item: Life Orb\n|\n|win|plaidhaxx\n|c|☆plaidhaxx|ggs!\n|c|☆hugoggg|ggwp\n","uploadtime":1788372665,"views":"13","formatid":"gen9championsvgc2026regmbbo3","rating":null,"private":0,"password":null}