{"id":"gen9championsvgc2026regmb-2674868332","format":"[Gen 9 Champions] VGC 2026 Reg M-B","players":["sukibai","metapod_best"],"log":"|j|☆sukibai\n|j|☆metapod_best\n|html|<table width=\"100%\"><tr><td align=\"left\">sukibai</td><td align=\"right\">metapod_best</tr><tr><td align=\"left\"><i class=\"fa fa-circle-o\"></i> <i class=\"fa fa-circle-o\"></i> </td><td align=\"right\"><i class=\"fa fa-circle-o\"></i> <i class=\"fa fa-circle-o\"></i> </tr></table>\n|uhtml|bestof|<h2><strong>Game 1</strong> of <a href=\"/game-bestof3-gen9championsvgc2026regmb-2674868331\">a best-of-3</a></h2>\n|t:|1788425197\n|gametype|doubles\n|player|p1|sukibai|102|\n|player|p2|metapod_best|lida|\n|gen|9\n|tier|[Gen 9 Champions] VGC 2026 Reg M-B\n|rule|Species Clause: Limit one of each Pokémon\n|rule|Item Clause: Limit 1 of each item\n|raw|<div class=\"infobox\"><details class=\"readmore\" open><summary><strong>1 custom rule:</strong></summary> Best of = 3</details></div>\n|clearpoke\n|poke|p1|Charizard, L50, M|\n|poke|p1|Venusaur, L50, F|\n|poke|p1|Incineroar, L50, M|\n|poke|p1|Sylveon, L50, M|\n|poke|p1|Aerodactyl, L50, M|\n|poke|p1|Garchomp, L50, F|\n|poke|p2|Staraptor, L50, M|\n|poke|p2|Delphox, L50, M|\n|poke|p2|Sinistcha-Masterpiece, L50|\n|poke|p2|Garchomp, L50, F|\n|poke|p2|Grimmsnarl, L50, M|\n|poke|p2|Incineroar, L50, M|\n|teampreview|4\n|\n|t:|1788425295\n|teamsize|p1|4\n|teamsize|p2|4\n|start\n|switch|p1a: Aerodactyl|Aerodactyl, L50, M|100/100\n|switch|p1b: Sylveon|Sylveon, L50, M|100/100\n|switch|p2a: Incineroar|Incineroar, L50, M|100/100\n|switch|p2b: Delphox|Delphox, L50, M|100/100\n|-ability|p1a: Aerodactyl|Unnerve\n|-ability|p2a: Incineroar|Intimidate|boost\n|-unboost|p1a: Aerodactyl|atk|1\n|-unboost|p1b: Sylveon|atk|1\n|turn|1\n|j| tsareenagoodar\n|\n|t:|1788425326\n|switch|p1a: Incineroar|Incineroar, L50, M|100/100\n|-ability|p1a: Incineroar|Intimidate|boost\n|-unboost|p2a: Incineroar|atk|1\n|-unboost|p2b: Delphox|atk|1\n|detailschange|p2b: Delphox|Delphox-Mega, L50, M\n|-mega|p2b: Delphox|Delphox|Delphoxite\n|move|p2b: Delphox|Nasty Plot|p2b: Delphox\n|-boost|p2b: Delphox|spa|2\n|move|p2a: Incineroar|Throat Chop|p1b: Sylveon\n|-resisted|p1b: Sylveon|1\n|-damage|p1b: Sylveon|88/100\n|-start|p1b: Sylveon|Throat Chop|[silent]\n|move|p1b: Sylveon|Yawn|p2b: Delphox\n|-start|p2b: Delphox|move: Yawn|[of] p1b: Sylveon\n|\n|upkeep\n|turn|2\n|\n|t:|1788425357\n|move|p1a: Incineroar|Fake Out|p2b: Delphox\n|-damage|p2b: Delphox|87/100\n|cant|p2b: Delphox|flinch\n|move|p2a: Incineroar|Flare Blitz|p1b: Sylveon\n|-damage|p1b: Sylveon|58/100\n|-damage|p2a: Incineroar|90/100|[from] Recoil\n|move|p1b: Sylveon|Yawn|p2a: Incineroar\n|-start|p2a: Incineroar|move: Yawn|[of] p1b: Sylveon\n|\n|-end|p1b: Sylveon|Throat Chop|[silent]\n|-end|p2b: Delphox|move: Yawn|[silent]\n|-status|p2b: Delphox|slp\n|upkeep\n|turn|3\n|\n|t:|1788425379\n|cant|p2b: Delphox|slp\n|move|p2a: Incineroar|Parting Shot|p1a: Incineroar\n|-unboost|p1a: Incineroar|atk|1\n|-unboost|p1a: Incineroar|spa|1\n|\n|t:|1788425384\n|switch|p2a: Sinistcha|Sinistcha-Masterpiece, L50|100/100|[from] Parting Shot\n|-heal|p2b: Delphox|100/100 slp|[from] ability: Hospitality|[of] p2a: Sinistcha\n|move|p1a: Incineroar|Parting Shot|p2a: Sinistcha\n|-unboost|p2a: Sinistcha|atk|1\n|-unboost|p2a: Sinistcha|spa|1\n|\n|t:|1788425392\n|switch|p1a: Aerodactyl|Aerodactyl, L50, M|100/100|[from] Parting Shot\n|-ability|p1a: Aerodactyl|Unnerve\n|move|p1b: Sylveon|Hyper Voice|p2a: Sinistcha|[spread] p2a,p2b\n|-resisted|p2b: Delphox|1\n|-damage|p2a: Sinistcha|57/100\n|-damage|p2b: Delphox|81/100 slp\n|\n|upkeep\n|turn|4\n|\n|t:|1788425412\n|switch|p2a: Incineroar|Incineroar, L50, M|90/100\n|-ability|p2a: Incineroar|Intimidate|boost\n|-unboost|p1a: Aerodactyl|atk|1\n|-unboost|p1b: Sylveon|atk|1\n|detailschange|p1a: Aerodactyl|Aerodactyl-Mega, L50, M\n|-mega|p1a: Aerodactyl|Aerodactyl|Aerodactylite\n|move|p1a: Aerodactyl|Rock Slide|p2a: Incineroar|[spread] p2a\n|-miss|p1a: Aerodactyl|p2b: Delphox\n|-supereffective|p2a: Incineroar|1\n|-damage|p2a: Incineroar|63/100\n|cant|p2b: Delphox|slp\n|move|p1b: Sylveon|Hyper Voice|p2b: Delphox|[spread] p2a,p2b\n|-resisted|p2b: Delphox|1\n|-damage|p2a: Incineroar|23/100\n|-damage|p2b: Delphox|61/100 slp\n|-enditem|p2a: Incineroar|Sitrus Berry|[eat]\n|-heal|p2a: Incineroar|48/100|[from] item: Sitrus Berry\n|\n|upkeep\n|turn|5\n|\n|t:|1788425440\n|move|p1a: Aerodactyl|Wide Guard|p1a: Aerodactyl\n|-singleturn|p1a: Aerodactyl|Wide Guard\n|move|p2a: Incineroar|Fake Out|p1a: Aerodactyl\n|-resisted|p1a: Aerodactyl|1\n|-damage|p1a: Aerodactyl|94/100\n|-curestatus|p2b: Delphox|slp|[msg]\n|move|p2b: Delphox|Psychic|p1b: Sylveon\n|-damage|p1b: Sylveon|0 fnt\n|faint|p1b: Sylveon\n|\n|upkeep\n|\n|t:|1788425456\n|switch|p1b: Incineroar|Incineroar, L50, M|100/100\n|-ability|p1b: Incineroar|Intimidate|boost\n|-unboost|p2a: Incineroar|atk|1\n|-unboost|p2b: Delphox|atk|1\n|turn|6\n|\n|t:|1788425476\n|switch|p2a: Sinistcha|Sinistcha-Masterpiece, L50|57/100\n|-heal|p2b: Delphox|86/100|[from] ability: Hospitality|[of] p2a: Sinistcha\n|move|p2b: Delphox|Protect|p2b: Delphox\n|-singleturn|p2b: Delphox|Protect\n|move|p1a: Aerodactyl|Tailwind|p1a: Aerodactyl\n|-sidestart|p1: sukibai|move: Tailwind\n|move|p1b: Incineroar|Flare Blitz|p2a: Sinistcha\n|-supereffective|p2a: Sinistcha|1\n|-damage|p2a: Sinistcha|0 fnt\n|faint|p2a: Sinistcha\n|-damage|p1b: Incineroar|83/100|[from] Recoil\n|\n|upkeep\n|\n|t:|1788425488\n|switch|p2a: Incineroar|Incineroar, L50, M|48/100\n|-ability|p2a: Incineroar|Intimidate|boost\n|-unboost|p1a: Aerodactyl|atk|1\n|-unboost|p1b: Incineroar|atk|1\n|turn|7\n|\n|t:|1788425501\n|switch|p1a: Garchomp|Garchomp, L50, F|100/100\n|move|p2a: Incineroar|Fake Out|p1b: Incineroar\n|-damage|p1b: Incineroar|73/100\n|move|p2b: Delphox|Psychic|p1a: Garchomp\n|-damage|p1a: Garchomp|1/100\n|-enditem|p1a: Garchomp|Sitrus Berry|[eat]\n|-heal|p1a: Garchomp|26/100|[from] item: Sitrus Berry\n|cant|p1b: Incineroar|flinch\n|\n|upkeep\n|turn|8\n|\n|t:|1788425572\n|move|p1a: Garchomp|Rock Tomb|p2b: Delphox\n|-supereffective|p2b: Delphox|1\n|-damage|p2b: Delphox|40/100\n|-unboost|p2b: Delphox|spe|1\n|move|p1b: Incineroar|Parting Shot|p2a: Incineroar\n|-unboost|p2a: Incineroar|atk|1\n|-unboost|p2a: Incineroar|spa|1\n|\n|t:|1788425578\n|switch|p1b: Aerodactyl|Aerodactyl-Mega, L50, M|94/100|[from] Parting Shot\n|move|p2b: Delphox|Psychic|p1a: Garchomp\n|-damage|p1a: Garchomp|0 fnt\n|faint|p1a: Garchomp\n|move|p2a: Incineroar|Parting Shot|p1b: Aerodactyl\n|-unboost|p1b: Aerodactyl|atk|1\n|-unboost|p1b: Aerodactyl|spa|1\n|\n|t:|1788425587\n|switch|p2a: Garchomp|Garchomp, L50, F|100/100|[from] Parting Shot\n|\n|upkeep\n|\n|t:|1788425590\n|switch|p1a: Incineroar|Incineroar, L50, M|73/100\n|-ability|p1a: Incineroar|Intimidate|boost\n|-unboost|p2a: Garchomp|atk|1\n|-unboost|p2b: Delphox|atk|1\n|turn|9\n|\n|t:|1788425619\n|switch|p2a: Incineroar|Incineroar, L50, M|48/100\n|-ability|p2a: Incineroar|Intimidate|boost\n|-unboost|p1a: Incineroar|atk|1\n|-unboost|p1b: Aerodactyl|atk|1\n|move|p2b: Delphox|Protect|p2b: Delphox\n|-singleturn|p2b: Delphox|Protect\n|move|p1a: Incineroar|Fake Out|p2a: Incineroar\n|-damage|p2a: Incineroar|41/100\n|move|p1b: Aerodactyl|Rock Slide|p2b: Delphox|[spread] p2a\n|-activate|p2b: Delphox|move: Protect\n|-supereffective|p2a: Incineroar|1\n|-damage|p2a: Incineroar|17/100\n|\n|-sideend|p1: sukibai|move: Tailwind\n|upkeep\n|turn|10\n|\n|t:|1788425636\n|move|p2a: Incineroar|Fake Out|p1b: Aerodactyl\n|-resisted|p1b: Aerodactyl|1\n|-damage|p1b: Aerodactyl|88/100\n|cant|p1b: Aerodactyl|flinch\n|move|p2b: Delphox|Psychic|p1b: Aerodactyl\n|-damage|p1b: Aerodactyl|0 fnt\n|faint|p1b: Aerodactyl\n|move|p1a: Incineroar|Flare Blitz|p2b: Delphox\n|-resisted|p2b: Delphox|1\n|-damage|p2b: Delphox|21/100\n|-damage|p1a: Incineroar|68/100|[from] Recoil\n|\n|upkeep\n|turn|11\n|-message|sukibai forfeited.\n|\n|win|metapod_best\n|l|☆sukibai\n|player|p1|\n||sukibai is ready for game 2.\n|inactive|metapod_best has 30 seconds to confirm battle start!\n||metapod_best is ready for game 2.\n|uhtml|next|Next: <a href=\"/battle-gen9championsvgc2026regmb-2674870322\"><strong>Game 2 of 3</strong></a>\n|l| tsareenagoodar\n|j| tsareenagoodar\n|l| tsareenagoodar\n","uploadtime":1788425898,"views":"44","formatid":"gen9championsvgc2026regmb","rating":null,"private":0,"password":null}