{"id":"gen9championsvgc2026regmb-2674161082","format":"[Gen 9 Champions] VGC 2026 Reg M-B","players":["mytestteams","Constantine25"],"log":"|j|☆mytestteams\n|j|☆Constantine25\n|t:|1788308270\n|gametype|doubles\n|player|p1|mytestteams|burglar|1492\n|player|p2|Constantine25|265|1397\n|gen|9\n|tier|[Gen 9 Champions] VGC 2026 Reg M-B\n|rated|\n|rule|Species Clause: Limit one of each Pokémon\n|rule|Item Clause: Limit 1 of each item\n|clearpoke\n|poke|p1|Lopunny, L50, F|\n|poke|p1|Glimmora, L50, M|\n|poke|p1|Sinistcha, L50|\n|poke|p1|Kingambit, L50, M|\n|poke|p1|Ninetales-Alola, L50, F|\n|poke|p1|Basculegion, L50, M|\n|poke|p2|Gardevoir, L50, M|\n|poke|p2|Garchomp, L50, F|\n|poke|p2|Rotom-Heat, L50|\n|poke|p2|Slowking-Galar, L50, F|\n|poke|p2|Vivillon-Fancy, L50, M|\n|poke|p2|Milotic, L50, F|\n|teampreview|4\n|inactive|Battle timer is ON: inactive players will automatically lose when time's up. (requested by Constantine25)\n|\n|t:|1788308324\n|teamsize|p1|4\n|teamsize|p2|4\n|start\n|switch|p1a: Glimmora|Glimmora, L50, M|100/100\n|switch|p1b: Lopunny|Lopunny, L50, F|100/100\n|switch|p2a: Milotic|Milotic, L50, F|100/100\n|switch|p2b: Vivillon|Vivillon-Fancy, L50, M|100/100\n|turn|1\n|\n|t:|1788308333\n|detailschange|p1b: Lopunny|Lopunny-Mega, L50, F\n|-mega|p1b: Lopunny|Lopunny|Lopunnite\n|move|p2b: Vivillon|Protect|p2b: Vivillon\n|-singleturn|p2b: Vivillon|Protect\n|move|p1b: Lopunny|Fake Out|p2a: Milotic\n|-damage|p2a: Milotic|77/100\n|move|p1a: Glimmora|Power Gem|p2b: Vivillon\n|-activate|p2b: Vivillon|move: Protect\n|cant|p2a: Milotic|flinch\n|\n|upkeep\n|turn|2\n|inactive|Constantine25 has 30 seconds left.\n|\n|t:|1788308367\n|move|p1b: Lopunny|Protect|p1b: Lopunny\n|-singleturn|p1b: Lopunny|Protect\n|move|p2b: Vivillon|Sleep Powder|p1a: Glimmora\n|-status|p1a: Glimmora|slp|[from] move: Sleep Powder\n|cant|p1a: Glimmora|slp\n|move|p2a: Milotic|Scald|p1a: Glimmora\n|-supereffective|p1a: Glimmora|1\n|-enditem|p1a: Glimmora|Focus Sash\n|-damage|p1a: Glimmora|1/100 slp\n|\n|upkeep\n|turn|3\n|inactive|Constantine25 has 30 seconds left.\n|\n|t:|1788308399\n|switch|p1b: Sinistcha|Sinistcha, L50|100/100\n|-heal|p1a: Glimmora|25/100 slp|[from] ability: Hospitality|[of] p1b: Sinistcha\n|-curestatus|p1a: Glimmora|slp|[msg]\n|move|p1a: Glimmora|Spiky Shield|p1a: Glimmora\n|-singleturn|p1a: Glimmora|move: Protect\n|move|p2b: Vivillon|Tailwind|p2b: Vivillon\n|-sidestart|p2: Constantine25|move: Tailwind\n|move|p2a: Milotic|Scald|p1a: Glimmora\n|-activate|p1a: Glimmora|move: Protect\n|\n|upkeep\n|turn|4\n|\n|t:|1788308415\n|move|p1b: Sinistcha|Rage Powder|p1b: Sinistcha\n|-singleturn|p1b: Sinistcha|move: Rage Powder\n|move|p2b: Vivillon|Hurricane|p1b: Sinistcha\n|-supereffective|p1b: Sinistcha|1\n|-damage|p1b: Sinistcha|32/100\n|-start|p1b: Sinistcha|confusion\n|-enditem|p1b: Sinistcha|Sitrus Berry|[eat]\n|-heal|p1b: Sinistcha|57/100|[from] item: Sitrus Berry\n|move|p2a: Milotic|Ice Beam|p1b: Sinistcha\n|-supereffective|p1b: Sinistcha|1\n|-damage|p1b: Sinistcha|7/100\n|move|p1a: Glimmora|Power Gem|p2b: Vivillon\n|-supereffective|p2b: Vivillon|2\n|-enditem|p2b: Vivillon|Focus Sash\n|-damage|p2b: Vivillon|1/100\n|\n|upkeep\n|turn|5\n|\n|t:|1788308435\n|-activate|p1b: Sinistcha|confusion\n|move|p1b: Sinistcha|Rage Powder|p1b: Sinistcha\n|-singleturn|p1b: Sinistcha|move: Rage Powder\n|move|p2b: Vivillon|Hurricane|p1b: Sinistcha\n|-supereffective|p1b: Sinistcha|1\n|-damage|p1b: Sinistcha|0 fnt\n|faint|p1b: Sinistcha\n|move|p2a: Milotic|Scald|p1a: Glimmora\n|-supereffective|p1a: Glimmora|1\n|-damage|p1a: Glimmora|0 fnt\n|faint|p1a: Glimmora\n|\n|upkeep\n|\n|t:|1788308446\n|switch|p1a: Lopunny|Lopunny-Mega, L50, F|100/100\n|switch|p1b: Ninetales|Ninetales-Alola, L50, F|100/100\n|-weather|Snowscape|[from] ability: Snow Warning|[of] p1b: Ninetales\n|turn|6\n|\n|t:|1788308453\n|move|p2b: Vivillon|Protect|p2b: Vivillon\n|-singleturn|p2b: Vivillon|Protect\n|move|p2a: Milotic|Protect|p2a: Milotic\n|-singleturn|p2a: Milotic|Protect\n|move|p1a: Lopunny|Fake Out|p2b: Vivillon\n|-activate|p2b: Vivillon|move: Protect\n|move|p1b: Ninetales|Freeze-Dry|p2a: Milotic\n|-activate|p2a: Milotic|move: Protect\n|\n|-weather|Snowscape|[upkeep]\n|-sideend|p2: Constantine25|move: Tailwind\n|upkeep\n|turn|7\n|\n|t:|1788308470\n|switch|p2b: Rotom|Rotom-Heat, L50|100/100\n|move|p1a: Lopunny|Protect|p1a: Lopunny\n|-singleturn|p1a: Lopunny|Protect\n|move|p1b: Ninetales|Blizzard|p2a: Milotic|[spread] p2a,p2b\n|-resisted|p2a: Milotic|1\n|-resisted|p2b: Rotom|1\n|-damage|p2a: Milotic|62/100\n|-damage|p2b: Rotom|79/100\n|move|p2a: Milotic|Icy Wind|p1b: Ninetales|[spread] p1b\n|-activate|p1a: Lopunny|move: Protect\n|-resisted|p1b: Ninetales|1\n|-damage|p1b: Ninetales|92/100\n|-unboost|p1b: Ninetales|spe|1\n|\n|-weather|Snowscape|[upkeep]\n|upkeep\n|turn|8\n|\n|t:|1788308488\n|move|p1a: Lopunny|Giga Impact|p2b: Rotom\n|-damage|p2b: Rotom|0 fnt\n|-mustrecharge|p1a: Lopunny\n|faint|p2b: Rotom\n|move|p1b: Ninetales|Freeze-Dry|p2a: Milotic\n|-supereffective|p2a: Milotic|1\n|-damage|p2a: Milotic|17/100\n|move|p2a: Milotic|Scald|p1a: Lopunny\n|-damage|p1a: Lopunny|38/100\n|\n|-weather|Snowscape|[upkeep]\n|upkeep\n|\n|t:|1788308499\n|switch|p2b: Vivillon|Vivillon-Fancy, L50, M|1/100\n|turn|9\n|inactive|Constantine25 has 30 seconds left.\n|inactive|Constantine25 has 20 seconds left.\n|inactive|Constantine25 has 15 seconds left.\n|\n|t:|1788308539\n|cant|p1a: Lopunny|recharge\n|move|p2b: Vivillon|Sleep Powder|p1b: Ninetales\n|-status|p1b: Ninetales|slp|[from] move: Sleep Powder\n|cant|p1b: Ninetales|slp\n|move|p2a: Milotic|Scald|p1a: Lopunny\n|-damage|p1a: Lopunny|0 fnt\n|faint|p1a: Lopunny\n|\n|-weather|Snowscape|[upkeep]\n|upkeep\n|turn|10\n|\n|t:|1788308554\n|move|p2b: Vivillon|Hurricane|p1b: Ninetales\n|-damage|p1b: Ninetales|48/100 slp\n|-curestatus|p1b: Ninetales|slp|[msg]\n|move|p1b: Ninetales|Blizzard|p2b: Vivillon|[spread] p2a,p2b\n|-resisted|p2a: Milotic|1\n|-supereffective|p2b: Vivillon|1\n|-damage|p2a: Milotic|3/100\n|-damage|p2b: Vivillon|0 fnt\n|faint|p2b: Vivillon\n|move|p2a: Milotic|Scald|p1b: Ninetales\n|-damage|p1b: Ninetales|0 fnt\n|faint|p1b: Ninetales\n|\n|win|Constantine25\n|raw|mytestteams's rating: 1492 &rarr; <strong>1467</strong><br />(-25 for losing)\n|raw|Constantine25's rating: 1397 &rarr; <strong>1422</strong><br />(+25 for winning)\n|l|☆Constantine25\n|player|p2|\n","uploadtime":1788308572,"views":"1","formatid":"gen9championsvgc2026regmb","rating":1422,"private":0,"password":null}