{"id":"gen9championsvgc2026regmb-2674915906","format":"[Gen 9 Champions] VGC 2026 Reg M-B","players":["Zarfd","Thornlace48812"],"log":"|j|☆Zarfd\n|j|☆Thornlace48812\n|t:|1788435329\n|gametype|doubles\n|player|p1|Zarfd|shadowtriad|1265\n|player|p2|Thornlace48812|102|1161\n|gen|9\n|tier|[Gen 9 Champions] VGC 2026 Reg M-B\n|rated|\n|rule|Species Clause: Limit one of each Pokémon\n|rule|Item Clause: Limit 1 of each item\n|clearpoke\n|poke|p1|Dragapult, L50, F|\n|poke|p1|Sylveon, L50, M|\n|poke|p1|Garchomp, L50, F|\n|poke|p1|Charizard, L50, M|\n|poke|p1|Aerodactyl, L50, F|\n|poke|p1|Sneasler, L50, F|\n|poke|p2|Garchomp, L50, M|\n|poke|p2|Charizard, L50, F|\n|poke|p2|Whimsicott, L50, M|\n|poke|p2|Sylveon, L50, M|\n|poke|p2|Kingambit, L50, M|\n|poke|p2|Basculegion, L50, M|\n|teampreview|4\n|inactive|Battle timer is ON: inactive players will automatically lose when time's up. (requested by Thornlace48812)\nThornlace48812 rejected open team sheets.\n|\n|t:|1788435356\n|teamsize|p1|4\n|teamsize|p2|4\n|start\n|switch|p1a: Aerodactyl|Aerodactyl, L50, F|100/100\n|switch|p1b: Sneasler|Sneasler, L50, F|100/100\n|switch|p2a: Charizard|Charizard, L50, F|100/100\n|switch|p2b: Garchomp|Garchomp, L50, M|100/100\n|-ability|p1a: Aerodactyl|Unnerve\n|turn|1\n|\n|t:|1788435365\n|move|p2a: Charizard|Protect|p2a: Charizard\n|-singleturn|p2a: Charizard|Protect\n|move|p1b: Sneasler|Fake Out|p2b: Garchomp\n|-damage|p2b: Garchomp|85/100\n|-damage|p1b: Sneasler|87/100|[from] ability: Rough Skin|[of] p2b: Garchomp\n|move|p1a: Aerodactyl|Rock Slide|p2b: Garchomp|[spread] p2b\n|-activate|p2a: Charizard|move: Protect\n|-resisted|p2b: Garchomp|1\n|-damage|p2b: Garchomp|74/100\n|cant|p2b: Garchomp|flinch\n|\n|upkeep\n|turn|2\n|inactive|Zarfd has 30 seconds left.\n|\n|t:|1788435390\n|detailschange|p1a: Aerodactyl|Aerodactyl-Mega, L50, F\n|-mega|p1a: Aerodactyl|Aerodactyl|Aerodactylite\n|detailschange|p2a: Charizard|Charizard-Mega-Y, L50, F\n|-mega|p2a: Charizard|Charizard|Charizardite Y\n|-weather|SunnyDay|[from] ability: Drought|[of] p2a: Charizard\n|move|p1a: Aerodactyl|Wide Guard|p1a: Aerodactyl\n|-singleturn|p1a: Aerodactyl|Wide Guard\n|move|p1b: Sneasler|Rock Slide|p2a: Charizard|[spread] p2a,p2b\n|-supereffective|p2a: Charizard|2\n|-resisted|p2b: Garchomp|1\n|-damage|p2a: Charizard|8/100\n|-damage|p2b: Garchomp|65/100\n|move|p2b: Garchomp|Dragon Claw|p1a: Aerodactyl\n|-damage|p1a: Aerodactyl|41/100\n|-damage|p2b: Garchomp|55/100|[from] item: Life Orb\n|cant|p2a: Charizard|flinch\n|\n|-weather|SunnyDay|[upkeep]\n|upkeep\n|turn|3\n|inactive|Zarfd has 30 seconds left.\n|\n|t:|1788435418\n|move|p2a: Charizard|Protect|p2a: Charizard\n|-singleturn|p2a: Charizard|Protect\n|move|p1a: Aerodactyl|Tailwind|p1a: Aerodactyl\n|-sidestart|p1: Zarfd|move: Tailwind\n|move|p1b: Sneasler|Rock Slide|p2b: Garchomp|[spread] p2b\n|-activate|p2a: Charizard|move: Protect\n|-resisted|p2b: Garchomp|1\n|-damage|p2b: Garchomp|47/100\n|move|p2b: Garchomp|Dragon Claw|p1a: Aerodactyl\n|-damage|p1a: Aerodactyl|0 fnt\n|faint|p1a: Aerodactyl\n|-damage|p2b: Garchomp|37/100|[from] item: Life Orb\n|\n|-weather|SunnyDay|[upkeep]\n|upkeep\n|\n|t:|1788435437\n|switch|p1a: Garchomp|Garchomp, L50, F|100/100\n|turn|4\n|\n|t:|1788435446\n|move|p2b: Garchomp|Protect|p2b: Garchomp\n|-singleturn|p2b: Garchomp|Protect\n|move|p2a: Charizard|Protect||[still]\n|-fail|p2a: Charizard\n|move|p1a: Garchomp|Dragon Claw|p2b: Garchomp\n|-activate|p2b: Garchomp|move: Protect\n|move|p1b: Sneasler|Rock Slide|p2a: Charizard|[spread] \n|-activate|p2b: Garchomp|move: Protect\n|-miss|p1b: Sneasler|p2a: Charizard\n|\n|-weather|SunnyDay|[upkeep]\n|upkeep\n|turn|5\n|\n|t:|1788435466\n|move|p2a: Charizard|Protect|p2a: Charizard\n|-singleturn|p2a: Charizard|Protect\n|move|p1a: Garchomp|Dragon Claw|p2b: Garchomp\n|-supereffective|p2b: Garchomp|1\n|-damage|p2b: Garchomp|0 fnt\n|-damage|p1a: Garchomp|87/100|[from] ability: Rough Skin|[of] p2b: Garchomp\n|faint|p2b: Garchomp\n|move|p1b: Sneasler|Rock Slide|p2a: Charizard\n|-activate|p2a: Charizard|move: Protect\n|\n|-weather|SunnyDay|[upkeep]\n|upkeep\n|\n|t:|1788435466\n|switch|p2b: Sylveon|Sylveon, L50, M|100/100\n|turn|6\n|\n|t:|1788435486\n|switch|p1a: Dragapult|Dragapult, L50, F|100/100\n|move|p2a: Charizard|Protect||[still]\n|-fail|p2a: Charizard\n|move|p2b: Sylveon|Detect|p2b: Sylveon\n|-singleturn|p2b: Sylveon|Protect\n|move|p1b: Sneasler|Rock Slide|p2a: Charizard|[spread] p2a\n|-activate|p2b: Sylveon|move: Protect\n|-supereffective|p2a: Charizard|2\n|-crit|p2a: Charizard\n|-damage|p2a: Charizard|0 fnt\n|faint|p2a: Charizard\n|\n|-weather|none\n|-sideend|p1: Zarfd|move: Tailwind\n|upkeep\n|\n|t:|1788435486\n|switch|p2a: Basculegion|Basculegion, L50, M|100/100\n|turn|7\n|inactive|Zarfd has 30 seconds left.\n|\n|t:|1788435511\n|move|p1a: Dragapult|Will-O-Wisp|p2a: Basculegion\n|-status|p2a: Basculegion|brn\n|move|p1b: Sneasler|Dire Claw|p2b: Sylveon\n|-supereffective|p2b: Sylveon|1\n|-damage|p2b: Sylveon|1/100\n|move|p2a: Basculegion|Last Respects|p1b: Sneasler\n|-crit|p1b: Sneasler\n|-damage|p1b: Sneasler|0 fnt\n|faint|p1b: Sneasler\n|move|p2b: Sylveon|Hyper Voice|p1a: Dragapult\n|-supereffective|p1a: Dragapult|1\n|-enditem|p1a: Dragapult|Focus Sash\n|-damage|p1a: Dragapult|1/100\n|\n|-damage|p2a: Basculegion|94/100 brn|[from] brn\n|upkeep\n|\n|t:|1788435528\n|switch|p1b: Garchomp|Garchomp, L50, F|87/100\n|turn|8\n|\n|t:|1788435545\n|move|p2a: Basculegion|Aqua Jet|p1a: Dragapult\n|-resisted|p1a: Dragapult|1\n|-damage|p1a: Dragapult|0 fnt\n|faint|p1a: Dragapult\n|move|p1b: Garchomp|Rock Slide|p2b: Sylveon|[spread] p2a,p2b\n|-damage|p2a: Basculegion|73/100 brn\n|-damage|p2b: Sylveon|0 fnt\n|faint|p2b: Sylveon\n|\n|-damage|p2a: Basculegion|67/100 brn|[from] brn\n|upkeep\n|turn|9\n|\n|t:|1788435558\n|move|p1b: Garchomp|Rock Slide|p2a: Basculegion\n|-damage|p2a: Basculegion|36/100 brn\n|move|p2a: Basculegion|Last Respects|p1b: Garchomp\n|-damage|p1b: Garchomp|15/100\n|\n|-damage|p2a: Basculegion|30/100 brn|[from] brn\n|upkeep\n|turn|10\n|\n|t:|1788435567\n|move|p1b: Garchomp|Rock Slide|p2a: Basculegion|[miss]\n|-miss|p1b: Garchomp|p2a: Basculegion\n|move|p2a: Basculegion|Last Respects|p1b: Garchomp\n|-damage|p1b: Garchomp|0 fnt\n|faint|p1b: Garchomp\n|\n|win|Thornlace48812\n|raw|Zarfd's rating: 1265 &rarr; <strong>1226</strong><br />(-39 for losing)\n|raw|Thornlace48812's rating: 1036 &rarr; <strong>1091</strong><br />(+55 for winning)\n","uploadtime":1788435567,"views":"0","formatid":"gen9championsvgc2026regmb","rating":1091,"private":0,"password":null}