{"id":"gen9championsvgc2026regmb-2674734060","format":"[Gen 9 Champions] VGC 2026 Reg M-B","players":["Kenal1810","jeanryupr"],"log":"|j|☆Kenal1810\n|j|☆jeanryupr\n|t:|1788397814\n|gametype|doubles\n|player|p1|Kenal1810|169|1050\n|player|p2|jeanryupr|102|1040\n|gen|9\n|tier|[Gen 9 Champions] VGC 2026 Reg M-B\n|rated|\n|rule|Species Clause: Limit one of each Pokémon\n|rule|Item Clause: Limit 1 of each item\n|clearpoke\n|poke|p1|Sneasler, L50, F|\n|poke|p1|Whimsicott, L50, M|\n|poke|p1|Froslass, L50, F|\n|poke|p1|Rotom-Wash, L50|\n|poke|p1|Ninetales-Alola, L50, M|\n|poke|p1|Aerodactyl, L50, F|\n|poke|p2|Scovillain, L50, F, shiny|\n|poke|p2|Basculegion, L50, M|\n|poke|p2|Kingambit, L50, F|\n|poke|p2|Sneasler, L50, M|\n|poke|p2|Lycanroc-Dusk, L50, F|\n|poke|p2|Froslass, L50, F|\n|teampreview|4\njeanryupr rejected open team sheets.\n|\n|t:|1788397870\n|teamsize|p1|4\n|teamsize|p2|4\n|start\n|switch|p1a: Whimsicott|Whimsicott, L50, M|100/100\n|switch|p1b: Rotom|Rotom-Wash, L50|100/100\n|switch|p2a: Scovillain|Scovillain, L50, F, shiny|100/100\n|switch|p2b: Kingambit|Kingambit, L50, F|100/100\n|turn|1\n|\n|t:|1788397891\n|detailschange|p2a: Scovillain|Scovillain-Mega, L50, F, shiny\n|-mega|p2a: Scovillain|Scovillain|Scovillainite\n|move|p2a: Scovillain|Rage Powder|p2a: Scovillain\n|-singleturn|p2a: Scovillain|move: Rage Powder\n|move|p1a: Whimsicott|Tailwind|p1a: Whimsicott\n|-sidestart|p1: Kenal1810|move: Tailwind\n|move|p1b: Rotom|Trick||[still]\n|-fail|p1b: Rotom\n|move|p2b: Kingambit|Swords Dance|p2b: Kingambit\n|-boost|p2b: Kingambit|atk|2\n|\n|upkeep\n|turn|2\n|\n|t:|1788397905\n|move|p2a: Scovillain|Rage Powder|p2a: Scovillain\n|-singleturn|p2a: Scovillain|move: Rage Powder\n|move|p1a: Whimsicott|Taunt|p2a: Scovillain\n|-start|p2a: Scovillain|move: Taunt\n|move|p1b: Rotom|Trick||[still]\n|-fail|p1b: Rotom\n|move|p2b: Kingambit|Kowtow Cleave|p1b: Rotom\n|-damage|p1b: Rotom|0 fnt\n|faint|p1b: Rotom\n|\n|upkeep\n|\n|t:|1788397915\n|switch|p1b: Sneasler|Sneasler, L50, F|100/100\n|turn|3\n|\n|t:|1788397926\n|move|p2b: Kingambit|Protect|p2b: Kingambit\n|-singleturn|p2b: Kingambit|Protect\n|move|p1a: Whimsicott|Encore|p2a: Scovillain\n|-start|p2a: Scovillain|Encore\n|cant|p2a: Scovillain|move: Taunt|Rage Powder\n|move|p1b: Sneasler|Close Combat|p2b: Kingambit\n|-activate|p2b: Kingambit|move: Protect\n|\n|upkeep\n|turn|4\n|\n|t:|1788397945\n|switch|p2b: Basculegion|Basculegion, L50, M|100/100\n|move|p1a: Whimsicott|Moonblast|p2b: Basculegion\n|-damage|p2b: Basculegion|60/100\n|move|p1b: Sneasler|Dire Claw|p2b: Basculegion\n|-resisted|p2b: Basculegion|1\n|-damage|p2b: Basculegion|33/100\n|-status|p2b: Basculegion|psn|[from] ability: Poison Touch|[of] p1b: Sneasler\n|-activate|p2a: Scovillain|move: Struggle\n|move|p2a: Scovillain|Struggle|p1b: Sneasler\n|-damage|p1b: Sneasler|73/100\n|-damage|p2a: Scovillain|74/100|[from] recoil\n|\n|-damage|p2b: Basculegion|21/100 psn|[from] psn\n|-sideend|p1: Kenal1810|move: Tailwind\n|upkeep\n|turn|5\n|\n|t:|1788397977\n|switch|p2a: Sneasler|Sneasler, L50, M|100/100\n|move|p1a: Whimsicott|Moonblast|p2b: Basculegion\n|-damage|p2b: Basculegion|0 fnt\n|faint|p2b: Basculegion\n|move|p1b: Sneasler|Dire Claw|p2a: Sneasler\n|-resisted|p2a: Sneasler|1\n|-damage|p2a: Sneasler|68/100\n|\n|upkeep\n|\n|t:|1788397987\n|switch|p2b: Scovillain|Scovillain-Mega, L50, F, shiny|74/100\n|turn|6\n|\n|t:|1788398002\n|switch|p1a: Froslass|Froslass, L50, F|100/100\n|move|p1b: Sneasler|Dire Claw|p2b: Scovillain\n|-supereffective|p2b: Scovillain|1\n|-damage|p2b: Scovillain|0 fnt\n|-status|p1b: Sneasler|brn|[from] ability: Spicy Spray|[of] p2b: Scovillain\n|faint|p2b: Scovillain\n|move|p2a: Sneasler|Dire Claw|p1a: Froslass\n|-resisted|p1a: Froslass|1\n|-damage|p1a: Froslass|68/100\n|\n|-damage|p1b: Sneasler|68/100 brn|[from] brn\n|upkeep\n|\n|t:|1788398014\n|switch|p2b: Kingambit|Kingambit, L50, F|100/100\n|turn|7\n|\n|t:|1788398044\n|detailschange|p1a: Froslass|Froslass-Mega, L50, F\n|-mega|p1a: Froslass|Froslass|Froslassite\n|-weather|Snowscape|[from] ability: Snow Warning|[of] p1a: Froslass\n|move|p2b: Kingambit|Protect|p2b: Kingambit\n|-singleturn|p2b: Kingambit|Protect\n|move|p1a: Froslass|Blizzard|p2a: Sneasler|[spread] p2a\n|-activate|p2b: Kingambit|move: Protect\n|-damage|p2a: Sneasler|10/100\n|move|p1b: Sneasler|Close Combat|p2b: Kingambit\n|-activate|p2b: Kingambit|move: Protect\n|move|p2a: Sneasler|Close Combat|p1b: Sneasler\n|-resisted|p1b: Sneasler|1\n|-damage|p1b: Sneasler|16/100 brn\n|-unboost|p2a: Sneasler|def|1\n|-unboost|p2a: Sneasler|spd|1\n|-enditem|p2a: Sneasler|White Herb\n|-clearnegativeboost|p2a: Sneasler|[silent]\n|\n|-weather|Snowscape|[upkeep]\n|-damage|p1b: Sneasler|10/100 brn|[from] brn\n|upkeep\n|turn|8\n|\n|t:|1788398071\n|move|p2b: Kingambit|Sucker Punch|p1b: Sneasler\n|-resisted|p1b: Sneasler|1\n|-damage|p1b: Sneasler|0 fnt\n|faint|p1b: Sneasler\n|move|p2a: Sneasler|Dire Claw|p1a: Froslass\n|-resisted|p1a: Froslass|1\n|-damage|p1a: Froslass|44/100\n|move|p1a: Froslass|Blizzard|p2b: Kingambit|[spread] p2a,p2b\n|-resisted|p2b: Kingambit|1\n|-damage|p2a: Sneasler|0 fnt\n|-damage|p2b: Kingambit|76/100\n|faint|p2a: Sneasler\n|\n|-weather|Snowscape|[upkeep]\n|upkeep\n|\n|t:|1788398082\n|switch|p1b: Whimsicott|Whimsicott, L50, M|100/100\n|turn|9\n|\n|t:|1788398095\n|move|p1a: Froslass|Destiny Bond|p1a: Froslass\n|-singlemove|p1a: Froslass|Destiny Bond\n|move|p1b: Whimsicott|Moonblast|p2b: Kingambit\n|-damage|p2b: Kingambit|43/100\n|move|p2b: Kingambit|Kowtow Cleave|p1b: Whimsicott\n|-resisted|p1b: Whimsicott|1\n|-damage|p1b: Whimsicott|58/100\n|\n|-weather|Snowscape|[upkeep]\n|upkeep\n|turn|10\n|\n|t:|1788398111\n|move|p2b: Kingambit|Sucker Punch|p1b: Whimsicott\n|-resisted|p1b: Whimsicott|1\n|-damage|p1b: Whimsicott|19/100\n|move|p1a: Froslass|Blizzard|p2b: Kingambit\n|-resisted|p2b: Kingambit|1\n|-damage|p2b: Kingambit|14/100\n|move|p1b: Whimsicott|Moonblast|p2b: Kingambit\n|-damage|p2b: Kingambit|0 fnt\n|faint|p2b: Kingambit\n|\n|win|Kenal1810\n","uploadtime":1788397817,"views":"1","formatid":"gen9championsvgc2026regmb","rating":null,"private":0,"password":null}