{"id":"gen9championsvgc2026regmb-2674442025","format":"[Gen 9 Champions] VGC 2026 Reg M-B","players":["Nonehereonlyme","kayosmurf"],"log":"|j|☆Nonehereonlyme\n|j|☆kayosmurf\n|t:|1788360279\n|gametype|doubles\n|player|p1|Nonehereonlyme|hiker-gen4|1070\n|player|p2|kayosmurf|iris-gen5bw2|1165\n|gen|9\n|tier|[Gen 9 Champions] VGC 2026 Reg M-B\n|rated|\n|rule|Species Clause: Limit one of each Pokémon\n|rule|Item Clause: Limit 1 of each item\n|clearpoke\n|poke|p1|Dragonite, L50, M, shiny|\n|poke|p1|Whimsicott, L50, F, shiny|\n|poke|p1|Sinistcha, L50|\n|poke|p1|Pelipper, L50, F|\n|poke|p1|Swampert, L50, M|\n|poke|p1|Basculegion, L50, M|\n|poke|p2|Lucario, L50, F|\n|poke|p2|Aerodactyl, L50, F|\n|poke|p2|Maushold-Four, L50|\n|poke|p2|Annihilape, L50, M|\n|poke|p2|Rotom-Wash, L50|\n|poke|p2|Hydreigon, L50, F|\n|teampreview|4\n|inactive|Battle timer is ON: inactive players will automatically lose when time's up. (requested by kayosmurf)\n|\n|t:|1788360303\n|teamsize|p1|4\n|teamsize|p2|4\n|start\n|switch|p1a: LittleLaw|Whimsicott, L50, F, shiny|100/100\n|switch|p1b: Pelipper|Pelipper, L50, F|100/100\n|switch|p2a: Maushold|Maushold-Four, L50|100/100\n|switch|p2b: Lucario|Lucario, L50, F|100/100\n|-weather|RainDance|[from] ability: Drizzle|[of] p1b: Pelipper\n|turn|1\n|inactive|kayosmurf has 30 seconds left.\n|\n|t:|1788360336\n|move|p2b: Lucario|Endure|p2b: Lucario\n|-singleturn|p2b: Lucario|move: Endure\n|move|p1a: LittleLaw|Tailwind|p1a: LittleLaw\n|-sidestart|p1: Nonehereonlyme|move: Tailwind\n|move|p1b: Pelipper|Muddy Water|p2b: Lucario|[spread] p2a,p2b\n|-damage|p2a: Maushold|61/100\n|-damage|p2b: Lucario|59/100\n|move|p2a: Maushold|Beat Up|p2b: Lucario\n|-resisted|p2b: Lucario|1\n|-damage|p2b: Lucario|59/100\n|-ability|p2b: Lucario|Justified|boost\n|-boost|p2b: Lucario|atk|1\n|-resisted|p2b: Lucario|1\n|-damage|p2b: Lucario|57/100\n|-ability|p2b: Lucario|Justified|boost\n|-boost|p2b: Lucario|atk|1\n|-resisted|p2b: Lucario|1\n|-damage|p2b: Lucario|56/100\n|-ability|p2b: Lucario|Justified|boost\n|-boost|p2b: Lucario|atk|1\n|-resisted|p2b: Lucario|1\n|-damage|p2b: Lucario|55/100\n|-ability|p2b: Lucario|Justified|boost\n|-boost|p2b: Lucario|atk|1\n|-hitcount|p2b: Lucario|4\n|\n|-weather|RainDance|[upkeep]\n|upkeep\n|turn|2\n|inactive|Nonehereonlyme has 30 seconds left.\n|\n|t:|1788360364\n|detailschange|p2b: Lucario|Lucario-Mega, L50, F\n|-mega|p2b: Lucario|Lucario|Lucarionite\n|move|p2a: Maushold|Follow Me|p2a: Maushold\n|-singleturn|p2a: Maushold|move: Follow Me\n|move|p1a: LittleLaw|Encore|p2a: Maushold\n|-start|p2a: Maushold|Encore\n|move|p1b: Pelipper|Muddy Water|p2b: Lucario|[spread] p2a,p2b\n|-damage|p2a: Maushold|20/100y\n|-damage|p2b: Lucario|14/100\n|-unboost|p2a: Maushold|accuracy|1\n|move|p2b: Lucario|Rock Slide|p1a: LittleLaw|[spread] p1a\n|-miss|p2b: Lucario|p1b: Pelipper\n|-damage|p1a: LittleLaw|9/100\n|\n|-weather|RainDance|[upkeep]\n|upkeep\n|turn|3\n|inactive|kayosmurf has 30 seconds left.\n|\n|t:|1788360394\n|move|p2b: Lucario|Endure|p2b: Lucario\n|-singleturn|p2b: Lucario|move: Endure\n|move|p2a: Maushold|Follow Me|p2a: Maushold\n|-singleturn|p2a: Maushold|move: Follow Me\n|move|p1a: LittleLaw|Moonblast|p2a: Maushold\n|-damage|p2a: Maushold|0 fnt\n|faint|p2a: Maushold\n|-damage|p1a: LittleLaw|0 fnt|[from] item: Life Orb\n|faint|p1a: LittleLaw\n|move|p1b: Pelipper|Muddy Water|p2b: Lucario\n|-activate|p2b: Lucario|move: Endure\n|-damage|p2b: Lucario|1/100\n|\n|-weather|RainDance|[upkeep]\n|upkeep\n|\n|t:|1788360410\n|switch|p1a: Francis|Swampert, L50, M|100/100\n|switch|p2a: Hydreigon|Hydreigon, L50, F|100/100\n|turn|4\n|\n|t:|1788360427\n|move|p1a: Francis|Protect|p1a: Francis\n|-singleturn|p1a: Francis|Protect\n|move|p2b: Lucario|Rock Slide|p1b: Pelipper|[spread] p1b\n|-activate|p1a: Francis|move: Protect\n|-supereffective|p1b: Pelipper|1\n|-damage|p1b: Pelipper|0 fnt\n|faint|p1b: Pelipper\n|move|p2a: Hydreigon|Draco Meteor|p1a: Francis\n|-activate|p1a: Francis|move: Protect\n|\n|-weather|RainDance|[upkeep]\n|-sideend|p1: Nonehereonlyme|move: Tailwind\n|upkeep\n|\n|t:|1788360436\n|switch|p1b: Texk|Dragonite, L50, M, shiny|100/100\n|turn|5\n|\n|t:|1788360456\n|detailschange|p1a: Francis|Swampert-Mega, L50, M\n|-mega|p1a: Francis|Swampert|Swampertite\n|move|p2b: Lucario|Rock Slide|p1a: Francis|[spread] p1a,p1b\n|-resisted|p1a: Francis|1\n|-supereffective|p1b: Texk|1\n|-damage|p1a: Francis|75/100\n|-damage|p1b: Texk|37/100\n|move|p1a: Francis|Earthquake|p2a: Hydreigon|[spread] p2b\n|-immune|p1b: Texk\n|-immune|p2a: Hydreigon|[from] ability: Levitate\n|-supereffective|p2b: Lucario|1\n|-damage|p2b: Lucario|0 fnt\n|faint|p2b: Lucario\n|move|p2a: Hydreigon|Tailwind|p2a: Hydreigon\n|-sidestart|p2: kayosmurf|move: Tailwind\n|move|p1b: Texk|Draco Meteor|p2a: Hydreigon\n|-supereffective|p2a: Hydreigon|1\n|-damage|p2a: Hydreigon|0 fnt\n|-unboost|p1b: Texk|spa|2\n|faint|p2a: Hydreigon\n|\n|-weather|none\n|upkeep\n|\n|t:|1788360469\n|switch|p2b: Annihilape|Annihilape, L50, M|100/100\n|turn|6\n|\n|t:|1788360478\n|move|p2b: Annihilape|Rock Slide|p1a: Francis|[spread] p1a,p1b\n|-resisted|p1a: Francis|1\n|-crit|p1a: Francis\n|-supereffective|p1b: Texk|1\n|-damage|p1a: Francis|63/100\n|-damage|p1b: Texk|1/100\n|move|p1b: Texk|Draco Meteor|p2b: Annihilape\n|-damage|p2b: Annihilape|71/100\n|-unboost|p1b: Texk|spa|2\n|move|p1a: Francis|Wave Crash|p2b: Annihilape\n|-damage|p2b: Annihilape|0 fnt\n|faint|p2b: Annihilape\n|-damage|p1a: Francis|42/100|[from] Recoil\n|\n|win|Nonehereonlyme\n|raw|Nonehereonlyme's rating: 1070 &rarr; <strong>1107</strong><br />(+37 for winning)\n|raw|kayosmurf's rating: 1165 &rarr; <strong>1133</strong><br />(-32 for losing)\n|l|☆kayosmurf\n|player|p2|\n","uploadtime":1788360491,"views":"1","formatid":"gen9championsvgc2026regmb","rating":1107,"private":0,"password":null}