{"id":"gen9championsvgc2026regmbbo3-2674621017","format":"[Gen 9 Champions] VGC 2026 Reg M-B (Bo3)","players":["plaidhaxx","Gabbo7203"],"log":"|j|☆plaidhaxx\n|j|☆Gabbo7203\n|html|<table width=\"100%\"><tr><td align=\"left\">plaidhaxx</td><td align=\"right\">Gabbo7203</tr><tr><td align=\"left\"><i class=\"fa fa-circle-o\"></i> <i class=\"fa fa-circle-o\"></i> </td><td align=\"right\"><i class=\"fa fa-circle-o\"></i> <i class=\"fa fa-circle-o\"></i> </tr></table>\n|uhtml|bestof|<h2><strong>Game 1</strong> of <a href=\"/game-bestof3-gen9championsvgc2026regmbbo3-2674621016\">a best-of-3</a></h2>\n|t:|1788381303\n|gametype|doubles\n|player|p1|plaidhaxx|grimsley|\n|player|p2|Gabbo7203|caitlin|\n|gen|9\n|tier|[Gen 9 Champions] VGC 2026 Reg M-B (Bo3)\n|rule|Species Clause: Limit one of each Pokémon\n|rule|Item Clause: Limit 1 of each item\n|clearpoke\n|poke|p1|Charizard, L50, F|\n|poke|p1|Gengar, L50, M|\n|poke|p1|Incineroar, L50, F|\n|poke|p1|Dragonite, L50, M|\n|poke|p1|Sneasler, L50, M|\n|poke|p1|Garchomp, L50, F|\n|poke|p2|Chesnaught, L50, M|\n|poke|p2|Kangaskhan, L50, F|\n|poke|p2|Farigiraf, L50, F|\n|poke|p2|Politoed, L50, M|\n|poke|p2|Clefable, L50, M|\n|poke|p2|Kingambit, L50, M|\n|teampreview|4\n|showteam|p1|Charizard||CharizarditeY|Blaze|HeatWave,WeatherBall,AncientPower,Protect|Modest||F|||50|]Gengar||Gengarite|CursedBody|SludgeBomb,ShadowBall,Substitute,Protect|Modest||M|||50|]Incineroar||SitrusBerry|Intimidate|FlareBlitz,ThroatChop,FakeOut,PartingShot|Impish||F|||50|]Dragonite||LifeOrb|InnerFocus|DragonClaw,Superpower,ExtremeSpeed,Protect|Adamant||M|||50|]Sneasler||WhiteHerb|Unburden|CloseCombat,DireClaw,FakeOut,Protect|Jolly||M|||50|]Garchomp||ChoiceScarf|RoughSkin|Earthquake,DragonClaw,RockSlide,StompingTantrum|Adamant||F|||50|\n|showteam|p2|Chesnaught||Chesnaughtite|Bulletproof|BodyPress,SpikyShield,IronDefense,LeechSeed|Relaxed||M|||50|]Kangaskhan||SilkScarf|Scrappy|FakeOut,LastResort|Brave||F|||50|]Farigiraf||SitrusBerry|ArmorTail|TrickRoom,HelpingHand,TwinBeam,AllySwitch|Sassy||F|||50|]Politoed||RindoBerry|Drizzle|WeatherBall,Protect,ChillingWater,Encore|Sassy||M|||50|]Clefable||Leftovers|Unaware|FollowMe,LifeDew,HelpingHand,Moonblast|Relaxed||M|||50|]Kingambit||FocusSash|SupremeOverlord|KowtowCleave,IronHead,SuckerPunch,LowKick|Brave||M|||50|\n|c|☆Gabbo7203|glhf\n|c|☆plaidhaxx|glhf!\n|\n|t:|1788381333\n|teamsize|p1|4\n|teamsize|p2|4\n|start\n|switch|p1a: Gengar|Gengar, L50, M|100/100\n|switch|p1b: Dragonite|Dragonite, L50, M|100/100\n|switch|p2a: Kangaskhan|Kangaskhan, L50, F|100/100\n|switch|p2b: Farigiraf|Farigiraf, L50, F|100/100\n|turn|1\n|\n|t:|1788381358\n|switch|p1a: Incineroar|Incineroar, L50, F|100/100\n|-ability|p1a: Incineroar|Intimidate|boost\n|-fail|p2a: Kangaskhan|unboost|atk|[from] ability: Scrappy|[of] p2a: Kangaskhan\n|-unboost|p2b: Farigiraf|atk|1\n|move|p2a: Kangaskhan|Fake Out|p1b: Dragonite\n|-damage|p1b: Dragonite|79/100\n|move|p1b: Dragonite|Superpower|p2a: Kangaskhan\n|-supereffective|p2a: Kangaskhan|1\n|-damage|p2a: Kangaskhan|0 fnt\n|-unboost|p1b: Dragonite|atk|1\n|-unboost|p1b: Dragonite|def|1\n|faint|p2a: Kangaskhan\n|-damage|p1b: Dragonite|70/100|[from] item: Life Orb\n|move|p2b: Farigiraf|Trick Room|p2b: Farigiraf\n|-fieldstart|move: Trick Room|[of] p2b: Farigiraf\n|\n|upkeep\n|\n|t:|1788381375\n|switch|p2a: Chesnaught|Chesnaught, L50, M|100/100\n|turn|2\n|\n|t:|1788381404\n|detailschange|p2a: Chesnaught|Chesnaught-Mega, L50, M\n|-mega|p2a: Chesnaught|Chesnaught|Chesnaughtite\n|move|p2a: Chesnaught|Body Press|p1a: Incineroar\n|-supereffective|p1a: Incineroar|1\n|-damage|p1a: Incineroar|18/100\n|-enditem|p1a: Incineroar|Sitrus Berry|[eat]\n|-heal|p1a: Incineroar|43/100|[from] item: Sitrus Berry\n|move|p2b: Farigiraf|Twin Beam|p1b: Dragonite\n|-damage|p1b: Dragonite|56/100\n|-damage|p1b: Dragonite|40/100\n|-hitcount|p1b: Dragonite|2\n|move|p1a: Incineroar|Flare Blitz|p2a: Chesnaught\n|-supereffective|p2a: Chesnaught|1\n|-damage|p2a: Chesnaught|49/100\n|-damage|p1a: Incineroar|27/100|[from] Recoil\n|move|p1b: Dragonite|Dragon Claw|p2b: Farigiraf\n|-damage|p2b: Farigiraf|61/100\n|-damage|p1b: Dragonite|30/100|[from] item: Life Orb\n|\n|upkeep\n|turn|3\n|\n|t:|1788381442\n|switch|p1a: Charizard|Charizard, L50, F|100/100\n|move|p2a: Chesnaught|Spiky Shield|p2a: Chesnaught\n|-singleturn|p2a: Chesnaught|move: Protect\n|move|p2b: Farigiraf|Twin Beam|p1b: Dragonite\n|-crit|p1b: Dragonite\n|-damage|p1b: Dragonite|8/100\n|-damage|p1b: Dragonite|0 fnt\n|faint|p1b: Dragonite\n|-hitcount|p1: Dragonite|2\n|\n|upkeep\n|\n|t:|1788381458\n|switch|p1b: Incineroar|Incineroar, L50, F|27/100\n|-ability|p1b: Incineroar|Intimidate|boost\n|-unboost|p2a: Chesnaught|atk|1\n|-unboost|p2b: Farigiraf|atk|1\n|turn|4\n|\n|t:|1788381479\n|switch|p2b: Politoed|Politoed, L50, M|100/100\n|-weather|RainDance|[from] ability: Drizzle|[of] p2b: Politoed\n|move|p2a: Chesnaught|Leech Seed|p1a: Charizard\n|-start|p1a: Charizard|move: Leech Seed\n|move|p1b: Incineroar|Throat Chop|p2b: Politoed\n|-damage|p2b: Politoed|67/100\n|-start|p2b: Politoed|Throat Chop|[silent]\n|move|p1a: Charizard|Heat Wave|p2b: Politoed|[spread] p2a,p2b\n|-supereffective|p2a: Chesnaught|1\n|-resisted|p2b: Politoed|1\n|-damage|p2a: Chesnaught|30/100\n|-damage|p2b: Politoed|62/100\n|\n|-weather|RainDance|[upkeep]\n|-damage|p1a: Charizard|87/100|[from] Leech Seed|[of] p2a: Chesnaught\n|-heal|p2a: Chesnaught|41/100|[silent]\n|upkeep\n|turn|5\n|\n|t:|1788381506\n|detailschange|p1a: Charizard|Charizard-Mega-Y, L50, F\n|-mega|p1a: Charizard|Charizard|Charizardite Y\n|-weather|SunnyDay|[from] ability: Drought|[of] p1a: Charizard\n|move|p2a: Chesnaught|Spiky Shield|p2a: Chesnaught\n|-singleturn|p2a: Chesnaught|move: Protect\n|move|p2b: Politoed|Encore|p1b: Incineroar\n|-start|p1b: Incineroar|Encore\n|move|p1b: Incineroar|Throat Chop|p2b: Politoed\n|-damage|p2b: Politoed|33/100\n|move|p1a: Charizard|Heat Wave|p2a: Chesnaught|[spread] p2b\n|-activate|p2a: Chesnaught|move: Protect\n|-resisted|p2b: Politoed|1\n|-damage|p2b: Politoed|13/100\n|\n|-weather|SunnyDay|[upkeep]\n|-damage|p1a: Charizard|75/100|[from] Leech Seed|[of] p2a: Chesnaught\n|-heal|p2a: Chesnaught|52/100|[silent]\n|-end|p2b: Politoed|Throat Chop|[silent]\n|-fieldend|move: Trick Room\n|upkeep\n|turn|6\n|\n|t:|1788381528\n|switch|p1b: Gengar|Gengar, L50, M|100/100\n|switch|p2b: Farigiraf|Farigiraf, L50, F|61/100\n|move|p1a: Charizard|Heat Wave|p2a: Chesnaught|[spread] p2a,p2b\n|-supereffective|p2a: Chesnaught|1\n|-damage|p2a: Chesnaught|0 fnt\n|-damage|p2b: Farigiraf|11/100\n|-enditem|p2b: Farigiraf|Sitrus Berry|[eat]\n|-heal|p2b: Farigiraf|36/100|[from] item: Sitrus Berry\n|faint|p2a: Chesnaught\n|\n|-weather|SunnyDay|[upkeep]\n|upkeep\n|\n|t:|1788381540\n|switch|p2a: Politoed|Politoed, L50, M|13/100\n|-weather|RainDance|[from] ability: Drizzle|[of] p2a: Politoed\n|turn|7\n|\n|t:|1788381575\n|move|p1b: Gengar|Sludge Bomb|p2a: Politoed\n|-damage|p2a: Politoed|0 fnt\n|faint|p2a: Politoed\n|move|p1a: Charizard|Weather Ball|p2b: Farigiraf\n|-damage|p2b: Farigiraf|0 fnt\n|faint|p2b: Farigiraf\n|\n|win|plaidhaxx\n","uploadtime":1788381576,"views":"1","formatid":"gen9championsvgc2026regmbbo3","rating":null,"private":0,"password":null}