{"id":"gen9championsvgc2026regmb-2674395659","format":"[Gen 9 Champions] VGC 2026 Reg M-B","players":["rushinhoward","cinarguncavdi2231"],"log":"|j|☆rushinhoward\n|j|☆cinarguncavdi2231\n|t:|1788354403\n|gametype|doubles\n|player|p1|rushinhoward|1|1477\n|player|p2|cinarguncavdi2231|170|1620\n|gen|9\n|tier|[Gen 9 Champions] VGC 2026 Reg M-B\n|rated|\n|rule|Species Clause: Limit one of each Pokémon\n|rule|Item Clause: Limit 1 of each item\n|clearpoke\n|poke|p1|Raichu, L50, F|\n|poke|p1|Sylveon, L50, M|\n|poke|p1|Arcanine-Hisui, L50, F|\n|poke|p1|Kingambit, L50, F|\n|poke|p1|Farigiraf, L50, M|\n|poke|p1|Staraptor, L50, F|\n|poke|p2|Archaludon, L50, F, shiny|\n|poke|p2|Swampert, L50, F|\n|poke|p2|Grimmsnarl, L50, M|\n|poke|p2|Pelipper, L50, M|\n|poke|p2|Metagross, L50|\n|poke|p2|Sinistcha, L50|\n|teampreview|4\n|inactive|Battle timer is ON: inactive players will automatically lose when time's up. (requested by cinarguncavdi2231)\n|inactive|rushinhoward also wants the timer to be on.\n|\n|t:|1788354434\n|teamsize|p1|4\n|teamsize|p2|4\n|start\n|switch|p1a: Raichu|Raichu, L50, F|100/100\n|switch|p1b: Staraptor|Staraptor, L50, F|100/100\n|switch|p2a: Swampert|Swampert, L50, F|100/100\n|switch|p2b: Pelipper|Pelipper, L50, M|100/100\n|-ability|p1b: Staraptor|Intimidate|boost\n|-unboost|p2a: Swampert|atk|1\n|-unboost|p2b: Pelipper|atk|1\n|-weather|RainDance|[from] ability: Drizzle|[of] p2b: Pelipper\n|turn|1\n|\n|t:|1788354458\n|detailschange|p1b: Staraptor|Staraptor-Mega, L50, F\n|-mega|p1b: Staraptor|Staraptor|Staraptite\n|detailschange|p2a: Swampert|Swampert-Mega, L50, F\n|-mega|p2a: Swampert|Swampert|Swampertite\n|move|p1a: Raichu|Fake Out|p2b: Pelipper\n|-crit|p2b: Pelipper\n|-damage|p2b: Pelipper|86/100\n|move|p2a: Swampert|Earthquake|p1b: Staraptor|[spread] p1a\n|-immune|p2b: Pelipper\n|-immune|p1b: Staraptor\n|-supereffective|p1a: Raichu|1\n|-damage|p1a: Raichu|0 fnt\n|faint|p1a: Raichu\n|move|p1b: Staraptor|Close Combat|p2a: Swampert\n|-damage|p2a: Swampert|45/100\n|-boost|p1b: Staraptor|def|1\n|-boost|p1b: Staraptor|spd|1\n|cant|p2b: Pelipper|flinch\n|\n|-weather|RainDance|[upkeep]\n|upkeep\n|\n|t:|1788354476\n|switch|p1a: Farigiraf|Farigiraf, L50, M|100/100\n|turn|2\n|\n|t:|1788354501\n|move|p2a: Swampert|Wave Crash|p1b: Staraptor\n|-damage|p1b: Staraptor|48/100\n|-damage|p2a: Swampert|28/100|[from] Recoil\n|move|p1b: Staraptor|Close Combat|p2a: Swampert\n|-damage|p2a: Swampert|0 fnt\n|-boost|p1b: Staraptor|def|1\n|-boost|p1b: Staraptor|spd|1\n|faint|p2a: Swampert\n|move|p2b: Pelipper|Tailwind|p2b: Pelipper\n|-sidestart|p2: cinarguncavdi2231|move: Tailwind\n|move|p1a: Farigiraf|Psychic|p2b: Pelipper\n|-damage|p2b: Pelipper|34/100\n|\n|-weather|RainDance|[upkeep]\n|upkeep\n|\n|t:|1788354506\n|switch|p2a: Archaludon|Archaludon, L50, F, shiny|100/100\n|turn|3\n|\n|t:|1788354518\n|switch|p2b: Grimmsnarl|Grimmsnarl, L50, M|100/100\n|move|p1b: Staraptor|Protect|p1b: Staraptor\n|-singleturn|p1b: Staraptor|Protect\n|move|p2a: Archaludon|Electro Shot||[still]\n|-prepare|p2a: Archaludon|Electro Shot\n|-boost|p2a: Archaludon|spa|1\n|-anim|p2a: Archaludon|Electro Shot|p1b: Staraptor\n|-activate|p1b: Staraptor|move: Protect\n|move|p1a: Farigiraf|Trick Room|p1a: Farigiraf\n|-fieldstart|move: Trick Room|[of] p1a: Farigiraf\n|\n|-weather|RainDance|[upkeep]\n|upkeep\n|turn|4\n|\n|t:|1788354536\n|move|p1a: Farigiraf|Helping Hand|p1b: Staraptor\n|-singleturn|p1b: Staraptor|Helping Hand|[of] p1a: Farigiraf\n|move|p2b: Grimmsnarl|Reflect|p2b: Grimmsnarl\n|-sidestart|p2: cinarguncavdi2231|Reflect\n|move|p1b: Staraptor|Close Combat|p2a: Archaludon\n|-supereffective|p2a: Archaludon|1\n|-damage|p2a: Archaludon|11/100\n|-boost|p1b: Staraptor|def|1\n|-boost|p1b: Staraptor|spd|1\n|-ability|p2a: Archaludon|Stamina|boost\n|-boost|p2a: Archaludon|def|1\n|move|p2a: Archaludon|Electro Shot||[still]\n|-prepare|p2a: Archaludon|Electro Shot\n|-boost|p2a: Archaludon|spa|1\n|-anim|p2a: Archaludon|Electro Shot|p1b: Staraptor\n|-supereffective|p1b: Staraptor|1\n|-damage|p1b: Staraptor|0 fnt\n|faint|p1b: Staraptor\n|\n|-weather|RainDance|[upkeep]\n|-heal|p2a: Archaludon|17/100|[from] item: Leftovers\n|upkeep\n|\n|t:|1788354552\n|switch|p1b: Sylveon|Sylveon, L50, M|100/100\n|turn|5\n|\n|t:|1788354576\n|move|p1a: Farigiraf|Helping Hand|p1b: Sylveon\n|-singleturn|p1b: Sylveon|Helping Hand|[of] p1a: Farigiraf\n|move|p2a: Archaludon|Protect|p2a: Archaludon\n|-singleturn|p2a: Archaludon|Protect\n|move|p2b: Grimmsnarl|Light Screen|p2b: Grimmsnarl\n|-sidestart|p2: cinarguncavdi2231|move: Light Screen\n|move|p1b: Sylveon|Hyper Voice|p2b: Grimmsnarl|[spread] p2b\n|-activate|p2a: Archaludon|move: Protect\n|-supereffective|p2b: Grimmsnarl|1\n|-damage|p2b: Grimmsnarl|12/100\n|\n|-weather|none\n|-heal|p2a: Archaludon|23/100|[from] item: Leftovers\n|-sideend|p2: cinarguncavdi2231|move: Tailwind\n|upkeep\n|turn|6\n|\n|t:|1788354592\n|switch|p2a: Pelipper|Pelipper, L50, M|34/100\n|-weather|RainDance|[from] ability: Drizzle|[of] p2a: Pelipper\n|move|p1a: Farigiraf|Helping Hand|p1b: Sylveon\n|-singleturn|p1b: Sylveon|Helping Hand|[of] p1a: Farigiraf\n|move|p2b: Grimmsnarl|Foul Play|p1a: Farigiraf\n|-supereffective|p1a: Farigiraf|1\n|-damage|p1a: Farigiraf|49/100\n|-enditem|p1a: Farigiraf|Sitrus Berry|[eat]\n|-heal|p1a: Farigiraf|74/100|[from] item: Sitrus Berry\n|move|p1b: Sylveon|Hyper Voice|p2b: Grimmsnarl|[spread] p2a,p2b\n|-crit|p2a: Pelipper\n|-supereffective|p2b: Grimmsnarl|1\n|-damage|p2a: Pelipper|0 fnt\n|-damage|p2b: Grimmsnarl|0 fnt\n|faint|p2a: Pelipper\n|faint|p2b: Grimmsnarl\n|\n|-weather|RainDance|[upkeep]\n|upkeep\n|\n|t:|1788354594\n|switch|p2b: Archaludon|Archaludon, L50, F, shiny|23/100\n|turn|7\n|\n|t:|1788354613\n|move|p2b: Archaludon|Protect|p2b: Archaludon\n|-singleturn|p2b: Archaludon|Protect\n|move|p1a: Farigiraf|Psychic|p2b: Archaludon\n|-activate|p2b: Archaludon|move: Protect\n|move|p1b: Sylveon|Hyper Voice|p2b: Archaludon\n|-activate|p2b: Archaludon|move: Protect\n|\n|-weather|RainDance|[upkeep]\n|-heal|p2b: Archaludon|28/100|[from] item: Leftovers\n|-fieldend|move: Trick Room\n|upkeep\n|turn|8\n|\n|t:|1788354634\n|move|p1b: Sylveon|Detect|p1b: Sylveon\n|-singleturn|p1b: Sylveon|Protect\n|move|p2b: Archaludon|Electro Shot||[still]\n|-prepare|p2b: Archaludon|Electro Shot\n|-boost|p2b: Archaludon|spa|1\n|-anim|p2b: Archaludon|Electro Shot|p1a: Farigiraf\n|-damage|p1a: Farigiraf|30/100\n|move|p1a: Farigiraf|Trick Room|p1a: Farigiraf\n|-fieldstart|move: Trick Room|[of] p1a: Farigiraf\n|\n|-weather|RainDance|[upkeep]\n|-heal|p2b: Archaludon|34/100|[from] item: Leftovers\n|upkeep\n|turn|9\n|\n|t:|1788354657\n|move|p1a: Farigiraf|Helping Hand|p1b: Sylveon\n|-singleturn|p1b: Sylveon|Helping Hand|[of] p1a: Farigiraf\n|move|p2b: Archaludon|Protect|p2b: Archaludon\n|-singleturn|p2b: Archaludon|Protect\n|move|p1b: Sylveon|Hyper Voice|p2b: Archaludon\n|-activate|p2b: Archaludon|move: Protect\n|\n|-weather|RainDance|[upkeep]\n|-heal|p2b: Archaludon|40/100|[from] item: Leftovers\n|upkeep\n|turn|10\n|\n|t:|1788354671\n|move|p1a: Farigiraf|Helping Hand|p1b: Sylveon\n|-singleturn|p1b: Sylveon|Helping Hand|[of] p1a: Farigiraf\n|move|p1b: Sylveon|Hyper Beam|p2b: Archaludon\n|-damage|p2b: Archaludon|0 fnt\n|-mustrecharge|p1b: Sylveon\n|faint|p2b: Archaludon\n|\n|win|rushinhoward\n|raw|rushinhoward's rating: 1477 &rarr; <strong>1505</strong><br />(+28 for winning)\n|raw|cinarguncavdi2231's rating: 1620 &rarr; <strong>1592</strong><br />(-28 for losing)\n|l|☆cinarguncavdi2231\n|player|p2|\n","uploadtime":1788354721,"views":"8","formatid":"gen9championsvgc2026regmb","rating":1505,"private":0,"password":null}