{"id":"gen9championsvgc2026regmb-2674748637","format":"[Gen 9 Champions] VGC 2026 Reg M-B","players":["JAred4040","Valhala Alfa"],"log":"|j|☆JAred4040\n|j|☆Valhala Alfa\n|t:|1788400092\n|gametype|doubles\n|player|p1|JAred4040|2|1086\n|player|p2|Valhala Alfa|battlegirl|1155\n|gen|9\n|tier|[Gen 9 Champions] VGC 2026 Reg M-B\n|rated|\n|rule|Species Clause: Limit one of each Pokémon\n|rule|Item Clause: Limit 1 of each item\n|clearpoke\n|poke|p1|Wyrdeer, L50, F|\n|poke|p1|Milotic, L50, F|\n|poke|p1|Whimsicott, L50, M|\n|poke|p1|Garchomp, L50, M|\n|poke|p1|Kingambit, L50, F|\n|poke|p1|Tyranitar, L50, F|\n|poke|p2|Camerupt, L50, M|\n|poke|p2|Reuniclus, L50, F|\n|poke|p2|Rhyperior, L50, M|\n|poke|p2|Sableye, L50, F|\n|poke|p2|Bellibolt, L50, M|\n|poke|p2|Weavile, L50, F|\n|teampreview|4\n|inactive|Battle timer is ON: inactive players will automatically lose when time's up. (requested by Valhala Alfa)\n|\n|t:|1788400113\n|teamsize|p1|4\n|teamsize|p2|4\n|start\n|switch|p1a: Wyrdeer|Wyrdeer, L50, F|100/100\n|switch|p1b: Milotic|Milotic, L50, F|100/100\n|switch|p2a: Weavile|Weavile, L50, F|100/100\n|switch|p2b: Reuniclus|Reuniclus, L50, F|100/100\n|-ability|p2a: Weavile|Pressure\n|-ability|p1a: Wyrdeer|Intimidate|boost\n|-unboost|p2a: Weavile|atk|1\n|-unboost|p2b: Reuniclus|atk|1\n|turn|1\n|inactive|JAred4040 has 30 seconds left.\n|\n|t:|1788400144\n|move|p2a: Weavile|Fake Out|p1a: Wyrdeer\n|-crit|p1a: Wyrdeer\n|-damage|p1a: Wyrdeer|76/100\n|move|p1b: Milotic|Recover||[still]\n|-fail|p1b: Milotic|heal\n|cant|p1a: Wyrdeer|flinch\n|move|p2b: Reuniclus|Energy Ball|p1a: Wyrdeer\n|-damage|p1a: Wyrdeer|43/100\n|\n|upkeep\n|turn|2\n|\n|t:|1788400163\n|move|p2a: Weavile|Knock Off|p1a: Wyrdeer\n|-supereffective|p1a: Wyrdeer|1\n|-enditem|p1a: Wyrdeer|Colbur Berry|[eat]\n|-enditem|p1a: Wyrdeer|Colbur Berry|[weaken]\n|-damage|p1a: Wyrdeer|5/100\n|move|p1b: Milotic|Scald|p2a: Weavile\n|-damage|p2a: Weavile|57/100\n|-status|p2a: Weavile|brn\n|move|p1a: Wyrdeer|Skill Swap|p2b: Reuniclus\n|-activate|p1a: Wyrdeer|Skill Swap|Magic Guard|Intimidate|[of] p2b: Reuniclus\n|-ability|p2b: Reuniclus|Intimidate|boost\n|-unboost|p1a: Wyrdeer|atk|1\n|-unboost|p1b: Milotic|atk|1\n|-ability|p1b: Milotic|Competitive|boost\n|-boost|p1b: Milotic|spa|2\n|move|p2b: Reuniclus|Trick Room|p2b: Reuniclus\n|-fieldstart|move: Trick Room|[of] p2b: Reuniclus\n|\n|-damage|p2a: Weavile|51/100 brn|[from] brn\n|upkeep\n|turn|3\n|inactive|JAred4040 has 30 seconds left.\n|inactive|Valhala Alfa has 30 seconds left.\n|\n|t:|1788400193\n|switch|p1a: Garchomp|Garchomp, L50, M|100/100\n|move|p2b: Reuniclus|Energy Ball|p1a: Garchomp\n|-damage|p1a: Garchomp|57/100\n|-damage|p2b: Reuniclus|90/100|[from] item: Life Orb\n|move|p1b: Milotic|Scald|p2a: Weavile\n|-damage|p2a: Weavile|0 fnt\n|faint|p2a: Weavile\n|\n|upkeep\n|\n|t:|1788400211\n|switch|p2a: Rhyperior|Rhyperior, L50, M|100/100\n|turn|4\n|\n|t:|1788400223\n|move|p1a: Garchomp|Protect|p1a: Garchomp\n|-singleturn|p1a: Garchomp|Protect\n|move|p2b: Reuniclus|Energy Ball|p1b: Milotic\n|-supereffective|p1b: Milotic|1\n|-crit|p1b: Milotic\n|-damage|p1b: Milotic|11/100\n|-damage|p2b: Reuniclus|80/100|[from] item: Life Orb\n|move|p2a: Rhyperior|Ice Punch|p1a: Garchomp\n|-activate|p1a: Garchomp|move: Protect\n|move|p1b: Milotic|Scald|p2a: Rhyperior\n|-supereffective|p2a: Rhyperior|2\n|-damage|p2a: Rhyperior|0 fnt\n|faint|p2a: Rhyperior\n|\n|-heal|p1b: Milotic|17/100|[from] item: Leftovers\n|upkeep\n|\n|t:|1788400232\n|switch|p2a: Camerupt|Camerupt, L50, M|100/100\n|turn|5\n|\n|t:|1788400246\n|detailschange|p2a: Camerupt|Camerupt-Mega, L50, M\n|-mega|p2a: Camerupt|Camerupt|Cameruptite\n|move|p2a: Camerupt|Earth Power|p1a: Garchomp\n|-damage|p1a: Garchomp|0 fnt\n|faint|p1a: Garchomp\n|move|p2b: Reuniclus|Energy Ball|p1b: Milotic\n|-supereffective|p1b: Milotic|1\n|-damage|p1b: Milotic|0 fnt\n|faint|p1b: Milotic\n|-damage|p2b: Reuniclus|71/100|[from] item: Life Orb\n|\n|upkeep\n|\n|t:|1788400254\n|switch|p1b: Wyrdeer|Wyrdeer, L50, F|5/100\n|switch|p1a: Whimsicott|Whimsicott, L50, M|100/100\n|-ability|p1b: Wyrdeer|Intimidate|boost\n|-unboost|p2a: Camerupt|atk|1\n|-unboost|p2b: Reuniclus|atk|1\n|turn|6\n|\n|t:|1788400275\n|move|p1a: Whimsicott|Tailwind|p1a: Whimsicott\n|-sidestart|p1: JAred4040|move: Tailwind\n|move|p2a: Camerupt|Heat Wave|p1a: Whimsicott|[spread] p1a,p1b\n|-supereffective|p1a: Whimsicott|1\n|-enditem|p1a: Whimsicott|Focus Sash\n|-damage|p1a: Whimsicott|1/100\n|-damage|p1b: Wyrdeer|0 fnt\n|faint|p1b: Wyrdeer\n|move|p2b: Reuniclus|Psychic|p1a: Whimsicott\n|-damage|p1a: Whimsicott|0 fnt\n|faint|p1a: Whimsicott\n|-damage|p2b: Reuniclus|61/100|[from] item: Life Orb\n|\n|win|Valhala Alfa\n|raw|JAred4040's rating: 1086 &rarr; <strong>1068</strong><br />(-18 for losing)\n|raw|Valhala Alfa's rating: 1155 &rarr; <strong>1175</strong><br />(+20 for winning)\n|l|☆JAred4040\n|player|p1|\n","uploadtime":1788400311,"views":"5","formatid":"gen9championsvgc2026regmb","rating":1068,"private":0,"password":null}