{"id":"gen9championsvgc2026regmb-2674467671","format":"[Gen 9 Champions] VGC 2026 Reg M-B","players":["Marshadow202","randomtieflinggirl"],"log":"|j|☆Marshadow202\n|j|☆randomtieflinggirl\n|t:|1788363290\n|gametype|doubles\n|player|p1|Marshadow202|lillie-masters2|1128\n|player|p2|randomtieflinggirl|266|1076\n|gen|9\n|tier|[Gen 9 Champions] VGC 2026 Reg M-B\n|rated|\n|rule|Species Clause: Limit one of each Pokémon\n|rule|Item Clause: Limit 1 of each item\n|clearpoke\n|poke|p1|Kingambit, L50, M|\n|poke|p1|Pelipper, L50, F|\n|poke|p1|Sinistcha, L50|\n|poke|p1|Archaludon, L50, F|\n|poke|p1|Sneasler, L50, F|\n|poke|p1|Swampert, L50, F|\n|poke|p2|Lycanroc-Dusk, L50, M|\n|poke|p2|Froslass, L50, F|\n|poke|p2|Scovillain, L50, M|\n|poke|p2|Basculegion, L50, M|\n|poke|p2|Kingambit, L50, M|\n|poke|p2|Sneasler, L50, M|\n|teampreview|4\n|\n|t:|1788363327\n|teamsize|p1|4\n|teamsize|p2|4\n|start\n|switch|p1a: Sneasler|Sneasler, L50, F|100/100\n|switch|p1b: Swampert|Swampert, L50, F|100/100\n|switch|p2a: Froslass|Froslass, L50, F|100/100\n|switch|p2b: Kingambit|Kingambit, L50, M|100/100\n|turn|1\n|\n|t:|1788363340\n|detailschange|p2a: Froslass|Froslass-Mega, L50, F\n|-mega|p2a: Froslass|Froslass|Froslassite\n|-weather|Snowscape|[from] ability: Snow Warning|[of] p2a: Froslass\n|detailschange|p1b: Swampert|Swampert-Mega, L50, F\n|-mega|p1b: Swampert|Swampert|Swampertite\n|move|p1b: Swampert|Protect|p1b: Swampert\n|-singleturn|p1b: Swampert|Protect\n|move|p2b: Kingambit|Protect|p2b: Kingambit\n|-singleturn|p2b: Kingambit|Protect\n|move|p1a: Sneasler|Fake Out|p2b: Kingambit\n|-activate|p2b: Kingambit|move: Protect\n|move|p2a: Froslass|Blizzard|p1a: Sneasler|[spread] p1a\n|-activate|p1b: Swampert|move: Protect\n|-damage|p1a: Sneasler|40/100\n|\n|-weather|Snowscape|[upkeep]\n|upkeep\n|turn|2\n|\n|t:|1788363365\n|move|p2b: Kingambit|Sucker Punch|p1b: Swampert\n|-damage|p1b: Swampert|55/100\n|move|p1a: Sneasler|Close Combat|p2b: Kingambit\n|-supereffective|p2b: Kingambit|2\n|-damage|p2b: Kingambit|0 fnt\n|-unboost|p1a: Sneasler|def|1\n|-unboost|p1a: Sneasler|spd|1\n|faint|p2b: Kingambit\n|move|p2a: Froslass|Shadow Ball|p1b: Swampert\n|-damage|p1b: Swampert|13/100\n|-unboost|p1b: Swampert|spd|1\n|move|p1b: Swampert|Stone Edge|p2a: Froslass\n|-supereffective|p2a: Froslass|1\n|-damage|p2a: Froslass|20/100y\n|\n|-weather|Snowscape|[upkeep]\n|upkeep\n|\n|t:|1788363381\n|switch|p2b: Basculegion|Basculegion, L50, M|100/100\n|turn|3\n|\n|t:|1788363390\n|switch|p1a: Pelipper|Pelipper, L50, F|100/100\n|-weather|RainDance|[from] ability: Drizzle|[of] p1a: Pelipper\n|move|p2a: Froslass|Protect|p2a: Froslass\n|-singleturn|p2a: Froslass|Protect\n|move|p2b: Basculegion|Aqua Jet|p1a: Pelipper\n|-resisted|p1a: Pelipper|1\n|-damage|p1a: Pelipper|77/100\n|move|p1b: Swampert|Earthquake|p2b: Basculegion|[spread] p2b\n|-activate|p2a: Froslass|move: Protect\n|-immune|p1a: Pelipper\n|-damage|p2b: Basculegion|43/100\n|-enditem|p2b: Basculegion|Sitrus Berry|[eat]\n|-heal|p2b: Basculegion|68/100|[from] item: Sitrus Berry\n|\n|-weather|RainDance|[upkeep]\n|upkeep\n|turn|4\n|\n|t:|1788363441\n|move|p2b: Basculegion|Aqua Jet|p1b: Swampert\n|-damage|p1b: Swampert|0 fnt\n|faint|p1b: Swampert\n|move|p2a: Froslass|Shadow Ball|p1a: Pelipper\n|-damage|p1a: Pelipper|14/100\n|move|p1a: Pelipper|Weather Ball|p2a: Froslass\n|-damage|p2a: Froslass|0 fnt\n|faint|p2a: Froslass\n|\n|-weather|RainDance|[upkeep]\n|upkeep\n|\n|t:|1788363455\n|switch|p2a: Sneasler|Sneasler, L50, M|100/100\n|switch|p1b: Sneasler|Sneasler, L50, F|40/100\n|turn|5\n|\n|t:|1788363478\n|move|p1b: Sneasler|Fake Out|p2a: Sneasler\n|-damage|p2a: Sneasler|83/100\n|move|p2b: Basculegion|Aqua Jet|p1b: Sneasler\n|-damage|p1b: Sneasler|0 fnt\n|faint|p1b: Sneasler\n|cant|p2a: Sneasler|flinch\n|move|p1a: Pelipper|U-turn|p2b: Basculegion\n|-resisted|p2b: Basculegion|1\n|-damage|p2b: Basculegion|63/100\n|\n|t:|1788363484\n|switch|p1a: Archaludon|Archaludon, L50, F|100/100|[from] U-turn\n|\n|-weather|RainDance|[upkeep]\n|upkeep\n|\n|t:|1788363488\n|switch|p1b: Pelipper|Pelipper, L50, F|14/100\n|turn|6\n|\n|t:|1788363500\n|move|p2b: Basculegion|Protect|p2b: Basculegion\n|-singleturn|p2b: Basculegion|Protect\n|move|p2a: Sneasler|Dire Claw|p1b: Pelipper\n|-damage|p1b: Pelipper|0 fnt\n|faint|p1b: Pelipper\n|move|p1a: Archaludon|Electro Shot||[still]\n|-prepare|p1a: Archaludon|Electro Shot\n|-boost|p1a: Archaludon|spa|1\n|-anim|p1a: Archaludon|Electro Shot|p2b: Basculegion\n|-activate|p2b: Basculegion|move: Protect\n|\n|-weather|RainDance|[upkeep]\n|upkeep\n|turn|7\n|\n|t:|1788363519\n|move|p2a: Sneasler|Close Combat|p1a: Archaludon\n|-supereffective|p1a: Archaludon|1\n|-damage|p1a: Archaludon|12/100\n|-unboost|p2a: Sneasler|def|1\n|-unboost|p2a: Sneasler|spd|1\n|-ability|p1a: Archaludon|Stamina|boost\n|-boost|p1a: Archaludon|def|1\n|-enditem|p2a: Sneasler|White Herb\n|-clearnegativeboost|p2a: Sneasler|[silent]\n|move|p1a: Archaludon|Electro Shot||[still]\n|-prepare|p1a: Archaludon|Electro Shot\n|-boost|p1a: Archaludon|spa|1\n|-anim|p1a: Archaludon|Electro Shot|p2a: Sneasler\n|-damage|p2a: Sneasler|0 fnt\n|faint|p2a: Sneasler\n|move|p2b: Basculegion|Last Respects|p1a: Archaludon\n|-damage|p1a: Archaludon|0 fnt\n|faint|p1a: Archaludon\n|\n|win|randomtieflinggirl\n|raw|Marshadow202's rating: 1128 &rarr; <strong>1099</strong><br />(-29 for losing)\n|raw|randomtieflinggirl's rating: 1076 &rarr; <strong>1109</strong><br />(+33 for winning)\n|l|☆Marshadow202\n|player|p1|\n|c|☆randomtieflinggirl|gg\n","uploadtime":1788363543,"views":"6","formatid":"gen9championsvgc2026regmb","rating":1099,"private":0,"password":null}