{"id":"gen9championsvgc2026regmbbo3-2674958993","format":"[Gen 9 Champions] VGC 2026 Reg M-B (Bo3)","players":["bugsbunny13500","WISHIWASI24"],"log":"|j|☆bugsbunny13500\n|j|☆WISHIWASI24\n|html|<table width=\"100%\"><tr><td align=\"left\">bugsbunny13500</td><td align=\"right\">WISHIWASI24</tr><tr><td align=\"left\"><i class=\"fa fa-circle-o\"></i> <i class=\"fa fa-circle-o\"></i> </td><td align=\"right\"><i class=\"fa fa-circle-o\"></i> <i class=\"fa fa-circle-o\"></i> </tr></table>\n|uhtml|bestof|<h2><strong>Game 1</strong> of <a href=\"/game-bestof3-gen9championsvgc2026regmbbo3-2674958991\">a best-of-3</a></h2>\n|t:|1788442052\n|gametype|doubles\n|player|p1|bugsbunny13500|2|1176\n|player|p2|WISHIWASI24|pokemonbreeder-gen4|1148\n|gen|9\n|tier|[Gen 9 Champions] VGC 2026 Reg M-B (Bo3)\n|rated|\n|rule|Species Clause: Limit one of each Pokémon\n|rule|Item Clause: Limit 1 of each item\n|clearpoke\n|poke|p1|Charizard, L50, M, shiny|\n|poke|p1|Sneasler, L50, M, shiny|\n|poke|p1|Floette-Eternal, L50, F|\n|poke|p1|Kingambit, L50, F, shiny|\n|poke|p1|Farigiraf, L50, F|\n|poke|p1|Gliscor, L50, F|\n|poke|p2|Sneasler, L50, F|\n|poke|p2|Kingambit, L50, F|\n|poke|p2|Incineroar, L50, M|\n|poke|p2|Blastoise, L50, F|\n|poke|p2|Sinistcha, L50|\n|poke|p2|Delphox, L50, M, shiny|\n|teampreview|4\n|showteam|p1|Charizard||CharizarditeY|SolarPower|HeatWave,SolarBeam,WeatherBall,Protect|Modest||M|||50|]Sneasler||FocusSash|Unburden|DireClaw,CloseCombat,Protect,RockSlide|Jolly||M|||50|]Floette-Eternal||Floettite|FlowerVeil|Moonblast,DazzlingGleam,LightofRuin,Protect|Modest||F|||50|]Kingambit||ChopleBerry|Defiant|KowtowCleave,SuckerPunch,LowKick,Protect|Brave||F|||50|]Farigiraf||SitrusBerry|ArmorTail|TrickRoom,Protect,Psychic,Thunderbolt|Calm||F|||50|]Gliscor||LifeOrb|HyperCutter|Protect,HighHorsepower,Tailwind,DualWingbeat|Careful||F|||50|\n|showteam|p2|Sneasler||FocusSash|PoisonTouch|QuickGuard,FakeOut,CloseCombat,DireClaw|Jolly||F|||50|]Kingambit||BlackGlasses|Defiant|Protect,SwordsDance,SuckerPunch,KowtowCleave|Adamant||F|||50|]Incineroar||SitrusBerry|Intimidate|FakeOut,PartingShot,FlareBlitz,HelpingHand|Impish||M|||50|]Blastoise||Blastoisinite|Torrent|Protect,ShellSmash,WaterSpout,DarkPulse|Modest||F|||50|]Sinistcha||OccaBerry|Hospitality|Protect,MatchaGotcha,TrickRoom,RagePowder|Bold|||||50|]Delphox||Delphoxite|Blaze|Protect,HeatWave,Psyshock,NastyPlot|Timid||M|||50|\n|inactive|Battle timer is ON: inactive players will automatically lose when time's up. (requested by bugsbunny13500)\n|inactive|WISHIWASI24 has 60 seconds left.\n|inactive|bugsbunny13500 has 30 seconds left.\n|inactive|bugsbunny13500 has 20 seconds left.\n|inactive|bugsbunny13500 has 15 seconds left.\n|inactive|bugsbunny13500 has 10 seconds left.\n|\n|t:|1788442173\n|teamsize|p1|4\n|teamsize|p2|4\n|start\n|switch|p1a: Floette|Floette-Eternal, L50, F|100/100\n|switch|p1b: Farigiraf|Farigiraf, L50, F|100/100\n|switch|p2a: Blastoise|Blastoise, L50, F|100/100\n|switch|p2b: Sneasler|Sneasler, L50, F|100/100\n|turn|1\n|inactive|WISHIWASI24 has 30 seconds left.\n|inactive|WISHIWASI24 has 20 seconds left.\n|\n|t:|1788442212\n|switch|p2a: Sinistcha|Sinistcha, L50|100/100\n|detailschange|p1a: Floette|Floette-Mega, L50, F\n|-mega|p1a: Floette|Floette|Floettite\n|-ability|p1a: Floette|Fairy Aura\n|move|p2b: Sneasler|Dire Claw|p1a: Floette\n|-supereffective|p1a: Floette|1\n|-damage|p1a: Floette|16/100\n|move|p1a: Floette|Moonblast|p2a: Sinistcha\n|-damage|p2a: Sinistcha|21/100\n|move|p1b: Farigiraf|Trick Room|p1b: Farigiraf\n|-fieldstart|move: Trick Room|[of] p1b: Farigiraf\n|\n|upkeep\n|turn|2\n|inactive|WISHIWASI24 has 30 seconds left.\n|inactive|WISHIWASI24 has 20 seconds left.\n|\n|t:|1788442250\n|switch|p2b: Kingambit|Kingambit, L50, F|100/100\n|move|p1a: Floette|Protect|p1a: Floette\n|-singleturn|p1a: Floette|Protect\n|move|p1b: Farigiraf|Psychic|p2b: Kingambit\n|-immune|p2b: Kingambit\n|move|p2a: Sinistcha|Matcha Gotcha|p1b: Farigiraf|[spread] p1b\n|-activate|p1a: Floette|move: Protect\n|-damage|p1b: Farigiraf|80/100\n|-heal|p2a: Sinistcha|33/100|[from] drain|[of] p1b: Farigiraf\n|\n|upkeep\n|turn|3\n|inactive|bugsbunny13500 has 30 seconds left.\n|\n|t:|1788442276\n|switch|p1a: Gliscor|Gliscor, L50, F|100/100\n|move|p2b: Kingambit|Kowtow Cleave|p1b: Farigiraf\n|-supereffective|p1b: Farigiraf|1\n|-damage|p1b: Farigiraf|0 fnt\n|faint|p1b: Farigiraf\n|move|p2a: Sinistcha|Matcha Gotcha|p1a: Gliscor\n|-damage|p1a: Gliscor|73/100\n|-heal|p2a: Sinistcha|48/100|[from] drain|[of] p1a: Gliscor\n|\n|upkeep\n|\n|t:|1788442284\n|switch|p1b: Kingambit|Kingambit, L50, F, shiny|100/100\n|turn|4\n|\n|t:|1788442306\n|move|p2a: Sinistcha|Rage Powder|p2a: Sinistcha\n|-singleturn|p2a: Sinistcha|move: Rage Powder\n|move|p2b: Kingambit|Sucker Punch|p1a: Gliscor\n|-damage|p1a: Gliscor|35/100\n|move|p1b: Kingambit|Low Kick|p2a: Sinistcha\n|-immune|p2a: Sinistcha\n|move|p1a: Gliscor|Dual Wingbeat|p2a: Sinistcha\n|-supereffective|p2a: Sinistcha|1\n|-damage|p2a: Sinistcha|16/100\n|-supereffective|p2a: Sinistcha|1\n|-crit|p2a: Sinistcha\n|-damage|p2a: Sinistcha|0 fnt\n|faint|p2a: Sinistcha\n|-hitcount|p2: Sinistcha|2\n|-damage|p1a: Gliscor|25/100|[from] item: Life Orb\n|\n|upkeep\n|inactive|WISHIWASI24 has 30 seconds left.\n|\n|t:|1788442331\n|switch|p2a: Sneasler|Sneasler, L50, F|100/100\n|turn|5\n|inactive|WISHIWASI24 has 30 seconds left.\n|\n|t:|1788442359\n|move|p2a: Sneasler|Fake Out|p1b: Kingambit\n|-resisted|p1b: Kingambit|1\n|-damage|p1b: Kingambit|94/100\n|move|p2b: Kingambit|Sucker Punch||[still]\n|-fail|p2b: Kingambit\n|cant|p1b: Kingambit|flinch\n|move|p1a: Gliscor|Tailwind|p1a: Gliscor\n|-sidestart|p1: bugsbunny13500|move: Tailwind\n|\n|-fieldend|move: Trick Room\n|upkeep\n|turn|6\n|inactive|WISHIWASI24 has 30 seconds left.\n|\n|t:|1788442394\n|move|p2b: Kingambit|Protect|p2b: Kingambit\n|-singleturn|p2b: Kingambit|Protect\n|move|p1a: Gliscor|Dual Wingbeat|p2a: Sneasler\n|-supereffective|p2a: Sneasler|1\n|-damage|p2a: Sneasler|39/100\n|-supereffective|p2a: Sneasler|1\n|-damage|p2a: Sneasler|0 fnt\n|faint|p2a: Sneasler\n|-hitcount|p2: Sneasler|2\n|-damage|p1a: Gliscor|15/100|[from] item: Life Orb\n|move|p1b: Kingambit|Low Kick|p2b: Kingambit\n|-activate|p2b: Kingambit|move: Protect\n|\n|upkeep\n|\n|t:|1788442401\n|switch|p2a: Blastoise|Blastoise, L50, F|100/100\n|turn|7\n|inactive|bugsbunny13500 has 30 seconds left.\n|\n|t:|1788442432\n|detailschange|p2a: Blastoise|Blastoise-Mega, L50, F\n|-mega|p2a: Blastoise|Blastoise|Blastoisinite\n|move|p1a: Gliscor|Protect|p1a: Gliscor\n|-singleturn|p1a: Gliscor|Protect\n|move|p2b: Kingambit|Sucker Punch||[still]\n|-fail|p2b: Kingambit\n|move|p2a: Blastoise|Shell Smash|p2a: Blastoise\n|-unboost|p2a: Blastoise|def|1\n|-unboost|p2a: Blastoise|spd|1\n|-boost|p2a: Blastoise|atk|2\n|-boost|p2a: Blastoise|spa|2\n|-boost|p2a: Blastoise|spe|2\n|move|p1b: Kingambit|Low Kick|p2b: Kingambit\n|-supereffective|p2b: Kingambit|2\n|-damage|p2b: Kingambit|0 fnt\n|faint|p2b: Kingambit\n|\n|upkeep\n|turn|8\n|inactive|WISHIWASI24 has 30 seconds left.\n|inactive|WISHIWASI24 has 20 seconds left.\n|inactive|WISHIWASI24 has 15 seconds left.\n|inactive|WISHIWASI24 has 10 seconds left.\n|inactive|WISHIWASI24 has 5 seconds left.\n|\n|t:|1788442484\n|move|p1b: Kingambit|Sucker Punch|p2a: Blastoise\n|-damage|p2a: Blastoise|36/100\n|move|p2a: Blastoise|Water Spout|p1b: Kingambit|[spread] p1a,p1b\n|-supereffective|p1a: Gliscor|1\n|-damage|p1a: Gliscor|0 fnt\n|-damage|p1b: Kingambit|48/100\n|faint|p1a: Gliscor\n|\n|-sideend|p1: bugsbunny13500|move: Tailwind\n|upkeep\n|\n|t:|1788442490\n|switch|p1a: Floette|Floette-Mega, L50, F|16/100\n|-ability|p1a: Floette|Fairy Aura\n|turn|9\n|\n|t:|1788442497\n|move|p1b: Kingambit|Sucker Punch|p2a: Blastoise\n|-damage|p2a: Blastoise|0 fnt\n|faint|p2a: Blastoise\n|\n|win|bugsbunny13500\n||WISHIWASI24 is ready for game 2.\n|l|☆WISHIWASI24\n|player|p2|\n||bugsbunny13500 is ready for game 2.\n|uhtml|next|Next: <a href=\"/battle-gen9championsvgc2026regmbbo3-2674962347\"><strong>Game 2 of 3</strong></a>\n","uploadtime":1788443034,"views":"4","formatid":"gen9championsvgc2026regmbbo3","rating":null,"private":0,"password":null}