{"id":"gen9championsvgc2026regmb-2674613147","format":"[Gen 9 Champions] VGC 2026 Reg M-B","players":["km_sanness","asefito"],"log":"|j|☆km_sanness\n|j|☆asefito\n|t:|1788380325\n|gametype|doubles\n|player|p1|km_sanness|alder|1162\n|player|p2|asefito|169|1259\n|gen|9\n|tier|[Gen 9 Champions] VGC 2026 Reg M-B\n|rated|\n|rule|Species Clause: Limit one of each Pokémon\n|rule|Item Clause: Limit 1 of each item\n|clearpoke\n|poke|p1|Blaziken, L50, F, shiny|\n|poke|p1|Glimmora, L50, F, shiny|\n|poke|p1|Dragonite, L50, F|\n|poke|p1|Grimmsnarl, L50, M|\n|poke|p1|Annihilape, L50, F|\n|poke|p1|Farigiraf, L50, M|\n|poke|p2|Staraptor, L50, F, shiny|\n|poke|p2|Garchomp, L50, M, shiny|\n|poke|p2|Whimsicott, L50, F, shiny|\n|poke|p2|Delphox, L50, M, shiny|\n|poke|p2|Glimmora, L50, F, shiny|\n|poke|p2|Kingambit, L50, F, shiny|\n|teampreview|4\n|inactive|Battle timer is ON: inactive players will automatically lose when time's up. (requested by asefito)\n|c|☆km_sanness|U shiny Bro\n|inactive|km_sanness has 60 seconds left.\n|inactive|asefito has 60 seconds left.\n|\n|t:|1788380368\n|teamsize|p1|4\n|teamsize|p2|4\n|start\n|switch|p1a: Banguela|Dragonite, L50, F|100/100\n|switch|p1b: Osborn|Grimmsnarl, L50, M|100/100\n|switch|p2a: Delphox|Delphox, L50, M, shiny|100/100\n|switch|p2b: Garchomp|Garchomp, L50, M, shiny|100/100\n|turn|1\n|inactive|km_sanness has 30 seconds left.\n|\n|t:|1788380395\n|detailschange|p2a: Delphox|Delphox-Mega, L50, M, shiny\n|-mega|p2a: Delphox|Delphox|Delphoxite\n|move|p1b: Osborn|Fake Out|p2b: Garchomp\n|-damage|p2b: Garchomp|88/100\n|-damage|p1b: Osborn|87/100|[from] ability: Rough Skin|[of] p2b: Garchomp\n|move|p2a: Delphox|Psychic|p1a: Banguela\n|-damage|p1a: Banguela|78/100\n|-unboost|p1a: Banguela|spd|1\n|cant|p2b: Garchomp|flinch\n|move|p1a: Banguela|Tailwind|p1a: Banguela\n|-sidestart|p1: km_sanness|move: Tailwind\n|\n|upkeep\n|turn|2\n|\n|t:|1788380415\n|switch|p2b: Whimsicott|Whimsicott, L50, F, shiny|100/100\n|move|p1b: Osborn|Parting Shot|p2a: Delphox\n|-unboost|p2a: Delphox|atk|1\n|-unboost|p2a: Delphox|spa|1\n|\n|t:|1788380428\n|switch|p1b: Banner|Annihilape, L50, F|100/100|[from] Parting Shot\n|move|p2a: Delphox|Heat Wave|p1b: Banner|[spread] p1a,p1b\n|-resisted|p1a: Banguela|1\n|-damage|p1a: Banguela|60/100\n|-damage|p1b: Banner|77/100\n|-status|p1a: Banguela|brn\n|move|p1a: Banguela|Dragon Claw|p2b: Whimsicott\n|-immune|p2b: Whimsicott\n|\n|-damage|p1a: Banguela|54/100 brn|[from] brn\n|upkeep\n|turn|3\n|inactive|km_sanness has 30 seconds left.\n|\n|t:|1788380463\n|switch|p2a: Kingambit|Kingambit, L50, F, shiny|100/100\n|switch|p1a: Spirax|Glimmora, L50, F, shiny|100/100\n|move|p2b: Whimsicott|Encore||[still]\n|-fail|p2b: Whimsicott\n|move|p1b: Banner|Rage Fist|p2a: Kingambit\n|-resisted|p2a: Kingambit|1\n|-damage|p2a: Kingambit|87/100\n|\n|upkeep\n|turn|4\n|inactive|km_sanness has 30 seconds left.\n|\n|t:|1788380496\n|switch|p2a: Delphox|Delphox-Mega, L50, M, shiny|100/100\n|move|p2b: Whimsicott|Tailwind|p2b: Whimsicott\n|-sidestart|p2: asefito|move: Tailwind\n|move|p1a: Spirax|Sludge Bomb|p2b: Whimsicott\n|-supereffective|p2b: Whimsicott|2\n|-damage|p2b: Whimsicott|0 fnt\n|faint|p2b: Whimsicott\n|-damage|p1a: Spirax|90/100|[from] item: Life Orb\n|move|p1b: Banner|Drain Punch|p2a: Delphox\n|-resisted|p2a: Delphox|1\n|-damage|p2a: Delphox|75/100\n|-heal|p1b: Banner|86/100|[from] drain|[of] p2a: Delphox\n|\n|-sideend|p1: km_sanness|move: Tailwind\n|upkeep\n|\n|t:|1788380509\n|switch|p2b: Garchomp|Garchomp, L50, M, shiny|88/100\n|turn|5\n|inactive|km_sanness has 30 seconds left.\n|\n|t:|1788380535\n|switch|p1a: Osborn|Grimmsnarl, L50, M|87/100\n|switch|p1b: Banguela|Dragonite, L50, F|54/100 brn\n|move|p2a: Delphox|Psychic|p1b: Banguela\n|-damage|p1b: Banguela|9/100 brn\n|move|p2b: Garchomp|Earthquake|p1b: Banguela|[spread] p1a\n|-immune|p2a: Delphox|[from] ability: Levitate\n|-immune|p1b: Banguela\n|-damage|p1a: Osborn|40/100\n|-damage|p2b: Garchomp|78/100|[from] item: Life Orb\n|\n|-damage|p1b: Banguela|3/100 brn|[from] brn\n|upkeep\n|turn|6\n|inactive|km_sanness has 30 seconds left.\n|inactive|km_sanness has 20 seconds left.\n|inactive|km_sanness has 15 seconds left.\n|\n|t:|1788380580\n|switch|p1b: Banner|Annihilape, L50, F|86/100\n|move|p1a: Osborn|Fake Out|p2a: Delphox\n|-damage|p2a: Delphox|59/100\n|cant|p2a: Delphox|flinch\n|move|p2b: Garchomp|Rock Slide|p1a: Osborn|[spread] p1b\n|-miss|p2b: Garchomp|p1a: Osborn\n|-resisted|p1b: Banner|1\n|-damage|p1b: Banner|76/100\n|-damage|p2b: Garchomp|69/100|[from] item: Life Orb\n|\n|upkeep\n|turn|7\n|inactive|km_sanness has 30 seconds left.\n|\n|t:|1788380609\n|move|p1a: Osborn|Parting Shot|p2a: Delphox\n|-unboost|p2a: Delphox|atk|1\n|-unboost|p2a: Delphox|spa|1\n|\n|t:|1788380613\n|switch|p1a: Banguela|Dragonite, L50, F|3/100 brn|[from] Parting Shot\n|move|p2a: Delphox|Psychic|p1b: Banner\n|-supereffective|p1b: Banner|1\n|-damage|p1b: Banner|22/100\n|-enditem|p1b: Banner|Sitrus Berry|[eat]\n|-heal|p1b: Banner|46/100|[from] item: Sitrus Berry\n|move|p2b: Garchomp|Earthquake|p1b: Banner|[spread] p1b\n|-immune|p2a: Delphox|[from] ability: Levitate\n|-immune|p1a: Banguela\n|-damage|p1b: Banner|6/100\n|-damage|p2b: Garchomp|59/100|[from] item: Life Orb\n|move|p1b: Banner|Rage Fist|p2a: Delphox\n|-supereffective|p2a: Delphox|1\n|-damage|p2a: Delphox|0 fnt\n|faint|p2a: Delphox\n|\n|-damage|p1a: Banguela|0 fnt|[from] brn\n|faint|p1a: Banguela\n|-sideend|p2: asefito|move: Tailwind\n|upkeep\n|\n|t:|1788380637\n|switch|p2a: Kingambit|Kingambit, L50, F, shiny|87/100\n|switch|p1a: Osborn|Grimmsnarl, L50, M|40/100\n|turn|8\n|\n|t:|1788380654\n|move|p2b: Garchomp|Protect|p2b: Garchomp\n|-singleturn|p2b: Garchomp|Protect\n|move|p2a: Kingambit|Protect|p2a: Kingambit\n|-singleturn|p2a: Kingambit|Protect\n|move|p1a: Osborn|Fake Out|p2a: Kingambit\n|-activate|p2a: Kingambit|move: Protect\n|move|p1b: Banner|Drain Punch|p2a: Kingambit\n|-activate|p2a: Kingambit|move: Protect\n|\n|upkeep\n|turn|9\n|\n|t:|1788380668\n|move|p1a: Osborn|Reflect|p1a: Osborn\n|-sidestart|p1: km_sanness|Reflect\n|move|p2a: Kingambit|Sucker Punch|p1b: Banner\n|-damage|p1b: Banner|0 fnt\n|faint|p1b: Banner\n|move|p2b: Garchomp|Rock Slide|p1a: Osborn\n|-damage|p1a: Osborn|19/100\n|-damage|p2b: Garchomp|49/100|[from] item: Life Orb\n|\n|upkeep\n|\n|t:|1788380672\n|switch|p1b: Spirax|Glimmora, L50, F, shiny|90/100\n|turn|10\n|\n|t:|1788380690\n|move|p1a: Osborn|Parting Shot|p2b: Garchomp\n|-unboost|p2b: Garchomp|atk|1\n|-unboost|p2b: Garchomp|spa|1\n|move|p2a: Kingambit|Sucker Punch|p1b: Spirax\n|-damage|p1b: Spirax|54/100\n|-activate|p1b: Spirax|ability: Toxic Debris\n|-sidestart|p2: asefito|move: Toxic Spikes\n|move|p2b: Garchomp|Earthquake|p1b: Spirax|[spread] p2a,p1a,p1b\n|-supereffective|p2a: Kingambit|1\n|-supereffective|p1b: Spirax|2\n|-damage|p2a: Kingambit|48/100\n|-damage|p1a: Osborn|0 fnt\n|-damage|p1b: Spirax|0 fnt\n|-activate|p1b: Spirax|ability: Toxic Debris\n|-sidestart|p2: asefito|move: Toxic Spikes\n|faint|p1a: Osborn\n|faint|p1b: Spirax\n|-damage|p2b: Garchomp|40/100|[from] item: Life Orb\n|\n|win|asefito\n|raw|km_sanness's rating: 1162 &rarr; <strong>1144</strong><br />(-18 for losing)\n|raw|asefito's rating: 1259 &rarr; <strong>1277</strong><br />(+18 for winning)\n","uploadtime":1788380690,"views":"4","formatid":"gen9championsvgc2026regmb","rating":1144,"private":0,"password":null}