{"id":"gen9championsvgc2026regmbbo3-2674687632","format":"[Gen 9 Champions] VGC 2026 Reg M-B (Bo3)","players":["Meowraure","Banana191817"],"log":"|j|☆Meowraure\n|j|☆Banana191817\n|html|<table width=\"100%\"><tr><td align=\"left\">Meowraure</td><td align=\"right\">Banana191817</tr><tr><td align=\"left\"><i class=\"fa fa-circle\"></i> <i class=\"fa fa-circle-o\"></i> </td><td align=\"right\"><i class=\"fa fa-circle-o\"></i> <i class=\"fa fa-circle-o\"></i> </tr></table>\n|uhtml|bestof|<h2><strong>Game 2</strong> of <a href=\"/game-bestof3-gen9championsvgc2026regmbbo3-2674685478\">a best-of-3</a></h2>\n|t:|1788390646\n|gametype|doubles\n|player|p1|Meowraure|265|1265\n|player|p2|Banana191817|101|1151\n|gen|9\n|tier|[Gen 9 Champions] VGC 2026 Reg M-B (Bo3)\n|rated|\n|rule|Species Clause: Limit one of each Pokémon\n|rule|Item Clause: Limit 1 of each item\n|clearpoke\n|poke|p1|Floette-Eternal, L50, F|\n|poke|p1|Incineroar, L50, F|\n|poke|p1|Kingambit, L50, M|\n|poke|p1|Sinistcha, L50|\n|poke|p1|Sneasler, L50, F|\n|poke|p1|Garchomp, L50, F|\n|poke|p2|Chandelure, L50, F|\n|poke|p2|Farigiraf, L50, F|\n|poke|p2|Tinkaton, L50, F|\n|poke|p2|Decidueye-Hisui, L50, F|\n|poke|p2|Kingambit, L50, M|\n|poke|p2|Scrafty, L50, M|\n|teampreview|4\n|showteam|p1|Floette-Eternal||Floettite|FlowerVeil|CalmMind,DazzlingGleam,Protect,DrainingKiss|Timid||F|||50|]Incineroar||SitrusBerry|Intimidate|FlareBlitz,HelpingHand,FakeOut,PartingShot|Careful||F|||50|]Kingambit||BlackGlasses|Defiant|KowtowCleave,IronHead,SuckerPunch,Protect|Adamant||M|||50|]Sinistcha||KasibBerry|Hospitality|MatchaGotcha,RagePowder,TrickRoom,Protect|Bold|||||50|]Sneasler||FocusSash|PoisonTouch|CloseCombat,DireClaw,FakeOut,Coaching|Jolly||F|||50|]Garchomp||Garchompite|RoughSkin|StompingTantrum,Earthquake,RockSlide,Protect|Jolly||F|||50|\n|showteam|p2|Chandelure||Chandelurite|FlashFire|HeatWave,ShadowBall,Protect,TrickRoom|Modest||F|||50|]Farigiraf||SitrusBerry|ArmorTail|TrickRoom,Psychic,Protect,HelpingHand|Calm||F|||50|]Tinkaton||ShucaBerry|MoldBreaker|GigatonHammer,FakeOut,Protect,PlayRough|Jolly||F|||50|]Decidueye-Hisui||ScopeLens|Scrappy|TripleArrows,LeafBlade,Tailwind,Protect|Adamant||F|||50|]Kingambit||BlackGlasses|Defiant|KowtowCleave,SuckerPunch,IronHead,Protect|Adamant||M|||50|]Scrafty||Scraftinite|Intimidate|KnockOff,FakeOut,CloseCombat,IcePunch|Adamant||M|||50|\n|inactive|Battle timer is ON: inactive players will automatically lose when time's up. (requested by Banana191817)\n|inactive|Meowraure has 60 seconds left.\n|\n|t:|1788390686\n|teamsize|p1|4\n|teamsize|p2|4\n|start\n|switch|p1a: Incineroar|Incineroar, L50, F|100/100\n|switch|p1b: Kingambit|Kingambit, L50, M|100/100\n|switch|p2a: Farigiraf|Farigiraf, L50, F|100/100\n|switch|p2b: Tinkaton|Tinkaton, L50, F|100/100\n|-ability|p2b: Tinkaton|Mold Breaker\n|-ability|p1a: Incineroar|Intimidate|boost\n|-unboost|p2a: Farigiraf|atk|1\n|-unboost|p2b: Tinkaton|atk|1\n|turn|1\n|inactive|Banana191817 has 30 seconds left.\n|\n|t:|1788390714\n|switch|p2a: Decidueye|Decidueye-Hisui, L50, F|100/100\n|move|p2b: Tinkaton|Play Rough|p1b: Kingambit\n|-damage|p1b: Kingambit|87/100\n|move|p1a: Incineroar|Parting Shot|p2a: Decidueye\n|-unboost|p2a: Decidueye|atk|1\n|-unboost|p2a: Decidueye|spa|1\n|\n|t:|1788390723\n|switch|p1a: Garchomp|Garchomp, L50, F|100/100|[from] Parting Shot\n|move|p1b: Kingambit|Kowtow Cleave|p2a: Decidueye\n|-resisted|p2a: Decidueye|1\n|-damage|p2a: Decidueye|65/100\n|\n|upkeep\n|turn|2\n|inactive|Meowraure has 30 seconds left.\n|\n|t:|1788390756\n|move|p1b: Kingambit|Protect|p1b: Kingambit\n|-singleturn|p1b: Kingambit|Protect\n|move|p1a: Garchomp|Stomping Tantrum|p2b: Tinkaton\n|-supereffective|p2b: Tinkaton|1\n|-enditem|p2b: Tinkaton|Shuca Berry|[eat]\n|-enditem|p2b: Tinkaton|Shuca Berry|[weaken]\n|-damage|p2b: Tinkaton|60/100\n|move|p2b: Tinkaton|Play Rough|p1a: Garchomp|[miss]\n|-miss|p2b: Tinkaton|p1a: Garchomp\n|move|p2a: Decidueye|Triple Arrows|p1b: Kingambit\n|-activate|p1b: Kingambit|move: Protect\n|\n|upkeep\n|turn|3\n|\n|t:|1788390777\n|switch|p1b: Sinistcha|Sinistcha, L50|100/100\n|detailschange|p1a: Garchomp|Garchomp-Mega, L50, F\n|-mega|p1a: Garchomp|Garchomp|Garchompite\n|move|p2b: Tinkaton|Play Rough|p1a: Garchomp\n|-supereffective|p1a: Garchomp|1\n|-damage|p1a: Garchomp|74/100\n|move|p1a: Garchomp|Earthquake|p2b: Tinkaton|[spread] p1b,p2a,p2b\n|-resisted|p1b: Sinistcha|1\n|-resisted|p2a: Decidueye|1\n|-supereffective|p2b: Tinkaton|1\n|-damage|p1b: Sinistcha|83/100\n|-damage|p2a: Decidueye|41/100\n|-damage|p2b: Tinkaton|0 fnt\n|faint|p2b: Tinkaton\n|move|p2a: Decidueye|Triple Arrows|p1b: Sinistcha\n|-damage|p1b: Sinistcha|60/100\n|-unboost|p1b: Sinistcha|def|1\n|\n|upkeep\n|\n|t:|1788390796\n|switch|p2b: Scrafty|Scrafty, L50, M|100/100\n|-ability|p2b: Scrafty|Intimidate|boost\n|-unboost|p1a: Garchomp|atk|1\n|-unboost|p1b: Sinistcha|atk|1\n|turn|4\n|\n|t:|1788390808\n|switch|p1a: Kingambit|Kingambit, L50, M|87/100\n|detailschange|p2b: Scrafty|Scrafty-Mega, L50, M\n|-mega|p2b: Scrafty|Scrafty|Scraftinite\n|-ability|p2b: Scrafty|Intimidate|boost\n|-unboost|p1a: Kingambit|atk|1\n|-ability|p1a: Kingambit|Defiant|boost\n|-boost|p1a: Kingambit|atk|2\n|-unboost|p1b: Sinistcha|atk|1\n|move|p1b: Sinistcha|Rage Powder|p1b: Sinistcha\n|-singleturn|p1b: Sinistcha|move: Rage Powder\n|move|p2b: Scrafty|Knock Off|p1b: Sinistcha\n|-supereffective|p1b: Sinistcha|1\n|-damage|p1b: Sinistcha|0 fnt\n|-enditem|p1b: Sinistcha|Kasib Berry|[from] move: Knock Off|[of] p2b: Scrafty\n|faint|p1b: Sinistcha\n|move|p2a: Decidueye|Triple Arrows|p1a: Kingambit\n|-supereffective|p1a: Kingambit|2\n|-damage|p1a: Kingambit|0 fnt\n|faint|p1a: Kingambit\n|\n|upkeep\n|\n|t:|1788390822\n|switch|p1b: Garchomp|Garchomp-Mega, L50, F|74/100\n|switch|p1a: Incineroar|Incineroar, L50, F|100/100\n|-ability|p1a: Incineroar|Intimidate|boost\n|-fail|p2a: Decidueye|unboost|atk|[from] ability: Scrappy|[of] p2a: Decidueye\n|-unboost|p2b: Scrafty|atk|1\n|turn|5\n|inactive|Meowraure has 30 seconds left.\n|\n|t:|1788390850\n|switch|p2a: Farigiraf|Farigiraf, L50, F|100/100\n|move|p1a: Incineroar|Fake Out||[still]\n|cant|p2a: Farigiraf|ability: Armor Tail|Fake Out|[of] p1a: Incineroar\n|move|p1b: Garchomp|Rock Slide|p2b: Scrafty|[spread] p2a,p2b\n|-resisted|p2b: Scrafty|1\n|-crit|p2b: Scrafty\n|-damage|p2a: Farigiraf|78/100\n|-damage|p2b: Scrafty|86/100\n|move|p2b: Scrafty|Close Combat|p1a: Incineroar\n|-supereffective|p1a: Incineroar|1\n|-damage|p1a: Incineroar|16/100\n|-unboost|p2b: Scrafty|def|1\n|-unboost|p2b: Scrafty|spd|1\n|-enditem|p1a: Incineroar|Sitrus Berry|[eat]\n|-heal|p1a: Incineroar|41/100|[from] item: Sitrus Berry\n|\n|upkeep\n|turn|6\n|inactive|Banana191817 has 30 seconds left.\n|\n|t:|1788390882\n|move|p1a: Incineroar|Helping Hand|p1b: Garchomp\n|-singleturn|p1b: Garchomp|Helping Hand|[of] p1a: Incineroar\n|move|p1b: Garchomp|Earthquake|p2a: Farigiraf|[spread] p1a,p2a,p2b\n|-supereffective|p1a: Incineroar|1\n|-damage|p1a: Incineroar|0 fnt\n|-damage|p2a: Farigiraf|12/100\n|-damage|p2b: Scrafty|5/100\n|-enditem|p2a: Farigiraf|Sitrus Berry|[eat]\n|-heal|p2a: Farigiraf|37/100|[from] item: Sitrus Berry\n|faint|p1a: Incineroar\n|move|p2b: Scrafty|Ice Punch|p1b: Garchomp\n|-supereffective|p1b: Garchomp|2\n|-damage|p1b: Garchomp|16/100\n|move|p2a: Farigiraf|Trick Room|p2a: Farigiraf\n|-fieldstart|move: Trick Room|[of] p2a: Farigiraf\n|\n|upkeep\n|turn|7\n|\n|t:|1788390900\n|move|p2a: Farigiraf|Psychic|p1b: Garchomp\n|-damage|p1b: Garchomp|0 fnt\n|faint|p1b: Garchomp\n|\n|win|Banana191817\n","uploadtime":1788390900,"views":"0","formatid":"gen9championsvgc2026regmbbo3","rating":null,"private":0,"password":null}