{"id":"gen9championsvgc2026regmb-2674251292","format":"[Gen 9 Champions] VGC 2026 Reg M-B","players":["Thornlace48812","tddishere"],"log":"|j|☆Thornlace48812\n|j|☆tddishere\n|t:|1788323611\n|gametype|doubles\n|player|p1|Thornlace48812|1|1100\n|player|p2|tddishere|170|1199\n|gen|9\n|tier|[Gen 9 Champions] VGC 2026 Reg M-B\n|rated|\n|rule|Species Clause: Limit one of each Pokémon\n|rule|Item Clause: Limit 1 of each item\n|clearpoke\n|poke|p1|Garchomp, L50, F|\n|poke|p1|Charizard, L50, F|\n|poke|p1|Whimsicott, L50, F|\n|poke|p1|Sylveon, L50, F|\n|poke|p1|Kingambit, L50, F|\n|poke|p1|Basculegion, L50, M|\n|poke|p2|Sneasler, L50, M|\n|poke|p2|Delphox, L50, F|\n|poke|p2|Maushold-Four, L50|\n|poke|p2|Sinistcha, L50|\n|poke|p2|Incineroar, L50, F|\n|poke|p2|Blastoise, L50, M|\n|teampreview|4\n|inactive|Battle timer is ON: inactive players will automatically lose when time's up. (requested by Thornlace48812)\nThornlace48812 rejected open team sheets.\n|inactive|tddishere has 60 seconds left.\n|\n|t:|1788323657\n|teamsize|p1|4\n|teamsize|p2|4\n|start\n|switch|p1a: Charizard|Charizard, L50, F|100/100\n|switch|p1b: Whimsicott|Whimsicott, L50, F|100/100\n|switch|p2a: Maushold|Maushold-Four, L50|100/100\n|switch|p2b: Sneasler|Sneasler, L50, M|100/100\n|turn|1\n|\n|t:|1788323669\n|detailschange|p1a: Charizard|Charizard-Mega-Y, L50, F\n|-mega|p1a: Charizard|Charizard|Charizardite Y\n|-weather|SunnyDay|[from] ability: Drought|[of] p1a: Charizard\n|move|p2b: Sneasler|Fake Out|p1b: Whimsicott\n|-damage|p1b: Whimsicott|77/100\n|cant|p1b: Whimsicott|flinch\n|move|p2a: Maushold|Population Bomb|p1a: Charizard\n|-damage|p1a: Charizard|88/100\n|-damage|p1a: Charizard|77/100\n|-damage|p1a: Charizard|66/100\n|-damage|p1a: Charizard|56/100\n|-damage|p1a: Charizard|46/100\n|-damage|p1a: Charizard|36/100\n|-damage|p1a: Charizard|26/100\n|-damage|p1a: Charizard|14/100\n|-damage|p1a: Charizard|3/100\n|-damage|p1a: Charizard|0 fnt\n|faint|p1a: Charizard\n|-hitcount|p1: Charizard|10\n|\n|-weather|SunnyDay|[upkeep]\n|upkeep\n|\n|t:|1788323669\n|switch|p1a: Sylveon|Sylveon, L50, F|100/100\n|turn|2\n|\n|t:|1788323690\n|switch|p2b: Delphox|Delphox, L50, F|100/100\n|move|p1b: Whimsicott|Tailwind|p1b: Whimsicott\n|-sidestart|p1: Thornlace48812|move: Tailwind\n|move|p1a: Sylveon|Hyper Voice|p2b: Delphox|[spread] p2a,p2b\n|-resisted|p2b: Delphox|1\n|-damage|p2a: Maushold|25/100\n|-damage|p2b: Delphox|74/100\n|move|p2a: Maushold|Population Bomb|p1a: Sylveon\n|-damage|p1a: Sylveon|88/100\n|-damage|p1a: Sylveon|77/100\n|-damage|p1a: Sylveon|65/100\n|-damage|p1a: Sylveon|53/100\n|-damage|p1a: Sylveon|40/100\n|-damage|p1a: Sylveon|28/100\n|-damage|p1a: Sylveon|17/100\n|-damage|p1a: Sylveon|4/100\n|-damage|p1a: Sylveon|0 fnt\n|faint|p1a: Sylveon\n|-hitcount|p1: Sylveon|9\n|\n|-weather|SunnyDay|[upkeep]\n|upkeep\n|\n|t:|1788323691\n|switch|p1a: Basculegion|Basculegion, L50, M|100/100\n|turn|3\n|\n|t:|1788323700\n|detailschange|p2b: Delphox|Delphox-Mega, L50, F\n|-mega|p2b: Delphox|Delphox|Delphoxite\n|move|p2a: Maushold|Follow Me|p2a: Maushold\n|-singleturn|p2a: Maushold|move: Follow Me\n|move|p1b: Whimsicott|Moonblast|p2a: Maushold\n|-damage|p2a: Maushold|0 fnt\n|faint|p2a: Maushold\n|move|p1a: Basculegion|Last Respects|p2b: Delphox\n|-supereffective|p2b: Delphox|1\n|-damage|p2b: Delphox|0 fnt\n|faint|p2b: Delphox\n|\n|-weather|SunnyDay|[upkeep]\n|upkeep\n|\n|t:|1788323706\n|switch|p2b: Sinistcha|Sinistcha, L50|100/100\n|switch|p2a: Sneasler|Sneasler, L50, M|100/100\n|turn|4\n|\n|t:|1788323714\n|move|p1b: Whimsicott|Moonblast|p2a: Sneasler\n|-damage|p2a: Sneasler|49/100\n|move|p1a: Basculegion|Last Respects|p2b: Sinistcha\n|-supereffective|p2b: Sinistcha|1\n|-crit|p2b: Sinistcha\n|-damage|p2b: Sinistcha|0 fnt\n|faint|p2b: Sinistcha\n|move|p2a: Sneasler|Poison Jab|p1b: Whimsicott\n|-supereffective|p1b: Whimsicott|2\n|-damage|p1b: Whimsicott|0 fnt\n|faint|p1b: Whimsicott\n|\n|-weather|SunnyDay|[upkeep]\n|upkeep\n|turn|5\n|\n|t:|1788323721\n|move|p1a: Basculegion|Wave Crash|p2a: Sneasler\n|-damage|p2a: Sneasler|0 fnt\n|faint|p2a: Sneasler\n|-damage|p1a: Basculegion|87/100|[from] Recoil\n|\n|win|Thornlace48812\n|raw|Thornlace48812's rating: 1124 &rarr; <strong>1154</strong><br />(+30 for winning)\n|raw|tddishere's rating: 1199 &rarr; <strong>1169</strong><br />(-30 for losing)\n","uploadtime":1788323722,"views":"5","formatid":"gen9championsvgc2026regmb","rating":1154,"private":0,"password":null}