{"id":"gen9championsvgc2026regmb-2674026984","format":"[Gen 9 Champions] VGC 2026 Reg M-B","players":["Yoghurt25","somerandomcat451"],"log":"|j|☆Yoghurt25\n|j|☆somerandomcat451\n|t:|1788289842\n|gametype|doubles\n|player|p1|Yoghurt25|2|1471\n|player|p2|somerandomcat451|riley|1441\n|gen|9\n|tier|[Gen 9 Champions] VGC 2026 Reg M-B\n|rated|\n|rule|Species Clause: Limit one of each Pokémon\n|rule|Item Clause: Limit 1 of each item\n|clearpoke\n|poke|p1|Sinistcha, L50|\n|poke|p1|Incineroar, L50, F|\n|poke|p1|Blaziken, L50, F|\n|poke|p1|Ninetales-Alola, L50, M|\n|poke|p1|Mawile, L50, F|\n|poke|p1|Basculegion, L50, M|\n|poke|p2|Gallade, L50, M|\n|poke|p2|Farigiraf, L50, M|\n|poke|p2|Incineroar, L50, M|\n|poke|p2|Mawile, L50, M|\n|poke|p2|Blastoise, L50, M|\n|poke|p2|Vivillon, L50, F|\n|teampreview|4\n|inactive|Battle timer is ON: inactive players will automatically lose when time's up. (requested by somerandomcat451)\nYoghurt25 has agreed to open team sheets.\n|inactive|Yoghurt25 has 60 seconds left.\n|inactive|somerandomcat451 has 60 seconds left.\n|\n|t:|1788289887\n|teamsize|p1|4\n|teamsize|p2|4\n|start\n|switch|p1a: Incineroar|Incineroar, L50, F|100/100\n|switch|p1b: Mawile|Mawile, L50, F|100/100\n|switch|p2a: Incineroar|Incineroar, L50, M|100/100\n|switch|p2b: Farigiraf|Farigiraf, L50, M|100/100\n|-ability|p2a: Incineroar|Intimidate|boost\n|-unboost|p1a: Incineroar|atk|1\n|-fail|p1b: Mawile|unboost|Attack|[from] ability: Hyper Cutter|[of] p1b: Mawile\n|-ability|p1a: Incineroar|Intimidate|boost\n|-unboost|p2a: Incineroar|atk|1\n|-unboost|p2b: Farigiraf|atk|1\n|turn|1\n|inactive|Yoghurt25 has 30 seconds left.\n|inactive|Yoghurt25 has 20 seconds left.\n|inactive|Yoghurt25 has 15 seconds left.\n|\n|t:|1788289928\n|switch|p2b: Gallade|Gallade, L50, M|100/100\n|move|p1b: Mawile|Protect|p1b: Mawile\n|-singleturn|p1b: Mawile|Protect\n|move|p2a: Incineroar|Flare Blitz|p1b: Mawile\n|-activate|p1b: Mawile|move: Protect\n|move|p1a: Incineroar|Parting Shot|p2a: Incineroar\n|-unboost|p2a: Incineroar|atk|1\n|-unboost|p2a: Incineroar|spa|1\n|\n|t:|1788289940\n|switch|p1a: Basculegion|Basculegion, L50, M|100/100|[from] Parting Shot\n|\n|upkeep\n|turn|2\n|inactive|somerandomcat451 has 30 seconds left.\n|inactive|somerandomcat451 has 20 seconds left.\n|\n|t:|1788289978\n|switch|p2a: Farigiraf|Farigiraf, L50, M|100/100\n|detailschange|p1b: Mawile|Mawile-Mega, L50, F\n|-mega|p1b: Mawile|Mawile|Mawilite\n|move|p2b: Gallade|Leaf Blade|p1a: Basculegion\n|-supereffective|p1a: Basculegion|1\n|-damage|p1a: Basculegion|0 fnt\n|faint|p1a: Basculegion\n|move|p1b: Mawile|Play Rough|p2b: Gallade\n|-supereffective|p2b: Gallade|1\n|-damage|p2b: Gallade|0 fnt\n|faint|p2b: Gallade\n|\n|upkeep\n|\n|t:|1788289995\n|switch|p2b: Incineroar|Incineroar, L50, M|100/100\n|switch|p1a: Sinistcha|Sinistcha, L50|100/100\n|-ability|p2b: Incineroar|Intimidate|boost\n|-unboost|p1a: Sinistcha|atk|1\n|-unboost|p1b: Mawile|atk|1\n|turn|3\n|inactive|somerandomcat451 has 30 seconds left.\n|\n|t:|1788290028\n|switch|p1b: Incineroar|Incineroar, L50, F|100/100\n|-ability|p1b: Incineroar|Intimidate|boost\n|-unboost|p2a: Farigiraf|atk|1\n|-unboost|p2b: Incineroar|atk|1\n|move|p1a: Sinistcha|Protect|p1a: Sinistcha\n|-singleturn|p1a: Sinistcha|Protect\n|move|p2b: Incineroar|Fake Out|p1b: Incineroar\n|-damage|p1b: Incineroar|89/100\n|-damage|p2b: Incineroar|90/100|[from] item: Life Orb\n|move|p2a: Farigiraf|Twin Beam|p1a: Sinistcha\n|-activate|p1a: Sinistcha|move: Protect\n|\n|upkeep\n|turn|4\n|inactive|somerandomcat451 has 30 seconds left.\n|\n|t:|1788290053\n|move|p2b: Incineroar|Parting Shot|p1b: Incineroar\n|-unboost|p1b: Incineroar|atk|1\n|-unboost|p1b: Incineroar|spa|1\n|\n|t:|1788290056\n|switch|p2b: Mawile|Mawile, L50, M|100/100|[from] Parting Shot\n|move|p1b: Incineroar|Parting Shot|p2b: Mawile\n|-fail|p2b: Mawile|unboost|Attack|[from] ability: Hyper Cutter|[of] p2b: Mawile\n|-unboost|p2b: Mawile|spa|1\n|\n|t:|1788290064\n|switch|p1b: Mawile|Mawile-Mega, L50, F|100/100|[from] Parting Shot\n|move|p2a: Farigiraf|Twin Beam|p1a: Sinistcha\n|-damage|p1a: Sinistcha|80/100\n|-damage|p1a: Sinistcha|61/100\n|-hitcount|p1a: Sinistcha|2\n|move|p1a: Sinistcha|Trick Room|p1a: Sinistcha\n|-fieldstart|move: Trick Room|[of] p1a: Sinistcha\n|\n|upkeep\n|turn|5\n|inactive|Yoghurt25 has 30 seconds left.\n|inactive|Yoghurt25 has 20 seconds left.\n|\n|t:|1788290102\n|switch|p2a: Incineroar|Incineroar, L50, M|90/100\n|-ability|p2a: Incineroar|Intimidate|boost\n|-unboost|p1a: Sinistcha|atk|1\n|-unboost|p1b: Mawile|atk|1\n|switch|p1a: Incineroar|Incineroar, L50, F|89/100\n|-ability|p1a: Incineroar|Intimidate|boost\n|-unboost|p2a: Incineroar|atk|1\n|-fail|p2b: Mawile|unboost|Attack|[from] ability: Hyper Cutter|[of] p2b: Mawile\n|detailschange|p2b: Mawile|Mawile-Mega, L50, M\n|-mega|p2b: Mawile|Mawile|Mawilite\n|move|p1b: Mawile|Protect|p1b: Mawile\n|-singleturn|p1b: Mawile|Protect\n|move|p2b: Mawile|Play Rough|p1a: Incineroar\n|-damage|p1a: Incineroar|19/100\n|-enditem|p1a: Incineroar|Sitrus Berry|[eat]\n|-heal|p1a: Incineroar|44/100|[from] item: Sitrus Berry\n|\n|upkeep\n|turn|6\n|inactive|Yoghurt25 has 30 seconds left.\n|inactive|somerandomcat451 has 30 seconds left.\n|inactive|Yoghurt25 has 20 seconds left.\n|\n|t:|1788290139\n|move|p1a: Incineroar|Fake Out|p2b: Mawile\n|-resisted|p2b: Mawile|1\n|-damage|p2b: Mawile|94/100\n|cant|p2b: Mawile|flinch\n|move|p1b: Mawile|Iron Head|p2b: Mawile\n|-damage|p2b: Mawile|46/100\n|move|p2a: Incineroar|Flare Blitz|p1b: Mawile\n|-supereffective|p1b: Mawile|1\n|-damage|p1b: Mawile|1/100\n|-damage|p2a: Incineroar|60/100|[from] Recoil\n|-damage|p2a: Incineroar|50/100y|[from] item: Life Orb\n|\n|upkeep\n|turn|7\n|inactive|Yoghurt25 has 30 seconds left.\n|inactive|somerandomcat451 has 30 seconds left.\n|inactive|somerandomcat451 has 20 seconds left.\n|inactive|somerandomcat451 has 15 seconds left.\n|inactive|somerandomcat451 has 10 seconds left.\n|\n|t:|1788290186\n|switch|p1b: Sinistcha|Sinistcha, L50|61/100\n|-heal|p1a: Incineroar|68/100|[from] ability: Hospitality|[of] p1b: Sinistcha\n|move|p2b: Mawile|Protect|p2b: Mawile\n|-singleturn|p2b: Mawile|Protect\n|move|p1a: Incineroar|Flare Blitz|p2b: Mawile\n|-activate|p2b: Mawile|move: Protect\n|move|p2a: Incineroar|Flare Blitz|p1a: Incineroar\n|-resisted|p1a: Incineroar|1\n|-damage|p1a: Incineroar|47/100\n|-damage|p2a: Incineroar|41/100|[from] Recoil\n|-damage|p2a: Incineroar|31/100|[from] item: Life Orb\n|\n|upkeep\n|turn|8\n|inactive|Yoghurt25 has 30 seconds left.\n|inactive|somerandomcat451 has 30 seconds left.\n|\n|t:|1788290229\n|move|p2b: Mawile|Play Rough|p1a: Incineroar\n|-damage|p1a: Incineroar|0 fnt\n|faint|p1a: Incineroar\n|move|p1b: Sinistcha|Matcha Gotcha|p2b: Mawile|[spread] p2a,p2b\n|-resisted|p2a: Incineroar|1\n|-resisted|p2b: Mawile|1\n|-crit|p2b: Mawile\n|-damage|p2a: Incineroar|17/100\n|-heal|p1b: Sinistcha|69/100|[from] drain|[of] p2a: Incineroar\n|-damage|p2b: Mawile|17/100\n|-heal|p1b: Sinistcha|79/100|[from] drain|[of] p2b: Mawile\n|move|p2a: Incineroar|Flare Blitz|p1b: Sinistcha\n|-supereffective|p1b: Sinistcha|1\n|-damage|p1b: Sinistcha|0 fnt\n|faint|p1b: Sinistcha\n|-damage|p2a: Incineroar|0 fnt|[from] Recoil\n|faint|p2a: Incineroar\n|\n|-fieldend|move: Trick Room\n|upkeep\n|\n|t:|1788290250\n|switch|p2a: Farigiraf|Farigiraf, L50, M|100/100\n|switch|p1a: Mawile|Mawile-Mega, L50, F|1/100\n|turn|9\n|\n|t:|1788290261\n|move|p1a: Mawile|Protect|p1a: Mawile\n|-singleturn|p1a: Mawile|Protect\n|move|p2b: Mawile|Sucker Punch||[still]\n|-fail|p2b: Mawile\n|move|p2a: Farigiraf|Twin Beam|p1a: Mawile\n|-activate|p1a: Mawile|move: Protect\n|\n|upkeep\n|turn|10\n|\n|t:|1788290269\n|move|p1a: Mawile|Sucker Punch||[still]\n|cant|p2a: Farigiraf|ability: Armor Tail|Sucker Punch|[of] p1a: Mawile\n|move|p2b: Mawile|Sucker Punch||[still]\n|-fail|p2b: Mawile\n|move|p2a: Farigiraf|Twin Beam|p1a: Mawile\n|-resisted|p1a: Mawile|1\n|-damage|p1a: Mawile|0 fnt\n|faint|p1a: Mawile\n|-hitcount|p1: Mawile|1\n|\n|win|somerandomcat451\n|raw|Yoghurt25's rating: 1471 &rarr; <strong>1449</strong><br />(-22 for losing)\n|raw|somerandomcat451's rating: 1441 &rarr; <strong>1463</strong><br />(+22 for winning)\n","uploadtime":1788290282,"views":"1","formatid":"gen9championsvgc2026regmb","rating":1449,"private":0,"password":null}