{"id":"gen9championsvgc2026regmbbo3-2673625042","format":"[Gen 9 Champions] VGC 2026 Reg M-B (Bo3)","players":["sparkbladexd","jpaul2077"],"log":"|j|☆sparkbladexd\n|j|☆jpaul2077\n|html|<table width=\"100%\"><tr><td align=\"left\">sparkbladexd</td><td align=\"right\">jpaul2077</tr><tr><td align=\"left\"><i class=\"fa fa-circle\"></i> <i class=\"fa fa-circle-o\"></i> </td><td align=\"right\"><i class=\"fa fa-circle-o\"></i> <i class=\"fa fa-circle\"></i> </tr></table>\n|uhtml|bestof|<h2><strong>Game 3</strong> of <a href=\"/game-bestof3-gen9championsvgc2026regmbbo3-2673622234\">a best-of-3</a></h2>\n|t:|1788223176\n|gametype|doubles\n|player|p1|sparkbladexd|169|\n|player|p2|jpaul2077|riley|\n|gen|9\n|tier|[Gen 9 Champions] VGC 2026 Reg M-B (Bo3)\n|rule|Species Clause: Limit one of each Pokémon\n|rule|Item Clause: Limit 1 of each item\n|raw|<div class=\"infobox\"><details class=\"readmore\" open><summary><strong>1 custom rule:</strong></summary> !Force Open Team Sheets</details></div>\n|clearpoke\n|poke|p1|Archaludon, L50, M|\n|poke|p1|Swampert, L50, F|\n|poke|p1|Pelipper, L50, F|\n|poke|p1|Sableye, L50, M, shiny|\n|poke|p1|Tinkaton, L50, F|\n|poke|p1|Meganium, L50, M|\n|poke|p2|Blastoise, L50, F|\n|poke|p2|Farigiraf, L50, M|\n|poke|p2|Garchomp, L50, F|\n|poke|p2|Toucannon, L50, M|\n|poke|p2|Liepard, L50, M|\n|poke|p2|Crabominable, L50, F|\n|teampreview|4\n|\n|t:|1788223230\n|teamsize|p1|4\n|teamsize|p2|4\n|start\n|switch|p1a: Swampert|Swampert, L50, F|100/100\n|switch|p1b: Pelipper|Pelipper, L50, F|100/100\n|switch|p2a: Toucannon|Toucannon, L50, M|100/100\n|switch|p2b: Garchomp|Garchomp, L50, F|100/100\n|-weather|RainDance|[from] ability: Drizzle|[of] p1b: Pelipper\n|turn|1\n|\n|t:|1788223265\n|detailschange|p1a: Swampert|Swampert-Mega, L50, F\n|-mega|p1a: Swampert|Swampert|Swampertite\n|move|p2b: Garchomp|Protect|p2b: Garchomp\n|-singleturn|p2b: Garchomp|Protect\n|move|p1a: Swampert|Ice Punch|p2b: Garchomp\n|-activate|p2b: Garchomp|move: Protect\n|move|p1b: Pelipper|Weather Ball|p2a: Toucannon\n|-damage|p2a: Toucannon|33/100\n|-enditem|p2a: Toucannon|Sitrus Berry|[eat]\n|-heal|p2a: Toucannon|58/100|[from] item: Sitrus Berry\n|move|p2a: Toucannon|Bullet Seed|p1a: Swampert\n|-supereffective|p1a: Swampert|2\n|-damage|p1a: Swampert|68/100\n|-supereffective|p1a: Swampert|2\n|-damage|p1a: Swampert|35/100\n|-supereffective|p1a: Swampert|2\n|-damage|p1a: Swampert|4/100\n|-supereffective|p1a: Swampert|2\n|-crit|p1a: Swampert\n|-damage|p1a: Swampert|0 fnt\n|faint|p1a: Swampert\n|-hitcount|p1: Swampert|4\n|\n|-weather|RainDance|[upkeep]\n|upkeep\n|\n|t:|1788223272\n|switch|p1a: Archaludon|Archaludon, L50, M|100/100\n|turn|2\n|\n|t:|1788223313\n|move|p1a: Archaludon|Protect|p1a: Archaludon\n|-singleturn|p1a: Archaludon|Protect\n|move|p2a: Toucannon|Protect|p2a: Toucannon\n|-singleturn|p2a: Toucannon|Protect\n|move|p2b: Garchomp|Earthquake|p1b: Pelipper|[spread] \n|-activate|p2a: Toucannon|move: Protect\n|-activate|p1a: Archaludon|move: Protect\n|-immune|p1b: Pelipper\n|move|p1b: Pelipper|Tailwind|p1b: Pelipper\n|-sidestart|p1: sparkbladexd|move: Tailwind\n|\n|-weather|RainDance|[upkeep]\n|upkeep\n|turn|3\n|\n|t:|1788223351\n|move|p1b: Pelipper|Weather Ball|p2b: Garchomp\n|-damage|p2b: Garchomp|31/100\n|move|p1a: Archaludon|Dragon Pulse|p2b: Garchomp\n|-supereffective|p2b: Garchomp|1\n|-damage|p2b: Garchomp|0 fnt\n|faint|p2b: Garchomp\n|move|p2a: Toucannon|Rock Blast|p1b: Pelipper\n|-supereffective|p1b: Pelipper|1\n|-damage|p1b: Pelipper|78/100\n|-supereffective|p1b: Pelipper|1\n|-damage|p1b: Pelipper|56/100\n|-supereffective|p1b: Pelipper|1\n|-damage|p1b: Pelipper|36/100\n|-supereffective|p1b: Pelipper|1\n|-damage|p1b: Pelipper|17/100\n|-supereffective|p1b: Pelipper|1\n|-crit|p1b: Pelipper\n|-damage|p1b: Pelipper|0 fnt\n|faint|p1b: Pelipper\n|-hitcount|p1: Pelipper|5\n|\n|-weather|RainDance|[upkeep]\n|upkeep\n|\n|t:|1788223381\n|switch|p2b: Farigiraf|Farigiraf, L50, M|100/100\n|switch|p1b: Sableye|Sableye, L50, M, shiny|100/100\n|turn|4\n|\n|t:|1788223418\n|-singleturn|p2a: Toucannon|move: Beak Blast\n|move|p1a: Archaludon|Electro Shot||[still]\n|-prepare|p1a: Archaludon|Electro Shot\n|-boost|p1a: Archaludon|spa|1\n|-anim|p1a: Archaludon|Electro Shot|p2b: Farigiraf\n|-crit|p2b: Farigiraf\n|-damage|p2b: Farigiraf|4/100\n|move|p1b: Sableye|Foul Play|p2b: Farigiraf\n|-supereffective|p2b: Farigiraf|1\n|-damage|p2b: Farigiraf|0 fnt\n|faint|p2b: Farigiraf\n|move|p2a: Toucannon|Beak Blast|p1b: Sableye\n|-damage|p1b: Sableye|35/100\n|-enditem|p1b: Sableye|Sitrus Berry|[eat]\n|-heal|p1b: Sableye|59/100|[from] item: Sitrus Berry\n|\n|-weather|RainDance|[upkeep]\n|upkeep\n|\n|t:|1788223436\n|switch|p2b: Blastoise|Blastoise, L50, F|100/100\n|turn|5\n|\n|t:|1788223484\n|detailschange|p2b: Blastoise|Blastoise-Mega, L50, F\n|-mega|p2b: Blastoise|Blastoise|Blastoisinite\n|-singleturn|p2a: Toucannon|move: Beak Blast\n|move|p2b: Blastoise|Protect|p2b: Blastoise\n|-singleturn|p2b: Blastoise|Protect\n|move|p1a: Archaludon|Electro Shot||[still]\n|-prepare|p1a: Archaludon|Electro Shot\n|-boost|p1a: Archaludon|spa|1\n|-anim|p1a: Archaludon|Electro Shot|p2b: Blastoise\n|-activate|p2b: Blastoise|move: Protect\n|move|p1b: Sableye|Foul Play|p2a: Toucannon\n|-damage|p2a: Toucannon|0 fnt\n|-status|p1b: Sableye|brn\n|faint|p2a: Toucannon\n|\n|-weather|none\n|-damage|p1b: Sableye|54/100 brn|[from] brn\n|-sideend|p1: sparkbladexd|move: Tailwind\n|upkeep\n|turn|6\n|c|☆sparkbladexd|GG\n|\n|t:|1788223504\n|move|p1b: Sableye|Encore|p2b: Blastoise\n|-start|p2b: Blastoise|Encore\n|move|p2b: Blastoise|Protect||[still]\n|-fail|p2b: Blastoise\n|move|p1a: Archaludon|Electro Shot||[still]\n|-prepare|p1a: Archaludon|Electro Shot\n|-boost|p1a: Archaludon|spa|1\n|\n|-damage|p1b: Sableye|48/100 brn|[from] brn\n|upkeep\n|turn|7\n|\n|t:|1788223515\n|move|p2b: Blastoise|Protect|p2b: Blastoise\n|-singleturn|p2b: Blastoise|Protect\n|move|p1a: Archaludon|Electro Shot|p2b: Blastoise|[from] lockedmove\n|-activate|p2b: Blastoise|move: Protect\n|move|p1b: Sableye|Foul Play|p2b: Blastoise\n|-activate|p2b: Blastoise|move: Protect\n|\n|-damage|p1b: Sableye|42/100 brn|[from] brn\n|upkeep\n|turn|8\n|\n|t:|1788223526\n|move|p2b: Blastoise|Protect|p2b: Blastoise\n|-singleturn|p2b: Blastoise|Protect\n|move|p1b: Sableye|Rain Dance|p1b: Sableye\n|-weather|RainDance\n|move|p1a: Archaludon|Electro Shot||[still]\n|-prepare|p1a: Archaludon|Electro Shot\n|-boost|p1a: Archaludon|spa|1\n|-anim|p1a: Archaludon|Electro Shot|p2b: Blastoise\n|-activate|p2b: Blastoise|move: Protect\n|\n|-weather|RainDance|[upkeep]\n|-damage|p1b: Sableye|36/100 brn|[from] brn\n|-end|p2b: Blastoise|Encore\n|upkeep\n|turn|9\n|\n|t:|1788223540\n|move|p1b: Sableye|Encore|p2b: Blastoise\n|-start|p2b: Blastoise|Encore\n|move|p2b: Blastoise|Protect||[still]\n|-fail|p2b: Blastoise\n|move|p1a: Archaludon|Electro Shot||[still]\n|-prepare|p1a: Archaludon|Electro Shot\n|-boost|p1a: Archaludon|spa|1\n|-anim|p1a: Archaludon|Electro Shot|p2b: Blastoise\n|-supereffective|p2b: Blastoise|1\n|-damage|p2b: Blastoise|0 fnt\n|faint|p2b: Blastoise\n|\n|win|sparkbladexd\n|c|☆jpaul2077|Gg\n","uploadtime":1788223569,"views":"7","formatid":"gen9championsvgc2026regmbbo3","rating":null,"private":0,"password":null}