{"id":"gen9championsvgc2026regmbbo3-2675006018","format":"[Gen 9 Champions] VGC 2026 Reg M-B (Bo3)","players":["nachinnnn","Watawa"],"log":"|j|☆nachinnnn\n|j|☆Watawa\n|html|<table width=\"100%\"><tr><td align=\"left\">nachinnnn</td><td align=\"right\">Watawa</tr><tr><td align=\"left\"><i class=\"fa fa-circle-o\"></i> <i class=\"fa fa-circle-o\"></i> </td><td align=\"right\"><i class=\"fa fa-circle-o\"></i> <i class=\"fa fa-circle-o\"></i> </tr></table>\n|uhtml|bestof|<h2><strong>Game 1</strong> of <a href=\"/game-bestof3-gen9championsvgc2026regmbbo3-2675006017\">a best-of-3</a></h2>\n|t:|1788447849\n|gametype|doubles\n|player|p1|nachinnnn|2|1139\n|player|p2|Watawa|265|1126\n|gen|9\n|tier|[Gen 9 Champions] VGC 2026 Reg M-B (Bo3)\n|rated|\n|rule|Species Clause: Limit one of each Pokémon\n|rule|Item Clause: Limit 1 of each item\n|clearpoke\n|poke|p1|Metagross, L50|\n|poke|p1|Sinistcha, L50|\n|poke|p1|Hydreigon, L50, M|\n|poke|p1|Sneasler, L50, F|\n|poke|p1|Incineroar, L50, F|\n|poke|p1|Araquanid, L50, F|\n|poke|p2|Metagross, L50, shiny|\n|poke|p2|Farigiraf, L50, M|\n|poke|p2|Whimsicott, L50, M|\n|poke|p2|Kommo-o, L50, M, shiny|\n|poke|p2|Basculegion, L50, M|\n|poke|p2|Incineroar, L50, M, shiny|\n|teampreview|4\n|showteam|p1|Metagross||Metagrossite|ClearBody|PsychicFangs,IronHead,CosmicPower,Protect|Jolly|||||50|]Sinistcha||SitrusBerry|Hospitality|Curse,MatchaGotcha,RagePowder,Protect|Bold|||||50|]Hydreigon||ChoiceScarf|Levitate|DracoMeteor,Snarl,EarthPower,DarkPulse|Modest||M|||50|]Sneasler||WhiteHerb|Unburden|FakeOut,Protect,CloseCombat,DireClaw|Adamant||F|||50|]Incineroar||ChopleBerry|Intimidate|FakeOut,PartingShot,Taunt,FlareBlitz|Adamant||F|||50|]Araquanid||LifeOrb|WaterBubble|LeechLife,Liquidation,WideGuard,IcyWind|Sassy||F|||50|\n|showteam|p2|Metagross||Metagrossite|ClearBody|IronHead,PsychicFangs,BodyPress,Protect|Jolly|||||50|]Farigiraf||ColburBerry|ArmorTail|TwinBeam,HelpingHand,TrickRoom,Roar|Calm||M|||50|]Whimsicott||FocusSash|Prankster|Moonblast,Tailwind,Encore,Protect|Timid||M|||50|]Kommo-o||LifeOrb|Soundproof|ClangingScales,AuraSphere,VacuumWave,Protect|Timid||M|||50|]Basculegion||ChoiceScarf|Adaptability|WaveCrash,LastRespects,AquaJet,FlipTurn|Jolly||M|||50|]Incineroar||SitrusBerry|Intimidate|FakeOut,FlareBlitz,PartingShot,DarkestLariat|Impish||M|||50|\n|inactive|Battle timer is ON: inactive players will automatically lose when time's up. (requested by nachinnnn)\n|inactive|Watawa has 60 seconds left.\n|\n|t:|1788447918\n|teamsize|p1|4\n|teamsize|p2|4\n|start\n|switch|p1a: Hydreigon|Hydreigon, L50, M|100/100\n|switch|p1b: Metagross|Metagross, L50|100/100\n|switch|p2a: Kommo-o|Kommo-o, L50, M, shiny|100/100\n|switch|p2b: Whimsicott|Whimsicott, L50, M|100/100\n|turn|1\n|inactive|nachinnnn has 30 seconds left.\n|inactive|nachinnnn has 20 seconds left.\n|\n|t:|1788447954\n|switch|p1a: Sinistcha|Sinistcha, L50|100/100\n|detailschange|p1b: Metagross|Metagross-Mega, L50\n|-mega|p1b: Metagross|Metagross|Metagrossite\n|move|p2a: Kommo-o|Protect|p2a: Kommo-o\n|-singleturn|p2a: Kommo-o|Protect\n|move|p2b: Whimsicott|Tailwind|p2b: Whimsicott\n|-sidestart|p2: Watawa|move: Tailwind\n|move|p1b: Metagross|Psychic Fangs|p2a: Kommo-o\n|-activate|p2a: Kommo-o|move: Protect\n|\n|upkeep\n|turn|2\n|\n|t:|1788447972\n|switch|p2a: Incineroar|Incineroar, L50, M, shiny|100/100\n|-ability|p2a: Incineroar|Intimidate|boost\n|-unboost|p1a: Sinistcha|atk|1\n|-unboost|p1b: Metagross|atk|1\n|move|p2b: Whimsicott|Moonblast|p1a: Sinistcha\n|-damage|p1a: Sinistcha|65/100\n|move|p1b: Metagross|Psychic Fangs|p2a: Incineroar\n|-immune|p2a: Incineroar\n|move|p1a: Sinistcha|Matcha Gotcha|p2b: Whimsicott|[spread] p2b\n|-miss|p1a: Sinistcha|p2a: Incineroar\n|-resisted|p2b: Whimsicott|1\n|-damage|p2b: Whimsicott|83/100\n|-heal|p1a: Sinistcha|73/100|[from] drain|[of] p2b: Whimsicott\n|\n|upkeep\n|turn|3\n|\n|t:|1788447990\n|switch|p1b: Hydreigon|Hydreigon, L50, M|100/100\n|switch|p1a: Incineroar|Incineroar, L50, F|100/100\n|-ability|p1a: Incineroar|Intimidate|boost\n|-unboost|p2a: Incineroar|atk|1\n|-unboost|p2b: Whimsicott|atk|1\n|move|p2a: Incineroar|Fake Out|p1b: Hydreigon\n|-damage|p1b: Hydreigon|91/100\n|move|p2b: Whimsicott|Moonblast|p1a: Incineroar\n|-damage|p1a: Incineroar|74/100\n|\n|upkeep\n|turn|4\n|\n|t:|1788448000\n|switch|p2a: Farigiraf|Farigiraf, L50, M|100/100\n|move|p1a: Incineroar|Fake Out||[still]\n|cant|p2a: Farigiraf|ability: Armor Tail|Fake Out|[of] p1a: Incineroar\n|move|p2b: Whimsicott|Moonblast|p1b: Hydreigon\n|-supereffective|p1b: Hydreigon|2\n|-damage|p1b: Hydreigon|0 fnt\n|faint|p1b: Hydreigon\n|\n|-sideend|p2: Watawa|move: Tailwind\n|upkeep\n|\n|t:|1788448012\n|switch|p1b: Metagross|Metagross-Mega, L50|100/100\n|turn|5\n|\n|t:|1788448032\n|switch|p2b: Incineroar|Incineroar, L50, M, shiny|100/100\n|-ability|p2b: Incineroar|Intimidate|boost\n|-unboost|p1a: Incineroar|atk|1\n|-unboost|p1b: Metagross|atk|1\n|switch|p2a: Kommo-o|Kommo-o, L50, M, shiny|100/100\n|move|p1b: Metagross|Iron Head|p2b: Incineroar\n|-resisted|p2b: Incineroar|1\n|-damage|p2b: Incineroar|85/100\n|move|p1a: Incineroar|Taunt|p2a: Kommo-o\n|-start|p2a: Kommo-o|move: Taunt\n|\n|upkeep\n|turn|6\n|\n|t:|1788448050\n|switch|p1b: Sinistcha|Sinistcha, L50|73/100\n|-heal|p1a: Incineroar|99/100|[from] ability: Hospitality|[of] p1b: Sinistcha\n|move|p2b: Incineroar|Fake Out|p1b: Sinistcha\n|-immune|p1b: Sinistcha\n|move|p2a: Kommo-o|Clanging Scales|p1a: Incineroar|[spread] p1a,p1b\n|-damage|p1a: Incineroar|52/100\n|-damage|p1b: Sinistcha|20/100y\n|-enditem|p1b: Sinistcha|Sitrus Berry|[eat]\n|-heal|p1b: Sinistcha|44/100|[from] item: Sitrus Berry\n|-unboost|p2a: Kommo-o|def|1\n|-damage|p2a: Kommo-o|90/100|[from] item: Life Orb\n|move|p1a: Incineroar|Parting Shot|p2a: Kommo-o\n|-immune|p2a: Kommo-o|[from] ability: Soundproof\n|\n|upkeep\n|turn|7\n|\n|t:|1788448068\n|move|p2a: Kommo-o|Clanging Scales|p1b: Sinistcha|[spread] p1a,p1b\n|-damage|p1a: Incineroar|9/100\n|-damage|p1b: Sinistcha|0 fnt\n|faint|p1b: Sinistcha\n|-unboost|p2a: Kommo-o|def|1\n|-damage|p2a: Kommo-o|80/100|[from] item: Life Orb\n|move|p2b: Incineroar|Flare Blitz|p1a: Incineroar\n|-resisted|p1a: Incineroar|1\n|-damage|p1a: Incineroar|0 fnt\n|faint|p1a: Incineroar\n|-damage|p2b: Incineroar|81/100|[from] Recoil\n|\n|-end|p2a: Kommo-o|move: Taunt\n|upkeep\n|\n|t:|1788448072\n|switch|p1b: Metagross|Metagross-Mega, L50|100/100\n|turn|8\n|\n|t:|1788448083\n|switch|p2a: Farigiraf|Farigiraf, L50, M|100/100\n|move|p1b: Metagross|Iron Head|p2b: Incineroar\n|-resisted|p2b: Incineroar|1\n|-damage|p2b: Incineroar|57/100\n|move|p2b: Incineroar|Flare Blitz|p1b: Metagross\n|-supereffective|p1b: Metagross|1\n|-damage|p1b: Metagross|29/100\n|-damage|p2b: Incineroar|40/100|[from] Recoil\n|-enditem|p2b: Incineroar|Sitrus Berry|[eat]\n|-heal|p2b: Incineroar|64/100|[from] item: Sitrus Berry\n|\n|upkeep\n|turn|9\n|-message|nachinnnn forfeited.\n|\n|win|Watawa\n||nachinnnn is ready for game 2.\n|l|☆nachinnnn\n|player|p1|\n||Watawa is ready for game 2.\n|uhtml|next|Next: <a href=\"/battle-gen9championsvgc2026regmbbo3-2675008068\"><strong>Game 2 of 3</strong></a>\n","uploadtime":1788448326,"views":"0","formatid":"gen9championsvgc2026regmbbo3","rating":null,"private":0,"password":null}