{"id":"gen9championsvgc2026regmbbo3-2673600081","format":"[Gen 9 Champions] VGC 2026 Reg M-B (Bo3)","players":["pkmn Hayatoviski","rebeccaribena"],"log":"|j|☆pkmn Hayatoviski\n|j|☆rebeccaribena\n|html|<table width=\"100%\"><tr><td align=\"left\">pkmn Hayatoviski</td><td align=\"right\">rebeccaribena</tr><tr><td align=\"left\"><i class=\"fa fa-circle-o\"></i> <i class=\"fa fa-circle-o\"></i> </td><td align=\"right\"><i class=\"fa fa-circle-o\"></i> <i class=\"fa fa-circle\"></i> </tr></table>\n|uhtml|bestof|<h2><strong>Game 2</strong> of <a href=\"/game-bestof3-gen9championsvgc2026regmbbo3-2673597473\">a best-of-3</a></h2>\n|t:|1788219319\n|gametype|doubles\n|player|p1|pkmn Hayatoviski|marlon|1070\n|player|p2|rebeccaribena|whitney|1000\n|gen|9\n|tier|[Gen 9 Champions] VGC 2026 Reg M-B (Bo3)\n|rated|\n|rule|Species Clause: Limit one of each Pokémon\n|rule|Item Clause: Limit 1 of each item\n|clearpoke\n|poke|p1|Sylveon, L50, F|\n|poke|p1|Venusaur, L50, M|\n|poke|p1|Charizard, L50, M|\n|poke|p1|Aerodactyl, L50, M|\n|poke|p1|Garchomp, L50, M|\n|poke|p1|Milotic, L50, F|\n|poke|p2|Floette-Eternal, L50, F|\n|poke|p2|Basculegion, L50, M|\n|poke|p2|Kingambit, L50, M|\n|poke|p2|Dragonite, L50, F|\n|poke|p2|Garchomp, L50, F|\n|poke|p2|Sneasler, L50, M|\n|teampreview|4\n|showteam|p1|Sylveon||FairyFeather|Pixilate|HyperVoice,HyperBeam,Protect,QuickAttack|Modest||F|||50|]Venusaur||MiracleSeed|Chlorophyll|SludgeBomb,GigaDrain,EarthPower,SleepPowder|Modest||M|||50|]Charizard||CharizarditeY|SolarPower|HeatWave,WeatherBall,SolarBeam,Protect|Modest||M|||50|]Aerodactyl||FocusSash|Pressure|DualWingbeat,WideGuard,Tailwind,RockSlide|Jolly||M|||50|]Garchomp||RoseliBerry|RoughSkin|Earthquake,RockSlide,DragonClaw,Protect|Jolly||M|||50|]Milotic||Leftovers|Competitive|IcyWind,Scald,LifeDew,Protect|Bold||F|||50|\n|showteam|p2|Floette-Eternal||Floettite|FlowerVeil|Moonblast,DazzlingGleam,LightofRuin,Protect|Timid||F|||50|]Basculegion||LifeOrb|Adaptability|WaveCrash,LastRespects,AquaJet,Protect|Adamant||M|||50|]Kingambit||ChopleBerry|Defiant|SuckerPunch,KowtowCleave,LowKick,IronHead|Adamant||M|||50|]Dragonite||Dragoninite|Multiscale|DragonPulse,HeatWave,ExtremeSpeed,Protect|Modest||F|||50|]Garchomp||ChoiceScarf|RoughSkin|DragonClaw,StompingTantrum,Earthquake,RockSlide|Adamant||F|||50|]Sneasler||FocusSash|PoisonTouch|CloseCombat,DireClaw,FakeOut,Feint|Jolly||M|||50|\n|l|☆pkmn Hayatoviski\n|player|p1|\n|j|☆pkmn Hayatoviski\n|player|p1|pkmn Hayatoviski|marlon|\n|l|☆rebeccaribena\n|player|p2|\n|l|☆pkmn Hayatoviski\n|player|p1|\n|j|☆rebeccaribena\n|player|p2|rebeccaribena|whitney|\n|inactive|Battle timer is ON: inactive players will automatically lose when time's up. (requested by rebeccaribena)\n|j|☆pkmn Hayatoviski\n|inactive|pkmn Hayatoviski reconnected and has 80 seconds left.\n|player|p1|pkmn Hayatoviski|marlon|\n|inactive|pkmn Hayatoviski has 60 seconds left.\n|\n|t:|1788219427\n|teamsize|p1|4\n|teamsize|p2|4\n|start\n|switch|p1a: Juro Veyr💅🏿|Milotic, L50, F|100/100\n|switch|p1b: GoatDactyl|Aerodactyl, L50, M|100/100\n|switch|p2a: Floette|Floette-Eternal, L50, F|100/100\n|switch|p2b: Sneasler|Sneasler, L50, M|100/100\n|-ability|p1b: GoatDactyl|Pressure\n|turn|1\n|inactive|rebeccaribena has 30 seconds left.\n|inactive|rebeccaribena has 20 seconds left.\n|\n|t:|1788219465\n|detailschange|p2a: Floette|Floette-Mega, L50, F\n|-mega|p2a: Floette|Floette|Floettite\n|-ability|p2a: Floette|Fairy Aura\n|move|p2b: Sneasler|Fake Out|p1b: GoatDactyl\n|-resisted|p1b: GoatDactyl|1\n|-damage|p1b: GoatDactyl|91/100\n|cant|p1b: GoatDactyl|flinch\n|move|p2a: Floette|Moonblast|p1b: GoatDactyl\n|-damage|p1b: GoatDactyl|0 fnt\n|faint|p1b: GoatDactyl\n|move|p1a: Juro Veyr💅🏿|Icy Wind|p2b: Sneasler|[spread] p2a,p2b\n|-damage|p2a: Floette|91/100\n|-damage|p2b: Sneasler|87/100\n|-unboost|p2a: Floette|spe|1\n|-unboost|p2b: Sneasler|spe|1\n|\n|upkeep\n|inactive|pkmn Hayatoviski has 30 seconds left.\n|\n|t:|1788219492\n|switch|p1b: KD minha ração?|Sylveon, L50, F|100/100\n|turn|2\n|inactive|rebeccaribena has 30 seconds left.\n|\n|t:|1788219519\n|switch|p2b: Garchomp|Garchomp, L50, F|100/100\n|move|p1a: Juro Veyr💅🏿|Scald|p2b: Garchomp\n|-damage|p2b: Garchomp|68/100\n|move|p2a: Floette|Moonblast|p1b: KD minha ração?\n|-damage|p1b: KD minha ração?|44/100\n|move|p1b: KD minha ração?|Hyper Voice|p2a: Floette|[spread] p2a,p2b\n|-supereffective|p2b: Garchomp|1\n|-damage|p2a: Floette|46/100\n|-damage|p2b: Garchomp|0 fnt\n|faint|p2b: Garchomp\n|\n|upkeep\n|\n|t:|1788219531\n|switch|p2b: Sneasler|Sneasler, L50, M|87/100\n|turn|3\n|\n|t:|1788219555\n|switch|p2a: Basculegion|Basculegion, L50, M|100/100\n|move|p1a: Juro Veyr💅🏿|Protect|p1a: Juro Veyr💅🏿\n|-singleturn|p1a: Juro Veyr💅🏿|Protect\n|move|p1b: KD minha ração?|Protect|p1b: KD minha ração?\n|-singleturn|p1b: KD minha ração?|Protect\n|move|p2b: Sneasler|Dire Claw|p1b: KD minha ração?\n|-activate|p1b: KD minha ração?|move: Protect\n|\n|upkeep\n|turn|4\n|\n|t:|1788219575\n|move|p2b: Sneasler|Dire Claw|p1a: Juro Veyr💅🏿\n|-damage|p1a: Juro Veyr💅🏿|75/100\n|move|p1a: Juro Veyr💅🏿|Scald|p2b: Sneasler\n|-damage|p2b: Sneasler|50/100g\n|move|p2a: Basculegion|Last Respects|p1b: KD minha ração?\n|-damage|p1b: KD minha ração?|0 fnt\n|faint|p1b: KD minha ração?\n|-damage|p2a: Basculegion|90/100|[from] item: Life Orb\n|\n|-heal|p1a: Juro Veyr💅🏿|81/100|[from] item: Leftovers\n|upkeep\n|\n|t:|1788219589\n|switch|p1b: Tututubarão-nareia|Garchomp, L50, M|100/100\n|turn|5\n|inactive|rebeccaribena has 30 seconds left.\n|inactive|rebeccaribena has 20 seconds left.\n|\n|t:|1788219628\n|move|p1a: Juro Veyr💅🏿|Protect|p1a: Juro Veyr💅🏿\n|-singleturn|p1a: Juro Veyr💅🏿|Protect\n|move|p2b: Sneasler|Feint|p1b: Tututubarão-nareia\n|-damage|p1b: Tututubarão-nareia|91/100\n|move|p1b: Tututubarão-nareia|Earthquake|p2b: Sneasler|[spread] p2a,p2b\n|-activate|p1a: Juro Veyr💅🏿|move: Protect\n|-supereffective|p2b: Sneasler|1\n|-damage|p2a: Basculegion|35/100\n|-damage|p2b: Sneasler|0 fnt\n|faint|p2b: Sneasler\n|move|p2a: Basculegion|Wave Crash|p1b: Tututubarão-nareia\n|-damage|p1b: Tututubarão-nareia|8/100\n|-damage|p2a: Basculegion|23/100|[from] ability: Rough Skin|[of] p1b: Tututubarão-nareia\n|-damage|p2a: Basculegion|0 fnt|[from] Recoil\n|faint|p2a: Basculegion\n|\n|-heal|p1a: Juro Veyr💅🏿|87/100|[from] item: Leftovers\n|upkeep\n|\n|t:|1788219646\n|switch|p2a: Floette|Floette-Mega, L50, F|46/100\n|-ability|p2a: Floette|Fairy Aura\n|turn|6\n|\n|t:|1788219657\n|move|p1b: Tututubarão-nareia|Protect|p1b: Tututubarão-nareia\n|-singleturn|p1b: Tututubarão-nareia|Protect\n|move|p2a: Floette|Dazzling Gleam|p1a: Juro Veyr💅🏿|[spread] p1a\n|-activate|p1b: Tututubarão-nareia|move: Protect\n|-damage|p1a: Juro Veyr💅🏿|56/100\n|move|p1a: Juro Veyr💅🏿|Life Dew|p1a: Juro Veyr💅🏿|[spread] p1a,p1b\n|-heal|p1a: Juro Veyr💅🏿|81/100\n|-heal|p1b: Tututubarão-nareia|33/100\n|\n|-heal|p1a: Juro Veyr💅🏿|87/100|[from] item: Leftovers\n|upkeep\n|turn|7\n|\n|t:|1788219681\n|move|p1b: Tututubarão-nareia|Earthquake|p2a: Floette|[spread] p1a,p2a\n|-damage|p1a: Juro Veyr💅🏿|56/100\n|-damage|p2a: Floette|0 fnt\n|faint|p2a: Floette\n|\n|win|pkmn Hayatoviski\n","uploadtime":1788219687,"views":"2","formatid":"gen9championsvgc2026regmbbo3","rating":null,"private":0,"password":null}