{"id":"gen9championsvgc2026regmb-2674562435","format":"[Gen 9 Champions] VGC 2026 Reg M-B","players":["quick222","Smoggy__"],"log":"|j|☆quick222\n|j|☆Smoggy__\n|html|<table width=\"100%\"><tr><td align=\"left\">quick222</td><td align=\"right\">Smoggy__</tr><tr><td align=\"left\"><i class=\"fa fa-circle\"></i> <i class=\"fa fa-circle-o\"></i> </td><td align=\"right\"><i class=\"fa fa-circle-o\"></i> <i class=\"fa fa-circle\"></i> </tr></table>\n|uhtml|bestof|<h2><strong>Game 3</strong> of <a href=\"/game-bestof3-gen9championsvgc2026regmb-2674557908\">a best-of-3</a></h2>\n|t:|1788374243\n|gametype|doubles\n|player|p1|quick222|roxanne-gen6|\n|player|p2|Smoggy__|wallace|\n|gen|9\n|tier|[Gen 9 Champions] VGC 2026 Reg M-B\n|rule|Species Clause: Limit one of each Pokémon\n|rule|Item Clause: Limit 1 of each item\n|raw|<div class=\"infobox\"><details class=\"readmore\" open><summary><strong>1 custom rule:</strong></summary> Best of = 3</details></div>\n|clearpoke\n|poke|p1|Blaziken, L50, F|\n|poke|p1|Kingambit, L50, M|\n|poke|p1|Aerodactyl, L50, M|\n|poke|p1|Tinkaton, L50, F|\n|poke|p1|Gourgeist-Super, L50, M|\n|poke|p1|Pikachu, L50, F|\n|poke|p2|Ceruledge, L50, F|\n|poke|p2|Medicham, L50, F|\n|poke|p2|Primarina, L50, F|\n|poke|p2|Scizor, L50, M|\n|poke|p2|Hydreigon, L50, M|\n|poke|p2|Heliolisk, L50, M|\n|teampreview|4\n|j| sten_aap\n|c| sten_aap|should have gained stab for hammer\nquick222 rejected open team sheets.\n|\n|t:|1788374390\n|teamsize|p1|4\n|teamsize|p2|4\n|start\n|switch|p1a: Tinkaton|Tinkaton, L50, F|100/100\n|switch|p1b: Pikachu|Pikachu, L50, F|100/100\n|switch|p2a: Amethyst|Medicham, L50, F|100/100\n|switch|p2b: Aquamarine|Primarina, L50, F|100/100\n|-ability|p1a: Tinkaton|Mold Breaker\n|turn|1\n|\n|t:|1788374479\n|move|p2b: Aquamarine|Protect|p2b: Aquamarine\n|-singleturn|p2b: Aquamarine|Protect\n|move|p1a: Tinkaton|Fake Out|p2a: Amethyst\n|-damage|p2a: Amethyst|81/100\n|cant|p2a: Amethyst|flinch\n|move|p1b: Pikachu|Nuzzle|p2b: Aquamarine\n|-activate|p2b: Aquamarine|move: Protect\n|\n|upkeep\n|turn|2\n|\n|t:|1788374499\n|switch|p2b: Citrine|Heliolisk, L50, M|100/100\n|move|p1a: Tinkaton|Gigaton Hammer|p2a: Amethyst\n|-damage|p2a: Amethyst|0 fnt\n|faint|p2a: Amethyst\n|move|p1b: Pikachu|Volt Tackle|p2b: Citrine\n|-resisted|p2b: Citrine|1\n|-damage|p2b: Citrine|41/100\n|-damage|p1b: Pikachu|73/100|[from] Recoil\n|\n|upkeep\n|\n|t:|1788374514\n|switch|p2a: Tanzanite|Ceruledge, L50, F|100/100\n|turn|3\n|\n|t:|1788374537\n|switch|p1b: Gourgeist|Gourgeist-Super, L50, M|100/100\n|-item|p2a: Tanzanite|Colbur Berry|[from] ability: Frisk|[of] p1b: Gourgeist\n|-item|p2b: Citrine|Wide Lens|[from] ability: Frisk|[of] p1b: Gourgeist\n|move|p2b: Citrine|Electroweb|p1b: Gourgeist|[spread] p1a,p1b\n|-resisted|p1b: Gourgeist|1\n|-damage|p1a: Tinkaton|83/100\n|-damage|p1b: Gourgeist|92/100\n|-unboost|p1a: Tinkaton|spe|1\n|-unboost|p1b: Gourgeist|spe|1\n|move|p2a: Tanzanite|Bitter Blade|p1b: Gourgeist\n|-supereffective|p1b: Gourgeist|1\n|-damage|p1b: Gourgeist|7/100\n|move|p1a: Tinkaton|Foul Play|p2a: Tanzanite\n|-supereffective|p2a: Tanzanite|1\n|-enditem|p2a: Tanzanite|Colbur Berry|[eat]\n|-enditem|p2a: Tanzanite|Colbur Berry|[weaken]\n|-damage|p2a: Tanzanite|64/100\n|\n|upkeep\n|turn|4\n|j| blindfishptsd\n|\n|t:|1788374646\n|move|p1b: Gourgeist|Ally Switch|p1b: Gourgeist\n|swap|p1b: Gourgeist|0|[from] move: Ally Switch\n|move|p2b: Citrine|Electroweb|p1a: Gourgeist|[spread] p1a,p1b\n|-resisted|p1a: Gourgeist|1\n|-damage|p1a: Gourgeist|0 fnt\n|-damage|p1b: Tinkaton|66/100\n|-unboost|p1b: Tinkaton|spe|1\n|faint|p1a: Gourgeist\n|move|p2a: Tanzanite|Bitter Blade|p1b: Tinkaton\n|-supereffective|p1b: Tinkaton|1\n|-damage|p1b: Tinkaton|0 fnt\n|-heal|p2a: Tanzanite|95/100|[from] drain|[of] p1b: Tinkaton\n|faint|p1b: Tinkaton\n|\n|upkeep\n|\n|t:|1788374654\n|switch|p1b: Pikachu|Pikachu, L50, F|73/100\n|switch|p1a: Kingambit|Kingambit, L50, M|100/100\n|turn|5\n|\n|t:|1788374705\n|move|p2b: Citrine|Ally Switch|p2b: Citrine\n|swap|p2b: Citrine|0|[from] move: Ally Switch\n|move|p1a: Kingambit|Sucker Punch||[still]\n|-fail|p1a: Kingambit\n|move|p1b: Pikachu|Volt Tackle|p2a: Citrine\n|-resisted|p2a: Citrine|1\n|-damage|p2a: Citrine|0 fnt\n|faint|p2a: Citrine\n|-damage|p1b: Pikachu|55/100|[from] Recoil\n|move|p2b: Tanzanite|Bitter Blade|p1b: Pikachu\n|-damage|p1b: Pikachu|0 fnt\n|-heal|p2b: Tanzanite|100/100|[from] drain|[of] p1b: Pikachu\n|faint|p1b: Pikachu\n|\n|upkeep\n|c|☆quick222|oh\n|\n|t:|1788374718\n|switch|p2a: Aquamarine|Primarina, L50, F|100/100\n|turn|6\n|\n|t:|1788374752\n|move|p2b: Tanzanite|Shadow Sneak|p1a: Kingambit\n|-resisted|p1a: Kingambit|1\n|-damage|p1a: Kingambit|91/100\n|move|p1a: Kingambit|Sucker Punch||[still]\n|-fail|p1a: Kingambit\n|move|p2a: Aquamarine|Moonblast|p1a: Kingambit\n|-damage|p1a: Kingambit|49/100\n|-enditem|p1a: Kingambit|Sitrus Berry|[eat]\n|-heal|p1a: Kingambit|74/100|[from] item: Sitrus Berry\n|\n|upkeep\n|turn|7\n|\n|t:|1788374801\n|move|p2b: Tanzanite|Protect|p2b: Tanzanite\n|-singleturn|p2b: Tanzanite|Protect\n|move|p1a: Kingambit|Sucker Punch||[still]\n|-fail|p1a: Kingambit\n|move|p2a: Aquamarine|Moonblast|p1a: Kingambit\n|-damage|p1a: Kingambit|27/100\n|-unboost|p1a: Kingambit|spa|1\n|-ability|p1a: Kingambit|Defiant|boost\n|-boost|p1a: Kingambit|atk|2\n|\n|upkeep\n|turn|8\n|\n|t:|1788374816\n|move|p2b: Tanzanite|Bitter Blade|p1a: Kingambit\n|-supereffective|p1a: Kingambit|1\n|-damage|p1a: Kingambit|0 fnt\n|faint|p1a: Kingambit\n|\n|win|Smoggy__\n|c|☆Smoggy__|gg\n|c|☆quick222|ggs\n|l|☆quick222\n|player|p1|\n","uploadtime":1788374869,"views":"17","formatid":"gen9championsvgc2026regmb","rating":null,"private":0,"password":null}