{"id":"gen9championsvgc2026regmbbo3-2674873255","format":"[Gen 9 Champions] VGC 2026 Reg M-B (Bo3)","players":["humania1","nwalesu"],"log":"|j|☆humania1\n|j|☆nwalesu\n|html|<table width=\"100%\"><tr><td align=\"left\">humania1</td><td align=\"right\">nwalesu</tr><tr><td align=\"left\"><i class=\"fa fa-circle\"></i> <i class=\"fa fa-circle-o\"></i> </td><td align=\"right\"><i class=\"fa fa-circle-o\"></i> <i class=\"fa fa-circle-o\"></i> </tr></table>\n|uhtml|bestof|<h2><strong>Game 2</strong> of <a href=\"/game-bestof3-gen9championsvgc2026regmbbo3-2674872447\">a best-of-3</a></h2>\n|t:|1788426325\n|gametype|doubles\n|player|p1|humania1|265|1059\n|player|p2|nwalesu|2|1057\n|gen|9\n|tier|[Gen 9 Champions] VGC 2026 Reg M-B (Bo3)\n|rated|\n|rule|Species Clause: Limit one of each Pokémon\n|rule|Item Clause: Limit 1 of each item\n|clearpoke\n|poke|p1|Charizard, L50, F|\n|poke|p1|Whimsicott, L50, F|\n|poke|p1|Basculegion, L50, M|\n|poke|p1|Farigiraf, L50, F|\n|poke|p1|Kangaskhan, L50, F|\n|poke|p1|Sneasler, L50, M|\n|poke|p2|Staraptor, L50, M|\n|poke|p2|Incineroar, L50, M|\n|poke|p2|Whimsicott, L50, M|\n|poke|p2|Mamoswine, L50, M|\n|poke|p2|Gholdengo, L50|\n|poke|p2|Swampert, L50, F|\n|teampreview|4\n|showteam|p1|Charizard||CharizarditeY|SolarPower|WeatherBall,HeatWave,SolarBeam,Protect|Timid||F|||50|]Whimsicott||FocusSash|Prankster|Moonblast,Tailwind,SunnyDay,Encore|Timid||F|||50|]Basculegion||ChoiceScarf|Adaptability|WaveCrash,AquaJet,LastRespects,FlipTurn|Adamant||M|||50|]Farigiraf||SitrusBerry|ArmorTail|Psychic,HyperVoice,HelpingHand,TrickRoom|Modest||F|||50|]Kangaskhan||Kangaskhanite|Scrappy|FakeOut,DoubleEdge,DrainPunch,SuckerPunch|Adamant||F|||50|]Sneasler||WhiteHerb|Unburden|FakeOut,CloseCombat,DireClaw,RockTomb|Adamant||M|||50|\n|showteam|p2|Staraptor||Staraptite|Intimidate|BraveBird,CloseCombat,Tailwind,Protect|Jolly||M|||50|]Incineroar||PasshoBerry|Intimidate|FakeOut,FlareBlitz,PartingShot,Taunt|Impish||M|||50|]Whimsicott||FocusSash|Prankster|Tailwind,EnergyBall,Moonblast,Tickle|Modest||M|||50|]Mamoswine||LifeOrb|Oblivious|HighHorsepower,IceShard,IcicleCrash,Protect|Adamant||M|||50|]Gholdengo||MetalCoat|GoodasGold|MakeItRain,ShadowBall,Protect,NastyPlot|Modest|||||50|]Swampert||RindoBerry|Torrent|WideGuard,IcyWind,StoneEdge,MirrorCoat|Careful||F|||50|\n|inactive|Battle timer is ON: inactive players will automatically lose when time's up. (requested by humania1)\n|\n|t:|1788426331\n|teamsize|p1|4\n|teamsize|p2|4\n|start\n|switch|p1a: Charizard|Charizard, L50, F|100/100\n|switch|p1b: Basculegion|Basculegion, L50, M|100/100\n|switch|p2a: Whimsicott|Whimsicott, L50, M|100/100\n|switch|p2b: Swampert|Swampert, L50, F|100/100\n|turn|1\n|\n|t:|1788426354\n|switch|p2a: Incineroar|Incineroar, L50, M|100/100\n|-ability|p2a: Incineroar|Intimidate|boost\n|-unboost|p1a: Charizard|atk|1\n|-unboost|p1b: Basculegion|atk|1\n|detailschange|p1a: Charizard|Charizard-Mega-Y, L50, F\n|-mega|p1a: Charizard|Charizard|Charizardite Y\n|-weather|SunnyDay|[from] ability: Drought|[of] p1a: Charizard\n|move|p1b: Basculegion|Last Respects|p2a: Incineroar\n|-resisted|p2a: Incineroar|1\n|-crit|p2a: Incineroar\n|-damage|p2a: Incineroar|81/100\n|move|p1a: Charizard|Heat Wave|p2b: Swampert|[spread] p2b\n|-miss|p1a: Charizard|p2a: Incineroar\n|-resisted|p2b: Swampert|1\n|-damage|p2b: Swampert|77/100\n|move|p2b: Swampert|Stone Edge|p1a: Charizard\n|-supereffective|p1a: Charizard|2\n|-damage|p1a: Charizard|0 fnt\n|faint|p1a: Charizard\n|\n|-weather|SunnyDay|[upkeep]\n|upkeep\n|\n|t:|1788426354\n|switch|p1a: Sneasler|Sneasler, L50, M|100/100\n|turn|2\n|inactive|nwalesu has 30 seconds left.\n|inactive|nwalesu has 20 seconds left.\n|inactive|nwalesu has 15 seconds left.\n|inactive|nwalesu has 10 seconds left.\n|\n|t:|1788426401\n|move|p2a: Incineroar|Fake Out|p1a: Sneasler\n|-damage|p1a: Sneasler|80/100\n|move|p1b: Basculegion|Last Respects|p2b: Swampert\n|-damage|p2b: Swampert|32/100\n|cant|p1a: Sneasler|flinch\n|move|p2b: Swampert|Icy Wind|p1b: Basculegion|[spread] p1a,p1b\n|-resisted|p1b: Basculegion|1\n|-damage|p1a: Sneasler|70/100\n|-damage|p1b: Basculegion|95/100\n|-unboost|p1a: Sneasler|spe|1\n|-unboost|p1b: Basculegion|spe|1\n|-enditem|p1a: Sneasler|White Herb\n|-clearnegativeboost|p1a: Sneasler|[silent]\n|\n|-weather|SunnyDay|[upkeep]\n|upkeep\n|turn|3\n|\n|t:|1788426418\n|switch|p2b: Staraptor|Staraptor, L50, M|100/100\n|-ability|p2b: Staraptor|Intimidate|boost\n|-unboost|p1a: Sneasler|atk|1\n|-unboost|p1b: Basculegion|atk|1\n|switch|p2a: Whimsicott|Whimsicott, L50, M|100/100\n|move|p1a: Sneasler|Close Combat|p2a: Whimsicott\n|-resisted|p2a: Whimsicott|1\n|-damage|p2a: Whimsicott|67/100\n|-unboost|p1a: Sneasler|def|1\n|-unboost|p1a: Sneasler|spd|1\n|move|p1b: Basculegion|Last Respects|p2b: Staraptor\n|-immune|p2b: Staraptor\n|\n|-weather|SunnyDay|[upkeep]\n|upkeep\n|turn|4\n|\n|t:|1788426437\n|switch|p1b: Farigiraf|Farigiraf, L50, F|100/100\n|detailschange|p2b: Staraptor|Staraptor-Mega, L50, M\n|-mega|p2b: Staraptor|Staraptor|Staraptite\n|move|p2a: Whimsicott|Tailwind|p2a: Whimsicott\n|-sidestart|p2: nwalesu|move: Tailwind\n|move|p2b: Staraptor|Close Combat|p1a: Sneasler\n|-resisted|p1a: Sneasler|1\n|-damage|p1a: Sneasler|0 fnt\n|-boost|p2b: Staraptor|def|1\n|-boost|p2b: Staraptor|spd|1\n|faint|p1a: Sneasler\n|\n|-weather|SunnyDay|[upkeep]\n|upkeep\n|\n|t:|1788426437\n|switch|p1a: Basculegion|Basculegion, L50, M|95/100\n|turn|5\n|\n|t:|1788426450\n|move|p2b: Staraptor|Close Combat|p1b: Farigiraf\n|-damage|p1b: Farigiraf|27/100\n|-boost|p2b: Staraptor|def|1\n|-boost|p2b: Staraptor|spd|1\n|-enditem|p1b: Farigiraf|Sitrus Berry|[eat]\n|-heal|p1b: Farigiraf|52/100|[from] item: Sitrus Berry\n|move|p2a: Whimsicott|Moonblast|p1b: Farigiraf\n|-damage|p1b: Farigiraf|20/100y\n|move|p1a: Basculegion|Last Respects|p2a: Whimsicott\n|-damage|p2a: Whimsicott|0 fnt\n|faint|p2a: Whimsicott\n|move|p1b: Farigiraf|Psychic|p2b: Staraptor\n|-supereffective|p2b: Staraptor|1\n|-damage|p2b: Staraptor|54/100\n|\n|-weather|none\n|upkeep\n|\n|t:|1788426461\n|switch|p2a: Incineroar|Incineroar, L50, M|81/100\n|-ability|p2a: Incineroar|Intimidate|boost\n|-unboost|p1a: Basculegion|atk|1\n|-unboost|p1b: Farigiraf|atk|1\n|turn|6\n|\n|t:|1788426468\n|move|p2b: Staraptor|Brave Bird|p1a: Basculegion\n|-damage|p1a: Basculegion|16/100\n|-damage|p2b: Staraptor|23/100|[from] Recoil\n|move|p1a: Basculegion|Last Respects|p2a: Incineroar\n|-resisted|p2a: Incineroar|1\n|-damage|p2a: Incineroar|52/100\n|move|p2a: Incineroar|Flare Blitz|p1b: Farigiraf\n|-damage|p1b: Farigiraf|0 fnt\n|faint|p1b: Farigiraf\n|-damage|p2a: Incineroar|45/100|[from] Recoil\n|\n|upkeep\n|turn|7\n|\n|t:|1788426472\n|move|p2b: Staraptor|Protect|p2b: Staraptor\n|-singleturn|p2b: Staraptor|Protect\n|move|p1a: Basculegion|Last Respects|p2b: Staraptor\n|-activate|p2b: Staraptor|move: Protect\n|move|p2a: Incineroar|Flare Blitz|p1a: Basculegion\n|-resisted|p1a: Basculegion|1\n|-damage|p1a: Basculegion|0 fnt\n|faint|p1a: Basculegion\n|-damage|p2a: Incineroar|40/100|[from] Recoil\n|\n|win|nwalesu\n","uploadtime":1788426473,"views":"1","formatid":"gen9championsvgc2026regmbbo3","rating":null,"private":0,"password":null}