{"id":"gen9championsvgc2026regmbbo3-2673797404","format":"[Gen 9 Champions] VGC 2026 Reg M-B (Bo3)","players":["plsbringregi","Jorge Saltamontes"],"log":"|j|☆plsbringregi\n|j|☆Jorge Saltamontes\n|html|<table width=\"100%\"><tr><td align=\"left\">plsbringregi</td><td align=\"right\">Jorge Saltamontes</tr><tr><td align=\"left\"><i class=\"fa fa-circle\"></i> <i class=\"fa fa-circle-o\"></i> </td><td align=\"right\"><i class=\"fa fa-circle-o\"></i> <i class=\"fa fa-circle\"></i> </tr></table>\n|uhtml|bestof|<h2><strong>Game 3</strong> of <a href=\"/game-bestof3-gen9championsvgc2026regmbbo3-2673794012\">a best-of-3</a></h2>\n|t:|1788258857\n|gametype|doubles\n|player|p1|plsbringregi|266|1503\n|player|p2|Jorge Saltamontes|marshal|1459\n|gen|9\n|tier|[Gen 9 Champions] VGC 2026 Reg M-B (Bo3)\n|rated|\n|rule|Species Clause: Limit one of each Pokémon\n|rule|Item Clause: Limit 1 of each item\n|clearpoke\n|poke|p1|Dragonite, L50, M|\n|poke|p1|Sneasler, L50, F|\n|poke|p1|Sinistcha, L50|\n|poke|p1|Incineroar, L50, M|\n|poke|p1|Floette-Eternal, L50, F|\n|poke|p1|Gholdengo, L50|\n|poke|p2|Charizard, L50, F|\n|poke|p2|Sylveon, L50, M|\n|poke|p2|Garchomp, L50, F|\n|poke|p2|Venusaur, L50, M|\n|poke|p2|Incineroar, L50, M|\n|poke|p2|Toxapex, L50, M|\n|teampreview|4\n|showteam|p1|Dragonite||Dragoninite|Multiscale|DragonPulse,HeatWave,Thunderbolt,Protect|Modest||M|||50|]Sneasler||FocusSash|PoisonTouch|PoisonJab,CloseCombat,RockSlide,FakeOut|Jolly||F|||50|]Sinistcha||KasibBerry|Hospitality|MatchaGotcha,RagePowder,TrickRoom,Protect|Relaxed|||||50|]Incineroar||SitrusBerry|Intimidate|FlareBlitz,ThroatChop,PartingShot,FakeOut|Careful||M|||50|]Floette-Eternal||Floettite|FlowerVeil|DazzlingGleam,Moonblast,CalmMind,Protect|Modest||F|||50|]Gholdengo||LifeOrb|GoodasGold|MakeItRain,ShadowBall,NastyPlot,Protect|Modest|||||50|\n|showteam|p2|Charizard||CharizarditeY|Blaze|WeatherBall,HeatWave,AncientPower,Protect|Modest||F|||50|]Sylveon||FairyFeather|Pixilate|HyperVoice,QuickAttack,Yawn,Detect|Modest||M|||50|]Garchomp||ChoiceScarf|RoughSkin|RockSlide,DragonClaw,Earthquake,StompingTantrum|Adamant||F|||50|]Venusaur||LifeOrb|Chlorophyll|SludgeBomb,LeafStorm,EarthPower,Protect|Modest||M|||50|]Incineroar||SitrusBerry|Intimidate|FlareBlitz,FakeOut,DarkestLariat,PartingShot|Impish||M|||50|]Toxapex||Leftovers|Regenerator|Infestation,Toxic,WideGuard,BanefulBunker|Bold||M|||50|\n|inactive|Battle timer is ON: inactive players will automatically lose when time's up. (requested by Jorge Saltamontes)\n|\n|t:|1788258901\n|teamsize|p1|4\n|teamsize|p2|4\n|start\n|switch|p1a: Dragonite|Dragonite, L50, M|100/100\n|switch|p1b: Incineroar|Incineroar, L50, M|100/100\n|switch|p2a: Incineroar|Incineroar, L50, M|100/100\n|switch|p2b: Sylveon|Sylveon, L50, M|100/100\n|-ability|p1b: Incineroar|Intimidate|boost\n|-unboost|p2a: Incineroar|atk|1\n|-unboost|p2b: Sylveon|atk|1\n|-ability|p2a: Incineroar|Intimidate|boost\n|-unboost|p1a: Dragonite|atk|1\n|-unboost|p1b: Incineroar|atk|1\n|turn|1\n|\n|t:|1788258923\n|switch|p1a: Sneasler|Sneasler, L50, F|100/100\n|move|p1b: Incineroar|Fake Out|p2b: Sylveon\n|-damage|p2b: Sylveon|93/100\n|move|p2a: Incineroar|Fake Out|p1a: Sneasler\n|-damage|p1a: Sneasler|87/100\n|cant|p2b: Sylveon|flinch\n|\n|upkeep\n|turn|2\n|\n|t:|1788258939\n|switch|p2a: Toxapex|Toxapex, L50, M|100/100\n|move|p2b: Sylveon|Detect|p2b: Sylveon\n|-singleturn|p2b: Sylveon|Protect\n|move|p1a: Sneasler|Close Combat|p2a: Toxapex\n|-resisted|p2a: Toxapex|1\n|-damage|p2a: Toxapex|80/100\n|-unboost|p1a: Sneasler|def|1\n|-unboost|p1a: Sneasler|spd|1\n|move|p1b: Incineroar|Parting Shot|p2b: Sylveon\n|-activate|p2b: Sylveon|move: Protect\n|\n|-heal|p2a: Toxapex|85/100|[from] item: Leftovers\n|upkeep\n|turn|3\n|\n|t:|1788258955\n|switch|p2b: Incineroar|Incineroar, L50, M|100/100\n|-ability|p2b: Incineroar|Intimidate|boost\n|-unboost|p1a: Sneasler|atk|1\n|-unboost|p1b: Incineroar|atk|1\n|move|p1a: Sneasler|Poison Jab|p2b: Incineroar\n|-damage|p2b: Incineroar|77/100\n|-status|p2b: Incineroar|psn\n|move|p1b: Incineroar|Parting Shot|p2b: Incineroar\n|-unboost|p2b: Incineroar|atk|1\n|-unboost|p2b: Incineroar|spa|1\n|\n|t:|1788258964\n|switch|p1b: Gholdengo|Gholdengo, L50|100/100|[from] Parting Shot\n|move|p2a: Toxapex|Infestation|p1a: Sneasler\n|-resisted|p1a: Sneasler|2\n|-damage|p1a: Sneasler|85/100\n|-activate|p1a: Sneasler|move: Infestation|[of] p2a: Toxapex\n|\n|-heal|p2a: Toxapex|91/100|[from] item: Leftovers\n|-damage|p2b: Incineroar|64/100 psn|[from] psn\n|-damage|p1a: Sneasler|73/100|[from] move: Infestation|[partiallytrapped]\n|upkeep\n|turn|4\n|\n|t:|1788258983\n|move|p1b: Gholdengo|Protect|p1b: Gholdengo\n|-singleturn|p1b: Gholdengo|Protect\n|move|p1a: Sneasler|Close Combat|p2b: Incineroar\n|-supereffective|p2b: Incineroar|1\n|-damage|p2b: Incineroar|7/100 psn\n|-unboost|p1a: Sneasler|def|1\n|-unboost|p1a: Sneasler|spd|1\n|-enditem|p2b: Incineroar|Sitrus Berry|[eat]\n|-heal|p2b: Incineroar|32/100 psn|[from] item: Sitrus Berry\n|move|p2b: Incineroar|Flare Blitz|p1b: Gholdengo\n|-activate|p1b: Gholdengo|move: Protect\n|move|p2a: Toxapex|Infestation|p1b: Gholdengo\n|-activate|p1b: Gholdengo|move: Protect\n|\n|-heal|p2a: Toxapex|97/100|[from] item: Leftovers\n|-damage|p2b: Incineroar|19/100 psn|[from] psn\n|-damage|p1a: Sneasler|61/100|[from] move: Infestation|[partiallytrapped]\n|upkeep\n|turn|5\n|\n|t:|1788258997\n|move|p1a: Sneasler|Close Combat|p2b: Incineroar\n|-supereffective|p2b: Incineroar|1\n|-damage|p2b: Incineroar|0 fnt\n|-unboost|p1a: Sneasler|def|1\n|-unboost|p1a: Sneasler|spd|1\n|faint|p2b: Incineroar\n|move|p1b: Gholdengo|Nasty Plot|p1b: Gholdengo\n|-boost|p1b: Gholdengo|spa|2\n|move|p2a: Toxapex|Infestation|p1b: Gholdengo\n|-resisted|p1b: Gholdengo|2\n|-damage|p1b: Gholdengo|99/100\n|-activate|p1b: Gholdengo|move: Infestation|[of] p2a: Toxapex\n|\n|-heal|p2a: Toxapex|100/100|[from] item: Leftovers\n|-damage|p1a: Sneasler|49/100|[from] move: Infestation|[partiallytrapped]\n|-damage|p1b: Gholdengo|86/100|[from] move: Infestation|[partiallytrapped]\n|upkeep\n|\n|t:|1788259000\n|switch|p2b: Charizard|Charizard, L50, F|100/100\n|turn|6\n|\n|t:|1788259007\n|detailschange|p2b: Charizard|Charizard-Mega-Y, L50, F\n|-mega|p2b: Charizard|Charizard|Charizardite Y\n|-weather|SunnyDay|[from] ability: Drought|[of] p2b: Charizard\n|move|p2a: Toxapex|Wide Guard|p2a: Toxapex\n|-singleturn|p2a: Toxapex|Wide Guard\n|move|p1a: Sneasler|Poison Jab|p2b: Charizard\n|-damage|p2b: Charizard|71/100\n|move|p2b: Charizard|Heat Wave|p1a: Sneasler|[spread] p1a\n|-miss|p2b: Charizard|p1b: Gholdengo\n|-damage|p1a: Sneasler|0 fnt\n|faint|p1a: Sneasler\n|move|p1b: Gholdengo|Shadow Ball|p2b: Charizard\n|-damage|p2b: Charizard|0 fnt\n|faint|p2b: Charizard\n|-damage|p1b: Gholdengo|77/100|[from] item: Life Orb\n|\n|-weather|SunnyDay|[upkeep]\n|-damage|p1b: Gholdengo|65/100|[from] move: Infestation|[partiallytrapped]\n|upkeep\n|inactive|Jorge Saltamontes has 30 seconds left.\n|\n|t:|1788259041\n|switch|p1a: Incineroar|Incineroar, L50, M|100/100\n|switch|p2b: Sylveon|Sylveon, L50, M|93/100\n|-ability|p1a: Incineroar|Intimidate|boost\n|-unboost|p2a: Toxapex|atk|1\n|-unboost|p2b: Sylveon|atk|1\n|turn|7\n|\n|t:|1788259064\n|move|p2b: Sylveon|Detect|p2b: Sylveon\n|-singleturn|p2b: Sylveon|Protect\n|move|p1b: Gholdengo|Shadow Ball|p2a: Toxapex\n|-damage|p2a: Toxapex|15/100\n|-unboost|p2a: Toxapex|spd|1\n|-damage|p1b: Gholdengo|55/100|[from] item: Life Orb\n|move|p1a: Incineroar|Flare Blitz|p2b: Sylveon\n|-activate|p2b: Sylveon|move: Protect\n|move|p2a: Toxapex|Toxic|p1a: Incineroar\n|-status|p1a: Incineroar|tox\n|\n|-weather|SunnyDay|[upkeep]\n|-heal|p2a: Toxapex|21/100|[from] item: Leftovers\n|-damage|p1a: Incineroar|94/100 tox|[from] psn\n|-damage|p1b: Gholdengo|43/100|[from] move: Infestation|[partiallytrapped]\n|upkeep\n|turn|8\n|\n|t:|1788259075\n|move|p2a: Toxapex|Wide Guard|p2a: Toxapex\n|-singleturn|p2a: Toxapex|Wide Guard\n|move|p1b: Gholdengo|Shadow Ball|p2b: Sylveon\n|-damage|p2b: Sylveon|6/100\n|-unboost|p2b: Sylveon|spd|1\n|-damage|p1b: Gholdengo|33/100|[from] item: Life Orb\n|move|p1a: Incineroar|Throat Chop|p2a: Toxapex\n|-damage|p2a: Toxapex|1/100\n|-start|p2a: Toxapex|Throat Chop|[silent]\n|move|p2b: Sylveon|Hyper Voice|p1a: Incineroar|[spread] p1a,p1b\n|-resisted|p1b: Gholdengo|1\n|-damage|p1a: Incineroar|62/100 tox\n|-damage|p1b: Gholdengo|7/100\n|\n|-weather|SunnyDay|[upkeep]\n|-heal|p2a: Toxapex|7/100|[from] item: Leftovers\n|-damage|p1a: Incineroar|50/100g tox|[from] psn\n|-damage|p1b: Gholdengo|0 fnt|[from] move: Infestation|[partiallytrapped]\n|faint|p1b: Gholdengo\n|upkeep\n|\n|t:|1788259077\n|switch|p1b: Dragonite|Dragonite, L50, M|100/100\n|turn|9\n|\n|t:|1788259100\n|detailschange|p1b: Dragonite|Dragonite-Mega, L50, M\n|-mega|p1b: Dragonite|Dragonite|Dragoninite\n|move|p2b: Sylveon|Detect|p2b: Sylveon\n|-singleturn|p2b: Sylveon|Protect\n|move|p1b: Dragonite|Thunderbolt|p2a: Toxapex\n|-supereffective|p2a: Toxapex|1\n|-damage|p2a: Toxapex|0 fnt\n|faint|p2a: Toxapex\n|move|p1a: Incineroar|Flare Blitz|p2b: Sylveon\n|-activate|p2b: Sylveon|move: Protect\n|\n|-weather|SunnyDay|[upkeep]\n|-damage|p1a: Incineroar|33/100 tox|[from] psn\n|upkeep\n|-enditem|p1a: Incineroar|Sitrus Berry|[eat]\n|-heal|p1a: Incineroar|57/100 tox|[from] item: Sitrus Berry\n|turn|10\n|\n|t:|1788259109\n|move|p1b: Dragonite|Thunderbolt|p2b: Sylveon\n|-damage|p2b: Sylveon|0 fnt\n|faint|p2b: Sylveon\n|\n|win|plsbringregi\n","uploadtime":1788258862,"views":"2","formatid":"gen9championsvgc2026regmbbo3","rating":null,"private":0,"password":null}