{"id":"gen9championsvgc2026regmb-2674724635","format":"[Gen 9 Champions] VGC 2026 Reg M-B","players":["sulfricsun","Alexstar55"],"log":"|j|☆sulfricsun\n|j|☆Alexstar55\n|html|<table width=\"100%\"><tr><td align=\"left\">sulfricsun</td><td align=\"right\">Alexstar55</tr><tr><td align=\"left\"><i class=\"fa fa-circle\"></i> <i class=\"fa fa-circle-o\"></i> </td><td align=\"right\"><i class=\"fa fa-circle-o\"></i> <i class=\"fa fa-circle\"></i> </tr></table>\n|uhtml|bestof|<h2><strong>Game 3</strong> of <a href=\"/game-bestof3-gen9championsvgc2026regmb-2674720918\">a best-of-3</a></h2>\n|t:|1788396340\n|gametype|doubles\n|player|p1|sulfricsun|swimmer|\n|player|p2|Alexstar55|266|\n|gen|9\n|tier|[Gen 9 Champions] VGC 2026 Reg M-B\n|rule|Species Clause: Limit one of each Pokémon\n|rule|Item Clause: Limit 1 of each item\n|raw|<div class=\"infobox\"><details class=\"readmore\" open><summary><strong>1 custom rule:</strong></summary> Best of = 3</details></div>\n|clearpoke\n|poke|p1|Golurk, L50|\n|poke|p1|Whimsicott, L50, M|\n|poke|p1|Kleavor, L50, M, shiny|\n|poke|p1|Staraptor, L50, F|\n|poke|p1|Garchomp, L50, F|\n|poke|p1|Ninetales, L50, M|\n|poke|p2|Gliscor, L50, M|\n|poke|p2|Primarina, L50, F|\n|poke|p2|Eelektross, L50, M|\n|poke|p2|Infernape, L50, M|\n|poke|p2|Tauros-Paldea-Aqua, L50, M|\n|poke|p2|Ceruledge, L50, M|\n|teampreview|4\n|j| presidentperssson\n|j| SneakyEne\nsulfricsun rejected open team sheets.\n|\n|t:|1788396405\n|teamsize|p1|4\n|teamsize|p2|4\n|start\n|switch|p1a: Golurk|Golurk, L50|100/100\n|switch|p1b: Whimsicott|Whimsicott, L50, M|100/100\n|switch|p2a: Gliscor|Gliscor, L50, M|100/100\n|switch|p2b: Infernape|Infernape, L50, M|100/100\n|turn|1\n|\n|t:|1788396422\n|detailschange|p1a: Golurk|Golurk-Mega, L50\n|-mega|p1a: Golurk|Golurk|Golurkite\n|move|p1b: Whimsicott|Charm|p2b: Infernape\n|-unboost|p2b: Infernape|atk|2\n|move|p2b: Infernape|Fire Punch|p1b: Whimsicott\n|-supereffective|p1b: Whimsicott|1\n|-damage|p1b: Whimsicott|56/100\n|move|p2a: Gliscor|Tailwind|p2a: Gliscor\n|-sidestart|p2: Alexstar55|move: Tailwind\n|move|p1a: Golurk|Ice Punch|p2a: Gliscor\n|-supereffective|p2a: Gliscor|2\n|-enditem|p2a: Gliscor|Focus Sash\n|-damage|p2a: Gliscor|1/100\n|\n|upkeep\n|turn|2\n|\n|t:|1788396452\n|switch|p2b: Primarina|Primarina, L50, F|100/100\n|move|p1b: Whimsicott|Encore|p2a: Gliscor\n|-start|p2a: Gliscor|Encore\n|move|p2a: Gliscor|Tailwind||[still]\n|-fail|p2a: Gliscor\n|move|p1a: Golurk|Headlong Rush|p2b: Primarina\n|-damage|p2b: Primarina|0 fnt\n|-unboost|p1a: Golurk|def|1\n|-unboost|p1a: Golurk|spd|1\n|faint|p2b: Primarina\n|\n|upkeep\n|c|☆Alexstar55|not the encore again war\n|\n|t:|1788396469\n|switch|p2b: Tauros|Tauros-Paldea-Aqua, L50, M|100/100\n|turn|3\n|c|☆sulfricsun|Gliscor will never use another move again\n|c|☆Alexstar55|sadge\n|\n|t:|1788396549\n|move|p1b: Whimsicott|Charm|p2b: Tauros\n|-unboost|p2b: Tauros|atk|2\n|move|p2b: Tauros|Raging Bull|p1a: Golurk\n|-supereffective|p1a: Golurk|1\n|-damage|p1a: Golurk|43/100\n|move|p2a: Gliscor|Tailwind||[still]\n|-fail|p2a: Gliscor\n|move|p1a: Golurk|Headlong Rush|p2b: Tauros\n|-crit|p2b: Tauros\n|-damage|p2b: Tauros|0 fnt\n|-unboost|p1a: Golurk|def|1\n|-unboost|p1a: Golurk|spd|1\n|faint|p2b: Tauros\n|\n|upkeep\n|c|☆Alexstar55|RIP\n|\n|t:|1788396564\n|switch|p2b: Infernape|Infernape, L50, M|100/100\n|turn|4\n|c|☆sulfricsun|goodbye my sweet bull\n|\n|t:|1788396588\n|switch|p1a: Ninetales|Ninetales, L50, M|100/100\n|move|p1b: Whimsicott|Charm|p2b: Infernape\n|-unboost|p2b: Infernape|atk|2\n|move|p2b: Infernape|Fire Punch|p1a: Ninetales\n|-start|p1a: Ninetales|ability: Flash Fire\n|move|p2a: Gliscor|Tailwind||[still]\n|-fail|p2a: Gliscor\n|\n|-end|p2a: Gliscor|Encore\n|-sideend|p2: Alexstar55|move: Tailwind\n|upkeep\n|turn|5\n|c|☆Alexstar55|damn\n|\n|t:|1788396608\n|move|p1b: Whimsicott|Encore|p2a: Gliscor\n|-start|p2a: Gliscor|Encore\n|move|p1a: Ninetales|Scorching Sands|p2b: Infernape\n|-supereffective|p2b: Infernape|1\n|-damage|p2b: Infernape|41/100\n|move|p2b: Infernape|Drain Punch|p1a: Ninetales\n|-damage|p1a: Ninetales|67/100\n|-heal|p2b: Infernape|58/100|[from] drain|[of] p1a: Ninetales\n|move|p2a: Gliscor|Tailwind|p2a: Gliscor\n|-sidestart|p2: Alexstar55|move: Tailwind\n|\n|upkeep\n|turn|6\n|c|☆Alexstar55|WAR\n|c|☆sulfricsun|WAAAR\n|\n|t:|1788396627\n|move|p2b: Infernape|Drain Punch|p1a: Ninetales\n|-damage|p1a: Ninetales|30/100\n|-heal|p2b: Infernape|76/100|[from] drain|[of] p1a: Ninetales\n|-enditem|p1a: Ninetales|Sitrus Berry|[eat]\n|-heal|p1a: Ninetales|55/100|[from] item: Sitrus Berry\n|move|p2a: Gliscor|Tailwind||[still]\n|-fail|p2a: Gliscor\n|move|p1a: Ninetales|Scorching Sands|p2b: Infernape\n|-supereffective|p2b: Infernape|1\n|-damage|p2b: Infernape|23/100\n|move|p1b: Whimsicott|Moonblast|p2b: Infernape\n|-damage|p2b: Infernape|0 fnt\n|faint|p2b: Infernape\n|\n|upkeep\n|turn|7\n|\n|t:|1788396646\n|move|p2a: Gliscor|Tailwind||[still]\n|-fail|p2a: Gliscor\n|move|p1a: Ninetales|Mystical Fire|p2a: Gliscor\n|-damage|p2a: Gliscor|0 fnt\n|faint|p2a: Gliscor\n|\n|win|sulfricsun\n|c|☆sulfricsun|gg wp\n|c|☆Alexstar55|oh well\n","uploadtime":1788396650,"views":"15","formatid":"gen9championsvgc2026regmb","rating":null,"private":0,"password":null}