{"id":"gen9championsvgc2026regmbbo3-2673652510","format":"[Gen 9 Champions] VGC 2026 Reg M-B (Bo3)","players":["bernardomgj","longbloom"],"log":"|j|☆bernardomgj\n|j|☆longbloom\n|html|<table width=\"100%\"><tr><td align=\"left\">bernardomgj</td><td align=\"right\">longbloom</tr><tr><td align=\"left\"><i class=\"fa fa-circle-o\"></i> <i class=\"fa fa-circle-o\"></i> </td><td align=\"right\"><i class=\"fa fa-circle-o\"></i> <i class=\"fa fa-circle-o\"></i> </tr></table>\n|uhtml|bestof|<h2><strong>Game 1</strong> of <a href=\"/game-bestof3-gen9championsvgc2026regmbbo3-2673652509\">a best-of-3</a></h2>\n|t:|1788227494\n|gametype|doubles\n|player|p1|bernardomgj|169|1034\n|player|p2|longbloom|sabrina|1121\n|gen|9\n|tier|[Gen 9 Champions] VGC 2026 Reg M-B (Bo3)\n|rated|\n|rule|Species Clause: Limit one of each Pokémon\n|rule|Item Clause: Limit 1 of each item\n|clearpoke\n|poke|p1|Gallade, L50, M, shiny|\n|poke|p1|Maushold, L50|\n|poke|p1|Raichu, L50, M|\n|poke|p1|Weavile, L50, F|\n|poke|p1|Empoleon, L50, F, shiny|\n|poke|p1|Grimmsnarl, L50, M, shiny|\n|poke|p2|Whimsicott, L50, F|\n|poke|p2|Charizard, L50, M|\n|poke|p2|Garchomp, L50, F|\n|poke|p2|Floette-Eternal, L50, F|\n|poke|p2|Basculegion, L50, M|\n|poke|p2|Kingambit, L50, M|\n|teampreview|4\n|showteam|p1|Gallade||Galladite|Justified|DrainPunch,RockSlide,ShadowSneak,Protect|Jolly||M|||50|]Maushold||FocusSash|FriendGuard|BeatUp,FollowMe,SuperFang,Protect|Bold|||||50|]Raichu||RaichuniteY|LightningRod|FocusBlast,ZapCannon,Feint,FakeOut|Timid||M|||50|]Weavile||WideLens|Pressure|TripleAxel,KnockOff,FakeOut,LowKick|Jolly||F|||50|]Empoleon||Leftovers|Competitive|HydroPump,FlashCannon,IceBeam,Protect|Bold||F|||50|]Grimmsnarl||LightClay|Prankster|SpiritBreak,LightScreen,Reflect,PartingShot|Careful||M|||50|\n|showteam|p2|Whimsicott||FocusSash|Prankster|Moonblast,Tailwind,Encore,Protect|Timid||F|||50|]Charizard||CharizarditeY|Blaze|HeatWave,WeatherBall,SolarBeam,Protect|Modest||M|||50|]Garchomp||LifeOrb|RoughSkin|DragonClaw,StompingTantrum,RockSlide,Earthquake|Jolly||F|||50|]Floette-Eternal||Floettite|FlowerVeil|Moonblast,DazzlingGleam,LightofRuin,Protect|Timid||F|||50|]Basculegion||MysticWater|Adaptability|WaveCrash,AquaJet,LastRespects,Protect|Adamant||M|||50|]Kingambit||BlackGlasses|Defiant|SuckerPunch,KowtowCleave,IronHead,Protect|Adamant||M|||50|\n|\n|t:|1788227526\n|teamsize|p1|4\n|teamsize|p2|4\n|start\n|switch|p1a: Grimmsnarl|Grimmsnarl, L50, M, shiny|100/100\n|switch|p1b: Weavile|Weavile, L50, F|100/100\n|switch|p2a: Garchomp|Garchomp, L50, F|100/100\n|switch|p2b: Whimsicott|Whimsicott, L50, F|100/100\n|-ability|p1b: Weavile|Pressure\n|turn|1\n|\n|t:|1788227555\n|move|p1b: Weavile|Fake Out|p2a: Garchomp\n|-damage|p2a: Garchomp|85/100\n|-damage|p1b: Weavile|87/100|[from] ability: Rough Skin|[of] p2a: Garchomp\n|move|p2b: Whimsicott|Tailwind|p2b: Whimsicott\n|-sidestart|p2: longbloom|move: Tailwind\n|move|p1a: Grimmsnarl|Reflect|p1a: Grimmsnarl\n|-sidestart|p1: bernardomgj|Reflect\n|cant|p2a: Garchomp|flinch\n|\n|upkeep\n|turn|2\n|\n|t:|1788227583\n|move|p1a: Grimmsnarl|Light Screen|p1a: Grimmsnarl\n|-sidestart|p1: bernardomgj|move: Light Screen\n|move|p2b: Whimsicott|Moonblast|p1a: Grimmsnarl\n|-supereffective|p1a: Grimmsnarl|1\n|-damage|p1a: Grimmsnarl|61/100\n|move|p2a: Garchomp|Rock Slide|p1b: Weavile|[spread] p1a,p1b\n|-supereffective|p1b: Weavile|1\n|-damage|p1a: Grimmsnarl|44/100\n|-damage|p1b: Weavile|26/100\n|-damage|p2a: Garchomp|76/100|[from] item: Life Orb\n|move|p1b: Weavile|Triple Axel|p2a: Garchomp\n|-supereffective|p2a: Garchomp|2\n|-damage|p2a: Garchomp|30/100\n|-damage|p1b: Weavile|14/100|[from] ability: Rough Skin|[of] p2a: Garchomp\n|-supereffective|p2a: Garchomp|2\n|-damage|p2a: Garchomp|0 fnt\n|-damage|p1b: Weavile|2/100|[from] ability: Rough Skin|[of] p2a: Garchomp\n|faint|p2a: Garchomp\n|-hitcount|p2: Garchomp|2\n|\n|upkeep\n|\n|t:|1788227602\n|switch|p2a: Floette|Floette-Eternal, L50, F|100/100\n|turn|3\n|\n|t:|1788227614\n|move|p1a: Grimmsnarl|Parting Shot|p2a: Floette\n|-unboost|p2a: Floette|atk|1\n|-unboost|p2a: Floette|spa|1\n|\n|t:|1788227617\n|switch|p1a: Maushold|Maushold, L50|100/100|[from] Parting Shot\n|move|p2b: Whimsicott|Moonblast|p1a: Maushold\n|-damage|p1a: Maushold|70/100\n|move|p2a: Floette|Dazzling Gleam|p1b: Weavile|[spread] p1a,p1b\n|-supereffective|p1b: Weavile|1\n|-damage|p1a: Maushold|53/100\n|-damage|p1b: Weavile|0 fnt\n|faint|p1b: Weavile\n|\n|upkeep\n|\n|t:|1788227627\n|switch|p1b: Grimmsnarl|Grimmsnarl, L50, M, shiny|44/100\n|turn|4\n|\n|t:|1788227636\n|switch|p2a: Kingambit|Kingambit, L50, M|100/100\n|move|p1b: Grimmsnarl|Parting Shot|p2a: Kingambit\n|-hint|Since gen 7, Dark is immune to Prankster moves.\n|-immune|p2a: Kingambit\n|move|p2b: Whimsicott|Moonblast|p1b: Grimmsnarl\n|-supereffective|p1b: Grimmsnarl|1\n|-damage|p1b: Grimmsnarl|12/100\n|move|p1a: Maushold|Beat Up|p1b: Grimmsnarl\n|-resisted|p1b: Grimmsnarl|2\n|-damage|p1b: Grimmsnarl|12/100\n|-resisted|p1b: Grimmsnarl|2\n|-damage|p1b: Grimmsnarl|11/100\n|-resisted|p1b: Grimmsnarl|2\n|-damage|p1b: Grimmsnarl|11/100\n|-hitcount|p1b: Grimmsnarl|3\n|\n|-sideend|p2: longbloom|move: Tailwind\n|upkeep\n|turn|5\n|\n|t:|1788227672\n|move|p1a: Maushold|Follow Me|p1a: Maushold\n|-singleturn|p1a: Maushold|move: Follow Me\n|move|p2b: Whimsicott|Tailwind|p2b: Whimsicott\n|-sidestart|p2: longbloom|move: Tailwind\n|move|p2a: Kingambit|Iron Head|p1a: Maushold\n|-damage|p1a: Maushold|20/100y\n|move|p1b: Grimmsnarl|Spirit Break|p2b: Whimsicott\n|-damage|p2b: Whimsicott|51/100\n|-unboost|p2b: Whimsicott|spa|1\n|\n|upkeep\n|turn|6\n|\n|t:|1788227695\n|move|p1b: Grimmsnarl|Parting Shot|p2b: Whimsicott\n|-unboost|p2b: Whimsicott|atk|1\n|-unboost|p2b: Whimsicott|spa|1\n|\n|t:|1788227698\n|switch|p1b: Gallade|Gallade, L50, M, shiny|100/100|[from] Parting Shot\n|move|p2b: Whimsicott|Moonblast|p1a: Maushold\n|-damage|p1a: Maushold|6/100\n|move|p2a: Kingambit|Iron Head|p1b: Gallade\n|-damage|p1b: Gallade|69/100\n|move|p1a: Maushold|Beat Up|p1b: Gallade\n|-damage|p1b: Gallade|67/100\n|-ability|p1b: Gallade|Justified|boost\n|-boost|p1b: Gallade|atk|1\n|-damage|p1b: Gallade|66/100\n|-ability|p1b: Gallade|Justified|boost\n|-boost|p1b: Gallade|atk|1\n|-damage|p1b: Gallade|63/100\n|-ability|p1b: Gallade|Justified|boost\n|-boost|p1b: Gallade|atk|1\n|-hitcount|p1b: Gallade|3\n|\n|upkeep\n|turn|7\n|\n|t:|1788227728\n|switch|p2b: Floette|Floette-Eternal, L50, F|100/100\n|detailschange|p1b: Gallade|Gallade-Mega, L50, M, shiny\n|-mega|p1b: Gallade|Gallade|Galladite\n|move|p1a: Maushold|Follow Me|p1a: Maushold\n|-singleturn|p1a: Maushold|move: Follow Me\n|move|p2a: Kingambit|Kowtow Cleave|p1a: Maushold\n|-damage|p1a: Maushold|0 fnt\n|faint|p1a: Maushold\n|move|p1b: Gallade|Drain Punch|p2b: Floette\n|-resisted|p2b: Floette|1\n|-damage|p2b: Floette|16/100\n|-heal|p1b: Gallade|100/100|[from] drain|[of] p2b: Floette\n|\n|upkeep\n|\n|t:|1788227741\n|switch|p1a: Grimmsnarl|Grimmsnarl, L50, M, shiny|11/100\n|turn|8\n|\n|t:|1788227756\n|detailschange|p2b: Floette|Floette-Mega, L50, F\n|-mega|p2b: Floette|Floette|Floettite\n|-ability|p2b: Floette|Fairy Aura\n|move|p1a: Grimmsnarl|Parting Shot|p2b: Floette\n|-unboost|p2b: Floette|atk|1\n|-unboost|p2b: Floette|spa|1\n|move|p2b: Floette|Light of Ruin|p1b: Gallade\n|-supereffective|p1b: Gallade|1\n|-damage|p1b: Gallade|5/100\n|-damage|p2b: Floette|0 fnt|[from] Recoil\n|faint|p2b: Floette\n|move|p2a: Kingambit|Iron Head|p1a: Grimmsnarl\n|-supereffective|p1a: Grimmsnarl|1\n|-damage|p1a: Grimmsnarl|0 fnt\n|faint|p1a: Grimmsnarl\n|move|p1b: Gallade|Drain Punch|p2a: Kingambit\n|-supereffective|p2a: Kingambit|2\n|-damage|p2a: Kingambit|0 fnt\n|-heal|p1b: Gallade|64/100|[from] drain|[of] p2a: Kingambit\n|faint|p2a: Kingambit\n|\n|-sideend|p1: bernardomgj|Reflect\n|-sideend|p2: longbloom|move: Tailwind\n|upkeep\n|\n|t:|1788227776\n|switch|p2b: Whimsicott|Whimsicott, L50, F|51/100\n|turn|9\n|\n|t:|1788227797\n|move|p2b: Whimsicott|Moonblast|p1b: Gallade\n|-supereffective|p1b: Gallade|1\n|-damage|p1b: Gallade|18/100\n|move|p1b: Gallade|Drain Punch|p2b: Whimsicott\n|-resisted|p2b: Whimsicott|1\n|-crit|p2b: Whimsicott\n|-damage|p2b: Whimsicott|0 fnt\n|-heal|p1b: Gallade|40/100|[from] drain|[of] p2b: Whimsicott\n|faint|p2b: Whimsicott\n|\n|win|bernardomgj\n||bernardomgj is ready for game 2.\n|l|☆longbloom\n|player|p2|\n","uploadtime":1788227807,"views":"5","formatid":"gen9championsvgc2026regmbbo3","rating":null,"private":0,"password":null}