{"id":"gen9championsvgc2026regmbbo3-2675001667","format":"[Gen 9 Champions] VGC 2026 Reg M-B (Bo3)","players":["Marioman0553","xVoltage222"],"log":"|j|☆Marioman0553\n|j|☆xVoltage222\n|html|<table width=\"100%\"><tr><td align=\"left\">Marioman0553</td><td align=\"right\">xVoltage222</tr><tr><td align=\"left\"><i class=\"fa fa-circle-o\"></i> <i class=\"fa fa-circle-o\"></i> </td><td align=\"right\"><i class=\"fa fa-circle-o\"></i> <i class=\"fa fa-circle\"></i> </tr></table>\n|uhtml|bestof|<h2><strong>Game 2</strong> of <a href=\"/game-bestof3-gen9championsvgc2026regmbbo3-2674998413\">a best-of-3</a></h2>\n|t:|1788447329\n|gametype|doubles\n|player|p1|Marioman0553|hilbert|\n|player|p2|xVoltage222|102|\n|gen|9\n|tier|[Gen 9 Champions] VGC 2026 Reg M-B (Bo3)\n|rule|Species Clause: Limit one of each Pokémon\n|rule|Item Clause: Limit 1 of each item\n|clearpoke\n|poke|p1|Staraptor, L50, F|\n|poke|p1|Whimsicott, L50, F|\n|poke|p1|Meowscarada, L50, F|\n|poke|p1|Ceruledge, L50, M|\n|poke|p1|Tinkaton, L50, F|\n|poke|p1|Greninja, L50, F|\n|poke|p2|Garchomp, L50, M|\n|poke|p2|Sneasler, L50, M|\n|poke|p2|Slowking-Galar, L50, F|\n|poke|p2|Crabominable, L50, M|\n|poke|p2|Absol, L50, M|\n|poke|p2|Vanilluxe, L50, M|\n|teampreview|4\n|showteam|p1|Staraptor||Staraptite|Intimidate|CloseCombat,DualWingbeat,BraveBird,Protect|Serious||F|||50|]Whimsicott||FocusSash|Prankster|Tailwind,Protect,Taunt,Moonblast|Modest||F|||50|]Meowscarada||WideLens|Protean|KnockOff,PlayRough,TripleAxel,Protect|Jolly||F|||50|]Ceruledge||LifeOrb|FlashFire|Poltergeist,BitterBlade,Protect,ShadowSneak|Adamant||M|||50|]Tinkaton||ShucaBerry|MoldBreaker|GigatonHammer,FakeOut,Protect,PlayRough|Adamant||F|||50|]Greninja||MysticWater|Protean|IceBeam,WaterShuriken,Extrasensory,Protect|Modest||F|||50|\n|showteam|p2|Garchomp||LifeOrb|RoughSkin|Protect,RockSlide,StompingTantrum,DragonClaw|Adamant||M|||50|]Sneasler||CobaBerry|Unburden|CloseCombat,DireClaw,Protect,FakeOut|Adamant||M|||50|]Slowking-Galar||SitrusBerry|Regenerator|Protect,TrickRoom,Psychic,SludgeBomb|Relaxed||F|||50|]Crabominable||Crabominite|IronFist|ThunderPunch,DrainPunch,Protect,IceHammer|Brave||M|||50|]Absol||Absolite|Justified|Blizzard,DarkPulse,Thunderbolt,Protect|Timid||M|||50|]Vanilluxe||ChoiceScarf|SnowWarning|Blizzard,FreezeDry,FlashCannon,IcyWind|Timid||M|||50|\n|\n|t:|1788447417\n|teamsize|p1|4\n|teamsize|p2|4\n|start\n|switch|p1a: Meowscarada|Meowscarada, L50, F|100/100\n|switch|p1b: Bundle of Whimsey|Whimsicott, L50, F|100/100\n|switch|p2a: Garchomp|Garchomp, L50, M|100/100\n|switch|p2b: Sneasler|Sneasler, L50, M|100/100\n|turn|1\n|\n|t:|1788447437\n|move|p2a: Garchomp|Protect|p2a: Garchomp\n|-singleturn|p2a: Garchomp|Protect\n|move|p1a: Meowscarada|Play Rough|p2a: Garchomp\n|-start|p1a: Meowscarada|typechange|Fairy|[from] ability: Protean\n|-activate|p2a: Garchomp|move: Protect\n|move|p2b: Sneasler|Dire Claw|p1a: Meowscarada\n|-supereffective|p1a: Meowscarada|1\n|-damage|p1a: Meowscarada|0 fnt\n|faint|p1a: Meowscarada\n|move|p1b: Bundle of Whimsey|Moonblast|p2a: Garchomp\n|-activate|p2a: Garchomp|move: Protect\n|\n|upkeep\n|\n|t:|1788447464\n|switch|p1a: Staraptor|Staraptor, L50, F|100/100\n|-ability|p1a: Staraptor|Intimidate|boost\n|-unboost|p2a: Garchomp|atk|1\n|-unboost|p2b: Sneasler|atk|1\n|turn|2\n|\n|t:|1788447484\n|detailschange|p1a: Staraptor|Staraptor-Mega, L50, F\n|-mega|p1a: Staraptor|Staraptor|Staraptite\n|move|p2b: Sneasler|Dire Claw|p1b: Bundle of Whimsey\n|-supereffective|p1b: Bundle of Whimsey|2\n|-crit|p1b: Bundle of Whimsey\n|-enditem|p1b: Bundle of Whimsey|Focus Sash\n|-damage|p1b: Bundle of Whimsey|1/100\n|-status|p1b: Bundle of Whimsey|slp\n|cant|p1b: Bundle of Whimsey|slp\n|move|p2a: Garchomp|Rock Slide|p1b: Bundle of Whimsey|[spread] p1a,p1b\n|-damage|p1a: Staraptor|83/100\n|-damage|p1b: Bundle of Whimsey|0 fnt\n|faint|p1b: Bundle of Whimsey\n|-damage|p2a: Garchomp|90/100|[from] item: Life Orb\n|move|p1a: Staraptor|Close Combat|p2a: Garchomp\n|-damage|p2a: Garchomp|20/100y\n|-boost|p1a: Staraptor|def|1\n|-boost|p1a: Staraptor|spd|1\n|-damage|p1a: Staraptor|71/100|[from] ability: Rough Skin|[of] p2a: Garchomp\n|\n|upkeep\n|\n|t:|1788447503\n|switch|p1b: Tinkaton|Tinkaton, L50, F|100/100\n|-ability|p1b: Tinkaton|Mold Breaker\n|turn|3\n|\n|t:|1788447552\n|move|p2b: Sneasler|Protect|p2b: Sneasler\n|-singleturn|p2b: Sneasler|Protect\n|move|p1b: Tinkaton|Fake Out|p2b: Sneasler\n|-activate|p2b: Sneasler|move: Protect\n|move|p2a: Garchomp|Stomping Tantrum|p1b: Tinkaton\n|-supereffective|p1b: Tinkaton|1\n|-enditem|p1b: Tinkaton|Shuca Berry|[eat]\n|-enditem|p1b: Tinkaton|Shuca Berry|[weaken]\n|-damage|p1b: Tinkaton|58/100\n|-damage|p2a: Garchomp|10/100|[from] item: Life Orb\n|move|p1a: Staraptor|Close Combat|p2a: Garchomp\n|-damage|p2a: Garchomp|0 fnt\n|-boost|p1a: Staraptor|def|1\n|-boost|p1a: Staraptor|spd|1\n|-damage|p1a: Staraptor|59/100|[from] ability: Rough Skin|[of] p2a: Garchomp\n|faint|p2a: Garchomp\n|\n|upkeep\n|\n|t:|1788447564\n|switch|p2a: Vanilluxe|Vanilluxe, L50, M|100/100\n|-weather|Snowscape|[from] ability: Snow Warning|[of] p2a: Vanilluxe\n|turn|4\n|\n|t:|1788447583\n|switch|p2b: Absol|Absol, L50, M|100/100\n|move|p1b: Tinkaton|Protect|p1b: Tinkaton\n|-singleturn|p1b: Tinkaton|Protect\n|move|p2a: Vanilluxe|Blizzard|p1a: Staraptor|[spread] p1a\n|-activate|p1b: Tinkaton|move: Protect\n|-supereffective|p1a: Staraptor|1\n|-damage|p1a: Staraptor|11/100\n|move|p1a: Staraptor|Dual Wingbeat|p2b: Absol\n|-damage|p2b: Absol|57/100\n|-damage|p2b: Absol|14/100\n|-hitcount|p2b: Absol|2\n|\n|-weather|Snowscape|[upkeep]\n|upkeep\n|turn|5\n|\n|t:|1788447600\n|detailschange|p2b: Absol|Absol-Mega, L50, M\n|-mega|p2b: Absol|Absol|Absolite\n|move|p1a: Staraptor|Protect|p1a: Staraptor\n|-singleturn|p1a: Staraptor|Protect\n|move|p2a: Vanilluxe|Blizzard|p1b: Tinkaton|[spread] p1b\n|-activate|p1a: Staraptor|move: Protect\n|-resisted|p1b: Tinkaton|1\n|-damage|p1b: Tinkaton|38/100\n|move|p2b: Absol|Blizzard|p1b: Tinkaton|[spread] p1b\n|-activate|p1a: Staraptor|move: Protect\n|-resisted|p1b: Tinkaton|1\n|-damage|p1b: Tinkaton|24/100\n|move|p1b: Tinkaton|Gigaton Hammer|p2a: Vanilluxe\n|-supereffective|p2a: Vanilluxe|1\n|-damage|p2a: Vanilluxe|0 fnt\n|faint|p2a: Vanilluxe\n|\n|-weather|Snowscape|[upkeep]\n|upkeep\n|\n|t:|1788447610\n|switch|p2a: Sneasler|Sneasler, L50, M|100/100\n|turn|6\n|\n|t:|1788447660\n|move|p1b: Tinkaton|Protect|p1b: Tinkaton\n|-singleturn|p1b: Tinkaton|Protect\n|move|p2a: Sneasler|Fake Out|p1a: Staraptor\n|-damage|p1a: Staraptor|3/100\n|move|p2b: Absol|Blizzard|p1a: Staraptor|[spread] p1a\n|-activate|p1b: Tinkaton|move: Protect\n|-supereffective|p1a: Staraptor|1\n|-damage|p1a: Staraptor|0 fnt\n|faint|p1a: Staraptor\n|\n|-weather|Snowscape|[upkeep]\n|upkeep\n|turn|7\n|\n|t:|1788447675\n|move|p2b: Absol|Thunderbolt|p1b: Tinkaton\n|-damage|p1b: Tinkaton|0 fnt\n|faint|p1b: Tinkaton\n|\n|win|xVoltage222\n|c|☆xVoltage222|gg!\n","uploadtime":1788447682,"views":"16","formatid":"gen9championsvgc2026regmbbo3","rating":null,"private":0,"password":null}