{"id":"gen9championsvgc2026regmbbo3-2674966237","format":"[Gen 9 Champions] VGC 2026 Reg M-B (Bo3)","players":["kalaluwi","Vienna Vaporeons"],"log":"|j|☆kalaluwi\n|j|☆Vienna Vaporeons\n|html|<table width=\"100%\"><tr><td align=\"left\">kalaluwi</td><td align=\"right\">Vienna Vaporeons</tr><tr><td align=\"left\"><i class=\"fa fa-circle-o\"></i> <i class=\"fa fa-circle-o\"></i> </td><td align=\"right\"><i class=\"fa fa-circle-o\"></i> <i class=\"fa fa-circle\"></i> </tr></table>\n|uhtml|bestof|<h2><strong>Game 2</strong> of <a href=\"/game-bestof3-gen9championsvgc2026regmbbo3-2674964951\">a best-of-3</a></h2>\n|t:|1788443015\n|gametype|doubles\n|player|p1|kalaluwi|2|1344\n|player|p2|Vienna Vaporeons|1|1421\n|gen|9\n|tier|[Gen 9 Champions] VGC 2026 Reg M-B (Bo3)\n|rated|\n|rule|Species Clause: Limit one of each Pokémon\n|rule|Item Clause: Limit 1 of each item\n|clearpoke\n|poke|p1|Glimmora, L50, M|\n|poke|p1|Farigiraf, L50, M|\n|poke|p1|Vanilluxe, L50, F|\n|poke|p1|Garchomp, L50, F|\n|poke|p1|Whimsicott, L50, F|\n|poke|p1|Charizard, L50, F|\n|poke|p2|Pelipper, L50, F, shiny|\n|poke|p2|Archaludon, L50, F, shiny|\n|poke|p2|Grimmsnarl, L50, M, shiny|\n|poke|p2|Basculegion, L50, M, shiny|\n|poke|p2|Venusaur, L50, F, shiny|\n|poke|p2|Raichu, L50, M, shiny|\n|teampreview|4\n|showteam|p1|Glimmora||Glimmoranite|ToxicDebris|PowerGem,EarthPower,SludgeBomb,SpikyShield|Modest||M|||50|]Farigiraf||ColburBerry|ArmorTail|TrickRoom,Thunderbolt,TwinBeam,HelpingHand|Modest||M|||50|]Vanilluxe||ChoiceScarf|SnowWarning|Blizzard,IcyWind,FreezeDry,SheerCold|Modest||F|||50|]Garchomp||LifeOrb|RoughSkin|DragonClaw,RockSlide,Earthquake,StompingTantrum|Jolly||F|||50|]Whimsicott||FocusSash|Prankster|Tailwind,Encore,Moonblast,Protect|Timid||F|||50|]Charizard||CharizarditeY|Blaze|HeatWave,WeatherBall,AncientPower,Protect|Modest||F|||50|\n|showteam|p2|Pelipper||SitrusBerry|Drizzle|Hurricane,WeatherBall,WideGuard,Tailwind|Modest||F|||50|]Archaludon||Leftovers|Stamina|FlashCannon,DragonPulse,ElectroShot,Protect|Calm||F|||50|]Grimmsnarl||LightClay|Prankster|SpiritBreak,Reflect,LightScreen,PartingShot|Careful||M|||50|]Basculegion||ChoiceScarf|Adaptability|WaveCrash,LastRespects,AquaJet,FlipTurn|Jolly||M|||50|]Venusaur||Venusaurite|Chlorophyll|GigaDrain,SludgeBomb,EarthPower,Protect|Modest||F|||50|]Raichu||RaichuniteY|Static|FakeOut,ZapCannon,FocusBlast,Protect|Hasty||M|||50|\n|\n|t:|1788443029\n|teamsize|p1|4\n|teamsize|p2|4\n|start\n|switch|p1a: Farigiraf|Farigiraf, L50, M|100/100\n|switch|p1b: Charizard|Charizard, L50, F|100/100\n|switch|p2a: Grimmsnarl|Grimmsnarl, L50, M, shiny|100/100\n|switch|p2b: Venusaur|Venusaur, L50, F, shiny|100/100\n|turn|1\n|\n|t:|1788443050\n|detailschange|p1b: Charizard|Charizard-Mega-Y, L50, F\n|-mega|p1b: Charizard|Charizard|Charizardite Y\n|-weather|SunnyDay|[from] ability: Drought|[of] p1b: Charizard\n|detailschange|p2b: Venusaur|Venusaur-Mega, L50, F, shiny\n|-mega|p2b: Venusaur|Venusaur|Venusaurite\n|move|p1a: Farigiraf|Helping Hand|p1b: Charizard\n|-singleturn|p1b: Charizard|Helping Hand|[of] p1a: Farigiraf\n|move|p2b: Venusaur|Protect|p2b: Venusaur\n|-singleturn|p2b: Venusaur|Protect\n|move|p2a: Grimmsnarl|Light Screen|p2a: Grimmsnarl\n|-sidestart|p2: Vienna Vaporeons|move: Light Screen\n|move|p1b: Charizard|Weather Ball|p2a: Grimmsnarl\n|-damage|p2a: Grimmsnarl|21/100\n|\n|-weather|SunnyDay|[upkeep]\n|upkeep\n|turn|2\n|\n|t:|1788443069\n|switch|p2a: Pelipper|Pelipper, L50, F, shiny|100/100\n|-weather|RainDance|[from] ability: Drizzle|[of] p2a: Pelipper\n|move|p1b: Charizard|Ancient Power|p2a: Pelipper\n|-supereffective|p2a: Pelipper|1\n|-damage|p2a: Pelipper|55/100\n|move|p2b: Venusaur|Sludge Bomb|p1b: Charizard\n|-damage|p1b: Charizard|63/100\n|move|p1a: Farigiraf|Twin Beam|p2b: Venusaur\n|-supereffective|p2b: Venusaur|1\n|-damage|p2b: Venusaur|82/100\n|-supereffective|p2b: Venusaur|1\n|-damage|p2b: Venusaur|65/100\n|-hitcount|p2b: Venusaur|2\n|\n|-weather|RainDance|[upkeep]\n|upkeep\n|turn|3\n|\n|t:|1788443095\n|switch|p1b: Vanilluxe|Vanilluxe, L50, F|100/100\n|-weather|Snowscape|[from] ability: Snow Warning|[of] p1b: Vanilluxe\n|switch|p2a: Grimmsnarl|Grimmsnarl, L50, M, shiny|21/100\n|move|p2b: Venusaur|Giga Drain|p1a: Farigiraf\n|-damage|p1a: Farigiraf|65/100\n|-heal|p2b: Venusaur|86/100|[from] drain|[of] p1a: Farigiraf\n|move|p1a: Farigiraf|Thunderbolt|p2a: Grimmsnarl\n|-damage|p2a: Grimmsnarl|8/100\n|\n|-weather|Snowscape|[upkeep]\n|upkeep\n|turn|4\n|\n|t:|1788443114\n|move|p1b: Vanilluxe|Icy Wind|p2a: Grimmsnarl|[spread] p2a,p2b\n|-supereffective|p2b: Venusaur|1\n|-damage|p2a: Grimmsnarl|0 fnt\n|-damage|p2b: Venusaur|74/100\n|-unboost|p2b: Venusaur|spe|1\n|faint|p2a: Grimmsnarl\n|move|p1a: Farigiraf|Twin Beam|p2b: Venusaur\n|-supereffective|p2b: Venusaur|1\n|-damage|p2b: Venusaur|57/100\n|-supereffective|p2b: Venusaur|1\n|-damage|p2b: Venusaur|37/100\n|-hitcount|p2b: Venusaur|2\n|move|p2b: Venusaur|Giga Drain|p1a: Farigiraf\n|-damage|p1a: Farigiraf|32/100\n|-heal|p2b: Venusaur|58/100|[from] drain|[of] p1a: Farigiraf\n|\n|-weather|Snowscape|[upkeep]\n|upkeep\n|\n|t:|1788443120\n|switch|p2a: Pelipper|Pelipper, L50, F, shiny|55/100\n|-weather|RainDance|[from] ability: Drizzle|[of] p2a: Pelipper\n|turn|5\n|\n|t:|1788443134\n|switch|p1a: Charizard|Charizard-Mega-Y, L50, F|63/100\n|-weather|SunnyDay|[from] ability: Drought|[of] p1a: Charizard\n|move|p1b: Vanilluxe|Icy Wind|p2b: Venusaur|[spread] p2a,p2b\n|-supereffective|p2b: Venusaur|1\n|-damage|p2a: Pelipper|38/100\n|-damage|p2b: Venusaur|45/100\n|-unboost|p2a: Pelipper|spe|1\n|-unboost|p2b: Venusaur|spe|1\n|-enditem|p2a: Pelipper|Sitrus Berry|[eat]\n|-heal|p2a: Pelipper|63/100|[from] item: Sitrus Berry\n|move|p2a: Pelipper|Tailwind|p2a: Pelipper\n|-sidestart|p2: Vienna Vaporeons|move: Tailwind\n|move|p2b: Venusaur|Sludge Bomb|p1a: Charizard\n|-damage|p1a: Charizard|25/100\n|\n|-weather|SunnyDay|[upkeep]\n|upkeep\n|turn|6\n|inactive|Battle timer is ON: inactive players will automatically lose when time's up. (requested by Vienna Vaporeons)\n|\n|t:|1788443169\n|switch|p2a: Basculegion|Basculegion, L50, M, shiny|100/100\n|move|p1b: Vanilluxe|Icy Wind|p2b: Venusaur|[spread] p2a,p2b\n|-resisted|p2a: Basculegion|1\n|-supereffective|p2b: Venusaur|1\n|-damage|p2a: Basculegion|91/100\n|-damage|p2b: Venusaur|34/100\n|-unboost|p2a: Basculegion|spe|1\n|-unboost|p2b: Venusaur|spe|1\n|move|p1a: Charizard|Ancient Power|p2a: Basculegion\n|-damage|p2a: Basculegion|70/100\n|-boost|p1a: Charizard|atk|1\n|-boost|p1a: Charizard|def|1\n|-boost|p1a: Charizard|spa|1\n|-boost|p1a: Charizard|spd|1\n|-boost|p1a: Charizard|spe|1\n|move|p2b: Venusaur|Sludge Bomb|p1a: Charizard\n|-damage|p1a: Charizard|0 fnt\n|faint|p1a: Charizard\n|\n|-weather|SunnyDay|[upkeep]\n|upkeep\n|inactive|kalaluwi has 30 seconds left.\n|\n|t:|1788443200\n|switch|p1a: Garchomp|Garchomp, L50, F|100/100\n|turn|7\n|\n|t:|1788443205\n|switch|p2b: Pelipper|Pelipper, L50, F, shiny|63/100\n|-weather|RainDance|[from] ability: Drizzle|[of] p2b: Pelipper\n|move|p2a: Basculegion|Wave Crash|p1a: Garchomp\n|-damage|p1a: Garchomp|0 fnt\n|-damage|p2a: Basculegion|58/100|[from] ability: Rough Skin|[of] p1a: Garchomp\n|faint|p1a: Garchomp\n|-damage|p2a: Basculegion|26/100|[from] Recoil\n|move|p1b: Vanilluxe|Icy Wind|p2a: Basculegion|[spread] p2a,p2b\n|-resisted|p2a: Basculegion|1\n|-damage|p2a: Basculegion|18/100\n|-damage|p2b: Pelipper|47/100\n|-unboost|p2a: Basculegion|spe|1\n|-unboost|p2b: Pelipper|spe|1\n|\n|-weather|RainDance|[upkeep]\n|upkeep\n|\n|t:|1788443216\n|switch|p1a: Farigiraf|Farigiraf, L50, M|32/100\n|turn|8\n|\n|t:|1788443222\n|move|p2b: Pelipper|Wide Guard|p2b: Pelipper\n|-singleturn|p2b: Pelipper|Wide Guard\n|move|p2a: Basculegion|Wave Crash|p1a: Farigiraf\n|-damage|p1a: Farigiraf|0 fnt\n|faint|p1a: Farigiraf\n|-damage|p2a: Basculegion|6/100|[from] Recoil\n|move|p1b: Vanilluxe|Icy Wind|p2a: Basculegion|[spread] \n|-activate|p2a: Basculegion|move: Wide Guard\n|-activate|p2b: Pelipper|move: Wide Guard\n|\n|-weather|RainDance|[upkeep]\n|-sideend|p2: Vienna Vaporeons|move: Light Screen\n|-sideend|p2: Vienna Vaporeons|move: Tailwind\n|upkeep\n|turn|9\n|\n|t:|1788443227\n|switch|p2a: Venusaur|Venusaur-Mega, L50, F, shiny|34/100\n|move|p2b: Pelipper|Wide Guard|p2b: Pelipper\n|-singleturn|p2b: Pelipper|Wide Guard\n|move|p1b: Vanilluxe|Icy Wind|p2b: Pelipper|[spread] \n|-activate|p2a: Venusaur|move: Wide Guard\n|-activate|p2b: Pelipper|move: Wide Guard\n|\n|-weather|RainDance|[upkeep]\n|upkeep\n|turn|10\n|c|☆kalaluwi|zzz team\n|-message|kalaluwi forfeited.\n|raw|kalaluwi's rating: 1344 &rarr; <strong>1328</strong><br />(-16 for losing)\n|raw|Vienna Vaporeons's rating: 1421 &rarr; <strong>1437</strong><br />(+16 for winning)\n|\n|win|Vienna Vaporeons\n","uploadtime":1788443246,"views":"0","formatid":"gen9championsvgc2026regmbbo3","rating":1328,"private":0,"password":null}