{"id":"gen9championsvgc2026regmbbo3-2674049030","format":"[Gen 9 Champions] VGC 2026 Reg M-B (Bo3)","players":["BravitoRito","humania1"],"log":"|j|☆BravitoRito\n|j|☆humania1\n|html|<table width=\"100%\"><tr><td align=\"left\">BravitoRito</td><td align=\"right\">humania1</tr><tr><td align=\"left\"><i class=\"fa fa-circle\"></i> <i class=\"fa fa-circle-o\"></i> </td><td align=\"right\"><i class=\"fa fa-circle-o\"></i> <i class=\"fa fa-circle-o\"></i> </tr></table>\n|uhtml|bestof|<h2><strong>Game 2</strong> of <a href=\"/game-bestof3-gen9championsvgc2026regmbbo3-2674047305\">a best-of-3</a></h2>\n|t:|1788292473\n|gametype|doubles\n|player|p1|BravitoRito|cameraman|1062\n|player|p2|humania1|266|1069\n|gen|9\n|tier|[Gen 9 Champions] VGC 2026 Reg M-B (Bo3)\n|rated|\n|rule|Species Clause: Limit one of each Pokémon\n|rule|Item Clause: Limit 1 of each item\n|clearpoke\n|poke|p1|Charizard, L50, M|\n|poke|p1|Garchomp, L50, M|\n|poke|p1|Incineroar, L50, F|\n|poke|p1|Venusaur, L50, M|\n|poke|p1|Toxapex, L50, M|\n|poke|p1|Sylveon, L50, M|\n|poke|p2|Blastoise, L50, F|\n|poke|p2|Delphox, L50, F, shiny|\n|poke|p2|Incineroar, L50, M|\n|poke|p2|Sinistcha, L50|\n|poke|p2|Sneasler, L50, M|\n|poke|p2|Vivillon, L50, M|\n|teampreview|4\n|showteam|p1|Charizard||CharizarditeY|Blaze|HeatWave,WeatherBall,SolarBeam,Protect|Timid||M|||50|]Garchomp||ChoiceScarf|RoughSkin|Earthquake,DragonClaw,StompingTantrum,RockSlide|Jolly||M|||50|]Incineroar||SitrusBerry|Intimidate|FlareBlitz,DarkestLariat,FakeOut,PartingShot|Adamant||F|||50|]Venusaur||FocusSash|Chlorophyll|Protect,SludgeBomb,EarthPower,SleepPowder|Modest||M|||50|]Toxapex||Leftovers|Regenerator|Infestation,Toxic,WideGuard,BanefulBunker|Bold||M|||50|]Sylveon||FairyFeather|Pixilate|HyperVoice,QuickAttack,Yawn,Detect|Sassy||M|||50|\n|showteam|p2|Blastoise||Blastoisinite|Torrent|Protect,ShellSmash,WaterSpout,DarkPulse|Modest||F|||50|]Delphox||Delphoxite|Blaze|Protect,HeatWave,Psyshock,NastyPlot|Timid||F|||50|]Incineroar||PasshoBerry|Intimidate|FakeOut,PartingShot,FlareBlitz,ThroatChop|Impish||M|||50|]Sinistcha||SitrusBerry|Hospitality|Protect,MatchaGotcha,TrickRoom,RagePowder|Bold|||||50|]Sneasler||FocusSash|PoisonTouch|QuickGuard,FakeOut,CloseCombat,DireClaw|Jolly||M|||50|]Vivillon||ChoiceScarf|CompoundEyes|Hurricane,SleepPowder,RagePowder,Uturn|Timid||M|||50|\n|inactive|Battle timer is ON: inactive players will automatically lose when time's up. (requested by humania1)\n|\n|t:|1788292485\n|teamsize|p1|4\n|teamsize|p2|4\n|start\n|switch|p1a: Incineroar|Incineroar, L50, F|100/100\n|switch|p1b: Garchomp|Garchomp, L50, M|100/100\n|switch|p2a: Incineroar|Incineroar, L50, M|100/100\n|switch|p2b: Sneasler|Sneasler, L50, M|100/100\n|-ability|p2a: Incineroar|Intimidate|boost\n|-unboost|p1a: Incineroar|atk|1\n|-unboost|p1b: Garchomp|atk|1\n|-ability|p1a: Incineroar|Intimidate|boost\n|-unboost|p2a: Incineroar|atk|1\n|-unboost|p2b: Sneasler|atk|1\n|turn|1\n|inactive|BravitoRito has 30 seconds left.\n|inactive|BravitoRito has 20 seconds left.\n|inactive|BravitoRito has 15 seconds left.\n|\n|t:|1788292526\n|move|p2a: Incineroar|Fake Out|p1a: Incineroar\n|-damage|p1a: Incineroar|93/100\n|cant|p1a: Incineroar|flinch\n|move|p1b: Garchomp|Stomping Tantrum|p2b: Sneasler\n|-supereffective|p2b: Sneasler|1\n|-damage|p2b: Sneasler|6/100\n|move|p2b: Sneasler|Close Combat|p1a: Incineroar\n|-supereffective|p1a: Incineroar|1\n|-damage|p1a: Incineroar|9/100\n|-unboost|p2b: Sneasler|def|1\n|-unboost|p2b: Sneasler|spd|1\n|-status|p1a: Incineroar|psn|[from] ability: Poison Touch|[of] p2b: Sneasler\n|-enditem|p1a: Incineroar|Sitrus Berry|[eat]\n|-heal|p1a: Incineroar|34/100 psn|[from] item: Sitrus Berry\n|\n|-damage|p1a: Incineroar|22/100 psn|[from] psn\n|upkeep\n|turn|2\n|\n|t:|1788292542\n|move|p1b: Garchomp|Stomping Tantrum|p2a: Incineroar\n|-supereffective|p2a: Incineroar|1\n|-damage|p2a: Incineroar|54/100\n|move|p2b: Sneasler|Close Combat|p1a: Incineroar\n|-supereffective|p1a: Incineroar|1\n|-damage|p1a: Incineroar|0 fnt\n|-unboost|p2b: Sneasler|def|1\n|-unboost|p2b: Sneasler|spd|1\n|faint|p1a: Incineroar\n|move|p2a: Incineroar|Flare Blitz|p1b: Garchomp\n|-resisted|p1b: Garchomp|1\n|-damage|p1b: Garchomp|83/100\n|-status|p1b: Garchomp|brn\n|-damage|p2a: Incineroar|42/100|[from] ability: Rough Skin|[of] p1b: Garchomp\n|-damage|p2a: Incineroar|37/100|[from] Recoil\n|\n|-damage|p1b: Garchomp|77/100 brn|[from] brn\n|upkeep\n|\n|t:|1788292550\n|switch|p1a: Charizard|Charizard, L50, M|100/100\n|turn|3\n|\n|t:|1788292557\n|switch|p2b: Sinistcha|Sinistcha, L50|100/100\n|-heal|p2a: Incineroar|61/100|[from] ability: Hospitality|[of] p2b: Sinistcha\n|detailschange|p1a: Charizard|Charizard-Mega-Y, L50, M\n|-mega|p1a: Charizard|Charizard|Charizardite Y\n|-weather|SunnyDay|[from] ability: Drought|[of] p1a: Charizard\n|move|p1b: Garchomp|Stomping Tantrum|p2b: Sinistcha\n|-resisted|p2b: Sinistcha|1\n|-damage|p2b: Sinistcha|94/100\n|move|p1a: Charizard|Weather Ball|p2a: Incineroar\n|-resisted|p2a: Incineroar|1\n|-damage|p2a: Incineroar|20/100y\n|move|p2a: Incineroar|Parting Shot|p1a: Charizard\n|-unboost|p1a: Charizard|atk|1\n|-unboost|p1a: Charizard|spa|1\n|\n|t:|1788292557\n|switch|p2a: Sneasler|Sneasler, L50, M|6/100|[from] Parting Shot\n|\n|-weather|SunnyDay|[upkeep]\n|-damage|p1b: Garchomp|71/100 brn|[from] brn\n|upkeep\n|turn|4\n|\n|t:|1788292571\n|move|p1a: Charizard|Protect|p1a: Charizard\n|-singleturn|p1a: Charizard|Protect\n|move|p1b: Garchomp|Stomping Tantrum|p2a: Sneasler\n|-supereffective|p2a: Sneasler|1\n|-damage|p2a: Sneasler|0 fnt\n|faint|p2a: Sneasler\n|move|p2b: Sinistcha|Matcha Gotcha|p1b: Garchomp|[spread] p1b\n|-activate|p1a: Charizard|move: Protect\n|-damage|p1b: Garchomp|44/100 brn\n|-heal|p2b: Sinistcha|100/100|[from] drain|[of] p1b: Garchomp\n|\n|-weather|SunnyDay|[upkeep]\n|-damage|p1b: Garchomp|38/100 brn|[from] brn\n|upkeep\n|\n|t:|1788292572\n|switch|p2a: Incineroar|Incineroar, L50, M|20/100y\n|-ability|p2a: Incineroar|Intimidate|boost\n|-unboost|p1a: Charizard|atk|1\n|-unboost|p1b: Garchomp|atk|1\n|turn|5\n|\n|t:|1788292583\n|switch|p2a: Delphox|Delphox, L50, F, shiny|100/100\n|move|p2b: Sinistcha|Protect|p2b: Sinistcha\n|-singleturn|p2b: Sinistcha|Protect\n|move|p1b: Garchomp|Stomping Tantrum|p2a: Delphox\n|-supereffective|p2a: Delphox|1\n|-damage|p2a: Delphox|72/100\n|move|p1a: Charizard|Heat Wave|p2b: Sinistcha|[spread] p2a\n|-activate|p2b: Sinistcha|move: Protect\n|-resisted|p2a: Delphox|1\n|-damage|p2a: Delphox|48/100\n|\n|-weather|SunnyDay|[upkeep]\n|-damage|p1b: Garchomp|32/100 brn|[from] brn\n|upkeep\n|turn|6\n|\n|t:|1788292604\n|switch|p2b: Incineroar|Incineroar, L50, M|20/100y\n|-ability|p2b: Incineroar|Intimidate|boost\n|-unboost|p1a: Charizard|atk|1\n|-unboost|p1b: Garchomp|atk|1\n|detailschange|p2a: Delphox|Delphox-Mega, L50, F, shiny\n|-mega|p2a: Delphox|Delphox|Delphoxite\n|move|p1b: Garchomp|Stomping Tantrum|p2a: Delphox\n|-immune|p2a: Delphox|[from] ability: Levitate\n|move|p2a: Delphox|Psyshock|p1b: Garchomp\n|-damage|p1b: Garchomp|0 fnt\n|faint|p1b: Garchomp\n|move|p1a: Charizard|Weather Ball|p2a: Delphox\n|-resisted|p2a: Delphox|1\n|-damage|p2a: Delphox|20/100y\n|\n|-weather|SunnyDay|[upkeep]\n|upkeep\n|\n|t:|1788292617\n|switch|p1b: Toxapex|Toxapex, L50, M|100/100\n|turn|7\n|\n|t:|1788292621\n|move|p1a: Charizard|Protect|p1a: Charizard\n|-singleturn|p1a: Charizard|Protect\n|move|p1b: Toxapex|Baneful Bunker|p1b: Toxapex\n|-singleturn|p1b: Toxapex|move: Protect\n|move|p2a: Delphox|Nasty Plot|p2a: Delphox\n|-boost|p2a: Delphox|spa|2\n|move|p2b: Incineroar|Parting Shot|p1a: Charizard\n|-activate|p1a: Charizard|move: Protect\n|\n|-weather|none\n|upkeep\n|turn|8\n|\n|t:|1788292632\n|move|p1b: Toxapex|Baneful Bunker||[still]\n|-fail|p1b: Toxapex\n|move|p2a: Delphox|Psyshock|p1b: Toxapex\n|-supereffective|p1b: Toxapex|1\n|-damage|p1b: Toxapex|0 fnt\n|faint|p1b: Toxapex\n|move|p1a: Charizard|Heat Wave|p2b: Incineroar|[spread] p2a,p2b\n|-resisted|p2a: Delphox|1\n|-resisted|p2b: Incineroar|1\n|-damage|p2a: Delphox|8/100\n|-damage|p2b: Incineroar|6/100\n|move|p2b: Incineroar|Parting Shot|p1a: Charizard\n|-unboost|p1a: Charizard|atk|1\n|-unboost|p1a: Charizard|spa|1\n|\n|t:|1788292632\n|switch|p2b: Sinistcha|Sinistcha, L50|100/100|[from] Parting Shot\n|-heal|p2a: Delphox|33/100|[from] ability: Hospitality|[of] p2b: Sinistcha\n|\n|upkeep\n|turn|9\n|\n|t:|1788292642\n|move|p2b: Sinistcha|Rage Powder|p2b: Sinistcha\n|-singleturn|p2b: Sinistcha|move: Rage Powder\n|move|p2a: Delphox|Nasty Plot|p2a: Delphox\n|-boost|p2a: Delphox|spa|2\n|move|p1a: Charizard|Heat Wave|p2b: Sinistcha|[spread] p2a,p2b\n|-resisted|p2a: Delphox|1\n|-supereffective|p2b: Sinistcha|1\n|-damage|p2a: Delphox|22/100\n|-damage|p2b: Sinistcha|59/100\n|\n|upkeep\n|turn|10\n|\n|t:|1788292643\n|move|p2a: Delphox|Psyshock|p1a: Charizard\n|-damage|p1a: Charizard|0 fnt\n|faint|p1a: Charizard\n|\n|win|humania1\n","uploadtime":1788292644,"views":"0","formatid":"gen9championsvgc2026regmbbo3","rating":null,"private":0,"password":null}