{"id":"gen9championsvgc2026regmbbo3-2673558709","format":"[Gen 9 Champions] VGC 2026 Reg M-B (Bo3)","players":["glaliefan5","gyaradosagent93"],"log":"|j|☆glaliefan5\n|j|☆gyaradosagent93\n|html|<table width=\"100%\"><tr><td align=\"left\">glaliefan5</td><td align=\"right\">gyaradosagent93</tr><tr><td align=\"left\"><i class=\"fa fa-circle\"></i> <i class=\"fa fa-circle-o\"></i> </td><td align=\"right\"><i class=\"fa fa-circle-o\"></i> <i class=\"fa fa-circle\"></i> </tr></table>\n|uhtml|bestof|<h2><strong>Game 3</strong> of <a href=\"/game-bestof3-gen9championsvgc2026regmbbo3-2673555906\">a best-of-3</a></h2>\n|t:|1788213018\n|gametype|doubles\n|player|p1|glaliefan5|266|1357\n|player|p2|gyaradosagent93|1|1257\n|gen|9\n|tier|[Gen 9 Champions] VGC 2026 Reg M-B (Bo3)\n|rated|\n|rule|Species Clause: Limit one of each Pokémon\n|rule|Item Clause: Limit 1 of each item\n|clearpoke\n|poke|p1|Floette-Eternal, L50, F|\n|poke|p1|Whimsicott, L50, F, shiny|\n|poke|p1|Garchomp, L50, M, shiny|\n|poke|p1|Basculegion, L50, M, shiny|\n|poke|p1|Charizard, L50, F, shiny|\n|poke|p1|Kingambit, L50, F, shiny|\n|poke|p2|Dragonite, L50, M|\n|poke|p2|Kingambit, L50, M|\n|poke|p2|Whimsicott, L50, M|\n|poke|p2|Ninetales-Alola, L50, M|\n|poke|p2|Glimmora, L50, M|\n|poke|p2|Basculegion, L50, M|\n|teampreview|4\n|showteam|p1|Floette-Eternal||Floettite|FlowerVeil|Protect,DazzlingGleam,Moonblast,LightofRuin|Modest||F|||50|]Whimsicott||FocusSash|Prankster|Protect,Moonblast,Tailwind,Encore|Timid||F|||50|]Garchomp||SitrusBerry|RoughSkin|Protect,DragonClaw,Earthquake,RockSlide|Jolly||M|||50|]Basculegion||LifeOrb|Adaptability|Protect,WaveCrash,AquaJet,LastRespects|Adamant||M|||50|]Charizard||CharizarditeY|Blaze|Protect,HeatWave,WeatherBall,SolarBeam|Modest||F|||50|]Kingambit||ChopleBerry|Defiant|KowtowCleave,SuckerPunch,IronHead,LowKick|Adamant||F|||50|\n|showteam|p2|Dragonite||Dragoninite|InnerFocus|DragonPulse,HeatWave,Thunderbolt,Protect|Modest||M|||50|]Kingambit||ChopleBerry|Defiant|KowtowCleave,IronHead,LowKick,SuckerPunch|Adamant||M|||50|]Whimsicott||FocusSash|Prankster|Moonblast,Tailwind,Encore,Protect|Timid||M|||50|]Ninetales-Alola||NeverMeltIce|SnowWarning|Blizzard,FreezeDry,AuroraVeil,Protect|Timid||M|||50|]Glimmora||Glimmoranite|ToxicDebris|PowerGem,SludgeBomb,EarthPower,SpikyShield|Modest||M|||50|]Basculegion||LifeOrb|Adaptability|WaveCrash,LastRespects,AquaJet,Protect|Adamant||M|||50|\n|\n|t:|1788213086\n|teamsize|p1|4\n|teamsize|p2|4\n|start\n|switch|p1a: Kingambit|Kingambit, L50, F, shiny|100/100\n|switch|p1b: Whimsicott|Whimsicott, L50, F, shiny|100/100\n|switch|p2a: Whimsicott|Whimsicott, L50, M|100/100\n|switch|p2b: Dragonite|Dragonite, L50, M|100/100\n|turn|1\n|\n|t:|1788213102\n|detailschange|p2b: Dragonite|Dragonite-Mega, L50, M\n|-mega|p2b: Dragonite|Dragonite|Dragoninite\n|move|p2a: Whimsicott|Tailwind|p2a: Whimsicott\n|-sidestart|p2: gyaradosagent93|move: Tailwind\n|move|p2b: Dragonite|Heat Wave|p1a: Kingambit|[spread] p1a,p1b\n|-supereffective|p1a: Kingambit|1\n|-supereffective|p1b: Whimsicott|1\n|-damage|p1a: Kingambit|43/100\n|-enditem|p1b: Whimsicott|Focus Sash\n|-damage|p1b: Whimsicott|1/100\n|move|p1b: Whimsicott|Moonblast|p2b: Dragonite\n|-supereffective|p2b: Dragonite|1\n|-damage|p2b: Dragonite|70/100\n|-unboost|p2b: Dragonite|spa|1\n|move|p1a: Kingambit|Kowtow Cleave|p2b: Dragonite\n|-damage|p2b: Dragonite|29/100\n|\n|upkeep\n|turn|2\n|\n|t:|1788213126\n|switch|p2b: Kingambit|Kingambit, L50, M|100/100\n|move|p1b: Whimsicott|Tailwind|p1b: Whimsicott\n|-sidestart|p1: glaliefan5|move: Tailwind\n|move|p1a: Kingambit|Sucker Punch||[still]\n|-fail|p1a: Kingambit\n|move|p2a: Whimsicott|Moonblast|p1a: Kingambit\n|-damage|p1a: Kingambit|5/100\n|\n|upkeep\n|turn|3\n|\n|t:|1788213140\n|move|p1b: Whimsicott|Protect|p1b: Whimsicott\n|-singleturn|p1b: Whimsicott|Protect\n|move|p2a: Whimsicott|Encore|p1b: Whimsicott\n|-activate|p1b: Whimsicott|move: Protect\n|move|p1a: Kingambit|Sucker Punch||[still]\n|-fail|p1a: Kingambit\n|move|p2b: Kingambit|Sucker Punch||[still]\n|-fail|p2b: Kingambit\n|\n|upkeep\n|turn|4\n|\n|t:|1788213159\n|switch|p1b: Charizard|Charizard, L50, F, shiny|100/100\n|move|p2a: Whimsicott|Encore||[still]\n|-fail|p2a: Whimsicott\n|move|p1a: Kingambit|Sucker Punch|p2b: Kingambit\n|-resisted|p2b: Kingambit|1\n|-damage|p2b: Kingambit|86/100\n|move|p2b: Kingambit|Kowtow Cleave|p1a: Kingambit\n|-resisted|p1a: Kingambit|1\n|-damage|p1a: Kingambit|0 fnt\n|faint|p1a: Kingambit\n|\n|-sideend|p2: gyaradosagent93|move: Tailwind\n|upkeep\n|\n|t:|1788213162\n|switch|p1a: Whimsicott|Whimsicott, L50, F, shiny|1/100\n|turn|5\n|\n|t:|1788213174\n|switch|p2b: Basculegion|Basculegion, L50, M|100/100\n|detailschange|p1b: Charizard|Charizard-Mega-Y, L50, F, shiny\n|-mega|p1b: Charizard|Charizard|Charizardite Y\n|-weather|SunnyDay|[from] ability: Drought|[of] p1b: Charizard\n|move|p2a: Whimsicott|Protect|p2a: Whimsicott\n|-singleturn|p2a: Whimsicott|Protect\n|move|p1a: Whimsicott|Moonblast|p2a: Whimsicott\n|-activate|p2a: Whimsicott|move: Protect\n|move|p1b: Charizard|Heat Wave|p2b: Basculegion|[spread] p2b\n|-activate|p2a: Whimsicott|move: Protect\n|-resisted|p2b: Basculegion|1\n|-damage|p2b: Basculegion|60/100\n|-status|p2b: Basculegion|brn\n|\n|-weather|SunnyDay|[upkeep]\n|-damage|p2b: Basculegion|54/100 brn|[from] brn\n|-sideend|p1: glaliefan5|move: Tailwind\n|upkeep\n|turn|6\n|\n|t:|1788213202\n|move|p2a: Whimsicott|Tailwind|p2a: Whimsicott\n|-sidestart|p2: gyaradosagent93|move: Tailwind\n|move|p2b: Basculegion|Aqua Jet|p1a: Whimsicott\n|-resisted|p1a: Whimsicott|1\n|-damage|p1a: Whimsicott|0 fnt\n|faint|p1a: Whimsicott\n|-damage|p2b: Basculegion|44/100 brn|[from] item: Life Orb\n|move|p1b: Charizard|Heat Wave|p2a: Whimsicott|[spread] p2a,p2b\n|-supereffective|p2a: Whimsicott|1\n|-resisted|p2b: Basculegion|1\n|-enditem|p2a: Whimsicott|Focus Sash\n|-damage|p2a: Whimsicott|1/100\n|-damage|p2b: Basculegion|9/100 brn\n|\n|-weather|SunnyDay|[upkeep]\n|-damage|p2b: Basculegion|3/100 brn|[from] brn\n|upkeep\n|\n|t:|1788213206\n|switch|p1a: Basculegion|Basculegion, L50, M, shiny|100/100\n|turn|7\n|\n|t:|1788213225\n|move|p2a: Whimsicott|Protect|p2a: Whimsicott\n|-singleturn|p2a: Whimsicott|Protect\n|move|p2b: Basculegion|Aqua Jet|p1b: Charizard\n|-supereffective|p1b: Charizard|1\n|-damage|p1b: Charizard|80/100\n|-damage|p2b: Basculegion|0 fnt|[from] item: Life Orb\n|faint|p2b: Basculegion\n|move|p1a: Basculegion|Aqua Jet|p2a: Whimsicott\n|-activate|p2a: Whimsicott|move: Protect\n|move|p1b: Charizard|Weather Ball|p2a: Whimsicott\n|-activate|p2a: Whimsicott|move: Protect\n|\n|-weather|SunnyDay|[upkeep]\n|upkeep\n|\n|t:|1788213239\n|switch|p2b: Dragonite|Dragonite-Mega, L50, M|29/100\n|turn|8\n|\n|t:|1788213259\n|move|p2b: Dragonite|Protect|p2b: Dragonite\n|-singleturn|p2b: Dragonite|Protect\n|move|p1a: Basculegion|Protect|p1a: Basculegion\n|-singleturn|p1a: Basculegion|Protect\n|move|p2a: Whimsicott|Encore|p1a: Basculegion\n|-activate|p1a: Basculegion|move: Protect\n|move|p1b: Charizard|Heat Wave|p2a: Whimsicott|[spread] p2a\n|-activate|p2b: Dragonite|move: Protect\n|-supereffective|p2a: Whimsicott|1\n|-damage|p2a: Whimsicott|0 fnt\n|faint|p2a: Whimsicott\n|\n|-weather|SunnyDay|[upkeep]\n|upkeep\n|\n|t:|1788213270\n|switch|p2a: Kingambit|Kingambit, L50, M|86/100\n|turn|9\n|\n|t:|1788213293\n|move|p2a: Kingambit|Sucker Punch|p1b: Charizard\n|-damage|p1b: Charizard|33/100\n|move|p2b: Dragonite|Thunderbolt|p1b: Charizard\n|-supereffective|p1b: Charizard|1\n|-damage|p1b: Charizard|0 fnt\n|faint|p1b: Charizard\n|move|p1a: Basculegion|Last Respects|p2b: Dragonite\n|-damage|p2b: Dragonite|0 fnt\n|faint|p2b: Dragonite\n|-damage|p1a: Basculegion|90/100|[from] item: Life Orb\n|\n|-weather|none\n|-sideend|p2: gyaradosagent93|move: Tailwind\n|upkeep\n|turn|10\n|\n|t:|1788213305\n|move|p1a: Basculegion|Wave Crash|p2a: Kingambit\n|-damage|p2a: Kingambit|6/100\n|-damage|p1a: Basculegion|64/100|[from] Recoil\n|-damage|p1a: Basculegion|54/100|[from] item: Life Orb\n|move|p2a: Kingambit|Kowtow Cleave|p1a: Basculegion\n|-supereffective|p1a: Basculegion|1\n|-damage|p1a: Basculegion|0 fnt\n|faint|p1a: Basculegion\n|\n|win|gyaradosagent93\n|raw|glaliefan5's rating: 1357 &rarr; <strong>1331</strong><br />(-26 for losing)\n|raw|gyaradosagent93's rating: 1257 &rarr; <strong>1289</strong><br />(+32 for winning)\n|l|☆glaliefan5\n|player|p1|\n|c|☆gyaradosagent93|gg\n","uploadtime":1788213359,"views":"1","formatid":"gen9championsvgc2026regmbbo3","rating":1289,"private":0,"password":null}