{"id":"gen9championsvgc2026regmb-2674937919","format":"[Gen 9 Champions] VGC 2026 Reg M-B","players":["m0ckingej","Blake_the_Snake"],"log":"|j|☆m0ckingej\n|j|☆Blake_the_Snake\n|html|<table width=\"100%\"><tr><td align=\"left\">m0ckingej</td><td align=\"right\">Blake_the_Snake</tr><tr><td align=\"left\"><i class=\"fa fa-circle-o\"></i> <i class=\"fa fa-circle-o\"></i> </td><td align=\"right\"><i class=\"fa fa-circle-o\"></i> <i class=\"fa fa-circle\"></i> </tr></table>\n|uhtml|bestof|<h2><strong>Game 2</strong> of <a href=\"/game-bestof3-gen9championsvgc2026regmb-2674933279\">a best-of-3</a></h2>\n|t:|1788438989\n|gametype|doubles\n|player|p1|m0ckingej|alder|\n|player|p2|Blake_the_Snake|byron|\n|gen|9\n|tier|[Gen 9 Champions] VGC 2026 Reg M-B\n|rule|Species Clause: Limit one of each Pokémon\n|rule|Item Clause: Limit 1 of each item\n|raw|<div class=\"infobox\"><details class=\"readmore\" open><summary><strong>1 custom rule:</strong></summary> Best of = 3</details></div>\n|clearpoke\n|poke|p1|Garchomp, L50, M, shiny|\n|poke|p1|Charizard, L50, M, shiny|\n|poke|p1|Scovillain, L50, M, shiny|\n|poke|p1|Vivillon, L50, M, shiny|\n|poke|p1|Tinkaton, L50, F, shiny|\n|poke|p1|Cofagrigus, L50, M, shiny|\n|poke|p2|Diggersby, L50, M|\n|poke|p2|Passimian, L50, M|\n|poke|p2|Klefki, L50, M|\n|poke|p2|Noivern, L50, M|\n|poke|p2|Venusaur, L50, M|\n|poke|p2|Vivillon-Icy Snow, L50, M|\n|teampreview|4\n|inactive|Battle timer is ON: inactive players will automatically lose when time's up. (requested by Blake_the_Snake)\n|j| lumiere215\n|inactiveoff|Battle timer is now OFF.\n|j| Rockylosta\nm0ckingej rejected open team sheets.\n|c| lumiere215|Dayum need to change my undies after that one.\n|j| Sketchyseal3264\n|c|☆Blake_the_Snake|Passi doing ok on debut\n|c|☆Blake_the_Snake|look at lebron go!\n|c| lumiere215|Those low point picks are pulling their weight for sure.\n|j| Crampy\n|\n|t:|1788439184\n|teamsize|p1|4\n|teamsize|p2|4\n|start\n|switch|p1a: Tinkaton|Tinkaton, L50, F, shiny|100/100\n|switch|p1b: Cofagrigus|Cofagrigus, L50, M, shiny|100/100\n|switch|p2a: Dig Did 911|Diggersby, L50, M|100/100\n|switch|p2b: Klefki-Party|Klefki, L50, M|100/100\n|-ability|p1a: Tinkaton|Mold Breaker\n|turn|1\n|\n|t:|1788439236\n|move|p1a: Tinkaton|Fake Out|p2a: Dig Did 911\n|-damage|p2a: Dig Did 911|87/100\n|cant|p2a: Dig Did 911|flinch\n|move|p2b: Klefki-Party|Foul Play|p1b: Cofagrigus\n|-supereffective|p1b: Cofagrigus|1\n|-damage|p1b: Cofagrigus|81/100\n|-activate|p1b: Cofagrigus|ability: Mummy|p2b: Klefki-Party|[ability] Prankster\n|move|p1b: Cofagrigus|Iron Defense|p1b: Cofagrigus\n|-boost|p1b: Cofagrigus|def|2\n|\n|upkeep\n|turn|2\n|\n|t:|1788439328\n|switch|p1a: Garchomp|Garchomp, L50, M, shiny|100/100\n|switch|p2b: Caraxes|Noivern, L50, M|100/100\n|-item|p1a: Garchomp|Choice Scarf|[from] ability: Frisk|[of] p2b: Caraxes\n|-item|p1b: Cofagrigus|Lum Berry|[from] ability: Frisk|[of] p2b: Caraxes\n|move|p2a: Dig Did 911|Earthquake|p1a: Garchomp|[spread] p1a,p1b\n|-immune|p2b: Caraxes\n|-damage|p1a: Garchomp|55/100\n|-damage|p1b: Cofagrigus|61/100\n|move|p1b: Cofagrigus|Iron Defense|p1b: Cofagrigus\n|-boost|p1b: Cofagrigus|def|2\n|\n|upkeep\n|turn|3\n|l| Crampy\n|\n|t:|1788439384\n|switch|p2b: Klefki-Party|Klefki, L50, M|100/100\n|switch|p2a: Land Before Thyme|Venusaur, L50, M|100/100\n|move|p1a: Garchomp|Dragon Claw|p2b: Klefki-Party\n|-immune|p2b: Klefki-Party\n|move|p1b: Cofagrigus|Rest|p1b: Cofagrigus\n|-status|p1b: Cofagrigus|slp|[from] move: Rest\n|-enditem|p1b: Cofagrigus|Lum Berry|[eat]\n|-curestatus|p1b: Cofagrigus|slp|[msg]\n|-heal|p1b: Cofagrigus|100/100|[silent]\n|\n|upkeep\n|turn|4\n|j| lidorkork\n|\n|t:|1788439531\n|switch|p1a: Vivillon|Vivillon, L50, M, shiny|100/100\n|detailschange|p2a: Land Before Thyme|Venusaur-Mega, L50, M\n|-mega|p2a: Land Before Thyme|Venusaur|Venusaurite\n|move|p2b: Klefki-Party|Reflect|p2b: Klefki-Party\n|-sidestart|p2: Blake_the_Snake|Reflect\n|move|p2a: Land Before Thyme|Leech Seed|p1b: Cofagrigus\n|-start|p1b: Cofagrigus|move: Leech Seed\n|move|p1b: Cofagrigus|Body Press|p2a: Land Before Thyme\n|-resisted|p2a: Land Before Thyme|1\n|-crit|p2a: Land Before Thyme\n|-damage|p2a: Land Before Thyme|62/100\n|\n|-damage|p1b: Cofagrigus|87/100|[from] Leech Seed|[of] p2a: Land Before Thyme\n|-heal|p2a: Land Before Thyme|72/100|[silent]\n|upkeep\n|turn|5\n|\n|t:|1788439631\n|move|p1a: Vivillon|Tailwind|p1a: Vivillon\n|-sidestart|p1: m0ckingej|move: Tailwind\n|move|p2a: Land Before Thyme|Leech Seed|p1a: Vivillon\n|-start|p1a: Vivillon|move: Leech Seed\n|move|p1b: Cofagrigus|Body Press|p2b: Klefki-Party\n|-damage|p2b: Klefki-Party|37/100\n|move|p2b: Klefki-Party|Foul Play|p1a: Vivillon\n|-damage|p1a: Vivillon|77/100\n|\n|-damage|p1a: Vivillon|65/100|[from] Leech Seed|[of] p2a: Land Before Thyme\n|-heal|p2a: Land Before Thyme|82/100|[silent]\n|-damage|p1b: Cofagrigus|75/100|[from] Leech Seed|[of] p2a: Land Before Thyme\n|-heal|p2a: Land Before Thyme|93/100|[silent]\n|upkeep\n|turn|6\n|\n|t:|1788439680\n|switch|p1a: Tinkaton|Tinkaton, L50, F, shiny|100/100\n|-ability|p1a: Tinkaton|Mold Breaker\n|move|p2a: Land Before Thyme|Giga Drain|p1b: Cofagrigus\n|-damage|p1b: Cofagrigus|51/100\n|-heal|p2a: Land Before Thyme|100/100|[from] drain|[of] p1b: Cofagrigus\n|move|p1b: Cofagrigus|Body Press|p2b: Klefki-Party\n|-damage|p2b: Klefki-Party|0 fnt\n|faint|p2b: Klefki-Party\n|\n|-damage|p1b: Cofagrigus|39/100|[from] Leech Seed|[of] p2a: Land Before Thyme\n|upkeep\n|\n|t:|1788439697\n|switch|p2b: Caraxes|Noivern, L50, M|100/100\n|-item|p1a: Tinkaton|Sitrus Berry|[from] ability: Frisk|[of] p2b: Caraxes\n|turn|7\n|\n|t:|1788439725\n|move|p1a: Tinkaton|Fake Out|p2b: Caraxes\n|-damage|p2b: Caraxes|90/100\n|cant|p2b: Caraxes|flinch\n|move|p2a: Land Before Thyme|Giga Drain|p1b: Cofagrigus\n|-damage|p1b: Cofagrigus|15/100\n|move|p1b: Cofagrigus|Rest|p1b: Cofagrigus\n|-status|p1b: Cofagrigus|slp|[from] move: Rest\n|-heal|p1b: Cofagrigus|100/100 slp|[silent]\n|\n|-damage|p1b: Cofagrigus|87/100 slp|[from] Leech Seed|[of] p2a: Land Before Thyme\n|upkeep\n|turn|8\n|\n|t:|1788439797\n|move|p1a: Tinkaton|Gigaton Hammer|p2b: Caraxes\n|-damage|p2b: Caraxes|41/100\n|move|p2b: Caraxes|Flamethrower|p1a: Tinkaton\n|-supereffective|p1a: Tinkaton|1\n|-damage|p1a: Tinkaton|23/100\n|-enditem|p1a: Tinkaton|Sitrus Berry|[eat]\n|-heal|p1a: Tinkaton|48/100|[from] item: Sitrus Berry\n|-damage|p2b: Caraxes|31/100|[from] item: Life Orb\n|move|p2a: Land Before Thyme|Leech Seed|p1a: Tinkaton\n|-start|p1a: Tinkaton|move: Leech Seed\n|cant|p1b: Cofagrigus|slp\n|move|p1b: Cofagrigus|Sleep Talk|p1b: Cofagrigus\n|move|p1b: Cofagrigus|Body Press|p2b: Caraxes|[from] move: Sleep Talk\n|-resisted|p2b: Caraxes|1\n|-damage|p2b: Caraxes|0 fnt\n|faint|p2b: Caraxes\n|\n|-damage|p1a: Tinkaton|36/100|[from] Leech Seed|[of] p2a: Land Before Thyme\n|-damage|p1b: Cofagrigus|75/100 slp|[from] Leech Seed|[of] p2a: Land Before Thyme\n|-sideend|p2: Blake_the_Snake|Reflect\n|-sideend|p1: m0ckingej|move: Tailwind\n|upkeep\n|\n|t:|1788439815\n|switch|p2b: Dig Did 911|Diggersby, L50, M|87/100\n|turn|9\n|l| Rockylosta\n|j| Rockylosta\n|\n|t:|1788439857\n|move|p2b: Dig Did 911|Rock Slide|p1a: Tinkaton|[spread] p1a,p1b\n|-resisted|p1a: Tinkaton|1\n|-damage|p1a: Tinkaton|21/100\n|-damage|p1b: Cofagrigus|69/100 slp\n|move|p1a: Tinkaton|Encore|p2a: Land Before Thyme\n|-start|p2a: Land Before Thyme|Encore\n|move|p2a: Land Before Thyme|Leech Seed||[still]\n|-fail|p2a: Land Before Thyme\n|cant|p1b: Cofagrigus|slp\n|cant|p1b: Cofagrigus|flinch\n|\n|-damage|p1a: Tinkaton|8/100|[from] Leech Seed|[of] p2a: Land Before Thyme\n|-damage|p1b: Cofagrigus|56/100 slp|[from] Leech Seed|[of] p2a: Land Before Thyme\n|upkeep\n|turn|10\n|j| indianpro#2011\n|\n|t:|1788439882\n|move|p2b: Dig Did 911|Rock Slide|p1a: Tinkaton|[spread] p1a,p1b\n|-resisted|p1a: Tinkaton|1\n|-damage|p1a: Tinkaton|0 fnt\n|-damage|p1b: Cofagrigus|49/100 slp\n|faint|p1a: Tinkaton\n|move|p2a: Land Before Thyme|Leech Seed||[still]\n|-fail|p2a: Land Before Thyme\n|-curestatus|p1b: Cofagrigus|slp|[msg]\n|move|p1b: Cofagrigus|Body Press|p2b: Dig Did 911\n|-supereffective|p2b: Dig Did 911|1\n|-damage|p2b: Dig Did 911|0 fnt\n|faint|p2b: Dig Did 911\n|\n|-damage|p1b: Cofagrigus|37/100|[from] Leech Seed|[of] p2a: Land Before Thyme\n|upkeep\n|\n|t:|1788439893\n|switch|p1a: Vivillon|Vivillon, L50, M, shiny|65/100\n|turn|11\n|\n|t:|1788439907\n|switch|p1b: Garchomp|Garchomp, L50, M, shiny|55/100\n|move|p1a: Vivillon|Hurricane|p2a: Land Before Thyme\n|-supereffective|p2a: Land Before Thyme|1\n|-damage|p2a: Land Before Thyme|28/100\n|move|p2a: Land Before Thyme|Leech Seed|p1a: Vivillon|[miss]\n|-miss|p2a: Land Before Thyme|p1a: Vivillon\n|\n|-end|p2a: Land Before Thyme|Encore\n|upkeep\n|turn|12\n|c|☆m0ckingej|HOLY SHT i didnt think i was gonna escape g2\n|c|☆Blake_the_Snake|rip\n|\n|t:|1788439930\n|move|p1b: Garchomp|Earthquake|p2a: Land Before Thyme|[spread] p2a\n|-immune|p1a: Vivillon\n|-damage|p2a: Land Before Thyme|4/100\n|move|p1a: Vivillon|Hurricane|p2a: Land Before Thyme|[miss]\n|-miss|p1a: Vivillon|p2a: Land Before Thyme\n|move|p2a: Land Before Thyme|Giga Drain|p1b: Garchomp\n|-damage|p1b: Garchomp|30/100\n|-heal|p2a: Land Before Thyme|17/100|[from] drain|[of] p1b: Garchomp\n|\n|upkeep\n|turn|13\n|c|☆m0ckingej|;-;\n|\n|t:|1788439957\n|move|p1b: Garchomp|Earthquake|p2a: Land Before Thyme|[spread] p2a\n|-immune|p1a: Vivillon\n|-damage|p2a: Land Before Thyme|0 fnt\n|faint|p2a: Land Before Thyme\n|\n|win|m0ckingej\n||Blake_the_Snake is ready for game 3.\n||m0ckingej is ready for game 3.\n|uhtml|next|Next: <a href=\"/battle-gen9championsvgc2026regmb-2674944388\"><strong>Game 3 of 3</strong></a>\n|l| Rockylosta\n|l| lidorkork\n|l| Sketchyseal3264\n","uploadtime":1788440517,"views":"13","formatid":"gen9championsvgc2026regmb","rating":null,"private":0,"password":null}