{"id":"gen9championsvgc2026regmb-2673971120","format":"[Gen 9 Champions] VGC 2026 Reg M-B","players":["dhrx","Golden Spam"],"log":"|j|☆dhrx\n|j|☆Golden Spam\n|t:|1788283305\n|gametype|doubles\n|player|p1|dhrx|lucian|1336\n|player|p2|Golden Spam|liza|1376\n|gen|9\n|tier|[Gen 9 Champions] VGC 2026 Reg M-B\n|rated|\n|rule|Species Clause: Limit one of each Pokémon\n|rule|Item Clause: Limit 1 of each item\n|clearpoke\n|poke|p1|Lopunny, L50, M|\n|poke|p1|Ceruledge, L50, M|\n|poke|p1|Farigiraf, L50, F|\n|poke|p1|Basculegion, L50, M|\n|poke|p1|Ninetales-Alola, L50, F|\n|poke|p1|Kingambit, L50, F|\n|poke|p2|Raichu, L50, F|\n|poke|p2|Zoroark-Hisui, L50, M|\n|poke|p2|Maushold, L50|\n|poke|p2|Talonflame, L50, M|\n|poke|p2|Blastoise, L50, F|\n|poke|p2|Tsareena, L50, F|\n|teampreview|4\ndhrx rejected open team sheets.\n|inactive|Battle timer is ON: inactive players will automatically lose when time's up. (requested by Golden Spam)\n|inactive|dhrx has 60 seconds left.\n|\n|t:|1788283372\n|teamsize|p1|4\n|teamsize|p2|4\n|start\n|switch|p1a: Lopunny|Lopunny, L50, M|100/100\n|switch|p1b: Basculegion|Basculegion, L50, M|100/100\n|switch|p2a: Talonflame|Talonflame, L50, M|100/100\n|switch|p2b: Tsareena|Tsareena, L50, F|100/100\n|turn|1\n|inactive|Golden Spam has 30 seconds left.\n|inactive|Golden Spam has 20 seconds left.\n|\n|t:|1788283408\n|detailschange|p1a: Lopunny|Lopunny-Mega, L50, M\n|-mega|p1a: Lopunny|Lopunny|Lopunnite\n|move|p2a: Talonflame|Tailwind|p2a: Talonflame\n|-sidestart|p2: Golden Spam|move: Tailwind\n|move|p2b: Tsareena|Shadow Ball|p1b: Basculegion\n|-supereffective|p1b: Basculegion|1\n|-damage|p1b: Basculegion|0 fnt\n|faint|p1b: Basculegion\n|-damage|p2b: Tsareena|90/100|[from] item: Life Orb\n|move|p1a: Lopunny|Triple Axel|p2b: Tsareena\n|-damage|p2b: Tsareena|74/100\n|replace|p2b: Zoroark|Zoroark-Hisui, L50, M\n|-end|p2b: Zoroark|Illusion\n|-damage|p2b: Zoroark|44/100\n|-damage|p2b: Zoroark|1/100\n|-hitcount|p2b: Zoroark|3\n|\n|upkeep\n|\n|t:|1788283426\n|switch|p1b: Farigiraf|Farigiraf, L50, F|100/100\n|turn|2\n|inactive|dhrx has 30 seconds left.\n|\n|t:|1788283455\n|move|p2a: Talonflame|Dual Wingbeat||[still]\n|cant|p1b: Farigiraf|ability: Armor Tail|Dual Wingbeat|[of] p2a: Talonflame\n|move|p2b: Zoroark|Taunt|p1b: Farigiraf\n|-start|p1b: Farigiraf|move: Taunt\n|move|p1a: Lopunny|Close Combat|p2b: Zoroark\n|-supereffective|p2b: Zoroark|1\n|-damage|p2b: Zoroark|0 fnt\n|-unboost|p1a: Lopunny|def|1\n|-unboost|p1a: Lopunny|spd|1\n|faint|p2b: Zoroark\n|cant|p1b: Farigiraf|move: Taunt|Trick Room\n|\n|upkeep\n|\n|t:|1788283471\n|switch|p2b: Blastoise|Blastoise, L50, F|100/100\n|turn|3\n|\n|t:|1788283485\n|detailschange|p2b: Blastoise|Blastoise-Mega, L50, F\n|-mega|p2b: Blastoise|Blastoise|Blastoisinite\n|move|p2a: Talonflame|Flare Blitz|p1b: Farigiraf\n|-damage|p1b: Farigiraf|53/100\n|-damage|p2a: Talonflame|78/100|[from] Recoil\n|move|p2b: Blastoise|Water Spout|p1b: Farigiraf|[spread] p1a,p1b\n|-damage|p1a: Lopunny|0 fnt\n|-damage|p1b: Farigiraf|0 fnt\n|faint|p1a: Lopunny\n|faint|p1b: Farigiraf\n|\n|upkeep\n|\n|t:|1788283497\n|switch|p1b: Ceruledge|Ceruledge, L50, M|100/100\n|turn|4\n|\n|t:|1788283508\n|move|p2a: Talonflame|Protect|p2a: Talonflame\n|-singleturn|p2a: Talonflame|Protect\n|move|p2b: Blastoise|Dark Pulse|p1b: Ceruledge\n|-supereffective|p1b: Ceruledge|1\n|-enditem|p1b: Ceruledge|Focus Sash\n|-damage|p1b: Ceruledge|1/100\n|move|p1b: Ceruledge|Poltergeist|p2b: Blastoise\n|-activate|p2b: Blastoise|move: Poltergeist|Blastoisinite\n|-damage|p2b: Blastoise|42/100\n|\n|-sideend|p2: Golden Spam|move: Tailwind\n|upkeep\n|turn|5\n|-message|dhrx forfeited.\n|\n|win|Golden Spam\n|raw|dhrx's rating: 1336 &rarr; <strong>1318</strong><br />(-18 for losing)\n|raw|Golden Spam's rating: 1376 &rarr; <strong>1394</strong><br />(+18 for winning)\n","uploadtime":1788283524,"views":"1","formatid":"gen9championsvgc2026regmb","rating":1318,"private":0,"password":null}