{"id":"gen9championsvgc2026regmbbo3-2673912179","format":"[Gen 9 Champions] VGC 2026 Reg M-B (Bo3)","players":["IronSerpentFan","Aikong"],"log":"|j|☆IronSerpentFan\n|j|☆Aikong\n|html|<table width=\"100%\"><tr><td align=\"left\">IronSerpentFan</td><td align=\"right\">Aikong</tr><tr><td align=\"left\"><i class=\"fa fa-circle-o\"></i> <i class=\"fa fa-circle-o\"></i> </td><td align=\"right\"><i class=\"fa fa-circle-o\"></i> <i class=\"fa fa-circle-o\"></i> </tr></table>\n|uhtml|bestof|<h2><strong>Game 1</strong> of <a href=\"/game-bestof3-gen9championsvgc2026regmbbo3-2673912178\">a best-of-3</a></h2>\n|t:|1788276275\n|gametype|doubles\n|player|p1|IronSerpentFan|schoolkid-gen4|1077\n|player|p2|Aikong|266|1073\n|gen|9\n|tier|[Gen 9 Champions] VGC 2026 Reg M-B (Bo3)\n|rated|\n|rule|Species Clause: Limit one of each Pokémon\n|rule|Item Clause: Limit 1 of each item\n|clearpoke\n|poke|p1|Politoed, L50, M|\n|poke|p1|Gengar, L50, M|\n|poke|p1|Incineroar, L50, F|\n|poke|p1|Sinistcha, L50|\n|poke|p1|Whimsicott, L50, F|\n|poke|p1|Staraptor, L50, M|\n|poke|p2|Umbreon, L50, M, shiny|\n|poke|p2|Feraligatr, L50, F, shiny|\n|poke|p2|Sneasler, L50, M, shiny|\n|poke|p2|Incineroar, L50, M|\n|poke|p2|Metagross, L50, shiny|\n|poke|p2|Sinistcha-Masterpiece, L50|\n|teampreview|4\n|showteam|p1|Politoed||SitrusBerry|Drizzle|Protect,Encore,WeatherBall,PerishSong|Modest||M|||50|]Gengar||Gengarite|CursedBody|Protect,Disable,ShadowBall,SludgeBomb|Timid||M|||50|]Incineroar||PasshoBerry|Intimidate|Protect,FakeOut,ThroatChop,PartingShot|Sassy||F|||50|]Sinistcha||ColburBerry|Hospitality|Protect,RagePowder,MatchaGotcha,TrickRoom|Sassy|||||50|]Whimsicott||FocusSash|Prankster|Protect,Tailwind,Moonblast,Charm|Timid||F|||50|]Staraptor||Staraptite|Intimidate|Protect,Roost,CloseCombat,BraveBird|Jolly||M|||50|\n|showteam|p2|Umbreon||Leftovers|InnerFocus|Detect,FoulPlay,Snarl,Yawn|Bold||M|||50|]Feraligatr||Feraligite|SheerForce|DragonDance,Liquidation,Facade,Protect|Adamant||F|||50|]Sneasler||FocusSash|Unburden|FakeOut,Coaching,CloseCombat,DireClaw|Jolly||M|||50|]Incineroar||LifeOrb|Intimidate|FakeOut,FlareBlitz,CloseCombat,DarkestLariat|Adamant||M|||50|]Metagross||Metagrossite|ClearBody|CosmicPower,BodyPress,PsychicFangs,Protect|Jolly|||||50|]Sinistcha-Masterpiece||SitrusBerry|Hospitality|MatchaGotcha,Protect,LifeDew,RagePowder|Bold|||||50|\n|inactive|Battle timer is ON: inactive players will automatically lose when time's up. (requested by IronSerpentFan)\n|inactive|IronSerpentFan has 60 seconds left.\n|inactive|Aikong has 60 seconds left.\n|\n|t:|1788276327\n|teamsize|p1|4\n|teamsize|p2|4\n|start\n|switch|p1a: Gengar|Gengar, L50, M|100/100\n|switch|p1b: Politoed|Politoed, L50, M|100/100\n|switch|p2a: Sneasler|Sneasler, L50, M, shiny|100/100\n|switch|p2b: Metagross|Metagross, L50, shiny|100/100\n|-weather|RainDance|[from] ability: Drizzle|[of] p1b: Politoed\n|turn|1\n|inactive|Aikong has 30 seconds left.\n|inactive|Aikong has 20 seconds left.\n|inactive|Aikong has 15 seconds left.\n|inactive|Aikong has 10 seconds left.\n|\n|t:|1788276376\n|detailschange|p1a: Gengar|Gengar-Mega, L50, M\n|-mega|p1a: Gengar|Gengar|Gengarite\n|detailschange|p2b: Metagross|Metagross-Mega, L50, shiny\n|-mega|p2b: Metagross|Metagross|Metagrossite\n|move|p1a: Gengar|Protect|p1a: Gengar\n|-singleturn|p1a: Gengar|Protect\n|move|p2a: Sneasler|Fake Out|p1b: Politoed\n|-damage|p1b: Politoed|86/100\n|move|p2b: Metagross|Psychic Fangs|p1a: Gengar\n|-activate|p1a: Gengar|move: Protect\n|cant|p1b: Politoed|flinch\n|\n|-weather|RainDance|[upkeep]\n|upkeep\n|turn|2\n|inactive|IronSerpentFan has 30 seconds left.\n|\n|t:|1788276403\n|move|p1a: Gengar|Disable|p2b: Metagross\n|-start|p2b: Metagross|Disable|Psychic Fangs\n|move|p2a: Sneasler|Coaching|p2b: Metagross\n|-boost|p2b: Metagross|atk|1\n|-boost|p2b: Metagross|def|1\n|cant|p2b: Metagross|Disable|Psychic Fangs\n|move|p1b: Politoed|Encore|p2b: Metagross\n|-start|p2b: Metagross|Encore\n|\n|-weather|RainDance|[upkeep]\n|upkeep\n|turn|3\n|inactive|IronSerpentFan has 30 seconds left.\n|\n|t:|1788276433\n|switch|p1b: Incineroar|Incineroar, L50, F|100/100\n|-ability|p1b: Incineroar|Intimidate|boost\n|-unboost|p2a: Sneasler|atk|1\n|-unboost|p2b: Metagross|atk|1\n|move|p1a: Gengar|Shadow Ball|p2a: Sneasler\n|-damage|p2a: Sneasler|36/100\n|move|p2a: Sneasler|Close Combat|p1b: Incineroar\n|-supereffective|p1b: Incineroar|1\n|-damage|p1b: Incineroar|30/100\n|-unboost|p2a: Sneasler|def|1\n|-unboost|p2a: Sneasler|spd|1\n|-activate|p2b: Metagross|move: Struggle\n|move|p2b: Metagross|Struggle|p1b: Incineroar\n|-damage|p1b: Incineroar|12/100\n|-damage|p2b: Metagross|74/100|[from] recoil\n|\n|-weather|RainDance|[upkeep]\n|upkeep\n|turn|4\n|inactive|IronSerpentFan has 30 seconds left.\n|\n|t:|1788276460\n|move|p1b: Incineroar|Fake Out|p2b: Metagross\n|-resisted|p2b: Metagross|1\n|-damage|p2b: Metagross|72/100\n|move|p1a: Gengar|Disable|p2a: Sneasler\n|-start|p2a: Sneasler|Disable|Close Combat\n|move|p2a: Sneasler|Dire Claw|p1b: Incineroar\n|-damage|p1b: Incineroar|0 fnt\n|faint|p1b: Incineroar\n|cant|p2b: Metagross|flinch\n|\n|-weather|RainDance|[upkeep]\n|upkeep\n|\n|t:|1788276477\n|switch|p1b: Politoed|Politoed, L50, M|86/100\n|turn|5\n|\n|t:|1788276497\n|move|p1a: Gengar|Shadow Ball|p2b: Metagross\n|-supereffective|p2b: Metagross|1\n|-damage|p2b: Metagross|0 fnt\n|faint|p2b: Metagross\n|move|p2a: Sneasler|Dire Claw|p1b: Politoed\n|-damage|p1b: Politoed|59/100\n|move|p1b: Politoed|Weather Ball|p2a: Sneasler\n|-damage|p2a: Sneasler|0 fnt\n|faint|p2a: Sneasler\n|\n|-weather|none\n|upkeep\n|\n|t:|1788276506\n|switch|p2a: Incineroar|Incineroar, L50, M|100/100\n|switch|p2b: Sinistcha|Sinistcha-Masterpiece, L50|100/100\n|-ability|p2a: Incineroar|Intimidate|boost\n|-unboost|p1a: Gengar|atk|1\n|-unboost|p1b: Politoed|atk|1\n|turn|6\n|\n|t:|1788276522\n|move|p1a: Gengar|Protect|p1a: Gengar\n|-singleturn|p1a: Gengar|Protect\n|move|p1b: Politoed|Protect|p1b: Politoed\n|-singleturn|p1b: Politoed|Protect\n|move|p2b: Sinistcha|Matcha Gotcha|p1b: Politoed|[spread] \n|-activate|p1a: Gengar|move: Protect\n|-activate|p1b: Politoed|move: Protect\n|move|p2a: Incineroar|Darkest Lariat|p1a: Gengar\n|-activate|p1a: Gengar|move: Protect\n|\n|upkeep\n|turn|7\n|\n|t:|1788276539\n|move|p2b: Sinistcha|Rage Powder|p2b: Sinistcha\n|-singleturn|p2b: Sinistcha|move: Rage Powder\n|move|p1a: Gengar|Disable|p2b: Sinistcha\n|-start|p2b: Sinistcha|Disable|Rage Powder\n|move|p1b: Politoed|Encore|p2b: Sinistcha\n|-start|p2b: Sinistcha|Encore\n|move|p2a: Incineroar|Darkest Lariat|p1a: Gengar\n|-supereffective|p1a: Gengar|1\n|-damage|p1a: Gengar|0 fnt\n|faint|p1a: Gengar\n|-damage|p2a: Incineroar|90/100|[from] item: Life Orb\n|\n|upkeep\n|\n|t:|1788276547\n|switch|p1a: Sinistcha|Sinistcha, L50|100/100\n|-heal|p1b: Politoed|84/100|[from] ability: Hospitality|[of] p1a: Sinistcha\n|turn|8\n|inactive|IronSerpentFan has 30 seconds left.\n|\n|t:|1788276574\n|move|p1a: Sinistcha|Protect|p1a: Sinistcha\n|-singleturn|p1a: Sinistcha|Protect\n|move|p1b: Politoed|Perish Song|p1b: Politoed\n|-start|p1a: Sinistcha|perish3|[silent]\n|-start|p1b: Politoed|perish3|[silent]\n|-start|p2a: Incineroar|perish3|[silent]\n|-start|p2b: Sinistcha|perish3|[silent]\n|-fieldactivate|move: Perish Song\n|-activate|p2b: Sinistcha|move: Struggle\n|move|p2b: Sinistcha|Struggle|p1b: Politoed\n|-damage|p1b: Politoed|77/100\n|-damage|p2b: Sinistcha|74/100|[from] recoil\n|move|p2a: Incineroar|Flare Blitz|p1a: Sinistcha\n|-activate|p1a: Sinistcha|move: Protect\n|\n|-start|p1b: Politoed|perish3\n|-start|p2b: Sinistcha|perish3\n|-start|p1a: Sinistcha|perish3\n|-start|p2a: Incineroar|perish3\n|upkeep\n|turn|9\n|inactive|IronSerpentFan has 30 seconds left.\n|\n|t:|1788276601\n|move|p1b: Politoed|Encore|p2a: Incineroar\n|-start|p2a: Incineroar|Encore\n|-activate|p2b: Sinistcha|move: Struggle\n|move|p2b: Sinistcha|Struggle|p1b: Politoed\n|-damage|p1b: Politoed|70/100\n|-damage|p2b: Sinistcha|49/100|[from] recoil\n|-enditem|p2b: Sinistcha|Sitrus Berry|[eat]\n|-heal|p2b: Sinistcha|74/100|[from] item: Sitrus Berry\n|move|p2a: Incineroar|Flare Blitz|p1a: Sinistcha\n|-supereffective|p1a: Sinistcha|1\n|-damage|p1a: Sinistcha|0 fnt\n|faint|p1a: Sinistcha\n|-damage|p2a: Incineroar|61/100|[from] Recoil\n|-damage|p2a: Incineroar|51/100|[from] item: Life Orb\n|\n|-start|p1b: Politoed|perish2\n|-start|p2b: Sinistcha|perish2\n|-start|p2a: Incineroar|perish2\n|upkeep\n|turn|10\n|\n|t:|1788276621\n|move|p1b: Politoed|Weather Ball|p2a: Incineroar\n|-damage|p2a: Incineroar|40/100\n|-activate|p2b: Sinistcha|move: Struggle\n|move|p2b: Sinistcha|Struggle|p1b: Politoed\n|-damage|p1b: Politoed|63/100\n|-damage|p2b: Sinistcha|48/100|[from] recoil\n|move|p2a: Incineroar|Flare Blitz|p1b: Politoed\n|-resisted|p1b: Politoed|1\n|-damage|p1b: Politoed|21/100\n|-enditem|p1b: Politoed|Sitrus Berry|[eat]\n|-heal|p1b: Politoed|46/100|[from] item: Sitrus Berry\n|-damage|p2a: Incineroar|27/100|[from] Recoil\n|-damage|p2a: Incineroar|17/100|[from] item: Life Orb\n|\n|-end|p2b: Sinistcha|Encore\n|-start|p1b: Politoed|perish1\n|-start|p2b: Sinistcha|perish1\n|-start|p2a: Incineroar|perish1\n|upkeep\n|turn|11\n|-message|IronSerpentFan forfeited.\n|\n|win|Aikong\n||IronSerpentFan is ready for game 2.\n","uploadtime":1788276636,"views":"0","formatid":"gen9championsvgc2026regmbbo3","rating":null,"private":0,"password":null}