{"id":"gen9championsvgc2026regmb-2674133703","format":"[Gen 9 Champions] VGC 2026 Reg M-B","players":["PreMaturely","Uchiha_Gary"],"log":"|j|☆PreMaturely\n|j|☆Uchiha_Gary\n|html|<table width=\"100%\"><tr><td align=\"left\">PreMaturely</td><td align=\"right\">Uchiha_Gary</tr><tr><td align=\"left\"><i class=\"fa fa-circle\"></i> <i class=\"fa fa-circle-o\"></i> </td><td align=\"right\"><i class=\"fa fa-circle-o\"></i> <i class=\"fa fa-circle-o\"></i> </tr></table>\n|uhtml|bestof|<h2><strong>Game 2</strong> of <a href=\"/game-bestof3-gen9championsvgc2026regmb-2674131241\">a best-of-3</a></h2>\n|t:|1788304086\n|gametype|doubles\n|player|p1|PreMaturely|266|\n|player|p2|Uchiha_Gary|blue|\n|gen|9\n|tier|[Gen 9 Champions] VGC 2026 Reg M-B\n|rule|Species Clause: Limit one of each Pokémon\n|rule|Item Clause: Limit 1 of each item\n|raw|<div class=\"infobox\"><details class=\"readmore\" open><summary><strong>1 custom rule:</strong></summary> Best of = 3</details></div>\n|clearpoke\n|poke|p1|Archaludon, L50, M|\n|poke|p1|Sableye, L50, M|\n|poke|p1|Swampert, L50, M|\n|poke|p1|Wyrdeer, L50, F|\n|poke|p1|Pelipper, L50, M|\n|poke|p1|Tsareena, L50, F|\n|poke|p2|Dragonite, L50, F|\n|poke|p2|Liepard, L50, M|\n|poke|p2|Basculegion, L50, M|\n|poke|p2|Lopunny, L50, M|\n|poke|p2|Vivillon, L50, F|\n|poke|p2|Politoed, L50, F|\n|teampreview|4\nPreMaturely rejected open team sheets.\n|c|☆PreMaturely|Glhf\n|\n|t:|1788304128\n|teamsize|p1|4\n|teamsize|p2|4\n|start\n|switch|p1a: Pelipper|Pelipper, L50, M|100/100\n|switch|p1b: Swampert|Swampert, L50, M|100/100\n|switch|p2a: Lopunny|Lopunny, L50, M|100/100\n|switch|p2b: Vivillon|Vivillon, L50, F|100/100\n|-weather|RainDance|[from] ability: Drizzle|[of] p1a: Pelipper\n|turn|1\n|\n|t:|1788304153\n|detailschange|p2a: Lopunny|Lopunny-Mega, L50, M\n|-mega|p2a: Lopunny|Lopunny|Lopunnite\n|detailschange|p1b: Swampert|Swampert-Mega, L50, M\n|-mega|p1b: Swampert|Swampert|Swampertite\n|move|p1b: Swampert|Protect|p1b: Swampert\n|-singleturn|p1b: Swampert|Protect\n|move|p2a: Lopunny|Fake Out|p1b: Swampert\n|-activate|p1b: Swampert|move: Protect\n|move|p2b: Vivillon|Tailwind|p2b: Vivillon\n|-sidestart|p2: Uchiha_Gary|move: Tailwind\n|move|p1a: Pelipper|Tailwind|p1a: Pelipper\n|-sidestart|p1: PreMaturely|move: Tailwind\n|\n|-weather|RainDance|[upkeep]\n|upkeep\n|turn|2\n|j| lokithered\n|\n|t:|1788304173\n|switch|p2a: Dragonite|Dragonite, L50, F|100/100\n|move|p1b: Swampert|Ice Punch|p2b: Vivillon\n|-supereffective|p2b: Vivillon|1\n|-enditem|p2b: Vivillon|Focus Sash\n|-damage|p2b: Vivillon|1/100\n|move|p2b: Vivillon|Sleep Powder|p1b: Swampert\n|-status|p1b: Swampert|slp|[from] move: Sleep Powder\n|move|p1a: Pelipper|Hurricane|p2b: Vivillon\n|-supereffective|p2b: Vivillon|1\n|-damage|p2b: Vivillon|0 fnt\n|faint|p2b: Vivillon\n|\n|-weather|RainDance|[upkeep]\n|upkeep\n|\n|t:|1788304186\n|switch|p2b: Lopunny|Lopunny-Mega, L50, M|100/100\n|turn|3\n|\n|t:|1788304217\n|move|p1a: Pelipper|Protect|p1a: Pelipper\n|-singleturn|p1a: Pelipper|Protect\n|move|p2b: Lopunny|Fake Out|p1a: Pelipper\n|-activate|p1a: Pelipper|move: Protect\n|cant|p1b: Swampert|slp\n|move|p2a: Dragonite|Thunder|p1a: Pelipper\n|-activate|p1a: Pelipper|move: Protect\n|\n|-weather|RainDance|[upkeep]\n|upkeep\n|turn|4\n|\n|t:|1788304258\n|cant|p1b: Swampert|slp\n|move|p2b: Lopunny|Close Combat|p1b: Swampert\n|-damage|p1b: Swampert|46/100 slp\n|-unboost|p2b: Lopunny|def|1\n|-unboost|p2b: Lopunny|spd|1\n|move|p2a: Dragonite|Thunder|p1a: Pelipper\n|-supereffective|p1a: Pelipper|2\n|-enditem|p1a: Pelipper|Focus Sash\n|-damage|p1a: Pelipper|1/100\n|-status|p1a: Pelipper|par\n|move|p1a: Pelipper|Hurricane|p2b: Lopunny\n|-supereffective|p2b: Lopunny|1\n|-damage|p2b: Lopunny|0 fnt\n|faint|p2b: Lopunny\n|\n|-weather|RainDance|[upkeep]\n|-sideend|p1: PreMaturely|move: Tailwind\n|-sideend|p2: Uchiha_Gary|move: Tailwind\n|upkeep\n|\n|t:|1788304273\n|switch|p2b: Politoed|Politoed, L50, F|100/100\n|turn|5\n|\n|t:|1788304285\n|move|p2a: Dragonite|Protect|p2a: Dragonite\n|-singleturn|p2a: Dragonite|Protect\n|-curestatus|p1b: Swampert|slp|[msg]\n|move|p1b: Swampert|Ice Punch|p2a: Dragonite\n|-activate|p2a: Dragonite|move: Protect\n|move|p2b: Politoed|Icy Wind|p1b: Swampert|[spread] p1a,p1b\n|-damage|p1a: Pelipper|0 fnt\n|-damage|p1b: Swampert|35/100\n|-unboost|p1b: Swampert|spe|1\n|faint|p1a: Pelipper\n|\n|-weather|none\n|upkeep\n|\n|t:|1788304301\n|switch|p1a: Sableye|Sableye, L50, M|100/100\n|turn|6\n|\n|t:|1788304319\n|move|p1a: Sableye|Light Screen|p1a: Sableye\n|-sidestart|p1: PreMaturely|move: Light Screen\n|move|p2a: Dragonite|Hurricane|p1b: Swampert\n|-damage|p1b: Swampert|8/100\n|move|p2b: Politoed|Earth Power|p1b: Swampert\n|-damage|p1b: Swampert|0 fnt\n|faint|p1b: Swampert\n|\n|upkeep\n|\n|t:|1788304331\n|switch|p1b: Archaludon|Archaludon, L50, M|100/100\n|turn|7\n|\n|t:|1788304337\n|move|p1a: Sableye|Rain Dance|p1a: Sableye\n|-weather|RainDance\n|move|p1b: Archaludon|Electro Shot||[still]\n|-prepare|p1b: Archaludon|Electro Shot\n|-boost|p1b: Archaludon|spa|1\n|-anim|p1b: Archaludon|Electro Shot|p2b: Politoed\n|-supereffective|p2b: Politoed|1\n|-damage|p2b: Politoed|0 fnt\n|faint|p2b: Politoed\n|move|p2a: Dragonite|Draco Meteor|p1b: Archaludon\n|-damage|p1b: Archaludon|47/100\n|-unboost|p2a: Dragonite|spa|2\n|-ability|p1b: Archaludon|Stamina|boost\n|-boost|p1b: Archaludon|def|1\n|\n|-weather|RainDance|[upkeep]\n|-heal|p1b: Archaludon|53/100|[from] item: Leftovers\n|upkeep\n|turn|8\n|l| lokithered\n|c|☆Uchiha_Gary|gg\n|c|☆Uchiha_Gary|how is arch faster than dnite?\n|\n|t:|1788304393\n|move|p1a: Sableye|Will-O-Wisp|p2a: Dragonite|[miss]\n|-miss|p1a: Sableye|p2a: Dragonite\n|move|p1b: Archaludon|Electro Shot||[still]\n|-prepare|p1b: Archaludon|Electro Shot\n|-boost|p1b: Archaludon|spa|1\n|-anim|p1b: Archaludon|Electro Shot|p2a: Dragonite\n|-damage|p2a: Dragonite|51/100\n|move|p2a: Dragonite|Hurricane|p1b: Archaludon\n|-resisted|p1b: Archaludon|1\n|-damage|p1b: Archaludon|40/100\n|-ability|p1b: Archaludon|Stamina|boost\n|-boost|p1b: Archaludon|def|1\n|\n|-weather|RainDance|[upkeep]\n|-heal|p1b: Archaludon|46/100|[from] item: Leftovers\n|upkeep\n|turn|9\n|\n|t:|1788304412\n|move|p1a: Sableye|Will-O-Wisp|p2a: Dragonite\n|-status|p2a: Dragonite|brn\n|move|p1b: Archaludon|Electro Shot||[still]\n|-prepare|p1b: Archaludon|Electro Shot\n|-boost|p1b: Archaludon|spa|1\n|-anim|p1b: Archaludon|Electro Shot|p2a: Dragonite\n|-crit|p2a: Dragonite\n|-damage|p2a: Dragonite|0 fnt\n|faint|p2a: Dragonite\n|\n|win|PreMaturely\n|c|☆PreMaturely|Gg\n|c|☆Uchiha_Gary|gg\n|c|☆PreMaturely|Arch is naturally faster\n|c|☆PreMaturely|Than base Dnite\n","uploadtime":1788304423,"views":"11","formatid":"gen9championsvgc2026regmb","rating":null,"private":0,"password":null}