{"id":"gen9championsvgc2026regmbbo3-2674695084","format":"[Gen 9 Champions] VGC 2026 Reg M-B (Bo3)","players":["kigokigo","hatsune p2"],"log":"|j|☆kigokigo\n|j|☆hatsune p2\n|html|<table width=\"100%\"><tr><td align=\"left\">kigokigo</td><td align=\"right\">hatsune p2</tr><tr><td align=\"left\"><i class=\"fa fa-circle-o\"></i> <i class=\"fa fa-circle-o\"></i> </td><td align=\"right\"><i class=\"fa fa-circle-o\"></i> <i class=\"fa fa-circle-o\"></i> </tr></table>\n|uhtml|bestof|<h2><strong>Game 1</strong> of <a href=\"/game-bestof3-gen9championsvgc2026regmbbo3-2674695083\">a best-of-3</a></h2>\n|t:|1788391797\n|gametype|doubles\n|player|p1|kigokigo|1|1022\n|player|p2|hatsune p2|170|1000\n|gen|9\n|tier|[Gen 9 Champions] VGC 2026 Reg M-B (Bo3)\n|rated|\n|rule|Species Clause: Limit one of each Pokémon\n|rule|Item Clause: Limit 1 of each item\n|clearpoke\n|poke|p1|Staraptor, L50, F|\n|poke|p1|Whimsicott, L50, F|\n|poke|p1|Incineroar, L50, M|\n|poke|p1|Grimmsnarl, L50, M|\n|poke|p1|Clefable, L50, M|\n|poke|p1|Raichu, L50, F|\n|poke|p2|Charizard, L50, F|\n|poke|p2|Toxapex, L50, F|\n|poke|p2|Incineroar, L50, M|\n|poke|p2|Venusaur, L50, M|\n|poke|p2|Sylveon, L50, M|\n|poke|p2|Garchomp, L50, M|\n|teampreview|4\n|showteam|p1|Staraptor||Staraptite|Intimidate|CloseCombat,DualWingbeat,Roost,Protect|Jolly||F|||50|]Whimsicott||FocusSash|Prankster|Charm,Encore,Safeguard,Protect|Bold||F|||50|]Incineroar||SitrusBerry|Intimidate|PartingShot,FlareBlitz,Snarl,FakeOut|Calm||M|||50|]Grimmsnarl||LightClay|Prankster|LightScreen,Reflect,PartingShot,SpiritBreak|Calm||M|||50|]Clefable||Leftovers|Unaware|FollowMe,Moonlight,Charm,CosmicPower|Calm||M|||50|]Raichu||ShucaBerry|LightningRod|Charm,Encore,Protect,VoltSwitch|Timid||F|||50|\n|showteam|p2|Charizard||CharizarditeY|Blaze|Protect,WeatherBall,HeatWave,AncientPower|Modest||F|||50|]Toxapex||Leftovers|Regenerator|Infestation,Toxic,WideGuard,BanefulBunker|Bold||F|||50|]Incineroar||SitrusBerry|Intimidate|FlareBlitz,Protect,PartingShot,FakeOut|Careful||M|||50|]Venusaur||LifeOrb|Chlorophyll|LeafStorm,SludgeBomb,EarthPower,Protect|Modest||M|||50|]Sylveon||FairyFeather|Pixilate|HyperVoice,Yawn,QuickAttack,Detect|Modest||M|||50|]Garchomp||ChoiceScarf|RoughSkin|DragonClaw,StompingTantrum,RockSlide,Earthquake|Adamant||M|||50|\n|c|☆hatsune p2|GLHF\n|inactive|Battle timer is ON: inactive players will automatically lose when time's up. (requested by kigokigo)\n|c|☆kigokigo|should be easy win for me\n|c|☆hatsune p2|sounds good!\n|\n|t:|1788391837\n|teamsize|p1|4\n|teamsize|p2|4\n|start\n|switch|p1a: Incineroar|Incineroar, L50, M|100/100\n|switch|p1b: Grimmsnarl|Grimmsnarl, L50, M|100/100\n|switch|p2a: Toxapex|Toxapex, L50, F|100/100\n|switch|p2b: Sylveon|Sylveon, L50, M|100/100\n|-ability|p1a: Incineroar|Intimidate|boost\n|-unboost|p2a: Toxapex|atk|1\n|-unboost|p2b: Sylveon|atk|1\n|turn|1\n|inactive|kigokigo has 30 seconds left.\n|\n|t:|1788391863\n|move|p1b: Grimmsnarl|Light Screen|p1b: Grimmsnarl\n|-sidestart|p1: kigokigo|move: Light Screen\n|move|p2b: Sylveon|Hyper Voice|p1a: Incineroar|[spread] p1a,p1b\n|-supereffective|p1b: Grimmsnarl|1\n|-damage|p1a: Incineroar|75/100\n|-damage|p1b: Grimmsnarl|46/100\n|move|p1a: Incineroar|Snarl|p2b: Sylveon|[spread] p2a,p2b\n|-resisted|p2b: Sylveon|1\n|-damage|p2a: Toxapex|90/100\n|-damage|p2b: Sylveon|95/100\n|-unboost|p2a: Toxapex|spa|1\n|-unboost|p2b: Sylveon|spa|1\n|move|p2a: Toxapex|Toxic|p1a: Incineroar\n|-status|p1a: Incineroar|tox\n|\n|-heal|p2a: Toxapex|96/100|[from] item: Leftovers\n|-damage|p1a: Incineroar|69/100 tox|[from] psn\n|upkeep\n|turn|2\n|\n|t:|1788391877\n|move|p2b: Sylveon|Detect|p2b: Sylveon\n|-singleturn|p2b: Sylveon|Protect\n|move|p2a: Toxapex|Baneful Bunker|p2a: Toxapex\n|-singleturn|p2a: Toxapex|move: Protect\n|move|p1b: Grimmsnarl|Reflect|p1b: Grimmsnarl\n|-sidestart|p1: kigokigo|Reflect\n|move|p1a: Incineroar|Snarl|p2a: Toxapex|[spread] \n|-activate|p2a: Toxapex|move: Protect\n|-activate|p2b: Sylveon|move: Protect\n|\n|-heal|p2a: Toxapex|100/100|[from] item: Leftovers\n|-damage|p1a: Incineroar|57/100 tox|[from] psn\n|upkeep\n|turn|3\n|\n|t:|1788391893\n|move|p1b: Grimmsnarl|Spirit Break|p2b: Sylveon\n|-damage|p2b: Sylveon|66/100\n|-unboost|p2b: Sylveon|spa|1\n|move|p1a: Incineroar|Parting Shot|p2b: Sylveon\n|-unboost|p2b: Sylveon|atk|1\n|-unboost|p2b: Sylveon|spa|1\n|\n|t:|1788391903\n|switch|p1a: Staraptor|Staraptor, L50, F|100/100|[from] Parting Shot\n|-ability|p1a: Staraptor|Intimidate|boost\n|-unboost|p2a: Toxapex|atk|1\n|-unboost|p2b: Sylveon|atk|1\n|move|p2b: Sylveon|Yawn|p1b: Grimmsnarl\n|-start|p1b: Grimmsnarl|move: Yawn|[of] p2b: Sylveon\n|move|p2a: Toxapex|Infestation|p1b: Grimmsnarl\n|-damage|p1b: Grimmsnarl|44/100\n|-activate|p1b: Grimmsnarl|move: Infestation|[of] p2a: Toxapex\n|\n|-damage|p1b: Grimmsnarl|32/100|[from] move: Infestation|[partiallytrapped]\n|upkeep\n|turn|4\n|\n|t:|1788391921\n|switch|p2b: Incineroar|Incineroar, L50, M|100/100\n|-ability|p2b: Incineroar|Intimidate|boost\n|-unboost|p1a: Staraptor|atk|1\n|-unboost|p1b: Grimmsnarl|atk|1\n|detailschange|p1a: Staraptor|Staraptor-Mega, L50, F\n|-mega|p1a: Staraptor|Staraptor|Staraptite\n|move|p1a: Staraptor|Protect|p1a: Staraptor\n|-singleturn|p1a: Staraptor|Protect\n|move|p2a: Toxapex|Baneful Bunker|p2a: Toxapex\n|-singleturn|p2a: Toxapex|move: Protect\n|move|p1b: Grimmsnarl|Parting Shot|p2a: Toxapex\n|-activate|p2a: Toxapex|move: Protect\n|\n|-damage|p1b: Grimmsnarl|19/100|[from] move: Infestation|[partiallytrapped]\n|-end|p1b: Grimmsnarl|move: Yawn|[silent]\n|-status|p1b: Grimmsnarl|slp\n|upkeep\n|turn|5\n|\n|t:|1788391946\n|switch|p1a: Incineroar|Incineroar, L50, M|57/100 tox\n|-ability|p1a: Incineroar|Intimidate|boost\n|-unboost|p2a: Toxapex|atk|1\n|-unboost|p2b: Incineroar|atk|1\n|move|p2b: Incineroar|Fake Out|p1a: Incineroar\n|-damage|p1a: Incineroar|53/100 tox\n|cant|p1b: Grimmsnarl|slp\n|move|p2a: Toxapex|Toxic|p1a: Incineroar\n|-fail|p1a: Incineroar|tox\n|\n|-damage|p1a: Incineroar|47/100 tox|[from] psn\n|-damage|p1b: Grimmsnarl|7/100 slp|[from] move: Infestation|[partiallytrapped]\n|upkeep\n|-enditem|p1a: Incineroar|Sitrus Berry|[eat]\n|-heal|p1a: Incineroar|72/100 tox|[from] item: Sitrus Berry\n|turn|6\n|\n|t:|1788391967\n|-curestatus|p1b: Grimmsnarl|slp|[msg]\n|move|p1b: Grimmsnarl|Parting Shot|p2a: Toxapex\n|-unboost|p2a: Toxapex|atk|1\n|-unboost|p2a: Toxapex|spa|1\n|\n|t:|1788391979\n|switch|p1b: Staraptor|Staraptor-Mega, L50, F|100/100|[from] Parting Shot\n|move|p2b: Incineroar|Parting Shot|p1b: Staraptor\n|-boost|p1b: Staraptor|atk|1\n|-boost|p1b: Staraptor|spa|1\n|\n|t:|1788391982\n|switch|p2b: Sylveon|Sylveon, L50, M|66/100|[from] Parting Shot\n|move|p1a: Incineroar|Parting Shot|p2b: Sylveon\n|-unboost|p2b: Sylveon|atk|1\n|-unboost|p2b: Sylveon|spa|1\n|\n|t:|1788391989\n|switch|p1a: Whimsicott|Whimsicott, L50, F|100/100|[from] Parting Shot\n|move|p2a: Toxapex|Infestation|p1a: Whimsicott\n|-damage|p1a: Whimsicott|98/100\n|-activate|p1a: Whimsicott|move: Infestation|[of] p2a: Toxapex\n|\n|-damage|p1a: Whimsicott|86/100|[from] move: Infestation|[partiallytrapped]\n|upkeep\n|turn|7\n|\n|t:|1788392004\n|move|p1a: Whimsicott|Safeguard|p1a: Whimsicott\n|-sidestart|p1: kigokigo|Safeguard\n|move|p1b: Staraptor|Close Combat|p2b: Sylveon\n|-resisted|p2b: Sylveon|1\n|-damage|p2b: Sylveon|9/100\n|-boost|p1b: Staraptor|def|1\n|-boost|p1b: Staraptor|spd|1\n|move|p2b: Sylveon|Hyper Voice|p1a: Whimsicott|[spread] p1a,p1b\n|-supereffective|p1b: Staraptor|1\n|-damage|p1a: Whimsicott|58/100\n|-damage|p1b: Staraptor|65/100\n|move|p2a: Toxapex|Infestation|p1b: Staraptor\n|-resisted|p1b: Staraptor|2\n|-damage|p1b: Staraptor|64/100\n|-activate|p1b: Staraptor|move: Infestation|[of] p2a: Toxapex\n|\n|-damage|p1b: Staraptor|52/100|[from] move: Infestation|[partiallytrapped]\n|-damage|p1a: Whimsicott|46/100|[from] move: Infestation|[partiallytrapped]\n|upkeep\n|turn|8\n|inactive|kigokigo has 30 seconds left.\n|\n|t:|1788392035\n|move|p2a: Toxapex|Baneful Bunker|p2a: Toxapex\n|-singleturn|p2a: Toxapex|move: Protect\n|move|p1a: Whimsicott|Charm|p1b: Staraptor\n|-boost|p1b: Staraptor|atk|2\n|move|p2b: Sylveon|Quick Attack|p1a: Whimsicott\n|-damage|p1a: Whimsicott|41/100\n|move|p1b: Staraptor|Close Combat|p2b: Sylveon\n|-resisted|p2b: Sylveon|1\n|-damage|p2b: Sylveon|0 fnt\n|-boost|p1b: Staraptor|def|1\n|-boost|p1b: Staraptor|spd|1\n|faint|p2b: Sylveon\n|\n|-damage|p1b: Staraptor|39/100|[from] move: Infestation|[partiallytrapped]\n|-damage|p1a: Whimsicott|29/100|[from] move: Infestation|[partiallytrapped]\n|-sideend|p1: kigokigo|move: Light Screen\n|upkeep\n|\n|t:|1788392043\n|switch|p2b: Incineroar|Incineroar, L50, M|100/100\n|-ability|p2b: Incineroar|Intimidate|boost\n|-unboost|p1a: Whimsicott|atk|1\n|-boost|p1b: Staraptor|atk|1\n|turn|9\n|\n|t:|1788392059\n|move|p2a: Toxapex|Baneful Bunker||[still]\n|-fail|p2a: Toxapex\n|move|p2b: Incineroar|Fake Out|p1b: Staraptor\n|-damage|p1b: Staraptor|35/100\n|move|p1a: Whimsicott|Encore|p2a: Toxapex\n|-start|p2a: Toxapex|Encore\n|cant|p1b: Staraptor|flinch\n|\n|-damage|p1b: Staraptor|23/100|[from] move: Infestation|[partiallytrapped]\n|-damage|p1a: Whimsicott|17/100|[from] move: Infestation|[partiallytrapped]\n|-sideend|p1: kigokigo|Reflect\n|upkeep\n|turn|10\n|\n|t:|1788392078\n|move|p2a: Toxapex|Baneful Bunker|p2a: Toxapex\n|-singleturn|p2a: Toxapex|move: Protect\n|move|p1a: Whimsicott|Charm|p1b: Staraptor\n|-boost|p1b: Staraptor|atk|2\n|move|p1b: Staraptor|Close Combat|p2b: Incineroar\n|-supereffective|p2b: Incineroar|1\n|-damage|p2b: Incineroar|0 fnt\n|-boost|p1b: Staraptor|def|1\n|-boost|p1b: Staraptor|spd|1\n|faint|p2b: Incineroar\n|\n|-damage|p1b: Staraptor|11/100|[from] move: Infestation|[partiallytrapped]\n|-damage|p1a: Whimsicott|5/100|[from] move: Infestation|[partiallytrapped]\n|upkeep\n|\n|t:|1788392080\n|switch|p2b: Charizard|Charizard, L50, F|100/100\n|turn|11\n|inactive|kigokigo has 30 seconds left.\n|\n|t:|1788392114\n|detailschange|p2b: Charizard|Charizard-Mega-Y, L50, F\n|-mega|p2b: Charizard|Charizard|Charizardite Y\n|-weather|SunnyDay|[from] ability: Drought|[of] p2b: Charizard\n|move|p1a: Whimsicott|Protect|p1a: Whimsicott\n|-singleturn|p1a: Whimsicott|Protect\n|move|p2a: Toxapex|Baneful Bunker||[still]\n|-fail|p2a: Toxapex\n|move|p1b: Staraptor|Dual Wingbeat|p2b: Charizard\n|-damage|p2b: Charizard|2/100\n|-damage|p2b: Charizard|0 fnt\n|faint|p2b: Charizard\n|-hitcount|p2: Charizard|2\n|\n|-weather|SunnyDay|[upkeep]\n|-damage|p1b: Staraptor|0 fnt|[from] move: Infestation|[partiallytrapped]\n|faint|p1b: Staraptor\n|-end|p1a: Whimsicott|Infestation|[partiallytrapped]\n|-sideend|p1: kigokigo|Safeguard\n|upkeep\n|\n|t:|1788392134\n|switch|p1b: Incineroar|Incineroar, L50, M|72/100 tox\n|-ability|p1b: Incineroar|Intimidate|boost\n|-unboost|p2a: Toxapex|atk|1\n|turn|12\n|c|☆hatsune p2|hows that easy win going\n|\n|t:|1788392147\n|move|p2a: Toxapex|Baneful Bunker|p2a: Toxapex\n|-singleturn|p2a: Toxapex|move: Protect\n|move|p1a: Whimsicott|Safeguard|p1a: Whimsicott\n|-sidestart|p1: kigokigo|Safeguard\n|move|p1b: Incineroar|Snarl|p2a: Toxapex\n|-activate|p2a: Toxapex|move: Protect\n|\n|-weather|SunnyDay|[upkeep]\n|-damage|p1b: Incineroar|66/100 tox|[from] psn\n|-end|p2a: Toxapex|Encore\n|upkeep\n|turn|13\n|\n|t:|1788392158\n|move|p2a: Toxapex|Baneful Bunker|p2a: Toxapex\n|-singleturn|p2a: Toxapex|move: Protect\n|move|p1a: Whimsicott|Encore|p2a: Toxapex\n|-activate|p2a: Toxapex|move: Protect\n|move|p1b: Incineroar|Flare Blitz|p2a: Toxapex\n|-activate|p2a: Toxapex|move: Protect\n|\n|-weather|SunnyDay|[upkeep]\n|-damage|p1b: Incineroar|54/100 tox|[from] psn\n|upkeep\n|turn|14\n|\n|t:|1788392164\n|move|p1a: Whimsicott|Encore||[still]\n|-fail|p1a: Whimsicott\n|move|p1b: Incineroar|Flare Blitz|p2a: Toxapex\n|-resisted|p2a: Toxapex|1\n|-damage|p2a: Toxapex|79/100\n|-damage|p1b: Incineroar|49/100 tox|[from] Recoil\n|move|p2a: Toxapex|Infestation|p1b: Incineroar\n|-damage|p1b: Incineroar|47/100 tox\n|-activate|p1b: Incineroar|move: Infestation|[of] p2a: Toxapex\n|\n|-weather|SunnyDay|[upkeep]\n|-heal|p2a: Toxapex|85/100|[from] item: Leftovers\n|-damage|p1b: Incineroar|29/100 tox|[from] psn\n|-damage|p1b: Incineroar|17/100 tox|[from] move: Infestation|[partiallytrapped]\n|upkeep\n|turn|15\n|inactive|kigokigo has 30 seconds left.\n|\n|t:|1788392197\n|move|p1a: Whimsicott|Protect|p1a: Whimsicott\n|-singleturn|p1a: Whimsicott|Protect\n|move|p1b: Incineroar|Flare Blitz|p2a: Toxapex\n|-resisted|p2a: Toxapex|1\n|-damage|p2a: Toxapex|66/100\n|-damage|p1b: Incineroar|12/100 tox|[from] Recoil\n|move|p2a: Toxapex|Infestation|p1a: Whimsicott\n|-activate|p1a: Whimsicott|move: Protect\n|\n|-weather|none\n|-heal|p2a: Toxapex|71/100|[from] item: Leftovers\n|-damage|p1b: Incineroar|0 fnt|[from] psn\n|faint|p1b: Incineroar\n|upkeep\n|\n|t:|1788392208\n|switch|p1b: Grimmsnarl|Grimmsnarl, L50, M|7/100\n|turn|16\n|-message|kigokigo forfeited.\n|\n|win|hatsune p2\n|l|☆kigokigo\n|player|p1|\n||kigokigo is ready for game 2.\n||hatsune p2 is ready for game 2.\n|uhtml|next|Next: <a href=\"/battle-gen9championsvgc2026regmbbo3-2674697912\"><strong>Game 2 of 3</strong></a>\n","uploadtime":1788392222,"views":"19","formatid":"gen9championsvgc2026regmbbo3","rating":null,"private":0,"password":null}