{"id":"gen9championsvgc2026regmb-2673962516","format":"[Gen 9 Champions] VGC 2026 Reg M-B","players":["ajp2352352433","cmad77"],"log":"|j|☆ajp2352352433\n|j|☆cmad77\n|t:|1788282294\n|gametype|doubles\n|player|p1|ajp2352352433|alder|1198\n|player|p2|cmad77|red-gen7|1096\n|gen|9\n|tier|[Gen 9 Champions] VGC 2026 Reg M-B\n|rated|\n|rule|Species Clause: Limit one of each Pokémon\n|rule|Item Clause: Limit 1 of each item\n|clearpoke\n|poke|p1|Gengar, L50, F, shiny|\n|poke|p1|Incineroar, L50, M|\n|poke|p1|Politoed, L50, M|\n|poke|p1|Sinistcha, L50|\n|poke|p1|Hawlucha, L50, M|\n|poke|p1|Snorlax, L50, M|\n|poke|p2|Chesnaught, L50, F|\n|poke|p2|Alakazam, L50, M|\n|poke|p2|Basculegion, L50, M|\n|poke|p2|Pelipper, L50, M|\n|poke|p2|Farigiraf, L50, F|\n|poke|p2|Mawile, L50, F|\n|teampreview|4\n|inactive|Battle timer is ON: inactive players will automatically lose when time's up. (requested by cmad77)\n|\n|t:|1788282323\n|teamsize|p1|4\n|teamsize|p2|4\n|start\n|switch|p1a: Snorlax|Snorlax, L50, M|100/100\n|switch|p1b: Hawlucha|Hawlucha, L50, M|100/100\n|switch|p2a: Chesnaught|Chesnaught, L50, F|100/100\n|switch|p2b: Farigiraf|Farigiraf, L50, F|100/100\n|-ability|p1b: Hawlucha|Mold Breaker\n|turn|1\n|\n|t:|1788282339\n|detailschange|p1b: Hawlucha|Hawlucha-Mega, L50, M\n|-mega|p1b: Hawlucha|Hawlucha|Hawluchanite\n|detailschange|p2a: Chesnaught|Chesnaught-Mega, L50, F\n|-mega|p2a: Chesnaught|Chesnaught|Chesnaughtite\n|move|p2a: Chesnaught|Spiky Shield|p2a: Chesnaught\n|-singleturn|p2a: Chesnaught|move: Protect\n|move|p1b: Hawlucha|Entrainment|p1a: Snorlax\n|-ability|p1a: Snorlax|No Guard|Thick Fat|[from] move: Entrainment|[of] p1b: Hawlucha\n|move|p2b: Farigiraf|Twin Beam|p1b: Hawlucha\n|-supereffective|p1b: Hawlucha|1\n|-damage|p1b: Hawlucha|56/100\n|-supereffective|p1b: Hawlucha|1\n|-damage|p1b: Hawlucha|17/100\n|-hitcount|p1b: Hawlucha|2\n|move|p1a: Snorlax|Fissure|p2a: Chesnaught\n|-activate|p2a: Chesnaught|move: Protect\n|\n|upkeep\n|turn|2\n|inactive|cmad77 has 30 seconds left.\n|inactive|cmad77 has 20 seconds left.\n|\n|t:|1788282379\n|switch|p2a: Pelipper|Pelipper, L50, M|100/100\n|-weather|RainDance|[from] ability: Drizzle|[of] p2a: Pelipper\n|move|p1b: Hawlucha|Brave Bird|p2a: Pelipper\n|-damage|p2a: Pelipper|40/100\n|-damage|p1b: Hawlucha|0 fnt|[from] Recoil\n|faint|p1b: Hawlucha\n|move|p2b: Farigiraf|Thunderbolt|p1a: Snorlax\n|-damage|p1a: Snorlax|83/100\n|move|p1a: Snorlax|Fissure|p2b: Farigiraf\n|-damage|p2b: Farigiraf|0 fnt\n|faint|p2b: Farigiraf\n|-ohko\n|\n|-weather|RainDance|[upkeep]\n|-heal|p1a: Snorlax|89/100|[from] item: Leftovers\n|upkeep\n|\n|t:|1788282394\n|switch|p1b: Sinistcha|Sinistcha, L50|100/100\n|switch|p2b: Chesnaught|Chesnaught-Mega, L50, F|100/100\n|-heal|p1a: Snorlax|100/100|[from] ability: Hospitality|[of] p1b: Sinistcha\n|turn|3\n|inactive|cmad77 has 30 seconds left.\n|inactive|cmad77 has 20 seconds left.\n|inactive|cmad77 has 15 seconds left.\n|\n|t:|1788282440\n|move|p2b: Chesnaught|Spiky Shield|p2b: Chesnaught\n|-singleturn|p2b: Chesnaught|move: Protect\n|move|p1b: Sinistcha|Rage Powder|p1b: Sinistcha\n|-singleturn|p1b: Sinistcha|move: Rage Powder\n|move|p2a: Pelipper|Hurricane|p1b: Sinistcha\n|-supereffective|p1b: Sinistcha|1\n|-crit|p1b: Sinistcha\n|-damage|p1b: Sinistcha|0 fnt\n|faint|p1b: Sinistcha\n|-damage|p2a: Pelipper|31/100|[from] item: Life Orb\n|move|p1a: Snorlax|Fissure|p2b: Chesnaught\n|-activate|p2b: Chesnaught|move: Protect\n|\n|-weather|RainDance|[upkeep]\n|upkeep\n|\n|t:|1788282450\n|switch|p1b: Politoed|Politoed, L50, M|100/100\n|turn|4\n|\n|t:|1788282469\n|move|p2a: Pelipper|Weather Ball|p1a: Snorlax\n|-damage|p1a: Snorlax|56/100\n|-damage|p2a: Pelipper|21/100|[from] item: Life Orb\n|move|p1b: Politoed|Encore|p2b: Chesnaught\n|-start|p2b: Chesnaught|Encore\n|move|p2b: Chesnaught|Spiky Shield|p2b: Chesnaught\n|-singleturn|p2b: Chesnaught|move: Protect\n|move|p1a: Snorlax|Fissure|p2b: Chesnaught\n|-activate|p2b: Chesnaught|move: Protect\n|\n|-weather|RainDance|[upkeep]\n|-heal|p1a: Snorlax|62/100|[from] item: Leftovers\n|upkeep\n|turn|5\n|\n|t:|1788282490\n|move|p2b: Chesnaught|Spiky Shield|p2b: Chesnaught\n|-singleturn|p2b: Chesnaught|move: Protect\n|move|p2a: Pelipper|Hurricane|p1a: Snorlax\n|-damage|p1a: Snorlax|32/100\n|-damage|p2a: Pelipper|11/100|[from] item: Life Orb\n|move|p1b: Politoed|Weather Ball|p2a: Pelipper\n|-resisted|p2a: Pelipper|1\n|-damage|p2a: Pelipper|0 fnt\n|faint|p2a: Pelipper\n|move|p1a: Snorlax|Fissure|p2b: Chesnaught\n|-activate|p2b: Chesnaught|move: Protect\n|\n|-weather|RainDance|[upkeep]\n|-heal|p1a: Snorlax|38/100|[from] item: Leftovers\n|upkeep\n|\n|t:|1788282498\n|switch|p2a: Basculegion|Basculegion, L50, M|100/100\n|turn|6\n|\n|t:|1788282510\n|move|p2b: Chesnaught|Spiky Shield||[still]\n|-fail|p2b: Chesnaught\n|move|p2a: Basculegion|Wave Crash|p1a: Snorlax\n|-damage|p1a: Snorlax|0 fnt\n|faint|p1a: Snorlax\n|-damage|p2a: Basculegion|84/100|[from] Recoil\n|move|p1b: Politoed|Perish Song|p1b: Politoed\n|-start|p1b: Politoed|perish3|[silent]\n|-start|p2a: Basculegion|perish3|[silent]\n|-start|p2b: Chesnaught|perish3|[silent]\n|-fieldactivate|move: Perish Song\n|\n|-weather|none\n|-end|p2b: Chesnaught|Encore\n|-start|p2a: Basculegion|perish3\n|-start|p1b: Politoed|perish3\n|-start|p2b: Chesnaught|perish3\n|upkeep\n|turn|7\n|\n|t:|1788282527\n|move|p2a: Basculegion|Last Respects|p1b: Politoed\n|-damage|p1b: Politoed|0 fnt\n|faint|p1b: Politoed\n|\n|win|cmad77\n|raw|ajp2352352433's rating: 1198 &rarr; <strong>1166</strong><br />(-32 for losing)\n|raw|cmad77's rating: 1096 &rarr; <strong>1129</strong><br />(+33 for winning)\n|l|☆ajp2352352433\n|player|p1|\n","uploadtime":1788282570,"views":"4","formatid":"gen9championsvgc2026regmb","rating":1129,"private":0,"password":null}