{"id":"gen9championsvgc2026regmb-2674734630","format":"[Gen 9 Champions] VGC 2026 Reg M-B","players":["toobionest","skoomanus"],"log":"|j|☆toobionest\n|j|☆skoomanus\n|html|<table width=\"100%\"><tr><td align=\"left\">toobionest</td><td align=\"right\">skoomanus</tr><tr><td align=\"left\"><i class=\"fa fa-circle-o\"></i> <i class=\"fa fa-circle-o\"></i> </td><td align=\"right\"><i class=\"fa fa-circle-o\"></i> <i class=\"fa fa-circle\"></i> </tr></table>\n|uhtml|bestof|<h2><strong>Game 2</strong> of <a href=\"/game-bestof3-gen9championsvgc2026regmb-2674732554\">a best-of-3</a></h2>\n|t:|1788397902\n|gametype|doubles\n|player|p1|toobionest|brycenman|\n|player|p2|skoomanus|265|\n|gen|9\n|tier|[Gen 9 Champions] VGC 2026 Reg M-B\n|rule|Species Clause: Limit one of each Pokémon\n|rule|Item Clause: Limit 1 of each item\n|raw|<div class=\"infobox\"><details class=\"readmore\" open><summary><strong>1 custom rule:</strong></summary> Best of = 3</details></div>\n|clearpoke\n|poke|p1|Liepard, L50, F|\n|poke|p1|Staraptor, L50, M|\n|poke|p1|Serperior, L50, M|\n|poke|p1|Dragalge, L50, F|\n|poke|p1|Chandelure, L50, F|\n|poke|p1|Aggron, L50, M|\n|poke|p2|Gholdengo, L50|\n|poke|p2|Whimsicott, L50, M|\n|poke|p2|Incineroar, L50, F|\n|poke|p2|Sinistcha, L50|\n|poke|p2|Swampert, L50, F|\n|poke|p2|Archaludon, L50, M|\n|teampreview|4\n|c|☆toobionest|james is the luckiest mf ever\n|c|☆skoomanus|one crit\n|c|☆skoomanus|rembmer that one game\n|\n|t:|1788397926\n|teamsize|p1|4\n|teamsize|p2|4\n|start\n|switch|p1a: Liepard|Liepard, L50, F|100/100\n|switch|p1b: Staraptor|Staraptor, L50, M|100/100\n|switch|p2a: Swampert|Swampert, L50, F|100/100\n|switch|p2b: Archaludon|Archaludon, L50, M|100/100\n|-ability|p1b: Staraptor|Intimidate|boost\n|-unboost|p2a: Swampert|atk|1\n|-unboost|p2b: Archaludon|atk|1\n|turn|1\n|\n|t:|1788397975\n|detailschange|p1b: Staraptor|Staraptor-Mega, L50, M\n|-mega|p1b: Staraptor|Staraptor|Staraptite\n|detailschange|p2a: Swampert|Swampert-Mega, L50, F\n|-mega|p2a: Swampert|Swampert|Swampertite\n|move|p1a: Liepard|Charm|p1b: Staraptor\n|-boost|p1b: Staraptor|atk|2\n|move|p1b: Staraptor|Close Combat|p2b: Archaludon\n|-supereffective|p2b: Archaludon|1\n|-damage|p2b: Archaludon|0 fnt\n|-boost|p1b: Staraptor|def|1\n|-boost|p1b: Staraptor|spd|1\n|faint|p2b: Archaludon\n|move|p2a: Swampert|High Horsepower|p1b: Staraptor\n|-immune|p1b: Staraptor\n|\n|upkeep\n|c|☆toobionest|???\n|c|☆skoomanus|>\n|c|☆skoomanus|??\n|c|☆skoomanus|why is that immune\n|c|☆toobionest|james\n|c|☆toobionest|look at the type\n|c|☆skoomanus|flying\n|c|☆toobionest|???\n|c|☆toobionest|flying has always been immune to ground\n|c|☆toobionest|are you special\n|c|☆skoomanus|bro i didnt mean to hit\n|c|☆skoomanus|from pokemon\n|c|☆skoomanus|wrong\n|c|☆toobionest|sohh\n|\n|t:|1788398033\n|switch|p2b: Whimsicott|Whimsicott, L50, M|100/100\n|turn|2\n|c|☆skoomanus|im so stupid\n|c|☆skoomanus|how do you ever lose to me\n|c|☆toobionest|luck\n|\n|t:|1788398074\n|move|p1a: Liepard|Screech|p1b: Staraptor\n|-boost|p1b: Staraptor|def|2\n|move|p2b: Whimsicott|Moonblast|p1b: Staraptor\n|-supereffective|p1b: Staraptor|1\n|-damage|p1b: Staraptor|44/100\n|move|p1b: Staraptor|Close Combat|p2a: Swampert\n|-damage|p2a: Swampert|0 fnt\n|-boost|p1b: Staraptor|def|1\n|-boost|p1b: Staraptor|spd|1\n|faint|p2a: Swampert\n|\n|upkeep\n|c|☆skoomanus|of course man\n|\n|t:|1788398087\n|switch|p2a: Gholdengo|Gholdengo, L50|100/100\n|turn|3\n|\n|t:|1788398111\n|move|p1b: Staraptor|Protect|p1b: Staraptor\n|-singleturn|p1b: Staraptor|Protect\n|move|p2b: Whimsicott|Tailwind|p2b: Whimsicott\n|-sidestart|p2: skoomanus|move: Tailwind\n|move|p1a: Liepard|Taunt|p2b: Whimsicott\n|-start|p2b: Whimsicott|move: Taunt\n|move|p2a: Gholdengo|Dazzling Gleam|p1b: Staraptor|[spread] p1a\n|-activate|p1b: Staraptor|move: Protect\n|-supereffective|p1a: Liepard|1\n|-damage|p1a: Liepard|33/100\n|-damage|p2a: Gholdengo|90/100|[from] item: Life Orb\n|\n|upkeep\n|turn|4\n|\n|t:|1788398134\n|move|p1a: Liepard|Fake Tears|p1b: Staraptor\n|-boost|p1b: Staraptor|spd|2\n|move|p2b: Whimsicott|Moonblast|p1b: Staraptor\n|-supereffective|p1b: Staraptor|1\n|-damage|p1b: Staraptor|16/100\n|move|p2a: Gholdengo|Dazzling Gleam|p1a: Liepard|[spread] p1a,p1b\n|-supereffective|p1a: Liepard|1\n|-supereffective|p1b: Staraptor|1\n|-damage|p1a: Liepard|0 fnt\n|-damage|p1b: Staraptor|0 fnt\n|faint|p1a: Liepard\n|faint|p1b: Staraptor\n|-damage|p2a: Gholdengo|80/100|[from] item: Life Orb\n|\n|upkeep\n|\n|t:|1788398141\n|switch|p1b: Chandelure|Chandelure, L50, F|100/100\n|switch|p1a: Dragalge|Dragalge, L50, F|100/100\n|turn|5\n|\n|t:|1788398183\n|move|p2b: Whimsicott|Moonblast|p1a: Dragalge\n|-damage|p1a: Dragalge|66/100\n|move|p2a: Gholdengo|Shadow Ball|p1b: Chandelure\n|-supereffective|p1b: Chandelure|1\n|-damage|p1b: Chandelure|0 fnt\n|faint|p1b: Chandelure\n|-damage|p2a: Gholdengo|70/100|[from] item: Life Orb\n|move|p1a: Dragalge|Sludge Bomb|p2b: Whimsicott\n|-supereffective|p2b: Whimsicott|2\n|-enditem|p2b: Whimsicott|Focus Sash\n|-damage|p2b: Whimsicott|1/100\n|-status|p2b: Whimsicott|psn\n|\n|-damage|p2b: Whimsicott|0 fnt|[from] psn\n|faint|p2b: Whimsicott\n|upkeep\n|turn|6\n|\n|t:|1788398210\n|move|p2a: Gholdengo|Make It Rain|p1a: Dragalge\n|-damage|p1a: Dragalge|0 fnt\n|-unboost|p2a: Gholdengo|spa|2\n|faint|p1a: Dragalge\n|-damage|p2a: Gholdengo|60/100|[from] item: Life Orb\n|\n|win|skoomanus\n|c|☆toobionest|bro\n|c|☆toobionest|ARE WE SERIOUS\n|c|☆skoomanus|i locked in at the end\n|l|☆toobionest\n|player|p1|\n|c|☆skoomanus|my tail is strong\n","uploadtime":1788398211,"views":"5","formatid":"gen9championsvgc2026regmb","rating":null,"private":0,"password":null}