{"id":"gen9championsvgc2026regmb-2674552289","format":"[Gen 9 Champions] VGC 2026 Reg M-B","players":["Gfhgfhdg","Vitaaum1"],"log":"|j|☆Gfhgfhdg\n|j|☆Vitaaum1\n|t:|1788373098\n|gametype|doubles\n|player|p1|Gfhgfhdg|101|1445\n|player|p2|Vitaaum1|266|1380\n|gen|9\n|tier|[Gen 9 Champions] VGC 2026 Reg M-B\n|rated|\n|rule|Species Clause: Limit one of each Pokémon\n|rule|Item Clause: Limit 1 of each item\n|clearpoke\n|poke|p1|Scovillain, L50, F|\n|poke|p1|Talonflame, L50, M|\n|poke|p1|Garchomp, L50, M|\n|poke|p1|Raichu, L50, M|\n|poke|p1|Sylveon, L50, M|\n|poke|p1|Azumarill, L50, F|\n|poke|p2|Pelipper, L50, M|\n|poke|p2|Sableye, L50, F|\n|poke|p2|Venusaur, L50, F|\n|poke|p2|Archaludon, L50, F|\n|poke|p2|Swampert, L50, M|\n|poke|p2|Espathra, L50, F|\n|teampreview|4\n|inactive|Battle timer is ON: inactive players will automatically lose when time's up. (requested by Gfhgfhdg)\n|\n|t:|1788373170\n|teamsize|p1|4\n|teamsize|p2|4\n|start\n|switch|p1a: Talonflame|Talonflame, L50, M|100/100\n|switch|p1b: Garchomp|Garchomp, L50, M|100/100\n|switch|p2a: Sableye|Sableye, L50, F|100/100\n|switch|p2b: Espathra|Espathra, L50, F|100/100\n|turn|1\n|\n|t:|1788373191\n|move|p1a: Talonflame|Tailwind|p1a: Talonflame\n|-sidestart|p1: Gfhgfhdg|move: Tailwind\n|move|p2a: Sableye|Will-O-Wisp|p1b: Garchomp\n|-status|p1b: Garchomp|brn\n|move|p1b: Garchomp|Earthquake|p2b: Espathra|[spread] p2a,p2b\n|-immune|p1a: Talonflame\n|-damage|p2a: Sableye|69/100\n|-damage|p2b: Espathra|75/100\n|-damage|p1b: Garchomp|90/100 brn|[from] item: Life Orb\n|move|p2b: Espathra|Stored Power|p1a: Talonflame\n|-damage|p1a: Talonflame|87/100\n|\n|-damage|p1b: Garchomp|84/100 brn|[from] brn\n|-ability|p2b: Espathra|Speed Boost|boost\n|-boost|p2b: Espathra|spe|1\n|upkeep\n|turn|2\n|inactive|Gfhgfhdg has 30 seconds left.\n|\n|t:|1788373223\n|move|p2a: Sableye|Encore|p1a: Talonflame\n|-start|p1a: Talonflame|Encore\n|move|p1a: Talonflame|Tailwind||[still]\n|-fail|p1a: Talonflame\n|move|p1b: Garchomp|Dragon Claw|p2b: Espathra\n|-crit|p2b: Espathra\n|-damage|p2b: Espathra|34/100\n|-damage|p1b: Garchomp|74/100 brn|[from] item: Life Orb\n|move|p2b: Espathra|Calm Mind|p2b: Espathra\n|-boost|p2b: Espathra|spa|1\n|-boost|p2b: Espathra|spd|1\n|\n|-damage|p1b: Garchomp|68/100 brn|[from] brn\n|-ability|p2b: Espathra|Speed Boost|boost\n|-boost|p2b: Espathra|spe|1\n|upkeep\n|turn|3\n|\n|t:|1788373242\n|move|p2b: Espathra|Protect|p2b: Espathra\n|-singleturn|p2b: Espathra|Protect\n|move|p2a: Sableye|Encore|p1b: Garchomp\n|-start|p1b: Garchomp|Encore\n|move|p1a: Talonflame|Tailwind||[still]\n|-fail|p1a: Talonflame\n|move|p1b: Garchomp|Dragon Claw|p2b: Espathra\n|-activate|p2b: Espathra|move: Protect\n|\n|-damage|p1b: Garchomp|62/100 brn|[from] brn\n|-ability|p2b: Espathra|Speed Boost|boost\n|-boost|p2b: Espathra|spe|1\n|upkeep\n|turn|4\n|\n|t:|1788373252\n|move|p2a: Sableye|Disable|p1b: Garchomp\n|-start|p1b: Garchomp|Disable|Dragon Claw\n|move|p1a: Talonflame|Tailwind||[still]\n|-fail|p1a: Talonflame\n|cant|p1b: Garchomp|Disable|Dragon Claw\n|move|p2b: Espathra|Calm Mind|p2b: Espathra\n|-boost|p2b: Espathra|spa|1\n|-boost|p2b: Espathra|spd|1\n|\n|-damage|p1b: Garchomp|56/100 brn|[from] brn\n|-end|p1a: Talonflame|Encore\n|-sideend|p1: Gfhgfhdg|move: Tailwind\n|-ability|p2b: Espathra|Speed Boost|boost\n|-boost|p2b: Espathra|spe|1\n|upkeep\n|turn|5\n|\n|t:|1788373275\n|switch|p1b: Sylveon|Sylveon, L50, M|100/100\n|move|p2a: Sableye|Rain Dance|p2a: Sableye\n|-weather|RainDance\n|move|p2b: Espathra|Stored Power|p1a: Talonflame\n|-damage|p1a: Talonflame|0 fnt\n|faint|p1a: Talonflame\n|\n|-weather|RainDance|[upkeep]\n|-ability|p2b: Espathra|Speed Boost|boost\n|-boost|p2b: Espathra|spe|1\n|upkeep\n|\n|t:|1788373285\n|switch|p1a: Raichu|Raichu, L50, M|100/100\n|turn|6\n|\n|t:|1788373300\n|detailschange|p1a: Raichu|Raichu-Mega-Y, L50, M\n|-mega|p1a: Raichu|Raichu|Raichunite Y\n|move|p2b: Espathra|Protect|p2b: Espathra\n|-singleturn|p2b: Espathra|Protect\n|move|p1a: Raichu|Fake Out|p2b: Espathra\n|-activate|p2b: Espathra|move: Protect\n|move|p2a: Sableye|Will-O-Wisp|p1a: Raichu\n|-status|p1a: Raichu|brn\n|move|p1b: Sylveon|Hyper Voice|p2b: Espathra|[spread] p2a\n|-activate|p2b: Espathra|move: Protect\n|-supereffective|p2a: Sableye|1\n|-enditem|p2a: Sableye|Roseli Berry|[eat]\n|-enditem|p2a: Sableye|Roseli Berry|[weaken]\n|-damage|p2a: Sableye|12/100\n|\n|-weather|RainDance|[upkeep]\n|-damage|p1a: Raichu|94/100 brn|[from] brn\n|-ability|p2b: Espathra|Speed Boost|boost\n|-boost|p2b: Espathra|spe|1\n|upkeep\n|turn|7\n|\n|t:|1788373317\n|move|p1a: Raichu|Protect|p1a: Raichu\n|-singleturn|p1a: Raichu|Protect\n|move|p2a: Sableye|Disable|p1b: Sylveon\n|-start|p1b: Sylveon|Disable|Hyper Voice\n|move|p2b: Espathra|Baton Pass|p2b: Espathra\n|\n|t:|1788373324\n|switch|p2b: Venusaur|Venusaur, L50, F|100/100|[from] Baton Pass\n|cant|p1b: Sylveon|Disable|Hyper Voice\n|\n|-weather|RainDance|[upkeep]\n|-damage|p1a: Raichu|88/100 brn|[from] brn\n|upkeep\n|turn|8\n|\n|t:|1788373340\n|detailschange|p2b: Venusaur|Venusaur-Mega, L50, F\n|-mega|p2b: Venusaur|Venusaur|Venusaurite\n|move|p1b: Sylveon|Quick Attack|p2a: Sableye\n|-supereffective|p2a: Sableye|1\n|-damage|p2a: Sableye|0 fnt\n|faint|p2a: Sableye\n|move|p2b: Venusaur|Earth Power|p1a: Raichu\n|-supereffective|p1a: Raichu|1\n|-damage|p1a: Raichu|0 fnt\n|faint|p1a: Raichu\n|\n|-weather|RainDance|[upkeep]\n|upkeep\n|-message|Gfhgfhdg forfeited.\n|\n|win|Vitaaum1\n|raw|Gfhgfhdg's rating: 1445 &rarr; <strong>1421</strong><br />(-24 for losing)\n|raw|Vitaaum1's rating: 1380 &rarr; <strong>1404</strong><br />(+24 for winning)\n|l|☆Gfhgfhdg\n|player|p1|\n","uploadtime":1788373496,"views":"8","formatid":"gen9championsvgc2026regmb","rating":1404,"private":0,"password":null}