{"id":"gen9championsvgc2026regmb-2674397472","format":"[Gen 9 Champions] VGC 2026 Reg M-B","players":["vvnvcv","Quaaloods"],"log":"|j|☆vvnvcv\n|j|☆Quaaloods\n|t:|1788354653\n|gametype|doubles\n|player|p1|vvnvcv|cynthia|1335\n|player|p2|Quaaloods|petrel|1253\n|gen|9\n|tier|[Gen 9 Champions] VGC 2026 Reg M-B\n|rated|\n|rule|Species Clause: Limit one of each Pokémon\n|rule|Item Clause: Limit 1 of each item\n|clearpoke\n|poke|p1|Tyranitar, L50, F|\n|poke|p1|Excadrill, L50, M|\n|poke|p1|Scizor, L50, M|\n|poke|p1|Hydreigon, L50, M|\n|poke|p1|Aerodactyl, L50, M|\n|poke|p1|Gholdengo, L50|\n|poke|p2|Ceruledge, L50, M|\n|poke|p2|Farigiraf, L50, F|\n|poke|p2|Sinistcha, L50|\n|poke|p2|Floette-Eternal, L50, F|\n|poke|p2|Incineroar, L50, M|\n|poke|p2|Golurk, L50|\n|teampreview|4\n|inactive|Battle timer is ON: inactive players will automatically lose when time's up. (requested by vvnvcv)\n|inactive|Quaaloods has 60 seconds left.\n|\n|t:|1788354691\n|teamsize|p1|4\n|teamsize|p2|4\n|start\n|switch|p1a: Hydreigon|Hydreigon, L50, M|100/100\n|switch|p1b: Excadrill|Excadrill, L50, M|100/100\n|switch|p2a: Deus Vult|Ceruledge, L50, M|100/100\n|switch|p2b: Incineroar|Incineroar, L50, M|100/100\n|-ability|p2b: Incineroar|Intimidate|boost\n|-unboost|p1a: Hydreigon|atk|1\n|-unboost|p1b: Excadrill|atk|1\n|turn|1\n|\n|t:|1788354705\n|move|p1b: Excadrill|Protect|p1b: Excadrill\n|-singleturn|p1b: Excadrill|Protect\n|move|p2b: Incineroar|Fake Out|p1b: Excadrill\n|-activate|p1b: Excadrill|move: Protect\n|move|p1a: Hydreigon|Earth Power|p2b: Incineroar\n|-supereffective|p2b: Incineroar|1\n|-damage|p2b: Incineroar|53/100\n|move|p2a: Deus Vult|Close Combat|p1a: Hydreigon\n|-supereffective|p1a: Hydreigon|1\n|-damage|p1a: Hydreigon|0 fnt\n|-unboost|p2a: Deus Vult|def|1\n|-unboost|p2a: Deus Vult|spd|1\n|faint|p1a: Hydreigon\n|\n|upkeep\n|\n|t:|1788354721\n|switch|p1a: Tyranitar|Tyranitar, L50, F|100/100\n|-weather|Sandstorm|[from] ability: Sand Stream|[of] p1a: Tyranitar\n|turn|2\n|\n|t:|1788354737\n|switch|p2b: Télétubbies|Farigiraf, L50, F|100/100\n|move|p1a: Tyranitar|Protect|p1a: Tyranitar\n|-singleturn|p1a: Tyranitar|Protect\n|move|p1b: Excadrill|Earthquake|p2a: Deus Vult|[spread] p2a,p2b\n|-activate|p1a: Tyranitar|move: Protect\n|-supereffective|p2a: Deus Vult|1\n|-enditem|p2a: Deus Vult|Focus Sash\n|-damage|p2a: Deus Vult|1/100\n|-damage|p2b: Télétubbies|76/100\n|move|p2a: Deus Vult|Close Combat|p1b: Excadrill\n|-supereffective|p1b: Excadrill|1\n|-crit|p1b: Excadrill\n|-enditem|p1b: Excadrill|Focus Sash\n|-damage|p1b: Excadrill|1/100\n|-unboost|p2a: Deus Vult|def|1\n|-unboost|p2a: Deus Vult|spd|1\n|\n|-weather|Sandstorm|[upkeep]\n|-damage|p2a: Deus Vult|0 fnt|[from] Sandstorm\n|-damage|p2b: Télétubbies|70/100|[from] Sandstorm\n|faint|p2a: Deus Vult\n|upkeep\n|inactive|Quaaloods has 30 seconds left.\n|\n|t:|1788354765\n|switch|p2a: Incineroar|Incineroar, L50, M|53/100\n|-ability|p2a: Incineroar|Intimidate|boost\n|-unboost|p1a: Tyranitar|atk|1\n|-unboost|p1b: Excadrill|atk|1\n|turn|3\n|\n|t:|1788354786\n|switch|p1b: Scizor|Scizor, L50, M|100/100\n|move|p2a: Incineroar|Fake Out|p1a: Tyranitar\n|-resisted|p1a: Tyranitar|1\n|-damage|p1a: Tyranitar|95/100\n|cant|p1a: Tyranitar|flinch\n|move|p2b: Télétubbies|Trick Room|p2b: Télétubbies\n|-fieldstart|move: Trick Room|[of] p2b: Télétubbies\n|\n|-weather|Sandstorm|[upkeep]\n|-damage|p2b: Télétubbies|63/100|[from] Sandstorm\n|-damage|p2a: Incineroar|47/100|[from] Sandstorm\n|upkeep\n|turn|4\n|inactive|vvnvcv has 30 seconds left.\n|inactive|Quaaloods has 30 seconds left.\n|\n|t:|1788354819\n|detailschange|p1b: Scizor|Scizor-Mega, L50, M\n|-mega|p1b: Scizor|Scizor|Scizorite\n|move|p1b: Scizor|Protect|p1b: Scizor\n|-singleturn|p1b: Scizor|Protect\n|move|p2b: Télétubbies|Psychic Noise|p1b: Scizor\n|-activate|p1b: Scizor|move: Protect\n|move|p2a: Incineroar|Parting Shot|p1a: Tyranitar\n|-unboost|p1a: Tyranitar|atk|1\n|-unboost|p1a: Tyranitar|spa|1\n|\n|t:|1788354828\n|switch|p2a: Tomorrowland|Golurk, L50|100/100|[from] Parting Shot\n|move|p1a: Tyranitar|Knock Off|p2b: Télétubbies\n|-supereffective|p2b: Télétubbies|1\n|-damage|p2b: Télétubbies|20/100y\n|-enditem|p2b: Télétubbies|Sitrus Berry|[from] move: Knock Off|[of] p1a: Tyranitar\n|\n|-weather|Sandstorm|[upkeep]\n|-damage|p2b: Télétubbies|14/100|[from] Sandstorm\n|upkeep\n|turn|5\n|\n|t:|1788354844\n|detailschange|p2a: Tomorrowland|Golurk-Mega, L50\n|-mega|p2a: Tomorrowland|Golurk|Golurkite\n|move|p2b: Télétubbies|Helping Hand|p2a: Tomorrowland\n|-singleturn|p2a: Tomorrowland|Helping Hand|[of] p2b: Télétubbies\n|move|p1a: Tyranitar|Protect|p1a: Tyranitar\n|-singleturn|p1a: Tyranitar|Protect\n|move|p2a: Tomorrowland|Poltergeist|p1b: Scizor\n|-activate|p1b: Scizor|move: Poltergeist|Scizorite\n|-damage|p1b: Scizor|13/100\n|move|p1b: Scizor|Knock Off|p2a: Tomorrowland\n|-supereffective|p2a: Tomorrowland|1\n|-damage|p2a: Tomorrowland|48/100\n|\n|-weather|Sandstorm|[upkeep]\n|-damage|p2b: Télétubbies|8/100|[from] Sandstorm\n|upkeep\n|turn|6\n|inactive|vvnvcv has 30 seconds left.\n|inactive|Quaaloods has 30 seconds left.\n|inactive|Quaaloods has 20 seconds left.\n|inactive|Quaaloods has 15 seconds left.\n|inactive|Quaaloods has 10 seconds left.\n|\n|t:|1788354890\n|switch|p2b: Incineroar|Incineroar, L50, M|47/100\n|-ability|p2b: Incineroar|Intimidate|boost\n|-unboost|p1a: Tyranitar|atk|1\n|-unboost|p1b: Scizor|atk|1\n|move|p1b: Scizor|Protect|p1b: Scizor\n|-singleturn|p1b: Scizor|Protect\n|move|p2a: Tomorrowland|Headlong Rush|p1a: Tyranitar\n|-supereffective|p1a: Tyranitar|1\n|-damage|p1a: Tyranitar|0 fnt\n|-unboost|p2a: Tomorrowland|def|1\n|-unboost|p2a: Tomorrowland|spd|1\n|faint|p1a: Tyranitar\n|\n|-weather|none\n|upkeep\n|\n|t:|1788354901\n|switch|p1a: Excadrill|Excadrill, L50, M|1/100\n|turn|7\n|-message|vvnvcv forfeited.\n|\n|win|Quaaloods\n|raw|vvnvcv's rating: 1335 &rarr; <strong>1310</strong><br />(-25 for losing)\n|raw|Quaaloods's rating: 1253 &rarr; <strong>1284</strong><br />(+31 for winning)\n|l|☆vvnvcv\n|player|p1|\n","uploadtime":1788354912,"views":"0","formatid":"gen9championsvgc2026regmb","rating":1284,"private":0,"password":null}