{"id":"gen9championsvgc2026regmbbo3-2673278905","format":"[Gen 9 Champions] VGC 2026 Reg M-B (Bo3)","players":["humania1","marcosqb05"],"log":"|j|☆humania1\n|j|☆marcosqb05\n|html|<table width=\"100%\"><tr><td align=\"left\">humania1</td><td align=\"right\">marcosqb05</tr><tr><td align=\"left\"><i class=\"fa fa-circle-o\"></i> <i class=\"fa fa-circle-o\"></i> </td><td align=\"right\"><i class=\"fa fa-circle-o\"></i> <i class=\"fa fa-circle\"></i> </tr></table>\n|uhtml|bestof|<h2><strong>Game 2</strong> of <a href=\"/game-bestof3-gen9championsvgc2026regmbbo3-2673276939\">a best-of-3</a></h2>\n|t:|1788175701\n|gametype|doubles\n|player|p1|humania1|170|1000\n|player|p2|marcosqb05|hilbert-wonderlauncher|1120\n|gen|9\n|tier|[Gen 9 Champions] VGC 2026 Reg M-B (Bo3)\n|rated|\n|rule|Species Clause: Limit one of each Pokémon\n|rule|Item Clause: Limit 1 of each item\n|clearpoke\n|poke|p1|Blastoise, L50, F|\n|poke|p1|Delphox, L50, F, shiny|\n|poke|p1|Incineroar, L50, F|\n|poke|p1|Sinistcha, L50|\n|poke|p1|Sneasler, L50, M|\n|poke|p1|Vivillon, L50, F|\n|poke|p2|Staraptor, L50, M|\n|poke|p2|Raichu, L50, M|\n|poke|p2|Sylveon, L50, F|\n|poke|p2|Farigiraf, L50, F|\n|poke|p2|Arcanine-Hisui, L50, M|\n|poke|p2|Kingambit, L50, M|\n|teampreview|4\n|showteam|p1|Blastoise||Blastoisinite|Torrent|Protect,ShellSmash,WaterSpout,DarkPulse|Modest||F|||50|]Delphox||Delphoxite|Blaze|Protect,HeatWave,Psyshock,NastyPlot|Timid||F|||50|]Incineroar||PasshoBerry|Intimidate|FakeOut,PartingShot,FlareBlitz,ThroatChop|Impish||F|||50|]Sinistcha||SitrusBerry|Hospitality|Protect,MatchaGotcha,TrickRoom,RagePowder|Bold|||||50|]Sneasler||FocusSash|PoisonTouch|QuickGuard,FakeOut,CloseCombat,DireClaw|Jolly||M|||50|]Vivillon||ChoiceScarf|CompoundEyes|Hurricane,SleepPowder,RagePowder,Uturn|Timid||F|||50|\n|showteam|p2|Staraptor||Staraptite|Intimidate|Protect,Tailwind,CloseCombat,DualWingbeat|Jolly||M|||50|]Raichu||RaichuniteY|LightningRod|Protect,ZapCannon,FocusBlast,FakeOut|Timid||M|||50|]Sylveon||FairyFeather|Pixilate|Detect,HyperBeam,HyperVoice,QuickAttack|Modest||F|||50|]Farigiraf||SitrusBerry|ArmorTail|TrickRoom,HelpingHand,Psychic,Thunderbolt|Relaxed||F|||50|]Arcanine-Hisui||FocusSash|RockHead|Protect,HeadSmash,ExtremeSpeed,FlareBlitz|Adamant||M|||50|]Kingambit||LifeOrb|Defiant|Protect,SuckerPunch,IronHead,KowtowCleave|Adamant||M|||50|\n|\n|t:|1788175724\n|teamsize|p1|4\n|teamsize|p2|4\n|start\n|switch|p1a: Blastoise|Blastoise, L50, F|100/100\n|switch|p1b: Delphox|Delphox, L50, F, shiny|100/100\n|switch|p2a: Staraptor|Staraptor, L50, M|100/100\n|switch|p2b: Farigiraf|Farigiraf, L50, F|100/100\n|-ability|p2a: Staraptor|Intimidate|boost\n|-unboost|p1a: Blastoise|atk|1\n|-unboost|p1b: Delphox|atk|1\n|turn|1\n|\n|t:|1788175749\n|switch|p1b: Incineroar|Incineroar, L50, F|100/100\n|-ability|p1b: Incineroar|Intimidate|boost\n|-unboost|p2a: Staraptor|atk|1\n|-unboost|p2b: Farigiraf|atk|1\n|detailschange|p2a: Staraptor|Staraptor-Mega, L50, M\n|-mega|p2a: Staraptor|Staraptor|Staraptite\n|move|p2a: Staraptor|Protect|p2a: Staraptor\n|-singleturn|p2a: Staraptor|Protect\n|move|p1a: Blastoise|Water Spout|p2b: Farigiraf|[spread] p2b\n|-activate|p2a: Staraptor|move: Protect\n|-damage|p2b: Farigiraf|56/100\n|move|p2b: Farigiraf|Thunderbolt|p1a: Blastoise\n|-supereffective|p1a: Blastoise|1\n|-damage|p1a: Blastoise|56/100\n|\n|upkeep\n|turn|2\n|\n|t:|1788175794\n|switch|p2b: Sylveon|Sylveon, L50, F|100/100\n|move|p2a: Staraptor|Tailwind|p2a: Staraptor\n|-sidestart|p2: marcosqb05|move: Tailwind\n|move|p1a: Blastoise|Water Spout|p2b: Sylveon|[spread] p2a,p2b\n|-damage|p2a: Staraptor|68/100\n|-damage|p2b: Sylveon|80/100\n|move|p1b: Incineroar|Throat Chop|p2b: Sylveon\n|-resisted|p2b: Sylveon|1\n|-damage|p2b: Sylveon|66/100\n|-start|p2b: Sylveon|Throat Chop|[silent]\n|\n|upkeep\n|turn|3\n|\n|t:|1788175837\n|move|p2a: Staraptor|Dual Wingbeat|p1b: Incineroar\n|-damage|p1b: Incineroar|86/100\n|-damage|p1b: Incineroar|74/100\n|-hitcount|p1b: Incineroar|2\n|move|p2b: Sylveon|Hyper Beam|p1a: Blastoise|[miss]\n|-miss|p2b: Sylveon|p1a: Blastoise\n|move|p1a: Blastoise|Dark Pulse|p2a: Staraptor\n|-resisted|p2a: Staraptor|1\n|-damage|p2a: Staraptor|55/100\n|move|p1b: Incineroar|Flare Blitz|p2a: Staraptor\n|-damage|p2a: Staraptor|0 fnt\n|faint|p2a: Staraptor\n|-damage|p1b: Incineroar|59/100|[from] Recoil\n|\n|-end|p2b: Sylveon|Throat Chop|[silent]\n|upkeep\n|\n|t:|1788175858\n|switch|p2a: Farigiraf|Farigiraf, L50, F|56/100\n|turn|4\n|\n|t:|1788175878\n|switch|p1b: Sinistcha|Sinistcha, L50|100/100\n|-heal|p1a: Blastoise|81/100|[from] ability: Hospitality|[of] p1b: Sinistcha\n|move|p2b: Sylveon|Hyper Beam|p1b: Sinistcha\n|-damage|p1b: Sinistcha|16/100\n|-mustrecharge|p2b: Sylveon\n|-enditem|p1b: Sinistcha|Sitrus Berry|[eat]\n|-heal|p1b: Sinistcha|41/100|[from] item: Sitrus Berry\n|move|p2a: Farigiraf|Thunderbolt|p1a: Blastoise\n|-supereffective|p1a: Blastoise|1\n|-damage|p1a: Blastoise|36/100\n|move|p1a: Blastoise|Water Spout|p2b: Sylveon|[spread] p2a,p2b\n|-damage|p2a: Farigiraf|42/100\n|-damage|p2b: Sylveon|53/100\n|-enditem|p2a: Farigiraf|Sitrus Berry|[eat]\n|-heal|p2a: Farigiraf|67/100|[from] item: Sitrus Berry\n|\n|upkeep\n|turn|5\n|\n|t:|1788175895\n|switch|p1b: Incineroar|Incineroar, L50, F|59/100\n|-ability|p1b: Incineroar|Intimidate|boost\n|-unboost|p2a: Farigiraf|atk|1\n|-unboost|p2b: Sylveon|atk|1\n|cant|p2b: Sylveon|recharge\n|move|p2a: Farigiraf|Thunderbolt|p1a: Blastoise\n|-supereffective|p1a: Blastoise|1\n|-damage|p1a: Blastoise|0 fnt\n|faint|p1a: Blastoise\n|\n|-sideend|p2: marcosqb05|move: Tailwind\n|upkeep\n|\n|t:|1788175896\n|switch|p1a: Delphox|Delphox, L50, F, shiny|100/100\n|turn|6\n|\n|t:|1788175915\n|move|p2b: Sylveon|Detect|p2b: Sylveon\n|-singleturn|p2b: Sylveon|Protect\n|move|p1a: Delphox|Psyshock|p2b: Sylveon\n|-activate|p2b: Sylveon|move: Protect\n|move|p1b: Incineroar|Flare Blitz|p2b: Sylveon\n|-activate|p2b: Sylveon|move: Protect\n|move|p2a: Farigiraf|Trick Room|p2a: Farigiraf\n|-fieldstart|move: Trick Room|[of] p2a: Farigiraf\n|\n|upkeep\n|turn|7\n|\n|t:|1788175952\n|move|p2a: Farigiraf|Helping Hand|p2b: Sylveon\n|-singleturn|p2b: Sylveon|Helping Hand|[of] p2a: Farigiraf\n|move|p2b: Sylveon|Hyper Voice|p1b: Incineroar|[spread] p1a,p1b\n|-resisted|p1a: Delphox|1\n|-crit|p1a: Delphox\n|-damage|p1a: Delphox|44/100\n|-damage|p1b: Incineroar|0 fnt\n|faint|p1b: Incineroar\n|move|p1a: Delphox|Psyshock|p2b: Sylveon\n|-damage|p2b: Sylveon|17/100\n|\n|upkeep\n|\n|t:|1788175952\n|switch|p1b: Sinistcha|Sinistcha, L50|41/100\n|-heal|p1a: Delphox|69/100|[from] ability: Hospitality|[of] p1b: Sinistcha\n|turn|8\n|\n|t:|1788175970\n|move|p2a: Farigiraf|Helping Hand|p2b: Sylveon\n|-singleturn|p2b: Sylveon|Helping Hand|[of] p2a: Farigiraf\n|move|p2b: Sylveon|Hyper Voice|p1b: Sinistcha|[spread] p1a,p1b\n|-resisted|p1a: Delphox|1\n|-damage|p1a: Delphox|31/100\n|-damage|p1b: Sinistcha|0 fnt\n|faint|p1b: Sinistcha\n|move|p1a: Delphox|Psyshock|p2b: Sylveon\n|-damage|p2b: Sylveon|0 fnt\n|faint|p2b: Sylveon\n|\n|upkeep\n|\n|t:|1788175978\n|switch|p2b: Kingambit|Kingambit, L50, M|100/100\n|turn|9\n|\n|t:|1788175985\n|move|p1a: Delphox|Protect|p1a: Delphox\n|-singleturn|p1a: Delphox|Protect\n|move|p2a: Farigiraf|Thunderbolt|p1a: Delphox\n|-activate|p1a: Delphox|move: Protect\n|move|p2b: Kingambit|Kowtow Cleave|p1a: Delphox\n|-activate|p1a: Delphox|move: Protect\n|\n|upkeep\n|turn|10\n|\n|t:|1788175990\n|move|p2a: Farigiraf|Thunderbolt|p1a: Delphox\n|-damage|p1a: Delphox|7/100\n|move|p2b: Kingambit|Kowtow Cleave|p1a: Delphox\n|-supereffective|p1a: Delphox|1\n|-damage|p1a: Delphox|0 fnt\n|faint|p1a: Delphox\n|-damage|p2b: Kingambit|90/100|[from] item: Life Orb\n|\n|win|marcosqb05\n|raw|humania1's rating: 1000 &rarr; <strong>1000</strong><br />(+0 for losing)\n|raw|marcosqb05's rating: 1120 &rarr; <strong>1137</strong><br />(+17 for winning)\n","uploadtime":1788175990,"views":"2","formatid":"gen9championsvgc2026regmbbo3","rating":1000,"private":0,"password":null}