{"id":"gen9championsvgc2026regmbbo3-2673959506","format":"[Gen 9 Champions] VGC 2026 Reg M-B (Bo3)","players":["2thpasteboy6","humania1"],"log":"|j|☆2thpasteboy6\n|j|☆humania1\n|html|<table width=\"100%\"><tr><td align=\"left\">2thpasteboy6</td><td align=\"right\">humania1</tr><tr><td align=\"left\"><i class=\"fa fa-circle\"></i> <i class=\"fa fa-circle-o\"></i> </td><td align=\"right\"><i class=\"fa fa-circle-o\"></i> <i class=\"fa fa-circle\"></i> </tr></table>\n|uhtml|bestof|<h2><strong>Game 3</strong> of <a href=\"/game-bestof3-gen9championsvgc2026regmbbo3-2673955223\">a best-of-3</a></h2>\n|t:|1788281931\n|gametype|doubles\n|player|p1|2thpasteboy6|hilbert-wonderlauncher|1000\n|player|p2|humania1|266|1000\n|gen|9\n|tier|[Gen 9 Champions] VGC 2026 Reg M-B (Bo3)\n|rated|\n|rule|Species Clause: Limit one of each Pokémon\n|rule|Item Clause: Limit 1 of each item\n|clearpoke\n|poke|p1|Scizor, L50, F, shiny|\n|poke|p1|Pelipper, L50, M|\n|poke|p1|Palafin, L50, M, shiny|\n|poke|p1|Incineroar, L50, M, shiny|\n|poke|p1|Staraptor, L50, F|\n|poke|p1|Klefki, L50, M, shiny|\n|poke|p2|Blastoise, L50, F|\n|poke|p2|Delphox, L50, M, shiny|\n|poke|p2|Incineroar, L50, F|\n|poke|p2|Sinistcha, L50|\n|poke|p2|Sneasler, L50, F|\n|poke|p2|Vivillon, L50, F|\n|teampreview|4\n|showteam|p1|Scizor||Scizorite|Technician|BulletPunch,Uturn,AerialAce,Protect|Jolly||F|||50|]Pelipper||DampRock|Drizzle|Tailwind,Hurricane,WideGuard,Waterfall|Timid||M|||50|]Palafin||MysticWater|ZerotoHero|FlipTurn,JetPunch,WaveCrash,CloseCombat|Jolly||M|||50|]Incineroar||Leftovers|Intimidate|FakeOut,PartingShot,DrainPunch,Protect|Jolly||M|||50|]Staraptor||Staraptite|Intimidate|CloseCombat,Protect,Uturn,BraveBird|Jolly||F|||50|]Klefki||LightClay|Prankster|LightScreen,Reflect,ThunderWave,FoulPlay|Jolly||M|||50|\n|showteam|p2|Blastoise||Blastoisinite|Torrent|Protect,ShellSmash,WaterSpout,DarkPulse|Modest||F|||50|]Delphox||Delphoxite|Blaze|Protect,HeatWave,Psyshock,NastyPlot|Timid||M|||50|]Incineroar||PasshoBerry|Intimidate|FakeOut,PartingShot,FlareBlitz,ThroatChop|Impish||F|||50|]Sinistcha||SitrusBerry|Hospitality|Protect,MatchaGotcha,TrickRoom,RagePowder|Bold|||||50|]Sneasler||FocusSash|PoisonTouch|QuickGuard,FakeOut,CloseCombat,DireClaw|Jolly||F|||50|]Vivillon||ChoiceScarf|CompoundEyes|Hurricane,SleepPowder,RagePowder,Uturn|Timid||F|||50|\n|inactive|Battle timer is ON: inactive players will automatically lose when time's up. (requested by humania1)\n|\n|t:|1788281939\n|teamsize|p1|4\n|teamsize|p2|4\n|start\n|switch|p1a: Toilet|Pelipper, L50, M|100/100\n|switch|p1b: Homander|Palafin, L50, M, shiny|100/100\n|switch|p2a: Incineroar|Incineroar, L50, F|100/100\n|switch|p2b: Sinistcha|Sinistcha, L50|100/100\n|-ability|p2a: Incineroar|Intimidate|boost\n|-unboost|p1a: Toilet|atk|1\n|-unboost|p1b: Homander|atk|1\n|-weather|RainDance|[from] ability: Drizzle|[of] p1a: Toilet\n|turn|1\n|\n|t:|1788281953\n|move|p1b: Homander|Flip Turn|p2a: Incineroar\n|-supereffective|p2a: Incineroar|1\n|-enditem|p2a: Incineroar|Passho Berry|[eat]\n|-enditem|p2a: Incineroar|Passho Berry|[weaken]\n|-damage|p2a: Incineroar|77/100\n|\n|t:|1788281960\n|detailschange|p1b: Homander|Palafin-Hero, L50, M, shiny\n|switch|p1b: Garfeild|Incineroar, L50, M, shiny|100/100|[from] Flip Turn\n|-ability|p1b: Garfeild|Intimidate|boost\n|-unboost|p2a: Incineroar|atk|1\n|-unboost|p2b: Sinistcha|atk|1\n|move|p2a: Incineroar|Throat Chop|p1b: Garfeild\n|-resisted|p1b: Garfeild|1\n|-damage|p1b: Garfeild|91/100\n|-start|p1b: Garfeild|Throat Chop|[silent]\n|move|p1a: Toilet|Tailwind|p1a: Toilet\n|-sidestart|p1: 2thpasteboy6|move: Tailwind\n|move|p2b: Sinistcha|Matcha Gotcha|p1b: Garfeild|[spread] p1a,p1b\n|-resisted|p1b: Garfeild|1\n|-damage|p1a: Toilet|65/100\n|-damage|p1b: Garfeild|81/100\n|\n|-weather|RainDance|[upkeep]\n|-heal|p1b: Garfeild|87/100|[from] item: Leftovers\n|upkeep\n|turn|2\n|inactive|2thpasteboy6 has 30 seconds left.\n|\n|t:|1788281988\n|move|p1b: Garfeild|Fake Out|p2a: Incineroar\n|-damage|p2a: Incineroar|68/100\n|move|p1a: Toilet|Hurricane|p2b: Sinistcha\n|-supereffective|p2b: Sinistcha|1\n|-damage|p2b: Sinistcha|34/100\n|-enditem|p2b: Sinistcha|Sitrus Berry|[eat]\n|-heal|p2b: Sinistcha|59/100|[from] item: Sitrus Berry\n|cant|p2a: Incineroar|flinch\n|move|p2b: Sinistcha|Matcha Gotcha|p1a: Toilet|[spread] p1a,p1b\n|-resisted|p1b: Garfeild|1\n|-damage|p1a: Toilet|31/100\n|-heal|p2b: Sinistcha|75/100|[from] drain|[of] p1a: Toilet\n|-damage|p1b: Garfeild|77/100\n|-heal|p2b: Sinistcha|81/100|[from] drain|[of] p1b: Garfeild\n|\n|-weather|RainDance|[upkeep]\n|-heal|p1b: Garfeild|83/100|[from] item: Leftovers\n|-end|p1b: Garfeild|Throat Chop|[silent]\n|upkeep\n|turn|3\n|inactive|2thpasteboy6 has 30 seconds left.\n|\n|t:|1788282019\n|move|p1b: Garfeild|Protect|p1b: Garfeild\n|-singleturn|p1b: Garfeild|Protect\n|move|p1a: Toilet|Hurricane|p2b: Sinistcha\n|-supereffective|p2b: Sinistcha|1\n|-damage|p2b: Sinistcha|19/100\n|-start|p2b: Sinistcha|confusion\n|move|p2a: Incineroar|Throat Chop|p1a: Toilet\n|-damage|p1a: Toilet|12/100\n|-start|p1a: Toilet|Throat Chop|[silent]\n|-activate|p2b: Sinistcha|confusion\n|-damage|p2b: Sinistcha|15/100|[from] confusion\n|\n|-weather|RainDance|[upkeep]\n|-heal|p1b: Garfeild|89/100|[from] item: Leftovers\n|upkeep\n|turn|4\n|\n|t:|1788282036\n|-activate|p2b: Sinistcha|confusion\n|move|p2b: Sinistcha|Protect|p2b: Sinistcha\n|-singleturn|p2b: Sinistcha|Protect\n|move|p1a: Toilet|Hurricane|p2b: Sinistcha\n|-activate|p2b: Sinistcha|move: Protect\n|move|p1b: Garfeild|Drain Punch|p2a: Incineroar\n|-supereffective|p2a: Incineroar|1\n|-damage|p2a: Incineroar|34/100\n|-heal|p1b: Garfeild|100/100|[from] drain|[of] p2a: Incineroar\n|move|p2a: Incineroar|Throat Chop|p1a: Toilet\n|-crit|p1a: Toilet\n|-damage|p1a: Toilet|0 fnt\n|faint|p1a: Toilet\n|\n|-weather|RainDance|[upkeep]\n|-sideend|p1: 2thpasteboy6|move: Tailwind\n|upkeep\n|\n|t:|1788282051\n|switch|p1a: Homander|Palafin-Hero, L50, M, shiny|100/100\n|-activate|p1a: Homander|ability: Zero to Hero\n|turn|5\n|\n|t:|1788282066\n|switch|p2a: Sneasler|Sneasler, L50, F|100/100\n|move|p1a: Homander|Jet Punch|p2a: Sneasler\n|-enditem|p2a: Sneasler|Focus Sash\n|-damage|p2a: Sneasler|1/100\n|move|p1b: Garfeild|Drain Punch|p2a: Sneasler\n|-resisted|p2a: Sneasler|1\n|-damage|p2a: Sneasler|0 fnt\n|faint|p2a: Sneasler\n|-end|p2b: Sinistcha|confusion\n|move|p2b: Sinistcha|Trick Room|p2b: Sinistcha\n|-fieldstart|move: Trick Room|[of] p2b: Sinistcha\n|\n|-weather|RainDance|[upkeep]\n|upkeep\n|\n|t:|1788282066\n|switch|p2a: Vivillon|Vivillon, L50, F|100/100\n|turn|6\n|inactive|2thpasteboy6 has 30 seconds left.\n|\n|t:|1788282101\n|move|p1a: Homander|Jet Punch|p2b: Sinistcha\n|-resisted|p2b: Sinistcha|1\n|-damage|p2b: Sinistcha|0 fnt\n|faint|p2b: Sinistcha\n|move|p1b: Garfeild|Parting Shot|p2a: Vivillon\n|-unboost|p2a: Vivillon|atk|1\n|-unboost|p2a: Vivillon|spa|1\n|\n|t:|1788282107\n|switch|p1b: Bird that i hate|Staraptor, L50, F|100/100|[from] Parting Shot\n|-ability|p1b: Bird that i hate|Intimidate|boost\n|-unboost|p2a: Vivillon|atk|1\n|move|p2a: Vivillon|Hurricane|p1a: Homander\n|-damage|p1a: Homander|69/100\n|\n|-weather|RainDance|[upkeep]\n|upkeep\n|\n|t:|1788282107\n|switch|p2b: Incineroar|Incineroar, L50, F|34/100\n|-ability|p2b: Incineroar|Intimidate|boost\n|-unboost|p1a: Homander|atk|1\n|-unboost|p1b: Bird that i hate|atk|1\n|turn|7\n|\n|t:|1788282132\n|detailschange|p1b: Bird that i hate|Staraptor-Mega, L50, F\n|-mega|p1b: Bird that i hate|Staraptor|Staraptite\n|move|p2b: Incineroar|Throat Chop|p1b: Bird that i hate\n|-resisted|p1b: Bird that i hate|1\n|-damage|p1b: Bird that i hate|82/100\n|-start|p1b: Bird that i hate|Throat Chop|[silent]\n|move|p1a: Homander|Wave Crash|p2a: Vivillon\n|-damage|p2a: Vivillon|0 fnt\n|faint|p2a: Vivillon\n|-damage|p1a: Homander|40/100|[from] Recoil\n|move|p1b: Bird that i hate|Close Combat|p2b: Incineroar\n|-supereffective|p2b: Incineroar|1\n|-damage|p2b: Incineroar|0 fnt\n|-boost|p1b: Bird that i hate|def|1\n|-boost|p1b: Bird that i hate|spd|1\n|faint|p2b: Incineroar\n|\n|win|2thpasteboy6\n|raw|2thpasteboy6's rating: 1000 &rarr; <strong>1040</strong><br />(+40 for winning)\n|raw|humania1's rating: 1000 &rarr; <strong>1000</strong><br />(+0 for losing)\n","uploadtime":1788282132,"views":"0","formatid":"gen9championsvgc2026regmbbo3","rating":1000,"private":0,"password":null}