{"id":"gen9championsvgc2026regmbbo3-2674661788","format":"[Gen 9 Champions] VGC 2026 Reg M-B (Bo3)","players":["eldanger10","Lxtar17"],"log":"|j|☆eldanger10\n|j|☆Lxtar17\n|html|<table width=\"100%\"><tr><td align=\"left\">eldanger10</td><td align=\"right\">Lxtar17</tr><tr><td align=\"left\"><i class=\"fa fa-circle-o\"></i> <i class=\"fa fa-circle-o\"></i> </td><td align=\"right\"><i class=\"fa fa-circle-o\"></i> <i class=\"fa fa-circle-o\"></i> </tr></table>\n|uhtml|bestof|<h2><strong>Game 1</strong> of <a href=\"/game-bestof3-gen9championsvgc2026regmbbo3-2674661787\">a best-of-3</a></h2>\n|t:|1788386763\n|gametype|doubles\n|player|p1|eldanger10|266|1135\n|player|p2|Lxtar17|266|1306\n|gen|9\n|tier|[Gen 9 Champions] VGC 2026 Reg M-B (Bo3)\n|rated|\n|rule|Species Clause: Limit one of each Pokémon\n|rule|Item Clause: Limit 1 of each item\n|clearpoke\n|poke|p1|Scovillain, L50, M, shiny|\n|poke|p1|Basculegion, L50, M|\n|poke|p1|Kingambit, L50, F|\n|poke|p1|Sneasler, L50, M|\n|poke|p1|Lycanroc-Dusk, L50, M|\n|poke|p1|Froslass, L50, F|\n|poke|p2|Charizard, L50, F|\n|poke|p2|Garchomp, L50, F|\n|poke|p2|Incineroar, L50, M|\n|poke|p2|Venusaur, L50, M|\n|poke|p2|Toxapex, L50, F|\n|poke|p2|Sylveon, L50, M|\n|teampreview|4\n|showteam|p1|Scovillain||Scovillainite|Moody|GigaDrain,Overheat,RagePowder,Protect|Bold||M|||50|]Basculegion||LifeOrb|Adaptability|WaveCrash,LastRespects,AquaJet,Protect|Adamant||M|||50|]Kingambit||BlackGlasses|Defiant|KowtowCleave,SuckerPunch,SwordsDance,Protect|Adamant||F|||50|]Sneasler||WhiteHerb|Unburden|CloseCombat,DireClaw,Protect,FakeOut|Adamant||M|||50|]Lycanroc-Dusk||FocusSash|ToughClaws|CloseCombat,Accelerock,RockSlide,Protect|Adamant||M|||50|]Froslass||Froslassite|CursedBody|Blizzard,ShadowBall,AuroraVeil,Protect|Timid||F|||50|\n|showteam|p2|Charizard||CharizarditeY|Blaze|WeatherBall,SolarBeam,Protect,HeatWave|Timid||F|||50|]Garchomp||ChoiceScarf|RoughSkin|Earthquake,DragonClaw,StompingTantrum,RockSlide|Jolly||F|||50|]Incineroar||SitrusBerry|Intimidate|FlareBlitz,FakeOut,Protect,PartingShot|Impish||M|||50|]Venusaur||FocusSash|Chlorophyll|Protect,SludgeBomb,EarthPower,SleepPowder|Modest||M|||50|]Toxapex||Leftovers|Regenerator|Infestation,Toxic,BanefulBunker,WideGuard|Bold||F|||50|]Sylveon||FairyFeather|Pixilate|HyperVoice,QuickAttack,HyperBeam,Detect|Modest||M|||50|\n|inactive|Battle timer is ON: inactive players will automatically lose when time's up. (requested by eldanger10)\n|\n|t:|1788386811\n|teamsize|p1|4\n|teamsize|p2|4\n|start\n|switch|p1a: Cisco|Sneasler, L50, M|100/100\n|switch|p1b: Kids|Kingambit, L50, F|100/100\n|switch|p2a: Charizard|Charizard, L50, F|100/100\n|switch|p2b: Venusaur|Venusaur, L50, M|100/100\n|turn|1\n|inactive|eldanger10 has 30 seconds left.\n|inactive|eldanger10 has 20 seconds left.\n|inactive|eldanger10 has 15 seconds left.\n|inactive|eldanger10 has 10 seconds left.\n|\n|t:|1788386859\n|detailschange|p2a: Charizard|Charizard-Mega-Y, L50, F\n|-mega|p2a: Charizard|Charizard|Charizardite Y\n|-weather|SunnyDay|[from] ability: Drought|[of] p2a: Charizard\n|move|p1a: Cisco|Fake Out|p2a: Charizard\n|-crit|p2a: Charizard\n|-damage|p2a: Charizard|77/100\n|move|p2b: Venusaur|Earth Power|p1b: Kids\n|-supereffective|p1b: Kids|1\n|-damage|p1b: Kids|48/100\n|-unboost|p1b: Kids|spd|1\n|-ability|p1b: Kids|Defiant|boost\n|-boost|p1b: Kids|atk|2\n|cant|p2a: Charizard|flinch\n|move|p1b: Kids|Swords Dance|p1b: Kids\n|-boost|p1b: Kids|atk|2\n|\n|-weather|SunnyDay|[upkeep]\n|upkeep\n|turn|2\n|inactive|Lxtar17 has 30 seconds left.\n|\n|t:|1788386892\n|switch|p2a: Garchomp|Garchomp, L50, F|100/100\n|move|p1b: Kids|Protect|p1b: Kids\n|-singleturn|p1b: Kids|Protect\n|move|p2b: Venusaur|Earth Power|p1b: Kids\n|-activate|p1b: Kids|move: Protect\n|move|p1a: Cisco|Close Combat|p2b: Venusaur\n|-resisted|p2b: Venusaur|1\n|-damage|p2b: Venusaur|62/100\n|-unboost|p1a: Cisco|def|1\n|-unboost|p1a: Cisco|spd|1\n|-enditem|p1a: Cisco|White Herb\n|-clearnegativeboost|p1a: Cisco|[silent]\n|\n|-weather|SunnyDay|[upkeep]\n|upkeep\n|turn|3\n|\n|t:|1788386911\n|move|p1b: Kids|Sucker Punch|p2a: Garchomp\n|-damage|p2a: Garchomp|0 fnt\n|-damage|p1b: Kids|36/100|[from] ability: Rough Skin|[of] p2a: Garchomp\n|faint|p2a: Garchomp\n|move|p1a: Cisco|Dire Claw|p2b: Venusaur\n|-damage|p2b: Venusaur|10/100\n|move|p2b: Venusaur|Earth Power|p1b: Kids\n|-supereffective|p1b: Kids|1\n|-damage|p1b: Kids|0 fnt\n|faint|p1b: Kids\n|\n|-weather|SunnyDay|[upkeep]\n|upkeep\n|\n|t:|1788386924\n|switch|p2a: Charizard|Charizard-Mega-Y, L50, F|77/100\n|switch|p1b: DDee|Lycanroc-Dusk, L50, M|100/100\n|turn|4\n|\n|t:|1788386935\n|switch|p2a: Toxapex|Toxapex, L50, F|100/100\n|move|p2b: Venusaur|Protect|p2b: Venusaur\n|-singleturn|p2b: Venusaur|Protect\n|move|p1b: DDee|Accelerock|p2a: Toxapex\n|-damage|p2a: Toxapex|80/100\n|move|p1a: Cisco|Dire Claw|p2b: Venusaur\n|-activate|p2b: Venusaur|move: Protect\n|\n|-weather|SunnyDay|[upkeep]\n|-heal|p2a: Toxapex|86/100|[from] item: Leftovers\n|upkeep\n|turn|5\n|\n|t:|1788386954\n|move|p1a: Cisco|Dire Claw|p2a: Toxapex\n|-resisted|p2a: Toxapex|1\n|-damage|p2a: Toxapex|73/100\n|move|p2b: Venusaur|Sleep Powder|p1b: DDee\n|-status|p1b: DDee|slp|[from] move: Sleep Powder\n|cant|p1b: DDee|slp\n|move|p2a: Toxapex|Infestation|p1b: DDee\n|-damage|p1b: DDee|94/100 slp\n|-activate|p1b: DDee|move: Infestation|[of] p2a: Toxapex\n|\n|-weather|none\n|-heal|p2a: Toxapex|78/100|[from] item: Leftovers\n|-damage|p1b: DDee|82/100 slp|[from] move: Infestation|[partiallytrapped]\n|upkeep\n|turn|6\n|\n|t:|1788386978\n|move|p2b: Venusaur|Protect|p2b: Venusaur\n|-singleturn|p2b: Venusaur|Protect\n|move|p1a: Cisco|Dire Claw|p2b: Venusaur\n|-activate|p2b: Venusaur|move: Protect\n|cant|p1b: DDee|slp\n|move|p2a: Toxapex|Infestation|p1a: Cisco\n|-resisted|p1a: Cisco|2\n|-damage|p1a: Cisco|99/100\n|-activate|p1a: Cisco|move: Infestation|[of] p2a: Toxapex\n|\n|-heal|p2a: Toxapex|84/100|[from] item: Leftovers\n|-damage|p1a: Cisco|87/100|[from] move: Infestation|[partiallytrapped]\n|-damage|p1b: DDee|70/100 slp|[from] move: Infestation|[partiallytrapped]\n|upkeep\n|turn|7\n|inactive|Lxtar17 has 30 seconds left.\n|\n|t:|1788387005\n|-curestatus|p1b: DDee|slp|[msg]\n|move|p1b: DDee|Accelerock|p2b: Venusaur\n|-damage|p2b: Venusaur|0 fnt\n|faint|p2b: Venusaur\n|move|p1a: Cisco|Dire Claw|p2a: Toxapex\n|-resisted|p2a: Toxapex|1\n|-damage|p2a: Toxapex|71/100\n|move|p2a: Toxapex|Infestation|p1b: DDee\n|-damage|p1b: DDee|66/100\n|\n|-heal|p2a: Toxapex|77/100|[from] item: Leftovers\n|-damage|p1a: Cisco|75/100|[from] move: Infestation|[partiallytrapped]\n|-damage|p1b: DDee|54/100|[from] move: Infestation|[partiallytrapped]\n|upkeep\n|\n|t:|1788387012\n|switch|p2b: Charizard|Charizard-Mega-Y, L50, F|77/100\n|-weather|SunnyDay|[from] ability: Drought|[of] p2b: Charizard\n|turn|8\n|\n|t:|1788387019\n|move|p1b: DDee|Protect|p1b: DDee\n|-singleturn|p1b: DDee|Protect\n|move|p2b: Charizard|Protect|p2b: Charizard\n|-singleturn|p2b: Charizard|Protect\n|move|p1a: Cisco|Dire Claw|p2a: Toxapex\n|-resisted|p2a: Toxapex|1\n|-damage|p2a: Toxapex|64/100\n|move|p2a: Toxapex|Toxic|p1b: DDee\n|-activate|p1b: DDee|move: Protect\n|\n|-weather|SunnyDay|[upkeep]\n|-heal|p2a: Toxapex|70/100|[from] item: Leftovers\n|-damage|p1a: Cisco|63/100|[from] move: Infestation|[partiallytrapped]\n|-damage|p1b: DDee|42/100|[from] move: Infestation|[partiallytrapped]\n|upkeep\n|turn|9\n|\n|t:|1788387032\n|move|p2b: Charizard|Protect||[still]\n|-fail|p2b: Charizard\n|move|p1b: DDee|Accelerock|p2b: Charizard\n|-supereffective|p2b: Charizard|2\n|-damage|p2b: Charizard|0 fnt\n|faint|p2b: Charizard\n|move|p1a: Cisco|Dire Claw|p2a: Toxapex\n|-resisted|p2a: Toxapex|1\n|-damage|p2a: Toxapex|56/100\n|move|p2a: Toxapex|Toxic|p1b: DDee\n|-status|p1b: DDee|tox\n|\n|-weather|SunnyDay|[upkeep]\n|-heal|p2a: Toxapex|62/100|[from] item: Leftovers\n|-damage|p1b: DDee|36/100 tox|[from] psn\n|-damage|p1a: Cisco|50/100g|[from] move: Infestation|[partiallytrapped]\n|-damage|p1b: DDee|24/100 tox|[from] move: Infestation|[partiallytrapped]\n|upkeep\n|turn|10\n|\n|t:|1788387046\n|move|p2a: Toxapex|Baneful Bunker|p2a: Toxapex\n|-singleturn|p2a: Toxapex|move: Protect\n|move|p1a: Cisco|Dire Claw|p2a: Toxapex\n|-activate|p2a: Toxapex|move: Protect\n|move|p1b: DDee|Rock Slide|p2a: Toxapex\n|-activate|p2a: Toxapex|move: Protect\n|\n|-weather|SunnyDay|[upkeep]\n|-heal|p2a: Toxapex|68/100|[from] item: Leftovers\n|-damage|p1b: DDee|12/100 tox|[from] psn\n|-end|p1a: Cisco|Infestation|[partiallytrapped]\n|-end|p1b: DDee|Infestation|[partiallytrapped]\n|upkeep\n|turn|11\n|\n|t:|1788387061\n|move|p2a: Toxapex|Baneful Bunker||[still]\n|-fail|p2a: Toxapex\n|move|p1a: Cisco|Dire Claw|p2a: Toxapex\n|-resisted|p2a: Toxapex|1\n|-crit|p2a: Toxapex\n|-damage|p2a: Toxapex|49/100\n|move|p1b: DDee|Rock Slide|p2a: Toxapex|[miss]\n|-miss|p1b: DDee|p2a: Toxapex\n|\n|-weather|SunnyDay|[upkeep]\n|-heal|p2a: Toxapex|55/100|[from] item: Leftovers\n|-damage|p1b: DDee|0 fnt|[from] psn\n|faint|p1b: DDee\n|upkeep\n|\n|t:|1788387072\n|switch|p1b: Koala|Froslass, L50, F|100/100\n|turn|12\n|\n|t:|1788387083\n|detailschange|p1b: Koala|Froslass-Mega, L50, F\n|-mega|p1b: Koala|Froslass|Froslassite\n|-weather|Snowscape|[from] ability: Snow Warning|[of] p1b: Koala\n|move|p1a: Cisco|Dire Claw|p2a: Toxapex\n|-resisted|p2a: Toxapex|1\n|-damage|p2a: Toxapex|43/100\n|move|p1b: Koala|Shadow Ball|p2a: Toxapex\n|-crit|p2a: Toxapex\n|-damage|p2a: Toxapex|1/100\n|move|p2a: Toxapex|Toxic|p1b: Koala\n|-status|p1b: Koala|tox\n|\n|-weather|Snowscape|[upkeep]\n|-heal|p2a: Toxapex|7/100|[from] item: Leftovers\n|-damage|p1b: Koala|94/100 tox|[from] psn\n|upkeep\n|turn|13\n|\n|t:|1788387096\n|move|p2a: Toxapex|Baneful Bunker|p2a: Toxapex\n|-singleturn|p2a: Toxapex|move: Protect\n|move|p1a: Cisco|Dire Claw|p2a: Toxapex\n|-activate|p2a: Toxapex|move: Protect\n|move|p1b: Koala|Aurora Veil|p1b: Koala\n|-sidestart|p1: eldanger10|move: Aurora Veil\n|\n|-weather|Snowscape|[upkeep]\n|-heal|p2a: Toxapex|12/100|[from] item: Leftovers\n|-damage|p1b: Koala|82/100 tox|[from] psn\n|upkeep\n|turn|14\n|\n|t:|1788387103\n|move|p1a: Cisco|Dire Claw|p2a: Toxapex\n|-resisted|p2a: Toxapex|1\n|-crit|p2a: Toxapex\n|-damage|p2a: Toxapex|0 fnt\n|faint|p2a: Toxapex\n|\n|win|eldanger10\n||Lxtar17 is ready for game 2.\n|inactive|eldanger10 has 30 seconds to confirm battle start!\n||eldanger10 is ready for game 2.\n|uhtml|next|Next: <a href=\"/battle-gen9championsvgc2026regmbbo3-2674664215\"><strong>Game 2 of 3</strong></a>\n|l|☆Lxtar17\n|player|p2|\n|l|☆eldanger10\n|player|p1|\n|j|☆eldanger10\n|player|p1|eldanger10|266|\n","uploadtime":1788387490,"views":"2","formatid":"gen9championsvgc2026regmbbo3","rating":null,"private":0,"password":null}