{"id":"gen9championsvgc2026regmbbo3-2674849805","format":"[Gen 9 Champions] VGC 2026 Reg M-B (Bo3)","players":["humania1","dumbass33"],"log":"|j|☆humania1\n|j|☆dumbass33\n|html|<table width=\"100%\"><tr><td align=\"left\">humania1</td><td align=\"right\">dumbass33</tr><tr><td align=\"left\"><i class=\"fa fa-circle-o\"></i> <i class=\"fa fa-circle-o\"></i> </td><td align=\"right\"><i class=\"fa fa-circle-o\"></i> <i class=\"fa fa-circle\"></i> </tr></table>\n|uhtml|bestof|<h2><strong>Game 2</strong> of <a href=\"/game-bestof3-gen9championsvgc2026regmbbo3-2674849242\">a best-of-3</a></h2>\n|t:|1788420809\n|gametype|doubles\n|player|p1|humania1|265|1042\n|player|p2|dumbass33|bellelba|1000\n|gen|9\n|tier|[Gen 9 Champions] VGC 2026 Reg M-B (Bo3)\n|rated|\n|rule|Species Clause: Limit one of each Pokémon\n|rule|Item Clause: Limit 1 of each item\n|clearpoke\n|poke|p1|Charizard, L50, F|\n|poke|p1|Whimsicott, L50, F|\n|poke|p1|Basculegion, L50, M|\n|poke|p1|Farigiraf, L50, F|\n|poke|p1|Kangaskhan, L50, F|\n|poke|p1|Sneasler, L50, F|\n|poke|p2|Gengar, L50, F|\n|poke|p2|Incineroar, L50, F|\n|poke|p2|Gholdengo, L50|\n|poke|p2|Clefable, L50, F|\n|poke|p2|Garchomp, L50, F|\n|poke|p2|Whimsicott, L50, F|\n|teampreview|4\n|showteam|p1|Charizard||CharizarditeY|SolarPower|WeatherBall,HeatWave,SolarBeam,Protect|Timid||F|||50|]Whimsicott||FocusSash|Prankster|Moonblast,Tailwind,SunnyDay,Encore|Timid||F|||50|]Basculegion||ChoiceScarf|Adaptability|WaveCrash,AquaJet,LastRespects,FlipTurn|Adamant||M|||50|]Farigiraf||SitrusBerry|ArmorTail|Psychic,HyperVoice,HelpingHand,TrickRoom|Modest||F|||50|]Kangaskhan||Kangaskhanite|Scrappy|FakeOut,DoubleEdge,DrainPunch,SuckerPunch|Adamant||F|||50|]Sneasler||WhiteHerb|Unburden|FakeOut,CloseCombat,DireClaw,RockTomb|Adamant||F|||50|\n|showteam|p2|Gengar||Gengarite|CursedBody|ShadowBall,Protect,PerishSong,Substitute|Jolly||F|||50|]Incineroar||ChestoBerry|Intimidate|PartingShot,Protect,FakeOut,Rest|Careful||F|||50|]Gholdengo||ChoiceScarf|GoodasGold|MakeItRain,Trick,Surf,ShadowBall|Modest|||||50|]Clefable||Leftovers|Unaware|LifeDew,FollowMe,Protect,Moonlight|Calm||F|||50|]Garchomp||LifeOrb|RoughSkin|RockSlide,Earthquake,SwordsDance,DragonClaw|Adamant||F|||50|]Whimsicott||FocusSash|Prankster|Memento,Tailwind,HelpingHand,Encore|Bold||F|||50|\n|inactive|Battle timer is ON: inactive players will automatically lose when time's up. (requested by humania1)\n|\n|t:|1788420830\n|teamsize|p1|4\n|teamsize|p2|4\n|start\n|switch|p1a: Farigiraf|Farigiraf, L50, F|100/100\n|switch|p1b: Kangaskhan|Kangaskhan, L50, F|100/100\n|switch|p2a: Incineroar|Incineroar, L50, F|100/100\n|switch|p2b: Gengar|Gengar, L50, F|100/100\n|-ability|p2a: Incineroar|Intimidate|boost\n|-unboost|p1a: Farigiraf|atk|1\n|-fail|p1b: Kangaskhan|unboost|atk|[from] ability: Scrappy|[of] p1b: Kangaskhan\n|turn|1\n|\n|t:|1788420845\n|detailschange|p2b: Gengar|Gengar-Mega, L50, F\n|-mega|p2b: Gengar|Gengar|Gengarite\n|detailschange|p1b: Kangaskhan|Kangaskhan-Mega, L50, F\n|-mega|p1b: Kangaskhan|Kangaskhan|Kangaskhanite\n|move|p2b: Gengar|Protect|p2b: Gengar\n|-singleturn|p2b: Gengar|Protect\n|move|p1b: Kangaskhan|Fake Out|p2a: Incineroar\n|-damage|p2a: Incineroar|78/100\n|-damage|p2a: Incineroar|73/100\n|-hitcount|p2a: Incineroar|2\n|move|p1a: Farigiraf|Psychic|p2b: Gengar\n|-activate|p2b: Gengar|move: Protect\n|cant|p2a: Incineroar|flinch\n|\n|upkeep\n|turn|2\n|\n|t:|1788420866\n|move|p1b: Kangaskhan|Sucker Punch||[still]\n|-fail|p1b: Kangaskhan\n|move|p2b: Gengar|Perish Song|p2b: Gengar\n|-start|p1a: Farigiraf|perish3|[silent]\n|-start|p1b: Kangaskhan|perish3|[silent]\n|-start|p2a: Incineroar|perish3|[silent]\n|-start|p2b: Gengar|perish3|[silent]\n|-fieldactivate|move: Perish Song\n|move|p1a: Farigiraf|Psychic|p2b: Gengar\n|-supereffective|p2b: Gengar|1\n|-damage|p2b: Gengar|6/100\n|move|p2a: Incineroar|Parting Shot|p1b: Kangaskhan\n|-unboost|p1b: Kangaskhan|atk|1\n|-unboost|p1b: Kangaskhan|spa|1\n|\n|t:|1788420874\n|switch|p2a: Clefable|Clefable, L50, F|100/100|[from] Parting Shot\n|\n|-start|p2b: Gengar|perish3\n|-start|p1b: Kangaskhan|perish3\n|-start|p1a: Farigiraf|perish3\n|upkeep\n|turn|3\n|\n|t:|1788420884\n|move|p2b: Gengar|Protect|p2b: Gengar\n|-singleturn|p2b: Gengar|Protect\n|move|p1b: Kangaskhan|Sucker Punch||[still]\n|-fail|p1b: Kangaskhan\n|move|p1a: Farigiraf|Psychic|p2b: Gengar\n|-activate|p2b: Gengar|move: Protect\n|move|p2a: Clefable|Life Dew||[still]|[spread] p2a,p2b\n|-fail|p2a: Clefable|heal\n|-heal|p2b: Gengar|31/100\n|\n|-start|p2b: Gengar|perish2\n|-start|p1b: Kangaskhan|perish2\n|-start|p1a: Farigiraf|perish2\n|upkeep\n|turn|4\n|\n|t:|1788420901\n|move|p2a: Clefable|Follow Me|p2a: Clefable\n|-singleturn|p2a: Clefable|move: Follow Me\n|move|p1b: Kangaskhan|Sucker Punch||[still]\n|-fail|p1b: Kangaskhan\n|move|p2b: Gengar|Substitute|p2b: Gengar\n|-start|p2b: Gengar|Substitute\n|-damage|p2b: Gengar|7/100\n|move|p1a: Farigiraf|Psychic|p2a: Clefable\n|-damage|p2a: Clefable|73/100\n|\n|-heal|p2a: Clefable|79/100|[from] item: Leftovers\n|-start|p2b: Gengar|perish1\n|-start|p1b: Kangaskhan|perish1\n|-start|p1a: Farigiraf|perish1\n|upkeep\n|turn|5\n|\n|t:|1788420921\n|switch|p2b: Incineroar|Incineroar, L50, F|73/100\n|-ability|p2b: Incineroar|Intimidate|boost\n|-unboost|p1a: Farigiraf|atk|1\n|-unboost|p1b: Kangaskhan|atk|1\n|move|p2a: Clefable|Protect|p2a: Clefable\n|-singleturn|p2a: Clefable|Protect\n|move|p1b: Kangaskhan|Double-Edge|p2a: Clefable\n|-activate|p2a: Clefable|move: Protect\n|move|p1a: Farigiraf|Psychic|p2b: Incineroar\n|-immune|p2b: Incineroar\n|\n|-heal|p2a: Clefable|85/100|[from] item: Leftovers\n|-start|p1b: Kangaskhan|perish0\n|-start|p1a: Farigiraf|perish0\n|faint|p1b: Kangaskhan\n|faint|p1a: Farigiraf\n|upkeep\n|\n|t:|1788420921\n|switch|p1b: Sneasler|Sneasler, L50, F|100/100\n|switch|p1a: Basculegion|Basculegion, L50, M|100/100\n|turn|6\n|\n|t:|1788420943\n|move|p2a: Clefable|Protect||[still]\n|-fail|p2a: Clefable\n|move|p1a: Basculegion|Wave Crash|p2b: Incineroar\n|-supereffective|p2b: Incineroar|1\n|-damage|p2b: Incineroar|0 fnt\n|faint|p2b: Incineroar\n|-damage|p1a: Basculegion|74/100|[from] Recoil\n|move|p1b: Sneasler|Dire Claw|p2a: Clefable\n|-supereffective|p2a: Clefable|1\n|-damage|p2a: Clefable|0 fnt\n|faint|p2a: Clefable\n|\n|upkeep\n|\n|t:|1788420955\n|switch|p2a: Gengar|Gengar-Mega, L50, F|7/100\n|switch|p2b: Garchomp|Garchomp, L50, F|100/100\n|turn|7\n|\n|t:|1788420963\n|move|p2a: Gengar|Shadow Ball|p1a: Basculegion\n|-supereffective|p1a: Basculegion|1\n|-damage|p1a: Basculegion|0 fnt\n|faint|p1a: Basculegion\n|move|p1b: Sneasler|Rock Tomb|p2a: Gengar\n|-damage|p2a: Gengar|0 fnt\n|faint|p2a: Gengar\n|move|p2b: Garchomp|Swords Dance|p2b: Garchomp\n|-boost|p2b: Garchomp|atk|2\n|\n|upkeep\n|turn|8\n|\n|t:|1788420973\n|move|p1b: Sneasler|Close Combat|p2b: Garchomp\n|-damage|p2b: Garchomp|32/100\n|-unboost|p1b: Sneasler|def|1\n|-unboost|p1b: Sneasler|spd|1\n|-damage|p1b: Sneasler|87/100|[from] ability: Rough Skin|[of] p2b: Garchomp\n|-enditem|p1b: Sneasler|White Herb\n|-clearnegativeboost|p1b: Sneasler|[silent]\n|move|p2b: Garchomp|Earthquake|p1b: Sneasler\n|-supereffective|p1b: Sneasler|1\n|-damage|p1b: Sneasler|0 fnt\n|faint|p1b: Sneasler\n|-damage|p2b: Garchomp|23/100|[from] item: Life Orb\n|\n|win|dumbass33\n|raw|humania1's rating: 1042 &rarr; <strong>1024</strong><br />(-18 for losing)\n|raw|dumbass33's rating: 1000 &rarr; <strong>1045</strong><br />(+45 for winning)\n","uploadtime":1788420973,"views":"5","formatid":"gen9championsvgc2026regmbbo3","rating":1024,"private":0,"password":null}