{"id":"gen9championsvgc2026regmb-2674829883","format":"[Gen 9 Champions] VGC 2026 Reg M-B","players":["david bowie gaming","Chonky Anky"],"log":"|j|☆david bowie gaming\n|j|☆Chonky Anky\n|html|<table width=\"100%\"><tr><td align=\"left\">david bowie gaming</td><td align=\"right\">Chonky Anky</tr><tr><td align=\"left\"><i class=\"fa fa-circle\"></i> <i class=\"fa fa-circle-o\"></i> </td><td align=\"right\"><i class=\"fa fa-circle-o\"></i> <i class=\"fa fa-circle-o\"></i> </tr></table>\n|uhtml|bestof|<h2><strong>Game 2</strong> of <a href=\"/game-bestof3-gen9championsvgc2026regmb-2674829140\">a best-of-3</a></h2>\n|t:|1788415932\n|gametype|doubles\n|player|p1|david bowie gaming|grimsley|\n|player|p2|Chonky Anky|ghetsis-gen5bw|\n|gen|9\n|tier|[Gen 9 Champions] VGC 2026 Reg M-B\n|rule|Species Clause: Limit one of each Pokémon\n|rule|Item Clause: Limit 1 of each item\n|raw|<div class=\"infobox\"><details class=\"readmore\" open><summary><strong>1 custom rule:</strong></summary> Best of = 3</details></div>\n|clearpoke\n|poke|p1|Glaceon, L50, F|\n|poke|p1|Ninetales-Alola, L50, F|\n|poke|p1|Floette-Eternal, L50, F|\n|poke|p1|Kingambit, L50, F|\n|poke|p1|Sableye, L50, F|\n|poke|p1|Arcanine-Hisui, L50, M|\n|poke|p2|Garchomp, L50, M|\n|poke|p2|Alakazam, L50, F, shiny|\n|poke|p2|Tinkaton, L50, F|\n|poke|p2|Weavile, L50, F|\n|poke|p2|Rotom-Wash, L50|\n|poke|p2|Dragonite, L50, M, shiny|\n|teampreview|4\n|c|☆Chonky Anky|, wp\ndavid bowie gaming rejected open team sheets.\n|j| ButtMonkey2608\n|c|☆Chonky Anky|gg\n|c| ButtMonkey2608|game 3 game 3 game 3!\n|c|☆david bowie gaming|hey >:(\n|c|☆david bowie gaming|that's not very nice\n|c| ButtMonkey2608|hehehe :3\n|\n|t:|1788415960\n|teamsize|p1|4\n|teamsize|p2|4\n|start\n|switch|p1a: Kingambit|Kingambit, L50, F|100/100\n|switch|p1b: Floette|Floette-Eternal, L50, F|100/100\n|switch|p2a: The Thing|Tinkaton, L50, F|100/100\n|switch|p2b: Spoons|Alakazam, L50, F, shiny|100/100\n|-ability|p2a: The Thing|Mold Breaker\n|turn|1\n|c|☆Chonky Anky|lol\n|\n|t:|1788415978\n|detailschange|p2b: Spoons|Alakazam-Mega, L50, F, shiny\n|-mega|p2b: Spoons|Alakazam|Alakazite\n|-ability|p2b: Spoons|Flower Veil|Trace|[from] ability: Trace|[of] p1b: Floette\n|detailschange|p1b: Floette|Floette-Mega, L50, F\n|-mega|p1b: Floette|Floette|Floettite\n|-ability|p1b: Floette|Fairy Aura\n|move|p1b: Floette|Protect|p1b: Floette\n|-singleturn|p1b: Floette|Protect\n|move|p2a: The Thing|Fake Out|p1a: Kingambit\n|-resisted|p1a: Kingambit|1\n|-damage|p1a: Kingambit|96/100\n|cant|p1a: Kingambit|flinch\n|move|p2b: Spoons|Focus Blast|p1a: Kingambit\n|-supereffective|p1a: Kingambit|2\n|-damage|p1a: Kingambit|0 fnt\n|faint|p1a: Kingambit\n|\n|upkeep\n|\n|t:|1788415994\n|switch|p1a: Sableye|Sableye, L50, F|100/100\n|turn|2\n|\n|t:|1788416008\n|move|p1a: Sableye|Fake Out|p2a: The Thing\n|-resisted|p2a: The Thing|1\n|-damage|p2a: The Thing|95/100\n|move|p2b: Spoons|Encore|p1b: Floette\n|-start|p1b: Floette|Encore\n|move|p1b: Floette|Protect|p1b: Floette\n|-singleturn|p1b: Floette|Protect\n|cant|p2a: The Thing|flinch\n|\n|upkeep\n|turn|3\n|c| ButtMonkey2608|I wonder if da dawg is coming out\n|\n|t:|1788416023\n|switch|p1b: Ninetales|Ninetales-Alola, L50, F|100/100\n|-weather|Snowscape|[from] ability: Snow Warning|[of] p1b: Ninetales\n|move|p1a: Sableye|Sucker Punch||[still]\n|-fail|p1a: Sableye\n|move|p2b: Spoons|Encore|p1a: Sableye\n|-start|p1a: Sableye|Encore\n|move|p2a: The Thing|Knock Off|p1a: Sableye\n|-damage|p1a: Sableye|77/100\n|\n|-weather|Snowscape|[upkeep]\n|upkeep\n|turn|4\n|\n|t:|1788416040\n|move|p1a: Sableye|Sucker Punch|p2b: Spoons\n|-supereffective|p2b: Spoons|1\n|-damage|p2b: Spoons|26/100\n|move|p2b: Spoons|Shadow Ball|p1a: Sableye\n|-damage|p1a: Sableye|36/100\n|-unboost|p1a: Sableye|spd|1\n|move|p1b: Ninetales|Blizzard|p2b: Spoons|[spread] p2a,p2b\n|-resisted|p2a: The Thing|1\n|-damage|p2a: The Thing|76/100\n|-damage|p2b: Spoons|0 fnt\n|faint|p2b: Spoons\n|move|p2a: The Thing|Gigaton Hammer|p1b: Ninetales\n|-supereffective|p1b: Ninetales|2\n|-damage|p1b: Ninetales|0 fnt\n|faint|p1b: Ninetales\n|\n|-weather|Snowscape|[upkeep]\n|upkeep\n|\n|t:|1788416049\n|switch|p2b: Dishwasher|Rotom-Wash, L50|100/100\n|switch|p1b: Floette|Floette-Mega, L50, F|100/100\n|-ability|p1b: Floette|Fairy Aura\n|turn|5\n|\n|t:|1788416069\n|move|p1a: Sableye|Sucker Punch|p2b: Dishwasher\n|-damage|p2b: Dishwasher|80/100\n|move|p1b: Floette|Moonblast|p2b: Dishwasher\n|-damage|p2b: Dishwasher|5/100\n|move|p2a: The Thing|Knock Off|p1a: Sableye\n|-damage|p1a: Sableye|12/100\n|move|p2b: Dishwasher|Hydro Pump|p1b: Floette\n|-damage|p1b: Floette|63/100\n|\n|-weather|Snowscape|[upkeep]\n|upkeep\n|turn|6\n|\n|t:|1788416085\n|move|p1b: Floette|Protect|p1b: Floette\n|-singleturn|p1b: Floette|Protect\n|move|p1a: Sableye|Sucker Punch||[still]\n|-fail|p1a: Sableye\n|move|p2a: The Thing|Gigaton Hammer|p1b: Floette\n|-activate|p1b: Floette|move: Protect\n|move|p2b: Dishwasher|Pain Split|p1b: Floette\n|-activate|p1b: Floette|move: Protect\n|\n|-weather|Snowscape|[upkeep]\n|-end|p1a: Sableye|Encore\n|upkeep\n|turn|7\n|\n|t:|1788416101\n|move|p1b: Floette|Dazzling Gleam|p2b: Dishwasher|[spread] p2a,p2b\n|-resisted|p2a: The Thing|1\n|-damage|p2a: The Thing|53/100\n|-damage|p2b: Dishwasher|0 fnt\n|faint|p2b: Dishwasher\n|move|p2a: The Thing|Knock Off|p1a: Sableye\n|-damage|p1a: Sableye|0 fnt\n|faint|p1a: Sableye\n|\n|-weather|none\n|upkeep\n|\n|t:|1788416109\n|switch|p2b: F-22 Raptor|Garchomp, L50, M|100/100\n|turn|8\n|\n|t:|1788416114\n|move|p2b: F-22 Raptor|Protect|p2b: F-22 Raptor\n|-singleturn|p2b: F-22 Raptor|Protect\n|move|p1b: Floette|Dazzling Gleam|p2b: F-22 Raptor|[spread] p2a\n|-activate|p2b: F-22 Raptor|move: Protect\n|-resisted|p2a: The Thing|1\n|-damage|p2a: The Thing|28/100\n|-enditem|p2a: The Thing|Sitrus Berry|[eat]\n|-heal|p2a: The Thing|53/100|[from] item: Sitrus Berry\n|move|p2a: The Thing|Gigaton Hammer|p1b: Floette\n|-supereffective|p1b: Floette|1\n|-damage|p1b: Floette|0 fnt\n|faint|p1b: Floette\n|\n|win|Chonky Anky\n||Chonky Anky is ready for game 3.\n|c|☆Chonky Anky|gg\n||david bowie gaming is ready for game 3.\n|uhtml|next|Next: <a href=\"/battle-gen9championsvgc2026regmb-2674830662\"><strong>Game 3 of 3</strong></a>\n|c| ButtMonkey2608|game 3 :0\n|l|☆Chonky Anky\n|player|p2|\n","uploadtime":1788416324,"views":"1","formatid":"gen9championsvgc2026regmb","rating":null,"private":0,"password":null}