{"id":"gen9championsvgc2026regmb-2674192978","format":"[Gen 9 Champions] VGC 2026 Reg M-B","players":["maneanbeen","Snog2273"],"log":"|j|☆maneanbeen\n|j|☆Snog2273\n|t:|1788313251\n|gametype|doubles\n|player|p1|maneanbeen|265|1484\n|player|p2|Snog2273|2|1420\n|gen|9\n|tier|[Gen 9 Champions] VGC 2026 Reg M-B\n|rated|\n|rule|Species Clause: Limit one of each Pokémon\n|rule|Item Clause: Limit 1 of each item\n|clearpoke\n|poke|p1|Blastoise, L50, F|\n|poke|p1|Delphox, L50, F|\n|poke|p1|Sneasler, L50, F|\n|poke|p1|Sinistcha, L50|\n|poke|p1|Incineroar, L50, F|\n|poke|p1|Garchomp, L50, M|\n|poke|p2|Heliolisk, L50, M|\n|poke|p2|Charizard, L50, M|\n|poke|p2|Garchomp, L50, F, shiny|\n|poke|p2|Blastoise, L50, F|\n|poke|p2|Venusaur, L50, M|\n|poke|p2|Kleavor, L50, F|\n|teampreview|4\n|inactive|Battle timer is ON: inactive players will automatically lose when time's up. (requested by Snog2273)\nSnog2273 has agreed to open team sheets.\n|inactive|maneanbeen has 60 seconds left.\n|inactive|Snog2273 has 60 seconds left.\n|\n|t:|1788313302\n|teamsize|p1|4\n|teamsize|p2|4\n|start\n|switch|p1a: Garchomp|Garchomp, L50, M|100/100\n|switch|p1b: Incineroar|Incineroar, L50, F|100/100\n|switch|p2a: Brontwickletap P.|Blastoise, L50, F|100/100\n|switch|p2b: Fuckerdoop W.|Kleavor, L50, F|100/100\n|-ability|p1b: Incineroar|Intimidate|boost\n|-unboost|p2a: Brontwickletap P.|atk|1\n|-unboost|p2b: Fuckerdoop W.|atk|1\n|turn|1\n|inactive|Snog2273 has 30 seconds left.\n|\n|t:|1788313331\n|move|p2a: Brontwickletap P.|Fake Out|p1a: Garchomp\n|-damage|p1a: Garchomp|94/100\n|-damage|p2a: Brontwickletap P.|87/100|[from] ability: Rough Skin|[of] p1a: Garchomp\n|cant|p1a: Garchomp|flinch\n|move|p2b: Fuckerdoop W.|Stone Axe|p1b: Incineroar\n|-supereffective|p1b: Incineroar|1\n|-damage|p1b: Incineroar|27/100\n|-sidestart|p1: maneanbeen|move: Stealth Rock\n|-enditem|p1b: Incineroar|Sitrus Berry|[eat]\n|-heal|p1b: Incineroar|52/100|[from] item: Sitrus Berry\n|move|p1b: Incineroar|Will-O-Wisp|p2b: Fuckerdoop W.\n|-status|p2b: Fuckerdoop W.|brn\n|\n|-damage|p2b: Fuckerdoop W.|93/100 brn|[from] brn\n|upkeep\n|turn|2\n|inactive|maneanbeen has 30 seconds left.\n|inactive|Snog2273 has 30 seconds left.\n|\n|t:|1788313364\n|move|p2a: Brontwickletap P.|Protect|p2a: Brontwickletap P.\n|-singleturn|p2a: Brontwickletap P.|Protect\n|move|p1a: Garchomp|Stomping Tantrum|p2a: Brontwickletap P.\n|-activate|p2a: Brontwickletap P.|move: Protect\n|move|p2b: Fuckerdoop W.|Stone Axe|p1b: Incineroar\n|-supereffective|p1b: Incineroar|1\n|-damage|p1b: Incineroar|16/100\n|move|p1b: Incineroar|Throat Chop|p2b: Fuckerdoop W.\n|-damage|p2b: Fuckerdoop W.|51/100 brn\n|-start|p2b: Fuckerdoop W.|Throat Chop|[silent]\n|\n|-damage|p2b: Fuckerdoop W.|45/100 brn|[from] brn\n|upkeep\n|turn|3\n|inactive|Snog2273 has 30 seconds left.\n|\n|t:|1788313395\n|move|p2b: Fuckerdoop W.|Protect|p2b: Fuckerdoop W.\n|-singleturn|p2b: Fuckerdoop W.|Protect\n|move|p1a: Garchomp|Stomping Tantrum|p2a: Brontwickletap P.\n|-damage|p2a: Brontwickletap P.|56/100\n|move|p1b: Incineroar|Throat Chop|p2b: Fuckerdoop W.\n|-activate|p2b: Fuckerdoop W.|move: Protect\n|move|p2a: Brontwickletap P.|Icy Wind|p1b: Incineroar|[spread] p1a,p1b\n|-supereffective|p1a: Garchomp|2\n|-resisted|p1b: Incineroar|1\n|-damage|p1a: Garchomp|57/100\n|-damage|p1b: Incineroar|13/100\n|-unboost|p1a: Garchomp|spe|1\n|-unboost|p1b: Incineroar|spe|1\n|\n|-damage|p2b: Fuckerdoop W.|39/100 brn|[from] brn\n|-end|p2b: Fuckerdoop W.|Throat Chop|[silent]\n|upkeep\n|turn|4\n|\n|t:|1788313420\n|move|p1a: Garchomp|Stomping Tantrum|p2b: Fuckerdoop W.\n|-damage|p2b: Fuckerdoop W.|0 fnt\n|faint|p2b: Fuckerdoop W.\n|move|p2a: Brontwickletap P.|Yawn|p1a: Garchomp\n|-start|p1a: Garchomp|move: Yawn|[of] p2a: Brontwickletap P.\n|move|p1b: Incineroar|Throat Chop|p2a: Brontwickletap P.\n|-damage|p2a: Brontwickletap P.|29/100\n|-start|p2a: Brontwickletap P.|Throat Chop|[silent]\n|-enditem|p2a: Brontwickletap P.|Sitrus Berry|[eat]\n|-heal|p2a: Brontwickletap P.|53/100|[from] item: Sitrus Berry\n|\n|upkeep\n|\n|t:|1788313443\n|switch|p2b: Umbuh Hufflygun|Venusaur, L50, M|100/100\n|turn|5\n|\n|t:|1788313465\n|switch|p1a: Sinistcha|Sinistcha, L50|100/100\n|-damage|p1a: Sinistcha|87/100|[from] Stealth Rock\n|-heal|p1b: Incineroar|38/100|[from] ability: Hospitality|[of] p1a: Sinistcha\n|detailschange|p2b: Umbuh Hufflygun|Venusaur-Mega, L50, M\n|-mega|p2b: Umbuh Hufflygun|Venusaur|Venusaurite\n|move|p2b: Umbuh Hufflygun|Sludge Bomb|p1b: Incineroar\n|-damage|p1b: Incineroar|0 fnt\n|faint|p1b: Incineroar\n|move|p2a: Brontwickletap P.|Yawn|p1a: Sinistcha\n|-start|p1a: Sinistcha|move: Yawn|[of] p2a: Brontwickletap P.\n|\n|-end|p2a: Brontwickletap P.|Throat Chop|[silent]\n|upkeep\n|\n|t:|1788313478\n|switch|p1b: Delphox|Delphox, L50, F|100/100\n|-damage|p1b: Delphox|75/100|[from] Stealth Rock\n|turn|6\n|inactive|Snog2273 has 30 seconds left.\n|\n|t:|1788313509\n|detailschange|p1b: Delphox|Delphox-Mega, L50, F\n|-mega|p1b: Delphox|Delphox|Delphoxite\n|move|p1a: Sinistcha|Rage Powder|p1a: Sinistcha\n|-singleturn|p1a: Sinistcha|move: Rage Powder\n|move|p1b: Delphox|Nasty Plot|p1b: Delphox\n|-boost|p1b: Delphox|spa|2\n|move|p2b: Umbuh Hufflygun|Sludge Bomb|p1b: Delphox\n|-damage|p1b: Delphox|23/100\n|-status|p1b: Delphox|psn\n|move|p2a: Brontwickletap P.|Icy Wind|p1b: Delphox|[spread] p1a,p1b\n|-supereffective|p1a: Sinistcha|1\n|-resisted|p1b: Delphox|1\n|-damage|p1a: Sinistcha|68/100\n|-damage|p1b: Delphox|19/100 psn\n|-unboost|p1a: Sinistcha|spe|1\n|-unboost|p1b: Delphox|spe|1\n|\n|-damage|p1b: Delphox|7/100 psn|[from] psn\n|-end|p1a: Sinistcha|move: Yawn|[silent]\n|-status|p1a: Sinistcha|slp\n|upkeep\n|turn|7\n|\n|t:|1788313532\n|move|p2b: Umbuh Hufflygun|Protect|p2b: Umbuh Hufflygun\n|-singleturn|p2b: Umbuh Hufflygun|Protect\n|move|p2a: Brontwickletap P.|Protect|p2a: Brontwickletap P.\n|-singleturn|p2a: Brontwickletap P.|Protect\n|move|p1b: Delphox|Heat Wave|p2b: Umbuh Hufflygun|[spread] \n|-activate|p2a: Brontwickletap P.|move: Protect\n|-activate|p2b: Umbuh Hufflygun|move: Protect\n|cant|p1a: Sinistcha|slp\n|\n|-damage|p1b: Delphox|0 fnt|[from] psn\n|faint|p1b: Delphox\n|upkeep\n|\n|t:|1788313536\n|switch|p1b: Garchomp|Garchomp, L50, M|57/100\n|-damage|p1b: Garchomp|51/100|[from] Stealth Rock\n|turn|8\n|\n|t:|1788313548\n|move|p1b: Garchomp|Earthquake|p2a: Brontwickletap P.|[spread] p1a,p2a,p2b\n|-resisted|p1a: Sinistcha|1\n|-damage|p1a: Sinistcha|54/100 slp\n|-damage|p2a: Brontwickletap P.|19/100\n|-damage|p2b: Umbuh Hufflygun|65/100\n|move|p2b: Umbuh Hufflygun|Sludge Bomb|p1a: Sinistcha\n|-damage|p1a: Sinistcha|0 fnt\n|faint|p1a: Sinistcha\n|move|p2a: Brontwickletap P.|Icy Wind|p1b: Garchomp\n|-supereffective|p1b: Garchomp|2\n|-damage|p1b: Garchomp|1/100\n|-unboost|p1b: Garchomp|spe|1\n|\n|upkeep\n|turn|9\n|-message|maneanbeen forfeited.\n|\n|win|Snog2273\n|raw|maneanbeen's rating: 1484 &rarr; <strong>1460</strong><br />(-24 for losing)\n|raw|Snog2273's rating: 1420 &rarr; <strong>1444</strong><br />(+24 for winning)\n|l|☆maneanbeen\n|player|p1|\n|l|☆Snog2273\n|player|p2|\n|j|☆Snog2273\n|player|p2|Snog2273|2|\n","uploadtime":1788313559,"views":"25","formatid":"gen9championsvgc2026regmb","rating":1444,"private":0,"password":null}