{"id":"gen9championsvgc2026regmb-2674917164","format":"[Gen 9 Champions] VGC 2026 Reg M-B","players":["Ropih","Thornlace48812"],"log":"|j|☆Ropih\n|j|☆Thornlace48812\n|t:|1788435550\n|gametype|doubles\n|player|p1|Ropih|rocketgrunt|1022\n|player|p2|Thornlace48812|102|1036\n|gen|9\n|tier|[Gen 9 Champions] VGC 2026 Reg M-B\n|rated|\n|rule|Species Clause: Limit one of each Pokémon\n|rule|Item Clause: Limit 1 of each item\n|clearpoke\n|poke|p1|Pyroar, L50, M|\n|poke|p1|Gallade, L50, M|\n|poke|p1|Farigiraf, L50, F|\n|poke|p1|Kangaskhan, L50, F|\n|poke|p1|Torkoal, L50, F|\n|poke|p1|Mawile, L50, M|\n|poke|p2|Garchomp, L50, F|\n|poke|p2|Charizard, L50, F|\n|poke|p2|Whimsicott, L50, M|\n|poke|p2|Sylveon, L50, M|\n|poke|p2|Kingambit, L50, F|\n|poke|p2|Basculegion, L50, M|\n|teampreview|4\n|inactive|Battle timer is ON: inactive players will automatically lose when time's up. (requested by Thornlace48812)\nThornlace48812 rejected open team sheets.\n|\n|t:|1788435562\n|teamsize|p1|4\n|teamsize|p2|4\n|start\n|switch|p1a: Farigiraf|Farigiraf, L50, F|100/100\n|switch|p1b: Kangaskhan|Kangaskhan, L50, F|100/100\n|switch|p2a: Charizard|Charizard, L50, F|100/100\n|switch|p2b: Garchomp|Garchomp, L50, F|100/100\n|turn|1\n|\n|t:|1788435580\n|detailschange|p2a: Charizard|Charizard-Mega-Y, L50, F\n|-mega|p2a: Charizard|Charizard|Charizardite Y\n|-weather|SunnyDay|[from] ability: Drought|[of] p2a: Charizard\n|move|p1b: Kangaskhan|Fake Out|p2b: Garchomp\n|-damage|p2b: Garchomp|78/100\n|-damage|p1b: Kangaskhan|87/100|[from] ability: Rough Skin|[of] p2b: Garchomp\n|-damage|p1b: Kangaskhan|77/100|[from] item: Life Orb\n|cant|p2b: Garchomp|flinch\n|move|p2a: Charizard|Heat Wave|p1a: Farigiraf|[spread] p1a,p1b\n|-damage|p1a: Farigiraf|17/100\n|-damage|p1b: Kangaskhan|0 fnt\n|-enditem|p1a: Farigiraf|Sitrus Berry|[eat]\n|-heal|p1a: Farigiraf|42/100|[from] item: Sitrus Berry\n|faint|p1b: Kangaskhan\n|move|p1a: Farigiraf|Trick Room|p1a: Farigiraf\n|-fieldstart|move: Trick Room|[of] p1a: Farigiraf\n|\n|-weather|SunnyDay|[upkeep]\n|upkeep\n|\n|t:|1788435604\n|switch|p1b: Gallade|Gallade, L50, M|100/100\n|turn|2\n|\n|t:|1788435615\n|move|p1a: Farigiraf|Helping Hand|p1b: Gallade\n|-singleturn|p1b: Gallade|Helping Hand|[of] p1a: Farigiraf\n|move|p1b: Gallade|Psycho Cut|p2a: Charizard\n|-damage|p2a: Charizard|17/100\n|move|p2a: Charizard|Heat Wave|p1b: Gallade|[spread] p1b\n|-miss|p2a: Charizard|p1a: Farigiraf\n|-damage|p1b: Gallade|22/100\n|move|p2b: Garchomp|Earthquake|p1a: Farigiraf|[spread] p1a,p1b\n|-immune|p2a: Charizard\n|-crit|p1a: Farigiraf\n|-damage|p1a: Farigiraf|0 fnt\n|-damage|p1b: Gallade|0 fnt\n|faint|p1a: Farigiraf\n|faint|p1b: Gallade\n|-damage|p2b: Garchomp|69/100|[from] item: Life Orb\n|\n|-weather|SunnyDay|[upkeep]\n|upkeep\n|\n|t:|1788435626\n|switch|p1b: Mawile|Mawile, L50, M|100/100\n|-ability|p1b: Mawile|Intimidate|boost\n|-unboost|p2a: Charizard|atk|1\n|-unboost|p2b: Garchomp|atk|1\n|turn|3\n|\n|t:|1788435631\n|switch|p2a: Whimsicott|Whimsicott, L50, M|100/100\n|detailschange|p1b: Mawile|Mawile-Mega, L50, M\n|-mega|p1b: Mawile|Mawile|Mawilite\n|move|p1b: Mawile|Rock Slide|p2b: Garchomp|[spread] p2a,p2b\n|-crit|p2a: Whimsicott\n|-resisted|p2b: Garchomp|1\n|-damage|p2a: Whimsicott|30/100\n|-damage|p2b: Garchomp|54/100\n|move|p2b: Garchomp|Dragon Claw|p1b: Mawile\n|-immune|p1b: Mawile\n|\n|-weather|SunnyDay|[upkeep]\n|upkeep\n|turn|4\n|\n|t:|1788435642\n|move|p2a: Whimsicott|Protect|p2a: Whimsicott\n|-singleturn|p2a: Whimsicott|Protect\n|move|p1b: Mawile|Rock Slide|p2a: Whimsicott|[spread] p2b\n|-activate|p2a: Whimsicott|move: Protect\n|-resisted|p2b: Garchomp|1\n|-damage|p2b: Garchomp|38/100\n|move|p2b: Garchomp|Earthquake|p1b: Mawile|[spread] p1b\n|-activate|p2a: Whimsicott|move: Protect\n|-supereffective|p1b: Mawile|1\n|-damage|p1b: Mawile|23/100\n|-damage|p2b: Garchomp|29/100|[from] item: Life Orb\n|\n|-weather|SunnyDay|[upkeep]\n|upkeep\n|turn|5\n|\n|t:|1788435648\n|move|p2a: Whimsicott|Tailwind|p2a: Whimsicott\n|-sidestart|p2: Thornlace48812|move: Tailwind\n|move|p1b: Mawile|Play Rough|p2b: Garchomp\n|-supereffective|p2b: Garchomp|1\n|-damage|p2b: Garchomp|0 fnt\n|-damage|p1b: Mawile|11/100|[from] ability: Rough Skin|[of] p2b: Garchomp\n|faint|p2b: Garchomp\n|\n|-weather|none\n|-fieldend|move: Trick Room\n|upkeep\n|\n|t:|1788435649\n|switch|p2b: Basculegion|Basculegion, L50, M|100/100\n|turn|6\n|\n|t:|1788435652\n|move|p1b: Mawile|Sucker Punch|p2b: Basculegion\n|-supereffective|p2b: Basculegion|1\n|-damage|p2b: Basculegion|9/100\n|move|p2a: Whimsicott|Moonblast|p1b: Mawile\n|-resisted|p1b: Mawile|1\n|-damage|p1b: Mawile|0 fnt\n|faint|p1b: Mawile\n|\n|win|Thornlace48812\n|raw|Ropih's rating: 1022 &rarr; <strong>1012</strong><br />(-10 for losing)\n|raw|Thornlace48812's rating: 1109 &rarr; <strong>1128</strong><br />(+19 for winning)\n","uploadtime":1788435653,"views":"0","formatid":"gen9championsvgc2026regmb","rating":1012,"private":0,"password":null}