{"id":"gen9championsvgc2026regmb-2674342858","format":"[Gen 9 Champions] VGC 2026 Reg M-B","players":["JAZZNINE","P28"],"log":"|j|☆JAZZNINE\n|j|☆P28\n|t:|1788345244\n|gametype|doubles\n|player|p1|JAZZNINE|gentleman|1231\n|player|p2|P28|101|1268\n|gen|9\n|tier|[Gen 9 Champions] VGC 2026 Reg M-B\n|rated|\n|rule|Species Clause: Limit one of each Pokémon\n|rule|Item Clause: Limit 1 of each item\n|clearpoke\n|poke|p1|Aggron, L50, M|\n|poke|p1|Milotic, L50, M|\n|poke|p1|Sinistcha, L50|\n|poke|p1|Tyranitar, L50, F|\n|poke|p1|Excadrill, L50, F|\n|poke|p1|Sneasler, L50, F|\n|poke|p2|Froslass, L50, F|\n|poke|p2|Glaceon, L50, M|\n|poke|p2|Talonflame, L50, F|\n|poke|p2|Glimmora, L50, F, shiny|\n|poke|p2|Sneasler, L50, M|\n|poke|p2|Kingambit, L50, M|\n|teampreview|4\nP28 rejected open team sheets.\n|inactive|Battle timer is ON: inactive players will automatically lose when time's up. (requested by JAZZNINE)\n|inactive|P28 has 60 seconds left.\n|inactive|P28 has 30 seconds left.\n|inactive|P28 has 20 seconds left.\n|inactive|P28 has 15 seconds left.\n|inactive|P28 has 10 seconds left.\n|\n|t:|1788345338\n|teamsize|p1|4\n|teamsize|p2|4\n|start\n|switch|p1a: Tyranitar|Tyranitar, L50, F|100/100\n|switch|p1b: Excadrill|Excadrill, L50, F|100/100\n|switch|p2a: Sneasler|Sneasler, L50, M|100/100\n|switch|p2b: Kingambit|Kingambit, L50, M|100/100\n|-weather|Sandstorm|[from] ability: Sand Stream|[of] p1a: Tyranitar\n|turn|1\n|inactive|JAZZNINE has 30 seconds left.\n|inactive|P28 has 30 seconds left.\n|inactive|P28 has 20 seconds left.\n|inactive|P28 has 15 seconds left.\n|\n|t:|1788345383\n|move|p1b: Excadrill|Protect|p1b: Excadrill\n|-singleturn|p1b: Excadrill|Protect\n|move|p1a: Tyranitar|Protect|p1a: Tyranitar\n|-singleturn|p1a: Tyranitar|Protect\n|move|p2a: Sneasler|Fake Out|p1b: Excadrill\n|-activate|p1b: Excadrill|move: Protect\n|move|p2b: Kingambit|Kowtow Cleave|p1b: Excadrill\n|-activate|p1b: Excadrill|move: Protect\n|\n|-weather|Sandstorm|[upkeep]\n|-damage|p2a: Sneasler|94/100|[from] Sandstorm\n|upkeep\n|turn|2\n|inactive|P28 has 30 seconds left.\n|inactive|P28 has 20 seconds left.\n|inactive|P28 has 15 seconds left.\n|inactive|P28 has 10 seconds left.\n|\n|t:|1788345431\n|switch|p1a: Sinistcha|Sinistcha, L50|100/100\n|move|p2a: Sneasler|Protect|p2a: Sneasler\n|-singleturn|p2a: Sneasler|Protect\n|move|p2b: Kingambit|Sucker Punch|p1b: Excadrill\n|-damage|p1b: Excadrill|46/100\n|move|p1b: Excadrill|High Horsepower|p2a: Sneasler\n|-activate|p2a: Sneasler|move: Protect\n|\n|-weather|Sandstorm|[upkeep]\n|-damage|p2a: Sneasler|88/100|[from] Sandstorm\n|-damage|p1a: Sinistcha|93/100|[from] Sandstorm\n|upkeep\n|turn|3\n|inactive|P28 has 30 seconds left.\n|inactive|P28 has 20 seconds left.\n|inactive|P28 has 15 seconds left.\n|inactive|P28 has 10 seconds left.\n|inactive|P28 has 5 seconds left.\n|\n|t:|1788345483\n|switch|p2a: Talonflame|Talonflame, L50, F|100/100\n|move|p2b: Kingambit|Protect|p2b: Kingambit\n|-singleturn|p2b: Kingambit|Protect\n|move|p1a: Sinistcha|Protect|p1a: Sinistcha\n|-singleturn|p1a: Sinistcha|Protect\n|move|p1b: Excadrill|High Horsepower|p2a: Talonflame\n|-immune|p2a: Talonflame\n|\n|-weather|Sandstorm|[upkeep]\n|-damage|p2a: Talonflame|94/100|[from] Sandstorm\n|-damage|p1a: Sinistcha|87/100|[from] Sandstorm\n|upkeep\n|turn|4\n|inactive|P28 has 30 seconds left.\n|inactive|P28 has 20 seconds left.\n|inactive|P28 has 15 seconds left.\n|\n|t:|1788345523\n|move|p2a: Talonflame|Protect|p2a: Talonflame\n|-singleturn|p2a: Talonflame|Protect\n|move|p1a: Sinistcha|Rage Powder|p1a: Sinistcha\n|-singleturn|p1a: Sinistcha|move: Rage Powder\n|move|p1b: Excadrill|Rock Slide|p2a: Talonflame|[spread] p2b\n|-activate|p2a: Talonflame|move: Protect\n|-resisted|p2b: Kingambit|1\n|-damage|p2b: Kingambit|92/100\n|cant|p2b: Kingambit|flinch\n|\n|-weather|Sandstorm|[upkeep]\n|-damage|p2a: Talonflame|88/100|[from] Sandstorm\n|-damage|p1a: Sinistcha|81/100|[from] Sandstorm\n|upkeep\n|turn|5\n|inactive|P28 has 30 seconds left.\n|inactive|P28 has 20 seconds left.\n|\n|t:|1788345563\n|switch|p2a: Sneasler|Sneasler, L50, M|88/100\n|move|p2b: Kingambit|Protect|p2b: Kingambit\n|-singleturn|p2b: Kingambit|Protect\n|move|p1a: Sinistcha|Rage Powder|p1a: Sinistcha\n|-singleturn|p1a: Sinistcha|move: Rage Powder\n|move|p1b: Excadrill|Rock Slide|p2b: Kingambit|[spread] p2a\n|-activate|p2b: Kingambit|move: Protect\n|-resisted|p2a: Sneasler|1\n|-damage|p2a: Sneasler|70/100\n|\n|-weather|none\n|upkeep\n|turn|6\n|inactive|JAZZNINE has 30 seconds left.\n|inactive|P28 has 30 seconds left.\n|inactive|JAZZNINE has 20 seconds left.\n|\n|t:|1788345602\n|move|p1b: Excadrill|Protect|p1b: Excadrill\n|-singleturn|p1b: Excadrill|Protect\n|move|p2a: Sneasler|Fake Out|p1b: Excadrill\n|-activate|p1b: Excadrill|move: Protect\n|move|p2b: Kingambit|Kowtow Cleave|p1a: Sinistcha\n|-supereffective|p1a: Sinistcha|1\n|-damage|p1a: Sinistcha|0 fnt\n|faint|p1a: Sinistcha\n|\n|upkeep\n|\n|t:|1788345609\n|switch|p1a: Tyranitar|Tyranitar, L50, F|100/100\n|-weather|Sandstorm|[from] ability: Sand Stream|[of] p1a: Tyranitar\n|turn|7\n|inactive|P28 has 30 seconds left.\n|inactive|JAZZNINE has 30 seconds left.\n|\n|t:|1788345646\n|move|p1b: Excadrill|Protect||[still]\n|-fail|p1b: Excadrill\n|move|p2b: Kingambit|Sucker Punch||[still]\n|-fail|p2b: Kingambit\n|move|p2a: Sneasler|Close Combat|p1a: Tyranitar\n|-supereffective|p1a: Tyranitar|2\n|-damage|p1a: Tyranitar|0 fnt\n|-unboost|p2a: Sneasler|def|1\n|-unboost|p2a: Sneasler|spd|1\n|faint|p1a: Tyranitar\n|\n|-weather|Sandstorm|[upkeep]\n|-damage|p2a: Sneasler|64/100|[from] Sandstorm\n|upkeep\n|\n|t:|1788345649\n|switch|p1a: Aggron|Aggron, L50, M|100/100\n|turn|8\n|inactive|P28 has 30 seconds left.\n|inactive|P28 has 20 seconds left.\n|inactive|P28 has 15 seconds left.\n|inactive|P28 has 10 seconds left.\n|\n|t:|1788345698\n|detailschange|p1a: Aggron|Aggron-Mega, L50, M\n|-mega|p1a: Aggron|Aggron|Aggronite\n|move|p1b: Excadrill|Protect|p1b: Excadrill\n|-singleturn|p1b: Excadrill|Protect\n|move|p2b: Kingambit|Sucker Punch||[still]\n|-fail|p2b: Kingambit\n|move|p2a: Sneasler|Close Combat|p1a: Aggron\n|-supereffective|p1a: Aggron|1\n|-damage|p1a: Aggron|55/100\n|-unboost|p2a: Sneasler|def|1\n|-unboost|p2a: Sneasler|spd|1\n|move|p1a: Aggron|Body Press|p2b: Kingambit\n|-supereffective|p2b: Kingambit|2\n|-enditem|p2b: Kingambit|Chople Berry|[eat]\n|-enditem|p2b: Kingambit|Chople Berry|[weaken]\n|-damage|p2b: Kingambit|33/100\n|\n|-weather|Sandstorm|[upkeep]\n|-damage|p2a: Sneasler|58/100|[from] Sandstorm\n|upkeep\n|turn|9\n|inactive|P28 has 30 seconds left.\n|inactive|P28 has 20 seconds left.\n|inactive|P28 has 15 seconds left.\n|inactive|P28 has 10 seconds left.\n|\n|t:|1788345748\n|move|p2b: Kingambit|Sucker Punch|p1b: Excadrill\n|-damage|p1b: Excadrill|0 fnt\n|faint|p1b: Excadrill\n|move|p2a: Sneasler|Close Combat|p1a: Aggron\n|-supereffective|p1a: Aggron|1\n|-damage|p1a: Aggron|6/100\n|-unboost|p2a: Sneasler|def|1\n|-unboost|p2a: Sneasler|spd|1\n|move|p1a: Aggron|Body Press|p2b: Kingambit\n|-supereffective|p2b: Kingambit|2\n|-crit|p2b: Kingambit\n|-damage|p2b: Kingambit|0 fnt\n|faint|p2b: Kingambit\n|\n|-weather|Sandstorm|[upkeep]\n|-damage|p2a: Sneasler|52/100|[from] Sandstorm\n|upkeep\n|-message|JAZZNINE forfeited.\n|\n|win|P28\n|raw|JAZZNINE's rating: 1231 &rarr; <strong>1209</strong><br />(-22 for losing)\n|raw|P28's rating: 1268 &rarr; <strong>1290</strong><br />(+22 for winning)\n|l|☆JAZZNINE\n|player|p1|\n","uploadtime":1788345758,"views":"1","formatid":"gen9championsvgc2026regmb","rating":1209,"private":0,"password":null}