{"id":"gen9championsvgc2026regmbbo3-2674034089","format":"[Gen 9 Champions] VGC 2026 Reg M-B (Bo3)","players":["wearifulpoet","new2pokemongameszz"],"log":"|j|☆wearifulpoet\n|j|☆new2pokemongameszz\n|html|<table width=\"100%\"><tr><td align=\"left\">wearifulpoet</td><td align=\"right\">new2pokemongameszz</tr><tr><td align=\"left\"><i class=\"fa fa-circle-o\"></i> <i class=\"fa fa-circle-o\"></i> </td><td align=\"right\"><i class=\"fa fa-circle-o\"></i> <i class=\"fa fa-circle\"></i> </tr></table>\n|uhtml|bestof|<h2><strong>Game 2</strong> of <a href=\"/game-bestof3-gen9championsvgc2026regmbbo3-2674032341\">a best-of-3</a></h2>\n|t:|1788290688\n|gametype|doubles\n|player|p1|wearifulpoet|102|\n|player|p2|new2pokemongameszz|unknownf|\n|gen|9\n|tier|[Gen 9 Champions] VGC 2026 Reg M-B (Bo3)\n|rule|Species Clause: Limit one of each Pokémon\n|rule|Item Clause: Limit 1 of each item\n|clearpoke\n|poke|p1|Charizard, L50, F|\n|poke|p1|Whimsicott, L50, M|\n|poke|p1|Garchomp, L50, F|\n|poke|p1|Floette-Eternal, L50, F|\n|poke|p1|Basculegion, L50, M|\n|poke|p1|Kingambit, L50, F|\n|poke|p2|Scrafty, L50, F|\n|poke|p2|Vileplume, L50, F|\n|poke|p2|Staraptor, L50, M|\n|poke|p2|Farigiraf, L50, M|\n|poke|p2|Sylveon, L50, M|\n|poke|p2|Torkoal, L50, M|\n|teampreview|4\n|showteam|p1|Charizard||CharizarditeY|Blaze|HeatWave,WeatherBall,AncientPower,Protect|Timid||F|||50|]Whimsicott||FocusSash|Prankster|Moonblast,Tailwind,Encore,Protect|Timid||M|||50|]Garchomp||SitrusBerry|RoughSkin|DragonClaw,Earthquake,RockSlide,Protect|Jolly||F|||50|]Floette-Eternal||Floettite|FlowerVeil|Moonblast,DazzlingGleam,LightofRuin,Protect|Modest||F|||50|]Basculegion||LifeOrb|Adaptability|WaveCrash,LastRespects,AquaJet,Protect|Adamant||M|||50|]Kingambit||OccaBerry|Defiant|KowtowCleave,SuckerPunch,IronHead,LowKick|Adamant||F|||50|\n|showteam|p2|Scrafty||Scraftinite|Intimidate|CloseCombat,KnockOff,IronHead,FakeOut|Brave||F|||50|]Vileplume||FocusSash|Chlorophyll|SludgeBomb,SleepPowder,AfterYou,LeafStorm|Timid||F|||50|]Staraptor||ChoiceScarf|Intimidate|BraveBird,CloseCombat,Uturn,FinalGambit|Jolly||M|||50|]Farigiraf||SitrusBerry|ArmorTail|Protect,TwinBeam,Thunderbolt,TrickRoom|Sassy||M|||50|]Sylveon||FairyFeather|Pixilate|HyperVoice,QuickAttack,HyperBeam,Detect|Quiet||M|||50|]Torkoal||Charcoal|Drought|Eruption,WeatherBall,HeatWave,Protect|Quiet||M|||50|\n|\n|t:|1788290725\n|teamsize|p1|4\n|teamsize|p2|4\n|start\n|switch|p1a: Basculegion|Basculegion, L50, M|100/100\n|switch|p1b: Kingambit|Kingambit, L50, F|100/100\n|switch|p2a: Staraptor|Staraptor, L50, M|100/100\n|switch|p2b: Farigiraf|Farigiraf, L50, M|100/100\n|-ability|p2a: Staraptor|Intimidate|boost\n|-unboost|p1a: Basculegion|atk|1\n|-unboost|p1b: Kingambit|atk|1\n|-ability|p1b: Kingambit|Defiant|boost\n|-boost|p1b: Kingambit|atk|2\n|turn|1\n|\n|t:|1788290780\n|switch|p1b: Garchomp|Garchomp, L50, F|100/100\n|move|p2a: Staraptor|Final Gambit|p1b: Garchomp\n|-damage|p1b: Garchomp|5/100\n|-enditem|p1b: Garchomp|Sitrus Berry|[eat]\n|-heal|p1b: Garchomp|30/100|[from] item: Sitrus Berry\n|faint|p2a: Staraptor\n|move|p1a: Basculegion|Wave Crash|p2b: Farigiraf\n|-damage|p2b: Farigiraf|32/100\n|-enditem|p2b: Farigiraf|Sitrus Berry|[eat]\n|-heal|p2b: Farigiraf|57/100|[from] item: Sitrus Berry\n|-damage|p1a: Basculegion|74/100|[from] Recoil\n|-damage|p1a: Basculegion|65/100|[from] item: Life Orb\n|move|p2b: Farigiraf|Trick Room|p2b: Farigiraf\n|-fieldstart|move: Trick Room|[of] p2b: Farigiraf\n|\n|upkeep\n|\n|t:|1788290796\n|switch|p2a: Scrafty|Scrafty, L50, F|100/100\n|-ability|p2a: Scrafty|Intimidate|boost\n|-unboost|p1a: Basculegion|atk|1\n|-unboost|p1b: Garchomp|atk|1\n|turn|2\n|\n|t:|1788290806\n|switch|p2b: Sylveon|Sylveon, L50, M|100/100\n|switch|p1a: Kingambit|Kingambit, L50, F|100/100\n|switch|p1b: Charizard|Charizard, L50, F|100/100\n|detailschange|p2a: Scrafty|Scrafty-Mega, L50, F\n|-mega|p2a: Scrafty|Scrafty|Scraftinite\n|-ability|p2a: Scrafty|Intimidate|boost\n|-unboost|p1a: Kingambit|atk|1\n|-ability|p1a: Kingambit|Defiant|boost\n|-boost|p1a: Kingambit|atk|2\n|-unboost|p1b: Charizard|atk|1\n|move|p2a: Scrafty|Fake Out|p1b: Charizard\n|-damage|p1b: Charizard|81/100\n|\n|upkeep\n|turn|3\n|\n|t:|1788290832\n|detailschange|p1b: Charizard|Charizard-Mega-Y, L50, F\n|-mega|p1b: Charizard|Charizard|Charizardite Y\n|-weather|SunnyDay|[from] ability: Drought|[of] p1b: Charizard\n|move|p2b: Sylveon|Hyper Voice|p1a: Kingambit|[spread] p1a,p1b\n|-resisted|p1b: Charizard|1\n|-damage|p1a: Kingambit|46/100\n|-damage|p1b: Charizard|57/100\n|move|p2a: Scrafty|Knock Off|p1a: Kingambit\n|-resisted|p1a: Kingambit|1\n|-damage|p1a: Kingambit|22/100\n|-enditem|p1a: Kingambit|Occa Berry|[from] move: Knock Off|[of] p2a: Scrafty\n|move|p1a: Kingambit|Iron Head|p2b: Sylveon\n|-supereffective|p2b: Sylveon|1\n|-damage|p2b: Sylveon|0 fnt\n|faint|p2b: Sylveon\n|move|p1b: Charizard|Weather Ball|p2a: Scrafty\n|-damage|p2a: Scrafty|30/100\n|\n|-weather|SunnyDay|[upkeep]\n|upkeep\n|\n|t:|1788290848\n|switch|p2b: Farigiraf|Farigiraf, L50, M|57/100\n|turn|4\n|\n|t:|1788290870\n|move|p1b: Charizard|Protect|p1b: Charizard\n|-singleturn|p1b: Charizard|Protect\n|move|p2b: Farigiraf|Thunderbolt|p1b: Charizard\n|-activate|p1b: Charizard|move: Protect\n|move|p2a: Scrafty|Close Combat|p1a: Kingambit\n|-supereffective|p1a: Kingambit|2\n|-damage|p1a: Kingambit|0 fnt\n|-unboost|p2a: Scrafty|def|1\n|-unboost|p2a: Scrafty|spd|1\n|faint|p1a: Kingambit\n|\n|-weather|SunnyDay|[upkeep]\n|upkeep\n|\n|t:|1788290892\n|switch|p1a: Garchomp|Garchomp, L50, F|30/100\n|turn|5\n|\n|t:|1788290905\n|move|p1a: Garchomp|Protect|p1a: Garchomp\n|-singleturn|p1a: Garchomp|Protect\n|move|p2b: Farigiraf|Thunderbolt|p1b: Charizard\n|-supereffective|p1b: Charizard|1\n|-damage|p1b: Charizard|11/100\n|move|p2a: Scrafty|Knock Off|p1a: Garchomp\n|-activate|p1a: Garchomp|move: Protect\n|move|p1b: Charizard|Heat Wave|p2b: Farigiraf|[spread] p2b\n|-miss|p1b: Charizard|p2a: Scrafty\n|-damage|p2b: Farigiraf|14/100\n|\n|-weather|SunnyDay|[upkeep]\n|-fieldend|move: Trick Room\n|upkeep\n|turn|6\n|\n|t:|1788290924\n|move|p1a: Garchomp|Earthquake|p2a: Scrafty|[spread] p2a,p2b\n|-immune|p1b: Charizard\n|-damage|p2a: Scrafty|0 fnt\n|-damage|p2b: Farigiraf|0 fnt\n|faint|p2a: Scrafty\n|faint|p2b: Farigiraf\n|\n|win|wearifulpoet\n||wearifulpoet is ready for game 3.\n||new2pokemongameszz is ready for game 3.\n|uhtml|next|Next: <a href=\"/battle-gen9championsvgc2026regmbbo3-2674036102\"><strong>Game 3 of 3</strong></a>\n","uploadtime":1788291220,"views":"0","formatid":"gen9championsvgc2026regmbbo3","rating":null,"private":0,"password":null}