{"id":"gen9championsvgc2026regmbbo3-2673282581","format":"[Gen 9 Champions] VGC 2026 Reg M-B (Bo3)","players":["humania1","GallOyzin"],"log":"|j|☆humania1\n|j|☆GallOyzin\n|html|<table width=\"100%\"><tr><td align=\"left\">humania1</td><td align=\"right\">GallOyzin</tr><tr><td align=\"left\"><i class=\"fa fa-circle-o\"></i> <i class=\"fa fa-circle-o\"></i> </td><td align=\"right\"><i class=\"fa fa-circle-o\"></i> <i class=\"fa fa-circle-o\"></i> </tr></table>\n|uhtml|bestof|<h2><strong>Game 1</strong> of <a href=\"/game-bestof3-gen9championsvgc2026regmbbo3-2673282580\">a best-of-3</a></h2>\n|t:|1788176427\n|gametype|doubles\n|player|p1|humania1|170|1000\n|player|p2|GallOyzin|101|1016\n|gen|9\n|tier|[Gen 9 Champions] VGC 2026 Reg M-B (Bo3)\n|rated|\n|rule|Species Clause: Limit one of each Pokémon\n|rule|Item Clause: Limit 1 of each item\n|clearpoke\n|poke|p1|Blastoise, L50, M|\n|poke|p1|Delphox, L50, M, shiny|\n|poke|p1|Incineroar, L50, M|\n|poke|p1|Sinistcha, L50|\n|poke|p1|Sneasler, L50, F|\n|poke|p1|Vivillon, L50, M|\n|poke|p2|Swampert, L50, M|\n|poke|p2|Sableye, L50, M|\n|poke|p2|Pelipper, L50, F|\n|poke|p2|Archaludon, L50, M|\n|poke|p2|Sneasler, L50, F|\n|poke|p2|Farigiraf, L50, M|\n|teampreview|4\n|showteam|p1|Blastoise||Blastoisinite|Torrent|Protect,ShellSmash,WaterSpout,DarkPulse|Modest||M|||50|]Delphox||Delphoxite|Blaze|Protect,HeatWave,Psyshock,NastyPlot|Timid||M|||50|]Incineroar||PasshoBerry|Intimidate|FakeOut,PartingShot,FlareBlitz,ThroatChop|Impish||M|||50|]Sinistcha||SitrusBerry|Hospitality|Protect,MatchaGotcha,TrickRoom,RagePowder|Bold|||||50|]Sneasler||FocusSash|PoisonTouch|QuickGuard,FakeOut,CloseCombat,DireClaw|Jolly||F|||50|]Vivillon||ChoiceScarf|CompoundEyes|Hurricane,SleepPowder,RagePowder,Uturn|Timid||M|||50|\n|showteam|p2|Swampert||Swampertite|Torrent|HighHorsepower,Protect,IcePunch,WaveCrash|Adamant||M|||50|]Sableye||SitrusBerry|Prankster|FakeOut,RainDance,LightScreen,Reflect|Impish||M|||50|]Pelipper||FocusSash|Drizzle|Protect,Hurricane,WeatherBall,Tailwind|Bold||F|||50|]Archaludon||Leftovers|Stamina|Protect,ElectroShot,FlashCannon,DragonPulse|Timid||M|||50|]Sneasler||WhiteHerb|Unburden|FakeOut,DireClaw,CloseCombat,Protect|Adamant||F|||50|]Farigiraf||ColburBerry|SapSipper|SkillSwap,PsychicFangs,HelpingHand,TrickRoom|Bold||M|||50|\n|\n|t:|1788176446\n|teamsize|p1|4\n|teamsize|p2|4\n|start\n|switch|p1a: Blastoise|Blastoise, L50, M|100/100\n|switch|p1b: Delphox|Delphox, L50, M, shiny|100/100\n|switch|p2a: Swampert|Swampert, L50, M|100/100\n|switch|p2b: Farigiraf|Farigiraf, L50, M|100/100\n|turn|1\n|\n|t:|1788176472\n|switch|p1b: Incineroar|Incineroar, L50, M|100/100\n|-ability|p1b: Incineroar|Intimidate|boost\n|-unboost|p2a: Swampert|atk|1\n|-unboost|p2b: Farigiraf|atk|1\n|move|p1a: Blastoise|Water Spout|p2a: Swampert|[spread] p2a,p2b\n|-damage|p2a: Swampert|56/100\n|-damage|p2b: Farigiraf|57/100\n|move|p2a: Swampert|Wave Crash|p1b: Incineroar\n|-supereffective|p1b: Incineroar|1\n|-enditem|p1b: Incineroar|Passho Berry|[eat]\n|-enditem|p1b: Incineroar|Passho Berry|[weaken]\n|-damage|p1b: Incineroar|65/100\n|-damage|p2a: Swampert|45/100|[from] Recoil\n|move|p2b: Farigiraf|Trick Room|p2b: Farigiraf\n|-fieldstart|move: Trick Room|[of] p2b: Farigiraf\n|\n|upkeep\n|turn|2\n|\n|t:|1788176500\n|detailschange|p2a: Swampert|Swampert-Mega, L50, M\n|-mega|p2a: Swampert|Swampert|Swampertite\n|move|p2b: Farigiraf|Helping Hand|p2a: Swampert\n|-singleturn|p2a: Swampert|Helping Hand|[of] p2b: Farigiraf\n|move|p2a: Swampert|High Horsepower|p1a: Blastoise\n|-damage|p1a: Blastoise|31/100\n|move|p1b: Incineroar|Throat Chop|p2b: Farigiraf\n|-supereffective|p2b: Farigiraf|1\n|-enditem|p2b: Farigiraf|Colbur Berry|[eat]\n|-enditem|p2b: Farigiraf|Colbur Berry|[weaken]\n|-damage|p2b: Farigiraf|31/100\n|-start|p2b: Farigiraf|Throat Chop|[silent]\n|move|p1a: Blastoise|Water Spout|p2a: Swampert|[spread] p2a,p2b\n|-damage|p2a: Swampert|30/100\n|-damage|p2b: Farigiraf|11/100\n|\n|upkeep\n|turn|3\n|\n|t:|1788176523\n|move|p2b: Farigiraf|Helping Hand|p2a: Swampert\n|-singleturn|p2a: Swampert|Helping Hand|[of] p2b: Farigiraf\n|move|p2a: Swampert|High Horsepower|p1b: Incineroar\n|-supereffective|p1b: Incineroar|1\n|-damage|p1b: Incineroar|0 fnt\n|faint|p1b: Incineroar\n|move|p1a: Blastoise|Water Spout|p2a: Swampert|[spread] p2a,p2b\n|-damage|p2a: Swampert|15/100\n|-damage|p2b: Farigiraf|0 fnt\n|faint|p2b: Farigiraf\n|\n|upkeep\n|\n|t:|1788176532\n|switch|p2b: Sableye|Sableye, L50, M|100/100\n|switch|p1b: Delphox|Delphox, L50, M, shiny|100/100\n|turn|4\n|\n|t:|1788176541\n|move|p2b: Sableye|Fake Out|p1a: Blastoise\n|-damage|p1a: Blastoise|22/100\n|move|p2a: Swampert|Wave Crash|p1b: Delphox\n|-supereffective|p1b: Delphox|1\n|-damage|p1b: Delphox|0 fnt\n|faint|p1b: Delphox\n|-damage|p2a: Swampert|0 fnt|[from] Recoil\n|faint|p2a: Swampert\n|cant|p1a: Blastoise|flinch\n|\n|upkeep\n|\n|t:|1788176550\n|switch|p2a: Sneasler|Sneasler, L50, F|100/100\n|switch|p1b: Sinistcha|Sinistcha, L50|100/100\n|-heal|p1a: Blastoise|47/100|[from] ability: Hospitality|[of] p1b: Sinistcha\n|turn|5\n|\n|t:|1788176568\n|move|p2a: Sneasler|Fake Out|p1a: Blastoise\n|-damage|p1a: Blastoise|29/100\n|move|p2b: Sableye|Light Screen|p2b: Sableye\n|-sidestart|p2: GallOyzin|move: Light Screen\n|cant|p1a: Blastoise|flinch\n|move|p1b: Sinistcha|Trick Room|p1b: Sinistcha\n|-fieldend|move: Trick Room\n|\n|upkeep\n|turn|6\n|\n|t:|1788176581\n|move|p2b: Sableye|Reflect|p2b: Sableye\n|-sidestart|p2: GallOyzin|Reflect\n|move|p2a: Sneasler|Dire Claw|p1b: Sinistcha\n|-damage|p1b: Sinistcha|61/100\n|move|p1a: Blastoise|Water Spout|p2b: Sableye|[spread] p2a,p2b\n|-damage|p2a: Sneasler|82/100\n|-damage|p2b: Sableye|78/100\n|move|p1b: Sinistcha|Trick Room|p1b: Sinistcha\n|-fieldstart|move: Trick Room|[of] p1b: Sinistcha\n|\n|upkeep\n|turn|7\n|\n|t:|1788176595\n|move|p2b: Sableye|Light Screen||[still]\n|-fail|p2b: Sableye\n|move|p1b: Sinistcha|Matcha Gotcha|p2a: Sneasler|[spread] p2a,p2b\n|-resisted|p2a: Sneasler|1\n|-damage|p2a: Sneasler|72/100\n|-heal|p1b: Sinistcha|66/100|[from] drain|[of] p2a: Sneasler\n|-damage|p2b: Sableye|50/100g\n|-heal|p1b: Sinistcha|78/100|[from] drain|[of] p2b: Sableye\n|-status|p2b: Sableye|brn\n|move|p1a: Blastoise|Water Spout|p2a: Sneasler|[spread] p2a,p2b\n|-damage|p2a: Sneasler|54/100\n|-damage|p2b: Sableye|30/100 brn\n|-enditem|p2b: Sableye|Sitrus Berry|[eat]\n|-heal|p2b: Sableye|55/100 brn|[from] item: Sitrus Berry\n|move|p2a: Sneasler|Dire Claw|p1a: Blastoise\n|-damage|p1a: Blastoise|0 fnt\n|faint|p1a: Blastoise\n|\n|-damage|p2b: Sableye|49/100 brn|[from] brn\n|upkeep\n|turn|8\n|\n|t:|1788176619\n|move|p2b: Sableye|Light Screen||[still]\n|-fail|p2b: Sableye\n|move|p1b: Sinistcha|Matcha Gotcha|p2b: Sableye|[spread] p2a,p2b\n|-resisted|p2a: Sneasler|1\n|-damage|p2a: Sneasler|43/100\n|-heal|p1b: Sinistcha|84/100|[from] drain|[of] p2a: Sneasler\n|-damage|p2b: Sableye|21/100 brn\n|-heal|p1b: Sinistcha|96/100|[from] drain|[of] p2b: Sableye\n|move|p2a: Sneasler|Dire Claw|p1b: Sinistcha\n|-damage|p1b: Sinistcha|55/100\n|\n|-damage|p2b: Sableye|15/100 brn|[from] brn\n|upkeep\n|turn|9\n|\n|t:|1788176637\n|move|p2b: Sableye|Light Screen||[still]\n|-fail|p2b: Sableye\n|move|p1b: Sinistcha|Matcha Gotcha|p2a: Sneasler|[spread] p2a,p2b\n|-resisted|p2a: Sneasler|1\n|-damage|p2a: Sneasler|31/100\n|-heal|p1b: Sinistcha|60/100|[from] drain|[of] p2a: Sneasler\n|-damage|p2b: Sableye|0 fnt\n|-heal|p1b: Sinistcha|68/100|[from] drain|[of] p2b: Sableye\n|faint|p2b: Sableye\n|move|p2a: Sneasler|Dire Claw|p1b: Sinistcha\n|-damage|p1b: Sinistcha|27/100\n|-enditem|p1b: Sinistcha|Sitrus Berry|[eat]\n|-heal|p1b: Sinistcha|52/100|[from] item: Sitrus Berry\n|\n|-sideend|p2: GallOyzin|move: Light Screen\n|upkeep\n|turn|10\n|\n|t:|1788176652\n|move|p2a: Sneasler|Protect|p2a: Sneasler\n|-singleturn|p2a: Sneasler|Protect\n|move|p1b: Sinistcha|Rage Powder|p1b: Sinistcha\n|-singleturn|p1b: Sinistcha|move: Rage Powder\n|\n|-sideend|p2: GallOyzin|Reflect\n|-fieldend|move: Trick Room\n|upkeep\n|turn|11\n|\n|t:|1788176658\n|move|p2a: Sneasler|Dire Claw|p1b: Sinistcha\n|-damage|p1b: Sinistcha|14/100\n|-status|p1b: Sinistcha|slp\n|cant|p1b: Sinistcha|slp\n|\n|upkeep\n|turn|12\n|\n|t:|1788176666\n|move|p2a: Sneasler|Dire Claw|p1b: Sinistcha\n|-damage|p1b: Sinistcha|0 fnt\n|faint|p1b: Sinistcha\n|\n|win|GallOyzin\n","uploadtime":1788176666,"views":"0","formatid":"gen9championsvgc2026regmbbo3","rating":null,"private":0,"password":null}