{"id":"gen9championsvgc2026regmb-2675005324","format":"[Gen 9 Champions] VGC 2026 Reg M-B","players":["kaleb099","RillaZardCJM"],"log":"|j|☆kaleb099\n|j|☆RillaZardCJM\n|t:|1788447766\n|gametype|doubles\n|player|p1|kaleb099|266|1058\n|player|p2|RillaZardCJM|101|1154\n|gen|9\n|tier|[Gen 9 Champions] VGC 2026 Reg M-B\n|rated|\n|rule|Species Clause: Limit one of each Pokémon\n|rule|Item Clause: Limit 1 of each item\n|clearpoke\n|poke|p1|Weavile, L50, M|\n|poke|p1|Garchomp, L50, M|\n|poke|p1|Chesnaught, L50, F|\n|poke|p1|Camerupt, L50, F|\n|poke|p1|Mimikyu, L50, M|\n|poke|p1|Empoleon, L50, M|\n|poke|p2|Charizard, L50, M|\n|poke|p2|Pelipper, L50, M|\n|poke|p2|Archaludon, L50, M|\n|poke|p2|Venusaur, L50, F|\n|poke|p2|Swampert, L50, F|\n|poke|p2|Grimmsnarl, L50, M|\n|teampreview|4\n|\n|t:|1788447799\n|teamsize|p1|4\n|teamsize|p2|4\n|start\n|switch|p1a: Weavile|Weavile, L50, M|100/100\n|switch|p1b: Mimikyu|Mimikyu, L50, M|100/100\n|switch|p2a: Cymru|Charizard, L50, M|100/100\n|switch|p2b: Plantasaurus|Venusaur, L50, F|100/100\n|turn|1\n|\n|t:|1788447813\n|detailschange|p2a: Cymru|Charizard-Mega-Y, L50, M\n|-mega|p2a: Cymru|Charizard|Charizardite Y\n|-weather|SunnyDay|[from] ability: Drought|[of] p2a: Cymru\n|move|p1a: Weavile|Fake Out|p2a: Cymru\n|-damage|p2a: Cymru|77/100\n|move|p2b: Plantasaurus|Sleep Powder|p1b: Mimikyu\n|-status|p1b: Mimikyu|slp|[from] move: Sleep Powder\n|cant|p2a: Cymru|flinch\n|cant|p1b: Mimikyu|slp\n|\n|-weather|SunnyDay|[upkeep]\n|upkeep\n|turn|2\n|\n|t:|1788447840\n|move|p2b: Plantasaurus|Leaf Storm|p1b: Mimikyu\n|-activate|p1b: Mimikyu|ability: Disguise\n|-damage|p1b: Mimikyu|100/100 slp\n|-unboost|p2b: Plantasaurus|spa|2\n|detailschange|p1b: Mimikyu|Mimikyu-Busted, L50, M\n|-damage|p1b: Mimikyu|87/100 slp|[from] pokemon: Mimikyu-Busted\n|move|p1a: Weavile|Ice Spinner|p2b: Plantasaurus\n|-supereffective|p2b: Plantasaurus|1\n|-enditem|p2b: Plantasaurus|Focus Sash\n|-damage|p2b: Plantasaurus|1/100\n|move|p2a: Cymru|Heat Wave|p1b: Mimikyu|[spread] p1a,p1b\n|-supereffective|p1a: Weavile|1\n|-enditem|p1a: Weavile|Focus Sash\n|-damage|p1a: Weavile|1/100\n|-damage|p1b: Mimikyu|19/100 slp\n|cant|p1b: Mimikyu|slp\n|\n|-weather|SunnyDay|[upkeep]\n|upkeep\n|turn|3\n|\n|t:|1788447872\n|-curestatus|p1b: Mimikyu|slp|[msg]\n|move|p1b: Mimikyu|Shadow Sneak|p2b: Plantasaurus\n|-damage|p2b: Plantasaurus|0 fnt\n|faint|p2b: Plantasaurus\n|-damage|p1b: Mimikyu|9/100|[from] item: Life Orb\n|move|p1a: Weavile|Ice Spinner|p2a: Cymru\n|-damage|p2a: Cymru|19/100\n|move|p2a: Cymru|Weather Ball|p1b: Mimikyu\n|-damage|p1b: Mimikyu|0 fnt\n|faint|p1b: Mimikyu\n|\n|-weather|SunnyDay|[upkeep]\n|upkeep\n|\n|t:|1788447891\n|switch|p2b: Phish|Swampert, L50, F|100/100\n|switch|p1b: Empoleon|Empoleon, L50, M|100/100\n|turn|4\n|\n|t:|1788447906\n|move|p1b: Empoleon|Protect|p1b: Empoleon\n|-singleturn|p1b: Empoleon|Protect\n|move|p1a: Weavile|Ice Spinner|p2a: Cymru\n|-damage|p2a: Cymru|0 fnt\n|faint|p2a: Cymru\n|move|p2b: Phish|Earthquake|p1a: Weavile|[spread] p1a\n|-activate|p1b: Empoleon|move: Protect\n|-damage|p1a: Weavile|0 fnt\n|faint|p1a: Weavile\n|\n|-weather|SunnyDay|[upkeep]\n|upkeep\n|\n|t:|1788447924\n|switch|p1a: Chesnaught|Chesnaught, L50, F|100/100\n|switch|p2a: Adar Tŷ Bach|Pelipper, L50, M|100/100\n|-weather|RainDance|[from] ability: Drizzle|[of] p2a: Adar Tŷ Bach\n|turn|5\n|\n|t:|1788447935\n|detailschange|p1a: Chesnaught|Chesnaught-Mega, L50, F\n|-mega|p1a: Chesnaught|Chesnaught|Chesnaughtite\n|move|p1a: Chesnaught|Spiky Shield|p1a: Chesnaught\n|-singleturn|p1a: Chesnaught|move: Protect\n|move|p2a: Adar Tŷ Bach|Hurricane|p1a: Chesnaught\n|-activate|p1a: Chesnaught|move: Protect\n|move|p2b: Phish|Earthquake|p1b: Empoleon|[spread] p1b\n|-activate|p1a: Chesnaught|move: Protect\n|-immune|p2a: Adar Tŷ Bach\n|-supereffective|p1b: Empoleon|1\n|-damage|p1b: Empoleon|24/100\n|-enditem|p1b: Empoleon|Sitrus Berry|[eat]\n|-heal|p1b: Empoleon|49/100|[from] item: Sitrus Berry\n|move|p1b: Empoleon|Hydro Pump|p2b: Phish\n|-damage|p2b: Phish|12/100\n|\n|-weather|RainDance|[upkeep]\n|upkeep\n|turn|6\n|\n|t:|1788447960\n|move|p2b: Phish|Protect|p2b: Phish\n|-singleturn|p2b: Phish|Protect\n|move|p2a: Adar Tŷ Bach|Hurricane|p1a: Chesnaught\n|-supereffective|p1a: Chesnaught|2\n|-damage|p1a: Chesnaught|0 fnt\n|faint|p1a: Chesnaught\n|move|p1b: Empoleon|Ice Beam|p2a: Adar Tŷ Bach\n|-damage|p2a: Adar Tŷ Bach|45/100\n|-enditem|p2a: Adar Tŷ Bach|Sitrus Berry|[eat]\n|-heal|p2a: Adar Tŷ Bach|70/100|[from] item: Sitrus Berry\n|\n|-weather|RainDance|[upkeep]\n|upkeep\n|turn|7\n|\n|t:|1788447980\n|move|p2a: Adar Tŷ Bach|Hurricane|p1b: Empoleon\n|-resisted|p1b: Empoleon|1\n|-damage|p1b: Empoleon|24/100\n|move|p2b: Phish|Earthquake|p1b: Empoleon|[spread] p1b\n|-immune|p2a: Adar Tŷ Bach\n|-supereffective|p1b: Empoleon|1\n|-damage|p1b: Empoleon|0 fnt\n|faint|p1b: Empoleon\n|\n|win|RillaZardCJM\n|raw|kaleb099's rating: 1058 &rarr; <strong>1044</strong><br />(-14 for losing)\n|raw|RillaZardCJM's rating: 1154 &rarr; <strong>1172</strong><br />(+18 for winning)\n|l|☆RillaZardCJM\n|player|p2|\n","uploadtime":1788447993,"views":"11","formatid":"gen9championsvgc2026regmb","rating":1044,"private":0,"password":null}