{"id":"gen9championsvgc2026regmb-2674140216","format":"[Gen 9 Champions] VGC 2026 Reg M-B","players":["Daap_15","Icious"],"log":"|j|☆Daap_15\n|j|☆Icious\n|t:|1788305090\n|gametype|doubles\n|player|p1|Daap_15|pokemaniac|1165\n|player|p2|Icious|1|1172\n|gen|9\n|tier|[Gen 9 Champions] VGC 2026 Reg M-B\n|rated|\n|rule|Species Clause: Limit one of each Pokémon\n|rule|Item Clause: Limit 1 of each item\n|clearpoke\n|poke|p1|Aerodactyl, L50, M, shiny|\n|poke|p1|Kingambit, L50, M, shiny|\n|poke|p1|Farigiraf, L50, F, shiny|\n|poke|p1|Whimsicott, L50, F, shiny|\n|poke|p1|Charizard, L50, M, shiny|\n|poke|p1|Garchomp, L50, F, shiny|\n|poke|p2|Froslass, L50, F|\n|poke|p2|Glaceon, L50, M|\n|poke|p2|Talonflame, L50, F|\n|poke|p2|Glimmora, L50, M, shiny|\n|poke|p2|Sneasler, L50, F|\n|poke|p2|Kingambit, L50, F|\n|teampreview|4\n|\n|t:|1788305116\n|teamsize|p1|4\n|teamsize|p2|4\n|start\n|switch|p1a: Whimsicott|Whimsicott, L50, F, shiny|100/100\n|switch|p1b: Aerodactyl|Aerodactyl, L50, M, shiny|100/100\n|switch|p2a: Glimmora|Glimmora, L50, M, shiny|100/100\n|switch|p2b: Talonflame|Talonflame, L50, F|100/100\n|turn|1\n|inactive|Battle timer is ON: inactive players will automatically lose when time's up. (requested by Daap_15)\n|\n|t:|1788305132\n|detailschange|p1b: Aerodactyl|Aerodactyl-Mega, L50, M, shiny\n|-mega|p1b: Aerodactyl|Aerodactyl|Aerodactylite\n|detailschange|p2a: Glimmora|Glimmora-Mega, L50, M, shiny\n|-mega|p2a: Glimmora|Glimmora|Glimmoranite\n|move|p1b: Aerodactyl|Protect|p1b: Aerodactyl\n|-singleturn|p1b: Aerodactyl|Protect\n|move|p2b: Talonflame|Tailwind|p2b: Talonflame\n|-sidestart|p2: Icious|move: Tailwind\n|move|p1a: Whimsicott|Tailwind|p1a: Whimsicott\n|-sidestart|p1: Daap_15|move: Tailwind\n|move|p2a: Glimmora|Power Gem|p1b: Aerodactyl\n|-activate|p1b: Aerodactyl|move: Protect\n|\n|upkeep\n|turn|2\n|inactive|Daap_15 has 30 seconds left.\n|inactive|Daap_15 has 20 seconds left.\n|inactive|Daap_15 has 15 seconds left.\n|\n|t:|1788305177\n|switch|p1a: Garchomp|Garchomp, L50, F, shiny|100/100\n|move|p2b: Talonflame|Brave Bird|p1a: Garchomp\n|-damage|p1a: Garchomp|36/100\n|-damage|p2b: Talonflame|87/100|[from] ability: Rough Skin|[of] p1a: Garchomp\n|-damage|p2b: Talonflame|62/100|[from] Recoil\n|-damage|p2b: Talonflame|52/100|[from] item: Life Orb\n|move|p1b: Aerodactyl|Rock Slide|p2b: Talonflame|[spread] p2b\n|-miss|p1b: Aerodactyl|p2a: Glimmora\n|-supereffective|p2b: Talonflame|2\n|-damage|p2b: Talonflame|0 fnt\n|faint|p2b: Talonflame\n|move|p2a: Glimmora|Power Gem|p1b: Aerodactyl\n|-supereffective|p1b: Aerodactyl|1\n|-damage|p1b: Aerodactyl|0 fnt\n|faint|p1b: Aerodactyl\n|\n|upkeep\n|\n|t:|1788305193\n|switch|p1b: Kingambit|Kingambit, L50, M, shiny|100/100\n|switch|p2b: Glaceon|Glaceon, L50, M|100/100\n|turn|3\n|inactive|Icious has 30 seconds left.\n|\n|t:|1788305228\n|move|p1a: Garchomp|Stomping Tantrum|p2a: Glimmora\n|-supereffective|p2a: Glimmora|2\n|-damage|p2a: Glimmora|0 fnt\n|faint|p2a: Glimmora\n|-damage|p1a: Garchomp|26/100|[from] item: Life Orb\n|move|p2b: Glaceon|Freeze-Dry|p1a: Garchomp\n|-supereffective|p1a: Garchomp|2\n|-damage|p1a: Garchomp|0 fnt\n|faint|p1a: Garchomp\n|move|p1b: Kingambit|Iron Head|p2b: Glaceon\n|-supereffective|p2b: Glaceon|1\n|-damage|p2b: Glaceon|12/100\n|\n|upkeep\n|\n|t:|1788305239\n|switch|p1a: Whimsicott|Whimsicott, L50, F, shiny|100/100\n|switch|p2a: Sneasler|Sneasler, L50, F|100/100\n|turn|4\n|\n|t:|1788305248\n|move|p1a: Whimsicott|Protect|p1a: Whimsicott\n|-singleturn|p1a: Whimsicott|Protect\n|move|p1b: Kingambit|Protect|p1b: Kingambit\n|-singleturn|p1b: Kingambit|Protect\n|move|p2a: Sneasler|Fake Out|p1b: Kingambit\n|-activate|p1b: Kingambit|move: Protect\n|move|p2b: Glaceon|Freeze-Dry|p1a: Whimsicott\n|-activate|p1a: Whimsicott|move: Protect\n|\n|-sideend|p1: Daap_15|move: Tailwind\n|-sideend|p2: Icious|move: Tailwind\n|upkeep\n|turn|5\n|\n|t:|1788305262\n|move|p1a: Whimsicott|Tailwind|p1a: Whimsicott\n|-sidestart|p1: Daap_15|move: Tailwind\n|move|p2a: Sneasler|Close Combat|p1b: Kingambit\n|-supereffective|p1b: Kingambit|2\n|-enditem|p1b: Kingambit|Chople Berry|[eat]\n|-enditem|p1b: Kingambit|Chople Berry|[weaken]\n|-damage|p1b: Kingambit|1/100\n|-unboost|p2a: Sneasler|def|1\n|-unboost|p2a: Sneasler|spd|1\n|move|p1b: Kingambit|Iron Head|p2a: Sneasler\n|-enditem|p2a: Sneasler|Focus Sash\n|-damage|p2a: Sneasler|1/100\n|move|p2b: Glaceon|Blizzard|p1a: Whimsicott|[spread] p1a\n|-miss|p2b: Glaceon|p1b: Kingambit\n|-supereffective|p1a: Whimsicott|1\n|-enditem|p1a: Whimsicott|Focus Sash\n|-damage|p1a: Whimsicott|1/100\n|\n|upkeep\n|turn|6\n|inactive|Daap_15 has 30 seconds left.\n|\n|t:|1788305290\n|move|p1b: Kingambit|Sucker Punch|p2a: Sneasler\n|-resisted|p2a: Sneasler|1\n|-damage|p2a: Sneasler|0 fnt\n|faint|p2a: Sneasler\n|move|p2b: Glaceon|Ice Shard|p1b: Kingambit\n|-resisted|p1b: Kingambit|1\n|-damage|p1b: Kingambit|0 fnt\n|faint|p1b: Kingambit\n|move|p1a: Whimsicott|Moonblast|p2b: Glaceon\n|-damage|p2b: Glaceon|0 fnt\n|faint|p2b: Glaceon\n|\n|win|Daap_15\n|raw|Daap_15's rating: 1165 &rarr; <strong>1191</strong><br />(+26 for winning)\n|raw|Icious's rating: 1172 &rarr; <strong>1146</strong><br />(-26 for losing)\n|l|☆Icious\n|player|p2|\n","uploadtime":1788305314,"views":"4","formatid":"gen9championsvgc2026regmb","rating":1146,"private":0,"password":null}