{"id":"gen9championsvgc2026regmbbo3-2674241424","format":"[Gen 9 Champions] VGC 2026 Reg M-B (Bo3)","players":["Fell Blue","shibikanon"],"log":"|j|☆Fell Blue\n|j|☆shibikanon\n|html|<table width=\"100%\"><tr><td align=\"left\">Fell Blue</td><td align=\"right\">shibikanon</tr><tr><td align=\"left\"><i class=\"fa fa-circle\"></i> <i class=\"fa fa-circle-o\"></i> </td><td align=\"right\"><i class=\"fa fa-circle-o\"></i> <i class=\"fa fa-circle\"></i> </tr></table>\n|uhtml|bestof|<h2><strong>Game 3</strong> of <a href=\"/game-bestof3-gen9championsvgc2026regmbbo3-2674239607\">a best-of-3</a></h2>\n|t:|1788321522\n|gametype|doubles\n|player|p1|Fell Blue|fantina|1208\n|player|p2|shibikanon|skyla-masters3|1346\n|gen|9\n|tier|[Gen 9 Champions] VGC 2026 Reg M-B (Bo3)\n|rated|\n|rule|Species Clause: Limit one of each Pokémon\n|rule|Item Clause: Limit 1 of each item\n|clearpoke\n|poke|p1|Incineroar, L50, M, shiny|\n|poke|p1|Farigiraf, L50, F, shiny|\n|poke|p1|Mawile, L50, F, shiny|\n|poke|p1|Basculegion, L50, M, shiny|\n|poke|p1|Ninetales-Alola, L50, M|\n|poke|p1|Raichu, L50, M, shiny|\n|poke|p2|Charizard, L50, F, shiny|\n|poke|p2|Venusaur, L50, F|\n|poke|p2|Incineroar, L50, F|\n|poke|p2|Farigiraf, L50, M|\n|poke|p2|Sylveon, L50, M|\n|poke|p2|Rhyperior, L50, F|\n|teampreview|4\n|showteam|p1|Incineroar||SitrusBerry|Intimidate|FakeOut,FlareBlitz,Assurance,PartingShot|Brave||M|||50|]Farigiraf||LifeOrb|ArmorTail|Protect,HyperVoice,Psychic,TrickRoom|Quiet||F|||50|]Mawile||Mawilite|HyperCutter|Protect,PlayRough,IronHead,SuckerPunch|Brave||F|||50|]Basculegion||ChoiceScarf|Adaptability|WaveCrash,LastRespects,AquaJet,FlipTurn|Jolly||M|||50|]Ninetales-Alola||FocusSash|SnowWarning|Protect,Blizzard,FreezeDry,Moonblast|Timid||M|||50|]Raichu||RaichuniteY|LightningRod|Protect,ZapCannon,FocusBlast,VoltSwitch|Timid||M|||50|\n|showteam|p2|Charizard||CharizarditeY|Blaze|HeatWave,WeatherBall,AncientPower,Protect|Modest||F|||50|]Venusaur||FocusSash|Chlorophyll|SludgeBomb,LeafStorm,SleepPowder,Protect|Modest||F|||50|]Incineroar||PasshoBerry|Intimidate|FlareBlitz,DarkestLariat,PartingShot,FakeOut|Adamant||F|||50|]Farigiraf||SitrusBerry|ArmorTail|Psychic,Thunderbolt,TrickRoom,Protect|Quiet||M|||50|]Sylveon||FairyFeather|Pixilate|HyperVoice,Yawn,QuickAttack,Detect|Modest||M|||50|]Rhyperior||LifeOrb|SolidRock|HighHorsepower,RockSlide,IcePunch,Protect|Brave||F|||50|\n|inactive|Battle timer is ON: inactive players will automatically lose when time's up. (requested by shibikanon)\n|inactive|Fell Blue has 60 seconds left.\n|\n|t:|1788321569\n|teamsize|p1|4\n|teamsize|p2|4\n|start\n|switch|p1a: Incineroar|Incineroar, L50, M, shiny|100/100\n|switch|p1b: Basculegion|Basculegion, L50, M, shiny|100/100\n|switch|p2a: Incineroar|Incineroar, L50, F|100/100\n|switch|p2b: Farigiraf|Farigiraf, L50, M|100/100\n|-ability|p2a: Incineroar|Intimidate|boost\n|-unboost|p1a: Incineroar|atk|1\n|-unboost|p1b: Basculegion|atk|1\n|-ability|p1a: Incineroar|Intimidate|boost\n|-unboost|p2a: Incineroar|atk|1\n|-unboost|p2b: Farigiraf|atk|1\n|turn|1\n|\n|t:|1788321594\n|move|p2b: Farigiraf|Protect|p2b: Farigiraf\n|-singleturn|p2b: Farigiraf|Protect\n|move|p1b: Basculegion|Flip Turn|p2a: Incineroar\n|-supereffective|p2a: Incineroar|1\n|-enditem|p2a: Incineroar|Passho Berry|[eat]\n|-enditem|p2a: Incineroar|Passho Berry|[weaken]\n|-damage|p2a: Incineroar|75/100\n|\n|t:|1788321604\n|switch|p1b: Raichu|Raichu, L50, M, shiny|100/100|[from] Flip Turn\n|move|p2a: Incineroar|Parting Shot|p1b: Raichu\n|-unboost|p1b: Raichu|atk|1\n|-unboost|p1b: Raichu|spa|1\n|\n|t:|1788321610\n|switch|p2a: Rhyperior|Rhyperior, L50, F|100/100|[from] Parting Shot\n|move|p1a: Incineroar|Parting Shot|p2a: Rhyperior\n|-unboost|p2a: Rhyperior|atk|1\n|-unboost|p2a: Rhyperior|spa|1\n|\n|t:|1788321617\n|switch|p1a: Ninetales|Ninetales-Alola, L50, M|100/100|[from] Parting Shot\n|-weather|Snowscape|[from] ability: Snow Warning|[of] p1a: Ninetales\n|\n|-weather|Snowscape|[upkeep]\n|upkeep\n|turn|2\n|\n|t:|1788321630\n|switch|p2a: Incineroar|Incineroar, L50, F|75/100\n|-ability|p2a: Incineroar|Intimidate|boost\n|-unboost|p1a: Ninetales|atk|1\n|-unboost|p1b: Raichu|atk|1\n|detailschange|p1b: Raichu|Raichu-Mega-Y, L50, M, shiny\n|-mega|p1b: Raichu|Raichu|Raichunite Y\n|move|p1b: Raichu|Focus Blast|p2b: Farigiraf\n|-damage|p2b: Farigiraf|72/100\n|move|p1a: Ninetales|Blizzard|p2a: Incineroar|[spread] p2a,p2b\n|-resisted|p2a: Incineroar|1\n|-damage|p2a: Incineroar|61/100\n|-damage|p2b: Farigiraf|45/100\n|-status|p2a: Incineroar|frz\n|-enditem|p2b: Farigiraf|Sitrus Berry|[eat]\n|-heal|p2b: Farigiraf|70/100|[from] item: Sitrus Berry\n|move|p2b: Farigiraf|Trick Room|p2b: Farigiraf\n|-fieldstart|move: Trick Room|[of] p2b: Farigiraf\n|\n|-weather|Snowscape|[upkeep]\n|upkeep\n|turn|3\n|\n|t:|1788321649\n|move|p2b: Farigiraf|Psychic|p1b: Raichu\n|-damage|p1b: Raichu|38/100\n|-curestatus|p2a: Incineroar|frz|[from] move: Flare Blitz\n|move|p2a: Incineroar|Flare Blitz|p1a: Ninetales\n|-supereffective|p1a: Ninetales|1\n|-enditem|p1a: Ninetales|Focus Sash\n|-damage|p1a: Ninetales|1/100\n|-damage|p2a: Incineroar|37/100|[from] Recoil\n|move|p1a: Ninetales|Moonblast|p2a: Incineroar\n|-damage|p2a: Incineroar|5/100\n|move|p1b: Raichu|Focus Blast|p2a: Incineroar\n|-supereffective|p2a: Incineroar|1\n|-damage|p2a: Incineroar|0 fnt\n|faint|p2a: Incineroar\n|\n|-weather|Snowscape|[upkeep]\n|upkeep\n|\n|t:|1788321662\n|switch|p2a: Rhyperior|Rhyperior, L50, F|100/100\n|turn|4\n|\n|t:|1788321668\n|switch|p1a: Incineroar|Incineroar, L50, M, shiny|100/100\n|-ability|p1a: Incineroar|Intimidate|boost\n|-unboost|p2a: Rhyperior|atk|1\n|-unboost|p2b: Farigiraf|atk|1\n|move|p1b: Raichu|Protect|p1b: Raichu\n|-singleturn|p1b: Raichu|Protect\n|move|p2a: Rhyperior|Rock Slide|p1b: Raichu|[spread] p1a\n|-activate|p1b: Raichu|move: Protect\n|-supereffective|p1a: Incineroar|1\n|-damage|p1a: Incineroar|41/100\n|-enditem|p1a: Incineroar|Sitrus Berry|[eat]\n|-heal|p1a: Incineroar|66/100|[from] item: Sitrus Berry\n|-damage|p2a: Rhyperior|90/100|[from] item: Life Orb\n|move|p2b: Farigiraf|Thunderbolt|p1a: Incineroar\n|-damage|p1a: Incineroar|43/100\n|\n|-weather|Snowscape|[upkeep]\n|upkeep\n|turn|5\n|\n|t:|1788321691\n|move|p1b: Raichu|Protect||[still]\n|-fail|p1b: Raichu\n|move|p2a: Rhyperior|Rock Slide|p1a: Incineroar|[spread] p1a,p1b\n|-supereffective|p1a: Incineroar|1\n|-damage|p1a: Incineroar|0 fnt\n|-damage|p1b: Raichu|0 fnt\n|faint|p1a: Incineroar\n|faint|p1b: Raichu\n|-damage|p2a: Rhyperior|80/100|[from] item: Life Orb\n|move|p2b: Farigiraf|Thunderbolt|p1: Incineroar|[notarget]\n|-fail|p2b: Farigiraf\n|\n|-weather|none\n|upkeep\n|\n|t:|1788321695\n|switch|p1a: Ninetales|Ninetales-Alola, L50, M|1/100\n|switch|p1b: Basculegion|Basculegion, L50, M, shiny|100/100\n|-weather|Snowscape|[from] ability: Snow Warning|[of] p1a: Ninetales\n|turn|6\n|\n|t:|1788321708\n|move|p1a: Ninetales|Protect|p1a: Ninetales\n|-singleturn|p1a: Ninetales|Protect\n|move|p2a: Rhyperior|High Horsepower|p1b: Basculegion\n|-damage|p1b: Basculegion|31/100\n|-damage|p2a: Rhyperior|70/100|[from] item: Life Orb\n|move|p2b: Farigiraf|Thunderbolt|p1b: Basculegion\n|-supereffective|p1b: Basculegion|1\n|-damage|p1b: Basculegion|0 fnt\n|faint|p1b: Basculegion\n|\n|-weather|Snowscape|[upkeep]\n|-fieldend|move: Trick Room\n|upkeep\n|turn|7\n|\n|t:|1788321719\n|move|p1a: Ninetales|Blizzard|p2b: Farigiraf|[spread] p2a,p2b\n|-supereffective|p2a: Rhyperior|1\n|-damage|p2a: Rhyperior|13/100\n|-damage|p2b: Farigiraf|43/100\n|move|p2b: Farigiraf|Thunderbolt|p1a: Ninetales\n|-damage|p1a: Ninetales|0 fnt\n|faint|p1a: Ninetales\n|\n|win|shibikanon\n|raw|Fell Blue's rating: 1208 &rarr; <strong>1192</strong><br />(-16 for losing)\n|raw|shibikanon's rating: 1346 &rarr; <strong>1358</strong><br />(+12 for winning)\n","uploadtime":1788321719,"views":"0","formatid":"gen9championsvgc2026regmbbo3","rating":1192,"private":0,"password":null}