{"id":"gen9championsvgc2026regmbbo3-2673387745","format":"[Gen 9 Champions] VGC 2026 Reg M-B (Bo3)","players":["humania1","DONTARIC"],"log":"|j|☆humania1\n|j|☆DONTARIC\n|html|<table width=\"100%\"><tr><td align=\"left\">humania1</td><td align=\"right\">DONTARIC</tr><tr><td align=\"left\"><i class=\"fa fa-circle-o\"></i> <i class=\"fa fa-circle-o\"></i> </td><td align=\"right\"><i class=\"fa fa-circle-o\"></i> <i class=\"fa fa-circle\"></i> </tr></table>\n|uhtml|bestof|<h2><strong>Game 2</strong> of <a href=\"/game-bestof3-gen9championsvgc2026regmbbo3-2673386258\">a best-of-3</a></h2>\n|t:|1788191636\n|gametype|doubles\n|player|p1|humania1|170|1081\n|player|p2|DONTARIC|169|1132\n|gen|9\n|tier|[Gen 9 Champions] VGC 2026 Reg M-B (Bo3)\n|rated|\n|rule|Species Clause: Limit one of each Pokémon\n|rule|Item Clause: Limit 1 of each item\n|clearpoke\n|poke|p1|Blastoise, L50, F|\n|poke|p1|Delphox, L50, M, shiny|\n|poke|p1|Incineroar, L50, M|\n|poke|p1|Sinistcha, L50|\n|poke|p1|Sneasler, L50, F|\n|poke|p1|Vivillon, L50, M|\n|poke|p2|Venusaur, L50, F|\n|poke|p2|Charizard, L50, F|\n|poke|p2|Garchomp, L50, M|\n|poke|p2|Incineroar, L50, F|\n|poke|p2|Floette-Eternal, L50, F|\n|poke|p2|Sinistcha, L50|\n|teampreview|4\n|showteam|p1|Blastoise||Blastoisinite|Torrent|Protect,ShellSmash,WaterSpout,DarkPulse|Modest||F|||50|]Delphox||Delphoxite|Blaze|Protect,HeatWave,Psyshock,NastyPlot|Timid||M|||50|]Incineroar||PasshoBerry|Intimidate|FakeOut,PartingShot,FlareBlitz,ThroatChop|Impish||M|||50|]Sinistcha||SitrusBerry|Hospitality|Protect,MatchaGotcha,TrickRoom,RagePowder|Bold|||||50|]Sneasler||FocusSash|PoisonTouch|QuickGuard,FakeOut,CloseCombat,DireClaw|Jolly||F|||50|]Vivillon||ChoiceScarf|CompoundEyes|Hurricane,SleepPowder,RagePowder,Uturn|Timid||M|||50|\n|showteam|p2|Venusaur||FocusSash|Chlorophyll|SleepPowder,SludgeBomb,EarthPower,Protect|Timid||F|||50|]Charizard||CharizarditeY|Blaze|HeatWave,SolarBeam,WeatherBall,Protect|Modest||F|||50|]Garchomp||ChoiceScarf|RoughSkin|Earthquake,RockSlide,StompingTantrum,DragonClaw|Adamant||M|||50|]Incineroar||SitrusBerry|Intimidate|FakeOut,FlareBlitz,PartingShot,ThroatChop|Careful||F|||50|]Floette-Eternal||Floettite|FlowerVeil|Moonblast,DazzlingGleam,CalmMind,Protect|Modest||F|||50|]Sinistcha||KasibBerry|Hospitality|MatchaGotcha,RagePowder,TrickRoom,Protect|Relaxed|||||50|\n|inactive|Battle timer is ON: inactive players will automatically lose when time's up. (requested by humania1)\n|\n|t:|1788191642\n|teamsize|p1|4\n|teamsize|p2|4\n|start\n|switch|p1a: Delphox|Delphox, L50, M, shiny|100/100\n|switch|p1b: Incineroar|Incineroar, L50, M|100/100\n|switch|p2a: Floette|Floette-Eternal, L50, F|100/100\n|switch|p2b: Incineroar|Incineroar, L50, F|100/100\n|-ability|p1b: Incineroar|Intimidate|boost\n|-unboost|p2a: Floette|atk|1\n|-unboost|p2b: Incineroar|atk|1\n|-ability|p2b: Incineroar|Intimidate|boost\n|-unboost|p1a: Delphox|atk|1\n|-unboost|p1b: Incineroar|atk|1\n|turn|1\n|\n|t:|1788191655\n|switch|p1a: Sinistcha|Sinistcha, L50|100/100\n|detailschange|p2a: Floette|Floette-Mega, L50, F\n|-mega|p2a: Floette|Floette|Floettite\n|-ability|p2a: Floette|Fairy Aura\n|move|p1b: Incineroar|Fake Out|p2a: Floette\n|-crit|p2a: Floette\n|-damage|p2a: Floette|78/100\n|move|p2b: Incineroar|Fake Out|p1a: Sinistcha\n|-immune|p1a: Sinistcha\n|cant|p2a: Floette|flinch\n|\n|upkeep\n|turn|2\n|\n|t:|1788191675\n|move|p2a: Floette|Calm Mind|p2a: Floette\n|-boost|p2a: Floette|spa|1\n|-boost|p2a: Floette|spd|1\n|move|p1b: Incineroar|Throat Chop|p2a: Floette\n|-resisted|p2a: Floette|1\n|-damage|p2a: Floette|64/100\n|-start|p2a: Floette|Throat Chop|[silent]\n|move|p2b: Incineroar|Flare Blitz|p1a: Sinistcha\n|-supereffective|p1a: Sinistcha|1\n|-damage|p1a: Sinistcha|34/100\n|-enditem|p1a: Sinistcha|Sitrus Berry|[eat]\n|-heal|p1a: Sinistcha|59/100|[from] item: Sitrus Berry\n|-damage|p2b: Incineroar|81/100|[from] Recoil\n|move|p1a: Sinistcha|Trick Room|p1a: Sinistcha\n|-fieldstart|move: Trick Room|[of] p1a: Sinistcha\n|\n|upkeep\n|turn|3\n|\n|t:|1788191697\n|switch|p2b: Sinistcha|Sinistcha, L50|100/100\n|-heal|p2a: Floette|88/100|[from] ability: Hospitality|[of] p2b: Sinistcha\n|switch|p1a: Blastoise|Blastoise, L50, F|100/100\n|move|p1b: Incineroar|Parting Shot|p2a: Floette\n|-unboost|p2a: Floette|atk|1\n|-unboost|p2a: Floette|spa|1\n|\n|t:|1788191697\n|switch|p1b: Delphox|Delphox, L50, M, shiny|100/100|[from] Parting Shot\n|move|p2a: Floette|Dazzling Gleam|p1b: Delphox|[spread] p1a,p1b\n|-resisted|p1b: Delphox|1\n|-damage|p1a: Blastoise|40/100\n|-damage|p1b: Delphox|71/100\n|\n|-end|p2a: Floette|Throat Chop|[silent]\n|upkeep\n|turn|4\n|\n|t:|1788191717\n|move|p2b: Sinistcha|Rage Powder|p2b: Sinistcha\n|-singleturn|p2b: Sinistcha|move: Rage Powder\n|move|p1a: Blastoise|Dark Pulse|p2b: Sinistcha\n|-supereffective|p2b: Sinistcha|1\n|-crit|p2b: Sinistcha\n|-damage|p2b: Sinistcha|25/100\n|move|p2a: Floette|Dazzling Gleam|p1a: Blastoise|[spread] p1a,p1b\n|-resisted|p1b: Delphox|1\n|-damage|p1a: Blastoise|0 fnt\n|-damage|p1b: Delphox|45/100\n|faint|p1a: Blastoise\n|move|p1b: Delphox|Nasty Plot|p1b: Delphox\n|-boost|p1b: Delphox|spa|2\n|\n|upkeep\n|\n|t:|1788191717\n|switch|p1a: Incineroar|Incineroar, L50, M|100/100\n|-ability|p1a: Incineroar|Intimidate|boost\n|-unboost|p2a: Floette|atk|1\n|-unboost|p2b: Sinistcha|atk|1\n|turn|5\n|\n|t:|1788191731\n|detailschange|p1b: Delphox|Delphox-Mega, L50, M, shiny\n|-mega|p1b: Delphox|Delphox|Delphoxite\n|move|p2b: Sinistcha|Protect|p2b: Sinistcha\n|-singleturn|p2b: Sinistcha|Protect\n|move|p2a: Floette|Protect|p2a: Floette\n|-singleturn|p2a: Floette|Protect\n|move|p1a: Incineroar|Flare Blitz|p2b: Sinistcha\n|-activate|p2b: Sinistcha|move: Protect\n|move|p1b: Delphox|Heat Wave|p2a: Floette|[spread] \n|-activate|p2a: Floette|move: Protect\n|-activate|p2b: Sinistcha|move: Protect\n|\n|upkeep\n|turn|6\n|\n|t:|1788191753\n|switch|p2b: Incineroar|Incineroar, L50, F|81/100\n|-ability|p2b: Incineroar|Intimidate|boost\n|-unboost|p1a: Incineroar|atk|1\n|-unboost|p1b: Delphox|atk|1\n|move|p1a: Incineroar|Flare Blitz|p2b: Incineroar\n|-resisted|p2b: Incineroar|1\n|-damage|p2b: Incineroar|64/100\n|-damage|p1a: Incineroar|94/100|[from] Recoil\n|move|p2a: Floette|Moonblast|p1b: Delphox\n|-resisted|p1b: Delphox|1\n|-damage|p1b: Delphox|10/100\n|move|p1b: Delphox|Heat Wave|p2b: Incineroar|[spread] p2a,p2b\n|-resisted|p2b: Incineroar|1\n|-damage|p2a: Floette|41/100\n|-damage|p2b: Incineroar|27/100\n|-enditem|p2b: Incineroar|Sitrus Berry|[eat]\n|-heal|p2b: Incineroar|51/100|[from] item: Sitrus Berry\n|\n|-fieldend|move: Trick Room\n|upkeep\n|turn|7\n|\n|t:|1788191771\n|switch|p1b: Sinistcha|Sinistcha, L50|59/100\n|-heal|p1a: Incineroar|100/100|[from] ability: Hospitality|[of] p1b: Sinistcha\n|move|p2b: Incineroar|Fake Out|p1b: Sinistcha\n|-immune|p1b: Sinistcha\n|move|p2a: Floette|Dazzling Gleam|p1a: Incineroar|[spread] p1a,p1b\n|-damage|p1a: Incineroar|53/100\n|-damage|p1b: Sinistcha|15/100\n|move|p1a: Incineroar|Flare Blitz|p2a: Floette\n|-damage|p2a: Floette|0 fnt\n|faint|p2a: Floette\n|-damage|p1a: Incineroar|43/100|[from] Recoil\n|\n|upkeep\n|\n|t:|1788191787\n|switch|p2a: Garchomp|Garchomp, L50, M|100/100\n|turn|8\n|\n|t:|1788191793\n|switch|p2b: Sinistcha|Sinistcha, L50|25/100\n|move|p2a: Garchomp|Earthquake|p1b: Sinistcha|[spread] p2b,p1a,p1b\n|-resisted|p2b: Sinistcha|1\n|-crit|p2b: Sinistcha\n|-supereffective|p1a: Incineroar|1\n|-resisted|p1b: Sinistcha|1\n|-damage|p2b: Sinistcha|2/100\n|-damage|p1a: Incineroar|0 fnt\n|-damage|p1b: Sinistcha|0 fnt\n|faint|p1a: Incineroar\n|faint|p1b: Sinistcha\n|\n|upkeep\n|\n|t:|1788191793\n|switch|p1a: Delphox|Delphox-Mega, L50, M, shiny|10/100\n|turn|9\n|\n|t:|1788191809\n|switch|p2a: Incineroar|Incineroar, L50, F|51/100\n|-ability|p2a: Incineroar|Intimidate|boost\n|-unboost|p1a: Delphox|atk|1\n|move|p1a: Delphox|Psyshock|p2b: Sinistcha\n|-damage|p2b: Sinistcha|0 fnt\n|faint|p2b: Sinistcha\n|\n|upkeep\n|\n|t:|1788191816\n|switch|p2b: Garchomp|Garchomp, L50, M|100/100\n|turn|10\n|\n|t:|1788191822\n|move|p1a: Delphox|Protect|p1a: Delphox\n|-singleturn|p1a: Delphox|Protect\n|move|p2a: Incineroar|Fake Out|p1a: Delphox\n|-activate|p1a: Delphox|move: Protect\n|move|p2b: Garchomp|Dragon Claw|p1a: Delphox\n|-activate|p1a: Delphox|move: Protect\n|\n|upkeep\n|turn|11\n|\n|t:|1788191832\n|move|p2b: Garchomp|Dragon Claw|p1a: Delphox\n|-damage|p1a: Delphox|0 fnt\n|faint|p1a: Delphox\n|\n|win|DONTARIC\n|raw|humania1's rating: 1081 &rarr; <strong>1062</strong><br />(-19 for losing)\n|raw|DONTARIC's rating: 1132 &rarr; <strong>1153</strong><br />(+21 for winning)\n","uploadtime":1788191833,"views":"1","formatid":"gen9championsvgc2026regmbbo3","rating":1062,"private":0,"password":null}