{"id":"gen9championsvgc2026regmb-2674607698","format":"[Gen 9 Champions] VGC 2026 Reg M-B","players":["florianlangs","theimoutobuster"],"log":"|j|☆florianlangs\n|j|☆theimoutobuster\n|t:|1788379643\n|gametype|doubles\n|player|p1|florianlangs|harlequin|1368\n|player|p2|theimoutobuster|1|1414\n|gen|9\n|tier|[Gen 9 Champions] VGC 2026 Reg M-B\n|rated|\n|rule|Species Clause: Limit one of each Pokémon\n|rule|Item Clause: Limit 1 of each item\n|clearpoke\n|poke|p1|Audino, L50, F, shiny|\n|poke|p1|Incineroar, L50, M, shiny|\n|poke|p1|Farigiraf, L50, F, shiny|\n|poke|p1|Chimecho, L50, F|\n|poke|p1|Skeledirge, L50, F|\n|poke|p1|Raichu, L50, F|\n|poke|p2|Scovillain, L50, M|\n|poke|p2|Palafin, L50, F|\n|poke|p2|Grimmsnarl, L50, M|\n|poke|p2|Audino, L50, F|\n|poke|p2|Overqwil, L50, F|\n|poke|p2|Sableye, L50, F|\n|teampreview|4\n|inactive|Battle timer is ON: inactive players will automatically lose when time's up. (requested by florianlangs)\n|c|☆theimoutobuster|fellow audino enthusiast?\n|c|☆florianlangs|actually crazy\n|inactive|florianlangs has 60 seconds left.\n|\n|t:|1788379678\n|teamsize|p1|4\n|teamsize|p2|4\n|start\n|switch|p1a: Incineroar|Incineroar, L50, M, shiny|100/100\n|switch|p1b: Audino|Audino, L50, F, shiny|100/100\n|switch|p2a: Audino|Audino, L50, F|100/100\n|switch|p2b: Grimmsnarl|Grimmsnarl, L50, M|100/100\n|-ability|p1a: Incineroar|Intimidate|boost\n|-unboost|p2a: Audino|atk|1\n|-unboost|p2b: Grimmsnarl|atk|1\n|turn|1\n|c|☆theimoutobuster|poggers\n|inactive|theimoutobuster has 30 seconds left.\n|\n|t:|1788379707\n|move|p2b: Grimmsnarl|Fake Out|p1a: Incineroar\n|-damage|p1a: Incineroar|92/100\n|cant|p1a: Incineroar|flinch\n|move|p1b: Audino|Simple Beam|p1a: Incineroar\n|-ability|p1a: Incineroar|Simple|Intimidate|[from] move: Simple Beam\n|move|p2a: Audino|Trick Room|p2a: Audino\n|-fieldstart|move: Trick Room|[of] p2a: Audino\n|\n|upkeep\n|turn|2\n|c|☆theimoutobuster|O_O\n|\n|t:|1788379731\n|switch|p1a: Skeledirge|Skeledirge, L50, F|100/100\n|move|p2b: Grimmsnarl|Parting Shot|p2a: Audino\n|-unboost|p2a: Audino|atk|1\n|-unboost|p2a: Audino|spa|1\n|\n|t:|1788379737\n|switch|p2b: Overqwil|Overqwil, L50, F|100/100|[from] Parting Shot\n|move|p1b: Audino|Simple Beam|p1a: Skeledirge\n|-ability|p1a: Skeledirge|Simple|Unaware|[from] move: Simple Beam\n|move|p2a: Audino|Simple Beam|p2b: Overqwil\n|-ability|p2b: Overqwil|Simple|Swift Swim|[from] move: Simple Beam\n|\n|upkeep\n|turn|3\n|c|☆theimoutobuster|:thinking:\n|c|☆theimoutobuster|oh i see what youre doing\n|inactive|theimoutobuster has 30 seconds left.\n|\n|t:|1788379766\n|switch|p1b: Incineroar|Incineroar, L50, M, shiny|92/100\n|-ability|p1b: Incineroar|Intimidate|boost\n|-unboost|p2a: Audino|atk|1\n|-unboost|p2b: Overqwil|atk|2\n|switch|p2a: Grimmsnarl|Grimmsnarl, L50, M|100/100\n|move|p1a: Skeledirge|Torch Song|p2b: Overqwil\n|-damage|p2b: Overqwil|69/100\n|-boost|p1a: Skeledirge|spa|2\n|move|p2b: Overqwil|Minimize|p2b: Overqwil\n|-boost|p2b: Overqwil|evasion|4\n|\n|-heal|p2b: Overqwil|76/100|[from] item: Leftovers\n|upkeep\n|turn|4\n|c|☆florianlangs|i usually like to do chimecho\n|c|☆florianlangs|because it walls a lot of things\n|\n|t:|1788379788\n|move|p1b: Incineroar|Fake Out|p2b: Overqwil\n|-damage|p2b: Overqwil|63/100\n|move|p2a: Grimmsnarl|Light Screen|p2a: Grimmsnarl\n|-sidestart|p2: theimoutobuster|move: Light Screen\n|move|p1a: Skeledirge|Torch Song|p2b: Overqwil\n|-damage|p2b: Overqwil|21/100\n|-boost|p1a: Skeledirge|spa|2\n|cant|p2b: Overqwil|flinch\n|\n|-heal|p2b: Overqwil|28/100|[from] item: Leftovers\n|upkeep\n|turn|5\n|c|☆theimoutobuster|i like the minimize version of the team\n|c|☆theimoutobuster|holy moly this hurts\n|\n|t:|1788379807\n|move|p1b: Incineroar|Parting Shot|p2a: Grimmsnarl\n|-unboost|p2a: Grimmsnarl|atk|1\n|-unboost|p2a: Grimmsnarl|spa|1\n|\n|t:|1788379810\n|switch|p1b: Raichu|Raichu, L50, F|100/100|[from] Parting Shot\n|move|p1a: Skeledirge|Torch Song|p2b: Overqwil|[miss]\n|-miss|p1a: Skeledirge|p2b: Overqwil\n|move|p2a: Grimmsnarl|Spirit Break|p1a: Skeledirge\n|-resisted|p1a: Skeledirge|1\n|-crit|p1a: Skeledirge\n|-damage|p1a: Skeledirge|85/100\n|-unboost|p1a: Skeledirge|spa|2\n|move|p2b: Overqwil|Stockpile|p2b: Overqwil\n|-start|p2b: Overqwil|stockpile1\n|-boost|p2b: Overqwil|def|2\n|-boost|p2b: Overqwil|spd|2\n|\n|-heal|p1a: Skeledirge|91/100|[from] item: Leftovers\n|-heal|p2b: Overqwil|34/100|[from] item: Leftovers\n|-fieldend|move: Trick Room\n|upkeep\n|turn|6\n|c|☆theimoutobuster|oh this is like really bad for me\n|c|☆florianlangs|yeah haha\n|\n|t:|1788379834\n|detailschange|p1b: Raichu|Raichu-Mega-Y, L50, F\n|-mega|p1b: Raichu|Raichu|Raichunite Y\n|move|p1b: Raichu|Protect|p1b: Raichu\n|-singleturn|p1b: Raichu|Protect\n|move|p2a: Grimmsnarl|Parting Shot|p1b: Raichu\n|-activate|p1b: Raichu|move: Protect\n|move|p2b: Overqwil|Stockpile|p2b: Overqwil\n|-start|p2b: Overqwil|stockpile2\n|-boost|p2b: Overqwil|def|2\n|-boost|p2b: Overqwil|spd|2\n|move|p1a: Skeledirge|Torch Song|p2a: Grimmsnarl\n|-damage|p2a: Grimmsnarl|68/100\n|-boost|p1a: Skeledirge|spa|2\n|\n|-heal|p2b: Overqwil|40/100|[from] item: Leftovers\n|-heal|p1a: Skeledirge|98/100|[from] item: Leftovers\n|upkeep\n|turn|7\n|\n|t:|1788379852\n|move|p2a: Grimmsnarl|Parting Shot|p1b: Raichu\n|-unboost|p1b: Raichu|atk|1\n|-unboost|p1b: Raichu|spa|1\n|\n|t:|1788379856\n|switch|p2a: Audino|Audino, L50, F|100/100|[from] Parting Shot\n|move|p1b: Raichu|Zap Cannon|p2b: Overqwil\n|-damage|p2b: Overqwil|29/100\n|-status|p2b: Overqwil|par\n|move|p1a: Skeledirge|Torch Song|p2a: Audino\n|-damage|p2a: Audino|42/100\n|-boost|p1a: Skeledirge|spa|2\n|move|p2b: Overqwil|Stockpile|p2b: Overqwil\n|-start|p2b: Overqwil|stockpile3\n|-boost|p2b: Overqwil|def|2\n|-boost|p2b: Overqwil|spd|2\n|\n|-heal|p1a: Skeledirge|100/100|[from] item: Leftovers\n|-activate|p2a: Audino|ability: Healer\n|-curestatus|p2b: Overqwil|par|[msg]\n|-heal|p2b: Overqwil|35/100|[from] item: Leftovers\n|upkeep\n|turn|8\n|c|☆florianlangs|HEALER DID SOMETHING?\n|inactive|florianlangs has 30 seconds left.\n|c|☆theimoutobuster|healer always does something\n|inactive|florianlangs has 20 seconds left.\n|c|☆theimoutobuster|i get saved from so many burns haha\n|\n|t:|1788379893\n|move|p1b: Raichu|Zap Cannon|p2b: Overqwil\n|-damage|p2b: Overqwil|27/100\n|-status|p2b: Overqwil|par\n|move|p1a: Skeledirge|Torch Song|p2a: Audino\n|-damage|p2a: Audino|0 fnt\n|faint|p2a: Audino\n|move|p2b: Overqwil|Minimize|p2b: Overqwil\n|-boost|p2b: Overqwil|evasion|2\n|\n|-heal|p2b: Overqwil|33/100 par|[from] item: Leftovers\n|upkeep\n|c|☆theimoutobuster|wait i swear i pressed protect\n|c|☆theimoutobuster|whoops\n|c|☆florianlangs|whats the attacking move\n|\n|t:|1788379909\n|switch|p2a: Grimmsnarl|Grimmsnarl, L50, M|68/100\n|turn|9\n|c|☆florianlangs|throat chop or something?\n|c|☆theimoutobuster|yeah\n|c|☆theimoutobuster|throat chop to beat roar\n|c|☆theimoutobuster|and stops sylveon hyper voice\n|c|☆florianlangs|shh\n|c|☆florianlangs|ahh\n|inactive|theimoutobuster has 30 seconds left.\n|\n|t:|1788379940\n|move|p2a: Grimmsnarl|Fake Out|p1b: Raichu\n|-damage|p1b: Raichu|77/100\n|cant|p1b: Raichu|flinch\n|move|p1a: Skeledirge|Torch Song|p2a: Grimmsnarl\n|-damage|p2a: Grimmsnarl|6/100\n|move|p2b: Overqwil|Swords Dance|p2b: Overqwil\n|-boost|p2b: Overqwil|atk|4\n|\n|-heal|p2b: Overqwil|39/100 par|[from] item: Leftovers\n|upkeep\n|turn|10\n|c|☆florianlangs|yeah i used to run roar on my incin\n|\n|t:|1788379964\n|move|p1b: Raichu|Volt Switch|p2b: Overqwil\n|-damage|p2b: Overqwil|33/100 par\n|\n|t:|1788379967\n|switch|p1b: Incineroar|Incineroar, L50, M, shiny|92/100|[from] Volt Switch\n|-ability|p1b: Incineroar|Intimidate|boost\n|-unboost|p2a: Grimmsnarl|atk|1\n|-unboost|p2b: Overqwil|atk|2\n|move|p2a: Grimmsnarl|Spirit Break|p1b: Incineroar\n|-damage|p1b: Incineroar|71/100\n|-unboost|p1b: Incineroar|spa|1\n|move|p1a: Skeledirge|Torch Song|p2a: Grimmsnarl\n|-damage|p2a: Grimmsnarl|0 fnt\n|faint|p2a: Grimmsnarl\n|move|p2b: Overqwil|Swords Dance|p2b: Overqwil\n|-boost|p2b: Overqwil|atk|4\n|\n|-heal|p2b: Overqwil|40/100 par|[from] item: Leftovers\n|upkeep\n|\n|t:|1788379977\n|switch|p2a: Sableye|Sableye, L50, F|100/100\n|turn|11\n|\n|t:|1788379992\n|move|p1b: Incineroar|Fake Out|p2b: Overqwil\n|-crit|p2b: Overqwil\n|-damage|p2b: Overqwil|23/100 par\n|move|p2a: Sableye|Psych Up|p2b: Overqwil\n|-copyboost|p2a: Sableye|p2b: Overqwil|[from] move: Psych Up\n|move|p1a: Skeledirge|Torch Song|p2a: Sableye\n|-damage|p2a: Sableye|68/100\n|cant|p2b: Overqwil|flinch\n|\n|-heal|p2b: Overqwil|29/100 par|[from] item: Leftovers\n|-sideend|p2: theimoutobuster|move: Light Screen\n|upkeep\n|turn|12\n|c|☆florianlangs|THAT WAS MY CRIT REALLY\n|c|☆theimoutobuster|lets go gambling\n|inactive|theimoutobuster has 30 seconds left.\n|\n|t:|1788380019\n|move|p1a: Skeledirge|Torch Song|p2a: Sableye\n|-damage|p2a: Sableye|21/100\n|move|p1b: Incineroar|Darkest Lariat|p2a: Sableye\n|-damage|p2a: Sableye|0 fnt\n|faint|p2a: Sableye\n|move|p2b: Overqwil|Throat Chop|p1a: Skeledirge\n|-supereffective|p1a: Skeledirge|1\n|-damage|p1a: Skeledirge|0 fnt\n|faint|p1a: Skeledirge\n|\n|-heal|p2b: Overqwil|35/100 par|[from] item: Leftovers\n|upkeep\n|c|☆theimoutobuster|wtf\n|c|☆theimoutobuster|mercy\n|\n|t:|1788380035\n|switch|p1a: Raichu|Raichu-Mega-Y, L50, F|77/100\n|turn|13\n|\n|t:|1788380045\n|move|p1a: Raichu|Zap Cannon|p2b: Overqwil\n|-damage|p2b: Overqwil|17/100 par\n|move|p1b: Incineroar|Darkest Lariat|p2b: Overqwil\n|-resisted|p2b: Overqwil|1\n|-damage|p2b: Overqwil|0 fnt\n|faint|p2b: Overqwil\n|\n|win|florianlangs\n|raw|florianlangs's rating: 1368 &rarr; <strong>1391</strong><br />(+23 for winning)\n|raw|theimoutobuster's rating: 1414 &rarr; <strong>1391</strong><br />(-23 for losing)\n|c|☆theimoutobuster|aw dangit\n|c|☆theimoutobuster|gg\n|c|☆florianlangs|oh yeah i have darkest lariat lol\n|c|☆florianlangs|gg\n|c|☆theimoutobuster|yeah tghats fine\n|c|☆theimoutobuster|nah hitting hte sableeye\n|c|☆theimoutobuster|with the torch song did it haha\n|c|☆theimoutobuster|I had recover\n|c|☆florianlangs|and my incin is max attack\n|c|☆theimoutobuster|my sableeye is max def\n|c|☆florianlangs|thats crazy\n|c|☆florianlangs|what moves does it have\n|c|☆theimoutobuster|it didnt get to eat its berry i think\n|c|☆theimoutobuster|or this version might not have the sitrus\n|c|☆theimoutobuster|i dont remember hehe\n|c|☆florianlangs|psych up recover\n|c|☆theimoutobuster|yeah\n|c|☆theimoutobuster|will o wisp\n|c|☆theimoutobuster|and throat chop\n|c|☆florianlangs|double trhoat chop is crazy\n|c|☆theimoutobuster|the version I got to MB1 on champions\n|c|☆theimoutobuster|has 4 attacking moves on the entire team\n|c|☆theimoutobuster|oh wait\n|c|☆theimoutobuster|5\n|c|☆theimoutobuster|theres 2 fake outs\n|c|☆florianlangs|i mean i guess dark doesnt get completely walled by anything\n|c|☆theimoutobuster|and 3 throat chops\n|c|☆theimoutobuster|yeah\n|c|☆theimoutobuster|at +6\n|c|☆theimoutobuster|youre supposed to eventually hit through everything\n|c|☆theimoutobuster|except max def staraptor\n|c|☆theimoutobuster|with roost\n|c|☆theimoutobuster|xd\n|c|☆theimoutobuster|anyhow gg\n|c|☆florianlangs|i was kind of suprised how little my raichu did\n|c|☆theimoutobuster|might try the skeledirge\n|c|☆florianlangs|gg\n|c|☆theimoutobuster|well it was at\n|c|☆theimoutobuster|-1?\n|c|☆florianlangs|try chimecho\n|c|☆theimoutobuster|with the light screen\n|c|☆florianlangs|honestly its so much fun\n|c|☆theimoutobuster|I dont like the typing on chimecho\n|c|☆theimoutobuster|ive thought about it though\n|c|☆theimoutobuster|getting obliterated by gambit\n|c|☆florianlangs|yeah sadly kingambit is everywhere\n|c|☆florianlangs|i hate that fucker with a passion\n|c|☆theimoutobuster|yeah my team is designed to fuck gambit up\n|c|☆theimoutobuster|i dont even run\n|c|☆theimoutobuster|intimidate\n|c|☆theimoutobuster|on the overqwil\n|c|☆theimoutobuster|even though its better against gambit\n|c|☆theimoutobuster|too much milotic, raptor and gambit\n|c|☆florianlangs|kowtow ignores eva right?\n|c|☆theimoutobuster|yeah but its dark\n|c|☆theimoutobuster|and overqwil is dark\n|c|☆theimoutobuster|so you resist\n|c|☆theimoutobuster|at +4 (2 stockpiles)\n|c|☆florianlangs|so do you spam stockpile first?\n|c|☆theimoutobuster|its doing only like 5%?\n|c|☆florianlangs|against gambit\n|c|☆theimoutobuster|depends\n|c|☆theimoutobuster|if I see they go for iron head\n|c|☆theimoutobuster|its minimze first\n","uploadtime":1788380313,"views":"1","formatid":"gen9championsvgc2026regmb","rating":1391,"private":0,"password":null}