{"id":"gen9championsvgc2026regmb-2674972358","format":"[Gen 9 Champions] VGC 2026 Reg M-B","players":["ScraggyFan","pikapip1010"],"log":"|j|‽ScraggyFan\n|j|☆pikapip1010\n|t:|1788443792\n|gametype|doubles\n|player|p1|ScraggyFan|170|1533\n|player|p2|pikapip1010|102|1579\n|gen|9\n|tier|[Gen 9 Champions] VGC 2026 Reg M-B\n|rated|\n|rule|Species Clause: Limit one of each Pokémon\n|rule|Item Clause: Limit 1 of each item\n|clearpoke\n|poke|p1|Archaludon, L50, M|\n|poke|p1|Dragonite, L50, F|\n|poke|p1|Sinistcha, L50|\n|poke|p1|Politoed, L50, F|\n|poke|p1|Sableye, L50, F, shiny|\n|poke|p1|Venusaur, L50, F|\n|poke|p2|Gengar, L50, F, shiny|\n|poke|p2|Archaludon, L50, F, shiny|\n|poke|p2|Politoed, L50, F, shiny|\n|poke|p2|Swampert, L50, M, shiny|\n|poke|p2|Vivillon, L50, M|\n|poke|p2|Incineroar, L50, M|\n|teampreview|4\n|inactive|Battle timer is ON: inactive players will automatically lose when time's up. (requested by ScraggyFan)\n|inactive|pikapip1010 has 60 seconds left.\n|\n|t:|1788443834\n|teamsize|p1|4\n|teamsize|p2|4\n|start\n|switch|p1a: Venusaur|Venusaur, L50, F|100/100\n|switch|p1b: Politoed|Politoed, L50, F|100/100\n|switch|p2a: Gengar|Gengar, L50, F, shiny|100/100\n|switch|p2b: Vivillon|Vivillon, L50, M|100/100\n|-weather|RainDance|[from] ability: Drizzle|[of] p1b: Politoed\n|turn|1\n|\n|t:|1788443847\n|detailschange|p1a: Venusaur|Venusaur-Mega, L50, F\n|-mega|p1a: Venusaur|Venusaur|Venusaurite\n|detailschange|p2a: Gengar|Gengar-Mega, L50, F, shiny\n|-mega|p2a: Gengar|Gengar|Gengarite\n|move|p2a: Gengar|Sludge Bomb|p1a: Venusaur\n|-damage|p1a: Venusaur|47/100\n|move|p2b: Vivillon|Hurricane|p1a: Venusaur\n|-supereffective|p1a: Venusaur|1\n|-damage|p1a: Venusaur|0 fnt\n|faint|p1a: Venusaur\n|move|p1b: Politoed|Muddy Water|p2a: Gengar|[spread] p2a,p2b\n|-damage|p2a: Gengar|50/100g\n|-enditem|p2b: Vivillon|Focus Sash\n|-damage|p2b: Vivillon|1/100\n|\n|-weather|RainDance|[upkeep]\n|upkeep\n|\n|t:|1788443861\n|switch|p1a: Archaludon|Archaludon, L50, M|100/100\n|turn|2\n|\n|t:|1788443877\n|move|p2a: Gengar|Perish Song|p2a: Gengar\n|-start|p1a: Archaludon|perish3|[silent]\n|-start|p1b: Politoed|perish3|[silent]\n|-start|p2a: Gengar|perish3|[silent]\n|-start|p2b: Vivillon|perish3|[silent]\n|-fieldactivate|move: Perish Song\n|move|p2b: Vivillon|Sleep Powder|p1a: Archaludon\n|-status|p1a: Archaludon|slp|[from] move: Sleep Powder\n|cant|p1a: Archaludon|slp\n|move|p1b: Politoed|Weather Ball|p2a: Gengar\n|-damage|p2a: Gengar|0 fnt\n|faint|p2a: Gengar\n|\n|-weather|RainDance|[upkeep]\n|-start|p2b: Vivillon|perish3\n|-start|p1a: Archaludon|perish3\n|-start|p1b: Politoed|perish3\n|upkeep\n|\n|t:|1788443886\n|switch|p2a: Archaludon|Archaludon, L50, F, shiny|100/100\n|turn|3\n|\n|t:|1788443892\n|move|p1b: Politoed|Protect|p1b: Politoed\n|-singleturn|p1b: Politoed|Protect\n|move|p2b: Vivillon|Sleep Powder|p1b: Politoed\n|-activate|p1b: Politoed|move: Protect\n|cant|p1a: Archaludon|slp\n|move|p2a: Archaludon|Electro Shot||[still]\n|-prepare|p2a: Archaludon|Electro Shot\n|-boost|p2a: Archaludon|spa|1\n|-anim|p2a: Archaludon|Electro Shot|p1b: Politoed\n|-activate|p1b: Politoed|move: Protect\n|\n|-weather|RainDance|[upkeep]\n|-start|p2b: Vivillon|perish2\n|-start|p1a: Archaludon|perish2\n|-start|p1b: Politoed|perish2\n|upkeep\n|turn|4\n|\n|t:|1788443907\n|switch|p1b: Sinistcha|Sinistcha, L50|100/100\n|move|p2b: Vivillon|Hurricane|p1b: Sinistcha\n|-supereffective|p1b: Sinistcha|1\n|-damage|p1b: Sinistcha|15/100\n|-enditem|p1b: Sinistcha|Sitrus Berry|[eat]\n|-heal|p1b: Sinistcha|40/100|[from] item: Sitrus Berry\n|-curestatus|p1a: Archaludon|slp|[msg]\n|move|p1a: Archaludon|Electro Shot||[still]\n|-prepare|p1a: Archaludon|Electro Shot\n|-boost|p1a: Archaludon|spa|1\n|-anim|p1a: Archaludon|Electro Shot|p2b: Vivillon\n|-supereffective|p2b: Vivillon|1\n|-damage|p2b: Vivillon|0 fnt\n|faint|p2b: Vivillon\n|move|p2a: Archaludon|Electro Shot||[still]\n|-prepare|p2a: Archaludon|Electro Shot\n|-boost|p2a: Archaludon|spa|1\n|-anim|p2a: Archaludon|Electro Shot|p1b: Sinistcha\n|-resisted|p1b: Sinistcha|1\n|-damage|p1b: Sinistcha|9/100\n|\n|-weather|RainDance|[upkeep]\n|-start|p1a: Archaludon|perish1\n|upkeep\n|\n|t:|1788443927\n|switch|p2b: Incineroar|Incineroar, L50, M|100/100\n|-ability|p2b: Incineroar|Intimidate|boost\n|-unboost|p1a: Archaludon|atk|1\n|-unboost|p1b: Sinistcha|atk|1\n|turn|5\n|\n|t:|1788443936\n|switch|p1a: Politoed|Politoed, L50, F|100/100\n|move|p1b: Sinistcha|Protect|p1b: Sinistcha\n|-singleturn|p1b: Sinistcha|Protect\n|move|p2a: Archaludon|Electro Shot||[still]\n|-prepare|p2a: Archaludon|Electro Shot\n|-boost|p2a: Archaludon|spa|1\n|-anim|p2a: Archaludon|Electro Shot|p1a: Politoed\n|-supereffective|p1a: Politoed|1\n|-damage|p1a: Politoed|0 fnt\n|faint|p1a: Politoed\n|move|p2b: Incineroar|Parting Shot|p1b: Sinistcha\n|-activate|p1b: Sinistcha|move: Protect\n|\n|-weather|none\n|upkeep\n|\n|t:|1788443946\n|switch|p1a: Archaludon|Archaludon, L50, M|100/100\n|turn|6\n|\n|t:|1788443959\n|move|p1b: Sinistcha|Rage Powder|p1b: Sinistcha\n|-singleturn|p1b: Sinistcha|move: Rage Powder\n|move|p1a: Archaludon|Dragon Pulse|p2a: Archaludon\n|-damage|p2a: Archaludon|62/100\n|-ability|p2a: Archaludon|Stamina|boost\n|-boost|p2a: Archaludon|def|1\n|move|p2a: Archaludon|Dragon Pulse|p1b: Sinistcha\n|-damage|p1b: Sinistcha|0 fnt\n|faint|p1b: Sinistcha\n|move|p2b: Incineroar|Parting Shot|p1a: Archaludon\n|-unboost|p1a: Archaludon|atk|1\n|-unboost|p1a: Archaludon|spa|1\n|\n|-heal|p2a: Archaludon|69/100|[from] item: Leftovers\n|upkeep\n|turn|7\n|-message|ScraggyFan forfeited.\n|\n|win|pikapip1010\n|raw|ScraggyFan's rating: 1533 &rarr; <strong>1516</strong><br />(-17 for losing)\n|raw|pikapip1010's rating: 1579 &rarr; <strong>1596</strong><br />(+17 for winning)\n","uploadtime":1788443967,"views":"0","formatid":"gen9championsvgc2026regmb","rating":1516,"private":0,"password":null}