{"id":"gen9championsvgc2026regmbbo3-2673518943","format":"[Gen 9 Champions] VGC 2026 Reg M-B (Bo3)","players":["tayluhautumn","mls2395"],"log":"|j|☆tayluhautumn\n|j|☆mls2395\n|html|<table width=\"100%\"><tr><td align=\"left\">tayluhautumn</td><td align=\"right\">mls2395</tr><tr><td align=\"left\"><i class=\"fa fa-circle-o\"></i> <i class=\"fa fa-circle-o\"></i> </td><td align=\"right\"><i class=\"fa fa-circle-o\"></i> <i class=\"fa fa-circle-o\"></i> </tr></table>\n|uhtml|bestof|<h2><strong>Game 1</strong> of <a href=\"/game-bestof3-gen9championsvgc2026regmbbo3-2673518941\">a best-of-3</a></h2>\n|t:|1788207667\n|gametype|doubles\n|player|p1|tayluhautumn|170|1085\n|player|p2|mls2395|102|1108\n|gen|9\n|tier|[Gen 9 Champions] VGC 2026 Reg M-B (Bo3)\n|rated|\n|rule|Species Clause: Limit one of each Pokémon\n|rule|Item Clause: Limit 1 of each item\n|clearpoke\n|poke|p1|Sinistcha, L50|\n|poke|p1|Tyranitar, L50, F|\n|poke|p1|Steelix, L50, M|\n|poke|p1|Hippowdon, L50, F|\n|poke|p1|Metagross, L50|\n|poke|p1|Whimsicott, L50, M|\n|poke|p2|Incineroar, L50, F|\n|poke|p2|Samurott-Hisui, L50, M|\n|poke|p2|Sinistcha, L50|\n|poke|p2|Sneasler, L50, M|\n|poke|p2|Floette-Eternal, L50, F|\n|poke|p2|Delphox, L50, M|\n|teampreview|4\n|showteam|p1|Sinistcha||Leftovers|Hospitality|Protect,MatchaGotcha,ShadowBall,RagePowder|Bold|||||50|]Tyranitar||ExpertBelt|SandStream|Protect,RockSlide,Crunch,Earthquake|Adamant||F|||50|]Steelix||Steelixite|RockHead|Protect,IronHead,RockSlide,BodyPress|Adamant||M|||50|]Hippowdon||LifeOrb|SandStream|Protect,StoneEdge,IronHead,BodySlam|Adamant||F|||50|]Metagross||Metagrossite|ClearBody|Protect,BulletPunch,PsychoCut,Trailblaze|Jolly|||||50|]Whimsicott||SitrusBerry|Prankster|Protect,HelpingHand,Tailwind,Moonblast|Bold||M|||50|\n|showteam|p2|Incineroar||SitrusBerry|Intimidate|FakeOut,FlareBlitz,DarkestLariat,PartingShot|Careful||F|||50|]Samurott-Hisui||ChoiceScarf|Sharpness|RazorShell,NightSlash,SacredSword,FlipTurn|Jolly||M|||50|]Sinistcha||OccaBerry|Hospitality|MatchaGotcha,LifeDew,RagePowder,Protect|Relaxed|||||50|]Sneasler||FocusSash|PoisonTouch|FakeOut,CloseCombat,PoisonJab,RockSlide|Jolly||M|||50|]Floette-Eternal||Floettite|FlowerVeil|Moonblast,DazzlingGleam,CalmMind,Protect|Modest||F|||50|]Delphox||Delphoxite|Blaze|Psychic,HeatWave,NastyPlot,Protect|Timid||M|||50|\n|c|☆tayluhautumn|glhf\n|c|☆mls2395|glhf\n|j| dondiri\n|\n|t:|1788207741\n|teamsize|p1|4\n|teamsize|p2|4\n|start\n|switch|p1a: Tyranitar|Tyranitar, L50, F|100/100\n|switch|p1b: Metagross|Metagross, L50|100/100\n|switch|p2a: Samurott|Samurott-Hisui, L50, M|100/100\n|switch|p2b: Incineroar|Incineroar, L50, F|100/100\n|-weather|Sandstorm|[from] ability: Sand Stream|[of] p1a: Tyranitar\n|-ability|p2b: Incineroar|Intimidate|boost\n|-unboost|p1a: Tyranitar|atk|1\n|-fail|p1b: Metagross|unboost|[from] ability: Clear Body|[of] p1b: Metagross\n|turn|1\n|\n|t:|1788207773\n|move|p2a: Samurott|Sacred Sword|p1a: Tyranitar\n|-supereffective|p1a: Tyranitar|2\n|-damage|p1a: Tyranitar|0 fnt\n|faint|p1a: Tyranitar\n|move|p1b: Metagross|Trailblaze|p2a: Samurott\n|-supereffective|p2a: Samurott|1\n|-damage|p2a: Samurott|54/100\n|-boost|p1b: Metagross|spe|1\n|move|p2b: Incineroar|Flare Blitz|p1b: Metagross\n|-supereffective|p1b: Metagross|1\n|-damage|p1b: Metagross|15/100\n|-damage|p2b: Incineroar|78/100|[from] Recoil\n|\n|-weather|Sandstorm|[upkeep]\n|-damage|p2a: Samurott|48/100|[from] Sandstorm\n|-damage|p2b: Incineroar|72/100|[from] Sandstorm\n|upkeep\n|\n|t:|1788207789\n|switch|p1a: Sinistcha|Sinistcha, L50|100/100\n|-heal|p1b: Metagross|40/100|[from] ability: Hospitality|[of] p1a: Sinistcha\n|turn|2\n|\n|t:|1788207802\n|switch|p2a: Delphox|Delphox, L50, M|100/100\n|move|p1b: Metagross|Protect|p1b: Metagross\n|-singleturn|p1b: Metagross|Protect\n|move|p1a: Sinistcha|Matcha Gotcha|p2b: Incineroar|[spread] p2a,p2b\n|-resisted|p2a: Delphox|1\n|-resisted|p2b: Incineroar|1\n|-damage|p2a: Delphox|86/100\n|-damage|p2b: Incineroar|63/100\n|move|p2b: Incineroar|Flare Blitz|p1a: Sinistcha\n|-supereffective|p1a: Sinistcha|1\n|-damage|p1a: Sinistcha|39/100\n|-damage|p2b: Incineroar|45/100|[from] Recoil\n|-enditem|p2b: Incineroar|Sitrus Berry|[eat]\n|-heal|p2b: Incineroar|70/100|[from] item: Sitrus Berry\n|\n|-weather|Sandstorm|[upkeep]\n|-damage|p2a: Delphox|80/100|[from] Sandstorm\n|-damage|p1a: Sinistcha|33/100|[from] Sandstorm\n|-damage|p2b: Incineroar|64/100|[from] Sandstorm\n|-heal|p1a: Sinistcha|39/100|[from] item: Leftovers\n|upkeep\n|turn|3\n|l| dondiri\n|\n|t:|1788207843\n|switch|p1b: Steelix|Steelix, L50, M|100/100\n|detailschange|p2a: Delphox|Delphox-Mega, L50, M\n|-mega|p2a: Delphox|Delphox|Delphoxite\n|move|p2a: Delphox|Heat Wave|p1a: Sinistcha|[spread] p1a\n|-miss|p2a: Delphox|p1b: Steelix\n|-supereffective|p1a: Sinistcha|1\n|-damage|p1a: Sinistcha|0 fnt\n|faint|p1a: Sinistcha\n|move|p2b: Incineroar|Darkest Lariat|p1b: Steelix\n|-damage|p1b: Steelix|80/100\n|\n|-weather|Sandstorm|[upkeep]\n|-damage|p2a: Delphox|74/100|[from] Sandstorm\n|-damage|p2b: Incineroar|58/100|[from] Sandstorm\n|upkeep\n|\n|t:|1788207855\n|switch|p1a: Metagross|Metagross, L50|40/100\n|turn|4\n|\n|t:|1788207871\n|switch|p2b: Samurott|Samurott-Hisui, L50, M|48/100\n|detailschange|p1b: Steelix|Steelix-Mega, L50, M\n|-mega|p1b: Steelix|Steelix|Steelixite\n|move|p2a: Delphox|Protect|p2a: Delphox\n|-singleturn|p2a: Delphox|Protect\n|move|p1a: Metagross|Bullet Punch|p2a: Delphox\n|-activate|p2a: Delphox|move: Protect\n|move|p1b: Steelix|Rock Slide|p2b: Samurott|[spread] p2b\n|-activate|p2a: Delphox|move: Protect\n|-damage|p2b: Samurott|15/100\n|\n|-weather|Sandstorm|[upkeep]\n|-damage|p2b: Samurott|9/100|[from] Sandstorm\n|-damage|p2a: Delphox|68/100|[from] Sandstorm\n|upkeep\n|turn|5\n|\n|t:|1788207907\n|switch|p2a: Incineroar|Incineroar, L50, F|58/100\n|-ability|p2a: Incineroar|Intimidate|boost\n|-fail|p1a: Metagross|unboost|[from] ability: Clear Body|[of] p1a: Metagross\n|-unboost|p1b: Steelix|atk|1\n|move|p1b: Steelix|Protect|p1b: Steelix\n|-singleturn|p1b: Steelix|Protect\n|move|p1a: Metagross|Bullet Punch|p2b: Samurott\n|-resisted|p2b: Samurott|1\n|-damage|p2b: Samurott|0 fnt\n|faint|p2b: Samurott\n|\n|-weather|none\n|upkeep\n|\n|t:|1788207919\n|switch|p2b: Delphox|Delphox-Mega, L50, M|68/100\n|turn|6\n|\n|t:|1788207958\n|move|p2a: Incineroar|Fake Out|p1a: Metagross\n|-resisted|p1a: Metagross|1\n|-damage|p1a: Metagross|36/100\n|cant|p1a: Metagross|flinch\n|move|p2b: Delphox|Heat Wave|p1b: Steelix|[spread] p1a,p1b\n|-supereffective|p1a: Metagross|1\n|-supereffective|p1b: Steelix|1\n|-damage|p1a: Metagross|0 fnt\n|-damage|p1b: Steelix|0 fnt\n|faint|p1a: Metagross\n|faint|p1b: Steelix\n|\n|win|mls2395\n||tayluhautumn is ready for game 2.\n","uploadtime":1788207968,"views":"13","formatid":"gen9championsvgc2026regmbbo3","rating":null,"private":0,"password":null}