{"id":"gen9championsvgc2026regmb-2673970534","format":"[Gen 9 Champions] VGC 2026 Reg M-B","players":["MilkTeaWayGalaxy","Mojoe93"],"log":"|j|☆MilkTeaWayGalaxy\n|j|☆Mojoe93\n|t:|1788283236\n|gametype|doubles\n|player|p1|MilkTeaWayGalaxy|rosa-pokestar3|1669\n|player|p2|Mojoe93|170|1592\n|gen|9\n|tier|[Gen 9 Champions] VGC 2026 Reg M-B\n|rated|\n|rule|Species Clause: Limit one of each Pokémon\n|rule|Item Clause: Limit 1 of each item\n|clearpoke\n|poke|p1|Sableye, L50, M|\n|poke|p1|Archaludon, L50, F|\n|poke|p1|Pelipper, L50, M|\n|poke|p1|Maushold, L50|\n|poke|p1|Swampert, L50, F|\n|poke|p1|Sinistcha, L50|\n|poke|p2|Whimsicott, L50, F|\n|poke|p2|Staraptor, L50, F|\n|poke|p2|Gholdengo, L50|\n|poke|p2|Rotom-Wash, L50|\n|poke|p2|Raichu, L50, F|\n|poke|p2|Garchomp, L50, M|\n|teampreview|4\n|inactive|Battle timer is ON: inactive players will automatically lose when time's up. (requested by Mojoe93)\n|\n|t:|1788283259\n|teamsize|p1|4\n|teamsize|p2|4\n|start\n|switch|p1a: Sableye|Sableye, L50, M|100/100\n|switch|p1b: Maushold|Maushold, L50|100/100\n|switch|p2a: Staraptor|Staraptor, L50, F|100/100\n|switch|p2b: Whimsicott|Whimsicott, L50, F|100/100\n|-ability|p2a: Staraptor|Intimidate|boost\n|-unboost|p1a: Sableye|atk|1\n|-unboost|p1b: Maushold|atk|1\n|turn|1\n|inactive|Mojoe93 has 30 seconds left.\n|inactive|MilkTeaWayGalaxy has 30 seconds left.\n|\n|t:|1788283296\n|switch|p1b: Sinistcha|Sinistcha, L50|100/100\n|switch|p2a: Rotom|Rotom-Wash, L50|100/100\n|move|p1a: Sableye|Light Screen|p1a: Sableye\n|-sidestart|p1: MilkTeaWayGalaxy|move: Light Screen\n|move|p2b: Whimsicott|Moonblast|p1a: Sableye\n|-supereffective|p1a: Sableye|1\n|-damage|p1a: Sableye|53/100\n|\n|upkeep\n|turn|2\n|\n|t:|1788283319\n|switch|p1a: Swampert|Swampert, L50, F|100/100\n|move|p2b: Whimsicott|Moonblast|p1a: Swampert\n|-damage|p1a: Swampert|80/100\n|move|p2a: Rotom|Light Screen|p2a: Rotom\n|-sidestart|p2: Mojoe93|move: Light Screen\n|move|p1b: Sinistcha|Matcha Gotcha|p2b: Whimsicott|[spread] p2a,p2b\n|-supereffective|p2a: Rotom|1\n|-resisted|p2b: Whimsicott|1\n|-damage|p2a: Rotom|71/100\n|-damage|p2b: Whimsicott|89/100\n|\n|upkeep\n|turn|3\n|\n|t:|1788283340\n|move|p1a: Swampert|Protect|p1a: Swampert\n|-singleturn|p1a: Swampert|Protect\n|move|p2b: Whimsicott|Charm|p1a: Swampert\n|-activate|p1a: Swampert|move: Protect\n|move|p2a: Rotom|Will-O-Wisp|p1a: Swampert\n|-activate|p1a: Swampert|move: Protect\n|move|p1b: Sinistcha|Matcha Gotcha|p2b: Whimsicott|[spread] p2a,p2b\n|-supereffective|p2a: Rotom|1\n|-resisted|p2b: Whimsicott|1\n|-damage|p2a: Rotom|40/100\n|-damage|p2b: Whimsicott|79/100\n|\n|upkeep\n|turn|4\n|\n|t:|1788283365\n|switch|p1a: Sableye|Sableye, L50, M|53/100\n|move|p2b: Whimsicott|Tailwind|p2b: Whimsicott\n|-sidestart|p2: Mojoe93|move: Tailwind\n|move|p2a: Rotom|Will-O-Wisp|p1a: Sableye\n|-status|p1a: Sableye|brn\n|move|p1b: Sinistcha|Life Dew||[still]|[spread] p1a,p1b\n|-heal|p1a: Sableye|78/100 brn\n|-fail|p1b: Sinistcha|heal\n|\n|-damage|p1a: Sableye|72/100 brn|[from] brn\n|upkeep\n|turn|5\n|\n|t:|1788283384\n|move|p1a: Sableye|Reflect|p1a: Sableye\n|-sidestart|p1: MilkTeaWayGalaxy|Reflect\n|move|p2b: Whimsicott|Moonblast|p1a: Sableye\n|-supereffective|p1a: Sableye|1\n|-damage|p1a: Sableye|31/100 brn\n|move|p2a: Rotom|Thunderbolt|p1a: Sableye\n|-damage|p1a: Sableye|3/100 brn\n|move|p1b: Sinistcha|Matcha Gotcha|p2b: Whimsicott|[spread] p2a,p2b\n|-supereffective|p2a: Rotom|1\n|-resisted|p2b: Whimsicott|1\n|-damage|p2a: Rotom|9/100\n|-damage|p2b: Whimsicott|68/100\n|\n|-damage|p1a: Sableye|0 fnt|[from] brn\n|faint|p1a: Sableye\n|upkeep\n|\n|t:|1788283408\n|switch|p1a: Maushold|Maushold, L50|100/100\n|turn|6\n|\n|t:|1788283419\n|switch|p2b: Garchomp|Garchomp, L50, M|100/100\n|move|p1a: Maushold|Protect|p1a: Maushold\n|-singleturn|p1a: Maushold|Protect\n|move|p2a: Rotom|Thunderbolt|p1a: Maushold\n|-activate|p1a: Maushold|move: Protect\n|move|p1b: Sinistcha|Matcha Gotcha|p2b: Garchomp|[spread] p2a,p2b\n|-supereffective|p2a: Rotom|1\n|-damage|p2a: Rotom|0 fnt\n|-damage|p2b: Garchomp|83/100\n|faint|p2a: Rotom\n|\n|-sideend|p2: Mojoe93|move: Light Screen\n|upkeep\n|\n|t:|1788283441\n|switch|p2a: Staraptor|Staraptor, L50, F|100/100\n|-ability|p2a: Staraptor|Intimidate|boost\n|-unboost|p1a: Maushold|atk|1\n|-unboost|p1b: Sinistcha|atk|1\n|turn|7\n|\n|t:|1788283466\n|detailschange|p2a: Staraptor|Staraptor-Mega, L50, F\n|-mega|p2a: Staraptor|Staraptor|Staraptite\n|move|p1b: Sinistcha|Rage Powder|p1b: Sinistcha\n|-singleturn|p1b: Sinistcha|move: Rage Powder\n|move|p2a: Staraptor|Close Combat|p1b: Sinistcha\n|-immune|p1b: Sinistcha\n|move|p2b: Garchomp|Rock Slide|p1b: Sinistcha|[spread] p1a,p1b\n|-damage|p1a: Maushold|80/100\n|-damage|p1b: Sinistcha|89/100\n|move|p1a: Maushold|Population Bomb|p2a: Staraptor\n|-damage|p2a: Staraptor|93/100\n|-damage|p2a: Staraptor|88/100\n|-damage|p2a: Staraptor|81/100\n|-damage|p2a: Staraptor|75/100\n|-damage|p2a: Staraptor|68/100\n|-damage|p2a: Staraptor|62/100\n|-damage|p2a: Staraptor|55/100\n|-damage|p2a: Staraptor|49/100\n|-damage|p2a: Staraptor|42/100\n|-damage|p2a: Staraptor|36/100\n|-hitcount|p2a: Staraptor|10\n|\n|-sideend|p2: Mojoe93|move: Tailwind\n|upkeep\n|turn|8\n|inactive|Mojoe93 has 30 seconds left.\n|\n|t:|1788283492\n|move|p1a: Maushold|Protect|p1a: Maushold\n|-singleturn|p1a: Maushold|Protect\n|move|p2a: Staraptor|Protect|p2a: Staraptor\n|-singleturn|p2a: Staraptor|Protect\n|move|p2b: Garchomp|Earthquake|p1a: Maushold|[spread] p1b\n|-activate|p2a: Staraptor|move: Protect\n|-activate|p1a: Maushold|move: Protect\n|-resisted|p1b: Sinistcha|1\n|-damage|p1b: Sinistcha|78/100\n|move|p1b: Sinistcha|Matcha Gotcha|p2a: Staraptor|[spread] p2b\n|-activate|p2a: Staraptor|move: Protect\n|-damage|p2b: Garchomp|60/100\n|-heal|p1b: Sinistcha|91/100|[from] drain|[of] p2b: Garchomp\n|\n|-sideend|p1: MilkTeaWayGalaxy|move: Light Screen\n|upkeep\n|turn|9\n|j| blackdevil1\n|\n|t:|1788283512\n|switch|p2a: Whimsicott|Whimsicott, L50, F|68/100\n|move|p1b: Sinistcha|Rage Powder|p1b: Sinistcha\n|-singleturn|p1b: Sinistcha|move: Rage Powder\n|move|p1a: Maushold|Population Bomb|p2a: Whimsicott\n|-damage|p2a: Whimsicott|61/100\n|-damage|p2a: Whimsicott|53/100\n|-damage|p2a: Whimsicott|45/100\n|-damage|p2a: Whimsicott|37/100\n|-damage|p2a: Whimsicott|29/100\n|-damage|p2a: Whimsicott|22/100\n|-damage|p2a: Whimsicott|13/100\n|-damage|p2a: Whimsicott|5/100\n|-damage|p2a: Whimsicott|0 fnt\n|faint|p2a: Whimsicott\n|-hitcount|p2: Whimsicott|9\n|move|p2b: Garchomp|Earthquake|p1a: Maushold|[spread] p1a,p1b\n|-resisted|p1b: Sinistcha|1\n|-damage|p1a: Maushold|48/100\n|-damage|p1b: Sinistcha|80/100\n|\n|upkeep\n|\n|t:|1788283532\n|switch|p2a: Staraptor|Staraptor-Mega, L50, F|36/100\n|turn|10\n|\n|t:|1788283545\n|move|p1a: Maushold|Protect|p1a: Maushold\n|-singleturn|p1a: Maushold|Protect\n|move|p2a: Staraptor|Roost|p2a: Staraptor\n|-heal|p2a: Staraptor|87/100\n|-singleturn|p2a: Staraptor|move: Roost\n|move|p2b: Garchomp|Earthquake|p1a: Maushold|[spread] p2a,p1b\n|-activate|p1a: Maushold|move: Protect\n|-resisted|p1b: Sinistcha|1\n|-damage|p2a: Staraptor|50/100g\n|-damage|p1b: Sinistcha|69/100\n|move|p1b: Sinistcha|Matcha Gotcha|p2a: Staraptor|[spread] p2a,p2b\n|-damage|p2a: Staraptor|24/100\n|-heal|p1b: Sinistcha|82/100|[from] drain|[of] p2a: Staraptor\n|-damage|p2b: Garchomp|36/100\n|-heal|p1b: Sinistcha|97/100|[from] drain|[of] p2b: Garchomp\n|-status|p2b: Garchomp|brn\n|-enditem|p2b: Garchomp|Sitrus Berry|[eat]\n|-heal|p2b: Garchomp|61/100 brn|[from] item: Sitrus Berry\n|\n|-damage|p2b: Garchomp|55/100 brn|[from] brn\n|upkeep\n|turn|11\n|-message|Mojoe93 forfeited.\n|\n|win|MilkTeaWayGalaxy\n|raw|MilkTeaWayGalaxy's rating: 1669 &rarr; <strong>1685</strong><br />(+16 for winning)\n|raw|Mojoe93's rating: 1592 &rarr; <strong>1576</strong><br />(-16 for losing)\n|l|☆Mojoe93\n|player|p2|\n","uploadtime":1788283567,"views":"0","formatid":"gen9championsvgc2026regmb","rating":1576,"private":0,"password":null}