{"id":"gen9championsvgc2026regmb-2674553200","format":"[Gen 9 Champions] VGC 2026 Reg M-B","players":["jinz","is_katabo"],"log":"|j|☆jinz\n|j|☆is_katabo\n|t:|1788373200\n|gametype|doubles\n|player|p1|jinz|265|1508\n|player|p2|is_katabo|169|1459\n|gen|9\n|tier|[Gen 9 Champions] VGC 2026 Reg M-B\n|rated|\n|rule|Species Clause: Limit one of each Pokémon\n|rule|Item Clause: Limit 1 of each item\n|clearpoke\n|poke|p1|Gholdengo, L50|\n|poke|p1|Staraptor, L50, M|\n|poke|p1|Tyranitar, L50, M|\n|poke|p1|Farigiraf, L50, F|\n|poke|p1|Whimsicott, L50, F, shiny|\n|poke|p1|Excadrill, L50, F, shiny|\n|poke|p2|Charizard, L50, F|\n|poke|p2|Venusaur, L50, M|\n|poke|p2|Incineroar, L50, F|\n|poke|p2|Toxapex, L50, M|\n|poke|p2|Dragonite, L50, M|\n|poke|p2|Swampert, L50, F|\n|teampreview|4\n|\n|t:|1788373232\n|teamsize|p1|4\n|teamsize|p2|4\n|start\n|switch|p1a: Staraptor|Staraptor, L50, M|100/100\n|switch|p1b: Gholdengo|Gholdengo, L50|100/100\n|switch|p2a: Swampert|Swampert, L50, F|100/100\n|switch|p2b: Incineroar|Incineroar, L50, F|100/100\n|-ability|p1a: Staraptor|Intimidate|boost\n|-unboost|p2a: Swampert|atk|1\n|-unboost|p2b: Incineroar|atk|1\n|-ability|p2b: Incineroar|Intimidate|boost\n|-unboost|p1a: Staraptor|atk|1\n|-unboost|p1b: Gholdengo|atk|1\n|turn|1\n|\n|t:|1788373274\n|switch|p1b: Farigiraf|Farigiraf, L50, F|100/100\n|detailschange|p1a: Staraptor|Staraptor-Mega, L50, M\n|-mega|p1a: Staraptor|Staraptor|Staraptite\n|move|p1a: Staraptor|Tailwind|p1a: Staraptor\n|-sidestart|p1: jinz|move: Tailwind\n|move|p2b: Incineroar|Darkest Lariat|p1b: Farigiraf\n|-supereffective|p1b: Farigiraf|1\n|-damage|p1b: Farigiraf|55/100\n|move|p2a: Swampert|Yawn|p1a: Staraptor\n|-start|p1a: Staraptor|move: Yawn|[of] p2a: Swampert\n|\n|upkeep\n|turn|2\n|\n|t:|1788373298\n|switch|p1a: Gholdengo|Gholdengo, L50|100/100\n|move|p1b: Farigiraf|Nasty Plot|p1b: Farigiraf\n|-boost|p1b: Farigiraf|spa|2\n|move|p2b: Incineroar|Parting Shot|p1b: Farigiraf\n|-unboost|p1b: Farigiraf|atk|1\n|-unboost|p1b: Farigiraf|spa|1\n|\n|t:|1788373303\n|switch|p2b: Charizard|Charizard, L50, F|100/100|[from] Parting Shot\n|move|p2a: Swampert|Ice Beam|p1a: Gholdengo\n|-resisted|p1a: Gholdengo|1\n|-damage|p1a: Gholdengo|88/100\n|-status|p1a: Gholdengo|frz\n|\n|upkeep\n|turn|3\n|\n|t:|1788373320\n|detailschange|p2b: Charizard|Charizard-Mega-Y, L50, F\n|-mega|p2b: Charizard|Charizard|Charizardite Y\n|-weather|SunnyDay|[from] ability: Drought|[of] p2b: Charizard\n|cant|p1a: Gholdengo|frz\n|move|p1b: Farigiraf|Thunderbolt|p2b: Charizard\n|-supereffective|p2b: Charizard|1\n|-damage|p2b: Charizard|32/100\n|-status|p2b: Charizard|par\n|move|p2b: Charizard|Heat Wave|p1a: Gholdengo|[spread] p1b\n|-miss|p2b: Charizard|p1a: Gholdengo\n|-damage|p1b: Farigiraf|6/100\n|-enditem|p1b: Farigiraf|Sitrus Berry|[eat]\n|-heal|p1b: Farigiraf|31/100|[from] item: Sitrus Berry\n|move|p2a: Swampert|Earth Power|p1b: Farigiraf\n|-damage|p1b: Farigiraf|6/100\n|\n|-weather|SunnyDay|[upkeep]\n|upkeep\n|turn|4\n|\n|t:|1788373358\n|switch|p1a: Staraptor|Staraptor-Mega, L50, M|100/100\n|switch|p2b: Incineroar|Incineroar, L50, F|100/100\n|-ability|p2b: Incineroar|Intimidate|boost\n|-boost|p1a: Staraptor|atk|1\n|-unboost|p1b: Farigiraf|atk|1\n|move|p1b: Farigiraf|Thunderbolt|p2b: Incineroar\n|-damage|p2b: Incineroar|73/100\n|move|p2a: Swampert|Earth Power|p1a: Staraptor\n|-immune|p1a: Staraptor\n|\n|-weather|SunnyDay|[upkeep]\n|-sideend|p1: jinz|move: Tailwind\n|upkeep\n|turn|5\n|\n|t:|1788373403\n|switch|p2b: Dragonite|Dragonite, L50, M|100/100\n|move|p1a: Staraptor|Close Combat|p2b: Dragonite\n|-resisted|p2b: Dragonite|1\n|-crit|p2b: Dragonite\n|-damage|p2b: Dragonite|43/100\n|-boost|p1a: Staraptor|def|1\n|-boost|p1a: Staraptor|spd|1\n|move|p1b: Farigiraf|Psychic|p2a: Swampert\n|-damage|p2a: Swampert|54/100\n|move|p2a: Swampert|Yawn|p1a: Staraptor\n|-start|p1a: Staraptor|move: Yawn|[of] p2a: Swampert\n|\n|-weather|SunnyDay|[upkeep]\n|upkeep\n|turn|6\n|\n|t:|1788373443\n|switch|p1b: Gholdengo|Gholdengo, L50|88/100 frz\n|move|p1a: Staraptor|Close Combat|p2a: Swampert\n|-damage|p2a: Swampert|1/100\n|-boost|p1a: Staraptor|def|1\n|-boost|p1a: Staraptor|spd|1\n|-enditem|p2a: Swampert|Sitrus Berry|[eat]\n|-heal|p2a: Swampert|26/100|[from] item: Sitrus Berry\n|move|p2b: Dragonite|Dragon Claw|p1b: Gholdengo\n|-resisted|p1b: Gholdengo|1\n|-damage|p1b: Gholdengo|52/100 frz\n|-damage|p2b: Dragonite|34/100|[from] item: Life Orb\n|move|p2a: Swampert|Earth Power|p1a: Staraptor\n|-immune|p1a: Staraptor\n|\n|-weather|SunnyDay|[upkeep]\n|-end|p1a: Staraptor|move: Yawn|[silent]\n|-status|p1a: Staraptor|slp\n|upkeep\n|turn|7\n|\n|t:|1788373465\n|cant|p1a: Staraptor|slp\n|cant|p1b: Gholdengo|frz\n|move|p2b: Dragonite|Dragon Claw|p1a: Staraptor\n|-damage|p1a: Staraptor|70/100 slp\n|-damage|p2b: Dragonite|24/100|[from] item: Life Orb\n|move|p2a: Swampert|Ice Beam|p1a: Staraptor\n|-supereffective|p1a: Staraptor|1\n|-damage|p1a: Staraptor|51/100 slp\n|\n|-weather|none\n|upkeep\n|turn|8\n|\n|t:|1788373490\n|cant|p1a: Staraptor|slp\n|-curestatus|p1b: Gholdengo|frz|[msg]\n|move|p1b: Gholdengo|Shadow Ball|p2b: Dragonite\n|-damage|p2b: Dragonite|0 fnt\n|faint|p2b: Dragonite\n|-damage|p1b: Gholdengo|43/100|[from] item: Life Orb\n|move|p2a: Swampert|Ice Beam|p1a: Staraptor\n|-supereffective|p1a: Staraptor|1\n|-damage|p1a: Staraptor|31/100 slp\n|\n|upkeep\n|-message|is_katabo forfeited.\n|\n|win|jinz\n|raw|jinz's rating: 1508 &rarr; <strong>1525</strong><br />(+17 for winning)\n|raw|is_katabo's rating: 1459 &rarr; <strong>1442</strong><br />(-17 for losing)\n","uploadtime":1788373501,"views":"0","formatid":"gen9championsvgc2026regmb","rating":1442,"private":0,"password":null}