{"id":"gen9championsvgc2026regmb-2674247424","format":"[Gen 9 Champions] VGC 2026 Reg M-B","players":["Poro2902","verd1squo"],"log":"|j|☆Poro2902\n|j|☆verd1squo\n|t:|1788322773\n|gametype|doubles\n|player|p1|Poro2902|lucas|1096\n|player|p2|verd1squo|steven|1118\n|gen|9\n|tier|[Gen 9 Champions] VGC 2026 Reg M-B\n|rated|\n|rule|Species Clause: Limit one of each Pokémon\n|rule|Item Clause: Limit 1 of each item\n|clearpoke\n|poke|p1|Klefki, L50, F|\n|poke|p1|Basculegion-F, L50, F|\n|poke|p1|Heliolisk, L50, M|\n|poke|p1|Eelektross, L50, M|\n|poke|p1|Swampert, L50, M|\n|poke|p1|Incineroar, L50, F|\n|poke|p2|Dragonite, L50, F|\n|poke|p2|Sneasler, L50, M|\n|poke|p2|Basculegion, L50, M|\n|poke|p2|Kingambit, L50, M|\n|poke|p2|Garchomp, L50, F|\n|poke|p2|Floette-Eternal, L50, F|\n|teampreview|4\nverd1squo rejected open team sheets.\n|inactive|Battle timer is ON: inactive players will automatically lose when time's up. (requested by verd1squo)\n|inactive|Poro2902 has 60 seconds left.\n|\n|t:|1788322817\n|teamsize|p1|4\n|teamsize|p2|4\n|start\n|switch|p1a: Swampert|Swampert, L50, M|100/100\n|switch|p1b: Klefki|Klefki, L50, F|100/100\n|switch|p2a: Dragonite|Dragonite, L50, F|100/100\n|switch|p2b: Sneasler|Sneasler, L50, M|100/100\n|turn|1\n|\n|t:|1788322834\n|detailschange|p1a: Swampert|Swampert-Mega, L50, M\n|-mega|p1a: Swampert|Swampert|Swampertite\n|move|p1a: Swampert|Protect|p1a: Swampert\n|-singleturn|p1a: Swampert|Protect\n|move|p2b: Sneasler|Fake Out|p1a: Swampert\n|-activate|p1a: Swampert|move: Protect\n|move|p1b: Klefki|Rain Dance|p1b: Klefki\n|-weather|RainDance\n|move|p2a: Dragonite|Heat Wave|p1b: Klefki|[spread] p1b\n|-activate|p1a: Swampert|move: Protect\n|-supereffective|p1b: Klefki|1\n|-crit|p1b: Klefki\n|-damage|p1b: Klefki|60/100\n|-status|p1b: Klefki|brn\n|\n|-weather|RainDance|[upkeep]\n|-damage|p1b: Klefki|54/100 brn|[from] brn\n|upkeep\n|turn|2\n|\n|t:|1788322858\n|detailschange|p2a: Dragonite|Dragonite-Mega, L50, F\n|-mega|p2a: Dragonite|Dragonite|Dragoninite\n|move|p2b: Sneasler|Feint|p1a: Swampert\n|-damage|p1a: Swampert|90/100\n|move|p1b: Klefki|Light Screen|p1b: Klefki\n|-sidestart|p1: Poro2902|move: Light Screen\n|move|p1a: Swampert|Earthquake|p2b: Sneasler|[spread] p1b,p2b\n|-immune|p2a: Dragonite\n|-supereffective|p1b: Klefki|1\n|-supereffective|p2b: Sneasler|1\n|-damage|p1b: Klefki|0 fnt\n|-enditem|p2b: Sneasler|Focus Sash\n|-damage|p2b: Sneasler|1/100\n|faint|p1b: Klefki\n|move|p2a: Dragonite|Heat Wave|p1a: Swampert\n|-resisted|p1a: Swampert|1\n|-damage|p1a: Swampert|85/100\n|\n|-weather|RainDance|[upkeep]\n|upkeep\n|\n|t:|1788322877\n|switch|p1b: Heliolisk|Heliolisk, L50, M|100/100\n|turn|3\n|\n|t:|1788322891\n|move|p1b: Heliolisk|Electrify|p2b: Sneasler\n|-singleturn|p2b: Sneasler|move: Electrify\n|move|p1a: Swampert|Ice Punch|p2a: Dragonite\n|-supereffective|p2a: Dragonite|2\n|-damage|p2a: Dragonite|44/100\n|move|p2b: Sneasler|Close Combat|p1b: Heliolisk\n|-resisted|p1b: Heliolisk|1\n|-damage|p1b: Heliolisk|58/100\n|-unboost|p2b: Sneasler|def|1\n|-unboost|p2b: Sneasler|spd|1\n|move|p2a: Dragonite|Dragon Pulse|p1a: Swampert\n|-damage|p1a: Swampert|58/100\n|\n|-weather|RainDance|[upkeep]\n|-heal|p1b: Heliolisk|70/100|[from] ability: Dry Skin\n|upkeep\n|turn|4\n|inactive|Poro2902 has 30 seconds left.\n|\n|t:|1788322923\n|move|p2a: Dragonite|Protect|p2a: Dragonite\n|-singleturn|p2a: Dragonite|Protect\n|move|p1b: Heliolisk|Electrify|p2b: Sneasler\n|-singleturn|p2b: Sneasler|move: Electrify\n|move|p1a: Swampert|Ice Punch|p2a: Dragonite\n|-activate|p2a: Dragonite|move: Protect\n|move|p2b: Sneasler|Close Combat|p1b: Heliolisk\n|-resisted|p1b: Heliolisk|1\n|-damage|p1b: Heliolisk|22/100\n|-unboost|p2b: Sneasler|def|1\n|-unboost|p2b: Sneasler|spd|1\n|-status|p1b: Heliolisk|psn|[from] ability: Poison Touch|[of] p2b: Sneasler\n|\n|-weather|RainDance|[upkeep]\n|-heal|p1b: Heliolisk|34/100 psn|[from] ability: Dry Skin\n|-damage|p1b: Heliolisk|22/100 psn|[from] psn\n|upkeep\n|turn|5\n|\n|t:|1788322945\n|switch|p1b: Incineroar|Incineroar, L50, F|100/100\n|-ability|p1b: Incineroar|Intimidate|boost\n|-unboost|p2a: Dragonite|atk|1\n|-unboost|p2b: Sneasler|atk|1\n|move|p2a: Dragonite|Extreme Speed|p1b: Incineroar\n|-damage|p1b: Incineroar|85/100\n|move|p1a: Swampert|Ice Punch|p2a: Dragonite\n|-supereffective|p2a: Dragonite|2\n|-damage|p2a: Dragonite|0 fnt\n|faint|p2a: Dragonite\n|move|p2b: Sneasler|Dire Claw|p1a: Swampert\n|-resisted|p1a: Swampert|1\n|-damage|p1a: Swampert|48/100\n|-status|p1a: Swampert|par\n|\n|-weather|RainDance|[upkeep]\n|upkeep\n|\n|t:|1788322960\n|switch|p2a: Basculegion|Basculegion, L50, M|100/100\n|turn|6\n|\n|t:|1788322985\n|move|p1b: Incineroar|Fake Out|p2b: Sneasler\n|-damage|p2b: Sneasler|0 fnt\n|faint|p2b: Sneasler\n|move|p2a: Basculegion|Wave Crash|p1b: Incineroar\n|-supereffective|p1b: Incineroar|1\n|-damage|p1b: Incineroar|0 fnt\n|faint|p1b: Incineroar\n|-damage|p2a: Basculegion|71/100|[from] Recoil\n|-damage|p2a: Basculegion|61/100|[from] item: Life Orb\n|move|p1a: Swampert|Wave Crash|p2a: Basculegion\n|-resisted|p2a: Basculegion|1\n|-damage|p2a: Basculegion|0 fnt\n|faint|p2a: Basculegion\n|-damage|p1a: Swampert|28/100 par|[from] Recoil\n|\n|-weather|RainDance|[upkeep]\n|-sideend|p1: Poro2902|move: Light Screen\n|upkeep\n|\n|t:|1788323003\n|switch|p2a: Kingambit|Kingambit, L50, M|100/100\n|switch|p1b: Heliolisk|Heliolisk, L50, M|22/100 psn\n|turn|7\n|\n|t:|1788323013\n|move|p1b: Heliolisk|Electrify|p2a: Kingambit\n|-singleturn|p2a: Kingambit|move: Electrify\n|move|p1a: Swampert|Earthquake|p2a: Kingambit|[spread] p1b,p2a\n|-supereffective|p1b: Heliolisk|1\n|-supereffective|p2a: Kingambit|1\n|-damage|p1b: Heliolisk|0 fnt\n|-damage|p2a: Kingambit|29/100\n|faint|p1b: Heliolisk\n|move|p2a: Kingambit|Low Kick|p1a: Swampert\n|-immune|p1a: Swampert\n|\n|-weather|RainDance|[upkeep]\n|upkeep\n|turn|8\n|\n|t:|1788323026\n|move|p2a: Kingambit|Sucker Punch|p1a: Swampert\n|-damage|p1a: Swampert|0 fnt\n|faint|p1a: Swampert\n|\n|win|verd1squo\n|raw|Poro2902's rating: 1096 &rarr; <strong>1073</strong><br />(-23 for losing)\n|raw|verd1squo's rating: 1118 &rarr; <strong>1141</strong><br />(+23 for winning)\n|l|☆Poro2902\n|player|p1|\n|c|☆verd1squo|gg\n","uploadtime":1788323036,"views":"0","formatid":"gen9championsvgc2026regmb","rating":1073,"private":0,"password":null}