{"id":"gen9championsvgc2026regmb-2674734768","format":"[Gen 9 Champions] VGC 2026 Reg M-B","players":["Moxxymoxxy","oversoul47"],"log":"|j|☆Moxxymoxxy\n|j|☆oversoul47\n|t:|1788397923\n|gametype|doubles\n|player|p1|Moxxymoxxy|102|1114\n|player|p2|oversoul47|hilbert|1032\n|gen|9\n|tier|[Gen 9 Champions] VGC 2026 Reg M-B\n|rated|\n|rule|Species Clause: Limit one of each Pokémon\n|rule|Item Clause: Limit 1 of each item\n|clearpoke\n|poke|p1|Whimsicott, L50, F|\n|poke|p1|Lucario, L50, M|\n|poke|p1|Grimmsnarl, L50, M|\n|poke|p1|Sneasler, L50, F|\n|poke|p1|Froslass, L50, F|\n|poke|p1|Basculegion, L50, M|\n|poke|p2|Charizard, L50, M|\n|poke|p2|Milotic, L50, M|\n|poke|p2|Garchomp, L50, F|\n|poke|p2|Incineroar, L50, M|\n|poke|p2|Venusaur, L50, M|\n|poke|p2|Mimikyu, L50, F|\n|teampreview|4\n|\n|t:|1788397949\n|teamsize|p1|4\n|teamsize|p2|4\n|start\n|switch|p1a: Grimmsnarl|Grimmsnarl, L50, M|100/100\n|switch|p1b: Sneasler|Sneasler, L50, F|100/100\n|switch|p2a: Charizard|Charizard, L50, M|100/100\n|switch|p2b: Incineroar|Incineroar, L50, M|100/100\n|-ability|p2b: Incineroar|Intimidate|boost\n|-unboost|p1a: Grimmsnarl|atk|1\n|-unboost|p1b: Sneasler|atk|1\n|turn|1\n|\n|t:|1788397967\n|detailschange|p2a: Charizard|Charizard-Mega-Y, L50, M\n|-mega|p2a: Charizard|Charizard|Charizardite Y\n|-weather|SunnyDay|[from] ability: Drought|[of] p2a: Charizard\n|move|p1b: Sneasler|Fake Out|p2a: Charizard\n|-damage|p2a: Charizard|89/100\n|-damage|p1b: Sneasler|90/100|[from] item: Life Orb\n|move|p2b: Incineroar|Fake Out|p1b: Sneasler\n|-damage|p1b: Sneasler|73/100\n|move|p1a: Grimmsnarl|Nasty Plot|p1a: Grimmsnarl\n|-boost|p1a: Grimmsnarl|spa|2\n|cant|p2a: Charizard|flinch\n|\n|-weather|SunnyDay|[upkeep]\n|upkeep\n|turn|2\n|\n|t:|1788397987\n|move|p1a: Grimmsnarl|Substitute|p1a: Grimmsnarl\n|-start|p1a: Grimmsnarl|Substitute\n|-damage|p1a: Grimmsnarl|75/100\n|move|p1b: Sneasler|Coaching|p1a: Grimmsnarl\n|-boost|p1a: Grimmsnarl|atk|1\n|-boost|p1a: Grimmsnarl|def|1\n|move|p2a: Charizard|Heat Wave|p1a: Grimmsnarl|[spread] p1a,p1b\n|-end|p1a: Grimmsnarl|Substitute\n|-damage|p1b: Sneasler|0 fnt\n|faint|p1b: Sneasler\n|move|p2b: Incineroar|Parting Shot|p1a: Grimmsnarl\n|-unboost|p1a: Grimmsnarl|atk|1\n|-unboost|p1a: Grimmsnarl|spa|1\n|\n|t:|1788397998\n|switch|p2b: Venusaur|Venusaur, L50, M|100/100|[from] Parting Shot\n|\n|-weather|SunnyDay|[upkeep]\n|upkeep\n|\n|t:|1788398002\n|switch|p1b: Froslass|Froslass, L50, F|100/100\n|turn|3\n|\n|t:|1788398023\n|switch|p2a: Incineroar|Incineroar, L50, M|100/100\n|-ability|p2a: Incineroar|Intimidate|boost\n|-unboost|p1a: Grimmsnarl|atk|1\n|-unboost|p1b: Froslass|atk|1\n|detailschange|p1b: Froslass|Froslass-Mega, L50, F\n|-mega|p1b: Froslass|Froslass|Froslassite\n|-weather|Snowscape|[from] ability: Snow Warning|[of] p1b: Froslass\n|move|p2b: Venusaur|Protect|p2b: Venusaur\n|-singleturn|p2b: Venusaur|Protect\n|move|p1a: Grimmsnarl|Nasty Plot|p1a: Grimmsnarl\n|-boost|p1a: Grimmsnarl|spa|2\n|move|p1b: Froslass|Aurora Veil|p1b: Froslass\n|-sidestart|p1: Moxxymoxxy|move: Aurora Veil\n|\n|-weather|Snowscape|[upkeep]\n|upkeep\n|turn|4\n|\n|t:|1788398056\n|move|p1b: Froslass|Blizzard|p2b: Venusaur|[spread] p2a,p2b\n|-resisted|p2a: Incineroar|1\n|-supereffective|p2b: Venusaur|1\n|-damage|p2a: Incineroar|85/100\n|-damage|p2b: Venusaur|18/100\n|move|p2b: Venusaur|Sludge Bomb|p1a: Grimmsnarl\n|-supereffective|p1a: Grimmsnarl|1\n|-damage|p1a: Grimmsnarl|33/100\n|-enditem|p1a: Grimmsnarl|Sitrus Berry|[eat]\n|-heal|p1a: Grimmsnarl|58/100|[from] item: Sitrus Berry\n|move|p2a: Incineroar|Parting Shot|p1a: Grimmsnarl\n|-unboost|p1a: Grimmsnarl|atk|1\n|-unboost|p1a: Grimmsnarl|spa|1\n|\n|t:|1788398067\n|switch|p2a: Charizard|Charizard-Mega-Y, L50, M|89/100|[from] Parting Shot\n|-weather|SunnyDay|[from] ability: Drought|[of] p2a: Charizard\n|move|p1a: Grimmsnarl|Draining Kiss|p2a: Charizard\n|-resisted|p2a: Charizard|1\n|-damage|p2a: Charizard|72/100\n|-heal|p1a: Grimmsnarl|69/100|[from] drain|[of] p2a: Charizard\n|\n|-weather|SunnyDay|[upkeep]\n|upkeep\n|turn|5\n|\n|t:|1788398078\n|switch|p1b: Whimsicott|Whimsicott, L50, F|100/100\n|move|p1a: Grimmsnarl|Nasty Plot|p1a: Grimmsnarl\n|-boost|p1a: Grimmsnarl|spa|2\n|move|p2b: Venusaur|Sludge Bomb|p1a: Grimmsnarl\n|-supereffective|p1a: Grimmsnarl|1\n|-damage|p1a: Grimmsnarl|27/100\n|move|p2a: Charizard|Heat Wave|p1a: Grimmsnarl|[spread] p1a,p1b\n|-supereffective|p1b: Whimsicott|1\n|-damage|p1a: Grimmsnarl|0 fnt\n|-enditem|p1b: Whimsicott|Focus Sash\n|-damage|p1b: Whimsicott|1/100\n|faint|p1a: Grimmsnarl\n|\n|-weather|SunnyDay|[upkeep]\n|upkeep\n|\n|t:|1788398089\n|switch|p1a: Froslass|Froslass-Mega, L50, F|100/100\n|-weather|Snowscape|[from] ability: Snow Warning|[of] p1a: Froslass\n|turn|6\n|\n|t:|1788398096\n|switch|p2a: Incineroar|Incineroar, L50, M|85/100\n|-ability|p2a: Incineroar|Intimidate|boost\n|-unboost|p1a: Froslass|atk|1\n|-unboost|p1b: Whimsicott|atk|1\n|move|p2b: Venusaur|Protect|p2b: Venusaur\n|-singleturn|p2b: Venusaur|Protect\n|move|p1b: Whimsicott|Tailwind|p1b: Whimsicott\n|-sidestart|p1: Moxxymoxxy|move: Tailwind\n|move|p1a: Froslass|Blizzard|p2a: Incineroar|[spread] p2a\n|-activate|p2b: Venusaur|move: Protect\n|-resisted|p2a: Incineroar|1\n|-damage|p2a: Incineroar|70/100\n|\n|-weather|Snowscape|[upkeep]\n|upkeep\n|turn|7\n|\n|t:|1788398127\n|switch|p2a: Charizard|Charizard-Mega-Y, L50, M|72/100\n|-weather|SunnyDay|[from] ability: Drought|[of] p2a: Charizard\n|move|p1a: Froslass|Blizzard|p2a: Charizard|[spread] p2a,p2b\n|-supereffective|p2b: Venusaur|1\n|-damage|p2a: Charizard|37/100\n|-damage|p2b: Venusaur|0 fnt\n|faint|p2b: Venusaur\n|move|p1b: Whimsicott|Moonblast|p2a: Charizard\n|-resisted|p2a: Charizard|1\n|-damage|p2a: Charizard|22/100\n|\n|-weather|SunnyDay|[upkeep]\n|-sideend|p1: Moxxymoxxy|move: Aurora Veil\n|upkeep\n|\n|t:|1788398131\n|switch|p2b: Incineroar|Incineroar, L50, M|70/100\n|-ability|p2b: Incineroar|Intimidate|boost\n|-unboost|p1a: Froslass|atk|1\n|-unboost|p1b: Whimsicott|atk|1\n|turn|8\n|\n|t:|1788398147\n|move|p2a: Charizard|Protect|p2a: Charizard\n|-singleturn|p2a: Charizard|Protect\n|move|p1a: Froslass|Blizzard|p2a: Charizard|[spread] \n|-activate|p2a: Charizard|move: Protect\n|-miss|p1a: Froslass|p2b: Incineroar\n|move|p1b: Whimsicott|Moonblast|p2a: Charizard\n|-activate|p2a: Charizard|move: Protect\n|move|p2b: Incineroar|Flare Blitz|p1a: Froslass\n|-supereffective|p1a: Froslass|1\n|-damage|p1a: Froslass|0 fnt\n|faint|p1a: Froslass\n|-damage|p2b: Incineroar|42/100|[from] Recoil\n|\n|-weather|SunnyDay|[upkeep]\n|upkeep\n|turn|9\n|-message|Moxxymoxxy forfeited.\n|\n|win|oversoul47\n|raw|Moxxymoxxy's rating: 1114 &rarr; <strong>1083</strong><br />(-31 for losing)\n|raw|oversoul47's rating: 1032 &rarr; <strong>1075</strong><br />(+43 for winning)\n|l|☆Moxxymoxxy\n|player|p1|\n","uploadtime":1788398163,"views":"20","formatid":"gen9championsvgc2026regmb","rating":1075,"private":0,"password":null}