{"id":"gen9championsvgc2026regmb-2674855331","format":"[Gen 9 Champions] VGC 2026 Reg M-B","players":["shiroed","Tequilsaurus"],"log":"|j|☆shiroed\n|j|☆Tequilsaurus\n|t:|1788422120\n|gametype|doubles\n|player|p1|shiroed|266|1100\n|player|p2|Tequilsaurus|265|1211\n|gen|9\n|tier|[Gen 9 Champions] VGC 2026 Reg M-B\n|rated|\n|rule|Species Clause: Limit one of each Pokémon\n|rule|Item Clause: Limit 1 of each item\n|clearpoke\n|poke|p1|Crabominable, L50, M|\n|poke|p1|Araquanid, L50, M|\n|poke|p1|Froslass, L50, F|\n|poke|p1|Sinistcha, L50|\n|poke|p1|Vanilluxe, L50, F|\n|poke|p1|Slowking, L50, M|\n|poke|p2|Scrafty, L50, F|\n|poke|p2|Garchomp, L50, M|\n|poke|p2|Slowking-Galar, L50, F|\n|poke|p2|Lucario, L50, F|\n|poke|p2|Grimmsnarl, L50, M|\n|poke|p2|Ceruledge, L50, M|\n|teampreview|4\n|inactive|Battle timer is ON: inactive players will automatically lose when time's up. (requested by shiroed)\nshiroed rejected open team sheets.\n|inactive|shiroed has 60 seconds left.\n|\n|t:|1788422170\n|teamsize|p1|4\n|teamsize|p2|4\n|start\n|switch|p1a: Vanilluxe|Vanilluxe, L50, F|100/100\n|switch|p1b: Slowking|Slowking, L50, M|100/100\n|switch|p2a: Scrafty|Scrafty, L50, F|100/100\n|switch|p2b: Garchomp|Garchomp, L50, M|100/100\n|-weather|Snowscape|[from] ability: Snow Warning|[of] p1a: Vanilluxe\n|turn|1\n|inactive|shiroed has 30 seconds left.\n|inactive|Tequilsaurus has 30 seconds left.\n|\n|t:|1788422201\n|move|p2b: Garchomp|Dragon Cheer|p2a: Scrafty\n|-start|p2a: Scrafty|move: Dragon Cheer\n|move|p1a: Vanilluxe|Blizzard|p2a: Scrafty|[spread] p2a,p2b\n|-supereffective|p2b: Garchomp|2\n|-damage|p2a: Scrafty|73/100\n|-damage|p2b: Garchomp|8/100\n|move|p2a: Scrafty|Assurance|p1b: Slowking\n|-supereffective|p1b: Slowking|1\n|-damage|p1b: Slowking|64/100\n|move|p1b: Slowking|Trick Room|p1b: Slowking\n|-fieldstart|move: Trick Room|[of] p1b: Slowking\n|\n|-weather|Snowscape|[upkeep]\n|-heal|p2b: Garchomp|14/100|[from] item: Leftovers\n|upkeep\n|turn|2\n|\n|t:|1788422222\n|switch|p2b: Ceruledge|Ceruledge, L50, M|100/100\n|-prepare|p1b: Slowking|Chilly Reception|[premajor]\n|move|p1b: Slowking|Chilly Reception|p1b: Slowking\n|\n|t:|1788422231\n|-heal|p1b: Slowking|97/100|[from] ability: Regenerator|[silent]\n|switch|p1b: Araquanid|Araquanid, L50, M|100/100|[from] Chilly Reception\n|move|p2a: Scrafty|Drain Punch|p1a: Vanilluxe\n|-supereffective|p1a: Vanilluxe|1\n|-enditem|p1a: Vanilluxe|Chople Berry|[eat]\n|-enditem|p1a: Vanilluxe|Chople Berry|[weaken]\n|-damage|p1a: Vanilluxe|80/100\n|-heal|p2a: Scrafty|84/100|[from] drain|[of] p1a: Vanilluxe\n|move|p1a: Vanilluxe|Blizzard|p2a: Scrafty|[spread] p2a,p2b\n|-resisted|p2b: Ceruledge|1\n|-damage|p2a: Scrafty|58/100\n|-damage|p2b: Ceruledge|83/100\n|\n|-weather|Snowscape|[upkeep]\n|upkeep\n|turn|3\n|inactive|Tequilsaurus has 30 seconds left.\n|\n|t:|1788422261\n|detailschange|p2a: Scrafty|Scrafty-Mega, L50, F\n|-mega|p2a: Scrafty|Scrafty|Scraftinite\n|-ability|p2a: Scrafty|Intimidate|boost\n|-unboost|p1a: Vanilluxe|atk|1\n|-unboost|p1b: Araquanid|atk|1\n|move|p1b: Araquanid|Liquidation|p2b: Ceruledge\n|-supereffective|p2b: Ceruledge|1\n|-damage|p2b: Ceruledge|0 fnt\n|faint|p2b: Ceruledge\n|move|p2a: Scrafty|Drain Punch|p1a: Vanilluxe\n|-supereffective|p1a: Vanilluxe|1\n|-damage|p1a: Vanilluxe|29/100\n|-heal|p2a: Scrafty|86/100|[from] drain|[of] p1a: Vanilluxe\n|move|p1a: Vanilluxe|Aurora Veil|p1a: Vanilluxe\n|-sidestart|p1: shiroed|move: Aurora Veil\n|\n|-weather|Snowscape|[upkeep]\n|upkeep\n|\n|t:|1788422275\n|switch|p2b: Lucario|Lucario, L50, F|100/100\n|turn|4\n|\n|t:|1788422286\n|switch|p1b: Crabominable|Crabominable, L50, M|100/100\n|move|p2a: Scrafty|Drain Punch|p1a: Vanilluxe\n|-supereffective|p1a: Vanilluxe|1\n|-damage|p1a: Vanilluxe|0 fnt\n|-heal|p2a: Scrafty|100/100|[from] drain|[of] p1a: Vanilluxe\n|faint|p1a: Vanilluxe\n|move|p2b: Lucario|Nasty Plot|p2b: Lucario\n|-boost|p2b: Lucario|spa|2\n|\n|-weather|Snowscape|[upkeep]\n|upkeep\n|\n|t:|1788422309\n|switch|p1a: Araquanid|Araquanid, L50, M|100/100\n|turn|5\n|\n|t:|1788422324\n|detailschange|p1b: Crabominable|Crabominable-Mega, L50, M\n|-mega|p1b: Crabominable|Crabominable|Crabominite\n|move|p2a: Scrafty|Protect|p2a: Scrafty\n|-singleturn|p2a: Scrafty|Protect\n|move|p2b: Lucario|Vacuum Wave|p1b: Crabominable\n|-supereffective|p1b: Crabominable|1\n|-damage|p1b: Crabominable|48/100\n|move|p1b: Crabominable|Drain Punch|p2b: Lucario\n|-supereffective|p2b: Lucario|1\n|-damage|p2b: Lucario|0 fnt\n|-heal|p1b: Crabominable|84/100|[from] drain|[of] p2b: Lucario\n|faint|p2b: Lucario\n|move|p1a: Araquanid|Liquidation|p2a: Scrafty\n|-activate|p2a: Scrafty|move: Protect\n|\n|-weather|none\n|-fieldend|move: Trick Room\n|upkeep\n|\n|t:|1788422337\n|switch|p2b: Garchomp|Garchomp, L50, M|14/100\n|turn|6\n|inactive|shiroed has 30 seconds left.\n|\n|t:|1788422366\n|move|p1b: Crabominable|Mach Punch|p2a: Scrafty\n|-supereffective|p2a: Scrafty|1\n|-damage|p2a: Scrafty|47/100\n|move|p2b: Garchomp|Stealth Rock|p1a: Araquanid\n|-sidestart|p1: shiroed|move: Stealth Rock\n|move|p2a: Scrafty|Drain Punch|p1b: Crabominable\n|-supereffective|p1b: Crabominable|1\n|-damage|p1b: Crabominable|43/100\n|-heal|p2a: Scrafty|73/100|[from] drain|[of] p1b: Crabominable\n|move|p1a: Araquanid|Liquidation|p2a: Scrafty\n|-damage|p2a: Scrafty|19/100\n|\n|-heal|p2b: Garchomp|20/100y|[from] item: Leftovers\n|upkeep\n|turn|7\n|\n|t:|1788422388\n|move|p2a: Scrafty|Protect|p2a: Scrafty\n|-singleturn|p2a: Scrafty|Protect\n|move|p1b: Crabominable|Mach Punch|p2a: Scrafty\n|-activate|p2a: Scrafty|move: Protect\n|move|p2b: Garchomp|Scorching Sands|p1b: Crabominable\n|-damage|p1b: Crabominable|31/100\n|-status|p1b: Crabominable|brn\n|move|p1a: Araquanid|Liquidation|p2b: Garchomp\n|-damage|p2b: Garchomp|0 fnt\n|-damage|p1a: Araquanid|88/100|[from] ability: Rough Skin|[of] p2b: Garchomp\n|faint|p2b: Garchomp\n|\n|-heal|p1a: Araquanid|93/100|[from] item: Leftovers\n|-damage|p1b: Crabominable|25/100 brn|[from] brn\n|-sideend|p1: shiroed|move: Aurora Veil\n|upkeep\n|turn|8\n|\n|t:|1788422404\n|move|p1b: Crabominable|Mach Punch|p2a: Scrafty\n|-supereffective|p2a: Scrafty|1\n|-damage|p2a: Scrafty|0 fnt\n|faint|p2a: Scrafty\n|\n|win|shiroed\n|raw|shiroed's rating: 1100 &rarr; <strong>1133</strong><br />(+33 for winning)\n|raw|Tequilsaurus's rating: 1211 &rarr; <strong>1178</strong><br />(-33 for losing)\n|l|☆Tequilsaurus\n|player|p2|\n","uploadtime":1788422414,"views":"0","formatid":"gen9championsvgc2026regmb","rating":1133,"private":0,"password":null}