{"id":"gen9championsvgc2026regmb-2674127699","format":"[Gen 9 Champions] VGC 2026 Reg M-B","players":["triplemz1125","abhinavb"],"log":"|j|☆triplemz1125\n|j|☆abhinavb\n|t:|1788303167\n|gametype|doubles\n|player|p1|triplemz1125|norman|\n|player|p2|abhinavb|266|\n|gen|9\n|tier|[Gen 9 Champions] VGC 2026 Reg M-B\n|rule|Species Clause: Limit one of each Pokémon\n|rule|Item Clause: Limit 1 of each item\n|clearpoke\n|poke|p1|Garchomp, L50, M, shiny|\n|poke|p1|Skarmory, L50, F, shiny|\n|poke|p1|Rotom-Heat, L50|\n|poke|p1|Weavile, L50, F|\n|poke|p1|Clawitzer, L50, M, shiny|\n|poke|p1|Zoroark-Hisui, L50, M|\n|poke|p2|Kangaskhan, L50, F|\n|poke|p2|Kommo-o, L50, M|\n|poke|p2|Sinistcha, L50|\n|poke|p2|Talonflame, L50, F|\n|poke|p2|Pinsir, L50, M|\n|poke|p2|Hatterene, L50, F|\n|teampreview|4\n|j| yungdundas\n|\n|t:|1788303257\n|teamsize|p1|4\n|teamsize|p2|4\n|start\n|switch|p1a: OG Claw|Weavile, L50, F|100/100\n|switch|p1b: Westjet|Skarmory, L50, F, shiny|100/100\n|switch|p2a: Sinistcha|Sinistcha, L50|100/100\n|switch|p2b: Kangaskhan|Kangaskhan, L50, F|100/100\n|turn|1\n|\n|t:|1788303291\n|move|p1a: OG Claw|Fake Out|p2b: Kangaskhan\n|-damage|p2b: Kangaskhan|83/100\n|cant|p2b: Kangaskhan|flinch\n|move|p1b: Westjet|Tailwind|p1b: Westjet\n|-sidestart|p1: triplemz1125|move: Tailwind\n|move|p2a: Sinistcha|Trick Room|p2a: Sinistcha\n|-fieldstart|move: Trick Room|[of] p2a: Sinistcha\n|\n|upkeep\n|turn|2\n|\n|t:|1788303341\n|switch|p1a: Easy-Bake|Rotom-Heat, L50|100/100\n|detailschange|p1b: Westjet|Skarmory-Mega, L50, F, shiny\n|-mega|p1b: Westjet|Skarmory|Skarmorite\n|move|p2a: Sinistcha|Shadow Ball|p1b: Westjet\n|-crit|p1b: Westjet\n|-damage|p1b: Westjet|36/100\n|move|p2b: Kangaskhan|Hammer Arm|p1b: Westjet\n|-damage|p1b: Westjet|11/100\n|-unboost|p2b: Kangaskhan|spe|1\n|move|p1b: Westjet|Brave Bird|p2a: Sinistcha\n|-supereffective|p2a: Sinistcha|1\n|-damage|p2a: Sinistcha|0 fnt\n|faint|p2a: Sinistcha\n|-damage|p1b: Westjet|0 fnt|[from] Recoil\n|faint|p1b: Westjet\n|\n|upkeep\n|\n|t:|1788303363\n|switch|p2a: Kommo-o|Kommo-o, L50, M|100/100\n|switch|p1b: OG Claw|Weavile, L50, F|100/100\n|turn|3\n|\n|t:|1788303404\n|move|p1b: OG Claw|Fake Out|p2b: Kangaskhan\n|-damage|p2b: Kangaskhan|65/100\n|cant|p2b: Kangaskhan|flinch\n|move|p2a: Kommo-o|Clanging Scales|p1a: Easy-Bake|[spread] p1a,p1b\n|-damage|p1a: Easy-Bake|52/100\n|-damage|p1b: OG Claw|53/100\n|-unboost|p2a: Kommo-o|def|1\n|move|p1a: Easy-Bake|Trick|p2a: Kommo-o\n|-activate|p1a: Easy-Bake|move: Trick|[of] p2a: Kommo-o\n|-item|p2a: Kommo-o|Choice Scarf|[from] move: Trick\n|-item|p1a: Easy-Bake|Leftovers|[from] move: Trick\n|\n|-heal|p1a: Easy-Bake|58/100|[from] item: Leftovers\n|upkeep\n|turn|4\n|\n|t:|1788303436\n|move|p2b: Kangaskhan|Hammer Arm|p1b: OG Claw\n|-supereffective|p1b: OG Claw|2\n|-damage|p1b: OG Claw|0 fnt\n|-unboost|p2b: Kangaskhan|spe|1\n|faint|p1b: OG Claw\n|move|p2a: Kommo-o|Throat Chop|p1a: Easy-Bake\n|-crit|p1a: Easy-Bake\n|-damage|p1a: Easy-Bake|19/100\n|-start|p1a: Easy-Bake|Throat Chop|[silent]\n|move|p1a: Easy-Bake|Thunderbolt|p2b: Kangaskhan\n|-damage|p2b: Kangaskhan|9/100\n|\n|-heal|p1a: Easy-Bake|25/100|[from] item: Leftovers\n|-sideend|p1: triplemz1125|move: Tailwind\n|upkeep\n|\n|t:|1788303452\n|switch|p1b: Pevin Purant|Garchomp, L50, M, shiny|100/100\n|turn|5\n|\n|t:|1788303523\n|move|p2b: Kangaskhan|Ice Punch|p1b: Pevin Purant\n|-supereffective|p1b: Pevin Purant|2\n|-damage|p1b: Pevin Purant|10/100\n|-damage|p2b: Kangaskhan|0 fnt|[from] ability: Rough Skin|[of] p1b: Pevin Purant\n|faint|p2b: Kangaskhan\n|move|p1a: Easy-Bake|Electroweb|p2a: Kommo-o\n|-resisted|p2a: Kommo-o|1\n|-damage|p2a: Kommo-o|82/100\n|-unboost|p2a: Kommo-o|spe|1\n|move|p2a: Kommo-o|Throat Chop|p1a: Easy-Bake\n|-damage|p1a: Easy-Bake|0 fnt\n|faint|p1a: Easy-Bake\n|move|p1b: Pevin Purant|Dragon Claw|p2a: Kommo-o\n|-supereffective|p2a: Kommo-o|1\n|-damage|p2a: Kommo-o|0 fnt\n|faint|p2a: Kommo-o\n|\n|-fieldend|move: Trick Room\n|upkeep\n|\n|t:|1788303543\n|switch|p2b: Talonflame|Talonflame, L50, F|100/100\n|turn|6\n|\n|t:|1788303558\n|move|p1b: Pevin Purant|Protect|p1b: Pevin Purant\n|-singleturn|p1b: Pevin Purant|Protect\n|move|p2b: Talonflame|Brave Bird|p1b: Pevin Purant\n|-activate|p1b: Pevin Purant|move: Protect\n|\n|upkeep\n|turn|7\n|\n|t:|1788303564\n|move|p2b: Talonflame|Brave Bird|p1b: Pevin Purant\n|-damage|p1b: Pevin Purant|0 fnt\n|-damage|p2b: Talonflame|87/100|[from] ability: Rough Skin|[of] p1b: Pevin Purant\n|faint|p1b: Pevin Purant\n|-damage|p2b: Talonflame|83/100|[from] Recoil\n|\n|win|abhinavb\n","uploadtime":1788303572,"views":"1","formatid":"gen9championsvgc2026regmb","rating":null,"private":0,"password":null}