{"id":"gen9championsvgc2026regmb-2675023727","format":"[Gen 9 Champions] VGC 2026 Reg M-B","players":["Megawinner122223","AuraofEirikr"],"log":"|j|☆Megawinner122223\n|j|☆AuraofEirikr\n|t:|1788449917\n|gametype|doubles\n|player|p1|Megawinner122223|ghetsis|1005\n|player|p2|AuraofEirikr|veteran|1105\n|gen|9\n|tier|[Gen 9 Champions] VGC 2026 Reg M-B\n|rated|\n|rule|Species Clause: Limit one of each Pokémon\n|rule|Item Clause: Limit 1 of each item\n|clearpoke\n|poke|p1|Tyranitar, L50, F|\n|poke|p1|Staraptor, L50, M|\n|poke|p1|Excadrill, L50, F|\n|poke|p1|Sinistcha, L50|\n|poke|p1|Sneasler, L50, M|\n|poke|p1|Archaludon, L50, M|\n|poke|p2|Tyranitar, L50, M, shiny|\n|poke|p2|Kleavor, L50, M|\n|poke|p2|Aerodactyl, L50, M|\n|poke|p2|Garganacl, L50, M|\n|poke|p2|Aggron, L50, M|\n|poke|p2|Glimmora, L50, F|\n|teampreview|4\n|inactive|Battle timer is ON: inactive players will automatically lose when time's up. (requested by AuraofEirikr)\n|\n|t:|1788449941\n|teamsize|p1|4\n|teamsize|p2|4\n|start\n|switch|p1a: Birb|Staraptor, L50, M|100/100\n|switch|p1b: Vegas|Sneasler, L50, M|100/100\n|switch|p2a: Ymir|Tyranitar, L50, M, shiny|100/100\n|switch|p2b: Valr|Aerodactyl, L50, M|100/100\n|-ability|p1a: Birb|Intimidate|boost\n|-unboost|p2a: Ymir|atk|1\n|-unboost|p2b: Valr|atk|1\n|-weather|Sandstorm|[from] ability: Sand Stream|[of] p2a: Ymir\n|turn|1\n|inactive|Megawinner122223 has 30 seconds left.\n|inactive|Megawinner122223 has 20 seconds left.\n|inactive|Megawinner122223 has 15 seconds left.\n|\n|t:|1788449984\n|switch|p2b: Dokubana|Glimmora, L50, F|100/100\n|switch|p1a: Bridge|Archaludon, L50, M|100/100\n|switch|p2a: Iwashiomaru|Garganacl, L50, M|100/100\n|move|p1b: Vegas|Fake Out|p2b: Dokubana\n|-resisted|p2b: Dokubana|1\n|-damage|p2b: Dokubana|89/100\n|-activate|p2b: Dokubana|ability: Toxic Debris\n|-sidestart|p1: Megawinner122223|move: Toxic Spikes\n|\n|-weather|Sandstorm|[upkeep]\n|-damage|p1b: Vegas|94/100|[from] Sandstorm\n|upkeep\n|turn|2\n|\n|t:|1788450005\n|move|p1b: Vegas|Protect|p1b: Vegas\n|-singleturn|p1b: Vegas|Protect\n|move|p2b: Dokubana|Dazzling Gleam|p1a: Bridge|[spread] p1a\n|-activate|p1b: Vegas|move: Protect\n|-damage|p1a: Bridge|74/100\n|-ability|p1a: Bridge|Stamina|boost\n|-boost|p1a: Bridge|def|1\n|move|p1a: Bridge|Flash Cannon|p2a: Iwashiomaru\n|-supereffective|p2a: Iwashiomaru|1\n|-damage|p2a: Iwashiomaru|49/100\n|-unboost|p2a: Iwashiomaru|spd|1\n|-damage|p1a: Bridge|64/100|[from] item: Life Orb\n|move|p2a: Iwashiomaru|Iron Defense|p2a: Iwashiomaru\n|-boost|p2a: Iwashiomaru|def|2\n|\n|-weather|Sandstorm|[upkeep]\n|-damage|p1b: Vegas|88/100|[from] Sandstorm\n|-heal|p2a: Iwashiomaru|55/100|[from] item: Leftovers\n|upkeep\n|turn|3\n|inactive|AuraofEirikr has 30 seconds left.\n|\n|t:|1788450034\n|switch|p1b: Boba|Sinistcha, L50|100/100\n|-status|p1b: Boba|psn\n|-heal|p1a: Bridge|89/100|[from] ability: Hospitality|[of] p1b: Boba\n|move|p2a: Iwashiomaru|Protect|p2a: Iwashiomaru\n|-singleturn|p2a: Iwashiomaru|Protect\n|move|p2b: Dokubana|Dazzling Gleam|p1b: Boba|[spread] p1a,p1b\n|-damage|p1a: Bridge|63/100\n|-damage|p1b: Boba|74/100 psn\n|-ability|p1a: Bridge|Stamina|boost\n|-boost|p1a: Bridge|def|1\n|move|p1a: Bridge|Flash Cannon|p2b: Dokubana\n|-supereffective|p2b: Dokubana|1\n|-damage|p2b: Dokubana|0 fnt\n|faint|p2b: Dokubana\n|-damage|p1a: Bridge|54/100|[from] item: Life Orb\n|\n|-weather|Sandstorm|[upkeep]\n|-damage|p1b: Boba|68/100 psn|[from] Sandstorm\n|-heal|p2a: Iwashiomaru|61/100|[from] item: Leftovers\n|-damage|p1b: Boba|56/100 psn|[from] psn\n|upkeep\n|\n|t:|1788450057\n|switch|p2b: Valr|Aerodactyl, L50, M|100/100\n|turn|4\n|\n|t:|1788450079\n|detailschange|p2b: Valr|Aerodactyl-Mega, L50, M\n|-mega|p2b: Valr|Aerodactyl|Aerodactylite\n|move|p2b: Valr|Dual Wingbeat|p1b: Boba\n|-supereffective|p1b: Boba|1\n|-damage|p1b: Boba|17/100 psn\n|-enditem|p1b: Boba|Sitrus Berry|[eat]\n|-heal|p1b: Boba|42/100 psn|[from] item: Sitrus Berry\n|-supereffective|p1b: Boba|1\n|-damage|p1b: Boba|1/100 psn\n|-hitcount|p1b: Boba|2\n|move|p1a: Bridge|Flash Cannon|p2a: Iwashiomaru\n|-supereffective|p2a: Iwashiomaru|1\n|-damage|p2a: Iwashiomaru|0 fnt\n|faint|p2a: Iwashiomaru\n|-damage|p1a: Bridge|44/100|[from] item: Life Orb\n|move|p1b: Boba|Life Dew|p1b: Boba|[spread] p1a,p1b\n|-heal|p1a: Bridge|69/100\n|-heal|p1b: Boba|26/100 psn\n|\n|-weather|Sandstorm|[upkeep]\n|-damage|p1b: Boba|20/100y psn|[from] Sandstorm\n|-damage|p1b: Boba|7/100 psn|[from] psn\n|upkeep\n|\n|t:|1788450100\n|switch|p2a: Ymir|Tyranitar, L50, M, shiny|100/100\n|turn|5\n|\n|t:|1788450119\n|move|p2b: Valr|Rock Slide|p1a: Bridge|[spread] p1a,p1b\n|-resisted|p1a: Bridge|1\n|-damage|p1a: Bridge|63/100\n|-damage|p1b: Boba|0 fnt\n|-ability|p1a: Bridge|Stamina|boost\n|-boost|p1a: Bridge|def|1\n|faint|p1b: Boba\n|cant|p1a: Bridge|flinch\n|move|p2a: Ymir|Earthquake|p1a: Bridge|[spread] p1a\n|-immune|p2b: Valr\n|-supereffective|p1a: Bridge|1\n|-damage|p1a: Bridge|45/100\n|-ability|p1a: Bridge|Stamina|boost\n|-boost|p1a: Bridge|def|1\n|\n|-weather|Sandstorm|[upkeep]\n|upkeep\n|\n|t:|1788450133\n|switch|p1b: Birb|Staraptor, L50, M|100/100\n|-ability|p1b: Birb|Intimidate|boost\n|-unboost|p2a: Ymir|atk|1\n|-unboost|p2b: Valr|atk|1\n|turn|6\n|-message|AuraofEirikr forfeited.\n|\n|win|Megawinner122223\n|raw|Megawinner122223's rating: 1005 &rarr; <strong>1055</strong><br />(+50 for winning)\n|raw|AuraofEirikr's rating: 1105 &rarr; <strong>1073</strong><br />(-32 for losing)\n|l|☆AuraofEirikr\n|player|p2|\n","uploadtime":1788450146,"views":"1","formatid":"gen9championsvgc2026regmb","rating":1055,"private":0,"password":null}