{"id":"gen9championsvgc2026regmb-2673891769","format":"[Gen 9 Champions] VGC 2026 Reg M-B","players":["0-x ft wayne","UncleCypher"],"log":"|j|☆0-x ft wayne\n|j|☆UncleCypher\n|t:|1788273772\n|gametype|doubles\n|player|p1|0-x ft wayne|drayton|1279\n|player|p2|UncleCypher|zinzolin|1332\n|gen|9\n|tier|[Gen 9 Champions] VGC 2026 Reg M-B\n|rated|\n|rule|Species Clause: Limit one of each Pokémon\n|rule|Item Clause: Limit 1 of each item\n|clearpoke\n|poke|p1|Scovillain, L50, F|\n|poke|p1|Basculegion, L50, M|\n|poke|p1|Kingambit, L50, M|\n|poke|p1|Sneasler, L50, M|\n|poke|p1|Lycanroc-Dusk, L50, M|\n|poke|p1|Froslass, L50, F|\n|poke|p2|Farigiraf, L50, F|\n|poke|p2|Sylveon, L50, F|\n|poke|p2|Camerupt, L50, F|\n|poke|p2|Abomasnow, L50, M|\n|poke|p2|Kingambit, L50, M|\n|poke|p2|Oranguru, L50, F|\n|teampreview|4\n|inactive|Battle timer is ON: inactive players will automatically lose when time's up. (requested by UncleCypher)\n|inactive|0-x ft wayne has 60 seconds left.\n|\n|t:|1788273809\n|teamsize|p1|4\n|teamsize|p2|4\n|start\n|switch|p1a: Scovillain|Scovillain, L50, F|100/100\n|switch|p1b: Kingambit|Kingambit, L50, M|100/100\n|switch|p2a: Farigiraf|Farigiraf, L50, F|100/100\n|switch|p2b: Camerupt|Camerupt, L50, F|100/100\n|turn|1\n|inactive|0-x ft wayne has 30 seconds left.\n|\n|t:|1788273835\n|detailschange|p1a: Scovillain|Scovillain-Mega, L50, F\n|-mega|p1a: Scovillain|Scovillain|Scovillainite\n|detailschange|p2b: Camerupt|Camerupt-Mega, L50, F\n|-mega|p2b: Camerupt|Camerupt|Cameruptite\n|move|p1a: Scovillain|Overheat|p2a: Farigiraf\n|-crit|p2a: Farigiraf\n|-damage|p2a: Farigiraf|13/100\n|-unboost|p1a: Scovillain|spa|2\n|move|p1b: Kingambit|Kowtow Cleave|p2a: Farigiraf\n|-supereffective|p2a: Farigiraf|1\n|-enditem|p2a: Farigiraf|Colbur Berry|[eat]\n|-enditem|p2a: Farigiraf|Colbur Berry|[weaken]\n|-damage|p2a: Farigiraf|0 fnt\n|faint|p2a: Farigiraf\n|move|p2b: Camerupt|Heat Wave|p1a: Scovillain|[spread] p1a,p1b\n|-supereffective|p1b: Kingambit|1\n|-damage|p1a: Scovillain|36/100\n|-damage|p1b: Kingambit|0 fnt\n|faint|p1b: Kingambit\n|\n|upkeep\n|\n|t:|1788273850\n|switch|p1b: Basculegion|Basculegion, L50, M|100/100\n|switch|p2a: Sylveon|Sylveon, L50, F|100/100\n|turn|2\n|\n|t:|1788273866\n|move|p1b: Basculegion|Protect|p1b: Basculegion\n|-singleturn|p1b: Basculegion|Protect\n|move|p1a: Scovillain|Protect|p1a: Scovillain\n|-singleturn|p1a: Scovillain|Protect\n|move|p2b: Camerupt|Protect|p2b: Camerupt\n|-singleturn|p2b: Camerupt|Protect\n|move|p2a: Sylveon|Hyper Beam|p1b: Basculegion\n|-activate|p1b: Basculegion|move: Protect\n|\n|upkeep\n|turn|3\n|\n|t:|1788273891\n|switch|p2b: Kingambit|Kingambit, L50, M|100/100\n|move|p1a: Scovillain|Rage Powder|p1a: Scovillain\n|-singleturn|p1a: Scovillain|move: Rage Powder\n|move|p1b: Basculegion|Wave Crash|p2b: Kingambit\n|-damage|p2b: Kingambit|23/100\n|-damage|p1b: Basculegion|73/100|[from] Recoil\n|-damage|p1b: Basculegion|64/100|[from] item: Life Orb\n|move|p2a: Sylveon|Hyper Beam|p1a: Scovillain|[miss]\n|-miss|p2a: Sylveon|p1a: Scovillain\n|\n|upkeep\n|turn|4\n|inactive|0-x ft wayne has 30 seconds left.\n|inactive|UncleCypher has 30 seconds left.\n|inactive|UncleCypher has 20 seconds left.\n|inactive|UncleCypher has 15 seconds left.\n|inactive|UncleCypher has 10 seconds left.\n|\n|t:|1788273940\n|move|p1a: Scovillain|Rage Powder|p1a: Scovillain\n|-singleturn|p1a: Scovillain|move: Rage Powder\n|move|p2b: Kingambit|Sucker Punch||[still]\n|-fail|p2b: Kingambit\n|move|p1b: Basculegion|Wave Crash|p2a: Sylveon\n|-damage|p2a: Sylveon|0 fnt\n|faint|p2a: Sylveon\n|-damage|p1b: Basculegion|30/100|[from] Recoil\n|-damage|p1b: Basculegion|21/100|[from] item: Life Orb\n|\n|upkeep\n|\n|t:|1788273943\n|switch|p2a: Camerupt|Camerupt-Mega, L50, F|100/100\n|turn|5\n|\n|t:|1788273965\n|move|p2a: Camerupt|Protect|p2a: Camerupt\n|-singleturn|p2a: Camerupt|Protect\n|move|p1a: Scovillain|Rage Powder|p1a: Scovillain\n|-singleturn|p1a: Scovillain|move: Rage Powder\n|move|p1b: Basculegion|Aqua Jet|p2a: Camerupt\n|-activate|p2a: Camerupt|move: Protect\n|move|p2b: Kingambit|Iron Head|p1a: Scovillain\n|-resisted|p1a: Scovillain|1\n|-damage|p1a: Scovillain|14/100\n|-status|p2b: Kingambit|brn|[from] ability: Spicy Spray|[of] p1a: Scovillain\n|\n|-damage|p2b: Kingambit|17/100 brn|[from] brn\n|upkeep\n|turn|6\n|\n|t:|1788273978\n|move|p1a: Scovillain|Rage Powder|p1a: Scovillain\n|-singleturn|p1a: Scovillain|move: Rage Powder\n|move|p1b: Basculegion|Wave Crash|p2a: Camerupt\n|-supereffective|p2a: Camerupt|2\n|-damage|p2a: Camerupt|0 fnt\n|faint|p2a: Camerupt\n|-damage|p1b: Basculegion|0 fnt|[from] Recoil\n|faint|p1b: Basculegion\n|move|p2b: Kingambit|Iron Head|p1a: Scovillain\n|-resisted|p1a: Scovillain|1\n|-damage|p1a: Scovillain|4/100\n|\n|-damage|p2b: Kingambit|11/100 brn|[from] brn\n|upkeep\n|\n|t:|1788273983\n|switch|p1b: Sneasler|Sneasler, L50, M|100/100\n|turn|7\n|-message|UncleCypher forfeited.\n|\n|win|0-x ft wayne\n|raw|0-x ft wayne's rating: 1279 &rarr; <strong>1308</strong><br />(+29 for winning)\n|raw|UncleCypher's rating: 1332 &rarr; <strong>1309</strong><br />(-23 for losing)\n","uploadtime":1788273987,"views":"0","formatid":"gen9championsvgc2026regmb","rating":1308,"private":0,"password":null}