{"id":"gen9championsvgc2026regmb-2674850136","format":"[Gen 9 Champions] VGC 2026 Reg M-B","players":["pandemolde37","GigiPennarello"],"log":"|j|☆pandemolde37\n|j|☆GigiPennarello\n|t:|1788420881\n|gametype|doubles\n|player|p1|pandemolde37|miku-ground|1104\n|player|p2|GigiPennarello|2|1000\n|gen|9\n|tier|[Gen 9 Champions] VGC 2026 Reg M-B\n|rated|\n|rule|Species Clause: Limit one of each Pokémon\n|rule|Item Clause: Limit 1 of each item\n|clearpoke\n|poke|p1|Blastoise, L50, M|\n|poke|p1|Sinistcha, L50|\n|poke|p1|Sneasler, L50, F|\n|poke|p1|Grimmsnarl, L50, M|\n|poke|p1|Delphox, L50, F|\n|poke|p1|Arcanine-Hisui, L50, F|\n|poke|p2|Gholdengo, L50|\n|poke|p2|Scrafty, L50, F|\n|poke|p2|Ninetales-Alola, L50, M|\n|poke|p2|Aerodactyl, L50, M|\n|poke|p2|Garchomp, L50, M|\n|poke|p2|Sylveon, L50, M|\n|teampreview|4\n|inactive|Battle timer is ON: inactive players will automatically lose when time's up. (requested by pandemolde37)\n|inactive|GigiPennarello has 60 seconds left.\n|\n|t:|1788420914\n|teamsize|p1|4\n|teamsize|p2|4\n|start\n|switch|p1a: Sneasler|Sneasler, L50, F|100/100\n|switch|p1b: Blastoise|Blastoise, L50, M|100/100\n|switch|p2a: Gholdengo|Gholdengo, L50|100/100\n|switch|p2b: Ninetales|Ninetales-Alola, L50, M|100/100\n|-weather|Snowscape|[from] ability: Snow Warning|[of] p2b: Ninetales\n|turn|1\n|inactive|pandemolde37 has 30 seconds left.\n|\n|t:|1788420945\n|detailschange|p1b: Blastoise|Blastoise-Mega, L50, M\n|-mega|p1b: Blastoise|Blastoise|Blastoisinite\n|move|p1a: Sneasler|Fake Out|p2b: Ninetales\n|-damage|p2b: Ninetales|86/100\n|move|p2a: Gholdengo|Make It Rain|p1b: Blastoise|[spread] p1a,p1b\n|-resisted|p1b: Blastoise|1\n|-damage|p1a: Sneasler|31/100\n|-damage|p1b: Blastoise|71/100\n|-unboost|p2a: Gholdengo|spa|2\n|cant|p2b: Ninetales|flinch\n|move|p1b: Blastoise|Dark Pulse|p2a: Gholdengo\n|-supereffective|p2a: Gholdengo|1\n|-damage|p2a: Gholdengo|5/100\n|\n|-weather|Snowscape|[upkeep]\n|upkeep\n|turn|2\n|\n|t:|1788420963\n|move|p1a: Sneasler|Protect|p1a: Sneasler\n|-singleturn|p1a: Sneasler|Protect\n|move|p2a: Gholdengo|Make It Rain|p1a: Sneasler|[spread] p1b\n|-activate|p1a: Sneasler|move: Protect\n|-resisted|p1b: Blastoise|1\n|-damage|p1b: Blastoise|57/100\n|-unboost|p2a: Gholdengo|spa|2\n|move|p2b: Ninetales|Aurora Veil|p2b: Ninetales\n|-sidestart|p2: GigiPennarello|move: Aurora Veil\n|move|p1b: Blastoise|Water Spout|p2b: Ninetales|[spread] p2a,p2b\n|-crit|p2a: Gholdengo\n|-damage|p2a: Gholdengo|0 fnt\n|-damage|p2b: Ninetales|60/100\n|faint|p2a: Gholdengo\n|\n|-weather|Snowscape|[upkeep]\n|upkeep\n|\n|t:|1788420978\n|switch|p2a: Scrafty|Scrafty, L50, F|100/100\n|-ability|p2a: Scrafty|Intimidate|boost\n|-unboost|p1a: Sneasler|atk|1\n|-unboost|p1b: Blastoise|atk|1\n|-enditem|p1a: Sneasler|White Herb\n|-clearnegativeboost|p1a: Sneasler|[silent]\n|turn|3\n|\n|t:|1788420995\n|move|p1b: Blastoise|Protect|p1b: Blastoise\n|-singleturn|p1b: Blastoise|Protect\n|move|p2a: Scrafty|Fake Out|p1b: Blastoise\n|-activate|p1b: Blastoise|move: Protect\n|move|p1a: Sneasler|Dire Claw|p2b: Ninetales\n|-supereffective|p2b: Ninetales|1\n|-damage|p2b: Ninetales|1/100\n|move|p2b: Ninetales|Icy Wind|p1b: Blastoise|[spread] p1a\n|-activate|p1b: Blastoise|move: Protect\n|-damage|p1a: Sneasler|9/100\n|-unboost|p1a: Sneasler|spe|1\n|\n|-weather|Snowscape|[upkeep]\n|upkeep\n|turn|4\n|\n|t:|1788421017\n|switch|p1a: Sinistcha|Sinistcha, L50|100/100\n|-heal|p1b: Blastoise|82/100|[from] ability: Hospitality|[of] p1a: Sinistcha\n|move|p2b: Ninetales|Encore|p1b: Blastoise\n|-start|p1b: Blastoise|Encore\n|move|p1b: Blastoise|Protect||[still]\n|-fail|p1b: Blastoise\n|move|p2a: Scrafty|Swords Dance|p2a: Scrafty\n|-boost|p2a: Scrafty|atk|2\n|\n|-weather|Snowscape|[upkeep]\n|upkeep\n|turn|5\n|\n|t:|1788421032\n|switch|p1b: Sneasler|Sneasler, L50, F|9/100\n|move|p2b: Ninetales|Blizzard|p1b: Sneasler|[spread] p1a,p1b\n|-supereffective|p1a: Sinistcha|1\n|-damage|p1a: Sinistcha|42/100\n|-damage|p1b: Sneasler|0 fnt\n|-status|p1a: Sinistcha|frz\n|faint|p1b: Sneasler\n|move|p2a: Scrafty|Knock Off|p1a: Sinistcha\n|-supereffective|p1a: Sinistcha|1\n|-enditem|p1a: Sinistcha|Colbur Berry|[eat]\n|-enditem|p1a: Sinistcha|Colbur Berry|[weaken]\n|-damage|p1a: Sinistcha|0 fnt\n|faint|p1a: Sinistcha\n|\n|-weather|none\n|upkeep\n|\n|t:|1788421045\n|switch|p1b: Blastoise|Blastoise-Mega, L50, M|82/100\n|switch|p1a: Delphox|Delphox, L50, F|100/100\n|turn|6\n|\n|t:|1788421068\n|move|p1a: Delphox|Heat Wave|p2b: Ninetales|[spread] p2a,p2b\n|-supereffective|p2b: Ninetales|1\n|-damage|p2a: Scrafty|73/100\n|-damage|p2b: Ninetales|0 fnt\n|faint|p2b: Ninetales\n|move|p1b: Blastoise|Shell Smash|p1b: Blastoise\n|-unboost|p1b: Blastoise|def|1\n|-unboost|p1b: Blastoise|spd|1\n|-boost|p1b: Blastoise|atk|2\n|-boost|p1b: Blastoise|spa|2\n|-boost|p1b: Blastoise|spe|2\n|move|p2a: Scrafty|Knock Off|p1a: Delphox\n|-supereffective|p1a: Delphox|1\n|-damage|p1a: Delphox|0 fnt\n|faint|p1a: Delphox\n|\n|upkeep\n|\n|t:|1788421080\n|switch|p2b: Aerodactyl|Aerodactyl, L50, M|100/100\n|-ability|p2b: Aerodactyl|Unnerve\n|turn|7\n|\n|t:|1788421088\n|move|p1b: Blastoise|Water Spout|p2b: Aerodactyl|[spread] p2a,p2b\n|-supereffective|p2b: Aerodactyl|1\n|-damage|p2a: Scrafty|0 fnt\n|-enditem|p2b: Aerodactyl|Focus Sash\n|-damage|p2b: Aerodactyl|1/100\n|faint|p2a: Scrafty\n|move|p2b: Aerodactyl|Tailwind|p2b: Aerodactyl\n|-sidestart|p2: GigiPennarello|move: Tailwind\n|\n|upkeep\n|turn|8\n|\n|t:|1788421100\n|move|p2b: Aerodactyl|Dual Wingbeat|p1b: Blastoise\n|-damage|p1b: Blastoise|51/100\n|-damage|p1b: Blastoise|23/100\n|-hitcount|p1b: Blastoise|2\n|move|p1b: Blastoise|Dark Pulse|p2b: Aerodactyl\n|-damage|p2b: Aerodactyl|0 fnt\n|faint|p2b: Aerodactyl\n|\n|win|pandemolde37\n|raw|pandemolde37's rating: 1104 &rarr; <strong>1122</strong><br />(+18 for winning)\n|raw|GigiPennarello's rating: 1000 &rarr; <strong>1000</strong><br />(+0 for losing)\n|l|☆GigiPennarello\n|player|p2|\n","uploadtime":1788421108,"views":"15","formatid":"gen9championsvgc2026regmb","rating":1000,"private":0,"password":null}