{"id":"gen9championsvgc2026regmbbo3-2674173183","format":"[Gen 9 Champions] VGC 2026 Reg M-B (Bo3)","players":["DarkQueenSerena","imagirlwert"],"log":"|j|☆DarkQueenSerena\n|j|☆imagirlwert\n|html|<table width=\"100%\"><tr><td align=\"left\">DarkQueenSerena</td><td align=\"right\">imagirlwert</tr><tr><td align=\"left\"><i class=\"fa fa-circle\"></i> <i class=\"fa fa-circle-o\"></i> </td><td align=\"right\"><i class=\"fa fa-circle-o\"></i> <i class=\"fa fa-circle-o\"></i> </tr></table>\n|uhtml|bestof|<h2><strong>Game 2</strong> of <a href=\"/game-bestof3-gen9championsvgc2026regmbbo3-2674171172\">a best-of-3</a></h2>\n|t:|1788310142\n|gametype|doubles\n|player|p1|DarkQueenSerena|clair|1000\n|player|p2|imagirlwert|266|1096\n|gen|9\n|tier|[Gen 9 Champions] VGC 2026 Reg M-B (Bo3)\n|rated|\n|rule|Species Clause: Limit one of each Pokémon\n|rule|Item Clause: Limit 1 of each item\n|clearpoke\n|poke|p1|Sinistcha-Masterpiece, L50|\n|poke|p1|Clefable, L50, F|\n|poke|p1|Raichu-Alola, L50, F|\n|poke|p1|Sneasler, L50, M|\n|poke|p1|Mawile, L50, F|\n|poke|p1|Garchomp, L50, F|\n|poke|p2|Delphox, L50, F, shiny|\n|poke|p2|Garchomp, L50, F|\n|poke|p2|Maushold-Four, L50|\n|poke|p2|Grimmsnarl, L50, M, shiny|\n|poke|p2|Talonflame, L50, F, shiny|\n|poke|p2|Glimmora, L50, M|\n|teampreview|4\n|showteam|p1|Sinistcha-Masterpiece||Leftovers|Hospitality|MatchaGotcha,Protect,StrengthSap,LifeDew|Bold|||||50|]Clefable||Clefablite|MagicGuard|AirSlash,Moonblast,Flamethrower,Protect|Modest||F|||50|]Raichu-Alola||MentalHerb|SurgeSurfer|Nuzzle,PsychicNoise,FakeOut,SpeedSwap|Timid||F|||50|]Sneasler||FocusSash|PoisonTouch|DireClaw,CloseCombat,Feint,FakeOut|Adamant||M|||50|]Mawile||Mawilite|Intimidate|IronHead,PlayRough,RockSlide,Protect|Adamant||F|||50|]Garchomp||ChoiceScarf|RoughSkin|RockSlide,DragonClaw,Earthquake,PoisonJab|Jolly||F|||50|\n|showteam|p2|Delphox||Delphoxite|Blaze|HeatWave,Psychic,NastyPlot,Protect|Modest||F|||50|]Garchomp||LifeOrb|RoughSkin|Earthquake,DragonClaw,RockSlide,Protect|Jolly||F|||50|]Maushold-Four||ChopleBerry|FriendGuard|SuperFang,FollowMe,Taunt,Encore|Jolly|||||50|]Grimmsnarl||LightClay|Prankster|SpiritBreak,LightScreen,Reflect,PartingShot|Adamant||M|||50|]Talonflame||FocusSash|GaleWings|Acrobatics,Tailwind,QuickGuard,WillOWisp|Jolly||F|||50|]Glimmora||Glimmoranite|ToxicDebris|PowerGem,SludgeBomb,EarthPower,SpikyShield|Timid||M|||50|\n|\n|t:|1788310173\n|teamsize|p1|4\n|teamsize|p2|4\n|start\n|switch|p1a: Sneasler|Sneasler, L50, M|100/100\n|switch|p1b: Garchomp|Garchomp, L50, F|100/100\n|switch|p2a: Talonflame|Talonflame, L50, F, shiny|100/100\n|switch|p2b: Garchomp|Garchomp, L50, F|100/100\n|turn|1\n|\n|t:|1788310200\n|move|p2b: Garchomp|Protect|p2b: Garchomp\n|-singleturn|p2b: Garchomp|Protect\n|move|p1a: Sneasler|Fake Out|p2a: Talonflame\n|-damage|p2a: Talonflame|75/100\n|move|p1b: Garchomp|Dragon Claw|p2b: Garchomp\n|-activate|p2b: Garchomp|move: Protect\n|cant|p2a: Talonflame|flinch\n|\n|upkeep\n|turn|2\n|\n|t:|1788310227\n|move|p1b: Garchomp|Dragon Claw|p2b: Garchomp\n|-supereffective|p2b: Garchomp|1\n|-damage|p2b: Garchomp|17/100\n|-damage|p1b: Garchomp|87/100|[from] ability: Rough Skin|[of] p2b: Garchomp\n|move|p2a: Talonflame|Tailwind|p2a: Talonflame\n|-sidestart|p2: imagirlwert|move: Tailwind\n|move|p2b: Garchomp|Dragon Claw|p1b: Garchomp\n|-supereffective|p1b: Garchomp|1\n|-damage|p1b: Garchomp|0 fnt\n|-damage|p2b: Garchomp|5/100|[from] ability: Rough Skin|[of] p1b: Garchomp\n|faint|p1b: Garchomp\n|-damage|p2b: Garchomp|0 fnt|[from] item: Life Orb\n|faint|p2b: Garchomp\n|move|p1a: Sneasler|Dire Claw|p2a: Talonflame\n|-damage|p2a: Talonflame|2/100\n|-status|p2a: Talonflame|par\n|\n|upkeep\n|\n|t:|1788310245\n|switch|p2b: Delphox|Delphox, L50, F, shiny|100/100\n|switch|p1b: Clefable|Clefable, L50, F|100/100\n|turn|3\n|\n|t:|1788310284\n|detailschange|p2b: Delphox|Delphox-Mega, L50, F, shiny\n|-mega|p2b: Delphox|Delphox|Delphoxite\n|detailschange|p1b: Clefable|Clefable-Mega, L50, F\n|-mega|p1b: Clefable|Clefable|Clefablite\n|move|p2b: Delphox|Nasty Plot|p2b: Delphox\n|-boost|p2b: Delphox|spa|2\n|move|p2a: Talonflame|Will-O-Wisp|p1a: Sneasler|[miss]\n|-miss|p2a: Talonflame|p1a: Sneasler\n|move|p1a: Sneasler|Dire Claw|p2b: Delphox\n|-damage|p2b: Delphox|50/100g\n|move|p1b: Clefable|Air Slash|p2b: Delphox\n|-damage|p2b: Delphox|13/100\n|\n|upkeep\n|turn|4\n|\n|t:|1788310304\n|move|p2b: Delphox|Heat Wave|p1b: Clefable|[spread] p1a,p1b\n|-enditem|p1a: Sneasler|Focus Sash\n|-damage|p1a: Sneasler|1/100\n|-damage|p1b: Clefable|18/100\n|move|p2a: Talonflame|Will-O-Wisp|p1a: Sneasler\n|-status|p1a: Sneasler|brn\n|move|p1a: Sneasler|Dire Claw|p2b: Delphox\n|-damage|p2b: Delphox|0 fnt\n|faint|p2b: Delphox\n|move|p1b: Clefable|Air Slash|p2a: Talonflame\n|-damage|p2a: Talonflame|0 fnt\n|faint|p2a: Talonflame\n|\n|-damage|p1a: Sneasler|0 fnt|[from] brn\n|faint|p1a: Sneasler\n|upkeep\n|\n|t:|1788310334\n|switch|p2a: Grimmsnarl|Grimmsnarl, L50, M, shiny|100/100\n|switch|p1a: Sinistcha|Sinistcha-Masterpiece, L50|100/100\n|-heal|p1b: Clefable|42/100|[from] ability: Hospitality|[of] p1a: Sinistcha\n|turn|5\n|\n|t:|1788310357\n|move|p2a: Grimmsnarl|Light Screen|p2a: Grimmsnarl\n|-sidestart|p2: imagirlwert|move: Light Screen\n|move|p1b: Clefable|Moonblast|p2a: Grimmsnarl\n|-supereffective|p2a: Grimmsnarl|1\n|-damage|p2a: Grimmsnarl|24/100\n|move|p1a: Sinistcha|Matcha Gotcha|p2a: Grimmsnarl\n|-damage|p2a: Grimmsnarl|1/100\n|-status|p2a: Grimmsnarl|brn\n|\n|-damage|p2a: Grimmsnarl|0 fnt|[from] brn\n|faint|p2a: Grimmsnarl\n|\n|win|DarkQueenSerena\n|raw|DarkQueenSerena's rating: 1000 &rarr; <strong>1051</strong><br />(+51 for winning)\n|raw|imagirlwert's rating: 1096 &rarr; <strong>1065</strong><br />(-31 for losing)\n","uploadtime":1788310362,"views":"3","formatid":"gen9championsvgc2026regmbbo3","rating":1051,"private":0,"password":null}