{"id":"gen9championsvgc2026regmbbo3-2673370855","format":"[Gen 9 Champions] VGC 2026 Reg M-B (Bo3)","players":["lucashero","Tortle489VGC"],"log":"|j|☆lucashero\n|j|‽Tortle489VGC\n|html|<table width=\"100%\"><tr><td align=\"left\">lucashero</td><td align=\"right\">Tortle489VGC</tr><tr><td align=\"left\"><i class=\"fa fa-circle\"></i> <i class=\"fa fa-circle-o\"></i> </td><td align=\"right\"><i class=\"fa fa-circle-o\"></i> <i class=\"fa fa-circle\"></i> </tr></table>\n|uhtml|bestof|<h2><strong>Game 3</strong> of <a href=\"/game-bestof3-gen9championsvgc2026regmbbo3-2673366656\">a best-of-3</a></h2>\n|t:|1788189531\n|gametype|doubles\n|player|p1|lucashero|102|1078\n|player|p2|Tortle489VGC|102|1048\n|gen|9\n|tier|[Gen 9 Champions] VGC 2026 Reg M-B (Bo3)\n|rated|\n|rule|Species Clause: Limit one of each Pokémon\n|rule|Item Clause: Limit 1 of each item\n|clearpoke\n|poke|p1|Mr. Rime, L50, M, shiny|\n|poke|p1|Vanilluxe, L50, M, shiny|\n|poke|p1|Slurpuff, L50, M, shiny|\n|poke|p1|Tauros-Paldea-Blaze, L50, M, shiny|\n|poke|p1|Rotom-Mow, L50, shiny|\n|poke|p1|Quaquaval, L50, M, shiny|\n|poke|p2|Slowbro, L50, M|\n|poke|p2|Hatterene, L50, F|\n|poke|p2|Conkeldurr, L50, F|\n|poke|p2|Mudsdale, L50, F|\n|poke|p2|Kingambit, L50, M|\n|poke|p2|Clefable, L50, F|\n|teampreview|4\n|showteam|p1|Mr. Rime||ColburBerry|ScreenCleaner|FakeOut,Protect,FreezeDry,Psychic|Sassy||M|||50|]Vanilluxe||FocusSash|SnowWarning|AuroraVeil,Blizzard,Protect,MirrorCoat|Modest||M|||50|]Slurpuff||SitrusBerry|Unburden|Endeavor,DrainPunch,PlayRough,Endure|Adamant||M|||50|]Tauros-Paldea-Blaze||MentalHerb|Intimidate|RagingBull,CloseCombat,BulkUp,Protect|Jolly||M|||50|]Rotom-Mow||OccaBerry|Levitate|VoltSwitch,LeafStorm,LightScreen,WillOWisp|Timid|||||50|]Quaquaval||ChoiceScarf|Moxie|FlipTurn,IcyWind,CloseCombat,AquaStep|Naive||M|||50|\n|showteam|p2|Slowbro||Slowbronite|Oblivious|TrickRoom,NastyPlot,ExpandingForce,Scald|Quiet||M|||50|]Hatterene||FocusSash|MagicBounce|TrickRoom,PsychicTerrain,ExpandingForce,DazzlingGleam|Quiet||F|||50|]Conkeldurr||WhiteHerb|IronFist|DrainPunch,KnockOff,BulkUp,Protect|Adamant||F|||50|]Mudsdale||Leftovers|Stamina|HighHorsepower,BodyPress,IronDefense,Protect|Brave||F|||50|]Kingambit||BlackGlasses|Defiant|KowtowCleave,SuckerPunch,IronHead,LowKick|Adamant||M|||50|]Clefable||MentalHerb|MagicGuard|FollowMe,LifeDew,HelpingHand,Moonblast|Calm||F|||50|\n|inactive|Battle timer is ON: inactive players will automatically lose when time's up. (requested by lucashero)\n|inactive|Tortle489VGC also wants the timer to be on.\n|inactive|lucashero has 60 seconds left.\n|\n|t:|1788189567\n|teamsize|p1|4\n|teamsize|p2|4\n|start\n|switch|p1a: Mr. Rime|Mr. Rime, L50, M, shiny|100/100\n|switch|p1b: Vanilluxe|Vanilluxe, L50, M, shiny|100/100\n|switch|p2a: Hatterene|Hatterene, L50, F|100/100\n|switch|p2b: Clefable|Clefable, L50, F|100/100\n|-weather|Snowscape|[from] ability: Snow Warning|[of] p1b: Vanilluxe\n|turn|1\n|\n|t:|1788189582\n|move|p1a: Mr. Rime|Fake Out|p2a: Hatterene\n|-damage|p2a: Hatterene|90/100\n|move|p1b: Vanilluxe|Aurora Veil|p1b: Vanilluxe\n|-sidestart|p1: lucashero|move: Aurora Veil\n|move|p2b: Clefable|Life Dew||[still]|[spread] p2a,p2b\n|-heal|p2a: Hatterene|100/100\n|-fail|p2b: Clefable|heal\n|cant|p2a: Hatterene|flinch\n|\n|-weather|Snowscape|[upkeep]\n|upkeep\n|turn|2\n|\n|t:|1788189605\n|move|p2b: Clefable|Follow Me|p2b: Clefable\n|-singleturn|p2b: Clefable|move: Follow Me\n|move|p1b: Vanilluxe|Blizzard|p2a: Hatterene|[spread] p2a,p2b\n|-damage|p2a: Hatterene|56/100\n|-damage|p2b: Clefable|71/100\n|move|p1a: Mr. Rime|Freeze-Dry|p2b: Clefable\n|-damage|p2b: Clefable|52/100\n|move|p2a: Hatterene|Trick Room|p2a: Hatterene\n|-fieldstart|move: Trick Room|[of] p2a: Hatterene\n|\n|-weather|Snowscape|[upkeep]\n|upkeep\n|turn|3\n|inactive|Tortle489VGC has 30 seconds left.\n|inactive|lucashero has 30 seconds left.\n|\n|t:|1788189636\n|switch|p1a: Slurpuff|Slurpuff, L50, M, shiny|100/100\n|move|p2a: Hatterene|Psychic Terrain|p2a: Hatterene\n|-fieldstart|move: Psychic Terrain\n|move|p2b: Clefable|Life Dew|p2b: Clefable|[spread] p2a,p2b\n|-heal|p2a: Hatterene|81/100\n|-heal|p2b: Clefable|78/100\n|move|p1b: Vanilluxe|Blizzard|p2b: Clefable|[spread] p2a,p2b\n|-damage|p2a: Hatterene|40/100\n|-damage|p2b: Clefable|50/100g\n|\n|-weather|Snowscape|[upkeep]\n|upkeep\n|turn|4\n|\n|t:|1788189652\n|move|p2a: Hatterene|Expanding Force|p1a: Slurpuff|[spread] p1a,p1b\n|-damage|p1a: Slurpuff|37/100\n|-damage|p1b: Vanilluxe|39/100\n|-enditem|p1a: Slurpuff|Sitrus Berry|[eat]\n|-heal|p1a: Slurpuff|62/100|[from] item: Sitrus Berry\n|move|p2b: Clefable|Moonblast|p1b: Vanilluxe\n|-damage|p1b: Vanilluxe|13/100\n|move|p1b: Vanilluxe|Blizzard|p2a: Hatterene|[spread] p2a,p2b\n|-damage|p2a: Hatterene|0 fnt\n|-damage|p2b: Clefable|24/100\n|faint|p2a: Hatterene\n|move|p1a: Slurpuff|Play Rough|p2b: Clefable\n|-damage|p2b: Clefable|0 fnt\n|faint|p2b: Clefable\n|\n|-weather|Snowscape|[upkeep]\n|upkeep\n|\n|t:|1788189664\n|switch|p2a: Slowbro|Slowbro, L50, M|100/100\n|switch|p2b: Conkeldurr|Conkeldurr, L50, F|100/100\n|turn|5\n|inactive|lucashero has 30 seconds left.\n|\n|t:|1788189694\n|detailschange|p2a: Slowbro|Slowbro-Mega, L50, M\n|-mega|p2a: Slowbro|Slowbro|Slowbronite\n|move|p1a: Slurpuff|Endure|p1a: Slurpuff\n|-singleturn|p1a: Slurpuff|move: Endure\n|move|p2a: Slowbro|Expanding Force|p1b: Vanilluxe|[spread] p1a,p1b\n|-crit|p1b: Vanilluxe\n|-damage|p1a: Slurpuff|3/100\n|-damage|p1b: Vanilluxe|0 fnt\n|faint|p1b: Vanilluxe\n|move|p2b: Conkeldurr|Drain Punch|p1a: Slurpuff\n|-resisted|p1a: Slurpuff|1\n|-activate|p1a: Slurpuff|move: Endure\n|-damage|p1a: Slurpuff|1/100\n|\n|-weather|none\n|-sideend|p1: lucashero|move: Aurora Veil\n|upkeep\n|\n|t:|1788189711\n|switch|p1b: Mr. Rime|Mr. Rime, L50, M, shiny|100/100\n|turn|6\n|inactive|lucashero has 30 seconds left.\n|inactive|lucashero has 20 seconds left.\n|\n|t:|1788189756\n|move|p2a: Slowbro|Expanding Force|p1b: Mr. Rime|[spread] p1a,p1b\n|-resisted|p1b: Mr. Rime|1\n|-damage|p1a: Slurpuff|0 fnt\n|-damage|p1b: Mr. Rime|78/100\n|faint|p1a: Slurpuff\n|move|p2b: Conkeldurr|Knock Off|p1b: Mr. Rime\n|-supereffective|p1b: Mr. Rime|1\n|-enditem|p1b: Mr. Rime|Colbur Berry|[eat]\n|-enditem|p1b: Mr. Rime|Colbur Berry|[weaken]\n|-damage|p1b: Mr. Rime|32/100\n|move|p1b: Mr. Rime|Psychic|p2b: Conkeldurr\n|-supereffective|p2b: Conkeldurr|1\n|-damage|p2b: Conkeldurr|0 fnt\n|faint|p2b: Conkeldurr\n|\n|-fieldend|move: Trick Room\n|upkeep\n|\n|t:|1788189770\n|switch|p1a: Rotom|Rotom-Mow, L50, shiny|100/100\n|turn|7\n|\n|t:|1788189776\n|move|p1a: Rotom|Volt Switch|p2a: Slowbro\n|-supereffective|p2a: Slowbro|1\n|-damage|p2a: Slowbro|34/100\n|move|p1b: Mr. Rime|Freeze-Dry|p2a: Slowbro\n|-supereffective|p2a: Slowbro|1\n|-damage|p2a: Slowbro|0 fnt\n|faint|p2a: Slowbro\n|\n|win|lucashero\n|raw|lucashero's rating: 1058 &rarr; <strong>1088</strong><br />(+30 for winning)\n|raw|Tortle489VGC's rating: 1048 &rarr; <strong>1031</strong><br />(-17 for losing)\n|l|‽Tortle489VGC\n|player|p2|\n","uploadtime":1788189786,"views":"7","formatid":"gen9championsvgc2026regmbbo3","rating":1031,"private":0,"password":null}