{"id":"gen9championsvgc2026regmb-2674044090","format":"[Gen 9 Champions] VGC 2026 Reg M-B","players":["monismeme","Galyon13"],"log":"|j|☆monismeme\n|j|☆Galyon13\n|t:|1788291884\n|gametype|doubles\n|player|p1|monismeme|roxie|1068\n|player|p2|Galyon13|1|1000\n|gen|9\n|tier|[Gen 9 Champions] VGC 2026 Reg M-B\n|rated|\n|rule|Species Clause: Limit one of each Pokémon\n|rule|Item Clause: Limit 1 of each item\n|clearpoke\n|poke|p1|Sceptile, L50, F|\n|poke|p1|Rotom-Heat, L50, shiny|\n|poke|p1|Basculegion, L50, M, shiny|\n|poke|p1|Aerodactyl, L50, F, shiny|\n|poke|p1|Garchomp, L50, F|\n|poke|p1|Floette-Eternal, L50, F|\n|poke|p2|Goodra-Hisui, L50, F|\n|poke|p2|Dragapult, L50, M|\n|poke|p2|Corviknight, L50, M|\n|poke|p2|Grimmsnarl, L50, M|\n|poke|p2|Basculegion, L50, M|\n|poke|p2|Sneasler, L50, F|\n|teampreview|4\nmonismeme rejected open team sheets.\n|inactive|Battle timer is ON: inactive players will automatically lose when time's up. (requested by monismeme)\n|inactive|Galyon13 has 60 seconds left.\n|\n|t:|1788291956\n|teamsize|p1|4\n|teamsize|p2|4\n|start\n|switch|p1a: Sceptile|Sceptile, L50, F|100/100\n|switch|p1b: Rotom|Rotom-Heat, L50, shiny|100/100\n|switch|p2a: Grimmsnarl|Grimmsnarl, L50, M|100/100\n|switch|p2b: Basculegion|Basculegion, L50, M|100/100\n|turn|1\n|inactive|monismeme has 30 seconds left.\n|\n|t:|1788291983\n|detailschange|p1a: Sceptile|Sceptile-Mega, L50, F\n|-mega|p1a: Sceptile|Sceptile|Sceptilite\n|move|p2a: Grimmsnarl|Light Screen|p2a: Grimmsnarl\n|-sidestart|p2: Galyon13|move: Light Screen\n|move|p1b: Rotom|Discharge|p2b: Basculegion|[spread] p2a,p2b\n|-ability|p1a: Sceptile|Lightning Rod|boost\n|-boost|p1a: Sceptile|spa|1\n|-supereffective|p2b: Basculegion|1\n|-damage|p2a: Grimmsnarl|83/100\n|-damage|p2b: Basculegion|59/100\n|-status|p2a: Grimmsnarl|par\n|-status|p2b: Basculegion|par\n|move|p1a: Sceptile|Grass Knot|p2a: Grimmsnarl\n|-damage|p2a: Grimmsnarl|40/100 par\n|move|p2b: Basculegion|Flip Turn|p1b: Rotom\n|-supereffective|p1b: Rotom|1\n|-damage|p1b: Rotom|19/100\n|inactive|Galyon13 has 30 seconds left.\n|\n|t:|1788292016\n|switch|p2b: Goodra|Goodra-Hisui, L50, F|100/100|[from] Flip Turn\n|\n|upkeep\n|turn|2\n|\n|t:|1788292027\n|move|p2a: Grimmsnarl|Parting Shot|p1a: Sceptile\n|-unboost|p1a: Sceptile|atk|1\n|-unboost|p1a: Sceptile|spa|1\n|\n|t:|1788292033\n|switch|p2a: Basculegion|Basculegion, L50, M|59/100 par|[from] Parting Shot\n|move|p1b: Rotom|Discharge|p2a: Basculegion|[spread] p2a,p2b\n|-ability|p1a: Sceptile|Lightning Rod|boost\n|-boost|p1a: Sceptile|spa|1\n|-supereffective|p2a: Basculegion|1\n|-resisted|p2b: Goodra|1\n|-damage|p2a: Basculegion|15/100 par\n|-damage|p2b: Goodra|94/100\n|move|p1a: Sceptile|Dragon Pulse|p2b: Goodra\n|-damage|p2b: Goodra|66/100\n|move|p2b: Goodra|Shelter|p2b: Goodra\n|-boost|p2b: Goodra|def|2\n|\n|-heal|p2b: Goodra|72/100|[from] item: Leftovers\n|upkeep\n|turn|3\n|\n|t:|1788292056\n|cant|p2a: Basculegion|par\n|move|p1b: Rotom|Discharge|p2b: Goodra|[spread] p2a,p2b\n|-ability|p1a: Sceptile|Lightning Rod|boost\n|-boost|p1a: Sceptile|spa|1\n|-supereffective|p2a: Basculegion|1\n|-resisted|p2b: Goodra|1\n|-damage|p2a: Basculegion|0 fnt\n|-damage|p2b: Goodra|67/100\n|-status|p2b: Goodra|par\n|faint|p2a: Basculegion\n|move|p1a: Sceptile|Earth Power|p2b: Goodra\n|-supereffective|p2b: Goodra|1\n|-damage|p2b: Goodra|10/100 par\n|move|p2b: Goodra|Life Dew|p2b: Goodra\n|-heal|p2b: Goodra|35/100 par\n|\n|-heal|p2b: Goodra|41/100 par|[from] item: Leftovers\n|upkeep\n|\n|t:|1788292069\n|switch|p2a: Sneasler|Sneasler, L50, F|100/100\n|turn|4\n|\n|t:|1788292083\n|move|p2a: Sneasler|Fake Out|p1a: Sceptile\n|-damage|p1a: Sceptile|78/100\n|move|p1b: Rotom|Discharge|p2b: Goodra|[spread] p2a,p2b\n|-ability|p1a: Sceptile|Lightning Rod|boost\n|-boost|p1a: Sceptile|spa|1\n|-resisted|p2b: Goodra|1\n|-damage|p2a: Sneasler|73/100\n|-damage|p2b: Goodra|36/100 par\n|-status|p2a: Sneasler|par\n|cant|p1a: Sceptile|flinch\n|move|p2b: Goodra|Body Press|p1b: Rotom\n|-damage|p1b: Rotom|0 fnt\n|faint|p1b: Rotom\n|\n|-heal|p2b: Goodra|42/100 par|[from] item: Leftovers\n|upkeep\n|\n|t:|1788292098\n|switch|p1b: Basculegion|Basculegion, L50, M, shiny|100/100\n|turn|5\n|\n|t:|1788292113\n|move|p2a: Sneasler|Feint|p1a: Sceptile\n|-damage|p1a: Sceptile|62/100\n|move|p1a: Sceptile|Earth Power|p2b: Goodra\n|-supereffective|p2b: Goodra|1\n|-damage|p2b: Goodra|0 fnt\n|faint|p2b: Goodra\n|move|p1b: Basculegion|Wave Crash|p2a: Sneasler\n|-damage|p2a: Sneasler|0 fnt\n|faint|p2a: Sneasler\n|-damage|p1b: Basculegion|80/100|[from] Recoil\n|\n|upkeep\n|-message|Galyon13 forfeited.\n|\n|win|monismeme\n|raw|monismeme's rating: 1068 &rarr; <strong>1092</strong><br />(+24 for winning)\n|raw|Galyon13's rating: 1000 &rarr; <strong>1000</strong><br />(+0 for losing)\n|l|☆Galyon13\n|player|p2|\n","uploadtime":1788292127,"views":"25","formatid":"gen9championsvgc2026regmb","rating":1000,"private":0,"password":null}