{"id":"gen9championsvgc2026regmbbo3-2674479432","format":"[Gen 9 Champions] VGC 2026 Reg M-B (Bo3)","players":["Goobau","kalaluwi"],"log":"|j|☆Goobau\n|j|☆kalaluwi\n|html|<table width=\"100%\"><tr><td align=\"left\">Goobau</td><td align=\"right\">kalaluwi</tr><tr><td align=\"left\"><i class=\"fa fa-circle-o\"></i> <i class=\"fa fa-circle-o\"></i> </td><td align=\"right\"><i class=\"fa fa-circle-o\"></i> <i class=\"fa fa-circle-o\"></i> </tr></table>\n|uhtml|bestof|<h2><strong>Game 1</strong> of <a href=\"/game-bestof3-gen9championsvgc2026regmbbo3-2674479431\">a best-of-3</a></h2>\n|t:|1788364665\n|gametype|doubles\n|player|p1|Goobau|iono|1196\n|player|p2|kalaluwi|265|1285\n|gen|9\n|tier|[Gen 9 Champions] VGC 2026 Reg M-B (Bo3)\n|rated|\n|rule|Species Clause: Limit one of each Pokémon\n|rule|Item Clause: Limit 1 of each item\n|clearpoke\n|poke|p1|Scovillain, L50, F|\n|poke|p1|Froslass, L50, F|\n|poke|p1|Sneasler, L50, F|\n|poke|p1|Basculegion, L50, M|\n|poke|p1|Kingambit, L50, M|\n|poke|p1|Lycanroc-Dusk, L50, M|\n|poke|p2|Whimsicott, L50, F|\n|poke|p2|Glimmora, L50, M|\n|poke|p2|Vanilluxe, L50, F|\n|poke|p2|Incineroar, L50, F|\n|poke|p2|Garchomp, L50, M|\n|poke|p2|Milotic, L50, F|\n|teampreview|4\n|showteam|p1|Scovillain||Scovillainite|Moody|GigaDrain,Overheat,RagePowder,Protect|Bold||F|||50|]Froslass||Froslassite|CursedBody|Blizzard,ShadowBall,AuroraVeil,Protect|Modest||F|||50|]Sneasler||WhiteHerb|Unburden|DireClaw,CloseCombat,FakeOut,Protect|Adamant||F|||50|]Basculegion||LifeOrb|Adaptability|WaveCrash,AquaJet,LastRespects,Protect|Adamant||M|||50|]Kingambit||BlackGlasses|Defiant|SuckerPunch,KowtowCleave,SwordsDance,Protect|Adamant||M|||50|]Lycanroc-Dusk||FocusSash|ToughClaws|Accelerock,RockSlide,CloseCombat,Protect|Adamant||M|||50|\n|showteam|p2|Whimsicott||FocusSash|Prankster|Tailwind,Moonblast,Encore,Protect|Timid||F|||50|]Glimmora||Glimmoranite|ToxicDebris|EarthPower,SludgeBomb,PowerGem,SpikyShield|Timid||M|||50|]Vanilluxe||ChoiceScarf|IceBody|IcyWind,Blizzard,FreezeDry,SheerCold|Timid||F|||50|]Incineroar||SitrusBerry|Intimidate|FakeOut,PartingShot,FlareBlitz,DarkestLariat|Impish||F|||50|]Garchomp||LifeOrb|RoughSkin|Earthquake,DragonClaw,RockSlide,Protect|Jolly||M|||50|]Milotic||Leftovers|Competitive|IcyWind,Scald,HelpingHand,Protect|Modest||F|||50|\n|\n|t:|1788364695\n|teamsize|p1|4\n|teamsize|p2|4\n|start\n|switch|p1a: Froslass|Froslass, L50, F|100/100\n|switch|p1b: Sneasler|Sneasler, L50, F|100/100\n|switch|p2a: Whimsicott|Whimsicott, L50, F|100/100\n|switch|p2b: Glimmora|Glimmora, L50, M|100/100\n|turn|1\n|\n|t:|1788364724\n|detailschange|p1a: Froslass|Froslass-Mega, L50, F\n|-mega|p1a: Froslass|Froslass|Froslassite\n|-weather|Snowscape|[from] ability: Snow Warning|[of] p1a: Froslass\n|move|p2a: Whimsicott|Protect|p2a: Whimsicott\n|-singleturn|p2a: Whimsicott|Protect\n|move|p2b: Glimmora|Spiky Shield|p2b: Glimmora\n|-singleturn|p2b: Glimmora|move: Protect\n|move|p1b: Sneasler|Fake Out|p2b: Glimmora\n|-activate|p2b: Glimmora|move: Protect\n|-damage|p1b: Sneasler|87/100|[from] Spiky Shield|[of] p2b: Glimmora\n|move|p1a: Froslass|Blizzard|p2a: Whimsicott|[spread] \n|-activate|p2a: Whimsicott|move: Protect\n|-activate|p2b: Glimmora|move: Protect\n|\n|-weather|Snowscape|[upkeep]\n|upkeep\n|turn|2\n|\n|t:|1788364746\n|switch|p1b: Basculegion|Basculegion, L50, M|100/100\n|detailschange|p2b: Glimmora|Glimmora-Mega, L50, M\n|-mega|p2b: Glimmora|Glimmora|Glimmoranite\n|move|p2a: Whimsicott|Tailwind|p2a: Whimsicott\n|-sidestart|p2: kalaluwi|move: Tailwind\n|move|p2b: Glimmora|Earth Power|p1b: Basculegion\n|-damage|p1b: Basculegion|68/100\n|move|p1a: Froslass|Blizzard|p2b: Glimmora|[spread] p2a,p2b\n|-supereffective|p2a: Whimsicott|1\n|-enditem|p2a: Whimsicott|Focus Sash\n|-damage|p2a: Whimsicott|1/100\n|-damage|p2b: Glimmora|49/100\n|\n|-weather|Snowscape|[upkeep]\n|upkeep\n|turn|3\n|\n|t:|1788364775\n|switch|p2b: Milotic|Milotic, L50, F|100/100\n|move|p1b: Basculegion|Aqua Jet|p2b: Milotic\n|-resisted|p2b: Milotic|1\n|-damage|p2b: Milotic|82/100\n|-damage|p1b: Basculegion|59/100|[from] item: Life Orb\n|move|p2a: Whimsicott|Moonblast|p1b: Basculegion\n|-damage|p1b: Basculegion|27/100\n|move|p1a: Froslass|Aurora Veil|p1a: Froslass\n|-sidestart|p1: Goobau|move: Aurora Veil\n|\n|-weather|Snowscape|[upkeep]\n|-heal|p2b: Milotic|88/100|[from] item: Leftovers\n|upkeep\n|turn|4\n|\n|t:|1788364796\n|switch|p1b: Sneasler|Sneasler, L50, F|87/100\n|move|p2a: Whimsicott|Encore|p1a: Froslass\n|-start|p1a: Froslass|Encore\n|move|p2b: Milotic|Icy Wind|p1a: Froslass|[spread] \n|-miss|p2b: Milotic|p1a: Froslass\n|-miss|p2b: Milotic|p1b: Sneasler\n|move|p1a: Froslass|Aurora Veil||[still]\n|-fail|p1a: Froslass\n|\n|-weather|Snowscape|[upkeep]\n|-heal|p2b: Milotic|94/100|[from] item: Leftovers\n|upkeep\n|turn|5\n|\n|t:|1788364814\n|switch|p1a: Lycanroc|Lycanroc-Dusk, L50, M|100/100\n|move|p2a: Whimsicott|Protect|p2a: Whimsicott\n|-singleturn|p2a: Whimsicott|Protect\n|move|p2b: Milotic|Scald|p1b: Sneasler\n|-damage|p1b: Sneasler|61/100\n|move|p1b: Sneasler|Dire Claw|p2b: Milotic\n|-damage|p2b: Milotic|60/100\n|-status|p2b: Milotic|slp\n|\n|-weather|none\n|-heal|p2b: Milotic|66/100 slp|[from] item: Leftovers\n|-sideend|p2: kalaluwi|move: Tailwind\n|upkeep\n|turn|6\n|\n|t:|1788364832\n|move|p2a: Whimsicott|Tailwind|p2a: Whimsicott\n|-sidestart|p2: kalaluwi|move: Tailwind\n|cant|p2b: Milotic|slp\n|move|p1a: Lycanroc|Rock Slide|p2a: Whimsicott|[spread] p2a,p2b\n|-damage|p2a: Whimsicott|0 fnt\n|-damage|p2b: Milotic|39/100 slp\n|faint|p2a: Whimsicott\n|move|p1b: Sneasler|Close Combat|p2b: Milotic\n|-damage|p2b: Milotic|0 fnt\n|-unboost|p1b: Sneasler|def|1\n|-unboost|p1b: Sneasler|spd|1\n|faint|p2b: Milotic\n|-enditem|p1b: Sneasler|White Herb\n|-clearnegativeboost|p1b: Sneasler|[silent]\n|\n|upkeep\n|\n|t:|1788364840\n|switch|p2a: Glimmora|Glimmora-Mega, L50, M|49/100\n|switch|p2b: Garchomp|Garchomp, L50, M|100/100\n|turn|7\n|\n|t:|1788364853\n|move|p2a: Glimmora|Spiky Shield|p2a: Glimmora\n|-singleturn|p2a: Glimmora|move: Protect\n|move|p2b: Garchomp|Earthquake|p1a: Lycanroc|[spread] p1a,p1b\n|-activate|p2a: Glimmora|move: Protect\n|-supereffective|p1a: Lycanroc|1\n|-supereffective|p1b: Sneasler|1\n|-crit|p1b: Sneasler\n|-enditem|p1a: Lycanroc|Focus Sash\n|-damage|p1a: Lycanroc|1/100\n|-damage|p1b: Sneasler|0 fnt\n|faint|p1b: Sneasler\n|-damage|p2b: Garchomp|90/100|[from] item: Life Orb\n|move|p1a: Lycanroc|Rock Slide|p2b: Garchomp|[spread] p2b\n|-activate|p2a: Glimmora|move: Protect\n|-resisted|p2b: Garchomp|1\n|-damage|p2b: Garchomp|74/100\n|\n|-sideend|p1: Goobau|move: Aurora Veil\n|upkeep\n|\n|t:|1788364855\n|switch|p1b: Basculegion|Basculegion, L50, M|27/100\n|turn|8\n|\n|t:|1788364873\n|move|p1a: Lycanroc|Protect|p1a: Lycanroc\n|-singleturn|p1a: Lycanroc|Protect\n|move|p1b: Basculegion|Aqua Jet|p2a: Glimmora\n|-supereffective|p2a: Glimmora|1\n|-damage|p2a: Glimmora|0 fnt\n|faint|p2a: Glimmora\n|-damage|p1b: Basculegion|18/100|[from] item: Life Orb\n|move|p2b: Garchomp|Earthquake|p1b: Basculegion|[spread] p1b\n|-activate|p1a: Lycanroc|move: Protect\n|-damage|p1b: Basculegion|0 fnt\n|faint|p1b: Basculegion\n|-damage|p2b: Garchomp|64/100|[from] item: Life Orb\n|\n|upkeep\n|\n|t:|1788364885\n|switch|p1b: Froslass|Froslass-Mega, L50, F|100/100\n|-weather|Snowscape|[from] ability: Snow Warning|[of] p1b: Froslass\n|turn|9\n|\n|t:|1788364903\n|move|p2b: Garchomp|Rock Slide|p1b: Froslass|[spread] p1b\n|-miss|p2b: Garchomp|p1a: Lycanroc\n|-supereffective|p1b: Froslass|1\n|-damage|p1b: Froslass|53/100\n|-damage|p2b: Garchomp|55/100|[from] item: Life Orb\n|move|p1a: Lycanroc|Close Combat|p2b: Garchomp\n|-damage|p2b: Garchomp|0 fnt\n|-unboost|p1a: Lycanroc|def|1\n|-unboost|p1a: Lycanroc|spd|1\n|-damage|p1a: Lycanroc|0 fnt|[from] ability: Rough Skin|[of] p2b: Garchomp\n|faint|p2b: Garchomp\n|faint|p1a: Lycanroc\n|\n|win|Goobau\n","uploadtime":1788364903,"views":"0","formatid":"gen9championsvgc2026regmbbo3","rating":null,"private":0,"password":null}