{"id":"gen9championsvgc2026regmbbo3-2673325790","format":"[Gen 9 Champions] VGC 2026 Reg M-B (Bo3)","players":["scnizal134","humania1"],"log":"|j|☆scnizal134\n|j|☆humania1\n|html|<table width=\"100%\"><tr><td align=\"left\">scnizal134</td><td align=\"right\">humania1</tr><tr><td align=\"left\"><i class=\"fa fa-circle-o\"></i> <i class=\"fa fa-circle-o\"></i> </td><td align=\"right\"><i class=\"fa fa-circle-o\"></i> <i class=\"fa fa-circle-o\"></i> </tr></table>\n|uhtml|bestof|<h2><strong>Game 1</strong> of <a href=\"/game-bestof3-gen9championsvgc2026regmbbo3-2673325789\">a best-of-3</a></h2>\n|t:|1788183646\n|gametype|doubles\n|player|p1|scnizal134|266|1047\n|player|p2|humania1|170|1000\n|gen|9\n|tier|[Gen 9 Champions] VGC 2026 Reg M-B (Bo3)\n|rated|\n|rule|Species Clause: Limit one of each Pokémon\n|rule|Item Clause: Limit 1 of each item\n|clearpoke\n|poke|p1|Metagross, L50, shiny|\n|poke|p1|Pelipper, L50, F, shiny|\n|poke|p1|Archaludon, L50, F, shiny|\n|poke|p1|Sneasler, L50, M, shiny|\n|poke|p1|Palafin, L50, F, shiny|\n|poke|p1|Ceruledge, L50, M, shiny|\n|poke|p2|Blastoise, L50, F|\n|poke|p2|Delphox, L50, M, shiny|\n|poke|p2|Incineroar, L50, M|\n|poke|p2|Sinistcha, L50|\n|poke|p2|Sneasler, L50, F|\n|poke|p2|Vivillon, L50, M|\n|teampreview|4\n|showteam|p1|Metagross||Metagrossite|ClearBody|Earthquake,BodyPress,MeteorBeam,Protect|Serious|||||50|]Pelipper||Leftovers|Drizzle|Tailwind,Protect,Hurricane,HydroPump|Serious||F|||50|]Archaludon||FocusSash|Stamina|DragonPulse,FlashCannon,ElectroShot,Protect|Serious||F|||50|]Sneasler||WhiteHerb|PoisonTouch|CloseCombat,DireClaw,GunkShot,BulkUp|Serious||M|||50|]Palafin||MysticWater|ZerotoHero|FlipTurn,Blizzard,Protect,Agility|Serious||F|||50|]Ceruledge||FairyFeather|FlashFire|Disable,BitterBlade,Protect,CloseCombat|Serious||M|||50|\n|showteam|p2|Blastoise||Blastoisinite|Torrent|Protect,ShellSmash,WaterSpout,DarkPulse|Modest||F|||50|]Delphox||Delphoxite|Blaze|Protect,HeatWave,Psyshock,NastyPlot|Timid||M|||50|]Incineroar||PasshoBerry|Intimidate|FakeOut,PartingShot,FlareBlitz,ThroatChop|Impish||M|||50|]Sinistcha||SitrusBerry|Hospitality|Protect,MatchaGotcha,TrickRoom,RagePowder|Bold|||||50|]Sneasler||FocusSash|PoisonTouch|QuickGuard,FakeOut,CloseCombat,DireClaw|Jolly||F|||50|]Vivillon||ChoiceScarf|CompoundEyes|Hurricane,SleepPowder,RagePowder,Uturn|Timid||M|||50|\n|inactive|Battle timer is ON: inactive players will automatically lose when time's up. (requested by humania1)\n|j| nosehabladebruno\n|\n|t:|1788183666\n|teamsize|p1|4\n|teamsize|p2|4\n|start\n|switch|p1a: Pelipper|Pelipper, L50, F, shiny|100/100\n|switch|p1b: Sneasler|Sneasler, L50, M, shiny|100/100\n|switch|p2a: Blastoise|Blastoise, L50, F|100/100\n|switch|p2b: Delphox|Delphox, L50, M, shiny|100/100\n|-weather|RainDance|[from] ability: Drizzle|[of] p1a: Pelipper\n|turn|1\n|\n|t:|1788183689\n|move|p2b: Delphox|Protect|p2b: Delphox\n|-singleturn|p2b: Delphox|Protect\n|move|p1b: Sneasler|Close Combat|p2a: Blastoise\n|-damage|p2a: Blastoise|42/100\n|-unboost|p1b: Sneasler|def|1\n|-unboost|p1b: Sneasler|spd|1\n|-enditem|p1b: Sneasler|White Herb\n|-clearnegativeboost|p1b: Sneasler|[silent]\n|move|p2a: Blastoise|Water Spout|p1b: Sneasler|[spread] p1a,p1b\n|-resisted|p1a: Pelipper|1\n|-damage|p1a: Pelipper|79/100\n|-damage|p1b: Sneasler|68/100\n|move|p1a: Pelipper|Tailwind|p1a: Pelipper\n|-sidestart|p1: scnizal134|move: Tailwind\n|\n|-weather|RainDance|[upkeep]\n|-heal|p1a: Pelipper|85/100|[from] item: Leftovers\n|upkeep\n|turn|2\n|\n|t:|1788183708\n|move|p1b: Sneasler|Close Combat|p2a: Blastoise\n|-damage|p2a: Blastoise|0 fnt\n|-unboost|p1b: Sneasler|def|1\n|-unboost|p1b: Sneasler|spd|1\n|faint|p2a: Blastoise\n|move|p2b: Delphox|Psyshock|p1b: Sneasler\n|-supereffective|p1b: Sneasler|2\n|-damage|p1b: Sneasler|0 fnt\n|faint|p1b: Sneasler\n|move|p1a: Pelipper|Hydro Pump|p2b: Delphox\n|-supereffective|p2b: Delphox|1\n|-damage|p2b: Delphox|0 fnt\n|faint|p2b: Delphox\n|\n|-weather|RainDance|[upkeep]\n|-heal|p1a: Pelipper|91/100|[from] item: Leftovers\n|upkeep\n|\n|t:|1788183720\n|switch|p2b: Sinistcha|Sinistcha, L50|100/100\n|switch|p1b: Archaludon|Archaludon, L50, F, shiny|100/100\n|switch|p2a: Incineroar|Incineroar, L50, M|100/100\n|-ability|p2a: Incineroar|Intimidate|boost\n|-unboost|p1a: Pelipper|atk|1\n|-unboost|p1b: Archaludon|atk|1\n|turn|3\n|\n|t:|1788183742\n|move|p1b: Archaludon|Electro Shot||[still]\n|-prepare|p1b: Archaludon|Electro Shot\n|-boost|p1b: Archaludon|spa|1\n|-anim|p1b: Archaludon|Electro Shot|p2a: Incineroar\n|-damage|p2a: Incineroar|47/100\n|move|p1a: Pelipper|Hydro Pump|p2a: Incineroar\n|-supereffective|p2a: Incineroar|1\n|-enditem|p2a: Incineroar|Passho Berry|[eat]\n|-enditem|p2a: Incineroar|Passho Berry|[weaken]\n|-damage|p2a: Incineroar|0 fnt\n|faint|p2a: Incineroar\n|move|p2b: Sinistcha|Matcha Gotcha|p1a: Pelipper|[spread] p1a,p1b\n|-resisted|p1b: Archaludon|2\n|-damage|p1a: Pelipper|55/100\n|-damage|p1b: Archaludon|90/100\n|-ability|p1b: Archaludon|Stamina|boost\n|-boost|p1b: Archaludon|def|1\n|\n|-weather|RainDance|[upkeep]\n|-heal|p1a: Pelipper|61/100|[from] item: Leftovers\n|upkeep\n|turn|4\n|inactive|scnizal134 has 30 seconds left.\n|\n|t:|1788183770\n|switch|p1b: Metagross|Metagross, L50, shiny|100/100\n|move|p1a: Pelipper|Hurricane|p2b: Sinistcha\n|-supereffective|p2b: Sinistcha|1\n|-damage|p2b: Sinistcha|31/100\n|-enditem|p2b: Sinistcha|Sitrus Berry|[eat]\n|-heal|p2b: Sinistcha|56/100|[from] item: Sitrus Berry\n|move|p2b: Sinistcha|Trick Room|p2b: Sinistcha\n|-fieldstart|move: Trick Room|[of] p2b: Sinistcha\n|\n|-weather|RainDance|[upkeep]\n|-heal|p1a: Pelipper|67/100|[from] item: Leftovers\n|-sideend|p1: scnizal134|move: Tailwind\n|upkeep\n|turn|5\n|\n|t:|1788183790\n|detailschange|p1b: Metagross|Metagross-Mega, L50, shiny\n|-mega|p1b: Metagross|Metagross|Metagrossite\n|move|p1a: Pelipper|Hurricane|p2b: Sinistcha\n|-supereffective|p2b: Sinistcha|1\n|-damage|p2b: Sinistcha|0 fnt\n|faint|p2b: Sinistcha\n|\n|win|scnizal134\n","uploadtime":1788183790,"views":"4","formatid":"gen9championsvgc2026regmbbo3","rating":null,"private":0,"password":null}