{"id":"gen9championsvgc2026regmb-2673941965","format":"[Gen 9 Champions] VGC 2026 Reg M-B","players":["RishiGreat1234","CloudyCreamy"],"log":"|j|☆RishiGreat1234\n|j|☆CloudyCreamy\n|t:|1788279880\n|gametype|doubles\n|player|p1|RishiGreat1234|leon|\n|player|p2|CloudyCreamy|1|\n|gen|9\n|tier|[Gen 9 Champions] VGC 2026 Reg M-B\n|rule|Species Clause: Limit one of each Pokémon\n|rule|Item Clause: Limit 1 of each item\n|clearpoke\n|poke|p1|Charizard, L50, F|\n|poke|p1|Floette-Eternal, L50, F|\n|poke|p1|Basculegion, L50, M|\n|poke|p1|Whimsicott, L50, M|\n|poke|p1|Garchomp, L50, M|\n|poke|p1|Kingambit, L50, F|\n|poke|p2|Venusaur, L50, M|\n|poke|p2|Charizard, L50, M|\n|poke|p2|Grimmsnarl, L50, M, shiny|\n|poke|p2|Archaludon, L50, F, shiny|\n|poke|p2|Basculegion, L50, M|\n|poke|p2|Pelipper, L50, F, shiny|\n|teampreview|4\n|inactive|Battle timer is ON: inactive players will automatically lose when time's up. (requested by RishiGreat1234)\n|inactive|CloudyCreamy also wants the timer to be on.\n|inactive|RishiGreat1234 has 60 seconds left.\n|inactive|CloudyCreamy has 60 seconds left.\n|\n|t:|1788279919\n|teamsize|p1|4\n|teamsize|p2|4\n|start\n|switch|p1a: Charizard|Charizard, L50, F|100/100\n|switch|p1b: Whimsicott|Whimsicott, L50, M|100/100\n|switch|p2a: Basculegion|Basculegion, L50, M|100/100\n|switch|p2b: Venusaur|Venusaur, L50, M|100/100\n|turn|1\n|c|☆CloudyCreamy|Link bhej\n|c|☆CloudyCreamy|Inko\n|inactive|CloudyCreamy no longer wants the timer on, but the timer is staying on because rishigreat1234 still does.\n|inactive|CloudyCreamy has 30 seconds left.\n|inactive|CloudyCreamy has 20 seconds left.\n|c|☆RishiGreat1234|bheja\n|inactive|CloudyCreamy has 15 seconds left.\n|\n|t:|1788279960\n|detailschange|p1a: Charizard|Charizard-Mega-Y, L50, F\n|-mega|p1a: Charizard|Charizard|Charizardite Y\n|-weather|SunnyDay|[from] ability: Drought|[of] p1a: Charizard\n|move|p1b: Whimsicott|Tailwind|p1b: Whimsicott\n|-sidestart|p1: RishiGreat1234|move: Tailwind\n|move|p1a: Charizard|Solar Beam||[still]\n|-prepare|p1a: Charizard|Solar Beam\n|-anim|p1a: Charizard|Solar Beam|p2a: Basculegion\n|-supereffective|p2a: Basculegion|1\n|-damage|p2a: Basculegion|0 fnt\n|faint|p2a: Basculegion\n|move|p2b: Venusaur|Sleep Powder|p1a: Charizard\n|-status|p1a: Charizard|slp|[from] move: Sleep Powder\n|\n|-weather|SunnyDay|[upkeep]\n|upkeep\n|j| Aditya10B\n|inactiveoff|Battle timer is now OFF.\n|c|☆RishiGreat1234|timer pause kardo\n|j| AyushXD\n|\n|t:|1788279977\n|switch|p2a: Charizard|Charizard, L50, M|100/100\n|turn|2\n|j| zacianplays\n|\n|t:|1788280000\n|detailschange|p2a: Charizard|Charizard-Mega-Y, L50, M\n|-mega|p2a: Charizard|Charizard|Charizardite Y\n|move|p1b: Whimsicott|Protect|p1b: Whimsicott\n|-singleturn|p1b: Whimsicott|Protect\n|move|p2b: Venusaur|Protect|p2b: Venusaur\n|-singleturn|p2b: Venusaur|Protect\n|cant|p1a: Charizard|slp\n|move|p2a: Charizard|Heat Wave|p1b: Whimsicott|[spread] p1a\n|-activate|p1b: Whimsicott|move: Protect\n|-resisted|p1a: Charizard|1\n|-damage|p1a: Charizard|66/100 slp\n|\n|-weather|SunnyDay|[upkeep]\n|upkeep\n|turn|3\n|\n|t:|1788280024\n|switch|p2b: Pelipper|Pelipper, L50, F, shiny|100/100\n|-weather|RainDance|[from] ability: Drizzle|[of] p2b: Pelipper\n|move|p1b: Whimsicott|Encore||[still]\n|-fail|p1b: Whimsicott\n|cant|p1a: Charizard|slp\n|move|p2a: Charizard|Weather Ball|p1a: Charizard\n|-supereffective|p1a: Charizard|1\n|-damage|p1a: Charizard|0 fnt\n|faint|p1a: Charizard\n|\n|-weather|RainDance|[upkeep]\n|upkeep\n|c|☆RishiGreat1234|abe uth ja sale\n|c| AyushXD|lol\n|\n|t:|1788280047\n|switch|p1a: Kingambit|Kingambit, L50, F|100/100\n|turn|4\n|\n|t:|1788280062\n|switch|p2a: Venusaur|Venusaur, L50, M|100/100\n|move|p1b: Whimsicott|Moonblast|p2a: Venusaur\n|-resisted|p2a: Venusaur|1\n|-damage|p2a: Venusaur|79/100\n|move|p1a: Kingambit|Kowtow Cleave|p2a: Venusaur\n|-damage|p2a: Venusaur|4/100\n|move|p2b: Pelipper|Hurricane|p1b: Whimsicott\n|-supereffective|p1b: Whimsicott|1\n|-enditem|p1b: Whimsicott|Focus Sash\n|-damage|p1b: Whimsicott|1/100\n|\n|-weather|RainDance|[upkeep]\n|-sideend|p1: RishiGreat1234|move: Tailwind\n|upkeep\n|turn|5\n|\n|t:|1788280135\n|switch|p2b: Charizard|Charizard-Mega-Y, L50, M|100/100\n|-weather|SunnyDay|[from] ability: Drought|[of] p2b: Charizard\n|move|p2a: Venusaur|Sleep Powder|p1a: Kingambit|[miss]\n|-miss|p2a: Venusaur|p1a: Kingambit\n|move|p1b: Whimsicott|Moonblast|p2a: Venusaur\n|-resisted|p2a: Venusaur|1\n|-damage|p2a: Venusaur|0 fnt\n|faint|p2a: Venusaur\n|move|p1a: Kingambit|Kowtow Cleave|p2b: Charizard\n|-damage|p2b: Charizard|44/100\n|\n|-weather|SunnyDay|[upkeep]\n|upkeep\n|c|☆RishiGreat1234|yes the miss\n|\n|t:|1788280150\n|switch|p2a: Pelipper|Pelipper, L50, F, shiny|100/100\n|-weather|RainDance|[from] ability: Drizzle|[of] p2a: Pelipper\n|turn|6\n|c|☆RishiGreat1234|1st time this week\n|l| zacianplays\n|\n|t:|1788280198\n|move|p1b: Whimsicott|Protect|p1b: Whimsicott\n|-singleturn|p1b: Whimsicott|Protect\n|move|p2b: Charizard|Protect|p2b: Charizard\n|-singleturn|p2b: Charizard|Protect\n|move|p1a: Kingambit|Sucker Punch||[still]\n|-fail|p1a: Kingambit\n|move|p2a: Pelipper|Hurricane|p1b: Whimsicott\n|-activate|p1b: Whimsicott|move: Protect\n|\n|-weather|RainDance|[upkeep]\n|upkeep\n|turn|7\n|j| zacianplays\n|\n|t:|1788280229\n|move|p2b: Charizard|Protect|p2b: Charizard\n|-singleturn|p2b: Charizard|Protect\n|move|p1b: Whimsicott|Encore|p2b: Charizard\n|-activate|p2b: Charizard|move: Protect\n|move|p2a: Pelipper|Weather Ball|p1b: Whimsicott\n|-resisted|p1b: Whimsicott|1\n|-damage|p1b: Whimsicott|0 fnt\n|faint|p1b: Whimsicott\n|move|p1a: Kingambit|Kowtow Cleave|p2a: Pelipper\n|-damage|p2a: Pelipper|40/100\n|-enditem|p2a: Pelipper|Sitrus Berry|[eat]\n|-heal|p2a: Pelipper|65/100|[from] item: Sitrus Berry\n|\n|-weather|RainDance|[upkeep]\n|upkeep\n|\n|t:|1788280252\n|switch|p1b: Garchomp|Garchomp, L50, M|100/100\n|turn|8\n|\n|t:|1788280294\n|move|p2a: Pelipper|Wide Guard|p2a: Pelipper\n|-singleturn|p2a: Pelipper|Wide Guard\n|move|p1b: Garchomp|Dragon Claw|p2b: Charizard\n|-damage|p2b: Charizard|0 fnt\n|faint|p2b: Charizard\n|-damage|p1b: Garchomp|90/100|[from] item: Life Orb\n|move|p1a: Kingambit|Kowtow Cleave|p2a: Pelipper\n|-damage|p2a: Pelipper|8/100\n|\n|-weather|RainDance|[upkeep]\n|upkeep\n|turn|9\n|\n|t:|1788280309\n|move|p1a: Kingambit|Sucker Punch|p2a: Pelipper\n|-damage|p2a: Pelipper|0 fnt\n|faint|p2a: Pelipper\n|\n|win|RishiGreat1234\n|c| zacianplays|Gg\n|l|☆CloudyCreamy\n|player|p2|\n","uploadtime":1788280313,"views":"1","formatid":"gen9championsvgc2026regmb","rating":null,"private":0,"password":null}