{"id":"gen9championsvgc2026regmb-2674255716","format":"[Gen 9 Champions] VGC 2026 Reg M-B","players":["brocksbigbrother","ammae41109"],"log":"|j|☆brocksbigbrother\n|j|☆ammae41109\n|t:|1788324565\n|gametype|doubles\n|player|p1|brocksbigbrother|102|1075\n|player|p2|ammae41109|266|1081\n|gen|9\n|tier|[Gen 9 Champions] VGC 2026 Reg M-B\n|rated|\n|rule|Species Clause: Limit one of each Pokémon\n|rule|Item Clause: Limit 1 of each item\n|clearpoke\n|poke|p1|Ninetales-Alola, L50, M|\n|poke|p1|Archaludon, L50, M|\n|poke|p1|Politoed, L50, F|\n|poke|p1|Garchomp, L50, F|\n|poke|p1|Staraptor, L50, M|\n|poke|p1|Whimsicott, L50, F|\n|poke|p2|Tyranitar, L50, M, shiny|\n|poke|p2|Excadrill, L50, F|\n|poke|p2|Staraptor, L50, M, shiny|\n|poke|p2|Gholdengo, L50|\n|poke|p2|Whimsicott, L50, M, shiny|\n|poke|p2|Farigiraf, L50, F|\n|teampreview|4\n|inactive|Battle timer is ON: inactive players will automatically lose when time's up. (requested by brocksbigbrother)\n|\n|t:|1788324646\n|teamsize|p1|4\n|teamsize|p2|4\n|start\n|switch|p1a: Garchomp|Garchomp, L50, F|100/100\n|switch|p1b: Archaludon|Archaludon, L50, M|100/100\n|switch|p2a: Farigiraf|Farigiraf, L50, F|100/100\n|switch|p2b: Tyranitar|Tyranitar, L50, M, shiny|100/100\n|-weather|Sandstorm|[from] ability: Sand Stream|[of] p2b: Tyranitar\n|turn|1\n|inactive|ammae41109 has 30 seconds left.\n|inactive|ammae41109 has 20 seconds left.\n|\n|t:|1788324682\n|move|p2b: Tyranitar|Protect|p2b: Tyranitar\n|-singleturn|p2b: Tyranitar|Protect\n|move|p1a: Garchomp|Stomping Tantrum|p2b: Tyranitar\n|-activate|p2b: Tyranitar|move: Protect\n|move|p1b: Archaludon|Flash Cannon|p2b: Tyranitar\n|-activate|p2b: Tyranitar|move: Protect\n|move|p2a: Farigiraf|Psychic|p1a: Garchomp\n|-damage|p1a: Garchomp|61/100\n|\n|-weather|Sandstorm|[upkeep]\n|-damage|p2a: Farigiraf|93/100|[from] Sandstorm\n|-heal|p2a: Farigiraf|100/100|[from] item: Leftovers\n|upkeep\n|turn|2\n|inactive|brocksbigbrother has 30 seconds left.\n|inactive|ammae41109 has 30 seconds left.\n|inactive|brocksbigbrother has 20 seconds left.\n|inactive|ammae41109 has 20 seconds left.\n|inactive|brocksbigbrother has 15 seconds left.\n|inactive|ammae41109 has 15 seconds left.\n|inactive|ammae41109 has 10 seconds left.\n|\n|t:|1788324732\n|switch|p1b: Politoed|Politoed, L50, F|100/100\n|-weather|RainDance|[from] ability: Drizzle|[of] p1b: Politoed\n|switch|p2b: Excadrill|Excadrill, L50, F|100/100\n|move|p1a: Garchomp|Stomping Tantrum|p2b: Excadrill\n|-supereffective|p2b: Excadrill|1\n|-enditem|p2b: Excadrill|Focus Sash\n|-damage|p2b: Excadrill|1/100\n|move|p2a: Farigiraf|Psychic|p1a: Garchomp\n|-damage|p1a: Garchomp|21/100\n|\n|-weather|RainDance|[upkeep]\n|upkeep\n|turn|3\n|\n|t:|1788324749\n|switch|p2a: Tyranitar|Tyranitar, L50, M, shiny|100/100\n|-weather|Sandstorm|[from] ability: Sand Stream|[of] p2a: Tyranitar\n|move|p2b: Excadrill|Rock Slide|p1b: Politoed|[spread] p1a,p1b\n|-resisted|p1a: Garchomp|1\n|-damage|p1a: Garchomp|10/100\n|-damage|p1b: Politoed|72/100\n|cant|p1b: Politoed|flinch\n|move|p1a: Garchomp|Rock Slide|p2a: Tyranitar|[spread] p2a\n|-miss|p1a: Garchomp|p2b: Excadrill\n|-damage|p2a: Tyranitar|84/100\n|\n|-weather|Sandstorm|[upkeep]\n|-damage|p1b: Politoed|66/100|[from] Sandstorm\n|upkeep\n|turn|4\n|\n|t:|1788324772\n|detailschange|p2a: Tyranitar|Tyranitar-Mega, L50, M, shiny\n|-mega|p2a: Tyranitar|Tyranitar|Tyranitarite\n|move|p1a: Garchomp|Protect|p1a: Garchomp\n|-singleturn|p1a: Garchomp|Protect\n|move|p2b: Excadrill|Iron Head|p1a: Garchomp\n|-activate|p1a: Garchomp|move: Protect\n|move|p1b: Politoed|Muddy Water|p2b: Excadrill|[spread] p2a,p2b\n|-supereffective|p2a: Tyranitar|1\n|-supereffective|p2b: Excadrill|1\n|-damage|p2a: Tyranitar|57/100\n|-damage|p2b: Excadrill|0 fnt\n|-unboost|p2a: Tyranitar|accuracy|1\n|faint|p2b: Excadrill\n|move|p2a: Tyranitar|Knock Off|p1b: Politoed\n|-damage|p1b: Politoed|0 fnt\n|-enditem|p1b: Politoed|Choice Scarf|[from] move: Knock Off|[of] p2a: Tyranitar\n|faint|p1b: Politoed\n|\n|-weather|Sandstorm|[upkeep]\n|upkeep\n|c|☆brocksbigbrother|damn this little n(gga\n|\n|t:|1788324794\n|switch|p2b: Farigiraf|Farigiraf, L50, F|100/100\n|switch|p1b: Staraptor|Staraptor, L50, M|100/100\n|-ability|p1b: Staraptor|Intimidate|boost\n|-unboost|p2a: Tyranitar|atk|1\n|-unboost|p2b: Farigiraf|atk|1\n|turn|5\n|\n|t:|1788324803\n|detailschange|p1b: Staraptor|Staraptor-Mega, L50, M\n|-mega|p1b: Staraptor|Staraptor|Staraptite\n|move|p2a: Tyranitar|Protect|p2a: Tyranitar\n|-singleturn|p2a: Tyranitar|Protect\n|move|p1a: Garchomp|Outrage|p2b: Farigiraf\n|-damage|p2b: Farigiraf|54/100\n|move|p1b: Staraptor|Close Combat|p2a: Tyranitar\n|-activate|p2a: Tyranitar|move: Protect\n|move|p2b: Farigiraf|Psychic|p1b: Staraptor\n|-supereffective|p1b: Staraptor|1\n|-damage|p1b: Staraptor|20/100r\n|-boost|p1b: Staraptor|spd|1\n|\n|-weather|Sandstorm|[upkeep]\n|-damage|p1b: Staraptor|13/100|[from] Sandstorm\n|-damage|p2b: Farigiraf|48/100|[from] Sandstorm\n|-heal|p2b: Farigiraf|54/100|[from] item: Leftovers\n|upkeep\n|turn|6\n|\n|t:|1788324820\n|switch|p2a: Gholdengo|Gholdengo, L50|100/100\n|move|p1b: Staraptor|Protect|p1b: Staraptor\n|-singleturn|p1b: Staraptor|Protect\n|move|p1a: Garchomp|Outrage|p2a: Gholdengo|[from] lockedmove\n|-resisted|p2a: Gholdengo|1\n|-damage|p2a: Gholdengo|74/100\n|move|p2b: Farigiraf|Hyper Voice|p1a: Garchomp|[spread] p1a\n|-activate|p1b: Staraptor|move: Protect\n|-damage|p1a: Garchomp|0 fnt\n|faint|p1a: Garchomp\n|\n|-weather|Sandstorm|[upkeep]\n|-damage|p1b: Staraptor|7/100|[from] Sandstorm\n|-damage|p2b: Farigiraf|48/100|[from] Sandstorm\n|-heal|p2b: Farigiraf|54/100|[from] item: Leftovers\n|upkeep\n|\n|t:|1788324827\n|switch|p1a: Archaludon|Archaludon, L50, M|100/100\n|turn|7\n|\n|t:|1788324842\n|move|p1b: Staraptor|Close Combat|p2b: Farigiraf\n|-damage|p2b: Farigiraf|9/100\n|-boost|p1b: Staraptor|def|1\n|-boost|p1b: Staraptor|spd|1\n|move|p1a: Archaludon|Draco Meteor|p2a: Gholdengo\n|-resisted|p2a: Gholdengo|1\n|-damage|p2a: Gholdengo|37/100\n|-unboost|p1a: Archaludon|spa|2\n|move|p2a: Gholdengo|Shadow Ball|p1a: Archaludon\n|-damage|p1a: Archaludon|25/100\n|-ability|p1a: Archaludon|Stamina|boost\n|-boost|p1a: Archaludon|def|1\n|-damage|p2a: Gholdengo|27/100|[from] item: Life Orb\n|move|p2b: Farigiraf|Hyper Voice|p1b: Staraptor|[spread] p1a,p1b\n|-resisted|p1a: Archaludon|1\n|-damage|p1a: Archaludon|8/100\n|-damage|p1b: Staraptor|0 fnt\n|-ability|p1a: Archaludon|Stamina|boost\n|-boost|p1a: Archaludon|def|1\n|faint|p1b: Staraptor\n|\n|-weather|none\n|-heal|p1a: Archaludon|14/100|[from] item: Leftovers\n|-heal|p2b: Farigiraf|15/100|[from] item: Leftovers\n|upkeep\n|turn|8\n|-message|brocksbigbrother forfeited.\n|\n|win|ammae41109\n","uploadtime":1788324772,"views":"0","formatid":"gen9championsvgc2026regmb","rating":null,"private":0,"password":null}