{"id":"gen9championsvgc2026regmbbo3-2674253448","format":"[Gen 9 Champions] VGC 2026 Reg M-B (Bo3)","players":["PAZXD","noah100800"],"log":"|j|☆PAZXD\n|j|☆noah100800\n|html|<table width=\"100%\"><tr><td align=\"left\">PAZXD</td><td align=\"right\">noah100800</tr><tr><td align=\"left\"><i class=\"fa fa-circle-o\"></i> <i class=\"fa fa-circle-o\"></i> </td><td align=\"right\"><i class=\"fa fa-circle-o\"></i> <i class=\"fa fa-circle-o\"></i> </tr></table>\n|uhtml|bestof|<h2><strong>Game 1</strong> of <a href=\"/game-bestof3-gen9championsvgc2026regmbbo3-2674253447\">a best-of-3</a></h2>\n|t:|1788324072\n|gametype|doubles\n|player|p1|PAZXD|hilda-wonderlauncher|1093\n|player|p2|noah100800|265|1256\n|gen|9\n|tier|[Gen 9 Champions] VGC 2026 Reg M-B (Bo3)\n|rated|\n|rule|Species Clause: Limit one of each Pokémon\n|rule|Item Clause: Limit 1 of each item\n|clearpoke\n|poke|p1|Venusaur, L50, F|\n|poke|p1|Archaludon, L50, M|\n|poke|p1|Pelipper, L50, M|\n|poke|p1|Swampert, L50, M|\n|poke|p1|Grimmsnarl, L50, M|\n|poke|p1|Charizard, L50, M|\n|poke|p2|Scovillain, L50, F, shiny|\n|poke|p2|Basculegion, L50, M|\n|poke|p2|Kingambit, L50, M|\n|poke|p2|Sneasler, L50, F|\n|poke|p2|Lycanroc-Dusk, L50, F|\n|poke|p2|Froslass, L50, F|\n|teampreview|4\n|showteam|p1|Venusaur||LifeOrb|Overgrow|LeafStorm,SleepPowder,SludgeBomb,Protect|Modest||F|||50|]Archaludon||Leftovers|Stamina|Protect,FlashCannon,ElectroShot,DracoMeteor|Timid||M|||50|]Pelipper||FocusSash|Drizzle|Tailwind,Hurricane,WeatherBall,WideGuard|Timid||M|||50|]Swampert||Swampertite|Torrent|WaveCrash,IcePunch,Earthquake,Protect|Adamant||M|||50|]Grimmsnarl||LightClay|Prankster|LightScreen,Reflect,PartingShot,SpiritBreak|Careful||M|||50|]Charizard||CharizarditeY|Blaze|WeatherBall,HeatWave,Hurricane,Protect|Modest||M|||50|\n|showteam|p2|Scovillain||Scovillainite|Moody|GigaDrain,Overheat,RagePowder,Protect|Bold||F|||50|]Basculegion||LifeOrb|Adaptability|WaveCrash,LastRespects,AquaJet,Protect|Adamant||M|||50|]Kingambit||BlackGlasses|Defiant|KowtowCleave,SuckerPunch,SwordsDance,Protect|Adamant||M|||50|]Sneasler||WhiteHerb|Unburden|CloseCombat,DireClaw,Protect,FakeOut|Adamant||F|||50|]Lycanroc-Dusk||FocusSash|ToughClaws|CloseCombat,Accelerock,RockSlide,Protect|Adamant||F|||50|]Froslass||Froslassite|CursedBody|Blizzard,ShadowBall,AuroraVeil,Protect|Timid||F|||50|\n|inactive|Battle timer is ON: inactive players will automatically lose when time's up. (requested by PAZXD)\n|\n|t:|1788324108\n|teamsize|p1|4\n|teamsize|p2|4\n|start\n|switch|p1a: Archaludon|Archaludon, L50, M|100/100\n|switch|p1b: Grimmsnarl|Grimmsnarl, L50, M|100/100\n|switch|p2a: Cisco|Sneasler, L50, F|100/100\n|switch|p2b: DDee|Lycanroc-Dusk, L50, F|100/100\n|turn|1\n|inactive|noah100800 has 30 seconds left.\n|inactive|noah100800 has 20 seconds left.\n|inactive|noah100800 has 15 seconds left.\n|\n|t:|1788324150\n|move|p1a: Archaludon|Protect|p1a: Archaludon\n|-singleturn|p1a: Archaludon|Protect\n|move|p2a: Cisco|Fake Out|p1b: Grimmsnarl\n|-damage|p1b: Grimmsnarl|82/100\n|cant|p1b: Grimmsnarl|flinch\n|move|p2b: DDee|Close Combat|p1a: Archaludon\n|-activate|p1a: Archaludon|move: Protect\n|\n|upkeep\n|turn|2\n|\n|t:|1788324169\n|switch|p2b: SlycedBread|Basculegion, L50, M|100/100\n|switch|p1a: Charizard|Charizard, L50, M|100/100\n|move|p1b: Grimmsnarl|Reflect|p1b: Grimmsnarl\n|-sidestart|p1: PAZXD|Reflect\n|move|p2a: Cisco|Dire Claw|p1b: Grimmsnarl\n|-supereffective|p1b: Grimmsnarl|1\n|-damage|p1b: Grimmsnarl|13/100\n|\n|upkeep\n|turn|3\n|inactive|PAZXD has 30 seconds left.\n|inactive|noah100800 has 30 seconds left.\n|inactive|noah100800 has 20 seconds left.\n|\n|t:|1788324206\n|switch|p2a: DDee|Lycanroc-Dusk, L50, F|100/100\n|detailschange|p1a: Charizard|Charizard-Mega-Y, L50, M\n|-mega|p1a: Charizard|Charizard|Charizardite Y\n|-weather|SunnyDay|[from] ability: Drought|[of] p1a: Charizard\n|move|p1b: Grimmsnarl|Light Screen|p1b: Grimmsnarl\n|-sidestart|p1: PAZXD|move: Light Screen\n|move|p1a: Charizard|Heat Wave|p2b: SlycedBread|[spread] p2a,p2b\n|-resisted|p2a: DDee|1\n|-resisted|p2b: SlycedBread|1\n|-damage|p2a: DDee|35/100\n|-damage|p2b: SlycedBread|58/100\n|move|p2b: SlycedBread|Wave Crash|p1a: Charizard\n|-supereffective|p1a: Charizard|1\n|-damage|p1a: Charizard|10/100\n|-damage|p2b: SlycedBread|35/100|[from] Recoil\n|-damage|p2b: SlycedBread|25/100|[from] item: Life Orb\n|\n|-weather|SunnyDay|[upkeep]\n|upkeep\n|turn|4\n|inactive|noah100800 has 30 seconds left.\n|inactive|noah100800 has 20 seconds left.\n|\n|t:|1788324243\n|switch|p2b: Koala|Froslass, L50, F|100/100\n|move|p1a: Charizard|Protect|p1a: Charizard\n|-singleturn|p1a: Charizard|Protect\n|move|p2a: DDee|Close Combat|p1a: Charizard\n|-activate|p1a: Charizard|move: Protect\n|move|p1b: Grimmsnarl|Spirit Break|p2a: DDee\n|-damage|p2a: DDee|0 fnt\n|faint|p2a: DDee\n|\n|-weather|SunnyDay|[upkeep]\n|upkeep\n|\n|t:|1788324257\n|switch|p2a: SlycedBread|Basculegion, L50, M|25/100\n|turn|5\n|\n|t:|1788324272\n|detailschange|p2b: Koala|Froslass-Mega, L50, F\n|-mega|p2b: Koala|Froslass|Froslassite\n|-weather|Snowscape|[from] ability: Snow Warning|[of] p2b: Koala\n|move|p1b: Grimmsnarl|Parting Shot|p2b: Koala\n|-unboost|p2b: Koala|atk|1\n|-unboost|p2b: Koala|spa|1\n|\n|t:|1788324279\n|switch|p1b: Pelipper|Pelipper, L50, M|100/100|[from] Parting Shot\n|-weather|RainDance|[from] ability: Drizzle|[of] p1b: Pelipper\n|move|p2b: Koala|Blizzard|p1a: Charizard|[spread] p1a,p1b\n|-damage|p1a: Charizard|0 fnt\n|-damage|p1b: Pelipper|72/100\n|faint|p1a: Charizard\n|move|p2a: SlycedBread|Last Respects|p1b: Pelipper\n|-damage|p1b: Pelipper|0 fnt\n|faint|p1b: Pelipper\n|-damage|p2a: SlycedBread|16/100|[from] item: Life Orb\n|\n|-weather|RainDance|[upkeep]\n|upkeep\n|\n|t:|1788324290\n|switch|p1a: Archaludon|Archaludon, L50, M|100/100\n|switch|p1b: Grimmsnarl|Grimmsnarl, L50, M|13/100\n|turn|6\n|\n|t:|1788324307\n|switch|p2b: Cisco|Sneasler, L50, F|100/100\n|move|p2a: SlycedBread|Aqua Jet|p1b: Grimmsnarl\n|-damage|p1b: Grimmsnarl|0 fnt\n|faint|p1b: Grimmsnarl\n|-damage|p2a: SlycedBread|6/100|[from] item: Life Orb\n|move|p1a: Archaludon|Electro Shot||[still]\n|-prepare|p1a: Archaludon|Electro Shot\n|-boost|p1a: Archaludon|spa|1\n|-anim|p1a: Archaludon|Electro Shot|p2b: Cisco\n|-damage|p2b: Cisco|19/100\n|\n|-weather|RainDance|[upkeep]\n|upkeep\n|turn|7\n|\n|t:|1788324326\n|move|p2b: Cisco|Close Combat|p1a: Archaludon\n|-supereffective|p1a: Archaludon|1\n|-damage|p1a: Archaludon|30/100\n|-unboost|p2b: Cisco|def|1\n|-unboost|p2b: Cisco|spd|1\n|-ability|p1a: Archaludon|Stamina|boost\n|-boost|p1a: Archaludon|def|1\n|-enditem|p2b: Cisco|White Herb\n|-clearnegativeboost|p2b: Cisco|[silent]\n|move|p1a: Archaludon|Electro Shot||[still]\n|-prepare|p1a: Archaludon|Electro Shot\n|-boost|p1a: Archaludon|spa|1\n|-anim|p1a: Archaludon|Electro Shot|p2b: Cisco\n|-damage|p2b: Cisco|0 fnt\n|faint|p2b: Cisco\n|move|p2a: SlycedBread|Last Respects|p1a: Archaludon\n|-damage|p1a: Archaludon|0 fnt\n|faint|p1a: Archaludon\n|-damage|p2a: SlycedBread|0 fnt|[from] item: Life Orb\n|faint|p2a: SlycedBread\n|\n|win|noah100800\n||PAZXD is ready for game 2.\n|inactive|noah100800 has 30 seconds to confirm battle start!\n||noah100800 is ready for game 2.\n|uhtml|next|Next: <a href=\"/battle-gen9championsvgc2026regmbbo3-2674254693\"><strong>Game 2 of 3</strong></a>\n|l|☆noah100800\n|player|p2|\n|l|☆PAZXD\n|player|p1|\n|j|☆noah100800\n|player|p2|noah100800|265|\n","uploadtime":1788324997,"views":"13","formatid":"gen9championsvgc2026regmbbo3","rating":null,"private":0,"password":null}