{"id":"gen9championsvgc2026regmb-2674267433","format":"[Gen 9 Champions] VGC 2026 Reg M-B","players":["haxsjn12","RedVersion643"],"log":"|j|☆haxsjn12\n|j|☆RedVersion643\n|t:|1788327293\n|gametype|doubles\n|player|p1|haxsjn12|169|1402\n|player|p2|RedVersion643|blue-masters2|1362\n|gen|9\n|tier|[Gen 9 Champions] VGC 2026 Reg M-B\n|rated|\n|rule|Species Clause: Limit one of each Pokémon\n|rule|Item Clause: Limit 1 of each item\n|clearpoke\n|poke|p1|Blaziken, L50, F|\n|poke|p1|Farigiraf, L50, M|\n|poke|p1|Kingambit, L50, F|\n|poke|p1|Vivillon, L50, M|\n|poke|p1|Torkoal, L50, M|\n|poke|p1|Primarina, L50, F|\n|poke|p2|Charizard, L50, M|\n|poke|p2|Venusaur, L50, M|\n|poke|p2|Whimsicott, L50, M|\n|poke|p2|Farigiraf, L50, M|\n|poke|p2|Sylveon, L50, F|\n|poke|p2|Lycanroc-Dusk, L50, M|\n|teampreview|4\n|inactive|Battle timer is ON: inactive players will automatically lose when time's up. (requested by RedVersion643)\n|inactive|haxsjn12 also wants the timer to be on.\n|inactive|RedVersion643 has 60 seconds left.\n|\n|t:|1788327324\n|teamsize|p1|4\n|teamsize|p2|4\n|start\n|switch|p1a: Blaziken|Blaziken, L50, F|100/100\n|switch|p1b: Farigiraf|Farigiraf, L50, M|100/100\n|switch|p2a: Supersonic|Lycanroc-Dusk, L50, M|100/100\n|switch|p2b: Pretty Fly|Whimsicott, L50, M|100/100\n|turn|1\n|\n|t:|1788327338\n|detailschange|p1a: Blaziken|Blaziken-Mega, L50, F\n|-mega|p1a: Blaziken|Blaziken|Blazikenite\n|move|p1a: Blaziken|Detect|p1a: Blaziken\n|-singleturn|p1a: Blaziken|Protect\n|move|p1b: Farigiraf|Protect|p1b: Farigiraf\n|-singleturn|p1b: Farigiraf|Protect\n|move|p2b: Pretty Fly|Tailwind|p2b: Pretty Fly\n|-sidestart|p2: RedVersion643|move: Tailwind\n|move|p2a: Supersonic|Rock Slide|p1b: Farigiraf|[spread] \n|-activate|p1a: Blaziken|move: Protect\n|-activate|p1b: Farigiraf|move: Protect\n|\n|-ability|p1a: Blaziken|Speed Boost|boost\n|-boost|p1a: Blaziken|spe|1\n|upkeep\n|turn|2\n|\n|t:|1788327356\n|move|p2a: Supersonic|Rock Slide|p1b: Farigiraf|[spread] p1a,p1b\n|-damage|p1a: Blaziken|57/100\n|-damage|p1b: Farigiraf|70/100\n|move|p2b: Pretty Fly|Moonblast|p1a: Blaziken\n|-damage|p1a: Blaziken|19/100\n|move|p1a: Blaziken|Flare Blitz|p2b: Pretty Fly\n|-supereffective|p2b: Pretty Fly|1\n|-enditem|p2b: Pretty Fly|Focus Sash\n|-damage|p2b: Pretty Fly|1/100\n|-damage|p1a: Blaziken|0 fnt|[from] Recoil\n|faint|p1a: Blaziken\n|move|p1b: Farigiraf|Trick Room|p1b: Farigiraf\n|-fieldstart|move: Trick Room|[of] p1b: Farigiraf\n|\n|upkeep\n|\n|t:|1788327371\n|switch|p1a: Kingambit|Kingambit, L50, F|100/100\n|turn|3\n|\n|t:|1788327385\n|move|p2a: Supersonic|Protect|p2a: Supersonic\n|-singleturn|p2a: Supersonic|Protect\n|move|p1a: Kingambit|Iron Head|p2a: Supersonic\n|-activate|p2a: Supersonic|move: Protect\n|move|p1b: Farigiraf|Thunderbolt|p2b: Pretty Fly\n|-resisted|p2b: Pretty Fly|1\n|-damage|p2b: Pretty Fly|0 fnt\n|faint|p2b: Pretty Fly\n|\n|upkeep\n|\n|t:|1788327393\n|switch|p2b: Basket Case|Venusaur, L50, M|100/100\n|turn|4\n|\n|t:|1788327407\n|switch|p2a: Teen Spirit|Charizard, L50, M|100/100\n|move|p1a: Kingambit|Iron Head|p2a: Teen Spirit\n|-resisted|p2a: Teen Spirit|1\n|-damage|p2a: Teen Spirit|65/100\n|move|p1b: Farigiraf|Twin Beam|p2b: Basket Case\n|-supereffective|p2b: Basket Case|1\n|-damage|p2b: Basket Case|61/100\n|-supereffective|p2b: Basket Case|1\n|-damage|p2b: Basket Case|23/100\n|-hitcount|p2b: Basket Case|2\n|move|p2b: Basket Case|Sleep Powder|p1a: Kingambit\n|-status|p1a: Kingambit|slp|[from] move: Sleep Powder\n|\n|-sideend|p2: RedVersion643|move: Tailwind\n|upkeep\n|turn|5\n|\n|t:|1788327430\n|detailschange|p2a: Teen Spirit|Charizard-Mega-Y, L50, M\n|-mega|p2a: Teen Spirit|Charizard|Charizardite Y\n|-weather|SunnyDay|[from] ability: Drought|[of] p2a: Teen Spirit\n|move|p2a: Teen Spirit|Protect|p2a: Teen Spirit\n|-singleturn|p2a: Teen Spirit|Protect\n|cant|p1a: Kingambit|slp\n|move|p1b: Farigiraf|Thunderbolt|p2a: Teen Spirit\n|-activate|p2a: Teen Spirit|move: Protect\n|move|p2b: Basket Case|Weather Ball|p1a: Kingambit\n|-supereffective|p1a: Kingambit|1\n|-damage|p1a: Kingambit|0 fnt\n|faint|p1a: Kingambit\n|\n|-weather|SunnyDay|[upkeep]\n|upkeep\n|\n|t:|1788327435\n|switch|p1a: Vivillon|Vivillon, L50, M|100/100\n|turn|6\n|\n|t:|1788327454\n|switch|p2a: Supersonic|Lycanroc-Dusk, L50, M|100/100\n|move|p1b: Farigiraf|Thunderbolt|p2a: Supersonic\n|-damage|p2a: Supersonic|57/100\n|move|p1a: Vivillon|Hurricane|p2b: Basket Case\n|-supereffective|p2b: Basket Case|1\n|-damage|p2b: Basket Case|0 fnt\n|faint|p2b: Basket Case\n|\n|-weather|SunnyDay|[upkeep]\n|-fieldend|move: Trick Room\n|upkeep\n|\n|t:|1788327461\n|switch|p2b: Teen Spirit|Charizard-Mega-Y, L50, M|65/100\n|turn|7\n|\n|t:|1788327471\n|move|p2a: Supersonic|Accelerock||[still]\n|cant|p1b: Farigiraf|ability: Armor Tail|Accelerock|[of] p2a: Supersonic\n|move|p1a: Vivillon|Hurricane|p2b: Teen Spirit\n|-damage|p2b: Teen Spirit|14/100\n|move|p2b: Teen Spirit|Heat Wave|p1b: Farigiraf|[spread] p1a,p1b\n|-supereffective|p1a: Vivillon|1\n|-damage|p1a: Vivillon|0 fnt\n|-damage|p1b: Farigiraf|6/100\n|-enditem|p1b: Farigiraf|Sitrus Berry|[eat]\n|-heal|p1b: Farigiraf|31/100|[from] item: Sitrus Berry\n|faint|p1a: Vivillon\n|move|p1b: Farigiraf|Thunderbolt|p2b: Teen Spirit\n|-supereffective|p2b: Teen Spirit|1\n|-damage|p2b: Teen Spirit|0 fnt\n|faint|p2b: Teen Spirit\n|\n|-weather|SunnyDay|[upkeep]\n|upkeep\n|turn|8\n|\n|t:|1788327483\n|move|p2a: Supersonic|Brick Break|p1b: Farigiraf\n|-damage|p1b: Farigiraf|6/100\n|move|p1b: Farigiraf|Twin Beam|p2a: Supersonic\n|-damage|p2a: Supersonic|29/100\n|-damage|p2a: Supersonic|3/100\n|-hitcount|p2a: Supersonic|2\n|\n|-weather|SunnyDay|[upkeep]\n|upkeep\n|turn|9\n|\n|t:|1788327492\n|move|p1b: Farigiraf|Protect|p1b: Farigiraf\n|-singleturn|p1b: Farigiraf|Protect\n|move|p2a: Supersonic|Brick Break|p1b: Farigiraf\n|-activate|p1b: Farigiraf|move: Protect\n|\n|-weather|none\n|upkeep\n|turn|10\n|\n|t:|1788327496\n|move|p2a: Supersonic|Brick Break|p1b: Farigiraf\n|-damage|p1b: Farigiraf|0 fnt\n|faint|p1b: Farigiraf\n|\n|win|RedVersion643\n|raw|haxsjn12's rating: 1402 &rarr; <strong>1380</strong><br />(-22 for losing)\n|raw|RedVersion643's rating: 1362 &rarr; <strong>1384</strong><br />(+22 for winning)\n|l|☆haxsjn12\n|player|p1|\n","uploadtime":1788327500,"views":"0","formatid":"gen9championsvgc2026regmb","rating":1380,"private":0,"password":null}