{"id":"gen9championsvgc2026regmb-2674737929","format":"[Gen 9 Champions] VGC 2026 Reg M-B","players":["gemifi996644","Propman12"],"log":"|j|☆gemifi996644\n|j|☆Propman12\n|t:|1788398428\n|gametype|doubles\n|player|p1|gemifi996644|2|1071\n|player|p2|Propman12|backpacker|1097\n|gen|9\n|tier|[Gen 9 Champions] VGC 2026 Reg M-B\n|rated|\n|rule|Species Clause: Limit one of each Pokémon\n|rule|Item Clause: Limit 1 of each item\n|clearpoke\n|poke|p1|Simipour, L50, M|\n|poke|p1|Simisage, L50, F|\n|poke|p1|Simisear, L50, F|\n|poke|p1|Watchog, L50, M|\n|poke|p1|Emolga, L50, M|\n|poke|p1|Pidgeot, L50, M|\n|poke|p2|Whimsicott, L50, F, shiny|\n|poke|p2|Froslass, L50, F, shiny|\n|poke|p2|Aerodactyl, L50, F|\n|poke|p2|Scrafty, L50, M|\n|poke|p2|Farigiraf, L50, F|\n|poke|p2|Garchomp, L50, F|\n|teampreview|4\n|inactive|Battle timer is ON: inactive players will automatically lose when time's up. (requested by Propman12)\n|c|☆gemifi996644|rate my team 1-10\n|inactive|gemifi996644 has 60 seconds left.\n|inactive|Propman12 has 60 seconds left.\nPropman12 has agreed to open team sheets.\n|\n|t:|1788398470\n|teamsize|p1|4\n|teamsize|p2|4\n|start\n|switch|p1a: Simisear|Simisear, L50, F|100/100\n|switch|p1b: Pidgeot|Pidgeot, L50, M|100/100\n|switch|p2a: Cardboard|Scrafty, L50, M|100/100\n|switch|p2b: Yuki|Froslass, L50, F, shiny|100/100\n|-ability|p2a: Cardboard|Intimidate|boost\n|-unboost|p1a: Simisear|atk|1\n|-unboost|p1b: Pidgeot|atk|1\n|turn|1\n|c|☆Propman12|You friends w Cilan?😭\n|inactive|gemifi996644 has 30 seconds left.\n|c|☆gemifi996644|yes\n|inactive|gemifi996644 has 20 seconds left.\n|\n|t:|1788398507\n|detailschange|p1b: Pidgeot|Pidgeot-Mega, L50, M\n|-mega|p1b: Pidgeot|Pidgeot|Pidgeotite\n|detailschange|p2b: Yuki|Froslass-Mega, L50, F, shiny\n|-mega|p2b: Yuki|Froslass|Froslassite\n|-weather|Snowscape|[from] ability: Snow Warning|[of] p2b: Yuki\n|move|p1a: Simisear|Fake Out|p2a: Cardboard\n|-damage|p2a: Cardboard|93/100\n|cant|p2a: Cardboard|flinch\n|move|p1b: Pidgeot|Tailwind|p1b: Pidgeot\n|-sidestart|p1: gemifi996644|move: Tailwind\n|move|p2b: Yuki|Aurora Veil|p2b: Yuki\n|-sidestart|p2: Propman12|move: Aurora Veil\n|\n|-weather|Snowscape|[upkeep]\n|upkeep\n|turn|2\n|inactive|Propman12 has 30 seconds left.\n|inactive|Propman12 has 20 seconds left.\n|inactive|Propman12 has 15 seconds left.\n|\n|t:|1788398552\n|switch|p2b: Whimsy|Whimsicott, L50, F, shiny|100/100\n|move|p1b: Pidgeot|Air Slash|p2a: Cardboard\n|-supereffective|p2a: Cardboard|1\n|-damage|p2a: Cardboard|48/100\n|move|p1a: Simisear|Rock Slide|p2a: Cardboard|[spread] p2a,p2b\n|-resisted|p2a: Cardboard|1\n|-damage|p2a: Cardboard|45/100\n|-damage|p2b: Whimsy|93/100\n|cant|p2a: Cardboard|flinch\n|\n|-weather|Snowscape|[upkeep]\n|upkeep\n|turn|3\n|\n|t:|1788398574\n|move|p2b: Whimsy|Tailwind|p2b: Whimsy\n|-sidestart|p2: Propman12|move: Tailwind\n|move|p1b: Pidgeot|Air Slash|p2a: Cardboard\n|-supereffective|p2a: Cardboard|1\n|-damage|p2a: Cardboard|3/100\n|move|p1a: Simisear|Blaze Kick|p2b: Whimsy\n|-supereffective|p2b: Whimsy|1\n|-damage|p2b: Whimsy|52/100\n|move|p2a: Cardboard|Close Combat|p1a: Simisear\n|-damage|p1a: Simisear|18/100\n|-unboost|p2a: Cardboard|def|1\n|-unboost|p2a: Cardboard|spd|1\n|-damage|p2a: Cardboard|0 fnt|[from] item: Life Orb\n|faint|p2a: Cardboard\n|\n|-weather|Snowscape|[upkeep]\n|upkeep\n|\n|t:|1788398597\n|switch|p2a: Yuki|Froslass-Mega, L50, F, shiny|100/100\n|turn|4\n|\n|t:|1788398608\n|switch|p1a: Simipour|Simipour, L50, M|100/100\n|move|p1b: Pidgeot|Air Slash|p2b: Whimsy\n|-supereffective|p2b: Whimsy|1\n|-damage|p2b: Whimsy|0 fnt\n|faint|p2b: Whimsy\n|move|p2a: Yuki|Blizzard|p1a: Simipour|[spread] p1a,p1b\n|-resisted|p1a: Simipour|1\n|-supereffective|p1b: Pidgeot|1\n|-damage|p1a: Simipour|62/100\n|-damage|p1b: Pidgeot|5/100\n|-status|p1b: Pidgeot|frz\n|\n|-weather|Snowscape|[upkeep]\n|-sideend|p1: gemifi996644|move: Tailwind\n|upkeep\n|\n|t:|1788398621\n|switch|p2b: Aero|Aerodactyl, L50, F|100/100\n|-ability|p2b: Aero|Unnerve\n|turn|5\n|\n|t:|1788398637\n|switch|p1b: Simisear|Simisear, L50, F|18/100\n|move|p1a: Simipour|Protect|p1a: Simipour\n|-singleturn|p1a: Simipour|Protect\n|move|p2a: Yuki|Nasty Plot|p2a: Yuki\n|-boost|p2a: Yuki|spa|2\n|move|p2b: Aero|Dual Wingbeat|p1a: Simipour\n|-activate|p1a: Simipour|move: Protect\n|\n|-weather|none\n|-sideend|p2: Propman12|move: Aurora Veil\n|upkeep\n|turn|6\n|\n|t:|1788398658\n|move|p1b: Simisear|Fake Out|p2b: Aero\n|-resisted|p2b: Aero|1\n|-damage|p2b: Aero|94/100\n|move|p2a: Yuki|Shadow Ball|p1b: Simisear\n|-damage|p1b: Simisear|0 fnt\n|faint|p1b: Simisear\n|cant|p2b: Aero|flinch\n|move|p1a: Simipour|Hydro Pump|p2b: Aero\n|-supereffective|p2b: Aero|1\n|-damage|p2b: Aero|0 fnt\n|faint|p2b: Aero\n|\n|-sideend|p2: Propman12|move: Tailwind\n|upkeep\n|c|☆Propman12|Gg how tf\n|c|☆gemifi996644|HOLY CRAP THIS MIGHT BE MY FIRST WIN\n|-message|Propman12 forfeited.\n|\n|win|gemifi996644\n|raw|gemifi996644's rating: 1071 &rarr; <strong>1103</strong><br />(+32 for winning)\n|raw|Propman12's rating: 1097 &rarr; <strong>1071</strong><br />(-26 for losing)\n|l|☆Propman12\n|player|p2|\n","uploadtime":1788398690,"views":"4","formatid":"gen9championsvgc2026regmb","rating":1071,"private":0,"password":null}