{"id":"gen9championsvgc2026regmbbo3-2673428712","format":"[Gen 9 Champions] VGC 2026 Reg M-B (Bo3)","players":["humania1","Saicam16"],"log":"|j|☆humania1\n|j|☆Saicam16\n|html|<table width=\"100%\"><tr><td align=\"left\">humania1</td><td align=\"right\">Saicam16</tr><tr><td align=\"left\"><i class=\"fa fa-circle-o\"></i> <i class=\"fa fa-circle-o\"></i> </td><td align=\"right\"><i class=\"fa fa-circle-o\"></i> <i class=\"fa fa-circle-o\"></i> </tr></table>\n|uhtml|bestof|<h2><strong>Game 1</strong> of <a href=\"/game-bestof3-gen9championsvgc2026regmbbo3-2673428711\">a best-of-3</a></h2>\n|t:|1788196659\n|gametype|doubles\n|player|p1|humania1|170|1029\n|player|p2|Saicam16|1|1109\n|gen|9\n|tier|[Gen 9 Champions] VGC 2026 Reg M-B (Bo3)\n|rated|\n|rule|Species Clause: Limit one of each Pokémon\n|rule|Item Clause: Limit 1 of each item\n|clearpoke\n|poke|p1|Blastoise, L50, M|\n|poke|p1|Delphox, L50, F, shiny|\n|poke|p1|Incineroar, L50, F|\n|poke|p1|Sinistcha, L50|\n|poke|p1|Sneasler, L50, F|\n|poke|p1|Vivillon, L50, M|\n|poke|p2|Farigiraf, L50, F|\n|poke|p2|Incineroar, L50, M, shiny|\n|poke|p2|Froslass, L50, F|\n|poke|p2|Primarina, L50, M|\n|poke|p2|Sneasler, L50, M|\n|poke|p2|Kingambit, L50, M|\n|teampreview|4\n|showteam|p1|Blastoise||Blastoisinite|Torrent|Protect,ShellSmash,WaterSpout,DarkPulse|Modest||M|||50|]Delphox||Delphoxite|Blaze|Protect,HeatWave,Psyshock,NastyPlot|Timid||F|||50|]Incineroar||PasshoBerry|Intimidate|FakeOut,PartingShot,FlareBlitz,ThroatChop|Impish||F|||50|]Sinistcha||SitrusBerry|Hospitality|Protect,MatchaGotcha,TrickRoom,RagePowder|Bold|||||50|]Sneasler||FocusSash|PoisonTouch|QuickGuard,FakeOut,CloseCombat,DireClaw|Jolly||F|||50|]Vivillon||ChoiceScarf|CompoundEyes|Hurricane,SleepPowder,RagePowder,Uturn|Timid||M|||50|\n|showteam|p2|Farigiraf||ColburBerry|ArmorTail|FoulPlay,Protect,TrickRoom,Psychic|Modest||F|||50|]Incineroar||SitrusBerry|Intimidate|FakeOut,FlareBlitz,DarkestLariat,PartingShot|Careful||M|||50|]Froslass||Froslassite|CursedBody|Protect,ShadowBall,IceBeam,Thunderbolt|Timid||F|||50|]Primarina||MysticWater|LiquidVoice|HyperVoice,Moonblast,Haze,Protect|Modest||M|||50|]Sneasler||FocusSash|Unburden|Protect,DireClaw,Uturn,CloseCombat|Adamant||M|||50|]Kingambit||BlackGlasses|Defiant|KowtowCleave,LowKick,SuckerPunch,Protect|Adamant||M|||50|\n|inactive|Battle timer is ON: inactive players will automatically lose when time's up. (requested by humania1)\n|inactive|Saicam16 has 60 seconds left.\n|\n|t:|1788196696\n|teamsize|p1|4\n|teamsize|p2|4\n|start\n|switch|p1a: Blastoise|Blastoise, L50, M|100/100\n|switch|p1b: Delphox|Delphox, L50, F, shiny|100/100\n|switch|p2a: Primarina|Primarina, L50, M|100/100\n|switch|p2b: Kingambit|Kingambit, L50, M|100/100\n|turn|1\n|inactive|Saicam16 has 30 seconds left.\n|inactive|Saicam16 has 20 seconds left.\n|\n|t:|1788196733\n|detailschange|p1a: Blastoise|Blastoise-Mega, L50, M\n|-mega|p1a: Blastoise|Blastoise|Blastoisinite\n|move|p1b: Delphox|Protect|p1b: Delphox\n|-singleturn|p1b: Delphox|Protect\n|move|p2b: Kingambit|Protect|p2b: Kingambit\n|-singleturn|p2b: Kingambit|Protect\n|move|p1a: Blastoise|Water Spout|p2a: Primarina|[spread] p2a\n|-activate|p2b: Kingambit|move: Protect\n|-resisted|p2a: Primarina|1\n|-damage|p2a: Primarina|74/100\n|move|p2a: Primarina|Hyper Voice|p1a: Blastoise|[spread] p1a\n|-activate|p1b: Delphox|move: Protect\n|-resisted|p1a: Blastoise|1\n|-damage|p1a: Blastoise|77/100\n|\n|upkeep\n|turn|2\n|\n|t:|1788196751\n|switch|p1b: Incineroar|Incineroar, L50, F|100/100\n|-ability|p1b: Incineroar|Intimidate|boost\n|-unboost|p2a: Primarina|atk|1\n|-unboost|p2b: Kingambit|atk|1\n|-ability|p2b: Kingambit|Defiant|boost\n|-boost|p2b: Kingambit|atk|2\n|move|p2b: Kingambit|Sucker Punch||[still]\n|-fail|p2b: Kingambit\n|move|p1a: Blastoise|Shell Smash|p1a: Blastoise\n|-unboost|p1a: Blastoise|def|1\n|-unboost|p1a: Blastoise|spd|1\n|-boost|p1a: Blastoise|atk|2\n|-boost|p1a: Blastoise|spa|2\n|-boost|p1a: Blastoise|spe|2\n|move|p2a: Primarina|Hyper Voice|p1b: Incineroar|[spread] p1a,p1b\n|-resisted|p1a: Blastoise|1\n|-supereffective|p1b: Incineroar|1\n|-enditem|p1b: Incineroar|Passho Berry|[eat]\n|-enditem|p1b: Incineroar|Passho Berry|[weaken]\n|-damage|p1a: Blastoise|44/100\n|-damage|p1b: Incineroar|56/100\n|\n|upkeep\n|turn|3\n|\n|t:|1788196771\n|switch|p1a: Sinistcha|Sinistcha, L50|100/100\n|-heal|p1b: Incineroar|81/100|[from] ability: Hospitality|[of] p1a: Sinistcha\n|move|p2a: Primarina|Protect|p2a: Primarina\n|-singleturn|p2a: Primarina|Protect\n|move|p2b: Kingambit|Protect|p2b: Kingambit\n|-singleturn|p2b: Kingambit|Protect\n|move|p1b: Incineroar|Parting Shot|p2a: Primarina\n|-activate|p2a: Primarina|move: Protect\n|\n|upkeep\n|turn|4\n|\n|t:|1788196787\n|move|p1b: Incineroar|Flare Blitz|p2a: Primarina\n|-resisted|p2a: Primarina|1\n|-damage|p2a: Primarina|46/100\n|-status|p2a: Primarina|brn\n|-damage|p1b: Incineroar|73/100|[from] Recoil\n|move|p1a: Sinistcha|Matcha Gotcha|p2a: Primarina|[spread] p2a,p2b\n|-supereffective|p2a: Primarina|1\n|-resisted|p2b: Kingambit|1\n|-damage|p2a: Primarina|3/100 brn\n|-damage|p2b: Kingambit|89/100\n|move|p2a: Primarina|Hyper Voice|p1a: Sinistcha|[spread] p1a,p1b\n|-resisted|p1a: Sinistcha|1\n|-supereffective|p1b: Incineroar|1\n|-damage|p1a: Sinistcha|79/100\n|-damage|p1b: Incineroar|0 fnt\n|faint|p1b: Incineroar\n|move|p2b: Kingambit|Kowtow Cleave|p1a: Sinistcha\n|-supereffective|p1a: Sinistcha|1\n|-damage|p1a: Sinistcha|0 fnt\n|faint|p1a: Sinistcha\n|\n|-damage|p2a: Primarina|0 fnt|[from] brn\n|faint|p2a: Primarina\n|upkeep\n|\n|t:|1788196810\n|switch|p1b: Delphox|Delphox, L50, F, shiny|100/100\n|switch|p1a: Blastoise|Blastoise-Mega, L50, M|44/100\n|switch|p2a: Farigiraf|Farigiraf, L50, F|100/100\n|turn|5\n|\n|t:|1788196819\n|move|p1b: Delphox|Protect|p1b: Delphox\n|-singleturn|p1b: Delphox|Protect\n|move|p2b: Kingambit|Protect|p2b: Kingambit\n|-singleturn|p2b: Kingambit|Protect\n|move|p1a: Blastoise|Shell Smash|p1a: Blastoise\n|-unboost|p1a: Blastoise|def|1\n|-unboost|p1a: Blastoise|spd|1\n|-boost|p1a: Blastoise|atk|2\n|-boost|p1a: Blastoise|spa|2\n|-boost|p1a: Blastoise|spe|2\n|move|p2a: Farigiraf|Trick Room|p2a: Farigiraf\n|-fieldstart|move: Trick Room|[of] p2a: Farigiraf\n|\n|upkeep\n|turn|6\n|\n|t:|1788196835\n|move|p1b: Delphox|Protect||[still]\n|-fail|p1b: Delphox\n|move|p1a: Blastoise|Protect|p1a: Blastoise\n|-singleturn|p1a: Blastoise|Protect\n|move|p2b: Kingambit|Kowtow Cleave|p1b: Delphox\n|-supereffective|p1b: Delphox|1\n|-damage|p1b: Delphox|0 fnt\n|faint|p1b: Delphox\n|move|p2a: Farigiraf|Psychic|p1a: Blastoise\n|-activate|p1a: Blastoise|move: Protect\n|\n|upkeep\n|turn|7\n|\n|t:|1788196848\n|move|p2b: Kingambit|Kowtow Cleave|p1a: Blastoise\n|-damage|p1a: Blastoise|0 fnt\n|faint|p1a: Blastoise\n|\n|win|Saicam16\n","uploadtime":1788196849,"views":"7","formatid":"gen9championsvgc2026regmbbo3","rating":null,"private":0,"password":null}