{"id":"gen9championsvgc2026regmbbo3-2673316087","format":"[Gen 9 Champions] VGC 2026 Reg M-B (Bo3)","players":["riccardofano","GlitchXDGOAT"],"log":"|j|☆riccardofano\n|j|☆GlitchXDGOAT\n|html|<table width=\"100%\"><tr><td align=\"left\">riccardofano</td><td align=\"right\">GlitchXDGOAT</tr><tr><td align=\"left\"><i class=\"fa fa-circle\"></i> <i class=\"fa fa-circle-o\"></i> </td><td align=\"right\"><i class=\"fa fa-circle-o\"></i> <i class=\"fa fa-circle\"></i> </tr></table>\n|uhtml|bestof|<h2><strong>Game 3</strong> of <a href=\"/game-bestof3-gen9championsvgc2026regmbbo3-2673312195\">a best-of-3</a></h2>\n|t:|1788182216\n|gametype|doubles\n|player|p1|riccardofano|ruinmaniac|1128\n|player|p2|GlitchXDGOAT|102|1195\n|gen|9\n|tier|[Gen 9 Champions] VGC 2026 Reg M-B (Bo3)\n|rated|\n|rule|Species Clause: Limit one of each Pokémon\n|rule|Item Clause: Limit 1 of each item\n|clearpoke\n|poke|p1|Charizard, L50, M|\n|poke|p1|Venusaur, L50, M|\n|poke|p1|Garchomp, L50, F|\n|poke|p1|Sylveon, L50, M|\n|poke|p1|Incineroar, L50, F|\n|poke|p1|Toxapex, L50, M|\n|poke|p2|Annihilape, L50, F|\n|poke|p2|Incineroar, L50, M|\n|poke|p2|Basculegion, L50, M|\n|poke|p2|Glimmora, L50, F|\n|poke|p2|Raichu, L50, M|\n|poke|p2|Floette-Eternal, L50, F|\n|teampreview|4\n|showteam|p1|Charizard||CharizarditeY|SolarPower|HeatWave,WeatherBall,AncientPower,Protect|Modest||M|||50|]Venusaur||LifeOrb|Chlorophyll|SolarBeam,EarthPower,SludgeBomb,Protect|Modest||M|||50|]Garchomp||ChoiceScarf|RoughSkin|DragonClaw,StompingTantrum,Earthquake,RockSlide|Adamant||F|||50|]Sylveon||FairyFeather|Pixilate|HyperVoice,QuickAttack,Yawn,Detect|Modest||M|||50|]Incineroar||SitrusBerry|Intimidate|FlareBlitz,ThroatChop,FakeOut,PartingShot|Impish||F|||50|]Toxapex||Leftovers|Regenerator|Infestation,Toxic,WideGuard,BanefulBunker|Impish||M|||50|\n|showteam|p2|Annihilape||ChoiceScarf|Defiant|CloseCombat,ShadowClaw,PoisonJab,RockTomb|Jolly||F|||50|]Incineroar||SitrusBerry|Intimidate|FakeOut,FlareBlitz,LashOut,PartingShot|Careful||M|||50|]Basculegion||LifeOrb|Adaptability|WaveCrash,LastRespects,Protect,AquaJet|Jolly||M|||50|]Glimmora||FocusSash|ToxicDebris|SpikyShield,PowerGem,SludgeBomb,EarthPower|Timid||F|||50|]Raichu||RaichuniteY|LightningRod|FakeOut,ZapCannon,FocusBlast,Protect|Timid||M|||50|]Floette-Eternal||Floettite|FlowerVeil|Moonblast,DazzlingGleam,CalmMind,Protect|Timid||F|||50|\n|inactive|Battle timer is ON: inactive players will automatically lose when time's up. (requested by GlitchXDGOAT)\n|\n|t:|1788182238\n|teamsize|p1|4\n|teamsize|p2|4\n|start\n|switch|p1a: Venusaur|Venusaur, L50, M|100/100\n|switch|p1b: Charizard|Charizard, L50, M|100/100\n|switch|p2a: Glimmora|Glimmora, L50, F|100/100\n|switch|p2b: Raichu|Raichu, L50, M|100/100\n|turn|1\n|\n|t:|1788182264\n|detailschange|p2b: Raichu|Raichu-Mega-Y, L50, M\n|-mega|p2b: Raichu|Raichu|Raichunite Y\n|detailschange|p1b: Charizard|Charizard-Mega-Y, L50, M\n|-mega|p1b: Charizard|Charizard|Charizardite Y\n|-weather|SunnyDay|[from] ability: Drought|[of] p1b: Charizard\n|move|p1a: Venusaur|Protect|p1a: Venusaur\n|-singleturn|p1a: Venusaur|Protect\n|move|p1b: Charizard|Protect|p1b: Charizard\n|-singleturn|p1b: Charizard|Protect\n|move|p2b: Raichu|Fake Out|p1a: Venusaur\n|-activate|p1a: Venusaur|move: Protect\n|move|p2a: Glimmora|Sludge Bomb|p1a: Venusaur\n|-activate|p1a: Venusaur|move: Protect\n|\n|-weather|SunnyDay|[upkeep]\n|upkeep\n|turn|2\n|\n|t:|1788182284\n|switch|p1b: Sylveon|Sylveon, L50, M|100/100\n|move|p1a: Venusaur|Earth Power|p2b: Raichu\n|-supereffective|p2b: Raichu|1\n|-damage|p2b: Raichu|1/100\n|-damage|p1a: Venusaur|90/100|[from] item: Life Orb\n|move|p2b: Raichu|Zap Cannon|p1b: Sylveon\n|-damage|p1b: Sylveon|53/100\n|-status|p1b: Sylveon|par\n|move|p2a: Glimmora|Sludge Bomb|p1a: Venusaur\n|-damage|p1a: Venusaur|40/100\n|\n|-weather|SunnyDay|[upkeep]\n|upkeep\n|turn|3\n|inactive|GlitchXDGOAT has 30 seconds left.\n|inactive|GlitchXDGOAT has 20 seconds left.\n|\n|t:|1788182323\n|move|p2b: Raichu|Protect|p2b: Raichu\n|-singleturn|p2b: Raichu|Protect\n|move|p1a: Venusaur|Solar Beam||[still]\n|-prepare|p1a: Venusaur|Solar Beam\n|-anim|p1a: Venusaur|Solar Beam|p2b: Raichu\n|-activate|p2b: Raichu|move: Protect\n|move|p2a: Glimmora|Sludge Bomb|p1a: Venusaur\n|-damage|p1a: Venusaur|0 fnt\n|faint|p1a: Venusaur\n|move|p1b: Sylveon|Yawn|p2a: Glimmora\n|-start|p2a: Glimmora|move: Yawn|[of] p1b: Sylveon\n|\n|-weather|SunnyDay|[upkeep]\n|upkeep\n|\n|t:|1788182335\n|switch|p1a: Charizard|Charizard-Mega-Y, L50, M|100/100\n|turn|4\n|\n|t:|1788182349\n|switch|p2a: Annihilape|Annihilape, L50, F|100/100\n|move|p1a: Charizard|Protect|p1a: Charizard\n|-singleturn|p1a: Charizard|Protect\n|move|p1b: Sylveon|Quick Attack|p2b: Raichu\n|-damage|p2b: Raichu|0 fnt\n|faint|p2b: Raichu\n|\n|-weather|SunnyDay|[upkeep]\n|upkeep\n|\n|t:|1788182356\n|switch|p2b: Glimmora|Glimmora, L50, F|100/100\n|turn|5\n|\n|t:|1788182368\n|switch|p1a: Toxapex|Toxapex, L50, M|100/100\n|move|p2a: Annihilape|Rock Tomb|p1a: Toxapex\n|-crit|p1a: Toxapex\n|-damage|p1a: Toxapex|81/100\n|-unboost|p1a: Toxapex|spe|1\n|move|p2b: Glimmora|Sludge Bomb|p1b: Sylveon\n|-supereffective|p1b: Sylveon|1\n|-damage|p1b: Sylveon|0 fnt\n|faint|p1b: Sylveon\n|\n|-weather|none\n|-heal|p1a: Toxapex|87/100|[from] item: Leftovers\n|upkeep\n|\n|t:|1788182381\n|switch|p1b: Charizard|Charizard-Mega-Y, L50, M|100/100\n|-weather|SunnyDay|[from] ability: Drought|[of] p1b: Charizard\n|turn|6\n|\n|t:|1788182390\n|move|p2a: Annihilape|Rock Tomb|p1b: Charizard\n|-supereffective|p1b: Charizard|2\n|-damage|p1b: Charizard|25/100\n|-unboost|p1b: Charizard|spe|1\n|move|p2b: Glimmora|Earth Power|p1a: Toxapex\n|-supereffective|p1a: Toxapex|1\n|-damage|p1a: Toxapex|41/100\n|move|p1b: Charizard|Heat Wave|p2a: Annihilape|[spread] p2a,p2b\n|-resisted|p2b: Glimmora|1\n|-damage|p2a: Annihilape|31/100\n|-damage|p2b: Glimmora|57/100\n|move|p1a: Toxapex|Infestation|p2b: Glimmora\n|-resisted|p2b: Glimmora|1\n|-damage|p2b: Glimmora|55/100\n|-activate|p2b: Glimmora|move: Infestation|[of] p1a: Toxapex\n|\n|-weather|SunnyDay|[upkeep]\n|-heal|p1a: Toxapex|47/100|[from] item: Leftovers\n|-damage|p2b: Glimmora|44/100|[from] move: Infestation|[partiallytrapped]\n|upkeep\n|turn|7\n|\n|t:|1788182413\n|move|p1a: Toxapex|Baneful Bunker|p1a: Toxapex\n|-singleturn|p1a: Toxapex|move: Protect\n|move|p2a: Annihilape|Rock Tomb|p1b: Charizard\n|-supereffective|p1b: Charizard|2\n|-crit|p1b: Charizard\n|-damage|p1b: Charizard|0 fnt\n|faint|p1b: Charizard\n|move|p2b: Glimmora|Earth Power|p1a: Toxapex\n|-activate|p1a: Toxapex|move: Protect\n|\n|-weather|SunnyDay|[upkeep]\n|-heal|p1a: Toxapex|52/100|[from] item: Leftovers\n|-damage|p2b: Glimmora|32/100|[from] move: Infestation|[partiallytrapped]\n|upkeep\n|turn|8\n|c|☆riccardofano|gg\n|-message|riccardofano forfeited.\n|\n|win|GlitchXDGOAT\n|raw|riccardofano's rating: 1128 &rarr; <strong>1108</strong><br />(-20 for losing)\n|raw|GlitchXDGOAT's rating: 1195 &rarr; <strong>1215</strong><br />(+20 for winning)\n|c|☆GlitchXDGOAT|GG\n|c|☆GlitchXDGOAT|What are ur char spreads\n|c|☆GlitchXDGOAT|?\n|l|☆riccardofano\n|player|p1|\n","uploadtime":1788182494,"views":"3","formatid":"gen9championsvgc2026regmbbo3","rating":1108,"private":0,"password":null}