{"id":"gen9championsvgc2026regmbbo3-2673891633","format":"[Gen 9 Champions] VGC 2026 Reg M-B (Bo3)","players":["shadow193","Ralph-LM"],"log":"|j|☆shadow193\n|j|☆Ralph-LM\n|html|<table width=\"100%\"><tr><td align=\"left\">shadow193</td><td align=\"right\">Ralph-LM</tr><tr><td align=\"left\"><i class=\"fa fa-circle-o\"></i> <i class=\"fa fa-circle-o\"></i> </td><td align=\"right\"><i class=\"fa fa-circle-o\"></i> <i class=\"fa fa-circle-o\"></i> </tr></table>\n|uhtml|bestof|<h2><strong>Game 1</strong> of <a href=\"/game-bestof3-gen9championsvgc2026regmbbo3-2673891632\">a best-of-3</a></h2>\n|t:|1788273758\n|gametype|doubles\n|player|p1|shadow193|veteran|\n|player|p2|Ralph-LM|proton|\n|gen|9\n|tier|[Gen 9 Champions] VGC 2026 Reg M-B (Bo3)\n|rule|Species Clause: Limit one of each Pokémon\n|rule|Item Clause: Limit 1 of each item\n|clearpoke\n|poke|p1|Venusaur, L50, M|\n|poke|p1|Charizard, L50, F|\n|poke|p1|Aerodactyl, L50, M|\n|poke|p1|Primarina, L50, F|\n|poke|p1|Maushold, L50|\n|poke|p1|Gholdengo, L50|\n|poke|p2|Dragalge, L50, M|\n|poke|p2|Toxapex, L50, F|\n|poke|p2|Kingambit, L50, M, shiny|\n|poke|p2|Aurorus, L50, M, shiny|\n|poke|p2|Scrafty, L50, M|\n|poke|p2|Farigiraf, L50, M|\n|teampreview|4\n|showteam|p1|Venusaur||Venusaurite|Overgrow|EarthPower,EnergyBall,SludgeBomb,Protect|Modest||M|||50|]Charizard||CharizarditeX|Blaze|FlareBlitz,DragonClaw,Protect,ThunderPunch|Adamant||F|||50|]Aerodactyl||FocusSash|Pressure|Tailwind,RockSlide,Protect,DualWingbeat|Jolly||M|||50|]Primarina||LifeOrb|LiquidVoice|HyperVoice,Protect,IceBeam,Moonblast|Modest||F|||50|]Maushold||ChopleBerry|FriendGuard|FollowMe,SuperFang,HelpingHand,Protect|Jolly|||||50|]Gholdengo||ChoiceScarf|GoodasGold|MakeItRain,ShadowBall,PowerGem,FocusBlast|Timid|||||50|\n|showteam|p2|Dragalge||Dragalgite|Adaptability|Whirlpool,Toxic,SludgeBomb,Protect|Sassy||M|||50|]Toxapex||SitrusBerry|Regenerator|Toxic,Infestation,Recover,BanefulBunker|Sassy||F|||50|]Kingambit||ChopleBerry|Defiant|KowtowCleave,IronHead,LowKick,Protect|Brave||M|||50|]Aurorus||BabiriBerry|Refrigerate|HyperVoice,AncientPower,Psychic,Protect|Quiet||M|||50|]Scrafty||Scraftinite|Intimidate|FakeOut,KnockOff,CloseCombat,Detect|Brave||M|||50|]Farigiraf||ColburBerry|ArmorTail|TrickRoom,Psychic,HelpingHand,Protect|Relaxed||M|||50|\n|\n|t:|1788273827\n|teamsize|p1|4\n|teamsize|p2|4\n|start\n|switch|p1a: Gholdengo|Gholdengo, L50|100/100\n|switch|p1b: Primarina|Primarina, L50, F|100/100\n|switch|p2a: Farigiraf|Farigiraf, L50, M|100/100\n|switch|p2b: Aurorus|Aurorus, L50, M, shiny|100/100\n|turn|1\n|\n|t:|1788273846\n|switch|p2b: Kingambit|Kingambit, L50, M, shiny|100/100\n|move|p1a: Gholdengo|Make It Rain|p2b: Kingambit|[spread] p2a,p2b\n|-resisted|p2b: Kingambit|1\n|-damage|p2a: Farigiraf|60/100\n|-damage|p2b: Kingambit|78/100\n|-unboost|p1a: Gholdengo|spa|2\n|move|p1b: Primarina|Hyper Voice|p2a: Farigiraf|[spread] p2a,p2b\n|-damage|p2a: Farigiraf|20/100y\n|-damage|p2b: Kingambit|33/100\n|-damage|p1b: Primarina|90/100|[from] item: Life Orb\n|move|p2a: Farigiraf|Trick Room|p2a: Farigiraf\n|-fieldstart|move: Trick Room|[of] p2a: Farigiraf\n|\n|upkeep\n|turn|2\n|\n|t:|1788273870\n|switch|p1a: Maushold|Maushold, L50|100/100\n|move|p2b: Kingambit|Protect|p2b: Kingambit\n|-singleturn|p2b: Kingambit|Protect\n|move|p2a: Farigiraf|Protect|p2a: Farigiraf\n|-singleturn|p2a: Farigiraf|Protect\n|move|p1b: Primarina|Hyper Voice|p2a: Farigiraf|[spread] \n|-activate|p2a: Farigiraf|move: Protect\n|-activate|p2b: Kingambit|move: Protect\n|\n|upkeep\n|turn|3\n|\n|t:|1788273910\n|switch|p2a: Toxapex|Toxapex, L50, F|100/100\n|move|p1a: Maushold|Protect|p1a: Maushold\n|-singleturn|p1a: Maushold|Protect\n|move|p2b: Kingambit|Iron Head|p1b: Primarina\n|-damage|p1b: Primarina|54/100\n|move|p1b: Primarina|Hyper Voice|p2b: Kingambit|[spread] p2a,p2b\n|-resisted|p2a: Toxapex|1\n|-crit|p2b: Kingambit\n|-damage|p2a: Toxapex|83/100\n|-damage|p2b: Kingambit|0 fnt\n|faint|p2b: Kingambit\n|-damage|p1b: Primarina|44/100|[from] item: Life Orb\n|\n|upkeep\n|\n|t:|1788273925\n|switch|p2b: Aurorus|Aurorus, L50, M, shiny|100/100\n|turn|4\n|\n|t:|1788273939\n|switch|p1b: Gholdengo|Gholdengo, L50|100/100\n|move|p2a: Toxapex|Infestation|p1a: Maushold\n|-damage|p1a: Maushold|96/100\n|-activate|p1a: Maushold|move: Infestation|[of] p2a: Toxapex\n|move|p2b: Aurorus|Ancient Power|p1b: Gholdengo\n|-resisted|p1b: Gholdengo|1\n|-crit|p1b: Gholdengo\n|-damage|p1b: Gholdengo|82/100\n|move|p1a: Maushold|Super Fang|p2b: Aurorus\n|-damage|p2b: Aurorus|50/100y\n|\n|-damage|p1a: Maushold|83/100|[from] move: Infestation|[partiallytrapped]\n|upkeep\n|turn|5\n|\n|t:|1788273959\n|move|p1a: Maushold|Helping Hand|p1b: Gholdengo\n|-immune|p1b: Gholdengo|[from] ability: Good as Gold\n|move|p2a: Toxapex|Infestation|p1b: Gholdengo\n|-resisted|p1b: Gholdengo|2\n|-damage|p1b: Gholdengo|82/100\n|-activate|p1b: Gholdengo|move: Infestation|[of] p2a: Toxapex\n|move|p2b: Aurorus|Hyper Voice|p1a: Maushold|[spread] p1a,p1b\n|-resisted|p1b: Gholdengo|1\n|-damage|p1a: Maushold|35/100\n|-damage|p1b: Gholdengo|66/100\n|move|p1b: Gholdengo|Shadow Ball|p2a: Toxapex\n|-damage|p2a: Toxapex|50/100g\n|\n|-damage|p1a: Maushold|23/100|[from] move: Infestation|[partiallytrapped]\n|-damage|p1b: Gholdengo|54/100|[from] move: Infestation|[partiallytrapped]\n|-fieldend|move: Trick Room\n|upkeep\n|turn|6\n|\n|t:|1788273977\n|move|p2b: Aurorus|Protect|p2b: Aurorus\n|-singleturn|p2b: Aurorus|Protect\n|move|p1b: Gholdengo|Shadow Ball|p2b: Aurorus\n|-activate|p2b: Aurorus|move: Protect\n|move|p1a: Maushold|Super Fang|p2a: Toxapex\n|-damage|p2a: Toxapex|25/100\n|-enditem|p2a: Toxapex|Sitrus Berry|[eat]\n|-heal|p2a: Toxapex|50/100g|[from] item: Sitrus Berry\n|move|p2a: Toxapex|Recover|p2a: Toxapex\n|-heal|p2a: Toxapex|100/100\n|\n|-damage|p1b: Gholdengo|42/100|[from] move: Infestation|[partiallytrapped]\n|-damage|p1a: Maushold|11/100|[from] move: Infestation|[partiallytrapped]\n|upkeep\n|turn|7\n|\n|t:|1788274003\n|switch|p2b: Farigiraf|Farigiraf, L50, M|20/100y\n|move|p2a: Toxapex|Baneful Bunker|p2a: Toxapex\n|-singleturn|p2a: Toxapex|move: Protect\n|move|p1b: Gholdengo|Shadow Ball|p2a: Toxapex\n|-activate|p2a: Toxapex|move: Protect\n|move|p1a: Maushold|Super Fang|p2a: Toxapex\n|-activate|p2a: Toxapex|move: Protect\n|-status|p1a: Maushold|psn\n|\n|-damage|p1a: Maushold|0 fnt|[from] psn\n|faint|p1a: Maushold\n|-damage|p1b: Gholdengo|29/100|[from] move: Infestation|[partiallytrapped]\n|upkeep\n|\n|t:|1788274012\n|switch|p1a: Venusaur|Venusaur, L50, M|100/100\n|turn|8\n|\n|t:|1788274025\n|detailschange|p1a: Venusaur|Venusaur-Mega, L50, M\n|-mega|p1a: Venusaur|Venusaur|Venusaurite\n|move|p1b: Gholdengo|Shadow Ball|p2a: Toxapex\n|-damage|p2a: Toxapex|69/100\n|move|p1a: Venusaur|Energy Ball|p2b: Farigiraf\n|-damage|p2b: Farigiraf|0 fnt\n|faint|p2b: Farigiraf\n|move|p2a: Toxapex|Infestation|p1a: Venusaur\n|-damage|p1a: Venusaur|97/100\n|-activate|p1a: Venusaur|move: Infestation|[of] p2a: Toxapex\n|\n|-damage|p1b: Gholdengo|17/100|[from] move: Infestation|[partiallytrapped]\n|-damage|p1a: Venusaur|85/100|[from] move: Infestation|[partiallytrapped]\n|upkeep\n|\n|t:|1788274040\n|switch|p2b: Aurorus|Aurorus, L50, M, shiny|50/100y\n|turn|9\n|\n|t:|1788274047\n|move|p2b: Aurorus|Protect|p2b: Aurorus\n|-singleturn|p2b: Aurorus|Protect\n|move|p1b: Gholdengo|Shadow Ball|p2a: Toxapex\n|-damage|p2a: Toxapex|36/100\n|-unboost|p2a: Toxapex|spd|1\n|move|p1a: Venusaur|Energy Ball|p2b: Aurorus\n|-activate|p2b: Aurorus|move: Protect\n|move|p2a: Toxapex|Recover|p2a: Toxapex\n|-heal|p2a: Toxapex|87/100\n|\n|-end|p1b: Gholdengo|Infestation|[partiallytrapped]\n|-damage|p1a: Venusaur|72/100|[from] move: Infestation|[partiallytrapped]\n|upkeep\n|turn|10\n|\n|t:|1788274069\n|move|p1b: Gholdengo|Shadow Ball|p2a: Toxapex\n|-damage|p2a: Toxapex|41/100\n|move|p1a: Venusaur|Energy Ball|p2b: Aurorus\n|-supereffective|p2b: Aurorus|1\n|-damage|p2b: Aurorus|0 fnt\n|faint|p2b: Aurorus\n|move|p2a: Toxapex|Infestation|p1b: Gholdengo\n|-resisted|p1b: Gholdengo|2\n|-damage|p1b: Gholdengo|16/100\n|-activate|p1b: Gholdengo|move: Infestation|[of] p2a: Toxapex\n|\n|-damage|p1b: Gholdengo|4/100|[from] move: Infestation|[partiallytrapped]\n|-damage|p1a: Venusaur|60/100|[from] move: Infestation|[partiallytrapped]\n|upkeep\n|turn|11\n|\n|t:|1788274083\n|move|p2a: Toxapex|Baneful Bunker|p2a: Toxapex\n|-singleturn|p2a: Toxapex|move: Protect\n|move|p1b: Gholdengo|Shadow Ball|p2a: Toxapex\n|-activate|p2a: Toxapex|move: Protect\n|move|p1a: Venusaur|Earth Power|p2a: Toxapex\n|-activate|p2a: Toxapex|move: Protect\n|\n|-damage|p1b: Gholdengo|0 fnt|[from] move: Infestation|[partiallytrapped]\n|faint|p1b: Gholdengo\n|-damage|p1a: Venusaur|48/100|[from] move: Infestation|[partiallytrapped]\n|upkeep\n|\n|t:|1788274085\n|switch|p1b: Primarina|Primarina, L50, F|44/100\n|turn|12\n|\n|t:|1788274100\n|move|p1a: Venusaur|Earth Power|p2a: Toxapex\n|-supereffective|p2a: Toxapex|1\n|-damage|p2a: Toxapex|0 fnt\n|faint|p2a: Toxapex\n|\n|win|shadow193\n","uploadtime":1788274100,"views":"0","formatid":"gen9championsvgc2026regmbbo3","rating":null,"private":0,"password":null}