{"id":"gen9championsvgc2026regmb-2674777619","format":"[Gen 9 Champions] VGC 2026 Reg M-B","players":["LucarioSolosYou2","darkrai_mtr"],"log":"|j|☆LucarioSolosYou2\n|j|☆darkrai_mtr\n|t:|1788404794\n|gametype|doubles\n|player|p1|LucarioSolosYou2|102|\n|player|p2|darkrai_mtr|shauntal|\n|gen|9\n|tier|[Gen 9 Champions] VGC 2026 Reg M-B\n|rule|Species Clause: Limit one of each Pokémon\n|rule|Item Clause: Limit 1 of each item\n|clearpoke\n|poke|p1|Staraptor, L50, M, shiny|\n|poke|p1|Whimsicott, L50, M|\n|poke|p1|Kingambit, L50, F|\n|poke|p1|Zoroark-Hisui, L50, F|\n|poke|p1|Raichu, L50, M|\n|poke|p1|Alcremie-Ruby-Swirl, L50, F, shiny|\n|poke|p2|Gholdengo, L50|\n|poke|p2|Sylveon, L50, M, shiny|\n|poke|p2|Infernape, L50, F|\n|poke|p2|Sharpedo, L50, M, shiny|\n|poke|p2|Tsareena, L50, F|\n|poke|p2|Farigiraf, L50, F, shiny|\n|teampreview|4\n|\n|t:|1788404814\n|teamsize|p1|4\n|teamsize|p2|4\n|start\n|switch|p1a: Staraptor|Staraptor, L50, M, shiny|100/100\n|switch|p1b: Whimsicott|Whimsicott, L50, M|100/100\n|switch|p2a: NotAna-Li|Sylveon, L50, M, shiny|100/100\n|switch|p2b: Lenny|Sharpedo, L50, M, shiny|100/100\n|-ability|p1a: Staraptor|Intimidate|boost\n|-unboost|p2a: NotAna-Li|atk|1\n|-unboost|p2b: Lenny|atk|1\n|turn|1\n|\n|t:|1788404840\n|detailschange|p1a: Staraptor|Staraptor-Mega, L50, M, shiny\n|-mega|p1a: Staraptor|Staraptor|Staraptite\n|move|p2b: Lenny|Protect|p2b: Lenny\n|-singleturn|p2b: Lenny|Protect\n|move|p1b: Whimsicott|Taunt|p2a: NotAna-Li\n|-start|p2a: NotAna-Li|move: Taunt\n|move|p1a: Staraptor|Close Combat|p2b: Lenny\n|-activate|p2b: Lenny|move: Protect\n|move|p2a: NotAna-Li|Hyper Voice|p1b: Whimsicott|[spread] p1a,p1b\n|-supereffective|p1a: Staraptor|1\n|-damage|p1a: Staraptor|0 fnt\n|-damage|p1b: Whimsicott|34/100\n|faint|p1a: Staraptor\n|\n|-ability|p2b: Lenny|Speed Boost|boost\n|-boost|p2b: Lenny|spe|1\n|upkeep\n|\n|t:|1788404856\n|switch|p1a: Kingambit|Kingambit, L50, F|100/100\n|-activate|p1a: Kingambit|ability: Supreme Overlord\n|-start|p1a: Kingambit|fallen1|[silent]\n|turn|2\n|\n|t:|1788404867\n|detailschange|p2b: Lenny|Sharpedo-Mega, L50, M, shiny\n|-mega|p2b: Lenny|Sharpedo|Sharpedonite\n|move|p1b: Whimsicott|Charm|p2b: Lenny\n|-hint|Since gen 7, Dark is immune to Prankster moves.\n|-immune|p2b: Lenny\n|move|p2b: Lenny|Waterfall|p1a: Kingambit\n|-damage|p1a: Kingambit|75/100\n|move|p2a: NotAna-Li|Hyper Voice|p1a: Kingambit|[spread] p1a,p1b\n|-damage|p1a: Kingambit|27/100\n|-damage|p1b: Whimsicott|0 fnt\n|faint|p1b: Whimsicott\n|move|p1a: Kingambit|Iron Head|p2a: NotAna-Li\n|-supereffective|p2a: NotAna-Li|1\n|-damage|p2a: NotAna-Li|0 fnt\n|faint|p2a: NotAna-Li\n|\n|upkeep\n|\n|t:|1788404885\n|switch|p1b: CupCake|Alcremie-Ruby-Swirl, L50, F, shiny|100/100\n|switch|p2a: CheeseString|Gholdengo, L50|100/100\n|turn|3\n|\n|t:|1788404904\n|move|p1a: Kingambit|Sucker Punch||[still]\n|-fail|p1a: Kingambit\n|move|p2b: Lenny|Waterfall|p1a: Kingambit\n|-damage|p1a: Kingambit|2/100\n|move|p2a: CheeseString|Substitute|p2a: CheeseString\n|-start|p2a: CheeseString|Substitute\n|-damage|p2a: CheeseString|75/100\n|move|p1b: CupCake|Draining Kiss|p2b: Lenny\n|-supereffective|p2b: Lenny|1\n|-damage|p2b: Lenny|38/100\n|\n|-heal|p2a: CheeseString|81/100|[from] item: Leftovers\n|upkeep\n|turn|4\n|\n|t:|1788404940\n|move|p1a: Kingambit|Sucker Punch|p2b: Lenny\n|-resisted|p2b: Lenny|1\n|-damage|p2b: Lenny|0 fnt\n|faint|p2b: Lenny\n|move|p2a: CheeseString|Shadow Ball|p1b: CupCake\n|-damage|p1b: CupCake|71/100\n|move|p1b: CupCake|Draining Kiss|p2a: CheeseString\n|-resisted|p2a: CheeseString|1\n|-activate|p2a: CheeseString|move: Substitute|[damage]\n|-heal|p1b: CupCake|78/100|[from] drain|[of] p2a: CheeseString\n|\n|-heal|p2a: CheeseString|87/100|[from] item: Leftovers\n|-heal|p1b: CupCake|84/100|[from] item: Leftovers\n|upkeep\n|\n|t:|1788404957\n|switch|p2b: Fargi|Farigiraf, L50, F, shiny|100/100\n|turn|5\n|\n|t:|1788404982\n|move|p2a: CheeseString|Shadow Ball|p1a: Kingambit\n|-resisted|p1a: Kingambit|1\n|-damage|p1a: Kingambit|0 fnt\n|faint|p1a: Kingambit\n|-end|p1a: Kingambit|fallen1|[silent]\n|move|p1b: CupCake|Draining Kiss|p2b: Fargi\n|-damage|p2b: Fargi|84/100\n|-heal|p1b: CupCake|100/100|[from] drain|[of] p2b: Fargi\n|move|p2b: Fargi|Twin Beam|p1b: CupCake\n|-damage|p1b: CupCake|89/100\n|-damage|p1b: CupCake|79/100\n|-hitcount|p1b: CupCake|2\n|\n|-heal|p2a: CheeseString|93/100|[from] item: Leftovers\n|-heal|p1b: CupCake|84/100|[from] item: Leftovers\n|upkeep\n|turn|6\n|\n|t:|1788405016\n|move|p1b: CupCake|Protect|p1b: CupCake\n|-singleturn|p1b: CupCake|Protect\n|move|p2a: CheeseString|Shadow Ball|p1b: CupCake\n|-activate|p1b: CupCake|move: Protect\n|move|p2b: Fargi|Imprison|p2b: Fargi\n|-start|p2b: Fargi|move: Imprison\n|\n|-heal|p2a: CheeseString|100/100|[from] item: Leftovers\n|-heal|p1b: CupCake|90/100|[from] item: Leftovers\n|upkeep\n|turn|7\n|-message|LucarioSolosYou2 forfeited.\n|\n|win|darkrai_mtr\n|l|☆LucarioSolosYou2\n|player|p1|\n","uploadtime":1788405076,"views":"4","formatid":"gen9championsvgc2026regmb","rating":null,"private":0,"password":null}