{"id":"gen9championsvgc2026regmbbo3-2673638312","format":"[Gen 9 Champions] VGC 2026 Reg M-B (Bo3)","players":["endras125","mrpokemon33"],"log":"|j|☆endras125\n|j|☆mrpokemon33\n|html|<table width=\"100%\"><tr><td align=\"left\">endras125</td><td align=\"right\">mrpokemon33</tr><tr><td align=\"left\"><i class=\"fa fa-circle\"></i> <i class=\"fa fa-circle-o\"></i> </td><td align=\"right\"><i class=\"fa fa-circle-o\"></i> <i class=\"fa fa-circle-o\"></i> </tr></table>\n|uhtml|bestof|<h2><strong>Game 2</strong> of <a href=\"/game-bestof3-gen9championsvgc2026regmbbo3-2673635275\">a best-of-3</a></h2>\n|t:|1788225255\n|gametype|doubles\n|player|p1|endras125|266|\n|player|p2|mrpokemon33|steven|\n|gen|9\n|tier|[Gen 9 Champions] VGC 2026 Reg M-B (Bo3)\n|rule|Species Clause: Limit one of each Pokémon\n|rule|Item Clause: Limit 1 of each item\n|clearpoke\n|poke|p1|Camerupt, L50, M|\n|poke|p1|Empoleon, L50, F|\n|poke|p1|Sneasler, L50, M|\n|poke|p1|Whimsicott, L50, M|\n|poke|p1|Mr. Rime, L50, M|\n|poke|p1|Toxapex, L50, F|\n|poke|p2|Altaria, L50, F|\n|poke|p2|Incineroar, L50, M, shiny|\n|poke|p2|Drampa, L50, F|\n|poke|p2|Gardevoir, L50, F, shiny|\n|poke|p2|Orthworm, L50, M, shiny|\n|poke|p2|Dragonite, L50, F|\n|teampreview|4\n|showteam|p1|Camerupt||Cameruptite|MagmaArmor|EarthPower,HeatWave,Eruption,Protect|Quiet||M|||50|]Empoleon||SitrusBerry|Competitive|HydroPump,FlashCannon,GrassKnot,Protect|Modest||F|||50|]Sneasler||WhiteHerb|Unburden|FakeOut,CloseCombat,DireClaw,GunkShot|Jolly||M|||50|]Whimsicott||FocusSash|Prankster|Encore,Moonblast,Protect,Tailwind|Timid||M|||50|]Mr. Rime||NeverMeltIce|ScreenCleaner|FakeOut,FreezeDry,IcyWind,TrickRoom|Modest||M|||50|]Toxapex||Leftovers|Regenerator|WideGuard,Toxic,ChillingWater,Recover|Impish||F|||50|\n|showteam|p2|Altaria||Altarianite|CloudNine|Hurricane,DracoMeteor,HeatWave,HyperVoice|Timid||F|||50|]Incineroar||LifeOrb|Intimidate|FakeOut,Protect,IronHead,Overheat|Sassy||M|||50|]Drampa||DragonFang|Berserk|DracoMeteor,Thunderbolt,Protect,EarthPower|Modest||F|||50|]Gardevoir||Gardevoirite|Synchronize|AuraSphere,SkillSwap,Psychic,Thunderbolt|Timid||F|||50|]Orthworm||Leftovers|EarthEater|Protect,HighHorsepower,IronHead,Dig|Adamant||M|||50|]Dragonite||Dragoninite|InnerFocus|ExtremeSpeed,DragonDance,AquaJet,DragonRush|Adamant||F|||50|\n|\n|t:|1788225352\n|teamsize|p1|4\n|teamsize|p2|4\n|start\n|switch|p1a: Whimsicott|Whimsicott, L50, M|100/100\n|switch|p1b: Sneasler|Sneasler, L50, M|100/100\n|switch|p2a: Incineroar|Incineroar, L50, M, shiny|100/100\n|switch|p2b: Gardevoir|Gardevoir, L50, F, shiny|100/100\n|-ability|p2a: Incineroar|Intimidate|boost\n|-unboost|p1a: Whimsicott|atk|1\n|-unboost|p1b: Sneasler|atk|1\n|-enditem|p1b: Sneasler|White Herb\n|-clearnegativeboost|p1b: Sneasler|[silent]\n|turn|1\n|\n|t:|1788225398\n|detailschange|p2b: Gardevoir|Gardevoir-Mega, L50, F, shiny\n|-mega|p2b: Gardevoir|Gardevoir|Gardevoirite\n|move|p1b: Sneasler|Fake Out|p2a: Incineroar\n|-damage|p2a: Incineroar|83/100\n|cant|p2a: Incineroar|flinch\n|move|p1a: Whimsicott|Tailwind|p1a: Whimsicott\n|-sidestart|p1: endras125|move: Tailwind\n|move|p2b: Gardevoir|Psychic|p1b: Sneasler\n|-supereffective|p1b: Sneasler|2\n|-damage|p1b: Sneasler|0 fnt\n|faint|p1b: Sneasler\n|\n|upkeep\n|\n|t:|1788225427\n|switch|p1b: Empoleon|Empoleon, L50, F|100/100\n|turn|2\n|\n|t:|1788225481\n|move|p1a: Whimsicott|Moonblast|p2b: Gardevoir\n|-damage|p2b: Gardevoir|68/100\n|move|p2b: Gardevoir|Thunderbolt|p1b: Empoleon\n|-supereffective|p1b: Empoleon|1\n|-damage|p1b: Empoleon|30/100\n|-enditem|p1b: Empoleon|Sitrus Berry|[eat]\n|-heal|p1b: Empoleon|55/100|[from] item: Sitrus Berry\n|move|p1b: Empoleon|Flash Cannon|p2b: Gardevoir\n|-supereffective|p2b: Gardevoir|1\n|-damage|p2b: Gardevoir|0 fnt\n|faint|p2b: Gardevoir\n|move|p2a: Incineroar|Overheat|p1a: Whimsicott\n|-supereffective|p1a: Whimsicott|1\n|-enditem|p1a: Whimsicott|Focus Sash\n|-damage|p1a: Whimsicott|1/100\n|-unboost|p2a: Incineroar|spa|2\n|-damage|p2a: Incineroar|73/100|[from] item: Life Orb\n|\n|upkeep\n|\n|t:|1788225496\n|switch|p2b: Dragonite|Dragonite, L50, F|100/100\n|turn|3\n|\n|t:|1788225542\n|move|p2a: Incineroar|Protect|p2a: Incineroar\n|-singleturn|p2a: Incineroar|Protect\n|move|p2b: Dragonite|Extreme Speed|p1a: Whimsicott\n|-damage|p1a: Whimsicott|0 fnt\n|faint|p1a: Whimsicott\n|move|p1b: Empoleon|Flash Cannon|p2b: Dragonite\n|-damage|p2b: Dragonite|51/100\n|\n|upkeep\n|\n|t:|1788225560\n|switch|p1a: Mr. Rime|Mr. Rime, L50, M|100/100\n|turn|4\n|\n|t:|1788225626\n|switch|p2a: Orthworm|Orthworm, L50, M, shiny|100/100\n|move|p1a: Mr. Rime|Icy Wind|p2a: Orthworm|[spread] p2a,p2b\n|-resisted|p2a: Orthworm|1\n|-supereffective|p2b: Dragonite|2\n|-damage|p2a: Orthworm|80/100\n|-damage|p2b: Dragonite|0 fnt\n|-unboost|p2a: Orthworm|spe|1\n|faint|p2b: Dragonite\n|move|p1b: Empoleon|Hydro Pump|p2a: Orthworm|[miss]\n|-miss|p1b: Empoleon|p2a: Orthworm\n|\n|-heal|p2a: Orthworm|87/100|[from] item: Leftovers\n|-sideend|p1: endras125|move: Tailwind\n|upkeep\n|\n|t:|1788225642\n|switch|p2b: Incineroar|Incineroar, L50, M, shiny|73/100\n|-ability|p2b: Incineroar|Intimidate|boost\n|-unboost|p1a: Mr. Rime|atk|1\n|-unboost|p1b: Empoleon|atk|1\n|-ability|p1b: Empoleon|Competitive|boost\n|-boost|p1b: Empoleon|spa|2\n|turn|5\n|\n|t:|1788225703\n|move|p1b: Empoleon|Protect|p1b: Empoleon\n|-singleturn|p1b: Empoleon|Protect\n|move|p2b: Incineroar|Fake Out|p1a: Mr. Rime\n|-damage|p1a: Mr. Rime|79/100\n|-damage|p2b: Incineroar|63/100|[from] item: Life Orb\n|cant|p1a: Mr. Rime|flinch\n|move|p2a: Orthworm|Iron Head|p1a: Mr. Rime\n|-supereffective|p1a: Mr. Rime|1\n|-damage|p1a: Mr. Rime|0 fnt\n|faint|p1a: Mr. Rime\n|\n|-heal|p2a: Orthworm|93/100|[from] item: Leftovers\n|upkeep\n|turn|6\n|\n|t:|1788225731\n|move|p1b: Empoleon|Hydro Pump|p2b: Incineroar\n|-supereffective|p2b: Incineroar|1\n|-damage|p2b: Incineroar|0 fnt\n|faint|p2b: Incineroar\n|move|p2a: Orthworm|High Horsepower|p1b: Empoleon\n|-supereffective|p1b: Empoleon|1\n|-damage|p1b: Empoleon|0 fnt\n|faint|p1b: Empoleon\n|\n|win|mrpokemon33\n|inactive|endras125 has 30 seconds to confirm battle start!\n|inactive|mrpokemon33 has 30 seconds to confirm battle start!\n||mrpokemon33 is ready for game 3.\n|inactive|endras125 has 20 seconds to confirm battle start!\n|inactive|endras125 has 10 seconds to confirm battle start!\n|uhtml|next|Next: <a href=\"/battle-gen9championsvgc2026regmbbo3-2673641632\"><strong>Game 3 of 3</strong></a>\n","uploadtime":1788225747,"views":"1","formatid":"gen9championsvgc2026regmbbo3","rating":null,"private":0,"password":null}