{"id":"gen9championsvgc2026regmbbo3-2674338019","format":"[Gen 9 Champions] VGC 2026 Reg M-B (Bo3)","players":["Master M-rada","shibikanon"],"log":"|j|☆Master M-rada\n|j|☆shibikanon\n|html|<table width=\"100%\"><tr><td align=\"left\">Master M-rada</td><td align=\"right\">shibikanon</tr><tr><td align=\"left\"><i class=\"fa fa-circle-o\"></i> <i class=\"fa fa-circle-o\"></i> </td><td align=\"right\"><i class=\"fa fa-circle-o\"></i> <i class=\"fa fa-circle\"></i> </tr></table>\n|uhtml|bestof|<h2><strong>Game 2</strong> of <a href=\"/game-bestof3-gen9championsvgc2026regmbbo3-2674336442\">a best-of-3</a></h2>\n|t:|1788344182\n|gametype|doubles\n|player|p1|Master M-rada|miku-ice|1246\n|player|p2|shibikanon|skyla-masters3|1401\n|gen|9\n|tier|[Gen 9 Champions] VGC 2026 Reg M-B (Bo3)\n|rated|\n|rule|Species Clause: Limit one of each Pokémon\n|rule|Item Clause: Limit 1 of each item\n|clearpoke\n|poke|p1|Gengar, L50, F, shiny|\n|poke|p1|Snorlax, L50, F|\n|poke|p1|Incineroar, L50, F|\n|poke|p1|Scrafty, L50, M, shiny|\n|poke|p1|Dragonite, L50, F|\n|poke|p1|Altaria, L50, M, shiny|\n|poke|p2|Charizard, L50, F, shiny|\n|poke|p2|Sylveon, L50, F, shiny|\n|poke|p2|Incineroar, L50, M|\n|poke|p2|Rhyperior, L50, M|\n|poke|p2|Farigiraf, L50, F|\n|poke|p2|Basculegion, L50, M|\n|teampreview|4\n|showteam|p1|Gengar||Gengarite|CursedBody|PerishSong,ShadowBall,SludgeBomb,Protect|Modest||F|||50|]Snorlax||Leftovers|ThickFat|Yawn,Encore,Fissure,Protect|Relaxed||F|||50|]Incineroar||SitrusBerry|Intimidate|FlareBlitz,PartingShot,FakeOut,Protect|Relaxed||F|||50|]Scrafty||FocusSash|Intimidate|CloseCombat,KnockOff,FakeOut,Protect|Impish||M|||50|]Dragonite||LifeOrb|InnerFocus|DragonClaw,LowKick,ExtremeSpeed,Protect|Adamant||F|||50|]Altaria||HabanBerry|CloudNine|FireSpin,Roost,PerishSong,Protect|Calm||M|||50|\n|showteam|p2|Charizard||CharizarditeY|Blaze|HeatWave,WeatherBall,SolarBeam,Protect|Modest||F|||50|]Sylveon||FairyFeather|Pixilate|HyperVoice,QuickAttack,HyperBeam,Detect|Modest||F|||50|]Incineroar||SitrusBerry|Intimidate|FlareBlitz,ThroatChop,PartingShot,FakeOut|Adamant||M|||50|]Rhyperior||LifeOrb|SolidRock|HighHorsepower,RockSlide,IcePunch,Protect|Brave||M|||50|]Farigiraf||ColburBerry|ArmorTail|Psychic,Thunderbolt,TrickRoom,Protect|Modest||F|||50|]Basculegion||ChoiceScarf|Adaptability|WaveCrash,LastRespects,AquaJet,FlipTurn|Jolly||M|||50|\n|inactive|Battle timer is ON: inactive players will automatically lose when time's up. (requested by Master M-rada)\n|inactive|shibikanon also wants the timer to be on.\n|\n|t:|1788344204\n|teamsize|p1|4\n|teamsize|p2|4\n|start\n|switch|p1a: Gengar|Gengar, L50, F, shiny|100/100\n|switch|p1b: Dragonite|Dragonite, L50, F|100/100\n|switch|p2a: Sylveon|Sylveon, L50, F, shiny|100/100\n|switch|p2b: Farigiraf|Farigiraf, L50, F|100/100\n|turn|1\n|\n|t:|1788344217\n|detailschange|p1a: Gengar|Gengar-Mega, L50, F, shiny\n|-mega|p1a: Gengar|Gengar|Gengarite\n|move|p1a: Gengar|Sludge Bomb|p2b: Farigiraf\n|-damage|p2b: Farigiraf|51/100\n|move|p1b: Dragonite|Dragon Claw|p2b: Farigiraf\n|-damage|p2b: Farigiraf|0 fnt\n|faint|p2b: Farigiraf\n|-damage|p1b: Dragonite|90/100|[from] item: Life Orb\n|move|p2a: Sylveon|Hyper Voice|p1a: Gengar|[spread] p1a,p1b\n|-resisted|p1a: Gengar|1\n|-supereffective|p1b: Dragonite|1\n|-crit|p1b: Dragonite\n|-damage|p1a: Gengar|75/100\n|-damage|p1b: Dragonite|0 fnt\n|faint|p1b: Dragonite\n|\n|upkeep\n|\n|t:|1788344238\n|switch|p1b: Snorlax|Snorlax, L50, F|100/100\n|switch|p2b: Basculegion|Basculegion, L50, M|100/100\n|turn|2\n|inactive|Master M-rada has 30 seconds left.\n|\n|t:|1788344273\n|move|p1a: Gengar|Protect|p1a: Gengar\n|-singleturn|p1a: Gengar|Protect\n|move|p2b: Basculegion|Wave Crash|p1a: Gengar\n|-activate|p1a: Gengar|move: Protect\n|move|p2a: Sylveon|Hyper Voice|p1a: Gengar|[spread] p1b\n|-activate|p1a: Gengar|move: Protect\n|-damage|p1b: Snorlax|71/100\n|move|p1b: Snorlax|Yawn|p2a: Sylveon\n|-start|p2a: Sylveon|move: Yawn|[of] p1b: Snorlax\n|\n|-heal|p1b: Snorlax|77/100|[from] item: Leftovers\n|upkeep\n|turn|3\n|\n|t:|1788344286\n|switch|p1a: Scrafty|Scrafty, L50, M, shiny|100/100\n|-ability|p1a: Scrafty|Intimidate|boost\n|-unboost|p2a: Sylveon|atk|1\n|-unboost|p2b: Basculegion|atk|1\n|move|p2b: Basculegion|Wave Crash|p1a: Scrafty\n|-damage|p1a: Scrafty|59/100\n|-damage|p2b: Basculegion|88/100|[from] Recoil\n|move|p2a: Sylveon|Hyper Voice|p1b: Snorlax|[spread] p1a,p1b\n|-supereffective|p1a: Scrafty|2\n|-damage|p1a: Scrafty|0 fnt\n|-damage|p1b: Snorlax|49/100\n|faint|p1a: Scrafty\n|move|p1b: Snorlax|Fissure|p2b: Basculegion\n|-damage|p2b: Basculegion|0 fnt\n|faint|p2b: Basculegion\n|-ohko\n|\n|-heal|p1b: Snorlax|55/100|[from] item: Leftovers\n|-end|p2a: Sylveon|move: Yawn|[silent]\n|-status|p2a: Sylveon|slp\n|upkeep\n|\n|t:|1788344302\n|switch|p2b: Rhyperior|Rhyperior, L50, M|100/100\n|switch|p1a: Gengar|Gengar-Mega, L50, F, shiny|75/100\n|turn|4\n|\n|t:|1788344310\n|move|p1a: Gengar|Perish Song|p1a: Gengar\n|-start|p1a: Gengar|perish3|[silent]\n|-start|p1b: Snorlax|perish3|[silent]\n|-start|p2a: Sylveon|perish3|[silent]\n|-start|p2b: Rhyperior|perish3|[silent]\n|-fieldactivate|move: Perish Song\n|cant|p2a: Sylveon|slp\n|move|p2b: Rhyperior|High Horsepower|p1b: Snorlax\n|-damage|p1b: Snorlax|7/100\n|-damage|p2b: Rhyperior|90/100|[from] item: Life Orb\n|move|p1b: Snorlax|Yawn|p2b: Rhyperior\n|-start|p2b: Rhyperior|move: Yawn|[of] p1b: Snorlax\n|\n|-heal|p1b: Snorlax|13/100|[from] item: Leftovers\n|-start|p1a: Gengar|perish3\n|-start|p2a: Sylveon|perish3\n|-start|p2b: Rhyperior|perish3\n|-start|p1b: Snorlax|perish3\n|upkeep\n|turn|5\n|inactive|Master M-rada has 30 seconds left.\n|inactive|Master M-rada has 20 seconds left.\n|inactive|Master M-rada has 15 seconds left.\n|inactive|Master M-rada has 10 seconds left.\n|\n|t:|1788344359\n|move|p1a: Gengar|Shadow Ball|p2b: Rhyperior\n|-damage|p2b: Rhyperior|26/100\n|cant|p2a: Sylveon|slp\n|move|p2b: Rhyperior|High Horsepower|p1a: Gengar\n|-supereffective|p1a: Gengar|1\n|-damage|p1a: Gengar|0 fnt\n|faint|p1a: Gengar\n|-damage|p2b: Rhyperior|16/100|[from] item: Life Orb\n|move|p1b: Snorlax|Fissure|p2a: Sylveon|[miss]\n|-miss|p1b: Snorlax|p2a: Sylveon\n|\n|-heal|p1b: Snorlax|19/100|[from] item: Leftovers\n|-end|p2b: Rhyperior|move: Yawn|[silent]\n|-status|p2b: Rhyperior|slp\n|-start|p2a: Sylveon|perish2\n|-start|p2b: Rhyperior|perish2\n|-start|p1b: Snorlax|perish2\n|upkeep\n|turn|6\n|\n|t:|1788344376\n|move|p1b: Snorlax|Protect|p1b: Snorlax\n|-singleturn|p1b: Snorlax|Protect\n|-curestatus|p2a: Sylveon|slp|[msg]\n|move|p2a: Sylveon|Hyper Beam|p1b: Snorlax\n|-activate|p1b: Snorlax|move: Protect\n|cant|p2b: Rhyperior|slp\n|\n|-heal|p1b: Snorlax|25/100|[from] item: Leftovers\n|-start|p2a: Sylveon|perish1\n|-start|p2b: Rhyperior|perish1\n|-start|p1b: Snorlax|perish1\n|upkeep\n|turn|7\n|\n|t:|1788344401\n|move|p1b: Snorlax|Protect|p1b: Snorlax\n|-singleturn|p1b: Snorlax|Protect\n|move|p2a: Sylveon|Hyper Beam|p1b: Snorlax\n|-activate|p1b: Snorlax|move: Protect\n|cant|p2b: Rhyperior|slp\n|\n|-heal|p1b: Snorlax|32/100|[from] item: Leftovers\n|-start|p2a: Sylveon|perish0\n|-start|p2b: Rhyperior|perish0\n|-start|p1b: Snorlax|perish0\n|faint|p2a: Sylveon\n|faint|p2b: Rhyperior\n|faint|p1b: Snorlax\n|\n|win|Master M-rada\n","uploadtime":1788344401,"views":"2","formatid":"gen9championsvgc2026regmbbo3","rating":null,"private":0,"password":null}