{"id":"gen9championsvgc2026regmb-2674394836","format":"[Gen 9 Champions] VGC 2026 Reg M-B","players":["subscribetoarceus","notbloodmask"],"log":"|j|☆subscribetoarceus\n|j|☆notbloodmask\n|t:|1788354283\n|gametype|doubles\n|player|p1|subscribetoarceus|drayden|1034\n|player|p2|notbloodmask|unknown|1083\n|gen|9\n|tier|[Gen 9 Champions] VGC 2026 Reg M-B\n|rated|\n|rule|Species Clause: Limit one of each Pokémon\n|rule|Item Clause: Limit 1 of each item\n|clearpoke\n|poke|p1|Infernape, L50, M|\n|poke|p1|Charizard, L50, F|\n|poke|p1|Whimsicott, L50, F|\n|poke|p1|Sableye, L50, M|\n|poke|p1|Farigiraf, L50, M|\n|poke|p1|Greninja, L50, F|\n|poke|p2|Rotom-Wash, L50|\n|poke|p2|Garchomp, L50, M|\n|poke|p2|Incineroar, L50, F|\n|poke|p2|Sinistcha, L50|\n|poke|p2|Venusaur, L50, M|\n|poke|p2|Dragapult, L50, F|\n|teampreview|4\n|\n|t:|1788354312\n|teamsize|p1|4\n|teamsize|p2|4\n|start\n|switch|p1a: Sableye|Sableye, L50, M|100/100\n|switch|p1b: Infernape|Infernape, L50, M|100/100\n|switch|p2a: Garchomp|Garchomp, L50, M|100/100\n|switch|p2b: Dragapult|Dragapult, L50, F|100/100\n|turn|1\n|\n|t:|1788354338\n|switch|p1b: Whimsicott|Whimsicott, L50, F|100/100\n|move|p1a: Sableye|Sunny Day|p1a: Sableye\n|-weather|SunnyDay\n|move|p2b: Dragapult|Phantom Force||[still]\n|-prepare|p2b: Dragapult|Phantom Force\n|move|p2a: Garchomp|Earthquake|p1b: Whimsicott|[spread] p1a,p1b\n|-miss|p2a: Garchomp|p2b: Dragapult\n|-resisted|p1b: Whimsicott|1\n|-damage|p1a: Sableye|39/100\n|-damage|p1b: Whimsicott|67/100\n|-damage|p2a: Garchomp|90/100|[from] item: Life Orb\n|\n|-weather|SunnyDay|[upkeep]\n|upkeep\n|turn|2\n|\n|t:|1788354370\n|move|p1b: Whimsicott|Moonblast|p2a: Garchomp\n|-supereffective|p2a: Garchomp|1\n|-damage|p2a: Garchomp|0 fnt\n|faint|p2a: Garchomp\n|-damage|p1b: Whimsicott|57/100|[from] item: Life Orb\n|move|p2b: Dragapult|Phantom Force|p1a: Sableye|[from] lockedmove\n|-damage|p1a: Sableye|0 fnt\n|faint|p1a: Sableye\n|\n|-weather|SunnyDay|[upkeep]\n|upkeep\n|\n|t:|1788354382\n|switch|p2a: Rotom|Rotom-Wash, L50|100/100\n|switch|p1a: Infernape|Infernape, L50, M|100/100\n|turn|3\n|\n|t:|1788354415\n|move|p1b: Whimsicott|Moonblast|p2b: Dragapult\n|-supereffective|p2b: Dragapult|1\n|-enditem|p2b: Dragapult|Focus Sash\n|-damage|p2b: Dragapult|1/100\n|-damage|p1b: Whimsicott|48/100|[from] item: Life Orb\n|move|p2b: Dragapult|Dragon Dance|p2b: Dragapult\n|-boost|p2b: Dragapult|atk|1\n|-boost|p2b: Dragapult|spe|1\n|move|p1a: Infernape|Solar Beam||[still]\n|-prepare|p1a: Infernape|Solar Beam\n|-anim|p1a: Infernape|Solar Beam|p2a: Rotom\n|-supereffective|p2a: Rotom|1\n|-damage|p2a: Rotom|24/100\n|-enditem|p2a: Rotom|Sitrus Berry|[eat]\n|-heal|p2a: Rotom|48/100|[from] item: Sitrus Berry\n|move|p2a: Rotom|Thunderbolt|p1a: Infernape\n|-damage|p1a: Infernape|30/100\n|\n|-weather|SunnyDay|[upkeep]\n|upkeep\n|turn|4\n|\n|t:|1788354447\n|switch|p2a: Sinistcha|Sinistcha, L50|100/100\n|-heal|p2b: Dragapult|25/100|[from] ability: Hospitality|[of] p2a: Sinistcha\n|move|p1b: Whimsicott|Tailwind|p1b: Whimsicott\n|-sidestart|p1: subscribetoarceus|move: Tailwind\n|move|p1a: Infernape|Heat Wave|p2a: Sinistcha|[spread] p2a,p2b\n|-supereffective|p2a: Sinistcha|1\n|-resisted|p2b: Dragapult|1\n|-damage|p2a: Sinistcha|0 fnt\n|-damage|p2b: Dragapult|0 fnt\n|faint|p2a: Sinistcha\n|faint|p2b: Dragapult\n|\n|-weather|SunnyDay|[upkeep]\n|upkeep\n|\n|t:|1788354463\n|switch|p2b: Rotom|Rotom-Wash, L50|48/100\n|turn|5\n|\n|t:|1788354468\n|move|p2b: Rotom|Protect|p2b: Rotom\n|-singleturn|p2b: Rotom|Protect\n|move|p1b: Whimsicott|Solar Beam||[still]\n|-prepare|p1b: Whimsicott|Solar Beam\n|-anim|p1b: Whimsicott|Solar Beam|p2b: Rotom\n|-activate|p2b: Rotom|move: Protect\n|move|p1a: Infernape|Solar Beam||[still]\n|-prepare|p1a: Infernape|Solar Beam\n|-anim|p1a: Infernape|Solar Beam|p2b: Rotom\n|-activate|p2b: Rotom|move: Protect\n|\n|-weather|none\n|upkeep\n|turn|6\n|\n|t:|1788354479\n|move|p1a: Infernape|Focus Blast|p2b: Rotom\n|-damage|p2b: Rotom|0 fnt\n|faint|p2b: Rotom\n|\n|win|subscribetoarceus\n|raw|subscribetoarceus's rating: 1034 &rarr; <strong>1074</strong><br />(+40 for winning)\n|raw|notbloodmask's rating: 1083 &rarr; <strong>1057</strong><br />(-26 for losing)\n","uploadtime":1788354483,"views":"7","formatid":"gen9championsvgc2026regmb","rating":1057,"private":0,"password":null}