{"id":"gen9championsvgc2026regmbbo3-2674776947","format":"[Gen 9 Champions] VGC 2026 Reg M-B (Bo3)","players":["sunwind","Singaporedeeznuts"],"log":"|j|☆sunwind\n|j|☆Singaporedeeznuts\n|html|<table width=\"100%\"><tr><td align=\"left\">sunwind</td><td align=\"right\">Singaporedeeznuts</tr><tr><td align=\"left\"><i class=\"fa fa-circle-o\"></i> <i class=\"fa fa-circle-o\"></i> </td><td align=\"right\"><i class=\"fa fa-circle-o\"></i> <i class=\"fa fa-circle-o\"></i> </tr></table>\n|uhtml|bestof|<h2><strong>Game 1</strong> of <a href=\"/game-bestof3-gen9championsvgc2026regmbbo3-2674776946\">a best-of-3</a></h2>\n|t:|1788404678\n|gametype|doubles\n|player|p1|sunwind|102|1146\n|player|p2|Singaporedeeznuts|265|1237\n|gen|9\n|tier|[Gen 9 Champions] VGC 2026 Reg M-B (Bo3)\n|rated|\n|rule|Species Clause: Limit one of each Pokémon\n|rule|Item Clause: Limit 1 of each item\n|clearpoke\n|poke|p1|Charizard, L50, M|\n|poke|p1|Venusaur, L50, M|\n|poke|p1|Pelipper, L50, M|\n|poke|p1|Grimmsnarl, L50, M|\n|poke|p1|Archaludon, L50, M|\n|poke|p1|Swampert, L50, F|\n|poke|p2|Aerodactyl, L50, M|\n|poke|p2|Kingambit, L50, M, shiny|\n|poke|p2|Farigiraf, L50, F, shiny|\n|poke|p2|Sylveon, L50, F, shiny|\n|poke|p2|Charizard, L50, M|\n|poke|p2|Garchomp, L50, M|\n|teampreview|4\n|showteam|p1|Charizard||CharizarditeY|Blaze|HeatWave,WeatherBall,SolarBeam,Protect|Modest||M|||50|]Venusaur||FocusSash|Chlorophyll|SludgeBomb,EarthPower,SleepPowder,Protect|Timid||M|||50|]Pelipper||SitrusBerry|Drizzle|Hurricane,WeatherBall,WideGuard,Protect|Bold||M|||50|]Grimmsnarl||LightClay|Prankster|SpiritBreak,Reflect,LightScreen,PartingShot|Careful||M|||50|]Archaludon||Leftovers|Stamina|ElectroShot,FlashCannon,DracoMeteor,Protect|Modest||M|||50|]Swampert||Swampertite|Torrent|WaveCrash,Earthquake,StompingTantrum,Protect|Adamant||F|||50|\n|showteam|p2|Aerodactyl||Aerodactylite|Unnerve|RockSlide,DualWingbeat,Tailwind,Protect|Jolly||M|||50|]Kingambit||FocusSash|Defiant|KowtowCleave,IronHead,SuckerPunch,LowKick|Adamant||M|||50|]Farigiraf||SitrusBerry|ArmorTail|Psychic,Thunderbolt,TrickRoom,Protect|Modest||F|||50|]Sylveon||FairyFeather|Pixilate|HyperVoice,CalmMind,QuickAttack,Detect|Modest||F|||50|]Charizard||CharizarditeY|SolarPower|HeatWave,SolarBeam,WeatherBall,Protect|Modest||M|||50|]Garchomp||LifeOrb|RoughSkin|Earthquake,DragonClaw,StompingTantrum,Protect|Jolly||M|||50|\n|inactive|Battle timer is ON: inactive players will automatically lose when time's up. (requested by sunwind)\n|inactive|Singaporedeeznuts has 60 seconds left.\n|\n|t:|1788404717\n|teamsize|p1|4\n|teamsize|p2|4\n|start\n|switch|p1a: Grimmsnarl|Grimmsnarl, L50, M|100/100\n|switch|p1b: Swampert|Swampert, L50, F|100/100\n|switch|p2a: Garchomp|Garchomp, L50, M|100/100\n|switch|p2b: Charizard|Charizard, L50, M|100/100\n|turn|1\n|\n|t:|1788404741\n|switch|p2a: Farigiraf|Farigiraf, L50, F, shiny|100/100\n|detailschange|p2b: Charizard|Charizard-Mega-Y, L50, M\n|-mega|p2b: Charizard|Charizard|Charizardite Y\n|-weather|SunnyDay|[from] ability: Drought|[of] p2b: Charizard\n|detailschange|p1b: Swampert|Swampert-Mega, L50, F\n|-mega|p1b: Swampert|Swampert|Swampertite\n|move|p1b: Swampert|Protect|p1b: Swampert\n|-singleturn|p1b: Swampert|Protect\n|move|p2b: Charizard|Solar Beam||[still]\n|-prepare|p2b: Charizard|Solar Beam\n|-anim|p2b: Charizard|Solar Beam|p1b: Swampert\n|-activate|p1b: Swampert|move: Protect\n|move|p1a: Grimmsnarl|Spirit Break|p2a: Farigiraf\n|-damage|p2a: Farigiraf|72/100\n|-unboost|p2a: Farigiraf|spa|1\n|\n|-weather|SunnyDay|[upkeep]\n|upkeep\n|turn|2\n|\n|t:|1788404763\n|switch|p2b: Garchomp|Garchomp, L50, M|100/100\n|switch|p1b: Archaludon|Archaludon, L50, M|100/100\n|move|p2a: Farigiraf|Protect|p2a: Farigiraf\n|-singleturn|p2a: Farigiraf|Protect\n|move|p1a: Grimmsnarl|Light Screen|p1a: Grimmsnarl\n|-sidestart|p1: sunwind|move: Light Screen\n|\n|-weather|SunnyDay|[upkeep]\n|upkeep\n|turn|3\n|inactive|Singaporedeeznuts has 30 seconds left.\n|\n|t:|1788404794\n|move|p1b: Archaludon|Protect|p1b: Archaludon\n|-singleturn|p1b: Archaludon|Protect\n|move|p1a: Grimmsnarl|Reflect|p1a: Grimmsnarl\n|-sidestart|p1: sunwind|Reflect\n|move|p2b: Garchomp|Stomping Tantrum|p1b: Archaludon\n|-activate|p1b: Archaludon|move: Protect\n|move|p2a: Farigiraf|Trick Room|p2a: Farigiraf\n|-fieldstart|move: Trick Room|[of] p2a: Farigiraf\n|\n|-weather|SunnyDay|[upkeep]\n|upkeep\n|turn|4\n|inactive|sunwind has 30 seconds left.\n|inactive|sunwind has 20 seconds left.\n|inactive|sunwind has 15 seconds left.\n|\n|t:|1788404837\n|switch|p2b: Sylveon|Sylveon, L50, F, shiny|100/100\n|move|p2a: Farigiraf|Thunderbolt|p1a: Grimmsnarl\n|-damage|p1a: Grimmsnarl|89/100\n|move|p1a: Grimmsnarl|Spirit Break|p2a: Farigiraf\n|-damage|p2a: Farigiraf|45/100\n|-unboost|p2a: Farigiraf|spa|1\n|-enditem|p2a: Farigiraf|Sitrus Berry|[eat]\n|-heal|p2a: Farigiraf|70/100|[from] item: Sitrus Berry\n|move|p1b: Archaludon|Draco Meteor|p2b: Sylveon\n|-immune|p2b: Sylveon\n|\n|-weather|SunnyDay|[upkeep]\n|upkeep\n|turn|5\n|inactive|sunwind has 30 seconds left.\n|inactive|Singaporedeeznuts has 30 seconds left.\n|\n|t:|1788404865\n|move|p1b: Archaludon|Protect|p1b: Archaludon\n|-singleturn|p1b: Archaludon|Protect\n|move|p1a: Grimmsnarl|Spirit Break|p2b: Sylveon\n|-damage|p2b: Sylveon|67/100\n|-unboost|p2b: Sylveon|spa|1\n|move|p2a: Farigiraf|Thunderbolt|p1a: Grimmsnarl\n|-damage|p1a: Grimmsnarl|81/100\n|move|p2b: Sylveon|Hyper Voice|p1a: Grimmsnarl|[spread] p1a\n|-activate|p1b: Archaludon|move: Protect\n|-supereffective|p1a: Grimmsnarl|1\n|-damage|p1a: Grimmsnarl|48/100\n|\n|-weather|none\n|upkeep\n|turn|6\n|inactive|Singaporedeeznuts has 30 seconds left.\n|\n|t:|1788404891\n|switch|p2a: Garchomp|Garchomp, L50, M|100/100\n|move|p1a: Grimmsnarl|Spirit Break|p2b: Sylveon\n|-damage|p2b: Sylveon|36/100\n|-unboost|p2b: Sylveon|spa|1\n|move|p2b: Sylveon|Hyper Voice|p1b: Archaludon|[spread] p1a,p1b\n|-supereffective|p1a: Grimmsnarl|1\n|-damage|p1a: Grimmsnarl|24/100\n|-damage|p1b: Archaludon|82/100\n|-ability|p1b: Archaludon|Stamina|boost\n|-boost|p1b: Archaludon|def|1\n|move|p1b: Archaludon|Flash Cannon|p2b: Sylveon\n|-supereffective|p2b: Sylveon|1\n|-damage|p2b: Sylveon|0 fnt\n|faint|p2b: Sylveon\n|\n|-heal|p1b: Archaludon|88/100|[from] item: Leftovers\n|upkeep\n|\n|t:|1788404911\n|switch|p2b: Farigiraf|Farigiraf, L50, F, shiny|70/100\n|turn|7\n|\n|t:|1788404925\n|move|p2b: Farigiraf|Protect|p2b: Farigiraf\n|-singleturn|p2b: Farigiraf|Protect\n|move|p2a: Garchomp|Protect|p2a: Garchomp\n|-singleturn|p2a: Garchomp|Protect\n|move|p1a: Grimmsnarl|Spirit Break|p2a: Garchomp\n|-activate|p2a: Garchomp|move: Protect\n|move|p1b: Archaludon|Flash Cannon|p2b: Farigiraf\n|-activate|p2b: Farigiraf|move: Protect\n|\n|-heal|p1b: Archaludon|94/100|[from] item: Leftovers\n|-fieldend|move: Trick Room\n|upkeep\n|turn|8\n|inactive|sunwind has 30 seconds left.\n|inactive|Singaporedeeznuts has 30 seconds left.\n|\n|t:|1788404955\n|move|p2a: Garchomp|Stomping Tantrum|p1a: Grimmsnarl\n|-damage|p1a: Grimmsnarl|0 fnt\n|faint|p1a: Grimmsnarl\n|-damage|p2a: Garchomp|90/100|[from] item: Life Orb\n|move|p1b: Archaludon|Draco Meteor|p2a: Garchomp\n|-supereffective|p2a: Garchomp|1\n|-damage|p2a: Garchomp|0 fnt\n|-unboost|p1b: Archaludon|spa|2\n|faint|p2a: Garchomp\n|move|p2b: Farigiraf|Psychic|p1b: Archaludon\n|-resisted|p1b: Archaludon|1\n|-damage|p1b: Archaludon|80/100\n|-ability|p1b: Archaludon|Stamina|boost\n|-boost|p1b: Archaludon|def|1\n|\n|-heal|p1b: Archaludon|86/100|[from] item: Leftovers\n|upkeep\n|\n|t:|1788404971\n|switch|p2a: Charizard|Charizard-Mega-Y, L50, M|100/100\n|switch|p1a: Swampert|Swampert-Mega, L50, F|100/100\n|-weather|SunnyDay|[from] ability: Drought|[of] p2a: Charizard\n|turn|9\n|\n|t:|1788404983\n|switch|p1b: Pelipper|Pelipper, L50, M|100/100\n|-weather|RainDance|[from] ability: Drizzle|[of] p1b: Pelipper\n|move|p1a: Swampert|Wave Crash|p2a: Charizard\n|-supereffective|p2a: Charizard|1\n|-damage|p2a: Charizard|0 fnt\n|faint|p2a: Charizard\n|-damage|p1a: Swampert|67/100|[from] Recoil\n|move|p2b: Farigiraf|Psychic|p1b: Pelipper\n|-damage|p1b: Pelipper|65/100\n|\n|-weather|RainDance|[upkeep]\n|-sideend|p1: sunwind|move: Light Screen\n|upkeep\n|turn|10\n|\n|t:|1788404998\n|move|p1a: Swampert|Wave Crash|p2b: Farigiraf\n|-damage|p2b: Farigiraf|0 fnt\n|faint|p2b: Farigiraf\n|-damage|p1a: Swampert|37/100|[from] Recoil\n|\n|win|sunwind\n","uploadtime":1788405001,"views":"2","formatid":"gen9championsvgc2026regmbbo3","rating":null,"private":0,"password":null}