{"id":"gen9championsvgc2026regmb-2673874932","format":"[Gen 9 Champions] VGC 2026 Reg M-B","players":["Thornlace48812","Gunz0"],"log":"|j|☆Thornlace48812\n|j|☆Gunz0\n|t:|1788271697\n|gametype|doubles\n|player|p1|Thornlace48812|102|1197\n|player|p2|Gunz0|swimmer|1151\n|gen|9\n|tier|[Gen 9 Champions] VGC 2026 Reg M-B\n|rated|\n|rule|Species Clause: Limit one of each Pokémon\n|rule|Item Clause: Limit 1 of each item\n|clearpoke\n|poke|p1|Garchomp, L50, M|\n|poke|p1|Charizard, L50, F|\n|poke|p1|Whimsicott, L50, M|\n|poke|p1|Sylveon, L50, F|\n|poke|p1|Kingambit, L50, M|\n|poke|p1|Basculegion, L50, M|\n|poke|p2|Sceptile, L50, M|\n|poke|p2|Jolteon, L50, F|\n|poke|p2|Weavile, L50, F|\n|poke|p2|Altaria, L50, M|\n|poke|p2|Milotic, L50, M|\n|poke|p2|Mamoswine, L50, M|\n|teampreview|4\n|inactive|Battle timer is ON: inactive players will automatically lose when time's up. (requested by Thornlace48812)\nThornlace48812 rejected open team sheets.\n|inactive|Gunz0 has 60 seconds left.\n|\n|t:|1788271739\n|teamsize|p1|4\n|teamsize|p2|4\n|start\n|switch|p1a: Basculegion|Basculegion, L50, M|100/100\n|switch|p1b: Whimsicott|Whimsicott, L50, M|100/100\n|switch|p2a: Weavile|Weavile, L50, F|100/100\n|switch|p2b: Milotic|Milotic, L50, M|100/100\n|turn|1\n|\n|t:|1788271753\n|move|p1a: Basculegion|Aqua Jet|p2a: Weavile\n|-damage|p2a: Weavile|45/100\n|move|p2a: Weavile|Triple Axel|p1b: Whimsicott\n|-supereffective|p1b: Whimsicott|1\n|-damage|p1b: Whimsicott|72/100\n|-supereffective|p1b: Whimsicott|1\n|-damage|p1b: Whimsicott|13/100\n|-supereffective|p1b: Whimsicott|1\n|-damage|p1b: Whimsicott|0 fnt\n|faint|p1b: Whimsicott\n|-hitcount|p1: Whimsicott|3\n|move|p2b: Milotic|Blizzard|p1a: Basculegion\n|-resisted|p1a: Basculegion|1\n|-damage|p1a: Basculegion|80/100\n|\n|upkeep\n|\n|t:|1788271754\n|switch|p1b: Charizard|Charizard, L50, F|100/100\n|turn|2\n|\n|t:|1788271772\n|detailschange|p1b: Charizard|Charizard-Mega-Y, L50, F\n|-mega|p1b: Charizard|Charizard|Charizardite Y\n|-weather|SunnyDay|[from] ability: Drought|[of] p1b: Charizard\n|move|p2a: Weavile|Knock Off|p1a: Basculegion\n|-supereffective|p1a: Basculegion|1\n|-damage|p1a: Basculegion|0 fnt\n|-enditem|p1a: Basculegion|Mystic Water|[from] move: Knock Off|[of] p2a: Weavile\n|faint|p1a: Basculegion\n|move|p1b: Charizard|Heat Wave|p2b: Milotic|[spread] p2a,p2b\n|-supereffective|p2a: Weavile|1\n|-resisted|p2b: Milotic|1\n|-damage|p2a: Weavile|0 fnt\n|-damage|p2b: Milotic|73/100\n|faint|p2a: Weavile\n|move|p2b: Milotic|Scald|p1b: Charizard\n|-supereffective|p1b: Charizard|1\n|-damage|p1b: Charizard|61/100\n|\n|-weather|SunnyDay|[upkeep]\n|-heal|p2b: Milotic|79/100|[from] item: Leftovers\n|upkeep\n|\n|t:|1788271784\n|switch|p2a: Jolteon|Jolteon, L50, F|100/100\n|switch|p1a: Sylveon|Sylveon, L50, F|100/100\n|turn|3\n|\n|t:|1788271794\n|move|p1b: Charizard|Protect|p1b: Charizard\n|-singleturn|p1b: Charizard|Protect\n|move|p1a: Sylveon|Detect|p1a: Sylveon\n|-singleturn|p1a: Sylveon|Protect\n|move|p2a: Jolteon|Discharge|p1b: Charizard|[spread] p2b\n|-activate|p1a: Sylveon|move: Protect\n|-activate|p1b: Charizard|move: Protect\n|-supereffective|p2b: Milotic|1\n|-damage|p2b: Milotic|30/100\n|move|p2b: Milotic|Scald|p1b: Charizard\n|-activate|p1b: Charizard|move: Protect\n|\n|-weather|SunnyDay|[upkeep]\n|-heal|p2b: Milotic|36/100|[from] item: Leftovers\n|upkeep\n|turn|4\n|\n|t:|1788271803\n|move|p2a: Jolteon|Discharge|p1a: Sylveon|[spread] p2b,p1a,p1b\n|-supereffective|p2b: Milotic|1\n|-supereffective|p1b: Charizard|1\n|-damage|p2b: Milotic|0 fnt\n|-damage|p1a: Sylveon|77/100\n|-damage|p1b: Charizard|0 fnt\n|faint|p2b: Milotic\n|faint|p1b: Charizard\n|move|p1a: Sylveon|Hyper Voice|p2a: Jolteon\n|-damage|p2a: Jolteon|4/100\n|\n|-weather|SunnyDay|[upkeep]\n|upkeep\n|\n|t:|1788271811\n|switch|p2b: Sceptile|Sceptile, L50, M|100/100\n|turn|5\n|\n|t:|1788271823\n|move|p2b: Sceptile|Protect|p2b: Sceptile\n|-singleturn|p2b: Sceptile|Protect\n|move|p2a: Jolteon|Yawn|p1a: Sylveon\n|-start|p1a: Sylveon|move: Yawn|[of] p2a: Jolteon\n|move|p1a: Sylveon|Hyper Voice|p2a: Jolteon|[spread] p2a\n|-activate|p2b: Sceptile|move: Protect\n|-damage|p2a: Jolteon|0 fnt\n|faint|p2a: Jolteon\n|\n|-weather|SunnyDay|[upkeep]\n|upkeep\n|turn|6\n|\n|t:|1788271833\n|move|p2b: Sceptile|Giga Drain|p1a: Sylveon\n|-damage|p1a: Sylveon|52/100\n|move|p1a: Sylveon|Hyper Voice|p2b: Sceptile\n|-damage|p2b: Sceptile|14/100\n|\n|-weather|none\n|-end|p1a: Sylveon|move: Yawn|[silent]\n|-status|p1a: Sylveon|slp\n|upkeep\n|turn|7\n|\n|t:|1788271840\n|detailschange|p2b: Sceptile|Sceptile-Mega, L50, M\n|-mega|p2b: Sceptile|Sceptile|Sceptilite\n|move|p2b: Sceptile|Giga Drain|p1a: Sylveon\n|-damage|p1a: Sylveon|19/100 slp\n|-heal|p2b: Sceptile|34/100|[from] drain|[of] p1a: Sylveon\n|cant|p1a: Sylveon|slp\n|\n|upkeep\n|turn|8\n|\n|t:|1788271847\n|move|p2b: Sceptile|Giga Drain|p1a: Sylveon\n|-damage|p1a: Sylveon|0 fnt\n|-heal|p2b: Sceptile|45/100|[from] drain|[of] p1a: Sylveon\n|faint|p1a: Sylveon\n|\n|win|Gunz0\n|raw|Thornlace48812's rating: 1093 &rarr; <strong>1073</strong><br />(-20 for losing)\n|raw|Gunz0's rating: 1151 &rarr; <strong>1172</strong><br />(+21 for winning)\n","uploadtime":1788271847,"views":"0","formatid":"gen9championsvgc2026regmb","rating":1073,"private":0,"password":null}