{"id":"gen9championsvgc2026regmbbo3-2674811574","format":"[Gen 9 Champions] VGC 2026 Reg M-B (Bo3)","players":["kingsrowbajax","jwithers93"],"log":"|j|☆kingsrowbajax\n|j|☆jwithers93\n|html|<table width=\"100%\"><tr><td align=\"left\">kingsrowbajax</td><td align=\"right\">jwithers93</tr><tr><td align=\"left\"><i class=\"fa fa-circle\"></i> <i class=\"fa fa-circle-o\"></i> </td><td align=\"right\"><i class=\"fa fa-circle-o\"></i> <i class=\"fa fa-circle-o\"></i> </tr></table>\n|uhtml|bestof|<h2><strong>Game 2</strong> of <a href=\"/game-bestof3-gen9championsvgc2026regmbbo3-2674809628\">a best-of-3</a></h2>\n|t:|1788411614\n|gametype|doubles\n|player|p1|kingsrowbajax|265|1325\n|player|p2|jwithers93|marshal|1237\n|gen|9\n|tier|[Gen 9 Champions] VGC 2026 Reg M-B (Bo3)\n|rated|\n|rule|Species Clause: Limit one of each Pokémon\n|rule|Item Clause: Limit 1 of each item\n|clearpoke\n|poke|p1|Blastoise, L50, M|\n|poke|p1|Delphox, L50, M|\n|poke|p1|Sinistcha-Masterpiece, L50|\n|poke|p1|Sneasler, L50, F|\n|poke|p1|Kingambit, L50, M|\n|poke|p1|Incineroar, L50, M|\n|poke|p2|Scovillain, L50, M|\n|poke|p2|Rotom-Wash, L50|\n|poke|p2|Floette-Eternal, L50, F|\n|poke|p2|Garchomp, L50, M|\n|poke|p2|Kingambit, L50, M|\n|poke|p2|Farigiraf, L50, F|\n|teampreview|4\n|showteam|p1|Blastoise||Blastoisinite|RainDish|WaterSpout,DarkPulse,ShellSmash,Protect|Modest||M|||50|]Delphox||Delphoxite|Blaze|HeatWave,Psychic,NastyPlot,Protect|Timid||M|||50|]Sinistcha-Masterpiece||ColburBerry|Hospitality|MatchaGotcha,RagePowder,TrickRoom,Protect|Bold|||||50|]Sneasler||FocusSash|PoisonTouch|FakeOut,PoisonJab,CloseCombat,QuickGuard|Jolly||F|||50|]Kingambit||LifeOrb|Defiant|KowtowCleave,SuckerPunch,SwordsDance,Protect|Adamant||M|||50|]Incineroar||SitrusBerry|Intimidate|FakeOut,FlareBlitz,ThroatChop,PartingShot|Careful||M|||50|\n|showteam|p2|Scovillain||Scovillainite|Chlorophyll|Overheat,LeafStorm,RagePowder,LeechSeed|Bold||M|||50|]Rotom-Wash||ChoiceScarf|Levitate|Electroweb,VoltSwitch,Thunderbolt,HydroPump|Timid|||||50|]Floette-Eternal||Floettite|FlowerVeil|DazzlingGleam,Moonblast,LightofRuin,Protect|Modest||F|||50|]Garchomp||LifeOrb|RoughSkin|Earthquake,DragonClaw,RockSlide,Protect|Jolly||M|||50|]Kingambit||FocusSash|Defiant|SuckerPunch,KowtowCleave,IronHead,Protect|Adamant||M|||50|]Farigiraf||ColburBerry|ArmorTail|TrickRoom,Roar,HelpingHand,Psychic|Bold||F|||50|\n|inactive|Battle timer is ON: inactive players will automatically lose when time's up. (requested by jwithers93)\n|\n|t:|1788411637\n|teamsize|p1|4\n|teamsize|p2|4\n|start\n|switch|p1a: Sneasler|Sneasler, L50, F|100/100\n|switch|p1b: Kingambit|Kingambit, L50, M|100/100\n|switch|p2a: Rotom|Rotom-Wash, L50|100/100\n|switch|p2b: Garchomp|Garchomp, L50, M|100/100\n|turn|1\n|inactive|jwithers93 has 30 seconds left.\n|\n|t:|1788411663\n|switch|p1a: Incineroar|Incineroar, L50, M|100/100\n|-ability|p1a: Incineroar|Intimidate|boost\n|-unboost|p2a: Rotom|atk|1\n|-unboost|p2b: Garchomp|atk|1\n|move|p2b: Garchomp|Protect|p2b: Garchomp\n|-singleturn|p2b: Garchomp|Protect\n|move|p1b: Kingambit|Protect|p1b: Kingambit\n|-singleturn|p1b: Kingambit|Protect\n|move|p2a: Rotom|Volt Switch|p1a: Incineroar\n|-damage|p1a: Incineroar|75/100\n|inactive|jwithers93 has 30 seconds left.\n|\n|t:|1788411693\n|switch|p2a: Farigiraf|Farigiraf, L50, F|100/100|[from] Volt Switch\n|\n|upkeep\n|turn|2\n|\n|t:|1788411711\n|switch|p2a: Rotom|Rotom-Wash, L50|100/100\n|move|p2b: Garchomp|Earthquake|p1a: Incineroar|[spread] p1a,p1b\n|-immune|p2a: Rotom|[from] ability: Levitate\n|-supereffective|p1a: Incineroar|1\n|-supereffective|p1b: Kingambit|1\n|-damage|p1a: Incineroar|8/100\n|-damage|p1b: Kingambit|49/100\n|-enditem|p1a: Incineroar|Sitrus Berry|[eat]\n|-heal|p1a: Incineroar|32/100|[from] item: Sitrus Berry\n|-damage|p2b: Garchomp|90/100|[from] item: Life Orb\n|move|p1a: Incineroar|Throat Chop|p2a: Rotom\n|-damage|p2a: Rotom|61/100\n|-start|p2a: Rotom|Throat Chop|[silent]\n|move|p1b: Kingambit|Kowtow Cleave|p2a: Rotom\n|-damage|p2a: Rotom|0 fnt\n|faint|p2a: Rotom\n|-damage|p1b: Kingambit|39/100|[from] item: Life Orb\n|\n|upkeep\n|inactive|jwithers93 has 30 seconds left.\n|inactive|jwithers93 has 20 seconds left.\n|\n|t:|1788411750\n|switch|p2a: Farigiraf|Farigiraf, L50, F|100/100\n|turn|3\n|inactive|kingsrowbajax has 30 seconds left.\n|inactive|kingsrowbajax has 20 seconds left.\n|\n|t:|1788411789\n|move|p1b: Kingambit|Protect|p1b: Kingambit\n|-singleturn|p1b: Kingambit|Protect\n|move|p2b: Garchomp|Earthquake|p1b: Kingambit|[spread] p2a,p1a\n|-activate|p1b: Kingambit|move: Protect\n|-supereffective|p1a: Incineroar|1\n|-damage|p2a: Farigiraf|75/100\n|-damage|p1a: Incineroar|0 fnt\n|faint|p1a: Incineroar\n|-damage|p2b: Garchomp|80/100|[from] item: Life Orb\n|move|p2a: Farigiraf|Trick Room|p2a: Farigiraf\n|-fieldstart|move: Trick Room|[of] p2a: Farigiraf\n|\n|upkeep\n|\n|t:|1788411810\n|switch|p1a: Sneasler|Sneasler, L50, F|100/100\n|turn|4\n|\n|t:|1788411827\n|switch|p2b: Scovillain|Scovillain, L50, M|100/100\n|move|p1b: Kingambit|Kowtow Cleave|p2a: Farigiraf\n|-supereffective|p2a: Farigiraf|1\n|-enditem|p2a: Farigiraf|Colbur Berry|[eat]\n|-enditem|p2a: Farigiraf|Colbur Berry|[weaken]\n|-damage|p2a: Farigiraf|21/100\n|-damage|p1b: Kingambit|29/100|[from] item: Life Orb\n|move|p2a: Farigiraf|Psychic|p1a: Sneasler\n|-supereffective|p1a: Sneasler|2\n|-enditem|p1a: Sneasler|Focus Sash\n|-damage|p1a: Sneasler|1/100\n|move|p1a: Sneasler|Poison Jab|p2a: Farigiraf\n|-damage|p2a: Farigiraf|0 fnt\n|faint|p2a: Farigiraf\n|\n|upkeep\n|\n|t:|1788411849\n|switch|p2a: Garchomp|Garchomp, L50, M|80/100\n|turn|5\n|inactive|jwithers93 has 30 seconds left.\n|\n|t:|1788411886\n|detailschange|p2b: Scovillain|Scovillain-Mega, L50, M\n|-mega|p2b: Scovillain|Scovillain|Scovillainite\n|move|p1b: Kingambit|Sucker Punch|p2a: Garchomp\n|-damage|p2a: Garchomp|29/100\n|-damage|p1b: Kingambit|17/100|[from] ability: Rough Skin|[of] p2a: Garchomp\n|-damage|p1b: Kingambit|7/100|[from] item: Life Orb\n|move|p2b: Scovillain|Leech Seed|p1b: Kingambit\n|-start|p1b: Kingambit|move: Leech Seed\n|move|p2a: Garchomp|Dragon Claw|p1a: Sneasler\n|-damage|p1a: Sneasler|0 fnt\n|faint|p1a: Sneasler\n|-damage|p2a: Garchomp|20/100r|[from] item: Life Orb\n|\n|-damage|p1b: Kingambit|0 fnt|[from] Leech Seed|[of] p2b: Scovillain\n|faint|p1b: Kingambit\n|upkeep\n|\n|t:|1788411901\n|switch|p1a: Delphox|Delphox, L50, M|100/100\n|turn|6\n|inactive|jwithers93 has 30 seconds left.\n|\n|t:|1788411932\n|detailschange|p1a: Delphox|Delphox-Mega, L50, M\n|-mega|p1a: Delphox|Delphox|Delphoxite\n|move|p2a: Garchomp|Protect|p2a: Garchomp\n|-singleturn|p2a: Garchomp|Protect\n|move|p1a: Delphox|Protect|p1a: Delphox\n|-singleturn|p1a: Delphox|Protect\n|move|p2b: Scovillain|Leech Seed|p1a: Delphox\n|-activate|p1a: Delphox|move: Protect\n|\n|upkeep\n|turn|7\n|\n|t:|1788411948\n|move|p2b: Scovillain|Leech Seed|p1a: Delphox\n|-start|p1a: Delphox|move: Leech Seed\n|move|p2a: Garchomp|Rock Slide|p1a: Delphox\n|-supereffective|p1a: Delphox|1\n|-damage|p1a: Delphox|15/100\n|-damage|p2a: Garchomp|10/100|[from] item: Life Orb\n|cant|p1a: Delphox|flinch\n|\n|-damage|p1a: Delphox|3/100|[from] Leech Seed|[of] p2b: Scovillain\n|-fieldend|move: Trick Room\n|upkeep\n|turn|8\n|\n|t:|1788411970\n|move|p2a: Garchomp|Protect|p2a: Garchomp\n|-singleturn|p2a: Garchomp|Protect\n|move|p1a: Delphox|Heat Wave|p2a: Garchomp|[spread] p2b\n|-activate|p2a: Garchomp|move: Protect\n|-damage|p2b: Scovillain|62/100\n|move|p2b: Scovillain|Overheat|p1a: Delphox\n|-resisted|p1a: Delphox|1\n|-damage|p1a: Delphox|0 fnt\n|-unboost|p2b: Scovillain|spa|2\n|faint|p1a: Delphox\n|\n|win|jwithers93\n","uploadtime":1788411970,"views":"1","formatid":"gen9championsvgc2026regmbbo3","rating":null,"private":0,"password":null}