{"id":"gen9championsvgc2026regmbbo3-2674034001","format":"[Gen 9 Champions] VGC 2026 Reg M-B (Bo3)","players":["TrevasVGC","trevyah"],"log":"|j|☆TrevasVGC\n|j|☆trevyah\n|html|<table width=\"100%\"><tr><td align=\"left\">TrevasVGC</td><td align=\"right\">trevyah</tr><tr><td align=\"left\"><i class=\"fa fa-circle\"></i> <i class=\"fa fa-circle-o\"></i> </td><td align=\"right\"><i class=\"fa fa-circle-o\"></i> <i class=\"fa fa-circle\"></i> </tr></table>\n|uhtml|bestof|<h2><strong>Game 3</strong> of <a href=\"/game-bestof3-gen9championsvgc2026regmbbo3-2674030841\">a best-of-3</a></h2>\n|t:|1788290678\n|gametype|doubles\n|player|p1|TrevasVGC|blaine|1258\n|player|p2|trevyah|trevor|1551\n|gen|9\n|tier|[Gen 9 Champions] VGC 2026 Reg M-B (Bo3)\n|rated|\n|rule|Species Clause: Limit one of each Pokémon\n|rule|Item Clause: Limit 1 of each item\n|clearpoke\n|poke|p1|Scovillain, L50, M, shiny|\n|poke|p1|Basculegion, L50, M|\n|poke|p1|Kingambit, L50, M|\n|poke|p1|Sneasler, L50, F|\n|poke|p1|Lycanroc-Dusk, L50, F|\n|poke|p1|Froslass, L50, F|\n|poke|p2|Blaziken, L50, F|\n|poke|p2|Venusaur, L50, M|\n|poke|p2|Torkoal, L50, F|\n|poke|p2|Kingambit, L50, F|\n|poke|p2|Farigiraf, L50, F|\n|poke|p2|Primarina, L50, F|\n|teampreview|4\n|showteam|p1|Scovillain||Scovillainite|Moody|GigaDrain,Overheat,RagePowder,Protect|Bold||M|||50|]Basculegion||LifeOrb|Adaptability|WaveCrash,LastRespects,AquaJet,Protect|Adamant||M|||50|]Kingambit||BlackGlasses|Defiant|KowtowCleave,SuckerPunch,SwordsDance,Protect|Adamant||M|||50|]Sneasler||WhiteHerb|Unburden|CloseCombat,DireClaw,Protect,FakeOut|Adamant||F|||50|]Lycanroc-Dusk||FocusSash|ToughClaws|CloseCombat,Accelerock,RockSlide,Protect|Adamant||F|||50|]Froslass||Froslassite|CursedBody|Blizzard,ShadowBall,AuroraVeil,Protect|Timid||F|||50|\n|showteam|p2|Blaziken||Blazikenite|SpeedBoost|CloseCombat,FlareBlitz,RockSlide,Detect|Adamant||F|||50|]Venusaur||Venusaurite|Chlorophyll|SludgeBomb,EarthPower,GigaDrain,SleepPowder|Modest||M|||50|]Torkoal||Charcoal|Drought|Eruption,HeatWave,HelpingHand,Protect|Quiet||F|||50|]Kingambit||FocusSash|Defiant|KowtowCleave,IronHead,SuckerPunch,Protect|Adamant||F|||50|]Farigiraf||SitrusBerry|ArmorTail|Psychic,Thunderbolt,TrickRoom,Protect|Bold||F|||50|]Primarina||LifeOrb|LiquidVoice|Moonblast,HyperVoice,AquaJet,Protect|Quiet||F|||50|\n|inactive|Battle timer is ON: inactive players will automatically lose when time's up. (requested by trevyah)\n|\n|t:|1788290702\n|teamsize|p1|4\n|teamsize|p2|4\n|start\n|switch|p1a: Kids|Kingambit, L50, M|100/100\n|switch|p1b: Cisco|Sneasler, L50, F|100/100\n|switch|p2a: Blaziken|Blaziken, L50, F|100/100\n|switch|p2b: Farigiraf|Farigiraf, L50, F|100/100\n|turn|1\n|\n|t:|1788290716\n|switch|p1a: SlycedBread|Basculegion, L50, M|100/100\n|detailschange|p2a: Blaziken|Blaziken-Mega, L50, F\n|-mega|p2a: Blaziken|Blaziken|Blazikenite\n|move|p1b: Cisco|Close Combat|p2a: Blaziken\n|-damage|p2a: Blaziken|12/100\n|-unboost|p1b: Cisco|def|1\n|-unboost|p1b: Cisco|spd|1\n|-enditem|p1b: Cisco|White Herb\n|-clearnegativeboost|p1b: Cisco|[silent]\n|move|p2a: Blaziken|Close Combat|p1a: SlycedBread\n|-immune|p1a: SlycedBread\n|move|p2b: Farigiraf|Thunderbolt|p1b: Cisco\n|-damage|p1b: Cisco|73/100\n|\n|-ability|p2a: Blaziken|Speed Boost|boost\n|-boost|p2a: Blaziken|spe|1\n|upkeep\n|turn|2\n|inactive|TrevasVGC has 30 seconds left.\n|\n|t:|1788290748\n|switch|p2a: Torkoal|Torkoal, L50, F|100/100\n|-weather|SunnyDay|[from] ability: Drought|[of] p2a: Torkoal\n|move|p1b: Cisco|Close Combat|p2b: Farigiraf\n|-damage|p2b: Farigiraf|55/100\n|-unboost|p1b: Cisco|def|1\n|-unboost|p1b: Cisco|spd|1\n|move|p1a: SlycedBread|Wave Crash|p2b: Farigiraf\n|-damage|p2b: Farigiraf|15/100\n|-enditem|p2b: Farigiraf|Sitrus Berry|[eat]\n|-heal|p2b: Farigiraf|40/100|[from] item: Sitrus Berry\n|-damage|p1a: SlycedBread|85/100|[from] Recoil\n|-damage|p1a: SlycedBread|76/100|[from] item: Life Orb\n|move|p2b: Farigiraf|Psychic|p1b: Cisco\n|-supereffective|p1b: Cisco|2\n|-damage|p1b: Cisco|0 fnt\n|faint|p1b: Cisco\n|\n|-weather|SunnyDay|[upkeep]\n|upkeep\n|\n|t:|1788290766\n|switch|p1b: DDee|Lycanroc-Dusk, L50, F|100/100\n|turn|3\n|\n|t:|1788290786\n|move|p2b: Farigiraf|Protect|p2b: Farigiraf\n|-singleturn|p2b: Farigiraf|Protect\n|move|p1b: DDee|Close Combat|p2b: Farigiraf\n|-activate|p2b: Farigiraf|move: Protect\n|move|p1a: SlycedBread|Last Respects|p2a: Torkoal\n|-damage|p2a: Torkoal|36/100\n|-damage|p1a: SlycedBread|66/100|[from] item: Life Orb\n|move|p2a: Torkoal|Heat Wave|p1a: SlycedBread|[spread] p1b\n|-miss|p2a: Torkoal|p1a: SlycedBread\n|-resisted|p1b: DDee|1\n|-damage|p1b: DDee|53/100\n|\n|-weather|SunnyDay|[upkeep]\n|upkeep\n|turn|4\n|inactive|trevyah has 30 seconds left.\n|\n|t:|1788290819\n|switch|p2b: Blaziken|Blaziken-Mega, L50, F|12/100\n|switch|p2a: Kingambit|Kingambit, L50, F|100/100\n|move|p1b: DDee|Close Combat|p2b: Blaziken\n|-damage|p2b: Blaziken|0 fnt\n|-unboost|p1b: DDee|def|1\n|-unboost|p1b: DDee|spd|1\n|faint|p2b: Blaziken\n|move|p1a: SlycedBread|Last Respects|p2a: Kingambit\n|-resisted|p2a: Kingambit|1\n|-damage|p2a: Kingambit|67/100\n|-damage|p1a: SlycedBread|57/100|[from] item: Life Orb\n|\n|-weather|SunnyDay|[upkeep]\n|upkeep\n|\n|t:|1788290822\n|switch|p2b: Farigiraf|Farigiraf, L50, F|40/100\n|turn|5\n|\n|t:|1788290845\n|switch|p1b: Kids|Kingambit, L50, M|100/100\n|move|p1a: SlycedBread|Protect|p1a: SlycedBread\n|-singleturn|p1a: SlycedBread|Protect\n|move|p2a: Kingambit|Sucker Punch||[still]\n|-fail|p2a: Kingambit\n|move|p2b: Farigiraf|Trick Room|p2b: Farigiraf\n|-fieldstart|move: Trick Room|[of] p2b: Farigiraf\n|\n|-weather|SunnyDay|[upkeep]\n|upkeep\n|turn|6\n|\n|t:|1788290865\n|move|p2b: Farigiraf|Protect|p2b: Farigiraf\n|-singleturn|p2b: Farigiraf|Protect\n|move|p2a: Kingambit|Kowtow Cleave|p1a: SlycedBread\n|-supereffective|p1a: SlycedBread|1\n|-damage|p1a: SlycedBread|0 fnt\n|faint|p1a: SlycedBread\n|move|p1b: Kids|Kowtow Cleave|p2b: Farigiraf\n|-activate|p2b: Farigiraf|move: Protect\n|\n|-weather|none\n|upkeep\n|\n|t:|1788290871\n|switch|p1a: DDee|Lycanroc-Dusk, L50, F|53/100\n|turn|7\n|\n|t:|1788290880\n|move|p2b: Farigiraf|Protect|p2b: Farigiraf\n|-singleturn|p2b: Farigiraf|Protect\n|move|p1a: DDee|Protect|p1a: DDee\n|-singleturn|p1a: DDee|Protect\n|move|p2a: Kingambit|Iron Head|p1a: DDee\n|-activate|p1a: DDee|move: Protect\n|move|p1b: Kids|Kowtow Cleave|p2b: Farigiraf\n|-activate|p2b: Farigiraf|move: Protect\n|\n|upkeep\n|turn|8\n|\n|t:|1788290889\n|move|p2b: Farigiraf|Protect||[still]\n|-fail|p2b: Farigiraf\n|move|p1a: DDee|Protect||[still]\n|-fail|p1a: DDee\n|move|p2a: Kingambit|Iron Head|p1a: DDee\n|-supereffective|p1a: DDee|1\n|-damage|p1a: DDee|0 fnt\n|faint|p1a: DDee\n|move|p1b: Kids|Kowtow Cleave|p2b: Farigiraf\n|-supereffective|p2b: Farigiraf|1\n|-damage|p2b: Farigiraf|0 fnt\n|faint|p2b: Farigiraf\n|\n|upkeep\n|\n|t:|1788290893\n|switch|p2b: Torkoal|Torkoal, L50, F|36/100\n|-weather|SunnyDay|[from] ability: Drought|[of] p2b: Torkoal\n|turn|9\n|\n|t:|1788290902\n|move|p2b: Torkoal|Helping Hand|p2a: Kingambit\n|-singleturn|p2a: Kingambit|Helping Hand|[of] p2b: Torkoal\n|move|p2a: Kingambit|Kowtow Cleave|p1b: Kids\n|-resisted|p1b: Kids|1\n|-damage|p1b: Kids|74/100\n|move|p1b: Kids|Kowtow Cleave|p2b: Torkoal\n|-damage|p2b: Torkoal|0 fnt\n|faint|p2b: Torkoal\n|\n|-weather|SunnyDay|[upkeep]\n|-fieldend|move: Trick Room\n|upkeep\n|turn|10\n|\n|t:|1788290916\n|move|p1b: Kids|Swords Dance|p1b: Kids\n|-boost|p1b: Kids|atk|2\n|move|p2a: Kingambit|Kowtow Cleave|p1b: Kids\n|-resisted|p1b: Kids|1\n|-damage|p1b: Kids|56/100\n|\n|-weather|SunnyDay|[upkeep]\n|upkeep\n|turn|11\n|-message|trevyah forfeited.\n|raw|TrevasVGC's rating: 1258 &rarr; <strong>1300</strong><br />(+42 for winning)\n|raw|trevyah's rating: 1551 &rarr; <strong>1517</strong><br />(-34 for losing)\n|\n|win|TrevasVGC\n|c|☆trevyah|See you won\n|c|☆trevyah|are you happy lol\n|c|☆TrevasVGC|ok\n","uploadtime":1788291107,"views":"9","formatid":"gen9championsvgc2026regmbbo3","rating":1300,"private":0,"password":null}