{"id":"gen9championsvgc2026regmb-2674152718","format":"[Gen 9 Champions] VGC 2026 Reg M-B","players":["Libosscas","Slayking492"],"log":"|j|☆Libosscas\n|j|☆Slayking492\n|inactive|Battle timer is ON: inactive players will automatically lose when time's up.\n|t:|1788306989\n|gametype|doubles\n|player|p1|Libosscas|red-masters|\n|player|p2|Slayking492|102|\n|gen|9\n|tier|[Gen 9 Champions] VGC 2026 Reg M-B\n|rated|Tournament battle\n|rule|Species Clause: Limit one of each Pokémon\n|rule|Item Clause: Limit 1 of each item\n|clearpoke\n|poke|p1|Chesnaught, L50, M|\n|poke|p1|Farigiraf, L50, F|\n|poke|p1|Incineroar, L50, M, shiny|\n|poke|p1|Torkoal, L50, M|\n|poke|p1|Basculegion, L50, M, shiny|\n|poke|p1|Sinistcha-Masterpiece, L50|\n|poke|p2|Pikachu, L50, F|\n|poke|p2|Pelipper, L50, F|\n|poke|p2|Archaludon, L50, M|\n|poke|p2|Swampert, L50, M|\n|poke|p2|Basculegion, L50, M|\n|poke|p2|Grimmsnarl, L50, M|\n|teampreview|4\n|j| BB-8-NU\n|j|*Lady Monita \n|inactive|Libosscas also wants the timer to be on.\n|c|☆Libosscas|have fun\n|j| KeepinDaHeadBZ\n|c|☆Slayking492|u2\n|\n|t:|1788307013\n|teamsize|p1|4\n|teamsize|p2|4\n|start\n|switch|p1a: Freaky|Incineroar, L50, M, shiny|100/100\n|switch|p1b: Bandia|Farigiraf, L50, F|100/100\n|switch|p2a: Pikachu|Pikachu, L50, F|100/100\n|switch|p2b: Pelipper|Pelipper, L50, F|100/100\n|-weather|RainDance|[from] ability: Drizzle|[of] p2b: Pelipper\n|-ability|p1a: Freaky|Intimidate|boost\n|-unboost|p2a: Pikachu|atk|1\n|-unboost|p2b: Pelipper|atk|1\n|turn|1\n|\n|t:|1788307036\n|switch|p2a: Swampert|Swampert, L50, M|100/100\n|move|p1a: Freaky|Fake Out|p2b: Pelipper\n|-damage|p2b: Pelipper|91/100\n|cant|p2b: Pelipper|flinch\n|move|p1b: Bandia|Trick Room|p1b: Bandia\n|-fieldstart|move: Trick Room|[of] p1b: Bandia\n|\n|-weather|RainDance|[upkeep]\n|upkeep\n|turn|2\n|j| extraofire\n|\n|t:|1788307060\n|detailschange|p2a: Swampert|Swampert-Mega, L50, M\n|-mega|p2a: Swampert|Swampert|Swampertite\n|move|p1a: Freaky|Parting Shot|p2a: Swampert\n|-unboost|p2a: Swampert|atk|1\n|-unboost|p2a: Swampert|spa|1\n|\n|t:|1788307064\n|switch|p1a: Baba boi|Torkoal, L50, M|100/100|[from] Parting Shot\n|-weather|SunnyDay|[from] ability: Drought|[of] p1a: Baba boi\n|move|p1b: Bandia|Psychic|p2a: Swampert\n|-damage|p2a: Swampert|70/100\n|move|p2b: Pelipper|Hurricane|p1a: Baba boi|[miss]\n|-miss|p2b: Pelipper|p1a: Baba boi\n|move|p2a: Swampert|Wave Crash|p1b: Bandia\n|-damage|p1b: Bandia|82/100\n|-damage|p2a: Swampert|63/100|[from] Recoil\n|\n|-weather|SunnyDay|[upkeep]\n|upkeep\n|turn|3\n|\n|t:|1788307082\n|switch|p2b: Archaludon|Archaludon, L50, M|100/100\n|switch|p2a: Pikachu|Pikachu, L50, F|100/100\n|move|p1a: Baba boi|Eruption|p2a: Pikachu|[spread] p2a,p2b\n|-damage|p2a: Pikachu|0 fnt\n|-damage|p2b: Archaludon|0 fnt\n|faint|p2a: Pikachu\n|faint|p2b: Archaludon\n|move|p1b: Bandia|Psychic|p2: Pikachu|[notarget]\n|-fail|p1b: Bandia\n|\n|-weather|SunnyDay|[upkeep]\n|upkeep\n|\n|t:|1788307085\n|switch|p2b: Swampert|Swampert-Mega, L50, M|63/100\n|switch|p2a: Pelipper|Pelipper, L50, F|91/100\n|-weather|RainDance|[from] ability: Drizzle|[of] p2a: Pelipper\n|turn|4\n|\n|t:|1788307104\n|switch|p1a: Freaky|Incineroar, L50, M, shiny|100/100\n|-ability|p1a: Freaky|Intimidate|boost\n|-unboost|p2a: Pelipper|atk|1\n|-unboost|p2b: Swampert|atk|1\n|move|p2a: Pelipper|Wide Guard|p2a: Pelipper\n|-singleturn|p2a: Pelipper|Wide Guard\n|move|p1b: Bandia|Psychic|p2a: Pelipper\n|-damage|p2a: Pelipper|45/100\n|move|p2b: Swampert|Wave Crash|p1b: Bandia\n|-damage|p1b: Bandia|33/100\n|-damage|p2b: Swampert|43/100|[from] Recoil\n|\n|-weather|RainDance|[upkeep]\n|upkeep\n|turn|5\n|-message|Slayking492 forfeited.\n|\n|win|Libosscas\n|n|☆Libosscas|libosscas\n|n|☆Slayking492|slayking492\n|n| BB-8-NU|bb8nu\n|n|*Lady Monita |ladymonita\n|n| KeepinDaHeadBZ|keepindaheadbz\n|n| extraofire|extraofire\n|l|*Lady Monita \n","uploadtime":1788307117,"views":"1","formatid":"gen9championsvgc2026regmb","rating":null,"private":0,"password":null}