{"id":"gen9championsvgc2026regmbbo3-2674380694","format":"[Gen 9 Champions] VGC 2026 Reg M-B (Bo3)","players":["DavidSilesPardillo","fewfdas"],"log":"|j|☆DavidSilesPardillo\n|j|☆fewfdas\n|html|<table width=\"100%\"><tr><td align=\"left\">DavidSilesPardillo</td><td align=\"right\">fewfdas</tr><tr><td align=\"left\"><i class=\"fa fa-circle\"></i> <i class=\"fa fa-circle-o\"></i> </td><td align=\"right\"><i class=\"fa fa-circle-o\"></i> <i class=\"fa fa-circle-o\"></i> </tr></table>\n|uhtml|bestof|<h2><strong>Game 2</strong> of <a href=\"/game-bestof3-gen9championsvgc2026regmbbo3-2674379148\">a best-of-3</a></h2>\n|t:|1788352153\n|gametype|doubles\n|player|p1|DavidSilesPardillo|cynthia|1112\n|player|p2|fewfdas|101|1071\n|gen|9\n|tier|[Gen 9 Champions] VGC 2026 Reg M-B (Bo3)\n|rated|\n|rule|Species Clause: Limit one of each Pokémon\n|rule|Item Clause: Limit 1 of each item\n|clearpoke\n|poke|p1|Charizard, L50, M|\n|poke|p1|Aerodactyl, L50, M|\n|poke|p1|Kingambit, L50, F|\n|poke|p1|Basculegion, L50, M|\n|poke|p1|Whimsicott, L50, M|\n|poke|p1|Garchomp, L50, M|\n|poke|p2|Eelektross, L50, M|\n|poke|p2|Garchomp, L50, F|\n|poke|p2|Aerodactyl, L50, F|\n|poke|p2|Orthworm, L50, F|\n|poke|p2|Pelipper, L50, M|\n|poke|p2|Rotom-Wash, L50|\n|teampreview|4\n|showteam|p1|Charizard||CharizarditeY|SolarPower|Overheat,HeatWave,SolarBeam,Protect|Timid||M|||50|]Aerodactyl||Aerodactylite|Unnerve|RockSlide,DualWingbeat,IceFang,Protect|Jolly||M|||50|]Kingambit||FocusSash|Defiant|KowtowCleave,IronHead,SuckerPunch,LowKick|Adamant||F|||50|]Basculegion||ChoiceScarf|Adaptability|WaveCrash,LastRespects,AquaJet,FlipTurn|Jolly||M|||50|]Whimsicott||FairyFeather|Prankster|Moonblast,SunnyDay,Tailwind,Encore|Bold||M|||50|]Garchomp||LifeOrb|RoughSkin|Earthquake,DragonClaw,RockTomb,Protect|Jolly||M|||50|\n|showteam|p2|Eelektross||Eelektrossite|Levitate|Coil,SupercellSlam,Protect,KnockOff|Jolly||M|||50|]Garchomp||ChoiceScarf|RoughSkin|Earthquake,RockSlide,DracoMeteor,ShadowClaw|Lonely||F|||50|]Aerodactyl||FocusSash|Unnerve|Tailwind,Protect,RockSlide,StealthRock|Jolly||F|||50|]Orthworm||Leftovers|EarthEater|BodyPress,Protect,HeavySlam,Earthquake|Impish||F|||50|]Pelipper||ChartiBerry|Drizzle|Hurricane,Protect,WeatherBall,Tailwind|Bold||M|||50|]Rotom-Wash||LifeOrb|Levitate|Thunder,Protect,Electroweb,HydroPump|Timid|||||50|\n|inactive|Battle timer is ON: inactive players will automatically lose when time's up. (requested by DavidSilesPardillo)\n|inactive|DavidSilesPardillo has 60 seconds left.\n|inactive|DavidSilesPardillo has 30 seconds left.\n|\n|t:|1788352222\n|teamsize|p1|4\n|teamsize|p2|4\n|start\n|switch|p1a: Whimsicott|Whimsicott, L50, M|100/100\n|switch|p1b: Charizard|Charizard, L50, M|100/100\n|switch|p2a: Pelipper|Pelipper, L50, M|100/100\n|switch|p2b: Rotom|Rotom-Wash, L50|100/100\n|-weather|RainDance|[from] ability: Drizzle|[of] p2a: Pelipper\n|turn|1\n|\n|t:|1788352238\n|switch|p2a: Eelektross|Eelektross, L50, M|100/100\n|detailschange|p1b: Charizard|Charizard-Mega-Y, L50, M\n|-mega|p1b: Charizard|Charizard|Charizardite Y\n|-weather|SunnyDay|[from] ability: Drought|[of] p1b: Charizard\n|move|p2b: Rotom|Protect|p2b: Rotom\n|-singleturn|p2b: Rotom|Protect\n|move|p1a: Whimsicott|Tailwind|p1a: Whimsicott\n|-sidestart|p1: DavidSilesPardillo|move: Tailwind\n|move|p1b: Charizard|Solar Beam||[still]\n|-prepare|p1b: Charizard|Solar Beam\n|-anim|p1b: Charizard|Solar Beam|p2b: Rotom\n|-activate|p2b: Rotom|move: Protect\n|\n|-weather|SunnyDay|[upkeep]\n|upkeep\n|turn|2\n|inactive|DavidSilesPardillo has 30 seconds left.\n|inactive|fewfdas has 30 seconds left.\n|inactive|DavidSilesPardillo has 20 seconds left.\n|\n|t:|1788352275\n|switch|p2b: Pelipper|Pelipper, L50, M|100/100\n|-weather|RainDance|[from] ability: Drizzle|[of] p2b: Pelipper\n|move|p1a: Whimsicott|Sunny Day|p1a: Whimsicott\n|-weather|SunnyDay\n|move|p1b: Charizard|Heat Wave|p2a: Eelektross|[spread] p2b\n|-miss|p1b: Charizard|p2a: Eelektross\n|-resisted|p2b: Pelipper|1\n|-damage|p2b: Pelipper|50/100g\n|move|p2a: Eelektross|Coil|p2a: Eelektross\n|-boost|p2a: Eelektross|atk|1\n|-boost|p2a: Eelektross|def|1\n|-boost|p2a: Eelektross|accuracy|1\n|\n|-weather|SunnyDay|[upkeep]\n|upkeep\n|turn|3\n|\n|t:|1788352294\n|detailschange|p2a: Eelektross|Eelektross-Mega, L50, M\n|-mega|p2a: Eelektross|Eelektross|Eelektrossite\n|move|p2a: Eelektross|Protect|p2a: Eelektross\n|-singleturn|p2a: Eelektross|Protect\n|move|p1b: Charizard|Overheat|p2a: Eelektross\n|-activate|p2a: Eelektross|move: Protect\n|move|p1a: Whimsicott|Moonblast|p2a: Eelektross\n|-activate|p2a: Eelektross|move: Protect\n|move|p2b: Pelipper|Weather Ball|p1a: Whimsicott\n|-supereffective|p1a: Whimsicott|1\n|-damage|p1a: Whimsicott|23/100\n|\n|-weather|SunnyDay|[upkeep]\n|upkeep\n|turn|4\n|inactive|fewfdas has 30 seconds left.\n|inactive|fewfdas has 20 seconds left.\n|\n|t:|1788352330\n|switch|p2a: Rotom|Rotom-Wash, L50|100/100\n|move|p2b: Pelipper|Protect|p2b: Pelipper\n|-singleturn|p2b: Pelipper|Protect\n|move|p1a: Whimsicott|Encore||[still]\n|-fail|p1a: Whimsicott\n|move|p1b: Charizard|Solar Beam||[still]\n|-prepare|p1b: Charizard|Solar Beam\n|-anim|p1b: Charizard|Solar Beam|p2b: Pelipper\n|-activate|p2b: Pelipper|move: Protect\n|\n|-weather|SunnyDay|[upkeep]\n|-sideend|p1: DavidSilesPardillo|move: Tailwind\n|upkeep\n|turn|5\n|\n|t:|1788352353\n|switch|p2b: Garchomp|Garchomp, L50, F|100/100\n|move|p1b: Charizard|Solar Beam||[still]\n|-prepare|p1b: Charizard|Solar Beam\n|-anim|p1b: Charizard|Solar Beam|p2a: Rotom\n|-supereffective|p2a: Rotom|1\n|-damage|p2a: Rotom|0 fnt\n|faint|p2a: Rotom\n|move|p1a: Whimsicott|Moonblast|p2b: Garchomp\n|-supereffective|p2b: Garchomp|1\n|-damage|p2b: Garchomp|43/100\n|\n|-weather|SunnyDay|[upkeep]\n|upkeep\n|\n|t:|1788352360\n|switch|p2a: Pelipper|Pelipper, L50, M|50/100g\n|-weather|RainDance|[from] ability: Drizzle|[of] p2a: Pelipper\n|turn|6\n|inactive|DavidSilesPardillo has 30 seconds left.\n|\n|t:|1788352393\n|switch|p1b: Kingambit|Kingambit, L50, F|100/100\n|move|p1a: Whimsicott|Tailwind|p1a: Whimsicott\n|-sidestart|p1: DavidSilesPardillo|move: Tailwind\n|move|p2b: Garchomp|Rock Slide|p1b: Kingambit|[spread] p1a,p1b\n|-resisted|p1b: Kingambit|1\n|-damage|p1a: Whimsicott|1/100\n|-damage|p1b: Kingambit|90/100\n|move|p2a: Pelipper|Tailwind|p2a: Pelipper\n|-sidestart|p2: fewfdas|move: Tailwind\n|\n|-weather|RainDance|[upkeep]\n|upkeep\n|turn|7\n|inactive|DavidSilesPardillo has 30 seconds left.\n|\n|t:|1788352422\n|switch|p2a: Eelektross|Eelektross-Mega, L50, M|100/100\n|move|p2b: Garchomp|Rock Slide|p1b: Kingambit|[spread] p1a,p1b\n|-resisted|p1b: Kingambit|1\n|-damage|p1a: Whimsicott|0 fnt\n|-damage|p1b: Kingambit|80/100\n|faint|p1a: Whimsicott\n|move|p1b: Kingambit|Kowtow Cleave|p2a: Eelektross\n|-damage|p2a: Eelektross|34/100\n|\n|-weather|RainDance|[upkeep]\n|upkeep\n|\n|t:|1788352430\n|switch|p1a: Basculegion|Basculegion, L50, M|100/100\n|turn|8\n|inactive|DavidSilesPardillo has 30 seconds left.\n|inactive|DavidSilesPardillo has 20 seconds left.\n|\n|t:|1788352465\n|switch|p2b: Pelipper|Pelipper, L50, M|50/100g\n|move|p2a: Eelektross|Protect|p2a: Eelektross\n|-singleturn|p2a: Eelektross|Protect\n|move|p1b: Kingambit|Sucker Punch||[still]\n|-fail|p1b: Kingambit\n|move|p1a: Basculegion|Last Respects|p2b: Pelipper\n|-damage|p2b: Pelipper|1/100\n|\n|-weather|RainDance|[upkeep]\n|upkeep\n|turn|9\n|\n|t:|1788352483\n|move|p1b: Kingambit|Sucker Punch|p2a: Eelektross\n|-damage|p2a: Eelektross|0 fnt\n|faint|p2a: Eelektross\n|move|p1a: Basculegion|Last Respects|p2b: Pelipper\n|-damage|p2b: Pelipper|0 fnt\n|faint|p2b: Pelipper\n|\n|-weather|RainDance|[upkeep]\n|-sideend|p2: fewfdas|move: Tailwind\n|-sideend|p1: DavidSilesPardillo|move: Tailwind\n|upkeep\n|l|☆fewfdas\n|inactive|fewfdas disconnected and has a minute to reconnect!\n|player|p2|\n|inactive|fewfdas has 30 seconds left.\n|inactive|fewfdas has 20 seconds left.\n|inactive|fewfdas has 15 seconds left.\n|inactive|fewfdas has 10 seconds left.\n|inactive|fewfdas has 5 seconds left.\n|-message|fewfdas lost due to inactivity.\n|\n|win|DavidSilesPardillo\n|raw|DavidSilesPardillo's rating: 1112 &rarr; <strong>1134</strong><br />(+22 for winning)\n|raw|fewfdas's rating: 1071 &rarr; <strong>1053</strong><br />(-18 for losing)\n","uploadtime":1788352559,"views":"1","formatid":"gen9championsvgc2026regmbbo3","rating":1053,"private":0,"password":null}