{"id":"gen9championsvgc2026regmb-2674035190","format":"[Gen 9 Champions] VGC 2026 Reg M-B","players":["Trevelion","This dex is natty"],"log":"|j|☆Trevelion\n|j|☆This dex is natty\n|t:|1788290821\n|gametype|doubles\n|player|p1|Trevelion|265|1365\n|player|p2|This dex is natty|n|1464\n|gen|9\n|tier|[Gen 9 Champions] VGC 2026 Reg M-B\n|rated|\n|rule|Species Clause: Limit one of each Pokémon\n|rule|Item Clause: Limit 1 of each item\n|clearpoke\n|poke|p1|Whimsicott, L50, M|\n|poke|p1|Delphox, L50, M|\n|poke|p1|Floette-Eternal, L50, F|\n|poke|p1|Basculegion, L50, M|\n|poke|p1|Garchomp, L50, F|\n|poke|p1|Incineroar, L50, M|\n|poke|p2|Klefki, L50, M|\n|poke|p2|Delphox, L50, F|\n|poke|p2|Overqwil, L50, M|\n|poke|p2|Meowstic, L50, M|\n|poke|p2|Sneasler, L50, M|\n|poke|p2|Sableye, L50, F|\n|teampreview|4\n|inactive|Battle timer is ON: inactive players will automatically lose when time's up. (requested by This dex is natty)\n|\n|t:|1788290842\n|teamsize|p1|4\n|teamsize|p2|4\n|start\n|switch|p1a: Delphox|Delphox, L50, M|100/100\n|switch|p1b: Incineroar|Incineroar, L50, M|100/100\n|switch|p2a: Overqwil|Overqwil, L50, M|100/100\n|switch|p2b: Meowstic|Meowstic, L50, M|100/100\n|-ability|p2a: Overqwil|Intimidate|boost\n|-unboost|p1a: Delphox|atk|1\n|-unboost|p1b: Incineroar|atk|1\n|-ability|p1b: Incineroar|Intimidate|boost\n|-unboost|p2a: Overqwil|atk|1\n|-unboost|p2b: Meowstic|atk|1\n|turn|1\n|\n|t:|1788290854\n|detailschange|p1a: Delphox|Delphox-Mega, L50, M\n|-mega|p1a: Delphox|Delphox|Delphoxite\n|move|p2b: Meowstic|Fake Out|p1b: Incineroar\n|-damage|p1b: Incineroar|96/100\n|move|p1a: Delphox|Heat Wave|p2a: Overqwil|[spread] p2a\n|-miss|p1a: Delphox|p2b: Meowstic\n|-damage|p2a: Overqwil|55/100\n|move|p2a: Overqwil|Minimize|p2a: Overqwil\n|-boost|p2a: Overqwil|evasion|2\n|cant|p1b: Incineroar|flinch\n|\n|-heal|p2a: Overqwil|61/100|[from] item: Leftovers\n|upkeep\n|turn|2\n|\n|t:|1788290865\n|move|p2a: Overqwil|Protect|p2a: Overqwil\n|-singleturn|p2a: Overqwil|Protect\n|move|p2b: Meowstic|Yawn|p1a: Delphox\n|-start|p1a: Delphox|move: Yawn|[of] p2b: Meowstic\n|move|p1a: Delphox|Heat Wave|p2a: Overqwil|[spread] \n|-activate|p2a: Overqwil|move: Protect\n|-miss|p1a: Delphox|p2b: Meowstic\n|move|p1b: Incineroar|Roar|p2a: Overqwil\n|drag|p2a: Sableye|Sableye, L50, F|100/100\n|\n|upkeep\n|turn|3\n|\n|t:|1788290883\n|switch|p1a: Garchomp|Garchomp, L50, F|100/100\n|detailschange|p2a: Sableye|Sableye-Mega, L50, F\n|-mega|p2a: Sableye|Sableye|Sablenite\n|move|p2b: Meowstic|Yawn|p1a: Garchomp\n|-start|p1a: Garchomp|move: Yawn|[of] p2b: Meowstic\n|move|p1b: Incineroar|Flare Blitz|p2b: Meowstic\n|-damage|p2b: Meowstic|72/100\n|-damage|p1b: Incineroar|88/100|[from] Recoil\n|move|p2a: Sableye|Night Shade|p1b: Incineroar\n|-damage|p1b: Incineroar|63/100\n|\n|upkeep\n|turn|4\n|\n|t:|1788290900\n|switch|p1a: Delphox|Delphox-Mega, L50, M|100/100\n|move|p2b: Meowstic|Yawn|p1a: Delphox\n|-start|p1a: Delphox|move: Yawn|[of] p2b: Meowstic\n|move|p1b: Incineroar|Parting Shot|p2a: Sableye\n|move|p2a: Sableye|Parting Shot|p1b: Incineroar|[from] ability: Magic Bounce\n|-unboost|p1b: Incineroar|atk|1\n|-unboost|p1b: Incineroar|spa|1\n|\n|t:|1788290909\n|switch|p2a: Overqwil|Overqwil, L50, M|61/100|[from] Parting Shot\n|-ability|p2a: Overqwil|Intimidate|boost\n|-unboost|p1a: Delphox|atk|1\n|-unboost|p1b: Incineroar|atk|1\n|\n|-heal|p2a: Overqwil|68/100|[from] item: Leftovers\n|upkeep\n|turn|5\n|\n|t:|1788290915\n|switch|p1a: Garchomp|Garchomp, L50, F|100/100\n|move|p2b: Meowstic|Yawn|p1a: Garchomp\n|-start|p1a: Garchomp|move: Yawn|[of] p2b: Meowstic\n|move|p2a: Overqwil|Barb Barrage|p1b: Incineroar\n|-damage|p1b: Incineroar|44/100\n|move|p1b: Incineroar|Roar|p2a: Overqwil\n|drag|p2a: Sableye|Sableye-Mega, L50, F|100/100\n|\n|upkeep\n|turn|6\n|\n|t:|1788290931\n|switch|p1a: Delphox|Delphox-Mega, L50, M|100/100\n|move|p2b: Meowstic|Yawn|p1a: Delphox\n|-start|p1a: Delphox|move: Yawn|[of] p2b: Meowstic\n|move|p1b: Incineroar|Parting Shot|p2a: Sableye\n|move|p2a: Sableye|Parting Shot|p1b: Incineroar|[from] ability: Magic Bounce\n|-unboost|p1b: Incineroar|atk|1\n|-unboost|p1b: Incineroar|spa|1\n|\n|t:|1788290938\n|switch|p2a: Overqwil|Overqwil, L50, M|68/100|[from] Parting Shot\n|-ability|p2a: Overqwil|Intimidate|boost\n|-unboost|p1a: Delphox|atk|1\n|-unboost|p1b: Incineroar|atk|1\n|\n|-heal|p2a: Overqwil|74/100|[from] item: Leftovers\n|upkeep\n|turn|7\n|\n|t:|1788290946\n|switch|p1a: Garchomp|Garchomp, L50, F|100/100\n|move|p2b: Meowstic|Yawn|p1a: Garchomp\n|-start|p1a: Garchomp|move: Yawn|[of] p2b: Meowstic\n|move|p2a: Overqwil|Barb Barrage|p1b: Incineroar\n|-damage|p1b: Incineroar|22/100\n|move|p1b: Incineroar|Roar|p2a: Overqwil\n|drag|p2a: Sableye|Sableye-Mega, L50, F|100/100\n|\n|upkeep\n|turn|8\n|\n|t:|1788290959\n|switch|p1a: Delphox|Delphox-Mega, L50, M|100/100\n|move|p2b: Meowstic|Yawn|p1a: Delphox\n|-start|p1a: Delphox|move: Yawn|[of] p2b: Meowstic\n|move|p1b: Incineroar|Parting Shot|p2b: Meowstic\n|-unboost|p2b: Meowstic|atk|1\n|-unboost|p2b: Meowstic|spa|1\n|\n|t:|1788290963\n|switch|p1b: Garchomp|Garchomp, L50, F|100/100|[from] Parting Shot\n|move|p2a: Sableye|Night Shade|p1b: Garchomp\n|-damage|p1b: Garchomp|72/100\n|\n|upkeep\n|turn|9\n|\n|t:|1788290973\n|switch|p1a: Incineroar|Incineroar, L50, M|22/100\n|-ability|p1a: Incineroar|Intimidate|boost\n|-unboost|p2a: Sableye|atk|1\n|-unboost|p2b: Meowstic|atk|1\n|move|p2b: Meowstic|Yawn|p1b: Garchomp\n|-start|p1b: Garchomp|move: Yawn|[of] p2b: Meowstic\n|move|p1b: Garchomp|Dragon Claw|p2b: Meowstic\n|-damage|p2b: Meowstic|24/100\n|-damage|p1b: Garchomp|63/100|[from] item: Life Orb\n|move|p2a: Sableye|Foul Play|p1b: Garchomp\n|-damage|p1b: Garchomp|14/100\n|-damage|p2a: Sableye|87/100|[from] ability: Rough Skin|[of] p1b: Garchomp\n|\n|upkeep\n|turn|10\n|\n|t:|1788290989\n|move|p2b: Meowstic|Yawn||[still]\n|-fail|p2b: Meowstic\n|move|p1b: Garchomp|Dragon Claw|p2a: Sableye\n|-damage|p2a: Sableye|35/100\n|-damage|p1b: Garchomp|4/100|[from] item: Life Orb\n|move|p1a: Incineroar|Flare Blitz|p2b: Meowstic\n|-damage|p2b: Meowstic|0 fnt\n|faint|p2b: Meowstic\n|-damage|p1a: Incineroar|15/100|[from] Recoil\n|move|p2a: Sableye|Night Shade|p1a: Incineroar\n|-damage|p1a: Incineroar|0 fnt\n|faint|p1a: Incineroar\n|\n|-end|p1b: Garchomp|move: Yawn|[silent]\n|-status|p1b: Garchomp|slp\n|upkeep\n|\n|t:|1788291000\n|switch|p2b: Overqwil|Overqwil, L50, M|74/100\n|switch|p1a: Delphox|Delphox-Mega, L50, M|100/100\n|-ability|p2b: Overqwil|Intimidate|boost\n|-unboost|p1a: Delphox|atk|1\n|-unboost|p1b: Garchomp|atk|1\n|turn|11\n|\n|t:|1788291011\n|move|p1a: Delphox|Heat Wave|p2b: Overqwil|[spread] p2a,p2b\n|-damage|p2a: Sableye|3/100\n|-damage|p2b: Overqwil|32/100\n|-status|p2a: Sableye|brn\n|cant|p1b: Garchomp|slp\n|move|p2b: Overqwil|Minimize|p2b: Overqwil\n|-boost|p2b: Overqwil|evasion|2\n|move|p2a: Sableye|Night Shade|p1b: Garchomp\n|-damage|p1b: Garchomp|0 fnt\n|faint|p1b: Garchomp\n|\n|-heal|p2b: Overqwil|38/100|[from] item: Leftovers\n|-damage|p2a: Sableye|0 fnt|[from] brn\n|faint|p2a: Sableye\n|upkeep\n|\n|t:|1788291022\n|switch|p1b: Basculegion|Basculegion, L50, M|100/100\n|switch|p2a: Klefki|Klefki, L50, M|100/100\n|turn|12\n|\n|t:|1788291040\n|move|p2b: Overqwil|Protect|p2b: Overqwil\n|-singleturn|p2b: Overqwil|Protect\n|move|p1b: Basculegion|Aqua Jet|p2b: Overqwil\n|-activate|p2b: Overqwil|move: Protect\n|move|p2a: Klefki|Psych Up|p2b: Overqwil\n|-copyboost|p2a: Klefki|p2b: Overqwil|[from] move: Psych Up\n|move|p1a: Delphox|Heat Wave|p2b: Overqwil|[spread] \n|-activate|p2b: Overqwil|move: Protect\n|-miss|p1a: Delphox|p2a: Klefki\n|\n|-heal|p2b: Overqwil|44/100|[from] item: Leftovers\n|upkeep\n|turn|13\n|\n|t:|1788291052\n|move|p2a: Klefki|Substitute|p2a: Klefki\n|-start|p2a: Klefki|Substitute\n|-damage|p2a: Klefki|75/100\n|move|p1a: Delphox|Heat Wave|p2b: Overqwil|[spread] p2a,p2b\n|-supereffective|p2a: Klefki|1\n|-end|p2a: Klefki|Substitute\n|-damage|p2b: Overqwil|4/100\n|move|p1b: Basculegion|Liquidation|p2b: Overqwil|[miss]\n|-miss|p1b: Basculegion|p2b: Overqwil\n|move|p2b: Overqwil|Minimize|p2b: Overqwil\n|-boost|p2b: Overqwil|evasion|2\n|\n|-heal|p2b: Overqwil|10/100|[from] item: Leftovers\n|upkeep\n|turn|14\n|\n|t:|1788291065\n|move|p2b: Overqwil|Protect|p2b: Overqwil\n|-singleturn|p2b: Overqwil|Protect\n|move|p1b: Basculegion|Aqua Jet|p2b: Overqwil\n|-activate|p2b: Overqwil|move: Protect\n|move|p2a: Klefki|Substitute|p2a: Klefki\n|-start|p2a: Klefki|Substitute\n|-damage|p2a: Klefki|50/100y\n|-enditem|p2a: Klefki|Sitrus Berry|[eat]\n|-heal|p2a: Klefki|75/100|[from] item: Sitrus Berry\n|move|p1a: Delphox|Heat Wave|p2b: Overqwil|[spread] p2a\n|-activate|p2b: Overqwil|move: Protect\n|-supereffective|p2a: Klefki|1\n|-end|p2a: Klefki|Substitute\n|\n|-heal|p2b: Overqwil|16/100|[from] item: Leftovers\n|upkeep\n|turn|15\n|inactive|This dex is natty has 30 seconds left.\n|inactive|This dex is natty has 20 seconds left.\n|inactive|This dex is natty has 15 seconds left.\n|inactive|This dex is natty has 10 seconds left.\n|\n|t:|1788291111\n|move|p1b: Basculegion|Aqua Jet|p2b: Overqwil\n|-damage|p2b: Overqwil|0 fnt\n|faint|p2b: Overqwil\n|move|p2a: Klefki|Psych Up|p2: Overqwil|[notarget]\n|-fail|p2a: Klefki\n|move|p1a: Delphox|Heat Wave|p2a: Klefki|[miss]\n|-miss|p1a: Delphox|p2a: Klefki\n|\n|upkeep\n|turn|16\n|\n|t:|1788291116\n|move|p2a: Klefki|Calm Mind|p2a: Klefki\n|-boost|p2a: Klefki|spa|1\n|-boost|p2a: Klefki|spd|1\n|move|p1a: Delphox|Heat Wave|p2a: Klefki|[miss]\n|-miss|p1a: Delphox|p2a: Klefki\n|move|p1b: Basculegion|Liquidation|p2a: Klefki\n|-damage|p2a: Klefki|31/100\n|\n|upkeep\n|turn|17\n|\n|t:|1788291119\n|move|p1a: Delphox|Heat Wave|p2a: Klefki\n|-supereffective|p2a: Klefki|1\n|-damage|p2a: Klefki|0 fnt\n|faint|p2a: Klefki\n|\n|win|Trevelion\n|raw|Trevelion's rating: 1365 &rarr; <strong>1391</strong><br />(+26 for winning)\n|raw|This dex is natty's rating: 1464 &rarr; <strong>1438</strong><br />(-26 for losing)\n|l|☆This dex is natty\n|player|p2|\n","uploadtime":1788291129,"views":"4","formatid":"gen9championsvgc2026regmb","rating":1391,"private":0,"password":null}