{"id":"gen9championsvgc2026regmbbo3-2673738526","format":"[Gen 9 Champions] VGC 2026 Reg M-B (Bo3)","players":["kingsrowbajax","Darknight918"],"log":"|j|☆kingsrowbajax\n|j|☆Darknight918\n|html|<table width=\"100%\"><tr><td align=\"left\">kingsrowbajax</td><td align=\"right\">Darknight918</tr><tr><td align=\"left\"><i class=\"fa fa-circle\"></i> <i class=\"fa fa-circle-o\"></i> </td><td align=\"right\"><i class=\"fa fa-circle-o\"></i> <i class=\"fa fa-circle\"></i> </tr></table>\n|uhtml|bestof|<h2><strong>Game 3</strong> of <a href=\"/game-bestof3-gen9championsvgc2026regmbbo3-2673736173\">a best-of-3</a></h2>\n|t:|1788244611\n|gametype|doubles\n|player|p1|kingsrowbajax|170|1232\n|player|p2|Darknight918|will|1332\n|gen|9\n|tier|[Gen 9 Champions] VGC 2026 Reg M-B (Bo3)\n|rated|\n|rule|Species Clause: Limit one of each Pokémon\n|rule|Item Clause: Limit 1 of each item\n|clearpoke\n|poke|p1|Blastoise, L50, F|\n|poke|p1|Delphox, L50, F|\n|poke|p1|Sinistcha, L50|\n|poke|p1|Kingambit, L50, F|\n|poke|p1|Sneasler, L50, F|\n|poke|p1|Incineroar, L50, M|\n|poke|p2|Staraptor, L50, M|\n|poke|p2|Arcanine-Hisui, L50, F|\n|poke|p2|Kingambit, L50, F, shiny|\n|poke|p2|Sylveon, L50, M|\n|poke|p2|Farigiraf, L50, F|\n|poke|p2|Raichu, L50, F, shiny|\n|teampreview|4\n|showteam|p1|Blastoise||Blastoisinite|RainDish|WaterSpout,DarkPulse,ShellSmash,Protect|Modest||F|||50|]Delphox||Delphoxite|Blaze|HeatWave,Psychic,NastyPlot,Protect|Timid||F|||50|]Sinistcha||ColburBerry|Hospitality|MatchaGotcha,RagePowder,TrickRoom,Protect|Bold|||||50|]Kingambit||LifeOrb|Defiant|KowtowCleave,SuckerPunch,SwordsDance,Protect|Adamant||F|||50|]Sneasler||FocusSash|PoisonTouch|FakeOut,PoisonJab,CloseCombat,QuickGuard|Jolly||F|||50|]Incineroar||SitrusBerry|Intimidate|FakeOut,FlareBlitz,ThroatChop,PartingShot|Careful||M|||50|\n|showteam|p2|Staraptor||Staraptite|Intimidate|Protect,CloseCombat,DualWingbeat,Tailwind|Jolly||M|||50|]Arcanine-Hisui||FocusSash|RockHead|Protect,ExtremeSpeed,FlareBlitz,HeadSmash|Jolly||F|||50|]Kingambit||LifeOrb|Defiant|Protect,SwordsDance,KowtowCleave,SuckerPunch|Adamant||F|||50|]Sylveon||FairyFeather|Pixilate|Detect,HyperVoice,HyperBeam,QuickAttack|Modest||M|||50|]Farigiraf||SitrusBerry|ArmorTail|Psychic,HelpingHand,TrickRoom,Protect|Calm||F|||50|]Raichu||RaichuniteY|LightningRod|Protect,FakeOut,ZapCannon,FocusBlast|Timid||F|||50|\n|inactive|Battle timer is ON: inactive players will automatically lose when time's up. (requested by Darknight918)\n|inactive|kingsrowbajax has 60 seconds left.\n|\n|t:|1788244655\n|teamsize|p1|4\n|teamsize|p2|4\n|start\n|switch|p1a: Sneasler|Sneasler, L50, F|100/100\n|switch|p1b: Kingambit|Kingambit, L50, F|100/100\n|switch|p2a: Chonka|Raichu, L50, F, shiny|100/100\n|switch|p2b: Hayate|Arcanine-Hisui, L50, F|100/100\n|turn|1\n|inactive|kingsrowbajax has 30 seconds left.\n|\n|t:|1788244686\n|switch|p1b: Sinistcha|Sinistcha, L50|100/100\n|detailschange|p2a: Chonka|Raichu-Mega-Y, L50, F, shiny\n|-mega|p2a: Chonka|Raichu|Raichunite Y\n|move|p2a: Chonka|Fake Out|p1a: Sneasler\n|-damage|p1a: Sneasler|84/100\n|cant|p1a: Sneasler|flinch\n|move|p2b: Hayate|Flare Blitz|p1b: Sinistcha\n|-supereffective|p1b: Sinistcha|1\n|-damage|p1b: Sinistcha|8/100\n|\n|upkeep\n|turn|2\n|\n|t:|1788244700\n|move|p1b: Sinistcha|Rage Powder|p1b: Sinistcha\n|-singleturn|p1b: Sinistcha|move: Rage Powder\n|move|p2a: Chonka|Zap Cannon|p1b: Sinistcha\n|-resisted|p1b: Sinistcha|1\n|-damage|p1b: Sinistcha|0 fnt\n|faint|p1b: Sinistcha\n|move|p1a: Sneasler|Close Combat|p2b: Hayate\n|-supereffective|p2b: Hayate|1\n|-enditem|p2b: Hayate|Focus Sash\n|-damage|p2b: Hayate|1/100\n|-unboost|p1a: Sneasler|def|1\n|-unboost|p1a: Sneasler|spd|1\n|move|p2b: Hayate|Flare Blitz|p1a: Sneasler\n|-damage|p1a: Sneasler|0 fnt\n|faint|p1a: Sneasler\n|\n|upkeep\n|\n|t:|1788244713\n|switch|p1a: Incineroar|Incineroar, L50, M|100/100\n|switch|p1b: Kingambit|Kingambit, L50, F|100/100\n|-ability|p1a: Incineroar|Intimidate|boost\n|-unboost|p2a: Chonka|atk|1\n|-unboost|p2b: Hayate|atk|1\n|turn|3\n|\n|t:|1788244728\n|switch|p2b: InDaTrees|Farigiraf, L50, F|100/100\n|move|p1b: Kingambit|Protect|p1b: Kingambit\n|-singleturn|p1b: Kingambit|Protect\n|move|p2a: Chonka|Focus Blast|p1b: Kingambit\n|-activate|p1b: Kingambit|move: Protect\n|move|p1a: Incineroar|Flare Blitz|p2a: Chonka\n|-damage|p2a: Chonka|26/100\n|-damage|p1a: Incineroar|79/100|[from] Recoil\n|\n|upkeep\n|turn|4\n|\n|t:|1788244747\n|move|p2b: InDaTrees|Helping Hand|p2a: Chonka\n|-singleturn|p2a: Chonka|Helping Hand|[of] p2b: InDaTrees\n|move|p1b: Kingambit|Protect||[still]\n|-fail|p1b: Kingambit\n|move|p2a: Chonka|Focus Blast|p1b: Kingambit\n|-supereffective|p1b: Kingambit|2\n|-damage|p1b: Kingambit|0 fnt\n|faint|p1b: Kingambit\n|move|p1a: Incineroar|Flare Blitz|p2a: Chonka\n|-damage|p2a: Chonka|0 fnt\n|faint|p2a: Chonka\n|-damage|p1a: Incineroar|71/100|[from] Recoil\n|\n|upkeep\n|\n|t:|1788244754\n|switch|p2a: Hayate|Arcanine-Hisui, L50, F|1/100\n|turn|5\n|c|☆kingsrowbajax|ggs\n|c|☆kingsrowbajax|u deserved to win game 2\n|c|☆kingsrowbajax|too\n|\n|t:|1788244772\n|move|p2b: InDaTrees|Helping Hand|p2a: Hayate\n|-singleturn|p2a: Hayate|Helping Hand|[of] p2b: InDaTrees\n|move|p2a: Hayate|Flare Blitz|p1a: Incineroar\n|-resisted|p1a: Incineroar|1\n|-damage|p1a: Incineroar|31/100\n|-enditem|p1a: Incineroar|Sitrus Berry|[eat]\n|-heal|p1a: Incineroar|56/100|[from] item: Sitrus Berry\n|move|p1a: Incineroar|Throat Chop|p2b: InDaTrees\n|-supereffective|p2b: InDaTrees|1\n|-damage|p2b: InDaTrees|42/100\n|-start|p2b: InDaTrees|Throat Chop|[silent]\n|-enditem|p2b: InDaTrees|Sitrus Berry|[eat]\n|-heal|p2b: InDaTrees|67/100|[from] item: Sitrus Berry\n|\n|upkeep\n|turn|6\n|c|☆Darknight918|yeah my arcanine sold lmao\n|\n|t:|1788244788\n|move|p2b: InDaTrees|Helping Hand|p2a: Hayate\n|-singleturn|p2a: Hayate|Helping Hand|[of] p2b: InDaTrees\n|move|p2a: Hayate|Flare Blitz|p1a: Incineroar\n|-resisted|p1a: Incineroar|1\n|-damage|p1a: Incineroar|15/100\n|move|p1a: Incineroar|Throat Chop|p2b: InDaTrees\n|-supereffective|p2b: InDaTrees|1\n|-damage|p2b: InDaTrees|11/100\n|\n|-end|p2b: InDaTrees|Throat Chop|[silent]\n|upkeep\n|turn|7\n|\n|t:|1788244797\n|move|p2b: InDaTrees|Helping Hand|p2a: Hayate\n|-singleturn|p2a: Hayate|Helping Hand|[of] p2b: InDaTrees\n|move|p2a: Hayate|Extreme Speed|p1a: Incineroar\n|-damage|p1a: Incineroar|0 fnt\n|faint|p1a: Incineroar\n|\n|win|Darknight918\n|raw|kingsrowbajax's rating: 1232 &rarr; <strong>1214</strong><br />(-18 for losing)\n|raw|Darknight918's rating: 1332 &rarr; <strong>1346</strong><br />(+14 for winning)\n","uploadtime":1788244797,"views":"1","formatid":"gen9championsvgc2026regmbbo3","rating":1214,"private":0,"password":null}