{"id":"gen9championsvgc2026regmb-2674551862","format":"[Gen 9 Champions] VGC 2026 Reg M-B","players":["VictoriousDancing","conngfan"],"log":"|j|☆VictoriousDancing\n|j|☆conngfan\n|t:|1788373050\n|gametype|doubles\n|player|p1|VictoriousDancing|cynthia|1581\n|player|p2|conngfan|arven-s|1574\n|gen|9\n|tier|[Gen 9 Champions] VGC 2026 Reg M-B\n|rated|\n|rule|Species Clause: Limit one of each Pokémon\n|rule|Item Clause: Limit 1 of each item\n|clearpoke\n|poke|p1|Charizard, L50, M, shiny|\n|poke|p1|Basculegion, L50, M, shiny|\n|poke|p1|Whimsicott, L50, M, shiny|\n|poke|p1|Garchomp, L50, F, shiny|\n|poke|p1|Kingambit, L50, F, shiny|\n|poke|p1|Floette-Eternal, L50, F|\n|poke|p2|Aerodactyl, L50, M|\n|poke|p2|Raichu, L50, F|\n|poke|p2|Sneasler, L50, M|\n|poke|p2|Sylveon, L50, M|\n|poke|p2|Kingambit, L50, M|\n|poke|p2|Tsareena, L50, F|\n|teampreview|4\n|inactive|Battle timer is ON: inactive players will automatically lose when time's up. (requested by conngfan)\nVictoriousDancing rejected open team sheets.\n|\n|t:|1788373065\n|teamsize|p1|4\n|teamsize|p2|4\n|start\n|switch|p1a: Whimsicott|Whimsicott, L50, M, shiny|100/100\n|switch|p1b: Garchomp|Garchomp, L50, F, shiny|100/100\n|switch|p2a: Aerodactyl|Aerodactyl, L50, M|100/100\n|switch|p2b: Kingambit|Kingambit, L50, M|100/100\n|-ability|p2a: Aerodactyl|Unnerve\n|turn|1\n|\n|t:|1788373076\n|detailschange|p2a: Aerodactyl|Aerodactyl-Mega, L50, M\n|-mega|p2a: Aerodactyl|Aerodactyl|Aerodactylite\n|move|p1a: Whimsicott|Tailwind|p1a: Whimsicott\n|-sidestart|p1: VictoriousDancing|move: Tailwind\n|move|p1b: Garchomp|Rock Slide|p2a: Aerodactyl|[spread] p2a,p2b\n|-supereffective|p2a: Aerodactyl|1\n|-resisted|p2b: Kingambit|1\n|-damage|p2a: Aerodactyl|53/100\n|-damage|p2b: Kingambit|92/100\n|cant|p2a: Aerodactyl|flinch\n|move|p2b: Kingambit|Swords Dance|p2b: Kingambit\n|-boost|p2b: Kingambit|atk|2\n|\n|upkeep\n|turn|2\n|\n|t:|1788373099\n|switch|p2a: Sylveon|Sylveon, L50, M|100/100\n|move|p1a: Whimsicott|Moonblast|p2b: Kingambit\n|-damage|p2b: Kingambit|60/100\n|move|p1b: Garchomp|Rock Slide|p2b: Kingambit|[spread] p2b\n|-miss|p1b: Garchomp|p2a: Sylveon\n|-resisted|p2b: Kingambit|1\n|-damage|p2b: Kingambit|53/100\n|move|p2b: Kingambit|Kowtow Cleave|p1b: Garchomp\n|-damage|p1b: Garchomp|0 fnt\n|-damage|p2b: Kingambit|41/100|[from] ability: Rough Skin|[of] p1b: Garchomp\n|faint|p1b: Garchomp\n|-damage|p2b: Kingambit|31/100|[from] item: Life Orb\n|\n|upkeep\n|\n|t:|1788373099\n|switch|p1b: Charizard|Charizard, L50, M, shiny|100/100\n|turn|3\n|\n|t:|1788373112\n|detailschange|p1b: Charizard|Charizard-Mega-Y, L50, M, shiny\n|-mega|p1b: Charizard|Charizard|Charizardite Y\n|-weather|SunnyDay|[from] ability: Drought|[of] p1b: Charizard\n|move|p2b: Kingambit|Sucker Punch|p1b: Charizard\n|-damage|p1b: Charizard|0 fnt\n|faint|p1b: Charizard\n|-damage|p2b: Kingambit|22/100|[from] item: Life Orb\n|move|p1a: Whimsicott|Moonblast|p2a: Sylveon\n|-damage|p2a: Sylveon|73/100\n|move|p2a: Sylveon|Yawn|p1a: Whimsicott\n|-start|p1a: Whimsicott|move: Yawn|[of] p2a: Sylveon\n|\n|-weather|SunnyDay|[upkeep]\n|upkeep\n|\n|t:|1788373112\n|switch|p1b: Basculegion|Basculegion, L50, M, shiny|100/100\n|turn|4\n|\n|t:|1788373124\n|move|p2b: Kingambit|Sucker Punch|p1b: Basculegion\n|-supereffective|p1b: Basculegion|1\n|-damage|p1b: Basculegion|0 fnt\n|faint|p1b: Basculegion\n|-damage|p2b: Kingambit|12/100|[from] item: Life Orb\n|move|p1a: Whimsicott|Moonblast|p2b: Kingambit\n|-damage|p2b: Kingambit|0 fnt\n|faint|p2b: Kingambit\n|move|p2a: Sylveon|Hyper Voice|p1a: Whimsicott\n|-damage|p1a: Whimsicott|4/100\n|\n|-weather|SunnyDay|[upkeep]\n|-end|p1a: Whimsicott|move: Yawn|[silent]\n|-status|p1a: Whimsicott|slp\n|-sideend|p1: VictoriousDancing|move: Tailwind\n|upkeep\n|\n|t:|1788373127\n|switch|p2b: Tsareena|Tsareena, L50, F|100/100\n|turn|5\n|\n|t:|1788373131\n|cant|p1a: Whimsicott|slp\n|move|p2b: Tsareena|Low Kick|p1a: Whimsicott\n|-resisted|p1a: Whimsicott|1\n|-damage|p1a: Whimsicott|0 fnt\n|faint|p1a: Whimsicott\n|\n|win|conngfan\n|raw|VictoriousDancing's rating: 1558 &rarr; <strong>1539</strong><br />(-19 for losing)\n|raw|conngfan's rating: 1574 &rarr; <strong>1593</strong><br />(+19 for winning)\n","uploadtime":1788373131,"views":"0","formatid":"gen9championsvgc2026regmb","rating":1539,"private":0,"password":null}