{"id":"gen9championsvgc2026regmb-2674011459","format":"[Gen 9 Champions] VGC 2026 Reg M-B","players":["Yoghurt25","ezequielrojo02"],"log":"|j|☆Yoghurt25\n|j|☆ezequielrojo02\n|t:|1788287979\n|gametype|doubles\n|player|p1|Yoghurt25|2|1368\n|player|p2|ezequielrojo02|palmer|1381\n|gen|9\n|tier|[Gen 9 Champions] VGC 2026 Reg M-B\n|rated|\n|rule|Species Clause: Limit one of each Pokémon\n|rule|Item Clause: Limit 1 of each item\n|clearpoke\n|poke|p1|Sinistcha, L50|\n|poke|p1|Incineroar, L50, F|\n|poke|p1|Blaziken, L50, F|\n|poke|p1|Ninetales-Alola, L50, F|\n|poke|p1|Mawile, L50, M|\n|poke|p1|Basculegion, L50, M|\n|poke|p2|Sinistcha, L50|\n|poke|p2|Rotom-Wash, L50|\n|poke|p2|Gardevoir, L50, M|\n|poke|p2|Talonflame, L50, M|\n|poke|p2|Garchomp, L50, M|\n|poke|p2|Scizor, L50, M|\n|teampreview|4\nYoghurt25 has agreed to open team sheets.\n|inactive|Battle timer is ON: inactive players will automatically lose when time's up. (requested by ezequielrojo02)\n|\n|t:|1788288017\n|teamsize|p1|4\n|teamsize|p2|4\n|start\n|switch|p1a: Sinistcha|Sinistcha, L50|100/100\n|switch|p1b: Mawile|Mawile, L50, M|100/100\n|switch|p2a: Gardevoir|Gardevoir, L50, M|100/100\n|switch|p2b: Rotom|Rotom-Wash, L50|100/100\n|-ability|p2a: Gardevoir|Hyper Cutter|Trace|[from] ability: Trace|[of] p1b: Mawile\n|turn|1\n|\n|t:|1788288037\n|switch|p2a: Talonflame|Talonflame, L50, M|100/100\n|switch|p1a: Incineroar|Incineroar, L50, F|100/100\n|-ability|p1a: Incineroar|Intimidate|boost\n|-unboost|p2a: Talonflame|atk|1\n|-unboost|p2b: Rotom|atk|1\n|detailschange|p1b: Mawile|Mawile-Mega, L50, M\n|-mega|p1b: Mawile|Mawile|Mawilite\n|move|p2b: Rotom|Trick|p1a: Incineroar\n|-activate|p2b: Rotom|move: Trick|[of] p1a: Incineroar\n|-item|p1a: Incineroar|Choice Scarf|[from] move: Trick\n|-item|p2b: Rotom|Sitrus Berry|[from] move: Trick\n|move|p1b: Mawile|Iron Head|p2a: Talonflame\n|-resisted|p2a: Talonflame|1\n|-damage|p2a: Talonflame|34/100\n|\n|upkeep\n|turn|2\n|\n|t:|1788288058\n|move|p1a: Incineroar|Fake Out|p2a: Talonflame\n|-damage|p2a: Talonflame|18/100\n|cant|p2a: Talonflame|flinch\n|move|p2b: Rotom|Hydro Pump|p1a: Incineroar\n|-supereffective|p1a: Incineroar|1\n|-damage|p1a: Incineroar|22/100\n|move|p1b: Mawile|Play Rough|p2b: Rotom\n|-damage|p2b: Rotom|0 fnt\n|faint|p2b: Rotom\n|\n|upkeep\n|\n|t:|1788288070\n|switch|p2b: Garchomp|Garchomp, L50, M|100/100\n|turn|3\n|\n|t:|1788288082\n|move|p1b: Mawile|Protect|p1b: Mawile\n|-singleturn|p1b: Mawile|Protect\n|move|p2a: Talonflame|Flare Blitz|p1b: Mawile\n|-activate|p1b: Mawile|move: Protect\n|move|p2b: Garchomp|Earthquake|p1a: Incineroar|[spread] p1a\n|-activate|p1b: Mawile|move: Protect\n|-immune|p2a: Talonflame\n|-supereffective|p1a: Incineroar|1\n|-damage|p1a: Incineroar|0 fnt\n|faint|p1a: Incineroar\n|-damage|p2b: Garchomp|90/100|[from] item: Life Orb\n|\n|upkeep\n|\n|t:|1788288097\n|switch|p1a: Basculegion|Basculegion, L50, M|100/100\n|turn|4\n|\n|t:|1788288102\n|switch|p1b: Sinistcha|Sinistcha, L50|100/100\n|move|p1a: Basculegion|Aqua Jet|p2a: Talonflame\n|-supereffective|p2a: Talonflame|1\n|-damage|p2a: Talonflame|0 fnt\n|faint|p2a: Talonflame\n|-damage|p1a: Basculegion|90/100|[from] item: Life Orb\n|move|p2b: Garchomp|Earthquake|p1a: Basculegion|[spread] p1a,p1b\n|-resisted|p1b: Sinistcha|1\n|-damage|p1a: Basculegion|35/100\n|-damage|p1b: Sinistcha|79/100\n|-damage|p2b: Garchomp|80/100|[from] item: Life Orb\n|\n|upkeep\n|\n|t:|1788288107\n|switch|p2a: Gardevoir|Gardevoir, L50, M|100/100\n|-ability|p2a: Gardevoir|Hospitality|Trace|[from] ability: Trace|[of] p1b: Sinistcha\n|-heal|p2b: Garchomp|100/100|[from] ability: Hospitality|[of] p2a: Gardevoir\n|turn|5\n|\n|t:|1788288125\n|detailschange|p2a: Gardevoir|Gardevoir-Mega, L50, M\n|-mega|p2a: Gardevoir|Gardevoir|Gardevoirite\n|move|p2b: Garchomp|Earthquake|p1b: Sinistcha|[spread] p2a,p1a,p1b\n|-resisted|p1b: Sinistcha|1\n|-damage|p2a: Gardevoir|22/100\n|-damage|p1a: Basculegion|0 fnt\n|-damage|p1b: Sinistcha|58/100\n|faint|p1a: Basculegion\n|-damage|p2b: Garchomp|90/100|[from] item: Life Orb\n|move|p2a: Gardevoir|Hyper Voice|p1b: Sinistcha\n|-damage|p1b: Sinistcha|0 fnt\n|faint|p1b: Sinistcha\n|\n|upkeep\n|\n|t:|1788288137\n|switch|p1a: Mawile|Mawile-Mega, L50, M|100/100\n|turn|6\n|\n|t:|1788288146\n|move|p2b: Garchomp|Earthquake|p1a: Mawile|[spread] p2a,p1a\n|-supereffective|p1a: Mawile|1\n|-damage|p2a: Gardevoir|0 fnt\n|-damage|p1a: Mawile|5/100\n|faint|p2a: Gardevoir\n|-damage|p2b: Garchomp|80/100|[from] item: Life Orb\n|move|p1a: Mawile|Play Rough|p2b: Garchomp\n|-supereffective|p2b: Garchomp|1\n|-damage|p2b: Garchomp|0 fnt\n|-damage|p1a: Mawile|0 fnt|[from] ability: Rough Skin|[of] p2b: Garchomp\n|faint|p2b: Garchomp\n|faint|p1a: Mawile\n|\n|win|Yoghurt25\n|raw|Yoghurt25's rating: 1368 &rarr; <strong>1389</strong><br />(+21 for winning)\n|raw|ezequielrojo02's rating: 1381 &rarr; <strong>1360</strong><br />(-21 for losing)\n|l|☆ezequielrojo02\n|player|p2|\n","uploadtime":1788288159,"views":"0","formatid":"gen9championsvgc2026regmb","rating":1360,"private":0,"password":null}