{"id":"gen9championsvgc2026regmbbo3-2674814969","format":"[Gen 9 Champions] VGC 2026 Reg M-B (Bo3)","players":["Goldenstarzz","That_Leek"],"log":"|j|☆Goldenstarzz\n|j|☆That_Leek\n|html|<table width=\"100%\"><tr><td align=\"left\">Goldenstarzz</td><td align=\"right\">That_Leek</tr><tr><td align=\"left\"><i class=\"fa fa-circle-o\"></i> <i class=\"fa fa-circle-o\"></i> </td><td align=\"right\"><i class=\"fa fa-circle-o\"></i> <i class=\"fa fa-circle\"></i> </tr></table>\n|uhtml|bestof|<h2><strong>Game 2</strong> of <a href=\"/game-bestof3-gen9championsvgc2026regmbbo3-2674814238\">a best-of-3</a></h2>\n|t:|1788412369\n|gametype|doubles\n|player|p1|Goldenstarzz|benga|1121\n|player|p2|That_Leek|blue-masters|1262\n|gen|9\n|tier|[Gen 9 Champions] VGC 2026 Reg M-B (Bo3)\n|rated|\n|rule|Species Clause: Limit one of each Pokémon\n|rule|Item Clause: Limit 1 of each item\n|clearpoke\n|poke|p1|Rotom-Wash, L50|\n|poke|p1|Scrafty, L50, F|\n|poke|p1|Tinkaton, L50, F|\n|poke|p1|Slowbro-Galar, L50, M|\n|poke|p1|Mawile, L50, F|\n|poke|p1|Grimmsnarl, L50, M|\n|poke|p2|Raichu, L50, M|\n|poke|p2|Kingambit, L50, M|\n|poke|p2|Dragonite, L50, F|\n|poke|p2|Ninetales-Alola, L50, F|\n|poke|p2|Sylveon, L50, M|\n|poke|p2|Incineroar, L50, M|\n|teampreview|4\n|showteam|p1|Rotom-Wash||SitrusBerry|Levitate|WillOWisp,VoltSwitch,ThunderWave,HydroPump|Sassy|||||50|]Scrafty||Scraftinite|Intimidate|DragonDance,DrainPunch,KnockOff,RockSlide|Adamant||F|||50|]Tinkaton||MetalCoat|OwnTempo|GigatonHammer,FakeOut,ThunderWave,PlayRough|Careful||F|||50|]Slowbro-Galar||QuickClaw|QuickDraw|Protect,Flamethrower,SludgeWave,Psychic|Modest||M|||50|]Mawile||Mawilite|Intimidate|IronHead,PlayRough,SuckerPunch,Protect|Adamant||F|||50|]Grimmsnarl||LightClay|Prankster|LightScreen,Reflect,DazzlingGleam,PartingShot|Calm||M|||50|\n|showteam|p2|Raichu||RaichuniteY|LightningRod|FakeOut,ZapCannon,FocusBlast,Protect|Timid||M|||50|]Kingambit||BlackGlasses|Defiant|KowtowCleave,SuckerPunch,Protect,SwordsDance|Adamant||M|||50|]Dragonite||LifeOrb|InnerFocus|DragonClaw,Tailwind,Superpower,Protect|Adamant||F|||50|]Ninetales-Alola||FocusSash|SnowWarning|Blizzard,IcyWind,Protect,FreezeDry|Timid||F|||50|]Sylveon||FairyFeather|Pixilate|HyperVoice,QuickAttack,CalmMind,Detect|Modest||M|||50|]Incineroar||LumBerry|Intimidate|FakeOut,FlareBlitz,PartingShot,ThroatChop|Impish||M|||50|\n|\n|t:|1788412390\n|teamsize|p1|4\n|teamsize|p2|4\n|start\n|switch|p1a: Tinkaton|Tinkaton, L50, F|100/100\n|switch|p1b: Scrafty|Scrafty, L50, F|100/100\n|switch|p2a: Kingambit|Kingambit, L50, M|100/100\n|switch|p2b: Incineroar|Incineroar, L50, M|100/100\n|-ability|p2b: Incineroar|Intimidate|boost\n|-fail|p1a: Tinkaton|unboost|atk|[from] ability: Own Tempo|[of] p1a: Tinkaton\n|-unboost|p1b: Scrafty|atk|1\n|-ability|p1b: Scrafty|Intimidate|boost\n|-unboost|p2a: Kingambit|atk|1\n|-ability|p2a: Kingambit|Defiant|boost\n|-boost|p2a: Kingambit|atk|2\n|-unboost|p2b: Incineroar|atk|1\n|turn|1\n|\n|t:|1788412405\n|move|p2a: Kingambit|Protect|p2a: Kingambit\n|-singleturn|p2a: Kingambit|Protect\n|move|p1a: Tinkaton|Fake Out|p2a: Kingambit\n|-activate|p2a: Kingambit|move: Protect\n|move|p2b: Incineroar|Parting Shot|p1b: Scrafty\n|-unboost|p1b: Scrafty|atk|1\n|-unboost|p1b: Scrafty|spa|1\n|\n|t:|1788412409\n|switch|p2b: Raichu|Raichu, L50, M|100/100|[from] Parting Shot\n|move|p1b: Scrafty|Dragon Dance|p1b: Scrafty\n|-boost|p1b: Scrafty|atk|1\n|-boost|p1b: Scrafty|spe|1\n|\n|upkeep\n|turn|2\n|\n|t:|1788412428\n|switch|p1b: Rotom|Rotom-Wash, L50|100/100\n|move|p2b: Raichu|Fake Out|p1b: Rotom\n|-damage|p1b: Rotom|91/100\n|move|p1a: Tinkaton|Play Rough|p2a: Kingambit\n|-damage|p2a: Kingambit|82/100\n|move|p2a: Kingambit|Swords Dance|p2a: Kingambit\n|-boost|p2a: Kingambit|atk|2\n|\n|upkeep\n|turn|3\n|\n|t:|1788412446\n|switch|p2b: Incineroar|Incineroar, L50, M|100/100\n|-ability|p2b: Incineroar|Intimidate|boost\n|-fail|p1a: Tinkaton|unboost|atk|[from] ability: Own Tempo|[of] p1a: Tinkaton\n|-unboost|p1b: Rotom|atk|1\n|move|p2a: Kingambit|Protect|p2a: Kingambit\n|-singleturn|p2a: Kingambit|Protect\n|move|p1a: Tinkaton|Gigaton Hammer|p2b: Incineroar\n|-resisted|p2b: Incineroar|1\n|-damage|p2b: Incineroar|80/100\n|move|p1b: Rotom|Will-O-Wisp|p2a: Kingambit\n|-activate|p2a: Kingambit|move: Protect\n|\n|upkeep\n|turn|4\n|\n|t:|1788412462\n|move|p2b: Incineroar|Fake Out|p1b: Rotom\n|-damage|p1b: Rotom|80/100\n|move|p1a: Tinkaton|Thunder Wave|p2b: Incineroar\n|-status|p2b: Incineroar|par\n|-enditem|p2b: Incineroar|Lum Berry|[eat]\n|-curestatus|p2b: Incineroar|par|[msg]\n|cant|p1b: Rotom|flinch\n|move|p2a: Kingambit|Kowtow Cleave|p1b: Rotom\n|-damage|p1b: Rotom|0 fnt\n|faint|p1b: Rotom\n|\n|upkeep\n|\n|t:|1788412475\n|switch|p1b: Scrafty|Scrafty, L50, F|100/100\n|-ability|p1b: Scrafty|Intimidate|boost\n|-unboost|p2a: Kingambit|atk|1\n|-ability|p2a: Kingambit|Defiant|boost\n|-boost|p2a: Kingambit|atk|2\n|-unboost|p2b: Incineroar|atk|1\n|turn|5\n|\n|t:|1788412490\n|detailschange|p1b: Scrafty|Scrafty-Mega, L50, F\n|-mega|p1b: Scrafty|Scrafty|Scraftinite\n|-ability|p1b: Scrafty|Intimidate|boost\n|-unboost|p2a: Kingambit|atk|1\n|-ability|p2a: Kingambit|Defiant|boost\n|-boost|p2a: Kingambit|atk|2\n|-unboost|p2b: Incineroar|atk|1\n|move|p2a: Kingambit|Protect|p2a: Kingambit\n|-singleturn|p2a: Kingambit|Protect\n|move|p1a: Tinkaton|Thunder Wave|p2b: Incineroar\n|-status|p2b: Incineroar|par\n|move|p1b: Scrafty|Knock Off|p2b: Incineroar\n|-resisted|p2b: Incineroar|1\n|-damage|p2b: Incineroar|65/100 par\n|move|p2b: Incineroar|Parting Shot|p1b: Scrafty\n|-unboost|p1b: Scrafty|atk|1\n|-unboost|p1b: Scrafty|spa|1\n|\n|t:|1788412493\n|switch|p2b: Raichu|Raichu, L50, M|100/100|[from] Parting Shot\n|\n|upkeep\n|turn|6\n|-message|Goldenstarzz forfeited.\n|raw|Goldenstarzz's rating: 1121 &rarr; <strong>1106</strong><br />(-15 for losing)\n|raw|That_Leek's rating: 1262 &rarr; <strong>1277</strong><br />(+15 for winning)\n|\n|win|That_Leek\n","uploadtime":1788412513,"views":"0","formatid":"gen9championsvgc2026regmbbo3","rating":1106,"private":0,"password":null}