{"id":"gen9championsvgc2026regmb-2674759331","format":"[Gen 9 Champions] VGC 2026 Reg M-B","players":["echoes630","rallpalacios12"],"log":"|j|☆echoes630\n|j|☆rallpalacios12\n|t:|1788401747\n|gametype|doubles\n|player|p1|echoes630|1|1352\n|player|p2|rallpalacios12|101|1338\n|gen|9\n|tier|[Gen 9 Champions] VGC 2026 Reg M-B\n|rated|\n|rule|Species Clause: Limit one of each Pokémon\n|rule|Item Clause: Limit 1 of each item\n|clearpoke\n|poke|p1|Sinistcha, L50|\n|poke|p1|Floette-Eternal, L50, F|\n|poke|p1|Garchomp, L50, M|\n|poke|p1|Incineroar, L50, F|\n|poke|p1|Basculegion, L50, M|\n|poke|p1|Delphox, L50, F|\n|poke|p2|Delphox, L50, F|\n|poke|p2|Blastoise, L50, F|\n|poke|p2|Sneasler, L50, M|\n|poke|p2|Incineroar, L50, M|\n|poke|p2|Sinistcha, L50|\n|poke|p2|Maushold-Four, L50|\n|teampreview|4\n|inactive|Battle timer is ON: inactive players will automatically lose when time's up. (requested by rallpalacios12)\n|inactive|rallpalacios12 has 60 seconds left.\n|\n|t:|1788401781\n|teamsize|p1|4\n|teamsize|p2|4\n|start\n|switch|p1a: Sinistcha|Sinistcha, L50|100/100\n|switch|p1b: Floette|Floette-Eternal, L50, F|100/100\n|switch|p2a: Sneasler|Sneasler, L50, M|100/100\n|switch|p2b: Incineroar|Incineroar, L50, M|100/100\n|-ability|p2b: Incineroar|Intimidate|boost\n|-block|p1a: Sinistcha|ability: Flower Veil|[of] p1b: Floette\n|-unboost|p1b: Floette|atk|1\n|turn|1\n|inactive|rallpalacios12 has 30 seconds left.\n|\n|t:|1788401808\n|switch|p1b: Garchomp|Garchomp, L50, M|100/100\n|move|p1a: Sinistcha|Protect|p1a: Sinistcha\n|-singleturn|p1a: Sinistcha|Protect\n|move|p2a: Sneasler|Gunk Shot|p1b: Garchomp\n|-resisted|p1b: Garchomp|1\n|-damage|p1b: Garchomp|76/100\n|move|p2b: Incineroar|Throat Chop|p1a: Sinistcha\n|-activate|p1a: Sinistcha|move: Protect\n|\n|upkeep\n|turn|2\n|\n|t:|1788401827\n|switch|p2a: Sinistcha|Sinistcha, L50|100/100\n|move|p1b: Garchomp|Earthquake|p2a: Sinistcha|[spread] p1a,p2a,p2b\n|-resisted|p1a: Sinistcha|1\n|-resisted|p2a: Sinistcha|1\n|-supereffective|p2b: Incineroar|1\n|-damage|p1a: Sinistcha|84/100\n|-damage|p2a: Sinistcha|83/100\n|-damage|p2b: Incineroar|39/100\n|-enditem|p2b: Incineroar|Sitrus Berry|[eat]\n|-heal|p2b: Incineroar|64/100|[from] item: Sitrus Berry\n|move|p2b: Incineroar|Parting Shot|p1b: Garchomp\n|-unboost|p1b: Garchomp|atk|1\n|-unboost|p1b: Garchomp|spa|1\n|\n|t:|1788401838\n|switch|p2b: Sneasler|Sneasler, L50, M|100/100|[from] Parting Shot\n|move|p1a: Sinistcha|Matcha Gotcha|p2b: Sneasler|[spread] \n|-miss|p1a: Sinistcha|p2a: Sinistcha\n|-miss|p1a: Sinistcha|p2b: Sneasler\n|\n|upkeep\n|turn|3\n|\n|t:|1788401852\n|move|p1b: Garchomp|Earthquake|p2a: Sinistcha|[spread] p1a,p2a,p2b\n|-resisted|p1a: Sinistcha|1\n|-resisted|p2a: Sinistcha|1\n|-supereffective|p2b: Sneasler|1\n|-damage|p1a: Sinistcha|74/100\n|-damage|p2a: Sinistcha|71/100\n|-damage|p2b: Sneasler|28/100\n|move|p2b: Sneasler|Close Combat|p1b: Garchomp\n|-damage|p1b: Garchomp|28/100\n|-unboost|p2b: Sneasler|def|1\n|-unboost|p2b: Sneasler|spd|1\n|-damage|p2b: Sneasler|15/100|[from] ability: Rough Skin|[of] p1b: Garchomp\n|-enditem|p2b: Sneasler|White Herb\n|-clearnegativeboost|p2b: Sneasler|[silent]\n|move|p2a: Sinistcha|Matcha Gotcha|p1b: Garchomp|[spread] p1a,p1b\n|-resisted|p1a: Sinistcha|1\n|-damage|p1a: Sinistcha|63/100\n|-heal|p2a: Sinistcha|76/100|[from] drain|[of] p1a: Sinistcha\n|-damage|p1b: Garchomp|1/100\n|-heal|p2a: Sinistcha|91/100|[from] drain|[of] p1b: Garchomp\n|move|p1a: Sinistcha|Matcha Gotcha|p2b: Sneasler|[spread] p2b\n|-miss|p1a: Sinistcha|p2a: Sinistcha\n|-resisted|p2b: Sneasler|1\n|-damage|p2b: Sneasler|1/100\n|-heal|p1a: Sinistcha|71/100|[from] drain|[of] p2b: Sneasler\n|\n|upkeep\n|turn|4\n|inactive|echoes630 has 30 seconds left.\n|inactive|rallpalacios12 has 30 seconds left.\n|inactive|rallpalacios12 has 20 seconds left.\n|\n|t:|1788401888\n|switch|p1b: Incineroar|Incineroar, L50, F|100/100\n|-ability|p1b: Incineroar|Intimidate|boost\n|-unboost|p2a: Sinistcha|atk|1\n|-unboost|p2b: Sneasler|atk|1\n|move|p2b: Sneasler|Gunk Shot|p1a: Sinistcha\n|-damage|p1a: Sinistcha|42/100\n|move|p2a: Sinistcha|Matcha Gotcha|p1b: Incineroar|[spread] p1a,p1b\n|-resisted|p1a: Sinistcha|1\n|-resisted|p1b: Incineroar|1\n|-damage|p1a: Sinistcha|30/100\n|-heal|p2a: Sinistcha|97/100|[from] drain|[of] p1a: Sinistcha\n|-damage|p1b: Incineroar|88/100\n|-heal|p2a: Sinistcha|100/100|[from] drain|[of] p1b: Incineroar\n|move|p1a: Sinistcha|Trick Room|p1a: Sinistcha\n|-fieldstart|move: Trick Room|[of] p1a: Sinistcha\n|\n|upkeep\n|turn|5\n|\n|t:|1788401900\n|switch|p2b: Incineroar|Incineroar, L50, M|64/100\n|-ability|p2b: Incineroar|Intimidate|boost\n|-unboost|p1a: Sinistcha|atk|1\n|-unboost|p1b: Incineroar|atk|1\n|move|p1b: Incineroar|Flare Blitz|p2a: Sinistcha\n|-supereffective|p2a: Sinistcha|1\n|-damage|p2a: Sinistcha|48/100\n|-damage|p1b: Incineroar|73/100|[from] Recoil\n|move|p1a: Sinistcha|Matcha Gotcha|p2b: Incineroar|[spread] p2a,p2b\n|-resisted|p2a: Sinistcha|1\n|-resisted|p2b: Incineroar|1\n|-damage|p2a: Sinistcha|35/100\n|-heal|p1a: Sinistcha|37/100|[from] drain|[of] p2a: Sinistcha\n|-damage|p2b: Incineroar|51/100\n|-heal|p1a: Sinistcha|44/100|[from] drain|[of] p2b: Incineroar\n|move|p2a: Sinistcha|Matcha Gotcha|p1a: Sinistcha|[spread] p1a,p1b\n|-resisted|p1a: Sinistcha|1\n|-resisted|p1b: Incineroar|1\n|-damage|p1a: Sinistcha|32/100\n|-heal|p2a: Sinistcha|41/100|[from] drain|[of] p1a: Sinistcha\n|-damage|p1b: Incineroar|62/100\n|-heal|p2a: Sinistcha|47/100|[from] drain|[of] p1b: Incineroar\n|\n|upkeep\n|turn|6\n|inactive|rallpalacios12 has 30 seconds left.\n|\n|t:|1788401929\n|switch|p1b: Garchomp|Garchomp, L50, M|1/100\n|move|p1a: Sinistcha|Protect|p1a: Sinistcha\n|-singleturn|p1a: Sinistcha|Protect\n|move|p2b: Incineroar|Fake Out|p1b: Garchomp\n|-damage|p1b: Garchomp|0 fnt\n|-damage|p2b: Incineroar|38/100|[from] ability: Rough Skin|[of] p1b: Garchomp\n|faint|p1b: Garchomp\n|move|p2a: Sinistcha|Life Dew|p2a: Sinistcha|[spread] p2a,p2b\n|-heal|p2a: Sinistcha|73/100\n|-heal|p2b: Incineroar|63/100\n|\n|upkeep\n|\n|t:|1788401938\n|switch|p1b: Floette|Floette-Eternal, L50, F|100/100\n|turn|7\n|\n|t:|1788401951\n|switch|p1a: Incineroar|Incineroar, L50, F|62/100\n|-ability|p1a: Incineroar|Intimidate|boost\n|-unboost|p2a: Sinistcha|atk|1\n|-unboost|p2b: Incineroar|atk|1\n|detailschange|p1b: Floette|Floette-Mega, L50, F\n|-mega|p1b: Floette|Floette|Floettite\n|-ability|p1b: Floette|Fairy Aura\n|move|p2a: Sinistcha|Life Dew|p2a: Sinistcha|[spread] p2a,p2b\n|-heal|p2a: Sinistcha|98/100\n|-heal|p2b: Incineroar|88/100\n|move|p2b: Incineroar|Parting Shot|p1b: Floette\n|-unboost|p1b: Floette|atk|1\n|-unboost|p1b: Floette|spa|1\n|\n|t:|1788401964\n|switch|p2b: Sneasler|Sneasler, L50, M|1/100|[from] Parting Shot\n|move|p1b: Floette|Calm Mind|p1b: Floette\n|-boost|p1b: Floette|spa|1\n|-boost|p1b: Floette|spd|1\n|\n|upkeep\n|turn|8\n|\n|t:|1788401980\n|move|p2b: Sneasler|Fake Out|p1a: Incineroar\n|-crit|p1a: Incineroar\n|-damage|p1a: Incineroar|48/100\n|-enditem|p1a: Incineroar|Sitrus Berry|[eat]\n|-heal|p1a: Incineroar|73/100|[from] item: Sitrus Berry\n|cant|p1a: Incineroar|flinch\n|move|p2a: Sinistcha|Matcha Gotcha|p1b: Floette|[spread] p1b\n|-miss|p2a: Sinistcha|p1a: Incineroar\n|-crit|p1b: Floette\n|-damage|p1b: Floette|68/100\n|-heal|p2a: Sinistcha|100/100|[from] drain|[of] p1b: Floette\n|move|p1b: Floette|Calm Mind|p1b: Floette\n|-boost|p1b: Floette|spa|1\n|-boost|p1b: Floette|spd|1\n|\n|-fieldend|move: Trick Room\n|upkeep\n|turn|9\n|\n|t:|1788402003\n|move|p1b: Floette|Protect|p1b: Floette\n|-singleturn|p1b: Floette|Protect\n|move|p2b: Sneasler|Close Combat|p1a: Incineroar\n|-supereffective|p1a: Incineroar|1\n|-damage|p1a: Incineroar|0 fnt\n|-unboost|p2b: Sneasler|def|1\n|-unboost|p2b: Sneasler|spd|1\n|faint|p1a: Incineroar\n|move|p2a: Sinistcha|Matcha Gotcha|p1b: Floette\n|-activate|p1b: Floette|move: Protect\n|\n|upkeep\n|\n|t:|1788402008\n|switch|p1a: Sinistcha|Sinistcha, L50|32/100\n|-heal|p1b: Floette|93/100|[from] ability: Hospitality|[of] p1a: Sinistcha\n|turn|10\n|\n|t:|1788402022\n|move|p1a: Sinistcha|Rage Powder|p1a: Sinistcha\n|-singleturn|p1a: Sinistcha|move: Rage Powder\n|move|p2b: Sneasler|Gunk Shot|p1a: Sinistcha\n|-damage|p1a: Sinistcha|0 fnt\n|faint|p1a: Sinistcha\n|move|p1b: Floette|Dazzling Gleam|p2b: Sneasler|[spread] p2a,p2b\n|-damage|p2a: Sinistcha|22/100\n|-damage|p2b: Sneasler|0 fnt\n|faint|p2b: Sneasler\n|move|p2a: Sinistcha|Matcha Gotcha|p1b: Floette\n|-damage|p1b: Floette|77/100\n|-heal|p2a: Sinistcha|29/100|[from] drain|[of] p1b: Floette\n|\n|upkeep\n|\n|t:|1788402034\n|switch|p2b: Incineroar|Incineroar, L50, M|88/100\n|-ability|p2b: Incineroar|Intimidate|boost\n|-unboost|p1b: Floette|atk|1\n|turn|11\n|\n|t:|1788402044\n|switch|p2a: Blastoise|Blastoise, L50, F|100/100\n|move|p1b: Floette|Protect|p1b: Floette\n|-singleturn|p1b: Floette|Protect\n|move|p2b: Incineroar|Fake Out|p1b: Floette\n|-activate|p1b: Floette|move: Protect\n|\n|upkeep\n|turn|12\n|\n|t:|1788402053\n|switch|p2a: Sinistcha|Sinistcha, L50|29/100\n|-heal|p2b: Incineroar|100/100|[from] ability: Hospitality|[of] p2a: Sinistcha\n|move|p1b: Floette|Dazzling Gleam|p2b: Incineroar|[spread] p2a,p2b\n|-damage|p2a: Sinistcha|0 fnt\n|-damage|p2b: Incineroar|33/100\n|faint|p2a: Sinistcha\n|move|p2b: Incineroar|Parting Shot|p1b: Floette\n|-unboost|p1b: Floette|atk|1\n|-unboost|p1b: Floette|spa|1\n|\n|t:|1788402063\n|switch|p2b: Blastoise|Blastoise, L50, F|100/100|[from] Parting Shot\n|\n|upkeep\n|\n|t:|1788402066\n|switch|p2a: Incineroar|Incineroar, L50, M|33/100\n|-ability|p2a: Incineroar|Intimidate|boost\n|-unboost|p1b: Floette|atk|1\n|turn|13\n|\n|t:|1788402075\n|detailschange|p2b: Blastoise|Blastoise-Mega, L50, F\n|-mega|p2b: Blastoise|Blastoise|Blastoisinite\n|move|p1b: Floette|Protect|p1b: Floette\n|-singleturn|p1b: Floette|Protect\n|move|p2a: Incineroar|Fake Out|p1b: Floette\n|-activate|p1b: Floette|move: Protect\n|move|p2b: Blastoise|Shell Smash|p2b: Blastoise\n|-unboost|p2b: Blastoise|def|1\n|-unboost|p2b: Blastoise|spd|1\n|-boost|p2b: Blastoise|atk|2\n|-boost|p2b: Blastoise|spa|2\n|-boost|p2b: Blastoise|spe|2\n|\n|upkeep\n|turn|14\n|\n|t:|1788402096\n|move|p2b: Blastoise|Protect|p2b: Blastoise\n|-singleturn|p2b: Blastoise|Protect\n|move|p1b: Floette|Dazzling Gleam|p2a: Incineroar|[spread] p2a\n|-activate|p2b: Blastoise|move: Protect\n|-damage|p2a: Incineroar|0 fnt\n|faint|p2a: Incineroar\n|\n|upkeep\n|turn|15\n|\n|t:|1788402104\n|move|p2b: Blastoise|Water Spout|p1b: Floette\n|-damage|p1b: Floette|6/100\n|move|p1b: Floette|Moonblast|p2b: Blastoise\n|-damage|p2b: Blastoise|0 fnt\n|faint|p2b: Blastoise\n|\n|win|echoes630\n|raw|echoes630's rating: 1352 &rarr; <strong>1371</strong><br />(+19 for winning)\n|raw|rallpalacios12's rating: 1338 &rarr; <strong>1319</strong><br />(-19 for losing)\n","uploadtime":1788402105,"views":"0","formatid":"gen9championsvgc2026regmb","rating":1319,"private":0,"password":null}