{"id":"gen9championsvgc2026regmbbo3-2673976998","format":"[Gen 9 Champions] VGC 2026 Reg M-B (Bo3)","players":["KingZeusVGC","Pawah"],"log":"|j|☆KingZeusVGC\n|j|☆Pawah\n|html|<table width=\"100%\"><tr><td align=\"left\">KingZeusVGC</td><td align=\"right\">Pawah</tr><tr><td align=\"left\"><i class=\"fa fa-circle-o\"></i> <i class=\"fa fa-circle-o\"></i> </td><td align=\"right\"><i class=\"fa fa-circle-o\"></i> <i class=\"fa fa-circle\"></i> </tr></table>\n|uhtml|bestof|<h2><strong>Game 2</strong> of <a href=\"/game-bestof3-gen9championsvgc2026regmbbo3-2673974522\">a best-of-3</a></h2>\n|t:|1788283998\n|gametype|doubles\n|player|p1|KingZeusVGC|blackbelt-gen4dp|1161\n|player|p2|Pawah|ethan|1234\n|gen|9\n|tier|[Gen 9 Champions] VGC 2026 Reg M-B (Bo3)\n|rated|\n|rule|Species Clause: Limit one of each Pokémon\n|rule|Item Clause: Limit 1 of each item\n|clearpoke\n|poke|p1|Farigiraf, L50, F|\n|poke|p1|Rhyperior, L50, F|\n|poke|p1|Blastoise, L50, M|\n|poke|p1|Hatterene, L50, F|\n|poke|p1|Pelipper, L50, F|\n|poke|p1|Kingambit, L50, M|\n|poke|p2|Froslass, L50, F|\n|poke|p2|Scovillain, L50, M, shiny|\n|poke|p2|Basculegion, L50, M|\n|poke|p2|Kingambit, L50, M|\n|poke|p2|Sneasler, L50, F|\n|poke|p2|Lycanroc-Dusk, L50, M|\n|teampreview|4\n|showteam|p1|Farigiraf||ColburBerry|ArmorTail|TrickRoom,Thunderbolt,TwinBeam,LightScreen|Relaxed||F|||50|]Rhyperior||LifeOrb|LightningRod|Protect,RockSlide,HighHorsepower,PoisonJab|Brave||F|||50|]Blastoise||Blastoisinite|RainDish|WaterSpout,FakeOut,DarkPulse,AuraSphere|Quiet||M|||50|]Hatterene||FocusSash|MagicBounce|TrickRoom,Psychic,DazzlingGleam,Protect|Quiet||F|||50|]Pelipper||SitrusBerry|Drizzle|Hurricane,WeatherBall,KnockOff,WideGuard|Quiet||F|||50|]Kingambit||ExpertBelt|Defiant|LowKick,KowtowCleave,IronHead,Protect|Brave||M|||50|\n|showteam|p2|Froslass||Froslassite|CursedBody|Blizzard,ShadowBall,AuroraVeil,Protect|Modest||F|||50|]Scovillain||Scovillainite|Moody|GigaDrain,Overheat,RagePowder,Protect|Bold||M|||50|]Basculegion||SitrusBerry|Adaptability|WaveCrash,LastRespects,AquaJet,Protect|Adamant||M|||50|]Kingambit||BlackGlasses|Defiant|KowtowCleave,SuckerPunch,SwordsDance,Protect|Adamant||M|||50|]Sneasler||WhiteHerb|Unburden|CloseCombat,GunkShot,Protect,FakeOut|Adamant||F|||50|]Lycanroc-Dusk||FocusSash|ToughClaws|CloseCombat,Accelerock,RockSlide,Protect|Adamant||M|||50|\n|inactive|Battle timer is ON: inactive players will automatically lose when time's up. (requested by Pawah)\n|inactive|KingZeusVGC has 60 seconds left.\n|\n|t:|1788284043\n|teamsize|p1|4\n|teamsize|p2|4\n|start\n|switch|p1a: Blastoise|Blastoise, L50, M|100/100\n|switch|p1b: Hatterene|Hatterene, L50, F|100/100\n|switch|p2a: Scovillain|Scovillain, L50, M, shiny|100/100\n|switch|p2b: Kingambit|Kingambit, L50, M|100/100\n|turn|1\n|\n|t:|1788284058\n|detailschange|p1a: Blastoise|Blastoise-Mega, L50, M\n|-mega|p1a: Blastoise|Blastoise|Blastoisinite\n|move|p2b: Kingambit|Protect|p2b: Kingambit\n|-singleturn|p2b: Kingambit|Protect\n|move|p2a: Scovillain|Giga Drain|p1a: Blastoise\n|-supereffective|p1a: Blastoise|1\n|-damage|p1a: Blastoise|50/100g\n|move|p1a: Blastoise|Water Spout|p2a: Scovillain|[spread] p2a\n|-activate|p2b: Kingambit|move: Protect\n|-damage|p2a: Scovillain|54/100\n|move|p1b: Hatterene|Trick Room|p1b: Hatterene\n|-fieldstart|move: Trick Room|[of] p1b: Hatterene\n|\n|-ability|p2a: Scovillain|Moody|boost\n|-boost|p2a: Scovillain|def|2\n|-unboost|p2a: Scovillain|spa|1\n|upkeep\n|turn|2\n|inactive|KingZeusVGC has 30 seconds left.\n|\n|t:|1788284093\n|move|p1b: Hatterene|Dazzling Gleam|p2b: Kingambit|[spread] p2a,p2b\n|-resisted|p2a: Scovillain|1\n|-damage|p2a: Scovillain|30/100\n|-damage|p2b: Kingambit|66/100\n|move|p2b: Kingambit|Kowtow Cleave|p1a: Blastoise\n|-damage|p1a: Blastoise|0 fnt\n|faint|p1a: Blastoise\n|move|p2a: Scovillain|Giga Drain|p1b: Hatterene\n|-damage|p1b: Hatterene|81/100\n|-heal|p2a: Scovillain|40/100|[from] drain|[of] p1b: Hatterene\n|\n|-ability|p2a: Scovillain|Moody|boost\n|-boost|p2a: Scovillain|atk|2\n|-unboost|p2a: Scovillain|def|1\n|upkeep\n|\n|t:|1788284104\n|switch|p1a: Pelipper|Pelipper, L50, F|100/100\n|-weather|RainDance|[from] ability: Drizzle|[of] p1a: Pelipper\n|turn|3\n|\n|t:|1788284121\n|switch|p2a: Froslass|Froslass, L50, F|100/100\n|move|p1b: Hatterene|Psychic|p2a: Froslass\n|-damage|p2a: Froslass|26/100\n|move|p2b: Kingambit|Kowtow Cleave|p1a: Pelipper\n|-damage|p1a: Pelipper|33/100\n|-enditem|p1a: Pelipper|Sitrus Berry|[eat]\n|-heal|p1a: Pelipper|58/100|[from] item: Sitrus Berry\n|move|p1a: Pelipper|Weather Ball|p2b: Kingambit\n|-damage|p2b: Kingambit|6/100\n|\n|-weather|RainDance|[upkeep]\n|upkeep\n|turn|4\n|\n|t:|1788284145\n|switch|p1a: Farigiraf|Farigiraf, L50, F|100/100\n|detailschange|p2a: Froslass|Froslass-Mega, L50, F\n|-mega|p2a: Froslass|Froslass|Froslassite\n|-weather|Snowscape|[from] ability: Snow Warning|[of] p2a: Froslass\n|move|p2b: Kingambit|Protect|p2b: Kingambit\n|-singleturn|p2b: Kingambit|Protect\n|move|p2a: Froslass|Protect|p2a: Froslass\n|-singleturn|p2a: Froslass|Protect\n|move|p1b: Hatterene|Dazzling Gleam|p2b: Kingambit|[spread] \n|-activate|p2a: Froslass|move: Protect\n|-activate|p2b: Kingambit|move: Protect\n|\n|-weather|Snowscape|[upkeep]\n|upkeep\n|turn|5\n|\n|t:|1788284166\n|switch|p2b: Scovillain|Scovillain, L50, M, shiny|40/100\n|switch|p2a: Basculegion|Basculegion, L50, M|100/100\n|move|p1b: Hatterene|Dazzling Gleam|p2a: Basculegion|[spread] p2a,p2b\n|-resisted|p2b: Scovillain|1\n|-damage|p2a: Basculegion|68/100\n|-damage|p2b: Scovillain|17/100\n|move|p1a: Farigiraf|Light Screen|p1a: Farigiraf\n|-sidestart|p1: KingZeusVGC|move: Light Screen\n|\n|-weather|Snowscape|[upkeep]\n|-fieldend|move: Trick Room\n|-ability|p2b: Scovillain|Moody|boost\n|-boost|p2b: Scovillain|spd|2\n|-unboost|p2b: Scovillain|atk|1\n|upkeep\n|turn|6\n|inactive|KingZeusVGC has 30 seconds left.\n|\n|t:|1788284194\n|move|p1b: Hatterene|Protect|p1b: Hatterene\n|-singleturn|p1b: Hatterene|Protect\n|move|p2b: Scovillain|Giga Drain|p1a: Farigiraf\n|-damage|p1a: Farigiraf|82/100\n|-heal|p2b: Scovillain|29/100|[from] drain|[of] p1a: Farigiraf\n|move|p2a: Basculegion|Wave Crash|p1b: Hatterene\n|-activate|p1b: Hatterene|move: Protect\n|move|p1a: Farigiraf|Trick Room|p1a: Farigiraf\n|-fieldstart|move: Trick Room|[of] p1a: Farigiraf\n|\n|-weather|Snowscape|[upkeep]\n|-ability|p2b: Scovillain|Moody|boost\n|-boost|p2b: Scovillain|def|2\n|-unboost|p2b: Scovillain|spd|1\n|upkeep\n|turn|7\n|\n|t:|1788284219\n|move|p2a: Basculegion|Protect|p2a: Basculegion\n|-singleturn|p2a: Basculegion|Protect\n|move|p1b: Hatterene|Dazzling Gleam|p2a: Basculegion|[spread] p2b\n|-activate|p2a: Basculegion|move: Protect\n|-resisted|p2b: Scovillain|1\n|-damage|p2b: Scovillain|14/100\n|move|p1a: Farigiraf|Thunderbolt|p2a: Basculegion\n|-activate|p2a: Basculegion|move: Protect\n|move|p2b: Scovillain|Giga Drain|p1a: Farigiraf\n|-damage|p1a: Farigiraf|65/100\n|-heal|p2b: Scovillain|26/100|[from] drain|[of] p1a: Farigiraf\n|\n|-weather|Snowscape|[upkeep]\n|-ability|p2b: Scovillain|Moody|boost\n|-boost|p2b: Scovillain|spd|2\n|-unboost|p2b: Scovillain|spa|1\n|upkeep\n|turn|8\n|\n|t:|1788284240\n|switch|p2a: Froslass|Froslass-Mega, L50, F|26/100\n|move|p1b: Hatterene|Psychic|p2b: Scovillain\n|-damage|p2b: Scovillain|0 fnt\n|faint|p2b: Scovillain\n|move|p1a: Farigiraf|Twin Beam|p2a: Froslass\n|-damage|p2a: Froslass|11/100\n|-damage|p2a: Froslass|0 fnt\n|faint|p2a: Froslass\n|-hitcount|p2: Froslass|2\n|\n|-weather|none\n|upkeep\n|\n|t:|1788284249\n|switch|p2b: Kingambit|Kingambit, L50, M|6/100\n|switch|p2a: Basculegion|Basculegion, L50, M|68/100\n|turn|9\n|\n|t:|1788284264\n|move|p2a: Basculegion|Protect|p2a: Basculegion\n|-singleturn|p2a: Basculegion|Protect\n|move|p1b: Hatterene|Dazzling Gleam|p2b: Kingambit|[spread] p2b\n|-activate|p2a: Basculegion|move: Protect\n|-damage|p2b: Kingambit|0 fnt\n|faint|p2b: Kingambit\n|move|p1a: Farigiraf|Thunderbolt|p2a: Basculegion\n|-activate|p2a: Basculegion|move: Protect\n|\n|-sideend|p1: KingZeusVGC|move: Light Screen\n|upkeep\n|turn|10\n|-message|Pawah forfeited.\n|\n|win|KingZeusVGC\n","uploadtime":1788284272,"views":"0","formatid":"gen9championsvgc2026regmbbo3","rating":null,"private":0,"password":null}