{"id":"gen9championsvgc2026regmb-2674818243","format":"[Gen 9 Champions] VGC 2026 Reg M-B","players":["drytron2","Ppplmao"],"log":"|j|☆drytron2\n|j|☆Ppplmao\n|t:|1788413132\n|gametype|doubles\n|player|p1|drytron2|hilbert|1206\n|player|p2|Ppplmao|skier|1254\n|gen|9\n|tier|[Gen 9 Champions] VGC 2026 Reg M-B\n|rated|\n|rule|Species Clause: Limit one of each Pokémon\n|rule|Item Clause: Limit 1 of each item\n|clearpoke\n|poke|p1|Whimsicott, L50, F|\n|poke|p1|Garchomp, L50, M|\n|poke|p1|Basculegion, L50, M|\n|poke|p1|Kingambit, L50, F|\n|poke|p1|Floette-Eternal, L50, F|\n|poke|p1|Charizard, L50, F|\n|poke|p2|Annihilape, L50, F|\n|poke|p2|Whimsicott, L50, M|\n|poke|p2|Sinistcha, L50|\n|poke|p2|Pelipper, L50, M|\n|poke|p2|Blastoise, L50, M|\n|poke|p2|Scovillain, L50, M|\n|teampreview|4\n|inactive|Battle timer is ON: inactive players will automatically lose when time's up. (requested by Ppplmao)\ndrytron2 rejected open team sheets.\n|inactive|drytron2 has 60 seconds left.\n|inactive|Ppplmao has 60 seconds left.\n|\n|t:|1788413170\n|teamsize|p1|4\n|teamsize|p2|4\n|start\n|switch|p1a: Garchomp|Garchomp, L50, M|100/100\n|switch|p1b: Floette|Floette-Eternal, L50, F|100/100\n|switch|p2a: Sinistcha|Sinistcha, L50|100/100\n|switch|p2b: Blastoise|Blastoise, L50, M|100/100\n|turn|1\n|\n|t:|1788413183\n|detailschange|p1b: Floette|Floette-Mega, L50, F\n|-mega|p1b: Floette|Floette|Floettite\n|-ability|p1b: Floette|Fairy Aura\n|detailschange|p2b: Blastoise|Blastoise-Mega, L50, M\n|-mega|p2b: Blastoise|Blastoise|Blastoisinite\n|move|p2b: Blastoise|Protect|p2b: Blastoise\n|-singleturn|p2b: Blastoise|Protect\n|move|p1a: Garchomp|Rock Slide|p2b: Blastoise|[spread] p2a\n|-activate|p2b: Blastoise|move: Protect\n|-damage|p2a: Sinistcha|85/100\n|move|p1b: Floette|Dazzling Gleam|p2a: Sinistcha|[spread] p2a\n|-activate|p2b: Blastoise|move: Protect\n|-damage|p2a: Sinistcha|29/100\n|cant|p2a: Sinistcha|flinch\n|\n|upkeep\n|turn|2\n|inactive|Ppplmao has 30 seconds left.\n|\n|t:|1788413214\n|switch|p2a: Annihilape|Annihilape, L50, F|100/100\n|move|p1b: Floette|Dazzling Gleam|p2b: Blastoise|[spread] p2a,p2b\n|-supereffective|p2a: Annihilape|1\n|-damage|p2a: Annihilape|11/100\n|-damage|p2b: Blastoise|53/100\n|move|p1a: Garchomp|Rock Slide|p2a: Annihilape|[spread] p2a,p2b\n|-resisted|p2a: Annihilape|1\n|-crit|p2a: Annihilape\n|-damage|p2a: Annihilape|0 fnt\n|-damage|p2b: Blastoise|35/100\n|faint|p2a: Annihilape\n|cant|p2b: Blastoise|flinch\n|\n|upkeep\n|c|☆drytron2|😯\n|\n|t:|1788413231\n|switch|p2a: Sinistcha|Sinistcha, L50|29/100\n|-heal|p2b: Blastoise|60/100|[from] ability: Hospitality|[of] p2a: Sinistcha\n|turn|3\n|\n|t:|1788413243\n|move|p2b: Blastoise|Protect|p2b: Blastoise\n|-singleturn|p2b: Blastoise|Protect\n|move|p1a: Garchomp|Dragon Claw|p2b: Blastoise\n|-activate|p2b: Blastoise|move: Protect\n|move|p1b: Floette|Dazzling Gleam|p2a: Sinistcha|[spread] p2a\n|-activate|p2b: Blastoise|move: Protect\n|-damage|p2a: Sinistcha|0 fnt\n|faint|p2a: Sinistcha\n|\n|upkeep\n|\n|t:|1788413253\n|switch|p2a: Pelipper|Pelipper, L50, M|100/100\n|-weather|RainDance|[from] ability: Drizzle|[of] p2a: Pelipper\n|turn|4\n|\n|t:|1788413265\n|move|p2a: Pelipper|Wide Guard|p2a: Pelipper\n|-singleturn|p2a: Pelipper|Wide Guard\n|move|p1a: Garchomp|Rock Slide|p2a: Pelipper|[spread] \n|-activate|p2a: Pelipper|move: Wide Guard\n|-activate|p2b: Blastoise|move: Wide Guard\n|move|p1b: Floette|Moonblast|p2b: Blastoise\n|-damage|p2b: Blastoise|0 fnt\n|faint|p2b: Blastoise\n|\n|-weather|RainDance|[upkeep]\n|upkeep\n|turn|5\n|c|☆Ppplmao|Gg\n|\n|t:|1788413284\n|move|p1b: Floette|Moonblast|p2a: Pelipper\n|-damage|p2a: Pelipper|0 fnt\n|faint|p2a: Pelipper\n|\n|win|drytron2\n|raw|drytron2's rating: 1206 &rarr; <strong>1234</strong><br />(+28 for winning)\n|raw|Ppplmao's rating: 1254 &rarr; <strong>1226</strong><br />(-28 for losing)\n|c|☆drytron2|gg\n|l|☆Ppplmao\n|player|p2|\n","uploadtime":1788413294,"views":"37","formatid":"gen9championsvgc2026regmb","rating":1226,"private":0,"password":null}