{"id":"gen9championsvgc2026regmb-2674911271","format":"[Gen 9 Champions] VGC 2026 Reg M-B","players":["DarkRojo06","KCLord"],"log":"|j|☆DarkRojo06\n|j|☆KCLord\n|t:|1788434468\n|gametype|doubles\n|player|p1|DarkRojo06|102|1528\n|player|p2|KCLord|1|1579\n|gen|9\n|tier|[Gen 9 Champions] VGC 2026 Reg M-B\n|rated|\n|rule|Species Clause: Limit one of each Pokémon\n|rule|Item Clause: Limit 1 of each item\n|clearpoke\n|poke|p1|Charizard, L50, F|\n|poke|p1|Milotic, L50, F|\n|poke|p1|Incineroar, L50, M|\n|poke|p1|Sylveon, L50, M|\n|poke|p1|Raichu, L50, F|\n|poke|p1|Garchomp, L50, F|\n|poke|p2|Archaludon, L50, M|\n|poke|p2|Whimsicott, L50, F|\n|poke|p2|Gengar, L50, M|\n|poke|p2|Incineroar, L50, F|\n|poke|p2|Annihilape, L50, F|\n|poke|p2|Politoed, L50, F|\n|teampreview|4\n|\n|t:|1788434503\n|teamsize|p1|4\n|teamsize|p2|4\n|start\n|switch|p1a: Incineroar|Incineroar, L50, M|100/100\n|switch|p1b: Sylveon|Sylveon, L50, M|100/100\n|switch|p2a: Incineroar|Incineroar, L50, F|100/100\n|switch|p2b: Gengar|Gengar, L50, M|100/100\n|-ability|p1a: Incineroar|Intimidate|boost\n|-unboost|p2a: Incineroar|atk|1\n|-unboost|p2b: Gengar|atk|1\n|-ability|p2a: Incineroar|Intimidate|boost\n|-unboost|p1a: Incineroar|atk|1\n|-unboost|p1b: Sylveon|atk|1\n|turn|1\n|inactive|Battle timer is ON: inactive players will automatically lose when time's up. (requested by DarkRojo06)\n|\n|t:|1788434522\n|detailschange|p2b: Gengar|Gengar-Mega, L50, M\n|-mega|p2b: Gengar|Gengar|Gengarite\n|move|p2a: Incineroar|Fake Out|p1a: Incineroar\n|-damage|p1a: Incineroar|93/100\n|move|p2b: Gengar|Perish Song|p2b: Gengar\n|-start|p1a: Incineroar|perish3|[silent]\n|-start|p1b: Sylveon|perish3|[silent]\n|-start|p2a: Incineroar|perish3|[silent]\n|-start|p2b: Gengar|perish3|[silent]\n|-fieldactivate|move: Perish Song\n|move|p1b: Sylveon|Hyper Voice|p2a: Incineroar|[spread] p2a,p2b\n|-resisted|p2b: Gengar|1\n|-damage|p2a: Incineroar|64/100\n|-damage|p2b: Gengar|73/100\n|cant|p1a: Incineroar|flinch\n|\n|-start|p2b: Gengar|perish3\n|-start|p1b: Sylveon|perish3\n|-start|p1a: Incineroar|perish3\n|-start|p2a: Incineroar|perish3\n|upkeep\n|turn|2\n|\n|t:|1788434539\n|move|p2b: Gengar|Protect|p2b: Gengar\n|-singleturn|p2b: Gengar|Protect\n|move|p2a: Incineroar|Protect|p2a: Incineroar\n|-singleturn|p2a: Incineroar|Protect\n|move|p1b: Sylveon|Hyper Voice|p2a: Incineroar|[spread] \n|-activate|p2a: Incineroar|move: Protect\n|-activate|p2b: Gengar|move: Protect\n|move|p1a: Incineroar|Parting Shot|p2a: Incineroar\n|-activate|p2a: Incineroar|move: Protect\n|\n|-start|p2b: Gengar|perish2\n|-start|p1b: Sylveon|perish2\n|-start|p1a: Incineroar|perish2\n|-start|p2a: Incineroar|perish2\n|upkeep\n|turn|3\n|inactive|KCLord has 30 seconds left.\n|\n|t:|1788434572\n|move|p2b: Gengar|Sludge Bomb|p1b: Sylveon\n|-supereffective|p1b: Sylveon|1\n|-damage|p1b: Sylveon|12/100\n|move|p1b: Sylveon|Hyper Voice|p2b: Gengar|[spread] p2a,p2b\n|-resisted|p2b: Gengar|1\n|-damage|p2a: Incineroar|29/100\n|-damage|p2b: Gengar|48/100\n|move|p1a: Incineroar|Parting Shot|p2b: Gengar\n|-unboost|p2b: Gengar|atk|1\n|-unboost|p2b: Gengar|spa|1\n|\n|t:|1788434584\n|switch|p1a: Garchomp|Garchomp, L50, F|100/100|[from] Parting Shot\n|move|p2a: Incineroar|Parting Shot|p1a: Garchomp\n|-unboost|p1a: Garchomp|atk|1\n|-unboost|p1a: Garchomp|spa|1\n|\n|t:|1788434603\n|switch|p2a: Whimsicott|Whimsicott, L50, F|100/100|[from] Parting Shot\n|\n|-start|p2b: Gengar|perish1\n|-start|p1b: Sylveon|perish1\n|upkeep\n|turn|4\n|\n|t:|1788434620\n|move|p2b: Gengar|Shadow Ball|p1a: Garchomp\n|-damage|p1a: Garchomp|67/100\n|move|p2a: Whimsicott|Moonblast|p1a: Garchomp\n|-supereffective|p1a: Garchomp|1\n|-damage|p1a: Garchomp|0 fnt\n|faint|p1a: Garchomp\n|move|p1b: Sylveon|Hyper Voice|p2a: Whimsicott|[spread] p2a,p2b\n|-crit|p2a: Whimsicott\n|-resisted|p2b: Gengar|1\n|-enditem|p2a: Whimsicott|Focus Sash\n|-damage|p2a: Whimsicott|1/100\n|-damage|p2b: Gengar|24/100\n|\n|-start|p2b: Gengar|perish0\n|-start|p1b: Sylveon|perish0\n|upkeep\n|faint|p2b: Gengar\n|faint|p1b: Sylveon\n|\n|t:|1788434629\n|switch|p2b: Annihilape|Annihilape, L50, F|100/100\n|switch|p1a: Incineroar|Incineroar, L50, M|93/100\n|switch|p1b: Raichu|Raichu, L50, F|100/100\n|-ability|p1a: Incineroar|Intimidate|boost\n|-unboost|p2a: Whimsicott|atk|1\n|-unboost|p2b: Annihilape|atk|1\n|-ability|p2b: Annihilape|Defiant|boost\n|-boost|p2b: Annihilape|atk|2\n|turn|5\n|inactive|KCLord has 30 seconds left.\n|\n|t:|1788434660\n|detailschange|p1b: Raichu|Raichu-Mega-Y, L50, F\n|-mega|p1b: Raichu|Raichu|Raichunite Y\n|move|p2a: Whimsicott|Protect|p2a: Whimsicott\n|-singleturn|p2a: Whimsicott|Protect\n|move|p1a: Incineroar|Fake Out|p2a: Whimsicott\n|-activate|p2a: Whimsicott|move: Protect\n|move|p1b: Raichu|Zap Cannon|p2b: Annihilape\n|-damage|p2b: Annihilape|40/100\n|-status|p2b: Annihilape|par\n|move|p2b: Annihilape|Close Combat|p1b: Raichu\n|-damage|p1b: Raichu|0 fnt\n|-unboost|p2b: Annihilape|def|1\n|-unboost|p2b: Annihilape|spd|1\n|faint|p1b: Raichu\n|\n|upkeep\n|turn|6\n|\n|t:|1788434684\n|move|p2a: Whimsicott|Tailwind|p2a: Whimsicott\n|-sidestart|p2: KCLord|move: Tailwind\n|cant|p2b: Annihilape|par\n|move|p1a: Incineroar|Flare Blitz|p2b: Annihilape\n|-damage|p2b: Annihilape|0 fnt\n|faint|p2b: Annihilape\n|-damage|p1a: Incineroar|79/100|[from] Recoil\n|\n|upkeep\n|\n|t:|1788434690\n|switch|p2b: Incineroar|Incineroar, L50, F|29/100\n|-ability|p2b: Incineroar|Intimidate|boost\n|-unboost|p1a: Incineroar|atk|1\n|turn|7\n|\n|t:|1788434696\n|move|p2b: Incineroar|Fake Out|p1a: Incineroar\n|-damage|p1a: Incineroar|70/100\n|move|p2a: Whimsicott|Moonblast|p1a: Incineroar\n|-damage|p1a: Incineroar|42/100\n|-enditem|p1a: Incineroar|Sitrus Berry|[eat]\n|-heal|p1a: Incineroar|67/100|[from] item: Sitrus Berry\n|cant|p1a: Incineroar|flinch\n|\n|upkeep\n|turn|8\n|\n|t:|1788434721\n|move|p2a: Whimsicott|Protect|p2a: Whimsicott\n|-singleturn|p2a: Whimsicott|Protect\n|move|p2b: Incineroar|Parting Shot|p1a: Incineroar\n|-unboost|p1a: Incineroar|atk|1\n|-unboost|p1a: Incineroar|spa|1\n|move|p1a: Incineroar|Flare Blitz|p2a: Whimsicott\n|-activate|p2a: Whimsicott|move: Protect\n|\n|upkeep\n|turn|9\n|\n|t:|1788434732\n|move|p2a: Whimsicott|Moonblast|p1a: Incineroar\n|-damage|p1a: Incineroar|39/100\n|move|p2b: Incineroar|Flare Blitz|p1a: Incineroar\n|-resisted|p1a: Incineroar|1\n|-damage|p1a: Incineroar|20/100y\n|-damage|p2b: Incineroar|23/100|[from] Recoil\n|move|p1a: Incineroar|Flare Blitz|p1: Raichu|[notarget]\n|-fail|p1a: Incineroar\n|\n|-sideend|p2: KCLord|move: Tailwind\n|upkeep\n|turn|10\n|c|☆KCLord|why did it fail?\n|inactive|KCLord has 30 seconds left.\n|inactive|KCLord has 20 seconds left.\n|\n|t:|1788434771\n|move|p2a: Whimsicott|Moonblast|p1a: Incineroar\n|-damage|p1a: Incineroar|0 fnt\n|faint|p1a: Incineroar\n|\n|win|KCLord\n|raw|DarkRojo06's rating: 1528 &rarr; <strong>1511</strong><br />(-17 for losing)\n|raw|KCLord's rating: 1579 &rarr; <strong>1596</strong><br />(+17 for winning)\n|l|☆DarkRojo06\n|player|p1|\n","uploadtime":1788434831,"views":"5","formatid":"gen9championsvgc2026regmb","rating":1511,"private":0,"password":null}