{"id":"gen9championsvgc2026regmbbo3-2674736594","format":"[Gen 9 Champions] VGC 2026 Reg M-B (Bo3)","players":["jeanryupr","vxrdant"],"log":"|j|☆jeanryupr\n|j|☆vxrdant\n|html|<table width=\"100%\"><tr><td align=\"left\">jeanryupr</td><td align=\"right\">vxrdant</tr><tr><td align=\"left\"><i class=\"fa fa-circle-o\"></i> <i class=\"fa fa-circle-o\"></i> </td><td align=\"right\"><i class=\"fa fa-circle-o\"></i> <i class=\"fa fa-circle-o\"></i> </tr></table>\n|uhtml|bestof|<h2><strong>Game 1</strong> of <a href=\"/game-bestof3-gen9championsvgc2026regmbbo3-2674736590\">a best-of-3</a></h2>\n|t:|1788398214\n|gametype|doubles\n|player|p1|jeanryupr|102|1219\n|player|p2|vxrdant|karen|1317\n|gen|9\n|tier|[Gen 9 Champions] VGC 2026 Reg M-B (Bo3)\n|rated|\n|rule|Species Clause: Limit one of each Pokémon\n|rule|Item Clause: Limit 1 of each item\n|clearpoke\n|poke|p1|Scovillain, L50, F, shiny|\n|poke|p1|Basculegion, L50, M|\n|poke|p1|Kingambit, L50, F|\n|poke|p1|Sneasler, L50, M|\n|poke|p1|Lycanroc-Dusk, L50, M|\n|poke|p1|Froslass, L50, F|\n|poke|p2|Swampert, L50, M|\n|poke|p2|Ninetales-Alola, L50, F, shiny|\n|poke|p2|Incineroar, L50, F|\n|poke|p2|Dragonite, L50, M|\n|poke|p2|Sneasler, L50, M|\n|poke|p2|Gengar, L50, F|\n|teampreview|4\n|showteam|p1|Scovillain||Scovillainite|Moody|GigaDrain,Overheat,RagePowder,Protect|Bold||F|||50|]Basculegion||LifeOrb|Adaptability|WaveCrash,LastRespects,AquaJet,Protect|Adamant||M|||50|]Kingambit||BlackGlasses|Defiant|KowtowCleave,SuckerPunch,SwordsDance,Protect|Adamant||F|||50|]Sneasler||WhiteHerb|Unburden|CloseCombat,DireClaw,Protect,FakeOut|Adamant||M|||50|]Lycanroc-Dusk||FocusSash|ToughClaws|CloseCombat,Accelerock,RockSlide,Protect|Adamant||M|||50|]Froslass||Froslassite|CursedBody|Blizzard,ShadowBall,AuroraVeil,Protect|Timid||F|||50|\n|showteam|p2|Swampert||Leftovers|Torrent|HighHorsepower,FlipTurn,Yawn,Protect|Relaxed||M|||50|]Ninetales-Alola||ChoiceScarf|SnowWarning|Blizzard,FreezeDry,IcyWind,Encore|Timid||F|||50|]Incineroar||SitrusBerry|Intimidate|FlareBlitz,ThroatChop,FakeOut,PartingShot|Impish||F|||50|]Dragonite||LifeOrb|InnerFocus|DragonClaw,Superpower,ExtremeSpeed,Protect|Adamant||M|||50|]Sneasler||FocusSash|Unburden|DireClaw,CloseCombat,RockSlide,Protect|Adamant||M|||50|]Gengar||Gengarite|CursedBody|SludgeBomb,ShadowBall,Substitute,Protect|Modest||F|||50|\n|\n|t:|1788398280\n|teamsize|p1|4\n|teamsize|p2|4\n|start\n|switch|p1a: Scovillain|Scovillain, L50, F, shiny|100/100\n|switch|p1b: Basculegion|Basculegion, L50, M|100/100\n|switch|p2a: Dragonite|Dragonite, L50, M|100/100\n|switch|p2b: Swampert|Swampert, L50, M|100/100\n|turn|1\n|\n|t:|1788398330\n|switch|p2b: Incineroar|Incineroar, L50, F|100/100\n|-ability|p2b: Incineroar|Intimidate|boost\n|-unboost|p1a: Scovillain|atk|1\n|-unboost|p1b: Basculegion|atk|1\n|move|p1b: Basculegion|Protect|p1b: Basculegion\n|-singleturn|p1b: Basculegion|Protect\n|move|p1a: Scovillain|Protect|p1a: Scovillain\n|-singleturn|p1a: Scovillain|Protect\n|move|p2a: Dragonite|Dragon Claw|p1b: Basculegion\n|-activate|p1b: Basculegion|move: Protect\n|\n|-ability|p1a: Scovillain|Moody|boost\n|-boost|p1a: Scovillain|def|2\n|-unboost|p1a: Scovillain|spa|1\n|upkeep\n|turn|2\n|\n|t:|1788398356\n|detailschange|p1a: Scovillain|Scovillain-Mega, L50, F, shiny\n|-mega|p1a: Scovillain|Scovillain|Scovillainite\n|move|p1a: Scovillain|Rage Powder|p1a: Scovillain\n|-singleturn|p1a: Scovillain|move: Rage Powder\n|move|p1b: Basculegion|Wave Crash|p2b: Incineroar\n|-supereffective|p2b: Incineroar|1\n|-damage|p2b: Incineroar|0 fnt\n|faint|p2b: Incineroar\n|-damage|p1b: Basculegion|66/100|[from] Recoil\n|-damage|p1b: Basculegion|56/100|[from] item: Life Orb\n|move|p2a: Dragonite|Dragon Claw|p1a: Scovillain\n|-damage|p1a: Scovillain|69/100\n|-status|p2a: Dragonite|brn|[from] ability: Spicy Spray|[of] p1a: Scovillain\n|-damage|p2a: Dragonite|90/100 brn|[from] item: Life Orb\n|\n|-damage|p2a: Dragonite|84/100 brn|[from] brn\n|upkeep\n|\n|t:|1788398370\n|switch|p2b: Gengar|Gengar, L50, F|100/100\n|turn|3\n|\n|t:|1788398378\n|detailschange|p2b: Gengar|Gengar-Mega, L50, F\n|-mega|p2b: Gengar|Gengar|Gengarite\n|move|p1a: Scovillain|Rage Powder|p1a: Scovillain\n|-singleturn|p1a: Scovillain|move: Rage Powder\n|move|p2b: Gengar|Substitute|p2b: Gengar\n|-start|p2b: Gengar|Substitute\n|-damage|p2b: Gengar|75/100\n|move|p1b: Basculegion|Last Respects|p2b: Gengar\n|-supereffective|p2b: Gengar|1\n|-end|p2b: Gengar|Substitute\n|-damage|p1b: Basculegion|47/100|[from] item: Life Orb\n|move|p2a: Dragonite|Dragon Claw|p1a: Scovillain\n|-damage|p1a: Scovillain|54/100\n|-damage|p2a: Dragonite|75/100 brn|[from] item: Life Orb\n|\n|-damage|p2a: Dragonite|69/100 brn|[from] brn\n|upkeep\n|turn|4\n|\n|t:|1788398397\n|move|p1a: Scovillain|Rage Powder|p1a: Scovillain\n|-singleturn|p1a: Scovillain|move: Rage Powder\n|move|p2b: Gengar|Substitute|p2b: Gengar\n|-start|p2b: Gengar|Substitute\n|-damage|p2b: Gengar|50/100g\n|move|p1b: Basculegion|Last Respects|p2b: Gengar\n|-supereffective|p2b: Gengar|1\n|-end|p2b: Gengar|Substitute\n|-damage|p1b: Basculegion|37/100|[from] item: Life Orb\n|move|p2a: Dragonite|Dragon Claw|p1a: Scovillain\n|-damage|p1a: Scovillain|39/100\n|-damage|p2a: Dragonite|59/100 brn|[from] item: Life Orb\n|\n|-damage|p2a: Dragonite|53/100 brn|[from] brn\n|upkeep\n|turn|5\n|\n|t:|1788398421\n|move|p2b: Gengar|Protect|p2b: Gengar\n|-singleturn|p2b: Gengar|Protect\n|move|p1a: Scovillain|Rage Powder|p1a: Scovillain\n|-singleturn|p1a: Scovillain|move: Rage Powder\n|move|p1b: Basculegion|Last Respects|p2b: Gengar\n|-activate|p2b: Gengar|move: Protect\n|move|p2a: Dragonite|Dragon Claw|p1a: Scovillain\n|-damage|p1a: Scovillain|23/100\n|-damage|p2a: Dragonite|44/100 brn|[from] item: Life Orb\n|\n|-damage|p2a: Dragonite|38/100 brn|[from] brn\n|upkeep\n|turn|6\n|\n|t:|1788398447\n|move|p1a: Scovillain|Rage Powder|p1a: Scovillain\n|-singleturn|p1a: Scovillain|move: Rage Powder\n|move|p2b: Gengar|Substitute|p2b: Gengar\n|-start|p2b: Gengar|Substitute\n|-damage|p2b: Gengar|26/100\n|move|p1b: Basculegion|Last Respects|p2b: Gengar\n|-supereffective|p2b: Gengar|1\n|-end|p2b: Gengar|Substitute\n|-damage|p1b: Basculegion|28/100|[from] item: Life Orb\n|move|p2a: Dragonite|Dragon Claw|p1a: Scovillain\n|-damage|p1a: Scovillain|7/100\n|-damage|p2a: Dragonite|29/100 brn|[from] item: Life Orb\n|\n|-damage|p2a: Dragonite|23/100 brn|[from] brn\n|upkeep\n|turn|7\n|\n|t:|1788398466\n|switch|p1b: Kingambit|Kingambit, L50, F|100/100\n|move|p2b: Gengar|Protect|p2b: Gengar\n|-singleturn|p2b: Gengar|Protect\n|move|p1a: Scovillain|Protect|p1a: Scovillain\n|-singleturn|p1a: Scovillain|Protect\n|move|p2a: Dragonite|Dragon Claw|p1b: Kingambit\n|-resisted|p1b: Kingambit|1\n|-damage|p1b: Kingambit|87/100\n|-damage|p2a: Dragonite|13/100 brn|[from] item: Life Orb\n|\n|-damage|p2a: Dragonite|7/100 brn|[from] brn\n|upkeep\n|turn|8\n|\n|t:|1788398493\n|move|p1a: Scovillain|Rage Powder|p1a: Scovillain\n|-singleturn|p1a: Scovillain|move: Rage Powder\n|move|p2b: Gengar|Shadow Ball|p1a: Scovillain\n|-damage|p1a: Scovillain|0 fnt\n|-status|p2b: Gengar|brn|[from] ability: Spicy Spray|[of] p1a: Scovillain\n|faint|p1a: Scovillain\n|move|p2a: Dragonite|Superpower|p1b: Kingambit\n|-supereffective|p1b: Kingambit|2\n|-damage|p1b: Kingambit|0 fnt\n|-unboost|p2a: Dragonite|atk|1\n|-unboost|p2a: Dragonite|def|1\n|faint|p1b: Kingambit\n|-damage|p2a: Dragonite|0 fnt|[from] item: Life Orb\n|faint|p2a: Dragonite\n|\n|-damage|p2b: Gengar|20/100y brn|[from] brn\n|upkeep\n|\n|t:|1788398542\n|switch|p2a: Swampert|Swampert, L50, M|100/100\n|switch|p1a: Basculegion|Basculegion, L50, M|28/100\n|switch|p1b: Sneasler|Sneasler, L50, M|100/100\n|turn|9\n|\n|t:|1788398555\n|move|p2b: Gengar|Protect|p2b: Gengar\n|-singleturn|p2b: Gengar|Protect\n|move|p2a: Swampert|Protect|p2a: Swampert\n|-singleturn|p2a: Swampert|Protect\n|move|p1b: Sneasler|Fake Out|p2a: Swampert\n|-activate|p2a: Swampert|move: Protect\n|move|p1a: Basculegion|Aqua Jet|p2b: Gengar\n|-activate|p2b: Gengar|move: Protect\n|\n|-damage|p2b: Gengar|14/100 brn|[from] brn\n|upkeep\n|turn|10\n|\n|t:|1788398574\n|move|p1a: Basculegion|Aqua Jet|p2b: Gengar\n|-damage|p2b: Gengar|0 fnt\n|faint|p2b: Gengar\n|-damage|p1a: Basculegion|18/100|[from] item: Life Orb\n|move|p1b: Sneasler|Close Combat|p2a: Swampert\n|-damage|p2a: Swampert|55/100\n|-unboost|p1b: Sneasler|def|1\n|-unboost|p1b: Sneasler|spd|1\n|-enditem|p1b: Sneasler|White Herb\n|-clearnegativeboost|p1b: Sneasler|[silent]\n|move|p2a: Swampert|High Horsepower|p1a: Basculegion|[miss]\n|-miss|p2a: Swampert|p1a: Basculegion\n|\n|-heal|p2a: Swampert|61/100|[from] item: Leftovers\n|upkeep\n|turn|11\n|c|☆vxrdant|brother\n|c|☆jeanryupr|?\n|c|☆vxrdant|high horsepower missed :/\n|\n|t:|1788398612\n|move|p1a: Basculegion|Aqua Jet|p2a: Swampert\n|-damage|p2a: Swampert|37/100\n|-damage|p1a: Basculegion|9/100|[from] item: Life Orb\n|move|p1b: Sneasler|Dire Claw|p2a: Swampert\n|-resisted|p2a: Swampert|1\n|-damage|p2a: Swampert|21/100\n|-status|p2a: Swampert|psn\n|move|p2a: Swampert|High Horsepower|p1b: Sneasler\n|-supereffective|p1b: Sneasler|1\n|-damage|p1b: Sneasler|0 fnt\n|faint|p1b: Sneasler\n|\n|-heal|p2a: Swampert|27/100 psn|[from] item: Leftovers\n|-damage|p2a: Swampert|15/100 psn|[from] psn\n|upkeep\n|turn|12\n|\n|t:|1788398627\n|move|p1a: Basculegion|Protect|p1a: Basculegion\n|-singleturn|p1a: Basculegion|Protect\n|move|p2a: Swampert|Flip Turn|p1a: Basculegion\n|-activate|p1a: Basculegion|move: Protect\n|\n|-heal|p2a: Swampert|21/100 psn|[from] item: Leftovers\n|-damage|p2a: Swampert|9/100 psn|[from] psn\n|upkeep\n|turn|13\n|\n|t:|1788398637\n|move|p1a: Basculegion|Aqua Jet|p2a: Swampert\n|-damage|p2a: Swampert|0 fnt\n|faint|p2a: Swampert\n|-damage|p1a: Basculegion|0 fnt|[from] item: Life Orb\n|faint|p1a: Basculegion\n|\n|win|jeanryupr\n","uploadtime":1788398217,"views":"3","formatid":"gen9championsvgc2026regmbbo3","rating":null,"private":0,"password":null}