{"id":"gen9championsvgc2026regmb-2674155500","format":"[Gen 9 Champions] VGC 2026 Reg M-B","players":["Newheathen","blueplaidshirtboy"],"log":"|j|☆Newheathen\n|j|☆blueplaidshirtboy\n|t:|1788307415\n|gametype|doubles\n|player|p1|Newheathen|101|1045\n|player|p2|blueplaidshirtboy|nate|1006\n|gen|9\n|tier|[Gen 9 Champions] VGC 2026 Reg M-B\n|rated|\n|rule|Species Clause: Limit one of each Pokémon\n|rule|Item Clause: Limit 1 of each item\n|clearpoke\n|poke|p1|Aggron, L50, M|\n|poke|p1|Raichu, L50, M|\n|poke|p1|Basculegion, L50, M|\n|poke|p1|Incineroar, L50, F|\n|poke|p1|Whimsicott, L50, M|\n|poke|p1|Hydrapple, L50, M|\n|poke|p2|Talonflame, L50, M|\n|poke|p2|Corviknight, L50, F|\n|poke|p2|Vivillon, L50, F|\n|poke|p2|Staraptor, L50, M|\n|poke|p2|Rotom-Fan, L50|\n|poke|p2|Emolga, L50, F|\n|teampreview|4\n|\n|t:|1788307473\n|teamsize|p1|4\n|teamsize|p2|4\n|start\n|switch|p1a: Whimsicott|Whimsicott, L50, M|100/100\n|switch|p1b: Incineroar|Incineroar, L50, F|100/100\n|switch|p2a: Rotom|Rotom-Fan, L50|100/100\n|switch|p2b: Emolga|Emolga, L50, F|100/100\n|-ability|p1b: Incineroar|Intimidate|boost\n|-unboost|p2a: Rotom|atk|1\n|-unboost|p2b: Emolga|atk|1\n|turn|1\n|\n|t:|1788307489\n|move|p1b: Incineroar|Fake Out|p2a: Rotom\n|-damage|p2a: Rotom|87/100\n|move|p1a: Whimsicott|Tailwind|p1a: Whimsicott\n|-sidestart|p1: Newheathen|move: Tailwind\n|cant|p2a: Rotom|flinch\n|move|p2b: Emolga|Nuzzle|p1b: Incineroar\n|-damage|p1b: Incineroar|96/100\n|-status|p1b: Incineroar|par\n|\n|upkeep\n|turn|2\n|\n|t:|1788307510\n|move|p1a: Whimsicott|Moonblast|p2b: Emolga\n|-damage|p2b: Emolga|53/100\n|move|p2a: Rotom|Discharge|p1b: Incineroar|[spread] p1a,p1b\n|-ability|p2b: Emolga|Motor Drive|boost\n|-boost|p2b: Emolga|spe|1\n|-resisted|p1a: Whimsicott|1\n|-damage|p1a: Whimsicott|84/100\n|-damage|p1b: Incineroar|79/100 par\n|move|p2b: Emolga|Nuzzle|p1a: Whimsicott\n|-resisted|p1a: Whimsicott|1\n|-damage|p1a: Whimsicott|82/100\n|-status|p1a: Whimsicott|par\n|move|p1b: Incineroar|Flare Blitz|p2b: Emolga\n|-damage|p2b: Emolga|0 fnt\n|faint|p2b: Emolga\n|-damage|p1b: Incineroar|65/100 par|[from] Recoil\n|\n|upkeep\n|\n|t:|1788307522\n|switch|p2b: Staraptor|Staraptor, L50, M|100/100\n|-ability|p2b: Staraptor|Intimidate|boost\n|-unboost|p1a: Whimsicott|atk|1\n|-unboost|p1b: Incineroar|atk|1\n|turn|3\n|\n|t:|1788307537\n|switch|p2a: COCAllon|Vivillon, L50, F|100/100\n|detailschange|p2b: Staraptor|Staraptor-Mega, L50, M\n|-mega|p2b: Staraptor|Staraptor|Staraptite\n|move|p1a: Whimsicott|Moonblast|p2b: Staraptor\n|-supereffective|p2b: Staraptor|1\n|-damage|p2b: Staraptor|23/100\n|move|p2b: Staraptor|Dual Wingbeat|p1a: Whimsicott\n|-supereffective|p1a: Whimsicott|1\n|-damage|p1a: Whimsicott|29/100 par\n|-supereffective|p1a: Whimsicott|1\n|-damage|p1a: Whimsicott|0 fnt\n|faint|p1a: Whimsicott\n|-hitcount|p1: Whimsicott|2\n|cant|p1b: Incineroar|par\n|\n|upkeep\n|\n|t:|1788307555\n|switch|p1a: Aggron|Aggron, L50, M|100/100\n|turn|4\n|\n|t:|1788307563\n|detailschange|p1a: Aggron|Aggron-Mega, L50, M\n|-mega|p1a: Aggron|Aggron|Aggronite\n|move|p2b: Staraptor|Protect|p2b: Staraptor\n|-singleturn|p2b: Staraptor|Protect\n|move|p2a: COCAllon|Protect|p2a: COCAllon\n|-singleturn|p2a: COCAllon|Protect\n|move|p1a: Aggron|Protect|p1a: Aggron\n|-singleturn|p1a: Aggron|Protect\n|move|p1b: Incineroar|Flare Blitz|p2b: Staraptor\n|-activate|p2b: Staraptor|move: Protect\n|\n|-sideend|p1: Newheathen|move: Tailwind\n|upkeep\n|turn|5\n|\n|t:|1788307590\n|move|p2b: Staraptor|Close Combat|p1b: Incineroar\n|-supereffective|p1b: Incineroar|1\n|-crit|p1b: Incineroar\n|-damage|p1b: Incineroar|0 fnt\n|-boost|p2b: Staraptor|def|1\n|-boost|p2b: Staraptor|spd|1\n|faint|p1b: Incineroar\n|move|p2a: COCAllon|Sleep Powder|p1a: Aggron\n|-status|p1a: Aggron|slp|[from] move: Sleep Powder\n|cant|p1a: Aggron|slp\n|\n|upkeep\n|\n|t:|1788307600\n|switch|p1b: Basculegion|Basculegion, L50, M|100/100\n|turn|6\n|\n|t:|1788307619\n|move|p2b: Staraptor|Protect|p2b: Staraptor\n|-singleturn|p2b: Staraptor|Protect\n|move|p1b: Basculegion|Last Respects|p2b: Staraptor\n|-activate|p2b: Staraptor|move: Protect\n|move|p2a: COCAllon|Sleep Powder|p1b: Basculegion\n|-status|p1b: Basculegion|slp|[from] move: Sleep Powder\n|-curestatus|p1a: Aggron|slp|[msg]\n|move|p1a: Aggron|Curse|p1a: Aggron\n|-unboost|p1a: Aggron|spe|1\n|-boost|p1a: Aggron|atk|1\n|-boost|p1a: Aggron|def|1\n|\n|upkeep\n|turn|7\n|\n|t:|1788307634\n|cant|p1b: Basculegion|slp\n|move|p2b: Staraptor|Close Combat|p1a: Aggron\n|-supereffective|p1a: Aggron|1\n|-damage|p1a: Aggron|63/100\n|-boost|p2b: Staraptor|def|1\n|-boost|p2b: Staraptor|spd|1\n|move|p2a: COCAllon|Sleep Powder|p1a: Aggron\n|-status|p1a: Aggron|slp|[from] move: Sleep Powder\n|cant|p1a: Aggron|slp\n|\n|upkeep\n|turn|8\n|\n|t:|1788307665\n|cant|p1b: Basculegion|slp\n|move|p2b: Staraptor|Close Combat|p1a: Aggron\n|-supereffective|p1a: Aggron|1\n|-damage|p1a: Aggron|28/100 slp\n|-boost|p2b: Staraptor|def|1\n|-boost|p2b: Staraptor|spd|1\n|move|p2a: COCAllon|Quiver Dance|p2a: COCAllon\n|-boost|p2a: COCAllon|spa|1\n|-boost|p2a: COCAllon|spd|1\n|-boost|p2a: COCAllon|spe|1\n|cant|p1a: Aggron|slp\n|\n|upkeep\n|turn|9\n|\n|t:|1788307678\n|move|p2b: Staraptor|Protect|p2b: Staraptor\n|-singleturn|p2b: Staraptor|Protect\n|move|p2a: COCAllon|Energy Ball|p1b: Basculegion\n|-supereffective|p1b: Basculegion|1\n|-damage|p1b: Basculegion|18/100 slp\n|-curestatus|p1b: Basculegion|slp|[msg]\n|move|p1b: Basculegion|Last Respects|p2b: Staraptor\n|-activate|p2b: Staraptor|move: Protect\n|-curestatus|p1a: Aggron|slp|[msg]\n|move|p1a: Aggron|Heavy Slam|p2a: COCAllon\n|-enditem|p2a: COCAllon|Focus Sash\n|-damage|p2a: COCAllon|1/100\n|\n|upkeep\n|turn|10\n|\n|t:|1788307697\n|move|p2a: COCAllon|Protect|p2a: COCAllon\n|-singleturn|p2a: COCAllon|Protect\n|move|p1b: Basculegion|Last Respects|p2b: Staraptor\n|-damage|p2b: Staraptor|0 fnt\n|faint|p2b: Staraptor\n|move|p1a: Aggron|Heavy Slam|p2a: COCAllon\n|-activate|p2a: COCAllon|move: Protect\n|\n|upkeep\n|\n|t:|1788307713\n|switch|p2b: Rotom|Rotom-Fan, L50|87/100\n|turn|11\n|\n|t:|1788307735\n|move|p1a: Aggron|Protect|p1a: Aggron\n|-singleturn|p1a: Aggron|Protect\n|move|p2a: COCAllon|Sleep Powder|p1a: Aggron\n|-activate|p1a: Aggron|move: Protect\n|move|p2b: Rotom|Thunderbolt|p1b: Basculegion\n|-supereffective|p1b: Basculegion|1\n|-damage|p1b: Basculegion|0 fnt\n|faint|p1b: Basculegion\n|\n|upkeep\n|turn|12\n|-message|Newheathen forfeited.\n|\n|win|blueplaidshirtboy\n|raw|Newheathen's rating: 1045 &rarr; <strong>1026</strong><br />(-19 for losing)\n|raw|blueplaidshirtboy's rating: 1000 &rarr; <strong>1045</strong><br />(+45 for winning)\n|l|☆Newheathen\n|player|p1|\n","uploadtime":1788307749,"views":"3","formatid":"gen9championsvgc2026regmb","rating":1026,"private":0,"password":null}