{"id":"gen9championsvgc2026regmb-2674465993","format":"[Gen 9 Champions] VGC 2026 Reg M-B","players":["VictoriousDancing","echoes630"],"log":"|j|☆VictoriousDancing\n|j|☆echoes630\n|t:|1788363098\n|gametype|doubles\n|player|p1|VictoriousDancing|cynthia|1402\n|player|p2|echoes630|266|1368\n|gen|9\n|tier|[Gen 9 Champions] VGC 2026 Reg M-B\n|rated|\n|rule|Species Clause: Limit one of each Pokémon\n|rule|Item Clause: Limit 1 of each item\n|clearpoke\n|poke|p1|Charizard, L50, M, shiny|\n|poke|p1|Basculegion, L50, M, shiny|\n|poke|p1|Whimsicott, L50, F, shiny|\n|poke|p1|Garchomp, L50, M, shiny|\n|poke|p1|Kingambit, L50, M, shiny|\n|poke|p1|Incineroar, L50, M, shiny|\n|poke|p2|Raichu, L50, M|\n|poke|p2|Sneasler, L50, F|\n|poke|p2|Sinistcha, L50|\n|poke|p2|Gholdengo, L50|\n|poke|p2|Garchomp, L50, M|\n|poke|p2|Gyarados, L50, M|\n|teampreview|4\nVictoriousDancing rejected open team sheets.\n|\n|t:|1788363114\n|teamsize|p1|4\n|teamsize|p2|4\n|start\n|switch|p1a: Incineroar|Incineroar, L50, M, shiny|100/100\n|switch|p1b: Charizard|Charizard, L50, M, shiny|100/100\n|switch|p2a: Raichu|Raichu, L50, M|100/100\n|switch|p2b: Garchomp|Garchomp, L50, M|100/100\n|-ability|p1a: Incineroar|Intimidate|boost\n|-unboost|p2a: Raichu|atk|1\n|-unboost|p2b: Garchomp|atk|1\n|turn|1\n|\n|t:|1788363125\n|detailschange|p1b: Charizard|Charizard-Mega-Y, L50, M, shiny\n|-mega|p1b: Charizard|Charizard|Charizardite Y\n|-weather|SunnyDay|[from] ability: Drought|[of] p1b: Charizard\n|move|p2a: Raichu|Fake Out|p1b: Charizard\n|-damage|p1b: Charizard|94/100\n|move|p1a: Incineroar|Fake Out|p2a: Raichu\n|-damage|p2a: Raichu|84/100\n|move|p2b: Garchomp|Rock Slide|p1b: Charizard|[spread] p1a,p1b\n|-supereffective|p1a: Incineroar|1\n|-supereffective|p1b: Charizard|2\n|-damage|p1a: Incineroar|72/100\n|-damage|p1b: Charizard|26/100\n|-damage|p2b: Garchomp|90/100|[from] item: Life Orb\n|cant|p1b: Charizard|flinch\n|\n|-weather|SunnyDay|[upkeep]\n|upkeep\n|turn|2\n|\n|t:|1788363154\n|switch|p2a: Gyarados|Gyarados, L50, M|100/100\n|-ability|p2a: Gyarados|Intimidate|boost\n|-unboost|p1a: Incineroar|atk|1\n|-unboost|p1b: Charizard|atk|1\n|move|p1b: Charizard|Protect|p1b: Charizard\n|-singleturn|p1b: Charizard|Protect\n|move|p2b: Garchomp|Dragon Claw|p1a: Incineroar\n|-damage|p1a: Incineroar|47/100\n|-enditem|p1a: Incineroar|Sitrus Berry|[eat]\n|-heal|p1a: Incineroar|71/100|[from] item: Sitrus Berry\n|-damage|p2b: Garchomp|80/100|[from] item: Life Orb\n|move|p1a: Incineroar|Flare Blitz|p2a: Gyarados\n|-resisted|p2a: Gyarados|1\n|-damage|p2a: Gyarados|73/100\n|-damage|p1a: Incineroar|64/100|[from] Recoil\n|\n|-weather|SunnyDay|[upkeep]\n|upkeep\n|turn|3\n|\n|t:|1788363170\n|switch|p1b: Garchomp|Garchomp, L50, M, shiny|100/100\n|move|p2b: Garchomp|Rock Slide|p1b: Garchomp|[spread] p1b\n|-miss|p2b: Garchomp|p1a: Incineroar\n|-resisted|p1b: Garchomp|1\n|-damage|p1b: Garchomp|91/100\n|-damage|p2b: Garchomp|70/100|[from] item: Life Orb\n|move|p2a: Gyarados|Waterfall|p1a: Incineroar\n|-supereffective|p1a: Incineroar|1\n|-damage|p1a: Incineroar|39/100\n|move|p1a: Incineroar|Parting Shot|p2b: Garchomp\n|-unboost|p2b: Garchomp|atk|1\n|-unboost|p2b: Garchomp|spa|1\n|\n|t:|1788363170\n|switch|p1a: Kingambit|Kingambit, L50, M, shiny|100/100|[from] Parting Shot\n|\n|-weather|SunnyDay|[upkeep]\n|upkeep\n|turn|4\n|\n|t:|1788363185\n|switch|p2a: Sinistcha|Sinistcha, L50|100/100\n|-heal|p2b: Garchomp|95/100|[from] ability: Hospitality|[of] p2a: Sinistcha\n|move|p2b: Garchomp|Protect|p2b: Garchomp\n|-singleturn|p2b: Garchomp|Protect\n|move|p1b: Garchomp|Dragon Claw|p2b: Garchomp\n|-activate|p2b: Garchomp|move: Protect\n|move|p1a: Kingambit|Kowtow Cleave|p2a: Sinistcha\n|-supereffective|p2a: Sinistcha|1\n|-damage|p2a: Sinistcha|24/100\n|\n|-weather|SunnyDay|[upkeep]\n|upkeep\n|turn|5\n|\n|t:|1788363202\n|switch|p2b: Gyarados|Gyarados, L50, M|73/100\n|-ability|p2b: Gyarados|Intimidate|boost\n|-unboost|p1a: Kingambit|atk|1\n|-ability|p1a: Kingambit|Defiant|boost\n|-boost|p1a: Kingambit|atk|2\n|-unboost|p1b: Garchomp|atk|1\n|move|p1b: Garchomp|Dragon Claw|p2b: Gyarados\n|-damage|p2b: Gyarados|35/100\n|move|p2a: Sinistcha|Matcha Gotcha|p1b: Garchomp|[spread] p1a,p1b\n|-resisted|p1a: Kingambit|1\n|-damage|p1a: Kingambit|87/100\n|-heal|p2a: Sinistcha|32/100|[from] drain|[of] p1a: Kingambit\n|-damage|p1b: Garchomp|65/100\n|-heal|p2a: Sinistcha|45/100|[from] drain|[of] p1b: Garchomp\n|-status|p1a: Kingambit|brn\n|move|p1a: Kingambit|Kowtow Cleave|p2a: Sinistcha\n|-supereffective|p2a: Sinistcha|1\n|-damage|p2a: Sinistcha|0 fnt\n|faint|p2a: Sinistcha\n|\n|-weather|none\n|-damage|p1a: Kingambit|81/100 brn|[from] brn\n|upkeep\n|\n|t:|1788363223\n|switch|p2a: Garchomp|Garchomp, L50, M|95/100\n|turn|6\n|\n|t:|1788363235\n|move|p1b: Garchomp|Dragon Claw|p2a: Garchomp\n|-supereffective|p2a: Garchomp|1\n|-damage|p2a: Garchomp|36/100\n|-damage|p1b: Garchomp|53/100|[from] ability: Rough Skin|[of] p2a: Garchomp\n|move|p2a: Garchomp|Earthquake|p1a: Kingambit|[spread] p1a,p1b\n|-immune|p2b: Gyarados\n|-supereffective|p1a: Kingambit|1\n|-damage|p1a: Kingambit|2/100 brn\n|-damage|p1b: Garchomp|1/100\n|-damage|p2a: Garchomp|26/100|[from] item: Life Orb\n|move|p2b: Gyarados|Dragon Dance|p2b: Gyarados\n|-boost|p2b: Gyarados|atk|1\n|-boost|p2b: Gyarados|spe|1\n|move|p1a: Kingambit|Kowtow Cleave|p2b: Gyarados\n|-damage|p2b: Gyarados|0 fnt\n|faint|p2b: Gyarados\n|\n|-damage|p1a: Kingambit|0 fnt|[from] brn\n|faint|p1a: Kingambit\n|upkeep\n|\n|t:|1788363249\n|switch|p2b: Raichu|Raichu, L50, M|84/100\n|switch|p1a: Incineroar|Incineroar, L50, M, shiny|39/100\n|-ability|p1a: Incineroar|Intimidate|boost\n|-unboost|p2a: Garchomp|atk|1\n|-unboost|p2b: Raichu|atk|1\n|turn|7\n|\n|t:|1788363255\n|move|p2b: Raichu|Fake Out|p1b: Garchomp\n|-damage|p1b: Garchomp|0 fnt\n|-damage|p2b: Raichu|72/100|[from] ability: Rough Skin|[of] p1b: Garchomp\n|faint|p1b: Garchomp\n|move|p1a: Incineroar|Fake Out|p2b: Raichu\n|-damage|p2b: Raichu|56/100\n|move|p2a: Garchomp|Rock Slide|p1a: Incineroar|[miss]\n|-miss|p2a: Garchomp|p1a: Incineroar\n|\n|upkeep\n|\n|t:|1788363255\n|switch|p1b: Charizard|Charizard-Mega-Y, L50, M, shiny|26/100\n|-weather|SunnyDay|[from] ability: Drought|[of] p1b: Charizard\n|turn|8\n|\n|t:|1788363269\n|detailschange|p2b: Raichu|Raichu-Mega-Y, L50, M\n|-mega|p2b: Raichu|Raichu|Raichunite Y\n|move|p1b: Charizard|Protect|p1b: Charizard\n|-singleturn|p1b: Charizard|Protect\n|move|p2b: Raichu|Zap Cannon|p1a: Incineroar\n|-damage|p1a: Incineroar|0 fnt\n|faint|p1a: Incineroar\n|move|p2a: Garchomp|Rock Slide|p1b: Charizard\n|-activate|p1b: Charizard|move: Protect\n|\n|-weather|SunnyDay|[upkeep]\n|upkeep\n|turn|9\n|\n|t:|1788363277\n|move|p2b: Raichu|Zap Cannon|p1b: Charizard\n|-supereffective|p1b: Charizard|1\n|-damage|p1b: Charizard|0 fnt\n|faint|p1b: Charizard\n|\n|win|echoes630\n|raw|VictoriousDancing's rating: 1359 &rarr; <strong>1340</strong><br />(-19 for losing)\n|raw|echoes630's rating: 1368 &rarr; <strong>1387</strong><br />(+19 for winning)\n","uploadtime":1788363278,"views":"2","formatid":"gen9championsvgc2026regmb","rating":1340,"private":0,"password":null}