{"id":"gen9championsvgc2026regmbbo3-2674082407","format":"[Gen 9 Champions] VGC 2026 Reg M-B (Bo3)","players":["Amonio","DINOLONK"],"log":"|j|☆Amonio\n|j|☆DINOLONK\n|html|<table width=\"100%\"><tr><td align=\"left\">Amonio</td><td align=\"right\">DINOLONK</tr><tr><td align=\"left\"><i class=\"fa fa-circle\"></i> <i class=\"fa fa-circle-o\"></i> </td><td align=\"right\"><i class=\"fa fa-circle-o\"></i> <i class=\"fa fa-circle\"></i> </tr></table>\n|uhtml|bestof|<h2><strong>Game 3</strong> of <a href=\"/game-bestof3-gen9championsvgc2026regmbbo3-2674079261\">a best-of-3</a></h2>\n|t:|1788296692\n|gametype|doubles\n|player|p1|Amonio|102|1326\n|player|p2|DINOLONK|parasollady-gen4|1349\n|gen|9\n|tier|[Gen 9 Champions] VGC 2026 Reg M-B (Bo3)\n|rated|\n|rule|Species Clause: Limit one of each Pokémon\n|rule|Item Clause: Limit 1 of each item\n|clearpoke\n|poke|p1|Scovillain, L50, F|\n|poke|p1|Froslass, L50, F|\n|poke|p1|Lycanroc-Dusk, L50, M|\n|poke|p1|Sneasler, L50, F|\n|poke|p1|Kingambit, L50, F|\n|poke|p1|Basculegion, L50, M|\n|poke|p2|Dragonite, L50, M|\n|poke|p2|Sneasler, L50, M|\n|poke|p2|Kingambit, L50, F|\n|poke|p2|Basculegion, L50, M|\n|poke|p2|Whimsicott, L50, M|\n|poke|p2|Floette-Eternal, L50, F|\n|teampreview|4\n|showteam|p1|Scovillain||Scovillainite|Moody|Protect,RagePowder,GigaDrain,Overheat|Bold||F|||50|]Froslass||Froslassite|CursedBody|Protect,AuroraVeil,ShadowBall,Blizzard|Timid||F|||50|]Lycanroc-Dusk||FocusSash|ToughClaws|Protect,Accelerock,RockSlide,CloseCombat|Adamant||M|||50|]Sneasler||WhiteHerb|Unburden|Protect,FakeOut,CloseCombat,DireClaw|Jolly||F|||50|]Kingambit||BlackGlasses|Defiant|SuckerPunch,SwordsDance,Protect,KowtowCleave|Adamant||F|||50|]Basculegion||LifeOrb|Adaptability|WaveCrash,Protect,AquaJet,LastRespects|Adamant||M|||50|\n|showteam|p2|Dragonite||Dragoninite|InnerFocus|DragonPulse,HeatWave,Thunderbolt,Protect|Modest||M|||50|]Sneasler||WhiteHerb|Unburden|DireClaw,CloseCombat,RockSlide,FakeOut|Jolly||M|||50|]Kingambit||ChopleBerry|Defiant|KowtowCleave,SuckerPunch,LowKick,IronHead|Adamant||F|||50|]Basculegion||LifeOrb|Adaptability|WaveCrash,LastRespects,AquaJet,Protect|Adamant||M|||50|]Whimsicott||FocusSash|Prankster|Moonblast,Tailwind,Encore,Protect|Timid||M|||50|]Floette-Eternal||Floettite|FlowerVeil|Moonblast,DazzlingGleam,LightofRuin,Protect|Timid||F|||50|\n|inactive|Battle timer is ON: inactive players will automatically lose when time's up. (requested by DINOLONK)\n|inactive|Amonio has 60 seconds left.\n|\n|t:|1788296730\n|teamsize|p1|4\n|teamsize|p2|4\n|start\n|switch|p1a: Scovillain|Scovillain, L50, F|100/100\n|switch|p1b: Sneasler|Sneasler, L50, F|100/100\n|switch|p2a: Sneasler|Sneasler, L50, M|100/100\n|switch|p2b: Floette|Floette-Eternal, L50, F|100/100\n|turn|1\n|inactive|DINOLONK has 30 seconds left.\n|\n|t:|1788296757\n|detailschange|p2b: Floette|Floette-Mega, L50, F\n|-mega|p2b: Floette|Floette|Floettite\n|-ability|p2b: Floette|Fairy Aura\n|move|p1b: Sneasler|Protect|p1b: Sneasler\n|-singleturn|p1b: Sneasler|Protect\n|move|p1a: Scovillain|Protect|p1a: Scovillain\n|-singleturn|p1a: Scovillain|Protect\n|move|p2a: Sneasler|Fake Out|p1b: Sneasler\n|-activate|p1b: Sneasler|move: Protect\n|move|p2b: Floette|Dazzling Gleam|p1a: Scovillain|[spread] \n|-activate|p1a: Scovillain|move: Protect\n|-activate|p1b: Sneasler|move: Protect\n|\n|-ability|p1a: Scovillain|Moody|boost\n|-boost|p1a: Scovillain|spa|2\n|-unboost|p1a: Scovillain|spe|1\n|upkeep\n|turn|2\n|inactive|Amonio has 30 seconds left.\n|inactive|Amonio has 20 seconds left.\n|inactive|Amonio has 15 seconds left.\n|inactive|Amonio has 10 seconds left.\n|inactive|Amonio has 5 seconds left.\n|\n|t:|1788296812\n|switch|p2b: Kingambit|Kingambit, L50, F|100/100\n|move|p1b: Sneasler|Protect||[still]\n|-fail|p1b: Sneasler\n|move|p1a: Scovillain|Protect|p1a: Scovillain\n|-singleturn|p1a: Scovillain|Protect\n|move|p2a: Sneasler|Dire Claw|p1a: Scovillain\n|-activate|p1a: Scovillain|move: Protect\n|\n|-ability|p1a: Scovillain|Moody|boost\n|-boost|p1a: Scovillain|def|2\n|-unboost|p1a: Scovillain|spe|1\n|upkeep\n|turn|3\n|\n|t:|1788296829\n|detailschange|p1a: Scovillain|Scovillain-Mega, L50, F\n|-mega|p1a: Scovillain|Scovillain|Scovillainite\n|move|p1a: Scovillain|Rage Powder|p1a: Scovillain\n|-singleturn|p1a: Scovillain|move: Rage Powder\n|move|p1b: Sneasler|Close Combat|p2b: Kingambit\n|-supereffective|p2b: Kingambit|2\n|-enditem|p2b: Kingambit|Chople Berry|[eat]\n|-enditem|p2b: Kingambit|Chople Berry|[weaken]\n|-damage|p2b: Kingambit|4/100\n|-unboost|p1b: Sneasler|def|1\n|-unboost|p1b: Sneasler|spd|1\n|-enditem|p1b: Sneasler|White Herb\n|-clearnegativeboost|p1b: Sneasler|[silent]\n|move|p2a: Sneasler|Dire Claw|p1a: Scovillain\n|-supereffective|p1a: Scovillain|1\n|-damage|p1a: Scovillain|63/100\n|-status|p2a: Sneasler|brn|[from] ability: Spicy Spray|[of] p1a: Scovillain\n|move|p2b: Kingambit|Kowtow Cleave|p1a: Scovillain\n|-damage|p1a: Scovillain|42/100\n|-status|p2b: Kingambit|brn|[from] ability: Spicy Spray|[of] p1a: Scovillain\n|\n|-damage|p2a: Sneasler|94/100 brn|[from] brn\n|-damage|p2b: Kingambit|0 fnt|[from] brn\n|faint|p2b: Kingambit\n|upkeep\n|\n|t:|1788296846\n|switch|p2b: Basculegion|Basculegion, L50, M|100/100\n|turn|4\n|\n|t:|1788296876\n|move|p1b: Sneasler|Dire Claw|p2b: Basculegion\n|-resisted|p2b: Basculegion|1\n|-damage|p2b: Basculegion|76/100\n|-status|p2b: Basculegion|psn\n|move|p2a: Sneasler|Rock Slide|p1b: Sneasler|[spread] p1a,p1b\n|-supereffective|p1a: Scovillain|1\n|-resisted|p1b: Sneasler|1\n|-damage|p1a: Scovillain|33/100\n|-damage|p1b: Sneasler|92/100\n|move|p2b: Basculegion|Wave Crash|p1a: Scovillain\n|-damage|p1a: Scovillain|0 fnt\n|faint|p1a: Scovillain\n|-damage|p2b: Basculegion|67/100 psn|[from] Recoil\n|-damage|p2b: Basculegion|57/100 psn|[from] item: Life Orb\n|\n|-damage|p2b: Basculegion|45/100 psn|[from] psn\n|-damage|p2a: Sneasler|88/100 brn|[from] brn\n|upkeep\n|\n|t:|1788296885\n|switch|p1a: Kingambit|Kingambit, L50, F|100/100\n|turn|5\n|inactive|DINOLONK has 30 seconds left.\n|\n|t:|1788296912\n|move|p2b: Basculegion|Protect|p2b: Basculegion\n|-singleturn|p2b: Basculegion|Protect\n|move|p1a: Kingambit|Protect|p1a: Kingambit\n|-singleturn|p1a: Kingambit|Protect\n|move|p1b: Sneasler|Close Combat|p2a: Sneasler\n|-resisted|p2a: Sneasler|1\n|-damage|p2a: Sneasler|37/100 brn\n|-unboost|p1b: Sneasler|def|1\n|-unboost|p1b: Sneasler|spd|1\n|move|p2a: Sneasler|Close Combat|p1a: Kingambit\n|-activate|p1a: Kingambit|move: Protect\n|\n|-damage|p2b: Basculegion|32/100 psn|[from] psn\n|-damage|p2a: Sneasler|31/100 brn|[from] brn\n|upkeep\n|turn|6\n|\n|t:|1788296920\n|move|p2b: Basculegion|Aqua Jet|p1b: Sneasler\n|-damage|p1b: Sneasler|0 fnt\n|faint|p1b: Sneasler\n|-damage|p2b: Basculegion|23/100 psn|[from] item: Life Orb\n|move|p1a: Kingambit|Sucker Punch||[still]\n|-fail|p1a: Kingambit\n|move|p2a: Sneasler|Close Combat|p1a: Kingambit\n|-supereffective|p1a: Kingambit|2\n|-damage|p1a: Kingambit|0 fnt\n|-unboost|p2a: Sneasler|def|1\n|-unboost|p2a: Sneasler|spd|1\n|faint|p1a: Kingambit\n|-enditem|p2a: Sneasler|White Herb\n|-clearnegativeboost|p2a: Sneasler|[silent]\n|\n|-damage|p2b: Basculegion|10/100 psn|[from] psn\n|-damage|p2a: Sneasler|25/100 brn|[from] brn\n|upkeep\n|\n|t:|1788296923\n|switch|p1b: Basculegion|Basculegion, L50, M|100/100\n|turn|7\n|\n|t:|1788296940\n|move|p1b: Basculegion|Aqua Jet|p2b: Basculegion\n|-resisted|p2b: Basculegion|1\n|-damage|p2b: Basculegion|0 fnt\n|faint|p2b: Basculegion\n|-damage|p1b: Basculegion|90/100|[from] item: Life Orb\n|move|p2a: Sneasler|Dire Claw|p1b: Basculegion\n|-resisted|p1b: Basculegion|1\n|-damage|p1b: Basculegion|78/100\n|-status|p1b: Basculegion|par\n|\n|-damage|p2a: Sneasler|19/100 brn|[from] brn\n|upkeep\n|\n|t:|1788296944\n|switch|p2b: Floette|Floette-Mega, L50, F|100/100\n|-ability|p2b: Floette|Fairy Aura\n|turn|8\n|\n|t:|1788296951\n|move|p2a: Sneasler|Dire Claw|p1b: Basculegion\n|-resisted|p1b: Basculegion|1\n|-damage|p1b: Basculegion|67/100 par\n|move|p2b: Floette|Moonblast|p1b: Basculegion\n|-damage|p1b: Basculegion|0 fnt\n|faint|p1b: Basculegion\n|\n|win|DINOLONK\n|raw|Amonio's rating: 1326 &rarr; <strong>1307</strong><br />(-19 for losing)\n|raw|DINOLONK's rating: 1349 &rarr; <strong>1368</strong><br />(+19 for winning)\n","uploadtime":1788296951,"views":"1","formatid":"gen9championsvgc2026regmbbo3","rating":1307,"private":0,"password":null}