{"id":"gen9championsvgc2026regmb-2674765293","format":"[Gen 9 Champions] VGC 2026 Reg M-B","players":["Sparkles1755","ElNumberWan"],"log":"|j|☆Sparkles1755\n|j|☆ElNumberWan\n|t:|1788402706\n|gametype|doubles\n|player|p1|Sparkles1755|veteran|1531\n|player|p2|ElNumberWan|benga|1508\n|gen|9\n|tier|[Gen 9 Champions] VGC 2026 Reg M-B\n|rated|\n|rule|Species Clause: Limit one of each Pokémon\n|rule|Item Clause: Limit 1 of each item\n|clearpoke\n|poke|p1|Charizard, L50, M|\n|poke|p1|Floette-Eternal, L50, F|\n|poke|p1|Zoroark-Hisui, L50, M|\n|poke|p1|Kingambit, L50, F|\n|poke|p1|Sneasler, L50, F|\n|poke|p1|Farigiraf, L50, F|\n|poke|p2|Kingambit, L50, M|\n|poke|p2|Delphox, L50, F|\n|poke|p2|Blastoise, L50, M|\n|poke|p2|Sinistcha, L50|\n|poke|p2|Sneasler, L50, F|\n|poke|p2|Garchomp, L50, M|\n|teampreview|4\n|inactive|Battle timer is ON: inactive players will automatically lose when time's up. (requested by Sparkles1755)\n|j| Tarnum\n|inactive|ElNumberWan has 60 seconds left.\n|\n|t:|1788402748\n|teamsize|p1|4\n|teamsize|p2|4\n|start\n|switch|p1a: Kingambit|Kingambit, L50, F|100/100\n|switch|p1b: Sneasler|Sneasler, L50, F|100/100\n|switch|p2a: Kingambit|Kingambit, L50, M|100/100\n|switch|p2b: Sneasler|Sneasler, L50, F|100/100\n|turn|1\n|c|☆ElNumberWan|a\n|\n|t:|1788402767\n|switch|p2a: Garchomp|Garchomp, L50, M|100/100\n|move|p2b: Sneasler|Close Combat|p1a: Kingambit\n|-supereffective|p1a: Kingambit|2\n|-damage|p1a: Kingambit|0 fnt\n|-unboost|p2b: Sneasler|def|1\n|-unboost|p2b: Sneasler|spd|1\n|faint|p1a: Kingambit\n|move|p1b: Sneasler|Icy Wind|p2b: Sneasler|[spread] p2a,p2b\n|-supereffective|p2a: Garchomp|2\n|-damage|p2a: Garchomp|47/100\n|-damage|p2b: Sneasler|73/100\n|-unboost|p2a: Garchomp|spe|1\n|-unboost|p2b: Sneasler|spe|1\n|\n|upkeep\n|\n|t:|1788402775\n|switch|p1a: Floette|Floette-Eternal, L50, F|100/100\n|turn|2\n|j| Abstract_97\n|\n|t:|1788402793\n|switch|p1b: Sneasler|Sneasler, L50, F|100/100\n|detailschange|p1a: Floette|Floette-Mega, L50, F\n|-mega|p1a: Floette|Floette|Floettite\n|-ability|p1a: Floette|Fairy Aura\n|move|p1a: Floette|Dazzling Gleam|p2a: Garchomp|[spread] p2a,p2b\n|-supereffective|p2a: Garchomp|1\n|-damage|p2a: Garchomp|0 fnt\n|-damage|p2b: Sneasler|0 fnt\n|faint|p2a: Garchomp\n|faint|p2b: Sneasler\n|\n|upkeep\n|\n|t:|1788402800\n|switch|p2b: Delphox|Delphox, L50, F|100/100\n|switch|p2a: Kingambit|Kingambit, L50, M|100/100\n|turn|3\n|\n|t:|1788402816\n|detailschange|p2b: Delphox|Delphox-Mega, L50, F\n|-mega|p2b: Delphox|Delphox|Delphoxite\n|move|p1b: Sneasler|Fake Out|p2b: Delphox\n|-damage|p2b: Delphox|77/100\n|cant|p2b: Delphox|flinch\n|move|p1a: Floette|Light of Ruin|p2a: Kingambit\n|-damage|p2a: Kingambit|13/100\n|-damage|p1a: Floette|40/100|[from] Recoil\n|move|p2a: Kingambit|Iron Head|p1a: Floette\n|-supereffective|p1a: Floette|1\n|-damage|p1a: Floette|0 fnt\n|faint|p1a: Floette\n|\n|upkeep\n|\n|t:|1788402825\n|switch|p1a: Sneasler|Sneasler, L50, F|100/100\n|turn|4\n|inactive|Sparkles1755 has 30 seconds left.\n|\n|t:|1788402850\n|move|p1b: Sneasler|Protect|p1b: Sneasler\n|-singleturn|p1b: Sneasler|Protect\n|move|p2a: Kingambit|Sucker Punch|p1a: Sneasler\n|-supereffective|p1a: Sneasler|1\n|-enditem|p1a: Sneasler|Focus Sash\n|-damage|p1a: Sneasler|1/100\n|replace|p1a: Zoroark|Zoroark-Hisui, L50, M\n|-end|p1a: Zoroark|Illusion\n|move|p2b: Delphox|Psychic|p1b: Sneasler\n|-activate|p1b: Sneasler|move: Protect\n|move|p1a: Zoroark|Icy Wind|p2b: Delphox|[spread] p2a,p2b\n|-resisted|p2a: Kingambit|1\n|-resisted|p2b: Delphox|1\n|-damage|p2a: Kingambit|7/100\n|-damage|p2b: Delphox|70/100\n|-unboost|p2a: Kingambit|spe|1\n|-ability|p2a: Kingambit|Defiant|boost\n|-boost|p2a: Kingambit|atk|2\n|-unboost|p2b: Delphox|spe|1\n|\n|upkeep\n|turn|5\n|inactive|Sparkles1755 has 30 seconds left.\n|inactive|Sparkles1755 has 20 seconds left.\n|inactive|Sparkles1755 has 15 seconds left.\n|\n|t:|1788402894\n|move|p1a: Zoroark|Protect|p1a: Zoroark\n|-singleturn|p1a: Zoroark|Protect\n|move|p2a: Kingambit|Sucker Punch||[still]\n|-fail|p2a: Kingambit\n|move|p1b: Sneasler|Close Combat|p2a: Kingambit\n|-supereffective|p2a: Kingambit|2\n|-enditem|p2a: Kingambit|Chople Berry|[eat]\n|-enditem|p2a: Kingambit|Chople Berry|[weaken]\n|-damage|p2a: Kingambit|0 fnt\n|-unboost|p1b: Sneasler|def|1\n|-unboost|p1b: Sneasler|spd|1\n|faint|p2a: Kingambit\n|-enditem|p1b: Sneasler|White Herb\n|-clearnegativeboost|p1b: Sneasler|[silent]\n|move|p2b: Delphox|Psychic|p1b: Sneasler\n|-supereffective|p1b: Sneasler|2\n|-damage|p1b: Sneasler|0 fnt\n|faint|p1b: Sneasler\n|\n|upkeep\n|turn|6\n|c|☆Sparkles1755|I don't think I kill\n|c|☆Sparkles1755|But I might\n|\n|t:|1788402918\n|move|p1a: Zoroark|Bitter Malice|p2b: Delphox\n|-supereffective|p2b: Delphox|1\n|-damage|p2b: Delphox|1/100\n|-unboost|p2b: Delphox|atk|1\n|move|p2b: Delphox|Psychic|p1a: Zoroark\n|-damage|p1a: Zoroark|0 fnt\n|faint|p1a: Zoroark\n|\n|win|ElNumberWan\n|raw|Sparkles1755's rating: 1531 &rarr; <strong>1510</strong><br />(-21 for losing)\n|raw|ElNumberWan's rating: 1508 &rarr; <strong>1529</strong><br />(+21 for winning)\n|l|☆Sparkles1755\n|player|p1|\n|l| Tarnum\n","uploadtime":1788402951,"views":"0","formatid":"gen9championsvgc2026regmb","rating":1510,"private":0,"password":null}