{"id":"gen9championsvgc2026regmb-2674143912","format":"[Gen 9 Champions] VGC 2026 Reg M-B","players":["BlueJello44","GoodQuestion982"],"log":"|j|☆BlueJello44\n|j|☆GoodQuestion982\n|t:|1788305661\n|gametype|doubles\n|player|p1|BlueJello44|169|1024\n|player|p2|GoodQuestion982|265|1038\n|gen|9\n|tier|[Gen 9 Champions] VGC 2026 Reg M-B\n|rated|\n|rule|Species Clause: Limit one of each Pokémon\n|rule|Item Clause: Limit 1 of each item\n|clearpoke\n|poke|p1|Sceptile, L50, F|\n|poke|p1|Rotom-Heat, L50|\n|poke|p1|Aerodactyl, L50, F|\n|poke|p1|Basculegion, L50, M|\n|poke|p1|Kingambit, L50, M|\n|poke|p1|Clefable, L50, M|\n|poke|p2|Metagross, L50, shiny|\n|poke|p2|Gliscor, L50, M|\n|poke|p2|Tinkaton, L50, F|\n|poke|p2|Greninja, L50, M, shiny|\n|poke|p2|Glimmora, L50, F|\n|poke|p2|Arcanine-Hisui, L50, F|\n|teampreview|4\n|\n|t:|1788305679\n|teamsize|p1|4\n|teamsize|p2|4\n|start\n|switch|p1a: Sceptile|Sceptile, L50, F|100/100\n|switch|p1b: Rotom|Rotom-Heat, L50|100/100\n|switch|p2a: Gliscor|Gliscor, L50, M|100/100\n|switch|p2b: Tinkaton|Tinkaton, L50, F|100/100\n|-ability|p2b: Tinkaton|Mold Breaker\n|turn|1\n|\n|t:|1788305714\n|detailschange|p1a: Sceptile|Sceptile-Mega, L50, F\n|-mega|p1a: Sceptile|Sceptile|Sceptilite\n|move|p1b: Rotom|Discharge|p2b: Tinkaton|[spread] p2b\n|-ability|p1a: Sceptile|Lightning Rod|boost\n|-boost|p1a: Sceptile|spa|1\n|-immune|p2a: Gliscor\n|-damage|p2b: Tinkaton|71/100\n|move|p1a: Sceptile|Earth Power|p2b: Tinkaton\n|-supereffective|p2b: Tinkaton|1\n|-damage|p2b: Tinkaton|0 fnt\n|faint|p2b: Tinkaton\n|move|p2a: Gliscor|Acrobatics|p1a: Sceptile\n|-supereffective|p1a: Sceptile|1\n|-damage|p1a: Sceptile|0 fnt\n|faint|p1a: Sceptile\n|\n|upkeep\n|\n|t:|1788305740\n|switch|p1a: Kingambit|Kingambit, L50, M|100/100\n|switch|p2b: Greninja|Greninja, L50, M, shiny|100/100\n|turn|2\n|inactive|Battle timer is ON: inactive players will automatically lose when time's up. (requested by GoodQuestion982)\n|\n|t:|1788305762\n|move|p1b: Rotom|Discharge|p2a: Gliscor|[spread] p1a,p2b\n|-immune|p2a: Gliscor\n|-supereffective|p2b: Greninja|1\n|-damage|p1a: Kingambit|71/100\n|-damage|p2b: Greninja|10/100\n|-status|p1a: Kingambit|par\n|-status|p2b: Greninja|par\n|move|p2a: Gliscor|Crabhammer|p1b: Rotom\n|-supereffective|p1b: Rotom|1\n|-damage|p1b: Rotom|27/100\n|move|p2b: Greninja|Taunt|p1a: Kingambit\n|-start|p2b: Greninja|typechange|Dark|[from] ability: Protean\n|-start|p1a: Kingambit|move: Taunt\n|move|p1a: Kingambit|Low Kick|p2b: Greninja\n|-supereffective|p2b: Greninja|1\n|-damage|p2b: Greninja|0 fnt\n|faint|p2b: Greninja\n|\n|upkeep\n|\n|t:|1788305784\n|switch|p2b: Metagross|Metagross, L50, shiny|100/100\n|turn|3\n|\n|t:|1788305793\n|detailschange|p2b: Metagross|Metagross-Mega, L50, shiny\n|-mega|p2b: Metagross|Metagross|Metagrossite\n|move|p1a: Kingambit|Sucker Punch|p2b: Metagross\n|-supereffective|p2b: Metagross|1\n|-damage|p2b: Metagross|33/100\n|move|p1b: Rotom|Discharge|p2b: Metagross|[spread] p1a,p2b\n|-immune|p2a: Gliscor\n|-damage|p1a: Kingambit|44/100 par\n|-damage|p2b: Metagross|6/100\n|-status|p2b: Metagross|par\n|move|p2a: Gliscor|Crabhammer|p1b: Rotom\n|-supereffective|p1b: Rotom|1\n|-damage|p1b: Rotom|0 fnt\n|faint|p1b: Rotom\n|cant|p2b: Metagross|par\n|\n|upkeep\n|\n|t:|1788305807\n|switch|p1b: Clefable|Clefable, L50, M|100/100\n|turn|4\n|\n|t:|1788305822\n|move|p1b: Clefable|Follow Me|p1b: Clefable\n|-singleturn|p1b: Clefable|move: Follow Me\n|move|p2a: Gliscor|Swords Dance|p2a: Gliscor\n|-boost|p2a: Gliscor|atk|2\n|move|p2b: Metagross|Agility|p2b: Metagross\n|-boost|p2b: Metagross|spe|2\n|move|p1a: Kingambit|Kowtow Cleave|p2b: Metagross\n|-supereffective|p2b: Metagross|1\n|-damage|p2b: Metagross|0 fnt\n|faint|p2b: Metagross\n|\n|-end|p1a: Kingambit|move: Taunt\n|upkeep\n|turn|5\n|inactive|BlueJello44 has 30 seconds left.\n|inactive|GoodQuestion982 has 30 seconds left.\n|inactive|BlueJello44 has 20 seconds left.\n|inactive|BlueJello44 has 15 seconds left.\n|inactive|BlueJello44 has 10 seconds left.\n|inactive|BlueJello44 has 5 seconds left.\n|\n|t:|1788305877\n|move|p2a: Gliscor|Earthquake|p1b: Clefable|[spread] p1a,p1b\n|-supereffective|p1a: Kingambit|1\n|-damage|p1a: Kingambit|0 fnt\n|-damage|p1b: Clefable|74/100\n|faint|p1a: Kingambit\n|move|p1b: Clefable|Moonblast|p2a: Gliscor\n|-damage|p2a: Gliscor|53/100\n|\n|upkeep\n|turn|6\n|\n|t:|1788305890\n|move|p2a: Gliscor|Acrobatics|p1b: Clefable\n|-damage|p1b: Clefable|31/100\n|-enditem|p1b: Clefable|Sitrus Berry|[eat]\n|-heal|p1b: Clefable|56/100|[from] item: Sitrus Berry\n|move|p1b: Clefable|Moonblast|p2a: Gliscor\n|-damage|p2a: Gliscor|7/100\n|\n|upkeep\n|turn|7\n|\n|t:|1788305900\n|move|p2a: Gliscor|Acrobatics|p1b: Clefable\n|-damage|p1b: Clefable|17/100\n|move|p1b: Clefable|Moonblast|p2a: Gliscor\n|-damage|p2a: Gliscor|0 fnt\n|faint|p2a: Gliscor\n|\n|win|BlueJello44\n|raw|BlueJello44's rating: 1024 &rarr; <strong>1062</strong><br />(+38 for winning)\n|raw|GoodQuestion982's rating: 1038 &rarr; <strong>1022</strong><br />(-16 for losing)\n|l|☆GoodQuestion982\n|player|p2|\n","uploadtime":1788305909,"views":"0","formatid":"gen9championsvgc2026regmb","rating":1022,"private":0,"password":null}