{"id":"gen9championsvgc2026regmb-2674640001","format":"[Gen 9 Champions] VGC 2026 Reg M-B","players":["mimrat6","Arasdir"],"log":"|j|☆mimrat6\n|j|☆Arasdir\n|t:|1788383736\n|gametype|doubles\n|player|p1|mimrat6|backersf|1464\n|player|p2|Arasdir|guitarist-gen2|1546\n|gen|9\n|tier|[Gen 9 Champions] VGC 2026 Reg M-B\n|rated|\n|rule|Species Clause: Limit one of each Pokémon\n|rule|Item Clause: Limit 1 of each item\n|clearpoke\n|poke|p1|Ninetales-Alola, L50, F|\n|poke|p1|Incineroar, L50, M|\n|poke|p1|Dragonite, L50, F|\n|poke|p1|Sneasler, L50, F|\n|poke|p1|Gengar, L50, M|\n|poke|p1|Swampert, L50, M|\n|poke|p2|Basculegion, L50, M|\n|poke|p2|Garchomp, L50, M|\n|poke|p2|Scizor, L50, M|\n|poke|p2|Tyranitar, L50, M|\n|poke|p2|Sneasler, L50, M|\n|poke|p2|Corviknight, L50, F|\n|teampreview|4\n|inactive|Battle timer is ON: inactive players will automatically lose when time's up. (requested by Arasdir)\n|inactive|mimrat6 has 60 seconds left.\n|\n|t:|1788383772\n|teamsize|p1|4\n|teamsize|p2|4\n|start\n|switch|p1a: Swampert|Swampert, L50, M|100/100\n|switch|p1b: Gengar|Gengar, L50, M|100/100\n|switch|p2a: Garchomp|Garchomp, L50, M|100/100\n|switch|p2b: Corviknight|Corviknight, L50, F|100/100\n|turn|1\n|inactive|Arasdir has 30 seconds left.\n|\n|t:|1788383803\n|detailschange|p1b: Gengar|Gengar-Mega, L50, M\n|-mega|p1b: Gengar|Gengar|Gengarite\n|move|p1b: Gengar|Protect|p1b: Gengar\n|-singleturn|p1b: Gengar|Protect\n|move|p2a: Garchomp|Protect|p2a: Garchomp\n|-singleturn|p2a: Garchomp|Protect\n|move|p2b: Corviknight|Tailwind|p2b: Corviknight\n|-sidestart|p2: Arasdir|move: Tailwind\n|move|p1a: Swampert|Flip Turn|p2a: Garchomp\n|-activate|p2a: Garchomp|move: Protect\n|\n|upkeep\n|turn|2\n|\n|t:|1788383822\n|switch|p1b: Dragonite|Dragonite, L50, F|100/100\n|detailschange|p2a: Garchomp|Garchomp-Mega, L50, M\n|-mega|p2a: Garchomp|Garchomp|Garchompite\n|move|p2a: Garchomp|Earth Power|p1b: Dragonite\n|-immune|p1b: Dragonite\n|move|p2b: Corviknight|Brave Bird|p1a: Swampert\n|-damage|p1a: Swampert|72/100\n|-damage|p2b: Corviknight|90/100|[from] Recoil\n|move|p1a: Swampert|Flip Turn|p2a: Garchomp\n|-damage|p2a: Garchomp|80/100\n|\n|t:|1788383836\n|switch|p1a: Incineroar|Incineroar, L50, M|100/100|[from] Flip Turn\n|-ability|p1a: Incineroar|Intimidate|boost\n|-unboost|p2a: Garchomp|atk|1\n|-ability|p2b: Corviknight|Mirror Armor\n|-unboost|p1a: Incineroar|atk|1\n|\n|-heal|p2b: Corviknight|96/100|[from] item: Leftovers\n|upkeep\n|turn|3\n|\n|t:|1788383850\n|move|p1b: Dragonite|Protect|p1b: Dragonite\n|-singleturn|p1b: Dragonite|Protect\n|move|p2a: Garchomp|Draco Meteor|p1b: Dragonite\n|-activate|p1b: Dragonite|move: Protect\n|move|p2b: Corviknight|Iron Head|p1b: Dragonite\n|-activate|p1b: Dragonite|move: Protect\n|move|p1a: Incineroar|Parting Shot|p2a: Garchomp\n|-unboost|p2a: Garchomp|atk|1\n|-unboost|p2a: Garchomp|spa|1\n|\n|t:|1788383863\n|switch|p1a: Gengar|Gengar-Mega, L50, M|100/100|[from] Parting Shot\n|\n|-heal|p2b: Corviknight|100/100|[from] item: Leftovers\n|upkeep\n|turn|4\n|\n|t:|1788383882\n|move|p1a: Gengar|Protect|p1a: Gengar\n|-singleturn|p1a: Gengar|Protect\n|move|p2a: Garchomp|Earth Power|p1a: Gengar\n|-activate|p1a: Gengar|move: Protect\n|move|p2b: Corviknight|Brave Bird|p1a: Gengar\n|-activate|p1a: Gengar|move: Protect\n|move|p1b: Dragonite|Dragon Claw|p2a: Garchomp\n|-supereffective|p2a: Garchomp|1\n|-damage|p2a: Garchomp|0 fnt\n|faint|p2a: Garchomp\n|-damage|p1b: Dragonite|90/100|[from] item: Life Orb\n|\n|-sideend|p2: Arasdir|move: Tailwind\n|upkeep\n|c|☆Arasdir|:DD fck nice protects\n|\n|t:|1788383896\n|switch|p2a: Tyranitar|Tyranitar, L50, M|100/100\n|-weather|Sandstorm|[from] ability: Sand Stream|[of] p2a: Tyranitar\n|turn|5\n|\n|t:|1788383908\n|switch|p1a: Incineroar|Incineroar, L50, M|100/100\n|-ability|p1a: Incineroar|Intimidate|boost\n|-unboost|p2a: Tyranitar|atk|1\n|-ability|p2b: Corviknight|Mirror Armor\n|-unboost|p1a: Incineroar|atk|1\n|move|p2a: Tyranitar|Rock Slide|p1a: Incineroar|[spread] p1b\n|-miss|p2a: Tyranitar|p1a: Incineroar\n|-supereffective|p1b: Dragonite|1\n|-damage|p1b: Dragonite|55/100\n|move|p1b: Dragonite|Superpower|p2a: Tyranitar\n|-supereffective|p2a: Tyranitar|2\n|-damage|p2a: Tyranitar|0 fnt\n|-unboost|p1b: Dragonite|atk|1\n|-unboost|p1b: Dragonite|def|1\n|faint|p2a: Tyranitar\n|-damage|p1b: Dragonite|46/100|[from] item: Life Orb\n|move|p2b: Corviknight|Brave Bird|p1a: Incineroar\n|-damage|p1a: Incineroar|73/100\n|-damage|p2b: Corviknight|91/100|[from] Recoil\n|\n|-weather|Sandstorm|[upkeep]\n|-damage|p1b: Dragonite|40/100|[from] Sandstorm\n|-damage|p1a: Incineroar|67/100|[from] Sandstorm\n|-heal|p2b: Corviknight|97/100|[from] item: Leftovers\n|upkeep\n|\n|t:|1788383921\n|switch|p2a: Basculegion|Basculegion, L50, M|100/100\n|turn|6\n|\n|t:|1788383944\n|switch|p1a: Swampert|Swampert, L50, M|72/100\n|move|p1b: Dragonite|Protect|p1b: Dragonite\n|-singleturn|p1b: Dragonite|Protect\n|move|p2a: Basculegion|Wave Crash|p1a: Swampert\n|-damage|p1a: Swampert|13/100\n|-damage|p2a: Basculegion|79/100|[from] Recoil\n|move|p2b: Corviknight|Tailwind|p2b: Corviknight\n|-sidestart|p2: Arasdir|move: Tailwind\n|\n|-weather|Sandstorm|[upkeep]\n|-damage|p2a: Basculegion|73/100|[from] Sandstorm\n|-damage|p1b: Dragonite|34/100|[from] Sandstorm\n|-heal|p2b: Corviknight|100/100|[from] item: Leftovers\n|-heal|p1a: Swampert|18/100|[from] item: Leftovers\n|upkeep\n|turn|7\n|\n|t:|1788383966\n|switch|p1b: Incineroar|Incineroar, L50, M|67/100\n|-ability|p1b: Incineroar|Intimidate|boost\n|-unboost|p2a: Basculegion|atk|1\n|-ability|p2b: Corviknight|Mirror Armor\n|-unboost|p1b: Incineroar|atk|1\n|move|p2a: Basculegion|Aqua Jet|p1a: Swampert\n|-damage|p1a: Swampert|6/100\n|move|p2b: Corviknight|Brave Bird|p1b: Incineroar\n|-damage|p1b: Incineroar|41/100\n|-enditem|p1b: Incineroar|Sitrus Berry|[eat]\n|-heal|p1b: Incineroar|66/100|[from] item: Sitrus Berry\n|-damage|p2b: Corviknight|91/100|[from] Recoil\n|move|p1a: Swampert|High Horsepower|p2a: Basculegion\n|-damage|p2a: Basculegion|24/100\n|-enditem|p2a: Basculegion|Sitrus Berry|[eat]\n|-heal|p2a: Basculegion|49/100|[from] item: Sitrus Berry\n|\n|-weather|Sandstorm|[upkeep]\n|-damage|p2a: Basculegion|43/100|[from] Sandstorm\n|-damage|p1b: Incineroar|60/100|[from] Sandstorm\n|-heal|p2b: Corviknight|97/100|[from] item: Leftovers\n|-heal|p1a: Swampert|12/100|[from] item: Leftovers\n|upkeep\n|turn|8\n|inactive|mimrat6 has 30 seconds left.\n|inactive|Arasdir has 30 seconds left.\n|inactive|Arasdir has 20 seconds left.\n|\n|t:|1788384002\n|move|p1b: Incineroar|Fake Out|p2b: Corviknight\n|-resisted|p2b: Corviknight|1\n|-damage|p2b: Corviknight|95/100\n|move|p2a: Basculegion|Last Respects|p1a: Swampert\n|-damage|p1a: Swampert|0 fnt\n|faint|p1a: Swampert\n|cant|p2b: Corviknight|flinch\n|\n|-weather|Sandstorm|[upkeep]\n|-damage|p2a: Basculegion|37/100|[from] Sandstorm\n|-damage|p1b: Incineroar|54/100|[from] Sandstorm\n|-heal|p2b: Corviknight|100/100|[from] item: Leftovers\n|upkeep\n|\n|t:|1788384015\n|switch|p1a: Dragonite|Dragonite, L50, F|34/100\n|turn|9\n|\n|t:|1788384022\n|move|p2a: Basculegion|Wave Crash|p1b: Incineroar\n|-supereffective|p1b: Incineroar|1\n|-damage|p1b: Incineroar|0 fnt\n|faint|p1b: Incineroar\n|-damage|p2a: Basculegion|19/100|[from] Recoil\n|move|p2b: Corviknight|Brave Bird|p1a: Dragonite\n|-damage|p1a: Dragonite|1/100\n|-damage|p2b: Corviknight|89/100|[from] Recoil\n|move|p1a: Dragonite|Dragon Claw|p2a: Basculegion\n|-damage|p2a: Basculegion|0 fnt\n|faint|p2a: Basculegion\n|-damage|p1a: Dragonite|0 fnt|[from] item: Life Orb\n|faint|p1a: Dragonite\n|\n|-weather|none\n|-heal|p2b: Corviknight|95/100|[from] item: Leftovers\n|-sideend|p2: Arasdir|move: Tailwind\n|upkeep\n|\n|t:|1788384042\n|switch|p1a: Gengar|Gengar-Mega, L50, M|100/100\n|turn|10\n|\n|t:|1788384055\n|move|p1a: Gengar|Shadow Ball|p2b: Corviknight\n|-damage|p2b: Corviknight|58/100\n|move|p2b: Corviknight|Tailwind|p2b: Corviknight\n|-sidestart|p2: Arasdir|move: Tailwind\n|\n|-heal|p2b: Corviknight|64/100|[from] item: Leftovers\n|upkeep\n|turn|11\n|\n|t:|1788384066\n|move|p1a: Gengar|Shadow Ball|p2b: Corviknight\n|-damage|p2b: Corviknight|30/100\n|move|p2b: Corviknight|Iron Head|p1a: Gengar\n|-damage|p1a: Gengar|70/100\n|\n|-heal|p2b: Corviknight|36/100|[from] item: Leftovers\n|upkeep\n|turn|12\n|c|☆Arasdir|gg\n|\n|t:|1788384075\n|move|p1a: Gengar|Shadow Ball|p2b: Corviknight\n|-damage|p2b: Corviknight|0 fnt\n|faint|p2b: Corviknight\n|\n|win|mimrat6\n|raw|mimrat6's rating: 1464 &rarr; <strong>1489</strong><br />(+25 for winning)\n|raw|Arasdir's rating: 1546 &rarr; <strong>1521</strong><br />(-25 for losing)\n|l|☆Arasdir\n|player|p2|\n|c|☆mimrat6|Gg\n|l|☆mimrat6\n|player|p1|\n|j|☆mimrat6\n|player|p1|mimrat6|backersf|\n","uploadtime":1788384114,"views":"2","formatid":"gen9championsvgc2026regmb","rating":1489,"private":0,"password":null}