{"id":"gen9championsvgc2026regmbbo3-2673950951","format":"[Gen 9 Champions] VGC 2026 Reg M-B (Bo3)","players":["NeiloF18","PAZXD"],"log":"|j|☆NeiloF18\n|j|☆PAZXD\n|html|<table width=\"100%\"><tr><td align=\"left\">NeiloF18</td><td align=\"right\">PAZXD</tr><tr><td align=\"left\"><i class=\"fa fa-circle-o\"></i> <i class=\"fa fa-circle-o\"></i> </td><td align=\"right\"><i class=\"fa fa-circle-o\"></i> <i class=\"fa fa-circle-o\"></i> </tr></table>\n|uhtml|bestof|<h2><strong>Game 1</strong> of <a href=\"/game-bestof3-gen9championsvgc2026regmbbo3-2673950950\">a best-of-3</a></h2>\n|t:|1788280951\n|gametype|doubles\n|player|p1|NeiloF18|169|1137\n|player|p2|PAZXD|hilda-wonderlauncher|1163\n|gen|9\n|tier|[Gen 9 Champions] VGC 2026 Reg M-B (Bo3)\n|rated|\n|rule|Species Clause: Limit one of each Pokémon\n|rule|Item Clause: Limit 1 of each item\n|clearpoke\n|poke|p1|Raichu, L50, F|\n|poke|p1|Staraptor, L50, F|\n|poke|p1|Arcanine-Hisui, L50, M|\n|poke|p1|Farigiraf, L50, M|\n|poke|p1|Sylveon, L50, F|\n|poke|p1|Kingambit, L50, M|\n|poke|p2|Floette-Eternal, L50, F|\n|poke|p2|Whimsicott, L50, F|\n|poke|p2|Basculegion, L50, M|\n|poke|p2|Kingambit, L50, F|\n|poke|p2|Arcanine-Hisui, L50, F|\n|poke|p2|Dragonite, L50, F|\n|teampreview|4\n|showteam|p1|Raichu||RaichuniteY|LightningRod|ZapCannon,FocusBlast,FakeOut,Protect|Timid||F|||50|]Staraptor||Staraptite|Intimidate|CloseCombat,DualWingbeat,Tailwind,Protect|Jolly||F|||50|]Arcanine-Hisui||FocusSash|RockHead|FlareBlitz,HeadSmash,ExtremeSpeed,Protect|Jolly||M|||50|]Farigiraf||SitrusBerry|ArmorTail|Psychic,HelpingHand,TrickRoom,Protect|Calm||M|||50|]Sylveon||FairyFeather|Pixilate|HyperVoice,QuickAttack,HyperBeam,Detect|Modest||F|||50|]Kingambit||LifeOrb|Defiant|KowtowCleave,SuckerPunch,SwordsDance,Protect|Adamant||M|||50|\n|showteam|p2|Floette-Eternal||Floettite|FlowerVeil|Moonblast,DazzlingGleam,LightofRuin,Protect|Modest||F|||50|]Whimsicott||FocusSash|Prankster|Moonblast,Tailwind,Encore,Protect|Timid||F|||50|]Basculegion||ChoiceScarf|Adaptability|LastRespects,WaveCrash,AquaJet,FlipTurn|Jolly||M|||50|]Kingambit||BlackGlasses|Defiant|SuckerPunch,KowtowCleave,IronHead,Protect|Adamant||F|||50|]Arcanine-Hisui||SitrusBerry|RockHead|FlareBlitz,RockSlide,RockTomb,Protect|Jolly||F|||50|]Dragonite||DragonFang|InnerFocus|Protect,LowKick,ExtremeSpeed,DragonClaw|Adamant||F|||50|\n|inactive|Battle timer is ON: inactive players will automatically lose when time's up. (requested by NeiloF18)\n|inactive|NeiloF18 has 60 seconds left.\n|inactive|PAZXD has 60 seconds left.\n|inactive|NeiloF18 has 30 seconds left.\n|inactive|NeiloF18 has 20 seconds left.\n|inactive|NeiloF18 has 15 seconds left.\n|inactive|NeiloF18 has 10 seconds left.\n|\n|t:|1788281032\n|teamsize|p1|4\n|teamsize|p2|4\n|start\n|switch|p1a: Raichu|Raichu, L50, F|100/100\n|switch|p1b: Arcanine|Arcanine-Hisui, L50, M|100/100\n|switch|p2a: Kingambit|Kingambit, L50, F|100/100\n|switch|p2b: Whimsicott|Whimsicott, L50, F|100/100\n|turn|1\n|\n|t:|1788281047\n|switch|p2a: Basculegion|Basculegion, L50, M|100/100\n|detailschange|p1a: Raichu|Raichu-Mega-Y, L50, F\n|-mega|p1a: Raichu|Raichu|Raichunite Y\n|move|p2b: Whimsicott|Protect|p2b: Whimsicott\n|-singleturn|p2b: Whimsicott|Protect\n|move|p1a: Raichu|Focus Blast|p2a: Basculegion\n|-immune|p2a: Basculegion\n|move|p1b: Arcanine|Flare Blitz|p2b: Whimsicott\n|-activate|p2b: Whimsicott|move: Protect\n|\n|upkeep\n|turn|2\n|inactive|PAZXD has 30 seconds left.\n|inactive|NeiloF18 has 30 seconds left.\n|\n|t:|1788281080\n|move|p2b: Whimsicott|Tailwind|p2b: Whimsicott\n|-sidestart|p2: PAZXD|move: Tailwind\n|move|p2a: Basculegion|Flip Turn|p1b: Arcanine\n|-supereffective|p1b: Arcanine|2\n|-enditem|p1b: Arcanine|Focus Sash\n|-damage|p1b: Arcanine|1/100\n|\n|t:|1788281088\n|switch|p2a: Floette|Floette-Eternal, L50, F|100/100|[from] Flip Turn\n|move|p1a: Raichu|Zap Cannon|p2a: Floette\n|-damage|p2a: Floette|43/100\n|-status|p2a: Floette|par\n|move|p1b: Arcanine|Flare Blitz|p2b: Whimsicott\n|-supereffective|p2b: Whimsicott|1\n|-enditem|p2b: Whimsicott|Focus Sash\n|-damage|p2b: Whimsicott|1/100\n|\n|upkeep\n|turn|3\n|\n|t:|1788281108\n|detailschange|p2a: Floette|Floette-Mega, L50, F\n|-mega|p2a: Floette|Floette|Floettite\n|-ability|p2a: Floette|Fairy Aura\n|move|p2b: Whimsicott|Protect|p2b: Whimsicott\n|-singleturn|p2b: Whimsicott|Protect\n|move|p1b: Arcanine|Extreme Speed|p2a: Floette\n|-damage|p2a: Floette|11/100 par\n|move|p1a: Raichu|Zap Cannon|p2b: Whimsicott\n|-activate|p2b: Whimsicott|move: Protect\n|move|p2a: Floette|Dazzling Gleam|p1a: Raichu|[spread] p1a,p1b\n|-resisted|p1b: Arcanine|1\n|-damage|p1a: Raichu|38/100\n|-damage|p1b: Arcanine|0 fnt\n|faint|p1b: Arcanine\n|\n|upkeep\n|\n|t:|1788281119\n|switch|p1b: Farigiraf|Farigiraf, L50, M|100/100\n|turn|4\n|inactive|PAZXD has 30 seconds left.\n|\n|t:|1788281151\n|switch|p1a: Sylveon|Sylveon, L50, F|100/100\n|move|p2a: Floette|Protect|p2a: Floette\n|-singleturn|p2a: Floette|Protect\n|move|p2b: Whimsicott|Moonblast|p1a: Sylveon\n|-damage|p1a: Sylveon|70/100\n|move|p1b: Farigiraf|Trick Room|p1b: Farigiraf\n|-fieldstart|move: Trick Room|[of] p1b: Farigiraf\n|\n|upkeep\n|turn|5\n|\n|t:|1788281166\n|move|p1b: Farigiraf|Helping Hand|p1a: Sylveon\n|-singleturn|p1a: Sylveon|Helping Hand|[of] p1b: Farigiraf\n|move|p2b: Whimsicott|Encore||[still]\n|cant|p1b: Farigiraf|ability: Armor Tail|Encore|[of] p2b: Whimsicott\n|move|p1a: Sylveon|Hyper Voice|p2a: Floette|[spread] p2a,p2b\n|-damage|p2a: Floette|0 fnt\n|-damage|p2b: Whimsicott|0 fnt\n|faint|p2a: Floette\n|faint|p2b: Whimsicott\n|\n|-sideend|p2: PAZXD|move: Tailwind\n|upkeep\n|\n|t:|1788281172\n|switch|p2b: Kingambit|Kingambit, L50, F|100/100\n|switch|p2a: Basculegion|Basculegion, L50, M|100/100\n|turn|6\n|\n|t:|1788281192\n|move|p1b: Farigiraf|Helping Hand|p1a: Sylveon\n|-singleturn|p1a: Sylveon|Helping Hand|[of] p1b: Farigiraf\n|move|p2b: Kingambit|Iron Head|p1a: Sylveon\n|-supereffective|p1a: Sylveon|1\n|-damage|p1a: Sylveon|0 fnt\n|faint|p1a: Sylveon\n|move|p2a: Basculegion|Wave Crash|p1b: Farigiraf\n|-damage|p1b: Farigiraf|31/100\n|-enditem|p1b: Farigiraf|Sitrus Berry|[eat]\n|-heal|p1b: Farigiraf|56/100|[from] item: Sitrus Berry\n|-damage|p2a: Basculegion|74/100|[from] Recoil\n|\n|upkeep\n|\n|t:|1788281202\n|switch|p1a: Raichu|Raichu-Mega-Y, L50, F|38/100\n|turn|7\n|\n|t:|1788281221\n|move|p1a: Raichu|Fake Out|p2b: Kingambit\n|-resisted|p2b: Kingambit|1\n|-damage|p2b: Kingambit|97/100\n|cant|p2b: Kingambit|flinch\n|move|p1b: Farigiraf|Psychic|p2a: Basculegion\n|-damage|p2a: Basculegion|37/100\n|move|p2a: Basculegion|Wave Crash|p1a: Raichu\n|-damage|p1a: Raichu|0 fnt\n|faint|p1a: Raichu\n|-damage|p2a: Basculegion|26/100|[from] Recoil\n|\n|upkeep\n|turn|8\n|\n|t:|1788281231\n|move|p2b: Kingambit|Kowtow Cleave|p1b: Farigiraf\n|-supereffective|p1b: Farigiraf|1\n|-damage|p1b: Farigiraf|0 fnt\n|faint|p1b: Farigiraf\n|\n|win|PAZXD\n||NeiloF18 is ready for game 2.\n||PAZXD is ready for game 2.\n|uhtml|next|Next: <a href=\"/battle-gen9championsvgc2026regmbbo3-2673953474\"><strong>Game 2 of 3</strong></a>\n|l|☆PAZXD\n|player|p2|\n","uploadtime":1788281598,"views":"2","formatid":"gen9championsvgc2026regmbbo3","rating":null,"private":0,"password":null}