{"id":"gen9championsvgc2026regmbbo3-2674170832","format":"[Gen 9 Champions] VGC 2026 Reg M-B (Bo3)","players":["eldanger10","neonninja09"],"log":"|j|☆eldanger10\n|j|☆neonninja09\n|html|<table width=\"100%\"><tr><td align=\"left\">eldanger10</td><td align=\"right\">neonninja09</tr><tr><td align=\"left\"><i class=\"fa fa-circle-o\"></i> <i class=\"fa fa-circle-o\"></i> </td><td align=\"right\"><i class=\"fa fa-circle-o\"></i> <i class=\"fa fa-circle-o\"></i> </tr></table>\n|uhtml|bestof|<h2><strong>Game 1</strong> of <a href=\"/game-bestof3-gen9championsvgc2026regmbbo3-2674170831\">a best-of-3</a></h2>\n|t:|1788309788\n|gametype|doubles\n|player|p1|eldanger10|hilda|1255\n|player|p2|neonninja09|blackbelt-gen4|1161\n|gen|9\n|tier|[Gen 9 Champions] VGC 2026 Reg M-B (Bo3)\n|rated|\n|rule|Species Clause: Limit one of each Pokémon\n|rule|Item Clause: Limit 1 of each item\n|clearpoke\n|poke|p1|Charizard, L50, F|\n|poke|p1|Whimsicott, L50, F|\n|poke|p1|Floette-Eternal, L50, F|\n|poke|p1|Garchomp, L50, F|\n|poke|p1|Basculegion, L50, M|\n|poke|p1|Kingambit, L50, M|\n|poke|p2|Whimsicott, L50, F|\n|poke|p2|Basculegion, L50, M|\n|poke|p2|Kingambit, L50, M|\n|poke|p2|Sneasler, L50, F|\n|poke|p2|Farigiraf, L50, F|\n|poke|p2|Dragonite, L50, F|\n|teampreview|4\n|showteam|p1|Charizard||CharizarditeY|Blaze|HeatWave,WeatherBall,AncientPower,Protect|Timid||F|||50|]Whimsicott||FocusSash|Prankster|Moonblast,Tailwind,Encore,Protect|Timid||F|||50|]Floette-Eternal||Floettite|FlowerVeil|Moonblast,DazzlingGleam,LightofRuin,Protect|Modest||F|||50|]Garchomp||LifeOrb|RoughSkin|DragonClaw,Earthquake,RockSlide,Protect|Jolly||F|||50|]Basculegion||ColburBerry|SwiftSwim|WaveCrash,LastRespects,AquaJet,Protect|Adamant||M|||50|]Kingambit||OccaBerry|Defiant|KowtowCleave,SuckerPunch,IronHead,LowKick|Adamant||M|||50|\n|showteam|p2|Whimsicott||FocusSash|Prankster|Tailwind,TrickRoom,Charm,Taunt|Bold||F|||50|]Basculegion||LifeOrb|Adaptability|Protect,AquaJet,LastRespects,WaveCrash|Jolly||M|||50|]Kingambit||MuscleBand|Defiant|IronHead,LowKick,SuckerPunch,KowtowCleave|Adamant||M|||50|]Sneasler||WhiteHerb|PoisonTouch|Protect,FakeOut,DireClaw,CloseCombat|Jolly||F|||50|]Farigiraf||Leftovers|ArmorTail|AllySwitch,TrickRoom,Psychic,Gravity|Sassy||F|||50|]Dragonite||Dragoninite|Multiscale|Protect,DracoMeteor,Blizzard,FireBlast|Modest||F|||50|\n|inactive|Battle timer is ON: inactive players will automatically lose when time's up. (requested by neonninja09)\n|inactive|eldanger10 has 60 seconds left.\n|\n|t:|1788309841\n|teamsize|p1|4\n|teamsize|p2|4\n|start\n|switch|p1a: Charizard|Charizard, L50, F|100/100\n|switch|p1b: Garchomp|Garchomp, L50, F|100/100\n|switch|p2a: Whimsicott|Whimsicott, L50, F|100/100\n|switch|p2b: Sneasler|Sneasler, L50, F|100/100\n|turn|1\n|\n|t:|1788309851\n|detailschange|p1a: Charizard|Charizard-Mega-Y, L50, F\n|-mega|p1a: Charizard|Charizard|Charizardite Y\n|-weather|SunnyDay|[from] ability: Drought|[of] p1a: Charizard\n|move|p2b: Sneasler|Fake Out|p1b: Garchomp\n|-damage|p1b: Garchomp|88/100\n|-damage|p2b: Sneasler|87/100|[from] ability: Rough Skin|[of] p1b: Garchomp\n|move|p2a: Whimsicott|Tailwind|p2a: Whimsicott\n|-sidestart|p2: neonninja09|move: Tailwind\n|cant|p1b: Garchomp|flinch\n|move|p1a: Charizard|Heat Wave|p2a: Whimsicott|[spread] p2b\n|-miss|p1a: Charizard|p2a: Whimsicott\n|-damage|p2b: Sneasler|13/100\n|\n|-weather|SunnyDay|[upkeep]\n|upkeep\n|turn|2\n|\n|t:|1788309865\n|move|p2a: Whimsicott|Charm|p1b: Garchomp\n|-unboost|p1b: Garchomp|atk|2\n|move|p2b: Sneasler|Dire Claw|p1a: Charizard\n|-damage|p1a: Charizard|57/100\n|-status|p1a: Charizard|slp\n|move|p1b: Garchomp|Earthquake|p2a: Whimsicott|[spread] p2a,p2b\n|-immune|p1a: Charizard\n|-resisted|p2a: Whimsicott|1\n|-supereffective|p2b: Sneasler|1\n|-damage|p2a: Whimsicott|90/100\n|-damage|p2b: Sneasler|0 fnt\n|faint|p2b: Sneasler\n|-damage|p1b: Garchomp|78/100|[from] item: Life Orb\n|cant|p1a: Charizard|slp\n|\n|-weather|SunnyDay|[upkeep]\n|upkeep\n|\n|t:|1788309873\n|switch|p2b: Dragonite|Dragonite, L50, F|100/100\n|turn|3\n|\n|t:|1788309885\n|switch|p1b: Whimsicott|Whimsicott, L50, F|100/100\n|detailschange|p2b: Dragonite|Dragonite-Mega, L50, F\n|-mega|p2b: Dragonite|Dragonite|Dragoninite\n|-curestatus|p1a: Charizard|slp|[msg]\n|move|p1a: Charizard|Protect|p1a: Charizard\n|-singleturn|p1a: Charizard|Protect\n|move|p2a: Whimsicott|Charm|p1b: Whimsicott\n|-unboost|p1b: Whimsicott|atk|2\n|move|p2b: Dragonite|Blizzard|p1a: Charizard|[spread] p1b\n|-activate|p1a: Charizard|move: Protect\n|-supereffective|p1b: Whimsicott|1\n|-enditem|p1b: Whimsicott|Focus Sash\n|-damage|p1b: Whimsicott|1/100\n|\n|-weather|SunnyDay|[upkeep]\n|upkeep\n|turn|4\n|\n|t:|1788309906\n|move|p1b: Whimsicott|Protect|p1b: Whimsicott\n|-singleturn|p1b: Whimsicott|Protect\n|move|p2a: Whimsicott|Taunt|p1b: Whimsicott\n|-activate|p1b: Whimsicott|move: Protect\n|move|p2b: Dragonite|Blizzard|p1b: Whimsicott|[spread] p1a\n|-activate|p1b: Whimsicott|move: Protect\n|-damage|p1a: Charizard|21/100\n|move|p1a: Charizard|Heat Wave|p2a: Whimsicott|[spread] p2a,p2b\n|-supereffective|p2a: Whimsicott|1\n|-resisted|p2b: Dragonite|1\n|-damage|p2a: Whimsicott|0 fnt\n|-damage|p2b: Dragonite|88/100\n|faint|p2a: Whimsicott\n|\n|-weather|SunnyDay|[upkeep]\n|-sideend|p2: neonninja09|move: Tailwind\n|upkeep\n|\n|t:|1788309909\n|switch|p2a: Basculegion|Basculegion, L50, M|100/100\n|turn|5\n|\n|t:|1788309927\n|move|p1b: Whimsicott|Tailwind|p1b: Whimsicott\n|-sidestart|p1: eldanger10|move: Tailwind\n|move|p2a: Basculegion|Aqua Jet|p1a: Charizard\n|-supereffective|p1a: Charizard|1\n|-damage|p1a: Charizard|0 fnt\n|faint|p1a: Charizard\n|-damage|p2a: Basculegion|90/100|[from] item: Life Orb\n|move|p2b: Dragonite|Blizzard|p1b: Whimsicott\n|-supereffective|p1b: Whimsicott|1\n|-damage|p1b: Whimsicott|0 fnt\n|faint|p1b: Whimsicott\n|\n|-weather|none\n|upkeep\n|\n|t:|1788309935\n|switch|p1b: Kingambit|Kingambit, L50, M|100/100\n|switch|p1a: Garchomp|Garchomp, L50, F|78/100\n|turn|6\n|\n|t:|1788309957\n|move|p2a: Basculegion|Protect|p2a: Basculegion\n|-singleturn|p2a: Basculegion|Protect\n|move|p1a: Garchomp|Dragon Claw|p2b: Dragonite\n|-supereffective|p2b: Dragonite|1\n|-damage|p2b: Dragonite|16/100\n|-damage|p1a: Garchomp|69/100|[from] item: Life Orb\n|move|p1b: Kingambit|Kowtow Cleave|p2a: Basculegion\n|-activate|p2a: Basculegion|move: Protect\n|move|p2b: Dragonite|Fire Blast|p1b: Kingambit|[miss]\n|-miss|p2b: Dragonite|p1b: Kingambit\n|\n|upkeep\n|turn|7\n|\n|t:|1788309975\n|move|p1a: Garchomp|Dragon Claw|p2b: Dragonite\n|-supereffective|p2b: Dragonite|1\n|-damage|p2b: Dragonite|0 fnt\n|faint|p2b: Dragonite\n|-damage|p1a: Garchomp|59/100|[from] item: Life Orb\n|move|p1b: Kingambit|Kowtow Cleave|p2a: Basculegion\n|-supereffective|p2a: Basculegion|1\n|-damage|p2a: Basculegion|0 fnt\n|faint|p2a: Basculegion\n|\n|win|eldanger10\n||neonninja09 is ready for game 2.\n||eldanger10 is ready for game 2.\n|uhtml|next|Next: <a href=\"/battle-gen9championsvgc2026regmbbo3-2674172087\"><strong>Game 2 of 3</strong></a>\n|l|☆neonninja09\n|player|p2|\n","uploadtime":1788310100,"views":"1","formatid":"gen9championsvgc2026regmbbo3","rating":null,"private":0,"password":null}