{"id":"gen9championsvgc2026regmb-2674343307","format":"[Gen 9 Champions] VGC 2026 Reg M-B","players":["Lass Starling","KnightBedivere"],"log":"|j|☆Lass Starling\n|j|☆KnightBedivere\n|html|<table width=\"100%\"><tr><td align=\"left\">Lass Starling</td><td align=\"right\">KnightBedivere</tr><tr><td align=\"left\"><i class=\"fa fa-circle\"></i> <i class=\"fa fa-circle-o\"></i> </td><td align=\"right\"><i class=\"fa fa-circle-o\"></i> <i class=\"fa fa-circle\"></i> </tr></table>\n|uhtml|bestof|<h2><strong>Game 3</strong> of <a href=\"/game-bestof3-gen9championsvgc2026regmb-2674339671\">a best-of-3</a></h2>\n|t:|1788345340\n|gametype|doubles\n|player|p1|Lass Starling|lass-gen4dp|\n|player|p2|KnightBedivere|acetrainer-gen4dp|\n|gen|9\n|tier|[Gen 9 Champions] VGC 2026 Reg M-B\n|rule|Species Clause: Limit one of each Pokémon\n|rule|Item Clause: Limit 1 of each item\n|raw|<div class=\"infobox\"><details class=\"readmore\" open><summary><strong>1 custom rule:</strong></summary> Best of = 3</details></div>\n|clearpoke\n|poke|p1|Morpeko, L50, F, shiny|\n|poke|p1|Zoroark-Hisui, L50, M|\n|poke|p1|Mimikyu, L50, F, shiny|\n|poke|p1|Dragonite, L50, M|\n|poke|p1|Corviknight, L50, M|\n|poke|p1|Sylveon, L50, F, shiny|\n|poke|p2|Mawile, L50, M|\n|poke|p2|Froslass, L50, F|\n|poke|p2|Oranguru, L50, F|\n|poke|p2|Annihilape, L50, M|\n|poke|p2|Sinistcha, L50|\n|poke|p2|Rampardos, L50, F|\n|teampreview|4\n|j| SunShinyRey\nLass Starling rejected open team sheets.\n|c|☆KnightBedivere|GTLHF for this last game, whatever happen !\n|c|☆KnightBedivere|*GLHF\n|c|☆Lass Starling|likewise\n|\n|t:|1788345465\n|teamsize|p1|4\n|teamsize|p2|4\n|start\n|switch|p1a: Why|Morpeko, L50, F, shiny|100/100\n|switch|p1b: like|Corviknight, L50, M|100/100\n|switch|p2a: Shisumi|Annihilape, L50, M|100/100\n|switch|p2b: The CHA|Sinistcha, L50|100/100\n|turn|1\n|\n|t:|1788345492\n|move|p2a: Shisumi|Rock Slide|p1a: Why|[spread] p1a,p1b\n|-damage|p1a: Why|63/100\n|-damage|p1b: like|87/100\n|move|p1a: Why|Crunch|p2b: The CHA\n|-supereffective|p2b: The CHA|1\n|-damage|p2b: The CHA|34/100\n|-unboost|p2b: The CHA|def|1\n|cant|p1b: like|flinch\n|move|p2b: The CHA|Strength Sap|p1a: Why\n|-unboost|p1a: Why|atk|1\n|-heal|p2b: The CHA|100/100\n|\n|-heal|p1b: like|93/100|[from] item: Leftovers\n|-formechange|p1a: Why|Morpeko-Hangry|\n|upkeep\n|turn|2\n|\n|t:|1788345519\n|move|p2a: Shisumi|Rock Slide|p1b: like|[spread] p1a,p1b\n|-damage|p1a: Why|23/100\n|-damage|p1b: like|79/100\n|move|p1a: Why|Aura Wheel|p2b: The CHA\n|-supereffective|p2b: The CHA|1\n|-damage|p2b: The CHA|7/100\n|-boost|p1a: Why|spe|1\n|move|p1b: like|Brave Bird|p2a: Shisumi\n|-supereffective|p2a: Shisumi|1\n|-damage|p2a: Shisumi|15/100\n|-damage|p1b: like|52/100|[from] Recoil\n|move|p2b: The CHA|Strength Sap|p1b: like\n|-ability|p1b: like|Mirror Armor\n|-unboost|p2b: The CHA|atk|1\n|-heal|p2b: The CHA|87/100\n|\n|-heal|p1b: like|58/100|[from] item: Leftovers\n|-formechange|p1a: Why|Morpeko|\n|upkeep\n|turn|3\n|\n|t:|1788345546\n|move|p1a: Why|Crunch|p2a: Shisumi\n|-damage|p2a: Shisumi|0 fnt\n|faint|p2a: Shisumi\n|move|p1b: like|Roost|p1b: like\n|-heal|p1b: like|100/100\n|-singleturn|p1b: like|move: Roost\n|move|p2b: The CHA|Matcha Gotcha|p1a: Why|[spread] p1a,p1b\n|-resisted|p1b: like|1\n|-damage|p1a: Why|0 fnt\n|-heal|p2b: The CHA|100/100|[from] drain|[of] p1a: Why\n|-damage|p1b: like|87/100\n|faint|p1a: Why\n|\n|-heal|p1b: like|93/100|[from] item: Leftovers\n|upkeep\n|\n|t:|1788345564\n|switch|p1a: this?|Sylveon, L50, F, shiny|100/100\n|switch|p2a: Last Chance|Mawile, L50, M|100/100\n|-ability|p2a: Last Chance|Intimidate|boost\n|-unboost|p1a: this?|atk|1\n|-ability|p1b: like|Mirror Armor\n|-unboost|p2a: Last Chance|atk|1\n|turn|4\n|\n|t:|1788345597\n|detailschange|p2a: Last Chance|Mawile-Mega, L50, M\n|-mega|p2a: Last Chance|Mawile|Mawilite\n|move|p2a: Last Chance|Protect|p2a: Last Chance\n|-singleturn|p2a: Last Chance|Protect\n|move|p1a: this?|Flamethrower|p2a: Last Chance\n|-activate|p2a: Last Chance|move: Protect\n|move|p1b: like|Body Press|p2a: Last Chance\n|-activate|p2a: Last Chance|move: Protect\n|move|p2b: The CHA|Trick Room|p2b: The CHA\n|-fieldstart|move: Trick Room|[of] p2b: The CHA\n|\n|-heal|p1b: like|99/100|[from] item: Leftovers\n|upkeep\n|turn|5\n|\n|t:|1788345629\n|move|p2b: The CHA|Rage Powder|p2b: The CHA\n|-singleturn|p2b: The CHA|move: Rage Powder\n|move|p2a: Last Chance|Swords Dance|p2a: Last Chance\n|-boost|p2a: Last Chance|atk|2\n|move|p1b: like|Body Press|p2b: The CHA\n|-immune|p2b: The CHA\n|move|p1a: this?|Flamethrower|p2b: The CHA\n|-supereffective|p2b: The CHA|1\n|-damage|p2b: The CHA|28/100\n|-damage|p1a: this?|90/100|[from] item: Life Orb\n|\n|-heal|p1b: like|100/100|[from] item: Leftovers\n|upkeep\n|turn|6\n|\n|t:|1788345660\n|move|p2b: The CHA|Rage Powder|p2b: The CHA\n|-singleturn|p2b: The CHA|move: Rage Powder\n|move|p2a: Last Chance|Play Rough|p1a: this?\n|-damage|p1a: this?|0 fnt\n|replace|p1a: Twoser|Zoroark-Hisui, L50, M\n|-end|p1a: Twoser|Illusion\n|faint|p1a: Twoser\n|move|p1b: like|Body Press|p2b: The CHA\n|-immune|p2b: The CHA\n|\n|upkeep\n|\n|t:|1788345669\n|switch|p1a: this?|Sylveon, L50, F, shiny|100/100\n|turn|7\n|\n|t:|1788345692\n|move|p1a: this?|Detect|p1a: this?\n|-singleturn|p1a: this?|Protect\n|move|p2b: The CHA|Rage Powder|p2b: The CHA\n|-singleturn|p2b: The CHA|move: Rage Powder\n|move|p2a: Last Chance|Play Rough|p1a: this?\n|-activate|p1a: this?|move: Protect\n|move|p1b: like|Brave Bird|p2b: The CHA\n|-supereffective|p2b: The CHA|1\n|-damage|p2b: The CHA|0 fnt\n|faint|p2b: The CHA\n|-damage|p1b: like|91/100|[from] Recoil\n|\n|-heal|p1b: like|97/100|[from] item: Leftovers\n|upkeep\n|\n|t:|1788345705\n|switch|p2b: Sukuna|Oranguru, L50, F|100/100\n|turn|8\n|\n|t:|1788345715\n|move|p2a: Last Chance|Play Rough|p1b: like\n|-resisted|p1b: like|1\n|-damage|p1b: like|55/100\n|move|p1a: this?|Mystical Fire|p2a: Last Chance\n|-supereffective|p2a: Last Chance|1\n|-damage|p2a: Last Chance|31/100\n|-unboost|p2a: Last Chance|spa|1\n|move|p2b: Sukuna|Instruct|p2a: Last Chance\n|-singleturn|p2a: Last Chance|move: Instruct|[of] p2b: Sukuna\n|move|p2a: Last Chance|Play Rough|p1b: like\n|-resisted|p1b: like|1\n|-damage|p1b: like|14/100\n|move|p1b: like|Taunt|p2b: Sukuna\n|-start|p2b: Sukuna|move: Taunt\n|\n|-heal|p1b: like|20/100y|[from] item: Leftovers\n|-fieldend|move: Trick Room\n|upkeep\n|turn|9\n|\n|t:|1788345749\n|move|p2a: Last Chance|Sucker Punch|p1a: this?\n|-resisted|p1a: this?|1\n|-damage|p1a: this?|64/100\n|move|p1b: like|Roost|p1b: like\n|-heal|p1b: like|70/100\n|-singleturn|p1b: like|move: Roost\n|move|p1a: this?|Mystical Fire|p2a: Last Chance\n|-supereffective|p2a: Last Chance|1\n|-damage|p2a: Last Chance|0 fnt\n|faint|p2a: Last Chance\n|move|p2b: Sukuna|Chilling Water|p1b: like\n|-damage|p1b: like|60/100\n|-ability|p1b: like|Mirror Armor\n|-unboost|p2b: Sukuna|atk|1\n|\n|-heal|p1b: like|65/100|[from] item: Leftovers\n|upkeep\n|turn|10\n|c|☆KnightBedivere|gg\n|\n|t:|1788345775\n|move|p1b: like|Body Press|p2b: Sukuna\n|-damage|p2b: Sukuna|75/100\n|move|p1a: this?|Hyper Voice|p2b: Sukuna\n|-damage|p2b: Sukuna|27/100\n|-enditem|p2b: Sukuna|Sitrus Berry|[eat]\n|-heal|p2b: Sukuna|52/100|[from] item: Sitrus Berry\n|move|p2b: Sukuna|Chilling Water|p1a: this?\n|-damage|p1a: this?|55/100\n|-unboost|p1a: this?|atk|1\n|\n|-heal|p1b: like|71/100|[from] item: Leftovers\n|upkeep\n|turn|11\n|\n|t:|1788345788\n|move|p1b: like|Body Press|p2b: Sukuna\n|-damage|p2b: Sukuna|30/100\n|move|p1a: this?|Hyper Voice|p2b: Sukuna\n|-damage|p2b: Sukuna|0 fnt\n|faint|p2b: Sukuna\n|\n|win|Lass Starling\n|c|☆Lass Starling|ggs\n|c|☆KnightBedivere|can I let you put down the result ?\n|c|☆KnightBedivere|gg\n|c|☆Lass Starling|yes I can do it\n|c|☆KnightBedivere|thx, take care !\n|l|☆KnightBedivere\n|player|p2|\n","uploadtime":1788345911,"views":"14","formatid":"gen9championsvgc2026regmb","rating":null,"private":0,"password":null}