{"id":"gen9championsvgc2026regmb-2674618532","format":"[Gen 9 Champions] VGC 2026 Reg M-B","players":["monsieur.sewy","Buggy00k"],"log":"|j|☆monsieur.sewy\n|j|☆Buggy00k\n|t:|1788380998\n|gametype|doubles\n|player|p1|monsieur.sewy|1|1232\n|player|p2|Buggy00k|101|1341\n|gen|9\n|tier|[Gen 9 Champions] VGC 2026 Reg M-B\n|rated|\n|rule|Species Clause: Limit one of each Pokémon\n|rule|Item Clause: Limit 1 of each item\n|clearpoke\n|poke|p1|Gliscor, L50, M, shiny|\n|poke|p1|Whimsicott, L50, M|\n|poke|p1|Incineroar, L50, F|\n|poke|p1|Sinistcha, L50|\n|poke|p1|Raichu, L50, M|\n|poke|p1|Glimmora, L50, M|\n|poke|p2|Delphox, L50, F, shiny|\n|poke|p2|Garchomp, L50, F|\n|poke|p2|Floette-Eternal, L50, F|\n|poke|p2|Incineroar, L50, M|\n|poke|p2|Sinistcha, L50|\n|poke|p2|Sneasler, L50, M|\n|teampreview|4\n|inactive|Battle timer is ON: inactive players will automatically lose when time's up. (requested by monsieur.sewy)\n|\n|t:|1788381033\n|teamsize|p1|4\n|teamsize|p2|4\n|start\n|switch|p1a: Incineroar|Incineroar, L50, F|100/100\n|switch|p1b: Glimmora|Glimmora, L50, M|100/100\n|switch|p2a: Delphox|Delphox, L50, F, shiny|100/100\n|switch|p2b: Incineroar|Incineroar, L50, M|100/100\n|-ability|p1a: Incineroar|Intimidate|boost\n|-unboost|p2a: Delphox|atk|1\n|-unboost|p2b: Incineroar|atk|1\n|-ability|p2b: Incineroar|Intimidate|boost\n|-unboost|p1a: Incineroar|atk|1\n|-unboost|p1b: Glimmora|atk|1\n|turn|1\n|c|☆Buggy00k|glhf\n|c|☆monsieur.sewy|U2\n|\n|t:|1788381055\n|switch|p2b: Garchomp|Garchomp, L50, F|100/100\n|detailschange|p2a: Delphox|Delphox-Mega, L50, F, shiny\n|-mega|p2a: Delphox|Delphox|Delphoxite\n|detailschange|p1b: Glimmora|Glimmora-Mega, L50, M\n|-mega|p1b: Glimmora|Glimmora|Glimmoranite\n|move|p2a: Delphox|Protect|p2a: Delphox\n|-singleturn|p2a: Delphox|Protect\n|move|p1a: Incineroar|Fake Out|p2b: Garchomp\n|-crit|p2b: Garchomp\n|-damage|p2b: Garchomp|83/100\n|-damage|p1a: Incineroar|87/100|[from] ability: Rough Skin|[of] p2b: Garchomp\n|move|p1b: Glimmora|Ancient Power|p2a: Delphox\n|-activate|p2a: Delphox|move: Protect\n|\n|upkeep\n|turn|2\n|inactive|Buggy00k has 30 seconds left.\n|\n|t:|1788381080\n|switch|p2a: Sneasler|Sneasler, L50, M|100/100\n|switch|p1b: Gliscor|Gliscor, L50, M, shiny|100/100\n|move|p2b: Garchomp|Stomping Tantrum|p1a: Incineroar\n|-supereffective|p1a: Incineroar|1\n|-damage|p1a: Incineroar|5/100\n|-enditem|p1a: Incineroar|Sitrus Berry|[eat]\n|-heal|p1a: Incineroar|30/100|[from] item: Sitrus Berry\n|-damage|p2b: Garchomp|74/100|[from] item: Life Orb\n|move|p1a: Incineroar|Parting Shot|p2b: Garchomp\n|-unboost|p2b: Garchomp|atk|1\n|-unboost|p2b: Garchomp|spa|1\n|\n|t:|1788381094\n|switch|p1a: Whimsicott|Whimsicott, L50, M|100/100|[from] Parting Shot\n|\n|upkeep\n|turn|3\n|\n|t:|1788381115\n|switch|p2b: Delphox|Delphox-Mega, L50, F, shiny|100/100\n|move|p1a: Whimsicott|Tailwind|p1a: Whimsicott\n|-sidestart|p1: monsieur.sewy|move: Tailwind\n|move|p1b: Gliscor|Swords Dance|p1b: Gliscor\n|-boost|p1b: Gliscor|atk|2\n|move|p2a: Sneasler|Dire Claw|p1a: Whimsicott\n|-supereffective|p1a: Whimsicott|2\n|-enditem|p1a: Whimsicott|Focus Sash\n|-damage|p1a: Whimsicott|1/100\n|-status|p1a: Whimsicott|par\n|\n|upkeep\n|turn|4\n|inactive|Buggy00k has 30 seconds left.\n|inactive|monsieur.sewy has 30 seconds left.\n|\n|t:|1788381146\n|switch|p2a: Incineroar|Incineroar, L50, M|100/100\n|-ability|p2a: Incineroar|Intimidate|boost\n|-unboost|p1a: Whimsicott|atk|1\n|-fail|p1b: Gliscor|unboost|atk|[from] ability: Hyper Cutter|[of] p1b: Gliscor\n|move|p1a: Whimsicott|Protect|p1a: Whimsicott\n|-singleturn|p1a: Whimsicott|Protect\n|move|p2b: Delphox|Protect|p2b: Delphox\n|-singleturn|p2b: Delphox|Protect\n|move|p1b: Gliscor|Acrobatics|p2b: Delphox\n|-activate|p2b: Delphox|move: Protect\n|\n|upkeep\n|turn|5\n|inactive|monsieur.sewy has 30 seconds left.\n|inactive|Buggy00k has 30 seconds left.\n|\n|t:|1788381173\n|switch|p2b: Sneasler|Sneasler, L50, M|100/100\n|move|p2a: Incineroar|Fake Out|p1a: Whimsicott\n|-crit|p1a: Whimsicott\n|-damage|p1a: Whimsicott|0 fnt\n|faint|p1a: Whimsicott\n|move|p1b: Gliscor|High Horsepower|p2a: Incineroar\n|-supereffective|p2a: Incineroar|1\n|-damage|p2a: Incineroar|0 fnt\n|faint|p2a: Incineroar\n|\n|upkeep\n|\n|t:|1788381190\n|switch|p1a: Incineroar|Incineroar, L50, F|30/100\n|switch|p2a: Garchomp|Garchomp, L50, F|74/100\n|-ability|p1a: Incineroar|Intimidate|boost\n|-unboost|p2a: Garchomp|atk|1\n|-unboost|p2b: Sneasler|atk|1\n|turn|6\n|\n|t:|1788381206\n|move|p2a: Garchomp|Protect|p2a: Garchomp\n|-singleturn|p2a: Garchomp|Protect\n|move|p1a: Incineroar|Fake Out|p2b: Sneasler\n|-damage|p2b: Sneasler|80/100\n|move|p1b: Gliscor|Acrobatics|p2a: Garchomp\n|-activate|p2a: Garchomp|move: Protect\n|cant|p2b: Sneasler|flinch\n|\n|-sideend|p1: monsieur.sewy|move: Tailwind\n|upkeep\n|turn|7\n|\n|t:|1788381227\n|move|p2b: Sneasler|Close Combat|p1a: Incineroar\n|-supereffective|p1a: Incineroar|1\n|-damage|p1a: Incineroar|0 fnt\n|-unboost|p2b: Sneasler|def|1\n|-unboost|p2b: Sneasler|spd|1\n|faint|p1a: Incineroar\n|move|p2a: Garchomp|Dragon Claw|p1b: Gliscor\n|-damage|p1b: Gliscor|67/100\n|-damage|p2a: Garchomp|64/100|[from] item: Life Orb\n|move|p1b: Gliscor|Acrobatics|p2a: Garchomp\n|-damage|p2a: Garchomp|0 fnt\n|-damage|p1b: Gliscor|54/100|[from] ability: Rough Skin|[of] p2a: Garchomp\n|faint|p2a: Garchomp\n|\n|upkeep\n|\n|t:|1788381243\n|switch|p2a: Delphox|Delphox-Mega, L50, F, shiny|100/100\n|switch|p1a: Glimmora|Glimmora-Mega, L50, M|100/100\n|turn|8\n|\n|t:|1788381268\n|move|p2a: Delphox|Heat Wave|p1a: Glimmora|[spread] p1a\n|-miss|p2a: Delphox|p1b: Gliscor\n|-resisted|p1a: Glimmora|1\n|-damage|p1a: Glimmora|77/100\n|-status|p1a: Glimmora|brn\n|move|p2b: Sneasler|Close Combat|p1b: Gliscor\n|-resisted|p1b: Gliscor|1\n|-damage|p1b: Gliscor|35/100\n|-unboost|p2b: Sneasler|def|1\n|-unboost|p2b: Sneasler|spd|1\n|move|p1a: Glimmora|Ancient Power|p2a: Delphox\n|-supereffective|p2a: Delphox|1\n|-damage|p2a: Delphox|18/100\n|move|p1b: Gliscor|Acrobatics|p2a: Delphox\n|-damage|p2a: Delphox|0 fnt\n|faint|p2a: Delphox\n|\n|-damage|p1a: Glimmora|71/100 brn|[from] brn\n|upkeep\n|turn|9\n|c|☆Buggy00k|gg\n|inactive|monsieur.sewy has 30 seconds left.\n|inactive|Buggy00k has 30 seconds left.\n|\n|t:|1788381298\n|move|p2b: Sneasler|Close Combat|p1a: Glimmora\n|-damage|p1a: Glimmora|28/100 brn\n|-unboost|p2b: Sneasler|def|1\n|-unboost|p2b: Sneasler|spd|1\n|move|p1a: Glimmora|Earth Power|p2b: Sneasler\n|-supereffective|p2b: Sneasler|1\n|-crit|p2b: Sneasler\n|-damage|p2b: Sneasler|0 fnt\n|faint|p2b: Sneasler\n|\n|win|monsieur.sewy\n|raw|monsieur.sewy's rating: 1232 &rarr; <strong>1265</strong><br />(+33 for winning)\n|raw|Buggy00k's rating: 1341 &rarr; <strong>1315</strong><br />(-26 for losing)\n|l|☆monsieur.sewy\n|player|p1|\n","uploadtime":1788381308,"views":"5","formatid":"gen9championsvgc2026regmb","rating":1265,"private":0,"password":null}