{"id":"gen9championsvgc2026regmb-2674174713","format":"[Gen 9 Champions] VGC 2026 Reg M-B","players":["ignacioplays","Laushz"],"log":"|j|☆ignacioplays\n|j|☆Laushz\n|t:|1788310384\n|gametype|doubles\n|player|p1|ignacioplays|hop|\n|player|p2|Laushz|hilbert|\n|gen|9\n|tier|[Gen 9 Champions] VGC 2026 Reg M-B\n|rule|Species Clause: Limit one of each Pokémon\n|rule|Item Clause: Limit 1 of each item\n|clearpoke\n|poke|p1|Delphox, L50, F|\n|poke|p1|Houndstone, L50, F|\n|poke|p1|Klefki, L50, F|\n|poke|p1|Garganacl, L50, F|\n|poke|p1|Ditto, L50|\n|poke|p1|Dragonite, L50, F|\n|poke|p2|Garchomp, L50, M|\n|poke|p2|Tyranitar, L50, M, shiny|\n|poke|p2|Corviknight, L50, M, shiny|\n|poke|p2|Volcarona, L50, F|\n|poke|p2|Raichu, L50, M|\n|poke|p2|Gardevoir, L50, F, shiny|\n|teampreview|4\nignacioplays rejected open team sheets.\n|\n|t:|1788310530\n|teamsize|p1|4\n|teamsize|p2|4\n|start\n|switch|p1a: Se me perdio|Klefki, L50, F|100/100\n|switch|p1b: Maincra|Garganacl, L50, F|100/100\n|switch|p2a: Corviknight|Corviknight, L50, M, shiny|100/100\n|switch|p2b: Tyranitar|Tyranitar, L50, M, shiny|100/100\n|-weather|Sandstorm|[from] ability: Sand Stream|[of] p2b: Tyranitar\n|turn|1\n|\n|t:|1788310556\n|detailschange|p2b: Tyranitar|Tyranitar-Mega, L50, M, shiny\n|-mega|p2b: Tyranitar|Tyranitar|Tyranitarite\n|move|p2b: Tyranitar|Protect|p2b: Tyranitar\n|-singleturn|p2b: Tyranitar|Protect\n|move|p1a: Se me perdio|Switcheroo|p2a: Corviknight\n|-activate|p1a: Se me perdio|move: Trick|[of] p2a: Corviknight\n|-item|p2a: Corviknight|Choice Scarf|[from] move: Switcheroo\n|-item|p1a: Se me perdio|Leftovers|[from] move: Switcheroo\n|move|p2a: Corviknight|Tailwind|p2a: Corviknight\n|-sidestart|p2: Laushz|move: Tailwind\n|move|p1b: Maincra|Curse|p1b: Maincra\n|-unboost|p1b: Maincra|spe|1\n|-boost|p1b: Maincra|atk|1\n|-boost|p1b: Maincra|def|1\n|\n|-weather|Sandstorm|[upkeep]\n|upkeep\n|turn|2\n|\n|t:|1788310603\n|switch|p2a: Garchomp|Garchomp, L50, M|100/100\n|move|p1a: Se me perdio|Sunny Day|p1a: Se me perdio\n|-weather|SunnyDay\n|move|p2b: Tyranitar|Knock Off|p1b: Maincra\n|-damage|p1b: Maincra|70/100\n|-enditem|p1b: Maincra|Sitrus Berry|[from] move: Knock Off|[of] p2b: Tyranitar\n|move|p1b: Maincra|Iron Head|p2b: Tyranitar\n|-supereffective|p2b: Tyranitar|1\n|-damage|p2b: Tyranitar|50/100g\n|\n|-weather|SunnyDay|[upkeep]\n|upkeep\n|turn|3\n|\n|t:|1788310648\n|switch|p2b: Corviknight|Corviknight, L50, M, shiny|100/100\n|move|p1a: Se me perdio|Reflect|p1a: Se me perdio\n|-sidestart|p1: ignacioplays|Reflect\n|move|p2a: Garchomp|Earthquake|p1a: Se me perdio|[spread] p1a,p1b\n|-immune|p2b: Corviknight\n|-supereffective|p1a: Se me perdio|1\n|-supereffective|p1b: Maincra|1\n|-damage|p1a: Se me perdio|10/100\n|-damage|p1b: Maincra|37/100\n|-damage|p2a: Garchomp|90/100|[from] item: Life Orb\n|move|p1b: Maincra|Earthquake|p2a: Garchomp|[spread] p1a,p2a\n|-immune|p2b: Corviknight\n|-supereffective|p1a: Se me perdio|1\n|-damage|p1a: Se me perdio|0 fnt\n|-damage|p2a: Garchomp|54/100\n|faint|p1a: Se me perdio\n|\n|-weather|SunnyDay|[upkeep]\n|upkeep\n|\n|t:|1788310669\n|switch|p1a: Flamme|Delphox, L50, F|100/100\n|turn|4\n|\n|t:|1788310695\n|detailschange|p1a: Flamme|Delphox-Mega, L50, F\n|-mega|p1a: Flamme|Delphox|Delphoxite\n|move|p2a: Garchomp|Earthquake|p1a: Flamme|[spread] p1b\n|-immune|p2b: Corviknight\n|-immune|p1a: Flamme|[from] ability: Levitate\n|-supereffective|p1b: Maincra|1\n|-damage|p1b: Maincra|7/100\n|-damage|p2a: Garchomp|44/100|[from] item: Life Orb\n|move|p2b: Corviknight|Brave Bird|p1b: Maincra\n|-resisted|p1b: Maincra|1\n|-crit|p1b: Maincra\n|-damage|p1b: Maincra|0 fnt\n|faint|p1b: Maincra\n|-damage|p2b: Corviknight|97/100|[from] Recoil\n|move|p1a: Flamme|Calm Mind|p1a: Flamme\n|-boost|p1a: Flamme|spa|1\n|-boost|p1a: Flamme|spd|1\n|\n|-weather|SunnyDay|[upkeep]\n|-sideend|p2: Laushz|move: Tailwind\n|upkeep\n|\n|t:|1788310712\n|switch|p1b: Rocle|Ditto, L50|100/100\n|-transform|p1b: Rocle|p2a: Garchomp|[from] ability: Imposter\n|turn|5\n|\n|t:|1788310746\n|move|p1a: Flamme|Protect|p1a: Flamme\n|-singleturn|p1a: Flamme|Protect\n|move|p2a: Garchomp|Protect|p2a: Garchomp\n|-singleturn|p2a: Garchomp|Protect\n|move|p1b: Rocle|Dragon Claw|p2a: Garchomp\n|-activate|p2a: Garchomp|move: Protect\n|move|p2b: Corviknight|Brave Bird|p1a: Flamme\n|-activate|p1a: Flamme|move: Protect\n|\n|-weather|SunnyDay|[upkeep]\n|upkeep\n|turn|6\n|c|☆ignacioplays|xd\n|\n|t:|1788310771\n|move|p2a: Garchomp|Protect||[still]\n|-fail|p2a: Garchomp\n|move|p1a: Flamme|Flamethrower|p2b: Corviknight\n|-supereffective|p2b: Corviknight|1\n|-crit|p2b: Corviknight\n|-damage|p2b: Corviknight|0 fnt\n|faint|p2b: Corviknight\n|move|p1b: Rocle|Dragon Claw|p2a: Garchomp\n|-supereffective|p2a: Garchomp|1\n|-damage|p2a: Garchomp|0 fnt\n|faint|p2a: Garchomp\n|-damage|p1b: Rocle|90/100|[from] item: Life Orb\n|\n|-weather|none\n|upkeep\n|\n|t:|1788310786\n|switch|p2a: Tyranitar|Tyranitar-Mega, L50, M, shiny|50/100g\n|switch|p2b: Raichu|Raichu, L50, M|100/100\n|-weather|Sandstorm|[from] ability: Sand Stream|[of] p2a: Tyranitar\n|turn|7\n|\n|t:|1788310817\n|move|p2b: Raichu|Fake Out|p1b: Rocle\n|-damage|p1b: Rocle|81/100\n|move|p1a: Flamme|Scorching Sands|p2b: Raichu\n|-supereffective|p2b: Raichu|1\n|-enditem|p2b: Raichu|Focus Sash\n|-damage|p2b: Raichu|1/100\n|cant|p1b: Rocle|flinch\n|move|p2a: Tyranitar|Knock Off|p1a: Flamme\n|-supereffective|p1a: Flamme|1\n|-damage|p1a: Flamme|6/100\n|\n|-weather|Sandstorm|[upkeep]\n|-damage|p1a: Flamme|1/100|[from] Sandstorm\n|-damage|p2b: Raichu|0 fnt|[from] Sandstorm\n|faint|p2b: Raichu\n|-sideend|p1: ignacioplays|Reflect\n|upkeep\n|turn|8\n|\n|t:|1788310833\n|move|p2a: Tyranitar|Protect|p2a: Tyranitar\n|-singleturn|p2a: Tyranitar|Protect\n|move|p1a: Flamme|Scorching Sands|p2a: Tyranitar\n|-activate|p2a: Tyranitar|move: Protect\n|move|p1b: Rocle|Earthquake|p2a: Tyranitar|[spread] \n|-activate|p2a: Tyranitar|move: Protect\n|-immune|p1a: Flamme|[from] ability: Levitate\n|\n|-weather|Sandstorm|[upkeep]\n|-damage|p1a: Flamme|0 fnt|[from] Sandstorm\n|faint|p1a: Flamme\n|upkeep\n|turn|9\n|\n|t:|1788310853\n|move|p1b: Rocle|Earthquake|p2a: Tyranitar\n|-supereffective|p2a: Tyranitar|1\n|-damage|p2a: Tyranitar|0 fnt\n|faint|p2a: Tyranitar\n|-damage|p1b: Rocle|72/100|[from] item: Life Orb\n|\n|win|ignacioplays\n","uploadtime":1788310859,"views":"3","formatid":"gen9championsvgc2026regmb","rating":null,"private":0,"password":null}