{"id":"gen9championsvgc2026regmb-2674036279","format":"[Gen 9 Champions] VGC 2026 Reg M-B","players":["cinarguncavdi2231","ttexergy"],"log":"|j|‽cinarguncavdi2231\n|j|‽ttexergy\n|t:|1788290951\n|gametype|doubles\n|player|p1|cinarguncavdi2231|101|1462\n|player|p2|ttexergy|266|1594\n|gen|9\n|tier|[Gen 9 Champions] VGC 2026 Reg M-B\n|rated|\n|rule|Species Clause: Limit one of each Pokémon\n|rule|Item Clause: Limit 1 of each item\n|clearpoke\n|poke|p1|Raichu, L50, F|\n|poke|p1|Scolipede, L50, M|\n|poke|p1|Ceruledge, L50, F|\n|poke|p1|Weavile, L50, F|\n|poke|p1|Milotic, L50, M|\n|poke|p1|Sinistcha, L50|\n|poke|p2|Araquanid, L50, F|\n|poke|p2|Farigiraf, L50, F|\n|poke|p2|Sylveon, L50, F|\n|poke|p2|Swampert, L50, F|\n|poke|p2|Pelipper, L50, M|\n|poke|p2|Archaludon, L50, M|\n|teampreview|4\n|inactive|Battle timer is ON: inactive players will automatically lose when time's up. (requested by cinarguncavdi2231)\n|\n|t:|1788290979\n|teamsize|p1|4\n|teamsize|p2|4\n|start\n|switch|p1a: Scolipede|Scolipede, L50, M|100/100\n|switch|p1b: Weavile|Weavile, L50, F|100/100\n|switch|p2a: Araquanid|Araquanid, L50, F|100/100\n|switch|p2b: Farigiraf|Farigiraf, L50, F|100/100\n|turn|1\n|\n|t:|1788290999\n|switch|p1a: Sinistcha|Sinistcha, L50|100/100\n|move|p2b: Farigiraf|Protect|p2b: Farigiraf\n|-singleturn|p2b: Farigiraf|Protect\n|move|p1b: Weavile|Knock Off|p2b: Farigiraf\n|-activate|p2b: Farigiraf|move: Protect\n|move|p2a: Araquanid|Liquidation|p1b: Weavile\n|-enditem|p1b: Weavile|Focus Sash\n|-damage|p1b: Weavile|1/100\n|-enditem|p2a: Araquanid|Mystic Water|[silent]|[from] ability: Pickpocket|[of] p2a: Araquanid\n|-item|p1b: Weavile|Mystic Water|[from] ability: Pickpocket|[of] p2a: Araquanid\n|\n|upkeep\n|turn|2\n|\n|t:|1788291015\n|move|p1b: Weavile|Knock Off|p2b: Farigiraf\n|-supereffective|p2b: Farigiraf|1\n|-damage|p2b: Farigiraf|27/100\n|-enditem|p2b: Farigiraf|Sitrus Berry|[from] move: Knock Off|[of] p1b: Weavile\n|move|p1a: Sinistcha|Matcha Gotcha|p2a: Araquanid|[spread] p2a,p2b\n|-crit|p2a: Araquanid\n|-damage|p2a: Araquanid|70/100\n|-damage|p2b: Farigiraf|1/100\n|move|p2b: Farigiraf|Thunderbolt|p1b: Weavile\n|-damage|p1b: Weavile|0 fnt\n|faint|p1b: Weavile\n|move|p2a: Araquanid|Infestation|p1a: Sinistcha\n|-damage|p1a: Sinistcha|94/100\n|-activate|p1a: Sinistcha|move: Infestation|[of] p2a: Araquanid\n|\n|-damage|p1a: Sinistcha|82/100|[from] move: Infestation|[partiallytrapped]\n|upkeep\n|\n|t:|1788291032\n|switch|p1b: Scolipede|Scolipede, L50, M|100/100\n|turn|3\n|\n|t:|1788291039\n|move|p2a: Araquanid|Protect|p2a: Araquanid\n|-singleturn|p2a: Araquanid|Protect\n|move|p1a: Sinistcha|Rage Powder|p1a: Sinistcha\n|-singleturn|p1a: Sinistcha|move: Rage Powder\n|move|p1b: Scolipede|Swords Dance|p1b: Scolipede\n|-boost|p1b: Scolipede|atk|2\n|move|p2b: Farigiraf|Psychic|p1a: Sinistcha\n|-damage|p1a: Sinistcha|37/100\n|-enditem|p1a: Sinistcha|Sitrus Berry|[eat]\n|-heal|p1a: Sinistcha|62/100|[from] item: Sitrus Berry\n|\n|-damage|p1a: Sinistcha|50/100y|[from] move: Infestation|[partiallytrapped]\n|-ability|p1b: Scolipede|Speed Boost|boost\n|-boost|p1b: Scolipede|spe|1\n|upkeep\n|turn|4\n|inactive|cinarguncavdi2231 has 30 seconds left.\n|\n|t:|1788291065\n|move|p1a: Sinistcha|Rage Powder|p1a: Sinistcha\n|-singleturn|p1a: Sinistcha|move: Rage Powder\n|move|p1b: Scolipede|Swords Dance|p1b: Scolipede\n|-boost|p1b: Scolipede|atk|2\n|move|p2b: Farigiraf|Psychic|p1a: Sinistcha\n|-damage|p1a: Sinistcha|1/100\n|move|p2a: Araquanid|Liquidation|p1a: Sinistcha\n|-resisted|p1a: Sinistcha|1\n|-damage|p1a: Sinistcha|0 fnt\n|faint|p1a: Sinistcha\n|\n|-ability|p1b: Scolipede|Speed Boost|boost\n|-boost|p1b: Scolipede|spe|1\n|upkeep\n|\n|t:|1788291075\n|switch|p1a: Milotic|Milotic, L50, M|100/100\n|turn|5\n|inactive|cinarguncavdi2231 has 30 seconds left.\n|\n|t:|1788291105\n|move|p1b: Scolipede|Protect|p1b: Scolipede\n|-singleturn|p1b: Scolipede|Protect\n|move|p1a: Milotic|Muddy Water|p2a: Araquanid|[spread] p2a,p2b\n|-resisted|p2a: Araquanid|1\n|-damage|p2a: Araquanid|61/100\n|-damage|p2b: Farigiraf|0 fnt\n|-unboost|p2a: Araquanid|accuracy|1\n|faint|p2b: Farigiraf\n|move|p2a: Araquanid|Infestation|p1b: Scolipede\n|-activate|p1b: Scolipede|move: Protect\n|\n|-ability|p1b: Scolipede|Speed Boost|boost\n|-boost|p1b: Scolipede|spe|1\n|upkeep\n|\n|t:|1788291113\n|switch|p2b: Swampert|Swampert, L50, F|100/100\n|turn|6\n|\n|t:|1788291129\n|switch|p2a: Pelipper|Pelipper, L50, M|100/100\n|-weather|RainDance|[from] ability: Drizzle|[of] p2a: Pelipper\n|detailschange|p1b: Scolipede|Scolipede-Mega, L50, M\n|-mega|p1b: Scolipede|Scolipede|Scolipite\n|detailschange|p2b: Swampert|Swampert-Mega, L50, F\n|-mega|p2b: Swampert|Swampert|Swampertite\n|move|p1b: Scolipede|Poison Jab|p2a: Pelipper\n|-enditem|p2a: Pelipper|Focus Sash\n|-damage|p2a: Pelipper|1/100\n|move|p2b: Swampert|Earthquake|p1b: Scolipede|[spread] p1a,p1b\n|-immune|p2a: Pelipper\n|-damage|p1a: Milotic|56/100\n|-damage|p1b: Scolipede|67/100\n|move|p1a: Milotic|Coil|p1a: Milotic\n|-boost|p1a: Milotic|atk|1\n|-boost|p1a: Milotic|def|1\n|-boost|p1a: Milotic|accuracy|1\n|\n|-weather|RainDance|[upkeep]\n|-heal|p1a: Milotic|62/100|[from] item: Leftovers\n|upkeep\n|turn|7\n|inactive|cinarguncavdi2231 has 30 seconds left.\n|inactive|ttexergy has 30 seconds left.\n|inactive|cinarguncavdi2231 has 20 seconds left.\n|inactive|cinarguncavdi2231 has 15 seconds left.\n|inactive|cinarguncavdi2231 has 10 seconds left.\n|\n|t:|1788291178\n|move|p1b: Scolipede|Poison Jab|p2a: Pelipper\n|-damage|p2a: Pelipper|0 fnt\n|faint|p2a: Pelipper\n|move|p2b: Swampert|Knock Off|p1a: Milotic\n|-damage|p1a: Milotic|34/100\n|-enditem|p1a: Milotic|Leftovers|[from] move: Knock Off|[of] p2b: Swampert\n|move|p1a: Milotic|Coil|p1a: Milotic\n|-boost|p1a: Milotic|atk|1\n|-boost|p1a: Milotic|def|1\n|-boost|p1a: Milotic|accuracy|1\n|\n|-weather|RainDance|[upkeep]\n|upkeep\n|\n|t:|1788291181\n|switch|p2a: Araquanid|Araquanid, L50, F|61/100\n|turn|8\n|\n|t:|1788291200\n|move|p1b: Scolipede|Leech Life|p2b: Swampert\n|-damage|p2b: Swampert|10/100\n|-heal|p1b: Scolipede|100/100|[from] drain|[of] p2b: Swampert\n|move|p2b: Swampert|Wave Crash|p1b: Scolipede\n|-damage|p1b: Scolipede|11/100\n|-damage|p2b: Swampert|0 fnt|[from] Recoil\n|faint|p2b: Swampert\n|move|p1a: Milotic|Hypnosis|p2a: Araquanid\n|-status|p2a: Araquanid|slp|[from] move: Hypnosis\n|cant|p2a: Araquanid|slp\n|\n|-weather|RainDance|[upkeep]\n|upkeep\n|turn|9\n|\n|t:|1788291213\n|move|p1b: Scolipede|Poison Jab|p2a: Araquanid\n|-damage|p2a: Araquanid|0 fnt\n|faint|p2a: Araquanid\n|\n|win|cinarguncavdi2231\n|raw|cinarguncavdi2231's rating: 1462 &rarr; <strong>1488</strong><br />(+26 for winning)\n|raw|ttexergy's rating: 1570 &rarr; <strong>1544</strong><br />(-26 for losing)\n|l|‽ttexergy\n|player|p2|\n","uploadtime":1788291219,"views":"5","formatid":"gen9championsvgc2026regmb","rating":1488,"private":0,"password":null}