{"id":"gen9championsvgc2026regmbbo3-2674042562","format":"[Gen 9 Champions] VGC 2026 Reg M-B (Bo3)","players":["arquitosb04","mumu2"],"log":"|j|☆arquitosb04\n|j|☆mumu2\n|html|<table width=\"100%\"><tr><td align=\"left\">arquitosb04</td><td align=\"right\">mumu2</tr><tr><td align=\"left\"><i class=\"fa fa-circle-o\"></i> <i class=\"fa fa-circle-o\"></i> </td><td align=\"right\"><i class=\"fa fa-circle-o\"></i> <i class=\"fa fa-circle\"></i> </tr></table>\n|uhtml|bestof|<h2><strong>Game 2</strong> of <a href=\"/game-bestof3-gen9championsvgc2026regmbbo3-2674039826\">a best-of-3</a></h2>\n|t:|1788291700\n|gametype|doubles\n|player|p1|arquitosb04|n|1091\n|player|p2|mumu2|cyclistf|1114\n|gen|9\n|tier|[Gen 9 Champions] VGC 2026 Reg M-B (Bo3)\n|rated|\n|rule|Species Clause: Limit one of each Pokémon\n|rule|Item Clause: Limit 1 of each item\n|clearpoke\n|poke|p1|Lycanroc-Dusk, L50, M|\n|poke|p1|Froslass, L50, F|\n|poke|p1|Scovillain, L50, F|\n|poke|p1|Sneasler, L50, M|\n|poke|p1|Kingambit, L50, M|\n|poke|p1|Basculegion, L50, M|\n|poke|p2|Charizard, L50, M|\n|poke|p2|Floette-Eternal, L50, F|\n|poke|p2|Kingambit, L50, M|\n|poke|p2|Basculegion, L50, M|\n|poke|p2|Garchomp, L50, M|\n|poke|p2|Whimsicott, L50, F|\n|teampreview|4\n|showteam|p1|Lycanroc-Dusk||FocusSash|ToughClaws|Accelerock,RockSlide,CloseCombat,Protect|Jolly||M|||50|]Froslass||Froslassite|CursedBody|Blizzard,AuroraVeil,Protect,ShadowBall|Timid||F|||50|]Scovillain||Scovillainite|Moody|Overheat,RagePowder,GigaDrain,Protect|Modest||F|||50|]Sneasler||WhiteHerb|Unburden|CloseCombat,DireClaw,Protect,FakeOut|Adamant||M|||50|]Kingambit||BlackGlasses|Defiant|KowtowCleave,SuckerPunch,Protect,SwordsDance|Brave||M|||50|]Basculegion||LifeOrb|Adaptability|AquaJet,WaveCrash,Protect,LastRespects|Adamant||M|||50|\n|showteam|p2|Charizard||CharizarditeY|Blaze|HeatWave,SolarBeam,WeatherBall,Protect|Bold||M|||50|]Floette-Eternal||Floettite|FlowerVeil|LightofRuin,Moonblast,DazzlingGleam,Protect|Timid||F|||50|]Kingambit||ChopleBerry|Defiant|KowtowCleave,IronHead,LowKick,SuckerPunch|Adamant||M|||50|]Basculegion||LifeOrb|Adaptability|WaveCrash,LastRespects,AquaJet,Protect|Adamant||M|||50|]Garchomp||SitrusBerry|RoughSkin|DragonClaw,StompingTantrum,RockSlide,Protect|Adamant||M|||50|]Whimsicott||FocusSash|Prankster|Moonblast,Tailwind,Encore,Protect|Timid||F|||50|\n|\n|t:|1788291740\n|teamsize|p1|4\n|teamsize|p2|4\n|start\n|switch|p1a: Scovillain|Scovillain, L50, F|100/100\n|switch|p1b: Lycanroc|Lycanroc-Dusk, L50, M|100/100\n|switch|p2a: Kingambit|Kingambit, L50, M|100/100\n|switch|p2b: Garchomp|Garchomp, L50, M|100/100\n|turn|1\n|\n|t:|1788291768\n|switch|p2a: Basculegion|Basculegion, L50, M|100/100\n|move|p1b: Lycanroc|Protect|p1b: Lycanroc\n|-singleturn|p1b: Lycanroc|Protect\n|move|p2b: Garchomp|Stomping Tantrum|p1b: Lycanroc\n|-activate|p1b: Lycanroc|move: Protect\n|move|p1a: Scovillain|Overheat|p2a: Basculegion\n|-resisted|p2a: Basculegion|1\n|-damage|p2a: Basculegion|72/100\n|-unboost|p1a: Scovillain|spa|2\n|\n|-ability|p1a: Scovillain|Moody|boost\n|-boost|p1a: Scovillain|def|2\n|-unboost|p1a: Scovillain|spe|1\n|upkeep\n|turn|2\n|\n|t:|1788291809\n|switch|p1b: Basculegion|Basculegion, L50, M|100/100\n|detailschange|p1a: Scovillain|Scovillain-Mega, L50, F\n|-mega|p1a: Scovillain|Scovillain|Scovillainite\n|move|p2a: Basculegion|Protect|p2a: Basculegion\n|-singleturn|p2a: Basculegion|Protect\n|move|p2b: Garchomp|Rock Slide|p1b: Basculegion|[spread] p1a,p1b\n|-supereffective|p1a: Scovillain|1\n|-damage|p1a: Scovillain|79/100\n|-damage|p1b: Basculegion|78/100\n|-status|p2b: Garchomp|brn|[from] ability: Spicy Spray|[of] p1a: Scovillain\n|move|p1a: Scovillain|Giga Drain|p2b: Garchomp\n|-damage|p2b: Garchomp|81/100 brn\n|-heal|p1a: Scovillain|90/100|[from] drain|[of] p2b: Garchomp\n|\n|-damage|p2b: Garchomp|75/100 brn|[from] brn\n|upkeep\n|turn|3\n|\n|t:|1788291841\n|switch|p2a: Kingambit|Kingambit, L50, M|100/100\n|move|p2b: Garchomp|Stomping Tantrum|p1a: Scovillain\n|-damage|p1a: Scovillain|80/100\n|move|p1b: Basculegion|Last Respects|p2a: Kingambit\n|-resisted|p2a: Kingambit|1\n|-damage|p2a: Kingambit|82/100\n|-damage|p1b: Basculegion|68/100|[from] item: Life Orb\n|move|p1a: Scovillain|Giga Drain|p2a: Kingambit\n|-resisted|p2a: Kingambit|1\n|-damage|p2a: Kingambit|75/100\n|-heal|p1a: Scovillain|84/100|[from] drain|[of] p2a: Kingambit\n|\n|-damage|p2b: Garchomp|69/100 brn|[from] brn\n|upkeep\n|turn|4\n|\n|t:|1788291894\n|switch|p1b: Lycanroc|Lycanroc-Dusk, L50, M|100/100\n|switch|p2a: Charizard|Charizard, L50, M|100/100\n|move|p2b: Garchomp|Rock Slide|p1a: Scovillain|[spread] p1a,p1b\n|-supereffective|p1a: Scovillain|1\n|-damage|p1a: Scovillain|75/100\n|-damage|p1b: Lycanroc|84/100\n|cant|p1a: Scovillain|flinch\n|\n|-damage|p2b: Garchomp|63/100 brn|[from] brn\n|upkeep\n|turn|5\n|\n|t:|1788291919\n|move|p2a: Charizard|Protect|p2a: Charizard\n|-singleturn|p2a: Charizard|Protect\n|move|p1a: Scovillain|Rage Powder|p1a: Scovillain\n|-singleturn|p1a: Scovillain|move: Rage Powder\n|move|p1b: Lycanroc|Accelerock|p2a: Charizard\n|-activate|p2a: Charizard|move: Protect\n|move|p2b: Garchomp|Stomping Tantrum|p1a: Scovillain\n|-damage|p1a: Scovillain|65/100\n|\n|-damage|p2b: Garchomp|57/100 brn|[from] brn\n|upkeep\n|turn|6\n|\n|t:|1788291942\n|switch|p2a: Basculegion|Basculegion, L50, M|72/100\n|move|p1a: Scovillain|Rage Powder|p1a: Scovillain\n|-singleturn|p1a: Scovillain|move: Rage Powder\n|move|p1b: Lycanroc|Accelerock|p2a: Basculegion\n|-damage|p2a: Basculegion|44/100\n|move|p2b: Garchomp|Rock Slide|p1b: Lycanroc|[spread] p1b\n|-miss|p2b: Garchomp|p1a: Scovillain\n|-damage|p1b: Lycanroc|68/100\n|\n|-damage|p2b: Garchomp|50/100g brn|[from] brn\n|upkeep\n|turn|7\n|\n|t:|1788291964\n|switch|p1b: Basculegion|Basculegion, L50, M|68/100\n|move|p2b: Garchomp|Protect|p2b: Garchomp\n|-singleturn|p2b: Garchomp|Protect\n|move|p2a: Basculegion|Protect|p2a: Basculegion\n|-singleturn|p2a: Basculegion|Protect\n|move|p1a: Scovillain|Giga Drain|p2a: Basculegion\n|-activate|p2a: Basculegion|move: Protect\n|\n|-damage|p2b: Garchomp|44/100 brn|[from] brn\n|upkeep\n|-enditem|p2b: Garchomp|Sitrus Berry|[eat]\n|-heal|p2b: Garchomp|69/100 brn|[from] item: Sitrus Berry\n|turn|8\n|\n|t:|1788291998\n|switch|p2a: Kingambit|Kingambit, L50, M|75/100\n|move|p1a: Scovillain|Rage Powder|p1a: Scovillain\n|-singleturn|p1a: Scovillain|move: Rage Powder\n|move|p2b: Garchomp|Rock Slide|p1b: Basculegion|[spread] p1a,p1b\n|-supereffective|p1a: Scovillain|1\n|-damage|p1a: Scovillain|55/100\n|-damage|p1b: Basculegion|57/100\n|cant|p1b: Basculegion|flinch\n|\n|-damage|p2b: Garchomp|63/100 brn|[from] brn\n|upkeep\n|turn|9\n|\n|t:|1788292039\n|move|p1a: Scovillain|Rage Powder|p1a: Scovillain\n|-singleturn|p1a: Scovillain|move: Rage Powder\n|move|p2b: Garchomp|Dragon Claw|p1a: Scovillain\n|-damage|p1a: Scovillain|45/100\n|move|p1b: Basculegion|Wave Crash|p2a: Kingambit\n|-damage|p2a: Kingambit|0 fnt\n|faint|p2a: Kingambit\n|-damage|p1b: Basculegion|34/100|[from] Recoil\n|-damage|p1b: Basculegion|24/100|[from] item: Life Orb\n|\n|-damage|p2b: Garchomp|57/100 brn|[from] brn\n|upkeep\n|\n|t:|1788292052\n|switch|p2a: Charizard|Charizard, L50, M|100/100\n|turn|10\n|\n|t:|1788292095\n|switch|p1b: Kingambit|Kingambit, L50, M|100/100\n|detailschange|p2a: Charizard|Charizard-Mega-Y, L50, M\n|-mega|p2a: Charizard|Charizard|Charizardite Y\n|-weather|SunnyDay|[from] ability: Drought|[of] p2a: Charizard\n|move|p1a: Scovillain|Rage Powder|p1a: Scovillain\n|-singleturn|p1a: Scovillain|move: Rage Powder\n|move|p2b: Garchomp|Stomping Tantrum|p1a: Scovillain\n|-damage|p1a: Scovillain|35/100\n|move|p2a: Charizard|Heat Wave|p1b: Kingambit|[spread] p1a,p1b\n|-supereffective|p1b: Kingambit|1\n|-damage|p1a: Scovillain|0 fnt\n|-damage|p1b: Kingambit|0 fnt\n|faint|p1a: Scovillain\n|faint|p1b: Kingambit\n|\n|-weather|SunnyDay|[upkeep]\n|-damage|p2b: Garchomp|51/100 brn|[from] brn\n|upkeep\n|\n|t:|1788292115\n|switch|p1a: Lycanroc|Lycanroc-Dusk, L50, M|68/100\n|switch|p1b: Basculegion|Basculegion, L50, M|24/100\n|turn|11\n|\n|t:|1788292126\n|move|p1a: Lycanroc|Protect|p1a: Lycanroc\n|-singleturn|p1a: Lycanroc|Protect\n|move|p2b: Garchomp|Protect|p2b: Garchomp\n|-singleturn|p2b: Garchomp|Protect\n|move|p2a: Charizard|Protect|p2a: Charizard\n|-singleturn|p2a: Charizard|Protect\n|move|p1b: Basculegion|Last Respects|p2b: Garchomp\n|-activate|p2b: Garchomp|move: Protect\n|\n|-weather|SunnyDay|[upkeep]\n|-damage|p2b: Garchomp|45/100 brn|[from] brn\n|upkeep\n|turn|12\n|\n|t:|1788292179\n|switch|p2a: Basculegion|Basculegion, L50, M|44/100\n|move|p2b: Garchomp|Protect||[still]\n|-fail|p2b: Garchomp\n|move|p1a: Lycanroc|Accelerock|p2a: Basculegion\n|-damage|p2a: Basculegion|17/100\n|move|p1b: Basculegion|Last Respects|p2b: Garchomp\n|-damage|p2b: Garchomp|0 fnt\n|faint|p2b: Garchomp\n|-damage|p1b: Basculegion|14/100|[from] item: Life Orb\n|\n|-weather|SunnyDay|[upkeep]\n|upkeep\n|\n|t:|1788292189\n|switch|p2b: Charizard|Charizard-Mega-Y, L50, M|100/100\n|turn|13\n|\n|t:|1788292227\n|move|p2b: Charizard|Protect|p2b: Charizard\n|-singleturn|p2b: Charizard|Protect\n|move|p1b: Basculegion|Protect|p1b: Basculegion\n|-singleturn|p1b: Basculegion|Protect\n|move|p1a: Lycanroc|Accelerock|p2a: Basculegion\n|-damage|p2a: Basculegion|0 fnt\n|faint|p2a: Basculegion\n|\n|-weather|SunnyDay|[upkeep]\n|upkeep\n|turn|14\n|\n|t:|1788292242\n|move|p1a: Lycanroc|Accelerock|p2b: Charizard\n|-supereffective|p2b: Charizard|2\n|-damage|p2b: Charizard|12/100\n|move|p1b: Basculegion|Aqua Jet|p2b: Charizard\n|-supereffective|p2b: Charizard|1\n|-damage|p2b: Charizard|0 fnt\n|faint|p2b: Charizard\n|-damage|p1b: Basculegion|4/100|[from] item: Life Orb\n|\n|win|arquitosb04\n|inactive|arquitosb04 has 30 seconds to confirm battle start!\n|inactive|mumu2 has 30 seconds to confirm battle start!\n","uploadtime":1788292254,"views":"6","formatid":"gen9championsvgc2026regmbbo3","rating":null,"private":0,"password":null}