{"id":"gen9championsvgc2026regmb-2674448254","format":"[Gen 9 Champions] VGC 2026 Reg M-B","players":["Zapdos79","eddyandrew"],"log":"|j|☆Zapdos79\n|j|☆eddyandrew\n|t:|1788361026\n|gametype|doubles\n|player|p1|Zapdos79|flannery|1078\n|player|p2|eddyandrew|lance|1064\n|gen|9\n|tier|[Gen 9 Champions] VGC 2026 Reg M-B\n|rated|\n|rule|Species Clause: Limit one of each Pokémon\n|rule|Item Clause: Limit 1 of each item\n|clearpoke\n|poke|p1|Espathra, L50, M|\n|poke|p1|Floette-Eternal, L50, F|\n|poke|p1|Charizard, L50, M|\n|poke|p1|Zoroark-Hisui, L50, M|\n|poke|p1|Sneasler, L50, M|\n|poke|p1|Kingambit, L50, M|\n|poke|p2|Basculegion, L50, M|\n|poke|p2|Garchomp, L50, M|\n|poke|p2|Whimsicott, L50, M|\n|poke|p2|Charizard, L50, M|\n|poke|p2|Kingambit, L50, M|\n|poke|p2|Floette-Eternal, L50, F|\n|teampreview|4\n|inactive|Battle timer is ON: inactive players will automatically lose when time's up. (requested by eddyandrew)\n|inactive|Zapdos79 has 60 seconds left.\n|inactive|Zapdos79 has 30 seconds left.\n|\n|t:|1788361091\n|teamsize|p1|4\n|teamsize|p2|4\n|start\n|switch|p1a: Espathra|Espathra, L50, M|100/100\n|switch|p1b: Sneasler|Sneasler, L50, M|100/100\n|switch|p2a: Whimsicott|Whimsicott, L50, M|100/100\n|switch|p2b: Garchomp|Garchomp, L50, M|100/100\n|turn|1\n|inactive|Zapdos79 has 30 seconds left.\n|inactive|Zapdos79 has 20 seconds left.\n|\n|t:|1788361130\n|move|p2a: Whimsicott|Protect|p2a: Whimsicott\n|-singleturn|p2a: Whimsicott|Protect\n|move|p2b: Garchomp|Protect|p2b: Garchomp\n|-singleturn|p2b: Garchomp|Protect\n|move|p1b: Sneasler|Dire Claw|p2a: Whimsicott\n|-activate|p2a: Whimsicott|move: Protect\n|move|p1a: Espathra|Calm Mind|p1a: Espathra\n|-boost|p1a: Espathra|spa|1\n|-boost|p1a: Espathra|spd|1\n|\n|-ability|p1a: Espathra|Speed Boost|boost\n|-boost|p1a: Espathra|spe|1\n|upkeep\n|turn|2\n|\n|t:|1788361154\n|move|p2a: Whimsicott|Encore|p1a: Espathra\n|-start|p1a: Espathra|Encore\n|move|p1a: Espathra|Calm Mind|p1a: Espathra\n|-boost|p1a: Espathra|spa|1\n|-boost|p1a: Espathra|spd|1\n|move|p1b: Sneasler|Dire Claw|p2a: Whimsicott\n|-supereffective|p2a: Whimsicott|2\n|-enditem|p2a: Whimsicott|Focus Sash\n|-damage|p2a: Whimsicott|1/100\n|move|p2b: Garchomp|Earthquake|p1a: Espathra|[spread] p2a,p1a,p1b\n|-resisted|p2a: Whimsicott|1\n|-supereffective|p1b: Sneasler|1\n|-damage|p2a: Whimsicott|0 fnt\n|-damage|p1a: Espathra|56/100\n|-damage|p1b: Sneasler|0 fnt\n|faint|p2a: Whimsicott\n|faint|p1b: Sneasler\n|-damage|p2b: Garchomp|90/100|[from] item: Life Orb\n|\n|-ability|p1a: Espathra|Speed Boost|boost\n|-boost|p1a: Espathra|spe|1\n|upkeep\n|\n|t:|1788361176\n|switch|p1b: Charizard|Charizard, L50, M|100/100\n|switch|p2a: Basculegion|Basculegion, L50, M|100/100\n|turn|3\n|\n|t:|1788361191\n|move|p1a: Espathra|Calm Mind|p1a: Espathra\n|-boost|p1a: Espathra|spa|1\n|-boost|p1a: Espathra|spd|1\n|move|p2a: Basculegion|Wave Crash|p1b: Charizard\n|-enditem|p1b: Charizard|Focus Sash\n|-damage|p1b: Charizard|1/100\n|replace|p1b: Zoroark|Zoroark-Hisui, L50, M\n|-end|p1b: Zoroark|Illusion\n|-damage|p2a: Basculegion|78/100|[from] Recoil\n|move|p1b: Zoroark|Will-O-Wisp|p2b: Garchomp\n|-status|p2b: Garchomp|brn\n|move|p2b: Garchomp|Rock Slide|p1a: Espathra|[spread] p1a,p1b\n|-damage|p1a: Espathra|46/100\n|-damage|p1b: Zoroark|0 fnt\n|-enditem|p1a: Espathra|Sitrus Berry|[eat]\n|-heal|p1a: Espathra|70/100|[from] item: Sitrus Berry\n|faint|p1b: Zoroark\n|-damage|p2b: Garchomp|80/100 brn|[from] item: Life Orb\n|\n|-damage|p2b: Garchomp|74/100 brn|[from] brn\n|-ability|p1a: Espathra|Speed Boost|boost\n|-boost|p1a: Espathra|spe|1\n|upkeep\n|\n|t:|1788361211\n|switch|p1b: Charizard|Charizard, L50, M|100/100\n|turn|4\n|\n|t:|1788361223\n|move|p1b: Charizard|Protect|p1b: Charizard\n|-singleturn|p1b: Charizard|Protect\n|move|p1a: Espathra|Calm Mind|p1a: Espathra\n|-boost|p1a: Espathra|spa|1\n|-boost|p1a: Espathra|spd|1\n|move|p2a: Basculegion|Wave Crash|p1a: Espathra\n|-damage|p1a: Espathra|6/100\n|-damage|p2a: Basculegion|57/100|[from] Recoil\n|move|p2b: Garchomp|Rock Slide|p1a: Espathra|[spread] p1a\n|-activate|p1b: Charizard|move: Protect\n|-damage|p1a: Espathra|0 fnt\n|faint|p1a: Espathra\n|-damage|p2b: Garchomp|64/100 brn|[from] item: Life Orb\n|\n|-damage|p2b: Garchomp|58/100 brn|[from] brn\n|upkeep\n|turn|5\n|\n|t:|1788361240\n|detailschange|p1b: Charizard|Charizard-Mega-Y, L50, M\n|-mega|p1b: Charizard|Charizard|Charizardite Y\n|-weather|SunnyDay|[from] ability: Drought|[of] p1b: Charizard\n|move|p2a: Basculegion|Wave Crash|p1b: Charizard\n|-supereffective|p1b: Charizard|1\n|-crit|p1b: Charizard\n|-damage|p1b: Charizard|0 fnt\n|faint|p1b: Charizard\n|-damage|p2a: Basculegion|29/100|[from] Recoil\n|\n|win|eddyandrew\n|raw|Zapdos79's rating: 1078 &rarr; <strong>1055</strong><br />(-23 for losing)\n|raw|eddyandrew's rating: 1064 &rarr; <strong>1096</strong><br />(+32 for winning)\n|c|☆Zapdos79|gg\n","uploadtime":1788361249,"views":"8","formatid":"gen9championsvgc2026regmb","rating":1055,"private":0,"password":null}