{"id":"gen9championsvgc2026regmbbo3-2673860682","format":"[Gen 9 Champions] VGC 2026 Reg M-B (Bo3)","players":["totaldestroy","humania1"],"log":"|j|☆totaldestroy\n|j|☆humania1\n|html|<table width=\"100%\"><tr><td align=\"left\">totaldestroy</td><td align=\"right\">humania1</tr><tr><td align=\"left\"><i class=\"fa fa-circle\"></i> <i class=\"fa fa-circle-o\"></i> </td><td align=\"right\"><i class=\"fa fa-circle-o\"></i> <i class=\"fa fa-circle-o\"></i> </tr></table>\n|uhtml|bestof|<h2><strong>Game 2</strong> of <a href=\"/game-bestof3-gen9championsvgc2026regmbbo3-2673859135\">a best-of-3</a></h2>\n|t:|1788269795\n|gametype|doubles\n|player|p1|totaldestroy|veteran|1120\n|player|p2|humania1|265|1052\n|gen|9\n|tier|[Gen 9 Champions] VGC 2026 Reg M-B (Bo3)\n|rated|\n|rule|Species Clause: Limit one of each Pokémon\n|rule|Item Clause: Limit 1 of each item\n|clearpoke\n|poke|p1|Incineroar, L50, F|\n|poke|p1|Zoroark-Hisui, L50, F|\n|poke|p1|Froslass, L50, F|\n|poke|p1|Sneasler, L50, F|\n|poke|p1|Farigiraf, L50, M|\n|poke|p1|Arcanine-Hisui, L50, F|\n|poke|p2|Blastoise, L50, F|\n|poke|p2|Delphox, L50, F, shiny|\n|poke|p2|Incineroar, L50, M|\n|poke|p2|Sinistcha, L50|\n|poke|p2|Sneasler, L50, F|\n|poke|p2|Vivillon, L50, F|\n|teampreview|4\n|showteam|p1|Incineroar||PasshoBerry|Intimidate|ThroatChop,FlareBlitz,FakeOut,PartingShot|Adamant||F|||50|]Zoroark-Hisui||FocusSash|Illusion|IcyWind,BitterMalice,WillOWisp,Protect|Timid||F|||50|]Froslass||Froslassite|CursedBody|Blizzard,ShadowBall,NastyPlot,Protect|Modest||F|||50|]Sneasler||WhiteHerb|Unburden|FakeOut,DireClaw,CloseCombat,Protect|Adamant||F|||50|]Farigiraf||SitrusBerry|ArmorTail|Psychic,Thunderbolt,HelpingHand,Roar|Bold||M|||50|]Arcanine-Hisui||ChoiceScarf|RockHead|FlareBlitz,HeadSmash,RockSlide,CloseCombat|Jolly||F|||50|\n|showteam|p2|Blastoise||Blastoisinite|Torrent|Protect,ShellSmash,WaterSpout,DarkPulse|Modest||F|||50|]Delphox||Delphoxite|Blaze|Protect,HeatWave,Psyshock,NastyPlot|Timid||F|||50|]Incineroar||PasshoBerry|Intimidate|FakeOut,PartingShot,FlareBlitz,ThroatChop|Impish||M|||50|]Sinistcha||SitrusBerry|Hospitality|Protect,MatchaGotcha,TrickRoom,RagePowder|Bold|||||50|]Sneasler||FocusSash|PoisonTouch|QuickGuard,FakeOut,CloseCombat,DireClaw|Jolly||F|||50|]Vivillon||ChoiceScarf|CompoundEyes|Hurricane,SleepPowder,RagePowder,Uturn|Timid||F|||50|\n|inactive|Battle timer is ON: inactive players will automatically lose when time's up. (requested by humania1)\n|\n|t:|1788269817\n|teamsize|p1|4\n|teamsize|p2|4\n|start\n|switch|p1a: head banger|Arcanine-Hisui, L50, F|100/100\n|switch|p1b: my cat at 3am|Incineroar, L50, F|100/100\n|switch|p2a: Blastoise|Blastoise, L50, F|100/100\n|switch|p2b: Incineroar|Incineroar, L50, M|100/100\n|-ability|p2b: Incineroar|Intimidate|boost\n|-unboost|p1a: head banger|atk|1\n|-unboost|p1b: my cat at 3am|atk|1\n|-ability|p1b: my cat at 3am|Intimidate|boost\n|-unboost|p2a: Blastoise|atk|1\n|-unboost|p2b: Incineroar|atk|1\n|turn|1\n|\n|t:|1788269840\n|detailschange|p2a: Blastoise|Blastoise-Mega, L50, F\n|-mega|p2a: Blastoise|Blastoise|Blastoisinite\n|move|p2b: Incineroar|Fake Out|p1b: my cat at 3am\n|-crit|p1b: my cat at 3am\n|-damage|p1b: my cat at 3am|85/100\n|move|p1a: head banger|Bitter Malice|p2a: Blastoise\n|-damage|p2a: Blastoise|62/100\n|-unboost|p2a: Blastoise|atk|1\n|move|p2a: Blastoise|Water Spout|p1a: head banger|[spread] p1a,p1b\n|-supereffective|p1b: my cat at 3am|1\n|-enditem|p1b: my cat at 3am|Passho Berry|[eat]\n|-enditem|p1b: my cat at 3am|Passho Berry|[weaken]\n|-damage|p1a: head banger|21/100\n|-damage|p1b: my cat at 3am|48/100\n|replace|p1a: surprise!|Zoroark-Hisui, L50, F\n|-end|p1a: surprise!|Illusion\n|cant|p1b: my cat at 3am|flinch\n|\n|upkeep\n|turn|2\n|\n|t:|1788269858\n|move|p1a: surprise!|Icy Wind|p2b: Incineroar|[spread] p2a,p2b\n|-resisted|p2a: Blastoise|1\n|-resisted|p2b: Incineroar|1\n|-damage|p2a: Blastoise|56/100\n|-damage|p2b: Incineroar|93/100\n|-unboost|p2a: Blastoise|spe|1\n|-unboost|p2b: Incineroar|spe|1\n|move|p2a: Blastoise|Water Spout|p1b: my cat at 3am|[spread] p1a,p1b\n|-supereffective|p1b: my cat at 3am|1\n|-damage|p1a: surprise!|0 fnt\n|-damage|p1b: my cat at 3am|0 fnt\n|faint|p1a: surprise!\n|faint|p1b: my cat at 3am\n|move|p2b: Incineroar|Throat Chop|p1: surprise!|[notarget]\n|-fail|p2b: Incineroar\n|\n|upkeep\n|\n|t:|1788269860\n|switch|p1a: The Sneasler|Sneasler, L50, F|100/100\n|switch|p1b: head banger|Arcanine-Hisui, L50, F|100/100\n|turn|3\n|\n|t:|1788269871\n|switch|p2b: Sinistcha|Sinistcha, L50|100/100\n|-heal|p2a: Blastoise|81/100|[from] ability: Hospitality|[of] p2b: Sinistcha\n|move|p1b: head banger|Head Smash|p2b: Sinistcha\n|-damage|p2b: Sinistcha|32/100\n|-enditem|p2b: Sinistcha|Sitrus Berry|[eat]\n|-heal|p2b: Sinistcha|57/100|[from] item: Sitrus Berry\n|move|p1a: The Sneasler|Close Combat|p2a: Blastoise\n|-damage|p2a: Blastoise|13/100\n|-unboost|p1a: The Sneasler|def|1\n|-unboost|p1a: The Sneasler|spd|1\n|-enditem|p1a: The Sneasler|White Herb\n|-clearnegativeboost|p1a: The Sneasler|[silent]\n|move|p2a: Blastoise|Water Spout|p1b: head banger|[spread] p1a,p1b\n|-supereffective|p1b: head banger|2\n|-damage|p1a: The Sneasler|88/100\n|-damage|p1b: head banger|58/100\n|\n|upkeep\n|turn|4\n|\n|t:|1788269880\n|move|p2b: Sinistcha|Protect|p2b: Sinistcha\n|-singleturn|p2b: Sinistcha|Protect\n|move|p1a: The Sneasler|Dire Claw|p2a: Blastoise\n|-damage|p2a: Blastoise|0 fnt\n|faint|p2a: Blastoise\n|move|p1b: head banger|Head Smash|p2b: Sinistcha\n|-activate|p2b: Sinistcha|move: Protect\n|\n|upkeep\n|\n|t:|1788269881\n|switch|p2a: Sneasler|Sneasler, L50, F|100/100\n|turn|5\n|\n|t:|1788269888\n|switch|p2b: Incineroar|Incineroar, L50, M|93/100\n|-ability|p2b: Incineroar|Intimidate|boost\n|-unboost|p1a: The Sneasler|atk|1\n|-unboost|p1b: head banger|atk|1\n|move|p1a: The Sneasler|Dire Claw|p2a: Sneasler\n|-resisted|p2a: Sneasler|1\n|-damage|p2a: Sneasler|73/100\n|move|p1b: head banger|Head Smash|p2b: Incineroar\n|-supereffective|p2b: Incineroar|1\n|-crit|p2b: Incineroar\n|-damage|p2b: Incineroar|0 fnt\n|faint|p2b: Incineroar\n|move|p2a: Sneasler|Close Combat|p1b: head banger\n|-supereffective|p1b: head banger|1\n|-damage|p1b: head banger|0 fnt\n|-unboost|p2a: Sneasler|def|1\n|-unboost|p2a: Sneasler|spd|1\n|faint|p1b: head banger\n|\n|upkeep\n|\n|t:|1788269888\n|switch|p2b: Sinistcha|Sinistcha, L50|57/100\n|-heal|p2a: Sneasler|98/100|[from] ability: Hospitality|[of] p2b: Sinistcha\n|turn|6\n|\n|t:|1788269900\n|move|p1a: The Sneasler|Dire Claw|p2a: Sneasler\n|-resisted|p2a: Sneasler|1\n|-damage|p2a: Sneasler|59/100\n|move|p2a: Sneasler|Close Combat|p1a: The Sneasler\n|-resisted|p1a: The Sneasler|1\n|-damage|p1a: The Sneasler|34/100\n|-unboost|p2a: Sneasler|def|1\n|-unboost|p2a: Sneasler|spd|1\n|move|p2b: Sinistcha|Trick Room|p2b: Sinistcha\n|-fieldstart|move: Trick Room|[of] p2b: Sinistcha\n|\n|upkeep\n|turn|7\n|\n|t:|1788269913\n|move|p2b: Sinistcha|Protect|p2b: Sinistcha\n|-singleturn|p2b: Sinistcha|Protect\n|move|p2a: Sneasler|Close Combat|p1a: The Sneasler\n|-resisted|p1a: The Sneasler|1\n|-damage|p1a: The Sneasler|0 fnt\n|-unboost|p2a: Sneasler|def|1\n|-unboost|p2a: Sneasler|spd|1\n|faint|p1a: The Sneasler\n|\n|win|humania1\n","uploadtime":1788269913,"views":"9","formatid":"gen9championsvgc2026regmbbo3","rating":null,"private":0,"password":null}