{"id":"gen9championsvgc2026regmb-2674078316","format":"[Gen 9 Champions] VGC 2026 Reg M-B","players":["conngfan","booms221"],"log":"|j|☆conngfan\n|j|☆booms221\n|t:|1788296127\n|gametype|doubles\n|player|p1|conngfan|arven-s|1513\n|player|p2|booms221|170|1586\n|gen|9\n|tier|[Gen 9 Champions] VGC 2026 Reg M-B\n|rated|\n|rule|Species Clause: Limit one of each Pokémon\n|rule|Item Clause: Limit 1 of each item\n|clearpoke\n|poke|p1|Aerodactyl, L50, M|\n|poke|p1|Raichu, L50, F|\n|poke|p1|Sneasler, L50, M|\n|poke|p1|Sylveon, L50, M|\n|poke|p1|Kingambit, L50, M|\n|poke|p1|Tsareena, L50, F|\n|poke|p2|Charizard, L50, M|\n|poke|p2|Toxapex, L50, F|\n|poke|p2|Venusaur, L50, F|\n|poke|p2|Sylveon, L50, F|\n|poke|p2|Incineroar, L50, F|\n|poke|p2|Garchomp, L50, M|\n|teampreview|4\n|inactive|Battle timer is ON: inactive players will automatically lose when time's up. (requested by conngfan)\n|\n|t:|1788296157\n|teamsize|p1|4\n|teamsize|p2|4\n|start\n|switch|p1a: Sneasler|Sneasler, L50, M|100/100\n|switch|p1b: Kingambit|Kingambit, L50, M|100/100\n|switch|p2a: Charizard|Charizard, L50, M|100/100\n|switch|p2b: Venusaur|Venusaur, L50, F|100/100\n|turn|1\n|\n|t:|1788296170\n|detailschange|p2a: Charizard|Charizard-Mega-Y, L50, M\n|-mega|p2a: Charizard|Charizard|Charizardite Y\n|-weather|SunnyDay|[from] ability: Drought|[of] p2a: Charizard\n|move|p1a: Sneasler|Fake Out|p2a: Charizard\n|-damage|p2a: Charizard|83/100\n|move|p2b: Venusaur|Earth Power|p1a: Sneasler\n|-supereffective|p1a: Sneasler|1\n|-damage|p1a: Sneasler|8/100\n|-damage|p2b: Venusaur|90/100|[from] item: Life Orb\n|cant|p2a: Charizard|flinch\n|move|p1b: Kingambit|Swords Dance|p1b: Kingambit\n|-boost|p1b: Kingambit|atk|2\n|\n|-weather|SunnyDay|[upkeep]\n|upkeep\n|turn|2\n|\n|t:|1788296187\n|switch|p2a: Toxapex|Toxapex, L50, F|100/100\n|move|p1b: Kingambit|Sucker Punch||[still]\n|-fail|p1b: Kingambit\n|move|p2b: Venusaur|Sleep Powder|p1b: Kingambit\n|-status|p1b: Kingambit|slp|[from] move: Sleep Powder\n|move|p1a: Sneasler|Dire Claw|p2b: Venusaur\n|-damage|p2b: Venusaur|37/100\n|\n|-weather|SunnyDay|[upkeep]\n|upkeep\n|turn|3\n|\n|t:|1788296211\n|move|p2b: Venusaur|Sludge Bomb|p1a: Sneasler\n|-resisted|p1a: Sneasler|1\n|-damage|p1a: Sneasler|0 fnt\n|faint|p1a: Sneasler\n|-damage|p2b: Venusaur|28/100|[from] item: Life Orb\n|cant|p1b: Kingambit|slp\n|move|p2a: Toxapex|Infestation|p1b: Kingambit\n|-damage|p1b: Kingambit|96/100 slp\n|-activate|p1b: Kingambit|move: Infestation|[of] p2a: Toxapex\n|\n|-weather|SunnyDay|[upkeep]\n|-damage|p1b: Kingambit|84/100 slp|[from] move: Infestation|[partiallytrapped]\n|upkeep\n|\n|t:|1788296215\n|switch|p1a: Raichu|Raichu, L50, F|100/100\n|turn|4\n|\n|t:|1788296227\n|detailschange|p1a: Raichu|Raichu-Mega-Y, L50, F\n|-mega|p1a: Raichu|Raichu|Raichunite Y\n|move|p1a: Raichu|Fake Out|p2b: Venusaur\n|-damage|p2b: Venusaur|17/100\n|cant|p2b: Venusaur|flinch\n|cant|p1b: Kingambit|slp\n|move|p2a: Toxapex|Infestation|p1a: Raichu\n|-damage|p1a: Raichu|95/100\n|-activate|p1a: Raichu|move: Infestation|[of] p2a: Toxapex\n|\n|-weather|SunnyDay|[upkeep]\n|-damage|p1a: Raichu|83/100|[from] move: Infestation|[partiallytrapped]\n|-damage|p1b: Kingambit|72/100 slp|[from] move: Infestation|[partiallytrapped]\n|upkeep\n|turn|5\n|\n|t:|1788296244\n|switch|p2a: Garchomp|Garchomp, L50, M|100/100\n|move|p1a: Raichu|Protect|p1a: Raichu\n|-singleturn|p1a: Raichu|Protect\n|move|p2b: Venusaur|Sleep Powder|p1a: Raichu\n|-activate|p1a: Raichu|move: Protect\n|-curestatus|p1b: Kingambit|slp|[msg]\n|move|p1b: Kingambit|Kowtow Cleave|p2b: Venusaur\n|-damage|p2b: Venusaur|0 fnt\n|faint|p2b: Venusaur\n|-damage|p1b: Kingambit|62/100|[from] item: Life Orb\n|\n|-weather|none\n|-end|p1a: Raichu|Infestation|[partiallytrapped]|[silent]\n|-end|p1b: Kingambit|Infestation|[partiallytrapped]|[silent]\n|upkeep\n|\n|t:|1788296251\n|switch|p2b: Charizard|Charizard-Mega-Y, L50, M|83/100\n|-weather|SunnyDay|[from] ability: Drought|[of] p2b: Charizard\n|turn|6\n|\n|t:|1788296270\n|move|p1a: Raichu|Protect||[still]\n|-fail|p1a: Raichu\n|move|p1b: Kingambit|Protect|p1b: Kingambit\n|-singleturn|p1b: Kingambit|Protect\n|move|p2a: Garchomp|Earthquake|p1b: Kingambit|[spread] p1a\n|-activate|p1b: Kingambit|move: Protect\n|-immune|p2b: Charizard\n|-supereffective|p1a: Raichu|1\n|-damage|p1a: Raichu|0 fnt\n|faint|p1a: Raichu\n|move|p2b: Charizard|Heat Wave|p1b: Kingambit\n|-activate|p1b: Kingambit|move: Protect\n|\n|-weather|SunnyDay|[upkeep]\n|upkeep\n|\n|t:|1788296273\n|switch|p1a: Tsareena|Tsareena, L50, F|100/100\n|turn|7\n|\n|t:|1788296278\n|move|p1b: Kingambit|Sucker Punch|p2b: Charizard\n|-damage|p2b: Charizard|0 fnt\n|faint|p2b: Charizard\n|-damage|p1b: Kingambit|53/100|[from] item: Life Orb\n|move|p1a: Tsareena|Triple Axel|p2a: Garchomp\n|-supereffective|p2a: Garchomp|2\n|-damage|p2a: Garchomp|75/100\n|-supereffective|p2a: Garchomp|2\n|-damage|p2a: Garchomp|26/100\n|-enditem|p2a: Garchomp|Sitrus Berry|[eat]\n|-heal|p2a: Garchomp|51/100|[from] item: Sitrus Berry\n|-supereffective|p2a: Garchomp|2\n|-damage|p2a: Garchomp|0 fnt\n|faint|p2a: Garchomp\n|-hitcount|p2: Garchomp|3\n|\n|-weather|SunnyDay|[upkeep]\n|upkeep\n|\n|t:|1788296285\n|switch|p2b: Toxapex|Toxapex, L50, F|100/100\n|turn|8\n|\n|t:|1788296291\n|move|p2b: Toxapex|Baneful Bunker|p2b: Toxapex\n|-singleturn|p2b: Toxapex|move: Protect\n|move|p1a: Tsareena|Power Whip|p2b: Toxapex\n|-activate|p2b: Toxapex|move: Protect\n|-status|p1a: Tsareena|psn\n|move|p1b: Kingambit|Kowtow Cleave|p2b: Toxapex\n|-activate|p2b: Toxapex|move: Protect\n|\n|-weather|SunnyDay|[upkeep]\n|-damage|p1a: Tsareena|88/100 psn|[from] psn\n|upkeep\n|turn|9\n|\n|t:|1788296294\n|move|p1a: Tsareena|Power Whip|p2b: Toxapex\n|-damage|p2b: Toxapex|61/100\n|move|p1b: Kingambit|Kowtow Cleave|p2b: Toxapex\n|-damage|p2b: Toxapex|0 fnt\n|faint|p2b: Toxapex\n|-damage|p1b: Kingambit|43/100|[from] item: Life Orb\n|\n|win|conngfan\n|raw|conngfan's rating: 1513 &rarr; <strong>1537</strong><br />(+24 for winning)\n|raw|booms221's rating: 1586 &rarr; <strong>1562</strong><br />(-24 for losing)\n","uploadtime":1788296295,"views":"1","formatid":"gen9championsvgc2026regmb","rating":1537,"private":0,"password":null}