{"id":"gen9championsvgc2026regmb-2674132795","format":"[Gen 9 Champions] VGC 2026 Reg M-B","players":["5hef","maxhb"],"log":"|j|☆5hef\n|j|☆maxhb\n|html|<table width=\"100%\"><tr><td align=\"left\">5hef</td><td align=\"right\">maxhb</tr><tr><td align=\"left\"><i class=\"fa fa-circle\"></i> <i class=\"fa fa-circle-o\"></i> </td><td align=\"right\"><i class=\"fa fa-circle-o\"></i> <i class=\"fa fa-circle\"></i> </tr></table>\n|uhtml|bestof|<h2><strong>Game 3</strong> of <a href=\"/game-bestof3-gen9championsvgc2026regmb-2674129640\">a best-of-3</a></h2>\n|t:|1788303950\n|gametype|doubles\n|player|p1|5hef|cynthia-gen7|\n|player|p2|maxhb|169|\n|gen|9\n|tier|[Gen 9 Champions] VGC 2026 Reg M-B\n|rule|Species Clause: Limit one of each Pokémon\n|rule|Item Clause: Limit 1 of each item\n|raw|<div class=\"infobox\"><details class=\"readmore\" open><summary><strong>1 custom rule:</strong></summary> Best of = 3</details></div>\n|clearpoke\n|poke|p1|Garchomp, L50, F|\n|poke|p1|Aerodactyl, L50, M|\n|poke|p1|Delphox, L50, M|\n|poke|p1|Milotic, L50, M|\n|poke|p1|Sableye, L50, F|\n|poke|p1|Dragalge, L50, M|\n|poke|p2|Floette-Eternal, L50, F|\n|poke|p2|Blastoise, L50, F|\n|poke|p2|Kingambit, L50, F|\n|poke|p2|Talonflame, L50, M|\n|poke|p2|Crabominable, L50, F|\n|poke|p2|Sinistcha, L50|\n|teampreview|4\n|inactive|Battle timer is ON: inactive players will automatically lose when time's up. (requested by 5hef)\n|\n|t:|1788303963\n|teamsize|p1|4\n|teamsize|p2|4\n|start\n|switch|p1a: Garchomp|Garchomp, L50, F|100/100\n|switch|p1b: Sableye|Sableye, L50, F|100/100\n|switch|p2a: Blastoise|Blastoise, L50, F|100/100\n|switch|p2b: Sinistcha|Sinistcha, L50|100/100\n|turn|1\n|\n|t:|1788303986\n|move|p1b: Sableye|Fake Out|p2a: Blastoise\n|-damage|p2a: Blastoise|91/100\n|move|p1a: Garchomp|Dragon Claw|p2b: Sinistcha\n|-damage|p2b: Sinistcha|65/100\n|cant|p2a: Blastoise|flinch\n|move|p2b: Sinistcha|Trick Room|p2b: Sinistcha\n|-fieldstart|move: Trick Room|[of] p2b: Sinistcha\n|\n|upkeep\n|turn|2\n|\n|t:|1788304006\n|switch|p2b: Kingambit|Kingambit, L50, F|100/100\n|move|p1b: Sableye|Light Screen|p1b: Sableye\n|-sidestart|p1: 5hef|move: Light Screen\n|move|p2a: Blastoise|Ice Beam|p1a: Garchomp\n|-supereffective|p1a: Garchomp|2\n|-damage|p1a: Garchomp|19/100\n|move|p1a: Garchomp|Dragon Claw|p2a: Blastoise\n|-damage|p2a: Blastoise|39/100\n|\n|upkeep\n|turn|3\n|\n|t:|1788304020\n|switch|p1a: Milotic|Milotic, L50, M|100/100\n|move|p1b: Sableye|Reflect|p1b: Sableye\n|-sidestart|p1: 5hef|Reflect\n|move|p2b: Kingambit|Swords Dance|p2b: Kingambit\n|-boost|p2b: Kingambit|atk|2\n|move|p2a: Blastoise|Ice Beam|p1a: Milotic\n|-resisted|p1a: Milotic|1\n|-damage|p1a: Milotic|95/100\n|\n|-heal|p1a: Milotic|100/100|[from] item: Leftovers\n|upkeep\n|turn|4\n|inactive|5hef has 30 seconds left.\n|\n|t:|1788304055\n|move|p1b: Sableye|Quash|p2a: Blastoise\n|-activate|p2a: Blastoise|move: Quash\n|move|p2b: Kingambit|Kowtow Cleave|p1a: Milotic\n|-damage|p1a: Milotic|32/100\n|move|p1a: Milotic|Coil|p1a: Milotic\n|-boost|p1a: Milotic|atk|1\n|-boost|p1a: Milotic|def|1\n|-boost|p1a: Milotic|accuracy|1\n|move|p2a: Blastoise|Ice Beam|p1b: Sableye\n|-damage|p1b: Sableye|75/100\n|\n|-heal|p1a: Milotic|38/100|[from] item: Leftovers\n|upkeep\n|turn|5\n|\n|t:|1788304073\n|move|p1b: Sableye|Quash|p2a: Blastoise\n|-activate|p2a: Blastoise|move: Quash\n|move|p2b: Kingambit|Kowtow Cleave|p1a: Milotic\n|-damage|p1a: Milotic|0 fnt\n|faint|p1a: Milotic\n|move|p2a: Blastoise|Ice Beam|p1b: Sableye\n|-damage|p1b: Sableye|47/100\n|\n|-fieldend|move: Trick Room\n|upkeep\n|\n|t:|1788304075\n|switch|p1a: Delphox|Delphox, L50, M|100/100\n|turn|6\n|inactive|maxhb has 30 seconds left.\n|\n|t:|1788304104\n|detailschange|p1a: Delphox|Delphox-Mega, L50, M\n|-mega|p1a: Delphox|Delphox|Delphoxite\n|move|p1a: Delphox|Protect|p1a: Delphox\n|-singleturn|p1a: Delphox|Protect\n|move|p2b: Kingambit|Sucker Punch||[still]\n|-fail|p2b: Kingambit\n|move|p1b: Sableye|Quash|p2a: Blastoise\n|-activate|p2a: Blastoise|move: Quash\n|move|p2a: Blastoise|Ice Beam|p1b: Sableye\n|-damage|p1b: Sableye|20/100y\n|\n|upkeep\n|turn|7\n|\n|t:|1788304116\n|move|p1b: Sableye|Quash|p2a: Blastoise\n|-activate|p2a: Blastoise|move: Quash\n|move|p2b: Kingambit|Sucker Punch||[still]\n|-fail|p2b: Kingambit\n|move|p1a: Delphox|Nasty Plot|p1a: Delphox\n|-boost|p1a: Delphox|spa|2\n|move|p2a: Blastoise|Ice Beam|p1b: Sableye\n|-damage|p1b: Sableye|0 fnt\n|faint|p1b: Sableye\n|\n|upkeep\n|\n|t:|1788304121\n|switch|p1b: Garchomp|Garchomp, L50, F|19/100\n|turn|8\n|inactive|maxhb has 30 seconds left.\n|inactive|5hef has 30 seconds left.\n|\n|t:|1788304152\n|move|p2b: Kingambit|Sucker Punch||[still]\n|-fail|p2b: Kingambit\n|move|p1b: Garchomp|Earthquake|p2a: Blastoise|[spread] p2a,p2b\n|-immune|p1a: Delphox|[from] ability: Levitate\n|-supereffective|p2b: Kingambit|1\n|-damage|p2a: Blastoise|0 fnt\n|-damage|p2b: Kingambit|36/100\n|faint|p2a: Blastoise\n|move|p1a: Delphox|Nasty Plot|p1a: Delphox\n|-boost|p1a: Delphox|spa|2\n|\n|upkeep\n|\n|t:|1788304177\n|switch|p2a: Sinistcha|Sinistcha, L50|65/100\n|-heal|p2b: Kingambit|60/100|[from] ability: Hospitality|[of] p2a: Sinistcha\n|turn|9\n|\n|t:|1788304190\n|move|p2b: Kingambit|Protect|p2b: Kingambit\n|-singleturn|p2b: Kingambit|Protect\n|move|p1b: Garchomp|Earthquake|p2b: Kingambit|[spread] p2a\n|-activate|p2b: Kingambit|move: Protect\n|-immune|p1a: Delphox|[from] ability: Levitate\n|-resisted|p2a: Sinistcha|1\n|-damage|p2a: Sinistcha|47/100\n|-enditem|p2a: Sinistcha|Sitrus Berry|[eat]\n|-heal|p2a: Sinistcha|72/100|[from] item: Sitrus Berry\n|move|p1a: Delphox|Heat Wave|p2a: Sinistcha|[spread] \n|-activate|p2b: Kingambit|move: Protect\n|-miss|p1a: Delphox|p2a: Sinistcha\n|move|p2a: Sinistcha|Trick Room|p2a: Sinistcha\n|-fieldstart|move: Trick Room|[of] p2a: Sinistcha\n|\n|-sideend|p1: 5hef|move: Light Screen\n|upkeep\n|turn|10\n|inactive|maxhb has 30 seconds left.\n|\n|t:|1788304218\n|move|p2b: Kingambit|Kowtow Cleave|p1a: Delphox\n|-supereffective|p1a: Delphox|1\n|-damage|p1a: Delphox|0 fnt\n|faint|p1a: Delphox\n|move|p2a: Sinistcha|Matcha Gotcha|p1b: Garchomp\n|-damage|p1b: Garchomp|0 fnt\n|-heal|p2a: Sinistcha|82/100|[from] drain|[of] p1b: Garchomp\n|faint|p1b: Garchomp\n|\n|win|maxhb\n|c|☆5hef|gg\n|c|☆maxhb|gg\n|l|☆5hef\n|player|p1|\n","uploadtime":1788304478,"views":"31","formatid":"gen9championsvgc2026regmb","rating":null,"private":0,"password":null}