{"id":"gen9championsvgc2026regmbbo3-2674525529","format":"[Gen 9 Champions] VGC 2026 Reg M-B (Bo3)","players":["manucoel","Cactusmax"],"log":"|j|☆manucoel\n|j|☆Cactusmax\n|html|<table width=\"100%\"><tr><td align=\"left\">manucoel</td><td align=\"right\">Cactusmax</tr><tr><td align=\"left\"><i class=\"fa fa-circle\"></i> <i class=\"fa fa-circle-o\"></i> </td><td align=\"right\"><i class=\"fa fa-circle-o\"></i> <i class=\"fa fa-circle-o\"></i> </tr></table>\n|uhtml|bestof|<h2><strong>Game 2</strong> of <a href=\"/game-bestof3-gen9championsvgc2026regmbbo3-2674520939\">a best-of-3</a></h2>\n|t:|1788370039\n|gametype|doubles\n|player|p1|manucoel|265|\n|player|p2|Cactusmax|ballguy|\n|gen|9\n|tier|[Gen 9 Champions] VGC 2026 Reg M-B (Bo3)\n|rule|Species Clause: Limit one of each Pokémon\n|rule|Item Clause: Limit 1 of each item\n|clearpoke\n|poke|p1|Overqwil, L50, M|\n|poke|p1|Sneasler, L50, F|\n|poke|p1|Sableye, L50, F|\n|poke|p1|Delphox, L50, F|\n|poke|p1|Weavile, L50, F|\n|poke|p1|Charizard, L50, M|\n|poke|p2|Blastoise, L50, M|\n|poke|p2|Delphox, L50, M|\n|poke|p2|Sinistcha-Masterpiece, L50|\n|poke|p2|Sneasler, L50, F|\n|poke|p2|Kingambit, L50, M|\n|poke|p2|Incineroar, L50, M|\n|teampreview|4\n|showteam|p1|Overqwil||Leftovers|Intimidate|BarbBarrage,Minimize,Stockpile,Protect|Careful||M|||50|]Sneasler||WhiteHerb|Unburden|FakeOut,Protect,DireClaw,CloseCombat|Jolly||F|||50|]Sableye||SitrusBerry|Prankster|LightScreen,SunnyDay,FakeOut,WillOWisp|Sassy||F|||50|]Delphox||Delphoxite|Blaze|HeatWave,Psychic,PsychUp,Protect|Timid||F|||50|]Weavile||FocusSash|Pickpocket|FakeOut,KnockOff,IceSpinner,Protect|Jolly||F|||50|]Charizard||CharizarditeY|Blaze|Protect,SolarBeam,HeatWave,AirSlash|Timid||M|||50|\n|showteam|p2|Blastoise||Blastoisinite|RainDish|WaterSpout,DarkPulse,ShellSmash,Protect|Modest||M|||50|]Delphox||Delphoxite|Blaze|HeatWave,Psychic,NastyPlot,Protect|Timid||M|||50|]Sinistcha-Masterpiece||ColburBerry|Hospitality|MatchaGotcha,RagePowder,TrickRoom,Protect|Bold|||||50|]Sneasler||FocusSash|PoisonTouch|FakeOut,PoisonJab,CloseCombat,QuickGuard|Jolly||F|||50|]Kingambit||LifeOrb|Defiant|KowtowCleave,SuckerPunch,SwordsDance,Protect|Adamant||M|||50|]Incineroar||SitrusBerry|Intimidate|FakeOut,FlareBlitz,ThroatChop,PartingShot|Careful||M|||50|\n|inactive|Battle timer is ON: inactive players will automatically lose when time's up. (requested by manucoel)\n|inactive|manucoel has 60 seconds left.\n|\n|t:|1788370073\n|teamsize|p1|4\n|teamsize|p2|4\n|start\n|switch|p1a: Charizard|Charizard, L50, M|100/100\n|switch|p1b: Sneasler|Sneasler, L50, F|100/100\n|switch|p2a: Blastoise|Blastoise, L50, M|100/100\n|switch|p2b: Sneasler|Sneasler, L50, F|100/100\n|turn|1\n|\n|t:|1788370086\n|detailschange|p1a: Charizard|Charizard-Mega-Y, L50, M\n|-mega|p1a: Charizard|Charizard|Charizardite Y\n|-weather|SunnyDay|[from] ability: Drought|[of] p1a: Charizard\n|detailschange|p2a: Blastoise|Blastoise-Mega, L50, M\n|-mega|p2a: Blastoise|Blastoise|Blastoisinite\n|move|p1b: Sneasler|Fake Out|p2a: Blastoise\n|-damage|p2a: Blastoise|86/100\n|move|p2b: Sneasler|Fake Out|p1a: Charizard\n|-crit|p1a: Charizard\n|-damage|p1a: Charizard|69/100\n|cant|p1a: Charizard|flinch\n|cant|p2a: Blastoise|flinch\n|\n|-weather|SunnyDay|[upkeep]\n|upkeep\n|turn|2\n|\n|t:|1788370108\n|move|p2a: Blastoise|Protect|p2a: Blastoise\n|-singleturn|p2a: Blastoise|Protect\n|move|p1b: Sneasler|Close Combat|p2a: Blastoise\n|-activate|p2a: Blastoise|move: Protect\n|move|p2b: Sneasler|Poison Jab|p1a: Charizard\n|-damage|p1a: Charizard|5/100\n|move|p1a: Charizard|Solar Beam||[still]\n|-prepare|p1a: Charizard|Solar Beam\n|-anim|p1a: Charizard|Solar Beam|p2a: Blastoise\n|-activate|p2a: Blastoise|move: Protect\n|\n|-weather|SunnyDay|[upkeep]\n|upkeep\n|turn|3\n|\n|t:|1788370130\n|switch|p1a: Overqwil|Overqwil, L50, M|100/100\n|-ability|p1a: Overqwil|Intimidate|boost\n|-unboost|p2a: Blastoise|atk|1\n|-unboost|p2b: Sneasler|atk|1\n|switch|p2a: Sinistcha|Sinistcha-Masterpiece, L50|100/100\n|move|p2b: Sneasler|Poison Jab|p1a: Overqwil\n|-resisted|p1a: Overqwil|1\n|-damage|p1a: Overqwil|87/100\n|move|p1b: Sneasler|Close Combat|p2a: Sinistcha\n|-immune|p2a: Sinistcha\n|\n|-weather|SunnyDay|[upkeep]\n|-heal|p1a: Overqwil|93/100|[from] item: Leftovers\n|upkeep\n|turn|4\n|\n|t:|1788370142\n|switch|p2b: Kingambit|Kingambit, L50, M|100/100\n|move|p2a: Sinistcha|Rage Powder|p2a: Sinistcha\n|-singleturn|p2a: Sinistcha|move: Rage Powder\n|move|p1b: Sneasler|Dire Claw|p2a: Sinistcha\n|-damage|p2a: Sinistcha|69/100\n|-status|p2a: Sinistcha|par\n|move|p1a: Overqwil|Minimize|p1a: Overqwil\n|-boost|p1a: Overqwil|evasion|2\n|\n|-weather|SunnyDay|[upkeep]\n|-heal|p1a: Overqwil|100/100|[from] item: Leftovers\n|upkeep\n|turn|5\n|\n|t:|1788370154\n|move|p2a: Sinistcha|Rage Powder|p2a: Sinistcha\n|-singleturn|p2a: Sinistcha|move: Rage Powder\n|move|p1b: Sneasler|Dire Claw|p2a: Sinistcha\n|-damage|p2a: Sinistcha|34/100 par\n|move|p1a: Overqwil|Barb Barrage|p2a: Sinistcha\n|-damage|p2a: Sinistcha|17/100 par\n|move|p2b: Kingambit|Swords Dance|p2b: Kingambit\n|-boost|p2b: Kingambit|atk|2\n|\n|-weather|none\n|upkeep\n|turn|6\n|\n|t:|1788370171\n|move|p1b: Sneasler|Protect|p1b: Sneasler\n|-singleturn|p1b: Sneasler|Protect\n|move|p2a: Sinistcha|Rage Powder|p2a: Sinistcha\n|-singleturn|p2a: Sinistcha|move: Rage Powder\n|move|p1a: Overqwil|Barb Barrage|p2a: Sinistcha\n|-damage|p2a: Sinistcha|0 fnt\n|faint|p2a: Sinistcha\n|move|p2b: Kingambit|Kowtow Cleave|p1b: Sneasler\n|-activate|p1b: Sneasler|move: Protect\n|\n|upkeep\n|\n|t:|1788370174\n|switch|p2a: Sneasler|Sneasler, L50, F|100/100\n|turn|7\n|\n|t:|1788370186\n|switch|p1b: Charizard|Charizard-Mega-Y, L50, M|5/100\n|-weather|SunnyDay|[from] ability: Drought|[of] p1b: Charizard\n|move|p2a: Sneasler|Fake Out|p1b: Charizard\n|-damage|p1b: Charizard|0 fnt\n|faint|p1b: Charizard\n|move|p1a: Overqwil|Minimize|p1a: Overqwil\n|-boost|p1a: Overqwil|evasion|2\n|move|p2b: Kingambit|Kowtow Cleave|p1a: Overqwil\n|-resisted|p1a: Overqwil|1\n|-damage|p1a: Overqwil|42/100\n|-damage|p2b: Kingambit|90/100|[from] item: Life Orb\n|\n|-weather|SunnyDay|[upkeep]\n|-heal|p1a: Overqwil|48/100|[from] item: Leftovers\n|upkeep\n|\n|t:|1788370197\n|switch|p1b: Sneasler|Sneasler, L50, F|100/100\n|turn|8\n|\n|t:|1788370210\n|move|p1b: Sneasler|Protect|p1b: Sneasler\n|-singleturn|p1b: Sneasler|Protect\n|move|p2b: Kingambit|Protect|p2b: Kingambit\n|-singleturn|p2b: Kingambit|Protect\n|move|p2a: Sneasler|Close Combat|p1b: Sneasler\n|-activate|p1b: Sneasler|move: Protect\n|move|p1a: Overqwil|Stockpile|p1a: Overqwil\n|-start|p1a: Overqwil|stockpile1\n|-boost|p1a: Overqwil|def|1\n|-boost|p1a: Overqwil|spd|1\n|\n|-weather|SunnyDay|[upkeep]\n|-heal|p1a: Overqwil|55/100|[from] item: Leftovers\n|upkeep\n|turn|9\n|inactive|manucoel has 30 seconds left.\n|\n|t:|1788370238\n|switch|p1b: Weavile|Weavile, L50, F|100/100\n|move|p2b: Kingambit|Sucker Punch||[still]\n|-fail|p2b: Kingambit\n|move|p2a: Sneasler|Close Combat|p1b: Weavile\n|-supereffective|p1b: Weavile|2\n|-enditem|p1b: Weavile|Focus Sash\n|-damage|p1b: Weavile|1/100\n|-unboost|p2a: Sneasler|def|1\n|-unboost|p2a: Sneasler|spd|1\n|-enditem|p2a: Sneasler|Focus Sash|[silent]|[from] ability: Pickpocket|[of] p2a: Sneasler\n|-item|p1b: Weavile|Focus Sash|[from] ability: Pickpocket|[of] p2a: Sneasler\n|move|p1a: Overqwil|Stockpile|p1a: Overqwil\n|-start|p1a: Overqwil|stockpile2\n|-boost|p1a: Overqwil|def|1\n|-boost|p1a: Overqwil|spd|1\n|\n|-weather|SunnyDay|[upkeep]\n|-heal|p1a: Overqwil|61/100|[from] item: Leftovers\n|upkeep\n|turn|10\n|\n|t:|1788370264\n|switch|p2a: Blastoise|Blastoise-Mega, L50, M|86/100\n|move|p1b: Weavile|Ice Spinner|p2a: Blastoise\n|-resisted|p2a: Blastoise|1\n|-damage|p2a: Blastoise|69/100\n|move|p1a: Overqwil|Stockpile|p1a: Overqwil\n|-start|p1a: Overqwil|stockpile3\n|-boost|p1a: Overqwil|def|1\n|-boost|p1a: Overqwil|spd|1\n|move|p2b: Kingambit|Kowtow Cleave|p1a: Overqwil\n|-resisted|p1a: Overqwil|1\n|-damage|p1a: Overqwil|36/100\n|-damage|p2b: Kingambit|80/100|[from] item: Life Orb\n|\n|-weather|SunnyDay|[upkeep]\n|-heal|p1a: Overqwil|43/100|[from] item: Leftovers\n|upkeep\n|turn|11\n|\n|t:|1788370284\n|move|p1a: Overqwil|Protect|p1a: Overqwil\n|-singleturn|p1a: Overqwil|Protect\n|move|p1b: Weavile|Knock Off|p2a: Blastoise\n|-damage|p2a: Blastoise|40/100\n|move|p2a: Blastoise|Shell Smash|p2a: Blastoise\n|-unboost|p2a: Blastoise|def|1\n|-unboost|p2a: Blastoise|spd|1\n|-boost|p2a: Blastoise|atk|2\n|-boost|p2a: Blastoise|spa|2\n|-boost|p2a: Blastoise|spe|2\n|move|p2b: Kingambit|Kowtow Cleave|p1a: Overqwil\n|-activate|p1a: Overqwil|move: Protect\n|\n|-weather|none\n|-heal|p1a: Overqwil|49/100|[from] item: Leftovers\n|upkeep\n|turn|12\n|\n|t:|1788370298\n|move|p2a: Blastoise|Water Spout|p1a: Overqwil|[spread] p1a,p1b\n|-damage|p1a: Overqwil|33/100\n|-damage|p1b: Weavile|0 fnt\n|faint|p1b: Weavile\n|move|p1a: Overqwil|Minimize|p1a: Overqwil\n|-boost|p1a: Overqwil|evasion|2\n|move|p2b: Kingambit|Kowtow Cleave|p1a: Overqwil\n|-resisted|p1a: Overqwil|1\n|-damage|p1a: Overqwil|7/100\n|-damage|p2b: Kingambit|70/100|[from] item: Life Orb\n|\n|-heal|p1a: Overqwil|14/100|[from] item: Leftovers\n|upkeep\n|\n|t:|1788370303\n|switch|p1b: Sneasler|Sneasler, L50, F|100/100\n|turn|13\n|\n|t:|1788370311\n|move|p2a: Blastoise|Protect|p2a: Blastoise\n|-singleturn|p2a: Blastoise|Protect\n|move|p1a: Overqwil|Protect|p1a: Overqwil\n|-singleturn|p1a: Overqwil|Protect\n|move|p2b: Kingambit|Protect|p2b: Kingambit\n|-singleturn|p2b: Kingambit|Protect\n|move|p1b: Sneasler|Close Combat|p2b: Kingambit\n|-activate|p2b: Kingambit|move: Protect\n|\n|-heal|p1a: Overqwil|20/100y|[from] item: Leftovers\n|upkeep\n|turn|14\n|\n|t:|1788370327\n|move|p2b: Kingambit|Sucker Punch|p1b: Sneasler\n|-resisted|p1b: Sneasler|1\n|-damage|p1b: Sneasler|13/100\n|-damage|p2b: Kingambit|60/100|[from] item: Life Orb\n|move|p2a: Blastoise|Dark Pulse|p1b: Sneasler\n|-resisted|p1b: Sneasler|1\n|-damage|p1b: Sneasler|0 fnt\n|faint|p1b: Sneasler\n|move|p1a: Overqwil|Barb Barrage|p2a: Blastoise\n|-damage|p2a: Blastoise|9/100\n|-status|p2a: Blastoise|psn\n|\n|-heal|p1a: Overqwil|26/100|[from] item: Leftovers\n|-damage|p2a: Blastoise|0 fnt|[from] psn\n|faint|p2a: Blastoise\n|upkeep\n|\n|t:|1788370332\n|switch|p2a: Sneasler|Sneasler, L50, F|100/100\n|turn|15\n|\n|t:|1788370341\n|move|p2a: Sneasler|Fake Out|p1a: Overqwil|[miss]\n|-miss|p2a: Sneasler|p1a: Overqwil\n|move|p1a: Overqwil|Barb Barrage|p2a: Sneasler\n|-resisted|p2a: Sneasler|1\n|-damage|p2a: Sneasler|78/100\n|move|p2b: Kingambit|Swords Dance|p2b: Kingambit\n|-boost|p2b: Kingambit|atk|2\n|\n|-heal|p1a: Overqwil|32/100|[from] item: Leftovers\n|upkeep\n|turn|16\n|\n|t:|1788370350\n|move|p1a: Overqwil|Protect|p1a: Overqwil\n|-singleturn|p1a: Overqwil|Protect\n|move|p2a: Sneasler|Close Combat|p1a: Overqwil\n|-activate|p1a: Overqwil|move: Protect\n|move|p2b: Kingambit|Kowtow Cleave|p1a: Overqwil\n|-activate|p1a: Overqwil|move: Protect\n|\n|-heal|p1a: Overqwil|39/100|[from] item: Leftovers\n|upkeep\n|turn|17\n|\n|t:|1788370353\n|move|p2a: Sneasler|Close Combat|p1a: Overqwil|[miss]\n|-miss|p2a: Sneasler|p1a: Overqwil\n|move|p1a: Overqwil|Barb Barrage|p2a: Sneasler\n|-resisted|p2a: Sneasler|1\n|-damage|p2a: Sneasler|59/100\n|move|p2b: Kingambit|Kowtow Cleave|p1a: Overqwil\n|-resisted|p1a: Overqwil|1\n|-damage|p1a: Overqwil|4/100\n|-damage|p2b: Kingambit|51/100|[from] item: Life Orb\n|\n|-heal|p1a: Overqwil|10/100|[from] item: Leftovers\n|upkeep\n|turn|18\n|\n|t:|1788370362\n|move|p2a: Sneasler|Close Combat|p1a: Overqwil|[miss]\n|-miss|p2a: Sneasler|p1a: Overqwil\n|move|p1a: Overqwil|Barb Barrage|p2a: Sneasler\n|-resisted|p2a: Sneasler|1\n|-damage|p2a: Sneasler|40/100\n|move|p2b: Kingambit|Kowtow Cleave|p1a: Overqwil\n|-resisted|p1a: Overqwil|1\n|-damage|p1a: Overqwil|0 fnt\n|faint|p1a: Overqwil\n|-damage|p2b: Kingambit|41/100|[from] item: Life Orb\n|\n|win|Cactusmax\n","uploadtime":1788370044,"views":"1","formatid":"gen9championsvgc2026regmbbo3","rating":null,"private":0,"password":null}