{"id":"gen9championsvgc2026regmb-2674792243","format":"[Gen 9 Champions] VGC 2026 Reg M-B","players":["IceSpecialistHyoma","droider88"],"log":"|j|☆IceSpecialistHyoma\n|j|☆droider88\n|t:|1788407709\n|gametype|doubles\n|player|p1|IceSpecialistHyoma|pryce|1256\n|player|p2|droider88|265|1237\n|gen|9\n|tier|[Gen 9 Champions] VGC 2026 Reg M-B\n|rated|\n|rule|Species Clause: Limit one of each Pokémon\n|rule|Item Clause: Limit 1 of each item\n|clearpoke\n|poke|p1|Froslass, L50, F|\n|poke|p1|Rotom-Frost, L50|\n|poke|p1|Aurorus, L50, F|\n|poke|p1|Ninetales-Alola, L50, M|\n|poke|p1|Weavile, L50, F|\n|poke|p1|Mamoswine, L50, M|\n|poke|p2|Froslass, L50, F|\n|poke|p2|Rotom-Frost, L50|\n|poke|p2|Empoleon, L50, M|\n|poke|p2|Annihilape, L50, F|\n|poke|p2|Talonflame, L50, M|\n|poke|p2|Kingambit, L50, M|\n|teampreview|4\n|\n|t:|1788407748\n|teamsize|p1|4\n|teamsize|p2|4\n|start\n|switch|p1a: Weavile|Weavile, L50, F|100/100\n|switch|p1b: Mamoswine|Mamoswine, L50, M|100/100\n|switch|p2a: Annihilape|Annihilape, L50, F|100/100\n|switch|p2b: Talonflame|Talonflame, L50, M|100/100\n|turn|1\n|\n|t:|1788407769\n|move|p1a: Weavile|Fake Out|p2b: Talonflame\n|-damage|p2b: Talonflame|79/100\n|cant|p2b: Talonflame|flinch\n|move|p2a: Annihilape|Storm Throw|p1b: Mamoswine\n|-supereffective|p1b: Mamoswine|1\n|-crit|p1b: Mamoswine\n|-damage|p1b: Mamoswine|0 fnt\n|faint|p1b: Mamoswine\n|-damage|p2a: Annihilape|90/100|[from] item: Life Orb\n|\n|upkeep\n|\n|t:|1788407777\n|switch|p1b: Froslass|Froslass, L50, F|100/100\n|turn|2\n|\n|t:|1788407792\n|detailschange|p1b: Froslass|Froslass-Mega, L50, F\n|-mega|p1b: Froslass|Froslass|Froslassite\n|-weather|Snowscape|[from] ability: Snow Warning|[of] p1b: Froslass\n|move|p2b: Talonflame|Heat Wave|p1a: Weavile|[spread] p1b\n|-miss|p2b: Talonflame|p1a: Weavile\n|-supereffective|p1b: Froslass|1\n|-damage|p1b: Froslass|41/100\n|move|p1a: Weavile|Knock Off|p2b: Talonflame\n|-damage|p2b: Talonflame|3/100\n|-enditem|p2b: Talonflame|Focus Sash|[from] move: Knock Off|[of] p1a: Weavile\n|move|p1b: Froslass|Shadow Ball|p2a: Annihilape\n|-supereffective|p2a: Annihilape|1\n|-damage|p2a: Annihilape|0 fnt\n|faint|p2a: Annihilape\n|\n|-weather|Snowscape|[upkeep]\n|upkeep\n|\n|t:|1788407812\n|switch|p2a: Froslass|Froslass, L50, F|100/100\n|turn|3\n|\n|t:|1788407821\n|detailschange|p2a: Froslass|Froslass-Mega, L50, F\n|-mega|p2a: Froslass|Froslass|Froslassite\n|move|p1b: Froslass|Protect|p1b: Froslass\n|-singleturn|p1b: Froslass|Protect\n|move|p2b: Talonflame|Will-O-Wisp|p1a: Weavile|[miss]\n|-miss|p2b: Talonflame|p1a: Weavile\n|move|p1a: Weavile|Knock Off|p2b: Talonflame\n|-damage|p2b: Talonflame|0 fnt\n|faint|p2b: Talonflame\n|move|p2a: Froslass|Aurora Veil|p2a: Froslass\n|-sidestart|p2: droider88|move: Aurora Veil\n|\n|-weather|Snowscape|[upkeep]\n|upkeep\n|\n|t:|1788407834\n|switch|p2b: Rotom|Rotom-Frost, L50|100/100\n|turn|4\n|\n|t:|1788407845\n|switch|p1b: Rotom|Rotom-Frost, L50|100/100\n|move|p1a: Weavile|Knock Off|p2b: Rotom\n|-damage|p2b: Rotom|72/100\n|-enditem|p2b: Rotom|Wise Glasses|[from] move: Knock Off|[of] p1a: Weavile\n|move|p2a: Froslass|Blizzard|p1a: Weavile|[spread] p1a,p1b\n|-resisted|p1a: Weavile|1\n|-resisted|p1b: Rotom|1\n|-damage|p1a: Weavile|67/100\n|-damage|p1b: Rotom|69/100\n|move|p2b: Rotom|Blizzard|p1b: Rotom|[spread] p1a,p1b\n|-resisted|p1a: Weavile|1\n|-resisted|p1b: Rotom|1\n|-damage|p1a: Weavile|41/100\n|-damage|p1b: Rotom|45/100\n|\n|-weather|Snowscape|[upkeep]\n|upkeep\n|turn|5\n|\n|t:|1788407862\n|move|p1b: Rotom|Electroweb|p2b: Rotom|[spread] p2a,p2b\n|-resisted|p2b: Rotom|1\n|-crit|p2b: Rotom\n|-damage|p2a: Froslass|84/100\n|-damage|p2b: Rotom|55/100\n|-unboost|p2a: Froslass|spe|1\n|-unboost|p2b: Rotom|spe|1\n|move|p1a: Weavile|Knock Off|p2a: Froslass\n|-supereffective|p2a: Froslass|1\n|-damage|p2a: Froslass|40/100\n|move|p2a: Froslass|Blizzard|p1b: Rotom|[spread] p1a,p1b\n|-resisted|p1a: Weavile|1\n|-resisted|p1b: Rotom|1\n|-damage|p1a: Weavile|8/100\n|-damage|p1b: Rotom|16/100\n|move|p2b: Rotom|Blizzard|p1b: Rotom|[spread] p1a,p1b\n|-resisted|p1a: Weavile|1\n|-resisted|p1b: Rotom|1\n|-damage|p1a: Weavile|0 fnt\n|-damage|p1b: Rotom|0 fnt\n|faint|p1a: Weavile\n|faint|p1b: Rotom\n|\n|-weather|Snowscape|[upkeep]\n|upkeep\n|\n|t:|1788407866\n|switch|p1b: Froslass|Froslass-Mega, L50, F|41/100\n|turn|6\n|\n|t:|1788407895\n|move|p1b: Froslass|Shadow Ball|p2a: Froslass\n|-supereffective|p2a: Froslass|1\n|-damage|p2a: Froslass|0 fnt\n|faint|p2a: Froslass\n|move|p2b: Rotom|Electroweb|p1b: Froslass\n|-damage|p1b: Froslass|8/100\n|-unboost|p1b: Froslass|spe|1\n|\n|-weather|none\n|upkeep\n|turn|7\n|\n|t:|1788407905\n|move|p1b: Froslass|Protect|p1b: Froslass\n|-singleturn|p1b: Froslass|Protect\n|move|p2b: Rotom|Electroweb|p1b: Froslass\n|-activate|p1b: Froslass|move: Protect\n|\n|-sideend|p2: droider88|move: Aurora Veil\n|upkeep\n|turn|8\n|\n|t:|1788407913\n|move|p1b: Froslass|Shadow Ball|p2b: Rotom\n|-crit|p2b: Rotom\n|-damage|p2b: Rotom|0 fnt\n|faint|p2b: Rotom\n|\n|win|IceSpecialistHyoma\n|raw|IceSpecialistHyoma's rating: 1256 &rarr; <strong>1280</strong><br />(+24 for winning)\n|raw|droider88's rating: 1237 &rarr; <strong>1213</strong><br />(-24 for losing)\n","uploadtime":1788407916,"views":"1","formatid":"gen9championsvgc2026regmb","rating":1213,"private":0,"password":null}