{"id":"gen9championsvgc2026regmb-2674368103","format":"[Gen 9 Champions] VGC 2026 Reg M-B","players":["trumtestteam","NegaiFreak"],"log":"|j|☆trumtestteam\n|j|☆NegaiFreak\n|t:|1788350049\n|gametype|doubles\n|player|p1|trumtestteam|102|1367\n|player|p2|NegaiFreak|102|1397\n|gen|9\n|tier|[Gen 9 Champions] VGC 2026 Reg M-B\n|rated|\n|rule|Species Clause: Limit one of each Pokémon\n|rule|Item Clause: Limit 1 of each item\n|clearpoke\n|poke|p1|Glalie, L50, F|\n|poke|p1|Noivern, L50, F|\n|poke|p1|Sylveon, L50, F|\n|poke|p1|Basculegion, L50, M|\n|poke|p1|Garchomp, L50, M|\n|poke|p1|Charizard, L50, F|\n|poke|p2|Pelipper, L50, F|\n|poke|p2|Tinkaton, L50, F|\n|poke|p2|Sneasler, L50, M|\n|poke|p2|Sinistcha, L50|\n|poke|p2|Blastoise, L50, F|\n|poke|p2|Farigiraf, L50, M|\n|teampreview|4\n|inactive|Battle timer is ON: inactive players will automatically lose when time's up. (requested by NegaiFreak)\n|inactive|NegaiFreak has 60 seconds left.\n|c|☆NegaiFreak|GLHF\n|inactive|NegaiFreak has 30 seconds left.\n|\n|t:|1788350118\n|teamsize|p1|4\n|teamsize|p2|4\n|start\n|switch|p1a: Glalie|Glalie, L50, F|100/100\n|switch|p1b: Noivern|Noivern, L50, F|100/100\n|switch|p2a: Tinkaton|Tinkaton, L50, F|100/100\n|switch|p2b: Blastoise|Blastoise, L50, F|100/100\n|-ability|p2a: Tinkaton|Mold Breaker\n|turn|1\n|\n|t:|1788350135\n|detailschange|p1a: Glalie|Glalie-Mega, L50, F\n|-mega|p1a: Glalie|Glalie|Glalitite\n|detailschange|p2b: Blastoise|Blastoise-Mega, L50, F\n|-mega|p2b: Blastoise|Blastoise|Blastoisinite\n|move|p2a: Tinkaton|Fake Out|p1a: Glalie\n|-crit|p1a: Glalie\n|-damage|p1a: Glalie|80/100\n|move|p1b: Noivern|Tailwind|p1b: Noivern\n|-sidestart|p1: trumtestteam|move: Tailwind\n|cant|p1a: Glalie|flinch\n|move|p2b: Blastoise|Shell Smash|p2b: Blastoise\n|-unboost|p2b: Blastoise|def|1\n|-unboost|p2b: Blastoise|spd|1\n|-boost|p2b: Blastoise|atk|2\n|-boost|p2b: Blastoise|spa|2\n|-boost|p2b: Blastoise|spe|2\n|\n|upkeep\n|turn|2\n|inactive|NegaiFreak has 30 seconds left.\n|inactive|NegaiFreak has 20 seconds left.\n|\n|t:|1788350170\n|move|p1b: Noivern|Draco Meteor|p2b: Blastoise\n|-damage|p2b: Blastoise|21/100\n|-unboost|p1b: Noivern|spa|2\n|move|p1a: Glalie|Explosion|p2a: Tinkaton|[spread] p2a,p2b\n|-activate|p1b: Noivern|ability: Telepathy\n|-resisted|p2a: Tinkaton|1\n|-resisted|p2b: Blastoise|1\n|-damage|p2a: Tinkaton|37/100\n|-damage|p2b: Blastoise|0 fnt\n|faint|p1a: Glalie\n|faint|p2b: Blastoise\n|move|p2a: Tinkaton|Play Rough|p1b: Noivern\n|-supereffective|p1b: Noivern|1\n|-damage|p1b: Noivern|14/100\n|\n|-heal|p2a: Tinkaton|43/100|[from] item: Leftovers\n|upkeep\n|\n|t:|1788350187\n|switch|p1a: Sylveon|Sylveon, L50, F|100/100\n|switch|p2b: Pelipper|Pelipper, L50, F|100/100\n|-weather|RainDance|[from] ability: Drizzle|[of] p2b: Pelipper\n|turn|3\n|\n|t:|1788350198\n|move|p1b: Noivern|Boomburst|p2b: Pelipper|[spread] p1a,p2a,p2b\n|-resisted|p2a: Tinkaton|1\n|-damage|p1a: Sylveon|88/100\n|-damage|p2a: Tinkaton|37/100\n|-damage|p2b: Pelipper|72/100\n|move|p1a: Sylveon|Copycat|p1a: Sylveon\n|move|p1a: Sylveon|Boomburst|p2b: Pelipper|[from] move: Copycat|[spread] p2a,p2b\n|-activate|p1b: Noivern|ability: Telepathy\n|-resisted|p2a: Tinkaton|1\n|-damage|p2a: Tinkaton|4/100\n|-damage|p2b: Pelipper|0 fnt\n|faint|p2b: Pelipper\n|move|p2a: Tinkaton|Gigaton Hammer|p1a: Sylveon\n|-supereffective|p1a: Sylveon|1\n|-damage|p1a: Sylveon|0 fnt\n|faint|p1a: Sylveon\n|\n|-weather|RainDance|[upkeep]\n|-heal|p2a: Tinkaton|10/100|[from] item: Leftovers\n|upkeep\n|\n|t:|1788350216\n|switch|p2b: Sinistcha|Sinistcha, L50|100/100\n|switch|p1a: Garchomp|Garchomp, L50, M|100/100\n|-heal|p2a: Tinkaton|35/100|[from] ability: Hospitality|[of] p2b: Sinistcha\n|turn|4\n|\n|t:|1788350231\n|move|p2a: Tinkaton|Feint|p1b: Noivern\n|-damage|p1b: Noivern|4/100\n|move|p1b: Noivern|Draco Meteor|p2b: Sinistcha\n|-damage|p2b: Sinistcha|74/100\n|-unboost|p1b: Noivern|spa|2\n|move|p1a: Garchomp|Earthquake|p2a: Tinkaton|[spread] p2a,p2b\n|-activate|p1b: Noivern|ability: Telepathy\n|-supereffective|p2a: Tinkaton|1\n|-resisted|p2b: Sinistcha|1\n|-damage|p2a: Tinkaton|0 fnt\n|-damage|p2b: Sinistcha|55/100\n|faint|p2a: Tinkaton\n|-damage|p1a: Garchomp|90/100|[from] item: Life Orb\n|move|p2b: Sinistcha|Trick Room|p2b: Sinistcha\n|-fieldstart|move: Trick Room|[of] p2b: Sinistcha\n|\n|-weather|RainDance|[upkeep]\n|-sideend|p1: trumtestteam|move: Tailwind\n|upkeep\n|turn|5\n|\n|t:|1788350251\n|move|p1a: Garchomp|Protect|p1a: Garchomp\n|-singleturn|p1a: Garchomp|Protect\n|move|p1b: Noivern|Protect|p1b: Noivern\n|-singleturn|p1b: Noivern|Protect\n|move|p2b: Sinistcha|Matcha Gotcha|p1b: Noivern|[spread] \n|-activate|p1a: Garchomp|move: Protect\n|-activate|p1b: Noivern|move: Protect\n|\n|-weather|RainDance|[upkeep]\n|upkeep\n|turn|6\n|\n|t:|1788350267\n|move|p2b: Sinistcha|Matcha Gotcha|p1a: Garchomp|[spread] p1a,p1b\n|-resisted|p1b: Noivern|2\n|-crit|p1b: Noivern\n|-damage|p1a: Garchomp|60/100\n|-heal|p2b: Sinistcha|70/100|[from] drain|[of] p1a: Garchomp\n|-damage|p1b: Noivern|0 fnt\n|-heal|p2b: Sinistcha|72/100|[from] drain|[of] p1b: Noivern\n|faint|p1b: Noivern\n|move|p1a: Garchomp|Dragon Claw|p2b: Sinistcha\n|-damage|p2b: Sinistcha|28/100\n|-enditem|p2b: Sinistcha|Sitrus Berry|[eat]\n|-heal|p2b: Sinistcha|53/100|[from] item: Sitrus Berry\n|-damage|p1a: Garchomp|50/100g|[from] item: Life Orb\n|\n|-weather|RainDance|[upkeep]\n|upkeep\n|turn|7\n|\n|t:|1788350284\n|move|p1a: Garchomp|Protect|p1a: Garchomp\n|-singleturn|p1a: Garchomp|Protect\n|move|p2b: Sinistcha|Matcha Gotcha|p1a: Garchomp\n|-activate|p1a: Garchomp|move: Protect\n|\n|-weather|none\n|upkeep\n|turn|8\n|\n|t:|1788350293\n|move|p2b: Sinistcha|Matcha Gotcha|p1a: Garchomp\n|-damage|p1a: Garchomp|13/100\n|-heal|p2b: Sinistcha|73/100|[from] drain|[of] p1a: Garchomp\n|move|p1a: Garchomp|Dragon Claw|p2b: Sinistcha\n|-damage|p2b: Sinistcha|24/100\n|-damage|p1a: Garchomp|3/100|[from] item: Life Orb\n|\n|-fieldend|move: Trick Room\n|upkeep\n|turn|9\n|\n|t:|1788350305\n|move|p1a: Garchomp|Dragon Claw|p2b: Sinistcha\n|-damage|p2b: Sinistcha|0 fnt\n|faint|p2b: Sinistcha\n|-damage|p1a: Garchomp|0 fnt|[from] item: Life Orb\n|faint|p1a: Garchomp\n|\n|win|trumtestteam\n|raw|trumtestteam's rating: 1367 &rarr; <strong>1389</strong><br />(+22 for winning)\n|raw|NegaiFreak's rating: 1397 &rarr; <strong>1375</strong><br />(-22 for losing)\n|c|☆NegaiFreak|GG\n|l|☆trumtestteam\n|player|p1|\n","uploadtime":1788350322,"views":"4","formatid":"gen9championsvgc2026regmb","rating":1375,"private":0,"password":null}