{"id":"gen9championsvgc2026regmb-2674916341","format":"[Gen 9 Champions] VGC 2026 Reg M-B","players":["looger02","TESTDIGI"],"log":"|j|☆looger02\n|j|☆TESTDIGI\n|t:|1788435407\n|gametype|doubles\n|player|p1|looger02|gardenia|1334\n|player|p2|TESTDIGI|169|1364\n|gen|9\n|tier|[Gen 9 Champions] VGC 2026 Reg M-B\n|rated|\n|rule|Species Clause: Limit one of each Pokémon\n|rule|Item Clause: Limit 1 of each item\n|clearpoke\n|poke|p1|Gyarados, L50, M, shiny|\n|poke|p1|Sinistcha, L50|\n|poke|p1|Weavile, L50, M|\n|poke|p1|Toxapex, L50, F, shiny|\n|poke|p1|Metagross, L50, shiny|\n|poke|p1|Kommo-o, L50, M, shiny|\n|poke|p2|Gholdengo, L50|\n|poke|p2|Staraptor, L50, M, shiny|\n|poke|p2|Tyranitar, L50, F|\n|poke|p2|Farigiraf, L50, F|\n|poke|p2|Whimsicott, L50, M, shiny|\n|poke|p2|Excadrill, L50, M|\n|teampreview|4\n|inactive|Battle timer is ON: inactive players will automatically lose when time's up. (requested by looger02)\n|inactive|looger02 has 60 seconds left.\n|inactive|TESTDIGI has 60 seconds left.\n|inactive|TESTDIGI has 30 seconds left.\n|inactive|TESTDIGI has 20 seconds left.\n|inactive|TESTDIGI has 15 seconds left.\n|\n|t:|1788435487\n|teamsize|p1|4\n|teamsize|p2|4\n|start\n|switch|p1a: Metagross|Metagross, L50, shiny|100/100\n|switch|p1b: Weavile|Weavile, L50, M|100/100\n|switch|p2a: Farigiraf|Farigiraf, L50, F|100/100\n|switch|p2b: Staraptor|Staraptor, L50, M, shiny|100/100\n|-ability|p2b: Staraptor|Intimidate|boost\n|-fail|p1a: Metagross|unboost|[from] ability: Clear Body|[of] p1a: Metagross\n|-unboost|p1b: Weavile|atk|1\n|turn|1\n|inactive|looger02 has 30 seconds left.\n|inactive|TESTDIGI has 30 seconds left.\n|\n|t:|1788435517\n|detailschange|p2b: Staraptor|Staraptor-Mega, L50, M, shiny\n|-mega|p2b: Staraptor|Staraptor|Staraptite\n|move|p1a: Metagross|Protect|p1a: Metagross\n|-singleturn|p1a: Metagross|Protect\n|move|p1b: Weavile|Knock Off|p2a: Farigiraf\n|-supereffective|p2a: Farigiraf|1\n|-damage|p2a: Farigiraf|43/100\n|-enditem|p2a: Farigiraf|Sitrus Berry|[from] move: Knock Off|[of] p1b: Weavile\n|move|p2b: Staraptor|Close Combat|p1a: Metagross\n|-activate|p1a: Metagross|move: Protect\n|move|p2a: Farigiraf|Nasty Plot|p2a: Farigiraf\n|-boost|p2a: Farigiraf|spa|2\n|\n|upkeep\n|turn|2\n|\n|t:|1788435540\n|detailschange|p1a: Metagross|Metagross-Mega, L50, shiny\n|-mega|p1a: Metagross|Metagross|Metagrossite\n|move|p1b: Weavile|Triple Axel|p2a: Farigiraf\n|-damage|p2a: Farigiraf|36/100\n|-damage|p2a: Farigiraf|25/100\n|-damage|p2a: Farigiraf|9/100\n|-hitcount|p2a: Farigiraf|3\n|move|p2b: Staraptor|Close Combat|p1b: Weavile\n|-supereffective|p1b: Weavile|2\n|-enditem|p1b: Weavile|Focus Sash\n|-damage|p1b: Weavile|1/100\n|-boost|p2b: Staraptor|def|1\n|-boost|p2b: Staraptor|spd|1\n|move|p1a: Metagross|Psychic Fangs|p2b: Staraptor\n|-supereffective|p2b: Staraptor|1\n|-damage|p2b: Staraptor|23/100\n|move|p2a: Farigiraf|Thunderbolt|p1a: Metagross\n|-damage|p1a: Metagross|48/100\n|\n|upkeep\n|turn|3\n|inactive|looger02 has 30 seconds left.\n|inactive|TESTDIGI has 30 seconds left.\n|inactive|looger02 has 20 seconds left.\n|inactive|TESTDIGI has 20 seconds left.\n|inactive|looger02 has 15 seconds left.\n|inactive|looger02 has 10 seconds left.\n|\n|t:|1788435588\n|move|p1b: Weavile|Protect|p1b: Weavile\n|-singleturn|p1b: Weavile|Protect\n|move|p2b: Staraptor|Protect|p2b: Staraptor\n|-singleturn|p2b: Staraptor|Protect\n|move|p1a: Metagross|Protect|p1a: Metagross\n|-singleturn|p1a: Metagross|Protect\n|move|p2a: Farigiraf|Thunderbolt|p1b: Weavile\n|-activate|p1b: Weavile|move: Protect\n|\n|upkeep\n|turn|4\n|inactive|looger02 has 30 seconds left.\n|\n|t:|1788435614\n|switch|p2b: Gholdengo|Gholdengo, L50|100/100\n|move|p1b: Weavile|Knock Off|p2a: Farigiraf\n|-supereffective|p2a: Farigiraf|1\n|-damage|p2a: Farigiraf|0 fnt\n|faint|p2a: Farigiraf\n|move|p1a: Metagross|Psychic Fangs|p2b: Gholdengo\n|-resisted|p2b: Gholdengo|1\n|-damage|p2b: Gholdengo|66/100\n|\n|upkeep\n|\n|t:|1788435620\n|switch|p2a: Whimsicott|Whimsicott, L50, M, shiny|100/100\n|turn|5\n|inactive|TESTDIGI has 30 seconds left.\n|\n|t:|1788435650\n|move|p2b: Gholdengo|Protect|p2b: Gholdengo\n|-singleturn|p2b: Gholdengo|Protect\n|move|p2a: Whimsicott|Tailwind|p2a: Whimsicott\n|-sidestart|p2: TESTDIGI|move: Tailwind\n|move|p1a: Metagross|Bullet Punch|p2a: Whimsicott\n|-supereffective|p2a: Whimsicott|1\n|-damage|p2a: Whimsicott|12/100\n|move|p1b: Weavile|Knock Off|p2b: Gholdengo\n|-activate|p2b: Gholdengo|move: Protect\n|\n|upkeep\n|turn|6\n|inactive|looger02 has 30 seconds left.\n|\n|t:|1788435675\n|move|p1b: Weavile|Protect|p1b: Weavile\n|-singleturn|p1b: Weavile|Protect\n|move|p1a: Metagross|Protect|p1a: Metagross\n|-singleturn|p1a: Metagross|Protect\n|move|p2a: Whimsicott|Moonblast|p1b: Weavile\n|-activate|p1b: Weavile|move: Protect\n|move|p2b: Gholdengo|Shadow Ball|p1a: Metagross\n|-activate|p1a: Metagross|move: Protect\n|\n|upkeep\n|turn|7\n|\n|t:|1788435691\n|move|p2a: Whimsicott|Encore|p1a: Metagross\n|-start|p1a: Metagross|Encore\n|move|p1a: Metagross|Protect|p1a: Metagross\n|-singleturn|p1a: Metagross|Protect\n|move|p2b: Gholdengo|Power Gem|p1b: Weavile\n|-supereffective|p1b: Weavile|1\n|-damage|p1b: Weavile|0 fnt\n|faint|p1b: Weavile\n|-damage|p2b: Gholdengo|56/100|[from] item: Life Orb\n|\n|upkeep\n|\n|t:|1788435706\n|switch|p1b: Toxapex|Toxapex, L50, F, shiny|100/100\n|turn|8\n|\n|t:|1788435721\n|switch|p1a: Kommo-o|Kommo-o, L50, M, shiny|100/100\n|move|p2a: Whimsicott|Charm|p1a: Kommo-o\n|-unboost|p1a: Kommo-o|atk|2\n|move|p2b: Gholdengo|Shadow Ball|p1b: Toxapex\n|-damage|p1b: Toxapex|56/100\n|-damage|p2b: Gholdengo|47/100|[from] item: Life Orb\n|move|p1b: Toxapex|Infestation|p2a: Whimsicott\n|-damage|p2a: Whimsicott|7/100\n|-activate|p2a: Whimsicott|move: Infestation|[of] p1b: Toxapex\n|\n|-heal|p1b: Toxapex|62/100|[from] item: Leftovers\n|-damage|p2a: Whimsicott|0 fnt|[from] move: Infestation|[partiallytrapped]\n|faint|p2a: Whimsicott\n|-sideend|p2: TESTDIGI|move: Tailwind\n|upkeep\n|\n|t:|1788435726\n|switch|p2a: Staraptor|Staraptor-Mega, L50, M, shiny|23/100\n|turn|9\n|inactive|looger02 has 30 seconds left.\n|\n|t:|1788435754\n|move|p1a: Kommo-o|Protect|p1a: Kommo-o\n|-singleturn|p1a: Kommo-o|Protect\n|move|p1b: Toxapex|Baneful Bunker|p1b: Toxapex\n|-singleturn|p1b: Toxapex|move: Protect\n|move|p2a: Staraptor|Brave Bird|p1a: Kommo-o\n|-activate|p1a: Kommo-o|move: Protect\n|move|p2b: Gholdengo|Shadow Ball|p1b: Toxapex\n|-activate|p1b: Toxapex|move: Protect\n|\n|-heal|p1b: Toxapex|68/100|[from] item: Leftovers\n|upkeep\n|turn|10\n|inactive|looger02 has 30 seconds left.\n|inactive|looger02 has 20 seconds left.\n|\n|t:|1788435790\n|move|p1a: Kommo-o|Vacuum Wave|p2a: Staraptor\n|-resisted|p2a: Staraptor|1\n|-damage|p2a: Staraptor|14/100\n|move|p2a: Staraptor|Brave Bird|p1a: Kommo-o\n|-supereffective|p1a: Kommo-o|1\n|-damage|p1a: Kommo-o|13/100\n|-damage|p2a: Staraptor|0 fnt|[from] Recoil\n|faint|p2a: Staraptor\n|move|p2b: Gholdengo|Shadow Ball|p1b: Toxapex\n|-damage|p1b: Toxapex|22/100\n|-unboost|p1b: Toxapex|spd|1\n|-damage|p2b: Gholdengo|37/100|[from] item: Life Orb\n|move|p1b: Toxapex|Infestation|p2b: Gholdengo\n|-resisted|p2b: Gholdengo|2\n|-damage|p2b: Gholdengo|37/100\n|-activate|p2b: Gholdengo|move: Infestation|[of] p1b: Toxapex\n|\n|-heal|p1b: Toxapex|28/100|[from] item: Leftovers\n|-damage|p2b: Gholdengo|24/100|[from] move: Infestation|[partiallytrapped]\n|upkeep\n|turn|11\n|-message|TESTDIGI forfeited.\n|\n|win|looger02\n|raw|looger02's rating: 1334 &rarr; <strong>1356</strong><br />(+22 for winning)\n|raw|TESTDIGI's rating: 1364 &rarr; <strong>1342</strong><br />(-22 for losing)\n|l|☆TESTDIGI\n|player|p2|\n","uploadtime":1788435409,"views":"1","formatid":"gen9championsvgc2026regmb","rating":1342,"private":0,"password":null}