{"id":"gen9championsvgc2026regmb-2674324936","format":"[Gen 9 Champions] VGC 2026 Reg M-B","players":["rhtyhghryuhg","ammae41109"],"log":"|j|☆rhtyhghryuhg\n|j|☆ammae41109\n|t:|1788341247\n|gametype|doubles\n|player|p1|rhtyhghryuhg|selene|1171\n|player|p2|ammae41109|266|1212\n|gen|9\n|tier|[Gen 9 Champions] VGC 2026 Reg M-B\n|rated|\n|rule|Species Clause: Limit one of each Pokémon\n|rule|Item Clause: Limit 1 of each item\n|clearpoke\n|poke|p1|Chandelure, L50, M|\n|poke|p1|Maushold-Four, L50|\n|poke|p1|Kingambit, L50, F|\n|poke|p1|Tsareena, L50, F|\n|poke|p1|Dragonite, L50, F|\n|poke|p1|Basculegion, L50, M|\n|poke|p2|Tyranitar, L50, M, shiny|\n|poke|p2|Excadrill, L50, F|\n|poke|p2|Staraptor, L50, M, shiny|\n|poke|p2|Gholdengo, L50|\n|poke|p2|Sinistcha-Masterpiece, L50|\n|poke|p2|Milotic, L50, F|\n|teampreview|4\nammae41109 has agreed to open team sheets.\n|\n|t:|1788341303\n|teamsize|p1|4\n|teamsize|p2|4\n|start\n|switch|p1a: Kingtoilet|Kingambit, L50, F|100/100\n|switch|p1b: Maushold|Maushold-Four, L50|100/100\n|switch|p2a: Milotic|Milotic, L50, F|100/100\n|switch|p2b: Tyranitar|Tyranitar, L50, M, shiny|100/100\n|-weather|Sandstorm|[from] ability: Sand Stream|[of] p2b: Tyranitar\n|turn|1\n|\n|t:|1788341324\n|switch|p2b: Excadrill|Excadrill, L50, F|100/100\n|move|p1b: Maushold|Super Fang|p2a: Milotic\n|-damage|p2a: Milotic|50/100g\n|move|p2a: Milotic|Icy Wind|p1b: Maushold|[spread] p1a,p1b\n|-resisted|p1a: Kingtoilet|1\n|-damage|p1a: Kingtoilet|97/100\n|-damage|p1b: Maushold|87/100\n|-unboost|p1a: Kingtoilet|spe|1\n|-ability|p1a: Kingtoilet|Defiant|boost\n|-boost|p1a: Kingtoilet|atk|2\n|-unboost|p1b: Maushold|spe|1\n|move|p1a: Kingtoilet|Swords Dance|p1a: Kingtoilet\n|-boost|p1a: Kingtoilet|atk|2\n|\n|-weather|Sandstorm|[upkeep]\n|-damage|p1b: Maushold|81/100|[from] Sandstorm\n|-damage|p2a: Milotic|44/100|[from] Sandstorm\n|-enditem|p2a: Milotic|Sitrus Berry|[eat]\n|-heal|p2a: Milotic|69/100|[from] item: Sitrus Berry\n|upkeep\n|turn|2\n|c|☆ammae41109|gulp\n|\n|t:|1788341346\n|move|p1a: Kingtoilet|Sucker Punch|p2b: Excadrill\n|-enditem|p2b: Excadrill|Focus Sash\n|-damage|p2b: Excadrill|1/100\n|-damage|p1a: Kingtoilet|87/100|[from] item: Life Orb\n|move|p2b: Excadrill|Earthquake|p1b: Maushold|[spread] p2a,p1a,p1b\n|-supereffective|p1a: Kingtoilet|1\n|-damage|p2a: Milotic|25/100\n|-damage|p1a: Kingtoilet|42/100\n|-damage|p1b: Maushold|22/100\n|move|p1b: Maushold|Encore|p2a: Milotic\n|-start|p2a: Milotic|Encore\n|move|p2a: Milotic|Icy Wind|p1b: Maushold|[spread] p1a,p1b\n|-resisted|p1a: Kingtoilet|1\n|-damage|p1a: Kingtoilet|39/100\n|-damage|p1b: Maushold|9/100\n|-unboost|p1a: Kingtoilet|spe|1\n|-ability|p1a: Kingtoilet|Defiant|boost\n|-boost|p1a: Kingtoilet|atk|2\n|-unboost|p1b: Maushold|spe|1\n|\n|-weather|Sandstorm|[upkeep]\n|-damage|p2a: Milotic|19/100|[from] Sandstorm\n|-damage|p1b: Maushold|3/100|[from] Sandstorm\n|upkeep\n|turn|3\n|c|☆ammae41109|ooh crap\n|\n|t:|1788341388\n|switch|p2a: Gholdengo|Gholdengo, L50|100/100\n|move|p1a: Kingtoilet|Sucker Punch|p2b: Excadrill\n|-damage|p2b: Excadrill|0 fnt\n|faint|p2b: Excadrill\n|-damage|p1a: Kingtoilet|29/100|[from] item: Life Orb\n|move|p1b: Maushold|Super Fang|p2a: Gholdengo\n|-immune|p2a: Gholdengo\n|\n|-weather|Sandstorm|[upkeep]\n|-damage|p1b: Maushold|0 fnt|[from] Sandstorm\n|faint|p1b: Maushold\n|upkeep\n|\n|t:|1788341409\n|switch|p1b: Tsareena|Tsareena, L50, F|100/100\n|switch|p2b: Milotic|Milotic, L50, F|19/100\n|turn|4\n|\n|t:|1788341426\n|move|p2a: Gholdengo|Protect|p2a: Gholdengo\n|-singleturn|p2a: Gholdengo|Protect\n|move|p1b: Tsareena|Trop Kick|p2b: Milotic\n|-supereffective|p2b: Milotic|1\n|-damage|p2b: Milotic|0 fnt\n|faint|p2b: Milotic\n|move|p1a: Kingtoilet|Kowtow Cleave|p2a: Gholdengo\n|-activate|p2a: Gholdengo|move: Protect\n|\n|-weather|Sandstorm|[upkeep]\n|-damage|p1b: Tsareena|93/100|[from] Sandstorm\n|upkeep\n|\n|t:|1788341431\n|switch|p2b: Tyranitar|Tyranitar, L50, M, shiny|100/100\n|turn|5\n|\n|t:|1788341440\n|detailschange|p2b: Tyranitar|Tyranitar-Mega, L50, M, shiny\n|-mega|p2b: Tyranitar|Tyranitar|Tyranitarite\n|move|p1b: Tsareena|Trop Kick|p2b: Tyranitar\n|-supereffective|p2b: Tyranitar|1\n|-damage|p2b: Tyranitar|56/100\n|-unboost|p2b: Tyranitar|atk|1\n|move|p2a: Gholdengo|Nasty Plot|p2a: Gholdengo\n|-boost|p2a: Gholdengo|spa|2\n|move|p2b: Tyranitar|Knock Off|p1a: Kingtoilet\n|-resisted|p1a: Kingtoilet|1\n|-damage|p1a: Kingtoilet|14/100\n|-enditem|p1a: Kingtoilet|Life Orb|[from] move: Knock Off|[of] p2b: Tyranitar\n|move|p1a: Kingtoilet|Kowtow Cleave|p2a: Gholdengo\n|-supereffective|p2a: Gholdengo|1\n|-damage|p2a: Gholdengo|0 fnt\n|faint|p2a: Gholdengo\n|\n|-weather|none\n|upkeep\n|turn|6\n|c|☆ammae41109|ggs\n|-message|ammae41109 forfeited.\n|\n|win|rhtyhghryuhg\n|raw|rhtyhghryuhg's rating: 1171 &rarr; <strong>1199</strong><br />(+28 for winning)\n|raw|ammae41109's rating: 1212 &rarr; <strong>1184</strong><br />(-28 for losing)\n|l|☆ammae41109\n|player|p2|\n","uploadtime":1788341475,"views":"18","formatid":"gen9championsvgc2026regmb","rating":1184,"private":0,"password":null}