{"id":"gen9championsvgc2026regmb-2674194103","format":"[Gen 9 Champions] VGC 2026 Reg M-B","players":["PKMNSGaming!","Donjozo"],"log":"|j|☆PKMNSGaming!\n|j|☆Donjozo\n|html|<table width=\"100%\"><tr><td align=\"left\">PKMNSGaming!</td><td align=\"right\">Donjozo</tr><tr><td align=\"left\"><i class=\"fa fa-circle-o\"></i> <i class=\"fa fa-circle-o\"></i> </td><td align=\"right\"><i class=\"fa fa-circle-o\"></i> <i class=\"fa fa-circle\"></i> </tr></table>\n|uhtml|bestof|<h2><strong>Game 2</strong> of <a href=\"/game-bestof3-gen9championsvgc2026regmb-2674192778\">a best-of-3</a></h2>\n|t:|1788313432\n|gametype|doubles\n|player|p1|PKMNSGaming!|hilda|\n|player|p2|Donjozo|guzma|\n|gen|9\n|tier|[Gen 9 Champions] VGC 2026 Reg M-B\n|rule|Species Clause: Limit one of each Pokémon\n|rule|Item Clause: Limit 1 of each item\n|raw|<div class=\"infobox\"><details class=\"readmore\" open><summary><strong>2 custom rules:</strong></summary> Best of = 3, !OpenTeamSheets</details></div>\n|clearpoke\n|poke|p1|Aerodactyl, L50, F|\n|poke|p1|Milotic, L50, F|\n|poke|p1|Clefable, L50, M|\n|poke|p1|Floette-Eternal, L50, F|\n|poke|p1|Kangaskhan, L50, F|\n|poke|p1|Krookodile, L50, M|\n|poke|p2|Charizard, L50, M|\n|poke|p2|Aerodactyl, L50, M|\n|poke|p2|Sableye, L50, F|\n|poke|p2|Venusaur, L50, M|\n|poke|p2|Alakazam, L50, M|\n|poke|p2|Oranguru, L50, F|\n|teampreview|4\n|\n|t:|1788313493\n|teamsize|p1|4\n|teamsize|p2|4\n|start\n|switch|p1a: Aerodactyl|Aerodactyl, L50, F|100/100\n|switch|p1b: Clefable|Clefable, L50, M|100/100\n|switch|p2a: Aerodactyl|Aerodactyl, L50, M|100/100\n|switch|p2b: Charizard|Charizard, L50, M|100/100\n|-ability|p1a: Aerodactyl|Unnerve\n|-ability|p2a: Aerodactyl|Unnerve\n|turn|1\n|\n|t:|1788313511\n|detailschange|p1a: Aerodactyl|Aerodactyl-Mega, L50, F\n|-mega|p1a: Aerodactyl|Aerodactyl|Aerodactylite\n|detailschange|p2b: Charizard|Charizard-Mega-Y, L50, M\n|-mega|p2b: Charizard|Charizard|Charizardite Y\n|-weather|SunnyDay|[from] ability: Drought|[of] p2b: Charizard\n|move|p2b: Charizard|Protect|p2b: Charizard\n|-singleturn|p2b: Charizard|Protect\n|move|p1a: Aerodactyl|Rock Slide|p2b: Charizard|[spread] p2a\n|-activate|p2b: Charizard|move: Protect\n|-supereffective|p2a: Aerodactyl|1\n|-damage|p2a: Aerodactyl|17/100\n|move|p2a: Aerodactyl|Iron Head|p1a: Aerodactyl\n|-supereffective|p1a: Aerodactyl|1\n|-damage|p1a: Aerodactyl|23/100\n|move|p1b: Clefable|Thunder Wave|p2a: Aerodactyl\n|-status|p2a: Aerodactyl|par\n|\n|-weather|SunnyDay|[upkeep]\n|upkeep\n|turn|2\n|\n|t:|1788313531\n|cant|p2a: Aerodactyl|par\n|move|p1a: Aerodactyl|Rock Slide|p2b: Charizard|[spread] p2a,p2b\n|-supereffective|p2a: Aerodactyl|1\n|-supereffective|p2b: Charizard|2\n|-damage|p2a: Aerodactyl|0 fnt\n|-damage|p2b: Charizard|0 fnt\n|faint|p2a: Aerodactyl\n|faint|p2b: Charizard\n|move|p1b: Clefable|Moonblast|p2: Aerodactyl|[notarget]\n|-fail|p1b: Clefable\n|\n|-weather|SunnyDay|[upkeep]\n|upkeep\n|\n|t:|1788313538\n|switch|p2a: Venusaur|Venusaur, L50, M|100/100\n|switch|p2b: Sableye|Sableye, L50, F|100/100\n|turn|3\n|\n|t:|1788313591\n|move|p2b: Sableye|Fake Out|p1a: Aerodactyl\n|-resisted|p1a: Aerodactyl|1\n|-damage|p1a: Aerodactyl|19/100\n|move|p1b: Clefable|Follow Me|p1b: Clefable\n|-singleturn|p1b: Clefable|move: Follow Me\n|move|p2a: Venusaur|Sludge Bomb|p1b: Clefable\n|-supereffective|p1b: Clefable|1\n|-damage|p1b: Clefable|40/100\n|-enditem|p1b: Clefable|Sitrus Berry|[eat]\n|-heal|p1b: Clefable|65/100|[from] item: Sitrus Berry\n|cant|p1a: Aerodactyl|flinch\n|\n|-weather|SunnyDay|[upkeep]\n|upkeep\n|turn|4\n|\n|t:|1788313606\n|move|p1b: Clefable|Follow Me|p1b: Clefable\n|-singleturn|p1b: Clefable|move: Follow Me\n|move|p2b: Sableye|Will-O-Wisp|p1b: Clefable\n|-status|p1b: Clefable|brn\n|move|p2a: Venusaur|Sludge Bomb|p1b: Clefable\n|-supereffective|p1b: Clefable|1\n|-damage|p1b: Clefable|10/100 brn\n|move|p1a: Aerodactyl|Dual Wingbeat|p2a: Venusaur\n|-supereffective|p2a: Venusaur|1\n|-damage|p2a: Venusaur|28/100\n|-supereffective|p2a: Venusaur|1\n|-damage|p2a: Venusaur|0 fnt\n|faint|p2a: Venusaur\n|-hitcount|p2: Venusaur|2\n|\n|-weather|SunnyDay|[upkeep]\n|-damage|p1b: Clefable|4/100 brn|[from] brn\n|upkeep\n|turn|5\n|-message|Donjozo forfeited.\n|\n|win|PKMNSGaming!\n||Donjozo is ready for game 3.\n","uploadtime":1788313622,"views":"0","formatid":"gen9championsvgc2026regmb","rating":null,"private":0,"password":null}