{"id":"gen9championsvgc2026regmb-2674869682","format":"[Gen 9 Champions] VGC 2026 Reg M-B","players":["keanuvgc","endershovel"],"log":"|j|☆keanuvgc\n|j|☆endershovel\n|html|<table width=\"100%\"><tr><td align=\"left\">keanuvgc</td><td align=\"right\">endershovel</tr><tr><td align=\"left\"><i class=\"fa fa-circle\"></i> <i class=\"fa fa-circle-o\"></i> </td><td align=\"right\"><i class=\"fa fa-circle-o\"></i> <i class=\"fa fa-circle-o\"></i> </tr></table>\n|uhtml|bestof|<h2><strong>Game 2</strong> of <a href=\"/game-bestof3-gen9championsvgc2026regmb-2674869096\">a best-of-3</a></h2>\n|t:|1788425504\n|gametype|doubles\n|player|p1|keanuvgc|#epl2023realaegislash|\n|player|p2|endershovel|miku-water|\n|gen|9\n|tier|[Gen 9 Champions] VGC 2026 Reg M-B\n|rated|Tournament battle\n|rule|Species Clause: Limit one of each Pokémon\n|rule|Item Clause: Limit 1 of each item\n|raw|<div class=\"infobox\"><details class=\"readmore\" open><summary><strong>2 custom rules:</strong></summary> Force Open Team Sheets, Best of = 3</details></div>\n|clearpoke\n|poke|p1|Charizard, L50, F, shiny|\n|poke|p1|Whimsicott, L50, F, shiny|\n|poke|p1|Floette-Eternal, L50, F|\n|poke|p1|Garchomp, L50, M, shiny|\n|poke|p1|Incineroar, L50, M|\n|poke|p1|Basculegion, L50, M, shiny|\n|poke|p2|Starmie, L50, shiny|\n|poke|p2|Sneasler, L50, M|\n|poke|p2|Pelipper, L50, M|\n|poke|p2|Archaludon, L50, F|\n|poke|p2|Sinistcha-Masterpiece, L50|\n|poke|p2|Kingambit, L50, M|\n|teampreview|4\n|showteam|p1|Charizard||CharizarditeY|Blaze|Protect,HeatWave,SolarBeam,WeatherBall|Modest||F|||50|]Whimsicott||FocusSash|Prankster|Protect,Moonblast,Tailwind,Encore|Timid||F|||50|]Floette-Eternal||Floettite|FlowerVeil|Protect,Moonblast,DazzlingGleam,LightofRuin|Modest||F|||50|]Garchomp||RoseliBerry|RoughSkin|Protect,DragonClaw,StompingTantrum,RockSlide|Jolly||M|||50|]Incineroar||SitrusBerry|Intimidate|PartingShot,FlareBlitz,ThroatChop,FakeOut|Careful||M|||50|]Basculegion||LifeOrb|Adaptability|Protect,WaveCrash,LastRespects,AquaJet|Adamant||M|||50|\n|showteam|p2|Starmie||Starminite|NaturalCure|Liquidation,ZenHeadbutt,AquaJet,Protect|Jolly|||||50|]Sneasler||FocusSash|PoisonTouch|CloseCombat,DireClaw,Coaching,FakeOut|Jolly||M|||50|]Pelipper||SitrusBerry|Drizzle|Hurricane,MuddyWater,Tailwind,WideGuard|Modest||M|||50|]Archaludon||Leftovers|Stamina|ElectroShot,FlashCannon,DragonPulse,Protect|Modest||F|||50|]Sinistcha-Masterpiece||ColburBerry|Hospitality|MatchaGotcha,RagePowder,TrickRoom,Protect|Calm|||||50|]Kingambit||BlackGlasses|Defiant|KowtowCleave,SuckerPunch,SwordsDance,Protect|Adamant||M|||50|\n|\n|t:|1788425517\n|teamsize|p1|4\n|teamsize|p2|4\n|start\n|switch|p1a: Whimsicott|Whimsicott, L50, F, shiny|100/100\n|switch|p1b: Basculegion|Basculegion, L50, M, shiny|100/100\n|switch|p2a: Sneasler|Sneasler, L50, M|100/100\n|switch|p2b: Kingambit|Kingambit, L50, M|100/100\n|turn|1\n|\n|t:|1788425534\n|move|p1a: Whimsicott|Protect|p1a: Whimsicott\n|-singleturn|p1a: Whimsicott|Protect\n|move|p2b: Kingambit|Sucker Punch|p1b: Basculegion\n|-supereffective|p1b: Basculegion|1\n|-damage|p1b: Basculegion|0 fnt\n|faint|p1b: Basculegion\n|move|p2a: Sneasler|Dire Claw|p1a: Whimsicott\n|-activate|p1a: Whimsicott|move: Protect\n|\n|upkeep\n|\n|t:|1788425538\n|switch|p1b: Charizard|Charizard, L50, F, shiny|100/100\n|turn|2\n|j| shadow of the tag\n|\n|t:|1788425546\n|detailschange|p1b: Charizard|Charizard-Mega-Y, L50, F, shiny\n|-mega|p1b: Charizard|Charizard|Charizardite Y\n|-weather|SunnyDay|[from] ability: Drought|[of] p1b: Charizard\n|move|p2b: Kingambit|Sucker Punch|p1b: Charizard\n|-damage|p1b: Charizard|56/100\n|move|p2a: Sneasler|Dire Claw|p1a: Whimsicott\n|-supereffective|p1a: Whimsicott|2\n|-enditem|p1a: Whimsicott|Focus Sash\n|-damage|p1a: Whimsicott|1/100\n|move|p1a: Whimsicott|Moonblast|p2a: Sneasler\n|-damage|p2a: Sneasler|53/100\n|-unboost|p2a: Sneasler|spa|1\n|move|p1b: Charizard|Heat Wave|p2a: Sneasler|[spread] p2a,p2b\n|-supereffective|p2b: Kingambit|1\n|-damage|p2a: Sneasler|0 fnt\n|-damage|p2b: Kingambit|0 fnt\n|faint|p2a: Sneasler\n|faint|p2b: Kingambit\n|\n|-weather|SunnyDay|[upkeep]\n|upkeep\n|\n|t:|1788425559\n|switch|p2a: Pelipper|Pelipper, L50, M|100/100\n|switch|p2b: Starmie|Starmie, L50, shiny|100/100\n|-weather|RainDance|[from] ability: Drizzle|[of] p2a: Pelipper\n|turn|3\n|\n|t:|1788425573\n|switch|p1b: Floette|Floette-Eternal, L50, F|100/100\n|detailschange|p2b: Starmie|Starmie-Mega, L50, shiny\n|-mega|p2b: Starmie|Starmie|Starminite\n|move|p1a: Whimsicott|Protect|p1a: Whimsicott\n|-singleturn|p1a: Whimsicott|Protect\n|move|p2b: Starmie|Liquidation|p1a: Whimsicott\n|-activate|p1a: Whimsicott|move: Protect\n|move|p2a: Pelipper|Tailwind|p2a: Pelipper\n|-sidestart|p2: endershovel|move: Tailwind\n|\n|-weather|RainDance|[upkeep]\n|upkeep\n|turn|4\n|j| firestrikedab\n|\n|t:|1788425589\n|move|p1b: Floette|Protect|p1b: Floette\n|-singleturn|p1b: Floette|Protect\n|move|p2b: Starmie|Aqua Jet|p1a: Whimsicott\n|-resisted|p1a: Whimsicott|1\n|-damage|p1a: Whimsicott|0 fnt\n|faint|p1a: Whimsicott\n|move|p2a: Pelipper|Muddy Water|p1b: Floette\n|-activate|p1b: Floette|move: Protect\n|\n|-weather|RainDance|[upkeep]\n|upkeep\n|l| firestrikedab\n|\n|t:|1788425593\n|switch|p1a: Charizard|Charizard-Mega-Y, L50, F, shiny|56/100\n|-weather|SunnyDay|[from] ability: Drought|[of] p1a: Charizard\n|turn|5\n|\n|t:|1788425616\n|move|p2b: Starmie|Protect|p2b: Starmie\n|-singleturn|p2b: Starmie|Protect\n|move|p1a: Charizard|Protect|p1a: Charizard\n|-singleturn|p1a: Charizard|Protect\n|move|p2a: Pelipper|Muddy Water|p1b: Floette|[spread] p1b\n|-activate|p1a: Charizard|move: Protect\n|-damage|p1b: Floette|88/100\n|move|p1b: Floette|Dazzling Gleam|p2b: Starmie|[spread] p2a\n|-activate|p2b: Starmie|move: Protect\n|-damage|p2a: Pelipper|57/100\n|\n|-weather|SunnyDay|[upkeep]\n|upkeep\n|turn|6\n|\n|t:|1788425643\n|move|p1a: Charizard|Protect|p1a: Charizard\n|-singleturn|p1a: Charizard|Protect\n|move|p2b: Starmie|Liquidation|p1a: Charizard\n|-activate|p1a: Charizard|move: Protect\n|move|p2a: Pelipper|Muddy Water|p1b: Floette|[spread] p1b\n|-activate|p1a: Charizard|move: Protect\n|-damage|p1b: Floette|76/100\n|move|p1b: Floette|Moonblast|p2a: Pelipper\n|-damage|p2a: Pelipper|0 fnt\n|faint|p2a: Pelipper\n|\n|-weather|SunnyDay|[upkeep]\n|-sideend|p2: endershovel|move: Tailwind\n|upkeep\n|turn|7\n|\n|t:|1788425652\n|move|p2b: Starmie|Liquidation|p1a: Charizard\n|-supereffective|p1a: Charizard|1\n|-damage|p1a: Charizard|0 fnt\n|faint|p1a: Charizard\n|move|p1b: Floette|Moonblast|p2b: Starmie\n|-crit|p2b: Starmie\n|-damage|p2b: Starmie|11/100\n|\n|-weather|SunnyDay|[upkeep]\n|upkeep\n|turn|8\n|\n|t:|1788425656\n|move|p2b: Starmie|Protect|p2b: Starmie\n|-singleturn|p2b: Starmie|Protect\n|move|p1b: Floette|Moonblast|p2b: Starmie\n|-activate|p2b: Starmie|move: Protect\n|\n|-weather|SunnyDay|[upkeep]\n|upkeep\n|turn|9\n|\n|t:|1788425662\n|move|p2b: Starmie|Zen Headbutt|p1b: Floette\n|-damage|p1b: Floette|0 fnt\n|faint|p1b: Floette\n|\n|win|endershovel\n","uploadtime":1788425662,"views":"2","formatid":"gen9championsvgc2026regmb","rating":null,"private":0,"password":null}