{"id":"gen9championsvgc2026regmb-2674901498","format":"[Gen 9 Champions] VGC 2026 Reg M-B","players":["lmbibitor lunae","Thornlace48812"],"log":"|j|☆lmbibitor lunae\n|j|☆Thornlace48812\n|t:|1788432550\n|gametype|doubles\n|player|p1|lmbibitor lunae|rika-masters|1325\n|player|p2|Thornlace48812|102|1296\n|gen|9\n|tier|[Gen 9 Champions] VGC 2026 Reg M-B\n|rated|\n|rule|Species Clause: Limit one of each Pokémon\n|rule|Item Clause: Limit 1 of each item\n|clearpoke\n|poke|p1|Sneasler, L50, F|\n|poke|p1|Basculegion, L50, M|\n|poke|p1|Garchomp, L50, F|\n|poke|p1|Floette-Eternal, L50, F|\n|poke|p1|Dragonite, L50, F|\n|poke|p1|Kingambit, L50, M|\n|poke|p2|Garchomp, L50, F|\n|poke|p2|Charizard, L50, M|\n|poke|p2|Whimsicott, L50, M|\n|poke|p2|Sylveon, L50, M|\n|poke|p2|Kingambit, L50, M|\n|poke|p2|Basculegion, L50, M|\n|teampreview|4\n|inactive|Battle timer is ON: inactive players will automatically lose when time's up. (requested by Thornlace48812)\nThornlace48812 rejected open team sheets.\n|\n|t:|1788432562\n|teamsize|p1|4\n|teamsize|p2|4\n|start\n|switch|p1a: Doreamon bt bay|Dragonite, L50, F|100/100\n|switch|p1b: Cá chép om dưa|Basculegion, L50, M|100/100\n|switch|p2a: Charizard|Charizard, L50, M|100/100\n|switch|p2b: Garchomp|Garchomp, L50, F|100/100\n|turn|1\n|\n|t:|1788432581\n|detailschange|p1a: Doreamon bt bay|Dragonite-Mega, L50, F\n|-mega|p1a: Doreamon bt bay|Dragonite|Dragoninite\n|move|p2a: Charizard|Protect|p2a: Charizard\n|-singleturn|p2a: Charizard|Protect\n|move|p1b: Cá chép om dưa|Aqua Jet|p2a: Charizard\n|-activate|p2a: Charizard|move: Protect\n|move|p2b: Garchomp|Rock Slide|p1a: Doreamon bt bay|[spread] p1a,p1b\n|-supereffective|p1a: Doreamon bt bay|1\n|-damage|p1a: Doreamon bt bay|75/100\n|-damage|p1b: Cá chép om dưa|65/100\n|-damage|p2b: Garchomp|90/100|[from] item: Life Orb\n|cant|p1a: Doreamon bt bay|flinch\n|\n|upkeep\n|turn|2\n|\n|t:|1788432599\n|switch|p2a: Whimsicott|Whimsicott, L50, M|100/100\n|move|p1a: Doreamon bt bay|Protect|p1a: Doreamon bt bay\n|-singleturn|p1a: Doreamon bt bay|Protect\n|move|p2b: Garchomp|Rock Slide|p1b: Cá chép om dưa|[spread] \n|-activate|p1a: Doreamon bt bay|move: Protect\n|-miss|p2b: Garchomp|p1b: Cá chép om dưa\n|move|p1b: Cá chép om dưa|Flip Turn|p2a: Whimsicott\n|-resisted|p2a: Whimsicott|1\n|-damage|p2a: Whimsicott|65/100\n|-damage|p1b: Cá chép om dưa|55/100|[from] item: Life Orb\n|\n|t:|1788432613\n|switch|p1b: Mèo đi hía|Sneasler, L50, F|100/100|[from] Flip Turn\n|\n|upkeep\n|turn|3\n|\n|t:|1788432621\n|move|p1b: Mèo đi hía|Fake Out|p2a: Whimsicott\n|-damage|p2a: Whimsicott|45/100\n|cant|p2a: Whimsicott|flinch\n|move|p2b: Garchomp|Dragon Claw|p1b: Mèo đi hía\n|-damage|p1b: Mèo đi hía|13/100\n|-damage|p2b: Garchomp|80/100|[from] item: Life Orb\n|move|p1a: Doreamon bt bay|Dragon Pulse|p2b: Garchomp\n|-supereffective|p2b: Garchomp|1\n|-damage|p2b: Garchomp|0 fnt\n|faint|p2b: Garchomp\n|\n|upkeep\n|\n|t:|1788432622\n|switch|p2b: Charizard|Charizard, L50, M|100/100\n|turn|4\n|inactive|lmbibitor lunae has 30 seconds left.\n|\n|t:|1788432647\n|switch|p1b: Cá chép om dưa|Basculegion, L50, M|55/100\n|detailschange|p2b: Charizard|Charizard-Mega-Y, L50, M\n|-mega|p2b: Charizard|Charizard|Charizardite Y\n|-weather|SunnyDay|[from] ability: Drought|[of] p2b: Charizard\n|move|p2a: Whimsicott|Tailwind|p2a: Whimsicott\n|-sidestart|p2: Thornlace48812|move: Tailwind\n|move|p2b: Charizard|Heat Wave|p1b: Cá chép om dưa|[spread] p1a\n|-miss|p2b: Charizard|p1b: Cá chép om dưa\n|-resisted|p1a: Doreamon bt bay|1\n|-damage|p1a: Doreamon bt bay|47/100\n|move|p1a: Doreamon bt bay|Heat Wave|p2b: Charizard|[spread] p2a\n|-miss|p1a: Doreamon bt bay|p2b: Charizard\n|-supereffective|p2a: Whimsicott|1\n|-damage|p2a: Whimsicott|0 fnt\n|faint|p2a: Whimsicott\n|\n|-weather|SunnyDay|[upkeep]\n|upkeep\n|\n|t:|1788432647\n|switch|p2a: Basculegion|Basculegion, L50, M|100/100\n|turn|5\n|inactive|lmbibitor lunae has 30 seconds left.\n|\n|t:|1788432675\n|move|p1a: Doreamon bt bay|Protect|p1a: Doreamon bt bay\n|-singleturn|p1a: Doreamon bt bay|Protect\n|move|p2b: Charizard|Heat Wave|p1b: Cá chép om dưa|[spread] p1b\n|-activate|p1a: Doreamon bt bay|move: Protect\n|-resisted|p1b: Cá chép om dưa|1\n|-damage|p1b: Cá chép om dưa|15/100\n|move|p2a: Basculegion|Last Respects|p1b: Cá chép om dưa\n|-supereffective|p1b: Cá chép om dưa|1\n|-damage|p1b: Cá chép om dưa|0 fnt\n|faint|p1b: Cá chép om dưa\n|\n|-weather|SunnyDay|[upkeep]\n|upkeep\n|\n|t:|1788432688\n|switch|p1b: Jing cha|Kingambit, L50, M|100/100\n|turn|6\n|\n|t:|1788432697\n|move|p1b: Jing cha|Sucker Punch|p2a: Basculegion\n|-supereffective|p2a: Basculegion|1\n|-damage|p2a: Basculegion|3/100\n|move|p2b: Charizard|Heat Wave|p1a: Doreamon bt bay|[spread] p1a,p1b\n|-resisted|p1a: Doreamon bt bay|1\n|-supereffective|p1b: Jing cha|1\n|-damage|p1a: Doreamon bt bay|17/100\n|-damage|p1b: Jing cha|0 fnt\n|faint|p1b: Jing cha\n|move|p2a: Basculegion|Last Respects|p1a: Doreamon bt bay\n|-damage|p1a: Doreamon bt bay|0 fnt\n|faint|p1a: Doreamon bt bay\n|\n|-weather|SunnyDay|[upkeep]\n|upkeep\n|\n|t:|1788432711\n|switch|p1a: Mèo đi hía|Sneasler, L50, F|13/100\n|turn|7\n|-message|lmbibitor lunae forfeited.\n|\n|win|Thornlace48812\n|raw|lmbibitor lunae's rating: 1325 &rarr; <strong>1307</strong><br />(-18 for losing)\n|raw|Thornlace48812's rating: 1356 &rarr; <strong>1374</strong><br />(+18 for winning)\n|l|☆lmbibitor lunae\n|player|p1|\n","uploadtime":1788432713,"views":"1","formatid":"gen9championsvgc2026regmb","rating":1307,"private":0,"password":null}