{"id":"gen9championsvgc2026regmb-2674033200","format":"[Gen 9 Champions] VGC 2026 Reg M-B","players":["Pooooder34","blamesaint"],"log":"|j|☆Pooooder34\n|j|☆blamesaint\n|t:|1788290584\n|gametype|doubles\n|player|p1|Pooooder34|170|1401\n|player|p2|blamesaint|blue|1401\n|gen|9\n|tier|[Gen 9 Champions] VGC 2026 Reg M-B\n|rated|\n|rule|Species Clause: Limit one of each Pokémon\n|rule|Item Clause: Limit 1 of each item\n|clearpoke\n|poke|p1|Staraptor, L50, M|\n|poke|p1|Houndstone, L50, F|\n|poke|p1|Tyranitar, L50, F|\n|poke|p1|Rotom-Wash, L50|\n|poke|p1|Excadrill, L50, F|\n|poke|p1|Venusaur, L50, F|\n|poke|p2|Kangaskhan, L50, F, shiny|\n|poke|p2|Whimsicott, L50, F, shiny|\n|poke|p2|Charizard, L50, M, shiny|\n|poke|p2|Garchomp, L50, F|\n|poke|p2|Rotom-Wash, L50, shiny|\n|poke|p2|Farigiraf, L50, F, shiny|\n|teampreview|4\nblamesaint rejected open team sheets.\n|inactive|Battle timer is ON: inactive players will automatically lose when time's up. (requested by blamesaint)\n|inactive|Pooooder34 has 60 seconds left.\n|\n|t:|1788290638\n|teamsize|p1|4\n|teamsize|p2|4\n|start\n|switch|p1a: Tyranitar|Tyranitar, L50, F|100/100\n|switch|p1b: Staraptor|Staraptor, L50, M|100/100\n|switch|p2a: Q-Tip|Whimsicott, L50, F, shiny|100/100\n|switch|p2b: Child Soldier|Kangaskhan, L50, F, shiny|100/100\n|-weather|Sandstorm|[from] ability: Sand Stream|[of] p1a: Tyranitar\n|-ability|p1b: Staraptor|Intimidate|boost\n|-unboost|p2a: Q-Tip|atk|1\n|-fail|p2b: Child Soldier|unboost|Attack|[from] ability: Scrappy|[of] p2b: Child Soldier\n|turn|1\n|\n|t:|1788290657\n|switch|p1a: Excadrill|Excadrill, L50, F|100/100\n|detailschange|p2b: Child Soldier|Kangaskhan-Mega, L50, F, shiny\n|-mega|p2b: Child Soldier|Kangaskhan|Kangaskhanite\n|move|p1b: Staraptor|Protect|p1b: Staraptor\n|-singleturn|p1b: Staraptor|Protect\n|move|p2b: Child Soldier|Fake Out|p1b: Staraptor\n|-activate|p1b: Staraptor|move: Protect\n|move|p2a: Q-Tip|Dazzling Gleam|p1b: Staraptor|[spread] p1a\n|-activate|p1b: Staraptor|move: Protect\n|-resisted|p1a: Excadrill|1\n|-damage|p1a: Excadrill|85/100\n|\n|-weather|Sandstorm|[upkeep]\n|-damage|p2a: Q-Tip|94/100|[from] Sandstorm\n|-damage|p1b: Staraptor|94/100|[from] Sandstorm\n|-damage|p2b: Child Soldier|93/100|[from] Sandstorm\n|upkeep\n|turn|2\n|\n|t:|1788290672\n|detailschange|p1b: Staraptor|Staraptor-Mega, L50, M\n|-mega|p1b: Staraptor|Staraptor|Staraptite\n|move|p2a: Q-Tip|Tailwind|p2a: Q-Tip\n|-sidestart|p2: blamesaint|move: Tailwind\n|move|p1a: Excadrill|Iron Head|p2a: Q-Tip\n|-supereffective|p2a: Q-Tip|1\n|-damage|p2a: Q-Tip|0 fnt\n|faint|p2a: Q-Tip\n|move|p2b: Child Soldier|Thunder Punch|p1b: Staraptor\n|-supereffective|p1b: Staraptor|1\n|-damage|p1b: Staraptor|35/100\n|-supereffective|p1b: Staraptor|1\n|-damage|p1b: Staraptor|22/100\n|-hitcount|p1b: Staraptor|2\n|move|p1b: Staraptor|Close Combat|p2b: Child Soldier\n|-supereffective|p2b: Child Soldier|1\n|-damage|p2b: Child Soldier|2/100\n|-boost|p1b: Staraptor|def|1\n|-boost|p1b: Staraptor|spd|1\n|\n|-weather|Sandstorm|[upkeep]\n|-damage|p2b: Child Soldier|0 fnt|[from] Sandstorm\n|-damage|p1b: Staraptor|16/100|[from] Sandstorm\n|faint|p2b: Child Soldier\n|upkeep\n|\n|t:|1788290684\n|switch|p2a: Spin Cycle|Rotom-Wash, L50, shiny|100/100\n|switch|p2b: Cynthia's Daughter|Garchomp, L50, F|100/100\n|turn|3\n|\n|t:|1788290694\n|move|p1a: Excadrill|Protect|p1a: Excadrill\n|-singleturn|p1a: Excadrill|Protect\n|move|p1b: Staraptor|Protect|p1b: Staraptor\n|-singleturn|p1b: Staraptor|Protect\n|move|p2b: Cynthia's Daughter|Earthquake|p1a: Excadrill|[spread] \n|-activate|p1a: Excadrill|move: Protect\n|-activate|p1b: Staraptor|move: Protect\n|-immune|p2a: Spin Cycle|[from] ability: Levitate\n|move|p2a: Spin Cycle|Discharge|p1a: Excadrill|[spread] \n|-activate|p1a: Excadrill|move: Protect\n|-activate|p1b: Staraptor|move: Protect\n|-immune|p2b: Cynthia's Daughter\n|\n|-weather|Sandstorm|[upkeep]\n|-damage|p2a: Spin Cycle|94/100|[from] Sandstorm\n|-damage|p1b: Staraptor|10/100|[from] Sandstorm\n|upkeep\n|turn|4\n|\n|t:|1788290704\n|switch|p1a: Venusaur|Venusaur, L50, F|100/100\n|move|p2b: Cynthia's Daughter|Earthquake|p1a: Venusaur|[spread] p1a\n|-immune|p2a: Spin Cycle|[from] ability: Levitate\n|-immune|p1b: Staraptor\n|-damage|p1a: Venusaur|54/100\n|move|p2a: Spin Cycle|Discharge|p1b: Staraptor|[spread] p1a,p1b\n|-immune|p2b: Cynthia's Daughter\n|-resisted|p1a: Venusaur|1\n|-supereffective|p1b: Staraptor|1\n|-damage|p1a: Venusaur|36/100\n|-damage|p1b: Staraptor|0 fnt\n|-status|p1a: Venusaur|par\n|faint|p1b: Staraptor\n|\n|-weather|Sandstorm|[upkeep]\n|-damage|p2a: Spin Cycle|88/100|[from] Sandstorm\n|-damage|p1a: Venusaur|30/100 par|[from] Sandstorm\n|upkeep\n|\n|t:|1788290717\n|switch|p1b: Excadrill|Excadrill, L50, F|85/100\n|turn|5\n|inactive|blamesaint has 30 seconds left.\n|\n|t:|1788290743\n|move|p1b: Excadrill|Protect|p1b: Excadrill\n|-singleturn|p1b: Excadrill|Protect\n|move|p2b: Cynthia's Daughter|Earthquake|p1b: Excadrill|[spread] p1a\n|-activate|p1b: Excadrill|move: Protect\n|-immune|p2a: Spin Cycle|[from] ability: Levitate\n|-damage|p1a: Venusaur|0 fnt\n|faint|p1a: Venusaur\n|move|p2a: Spin Cycle|Hydro Pump|p1b: Excadrill\n|-activate|p1b: Excadrill|move: Protect\n|\n|-weather|none\n|-sideend|p2: blamesaint|move: Tailwind\n|upkeep\n|\n|t:|1788290748\n|switch|p1a: Tyranitar|Tyranitar, L50, F|100/100\n|-weather|Sandstorm|[from] ability: Sand Stream|[of] p1a: Tyranitar\n|turn|6\n|\n|t:|1788290758\n|move|p1b: Excadrill|Rock Slide|p2b: Cynthia's Daughter|[spread] p2a\n|-miss|p1b: Excadrill|p2b: Cynthia's Daughter\n|-damage|p2a: Spin Cycle|60/100\n|move|p1a: Tyranitar|Ice Punch|p2b: Cynthia's Daughter\n|-supereffective|p2b: Cynthia's Daughter|2\n|-damage|p2b: Cynthia's Daughter|0 fnt\n|-damage|p1a: Tyranitar|88/100|[from] ability: Rough Skin|[of] p2b: Cynthia's Daughter\n|faint|p2b: Cynthia's Daughter\n|move|p2a: Spin Cycle|Hydro Pump|p1b: Excadrill|[miss]\n|-miss|p2a: Spin Cycle|p1b: Excadrill\n|\n|-weather|Sandstorm|[upkeep]\n|-damage|p2a: Spin Cycle|54/100|[from] Sandstorm\n|upkeep\n|turn|7\n|\n|t:|1788290773\n|move|p1b: Excadrill|Rock Slide|p2a: Spin Cycle\n|-damage|p2a: Spin Cycle|13/100\n|move|p1a: Tyranitar|Ice Punch|p2a: Spin Cycle\n|-resisted|p2a: Spin Cycle|1\n|-damage|p2a: Spin Cycle|0 fnt\n|faint|p2a: Spin Cycle\n|\n|win|Pooooder34\n|raw|Pooooder34's rating: 1401 &rarr; <strong>1421</strong><br />(+20 for winning)\n|raw|blamesaint's rating: 1401 &rarr; <strong>1381</strong><br />(-20 for losing)\n","uploadtime":1788290778,"views":"4","formatid":"gen9championsvgc2026regmb","rating":1381,"private":0,"password":null}