{"id":"gen9championsvgc2026regmb-2674627835","format":"[Gen 9 Champions] VGC 2026 Reg M-B","players":["tmacattack33","conngfan"],"log":"|j|‽tmacattack33\n|j|☆conngfan\n|t:|1788382130\n|gametype|doubles\n|player|p1|tmacattack33|ghetsis|1532\n|player|p2|conngfan|arven-s|1523\n|gen|9\n|tier|[Gen 9 Champions] VGC 2026 Reg M-B\n|rated|\n|rule|Species Clause: Limit one of each Pokémon\n|rule|Item Clause: Limit 1 of each item\n|clearpoke\n|poke|p1|Dragonite, L50, F|\n|poke|p1|Sneasler, L50, M|\n|poke|p1|Basculegion, L50, M|\n|poke|p1|Kingambit, L50, M|\n|poke|p1|Garchomp, L50, F|\n|poke|p1|Floette-Eternal, L50, F|\n|poke|p2|Aerodactyl, L50, M|\n|poke|p2|Raichu, L50, F|\n|poke|p2|Sneasler, L50, M|\n|poke|p2|Sylveon, L50, M|\n|poke|p2|Kingambit, L50, M|\n|poke|p2|Tsareena, L50, F|\n|teampreview|4\n|inactive|Battle timer is ON: inactive players will automatically lose when time's up. (requested by tmacattack33)\n|inactive|conngfan also wants the timer to be on.\n|inactive|tmacattack33 has 60 seconds left.\n|inactive|tmacattack33 has 30 seconds left.\n|\n|t:|1788382198\n|teamsize|p1|4\n|teamsize|p2|4\n|start\n|switch|p1a: Basculegion|Basculegion, L50, M|100/100\n|switch|p1b: Sneasler|Sneasler, L50, M|100/100\n|switch|p2a: Aerodactyl|Aerodactyl, L50, M|100/100\n|switch|p2b: Kingambit|Kingambit, L50, M|100/100\n|-ability|p2a: Aerodactyl|Unnerve\n|turn|1\n|\n|t:|1788382215\n|detailschange|p2a: Aerodactyl|Aerodactyl-Mega, L50, M\n|-mega|p2a: Aerodactyl|Aerodactyl|Aerodactylite\n|move|p1b: Sneasler|Fake Out|p2a: Aerodactyl\n|-resisted|p2a: Aerodactyl|1\n|-damage|p2a: Aerodactyl|91/100\n|move|p1a: Basculegion|Aqua Jet|p2a: Aerodactyl\n|-supereffective|p2a: Aerodactyl|1\n|-damage|p2a: Aerodactyl|15/100\n|-damage|p1a: Basculegion|90/100|[from] item: Life Orb\n|move|p2b: Kingambit|Sucker Punch||[still]\n|-fail|p2b: Kingambit\n|cant|p2a: Aerodactyl|flinch\n|\n|upkeep\n|turn|2\n|\n|t:|1788382233\n|switch|p2b: Tsareena|Tsareena, L50, F|100/100\n|move|p1a: Basculegion|Aqua Jet||[still]\n|cant|p2b: Tsareena|ability: Queenly Majesty|Aqua Jet|[of] p1a: Basculegion\n|move|p2a: Aerodactyl|Dual Wingbeat|p1b: Sneasler\n|-supereffective|p1b: Sneasler|1\n|-damage|p1b: Sneasler|4/100\n|-supereffective|p1b: Sneasler|1\n|-damage|p1b: Sneasler|0 fnt\n|faint|p1b: Sneasler\n|-hitcount|p1: Sneasler|2\n|\n|upkeep\n|\n|t:|1788382245\n|switch|p1b: Dragonite|Dragonite, L50, F|100/100\n|turn|3\n|\n|t:|1788382259\n|switch|p1a: Garchomp|Garchomp, L50, F|100/100\n|detailschange|p1b: Dragonite|Dragonite-Mega, L50, F\n|-mega|p1b: Dragonite|Dragonite|Dragoninite\n|move|p2a: Aerodactyl|Tailwind|p2a: Aerodactyl\n|-sidestart|p2: conngfan|move: Tailwind\n|move|p2b: Tsareena|Triple Axel|p1b: Dragonite|[miss]\n|-miss|p2b: Tsareena|p1b: Dragonite\n|move|p1b: Dragonite|Heat Wave|p2b: Tsareena|[spread] p2a,p2b\n|-resisted|p2a: Aerodactyl|1\n|-supereffective|p2b: Tsareena|1\n|-damage|p2a: Aerodactyl|0 fnt\n|-damage|p2b: Tsareena|35/100\n|faint|p2a: Aerodactyl\n|\n|upkeep\n|\n|t:|1788382268\n|switch|p2a: Sylveon|Sylveon, L50, M|100/100\n|turn|4\n|inactive|tmacattack33 has 30 seconds left.\n|inactive|tmacattack33 has 20 seconds left.\n|inactive|tmacattack33 has 15 seconds left.\n|inactive|tmacattack33 has 10 seconds left.\n|\n|t:|1788382314\n|switch|p1a: Basculegion|Basculegion, L50, M|90/100\n|move|p2b: Tsareena|Triple Axel|p1b: Dragonite\n|-supereffective|p1b: Dragonite|2\n|-damage|p1b: Dragonite|86/100\n|-supereffective|p1b: Dragonite|2\n|-damage|p1b: Dragonite|34/100\n|-supereffective|p1b: Dragonite|2\n|-damage|p1b: Dragonite|0 fnt\n|faint|p1b: Dragonite\n|-hitcount|p1: Dragonite|3\n|move|p2a: Sylveon|Hyper Voice|p1a: Basculegion\n|-damage|p1a: Basculegion|29/100\n|\n|upkeep\n|\n|t:|1788382326\n|switch|p1b: Garchomp|Garchomp, L50, F|100/100\n|turn|5\n|\n|t:|1788382346\n|move|p2b: Tsareena|Power Whip|p1a: Basculegion\n|-supereffective|p1a: Basculegion|1\n|-damage|p1a: Basculegion|0 fnt\n|faint|p1a: Basculegion\n|move|p1b: Garchomp|Stomping Tantrum|p2b: Tsareena\n|-resisted|p2b: Tsareena|1\n|-damage|p2b: Tsareena|9/100\n|move|p2a: Sylveon|Hyper Voice|p1b: Garchomp\n|-supereffective|p1b: Garchomp|1\n|-damage|p1b: Garchomp|0 fnt\n|faint|p1b: Garchomp\n|\n|win|conngfan\n|raw|tmacattack33's rating: 1532 &rarr; <strong>1511</strong><br />(-21 for losing)\n|raw|conngfan's rating: 1523 &rarr; <strong>1544</strong><br />(+21 for winning)\n","uploadtime":1788382346,"views":"0","formatid":"gen9championsvgc2026regmb","rating":1511,"private":0,"password":null}