{"id":"gen9championsvgc2026regmb-2674686032","format":"[Gen 9 Champions] VGC 2026 Reg M-B","players":["maxhb","Ika_Shinobi"],"log":"|j|☆maxhb\n|j|☆Ika_Shinobi\n|html|<table width=\"100%\"><tr><td align=\"left\">maxhb</td><td align=\"right\">Ika_Shinobi</tr><tr><td align=\"left\"><i class=\"fa fa-circle-o\"></i> <i class=\"fa fa-circle-o\"></i> </td><td align=\"right\"><i class=\"fa fa-circle-o\"></i> <i class=\"fa fa-circle\"></i> </tr></table>\n|uhtml|bestof|<h2><strong>Game 2</strong> of <a href=\"/game-bestof3-gen9championsvgc2026regmb-2674683790\">a best-of-3</a></h2>\n|t:|1788390394\n|gametype|doubles\n|player|p1|maxhb|266|\n|player|p2|Ika_Shinobi|2|\n|gen|9\n|tier|[Gen 9 Champions] VGC 2026 Reg M-B\n|rule|Species Clause: Limit one of each Pokémon\n|rule|Item Clause: Limit 1 of each item\n|raw|<div class=\"infobox\"><details class=\"readmore\" open><summary><strong>1 custom rule:</strong></summary> Best of = 3</details></div>\n|clearpoke\n|poke|p1|Floette-Eternal, L50, F|\n|poke|p1|Blastoise, L50, M|\n|poke|p1|Kingambit, L50, M|\n|poke|p1|Talonflame, L50, M|\n|poke|p1|Crabominable, L50, F|\n|poke|p1|Sinistcha, L50|\n|poke|p2|Garchomp, L50, F|\n|poke|p2|Aerodactyl, L50, M|\n|poke|p2|Kangaskhan, L50, F|\n|poke|p2|Dragalge, L50, F|\n|poke|p2|Delphox, L50, M|\n|poke|p2|Sableye, L50, M|\n|teampreview|4\nmaxhb rejected open team sheets.\n|\n|t:|1788390437\n|teamsize|p1|4\n|teamsize|p2|4\n|start\n|switch|p1a: Blastoise|Blastoise, L50, M|100/100\n|switch|p1b: Sinistcha|Sinistcha, L50|100/100\n|switch|p2a: Garchomp|Garchomp, L50, F|100/100\n|switch|p2b: Aerodactyl|Aerodactyl, L50, M|100/100\n|-ability|p2b: Aerodactyl|Pressure\n|turn|1\n|\n|t:|1788390458\n|switch|p2a: Kangaskhan|Kangaskhan, L50, F|100/100\n|move|p1a: Blastoise|Fake Out|p2b: Aerodactyl\n|-resisted|p2b: Aerodactyl|1\n|-damage|p2b: Aerodactyl|94/100\n|cant|p2b: Aerodactyl|flinch\n|move|p1b: Sinistcha|Trick Room|p1b: Sinistcha\n|-fieldstart|move: Trick Room|[of] p1b: Sinistcha\n|\n|upkeep\n|turn|2\n|\n|t:|1788390518\n|move|p2b: Aerodactyl|Protect|p2b: Aerodactyl\n|-singleturn|p2b: Aerodactyl|Protect\n|move|p1b: Sinistcha|Rage Powder|p1b: Sinistcha\n|-singleturn|p1b: Sinistcha|move: Rage Powder\n|move|p1a: Blastoise|Water Spout|p2b: Aerodactyl|[spread] p2a\n|-activate|p2b: Aerodactyl|move: Protect\n|-damage|p2a: Kangaskhan|50/100g\n|move|p2a: Kangaskhan|Drain Punch|p1b: Sinistcha\n|-damage|p1b: Sinistcha|82/100\n|-heal|p2a: Kangaskhan|58/100|[from] drain|[of] p1b: Sinistcha\n|\n|upkeep\n|turn|3\n|\n|t:|1788390561\n|switch|p2a: Garchomp|Garchomp, L50, F|100/100\n|move|p1b: Sinistcha|Rage Powder|p1b: Sinistcha\n|-singleturn|p1b: Sinistcha|move: Rage Powder\n|move|p1a: Blastoise|Water Spout|p2a: Garchomp|[spread] p2a,p2b\n|-supereffective|p2b: Aerodactyl|1\n|-damage|p2a: Garchomp|47/100\n|-damage|p2b: Aerodactyl|0 fnt\n|faint|p2b: Aerodactyl\n|\n|upkeep\n|\n|t:|1788390579\n|switch|p2b: Kangaskhan|Kangaskhan, L50, F|58/100\n|turn|4\n|\n|t:|1788390590\n|switch|p2a: Delphox|Delphox, L50, M|100/100\n|move|p2b: Kangaskhan|Fake Out|p1a: Blastoise\n|-damage|p1a: Blastoise|78/100\n|move|p1b: Sinistcha|Rage Powder|p1b: Sinistcha\n|-singleturn|p1b: Sinistcha|move: Rage Powder\n|cant|p1a: Blastoise|flinch\n|\n|upkeep\n|turn|5\n|\n|t:|1788390626\n|switch|p2a: Garchomp|Garchomp, L50, F|47/100\n|move|p1b: Sinistcha|Rage Powder|p1b: Sinistcha\n|-singleturn|p1b: Sinistcha|move: Rage Powder\n|move|p1a: Blastoise|Water Spout|p2b: Kangaskhan|[spread] p2a,p2b\n|-damage|p2a: Garchomp|6/100\n|-damage|p2b: Kangaskhan|22/100\n|move|p2b: Kangaskhan|Drain Punch|p1b: Sinistcha\n|-damage|p1b: Sinistcha|64/100\n|-heal|p2b: Kangaskhan|29/100|[from] drain|[of] p1b: Sinistcha\n|\n|-fieldend|move: Trick Room\n|upkeep\n|turn|6\n|\n|t:|1788390687\n|move|p2a: Garchomp|Earthquake|p1b: Sinistcha|[spread] p2b,p1a,p1b\n|-resisted|p1b: Sinistcha|1\n|-damage|p2b: Kangaskhan|0 fnt\n|-damage|p1a: Blastoise|30/100\n|-damage|p1b: Sinistcha|44/100\n|-enditem|p1b: Sinistcha|Sitrus Berry|[eat]\n|-heal|p1b: Sinistcha|69/100|[from] item: Sitrus Berry\n|faint|p2b: Kangaskhan\n|-damage|p2a: Garchomp|0 fnt|[from] item: Life Orb\n|faint|p2a: Garchomp\n|move|p1a: Blastoise|Water Spout|p2: Garchomp|[notarget]\n|-fail|p1a: Blastoise\n|move|p1b: Sinistcha|Trick Room|p1b: Sinistcha\n|-fieldstart|move: Trick Room|[of] p1b: Sinistcha\n|\n|upkeep\n|-message|Ika_Shinobi forfeited.\n|\n|win|maxhb\n||Ika_Shinobi is ready for game 3.\n||maxhb is ready for game 3.\n|uhtml|next|Next: <a href=\"/battle-gen9championsvgc2026regmb-2674688029\"><strong>Game 3 of 3</strong></a>\n","uploadtime":1788391521,"views":"1","formatid":"gen9championsvgc2026regmb","rating":null,"private":0,"password":null}