{"id":"gen9championsvgc2026regmbbo3-2673615295","format":"[Gen 9 Champions] VGC 2026 Reg M-B (Bo3)","players":["Luma Tactas","sahhr"],"log":"|j|☆Luma Tactas\n|j|‽sahhr\n|html|<table width=\"100%\"><tr><td align=\"left\">Luma Tactas</td><td align=\"right\">sahhr</tr><tr><td align=\"left\"><i class=\"fa fa-circle\"></i> <i class=\"fa fa-circle-o\"></i> </td><td align=\"right\"><i class=\"fa fa-circle-o\"></i> <i class=\"fa fa-circle-o\"></i> </tr></table>\n|uhtml|bestof|<h2><strong>Game 2</strong> of <a href=\"/game-bestof3-gen9championsvgc2026regmbbo3-2673612850\">a best-of-3</a></h2>\n|t:|1788221659\n|gametype|doubles\n|player|p1|Luma Tactas|acetrainerf|1070\n|player|p2|sahhr|266|1129\n|gen|9\n|tier|[Gen 9 Champions] VGC 2026 Reg M-B (Bo3)\n|rated|\n|rule|Species Clause: Limit one of each Pokémon\n|rule|Item Clause: Limit 1 of each item\n|clearpoke\n|poke|p1|Gardevoir, L50, F, shiny|\n|poke|p1|Sneasler, L50, M|\n|poke|p1|Sinistcha, L50|\n|poke|p1|Rotom-Wash, L50|\n|poke|p1|Talonflame, L50, M|\n|poke|p1|Garchomp, L50, F|\n|poke|p2|Sableye, L50, M|\n|poke|p2|Archaludon, L50, M|\n|poke|p2|Sinistcha, L50|\n|poke|p2|Dragonite, L50, F|\n|poke|p2|Pelipper, L50, M|\n|poke|p2|Basculegion, L50, M|\n|teampreview|4\n|showteam|p1|Gardevoir||Gardevoirite|Synchronize|HyperVoice,Psychic,TrickRoom,Protect|Modest||F|||50|]Sneasler||WhiteHerb|Unburden|FakeOut,CloseCombat,DireClaw,Protect|Jolly||M|||50|]Sinistcha||SitrusBerry|Hospitality|MatchaGotcha,RagePowder,StrengthSap,TrickRoom|Bold|||||50|]Rotom-Wash||Leftovers|Levitate|Thunderbolt,WillOWisp,HydroPump,Protect|Modest|||||50|]Talonflame||FocusSash|GaleWings|Tailwind,DualWingbeat,FlareBlitz,Protect|Jolly||M|||50|]Garchomp||LifeOrb|RoughSkin|StompingTantrum,RockSlide,Earthquake,Protect|Jolly||F|||50|\n|showteam|p2|Sableye||RoseliBerry|Prankster|Reflect,LightScreen,Quash,RainDance|Sassy||M|||50|]Archaludon||Leftovers|Stamina|FlashCannon,DracoMeteor,ElectroShot,DragonPulse|Modest||M|||50|]Sinistcha||KasibBerry|Hospitality|RagePowder,MatchaGotcha,LifeDew,TrickRoom|Sassy|||||50|]Dragonite||Dragoninite|InnerFocus|Flamethrower,Hurricane,DracoMeteor,Tailwind|Modest||F|||50|]Pelipper||SitrusBerry|Drizzle|Tailwind,WeatherBall,Hurricane,WideGuard|Bold||M|||50|]Basculegion||ChoiceScarf|Adaptability|FlipTurn,WaveCrash,LastRespects,AquaJet|Jolly||M|||50|\n|\n|t:|1788221687\n|teamsize|p1|4\n|teamsize|p2|4\n|start\n|switch|p1a: Ophelia|Gardevoir, L50, F, shiny|100/100\n|switch|p1b: Morganucodon|Talonflame, L50, M|100/100\n|switch|p2a: Sableye|Sableye, L50, M|100/100\n|switch|p2b: Pelipper|Pelipper, L50, M|100/100\n|-weather|RainDance|[from] ability: Drizzle|[of] p2b: Pelipper\n|turn|1\n|\n|t:|1788221724\n|switch|p1b: Motorwash|Rotom-Wash, L50|100/100\n|detailschange|p1a: Ophelia|Gardevoir-Mega, L50, F, shiny\n|-mega|p1a: Ophelia|Gardevoir|Gardevoirite\n|move|p2b: Pelipper|Wide Guard|p2b: Pelipper\n|-singleturn|p2b: Pelipper|Wide Guard\n|move|p2a: Sableye|Light Screen|p2a: Sableye\n|-sidestart|p2: sahhr|move: Light Screen\n|move|p1a: Ophelia|Hyper Voice|p2a: Sableye|[spread] \n|-activate|p2a: Sableye|move: Wide Guard\n|-activate|p2b: Pelipper|move: Wide Guard\n|\n|-weather|RainDance|[upkeep]\n|upkeep\n|turn|2\n|\n|t:|1788221760\n|switch|p2b: Sinistcha|Sinistcha, L50|100/100\n|switch|p2a: Archaludon|Archaludon, L50, M|100/100\n|move|p1a: Ophelia|Hyper Voice|p2b: Sinistcha|[spread] p2a,p2b\n|-crit|p2b: Sinistcha\n|-damage|p2a: Archaludon|62/100\n|-damage|p2b: Sinistcha|30/100\n|-ability|p2a: Archaludon|Stamina|boost\n|-boost|p2a: Archaludon|def|1\n|move|p1b: Motorwash|Thunderbolt|p2b: Sinistcha\n|-resisted|p2b: Sinistcha|1\n|-damage|p2b: Sinistcha|16/100\n|\n|-weather|RainDance|[upkeep]\n|-heal|p2a: Archaludon|69/100|[from] item: Leftovers\n|upkeep\n|turn|3\n|\n|t:|1788221781\n|switch|p1b: Iron Mugulis|Sinistcha, L50|100/100\n|move|p1a: Ophelia|Protect|p1a: Ophelia\n|-singleturn|p1a: Ophelia|Protect\n|move|p2a: Archaludon|Electro Shot||[still]\n|-prepare|p2a: Archaludon|Electro Shot\n|-boost|p2a: Archaludon|spa|1\n|-anim|p2a: Archaludon|Electro Shot|p1a: Ophelia\n|-activate|p1a: Ophelia|move: Protect\n|move|p2b: Sinistcha|Life Dew|p2b: Sinistcha|[spread] p2a,p2b\n|-heal|p2a: Archaludon|93/100\n|-heal|p2b: Sinistcha|41/100\n|\n|-weather|RainDance|[upkeep]\n|-heal|p2a: Archaludon|100/100|[from] item: Leftovers\n|upkeep\n|turn|4\n|\n|t:|1788221807\n|switch|p1a: Morganucodon|Talonflame, L50, M|100/100\n|switch|p2b: Pelipper|Pelipper, L50, M|100/100\n|move|p1b: Iron Mugulis|Rage Powder|p1b: Iron Mugulis\n|-singleturn|p1b: Iron Mugulis|move: Rage Powder\n|move|p2a: Archaludon|Electro Shot||[still]\n|-prepare|p2a: Archaludon|Electro Shot\n|-boost|p2a: Archaludon|spa|1\n|-anim|p2a: Archaludon|Electro Shot|p1b: Iron Mugulis\n|-resisted|p1b: Iron Mugulis|1\n|-damage|p1b: Iron Mugulis|47/100\n|-enditem|p1b: Iron Mugulis|Sitrus Berry|[eat]\n|-heal|p1b: Iron Mugulis|72/100|[from] item: Sitrus Berry\n|\n|-weather|RainDance|[upkeep]\n|upkeep\n|turn|5\n|\n|t:|1788221861\n|switch|p1b: Motorwash|Rotom-Wash, L50|100/100\n|move|p1a: Morganucodon|Protect|p1a: Morganucodon\n|-singleturn|p1a: Morganucodon|Protect\n|move|p2a: Archaludon|Electro Shot||[still]\n|-prepare|p2a: Archaludon|Electro Shot\n|-boost|p2a: Archaludon|spa|1\n|-anim|p2a: Archaludon|Electro Shot|p1a: Morganucodon\n|-activate|p1a: Morganucodon|move: Protect\n|move|p2b: Pelipper|Weather Ball|p1a: Morganucodon\n|-activate|p1a: Morganucodon|move: Protect\n|\n|-weather|none\n|-sideend|p2: sahhr|move: Light Screen\n|upkeep\n|turn|6\n|\n|t:|1788221892\n|switch|p2b: Sableye|Sableye, L50, M|100/100\n|move|p1a: Morganucodon|Tailwind|p1a: Morganucodon\n|-sidestart|p1: Luma Tactas|move: Tailwind\n|move|p1b: Motorwash|Thunderbolt|p2b: Sableye\n|-damage|p2b: Sableye|50/100g\n|move|p2a: Archaludon|Dragon Pulse|p1a: Morganucodon\n|-enditem|p1a: Morganucodon|Focus Sash\n|-damage|p1a: Morganucodon|1/100\n|\n|upkeep\n|turn|7\n|\n|t:|1788221921\n|switch|p1b: Iron Mugulis|Sinistcha, L50|72/100\n|-heal|p1a: Morganucodon|25/100|[from] ability: Hospitality|[of] p1b: Iron Mugulis\n|move|p1a: Morganucodon|Protect|p1a: Morganucodon\n|-singleturn|p1a: Morganucodon|Protect\n|move|p2b: Sableye|Rain Dance|p2b: Sableye\n|-weather|RainDance\n|move|p2a: Archaludon|Electro Shot||[still]\n|-prepare|p2a: Archaludon|Electro Shot\n|-boost|p2a: Archaludon|spa|1\n|-anim|p2a: Archaludon|Electro Shot|p1b: Iron Mugulis\n|-resisted|p1b: Iron Mugulis|1\n|-damage|p1b: Iron Mugulis|0 fnt\n|faint|p1b: Iron Mugulis\n|\n|-weather|RainDance|[upkeep]\n|upkeep\n|\n|t:|1788221934\n|switch|p1b: Ophelia|Gardevoir-Mega, L50, F, shiny|100/100\n|turn|8\n|\n|t:|1788221961\n|move|p1b: Ophelia|Protect|p1b: Ophelia\n|-singleturn|p1b: Ophelia|Protect\n|move|p2b: Sableye|Light Screen|p2b: Sableye\n|-sidestart|p2: sahhr|move: Light Screen\n|move|p1a: Morganucodon|Flare Blitz|p2b: Sableye\n|-damage|p2b: Sableye|21/100\n|-damage|p1a: Morganucodon|15/100|[from] Recoil\n|move|p2a: Archaludon|Flash Cannon|p1b: Ophelia\n|-activate|p1b: Ophelia|move: Protect\n|\n|-weather|RainDance|[upkeep]\n|upkeep\n|turn|9\n|\n|t:|1788222008\n|move|p1b: Ophelia|Protect||[still]\n|-fail|p1b: Ophelia\n|move|p2b: Sableye|Quash||[still]\n|-fail|p2b: Sableye\n|move|p1a: Morganucodon|Flare Blitz|p2b: Sableye\n|-damage|p2b: Sableye|0 fnt\n|faint|p2b: Sableye\n|-damage|p1a: Morganucodon|8/100|[from] Recoil\n|move|p2a: Archaludon|Flash Cannon|p1b: Ophelia\n|-supereffective|p1b: Ophelia|1\n|-damage|p1b: Ophelia|0 fnt\n|faint|p1b: Ophelia\n|\n|-weather|RainDance|[upkeep]\n|-sideend|p1: Luma Tactas|move: Tailwind\n|upkeep\n|-message|Luma Tactas forfeited.\n|\n|win|sahhr\n||Luma Tactas is ready for game 3.\n|l|‽sahhr\n|player|p2|\n|inactive|sahhr has 30 seconds to confirm battle start!\n|inactive|sahhr has 20 seconds to confirm battle start!\n|inactive|sahhr has 10 seconds to confirm battle start!\n|uhtml|next|Next: <a href=\"/battle-gen9championsvgc2026regmbbo3-2673617835\"><strong>Game 3 of 3</strong></a>\n","uploadtime":1788222405,"views":"1","formatid":"gen9championsvgc2026regmbbo3","rating":null,"private":0,"password":null}