{"id":"gen9championsvgc2026regmb-2674528677","format":"[Gen 9 Champions] VGC 2026 Reg M-B","players":["Azu Ocra","NOBLELAKOTA"],"log":"|j|☆Azu Ocra\n|j|☆NOBLELAKOTA\n|t:|1788370408\n|gametype|doubles\n|player|p1|Azu Ocra|266|1175\n|player|p2|NOBLELAKOTA|iris-gen5bw2|1173\n|gen|9\n|tier|[Gen 9 Champions] VGC 2026 Reg M-B\n|rated|\n|rule|Species Clause: Limit one of each Pokémon\n|rule|Item Clause: Limit 1 of each item\n|clearpoke\n|poke|p1|Charizard, L50, M|\n|poke|p1|Garchomp, L50, F|\n|poke|p1|Kingambit, L50, M|\n|poke|p1|Toxapex, L50, M|\n|poke|p1|Whimsicott, L50, M|\n|poke|p1|Basculegion, L50, M|\n|poke|p2|Goodra-Hisui, L50, F|\n|poke|p2|Basculegion, L50, M|\n|poke|p2|Tyranitar, L50, F|\n|poke|p2|Pelipper, L50, M|\n|poke|p2|Swampert, L50, F|\n|poke|p2|Aromatisse, L50, F|\n|teampreview|4\n|inactive|Battle timer is ON: inactive players will automatically lose when time's up. (requested by Azu Ocra)\nAzu Ocra rejected open team sheets.\n|\n|t:|1788370426\n|teamsize|p1|4\n|teamsize|p2|4\n|start\n|switch|p1a: Charizard|Charizard, L50, M|100/100\n|switch|p1b: Garchomp|Garchomp, L50, F|100/100\n|switch|p2a: Pelipper|Pelipper, L50, M|100/100\n|switch|p2b: Swampert|Swampert, L50, F|100/100\n|-weather|RainDance|[from] ability: Drizzle|[of] p2a: Pelipper\n|turn|1\n|\n|t:|1788370448\n|detailschange|p1a: Charizard|Charizard-Mega-Y, L50, M\n|-mega|p1a: Charizard|Charizard|Charizardite Y\n|-weather|SunnyDay|[from] ability: Drought|[of] p1a: Charizard\n|detailschange|p2b: Swampert|Swampert-Mega, L50, F\n|-mega|p2b: Swampert|Swampert|Swampertite\n|move|p1b: Garchomp|Earthquake|p2a: Pelipper|[spread] p2b\n|-immune|p1a: Charizard\n|-immune|p2a: Pelipper\n|-damage|p2b: Swampert|72/100\n|move|p1a: Charizard|Solar Beam||[still]\n|-prepare|p1a: Charizard|Solar Beam\n|-anim|p1a: Charizard|Solar Beam|p2b: Swampert\n|-supereffective|p2b: Swampert|2\n|-damage|p2b: Swampert|0 fnt\n|faint|p2b: Swampert\n|move|p2a: Pelipper|Rain Dance|p2a: Pelipper\n|-weather|RainDance\n|\n|-weather|RainDance|[upkeep]\n|upkeep\n|\n|t:|1788370461\n|switch|p2b: Basculegion|Basculegion, L50, M|100/100\n|turn|2\n|\n|t:|1788370475\n|switch|p1a: Kingambit|Kingambit, L50, M|100/100\n|move|p2b: Basculegion|Waterfall|p1b: Garchomp\n|-damage|p1b: Garchomp|32/100\n|-damage|p2b: Basculegion|87/100|[from] ability: Rough Skin|[of] p1b: Garchomp\n|-enditem|p1b: Garchomp|Sitrus Berry|[eat]\n|-heal|p1b: Garchomp|57/100|[from] item: Sitrus Berry\n|-damage|p2b: Basculegion|78/100|[from] item: Life Orb\n|move|p1b: Garchomp|Rock Slide|p2a: Pelipper|[spread] \n|-miss|p1b: Garchomp|p2a: Pelipper\n|-miss|p1b: Garchomp|p2b: Basculegion\n|move|p2a: Pelipper|Weather Ball|p1a: Kingambit\n|-damage|p1a: Kingambit|42/100\n|\n|-weather|RainDance|[upkeep]\n|upkeep\n|turn|3\n|inactive|NOBLELAKOTA has 30 seconds left.\n|\n|t:|1788370504\n|move|p1a: Kingambit|Sucker Punch|p2b: Basculegion\n|-supereffective|p2b: Basculegion|1\n|-damage|p2b: Basculegion|0 fnt\n|faint|p2b: Basculegion\n|move|p1b: Garchomp|Rock Slide|p2a: Pelipper\n|-supereffective|p2a: Pelipper|1\n|-damage|p2a: Pelipper|36/100\n|move|p2a: Pelipper|Tailwind|p2a: Pelipper\n|-sidestart|p2: NOBLELAKOTA|move: Tailwind\n|\n|-weather|RainDance|[upkeep]\n|upkeep\n|\n|t:|1788370507\n|switch|p2b: Goodra|Goodra-Hisui, L50, F|100/100\n|turn|4\n|\n|t:|1788370522\n|move|p1b: Garchomp|Protect|p1b: Garchomp\n|-singleturn|p1b: Garchomp|Protect\n|move|p2b: Goodra|Draco Meteor|p1b: Garchomp\n|-activate|p1b: Garchomp|move: Protect\n|move|p2a: Pelipper|Weather Ball|p1a: Kingambit\n|-damage|p1a: Kingambit|0 fnt\n|faint|p1a: Kingambit\n|\n|-weather|RainDance|[upkeep]\n|upkeep\n|\n|t:|1788370532\n|switch|p1a: Charizard|Charizard-Mega-Y, L50, M|100/100\n|-weather|SunnyDay|[from] ability: Drought|[of] p1a: Charizard\n|turn|5\n|\n|t:|1788370542\n|move|p2b: Goodra|Draco Meteor|p1b: Garchomp\n|-supereffective|p1b: Garchomp|1\n|-damage|p1b: Garchomp|0 fnt\n|-unboost|p2b: Goodra|spa|2\n|faint|p1b: Garchomp\n|move|p2a: Pelipper|Rain Dance|p2a: Pelipper\n|-weather|RainDance\n|move|p1a: Charizard|Weather Ball|p2b: Goodra\n|-resisted|p2b: Goodra|1\n|-damage|p2b: Goodra|79/100\n|\n|-weather|RainDance|[upkeep]\n|upkeep\n|\n|t:|1788370552\n|switch|p1b: Basculegion|Basculegion, L50, M|100/100\n|turn|6\n|inactive|NOBLELAKOTA has 30 seconds left.\n|\n|t:|1788370582\n|move|p1a: Charizard|Protect|p1a: Charizard\n|-singleturn|p1a: Charizard|Protect\n|move|p2b: Goodra|Shelter|p2b: Goodra\n|-boost|p2b: Goodra|def|2\n|move|p2a: Pelipper|Weather Ball|p1a: Charizard\n|-activate|p1a: Charizard|move: Protect\n|move|p1b: Basculegion|Last Respects|p2a: Pelipper\n|-damage|p2a: Pelipper|0 fnt\n|faint|p2a: Pelipper\n|-damage|p1b: Basculegion|90/100|[from] item: Life Orb\n|\n|-weather|RainDance|[upkeep]\n|-sideend|p2: NOBLELAKOTA|move: Tailwind\n|upkeep\n|turn|7\n|\n|t:|1788370605\n|move|p1a: Charizard|Weather Ball|p2b: Goodra\n|-resisted|p2b: Goodra|1\n|-damage|p2b: Goodra|62/100\n|move|p1b: Basculegion|Last Respects|p2b: Goodra\n|-damage|p2b: Goodra|12/100\n|-damage|p1b: Basculegion|80/100|[from] item: Life Orb\n|move|p2b: Goodra|Shelter|p2b: Goodra\n|-boost|p2b: Goodra|def|2\n|\n|-weather|RainDance|[upkeep]\n|upkeep\n|turn|8\n|-message|NOBLELAKOTA forfeited.\n|\n|win|Azu Ocra\n|raw|Azu Ocra's rating: 1175 &rarr; <strong>1200</strong><br />(+25 for winning)\n|raw|NOBLELAKOTA's rating: 1173 &rarr; <strong>1148</strong><br />(-25 for losing)\n|l|☆NOBLELAKOTA\n|player|p2|\n","uploadtime":1788370620,"views":"0","formatid":"gen9championsvgc2026regmb","rating":1148,"private":0,"password":null}