{"id":"gen9championsvgc2026regmb-2674467208","format":"[Gen 9 Champions] VGC 2026 Reg M-B","players":["gonegeb","anonymoususer13"],"log":"|j|☆gonegeb\n|j|☆anonymoususer13\n|t:|1788363238\n|gametype|doubles\n|player|p1|gonegeb|corbeau|1323\n|player|p2|anonymoususer13|iris|1313\n|gen|9\n|tier|[Gen 9 Champions] VGC 2026 Reg M-B\n|rated|\n|rule|Species Clause: Limit one of each Pokémon\n|rule|Item Clause: Limit 1 of each item\n|clearpoke\n|poke|p1|Lucario, L50, M|\n|poke|p1|Umbreon, L50, M, shiny|\n|poke|p1|Arcanine-Hisui, L50, M, shiny|\n|poke|p1|Ceruledge, L50, M|\n|poke|p1|Corviknight, L50, M|\n|poke|p1|Whimsicott, L50, F, shiny|\n|poke|p2|Farigiraf, L50, F, shiny|\n|poke|p2|Whimsicott, L50, F, shiny|\n|poke|p2|Blaziken, L50, M|\n|poke|p2|Metagross, L50, shiny|\n|poke|p2|Basculegion, L50, M|\n|poke|p2|Sneasler, L50, M|\n|teampreview|4\n|\n|t:|1788363285\n|teamsize|p1|4\n|teamsize|p2|4\n|start\n|switch|p1a: Arcanine|Arcanine-Hisui, L50, M, shiny|100/100\n|switch|p1b: Umbreon|Umbreon, L50, M, shiny|100/100\n|switch|p2a: Whimsicott|Whimsicott, L50, F, shiny|100/100\n|switch|p2b: Blaziken|Blaziken, L50, M|100/100\n|turn|1\n|\n|t:|1788363301\n|detailschange|p2b: Blaziken|Blaziken-Mega, L50, M\n|-mega|p2b: Blaziken|Blaziken|Blazikenite\n|move|p2a: Whimsicott|Moonblast|p1b: Umbreon\n|-supereffective|p1b: Umbreon|1\n|-damage|p1b: Umbreon|61/100\n|move|p1a: Arcanine|Head Smash|p2b: Blaziken\n|-damage|p2b: Blaziken|0 fnt\n|faint|p2b: Blaziken\n|move|p1b: Umbreon|Taunt|p2a: Whimsicott\n|-start|p2a: Whimsicott|move: Taunt\n|\n|-heal|p1b: Umbreon|67/100|[from] item: Leftovers\n|upkeep\n|\n|t:|1788363314\n|switch|p2b: Basculegion|Basculegion, L50, M|100/100\n|turn|2\n|c|☆gonegeb|thats so unfortunate how was it not faster\n|\n|t:|1788363330\n|move|p2b: Basculegion|Flip Turn|p1a: Arcanine\n|-supereffective|p1a: Arcanine|2\n|-enditem|p1a: Arcanine|Focus Sash\n|-damage|p1a: Arcanine|1/100\n|\n|t:|1788363334\n|switch|p2b: Sneasler|Sneasler, L50, M|100/100|[from] Flip Turn\n|move|p2a: Whimsicott|Moonblast|p1b: Umbreon\n|-supereffective|p1b: Umbreon|1\n|-damage|p1b: Umbreon|28/100\n|move|p1a: Arcanine|Flare Blitz|p2a: Whimsicott\n|-supereffective|p2a: Whimsicott|1\n|-enditem|p2a: Whimsicott|Focus Sash\n|-damage|p2a: Whimsicott|1/100\n|move|p1b: Umbreon|Foul Play|p2b: Sneasler\n|-resisted|p2b: Sneasler|1\n|-damage|p2b: Sneasler|54/100\n|\n|-heal|p1b: Umbreon|34/100|[from] item: Leftovers\n|upkeep\n|turn|3\n|\n|t:|1788363351\n|switch|p1b: Ceruledge|Ceruledge, L50, M|100/100\n|move|p2b: Sneasler|Protect|p2b: Sneasler\n|-singleturn|p2b: Sneasler|Protect\n|move|p1a: Arcanine|Protect|p1a: Arcanine\n|-singleturn|p1a: Arcanine|Protect\n|move|p2a: Whimsicott|Moonblast|p1b: Ceruledge\n|-resisted|p1b: Ceruledge|1\n|-damage|p1b: Ceruledge|86/100\n|\n|upkeep\n|turn|4\n|\n|t:|1788363384\n|move|p1a: Arcanine|Extreme Speed|p2a: Whimsicott\n|-damage|p2a: Whimsicott|0 fnt\n|faint|p2a: Whimsicott\n|move|p2b: Sneasler|Close Combat|p1a: Arcanine\n|-supereffective|p1a: Arcanine|1\n|-damage|p1a: Arcanine|0 fnt\n|-unboost|p2b: Sneasler|def|1\n|-unboost|p2b: Sneasler|spd|1\n|faint|p1a: Arcanine\n|-enditem|p2b: Sneasler|White Herb\n|-clearnegativeboost|p2b: Sneasler|[silent]\n|move|p1b: Ceruledge|Swords Dance|p1b: Ceruledge\n|-boost|p1b: Ceruledge|atk|2\n|\n|upkeep\n|\n|t:|1788363396\n|switch|p2a: Basculegion|Basculegion, L50, M|100/100\n|switch|p1a: Corviknight|Corviknight, L50, M|100/100\n|turn|5\n|\n|t:|1788363419\n|move|p1b: Ceruledge|Shadow Sneak|p2a: Basculegion\n|-supereffective|p2a: Basculegion|1\n|-damage|p2a: Basculegion|19/100\n|move|p2b: Sneasler|Close Combat|p1a: Corviknight\n|-damage|p1a: Corviknight|58/100\n|-unboost|p2b: Sneasler|def|1\n|-unboost|p2b: Sneasler|spd|1\n|move|p2a: Basculegion|Wave Crash|p1b: Ceruledge\n|-supereffective|p1b: Ceruledge|1\n|-damage|p1b: Ceruledge|0 fnt\n|faint|p1b: Ceruledge\n|-damage|p2a: Basculegion|0 fnt|[from] Recoil\n|faint|p2a: Basculegion\n|move|p1a: Corviknight|Brave Bird|p2b: Sneasler\n|-supereffective|p2b: Sneasler|1\n|-damage|p2b: Sneasler|0 fnt\n|faint|p2b: Sneasler\n|-damage|p1a: Corviknight|44/100|[from] Recoil\n|\n|win|gonegeb\n|raw|gonegeb's rating: 1323 &rarr; <strong>1342</strong><br />(+19 for winning)\n|raw|anonymoususer13's rating: 1313 &rarr; <strong>1294</strong><br />(-19 for losing)\n|l|☆anonymoususer13\n|player|p2|\n","uploadtime":1788363434,"views":"1","formatid":"gen9championsvgc2026regmb","rating":1294,"private":0,"password":null}