{"id":"gen9championsvgc2026regmb-2674258961","format":"[Gen 9 Champions] VGC 2026 Reg M-B","players":["korfle","Thornlace48812"],"log":"|j|☆korfle\n|j|☆Thornlace48812\n|t:|1788325291\n|gametype|doubles\n|player|p1|korfle|youngcouple|1125\n|player|p2|Thornlace48812|1|1142\n|gen|9\n|tier|[Gen 9 Champions] VGC 2026 Reg M-B\n|rated|\n|rule|Species Clause: Limit one of each Pokémon\n|rule|Item Clause: Limit 1 of each item\n|clearpoke\n|poke|p1|Lucario, L50, M|\n|poke|p1|Crabominable, L50, M|\n|poke|p1|Sneasler, L50, M|\n|poke|p1|Tauros-Paldea-Aqua, L50, M|\n|poke|p1|Gallade, L50, M|\n|poke|p1|Heracross, L50, F|\n|poke|p2|Garchomp, L50, F|\n|poke|p2|Charizard, L50, F|\n|poke|p2|Whimsicott, L50, F|\n|poke|p2|Sylveon, L50, F|\n|poke|p2|Kingambit, L50, F|\n|poke|p2|Basculegion, L50, M|\n|teampreview|4\n|inactive|Battle timer is ON: inactive players will automatically lose when time's up. (requested by Thornlace48812)\nThornlace48812 rejected open team sheets.\n|\n|t:|1788325306\n|teamsize|p1|4\n|teamsize|p2|4\n|start\n|switch|p1a: Sneasler|Sneasler, L50, M|100/100\n|switch|p1b: Tauros|Tauros-Paldea-Aqua, L50, M|100/100\n|switch|p2a: Charizard|Charizard, L50, F|100/100\n|switch|p2b: Kingambit|Kingambit, L50, F|100/100\n|turn|1\n|\n|t:|1788325312\n|move|p2a: Charizard|Protect|p2a: Charizard\n|-singleturn|p2a: Charizard|Protect\n|move|p1a: Sneasler|Fake Out|p2a: Charizard\n|-activate|p2a: Charizard|move: Protect\n|move|p1b: Tauros|Trailblaze|p2b: Kingambit\n|-resisted|p2b: Kingambit|1\n|-damage|p2b: Kingambit|92/100\n|-boost|p1b: Tauros|spe|1\n|move|p2b: Kingambit|Iron Head|p1a: Sneasler\n|-damage|p1a: Sneasler|21/100\n|\n|upkeep\n|turn|2\n|\n|t:|1788325327\n|detailschange|p2a: Charizard|Charizard-Mega-Y, L50, F\n|-mega|p2a: Charizard|Charizard|Charizardite Y\n|-weather|SunnyDay|[from] ability: Drought|[of] p2a: Charizard\n|move|p1b: Tauros|Wild Charge|p2a: Charizard\n|-supereffective|p2a: Charizard|1\n|-damage|p2a: Charizard|31/100\n|-damage|p1b: Tauros|83/100|[from] Recoil\n|move|p1a: Sneasler|Coaching|p1b: Tauros\n|-boost|p1b: Tauros|atk|1\n|-boost|p1b: Tauros|def|1\n|move|p2a: Charizard|Heat Wave|p1a: Sneasler|[spread] p1a,p1b\n|-resisted|p1b: Tauros|1\n|-damage|p1a: Sneasler|0 fnt\n|-damage|p1b: Tauros|42/100\n|-enditem|p1b: Tauros|Sitrus Berry|[eat]\n|-heal|p1b: Tauros|67/100|[from] item: Sitrus Berry\n|faint|p1a: Sneasler\n|move|p2b: Kingambit|Kowtow Cleave|p1b: Tauros\n|-resisted|p1b: Tauros|1\n|-damage|p1b: Tauros|47/100\n|\n|-weather|SunnyDay|[upkeep]\n|upkeep\n|\n|t:|1788325346\n|switch|p1a: Crabominable|Crabominable, L50, M|100/100\n|turn|3\n|\n|t:|1788325357\n|move|p2b: Kingambit|Sucker Punch|p1b: Tauros\n|-resisted|p1b: Tauros|1\n|-damage|p1b: Tauros|31/100\n|move|p1a: Crabominable|Mach Punch|p2b: Kingambit\n|-supereffective|p2b: Kingambit|2\n|-damage|p2b: Kingambit|17/100\n|move|p1b: Tauros|Wild Charge|p2a: Charizard\n|-supereffective|p2a: Charizard|1\n|-damage|p2a: Charizard|0 fnt\n|faint|p2a: Charizard\n|-damage|p1b: Tauros|23/100|[from] Recoil\n|\n|-weather|SunnyDay|[upkeep]\n|-activate|p1b: Tauros|ability: Cud Chew\n|-enditem|p1b: Tauros|Sitrus Berry|[eat]\n|-heal|p1b: Tauros|48/100|[from] item: Sitrus Berry\n|upkeep\n|\n|t:|1788325357\n|switch|p2a: Sylveon|Sylveon, L50, F|100/100\n|turn|4\n|inactive|korfle has 30 seconds left.\n|inactive|korfle has 20 seconds left.\n|inactive|korfle has 15 seconds left.\n|inactive|korfle has 10 seconds left.\n|\n|t:|1788325406\n|detailschange|p1a: Crabominable|Crabominable-Mega, L50, M\n|-mega|p1a: Crabominable|Crabominable|Crabominite\n|move|p2b: Kingambit|Sucker Punch|p1b: Tauros\n|-resisted|p1b: Tauros|1\n|-damage|p1b: Tauros|32/100\n|move|p1b: Tauros|Liquidation|p2a: Sylveon\n|-damage|p2a: Sylveon|60/100\n|move|p2a: Sylveon|Hyper Voice|p1a: Crabominable|[spread] p1a,p1b\n|-supereffective|p1a: Crabominable|1\n|-supereffective|p1b: Tauros|1\n|-damage|p1a: Crabominable|26/100\n|-damage|p1b: Tauros|0 fnt\n|faint|p1b: Tauros\n|move|p1a: Crabominable|Drain Punch|p2a: Sylveon\n|-resisted|p2a: Sylveon|1\n|-damage|p2a: Sylveon|23/100\n|-heal|p1a: Crabominable|44/100|[from] drain|[of] p2a: Sylveon\n|\n|-weather|SunnyDay|[upkeep]\n|upkeep\n|\n|t:|1788325424\n|switch|p1b: Heracross|Heracross, L50, F|100/100\n|turn|5\n|\n|t:|1788325440\n|move|p1a: Crabominable|Mach Punch|p2b: Kingambit\n|-supereffective|p2b: Kingambit|2\n|-damage|p2b: Kingambit|0 fnt\n|faint|p2b: Kingambit\n|-end|p2b: Kingambit|fallenundefined|[silent]\n|move|p1b: Heracross|Throat Chop|p2a: Sylveon\n|-resisted|p2a: Sylveon|1\n|-damage|p2a: Sylveon|5/100\n|-start|p2a: Sylveon|Throat Chop|[silent]\n|cant|p2a: Sylveon|move: Throat Chop\n|\n|-weather|SunnyDay|[upkeep]\n|upkeep\n|\n|t:|1788325440\n|switch|p2b: Basculegion|Basculegion, L50, M|100/100\n|turn|6\n|\n|t:|1788325458\n|move|p1a: Crabominable|Mach Punch|p2a: Sylveon\n|-resisted|p2a: Sylveon|1\n|-damage|p2a: Sylveon|0 fnt\n|faint|p2a: Sylveon\n|move|p1b: Heracross|Throat Chop|p2b: Basculegion\n|-supereffective|p2b: Basculegion|1\n|-damage|p2b: Basculegion|27/100\n|-start|p2b: Basculegion|Throat Chop|[silent]\n|move|p2b: Basculegion|Last Respects|p1a: Crabominable\n|-damage|p1a: Crabominable|0 fnt\n|faint|p1a: Crabominable\n|\n|-weather|none\n|upkeep\n|turn|7\n|\n|t:|1788325470\n|move|p1b: Heracross|Throat Chop|p2b: Basculegion\n|-supereffective|p2b: Basculegion|1\n|-damage|p2b: Basculegion|0 fnt\n|faint|p2b: Basculegion\n|\n|win|korfle\n|raw|korfle's rating: 1125 &rarr; <strong>1147</strong><br />(+22 for winning)\n|raw|Thornlace48812's rating: 1087 &rarr; <strong>1066</strong><br />(-21 for losing)\n","uploadtime":1788325470,"views":"0","formatid":"gen9championsvgc2026regmb","rating":1066,"private":0,"password":null}