{"id":"gen9championsvgc2026regmbbo3-2674373575","format":"[Gen 9 Champions] VGC 2026 Reg M-B (Bo3)","players":["chawieeee","IBstudios"],"log":"|j|☆chawieeee\n|j|☆IBstudios\n|html|<table width=\"100%\"><tr><td align=\"left\">chawieeee</td><td align=\"right\">IBstudios</tr><tr><td align=\"left\"><i class=\"fa fa-circle-o\"></i> <i class=\"fa fa-circle-o\"></i> </td><td align=\"right\"><i class=\"fa fa-circle-o\"></i> <i class=\"fa fa-circle-o\"></i> </tr></table>\n|uhtml|bestof|<h2><strong>Game 1</strong> of <a href=\"/game-bestof3-gen9championsvgc2026regmbbo3-2674373574\">a best-of-3</a></h2>\n|t:|1788350998\n|gametype|doubles\n|player|p1|chawieeee|2|1243\n|player|p2|IBstudios|266|1297\n|gen|9\n|tier|[Gen 9 Champions] VGC 2026 Reg M-B (Bo3)\n|rated|\n|rule|Species Clause: Limit one of each Pokémon\n|rule|Item Clause: Limit 1 of each item\n|clearpoke\n|poke|p1|Gyarados, L50, F|\n|poke|p1|Sinistcha, L50|\n|poke|p1|Incineroar, L50, F|\n|poke|p1|Sneasler, L50, M|\n|poke|p1|Gholdengo, L50|\n|poke|p1|Vanilluxe, L50, M|\n|poke|p2|Incineroar, L50, M|\n|poke|p2|Dragonite, L50, F|\n|poke|p2|Metagross, L50|\n|poke|p2|Sneasler, L50, M|\n|poke|p2|Primarina, L50, F|\n|poke|p2|Sinistcha-Masterpiece, L50|\n|teampreview|4\n|showteam|p1|Gyarados||Gyaradosite|Intimidate|Waterfall,Crunch,Protect,DragonDance|Adamant||F|||50|]Sinistcha||SitrusBerry|Hospitality|MatchaGotcha,Protect,RagePowder,TrickRoom|Calm|||||50|]Incineroar||ChopleBerry|Intimidate|FakeOut,FlareBlitz,PartingShot,ThroatChop|Adamant||F|||50|]Sneasler||WhiteHerb|Unburden|FakeOut,CloseCombat,DireClaw,Protect|Jolly||M|||50|]Gholdengo||LifeOrb|GoodasGold|NastyPlot,Protect,MakeItRain,ShadowBall|Modest|||||50|]Vanilluxe||ChoiceScarf|SnowWarning|Blizzard,IceBeam,FreezeDry,IcyWind|Timid||M|||50|\n|showteam|p2|Incineroar||SitrusBerry|Intimidate|FakeOut,FlareBlitz,ThroatChop,PartingShot|Adamant||M|||50|]Dragonite||Dragoninite|Multiscale|DragonPulse,HeatWave,Tailwind,Protect|Modest||F|||50|]Metagross||Metagrossite|ClearBody|PsychicFangs,BulletPunch,BodyPress,Protect|Jolly|||||50|]Sneasler||FocusSash|PoisonTouch|CloseCombat,PoisonJab,FakeOut,Protect|Jolly||M|||50|]Primarina||LifeOrb|LiquidVoice|HyperVoice,Moonblast,CalmMind,Protect|Modest||F|||50|]Sinistcha-Masterpiece||KasibBerry|Hospitality|MatchaGotcha,TrickRoom,RagePowder,Protect|Bold|||||50|\n|inactive|Battle timer is ON: inactive players will automatically lose when time's up. (requested by chawieeee)\n|\n|t:|1788351023\n|teamsize|p1|4\n|teamsize|p2|4\n|start\n|switch|p1a: Sneasler|Sneasler, L50, M|100/100\n|switch|p1b: Gholdengo|Gholdengo, L50|100/100\n|switch|p2a: Metagross|Metagross, L50|100/100\n|switch|p2b: Sneasler|Sneasler, L50, M|100/100\n|turn|1\n|inactive|chawieeee has 30 seconds left.\n|inactive|IBstudios has 30 seconds left.\n|\n|t:|1788351051\n|switch|p2b: Incineroar|Incineroar, L50, M|100/100\n|-ability|p2b: Incineroar|Intimidate|boost\n|-unboost|p1a: Sneasler|atk|1\n|-unboost|p1b: Gholdengo|atk|1\n|-enditem|p1a: Sneasler|White Herb\n|-clearnegativeboost|p1a: Sneasler|[silent]\n|move|p2a: Metagross|Protect|p2a: Metagross\n|-singleturn|p2a: Metagross|Protect\n|move|p1a: Sneasler|Fake Out|p2b: Incineroar\n|-damage|p2b: Incineroar|87/100\n|move|p1b: Gholdengo|Nasty Plot|p1b: Gholdengo\n|-boost|p1b: Gholdengo|spa|2\n|\n|upkeep\n|turn|2\n|\n|t:|1788351076\n|switch|p2b: Sneasler|Sneasler, L50, M|100/100\n|detailschange|p2a: Metagross|Metagross-Mega, L50\n|-mega|p2a: Metagross|Metagross|Metagrossite\n|move|p1a: Sneasler|Close Combat|p2b: Sneasler\n|-resisted|p2b: Sneasler|1\n|-crit|p2b: Sneasler\n|-damage|p2b: Sneasler|24/100\n|-unboost|p1a: Sneasler|def|1\n|-unboost|p1a: Sneasler|spd|1\n|move|p2a: Metagross|Psychic Fangs|p1a: Sneasler\n|-supereffective|p1a: Sneasler|2\n|-damage|p1a: Sneasler|0 fnt\n|faint|p1a: Sneasler\n|move|p1b: Gholdengo|Shadow Ball|p2a: Metagross\n|-supereffective|p2a: Metagross|1\n|-damage|p2a: Metagross|0 fnt\n|faint|p2a: Metagross\n|-damage|p1b: Gholdengo|90/100|[from] item: Life Orb\n|\n|upkeep\n|\n|t:|1788351095\n|switch|p1a: Gyarados|Gyarados, L50, F|100/100\n|switch|p2a: Incineroar|Incineroar, L50, M|87/100\n|-ability|p1a: Gyarados|Intimidate|boost\n|-unboost|p2a: Incineroar|atk|1\n|-unboost|p2b: Sneasler|atk|1\n|-ability|p2a: Incineroar|Intimidate|boost\n|-unboost|p1a: Gyarados|atk|1\n|-unboost|p1b: Gholdengo|atk|1\n|turn|3\n|\n|t:|1788351116\n|switch|p1a: Vanilluxe|Vanilluxe, L50, M|100/100\n|-weather|Snowscape|[from] ability: Snow Warning|[of] p1a: Vanilluxe\n|move|p2b: Sneasler|Fake Out|p1a: Vanilluxe\n|-damage|p1a: Vanilluxe|90/100\n|move|p1b: Gholdengo|Shadow Ball|p2b: Sneasler\n|-crit|p2b: Sneasler\n|-damage|p2b: Sneasler|0 fnt\n|faint|p2b: Sneasler\n|-damage|p1b: Gholdengo|80/100|[from] item: Life Orb\n|move|p2a: Incineroar|Flare Blitz|p1b: Gholdengo\n|-supereffective|p1b: Gholdengo|1\n|-damage|p1b: Gholdengo|8/100\n|-damage|p2a: Incineroar|64/100|[from] Recoil\n|\n|-weather|Snowscape|[upkeep]\n|upkeep\n|\n|t:|1788351125\n|switch|p2b: Primarina|Primarina, L50, F|100/100\n|turn|4\n|\n|t:|1788351142\n|move|p2b: Primarina|Protect|p2b: Primarina\n|-singleturn|p2b: Primarina|Protect\n|move|p1a: Vanilluxe|Freeze-Dry|p2b: Primarina\n|-activate|p2b: Primarina|move: Protect\n|move|p1b: Gholdengo|Make It Rain|p2a: Incineroar|[spread] p2a\n|-activate|p2b: Primarina|move: Protect\n|-resisted|p2a: Incineroar|1\n|-damage|p2a: Incineroar|9/100\n|-unboost|p1b: Gholdengo|spa|2\n|-enditem|p2a: Incineroar|Sitrus Berry|[eat]\n|-heal|p2a: Incineroar|34/100|[from] item: Sitrus Berry\n|-damage|p1b: Gholdengo|0 fnt|[from] item: Life Orb\n|faint|p1b: Gholdengo\n|move|p2a: Incineroar|Flare Blitz|p1a: Vanilluxe\n|-supereffective|p1a: Vanilluxe|1\n|-damage|p1a: Vanilluxe|20/100y\n|-damage|p2a: Incineroar|17/100|[from] Recoil\n|\n|-weather|Snowscape|[upkeep]\n|upkeep\n|\n|t:|1788351158\n|switch|p1b: Gyarados|Gyarados, L50, F|100/100\n|-ability|p1b: Gyarados|Intimidate|boost\n|-unboost|p2a: Incineroar|atk|1\n|-unboost|p2b: Primarina|atk|1\n|turn|5\n|\n|t:|1788351177\n|move|p1a: Vanilluxe|Freeze-Dry|p2b: Primarina\n|-supereffective|p2b: Primarina|1\n|-damage|p2b: Primarina|38/100\n|move|p1b: Gyarados|Waterfall|p2b: Primarina\n|-resisted|p2b: Primarina|1\n|-damage|p2b: Primarina|16/100\n|cant|p2b: Primarina|flinch\n|move|p2a: Incineroar|Flare Blitz|p1a: Vanilluxe\n|-supereffective|p1a: Vanilluxe|1\n|-damage|p1a: Vanilluxe|0 fnt\n|faint|p1a: Vanilluxe\n|-damage|p2a: Incineroar|12/100|[from] Recoil\n|\n|-weather|Snowscape|[upkeep]\n|upkeep\n|turn|6\n|\n|t:|1788351195\n|detailschange|p1b: Gyarados|Gyarados-Mega, L50, F\n|-mega|p1b: Gyarados|Gyarados|Gyaradosite\n|-ability|p1b: Gyarados|Mold Breaker\n|move|p2b: Primarina|Protect|p2b: Primarina\n|-singleturn|p2b: Primarina|Protect\n|move|p1b: Gyarados|Waterfall|p2b: Primarina\n|-activate|p2b: Primarina|move: Protect\n|move|p2a: Incineroar|Throat Chop|p1b: Gyarados\n|-resisted|p1b: Gyarados|1\n|-damage|p1b: Gyarados|92/100\n|-start|p1b: Gyarados|Throat Chop|[silent]\n|\n|-weather|Snowscape|[upkeep]\n|upkeep\n|turn|7\n|\n|t:|1788351216\n|move|p2b: Primarina|Protect||[still]\n|-fail|p2b: Primarina\n|move|p1b: Gyarados|Waterfall|p2b: Primarina\n|-resisted|p2b: Primarina|1\n|-damage|p2b: Primarina|0 fnt\n|faint|p2b: Primarina\n|move|p2a: Incineroar|Parting Shot|p1b: Gyarados\n|-unboost|p1b: Gyarados|atk|1\n|-unboost|p1b: Gyarados|spa|1\n|\n|-weather|none\n|-end|p1b: Gyarados|Throat Chop|[silent]\n|upkeep\n|turn|8\n|\n|t:|1788351222\n|move|p1b: Gyarados|Waterfall|p2a: Incineroar\n|-supereffective|p2a: Incineroar|1\n|-damage|p2a: Incineroar|0 fnt\n|faint|p2a: Incineroar\n|\n|win|chawieeee\n||IBstudios is ready for game 2.\n||chawieeee is ready for game 2.\n|uhtml|next|Next: <a href=\"/battle-gen9championsvgc2026regmbbo3-2674374925\"><strong>Game 2 of 3</strong></a>\n","uploadtime":1788351878,"views":"2","formatid":"gen9championsvgc2026regmbbo3","rating":null,"private":0,"password":null}