{"id":"gen9championsvgc2026regmbbo3-2673866031","format":"[Gen 9 Champions] VGC 2026 Reg M-B (Bo3)","players":["Sleator999","prod_axel"],"log":"|j|☆Sleator999\n|j|☆prod_axel\n|html|<table width=\"100%\"><tr><td align=\"left\">Sleator999</td><td align=\"right\">prod_axel</tr><tr><td align=\"left\"><i class=\"fa fa-circle-o\"></i> <i class=\"fa fa-circle-o\"></i> </td><td align=\"right\"><i class=\"fa fa-circle-o\"></i> <i class=\"fa fa-circle\"></i> </tr></table>\n|uhtml|bestof|<h2><strong>Game 2</strong> of <a href=\"/game-bestof3-gen9championsvgc2026regmbbo3-2673864006\">a best-of-3</a></h2>\n|t:|1788270524\n|gametype|doubles\n|player|p1|Sleator999|fisherman-gen4|1220\n|player|p2|prod_axel|unknown|1313\n|gen|9\n|tier|[Gen 9 Champions] VGC 2026 Reg M-B (Bo3)\n|rated|\n|rule|Species Clause: Limit one of each Pokémon\n|rule|Item Clause: Limit 1 of each item\n|clearpoke\n|poke|p1|Palafin, L50, M|\n|poke|p1|Incineroar, L50, F|\n|poke|p1|Mawile, L50, M|\n|poke|p1|Farigiraf, L50, M|\n|poke|p1|Pelipper, L50, M|\n|poke|p1|Meganium, L50, F|\n|poke|p2|Dragonite, L50, F|\n|poke|p2|Sneasler, L50, M|\n|poke|p2|Basculegion, L50, M|\n|poke|p2|Kingambit, L50, M|\n|poke|p2|Garchomp, L50, F|\n|poke|p2|Floette-Eternal, L50, F|\n|teampreview|4\n|showteam|p1|Palafin||MysticWater|ZerotoHero|FlipTurn,JetPunch,WaveCrash,Protect|Adamant||M|||50|]Incineroar||SitrusBerry|Intimidate|FakeOut,FlareBlitz,DarkestLariat,PartingShot|Adamant||F|||50|]Mawile||Mawilite|Intimidate|BrickBreak,PlayRough,IronHead,Protect|Adamant||M|||50|]Farigiraf||MentalHerb|ArmorTail|TrickRoom,HelpingHand,Protect,Psychic|Bold||M|||50|]Pelipper||FocusSash|Drizzle|Hurricane,Tailwind,WideGuard,HydroPump|Timid||M|||50|]Meganium||Meganiumite|Overgrow|SolarBeam,DazzlingGleam,WeatherBall,Protect|Timid||F|||50|\n|showteam|p2|Dragonite||Dragoninite|Multiscale|DragonPulse,HeatWave,ExtremeSpeed,Protect|Modest||F|||50|]Sneasler||FocusSash|PoisonTouch|CloseCombat,DireClaw,FakeOut,Feint|Jolly||M|||50|]Basculegion||LifeOrb|Adaptability|WaveCrash,LastRespects,AquaJet,Protect|Adamant||M|||50|]Kingambit||ChopleBerry|Defiant|SuckerPunch,KowtowCleave,LowKick,IronHead|Adamant||M|||50|]Garchomp||ChoiceScarf|RoughSkin|DragonClaw,StompingTantrum,Earthquake,RockSlide|Adamant||F|||50|]Floette-Eternal||Floettite|FlowerVeil|Moonblast,DazzlingGleam,LightofRuin,Protect|Timid||F|||50|\n|inactive|Battle timer is ON: inactive players will automatically lose when time's up. (requested by Sleator999)\n|inactive|prod_axel also wants the timer to be on.\n|inactive|prod_axel has 60 seconds left.\n|\n|t:|1788270570\n|teamsize|p1|4\n|teamsize|p2|4\n|start\n|switch|p1a: Meganium|Meganium, L50, F|100/100\n|switch|p1b: Pelipper|Pelipper, L50, M|100/100\n|switch|p2a: Kingambit|Kingambit, L50, M|100/100\n|switch|p2b: Sneasler|Sneasler, L50, M|100/100\n|-weather|RainDance|[from] ability: Drizzle|[of] p1b: Pelipper\n|turn|1\n|inactive|Sleator999 has 30 seconds left.\n|inactive|Sleator999 has 20 seconds left.\n|inactive|Sleator999 has 15 seconds left.\n|inactive|prod_axel has 30 seconds left.\n|inactive|Sleator999 has 10 seconds left.\n|inactive|Sleator999 has 5 seconds left.\n|inactive|prod_axel has 20 seconds left.\n|\n|t:|1788270622\n|switch|p1a: Farigiraf|Farigiraf, L50, M|100/100\n|move|p2b: Sneasler|Fake Out||[still]\n|cant|p1a: Farigiraf|ability: Armor Tail|Fake Out|[of] p2b: Sneasler\n|move|p1b: Pelipper|Hurricane|p2b: Sneasler\n|-supereffective|p2b: Sneasler|1\n|-enditem|p2b: Sneasler|Focus Sash\n|-damage|p2b: Sneasler|1/100\n|move|p2a: Kingambit|Kowtow Cleave|p1b: Pelipper\n|-damage|p1b: Pelipper|43/100\n|\n|-weather|RainDance|[upkeep]\n|upkeep\n|turn|2\n|inactive|Sleator999 has 30 seconds left.\n|inactive|prod_axel has 30 seconds left.\n|\n|t:|1788270655\n|move|p2b: Sneasler|Close Combat|p1a: Farigiraf\n|-damage|p1a: Farigiraf|52/100\n|-unboost|p2b: Sneasler|def|1\n|-unboost|p2b: Sneasler|spd|1\n|move|p1b: Pelipper|Hydro Pump|p2a: Kingambit\n|-damage|p2a: Kingambit|44/100\n|move|p2a: Kingambit|Kowtow Cleave|p1b: Pelipper\n|-damage|p1b: Pelipper|0 fnt\n|faint|p1b: Pelipper\n|move|p1a: Farigiraf|Trick Room|p1a: Farigiraf\n|-fieldstart|move: Trick Room|[of] p1a: Farigiraf\n|\n|-weather|RainDance|[upkeep]\n|upkeep\n|\n|t:|1788270669\n|switch|p1b: Palafin|Palafin, L50, M|100/100\n|turn|3\n|\n|t:|1788270682\n|switch|p2b: Dragonite|Dragonite, L50, F|100/100\n|move|p2a: Kingambit|Kowtow Cleave|p1a: Farigiraf\n|-supereffective|p1a: Farigiraf|1\n|-damage|p1a: Farigiraf|0 fnt\n|faint|p1a: Farigiraf\n|move|p1b: Palafin|Flip Turn|p2a: Kingambit\n|-damage|p2a: Kingambit|14/100\n|\n|t:|1788270691\n|detailschange|p1b: Palafin|Palafin-Hero, L50, M\n|switch|p1b: Meganium|Meganium, L50, F|100/100|[from] Flip Turn\n|\n|-weather|RainDance|[upkeep]\n|upkeep\n|\n|t:|1788270694\n|switch|p1a: Palafin|Palafin-Hero, L50, M|100/100\n|-activate|p1a: Palafin|ability: Zero to Hero\n|turn|4\n|\n|t:|1788270718\n|detailschange|p1b: Meganium|Meganium-Mega, L50, F\n|-mega|p1b: Meganium|Meganium|Meganiumite\n|move|p1a: Palafin|Protect|p1a: Palafin\n|-singleturn|p1a: Palafin|Protect\n|move|p2b: Dragonite|Protect|p2b: Dragonite\n|-singleturn|p2b: Dragonite|Protect\n|move|p2a: Kingambit|Sucker Punch|p1b: Meganium\n|-resisted|p1b: Meganium|1\n|-damage|p1b: Meganium|82/100\n|move|p1b: Meganium|Dazzling Gleam|p2b: Dragonite|[spread] p2a\n|-activate|p2b: Dragonite|move: Protect\n|-damage|p2a: Kingambit|0 fnt\n|faint|p2a: Kingambit\n|\n|-weather|RainDance|[upkeep]\n|upkeep\n|\n|t:|1788270721\n|switch|p2a: Sneasler|Sneasler, L50, M|1/100\n|turn|5\n|\n|t:|1788270740\n|detailschange|p2b: Dragonite|Dragonite-Mega, L50, F\n|-mega|p2b: Dragonite|Dragonite|Dragoninite\n|move|p2a: Sneasler|Fake Out|p1b: Meganium\n|-damage|p1b: Meganium|70/100\n|move|p1a: Palafin|Jet Punch|p2a: Sneasler\n|-damage|p2a: Sneasler|0 fnt\n|faint|p2a: Sneasler\n|cant|p1b: Meganium|flinch\n|move|p2b: Dragonite|Dragon Pulse|p1a: Palafin\n|-damage|p1a: Palafin|45/100\n|\n|-weather|none\n|upkeep\n|\n|t:|1788270746\n|switch|p2a: Basculegion|Basculegion, L50, M|100/100\n|turn|6\n|inactive|Sleator999 has 30 seconds left.\n|\n|t:|1788270773\n|move|p2a: Basculegion|Protect|p2a: Basculegion\n|-singleturn|p2a: Basculegion|Protect\n|move|p2b: Dragonite|Protect|p2b: Dragonite\n|-singleturn|p2b: Dragonite|Protect\n|move|p1a: Palafin|Jet Punch|p2b: Dragonite\n|-activate|p2b: Dragonite|move: Protect\n|move|p1b: Meganium|Dazzling Gleam|p2a: Basculegion|[spread] \n|-activate|p2a: Basculegion|move: Protect\n|-activate|p2b: Dragonite|move: Protect\n|\n|-fieldend|move: Trick Room\n|upkeep\n|turn|7\n|\n|t:|1788270785\n|move|p1a: Palafin|Jet Punch|p2b: Dragonite\n|-resisted|p2b: Dragonite|1\n|-damage|p2b: Dragonite|88/100\n|move|p2b: Dragonite|Heat Wave|p1b: Meganium|[spread] p1a,p1b\n|-resisted|p1a: Palafin|1\n|-supereffective|p1b: Meganium|1\n|-damage|p1a: Palafin|32/100\n|-damage|p1b: Meganium|13/100\n|-status|p1a: Palafin|brn\n|move|p1b: Meganium|Solar Beam||[still]\n|-prepare|p1b: Meganium|Solar Beam\n|-activate|p1b: Meganium|ability: Mega Sol\n|-anim|p1b: Meganium|Solar Beam|p2a: Basculegion\n|-supereffective|p2a: Basculegion|1\n|-damage|p2a: Basculegion|0 fnt\n|faint|p2a: Basculegion\n|\n|-damage|p1a: Palafin|26/100 brn|[from] brn\n|upkeep\n|turn|8\n|\n|t:|1788270805\n|move|p2b: Dragonite|Extreme Speed|p1b: Meganium\n|-damage|p1b: Meganium|0 fnt\n|faint|p1b: Meganium\n|move|p1a: Palafin|Wave Crash|p2b: Dragonite\n|-resisted|p2b: Dragonite|1\n|-crit|p2b: Dragonite\n|-damage|p2b: Dragonite|53/100\n|-damage|p1a: Palafin|16/100 brn|[from] Recoil\n|\n|-damage|p1a: Palafin|10/100 brn|[from] brn\n|upkeep\n|turn|9\n|\n|t:|1788270812\n|move|p2b: Dragonite|Extreme Speed|p1a: Palafin\n|-damage|p1a: Palafin|0 fnt\n|faint|p1a: Palafin\n|\n|win|prod_axel\n|raw|Sleator999's rating: 1220 &rarr; <strong>1202</strong><br />(-18 for losing)\n|raw|prod_axel's rating: 1313 &rarr; <strong>1328</strong><br />(+15 for winning)\n|l|☆Sleator999\n|player|p1|\n","uploadtime":1788270812,"views":"2","formatid":"gen9championsvgc2026regmbbo3","rating":1202,"private":0,"password":null}