{"id":"gen9championsvgc2026regmb-2674796668","format":"[Gen 9 Champions] VGC 2026 Reg M-B","players":["kamiltas","Neutralzr"],"log":"|j|☆kamiltas\n|j|☆Neutralzr\n|t:|1788408555\n|gametype|doubles\n|player|p1|kamiltas|1|1724\n|player|p2|Neutralzr|lance|1616\n|gen|9\n|tier|[Gen 9 Champions] VGC 2026 Reg M-B\n|rated|\n|rule|Species Clause: Limit one of each Pokémon\n|rule|Item Clause: Limit 1 of each item\n|clearpoke\n|poke|p1|Abomasnow, L50, F|\n|poke|p1|Farigiraf, L50, F|\n|poke|p1|Camerupt, L50, F|\n|poke|p1|Maushold-Four, L50|\n|poke|p1|Incineroar, L50, F|\n|poke|p1|Sylveon, L50, F|\n|poke|p2|Scrafty, L50, F|\n|poke|p2|Raichu, L50, F|\n|poke|p2|Farigiraf, L50, M|\n|poke|p2|Torkoal, L50, F|\n|poke|p2|Sylveon, L50, F|\n|poke|p2|Basculegion, L50, M|\n|teampreview|4\n|inactive|Battle timer is ON: inactive players will automatically lose when time's up. (requested by Neutralzr)\n|j| salchipapu\n|l| salchipapu\n|inactive|Neutralzr has 60 seconds left.\n|\n|t:|1788408595\n|teamsize|p1|4\n|teamsize|p2|4\n|start\n|switch|p1a: Sylveon|Sylveon, L50, F|100/100\n|switch|p1b: Incineroar|Incineroar, L50, F|100/100\n|switch|p2a: Farigiraf|Farigiraf, L50, M|100/100\n|switch|p2b: Raichu|Raichu, L50, F|100/100\n|-ability|p1b: Incineroar|Intimidate|boost\n|-unboost|p2a: Farigiraf|atk|1\n|-unboost|p2b: Raichu|atk|1\n|turn|1\n|j| salchipapu\n|l| salchipapu\n|inactive|kamiltas has 30 seconds left.\n|\n|t:|1788408623\n|switch|p1b: Camerupt|Camerupt, L50, F|100/100\n|detailschange|p2b: Raichu|Raichu-Mega-Y, L50, F\n|-mega|p2b: Raichu|Raichu|Raichunite Y\n|move|p2a: Farigiraf|Helping Hand|p2b: Raichu\n|-singleturn|p2b: Raichu|Helping Hand|[of] p2a: Farigiraf\n|move|p2b: Raichu|Focus Blast|p1b: Camerupt\n|-damage|p1b: Camerupt|22/100\n|move|p1a: Sylveon|Hyper Voice|p2a: Farigiraf|[spread] p2a,p2b\n|-crit|p2b: Raichu\n|-damage|p2a: Farigiraf|57/100\n|-damage|p2b: Raichu|0 fnt\n|faint|p2b: Raichu\n|\n|upkeep\n|inactive|Neutralzr has 30 seconds left.\n|\n|t:|1788408649\n|switch|p2b: Basculegion|Basculegion, L50, M|100/100\n|turn|2\n|inactive|Neutralzr has 30 seconds left.\n|\n|t:|1788408676\n|switch|p1b: Incineroar|Incineroar, L50, F|100/100\n|-ability|p1b: Incineroar|Intimidate|boost\n|-unboost|p2a: Farigiraf|atk|1\n|-unboost|p2b: Basculegion|atk|1\n|move|p2a: Farigiraf|Helping Hand|p2b: Basculegion\n|-singleturn|p2b: Basculegion|Helping Hand|[of] p2a: Farigiraf\n|move|p2b: Basculegion|Last Respects|p1a: Sylveon\n|-damage|p1a: Sylveon|9/100\n|move|p1a: Sylveon|Hyper Voice|p2b: Basculegion|[spread] p2a,p2b\n|-damage|p2a: Farigiraf|15/100\n|-damage|p2b: Basculegion|40/100\n|-enditem|p2a: Farigiraf|Sitrus Berry|[eat]\n|-heal|p2a: Farigiraf|40/100|[from] item: Sitrus Berry\n|\n|upkeep\n|turn|3\n|inactive|kamiltas has 30 seconds left.\n|inactive|Neutralzr has 30 seconds left.\n|\n|t:|1788408705\n|move|p2a: Farigiraf|Helping Hand|p2b: Basculegion\n|-singleturn|p2b: Basculegion|Helping Hand|[of] p2a: Farigiraf\n|move|p2b: Basculegion|Liquidation|p1b: Incineroar\n|-supereffective|p1b: Incineroar|1\n|-damage|p1b: Incineroar|1/100\n|-enditem|p1b: Incineroar|Sitrus Berry|[eat]\n|-heal|p1b: Incineroar|25/100|[from] item: Sitrus Berry\n|move|p1b: Incineroar|Darkest Lariat|p2a: Farigiraf\n|-supereffective|p2a: Farigiraf|1\n|-damage|p2a: Farigiraf|0 fnt\n|faint|p2a: Farigiraf\n|move|p1a: Sylveon|Hyper Voice|p2b: Basculegion\n|-damage|p2b: Basculegion|0 fnt\n|faint|p2b: Basculegion\n|\n|upkeep\n|\n|t:|1788408716\n|switch|p2b: Scrafty|Scrafty, L50, F|100/100\n|-ability|p2b: Scrafty|Intimidate|boost\n|-unboost|p1a: Sylveon|atk|1\n|-unboost|p1b: Incineroar|atk|1\n|turn|4\n|\n|t:|1788408727\n|switch|p1b: Camerupt|Camerupt, L50, F|22/100\n|move|p1a: Sylveon|Protect|p1a: Sylveon\n|-singleturn|p1a: Sylveon|Protect\n|move|p2b: Scrafty|Rock Slide|p1a: Sylveon|[spread] p1b\n|-activate|p1a: Sylveon|move: Protect\n|-damage|p1b: Camerupt|1/100\n|\n|upkeep\n|turn|5\n|\n|t:|1788408738\n|switch|p1a: Incineroar|Incineroar, L50, F|25/100\n|-ability|p1a: Incineroar|Intimidate|boost\n|-unboost|p2b: Scrafty|atk|1\n|move|p2b: Scrafty|Rock Slide|p1b: Camerupt|[spread] p1b\n|-miss|p2b: Scrafty|p1a: Incineroar\n|-damage|p1b: Camerupt|0 fnt\n|faint|p1b: Camerupt\n|\n|upkeep\n|\n|t:|1788408744\n|switch|p1b: Sylveon|Sylveon, L50, F|9/100\n|turn|6\n|\n|t:|1788408754\n|move|p1a: Incineroar|Fake Out|p2b: Scrafty\n|-damage|p2b: Scrafty|88/100\n|cant|p2b: Scrafty|flinch\n|move|p1b: Sylveon|Hyper Voice|p2b: Scrafty\n|-supereffective|p2b: Scrafty|2\n|-damage|p2b: Scrafty|0 fnt\n|faint|p2b: Scrafty\n|\n|win|kamiltas\n|raw|kamiltas's rating: 1724 &rarr; <strong>1738</strong><br />(+14 for winning)\n|raw|Neutralzr's rating: 1616 &rarr; <strong>1602</strong><br />(-14 for losing)\n|l|☆kamiltas\n|player|p1|\n","uploadtime":1788408766,"views":"3","formatid":"gen9championsvgc2026regmb","rating":1602,"private":0,"password":null}