{"id":"gen9championsvgc2026regmb-2674260732","format":"[Gen 9 Champions] VGC 2026 Reg M-B","players":["Thornlace48812","iamariskiee"],"log":"|j|☆Thornlace48812\n|j|☆iamariskiee\n|t:|1788325705\n|gametype|doubles\n|player|p1|Thornlace48812|1|1032\n|player|p2|iamariskiee|265|1075\n|gen|9\n|tier|[Gen 9 Champions] VGC 2026 Reg M-B\n|rated|\n|rule|Species Clause: Limit one of each Pokémon\n|rule|Item Clause: Limit 1 of each item\n|clearpoke\n|poke|p1|Garchomp, L50, M|\n|poke|p1|Charizard, L50, F|\n|poke|p1|Whimsicott, L50, M|\n|poke|p1|Sylveon, L50, M|\n|poke|p1|Kingambit, L50, M|\n|poke|p1|Basculegion, L50, M|\n|poke|p2|Raichu, L50, F|\n|poke|p2|Bellibolt, L50, M|\n|poke|p2|Scizor, L50, M|\n|poke|p2|Sneasler, L50, F|\n|poke|p2|Slowking-Galar, L50, F|\n|poke|p2|Sinistcha-Masterpiece, L50|\n|teampreview|4\n|inactive|Battle timer is ON: inactive players will automatically lose when time's up. (requested by Thornlace48812)\nThornlace48812 rejected open team sheets.\n|\n|t:|1788325729\n|teamsize|p1|4\n|teamsize|p2|4\n|start\n|switch|p1a: Charizard|Charizard, L50, F|100/100\n|switch|p1b: Whimsicott|Whimsicott, L50, M|100/100\n|switch|p2a: Raichu|Raichu, L50, F|100/100\n|switch|p2b: Bellibolt|Bellibolt, L50, M|100/100\n|turn|1\n|\n|t:|1788325743\n|detailschange|p2a: Raichu|Raichu-Mega-X, L50, F\n|-mega|p2a: Raichu|Raichu|Raichunite X\n|-fieldstart|move: Electric Terrain|[from] ability: Electric Surge|[of] p2a: Raichu\n|detailschange|p1a: Charizard|Charizard-Mega-Y, L50, F\n|-mega|p1a: Charizard|Charizard|Charizardite Y\n|-weather|SunnyDay|[from] ability: Drought|[of] p1a: Charizard\n|move|p2a: Raichu|Fake Out|p1b: Whimsicott\n|-damage|p1b: Whimsicott|77/100\n|cant|p1b: Whimsicott|flinch\n|move|p1a: Charizard|Heat Wave|p2b: Bellibolt|[spread] p2a,p2b\n|-damage|p2a: Raichu|13/100\n|-damage|p2b: Bellibolt|30/100\n|-start|p2b: Bellibolt|Charge|Heat Wave|[from] ability: Electromorphosis\n|move|p2b: Bellibolt|Thunderbolt|p1a: Charizard\n|-supereffective|p1a: Charizard|1\n|-damage|p1a: Charizard|0 fnt\n|faint|p1a: Charizard\n|-end|p2b: Bellibolt|Charge|[silent]\n|\n|-weather|SunnyDay|[upkeep]\n|upkeep\n|\n|t:|1788325744\n|switch|p1a: Sylveon|Sylveon, L50, M|100/100\n|turn|2\n|inactive|iamariskiee has 30 seconds left.\n|\n|t:|1788325779\n|move|p1b: Whimsicott|Tailwind|p1b: Whimsicott\n|-sidestart|p1: Thornlace48812|move: Tailwind\n|move|p1a: Sylveon|Hyper Voice|p2a: Raichu|[spread] p2a,p2b\n|-damage|p2a: Raichu|0 fnt\n|-damage|p2b: Bellibolt|0 fnt\n|faint|p2a: Raichu\n|faint|p2b: Bellibolt\n|\n|-weather|SunnyDay|[upkeep]\n|upkeep\n|\n|t:|1788325784\n|switch|p2a: Scizor|Scizor, L50, M|100/100\n|switch|p2b: Sneasler|Sneasler, L50, F|100/100\n|turn|3\n|\n|t:|1788325793\n|move|p2b: Sneasler|Fake Out|p1b: Whimsicott\n|-damage|p1b: Whimsicott|54/100\n|move|p2a: Scizor|Bullet Punch|p1a: Sylveon\n|-supereffective|p1a: Sylveon|1\n|-damage|p1a: Sylveon|0 fnt\n|faint|p1a: Sylveon\n|-damage|p2a: Scizor|90/100|[from] item: Life Orb\n|cant|p1b: Whimsicott|flinch\n|\n|-weather|SunnyDay|[upkeep]\n|upkeep\n|\n|t:|1788325794\n|switch|p1a: Basculegion|Basculegion, L50, M|100/100\n|turn|4\n|\n|t:|1788325804\n|move|p2a: Scizor|Bullet Punch|p1b: Whimsicott\n|-supereffective|p1b: Whimsicott|1\n|-crit|p1b: Whimsicott\n|-damage|p1b: Whimsicott|0 fnt\n|faint|p1b: Whimsicott\n|-damage|p2a: Scizor|80/100|[from] item: Life Orb\n|move|p1a: Basculegion|Last Respects|p2a: Scizor\n|-damage|p2a: Scizor|0 fnt\n|faint|p2a: Scizor\n|move|p2b: Sneasler|Dire Claw|p1a: Basculegion\n|-resisted|p1a: Basculegion|1\n|-damage|p1a: Basculegion|75/100\n|\n|-weather|SunnyDay|[upkeep]\n|upkeep\n|turn|5\n|\n|t:|1788325813\n|move|p1a: Basculegion|Wave Crash|p2b: Sneasler\n|-damage|p2b: Sneasler|21/100\n|-damage|p1a: Basculegion|54/100|[from] Recoil\n|move|p2b: Sneasler|Dire Claw|p1a: Basculegion\n|-resisted|p1a: Basculegion|1\n|-damage|p1a: Basculegion|27/100\n|\n|-weather|none\n|-sideend|p1: Thornlace48812|move: Tailwind\n|-fieldend|move: Electric Terrain\n|upkeep\n|turn|6\n|\n|t:|1788325826\n|move|p2b: Sneasler|Dire Claw|p1a: Basculegion\n|-resisted|p1a: Basculegion|1\n|-damage|p1a: Basculegion|1/100\n|move|p1a: Basculegion|Last Respects|p2b: Sneasler\n|-damage|p2b: Sneasler|0 fnt\n|faint|p2b: Sneasler\n|\n|win|Thornlace48812\n|raw|Thornlace48812's rating: 1064 &rarr; <strong>1095</strong><br />(+31 for winning)\n|raw|iamariskiee's rating: 1075 &rarr; <strong>1053</strong><br />(-22 for losing)\n","uploadtime":1788325826,"views":"6","formatid":"gen9championsvgc2026regmb","rating":1053,"private":0,"password":null}