{"id":"gen9championsvgc2026regmb-2674529245","format":"[Gen 9 Champions] VGC 2026 Reg M-B","players":["jjchibi","Purrsephone02"],"log":"|j|☆jjchibi\n|j|☆Purrsephone02\n|html|<table width=\"100%\"><tr><td align=\"left\">jjchibi</td><td align=\"right\">Purrsephone02</tr><tr><td align=\"left\"><i class=\"fa fa-circle-o\"></i> <i class=\"fa fa-circle-o\"></i> </td><td align=\"right\"><i class=\"fa fa-circle-o\"></i> <i class=\"fa fa-circle\"></i> </tr></table>\n|uhtml|bestof|<h2><strong>Game 2</strong> of <a href=\"/game-bestof3-gen9championsvgc2026regmb-2674523890\">a best-of-3</a></h2>\n|t:|1788370473\n|gametype|doubles\n|player|p1|jjchibi|102|\n|player|p2|Purrsephone02|iris-gen5bw2|\n|gen|9\n|tier|[Gen 9 Champions] VGC 2026 Reg M-B\n|rule|Species Clause: Limit one of each Pokémon\n|rule|Item Clause: Limit 1 of each item\n|raw|<div class=\"infobox\"><details class=\"readmore\" open><summary><strong>2 custom rules:</strong></summary> !open team sheets, best of=3</details></div>\n|clearpoke\n|poke|p1|Delphox, L50, F|\n|poke|p1|Aerodactyl, L50, F|\n|poke|p1|Toxicroak, L50, M|\n|poke|p1|Scizor, L50, F|\n|poke|p1|Zoroark-Hisui, L50, M|\n|poke|p1|Rotom-Mow, L50|\n|poke|p2|Scovillain, L50, F|\n|poke|p2|Bastiodon, L50, M|\n|poke|p2|Kingambit, L50, F|\n|poke|p2|Froslass, L50, F, shiny|\n|poke|p2|Primarina, L50, F|\n|poke|p2|Lycanroc-Dusk, L50, F|\n|teampreview|4\n|\n|t:|1788370990\n|teamsize|p1|4\n|teamsize|p2|4\n|start\n|switch|p1a: Aerodactyl|Aerodactyl, L50, F|100/100\n|switch|p1b: Delphox|Delphox, L50, F|100/100\n|switch|p2a: Scovillain|Scovillain, L50, F|100/100\n|switch|p2b: Lycanroc|Lycanroc-Dusk, L50, F|100/100\n|-ability|p1a: Aerodactyl|Pressure\n|turn|1\n|\n|t:|1788371061\n|detailschange|p1b: Delphox|Delphox-Mega, L50, F\n|-mega|p1b: Delphox|Delphox|Delphoxite\n|move|p2a: Scovillain|Protect|p2a: Scovillain\n|-singleturn|p2a: Scovillain|Protect\n|move|p1a: Aerodactyl|Sunny Day|p1a: Aerodactyl\n|-weather|SunnyDay\n|move|p1b: Delphox|Heat Wave|p2b: Lycanroc|[spread] \n|-activate|p2a: Scovillain|move: Protect\n|-miss|p1b: Delphox|p2b: Lycanroc\n|move|p2b: Lycanroc|Rock Slide|p1a: Aerodactyl|[spread] p1b\n|-miss|p2b: Lycanroc|p1a: Aerodactyl\n|-supereffective|p1b: Delphox|1\n|-damage|p1b: Delphox|25/100\n|\n|-weather|SunnyDay|[upkeep]\n|-ability|p2a: Scovillain|Moody|boost\n|-boost|p2a: Scovillain|spe|2\n|-unboost|p2a: Scovillain|def|1\n|upkeep\n|turn|2\n|\n|t:|1788371183\n|switch|p1b: Toxicroak|Toxicroak, L50, M|100/100\n|move|p2b: Lycanroc|Accelerock|p1b: Toxicroak\n|-resisted|p1b: Toxicroak|1\n|-damage|p1b: Toxicroak|79/100\n|move|p1a: Aerodactyl|Dual Wingbeat|p2a: Scovillain|[miss]\n|-miss|p1a: Aerodactyl|p2a: Scovillain\n|move|p2a: Scovillain|Leech Seed|p1a: Aerodactyl\n|-start|p1a: Aerodactyl|move: Leech Seed\n|\n|-weather|SunnyDay|[upkeep]\n|-damage|p1a: Aerodactyl|87/100|[from] Leech Seed|[of] p2a: Scovillain\n|-ability|p2a: Scovillain|Moody|boost\n|-boost|p2a: Scovillain|def|2\n|-unboost|p2a: Scovillain|spe|1\n|upkeep\n|turn|3\n|\n|t:|1788371263\n|detailschange|p2a: Scovillain|Scovillain-Mega, L50, F\n|-mega|p2a: Scovillain|Scovillain|Scovillainite\n|move|p1b: Toxicroak|Fake Out|p2b: Lycanroc\n|-resisted|p2b: Lycanroc|1\n|-crit|p2b: Lycanroc\n|-damage|p2b: Lycanroc|84/100\n|move|p2a: Scovillain|Rage Powder|p2a: Scovillain\n|-singleturn|p2a: Scovillain|move: Rage Powder\n|move|p1a: Aerodactyl|Dual Wingbeat|p2a: Scovillain\n|-supereffective|p2a: Scovillain|1\n|-damage|p2a: Scovillain|75/100\n|-status|p1a: Aerodactyl|brn|[from] ability: Spicy Spray|[of] p2a: Scovillain\n|-supereffective|p2a: Scovillain|1\n|-damage|p2a: Scovillain|64/100\n|-hitcount|p2a: Scovillain|2\n|cant|p2b: Lycanroc|flinch\n|\n|-weather|SunnyDay|[upkeep]\n|-damage|p1a: Aerodactyl|75/100 brn|[from] Leech Seed|[of] p2a: Scovillain\n|-heal|p2a: Scovillain|75/100|[silent]\n|-damage|p1a: Aerodactyl|70/100 brn|[from] brn\n|upkeep\n|turn|4\n|j| IndigoCha0s\n|\n|t:|1788371320\n|switch|p1a: Rotom|Rotom-Mow, L50|100/100\n|move|p2a: Scovillain|Rage Powder|p2a: Scovillain\n|-singleturn|p2a: Scovillain|move: Rage Powder\n|move|p2b: Lycanroc|Rock Slide|p1a: Rotom|[spread] p1a,p1b\n|-resisted|p1b: Toxicroak|1\n|-damage|p1a: Rotom|70/100\n|-damage|p1b: Toxicroak|56/100\n|cant|p1b: Toxicroak|flinch\n|\n|-weather|SunnyDay|[upkeep]\n|upkeep\n|turn|5\n|\n|t:|1788371386\n|switch|p2b: Froslass|Froslass, L50, F, shiny|100/100\n|move|p1b: Toxicroak|Poison Jab|p2a: Scovillain\n|-supereffective|p2a: Scovillain|1\n|-damage|p2a: Scovillain|19/100\n|-status|p2a: Scovillain|psn\n|-status|p1b: Toxicroak|brn|[from] ability: Spicy Spray|[of] p2a: Scovillain\n|move|p2a: Scovillain|Overheat|p1a: Rotom\n|-supereffective|p1a: Rotom|1\n|-damage|p1a: Rotom|0 fnt\n|-unboost|p2a: Scovillain|spa|2\n|faint|p1a: Rotom\n|\n|-weather|none\n|-damage|p2a: Scovillain|7/100 psn|[from] psn\n|-damage|p1b: Toxicroak|50/100g brn|[from] brn\n|upkeep\n|\n|t:|1788371403\n|switch|p1a: Delphox|Delphox-Mega, L50, F|25/100\n|turn|6\n|\n|t:|1788371431\n|switch|p1b: Aerodactyl|Aerodactyl, L50, F|70/100 brn\n|-ability|p1b: Aerodactyl|Pressure\n|move|p2a: Scovillain|Rage Powder|p2a: Scovillain\n|-singleturn|p2a: Scovillain|move: Rage Powder\n|move|p1a: Delphox|Heat Wave|p2b: Froslass|[spread] p2a,p2b\n|-supereffective|p2b: Froslass|1\n|-damage|p2a: Scovillain|0 fnt\n|-damage|p2b: Froslass|0 fnt\n|faint|p2a: Scovillain\n|faint|p2b: Froslass\n|\n|-damage|p1b: Aerodactyl|64/100 brn|[from] brn\n|upkeep\n|\n|t:|1788371443\n|switch|p2b: Kingambit|Kingambit, L50, F|100/100\n|switch|p2a: Lycanroc|Lycanroc-Dusk, L50, F|84/100\n|turn|7\n|\n|t:|1788371502\n|switch|p1a: Toxicroak|Toxicroak, L50, M|50/100g brn\n|move|p2a: Lycanroc|Accelerock|p1a: Toxicroak\n|-resisted|p1a: Toxicroak|1\n|-damage|p1a: Toxicroak|32/100 brn\n|move|p1b: Aerodactyl|Rock Slide|p2a: Lycanroc|[spread] p2b\n|-miss|p1b: Aerodactyl|p2a: Lycanroc\n|-resisted|p2b: Kingambit|1\n|-damage|p2b: Kingambit|95/100\n|move|p2b: Kingambit|Iron Head|p1b: Aerodactyl\n|-supereffective|p1b: Aerodactyl|1\n|-damage|p1b: Aerodactyl|0 fnt\n|faint|p1b: Aerodactyl\n|\n|-damage|p1a: Toxicroak|26/100 brn|[from] brn\n|upkeep\n|\n|t:|1788371513\n|switch|p1b: Delphox|Delphox-Mega, L50, F|25/100\n|turn|8\n|\n|t:|1788371546\n|move|p1a: Toxicroak|Fake Out|p2a: Lycanroc\n|-resisted|p2a: Lycanroc|1\n|-damage|p2a: Lycanroc|79/100\n|cant|p2a: Lycanroc|flinch\n|move|p2b: Kingambit|Sucker Punch||[still]\n|-fail|p2b: Kingambit\n|move|p1b: Delphox|Substitute|p1b: Delphox\n|-start|p1b: Delphox|Substitute\n|-damage|p1b: Delphox|1/100\n|\n|-damage|p1a: Toxicroak|20/100y brn|[from] brn\n|upkeep\n|turn|9\n|\n|t:|1788371631\n|move|p1b: Delphox|Protect|p1b: Delphox\n|-singleturn|p1b: Delphox|Protect\n|move|p2b: Kingambit|Protect|p2b: Kingambit\n|-singleturn|p2b: Kingambit|Protect\n|move|p2a: Lycanroc|Psychic Fangs|p1a: Toxicroak\n|-supereffective|p1a: Toxicroak|2\n|-damage|p1a: Toxicroak|0 fnt\n|faint|p1a: Toxicroak\n|\n|upkeep\n|turn|10\n|\n|t:|1788371680\n|move|p2a: Lycanroc|Accelerock|p1b: Delphox\n|-supereffective|p1b: Delphox|1\n|-end|p1b: Delphox|Substitute\n|move|p1b: Delphox|Psychic|p2a: Lycanroc\n|-damage|p2a: Lycanroc|0 fnt\n|faint|p2a: Lycanroc\n|move|p2b: Kingambit|Kowtow Cleave|p1b: Delphox\n|-supereffective|p1b: Delphox|1\n|-damage|p1b: Delphox|0 fnt\n|faint|p1b: Delphox\n|\n|win|Purrsephone02\n|l| IndigoCha0s\n","uploadtime":1788371693,"views":"10","formatid":"gen9championsvgc2026regmb","rating":null,"private":0,"password":null}