{"id":"gen9championsvgc2026regmb-2674402951","format":"[Gen 9 Champions] VGC 2026 Reg M-B","players":["Fayebebster","Piedi mistici"],"log":"|j|☆Fayebebster\n|j|☆Piedi mistici\n|t:|1788355387\n|gametype|doubles\n|player|p1|Fayebebster|2|1320\n|player|p2|Piedi mistici|zinnia|1398\n|gen|9\n|tier|[Gen 9 Champions] VGC 2026 Reg M-B\n|rated|\n|rule|Species Clause: Limit one of each Pokémon\n|rule|Item Clause: Limit 1 of each item\n|clearpoke\n|poke|p1|Abomasnow, L50, F|\n|poke|p1|Camerupt, L50, F|\n|poke|p1|Farigiraf, L50, F|\n|poke|p1|Incineroar, L50, F|\n|poke|p1|Hatterene, L50, F|\n|poke|p1|Basculegion, L50, M|\n|poke|p2|Froslass, L50, F|\n|poke|p2|Tyranitar, L50, M|\n|poke|p2|Scovillain, L50, F|\n|poke|p2|Sneasler, L50, M|\n|poke|p2|Farigiraf, L50, M|\n|poke|p2|Sylveon, L50, F|\n|teampreview|4\n|inactive|Battle timer is ON: inactive players will automatically lose when time's up. (requested by Fayebebster)\n|\n|t:|1788355462\n|teamsize|p1|4\n|teamsize|p2|4\n|start\n|switch|p1a: Farigiraf|Farigiraf, L50, F|100/100\n|switch|p1b: Incineroar|Incineroar, L50, F|100/100\n|switch|p2a: Sylveon|Sylveon, L50, F|100/100\n|switch|p2b: Tyranitar|Tyranitar, L50, M|100/100\n|-weather|Sandstorm|[from] ability: Sand Stream|[of] p2b: Tyranitar\n|-ability|p1b: Incineroar|Intimidate|boost\n|-unboost|p2a: Sylveon|atk|1\n|-unboost|p2b: Tyranitar|atk|1\n|turn|1\n|\n|t:|1788355479\n|move|p2a: Sylveon|Hyper Voice|p1a: Farigiraf|[spread] p1a,p1b\n|-damage|p1a: Farigiraf|64/100\n|-damage|p1b: Incineroar|62/100\n|move|p2b: Tyranitar|Knock Off|p1a: Farigiraf\n|-supereffective|p1a: Farigiraf|1\n|-damage|p1a: Farigiraf|0 fnt\n|-enditem|p1a: Farigiraf|Leftovers|[from] move: Knock Off|[of] p2b: Tyranitar\n|faint|p1a: Farigiraf\n|move|p1b: Incineroar|Close Combat|p2b: Tyranitar\n|-supereffective|p2b: Tyranitar|2\n|-enditem|p2b: Tyranitar|Chople Berry|[eat]\n|-enditem|p2b: Tyranitar|Chople Berry|[weaken]\n|-damage|p2b: Tyranitar|30/100\n|-unboost|p1b: Incineroar|def|1\n|-unboost|p1b: Incineroar|spd|1\n|-enditem|p1b: Incineroar|White Herb\n|-clearnegativeboost|p1b: Incineroar|[silent]\n|\n|-weather|Sandstorm|[upkeep]\n|-damage|p2a: Sylveon|93/100|[from] Sandstorm\n|-damage|p1b: Incineroar|57/100|[from] Sandstorm\n|upkeep\n|\n|t:|1788355494\n|switch|p1a: Hatterene|Hatterene, L50, F|100/100\n|turn|2\n|\n|t:|1788355503\n|move|p2a: Sylveon|Hyper Voice|p1b: Incineroar|[spread] p1a,p1b\n|-damage|p1a: Hatterene|66/100\n|-damage|p1b: Incineroar|17/100\n|move|p2b: Tyranitar|Rock Slide|p1a: Hatterene|[spread] p1b\n|-miss|p2b: Tyranitar|p1a: Hatterene\n|-supereffective|p1b: Incineroar|1\n|-crit|p1b: Incineroar\n|-damage|p1b: Incineroar|0 fnt\n|faint|p1b: Incineroar\n|move|p1a: Hatterene|Trick Room|p1a: Hatterene\n|-fieldstart|move: Trick Room|[of] p1a: Hatterene\n|\n|-weather|Sandstorm|[upkeep]\n|-damage|p1a: Hatterene|60/100|[from] Sandstorm\n|-damage|p2a: Sylveon|87/100|[from] Sandstorm\n|upkeep\n|\n|t:|1788355510\n|switch|p1b: Camerupt|Camerupt, L50, F|100/100\n|turn|3\n|\n|t:|1788355533\n|detailschange|p1b: Camerupt|Camerupt-Mega, L50, F\n|-mega|p1b: Camerupt|Camerupt|Cameruptite\n|move|p2a: Sylveon|Detect|p2a: Sylveon\n|-singleturn|p2a: Sylveon|Protect\n|move|p1b: Camerupt|Heat Wave|p2b: Tyranitar|[spread] p2b\n|-activate|p2a: Sylveon|move: Protect\n|-resisted|p2b: Tyranitar|1\n|-damage|p2b: Tyranitar|14/100\n|move|p1a: Hatterene|Dazzling Gleam|p2b: Tyranitar|[spread] p2b\n|-activate|p2a: Sylveon|move: Protect\n|-supereffective|p2b: Tyranitar|1\n|-damage|p2b: Tyranitar|0 fnt\n|faint|p2b: Tyranitar\n|-damage|p1a: Hatterene|50/100g|[from] item: Life Orb\n|\n|-weather|Sandstorm|[upkeep]\n|-damage|p1a: Hatterene|44/100|[from] Sandstorm\n|-damage|p2a: Sylveon|81/100|[from] Sandstorm\n|upkeep\n|\n|t:|1788355543\n|switch|p2b: Sneasler|Sneasler, L50, M|100/100\n|turn|4\n|\n|t:|1788355553\n|move|p1b: Camerupt|Protect|p1b: Camerupt\n|-singleturn|p1b: Camerupt|Protect\n|move|p1a: Hatterene|Protect|p1a: Hatterene\n|-singleturn|p1a: Hatterene|Protect\n|move|p2b: Sneasler|Fake Out|p1a: Hatterene\n|-activate|p1a: Hatterene|move: Protect\n|move|p2a: Sylveon|Calm Mind|p2a: Sylveon\n|-boost|p2a: Sylveon|spa|1\n|-boost|p2a: Sylveon|spd|1\n|\n|-weather|Sandstorm|[upkeep]\n|-damage|p1a: Hatterene|38/100|[from] Sandstorm\n|-damage|p2a: Sylveon|75/100|[from] Sandstorm\n|-damage|p2b: Sneasler|94/100|[from] Sandstorm\n|upkeep\n|turn|5\n|\n|t:|1788355567\n|move|p2b: Sneasler|Protect|p2b: Sneasler\n|-singleturn|p2b: Sneasler|Protect\n|move|p1b: Camerupt|Heat Wave|p2a: Sylveon|[spread] p2a\n|-activate|p2b: Sneasler|move: Protect\n|-damage|p2a: Sylveon|48/100\n|move|p1a: Hatterene|Psyshock|p2b: Sneasler\n|-activate|p2b: Sneasler|move: Protect\n|move|p2a: Sylveon|Hyper Voice|p1b: Camerupt|[spread] p1a,p1b\n|-resisted|p1b: Camerupt|1\n|-damage|p1a: Hatterene|0 fnt\n|-damage|p1b: Camerupt|70/100\n|faint|p1a: Hatterene\n|\n|-weather|none\n|upkeep\n|turn|6\n|\n|t:|1788355578\n|switch|p2b: Farigiraf|Farigiraf, L50, M|100/100\n|move|p2a: Sylveon|Detect|p2a: Sylveon\n|-singleturn|p2a: Sylveon|Protect\n|move|p1b: Camerupt|Heat Wave|p2a: Sylveon|[spread] p2b\n|-activate|p2a: Sylveon|move: Protect\n|-damage|p2b: Farigiraf|51/100\n|\n|-fieldend|move: Trick Room\n|upkeep\n|turn|7\n|\n|t:|1788355591\n|move|p2a: Sylveon|Hyper Voice|p1b: Camerupt\n|-resisted|p1b: Camerupt|1\n|-damage|p1b: Camerupt|32/100\n|move|p2b: Farigiraf|Psychic|p1b: Camerupt\n|-damage|p1b: Camerupt|0 fnt\n|faint|p1b: Camerupt\n|\n|win|Piedi mistici\n|raw|Fayebebster's rating: 1320 &rarr; <strong>1304</strong><br />(-16 for losing)\n|raw|Piedi mistici's rating: 1398 &rarr; <strong>1414</strong><br />(+16 for winning)\n","uploadtime":1788355595,"views":"1","formatid":"gen9championsvgc2026regmb","rating":1304,"private":0,"password":null}