{"id":"gen9championsvgc2026regmb-2674903242","format":"[Gen 9 Champions] VGC 2026 Reg M-B","players":["Thornlace48812","VictoriousDancing"],"log":"|j|☆Thornlace48812\n|j|☆VictoriousDancing\n|t:|1788432899\n|gametype|doubles\n|player|p1|Thornlace48812|102|1323\n|player|p2|VictoriousDancing|cynthia|1403\n|gen|9\n|tier|[Gen 9 Champions] VGC 2026 Reg M-B\n|rated|\n|rule|Species Clause: Limit one of each Pokémon\n|rule|Item Clause: Limit 1 of each item\n|clearpoke\n|poke|p1|Garchomp, L50, F|\n|poke|p1|Charizard, L50, F|\n|poke|p1|Whimsicott, L50, F|\n|poke|p1|Sylveon, L50, F|\n|poke|p1|Kingambit, L50, F|\n|poke|p1|Basculegion, L50, M|\n|poke|p2|Charizard, L50, M, shiny|\n|poke|p2|Basculegion, L50, M, shiny|\n|poke|p2|Whimsicott, L50, M, shiny|\n|poke|p2|Garchomp, L50, F, shiny|\n|poke|p2|Kingambit, L50, F, shiny|\n|poke|p2|Floette-Eternal, L50, F|\n|teampreview|4\n|inactive|Battle timer is ON: inactive players will automatically lose when time's up. (requested by VictoriousDancing)\nVictoriousDancing rejected open team sheets.\n|inactive|Thornlace48812 also wants the timer to be on.\nThornlace48812 rejected open team sheets.\n|\n|t:|1788432902\n|teamsize|p1|4\n|teamsize|p2|4\n|start\n|switch|p1a: Charizard|Charizard, L50, F|100/100\n|switch|p1b: Garchomp|Garchomp, L50, F|100/100\n|switch|p2a: Whimsicott|Whimsicott, L50, M, shiny|100/100\n|switch|p2b: Garchomp|Garchomp, L50, F, shiny|100/100\n|turn|1\n|\n|t:|1788432903\n|move|p1a: Charizard|Protect|p1a: Charizard\n|-singleturn|p1a: Charizard|Protect\n|move|p2a: Whimsicott|Tailwind|p2a: Whimsicott\n|-sidestart|p2: VictoriousDancing|move: Tailwind\n|move|p2b: Garchomp|Rock Slide|p1b: Garchomp|[spread] p1b\n|-activate|p1a: Charizard|move: Protect\n|-resisted|p1b: Garchomp|1\n|-damage|p1b: Garchomp|90/100\n|move|p1b: Garchomp|Dragon Claw|p2b: Garchomp\n|-supereffective|p2b: Garchomp|1\n|-damage|p2b: Garchomp|0 fnt\n|-damage|p1b: Garchomp|77/100|[from] ability: Rough Skin|[of] p2b: Garchomp\n|faint|p2b: Garchomp\n|-damage|p1b: Garchomp|68/100|[from] item: Life Orb\n|\n|upkeep\n|\n|t:|1788432904\n|switch|p2b: Charizard|Charizard, L50, M, shiny|100/100\n|turn|2\n|\n|t:|1788432905\n|detailschange|p2b: Charizard|Charizard-Mega-Y, L50, M, shiny\n|-mega|p2b: Charizard|Charizard|Charizardite Y\n|-weather|SunnyDay|[from] ability: Drought|[of] p2b: Charizard\n|detailschange|p1a: Charizard|Charizard-Mega-Y, L50, F\n|-mega|p1a: Charizard|Charizard|Charizardite Y\n|move|p2a: Whimsicott|Encore|p1a: Charizard\n|-start|p1a: Charizard|Encore\n|move|p1a: Charizard|Protect||[still]\n|-fail|p1a: Charizard\n|move|p2b: Charizard|Weather Ball|p1b: Garchomp\n|-resisted|p1b: Garchomp|1\n|-damage|p1b: Garchomp|20/100y\n|move|p1b: Garchomp|Rock Slide|p2a: Whimsicott|[spread] p2a\n|-miss|p1b: Garchomp|p2b: Charizard\n|-damage|p2a: Whimsicott|59/100\n|-damage|p1b: Garchomp|10/100|[from] item: Life Orb\n|\n|-weather|SunnyDay|[upkeep]\n|upkeep\n|turn|3\n|\n|t:|1788432906\n|switch|p1a: Whimsicott|Whimsicott, L50, F|100/100\n|move|p2a: Whimsicott|Moonblast|p1b: Garchomp\n|-supereffective|p1b: Garchomp|1\n|-damage|p1b: Garchomp|0 fnt\n|faint|p1b: Garchomp\n|move|p2b: Charizard|Heat Wave|p1a: Whimsicott|[miss]\n|-miss|p2b: Charizard|p1a: Whimsicott\n|\n|-weather|SunnyDay|[upkeep]\n|upkeep\n|\n|t:|1788432906\n|switch|p1b: Charizard|Charizard-Mega-Y, L50, F|100/100\n|turn|4\n|\n|t:|1788432907\n|move|p1a: Whimsicott|Protect|p1a: Whimsicott\n|-singleturn|p1a: Whimsicott|Protect\n|move|p2a: Whimsicott|Encore|p1a: Whimsicott\n|-activate|p1a: Whimsicott|move: Protect\n|move|p2b: Charizard|Heat Wave|p1b: Charizard|[spread] p1b\n|-activate|p1a: Whimsicott|move: Protect\n|-resisted|p1b: Charizard|1\n|-damage|p1b: Charizard|65/100\n|move|p1b: Charizard|Heat Wave|p2b: Charizard|[spread] p2a,p2b\n|-supereffective|p2a: Whimsicott|1\n|-resisted|p2b: Charizard|1\n|-damage|p2a: Whimsicott|0 fnt\n|-damage|p2b: Charizard|68/100\n|faint|p2a: Whimsicott\n|\n|-weather|SunnyDay|[upkeep]\n|-sideend|p2: VictoriousDancing|move: Tailwind\n|upkeep\n|\n|t:|1788432907\n|switch|p2a: Basculegion|Basculegion, L50, M, shiny|100/100\n|turn|5\n|\n|t:|1788432908\n|move|p1a: Whimsicott|Tailwind|p1a: Whimsicott\n|-sidestart|p1: Thornlace48812|move: Tailwind\n|move|p1b: Charizard|Heat Wave|p2a: Basculegion|[spread] p2b\n|-miss|p1b: Charizard|p2a: Basculegion\n|-resisted|p2b: Charizard|1\n|-damage|p2b: Charizard|39/100\n|move|p2a: Basculegion|Last Respects|p1a: Whimsicott\n|-enditem|p1a: Whimsicott|Focus Sash\n|-damage|p1a: Whimsicott|1/100\n|move|p2b: Charizard|Heat Wave|p1b: Charizard|[spread] p1a\n|-miss|p2b: Charizard|p1b: Charizard\n|-supereffective|p1a: Whimsicott|1\n|-damage|p1a: Whimsicott|0 fnt\n|faint|p1a: Whimsicott\n|\n|-weather|SunnyDay|[upkeep]\n|upkeep\n|\n|t:|1788432909\n|switch|p1a: Basculegion|Basculegion, L50, M|100/100\n|turn|6\n|\n|t:|1788432910\n|move|p1b: Charizard|Heat Wave|p2a: Basculegion|[spread] p2a,p2b\n|-resisted|p2a: Basculegion|1\n|-resisted|p2b: Charizard|1\n|-damage|p2a: Basculegion|64/100\n|-damage|p2b: Charizard|8/100\n|move|p1a: Basculegion|Last Respects|p2a: Basculegion\n|-supereffective|p2a: Basculegion|1\n|-damage|p2a: Basculegion|0 fnt\n|faint|p2a: Basculegion\n|move|p2b: Charizard|Solar Beam||[still]\n|-prepare|p2b: Charizard|Solar Beam\n|-anim|p2b: Charizard|Solar Beam|p1a: Basculegion\n|-supereffective|p1a: Basculegion|1\n|-damage|p1a: Basculegion|0 fnt\n|faint|p1a: Basculegion\n|\n|-weather|none\n|upkeep\n|turn|7\n|\n|t:|1788432912\n|move|p2b: Charizard|Protect|p2b: Charizard\n|-singleturn|p2b: Charizard|Protect\n|move|p1b: Charizard|Ancient Power|p2b: Charizard\n|-activate|p2b: Charizard|move: Protect\n|\n|upkeep\n|turn|8\n|\n|t:|1788432912\n|move|p1b: Charizard|Ancient Power|p2b: Charizard\n|-supereffective|p2b: Charizard|2\n|-crit|p2b: Charizard\n|-damage|p2b: Charizard|0 fnt\n|faint|p2b: Charizard\n|\n|win|Thornlace48812\n|raw|Thornlace48812's rating: 1323 &rarr; <strong>1349</strong><br />(+26 for winning)\n|raw|VictoriousDancing's rating: 1426 &rarr; <strong>1400</strong><br />(-26 for losing)\n","uploadtime":1788432913,"views":"0","formatid":"gen9championsvgc2026regmb","rating":1349,"private":0,"password":null}