{"id":"gen9championsvgc2026regmb-2674017418","format":"[Gen 9 Champions] VGC 2026 Reg M-B","players":["ReiTolo07","drake78976"],"log":"|j|☆ReiTolo07\n|j|☆drake78976\n|t:|1788288691\n|gametype|doubles\n|player|p1|ReiTolo07|gentleman-gen4|1134\n|player|p2|drake78976|2|1235\n|gen|9\n|tier|[Gen 9 Champions] VGC 2026 Reg M-B\n|rated|\n|rule|Species Clause: Limit one of each Pokémon\n|rule|Item Clause: Limit 1 of each item\n|clearpoke\n|poke|p1|Chesnaught, L50, M|\n|poke|p1|Sinistcha, L50|\n|poke|p1|Rhyperior, L50, F|\n|poke|p1|Araquanid, L50, M|\n|poke|p1|Ceruledge, L50, F|\n|poke|p1|Sableye, L50, M|\n|poke|p2|Blastoise, L50, F|\n|poke|p2|Delphox, L50, M|\n|poke|p2|Sinistcha-Masterpiece, L50|\n|poke|p2|Grimmsnarl, L50, M|\n|poke|p2|Tinkaton, L50, F|\n|poke|p2|Sylveon, L50, M|\n|teampreview|4\n|\n|t:|1788288776\n|teamsize|p1|4\n|teamsize|p2|4\n|start\n|switch|p1a: Araquanid|Araquanid, L50, M|100/100\n|switch|p1b: Sinistcha|Sinistcha, L50|100/100\n|switch|p2a: Tinkaton|Tinkaton, L50, F|100/100\n|switch|p2b: Sinistcha|Sinistcha-Masterpiece, L50|100/100\n|turn|1\n|\n|t:|1788288800\n|move|p2a: Tinkaton|Fake Out|p1a: Araquanid\n|-damage|p1a: Araquanid|85/100\n|-damage|p2a: Tinkaton|90/100|[from] item: Life Orb\n|move|p2b: Sinistcha|Matcha Gotcha|p1b: Sinistcha|[spread] p1b\n|-miss|p2b: Sinistcha|p1a: Araquanid\n|-resisted|p1b: Sinistcha|1\n|-damage|p1b: Sinistcha|89/100\n|move|p1b: Sinistcha|Strength Sap|p2a: Tinkaton\n|-unboost|p2a: Tinkaton|atk|1\n|-heal|p1b: Sinistcha|100/100\n|cant|p1a: Araquanid|flinch\n|\n|upkeep\n|turn|2\n|\n|t:|1788288822\n|move|p2a: Tinkaton|Encore|p1b: Sinistcha\n|-start|p1b: Sinistcha|Encore\n|move|p1b: Sinistcha|Strength Sap|p2b: Sinistcha\n|-unboost|p2b: Sinistcha|atk|1\n|move|p2b: Sinistcha|Matcha Gotcha|p1b: Sinistcha|[spread] p1a,p1b\n|-resisted|p1b: Sinistcha|1\n|-damage|p1a: Araquanid|68/100\n|-damage|p1b: Sinistcha|89/100\n|move|p1a: Araquanid|Leech Life|p2b: Sinistcha\n|-damage|p2b: Sinistcha|79/100\n|-heal|p1a: Araquanid|78/100|[from] drain|[of] p2b: Sinistcha\n|\n|-heal|p1b: Sinistcha|96/100|[from] item: Leftovers\n|upkeep\n|turn|3\n|\n|t:|1788288850\n|switch|p2a: Delphox|Delphox, L50, M|100/100\n|switch|p1b: Sableye|Sableye, L50, M|100/100\n|move|p2b: Sinistcha|Rage Powder|p2b: Sinistcha\n|-singleturn|p2b: Sinistcha|move: Rage Powder\n|move|p1a: Araquanid|Leech Life|p2b: Sinistcha\n|-damage|p2b: Sinistcha|58/100\n|-heal|p1a: Araquanid|89/100|[from] drain|[of] p2b: Sinistcha\n|\n|upkeep\n|turn|4\n|\n|t:|1788288864\n|detailschange|p2a: Delphox|Delphox-Mega, L50, M\n|-mega|p2a: Delphox|Delphox|Delphoxite\n|move|p1a: Araquanid|Wide Guard|p1a: Araquanid\n|-singleturn|p1a: Araquanid|Wide Guard\n|move|p2b: Sinistcha|Rage Powder|p2b: Sinistcha\n|-singleturn|p2b: Sinistcha|move: Rage Powder\n|move|p2a: Delphox|Heat Wave|p1b: Sableye|[spread] \n|-activate|p1a: Araquanid|move: Wide Guard\n|-activate|p1b: Sableye|move: Wide Guard\n|move|p1b: Sableye|Knock Off|p2b: Sinistcha\n|-supereffective|p2b: Sinistcha|1\n|-damage|p2b: Sinistcha|13/100\n|-enditem|p2b: Sinistcha|Sitrus Berry|[from] move: Knock Off|[of] p1b: Sableye\n|\n|upkeep\n|turn|5\n|\n|t:|1788288889\n|move|p2a: Delphox|Nasty Plot|p2a: Delphox\n|-boost|p2a: Delphox|spa|2\n|move|p2b: Sinistcha|Life Dew||[still]|[spread] p2a,p2b\n|-fail|p2a: Delphox|heal\n|-heal|p2b: Sinistcha|38/100\n|move|p1b: Sableye|Disable|p2a: Delphox\n|-start|p2a: Delphox|Disable|Nasty Plot\n|move|p1a: Araquanid|Liquidation|p2a: Delphox\n|-supereffective|p2a: Delphox|1\n|-damage|p2a: Delphox|0 fnt\n|faint|p2a: Delphox\n|\n|upkeep\n|\n|t:|1788288905\n|switch|p2a: Tinkaton|Tinkaton, L50, F|90/100\n|turn|6\n|\n|t:|1788288927\n|move|p2a: Tinkaton|Play Rough|p1b: Sableye\n|-supereffective|p1b: Sableye|1\n|-enditem|p1b: Sableye|Roseli Berry|[eat]\n|-enditem|p1b: Sableye|Roseli Berry|[weaken]\n|-damage|p1b: Sableye|36/100\n|-damage|p2a: Tinkaton|80/100|[from] item: Life Orb\n|move|p2b: Sinistcha|Matcha Gotcha|p1b: Sableye|[spread] p1a,p1b\n|-damage|p1a: Araquanid|73/100\n|-heal|p2b: Sinistcha|46/100|[from] drain|[of] p1a: Araquanid\n|-damage|p1b: Sableye|8/100\n|-heal|p2b: Sinistcha|59/100|[from] drain|[of] p1b: Sableye\n|-status|p1b: Sableye|brn\n|move|p1b: Sableye|Will-O-Wisp|p2a: Tinkaton|[miss]\n|-miss|p1b: Sableye|p2a: Tinkaton\n|move|p1a: Araquanid|Leech Life|p2b: Sinistcha\n|-damage|p2b: Sinistcha|37/100\n|-heal|p1a: Araquanid|85/100|[from] drain|[of] p2b: Sinistcha\n|\n|-damage|p1b: Sableye|2/100 brn|[from] brn\n|upkeep\n|turn|7\n|l|☆ReiTolo07\n|player|p1|\n|\n|t:|1788288974\n|move|p1a: Araquanid|Wide Guard|p1a: Araquanid\n|-singleturn|p1a: Araquanid|Wide Guard\n|move|p2a: Tinkaton|Play Rough|p1a: Araquanid\n|-damage|p1a: Araquanid|38/100\n|-damage|p2a: Tinkaton|70/100|[from] item: Life Orb\n|move|p2b: Sinistcha|Matcha Gotcha|p1a: Araquanid|[spread] \n|-activate|p1a: Araquanid|move: Wide Guard\n|-activate|p1b: Sableye|move: Wide Guard\n|move|p1b: Sableye|Will-O-Wisp|p2a: Tinkaton|[miss]\n|-miss|p1b: Sableye|p2a: Tinkaton\n|\n|-damage|p1b: Sableye|0 fnt|[from] brn\n|faint|p1b: Sableye\n|upkeep\n|j|☆ReiTolo07\n|player|p1|ReiTolo07|gentleman-gen4|\n|\n|t:|1788288994\n|switch|p1b: Sinistcha|Sinistcha, L50|96/100\n|-heal|p1a: Araquanid|62/100|[from] ability: Hospitality|[of] p1b: Sinistcha\n|turn|8\n|\n|t:|1788289026\n|move|p2a: Tinkaton|Play Rough|p1a: Araquanid\n|-damage|p1a: Araquanid|11/100\n|-damage|p2a: Tinkaton|60/100|[from] item: Life Orb\n|move|p2b: Sinistcha|Life Dew|p2b: Sinistcha|[spread] p2a,p2b\n|-heal|p2a: Tinkaton|85/100\n|-heal|p2b: Sinistcha|62/100\n|move|p1a: Araquanid|Leech Life|p2b: Sinistcha\n|-damage|p2b: Sinistcha|41/100\n|-heal|p1a: Araquanid|22/100|[from] drain|[of] p2b: Sinistcha\n|move|p1b: Sinistcha|Trick Room|p1b: Sinistcha\n|-fieldstart|move: Trick Room|[of] p1b: Sinistcha\n|\n|-heal|p1b: Sinistcha|100/100|[from] item: Leftovers\n|upkeep\n|turn|9\n|\n|t:|1788289048\n|move|p1a: Araquanid|Leech Life|p2b: Sinistcha\n|-damage|p2b: Sinistcha|21/100\n|-heal|p1a: Araquanid|32/100|[from] drain|[of] p2b: Sinistcha\n|move|p1b: Sinistcha|Life Dew||[still]|[spread] p1a,p1b\n|-heal|p1a: Araquanid|57/100\n|-fail|p1b: Sinistcha|heal\n|move|p2a: Tinkaton|Play Rough|p1a: Araquanid\n|-damage|p1a: Araquanid|8/100\n|-unboost|p1a: Araquanid|atk|1\n|-damage|p2a: Tinkaton|75/100|[from] item: Life Orb\n|move|p2b: Sinistcha|Trick Room|p2b: Sinistcha\n|-fieldend|move: Trick Room\n|\n|upkeep\n|turn|10\n|\n|t:|1788289069\n|move|p1a: Araquanid|Protect|p1a: Araquanid\n|-singleturn|p1a: Araquanid|Protect\n|move|p2a: Tinkaton|Play Rough|p1a: Araquanid\n|-activate|p1a: Araquanid|move: Protect\n|move|p1b: Sinistcha|Matcha Gotcha|p2a: Tinkaton|[spread] p2b\n|-miss|p1b: Sinistcha|p2a: Tinkaton\n|-resisted|p2b: Sinistcha|1\n|-damage|p2b: Sinistcha|9/100\n|move|p2b: Sinistcha|Life Dew|p2b: Sinistcha|[spread] p2a,p2b\n|-heal|p2a: Tinkaton|100/100\n|-heal|p2b: Sinistcha|34/100\n|\n|upkeep\n|turn|11\n|\n|t:|1788289101\n|move|p2a: Tinkaton|Gigaton Hammer|p1b: Sinistcha\n|-damage|p1b: Sinistcha|27/100\n|-damage|p2a: Tinkaton|90/100|[from] item: Life Orb\n|move|p2b: Sinistcha|Matcha Gotcha|p1b: Sinistcha|[spread] p1a\n|-miss|p2b: Sinistcha|p1b: Sinistcha\n|-damage|p1a: Araquanid|0 fnt\n|-heal|p2b: Sinistcha|38/100|[from] drain|[of] p1a: Araquanid\n|faint|p1a: Araquanid\n|move|p1b: Sinistcha|Trick Room|p1b: Sinistcha\n|-fieldstart|move: Trick Room|[of] p1b: Sinistcha\n|\n|-heal|p1b: Sinistcha|33/100|[from] item: Leftovers\n|upkeep\n|\n|t:|1788289114\n|switch|p1a: Shildman|Chesnaught, L50, M|100/100\n|turn|12\n|\n|t:|1788289127\n|detailschange|p1a: Shildman|Chesnaught-Mega, L50, M\n|-mega|p1a: Shildman|Chesnaught|Chesnaughtite\n|move|p1a: Shildman|Body Press|p2a: Tinkaton\n|-damage|p2a: Tinkaton|15/100\n|move|p1b: Sinistcha|Strength Sap|p2a: Tinkaton\n|-unboost|p2a: Tinkaton|atk|1\n|-heal|p1b: Sinistcha|100/100\n|move|p2a: Tinkaton|Play Rough|p1a: Shildman\n|-supereffective|p1a: Shildman|1\n|-crit|p1a: Shildman\n|-damage|p1a: Shildman|41/100\n|-damage|p2a: Tinkaton|5/100|[from] item: Life Orb\n|move|p2b: Sinistcha|Trick Room|p2b: Sinistcha\n|-fieldend|move: Trick Room\n|\n|upkeep\n|turn|13\n|\n|t:|1788289146\n|move|p1a: Shildman|Spiky Shield|p1a: Shildman\n|-singleturn|p1a: Shildman|move: Protect\n|move|p2a: Tinkaton|Gigaton Hammer|p1b: Sinistcha\n|-damage|p1b: Sinistcha|48/100\n|-damage|p2a: Tinkaton|0 fnt|[from] item: Life Orb\n|faint|p2a: Tinkaton\n|move|p2b: Sinistcha|Life Dew|p2b: Sinistcha\n|-heal|p2b: Sinistcha|64/100\n|move|p1b: Sinistcha|Life Dew|p1b: Sinistcha|[spread] p1a,p1b\n|-heal|p1a: Shildman|66/100\n|-heal|p1b: Sinistcha|74/100\n|\n|-heal|p1b: Sinistcha|80/100|[from] item: Leftovers\n|upkeep\n|\n|t:|1788289162\n|switch|p2a: Grimmsnarl|Grimmsnarl, L50, M|100/100\n|turn|14\n|\n|t:|1788289193\n|move|p1b: Sinistcha|Matcha Gotcha|p2b: Sinistcha|[spread] p2a,p2b\n|-resisted|p2b: Sinistcha|1\n|-damage|p2a: Grimmsnarl|79/100\n|-heal|p1b: Sinistcha|92/100|[from] drain|[of] p2a: Grimmsnarl\n|-damage|p2b: Sinistcha|52/100\n|-heal|p1b: Sinistcha|98/100|[from] drain|[of] p2b: Sinistcha\n|-status|p2b: Sinistcha|brn\n|move|p2b: Sinistcha|Life Dew|p2b: Sinistcha|[spread] p2a,p2b\n|-heal|p2a: Grimmsnarl|100/100\n|-heal|p2b: Sinistcha|77/100 brn\n|move|p2a: Grimmsnarl|Spirit Break|p1a: Shildman\n|-supereffective|p1a: Shildman|1\n|-crit|p1a: Shildman\n|-damage|p1a: Shildman|17/100\n|-unboost|p1a: Shildman|spa|1\n|move|p1a: Shildman|Body Press|p2a: Grimmsnarl\n|-damage|p2a: Grimmsnarl|31/100\n|\n|-heal|p1b: Sinistcha|100/100|[from] item: Leftovers\n|-heal|p2a: Grimmsnarl|37/100|[from] item: Leftovers\n|-damage|p2b: Sinistcha|71/100 brn|[from] brn\n|upkeep\n|turn|15\n|\n|t:|1788289216\n|move|p2a: Grimmsnarl|Reflect|p2a: Grimmsnarl\n|-sidestart|p2: drake78976|Reflect\n|move|p1b: Sinistcha|Life Dew||[still]|[spread] p1a,p1b\n|-heal|p1a: Shildman|43/100\n|-fail|p1b: Sinistcha|heal\n|move|p2b: Sinistcha|Life Dew|p2b: Sinistcha|[spread] p2a,p2b\n|-heal|p2a: Grimmsnarl|62/100\n|-heal|p2b: Sinistcha|96/100 brn\n|move|p1a: Shildman|Body Press|p2a: Grimmsnarl\n|-damage|p2a: Grimmsnarl|17/100\n|\n|-heal|p2a: Grimmsnarl|23/100|[from] item: Leftovers\n|-damage|p2b: Sinistcha|90/100 brn|[from] brn\n|upkeep\n|turn|16\n|\n|t:|1788289244\n|move|p2a: Grimmsnarl|Parting Shot|p1a: Shildman\n|-unboost|p1a: Shildman|atk|1\n|-unboost|p1a: Shildman|spa|1\n|move|p2b: Sinistcha|Life Dew|p2b: Sinistcha|[spread] p2a,p2b\n|-heal|p2a: Grimmsnarl|49/100\n|-heal|p2b: Sinistcha|100/100 brn\n|move|p1b: Sinistcha|Life Dew||[still]|[spread] p1a,p1b\n|-heal|p1a: Shildman|68/100\n|-fail|p1b: Sinistcha|heal\n|move|p1a: Shildman|Wood Hammer|p2a: Grimmsnarl\n|-damage|p2a: Grimmsnarl|22/100\n|-damage|p1a: Shildman|58/100|[from] Recoil\n|\n|-heal|p2a: Grimmsnarl|28/100|[from] item: Leftovers\n|-damage|p2b: Sinistcha|93/100 brn|[from] brn\n|upkeep\n|turn|17\n|\n|t:|1788289269\n|move|p2b: Sinistcha|Life Dew|p2b: Sinistcha|[spread] p2a,p2b\n|-heal|p2a: Grimmsnarl|53/100\n|-heal|p2b: Sinistcha|100/100 brn\n|move|p1b: Sinistcha|Life Dew||[still]|[spread] p1a,p1b\n|-heal|p1a: Shildman|84/100\n|-fail|p1b: Sinistcha|heal\n|move|p2a: Grimmsnarl|Spirit Break|p1a: Shildman\n|-supereffective|p1a: Shildman|1\n|-damage|p1a: Shildman|52/100\n|-unboost|p1a: Shildman|spa|1\n|move|p1a: Shildman|Body Press|p2a: Grimmsnarl\n|-damage|p2a: Grimmsnarl|10/100\n|\n|-heal|p2a: Grimmsnarl|16/100|[from] item: Leftovers\n|-damage|p2b: Sinistcha|93/100 brn|[from] brn\n|upkeep\n|turn|18\n|\n|t:|1788289288\n|move|p2b: Sinistcha|Rage Powder|p2b: Sinistcha\n|-singleturn|p2b: Sinistcha|move: Rage Powder\n|move|p1b: Sinistcha|Life Dew||[still]|[spread] p1a,p1b\n|-heal|p1a: Shildman|77/100\n|-fail|p1b: Sinistcha|heal\n|move|p2a: Grimmsnarl|Spirit Break|p1a: Shildman\n|-supereffective|p1a: Shildman|1\n|-damage|p1a: Shildman|46/100\n|-unboost|p1a: Shildman|spa|1\n|move|p1a: Shildman|Body Press|p2a: Grimmsnarl\n|-damage|p2a: Grimmsnarl|0 fnt\n|faint|p2a: Grimmsnarl\n|\n|-damage|p2b: Sinistcha|87/100 brn|[from] brn\n|upkeep\n|turn|19\n|\n|t:|1788289303\n|move|p1b: Sinistcha|Matcha Gotcha|p2b: Sinistcha\n|-resisted|p2b: Sinistcha|1\n|-damage|p2b: Sinistcha|70/100 brn\n|move|p2b: Sinistcha|Matcha Gotcha|p1b: Sinistcha|[spread] p1a,p1b\n|-resisted|p1a: Shildman|1\n|-resisted|p1b: Sinistcha|1\n|-damage|p1a: Shildman|35/100\n|-heal|p2b: Sinistcha|76/100 brn|[from] drain|[of] p1a: Shildman\n|-damage|p1b: Sinistcha|89/100\n|-heal|p2b: Sinistcha|82/100 brn|[from] drain|[of] p1b: Sinistcha\n|-status|p1a: Shildman|brn\n|move|p1a: Shildman|Wood Hammer|p2b: Sinistcha\n|-resisted|p2b: Sinistcha|1\n|-damage|p2b: Sinistcha|77/100 brn\n|-damage|p1a: Shildman|33/100 brn|[from] Recoil\n|\n|-heal|p1b: Sinistcha|95/100|[from] item: Leftovers\n|-damage|p2b: Sinistcha|71/100 brn|[from] brn\n|-damage|p1a: Shildman|27/100 brn|[from] brn\n|-sideend|p2: drake78976|Reflect\n|upkeep\n|turn|20\n|\n|t:|1788289319\n|move|p2b: Sinistcha|Matcha Gotcha|p1b: Sinistcha|[spread] p1a,p1b\n|-resisted|p1a: Shildman|1\n|-resisted|p1b: Sinistcha|1\n|-damage|p1a: Shildman|17/100 brn\n|-heal|p2b: Sinistcha|76/100 brn|[from] drain|[of] p1a: Shildman\n|-damage|p1b: Sinistcha|85/100\n|-heal|p2b: Sinistcha|82/100 brn|[from] drain|[of] p1b: Sinistcha\n|move|p1b: Sinistcha|Life Dew|p1b: Sinistcha|[spread] p1a,p1b\n|-heal|p1a: Shildman|43/100 brn\n|-heal|p1b: Sinistcha|100/100\n|move|p1a: Shildman|Wood Hammer|p2b: Sinistcha\n|-resisted|p2b: Sinistcha|1\n|-damage|p2b: Sinistcha|74/100 brn\n|-damage|p1a: Shildman|40/100 brn|[from] Recoil\n|\n|-damage|p2b: Sinistcha|67/100 brn|[from] brn\n|-damage|p1a: Shildman|34/100 brn|[from] brn\n|upkeep\n|turn|21\n|\n|t:|1788289335\n|move|p2b: Sinistcha|Matcha Gotcha|p1b: Sinistcha|[spread] p1a,p1b\n|-resisted|p1a: Shildman|1\n|-resisted|p1b: Sinistcha|1\n|-damage|p1a: Shildman|24/100 brn\n|-heal|p2b: Sinistcha|73/100 brn|[from] drain|[of] p1a: Shildman\n|-damage|p1b: Sinistcha|89/100\n|-heal|p2b: Sinistcha|78/100 brn|[from] drain|[of] p1b: Sinistcha\n|move|p1b: Sinistcha|Life Dew|p1b: Sinistcha|[spread] p1a,p1b\n|-heal|p1a: Shildman|49/100 brn\n|-heal|p1b: Sinistcha|100/100\n|move|p1a: Shildman|Wood Hammer|p2b: Sinistcha\n|-resisted|p2b: Sinistcha|1\n|-damage|p2b: Sinistcha|71/100 brn\n|-damage|p1a: Shildman|47/100 brn|[from] Recoil\n|\n|-damage|p2b: Sinistcha|65/100 brn|[from] brn\n|-damage|p1a: Shildman|41/100 brn|[from] brn\n|upkeep\n|turn|22\n|\n|t:|1788289355\n|move|p1b: Sinistcha|Life Dew||[still]|[spread] p1a,p1b\n|-heal|p1a: Shildman|66/100 brn\n|-fail|p1b: Sinistcha|heal\n|move|p2b: Sinistcha|Matcha Gotcha|p1b: Sinistcha|[spread] p1a\n|-miss|p2b: Sinistcha|p1b: Sinistcha\n|-resisted|p1a: Shildman|1\n|-damage|p1a: Shildman|56/100 brn\n|-heal|p2b: Sinistcha|71/100 brn|[from] drain|[of] p1a: Shildman\n|move|p1a: Shildman|Wood Hammer|p2b: Sinistcha\n|-resisted|p2b: Sinistcha|1\n|-damage|p2b: Sinistcha|64/100 brn\n|-damage|p1a: Shildman|54/100 brn|[from] Recoil\n|\n|-damage|p2b: Sinistcha|57/100 brn|[from] brn\n|-damage|p1a: Shildman|48/100 brn|[from] brn\n|upkeep\n|turn|23\n|\n|t:|1788289371\n|move|p1a: Shildman|Wide Guard|p1a: Shildman\n|-singleturn|p1a: Shildman|Wide Guard\n|move|p2b: Sinistcha|Life Dew|p2b: Sinistcha\n|-heal|p2b: Sinistcha|83/100 brn\n|move|p1b: Sinistcha|Matcha Gotcha|p2b: Sinistcha\n|-resisted|p2b: Sinistcha|1\n|-damage|p2b: Sinistcha|67/100 brn\n|\n|-damage|p2b: Sinistcha|61/100 brn|[from] brn\n|-damage|p1a: Shildman|42/100 brn|[from] brn\n|upkeep\n|turn|24\n|\n|t:|1788289386\n|move|p2b: Sinistcha|Life Dew|p2b: Sinistcha\n|-heal|p2b: Sinistcha|87/100 brn\n|move|p1b: Sinistcha|Matcha Gotcha|p2b: Sinistcha\n|-resisted|p2b: Sinistcha|1\n|-crit|p2b: Sinistcha\n|-damage|p2b: Sinistcha|64/100 brn\n|move|p1a: Shildman|Wood Hammer|p2b: Sinistcha\n|-resisted|p2b: Sinistcha|1\n|-damage|p2b: Sinistcha|57/100 brn\n|-damage|p1a: Shildman|40/100 brn|[from] Recoil\n|\n|-damage|p2b: Sinistcha|51/100 brn|[from] brn\n|-damage|p1a: Shildman|34/100 brn|[from] brn\n|upkeep\n|turn|25\n|\n|t:|1788289399\n|move|p1b: Sinistcha|Matcha Gotcha|p2b: Sinistcha|[miss]\n|-miss|p1b: Sinistcha|p2b: Sinistcha\n|move|p2b: Sinistcha|Matcha Gotcha|p1a: Shildman|[spread] p1a\n|-miss|p2b: Sinistcha|p1b: Sinistcha\n|-resisted|p1a: Shildman|1\n|-damage|p1a: Shildman|24/100 brn\n|-heal|p2b: Sinistcha|56/100 brn|[from] drain|[of] p1a: Shildman\n|move|p1a: Shildman|Wood Hammer|p2b: Sinistcha\n|-resisted|p2b: Sinistcha|1\n|-damage|p2b: Sinistcha|48/100 brn\n|-damage|p1a: Shildman|21/100 brn|[from] Recoil\n|\n|-damage|p2b: Sinistcha|42/100 brn|[from] brn\n|-damage|p1a: Shildman|15/100 brn|[from] brn\n|upkeep\n|turn|26\n|\n|t:|1788289414\n|move|p2b: Sinistcha|Matcha Gotcha|p1a: Shildman|[spread] p1a,p1b\n|-resisted|p1a: Shildman|1\n|-resisted|p1b: Sinistcha|1\n|-damage|p1a: Shildman|6/100 brn\n|-heal|p2b: Sinistcha|47/100 brn|[from] drain|[of] p1a: Shildman\n|-damage|p1b: Sinistcha|89/100\n|-heal|p2b: Sinistcha|52/100 brn|[from] drain|[of] p1b: Sinistcha\n|move|p1b: Sinistcha|Life Dew|p1b: Sinistcha|[spread] p1a,p1b\n|-heal|p1a: Shildman|31/100 brn\n|-heal|p1b: Sinistcha|100/100\n|move|p1a: Shildman|Wood Hammer|p2b: Sinistcha\n|-resisted|p2b: Sinistcha|1\n|-damage|p2b: Sinistcha|45/100 brn\n|-damage|p1a: Shildman|29/100 brn|[from] Recoil\n|\n|-damage|p2b: Sinistcha|39/100 brn|[from] brn\n|-damage|p1a: Shildman|23/100 brn|[from] brn\n|upkeep\n|turn|27\n|\n|t:|1788289431\n|move|p2b: Sinistcha|Matcha Gotcha|p1a: Shildman|[spread] p1b\n|-miss|p2b: Sinistcha|p1a: Shildman\n|-resisted|p1b: Sinistcha|1\n|-damage|p1b: Sinistcha|89/100\n|-heal|p2b: Sinistcha|44/100 brn|[from] drain|[of] p1b: Sinistcha\n|move|p1b: Sinistcha|Life Dew|p1b: Sinistcha|[spread] p1a,p1b\n|-heal|p1a: Shildman|48/100 brn\n|-heal|p1b: Sinistcha|100/100\n|move|p1a: Shildman|Wood Hammer|p2b: Sinistcha\n|-resisted|p2b: Sinistcha|1\n|-damage|p2b: Sinistcha|37/100 brn\n|-damage|p1a: Shildman|46/100 brn|[from] Recoil\n|\n|-damage|p2b: Sinistcha|31/100 brn|[from] brn\n|-damage|p1a: Shildman|41/100 brn|[from] brn\n|upkeep\n|turn|28\n|\n|t:|1788289450\n|move|p1b: Sinistcha|Matcha Gotcha|p2b: Sinistcha\n|-resisted|p2b: Sinistcha|1\n|-damage|p2b: Sinistcha|14/100 brn\n|move|p2b: Sinistcha|Matcha Gotcha|p1b: Sinistcha|[spread] p1a,p1b\n|-resisted|p1a: Shildman|1\n|-resisted|p1b: Sinistcha|1\n|-damage|p1a: Shildman|31/100 brn\n|-heal|p2b: Sinistcha|19/100 brn|[from] drain|[of] p1a: Shildman\n|-damage|p1b: Sinistcha|90/100\n|-heal|p2b: Sinistcha|24/100 brn|[from] drain|[of] p1b: Sinistcha\n|move|p1a: Shildman|Wood Hammer|p2b: Sinistcha\n|-resisted|p2b: Sinistcha|1\n|-damage|p2b: Sinistcha|16/100 brn\n|-damage|p1a: Shildman|28/100 brn|[from] Recoil\n|\n|-heal|p1b: Sinistcha|96/100|[from] item: Leftovers\n|-damage|p2b: Sinistcha|10/100 brn|[from] brn\n|-damage|p1a: Shildman|23/100 brn|[from] brn\n|upkeep\n|turn|29\n|\n|t:|1788289461\n|move|p2b: Sinistcha|Life Dew|p2b: Sinistcha\n|-heal|p2b: Sinistcha|35/100 brn\n|move|p1b: Sinistcha|Matcha Gotcha|p2b: Sinistcha|[miss]\n|-miss|p1b: Sinistcha|p2b: Sinistcha\n|move|p1a: Shildman|Wood Hammer|p2b: Sinistcha\n|-resisted|p2b: Sinistcha|1\n|-damage|p2b: Sinistcha|28/100 brn\n|-damage|p1a: Shildman|20/100y brn|[from] Recoil\n|\n|-heal|p1b: Sinistcha|100/100|[from] item: Leftovers\n|-damage|p2b: Sinistcha|21/100 brn|[from] brn\n|-damage|p1a: Shildman|14/100 brn|[from] brn\n|upkeep\n|turn|30\n|\n|t:|1788289474\n|move|p1b: Sinistcha|Life Dew||[still]|[spread] p1a,p1b\n|-heal|p1a: Shildman|40/100 brn\n|-fail|p1b: Sinistcha|heal\n|move|p2b: Sinistcha|Matcha Gotcha|p1b: Sinistcha|[spread] p1a,p1b\n|-resisted|p1a: Shildman|1\n|-resisted|p1b: Sinistcha|1\n|-damage|p1a: Shildman|30/100 brn\n|-heal|p2b: Sinistcha|26/100 brn|[from] drain|[of] p1a: Shildman\n|-damage|p1b: Sinistcha|90/100\n|-heal|p2b: Sinistcha|32/100 brn|[from] drain|[of] p1b: Sinistcha\n|move|p1a: Shildman|Wood Hammer|p2b: Sinistcha\n|-resisted|p2b: Sinistcha|1\n|-damage|p2b: Sinistcha|25/100 brn\n|-damage|p1a: Shildman|28/100 brn|[from] Recoil\n|\n|-heal|p1b: Sinistcha|96/100|[from] item: Leftovers\n|-damage|p2b: Sinistcha|19/100 brn|[from] brn\n|-damage|p1a: Shildman|22/100 brn|[from] brn\n|upkeep\n|turn|31\n|\n|t:|1788289491\n|move|p2b: Sinistcha|Matcha Gotcha|p1b: Sinistcha|[spread] p1a,p1b\n|-resisted|p1a: Shildman|1\n|-resisted|p1b: Sinistcha|1\n|-damage|p1a: Shildman|12/100 brn\n|-heal|p2b: Sinistcha|24/100 brn|[from] drain|[of] p1a: Shildman\n|-damage|p1b: Sinistcha|86/100\n|-heal|p2b: Sinistcha|29/100 brn|[from] drain|[of] p1b: Sinistcha\n|move|p1b: Sinistcha|Matcha Gotcha|p2b: Sinistcha\n|-resisted|p2b: Sinistcha|1\n|-damage|p2b: Sinistcha|14/100 brn\n|-heal|p1b: Sinistcha|94/100|[from] drain|[of] p2b: Sinistcha\n|move|p1a: Shildman|Wood Hammer|p2b: Sinistcha\n|-resisted|p2b: Sinistcha|1\n|-damage|p2b: Sinistcha|7/100 brn\n|-damage|p1a: Shildman|10/100 brn|[from] Recoil\n|\n|-heal|p1b: Sinistcha|100/100|[from] item: Leftovers\n|-damage|p2b: Sinistcha|1/100 brn|[from] brn\n|-damage|p1a: Shildman|4/100 brn|[from] brn\n|upkeep\n|turn|32\n|\n|t:|1788289517\n|move|p2b: Sinistcha|Life Dew|p2b: Sinistcha\n|-heal|p2b: Sinistcha|26/100 brn\n|move|p1b: Sinistcha|Matcha Gotcha|p2b: Sinistcha\n|-resisted|p2b: Sinistcha|1\n|-damage|p2b: Sinistcha|10/100 brn\n|move|p1a: Shildman|Wood Hammer|p2b: Sinistcha\n|-resisted|p2b: Sinistcha|1\n|-damage|p2b: Sinistcha|3/100 brn\n|-damage|p1a: Shildman|2/100 brn|[from] Recoil\n|\n|-damage|p2b: Sinistcha|0 fnt|[from] brn\n|faint|p2b: Sinistcha\n|\n|win|ReiTolo07\n|raw|ReiTolo07's rating: 1134 &rarr; <strong>1166</strong><br />(+32 for winning)\n|raw|drake78976's rating: 1235 &rarr; <strong>1203</strong><br />(-32 for losing)\n","uploadtime":1788289523,"views":"1","formatid":"gen9championsvgc2026regmb","rating":1166,"private":0,"password":null}