{"id":"gen9championsvgc2026regmb-2674543494","format":"[Gen 9 Champions] VGC 2026 Reg M-B","players":["tegboy","HowDz"],"log":"|j|☆tegboy\n|j|☆HowDz\n|html|<table width=\"100%\"><tr><td align=\"left\">tegboy</td><td align=\"right\">HowDz</tr><tr><td align=\"left\"><i class=\"fa fa-circle\"></i> <i class=\"fa fa-circle-o\"></i> </td><td align=\"right\"><i class=\"fa fa-circle-o\"></i> <i class=\"fa fa-circle\"></i> </tr></table>\n|uhtml|bestof|<h2><strong>Game 3</strong> of <a href=\"/game-bestof3-gen9championsvgc2026regmb-2674536641\">a best-of-3</a></h2>\n|t:|1788372113\n|gametype|doubles\n|player|p1|tegboy|170|\n|player|p2|HowDz|lance|\n|gen|9\n|tier|[Gen 9 Champions] VGC 2026 Reg M-B\n|rule|Species Clause: Limit one of each Pokémon\n|rule|Item Clause: Limit 1 of each item\n|raw|<div class=\"infobox\"><details class=\"readmore\" open><summary><strong>2 custom rules:</strong></summary> Best of = 3, !Open Team Sheets</details></div>\n|clearpoke\n|poke|p1|Tyranitar, L50, M|\n|poke|p1|Excadrill, L50, F|\n|poke|p1|Sinistcha, L50|\n|poke|p1|Feraligatr, L50, M|\n|poke|p1|Gliscor, L50, F|\n|poke|p1|Houndstone, L50, F|\n|poke|p2|Floette-Eternal, L50, F|\n|poke|p2|Whimsicott, L50, M|\n|poke|p2|Lucario, L50, F|\n|poke|p2|Tauros, L50, M|\n|poke|p2|Eelektross, L50, M|\n|poke|p2|Annihilape, L50, M|\n|teampreview|4\n|\n|t:|1788372171\n|teamsize|p1|4\n|teamsize|p2|4\n|start\n|switch|p1a: Tyranitar|Tyranitar, L50, M|100/100\n|switch|p1b: Excadrill|Excadrill, L50, F|100/100\n|switch|p2a: Whimsicott|Whimsicott, L50, M|100/100\n|switch|p2b: Annihilape|Annihilape, L50, M|100/100\n|-weather|Sandstorm|[from] ability: Sand Stream|[of] p1a: Tyranitar\n|turn|1\n|\n|t:|1788372199\n|switch|p1a: Houndstone|Houndstone, L50, F|100/100\n|move|p1b: Excadrill|Protect|p1b: Excadrill\n|-singleturn|p1b: Excadrill|Protect\n|move|p2a: Whimsicott|Sunny Day|p2a: Whimsicott\n|-weather|SunnyDay\n|move|p2b: Annihilape|U-turn|p1b: Excadrill\n|-activate|p1b: Excadrill|move: Protect\n|\n|-weather|SunnyDay|[upkeep]\n|upkeep\n|turn|2\n|\n|t:|1788372228\n|move|p2a: Whimsicott|Sunny Day||[still]\n|-fail|p2a: Whimsicott\n|move|p2b: Annihilape|U-turn|p1b: Excadrill\n|-resisted|p1b: Excadrill|1\n|-damage|p1b: Excadrill|81/100\n|\n|t:|1788372233\n|switch|p2b: Tauros|Tauros, L50, M|100/100|[from] U-turn\n|-ability|p2b: Tauros|Intimidate|boost\n|-unboost|p1a: Houndstone|atk|1\n|-unboost|p1b: Excadrill|atk|1\n|move|p1b: Excadrill|Iron Head|p2a: Whimsicott\n|-supereffective|p2a: Whimsicott|1\n|-damage|p2a: Whimsicott|5/100\n|move|p1a: Houndstone|Will-O-Wisp|p2b: Tauros\n|-status|p2b: Tauros|brn\n|\n|-weather|SunnyDay|[upkeep]\n|-damage|p2b: Tauros|93/100 brn|[from] brn\n|upkeep\n|turn|3\n|\n|t:|1788372253\n|switch|p1a: Tyranitar|Tyranitar, L50, M|100/100\n|-weather|Sandstorm|[from] ability: Sand Stream|[of] p1a: Tyranitar\n|move|p2a: Whimsicott|Protect|p2a: Whimsicott\n|-singleturn|p2a: Whimsicott|Protect\n|move|p1b: Excadrill|Iron Head|p2a: Whimsicott\n|-activate|p2a: Whimsicott|move: Protect\n|move|p2b: Tauros|Close Combat|p1b: Excadrill\n|-supereffective|p1b: Excadrill|1\n|-damage|p1b: Excadrill|37/100\n|-unboost|p2b: Tauros|def|1\n|-unboost|p2b: Tauros|spd|1\n|\n|-weather|Sandstorm|[upkeep]\n|-damage|p2a: Whimsicott|0 fnt|[from] Sandstorm\n|-damage|p2b: Tauros|87/100 brn|[from] Sandstorm\n|faint|p2a: Whimsicott\n|-damage|p2b: Tauros|81/100 brn|[from] brn\n|upkeep\n|\n|t:|1788372279\n|switch|p2a: Annihilape|Annihilape, L50, M|100/100\n|turn|4\n|\n|t:|1788372329\n|switch|p1b: Sinistcha|Sinistcha, L50|100/100\n|switch|p1a: Houndstone|Houndstone, L50, F|100/100\n|move|p2a: Annihilape|Close Combat|p1a: Houndstone\n|-immune|p1a: Houndstone\n|move|p2b: Tauros|Close Combat|p1b: Sinistcha\n|-immune|p1b: Sinistcha\n|\n|-weather|Sandstorm|[upkeep]\n|-damage|p2a: Annihilape|94/100|[from] Sandstorm\n|-damage|p2b: Tauros|75/100 brn|[from] Sandstorm\n|-damage|p1b: Sinistcha|93/100|[from] Sandstorm\n|-damage|p2b: Tauros|69/100 brn|[from] brn\n|upkeep\n|turn|5\n|\n|t:|1788372343\n|switch|p2a: Floette|Floette-Eternal, L50, F|100/100\n|move|p1a: Houndstone|Will-O-Wisp|p2a: Floette\n|-status|p2a: Floette|brn\n|move|p2b: Tauros|Icy Wind|p1a: Houndstone|[spread] p1a,p1b\n|-supereffective|p1b: Sinistcha|1\n|-damage|p1a: Houndstone|95/100\n|-damage|p1b: Sinistcha|82/100\n|-unboost|p1a: Houndstone|spe|1\n|-unboost|p1b: Sinistcha|spe|1\n|move|p1b: Sinistcha|Matcha Gotcha|p2a: Floette|[spread] p2a,p2b\n|-damage|p2a: Floette|70/100 brn\n|-heal|p1b: Sinistcha|95/100|[from] drain|[of] p2a: Floette\n|-damage|p2b: Tauros|4/100 brn\n|-heal|p1b: Sinistcha|100/100|[from] drain|[of] p2b: Tauros\n|-enditem|p2b: Tauros|Sitrus Berry|[eat]\n|-heal|p2b: Tauros|29/100 brn|[from] item: Sitrus Berry\n|\n|-weather|Sandstorm|[upkeep]\n|-damage|p2b: Tauros|23/100 brn|[from] Sandstorm\n|-damage|p2a: Floette|64/100 brn|[from] Sandstorm\n|-damage|p1b: Sinistcha|93/100|[from] Sandstorm\n|-damage|p2b: Tauros|17/100 brn|[from] brn\n|-damage|p2a: Floette|58/100 brn|[from] brn\n|upkeep\n|turn|6\n|\n|t:|1788372359\n|detailschange|p2a: Floette|Floette-Mega, L50, F\n|-mega|p2a: Floette|Floette|Floettite\n|-ability|p2a: Floette|Fairy Aura\n|move|p1a: Houndstone|Psychic Fangs|p2a: Floette\n|-damage|p2a: Floette|32/100 brn\n|move|p2b: Tauros|Icy Wind|p1b: Sinistcha|[spread] p1a,p1b\n|-supereffective|p1b: Sinistcha|1\n|-damage|p1a: Houndstone|91/100\n|-damage|p1b: Sinistcha|83/100\n|-unboost|p1a: Houndstone|spe|1\n|-unboost|p1b: Sinistcha|spe|1\n|move|p2a: Floette|Dazzling Gleam|p1b: Sinistcha|[spread] p1a,p1b\n|-damage|p1a: Houndstone|39/100\n|-damage|p1b: Sinistcha|28/100\n|-enditem|p1a: Houndstone|Sitrus Berry|[eat]\n|-heal|p1a: Houndstone|63/100|[from] item: Sitrus Berry\n|move|p1b: Sinistcha|Matcha Gotcha|p2a: Floette|[spread] p2a\n|-miss|p1b: Sinistcha|p2b: Tauros\n|-damage|p2a: Floette|3/100 brn\n|-heal|p1b: Sinistcha|41/100|[from] drain|[of] p2a: Floette\n|\n|-weather|Sandstorm|[upkeep]\n|-damage|p2b: Tauros|11/100 brn|[from] Sandstorm\n|-damage|p2a: Floette|0 fnt|[from] Sandstorm\n|-damage|p1b: Sinistcha|34/100|[from] Sandstorm\n|faint|p2a: Floette\n|-damage|p2b: Tauros|5/100 brn|[from] brn\n|upkeep\n|\n|t:|1788372371\n|switch|p2a: Annihilape|Annihilape, L50, M|94/100\n|turn|7\n|\n|t:|1788372430\n|move|p2a: Annihilape|Ice Punch|p1b: Sinistcha\n|-supereffective|p1b: Sinistcha|1\n|-damage|p1b: Sinistcha|0 fnt\n|faint|p1b: Sinistcha\n|move|p2b: Tauros|Throat Chop|p1a: Houndstone\n|-supereffective|p1a: Houndstone|1\n|-damage|p1a: Houndstone|41/100\n|-start|p1a: Houndstone|Throat Chop|[silent]\n|move|p1a: Houndstone|Will-O-Wisp|p2a: Annihilape\n|-status|p2a: Annihilape|brn\n|\n|-weather|none\n|-damage|p2a: Annihilape|88/100 brn|[from] brn\n|-damage|p2b: Tauros|0 fnt|[from] brn\n|faint|p2b: Tauros\n|upkeep\n|\n|t:|1788372447\n|switch|p1b: Tyranitar|Tyranitar, L50, M|100/100\n|-weather|Sandstorm|[from] ability: Sand Stream|[of] p1b: Tyranitar\n|turn|8\n|\n|t:|1788372459\n|detailschange|p1b: Tyranitar|Tyranitar-Mega, L50, M\n|-mega|p1b: Tyranitar|Tyranitar|Tyranitarite\n|move|p2a: Annihilape|Ice Punch|p1a: Houndstone\n|-damage|p1a: Houndstone|27/100\n|move|p1a: Houndstone|Last Respects|p2a: Annihilape\n|-supereffective|p2a: Annihilape|1\n|-damage|p2a: Annihilape|15/100 brn\n|move|p1b: Tyranitar|Knock Off|p2a: Annihilape\n|-damage|p2a: Annihilape|0 fnt\n|-enditem|p2a: Annihilape|Choice Scarf|[from] move: Knock Off|[of] p1b: Tyranitar\n|faint|p2a: Annihilape\n|\n|win|tegboy\n","uploadtime":1788372461,"views":"10","formatid":"gen9championsvgc2026regmb","rating":null,"private":0,"password":null}