{"id":"gen9championsvgc2026regmbbo3-2674543293","format":"[Gen 9 Champions] VGC 2026 Reg M-B (Bo3)","players":["bingbongwhoosh","Olciax34"],"log":"|j|☆bingbongwhoosh\n|j|☆Olciax34\n|html|<table width=\"100%\"><tr><td align=\"left\">bingbongwhoosh</td><td align=\"right\">Olciax34</tr><tr><td align=\"left\"><i class=\"fa fa-circle-o\"></i> <i class=\"fa fa-circle-o\"></i> </td><td align=\"right\"><i class=\"fa fa-circle-o\"></i> <i class=\"fa fa-circle-o\"></i> </tr></table>\n|uhtml|bestof|<h2><strong>Game 1</strong> of <a href=\"/game-bestof3-gen9championsvgc2026regmbbo3-2674543291\">a best-of-3</a></h2>\n|t:|1788372089\n|gametype|doubles\n|player|p1|bingbongwhoosh|169|1233\n|player|p2|Olciax34|clair|1342\n|gen|9\n|tier|[Gen 9 Champions] VGC 2026 Reg M-B (Bo3)\n|rated|\n|rule|Species Clause: Limit one of each Pokémon\n|rule|Item Clause: Limit 1 of each item\n|clearpoke\n|poke|p1|Charizard, L50, F|\n|poke|p1|Venusaur, L50, M|\n|poke|p1|Mamoswine, L50, M|\n|poke|p1|Garchomp, L50, M|\n|poke|p1|Incineroar, L50, M|\n|poke|p1|Toxapex, L50, M|\n|poke|p2|Floette-Eternal, L50, F|\n|poke|p2|Sinistcha, L50|\n|poke|p2|Incineroar, L50, M|\n|poke|p2|Basculegion, L50, M|\n|poke|p2|Sneasler, L50, M|\n|poke|p2|Dragonite, L50, M|\n|teampreview|4\n|showteam|p1|Charizard||CharizarditeY|Blaze|HeatWave,WeatherBall,HelpingHand,Protect|Modest||F|||50|]Venusaur||LifeOrb|Chlorophyll|LeafStorm,SludgeBomb,EarthPower,Protect|Modest||M|||50|]Mamoswine||FocusSash|Oblivious|HighHorsepower,RockTomb,IceShard,Protect|Jolly||M|||50|]Garchomp||ChoiceScarf|RoughSkin|DragonClaw,Earthquake,RockSlide,StompingTantrum|Adamant||M|||50|]Incineroar||SitrusBerry|Intimidate|FlareBlitz,ThroatChop,PartingShot,FakeOut|Impish||M|||50|]Toxapex||Leftovers|Regenerator|Toxic,Infestation,WideGuard,BanefulBunker|Bold||M|||50|\n|showteam|p2|Floette-Eternal||Floettite|FlowerVeil|DazzlingGleam,DrainingKiss,CalmMind,Protect|Modest||F|||50|]Sinistcha||ColburBerry|Hospitality|MatchaGotcha,TrickRoom,RagePowder,Protect|Calm|||||50|]Incineroar||SitrusBerry|Intimidate|FlareBlitz,ThroatChop,PartingShot,FakeOut|Careful||M|||50|]Basculegion||ChoiceScarf|Adaptability|WaveCrash,FlipTurn,AquaJet,LastRespects|Jolly||M|||50|]Sneasler||FocusSash|PoisonTouch|FakeOut,PoisonJab,CloseCombat,Coaching|Jolly||M|||50|]Dragonite||Dragoninite|Multiscale|DragonPulse,HeatWave,ExtremeSpeed,Protect|Modest||M|||50|\n|inactive|Battle timer is ON: inactive players will automatically lose when time's up. (requested by Olciax34)\n|\n|t:|1788372122\n|teamsize|p1|4\n|teamsize|p2|4\n|start\n|switch|p1a: Incineroar|Incineroar, L50, M|100/100\n|switch|p1b: Toxapex|Toxapex, L50, M|100/100\n|switch|p2a: Dragonite|Dragonite, L50, M|100/100\n|switch|p2b: Incineroar|Incineroar, L50, M|100/100\n|-ability|p1a: Incineroar|Intimidate|boost\n|-unboost|p2a: Dragonite|atk|1\n|-unboost|p2b: Incineroar|atk|1\n|-ability|p2b: Incineroar|Intimidate|boost\n|-unboost|p1a: Incineroar|atk|1\n|-unboost|p1b: Toxapex|atk|1\n|turn|1\n|\n|t:|1788372139\n|switch|p2a: Basculegion|Basculegion, L50, M|100/100\n|move|p1a: Incineroar|Fake Out|p2a: Basculegion\n|-immune|p2a: Basculegion\n|move|p2b: Incineroar|Throat Chop|p1a: Incineroar\n|-resisted|p1a: Incineroar|1\n|-crit|p1a: Incineroar\n|-damage|p1a: Incineroar|79/100\n|-start|p1a: Incineroar|Throat Chop|[silent]\n|move|p1b: Toxapex|Toxic|p2a: Basculegion\n|-status|p2a: Basculegion|tox\n|\n|-damage|p2a: Basculegion|93/100 tox|[from] psn\n|upkeep\n|turn|2\n|\n|t:|1788372162\n|switch|p1a: Venusaur|Venusaur, L50, M|100/100\n|move|p2a: Basculegion|Flip Turn|p1a: Venusaur\n|-resisted|p1a: Venusaur|1\n|-damage|p1a: Venusaur|74/100\n|\n|t:|1788372173\n|switch|p2a: Sneasler|Sneasler, L50, M|100/100|[from] Flip Turn\n|move|p2b: Incineroar|Parting Shot|p1a: Venusaur\n|-unboost|p1a: Venusaur|atk|1\n|-unboost|p1a: Venusaur|spa|1\n|\n|t:|1788372179\n|switch|p2b: Basculegion|Basculegion, L50, M|93/100 tox|[from] Parting Shot\n|move|p1b: Toxapex|Toxic|p2b: Basculegion\n|-fail|p2b: Basculegion|tox\n|\n|-damage|p2b: Basculegion|87/100 tox|[from] psn\n|upkeep\n|turn|3\n|\n|t:|1788372189\n|switch|p1a: Incineroar|Incineroar, L50, M|79/100\n|-ability|p1a: Incineroar|Intimidate|boost\n|-unboost|p2a: Sneasler|atk|1\n|-unboost|p2b: Basculegion|atk|1\n|move|p1b: Toxapex|Baneful Bunker|p1b: Toxapex\n|-singleturn|p1b: Toxapex|move: Protect\n|move|p2a: Sneasler|Fake Out|p1b: Toxapex\n|-activate|p1b: Toxapex|move: Protect\n|move|p2b: Basculegion|Flip Turn|p1a: Incineroar\n|-supereffective|p1a: Incineroar|1\n|-damage|p1a: Incineroar|39/100\n|-enditem|p1a: Incineroar|Sitrus Berry|[eat]\n|-heal|p1a: Incineroar|64/100|[from] item: Sitrus Berry\n|\n|t:|1788372202\n|switch|p2b: Incineroar|Incineroar, L50, M|100/100|[from] Flip Turn\n|-ability|p2b: Incineroar|Intimidate|boost\n|-unboost|p1a: Incineroar|atk|1\n|-unboost|p1b: Toxapex|atk|1\n|\n|upkeep\n|turn|4\n|\n|t:|1788372211\n|move|p1a: Incineroar|Fake Out|p2a: Sneasler\n|-damage|p2a: Sneasler|88/100\n|move|p2b: Incineroar|Fake Out|p1a: Incineroar\n|-damage|p1a: Incineroar|55/100\n|cant|p2a: Sneasler|flinch\n|move|p1b: Toxapex|Toxic|p2b: Incineroar\n|-status|p2b: Incineroar|tox\n|\n|-damage|p2b: Incineroar|94/100 tox|[from] psn\n|upkeep\n|turn|5\n|\n|t:|1788372227\n|move|p2a: Sneasler|Close Combat|p1a: Incineroar\n|-supereffective|p1a: Incineroar|1\n|-damage|p1a: Incineroar|0 fnt\n|-unboost|p2a: Sneasler|def|1\n|-unboost|p2a: Sneasler|spd|1\n|faint|p1a: Incineroar\n|move|p2b: Incineroar|Parting Shot|p1b: Toxapex\n|-unboost|p1b: Toxapex|atk|1\n|-unboost|p1b: Toxapex|spa|1\n|\n|t:|1788372239\n|switch|p2b: Basculegion|Basculegion, L50, M|87/100 tox|[from] Parting Shot\n|move|p1b: Toxapex|Infestation|p2a: Sneasler\n|-resisted|p2a: Sneasler|2\n|-damage|p2a: Sneasler|87/100\n|-activate|p2a: Sneasler|move: Infestation|[of] p1b: Toxapex\n|\n|-damage|p2b: Basculegion|81/100 tox|[from] psn\n|-damage|p2a: Sneasler|75/100|[from] move: Infestation|[partiallytrapped]\n|upkeep\n|\n|t:|1788372248\n|switch|p1a: Charizard|Charizard, L50, F|100/100\n|turn|6\n|\n|t:|1788372259\n|move|p1a: Charizard|Protect|p1a: Charizard\n|-singleturn|p1a: Charizard|Protect\n|move|p2b: Basculegion|Flip Turn|p1a: Charizard\n|-activate|p1a: Charizard|move: Protect\n|move|p2a: Sneasler|Poison Jab|p1a: Charizard\n|-activate|p1a: Charizard|move: Protect\n|move|p1b: Toxapex|Infestation|p2b: Basculegion\n|-resisted|p2b: Basculegion|1\n|-damage|p2b: Basculegion|80/100 tox\n|-activate|p2b: Basculegion|move: Infestation|[of] p1b: Toxapex\n|\n|-damage|p2b: Basculegion|68/100 tox|[from] psn\n|-damage|p2b: Basculegion|55/100 tox|[from] move: Infestation|[partiallytrapped]\n|-damage|p2a: Sneasler|63/100|[from] move: Infestation|[partiallytrapped]\n|upkeep\n|turn|7\n|\n|t:|1788372277\n|switch|p1b: Venusaur|Venusaur, L50, M|74/100\n|detailschange|p1a: Charizard|Charizard-Mega-Y, L50, F\n|-mega|p1a: Charizard|Charizard|Charizardite Y\n|-weather|SunnyDay|[from] ability: Drought|[of] p1a: Charizard\n|move|p2b: Basculegion|Flip Turn|p1a: Charizard\n|-supereffective|p1a: Charizard|1\n|-damage|p1a: Charizard|62/100\n|\n|t:|1788372285\n|switch|p2b: Incineroar|Incineroar, L50, M|94/100 tox|[from] Flip Turn\n|-ability|p2b: Incineroar|Intimidate|boost\n|-unboost|p1a: Charizard|atk|1\n|-unboost|p1b: Venusaur|atk|1\n|move|p2a: Sneasler|Poison Jab|p1a: Charizard\n|-damage|p1a: Charizard|35/100\n|move|p1a: Charizard|Heat Wave|p2a: Sneasler|[spread] p2a,p2b\n|-resisted|p2b: Incineroar|1\n|-damage|p2a: Sneasler|0 fnt\n|-damage|p2b: Incineroar|67/100 tox\n|faint|p2a: Sneasler\n|\n|-weather|SunnyDay|[upkeep]\n|-damage|p2b: Incineroar|61/100 tox|[from] psn\n|upkeep\n|\n|t:|1788372297\n|switch|p2a: Dragonite|Dragonite, L50, M|100/100\n|turn|8\n|\n|t:|1788372311\n|switch|p1a: Toxapex|Toxapex, L50, M|100/100\n|detailschange|p2a: Dragonite|Dragonite-Mega, L50, M\n|-mega|p2a: Dragonite|Dragonite|Dragoninite\n|move|p1b: Venusaur|Protect|p1b: Venusaur\n|-singleturn|p1b: Venusaur|Protect\n|move|p2a: Dragonite|Heat Wave|p1a: Toxapex|[spread] p1a\n|-activate|p1b: Venusaur|move: Protect\n|-resisted|p1a: Toxapex|1\n|-damage|p1a: Toxapex|84/100\n|move|p2b: Incineroar|Throat Chop|p1a: Toxapex\n|-damage|p1a: Toxapex|63/100\n|-start|p1a: Toxapex|Throat Chop|[silent]\n|\n|-weather|SunnyDay|[upkeep]\n|-heal|p1a: Toxapex|68/100|[from] item: Leftovers\n|-damage|p2b: Incineroar|50/100y tox|[from] psn\n|upkeep\n|-enditem|p2b: Incineroar|Sitrus Berry|[eat]\n|-heal|p2b: Incineroar|74/100 tox|[from] item: Sitrus Berry\n|turn|9\n|inactive|Olciax34 has 30 seconds left.\n|\n|t:|1788372342\n|move|p1b: Venusaur|Earth Power|p2b: Incineroar\n|-supereffective|p2b: Incineroar|1\n|-damage|p2b: Incineroar|14/100 tox\n|-damage|p1b: Venusaur|64/100|[from] item: Life Orb\n|move|p2a: Dragonite|Dragon Pulse|p1b: Venusaur\n|-damage|p1b: Venusaur|12/100\n|move|p2b: Incineroar|Flare Blitz|p1b: Venusaur\n|-supereffective|p1b: Venusaur|1\n|-damage|p1b: Venusaur|0 fnt\n|faint|p1b: Venusaur\n|-damage|p2b: Incineroar|10/100 tox|[from] Recoil\n|move|p1a: Toxapex|Infestation|p2a: Dragonite\n|-resisted|p2a: Dragonite|1\n|-damage|p2a: Dragonite|99/100\n|-activate|p2a: Dragonite|move: Infestation|[of] p1a: Toxapex\n|\n|-weather|SunnyDay|[upkeep]\n|-heal|p1a: Toxapex|74/100|[from] item: Leftovers\n|-damage|p2b: Incineroar|0 fnt|[from] psn\n|faint|p2b: Incineroar\n|-damage|p2a: Dragonite|87/100|[from] move: Infestation|[partiallytrapped]\n|-end|p1a: Toxapex|Throat Chop|[silent]\n|upkeep\n|\n|t:|1788372363\n|switch|p1b: Charizard|Charizard-Mega-Y, L50, F|35/100\n|switch|p2b: Basculegion|Basculegion, L50, M|55/100 tox\n|turn|10\n|\n|t:|1788372375\n|move|p2b: Basculegion|Last Respects|p1b: Charizard\n|-damage|p1b: Charizard|0 fnt\n|faint|p1b: Charizard\n|move|p2a: Dragonite|Dragon Pulse|p1a: Toxapex\n|-damage|p1a: Toxapex|37/100\n|move|p1a: Toxapex|Toxic|p2a: Dragonite\n|-status|p2a: Dragonite|tox\n|\n|-weather|SunnyDay|[upkeep]\n|-heal|p1a: Toxapex|43/100|[from] item: Leftovers\n|-damage|p2b: Basculegion|49/100 tox|[from] psn\n|-damage|p2a: Dragonite|81/100 tox|[from] psn\n|-damage|p2a: Dragonite|69/100 tox|[from] move: Infestation|[partiallytrapped]\n|upkeep\n|turn|11\n|\n|t:|1788372389\n|move|p1a: Toxapex|Baneful Bunker|p1a: Toxapex\n|-singleturn|p1a: Toxapex|move: Protect\n|move|p2b: Basculegion|Last Respects|p1a: Toxapex\n|-activate|p1a: Toxapex|move: Protect\n|move|p2a: Dragonite|Dragon Pulse|p1a: Toxapex\n|-activate|p1a: Toxapex|move: Protect\n|\n|-weather|none\n|-heal|p1a: Toxapex|49/100|[from] item: Leftovers\n|-damage|p2b: Basculegion|37/100 tox|[from] psn\n|-damage|p2a: Dragonite|57/100 tox|[from] psn\n|-damage|p2a: Dragonite|44/100 tox|[from] move: Infestation|[partiallytrapped]\n|upkeep\n|turn|12\n|\n|t:|1788372405\n|move|p1a: Toxapex|Baneful Bunker||[still]\n|-fail|p1a: Toxapex\n|move|p2b: Basculegion|Last Respects|p1a: Toxapex\n|-damage|p1a: Toxapex|0 fnt\n|faint|p1a: Toxapex\n|\n|win|Olciax34\n","uploadtime":1788372405,"views":"0","formatid":"gen9championsvgc2026regmbbo3","rating":null,"private":0,"password":null}