{"id":"gen9championsvgc2026regmb-2674981819","format":"[Gen 9 Champions] VGC 2026 Reg M-B","players":["hhdvch","SP4MT0N1997"],"log":"|j|☆hhdvch\n|j|☆SP4MT0N1997\n|t:|1788444975\n|gametype|doubles\n|player|p1|hhdvch|1|1401\n|player|p2|SP4MT0N1997|unknown|1322\n|gen|9\n|tier|[Gen 9 Champions] VGC 2026 Reg M-B\n|rated|\n|rule|Species Clause: Limit one of each Pokémon\n|rule|Item Clause: Limit 1 of each item\n|clearpoke\n|poke|p1|Floette-Eternal, L50, F|\n|poke|p1|Incineroar, L50, M|\n|poke|p1|Sinistcha-Masterpiece, L50|\n|poke|p1|Basculegion, L50, M|\n|poke|p1|Dragonite, L50, F|\n|poke|p1|Sneasler, L50, F|\n|poke|p2|Pidgeot, L50, F|\n|poke|p2|Gholdengo, L50|\n|poke|p2|Sneasler, L50, F|\n|poke|p2|Hydreigon, L50, M|\n|poke|p2|Krookodile, L50, M|\n|poke|p2|Staraptor, L50, F|\n|teampreview|4\n|inactive|Battle timer is ON: inactive players will automatically lose when time's up. (requested by hhdvch)\n|\n|t:|1788445003\n|teamsize|p1|4\n|teamsize|p2|4\n|start\n|switch|p1a: Dragonite|Dragonite, L50, F|100/100\n|switch|p1b: Incineroar|Incineroar, L50, M|100/100\n|switch|p2a: Sneasler|Sneasler, L50, F|100/100\n|switch|p2b: Pidgeot|Pidgeot, L50, F|100/100\n|-ability|p1b: Incineroar|Intimidate|boost\n|-unboost|p2a: Sneasler|atk|1\n|-unboost|p2b: Pidgeot|atk|1\n|-enditem|p2a: Sneasler|White Herb\n|-clearnegativeboost|p2a: Sneasler|[silent]\n|turn|1\n|\n|t:|1788445021\n|detailschange|p2b: Pidgeot|Pidgeot-Mega, L50, F\n|-mega|p2b: Pidgeot|Pidgeot|Pidgeotite\n|move|p1a: Dragonite|Protect|p1a: Dragonite\n|-singleturn|p1a: Dragonite|Protect\n|move|p2a: Sneasler|Fake Out|p1b: Incineroar\n|-damage|p1b: Incineroar|88/100\n|move|p2b: Pidgeot|Hurricane|p1a: Dragonite\n|-activate|p1a: Dragonite|move: Protect\n|cant|p1b: Incineroar|flinch\n|\n|upkeep\n|turn|2\n|\n|t:|1788445040\n|detailschange|p1a: Dragonite|Dragonite-Mega, L50, F\n|-mega|p1a: Dragonite|Dragonite|Dragoninite\n|move|p2a: Sneasler|Close Combat|p1b: Incineroar\n|-supereffective|p1b: Incineroar|1\n|-damage|p1b: Incineroar|0 fnt\n|-unboost|p2a: Sneasler|def|1\n|-unboost|p2a: Sneasler|spd|1\n|faint|p1b: Incineroar\n|move|p2b: Pidgeot|Hurricane|p1a: Dragonite\n|-damage|p1a: Dragonite|78/100\n|move|p1a: Dragonite|Dragon Pulse|p2a: Sneasler\n|-damage|p2a: Sneasler|0 fnt\n|faint|p2a: Sneasler\n|\n|upkeep\n|\n|t:|1788445052\n|switch|p2a: Hydreigon|Hydreigon, L50, M|100/100\n|switch|p1b: Sneasler|Sneasler, L50, F|100/100\n|turn|3\n|\n|t:|1788445063\n|switch|p2a: Gholdengo|Gholdengo, L50|100/100\n|move|p2b: Pidgeot|Protect|p2b: Pidgeot\n|-singleturn|p2b: Pidgeot|Protect\n|move|p1b: Sneasler|Fake Out|p2a: Gholdengo\n|-immune|p2a: Gholdengo\n|move|p1a: Dragonite|Dragon Pulse|p2a: Gholdengo\n|-resisted|p2a: Gholdengo|1\n|-damage|p2a: Gholdengo|73/100\n|\n|upkeep\n|turn|4\n|\n|t:|1788445078\n|move|p1b: Sneasler|Protect|p1b: Sneasler\n|-singleturn|p1b: Sneasler|Protect\n|move|p2b: Pidgeot|Tailwind|p2b: Pidgeot\n|-sidestart|p2: SP4MT0N1997|move: Tailwind\n|move|p2a: Gholdengo|Power Gem|p1a: Dragonite\n|-supereffective|p1a: Dragonite|1\n|-damage|p1a: Dragonite|15/100\n|-damage|p2a: Gholdengo|63/100|[from] item: Life Orb\n|move|p1a: Dragonite|Heat Wave|p2a: Gholdengo|[spread] p2a,p2b\n|-supereffective|p2a: Gholdengo|1\n|-damage|p2a: Gholdengo|9/100\n|-damage|p2b: Pidgeot|60/100\n|-status|p2a: Gholdengo|brn\n|\n|-damage|p2a: Gholdengo|3/100 brn|[from] brn\n|upkeep\n|turn|5\n|\n|t:|1788445098\n|move|p2b: Pidgeot|Hurricane|p1b: Sneasler\n|-supereffective|p1b: Sneasler|1\n|-enditem|p1b: Sneasler|Focus Sash\n|-damage|p1b: Sneasler|1/100\n|move|p2a: Gholdengo|Make It Rain|p1a: Dragonite|[spread] p1a,p1b\n|-damage|p1a: Dragonite|0 fnt\n|-damage|p1b: Sneasler|0 fnt\n|-unboost|p2a: Gholdengo|spa|2\n|faint|p1a: Dragonite\n|faint|p1b: Sneasler\n|-damage|p2a: Gholdengo|0 fnt|[from] item: Life Orb\n|faint|p2a: Gholdengo\n|\n|upkeep\n|-message|hhdvch forfeited.\n|\n|win|SP4MT0N1997\n|raw|hhdvch's rating: 1401 &rarr; <strong>1377</strong><br />(-24 for losing)\n|raw|SP4MT0N1997's rating: 1322 &rarr; <strong>1346</strong><br />(+24 for winning)\n|l|☆hhdvch\n|player|p1|\n","uploadtime":1788445109,"views":"5","formatid":"gen9championsvgc2026regmb","rating":1346,"private":0,"password":null}