{"id":"gen9championsvgc2026regmb-2674305262","format":"[Gen 9 Champions] VGC 2026 Reg M-B","players":["drake412","alexismydog"],"log":"|j|☆drake412\n|j|☆alexismydog\n|t:|1788336615\n|gametype|doubles\n|player|p1|drake412|265|1623\n|player|p2|alexismydog|265|1628\n|gen|9\n|tier|[Gen 9 Champions] VGC 2026 Reg M-B\n|rated|\n|rule|Species Clause: Limit one of each Pokémon\n|rule|Item Clause: Limit 1 of each item\n|clearpoke\n|poke|p1|Talonflame, L50, M|\n|poke|p1|Swampert, L50, F|\n|poke|p1|Archaludon, L50, F|\n|poke|p1|Politoed, L50, F|\n|poke|p1|Sinistcha, L50|\n|poke|p1|Dragonite, L50, M|\n|poke|p2|Tyranitar, L50, F|\n|poke|p2|Excadrill, L50, M|\n|poke|p2|Sinistcha, L50|\n|poke|p2|Gholdengo, L50|\n|poke|p2|Staraptor, L50, F|\n|poke|p2|Milotic, L50, F|\n|teampreview|4\n|inactive|Battle timer is ON: inactive players will automatically lose when time's up. (requested by alexismydog)\n|inactive|drake412 has 60 seconds left.\n|\n|t:|1788336662\n|teamsize|p1|4\n|teamsize|p2|4\n|start\n|switch|p1a: Swampert|Swampert, L50, F|100/100\n|switch|p1b: Politoed|Politoed, L50, F|100/100\n|switch|p2a: Staraptor|Staraptor, L50, F|100/100\n|switch|p2b: Gholdengo|Gholdengo, L50|100/100\n|-ability|p2a: Staraptor|Intimidate|boost\n|-unboost|p1a: Swampert|atk|1\n|-unboost|p1b: Politoed|atk|1\n|-weather|RainDance|[from] ability: Drizzle|[of] p1b: Politoed\n|turn|1\n|inactive|alexismydog has 30 seconds left.\n|\n|t:|1788336688\n|switch|p2b: Sinistcha|Sinistcha, L50|100/100\n|switch|p1b: Sinistcha|Sinistcha, L50|100/100\n|detailschange|p1a: Swampert|Swampert-Mega, L50, F\n|-mega|p1a: Swampert|Swampert|Swampertite\n|move|p2a: Staraptor|Protect|p2a: Staraptor\n|-singleturn|p2a: Staraptor|Protect\n|move|p1a: Swampert|Earthquake|p2b: Sinistcha|[spread] p1b,p2b\n|-activate|p2a: Staraptor|move: Protect\n|-resisted|p1b: Sinistcha|1\n|-resisted|p2b: Sinistcha|1\n|-damage|p1b: Sinistcha|86/100\n|-damage|p2b: Sinistcha|85/100\n|\n|-weather|RainDance|[upkeep]\n|-heal|p2b: Sinistcha|91/100|[from] item: Leftovers\n|upkeep\n|turn|2\n|inactive|drake412 has 30 seconds left.\n|inactive|alexismydog has 30 seconds left.\n|inactive|alexismydog has 20 seconds left.\n|inactive|drake412 has 20 seconds left.\n|\n|t:|1788336729\n|switch|p1a: Archaludon|Archaludon, L50, F|100/100\n|detailschange|p2a: Staraptor|Staraptor-Mega, L50, F\n|-mega|p2a: Staraptor|Staraptor|Staraptite\n|move|p2a: Staraptor|Tailwind|p2a: Staraptor\n|-sidestart|p2: alexismydog|move: Tailwind\n|move|p2b: Sinistcha|Imprison|p2b: Sinistcha\n|-start|p2b: Sinistcha|move: Imprison\n|cant|p1b: Sinistcha|move: Imprison|Matcha Gotcha\n|\n|-weather|RainDance|[upkeep]\n|-heal|p2b: Sinistcha|97/100|[from] item: Leftovers\n|upkeep\n|turn|3\n|inactive|drake412 has 30 seconds left.\n|inactive|drake412 has 20 seconds left.\n|inactive|drake412 has 15 seconds left.\n|inactive|drake412 has 10 seconds left.\n|\n|t:|1788336774\n|switch|p1b: Politoed|Politoed, L50, F|100/100\n|move|p1a: Archaludon|Protect|p1a: Archaludon\n|-singleturn|p1a: Archaludon|Protect\n|move|p2a: Staraptor|Close Combat|p1a: Archaludon\n|-activate|p1a: Archaludon|move: Protect\n|move|p2b: Sinistcha|Matcha Gotcha|p1b: Politoed|[spread] p1b\n|-activate|p1a: Archaludon|move: Protect\n|-supereffective|p1b: Politoed|1\n|-damage|p1b: Politoed|62/100\n|-heal|p2b: Sinistcha|100/100|[from] drain|[of] p1b: Politoed\n|\n|-weather|RainDance|[upkeep]\n|upkeep\n|turn|4\n|\n|t:|1788336794\n|switch|p1a: Sinistcha|Sinistcha, L50|86/100\n|-heal|p1b: Politoed|87/100|[from] ability: Hospitality|[of] p1a: Sinistcha\n|move|p2a: Staraptor|Close Combat|p1b: Politoed\n|-damage|p1b: Politoed|6/100\n|-boost|p2a: Staraptor|def|1\n|-boost|p2a: Staraptor|spd|1\n|move|p2b: Sinistcha|Matcha Gotcha|p1b: Politoed|[spread] p1a,p1b\n|-resisted|p1a: Sinistcha|1\n|-supereffective|p1b: Politoed|1\n|-damage|p1a: Sinistcha|74/100\n|-damage|p1b: Politoed|0 fnt\n|faint|p1b: Politoed\n|\n|-weather|RainDance|[upkeep]\n|upkeep\n|\n|t:|1788336814\n|switch|p1b: Archaludon|Archaludon, L50, F|100/100\n|turn|5\n|\n|t:|1788336821\n|switch|p1a: Swampert|Swampert-Mega, L50, F|100/100\n|move|p2a: Staraptor|Close Combat|p1b: Archaludon\n|-supereffective|p1b: Archaludon|1\n|-damage|p1b: Archaludon|2/100\n|-boost|p2a: Staraptor|def|1\n|-boost|p2a: Staraptor|spd|1\n|-ability|p1b: Archaludon|Stamina|boost\n|-boost|p1b: Archaludon|def|1\n|move|p2b: Sinistcha|Matcha Gotcha|p1b: Archaludon|[spread] p1a,p1b\n|-supereffective|p1a: Swampert|2\n|-resisted|p1b: Archaludon|2\n|-damage|p1a: Swampert|28/100\n|-damage|p1b: Archaludon|0 fnt\n|faint|p1b: Archaludon\n|\n|-weather|none\n|-sideend|p2: alexismydog|move: Tailwind\n|upkeep\n|-message|drake412 forfeited.\n|\n|win|alexismydog\n|raw|drake412's rating: 1623 &rarr; <strong>1603</strong><br />(-20 for losing)\n|raw|alexismydog's rating: 1628 &rarr; <strong>1648</strong><br />(+20 for winning)\n|l|☆drake412\n|player|p1|\n","uploadtime":1788336839,"views":"2","formatid":"gen9championsvgc2026regmb","rating":1603,"private":0,"password":null}