{"id":"gen9championsvgc2026regmbbo3-2673584769","format":"[Gen 9 Champions] VGC 2026 Reg M-B (Bo3)","players":["kingsrowbajax","Tridecagram"],"log":"|j|☆kingsrowbajax\n|j|☆Tridecagram\n|html|<table width=\"100%\"><tr><td align=\"left\">kingsrowbajax</td><td align=\"right\">Tridecagram</tr><tr><td align=\"left\"><i class=\"fa fa-circle-o\"></i> <i class=\"fa fa-circle-o\"></i> </td><td align=\"right\"><i class=\"fa fa-circle-o\"></i> <i class=\"fa fa-circle-o\"></i> </tr></table>\n|uhtml|bestof|<h2><strong>Game 1</strong> of <a href=\"/game-bestof3-gen9championsvgc2026regmbbo3-2673584768\">a best-of-3</a></h2>\n|t:|1788216897\n|gametype|doubles\n|player|p1|kingsrowbajax|102|1093\n|player|p2|Tridecagram|wallace|1000\n|gen|9\n|tier|[Gen 9 Champions] VGC 2026 Reg M-B (Bo3)\n|rated|\n|rule|Species Clause: Limit one of each Pokémon\n|rule|Item Clause: Limit 1 of each item\n|clearpoke\n|poke|p1|Blastoise, L50, F|\n|poke|p1|Delphox, L50, F|\n|poke|p1|Sinistcha, L50|\n|poke|p1|Kingambit, L50, M|\n|poke|p1|Sneasler, L50, M|\n|poke|p1|Incineroar, L50, M|\n|poke|p2|Ninetales-Alola, L50, M, shiny|\n|poke|p2|Swampert, L50, M, shiny|\n|poke|p2|Gengar, L50, M, shiny|\n|poke|p2|Incineroar, L50, M, shiny|\n|poke|p2|Dragonite, L50, M, shiny|\n|poke|p2|Chesnaught, L50, M, shiny|\n|teampreview|4\n|showteam|p1|Blastoise||Blastoisinite|RainDish|WaterSpout,DarkPulse,ShellSmash,Protect|Modest||F|||50|]Delphox||Delphoxite|Blaze|HeatWave,Psychic,NastyPlot,Protect|Timid||F|||50|]Sinistcha||ColburBerry|Hospitality|MatchaGotcha,RagePowder,TrickRoom,Protect|Bold|||||50|]Kingambit||LifeOrb|Defiant|KowtowCleave,SuckerPunch,SwordsDance,Protect|Adamant||M|||50|]Sneasler||FocusSash|PoisonTouch|FakeOut,PoisonJab,CloseCombat,QuickGuard|Jolly||M|||50|]Incineroar||SitrusBerry|Intimidate|FakeOut,FlareBlitz,ThroatChop,PartingShot|Careful||M|||50|\n|showteam|p2|Ninetales-Alola||ChoiceScarf|SnowWarning|Encore,Blizzard,FreezeDry,IcyWind|Timid||M|||50|]Swampert||Leftovers|Torrent|FlipTurn,HighHorsepower,Yawn,Protect|Brave||M|||50|]Gengar||Gengarite|CursedBody|SludgeBomb,ShadowBall,Substitute,Protect|Modest||M|||50|]Incineroar||SitrusBerry|Intimidate|FakeOut,PartingShot,FlareBlitz,ThroatChop|Impish||M|||50|]Dragonite||LifeOrb|InnerFocus|Superpower,DragonClaw,ExtremeSpeed,Protect|Adamant||M|||50|]Chesnaught||Chesnaughtite|Bulletproof|BodyPress,WoodHammer,WideGuard,SpikyShield|Impish||M|||50|\n|\n|t:|1788216951\n|teamsize|p1|4\n|teamsize|p2|4\n|start\n|switch|p1a: Kingambit|Kingambit, L50, M|100/100\n|switch|p1b: Incineroar|Incineroar, L50, M|100/100\n|switch|p2a: Ninetales|Ninetales-Alola, L50, M, shiny|100/100\n|switch|p2b: Gengar|Gengar, L50, M, shiny|100/100\n|-weather|Snowscape|[from] ability: Snow Warning|[of] p2a: Ninetales\n|-ability|p1b: Incineroar|Intimidate|boost\n|-unboost|p2a: Ninetales|atk|1\n|-unboost|p2b: Gengar|atk|1\n|turn|1\n|\n|t:|1788216992\n|switch|p2a: Swampert|Swampert, L50, M, shiny|100/100\n|detailschange|p2b: Gengar|Gengar-Mega, L50, M, shiny\n|-mega|p2b: Gengar|Gengar|Gengarite\n|move|p2b: Gengar|Protect|p2b: Gengar\n|-singleturn|p2b: Gengar|Protect\n|move|p1b: Incineroar|Flare Blitz|p2a: Swampert\n|-resisted|p2a: Swampert|1\n|-damage|p2a: Swampert|79/100\n|-damage|p1b: Incineroar|92/100|[from] Recoil\n|move|p1a: Kingambit|Kowtow Cleave|p2b: Gengar\n|-activate|p2b: Gengar|move: Protect\n|\n|-weather|Snowscape|[upkeep]\n|-heal|p2a: Swampert|85/100|[from] item: Leftovers\n|upkeep\n|turn|2\n|\n|t:|1788217029\n|move|p2b: Gengar|Substitute|p2b: Gengar\n|-start|p2b: Gengar|Substitute\n|-damage|p2b: Gengar|75/100\n|move|p1b: Incineroar|Parting Shot|p2a: Swampert\n|-unboost|p2a: Swampert|atk|1\n|-unboost|p2a: Swampert|spa|1\n|\n|t:|1788217049\n|switch|p1b: Sneasler|Sneasler, L50, M|100/100|[from] Parting Shot\n|move|p1a: Kingambit|Kowtow Cleave|p2b: Gengar\n|-supereffective|p2b: Gengar|1\n|-end|p2b: Gengar|Substitute\n|-damage|p1a: Kingambit|90/100|[from] item: Life Orb\n|move|p2a: Swampert|High Horsepower|p1b: Sneasler\n|-supereffective|p1b: Sneasler|1\n|-enditem|p1b: Sneasler|Focus Sash\n|-damage|p1b: Sneasler|1/100\n|\n|-weather|Snowscape|[upkeep]\n|-heal|p2a: Swampert|90/100|[from] item: Leftovers\n|upkeep\n|turn|3\n|\n|t:|1788217094\n|move|p1b: Sneasler|Close Combat|p2a: Swampert\n|-damage|p2a: Swampert|35/100\n|-unboost|p1b: Sneasler|def|1\n|-unboost|p1b: Sneasler|spd|1\n|-status|p2a: Swampert|psn|[from] ability: Poison Touch|[of] p1b: Sneasler\n|move|p2b: Gengar|Sludge Bomb|p1b: Sneasler\n|-resisted|p1b: Sneasler|1\n|-damage|p1b: Sneasler|0 fnt\n|faint|p1b: Sneasler\n|move|p1a: Kingambit|Kowtow Cleave|p2b: Gengar\n|-supereffective|p2b: Gengar|1\n|-damage|p2b: Gengar|0 fnt\n|faint|p2b: Gengar\n|-damage|p1a: Kingambit|80/100|[from] item: Life Orb\n|move|p2a: Swampert|High Horsepower|p1a: Kingambit\n|-supereffective|p1a: Kingambit|1\n|-damage|p1a: Kingambit|35/100\n|\n|-weather|Snowscape|[upkeep]\n|-heal|p2a: Swampert|41/100 psn|[from] item: Leftovers\n|-damage|p2a: Swampert|28/100 psn|[from] psn\n|upkeep\n|\n|t:|1788217119\n|switch|p1b: Delphox|Delphox, L50, F|100/100\n|switch|p2b: Ninetales|Ninetales-Alola, L50, M, shiny|100/100\n|turn|4\n|\n|t:|1788217140\n|detailschange|p1b: Delphox|Delphox-Mega, L50, F\n|-mega|p1b: Delphox|Delphox|Delphoxite\n|move|p1a: Kingambit|Sucker Punch|p2a: Swampert\n|-crit|p2a: Swampert\n|-damage|p2a: Swampert|0 fnt\n|faint|p2a: Swampert\n|-damage|p1a: Kingambit|25/100|[from] item: Life Orb\n|move|p2b: Ninetales|Icy Wind|p1b: Delphox|[spread] p1a,p1b\n|-resisted|p1a: Kingambit|1\n|-resisted|p1b: Delphox|1\n|-damage|p1a: Kingambit|18/100\n|-damage|p1b: Delphox|93/100\n|-unboost|p1a: Kingambit|spe|1\n|-ability|p1a: Kingambit|Defiant|boost\n|-boost|p1a: Kingambit|atk|2\n|-unboost|p1b: Delphox|spe|1\n|move|p1b: Delphox|Nasty Plot|p1b: Delphox\n|-boost|p1b: Delphox|spa|2\n|\n|-weather|Snowscape|[upkeep]\n|upkeep\n|\n|t:|1788217145\n|switch|p2a: Incineroar|Incineroar, L50, M, shiny|100/100\n|-ability|p2a: Incineroar|Intimidate|boost\n|-unboost|p1a: Kingambit|atk|1\n|-ability|p1a: Kingambit|Defiant|boost\n|-boost|p1a: Kingambit|atk|2\n|-unboost|p1b: Delphox|atk|1\n|turn|5\n|\n|t:|1788217175\n|switch|p1a: Incineroar|Incineroar, L50, M|92/100\n|-ability|p1a: Incineroar|Intimidate|boost\n|-unboost|p2a: Incineroar|atk|1\n|-unboost|p2b: Ninetales|atk|1\n|move|p1b: Delphox|Protect|p1b: Delphox\n|-singleturn|p1b: Delphox|Protect\n|move|p2a: Incineroar|Fake Out|p1b: Delphox\n|-activate|p1b: Delphox|move: Protect\n|move|p2b: Ninetales|Icy Wind|p1a: Incineroar|[spread] p1a\n|-activate|p1b: Delphox|move: Protect\n|-resisted|p1a: Incineroar|1\n|-damage|p1a: Incineroar|86/100\n|-unboost|p1a: Incineroar|spe|1\n|\n|-weather|none\n|upkeep\n|turn|6\n|\n|t:|1788217203\n|move|p1a: Incineroar|Fake Out|p2b: Ninetales\n|-damage|p2b: Ninetales|84/100\n|cant|p2b: Ninetales|flinch\n|move|p1b: Delphox|Heat Wave|p2a: Incineroar|[spread] p2a,p2b\n|-resisted|p2a: Incineroar|1\n|-supereffective|p2b: Ninetales|1\n|-damage|p2a: Incineroar|64/100\n|-damage|p2b: Ninetales|0 fnt\n|faint|p2b: Ninetales\n|move|p2a: Incineroar|Throat Chop|p1b: Delphox\n|-supereffective|p1b: Delphox|1\n|-damage|p1b: Delphox|35/100\n|-start|p1b: Delphox|Throat Chop|[silent]\n|\n|upkeep\n|turn|7\n|\n|t:|1788217219\n|move|p1b: Delphox|Heat Wave|p2a: Incineroar\n|-resisted|p2a: Incineroar|1\n|-damage|p2a: Incineroar|20/100y\n|-enditem|p2a: Incineroar|Sitrus Berry|[eat]\n|-heal|p2a: Incineroar|45/100|[from] item: Sitrus Berry\n|move|p2a: Incineroar|Throat Chop|p1b: Delphox\n|-supereffective|p1b: Delphox|1\n|-damage|p1b: Delphox|0 fnt\n|faint|p1b: Delphox\n|move|p1a: Incineroar|Parting Shot|p2a: Incineroar\n|-unboost|p2a: Incineroar|atk|1\n|-unboost|p2a: Incineroar|spa|1\n|-message|Tridecagram forfeited.\n|raw|kingsrowbajax's rating: 1093 &rarr; <strong>1112</strong><br />(+19 for winning)\n|raw|Tridecagram's rating: 1000 &rarr; <strong>1000</strong><br />(+0 for losing)\n|\n|win|kingsrowbajax\n","uploadtime":1788217225,"views":"1","formatid":"gen9championsvgc2026regmbbo3","rating":1000,"private":0,"password":null}