{"id":"gen9championsvgc2026regmb-2673965484","format":"[Gen 9 Champions] VGC 2026 Reg M-B","players":["testsubject8888","AyushXD"],"log":"|j|☆testsubject8888\n|j|☆AyushXD\n|t:|1788282651\n|gametype|doubles\n|player|p1|testsubject8888|102|\n|player|p2|AyushXD|lucas-gen4pt|\n|gen|9\n|tier|[Gen 9 Champions] VGC 2026 Reg M-B\n|rule|Species Clause: Limit one of each Pokémon\n|rule|Item Clause: Limit 1 of each item\n|clearpoke\n|poke|p1|Staraptor, L50, F|\n|poke|p1|Vanilluxe, L50, M|\n|poke|p1|Farigiraf, L50, M|\n|poke|p1|Blastoise, L50, M|\n|poke|p1|Kingambit, L50, F|\n|poke|p1|Camerupt, L50, F|\n|poke|p2|Staraptor, L50, F|\n|poke|p2|Scrafty, L50, M|\n|poke|p2|Farigiraf, L50, F|\n|poke|p2|Mawile, L50, M|\n|poke|p2|Torkoal, L50, F|\n|poke|p2|Vileplume, L50, M|\n|teampreview|4\n|inactive|Battle timer is ON: inactive players will automatically lose when time's up. (requested by AyushXD)\n|j| Rk Pokemons\n|c| Rk Pokemons|Hmm\n|inactive|AyushXD has 30 seconds left.\n|inactive|AyushXD has 20 seconds left.\n|inactive|testsubject8888 has 60 seconds left.\n|\n|t:|1788282778\n|teamsize|p1|4\n|teamsize|p2|4\n|start\n|switch|p1a: Camerupt|Camerupt, L50, F|100/100\n|switch|p1b: Staraptor|Staraptor, L50, F|100/100\n|switch|p2a: Farigiraf|Farigiraf, L50, F|100/100\n|switch|p2b: Staraptor|Staraptor, L50, F|100/100\n|-ability|p2b: Staraptor|Intimidate|boost\n|-unboost|p1a: Camerupt|atk|1\n|-unboost|p1b: Staraptor|atk|1\n|-ability|p1b: Staraptor|Intimidate|boost\n|-unboost|p2a: Farigiraf|atk|1\n|-unboost|p2b: Staraptor|atk|1\n|turn|1\n|j| CloudyCreamy\n|inactive|testsubject8888 has 30 seconds left.\n|\n|t:|1788282807\n|detailschange|p1a: Camerupt|Camerupt-Mega, L50, F\n|-mega|p1a: Camerupt|Camerupt|Cameruptite\n|move|p2a: Farigiraf|Protect|p2a: Farigiraf\n|-singleturn|p2a: Farigiraf|Protect\n|move|p1a: Camerupt|Protect|p1a: Camerupt\n|-singleturn|p1a: Camerupt|Protect\n|move|p2b: Staraptor|Final Gambit|p1b: Staraptor\n|-damage|p1b: Staraptor|0 fnt\n|faint|p2b: Staraptor\n|faint|p1b: Staraptor\n|\n|upkeep\n|c| Rk Pokemons|Ye kya hai 😭\n|\n|t:|1788282824\n|switch|p2b: Scrafty|Scrafty, L50, M|100/100\n|switch|p1b: Farigiraf|Farigiraf, L50, M|100/100\n|turn|2\n|\n|t:|1788282836\n|move|p1b: Farigiraf|Helping Hand|p1a: Camerupt\n|-singleturn|p1a: Camerupt|Helping Hand|[of] p1b: Farigiraf\n|move|p2a: Farigiraf|Psychic|p1a: Camerupt\n|-damage|p1a: Camerupt|67/100\n|-unboost|p1a: Camerupt|spd|1\n|move|p2b: Scrafty|Close Combat|p1a: Camerupt\n|-damage|p1a: Camerupt|0 fnt\n|-unboost|p2b: Scrafty|def|1\n|-unboost|p2b: Scrafty|spd|1\n|faint|p1a: Camerupt\n|-ability|p2b: Scrafty|Moxie|boost\n|-boost|p2b: Scrafty|atk|1\n|-damage|p2b: Scrafty|90/100|[from] item: Life Orb\n|\n|upkeep\n|c|☆AyushXD|life orb\n|\n|t:|1788282845\n|switch|p1a: Vanilluxe|Vanilluxe, L50, M|100/100\n|-weather|Snowscape|[from] ability: Snow Warning|[of] p1a: Vanilluxe\n|turn|3\n|c| Rk Pokemons|Lol\n|\n|t:|1788282857\n|switch|p2b: Torkoal|Torkoal, L50, F|100/100\n|-weather|SunnyDay|[from] ability: Drought|[of] p2b: Torkoal\n|move|p1a: Vanilluxe|Blizzard|p2b: Torkoal|[spread] p2b\n|-miss|p1a: Vanilluxe|p2a: Farigiraf\n|-resisted|p2b: Torkoal|1\n|-damage|p2b: Torkoal|67/100\n|move|p2a: Farigiraf|Trick Room|p2a: Farigiraf\n|-fieldstart|move: Trick Room|[of] p2a: Farigiraf\n|move|p1b: Farigiraf|Trick Room|p1b: Farigiraf\n|-fieldend|move: Trick Room\n|\n|-weather|SunnyDay|[upkeep]\n|upkeep\n|turn|4\n|c| Rk Pokemons|Lmao\n|c|☆AyushXD|ab\n|c|☆AyushXD|trick room laga na\n|inactive|testsubject8888 has 30 seconds left.\n|c|☆AyushXD|kya hua\n|\n|t:|1788282885\n|move|p1a: Vanilluxe|Freeze-Dry|p2b: Torkoal\n|-resisted|p2b: Torkoal|1\n|-damage|p2b: Torkoal|37/100\n|move|p2a: Farigiraf|Psychic|p1a: Vanilluxe\n|-damage|p1a: Vanilluxe|61/100\n|move|p1b: Farigiraf|Psychic Fangs|p2b: Torkoal\n|-damage|p2b: Torkoal|15/100\n|move|p2b: Torkoal|Weather Ball|p1a: Vanilluxe\n|-supereffective|p1a: Vanilluxe|1\n|-damage|p1a: Vanilluxe|0 fnt\n|faint|p1a: Vanilluxe\n|\n|-weather|SunnyDay|[upkeep]\n|upkeep\n|turn|5\n|c| Rk Pokemons|Hmmm\n|-message|testsubject8888 forfeited.\n|\n|win|AyushXD\n|l|☆testsubject8888\n|player|p1|\n","uploadtime":1788282896,"views":"6","formatid":"gen9championsvgc2026regmb","rating":null,"private":0,"password":null}