{"id":"gen9championsvgc2026regmb-2674262559","format":"[Gen 9 Champions] VGC 2026 Reg M-B","players":["mu11731","Thornlace48812"],"log":"|j|☆mu11731\n|j|☆Thornlace48812\n|t:|1788326129\n|gametype|doubles\n|player|p1|mu11731|medium|1033\n|player|p2|Thornlace48812|1|1116\n|gen|9\n|tier|[Gen 9 Champions] VGC 2026 Reg M-B\n|rated|\n|rule|Species Clause: Limit one of each Pokémon\n|rule|Item Clause: Limit 1 of each item\n|clearpoke\n|poke|p1|Drampa, L50, M|\n|poke|p1|Dragapult, L50, M|\n|poke|p1|Ceruledge, L50, F|\n|poke|p1|Lucario, L50, F|\n|poke|p1|Sneasler, L50, F|\n|poke|p1|Blastoise, L50, F|\n|poke|p2|Garchomp, L50, F|\n|poke|p2|Charizard, L50, M|\n|poke|p2|Whimsicott, L50, M|\n|poke|p2|Sylveon, L50, F|\n|poke|p2|Kingambit, L50, M|\n|poke|p2|Basculegion, L50, M|\n|teampreview|4\n|inactive|Battle timer is ON: inactive players will automatically lose when time's up. (requested by Thornlace48812)\n|inactive|mu11731 also wants the timer to be on.\nThornlace48812 rejected open team sheets.\n|\n|t:|1788326151\n|teamsize|p1|4\n|teamsize|p2|4\n|start\n|switch|p1a: Dragapult|Dragapult, L50, M|100/100\n|switch|p1b: Sneasler|Sneasler, L50, F|100/100\n|switch|p2a: Charizard|Charizard, L50, M|100/100\n|switch|p2b: Whimsicott|Whimsicott, L50, M|100/100\n|turn|1\n|\n|t:|1788326167\n|detailschange|p2a: Charizard|Charizard-Mega-Y, L50, M\n|-mega|p2a: Charizard|Charizard|Charizardite Y\n|-weather|SunnyDay|[from] ability: Drought|[of] p2a: Charizard\n|move|p1b: Sneasler|Fake Out|p2b: Whimsicott\n|-damage|p2b: Whimsicott|76/100\n|move|p1a: Dragapult|Light Screen|p1a: Dragapult\n|-sidestart|p1: mu11731|move: Light Screen\n|cant|p2b: Whimsicott|flinch\n|move|p2a: Charizard|Heat Wave|p1b: Sneasler|[spread] p1a,p1b\n|-resisted|p1a: Dragapult|1\n|-crit|p1b: Sneasler\n|-damage|p1a: Dragapult|72/100\n|-damage|p1b: Sneasler|0 fnt\n|faint|p1b: Sneasler\n|\n|-weather|SunnyDay|[upkeep]\n|upkeep\n|\n|t:|1788326177\n|switch|p1b: Ceruledge|Ceruledge, L50, F|100/100\n|turn|2\n|\n|t:|1788326184\n|move|p2a: Charizard|Protect|p2a: Charizard\n|-singleturn|p2a: Charizard|Protect\n|move|p1a: Dragapult|Shadow Ball|p2a: Charizard\n|-activate|p2a: Charizard|move: Protect\n|move|p2b: Whimsicott|Moonblast|p1a: Dragapult\n|-supereffective|p1a: Dragapult|1\n|-damage|p1a: Dragapult|13/100\n|move|p1b: Ceruledge|Bitter Blade|p2b: Whimsicott\n|-supereffective|p2b: Whimsicott|1\n|-damage|p2b: Whimsicott|0 fnt\n|faint|p2b: Whimsicott\n|\n|-weather|SunnyDay|[upkeep]\n|upkeep\n|\n|t:|1788326184\n|switch|p2b: Sylveon|Sylveon, L50, F|100/100\n|turn|3\n|\n|t:|1788326206\n|move|p1a: Dragapult|Dragon Cheer|p1b: Ceruledge\n|-start|p1b: Ceruledge|move: Dragon Cheer\n|move|p1b: Ceruledge|Bitter Blade|p2b: Sylveon\n|-damage|p2b: Sylveon|3/100\n|move|p2a: Charizard|Heat Wave|p1b: Ceruledge|[spread] p1a,p1b\n|-resisted|p1a: Dragapult|1\n|-resisted|p1b: Ceruledge|1\n|-damage|p1a: Dragapult|0 fnt\n|-damage|p1b: Ceruledge|74/100\n|faint|p1a: Dragapult\n|move|p2b: Sylveon|Hyper Voice|p1b: Ceruledge\n|-resisted|p1b: Ceruledge|1\n|-crit|p1b: Ceruledge\n|-damage|p1b: Ceruledge|18/100\n|\n|-weather|SunnyDay|[upkeep]\n|upkeep\n|\n|t:|1788326212\n|switch|p1a: Drampa|Drampa, L50, M|100/100\n|turn|4\n|\n|t:|1788326225\n|detailschange|p1a: Drampa|Drampa-Mega, L50, M\n|-mega|p1a: Drampa|Drampa|Drampanite\n|move|p1b: Ceruledge|Bitter Blade|p2b: Sylveon\n|-damage|p2b: Sylveon|0 fnt\n|-heal|p1b: Ceruledge|21/100|[from] drain|[of] p2b: Sylveon\n|faint|p2b: Sylveon\n|move|p2a: Charizard|Heat Wave|p1a: Drampa|[spread] p1a,p1b\n|-resisted|p1a: Drampa|1\n|-resisted|p1b: Ceruledge|1\n|-damage|p1a: Drampa|79/100\n|-damage|p1b: Ceruledge|0 fnt\n|faint|p1b: Ceruledge\n|move|p1a: Drampa|Draco Meteor|p2a: Charizard\n|-damage|p2a: Charizard|15/100\n|-unboost|p1a: Drampa|spa|2\n|\n|-weather|SunnyDay|[upkeep]\n|upkeep\n|\n|t:|1788326226\n|switch|p2b: Garchomp|Garchomp, L50, F|100/100\n|turn|5\n|-message|mu11731 forfeited.\n|\n|win|Thornlace48812\n|raw|mu11731's rating: 1033 &rarr; <strong>1020</strong><br />(-13 for losing)\n|raw|Thornlace48812's rating: 1074 &rarr; <strong>1100</strong><br />(+26 for winning)\n|l|☆mu11731\n|player|p1|\n","uploadtime":1788326233,"views":"0","formatid":"gen9championsvgc2026regmb","rating":1020,"private":0,"password":null}