{"id":"gen9championsvgc2026regmb-2674984683","format":"[Gen 9 Champions] VGC 2026 Reg M-B","players":["BtC37","lozraff"],"log":"|j|☆BtC37\n|j|☆lozraff\n|t:|1788445317\n|gametype|doubles\n|player|p1|BtC37|ghetsis|1305\n|player|p2|lozraff|170|1341\n|gen|9\n|tier|[Gen 9 Champions] VGC 2026 Reg M-B\n|rated|\n|rule|Species Clause: Limit one of each Pokémon\n|rule|Item Clause: Limit 1 of each item\n|clearpoke\n|poke|p1|Blaziken, L50, M|\n|poke|p1|Venusaur, L50, F|\n|poke|p1|Kingambit, L50, M|\n|poke|p1|Farigiraf, L50, F|\n|poke|p1|Torkoal, L50, F|\n|poke|p1|Primarina, L50, M|\n|poke|p2|Sinistcha-Masterpiece, L50|\n|poke|p2|Whimsicott, L50, M|\n|poke|p2|Excadrill, L50, F|\n|poke|p2|Grimmsnarl, L50, M|\n|poke|p2|Farigiraf, L50, F|\n|poke|p2|Incineroar, L50, M|\n|teampreview|4\n|inactive|Battle timer is ON: inactive players will automatically lose when time's up. (requested by lozraff)\n|inactive|BtC37 also wants the timer to be on.\n|inactive|BtC37 has 60 seconds left.\n|inactive|lozraff has 60 seconds left.\n|inactive|BtC37 has 30 seconds left.\n|inactive|BtC37 has 20 seconds left.\n|\n|t:|1788445388\n|teamsize|p1|4\n|teamsize|p2|4\n|start\n|switch|p1a: Blaziken|Blaziken, L50, M|100/100\n|switch|p1b: Kingambit|Kingambit, L50, M|100/100\n|switch|p2a: Farigiraf|Farigiraf, L50, F|100/100\n|switch|p2b: Excadrill|Excadrill, L50, F|100/100\n|-ability|p2b: Excadrill|Mold Breaker\n|turn|1\n|inactive|BtC37 has 30 seconds left.\n|inactive|lozraff has 30 seconds left.\n|inactive|BtC37 has 20 seconds left.\n|inactive|BtC37 has 15 seconds left.\n|\n|t:|1788445431\n|detailschange|p2b: Excadrill|Excadrill-Mega, L50, F\n|-mega|p2b: Excadrill|Excadrill|Excadrite\n|detailschange|p1a: Blaziken|Blaziken-Mega, L50, M\n|-mega|p1a: Blaziken|Blaziken|Blazikenite\n|move|p2b: Excadrill|Earthquake|p1a: Blaziken|[spread] p2a,p1a,p1b\n|-supereffective|p1a: Blaziken|1\n|-supereffective|p1b: Kingambit|1\n|-damage|p2a: Farigiraf|65/100\n|-damage|p1a: Blaziken|0 fnt\n|-damage|p1b: Kingambit|44/100\n|faint|p1a: Blaziken\n|move|p2a: Farigiraf|Nasty Plot|p2a: Farigiraf\n|-boost|p2a: Farigiraf|spa|2\n|move|p1b: Kingambit|Kowtow Cleave|p2a: Farigiraf\n|-supereffective|p2a: Farigiraf|1\n|-enditem|p2a: Farigiraf|Colbur Berry|[eat]\n|-enditem|p2a: Farigiraf|Colbur Berry|[weaken]\n|-damage|p2a: Farigiraf|23/100\n|\n|upkeep\n|\n|t:|1788445450\n|switch|p1a: Venusaur|Venusaur, L50, F|100/100\n|turn|2\n|\n|t:|1788445465\n|switch|p1b: Torkoal|Torkoal, L50, F|100/100\n|-weather|SunnyDay|[from] ability: Drought|[of] p1b: Torkoal\n|move|p1a: Venusaur|Sleep Powder|p2b: Excadrill\n|-status|p2b: Excadrill|slp|[from] move: Sleep Powder\n|cant|p2b: Excadrill|slp\n|move|p2a: Farigiraf|Hyper Voice|p1b: Torkoal|[spread] p1a,p1b\n|-damage|p1a: Venusaur|43/100\n|-damage|p1b: Torkoal|32/100\n|\n|-weather|SunnyDay|[upkeep]\n|upkeep\n|turn|3\n|\n|t:|1788445484\n|move|p1a: Venusaur|Sludge Bomb|p2a: Farigiraf\n|-damage|p2a: Farigiraf|0 fnt\n|faint|p2a: Farigiraf\n|cant|p2b: Excadrill|slp\n|move|p1b: Torkoal|Weather Ball|p2b: Excadrill\n|-supereffective|p2b: Excadrill|1\n|-damage|p2b: Excadrill|0 fnt\n|faint|p2b: Excadrill\n|\n|-weather|SunnyDay|[upkeep]\n|upkeep\n|\n|t:|1788445495\n|switch|p2b: Sinistcha|Sinistcha-Masterpiece, L50|100/100\n|switch|p2a: Whimsicott|Whimsicott, L50, M|100/100\n|turn|4\n|\n|t:|1788445510\n|move|p2a: Whimsicott|Fake Tears|p1b: Torkoal\n|-unboost|p1b: Torkoal|spd|2\n|move|p1a: Venusaur|Sludge Bomb|p2a: Whimsicott\n|-supereffective|p2a: Whimsicott|2\n|-enditem|p2a: Whimsicott|Focus Sash\n|-damage|p2a: Whimsicott|1/100\n|move|p2b: Sinistcha|Matcha Gotcha|p1b: Torkoal|[spread] p1a,p1b\n|-resisted|p1a: Venusaur|2\n|-resisted|p1b: Torkoal|1\n|-damage|p1a: Venusaur|36/100\n|-damage|p1b: Torkoal|2/100\n|-status|p1a: Venusaur|brn\n|move|p1b: Torkoal|Eruption|p2b: Sinistcha|[spread] p2a,p2b\n|-supereffective|p2a: Whimsicott|1\n|-supereffective|p2b: Sinistcha|1\n|-enditem|p2b: Sinistcha|Occa Berry|[eat]\n|-enditem|p2b: Sinistcha|Occa Berry|[weaken]\n|-damage|p2a: Whimsicott|0 fnt\n|-damage|p2b: Sinistcha|97/100\n|faint|p2a: Whimsicott\n|\n|-weather|SunnyDay|[upkeep]\n|-damage|p1a: Venusaur|31/100 brn|[from] brn\n|upkeep\n|turn|5\n|inactive|BtC37 has 30 seconds left.\n|\n|t:|1788445540\n|move|p1b: Torkoal|Helping Hand|p1a: Venusaur\n|-singleturn|p1a: Venusaur|Helping Hand|[of] p1b: Torkoal\n|move|p1a: Venusaur|Sludge Bomb|p2b: Sinistcha\n|-damage|p2b: Sinistcha|45/100\n|move|p2b: Sinistcha|Matcha Gotcha|p1a: Venusaur|[spread] p1a,p1b\n|-resisted|p1a: Venusaur|2\n|-resisted|p1b: Torkoal|1\n|-damage|p1a: Venusaur|24/100 brn\n|-heal|p2b: Sinistcha|48/100|[from] drain|[of] p1a: Venusaur\n|-damage|p1b: Torkoal|0 fnt\n|-heal|p2b: Sinistcha|50/100y|[from] drain|[of] p1b: Torkoal\n|faint|p1b: Torkoal\n|\n|-weather|SunnyDay|[upkeep]\n|-damage|p1a: Venusaur|19/100 brn|[from] brn\n|upkeep\n|-message|lozraff forfeited.\n|\n|win|BtC37\n|raw|BtC37's rating: 1305 &rarr; <strong>1327</strong><br />(+22 for winning)\n|raw|lozraff's rating: 1341 &rarr; <strong>1319</strong><br />(-22 for losing)\n|l|☆lozraff\n|player|p2|\n","uploadtime":1788445556,"views":"5","formatid":"gen9championsvgc2026regmb","rating":1319,"private":0,"password":null}