{"id":"gen9championsvgc2026regmb-2674761249","format":"[Gen 9 Champions] VGC 2026 Reg M-B","players":["Jakel69","TH222"],"log":"|j|☆Jakel69\n|j|☆TH222\n|t:|1788402047\n|gametype|doubles\n|player|p1|Jakel69|steven|1278\n|player|p2|TH222|170|1168\n|gen|9\n|tier|[Gen 9 Champions] VGC 2026 Reg M-B\n|rated|\n|rule|Species Clause: Limit one of each Pokémon\n|rule|Item Clause: Limit 1 of each item\n|clearpoke\n|poke|p1|Floette-Eternal, L50, F|\n|poke|p1|Sneasler, L50, F|\n|poke|p1|Basculegion, L50, M|\n|poke|p1|Dragonite, L50, M|\n|poke|p1|Garchomp, L50, M|\n|poke|p1|Kingambit, L50, M, shiny|\n|poke|p2|Glimmora, L50, M|\n|poke|p2|Whimsicott, L50, M|\n|poke|p2|Dragonite, L50, F|\n|poke|p2|Basculegion, L50, M|\n|poke|p2|Incineroar, L50, M|\n|poke|p2|Kingambit, L50, M|\n|teampreview|4\n|inactive|Battle timer is ON: inactive players will automatically lose when time's up. (requested by Jakel69)\n|inactive|Jakel69 has 60 seconds left.\n|\n|t:|1788402105\n|teamsize|p1|4\n|teamsize|p2|4\n|start\n|switch|p1a: Sneasler|Sneasler, L50, F|100/100\n|switch|p1b: Dragonite|Dragonite, L50, M|100/100\n|switch|p2a: Glimmora|Glimmora, L50, M|100/100\n|switch|p2b: Dragonite|Dragonite, L50, F|100/100\n|turn|1\n|inactive|Jakel69 has 30 seconds left.\n|inactive|Jakel69 has 20 seconds left.\n|inactive|Jakel69 has 15 seconds left.\n|inactive|Jakel69 has 10 seconds left.\n|\n|t:|1788402155\n|detailschange|p1b: Dragonite|Dragonite-Mega, L50, M\n|-mega|p1b: Dragonite|Dragonite|Dragoninite\n|detailschange|p2a: Glimmora|Glimmora-Mega, L50, M\n|-mega|p2a: Glimmora|Glimmora|Glimmoranite\n|move|p2a: Glimmora|Spiky Shield|p2a: Glimmora\n|-singleturn|p2a: Glimmora|move: Protect\n|move|p1a: Sneasler|Feint|p2b: Dragonite\n|-damage|p2b: Dragonite|89/100\n|move|p1b: Dragonite|Dragon Pulse|p2b: Dragonite\n|-supereffective|p2b: Dragonite|1\n|-damage|p2b: Dragonite|0 fnt\n|faint|p2b: Dragonite\n|\n|upkeep\n|\n|t:|1788402167\n|switch|p2b: Incineroar|Incineroar, L50, M|100/100\n|-ability|p2b: Incineroar|Intimidate|boost\n|-unboost|p1a: Sneasler|atk|1\n|-unboost|p1b: Dragonite|atk|1\n|turn|2\n|inactive|Jakel69 has 30 seconds left.\n|\n|t:|1788402202\n|move|p2b: Incineroar|Fake Out|p1a: Sneasler\n|-damage|p1a: Sneasler|81/100\n|move|p1b: Dragonite|Extreme Speed|p2a: Glimmora\n|-resisted|p2a: Glimmora|1\n|-damage|p2a: Glimmora|92/100\n|cant|p1a: Sneasler|flinch\n|move|p2a: Glimmora|Power Gem|p1b: Dragonite\n|-supereffective|p1b: Dragonite|1\n|-damage|p1b: Dragonite|41/100\n|\n|upkeep\n|turn|3\n|inactive|TH222 has 30 seconds left.\n|inactive|Jakel69 has 30 seconds left.\n|inactive|TH222 has 20 seconds left.\n|inactive|TH222 has 15 seconds left.\n|inactive|TH222 has 10 seconds left.\n|inactive|TH222 has 5 seconds left.\n|\n|t:|1788402257\n|move|p1b: Dragonite|Protect|p1b: Dragonite\n|-singleturn|p1b: Dragonite|Protect\n|move|p1a: Sneasler|Close Combat|p2b: Incineroar\n|-supereffective|p2b: Incineroar|1\n|-damage|p2b: Incineroar|28/100\n|-unboost|p1a: Sneasler|def|1\n|-unboost|p1a: Sneasler|spd|1\n|-enditem|p2b: Incineroar|Sitrus Berry|[eat]\n|-heal|p2b: Incineroar|53/100|[from] item: Sitrus Berry\n|move|p2a: Glimmora|Power Gem|p1a: Sneasler\n|-resisted|p1a: Sneasler|1\n|-damage|p1a: Sneasler|19/100\n|move|p2b: Incineroar|Flare Blitz|p1a: Sneasler\n|-damage|p1a: Sneasler|0 fnt\n|faint|p1a: Sneasler\n|-damage|p2b: Incineroar|48/100|[from] Recoil\n|\n|upkeep\n|\n|t:|1788402276\n|switch|p1a: Kingambit|Kingambit, L50, M, shiny|100/100\n|turn|4\n|inactive|TH222 has 30 seconds left.\n|inactive|Jakel69 has 30 seconds left.\n|inactive|TH222 has 20 seconds left.\n|inactive|TH222 has 15 seconds left.\n|inactive|TH222 has 10 seconds left.\n|inactive|TH222 has 5 seconds left.\n|\n|t:|1788402331\n|move|p1a: Kingambit|Sucker Punch|p2b: Incineroar\n|-resisted|p2b: Incineroar|1\n|-damage|p2b: Incineroar|32/100\n|move|p1b: Dragonite|Heat Wave|p2b: Incineroar|[spread] p2a,p2b\n|-resisted|p2a: Glimmora|1\n|-resisted|p2b: Incineroar|1\n|-damage|p2a: Glimmora|79/100\n|-damage|p2b: Incineroar|20/100y\n|move|p2a: Glimmora|Power Gem|p1b: Dragonite\n|-supereffective|p1b: Dragonite|1\n|-damage|p1b: Dragonite|0 fnt\n|faint|p1b: Dragonite\n|move|p2b: Incineroar|Flare Blitz|p1a: Kingambit\n|-supereffective|p1a: Kingambit|1\n|-damage|p1a: Kingambit|27/100\n|-damage|p2b: Incineroar|0 fnt|[from] Recoil\n|faint|p2b: Incineroar\n|\n|upkeep\n|inactive|TH222 has 30 seconds left.\n|inactive|TH222 has 20 seconds left.\n|inactive|TH222 has 15 seconds left.\n|inactive|TH222 has 10 seconds left.\n|inactive|TH222 has 5 seconds left.\n|\n|t:|1788402386\n|switch|p1b: Basculegion|Basculegion, L50, M|100/100\n|switch|p2b: Basculegion|Basculegion, L50, M|100/100\n|turn|5\n|inactive|TH222 has 30 seconds left.\n|inactive|TH222 has 20 seconds left.\n|inactive|TH222 has 15 seconds left.\n|inactive|TH222 has 10 seconds left.\n|inactive|TH222 has 5 seconds left.\n|\n|t:|1788402441\n|move|p1b: Basculegion|Aqua Jet|p2a: Glimmora\n|-supereffective|p2a: Glimmora|1\n|-damage|p2a: Glimmora|17/100\n|-damage|p1b: Basculegion|90/100|[from] item: Life Orb\n|move|p1a: Kingambit|Sucker Punch|p2b: Basculegion\n|-supereffective|p2b: Basculegion|1\n|-damage|p2b: Basculegion|5/100\n|move|p2b: Basculegion|Wave Crash|p1b: Basculegion\n|-resisted|p1b: Basculegion|1\n|-damage|p1b: Basculegion|48/100\n|-damage|p2b: Basculegion|0 fnt|[from] Recoil\n|faint|p2b: Basculegion\n|move|p2a: Glimmora|Power Gem|p1b: Basculegion\n|-damage|p1b: Basculegion|0 fnt\n|faint|p1b: Basculegion\n|\n|upkeep\n|turn|6\n|inactive|TH222 has 30 seconds left.\n|inactive|TH222 has 20 seconds left.\n|inactive|TH222 has 15 seconds left.\n|inactive|TH222 has 10 seconds left.\n|inactive|TH222 has 5 seconds left.\n|\n|t:|1788402496\n|move|p1a: Kingambit|Sucker Punch|p2a: Glimmora\n|-damage|p2a: Glimmora|0 fnt\n|faint|p2a: Glimmora\n|\n|win|Jakel69\n|raw|Jakel69's rating: 1278 &rarr; <strong>1295</strong><br />(+17 for winning)\n|raw|TH222's rating: 1168 &rarr; <strong>1151</strong><br />(-17 for losing)\n","uploadtime":1788402528,"views":"11","formatid":"gen9championsvgc2026regmb","rating":1151,"private":0,"password":null}