{"id":"gen9championsvgc2026regmb-2673854557","format":"[Gen 9 Champions] VGC 2026 Reg M-B","players":["Thornlace48812","coffee%65"],"log":"|j|☆Thornlace48812\n|j|☆coffee%65\n|t:|1788268934\n|gametype|doubles\n|player|p1|Thornlace48812|102|1214\n|player|p2|coffee%65|1|1145\n|gen|9\n|tier|[Gen 9 Champions] VGC 2026 Reg M-B\n|rated|\n|rule|Species Clause: Limit one of each Pokémon\n|rule|Item Clause: Limit 1 of each item\n|clearpoke\n|poke|p1|Garchomp, L50, M|\n|poke|p1|Charizard, L50, M|\n|poke|p1|Whimsicott, L50, M|\n|poke|p1|Sylveon, L50, M|\n|poke|p1|Kingambit, L50, M|\n|poke|p1|Basculegion, L50, M|\n|poke|p2|Gallade, L50, M|\n|poke|p2|Talonflame, L50, F, shiny|\n|poke|p2|Farigiraf, L50, F|\n|poke|p2|Diggersby, L50, F, shiny|\n|poke|p2|Pinsir, L50, F, shiny|\n|poke|p2|Glimmora, L50, F|\n|teampreview|4\n|inactive|Battle timer is ON: inactive players will automatically lose when time's up. (requested by Thornlace48812)\nThornlace48812 rejected open team sheets.\n|inactive|coffee%65 has 60 seconds left.\n|\n|t:|1788268980\n|teamsize|p1|4\n|teamsize|p2|4\n|start\n|switch|p1a: Charizard|Charizard, L50, M|100/100\n|switch|p1b: Sylveon|Sylveon, L50, M|100/100\n|switch|p2a: Diggersby|Diggersby, L50, F, shiny|100/100\n|switch|p2b: Glimmora|Glimmora, L50, F|100/100\n|turn|1\n|\n|t:|1788269001\n|detailschange|p2b: Glimmora|Glimmora-Mega, L50, F\n|-mega|p2b: Glimmora|Glimmora|Glimmoranite\n|detailschange|p1a: Charizard|Charizard-Mega-Y, L50, M\n|-mega|p1a: Charizard|Charizard|Charizardite Y\n|-weather|SunnyDay|[from] ability: Drought|[of] p1a: Charizard\n|move|p2a: Diggersby|Body Slam|p1b: Sylveon\n|-damage|p1b: Sylveon|24/100\n|move|p2b: Glimmora|Power Gem|p1a: Charizard\n|-supereffective|p1a: Charizard|2\n|-crit|p1a: Charizard\n|-damage|p1a: Charizard|0 fnt\n|faint|p1a: Charizard\n|move|p1b: Sylveon|Hyper Voice|p2a: Diggersby|[spread] p2a,p2b\n|-resisted|p2b: Glimmora|1\n|-damage|p2a: Diggersby|31/100\n|-damage|p2b: Glimmora|71/100\n|\n|-weather|SunnyDay|[upkeep]\n|upkeep\n|\n|t:|1788269001\n|switch|p1a: Whimsicott|Whimsicott, L50, M|100/100\n|turn|2\n|inactive|coffee%65 has 30 seconds left.\n|\n|t:|1788269027\n|move|p1a: Whimsicott|Tailwind|p1a: Whimsicott\n|-sidestart|p1: Thornlace48812|move: Tailwind\n|move|p2a: Diggersby|Body Slam|p1b: Sylveon\n|-damage|p1b: Sylveon|0 fnt\n|faint|p1b: Sylveon\n|move|p2b: Glimmora|Sludge Bomb|p1a: Whimsicott\n|-supereffective|p1a: Whimsicott|2\n|-enditem|p1a: Whimsicott|Focus Sash\n|-damage|p1a: Whimsicott|1/100\n|\n|-weather|SunnyDay|[upkeep]\n|upkeep\n|\n|t:|1788269029\n|switch|p1b: Basculegion|Basculegion, L50, M|100/100\n|turn|3\n|\n|t:|1788269043\n|switch|p2a: Farigiraf|Farigiraf, L50, F|100/100\n|move|p2b: Glimmora|Spiky Shield|p2b: Glimmora\n|-singleturn|p2b: Glimmora|move: Protect\n|move|p1a: Whimsicott|Moonblast|p2a: Farigiraf\n|-damage|p2a: Farigiraf|66/100\n|move|p1b: Basculegion|Last Respects|p2b: Glimmora\n|-activate|p2b: Glimmora|move: Protect\n|\n|-weather|SunnyDay|[upkeep]\n|upkeep\n|turn|4\n|\n|t:|1788269067\n|move|p2a: Farigiraf|Protect|p2a: Farigiraf\n|-singleturn|p2a: Farigiraf|Protect\n|move|p1a: Whimsicott|Moonblast|p2b: Glimmora\n|-resisted|p2b: Glimmora|1\n|-damage|p2b: Glimmora|51/100\n|move|p1b: Basculegion|Last Respects|p2b: Glimmora\n|-damage|p2b: Glimmora|0 fnt\n|faint|p2b: Glimmora\n|\n|-weather|SunnyDay|[upkeep]\n|upkeep\n|\n|t:|1788269078\n|switch|p2b: Diggersby|Diggersby, L50, F, shiny|31/100\n|turn|5\n|\n|t:|1788269083\n|move|p1a: Whimsicott|Moonblast|p2a: Farigiraf\n|-damage|p2a: Farigiraf|30/100\n|-enditem|p2a: Farigiraf|Sitrus Berry|[eat]\n|-heal|p2a: Farigiraf|55/100|[from] item: Sitrus Berry\n|move|p1b: Basculegion|Last Respects|p2a: Farigiraf\n|-immune|p2a: Farigiraf\n|move|p2b: Diggersby|Wild Charge|p1b: Basculegion\n|-supereffective|p1b: Basculegion|1\n|-damage|p1b: Basculegion|21/100\n|-damage|p2b: Diggersby|6/100|[from] Recoil\n|move|p2a: Farigiraf|Hyper Voice|p1b: Basculegion|[spread] p1a\n|-immune|p1b: Basculegion\n|-damage|p1a: Whimsicott|0 fnt\n|faint|p1a: Whimsicott\n|\n|-weather|none\n|-sideend|p1: Thornlace48812|move: Tailwind\n|upkeep\n|turn|6\n|\n|t:|1788269103\n|move|p2a: Farigiraf|Protect|p2a: Farigiraf\n|-singleturn|p2a: Farigiraf|Protect\n|move|p2b: Diggersby|Wild Charge|p1b: Basculegion\n|-supereffective|p1b: Basculegion|1\n|-damage|p1b: Basculegion|0 fnt\n|faint|p1b: Basculegion\n|-damage|p2b: Diggersby|0 fnt|[from] Recoil\n|faint|p2b: Diggersby\n|\n|win|coffee%65\n|raw|Thornlace48812's rating: 1131 &rarr; <strong>1107</strong><br />(-24 for losing)\n|raw|coffee%65's rating: 1145 &rarr; <strong>1169</strong><br />(+24 for winning)\n","uploadtime":1788269103,"views":"1","formatid":"gen9championsvgc2026regmb","rating":1107,"private":0,"password":null}