{"id":"gen9championsvgc2026regmb-2674907462","format":"[Gen 9 Champions] VGC 2026 Reg M-B","players":["rxizar","Thornlace48812"],"log":"|j|☆rxizar\n|j|☆Thornlace48812\n|t:|1788433739\n|gametype|doubles\n|player|p1|rxizar|collector|1204\n|player|p2|Thornlace48812|102|1247\n|gen|9\n|tier|[Gen 9 Champions] VGC 2026 Reg M-B\n|rated|\n|rule|Species Clause: Limit one of each Pokémon\n|rule|Item Clause: Limit 1 of each item\n|clearpoke\n|poke|p1|Charizard, L50, F|\n|poke|p1|Whimsicott, L50, M|\n|poke|p1|Incineroar, L50, F|\n|poke|p1|Garchomp, L50, F|\n|poke|p1|Kingambit, L50, F|\n|poke|p1|Venusaur, L50, F|\n|poke|p2|Garchomp, L50, M|\n|poke|p2|Charizard, L50, F|\n|poke|p2|Whimsicott, L50, M|\n|poke|p2|Sylveon, L50, F|\n|poke|p2|Kingambit, L50, M|\n|poke|p2|Basculegion, L50, M|\n|teampreview|4\n|inactive|Battle timer is ON: inactive players will automatically lose when time's up. (requested by Thornlace48812)\nThornlace48812 rejected open team sheets.\n|inactive|rxizar has 60 seconds left.\n|\n|t:|1788433785\n|teamsize|p1|4\n|teamsize|p2|4\n|start\n|switch|p1a: Venusaur|Venusaur, L50, F|100/100\n|switch|p1b: Charizard|Charizard, L50, F|100/100\n|switch|p2a: Charizard|Charizard, L50, F|100/100\n|switch|p2b: Garchomp|Garchomp, L50, M|100/100\n|turn|1\n|\n|t:|1788433809\n|switch|p1b: Incineroar|Incineroar, L50, F|100/100\n|-ability|p1b: Incineroar|Intimidate|boost\n|-unboost|p2a: Charizard|atk|1\n|-unboost|p2b: Garchomp|atk|1\n|switch|p1a: Garchomp|Garchomp, L50, F|100/100\n|detailschange|p2a: Charizard|Charizard-Mega-Y, L50, F\n|-mega|p2a: Charizard|Charizard|Charizardite Y\n|-weather|SunnyDay|[from] ability: Drought|[of] p2a: Charizard\n|move|p2b: Garchomp|Rock Slide|p1b: Incineroar|[spread] p1a,p1b\n|-resisted|p1a: Garchomp|1\n|-supereffective|p1b: Incineroar|1\n|-damage|p1a: Garchomp|91/100\n|-damage|p1b: Incineroar|71/100\n|-damage|p2b: Garchomp|90/100|[from] item: Life Orb\n|move|p2a: Charizard|Heat Wave|p1b: Incineroar|[spread] p1b\n|-miss|p2a: Charizard|p1a: Garchomp\n|-resisted|p1b: Incineroar|1\n|-damage|p1b: Incineroar|42/100\n|-enditem|p1b: Incineroar|Sitrus Berry|[eat]\n|-heal|p1b: Incineroar|67/100|[from] item: Sitrus Berry\n|\n|-weather|SunnyDay|[upkeep]\n|upkeep\n|turn|2\n|\n|t:|1788433822\n|switch|p2a: Whimsicott|Whimsicott, L50, M|100/100\n|move|p1b: Incineroar|Fake Out|p2b: Garchomp\n|-damage|p2b: Garchomp|78/100\n|-damage|p1b: Incineroar|54/100|[from] ability: Rough Skin|[of] p2b: Garchomp\n|cant|p2b: Garchomp|flinch\n|move|p1a: Garchomp|Rock Slide|p2b: Garchomp|[spread] p2a,p2b\n|-resisted|p2b: Garchomp|1\n|-damage|p2a: Whimsicott|59/100\n|-damage|p2b: Garchomp|67/100\n|-damage|p1a: Garchomp|82/100|[from] item: Life Orb\n|\n|-weather|SunnyDay|[upkeep]\n|upkeep\n|turn|3\n|\n|t:|1788433838\n|switch|p1a: Venusaur|Venusaur, L50, F|100/100\n|move|p2a: Whimsicott|Tailwind|p2a: Whimsicott\n|-sidestart|p2: Thornlace48812|move: Tailwind\n|move|p2b: Garchomp|Earthquake|p1b: Incineroar|[spread] p2a,p1a,p1b\n|-resisted|p2a: Whimsicott|1\n|-crit|p1a: Venusaur\n|-supereffective|p1b: Incineroar|1\n|-damage|p2a: Whimsicott|36/100\n|-damage|p1a: Venusaur|18/100\n|-damage|p1b: Incineroar|0 fnt\n|faint|p1b: Incineroar\n|-damage|p2b: Garchomp|57/100|[from] item: Life Orb\n|\n|-weather|SunnyDay|[upkeep]\n|upkeep\n|\n|t:|1788433842\n|switch|p1b: Charizard|Charizard, L50, F|100/100\n|turn|4\n|\n|t:|1788433847\n|move|p2a: Whimsicott|Protect|p2a: Whimsicott\n|-singleturn|p2a: Whimsicott|Protect\n|move|p1b: Charizard|Protect|p1b: Charizard\n|-singleturn|p1b: Charizard|Protect\n|move|p2b: Garchomp|Rock Slide|p1a: Venusaur|[spread] p1a\n|-activate|p1b: Charizard|move: Protect\n|-damage|p1a: Venusaur|0 fnt\n|faint|p1a: Venusaur\n|-damage|p2b: Garchomp|47/100|[from] item: Life Orb\n|\n|-weather|SunnyDay|[upkeep]\n|upkeep\n|\n|t:|1788433852\n|switch|p1a: Garchomp|Garchomp, L50, F|82/100\n|turn|5\n|-message|rxizar forfeited.\n|\n|win|Thornlace48812\n|raw|rxizar's rating: 1204 &rarr; <strong>1178</strong><br />(-26 for losing)\n|raw|Thornlace48812's rating: 1188 &rarr; <strong>1214</strong><br />(+26 for winning)\n|l|☆rxizar\n|player|p1|\n","uploadtime":1788433858,"views":"1","formatid":"gen9championsvgc2026regmb","rating":1178,"private":0,"password":null}