{"id":"gen9championsvgc2026regmb-2674302985","format":"[Gen 9 Champions] VGC 2026 Reg M-B","players":["MiniMaestro","Mawile OP"],"log":"|j|☆MiniMaestro\n|j|☆Mawile OP\n|t:|1788336064\n|gametype|doubles\n|player|p1|MiniMaestro|miku-flying|1323\n|player|p2|Mawile OP|265|1290\n|gen|9\n|tier|[Gen 9 Champions] VGC 2026 Reg M-B\n|rated|\n|rule|Species Clause: Limit one of each Pokémon\n|rule|Item Clause: Limit 1 of each item\n|clearpoke\n|poke|p1|Sinistcha, L50|\n|poke|p1|Incineroar, L50, F|\n|poke|p1|Blaziken, L50, F|\n|poke|p1|Ninetales-Alola, L50, M|\n|poke|p1|Mawile, L50, F|\n|poke|p1|Basculegion, L50, M|\n|poke|p2|Raichu, L50, F|\n|poke|p2|Staraptor, L50, F|\n|poke|p2|Arcanine-Hisui, L50, M|\n|poke|p2|Farigiraf, L50, M|\n|poke|p2|Sylveon, L50, F|\n|poke|p2|Kingambit, L50, M|\n|teampreview|4\n|inactive|Battle timer is ON: inactive players will automatically lose when time's up. (requested by Mawile OP)\nMiniMaestro has agreed to open team sheets.\n|inactive|MiniMaestro has 60 seconds left.\n|inactive|Mawile OP has 60 seconds left.\n|inactive|Mawile OP has 30 seconds left.\n|\n|t:|1788336132\n|teamsize|p1|4\n|teamsize|p2|4\n|start\n|switch|p1a: Mawile|Mawile, L50, F|100/100\n|switch|p1b: Incineroar|Incineroar, L50, F|100/100\n|switch|p2a: Staraptor|Staraptor, L50, F|100/100\n|switch|p2b: Arcanine|Arcanine-Hisui, L50, M|100/100\n|-ability|p2a: Staraptor|Intimidate|boost\n|-fail|p1a: Mawile|unboost|atk|[from] ability: Hyper Cutter|[of] p1a: Mawile\n|-unboost|p1b: Incineroar|atk|1\n|-ability|p1b: Incineroar|Intimidate|boost\n|-unboost|p2a: Staraptor|atk|1\n|-unboost|p2b: Arcanine|atk|1\n|turn|1\n|\n|t:|1788336154\n|switch|p2a: Farigiraf|Farigiraf, L50, M|100/100\n|detailschange|p1a: Mawile|Mawile-Mega, L50, F\n|-mega|p1a: Mawile|Mawile|Mawilite\n|move|p1b: Incineroar|Fake Out||[still]\n|cant|p2a: Farigiraf|ability: Armor Tail|Fake Out|[of] p1b: Incineroar\n|move|p2b: Arcanine|Flare Blitz|p1a: Mawile\n|-supereffective|p1a: Mawile|1\n|-damage|p1a: Mawile|33/100\n|-status|p1a: Mawile|brn\n|move|p1a: Mawile|Play Rough|p2a: Farigiraf\n|-crit|p2a: Farigiraf\n|-damage|p2a: Farigiraf|46/100\n|-enditem|p2a: Farigiraf|Sitrus Berry|[eat]\n|-heal|p2a: Farigiraf|71/100|[from] item: Sitrus Berry\n|\n|-damage|p1a: Mawile|28/100 brn|[from] brn\n|upkeep\n|turn|2\n|inactive|MiniMaestro has 30 seconds left.\n|inactive|Mawile OP has 30 seconds left.\n|inactive|MiniMaestro has 20 seconds left.\n|inactive|MiniMaestro has 15 seconds left.\n|inactive|Mawile OP has 20 seconds left.\n|inactive|Mawile OP has 15 seconds left.\n|inactive|Mawile OP has 10 seconds left.\n|\n|t:|1788336205\n|switch|p1a: Blaziken|Blaziken, L50, F|100/100\n|move|p2b: Arcanine|Flare Blitz|p1a: Blaziken\n|-resisted|p1a: Blaziken|1\n|-damage|p1a: Blaziken|71/100\n|move|p2a: Farigiraf|Psychic|p1a: Blaziken\n|-supereffective|p1a: Blaziken|1\n|-damage|p1a: Blaziken|0 fnt\n|faint|p1a: Blaziken\n|move|p1b: Incineroar|Parting Shot|p2b: Arcanine\n|-unboost|p2b: Arcanine|atk|1\n|-unboost|p2b: Arcanine|spa|1\n|\n|t:|1788336217\n|switch|p1b: Basculegion|Basculegion, L50, M|100/100|[from] Parting Shot\n|\n|upkeep\n|\n|t:|1788336220\n|switch|p1a: Incineroar|Incineroar, L50, F|100/100\n|-ability|p1a: Incineroar|Intimidate|boost\n|-unboost|p2a: Farigiraf|atk|1\n|-unboost|p2b: Arcanine|atk|1\n|turn|3\n|\n|t:|1788336243\n|switch|p2b: Staraptor|Staraptor, L50, F|100/100\n|-ability|p2b: Staraptor|Intimidate|boost\n|-unboost|p1a: Incineroar|atk|1\n|-unboost|p1b: Basculegion|atk|1\n|move|p1a: Incineroar|Helping Hand|p1b: Basculegion\n|-singleturn|p1b: Basculegion|Helping Hand|[of] p1a: Incineroar\n|move|p1b: Basculegion|Wave Crash|p2b: Staraptor\n|-damage|p2b: Staraptor|0 fnt\n|faint|p2b: Staraptor\n|-damage|p1b: Basculegion|70/100|[from] Recoil\n|-damage|p1b: Basculegion|61/100|[from] item: Life Orb\n|move|p2a: Farigiraf|Psychic|p1b: Basculegion\n|-damage|p1b: Basculegion|25/100\n|\n|upkeep\n|\n|t:|1788336259\n|switch|p2b: Kingambit|Kingambit, L50, M|100/100\n|turn|4\n|\n|t:|1788336275\n|move|p1b: Basculegion|Protect|p1b: Basculegion\n|-singleturn|p1b: Basculegion|Protect\n|move|p2b: Kingambit|Sucker Punch||[still]\n|-fail|p2b: Kingambit\n|move|p1a: Incineroar|Flare Blitz|p2b: Kingambit\n|-supereffective|p2b: Kingambit|1\n|-damage|p2b: Kingambit|53/100\n|-damage|p1a: Incineroar|84/100|[from] Recoil\n|move|p2a: Farigiraf|Trick Room|p2a: Farigiraf\n|-fieldstart|move: Trick Room|[of] p2a: Farigiraf\n|\n|upkeep\n|turn|5\n|inactive|MiniMaestro has 30 seconds left.\n|inactive|MiniMaestro has 20 seconds left.\n|inactive|Mawile OP has 30 seconds left.\n|inactive|MiniMaestro has 15 seconds left.\n|\n|t:|1788336317\n|switch|p1b: Mawile|Mawile-Mega, L50, F|28/100 brn\n|move|p2b: Kingambit|Protect|p2b: Kingambit\n|-singleturn|p2b: Kingambit|Protect\n|move|p2a: Farigiraf|Psychic|p1b: Mawile\n|-resisted|p1b: Mawile|1\n|-damage|p1b: Mawile|7/100 brn\n|move|p1a: Incineroar|Flare Blitz|p2b: Kingambit\n|-activate|p2b: Kingambit|move: Protect\n|\n|-damage|p1b: Mawile|1/100 brn|[from] brn\n|upkeep\n|turn|6\n|inactive|Mawile OP has 30 seconds left.\n|inactive|MiniMaestro has 30 seconds left.\n|inactive|Mawile OP has 20 seconds left.\n|inactive|Mawile OP has 15 seconds left.\n|inactive|Mawile OP has 10 seconds left.\n|\n|t:|1788336365\n|switch|p2b: Arcanine|Arcanine-Hisui, L50, M|100/100\n|move|p1b: Mawile|Iron Head|p2a: Farigiraf\n|-damage|p2a: Farigiraf|38/100\n|move|p2a: Farigiraf|Psychic|p1b: Mawile\n|-resisted|p1b: Mawile|1\n|-damage|p1b: Mawile|0 fnt\n|faint|p1b: Mawile\n|move|p1a: Incineroar|Flare Blitz|p2a: Farigiraf\n|-damage|p2a: Farigiraf|9/100\n|-damage|p1a: Incineroar|73/100|[from] Recoil\n|\n|upkeep\n|\n|t:|1788336376\n|switch|p1b: Basculegion|Basculegion, L50, M|25/100\n|turn|7\n|\n|t:|1788336399\n|move|p2b: Arcanine|Protect|p2b: Arcanine\n|-singleturn|p2b: Arcanine|Protect\n|move|p1a: Incineroar|Parting Shot|p2b: Arcanine\n|-activate|p2b: Arcanine|move: Protect\n|move|p2a: Farigiraf|Psychic|p1b: Basculegion\n|-damage|p1b: Basculegion|0 fnt\n|faint|p1b: Basculegion\n|\n|upkeep\n|turn|8\n|-message|MiniMaestro forfeited.\n|\n|win|Mawile OP\n|raw|MiniMaestro's rating: 1323 &rarr; <strong>1301</strong><br />(-22 for losing)\n|raw|Mawile OP's rating: 1290 &rarr; <strong>1317</strong><br />(+27 for winning)\n","uploadtime":1788336413,"views":"2","formatid":"gen9championsvgc2026regmb","rating":1301,"private":0,"password":null}