{"id":"gen9championsvgc2026regmb-2674355974","format":"[Gen 9 Champions] VGC 2026 Reg M-B","players":["Hzqmrln","Adiscorpus"],"log":"|j|☆Hzqmrln\n|j|☆Adiscorpus\n|t:|1788347860\n|gametype|doubles\n|player|p1|Hzqmrln|170|1559\n|player|p2|Adiscorpus|pokemonranger-gen6|1547\n|gen|9\n|tier|[Gen 9 Champions] VGC 2026 Reg M-B\n|rated|\n|rule|Species Clause: Limit one of each Pokémon\n|rule|Item Clause: Limit 1 of each item\n|clearpoke\n|poke|p1|Raichu, L50, F|\n|poke|p1|Staraptor, L50, F|\n|poke|p1|Arcanine-Hisui, L50, M|\n|poke|p1|Farigiraf, L50, M|\n|poke|p1|Sylveon, L50, F|\n|poke|p1|Kingambit, L50, M|\n|poke|p2|Dragonite, L50, F, shiny|\n|poke|p2|Noivern, L50, M|\n|poke|p2|Garchomp, L50, M|\n|poke|p2|Salazzle, L50, F, shiny|\n|poke|p2|Tinkaton, L50, F|\n|poke|p2|Gallade, L50, M|\n|teampreview|4\n|inactive|Battle timer is ON: inactive players will automatically lose when time's up. (requested by Hzqmrln)\n|inactive|Hzqmrln has 60 seconds left.\n|inactive|Adiscorpus has 60 seconds left.\n|inactive|Adiscorpus has 30 seconds left.\n|inactive|Adiscorpus has 20 seconds left.\n|inactive|Adiscorpus has 15 seconds left.\n|inactive|Adiscorpus has 10 seconds left.\n|inactive|Adiscorpus has 5 seconds left.\n|\n|t:|1788347956\n|teamsize|p1|4\n|teamsize|p2|4\n|start\n|switch|p1a: Staraptor|Staraptor, L50, F|100/100\n|switch|p1b: Sylveon|Sylveon, L50, F|100/100\n|switch|p2a: Dragonite|Dragonite, L50, F, shiny|100/100\n|switch|p2b: Noivern|Noivern, L50, M|100/100\n|-item|p1a: Staraptor|Staraptite|[from] ability: Frisk|[of] p2b: Noivern\n|-item|p1b: Sylveon|Fairy Feather|[from] ability: Frisk|[of] p2b: Noivern\n|-ability|p1a: Staraptor|Intimidate|boost\n|-fail|p2a: Dragonite|unboost|atk|[from] ability: Inner Focus|[of] p2a: Dragonite\n|-unboost|p2b: Noivern|atk|1\n|turn|1\n|\n|t:|1788347977\n|detailschange|p2a: Dragonite|Dragonite-Mega, L50, F, shiny\n|-mega|p2a: Dragonite|Dragonite|Dragoninite\n|move|p2a: Dragonite|Protect|p2a: Dragonite\n|-singleturn|p2a: Dragonite|Protect\n|move|p2b: Noivern|Tailwind|p2b: Noivern\n|-sidestart|p2: Adiscorpus|move: Tailwind\n|move|p1a: Staraptor|Tailwind|p1a: Staraptor\n|-sidestart|p1: Hzqmrln|move: Tailwind\n|move|p1b: Sylveon|Hyper Voice|p2b: Noivern|[spread] p2b\n|-activate|p2a: Dragonite|move: Protect\n|-supereffective|p2b: Noivern|1\n|-damage|p2b: Noivern|0 fnt\n|faint|p2b: Noivern\n|\n|upkeep\n|\n|t:|1788347988\n|switch|p2b: Salazzle|Salazzle, L50, F, shiny|100/100\n|turn|2\n|\n|t:|1788347998\n|switch|p1a: Arcanine|Arcanine-Hisui, L50, M|100/100\n|move|p1b: Sylveon|Detect|p1b: Sylveon\n|-singleturn|p1b: Sylveon|Protect\n|move|p2b: Salazzle|Disable|p1b: Sylveon\n|-activate|p1b: Sylveon|move: Protect\n|move|p2a: Dragonite|Draco Meteor|p1a: Arcanine\n|-damage|p1a: Arcanine|2/100\n|-unboost|p2a: Dragonite|spa|2\n|\n|upkeep\n|turn|3\n|\n|t:|1788348019\n|switch|p1b: Raichu|Raichu, L50, F|100/100\n|move|p1a: Arcanine|Protect|p1a: Arcanine\n|-singleturn|p1a: Arcanine|Protect\n|move|p2b: Salazzle|Dragon Cheer|p2a: Dragonite\n|-start|p2a: Dragonite|move: Dragon Cheer\n|move|p2a: Dragonite|Air Cutter|p1b: Raichu|[spread] p1b\n|-activate|p1a: Arcanine|move: Protect\n|-resisted|p1b: Raichu|1\n|-crit|p1b: Raichu\n|-damage|p1b: Raichu|74/100\n|\n|upkeep\n|turn|4\n|\n|t:|1788348040\n|move|p1b: Raichu|Fake Out|p2a: Dragonite\n|-damage|p2a: Dragonite|96/100\n|move|p2b: Salazzle|Heat Wave|p1b: Raichu|[spread] p1a,p1b\n|-resisted|p1a: Arcanine|2\n|-damage|p1a: Arcanine|0 fnt\n|-damage|p1b: Raichu|29/100\n|faint|p1a: Arcanine\n|cant|p2a: Dragonite|flinch\n|\n|-sideend|p2: Adiscorpus|move: Tailwind\n|-sideend|p1: Hzqmrln|move: Tailwind\n|upkeep\n|\n|t:|1788348047\n|switch|p1a: Sylveon|Sylveon, L50, F|100/100\n|turn|5\n|\n|t:|1788348066\n|detailschange|p1b: Raichu|Raichu-Mega-Y, L50, F\n|-mega|p1b: Raichu|Raichu|Raichunite Y\n|move|p1a: Sylveon|Detect|p1a: Sylveon\n|-singleturn|p1a: Sylveon|Protect\n|move|p1b: Raichu|Zap Cannon|p2b: Salazzle\n|-enditem|p2b: Salazzle|Focus Sash\n|-damage|p2b: Salazzle|1/100\n|-status|p2b: Salazzle|par\n|move|p2a: Dragonite|Air Cutter|p1b: Raichu|[spread] p1b\n|-activate|p1a: Sylveon|move: Protect\n|-resisted|p1b: Raichu|1\n|-crit|p1b: Raichu\n|-damage|p1b: Raichu|1/100\n|move|p2b: Salazzle|Heat Wave|p1b: Raichu|[spread] p1b\n|-activate|p1a: Sylveon|move: Protect\n|-damage|p1b: Raichu|0 fnt\n|faint|p1b: Raichu\n|\n|upkeep\n|\n|t:|1788348081\n|switch|p1b: Staraptor|Staraptor, L50, F|100/100\n|-ability|p1b: Staraptor|Intimidate|boost\n|-unboost|p2a: Dragonite|atk|1\n|-fail|p2b: Salazzle|unboost|atk|[from] ability: Oblivious|[of] p2b: Salazzle\n|turn|6\n|\n|t:|1788348106\n|move|p1b: Staraptor|Tailwind|p1b: Staraptor\n|-sidestart|p1: Hzqmrln|move: Tailwind\n|move|p1a: Sylveon|Hyper Voice|p2a: Dragonite|[spread] p2a,p2b\n|-supereffective|p2a: Dragonite|1\n|-resisted|p2b: Salazzle|2\n|-damage|p2a: Dragonite|17/100\n|-damage|p2b: Salazzle|0 fnt\n|faint|p2b: Salazzle\n|move|p2a: Dragonite|Draco Meteor|p1b: Staraptor\n|-damage|p1b: Staraptor|36/100\n|-unboost|p2a: Dragonite|spa|2\n|\n|upkeep\n|\n|t:|1788348117\n|switch|p2b: Garchomp|Garchomp, L50, M|100/100\n|turn|7\n|\n|t:|1788348130\n|move|p1b: Staraptor|Close Combat|p2b: Garchomp\n|-damage|p2b: Garchomp|60/100\n|-unboost|p1b: Staraptor|def|1\n|-unboost|p1b: Staraptor|spd|1\n|-damage|p1b: Staraptor|24/100|[from] ability: Rough Skin|[of] p2b: Garchomp\n|move|p1a: Sylveon|Hyper Voice|p2a: Dragonite|[spread] p2a,p2b\n|-supereffective|p2a: Dragonite|1\n|-supereffective|p2b: Garchomp|1\n|-damage|p2a: Dragonite|0 fnt\n|-damage|p2b: Garchomp|0 fnt\n|faint|p2a: Dragonite\n|faint|p2b: Garchomp\n|\n|win|Hzqmrln\n|raw|Hzqmrln's rating: 1559 &rarr; <strong>1578</strong><br />(+19 for winning)\n|raw|Adiscorpus's rating: 1547 &rarr; <strong>1528</strong><br />(-19 for losing)\n|l|☆Adiscorpus\n|player|p2|\n","uploadtime":1788348141,"views":"1","formatid":"gen9championsvgc2026regmb","rating":1528,"private":0,"password":null}