{"id":"gen9championsvgc2026regmb-2674657737","format":"[Gen 9 Champions] VGC 2026 Reg M-B","players":["Yohlex","oydyyf"],"log":"|j|☆Yohlex\n|j|☆oydyyf\n|t:|1788386174\n|gametype|doubles\n|player|p1|Yohlex|169|1057\n|player|p2|oydyyf|265|1007\n|gen|9\n|tier|[Gen 9 Champions] VGC 2026 Reg M-B\n|rated|\n|rule|Species Clause: Limit one of each Pokémon\n|rule|Item Clause: Limit 1 of each item\n|clearpoke\n|poke|p1|Pelipper, L50, F|\n|poke|p1|Basculegion, L50, M|\n|poke|p1|Archaludon, L50, M|\n|poke|p1|Swampert, L50, M|\n|poke|p1|Weavile, L50, M|\n|poke|p1|Dragonite, L50, F|\n|poke|p2|Malamar, L50, F|\n|poke|p2|Kangaskhan, L50, F|\n|poke|p2|Farigiraf, L50, M|\n|poke|p2|Torkoal, L50, F|\n|poke|p2|Araquanid, L50, F|\n|poke|p2|Gallade, L50, M|\n|teampreview|4\n|\n|t:|1788386199\n|teamsize|p1|4\n|teamsize|p2|4\n|start\n|switch|p1a: Pelipper|Pelipper, L50, F|100/100\n|switch|p1b: Weavile|Weavile, L50, M|100/100\n|switch|p2a: Kangascoigne|Kangaskhan, L50, F|100/100\n|switch|p2b: Psychic Terrain|Farigiraf, L50, M|100/100\n|-weather|RainDance|[from] ability: Drizzle|[of] p1a: Pelipper\n|turn|1\n|\n|t:|1788386223\n|move|p2a: Kangascoigne|Fake Out|p1b: Weavile\n|-damage|p1b: Weavile|67/100\n|cant|p1b: Weavile|flinch\n|move|p1a: Pelipper|Tailwind|p1a: Pelipper\n|-sidestart|p1: Yohlex|move: Tailwind\n|move|p2b: Psychic Terrain|Trick Room|p2b: Psychic Terrain\n|-fieldstart|move: Trick Room|[of] p2b: Psychic Terrain\n|\n|-weather|RainDance|[upkeep]\n|upkeep\n|turn|2\n|\n|t:|1788386242\n|move|p1a: Pelipper|Protect|p1a: Pelipper\n|-singleturn|p1a: Pelipper|Protect\n|move|p1b: Weavile|Protect|p1b: Weavile\n|-singleturn|p1b: Weavile|Protect\n|move|p2b: Psychic Terrain|Hyper Voice|p1a: Pelipper|[spread] \n|-activate|p1a: Pelipper|move: Protect\n|-activate|p1b: Weavile|move: Protect\n|move|p2a: Kangascoigne|Last Resort|p1a: Pelipper\n|-activate|p1a: Pelipper|move: Protect\n|\n|-weather|RainDance|[upkeep]\n|upkeep\n|turn|3\n|\n|t:|1788386261\n|switch|p1a: Basculegion|Basculegion, L50, M|100/100\n|move|p2b: Psychic Terrain|Hyper Voice|p1a: Basculegion|[spread] p1b\n|-immune|p1a: Basculegion\n|-damage|p1b: Weavile|30/100\n|move|p2a: Kangascoigne|Last Resort|p1a: Basculegion\n|-damage|p1a: Basculegion|22/100\n|move|p1b: Weavile|Throat Chop|p2b: Psychic Terrain\n|-supereffective|p2b: Psychic Terrain|1\n|-enditem|p2b: Psychic Terrain|Colbur Berry|[eat]\n|-enditem|p2b: Psychic Terrain|Colbur Berry|[weaken]\n|-damage|p2b: Psychic Terrain|59/100\n|-start|p2b: Psychic Terrain|Throat Chop|[silent]\n|\n|-weather|RainDance|[upkeep]\n|upkeep\n|turn|4\n|\n|t:|1788386294\n|switch|p2a: Malamar|Malamar, L50, F|100/100\n|move|p2b: Psychic Terrain|Psychic|p1a: Basculegion\n|-damage|p1a: Basculegion|0 fnt\n|faint|p1a: Basculegion\n|move|p1b: Weavile|Throat Chop|p2b: Psychic Terrain\n|-supereffective|p2b: Psychic Terrain|1\n|-damage|p2b: Psychic Terrain|0 fnt\n|faint|p2b: Psychic Terrain\n|\n|-weather|RainDance|[upkeep]\n|-sideend|p1: Yohlex|move: Tailwind\n|upkeep\n|\n|t:|1788386312\n|switch|p2b: Gallade|Gallade, L50, M|100/100\n|switch|p1a: Swampert|Swampert, L50, M|100/100\n|turn|5\n|\n|t:|1788386325\n|move|p1a: Swampert|Protect|p1a: Swampert\n|-singleturn|p1a: Swampert|Protect\n|move|p1b: Weavile|Protect|p1b: Weavile\n|-singleturn|p1b: Weavile|Protect\n|move|p2b: Gallade|Trick Room|p2b: Gallade\n|-fieldend|move: Trick Room\n|move|p2a: Malamar|Trick Room|p2a: Malamar\n|-fieldstart|move: Trick Room|[of] p2a: Malamar\n|\n|-weather|none\n|upkeep\n|turn|6\n|\n|t:|1788386350\n|detailschange|p1a: Swampert|Swampert-Mega, L50, M\n|-mega|p1a: Swampert|Swampert|Swampertite\n|move|p2b: Gallade|Sacred Sword|p1a: Swampert\n|-damage|p1a: Swampert|39/100\n|move|p2a: Malamar|Superpower|p1b: Weavile\n|-supereffective|p1b: Weavile|2\n|-damage|p1b: Weavile|0 fnt\n|-boost|p2a: Malamar|atk|1\n|-boost|p2a: Malamar|def|1\n|faint|p1b: Weavile\n|move|p1a: Swampert|Wave Crash|p2b: Gallade\n|-damage|p2b: Gallade|1/100\n|-damage|p1a: Swampert|10/100|[from] Recoil\n|\n|upkeep\n|inactive|Battle timer is ON: inactive players will automatically lose when time's up. (requested by oydyyf)\n|\n|t:|1788386365\n|switch|p1b: Pelipper|Pelipper, L50, F|100/100\n|-weather|RainDance|[from] ability: Drizzle|[of] p1b: Pelipper\n|turn|7\n|\n|t:|1788386379\n|move|p1a: Swampert|Protect|p1a: Swampert\n|-singleturn|p1a: Swampert|Protect\n|move|p2b: Gallade|Psycho Cut|p1b: Pelipper\n|-damage|p1b: Pelipper|24/100\n|move|p2a: Malamar|Superpower|p1a: Swampert\n|-activate|p1a: Swampert|move: Protect\n|move|p1b: Pelipper|Weather Ball|p2b: Gallade\n|-damage|p2b: Gallade|0 fnt\n|faint|p2b: Gallade\n|\n|-weather|RainDance|[upkeep]\n|upkeep\n|\n|t:|1788386393\n|switch|p2b: Kangascoigne|Kangaskhan, L50, F|100/100\n|turn|8\n|\n|t:|1788386416\n|move|p2b: Kangascoigne|Fake Out|p1b: Pelipper\n|-damage|p1b: Pelipper|0 fnt\n|faint|p1b: Pelipper\n|move|p2a: Malamar|Superpower|p1a: Swampert\n|-damage|p1a: Swampert|0 fnt\n|-boost|p2a: Malamar|atk|1\n|-boost|p2a: Malamar|def|1\n|faint|p1a: Swampert\n|\n|win|oydyyf\n|raw|Yohlex's rating: 1057 &rarr; <strong>1036</strong><br />(-21 for losing)\n|raw|oydyyf's rating: 1007 &rarr; <strong>1052</strong><br />(+45 for winning)\n|l|☆Yohlex\n|player|p1|\n","uploadtime":1788386429,"views":"1","formatid":"gen9championsvgc2026regmb","rating":1036,"private":0,"password":null}