{"id":"gen9championsvgc2026regmb-2674070153","format":"[Gen 9 Champions] VGC 2026 Reg M-B","players":["PeteCrowAltstrong","Tested end"],"log":"|j|☆PeteCrowAltstrong\n|j|☆Tested end\n|t:|1788295081\n|gametype|doubles\n|player|p1|PeteCrowAltstrong|boarder|1000\n|player|p2|Tested end|265|1050\n|gen|9\n|tier|[Gen 9 Champions] VGC 2026 Reg M-B\n|rated|\n|rule|Species Clause: Limit one of each Pokémon\n|rule|Item Clause: Limit 1 of each item\n|clearpoke\n|poke|p1|Froslass, L50, F|\n|poke|p1|Dragonite, L50, M|\n|poke|p1|Toxapex, L50, M|\n|poke|p1|Sneasler, L50, M|\n|poke|p1|Kingambit, L50, F|\n|poke|p1|Blaziken, L50, M|\n|poke|p2|Raichu, L50, M|\n|poke|p2|Garchomp, L50, M|\n|poke|p2|Sylveon, L50, M|\n|poke|p2|Arcanine-Hisui, L50, F|\n|poke|p2|Sinistcha, L50|\n|poke|p2|Whimsicott, L50, F|\n|teampreview|4\n|\n|t:|1788295118\n|teamsize|p1|4\n|teamsize|p2|4\n|start\n|switch|p1a: Sneasler|Sneasler, L50, M|100/100\n|switch|p1b: Froslass|Froslass, L50, F|100/100\n|switch|p2a: Whimsicott|Whimsicott, L50, F|100/100\n|switch|p2b: Garchomp|Garchomp, L50, M|100/100\n|turn|1\n|\n|t:|1788295134\n|detailschange|p1b: Froslass|Froslass-Mega, L50, F\n|-mega|p1b: Froslass|Froslass|Froslassite\n|-weather|Snowscape|[from] ability: Snow Warning|[of] p1b: Froslass\n|move|p2b: Garchomp|Protect|p2b: Garchomp\n|-singleturn|p2b: Garchomp|Protect\n|move|p1a: Sneasler|Fake Out|p2a: Whimsicott\n|-damage|p2a: Whimsicott|80/100\n|cant|p2a: Whimsicott|flinch\n|move|p1b: Froslass|Blizzard|p2a: Whimsicott|[spread] p2a\n|-activate|p2b: Garchomp|move: Protect\n|-supereffective|p2a: Whimsicott|1\n|-damage|p2a: Whimsicott|0 fnt\n|faint|p2a: Whimsicott\n|\n|-weather|Snowscape|[upkeep]\n|upkeep\n|\n|t:|1788295150\n|switch|p2a: Raichu|Raichu, L50, M|100/100\n|turn|2\n|\n|t:|1788295165\n|switch|p1a: Dragonite|Dragonite, L50, M|100/100\n|detailschange|p2a: Raichu|Raichu-Mega-Y, L50, M\n|-mega|p2a: Raichu|Raichu|Raichunite Y\n|move|p2a: Raichu|Zap Cannon|p1b: Froslass\n|-damage|p1b: Froslass|25/100\n|-status|p1b: Froslass|par\n|move|p2b: Garchomp|Rock Slide|p1a: Dragonite|[spread] p1a\n|-miss|p2b: Garchomp|p1b: Froslass\n|-supereffective|p1a: Dragonite|1\n|-damage|p1a: Dragonite|45/100\n|-damage|p2b: Garchomp|90/100|[from] item: Life Orb\n|move|p1b: Froslass|Blizzard|p2b: Garchomp|[spread] p2a,p2b\n|-supereffective|p2b: Garchomp|2\n|-damage|p2a: Raichu|35/100\n|-damage|p2b: Garchomp|0 fnt\n|faint|p2b: Garchomp\n|\n|-weather|Snowscape|[upkeep]\n|upkeep\n|\n|t:|1788295182\n|switch|p2b: Arcanine|Arcanine-Hisui, L50, F|100/100\n|turn|3\n|\n|t:|1788295195\n|move|p1a: Dragonite|Extreme Speed|p2a: Raichu\n|-damage|p2a: Raichu|0 fnt\n|faint|p2a: Raichu\n|-damage|p1a: Dragonite|36/100|[from] item: Life Orb\n|move|p2b: Arcanine|Flare Blitz|p1b: Froslass\n|-supereffective|p1b: Froslass|1\n|-crit|p1b: Froslass\n|-damage|p1b: Froslass|0 fnt\n|faint|p1b: Froslass\n|\n|-weather|Snowscape|[upkeep]\n|upkeep\n|\n|t:|1788295202\n|switch|p1b: Sneasler|Sneasler, L50, M|100/100\n|turn|4\n|\n|t:|1788295212\n|move|p2b: Arcanine|Protect|p2b: Arcanine\n|-singleturn|p2b: Arcanine|Protect\n|move|p1b: Sneasler|Fake Out|p2b: Arcanine\n|-activate|p2b: Arcanine|move: Protect\n|move|p1a: Dragonite|Low Kick|p2b: Arcanine\n|-activate|p2b: Arcanine|move: Protect\n|\n|-weather|Snowscape|[upkeep]\n|upkeep\n|turn|5\n|\n|t:|1788295221\n|move|p1b: Sneasler|Close Combat|p2b: Arcanine\n|-supereffective|p2b: Arcanine|1\n|-damage|p2b: Arcanine|0 fnt\n|-unboost|p1b: Sneasler|def|1\n|-unboost|p1b: Sneasler|spd|1\n|faint|p2b: Arcanine\n|\n|win|PeteCrowAltstrong\n|raw|PeteCrowAltstrong's rating: 1000 &rarr; <strong>1046</strong><br />(+46 for winning)\n|raw|Tested end's rating: 1050 &rarr; <strong>1030</strong><br />(-20 for losing)\n","uploadtime":1788295222,"views":"1","formatid":"gen9championsvgc2026regmb","rating":1030,"private":0,"password":null}