{"id":"gen9championsvgc2026regmb-2674451697","format":"[Gen 9 Champions] VGC 2026 Reg M-B","players":["IdioticAxolotl","dimweaker"],"log":"|j|☆IdioticAxolotl\n|j|☆dimweaker\n|t:|1788361445\n|gametype|doubles\n|player|p1|IdioticAxolotl|clay|1445\n|player|p2|dimweaker|swimmerf-gen4|1435\n|gen|9\n|tier|[Gen 9 Champions] VGC 2026 Reg M-B\n|rated|\n|rule|Species Clause: Limit one of each Pokémon\n|rule|Item Clause: Limit 1 of each item\n|clearpoke\n|poke|p1|Drampa, L50, M|\n|poke|p1|Sinistcha, L50|\n|poke|p1|Sylveon, L50, F|\n|poke|p1|Oranguru, L50, M|\n|poke|p1|Lucario, L50, M|\n|poke|p1|Torkoal, L50, M|\n|poke|p2|Milotic, L50, F|\n|poke|p2|Wyrdeer, L50, F|\n|poke|p2|Staraptor, L50, F|\n|poke|p2|Raichu, L50, F|\n|poke|p2|Chandelure, L50, M|\n|poke|p2|Kingambit, L50, F|\n|teampreview|4\n|inactive|Battle timer is ON: inactive players will automatically lose when time's up. (requested by IdioticAxolotl)\n|\n|t:|1788361463\n|teamsize|p1|4\n|teamsize|p2|4\n|start\n|switch|p1a: Aura Guardian|Lucario, L50, M|100/100\n|switch|p1b: Monke|Oranguru, L50, M|100/100\n|switch|p2a: Wyrdeer|Wyrdeer, L50, F|100/100\n|switch|p2b: Milotic|Milotic, L50, F|100/100\n|-ability|p2a: Wyrdeer|Intimidate|boost\n|-fail|p1a: Aura Guardian|unboost|atk|[from] ability: Inner Focus|[of] p1a: Aura Guardian\n|-fail|p1b: Monke|unboost|atk|[from] ability: Inner Focus|[of] p1b: Monke\n|turn|1\n|\n|t:|1788361487\n|move|p1a: Aura Guardian|Final Gambit|p2a: Wyrdeer\n|-damage|p2a: Wyrdeer|12/100\n|faint|p1a: Aura Guardian\n|move|p2a: Wyrdeer|Skill Swap|p1b: Monke\n|-activate|p2a: Wyrdeer|Skill Swap|Inner Focus|Intimidate|[of] p1b: Monke\n|-ability|p1b: Monke|Intimidate|boost\n|-fail|p2a: Wyrdeer|unboost|atk|[from] ability: Inner Focus|[of] p2a: Wyrdeer\n|-unboost|p2b: Milotic|atk|1\n|-ability|p2b: Milotic|Competitive|boost\n|-boost|p2b: Milotic|spa|2\n|move|p2b: Milotic|Coil|p2b: Milotic\n|-boost|p2b: Milotic|atk|1\n|-boost|p2b: Milotic|def|1\n|-boost|p2b: Milotic|accuracy|1\n|move|p1b: Monke|Trick Room|p1b: Monke\n|-fieldstart|move: Trick Room|[of] p1b: Monke\n|\n|upkeep\n|\n|t:|1788361504\n|switch|p1a: WeHavFloetteAtHome|Sylveon, L50, F|100/100\n|turn|2\n|\n|t:|1788361519\n|move|p1a: WeHavFloetteAtHome|Hyper Voice|p2b: Milotic|[spread] p2a,p2b\n|-damage|p2a: Wyrdeer|0 fnt\n|-damage|p2b: Milotic|65/100\n|faint|p2a: Wyrdeer\n|move|p1b: Monke|Instruct|p1a: WeHavFloetteAtHome\n|-singleturn|p1a: WeHavFloetteAtHome|move: Instruct|[of] p1b: Monke\n|move|p1a: WeHavFloetteAtHome|Hyper Voice|p2b: Milotic\n|-damage|p2b: Milotic|15/100\n|move|p2b: Milotic|Hypnosis|p1a: WeHavFloetteAtHome\n|-status|p1a: WeHavFloetteAtHome|slp|[from] move: Hypnosis\n|\n|-heal|p2b: Milotic|21/100|[from] item: Leftovers\n|upkeep\n|\n|t:|1788361524\n|switch|p2a: Chandelure|Chandelure, L50, M|100/100\n|turn|3\n|\n|t:|1788361541\n|cant|p1a: WeHavFloetteAtHome|slp\n|move|p1b: Monke|Psychic|p2b: Milotic\n|-damage|p2b: Milotic|1/100\n|move|p2b: Milotic|Muddy Water|p1a: WeHavFloetteAtHome|[spread] p1a,p1b\n|-damage|p1a: WeHavFloetteAtHome|62/100 slp\n|-damage|p1b: Monke|63/100\n|move|p2a: Chandelure|Flamethrower|p1a: WeHavFloetteAtHome\n|-damage|p1a: WeHavFloetteAtHome|24/100 slp\n|\n|-heal|p2b: Milotic|6/100|[from] item: Leftovers\n|upkeep\n|turn|4\n|\n|t:|1788361554\n|move|p2b: Milotic|Protect|p2b: Milotic\n|-singleturn|p2b: Milotic|Protect\n|-curestatus|p1a: WeHavFloetteAtHome|slp|[msg]\n|move|p1a: WeHavFloetteAtHome|Hyper Voice|p2a: Chandelure|[spread] p2a\n|-activate|p2b: Milotic|move: Protect\n|-resisted|p2a: Chandelure|1\n|-damage|p2a: Chandelure|67/100\n|move|p1b: Monke|Psychic|p2b: Milotic\n|-activate|p2b: Milotic|move: Protect\n|move|p2a: Chandelure|Flamethrower|p1a: WeHavFloetteAtHome\n|-damage|p1a: WeHavFloetteAtHome|0 fnt\n|faint|p1a: WeHavFloetteAtHome\n|\n|-heal|p2b: Milotic|12/100|[from] item: Leftovers\n|upkeep\n|\n|t:|1788361556\n|switch|p1a: Plastic Eater|Torkoal, L50, M|100/100\n|-weather|SunnyDay|[from] ability: Drought|[of] p1a: Plastic Eater\n|turn|5\n|inactive|dimweaker has 30 seconds left.\n|\n|t:|1788361586\n|move|p1a: Plastic Eater|Solar Beam||[still]\n|-prepare|p1a: Plastic Eater|Solar Beam\n|-anim|p1a: Plastic Eater|Solar Beam|p2b: Milotic\n|-supereffective|p2b: Milotic|1\n|-damage|p2b: Milotic|0 fnt\n|faint|p2b: Milotic\n|move|p1b: Monke|Foul Play|p2a: Chandelure\n|-supereffective|p2a: Chandelure|1\n|-damage|p2a: Chandelure|32/100\n|move|p2a: Chandelure|Flamethrower|p1b: Monke\n|-damage|p1b: Monke|13/100\n|\n|-weather|SunnyDay|[upkeep]\n|-fieldend|move: Trick Room\n|upkeep\n|\n|t:|1788361589\n|switch|p2b: Staraptor|Staraptor, L50, F|100/100\n|-ability|p2b: Staraptor|Intimidate|boost\n|-unboost|p1a: Plastic Eater|atk|1\n|-unboost|p1b: Monke|atk|1\n|turn|6\n|l|☆IdioticAxolotl\n|inactive|IdioticAxolotl disconnected and has a minute to reconnect!\n|player|p1|\n|inactive|IdioticAxolotl has 30 seconds left.\n|inactive|IdioticAxolotl has 20 seconds left.\n|inactive|IdioticAxolotl has 15 seconds left.\n|inactive|IdioticAxolotl has 10 seconds left.\n|inactive|IdioticAxolotl has 5 seconds left.\n|-message|IdioticAxolotl lost due to inactivity.\n|\n|win|dimweaker\n|raw|IdioticAxolotl's rating: 1445 &rarr; <strong>1424</strong><br />(-21 for losing)\n|raw|dimweaker's rating: 1435 &rarr; <strong>1456</strong><br />(+21 for winning)\n","uploadtime":1788361653,"views":"0","formatid":"gen9championsvgc2026regmb","rating":1424,"private":0,"password":null}