{"id":"gen9championsvgc2026regmb-2674145953","format":"[Gen 9 Champions] VGC 2026 Reg M-B","players":["friendlyplant","That_NPC"],"log":"|j|☆friendlyplant\n|j|☆That_NPC\n|t:|1788305966\n|gametype|doubles\n|player|p1|friendlyplant|266|1338\n|player|p2|That_NPC|dawn-gen4pt|1247\n|gen|9\n|tier|[Gen 9 Champions] VGC 2026 Reg M-B\n|rated|\n|rule|Species Clause: Limit one of each Pokémon\n|rule|Item Clause: Limit 1 of each item\n|clearpoke\n|poke|p1|Charizard, L50, F|\n|poke|p1|Garchomp, L50, F|\n|poke|p1|Kingambit, L50, M|\n|poke|p1|Incineroar, L50, M|\n|poke|p1|Whimsicott, L50, M|\n|poke|p1|Basculegion, L50, M|\n|poke|p2|Pelipper, L50, M|\n|poke|p2|Scizor, L50, M|\n|poke|p2|Whimsicott, L50, M|\n|poke|p2|Raichu, L50, F|\n|poke|p2|Basculegion, L50, M|\n|poke|p2|Garchomp, L50, F|\n|teampreview|4\n|\n|t:|1788306028\n|teamsize|p1|4\n|teamsize|p2|4\n|start\n|switch|p1a: Whimsicott|Whimsicott, L50, M|100/100\n|switch|p1b: Charizard|Charizard, L50, F|100/100\n|switch|p2a: Whimsicott|Whimsicott, L50, M|100/100\n|switch|p2b: Raichu|Raichu, L50, F|100/100\n|turn|1\n|inactive|Battle timer is ON: inactive players will automatically lose when time's up. (requested by That_NPC)\n|\n|t:|1788306072\n|detailschange|p1b: Charizard|Charizard-Mega-Y, L50, F\n|-mega|p1b: Charizard|Charizard|Charizardite Y\n|-weather|SunnyDay|[from] ability: Drought|[of] p1b: Charizard\n|move|p2b: Raichu|Fake Out|p1b: Charizard\n|-damage|p1b: Charizard|90/100\n|move|p2a: Whimsicott|Tailwind|p2a: Whimsicott\n|-sidestart|p2: That_NPC|move: Tailwind\n|move|p1a: Whimsicott|Encore|p2a: Whimsicott\n|-start|p2a: Whimsicott|Encore\n|cant|p1b: Charizard|flinch\n|\n|-weather|SunnyDay|[upkeep]\n|upkeep\n|turn|2\n|\n|t:|1788306095\n|switch|p2a: Pelipper|Pelipper, L50, M|100/100\n|-weather|RainDance|[from] ability: Drizzle|[of] p2a: Pelipper\n|detailschange|p2b: Raichu|Raichu-Mega-Y, L50, F\n|-mega|p2b: Raichu|Raichu|Raichunite Y\n|move|p1a: Whimsicott|Encore|p2b: Raichu\n|-start|p2b: Raichu|Encore\n|move|p2b: Raichu|Fake Out||[still]\n|-hint|Fake Out only works on your first turn out.\n|-fail|p2b: Raichu\n|move|p1b: Charizard|Heat Wave|p2b: Raichu|[spread] p2a,p2b\n|-resisted|p2a: Pelipper|1\n|-damage|p2a: Pelipper|91/100\n|-damage|p2b: Raichu|70/100\n|\n|-weather|RainDance|[upkeep]\n|upkeep\n|turn|3\n|\n|t:|1788306119\n|switch|p2b: Garchomp|Garchomp, L50, F|100/100\n|switch|p1b: Basculegion|Basculegion, L50, M|100/100\n|move|p2a: Pelipper|Hurricane|p1a: Whimsicott\n|-supereffective|p1a: Whimsicott|1\n|-enditem|p1a: Whimsicott|Focus Sash\n|-damage|p1a: Whimsicott|1/100\n|move|p1a: Whimsicott|Moonblast|p2a: Pelipper\n|-damage|p2a: Pelipper|55/100\n|\n|-weather|RainDance|[upkeep]\n|upkeep\n|turn|4\n|inactive|friendlyplant has 30 seconds left.\n|\n|t:|1788306146\n|switch|p2a: Whimsicott|Whimsicott, L50, M|100/100\n|switch|p1a: Garchomp|Garchomp, L50, F|100/100\n|move|p2b: Garchomp|Rock Slide|p1a: Garchomp|[spread] p1a,p1b\n|-resisted|p1a: Garchomp|1\n|-damage|p1a: Garchomp|90/100\n|-damage|p1b: Basculegion|75/100\n|move|p1b: Basculegion|Wave Crash|p2a: Whimsicott\n|-resisted|p2a: Whimsicott|1\n|-damage|p2a: Whimsicott|20/100y\n|-damage|p1b: Basculegion|54/100|[from] Recoil\n|-damage|p1b: Basculegion|44/100|[from] item: Life Orb\n|\n|-weather|RainDance|[upkeep]\n|-sideend|p2: That_NPC|move: Tailwind\n|upkeep\n|turn|5\n|inactive|friendlyplant has 30 seconds left.\n|\n|t:|1788306176\n|move|p2a: Whimsicott|Tailwind|p2a: Whimsicott\n|-sidestart|p2: That_NPC|move: Tailwind\n|move|p1b: Basculegion|Aqua Jet|p2a: Whimsicott\n|-resisted|p2a: Whimsicott|1\n|-damage|p2a: Whimsicott|0 fnt\n|faint|p2a: Whimsicott\n|-damage|p1b: Basculegion|34/100|[from] item: Life Orb\n|move|p2b: Garchomp|Swords Dance|p2b: Garchomp\n|-boost|p2b: Garchomp|atk|2\n|move|p1a: Garchomp|Dragon Claw|p2b: Garchomp\n|-supereffective|p2b: Garchomp|1\n|-damage|p2b: Garchomp|25/100\n|-damage|p1a: Garchomp|78/100|[from] ability: Rough Skin|[of] p2b: Garchomp\n|\n|-weather|RainDance|[upkeep]\n|upkeep\n|\n|t:|1788306188\n|switch|p2a: Raichu|Raichu-Mega-Y, L50, F|70/100\n|turn|6\n|\n|t:|1788306212\n|move|p1b: Basculegion|Protect|p1b: Basculegion\n|-singleturn|p1b: Basculegion|Protect\n|move|p2a: Raichu|Fake Out|p1a: Garchomp\n|-damage|p1a: Garchomp|69/100\n|-damage|p2a: Raichu|58/100|[from] ability: Rough Skin|[of] p1a: Garchomp\n|move|p2b: Garchomp|Rock Slide|p1a: Garchomp|[spread] p1a\n|-activate|p1b: Basculegion|move: Protect\n|-resisted|p1a: Garchomp|1\n|-damage|p1a: Garchomp|49/100\n|-enditem|p1a: Garchomp|Sitrus Berry|[eat]\n|-heal|p1a: Garchomp|73/100|[from] item: Sitrus Berry\n|cant|p1a: Garchomp|flinch\n|\n|-weather|none\n|upkeep\n|turn|7\n|inactive|friendlyplant has 30 seconds left.\n|inactive|That_NPC has 30 seconds left.\n|inactive|friendlyplant has 20 seconds left.\n|inactive|That_NPC has 20 seconds left.\n|inactive|friendlyplant has 15 seconds left.\n|inactive|That_NPC has 15 seconds left.\n|inactive|friendlyplant has 10 seconds left.\n|\n|t:|1788306257\n|move|p2b: Garchomp|Protect|p2b: Garchomp\n|-singleturn|p2b: Garchomp|Protect\n|move|p1a: Garchomp|Protect|p1a: Garchomp\n|-singleturn|p1a: Garchomp|Protect\n|move|p1b: Basculegion|Aqua Jet|p2b: Garchomp\n|-activate|p2b: Garchomp|move: Protect\n|move|p2a: Raichu|Zap Cannon|p1b: Basculegion\n|-supereffective|p1b: Basculegion|1\n|-damage|p1b: Basculegion|0 fnt\n|faint|p1b: Basculegion\n|\n|upkeep\n|\n|t:|1788306265\n|switch|p1b: Whimsicott|Whimsicott, L50, M|1/100\n|turn|8\n|inactive|That_NPC has 30 seconds left.\n|\n|t:|1788306295\n|switch|p2b: Pelipper|Pelipper, L50, M|55/100\n|-weather|RainDance|[from] ability: Drizzle|[of] p2b: Pelipper\n|move|p1b: Whimsicott|Protect|p1b: Whimsicott\n|-singleturn|p1b: Whimsicott|Protect\n|move|p2a: Raichu|Zap Cannon|p1b: Whimsicott\n|-activate|p1b: Whimsicott|move: Protect\n|move|p1a: Garchomp|Stomping Tantrum|p2a: Raichu\n|-supereffective|p2a: Raichu|1\n|-damage|p2a: Raichu|0 fnt\n|faint|p2a: Raichu\n|\n|-weather|RainDance|[upkeep]\n|-sideend|p2: That_NPC|move: Tailwind\n|upkeep\n|\n|t:|1788306301\n|switch|p2a: Garchomp|Garchomp, L50, F|25/100\n|turn|9\n|\n|t:|1788306322\n|move|p1b: Whimsicott|Tailwind|p1b: Whimsicott\n|-sidestart|p1: friendlyplant|move: Tailwind\n|move|p1a: Garchomp|Dragon Claw|p2a: Garchomp\n|-supereffective|p2a: Garchomp|1\n|-damage|p2a: Garchomp|0 fnt\n|-damage|p1a: Garchomp|61/100|[from] ability: Rough Skin|[of] p2a: Garchomp\n|faint|p2a: Garchomp\n|move|p2b: Pelipper|Weather Ball|p1a: Garchomp\n|-crit|p1a: Garchomp\n|-damage|p1a: Garchomp|0 fnt\n|faint|p1a: Garchomp\n|\n|-weather|RainDance|[upkeep]\n|upkeep\n|\n|t:|1788306332\n|switch|p1a: Charizard|Charizard-Mega-Y, L50, F|90/100\n|-weather|SunnyDay|[from] ability: Drought|[of] p1a: Charizard\n|turn|10\n|-message|That_NPC forfeited.\n|\n|win|friendlyplant\n|raw|friendlyplant's rating: 1338 &rarr; <strong>1353</strong><br />(+15 for winning)\n|raw|That_NPC's rating: 1247 &rarr; <strong>1228</strong><br />(-19 for losing)\n|l|☆That_NPC\n|player|p2|\n","uploadtime":1788306346,"views":"0","formatid":"gen9championsvgc2026regmb","rating":1228,"private":0,"password":null}