{"id":"gen9championsvgc2026regmbbo3-2674970953","format":"[Gen 9 Champions] VGC 2026 Reg M-B (Bo3)","players":["WISHIWASI24","kalaluwi"],"log":"|j|☆WISHIWASI24\n|j|☆kalaluwi\n|html|<table width=\"100%\"><tr><td align=\"left\">WISHIWASI24</td><td align=\"right\">kalaluwi</tr><tr><td align=\"left\"><i class=\"fa fa-circle\"></i> <i class=\"fa fa-circle-o\"></i> </td><td align=\"right\"><i class=\"fa fa-circle-o\"></i> <i class=\"fa fa-circle-o\"></i> </tr></table>\n|uhtml|bestof|<h2><strong>Game 2</strong> of <a href=\"/game-bestof3-gen9championsvgc2026regmbbo3-2674968532\">a best-of-3</a></h2>\n|t:|1788443613\n|gametype|doubles\n|player|p1|WISHIWASI24|pokemonbreeder-gen4|1147\n|player|p2|kalaluwi|2|1328\n|gen|9\n|tier|[Gen 9 Champions] VGC 2026 Reg M-B (Bo3)\n|rated|\n|rule|Species Clause: Limit one of each Pokémon\n|rule|Item Clause: Limit 1 of each item\n|clearpoke\n|poke|p1|Sneasler, L50, F|\n|poke|p1|Kingambit, L50, F|\n|poke|p1|Incineroar, L50, F|\n|poke|p1|Blastoise, L50, M|\n|poke|p1|Sinistcha, L50|\n|poke|p1|Delphox, L50, F, shiny|\n|poke|p2|Glimmora, L50, F|\n|poke|p2|Farigiraf, L50, F|\n|poke|p2|Vanilluxe, L50, F|\n|poke|p2|Garchomp, L50, F|\n|poke|p2|Whimsicott, L50, F|\n|poke|p2|Charizard, L50, F|\n|teampreview|4\n|showteam|p1|Sneasler||FocusSash|PoisonTouch|QuickGuard,FakeOut,CloseCombat,DireClaw|Jolly||F|||50|]Kingambit||BlackGlasses|Defiant|Protect,SwordsDance,SuckerPunch,KowtowCleave|Adamant||F|||50|]Incineroar||SitrusBerry|Intimidate|FakeOut,PartingShot,FlareBlitz,HelpingHand|Impish||F|||50|]Blastoise||Blastoisinite|Torrent|Protect,ShellSmash,WaterSpout,DarkPulse|Modest||M|||50|]Sinistcha||OccaBerry|Hospitality|Protect,MatchaGotcha,TrickRoom,RagePowder|Bold|||||50|]Delphox||Delphoxite|Blaze|Protect,HeatWave,Psyshock,NastyPlot|Timid||F|||50|\n|showteam|p2|Glimmora||Glimmoranite|ToxicDebris|PowerGem,EarthPower,SludgeBomb,SpikyShield|Modest||F|||50|]Farigiraf||ColburBerry|ArmorTail|TrickRoom,Thunderbolt,TwinBeam,HelpingHand|Modest||F|||50|]Vanilluxe||ChoiceScarf|SnowWarning|Blizzard,IcyWind,FreezeDry,SheerCold|Modest||F|||50|]Garchomp||LifeOrb|RoughSkin|DragonClaw,RockSlide,Earthquake,StompingTantrum|Jolly||F|||50|]Whimsicott||FocusSash|Prankster|Tailwind,Encore,Moonblast,Protect|Timid||F|||50|]Charizard||CharizarditeY|Blaze|HeatWave,WeatherBall,AncientPower,Protect|Modest||F|||50|\n|\n|t:|1788443648\n|teamsize|p1|4\n|teamsize|p2|4\n|start\n|switch|p1a: Blastoise|Blastoise, L50, M|100/100\n|switch|p1b: Sinistcha|Sinistcha, L50|100/100\n|switch|p2a: Whimsicott|Whimsicott, L50, F|100/100\n|switch|p2b: Glimmora|Glimmora, L50, F|100/100\n|turn|1\n|\n|t:|1788443684\n|detailschange|p1a: Blastoise|Blastoise-Mega, L50, M\n|-mega|p1a: Blastoise|Blastoise|Blastoisinite\n|move|p1b: Sinistcha|Rage Powder|p1b: Sinistcha\n|-singleturn|p1b: Sinistcha|move: Rage Powder\n|move|p2a: Whimsicott|Moonblast|p1b: Sinistcha\n|-damage|p1b: Sinistcha|62/100\n|move|p1a: Blastoise|Shell Smash|p1a: Blastoise\n|-unboost|p1a: Blastoise|def|1\n|-unboost|p1a: Blastoise|spd|1\n|-boost|p1a: Blastoise|atk|2\n|-boost|p1a: Blastoise|spa|2\n|-boost|p1a: Blastoise|spe|2\n|move|p2b: Glimmora|Sludge Bomb|p1b: Sinistcha\n|-damage|p1b: Sinistcha|7/100\n|\n|upkeep\n|turn|2\n|\n|t:|1788443704\n|move|p1b: Sinistcha|Rage Powder|p1b: Sinistcha\n|-singleturn|p1b: Sinistcha|move: Rage Powder\n|move|p2a: Whimsicott|Encore|p1a: Blastoise\n|-start|p1a: Blastoise|Encore\n|move|p1a: Blastoise|Shell Smash|p1a: Blastoise\n|-unboost|p1a: Blastoise|def|1\n|-unboost|p1a: Blastoise|spd|1\n|-boost|p1a: Blastoise|atk|2\n|-boost|p1a: Blastoise|spa|2\n|-boost|p1a: Blastoise|spe|2\n|move|p2b: Glimmora|Power Gem|p1b: Sinistcha\n|-damage|p1b: Sinistcha|0 fnt\n|faint|p1b: Sinistcha\n|\n|upkeep\n|inactive|Battle timer is ON: inactive players will automatically lose when time's up. (requested by kalaluwi)\n|\n|t:|1788443726\n|switch|p1b: Sneasler|Sneasler, L50, F|100/100\n|turn|3\n|\n|t:|1788443742\n|switch|p1a: Incineroar|Incineroar, L50, F|100/100\n|-ability|p1a: Incineroar|Intimidate|boost\n|-unboost|p2a: Whimsicott|atk|1\n|-unboost|p2b: Glimmora|atk|1\n|detailschange|p2b: Glimmora|Glimmora-Mega, L50, F\n|-mega|p2b: Glimmora|Glimmora|Glimmoranite\n|move|p1b: Sneasler|Fake Out|p2b: Glimmora\n|-resisted|p2b: Glimmora|1\n|-damage|p2b: Glimmora|93/100\n|move|p2a: Whimsicott|Moonblast|p1a: Incineroar\n|-crit|p1a: Incineroar\n|-damage|p1a: Incineroar|46/100\n|-enditem|p1a: Incineroar|Sitrus Berry|[eat]\n|-heal|p1a: Incineroar|71/100|[from] item: Sitrus Berry\n|cant|p2b: Glimmora|flinch\n|\n|upkeep\n|turn|4\n|inactive|kalaluwi has 30 seconds left.\n|inactive|kalaluwi has 20 seconds left.\n|\n|t:|1788443780\n|switch|p2a: Garchomp|Garchomp, L50, F|100/100\n|move|p1a: Incineroar|Fake Out|p2b: Glimmora\n|-resisted|p2b: Glimmora|1\n|-damage|p2b: Glimmora|89/100\n|move|p1b: Sneasler|Dire Claw|p2a: Garchomp\n|-resisted|p2a: Garchomp|1\n|-damage|p2a: Garchomp|78/100\n|-damage|p1b: Sneasler|87/100|[from] ability: Rough Skin|[of] p2a: Garchomp\n|cant|p2b: Glimmora|flinch\n|\n|upkeep\n|turn|5\n|\n|t:|1788443794\n|move|p1a: Incineroar|Helping Hand|p1b: Sneasler\n|-singleturn|p1b: Sneasler|Helping Hand|[of] p1a: Incineroar\n|move|p1b: Sneasler|Close Combat|p2a: Garchomp\n|-damage|p2a: Garchomp|0 fnt\n|-unboost|p1b: Sneasler|def|1\n|-unboost|p1b: Sneasler|spd|1\n|-damage|p1b: Sneasler|75/100|[from] ability: Rough Skin|[of] p2a: Garchomp\n|faint|p2a: Garchomp\n|move|p2b: Glimmora|Sludge Bomb|p1a: Incineroar\n|-damage|p1a: Incineroar|2/100\n|-status|p1a: Incineroar|psn\n|\n|-damage|p1a: Incineroar|0 fnt|[from] psn\n|faint|p1a: Incineroar\n|upkeep\n|\n|t:|1788443808\n|switch|p2a: Whimsicott|Whimsicott, L50, F|100/100\n|switch|p1a: Blastoise|Blastoise-Mega, L50, M|100/100\n|turn|6\n|inactive|WISHIWASI24 has 30 seconds left.\n|\n|t:|1788443834\n|move|p2b: Glimmora|Spiky Shield|p2b: Glimmora\n|-singleturn|p2b: Glimmora|move: Protect\n|move|p2a: Whimsicott|Encore|p1b: Sneasler\n|-start|p1b: Sneasler|Encore\n|move|p1b: Sneasler|Close Combat|p2b: Glimmora\n|-activate|p2b: Glimmora|move: Protect\n|-damage|p1b: Sneasler|63/100|[from] Spiky Shield|[of] p2b: Glimmora\n|move|p1a: Blastoise|Water Spout|p2b: Glimmora|[spread] p2a\n|-activate|p2b: Glimmora|move: Protect\n|-resisted|p2a: Whimsicott|1\n|-damage|p2a: Whimsicott|48/100\n|\n|upkeep\n|turn|7\n|\n|t:|1788443851\n|move|p2a: Whimsicott|Tailwind|p2a: Whimsicott\n|-sidestart|p2: kalaluwi|move: Tailwind\n|move|p2b: Glimmora|Sludge Bomb|p1a: Blastoise\n|-damage|p1a: Blastoise|23/100\n|move|p1b: Sneasler|Close Combat|p2b: Glimmora\n|-damage|p2b: Glimmora|25/100\n|-unboost|p1b: Sneasler|def|1\n|-unboost|p1b: Sneasler|spd|1\n|move|p1a: Blastoise|Water Spout|p2b: Glimmora|[spread] p2a,p2b\n|-resisted|p2a: Whimsicott|1\n|-supereffective|p2b: Glimmora|1\n|-damage|p2a: Whimsicott|36/100\n|-damage|p2b: Glimmora|0 fnt\n|faint|p2b: Glimmora\n|\n|upkeep\n|\n|t:|1788443858\n|switch|p2b: Charizard|Charizard, L50, F|100/100\n|turn|8\n|\n|t:|1788443872\n|move|p2a: Whimsicott|Moonblast|p1a: Blastoise\n|-damage|p1a: Blastoise|0 fnt\n|faint|p1a: Blastoise\n|move|p2b: Charizard|Heat Wave|p1b: Sneasler\n|-damage|p1b: Sneasler|0 fnt\n|faint|p1b: Sneasler\n|\n|win|kalaluwi\n","uploadtime":1788443873,"views":"0","formatid":"gen9championsvgc2026regmbbo3","rating":null,"private":0,"password":null}