{"id":"gen9championsvgc2026regmbbo3-2674461346","format":"[Gen 9 Champions] VGC 2026 Reg M-B (Bo3)","players":["Cappuccino4","ANightmareProbably"],"log":"|j|☆Cappuccino4\n|j|☆ANightmareProbably\n|html|<table width=\"100%\"><tr><td align=\"left\">Cappuccino4</td><td align=\"right\">ANightmareProbably</tr><tr><td align=\"left\"><i class=\"fa fa-circle-o\"></i> <i class=\"fa fa-circle-o\"></i> </td><td align=\"right\"><i class=\"fa fa-circle-o\"></i> <i class=\"fa fa-circle-o\"></i> </tr></table>\n|uhtml|bestof|<h2><strong>Game 1</strong> of <a href=\"/game-bestof3-gen9championsvgc2026regmbbo3-2674461345\">a best-of-3</a></h2>\n|t:|1788362558\n|gametype|doubles\n|player|p1|Cappuccino4|101|1000\n|player|p2|ANightmareProbably|266|1067\n|gen|9\n|tier|[Gen 9 Champions] VGC 2026 Reg M-B (Bo3)\n|rated|\n|rule|Species Clause: Limit one of each Pokémon\n|rule|Item Clause: Limit 1 of each item\n|clearpoke\n|poke|p1|Gengar, L50, M|\n|poke|p1|Incineroar, L50, M|\n|poke|p1|Sinistcha, L50|\n|poke|p1|Kingambit, L50, M|\n|poke|p1|Politoed, L50, F|\n|poke|p1|Kommo-o, L50, M|\n|poke|p2|Musharna, L50, F|\n|poke|p2|Torkoal, L50, M|\n|poke|p2|Tsareena, L50, F|\n|poke|p2|Camerupt, L50, M|\n|poke|p2|Slowbro, L50, F|\n|poke|p2|Pelipper, L50, M|\n|teampreview|4\n|showteam|p1|Gengar||Gengarite|CursedBody|PerishSong,Protect,SludgeBomb,Disable|Sassy||M|||50|]Incineroar||SitrusBerry|Intimidate|FlareBlitz,PartingShot,FakeOut,Protect|Careful||M|||50|]Sinistcha||CobaBerry|Hospitality|MatchaGotcha,LifeDew,RagePowder,Protect|Calm|||||50|]Kingambit||FocusSash|Defiant|KowtowCleave,LowKick,SuckerPunch,Protect|Adamant||M|||50|]Politoed||Leftovers|Drizzle|PerishSong,Encore,Protect,WeatherBall|Calm||F|||50|]Kommo-o||DragonFang|Soundproof|ClangorousSoul,ClangingScales,AuraSphere,Protect|Modest||M|||50|\n|showteam|p2|Musharna||KasibBerry|Synchronize|Reflect,LightScreen,TrickRoom,Moonblast|Sassy||F|||50|]Torkoal||Charcoal|Drought|Protect,HelpingHand,Eruption,WeatherBall|Quiet||M|||50|]Tsareena||OccaBerry|QueenlyMajesty|PetalBlizzard,PlayRough,TripleAxel,Uturn|Relaxed||F|||50|]Camerupt||Cameruptite|SolidRock|Eruption,HeatWave,Protect,EarthPower|Quiet||M|||50|]Slowbro||Slowbronite|Regenerator|WeatherBall,ShadowBall,HydroPump,Scald|Sassy||F|||50|]Pelipper||FocusSash|Drizzle|Hurricane,Tailwind,WeatherBall,WideGuard|Modest||M|||50|\n|\n|t:|1788362608\n|teamsize|p1|4\n|teamsize|p2|4\n|start\n|switch|p1a: Gengar|Gengar, L50, M|100/100\n|switch|p1b: Incineroar|Incineroar, L50, M|100/100\n|switch|p2a: Musharna|Musharna, L50, F|100/100\n|switch|p2b: Tsareena|Tsareena, L50, F|100/100\n|-ability|p1b: Incineroar|Intimidate|boost\n|-unboost|p2a: Musharna|atk|1\n|-unboost|p2b: Tsareena|atk|1\n|turn|1\n|\n|t:|1788362634\n|detailschange|p1a: Gengar|Gengar-Mega, L50, M\n|-mega|p1a: Gengar|Gengar|Gengarite\n|move|p1b: Incineroar|Fake Out||[still]\n|cant|p2b: Tsareena|ability: Queenly Majesty|Fake Out|[of] p1b: Incineroar\n|move|p1a: Gengar|Perish Song|p1a: Gengar\n|-start|p1a: Gengar|perish3|[silent]\n|-start|p1b: Incineroar|perish3|[silent]\n|-start|p2a: Musharna|perish3|[silent]\n|-start|p2b: Tsareena|perish3|[silent]\n|-fieldactivate|move: Perish Song\n|move|p2b: Tsareena|U-turn|p1b: Incineroar\n|-damage|p1b: Incineroar|90/100\n|\n|t:|1788362645\n|switch|p2b: Slowbro|Slowbro, L50, F|100/100|[from] U-turn\n|move|p2a: Musharna|Trick Room|p2a: Musharna\n|-fieldstart|move: Trick Room|[of] p2a: Musharna\n|\n|-start|p2a: Musharna|perish3\n|-start|p1b: Incineroar|perish3\n|-start|p1a: Gengar|perish3\n|upkeep\n|turn|2\n|\n|t:|1788362670\n|detailschange|p2b: Slowbro|Slowbro-Mega, L50, F\n|-mega|p2b: Slowbro|Slowbro|Slowbronite\n|move|p1a: Gengar|Protect|p1a: Gengar\n|-singleturn|p1a: Gengar|Protect\n|move|p2a: Musharna|Light Screen|p2a: Musharna\n|-sidestart|p2: ANightmareProbably|move: Light Screen\n|move|p2b: Slowbro|Hydro Pump|p1b: Incineroar|[miss]\n|-miss|p2b: Slowbro|p1b: Incineroar\n|move|p1b: Incineroar|Parting Shot|p2b: Slowbro\n|-unboost|p2b: Slowbro|atk|1\n|-unboost|p2b: Slowbro|spa|1\n|\n|t:|1788362684\n|switch|p1b: Sinistcha|Sinistcha, L50|100/100|[from] Parting Shot\n|\n|-start|p2a: Musharna|perish2\n|-start|p1a: Gengar|perish2\n|upkeep\n|turn|3\n|\n|t:|1788362718\n|move|p2a: Musharna|Reflect|p2a: Musharna\n|-sidestart|p2: ANightmareProbably|Reflect\n|move|p2b: Slowbro|Shadow Ball|p1a: Gengar\n|-supereffective|p1a: Gengar|1\n|-damage|p1a: Gengar|72/100\n|move|p1b: Sinistcha|Matcha Gotcha|p2b: Slowbro|[spread] p2a,p2b\n|-supereffective|p2b: Slowbro|1\n|-damage|p2a: Musharna|89/100\n|-damage|p2b: Slowbro|76/100\n|move|p1a: Gengar|Disable|p2b: Slowbro\n|-start|p2b: Slowbro|Disable|Shadow Ball\n|\n|-start|p2a: Musharna|perish1\n|-start|p1a: Gengar|perish1\n|upkeep\n|turn|4\n|\n|t:|1788362749\n|switch|p1a: Politoed|Politoed, L50, F|100/100\n|-weather|RainDance|[from] ability: Drizzle|[of] p1a: Politoed\n|move|p1b: Sinistcha|Protect|p1b: Sinistcha\n|-singleturn|p1b: Sinistcha|Protect\n|move|p2a: Musharna|Moonblast|p1b: Sinistcha\n|-activate|p1b: Sinistcha|move: Protect\n|move|p2b: Slowbro|Scald|p1b: Sinistcha\n|-activate|p1b: Sinistcha|move: Protect\n|\n|-weather|RainDance|[upkeep]\n|-start|p2a: Musharna|perish0\n|faint|p2a: Musharna\n|upkeep\n|\n|t:|1788362767\n|switch|p2a: Torkoal|Torkoal, L50, M|100/100\n|-weather|SunnyDay|[from] ability: Drought|[of] p2a: Torkoal\n|turn|5\n|\n|t:|1788362782\n|switch|p2b: Tsareena|Tsareena, L50, F|100/100\n|switch|p1b: Gengar|Gengar-Mega, L50, M|72/100\n|move|p2a: Torkoal|Eruption|p1b: Gengar|[spread] p1a,p1b\n|-resisted|p1a: Politoed|1\n|-damage|p1a: Politoed|66/100\n|-damage|p1b: Gengar|8/100\n|move|p1a: Politoed|Perish Song|p1a: Politoed\n|-start|p1a: Politoed|perish3|[silent]\n|-start|p1b: Gengar|perish3|[silent]\n|-start|p2a: Torkoal|perish3|[silent]\n|-start|p2b: Tsareena|perish3|[silent]\n|-fieldactivate|move: Perish Song\n|\n|-weather|SunnyDay|[upkeep]\n|-heal|p1a: Politoed|72/100|[from] item: Leftovers\n|-start|p2a: Torkoal|perish3\n|-start|p2b: Tsareena|perish3\n|-start|p1a: Politoed|perish3\n|-start|p1b: Gengar|perish3\n|-fieldend|move: Trick Room\n|upkeep\n|turn|6\n|\n|t:|1788362808\n|switch|p1a: Sinistcha|Sinistcha, L50|100/100\n|-heal|p1b: Gengar|33/100|[from] ability: Hospitality|[of] p1a: Sinistcha\n|move|p1b: Gengar|Protect|p1b: Gengar\n|-singleturn|p1b: Gengar|Protect\n|move|p2b: Tsareena|Petal Blizzard|p1b: Gengar|[spread] p2a,p1a\n|-activate|p1b: Gengar|move: Protect\n|-resisted|p2a: Torkoal|1\n|-resisted|p1a: Sinistcha|1\n|-damage|p2a: Torkoal|93/100\n|-damage|p1a: Sinistcha|88/100\n|move|p2a: Torkoal|Eruption|p1a: Sinistcha|[spread] p1a\n|-activate|p1b: Gengar|move: Protect\n|-supereffective|p1a: Sinistcha|1\n|-damage|p1a: Sinistcha|0 fnt\n|faint|p1a: Sinistcha\n|\n|-weather|SunnyDay|[upkeep]\n|-start|p1b: Gengar|perish2\n|-start|p2b: Tsareena|perish2\n|-start|p2a: Torkoal|perish2\n|-sideend|p2: ANightmareProbably|move: Light Screen\n|upkeep\n|\n|t:|1788362831\n|switch|p1a: Politoed|Politoed, L50, F|72/100\n|-weather|RainDance|[from] ability: Drizzle|[of] p1a: Politoed\n|turn|7\n|\n|t:|1788362844\n|move|p2a: Torkoal|Helping Hand|p2b: Tsareena\n|-singleturn|p2b: Tsareena|Helping Hand|[of] p2a: Torkoal\n|move|p1b: Gengar|Sludge Bomb|p2b: Tsareena\n|-supereffective|p2b: Tsareena|1\n|-damage|p2b: Tsareena|16/100\n|move|p1a: Politoed|Weather Ball|p2a: Torkoal\n|-supereffective|p2a: Torkoal|1\n|-damage|p2a: Torkoal|0 fnt\n|faint|p2a: Torkoal\n|move|p2b: Tsareena|Petal Blizzard|p1a: Politoed|[spread] p1a,p1b\n|-supereffective|p1a: Politoed|1\n|-resisted|p1b: Gengar|1\n|-damage|p1a: Politoed|3/100\n|-damage|p1b: Gengar|6/100\n|\n|-weather|RainDance|[upkeep]\n|-heal|p1a: Politoed|9/100|[from] item: Leftovers\n|-start|p1b: Gengar|perish1\n|-start|p2b: Tsareena|perish1\n|-sideend|p2: ANightmareProbably|Reflect\n|upkeep\n|\n|t:|1788362864\n|switch|p2a: Slowbro|Slowbro-Mega, L50, F|76/100\n|turn|8\n|inactive|Battle timer is ON: inactive players will automatically lose when time's up. (requested by ANightmareProbably)\n|\n|t:|1788362893\n|switch|p1b: Incineroar|Incineroar, L50, M|90/100\n|-ability|p1b: Incineroar|Intimidate|boost\n|-unboost|p2a: Slowbro|atk|1\n|-unboost|p2b: Tsareena|atk|1\n|move|p1a: Politoed|Weather Ball|p2a: Slowbro\n|-resisted|p2a: Slowbro|1\n|-damage|p2a: Slowbro|59/100\n|move|p2b: Tsareena|U-turn|p1a: Politoed\n|-damage|p1a: Politoed|0 fnt\n|faint|p1a: Politoed\n|move|p2a: Slowbro|Weather Ball|p1b: Incineroar\n|-supereffective|p1b: Incineroar|1\n|-damage|p1b: Incineroar|0 fnt\n|faint|p1b: Incineroar\n|\n|-weather|RainDance|[upkeep]\n|-start|p2b: Tsareena|perish0\n|upkeep\n|faint|p2b: Tsareena\n|\n|t:|1788362912\n|switch|p1b: Gengar|Gengar-Mega, L50, M|6/100\n|turn|9\n|\n|t:|1788362922\n|move|p1b: Gengar|Sludge Bomb|p2a: Slowbro\n|-damage|p2a: Slowbro|21/100\n|move|p2a: Slowbro|Shadow Ball|p1b: Gengar\n|-supereffective|p1b: Gengar|1\n|-damage|p1b: Gengar|0 fnt\n|faint|p1b: Gengar\n|\n|win|ANightmareProbably\n||Cappuccino4 is ready for game 2.\n|inactive|ANightmareProbably has 30 seconds to confirm battle start!\n||ANightmareProbably is ready for game 2.\n|uhtml|next|Next: <a href=\"/battle-gen9championsvgc2026regmbbo3-2674464600\"><strong>Game 2 of 3</strong></a>\n|l|☆ANightmareProbably\n|player|p2|\n|l|☆Cappuccino4\n|player|p1|\n|j|☆ANightmareProbably\n|player|p2|ANightmareProbably|266|\n","uploadtime":1788363304,"views":"13","formatid":"gen9championsvgc2026regmbbo3","rating":null,"private":0,"password":null}