{"id":"gen9championsvgc2026regmb-2674167422","format":"[Gen 9 Champions] VGC 2026 Reg M-B","players":["heatfre3ze","qazoo"],"log":"|j|☆heatfre3ze\n|j|☆qazoo\n|html|<table width=\"100%\"><tr><td align=\"left\">heatfre3ze</td><td align=\"right\">qazoo</tr><tr><td align=\"left\"><i class=\"fa fa-circle-o\"></i> <i class=\"fa fa-circle-o\"></i> </td><td align=\"right\"><i class=\"fa fa-circle-o\"></i> <i class=\"fa fa-circle\"></i> </tr></table>\n|uhtml|bestof|<h2><strong>Game 2</strong> of <a href=\"/game-bestof3-gen9championsvgc2026regmb-2674164780\">a best-of-3</a></h2>\n|t:|1788309262\n|gametype|doubles\n|player|p1|heatfre3ze|caitlin|\n|player|p2|qazoo|170|\n|gen|9\n|tier|[Gen 9 Champions] VGC 2026 Reg M-B\n|rule|Species Clause: Limit one of each Pokémon\n|rule|Item Clause: Limit 1 of each item\n|raw|<div class=\"infobox\"><details class=\"readmore\" open><summary><strong>1 custom rule:</strong></summary> Best of = 3</details></div>\n|clearpoke\n|poke|p1|Oranguru, L50, F, shiny|\n|poke|p1|Clawitzer, L50, M, shiny|\n|poke|p1|Politoed, L50, F, shiny|\n|poke|p1|Raichu, L50, M|\n|poke|p1|Basculegion, L50, M, shiny|\n|poke|p1|Metagross, L50|\n|poke|p2|Whimsicott, L50, F|\n|poke|p2|Raichu, L50, F|\n|poke|p2|Toxapex, L50, M|\n|poke|p2|Gardevoir, L50, F|\n|poke|p2|Gyarados, L50, M|\n|poke|p2|Aegislash, L50, M|\n|teampreview|4\n|j| SBMalus\n|j| Moon1Ight197\n|c|☆qazoo|glhf\nheatfre3ze rejected open team sheets.\n|c|☆heatfre3ze|glhf\n|j| Iamnothilarious\n|c| SBMalus|T bolt gard was a w cook\n|c|☆qazoo|thanks -Monty\n|c|☆qazoo|I think I came up with that one on my own tho....\n|j| sslothh\n|j| gus_ssbu\n|c|☆heatfre3ze|That took me by surprise lol\n|c|☆heatfre3ze|Shall we?\n|\n|t:|1788309363\n|teamsize|p1|4\n|teamsize|p2|4\n|start\n|switch|p1a: Mega Aggron|Metagross, L50|100/100\n|switch|p1b: Gus|Oranguru, L50, F, shiny|100/100\n|switch|p2a: gary dose|Gyarados, L50, M|100/100\n|switch|p2b: Whimsical Me|Whimsicott, L50, F|100/100\n|-ability|p2a: gary dose|Intimidate|boost\n|-fail|p1a: Mega Aggron|unboost|[from] ability: Clear Body|[of] p1a: Mega Aggron\n|-fail|p1b: Gus|unboost|atk|[from] ability: Inner Focus|[of] p1b: Gus\n|turn|1\n|l| SBMalus\n|j| SBMalus\n|c| sslothh|big gus fan\n|c| Iamnothilarious|Big mEga Aggron fan\n|\n|t:|1788309396\n|switch|p2a: age as lash|Aegislash, L50, M|100/100\n|move|p2b: Whimsical Me|Taunt|p1b: Gus\n|-start|p1b: Gus|move: Taunt\n|move|p1a: Mega Aggron|Cosmic Power|p1a: Mega Aggron\n|-boost|p1a: Mega Aggron|def|1\n|-boost|p1a: Mega Aggron|spd|1\n|cant|p1b: Gus|move: Taunt|Trick Room\n|\n|upkeep\n|turn|2\n|\n|t:|1788309412\n|move|p2b: Whimsical Me|Encore|p1a: Mega Aggron\n|-start|p1a: Mega Aggron|Encore\n|move|p1a: Mega Aggron|Cosmic Power|p1a: Mega Aggron\n|-boost|p1a: Mega Aggron|def|1\n|-boost|p1a: Mega Aggron|spd|1\n|move|p1b: Gus|Shadow Ball|p2a: age as lash\n|-supereffective|p2a: age as lash|1\n|-crit|p2a: age as lash\n|-damage|p2a: age as lash|60/100\n|-formechange|p2a: age as lash|Aegislash-Blade|\n|move|p2a: age as lash|Poltergeist|p1a: Mega Aggron\n|-activate|p1a: Mega Aggron|move: Poltergeist|Life Orb\n|-supereffective|p1a: Mega Aggron|1\n|-damage|p1a: Mega Aggron|39/100\n|\n|upkeep\n|turn|3\n|c| SBMalus|Diet rite mega aggron\n|c| sslothh|silly, silly gus. falling for the taunt,\n|\n|t:|1788309452\n|switch|p2a: gary dose|Gyarados, L50, M|100/100\n|-ability|p2a: gary dose|Intimidate|boost\n|-fail|p1a: Mega Aggron|unboost|[from] ability: Clear Body|[of] p1a: Mega Aggron\n|-fail|p1b: Gus|unboost|atk|[from] ability: Inner Focus|[of] p1b: Gus\n|move|p2b: Whimsical Me|Taunt|p1a: Mega Aggron\n|-start|p1a: Mega Aggron|move: Taunt\n|cant|p1a: Mega Aggron|move: Taunt|Cosmic Power\n|move|p1b: Gus|Shadow Ball|p2a: gary dose\n|-damage|p2a: gary dose|83/100\n|\n|-end|p1b: Gus|move: Taunt\n|upkeep\n|turn|4\n|c|☆heatfre3ze|Can I pull out of the league?\n|c| SBMalus|LMAO\n|c| gus_ssbu|Gus's signature move is instruct, which is a reference to me being a teacher.\n|c|☆qazoo|don't give up - Monty\n|\n|t:|1788309479\n|switch|p1a: Scott^5|Basculegion, L50, M, shiny|100/100\n|switch|p1b: Scott scott|Clawitzer, L50, M, shiny|100/100\n|move|p2b: Whimsical Me|Taunt|p1b: Scott scott\n|-start|p1b: Scott scott|move: Taunt\n|move|p2a: gary dose|Dragon Dance|p2a: gary dose\n|-boost|p2a: gary dose|atk|1\n|-boost|p2a: gary dose|spe|1\n|\n|upkeep\n|turn|5\n|c| SBMalus|wait that’s fire\n|c|☆heatfre3ze|No- me\n|c| Iamnothilarious|Your fine HF you got it big man\n|c|☆qazoo|Scott is really good at doubles. This is a rough R1 for anyone\n|c|☆qazoo|-Monty\n|\n|t:|1788309537\n|move|p1a: Scott^5|Phantom Force||[still]\n|-prepare|p1a: Scott^5|Phantom Force\n|move|p2a: gary dose|Power Whip|p1b: Scott scott\n|-supereffective|p1b: Scott scott|1\n|-damage|p1b: Scott scott|0 fnt\n|faint|p1b: Scott scott\n|move|p2b: Whimsical Me|Energy Ball|p1a: Scott^5|[miss]\n|-miss|p2b: Whimsical Me|p1a: Scott^5\n|\n|upkeep\n|\n|t:|1788309550\n|switch|p1b: Mega Aggron|Metagross, L50|39/100\n|turn|6\n|\n|t:|1788309562\n|move|p1b: Mega Aggron|Bullet Punch|p2b: Whimsical Me\n|-supereffective|p2b: Whimsical Me|1\n|-damage|p2b: Whimsical Me|39/100\n|-damage|p1b: Mega Aggron|29/100|[from] item: Life Orb\n|move|p1a: Scott^5|Phantom Force|p2a: gary dose|[from] lockedmove\n|-crit|p2a: gary dose\n|-damage|p2a: gary dose|0 fnt\n|faint|p2a: gary dose\n|move|p2b: Whimsical Me|Energy Ball|p1a: Scott^5\n|-supereffective|p1a: Scott^5|1\n|-damage|p1a: Scott^5|32/100\n|\n|upkeep\n|\n|t:|1788309574\n|switch|p2a: age as lash|Aegislash, L50, M|60/100\n|turn|7\n|c| SBMalus|Brutal\n|c|☆heatfre3ze|It also doesn’t help that now I don’t have my best mon\n|c| sslothh|holy scott crit\n|\n|t:|1788309587\n|move|p2b: Whimsical Me|Encore|p1b: Mega Aggron\n|-start|p1b: Mega Aggron|Encore\n|move|p1b: Mega Aggron|Bullet Punch|p2b: Whimsical Me\n|-supereffective|p2b: Whimsical Me|1\n|-damage|p2b: Whimsical Me|0 fnt\n|faint|p2b: Whimsical Me\n|-damage|p1b: Mega Aggron|19/100|[from] item: Life Orb\n|-formechange|p2a: age as lash|Aegislash-Blade|\n|move|p2a: age as lash|Shadow Sneak|p1a: Scott^5\n|-supereffective|p1a: Scott^5|1\n|-damage|p1a: Scott^5|0 fnt\n|faint|p1a: Scott^5\n|\n|upkeep\n|\n|t:|1788309600\n|switch|p2b: Ray Chew|Raichu, L50, F|100/100\n|switch|p1a: Gus|Oranguru, L50, F, shiny|100/100\n|turn|8\n|-message|heatfre3ze forfeited.\n|\n|win|qazoo\n","uploadtime":1788309617,"views":"3","formatid":"gen9championsvgc2026regmb","rating":null,"private":0,"password":null}