{"id":"gen9championsvgc2026regmbbo3-2674066986","format":"[Gen 9 Champions] VGC 2026 Reg M-B (Bo3)","players":["dgs27222","Pawah"],"log":"|j|☆dgs27222\n|j|☆Pawah\n|html|<table width=\"100%\"><tr><td align=\"left\">dgs27222</td><td align=\"right\">Pawah</tr><tr><td align=\"left\"><i class=\"fa fa-circle\"></i> <i class=\"fa fa-circle-o\"></i> </td><td align=\"right\"><i class=\"fa fa-circle-o\"></i> <i class=\"fa fa-circle-o\"></i> </tr></table>\n|uhtml|bestof|<h2><strong>Game 2</strong> of <a href=\"/game-bestof3-gen9championsvgc2026regmbbo3-2674065336\">a best-of-3</a></h2>\n|t:|1788294684\n|gametype|doubles\n|player|p1|dgs27222|hilbert-wonderlauncher|1090\n|player|p2|Pawah|ethan|1191\n|gen|9\n|tier|[Gen 9 Champions] VGC 2026 Reg M-B (Bo3)\n|rated|\n|rule|Species Clause: Limit one of each Pokémon\n|rule|Item Clause: Limit 1 of each item\n|clearpoke\n|poke|p1|Milotic, L50, F|\n|poke|p1|Tyranitar, L50, M|\n|poke|p1|Tsareena, L50, F|\n|poke|p1|Staraptor, L50, M|\n|poke|p1|Excadrill, L50, M|\n|poke|p1|Sneasler, L50, F|\n|poke|p2|Froslass, L50, F|\n|poke|p2|Scovillain, L50, F, shiny|\n|poke|p2|Basculegion, L50, M|\n|poke|p2|Kingambit, L50, F|\n|poke|p2|Sneasler, L50, M|\n|poke|p2|Lycanroc-Dusk, L50, F|\n|teampreview|4\n|showteam|p1|Milotic||Leftovers|Competitive|Scald,IceBeam,Recover,Protect|Modest||F|||50|]Tyranitar||ChoiceScarf|SandStream|RockSlide,IcePunch,LowKick,KnockOff|Jolly||M|||50|]Tsareena||WideLens|QueenlyMajesty|TripleAxel,Protect,Taunt,PowerWhip|Adamant||F|||50|]Staraptor||Staraptite|Intimidate|BraveBird,CloseCombat,Protect,Tailwind|Jolly||M|||50|]Excadrill||FocusSash|SandRush|IronHead,HighHorsepower,RockSlide,Protect|Adamant||M|||50|]Sneasler||LifeOrb|PoisonTouch|CloseCombat,PoisonJab,FakeOut,ThroatChop|Jolly||F|||50|\n|showteam|p2|Froslass||Froslassite|CursedBody|Blizzard,ShadowBall,AuroraVeil,Protect|Modest||F|||50|]Scovillain||Scovillainite|Moody|GigaDrain,Overheat,RagePowder,Protect|Bold||F|||50|]Basculegion||SitrusBerry|Adaptability|WaveCrash,LastRespects,AquaJet,Protect|Adamant||M|||50|]Kingambit||BlackGlasses|Defiant|KowtowCleave,SuckerPunch,SwordsDance,Protect|Adamant||F|||50|]Sneasler||WhiteHerb|Unburden|CloseCombat,GunkShot,Protect,FakeOut|Adamant||M|||50|]Lycanroc-Dusk||FocusSash|ToughClaws|CloseCombat,Accelerock,RockSlide,Protect|Adamant||F|||50|\n|inactive|Battle timer is ON: inactive players will automatically lose when time's up. (requested by Pawah)\n|\n|t:|1788294709\n|teamsize|p1|4\n|teamsize|p2|4\n|start\n|switch|p1a: Sneasler|Sneasler, L50, F|100/100\n|switch|p1b: Tyranitar|Tyranitar, L50, M|100/100\n|switch|p2a: Basculegion|Basculegion, L50, M|100/100\n|switch|p2b: Sneasler|Sneasler, L50, M|100/100\n|-weather|Sandstorm|[from] ability: Sand Stream|[of] p1b: Tyranitar\n|turn|1\n|\n|t:|1788294731\n|switch|p2b: Scovillain|Scovillain, L50, F, shiny|100/100\n|move|p2a: Basculegion|Protect|p2a: Basculegion\n|-singleturn|p2a: Basculegion|Protect\n|move|p1a: Sneasler|Fake Out|p2b: Scovillain\n|-damage|p2b: Scovillain|79/100\n|-damage|p1a: Sneasler|90/100|[from] item: Life Orb\n|move|p1b: Tyranitar|Knock Off|p2a: Basculegion\n|-activate|p2a: Basculegion|move: Protect\n|\n|-weather|Sandstorm|[upkeep]\n|-damage|p1a: Sneasler|84/100|[from] Sandstorm\n|-damage|p2b: Scovillain|73/100|[from] Sandstorm\n|-damage|p2a: Basculegion|94/100|[from] Sandstorm\n|-ability|p2b: Scovillain|Moody|boost\n|-boost|p2b: Scovillain|def|2\n|-unboost|p2b: Scovillain|spd|1\n|upkeep\n|turn|2\n|inactive|dgs27222 has 30 seconds left.\n|inactive|Pawah has 30 seconds left.\n|\n|t:|1788294768\n|switch|p1b: Tsareena|Tsareena, L50, F|100/100\n|detailschange|p2b: Scovillain|Scovillain-Mega, L50, F, shiny\n|-mega|p2b: Scovillain|Scovillain|Scovillainite\n|move|p2b: Scovillain|Rage Powder|p2b: Scovillain\n|-singleturn|p2b: Scovillain|move: Rage Powder\n|move|p1a: Sneasler|Poison Jab|p2b: Scovillain\n|-supereffective|p2b: Scovillain|1\n|-damage|p2b: Scovillain|22/100\n|-status|p1a: Sneasler|brn|[from] ability: Spicy Spray|[of] p2b: Scovillain\n|-damage|p1a: Sneasler|75/100 brn|[from] item: Life Orb\n|move|p2a: Basculegion|Wave Crash|p1a: Sneasler\n|-damage|p1a: Sneasler|0 fnt\n|faint|p1a: Sneasler\n|-damage|p2a: Basculegion|75/100|[from] Recoil\n|\n|-weather|Sandstorm|[upkeep]\n|-damage|p1b: Tsareena|93/100|[from] Sandstorm\n|-damage|p2b: Scovillain|16/100|[from] Sandstorm\n|-damage|p2a: Basculegion|69/100|[from] Sandstorm\n|upkeep\n|inactive|dgs27222 has 30 seconds left.\n|\n|t:|1788294799\n|switch|p1a: Excadrill|Excadrill, L50, M|100/100\n|turn|3\n|\n|t:|1788294817\n|switch|p2a: Sneasler|Sneasler, L50, M|100/100\n|move|p1a: Excadrill|Protect|p1a: Excadrill\n|-singleturn|p1a: Excadrill|Protect\n|move|p2b: Scovillain|Protect|p2b: Scovillain\n|-singleturn|p2b: Scovillain|Protect\n|move|p1b: Tsareena|Taunt|p2b: Scovillain\n|-activate|p2b: Scovillain|move: Protect\n|\n|-weather|Sandstorm|[upkeep]\n|-damage|p2a: Sneasler|94/100|[from] Sandstorm\n|-damage|p1b: Tsareena|87/100|[from] Sandstorm\n|-damage|p2b: Scovillain|10/100|[from] Sandstorm\n|upkeep\n|turn|4\n|inactive|dgs27222 has 30 seconds left.\n|\n|t:|1788294848\n|move|p2b: Scovillain|Rage Powder|p2b: Scovillain\n|-singleturn|p2b: Scovillain|move: Rage Powder\n|move|p1a: Excadrill|Rock Slide|p2a: Sneasler|[spread] p2a,p2b\n|-resisted|p2a: Sneasler|1\n|-supereffective|p2b: Scovillain|1\n|-damage|p2a: Sneasler|81/100\n|-damage|p2b: Scovillain|0 fnt\n|-status|p1a: Excadrill|brn|[from] ability: Spicy Spray|[of] p2b: Scovillain\n|faint|p2b: Scovillain\n|move|p2a: Sneasler|Close Combat|p1a: Excadrill\n|-supereffective|p1a: Excadrill|1\n|-enditem|p1a: Excadrill|Focus Sash\n|-damage|p1a: Excadrill|1/100 brn\n|-unboost|p2a: Sneasler|def|1\n|-unboost|p2a: Sneasler|spd|1\n|-enditem|p2a: Sneasler|White Herb\n|-clearnegativeboost|p2a: Sneasler|[silent]\n|move|p1b: Tsareena|Triple Axel|p2a: Sneasler\n|-damage|p2a: Sneasler|74/100\n|-damage|p2a: Sneasler|59/100\n|-damage|p2a: Sneasler|38/100\n|-hitcount|p2a: Sneasler|3\n|\n|-weather|Sandstorm|[upkeep]\n|-damage|p2a: Sneasler|32/100|[from] Sandstorm\n|-damage|p1b: Tsareena|81/100|[from] Sandstorm\n|-damage|p1a: Excadrill|0 fnt|[from] brn\n|faint|p1a: Excadrill\n|upkeep\n|\n|t:|1788294869\n|switch|p1a: Tyranitar|Tyranitar, L50, M|100/100\n|switch|p2b: Basculegion|Basculegion, L50, M|69/100\n|turn|5\n|\n|t:|1788294885\n|move|p2a: Sneasler|Close Combat|p1a: Tyranitar\n|-supereffective|p1a: Tyranitar|2\n|-damage|p1a: Tyranitar|0 fnt\n|-unboost|p2a: Sneasler|def|1\n|-unboost|p2a: Sneasler|spd|1\n|faint|p1a: Tyranitar\n|move|p1b: Tsareena|Power Whip|p2b: Basculegion\n|-supereffective|p2b: Basculegion|1\n|-damage|p2b: Basculegion|0 fnt\n|faint|p2b: Basculegion\n|\n|-weather|none\n|upkeep\n|\n|t:|1788294892\n|switch|p2b: Lycanroc|Lycanroc-Dusk, L50, F|100/100\n|turn|6\n|\n|t:|1788294900\n|move|p2a: Sneasler|Close Combat|p1b: Tsareena\n|-damage|p1b: Tsareena|28/100\n|-unboost|p2a: Sneasler|def|1\n|-unboost|p2a: Sneasler|spd|1\n|move|p2b: Lycanroc|Close Combat|p1b: Tsareena\n|-damage|p1b: Tsareena|0 fnt\n|-unboost|p2b: Lycanroc|def|1\n|-unboost|p2b: Lycanroc|spd|1\n|faint|p1b: Tsareena\n|\n|win|Pawah\n","uploadtime":1788294900,"views":"1","formatid":"gen9championsvgc2026regmbbo3","rating":null,"private":0,"password":null}