{"id":"gen9championsvgc2026regmbbo3-2673788031","format":"[Gen 9 Champions] VGC 2026 Reg M-B (Bo3)","players":["KevinDeBrowny","kingsrowbajax"],"log":"|j|☆KevinDeBrowny\n|j|☆kingsrowbajax\n|html|<table width=\"100%\"><tr><td align=\"left\">KevinDeBrowny</td><td align=\"right\">kingsrowbajax</tr><tr><td align=\"left\"><i class=\"fa fa-circle-o\"></i> <i class=\"fa fa-circle-o\"></i> </td><td align=\"right\"><i class=\"fa fa-circle-o\"></i> <i class=\"fa fa-circle-o\"></i> </tr></table>\n|uhtml|bestof|<h2><strong>Game 1</strong> of <a href=\"/game-bestof3-gen9championsvgc2026regmbbo3-2673788030\">a best-of-3</a></h2>\n|t:|1788256720\n|gametype|doubles\n|player|p1|KevinDeBrowny|ltsurge|1102\n|player|p2|kingsrowbajax|1|1229\n|gen|9\n|tier|[Gen 9 Champions] VGC 2026 Reg M-B (Bo3)\n|rated|\n|rule|Species Clause: Limit one of each Pokémon\n|rule|Item Clause: Limit 1 of each item\n|clearpoke\n|poke|p1|Raichu, L50, M|\n|poke|p1|Jolteon, L50, F|\n|poke|p1|Whimsicott, L50, M|\n|poke|p1|Swampert, L50, F|\n|poke|p1|Aerodactyl, L50, M|\n|poke|p1|Sylveon, L50, F|\n|poke|p2|Blastoise, L50, F|\n|poke|p2|Delphox, L50, M|\n|poke|p2|Sinistcha, L50|\n|poke|p2|Kingambit, L50, M|\n|poke|p2|Sneasler, L50, M|\n|poke|p2|Incineroar, L50, F|\n|teampreview|4\n|showteam|p1|Raichu||RaichuniteX|LightningRod|FakeOut,VoltTackle,DrainPunch,PlayRough|Jolly||M|||50|]Jolteon||LifeOrb|VoltAbsorb|RisingVoltage,ShadowBall,AlluringVoice,Protect|Timid||F|||50|]Whimsicott||FocusSash|Prankster|Moonblast,Tailwind,FakeTears,WorrySeed|Modest||M|||50|]Swampert||Swampertite|Torrent|WaveCrash,HighHorsepower,IcePunch,Protect|Adamant||F|||50|]Aerodactyl||SitrusBerry|Unnerve|RockSlide,Tailwind,RainDance,DualWingbeat|Jolly||M|||50|]Sylveon||FairyFeather|Pixilate|HyperVoice,Protect,HyperBeam,Psychic|Modest||F|||50|\n|showteam|p2|Blastoise||Blastoisinite|RainDish|WaterSpout,DarkPulse,ShellSmash,Protect|Modest||F|||50|]Delphox||Delphoxite|Blaze|HeatWave,Psychic,NastyPlot,Protect|Timid||M|||50|]Sinistcha||ColburBerry|Hospitality|MatchaGotcha,RagePowder,TrickRoom,Protect|Bold|||||50|]Kingambit||LifeOrb|Defiant|KowtowCleave,SuckerPunch,SwordsDance,Protect|Adamant||M|||50|]Sneasler||FocusSash|PoisonTouch|FakeOut,PoisonJab,CloseCombat,QuickGuard|Jolly||M|||50|]Incineroar||SitrusBerry|Intimidate|FakeOut,FlareBlitz,ThroatChop,PartingShot|Careful||F|||50|\n|inactive|Battle timer is ON: inactive players will automatically lose when time's up. (requested by KevinDeBrowny)\n|inactive|KevinDeBrowny has 60 seconds left.\n|inactive|kingsrowbajax has 60 seconds left.\n|\n|t:|1788256761\n|teamsize|p1|4\n|teamsize|p2|4\n|start\n|switch|p1a: Raichu|Raichu, L50, M|100/100\n|switch|p1b: Jolteon|Jolteon, L50, F|100/100\n|switch|p2a: Delphox|Delphox, L50, M|100/100\n|switch|p2b: Sneasler|Sneasler, L50, M|100/100\n|turn|1\n|inactive|KevinDeBrowny has 30 seconds left.\n|\n|t:|1788256793\n|switch|p2b: Incineroar|Incineroar, L50, F|100/100\n|-ability|p2b: Incineroar|Intimidate|boost\n|-unboost|p1a: Raichu|atk|1\n|-unboost|p1b: Jolteon|atk|1\n|detailschange|p1a: Raichu|Raichu-Mega-X, L50, M\n|-mega|p1a: Raichu|Raichu|Raichunite X\n|-fieldstart|move: Electric Terrain|[from] ability: Electric Surge|[of] p1a: Raichu\n|detailschange|p2a: Delphox|Delphox-Mega, L50, M\n|-mega|p2a: Delphox|Delphox|Delphoxite\n|move|p2a: Delphox|Protect|p2a: Delphox\n|-singleturn|p2a: Delphox|Protect\n|move|p1a: Raichu|Fake Out|p2b: Incineroar\n|-damage|p2b: Incineroar|90/100\n|move|p1b: Jolteon|Shadow Ball|p2a: Delphox\n|-activate|p2a: Delphox|move: Protect\n|\n|upkeep\n|turn|2\n|\n|t:|1788256814\n|move|p2b: Incineroar|Fake Out|p1b: Jolteon\n|-damage|p1b: Jolteon|81/100\n|move|p2a: Delphox|Nasty Plot|p2a: Delphox\n|-boost|p2a: Delphox|spa|2\n|cant|p1b: Jolteon|flinch\n|move|p1a: Raichu|Volt Tackle|p2a: Delphox\n|-damage|p2a: Delphox|24/100\n|-damage|p1a: Raichu|70/100|[from] Recoil\n|\n|upkeep\n|turn|3\n|inactive|kingsrowbajax has 30 seconds left.\n|inactive|kingsrowbajax has 20 seconds left.\n|\n|t:|1788256854\n|move|p2a: Delphox|Protect|p2a: Delphox\n|-singleturn|p2a: Delphox|Protect\n|move|p1b: Jolteon|Rising Voltage|p2b: Incineroar\n|-hint|Rising Voltage's BP doubled on grounded target.\n|-damage|p2b: Incineroar|0 fnt\n|faint|p2b: Incineroar\n|-damage|p1b: Jolteon|71/100|[from] item: Life Orb\n|move|p1a: Raichu|Volt Tackle|p2a: Delphox\n|-activate|p2a: Delphox|move: Protect\n|\n|upkeep\n|\n|t:|1788256864\n|switch|p2b: Sneasler|Sneasler, L50, M|100/100\n|turn|4\n|\n|t:|1788256877\n|switch|p2b: Sinistcha|Sinistcha, L50|100/100\n|-heal|p2a: Delphox|49/100|[from] ability: Hospitality|[of] p2b: Sinistcha\n|move|p2a: Delphox|Heat Wave|p1a: Raichu|[spread] p1a,p1b\n|-damage|p1a: Raichu|0 fnt\n|-damage|p1b: Jolteon|0 fnt\n|faint|p1a: Raichu\n|faint|p1b: Jolteon\n|\n|upkeep\n|\n|t:|1788256883\n|switch|p1b: Sylveon|Sylveon, L50, F|100/100\n|switch|p1a: Whimsicott|Whimsicott, L50, M|100/100\n|turn|5\n|inactive|kingsrowbajax has 30 seconds left.\n|\n|t:|1788256908\n|switch|p2b: Sneasler|Sneasler, L50, M|100/100\n|move|p2a: Delphox|Protect|p2a: Delphox\n|-singleturn|p2a: Delphox|Protect\n|move|p1a: Whimsicott|Fake Tears|p2a: Delphox\n|-activate|p2a: Delphox|move: Protect\n|move|p1b: Sylveon|Hyper Voice|p2a: Delphox|[spread] p2b\n|-activate|p2a: Delphox|move: Protect\n|-damage|p2b: Sneasler|26/100\n|\n|-fieldend|move: Electric Terrain\n|upkeep\n|turn|6\n|inactive|kingsrowbajax has 30 seconds left.\n|\n|t:|1788256935\n|move|p2b: Sneasler|Fake Out|p1a: Whimsicott\n|-damage|p1a: Whimsicott|78/100\n|cant|p1a: Whimsicott|flinch\n|move|p2a: Delphox|Heat Wave|p1a: Whimsicott|[spread] p1a\n|-miss|p2a: Delphox|p1b: Sylveon\n|-supereffective|p1a: Whimsicott|1\n|-damage|p1a: Whimsicott|0 fnt\n|faint|p1a: Whimsicott\n|move|p1b: Sylveon|Hyper Voice|p2b: Sneasler|[spread] p2a,p2b\n|-resisted|p2a: Delphox|1\n|-damage|p2a: Delphox|24/100\n|-damage|p2b: Sneasler|0 fnt\n|faint|p2b: Sneasler\n|\n|upkeep\n|\n|t:|1788256947\n|switch|p2b: Sinistcha|Sinistcha, L50|100/100\n|-heal|p2a: Delphox|49/100|[from] ability: Hospitality|[of] p2b: Sinistcha\n|turn|7\n|\n|t:|1788256958\n|move|p2a: Delphox|Protect|p2a: Delphox\n|-singleturn|p2a: Delphox|Protect\n|move|p2b: Sinistcha|Matcha Gotcha|p1b: Sylveon\n|-damage|p1b: Sylveon|75/100\n|move|p1b: Sylveon|Hyper Beam|p2b: Sinistcha|[miss]\n|-miss|p1b: Sylveon|p2b: Sinistcha\n|\n|upkeep\n|turn|8\n|\n|t:|1788256973\n|move|p2a: Delphox|Psychic|p1b: Sylveon\n|-damage|p1b: Sylveon|2/100\n|move|p2b: Sinistcha|Matcha Gotcha|p1b: Sylveon\n|-damage|p1b: Sylveon|0 fnt\n|faint|p1b: Sylveon\n|\n|win|kingsrowbajax\n","uploadtime":1788256974,"views":"4","formatid":"gen9championsvgc2026regmbbo3","rating":null,"private":0,"password":null}