{"id":"gen9championsvgc2026regmb-2674396467","format":"[Gen 9 Champions] VGC 2026 Reg M-B","players":["texastrill713","Biffo Banana"],"log":"|j|☆texastrill713\n|j|☆Biffo Banana\n|t:|1788354516\n|gametype|doubles\n|player|p1|texastrill713|lucas-gen4pt|1567\n|player|p2|Biffo Banana|wattson|1467\n|gen|9\n|tier|[Gen 9 Champions] VGC 2026 Reg M-B\n|rated|\n|rule|Species Clause: Limit one of each Pokémon\n|rule|Item Clause: Limit 1 of each item\n|clearpoke\n|poke|p1|Raichu, L50, M|\n|poke|p1|Garchomp, L50, M|\n|poke|p1|Farigiraf, L50, M|\n|poke|p1|Torkoal, L50, F|\n|poke|p1|Glimmora, L50, M|\n|poke|p1|Meowscarada, L50, M|\n|poke|p2|Dragapult, L50, M|\n|poke|p2|Sneasler, L50, M|\n|poke|p2|Incineroar, L50, F|\n|poke|p2|Whimsicott, L50, M|\n|poke|p2|Charizard, L50, F, shiny|\n|poke|p2|Staraptor, L50, M|\n|teampreview|4\n|inactive|Battle timer is ON: inactive players will automatically lose when time's up. (requested by Biffo Banana)\n|\n|t:|1788354559\n|teamsize|p1|4\n|teamsize|p2|4\n|start\n|switch|p1a: Raichu|Raichu, L50, M|100/100\n|switch|p1b: Farigiraf|Farigiraf, L50, M|100/100\n|switch|p2a: Sneasler|Sneasler, L50, M|100/100\n|switch|p2b: Dragapult|Dragapult, L50, M|100/100\n|turn|1\n|inactive|texastrill713 has 30 seconds left.\n|\n|t:|1788354591\n|switch|p2a: Incineroar|Incineroar, L50, F|100/100\n|-ability|p2a: Incineroar|Intimidate|boost\n|-unboost|p1a: Raichu|atk|1\n|-unboost|p1b: Farigiraf|atk|1\n|detailschange|p1a: Raichu|Raichu-Mega-Y, L50, M\n|-mega|p1a: Raichu|Raichu|Raichunite Y\n|move|p2b: Dragapult|Shadow Ball|p1a: Raichu\n|-damage|p1a: Raichu|38/100\n|-damage|p2b: Dragapult|90/100|[from] item: Life Orb\n|move|p1a: Raichu|Zap Cannon|p2a: Incineroar\n|-damage|p2a: Incineroar|46/100\n|-status|p2a: Incineroar|par\n|-enditem|p2a: Incineroar|Sitrus Berry|[eat]\n|-heal|p2a: Incineroar|70/100 par|[from] item: Sitrus Berry\n|move|p1b: Farigiraf|Trick Room|p1b: Farigiraf\n|-fieldstart|move: Trick Room|[of] p1b: Farigiraf\n|\n|upkeep\n|turn|2\n|\n|t:|1788354615\n|switch|p1a: Torkoal|Torkoal, L50, F|100/100\n|-weather|SunnyDay|[from] ability: Drought|[of] p1a: Torkoal\n|move|p2b: Dragapult|Protect|p2b: Dragapult\n|-singleturn|p2b: Dragapult|Protect\n|move|p2a: Incineroar|Throat Chop|p1a: Torkoal\n|-damage|p1a: Torkoal|67/100\n|-start|p1a: Torkoal|Throat Chop|[silent]\n|move|p1b: Farigiraf|Psychic|p2b: Dragapult\n|-activate|p2b: Dragapult|move: Protect\n|\n|-weather|SunnyDay|[upkeep]\n|upkeep\n|turn|3\n|\n|t:|1788354635\n|move|p1b: Farigiraf|Helping Hand|p1a: Torkoal\n|-singleturn|p1a: Torkoal|Helping Hand|[of] p1b: Farigiraf\n|move|p1a: Torkoal|Eruption|p2b: Dragapult|[spread] p2a,p2b\n|-resisted|p2a: Incineroar|1\n|-resisted|p2b: Dragapult|1\n|-damage|p2a: Incineroar|31/100 par\n|-damage|p2b: Dragapult|35/100\n|move|p2a: Incineroar|Throat Chop|p1a: Torkoal\n|-damage|p1a: Torkoal|36/100\n|move|p2b: Dragapult|Dragon Pulse|p1a: Torkoal\n|-damage|p1a: Torkoal|0 fnt\n|faint|p1a: Torkoal\n|-damage|p2b: Dragapult|26/100|[from] item: Life Orb\n|\n|-weather|SunnyDay|[upkeep]\n|upkeep\n|\n|t:|1788354649\n|switch|p1a: Garchomp|Garchomp, L50, M|100/100\n|turn|4\n|\n|t:|1788354671\n|move|p2b: Dragapult|Protect|p2b: Dragapult\n|-singleturn|p2b: Dragapult|Protect\n|move|p2a: Incineroar|Parting Shot|p1a: Garchomp\n|-unboost|p1a: Garchomp|atk|1\n|-unboost|p1a: Garchomp|spa|1\n|\n|t:|1788354676\n|switch|p2a: Staraptor|Staraptor, L50, M|100/100|[from] Parting Shot\n|-enditem|p1a: Garchomp|White Herb\n|-clearnegativeboost|p1a: Garchomp|[silent]\n|-ability|p2a: Staraptor|Intimidate|boost\n|-unboost|p1a: Garchomp|atk|1\n|-unboost|p1b: Farigiraf|atk|1\n|move|p1b: Farigiraf|Psychic|p2b: Dragapult\n|-activate|p2b: Dragapult|move: Protect\n|move|p1a: Garchomp|Stomping Tantrum|p2a: Staraptor\n|-immune|p2a: Staraptor\n|\n|-weather|SunnyDay|[upkeep]\n|upkeep\n|turn|5\n|\n|t:|1788354686\n|switch|p2b: Incineroar|Incineroar, L50, F|31/100 par\n|-ability|p2b: Incineroar|Intimidate|boost\n|-unboost|p1a: Garchomp|atk|1\n|-unboost|p1b: Farigiraf|atk|1\n|detailschange|p2a: Staraptor|Staraptor-Mega, L50, M\n|-mega|p2a: Staraptor|Staraptor|Staraptite\n|move|p1b: Farigiraf|Psychic|p2a: Staraptor\n|-supereffective|p2a: Staraptor|1\n|-crit|p2a: Staraptor\n|-damage|p2a: Staraptor|0 fnt\n|faint|p2a: Staraptor\n|move|p1a: Garchomp|Dragon Claw|p2b: Incineroar\n|-damage|p2b: Incineroar|10/100 par\n|\n|-weather|SunnyDay|[upkeep]\n|-fieldend|move: Trick Room\n|upkeep\n|\n|t:|1788354699\n|switch|p2a: Dragapult|Dragapult, L50, M|26/100\n|turn|6\n|\n|t:|1788354717\n|move|p2a: Dragapult|Dragon Pulse|p1a: Garchomp\n|-supereffective|p1a: Garchomp|1\n|-damage|p1a: Garchomp|0 fnt\n|faint|p1a: Garchomp\n|-damage|p2a: Dragapult|16/100|[from] item: Life Orb\n|move|p1b: Farigiraf|Psychic|p2a: Dragapult\n|-damage|p2a: Dragapult|0 fnt\n|faint|p2a: Dragapult\n|move|p2b: Incineroar|Throat Chop|p1b: Farigiraf\n|-supereffective|p1b: Farigiraf|1\n|-crit|p1b: Farigiraf\n|-enditem|p1b: Farigiraf|Colbur Berry|[eat]\n|-enditem|p1b: Farigiraf|Colbur Berry|[weaken]\n|-damage|p1b: Farigiraf|37/100\n|-start|p1b: Farigiraf|Throat Chop|[silent]\n|\n|-weather|none\n|upkeep\n|\n|t:|1788354724\n|switch|p2a: Sneasler|Sneasler, L50, M|100/100\n|switch|p1a: Raichu|Raichu-Mega-Y, L50, M|38/100\n|turn|7\n|\n|t:|1788354744\n|move|p1a: Raichu|Zap Cannon|p2b: Incineroar\n|-damage|p2b: Incineroar|0 fnt\n|faint|p2b: Incineroar\n|move|p2a: Sneasler|Dire Claw|p1a: Raichu\n|-damage|p1a: Raichu|0 fnt\n|faint|p1a: Raichu\n|move|p1b: Farigiraf|Psychic|p2a: Sneasler\n|-supereffective|p2a: Sneasler|2\n|-enditem|p2a: Sneasler|Focus Sash\n|-damage|p2a: Sneasler|1/100\n|\n|-end|p1b: Farigiraf|Throat Chop|[silent]\n|upkeep\n|turn|8\n|inactive|texastrill713 has 30 seconds left.\n|\n|t:|1788354769\n|move|p2a: Sneasler|Dire Claw|p1b: Farigiraf\n|-damage|p1b: Farigiraf|0 fnt\n|faint|p1b: Farigiraf\n|\n|win|Biffo Banana\n|raw|texastrill713's rating: 1567 &rarr; <strong>1541</strong><br />(-26 for losing)\n|raw|Biffo Banana's rating: 1467 &rarr; <strong>1493</strong><br />(+26 for winning)\n|c|☆Biffo Banana|Wheewww\n|c|☆Biffo Banana|Gg\n|c|☆Biffo Banana|I hoped special pult would put the work in\n","uploadtime":1788354808,"views":"13","formatid":"gen9championsvgc2026regmb","rating":1493,"private":0,"password":null}