{"id":"gen9championsvgc2026regmbbo3-2673624783","format":"[Gen 9 Champions] VGC 2026 Reg M-B (Bo3)","players":["mezinalos","sixivs"],"log":"|j|☆mezinalos\n|j|☆sixivs\n|html|<table width=\"100%\"><tr><td align=\"left\">mezinalos</td><td align=\"right\">sixivs</tr><tr><td align=\"left\"><i class=\"fa fa-circle-o\"></i> <i class=\"fa fa-circle-o\"></i> </td><td align=\"right\"><i class=\"fa fa-circle-o\"></i> <i class=\"fa fa-circle-o\"></i> </tr></table>\n|uhtml|bestof|<h2><strong>Game 1</strong> of <a href=\"/game-bestof3-gen9championsvgc2026regmbbo3-2673624782\">a best-of-3</a></h2>\n|t:|1788223134\n|gametype|doubles\n|player|p1|mezinalos|1|1139\n|player|p2|sixivs|102|1098\n|gen|9\n|tier|[Gen 9 Champions] VGC 2026 Reg M-B (Bo3)\n|rated|\n|rule|Species Clause: Limit one of each Pokémon\n|rule|Item Clause: Limit 1 of each item\n|clearpoke\n|poke|p1|Lycanroc-Dusk, L50, M|\n|poke|p1|Blaziken, L50, M|\n|poke|p1|Dragonite, L50, F|\n|poke|p1|Ninetales-Alola, L50, M|\n|poke|p1|Aggron, L50, M|\n|poke|p1|Whimsicott, L50, F|\n|poke|p2|Basculegion, L50, M|\n|poke|p2|Charizard, L50, F|\n|poke|p2|Kingambit, L50, F|\n|poke|p2|Whimsicott, L50, F|\n|poke|p2|Garchomp, L50, F|\n|poke|p2|Floette-Eternal, L50, F|\n|teampreview|4\n|showteam|p1|Lycanroc-Dusk||FocusSash|ToughClaws|Accelerock,CloseCombat,RockSlide,Protect|Adamant||M|||50|]Blaziken||Blazikenite|SpeedBoost|CloseCombat,FlareBlitz,RockSlide,Protect|Adamant||M|||50|]Dragonite||LifeOrb|Multiscale|Protect,ExtremeSpeed,DragonClaw,IceBeam|Adamant||F|||50|]Ninetales-Alola||NeverMeltIce|SnowWarning|Blizzard,FreezeDry,Protect,Moonblast|Timid||M|||50|]Aggron||Aggronite|Sturdy|BodyPress,HeavySlam,IronDefense,Protect|Impish||M|||50|]Whimsicott||FairyFeather|Prankster|Moonblast,Tailwind,Encore,Protect|Timid||F|||50|\n|showteam|p2|Basculegion||ColburBerry|Adaptability|WaveCrash,LastRespects,AquaJet,Protect|Adamant||M|||50|]Charizard||CharizarditeY|SolarPower|HeatWave,WeatherBall,AncientPower,Protect|Timid||F|||50|]Kingambit||BlackGlasses|Defiant|KowtowCleave,IronHead,SuckerPunch,Protect|Adamant||F|||50|]Whimsicott||FocusSash|Prankster|Moonblast,Tailwind,Encore,Protect|Timid||F|||50|]Garchomp||LifeOrb|RoughSkin|DragonClaw,Earthquake,RockSlide,Protect|Jolly||F|||50|]Floette-Eternal||Floettite|FlowerVeil|Moonblast,DazzlingGleam,LightofRuin,Protect|Modest||F|||50|\n|inactive|Battle timer is ON: inactive players will automatically lose when time's up. (requested by mezinalos)\n|\n|t:|1788223206\n|teamsize|p1|4\n|teamsize|p2|4\n|start\n|switch|p1a: Whimsicott|Whimsicott, L50, F|100/100\n|switch|p1b: Lycanroc|Lycanroc-Dusk, L50, M|100/100\n|switch|p2a: Garchomp|Garchomp, L50, F|100/100\n|switch|p2b: Whimsicott|Whimsicott, L50, F|100/100\n|turn|1\n|inactive|mezinalos has 30 seconds left.\n|inactive|sixivs has 30 seconds left.\n|\n|t:|1788223240\n|move|p2b: Whimsicott|Tailwind|p2b: Whimsicott\n|-sidestart|p2: sixivs|move: Tailwind\n|move|p1a: Whimsicott|Tailwind|p1a: Whimsicott\n|-sidestart|p1: mezinalos|move: Tailwind\n|move|p1b: Lycanroc|Accelerock|p2b: Whimsicott\n|-damage|p2b: Whimsicott|60/100\n|move|p2a: Garchomp|Rock Slide|p1a: Whimsicott|[spread] p1a,p1b\n|-damage|p1a: Whimsicott|65/100\n|-damage|p1b: Lycanroc|61/100\n|-damage|p2a: Garchomp|90/100|[from] item: Life Orb\n|\n|upkeep\n|turn|2\n|inactive|mezinalos has 30 seconds left.\n|inactive|sixivs has 30 seconds left.\n|\n|t:|1788223270\n|switch|p2b: Basculegion|Basculegion, L50, M|100/100\n|move|p2a: Garchomp|Protect|p2a: Garchomp\n|-singleturn|p2a: Garchomp|Protect\n|move|p1a: Whimsicott|Encore||[still]\n|-fail|p1a: Whimsicott\n|move|p1b: Lycanroc|Rock Slide|p2a: Garchomp|[spread] p2b\n|-activate|p2a: Garchomp|move: Protect\n|-damage|p2b: Basculegion|70/100\n|\n|upkeep\n|turn|3\n|inactive|sixivs has 30 seconds left.\n|inactive|mezinalos has 30 seconds left.\n|inactive|sixivs has 20 seconds left.\n|\n|t:|1788223309\n|switch|p2a: Charizard|Charizard, L50, F|100/100\n|move|p1a: Whimsicott|Encore||[still]\n|-fail|p1a: Whimsicott\n|move|p1b: Lycanroc|Accelerock|p2b: Basculegion\n|-damage|p2b: Basculegion|40/100\n|move|p2b: Basculegion|Aqua Jet|p1b: Lycanroc\n|-supereffective|p1b: Lycanroc|1\n|-damage|p1b: Lycanroc|0 fnt\n|faint|p1b: Lycanroc\n|\n|upkeep\n|\n|t:|1788223320\n|switch|p1b: Blaziken|Blaziken, L50, M|100/100\n|turn|4\n|inactive|sixivs has 30 seconds left.\n|inactive|sixivs has 20 seconds left.\n|inactive|sixivs has 15 seconds left.\n|inactive|sixivs has 10 seconds left.\n|\n|t:|1788223367\n|switch|p2a: Garchomp|Garchomp, L50, F|90/100\n|detailschange|p1b: Blaziken|Blaziken-Mega, L50, M\n|-mega|p1b: Blaziken|Blaziken|Blazikenite\n|move|p1b: Blaziken|Protect|p1b: Blaziken\n|-singleturn|p1b: Blaziken|Protect\n|move|p2b: Basculegion|Aqua Jet|p1b: Blaziken\n|-activate|p1b: Blaziken|move: Protect\n|move|p1a: Whimsicott|Moonblast|p2b: Basculegion\n|-damage|p2b: Basculegion|0 fnt\n|faint|p2b: Basculegion\n|\n|-sideend|p1: mezinalos|move: Tailwind\n|-sideend|p2: sixivs|move: Tailwind\n|-ability|p1b: Blaziken|Speed Boost|boost\n|-boost|p1b: Blaziken|spe|1\n|upkeep\n|\n|t:|1788223380\n|switch|p2b: Whimsicott|Whimsicott, L50, F|60/100\n|turn|5\n|inactive|sixivs has 30 seconds left.\n|\n|t:|1788223412\n|switch|p1b: Ninetales|Ninetales-Alola, L50, M|100/100\n|-weather|Snowscape|[from] ability: Snow Warning|[of] p1b: Ninetales\n|move|p2b: Whimsicott|Protect|p2b: Whimsicott\n|-singleturn|p2b: Whimsicott|Protect\n|move|p1a: Whimsicott|Tailwind|p1a: Whimsicott\n|-sidestart|p1: mezinalos|move: Tailwind\n|move|p2a: Garchomp|Earthquake|p1b: Ninetales|[spread] p1a,p1b\n|-activate|p2b: Whimsicott|move: Protect\n|-resisted|p1a: Whimsicott|1\n|-damage|p1a: Whimsicott|31/100\n|-damage|p1b: Ninetales|56/100\n|-damage|p2a: Garchomp|80/100|[from] item: Life Orb\n|\n|-weather|Snowscape|[upkeep]\n|upkeep\n|turn|6\n|inactive|sixivs has 30 seconds left.\n|inactive|sixivs has 20 seconds left.\n|inactive|sixivs has 15 seconds left.\n|inactive|sixivs has 10 seconds left.\n|inactive|sixivs has 5 seconds left.\n|\n|t:|1788223464\n|switch|p2a: Charizard|Charizard, L50, F|100/100\n|move|p1a: Whimsicott|Encore|p2b: Whimsicott\n|-start|p2b: Whimsicott|Encore\n|move|p2b: Whimsicott|Protect|p2b: Whimsicott\n|-singleturn|p2b: Whimsicott|Protect\n|move|p1b: Ninetales|Blizzard|p2a: Charizard|[spread] p2a\n|-activate|p2b: Whimsicott|move: Protect\n|-crit|p2a: Charizard\n|-damage|p2a: Charizard|29/100\n|\n|-weather|Snowscape|[upkeep]\n|upkeep\n|turn|7\n|\n|t:|1788223485\n|switch|p1b: Blaziken|Blaziken-Mega, L50, M|100/100\n|switch|p2b: Garchomp|Garchomp, L50, F|80/100\n|detailschange|p2a: Charizard|Charizard-Mega-Y, L50, F\n|-mega|p2a: Charizard|Charizard|Charizardite Y\n|-weather|SunnyDay|[from] ability: Drought|[of] p2a: Charizard\n|move|p2a: Charizard|Protect|p2a: Charizard\n|-singleturn|p2a: Charizard|Protect\n|move|p1a: Whimsicott|Moonblast|p2a: Charizard\n|-activate|p2a: Charizard|move: Protect\n|\n|-weather|SunnyDay|[upkeep]\n|upkeep\n|turn|8\n|inactive|sixivs has 30 seconds left.\n|\n|t:|1788223515\n|switch|p2a: Whimsicott|Whimsicott, L50, F|60/100\n|move|p1a: Whimsicott|Moonblast|p2b: Garchomp\n|-supereffective|p2b: Garchomp|1\n|-damage|p2b: Garchomp|0 fnt\n|faint|p2b: Garchomp\n|move|p1b: Blaziken|Rock Slide|p2a: Whimsicott\n|-damage|p2a: Whimsicott|9/100\n|\n|-weather|SunnyDay|[upkeep]\n|-sideend|p1: mezinalos|move: Tailwind\n|-ability|p1b: Blaziken|Speed Boost|boost\n|-boost|p1b: Blaziken|spe|1\n|upkeep\n|\n|t:|1788223526\n|switch|p2b: Charizard|Charizard-Mega-Y, L50, F|29/100\n|turn|9\n|\n|t:|1788223537\n|move|p1a: Whimsicott|Tailwind|p1a: Whimsicott\n|-sidestart|p1: mezinalos|move: Tailwind\n|move|p2a: Whimsicott|Tailwind|p2a: Whimsicott\n|-sidestart|p2: sixivs|move: Tailwind\n|move|p1b: Blaziken|Rock Slide|p2a: Whimsicott|[spread] p2a,p2b\n|-supereffective|p2b: Charizard|2\n|-damage|p2a: Whimsicott|0 fnt\n|-damage|p2b: Charizard|0 fnt\n|faint|p2a: Whimsicott\n|faint|p2b: Charizard\n|\n|win|mezinalos\n","uploadtime":1788223541,"views":"0","formatid":"gen9championsvgc2026regmbbo3","rating":null,"private":0,"password":null}