{"id":"gen9championsvgc2026regmb-2674734656","format":"[Gen 9 Champions] VGC 2026 Reg M-B","players":["mu11731","rrav-e"],"log":"|j|☆mu11731\n|j|☆rrav-e\n|t:|1788397907\n|gametype|doubles\n|player|p1|mu11731|medium|1103\n|player|p2|rrav-e|pokemaniac|1000\n|gen|9\n|tier|[Gen 9 Champions] VGC 2026 Reg M-B\n|rated|\n|rule|Species Clause: Limit one of each Pokémon\n|rule|Item Clause: Limit 1 of each item\n|clearpoke\n|poke|p1|Drampa, L50, F|\n|poke|p1|Dragapult, L50, M|\n|poke|p1|Ceruledge, L50, M|\n|poke|p1|Lucario, L50, M|\n|poke|p1|Sneasler, L50, F|\n|poke|p1|Blastoise, L50, F|\n|poke|p2|Espathra, L50, F|\n|poke|p2|Floette-Eternal, L50, F|\n|poke|p2|Charizard, L50, M|\n|poke|p2|Zoroark-Hisui, L50, M|\n|poke|p2|Sneasler, L50, M|\n|poke|p2|Kingambit, L50, M|\n|teampreview|4\n|inactive|Battle timer is ON: inactive players will automatically lose when time's up. (requested by mu11731)\n|\n|t:|1788397931\n|teamsize|p1|4\n|teamsize|p2|4\n|start\n|switch|p1a: Dragapult|Dragapult, L50, M|100/100\n|switch|p1b: Sneasler|Sneasler, L50, F|100/100\n|switch|p2a: Kingambit|Kingambit, L50, M|100/100\n|switch|p2b: Espathra|Espathra, L50, F|100/100\n|turn|1\n|inactive|rrav-e has 30 seconds left.\n|\n|t:|1788397958\n|move|p2b: Espathra|Protect|p2b: Espathra\n|-singleturn|p2b: Espathra|Protect\n|move|p1a: Dragapult|Light Screen|p1a: Dragapult\n|-sidestart|p1: mu11731|move: Light Screen\n|move|p2a: Kingambit|Will-O-Wisp|p1b: Sneasler\n|-status|p1b: Sneasler|brn\n|move|p1b: Sneasler|Close Combat|p2a: Kingambit\n|-immune|p2a: Kingambit\n|\n|-damage|p1b: Sneasler|94/100 brn|[from] brn\n|-ability|p2b: Espathra|Speed Boost|boost\n|-boost|p2b: Espathra|spe|1\n|upkeep\n|turn|2\n|inactive|rrav-e has 30 seconds left.\n|\n|t:|1788397986\n|switch|p1b: Drampa|Drampa, L50, F|100/100\n|-ability|p1b: Drampa|Cloud Nine\n|move|p1a: Dragapult|Dragon Cheer|p1b: Drampa\n|-start|p1b: Drampa|move: Dragon Cheer\n|move|p2b: Espathra|Calm Mind|p2b: Espathra\n|-boost|p2b: Espathra|spa|1\n|-boost|p2b: Espathra|spd|1\n|move|p2a: Kingambit|Bitter Malice|p1a: Dragapult\n|-supereffective|p1a: Dragapult|1\n|-damage|p1a: Dragapult|34/100\n|-unboost|p1a: Dragapult|atk|1\n|-start|p2a: Kingambit|Disable|Bitter Malice|[from] ability: Cursed Body|[of] p1a: Dragapult\n|\n|-ability|p2b: Espathra|Speed Boost|boost\n|-boost|p2b: Espathra|spe|1\n|upkeep\n|turn|3\n|inactive|rrav-e has 30 seconds left.\n|inactive|rrav-e has 20 seconds left.\n|\n|t:|1788398023\n|detailschange|p1b: Drampa|Drampa-Mega, L50, F\n|-mega|p1b: Drampa|Drampa|Drampanite\n|move|p2a: Kingambit|Protect|p2a: Kingambit\n|-singleturn|p2a: Kingambit|Protect\n|move|p2b: Espathra|Baton Pass|p2b: Espathra\n|\n|t:|1788398030\n|switch|p2b: Floette|Floette-Eternal, L50, F|100/100|[from] Baton Pass\n|move|p1a: Dragapult|Dragon Pulse|p2a: Kingambit\n|-activate|p2a: Kingambit|move: Protect\n|move|p1b: Drampa|Draco Meteor|p2b: Floette\n|-immune|p2b: Floette\n|\n|upkeep\n|turn|4\n|\n|t:|1788398046\n|detailschange|p2b: Floette|Floette-Mega, L50, F\n|-mega|p2b: Floette|Floette|Floettite\n|-ability|p2b: Floette|Fairy Aura\n|move|p2b: Floette|Dazzling Gleam|p1b: Drampa|[spread] p1a,p1b\n|-supereffective|p1a: Dragapult|1\n|-supereffective|p1b: Drampa|1\n|-damage|p1a: Dragapult|0 fnt\n|-damage|p1b: Drampa|19/100\n|-start|p2b: Floette|Disable|Dazzling Gleam|[from] ability: Cursed Body|[of] p1a: Dragapult\n|faint|p1a: Dragapult\n|-ability|p1b: Drampa|Berserk|boost\n|-boost|p1b: Drampa|spa|1\n|move|p2a: Kingambit|Hyper Voice|p1b: Drampa\n|-crit|p1b: Drampa\n|-damage|p1b: Drampa|0 fnt\n|faint|p1b: Drampa\n|\n|upkeep\n|\n|t:|1788398053\n|switch|p1a: Ceruledge|Ceruledge, L50, M|100/100\n|switch|p1b: Sneasler|Sneasler, L50, F|94/100 brn\n|turn|5\n|\n|t:|1788398067\n|switch|p2a: Espathra|Espathra, L50, F|100/100\n|move|p2b: Floette|Protect|p2b: Floette\n|-singleturn|p2b: Floette|Protect\n|move|p1b: Sneasler|Fake Out|p2b: Floette\n|-activate|p2b: Floette|move: Protect\n|move|p1a: Ceruledge|Bulk Up|p1a: Ceruledge\n|-boost|p1a: Ceruledge|atk|1\n|-boost|p1a: Ceruledge|def|1\n|\n|-damage|p1b: Sneasler|88/100 brn|[from] brn\n|upkeep\n|turn|6\n|inactive|rrav-e has 30 seconds left.\n|\n|t:|1788398093\n|switch|p2b: Kingambit|Kingambit, L50, M|100/100\n|move|p1b: Sneasler|Taunt|p2a: Espathra\n|-start|p2a: Espathra|move: Taunt\n|move|p1a: Ceruledge|Poltergeist|p2b: Kingambit\n|-immune|p2b: Kingambit\n|move|p2a: Espathra|Lumina Crash|p1b: Sneasler\n|-supereffective|p1b: Sneasler|2\n|-damage|p1b: Sneasler|0 fnt\n|faint|p1b: Sneasler\n|\n|-ability|p2a: Espathra|Speed Boost|boost\n|-boost|p2a: Espathra|spe|1\n|upkeep\n|turn|7\n|\n|t:|1788398114\n|switch|p2a: Kingambit|Kingambit, L50, M|100/100\n|move|p2b: Kingambit|Bitter Malice|p1a: Ceruledge\n|-supereffective|p1a: Ceruledge|1\n|-damage|p1a: Ceruledge|38/100\n|-unboost|p1a: Ceruledge|atk|1\n|move|p1a: Ceruledge|Bitter Blade|p2b: Kingambit\n|-damage|p2b: Kingambit|9/100\n|-heal|p1a: Ceruledge|76/100|[from] drain|[of] p2b: Kingambit\n|replace|p2b: Zoroark|Zoroark-Hisui, L50, M\n|-end|p2b: Zoroark|Illusion\n|\n|upkeep\n|turn|8\n|\n|t:|1788398126\n|move|p2a: Kingambit|Sucker Punch|p1a: Ceruledge\n|-supereffective|p1a: Ceruledge|1\n|-damage|p1a: Ceruledge|0 fnt\n|faint|p1a: Ceruledge\n|-damage|p2a: Kingambit|90/100|[from] item: Life Orb\n|\n|win|rrav-e\n|raw|mu11731's rating: 1103 &rarr; <strong>1071</strong><br />(-32 for losing)\n|raw|rrav-e's rating: 1000 &rarr; <strong>1052</strong><br />(+52 for winning)\n|l|☆mu11731\n|player|p1|\n","uploadtime":1788398134,"views":"15","formatid":"gen9championsvgc2026regmb","rating":1052,"private":0,"password":null}