{"id":"gen9championsvgc2026regmb-2674112145","format":"[Gen 9 Champions] VGC 2026 Reg M-B","players":["erickkiki","NoLike_06"],"log":"|j|☆erickkiki\n|j|☆NoLike_06\n|t:|1788300844\n|gametype|doubles\n|player|p1|erickkiki|blaine|1306\n|player|p2|NoLike_06|2|1220\n|gen|9\n|tier|[Gen 9 Champions] VGC 2026 Reg M-B\n|rated|\n|rule|Species Clause: Limit one of each Pokémon\n|rule|Item Clause: Limit 1 of each item\n|clearpoke\n|poke|p1|Gyarados, L50, M|\n|poke|p1|Metagross, L50|\n|poke|p1|Annihilape, L50, M|\n|poke|p1|Sylveon, L50, F|\n|poke|p1|Pelipper, L50, M|\n|poke|p1|Sneasler, L50, M|\n|poke|p2|Incineroar, L50, F|\n|poke|p2|Samurott-Hisui, L50, F|\n|poke|p2|Sinistcha, L50|\n|poke|p2|Sneasler, L50, F|\n|poke|p2|Scizor, L50, F|\n|poke|p2|Delphox, L50, M|\n|teampreview|4\n|\n|t:|1788300917\n|teamsize|p1|4\n|teamsize|p2|4\n|start\n|switch|p1a: Annihilape|Annihilape, L50, M|100/100\n|switch|p1b: Sneasler|Sneasler, L50, M|100/100\n|switch|p2a: Delphox|Delphox, L50, M|100/100\n|switch|p2b: Sinistcha|Sinistcha, L50|100/100\n|turn|1\n|\n|t:|1788300969\n|detailschange|p2a: Delphox|Delphox-Mega, L50, M\n|-mega|p2a: Delphox|Delphox|Delphoxite\n|move|p2a: Delphox|Protect|p2a: Delphox\n|-singleturn|p2a: Delphox|Protect\n|move|p1b: Sneasler|Coaching|p1a: Annihilape\n|-boost|p1a: Annihilape|atk|1\n|-boost|p1a: Annihilape|def|1\n|move|p1a: Annihilape|Phantom Force||[still]\n|-prepare|p1a: Annihilape|Phantom Force\n|move|p2b: Sinistcha|Matcha Gotcha|p1a: Annihilape|[spread] p1b\n|-miss|p2b: Sinistcha|p1a: Annihilape\n|-resisted|p1b: Sneasler|1\n|-damage|p1b: Sneasler|83/100\n|\n|upkeep\n|turn|2\n|\n|t:|1788300999\n|move|p2b: Sinistcha|Rage Powder|p2b: Sinistcha\n|-singleturn|p2b: Sinistcha|move: Rage Powder\n|move|p2a: Delphox|Psychic|p1b: Sneasler\n|-supereffective|p1b: Sneasler|2\n|-damage|p1b: Sneasler|0 fnt\n|faint|p1b: Sneasler\n|move|p1a: Annihilape|Phantom Force|p2b: Sinistcha|[from] lockedmove\n|-supereffective|p2b: Sinistcha|1\n|-damage|p2b: Sinistcha|0 fnt\n|faint|p2b: Sinistcha\n|-damage|p1a: Annihilape|90/100|[from] item: Life Orb\n|\n|upkeep\n|\n|t:|1788301017\n|switch|p1b: Pelipper|Pelipper, L50, M|100/100\n|switch|p2b: Sneasler|Sneasler, L50, F|100/100\n|-weather|RainDance|[from] ability: Drizzle|[of] p1b: Pelipper\n|turn|3\n|\n|t:|1788301048\n|move|p1b: Pelipper|Protect|p1b: Pelipper\n|-singleturn|p1b: Pelipper|Protect\n|move|p2b: Sneasler|Fake Out|p1b: Pelipper\n|-activate|p1b: Pelipper|move: Protect\n|move|p2a: Delphox|Psychic|p1a: Annihilape\n|-supereffective|p1a: Annihilape|1\n|-damage|p1a: Annihilape|0 fnt\n|faint|p1a: Annihilape\n|\n|-weather|RainDance|[upkeep]\n|upkeep\n|\n|t:|1788301057\n|switch|p1a: Gyarados|Gyarados, L50, M|100/100\n|-ability|p1a: Gyarados|Intimidate|boost\n|-unboost|p2a: Delphox|atk|1\n|-unboost|p2b: Sneasler|atk|1\n|turn|4\n|\n|t:|1788301073\n|detailschange|p1a: Gyarados|Gyarados-Mega, L50, M\n|-mega|p1a: Gyarados|Gyarados|Gyaradosite\n|-ability|p1a: Gyarados|Mold Breaker\n|move|p2a: Delphox|Protect|p2a: Delphox\n|-singleturn|p2a: Delphox|Protect\n|move|p2b: Sneasler|Close Combat|p1a: Gyarados\n|-supereffective|p1a: Gyarados|1\n|-damage|p1a: Gyarados|22/100\n|-unboost|p2b: Sneasler|def|1\n|-unboost|p2b: Sneasler|spd|1\n|move|p1a: Gyarados|Waterfall|p2a: Delphox\n|-activate|p2a: Delphox|move: Protect\n|move|p1b: Pelipper|Hurricane|p2b: Sneasler\n|-supereffective|p2b: Sneasler|1\n|-enditem|p2b: Sneasler|Focus Sash\n|-damage|p2b: Sneasler|1/100\n|\n|-weather|RainDance|[upkeep]\n|upkeep\n|turn|5\n|\n|t:|1788301120\n|switch|p2a: Samurott|Samurott-Hisui, L50, F|100/100\n|move|p1a: Gyarados|Protect|p1a: Gyarados\n|-singleturn|p1a: Gyarados|Protect\n|move|p2b: Sneasler|Poison Jab|p1b: Pelipper\n|-damage|p1b: Pelipper|72/100\n|-status|p1b: Pelipper|psn|[from] ability: Poison Touch|[of] p2b: Sneasler\n|move|p1b: Pelipper|Weather Ball|p2a: Samurott\n|-resisted|p2a: Samurott|1\n|-damage|p2a: Samurott|64/100\n|\n|-weather|RainDance|[upkeep]\n|-damage|p1b: Pelipper|60/100 psn|[from] psn\n|upkeep\n|turn|6\n|\n|t:|1788301177\n|move|p1a: Gyarados|Protect||[still]\n|-fail|p1a: Gyarados\n|move|p2a: Samurott|Sacred Sword|p1a: Gyarados\n|-supereffective|p1a: Gyarados|1\n|-damage|p1a: Gyarados|0 fnt\n|faint|p1a: Gyarados\n|move|p2b: Sneasler|Poison Jab|p1b: Pelipper\n|-damage|p1b: Pelipper|33/100 psn\n|-enditem|p1b: Pelipper|Sitrus Berry|[eat]\n|-heal|p1b: Pelipper|58/100 psn|[from] item: Sitrus Berry\n|move|p1b: Pelipper|Tailwind|p1b: Pelipper\n|-sidestart|p1: erickkiki|move: Tailwind\n|\n|-weather|RainDance|[upkeep]\n|-damage|p1b: Pelipper|46/100 psn|[from] psn\n|upkeep\n|turn|7\n|\n|t:|1788301205\n|move|p2a: Samurott|Sacred Sword|p1b: Pelipper\n|-resisted|p1b: Pelipper|1\n|-damage|p1b: Pelipper|25/100 psn\n|move|p2b: Sneasler|Poison Jab|p1b: Pelipper\n|-damage|p1b: Pelipper|0 fnt\n|faint|p1b: Pelipper\n|\n|win|NoLike_06\n|raw|erickkiki's rating: 1306 &rarr; <strong>1281</strong><br />(-25 for losing)\n|raw|NoLike_06's rating: 1220 &rarr; <strong>1251</strong><br />(+31 for winning)\n","uploadtime":1788301216,"views":"6","formatid":"gen9championsvgc2026regmb","rating":1251,"private":0,"password":null}