{"id":"gen9championsvgc2026regmb-2674260512","format":"[Gen 9 Champions] VGC 2026 Reg M-B","players":["AZZBoi","Thornlace48812"],"log":"|j|☆AZZBoi\n|j|☆Thornlace48812\n|t:|1788325654\n|gametype|doubles\n|player|p1|AZZBoi|170|1089\n|player|p2|Thornlace48812|1|1059\n|gen|9\n|tier|[Gen 9 Champions] VGC 2026 Reg M-B\n|rated|\n|rule|Species Clause: Limit one of each Pokémon\n|rule|Item Clause: Limit 1 of each item\n|clearpoke\n|poke|p1|Feraligatr, L50, M, shiny|\n|poke|p1|Sneasler, L50, M|\n|poke|p1|Milotic, L50, F, shiny|\n|poke|p1|Raichu, L50, M, shiny|\n|poke|p1|Basculegion, L50, M|\n|poke|p1|Sinistcha, L50|\n|poke|p2|Garchomp, L50, M|\n|poke|p2|Charizard, L50, F|\n|poke|p2|Whimsicott, L50, M|\n|poke|p2|Sylveon, L50, M|\n|poke|p2|Kingambit, L50, M|\n|poke|p2|Basculegion, L50, M|\n|teampreview|4\n|inactive|Battle timer is ON: inactive players will automatically lose when time's up. (requested by Thornlace48812)\nThornlace48812 rejected open team sheets.\n|inactive|AZZBoi has 60 seconds left.\n|\n|t:|1788325708\n|teamsize|p1|4\n|teamsize|p2|4\n|start\n|switch|p1a: Feraligatr|Feraligatr, L50, M, shiny|100/100\n|switch|p1b: Sneasler|Sneasler, L50, M|100/100\n|switch|p2a: Charizard|Charizard, L50, F|100/100\n|switch|p2b: Whimsicott|Whimsicott, L50, M|100/100\n|turn|1\n|inactive|AZZBoi has 30 seconds left.\n|\n|t:|1788325742\n|detailschange|p1a: Feraligatr|Feraligatr-Mega, L50, M, shiny\n|-mega|p1a: Feraligatr|Feraligatr|Feraligite\n|move|p2a: Charizard|Protect|p2a: Charizard\n|-singleturn|p2a: Charizard|Protect\n|move|p1b: Sneasler|Fake Out|p2a: Charizard\n|-activate|p2a: Charizard|move: Protect\n|move|p2b: Whimsicott|Tailwind|p2b: Whimsicott\n|-sidestart|p2: Thornlace48812|move: Tailwind\n|move|p1a: Feraligatr|Dragon Dance|p1a: Feraligatr\n|-boost|p1a: Feraligatr|atk|1\n|-boost|p1a: Feraligatr|spe|1\n|\n|upkeep\n|turn|2\n|inactive|AZZBoi has 30 seconds left.\n|\n|t:|1788325770\n|detailschange|p2a: Charizard|Charizard-Mega-Y, L50, F\n|-mega|p2a: Charizard|Charizard|Charizardite Y\n|-weather|SunnyDay|[from] ability: Drought|[of] p2a: Charizard\n|move|p1a: Feraligatr|Protect|p1a: Feraligatr\n|-singleturn|p1a: Feraligatr|Protect\n|move|p2b: Whimsicott|Moonblast|p1b: Sneasler\n|-damage|p1b: Sneasler|50/100g\n|move|p2a: Charizard|Heat Wave|p1a: Feraligatr|[spread] \n|-activate|p1a: Feraligatr|move: Protect\n|-miss|p2a: Charizard|p1b: Sneasler\n|move|p1b: Sneasler|Dire Claw|p2b: Whimsicott\n|-supereffective|p2b: Whimsicott|2\n|-enditem|p2b: Whimsicott|Focus Sash\n|-damage|p2b: Whimsicott|1/100\n|-status|p2b: Whimsicott|par\n|\n|-weather|SunnyDay|[upkeep]\n|upkeep\n|turn|3\n|inactive|AZZBoi has 30 seconds left.\n|inactive|AZZBoi has 20 seconds left.\n|\n|t:|1788325806\n|move|p2a: Charizard|Heat Wave|p1a: Feraligatr|[spread] p1a,p1b\n|-resisted|p1a: Feraligatr|2\n|-damage|p1a: Feraligatr|80/100\n|-damage|p1b: Sneasler|0 fnt\n|faint|p1b: Sneasler\n|move|p1a: Feraligatr|Body Slam|p2a: Charizard\n|-damage|p2a: Charizard|0 fnt\n|faint|p2a: Charizard\n|move|p2b: Whimsicott|Moonblast|p1a: Feraligatr\n|-supereffective|p1a: Feraligatr|1\n|-damage|p1a: Feraligatr|0 fnt\n|faint|p1a: Feraligatr\n|\n|-weather|SunnyDay|[upkeep]\n|upkeep\n|\n|t:|1788325820\n|switch|p1b: Sinistcha|Sinistcha, L50|100/100\n|switch|p2a: Sylveon|Sylveon, L50, M|100/100\n|switch|p1a: Basculegion|Basculegion, L50, M|100/100\n|turn|4\n|\n|t:|1788325837\n|move|p2a: Sylveon|Detect|p2a: Sylveon\n|-singleturn|p2a: Sylveon|Protect\n|move|p2b: Whimsicott|Tailwind||[still]\n|-fail|p2b: Whimsicott\n|move|p1a: Basculegion|Last Respects|p2a: Sylveon\n|-activate|p2a: Sylveon|move: Protect\n|move|p1b: Sinistcha|Matcha Gotcha|p2a: Sylveon|[spread] p2b\n|-activate|p2a: Sylveon|move: Protect\n|-resisted|p2b: Whimsicott|1\n|-damage|p2b: Whimsicott|0 fnt\n|faint|p2b: Whimsicott\n|\n|-weather|SunnyDay|[upkeep]\n|-sideend|p2: Thornlace48812|move: Tailwind\n|upkeep\n|\n|t:|1788325837\n|switch|p2b: Basculegion|Basculegion, L50, M|100/100\n|turn|5\n|\n|t:|1788325860\n|move|p2a: Sylveon|Detect||[still]\n|-fail|p2a: Sylveon\n|move|p1b: Sinistcha|Rage Powder|p1b: Sinistcha\n|-singleturn|p1b: Sinistcha|move: Rage Powder\n|move|p1a: Basculegion|Last Respects|p2b: Basculegion\n|-supereffective|p2b: Basculegion|1\n|-damage|p2b: Basculegion|0 fnt\n|faint|p2b: Basculegion\n|-damage|p1a: Basculegion|90/100|[from] item: Life Orb\n|\n|-weather|SunnyDay|[upkeep]\n|upkeep\n|turn|6\n|\n|t:|1788325870\n|move|p1a: Basculegion|Last Respects|p2a: Sylveon\n|-damage|p2a: Sylveon|0 fnt\n|faint|p2a: Sylveon\n|-damage|p1a: Basculegion|80/100|[from] item: Life Orb\n|\n|win|AZZBoi\n|raw|AZZBoi's rating: 1089 &rarr; <strong>1116</strong><br />(+27 for winning)\n|raw|Thornlace48812's rating: 1095 &rarr; <strong>1070</strong><br />(-25 for losing)\n","uploadtime":1788325870,"views":"1","formatid":"gen9championsvgc2026regmb","rating":1070,"private":0,"password":null}