{"id":"gen9championsvgc2026regmb-2674331307","format":"[Gen 9 Champions] VGC 2026 Reg M-B","players":["Twheelz27","carrotbeafsteak"],"log":"|j|☆Twheelz27\n|j|☆carrotbeafsteak\n|t:|1788342676\n|gametype|doubles\n|player|p1|Twheelz27|102|1224\n|player|p2|carrotbeafsteak|266|1300\n|gen|9\n|tier|[Gen 9 Champions] VGC 2026 Reg M-B\n|rated|\n|rule|Species Clause: Limit one of each Pokémon\n|rule|Item Clause: Limit 1 of each item\n|clearpoke\n|poke|p1|Charizard, L50, M|\n|poke|p1|Aerodactyl, L50, F|\n|poke|p1|Sylveon, L50, M|\n|poke|p1|Sinistcha, L50|\n|poke|p1|Garchomp, L50, M|\n|poke|p1|Incineroar, L50, F|\n|poke|p2|Simipour, L50, F|\n|poke|p2|Simisage, L50, F|\n|poke|p2|Simisear, L50, M|\n|poke|p2|Pelipper, L50, M|\n|poke|p2|Torkoal, L50, M|\n|poke|p2|Gyarados, L50, M|\n|teampreview|4\n|\n|t:|1788342705\n|teamsize|p1|4\n|teamsize|p2|4\n|start\n|switch|p1a: Aerodactyl|Aerodactyl, L50, F|100/100\n|switch|p1b: Sinistcha|Sinistcha, L50|100/100\n|switch|p2a: Simisage|Simisage, L50, F|100/100\n|switch|p2b: Simisear|Simisear, L50, M|100/100\n|-ability|p1a: Aerodactyl|Unnerve\n|turn|1\n|\n|t:|1788342745\n|switch|p1b: Incineroar|Incineroar, L50, F|100/100\n|-ability|p1b: Incineroar|Intimidate|boost\n|-unboost|p2a: Simisage|atk|1\n|-unboost|p2b: Simisear|atk|1\n|move|p2a: Simisage|Fake Out|p1a: Aerodactyl\n|-resisted|p1a: Aerodactyl|1\n|-damage|p1a: Aerodactyl|91/100\n|-damage|p2a: Simisage|90/100|[from] item: Life Orb\n|cant|p1a: Aerodactyl|flinch\n|move|p2b: Simisear|Fire Blast|p1b: Incineroar|[miss]\n|-miss|p2b: Simisear|p1b: Incineroar\n|\n|upkeep\n|turn|2\n|\n|t:|1788342769\n|switch|p2a: Gyarados|Gyarados, L50, M|100/100\n|-ability|p2a: Gyarados|Intimidate|boost\n|-unboost|p1a: Aerodactyl|atk|1\n|-unboost|p1b: Incineroar|atk|1\n|switch|p2b: Simipour|Simipour, L50, F|100/100\n|move|p1a: Aerodactyl|Rock Slide|p2a: Gyarados|[spread] p2a,p2b\n|-supereffective|p2a: Gyarados|1\n|-damage|p2a: Gyarados|64/100\n|-damage|p2b: Simipour|70/100\n|move|p1b: Incineroar|Parting Shot|p2a: Gyarados\n|-unboost|p2a: Gyarados|atk|1\n|-unboost|p2a: Gyarados|spa|1\n|\n|t:|1788342785\n|switch|p1b: Sinistcha|Sinistcha, L50|100/100|[from] Parting Shot\n|-heal|p1a: Aerodactyl|100/100|[from] ability: Hospitality|[of] p1b: Sinistcha\n|\n|upkeep\n|turn|3\n|inactive|Battle timer is ON: inactive players will automatically lose when time's up. (requested by Twheelz27)\n|\n|t:|1788342812\n|detailschange|p2a: Gyarados|Gyarados-Mega, L50, M\n|-mega|p2a: Gyarados|Gyarados|Gyaradosite\n|-ability|p2a: Gyarados|Mold Breaker\n|move|p2b: Simipour|Ice Beam|p1b: Sinistcha\n|-supereffective|p1b: Sinistcha|1\n|-damage|p1b: Sinistcha|35/100\n|move|p1a: Aerodactyl|Rock Tomb|p2a: Gyarados|[miss]\n|-miss|p1a: Aerodactyl|p2a: Gyarados\n|move|p2a: Gyarados|Crunch|p1b: Sinistcha\n|-supereffective|p1b: Sinistcha|1\n|-damage|p1b: Sinistcha|0 fnt\n|faint|p1b: Sinistcha\n|\n|upkeep\n|\n|t:|1788342828\n|switch|p1b: Incineroar|Incineroar, L50, F|100/100\n|-ability|p1b: Incineroar|Intimidate|boost\n|-unboost|p2a: Gyarados|atk|1\n|-unboost|p2b: Simipour|atk|1\n|turn|4\n|\n|t:|1788342849\n|move|p2b: Simipour|Ice Beam|p1a: Aerodactyl\n|-supereffective|p1a: Aerodactyl|1\n|-enditem|p1a: Aerodactyl|Yache Berry|[eat]\n|-enditem|p1a: Aerodactyl|Yache Berry|[weaken]\n|-damage|p1a: Aerodactyl|59/100\n|move|p1a: Aerodactyl|Tailwind|p1a: Aerodactyl\n|-sidestart|p1: Twheelz27|move: Tailwind\n|move|p1b: Incineroar|Parting Shot|p2b: Simipour\n|-unboost|p2b: Simipour|atk|1\n|-unboost|p2b: Simipour|spa|1\n|\n|t:|1788342857\n|switch|p1b: Garchomp|Garchomp, L50, M|100/100|[from] Parting Shot\n|move|p2a: Gyarados|Waterfall|p1a: Aerodactyl\n|-supereffective|p1a: Aerodactyl|1\n|-damage|p1a: Aerodactyl|0 fnt\n|faint|p1a: Aerodactyl\n|\n|upkeep\n|\n|t:|1788342864\n|switch|p1a: Incineroar|Incineroar, L50, F|100/100\n|-ability|p1a: Incineroar|Intimidate|boost\n|-unboost|p2a: Gyarados|atk|1\n|-unboost|p2b: Simipour|atk|1\n|turn|5\n|\n|t:|1788342887\n|switch|p2b: Simisage|Simisage, L50, F|90/100\n|move|p2a: Gyarados|Protect|p2a: Gyarados\n|-singleturn|p2a: Gyarados|Protect\n|move|p1a: Incineroar|Fake Out|p2a: Gyarados\n|-activate|p2a: Gyarados|move: Protect\n|move|p1b: Garchomp|Dragon Claw|p2b: Simisage\n|-damage|p2b: Simisage|0 fnt\n|faint|p2b: Simisage\n|-damage|p1b: Garchomp|90/100|[from] item: Life Orb\n|\n|upkeep\n|\n|t:|1788342896\n|switch|p2b: Simisear|Simisear, L50, M|100/100\n|turn|6\n|inactive|Twheelz27 has 30 seconds left.\n|\n|t:|1788342926\n|switch|p2a: Simipour|Simipour, L50, F|70/100\n|move|p2b: Simisear|Fake Out|p1b: Garchomp\n|-damage|p1b: Garchomp|81/100\n|-damage|p2b: Simisear|87/100|[from] ability: Rough Skin|[of] p1b: Garchomp\n|cant|p1b: Garchomp|flinch\n|move|p1a: Incineroar|Darkest Lariat|p2b: Simisear\n|-damage|p2b: Simisear|25/100\n|\n|upkeep\n|turn|7\n|inactive|Twheelz27 has 30 seconds left.\n|\n|t:|1788342955\n|switch|p2a: Gyarados|Gyarados-Mega, L50, M|64/100\n|-ability|p2a: Gyarados|Mold Breaker\n|move|p1b: Garchomp|Earthquake|p2a: Gyarados|[spread] p1a,p2a,p2b\n|-supereffective|p1a: Incineroar|1\n|-crit|p2a: Gyarados\n|-supereffective|p2b: Simisear|1\n|-damage|p1a: Incineroar|18/100\n|-damage|p2a: Gyarados|4/100\n|-damage|p2b: Simisear|0 fnt\n|-enditem|p1a: Incineroar|Sitrus Berry|[eat]\n|-heal|p1a: Incineroar|43/100|[from] item: Sitrus Berry\n|faint|p2b: Simisear\n|-damage|p1b: Garchomp|71/100|[from] item: Life Orb\n|move|p1a: Incineroar|Darkest Lariat|p2a: Gyarados\n|-resisted|p2a: Gyarados|1\n|-damage|p2a: Gyarados|0 fnt\n|faint|p2a: Gyarados\n|\n|-sideend|p1: Twheelz27|move: Tailwind\n|upkeep\n|\n|t:|1788342964\n|switch|p2a: Simipour|Simipour, L50, F|70/100\n|turn|8\n|c|☆carrotbeafsteak|that crit actually matter\n|inactive|carrotbeafsteak has 30 seconds left.\n|\n|t:|1788342990\n|move|p1b: Garchomp|Protect|p1b: Garchomp\n|-singleturn|p1b: Garchomp|Protect\n|move|p2a: Simipour|Hydro Pump|p1a: Incineroar\n|-supereffective|p1a: Incineroar|1\n|-damage|p1a: Incineroar|0 fnt\n|faint|p1a: Incineroar\n|\n|upkeep\n|turn|9\n|\n|t:|1788342999\n|move|p2a: Simipour|Hydro Pump|p1b: Garchomp\n|-damage|p1b: Garchomp|16/100\n|move|p1b: Garchomp|Earthquake|p2a: Simipour\n|-damage|p2a: Simipour|0 fnt\n|faint|p2a: Simipour\n|-damage|p1b: Garchomp|7/100|[from] item: Life Orb\n|\n|win|Twheelz27\n|raw|Twheelz27's rating: 1224 &rarr; <strong>1254</strong><br />(+30 for winning)\n|raw|carrotbeafsteak's rating: 1300 &rarr; <strong>1270</strong><br />(-30 for losing)\n|c|☆carrotbeafsteak|gg\n","uploadtime":1788343006,"views":"0","formatid":"gen9championsvgc2026regmb","rating":1254,"private":0,"password":null}