{"id":"gen9championsvgc2026regmb-2674769033","format":"[Gen 9 Champions] VGC 2026 Reg M-B","players":["vanthoci","The CUz"],"log":"|badge|p2|silver|gen9randombattle|30-10\n|uhtml|medal-msg|<div class=\"broadcast-blue\">Curious what those medals under the avatar are? PS now has Ladder Seasons! For more information, check out the <a href=\"https://www.smogon.com/forums/threads/3740067/\">thread on Smogon.</a></div>\n|j|☆vanthoci\n|j|☆The CUz\n|t:|1788403319\n|gametype|doubles\n|player|p1|vanthoci|liko|1705\n|player|p2|The CUz|marshal|1824\n|gen|9\n|tier|[Gen 9 Champions] VGC 2026 Reg M-B\n|rated|\n|rule|Species Clause: Limit one of each Pokémon\n|rule|Item Clause: Limit 1 of each item\n|clearpoke\n|poke|p1|Raichu, L50, M|\n|poke|p1|Incineroar, L50, M|\n|poke|p1|Vanilluxe, L50, M|\n|poke|p1|Basculegion, L50, M|\n|poke|p1|Sneasler, L50, F|\n|poke|p1|Kingambit, L50, F|\n|poke|p2|Gengar, L50, M|\n|poke|p2|Archaludon, L50, M|\n|poke|p2|Politoed, L50, F|\n|poke|p2|Swampert, L50, M|\n|poke|p2|Incineroar, L50, F|\n|poke|p2|Vivillon-Fancy, L50, M|\n|teampreview|4\n|\n|t:|1788403368\n|teamsize|p1|4\n|teamsize|p2|4\n|start\n|switch|p1a: Kingambit|Kingambit, L50, F|100/100\n|switch|p1b: Incineroar|Incineroar, L50, M|100/100\n|switch|p2a: Swampert|Swampert, L50, M|100/100\n|switch|p2b: Vivillon|Vivillon-Fancy, L50, M|100/100\n|-ability|p1b: Incineroar|Intimidate|boost\n|-unboost|p2a: Swampert|atk|1\n|-unboost|p2b: Vivillon|atk|1\n|turn|1\n|j| Therazer456\n|\n|t:|1788403440\n|switch|p1a: Vanilluxe|Vanilluxe, L50, M|100/100\n|-weather|Snowscape|[from] ability: Snow Warning|[of] p1a: Vanilluxe\n|detailschange|p2a: Swampert|Swampert-Mega, L50, M\n|-mega|p2a: Swampert|Swampert|Swampertite\n|move|p1b: Incineroar|Fake Out|p2b: Vivillon\n|-damage|p2b: Vivillon|73/100\n|cant|p2b: Vivillon|flinch\n|move|p2a: Swampert|Earthquake|p1a: Vanilluxe|[spread] p1a,p1b\n|-immune|p2b: Vivillon\n|-supereffective|p1b: Incineroar|1\n|-damage|p1a: Vanilluxe|72/100\n|-damage|p1b: Incineroar|35/100\n|\n|-weather|Snowscape|[upkeep]\n|upkeep\n|turn|2\n|\n|t:|1788403480\n|move|p2b: Vivillon|Rage Powder|p2b: Vivillon\n|-singleturn|p2b: Vivillon|move: Rage Powder\n|move|p1a: Vanilluxe|Freeze-Dry|p2b: Vivillon\n|-supereffective|p2b: Vivillon|1\n|-damage|p2b: Vivillon|0 fnt\n|faint|p2b: Vivillon\n|move|p2a: Swampert|Earthquake|p1b: Incineroar|[spread] p1a,p1b\n|-supereffective|p1b: Incineroar|1\n|-damage|p1a: Vanilluxe|41/100\n|-damage|p1b: Incineroar|0 fnt\n|faint|p1b: Incineroar\n|\n|-weather|Snowscape|[upkeep]\n|upkeep\n|\n|t:|1788403522\n|switch|p2b: Politoed|Politoed, L50, F|100/100\n|switch|p1b: Basculegion|Basculegion, L50, M|100/100\n|-weather|RainDance|[from] ability: Drizzle|[of] p2b: Politoed\n|turn|3\n|\n|t:|1788403590\n|switch|p1a: Kingambit|Kingambit, L50, F|100/100\n|move|p2a: Swampert|Protect|p2a: Swampert\n|-singleturn|p2a: Swampert|Protect\n|move|p1b: Basculegion|Last Respects|p2b: Politoed\n|-damage|p2b: Politoed|33/100\n|-enditem|p2b: Politoed|Sitrus Berry|[eat]\n|-heal|p2b: Politoed|58/100|[from] item: Sitrus Berry\n|move|p2b: Politoed|Weather Ball|p1a: Kingambit\n|-damage|p1a: Kingambit|57/100\n|\n|-weather|RainDance|[upkeep]\n|upkeep\n|turn|4\n|l| Therazer456\n|\n|t:|1788403639\n|move|p2b: Politoed|Protect|p2b: Politoed\n|-singleturn|p2b: Politoed|Protect\n|move|p1a: Kingambit|Sucker Punch||[still]\n|-fail|p1a: Kingambit\n|move|p2a: Swampert|Earthquake|p1a: Kingambit|[spread] p1a,p1b\n|-activate|p2b: Politoed|move: Protect\n|-supereffective|p1a: Kingambit|1\n|-damage|p1a: Kingambit|14/100\n|-damage|p1b: Basculegion|63/100\n|move|p1b: Basculegion|Wave Crash|p2a: Swampert\n|-damage|p2a: Swampert|0 fnt\n|faint|p2a: Swampert\n|-damage|p1b: Basculegion|35/100|[from] Recoil\n|-enditem|p1b: Basculegion|Sitrus Berry|[eat]\n|-heal|p1b: Basculegion|60/100|[from] item: Sitrus Berry\n|\n|-weather|RainDance|[upkeep]\n|upkeep\n|\n|t:|1788403651\n|switch|p2a: Archaludon|Archaludon, L50, M|100/100\n|turn|5\n|\n|t:|1788403707\n|switch|p1a: Vanilluxe|Vanilluxe, L50, M|41/100\n|-weather|Snowscape|[from] ability: Snow Warning|[of] p1a: Vanilluxe\n|move|p1b: Basculegion|Last Respects|p2b: Politoed\n|-damage|p2b: Politoed|0 fnt\n|faint|p2b: Politoed\n|move|p2a: Archaludon|Dragon Pulse|p1b: Basculegion\n|-damage|p1b: Basculegion|26/100\n|\n|-weather|Snowscape|[upkeep]\n|upkeep\n|turn|6\n|\n|t:|1788403735\n|switch|p1a: Kingambit|Kingambit, L50, F|14/100\n|move|p1b: Basculegion|Last Respects|p2a: Archaludon\n|-damage|p2a: Archaludon|58/100\n|-ability|p2a: Archaludon|Stamina|boost\n|-boost|p2a: Archaludon|def|1\n|move|p2a: Archaludon|Flash Cannon|p1a: Kingambit\n|-resisted|p1a: Kingambit|1\n|-damage|p1a: Kingambit|0 fnt\n|faint|p1a: Kingambit\n|\n|-weather|Snowscape|[upkeep]\n|-heal|p2a: Archaludon|64/100|[from] item: Leftovers\n|upkeep\n|\n|t:|1788403744\n|switch|p1a: Vanilluxe|Vanilluxe, L50, M|41/100\n|turn|7\n|\n|t:|1788403761\n|move|p2a: Archaludon|Protect|p2a: Archaludon\n|-singleturn|p2a: Archaludon|Protect\n|move|p1a: Vanilluxe|Blizzard|p2a: Archaludon\n|-activate|p2a: Archaludon|move: Protect\n|move|p1b: Basculegion|Last Respects|p2a: Archaludon\n|-activate|p2a: Archaludon|move: Protect\n|\n|-weather|Snowscape|[upkeep]\n|-heal|p2a: Archaludon|70/100|[from] item: Leftovers\n|upkeep\n|turn|8\n|\n|t:|1788403773\n|move|p1a: Vanilluxe|Blizzard|p2a: Archaludon\n|-damage|p2a: Archaludon|18/100\n|-ability|p2a: Archaludon|Stamina|boost\n|-boost|p2a: Archaludon|def|1\n|move|p1b: Basculegion|Last Respects|p2a: Archaludon\n|-damage|p2a: Archaludon|0 fnt\n|faint|p2a: Archaludon\n|\n|win|vanthoci\n|raw|vanthoci's rating: 1705 &rarr; <strong>1732</strong><br />(+27 for winning)\n|raw|The CUz's rating: 1824 &rarr; <strong>1797</strong><br />(-27 for losing)\n","uploadtime":1788403889,"views":"2","formatid":"gen9championsvgc2026regmb","rating":1732,"private":0,"password":null}