{"id":"gen9championsvgc2026regmbbo3-2675040790","format":"[Gen 9 Champions] VGC 2026 Reg M-B (Bo3)","players":["ataaj83","kleimor"],"log":"|j|☆ataaj83\n|j|☆kleimor\n|html|<table width=\"100%\"><tr><td align=\"left\">ataaj83</td><td align=\"right\">kleimor</tr><tr><td align=\"left\"><i class=\"fa fa-circle\"></i> <i class=\"fa fa-circle-o\"></i> </td><td align=\"right\"><i class=\"fa fa-circle-o\"></i> <i class=\"fa fa-circle\"></i> </tr></table>\n|uhtml|bestof|<h2><strong>Game 3</strong> of <a href=\"/game-bestof3-gen9championsvgc2026regmbbo3-2675036233\">a best-of-3</a></h2>\n|t:|1788451930\n|gametype|doubles\n|player|p1|ataaj83|102|1168\n|player|p2|kleimor|waitress|1239\n|gen|9\n|tier|[Gen 9 Champions] VGC 2026 Reg M-B (Bo3)\n|rated|\n|rule|Species Clause: Limit one of each Pokémon\n|rule|Item Clause: Limit 1 of each item\n|clearpoke\n|poke|p1|Charizard, L50, F|\n|poke|p1|Basculegion, L50, M|\n|poke|p1|Farigiraf, L50, M|\n|poke|p1|Garchomp, L50, M|\n|poke|p1|Kingambit, L50, F|\n|poke|p1|Incineroar, L50, M|\n|poke|p2|Froslass, L50, F|\n|poke|p2|Garchomp, L50, F|\n|poke|p2|Kingambit, L50, M|\n|poke|p2|Sinistcha, L50|\n|poke|p2|Staraptor, L50, M, shiny|\n|poke|p2|Whimsicott, L50, F|\n|teampreview|4\n|showteam|p1|Charizard||CharizarditeY|Blaze|AncientPower,HeatWave,SolarBeam,Protect|Timid||F|||50|]Basculegion||ChoiceScarf|Adaptability|AquaJet,FlipTurn,LastRespects,WaveCrash|Jolly||M|||50|]Farigiraf||ColburBerry|ArmorTail|DazzlingGleam,TwinBeam,TrickRoom,Protect|Modest||M|||50|]Garchomp||LifeOrb|RoughSkin|DragonClaw,StompingTantrum,Protect,RockSlide|Jolly||M|||50|]Kingambit||ChopleBerry|Defiant|KowtowCleave,IronHead,SuckerPunch,Protect|Adamant||F|||50|]Incineroar||SitrusBerry|Intimidate|DarkestLariat,FakeOut,FlareBlitz,PartingShot|Impish||M|||50|\n|showteam|p2|Froslass||Froslassite|SnowCloak|Blizzard,ShadowBall,AuroraVeil,Protect|Timid||F|||50|]Garchomp||ChoiceScarf|RoughSkin|RockSlide,StompingTantrum,PoisonJab,DragonClaw|Adamant||F|||50|]Kingambit||ChopleBerry|Defiant|KowtowCleave,SuckerPunch,IronHead,Protect|Adamant||M|||50|]Sinistcha||ColburBerry|Hospitality|TrickRoom,MatchaGotcha,RagePowder,Protect|Bold|||||50|]Staraptor||Staraptite|Intimidate|CloseCombat,BraveBird,Protect,Roost|Jolly||M|||50|]Whimsicott||FocusSash|Prankster|Charm,Tailwind,Protect,Moonblast|Timid||F|||50|\n|inactive|Battle timer is ON: inactive players will automatically lose when time's up. (requested by kleimor)\n|inactive|ataaj83 has 60 seconds left.\n|inactive|ataaj83 has 30 seconds left.\n|inactive|kleimor has 60 seconds left.\n|inactive|ataaj83 has 20 seconds left.\n|\n|t:|1788452004\n|teamsize|p1|4\n|teamsize|p2|4\n|start\n|switch|p1a: Garchomp|Garchomp, L50, M|100/100\n|switch|p1b: Incineroar|Incineroar, L50, M|100/100\n|switch|p2a: Staraptor|Staraptor, L50, M, shiny|100/100\n|switch|p2b: Whimsicott|Whimsicott, L50, F|100/100\n|-ability|p2a: Staraptor|Intimidate|boost\n|-unboost|p1a: Garchomp|atk|1\n|-unboost|p1b: Incineroar|atk|1\n|-ability|p1b: Incineroar|Intimidate|boost\n|-unboost|p2a: Staraptor|atk|1\n|-unboost|p2b: Whimsicott|atk|1\n|turn|1\n|\n|t:|1788452019\n|switch|p2a: Garchomp|Garchomp, L50, F|100/100\n|move|p2b: Whimsicott|Protect|p2b: Whimsicott\n|-singleturn|p2b: Whimsicott|Protect\n|move|p1b: Incineroar|Fake Out|p2a: Garchomp\n|-damage|p2a: Garchomp|92/100\n|-damage|p1b: Incineroar|87/100|[from] ability: Rough Skin|[of] p2a: Garchomp\n|move|p1a: Garchomp|Rock Slide|p2b: Whimsicott|[spread] p2a\n|-activate|p2b: Whimsicott|move: Protect\n|-resisted|p2a: Garchomp|1\n|-damage|p2a: Garchomp|84/100\n|-damage|p1a: Garchomp|90/100|[from] item: Life Orb\n|\n|upkeep\n|turn|2\n|inactive|ataaj83 has 30 seconds left.\n|inactive|kleimor has 30 seconds left.\n|\n|t:|1788452046\n|switch|p1a: Kingambit|Kingambit, L50, F|100/100\n|move|p2b: Whimsicott|Charm|p1a: Kingambit\n|-hint|Since gen 7, Dark is immune to Prankster moves.\n|-immune|p1a: Kingambit\n|move|p2a: Garchomp|Stomping Tantrum|p1b: Incineroar\n|-supereffective|p1b: Incineroar|1\n|-damage|p1b: Incineroar|21/100\n|-enditem|p1b: Incineroar|Sitrus Berry|[eat]\n|-heal|p1b: Incineroar|46/100|[from] item: Sitrus Berry\n|move|p1b: Incineroar|Parting Shot|p2a: Garchomp\n|-unboost|p2a: Garchomp|atk|1\n|-unboost|p2a: Garchomp|spa|1\n|\n|t:|1788452057\n|switch|p1b: Charizard|Charizard, L50, F|100/100|[from] Parting Shot\n|\n|upkeep\n|turn|3\n|\n|t:|1788452079\n|switch|p2a: Kingambit|Kingambit, L50, M|100/100\n|detailschange|p1b: Charizard|Charizard-Mega-Y, L50, F\n|-mega|p1b: Charizard|Charizard|Charizardite Y\n|-weather|SunnyDay|[from] ability: Drought|[of] p1b: Charizard\n|move|p2b: Whimsicott|Tailwind|p2b: Whimsicott\n|-sidestart|p2: kleimor|move: Tailwind\n|move|p1b: Charizard|Heat Wave|p2a: Kingambit|[spread] p2a,p2b\n|-supereffective|p2a: Kingambit|1\n|-supereffective|p2b: Whimsicott|1\n|-damage|p2a: Kingambit|0 fnt\n|-enditem|p2b: Whimsicott|Focus Sash\n|-damage|p2b: Whimsicott|1/100\n|faint|p2a: Kingambit\n|move|p1a: Kingambit|Kowtow Cleave|p2b: Whimsicott\n|-resisted|p2b: Whimsicott|1\n|-damage|p2b: Whimsicott|0 fnt\n|faint|p2b: Whimsicott\n|\n|-weather|SunnyDay|[upkeep]\n|upkeep\n|\n|t:|1788452094\n|switch|p2b: Garchomp|Garchomp, L50, F|84/100\n|switch|p2a: Staraptor|Staraptor, L50, M, shiny|100/100\n|-ability|p2a: Staraptor|Intimidate|boost\n|-unboost|p1a: Kingambit|atk|1\n|-ability|p1a: Kingambit|Defiant|boost\n|-boost|p1a: Kingambit|atk|2\n|-unboost|p1b: Charizard|atk|1\n|turn|4\n|\n|t:|1788452113\n|switch|p1b: Incineroar|Incineroar, L50, M|46/100\n|-ability|p1b: Incineroar|Intimidate|boost\n|-unboost|p2a: Staraptor|atk|1\n|-unboost|p2b: Garchomp|atk|1\n|detailschange|p2a: Staraptor|Staraptor-Mega, L50, M, shiny\n|-mega|p2a: Staraptor|Staraptor|Staraptite\n|move|p1a: Kingambit|Sucker Punch|p2b: Garchomp\n|-crit|p2b: Garchomp\n|-damage|p2b: Garchomp|0 fnt\n|-damage|p1a: Kingambit|87/100|[from] ability: Rough Skin|[of] p2b: Garchomp\n|faint|p2b: Garchomp\n|move|p2a: Staraptor|Close Combat|p1b: Incineroar\n|-supereffective|p1b: Incineroar|1\n|-damage|p1b: Incineroar|0 fnt\n|-boost|p2a: Staraptor|def|1\n|-boost|p2a: Staraptor|spd|1\n|faint|p1b: Incineroar\n|\n|-weather|SunnyDay|[upkeep]\n|upkeep\n|\n|t:|1788452125\n|switch|p1b: Charizard|Charizard-Mega-Y, L50, F|100/100\n|turn|5\n|\n|t:|1788452135\n|move|p2a: Staraptor|Close Combat|p1a: Kingambit\n|-supereffective|p1a: Kingambit|2\n|-enditem|p1a: Kingambit|Chople Berry|[eat]\n|-enditem|p1a: Kingambit|Chople Berry|[weaken]\n|-damage|p1a: Kingambit|27/100\n|-boost|p2a: Staraptor|def|1\n|-boost|p2a: Staraptor|spd|1\n|move|p1b: Charizard|Heat Wave|p2a: Staraptor\n|-damage|p2a: Staraptor|56/100\n|move|p1a: Kingambit|Iron Head|p2a: Staraptor\n|-crit|p2a: Staraptor\n|-damage|p2a: Staraptor|0 fnt\n|faint|p2a: Staraptor\n|\n|win|ataaj83\n|raw|ataaj83's rating: 1168 &rarr; <strong>1198</strong><br />(+30 for winning)\n|raw|kleimor's rating: 1239 &rarr; <strong>1209</strong><br />(-30 for losing)\n|l|☆kleimor\n|player|p2|\n|l|☆ataaj83\n|player|p1|\n|j|☆kleimor\n|player|p2|kleimor|waitress|\n","uploadtime":1788452173,"views":"3","formatid":"gen9championsvgc2026regmbbo3","rating":1198,"private":0,"password":null}