{"id":"gen9championsvgc2026regmb-2675007761","format":"[Gen 9 Champions] VGC 2026 Reg M-B","players":["slyvesterccd","gafhada"],"log":"|j|☆slyvesterccd\n|j|☆gafhada\n|t:|1788448055\n|gametype|doubles\n|player|p1|slyvesterccd|266|1032\n|player|p2|gafhada|170|1000\n|gen|9\n|tier|[Gen 9 Champions] VGC 2026 Reg M-B\n|rated|\n|rule|Species Clause: Limit one of each Pokémon\n|rule|Item Clause: Limit 1 of each item\n|clearpoke\n|poke|p1|Crabominable, L50, M|\n|poke|p1|Mr. Rime, L50, M|\n|poke|p1|Sinistcha, L50|\n|poke|p1|Empoleon, L50, M, shiny|\n|poke|p1|Slowking, L50, F|\n|poke|p1|Incineroar, L50, M|\n|poke|p2|Floette-Eternal, L50, F|\n|poke|p2|Sinistcha, L50|\n|poke|p2|Rotom-Wash, L50|\n|poke|p2|Garchomp, L50, M|\n|poke|p2|Aerodactyl, L50, F|\n|poke|p2|Charizard, L50, F|\n|teampreview|4\n|inactive|Battle timer is ON: inactive players will automatically lose when time's up. (requested by gafhada)\n|\n|t:|1788448078\n|teamsize|p1|4\n|teamsize|p2|4\n|start\n|switch|p1a: Slowking|Slowking, L50, F|100/100\n|switch|p1b: Crabominable|Crabominable, L50, M|100/100\n|switch|p2a: Floette|Floette-Eternal, L50, F|100/100\n|switch|p2b: Sinistcha|Sinistcha, L50|100/100\n|turn|1\n|\n|t:|1788448089\n|detailschange|p2a: Floette|Floette-Mega, L50, F\n|-mega|p2a: Floette|Floette|Floettite\n|-ability|p2a: Floette|Fairy Aura\n|move|p1b: Crabominable|Protect|p1b: Crabominable\n|-singleturn|p1b: Crabominable|Protect\n|move|p2a: Floette|Moonblast|p1a: Slowking\n|-damage|p1a: Slowking|36/100\n|-unboost|p1a: Slowking|spa|1\n|move|p2b: Sinistcha|Matcha Gotcha|p1a: Slowking|[spread] \n|-activate|p1b: Crabominable|move: Protect\n|-miss|p2b: Sinistcha|p1a: Slowking\n|move|p1a: Slowking|Trick Room|p1a: Slowking\n|-fieldstart|move: Trick Room|[of] p1a: Slowking\n|\n|upkeep\n|turn|2\n|inactive|gafhada has 30 seconds left.\n|\n|t:|1788448117\n|detailschange|p1b: Crabominable|Crabominable-Mega, L50, M\n|-mega|p1b: Crabominable|Crabominable|Crabominite\n|move|p2b: Sinistcha|Rage Powder|p2b: Sinistcha\n|-singleturn|p2b: Sinistcha|move: Rage Powder\n|-prepare|p1a: Slowking|Chilly Reception|[premajor]\n|move|p1a: Slowking|Chilly Reception|p1a: Slowking\n|-weather|Snowscape\n|\n|t:|1788448125\n|-heal|p1a: Slowking|69/100|[from] ability: Regenerator|[silent]\n|switch|p1a: Empoleon|Empoleon, L50, M, shiny|100/100|[from] Chilly Reception\n|move|p1b: Crabominable|Icicle Spear|p2b: Sinistcha\n|-supereffective|p2b: Sinistcha|1\n|-damage|p2b: Sinistcha|75/100\n|-supereffective|p2b: Sinistcha|1\n|-damage|p2b: Sinistcha|50/100g\n|-supereffective|p2b: Sinistcha|1\n|-damage|p2b: Sinistcha|22/100\n|-supereffective|p2b: Sinistcha|1\n|-damage|p2b: Sinistcha|0 fnt\n|faint|p2b: Sinistcha\n|-hitcount|p2: Sinistcha|4\n|move|p2a: Floette|Dazzling Gleam|p1a: Empoleon|[spread] p1a,p1b\n|-resisted|p1a: Empoleon|1\n|-supereffective|p1b: Crabominable|1\n|-damage|p1a: Empoleon|79/100\n|-damage|p1b: Crabominable|23/100\n|\n|-weather|Snowscape|[upkeep]\n|upkeep\n|\n|t:|1788448129\n|switch|p2b: Rotom|Rotom-Wash, L50|100/100\n|turn|3\n|inactive|slyvesterccd has 30 seconds left.\n|\n|t:|1788448155\n|move|p2a: Floette|Protect|p2a: Floette\n|-singleturn|p2a: Floette|Protect\n|move|p1b: Crabominable|Icicle Spear|p2a: Floette\n|-activate|p2a: Floette|move: Protect\n|move|p1a: Empoleon|Flash Cannon|p2a: Floette\n|-activate|p2a: Floette|move: Protect\n|move|p2b: Rotom|Thunderbolt|p1b: Crabominable\n|-damage|p1b: Crabominable|0 fnt\n|faint|p1b: Crabominable\n|\n|-weather|Snowscape|[upkeep]\n|upkeep\n|\n|t:|1788448166\n|switch|p1b: Sinistcha|Sinistcha, L50|100/100\n|-heal|p1a: Empoleon|100/100|[from] ability: Hospitality|[of] p1b: Sinistcha\n|turn|4\n|\n|t:|1788448172\n|switch|p2a: Garchomp|Garchomp, L50, M|100/100\n|move|p1a: Empoleon|Flash Cannon|p2a: Garchomp\n|-damage|p2a: Garchomp|38/100\n|-damage|p1a: Empoleon|90/100|[from] item: Life Orb\n|move|p1b: Sinistcha|Matcha Gotcha|p2b: Rotom|[spread] p2a,p2b\n|-supereffective|p2b: Rotom|1\n|-damage|p2a: Garchomp|12/100\n|-damage|p2b: Rotom|50/100g\n|move|p2b: Rotom|Light Screen|p2b: Rotom\n|-sidestart|p2: gafhada|move: Light Screen\n|\n|-weather|Snowscape|[upkeep]\n|upkeep\n|turn|5\n|\n|t:|1788448194\n|move|p2a: Garchomp|Protect|p2a: Garchomp\n|-singleturn|p2a: Garchomp|Protect\n|move|p1a: Empoleon|Flash Cannon|p2a: Garchomp\n|-activate|p2a: Garchomp|move: Protect\n|move|p1b: Sinistcha|Matcha Gotcha|p2a: Garchomp|[spread] p2b\n|-activate|p2a: Garchomp|move: Protect\n|-supereffective|p2b: Rotom|1\n|-damage|p2b: Rotom|19/100\n|-enditem|p2b: Rotom|Sitrus Berry|[eat]\n|-heal|p2b: Rotom|43/100|[from] item: Sitrus Berry\n|move|p2b: Rotom|Thunderbolt|p1a: Empoleon\n|-supereffective|p1a: Empoleon|1\n|-damage|p1a: Empoleon|33/100\n|\n|-weather|Snowscape|[upkeep]\n|-fieldend|move: Trick Room\n|upkeep\n|turn|6\n|\n|t:|1788448213\n|move|p1a: Empoleon|Vacuum Wave|p2a: Garchomp\n|-damage|p2a: Garchomp|0 fnt\n|faint|p2a: Garchomp\n|-damage|p1a: Empoleon|23/100|[from] item: Life Orb\n|move|p2b: Rotom|Thunderbolt|p1a: Empoleon\n|-supereffective|p1a: Empoleon|1\n|-damage|p1a: Empoleon|0 fnt\n|faint|p1a: Empoleon\n|move|p1b: Sinistcha|Life Dew||[still]\n|-fail|p1b: Sinistcha|heal\n|\n|-weather|none\n|upkeep\n|\n|t:|1788448219\n|switch|p2a: Floette|Floette-Mega, L50, F|100/100\n|switch|p1a: Slowking|Slowking, L50, F|69/100\n|-ability|p2a: Floette|Fairy Aura\n|turn|7\n|\n|t:|1788448230\n|move|p2a: Floette|Light of Ruin|p1b: Sinistcha\n|-damage|p1b: Sinistcha|0 fnt\n|faint|p1b: Sinistcha\n|-damage|p2a: Floette|51/100|[from] Recoil\n|move|p2b: Rotom|Thunderbolt|p1a: Slowking\n|-supereffective|p1a: Slowking|1\n|-crit|p1a: Slowking\n|-damage|p1a: Slowking|0 fnt\n|faint|p1a: Slowking\n|\n|win|gafhada\n|raw|slyvesterccd's rating: 1032 &rarr; <strong>1016</strong><br />(-16 for losing)\n|raw|gafhada's rating: 1000 &rarr; <strong>1044</strong><br />(+44 for winning)\n","uploadtime":1788448234,"views":"9","formatid":"gen9championsvgc2026regmb","rating":1016,"private":0,"password":null}