{"id":"gen9championsvgc2026regmbbo3-2673857838","format":"[Gen 9 Champions] VGC 2026 Reg M-B (Bo3)","players":["Thuyffr","humania1"],"log":"|j|‽Thuyffr\n|j|☆humania1\n|html|<table width=\"100%\"><tr><td align=\"left\">Thuyffr</td><td align=\"right\">humania1</tr><tr><td align=\"left\"><i class=\"fa fa-circle-o\"></i> <i class=\"fa fa-circle-o\"></i> </td><td align=\"right\"><i class=\"fa fa-circle-o\"></i> <i class=\"fa fa-circle\"></i> </tr></table>\n|uhtml|bestof|<h2><strong>Game 2</strong> of <a href=\"/game-bestof3-gen9championsvgc2026regmbbo3-2673857258\">a best-of-3</a></h2>\n|t:|1788269399\n|gametype|doubles\n|player|p1|Thuyffr|170|1000\n|player|p2|humania1|265|1016\n|gen|9\n|tier|[Gen 9 Champions] VGC 2026 Reg M-B (Bo3)\n|rated|\n|rule|Species Clause: Limit one of each Pokémon\n|rule|Item Clause: Limit 1 of each item\n|clearpoke\n|poke|p1|Corviknight, L50, F, shiny|\n|poke|p1|Dragapult, L50, M|\n|poke|p1|Lycanroc, L50, F, shiny|\n|poke|p1|Tyranitar, L50, M, shiny|\n|poke|p1|Mamoswine, L50, F|\n|poke|p1|Farigiraf, L50, F, shiny|\n|poke|p2|Blastoise, L50, M|\n|poke|p2|Delphox, L50, F, shiny|\n|poke|p2|Incineroar, L50, M|\n|poke|p2|Sinistcha, L50|\n|poke|p2|Sneasler, L50, M|\n|poke|p2|Vivillon, L50, F|\n|teampreview|4\n|showteam|p1|Corviknight||Leftovers|MirrorArmor|IronDefense,BodyPress,Protect,BraveBird|Relaxed||F|||50|]Dragapult||LifeOrb|ClearBody|ShadowBall,DracoMeteor,Protect,FireBlast|Hasty||M|||50|]Lycanroc||FocusSash|SandRush|CloseCombat,RockSlide,Protect,Accelerock|Adamant||F|||50|]Tyranitar||Tyranitarite|SandStream|KnockOff,RockSlide,Protect,DragonDance|Adamant||M|||50|]Mamoswine||ExpertBelt|Oblivious|IcicleCrash,Earthquake,Protect,Haze|Jolly||F|||50|]Farigiraf||ColburBerry|ArmorTail|TwinBeam,TrickRoom,Protect,HelpingHand|Sassy||F|||50|\n|showteam|p2|Blastoise||Blastoisinite|Torrent|Protect,ShellSmash,WaterSpout,DarkPulse|Modest||M|||50|]Delphox||Delphoxite|Blaze|Protect,HeatWave,Psyshock,NastyPlot|Timid||F|||50|]Incineroar||PasshoBerry|Intimidate|FakeOut,PartingShot,FlareBlitz,ThroatChop|Impish||M|||50|]Sinistcha||SitrusBerry|Hospitality|Protect,MatchaGotcha,TrickRoom,RagePowder|Bold|||||50|]Sneasler||FocusSash|PoisonTouch|QuickGuard,FakeOut,CloseCombat,DireClaw|Jolly||M|||50|]Vivillon||ChoiceScarf|CompoundEyes|Hurricane,SleepPowder,RagePowder,Uturn|Timid||F|||50|\n|inactive|Battle timer is ON: inactive players will automatically lose when time's up. (requested by humania1)\n|\n|t:|1788269406\n|teamsize|p1|4\n|teamsize|p2|4\n|start\n|switch|p1a: Dragapult|Dragapult, L50, M|100/100\n|switch|p1b: Farigiraf|Farigiraf, L50, F, shiny|100/100\n|switch|p2a: Blastoise|Blastoise, L50, M|100/100\n|switch|p2b: Incineroar|Incineroar, L50, M|100/100\n|-ability|p2b: Incineroar|Intimidate|boost\n|-fail|p1a: Dragapult|unboost|[from] ability: Clear Body|[of] p1a: Dragapult\n|-unboost|p1b: Farigiraf|atk|1\n|turn|1\n|\n|t:|1788269420\n|detailschange|p2a: Blastoise|Blastoise-Mega, L50, M\n|-mega|p2a: Blastoise|Blastoise|Blastoisinite\n|move|p1b: Farigiraf|Helping Hand|p1a: Dragapult\n|-singleturn|p1a: Dragapult|Helping Hand|[of] p1b: Farigiraf\n|move|p1a: Dragapult|Draco Meteor|p2a: Blastoise\n|-damage|p2a: Blastoise|0 fnt\n|-unboost|p1a: Dragapult|spa|2\n|faint|p2a: Blastoise\n|-damage|p1a: Dragapult|90/100|[from] item: Life Orb\n|move|p2b: Incineroar|Throat Chop|p1a: Dragapult\n|-supereffective|p1a: Dragapult|1\n|-damage|p1a: Dragapult|0 fnt\n|faint|p1a: Dragapult\n|\n|upkeep\n|\n|t:|1788269433\n|switch|p1a: Lycanroc|Lycanroc, L50, F, shiny|100/100\n|switch|p2a: Sinistcha|Sinistcha, L50|100/100\n|turn|2\n|\n|t:|1788269450\n|switch|p2b: Sneasler|Sneasler, L50, M|100/100\n|move|p1a: Lycanroc|Close Combat|p2b: Sneasler\n|-resisted|p2b: Sneasler|1\n|-damage|p2b: Sneasler|66/100\n|-unboost|p1a: Lycanroc|def|1\n|-unboost|p1a: Lycanroc|spd|1\n|move|p2a: Sinistcha|Matcha Gotcha|p1a: Lycanroc|[spread] p1a,p1b\n|-supereffective|p1a: Lycanroc|1\n|-enditem|p1a: Lycanroc|Focus Sash\n|-damage|p1a: Lycanroc|1/100\n|-damage|p1b: Farigiraf|81/100\n|move|p1b: Farigiraf|Trick Room|p1b: Farigiraf\n|-fieldstart|move: Trick Room|[of] p1b: Farigiraf\n|\n|upkeep\n|turn|3\n|\n|t:|1788269464\n|switch|p1a: Tyranitar|Tyranitar, L50, M, shiny|100/100\n|-weather|Sandstorm|[from] ability: Sand Stream|[of] p1a: Tyranitar\n|switch|p2b: Incineroar|Incineroar, L50, M|100/100\n|-ability|p2b: Incineroar|Intimidate|boost\n|-unboost|p1a: Tyranitar|atk|1\n|-unboost|p1b: Farigiraf|atk|1\n|move|p1b: Farigiraf|Twin Beam|p2a: Sinistcha\n|-damage|p2a: Sinistcha|84/100\n|-damage|p2a: Sinistcha|70/100\n|-hitcount|p2a: Sinistcha|2\n|move|p2a: Sinistcha|Matcha Gotcha|p1a: Tyranitar|[spread] p1a,p1b\n|-supereffective|p1a: Tyranitar|1\n|-damage|p1a: Tyranitar|70/100\n|-heal|p2a: Sinistcha|88/100|[from] drain|[of] p1a: Tyranitar\n|-damage|p1b: Farigiraf|63/100\n|-heal|p2a: Sinistcha|99/100|[from] drain|[of] p1b: Farigiraf\n|-status|p1b: Farigiraf|brn\n|\n|-weather|Sandstorm|[upkeep]\n|-damage|p1b: Farigiraf|57/100 brn|[from] Sandstorm\n|-damage|p2a: Sinistcha|93/100|[from] Sandstorm\n|-damage|p2b: Incineroar|94/100|[from] Sandstorm\n|-damage|p1b: Farigiraf|50/100g brn|[from] brn\n|upkeep\n|turn|4\n|\n|t:|1788269488\n|move|p1b: Farigiraf|Protect|p1b: Farigiraf\n|-singleturn|p1b: Farigiraf|Protect\n|move|p1a: Tyranitar|Knock Off|p2a: Sinistcha\n|-supereffective|p2a: Sinistcha|1\n|-damage|p2a: Sinistcha|42/100\n|-enditem|p2a: Sinistcha|Sitrus Berry|[from] move: Knock Off|[of] p1a: Tyranitar\n|move|p2a: Sinistcha|Matcha Gotcha|p1b: Farigiraf|[spread] p1a\n|-activate|p1b: Farigiraf|move: Protect\n|-supereffective|p1a: Tyranitar|1\n|-damage|p1a: Tyranitar|42/100\n|-heal|p2a: Sinistcha|57/100|[from] drain|[of] p1a: Tyranitar\n|move|p2b: Incineroar|Throat Chop|p1b: Farigiraf\n|-activate|p1b: Farigiraf|move: Protect\n|\n|-weather|Sandstorm|[upkeep]\n|-damage|p1b: Farigiraf|44/100 brn|[from] Sandstorm\n|-damage|p2a: Sinistcha|51/100|[from] Sandstorm\n|-damage|p2b: Incineroar|88/100|[from] Sandstorm\n|-damage|p1b: Farigiraf|38/100 brn|[from] brn\n|upkeep\n|turn|5\n|\n|t:|1788269509\n|detailschange|p1a: Tyranitar|Tyranitar-Mega, L50, M, shiny\n|-mega|p1a: Tyranitar|Tyranitar|Tyranitarite\n|move|p1b: Farigiraf|Helping Hand|p1a: Tyranitar\n|-singleturn|p1a: Tyranitar|Helping Hand|[of] p1b: Farigiraf\n|move|p2a: Sinistcha|Matcha Gotcha|p1b: Farigiraf|[spread] p1a\n|-miss|p2a: Sinistcha|p1b: Farigiraf\n|-supereffective|p1a: Tyranitar|1\n|-damage|p1a: Tyranitar|18/100\n|-heal|p2a: Sinistcha|65/100|[from] drain|[of] p1a: Tyranitar\n|move|p1a: Tyranitar|Rock Slide|p2b: Incineroar|[spread] p2a,p2b\n|-supereffective|p2b: Incineroar|1\n|-damage|p2a: Sinistcha|38/100\n|-damage|p2b: Incineroar|33/100\n|move|p2b: Incineroar|Throat Chop|p1b: Farigiraf\n|-supereffective|p1b: Farigiraf|1\n|-crit|p1b: Farigiraf\n|-enditem|p1b: Farigiraf|Colbur Berry|[eat]\n|-enditem|p1b: Farigiraf|Colbur Berry|[weaken]\n|-damage|p1b: Farigiraf|0 fnt\n|faint|p1b: Farigiraf\n|\n|-weather|Sandstorm|[upkeep]\n|-damage|p2a: Sinistcha|32/100|[from] Sandstorm\n|-damage|p2b: Incineroar|27/100|[from] Sandstorm\n|upkeep\n|\n|t:|1788269516\n|switch|p1b: Lycanroc|Lycanroc, L50, F, shiny|1/100\n|turn|6\n|\n|t:|1788269531\n|move|p1a: Tyranitar|Protect|p1a: Tyranitar\n|-singleturn|p1a: Tyranitar|Protect\n|move|p1b: Lycanroc|Accelerock|p2a: Sinistcha\n|-damage|p2a: Sinistcha|13/100\n|move|p2a: Sinistcha|Matcha Gotcha|p1b: Lycanroc|[spread] \n|-activate|p1a: Tyranitar|move: Protect\n|-miss|p2a: Sinistcha|p1b: Lycanroc\n|move|p2b: Incineroar|Throat Chop|p1b: Lycanroc\n|-damage|p1b: Lycanroc|0 fnt\n|faint|p1b: Lycanroc\n|\n|-weather|Sandstorm|[upkeep]\n|-damage|p2a: Sinistcha|7/100|[from] Sandstorm\n|-damage|p2b: Incineroar|21/100|[from] Sandstorm\n|-fieldend|move: Trick Room\n|upkeep\n|turn|7\n|\n|t:|1788269536\n|move|p2a: Sinistcha|Protect|p2a: Sinistcha\n|-singleturn|p2a: Sinistcha|Protect\n|move|p2b: Incineroar|Flare Blitz|p1a: Tyranitar\n|-resisted|p1a: Tyranitar|1\n|-damage|p1a: Tyranitar|7/100\n|-damage|p2b: Incineroar|17/100|[from] Recoil\n|move|p1a: Tyranitar|Rock Slide|p2a: Sinistcha|[spread] p2b\n|-activate|p2a: Sinistcha|move: Protect\n|-supereffective|p2b: Incineroar|1\n|-damage|p2b: Incineroar|0 fnt\n|faint|p2b: Incineroar\n|\n|-weather|none\n|upkeep\n|\n|t:|1788269536\n|switch|p2b: Sneasler|Sneasler, L50, M|66/100\n|turn|8\n|\n|t:|1788269539\n|move|p2b: Sneasler|Close Combat|p1a: Tyranitar\n|-supereffective|p1a: Tyranitar|2\n|-damage|p1a: Tyranitar|0 fnt\n|-unboost|p2b: Sneasler|def|1\n|-unboost|p2b: Sneasler|spd|1\n|faint|p1a: Tyranitar\n|\n|win|humania1\n|raw|Thuyffr's rating: 1000 &rarr; <strong>1000</strong><br />(+0 for losing)\n|raw|humania1's rating: 1016 &rarr; <strong>1052</strong><br />(+36 for winning)\n","uploadtime":1788269539,"views":"3","formatid":"gen9championsvgc2026regmbbo3","rating":1000,"private":0,"password":null}