{"id":"gen9championsvgc2026regmb-2674964482","format":"[Gen 9 Champions] VGC 2026 Reg M-B","players":["BanterBrew","kaleb990"],"log":"|j|☆BanterBrew\n|j|☆kaleb990\n|t:|1788442785\n|gametype|doubles\n|player|p1|BanterBrew|veteran|1140\n|player|p2|kaleb990|101|1078\n|gen|9\n|tier|[Gen 9 Champions] VGC 2026 Reg M-B\n|rated|\n|rule|Species Clause: Limit one of each Pokémon\n|rule|Item Clause: Limit 1 of each item\n|clearpoke\n|poke|p1|Araquanid, L50, F|\n|poke|p1|Blastoise, L50, M|\n|poke|p1|Charizard, L50, F|\n|poke|p1|Sneasler, L50, F|\n|poke|p1|Sinistcha-Masterpiece, L50|\n|poke|p1|Milotic, L50, F|\n|poke|p2|Weavile, L50, F|\n|poke|p2|Garchomp, L50, M|\n|poke|p2|Klefki, L50, M|\n|poke|p2|Camerupt, L50, F|\n|poke|p2|Mimikyu, L50, M|\n|poke|p2|Empoleon, L50, F|\n|teampreview|4\n|inactive|Battle timer is ON: inactive players will automatically lose when time's up. (requested by BanterBrew)\n|inactive|kaleb990 has 60 seconds left.\n|inactive|BanterBrew has 60 seconds left.\n|\n|t:|1788442842\n|teamsize|p1|4\n|teamsize|p2|4\n|start\n|switch|p1a: Sinistcha|Sinistcha-Masterpiece, L50|100/100\n|switch|p1b: Blastoise|Blastoise, L50, M|100/100\n|switch|p2a: Weavile|Weavile, L50, F|100/100\n|switch|p2b: Mimikyu|Mimikyu, L50, M|100/100\n|turn|1\n|\n|t:|1788442858\n|detailschange|p1b: Blastoise|Blastoise-Mega, L50, M\n|-mega|p1b: Blastoise|Blastoise|Blastoisinite\n|move|p2a: Weavile|Fake Out|p1b: Blastoise\n|-damage|p1b: Blastoise|88/100\n|cant|p1b: Blastoise|flinch\n|move|p1a: Sinistcha|Strength Sap|p2a: Weavile\n|-unboost|p2a: Weavile|atk|1\n|move|p2b: Mimikyu|Trick Room|p2b: Mimikyu\n|-fieldstart|move: Trick Room|[of] p2b: Mimikyu\n|\n|upkeep\n|turn|2\n|\n|t:|1788442876\n|move|p1b: Blastoise|Protect|p1b: Blastoise\n|-singleturn|p1b: Blastoise|Protect\n|move|p1a: Sinistcha|Strength Sap|p2b: Mimikyu\n|-unboost|p2b: Mimikyu|atk|1\n|move|p2b: Mimikyu|Swords Dance|p2b: Mimikyu\n|-boost|p2b: Mimikyu|atk|2\n|move|p2a: Weavile|Ice Spinner|p1a: Sinistcha\n|-supereffective|p1a: Sinistcha|1\n|-damage|p1a: Sinistcha|61/100\n|\n|upkeep\n|turn|3\n|\n|t:|1788442890\n|move|p1a: Sinistcha|Strength Sap|p2b: Mimikyu\n|-unboost|p2b: Mimikyu|atk|1\n|-heal|p1a: Sinistcha|100/100\n|move|p1b: Blastoise|Aura Sphere|p2a: Weavile\n|-supereffective|p2a: Weavile|2\n|-enditem|p2a: Weavile|Focus Sash\n|-damage|p2a: Weavile|1/100\n|move|p2b: Mimikyu|Swords Dance|p2b: Mimikyu\n|-boost|p2b: Mimikyu|atk|2\n|move|p2a: Weavile|Ice Spinner|p1a: Sinistcha\n|-supereffective|p1a: Sinistcha|1\n|-damage|p1a: Sinistcha|61/100\n|\n|upkeep\n|turn|4\n|\n|t:|1788442910\n|switch|p2a: Klefki|Klefki, L50, M|100/100\n|move|p1a: Sinistcha|Strength Sap|p2b: Mimikyu\n|-unboost|p2b: Mimikyu|atk|1\n|-heal|p1a: Sinistcha|100/100\n|move|p1b: Blastoise|Aura Sphere|p2a: Klefki\n|-damage|p2a: Klefki|54/100\n|move|p2b: Mimikyu|Play Rough|p1b: Blastoise\n|-damage|p1b: Blastoise|27/100\n|-damage|p2b: Mimikyu|90/100|[from] item: Life Orb\n|\n|upkeep\n|turn|5\n|\n|t:|1788442934\n|switch|p2b: Camerupt|Camerupt, L50, F|100/100\n|move|p1b: Blastoise|Protect|p1b: Blastoise\n|-singleturn|p1b: Blastoise|Protect\n|move|p2a: Klefki|Light Screen|p2a: Klefki\n|-sidestart|p2: kaleb990|move: Light Screen\n|move|p1a: Sinistcha|Life Dew||[still]|[spread] p1a,p1b\n|-fail|p1a: Sinistcha|heal\n|-heal|p1b: Blastoise|53/100\n|\n|-fieldend|move: Trick Room\n|upkeep\n|turn|6\n|\n|t:|1788442956\n|switch|p1a: Araquanid|Araquanid, L50, F|100/100\n|switch|p2b: Mimikyu|Mimikyu, L50, M|90/100\n|move|p1b: Blastoise|Water Pulse|p2b: Mimikyu\n|-activate|p2b: Mimikyu|ability: Disguise\n|-damage|p2b: Mimikyu|90/100\n|detailschange|p2b: Mimikyu|Mimikyu-Busted, L50, M\n|-damage|p2b: Mimikyu|77/100|[from] pokemon: Mimikyu-Busted\n|move|p2a: Klefki|Foul Play|p1b: Blastoise\n|-crit|p1b: Blastoise\n|-damage|p1b: Blastoise|29/100\n|\n|upkeep\n|turn|7\n|\n|t:|1788442977\n|switch|p1a: Sinistcha|Sinistcha-Masterpiece, L50|100/100\n|-heal|p1b: Blastoise|54/100|[from] ability: Hospitality|[of] p1a: Sinistcha\n|move|p2b: Mimikyu|Shadow Sneak|p1b: Blastoise\n|-damage|p1b: Blastoise|37/100\n|-damage|p2b: Mimikyu|67/100|[from] item: Life Orb\n|move|p1b: Blastoise|Water Pulse|p2b: Mimikyu\n|-damage|p2b: Mimikyu|29/100\n|move|p2a: Klefki|Foul Play|p1a: Sinistcha\n|-supereffective|p1a: Sinistcha|1\n|-damage|p1a: Sinistcha|82/100\n|\n|upkeep\n|turn|8\n|inactive|kaleb990 has 30 seconds left.\n|\n|t:|1788443002\n|switch|p2a: Weavile|Weavile, L50, F|1/100\n|move|p1b: Blastoise|Protect|p1b: Blastoise\n|-singleturn|p1b: Blastoise|Protect\n|move|p1a: Sinistcha|Life Dew|p1a: Sinistcha|[spread] p1a,p1b\n|-heal|p1a: Sinistcha|100/100\n|-heal|p1b: Blastoise|62/100\n|move|p2b: Mimikyu|Trick Room|p2b: Mimikyu\n|-fieldstart|move: Trick Room|[of] p2b: Mimikyu\n|\n|upkeep\n|turn|9\n|\n|t:|1788443019\n|switch|p1b: Milotic|Milotic, L50, F|100/100\n|move|p2a: Weavile|Fake Out|p1b: Milotic\n|-damage|p1b: Milotic|83/100\n|move|p1a: Sinistcha|Strength Sap|p2b: Mimikyu\n|-unboost|p2b: Mimikyu|atk|1\n|move|p2b: Mimikyu|Swords Dance|p2b: Mimikyu\n|-boost|p2b: Mimikyu|atk|2\n|\n|-heal|p1b: Milotic|89/100|[from] item: Leftovers\n|upkeep\n|turn|10\n|\n|t:|1788443038\n|move|p1a: Sinistcha|Strength Sap|p2b: Mimikyu\n|-unboost|p2b: Mimikyu|atk|1\n|move|p1b: Milotic|Scald|p2a: Weavile\n|-damage|p2a: Weavile|0 fnt\n|faint|p2a: Weavile\n|move|p2b: Mimikyu|Play Rough|p1b: Milotic\n|-damage|p1b: Milotic|38/100\n|-damage|p2b: Mimikyu|19/100|[from] item: Life Orb\n|\n|-heal|p1b: Milotic|44/100|[from] item: Leftovers\n|upkeep\n|\n|t:|1788443053\n|switch|p2a: Camerupt|Camerupt, L50, F|100/100\n|turn|11\n|\n|t:|1788443065\n|switch|p1a: Araquanid|Araquanid, L50, F|100/100\n|detailschange|p2a: Camerupt|Camerupt-Mega, L50, F\n|-mega|p2a: Camerupt|Camerupt|Cameruptite\n|move|p2b: Mimikyu|Shadow Sneak|p1b: Milotic\n|-damage|p1b: Milotic|22/100\n|-damage|p2b: Mimikyu|9/100|[from] item: Life Orb\n|move|p2a: Camerupt|Earth Power|p1b: Milotic\n|-damage|p1b: Milotic|0 fnt\n|faint|p1b: Milotic\n|\n|upkeep\n|\n|t:|1788443076\n|switch|p1b: Sinistcha|Sinistcha-Masterpiece, L50|100/100\n|turn|12\n|\n|t:|1788443096\n|switch|p2b: Klefki|Klefki, L50, M|54/100\n|move|p2a: Camerupt|Eruption|p1b: Sinistcha|[spread] p1a,p1b\n|-supereffective|p1b: Sinistcha|1\n|-damage|p1a: Araquanid|77/100\n|-damage|p1b: Sinistcha|0 fnt\n|faint|p1b: Sinistcha\n|move|p1a: Araquanid|Liquidation|p2a: Camerupt\n|-supereffective|p2a: Camerupt|2\n|-damage|p2a: Camerupt|0 fnt\n|faint|p2a: Camerupt\n|\n|-sideend|p2: kaleb990|move: Light Screen\n|-fieldend|move: Trick Room\n|upkeep\n|\n|t:|1788443110\n|switch|p1b: Blastoise|Blastoise-Mega, L50, M|62/100\n|switch|p2a: Mimikyu|Mimikyu-Busted, L50, M|9/100\n|turn|13\n|\n|t:|1788443123\n|move|p1b: Blastoise|Protect|p1b: Blastoise\n|-singleturn|p1b: Blastoise|Protect\n|move|p2a: Mimikyu|Shadow Sneak|p1b: Blastoise\n|-activate|p1b: Blastoise|move: Protect\n|move|p2b: Klefki|Light Screen|p2b: Klefki\n|-sidestart|p2: kaleb990|move: Light Screen\n|move|p1a: Araquanid|Liquidation|p2a: Mimikyu\n|-damage|p2a: Mimikyu|0 fnt\n|faint|p2a: Mimikyu\n|\n|upkeep\n|turn|14\n|\n|t:|1788443140\n|move|p1b: Blastoise|Water Pulse|p2b: Klefki\n|-damage|p2b: Klefki|16/100\n|move|p2b: Klefki|Foul Play|p1b: Blastoise\n|-damage|p1b: Blastoise|44/100\n|move|p1a: Araquanid|Liquidation|p2b: Klefki\n|-damage|p2b: Klefki|0 fnt\n|faint|p2b: Klefki\n|\n|win|BanterBrew\n|raw|BanterBrew's rating: 1140 &rarr; <strong>1161</strong><br />(+21 for winning)\n|raw|kaleb990's rating: 1078 &rarr; <strong>1060</strong><br />(-18 for losing)\n","uploadtime":1788443151,"views":"7","formatid":"gen9championsvgc2026regmb","rating":1060,"private":0,"password":null}