{"id":"gen9championsvgc2026regmb-2674395350","format":"[Gen 9 Champions] VGC 2026 Reg M-B","players":["ihluhli","gafhbada"],"log":"|j|☆ihluhli\n|j|☆gafhbada\n|t:|1788354360\n|gametype|doubles\n|player|p1|ihluhli|sabrina|1049\n|player|p2|gafhbada|1|1113\n|gen|9\n|tier|[Gen 9 Champions] VGC 2026 Reg M-B\n|rated|\n|rule|Species Clause: Limit one of each Pokémon\n|rule|Item Clause: Limit 1 of each item\n|clearpoke\n|poke|p1|Mawile, L50, F|\n|poke|p1|Incineroar, L50, F|\n|poke|p1|Politoed, L50, F|\n|poke|p1|Sinistcha, L50|\n|poke|p1|Sneasler, L50, F|\n|poke|p1|Dragonite, L50, M|\n|poke|p2|Floette-Eternal, L50, F|\n|poke|p2|Sinistcha, L50|\n|poke|p2|Rotom-Wash, L50|\n|poke|p2|Garchomp, L50, M|\n|poke|p2|Aerodactyl, L50, M|\n|poke|p2|Charizard, L50, M|\n|teampreview|4\n|inactive|Battle timer is ON: inactive players will automatically lose when time's up. (requested by gafhbada)\n|inactive|ihluhli has 60 seconds left.\n|\n|t:|1788354395\n|teamsize|p1|4\n|teamsize|p2|4\n|start\n|switch|p1a: Sneasler|Sneasler, L50, F|100/100\n|switch|p1b: Dragonite|Dragonite, L50, M|100/100\n|switch|p2a: Floette|Floette-Eternal, L50, F|100/100\n|switch|p2b: Sinistcha|Sinistcha, L50|100/100\n|turn|1\n|\n|t:|1788354410\n|detailschange|p1b: Dragonite|Dragonite-Mega, L50, M\n|-mega|p1b: Dragonite|Dragonite|Dragoninite\n|move|p2a: Floette|Protect|p2a: Floette\n|-singleturn|p2a: Floette|Protect\n|move|p2b: Sinistcha|Protect|p2b: Sinistcha\n|-singleturn|p2b: Sinistcha|Protect\n|move|p1a: Sneasler|Poison Jab|p2b: Sinistcha\n|-activate|p2b: Sinistcha|move: Protect\n|move|p1b: Dragonite|Hurricane|p2b: Sinistcha\n|-activate|p2b: Sinistcha|move: Protect\n|\n|upkeep\n|turn|2\n|\n|t:|1788354423\n|detailschange|p2a: Floette|Floette-Mega, L50, F\n|-mega|p2a: Floette|Floette|Floettite\n|-ability|p2a: Floette|Fairy Aura\n|move|p1b: Dragonite|Protect|p1b: Dragonite\n|-singleturn|p1b: Dragonite|Protect\n|move|p2b: Sinistcha|Rage Powder|p2b: Sinistcha\n|-singleturn|p2b: Sinistcha|move: Rage Powder\n|move|p1a: Sneasler|Poison Jab|p2b: Sinistcha\n|-damage|p2b: Sinistcha|65/100\n|-status|p2b: Sinistcha|psn|[from] ability: Poison Touch|[of] p1a: Sneasler\n|move|p2a: Floette|Dazzling Gleam|p1a: Sneasler|[spread] p1a\n|-activate|p1b: Dragonite|move: Protect\n|-damage|p1a: Sneasler|30/100\n|\n|-damage|p2b: Sinistcha|53/100 psn|[from] psn\n|upkeep\n|turn|3\n|\n|t:|1788354436\n|switch|p1a: Politoed|Politoed, L50, F|100/100\n|-weather|RainDance|[from] ability: Drizzle|[of] p1a: Politoed\n|move|p2b: Sinistcha|Rage Powder|p2b: Sinistcha\n|-singleturn|p2b: Sinistcha|move: Rage Powder\n|move|p2a: Floette|Dazzling Gleam|p1a: Politoed|[spread] p1a,p1b\n|-supereffective|p1b: Dragonite|1\n|-damage|p1a: Politoed|55/100\n|-damage|p1b: Dragonite|63/100\n|move|p1b: Dragonite|Hurricane|p2b: Sinistcha\n|-supereffective|p2b: Sinistcha|1\n|-enditem|p2b: Sinistcha|Coba Berry|[eat]\n|-enditem|p2b: Sinistcha|Coba Berry|[weaken]\n|-damage|p2b: Sinistcha|0 fnt\n|faint|p2b: Sinistcha\n|\n|-weather|RainDance|[upkeep]\n|upkeep\n|\n|t:|1788354452\n|switch|p2b: Garchomp|Garchomp, L50, M|100/100\n|turn|4\n|\n|t:|1788354468\n|switch|p1b: Sinistcha|Sinistcha, L50|100/100\n|-heal|p1a: Politoed|80/100|[from] ability: Hospitality|[of] p1b: Sinistcha\n|move|p2a: Floette|Dazzling Gleam|p1b: Sinistcha|[spread] p1a,p1b\n|-damage|p1a: Politoed|39/100\n|-damage|p1b: Sinistcha|51/100\n|move|p2b: Garchomp|Dragon Claw|p1a: Politoed\n|-damage|p1a: Politoed|0 fnt\n|faint|p1a: Politoed\n|-damage|p2b: Garchomp|90/100|[from] item: Life Orb\n|\n|-weather|RainDance|[upkeep]\n|upkeep\n|\n|t:|1788354478\n|switch|p1a: Sneasler|Sneasler, L50, F|30/100\n|turn|5\n|\n|t:|1788354499\n|move|p1a: Sneasler|Protect|p1a: Sneasler\n|-singleturn|p1a: Sneasler|Protect\n|move|p1b: Sinistcha|Protect|p1b: Sinistcha\n|-singleturn|p1b: Sinistcha|Protect\n|move|p2a: Floette|Moonblast|p1b: Sinistcha\n|-activate|p1b: Sinistcha|move: Protect\n|move|p2b: Garchomp|Dragon Claw|p1b: Sinistcha\n|-activate|p1b: Sinistcha|move: Protect\n|\n|-weather|RainDance|[upkeep]\n|upkeep\n|turn|6\n|\n|t:|1788354519\n|switch|p2a: Rotom|Rotom-Wash, L50|100/100\n|move|p1a: Sneasler|Poison Jab|p2a: Rotom\n|-damage|p2a: Rotom|61/100\n|move|p2b: Garchomp|Dragon Claw|p1b: Sinistcha\n|-damage|p1b: Sinistcha|8/100\n|-damage|p2b: Garchomp|80/100|[from] item: Life Orb\n|move|p1b: Sinistcha|Trick Room|p1b: Sinistcha\n|-fieldstart|move: Trick Room|[of] p1b: Sinistcha\n|\n|-weather|RainDance|[upkeep]\n|upkeep\n|turn|7\n|\n|t:|1788354530\n|switch|p1a: Dragonite|Dragonite-Mega, L50, M|63/100\n|move|p1b: Sinistcha|Matcha Gotcha|p2a: Rotom|[spread] p2a,p2b\n|-supereffective|p2a: Rotom|1\n|-damage|p2a: Rotom|14/100\n|-heal|p1b: Sinistcha|29/100|[from] drain|[of] p2a: Rotom\n|-damage|p2b: Garchomp|54/100\n|-heal|p1b: Sinistcha|43/100|[from] drain|[of] p2b: Garchomp\n|-enditem|p2a: Rotom|Sitrus Berry|[eat]\n|-heal|p2a: Rotom|38/100|[from] item: Sitrus Berry\n|move|p2a: Rotom|Light Screen|p2a: Rotom\n|-sidestart|p2: gafhbada|move: Light Screen\n|move|p2b: Garchomp|Earthquake|p1b: Sinistcha|[spread] p1b\n|-immune|p2a: Rotom|[from] ability: Levitate\n|-immune|p1a: Dragonite\n|-resisted|p1b: Sinistcha|1\n|-damage|p1b: Sinistcha|23/100\n|-damage|p2b: Garchomp|44/100|[from] item: Life Orb\n|\n|-weather|none\n|upkeep\n|turn|8\n|\n|t:|1788354550\n|move|p2b: Garchomp|Protect|p2b: Garchomp\n|-singleturn|p2b: Garchomp|Protect\n|move|p1b: Sinistcha|Matcha Gotcha|p2b: Garchomp|[spread] p2a\n|-activate|p2b: Garchomp|move: Protect\n|-supereffective|p2a: Rotom|1\n|-damage|p2a: Rotom|7/100\n|-heal|p1b: Sinistcha|37/100|[from] drain|[of] p2a: Rotom\n|-status|p2a: Rotom|brn\n|move|p2a: Rotom|Thunderbolt|p1b: Sinistcha\n|-resisted|p1b: Sinistcha|1\n|-damage|p1b: Sinistcha|19/100\n|move|p1a: Dragonite|Draco Meteor|p2b: Garchomp\n|-activate|p2b: Garchomp|move: Protect\n|\n|-damage|p2a: Rotom|1/100 brn|[from] brn\n|upkeep\n|turn|9\n|\n|t:|1788354561\n|switch|p2b: Floette|Floette-Mega, L50, F|100/100\n|-ability|p2b: Floette|Fairy Aura\n|move|p1b: Sinistcha|Matcha Gotcha|p2a: Rotom|[spread] p2b\n|-miss|p1b: Sinistcha|p2a: Rotom\n|-damage|p2b: Floette|84/100\n|-heal|p1b: Sinistcha|26/100|[from] drain|[of] p2b: Floette\n|move|p2a: Rotom|Thunderbolt|p1a: Dragonite\n|-damage|p1a: Dragonite|38/100\n|move|p1a: Dragonite|Draco Meteor|p2b: Floette\n|-immune|p2b: Floette\n|\n|-damage|p2a: Rotom|0 fnt|[from] brn\n|faint|p2a: Rotom\n|upkeep\n|\n|t:|1788354564\n|switch|p2a: Garchomp|Garchomp, L50, M|44/100\n|turn|10\n|\n|t:|1788354582\n|move|p2a: Garchomp|Protect|p2a: Garchomp\n|-singleturn|p2a: Garchomp|Protect\n|move|p1b: Sinistcha|Matcha Gotcha|p2b: Floette|[spread] p2b\n|-activate|p2a: Garchomp|move: Protect\n|-damage|p2b: Floette|70/100\n|-heal|p1b: Sinistcha|32/100|[from] drain|[of] p2b: Floette\n|-status|p2b: Floette|brn\n|move|p1a: Dragonite|Tailwind|p1a: Dragonite\n|-sidestart|p1: ihluhli|move: Tailwind\n|move|p2b: Floette|Dazzling Gleam|p1b: Sinistcha|[spread] p1a,p1b\n|-supereffective|p1a: Dragonite|1\n|-damage|p1a: Dragonite|0 fnt\n|-damage|p1b: Sinistcha|0 fnt\n|faint|p1a: Dragonite\n|faint|p1b: Sinistcha\n|\n|-damage|p2b: Floette|64/100 brn|[from] brn\n|-fieldend|move: Trick Room\n|upkeep\n|-message|ihluhli forfeited.\n|\n|win|gafhbada\n|raw|ihluhli's rating: 1049 &rarr; <strong>1035</strong><br />(-14 for losing)\n|raw|gafhbada's rating: 1113 &rarr; <strong>1133</strong><br />(+20 for winning)\n|l|☆ihluhli\n|player|p1|\n","uploadtime":1788354589,"views":"7","formatid":"gen9championsvgc2026regmb","rating":1035,"private":0,"password":null}