{"id":"gen9championsvgc2026regmb-2674573840","format":"[Gen 9 Champions] VGC 2026 Reg M-B","players":["matheusmes","RinaldoTemp"],"log":"|j|☆matheusmes\n|j|‽RinaldoTemp\n|t:|1788375576\n|gametype|doubles\n|player|p1|matheusmes|2|\n|player|p2|RinaldoTemp|pilot|\n|gen|9\n|tier|[Gen 9 Champions] VGC 2026 Reg M-B\n|rule|Species Clause: Limit one of each Pokémon\n|rule|Item Clause: Limit 1 of each item\n|clearpoke\n|poke|p1|Weavile, L50, F|\n|poke|p1|Tsareena, L50, F|\n|poke|p1|Clawitzer, L50, F|\n|poke|p1|Trevenant, L50, M|\n|poke|p1|Dragalge, L50, M|\n|poke|p1|Emboar, L50, F|\n|poke|p2|Blastoise, L50, M|\n|poke|p2|Gengar, L50, M|\n|poke|p2|Blaziken, L50, M|\n|poke|p2|Ampharos, L50, M|\n|poke|p2|Meganium, L50, F|\n|poke|p2|Rampardos, L50, M, shiny|\n|teampreview|4\nmatheusmes rejected open team sheets.\n|\n|t:|1788375648\n|teamsize|p1|4\n|teamsize|p2|4\n|start\n|switch|p1a: HP Lovecat|Weavile, L50, F|100/100\n|switch|p1b: Camarão Prensado|Dragalge, L50, M|100/100\n|switch|p2a: Gengar|Gengar, L50, M|100/100\n|switch|p2b: Blaziken|Blaziken, L50, M|100/100\n|turn|1\n|\n|t:|1788375710\n|move|p2a: Gengar|Protect|p2a: Gengar\n|-singleturn|p2a: Gengar|Protect\n|move|p2b: Blaziken|Detect|p2b: Blaziken\n|-singleturn|p2b: Blaziken|Protect\n|move|p1a: HP Lovecat|Feint|p2b: Blaziken\n|-activate|p2b: Blaziken|move: Feint\n|-damage|p2b: Blaziken|86/100\n|move|p1b: Camarão Prensado|Sludge Bomb|p2b: Blaziken\n|-damage|p2b: Blaziken|1/100\n|-enditem|p2b: Blaziken|Sitrus Berry|[eat]\n|-heal|p2b: Blaziken|26/100|[from] item: Sitrus Berry\n|-damage|p1b: Camarão Prensado|90/100|[from] item: Life Orb\n|\n|-ability|p2b: Blaziken|Speed Boost|boost\n|-boost|p2b: Blaziken|spe|1\n|upkeep\n|turn|2\n|\n|t:|1788375779\n|move|p1a: HP Lovecat|Triple Axel|p2b: Blaziken\n|-resisted|p2b: Blaziken|1\n|-crit|p2b: Blaziken\n|-damage|p2b: Blaziken|16/100\n|-resisted|p2b: Blaziken|1\n|-damage|p2b: Blaziken|5/100\n|-resisted|p2b: Blaziken|1\n|-damage|p2b: Blaziken|0 fnt\n|faint|p2b: Blaziken\n|-hitcount|p2: Blaziken|3\n|move|p2a: Gengar|Sludge Bomb|p1a: HP Lovecat\n|-damage|p1a: HP Lovecat|46/100\n|-status|p1a: HP Lovecat|psn\n|move|p1b: Camarão Prensado|Draco Meteor|p2a: Gengar\n|-enditem|p2a: Gengar|Focus Sash\n|-damage|p2a: Gengar|1/100\n|-unboost|p1b: Camarão Prensado|spa|2\n|-damage|p1b: Camarão Prensado|80/100|[from] item: Life Orb\n|\n|-damage|p1a: HP Lovecat|34/100 psn|[from] psn\n|upkeep\n|\n|t:|1788375789\n|switch|p2b: Ampharos|Ampharos, L50, M|100/100\n|turn|3\n|\n|t:|1788375872\n|move|p2a: Gengar|Protect|p2a: Gengar\n|-singleturn|p2a: Gengar|Protect\n|move|p1a: HP Lovecat|Triple Axel|p2a: Gengar\n|-activate|p2a: Gengar|move: Protect\n|move|p2b: Ampharos|Reflect|p2b: Ampharos\n|-sidestart|p2: RinaldoTemp|Reflect\n|move|p1b: Camarão Prensado|Flip Turn|p2b: Ampharos\n|-damage|p2b: Ampharos|92/100\n|-damage|p1b: Camarão Prensado|70/100|[from] item: Life Orb\n|\n|t:|1788375894\n|switch|p1b: Beico|Emboar, L50, F|100/100|[from] Flip Turn\n|\n|-damage|p1a: HP Lovecat|22/100 psn|[from] psn\n|upkeep\n|turn|4\n|\n|t:|1788375936\n|move|p2a: Gengar|Protect||[still]\n|-fail|p2a: Gengar\n|move|p1a: HP Lovecat|Triple Axel|p2a: Gengar\n|-damage|p2a: Gengar|0 fnt\n|faint|p2a: Gengar\n|-hitcount|p2: Gengar|1\n|move|p1b: Beico|Flare Blitz|p2b: Ampharos\n|-damage|p2b: Ampharos|53/100\n|-damage|p1b: Beico|86/100|[from] Recoil\n|move|p2b: Ampharos|Breaking Swipe|p1a: HP Lovecat|[spread] p1a,p1b\n|-damage|p1a: HP Lovecat|10/100 psn\n|-damage|p1b: Beico|77/100\n|-unboost|p1a: HP Lovecat|atk|1\n|-unboost|p1b: Beico|atk|1\n|\n|-damage|p1a: HP Lovecat|0 fnt|[from] psn\n|faint|p1a: HP Lovecat\n|upkeep\n|\n|t:|1788375967\n|switch|p1a: Camarão Prensado|Dragalge, L50, M|70/100\n|switch|p2a: Rampardos|Rampardos, L50, M, shiny|100/100\n|turn|5\n|\n|t:|1788376009\n|move|p2a: Rampardos|Protect|p2a: Rampardos\n|-singleturn|p2a: Rampardos|Protect\n|move|p1b: Beico|Flare Blitz|p2a: Rampardos\n|-activate|p2a: Rampardos|move: Protect\n|move|p2b: Ampharos|Eerie Impulse|p1a: Camarão Prensado\n|-unboost|p1a: Camarão Prensado|spa|2\n|move|p1a: Camarão Prensado|Draco Meteor|p2b: Ampharos\n|-damage|p2b: Ampharos|11/100\n|-unboost|p1a: Camarão Prensado|spa|2\n|-damage|p1a: Camarão Prensado|60/100|[from] item: Life Orb\n|\n|upkeep\n|turn|6\n|j| Vhplays\n|\n|t:|1788376136\n|move|p1b: Beico|Flare Blitz|p2b: Ampharos\n|-damage|p2b: Ampharos|0 fnt\n|-status|p1b: Beico|par|[from] ability: Static|[of] p2b: Ampharos\n|faint|p2b: Ampharos\n|-damage|p1b: Beico|73/100 par|[from] Recoil\n|move|p2a: Rampardos|Zen Headbutt|p1b: Beico\n|-supereffective|p1b: Beico|1\n|-damage|p1b: Beico|0 fnt\n|faint|p1b: Beico\n|move|p1a: Camarão Prensado|Draco Meteor|p2a: Rampardos\n|-damage|p2a: Rampardos|51/100\n|-unboost|p1a: Camarão Prensado|spa|2\n|-damage|p1a: Camarão Prensado|50/100g|[from] item: Life Orb\n|\n|upkeep\n|\n|t:|1788376160\n|switch|p1b: Rita Cadillac|Tsareena, L50, F|100/100\n|turn|7\n|\n|t:|1788376174\n|move|p2a: Rampardos|Protect|p2a: Rampardos\n|-singleturn|p2a: Rampardos|Protect\n|move|p1b: Rita Cadillac|Trop Kick|p2a: Rampardos\n|-activate|p2a: Rampardos|move: Protect\n|move|p1a: Camarão Prensado|Draco Meteor|p2a: Rampardos\n|-activate|p2a: Rampardos|move: Protect\n|\n|upkeep\n|turn|8\n|\n|t:|1788376191\n|move|p1b: Rita Cadillac|Trop Kick|p2a: Rampardos\n|-supereffective|p2a: Rampardos|1\n|-damage|p2a: Rampardos|0 fnt\n|faint|p2a: Rampardos\n|\n|win|matheusmes\n|l| Vhplays\n","uploadtime":1788376201,"views":"14","formatid":"gen9championsvgc2026regmb","rating":null,"private":0,"password":null}