{"id":"gen9championsvgc2026regmbbo3-2673605294","format":"[Gen 9 Champions] VGC 2026 Reg M-B (Bo3)","players":["VTGTries","FG83"],"log":"|j|☆VTGTries\n|j|‽FG83\n|html|<table width=\"100%\"><tr><td align=\"left\">VTGTries</td><td align=\"right\">FG83</tr><tr><td align=\"left\"><i class=\"fa fa-circle-o\"></i> <i class=\"fa fa-circle-o\"></i> </td><td align=\"right\"><i class=\"fa fa-circle-o\"></i> <i class=\"fa fa-circle-o\"></i> </tr></table>\n|uhtml|bestof|<h2><strong>Game 1</strong> of <a href=\"/game-bestof3-gen9championsvgc2026regmbbo3-2673605293\">a best-of-3</a></h2>\n|t:|1788220109\n|gametype|doubles\n|player|p1|VTGTries|266|1094\n|player|p2|FG83|doubleteam|1026\n|gen|9\n|tier|[Gen 9 Champions] VGC 2026 Reg M-B (Bo3)\n|rated|\n|rule|Species Clause: Limit one of each Pokémon\n|rule|Item Clause: Limit 1 of each item\n|clearpoke\n|poke|p1|Staraptor, L50, M|\n|poke|p1|Sinistcha, L50|\n|poke|p1|Whimsicott, L50, F|\n|poke|p1|Basculegion, L50, M|\n|poke|p1|Kingambit, L50, F|\n|poke|p1|Dragonite, L50, F|\n|poke|p2|Froslass, L50, F, shiny|\n|poke|p2|Chesnaught, L50, M, shiny|\n|poke|p2|Polteageist, L50|\n|poke|p2|Talonflame, L50, M|\n|poke|p2|Vanilluxe, L50, M|\n|poke|p2|Sinistcha, L50|\n|teampreview|4\n|showteam|p1|Staraptor||Staraptite|Intimidate|CloseCombat,BraveBird,QuickAttack,Tailwind|Adamant||M|||50|]Sinistcha||LifeOrb|Hospitality|MatchaGotcha,ShadowBall,RagePowder,TrickRoom|Mild|||||50|]Whimsicott||FocusSash|Prankster|Moonblast,Tailwind,Encore,Protect|Timid||F|||50|]Basculegion||ChoiceScarf|Adaptability|WaveCrash,LastRespects,FlipTurn,AquaJet|Jolly||M|||50|]Kingambit||BlackGlasses|Defiant|KowtowCleave,SuckerPunch,IronHead,Protect|Adamant||F|||50|]Dragonite||Dragoninite|Multiscale|DragonPulse,HeatWave,ExtremeSpeed,Roost|Modest||F|||50|\n|showteam|p2|Froslass||Froslassite|CursedBody|Blizzard,Protect,ShadowBall,NastyPlot|Modest||F|||50|]Chesnaught||Chesnaughtite|Bulletproof|BodyPress,WoodHammer,RockSlide,BellyDrum|Brave||M|||50|]Polteageist||FocusSash|CursedBody|TrickRoom,BatonPass,ShellSmash,ShadowBall|Quiet|||||50|]Talonflame||LifeOrb|GaleWings|Tailwind,FlareBlitz,BraveBird,Protect|Adamant||M|||50|]Vanilluxe||MentalHerb|SnowWarning|AuroraVeil,FreezeDry,Blizzard,Protect|Modest||M|||50|]Sinistcha||SitrusBerry|Hospitality|Substitute,MatchaGotcha,RagePowder,Protect|Modest|||||50|\n|\n|t:|1788220191\n|teamsize|p1|4\n|teamsize|p2|4\n|start\n|switch|p1a: Basculegion|Basculegion, L50, M|100/100\n|switch|p1b: Dragonite|Dragonite, L50, F|100/100\n|switch|p2a: Polteageist|Polteageist, L50|100/100\n|switch|p2b: Talonflame|Talonflame, L50, M|100/100\n|turn|1\n|\n|t:|1788220231\n|detailschange|p1b: Dragonite|Dragonite-Mega, L50, F\n|-mega|p1b: Dragonite|Dragonite|Dragoninite\n|move|p1a: Basculegion|Aqua Jet|p2b: Talonflame\n|-supereffective|p2b: Talonflame|1\n|-damage|p2b: Talonflame|30/100\n|move|p2b: Talonflame|Tailwind|p2b: Talonflame\n|-sidestart|p2: FG83|move: Tailwind\n|move|p2a: Polteageist|Shell Smash|p2a: Polteageist\n|-unboost|p2a: Polteageist|def|1\n|-unboost|p2a: Polteageist|spd|1\n|-boost|p2a: Polteageist|atk|2\n|-boost|p2a: Polteageist|spa|2\n|-boost|p2a: Polteageist|spe|2\n|move|p1b: Dragonite|Dragon Pulse|p2a: Polteageist\n|-damage|p2a: Polteageist|22/100\n|-start|p1b: Dragonite|Disable|Dragon Pulse|[from] ability: Cursed Body|[of] p2a: Polteageist\n|\n|upkeep\n|turn|2\n|\n|t:|1788220250\n|switch|p2b: Froslass|Froslass, L50, F, shiny|100/100\n|move|p1b: Dragonite|Extreme Speed|p2b: Froslass\n|-immune|p2b: Froslass\n|move|p1a: Basculegion|Aqua Jet|p2a: Polteageist\n|-damage|p2a: Polteageist|0 fnt\n|faint|p2a: Polteageist\n|\n|upkeep\n|\n|t:|1788220260\n|switch|p2a: Vanilluxe|Vanilluxe, L50, M|100/100\n|-weather|Snowscape|[from] ability: Snow Warning|[of] p2a: Vanilluxe\n|turn|3\n|\n|t:|1788220281\n|switch|p1a: Whimsicott|Whimsicott, L50, F|100/100\n|detailschange|p2b: Froslass|Froslass-Mega, L50, F, shiny\n|-mega|p2b: Froslass|Froslass|Froslassite\n|move|p2b: Froslass|Protect|p2b: Froslass\n|-singleturn|p2b: Froslass|Protect\n|move|p2a: Vanilluxe|Aurora Veil|p2a: Vanilluxe\n|-sidestart|p2: FG83|move: Aurora Veil\n|move|p1b: Dragonite|Heat Wave|p2b: Froslass|[spread] p2a\n|-activate|p2b: Froslass|move: Protect\n|-supereffective|p2a: Vanilluxe|1\n|-damage|p2a: Vanilluxe|63/100\n|\n|-weather|Snowscape|[upkeep]\n|upkeep\n|turn|4\n|\n|t:|1788220298\n|move|p1a: Whimsicott|Encore|p2b: Froslass\n|-start|p2b: Froslass|Encore\n|move|p2b: Froslass|Protect||[still]\n|-fail|p2b: Froslass\n|move|p2a: Vanilluxe|Blizzard|p1b: Dragonite|[spread] p1a,p1b\n|-supereffective|p1a: Whimsicott|1\n|-supereffective|p1b: Dragonite|2\n|-damage|p1a: Whimsicott|10/100\n|-damage|p1b: Dragonite|47/100\n|move|p1b: Dragonite|Heat Wave|p2b: Froslass|[spread] p2a,p2b\n|-supereffective|p2a: Vanilluxe|1\n|-supereffective|p2b: Froslass|1\n|-damage|p2a: Vanilluxe|32/100\n|-damage|p2b: Froslass|59/100\n|\n|-weather|Snowscape|[upkeep]\n|-end|p1b: Dragonite|Disable\n|-sideend|p2: FG83|move: Tailwind\n|upkeep\n|turn|5\n|\n|t:|1788220314\n|switch|p2b: Talonflame|Talonflame, L50, M|30/100\n|move|p1a: Whimsicott|Tailwind|p1a: Whimsicott\n|-sidestart|p1: VTGTries|move: Tailwind\n|move|p1b: Dragonite|Heat Wave|p2a: Vanilluxe|[spread] p2a,p2b\n|-supereffective|p2a: Vanilluxe|1\n|-resisted|p2b: Talonflame|1\n|-damage|p2a: Vanilluxe|0 fnt\n|-damage|p2b: Talonflame|18/100\n|faint|p2a: Vanilluxe\n|\n|-weather|Snowscape|[upkeep]\n|upkeep\n|\n|t:|1788220324\n|switch|p2a: Froslass|Froslass-Mega, L50, F, shiny|59/100\n|turn|6\n|\n|t:|1788220348\n|move|p1a: Whimsicott|Moonblast|p2a: Froslass\n|-damage|p2a: Froslass|39/100\n|move|p1b: Dragonite|Heat Wave|p2a: Froslass|[spread] p2a,p2b\n|-supereffective|p2a: Froslass|1\n|-resisted|p2b: Talonflame|1\n|-damage|p2a: Froslass|0 fnt\n|-damage|p2b: Talonflame|4/100\n|faint|p2a: Froslass\n|move|p2b: Talonflame|Brave Bird|p1b: Dragonite\n|-damage|p1b: Dragonite|0 fnt\n|faint|p1b: Dragonite\n|-damage|p2b: Talonflame|0 fnt|[from] Recoil\n|faint|p2b: Talonflame\n|\n|win|VTGTries\n|l|‽FG83\n|player|p2|\n||VTGTries is ready for game 2.\n|inactive|FG83 has 30 seconds to confirm battle start!\n|raw|VTGTries's rating: 1094 &rarr; <strong>1115</strong><br />(+21 for winning)\n|raw|FG83's rating: 1026 &rarr; <strong>1015</strong><br />(-11 for losing)\n","uploadtime":1788220363,"views":"4","formatid":"gen9championsvgc2026regmbbo3","rating":1015,"private":0,"password":null}