{"id":"gen9championsvgc2026regmb-2674912531","format":"[Gen 9 Champions] VGC 2026 Reg M-B","players":["looger02","VictoriousDancing"],"log":"|j|☆looger02\n|j|☆VictoriousDancing\n|t:|1788434707\n|gametype|doubles\n|player|p1|looger02|gardenia|1326\n|player|p2|VictoriousDancing|cynthia|1430\n|gen|9\n|tier|[Gen 9 Champions] VGC 2026 Reg M-B\n|rated|\n|rule|Species Clause: Limit one of each Pokémon\n|rule|Item Clause: Limit 1 of each item\n|clearpoke\n|poke|p1|Gyarados, L50, F, shiny|\n|poke|p1|Sinistcha, L50|\n|poke|p1|Weavile, L50, F|\n|poke|p1|Toxapex, L50, M, shiny|\n|poke|p1|Metagross, L50, shiny|\n|poke|p1|Kommo-o, L50, F, shiny|\n|poke|p2|Charizard, L50, M, shiny|\n|poke|p2|Basculegion, L50, M, shiny|\n|poke|p2|Whimsicott, L50, M, shiny|\n|poke|p2|Garchomp, L50, F, shiny|\n|poke|p2|Kingambit, L50, M, shiny|\n|poke|p2|Floette-Eternal, L50, F|\n|teampreview|4\n|inactive|Battle timer is ON: inactive players will automatically lose when time's up. (requested by VictoriousDancing)\n|inactive|looger02 also wants the timer to be on.\nVictoriousDancing rejected open team sheets.\n|\n|t:|1788434734\n|teamsize|p1|4\n|teamsize|p2|4\n|start\n|switch|p1a: Weavile|Weavile, L50, F|100/100\n|switch|p1b: Toxapex|Toxapex, L50, M, shiny|100/100\n|switch|p2a: Whimsicott|Whimsicott, L50, M, shiny|100/100\n|switch|p2b: Garchomp|Garchomp, L50, F, shiny|100/100\n|turn|1\n|\n|t:|1788434757\n|move|p2a: Whimsicott|Protect|p2a: Whimsicott\n|-singleturn|p2a: Whimsicott|Protect\n|move|p1a: Weavile|Protect|p1a: Weavile\n|-singleturn|p1a: Weavile|Protect\n|move|p2b: Garchomp|Rock Slide|p1b: Toxapex|[spread] p1b\n|-activate|p1a: Weavile|move: Protect\n|-damage|p1b: Toxapex|87/100\n|move|p1b: Toxapex|Toxic|p2a: Whimsicott\n|-activate|p2a: Whimsicott|move: Protect\n|\n|-heal|p1b: Toxapex|92/100|[from] item: Leftovers\n|upkeep\n|turn|2\n|inactive|looger02 has 30 seconds left.\n|inactive|looger02 has 20 seconds left.\n|\n|t:|1788434797\n|move|p2a: Whimsicott|Tailwind|p2a: Whimsicott\n|-sidestart|p2: VictoriousDancing|move: Tailwind\n|move|p2b: Garchomp|Rock Slide|p1a: Weavile|[spread] p1a,p1b\n|-supereffective|p1a: Weavile|1\n|-damage|p1a: Weavile|30/100\n|-damage|p1b: Toxapex|80/100\n|move|p1a: Weavile|Triple Axel|p2b: Garchomp\n|-supereffective|p2b: Garchomp|2\n|-damage|p2b: Garchomp|58/100\n|-damage|p1a: Weavile|18/100|[from] ability: Rough Skin|[of] p2b: Garchomp\n|-hitcount|p2b: Garchomp|1\n|move|p1b: Toxapex|Toxic|p2a: Whimsicott\n|-status|p2a: Whimsicott|tox\n|\n|-heal|p1b: Toxapex|85/100|[from] item: Leftovers\n|-damage|p2a: Whimsicott|94/100 tox|[from] psn\n|upkeep\n|turn|3\n|inactive|looger02 has 30 seconds left.\n|inactive|looger02 has 20 seconds left.\n|\n|t:|1788434833\n|move|p1b: Toxapex|Wide Guard|p1b: Toxapex\n|-singleturn|p1b: Toxapex|Wide Guard\n|move|p2a: Whimsicott|Encore|p1b: Toxapex\n|-start|p1b: Toxapex|Encore\n|move|p2b: Garchomp|Rock Slide|p1b: Toxapex|[spread] \n|-activate|p1a: Weavile|move: Wide Guard\n|-activate|p1b: Toxapex|move: Wide Guard\n|move|p1a: Weavile|Triple Axel|p2b: Garchomp\n|-supereffective|p2b: Garchomp|2\n|-damage|p2b: Garchomp|10/100\n|-damage|p1a: Weavile|6/100|[from] ability: Rough Skin|[of] p2b: Garchomp\n|-supereffective|p2b: Garchomp|2\n|-damage|p2b: Garchomp|0 fnt\n|-damage|p1a: Weavile|0 fnt|[from] ability: Rough Skin|[of] p2b: Garchomp\n|faint|p2b: Garchomp\n|faint|p1a: Weavile\n|-hitcount|p2: Garchomp|2\n|\n|-heal|p1b: Toxapex|91/100|[from] item: Leftovers\n|-damage|p2a: Whimsicott|82/100 tox|[from] psn\n|upkeep\n|\n|t:|1788434855\n|switch|p1a: Metagross|Metagross, L50, shiny|100/100\n|switch|p2b: Charizard|Charizard, L50, M, shiny|100/100\n|turn|4\n|inactive|looger02 has 30 seconds left.\n|\n|t:|1788434889\n|switch|p1a: Kommo-o|Kommo-o, L50, F, shiny|100/100\n|detailschange|p2b: Charizard|Charizard-Mega-Y, L50, M, shiny\n|-mega|p2b: Charizard|Charizard|Charizardite Y\n|-weather|SunnyDay|[from] ability: Drought|[of] p2b: Charizard\n|move|p1b: Toxapex|Wide Guard|p1b: Toxapex\n|-singleturn|p1b: Toxapex|Wide Guard\n|move|p2a: Whimsicott|Moonblast|p1b: Toxapex\n|-resisted|p1b: Toxapex|1\n|-damage|p1b: Toxapex|78/100\n|move|p2b: Charizard|Heat Wave|p1b: Toxapex|[spread] \n|-activate|p1a: Kommo-o|move: Wide Guard\n|-activate|p1b: Toxapex|move: Wide Guard\n|\n|-weather|SunnyDay|[upkeep]\n|-heal|p1b: Toxapex|84/100|[from] item: Leftovers\n|-damage|p2a: Whimsicott|64/100 tox|[from] psn\n|upkeep\n|turn|5\n|l|☆VictoriousDancing\n|inactive|VictoriousDancing disconnected and has a minute to reconnect!\n|player|p2|\n|j|☆VictoriousDancing\n|inactive|VictoriousDancing reconnected and has 40 seconds left.\n|player|p2|VictoriousDancing|cynthia|\n|inactive|looger02 has 30 seconds left.\n|\n|t:|1788434914\n|-heal|p1b: Toxapex|100/100|[from] ability: Regenerator|[silent]\n|switch|p1b: Metagross|Metagross, L50, shiny|100/100\n|move|p1a: Kommo-o|Protect|p1a: Kommo-o\n|-singleturn|p1a: Kommo-o|Protect\n|move|p2a: Whimsicott|Moonblast|p1a: Kommo-o\n|-activate|p1a: Kommo-o|move: Protect\n|move|p2b: Charizard|Weather Ball|p1a: Kommo-o\n|-activate|p1a: Kommo-o|move: Protect\n|\n|-weather|SunnyDay|[upkeep]\n|-damage|p2a: Whimsicott|40/100 tox|[from] psn\n|-sideend|p2: VictoriousDancing|move: Tailwind\n|upkeep\n|turn|6\n|\n|t:|1788434935\n|detailschange|p1b: Metagross|Metagross-Mega, L50, shiny\n|-mega|p1b: Metagross|Metagross|Metagrossite\n|move|p1b: Metagross|Bullet Punch|p2a: Whimsicott\n|-supereffective|p2a: Whimsicott|1\n|-damage|p2a: Whimsicott|0 fnt\n|faint|p2a: Whimsicott\n|move|p2b: Charizard|Weather Ball|p1b: Metagross\n|-supereffective|p1b: Metagross|1\n|-damage|p1b: Metagross|0 fnt\n|faint|p1b: Metagross\n|move|p1a: Kommo-o|Clanging Scales|p2b: Charizard\n|-damage|p2b: Charizard|55/100\n|-unboost|p1a: Kommo-o|def|1\n|\n|-weather|SunnyDay|[upkeep]\n|upkeep\n|\n|t:|1788434947\n|switch|p2a: Basculegion|Basculegion, L50, M, shiny|100/100\n|switch|p1b: Toxapex|Toxapex, L50, M, shiny|100/100\n|turn|7\n|\n|t:|1788434966\n|move|p1a: Kommo-o|Protect|p1a: Kommo-o\n|-singleturn|p1a: Kommo-o|Protect\n|move|p2a: Basculegion|Last Respects|p1b: Toxapex\n|-damage|p1b: Toxapex|35/100\n|move|p2b: Charizard|Weather Ball|p1b: Toxapex\n|-resisted|p1b: Toxapex|1\n|-damage|p1b: Toxapex|1/100\n|move|p1b: Toxapex|Toxic|p2a: Basculegion\n|-status|p2a: Basculegion|tox\n|\n|-weather|SunnyDay|[upkeep]\n|-heal|p1b: Toxapex|6/100|[from] item: Leftovers\n|-damage|p2a: Basculegion|93/100 tox|[from] psn\n|upkeep\n|turn|8\n|inactive|looger02 has 30 seconds left.\n|inactive|looger02 has 20 seconds left.\n|\n|t:|1788435003\n|move|p1a: Kommo-o|Protect||[still]\n|-fail|p1a: Kommo-o\n|move|p2a: Basculegion|Last Respects|p1a: Kommo-o\n|-damage|p1a: Kommo-o|0 fnt\n|faint|p1a: Kommo-o\n|move|p2b: Charizard|Weather Ball|p1b: Toxapex\n|-resisted|p1b: Toxapex|1\n|-damage|p1b: Toxapex|0 fnt\n|faint|p1b: Toxapex\n|\n|win|VictoriousDancing\n|raw|looger02's rating: 1326 &rarr; <strong>1311</strong><br />(-15 for losing)\n|raw|VictoriousDancing's rating: 1414 &rarr; <strong>1429</strong><br />(+15 for winning)\n|l|☆VictoriousDancing\n|player|p2|\n","uploadtime":1788435016,"views":"1","formatid":"gen9championsvgc2026regmb","rating":1311,"private":0,"password":null}