{"id":"gen9championsvgc2026regmbbo3-2673328139","format":"[Gen 9 Champions] VGC 2026 Reg M-B (Bo3)","players":["humania1","ltlauti"],"log":"|j|☆humania1\n|j|☆ltlauti\n|html|<table width=\"100%\"><tr><td align=\"left\">humania1</td><td align=\"right\">ltlauti</tr><tr><td align=\"left\"><i class=\"fa fa-circle-o\"></i> <i class=\"fa fa-circle-o\"></i> </td><td align=\"right\"><i class=\"fa fa-circle-o\"></i> <i class=\"fa fa-circle-o\"></i> </tr></table>\n|uhtml|bestof|<h2><strong>Game 1</strong> of <a href=\"/game-bestof3-gen9championsvgc2026regmbbo3-2673328138\">a best-of-3</a></h2>\n|t:|1788183980\n|gametype|doubles\n|player|p1|humania1|170|1000\n|player|p2|ltlauti|266|1113\n|gen|9\n|tier|[Gen 9 Champions] VGC 2026 Reg M-B (Bo3)\n|rated|\n|rule|Species Clause: Limit one of each Pokémon\n|rule|Item Clause: Limit 1 of each item\n|clearpoke\n|poke|p1|Blastoise, L50, F|\n|poke|p1|Delphox, L50, F, shiny|\n|poke|p1|Incineroar, L50, F|\n|poke|p1|Sinistcha, L50|\n|poke|p1|Sneasler, L50, M|\n|poke|p1|Vivillon, L50, M|\n|poke|p2|Swampert, L50, F|\n|poke|p2|Pelipper, L50, M|\n|poke|p2|Archaludon, L50, M|\n|poke|p2|Sinistcha, L50|\n|poke|p2|Grimmsnarl, L50, M|\n|poke|p2|Metagross, L50|\n|teampreview|4\n|showteam|p1|Blastoise||Blastoisinite|Torrent|Protect,ShellSmash,WaterSpout,DarkPulse|Modest||F|||50|]Delphox||Delphoxite|Blaze|Protect,HeatWave,Psyshock,NastyPlot|Timid||F|||50|]Incineroar||PasshoBerry|Intimidate|FakeOut,PartingShot,FlareBlitz,ThroatChop|Impish||F|||50|]Sinistcha||SitrusBerry|Hospitality|Protect,MatchaGotcha,TrickRoom,RagePowder|Bold|||||50|]Sneasler||FocusSash|PoisonTouch|QuickGuard,FakeOut,CloseCombat,DireClaw|Jolly||M|||50|]Vivillon||ChoiceScarf|CompoundEyes|Hurricane,SleepPowder,RagePowder,Uturn|Timid||M|||50|\n|showteam|p2|Swampert||Swampertite|Torrent|WaveCrash,Earthquake,IcePunch,Protect|Adamant||F|||50|]Pelipper||DampRock|Drizzle|WeatherBall,Hurricane,Tailwind,WideGuard|Modest||M|||50|]Archaludon||Leftovers|Stamina|ElectroShot,FlashCannon,DracoMeteor,Protect|Modest||M|||50|]Sinistcha||SitrusBerry|Hospitality|MatchaGotcha,RagePowder,ShadowBall,Protect|Bold|||||50|]Grimmsnarl||LightClay|Prankster|Reflect,LightScreen,PartingShot,SpiritBreak|Impish||M|||50|]Metagross||Metagrossite|ClearBody|IronHead,PsychicFangs,BulletPunch,Protect|Jolly|||||50|\n|inactive|Battle timer is ON: inactive players will automatically lose when time's up. (requested by humania1)\n|l|☆humania1\n|inactive|humania1 disconnected and has a minute to reconnect!\n|player|p1|\n|j|☆humania1\n|inactive|humania1 reconnected.\n|player|p1|humania1|170|\n|inactive|ltlauti has 60 seconds left.\n|\n|t:|1788184037\n|teamsize|p1|4\n|teamsize|p2|4\n|start\n|switch|p1a: Delphox|Delphox, L50, F, shiny|100/100\n|switch|p1b: Incineroar|Incineroar, L50, F|100/100\n|switch|p2a: Pelipper|Pelipper, L50, M|100/100\n|switch|p2b: Grimmsnarl|Grimmsnarl, L50, M|100/100\n|-ability|p1b: Incineroar|Intimidate|boost\n|-unboost|p2a: Pelipper|atk|1\n|-unboost|p2b: Grimmsnarl|atk|1\n|-weather|RainDance|[from] ability: Drizzle|[of] p2a: Pelipper\n|turn|1\n|\n|t:|1788184055\n|move|p2b: Grimmsnarl|Light Screen|p2b: Grimmsnarl\n|-sidestart|p2: ltlauti|move: Light Screen\n|move|p1a: Delphox|Psyshock|p2a: Pelipper\n|-damage|p2a: Pelipper|76/100\n|move|p1b: Incineroar|Throat Chop|p2a: Pelipper\n|-damage|p2a: Pelipper|43/100\n|-start|p2a: Pelipper|Throat Chop|[silent]\n|move|p2a: Pelipper|Weather Ball|p1a: Delphox\n|-supereffective|p1a: Delphox|1\n|-damage|p1a: Delphox|0 fnt\n|faint|p1a: Delphox\n|\n|-weather|RainDance|[upkeep]\n|upkeep\n|\n|t:|1788184055\n|switch|p1a: Sneasler|Sneasler, L50, M|100/100\n|turn|2\n|\n|t:|1788184076\n|switch|p1b: Sinistcha|Sinistcha, L50|100/100\n|switch|p2a: Archaludon|Archaludon, L50, M|100/100\n|move|p2b: Grimmsnarl|Reflect|p2b: Grimmsnarl\n|-sidestart|p2: ltlauti|Reflect\n|move|p1a: Sneasler|Dire Claw|p2a: Archaludon\n|-immune|p2a: Archaludon\n|\n|-weather|RainDance|[upkeep]\n|upkeep\n|turn|3\n|\n|t:|1788184091\n|move|p2a: Archaludon|Protect|p2a: Archaludon\n|-singleturn|p2a: Archaludon|Protect\n|move|p2b: Grimmsnarl|Parting Shot|p1a: Sneasler\n|-unboost|p1a: Sneasler|atk|1\n|-unboost|p1a: Sneasler|spa|1\n|j| nosehabladebruno\n|\n|t:|1788184099\n|switch|p2b: Swampert|Swampert, L50, F|100/100|[from] Parting Shot\n|move|p1a: Sneasler|Dire Claw|p2b: Swampert\n|-resisted|p2b: Swampert|1\n|-damage|p2b: Swampert|89/100\n|move|p1b: Sinistcha|Matcha Gotcha|p2a: Archaludon|[spread] p2b\n|-activate|p2a: Archaludon|move: Protect\n|-supereffective|p2b: Swampert|2\n|-damage|p2b: Swampert|14/100\n|\n|-weather|RainDance|[upkeep]\n|upkeep\n|turn|4\n|\n|t:|1788184121\n|detailschange|p2b: Swampert|Swampert-Mega, L50, F\n|-mega|p2b: Swampert|Swampert|Swampertite\n|move|p2b: Swampert|Protect|p2b: Swampert\n|-singleturn|p2b: Swampert|Protect\n|move|p1a: Sneasler|Close Combat|p2b: Swampert\n|-activate|p2b: Swampert|move: Protect\n|move|p2a: Archaludon|Electro Shot||[still]\n|-prepare|p2a: Archaludon|Electro Shot\n|-boost|p2a: Archaludon|spa|1\n|-anim|p2a: Archaludon|Electro Shot|p1a: Sneasler\n|-enditem|p1a: Sneasler|Focus Sash\n|-damage|p1a: Sneasler|1/100\n|move|p1b: Sinistcha|Matcha Gotcha|p2a: Archaludon|[spread] p2a\n|-activate|p2b: Swampert|move: Protect\n|-resisted|p2a: Archaludon|2\n|-damage|p2a: Archaludon|94/100\n|-ability|p2a: Archaludon|Stamina|boost\n|-boost|p2a: Archaludon|def|1\n|\n|-weather|RainDance|[upkeep]\n|-heal|p2a: Archaludon|100/100|[from] item: Leftovers\n|upkeep\n|turn|5\n|\n|t:|1788184139\n|switch|p2b: Grimmsnarl|Grimmsnarl, L50, M|100/100\n|move|p1a: Sneasler|Close Combat|p2b: Grimmsnarl\n|-damage|p2b: Grimmsnarl|77/100\n|-unboost|p1a: Sneasler|def|1\n|-unboost|p1a: Sneasler|spd|1\n|-status|p2b: Grimmsnarl|psn|[from] ability: Poison Touch|[of] p1a: Sneasler\n|move|p2a: Archaludon|Flash Cannon|p1a: Sneasler\n|-damage|p1a: Sneasler|0 fnt\n|faint|p1a: Sneasler\n|move|p1b: Sinistcha|Matcha Gotcha|p2b: Grimmsnarl|[spread] p2a,p2b\n|-resisted|p2a: Archaludon|2\n|-damage|p2a: Archaludon|94/100\n|-damage|p2b: Grimmsnarl|59/100 psn\n|-ability|p2a: Archaludon|Stamina|boost\n|-boost|p2a: Archaludon|def|1\n|\n|-weather|RainDance|[upkeep]\n|-heal|p2a: Archaludon|100/100|[from] item: Leftovers\n|-damage|p2b: Grimmsnarl|47/100 psn|[from] psn\n|upkeep\n|\n|t:|1788184139\n|switch|p1a: Incineroar|Incineroar, L50, F|100/100\n|-ability|p1a: Incineroar|Intimidate|boost\n|-unboost|p2a: Archaludon|atk|1\n|-unboost|p2b: Grimmsnarl|atk|1\n|turn|6\n|\n|t:|1788184155\n|move|p2a: Archaludon|Electro Shot||[still]\n|-prepare|p2a: Archaludon|Electro Shot\n|-boost|p2a: Archaludon|spa|1\n|-anim|p2a: Archaludon|Electro Shot|p1a: Incineroar\n|-damage|p1a: Incineroar|0 fnt\n|faint|p1a: Incineroar\n|move|p1b: Sinistcha|Matcha Gotcha|p2a: Archaludon|[spread] p2b\n|-miss|p1b: Sinistcha|p2a: Archaludon\n|-damage|p2b: Grimmsnarl|28/100 psn\n|move|p2b: Grimmsnarl|Spirit Break|p1b: Sinistcha\n|-damage|p1b: Sinistcha|81/100\n|-unboost|p1b: Sinistcha|spa|1\n|\n|-weather|RainDance|[upkeep]\n|-damage|p2b: Grimmsnarl|15/100 psn|[from] psn\n|upkeep\n|turn|7\n|\n|t:|1788184165\n|move|p2a: Archaludon|Draco Meteor|p1b: Sinistcha\n|-damage|p1b: Sinistcha|0 fnt\n|-unboost|p2a: Archaludon|spa|2\n|faint|p1b: Sinistcha\n|\n|win|ltlauti\n","uploadtime":1788184166,"views":"4","formatid":"gen9championsvgc2026regmbbo3","rating":null,"private":0,"password":null}