{"id":"gen9championsvgc2026regmbbo3-2673583570","format":"[Gen 9 Champions] VGC 2026 Reg M-B (Bo3)","players":["endras125","vyniril99"],"log":"|j|☆endras125\n|j|☆vyniril99\n|html|<table width=\"100%\"><tr><td align=\"left\">endras125</td><td align=\"right\">vyniril99</tr><tr><td align=\"left\"><i class=\"fa fa-circle\"></i> <i class=\"fa fa-circle-o\"></i> </td><td align=\"right\"><i class=\"fa fa-circle-o\"></i> <i class=\"fa fa-circle-o\"></i> </tr></table>\n|uhtml|bestof|<h2><strong>Game 2</strong> of <a href=\"/game-bestof3-gen9championsvgc2026regmbbo3-2673581532\">a best-of-3</a></h2>\n|t:|1788216717\n|gametype|doubles\n|player|p1|endras125|170|\n|player|p2|vyniril99|ghetsis|\n|gen|9\n|tier|[Gen 9 Champions] VGC 2026 Reg M-B (Bo3)\n|rule|Species Clause: Limit one of each Pokémon\n|rule|Item Clause: Limit 1 of each item\n|clearpoke\n|poke|p1|Froslass, L50, F|\n|poke|p1|Sneasler, L50, M|\n|poke|p1|Whimsicott, L50, M|\n|poke|p1|Empoleon, L50, F|\n|poke|p1|Mr. Rime, L50, F|\n|poke|p1|Toxapex, L50, M|\n|poke|p2|Kingambit, L50, F|\n|poke|p2|Dragonite, L50, M|\n|poke|p2|Luxray, L50, M|\n|poke|p2|Torterra, L50, M|\n|poke|p2|Charizard, L50, M|\n|poke|p2|Lucario, L50, M|\n|teampreview|4\n|showteam|p1|Froslass||Froslassite|SnowCloak|AuroraVeil,Blizzard,Protect,ShadowBall|Timid||F|||50|]Sneasler||WhiteHerb|Unburden|FakeOut,CloseCombat,DireClaw,GunkShot|Jolly||M|||50|]Whimsicott||FocusSash|Prankster|Encore,Moonblast,Protect,Tailwind|Timid||M|||50|]Empoleon||SitrusBerry|Competitive|HydroPump,FlashCannon,GrassKnot,Protect|Modest||F|||50|]Mr. Rime||NeverMeltIce|ScreenCleaner|FakeOut,FreezeDry,IcyWind,TrickRoom|Modest||F|||50|]Toxapex||Leftovers|Regenerator|WideGuard,Toxic,ChillingWater,Recover|Impish||M|||50|\n|showteam|p2|Kingambit||BlackGlasses|SupremeOverlord|KowtowCleave,IronHead,SuckerPunch,Protect|Adamant||F|||50|]Dragonite||FocusSash|InnerFocus|ExtremeSpeed,DragonClaw,Tailwind,Protect|Adamant||M|||50|]Luxray||WideLens|Intimidate|Crunch,PlayRough,VoltSwitch,SupercellSlam|Adamant||M|||50|]Torterra||SoftSand|ShellArmor|Earthquake,RockSlide,SeedBomb,ShellSmash|Adamant||M|||50|]Charizard||CharizarditeX|Blaze|DragonClaw,DragonDance,FlareBlitz,Fly|Adamant||M|||50|]Lucario||Lucarionite|Steadfast|DrainPunch,Protect,BulletPunch,MeteorMash|Jolly||M|||50|\n|j| mrpokemon33\n|\n|t:|1788216838\n|teamsize|p1|4\n|teamsize|p2|4\n|start\n|switch|p1a: Toxapex|Toxapex, L50, M|100/100\n|switch|p1b: Sneasler|Sneasler, L50, M|100/100\n|switch|p2a: Dragonite|Dragonite, L50, M|100/100\n|switch|p2b: Charizard|Charizard, L50, M|100/100\n|turn|1\n|\n|t:|1788216879\n|detailschange|p2b: Charizard|Charizard-Mega-X, L50, M\n|-mega|p2b: Charizard|Charizard|Charizardite X\n|move|p1b: Sneasler|Fake Out|p2b: Charizard\n|-damage|p2b: Charizard|85/100\n|cant|p2b: Charizard|flinch\n|move|p2a: Dragonite|Tailwind|p2a: Dragonite\n|-sidestart|p2: vyniril99|move: Tailwind\n|move|p1a: Toxapex|Chilling Water|p2b: Charizard\n|-damage|p2b: Charizard|72/100\n|-unboost|p2b: Charizard|atk|1\n|\n|upkeep\n|turn|2\n|\n|t:|1788216922\n|switch|p2a: Luxray|Luxray, L50, M|100/100\n|-ability|p2a: Luxray|Intimidate|boost\n|-unboost|p1a: Toxapex|atk|1\n|-unboost|p1b: Sneasler|atk|1\n|-enditem|p1b: Sneasler|White Herb\n|-clearnegativeboost|p1b: Sneasler|[silent]\n|move|p1b: Sneasler|Gunk Shot|p2a: Luxray|[miss]\n|-miss|p1b: Sneasler|p2a: Luxray\n|move|p2b: Charizard|Fly||[still]\n|-prepare|p2b: Charizard|Fly\n|move|p1a: Toxapex|Toxic|p2a: Luxray\n|-status|p2a: Luxray|tox\n|\n|-damage|p2a: Luxray|94/100 tox|[from] psn\n|upkeep\n|turn|3\n|\n|t:|1788216979\n|move|p1b: Sneasler|Dire Claw|p2b: Charizard|[miss]\n|-miss|p1b: Sneasler|p2b: Charizard\n|move|p2b: Charizard|Fly|p1b: Sneasler|[from] lockedmove\n|-supereffective|p1b: Sneasler|1\n|-damage|p1b: Sneasler|3/100\n|move|p2a: Luxray|Volt Switch|p1a: Toxapex\n|-supereffective|p1a: Toxapex|1\n|-damage|p1a: Toxapex|65/100\n|\n|t:|1788216996\n|switch|p2a: Torterra|Torterra, L50, M|100/100|[from] Volt Switch\n|move|p1a: Toxapex|Toxic|p2b: Charizard\n|-status|p2b: Charizard|tox\n|\n|-heal|p1a: Toxapex|71/100|[from] item: Leftovers\n|-damage|p2b: Charizard|66/100 tox|[from] psn\n|upkeep\n|turn|4\n|\n|t:|1788217051\n|switch|p1b: Mr. Rime|Mr. Rime, L50, F|100/100\n|switch|p2b: Dragonite|Dragonite, L50, M|100/100\n|move|p2a: Torterra|Rock Slide|p1a: Toxapex|[spread] p1a,p1b\n|-supereffective|p1b: Mr. Rime|1\n|-damage|p1a: Toxapex|58/100\n|-damage|p1b: Mr. Rime|50/100g\n|move|p1a: Toxapex|Toxic|p2a: Torterra\n|-status|p2a: Torterra|tox\n|\n|-heal|p1a: Toxapex|64/100|[from] item: Leftovers\n|-damage|p2a: Torterra|94/100 tox|[from] psn\n|-sideend|p2: vyniril99|move: Tailwind\n|upkeep\n|turn|5\n|\n|t:|1788217078\n|move|p1a: Toxapex|Wide Guard|p1a: Toxapex\n|-singleturn|p1a: Toxapex|Wide Guard\n|move|p2a: Torterra|Earthquake|p1a: Toxapex|[spread] \n|-activate|p1a: Toxapex|move: Wide Guard\n|-activate|p1b: Mr. Rime|move: Wide Guard\n|-immune|p2b: Dragonite\n|move|p2b: Dragonite|Tailwind|p2b: Dragonite\n|-sidestart|p2: vyniril99|move: Tailwind\n|move|p1b: Mr. Rime|Icy Wind|p2a: Torterra|[spread] p2a,p2b\n|-supereffective|p2a: Torterra|2\n|-supereffective|p2b: Dragonite|2\n|-damage|p2a: Torterra|0 fnt\n|-damage|p2b: Dragonite|7/100\n|-unboost|p2b: Dragonite|spe|1\n|faint|p2a: Torterra\n|\n|-heal|p1a: Toxapex|70/100|[from] item: Leftovers\n|upkeep\n|\n|t:|1788217096\n|switch|p2a: Charizard|Charizard-Mega-X, L50, M|66/100 tox\n|turn|6\n|\n|t:|1788217131\n|move|p2b: Dragonite|Extreme Speed|p1a: Toxapex\n|-damage|p1a: Toxapex|50/100g\n|move|p2a: Charizard|Flare Blitz|p1b: Mr. Rime\n|-supereffective|p1b: Mr. Rime|1\n|-crit|p1b: Mr. Rime\n|-damage|p1b: Mr. Rime|0 fnt\n|faint|p1b: Mr. Rime\n|-damage|p2a: Charizard|46/100 tox|[from] Recoil\n|move|p1a: Toxapex|Recover|p1a: Toxapex\n|-heal|p1a: Toxapex|100/100\n|\n|-damage|p2a: Charizard|40/100 tox|[from] psn\n|upkeep\n|\n|t:|1788217153\n|switch|p1b: Sneasler|Sneasler, L50, M|3/100\n|turn|7\n|\n|t:|1788217186\n|move|p1b: Sneasler|Fake Out|p2a: Charizard\n|-crit|p2a: Charizard\n|-damage|p2a: Charizard|19/100 tox\n|move|p2b: Dragonite|Extreme Speed|p1b: Sneasler\n|-damage|p1b: Sneasler|0 fnt\n|faint|p1b: Sneasler\n|cant|p2a: Charizard|flinch\n|move|p1a: Toxapex|Toxic|p2b: Dragonite\n|-status|p2b: Dragonite|tox\n|\n|-damage|p2a: Charizard|7/100 tox|[from] psn\n|-damage|p2b: Dragonite|1/100 tox|[from] psn\n|upkeep\n|\n|t:|1788217202\n|switch|p1b: Froslass|Froslass, L50, F|100/100\n|turn|8\n|\n|t:|1788217231\n|detailschange|p1b: Froslass|Froslass-Mega, L50, F\n|-mega|p1b: Froslass|Froslass|Froslassite\n|-weather|Snowscape|[from] ability: Snow Warning|[of] p1b: Froslass\n|move|p1b: Froslass|Protect|p1b: Froslass\n|-singleturn|p1b: Froslass|Protect\n|move|p2b: Dragonite|Extreme Speed|p1b: Froslass\n|-activate|p1b: Froslass|move: Protect\n|move|p2a: Charizard|Flare Blitz|p1b: Froslass\n|-activate|p1b: Froslass|move: Protect\n|move|p1a: Toxapex|Chilling Water|p2a: Charizard\n|-damage|p2a: Charizard|0 fnt\n|faint|p2a: Charizard\n|\n|-weather|Snowscape|[upkeep]\n|-damage|p2b: Dragonite|0 fnt|[from] psn\n|faint|p2b: Dragonite\n|-sideend|p2: vyniril99|move: Tailwind\n|upkeep\n|\n|t:|1788217250\n|switch|p2b: Luxray|Luxray, L50, M|94/100 tox\n|-ability|p2b: Luxray|Intimidate|boost\n|-unboost|p1a: Toxapex|atk|1\n|-unboost|p1b: Froslass|atk|1\n|turn|9\n|\n|t:|1788217270\n|move|p1a: Toxapex|Wide Guard|p1a: Toxapex\n|-singleturn|p1a: Toxapex|Wide Guard\n|move|p1b: Froslass|Blizzard|p2b: Luxray\n|-damage|p2b: Luxray|25/100 tox\n|move|p2b: Luxray|Supercell Slam|p1b: Froslass\n|-damage|p1b: Froslass|44/100\n|\n|-weather|Snowscape|[upkeep]\n|-damage|p2b: Luxray|19/100 tox|[from] psn\n|upkeep\n|turn|10\n|\n|t:|1788217293\n|move|p1b: Froslass|Blizzard|p2b: Luxray\n|-damage|p2b: Luxray|0 fnt\n|faint|p2b: Luxray\n|\n|win|endras125\n|l|☆vyniril99\n|player|p2|\n","uploadtime":1788217318,"views":"1","formatid":"gen9championsvgc2026regmbbo3","rating":null,"private":0,"password":null}