{"id":"gen9championsvgc2026regmbbo3-2674122553","format":"[Gen 9 Champions] VGC 2026 Reg M-B (Bo3)","players":["Brunito zambonin","Devta"],"log":"|j|☆Brunito zambonin\n|j|☆Devta\n|html|<table width=\"100%\"><tr><td align=\"left\">Brunito zambonin</td><td align=\"right\">Devta</tr><tr><td align=\"left\"><i class=\"fa fa-circle\"></i> <i class=\"fa fa-circle-o\"></i> </td><td align=\"right\"><i class=\"fa fa-circle-o\"></i> <i class=\"fa fa-circle\"></i> </tr></table>\n|uhtml|bestof|<h2><strong>Game 3</strong> of <a href=\"/game-bestof3-gen9championsvgc2026regmbbo3-2674119208\">a best-of-3</a></h2>\n|t:|1788302392\n|gametype|doubles\n|player|p1|Brunito zambonin|2|1203\n|player|p2|Devta|dawn|1273\n|gen|9\n|tier|[Gen 9 Champions] VGC 2026 Reg M-B (Bo3)\n|rated|\n|rule|Species Clause: Limit one of each Pokémon\n|rule|Item Clause: Limit 1 of each item\n|clearpoke\n|poke|p1|Dragonite, L50, F|\n|poke|p1|Sneasler, L50, M|\n|poke|p1|Basculegion, L50, M|\n|poke|p1|Kingambit, L50, M|\n|poke|p1|Garchomp, L50, F|\n|poke|p1|Floette-Eternal, L50, F|\n|poke|p2|Incineroar, L50, F|\n|poke|p2|Kingambit, L50, F|\n|poke|p2|Sinistcha, L50|\n|poke|p2|Sneasler, L50, F|\n|poke|p2|Blastoise, L50, F|\n|poke|p2|Delphox, L50, M|\n|teampreview|4\n|showteam|p1|Dragonite||Dragoninite|Multiscale|DragonPulse,HeatWave,ExtremeSpeed,Protect|Modest||F|||50|]Sneasler||FocusSash|PoisonTouch|CloseCombat,DireClaw,FakeOut,Feint|Jolly||M|||50|]Basculegion||LifeOrb|Adaptability|WaveCrash,LastRespects,AquaJet,Protect|Adamant||M|||50|]Kingambit||ChopleBerry|Defiant|SuckerPunch,KowtowCleave,LowKick,IronHead|Adamant||M|||50|]Garchomp||ChoiceScarf|RoughSkin|DragonClaw,StompingTantrum,Earthquake,RockSlide|Adamant||F|||50|]Floette-Eternal||Floettite|FlowerVeil|Moonblast,DazzlingGleam,LightofRuin,Protect|Timid||F|||50|\n|showteam|p2|Incineroar||SitrusBerry|Intimidate|FlareBlitz,ThroatChop,PartingShot,FakeOut|Impish||F|||50|]Kingambit||BlackGlasses|Defiant|Protect,KowtowCleave,SuckerPunch,SwordsDance|Adamant||F|||50|]Sinistcha||OccaBerry|Hospitality|Protect,MatchaGotcha,RagePowder,TrickRoom|Bold|||||50|]Sneasler||FocusSash|PoisonTouch|CloseCombat,PoisonJab,QuickGuard,FakeOut|Jolly||F|||50|]Blastoise||Blastoisinite|RainDish|Protect,WaterSpout,DarkPulse,ShellSmash|Modest||F|||50|]Delphox||Delphoxite|Blaze|Protect,HeatWave,Psychic,NastyPlot|Timid||M|||50|\n|\n|t:|1788302420\n|teamsize|p1|4\n|teamsize|p2|4\n|start\n|switch|p1a: Basculegion|Basculegion, L50, M|100/100\n|switch|p1b: Floette|Floette-Eternal, L50, F|100/100\n|switch|p2a: Sneasler|Sneasler, L50, F|100/100\n|switch|p2b: Blastoise|Blastoise, L50, F|100/100\n|turn|1\n|\n|t:|1788302481\n|switch|p1b: Sneasler|Sneasler, L50, M|100/100\n|detailschange|p2b: Blastoise|Blastoise-Mega, L50, F\n|-mega|p2b: Blastoise|Blastoise|Blastoisinite\n|move|p2a: Sneasler|Fake Out|p1b: Sneasler\n|-damage|p1b: Sneasler|74/100\n|move|p2b: Blastoise|Shell Smash|p2b: Blastoise\n|-unboost|p2b: Blastoise|def|1\n|-unboost|p2b: Blastoise|spd|1\n|-boost|p2b: Blastoise|atk|2\n|-boost|p2b: Blastoise|spa|2\n|-boost|p2b: Blastoise|spe|2\n|move|p1a: Basculegion|Wave Crash|p2a: Sneasler\n|-enditem|p2a: Sneasler|Focus Sash\n|-damage|p2a: Sneasler|1/100\n|-damage|p1a: Basculegion|74/100|[from] Recoil\n|-damage|p1a: Basculegion|64/100|[from] item: Life Orb\n|\n|upkeep\n|turn|2\n|\n|t:|1788302541\n|move|p2a: Sneasler|Quick Guard|p2a: Sneasler\n|-singleturn|p2a: Sneasler|Quick Guard\n|move|p1b: Sneasler|Feint|p2b: Blastoise\n|-activate|p2b: Blastoise|move: Feint\n|-damage|p2b: Blastoise|82/100\n|move|p2b: Blastoise|Water Spout|p1a: Basculegion|[spread] p1a,p1b\n|-resisted|p1a: Basculegion|1\n|-crit|p1b: Sneasler\n|-damage|p1a: Basculegion|13/100\n|-damage|p1b: Sneasler|0 fnt\n|faint|p1b: Sneasler\n|move|p1a: Basculegion|Last Respects|p2b: Blastoise\n|-damage|p2b: Blastoise|0 fnt\n|faint|p2b: Blastoise\n|-damage|p1a: Basculegion|4/100|[from] item: Life Orb\n|\n|upkeep\n|\n|t:|1788302556\n|switch|p1b: Floette|Floette-Eternal, L50, F|100/100\n|switch|p2b: Sinistcha|Sinistcha, L50|100/100\n|-heal|p2a: Sneasler|25/100|[from] ability: Hospitality|[of] p2b: Sinistcha\n|turn|3\n|\n|t:|1788302606\n|switch|p2a: Incineroar|Incineroar, L50, F|100/100\n|-ability|p2a: Incineroar|Intimidate|boost\n|-unboost|p1a: Basculegion|atk|1\n|-unboost|p1b: Floette|atk|1\n|move|p1b: Floette|Dazzling Gleam|p2a: Incineroar|[spread] p2a,p2b\n|-damage|p2a: Incineroar|74/100\n|-damage|p2b: Sinistcha|71/100\n|move|p1a: Basculegion|Last Respects|p2b: Sinistcha\n|-supereffective|p2b: Sinistcha|1\n|-damage|p2b: Sinistcha|0 fnt\n|faint|p2b: Sinistcha\n|-damage|p1a: Basculegion|0 fnt|[from] item: Life Orb\n|faint|p1a: Basculegion\n|\n|upkeep\n|\n|t:|1788302618\n|switch|p1a: Kingambit|Kingambit, L50, M|100/100\n|switch|p2b: Sneasler|Sneasler, L50, F|25/100\n|turn|4\n|\n|t:|1788302658\n|detailschange|p1b: Floette|Floette-Mega, L50, F\n|-mega|p1b: Floette|Floette|Floettite\n|-ability|p1b: Floette|Fairy Aura\n|move|p1b: Floette|Protect|p1b: Floette\n|-singleturn|p1b: Floette|Protect\n|move|p2a: Incineroar|Fake Out|p1a: Kingambit\n|-resisted|p1a: Kingambit|1\n|-damage|p1a: Kingambit|96/100\n|cant|p1a: Kingambit|flinch\n|move|p2b: Sneasler|Poison Jab|p1b: Floette\n|-activate|p1b: Floette|move: Protect\n|\n|upkeep\n|turn|5\n|\n|t:|1788302678\n|move|p1a: Kingambit|Sucker Punch|p2b: Sneasler\n|-resisted|p2b: Sneasler|1\n|-damage|p2b: Sneasler|0 fnt\n|faint|p2b: Sneasler\n|move|p1b: Floette|Dazzling Gleam|p2a: Incineroar\n|-damage|p2a: Incineroar|13/100\n|-enditem|p2a: Incineroar|Sitrus Berry|[eat]\n|-heal|p2a: Incineroar|38/100|[from] item: Sitrus Berry\n|move|p2a: Incineroar|Flare Blitz|p1b: Floette\n|-damage|p1b: Floette|45/100\n|-damage|p2a: Incineroar|24/100|[from] Recoil\n|\n|upkeep\n|turn|6\n|-message|Devta forfeited.\n|\n|win|Brunito zambonin\n|raw|Brunito zambonin's rating: 1203 &rarr; <strong>1233</strong><br />(+30 for winning)\n|raw|Devta's rating: 1273 &rarr; <strong>1243</strong><br />(-30 for losing)\n","uploadtime":1788302694,"views":"5","formatid":"gen9championsvgc2026regmbbo3","rating":1233,"private":0,"password":null}