{"id":"gen9championsvgc2026regmbbo3-2673290722","format":"[Gen 9 Champions] VGC 2026 Reg M-B (Bo3)","players":["smooth719","CaratroncoSun"],"log":"|j|☆smooth719\n|j|☆CaratroncoSun\n|html|<table width=\"100%\"><tr><td align=\"left\">smooth719</td><td align=\"right\">CaratroncoSun</tr><tr><td align=\"left\"><i class=\"fa fa-circle-o\"></i> <i class=\"fa fa-circle-o\"></i> </td><td align=\"right\"><i class=\"fa fa-circle-o\"></i> <i class=\"fa fa-circle-o\"></i> </tr></table>\n|uhtml|bestof|<h2><strong>Game 1</strong> of <a href=\"/game-bestof3-gen9championsvgc2026regmbbo3-2673290721\">a best-of-3</a></h2>\n|t:|1788177992\n|gametype|doubles\n|player|p1|smooth719|2|1099\n|player|p2|CaratroncoSun|265|1344\n|gen|9\n|tier|[Gen 9 Champions] VGC 2026 Reg M-B (Bo3)\n|rated|\n|rule|Species Clause: Limit one of each Pokémon\n|rule|Item Clause: Limit 1 of each item\n|clearpoke\n|poke|p1|Dragalge, L50, F|\n|poke|p1|Sinistcha, L50|\n|poke|p1|Gholdengo, L50|\n|poke|p1|Empoleon, L50, F|\n|poke|p1|Talonflame, L50, M|\n|poke|p1|Gallade, L50, M|\n|poke|p2|Charizard, L50, M, shiny|\n|poke|p2|Venusaur, L50, F, shiny|\n|poke|p2|Whimsicott, L50, M, shiny|\n|poke|p2|Basculegion, L50, M|\n|poke|p2|Tyranitar, L50, M|\n|poke|p2|Mamoswine, L50, F|\n|teampreview|4\n|showteam|p1|Dragalge||Dragalgite|PoisonPoint|SludgeBomb,FlipTurn,DracoMeteor,Toxic|Bold||F|||50|]Sinistcha||Leftovers|Hospitality|LifeDew,RagePowder,StrengthSap,MatchaGotcha|Calm|||||50|]Gholdengo||ChoiceScarf|GoodasGold|MakeItRain,ShadowBall,PowerGem,Trick|Timid|||||50|]Empoleon||LifeOrb|Competitive|HydroPump,FlashCannon,Protect,Haze|Timid||F|||50|]Talonflame||FocusSash|GaleWings|Tailwind,BraveBird,BlazeKick,Uturn|Jolly||M|||50|]Gallade||SitrusBerry|Sharpness|SacredSword,PsychoCut,WideGuard,QuickGuard|Jolly||M|||50|\n|showteam|p2|Charizard||CharizarditeY|Blaze|Protect,SolarBeam,HeatWave,AirSlash|Modest||M|||50|]Venusaur||WideLens|Chlorophyll|Protect,GigaDrain,EarthPower,SleepPowder|Modest||F|||50|]Whimsicott||FocusSash|Prankster|Protect,Moonblast,Tailwind,Encore|Timid||M|||50|]Basculegion||MysticWater|Adaptability|Protect,AquaJet,WaveCrash,LastRespects|Adamant||M|||50|]Tyranitar||Tyranitarite|SandStream|Protect,RockSlide,KnockOff,LowKick|Adamant||M|||50|]Mamoswine||LifeOrb|Oblivious|Protect,HighHorsepower,RockSlide,IceShard|Adamant||F|||50|\n|inactive|Battle timer is ON: inactive players will automatically lose when time's up. (requested by smooth719)\n|inactive|CaratroncoSun has 60 seconds left.\n|\n|t:|1788178056\n|teamsize|p1|4\n|teamsize|p2|4\n|start\n|switch|p1a: Talonflame|Talonflame, L50, M|100/100\n|switch|p1b: Dragalge|Dragalge, L50, F|100/100\n|switch|p2a: Tyranitar|Tyranitar, L50, M|100/100\n|switch|p2b: Charizard|Charizard, L50, M, shiny|100/100\n|-weather|Sandstorm|[from] ability: Sand Stream|[of] p2a: Tyranitar\n|turn|1\n|\n|t:|1788178077\n|detailschange|p2b: Charizard|Charizard-Mega-Y, L50, M, shiny\n|-mega|p2b: Charizard|Charizard|Charizardite Y\n|-weather|SunnyDay|[from] ability: Drought|[of] p2b: Charizard\n|detailschange|p1b: Dragalge|Dragalge-Mega, L50, F\n|-mega|p1b: Dragalge|Dragalge|Dragalgite\n|move|p1a: Talonflame|Tailwind|p1a: Talonflame\n|-sidestart|p1: smooth719|move: Tailwind\n|move|p2b: Charizard|Air Slash|p1b: Dragalge\n|-damage|p1b: Dragalge|68/100\n|move|p1b: Dragalge|Toxic|p2b: Charizard\n|-status|p2b: Charizard|tox\n|move|p2a: Tyranitar|Rock Slide|p1a: Talonflame|[spread] p1a,p1b\n|-supereffective|p1a: Talonflame|2\n|-enditem|p1a: Talonflame|Focus Sash\n|-damage|p1a: Talonflame|1/100\n|-damage|p1b: Dragalge|45/100\n|\n|-weather|SunnyDay|[upkeep]\n|-damage|p2b: Charizard|94/100 tox|[from] psn\n|upkeep\n|turn|2\n|\n|t:|1788178101\n|move|p2a: Tyranitar|Protect|p2a: Tyranitar\n|-singleturn|p2a: Tyranitar|Protect\n|move|p1a: Talonflame|U-turn|p2a: Tyranitar\n|-activate|p2a: Tyranitar|move: Protect\n|move|p2b: Charizard|Heat Wave|p1b: Dragalge|[spread] p1a,p1b\n|-resisted|p1a: Talonflame|1\n|-resisted|p1b: Dragalge|1\n|-damage|p1a: Talonflame|0 fnt\n|-damage|p1b: Dragalge|24/100\n|faint|p1a: Talonflame\n|move|p1b: Dragalge|Flip Turn|p2b: Charizard\n|-supereffective|p2b: Charizard|1\n|-damage|p2b: Charizard|82/100 tox\n|\n|t:|1788178114\n|-heal|p1b: Dragalge|57/100|[from] ability: Regenerator|[silent]\n|switch|p1b: Gholdengo|Gholdengo, L50|100/100|[from] Flip Turn\n|\n|-weather|SunnyDay|[upkeep]\n|-damage|p2b: Charizard|70/100 tox|[from] psn\n|upkeep\n|\n|t:|1788178118\n|switch|p1a: Dragalge|Dragalge-Mega, L50, F|57/100\n|turn|3\n|\n|t:|1788178127\n|switch|p2a: Venusaur|Venusaur, L50, F, shiny|100/100\n|move|p2b: Charizard|Protect|p2b: Charizard\n|-singleturn|p2b: Charizard|Protect\n|move|p1b: Gholdengo|Power Gem|p2b: Charizard\n|-activate|p2b: Charizard|move: Protect\n|move|p1a: Dragalge|Flip Turn|p2a: Venusaur\n|-resisted|p2a: Venusaur|1\n|-crit|p2a: Venusaur\n|-damage|p2a: Venusaur|95/100\n|\n|t:|1788178138\n|-heal|p1a: Dragalge|90/100|[from] ability: Regenerator|[silent]\n|switch|p1a: Gallade|Gallade, L50, M|100/100|[from] Flip Turn\n|\n|-weather|SunnyDay|[upkeep]\n|-damage|p2b: Charizard|52/100 tox|[from] psn\n|upkeep\n|turn|4\n|\n|t:|1788178152\n|switch|p2b: Tyranitar|Tyranitar, L50, M|100/100\n|-weather|Sandstorm|[from] ability: Sand Stream|[of] p2b: Tyranitar\n|move|p2a: Venusaur|Protect|p2a: Venusaur\n|-singleturn|p2a: Venusaur|Protect\n|move|p1b: Gholdengo|Power Gem|p2b: Tyranitar\n|-damage|p2b: Tyranitar|80/100\n|move|p1a: Gallade|Psycho Cut|p2a: Venusaur\n|-activate|p2a: Venusaur|move: Protect\n|\n|-weather|Sandstorm|[upkeep]\n|-damage|p1a: Gallade|93/100|[from] Sandstorm\n|-damage|p2a: Venusaur|88/100|[from] Sandstorm\n|-sideend|p1: smooth719|move: Tailwind\n|upkeep\n|turn|5\n|\n|t:|1788178174\n|switch|p1b: Dragalge|Dragalge-Mega, L50, F|90/100\n|switch|p2b: Charizard|Charizard-Mega-Y, L50, M, shiny|52/100 tox\n|-weather|SunnyDay|[from] ability: Drought|[of] p2b: Charizard\n|move|p2a: Venusaur|Sleep Powder|p1a: Gallade\n|-status|p1a: Gallade|slp|[from] move: Sleep Powder\n|cant|p1a: Gallade|slp\n|\n|-weather|SunnyDay|[upkeep]\n|-damage|p2b: Charizard|46/100 tox|[from] psn\n|upkeep\n|turn|6\n|\n|t:|1788178191\n|move|p2a: Venusaur|Earth Power|p1b: Dragalge\n|-supereffective|p1b: Dragalge|1\n|-damage|p1b: Dragalge|50/100y\n|cant|p1a: Gallade|slp\n|move|p2b: Charizard|Air Slash|p1a: Gallade\n|-supereffective|p1a: Gallade|1\n|-damage|p1a: Gallade|0 fnt\n|faint|p1a: Gallade\n|move|p1b: Dragalge|Draco Meteor|p2a: Venusaur\n|-damage|p2a: Venusaur|24/100\n|-unboost|p1b: Dragalge|spa|2\n|\n|-weather|SunnyDay|[upkeep]\n|-damage|p2b: Charizard|34/100 tox|[from] psn\n|upkeep\n|\n|t:|1788178203\n|switch|p1a: Gholdengo|Gholdengo, L50|100/100\n|turn|7\n|\n|t:|1788178219\n|move|p2b: Charizard|Protect|p2b: Charizard\n|-singleturn|p2b: Charizard|Protect\n|move|p2a: Venusaur|Earth Power|p1a: Gholdengo\n|-supereffective|p1a: Gholdengo|1\n|-damage|p1a: Gholdengo|28/100\n|move|p1a: Gholdengo|Make It Rain|p2a: Venusaur|[spread] p2a\n|-activate|p2b: Charizard|move: Protect\n|-damage|p2a: Venusaur|0 fnt\n|-unboost|p1a: Gholdengo|spa|2\n|faint|p2a: Venusaur\n|move|p1b: Dragalge|Sludge Bomb|p2b: Charizard\n|-activate|p2b: Charizard|move: Protect\n|\n|-weather|SunnyDay|[upkeep]\n|-damage|p2b: Charizard|16/100 tox|[from] psn\n|upkeep\n|\n|t:|1788178235\n|switch|p2a: Basculegion|Basculegion, L50, M|100/100\n|turn|8\n|\n|t:|1788178240\n|switch|p2b: Tyranitar|Tyranitar, L50, M|80/100\n|-weather|Sandstorm|[from] ability: Sand Stream|[of] p2b: Tyranitar\n|move|p2a: Basculegion|Aqua Jet|p1a: Gholdengo\n|-damage|p1a: Gholdengo|0 fnt\n|faint|p1a: Gholdengo\n|move|p1b: Dragalge|Sludge Bomb|p2a: Basculegion\n|-resisted|p2a: Basculegion|1\n|-damage|p2a: Basculegion|88/100\n|-status|p2a: Basculegion|psn\n|\n|-weather|Sandstorm|[upkeep]\n|-damage|p2a: Basculegion|82/100 psn|[from] Sandstorm\n|-damage|p1b: Dragalge|44/100|[from] Sandstorm\n|-damage|p2a: Basculegion|70/100 psn|[from] psn\n|upkeep\n|turn|9\n|\n|t:|1788178256\n|move|p2a: Basculegion|Last Respects|p1b: Dragalge\n|-damage|p1b: Dragalge|0 fnt\n|faint|p1b: Dragalge\n|\n|win|CaratroncoSun\n","uploadtime":1788178256,"views":"1","formatid":"gen9championsvgc2026regmbbo3","rating":null,"private":0,"password":null}