{"id":"gen9championsvgc2026regmbbo3-2673298140","format":"[Gen 9 Champions] VGC 2026 Reg M-B (Bo3)","players":["TheTrueTH","beni_9"],"log":"|j|☆TheTrueTH\n|j|☆beni_9\n|html|<table width=\"100%\"><tr><td align=\"left\">TheTrueTH</td><td align=\"right\">beni_9</tr><tr><td align=\"left\"><i class=\"fa fa-circle-o\"></i> <i class=\"fa fa-circle-o\"></i> </td><td align=\"right\"><i class=\"fa fa-circle-o\"></i> <i class=\"fa fa-circle-o\"></i> </tr></table>\n|uhtml|bestof|<h2><strong>Game 1</strong> of <a href=\"/game-bestof3-gen9championsvgc2026regmbbo3-2673298139\">a best-of-3</a></h2>\n|t:|1788179328\n|gametype|doubles\n|player|p1|TheTrueTH|riley|1236\n|player|p2|beni_9|alder|1457\n|gen|9\n|tier|[Gen 9 Champions] VGC 2026 Reg M-B (Bo3)\n|rated|\n|rule|Species Clause: Limit one of each Pokémon\n|rule|Item Clause: Limit 1 of each item\n|clearpoke\n|poke|p1|Tyranitar, L50, F|\n|poke|p1|Excadrill, L50, M|\n|poke|p1|Gholdengo, L50|\n|poke|p1|Milotic, L50, F|\n|poke|p1|Sinistcha-Masterpiece, L50|\n|poke|p1|Staraptor, L50, F|\n|poke|p2|Froslass, L50, F|\n|poke|p2|Basculegion, L50, M|\n|poke|p2|Kingambit, L50, F|\n|poke|p2|Sneasler, L50, M|\n|poke|p2|Lycanroc-Dusk, L50, M|\n|poke|p2|Scovillain, L50, M|\n|teampreview|4\n|showteam|p1|Tyranitar||Tyranitarite|SandStream|RockSlide,KnockOff,LowKick,Protect|Jolly||F|||50|]Excadrill||FocusSash|SandRush|HighHorsepower,IronHead,RockSlide,Protect|Adamant||M|||50|]Gholdengo||LifeOrb|GoodasGold|ShadowBall,MakeItRain,NastyPlot,Protect|Modest|||||50|]Milotic||SitrusBerry|Competitive|Scald,IceBeam,IcyWind,Protect|Calm||F|||50|]Sinistcha-Masterpiece||ColburBerry|Hospitality|MatchaGotcha,ShadowBall,RagePowder,Protect|Bold|||||50|]Staraptor||Staraptite|Intimidate|BraveBird,CloseCombat,Tailwind,Protect|Jolly||F|||50|\n|showteam|p2|Froslass||Froslassite|CursedBody|Blizzard,ShadowBall,Thunderbolt,Protect|Timid||F|||50|]Basculegion||MysticWater|Adaptability|WaveCrash,LastRespects,AquaJet,Protect|Adamant||M|||50|]Kingambit||LifeOrb|Defiant|KowtowCleave,SuckerPunch,SwordsDance,Protect|Adamant||F|||50|]Sneasler||WhiteHerb|Unburden|CloseCombat,GunkShot,FakeOut,Protect|Adamant||M|||50|]Lycanroc-Dusk||FocusSash|ToughClaws|RockSlide,CloseCombat,Accelerock,Protect|Adamant||M|||50|]Scovillain||Scovillainite|Moody|Overheat,GigaDrain,RagePowder,Protect|Bold||M|||50|\n|inactive|Battle timer is ON: inactive players will automatically lose when time's up. (requested by TheTrueTH)\n|inactive|beni_9 has 60 seconds left.\n|\n|t:|1788179404\n|teamsize|p1|4\n|teamsize|p2|4\n|start\n|switch|p1a: Tyranitar|Tyranitar, L50, F|100/100\n|switch|p1b: Excadrill|Excadrill, L50, M|100/100\n|switch|p2a: Scovillain|Scovillain, L50, M|100/100\n|switch|p2b: Kingambit|Kingambit, L50, F|100/100\n|-weather|Sandstorm|[from] ability: Sand Stream|[of] p1a: Tyranitar\n|turn|1\n|inactive|beni_9 has 30 seconds left.\n|\n|t:|1788179431\n|detailschange|p1a: Tyranitar|Tyranitar-Mega, L50, F\n|-mega|p1a: Tyranitar|Tyranitar|Tyranitarite\n|detailschange|p2a: Scovillain|Scovillain-Mega, L50, M\n|-mega|p2a: Scovillain|Scovillain|Scovillainite\n|move|p2a: Scovillain|Rage Powder|p2a: Scovillain\n|-singleturn|p2a: Scovillain|move: Rage Powder\n|move|p1b: Excadrill|Rock Slide|p2a: Scovillain|[spread] p2a,p2b\n|-supereffective|p2a: Scovillain|1\n|-resisted|p2b: Kingambit|1\n|-damage|p2a: Scovillain|56/100\n|-damage|p2b: Kingambit|91/100\n|-status|p1b: Excadrill|brn|[from] ability: Spicy Spray|[of] p2a: Scovillain\n|move|p1a: Tyranitar|Low Kick|p2a: Scovillain\n|-damage|p2a: Scovillain|43/100\n|-status|p1a: Tyranitar|brn|[from] ability: Spicy Spray|[of] p2a: Scovillain\n|move|p2b: Kingambit|Swords Dance|p2b: Kingambit\n|-boost|p2b: Kingambit|atk|2\n|\n|-weather|Sandstorm|[upkeep]\n|-damage|p2a: Scovillain|37/100|[from] Sandstorm\n|-damage|p1b: Excadrill|94/100 brn|[from] brn\n|-damage|p1a: Tyranitar|94/100 brn|[from] brn\n|upkeep\n|turn|2\n|inactive|beni_9 has 30 seconds left.\n|\n|t:|1788179458\n|move|p2a: Scovillain|Rage Powder|p2a: Scovillain\n|-singleturn|p2a: Scovillain|move: Rage Powder\n|move|p2b: Kingambit|Sucker Punch|p1b: Excadrill\n|-damage|p1b: Excadrill|0 fnt\n|faint|p1b: Excadrill\n|-damage|p2b: Kingambit|82/100|[from] item: Life Orb\n|move|p1a: Tyranitar|Rock Slide|p2b: Kingambit|[spread] p2a,p2b\n|-supereffective|p2a: Scovillain|1\n|-resisted|p2b: Kingambit|1\n|-damage|p2a: Scovillain|7/100\n|-damage|p2b: Kingambit|75/100\n|\n|-weather|Sandstorm|[upkeep]\n|-damage|p2a: Scovillain|1/100|[from] Sandstorm\n|-damage|p1a: Tyranitar|88/100 brn|[from] brn\n|upkeep\n|\n|t:|1788179476\n|switch|p1b: Sinistcha|Sinistcha-Masterpiece, L50|100/100\n|-heal|p1a: Tyranitar|100/100 brn|[from] ability: Hospitality|[of] p1b: Sinistcha\n|turn|3\n|\n|t:|1788179495\n|move|p2a: Scovillain|Rage Powder|p2a: Scovillain\n|-singleturn|p2a: Scovillain|move: Rage Powder\n|move|p1a: Tyranitar|Rock Slide|p2a: Scovillain|[spread] p2a,p2b\n|-supereffective|p2a: Scovillain|1\n|-resisted|p2b: Kingambit|1\n|-damage|p2a: Scovillain|0 fnt\n|-damage|p2b: Kingambit|70/100\n|faint|p2a: Scovillain\n|move|p1b: Sinistcha|Matcha Gotcha|p2b: Kingambit\n|-resisted|p2b: Kingambit|1\n|-damage|p2b: Kingambit|54/100\n|move|p2b: Kingambit|Kowtow Cleave|p1b: Sinistcha\n|-supereffective|p1b: Sinistcha|1\n|-enditem|p1b: Sinistcha|Colbur Berry|[eat]\n|-enditem|p1b: Sinistcha|Colbur Berry|[weaken]\n|-damage|p1b: Sinistcha|0 fnt\n|faint|p1b: Sinistcha\n|-damage|p2b: Kingambit|44/100|[from] item: Life Orb\n|\n|-weather|Sandstorm|[upkeep]\n|-damage|p1a: Tyranitar|94/100 brn|[from] brn\n|upkeep\n|\n|t:|1788179515\n|switch|p2a: Sneasler|Sneasler, L50, M|100/100\n|switch|p1b: Gholdengo|Gholdengo, L50|100/100\n|turn|4\n|\n|t:|1788179532\n|move|p1b: Gholdengo|Protect|p1b: Gholdengo\n|-singleturn|p1b: Gholdengo|Protect\n|move|p2a: Sneasler|Close Combat|p1a: Tyranitar\n|-supereffective|p1a: Tyranitar|2\n|-damage|p1a: Tyranitar|0 fnt\n|-unboost|p2a: Sneasler|def|1\n|-unboost|p2a: Sneasler|spd|1\n|faint|p1a: Tyranitar\n|-enditem|p2a: Sneasler|White Herb\n|-clearnegativeboost|p2a: Sneasler|[silent]\n|move|p2b: Kingambit|Kowtow Cleave|p1b: Gholdengo\n|-activate|p1b: Gholdengo|move: Protect\n|\n|-weather|Sandstorm|[upkeep]\n|-damage|p2a: Sneasler|94/100|[from] Sandstorm\n|upkeep\n|turn|5\n|\n|t:|1788179551\n|switch|p2a: Basculegion|Basculegion, L50, M|100/100\n|move|p2b: Kingambit|Sucker Punch||[still]\n|-fail|p2b: Kingambit\n|move|p1b: Gholdengo|Nasty Plot|p1b: Gholdengo\n|-boost|p1b: Gholdengo|spa|2\n|\n|-weather|none\n|upkeep\n|turn|6\n|\n|t:|1788179563\n|move|p2b: Kingambit|Sucker Punch|p1b: Gholdengo\n|-supereffective|p1b: Gholdengo|1\n|-damage|p1b: Gholdengo|0 fnt\n|faint|p1b: Gholdengo\n|-damage|p2b: Kingambit|35/100|[from] item: Life Orb\n|\n|win|beni_9\n","uploadtime":1788179563,"views":"0","formatid":"gen9championsvgc2026regmbbo3","rating":null,"private":0,"password":null}