{"id":"gen9championsvgc2026regmbbo3-2674730770","format":"[Gen 9 Champions] VGC 2026 Reg M-B (Bo3)","players":["Yoghurt25","babel hal"],"log":"|j|☆Yoghurt25\n|j|☆babel hal\n|html|<table width=\"100%\"><tr><td align=\"left\">Yoghurt25</td><td align=\"right\">babel hal</tr><tr><td align=\"left\"><i class=\"fa fa-circle\"></i> <i class=\"fa fa-circle-o\"></i> </td><td align=\"right\"><i class=\"fa fa-circle-o\"></i> <i class=\"fa fa-circle\"></i> </tr></table>\n|uhtml|bestof|<h2><strong>Game 3</strong> of <a href=\"/game-bestof3-gen9championsvgc2026regmbbo3-2674727859\">a best-of-3</a></h2>\n|t:|1788397306\n|gametype|doubles\n|player|p1|Yoghurt25|101|1101\n|player|p2|babel hal|101|1161\n|gen|9\n|tier|[Gen 9 Champions] VGC 2026 Reg M-B (Bo3)\n|rated|\n|rule|Species Clause: Limit one of each Pokémon\n|rule|Item Clause: Limit 1 of each item\n|clearpoke\n|poke|p1|Sinistcha, L50|\n|poke|p1|Incineroar, L50, M|\n|poke|p1|Blaziken, L50, M|\n|poke|p1|Ninetales-Alola, L50, F|\n|poke|p1|Mawile, L50, F|\n|poke|p1|Basculegion, L50, M|\n|poke|p2|Clefable, L50, F|\n|poke|p2|Empoleon, L50, F|\n|poke|p2|Sinistcha, L50|\n|poke|p2|Farigiraf, L50, F|\n|poke|p2|Blaziken, L50, F|\n|poke|p2|Sneasler, L50, F|\n|teampreview|4\n|showteam|p1|Sinistcha||KasibBerry|Hospitality|MatchaGotcha,RagePowder,TrickRoom,Protect|Relaxed|||||50|]Incineroar||SitrusBerry|Intimidate|FlareBlitz,FakeOut,PartingShot,HelpingHand|Careful||M|||50|]Blaziken||Blazikenite|SpeedBoost|CloseCombat,FlareBlitz,RockSlide,Detect|Adamant||M|||50|]Ninetales-Alola||NeverMeltIce|SnowWarning|Blizzard,FreezeDry,Encore,Protect|Timid||F|||50|]Mawile||Mawilite|HyperCutter|PlayRough,IronHead,SuckerPunch,Protect|Adamant||F|||50|]Basculegion||LifeOrb|Adaptability|WaveCrash,LastRespects,AquaJet,Protect|Adamant||M|||50|\n|showteam|p2|Clefable||Clefablite|CuteCharm|FollowMe,LifeDew,IcyWind,DrainingKiss|Modest||F|||50|]Empoleon||SitrusBerry|Competitive|GrassKnot,HydroPump,VacuumWave,SteelBeam|Quiet||F|||50|]Sinistcha||ZoomLens|Hospitality|MatchaGotcha,StrengthSap,TrickRoom,RagePowder|Relaxed|||||50|]Farigiraf||Leftovers|ArmorTail|StoredPower,Agility,CalmMind,HyperVoice|Modest||F|||50|]Blaziken||Blazikenite|SpeedBoost|Protect,RockSlide,CloseCombat,FlareBlitz|Adamant||F|||50|]Sneasler||FocusSash|Unburden|Coaching,CloseCombat,FakeOut,DireClaw|Adamant||F|||50|\n|\n|t:|1788397337\n|teamsize|p1|4\n|teamsize|p2|4\n|start\n|switch|p1a: Incineroar|Incineroar, L50, M|100/100\n|switch|p1b: Blaziken|Blaziken, L50, M|100/100\n|switch|p2a: Empoleon|Empoleon, L50, F|100/100\n|switch|p2b: Sinistcha|Sinistcha, L50|100/100\n|-ability|p1a: Incineroar|Intimidate|boost\n|-unboost|p2a: Empoleon|atk|1\n|-ability|p2a: Empoleon|Competitive|boost\n|-boost|p2a: Empoleon|spa|2\n|-unboost|p2b: Sinistcha|atk|1\n|turn|1\n|\n|t:|1788397378\n|detailschange|p1b: Blaziken|Blaziken-Mega, L50, M\n|-mega|p1b: Blaziken|Blaziken|Blazikenite\n|move|p1a: Incineroar|Fake Out|p2a: Empoleon\n|-resisted|p2a: Empoleon|1\n|-damage|p2a: Empoleon|94/100\n|move|p2b: Sinistcha|Rage Powder|p2b: Sinistcha\n|-singleturn|p2b: Sinistcha|move: Rage Powder\n|move|p1b: Blaziken|Flare Blitz|p2b: Sinistcha\n|-supereffective|p2b: Sinistcha|1\n|-damage|p2b: Sinistcha|0 fnt\n|faint|p2b: Sinistcha\n|-damage|p1b: Blaziken|64/100|[from] Recoil\n|cant|p2a: Empoleon|flinch\n|\n|-ability|p1b: Blaziken|Speed Boost|boost\n|-boost|p1b: Blaziken|spe|1\n|upkeep\n|\n|t:|1788397389\n|switch|p2b: Sneasler|Sneasler, L50, F|100/100\n|turn|2\n|\n|t:|1788397400\n|switch|p1a: Sinistcha|Sinistcha, L50|100/100\n|-heal|p1b: Blaziken|89/100|[from] ability: Hospitality|[of] p1a: Sinistcha\n|move|p1b: Blaziken|Detect|p1b: Blaziken\n|-singleturn|p1b: Blaziken|Protect\n|move|p2b: Sneasler|Fake Out|p1b: Blaziken\n|-activate|p1b: Blaziken|move: Protect\n|move|p2a: Empoleon|Hydro Pump|p1a: Sinistcha\n|-resisted|p1a: Sinistcha|1\n|-damage|p1a: Sinistcha|43/100\n|\n|-ability|p1b: Blaziken|Speed Boost|boost\n|-boost|p1b: Blaziken|spe|1\n|upkeep\n|turn|3\n|\n|t:|1788397438\n|move|p1b: Blaziken|Close Combat|p2a: Empoleon\n|-supereffective|p2a: Empoleon|1\n|-damage|p2a: Empoleon|0 fnt\n|-unboost|p1b: Blaziken|def|1\n|-unboost|p1b: Blaziken|spd|1\n|faint|p2a: Empoleon\n|move|p2b: Sneasler|Dire Claw|p1b: Blaziken\n|-damage|p1b: Blaziken|6/100\n|move|p1a: Sinistcha|Matcha Gotcha|p2b: Sneasler\n|-resisted|p2b: Sneasler|1\n|-damage|p2b: Sneasler|78/100\n|-heal|p1a: Sinistcha|52/100|[from] drain|[of] p2b: Sneasler\n|\n|-ability|p1b: Blaziken|Speed Boost|boost\n|-boost|p1b: Blaziken|spe|1\n|upkeep\n|\n|t:|1788397447\n|switch|p2a: Blaziken|Blaziken, L50, F|100/100\n|turn|4\n|\n|t:|1788397463\n|move|p2a: Blaziken|Protect|p2a: Blaziken\n|-singleturn|p2a: Blaziken|Protect\n|move|p1a: Sinistcha|Rage Powder|p1a: Sinistcha\n|-singleturn|p1a: Sinistcha|move: Rage Powder\n|move|p1b: Blaziken|Close Combat|p2a: Blaziken\n|-activate|p2a: Blaziken|move: Protect\n|move|p2b: Sneasler|Dire Claw|p1a: Sinistcha\n|-damage|p1a: Sinistcha|11/100\n|\n|-ability|p1b: Blaziken|Speed Boost|boost\n|-boost|p1b: Blaziken|spe|1\n|-ability|p2a: Blaziken|Speed Boost|boost\n|-boost|p2a: Blaziken|spe|1\n|upkeep\n|turn|5\n|\n|t:|1788397488\n|detailschange|p2a: Blaziken|Blaziken-Mega, L50, F\n|-mega|p2a: Blaziken|Blaziken|Blazikenite\n|move|p1a: Sinistcha|Rage Powder|p1a: Sinistcha\n|-singleturn|p1a: Sinistcha|move: Rage Powder\n|move|p1b: Blaziken|Close Combat|p2a: Blaziken\n|-damage|p2a: Blaziken|0 fnt\n|-unboost|p1b: Blaziken|def|1\n|-unboost|p1b: Blaziken|spd|1\n|faint|p2a: Blaziken\n|move|p2b: Sneasler|Dire Claw|p1a: Sinistcha\n|-damage|p1a: Sinistcha|0 fnt\n|faint|p1a: Sinistcha\n|\n|-ability|p1b: Blaziken|Speed Boost|boost\n|-boost|p1b: Blaziken|spe|1\n|upkeep\n|\n|t:|1788397501\n|switch|p1a: Basculegion|Basculegion, L50, M|100/100\n|turn|6\n|\n|t:|1788397508\n|move|p1a: Basculegion|Aqua Jet|p2b: Sneasler\n|-damage|p2b: Sneasler|17/100\n|-damage|p1a: Basculegion|90/100|[from] item: Life Orb\n|move|p1b: Blaziken|Flare Blitz|p2b: Sneasler\n|-damage|p2b: Sneasler|0 fnt\n|faint|p2b: Sneasler\n|-damage|p1b: Blaziken|1/100|[from] Recoil\n|\n|win|Yoghurt25\n|raw|Yoghurt25's rating: 1101 &rarr; <strong>1130</strong><br />(+29 for winning)\n|raw|babel hal's rating: 1161 &rarr; <strong>1132</strong><br />(-29 for losing)\n","uploadtime":1788397511,"views":"4","formatid":"gen9championsvgc2026regmbbo3","rating":1130,"private":0,"password":null}