{"id":"gen9championsvgc2026regmb-2674337381","format":"[Gen 9 Champions] VGC 2026 Reg M-B","players":["Tokoyo08","Igq4xYz"],"log":"|j|☆Tokoyo08\n|j|☆Igq4xYz\n|t:|1788344035\n|gametype|doubles\n|player|p1|Tokoyo08|265|1106\n|player|p2|Igq4xYz|shadowtriad|1037\n|gen|9\n|tier|[Gen 9 Champions] VGC 2026 Reg M-B\n|rated|\n|rule|Species Clause: Limit one of each Pokémon\n|rule|Item Clause: Limit 1 of each item\n|clearpoke\n|poke|p1|Alakazam, L50, F|\n|poke|p1|Farigiraf, L50, M|\n|poke|p1|Tauros-Paldea-Aqua, L50, M|\n|poke|p1|Incineroar, L50, M|\n|poke|p1|Maushold, L50|\n|poke|p1|Meowstic, L50, M|\n|poke|p2|Garchomp, L50, M|\n|poke|p2|Charizard, L50, F, shiny|\n|poke|p2|Kingambit, L50, F, shiny|\n|poke|p2|Basculegion, L50, M, shiny|\n|poke|p2|Sneasler, L50, M, shiny|\n|poke|p2|Dragonite, L50, F, shiny|\n|teampreview|4\n|\n|t:|1788344110\n|teamsize|p1|4\n|teamsize|p2|4\n|start\n|switch|p1a: Tauros|Tauros-Paldea-Aqua, L50, M|100/100\n|switch|p1b: Maushold|Maushold, L50|100/100\n|switch|p2a: Sneasler|Sneasler, L50, M, shiny|100/100\n|switch|p2b: Kingambit|Kingambit, L50, F, shiny|100/100\n|-ability|p1a: Tauros|Intimidate|boost\n|-unboost|p2a: Sneasler|atk|1\n|-unboost|p2b: Kingambit|atk|1\n|-ability|p2b: Kingambit|Defiant|boost\n|-boost|p2b: Kingambit|atk|2\n|turn|1\n|\n|t:|1788344143\n|move|p1b: Maushold|Protect|p1b: Maushold\n|-singleturn|p1b: Maushold|Protect\n|move|p1a: Tauros|Protect|p1a: Tauros\n|-singleturn|p1a: Tauros|Protect\n|move|p2a: Sneasler|Close Combat|p1b: Maushold\n|-activate|p1b: Maushold|move: Protect\n|move|p2b: Kingambit|Low Kick|p1a: Tauros\n|-activate|p1a: Tauros|move: Protect\n|\n|upkeep\n|turn|2\n|\n|t:|1788344171\n|move|p1b: Maushold|Follow Me|p1b: Maushold\n|-singleturn|p1b: Maushold|move: Follow Me\n|move|p1a: Tauros|Close Combat|p2b: Kingambit\n|-supereffective|p2b: Kingambit|2\n|-enditem|p2b: Kingambit|Chople Berry|[eat]\n|-enditem|p2b: Kingambit|Chople Berry|[weaken]\n|-damage|p2b: Kingambit|0 fnt\n|-unboost|p1a: Tauros|def|1\n|-unboost|p1a: Tauros|spd|1\n|faint|p2b: Kingambit\n|-damage|p1a: Tauros|90/100|[from] item: Life Orb\n|move|p2a: Sneasler|Close Combat|p1b: Maushold\n|-supereffective|p1b: Maushold|1\n|-damage|p1b: Maushold|7/100\n|-unboost|p2a: Sneasler|def|1\n|-unboost|p2a: Sneasler|spd|1\n|\n|upkeep\n|\n|t:|1788344187\n|switch|p2b: Basculegion|Basculegion, L50, M, shiny|100/100\n|turn|3\n|\n|t:|1788344211\n|move|p2b: Basculegion|Protect|p2b: Basculegion\n|-singleturn|p2b: Basculegion|Protect\n|move|p1b: Maushold|Follow Me|p1b: Maushold\n|-singleturn|p1b: Maushold|move: Follow Me\n|move|p1a: Tauros|Raging Bull|p2a: Sneasler\n|-enditem|p2a: Sneasler|Focus Sash\n|-damage|p2a: Sneasler|1/100\n|-damage|p1a: Tauros|80/100|[from] item: Life Orb\n|move|p2a: Sneasler|Close Combat|p1b: Maushold\n|-supereffective|p1b: Maushold|1\n|-damage|p1b: Maushold|0 fnt\n|-unboost|p2a: Sneasler|def|1\n|-unboost|p2a: Sneasler|spd|1\n|faint|p1b: Maushold\n|\n|upkeep\n|\n|t:|1788344224\n|switch|p1b: Meowstic|Meowstic, L50, M|100/100\n|turn|4\n|\n|t:|1788344265\n|move|p2a: Sneasler|Feint|p1a: Tauros\n|-damage|p1a: Tauros|71/100\n|move|p1b: Meowstic|Psychic Terrain|p1b: Meowstic\n|-fieldstart|move: Psychic Terrain\n|move|p1a: Tauros|Raging Bull|p2a: Sneasler\n|-damage|p2a: Sneasler|0 fnt\n|faint|p2a: Sneasler\n|-damage|p1a: Tauros|61/100|[from] item: Life Orb\n|move|p2b: Basculegion|Last Respects|p1b: Meowstic\n|-supereffective|p1b: Meowstic|1\n|-damage|p1b: Meowstic|0 fnt\n|faint|p1b: Meowstic\n|-damage|p2b: Basculegion|90/100|[from] item: Life Orb\n|\n|upkeep\n|\n|t:|1788344278\n|switch|p2a: Charizard|Charizard, L50, F, shiny|100/100\n|switch|p1b: Alakazam|Alakazam, L50, F|100/100\n|turn|5\n|\n|t:|1788344287\n|detailschange|p1b: Alakazam|Alakazam-Mega, L50, F\n|-mega|p1b: Alakazam|Alakazam|Alakazite\n|-ability|p1b: Alakazam|Adaptability|Trace|[from] ability: Trace|[of] p2b: Basculegion\n|detailschange|p2a: Charizard|Charizard-Mega-Y, L50, F, shiny\n|-mega|p2a: Charizard|Charizard|Charizardite Y\n|-weather|SunnyDay|[from] ability: Drought|[of] p2a: Charizard\n|move|p1b: Alakazam|Expanding Force|p2b: Basculegion|[spread] p2a,p2b\n|-damage|p2a: Charizard|0 fnt\n|-damage|p2b: Basculegion|0 fnt\n|faint|p2a: Charizard\n|faint|p2b: Basculegion\n|\n|win|Tokoyo08\n|raw|Tokoyo08's rating: 1106 &rarr; <strong>1126</strong><br />(+20 for winning)\n|raw|Igq4xYz's rating: 1037 &rarr; <strong>1024</strong><br />(-13 for losing)\n","uploadtime":1788344324,"views":"14","formatid":"gen9championsvgc2026regmb","rating":1024,"private":0,"password":null}