{"id":"gen9championsvgc2026regmb-2674150901","format":"[Gen 9 Champions] VGC 2026 Reg M-B","players":["Fxenchy","Daap_15"],"log":"|j|☆Fxenchy\n|j|☆Daap_15\n|t:|1788306720\n|gametype|doubles\n|player|p1|Fxenchy|steven|1231\n|player|p2|Daap_15|pokemaniac|1213\n|gen|9\n|tier|[Gen 9 Champions] VGC 2026 Reg M-B\n|rated|\n|rule|Species Clause: Limit one of each Pokémon\n|rule|Item Clause: Limit 1 of each item\n|clearpoke\n|poke|p1|Mamoswine, L50, M|\n|poke|p1|Starmie, L50|\n|poke|p1|Raichu, L50, F|\n|poke|p1|Kingambit, L50, M|\n|poke|p1|Dragapult, L50, F|\n|poke|p1|Staraptor, L50, F|\n|poke|p2|Aerodactyl, L50, M, shiny|\n|poke|p2|Kingambit, L50, M, shiny|\n|poke|p2|Farigiraf, L50, F, shiny|\n|poke|p2|Whimsicott, L50, F, shiny|\n|poke|p2|Charizard, L50, M, shiny|\n|poke|p2|Garchomp, L50, F, shiny|\n|teampreview|4\n|inactive|Battle timer is ON: inactive players will automatically lose when time's up. (requested by Daap_15)\nDaap_15 rejected open team sheets.\n|\n|t:|1788306758\n|teamsize|p1|4\n|teamsize|p2|4\n|start\n|switch|p1a: Starmie|Starmie, L50|100/100\n|switch|p1b: Raichu|Raichu, L50, F|100/100\n|switch|p2a: Whimsicott|Whimsicott, L50, F, shiny|100/100\n|switch|p2b: Aerodactyl|Aerodactyl, L50, M, shiny|100/100\n|turn|1\n|\n|t:|1788306778\n|detailschange|p1a: Starmie|Starmie-Mega, L50\n|-mega|p1a: Starmie|Starmie|Starminite\n|move|p2a: Whimsicott|Protect|p2a: Whimsicott\n|-singleturn|p2a: Whimsicott|Protect\n|move|p2b: Aerodactyl|Protect|p2b: Aerodactyl\n|-singleturn|p2b: Aerodactyl|Protect\n|move|p1b: Raichu|Fake Out|p2a: Whimsicott\n|-activate|p2a: Whimsicott|move: Protect\n|move|p1a: Starmie|Liquidation|p2b: Aerodactyl\n|-activate|p2b: Aerodactyl|move: Protect\n|\n|upkeep\n|turn|2\n|\n|t:|1788306801\n|switch|p2b: Kingambit|Kingambit, L50, M, shiny|100/100\n|move|p2a: Whimsicott|Tailwind|p2a: Whimsicott\n|-sidestart|p2: Daap_15|move: Tailwind\n|move|p1b: Raichu|Thunderbolt|p2b: Kingambit\n|-damage|p2b: Kingambit|60/100\n|move|p1a: Starmie|Ice Spinner|p2a: Whimsicott\n|-supereffective|p2a: Whimsicott|1\n|-enditem|p2a: Whimsicott|Focus Sash\n|-damage|p2a: Whimsicott|1/100\n|\n|upkeep\n|turn|3\n|\n|t:|1788306822\n|move|p1a: Starmie|Protect|p1a: Starmie\n|-singleturn|p1a: Starmie|Protect\n|move|p2a: Whimsicott|Moonblast|p1b: Raichu\n|-damage|p1b: Raichu|46/100\n|move|p1b: Raichu|Thunderbolt|p2a: Whimsicott\n|-resisted|p2a: Whimsicott|1\n|-damage|p2a: Whimsicott|0 fnt\n|faint|p2a: Whimsicott\n|move|p2b: Kingambit|Kowtow Cleave|p1b: Raichu\n|-damage|p1b: Raichu|0 fnt\n|faint|p1b: Raichu\n|\n|upkeep\n|\n|t:|1788306834\n|switch|p2a: Aerodactyl|Aerodactyl, L50, M, shiny|100/100\n|switch|p1b: Mamoswine|Mamoswine, L50, M|100/100\n|turn|4\n|\n|t:|1788306850\n|switch|p1a: Kingambit|Kingambit, L50, M|100/100\n|detailschange|p2a: Aerodactyl|Aerodactyl-Mega, L50, M, shiny\n|-mega|p2a: Aerodactyl|Aerodactyl|Aerodactylite\n|move|p1b: Mamoswine|Protect|p1b: Mamoswine\n|-singleturn|p1b: Mamoswine|Protect\n|move|p2a: Aerodactyl|Rock Slide|p1b: Mamoswine|[spread] p1a\n|-activate|p1b: Mamoswine|move: Protect\n|-resisted|p1a: Kingambit|1\n|-damage|p1a: Kingambit|91/100\n|move|p2b: Kingambit|Iron Head|p1b: Mamoswine\n|-activate|p1b: Mamoswine|move: Protect\n|\n|upkeep\n|turn|5\n|\n|t:|1788306872\n|switch|p1b: Starmie|Starmie-Mega, L50|100/100\n|move|p2a: Aerodactyl|Rock Slide|p1b: Starmie|[spread] p1a,p1b\n|-resisted|p1a: Kingambit|1\n|-damage|p1a: Kingambit|82/100\n|-damage|p1b: Starmie|72/100\n|move|p2b: Kingambit|Iron Head|p1b: Starmie\n|-resisted|p1b: Starmie|1\n|-damage|p1b: Starmie|50/100g\n|move|p1a: Kingambit|Iron Head|p2a: Aerodactyl\n|-supereffective|p2a: Aerodactyl|1\n|-damage|p2a: Aerodactyl|0 fnt\n|faint|p2a: Aerodactyl\n|\n|-sideend|p2: Daap_15|move: Tailwind\n|upkeep\n|\n|t:|1788306885\n|switch|p2a: Garchomp|Garchomp, L50, F, shiny|100/100\n|turn|6\n|\n|t:|1788306904\n|switch|p1a: Mamoswine|Mamoswine, L50, M|100/100\n|move|p2a: Garchomp|Protect|p2a: Garchomp\n|-singleturn|p2a: Garchomp|Protect\n|move|p2b: Kingambit|Sucker Punch|p1b: Starmie\n|-supereffective|p1b: Starmie|1\n|-damage|p1b: Starmie|0 fnt\n|faint|p1b: Starmie\n|\n|upkeep\n|\n|t:|1788306911\n|switch|p1b: Kingambit|Kingambit, L50, M|82/100\n|turn|7\n|\n|t:|1788306920\n|move|p1b: Kingambit|Protect|p1b: Kingambit\n|-singleturn|p1b: Kingambit|Protect\n|move|p2b: Kingambit|Protect|p2b: Kingambit\n|-singleturn|p2b: Kingambit|Protect\n|move|p2a: Garchomp|Earthquake|p1b: Kingambit|[spread] p1a\n|-activate|p2b: Kingambit|move: Protect\n|-activate|p1b: Kingambit|move: Protect\n|-damage|p1a: Mamoswine|51/100\n|-damage|p2a: Garchomp|90/100|[from] item: Life Orb\n|move|p1a: Mamoswine|Icicle Crash|p2a: Garchomp\n|-supereffective|p2a: Garchomp|2\n|-damage|p2a: Garchomp|0 fnt\n|faint|p2a: Garchomp\n|\n|upkeep\n|turn|8\n|-message|Daap_15 forfeited.\n|\n|win|Fxenchy\n|raw|Fxenchy's rating: 1231 &rarr; <strong>1255</strong><br />(+24 for winning)\n|raw|Daap_15's rating: 1213 &rarr; <strong>1189</strong><br />(-24 for losing)\n","uploadtime":1788306943,"views":"1","formatid":"gen9championsvgc2026regmb","rating":1189,"private":0,"password":null}