{"id":"gen9championsvgc2026regmbbo3-2673548573","format":"[Gen 9 Champions] VGC 2026 Reg M-B (Bo3)","players":["gyaradosagent93","reshiee"],"log":"|j|☆gyaradosagent93\n|j|☆reshiee\n|html|<table width=\"100%\"><tr><td align=\"left\">gyaradosagent93</td><td align=\"right\">reshiee</tr><tr><td align=\"left\"><i class=\"fa fa-circle-o\"></i> <i class=\"fa fa-circle-o\"></i> </td><td align=\"right\"><i class=\"fa fa-circle-o\"></i> <i class=\"fa fa-circle\"></i> </tr></table>\n|uhtml|bestof|<h2><strong>Game 2</strong> of <a href=\"/game-bestof3-gen9championsvgc2026regmbbo3-2673545549\">a best-of-3</a></h2>\n|t:|1788211619\n|gametype|doubles\n|player|p1|gyaradosagent93|1|1237\n|player|p2|reshiee|gwynn|1165\n|gen|9\n|tier|[Gen 9 Champions] VGC 2026 Reg M-B (Bo3)\n|rated|\n|rule|Species Clause: Limit one of each Pokémon\n|rule|Item Clause: Limit 1 of each item\n|clearpoke\n|poke|p1|Dragonite, L50, M|\n|poke|p1|Kingambit, L50, M|\n|poke|p1|Whimsicott, L50, M|\n|poke|p1|Ninetales-Alola, L50, F|\n|poke|p1|Glimmora, L50, F|\n|poke|p1|Basculegion, L50, M|\n|poke|p2|Charizard, L50, F, shiny|\n|poke|p2|Pelipper, L50, M, shiny|\n|poke|p2|Archaludon, L50, M, shiny|\n|poke|p2|Venusaur, L50, F|\n|poke|p2|Swampert, L50, M|\n|poke|p2|Grimmsnarl, L50, M, shiny|\n|teampreview|4\n|showteam|p1|Dragonite||Dragoninite|InnerFocus|DragonPulse,HeatWave,Thunderbolt,Protect|Modest||M|||50|]Kingambit||ChopleBerry|Defiant|KowtowCleave,IronHead,LowKick,SuckerPunch|Adamant||M|||50|]Whimsicott||FocusSash|Prankster|Moonblast,Tailwind,Encore,Protect|Timid||M|||50|]Ninetales-Alola||NeverMeltIce|SnowWarning|Blizzard,FreezeDry,AuroraVeil,Protect|Timid||F|||50|]Glimmora||Glimmoranite|ToxicDebris|PowerGem,SludgeBomb,EarthPower,SpikyShield|Modest||F|||50|]Basculegion||LifeOrb|Adaptability|WaveCrash,LastRespects,AquaJet,Protect|Adamant||M|||50|\n|showteam|p2|Charizard||CharizarditeY|Blaze|Protect,HeatWave,WeatherBall,Hurricane|Modest||F|||50|]Pelipper||SitrusBerry|Drizzle|Hurricane,WeatherBall,Tailwind,WideGuard|Modest||M|||50|]Archaludon||Leftovers|Stamina|Protect,ElectroShot,DragonPulse,FlashCannon|Calm||M|||50|]Venusaur||FocusSash|Chlorophyll|Protect,SleepPowder,SludgeBomb,LeafStorm|Modest||F|||50|]Swampert||Swampertite|Torrent|Protect,WaveCrash,Earthquake,IcePunch|Adamant||M|||50|]Grimmsnarl||LightClay|Prankster|SpiritBreak,Reflect,LightScreen,PartingShot|Sassy||M|||50|\n|j| Pokecraft15\n|\n|t:|1788211652\n|teamsize|p1|4\n|teamsize|p2|4\n|start\n|switch|p1a: Dragonite|Dragonite, L50, M|100/100\n|switch|p1b: Whimsicott|Whimsicott, L50, M|100/100\n|switch|p2a: Grimmsnarl|Grimmsnarl, L50, M, shiny|100/100\n|switch|p2b: Swampert|Swampert, L50, M|100/100\n|turn|1\n|\n|t:|1788211686\n|switch|p2b: Archaludon|Archaludon, L50, M, shiny|100/100\n|detailschange|p1a: Dragonite|Dragonite-Mega, L50, M\n|-mega|p1a: Dragonite|Dragonite|Dragoninite\n|move|p1a: Dragonite|Protect|p1a: Dragonite\n|-singleturn|p1a: Dragonite|Protect\n|move|p2a: Grimmsnarl|Light Screen|p2a: Grimmsnarl\n|-sidestart|p2: reshiee|move: Light Screen\n|move|p1b: Whimsicott|Moonblast|p2b: Archaludon\n|-damage|p2b: Archaludon|79/100\n|-ability|p2b: Archaludon|Stamina|boost\n|-boost|p2b: Archaludon|def|1\n|\n|-heal|p2b: Archaludon|85/100|[from] item: Leftovers\n|upkeep\n|turn|2\n|\n|t:|1788211717\n|switch|p1a: Kingambit|Kingambit, L50, M|100/100\n|move|p1b: Whimsicott|Protect|p1b: Whimsicott\n|-singleturn|p1b: Whimsicott|Protect\n|move|p2b: Archaludon|Flash Cannon|p1b: Whimsicott\n|-activate|p1b: Whimsicott|move: Protect\n|move|p2a: Grimmsnarl|Spirit Break|p1a: Kingambit\n|-damage|p1a: Kingambit|77/100\n|-unboost|p1a: Kingambit|spa|1\n|-ability|p1a: Kingambit|Defiant|boost\n|-boost|p1a: Kingambit|atk|2\n|\n|-heal|p2b: Archaludon|91/100|[from] item: Leftovers\n|upkeep\n|turn|3\n|\n|t:|1788211743\n|move|p2b: Archaludon|Protect|p2b: Archaludon\n|-singleturn|p2b: Archaludon|Protect\n|move|p1b: Whimsicott|Encore|p2b: Archaludon\n|-activate|p2b: Archaludon|move: Protect\n|move|p2a: Grimmsnarl|Reflect|p2a: Grimmsnarl\n|-sidestart|p2: reshiee|Reflect\n|move|p1a: Kingambit|Iron Head|p2a: Grimmsnarl\n|-supereffective|p2a: Grimmsnarl|1\n|-damage|p2a: Grimmsnarl|0 fnt\n|faint|p2a: Grimmsnarl\n|\n|-heal|p2b: Archaludon|97/100|[from] item: Leftovers\n|upkeep\n|\n|t:|1788211763\n|switch|p2a: Swampert|Swampert, L50, M|100/100\n|turn|4\n|\n|t:|1788211782\n|switch|p2b: Pelipper|Pelipper, L50, M, shiny|100/100\n|-weather|RainDance|[from] ability: Drizzle|[of] p2b: Pelipper\n|switch|p1a: Dragonite|Dragonite-Mega, L50, M|100/100\n|detailschange|p2a: Swampert|Swampert-Mega, L50, M\n|-mega|p2a: Swampert|Swampert|Swampertite\n|move|p1b: Whimsicott|Encore||[still]\n|-fail|p1b: Whimsicott\n|move|p2a: Swampert|Earthquake|p1a: Dragonite|[spread] p1b\n|-immune|p2b: Pelipper\n|-immune|p1a: Dragonite\n|-resisted|p1b: Whimsicott|1\n|-damage|p1b: Whimsicott|69/100\n|\n|-weather|RainDance|[upkeep]\n|upkeep\n|turn|5\n|\n|t:|1788211828\n|switch|p2b: Archaludon|Archaludon, L50, M, shiny|97/100\n|move|p1b: Whimsicott|Encore|p2a: Swampert\n|-start|p2a: Swampert|Encore\n|move|p2a: Swampert|Earthquake|p1b: Whimsicott|[spread] p2b,p1b\n|-immune|p1a: Dragonite\n|-supereffective|p2b: Archaludon|1\n|-resisted|p1b: Whimsicott|1\n|-damage|p2b: Archaludon|54/100\n|-damage|p1b: Whimsicott|38/100\n|-ability|p2b: Archaludon|Stamina|boost\n|-boost|p2b: Archaludon|def|1\n|move|p1a: Dragonite|Thunderbolt|p2b: Archaludon\n|-resisted|p2b: Archaludon|1\n|-damage|p2b: Archaludon|44/100\n|-ability|p2b: Archaludon|Stamina|boost\n|-boost|p2b: Archaludon|def|1\n|\n|-weather|RainDance|[upkeep]\n|-heal|p2b: Archaludon|50/100g|[from] item: Leftovers\n|upkeep\n|turn|6\n|\n|t:|1788211865\n|move|p1b: Whimsicott|Protect|p1b: Whimsicott\n|-singleturn|p1b: Whimsicott|Protect\n|move|p1a: Dragonite|Protect|p1a: Dragonite\n|-singleturn|p1a: Dragonite|Protect\n|move|p2b: Archaludon|Protect|p2b: Archaludon\n|-singleturn|p2b: Archaludon|Protect\n|move|p2a: Swampert|Earthquake|p1a: Dragonite|[spread] \n|-activate|p2b: Archaludon|move: Protect\n|-activate|p1a: Dragonite|move: Protect\n|-activate|p1b: Whimsicott|move: Protect\n|\n|-weather|RainDance|[upkeep]\n|-heal|p2b: Archaludon|56/100|[from] item: Leftovers\n|upkeep\n|turn|7\n|\n|t:|1788211932\n|move|p1b: Whimsicott|Encore|p2b: Archaludon\n|-start|p2b: Archaludon|Encore\n|move|p2b: Archaludon|Protect||[still]\n|-fail|p2b: Archaludon\n|move|p2a: Swampert|Earthquake|p1a: Dragonite|[spread] p2b,p1b\n|-immune|p1a: Dragonite\n|-supereffective|p2b: Archaludon|1\n|-resisted|p1b: Whimsicott|1\n|-damage|p2b: Archaludon|34/100\n|-damage|p1b: Whimsicott|7/100\n|-ability|p2b: Archaludon|Stamina|boost\n|-boost|p2b: Archaludon|def|1\n|move|p1a: Dragonite|Dragon Pulse|p2a: Swampert\n|-crit|p2a: Swampert\n|-damage|p2a: Swampert|35/100\n|\n|-weather|RainDance|[upkeep]\n|-heal|p2b: Archaludon|40/100|[from] item: Leftovers\n|-end|p2a: Swampert|Encore\n|upkeep\n|turn|8\n|\n|t:|1788211971\n|move|p2b: Archaludon|Protect|p2b: Archaludon\n|-singleturn|p2b: Archaludon|Protect\n|move|p1b: Whimsicott|Encore|p2a: Swampert\n|-start|p2a: Swampert|Encore\n|move|p2a: Swampert|Earthquake|p1a: Dragonite|[spread] p1b\n|-activate|p2b: Archaludon|move: Protect\n|-immune|p1a: Dragonite\n|-resisted|p1b: Whimsicott|1\n|-damage|p1b: Whimsicott|0 fnt\n|faint|p1b: Whimsicott\n|move|p1a: Dragonite|Dragon Pulse|p2a: Swampert\n|-damage|p2a: Swampert|5/100\n|\n|-weather|none\n|-heal|p2b: Archaludon|46/100|[from] item: Leftovers\n|-sideend|p2: reshiee|move: Light Screen\n|upkeep\n|\n|t:|1788211986\n|switch|p1b: Kingambit|Kingambit, L50, M|77/100\n|turn|9\n|\n|t:|1788212013\n|switch|p2a: Pelipper|Pelipper, L50, M, shiny|100/100\n|-weather|RainDance|[from] ability: Drizzle|[of] p2a: Pelipper\n|move|p2b: Archaludon|Protect||[still]\n|-fail|p2b: Archaludon\n|move|p1b: Kingambit|Sucker Punch||[still]\n|-fail|p1b: Kingambit\n|move|p1a: Dragonite|Dragon Pulse|p2b: Archaludon\n|-damage|p2b: Archaludon|0 fnt\n|faint|p2b: Archaludon\n|\n|-weather|RainDance|[upkeep]\n|upkeep\n|\n|t:|1788212025\n|switch|p2b: Swampert|Swampert-Mega, L50, M|5/100\n|turn|10\n|\n|t:|1788212044\n|switch|p1b: Ninetales|Ninetales-Alola, L50, F|100/100\n|-weather|Snowscape|[from] ability: Snow Warning|[of] p1b: Ninetales\n|move|p2b: Swampert|Protect|p2b: Swampert\n|-singleturn|p2b: Swampert|Protect\n|move|p1a: Dragonite|Thunderbolt|p2a: Pelipper\n|-supereffective|p2a: Pelipper|2\n|-damage|p2a: Pelipper|0 fnt\n|faint|p2a: Pelipper\n|\n|-weather|Snowscape|[upkeep]\n|-sideend|p2: reshiee|Reflect\n|upkeep\n|turn|11\n|\n|t:|1788212057\n|move|p1b: Ninetales|Freeze-Dry|p2b: Swampert\n|-supereffective|p2b: Swampert|2\n|-damage|p2b: Swampert|0 fnt\n|faint|p2b: Swampert\n|\n|win|gyaradosagent93\n||gyaradosagent93 is ready for game 3.\n|inactive|reshiee has 30 seconds to confirm battle start!\n||reshiee is ready for game 3.\n|uhtml|next|Next: <a href=\"/battle-gen9championsvgc2026regmbbo3-2673551841\"><strong>Game 3 of 3</strong></a>\n|l| Pokecraft15\n|l|☆reshiee\n|player|p2|\n","uploadtime":1788212062,"views":"4","formatid":"gen9championsvgc2026regmbbo3","rating":null,"private":0,"password":null}