{"id":"gen9championsvgc2026regmbbo3-2674604926","format":"[Gen 9 Champions] VGC 2026 Reg M-B (Bo3)","players":["firelight261","platanoso"],"log":"|j|☆firelight261\n|j|☆platanoso\n|html|<table width=\"100%\"><tr><td align=\"left\">firelight261</td><td align=\"right\">platanoso</tr><tr><td align=\"left\"><i class=\"fa fa-circle-o\"></i> <i class=\"fa fa-circle-o\"></i> </td><td align=\"right\"><i class=\"fa fa-circle-o\"></i> <i class=\"fa fa-circle-o\"></i> </tr></table>\n|uhtml|bestof|<h2><strong>Game 1</strong> of <a href=\"/game-bestof3-gen9championsvgc2026regmbbo3-2674604925\">a best-of-3</a></h2>\n|t:|1788379299\n|gametype|doubles\n|player|p1|firelight261|cynthia-gen4|1205\n|player|p2|platanoso|madame-gen4|1217\n|gen|9\n|tier|[Gen 9 Champions] VGC 2026 Reg M-B (Bo3)\n|rated|\n|rule|Species Clause: Limit one of each Pokémon\n|rule|Item Clause: Limit 1 of each item\n|clearpoke\n|poke|p1|Staraptor, L50, M, shiny|\n|poke|p1|Delphox, L50, M|\n|poke|p1|Garchomp, L50, M|\n|poke|p1|Whimsicott, L50, F, shiny|\n|poke|p1|Kingambit, L50, M|\n|poke|p1|Glimmora, L50, M|\n|poke|p2|Floette-Eternal, L50, F|\n|poke|p2|Sneasler, L50, M|\n|poke|p2|Incineroar, L50, M|\n|poke|p2|Sinistcha, L50|\n|poke|p2|Delphox, L50, M|\n|poke|p2|Garchomp, L50, F|\n|teampreview|4\n|showteam|p1|Staraptor||Staraptite|Intimidate|Protect,Roost,CloseCombat,BraveBird|Jolly||M|||50|]Delphox||Delphoxite|Blaze|Protect,Psychic,HeatWave,Substitute|Timid||M|||50|]Garchomp||LifeOrb|RoughSkin|Protect,RockSlide,Earthquake,DragonClaw|Jolly||M|||50|]Whimsicott||OccaBerry|Prankster|Moonblast,Tailwind,Charm,LightScreen|Timid||F|||50|]Kingambit||ChopleBerry|Defiant|KowtowCleave,IronHead,SuckerPunch,LowKick|Adamant||M|||50|]Glimmora||FocusSash|ToxicDebris|SludgeBomb,SpikyShield,DazzlingGleam,PowerGem|Timid||M|||50|\n|showteam|p2|Floette-Eternal||Floettite|FlowerVeil|DazzlingGleam,DrainingKiss,CalmMind,Protect|Timid||F|||50|]Sneasler||FocusSash|PoisonTouch|CloseCombat,PoisonJab,FakeOut,Coaching|Jolly||M|||50|]Incineroar||SitrusBerry|Intimidate|FlareBlitz,DarkestLariat,PartingShot,FakeOut|Impish||M|||50|]Sinistcha||OccaBerry|Hospitality|MatchaGotcha,RagePowder,TrickRoom,Protect|Bold|||||50|]Delphox||Delphoxite|Blaze|Psychic,HeatWave,NastyPlot,Protect|Timid||M|||50|]Garchomp||ChoiceScarf|RoughSkin|DragonClaw,StompingTantrum,Earthquake,RockSlide|Adamant||F|||50|\n|inactive|Battle timer is ON: inactive players will automatically lose when time's up. (requested by firelight261)\n|inactive|platanoso has 60 seconds left.\n|\n|t:|1788379362\n|teamsize|p1|4\n|teamsize|p2|4\n|start\n|switch|p1a: Kingambit|Kingambit, L50, M|100/100\n|switch|p1b: Glimmora|Glimmora, L50, M|100/100\n|switch|p2a: Floette|Floette-Eternal, L50, F|100/100\n|switch|p2b: Sneasler|Sneasler, L50, M|100/100\n|turn|1\n|inactive|firelight261 has 30 seconds left.\n|inactive|platanoso has 30 seconds left.\n|inactive|firelight261 has 20 seconds left.\n|inactive|firelight261 has 15 seconds left.\n|\n|t:|1788379407\n|switch|p2a: Garchomp|Garchomp, L50, F|100/100\n|move|p2b: Sneasler|Fake Out|p1b: Glimmora\n|-resisted|p1b: Glimmora|1\n|-damage|p1b: Glimmora|91/100\n|-activate|p1b: Glimmora|ability: Toxic Debris\n|-sidestart|p2: platanoso|move: Toxic Spikes\n|cant|p1b: Glimmora|flinch\n|move|p1a: Kingambit|Iron Head|p2a: Garchomp\n|-damage|p2a: Garchomp|57/100\n|-damage|p1a: Kingambit|87/100|[from] ability: Rough Skin|[of] p2a: Garchomp\n|\n|upkeep\n|turn|2\n|inactive|platanoso has 30 seconds left.\n|inactive|firelight261 has 30 seconds left.\n|inactive|platanoso has 20 seconds left.\n|\n|t:|1788379446\n|switch|p1b: Whimsicott|Whimsicott, L50, F, shiny|100/100\n|move|p1a: Kingambit|Sucker Punch|p2a: Garchomp\n|-damage|p2a: Garchomp|18/100\n|-damage|p1a: Kingambit|75/100|[from] ability: Rough Skin|[of] p2a: Garchomp\n|move|p2a: Garchomp|Stomping Tantrum|p1a: Kingambit\n|-supereffective|p1a: Kingambit|1\n|-damage|p1a: Kingambit|9/100\n|move|p2b: Sneasler|Poison Jab|p1b: Whimsicott\n|-supereffective|p1b: Whimsicott|2\n|-damage|p1b: Whimsicott|0 fnt\n|faint|p1b: Whimsicott\n|\n|upkeep\n|\n|t:|1788379460\n|switch|p1b: Delphox|Delphox, L50, M|100/100\n|turn|3\n|\n|t:|1788379470\n|switch|p2b: Sinistcha|Sinistcha, L50|100/100\n|-status|p2b: Sinistcha|psn\n|-heal|p2a: Garchomp|43/100|[from] ability: Hospitality|[of] p2b: Sinistcha\n|detailschange|p1b: Delphox|Delphox-Mega, L50, M\n|-mega|p1b: Delphox|Delphox|Delphoxite\n|move|p2a: Garchomp|Stomping Tantrum|p1a: Kingambit\n|-supereffective|p1a: Kingambit|1\n|-damage|p1a: Kingambit|0 fnt\n|faint|p1a: Kingambit\n|move|p1b: Delphox|Psychic|p2b: Sinistcha\n|-damage|p2b: Sinistcha|41/100 psn\n|\n|-damage|p2b: Sinistcha|28/100 psn|[from] psn\n|upkeep\n|\n|t:|1788379477\n|switch|p1a: Glimmora|Glimmora, L50, M|91/100\n|turn|4\n|\n|t:|1788379499\n|move|p1a: Glimmora|Spiky Shield|p1a: Glimmora\n|-singleturn|p1a: Glimmora|move: Protect\n|move|p2b: Sinistcha|Rage Powder|p2b: Sinistcha\n|-singleturn|p2b: Sinistcha|move: Rage Powder\n|move|p2a: Garchomp|Stomping Tantrum|p1a: Glimmora\n|-activate|p1a: Glimmora|move: Protect\n|-damage|p2a: Garchomp|31/100|[from] Spiky Shield|[of] p1a: Glimmora\n|move|p1b: Delphox|Heat Wave|p2b: Sinistcha|[spread] p2a,p2b\n|-resisted|p2a: Garchomp|1\n|-supereffective|p2b: Sinistcha|1\n|-enditem|p2b: Sinistcha|Occa Berry|[eat]\n|-enditem|p2b: Sinistcha|Occa Berry|[weaken]\n|-damage|p2a: Garchomp|9/100\n|-damage|p2b: Sinistcha|0 fnt\n|faint|p2b: Sinistcha\n|\n|upkeep\n|\n|t:|1788379513\n|switch|p2b: Sneasler|Sneasler, L50, M|100/100\n|-sideend|p2: platanoso|move: Toxic Spikes|[of] p2b: Sneasler\n|turn|5\n|\n|t:|1788379521\n|move|p2b: Sneasler|Fake Out|p1b: Delphox\n|-damage|p1b: Delphox|78/100\n|move|p2a: Garchomp|Stomping Tantrum|p1a: Glimmora\n|-supereffective|p1a: Glimmora|2\n|-damage|p1a: Glimmora|0 fnt\n|-activate|p1a: Glimmora|ability: Toxic Debris\n|-sidestart|p2: platanoso|move: Toxic Spikes\n|faint|p1a: Glimmora\n|cant|p1b: Delphox|flinch\n|\n|upkeep\n|turn|6\n|\n|t:|1788379536\n|switch|p2a: Floette|Floette-Eternal, L50, F|100/100\n|-status|p2a: Floette|psn\n|move|p1b: Delphox|Heat Wave|p2b: Sneasler|[spread] p2a,p2b\n|-damage|p2a: Floette|60/100 psn\n|-damage|p2b: Sneasler|38/100\n|-status|p2b: Sneasler|brn\n|move|p2b: Sneasler|Poison Jab|p1b: Delphox\n|-damage|p1b: Delphox|46/100\n|-status|p1b: Delphox|psn\n|\n|-damage|p1b: Delphox|34/100 psn|[from] psn\n|-damage|p2a: Floette|48/100 psn|[from] psn\n|-damage|p2b: Sneasler|33/100 brn|[from] brn\n|upkeep\n|turn|7\n|\n|t:|1788379556\n|detailschange|p2a: Floette|Floette-Mega, L50, F\n|-mega|p2a: Floette|Floette|Floettite\n|-ability|p2a: Floette|Fairy Aura\n|move|p1b: Delphox|Heat Wave|p2a: Floette|[spread] p2a,p2b\n|-damage|p2a: Floette|18/100 psn\n|-damage|p2b: Sneasler|0 fnt\n|faint|p2b: Sneasler\n|move|p2a: Floette|Dazzling Gleam|p1b: Delphox\n|-resisted|p1b: Delphox|1\n|-damage|p1b: Delphox|7/100 psn\n|\n|-damage|p1b: Delphox|0 fnt|[from] psn\n|faint|p1b: Delphox\n|\n|win|platanoso\n||firelight261 is ready for game 2.\n|l|☆firelight261\n|player|p1|\n|inactive|platanoso has 30 seconds to confirm battle start!\n||platanoso is ready for game 2.\n|uhtml|next|Next: <a href=\"/battle-gen9championsvgc2026regmbbo3-2674607136\"><strong>Game 2 of 3</strong></a>\n","uploadtime":1788379302,"views":"4","formatid":"gen9championsvgc2026regmbbo3","rating":null,"private":0,"password":null}