{"id":"gen9championsvgc2026regmb-2674713164","format":"[Gen 9 Champions] VGC 2026 Reg M-B","players":["BraydenBrayden","TangerineFIY"],"log":"|j|☆BraydenBrayden\n|j|☆TangerineFIY\n|html|<table width=\"100%\"><tr><td align=\"left\">BraydenBrayden</td><td align=\"right\">TangerineFIY</tr><tr><td align=\"left\"><i class=\"fa fa-circle-o\"></i> <i class=\"fa fa-circle-o\"></i> </td><td align=\"right\"><i class=\"fa fa-circle-o\"></i> <i class=\"fa fa-circle-o\"></i> </tr></table>\n|uhtml|bestof|<h2><strong>Game 1</strong> of <a href=\"/game-bestof3-gen9championsvgc2026regmb-2674713162\">a best-of-3</a></h2>\n|t:|1788394572\n|gametype|doubles\n|player|p1|BraydenBrayden|burglar|\n|player|p2|TangerineFIY|cynthia-gen4|\n|gen|9\n|tier|[Gen 9 Champions] VGC 2026 Reg M-B\n|rule|Species Clause: Limit one of each Pokémon\n|rule|Item Clause: Limit 1 of each item\n|raw|<div class=\"infobox\"><details class=\"readmore\" open><summary><strong>1 custom rule:</strong></summary> Best of = 3</details></div>\n|clearpoke\n|poke|p1|Lycanroc-Dusk, L50, M|\n|poke|p1|Sneasler, L50, M|\n|poke|p1|Scovillain, L50, M|\n|poke|p1|Klefki, L50, M|\n|poke|p1|Basculegion, L50, M|\n|poke|p1|Glalie, L50, M|\n|poke|p2|Raichu, L50, M|\n|poke|p2|Ninetales-Alola, L50, F|\n|poke|p2|Clefable, L50, M|\n|poke|p2|Dragonite, L50, F|\n|poke|p2|Swampert, L50, F|\n|poke|p2|Corviknight, L50, F|\n|teampreview|4\nBraydenBrayden rejected open team sheets.\n|\n|t:|1788394706\n|teamsize|p1|4\n|teamsize|p2|4\n|start\n|switch|p1a: Lycanroc|Lycanroc-Dusk, L50, M|100/100\n|switch|p1b: Sneasler|Sneasler, L50, M|100/100\n|switch|p2a: HIM|Raichu, L50, M|100/100\n|switch|p2b: HER|Ninetales-Alola, L50, F|100/100\n|-weather|Snowscape|[from] ability: Snow Warning|[of] p2b: HER\n|turn|1\n|\n|t:|1788394820\n|switch|p2b: SWAM|Swampert, L50, F|100/100\n|detailschange|p2a: HIM|Raichu-Mega-Y, L50, M\n|-mega|p2a: HIM|Raichu|Raichunite Y\n|move|p1b: Sneasler|Fake Out|p2b: SWAM\n|-damage|p2b: SWAM|87/100\n|move|p1a: Lycanroc|Rock Slide|p2a: HIM|[spread] p2a,p2b\n|-resisted|p2b: SWAM|1\n|-damage|p2a: HIM|47/100\n|-damage|p2b: SWAM|74/100\n|move|p2a: HIM|Focus Blast|p1a: Lycanroc\n|-supereffective|p1a: Lycanroc|1\n|-enditem|p1a: Lycanroc|Focus Sash\n|-damage|p1a: Lycanroc|1/100\n|-unboost|p1a: Lycanroc|spd|1\n|\n|-weather|Snowscape|[upkeep]\n|upkeep\n|turn|2\n|\n|t:|1788394904\n|move|p1b: Sneasler|Protect|p1b: Sneasler\n|-singleturn|p1b: Sneasler|Protect\n|move|p2a: HIM|Protect|p2a: HIM\n|-singleturn|p2a: HIM|Protect\n|move|p1a: Lycanroc|Trailblaze|p2b: SWAM\n|-supereffective|p2b: SWAM|2\n|-enditem|p2b: SWAM|Rindo Berry|[eat]\n|-enditem|p2b: SWAM|Rindo Berry|[weaken]\n|-damage|p2b: SWAM|38/100\n|-boost|p1a: Lycanroc|spe|1\n|move|p2b: SWAM|Earthquake|p1a: Lycanroc|[spread] p1a\n|-activate|p2a: HIM|move: Protect\n|-activate|p1b: Sneasler|move: Protect\n|-supereffective|p1a: Lycanroc|1\n|-damage|p1a: Lycanroc|0 fnt\n|faint|p1a: Lycanroc\n|\n|-weather|Snowscape|[upkeep]\n|upkeep\n|\n|t:|1788394967\n|switch|p1a: Basculegion|Basculegion, L50, M|100/100\n|turn|3\n|\n|t:|1788395064\n|switch|p2a: FUN!|Clefable, L50, M|100/100\n|move|p1a: Basculegion|Flip Turn|p2a: FUN!\n|-damage|p2a: FUN!|67/100\n|\n|t:|1788395073\n|switch|p1a: Scovillain|Scovillain, L50, M|100/100|[from] Flip Turn\n|move|p1b: Sneasler|Close Combat|p2b: SWAM\n|-damage|p2b: SWAM|0 fnt\n|-unboost|p1b: Sneasler|def|1\n|-unboost|p1b: Sneasler|spd|1\n|faint|p2b: SWAM\n|-enditem|p1b: Sneasler|White Herb\n|-clearnegativeboost|p1b: Sneasler|[silent]\n|\n|-weather|Snowscape|[upkeep]\n|upkeep\n|\n|t:|1788395089\n|switch|p2b: HIM|Raichu-Mega-Y, L50, M|47/100\n|turn|4\n|\n|t:|1788395188\n|detailschange|p1a: Scovillain|Scovillain-Mega, L50, M\n|-mega|p1a: Scovillain|Scovillain|Scovillainite\n|move|p2b: HIM|Fake Out|p1a: Scovillain\n|-damage|p1a: Scovillain|90/100\n|-status|p2b: HIM|brn|[from] ability: Spicy Spray|[of] p1a: Scovillain\n|cant|p1a: Scovillain|flinch\n|move|p2a: FUN!|Follow Me|p2a: FUN!\n|-singleturn|p2a: FUN!|move: Follow Me\n|move|p1b: Sneasler|Dire Claw|p2a: FUN!\n|-supereffective|p2a: FUN!|1\n|-damage|p2a: FUN!|1/100\n|-enditem|p2a: FUN!|Sitrus Berry|[eat]\n|-heal|p2a: FUN!|26/100|[from] item: Sitrus Berry\n|\n|-weather|Snowscape|[upkeep]\n|-damage|p2b: HIM|40/100 brn|[from] brn\n|upkeep\n|turn|5\n|\n|t:|1788395270\n|move|p2b: HIM|Protect|p2b: HIM\n|-singleturn|p2b: HIM|Protect\n|move|p2a: FUN!|Protect|p2a: FUN!\n|-singleturn|p2a: FUN!|Protect\n|move|p1a: Scovillain|Rage Powder|p1a: Scovillain\n|-singleturn|p1a: Scovillain|move: Rage Powder\n|move|p1b: Sneasler|Dire Claw|p2a: FUN!\n|-activate|p2a: FUN!|move: Protect\n|\n|-weather|none\n|-damage|p2b: HIM|34/100 brn|[from] brn\n|upkeep\n|turn|6\n|\n|t:|1788395332\n|move|p2a: FUN!|Helping Hand|p2b: HIM\n|-singleturn|p2b: HIM|Helping Hand|[of] p2a: FUN!\n|move|p1a: Scovillain|Rage Powder|p1a: Scovillain\n|-singleturn|p1a: Scovillain|move: Rage Powder\n|move|p1b: Sneasler|Dire Claw|p2b: HIM\n|-damage|p2b: HIM|0 fnt\n|faint|p2b: HIM\n|\n|upkeep\n|\n|t:|1788395342\n|switch|p2b: HER|Ninetales-Alola, L50, F|100/100\n|-weather|Snowscape|[from] ability: Snow Warning|[of] p2b: HER\n|turn|7\n|\n|t:|1788395362\n|move|p2a: FUN!|Follow Me|p2a: FUN!\n|-singleturn|p2a: FUN!|move: Follow Me\n|move|p1b: Sneasler|Dire Claw|p2a: FUN!\n|-supereffective|p2a: FUN!|1\n|-damage|p2a: FUN!|0 fnt\n|faint|p2a: FUN!\n|move|p2b: HER|Aurora Veil|p2b: HER\n|-sidestart|p2: TangerineFIY|move: Aurora Veil\n|move|p1a: Scovillain|Overheat|p2b: HER\n|-supereffective|p2b: HER|1\n|-damage|p2b: HER|28/100\n|-unboost|p1a: Scovillain|spa|2\n|\n|-weather|Snowscape|[upkeep]\n|upkeep\n|turn|8\n|\n|t:|1788395377\n|move|p1b: Sneasler|Protect|p1b: Sneasler\n|-singleturn|p1b: Sneasler|Protect\n|move|p2b: HER|Blizzard|p1b: Sneasler|[spread] p1a\n|-activate|p1b: Sneasler|move: Protect\n|-damage|p1a: Scovillain|68/100\n|-status|p2b: HER|brn|[from] ability: Spicy Spray|[of] p1a: Scovillain\n|move|p1a: Scovillain|Overheat|p2b: HER|[miss]\n|-miss|p1a: Scovillain|p2b: HER\n|\n|-weather|Snowscape|[upkeep]\n|-damage|p2b: HER|21/100 brn|[from] brn\n|upkeep\n|turn|9\n|\n|t:|1788395396\n|move|p2b: HER|Protect|p2b: HER\n|-singleturn|p2b: HER|Protect\n|move|p1b: Sneasler|Dire Claw|p2b: HER\n|-activate|p2b: HER|move: Protect\n|move|p1a: Scovillain|Overheat|p2b: HER\n|-activate|p2b: HER|move: Protect\n|\n|-weather|Snowscape|[upkeep]\n|-damage|p2b: HER|15/100 brn|[from] brn\n|upkeep\n|turn|10\n|\n|t:|1788395413\n|move|p1b: Sneasler|Protect|p1b: Sneasler\n|-singleturn|p1b: Sneasler|Protect\n|move|p2b: HER|Blizzard|p1a: Scovillain|[spread] p1a\n|-activate|p1b: Sneasler|move: Protect\n|-damage|p1a: Scovillain|43/100\n|move|p1a: Scovillain|Overheat|p2b: HER\n|-supereffective|p2b: HER|1\n|-damage|p2b: HER|0 fnt\n|-unboost|p1a: Scovillain|spa|2\n|faint|p2b: HER\n|\n|win|BraydenBrayden\n|inactive|BraydenBrayden has 30 seconds to confirm battle start!\n|inactive|TangerineFIY has 30 seconds to confirm battle start!\n||BraydenBrayden is ready for game 2.\n||TangerineFIY is ready for game 2.\n|uhtml|next|Next: <a href=\"/battle-gen9championsvgc2026regmb-2674718675\"><strong>Game 2 of 3</strong></a>\n","uploadtime":1788396049,"views":"6","formatid":"gen9championsvgc2026regmb","rating":null,"private":0,"password":null}