{"id":"gen9championsvgc2026regmbbo3-2675021021","format":"[Gen 9 Champions] VGC 2026 Reg M-B (Bo3)","players":["chocapicorascapico","fashoooo"],"log":"|j|☆chocapicorascapico\n|j|☆fashoooo\n|html|<table width=\"100%\"><tr><td align=\"left\">chocapicorascapico</td><td align=\"right\">fashoooo</tr><tr><td align=\"left\"><i class=\"fa fa-circle-o\"></i> <i class=\"fa fa-circle-o\"></i> </td><td align=\"right\"><i class=\"fa fa-circle-o\"></i> <i class=\"fa fa-circle\"></i> </tr></table>\n|uhtml|bestof|<h2><strong>Game 2</strong> of <a href=\"/game-bestof3-gen9championsvgc2026regmbbo3-2675019224\">a best-of-3</a></h2>\n|t:|1788449597\n|gametype|doubles\n|player|p1|chocapicorascapico|benga|1064\n|player|p2|fashoooo|101|1078\n|gen|9\n|tier|[Gen 9 Champions] VGC 2026 Reg M-B (Bo3)\n|rated|\n|rule|Species Clause: Limit one of each Pokémon\n|rule|Item Clause: Limit 1 of each item\n|clearpoke\n|poke|p1|Swampert, L50, M|\n|poke|p1|Farigiraf, L50, M|\n|poke|p1|Incineroar, L50, F|\n|poke|p1|Pelipper, L50, F|\n|poke|p1|Hatterene, L50, F|\n|poke|p1|Hydrapple, L50, F|\n|poke|p2|Tyranitar, L50, F|\n|poke|p2|Excadrill, L50, M|\n|poke|p2|Milotic, L50, F|\n|poke|p2|Sinistcha, L50|\n|poke|p2|Staraptor, L50, M|\n|poke|p2|Gholdengo, L50|\n|teampreview|4\n|showteam|p1|Swampert||Swampertite|Torrent|Earthquake,Waterfall,PoisonJab,BulkUp|Brave||M|||50|]Farigiraf||MentalHerb|ArmorTail|TrickRoom,AllySwitch,HyperVoice,Protect|Sassy||M|||50|]Incineroar||Leftovers|Intimidate|FakeOut,PartingShot,FlareBlitz,LashOut|Relaxed||F|||50|]Pelipper||SharpBeak|Drizzle|Hurricane,KnockOff,Roost,Protect|Sassy||F|||50|]Hatterene||WiseGlasses|MagicBounce|TrickRoom,MysticalFire,Protect,HealPulse|Sassy||F|||50|]Hydrapple||LifeOrb|Regenerator|EnergyBall,NastyPlot,FickleBeam,Protect|Quiet||F|||50|\n|showteam|p2|Tyranitar||Tyranitarite|SandStream|KnockOff,RockSlide,HighHorsepower,Protect|Jolly||F|||50|]Excadrill||FocusSash|SandRush|Earthquake,IronHead,RockSlide,Protect|Adamant||M|||50|]Milotic||SitrusBerry|Competitive|Scald,IcyWind,Haze,Protect|Calm||F|||50|]Sinistcha||ColburBerry|Hospitality|MatchaGotcha,ShadowBall,RagePowder,Protect|Bold|||||50|]Staraptor||Staraptite|Intimidate|CloseCombat,BraveBird,Tailwind,Protect|Jolly||M|||50|]Gholdengo||LifeOrb|GoodasGold|MakeItRain,ShadowBall,NastyPlot,Protect|Modest|||||50|\n|\n|t:|1788449632\n|teamsize|p1|4\n|teamsize|p2|4\n|start\n|switch|p1a: Swampert|Swampert, L50, M|100/100\n|switch|p1b: Farigiraf|Farigiraf, L50, M|100/100\n|switch|p2a: Milotic|Milotic, L50, F|100/100\n|switch|p2b: Staraptor|Staraptor, L50, M|100/100\n|-ability|p2b: Staraptor|Intimidate|boost\n|-unboost|p1a: Swampert|atk|1\n|-unboost|p1b: Farigiraf|atk|1\n|turn|1\n|\n|t:|1788449644\n|detailschange|p2b: Staraptor|Staraptor-Mega, L50, M\n|-mega|p2b: Staraptor|Staraptor|Staraptite\n|detailschange|p1a: Swampert|Swampert-Mega, L50, M\n|-mega|p1a: Swampert|Swampert|Swampertite\n|move|p2b: Staraptor|Close Combat|p1b: Farigiraf\n|-damage|p1b: Farigiraf|45/100\n|-boost|p2b: Staraptor|def|1\n|-boost|p2b: Staraptor|spd|1\n|move|p2a: Milotic|Scald|p1b: Farigiraf\n|-damage|p1b: Farigiraf|21/100\n|move|p1a: Swampert|Bulk Up|p1a: Swampert\n|-boost|p1a: Swampert|atk|1\n|-boost|p1a: Swampert|def|1\n|move|p1b: Farigiraf|Trick Room|p1b: Farigiraf\n|-fieldstart|move: Trick Room|[of] p1b: Farigiraf\n|\n|upkeep\n|turn|2\n|\n|t:|1788449664\n|move|p1b: Farigiraf|Hyper Voice|p2a: Milotic|[spread] p2a,p2b\n|-crit|p2a: Milotic\n|-damage|p2a: Milotic|71/100\n|-damage|p2b: Staraptor|83/100\n|move|p1a: Swampert|Bulk Up|p1a: Swampert\n|-boost|p1a: Swampert|atk|1\n|-boost|p1a: Swampert|def|1\n|move|p2a: Milotic|Icy Wind|p1a: Swampert|[spread] p1a,p1b\n|-damage|p1a: Swampert|92/100\n|-damage|p1b: Farigiraf|12/100\n|-unboost|p1a: Swampert|spe|1\n|-unboost|p1b: Farigiraf|spe|1\n|move|p2b: Staraptor|Close Combat|p1a: Swampert\n|-damage|p1a: Swampert|68/100\n|-boost|p2b: Staraptor|def|1\n|-boost|p2b: Staraptor|spd|1\n|\n|upkeep\n|turn|3\n|\n|t:|1788449685\n|move|p1b: Farigiraf|Hyper Voice|p2b: Staraptor|[spread] p2a,p2b\n|-damage|p2a: Milotic|52/100\n|-damage|p2b: Staraptor|70/100\n|move|p1a: Swampert|Waterfall|p2b: Staraptor\n|-damage|p2b: Staraptor|35/100\n|move|p2a: Milotic|Scald|p1a: Swampert\n|-damage|p1a: Swampert|45/100\n|move|p2b: Staraptor|Close Combat|p1a: Swampert\n|-damage|p1a: Swampert|25/100\n|-boost|p2b: Staraptor|def|1\n|-boost|p2b: Staraptor|spd|1\n|\n|upkeep\n|turn|4\n|\n|t:|1788449697\n|move|p1b: Farigiraf|Hyper Voice|p2b: Staraptor|[spread] p2a,p2b\n|-crit|p2b: Staraptor\n|-damage|p2a: Milotic|31/100\n|-damage|p2b: Staraptor|0 fnt\n|-enditem|p2a: Milotic|Sitrus Berry|[eat]\n|-heal|p2a: Milotic|56/100|[from] item: Sitrus Berry\n|faint|p2b: Staraptor\n|move|p1a: Swampert|Waterfall|p2a: Milotic\n|-resisted|p2a: Milotic|1\n|-damage|p2a: Milotic|17/100\n|cant|p2a: Milotic|flinch\n|\n|upkeep\n|\n|t:|1788449709\n|switch|p2b: Gholdengo|Gholdengo, L50|100/100\n|turn|5\n|\n|t:|1788449730\n|switch|p1b: Incineroar|Incineroar, L50, F|100/100\n|-ability|p1b: Incineroar|Intimidate|boost\n|-unboost|p2a: Milotic|atk|1\n|-ability|p2a: Milotic|Competitive|boost\n|-boost|p2a: Milotic|spa|2\n|-unboost|p2b: Gholdengo|atk|1\n|move|p2b: Gholdengo|Protect|p2b: Gholdengo\n|-singleturn|p2b: Gholdengo|Protect\n|move|p2a: Milotic|Protect|p2a: Milotic\n|-singleturn|p2a: Milotic|Protect\n|move|p1a: Swampert|Earthquake|p2b: Gholdengo|[spread] p1b\n|-activate|p2a: Milotic|move: Protect\n|-activate|p2b: Gholdengo|move: Protect\n|-supereffective|p1b: Incineroar|1\n|-damage|p1b: Incineroar|0 fnt\n|faint|p1b: Incineroar\n|\n|-fieldend|move: Trick Room\n|upkeep\n|\n|t:|1788449744\n|switch|p1b: Hatterene|Hatterene, L50, F|100/100\n|turn|6\n|\n|t:|1788449751\n|move|p1b: Hatterene|Protect|p1b: Hatterene\n|-singleturn|p1b: Hatterene|Protect\n|move|p2a: Milotic|Scald|p1a: Swampert\n|-damage|p1a: Swampert|0 fnt\n|faint|p1a: Swampert\n|move|p2b: Gholdengo|Shadow Ball|p1b: Hatterene\n|-activate|p1b: Hatterene|move: Protect\n|\n|upkeep\n|\n|t:|1788449756\n|switch|p1a: Farigiraf|Farigiraf, L50, M|12/100\n|turn|7\n|\n|t:|1788449762\n|move|p2a: Milotic|Scald|p1a: Farigiraf\n|-damage|p1a: Farigiraf|0 fnt\n|faint|p1a: Farigiraf\n|move|p2b: Gholdengo|Shadow Ball|p1b: Hatterene\n|-supereffective|p1b: Hatterene|1\n|-damage|p1b: Hatterene|8/100\n|-unboost|p1b: Hatterene|spd|1\n|-damage|p2b: Gholdengo|90/100|[from] item: Life Orb\n|move|p1b: Hatterene|Mystical Fire|p2b: Gholdengo\n|-supereffective|p2b: Gholdengo|1\n|-damage|p2b: Gholdengo|43/100\n|-unboost|p2b: Gholdengo|spa|1\n|\n|upkeep\n|turn|8\n|-message|chocapicorascapico forfeited.\n|raw|chocapicorascapico's rating: 1064 &rarr; <strong>1045</strong><br />(-19 for losing)\n|raw|fashoooo's rating: 1078 &rarr; <strong>1105</strong><br />(+27 for winning)\n|\n|win|fashoooo\n","uploadtime":1788449769,"views":"1","formatid":"gen9championsvgc2026regmbbo3","rating":1045,"private":0,"password":null}