{"id":"gen9championsvgc2026regmb-2674853134","format":"[Gen 9 Champions] VGC 2026 Reg M-B","players":["thebigch33se","thayerkash"],"log":"|j|☆thebigch33se\n|j|☆thayerkash\n|html|<table width=\"100%\"><tr><td align=\"left\">thebigch33se</td><td align=\"right\">thayerkash</tr><tr><td align=\"left\"><i class=\"fa fa-circle-o\"></i> <i class=\"fa fa-circle-o\"></i> </td><td align=\"right\"><i class=\"fa fa-circle-o\"></i> <i class=\"fa fa-circle\"></i> </tr></table>\n|uhtml|bestof|<h2><strong>Game 2</strong> of <a href=\"/game-bestof3-gen9championsvgc2026regmb-2674851773\">a best-of-3</a></h2>\n|t:|1788421615\n|gametype|doubles\n|player|p1|thebigch33se|169|\n|player|p2|thayerkash|alder|\n|gen|9\n|tier|[Gen 9 Champions] VGC 2026 Reg M-B\n|rule|Species Clause: Limit one of each Pokémon\n|rule|Item Clause: Limit 1 of each item\n|raw|<div class=\"infobox\"><details class=\"readmore\" open><summary><strong>2 custom rules:</strong></summary> Best of = 3, !Open Team Sheets</details></div>\n|clearpoke\n|poke|p1|Lucario, L50, M|\n|poke|p1|Rotom-Wash, L50|\n|poke|p1|Delphox, L50, F|\n|poke|p1|Kleavor, L50, F|\n|poke|p1|Garchomp, L50, F|\n|poke|p1|Ditto, L50|\n|poke|p2|Pyroar, L50, F|\n|poke|p2|Staraptor, L50, F|\n|poke|p2|Ninetales-Alola, L50, F|\n|poke|p2|Quaquaval, L50, F|\n|poke|p2|Noivern, L50, F, shiny|\n|poke|p2|Grimmsnarl, L50, M|\n|teampreview|4\n|\n|t:|1788421657\n|teamsize|p1|4\n|teamsize|p2|4\n|start\n|switch|p1a: Madrid|Delphox, L50, F|100/100\n|switch|p1b: Nairobi|Kleavor, L50, F|100/100\n|switch|p2a: Grimmsnarl|Grimmsnarl, L50, M|100/100\n|switch|p2b: Quaquaval|Quaquaval, L50, F|100/100\n|turn|1\n|\n|t:|1788421674\n|move|p1a: Madrid|Protect|p1a: Madrid\n|-singleturn|p1a: Madrid|Protect\n|move|p1b: Nairobi|Protect|p1b: Nairobi\n|-singleturn|p1b: Nairobi|Protect\n|move|p2a: Grimmsnarl|Sucker Punch||[still]\n|-fail|p2a: Grimmsnarl\n|move|p2b: Quaquaval|Aqua Step|p1b: Nairobi\n|-activate|p1b: Nairobi|move: Protect\n|\n|upkeep\n|turn|2\n|\n|t:|1788421703\n|detailschange|p1a: Madrid|Delphox-Mega, L50, F\n|-mega|p1a: Madrid|Delphox|Delphoxite\n|move|p2b: Quaquaval|Protect|p2b: Quaquaval\n|-singleturn|p2b: Quaquaval|Protect\n|move|p2a: Grimmsnarl|Reflect|p2a: Grimmsnarl\n|-sidestart|p2: thayerkash|Reflect\n|move|p1a: Madrid|Dazzling Gleam|p2a: Grimmsnarl|[spread] p2a\n|-activate|p2b: Quaquaval|move: Protect\n|-supereffective|p2a: Grimmsnarl|1\n|-damage|p2a: Grimmsnarl|52/100\n|move|p1b: Nairobi|Tailwind|p1b: Nairobi\n|-sidestart|p1: thebigch33se|move: Tailwind\n|\n|upkeep\n|turn|3\n|\n|t:|1788421733\n|move|p2a: Grimmsnarl|Sucker Punch||[still]\n|-fail|p2a: Grimmsnarl\n|move|p1a: Madrid|Nasty Plot|p1a: Madrid\n|-boost|p1a: Madrid|spa|2\n|move|p1b: Nairobi|Aerial Ace|p2b: Quaquaval\n|-supereffective|p2b: Quaquaval|1\n|-damage|p2b: Quaquaval|44/100\n|move|p2b: Quaquaval|Aqua Step|p1b: Nairobi\n|-supereffective|p1b: Nairobi|1\n|-enditem|p1b: Nairobi|Focus Sash\n|-damage|p1b: Nairobi|1/100\n|-boost|p2b: Quaquaval|spe|1\n|\n|-heal|p2b: Quaquaval|50/100g|[from] item: Leftovers\n|upkeep\n|turn|4\n|\n|t:|1788421763\n|switch|p1b: Zurich|Rotom-Wash, L50|100/100\n|move|p2a: Grimmsnarl|Sucker Punch|p1a: Madrid\n|-supereffective|p1a: Madrid|1\n|-damage|p1a: Madrid|0 fnt\n|faint|p1a: Madrid\n|move|p2b: Quaquaval|Aqua Step|p1b: Zurich\n|-resisted|p1b: Zurich|1\n|-damage|p1b: Zurich|80/100\n|-boost|p2b: Quaquaval|spe|1\n|\n|-heal|p2b: Quaquaval|56/100|[from] item: Leftovers\n|upkeep\n|c|☆thebigch33se|damn didnt think thatd ohko\n|\n|t:|1788421792\n|switch|p1a: Nairobi|Kleavor, L50, F|1/100\n|turn|5\n|\n|t:|1788421814\n|move|p2b: Quaquaval|Protect|p2b: Quaquaval\n|-singleturn|p2b: Quaquaval|Protect\n|move|p2a: Grimmsnarl|Sucker Punch|p1a: Nairobi\n|-damage|p1a: Nairobi|0 fnt\n|faint|p1a: Nairobi\n|move|p1b: Zurich|Hydro Pump|p2b: Quaquaval\n|-activate|p2b: Quaquaval|move: Protect\n|\n|-heal|p2b: Quaquaval|62/100|[from] item: Leftovers\n|-sideend|p1: thebigch33se|move: Tailwind\n|upkeep\n|\n|t:|1788421824\n|switch|p1a: New York|Ditto, L50|100/100\n|-transform|p1a: New York|p2b: Quaquaval|[from] ability: Imposter\n|turn|6\n|\n|t:|1788421850\n|move|p1a: New York|Protect|p1a: New York\n|-singleturn|p1a: New York|Protect\n|move|p2b: Quaquaval|Close Combat|p1b: Zurich\n|-damage|p1b: Zurich|22/100\n|-unboost|p2b: Quaquaval|def|1\n|-unboost|p2b: Quaquaval|spd|1\n|-enditem|p1b: Zurich|Sitrus Berry|[eat]\n|-heal|p1b: Zurich|46/100|[from] item: Sitrus Berry\n|move|p1b: Zurich|Will-O-Wisp|p2b: Quaquaval\n|-status|p2b: Quaquaval|brn\n|move|p2a: Grimmsnarl|Spirit Break|p1a: New York\n|-activate|p1a: New York|move: Protect\n|\n|-heal|p2b: Quaquaval|69/100 brn|[from] item: Leftovers\n|-damage|p2b: Quaquaval|62/100 brn|[from] brn\n|-sideend|p2: thayerkash|Reflect\n|upkeep\n|turn|7\n|\n|t:|1788421880\n|move|p2a: Grimmsnarl|Parting Shot|p1a: New York\n|-unboost|p1a: New York|atk|1\n|-unboost|p1a: New York|spa|1\n|\n|t:|1788421884\n|switch|p2a: Ninetales|Ninetales-Alola, L50, F|100/100|[from] Parting Shot\n|-weather|Snowscape|[from] ability: Snow Warning|[of] p2a: Ninetales\n|move|p2b: Quaquaval|Close Combat|p1b: Zurich\n|-damage|p1b: Zurich|15/100\n|-unboost|p2b: Quaquaval|def|1\n|-unboost|p2b: Quaquaval|spd|1\n|move|p1a: New York|Close Combat|p2a: Ninetales\n|-damage|p2a: Ninetales|57/100\n|-unboost|p1a: New York|def|1\n|-unboost|p1a: New York|spd|1\n|move|p1b: Zurich|Reflect|p1b: Zurich\n|-sidestart|p1: thebigch33se|Reflect\n|\n|-weather|Snowscape|[upkeep]\n|-heal|p2b: Quaquaval|69/100 brn|[from] item: Leftovers\n|-damage|p2b: Quaquaval|62/100 brn|[from] brn\n|upkeep\n|turn|8\n|-activate|p1a: New York|item: Quick Claw\n|\n|t:|1788421911\n|move|p1a: New York|Close Combat|p2b: Quaquaval\n|-crit|p2b: Quaquaval\n|-damage|p2b: Quaquaval|0 fnt\n|-unboost|p1a: New York|def|1\n|-unboost|p1a: New York|spd|1\n|faint|p2b: Quaquaval\n|-ability|p1a: New York|Moxie|boost\n|-boost|p1a: New York|atk|1\n|move|p2a: Ninetales|Dazzling Gleam|p1a: New York|[spread] p1a,p1b\n|-supereffective|p1a: New York|1\n|-damage|p1a: New York|0 fnt\n|-damage|p1b: Zurich|0 fnt\n|faint|p1a: New York\n|faint|p1b: Zurich\n|\n|win|thayerkash\n|c|☆thebigch33se|ggs\n|c|☆thayerkash|Gg\n|c|☆thebigch33se|ill grab replays thanks for filling in\n|c|☆thayerkash|Np\n|c|☆thayerkash|It was fun testing out other builds\n","uploadtime":1788421977,"views":"16","formatid":"gen9championsvgc2026regmb","rating":null,"private":0,"password":null}