{"id":"gen9championsvgc2026regmb-2674252868","format":"[Gen 9 Champions] VGC 2026 Reg M-B","players":["LQM01012013","Thornlace48812"],"log":"|j|☆LQM01012013\n|j|☆Thornlace48812\n|t:|1788323952\n|gametype|doubles\n|player|p1|LQM01012013|1|1095\n|player|p2|Thornlace48812|1|1086\n|gen|9\n|tier|[Gen 9 Champions] VGC 2026 Reg M-B\n|rated|\n|rule|Species Clause: Limit one of each Pokémon\n|rule|Item Clause: Limit 1 of each item\n|clearpoke\n|poke|p1|Sharpedo, L50, M|\n|poke|p1|Lucario, L50, M|\n|poke|p1|Politoed, L50, M|\n|poke|p1|Whimsicott, L50, M|\n|poke|p1|Sinistcha, L50|\n|poke|p1|Archaludon, L50, M|\n|poke|p2|Garchomp, L50, M|\n|poke|p2|Charizard, L50, M|\n|poke|p2|Whimsicott, L50, M|\n|poke|p2|Sylveon, L50, M|\n|poke|p2|Kingambit, L50, F|\n|poke|p2|Basculegion, L50, M|\n|teampreview|4\n|inactive|Battle timer is ON: inactive players will automatically lose when time's up. (requested by Thornlace48812)\nThornlace48812 rejected open team sheets.\n|inactive|LQM01012013 has 60 seconds left.\n|\n|t:|1788323991\n|teamsize|p1|4\n|teamsize|p2|4\n|start\n|switch|p1a: Lucario|Lucario, L50, M|100/100\n|switch|p1b: Whimsicott|Whimsicott, L50, M|100/100\n|switch|p2a: Charizard|Charizard, L50, M|100/100\n|switch|p2b: Sylveon|Sylveon, L50, M|100/100\n|turn|1\n|\n|t:|1788324004\n|detailschange|p2a: Charizard|Charizard-Mega-Y, L50, M\n|-mega|p2a: Charizard|Charizard|Charizardite Y\n|-weather|SunnyDay|[from] ability: Drought|[of] p2a: Charizard\n|move|p1a: Lucario|Detect|p1a: Lucario\n|-singleturn|p1a: Lucario|Protect\n|move|p1b: Whimsicott|Tailwind|p1b: Whimsicott\n|-sidestart|p1: LQM01012013|move: Tailwind\n|move|p2a: Charizard|Heat Wave|p1a: Lucario|[spread] p1b\n|-activate|p1a: Lucario|move: Protect\n|-supereffective|p1b: Whimsicott|1\n|-enditem|p1b: Whimsicott|Focus Sash\n|-damage|p1b: Whimsicott|1/100\n|move|p2b: Sylveon|Hyper Voice|p1a: Lucario|[spread] p1b\n|-activate|p1a: Lucario|move: Protect\n|-damage|p1b: Whimsicott|0 fnt\n|faint|p1b: Whimsicott\n|\n|-weather|SunnyDay|[upkeep]\n|upkeep\n|\n|t:|1788324024\n|switch|p1b: Sharpedo|Sharpedo, L50, M|100/100\n|turn|2\n|\n|t:|1788324031\n|move|p1b: Sharpedo|Protect|p1b: Sharpedo\n|-singleturn|p1b: Sharpedo|Protect\n|move|p1a: Lucario|Coaching|p1b: Sharpedo\n|-boost|p1b: Sharpedo|atk|1\n|-boost|p1b: Sharpedo|def|1\n|move|p2a: Charizard|Heat Wave|p1a: Lucario|[spread] p1a\n|-activate|p1b: Sharpedo|move: Protect\n|-supereffective|p1a: Lucario|1\n|-enditem|p1a: Lucario|Occa Berry|[eat]\n|-enditem|p1a: Lucario|Occa Berry|[weaken]\n|-damage|p1a: Lucario|0 fnt\n|faint|p1a: Lucario\n|move|p2b: Sylveon|Hyper Voice|p1b: Sharpedo\n|-activate|p1b: Sharpedo|move: Protect\n|\n|-weather|SunnyDay|[upkeep]\n|-ability|p1b: Sharpedo|Speed Boost|boost\n|-boost|p1b: Sharpedo|spe|1\n|upkeep\n|\n|t:|1788324047\n|switch|p1a: Politoed|Politoed, L50, M|100/100\n|-weather|RainDance|[from] ability: Drizzle|[of] p1a: Politoed\n|turn|3\n|\n|t:|1788324058\n|detailschange|p1b: Sharpedo|Sharpedo-Mega, L50, M\n|-mega|p1b: Sharpedo|Sharpedo|Sharpedonite\n|move|p1b: Sharpedo|Liquidation|p2b: Sylveon\n|-damage|p2b: Sylveon|0 fnt\n|faint|p2b: Sylveon\n|move|p1a: Politoed|Weather Ball|p2a: Charizard\n|-supereffective|p2a: Charizard|1\n|-damage|p2a: Charizard|0 fnt\n|faint|p2a: Charizard\n|\n|-weather|RainDance|[upkeep]\n|upkeep\n|\n|t:|1788324058\n|switch|p2a: Basculegion|Basculegion, L50, M|100/100\n|switch|p2b: Kingambit|Kingambit, L50, F|100/100\n|-activate|p2b: Kingambit|ability: Supreme Overlord\n|-start|p2b: Kingambit|fallen2|[silent]\n|turn|4\n|\n|t:|1788324080\n|move|p2a: Basculegion|Aqua Jet|p1b: Sharpedo\n|-resisted|p1b: Sharpedo|1\n|-damage|p1b: Sharpedo|70/100\n|move|p1b: Sharpedo|Crunch|p2a: Basculegion\n|-supereffective|p2a: Basculegion|1\n|-damage|p2a: Basculegion|0 fnt\n|faint|p2a: Basculegion\n|move|p1a: Politoed|Weather Ball|p2b: Kingambit\n|-damage|p2b: Kingambit|31/100\n|move|p2b: Kingambit|Iron Head|p1b: Sharpedo\n|-resisted|p1b: Sharpedo|1\n|-damage|p1b: Sharpedo|37/100\n|\n|-weather|RainDance|[upkeep]\n|-sideend|p1: LQM01012013|move: Tailwind\n|upkeep\n|turn|5\n|\n|t:|1788324097\n|move|p1b: Sharpedo|Protect|p1b: Sharpedo\n|-singleturn|p1b: Sharpedo|Protect\n|move|p2b: Kingambit|Sucker Punch||[still]\n|-fail|p2b: Kingambit\n|move|p1a: Politoed|Weather Ball|p2b: Kingambit\n|-damage|p2b: Kingambit|0 fnt\n|faint|p2b: Kingambit\n|-end|p2b: Kingambit|fallen2|[silent]\n|\n|win|LQM01012013\n|raw|LQM01012013's rating: 1095 &rarr; <strong>1120</strong><br />(+25 for winning)\n|raw|Thornlace48812's rating: 1089 &rarr; <strong>1066</strong><br />(-23 for losing)\n","uploadtime":1788324097,"views":"0","formatid":"gen9championsvgc2026regmb","rating":1066,"private":0,"password":null}