{"id":"gen9championsvgc2026regmb-2674345093","format":"[Gen 9 Champions] VGC 2026 Reg M-B","players":["alexismydog","WeirdTeamBuilder1"],"log":"|j|☆alexismydog\n|j|☆WeirdTeamBuilder1\n|t:|1788345720\n|gametype|doubles\n|player|p1|alexismydog|265|1596\n|player|p2|WeirdTeamBuilder1|lucas|1573\n|gen|9\n|tier|[Gen 9 Champions] VGC 2026 Reg M-B\n|rated|\n|rule|Species Clause: Limit one of each Pokémon\n|rule|Item Clause: Limit 1 of each item\n|clearpoke\n|poke|p1|Tyranitar, L50, F|\n|poke|p1|Excadrill, L50, M|\n|poke|p1|Sinistcha, L50|\n|poke|p1|Gholdengo, L50|\n|poke|p1|Staraptor, L50, F|\n|poke|p1|Milotic, L50, M|\n|poke|p2|Farigiraf, L50, M|\n|poke|p2|Gardevoir, L50, M|\n|poke|p2|Venusaur, L50, M|\n|poke|p2|Talonflame, L50, M|\n|poke|p2|Torkoal, L50, F|\n|poke|p2|Scrafty, L50, F|\n|teampreview|4\n|inactive|Battle timer is ON: inactive players will automatically lose when time's up. (requested by alexismydog)\n|\n|t:|1788345742\n|teamsize|p1|4\n|teamsize|p2|4\n|start\n|switch|p1a: Sinistcha|Sinistcha, L50|100/100\n|switch|p1b: Staraptor|Staraptor, L50, F|100/100\n|switch|p2a: Farigiraf|Farigiraf, L50, M|100/100\n|switch|p2b: Scrafty|Scrafty, L50, F|100/100\n|-ability|p1b: Staraptor|Intimidate|boost\n|-unboost|p2a: Farigiraf|atk|1\n|-unboost|p2b: Scrafty|atk|1\n|turn|1\n|\n|t:|1788345765\n|detailschange|p1b: Staraptor|Staraptor-Mega, L50, F\n|-mega|p1b: Staraptor|Staraptor|Staraptite\n|move|p2b: Scrafty|Fake Out|p1b: Staraptor\n|-damage|p1b: Staraptor|89/100\n|-damage|p2b: Scrafty|90/100|[from] item: Life Orb\n|cant|p1b: Staraptor|flinch\n|move|p1a: Sinistcha|Imprison|p1a: Sinistcha\n|-start|p1a: Sinistcha|move: Imprison\n|cant|p2a: Farigiraf|move: Imprison|Trick Room\n|\n|upkeep\n|turn|2\n|inactive|WeirdTeamBuilder1 has 30 seconds left.\n|inactive|WeirdTeamBuilder1 has 20 seconds left.\n|\n|t:|1788345801\n|switch|p2a: Venusaur|Venusaur, L50, M|100/100\n|move|p2b: Scrafty|Detect|p2b: Scrafty\n|-singleturn|p2b: Scrafty|Protect\n|move|p1a: Sinistcha|Rage Powder|p1a: Sinistcha\n|-singleturn|p1a: Sinistcha|move: Rage Powder\n|move|p1b: Staraptor|Close Combat|p2b: Scrafty\n|-activate|p2b: Scrafty|move: Protect\n|\n|upkeep\n|turn|3\n|\n|t:|1788345818\n|detailschange|p2a: Venusaur|Venusaur-Mega, L50, M\n|-mega|p2a: Venusaur|Venusaur|Venusaurite\n|move|p1b: Staraptor|Brave Bird|p2a: Venusaur\n|-supereffective|p2a: Venusaur|1\n|-damage|p2a: Venusaur|0 fnt\n|faint|p2a: Venusaur\n|-damage|p1b: Staraptor|57/100|[from] Recoil\n|move|p1a: Sinistcha|Matcha Gotcha|p2b: Scrafty\n|-damage|p2b: Scrafty|57/100\n|move|p2b: Scrafty|Knock Off|p1a: Sinistcha\n|-supereffective|p1a: Sinistcha|1\n|-damage|p1a: Sinistcha|29/100\n|-enditem|p1a: Sinistcha|Leftovers|[from] move: Knock Off|[of] p2b: Scrafty\n|-damage|p2b: Scrafty|47/100|[from] item: Life Orb\n|\n|upkeep\n|\n|t:|1788345837\n|switch|p2a: Torkoal|Torkoal, L50, F|100/100\n|-weather|SunnyDay|[from] ability: Drought|[of] p2a: Torkoal\n|turn|4\n|\n|t:|1788345849\n|switch|p1a: Tyranitar|Tyranitar, L50, F|100/100\n|-weather|Sandstorm|[from] ability: Sand Stream|[of] p1a: Tyranitar\n|move|p1b: Staraptor|Close Combat|p2a: Torkoal\n|-damage|p2a: Torkoal|47/100\n|-boost|p1b: Staraptor|def|1\n|-boost|p1b: Staraptor|spd|1\n|move|p2b: Scrafty|Knock Off|p1a: Tyranitar\n|-resisted|p1a: Tyranitar|1\n|-crit|p1a: Tyranitar\n|-damage|p1a: Tyranitar|75/100\n|-damage|p2b: Scrafty|38/100|[from] item: Life Orb\n|move|p2a: Torkoal|Eruption|p1b: Staraptor|[spread] p1a,p1b\n|-resisted|p1a: Tyranitar|1\n|-damage|p1a: Tyranitar|65/100\n|-damage|p1b: Staraptor|36/100\n|\n|-weather|Sandstorm|[upkeep]\n|-damage|p1b: Staraptor|30/100|[from] Sandstorm\n|-damage|p2b: Scrafty|32/100|[from] Sandstorm\n|-damage|p2a: Torkoal|41/100|[from] Sandstorm\n|upkeep\n|turn|5\n|\n|t:|1788345873\n|move|p1b: Staraptor|Close Combat|p2b: Scrafty\n|-supereffective|p2b: Scrafty|1\n|-damage|p2b: Scrafty|0 fnt\n|-boost|p1b: Staraptor|def|1\n|-boost|p1b: Staraptor|spd|1\n|faint|p2b: Scrafty\n|move|p1a: Tyranitar|Dragon Dance|p1a: Tyranitar\n|-boost|p1a: Tyranitar|atk|1\n|-boost|p1a: Tyranitar|spe|1\n|move|p2a: Torkoal|Flamethrower|p1b: Staraptor\n|-damage|p1b: Staraptor|6/100\n|\n|-weather|Sandstorm|[upkeep]\n|-damage|p1b: Staraptor|1/100|[from] Sandstorm\n|-damage|p2a: Torkoal|35/100|[from] Sandstorm\n|upkeep\n|\n|t:|1788345888\n|switch|p2b: Farigiraf|Farigiraf, L50, M|100/100\n|turn|6\n|\n|t:|1788345898\n|move|p1a: Tyranitar|Knock Off|p2b: Farigiraf\n|-supereffective|p2b: Farigiraf|1\n|-damage|p2b: Farigiraf|0 fnt\n|-enditem|p2b: Farigiraf|Mental Herb|[from] move: Knock Off|[of] p1a: Tyranitar\n|faint|p2b: Farigiraf\n|move|p1b: Staraptor|Close Combat|p2a: Torkoal\n|-damage|p2a: Torkoal|0 fnt\n|-boost|p1b: Staraptor|def|1\n|-boost|p1b: Staraptor|spd|1\n|faint|p2a: Torkoal\n|\n|win|alexismydog\n|raw|alexismydog's rating: 1596 &rarr; <strong>1615</strong><br />(+19 for winning)\n|raw|WeirdTeamBuilder1's rating: 1573 &rarr; <strong>1554</strong><br />(-19 for losing)\n|l|☆WeirdTeamBuilder1\n|player|p2|\n","uploadtime":1788345909,"views":"2","formatid":"gen9championsvgc2026regmb","rating":1554,"private":0,"password":null}