{"id":"gen9championsvgc2026regmb-2674550503","format":"[Gen 9 Champions] VGC 2026 Reg M-B","players":["battleofthebulge","Cheribat"],"log":"|j|☆battleofthebulge\n|j|☆Cheribat\n|t:|1788372895\n|gametype|doubles\n|player|p1|battleofthebulge|1|1431\n|player|p2|Cheribat|waitress-gen4|1327\n|gen|9\n|tier|[Gen 9 Champions] VGC 2026 Reg M-B\n|rated|\n|rule|Species Clause: Limit one of each Pokémon\n|rule|Item Clause: Limit 1 of each item\n|clearpoke\n|poke|p1|Golurk, L50|\n|poke|p1|Farigiraf, L50, F|\n|poke|p1|Incineroar, L50, F|\n|poke|p1|Torkoal, L50, F|\n|poke|p1|Sneasler, L50, M|\n|poke|p1|Venusaur, L50, M|\n|poke|p2|Hydreigon, L50, F|\n|poke|p2|Volcarona, L50, F|\n|poke|p2|Zoroark-Hisui, L50, M|\n|poke|p2|Sneasler, L50, F|\n|poke|p2|Milotic, L50, F|\n|poke|p2|Metagross, L50|\n|teampreview|4\n|inactive|Battle timer is ON: inactive players will automatically lose when time's up. (requested by battleofthebulge)\n|\n|t:|1788372951\n|teamsize|p1|4\n|teamsize|p2|4\n|start\n|switch|p1a: Farigiraf|Farigiraf, L50, F|100/100\n|switch|p1b: Sneasler|Sneasler, L50, M|100/100\n|switch|p2a: Hydreigon|Hydreigon, L50, F|100/100\n|switch|p2b: Milotic|Milotic, L50, F|100/100\n|turn|1\n|inactive|battleofthebulge has 30 seconds left.\n|inactive|battleofthebulge has 20 seconds left.\n|inactive|battleofthebulge has 15 seconds left.\n|\n|t:|1788372992\n|move|p1b: Sneasler|Fake Out|p2a: Hydreigon\n|-immune|p2a: Hydreigon\n|move|p2a: Hydreigon|Taunt|p1a: Farigiraf\n|-start|p1a: Farigiraf|move: Taunt\n|move|p2b: Milotic|Scald|p1b: Sneasler\n|-damage|p1b: Sneasler|47/100\n|-status|p1b: Sneasler|brn\n|cant|p1a: Farigiraf|move: Taunt|Trick Room\n|\n|-damage|p1b: Sneasler|41/100 brn|[from] brn\n|upkeep\n|turn|2\n|\n|t:|1788373013\n|move|p1b: Sneasler|Dire Claw|p2b: Milotic\n|-damage|p2b: Milotic|76/100\n|move|p2a: Hydreigon|Snarl|p1a: Farigiraf|[spread] p1a,p1b\n|-supereffective|p1a: Farigiraf|1\n|-resisted|p1b: Sneasler|1\n|-damage|p1a: Farigiraf|72/100\n|-damage|p1b: Sneasler|31/100 brn\n|-unboost|p1a: Farigiraf|spa|1\n|-unboost|p1b: Sneasler|spa|1\n|-enditem|p1b: Sneasler|White Herb\n|-clearnegativeboost|p1b: Sneasler|[silent]\n|move|p2b: Milotic|Scald|p1a: Farigiraf\n|-damage|p1a: Farigiraf|38/100\n|-enditem|p1a: Farigiraf|Sitrus Berry|[eat]\n|-heal|p1a: Farigiraf|62/100|[from] item: Sitrus Berry\n|move|p1a: Farigiraf|Psychic|p2a: Hydreigon\n|-damage|p2a: Hydreigon|51/100\n|replace|p2a: Zoroark|Zoroark-Hisui, L50, M\n|-end|p2a: Zoroark|Illusion\n|\n|-heal|p2b: Milotic|82/100|[from] item: Leftovers\n|-damage|p1b: Sneasler|25/100 brn|[from] brn\n|upkeep\n|turn|3\n|inactive|Cheribat has 30 seconds left.\n|\n|t:|1788373038\n|move|p1b: Sneasler|Dire Claw|p2b: Milotic\n|-damage|p2b: Milotic|62/100\n|move|p2a: Zoroark|Snarl|p1b: Sneasler|[spread] p1b\n|-miss|p2a: Zoroark|p1a: Farigiraf\n|-resisted|p1b: Sneasler|1\n|-damage|p1b: Sneasler|16/100 brn\n|-unboost|p1b: Sneasler|spa|1\n|move|p2b: Milotic|Scald|p1a: Farigiraf\n|-damage|p1a: Farigiraf|28/100\n|move|p1a: Farigiraf|Psychic|p2a: Zoroark\n|-damage|p2a: Zoroark|1/100\n|\n|-heal|p2b: Milotic|68/100|[from] item: Leftovers\n|-damage|p1b: Sneasler|10/100 brn|[from] brn\n|-end|p1a: Farigiraf|move: Taunt\n|upkeep\n|turn|4\n|inactive|Cheribat has 30 seconds left.\n|\n|t:|1788373065\n|switch|p2a: Volcarona|Volcarona, L50, F|100/100\n|move|p1b: Sneasler|Dire Claw|p2a: Volcarona\n|-damage|p2a: Volcarona|81/100\n|-status|p2a: Volcarona|slp\n|move|p2b: Milotic|Scald|p1a: Farigiraf\n|-damage|p1a: Farigiraf|0 fnt\n|faint|p1a: Farigiraf\n|\n|-heal|p2b: Milotic|74/100|[from] item: Leftovers\n|-damage|p1b: Sneasler|5/100 brn|[from] brn\n|upkeep\n|\n|t:|1788373085\n|switch|p1a: Torkoal|Torkoal, L50, F|100/100\n|-weather|SunnyDay|[from] ability: Drought|[of] p1a: Torkoal\n|turn|5\n|\n|t:|1788373097\n|move|p2b: Milotic|Protect|p2b: Milotic\n|-singleturn|p2b: Milotic|Protect\n|move|p1b: Sneasler|Dire Claw|p2b: Milotic\n|-activate|p2b: Milotic|move: Protect\n|cant|p2a: Volcarona|slp\n|move|p1a: Torkoal|Eruption|p2a: Volcarona|[spread] p2a\n|-activate|p2b: Milotic|move: Protect\n|-crit|p2a: Volcarona\n|-damage|p2a: Volcarona|0 fnt\n|faint|p2a: Volcarona\n|\n|-weather|SunnyDay|[upkeep]\n|-heal|p2b: Milotic|80/100|[from] item: Leftovers\n|-damage|p1b: Sneasler|0 fnt|[from] brn\n|faint|p1b: Sneasler\n|upkeep\n|\n|t:|1788373115\n|switch|p1b: Golurk|Golurk, L50|100/100\n|switch|p2a: Hydreigon|Hydreigon, L50, F|100/100\n|turn|6\n|inactive|Cheribat has 30 seconds left.\n|\n|t:|1788373140\n|detailschange|p1b: Golurk|Golurk-Mega, L50\n|-mega|p1b: Golurk|Golurk|Golurkite\n|move|p1b: Golurk|Protect|p1b: Golurk\n|-singleturn|p1b: Golurk|Protect\n|move|p2a: Hydreigon|Earth Power|p1a: Torkoal\n|-supereffective|p1a: Torkoal|1\n|-damage|p1a: Torkoal|15/100\n|move|p2b: Milotic|Scald|p1b: Golurk\n|-activate|p1b: Golurk|move: Protect\n|move|p1a: Torkoal|Heat Wave|p2a: Hydreigon|[spread] p2a,p2b\n|-resisted|p2a: Hydreigon|1\n|-resisted|p2b: Milotic|1\n|-damage|p2a: Hydreigon|69/100\n|-damage|p2b: Milotic|61/100\n|-status|p2b: Milotic|brn\n|\n|-weather|SunnyDay|[upkeep]\n|-heal|p2b: Milotic|67/100 brn|[from] item: Leftovers\n|-damage|p2b: Milotic|61/100 brn|[from] brn\n|upkeep\n|turn|7\n|\n|t:|1788373165\n|switch|p2a: Hydreigon|Hydreigon, L50, F|1/100\n|move|p1a: Torkoal|Protect|p1a: Torkoal\n|-singleturn|p1a: Torkoal|Protect\n|move|p2b: Milotic|Scald|p1a: Torkoal\n|-activate|p1a: Torkoal|move: Protect\n|move|p1b: Golurk|Ice Punch|p2a: Hydreigon\n|-damage|p2a: Hydreigon|0 fnt\n|replace|p2a: Zoroark|Zoroark-Hisui, L50, M\n|-end|p2a: Zoroark|Illusion\n|faint|p2a: Zoroark\n|\n|-weather|SunnyDay|[upkeep]\n|-heal|p2b: Milotic|67/100 brn|[from] item: Leftovers\n|-damage|p2b: Milotic|61/100 brn|[from] brn\n|upkeep\n|\n|t:|1788373182\n|switch|p2a: Hydreigon|Hydreigon, L50, F|69/100\n|turn|8\n|\n|t:|1788373190\n|move|p1a: Torkoal|Protect||[still]\n|-fail|p1a: Torkoal\n|move|p2a: Hydreigon|Dark Pulse|p1b: Golurk\n|-supereffective|p1b: Golurk|1\n|-damage|p1b: Golurk|26/100\n|move|p2b: Milotic|Scald|p1a: Torkoal\n|-supereffective|p1a: Torkoal|1\n|-damage|p1a: Torkoal|0 fnt\n|faint|p1a: Torkoal\n|move|p1b: Golurk|Ice Punch|p2a: Hydreigon\n|-supereffective|p2a: Hydreigon|1\n|-damage|p2a: Hydreigon|0 fnt\n|faint|p2a: Hydreigon\n|\n|-weather|SunnyDay|[upkeep]\n|-heal|p2b: Milotic|67/100 brn|[from] item: Leftovers\n|-damage|p2b: Milotic|61/100 brn|[from] brn\n|upkeep\n|turn|9\n|\n|t:|1788373210\n|move|p2b: Milotic|Scald|p1b: Golurk\n|-supereffective|p1b: Golurk|1\n|-crit|p1b: Golurk\n|-damage|p1b: Golurk|0 fnt\n|faint|p1b: Golurk\n|\n|win|Cheribat\n|raw|battleofthebulge's rating: 1431 &rarr; <strong>1405</strong><br />(-26 for losing)\n|raw|Cheribat's rating: 1327 &rarr; <strong>1353</strong><br />(+26 for winning)\n|l|☆battleofthebulge\n|player|p1|\n","uploadtime":1788373216,"views":"0","formatid":"gen9championsvgc2026regmb","rating":1353,"private":0,"password":null}