{"id":"gen9championsvgc2026regmbbo3-2674740293","format":"[Gen 9 Champions] VGC 2026 Reg M-B (Bo3)","players":["jeanryupr","vxrdant"],"log":"|j|☆jeanryupr\n|j|☆vxrdant\n|html|<table width=\"100%\"><tr><td align=\"left\">jeanryupr</td><td align=\"right\">vxrdant</tr><tr><td align=\"left\"><i class=\"fa fa-circle\"></i> <i class=\"fa fa-circle-o\"></i> </td><td align=\"right\"><i class=\"fa fa-circle-o\"></i> <i class=\"fa fa-circle\"></i> </tr></table>\n|uhtml|bestof|<h2><strong>Game 3</strong> of <a href=\"/game-bestof3-gen9championsvgc2026regmbbo3-2674736590\">a best-of-3</a></h2>\n|t:|1788398794\n|gametype|doubles\n|player|p1|jeanryupr|102|1219\n|player|p2|vxrdant|karen|1317\n|gen|9\n|tier|[Gen 9 Champions] VGC 2026 Reg M-B (Bo3)\n|rated|\n|rule|Species Clause: Limit one of each Pokémon\n|rule|Item Clause: Limit 1 of each item\n|clearpoke\n|poke|p1|Scovillain, L50, M, shiny|\n|poke|p1|Basculegion, L50, M|\n|poke|p1|Kingambit, L50, M|\n|poke|p1|Sneasler, L50, F|\n|poke|p1|Lycanroc-Dusk, L50, F|\n|poke|p1|Froslass, L50, F|\n|poke|p2|Swampert, L50, M|\n|poke|p2|Ninetales-Alola, L50, F, shiny|\n|poke|p2|Incineroar, L50, F|\n|poke|p2|Dragonite, L50, F|\n|poke|p2|Sneasler, L50, M|\n|poke|p2|Gengar, L50, M|\n|teampreview|4\n|showteam|p1|Scovillain||Scovillainite|Moody|GigaDrain,Overheat,RagePowder,Protect|Bold||M|||50|]Basculegion||LifeOrb|Adaptability|WaveCrash,LastRespects,AquaJet,Protect|Adamant||M|||50|]Kingambit||BlackGlasses|Defiant|KowtowCleave,SuckerPunch,SwordsDance,Protect|Adamant||M|||50|]Sneasler||WhiteHerb|Unburden|CloseCombat,DireClaw,Protect,FakeOut|Adamant||F|||50|]Lycanroc-Dusk||FocusSash|ToughClaws|CloseCombat,Accelerock,RockSlide,Protect|Adamant||F|||50|]Froslass||Froslassite|CursedBody|Blizzard,ShadowBall,AuroraVeil,Protect|Timid||F|||50|\n|showteam|p2|Swampert||Leftovers|Torrent|HighHorsepower,FlipTurn,Yawn,Protect|Relaxed||M|||50|]Ninetales-Alola||ChoiceScarf|SnowWarning|Blizzard,FreezeDry,IcyWind,Encore|Timid||F|||50|]Incineroar||SitrusBerry|Intimidate|FlareBlitz,ThroatChop,FakeOut,PartingShot|Impish||F|||50|]Dragonite||LifeOrb|InnerFocus|DragonClaw,Superpower,ExtremeSpeed,Protect|Adamant||F|||50|]Sneasler||FocusSash|Unburden|DireClaw,CloseCombat,RockSlide,Protect|Adamant||M|||50|]Gengar||Gengarite|CursedBody|SludgeBomb,ShadowBall,Substitute,Protect|Modest||M|||50|\n|inactive|Battle timer is ON: inactive players will automatically lose when time's up. (requested by vxrdant)\n|\n|t:|1788398842\n|teamsize|p1|4\n|teamsize|p2|4\n|start\n|switch|p1a: Kingambit|Kingambit, L50, M|100/100\n|switch|p1b: Froslass|Froslass, L50, F|100/100\n|switch|p2a: Dragonite|Dragonite, L50, F|100/100\n|switch|p2b: Gengar|Gengar, L50, M|100/100\n|turn|1\n|\n|t:|1788398867\n|switch|p2a: Ninetales|Ninetales-Alola, L50, F, shiny|100/100\n|-weather|Snowscape|[from] ability: Snow Warning|[of] p2a: Ninetales\n|detailschange|p1b: Froslass|Froslass-Mega, L50, F\n|-mega|p1b: Froslass|Froslass|Froslassite\n|detailschange|p2b: Gengar|Gengar-Mega, L50, M\n|-mega|p2b: Gengar|Gengar|Gengarite\n|move|p2b: Gengar|Protect|p2b: Gengar\n|-singleturn|p2b: Gengar|Protect\n|move|p1a: Kingambit|Sucker Punch||[still]\n|-fail|p1a: Kingambit\n|move|p1b: Froslass|Blizzard|p2b: Gengar|[spread] p2a\n|-activate|p2b: Gengar|move: Protect\n|-resisted|p2a: Ninetales|1\n|-damage|p2a: Ninetales|77/100\n|\n|-weather|Snowscape|[upkeep]\n|upkeep\n|turn|2\n|inactive|jeanryupr has 30 seconds left.\n|inactive|vxrdant has 30 seconds left.\n|inactive|jeanryupr has 20 seconds left.\n|inactive|vxrdant has 20 seconds left.\n|\n|t:|1788398912\n|switch|p1b: Sneasler|Sneasler, L50, F|100/100\n|switch|p2b: Swampert|Swampert, L50, M|100/100\n|move|p2a: Ninetales|Blizzard|p1b: Sneasler|[spread] p1a,p1b\n|-resisted|p1a: Kingambit|1\n|-damage|p1a: Kingambit|85/100\n|-damage|p1b: Sneasler|68/100\n|-status|p1b: Sneasler|frz\n|move|p1a: Kingambit|Kowtow Cleave|p2b: Swampert\n|-damage|p2b: Swampert|54/100\n|\n|-weather|Snowscape|[upkeep]\n|-heal|p2b: Swampert|60/100|[from] item: Leftovers\n|upkeep\n|turn|3\n|\n|t:|1788398934\n|move|p1a: Kingambit|Protect|p1a: Kingambit\n|-singleturn|p1a: Kingambit|Protect\n|move|p2a: Ninetales|Blizzard|p1b: Sneasler|[spread] p1b\n|-activate|p1a: Kingambit|move: Protect\n|-damage|p1b: Sneasler|31/100 frz\n|-curestatus|p1b: Sneasler|frz|[msg]\n|move|p1b: Sneasler|Dire Claw|p2a: Ninetales\n|-supereffective|p2a: Ninetales|1\n|-damage|p2a: Ninetales|1/100\n|-status|p2a: Ninetales|slp\n|move|p2b: Swampert|Flip Turn|p1b: Sneasler\n|-damage|p1b: Sneasler|0 fnt\n|faint|p1b: Sneasler\n|\n|t:|1788398950\n|switch|p2b: Gengar|Gengar-Mega, L50, M|100/100|[from] Flip Turn\n|\n|-weather|Snowscape|[upkeep]\n|upkeep\n|\n|t:|1788398956\n|switch|p1b: Froslass|Froslass-Mega, L50, F|100/100\n|turn|4\n|\n|t:|1788398975\n|move|p1a: Kingambit|Sucker Punch|p2b: Gengar\n|-supereffective|p2b: Gengar|1\n|-damage|p2b: Gengar|0 fnt\n|faint|p2b: Gengar\n|cant|p2a: Ninetales|slp\n|move|p1b: Froslass|Blizzard|p2a: Ninetales\n|-resisted|p2a: Ninetales|1\n|-damage|p2a: Ninetales|0 fnt\n|faint|p2a: Ninetales\n|\n|-weather|Snowscape|[upkeep]\n|upkeep\n|\n|t:|1788398981\n|switch|p2b: Dragonite|Dragonite, L50, F|100/100\n|switch|p2a: Swampert|Swampert, L50, M|60/100\n|turn|5\n|\n|t:|1788398996\n|move|p2b: Dragonite|Protect|p2b: Dragonite\n|-singleturn|p2b: Dragonite|Protect\n|move|p1a: Kingambit|Sucker Punch||[still]\n|-fail|p1a: Kingambit\n|move|p1b: Froslass|Blizzard|p2a: Swampert|[spread] p2a\n|-activate|p2b: Dragonite|move: Protect\n|-damage|p2a: Swampert|31/100\n|-status|p2a: Swampert|frz\n|cant|p2a: Swampert|frz\n|\n|-weather|none\n|-heal|p2a: Swampert|37/100 frz|[from] item: Leftovers\n|upkeep\n|turn|6\n|\n|t:|1788399018\n|switch|p1b: Basculegion|Basculegion, L50, M|100/100\n|move|p1a: Kingambit|Protect|p1a: Kingambit\n|-singleturn|p1a: Kingambit|Protect\n|move|p2b: Dragonite|Dragon Claw|p1b: Basculegion\n|-damage|p1b: Basculegion|35/100\n|-damage|p2b: Dragonite|90/100|[from] item: Life Orb\n|cant|p2a: Swampert|frz\n|\n|-heal|p2a: Swampert|43/100 frz|[from] item: Leftovers\n|upkeep\n|turn|7\n|inactive|vxrdant has 30 seconds left.\n|inactive|vxrdant has 20 seconds left.\n|\n|t:|1788399057\n|switch|p1a: Froslass|Froslass-Mega, L50, F|100/100\n|-weather|Snowscape|[from] ability: Snow Warning|[of] p1a: Froslass\n|move|p1b: Basculegion|Wave Crash|p2a: Swampert\n|-crit|p2a: Swampert\n|-damage|p2a: Swampert|0 fnt\n|faint|p2a: Swampert\n|-damage|p1b: Basculegion|20/100y|[from] Recoil\n|-damage|p1b: Basculegion|11/100|[from] item: Life Orb\n|move|p2b: Dragonite|Dragon Claw|p1a: Froslass\n|-damage|p1a: Froslass|40/100\n|-damage|p2b: Dragonite|80/100|[from] item: Life Orb\n|\n|-weather|Snowscape|[upkeep]\n|upkeep\n|turn|8\n|c|☆vxrdant|gg\n|-message|vxrdant forfeited.\n|raw|jeanryupr's rating: 1219 &rarr; <strong>1251</strong><br />(+32 for winning)\n|raw|vxrdant's rating: 1317 &rarr; <strong>1292</strong><br />(-25 for losing)\n|\n|win|jeanryupr\n","uploadtime":1788398799,"views":"4","formatid":"gen9championsvgc2026regmbbo3","rating":1251,"private":0,"password":null}