{"id":"gen9championsvgc2026regmbbo3-2673797104","format":"[Gen 9 Champions] VGC 2026 Reg M-B (Bo3)","players":["yar_kol","Pawah"],"log":"|j|☆yar_kol\n|j|☆Pawah\n|html|<table width=\"100%\"><tr><td align=\"left\">yar_kol</td><td align=\"right\">Pawah</tr><tr><td align=\"left\"><i class=\"fa fa-circle-o\"></i> <i class=\"fa fa-circle-o\"></i> </td><td align=\"right\"><i class=\"fa fa-circle-o\"></i> <i class=\"fa fa-circle-o\"></i> </tr></table>\n|uhtml|bestof|<h2><strong>Game 1</strong> of <a href=\"/game-bestof3-gen9championsvgc2026regmbbo3-2673797103\">a best-of-3</a></h2>\n|t:|1788258791\n|gametype|doubles\n|player|p1|yar_kol|169|1096\n|player|p2|Pawah|ethan|1224\n|gen|9\n|tier|[Gen 9 Champions] VGC 2026 Reg M-B (Bo3)\n|rated|\n|rule|Species Clause: Limit one of each Pokémon\n|rule|Item Clause: Limit 1 of each item\n|clearpoke\n|poke|p1|Mawile, L50, F, shiny|\n|poke|p1|Charizard, L50, M, shiny|\n|poke|p1|Farigiraf, L50, F, shiny|\n|poke|p1|Venusaur, L50, F, shiny|\n|poke|p1|Incineroar, L50, F, shiny|\n|poke|p1|Garchomp, L50, F|\n|poke|p2|Froslass, L50, F|\n|poke|p2|Scovillain, L50, F, shiny|\n|poke|p2|Basculegion, L50, M|\n|poke|p2|Kingambit, L50, F|\n|poke|p2|Sneasler, L50, M|\n|poke|p2|Lycanroc-Dusk, L50, M|\n|teampreview|4\n|showteam|p1|Mawile||Mawilite|HyperCutter|PlayRough,SuckerPunch,RockSlide,Protect|Adamant||F|||50|]Charizard||CharizarditeY|Blaze|HeatWave,AncientPower,SolarBeam,Protect|Modest||M|||50|]Farigiraf||ColburBerry|ArmorTail|TrickRoom,HelpingHand,Psychic,Thunderbolt|Bold||F|||50|]Venusaur||FocusSash|Chlorophyll|LeafStorm,SleepPowder,SludgeBomb,Protect|Timid||F|||50|]Incineroar||SitrusBerry|Intimidate|DarkestLariat,PartingShot,FlareBlitz,FakeOut|Adamant||F|||50|]Garchomp||LifeOrb|RoughSkin|Earthquake,RockSlide,DragonClaw,Protect|Jolly||F|||50|\n|showteam|p2|Froslass||Froslassite|CursedBody|Blizzard,ShadowBall,AuroraVeil,Protect|Modest||F|||50|]Scovillain||Scovillainite|Moody|GigaDrain,Overheat,RagePowder,Protect|Bold||F|||50|]Basculegion||SitrusBerry|Adaptability|WaveCrash,LastRespects,AquaJet,Protect|Adamant||M|||50|]Kingambit||BlackGlasses|Defiant|KowtowCleave,SuckerPunch,SwordsDance,Protect|Adamant||F|||50|]Sneasler||WhiteHerb|Unburden|CloseCombat,GunkShot,Protect,FakeOut|Adamant||M|||50|]Lycanroc-Dusk||FocusSash|ToughClaws|CloseCombat,Accelerock,RockSlide,Protect|Adamant||M|||50|\n|inactive|Battle timer is ON: inactive players will automatically lose when time's up. (requested by Pawah)\n|inactive|yar_kol has 60 seconds left.\n|inactive|Pawah has 60 seconds left.\n|\n|t:|1788258827\n|teamsize|p1|4\n|teamsize|p2|4\n|start\n|switch|p1a: Charizard|Charizard, L50, M, shiny|100/100\n|switch|p1b: Venusaur|Venusaur, L50, F, shiny|100/100\n|switch|p2a: Kingambit|Kingambit, L50, F|100/100\n|switch|p2b: Scovillain|Scovillain, L50, F, shiny|100/100\n|turn|1\n|\n|t:|1788258852\n|switch|p2a: Lycanroc|Lycanroc-Dusk, L50, M|100/100\n|detailschange|p1a: Charizard|Charizard-Mega-Y, L50, M, shiny\n|-mega|p1a: Charizard|Charizard|Charizardite Y\n|-weather|SunnyDay|[from] ability: Drought|[of] p1a: Charizard\n|detailschange|p2b: Scovillain|Scovillain-Mega, L50, F, shiny\n|-mega|p2b: Scovillain|Scovillain|Scovillainite\n|move|p1b: Venusaur|Sleep Powder|p2a: Lycanroc|[miss]\n|-miss|p1b: Venusaur|p2a: Lycanroc\n|move|p1a: Charizard|Heat Wave|p2a: Lycanroc|[spread] p2a,p2b\n|-resisted|p2a: Lycanroc|1\n|-damage|p2a: Lycanroc|43/100\n|-damage|p2b: Scovillain|29/100\n|move|p2b: Scovillain|Overheat|p1b: Venusaur\n|-supereffective|p1b: Venusaur|1\n|-enditem|p1b: Venusaur|Focus Sash\n|-damage|p1b: Venusaur|1/100\n|-unboost|p2b: Scovillain|spa|2\n|\n|-weather|SunnyDay|[upkeep]\n|upkeep\n|turn|2\n|inactive|yar_kol has 30 seconds left.\n|inactive|yar_kol has 20 seconds left.\n|\n|t:|1788258889\n|switch|p2b: Basculegion|Basculegion, L50, M|100/100\n|move|p1a: Charizard|Protect|p1a: Charizard\n|-singleturn|p1a: Charizard|Protect\n|move|p2a: Lycanroc|Accelerock|p1b: Venusaur\n|-damage|p1b: Venusaur|0 fnt\n|faint|p1b: Venusaur\n|\n|-weather|SunnyDay|[upkeep]\n|upkeep\n|\n|t:|1788258903\n|switch|p1b: Incineroar|Incineroar, L50, F, shiny|100/100\n|-ability|p1b: Incineroar|Intimidate|boost\n|-unboost|p2a: Lycanroc|atk|1\n|-unboost|p2b: Basculegion|atk|1\n|turn|3\n|\n|t:|1788258916\n|move|p2a: Lycanroc|Protect|p2a: Lycanroc\n|-singleturn|p2a: Lycanroc|Protect\n|move|p2b: Basculegion|Protect|p2b: Basculegion\n|-singleturn|p2b: Basculegion|Protect\n|move|p1b: Incineroar|Fake Out|p2a: Lycanroc\n|-activate|p2a: Lycanroc|move: Protect\n|move|p1a: Charizard|Solar Beam||[still]\n|-prepare|p1a: Charizard|Solar Beam\n|-anim|p1a: Charizard|Solar Beam|p2b: Basculegion\n|-activate|p2b: Basculegion|move: Protect\n|\n|-weather|SunnyDay|[upkeep]\n|upkeep\n|turn|4\n|\n|t:|1788258924\n|move|p1a: Charizard|Protect|p1a: Charizard\n|-singleturn|p1a: Charizard|Protect\n|move|p2b: Basculegion|Aqua Jet|p1a: Charizard\n|-activate|p1a: Charizard|move: Protect\n|move|p2a: Lycanroc|Rock Slide|p1a: Charizard|[spread] p1b\n|-activate|p1a: Charizard|move: Protect\n|-supereffective|p1b: Incineroar|1\n|-damage|p1b: Incineroar|66/100\n|cant|p1b: Incineroar|flinch\n|\n|-weather|SunnyDay|[upkeep]\n|upkeep\n|turn|5\n|\n|t:|1788258938\n|switch|p1a: Garchomp|Garchomp, L50, F|100/100\n|move|p2b: Basculegion|Aqua Jet|p1a: Garchomp\n|-damage|p1a: Garchomp|92/100\n|-damage|p2b: Basculegion|87/100|[from] ability: Rough Skin|[of] p1a: Garchomp\n|move|p2a: Lycanroc|Rock Slide|p1a: Garchomp|[spread] p1b\n|-miss|p2a: Lycanroc|p1a: Garchomp\n|-supereffective|p1b: Incineroar|1\n|-damage|p1b: Incineroar|30/100\n|-enditem|p1b: Incineroar|Sitrus Berry|[eat]\n|-heal|p1b: Incineroar|55/100|[from] item: Sitrus Berry\n|move|p1b: Incineroar|Darkest Lariat|p2a: Lycanroc\n|-damage|p2a: Lycanroc|0 fnt\n|faint|p2a: Lycanroc\n|\n|-weather|none\n|upkeep\n|\n|t:|1788258957\n|switch|p2a: Scovillain|Scovillain-Mega, L50, F, shiny|29/100\n|turn|6\n|\n|t:|1788258970\n|move|p1a: Garchomp|Protect|p1a: Garchomp\n|-singleturn|p1a: Garchomp|Protect\n|move|p2a: Scovillain|Giga Drain|p1a: Garchomp\n|-activate|p1a: Garchomp|move: Protect\n|move|p2b: Basculegion|Wave Crash|p1b: Incineroar\n|-supereffective|p1b: Incineroar|1\n|-damage|p1b: Incineroar|0 fnt\n|faint|p1b: Incineroar\n|-damage|p2b: Basculegion|71/100|[from] Recoil\n|\n|upkeep\n|\n|t:|1788258977\n|switch|p1b: Charizard|Charizard-Mega-Y, L50, M, shiny|100/100\n|-weather|SunnyDay|[from] ability: Drought|[of] p1b: Charizard\n|turn|7\n|\n|t:|1788258985\n|move|p2a: Scovillain|Protect|p2a: Scovillain\n|-singleturn|p2a: Scovillain|Protect\n|move|p2b: Basculegion|Protect|p2b: Basculegion\n|-singleturn|p2b: Basculegion|Protect\n|move|p1a: Garchomp|Earthquake|p2a: Scovillain|[spread] \n|-activate|p2a: Scovillain|move: Protect\n|-activate|p2b: Basculegion|move: Protect\n|-immune|p1b: Charizard\n|move|p1b: Charizard|Heat Wave|p2a: Scovillain|[spread] \n|-activate|p2a: Scovillain|move: Protect\n|-activate|p2b: Basculegion|move: Protect\n|\n|-weather|SunnyDay|[upkeep]\n|upkeep\n|turn|8\n|\n|t:|1788258997\n|move|p2b: Basculegion|Aqua Jet|p1b: Charizard\n|-supereffective|p1b: Charizard|1\n|-damage|p1b: Charizard|81/100\n|move|p1a: Garchomp|Earthquake|p2b: Basculegion|[spread] p2a,p2b\n|-immune|p1b: Charizard\n|-damage|p2a: Scovillain|0 fnt\n|-damage|p2b: Basculegion|21/100\n|-status|p1a: Garchomp|brn|[from] ability: Spicy Spray|[of] p2a: Scovillain\n|-enditem|p2b: Basculegion|Sitrus Berry|[eat]\n|-heal|p2b: Basculegion|46/100|[from] item: Sitrus Berry\n|faint|p2a: Scovillain\n|-damage|p1a: Garchomp|82/100 brn|[from] item: Life Orb\n|move|p1b: Charizard|Heat Wave|p2b: Basculegion\n|-resisted|p2b: Basculegion|1\n|-damage|p2b: Basculegion|1/100\n|\n|-weather|SunnyDay|[upkeep]\n|-damage|p1a: Garchomp|76/100 brn|[from] brn\n|upkeep\n|\n|t:|1788259010\n|switch|p2a: Kingambit|Kingambit, L50, F|100/100\n|turn|9\n|\n|t:|1788259019\n|move|p1b: Charizard|Protect|p1b: Charizard\n|-singleturn|p1b: Charizard|Protect\n|move|p2b: Basculegion|Protect|p2b: Basculegion\n|-singleturn|p2b: Basculegion|Protect\n|move|p2a: Kingambit|Sucker Punch||[still]\n|-fail|p2a: Kingambit\n|move|p1a: Garchomp|Earthquake|p2b: Basculegion|[spread] p2a\n|-activate|p1b: Charizard|move: Protect\n|-activate|p2b: Basculegion|move: Protect\n|-supereffective|p2a: Kingambit|1\n|-damage|p2a: Kingambit|65/100\n|-damage|p1a: Garchomp|66/100 brn|[from] item: Life Orb\n|\n|-weather|SunnyDay|[upkeep]\n|-damage|p1a: Garchomp|60/100 brn|[from] brn\n|upkeep\n|turn|10\n|\n|t:|1788259038\n|move|p2b: Basculegion|Aqua Jet|p1b: Charizard\n|-supereffective|p1b: Charizard|1\n|-damage|p1b: Charizard|62/100\n|move|p2a: Kingambit|Sucker Punch|p1b: Charizard\n|-damage|p1b: Charizard|10/100\n|move|p1a: Garchomp|Earthquake|p2a: Kingambit|[spread] p2a,p2b\n|-immune|p1b: Charizard\n|-supereffective|p2a: Kingambit|1\n|-damage|p2a: Kingambit|29/100\n|-damage|p2b: Basculegion|0 fnt\n|faint|p2b: Basculegion\n|-damage|p1a: Garchomp|50/100g brn|[from] item: Life Orb\n|move|p1b: Charizard|Heat Wave|p2a: Kingambit\n|-supereffective|p2a: Kingambit|1\n|-damage|p2a: Kingambit|0 fnt\n|faint|p2a: Kingambit\n|\n|win|yar_kol\n","uploadtime":1788259039,"views":"1","formatid":"gen9championsvgc2026regmbbo3","rating":null,"private":0,"password":null}