{"id":"gen9championsvgc2026regmbbo3-2673368899","format":"[Gen 9 Champions] VGC 2026 Reg M-B (Bo3)","players":["gamersplays909","Pawah"],"log":"|j|☆gamersplays909\n|j|☆Pawah\n|html|<table width=\"100%\"><tr><td align=\"left\">gamersplays909</td><td align=\"right\">Pawah</tr><tr><td align=\"left\"><i class=\"fa fa-circle\"></i> <i class=\"fa fa-circle-o\"></i> </td><td align=\"right\"><i class=\"fa fa-circle-o\"></i> <i class=\"fa fa-circle-o\"></i> </tr></table>\n|uhtml|bestof|<h2><strong>Game 2</strong> of <a href=\"/game-bestof3-gen9championsvgc2026regmbbo3-2673367530\">a best-of-3</a></h2>\n|t:|1788189290\n|gametype|doubles\n|player|p1|gamersplays909|169|1248\n|player|p2|Pawah|ethan|1303\n|gen|9\n|tier|[Gen 9 Champions] VGC 2026 Reg M-B (Bo3)\n|rated|\n|rule|Species Clause: Limit one of each Pokémon\n|rule|Item Clause: Limit 1 of each item\n|clearpoke\n|poke|p1|Staraptor, L50, M|\n|poke|p1|Garchomp, L50, M|\n|poke|p1|Whimsicott, L50, M|\n|poke|p1|Delphox, L50, M|\n|poke|p1|Glimmora, L50, M|\n|poke|p1|Kingambit, L50, F|\n|poke|p2|Incineroar, L50, M|\n|poke|p2|Sinistcha, L50|\n|poke|p2|Floette-Eternal, L50, F|\n|poke|p2|Samurott-Hisui, L50, F|\n|poke|p2|Sneasler, L50, F|\n|poke|p2|Delphox, L50, M|\n|teampreview|4\n|showteam|p1|Staraptor||Staraptite|Intimidate|Protect,Roost,CloseCombat,BraveBird|Jolly||M|||50|]Garchomp||LifeOrb|RoughSkin|Protect,RockSlide,Earthquake,DragonClaw|Jolly||M|||50|]Whimsicott||OccaBerry|Prankster|Moonblast,Tailwind,Charm,LightScreen|Timid||M|||50|]Delphox||Delphoxite|Magician|Protect,Psychic,HeatWave,Substitute|Timid||M|||50|]Glimmora||FocusSash|ToxicDebris|SpikyShield,SludgeBomb,EarthPower,PowerGem|Timid||M|||50|]Kingambit||ChopleBerry|Defiant|SuckerPunch,LowKick,IronHead,KowtowCleave|Adamant||F|||50|\n|showteam|p2|Incineroar||SitrusBerry|Intimidate|FlareBlitz,DarkestLariat,FakeOut,PartingShot|Careful||M|||50|]Sinistcha||OccaBerry|Hospitality|MatchaGotcha,LifeDew,RagePowder,Protect|Bold|||||50|]Floette-Eternal||Floettite|FlowerVeil|Protect,DazzlingGleam,Moonblast,CalmMind|Modest||F|||50|]Samurott-Hisui||ChoiceScarf|Sharpness|NightSlash,AquaCutter,SacredSword,FlipTurn|Jolly||F|||50|]Sneasler||FocusSash|PoisonTouch|PoisonJab,RockSlide,CloseCombat,FakeOut|Jolly||F|||50|]Delphox||Delphoxite|Blaze|HeatWave,Protect,Psychic,NastyPlot|Timid||M|||50|\n|inactive|Battle timer is ON: inactive players will automatically lose when time's up. (requested by Pawah)\n|\n|t:|1788189307\n|teamsize|p1|4\n|teamsize|p2|4\n|start\n|switch|p1a: Staraptor|Staraptor, L50, M|100/100\n|switch|p1b: Whimsicott|Whimsicott, L50, M|100/100\n|switch|p2a: Incineroar|Incineroar, L50, M|100/100\n|switch|p2b: Floette|Floette-Eternal, L50, F|100/100\n|-ability|p1a: Staraptor|Intimidate|boost\n|-unboost|p2a: Incineroar|atk|1\n|-unboost|p2b: Floette|atk|1\n|-ability|p2a: Incineroar|Intimidate|boost\n|-unboost|p1a: Staraptor|atk|1\n|-unboost|p1b: Whimsicott|atk|1\n|turn|1\n|inactive|gamersplays909 has 30 seconds left.\n|l|☆gamersplays909\n|inactive|gamersplays909 disconnected and has a minute to reconnect!\n|player|p1|\n|inactive|gamersplays909 has 20 seconds left.\n|inactive|Pawah has 30 seconds left.\n|inactive|gamersplays909 has 15 seconds left.\n|inactiveoff|Battle timer is now OFF.\n|j|☆gamersplays909\n|player|p1|gamersplays909|169|\n|\n|t:|1788189368\n|detailschange|p1a: Staraptor|Staraptor-Mega, L50, M\n|-mega|p1a: Staraptor|Staraptor|Staraptite\n|detailschange|p2b: Floette|Floette-Mega, L50, F\n|-mega|p2b: Floette|Floette|Floettite\n|-ability|p2b: Floette|Fairy Aura\n|move|p1a: Staraptor|Protect|p1a: Staraptor\n|-singleturn|p1a: Staraptor|Protect\n|move|p2a: Incineroar|Fake Out|p1b: Whimsicott\n|-damage|p1b: Whimsicott|90/100\n|cant|p1b: Whimsicott|flinch\n|move|p2b: Floette|Moonblast|p1a: Staraptor\n|-activate|p1a: Staraptor|move: Protect\n|\n|upkeep\n|turn|2\n|\n|t:|1788189394\n|move|p1b: Whimsicott|Charm|p1a: Staraptor\n|-boost|p1a: Staraptor|atk|2\n|move|p1a: Staraptor|Brave Bird|p2b: Floette\n|-damage|p2b: Floette|10/100\n|-damage|p1a: Staraptor|72/100|[from] Recoil\n|move|p2b: Floette|Moonblast|p1a: Staraptor\n|-supereffective|p1a: Staraptor|1\n|-crit|p1a: Staraptor\n|-damage|p1a: Staraptor|0 fnt\n|faint|p1a: Staraptor\n|move|p2a: Incineroar|Flare Blitz|p1b: Whimsicott\n|-supereffective|p1b: Whimsicott|1\n|-enditem|p1b: Whimsicott|Occa Berry|[eat]\n|-enditem|p1b: Whimsicott|Occa Berry|[weaken]\n|-damage|p1b: Whimsicott|49/100\n|-status|p1b: Whimsicott|brn\n|-damage|p2a: Incineroar|89/100|[from] Recoil\n|\n|-damage|p1b: Whimsicott|43/100 brn|[from] brn\n|upkeep\n|\n|t:|1788189402\n|switch|p1a: Garchomp|Garchomp, L50, M|100/100\n|turn|3\n|\n|t:|1788189410\n|switch|p2a: Sinistcha|Sinistcha, L50|100/100\n|-heal|p2b: Floette|35/100|[from] ability: Hospitality|[of] p2a: Sinistcha\n|move|p2b: Floette|Protect|p2b: Floette\n|-singleturn|p2b: Floette|Protect\n|move|p1b: Whimsicott|Tailwind|p1b: Whimsicott\n|-sidestart|p1: gamersplays909|move: Tailwind\n|move|p1a: Garchomp|Rock Slide|p2a: Sinistcha|[spread] p2a\n|-activate|p2b: Floette|move: Protect\n|-damage|p2a: Sinistcha|78/100\n|-damage|p1a: Garchomp|90/100|[from] item: Life Orb\n|\n|-damage|p1b: Whimsicott|38/100 brn|[from] brn\n|upkeep\n|turn|4\n|\n|t:|1788189424\n|switch|p2b: Incineroar|Incineroar, L50, M|89/100\n|-ability|p2b: Incineroar|Intimidate|boost\n|-unboost|p1a: Garchomp|atk|1\n|-unboost|p1b: Whimsicott|atk|1\n|move|p1b: Whimsicott|Light Screen|p1b: Whimsicott\n|-sidestart|p1: gamersplays909|move: Light Screen\n|move|p1a: Garchomp|Earthquake|p2b: Incineroar|[spread] p1b,p2a,p2b\n|-resisted|p1b: Whimsicott|1\n|-resisted|p2a: Sinistcha|1\n|-supereffective|p2b: Incineroar|1\n|-damage|p1b: Whimsicott|18/100 brn\n|-damage|p2a: Sinistcha|64/100\n|-damage|p2b: Incineroar|34/100\n|-enditem|p2b: Incineroar|Sitrus Berry|[eat]\n|-heal|p2b: Incineroar|58/100|[from] item: Sitrus Berry\n|-damage|p1a: Garchomp|80/100|[from] item: Life Orb\n|move|p2a: Sinistcha|Matcha Gotcha|p1b: Whimsicott|[spread] p1a,p1b\n|-resisted|p1b: Whimsicott|1\n|-damage|p1a: Garchomp|61/100\n|-heal|p2a: Sinistcha|74/100|[from] drain|[of] p1a: Garchomp\n|-damage|p1b: Whimsicott|5/100 brn\n|-heal|p2a: Sinistcha|79/100|[from] drain|[of] p1b: Whimsicott\n|-status|p1a: Garchomp|brn\n|\n|-damage|p1b: Whimsicott|0 fnt|[from] brn\n|faint|p1b: Whimsicott\n|-damage|p1a: Garchomp|55/100 brn|[from] brn\n|upkeep\n|\n|t:|1788189433\n|switch|p1b: Glimmora|Glimmora, L50, M|100/100\n|turn|5\n|\n|t:|1788189443\n|move|p1a: Garchomp|Protect|p1a: Garchomp\n|-singleturn|p1a: Garchomp|Protect\n|move|p1b: Glimmora|Earth Power|p2b: Incineroar\n|-supereffective|p2b: Incineroar|1\n|-damage|p2b: Incineroar|11/100\n|move|p2a: Sinistcha|Life Dew|p2a: Sinistcha|[spread] p2a,p2b\n|-heal|p2a: Sinistcha|100/100\n|-heal|p2b: Incineroar|36/100\n|move|p2b: Incineroar|Parting Shot|p1b: Glimmora\n|-unboost|p1b: Glimmora|atk|1\n|-unboost|p1b: Glimmora|spa|1\n|\n|t:|1788189453\n|switch|p2b: Sneasler|Sneasler, L50, F|100/100|[from] Parting Shot\n|\n|-damage|p1a: Garchomp|49/100 brn|[from] brn\n|upkeep\n|turn|6\n|\n|t:|1788189464\n|switch|p2b: Incineroar|Incineroar, L50, M|36/100\n|-ability|p2b: Incineroar|Intimidate|boost\n|-unboost|p1a: Garchomp|atk|1\n|-unboost|p1b: Glimmora|atk|1\n|move|p1b: Glimmora|Spiky Shield|p1b: Glimmora\n|-singleturn|p1b: Glimmora|move: Protect\n|move|p1a: Garchomp|Earthquake|p2a: Sinistcha|[spread] p2a,p2b\n|-activate|p1b: Glimmora|move: Protect\n|-resisted|p2a: Sinistcha|1\n|-supereffective|p2b: Incineroar|1\n|-damage|p2a: Sinistcha|95/100\n|-damage|p2b: Incineroar|15/100\n|-damage|p1a: Garchomp|39/100 brn|[from] item: Life Orb\n|move|p2a: Sinistcha|Matcha Gotcha|p1b: Glimmora|[spread] p1a\n|-activate|p1b: Glimmora|move: Protect\n|-damage|p1a: Garchomp|20/100y brn\n|-heal|p2a: Sinistcha|100/100|[from] drain|[of] p1a: Garchomp\n|\n|-damage|p1a: Garchomp|14/100 brn|[from] brn\n|-sideend|p1: gamersplays909|move: Tailwind\n|upkeep\n|turn|7\n|-message|gamersplays909 forfeited.\n|\n|win|Pawah\n","uploadtime":1788189470,"views":"1","formatid":"gen9championsvgc2026regmbbo3","rating":null,"private":0,"password":null}