{"id":"gen9championsvgc2026regmbbo3-2673801471","format":"[Gen 9 Champions] VGC 2026 Reg M-B (Bo3)","players":["hungrymilktea","ikun.cm"],"log":"|j|☆hungrymilktea\n|j|☆ikun.cm\n|html|<table width=\"100%\"><tr><td align=\"left\">hungrymilktea</td><td align=\"right\">ikun.cm</tr><tr><td align=\"left\"><i class=\"fa fa-circle-o\"></i> <i class=\"fa fa-circle-o\"></i> </td><td align=\"right\"><i class=\"fa fa-circle-o\"></i> <i class=\"fa fa-circle-o\"></i> </tr></table>\n|uhtml|bestof|<h2><strong>Game 1</strong> of <a href=\"/game-bestof3-gen9championsvgc2026regmbbo3-2673801470\">a best-of-3</a></h2>\n|t:|1788259718\n|gametype|doubles\n|player|p1|hungrymilktea|swimmerf|\n|player|p2|ikun.cm|caitlin|\n|gen|9\n|tier|[Gen 9 Champions] VGC 2026 Reg M-B (Bo3)\n|rule|Species Clause: Limit one of each Pokémon\n|rule|Item Clause: Limit 1 of each item\n|clearpoke\n|poke|p1|Floette-Eternal, L50, F|\n|poke|p1|Charizard, L50, F, shiny|\n|poke|p1|Basculegion, L50, M, shiny|\n|poke|p1|Sneasler, L50, F, shiny|\n|poke|p1|Garchomp, L50, F, shiny|\n|poke|p1|Kingambit, L50, F, shiny|\n|poke|p2|Dragonite, L50, F|\n|poke|p2|Basculegion, L50, M|\n|poke|p2|Garchomp, L50, M|\n|poke|p2|Floette-Eternal, L50, F|\n|poke|p2|Sneasler, L50, F|\n|poke|p2|Kingambit, L50, M|\n|teampreview|4\n|showteam|p1|Floette-Eternal||Floettite|FlowerVeil|Protect,LightofRuin,DazzlingGleam,Moonblast|Timid||F|||50|]Charizard||CharizarditeY|Blaze|Protect,SolarBeam,WeatherBall,HeatWave|Modest||F|||50|]Basculegion||ChoiceScarf|Adaptability|AquaJet,FlipTurn,LastRespects,WaveCrash|Jolly||M|||50|]Sneasler||FocusSash|PoisonTouch|Protect,CloseCombat,FakeOut,DireClaw|Jolly||F|||50|]Garchomp||LifeOrb|RoughSkin|RockSlide,Protect,DragonClaw,StompingTantrum|Jolly||F|||50|]Kingambit||ChopleBerry|Defiant|KowtowCleave,Protect,SuckerPunch,IronHead|Adamant||F|||50|\n|showteam|p2|Dragonite||Dragoninite|InnerFocus|Protect,Hurricane,DragonPulse,HeatWave|Modest||F|||50|]Basculegion||FocusSash|Adaptability|LastRespects,WaveCrash,FlipTurn,Protect|Jolly||M|||50|]Garchomp||LifeOrb|SandVeil|RockSlide,DragonClaw,Earthquake,Protect|Jolly||M|||50|]Floette-Eternal||Floettite|FlowerVeil|DazzlingGleam,EnergyBall,Protect,Psychic|Timid||F|||50|]Sneasler||WhiteHerb|Unburden|FakeOut,DireClaw,CloseCombat,Protect|Adamant||F|||50|]Kingambit||ChopleBerry|SupremeOverlord|SuckerPunch,IronHead,Protect,BrickBreak|Adamant||M|||50|\n|inactive|Battle timer is ON: inactive players will automatically lose when time's up. (requested by ikun.cm)\n|\n|t:|1788259790\n|teamsize|p1|4\n|teamsize|p2|4\n|start\n|switch|p1a: Charizard|Charizard, L50, F, shiny|100/100\n|switch|p1b: Sneasler|Sneasler, L50, F, shiny|100/100\n|switch|p2a: 肥肥大|Dragonite, L50, F|100/100\n|switch|p2b: Sneasler|Sneasler, L50, F|100/100\n|turn|1\n|inactive|hungrymilktea has 30 seconds left.\n|\n|t:|1788259817\n|detailschange|p1a: Charizard|Charizard-Mega-Y, L50, F, shiny\n|-mega|p1a: Charizard|Charizard|Charizardite Y\n|-weather|SunnyDay|[from] ability: Drought|[of] p1a: Charizard\n|move|p2b: Sneasler|Protect|p2b: Sneasler\n|-singleturn|p2b: Sneasler|Protect\n|move|p2a: 肥肥大|Protect|p2a: 肥肥大\n|-singleturn|p2a: 肥肥大|Protect\n|move|p1b: Sneasler|Fake Out|p2b: Sneasler\n|-activate|p2b: Sneasler|move: Protect\n|move|p1a: Charizard|Heat Wave|p2b: Sneasler|[spread] \n|-activate|p2a: 肥肥大|move: Protect\n|-activate|p2b: Sneasler|move: Protect\n|\n|-weather|SunnyDay|[upkeep]\n|upkeep\n|turn|2\n|inactive|ikun.cm has 30 seconds left.\n|\n|t:|1788259846\n|switch|p2b: Garchomp|Garchomp, L50, M|100/100\n|detailschange|p2a: 肥肥大|Dragonite-Mega, L50, F\n|-mega|p2a: 肥肥大|Dragonite|Dragoninite\n|move|p1b: Sneasler|Dire Claw|p2a: 肥肥大\n|-damage|p2a: 肥肥大|81/100\n|-status|p2a: 肥肥大|slp\n|move|p1a: Charizard|Heat Wave|p2a: 肥肥大|[spread] p2a,p2b\n|-resisted|p2a: 肥肥大|1\n|-resisted|p2b: Garchomp|1\n|-damage|p2a: 肥肥大|59/100 slp\n|-damage|p2b: Garchomp|67/100\n|cant|p2a: 肥肥大|slp\n|\n|-weather|SunnyDay|[upkeep]\n|upkeep\n|turn|3\n|inactive|hungrymilktea has 30 seconds left.\n|\n|t:|1788259880\n|move|p1a: Charizard|Protect|p1a: Charizard\n|-singleturn|p1a: Charizard|Protect\n|move|p1b: Sneasler|Close Combat|p2b: Garchomp\n|-damage|p2b: Garchomp|5/100\n|-unboost|p1b: Sneasler|def|1\n|-unboost|p1b: Sneasler|spd|1\n|move|p2b: Garchomp|Rock Slide|p1b: Sneasler|[spread] p1b\n|-activate|p1a: Charizard|move: Protect\n|-resisted|p1b: Sneasler|1\n|-damage|p1b: Sneasler|66/100\n|-damage|p2b: Garchomp|0 fnt|[from] item: Life Orb\n|faint|p2b: Garchomp\n|cant|p2a: 肥肥大|slp\n|\n|-weather|SunnyDay|[upkeep]\n|upkeep\n|\n|t:|1788259897\n|switch|p2b: Sneasler|Sneasler, L50, F|100/100\n|turn|4\n|\n|t:|1788259921\n|switch|p1b: Garchomp|Garchomp, L50, F, shiny|100/100\n|move|p1a: Charizard|Protect||[still]\n|-fail|p1a: Charizard\n|move|p2b: Sneasler|Fake Out|p1b: Garchomp\n|-damage|p1b: Garchomp|84/100\n|-damage|p2b: Sneasler|87/100|[from] ability: Rough Skin|[of] p1b: Garchomp\n|-curestatus|p2a: 肥肥大|slp|[msg]\n|move|p2a: 肥肥大|Heat Wave|p1a: Charizard|[spread] p1b\n|-miss|p2a: 肥肥大|p1a: Charizard\n|-resisted|p1b: Garchomp|1\n|-damage|p1b: Garchomp|58/100\n|\n|-weather|SunnyDay|[upkeep]\n|upkeep\n|turn|5\n|\n|t:|1788259944\n|move|p2a: 肥肥大|Protect|p2a: 肥肥大\n|-singleturn|p2a: 肥肥大|Protect\n|move|p1b: Garchomp|Dragon Claw|p2a: 肥肥大\n|-activate|p2a: 肥肥大|move: Protect\n|move|p2b: Sneasler|Close Combat|p1b: Garchomp\n|-damage|p1b: Garchomp|0 fnt\n|-unboost|p2b: Sneasler|def|1\n|-unboost|p2b: Sneasler|spd|1\n|-damage|p2b: Sneasler|75/100|[from] ability: Rough Skin|[of] p1b: Garchomp\n|faint|p1b: Garchomp\n|-enditem|p2b: Sneasler|White Herb\n|-clearnegativeboost|p2b: Sneasler|[silent]\n|move|p1a: Charizard|Weather Ball|p2b: Sneasler\n|-damage|p2b: Sneasler|0 fnt\n|faint|p2b: Sneasler\n|\n|-weather|none\n|upkeep\n|\n|t:|1788259965\n|switch|p1b: Sneasler|Sneasler, L50, F, shiny|66/100\n|switch|p2b: Kingambit|Kingambit, L50, M|100/100\n|-activate|p2b: Kingambit|ability: Supreme Overlord\n|-start|p2b: Kingambit|fallen2|[silent]\n|turn|6\n|\n|t:|1788259980\n|move|p2b: Kingambit|Protect|p2b: Kingambit\n|-singleturn|p2b: Kingambit|Protect\n|move|p1b: Sneasler|Fake Out|p2b: Kingambit\n|-activate|p2b: Kingambit|move: Protect\n|move|p1a: Charizard|Heat Wave|p2b: Kingambit|[spread] p2a\n|-activate|p2b: Kingambit|move: Protect\n|-resisted|p2a: 肥肥大|1\n|-damage|p2a: 肥肥大|43/100\n|move|p2a: 肥肥大|Hurricane|p1b: Sneasler\n|-supereffective|p1b: Sneasler|1\n|-damage|p1b: Sneasler|0 fnt\n|faint|p1b: Sneasler\n|\n|upkeep\n|\n|t:|1788259983\n|switch|p1b: Basculegion|Basculegion, L50, M, shiny|100/100\n|turn|7\n|inactive|hungrymilktea has 30 seconds left.\n|\n|t:|1788260014\n|move|p2b: Kingambit|Sucker Punch|p1a: Charizard\n|-damage|p1a: Charizard|47/100\n|move|p1b: Basculegion|Wave Crash|p2a: 肥肥大\n|-resisted|p2a: 肥肥大|1\n|-damage|p2a: 肥肥大|15/100\n|-damage|p1b: Basculegion|90/100|[from] Recoil\n|move|p1a: Charizard|Heat Wave|p2b: Kingambit|[spread] p2a,p2b\n|-resisted|p2a: 肥肥大|1\n|-supereffective|p2b: Kingambit|1\n|-damage|p2a: 肥肥大|0 fnt\n|-damage|p2b: Kingambit|23/100\n|faint|p2a: 肥肥大\n|\n|upkeep\n|turn|8\n|\n|t:|1788260030\n|move|p2b: Kingambit|Sucker Punch|p1a: Charizard\n|-damage|p1a: Charizard|0 fnt\n|faint|p1a: Charizard\n|move|p1b: Basculegion|Wave Crash|p2b: Kingambit\n|-damage|p2b: Kingambit|0 fnt\n|faint|p2b: Kingambit\n|-end|p2b: Kingambit|fallen2|[silent]\n|-damage|p1b: Basculegion|82/100|[from] Recoil\n|\n|win|hungrymilktea\n|l|☆hungrymilktea\n|player|p1|\n||hungrymilktea is ready for game 2.\n","uploadtime":1788260039,"views":"0","formatid":"gen9championsvgc2026regmbbo3","rating":null,"private":0,"password":null}