{"id":"gen9championsvgc2026regmbbo3-2673972503","format":"[Gen 9 Champions] VGC 2026 Reg M-B (Bo3)","players":["epic17x","simioini"],"log":"|j|☆epic17x\n|j|☆simioini\n|html|<table width=\"100%\"><tr><td align=\"left\">epic17x</td><td align=\"right\">simioini</tr><tr><td align=\"left\"><i class=\"fa fa-circle\"></i> <i class=\"fa fa-circle-o\"></i> </td><td align=\"right\"><i class=\"fa fa-circle-o\"></i> <i class=\"fa fa-circle\"></i> </tr></table>\n|uhtml|bestof|<h2><strong>Game 3</strong> of <a href=\"/game-bestof3-gen9championsvgc2026regmbbo3-2673969730\">a best-of-3</a></h2>\n|t:|1788283467\n|gametype|doubles\n|player|p1|epic17x|steven|1239\n|player|p2|simioini|169|1266\n|gen|9\n|tier|[Gen 9 Champions] VGC 2026 Reg M-B (Bo3)\n|rated|\n|rule|Species Clause: Limit one of each Pokémon\n|rule|Item Clause: Limit 1 of each item\n|clearpoke\n|poke|p1|Dragonite, L50, M|\n|poke|p1|Sneasler, L50, F|\n|poke|p1|Basculegion, L50, M|\n|poke|p1|Kingambit, L50, F|\n|poke|p1|Garchomp, L50, M|\n|poke|p1|Floette-Eternal, L50, F|\n|poke|p2|Charizard, L50, M|\n|poke|p2|Whimsicott, L50, M|\n|poke|p2|Garchomp, L50, F|\n|poke|p2|Floette-Eternal, L50, F|\n|poke|p2|Kingambit, L50, F|\n|poke|p2|Basculegion, L50, M|\n|teampreview|4\n|showteam|p1|Dragonite||Dragoninite|Multiscale|DragonPulse,HeatWave,ExtremeSpeed,Protect|Modest||M|||50|]Sneasler||FocusSash|PoisonTouch|FakeOut,DireClaw,CloseCombat,Protect|Jolly||F|||50|]Basculegion||LifeOrb|Adaptability|WaveCrash,LastRespects,AquaJet,Protect|Adamant||M|||50|]Kingambit||ChopleBerry|Defiant|KowtowCleave,SuckerPunch,LowKick,IronHead|Adamant||F|||50|]Garchomp||ChoiceScarf|RoughSkin|DragonClaw,StompingTantrum,Earthquake,RockSlide|Adamant||M|||50|]Floette-Eternal||Floettite|FlowerVeil|LightofRuin,Moonblast,DazzlingGleam,Protect|Timid||F|||50|\n|showteam|p2|Charizard||CharizarditeY|Blaze|HeatWave,WeatherBall,AncientPower,Protect|Timid||M|||50|]Whimsicott||FocusSash|Prankster|Moonblast,Tailwind,Encore,Protect|Timid||M|||50|]Garchomp||SitrusBerry|RoughSkin|Earthquake,DragonClaw,RockSlide,Protect|Jolly||F|||50|]Floette-Eternal||Floettite|FlowerVeil|DazzlingGleam,Moonblast,LightofRuin,Protect|Modest||F|||50|]Kingambit||OccaBerry|Defiant|KowtowCleave,IronHead,SuckerPunch,LowKick|Adamant||F|||50|]Basculegion||LifeOrb|Adaptability|WaveCrash,LastRespects,AquaJet,Protect|Adamant||M|||50|\n|inactive|Battle timer is ON: inactive players will automatically lose when time's up. (requested by epic17x)\n|inactive|epic17x has 60 seconds left.\n|\n|t:|1788283502\n|teamsize|p1|4\n|teamsize|p2|4\n|start\n|switch|p1a: Sneasler|Sneasler, L50, F|100/100\n|switch|p1b: Floette|Floette-Eternal, L50, F|100/100\n|switch|p2a: Whimsicott|Whimsicott, L50, M|100/100\n|switch|p2b: Floette|Floette-Eternal, L50, F|100/100\n|turn|1\n|\n|t:|1788283516\n|detailschange|p1b: Floette|Floette-Mega, L50, F\n|-mega|p1b: Floette|Floette|Floettite\n|-ability|p1b: Floette|Fairy Aura\n|move|p2a: Whimsicott|Protect|p2a: Whimsicott\n|-singleturn|p2a: Whimsicott|Protect\n|move|p2b: Floette|Protect|p2b: Floette\n|-singleturn|p2b: Floette|Protect\n|move|p1a: Sneasler|Dire Claw|p2b: Floette\n|-activate|p2b: Floette|move: Protect\n|move|p1b: Floette|Dazzling Gleam|p2a: Whimsicott|[spread] \n|-activate|p2a: Whimsicott|move: Protect\n|-activate|p2b: Floette|move: Protect\n|\n|upkeep\n|turn|2\n|\n|t:|1788283535\n|detailschange|p2b: Floette|Floette-Mega, L50, F\n|-mega|p2b: Floette|Floette|Floettite\n|-ability|p2b: Floette|Fairy Aura\n|move|p2a: Whimsicott|Tailwind|p2a: Whimsicott\n|-sidestart|p2: simioini|move: Tailwind\n|move|p2b: Floette|Moonblast|p1a: Sneasler\n|-enditem|p1a: Sneasler|Focus Sash\n|-damage|p1a: Sneasler|1/100\n|move|p1a: Sneasler|Dire Claw|p2b: Floette\n|-supereffective|p2b: Floette|1\n|-damage|p2b: Floette|4/100\n|move|p1b: Floette|Dazzling Gleam|p2a: Whimsicott|[spread] p2a,p2b\n|-damage|p2a: Whimsicott|20/100y\n|-damage|p2b: Floette|0 fnt\n|faint|p2b: Floette\n|\n|upkeep\n|\n|t:|1788283550\n|switch|p2b: Basculegion|Basculegion, L50, M|100/100\n|turn|3\n|\n|t:|1788283574\n|switch|p1a: Dragonite|Dragonite, L50, M|100/100\n|move|p1b: Floette|Protect|p1b: Floette\n|-singleturn|p1b: Floette|Protect\n|move|p2a: Whimsicott|Moonblast|p1a: Dragonite\n|-supereffective|p1a: Dragonite|1\n|-damage|p1a: Dragonite|51/100\n|move|p2b: Basculegion|Wave Crash|p1b: Floette\n|-activate|p1b: Floette|move: Protect\n|\n|upkeep\n|turn|4\n|\n|t:|1788283587\n|switch|p1b: Sneasler|Sneasler, L50, F|1/100\n|move|p1a: Dragonite|Extreme Speed|p2a: Whimsicott\n|-damage|p2a: Whimsicott|0 fnt\n|faint|p2a: Whimsicott\n|move|p2b: Basculegion|Wave Crash|p1b: Sneasler\n|-damage|p1b: Sneasler|0 fnt\n|faint|p1b: Sneasler\n|-damage|p2b: Basculegion|99/100|[from] Recoil\n|-damage|p2b: Basculegion|89/100|[from] item: Life Orb\n|\n|upkeep\n|\n|t:|1788283597\n|switch|p1b: Floette|Floette-Mega, L50, F|100/100\n|switch|p2a: Kingambit|Kingambit, L50, F|100/100\n|-ability|p1b: Floette|Fairy Aura\n|turn|5\n|\n|t:|1788283610\n|move|p1b: Floette|Protect|p1b: Floette\n|-singleturn|p1b: Floette|Protect\n|move|p2b: Basculegion|Last Respects|p1a: Dragonite\n|-damage|p1a: Dragonite|0 fnt\n|faint|p1a: Dragonite\n|-damage|p2b: Basculegion|80/100|[from] item: Life Orb\n|move|p2a: Kingambit|Iron Head|p1b: Floette\n|-activate|p1b: Floette|move: Protect\n|\n|-sideend|p2: simioini|move: Tailwind\n|upkeep\n|\n|t:|1788283612\n|switch|p1a: Garchomp|Garchomp, L50, M|100/100\n|turn|6\n|\n|t:|1788283629\n|move|p2a: Kingambit|Sucker Punch|p1a: Garchomp\n|-damage|p1a: Garchomp|62/100\n|-damage|p2a: Kingambit|87/100|[from] ability: Rough Skin|[of] p1a: Garchomp\n|move|p1a: Garchomp|Stomping Tantrum|p2a: Kingambit\n|-supereffective|p2a: Kingambit|1\n|-damage|p2a: Kingambit|21/100\n|move|p1b: Floette|Dazzling Gleam|p2a: Kingambit|[spread] p2a,p2b\n|-damage|p2a: Kingambit|0 fnt\n|-damage|p2b: Basculegion|28/100\n|faint|p2a: Kingambit\n|move|p2b: Basculegion|Last Respects|p1b: Floette\n|-damage|p1b: Floette|0 fnt\n|faint|p1b: Floette\n|-damage|p2b: Basculegion|18/100|[from] item: Life Orb\n|\n|upkeep\n|turn|7\n|\n|t:|1788283644\n|move|p2b: Basculegion|Protect|p2b: Basculegion\n|-singleturn|p2b: Basculegion|Protect\n|move|p1a: Garchomp|Stomping Tantrum|p2b: Basculegion\n|-activate|p2b: Basculegion|move: Protect\n|\n|upkeep\n|turn|8\n|c|☆epic17x|gg\n|\n|t:|1788283667\n|move|p2b: Basculegion|Aqua Jet|p1a: Garchomp\n|-damage|p1a: Garchomp|31/100\n|-damage|p2b: Basculegion|6/100|[from] ability: Rough Skin|[of] p1a: Garchomp\n|-damage|p2b: Basculegion|0 fnt|[from] item: Life Orb\n|faint|p2b: Basculegion\n|\n|win|epic17x\n|raw|epic17x's rating: 1239 &rarr; <strong>1266</strong><br />(+27 for winning)\n|raw|simioini's rating: 1266 &rarr; <strong>1239</strong><br />(-27 for losing)\n","uploadtime":1788283667,"views":"0","formatid":"gen9championsvgc2026regmbbo3","rating":1239,"private":0,"password":null}