{"id":"gen9championsvgc2026regmbbo3-2674519850","format":"[Gen 9 Champions] VGC 2026 Reg M-B (Bo3)","players":["mrnicoxd","boca09"],"log":"|j|☆mrnicoxd\n|j|☆boca09\n|html|<table width=\"100%\"><tr><td align=\"left\">mrnicoxd</td><td align=\"right\">boca09</tr><tr><td align=\"left\"><i class=\"fa fa-circle-o\"></i> <i class=\"fa fa-circle-o\"></i> </td><td align=\"right\"><i class=\"fa fa-circle-o\"></i> <i class=\"fa fa-circle-o\"></i> </tr></table>\n|uhtml|bestof|<h2><strong>Game 1</strong> of <a href=\"/game-bestof3-gen9championsvgc2026regmbbo3-2674519849\">a best-of-3</a></h2>\n|t:|1788369405\n|gametype|doubles\n|player|p1|mrnicoxd|n|1117\n|player|p2|boca09|170|1000\n|gen|9\n|tier|[Gen 9 Champions] VGC 2026 Reg M-B (Bo3)\n|rated|\n|rule|Species Clause: Limit one of each Pokémon\n|rule|Item Clause: Limit 1 of each item\n|clearpoke\n|poke|p1|Whimsicott, L50, M|\n|poke|p1|Gholdengo, L50, shiny|\n|poke|p1|Staraptor, L50, F|\n|poke|p1|Garchomp, L50, M|\n|poke|p1|Delphox, L50, M|\n|poke|p1|Rotom-Wash, L50|\n|poke|p2|Charizard, L50, F, shiny|\n|poke|p2|Venusaur, L50, F|\n|poke|p2|Pelipper, L50, M, shiny|\n|poke|p2|Basculegion, L50, M, shiny|\n|poke|p2|Reuniclus, L50, M|\n|poke|p2|Mawile, L50, M, shiny|\n|teampreview|4\n|showteam|p1|Whimsicott||FocusSash|Prankster|Moonblast,Tailwind,Tickle,FakeTears|Modest||M|||50|]Gholdengo||LifeOrb|GoodasGold|MakeItRain,ShadowBall,NastyPlot,Protect|Modest|||||50|]Staraptor||Staraptite|Intimidate|CloseCombat,BraveBird,Roost,Protect|Impish||F|||50|]Garchomp||ChoiceScarf|RoughSkin|DragonClaw,Earthquake,RockSlide,StompingTantrum|Jolly||M|||50|]Delphox||Delphoxite|Blaze|HeatWave,Psychic,DazzlingGleam,Protect|Timid||M|||50|]Rotom-Wash||SitrusBerry|Levitate|HydroPump,VoltSwitch,WillOWisp,Thunderbolt|Modest|||||50|\n|showteam|p2|Charizard||CharizarditeY|SolarPower|SunnyDay,Flamethrower,Outrage,Protect|Timid||F|||50|]Venusaur||Leftovers|Chlorophyll|SolarBeam,SleepTalk,GigaDrain,KnockOff|Modest||F|||50|]Pelipper||SitrusBerry|Drizzle|Hurricane,HydroPump,Protect,Uturn|Bold||M|||50|]Basculegion||ChoiceScarf|SwiftSwim|LastRespects,WaveCrash,PhantomForce,IceBeam|Jolly||M|||50|]Reuniclus||MuscleBand|MagicGuard|Encore,CalmMind,Protect,TrickRoom|Relaxed||M|||50|]Mawile||FairyFeather|SheerForce|SuckerPunch,IronHead,PlayRough,Protect|Adamant||M|||50|\n|\n|t:|1788369477\n|teamsize|p1|4\n|teamsize|p2|4\n|start\n|switch|p1a: Whimsicott|Whimsicott, L50, M|100/100\n|switch|p1b: Garchomp|Garchomp, L50, M|100/100\n|switch|p2a: Reuniclus|Reuniclus, L50, M|100/100\n|switch|p2b: Mawile|Mawile, L50, M, shiny|100/100\n|turn|1\n|\n|t:|1788369515\n|move|p2b: Mawile|Protect|p2b: Mawile\n|-singleturn|p2b: Mawile|Protect\n|move|p1b: Garchomp|Earthquake|p2a: Reuniclus|[spread] p1a,p2a\n|-activate|p2b: Mawile|move: Protect\n|-resisted|p1a: Whimsicott|1\n|-damage|p1a: Whimsicott|77/100\n|-damage|p2a: Reuniclus|68/100\n|move|p1a: Whimsicott|Moonblast|p2a: Reuniclus\n|-damage|p2a: Reuniclus|36/100\n|move|p2a: Reuniclus|Trick Room|p2a: Reuniclus\n|-fieldstart|move: Trick Room|[of] p2a: Reuniclus\n|\n|upkeep\n|turn|2\n|\n|t:|1788369549\n|switch|p1b: Rotom|Rotom-Wash, L50|100/100\n|move|p2a: Reuniclus|Protect|p2a: Reuniclus\n|-singleturn|p2a: Reuniclus|Protect\n|move|p1a: Whimsicott|Tickle|p2b: Mawile\n|-unboost|p2b: Mawile|atk|1\n|-unboost|p2b: Mawile|def|1\n|move|p2b: Mawile|Play Rough|p1b: Rotom\n|-damage|p1b: Rotom|61/100\n|\n|upkeep\n|turn|3\n|\n|t:|1788369574\n|move|p2b: Mawile|Sucker Punch||[still]\n|-fail|p2b: Mawile\n|move|p1a: Whimsicott|Tickle|p2b: Mawile\n|-unboost|p2b: Mawile|atk|1\n|-unboost|p2b: Mawile|def|1\n|move|p2a: Reuniclus|Encore|p1a: Whimsicott\n|-start|p1a: Whimsicott|Encore\n|move|p1b: Rotom|Will-O-Wisp|p2b: Mawile\n|-status|p2b: Mawile|brn\n|\n|-damage|p2b: Mawile|94/100 brn|[from] brn\n|upkeep\n|turn|4\n|\n|t:|1788369595\n|move|p2b: Mawile|Sucker Punch|p1b: Rotom\n|-damage|p1b: Rotom|57/100\n|move|p1a: Whimsicott|Tickle|p2b: Mawile\n|-unboost|p2b: Mawile|atk|1\n|-unboost|p2b: Mawile|def|1\n|move|p2a: Reuniclus|Encore|p1b: Rotom\n|-start|p1b: Rotom|Encore\n|move|p1b: Rotom|Will-O-Wisp|p2b: Mawile\n|-fail|p2b: Mawile|brn\n|\n|-damage|p2b: Mawile|88/100 brn|[from] brn\n|upkeep\n|turn|5\n|\n|t:|1788369626\n|switch|p2a: Venusaur|Venusaur, L50, F|100/100\n|switch|p1b: Delphox|Delphox, L50, M|100/100\n|move|p1a: Whimsicott|Tickle|p2b: Mawile\n|-unboost|p2b: Mawile|atk|1\n|-unboost|p2b: Mawile|def|1\n|move|p2b: Mawile|Iron Head|p1b: Delphox\n|-resisted|p1b: Delphox|1\n|-damage|p1b: Delphox|94/100\n|\n|-damage|p2b: Mawile|83/100 brn|[from] brn\n|-fieldend|move: Trick Room\n|upkeep\n|turn|6\n|\n|t:|1788369661\n|switch|p2a: Charizard|Charizard, L50, F, shiny|100/100\n|move|p2b: Mawile|Protect|p2b: Mawile\n|-singleturn|p2b: Mawile|Protect\n|move|p1a: Whimsicott|Tickle|p2b: Mawile\n|-activate|p2b: Mawile|move: Protect\n|move|p1b: Delphox|Heat Wave|p2b: Mawile|[spread] p2a\n|-activate|p2b: Mawile|move: Protect\n|-resisted|p2a: Charizard|1\n|-damage|p2a: Charizard|78/100\n|\n|-damage|p2b: Mawile|77/100 brn|[from] brn\n|-end|p1a: Whimsicott|Encore\n|upkeep\n|turn|7\n|\n|t:|1788369706\n|detailschange|p1b: Delphox|Delphox-Mega, L50, M\n|-mega|p1b: Delphox|Delphox|Delphoxite\n|detailschange|p2a: Charizard|Charizard-Mega-Y, L50, F, shiny\n|-mega|p2a: Charizard|Charizard|Charizardite Y\n|-weather|SunnyDay|[from] ability: Drought|[of] p2a: Charizard\n|move|p2a: Charizard|Protect|p2a: Charizard\n|-singleturn|p2a: Charizard|Protect\n|move|p1a: Whimsicott|Fake Tears|p2a: Charizard\n|-activate|p2a: Charizard|move: Protect\n|move|p2b: Mawile|Sucker Punch||[still]\n|-fail|p2b: Mawile\n|move|p1b: Delphox|Heat Wave|p2b: Mawile|[spread] p2b\n|-activate|p2a: Charizard|move: Protect\n|-supereffective|p2b: Mawile|1\n|-damage|p2b: Mawile|0 fnt\n|faint|p2b: Mawile\n|\n|-weather|SunnyDay|[upkeep]\n|upkeep\n|\n|t:|1788369725\n|switch|p2b: Venusaur|Venusaur, L50, F|100/100\n|turn|8\n|\n|t:|1788369756\n|move|p1a: Whimsicott|Fake Tears|p2b: Venusaur\n|-unboost|p2b: Venusaur|spd|2\n|move|p1b: Delphox|Heat Wave|p2b: Venusaur|[spread] p2b\n|-miss|p1b: Delphox|p2a: Charizard\n|-supereffective|p2b: Venusaur|1\n|-damage|p2b: Venusaur|0 fnt\n|faint|p2b: Venusaur\n|move|p2a: Charizard|Flamethrower|p1a: Whimsicott\n|-supereffective|p1a: Whimsicott|1\n|-damage|p1a: Whimsicott|0 fnt\n|faint|p1a: Whimsicott\n|\n|-weather|SunnyDay|[upkeep]\n|upkeep\n|\n|t:|1788369772\n|switch|p1a: Garchomp|Garchomp, L50, M|100/100\n|switch|p2b: Reuniclus|Reuniclus, L50, M|36/100\n|turn|9\n|\n|t:|1788369799\n|move|p1a: Garchomp|Rock Slide|p2b: Reuniclus|[spread] p2a,p2b\n|-supereffective|p2a: Charizard|2\n|-damage|p2a: Charizard|0 fnt\n|-damage|p2b: Reuniclus|20/100y\n|faint|p2a: Charizard\n|move|p1b: Delphox|Psychic|p2b: Reuniclus\n|-resisted|p2b: Reuniclus|1\n|-damage|p2b: Reuniclus|0 fnt\n|faint|p2b: Reuniclus\n|\n|win|mrnicoxd\n","uploadtime":1788369808,"views":"21","formatid":"gen9championsvgc2026regmbbo3","rating":null,"private":0,"password":null}