{"id":"gen9championsvgc2026regmbbo3-2674736925","format":"[Gen 9 Champions] VGC 2026 Reg M-B (Bo3)","players":["thismaybeisabot","AbduCR26"],"log":"|j|☆thismaybeisabot\n|j|☆AbduCR26\n|html|<table width=\"100%\"><tr><td align=\"left\">thismaybeisabot</td><td align=\"right\">AbduCR26</tr><tr><td align=\"left\"><i class=\"fa fa-circle\"></i> <i class=\"fa fa-circle-o\"></i> </td><td align=\"right\"><i class=\"fa fa-circle-o\"></i> <i class=\"fa fa-circle\"></i> </tr></table>\n|uhtml|bestof|<h2><strong>Game 3</strong> of <a href=\"/game-bestof3-gen9championsvgc2026regmbbo3-2674733339\">a best-of-3</a></h2>\n|t:|1788398268\n|gametype|doubles\n|player|p1|thismaybeisabot|2|1035\n|player|p2|AbduCR26|101|1000\n|gen|9\n|tier|[Gen 9 Champions] VGC 2026 Reg M-B (Bo3)\n|rated|\n|rule|Species Clause: Limit one of each Pokémon\n|rule|Item Clause: Limit 1 of each item\n|clearpoke\n|poke|p1|Azumarill, L50, M|\n|poke|p1|Clefable, L50, M|\n|poke|p1|Gengar, L50, M|\n|poke|p1|Palafin, L50, M|\n|poke|p1|Gholdengo, L50|\n|poke|p1|Araquanid, L50, M|\n|poke|p2|Froslass, L50, F|\n|poke|p2|Lycanroc-Dusk, L50, M, shiny|\n|poke|p2|Kingambit, L50, M, shiny|\n|poke|p2|Sneasler, L50, M, shiny|\n|poke|p2|Basculegion, L50, M, shiny|\n|poke|p2|Scovillain, L50, M|\n|teampreview|4\n|showteam|p1|Azumarill||SitrusBerry|HugePower|BellyDrum,AquaJet,Protect,PlayRough|Adamant||M|||50|]Clefable||BabiriBerry|Unaware|FollowMe,Encore,ChillingWater,Protect|Relaxed||M|||50|]Gengar||Gengarite|CursedBody|DestinyBond,DazzlingGleam,ShadowBall,GigaDrain|Modest||M|||50|]Palafin||FocusSash|ZerotoHero|Protect,FlipTurn,Liquidation,ThroatChop|Jolly||M|||50|]Gholdengo||MetalCoat|GoodasGold|PowerGem,MakeItRain,NastyPlot,Protect|Modest|||||50|]Araquanid||Leftovers|WaterBubble|Liquidation,PoisonJab,XScissor,Protect|Adamant||M|||50|\n|showteam|p2|Froslass||Froslassite|SnowCloak|Blizzard,ShadowBall,AuroraVeil,Protect|Modest||F|||50|]Lycanroc-Dusk||FocusSash|ToughClaws|Accelerock,CloseCombat,RockSlide,Protect|Adamant||M|||50|]Kingambit||BlackGlasses|Defiant|KowtowCleave,SuckerPunch,SwordsDance,Protect|Adamant||M|||50|]Sneasler||WhiteHerb|Unburden|CloseCombat,DireClaw,FakeOut,Protect|Adamant||M|||50|]Basculegion||LifeOrb|SwiftSwim|WaveCrash,LastRespects,AquaJet,Protect|Jolly||M|||50|]Scovillain||Scovillainite|Moody|Overheat,GigaDrain,RagePowder,Protect|Bold||M|||50|\n|inactive|Battle timer is ON: inactive players will automatically lose when time's up. (requested by AbduCR26)\n|\n|t:|1788398288\n|teamsize|p1|4\n|teamsize|p2|4\n|start\n|switch|p1a: Clefable|Clefable, L50, M|100/100\n|switch|p1b: Gengar|Gengar, L50, M|100/100\n|switch|p2a: Kingambit|Kingambit, L50, M, shiny|100/100\n|switch|p2b: Scovillain|Scovillain, L50, M|100/100\n|turn|1\n|inactive|thismaybeisabot has 30 seconds left.\n|\n|t:|1788398316\n|detailschange|p1b: Gengar|Gengar-Mega, L50, M\n|-mega|p1b: Gengar|Gengar|Gengarite\n|detailschange|p2b: Scovillain|Scovillain-Mega, L50, M\n|-mega|p2b: Scovillain|Scovillain|Scovillainite\n|move|p2b: Scovillain|Rage Powder|p2b: Scovillain\n|-singleturn|p2b: Scovillain|move: Rage Powder\n|move|p1a: Clefable|Follow Me|p1a: Clefable\n|-singleturn|p1a: Clefable|move: Follow Me\n|move|p1b: Gengar|Dazzling Gleam|p2b: Scovillain|[spread] p2a,p2b\n|-resisted|p2b: Scovillain|1\n|-damage|p2a: Kingambit|71/100\n|-damage|p2b: Scovillain|84/100\n|-status|p1b: Gengar|brn|[from] ability: Spicy Spray|[of] p2b: Scovillain\n|move|p2a: Kingambit|Swords Dance|p2a: Kingambit\n|-boost|p2a: Kingambit|atk|2\n|\n|-damage|p1b: Gengar|94/100 brn|[from] brn\n|upkeep\n|turn|2\n|inactive|AbduCR26 has 30 seconds left.\n|\n|t:|1788398348\n|move|p1b: Gengar|Shadow Ball|p2b: Scovillain\n|-damage|p2b: Scovillain|22/100\n|move|p2b: Scovillain|Overheat|p1a: Clefable|[miss]\n|-miss|p2b: Scovillain|p1a: Clefable\n|move|p1a: Clefable|Encore|p2a: Kingambit\n|-start|p2a: Kingambit|Encore\n|move|p2a: Kingambit|Swords Dance|p2a: Kingambit\n|-boost|p2a: Kingambit|atk|2\n|\n|-damage|p1b: Gengar|88/100 brn|[from] brn\n|upkeep\n|turn|3\n|inactive|AbduCR26 has 30 seconds left.\n|\n|t:|1788398379\n|move|p2b: Scovillain|Protect|p2b: Scovillain\n|-singleturn|p2b: Scovillain|Protect\n|move|p1a: Clefable|Follow Me|p1a: Clefable\n|-singleturn|p1a: Clefable|move: Follow Me\n|move|p1b: Gengar|Shadow Ball|p2b: Scovillain\n|-activate|p2b: Scovillain|move: Protect\n|move|p2a: Kingambit|Swords Dance|p2a: Kingambit\n|-boost|p2a: Kingambit|atk|2\n|\n|-damage|p1b: Gengar|82/100 brn|[from] brn\n|upkeep\n|turn|4\n|inactive|thismaybeisabot has 30 seconds left.\n|inactive|AbduCR26 has 30 seconds left.\n|\n|t:|1788398406\n|move|p2b: Scovillain|Protect||[still]\n|-fail|p2b: Scovillain\n|move|p1a: Clefable|Follow Me|p1a: Clefable\n|-singleturn|p1a: Clefable|move: Follow Me\n|move|p1b: Gengar|Shadow Ball|p2b: Scovillain\n|-damage|p2b: Scovillain|0 fnt\n|faint|p2b: Scovillain\n|move|p2a: Kingambit|Swords Dance|p2a: Kingambit\n|-boost|p2a: Kingambit|atk|0\n|\n|-damage|p1b: Gengar|76/100 brn|[from] brn\n|-end|p2a: Kingambit|Encore\n|upkeep\n|\n|t:|1788398427\n|switch|p2b: Froslass|Froslass, L50, F|100/100\n|turn|5\n|\n|t:|1788398444\n|move|p2a: Kingambit|Sucker Punch||[still]\n|-fail|p2a: Kingambit\n|move|p1b: Gengar|Destiny Bond|p1b: Gengar\n|-singlemove|p1b: Gengar|Destiny Bond\n|move|p2b: Froslass|Shadow Ball|p1a: Clefable\n|-damage|p1a: Clefable|68/100\n|-unboost|p1a: Clefable|spd|1\n|move|p1a: Clefable|Encore|p2a: Kingambit\n|-start|p2a: Kingambit|Encore\n|\n|-damage|p1b: Gengar|70/100 brn|[from] brn\n|upkeep\n|turn|6\n|inactive|thismaybeisabot has 30 seconds left.\n|inactive|thismaybeisabot has 20 seconds left.\n|inactive|thismaybeisabot has 15 seconds left.\n|inactive|thismaybeisabot has 10 seconds left.\n|\n|t:|1788398489\n|move|p1a: Clefable|Follow Me|p1a: Clefable\n|-singleturn|p1a: Clefable|move: Follow Me\n|move|p2a: Kingambit|Sucker Punch||[still]\n|-fail|p2a: Kingambit\n|move|p1b: Gengar|Shadow Ball|p2b: Froslass\n|-supereffective|p2b: Froslass|1\n|-damage|p2b: Froslass|0 fnt\n|faint|p2b: Froslass\n|\n|-damage|p1b: Gengar|64/100 brn|[from] brn\n|upkeep\n|\n|t:|1788398504\n|switch|p2b: Basculegion|Basculegion, L50, M, shiny|100/100\n|turn|7\n|c|☆thismaybeisabot|too too too\n|\n|t:|1788398517\n|move|p1a: Clefable|Follow Me|p1a: Clefable\n|-singleturn|p1a: Clefable|move: Follow Me\n|move|p2a: Kingambit|Sucker Punch||[still]\n|-fail|p2a: Kingambit\n|move|p1b: Gengar|Shadow Ball|p2b: Basculegion\n|-supereffective|p2b: Basculegion|1\n|-damage|p2b: Basculegion|0 fnt\n|faint|p2b: Basculegion\n|\n|-damage|p1b: Gengar|59/100 brn|[from] brn\n|upkeep\n|turn|8\n|\n|t:|1788398531\n|move|p1a: Clefable|Follow Me|p1a: Clefable\n|-singleturn|p1a: Clefable|move: Follow Me\n|move|p2a: Kingambit|Sucker Punch||[still]\n|-fail|p2a: Kingambit\n|move|p1b: Gengar|Dazzling Gleam|p2a: Kingambit\n|-damage|p2a: Kingambit|36/100\n|\n|-damage|p1b: Gengar|53/100 brn|[from] brn\n|-end|p2a: Kingambit|Encore\n|upkeep\n|turn|9\n|\n|t:|1788398545\n|move|p1a: Clefable|Follow Me|p1a: Clefable\n|-singleturn|p1a: Clefable|move: Follow Me\n|move|p1b: Gengar|Dazzling Gleam|p2a: Kingambit\n|-damage|p2a: Kingambit|2/100\n|move|p2a: Kingambit|Kowtow Cleave|p1a: Clefable\n|-resisted|p1a: Clefable|1\n|-damage|p1a: Clefable|42/100\n|\n|-damage|p1b: Gengar|47/100 brn|[from] brn\n|upkeep\n|turn|10\n|c|☆thismaybeisabot|THATS +6 ATTACK???/\n|\n|t:|1788398567\n|move|p1a: Clefable|Follow Me|p1a: Clefable\n|-singleturn|p1a: Clefable|move: Follow Me\n|move|p2a: Kingambit|Sucker Punch||[still]\n|-fail|p2a: Kingambit\n|move|p1b: Gengar|Dazzling Gleam|p2a: Kingambit\n|-damage|p2a: Kingambit|0 fnt\n|faint|p2a: Kingambit\n|\n|win|thismaybeisabot\n|raw|thismaybeisabot's rating: 1035 &rarr; <strong>1066</strong><br />(+31 for winning)\n|raw|AbduCR26's rating: 1000 &rarr; <strong>1000</strong><br />(+0 for losing)\n","uploadtime":1788398576,"views":"7","formatid":"gen9championsvgc2026regmbbo3","rating":1000,"private":0,"password":null}