{"id":"gen9championsvgc2026regmbbo3-2673471826","format":"[Gen 9 Champions] VGC 2026 Reg M-B (Bo3)","players":["mumf","SP4MT0N1997"],"log":"|j|☆mumf\n|j|☆SP4MT0N1997\n|html|<table width=\"100%\"><tr><td align=\"left\">mumf</td><td align=\"right\">SP4MT0N1997</tr><tr><td align=\"left\"><i class=\"fa fa-circle\"></i> <i class=\"fa fa-circle-o\"></i> </td><td align=\"right\"><i class=\"fa fa-circle-o\"></i> <i class=\"fa fa-circle-o\"></i> </tr></table>\n|uhtml|bestof|<h2><strong>Game 2</strong> of <a href=\"/game-bestof3-gen9championsvgc2026regmbbo3-2673469832\">a best-of-3</a></h2>\n|t:|1788201828\n|gametype|doubles\n|player|p1|mumf|1|1081\n|player|p2|SP4MT0N1997|unknown|1000\n|gen|9\n|tier|[Gen 9 Champions] VGC 2026 Reg M-B (Bo3)\n|rated|\n|rule|Species Clause: Limit one of each Pokémon\n|rule|Item Clause: Limit 1 of each item\n|clearpoke\n|poke|p1|Kingambit, L50, M|\n|poke|p1|Delphox, L50, M|\n|poke|p1|Blastoise, L50, F|\n|poke|p1|Sinistcha, L50|\n|poke|p1|Sneasler, L50, M|\n|poke|p1|Incineroar, L50, M|\n|poke|p2|Pidgeot, L50, F|\n|poke|p2|Torkoal, L50, M|\n|poke|p2|Venusaur, L50, F|\n|poke|p2|Garchomp, L50, F|\n|poke|p2|Aerodactyl, L50, F|\n|poke|p2|Basculegion, L50, M|\n|teampreview|4\n|showteam|p1|Kingambit||LifeOrb|Defiant|SuckerPunch,KowtowCleave,Protect,LowKick|Adamant||M|||50|]Delphox||Delphoxite|Blaze|Protect,HeatWave,Psychic,NastyPlot|Timid||M|||50|]Blastoise||Blastoisinite|RainDish|WaterSpout,DarkPulse,Protect,ShellSmash|Modest||F|||50|]Sinistcha||ColburBerry|Hospitality|MatchaGotcha,RagePowder,Protect,ShadowBall|Bold|||||50|]Sneasler||FocusSash|PoisonTouch|FakeOut,DireClaw,CloseCombat,Protect|Jolly||M|||50|]Incineroar||SitrusBerry|Intimidate|FakeOut,PartingShot,ThroatChop,Protect|Careful||M|||50|\n|showteam|p2|Pidgeot||Pidgeotite|KeenEye|HeatWave,Hurricane,Tailwind,Protect|Timid||F|||50|]Torkoal||Charcoal|Drought|HeatWave,EarthPower,SolarBeam,Protect|Modest||M|||50|]Venusaur||FocusSash|Chlorophyll|Protect,SolarBeam,SleepPowder,SludgeBomb|Modest||F|||50|]Garchomp||LifeOrb|RoughSkin|Earthquake,DragonClaw,RockSlide,Protect|Jolly||F|||50|]Aerodactyl||Aerodactylite|Unnerve|RockSlide,IceFang,Tailwind,DualWingbeat|Jolly||F|||50|]Basculegion||MysticWater|Adaptability|AquaJet,WaveCrash,LastRespects,Protect|Jolly||M|||50|\n|\n|t:|1788201860\n|teamsize|p1|4\n|teamsize|p2|4\n|start\n|switch|p1a: Sneasler|Sneasler, L50, M|100/100\n|switch|p1b: Delphox|Delphox, L50, M|100/100\n|switch|p2a: Aerodactyl|Aerodactyl, L50, F|100/100\n|switch|p2b: Venusaur|Venusaur, L50, F|100/100\n|-ability|p2a: Aerodactyl|Unnerve\n|turn|1\n|\n|t:|1788201918\n|detailschange|p1b: Delphox|Delphox-Mega, L50, M\n|-mega|p1b: Delphox|Delphox|Delphoxite\n|move|p1a: Sneasler|Fake Out|p2b: Venusaur\n|-damage|p2b: Venusaur|80/100\n|move|p1b: Delphox|Heat Wave|p2b: Venusaur|[spread] p2a,p2b\n|-resisted|p2a: Aerodactyl|1\n|-supereffective|p2b: Venusaur|1\n|-damage|p2a: Aerodactyl|70/100\n|-damage|p2b: Venusaur|0 fnt\n|faint|p2b: Venusaur\n|move|p2a: Aerodactyl|Tailwind|p2a: Aerodactyl\n|-sidestart|p2: SP4MT0N1997|move: Tailwind\n|\n|upkeep\n|\n|t:|1788201931\n|switch|p2b: Basculegion|Basculegion, L50, M|100/100\n|turn|2\n|\n|t:|1788201953\n|switch|p1a: Incineroar|Incineroar, L50, M|100/100\n|-ability|p1a: Incineroar|Intimidate|boost\n|-unboost|p2a: Aerodactyl|atk|1\n|-unboost|p2b: Basculegion|atk|1\n|detailschange|p2a: Aerodactyl|Aerodactyl-Mega, L50, F\n|-mega|p2a: Aerodactyl|Aerodactyl|Aerodactylite\n|move|p1b: Delphox|Protect|p1b: Delphox\n|-singleturn|p1b: Delphox|Protect\n|move|p2a: Aerodactyl|Dual Wingbeat|p1a: Incineroar\n|-damage|p1a: Incineroar|82/100\n|-damage|p1a: Incineroar|63/100\n|-hitcount|p1a: Incineroar|2\n|move|p2b: Basculegion|Wave Crash|p1b: Delphox\n|-activate|p1b: Delphox|move: Protect\n|\n|upkeep\n|turn|3\n|\n|t:|1788201983\n|switch|p2a: Garchomp|Garchomp, L50, F|100/100\n|switch|p1b: Sneasler|Sneasler, L50, M|100/100\n|move|p2b: Basculegion|Wave Crash|p1a: Incineroar\n|-supereffective|p1a: Incineroar|1\n|-damage|p1a: Incineroar|0 fnt\n|faint|p1a: Incineroar\n|-damage|p2b: Basculegion|78/100|[from] Recoil\n|\n|upkeep\n|\n|t:|1788201992\n|switch|p1a: Kingambit|Kingambit, L50, M|100/100\n|turn|4\n|\n|t:|1788202015\n|move|p2b: Basculegion|Protect|p2b: Basculegion\n|-singleturn|p2b: Basculegion|Protect\n|move|p1b: Sneasler|Fake Out|p2a: Garchomp\n|-damage|p2a: Garchomp|85/100\n|-damage|p1b: Sneasler|87/100|[from] ability: Rough Skin|[of] p2a: Garchomp\n|cant|p2a: Garchomp|flinch\n|move|p1a: Kingambit|Kowtow Cleave|p2b: Basculegion\n|-activate|p2b: Basculegion|move: Protect\n|\n|-sideend|p2: SP4MT0N1997|move: Tailwind\n|upkeep\n|turn|5\n|\n|t:|1788202027\n|switch|p2b: Aerodactyl|Aerodactyl-Mega, L50, F|70/100\n|move|p1a: Kingambit|Sucker Punch||[still]\n|-fail|p1a: Kingambit\n|move|p1b: Sneasler|Close Combat|p2a: Garchomp\n|-damage|p2a: Garchomp|19/100\n|-unboost|p1b: Sneasler|def|1\n|-unboost|p1b: Sneasler|spd|1\n|-damage|p1b: Sneasler|75/100|[from] ability: Rough Skin|[of] p2a: Garchomp\n|move|p2a: Garchomp|Earthquake|p1a: Kingambit|[spread] p1a,p1b\n|-immune|p2b: Aerodactyl\n|-supereffective|p1a: Kingambit|1\n|-supereffective|p1b: Sneasler|1\n|-damage|p1a: Kingambit|28/100\n|-damage|p1b: Sneasler|0 fnt\n|faint|p1b: Sneasler\n|-damage|p2a: Garchomp|9/100|[from] item: Life Orb\n|\n|upkeep\n|\n|t:|1788202034\n|switch|p1b: Delphox|Delphox-Mega, L50, M|100/100\n|turn|6\n|\n|t:|1788202052\n|move|p1a: Kingambit|Sucker Punch|p2a: Garchomp\n|-damage|p2a: Garchomp|0 fnt\n|-damage|p1a: Kingambit|16/100|[from] ability: Rough Skin|[of] p2a: Garchomp\n|faint|p2a: Garchomp\n|-damage|p1a: Kingambit|6/100|[from] item: Life Orb\n|move|p2b: Aerodactyl|Tailwind|p2b: Aerodactyl\n|-sidestart|p2: SP4MT0N1997|move: Tailwind\n|move|p1b: Delphox|Psychic|p2b: Aerodactyl\n|-damage|p2b: Aerodactyl|3/100\n|-unboost|p2b: Aerodactyl|spd|1\n|\n|upkeep\n|\n|t:|1788202061\n|switch|p2a: Basculegion|Basculegion, L50, M|78/100\n|turn|7\n|\n|t:|1788202089\n|move|p2a: Basculegion|Aqua Jet|p1a: Kingambit\n|-damage|p1a: Kingambit|0 fnt\n|faint|p1a: Kingambit\n|move|p2b: Aerodactyl|Rock Slide|p1b: Delphox\n|-supereffective|p1b: Delphox|1\n|-crit|p1b: Delphox\n|-damage|p1b: Delphox|0 fnt\n|faint|p1b: Delphox\n|\n|win|SP4MT0N1997\n|l|☆mumf\n|player|p1|\n||mumf is ready for game 3.\n||SP4MT0N1997 is ready for game 3.\n|uhtml|next|Next: <a href=\"/battle-gen9championsvgc2026regmbbo3-2673474067\"><strong>Game 3 of 3</strong></a>\n","uploadtime":1788202800,"views":"0","formatid":"gen9championsvgc2026regmbbo3","rating":null,"private":0,"password":null}