{"id":"gen9championsvgc2026regmbbo3-2674569984","format":"[Gen 9 Champions] VGC 2026 Reg M-B (Bo3)","players":["callanambulance206","looger02"],"log":"|j|☆callanambulance206\n|j|☆looger02\n|html|<table width=\"100%\"><tr><td align=\"left\">callanambulance206</td><td align=\"right\">looger02</tr><tr><td align=\"left\"><i class=\"fa fa-circle\"></i> <i class=\"fa fa-circle-o\"></i> </td><td align=\"right\"><i class=\"fa fa-circle-o\"></i> <i class=\"fa fa-circle-o\"></i> </tr></table>\n|uhtml|bestof|<h2><strong>Game 2</strong> of <a href=\"/game-bestof3-gen9championsvgc2026regmbbo3-2674566529\">a best-of-3</a></h2>\n|t:|1788375115\n|gametype|doubles\n|player|p1|callanambulance206|steven|1000\n|player|p2|looger02|gardenia|1095\n|gen|9\n|tier|[Gen 9 Champions] VGC 2026 Reg M-B (Bo3)\n|rated|\n|rule|Species Clause: Limit one of each Pokémon\n|rule|Item Clause: Limit 1 of each item\n|clearpoke\n|poke|p1|Barbaracle, L50, M|\n|poke|p1|Scolipede, L50, M|\n|poke|p1|Espathra, L50, M|\n|poke|p1|Chandelure, L50, F|\n|poke|p1|Sneasler, L50, M|\n|poke|p1|Sinistcha, L50|\n|poke|p2|Gyarados, L50, M, shiny|\n|poke|p2|Sinistcha, L50|\n|poke|p2|Weavile, L50, M|\n|poke|p2|Toxapex, L50, F, shiny|\n|poke|p2|Metagross, L50, shiny|\n|poke|p2|Kommo-o, L50, F, shiny|\n|teampreview|4\n|showteam|p1|Barbaracle||Barbaracite|ToughClaws|RockSlide,CloseCombat,Liquidation,Protect|Adamant||M|||50|]Scolipede||FocusSash|SpeedBoost|SwordsDance,BatonPass,Protect,Megahorn|Jolly||M|||50|]Espathra||ColburBerry|SpeedBoost|CalmMind,BatonPass,Protect,LuminaCrash|Modest||M|||50|]Chandelure||Chandelurite|FlashFire|ShadowBall,HeatWave,EnergyBall,Protect|Timid||F|||50|]Sneasler||WhiteHerb|Unburden|FakeOut,CloseCombat,DireClaw,Acrobatics|Jolly||M|||50|]Sinistcha||Leftovers|Hospitality|MatchaGotcha,Protect,LifeDew,RagePowder|Bold|||||50|\n|showteam|p2|Gyarados||Gyaradosite|Intimidate|Waterfall,LashOut,DragonDance,Protect|Adamant||M|||50|]Sinistcha||SitrusBerry|Hospitality|MatchaGotcha,RagePowder,StrengthSap,Protect|Calm|||||50|]Weavile||FocusSash|Pickpocket|FakeOut,KnockOff,TripleAxel,Protect|Jolly||M|||50|]Toxapex||Leftovers|Regenerator|Infestation,Toxic,BanefulBunker,WideGuard|Bold||F|||50|]Metagross||Metagrossite|ClearBody|PsychicFangs,BodyPress,BulletPunch,Protect|Jolly|||||50|]Kommo-o||HabanBerry|Bulletproof|AuraSphere,ClangingScales,VacuumWave,Protect|Modest||F|||50|\n|inactive|Battle timer is ON: inactive players will automatically lose when time's up. (requested by callanambulance206)\n|inactive|looger02 also wants the timer to be on.\n|inactive|looger02 has 60 seconds left.\n|\n|t:|1788375160\n|teamsize|p1|4\n|teamsize|p2|4\n|start\n|switch|p1a: Scolipede|Scolipede, L50, M|100/100\n|switch|p1b: Sneasler|Sneasler, L50, M|100/100\n|switch|p2a: Metagross|Metagross, L50, shiny|100/100\n|switch|p2b: Weavile|Weavile, L50, M|100/100\n|turn|1\n|\n|t:|1788375179\n|detailschange|p2a: Metagross|Metagross-Mega, L50, shiny\n|-mega|p2a: Metagross|Metagross|Metagrossite\n|move|p1a: Scolipede|Protect|p1a: Scolipede\n|-singleturn|p1a: Scolipede|Protect\n|move|p2b: Weavile|Fake Out|p1b: Sneasler\n|-damage|p1b: Sneasler|77/100\n|cant|p1b: Sneasler|flinch\n|move|p2a: Metagross|Psychic Fangs|p1a: Scolipede\n|-activate|p1a: Scolipede|move: Protect\n|\n|-ability|p1a: Scolipede|Speed Boost|boost\n|-boost|p1a: Scolipede|spe|1\n|upkeep\n|turn|2\n|inactive|looger02 has 30 seconds left.\n|\n|t:|1788375214\n|move|p1a: Scolipede|Swords Dance|p1a: Scolipede\n|-boost|p1a: Scolipede|atk|2\n|move|p2b: Weavile|Knock Off|p1a: Scolipede\n|-damage|p1a: Scolipede|43/100\n|-enditem|p1a: Scolipede|Focus Sash|[from] move: Knock Off|[of] p2b: Weavile\n|move|p1b: Sneasler|Close Combat|p2b: Weavile\n|-supereffective|p2b: Weavile|2\n|-enditem|p2b: Weavile|Focus Sash\n|-damage|p2b: Weavile|1/100\n|-unboost|p1b: Sneasler|def|1\n|-unboost|p1b: Sneasler|spd|1\n|-enditem|p1b: Sneasler|White Herb|[silent]|[from] ability: Pickpocket|[of] p1b: Sneasler\n|-item|p2b: Weavile|White Herb|[from] ability: Pickpocket|[of] p1b: Sneasler\n|move|p2a: Metagross|Psychic Fangs|p1b: Sneasler\n|-supereffective|p1b: Sneasler|2\n|-damage|p1b: Sneasler|0 fnt\n|faint|p1b: Sneasler\n|\n|-ability|p1a: Scolipede|Speed Boost|boost\n|-boost|p1a: Scolipede|spe|1\n|upkeep\n|\n|t:|1788375220\n|switch|p1b: Sinistcha|Sinistcha, L50|100/100\n|-heal|p1a: Scolipede|68/100|[from] ability: Hospitality|[of] p1b: Sinistcha\n|turn|3\n|\n|t:|1788375237\n|move|p1b: Sinistcha|Rage Powder|p1b: Sinistcha\n|-singleturn|p1b: Sinistcha|move: Rage Powder\n|move|p1a: Scolipede|Megahorn|p2b: Weavile\n|-supereffective|p2b: Weavile|1\n|-damage|p2b: Weavile|0 fnt\n|faint|p2b: Weavile\n|move|p2a: Metagross|Psychic Fangs|p1b: Sinistcha\n|-damage|p1b: Sinistcha|57/100\n|\n|-heal|p1b: Sinistcha|64/100|[from] item: Leftovers\n|-ability|p1a: Scolipede|Speed Boost|boost\n|-boost|p1a: Scolipede|spe|1\n|upkeep\n|\n|t:|1788375253\n|switch|p2b: Toxapex|Toxapex, L50, F, shiny|100/100\n|turn|4\n|\n|t:|1788375270\n|move|p2a: Metagross|Protect|p2a: Metagross\n|-singleturn|p2a: Metagross|Protect\n|move|p1b: Sinistcha|Rage Powder|p1b: Sinistcha\n|-singleturn|p1b: Sinistcha|move: Rage Powder\n|move|p1a: Scolipede|Megahorn|p2a: Metagross\n|-activate|p2a: Metagross|move: Protect\n|move|p2b: Toxapex|Toxic|p1b: Sinistcha\n|-status|p1b: Sinistcha|tox\n|\n|-heal|p1b: Sinistcha|70/100 tox|[from] item: Leftovers\n|-damage|p1b: Sinistcha|64/100 tox|[from] psn\n|-ability|p1a: Scolipede|Speed Boost|boost\n|-boost|p1a: Scolipede|spe|1\n|upkeep\n|turn|5\n|\n|t:|1788375288\n|move|p1b: Sinistcha|Rage Powder|p1b: Sinistcha\n|-singleturn|p1b: Sinistcha|move: Rage Powder\n|move|p1a: Scolipede|Megahorn|p2a: Metagross\n|-damage|p2a: Metagross|29/100\n|move|p2a: Metagross|Psychic Fangs|p1b: Sinistcha\n|-crit|p1b: Sinistcha\n|-damage|p1b: Sinistcha|0 fnt\n|faint|p1b: Sinistcha\n|move|p2b: Toxapex|Infestation|p1a: Scolipede\n|-resisted|p1a: Scolipede|1\n|-damage|p1a: Scolipede|65/100\n|-activate|p1a: Scolipede|move: Infestation|[of] p2b: Toxapex\n|\n|-damage|p1a: Scolipede|53/100|[from] move: Infestation|[partiallytrapped]\n|-ability|p1a: Scolipede|Speed Boost|boost\n|-boost|p1a: Scolipede|spe|1\n|upkeep\n|\n|t:|1788375296\n|switch|p1b: Barbaracle|Barbaracle, L50, M|100/100\n|turn|6\n|\n|t:|1788375314\n|detailschange|p1b: Barbaracle|Barbaracle-Mega, L50, M\n|-mega|p1b: Barbaracle|Barbaracle|Barbaracite\n|move|p2a: Metagross|Protect|p2a: Metagross\n|-singleturn|p2a: Metagross|Protect\n|move|p1a: Scolipede|Megahorn|p2a: Metagross\n|-activate|p2a: Metagross|move: Protect\n|move|p1b: Barbaracle|Rock Slide|p2b: Toxapex|[spread] \n|-activate|p2a: Metagross|move: Protect\n|-miss|p1b: Barbaracle|p2b: Toxapex\n|move|p2b: Toxapex|Toxic|p1b: Barbaracle\n|-status|p1b: Barbaracle|tox\n|\n|-damage|p1b: Barbaracle|93/100 tox|[from] psn\n|-damage|p1a: Scolipede|41/100|[from] move: Infestation|[partiallytrapped]\n|-ability|p1a: Scolipede|Speed Boost|boost\n|-boost|p1a: Scolipede|spe|1\n|upkeep\n|turn|7\n|inactive|looger02 has 30 seconds left.\n|\n|t:|1788375346\n|move|p2a: Metagross|Bullet Punch|p1b: Barbaracle\n|-supereffective|p1b: Barbaracle|1\n|-damage|p1b: Barbaracle|29/100 tox\n|move|p1a: Scolipede|Megahorn|p2a: Metagross\n|-damage|p2a: Metagross|0 fnt\n|faint|p2a: Metagross\n|move|p1b: Barbaracle|Rock Slide|p2b: Toxapex\n|-damage|p2b: Toxapex|68/100\n|cant|p2b: Toxapex|flinch\n|\n|-heal|p2b: Toxapex|74/100|[from] item: Leftovers\n|-damage|p1b: Barbaracle|17/100 tox|[from] psn\n|-damage|p1a: Scolipede|29/100|[from] move: Infestation|[partiallytrapped]\n|upkeep\n|\n|t:|1788375359\n|switch|p2a: Sinistcha|Sinistcha, L50|100/100\n|-heal|p2b: Toxapex|99/100|[from] ability: Hospitality|[of] p2a: Sinistcha\n|turn|8\n|\n|t:|1788375374\n|move|p2a: Sinistcha|Protect|p2a: Sinistcha\n|-singleturn|p2a: Sinistcha|Protect\n|move|p2b: Toxapex|Baneful Bunker|p2b: Toxapex\n|-singleturn|p2b: Toxapex|move: Protect\n|move|p1a: Scolipede|Megahorn|p2a: Sinistcha\n|-activate|p2a: Sinistcha|move: Protect\n|move|p1b: Barbaracle|Rock Slide|p2b: Toxapex|[spread] \n|-activate|p2a: Sinistcha|move: Protect\n|-activate|p2b: Toxapex|move: Protect\n|\n|-heal|p2b: Toxapex|100/100|[from] item: Leftovers\n|-damage|p1b: Barbaracle|0 fnt|[from] psn\n|faint|p1b: Barbaracle\n|-damage|p1a: Scolipede|17/100|[from] move: Infestation|[partiallytrapped]\n|upkeep\n|turn|9\n|\n|t:|1788375396\n|move|p2b: Toxapex|Baneful Bunker|p2b: Toxapex\n|-singleturn|p2b: Toxapex|move: Protect\n|move|p1a: Scolipede|Megahorn|p2a: Sinistcha\n|-damage|p2a: Sinistcha|18/100\n|-enditem|p2a: Sinistcha|Sitrus Berry|[eat]\n|-heal|p2a: Sinistcha|43/100|[from] item: Sitrus Berry\n|move|p2a: Sinistcha|Strength Sap|p1a: Scolipede\n|-unboost|p1a: Scolipede|atk|1\n|-heal|p2a: Sinistcha|100/100\n|\n|-damage|p1a: Scolipede|5/100|[from] move: Infestation|[partiallytrapped]\n|upkeep\n|turn|10\n|\n|t:|1788375411\n|move|p2a: Sinistcha|Protect|p2a: Sinistcha\n|-singleturn|p2a: Sinistcha|Protect\n|move|p2b: Toxapex|Wide Guard|p2b: Toxapex\n|-singleturn|p2b: Toxapex|Wide Guard\n|move|p1a: Scolipede|Megahorn|p2a: Sinistcha\n|-activate|p2a: Sinistcha|move: Protect\n|\n|-end|p1a: Scolipede|Infestation|[partiallytrapped]\n|upkeep\n|turn|11\n|\n|t:|1788375424\n|move|p1a: Scolipede|Megahorn|p2a: Sinistcha\n|-damage|p2a: Sinistcha|38/100\n|move|p2a: Sinistcha|Matcha Gotcha|p1a: Scolipede\n|-resisted|p1a: Scolipede|2\n|-damage|p1a: Scolipede|0 fnt\n|-heal|p2a: Sinistcha|41/100|[from] drain|[of] p1a: Scolipede\n|faint|p1a: Scolipede\n|\n|win|looger02\n","uploadtime":1788375426,"views":"5","formatid":"gen9championsvgc2026regmbbo3","rating":null,"private":0,"password":null}