{"id":"gen9championsvgc2026regmbbo3-2674594484","format":"[Gen 9 Champions] VGC 2026 Reg M-B (Bo3)","players":["Mashuno","MuggyV2"],"log":"|j|☆Mashuno\n|j|☆MuggyV2\n|html|<table width=\"100%\"><tr><td align=\"left\">Mashuno</td><td align=\"right\">MuggyV2</tr><tr><td align=\"left\"><i class=\"fa fa-circle\"></i> <i class=\"fa fa-circle-o\"></i> </td><td align=\"right\"><i class=\"fa fa-circle-o\"></i> <i class=\"fa fa-circle\"></i> </tr></table>\n|uhtml|bestof|<h2><strong>Game 3</strong> of <a href=\"/game-bestof3-gen9championsvgc2026regmbbo3-2674590308\">a best-of-3</a></h2>\n|t:|1788378042\n|gametype|doubles\n|player|p1|Mashuno|harlequin|1185\n|player|p2|MuggyV2|volkner|1343\n|gen|9\n|tier|[Gen 9 Champions] VGC 2026 Reg M-B (Bo3)\n|rated|\n|rule|Species Clause: Limit one of each Pokémon\n|rule|Item Clause: Limit 1 of each item\n|clearpoke\n|poke|p1|Pelipper, L50, F|\n|poke|p1|Archaludon, L50, M|\n|poke|p1|Blastoise, L50, M|\n|poke|p1|Sinistcha, L50|\n|poke|p1|Sableye, L50, F|\n|poke|p1|Sneasler, L50, F|\n|poke|p2|Garchomp, L50, F|\n|poke|p2|Venusaur, L50, M|\n|poke|p2|Incineroar, L50, F|\n|poke|p2|Charizard, L50, M|\n|poke|p2|Toxapex, L50, F|\n|poke|p2|Sylveon, L50, F|\n|teampreview|4\n|showteam|p1|Pelipper||FocusSash|Drizzle|WeatherBall,Hurricane,Tailwind,RainDance|Timid||F|||50|]Archaludon||Leftovers|Stamina|Protect,DracoMeteor,FlashCannon,ElectroShot|Modest||M|||50|]Blastoise||Blastoisinite|RainDish|Protect,WaterSpout,DarkPulse,IceBeam|Modest||M|||50|]Sinistcha||SitrusBerry|Hospitality|MatchaGotcha,RagePowder,LifeDew,TrickRoom|Bold|||||50|]Sableye||LightClay|Prankster|FoulPlay,LightScreen,Reflect,RainDance|Impish||F|||50|]Sneasler||WhiteHerb|Unburden|FakeOut,DireClaw,CloseCombat,RockSlide|Jolly||F|||50|\n|showteam|p2|Garchomp||ChoiceScarf|RoughSkin|Earthquake,RockSlide,DragonClaw,StompingTantrum|Adamant||F|||50|]Venusaur||FocusSash|Chlorophyll|SolarBeam,SludgeBomb,SleepPowder,Protect|Modest||M|||50|]Incineroar||SitrusBerry|Intimidate|ThroatChop,FlareBlitz,PartingShot,FakeOut|Impish||F|||50|]Charizard||CharizarditeY|Blaze|HeatWave,WeatherBall,AncientPower,Protect|Modest||M|||50|]Toxapex||Leftovers|Regenerator|Toxic,Infestation,WideGuard,BanefulBunker|Calm||F|||50|]Sylveon||FairyFeather|Pixilate|HyperVoice,QuickAttack,HyperBeam,Detect|Modest||F|||50|\n|inactive|Battle timer is ON: inactive players will automatically lose when time's up. (requested by MuggyV2)\n|inactive|Mashuno has 60 seconds left.\n|inactive|Mashuno has 30 seconds left.\n|\n|t:|1788378106\n|teamsize|p1|4\n|teamsize|p2|4\n|start\n|switch|p1a: Blastoise|Blastoise, L50, M|100/100\n|switch|p1b: Sableye|Sableye, L50, F|100/100\n|switch|p2a: Garchomp|Garchomp, L50, F|100/100\n|switch|p2b: Sylveon|Sylveon, L50, F|100/100\n|turn|1\n|inactive|Mashuno has 30 seconds left.\n|\n|t:|1788378138\n|detailschange|p1a: Blastoise|Blastoise-Mega, L50, M\n|-mega|p1a: Blastoise|Blastoise|Blastoisinite\n|move|p1b: Sableye|Light Screen|p1b: Sableye\n|-sidestart|p1: Mashuno|move: Light Screen\n|move|p2a: Garchomp|Rock Slide|p1a: Blastoise|[spread] p1a,p1b\n|-damage|p1a: Blastoise|82/100\n|-damage|p1b: Sableye|73/100\n|cant|p1a: Blastoise|flinch\n|move|p2b: Sylveon|Hyper Beam|p1a: Blastoise\n|-damage|p1a: Blastoise|23/100\n|-mustrecharge|p2b: Sylveon\n|\n|upkeep\n|turn|2\n|\n|t:|1788378162\n|move|p1b: Sableye|Reflect|p1b: Sableye\n|-sidestart|p1: Mashuno|Reflect\n|move|p2a: Garchomp|Rock Slide|p1b: Sableye|[spread] p1b\n|-miss|p2a: Garchomp|p1a: Blastoise\n|-damage|p1b: Sableye|55/100\n|move|p1a: Blastoise|Ice Beam|p2a: Garchomp\n|-supereffective|p2a: Garchomp|2\n|-damage|p2a: Garchomp|0 fnt\n|faint|p2a: Garchomp\n|cant|p2b: Sylveon|recharge\n|\n|upkeep\n|\n|t:|1788378167\n|switch|p2a: Venusaur|Venusaur, L50, M|100/100\n|turn|3\n|\n|t:|1788378189\n|move|p2a: Venusaur|Sludge Bomb|p1a: Blastoise\n|-damage|p1a: Blastoise|0 fnt\n|faint|p1a: Blastoise\n|move|p2b: Sylveon|Hyper Voice|p1b: Sableye\n|-supereffective|p1b: Sableye|1\n|-damage|p1b: Sableye|0 fnt\n|faint|p1b: Sableye\n|\n|upkeep\n|\n|t:|1788378197\n|switch|p1a: Dai News|Pelipper, L50, F|100/100\n|switch|p1b: Junketsu|Archaludon, L50, M|100/100\n|-weather|RainDance|[from] ability: Drizzle|[of] p1a: Dai News\n|turn|4\n|\n|t:|1788378216\n|move|p1b: Junketsu|Protect|p1b: Junketsu\n|-singleturn|p1b: Junketsu|Protect\n|move|p2a: Venusaur|Sleep Powder|p1a: Dai News\n|-status|p1a: Dai News|slp|[from] move: Sleep Powder\n|cant|p1a: Dai News|slp\n|move|p2b: Sylveon|Hyper Beam|p1b: Junketsu\n|-activate|p1b: Junketsu|move: Protect\n|\n|-weather|RainDance|[upkeep]\n|upkeep\n|turn|5\n|\n|t:|1788378234\n|move|p1b: Junketsu|Electro Shot||[still]\n|-prepare|p1b: Junketsu|Electro Shot\n|-boost|p1b: Junketsu|spa|1\n|-anim|p1b: Junketsu|Electro Shot|p2a: Venusaur\n|-resisted|p2a: Venusaur|1\n|-damage|p2a: Venusaur|66/100\n|move|p2a: Venusaur|Sludge Bomb|p1a: Dai News\n|-damage|p1a: Dai News|51/100 slp\n|cant|p1a: Dai News|slp\n|move|p2b: Sylveon|Hyper Beam|p1b: Junketsu\n|-damage|p1b: Junketsu|9/100\n|-mustrecharge|p2b: Sylveon\n|-ability|p1b: Junketsu|Stamina|boost\n|-boost|p1b: Junketsu|def|1\n|\n|-weather|RainDance|[upkeep]\n|-heal|p1b: Junketsu|16/100|[from] item: Leftovers\n|upkeep\n|turn|6\n|\n|t:|1788378256\n|move|p2a: Venusaur|Protect|p2a: Venusaur\n|-singleturn|p2a: Venusaur|Protect\n|move|p1b: Junketsu|Flash Cannon|p2b: Sylveon\n|-supereffective|p2b: Sylveon|1\n|-damage|p2b: Sylveon|14/100\n|-curestatus|p1a: Dai News|slp|[msg]\n|move|p1a: Dai News|Tailwind|p1a: Dai News\n|-sidestart|p1: Mashuno|move: Tailwind\n|cant|p2b: Sylveon|recharge\n|\n|-weather|RainDance|[upkeep]\n|-heal|p1b: Junketsu|22/100|[from] item: Leftovers\n|upkeep\n|turn|7\n|\n|t:|1788378280\n|move|p2a: Venusaur|Protect||[still]\n|-fail|p2a: Venusaur\n|move|p2b: Sylveon|Quick Attack|p1a: Dai News\n|-damage|p1a: Dai News|40/100\n|move|p1b: Junketsu|Electro Shot||[still]\n|-prepare|p1b: Junketsu|Electro Shot\n|-boost|p1b: Junketsu|spa|1\n|-anim|p1b: Junketsu|Electro Shot|p2b: Sylveon\n|-damage|p2b: Sylveon|0 fnt\n|faint|p2b: Sylveon\n|move|p1a: Dai News|Hurricane|p2a: Venusaur\n|-supereffective|p2a: Venusaur|1\n|-damage|p2a: Venusaur|0 fnt\n|faint|p2a: Venusaur\n|\n|-weather|RainDance|[upkeep]\n|-heal|p1b: Junketsu|28/100|[from] item: Leftovers\n|upkeep\n|\n|t:|1788378282\n|switch|p2b: Charizard|Charizard, L50, M|100/100\n|turn|8\n|inactive|Mashuno has 30 seconds left.\n|\n|t:|1788378312\n|detailschange|p2b: Charizard|Charizard-Mega-Y, L50, M\n|-mega|p2b: Charizard|Charizard|Charizardite Y\n|-weather|SunnyDay|[from] ability: Drought|[of] p2b: Charizard\n|move|p1b: Junketsu|Draco Meteor|p2b: Charizard|[miss]\n|-miss|p1b: Junketsu|p2b: Charizard\n|move|p1a: Dai News|Rain Dance|p1a: Dai News\n|-weather|RainDance\n|move|p2b: Charizard|Ancient Power|p1a: Dai News\n|-supereffective|p1a: Dai News|1\n|-damage|p1a: Dai News|0 fnt\n|faint|p1a: Dai News\n|\n|-weather|RainDance|[upkeep]\n|-heal|p1b: Junketsu|34/100|[from] item: Leftovers\n|-sideend|p1: Mashuno|move: Light Screen\n|upkeep\n|turn|9\n|c|☆Mashuno|damn\n|c|☆Mashuno|gg\n|inactive|Mashuno has 30 seconds left.\n|inactive|Mashuno has 20 seconds left.\n|\n|t:|1788378356\n|move|p2b: Charizard|Protect|p2b: Charizard\n|-singleturn|p2b: Charizard|Protect\n|move|p1b: Junketsu|Electro Shot||[still]\n|-prepare|p1b: Junketsu|Electro Shot\n|-boost|p1b: Junketsu|spa|1\n|-anim|p1b: Junketsu|Electro Shot|p2b: Charizard\n|-activate|p2b: Charizard|move: Protect\n|\n|-weather|RainDance|[upkeep]\n|-heal|p1b: Junketsu|41/100|[from] item: Leftovers\n|-sideend|p1: Mashuno|Reflect\n|-sideend|p1: Mashuno|move: Tailwind\n|upkeep\n|turn|10\n|\n|t:|1788378363\n|move|p1b: Junketsu|Protect|p1b: Junketsu\n|-singleturn|p1b: Junketsu|Protect\n|move|p2b: Charizard|Weather Ball|p1b: Junketsu\n|-activate|p1b: Junketsu|move: Protect\n|\n|-weather|RainDance|[upkeep]\n|-heal|p1b: Junketsu|47/100|[from] item: Leftovers\n|upkeep\n|turn|11\n|\n|t:|1788378368\n|move|p2b: Charizard|Protect|p2b: Charizard\n|-singleturn|p2b: Charizard|Protect\n|move|p1b: Junketsu|Electro Shot||[still]\n|-prepare|p1b: Junketsu|Electro Shot\n|-boost|p1b: Junketsu|spa|1\n|-anim|p1b: Junketsu|Electro Shot|p2b: Charizard\n|-activate|p2b: Charizard|move: Protect\n|\n|-weather|RainDance|[upkeep]\n|-heal|p1b: Junketsu|53/100|[from] item: Leftovers\n|upkeep\n|turn|12\n|\n|t:|1788378373\n|move|p2b: Charizard|Protect||[still]\n|-fail|p2b: Charizard\n|move|p1b: Junketsu|Electro Shot||[still]\n|-prepare|p1b: Junketsu|Electro Shot\n|-boost|p1b: Junketsu|spa|1\n|-anim|p1b: Junketsu|Electro Shot|p2b: Charizard\n|-supereffective|p2b: Charizard|1\n|-damage|p2b: Charizard|0 fnt\n|faint|p2b: Charizard\n|\n|win|Mashuno\n|raw|Mashuno's rating: 1185 &rarr; <strong>1221</strong><br />(+36 for winning)\n|raw|MuggyV2's rating: 1343 &rarr; <strong>1314</strong><br />(-29 for losing)\n|l|☆MuggyV2\n|player|p2|\n|c|☆Mashuno|ggs\n","uploadtime":1788378494,"views":"0","formatid":"gen9championsvgc2026regmbbo3","rating":1221,"private":0,"password":null}