{"id":"gen9championsvgc2026regmb-2674272344","format":"[Gen 9 Champions] VGC 2026 Reg M-B","players":["bacon is mid","Vax123"],"log":"|j|☆bacon is mid\n|j|☆Vax123\n|t:|1788328476\n|gametype|doubles\n|player|p1|bacon is mid|palmer|1000\n|player|p2|Vax123|266|1037\n|gen|9\n|tier|[Gen 9 Champions] VGC 2026 Reg M-B\n|rated|\n|rule|Species Clause: Limit one of each Pokémon\n|rule|Item Clause: Limit 1 of each item\n|clearpoke\n|poke|p1|Raichu, L50, F|\n|poke|p1|Staraptor, L50, F|\n|poke|p1|Arcanine-Hisui, L50, M|\n|poke|p1|Farigiraf, L50, M|\n|poke|p1|Sylveon, L50, M|\n|poke|p1|Kingambit, L50, M|\n|poke|p2|Kingambit, L50, M|\n|poke|p2|Sneasler, L50, F|\n|poke|p2|Froslass, L50, F|\n|poke|p2|Lycanroc-Dusk, L50, M|\n|poke|p2|Scovillain, L50, F|\n|poke|p2|Basculegion, L50, M|\n|teampreview|4\n|inactive|Battle timer is ON: inactive players will automatically lose when time's up. (requested by Vax123)\nVax123 rejected open team sheets.\n|\n|t:|1788328528\n|teamsize|p1|4\n|teamsize|p2|4\n|start\n|switch|p1a: Arcanine|Arcanine-Hisui, L50, M|100/100\n|switch|p1b: Farigiraf|Farigiraf, L50, M|100/100\n|switch|p2a: Froslass|Froslass, L50, F|100/100\n|switch|p2b: Sneasler|Sneasler, L50, F|100/100\n|turn|1\n|inactive|Vax123 has 30 seconds left.\n|\n|t:|1788328558\n|switch|p2b: Basculegion|Basculegion, L50, M|100/100\n|detailschange|p2a: Froslass|Froslass-Mega, L50, F\n|-mega|p2a: Froslass|Froslass|Froslassite\n|-weather|Snowscape|[from] ability: Snow Warning|[of] p2a: Froslass\n|move|p1a: Arcanine|Protect|p1a: Arcanine\n|-singleturn|p1a: Arcanine|Protect\n|move|p2a: Froslass|Aurora Veil|p2a: Froslass\n|-sidestart|p2: Vax123|move: Aurora Veil\n|move|p1b: Farigiraf|Twin Beam|p2b: Basculegion\n|-damage|p2b: Basculegion|88/100\n|-damage|p2b: Basculegion|76/100\n|-hitcount|p2b: Basculegion|2\n|\n|-weather|Snowscape|[upkeep]\n|upkeep\n|turn|2\n|inactive|bacon is mid has 30 seconds left.\n|\n|t:|1788328585\n|move|p1b: Farigiraf|Helping Hand|p1a: Arcanine\n|-singleturn|p1a: Arcanine|Helping Hand|[of] p1b: Farigiraf\n|move|p2a: Froslass|Blizzard|p1a: Arcanine|[spread] p1a,p1b\n|-resisted|p1a: Arcanine|1\n|-damage|p1a: Arcanine|70/100\n|-damage|p1b: Farigiraf|52/100\n|move|p2b: Basculegion|Wave Crash|p1a: Arcanine\n|-supereffective|p1a: Arcanine|2\n|-damage|p1a: Arcanine|0 fnt\n|faint|p1a: Arcanine\n|-damage|p2b: Basculegion|57/100|[from] Recoil\n|\n|-weather|Snowscape|[upkeep]\n|upkeep\n|\n|t:|1788328600\n|switch|p1a: Kingambit|Kingambit, L50, M|100/100\n|turn|3\n|\n|t:|1788328623\n|switch|p2a: Sneasler|Sneasler, L50, F|100/100\n|move|p1a: Kingambit|Sucker Punch|p2b: Basculegion\n|-supereffective|p2b: Basculegion|1\n|-damage|p2b: Basculegion|0 fnt\n|faint|p2b: Basculegion\n|-damage|p1a: Kingambit|90/100|[from] item: Life Orb\n|move|p1b: Farigiraf|Trick Room|p1b: Farigiraf\n|-fieldstart|move: Trick Room|[of] p1b: Farigiraf\n|\n|-weather|Snowscape|[upkeep]\n|upkeep\n|\n|t:|1788328631\n|switch|p2b: Kingambit|Kingambit, L50, M|100/100\n|turn|4\n|\n|t:|1788328650\n|move|p2a: Sneasler|Protect|p2a: Sneasler\n|-singleturn|p2a: Sneasler|Protect\n|move|p1a: Kingambit|Iron Head|p2b: Kingambit\n|-resisted|p2b: Kingambit|1\n|-damage|p2b: Kingambit|88/100\n|-damage|p1a: Kingambit|80/100|[from] item: Life Orb\n|move|p2b: Kingambit|Kowtow Cleave|p1b: Farigiraf\n|-supereffective|p1b: Farigiraf|1\n|-damage|p1b: Farigiraf|0 fnt\n|faint|p1b: Farigiraf\n|\n|-weather|Snowscape|[upkeep]\n|upkeep\n|\n|t:|1788328663\n|switch|p1b: Raichu|Raichu, L50, F|100/100\n|turn|5\n|\n|t:|1788328686\n|switch|p2a: Froslass|Froslass-Mega, L50, F|100/100\n|detailschange|p1b: Raichu|Raichu-Mega-Y, L50, F\n|-mega|p1b: Raichu|Raichu|Raichunite Y\n|move|p1a: Kingambit|Kowtow Cleave|p2a: Froslass\n|-supereffective|p2a: Froslass|1\n|-damage|p2a: Froslass|25/100\n|-damage|p1a: Kingambit|70/100|[from] item: Life Orb\n|move|p2b: Kingambit|Kowtow Cleave|p1a: Kingambit\n|-resisted|p1a: Kingambit|1\n|-damage|p1a: Kingambit|48/100\n|move|p1b: Raichu|Focus Blast|p2b: Kingambit\n|-supereffective|p2b: Kingambit|2\n|-damage|p2b: Kingambit|0 fnt\n|faint|p2b: Kingambit\n|\n|-weather|none\n|-sideend|p2: Vax123|move: Aurora Veil\n|upkeep\n|\n|t:|1788328702\n|switch|p2b: Sneasler|Sneasler, L50, F|100/100\n|turn|6\n|inactive|bacon is mid has 30 seconds left.\n|inactive|Vax123 has 30 seconds left.\n|\n|t:|1788328740\n|move|p2a: Froslass|Protect|p2a: Froslass\n|-singleturn|p2a: Froslass|Protect\n|move|p1a: Kingambit|Sucker Punch||[still]\n|-fail|p1a: Kingambit\n|move|p1b: Raichu|Zap Cannon|p2b: Sneasler\n|-damage|p2b: Sneasler|12/100\n|-status|p2b: Sneasler|par\n|move|p2b: Sneasler|Close Combat|p1b: Raichu\n|-damage|p1b: Raichu|0 fnt\n|-unboost|p2b: Sneasler|def|1\n|-unboost|p2b: Sneasler|spd|1\n|faint|p1b: Raichu\n|-enditem|p2b: Sneasler|White Herb\n|-clearnegativeboost|p2b: Sneasler|[silent]\n|\n|upkeep\n|turn|7\n|inactive|Vax123 has 30 seconds left.\n|inactive|bacon is mid has 30 seconds left.\n|\n|t:|1788328775\n|move|p1a: Kingambit|Kowtow Cleave|p2b: Sneasler\n|-resisted|p2b: Sneasler|1\n|-damage|p2b: Sneasler|0 fnt\n|faint|p2b: Sneasler\n|-damage|p1a: Kingambit|38/100|[from] item: Life Orb\n|move|p2a: Froslass|Blizzard|p1a: Kingambit|[miss]\n|-miss|p2a: Froslass|p1a: Kingambit\n|\n|-fieldend|move: Trick Room\n|upkeep\n|turn|8\n|\n|t:|1788328790\n|move|p1a: Kingambit|Sucker Punch|p2a: Froslass\n|-supereffective|p2a: Froslass|1\n|-damage|p2a: Froslass|0 fnt\n|faint|p2a: Froslass\n|-damage|p1a: Kingambit|29/100|[from] item: Life Orb\n|\n|win|bacon is mid\n|raw|bacon is mid's rating: 1000 &rarr; <strong>1044</strong><br />(+44 for winning)\n|raw|Vax123's rating: 1037 &rarr; <strong>1020</strong><br />(-17 for losing)\n","uploadtime":1788328799,"views":"8","formatid":"gen9championsvgc2026regmb","rating":1020,"private":0,"password":null}