{"id":"gen9championsvgc2026regmb-2674904070","format":"[Gen 9 Champions] VGC 2026 Reg M-B","players":["albertospacka","Thornlace48812"],"log":"|j|☆albertospacka\n|j|☆Thornlace48812\n|t:|1788433062\n|gametype|doubles\n|player|p1|albertospacka|102|1359\n|player|p2|Thornlace48812|102|1318\n|gen|9\n|tier|[Gen 9 Champions] VGC 2026 Reg M-B\n|rated|\n|rule|Species Clause: Limit one of each Pokémon\n|rule|Item Clause: Limit 1 of each item\n|clearpoke\n|poke|p1|Blastoise, L50, F|\n|poke|p1|Camerupt, L50, M|\n|poke|p1|Farigiraf, L50, M|\n|poke|p1|Vanilluxe, L50, M|\n|poke|p1|Staraptor, L50, F|\n|poke|p1|Kingambit, L50, F|\n|poke|p2|Garchomp, L50, M|\n|poke|p2|Charizard, L50, M|\n|poke|p2|Whimsicott, L50, M|\n|poke|p2|Sylveon, L50, F|\n|poke|p2|Kingambit, L50, F|\n|poke|p2|Basculegion, L50, M|\n|teampreview|4\n|inactive|Battle timer is ON: inactive players will automatically lose when time's up. (requested by Thornlace48812)\nThornlace48812 rejected open team sheets.\n|\n|t:|1788433081\n|teamsize|p1|4\n|teamsize|p2|4\n|start\n|switch|p1a: Farigiraf|Farigiraf, L50, M|100/100\n|switch|p1b: Staraptor|Staraptor, L50, F|100/100\n|switch|p2a: Charizard|Charizard, L50, M|100/100\n|switch|p2b: Kingambit|Kingambit, L50, F|100/100\n|-ability|p1b: Staraptor|Intimidate|boost\n|-unboost|p2a: Charizard|atk|1\n|-unboost|p2b: Kingambit|atk|1\n|turn|1\n|\n|t:|1788433086\n|detailschange|p2a: Charizard|Charizard-Mega-Y, L50, M\n|-mega|p2a: Charizard|Charizard|Charizardite Y\n|-weather|SunnyDay|[from] ability: Drought|[of] p2a: Charizard\n|move|p1b: Staraptor|Final Gambit|p2b: Kingambit\n|-damage|p2b: Kingambit|0 fnt\n|faint|p1b: Staraptor\n|faint|p2b: Kingambit\n|-end|p2b: Kingambit|fallenundefined|[silent]\n|move|p2a: Charizard|Heat Wave|p1a: Farigiraf\n|-damage|p1a: Farigiraf|18/100\n|-enditem|p1a: Farigiraf|Sitrus Berry|[eat]\n|-heal|p1a: Farigiraf|43/100|[from] item: Sitrus Berry\n|move|p1a: Farigiraf|Trick Room|p1a: Farigiraf\n|-fieldstart|move: Trick Room|[of] p1a: Farigiraf\n|\n|-weather|SunnyDay|[upkeep]\n|upkeep\n|\n|t:|1788433089\n|switch|p2b: Basculegion|Basculegion, L50, M|100/100\n|switch|p1b: Camerupt|Camerupt, L50, M|100/100\n|turn|2\n|\n|t:|1788433101\n|switch|p1b: Vanilluxe|Vanilluxe, L50, M|100/100\n|-weather|Snowscape|[from] ability: Snow Warning|[of] p1b: Vanilluxe\n|move|p2a: Charizard|Protect|p2a: Charizard\n|-singleturn|p2a: Charizard|Protect\n|move|p1a: Farigiraf|Psychic Fangs|p2b: Basculegion\n|-damage|p2b: Basculegion|70/100\n|move|p2b: Basculegion|Last Respects|p1b: Vanilluxe\n|-damage|p1b: Vanilluxe|48/100\n|\n|-weather|Snowscape|[upkeep]\n|upkeep\n|turn|3\n|\n|t:|1788433104\n|move|p2b: Basculegion|Protect|p2b: Basculegion\n|-singleturn|p2b: Basculegion|Protect\n|move|p1a: Farigiraf|Hyper Voice|p2a: Charizard|[spread] p2a\n|-activate|p2b: Basculegion|move: Protect\n|-damage|p2a: Charizard|75/100\n|move|p1b: Vanilluxe|Blizzard|p2a: Charizard|[spread] p2a\n|-activate|p2b: Basculegion|move: Protect\n|-damage|p2a: Charizard|22/100\n|move|p2a: Charizard|Heat Wave|p1a: Farigiraf|[spread] p1a,p1b\n|-supereffective|p1b: Vanilluxe|1\n|-damage|p1a: Farigiraf|4/100\n|-damage|p1b: Vanilluxe|0 fnt\n|faint|p1b: Vanilluxe\n|\n|-weather|Snowscape|[upkeep]\n|upkeep\n|\n|t:|1788433107\n|switch|p1b: Camerupt|Camerupt, L50, M|100/100\n|turn|4\n|\n|t:|1788433115\n|detailschange|p1b: Camerupt|Camerupt-Mega, L50, M\n|-mega|p1b: Camerupt|Camerupt|Cameruptite\n|move|p2a: Charizard|Protect|p2a: Charizard\n|-singleturn|p2a: Charizard|Protect\n|move|p1b: Camerupt|Earth Power|p2b: Basculegion\n|-damage|p2b: Basculegion|0 fnt\n|faint|p2b: Basculegion\n|move|p1a: Farigiraf|Psychic Fangs|p2a: Charizard\n|-activate|p2a: Charizard|move: Protect\n|\n|-weather|Snowscape|[upkeep]\n|upkeep\n|\n|t:|1788433115\n|switch|p2b: Whimsicott|Whimsicott, L50, M|100/100\n|turn|5\n|\n|t:|1788433127\n|move|p2b: Whimsicott|Protect|p2b: Whimsicott\n|-singleturn|p2b: Whimsicott|Protect\n|move|p2a: Charizard|Protect|p2a: Charizard\n|-singleturn|p2a: Charizard|Protect\n|move|p1b: Camerupt|Ancient Power|p2a: Charizard\n|-activate|p2a: Charizard|move: Protect\n|move|p1a: Farigiraf|Hyper Voice|p2a: Charizard|[spread] \n|-activate|p2a: Charizard|move: Protect\n|-activate|p2b: Whimsicott|move: Protect\n|\n|-weather|Snowscape|[upkeep]\n|-fieldend|move: Trick Room\n|upkeep\n|turn|6\n|\n|t:|1788433131\n|move|p2b: Whimsicott|Moonblast|p1b: Camerupt\n|-resisted|p1b: Camerupt|1\n|-damage|p1b: Camerupt|81/100\n|move|p2a: Charizard|Heat Wave|p1b: Camerupt|[spread] p1a,p1b\n|-resisted|p1b: Camerupt|1\n|-damage|p1a: Farigiraf|0 fnt\n|-damage|p1b: Camerupt|59/100\n|faint|p1a: Farigiraf\n|move|p1b: Camerupt|Heat Wave|p2b: Whimsicott|[spread] p2b\n|-miss|p1b: Camerupt|p2a: Charizard\n|-supereffective|p2b: Whimsicott|1\n|-enditem|p2b: Whimsicott|Focus Sash\n|-damage|p2b: Whimsicott|1/100\n|\n|-weather|none\n|upkeep\n|turn|7\n|\n|t:|1788433134\n|move|p2b: Whimsicott|Moonblast|p1b: Camerupt\n|-resisted|p1b: Camerupt|1\n|-damage|p1b: Camerupt|40/100\n|move|p2a: Charizard|Ancient Power|p1b: Camerupt\n|-damage|p1b: Camerupt|13/100\n|-boost|p2a: Charizard|atk|1\n|-boost|p2a: Charizard|def|1\n|-boost|p2a: Charizard|spa|1\n|-boost|p2a: Charizard|spd|1\n|-boost|p2a: Charizard|spe|1\n|move|p1b: Camerupt|Heat Wave|p2a: Charizard|[spread] p2b\n|-miss|p1b: Camerupt|p2a: Charizard\n|-supereffective|p2b: Whimsicott|1\n|-damage|p2b: Whimsicott|0 fnt\n|faint|p2b: Whimsicott\n|\n|upkeep\n|turn|8\n|\n|t:|1788433144\n|move|p2a: Charizard|Heat Wave|p1b: Camerupt|[miss]\n|-miss|p2a: Charizard|p1b: Camerupt\n|move|p1b: Camerupt|Ancient Power|p2a: Charizard\n|-supereffective|p2a: Charizard|2\n|-damage|p2a: Charizard|0 fnt\n|faint|p2a: Charizard\n|\n|win|albertospacka\n|raw|albertospacka's rating: 1359 &rarr; <strong>1380</strong><br />(+21 for winning)\n|raw|Thornlace48812's rating: 1369 &rarr; <strong>1348</strong><br />(-21 for losing)\n","uploadtime":1788433144,"views":"0","formatid":"gen9championsvgc2026regmb","rating":1348,"private":0,"password":null}