{"id":"gen9championsvgc2026regmbbo3-2673343062","format":"[Gen 9 Champions] VGC 2026 Reg M-B (Bo3)","players":["ArielcitoTedetona","ray294"],"log":"|j|☆ArielcitoTedetona\n|j|☆ray294\n|html|<table width=\"100%\"><tr><td align=\"left\">ArielcitoTedetona</td><td align=\"right\">ray294</tr><tr><td align=\"left\"><i class=\"fa fa-circle-o\"></i> <i class=\"fa fa-circle-o\"></i> </td><td align=\"right\"><i class=\"fa fa-circle-o\"></i> <i class=\"fa fa-circle-o\"></i> </tr></table>\n|uhtml|bestof|<h2><strong>Game 1</strong> of <a href=\"/game-bestof3-gen9championsvgc2026regmbbo3-2673343061\">a best-of-3</a></h2>\n|t:|1788186014\n|gametype|doubles\n|player|p1|ArielcitoTedetona|265|1146\n|player|p2|ray294|102|1063\n|gen|9\n|tier|[Gen 9 Champions] VGC 2026 Reg M-B (Bo3)\n|rated|\n|rule|Species Clause: Limit one of each Pokémon\n|rule|Item Clause: Limit 1 of each item\n|clearpoke\n|poke|p1|Charizard, L50, M|\n|poke|p1|Incineroar, L50, F|\n|poke|p1|Venusaur, L50, F|\n|poke|p1|Garchomp, L50, F|\n|poke|p1|Sylveon, L50, M|\n|poke|p1|Annihilape, L50, M|\n|poke|p2|Chesnaught, L50, F, shiny|\n|poke|p2|Archaludon, L50, F|\n|poke|p2|Oranguru, L50, M, shiny|\n|poke|p2|Pelipper, L50, M|\n|poke|p2|Incineroar, L50, F|\n|poke|p2|Primarina, L50, F|\n|teampreview|4\n|showteam|p1|Charizard||CharizarditeY|Blaze|WeatherBall,HeatWave,AncientPower,Protect|Modest||M|||50|]Incineroar||SitrusBerry|Intimidate|FakeOut,FlareBlitz,DarkestLariat,PartingShot|Impish||F|||50|]Venusaur||LifeOrb|Chlorophyll|LeafStorm,SludgeBomb,EarthPower,Protect|Modest||F|||50|]Garchomp||ChoiceScarf|RoughSkin|Earthquake,DragonClaw,RockSlide,StompingTantrum|Adamant||F|||50|]Sylveon||FairyFeather|Pixilate|HyperVoice,Yawn,QuickAttack,Detect|Modest||M|||50|]Annihilape||FocusSash|Defiant|RockTomb,CloseCombat,RageFist,Protect|Jolly||M|||50|\n|showteam|p2|Chesnaught||Chesnaughtite|Bulletproof|SwordsDance,DrainPunch,SpikyShield,WoodHammer|Relaxed||F|||50|]Archaludon||ExpertBelt|Stalwart|Protect,DragonPulse,FlashCannon,ElectroShot|Relaxed||F|||50|]Oranguru||ColburBerry|InnerFocus|TrickRoom,Psychic,Instruct,Protect|Calm||M|||50|]Pelipper||Leftovers|Drizzle|WideGuard,WeatherBall,Hurricane,Protect|Relaxed||M|||50|]Incineroar||ChopleBerry|Intimidate|FakeOut,PartingShot,DarkestLariat,FlareBlitz|Brave||F|||50|]Primarina||LifeOrb|LiquidVoice|HyperVoice,Protect,Moonblast,RainDance|Serious||F|||50|\n|\n|t:|1788186062\n|teamsize|p1|4\n|teamsize|p2|4\n|start\n|switch|p1a: malozard|Charizard, L50, M|100/100\n|switch|p1b: tumamigorda|Venusaur, L50, F|100/100\n|switch|p2a: Primarina|Primarina, L50, F|100/100\n|switch|p2b: Oranguru|Oranguru, L50, M, shiny|100/100\n|turn|1\n|\n|t:|1788186080\n|detailschange|p1a: malozard|Charizard-Mega-Y, L50, M\n|-mega|p1a: malozard|Charizard|Charizardite Y\n|-weather|SunnyDay|[from] ability: Drought|[of] p1a: malozard\n|move|p1b: tumamigorda|Leaf Storm|p2a: Primarina\n|-supereffective|p2a: Primarina|1\n|-damage|p2a: Primarina|0 fnt\n|-unboost|p1b: tumamigorda|spa|2\n|faint|p2a: Primarina\n|-damage|p1b: tumamigorda|90/100|[from] item: Life Orb\n|move|p1a: malozard|Heat Wave|p2b: Oranguru\n|-damage|p2b: Oranguru|37/100\n|move|p2b: Oranguru|Trick Room|p2b: Oranguru\n|-fieldstart|move: Trick Room|[of] p2b: Oranguru\n|\n|-weather|SunnyDay|[upkeep]\n|upkeep\n|\n|t:|1788186093\n|switch|p2a: Archaludon|Archaludon, L50, F|100/100\n|turn|2\n|\n|t:|1788186103\n|switch|p2b: Pelipper|Pelipper, L50, M|100/100\n|-weather|RainDance|[from] ability: Drizzle|[of] p2b: Pelipper\n|switch|p1a: moron|Incineroar, L50, F|100/100\n|-ability|p1a: moron|Intimidate|boost\n|-unboost|p2a: Archaludon|atk|1\n|-unboost|p2b: Pelipper|atk|1\n|switch|p1b: megaladron|Garchomp, L50, F|100/100\n|move|p2a: Archaludon|Electro Shot||[still]\n|-prepare|p2a: Archaludon|Electro Shot\n|-boost|p2a: Archaludon|spa|1\n|-anim|p2a: Archaludon|Electro Shot|p1a: moron\n|-crit|p1a: moron\n|-damage|p1a: moron|29/100\n|-enditem|p1a: moron|Sitrus Berry|[eat]\n|-heal|p1a: moron|54/100|[from] item: Sitrus Berry\n|\n|-weather|RainDance|[upkeep]\n|upkeep\n|turn|3\n|\n|t:|1788186135\n|switch|p2b: Oranguru|Oranguru, L50, M, shiny|37/100\n|move|p2a: Archaludon|Protect|p2a: Archaludon\n|-singleturn|p2a: Archaludon|Protect\n|move|p1a: moron|Fake Out|p2b: Oranguru\n|-crit|p2b: Oranguru\n|-damage|p2b: Oranguru|22/100\n|move|p1b: megaladron|Stomping Tantrum|p2a: Archaludon\n|-activate|p2a: Archaludon|move: Protect\n|\n|-weather|RainDance|[upkeep]\n|upkeep\n|turn|4\n|\n|t:|1788186157\n|switch|p1b: tumamigorda|Venusaur, L50, F|90/100\n|move|p2b: Oranguru|Instruct|p2a: Archaludon\n|-singleturn|p2a: Archaludon|move: Instruct|[of] p2b: Oranguru\n|move|p2a: Archaludon|Protect|p2a: Archaludon\n|-singleturn|p2a: Archaludon|Protect\n|move|p1a: moron|Parting Shot|p2a: Archaludon\n|-activate|p2a: Archaludon|move: Protect\n|move|p2a: Archaludon|Dragon Pulse|p1b: tumamigorda\n|-damage|p1b: tumamigorda|21/100\n|\n|-weather|RainDance|[upkeep]\n|upkeep\n|turn|5\n|\n|t:|1788186176\n|move|p1b: tumamigorda|Protect|p1b: tumamigorda\n|-singleturn|p1b: tumamigorda|Protect\n|move|p1a: moron|Darkest Lariat|p2b: Oranguru\n|-supereffective|p2b: Oranguru|1\n|-enditem|p2b: Oranguru|Colbur Berry|[eat]\n|-enditem|p2b: Oranguru|Colbur Berry|[weaken]\n|-damage|p2b: Oranguru|0 fnt\n|faint|p2b: Oranguru\n|move|p2a: Archaludon|Dragon Pulse|p1a: moron\n|-damage|p1a: moron|6/100\n|\n|-weather|RainDance|[upkeep]\n|-fieldend|move: Trick Room\n|upkeep\n|\n|t:|1788186188\n|switch|p2b: Pelipper|Pelipper, L50, M|100/100\n|turn|6\n|\n|t:|1788186231\n|move|p1b: tumamigorda|Sludge Bomb|p2b: Pelipper\n|-damage|p2b: Pelipper|41/100\n|-damage|p1b: tumamigorda|11/100|[from] item: Life Orb\n|move|p2a: Archaludon|Dragon Pulse|p1a: moron\n|-crit|p1a: moron\n|-damage|p1a: moron|0 fnt\n|faint|p1a: moron\n|move|p2b: Pelipper|Weather Ball|p1b: tumamigorda\n|-resisted|p1b: tumamigorda|1\n|-damage|p1b: tumamigorda|0 fnt\n|faint|p1b: tumamigorda\n|\n|-weather|none\n|-heal|p2b: Pelipper|47/100|[from] item: Leftovers\n|upkeep\n|\n|t:|1788186245\n|switch|p1b: malozard|Charizard-Mega-Y, L50, M|100/100\n|switch|p1a: megaladron|Garchomp, L50, F|100/100\n|-weather|SunnyDay|[from] ability: Drought|[of] p1b: malozard\n|turn|7\n|\n|t:|1788186263\n|move|p2b: Pelipper|Wide Guard|p2b: Pelipper\n|-singleturn|p2b: Pelipper|Wide Guard\n|move|p1a: megaladron|Stomping Tantrum|p2a: Archaludon\n|-supereffective|p2a: Archaludon|1\n|-damage|p2a: Archaludon|45/100\n|move|p1b: malozard|Ancient Power|p2b: Pelipper\n|-supereffective|p2b: Pelipper|1\n|-damage|p2b: Pelipper|0 fnt\n|faint|p2b: Pelipper\n|move|p2a: Archaludon|Dragon Pulse|p1a: megaladron\n|-supereffective|p1a: megaladron|1\n|-damage|p1a: megaladron|0 fnt\n|faint|p1a: megaladron\n|\n|-weather|SunnyDay|[upkeep]\n|upkeep\n|turn|8\n|\n|t:|1788186283\n|move|p1b: malozard|Weather Ball|p2a: Archaludon\n|-damage|p2a: Archaludon|0 fnt\n|faint|p2a: Archaludon\n|\n|win|ArielcitoTedetona\n||ray294 is ready for game 2.\n","uploadtime":1788186288,"views":"1","formatid":"gen9championsvgc2026regmbbo3","rating":null,"private":0,"password":null}