{"id":"gen9championsvgc2026regmb-2674326395","format":"[Gen 9 Champions] VGC 2026 Reg M-B","players":["Utatte","carrotbeafsteak"],"log":"|j|☆Utatte\n|j|☆carrotbeafsteak\n|t:|1788341579\n|gametype|doubles\n|player|p1|Utatte|clown|1259\n|player|p2|carrotbeafsteak|266|1300\n|gen|9\n|tier|[Gen 9 Champions] VGC 2026 Reg M-B\n|rated|\n|rule|Species Clause: Limit one of each Pokémon\n|rule|Item Clause: Limit 1 of each item\n|clearpoke\n|poke|p1|Whimsicott, L50, F|\n|poke|p1|Charizard, L50, M|\n|poke|p1|Gholdengo, L50|\n|poke|p1|Samurott-Hisui, L50, F|\n|poke|p1|Medicham, L50, M|\n|poke|p1|Heliolisk, L50, M|\n|poke|p2|Simipour, L50, F|\n|poke|p2|Simisage, L50, F|\n|poke|p2|Simisear, L50, M|\n|poke|p2|Pelipper, L50, F|\n|poke|p2|Torkoal, L50, F|\n|poke|p2|Gyarados, L50, M|\n|teampreview|4\n|\n|t:|1788341634\n|teamsize|p1|4\n|teamsize|p2|4\n|start\n|switch|p1a: Heliolisk|Heliolisk, L50, M|100/100\n|switch|p1b: Medicham|Medicham, L50, M|100/100\n|switch|p2a: Simisage|Simisage, L50, F|100/100\n|switch|p2b: Simisear|Simisear, L50, M|100/100\n|turn|1\n|inactive|Battle timer is ON: inactive players will automatically lose when time's up. (requested by Utatte)\n|\n|t:|1788341654\n|detailschange|p1b: Medicham|Medicham-Mega, L50, M\n|-mega|p1b: Medicham|Medicham|Medichamite\n|move|p1a: Heliolisk|Ally Switch|p1a: Heliolisk\n|swap|p1a: Heliolisk|1|[from] move: Ally Switch\n|move|p2a: Simisage|Rock Slide|p1a: Medicham|[spread] p1a,p1b\n|-resisted|p1a: Medicham|1\n|-damage|p1a: Medicham|88/100\n|-damage|p1b: Heliolisk|52/100\n|-damage|p2a: Simisage|90/100|[from] item: Life Orb\n|move|p2b: Simisear|Heat Wave|p1b: Heliolisk|[spread] p1a,p1b\n|-damage|p1a: Medicham|48/100\n|-damage|p1b: Heliolisk|0 fnt\n|faint|p1b: Heliolisk\n|move|p1a: Medicham|Ice Punch|p2a: Simisage\n|-supereffective|p2a: Simisage|1\n|-damage|p2a: Simisage|0 fnt\n|faint|p2a: Simisage\n|\n|upkeep\n|\n|t:|1788341675\n|switch|p1b: Samurott|Samurott-Hisui, L50, F|100/100\n|switch|p2a: Torkoal|Torkoal, L50, F|100/100\n|-weather|SunnyDay|[from] ability: Drought|[of] p2a: Torkoal\n|turn|2\n|inactive|Utatte has 30 seconds left.\n|\n|t:|1788341709\n|move|p1a: Medicham|Protect|p1a: Medicham\n|-singleturn|p1a: Medicham|Protect\n|move|p2b: Simisear|Heat Wave|p1b: Samurott|[spread] p1b\n|-activate|p1a: Medicham|move: Protect\n|-resisted|p1b: Samurott|1\n|-damage|p1b: Samurott|60/100\n|move|p1b: Samurott|Night Slash|p2b: Simisear\n|-damage|p2b: Simisear|21/100\n|move|p2a: Torkoal|Eruption|p1a: Medicham|[spread] p1b\n|-activate|p1a: Medicham|move: Protect\n|-resisted|p1b: Samurott|1\n|-damage|p1b: Samurott|22/100\n|\n|-weather|SunnyDay|[upkeep]\n|upkeep\n|turn|3\n|\n|t:|1788341733\n|switch|p2b: Gyarados|Gyarados, L50, M|100/100\n|-ability|p2b: Gyarados|Intimidate|boost\n|-unboost|p1a: Medicham|atk|1\n|-unboost|p1b: Samurott|atk|1\n|move|p1a: Medicham|Drain Punch|p2a: Torkoal\n|-damage|p2a: Torkoal|74/100\n|-heal|p1a: Medicham|63/100|[from] drain|[of] p2a: Torkoal\n|move|p1b: Samurott|Night Slash|p2b: Gyarados\n|-damage|p2b: Gyarados|62/100\n|move|p2a: Torkoal|Eruption|p1a: Medicham|[spread] p1a,p1b\n|-resisted|p1b: Samurott|1\n|-damage|p1a: Medicham|14/100\n|-damage|p1b: Samurott|0 fnt\n|faint|p1b: Samurott\n|\n|-weather|SunnyDay|[upkeep]\n|-heal|p2a: Torkoal|80/100|[from] item: Leftovers\n|upkeep\n|\n|t:|1788341745\n|switch|p1b: Whimsicott|Whimsicott, L50, F|100/100\n|turn|4\n|\n|t:|1788341767\n|move|p1a: Medicham|Protect|p1a: Medicham\n|-singleturn|p1a: Medicham|Protect\n|move|p1b: Whimsicott|Moonblast|p2b: Gyarados\n|-damage|p2b: Gyarados|32/100\n|move|p2b: Gyarados|Crunch|p1a: Medicham\n|-activate|p1a: Medicham|move: Protect\n|move|p2a: Torkoal|Eruption|p1b: Whimsicott|[spread] p1b\n|-activate|p1a: Medicham|move: Protect\n|-supereffective|p1b: Whimsicott|1\n|-enditem|p1b: Whimsicott|Focus Sash\n|-damage|p1b: Whimsicott|1/100\n|\n|-weather|SunnyDay|[upkeep]\n|-heal|p2a: Torkoal|86/100|[from] item: Leftovers\n|upkeep\n|turn|5\n|\n|t:|1788341791\n|move|p1b: Whimsicott|Endeavor|p2a: Torkoal\n|-damage|p2a: Torkoal|1/100\n|move|p1a: Medicham|Drain Punch|p2a: Torkoal\n|-damage|p2a: Torkoal|0 fnt\n|-heal|p1a: Medicham|15/100|[from] drain|[of] p2a: Torkoal\n|faint|p2a: Torkoal\n|move|p2b: Gyarados|Crunch|p1b: Whimsicott\n|-resisted|p1b: Whimsicott|1\n|-damage|p1b: Whimsicott|0 fnt\n|faint|p1b: Whimsicott\n|\n|-weather|SunnyDay|[upkeep]\n|upkeep\n|\n|t:|1788341794\n|switch|p2a: Simisear|Simisear, L50, M|21/100\n|turn|6\n|\n|t:|1788341805\n|move|p2a: Simisear|Fake Out|p1a: Medicham\n|-damage|p1a: Medicham|4/100\n|cant|p1a: Medicham|flinch\n|move|p2b: Gyarados|Crunch|p1a: Medicham\n|-damage|p1a: Medicham|0 fnt\n|faint|p1a: Medicham\n|\n|win|carrotbeafsteak\n|raw|Utatte's rating: 1259 &rarr; <strong>1237</strong><br />(-22 for losing)\n|raw|carrotbeafsteak's rating: 1300 &rarr; <strong>1322</strong><br />(+22 for winning)\n|l|☆Utatte\n|player|p1|\n","uploadtime":1788341808,"views":"2","formatid":"gen9championsvgc2026regmb","rating":1237,"private":0,"password":null}