{"id":"gen9championsvgc2026regmbbo3-2673529721","format":"[Gen 9 Champions] VGC 2026 Reg M-B (Bo3)","players":["Thomnahs","javivaarela"],"log":"|j|☆Thomnahs\n|j|☆javivaarela\n|html|<table width=\"100%\"><tr><td align=\"left\">Thomnahs</td><td align=\"right\">javivaarela</tr><tr><td align=\"left\"><i class=\"fa fa-circle\"></i> <i class=\"fa fa-circle-o\"></i> </td><td align=\"right\"><i class=\"fa fa-circle-o\"></i> <i class=\"fa fa-circle\"></i> </tr></table>\n|uhtml|bestof|<h2><strong>Game 3</strong> of <a href=\"/game-bestof3-gen9championsvgc2026regmbbo3-2673525311\">a best-of-3</a></h2>\n|t:|1788209047\n|gametype|doubles\n|player|p1|Thomnahs|101|1201\n|player|p2|javivaarela|shadowtriad|1266\n|gen|9\n|tier|[Gen 9 Champions] VGC 2026 Reg M-B (Bo3)\n|rated|\n|rule|Species Clause: Limit one of each Pokémon\n|rule|Item Clause: Limit 1 of each item\n|clearpoke\n|poke|p1|Basculegion, L50, M|\n|poke|p1|Charizard, L50, F|\n|poke|p1|Kingambit, L50, F|\n|poke|p1|Whimsicott, L50, F|\n|poke|p1|Garchomp, L50, F|\n|poke|p1|Floette-Eternal, L50, F|\n|poke|p2|Staraptor, L50, M, shiny|\n|poke|p2|Arcanine-Hisui, L50, M, shiny|\n|poke|p2|Kingambit, L50, F, shiny|\n|poke|p2|Sylveon, L50, F, shiny|\n|poke|p2|Raichu, L50, M, shiny|\n|poke|p2|Farigiraf, L50, F, shiny|\n|teampreview|4\n|showteam|p1|Basculegion||MysticWater|Adaptability|WaveCrash,LastRespects,AquaJet,Protect|Adamant||M|||50|]Charizard||CharizarditeY|SolarPower|HeatWave,WeatherBall,AncientPower,Protect|Timid||F|||50|]Kingambit||BlackGlasses|Defiant|KowtowCleave,IronHead,SuckerPunch,Protect|Adamant||F|||50|]Whimsicott||FocusSash|Prankster|Moonblast,Tailwind,Encore,Protect|Timid||F|||50|]Garchomp||LifeOrb|RoughSkin|DragonClaw,Earthquake,RockSlide,Protect|Jolly||F|||50|]Floette-Eternal||Floettite|FlowerVeil|Moonblast,DazzlingGleam,LightofRuin,Protect|Modest||F|||50|\n|showteam|p2|Staraptor||Staraptite|Intimidate|DualWingbeat,CloseCombat,Tailwind,Protect|Jolly||M|||50|]Arcanine-Hisui||FocusSash|RockHead|FlareBlitz,HeadSmash,ExtremeSpeed,Protect|Jolly||M|||50|]Kingambit||LifeOrb|Defiant|KowtowCleave,SuckerPunch,SwordsDance,Protect|Adamant||F|||50|]Sylveon||FairyFeather|Pixilate|HyperVoice,HyperBeam,QuickAttack,Detect|Modest||F|||50|]Raichu||RaichuniteY|LightningRod|ZapCannon,FocusBlast,FakeOut,Protect|Timid||M|||50|]Farigiraf||SitrusBerry|ArmorTail|Psychic,HelpingHand,TrickRoom,Protect|Calm||F|||50|\n|inactive|Battle timer is ON: inactive players will automatically lose when time's up. (requested by Thomnahs)\n|inactive|javivaarela has 60 seconds left.\n|inactive|javivaarela has 30 seconds left.\n|inactive|javivaarela has 20 seconds left.\n|inactive|javivaarela has 15 seconds left.\n|inactive|javivaarela has 10 seconds left.\n|\n|t:|1788209127\n|teamsize|p1|4\n|teamsize|p2|4\n|start\n|switch|p1a: Whimsicott|Whimsicott, L50, F|100/100\n|switch|p1b: Basculegion|Basculegion, L50, M|100/100\n|switch|p2a: Flower Man|Staraptor, L50, M, shiny|100/100\n|switch|p2b: Wasabi|Arcanine-Hisui, L50, M, shiny|100/100\n|-ability|p2a: Flower Man|Intimidate|boost\n|-unboost|p1a: Whimsicott|atk|1\n|-unboost|p1b: Basculegion|atk|1\n|turn|1\n|inactive|Thomnahs has 30 seconds left.\n|inactive|Thomnahs has 20 seconds left.\n|\n|t:|1788209164\n|detailschange|p2a: Flower Man|Staraptor-Mega, L50, M, shiny\n|-mega|p2a: Flower Man|Staraptor|Staraptite\n|move|p2b: Wasabi|Protect|p2b: Wasabi\n|-singleturn|p2b: Wasabi|Protect\n|move|p1a: Whimsicott|Tailwind|p1a: Whimsicott\n|-sidestart|p1: Thomnahs|move: Tailwind\n|move|p1b: Basculegion|Wave Crash|p2a: Flower Man\n|-damage|p2a: Flower Man|38/100\n|-damage|p1b: Basculegion|81/100|[from] Recoil\n|move|p2a: Flower Man|Tailwind|p2a: Flower Man\n|-sidestart|p2: javivaarela|move: Tailwind\n|\n|upkeep\n|turn|2\n|\n|t:|1788209186\n|switch|p2b: Fridge|Farigiraf, L50, F, shiny|100/100\n|move|p1a: Whimsicott|Encore||[still]\n|cant|p2b: Fridge|ability: Armor Tail|Encore|[of] p1a: Whimsicott\n|move|p1b: Basculegion|Aqua Jet||[still]\n|cant|p2b: Fridge|ability: Armor Tail|Aqua Jet|[of] p1b: Basculegion\n|move|p2a: Flower Man|Close Combat|p1a: Whimsicott\n|-resisted|p1a: Whimsicott|1\n|-damage|p1a: Whimsicott|58/100\n|-boost|p2a: Flower Man|def|1\n|-boost|p2a: Flower Man|spd|1\n|\n|upkeep\n|turn|3\n|inactive|javivaarela has 30 seconds left.\n|\n|t:|1788209216\n|move|p1a: Whimsicott|Protect|p1a: Whimsicott\n|-singleturn|p1a: Whimsicott|Protect\n|move|p2a: Flower Man|Protect|p2a: Flower Man\n|-singleturn|p2a: Flower Man|Protect\n|move|p1b: Basculegion|Wave Crash|p2a: Flower Man\n|-activate|p2a: Flower Man|move: Protect\n|move|p2b: Fridge|Psychic|p1b: Basculegion\n|-damage|p1b: Basculegion|40/100\n|\n|upkeep\n|turn|4\n|\n|t:|1788209236\n|move|p1b: Basculegion|Protect|p1b: Basculegion\n|-singleturn|p1b: Basculegion|Protect\n|move|p1a: Whimsicott|Moonblast|p2a: Flower Man\n|-supereffective|p2a: Flower Man|1\n|-damage|p2a: Flower Man|0 fnt\n|faint|p2a: Flower Man\n|move|p2b: Fridge|Trick Room|p2b: Fridge\n|-fieldstart|move: Trick Room|[of] p2b: Fridge\n|\n|-sideend|p1: Thomnahs|move: Tailwind\n|-sideend|p2: javivaarela|move: Tailwind\n|upkeep\n|\n|t:|1788209243\n|switch|p2a: Sadie Sink|Sylveon, L50, F, shiny|100/100\n|turn|5\n|inactive|Thomnahs has 30 seconds left.\n|inactive|Thomnahs has 20 seconds left.\n|\n|t:|1788209279\n|move|p2b: Fridge|Helping Hand|p2a: Sadie Sink\n|-singleturn|p2a: Sadie Sink|Helping Hand|[of] p2b: Fridge\n|move|p1a: Whimsicott|Protect|p1a: Whimsicott\n|-singleturn|p1a: Whimsicott|Protect\n|move|p1b: Basculegion|Protect||[still]\n|-fail|p1b: Basculegion\n|move|p2a: Sadie Sink|Hyper Voice|p1a: Whimsicott|[spread] p1b\n|-activate|p1a: Whimsicott|move: Protect\n|-damage|p1b: Basculegion|0 fnt\n|faint|p1b: Basculegion\n|\n|upkeep\n|\n|t:|1788209291\n|switch|p1b: Charizard|Charizard, L50, F|100/100\n|turn|6\n|\n|t:|1788209305\n|detailschange|p1b: Charizard|Charizard-Mega-Y, L50, F\n|-mega|p1b: Charizard|Charizard|Charizardite Y\n|-weather|SunnyDay|[from] ability: Drought|[of] p1b: Charizard\n|move|p2b: Fridge|Psychic|p1b: Charizard\n|-crit|p1b: Charizard\n|-damage|p1b: Charizard|50/100g\n|move|p2a: Sadie Sink|Hyper Voice|p1a: Whimsicott|[spread] p1a,p1b\n|-resisted|p1b: Charizard|1\n|-damage|p1a: Whimsicott|0 fnt\n|-damage|p1b: Charizard|28/100\n|faint|p1a: Whimsicott\n|move|p1b: Charizard|Weather Ball|p2a: Sadie Sink\n|-damage|p2a: Sadie Sink|35/100\n|\n|-weather|SunnyDay|[upkeep]\n|upkeep\n|\n|t:|1788209314\n|switch|p1a: Garchomp|Garchomp, L50, F|100/100\n|turn|7\n|\n|t:|1788209327\n|move|p2b: Fridge|Helping Hand|p2a: Sadie Sink\n|-singleturn|p2a: Sadie Sink|Helping Hand|[of] p2b: Fridge\n|move|p1b: Charizard|Protect|p1b: Charizard\n|-singleturn|p1b: Charizard|Protect\n|move|p1a: Garchomp|Protect|p1a: Garchomp\n|-singleturn|p1a: Garchomp|Protect\n|move|p2a: Sadie Sink|Hyper Voice|p1a: Garchomp|[spread] \n|-activate|p1a: Garchomp|move: Protect\n|-activate|p1b: Charizard|move: Protect\n|\n|-weather|SunnyDay|[upkeep]\n|upkeep\n|turn|8\n|\n|t:|1788209341\n|move|p2b: Fridge|Helping Hand|p2a: Sadie Sink\n|-singleturn|p2a: Sadie Sink|Helping Hand|[of] p2b: Fridge\n|move|p1b: Charizard|Protect||[still]\n|-fail|p1b: Charizard\n|move|p1a: Garchomp|Protect||[still]\n|-fail|p1a: Garchomp\n|move|p2a: Sadie Sink|Hyper Voice|p1b: Charizard|[spread] p1a,p1b\n|-supereffective|p1a: Garchomp|1\n|-resisted|p1b: Charizard|1\n|-damage|p1a: Garchomp|0 fnt\n|-damage|p1b: Charizard|0 fnt\n|faint|p1a: Garchomp\n|faint|p1b: Charizard\n|\n|win|javivaarela\n|raw|Thomnahs's rating: 1201 &rarr; <strong>1181</strong><br />(-20 for losing)\n|raw|javivaarela's rating: 1266 &rarr; <strong>1286</strong><br />(+20 for winning)\n","uploadtime":1788209341,"views":"1","formatid":"gen9championsvgc2026regmbbo3","rating":1181,"private":0,"password":null}