{"id":"gen9championsvgc2026regmbbo3-2674453370","format":"[Gen 9 Champions] VGC 2026 Reg M-B (Bo3)","players":["Ceuta","Jorge Saltamontes"],"log":"|j|☆Ceuta\n|j|☆Jorge Saltamontes\n|html|<table width=\"100%\"><tr><td align=\"left\">Ceuta</td><td align=\"right\">Jorge Saltamontes</tr><tr><td align=\"left\"><i class=\"fa fa-circle\"></i> <i class=\"fa fa-circle-o\"></i> </td><td align=\"right\"><i class=\"fa fa-circle-o\"></i> <i class=\"fa fa-circle\"></i> </tr></table>\n|uhtml|bestof|<h2><strong>Game 3</strong> of <a href=\"/game-bestof3-gen9championsvgc2026regmbbo3-2674447817\">a best-of-3</a></h2>\n|t:|1788361638\n|gametype|doubles\n|player|p1|Ceuta|lebanne|\n|player|p2|Jorge Saltamontes|marshal|\n|gen|9\n|tier|[Gen 9 Champions] VGC 2026 Reg M-B (Bo3)\n|rule|Species Clause: Limit one of each Pokémon\n|rule|Item Clause: Limit 1 of each item\n|clearpoke\n|poke|p1|Incineroar, L50, M|\n|poke|p1|Maushold-Four, L50|\n|poke|p1|Sinistcha, L50|\n|poke|p1|Kingambit, L50, M|\n|poke|p1|Floette-Eternal, L50, F|\n|poke|p1|Delphox, L50, F|\n|poke|p2|Charizard, L50, M|\n|poke|p2|Garchomp, L50, F|\n|poke|p2|Incineroar, L50, M|\n|poke|p2|Venusaur, L50, F|\n|poke|p2|Toxapex, L50, F|\n|poke|p2|Sylveon, L50, M|\n|teampreview|4\n|showteam|p1|Incineroar||SitrusBerry|Intimidate|FakeOut,FlareBlitz,DarkestLariat,PartingShot|Careful||M|||50|]Maushold-Four||FocusSash|FriendGuard|FollowMe,SuperFang,Feint,Protect|Jolly|||||50|]Sinistcha||OccaBerry|Hospitality|MatchaGotcha,LifeDew,RagePowder,Protect|Relaxed|||||50|]Kingambit||LifeOrb|Defiant|KowtowCleave,SuckerPunch,SwordsDance,Protect|Adamant||M|||50|]Floette-Eternal||Floettite|FlowerVeil|Moonblast,DazzlingGleam,CalmMind,Protect|Modest||F|||50|]Delphox||Delphoxite|Blaze|Psychic,HeatWave,NastyPlot,Protect|Timid||F|||50|\n|showteam|p2|Charizard||CharizarditeY|Blaze|WeatherBall,HeatWave,AncientPower,Protect|Modest||M|||50|]Garchomp||ChoiceScarf|RoughSkin|RockSlide,DragonClaw,Earthquake,StompingTantrum|Adamant||F|||50|]Incineroar||SitrusBerry|Intimidate|FlareBlitz,FakeOut,Protect,PartingShot|Impish||M|||50|]Venusaur||FocusSash|Chlorophyll|SludgeBomb,SleepPowder,EarthPower,Protect|Modest||F|||50|]Toxapex||Leftovers|Regenerator|Infestation,Toxic,WideGuard,BanefulBunker|Bold||F|||50|]Sylveon||FairyFeather|Pixilate|HyperVoice,QuickAttack,Yawn,Detect|Modest||M|||50|\n|\n|t:|1788361689\n|teamsize|p1|4\n|teamsize|p2|4\n|start\n|switch|p1a: Incineroar|Incineroar, L50, M|100/100\n|switch|p1b: Delphox|Delphox, L50, F|100/100\n|switch|p2a: Charizard|Charizard, L50, M|100/100\n|switch|p2b: Venusaur|Venusaur, L50, F|100/100\n|-ability|p1a: Incineroar|Intimidate|boost\n|-unboost|p2a: Charizard|atk|1\n|-unboost|p2b: Venusaur|atk|1\n|turn|1\n|\n|t:|1788361708\n|detailschange|p1b: Delphox|Delphox-Mega, L50, F\n|-mega|p1b: Delphox|Delphox|Delphoxite\n|move|p2a: Charizard|Protect|p2a: Charizard\n|-singleturn|p2a: Charizard|Protect\n|move|p2b: Venusaur|Protect|p2b: Venusaur\n|-singleturn|p2b: Venusaur|Protect\n|move|p1a: Incineroar|Fake Out|p2a: Charizard\n|-activate|p2a: Charizard|move: Protect\n|move|p1b: Delphox|Nasty Plot|p1b: Delphox\n|-boost|p1b: Delphox|spa|2\n|\n|upkeep\n|turn|2\n|\n|t:|1788361723\n|detailschange|p2a: Charizard|Charizard-Mega-Y, L50, M\n|-mega|p2a: Charizard|Charizard|Charizardite Y\n|-weather|SunnyDay|[from] ability: Drought|[of] p2a: Charizard\n|move|p1b: Delphox|Protect|p1b: Delphox\n|-singleturn|p1b: Delphox|Protect\n|move|p2b: Venusaur|Sleep Powder|p1a: Incineroar\n|-status|p1a: Incineroar|slp|[from] move: Sleep Powder\n|move|p2a: Charizard|Ancient Power|p1b: Delphox\n|-activate|p1b: Delphox|move: Protect\n|cant|p1a: Incineroar|slp\n|\n|-weather|SunnyDay|[upkeep]\n|upkeep\n|turn|3\n|\n|t:|1788361735\n|move|p2b: Venusaur|Sleep Powder|p1b: Delphox|[miss]\n|-miss|p2b: Venusaur|p1b: Delphox\n|move|p1b: Delphox|Psychic|p2a: Charizard\n|-damage|p2a: Charizard|9/100\n|move|p2a: Charizard|Ancient Power|p1b: Delphox\n|-supereffective|p1b: Delphox|1\n|-crit|p1b: Delphox\n|-damage|p1b: Delphox|34/100\n|cant|p1a: Incineroar|slp\n|\n|-weather|SunnyDay|[upkeep]\n|upkeep\n|turn|4\n|\n|t:|1788361753\n|switch|p2a: Incineroar|Incineroar, L50, M|100/100\n|-ability|p2a: Incineroar|Intimidate|boost\n|-unboost|p1a: Incineroar|atk|1\n|-unboost|p1b: Delphox|atk|1\n|move|p1b: Delphox|Protect|p1b: Delphox\n|-singleturn|p1b: Delphox|Protect\n|move|p2b: Venusaur|Sleep Powder|p1b: Delphox\n|-activate|p1b: Delphox|move: Protect\n|-curestatus|p1a: Incineroar|slp|[msg]\n|move|p1a: Incineroar|Flare Blitz|p2b: Venusaur\n|-supereffective|p2b: Venusaur|1\n|-enditem|p2b: Venusaur|Focus Sash\n|-damage|p2b: Venusaur|1/100\n|-damage|p1a: Incineroar|74/100|[from] Recoil\n|\n|-weather|SunnyDay|[upkeep]\n|upkeep\n|turn|5\n|\n|t:|1788361790\n|switch|p1a: Maushold|Maushold-Four, L50|100/100\n|move|p1b: Delphox|Protect||[still]\n|-fail|p1b: Delphox\n|move|p2a: Incineroar|Fake Out|p1a: Maushold\n|-damage|p1a: Maushold|85/100\n|move|p2b: Venusaur|Sleep Powder|p1b: Delphox\n|-status|p1b: Delphox|slp|[from] move: Sleep Powder\n|\n|-weather|SunnyDay|[upkeep]\n|upkeep\n|turn|6\n|\n|t:|1788361808\n|switch|p2b: Garchomp|Garchomp, L50, F|100/100\n|move|p1a: Maushold|Feint|p2b: Garchomp\n|-damage|p2b: Garchomp|91/100\n|cant|p1b: Delphox|slp\n|move|p2a: Incineroar|Flare Blitz|p1b: Delphox\n|-resisted|p1b: Delphox|1\n|-damage|p1b: Delphox|2/100 slp\n|-damage|p2a: Incineroar|91/100|[from] Recoil\n|\n|-weather|none\n|upkeep\n|turn|7\n|\n|t:|1788361821\n|switch|p1a: Sinistcha|Sinistcha, L50|100/100\n|-heal|p1b: Delphox|27/100 slp|[from] ability: Hospitality|[of] p1a: Sinistcha\n|-curestatus|p1b: Delphox|slp|[msg]\n|move|p1b: Delphox|Protect|p1b: Delphox\n|-singleturn|p1b: Delphox|Protect\n|move|p2b: Garchomp|Rock Slide|p1b: Delphox|[spread] \n|-activate|p1b: Delphox|move: Protect\n|-miss|p2b: Garchomp|p1a: Sinistcha\n|move|p2a: Incineroar|Flare Blitz|p1a: Sinistcha\n|-supereffective|p1a: Sinistcha|1\n|-enditem|p1a: Sinistcha|Occa Berry|[eat]\n|-enditem|p1a: Sinistcha|Occa Berry|[weaken]\n|-damage|p1a: Sinistcha|65/100\n|-damage|p2a: Incineroar|81/100|[from] Recoil\n|\n|upkeep\n|turn|8\n|\n|t:|1788361835\n|switch|p1a: Incineroar|Incineroar, L50, M|74/100\n|-ability|p1a: Incineroar|Intimidate|boost\n|-unboost|p2a: Incineroar|atk|1\n|-unboost|p2b: Garchomp|atk|1\n|move|p2b: Garchomp|Rock Slide|p1b: Delphox|[spread] p1a,p1b\n|-supereffective|p1a: Incineroar|1\n|-supereffective|p1b: Delphox|1\n|-damage|p1a: Incineroar|47/100\n|-damage|p1b: Delphox|0 fnt\n|-enditem|p1a: Incineroar|Sitrus Berry|[eat]\n|-heal|p1a: Incineroar|71/100|[from] item: Sitrus Berry\n|faint|p1b: Delphox\n|move|p2a: Incineroar|Flare Blitz|p1a: Incineroar\n|-resisted|p1a: Incineroar|1\n|-damage|p1a: Incineroar|58/100\n|-damage|p2a: Incineroar|77/100|[from] Recoil\n|\n|upkeep\n|\n|t:|1788361841\n|switch|p1b: Sinistcha|Sinistcha, L50|65/100\n|-heal|p1a: Incineroar|83/100|[from] ability: Hospitality|[of] p1b: Sinistcha\n|turn|9\n|\n|t:|1788361857\n|switch|p2b: Venusaur|Venusaur, L50, F|1/100\n|move|p2a: Incineroar|Flare Blitz|p1b: Sinistcha\n|-supereffective|p1b: Sinistcha|1\n|-damage|p1b: Sinistcha|15/100\n|-damage|p2a: Incineroar|62/100|[from] Recoil\n|move|p1b: Sinistcha|Matcha Gotcha|p2b: Venusaur|[spread] p2a,p2b\n|-resisted|p2a: Incineroar|1\n|-resisted|p2b: Venusaur|2\n|-damage|p2a: Incineroar|51/100\n|-heal|p1b: Sinistcha|21/100|[from] drain|[of] p2a: Incineroar\n|-damage|p2b: Venusaur|0 fnt\n|-heal|p1b: Sinistcha|21/100|[from] drain|[of] p2b: Venusaur\n|faint|p2b: Venusaur\n|move|p1a: Incineroar|Parting Shot|p2a: Incineroar\n|-unboost|p2a: Incineroar|atk|1\n|-unboost|p2a: Incineroar|spa|1\n|\n|t:|1788361865\n|switch|p1a: Maushold|Maushold-Four, L50|85/100|[from] Parting Shot\n|\n|upkeep\n|\n|t:|1788361875\n|switch|p2b: Garchomp|Garchomp, L50, F|91/100\n|turn|10\n|\n|t:|1788361883\n|switch|p1a: Incineroar|Incineroar, L50, M|83/100\n|-ability|p1a: Incineroar|Intimidate|boost\n|-unboost|p2a: Incineroar|atk|1\n|-unboost|p2b: Garchomp|atk|1\n|switch|p2a: Charizard|Charizard-Mega-Y, L50, M|9/100\n|-weather|SunnyDay|[from] ability: Drought|[of] p2a: Charizard\n|move|p1b: Sinistcha|Protect|p1b: Sinistcha\n|-singleturn|p1b: Sinistcha|Protect\n|move|p2b: Garchomp|Earthquake|p1a: Incineroar|[spread] p1a\n|-activate|p1b: Sinistcha|move: Protect\n|-immune|p2a: Charizard\n|-supereffective|p1a: Incineroar|1\n|-damage|p1a: Incineroar|34/100\n|\n|-weather|SunnyDay|[upkeep]\n|upkeep\n|turn|11\n|\n|t:|1788361899\n|move|p1a: Incineroar|Fake Out|p2a: Charizard\n|-damage|p2a: Charizard|0 fnt\n|faint|p2a: Charizard\n|move|p2b: Garchomp|Earthquake|p1b: Sinistcha|[spread] p1a,p1b\n|-supereffective|p1a: Incineroar|1\n|-resisted|p1b: Sinistcha|1\n|-damage|p1a: Incineroar|0 fnt\n|-damage|p1b: Sinistcha|11/100\n|faint|p1a: Incineroar\n|move|p1b: Sinistcha|Life Dew|p1b: Sinistcha\n|-heal|p1b: Sinistcha|36/100\n|\n|-weather|SunnyDay|[upkeep]\n|upkeep\n|\n|t:|1788361904\n|switch|p2a: Incineroar|Incineroar, L50, M|51/100\n|switch|p1a: Maushold|Maushold-Four, L50|85/100\n|-ability|p2a: Incineroar|Intimidate|boost\n|-unboost|p1a: Maushold|atk|1\n|-unboost|p1b: Sinistcha|atk|1\n|turn|12\n|\n|t:|1788361921\n|move|p1a: Maushold|Protect|p1a: Maushold\n|-singleturn|p1a: Maushold|Protect\n|move|p1b: Sinistcha|Protect|p1b: Sinistcha\n|-singleturn|p1b: Sinistcha|Protect\n|move|p2b: Garchomp|Earthquake|p1b: Sinistcha|[spread] p2a\n|-activate|p1a: Maushold|move: Protect\n|-activate|p1b: Sinistcha|move: Protect\n|-supereffective|p2a: Incineroar|1\n|-damage|p2a: Incineroar|11/100\n|-enditem|p2a: Incineroar|Sitrus Berry|[eat]\n|-heal|p2a: Incineroar|36/100|[from] item: Sitrus Berry\n|move|p2a: Incineroar|Flare Blitz|p1b: Sinistcha\n|-activate|p1b: Sinistcha|move: Protect\n|\n|-weather|SunnyDay|[upkeep]\n|upkeep\n|turn|13\n|\n|t:|1788361931\n|move|p1a: Maushold|Follow Me|p1a: Maushold\n|-singleturn|p1a: Maushold|move: Follow Me\n|move|p2b: Garchomp|Earthquake|p1a: Maushold|[spread] p2a,p1a,p1b\n|-supereffective|p2a: Incineroar|1\n|-resisted|p1b: Sinistcha|1\n|-damage|p2a: Incineroar|0 fnt\n|-damage|p1a: Maushold|50/100g\n|-damage|p1b: Sinistcha|27/100\n|faint|p2a: Incineroar\n|move|p1b: Sinistcha|Matcha Gotcha|p2b: Garchomp\n|-damage|p2b: Garchomp|56/100\n|-heal|p1b: Sinistcha|45/100|[from] drain|[of] p2b: Garchomp\n|-status|p2b: Garchomp|brn\n|\n|-weather|SunnyDay|[upkeep]\n|-damage|p2b: Garchomp|50/100g brn|[from] brn\n|upkeep\n|turn|14\n|\n|t:|1788361942\n|move|p2b: Garchomp|Earthquake|p1b: Sinistcha|[spread] p1a,p1b\n|-resisted|p1b: Sinistcha|1\n|-damage|p1a: Maushold|32/100\n|-damage|p1b: Sinistcha|41/100\n|move|p1a: Maushold|Super Fang|p2b: Garchomp|[miss]\n|-miss|p1a: Maushold|p2b: Garchomp\n|move|p1b: Sinistcha|Matcha Gotcha|p2b: Garchomp\n|-damage|p2b: Garchomp|14/100 brn\n|-heal|p1b: Sinistcha|60/100|[from] drain|[of] p2b: Garchomp\n|\n|-weather|none\n|-damage|p2b: Garchomp|8/100 brn|[from] brn\n|upkeep\n|turn|15\n|\n|t:|1788361948\n|move|p1b: Sinistcha|Protect|p1b: Sinistcha\n|-singleturn|p1b: Sinistcha|Protect\n|move|p1a: Maushold|Feint|p2b: Garchomp\n|-damage|p2b: Garchomp|1/100 brn\n|move|p2b: Garchomp|Earthquake|p1a: Maushold|[spread] p1a\n|-activate|p1b: Sinistcha|move: Protect\n|-damage|p1a: Maushold|16/100\n|\n|-damage|p2b: Garchomp|0 fnt|[from] brn\n|faint|p2b: Garchomp\n|\n|win|Ceuta\n","uploadtime":1788361643,"views":"0","formatid":"gen9championsvgc2026regmbbo3","rating":null,"private":0,"password":null}