{"id":"gen9championsvgc2026regmb-2674783038","format":"[Gen 9 Champions] VGC 2026 Reg M-B","players":["Bodiodome","ToastMaker"],"log":"|j|☆Bodiodome\n|j|☆ToastMaker\n|html|<table width=\"100%\"><tr><td align=\"left\">Bodiodome</td><td align=\"right\">ToastMaker</tr><tr><td align=\"left\"><i class=\"fa fa-circle-o\"></i> <i class=\"fa fa-circle-o\"></i> </td><td align=\"right\"><i class=\"fa fa-circle-o\"></i> <i class=\"fa fa-circle-o\"></i> </tr></table>\n|uhtml|bestof|<h2><strong>Game 1</strong> of <a href=\"/game-bestof3-gen9championsvgc2026regmb-2674783037\">a best-of-3</a></h2>\n|t:|1788405914\n|gametype|doubles\n|player|p1|Bodiodome|riley|\n|player|p2|ToastMaker|birdkeeper|\n|gen|9\n|tier|[Gen 9 Champions] VGC 2026 Reg M-B\n|rule|Species Clause: Limit one of each Pokémon\n|rule|Item Clause: Limit 1 of each item\n|raw|<div class=\"infobox\"><details class=\"readmore\" open><summary><strong>1 custom rule:</strong></summary> Best of = 3</details></div>\n|clearpoke\n|poke|p1|Delphox, L50, F|\n|poke|p1|Floette-Eternal, L50, F|\n|poke|p1|Meowstic, L50, M|\n|poke|p1|Dragonite, L50, F|\n|poke|p1|Vivillon, L50, F|\n|poke|p1|Annihilape, L50, M|\n|poke|p2|Talonflame, L50, M, shiny|\n|poke|p2|Skarmory, L50, M|\n|poke|p2|Araquanid, L50, F|\n|poke|p2|Empoleon, L50, M, shiny|\n|poke|p2|Whimsicott, L50, F|\n|poke|p2|Staraptor, L50, M|\n|teampreview|4\nBodiodome rejected open team sheets.\n|\n|t:|1788405962\n|teamsize|p1|4\n|teamsize|p2|4\n|start\n|switch|p1a: Ralsei|Delphox, L50, F|100/100\n|switch|p1b: Mew Mew|Meowstic, L50, M|100/100\n|switch|p2a: 🐦🆙's best friend|Whimsicott, L50, F|100/100\n|switch|p2b: 🐦🆙|Staraptor, L50, M|100/100\n|-ability|p2b: 🐦🆙|Intimidate|boost\n|-unboost|p1a: Ralsei|atk|1\n|-unboost|p1b: Mew Mew|atk|1\n|turn|1\n|\n|t:|1788406052\n|detailschange|p1a: Ralsei|Delphox-Mega, L50, F\n|-mega|p1a: Ralsei|Delphox|Delphoxite\n|detailschange|p2b: 🐦🆙|Staraptor-Mega, L50, M\n|-mega|p2b: 🐦🆙|Staraptor|Staraptite\n|move|p1b: Mew Mew|Fake Out|p2a: 🐦🆙's best friend\n|-damage|p2a: 🐦🆙's best friend|94/100\n|cant|p2a: 🐦🆙's best friend|flinch\n|move|p1a: Ralsei|Psychic|p2b: 🐦🆙\n|-supereffective|p2b: 🐦🆙|1\n|-damage|p2b: 🐦🆙|0 fnt\n|faint|p2b: 🐦🆙\n|\n|upkeep\n|\n|t:|1788406086\n|switch|p2b: Curaçao|Empoleon, L50, M, shiny|100/100\n|turn|2\n|\n|t:|1788406098\n|move|p2a: 🐦🆙's best friend|Protect|p2a: 🐦🆙's best friend\n|-singleturn|p2a: 🐦🆙's best friend|Protect\n|move|p1b: Mew Mew|Sunny Day|p1b: Mew Mew\n|-weather|SunnyDay\n|move|p1a: Ralsei|Flamethrower|p2b: Curaçao\n|-damage|p2b: Curaçao|32/100\n|move|p2b: Curaçao|Surf|p1b: Mew Mew|[spread] p1a,p1b\n|-activate|p2a: 🐦🆙's best friend|move: Protect\n|-supereffective|p1a: Ralsei|1\n|-damage|p1a: Ralsei|60/100\n|-damage|p1b: Mew Mew|76/100\n|\n|-weather|SunnyDay|[upkeep]\n|upkeep\n|turn|3\n|\n|t:|1788406120\n|move|p2a: 🐦🆙's best friend|Tailwind|p2a: 🐦🆙's best friend\n|-sidestart|p2: ToastMaker|move: Tailwind\n|move|p1a: Ralsei|Flamethrower|p2a: 🐦🆙's best friend\n|-supereffective|p2a: 🐦🆙's best friend|1\n|-damage|p2a: 🐦🆙's best friend|0 fnt\n|faint|p2a: 🐦🆙's best friend\n|move|p2b: Curaçao|Hydro Pump|p1a: Ralsei\n|-supereffective|p1a: Ralsei|1\n|-damage|p1a: Ralsei|0 fnt\n|faint|p1a: Ralsei\n|move|p1b: Mew Mew|Thunderbolt|p2b: Curaçao\n|-supereffective|p2b: Curaçao|1\n|-damage|p2b: Curaçao|1/100\n|\n|-weather|SunnyDay|[upkeep]\n|upkeep\n|\n|t:|1788406133\n|switch|p2a: Fruit Gusher|Araquanid, L50, F|100/100\n|switch|p1a: Dead Child|Annihilape, L50, M|100/100\n|turn|4\n|\n|t:|1788406155\n|move|p2b: Curaçao|Hydro Pump|p1a: Dead Child\n|-damage|p1a: Dead Child|64/100\n|move|p1b: Mew Mew|Thunderbolt|p2a: Fruit Gusher\n|-supereffective|p2a: Fruit Gusher|1\n|-damage|p2a: Fruit Gusher|70/100\n|move|p1a: Dead Child|Rage Fist|p2b: Curaçao\n|-damage|p2b: Curaçao|0 fnt\n|faint|p2b: Curaçao\n|move|p2a: Fruit Gusher|Entrainment|p2: Curaçao|[notarget]\n|-fail|p2a: Fruit Gusher\n|\n|-weather|SunnyDay|[upkeep]\n|upkeep\n|turn|5\n|\n|t:|1788406174\n|move|p1b: Mew Mew|Thunderbolt|p2a: Fruit Gusher\n|-supereffective|p2a: Fruit Gusher|1\n|-damage|p2a: Fruit Gusher|40/100\n|-status|p2a: Fruit Gusher|par\n|-enditem|p2a: Fruit Gusher|Sitrus Berry|[eat]\n|-heal|p2a: Fruit Gusher|65/100 par|[from] item: Sitrus Berry\n|move|p1a: Dead Child|Rage Fist|p2a: Fruit Gusher\n|-damage|p2a: Fruit Gusher|15/100 par\n|move|p2a: Fruit Gusher|Icy Wind|p1b: Mew Mew|[spread] p1a,p1b\n|-damage|p1a: Dead Child|57/100\n|-damage|p1b: Mew Mew|70/100\n|-unboost|p1a: Dead Child|spe|1\n|-ability|p1a: Dead Child|Defiant|boost\n|-boost|p1a: Dead Child|atk|2\n|-unboost|p1b: Mew Mew|spe|1\n|\n|-weather|SunnyDay|[upkeep]\n|upkeep\n|turn|6\n|\n|t:|1788406191\n|move|p1b: Mew Mew|Thunderbolt|p2a: Fruit Gusher\n|-supereffective|p2a: Fruit Gusher|1\n|-damage|p2a: Fruit Gusher|0 fnt\n|faint|p2a: Fruit Gusher\n|\n|win|Bodiodome\n||Bodiodome is ready for game 2.\n|inactive|ToastMaker has 30 seconds to confirm battle start!\n||ToastMaker is ready for game 2.\n|uhtml|next|Next: <a href=\"/battle-gen9championsvgc2026regmb-2674784474\"><strong>Game 2 of 3</strong></a>\n","uploadtime":1788406209,"views":"5","formatid":"gen9championsvgc2026regmb","rating":null,"private":0,"password":null}