{"id":"gen9championsvgc2026regmb-2673999265","format":"[Gen 9 Champions] VGC 2026 Reg M-B","players":["tertryg","Nayumi_VT"],"log":"|j|☆tertryg\n|j|☆Nayumi_VT\n|t:|1788286576\n|gametype|doubles\n|player|p1|tertryg|blue|1199\n|player|p2|Nayumi_VT|dahlia|1230\n|gen|9\n|tier|[Gen 9 Champions] VGC 2026 Reg M-B\n|rated|\n|rule|Species Clause: Limit one of each Pokémon\n|rule|Item Clause: Limit 1 of each item\n|clearpoke\n|poke|p1|Staraptor, L50, M, shiny|\n|poke|p1|Metagross, L50, shiny|\n|poke|p1|Meowstic, L50, M, shiny|\n|poke|p1|Zoroark-Hisui, L50, F, shiny|\n|poke|p1|Tsareena, L50, F, shiny|\n|poke|p1|Armarouge, L50, F, shiny|\n|poke|p2|Charizard, L50, M, shiny|\n|poke|p2|Pelipper, L50, M, shiny|\n|poke|p2|Grimmsnarl, L50, M, shiny|\n|poke|p2|Archaludon, L50, M, shiny|\n|poke|p2|Swampert, L50, F|\n|poke|p2|Venusaur, L50, F|\n|teampreview|4\n|inactive|Battle timer is ON: inactive players will automatically lose when time's up. (requested by tertryg)\ntertryg rejected open team sheets.\n|inactive|Nayumi_VT has 60 seconds left.\n|\n|t:|1788286630\n|teamsize|p1|4\n|teamsize|p2|4\n|start\n|switch|p1a: Staraptor|Staraptor, L50, M, shiny|100/100\n|switch|p1b: Meowstic|Meowstic, L50, M, shiny|100/100\n|switch|p2a: Cals'ionf|Charizard, L50, M, shiny|100/100\n|switch|p2b: Venusaur|Venusaur, L50, F|100/100\n|-ability|p1a: Staraptor|Intimidate|boost\n|-unboost|p2a: Cals'ionf|atk|1\n|-unboost|p2b: Venusaur|atk|1\n|turn|1\n|inactive|Nayumi_VT has 30 seconds left.\n|\n|t:|1788286656\n|detailschange|p2a: Cals'ionf|Charizard-Mega-Y, L50, M, shiny\n|-mega|p2a: Cals'ionf|Charizard|Charizardite Y\n|-weather|SunnyDay|[from] ability: Drought|[of] p2a: Cals'ionf\n|detailschange|p1a: Staraptor|Staraptor-Mega, L50, M, shiny\n|-mega|p1a: Staraptor|Staraptor|Staraptite\n|move|p1b: Meowstic|Light Screen|p1b: Meowstic\n|-sidestart|p1: tertryg|move: Light Screen\n|move|p2b: Venusaur|Sludge Bomb|p1a: Staraptor\n|-damage|p1a: Staraptor|76/100\n|move|p2a: Cals'ionf|Heat Wave|p1a: Staraptor|[spread] p1a,p1b\n|-damage|p1a: Staraptor|43/100\n|-damage|p1b: Meowstic|51/100\n|-status|p1a: Staraptor|brn\n|move|p1a: Staraptor|Brave Bird|p2b: Venusaur\n|-supereffective|p2b: Venusaur|1\n|-damage|p2b: Venusaur|25/100\n|-damage|p1a: Staraptor|22/100 brn|[from] Recoil\n|\n|-weather|SunnyDay|[upkeep]\n|-damage|p1a: Staraptor|16/100 brn|[from] brn\n|upkeep\n|turn|2\n|\n|t:|1788286680\n|move|p2b: Venusaur|Protect|p2b: Venusaur\n|-singleturn|p2b: Venusaur|Protect\n|move|p2a: Cals'ionf|Heat Wave|p1b: Meowstic|[spread] p1a,p1b\n|-damage|p1a: Staraptor|0 fnt\n|-damage|p1b: Meowstic|2/100\n|faint|p1a: Staraptor\n|move|p1b: Meowstic|Psychic|p2b: Venusaur\n|-activate|p2b: Venusaur|move: Protect\n|\n|-weather|SunnyDay|[upkeep]\n|upkeep\n|inactive|tertryg has 30 seconds left.\n|\n|t:|1788286706\n|switch|p1a: Armarouge|Armarouge, L50, F, shiny|100/100\n|turn|3\n|\n|t:|1788286721\n|move|p1b: Meowstic|Reflect|p1b: Meowstic\n|-sidestart|p1: tertryg|Reflect\n|move|p2b: Venusaur|Earth Power|p1a: Armarouge\n|-supereffective|p1a: Armarouge|1\n|-enditem|p1a: Armarouge|Shuca Berry|[eat]\n|-enditem|p1a: Armarouge|Shuca Berry|[weaken]\n|-damage|p1a: Armarouge|79/100\n|move|p2a: Cals'ionf|Heat Wave|p1b: Meowstic|[spread] p1b\n|-start|p1a: Armarouge|ability: Flash Fire\n|-damage|p1b: Meowstic|0 fnt\n|faint|p1b: Meowstic\n|move|p1a: Armarouge|Trick Room|p1a: Armarouge\n|-fieldstart|move: Trick Room|[of] p1a: Armarouge\n|\n|-weather|SunnyDay|[upkeep]\n|upkeep\n|\n|t:|1788286731\n|switch|p1b: Tsareena|Tsareena, L50, F, shiny|100/100\n|turn|4\n|\n|t:|1788286738\n|move|p1b: Tsareena|Protect|p1b: Tsareena\n|-singleturn|p1b: Tsareena|Protect\n|move|p2a: Cals'ionf|Protect|p2a: Cals'ionf\n|-singleturn|p2a: Cals'ionf|Protect\n|move|p2b: Venusaur|Protect|p2b: Venusaur\n|-singleturn|p2b: Venusaur|Protect\n|move|p1a: Armarouge|Psychic|p2b: Venusaur\n|-activate|p2b: Venusaur|move: Protect\n|\n|-weather|SunnyDay|[upkeep]\n|upkeep\n|turn|5\n|inactive|Nayumi_VT has 30 seconds left.\n|\n|t:|1788286768\n|move|p1a: Armarouge|Armor Cannon|p2a: Cals'ionf\n|-resisted|p2a: Cals'ionf|1\n|-damage|p2a: Cals'ionf|35/100\n|-unboost|p1a: Armarouge|def|1\n|-unboost|p1a: Armarouge|spd|1\n|move|p1b: Tsareena|Triple Axel|p2b: Venusaur\n|-supereffective|p2b: Venusaur|1\n|-damage|p2b: Venusaur|6/100\n|-supereffective|p2b: Venusaur|1\n|-damage|p2b: Venusaur|0 fnt\n|faint|p2b: Venusaur\n|-hitcount|p2: Venusaur|2\n|move|p2a: Cals'ionf|Weather Ball|p1b: Tsareena\n|-supereffective|p1b: Tsareena|1\n|-enditem|p1b: Tsareena|Occa Berry|[eat]\n|-enditem|p1b: Tsareena|Occa Berry|[weaken]\n|-damage|p1b: Tsareena|26/100\n|\n|-weather|none\n|upkeep\n|\n|t:|1788286785\n|switch|p2b: Archaludon|Archaludon, L50, M, shiny|100/100\n|turn|6\n|inactive|Nayumi_VT has 30 seconds left.\n|inactive|Nayumi_VT has 20 seconds left.\n|\n|t:|1788286825\n|switch|p2a: Pelipper|Pelipper, L50, M, shiny|100/100\n|-weather|RainDance|[from] ability: Drizzle|[of] p2a: Pelipper\n|move|p1a: Armarouge|Armor Cannon|p2b: Archaludon\n|-damage|p2b: Archaludon|56/100\n|-unboost|p1a: Armarouge|def|1\n|-unboost|p1a: Armarouge|spd|1\n|-ability|p2b: Archaludon|Stamina|boost\n|-boost|p2b: Archaludon|def|1\n|move|p2b: Archaludon|Electro Shot||[still]\n|-prepare|p2b: Archaludon|Electro Shot\n|-boost|p2b: Archaludon|spa|1\n|-anim|p2b: Archaludon|Electro Shot|p1a: Armarouge\n|-damage|p1a: Armarouge|0 fnt\n|faint|p1a: Armarouge\n|move|p1b: Tsareena|Triple Axel|p2a: Pelipper\n|-damage|p2a: Pelipper|93/100\n|-damage|p2a: Pelipper|80/100\n|-damage|p2a: Pelipper|60/100\n|-hitcount|p2a: Pelipper|3\n|\n|-weather|RainDance|[upkeep]\n|upkeep\n|turn|7\n|inactive|Nayumi_VT has 30 seconds left.\n|\n|t:|1788286857\n|move|p2a: Pelipper|Hurricane|p1b: Tsareena\n|-supereffective|p1b: Tsareena|1\n|-damage|p1b: Tsareena|0 fnt\n|faint|p1b: Tsareena\n|\n|win|Nayumi_VT\n|raw|tertryg's rating: 1199 &rarr; <strong>1176</strong><br />(-23 for losing)\n|raw|Nayumi_VT's rating: 1230 &rarr; <strong>1253</strong><br />(+23 for winning)\n|l|☆tertryg\n|player|p1|\n","uploadtime":1788286862,"views":"12","formatid":"gen9championsvgc2026regmb","rating":1176,"private":0,"password":null}