{"id":"gen9championsvgc2026regmbbo3-2673639509","format":"[Gen 9 Champions] VGC 2026 Reg M-B (Bo3)","players":["Miztah Monstur","bernardomgj"],"log":"|j|☆Miztah Monstur\n|j|☆bernardomgj\n|html|<table width=\"100%\"><tr><td align=\"left\">Miztah Monstur</td><td align=\"right\">bernardomgj</tr><tr><td align=\"left\"><i class=\"fa fa-circle-o\"></i> <i class=\"fa fa-circle-o\"></i> </td><td align=\"right\"><i class=\"fa fa-circle-o\"></i> <i class=\"fa fa-circle-o\"></i> </tr></table>\n|uhtml|bestof|<h2><strong>Game 1</strong> of <a href=\"/game-bestof3-gen9championsvgc2026regmbbo3-2673639508\">a best-of-3</a></h2>\n|t:|1788225445\n|gametype|doubles\n|player|p1|Miztah Monstur|morty|1069\n|player|p2|bernardomgj|169|1108\n|gen|9\n|tier|[Gen 9 Champions] VGC 2026 Reg M-B (Bo3)\n|rated|\n|rule|Species Clause: Limit one of each Pokémon\n|rule|Item Clause: Limit 1 of each item\n|clearpoke\n|poke|p1|Banette, L50, F|\n|poke|p1|Annihilape, L50, M|\n|poke|p1|Skeledirge, L50, M|\n|poke|p1|Basculegion, L50, M, shiny|\n|poke|p1|Zoroark-Hisui, L50, M, shiny|\n|poke|p1|Dragapult, L50, M|\n|poke|p2|Gallade, L50, M, shiny|\n|poke|p2|Maushold, L50|\n|poke|p2|Raichu, L50, M|\n|poke|p2|Weavile, L50, M|\n|poke|p2|Empoleon, L50, F, shiny|\n|poke|p2|Grimmsnarl, L50, M, shiny|\n|teampreview|4\n|showteam|p1|Banette||Banettite|CursedBody|Poltergeist,SkitterSmack,DestinyBond,Taunt|Adamant||F|||50|]Annihilape||SitrusBerry|Defiant|RageFist,DrainPunch,RockSlide,Protect|Jolly||M|||50|]Skeledirge||ShucaBerry|Unaware|TorchSong,EarthPower,AlluringVoice,Protect|Bold||M|||50|]Basculegion||MysticWater|Adaptability|AquaJet,WaveCrash,LastRespects,Protect|Adamant||M|||50|]Zoroark-Hisui||FocusSash|Illusion|BitterMalice,FocusBlast,SludgeBomb,IcyWind|Timid||M|||50|]Dragapult||DragonFang|ClearBody|DragonDarts,PhantomForce,ThunderWave,Protect|Jolly||M|||50|\n|showteam|p2|Gallade||Galladite|Justified|DrainPunch,RockSlide,ShadowSneak,Protect|Jolly||M|||50|]Maushold||FocusSash|FriendGuard|BeatUp,FollowMe,SuperFang,Protect|Bold|||||50|]Raichu||RaichuniteY|LightningRod|FocusBlast,ZapCannon,Feint,FakeOut|Timid||M|||50|]Weavile||WideLens|Pressure|TripleAxel,KnockOff,FakeOut,LowKick|Jolly||M|||50|]Empoleon||Leftovers|Competitive|HydroPump,FlashCannon,IceBeam,Protect|Bold||F|||50|]Grimmsnarl||LightClay|Prankster|SpiritBreak,LightScreen,Reflect,PartingShot|Careful||M|||50|\n|inactive|Battle timer is ON: inactive players will automatically lose when time's up. (requested by Miztah Monstur)\n|\n|t:|1788225471\n|teamsize|p1|4\n|teamsize|p2|4\n|start\n|switch|p1a: Banette|Banette, L50, F|100/100\n|switch|p1b: Dragapult|Dragapult, L50, M|100/100\n|switch|p2a: Grimmsnarl|Grimmsnarl, L50, M, shiny|100/100\n|switch|p2b: Weavile|Weavile, L50, M|100/100\n|-ability|p2b: Weavile|Pressure\n|turn|1\n|\n|t:|1788225489\n|detailschange|p1a: Banette|Banette-Mega, L50, F\n|-mega|p1a: Banette|Banette|Banettite\n|move|p2a: Grimmsnarl|Light Screen|p2a: Grimmsnarl\n|-sidestart|p2: bernardomgj|move: Light Screen\n|move|p1b: Dragapult|Thunder Wave|p2b: Weavile\n|-status|p2b: Weavile|par\n|move|p2b: Weavile|Knock Off|p1b: Dragapult\n|-supereffective|p1b: Dragapult|1\n|-damage|p1b: Dragapult|0 fnt\n|-enditem|p1b: Dragapult|Dragon Fang|[from] move: Knock Off|[of] p2b: Weavile\n|faint|p1b: Dragapult\n|move|p1a: Banette|Skitter Smack|p2b: Weavile\n|-supereffective|p2b: Weavile|1\n|-damage|p2b: Weavile|0 fnt\n|faint|p2b: Weavile\n|\n|upkeep\n|\n|t:|1788225505\n|switch|p1b: Skeledirge|Skeledirge, L50, M|100/100\n|switch|p2b: Maushold|Maushold, L50|100/100\n|turn|2\n|\n|t:|1788225516\n|move|p1a: Banette|Taunt|p2b: Maushold\n|-start|p2b: Maushold|move: Taunt\n|move|p2a: Grimmsnarl|Parting Shot|p1a: Banette\n|-unboost|p1a: Banette|atk|1\n|-unboost|p1a: Banette|spa|1\n|\n|t:|1788225522\n|switch|p2a: Gallade|Gallade, L50, M, shiny|100/100|[from] Parting Shot\n|move|p1b: Skeledirge|Icy Wind|p2b: Maushold|[spread] p2a,p2b\n|-damage|p2a: Gallade|93/100\n|-damage|p2b: Maushold|88/100\n|-unboost|p2a: Gallade|spe|1\n|-unboost|p2b: Maushold|spe|1\n|move|p2b: Maushold|Beat Up|p2a: Gallade\n|-crit|p2a: Gallade\n|-damage|p2a: Gallade|88/100\n|-ability|p2a: Gallade|Justified|boost\n|-boost|p2a: Gallade|atk|1\n|-damage|p2a: Gallade|86/100\n|-ability|p2a: Gallade|Justified|boost\n|-boost|p2a: Gallade|atk|1\n|-damage|p2a: Gallade|83/100\n|-ability|p2a: Gallade|Justified|boost\n|-boost|p2a: Gallade|atk|1\n|-hitcount|p2a: Gallade|3\n|\n|upkeep\n|turn|3\n|inactive|bernardomgj has 30 seconds left.\n|\n|t:|1788225548\n|switch|p2b: Grimmsnarl|Grimmsnarl, L50, M, shiny|100/100\n|detailschange|p2a: Gallade|Gallade-Mega, L50, M, shiny\n|-mega|p2a: Gallade|Gallade|Galladite\n|move|p2a: Gallade|Shadow Sneak|p1a: Banette\n|-supereffective|p1a: Banette|1\n|-damage|p1a: Banette|1/100\n|move|p1b: Skeledirge|Bitter Malice|p2a: Gallade\n|-supereffective|p2a: Gallade|1\n|-damage|p2a: Gallade|36/100\n|-unboost|p2a: Gallade|atk|1\n|move|p1a: Banette|Poltergeist|p2a: Gallade\n|-activate|p2a: Gallade|move: Poltergeist|Galladite\n|-supereffective|p2a: Gallade|1\n|-damage|p2a: Gallade|0 fnt\n|faint|p2a: Gallade\n|\n|upkeep\n|\n|t:|1788225567\n|switch|p2a: Maushold|Maushold, L50|88/100\n|turn|4\n|\n|t:|1788225574\n|switch|p1a: Skeledirge|Skeledirge, L50, M|100/100\n|move|p2a: Maushold|Follow Me|p2a: Maushold\n|-singleturn|p2a: Maushold|move: Follow Me\n|move|p1b: Skeledirge|Focus Blast|p2a: Maushold\n|-supereffective|p2a: Maushold|1\n|-damage|p2a: Maushold|24/100\n|-unboost|p2a: Maushold|spd|1\n|move|p2b: Grimmsnarl|Spirit Break|p1a: Skeledirge\n|-resisted|p1a: Skeledirge|1\n|-damage|p1a: Skeledirge|90/100\n|-unboost|p1a: Skeledirge|spa|1\n|\n|upkeep\n|turn|5\n|\n|t:|1788225593\n|move|p2a: Maushold|Protect|p2a: Maushold\n|-singleturn|p2a: Maushold|Protect\n|move|p1b: Skeledirge|Sludge Bomb|p2a: Maushold\n|-activate|p2a: Maushold|move: Protect\n|move|p1a: Skeledirge|Alluring Voice|p2b: Grimmsnarl\n|-supereffective|p2b: Grimmsnarl|1\n|-damage|p2b: Grimmsnarl|87/100\n|move|p2b: Grimmsnarl|Spirit Break|p1b: Skeledirge\n|-damage|p1b: Skeledirge|37/100\n|-unboost|p1b: Skeledirge|spa|1\n|replace|p1b: Zoroark|Zoroark-Hisui, L50, M, shiny\n|-end|p1b: Zoroark|Illusion\n|\n|upkeep\n|turn|6\n|\n|t:|1788225616\n|move|p1b: Zoroark|Focus Blast|p2a: Maushold\n|-supereffective|p2a: Maushold|1\n|-damage|p2a: Maushold|0 fnt\n|faint|p2a: Maushold\n|move|p1a: Skeledirge|Alluring Voice|p2b: Grimmsnarl\n|-supereffective|p2b: Grimmsnarl|1\n|-damage|p2b: Grimmsnarl|71/100\n|move|p2b: Grimmsnarl|Spirit Break|p1b: Zoroark\n|-damage|p1b: Zoroark|0 fnt\n|faint|p1b: Zoroark\n|\n|upkeep\n|\n|t:|1788225626\n|switch|p1b: Banette|Banette-Mega, L50, F|1/100\n|turn|7\n|\n|t:|1788225635\n|move|p2b: Grimmsnarl|Light Screen||[still]\n|-fail|p2b: Grimmsnarl\n|move|p1b: Banette|Skitter Smack|p2b: Grimmsnarl\n|-damage|p2b: Grimmsnarl|36/100\n|-unboost|p2b: Grimmsnarl|spa|1\n|move|p1a: Skeledirge|Alluring Voice|p2b: Grimmsnarl\n|-supereffective|p2b: Grimmsnarl|1\n|-damage|p2b: Grimmsnarl|19/100\n|\n|upkeep\n|turn|8\n|\n|t:|1788225646\n|move|p1b: Banette|Skitter Smack|p2b: Grimmsnarl\n|-damage|p2b: Grimmsnarl|0 fnt\n|faint|p2b: Grimmsnarl\n|\n|win|Miztah Monstur\n||Miztah Monstur is ready for game 2.\n","uploadtime":1788225655,"views":"2","formatid":"gen9championsvgc2026regmbbo3","rating":null,"private":0,"password":null}