{"id":"gen9championsvgc2026regmb-2674908045","format":"[Gen 9 Champions] VGC 2026 Reg M-B","players":["Chanzy202","Thornlace48812"],"log":"|j|☆Chanzy202\n|j|☆Thornlace48812\n|t:|1788433848\n|gametype|doubles\n|player|p1|Chanzy202|swimmer-gen4dp|1206\n|player|p2|Thornlace48812|102|1188\n|gen|9\n|tier|[Gen 9 Champions] VGC 2026 Reg M-B\n|rated|\n|rule|Species Clause: Limit one of each Pokémon\n|rule|Item Clause: Limit 1 of each item\n|clearpoke\n|poke|p1|Blastoise, L50, M|\n|poke|p1|Sylveon, L50, F|\n|poke|p1|Mawile, L50, F|\n|poke|p1|Garchomp, L50, F|\n|poke|p1|Farigiraf, L50, M|\n|poke|p1|Aerodactyl, L50, M|\n|poke|p2|Garchomp, L50, M|\n|poke|p2|Charizard, L50, F|\n|poke|p2|Whimsicott, L50, M|\n|poke|p2|Sylveon, L50, M|\n|poke|p2|Kingambit, L50, M|\n|poke|p2|Basculegion, L50, M|\n|teampreview|4\n|inactive|Battle timer is ON: inactive players will automatically lose when time's up. (requested by Thornlace48812)\nThornlace48812 rejected open team sheets.\n|inactive|Chanzy202 has 60 seconds left.\n|\n|t:|1788433890\n|teamsize|p1|4\n|teamsize|p2|4\n|start\n|switch|p1a: Aerodactyl|Aerodactyl, L50, M|100/100\n|switch|p1b: Blastoise|Blastoise, L50, M|100/100\n|switch|p2a: Whimsicott|Whimsicott, L50, M|100/100\n|switch|p2b: Charizard|Charizard, L50, F|100/100\n|-ability|p1a: Aerodactyl|Unnerve\n|turn|1\n|\n|t:|1788433905\n|detailschange|p2b: Charizard|Charizard-Mega-Y, L50, F\n|-mega|p2b: Charizard|Charizard|Charizardite Y\n|-weather|SunnyDay|[from] ability: Drought|[of] p2b: Charizard\n|detailschange|p1b: Blastoise|Blastoise-Mega, L50, M\n|-mega|p1b: Blastoise|Blastoise|Blastoisinite\n|move|p1b: Blastoise|Fake Out|p2a: Whimsicott\n|-damage|p2a: Whimsicott|86/100\n|cant|p2a: Whimsicott|flinch\n|move|p1a: Aerodactyl|Tailwind|p1a: Aerodactyl\n|-sidestart|p1: Chanzy202|move: Tailwind\n|move|p2b: Charizard|Heat Wave|p1b: Blastoise|[spread] p1a,p1b\n|-resisted|p1a: Aerodactyl|1\n|-resisted|p1b: Blastoise|1\n|-damage|p1a: Aerodactyl|50/100g\n|-damage|p1b: Blastoise|68/100\n|\n|-weather|SunnyDay|[upkeep]\n|upkeep\n|turn|2\n|inactive|Chanzy202 has 30 seconds left.\n|\n|t:|1788433932\n|switch|p1a: Farigiraf|Farigiraf, L50, M|100/100\n|move|p2b: Charizard|Protect|p2b: Charizard\n|-singleturn|p2b: Charizard|Protect\n|move|p2a: Whimsicott|Tailwind|p2a: Whimsicott\n|-sidestart|p2: Thornlace48812|move: Tailwind\n|move|p1b: Blastoise|Dark Pulse|p2b: Charizard\n|-activate|p2b: Charizard|move: Protect\n|\n|-weather|SunnyDay|[upkeep]\n|upkeep\n|turn|3\n|\n|t:|1788433946\n|move|p2a: Whimsicott|Moonblast|p1b: Blastoise\n|-damage|p1b: Blastoise|36/100\n|-unboost|p1b: Blastoise|spa|1\n|move|p2b: Charizard|Heat Wave|p1a: Farigiraf|[spread] p1a,p1b\n|-resisted|p1b: Blastoise|1\n|-damage|p1a: Farigiraf|16/100\n|-damage|p1b: Blastoise|6/100\n|-enditem|p1a: Farigiraf|Sitrus Berry|[eat]\n|-heal|p1a: Farigiraf|41/100|[from] item: Sitrus Berry\n|move|p1b: Blastoise|Dark Pulse|p2b: Charizard\n|-damage|p2b: Charizard|66/100\n|move|p1a: Farigiraf|Trick Room|p1a: Farigiraf\n|-fieldstart|move: Trick Room|[of] p1a: Farigiraf\n|\n|-weather|SunnyDay|[upkeep]\n|upkeep\n|turn|4\n|\n|t:|1788433962\n|move|p2a: Whimsicott|Protect|p2a: Whimsicott\n|-singleturn|p2a: Whimsicott|Protect\n|move|p1a: Farigiraf|Psychic|p2a: Whimsicott\n|-activate|p2a: Whimsicott|move: Protect\n|move|p1b: Blastoise|Dark Pulse|p2b: Charizard\n|-damage|p2b: Charizard|36/100\n|move|p2b: Charizard|Heat Wave|p1b: Blastoise|[spread] p1a,p1b\n|-resisted|p1b: Blastoise|1\n|-damage|p1a: Farigiraf|0 fnt\n|-damage|p1b: Blastoise|0 fnt\n|faint|p1a: Farigiraf\n|faint|p1b: Blastoise\n|\n|-weather|SunnyDay|[upkeep]\n|-sideend|p1: Chanzy202|move: Tailwind\n|upkeep\n|\n|t:|1788433976\n|switch|p1a: Aerodactyl|Aerodactyl, L50, M|50/100g\n|switch|p1b: Sylveon|Sylveon, L50, F|100/100\n|-ability|p1a: Aerodactyl|Unnerve\n|turn|5\n|\n|t:|1788433988\n|move|p1b: Sylveon|Hyper Voice|p2b: Charizard|[spread] p2a,p2b\n|-resisted|p2b: Charizard|1\n|-damage|p2a: Whimsicott|0 fnt\n|-damage|p2b: Charizard|12/100\n|faint|p2a: Whimsicott\n|move|p1a: Aerodactyl|Rock Slide|p2b: Charizard\n|-supereffective|p2b: Charizard|2\n|-damage|p2b: Charizard|0 fnt\n|faint|p2b: Charizard\n|\n|-weather|none\n|-sideend|p2: Thornlace48812|move: Tailwind\n|upkeep\n|\n|t:|1788433988\n|switch|p2b: Basculegion|Basculegion, L50, M|100/100\n|switch|p2a: Sylveon|Sylveon, L50, M|100/100\n|turn|6\n|\n|t:|1788434005\n|move|p2a: Sylveon|Detect|p2a: Sylveon\n|-singleturn|p2a: Sylveon|Protect\n|move|p1a: Aerodactyl|Wide Guard|p1a: Aerodactyl\n|-singleturn|p1a: Aerodactyl|Wide Guard\n|move|p1b: Sylveon|Hyper Voice|p2b: Basculegion|[spread] p2b\n|-activate|p2a: Sylveon|move: Protect\n|-damage|p2b: Basculegion|42/100\n|move|p2b: Basculegion|Last Respects|p1a: Aerodactyl\n|-damage|p1a: Aerodactyl|0 fnt\n|faint|p1a: Aerodactyl\n|\n|upkeep\n|turn|7\n|\n|t:|1788434018\n|move|p2a: Sylveon|Hyper Beam|p1b: Sylveon\n|-damage|p1b: Sylveon|3/100\n|-mustrecharge|p2a: Sylveon\n|move|p1b: Sylveon|Hyper Voice|p2a: Sylveon|[spread] p2a,p2b\n|-damage|p2a: Sylveon|58/100\n|-damage|p2b: Basculegion|0 fnt\n|faint|p2b: Basculegion\n|\n|-fieldend|move: Trick Room\n|upkeep\n|turn|8\n|inactive|Chanzy202 has 30 seconds left.\n|\n|t:|1788434047\n|move|p1b: Sylveon|Moonblast|p2a: Sylveon\n|-damage|p2a: Sylveon|18/100\n|cant|p2a: Sylveon|recharge\n|\n|upkeep\n|turn|9\n|inactive|Chanzy202 has 30 seconds left.\n|inactive|Chanzy202 has 20 seconds left.\n|inactive|Chanzy202 has 15 seconds left.\n|\n|t:|1788434091\n|move|p1b: Sylveon|Moonblast|p2a: Sylveon\n|-damage|p2a: Sylveon|0 fnt\n|faint|p2a: Sylveon\n|\n|win|Chanzy202\n|raw|Chanzy202's rating: 1206 &rarr; <strong>1229</strong><br />(+23 for winning)\n|raw|Thornlace48812's rating: 1175 &rarr; <strong>1152</strong><br />(-23 for losing)\n","uploadtime":1788434091,"views":"1","formatid":"gen9championsvgc2026regmb","rating":1152,"private":0,"password":null}