{"id":"gen9championsvgc2026regmb-2674808898","format":"[Gen 9 Champions] VGC 2026 Reg M-B","players":["froteck","xanderpokemon"],"log":"|j|☆froteck\n|j|☆xanderpokemon\n|t:|1788411039\n|gametype|doubles\n|player|p1|froteck|101|1123\n|player|p2|xanderpokemon|101|1131\n|gen|9\n|tier|[Gen 9 Champions] VGC 2026 Reg M-B\n|rated|\n|rule|Species Clause: Limit one of each Pokémon\n|rule|Item Clause: Limit 1 of each item\n|clearpoke\n|poke|p1|Gengar, L50, F|\n|poke|p1|Raichu, L50, F|\n|poke|p1|Glimmora, L50, F|\n|poke|p1|Sableye, L50, F|\n|poke|p1|Toxapex, L50, M|\n|poke|p1|Zoroark-Hisui, L50, F|\n|poke|p2|Toxapex, L50, M|\n|poke|p2|Gengar, L50, M|\n|poke|p2|Sinistcha-Masterpiece, L50|\n|poke|p2|Hippowdon, L50, F|\n|poke|p2|Rampardos, L50, F|\n|poke|p2|Garganacl, L50, M|\n|teampreview|4\n|inactive|Battle timer is ON: inactive players will automatically lose when time's up. (requested by xanderpokemon)\n|\n|t:|1788411102\n|teamsize|p1|4\n|teamsize|p2|4\n|start\n|switch|p1a: Gengar|Gengar, L50, F|100/100\n|switch|p1b: Toxapex|Toxapex, L50, M|100/100\n|switch|p2a: Sinistcha|Sinistcha-Masterpiece, L50|100/100\n|switch|p2b: Garganacl|Garganacl, L50, M|100/100\n|turn|1\n|\n|t:|1788411117\n|move|p2a: Sinistcha|Rage Powder|p2a: Sinistcha\n|-singleturn|p2a: Sinistcha|move: Rage Powder\n|move|p1a: Gengar|Will-O-Wisp|p2a: Sinistcha\n|-status|p2a: Sinistcha|brn\n|move|p2b: Garganacl|Curse|p2b: Garganacl\n|-unboost|p2b: Garganacl|spe|1\n|-boost|p2b: Garganacl|atk|1\n|-boost|p2b: Garganacl|def|1\n|move|p1b: Toxapex|Toxic||[still]\n|-fail|p1b: Toxapex\n|\n|-damage|p2a: Sinistcha|93/100 brn|[from] brn\n|upkeep\n|turn|2\n|inactive|froteck has 30 seconds left.\n|\n|t:|1788411147\n|move|p2a: Sinistcha|Rage Powder|p2a: Sinistcha\n|-singleturn|p2a: Sinistcha|move: Rage Powder\n|move|p1a: Gengar|Hex|p2a: Sinistcha\n|-supereffective|p2a: Sinistcha|1\n|-damage|p2a: Sinistcha|0 fnt\n|faint|p2a: Sinistcha\n|-damage|p1a: Gengar|90/100|[from] item: Life Orb\n|move|p1b: Toxapex|Toxic|p2b: Garganacl\n|-immune|p2b: Garganacl|[from] ability: Purifying Salt\n|move|p2b: Garganacl|Curse|p2b: Garganacl\n|-unboost|p2b: Garganacl|spe|1\n|-boost|p2b: Garganacl|atk|1\n|-boost|p2b: Garganacl|def|1\n|\n|upkeep\n|\n|t:|1788411165\n|switch|p2a: Hippowdon|Hippowdon, L50, F|100/100\n|-weather|Sandstorm|[from] ability: Sand Stream|[of] p2a: Hippowdon\n|turn|3\n|inactive|xanderpokemon has 30 seconds left.\n|\n|t:|1788411191\n|move|p1b: Toxapex|Baneful Bunker|p1b: Toxapex\n|-singleturn|p1b: Toxapex|move: Protect\n|move|p1a: Gengar|Will-O-Wisp|p2b: Garganacl\n|-immune|p2b: Garganacl|[from] ability: Purifying Salt\n|move|p2a: Hippowdon|Stockpile|p2a: Hippowdon\n|-start|p2a: Hippowdon|stockpile1\n|-boost|p2a: Hippowdon|def|1\n|-boost|p2a: Hippowdon|spd|1\n|move|p2b: Garganacl|Salt Cure|p1a: Gengar\n|-damage|p1a: Gengar|41/100\n|-start|p1a: Gengar|Salt Cure\n|replace|p1a: Zoroark|Zoroark-Hisui, L50, F\n|-end|p1a: Zoroark|Illusion\n|\n|-weather|Sandstorm|[upkeep]\n|-damage|p1a: Zoroark|35/100|[from] Sandstorm\n|-damage|p1b: Toxapex|94/100|[from] Sandstorm\n|-damage|p1a: Zoroark|29/100|[from] Salt Cure\n|upkeep\n|turn|4\n|inactive|xanderpokemon has 30 seconds left.\n|\n|t:|1788411219\n|move|p1a: Zoroark|Protect|p1a: Zoroark\n|-singleturn|p1a: Zoroark|Protect\n|move|p2a: Hippowdon|Stockpile|p2a: Hippowdon\n|-start|p2a: Hippowdon|stockpile2\n|-boost|p2a: Hippowdon|def|1\n|-boost|p2a: Hippowdon|spd|1\n|move|p1b: Toxapex|Toxic|p2a: Hippowdon\n|-status|p2a: Hippowdon|tox\n|-enditem|p2a: Hippowdon|Lum Berry|[eat]\n|-curestatus|p2a: Hippowdon|tox|[msg]\n|move|p2b: Garganacl|Curse|p2b: Garganacl\n|-unboost|p2b: Garganacl|spe|1\n|-boost|p2b: Garganacl|atk|1\n|-boost|p2b: Garganacl|def|1\n|\n|-weather|Sandstorm|[upkeep]\n|-damage|p1a: Zoroark|23/100|[from] Sandstorm\n|-damage|p1b: Toxapex|88/100|[from] Sandstorm\n|-damage|p1a: Zoroark|17/100|[from] Salt Cure\n|upkeep\n|turn|5\n|inactive|froteck has 30 seconds left.\n|inactive|xanderpokemon has 30 seconds left.\n|\n|t:|1788411252\n|move|p1a: Zoroark|Shadow Ball|p2a: Hippowdon\n|-damage|p2a: Hippowdon|83/100\n|-unboost|p2a: Hippowdon|spd|1\n|-damage|p1a: Zoroark|7/100|[from] item: Life Orb\n|move|p2a: Hippowdon|Body Press|p1b: Toxapex\n|-resisted|p1b: Toxapex|1\n|-damage|p1b: Toxapex|75/100\n|move|p1b: Toxapex|Toxic|p2a: Hippowdon\n|-status|p2a: Hippowdon|tox\n|move|p2b: Garganacl|Curse|p2b: Garganacl\n|-unboost|p2b: Garganacl|spe|1\n|-boost|p2b: Garganacl|atk|1\n|-boost|p2b: Garganacl|def|1\n|\n|-weather|Sandstorm|[upkeep]\n|-damage|p1a: Zoroark|1/100|[from] Sandstorm\n|-damage|p1b: Toxapex|70/100|[from] Sandstorm\n|-damage|p2a: Hippowdon|77/100 tox|[from] psn\n|-damage|p1a: Zoroark|0 fnt|[from] Salt Cure\n|faint|p1a: Zoroark\n|upkeep\n|\n|t:|1788411274\n|switch|p1a: Raichu|Raichu, L50, F|100/100\n|turn|6\n|\n|t:|1788411298\n|move|p1a: Raichu|Fake Out|p2a: Hippowdon\n|-damage|p2a: Hippowdon|73/100 tox\n|cant|p2a: Hippowdon|flinch\n|move|p1b: Toxapex|Infestation|p2b: Garganacl\n|-damage|p2b: Garganacl|98/100\n|-activate|p2b: Garganacl|move: Infestation|[of] p1b: Toxapex\n|move|p2b: Garganacl|Explosion|p1a: Raichu|[spread] p2a,p1a,p1b\n|-damage|p2a: Hippowdon|24/100 tox\n|-damage|p1a: Raichu|0 fnt\n|-damage|p1b: Toxapex|0 fnt\n|faint|p2b: Garganacl\n|faint|p1a: Raichu\n|faint|p1b: Toxapex\n|\n|-weather|Sandstorm|[upkeep]\n|-damage|p2a: Hippowdon|12/100 tox|[from] psn\n|upkeep\n|\n|t:|1788411316\n|switch|p2b: Toxapex|Toxapex, L50, M|100/100\n|switch|p1b: Gengar|Gengar, L50, F|100/100\n|turn|7\n|\n|t:|1788411327\n|detailschange|p1b: Gengar|Gengar-Mega, L50, F\n|-mega|p1b: Gengar|Gengar|Gengarite\n|move|p1b: Gengar|Protect|p1b: Gengar\n|-singleturn|p1b: Gengar|Protect\n|move|p2a: Hippowdon|Slack Off|p2a: Hippowdon\n|-heal|p2a: Hippowdon|62/100 tox\n|move|p2b: Toxapex|Stockpile|p2b: Toxapex\n|-start|p2b: Toxapex|stockpile1\n|-boost|p2b: Toxapex|def|1\n|-boost|p2b: Toxapex|spd|1\n|\n|-weather|none\n|-damage|p2a: Hippowdon|44/100 tox|[from] psn\n|upkeep\n|turn|8\n|\n|t:|1788411344\n|move|p1b: Gengar|Sludge Bomb|p2b: Toxapex\n|-resisted|p2b: Toxapex|1\n|-damage|p2b: Toxapex|85/100\n|move|p2a: Hippowdon|Slack Off|p2a: Hippowdon\n|-heal|p2a: Hippowdon|94/100 tox\n|move|p2b: Toxapex|Stockpile|p2b: Toxapex\n|-start|p2b: Toxapex|stockpile2\n|-boost|p2b: Toxapex|def|1\n|-boost|p2b: Toxapex|spd|1\n|\n|-heal|p2b: Toxapex|91/100|[from] item: Leftovers\n|-damage|p2a: Hippowdon|70/100 tox|[from] psn\n|upkeep\n|turn|9\n|\n|t:|1788411361\n|move|p1b: Gengar|Hex|p2a: Hippowdon\n|-damage|p2a: Hippowdon|26/100 tox\n|move|p2a: Hippowdon|Sandstorm|p2a: Hippowdon\n|-weather|Sandstorm\n|move|p2b: Toxapex|Stockpile|p2b: Toxapex\n|-start|p2b: Toxapex|stockpile3\n|-boost|p2b: Toxapex|def|1\n|-boost|p2b: Toxapex|spd|1\n|\n|-weather|Sandstorm|[upkeep]\n|-damage|p1b: Gengar|94/100|[from] Sandstorm\n|-damage|p2b: Toxapex|85/100|[from] Sandstorm\n|-heal|p2b: Toxapex|91/100|[from] item: Leftovers\n|-damage|p2a: Hippowdon|0 fnt|[from] psn\n|faint|p2a: Hippowdon\n|upkeep\n|turn|10\n|\n|t:|1788411382\n|move|p1b: Gengar|Icy Wind|p2b: Toxapex\n|-resisted|p2b: Toxapex|1\n|-damage|p2b: Toxapex|87/100\n|-unboost|p2b: Toxapex|spe|1\n|move|p2b: Toxapex|Infestation|p1b: Gengar\n|-resisted|p1b: Gengar|2\n|-damage|p1b: Gengar|93/100\n|-activate|p1b: Gengar|move: Infestation|[of] p2b: Toxapex\n|\n|-weather|Sandstorm|[upkeep]\n|-damage|p1b: Gengar|87/100|[from] Sandstorm\n|-damage|p2b: Toxapex|81/100|[from] Sandstorm\n|-heal|p2b: Toxapex|87/100|[from] item: Leftovers\n|-damage|p1b: Gengar|75/100|[from] move: Infestation|[partiallytrapped]\n|upkeep\n|turn|11\n|\n|t:|1788411395\n|move|p1b: Gengar|Icy Wind|p2b: Toxapex\n|-resisted|p2b: Toxapex|1\n|-damage|p2b: Toxapex|83/100\n|-unboost|p2b: Toxapex|spe|1\n|move|p2b: Toxapex|Recover|p2b: Toxapex\n|-heal|p2b: Toxapex|100/100\n|\n|-weather|Sandstorm|[upkeep]\n|-damage|p1b: Gengar|69/100|[from] Sandstorm\n|-damage|p2b: Toxapex|94/100|[from] Sandstorm\n|-heal|p2b: Toxapex|100/100|[from] item: Leftovers\n|-damage|p1b: Gengar|56/100|[from] move: Infestation|[partiallytrapped]\n|upkeep\n|turn|12\n|\n|t:|1788411411\n|move|p1b: Gengar|Hex|p2b: Toxapex\n|-damage|p2b: Toxapex|85/100\n|move|p2b: Toxapex|Infestation|p1b: Gengar\n|-resisted|p1b: Gengar|2\n|-damage|p1b: Gengar|56/100\n|\n|-weather|Sandstorm|[upkeep]\n|-damage|p1b: Gengar|50/100g|[from] Sandstorm\n|-damage|p2b: Toxapex|80/100|[from] Sandstorm\n|-heal|p2b: Toxapex|85/100|[from] item: Leftovers\n|-damage|p1b: Gengar|37/100|[from] move: Infestation|[partiallytrapped]\n|upkeep\n|turn|13\n|l|☆froteck\n|inactive|froteck disconnected and has a minute to reconnect!\n|player|p1|\n|inactive|froteck has 30 seconds left.\n|inactive|froteck has 20 seconds left.\n|inactive|froteck has 15 seconds left.\n|inactive|froteck has 10 seconds left.\n|inactive|froteck has 5 seconds left.\n|-message|froteck lost due to inactivity.\n|\n|win|xanderpokemon\n|raw|froteck's rating: 1123 &rarr; <strong>1099</strong><br />(-24 for losing)\n|raw|xanderpokemon's rating: 1131 &rarr; <strong>1155</strong><br />(+24 for winning)\n","uploadtime":1788411476,"views":"8","formatid":"gen9championsvgc2026regmb","rating":1099,"private":0,"password":null}