{"id":"gen9championsvgc2026regmb-2674618176","format":"[Gen 9 Champions] VGC 2026 Reg M-B","players":["Sampsonwildbeast","conngfan"],"log":"|j|☆Sampsonwildbeast\n|j|☆conngfan\n|t:|1788380951\n|gametype|doubles\n|player|p1|Sampsonwildbeast|169|1546\n|player|p2|conngfan|arven-s|1563\n|gen|9\n|tier|[Gen 9 Champions] VGC 2026 Reg M-B\n|rated|\n|rule|Species Clause: Limit one of each Pokémon\n|rule|Item Clause: Limit 1 of each item\n|clearpoke\n|poke|p1|Charizard, L50, F|\n|poke|p1|Venusaur, L50, M|\n|poke|p1|Archaludon, L50, M|\n|poke|p1|Swampert, L50, M|\n|poke|p1|Pelipper, L50, F|\n|poke|p1|Sneasler, L50, F|\n|poke|p2|Aerodactyl, L50, M|\n|poke|p2|Raichu, L50, F|\n|poke|p2|Sneasler, L50, M|\n|poke|p2|Sylveon, L50, M|\n|poke|p2|Kingambit, L50, M|\n|poke|p2|Tsareena, L50, F|\n|teampreview|4\n|inactive|Battle timer is ON: inactive players will automatically lose when time's up. (requested by conngfan)\n|\n|t:|1788380968\n|teamsize|p1|4\n|teamsize|p2|4\n|start\n|switch|p1a: Sneasler|Sneasler, L50, F|100/100\n|switch|p1b: Pelipper|Pelipper, L50, F|100/100\n|switch|p2a: Raichu|Raichu, L50, F|100/100\n|switch|p2b: Kingambit|Kingambit, L50, M|100/100\n|-weather|RainDance|[from] ability: Drizzle|[of] p1b: Pelipper\n|turn|1\n|\n|t:|1788380987\n|switch|p1b: Swampert|Swampert, L50, M|100/100\n|detailschange|p2a: Raichu|Raichu-Mega-Y, L50, F\n|-mega|p2a: Raichu|Raichu|Raichunite Y\n|move|p2a: Raichu|Fake Out|p1a: Sneasler\n|-damage|p1a: Sneasler|86/100\n|cant|p1a: Sneasler|flinch\n|move|p2b: Kingambit|Swords Dance|p2b: Kingambit\n|-boost|p2b: Kingambit|atk|2\n|\n|-weather|RainDance|[upkeep]\n|upkeep\n|turn|2\n|inactive|Sampsonwildbeast has 30 seconds left.\n|inactive|Sampsonwildbeast has 20 seconds left.\n|\n|t:|1788381026\n|switch|p2a: Tsareena|Tsareena, L50, F|100/100\n|detailschange|p1b: Swampert|Swampert-Mega, L50, M\n|-mega|p1b: Swampert|Swampert|Swampertite\n|move|p1b: Swampert|Protect|p1b: Swampert\n|-singleturn|p1b: Swampert|Protect\n|move|p2b: Kingambit|Sucker Punch|p1a: Sneasler\n|-resisted|p1a: Sneasler|1\n|-damage|p1a: Sneasler|0 fnt\n|faint|p1a: Sneasler\n|-damage|p2b: Kingambit|90/100|[from] item: Life Orb\n|\n|-weather|RainDance|[upkeep]\n|upkeep\n|\n|t:|1788381042\n|switch|p1a: Pelipper|Pelipper, L50, F|100/100\n|turn|3\n|\n|t:|1788381050\n|switch|p1b: Archaludon|Archaludon, L50, M|100/100\n|move|p2a: Tsareena|Power Whip|p1b: Archaludon\n|-resisted|p1b: Archaludon|2\n|-damage|p1b: Archaludon|87/100\n|-ability|p1b: Archaludon|Stamina|boost\n|-boost|p1b: Archaludon|def|1\n|move|p1a: Pelipper|Hurricane|p2a: Tsareena\n|-supereffective|p2a: Tsareena|1\n|-enditem|p2a: Tsareena|Focus Sash\n|-damage|p2a: Tsareena|1/100\n|move|p2b: Kingambit|Kowtow Cleave|p1a: Pelipper\n|-damage|p1a: Pelipper|0 fnt\n|faint|p1a: Pelipper\n|-damage|p2b: Kingambit|80/100|[from] item: Life Orb\n|\n|-weather|RainDance|[upkeep]\n|upkeep\n|\n|t:|1788381070\n|switch|p1a: Swampert|Swampert-Mega, L50, M|100/100\n|turn|4\n|\n|t:|1788381090\n|move|p1a: Swampert|Protect|p1a: Swampert\n|-singleturn|p1a: Swampert|Protect\n|move|p2b: Kingambit|Sucker Punch||[still]\n|-fail|p2b: Kingambit\n|move|p1b: Archaludon|Dragon Pulse|p2a: Tsareena\n|-damage|p2a: Tsareena|0 fnt\n|faint|p2a: Tsareena\n|\n|-weather|RainDance|[upkeep]\n|upkeep\n|\n|t:|1788381094\n|switch|p2a: Raichu|Raichu-Mega-Y, L50, F|100/100\n|turn|5\n|inactive|Sampsonwildbeast has 30 seconds left.\n|\n|t:|1788381125\n|move|p2a: Raichu|Fake Out|p1a: Swampert\n|-damage|p1a: Swampert|90/100\n|cant|p1a: Swampert|flinch\n|move|p1b: Archaludon|Dragon Pulse|p2a: Raichu\n|-damage|p2a: Raichu|32/100\n|move|p2b: Kingambit|Kowtow Cleave|p1a: Swampert\n|-damage|p1a: Swampert|0 fnt\n|faint|p1a: Swampert\n|-damage|p2b: Kingambit|71/100|[from] item: Life Orb\n|\n|-weather|none\n|upkeep\n|turn|6\n|\n|t:|1788381141\n|move|p2b: Kingambit|Sucker Punch|p1b: Archaludon\n|-damage|p1b: Archaludon|26/100\n|-ability|p1b: Archaludon|Stamina|boost\n|-boost|p1b: Archaludon|def|1\n|-damage|p2b: Kingambit|61/100|[from] item: Life Orb\n|move|p2a: Raichu|Focus Blast|p1b: Archaludon\n|-supereffective|p1b: Archaludon|1\n|-damage|p1b: Archaludon|0 fnt\n|faint|p1b: Archaludon\n|\n|win|conngfan\n|raw|Sampsonwildbeast's rating: 1546 &rarr; <strong>1527</strong><br />(-19 for losing)\n|raw|conngfan's rating: 1563 &rarr; <strong>1582</strong><br />(+19 for winning)\n","uploadtime":1788381141,"views":"4","formatid":"gen9championsvgc2026regmb","rating":1527,"private":0,"password":null}