{"id":"gen9championsvgc2026regmbbo3-2673502066","format":"[Gen 9 Champions] VGC 2026 Reg M-B (Bo3)","players":["humania1","LeNasser"],"log":"|j|☆humania1\n|j|☆LeNasser\n|html|<table width=\"100%\"><tr><td align=\"left\">humania1</td><td align=\"right\">LeNasser</tr><tr><td align=\"left\"><i class=\"fa fa-circle-o\"></i> <i class=\"fa fa-circle-o\"></i> </td><td align=\"right\"><i class=\"fa fa-circle-o\"></i> <i class=\"fa fa-circle-o\"></i> </tr></table>\n|uhtml|bestof|<h2><strong>Game 1</strong> of <a href=\"/game-bestof3-gen9championsvgc2026regmbbo3-2673502065\">a best-of-3</a></h2>\n|t:|1788205512\n|gametype|doubles\n|player|p1|humania1|170|1054\n|player|p2|LeNasser|266|1120\n|gen|9\n|tier|[Gen 9 Champions] VGC 2026 Reg M-B (Bo3)\n|rated|\n|rule|Species Clause: Limit one of each Pokémon\n|rule|Item Clause: Limit 1 of each item\n|clearpoke\n|poke|p1|Blastoise, L50, F|\n|poke|p1|Delphox, L50, M, shiny|\n|poke|p1|Incineroar, L50, M|\n|poke|p1|Sinistcha, L50|\n|poke|p1|Sneasler, L50, M|\n|poke|p1|Vivillon, L50, M|\n|poke|p2|Blastoise, L50, F|\n|poke|p2|Delphox, L50, F|\n|poke|p2|Sneasler, L50, M|\n|poke|p2|Incineroar, L50, F|\n|poke|p2|Sinistcha, L50|\n|poke|p2|Kingambit, L50, M|\n|teampreview|4\n|showteam|p1|Blastoise||Blastoisinite|Torrent|Protect,ShellSmash,WaterSpout,DarkPulse|Modest||F|||50|]Delphox||Delphoxite|Blaze|Protect,HeatWave,Psyshock,NastyPlot|Timid||M|||50|]Incineroar||PasshoBerry|Intimidate|FakeOut,PartingShot,FlareBlitz,ThroatChop|Impish||M|||50|]Sinistcha||SitrusBerry|Hospitality|Protect,MatchaGotcha,TrickRoom,RagePowder|Bold|||||50|]Sneasler||FocusSash|PoisonTouch|QuickGuard,FakeOut,CloseCombat,DireClaw|Jolly||M|||50|]Vivillon||ChoiceScarf|CompoundEyes|Hurricane,SleepPowder,RagePowder,Uturn|Timid||M|||50|\n|showteam|p2|Blastoise||Blastoisinite|Torrent|Protect,ShellSmash,DarkPulse,WaterSpout|Modest||F|||50|]Delphox||Delphoxite|Blaze|Protect,HeatWave,Psychic,NastyPlot|Modest||F|||50|]Sneasler||FocusSash|PoisonTouch|QuickGuard,FakeOut,CloseCombat,PoisonJab|Jolly||M|||50|]Incineroar||SitrusBerry|Intimidate|FakeOut,PartingShot,FlareBlitz,HelpingHand|Careful||F|||50|]Sinistcha||ColburBerry|Hospitality|MatchaGotcha,RagePowder,TrickRoom,LifeDew|Bold|||||50|]Kingambit||LifeOrb|Defiant|Protect,SuckerPunch,KowtowCleave,IronHead|Adamant||M|||50|\n|inactive|Battle timer is ON: inactive players will automatically lose when time's up. (requested by humania1)\n|inactive|LeNasser has 60 seconds left.\n|\n|t:|1788205558\n|teamsize|p1|4\n|teamsize|p2|4\n|start\n|switch|p1a: Blastoise|Blastoise, L50, F|100/100\n|switch|p1b: Incineroar|Incineroar, L50, M|100/100\n|switch|p2a: Blastoise|Blastoise, L50, F|100/100\n|switch|p2b: Sneasler|Sneasler, L50, M|100/100\n|-ability|p1b: Incineroar|Intimidate|boost\n|-unboost|p2a: Blastoise|atk|1\n|-unboost|p2b: Sneasler|atk|1\n|turn|1\n|\n|t:|1788205575\n|switch|p1b: Sinistcha|Sinistcha, L50|100/100\n|detailschange|p2a: Blastoise|Blastoise-Mega, L50, F\n|-mega|p2a: Blastoise|Blastoise|Blastoisinite\n|detailschange|p1a: Blastoise|Blastoise-Mega, L50, F\n|-mega|p1a: Blastoise|Blastoise|Blastoisinite\n|move|p2b: Sneasler|Fake Out|p1b: Sinistcha\n|-immune|p1b: Sinistcha\n|move|p2a: Blastoise|Shell Smash|p2a: Blastoise\n|-unboost|p2a: Blastoise|def|1\n|-unboost|p2a: Blastoise|spd|1\n|-boost|p2a: Blastoise|atk|2\n|-boost|p2a: Blastoise|spa|2\n|-boost|p2a: Blastoise|spe|2\n|move|p1a: Blastoise|Shell Smash|p1a: Blastoise\n|-unboost|p1a: Blastoise|def|1\n|-unboost|p1a: Blastoise|spd|1\n|-boost|p1a: Blastoise|atk|2\n|-boost|p1a: Blastoise|spa|2\n|-boost|p1a: Blastoise|spe|2\n|\n|upkeep\n|turn|2\n|inactive|LeNasser has 30 seconds left.\n|\n|t:|1788205600\n|move|p1b: Sinistcha|Rage Powder|p1b: Sinistcha\n|-singleturn|p1b: Sinistcha|move: Rage Powder\n|move|p2a: Blastoise|Dark Pulse|p1b: Sinistcha\n|-supereffective|p1b: Sinistcha|1\n|-damage|p1b: Sinistcha|0 fnt\n|faint|p1b: Sinistcha\n|move|p1a: Blastoise|Water Spout|p2a: Blastoise|[spread] p2a,p2b\n|-resisted|p2a: Blastoise|1\n|-damage|p2a: Blastoise|7/100\n|-enditem|p2b: Sneasler|Focus Sash\n|-damage|p2b: Sneasler|1/100\n|move|p2b: Sneasler|Close Combat|p1a: Blastoise\n|-damage|p1a: Blastoise|44/100\n|-unboost|p2b: Sneasler|def|1\n|-unboost|p2b: Sneasler|spd|1\n|\n|upkeep\n|\n|t:|1788205600\n|switch|p1b: Delphox|Delphox, L50, M, shiny|100/100\n|turn|3\n|\n|t:|1788205625\n|switch|p2b: Incineroar|Incineroar, L50, F|100/100\n|-ability|p2b: Incineroar|Intimidate|boost\n|-unboost|p1a: Blastoise|atk|1\n|-unboost|p1b: Delphox|atk|1\n|move|p2a: Blastoise|Dark Pulse|p1a: Blastoise\n|-damage|p1a: Blastoise|0 fnt\n|faint|p1a: Blastoise\n|move|p1b: Delphox|Heat Wave|p2a: Blastoise|[spread] p2a,p2b\n|-resisted|p2a: Blastoise|1\n|-resisted|p2b: Incineroar|1\n|-damage|p2a: Blastoise|0 fnt\n|-damage|p2b: Incineroar|87/100\n|faint|p2a: Blastoise\n|\n|upkeep\n|\n|t:|1788205638\n|switch|p2a: Sneasler|Sneasler, L50, M|1/100\n|switch|p1a: Incineroar|Incineroar, L50, M|100/100\n|-ability|p1a: Incineroar|Intimidate|boost\n|-unboost|p2a: Sneasler|atk|1\n|-unboost|p2b: Incineroar|atk|1\n|turn|4\n|\n|t:|1788205658\n|move|p2a: Sneasler|Fake Out|p1a: Incineroar\n|-damage|p1a: Incineroar|91/100\n|move|p1b: Delphox|Heat Wave|p2a: Sneasler|[spread] p2a,p2b\n|-crit|p2a: Sneasler\n|-resisted|p2b: Incineroar|1\n|-damage|p2a: Sneasler|0 fnt\n|-damage|p2b: Incineroar|74/100\n|faint|p2a: Sneasler\n|move|p2b: Incineroar|Parting Shot|p1b: Delphox\n|-unboost|p1b: Delphox|atk|1\n|-unboost|p1b: Delphox|spa|1\n|\n|t:|1788205668\n|switch|p2b: Sinistcha|Sinistcha, L50|100/100|[from] Parting Shot\n|cant|p1a: Incineroar|flinch\n|\n|upkeep\n|\n|t:|1788205673\n|switch|p2a: Incineroar|Incineroar, L50, F|74/100\n|-ability|p2a: Incineroar|Intimidate|boost\n|-unboost|p1a: Incineroar|atk|1\n|-unboost|p1b: Delphox|atk|1\n|turn|5\n|\n|t:|1788205691\n|move|p2a: Incineroar|Fake Out|p1b: Delphox\n|-damage|p1b: Delphox|84/100\n|cant|p1b: Delphox|flinch\n|move|p1a: Incineroar|Flare Blitz|p2b: Sinistcha\n|-supereffective|p2b: Sinistcha|1\n|-damage|p2b: Sinistcha|44/100\n|-damage|p1a: Incineroar|75/100|[from] Recoil\n|move|p2b: Sinistcha|Matcha Gotcha|p1a: Incineroar|[spread] p1a,p1b\n|-resisted|p1a: Incineroar|1\n|-resisted|p1b: Delphox|1\n|-damage|p1a: Incineroar|64/100\n|-heal|p2b: Sinistcha|51/100|[from] drain|[of] p1a: Incineroar\n|-damage|p1b: Delphox|70/100\n|-heal|p2b: Sinistcha|58/100|[from] drain|[of] p1b: Delphox\n|\n|upkeep\n|turn|6\n|\n|t:|1788205710\n|move|p1b: Delphox|Heat Wave|p2b: Sinistcha|[spread] p2a,p2b\n|-resisted|p2a: Incineroar|1\n|-crit|p2a: Incineroar\n|-supereffective|p2b: Sinistcha|1\n|-damage|p2a: Incineroar|55/100\n|-damage|p2b: Sinistcha|17/100\n|-status|p2b: Sinistcha|brn\n|move|p2a: Incineroar|Flare Blitz|p1a: Incineroar\n|-resisted|p1a: Incineroar|1\n|-damage|p1a: Incineroar|47/100\n|-damage|p2a: Incineroar|49/100|[from] Recoil\n|-enditem|p2a: Incineroar|Sitrus Berry|[eat]\n|-heal|p2a: Incineroar|74/100|[from] item: Sitrus Berry\n|move|p1a: Incineroar|Flare Blitz|p2b: Sinistcha\n|-supereffective|p2b: Sinistcha|1\n|-damage|p2b: Sinistcha|0 fnt\n|faint|p2b: Sinistcha\n|-damage|p1a: Incineroar|41/100|[from] Recoil\n|\n|upkeep\n|turn|7\n|\n|t:|1788205726\n|move|p1b: Delphox|Nasty Plot|p1b: Delphox\n|-boost|p1b: Delphox|spa|2\n|move|p1a: Incineroar|Throat Chop|p2a: Incineroar\n|-resisted|p2a: Incineroar|1\n|-damage|p2a: Incineroar|63/100\n|-start|p2a: Incineroar|Throat Chop|[silent]\n|move|p2a: Incineroar|Flare Blitz|p1b: Delphox\n|-resisted|p1b: Delphox|1\n|-damage|p1b: Delphox|36/100\n|-damage|p2a: Incineroar|54/100|[from] Recoil\n|\n|upkeep\n|turn|8\n|\n|t:|1788205737\n|move|p1b: Delphox|Heat Wave|p2a: Incineroar\n|-resisted|p2a: Incineroar|1\n|-damage|p2a: Incineroar|27/100\n|move|p2a: Incineroar|Flare Blitz|p1b: Delphox\n|-resisted|p1b: Delphox|1\n|-damage|p1b: Delphox|1/100\n|-damage|p2a: Incineroar|18/100|[from] Recoil\n|move|p1a: Incineroar|Throat Chop|p2a: Incineroar\n|-resisted|p2a: Incineroar|1\n|-damage|p2a: Incineroar|7/100\n|\n|-end|p2a: Incineroar|Throat Chop|[silent]\n|upkeep\n|turn|9\n|\n|t:|1788205748\n|move|p1b: Delphox|Heat Wave|p2a: Incineroar\n|-resisted|p2a: Incineroar|1\n|-damage|p2a: Incineroar|0 fnt\n|faint|p2a: Incineroar\n|\n|win|humania1\n","uploadtime":1788205748,"views":"2","formatid":"gen9championsvgc2026regmbbo3","rating":null,"private":0,"password":null}