{"id":"gen9championsvgc2026regmb-2674434774","format":"[Gen 9 Champions] VGC 2026 Reg M-B","players":["Piedi mistici","lozraff"],"log":"|j|☆Piedi mistici\n|j|☆lozraff\n|t:|1788359419\n|gametype|doubles\n|player|p1|Piedi mistici|zinnia|1452\n|player|p2|lozraff|169|1382\n|gen|9\n|tier|[Gen 9 Champions] VGC 2026 Reg M-B\n|rated|\n|rule|Species Clause: Limit one of each Pokémon\n|rule|Item Clause: Limit 1 of each item\n|clearpoke\n|poke|p1|Froslass, L50, F|\n|poke|p1|Tyranitar, L50, M|\n|poke|p1|Scovillain, L50, M|\n|poke|p1|Sneasler, L50, M|\n|poke|p1|Farigiraf, L50, F|\n|poke|p1|Sylveon, L50, F|\n|poke|p2|Sinistcha-Masterpiece, L50|\n|poke|p2|Sableye, L50, M|\n|poke|p2|Blaziken, L50, M|\n|poke|p2|Grimmsnarl, L50, M|\n|poke|p2|Staraptor, L50, F|\n|poke|p2|Incineroar, L50, M|\n|teampreview|4\n|inactive|Battle timer is ON: inactive players will automatically lose when time's up. (requested by lozraff)\n|\n|t:|1788359444\n|teamsize|p1|4\n|teamsize|p2|4\n|start\n|switch|p1a: Sylveon|Sylveon, L50, F|100/100\n|switch|p1b: Sneasler|Sneasler, L50, M|100/100\n|switch|p2a: Blaziken|Blaziken, L50, M|100/100\n|switch|p2b: Staraptor|Staraptor, L50, F|100/100\n|-ability|p2b: Staraptor|Intimidate|boost\n|-unboost|p1a: Sylveon|atk|1\n|-unboost|p1b: Sneasler|atk|1\n|-enditem|p1b: Sneasler|White Herb\n|-clearnegativeboost|p1b: Sneasler|[silent]\n|turn|1\n|\n|t:|1788359462\n|switch|p2b: Incineroar|Incineroar, L50, M|100/100\n|-ability|p2b: Incineroar|Intimidate|boost\n|-unboost|p1a: Sylveon|atk|1\n|-unboost|p1b: Sneasler|atk|1\n|move|p2a: Blaziken|Protect|p2a: Blaziken\n|-singleturn|p2a: Blaziken|Protect\n|move|p1b: Sneasler|Fake Out|p2a: Blaziken\n|-activate|p2a: Blaziken|move: Protect\n|move|p1a: Sylveon|Calm Mind|p1a: Sylveon\n|-boost|p1a: Sylveon|spa|1\n|-boost|p1a: Sylveon|spd|1\n|\n|-ability|p2a: Blaziken|Speed Boost|boost\n|-boost|p2a: Blaziken|spe|1\n|upkeep\n|turn|2\n|inactive|lozraff has 30 seconds left.\n|inactive|lozraff has 20 seconds left.\n|\n|t:|1788359499\n|move|p1b: Sneasler|Protect|p1b: Sneasler\n|-singleturn|p1b: Sneasler|Protect\n|move|p1a: Sylveon|Detect|p1a: Sylveon\n|-singleturn|p1a: Sylveon|Protect\n|move|p2b: Incineroar|Fake Out|p1b: Sneasler\n|-activate|p1b: Sneasler|move: Protect\n|move|p2a: Blaziken|Poison Jab|p1a: Sylveon\n|-activate|p1a: Sylveon|move: Protect\n|\n|-ability|p2a: Blaziken|Speed Boost|boost\n|-boost|p2a: Blaziken|spe|1\n|upkeep\n|turn|3\n|\n|t:|1788359517\n|move|p1b: Sneasler|Close Combat|p2a: Blaziken\n|-crit|p2a: Blaziken\n|-damage|p2a: Blaziken|0 fnt\n|-unboost|p1b: Sneasler|def|1\n|-unboost|p1b: Sneasler|spd|1\n|faint|p2a: Blaziken\n|move|p1a: Sylveon|Hyper Voice|p2b: Incineroar\n|-damage|p2b: Incineroar|31/100\n|-enditem|p2b: Incineroar|Sitrus Berry|[eat]\n|-heal|p2b: Incineroar|55/100|[from] item: Sitrus Berry\n|move|p2b: Incineroar|Parting Shot|p1a: Sylveon\n|-unboost|p1a: Sylveon|atk|1\n|-unboost|p1a: Sylveon|spa|1\n|\n|t:|1788359530\n|switch|p2b: Staraptor|Staraptor, L50, F|100/100|[from] Parting Shot\n|-ability|p2b: Staraptor|Intimidate|boost\n|-unboost|p1a: Sylveon|atk|1\n|-unboost|p1b: Sneasler|atk|1\n|\n|upkeep\n|\n|t:|1788359538\n|switch|p2a: Incineroar|Incineroar, L50, M|55/100\n|-ability|p2a: Incineroar|Intimidate|boost\n|-unboost|p1a: Sylveon|atk|1\n|-unboost|p1b: Sneasler|atk|1\n|turn|4\n|\n|t:|1788359556\n|switch|p1b: Farigiraf|Farigiraf, L50, F|100/100\n|detailschange|p2b: Staraptor|Staraptor-Mega, L50, F\n|-mega|p2b: Staraptor|Staraptor|Staraptite\n|move|p2b: Staraptor|Close Combat|p1a: Sylveon\n|-resisted|p1a: Sylveon|1\n|-damage|p1a: Sylveon|69/100\n|-boost|p2b: Staraptor|def|1\n|-boost|p2b: Staraptor|spd|1\n|move|p1a: Sylveon|Hyper Voice|p2b: Staraptor|[spread] p2a,p2b\n|-supereffective|p2b: Staraptor|1\n|-damage|p2a: Incineroar|21/100\n|-damage|p2b: Staraptor|52/100\n|move|p2a: Incineroar|Parting Shot|p2b: Staraptor\n|-boost|p2b: Staraptor|atk|1\n|-boost|p2b: Staraptor|spa|1\n|\n|t:|1788359569\n|switch|p2a: Sinistcha|Sinistcha-Masterpiece, L50|100/100|[from] Parting Shot\n|-heal|p2b: Staraptor|77/100|[from] ability: Hospitality|[of] p2a: Sinistcha\n|\n|upkeep\n|turn|5\n|\n|t:|1788359590\n|move|p1a: Sylveon|Detect|p1a: Sylveon\n|-singleturn|p1a: Sylveon|Protect\n|move|p2b: Staraptor|Close Combat|p1a: Sylveon\n|-activate|p1a: Sylveon|move: Protect\n|move|p2a: Sinistcha|Life Dew||[still]|[spread] p2a,p2b\n|-fail|p2a: Sinistcha|heal\n|-heal|p2b: Staraptor|100/100\n|move|p1b: Farigiraf|Trick Room|p1b: Farigiraf\n|-fieldstart|move: Trick Room|[of] p1b: Farigiraf\n|\n|upkeep\n|turn|6\n|\n|t:|1788359614\n|move|p1b: Farigiraf|Nasty Plot|p1b: Farigiraf\n|-boost|p1b: Farigiraf|spa|2\n|move|p1a: Sylveon|Hyper Voice|p2a: Sinistcha|[spread] p2a,p2b\n|-supereffective|p2b: Staraptor|1\n|-damage|p2a: Sinistcha|61/100\n|-damage|p2b: Staraptor|46/100\n|move|p2a: Sinistcha|Matcha Gotcha|p1b: Farigiraf|[spread] p1a,p1b\n|-damage|p1a: Sylveon|56/100\n|-heal|p2a: Sinistcha|67/100|[from] drain|[of] p1a: Sylveon\n|-damage|p1b: Farigiraf|78/100\n|-heal|p2a: Sinistcha|81/100|[from] drain|[of] p1b: Farigiraf\n|move|p2b: Staraptor|Close Combat|p1a: Sylveon\n|-resisted|p1a: Sylveon|1\n|-damage|p1a: Sylveon|15/100\n|-boost|p2b: Staraptor|def|1\n|-boost|p2b: Staraptor|spd|1\n|\n|upkeep\n|turn|7\n|\n|t:|1788359635\n|move|p2b: Staraptor|Protect|p2b: Staraptor\n|-singleturn|p2b: Staraptor|Protect\n|move|p1b: Farigiraf|Psychic|p2b: Staraptor\n|-activate|p2b: Staraptor|move: Protect\n|move|p1a: Sylveon|Hyper Voice|p2a: Sinistcha|[spread] p2a\n|-activate|p2b: Staraptor|move: Protect\n|-damage|p2a: Sinistcha|42/100\n|move|p2a: Sinistcha|Life Dew|p2a: Sinistcha|[spread] p2a,p2b\n|-heal|p2a: Sinistcha|67/100\n|-heal|p2b: Staraptor|71/100\n|\n|upkeep\n|turn|8\n|inactive|lozraff has 30 seconds left.\n|\n|t:|1788359661\n|move|p2a: Sinistcha|Rage Powder|p2a: Sinistcha\n|-singleturn|p2a: Sinistcha|move: Rage Powder\n|move|p1b: Farigiraf|Psychic|p2a: Sinistcha\n|-damage|p2a: Sinistcha|10/100\n|move|p1a: Sylveon|Hyper Voice|p2a: Sinistcha|[spread] p2a,p2b\n|-supereffective|p2b: Staraptor|1\n|-damage|p2a: Sinistcha|0 fnt\n|-damage|p2b: Staraptor|33/100\n|faint|p2a: Sinistcha\n|move|p2b: Staraptor|Close Combat|p1b: Farigiraf\n|-damage|p1b: Farigiraf|4/100\n|-boost|p2b: Staraptor|def|1\n|-boost|p2b: Staraptor|spd|1\n|-enditem|p1b: Farigiraf|Sitrus Berry|[eat]\n|-heal|p1b: Farigiraf|29/100|[from] item: Sitrus Berry\n|\n|upkeep\n|\n|t:|1788359674\n|switch|p2a: Incineroar|Incineroar, L50, M|21/100\n|-ability|p2a: Incineroar|Intimidate|boost\n|-unboost|p1a: Sylveon|atk|1\n|-unboost|p1b: Farigiraf|atk|1\n|turn|9\n|\n|t:|1788359687\n|move|p2b: Staraptor|Protect|p2b: Staraptor\n|-singleturn|p2b: Staraptor|Protect\n|move|p2a: Incineroar|Parting Shot|p2b: Staraptor\n|-activate|p2b: Staraptor|move: Protect\n|move|p1b: Farigiraf|Thunderbolt|p2a: Incineroar\n|-damage|p2a: Incineroar|0 fnt\n|faint|p2a: Incineroar\n|move|p1a: Sylveon|Hyper Voice|p2b: Staraptor\n|-activate|p2b: Staraptor|move: Protect\n|\n|-fieldend|move: Trick Room\n|upkeep\n|turn|10\n|\n|t:|1788359699\n|move|p2b: Staraptor|Roost|p2b: Staraptor\n|-heal|p2b: Staraptor|83/100\n|-singleturn|p2b: Staraptor|move: Roost\n|move|p1a: Sylveon|Hyper Voice|p2b: Staraptor\n|-supereffective|p2b: Staraptor|1\n|-damage|p2b: Staraptor|44/100\n|move|p1b: Farigiraf|Psychic|p2b: Staraptor\n|-supereffective|p2b: Staraptor|1\n|-damage|p2b: Staraptor|1/100\n|\n|upkeep\n|turn|11\n|-message|lozraff forfeited.\n|\n|win|Piedi mistici\n|raw|Piedi mistici's rating: 1452 &rarr; <strong>1468</strong><br />(+16 for winning)\n|raw|lozraff's rating: 1382 &rarr; <strong>1366</strong><br />(-16 for losing)\n|l|☆lozraff\n|player|p2|\n","uploadtime":1788359712,"views":"10","formatid":"gen9championsvgc2026regmb","rating":1366,"private":0,"password":null}