{"id":"gen9championsvgc2026regmb-2674200587","format":"[Gen 9 Champions] VGC 2026 Reg M-B","players":["Metalyx01","jp789012"],"log":"|j|☆Metalyx01\n|j|☆jp789012\n|html|<table width=\"100%\"><tr><td align=\"left\">Metalyx01</td><td align=\"right\">jp789012</tr><tr><td align=\"left\"><i class=\"fa fa-circle-o\"></i> <i class=\"fa fa-circle-o\"></i> </td><td align=\"right\"><i class=\"fa fa-circle-o\"></i> <i class=\"fa fa-circle\"></i> </tr></table>\n|uhtml|bestof|<h2><strong>Game 2</strong> of <a href=\"/game-bestof3-gen9championsvgc2026regmb-2674195215\">a best-of-3</a></h2>\n|t:|1788314446\n|gametype|doubles\n|player|p1|Metalyx01|miku-ghost|\n|player|p2|jp789012|265|\n|gen|9\n|tier|[Gen 9 Champions] VGC 2026 Reg M-B\n|rule|Species Clause: Limit one of each Pokémon\n|rule|Item Clause: Limit 1 of each item\n|raw|<div class=\"infobox\"><details class=\"readmore\" open><summary><strong>2 custom rules:</strong></summary> Best of = 3, !OpenTeamSheets</details></div>\n|clearpoke\n|poke|p1|Dragonite, L50, M, shiny|\n|poke|p1|Metagross, L50, shiny|\n|poke|p1|Maushold-Four, L50, shiny|\n|poke|p1|Pelipper, L50, F, shiny|\n|poke|p1|Archaludon, L50, F, shiny|\n|poke|p1|Weavile, L50, F, shiny|\n|poke|p2|Drampa, L50, F|\n|poke|p2|Sinistcha, L50, shiny|\n|poke|p2|Blastoise, L50, M, shiny|\n|poke|p2|Delphox, L50, M, shiny|\n|poke|p2|Passimian, L50, M, shiny|\n|poke|p2|Aegislash, L50, M, shiny|\n|teampreview|4\n|j| cookiecorner\n|j| blakbackjk\n|j| PKMNSGaming!\n|j| Donjozo\n|j| Spottedwoot\n|j| oberon123\n|\n|t:|1788314480\n|teamsize|p1|4\n|teamsize|p2|4\n|start\n|switch|p1a: Dragonite|Dragonite, L50, M, shiny|100/100\n|switch|p1b: Pelipper|Pelipper, L50, F, shiny|100/100\n|switch|p2a: The Wiz|Delphox, L50, M, shiny|100/100\n|switch|p2b: WAKANDA FOREVER|Blastoise, L50, M, shiny|100/100\n|-weather|RainDance|[from] ability: Drizzle|[of] p1b: Pelipper\n|turn|1\n|j| Catalyxx\n|\n|t:|1788314529\n|detailschange|p1a: Dragonite|Dragonite-Mega, L50, M, shiny\n|-mega|p1a: Dragonite|Dragonite|Dragoninite\n|move|p2a: The Wiz|Protect|p2a: The Wiz\n|-singleturn|p2a: The Wiz|Protect\n|move|p2b: WAKANDA FOREVER|Fake Out|p1a: Dragonite\n|-damage|p1a: Dragonite|95/100\n|cant|p1a: Dragonite|flinch\n|move|p1b: Pelipper|Weather Ball|p2a: The Wiz\n|-activate|p2a: The Wiz|move: Protect\n|\n|-weather|RainDance|[upkeep]\n|upkeep\n|turn|2\n|\n|t:|1788314588\n|switch|p2a: BLADE STAR VII|Aegislash, L50, M, shiny|100/100\n|switch|p1b: Weavile|Weavile, L50, F, shiny|100/100\n|switch|p2b: Chirag|Passimian, L50, M, shiny|100/100\n|move|p1a: Dragonite|Draco Meteor|p2a: BLADE STAR VII\n|-resisted|p2a: BLADE STAR VII|1\n|-damage|p2a: BLADE STAR VII|64/100\n|-unboost|p1a: Dragonite|spa|2\n|\n|-weather|RainDance|[upkeep]\n|-heal|p2a: BLADE STAR VII|70/100|[from] item: Leftovers\n|upkeep\n|turn|3\n|\n|t:|1788314621\n|move|p1b: Weavile|Fake Out|p2b: Chirag\n|-damage|p2b: Chirag|82/100\n|cant|p2b: Chirag|flinch\n|move|p1a: Dragonite|Hurricane|p2b: Chirag\n|-supereffective|p2b: Chirag|1\n|-damage|p2b: Chirag|0 fnt\n|faint|p2b: Chirag\n|-formechange|p2a: BLADE STAR VII|Aegislash-Blade|\n|move|p2a: BLADE STAR VII|Rock Slide|p1b: Weavile|[spread] p1a,p1b\n|-supereffective|p1a: Dragonite|1\n|-supereffective|p1b: Weavile|1\n|-damage|p1a: Dragonite|52/100\n|-damage|p1b: Weavile|24/100\n|\n|-weather|RainDance|[upkeep]\n|-heal|p2a: BLADE STAR VII|76/100|[from] item: Leftovers\n|upkeep\n|\n|t:|1788314639\n|switch|p2b: WAKANDA FOREVER|Blastoise, L50, M, shiny|100/100\n|turn|4\n|\n|t:|1788314653\n|switch|p1a: Archaludon|Archaludon, L50, F, shiny|100/100\n|move|p1b: Weavile|Protect|p1b: Weavile\n|-singleturn|p1b: Weavile|Protect\n|move|p2b: WAKANDA FOREVER|Fake Out|p1b: Weavile\n|-activate|p1b: Weavile|move: Protect\n|move|p2a: BLADE STAR VII|Rock Slide|p1b: Weavile|[spread] p1a\n|-activate|p1b: Weavile|move: Protect\n|-resisted|p1a: Archaludon|1\n|-damage|p1a: Archaludon|90/100\n|\n|-weather|RainDance|[upkeep]\n|-heal|p2a: BLADE STAR VII|82/100|[from] item: Leftovers\n|upkeep\n|turn|5\n|c| blakbackjk|jp\n|\n|t:|1788314739\n|switch|p1b: Dragonite|Dragonite-Mega, L50, M, shiny|52/100\n|-formechange|p2a: BLADE STAR VII|Aegislash|\n|move|p2a: BLADE STAR VII|King's Shield|p2a: BLADE STAR VII\n|-singleturn|p2a: BLADE STAR VII|Protect\n|move|p1a: Archaludon|Electro Shot||[still]\n|-prepare|p1a: Archaludon|Electro Shot\n|-boost|p1a: Archaludon|spa|1\n|-anim|p1a: Archaludon|Electro Shot|p2a: BLADE STAR VII\n|-activate|p2a: BLADE STAR VII|move: Protect\n|move|p2b: WAKANDA FOREVER|Aura Sphere|p1b: Dragonite\n|-resisted|p1b: Dragonite|1\n|-damage|p1b: Dragonite|44/100\n|\n|-weather|none\n|-heal|p2a: BLADE STAR VII|88/100|[from] item: Leftovers\n|upkeep\n|turn|6\n|j| ninfire\n|\n|t:|1788314761\n|switch|p1b: Pelipper|Pelipper, L50, F, shiny|100/100\n|-weather|RainDance|[from] ability: Drizzle|[of] p1b: Pelipper\n|move|p1a: Archaludon|Dark Pulse|p2a: BLADE STAR VII\n|-supereffective|p2a: BLADE STAR VII|1\n|-damage|p2a: BLADE STAR VII|22/100\n|move|p2b: WAKANDA FOREVER|Aura Sphere|p1a: Archaludon\n|-supereffective|p1a: Archaludon|1\n|-damage|p1a: Archaludon|39/100\n|-formechange|p2a: BLADE STAR VII|Aegislash-Blade|\n|move|p2a: BLADE STAR VII|Sacred Sword|p1a: Archaludon\n|-supereffective|p1a: Archaludon|1\n|-damage|p1a: Archaludon|0 fnt\n|faint|p1a: Archaludon\n|\n|-weather|RainDance|[upkeep]\n|-heal|p2a: BLADE STAR VII|28/100|[from] item: Leftovers\n|upkeep\n|\n|t:|1788314780\n|switch|p1a: Weavile|Weavile, L50, F, shiny|24/100\n|turn|7\n|\n|t:|1788314794\n|move|p1a: Weavile|Fake Out|p2b: WAKANDA FOREVER\n|-damage|p2b: WAKANDA FOREVER|86/100\n|move|p1b: Pelipper|Weather Ball|p2a: BLADE STAR VII\n|-damage|p2a: BLADE STAR VII|0 fnt\n|faint|p2a: BLADE STAR VII\n|cant|p2b: WAKANDA FOREVER|flinch\n|\n|-weather|RainDance|[upkeep]\n|-heal|p2b: WAKANDA FOREVER|91/100|[from] ability: Rain Dish\n|upkeep\n|\n|t:|1788314799\n|switch|p2a: The Wiz|Delphox, L50, M, shiny|100/100\n|turn|8\n|\n|t:|1788314845\n|move|p1a: Weavile|Protect|p1a: Weavile\n|-singleturn|p1a: Weavile|Protect\n|move|p2a: The Wiz|Protect|p2a: The Wiz\n|-singleturn|p2a: The Wiz|Protect\n|move|p1b: Pelipper|Weather Ball|p2a: The Wiz\n|-activate|p2a: The Wiz|move: Protect\n|move|p2b: WAKANDA FOREVER|Aura Sphere|p1a: Weavile\n|-activate|p1a: Weavile|move: Protect\n|\n|-weather|RainDance|[upkeep]\n|-heal|p2b: WAKANDA FOREVER|97/100|[from] ability: Rain Dish\n|upkeep\n|turn|9\n|\n|t:|1788314878\n|detailschange|p2a: The Wiz|Delphox-Mega, L50, M, shiny\n|-mega|p2a: The Wiz|Delphox|Delphoxite\n|move|p2a: The Wiz|Encore|p1a: Weavile\n|-start|p1a: Weavile|Encore\n|move|p1a: Weavile|Protect|p1a: Weavile\n|-singleturn|p1a: Weavile|Protect\n|move|p1b: Pelipper|Weather Ball|p2a: The Wiz\n|-supereffective|p2a: The Wiz|1\n|-damage|p2a: The Wiz|13/100\n|move|p2b: WAKANDA FOREVER|Aura Sphere|p1b: Pelipper\n|-resisted|p1b: Pelipper|1\n|-damage|p1b: Pelipper|91/100\n|\n|-weather|RainDance|[upkeep]\n|-heal|p2b: WAKANDA FOREVER|100/100|[from] ability: Rain Dish\n|upkeep\n|turn|10\n|\n|t:|1788314917\n|switch|p1a: Dragonite|Dragonite-Mega, L50, M, shiny|44/100\n|move|p1b: Pelipper|Protect|p1b: Pelipper\n|-singleturn|p1b: Pelipper|Protect\n|move|p2a: The Wiz|Focus Blast|p1b: Pelipper\n|-activate|p1b: Pelipper|move: Protect\n|move|p2b: WAKANDA FOREVER|Aura Sphere|p1b: Pelipper\n|-activate|p1b: Pelipper|move: Protect\n|\n|-weather|none\n|upkeep\n|turn|11\n|\n|t:|1788314965\n|move|p2a: The Wiz|Flamethrower|p1a: Dragonite\n|-resisted|p1a: Dragonite|1\n|-damage|p1a: Dragonite|22/100\n|-status|p1a: Dragonite|brn\n|move|p1a: Dragonite|Thunder|p2b: WAKANDA FOREVER\n|-supereffective|p2b: WAKANDA FOREVER|1\n|-enditem|p2b: WAKANDA FOREVER|Wacan Berry|[eat]\n|-enditem|p2b: WAKANDA FOREVER|Wacan Berry|[weaken]\n|-damage|p2b: WAKANDA FOREVER|68/100\n|move|p1b: Pelipper|Hurricane|p2a: The Wiz\n|-damage|p2a: The Wiz|0 fnt\n|faint|p2a: The Wiz\n|move|p2b: WAKANDA FOREVER|Aura Sphere|p1a: Dragonite\n|-resisted|p1a: Dragonite|1\n|-damage|p1a: Dragonite|15/100 brn\n|\n|-damage|p1a: Dragonite|9/100 brn|[from] brn\n|upkeep\n|turn|12\n|\n|t:|1788315002\n|move|p1a: Dragonite|Draco Meteor|p2b: WAKANDA FOREVER\n|-damage|p2b: WAKANDA FOREVER|8/100\n|-unboost|p1a: Dragonite|spa|2\n|move|p1b: Pelipper|Hurricane|p2b: WAKANDA FOREVER|[miss]\n|-miss|p1b: Pelipper|p2b: WAKANDA FOREVER\n|move|p2b: WAKANDA FOREVER|Mirror Coat|p1a: Dragonite\n|-damage|p1a: Dragonite|0 fnt\n|faint|p1a: Dragonite\n|\n|upkeep\n|\n|t:|1788315011\n|switch|p1a: Weavile|Weavile, L50, F, shiny|24/100\n|turn|13\n|\n|t:|1788315021\n|move|p2b: WAKANDA FOREVER|Protect|p2b: WAKANDA FOREVER\n|-singleturn|p2b: WAKANDA FOREVER|Protect\n|move|p1a: Weavile|Fake Out|p2b: WAKANDA FOREVER\n|-activate|p2b: WAKANDA FOREVER|move: Protect\n|move|p1b: Pelipper|Weather Ball|p2b: WAKANDA FOREVER\n|-activate|p2b: WAKANDA FOREVER|move: Protect\n|\n|upkeep\n|turn|14\n|c| Catalyxx|let it go bruh\n|c|☆Metalyx01|that was a close game tho\n|c|☆Metalyx01|jackson you wanna do me a huge favor\n|c| Catalyxx|hold on calcing\n|\n|t:|1788315078\n|move|p1a: Weavile|Knock Off|p2b: WAKANDA FOREVER\n|-damage|p2b: WAKANDA FOREVER|0 fnt\n|faint|p2b: WAKANDA FOREVER\n|\n|win|Metalyx01\n||Metalyx01 is ready for game 3.\n||jp789012 is ready for game 3.\n|uhtml|next|Next: <a href=\"/battle-gen9championsvgc2026regmb-2674204619\"><strong>Game 3 of 3</strong></a>\n|l| PKMNSGaming!\n|l|☆jp789012\n|player|p2|\n|l| Donjozo\n|l| Spottedwoot\n|l| ninfire\n|n|☆Metalyx01|metalyx01\n|n| cookiecorner|cookiecorner\n|n| blakbackjk|blakbackjk\n|n| oberon123|oberon123\n|n| Catalyxx|catalyxx\n|l| blakbackjk\n|n| cookiecorner@!|cookiecorner\n|n| oberon123@!|oberon123\n|n| Catalyxx@!|catalyxx\n|n| Catalyxx|catalyxx\n","uploadtime":1788315664,"views":"12","formatid":"gen9championsvgc2026regmb","rating":null,"private":0,"password":null}