{"id":"gen9championsvgc2026regmbbo3-2674993164","format":"[Gen 9 Champions] VGC 2026 Reg M-B (Bo3)","players":["SetoAKaiba","pickleman 385"],"log":"|j|☆SetoAKaiba\n|j|☆pickleman 385\n|html|<table width=\"100%\"><tr><td align=\"left\">SetoAKaiba</td><td align=\"right\">pickleman 385</tr><tr><td align=\"left\"><i class=\"fa fa-circle-o\"></i> <i class=\"fa fa-circle-o\"></i> </td><td align=\"right\"><i class=\"fa fa-circle-o\"></i> <i class=\"fa fa-circle-o\"></i> </tr></table>\n|uhtml|bestof|<h2><strong>Game 1</strong> of <a href=\"/game-bestof3-gen9championsvgc2026regmbbo3-2674993163\">a best-of-3</a></h2>\n|t:|1788446332\n|gametype|doubles\n|player|p1|SetoAKaiba|volkner|\n|player|p2|pickleman 385|archer|\n|gen|9\n|tier|[Gen 9 Champions] VGC 2026 Reg M-B (Bo3)\n|rule|Species Clause: Limit one of each Pokémon\n|rule|Item Clause: Limit 1 of each item\n|clearpoke\n|poke|p1|Archaludon, L50, M|\n|poke|p1|Pelipper, L50, M|\n|poke|p1|Starmie, L50|\n|poke|p1|Scizor, L50, F|\n|poke|p1|Rotom-Mow, L50|\n|poke|p1|Grimmsnarl, L50, M|\n|poke|p2|Aurorus, L50, M|\n|poke|p2|Talonflame, L50, M|\n|poke|p2|Raichu, L50, F|\n|poke|p2|Garchomp, L50, F|\n|poke|p2|Vaporeon, L50, M|\n|poke|p2|Floette-Eternal, L50, F|\n|teampreview|4\n|showteam|p1|Archaludon||Leftovers|Stamina|Protect,DragonPulse,ElectroShot,FlashCannon|Modest||M|||50|]Pelipper||FocusSash|Drizzle|WideGuard,Tailwind,Protect,WeatherBall|Timid||M|||50|]Starmie||Starminite|Illuminate|FlipTurn,Protect,IceSpinner,Liquidation|Jolly|||||50|]Scizor||OccaBerry|Technician|BulletPunch,BugBite,Protect,SwordsDance|Adamant||F|||50|]Rotom-Mow||SitrusBerry|Levitate|LeafStorm,Protect,HelpingHand,Thunderbolt|Timid|||||50|]Grimmsnarl||LightClay|Prankster|Reflect,LightScreen,PartingShot,SpiritBreak|Careful||M|||50|\n|showteam|p2|Aurorus||BabiriBerry|SnowWarning|Blizzard,AuroraVeil,ThunderWave,Protect|Quiet||M|||50|]Talonflame||FocusSash|GaleWings|FlareBlitz,DualWingbeat,QuickGuard,Tailwind|Jolly||M|||50|]Raichu||RaichuniteY|Static|ZapCannon,FocusBlast,VoltSwitch,Protect|Timid||F|||50|]Garchomp||YacheBerry|RoughSkin|BrickBreak,FireFang,StompingTantrum,Protect|Adamant||F|||50|]Vaporeon||SitrusBerry|WaterAbsorb|FlipTurn,Yawn,Charm,Protect|Calm||M|||50|]Floette-Eternal||Floettite|FlowerVeil|CalmMind,DazzlingGleam,DrainingKiss,Protect|Modest||F|||50|\n|inactive|Battle timer is ON: inactive players will automatically lose when time's up. (requested by pickleman 385)\n|c|☆SetoAKaiba|Ok glhf\n|inactive|SetoAKaiba has 60 seconds left.\n|inactive|pickleman 385 has 60 seconds left.\n|inactive|pickleman 385 has 30 seconds left.\n|\n|t:|1788446399\n|teamsize|p1|4\n|teamsize|p2|4\n|start\n|switch|p1a: Grimmsnarl|Grimmsnarl, L50, M|100/100\n|switch|p1b: Archaludon|Archaludon, L50, M|100/100\n|switch|p2a: Talonflame|Talonflame, L50, M|100/100\n|switch|p2b: Raichu|Raichu, L50, F|100/100\n|turn|1\n|inactive|SetoAKaiba has 30 seconds left.\n|inactive|pickleman 385 has 30 seconds left.\n|inactive|pickleman 385 has 20 seconds left.\n|inactive|pickleman 385 has 15 seconds left.\n|\n|t:|1788446443\n|switch|p2a: Garchomp|Garchomp, L50, F|100/100\n|detailschange|p2b: Raichu|Raichu-Mega-Y, L50, F\n|-mega|p2b: Raichu|Raichu|Raichunite Y\n|move|p1b: Archaludon|Protect|p1b: Archaludon\n|-singleturn|p1b: Archaludon|Protect\n|move|p1a: Grimmsnarl|Light Screen|p1a: Grimmsnarl\n|-sidestart|p1: SetoAKaiba|move: Light Screen\n|move|p2b: Raichu|Zap Cannon|p1a: Grimmsnarl\n|-damage|p1a: Grimmsnarl|64/100\n|-status|p1a: Grimmsnarl|par\n|\n|upkeep\n|turn|2\n|\n|t:|1788446460\n|move|p1a: Grimmsnarl|Reflect|p1a: Grimmsnarl\n|-sidestart|p1: SetoAKaiba|Reflect\n|move|p2b: Raichu|Focus Blast|p1b: Archaludon\n|-supereffective|p1b: Archaludon|1\n|-damage|p1b: Archaludon|42/100\n|-ability|p1b: Archaludon|Stamina|boost\n|-boost|p1b: Archaludon|def|1\n|move|p2a: Garchomp|Brick Break|p1a: Grimmsnarl\n|-sideend|p1: SetoAKaiba|Reflect\n|-sideend|p1: SetoAKaiba|move: Light Screen\n|-damage|p1a: Grimmsnarl|29/100 par\n|move|p1b: Archaludon|Dragon Pulse|p2a: Garchomp\n|-supereffective|p2a: Garchomp|1\n|-damage|p2a: Garchomp|29/100\n|\n|-heal|p1b: Archaludon|48/100|[from] item: Leftovers\n|upkeep\n|turn|3\n|\n|t:|1788446482\n|move|p2a: Garchomp|Protect|p2a: Garchomp\n|-singleturn|p2a: Garchomp|Protect\n|move|p1b: Archaludon|Protect|p1b: Archaludon\n|-singleturn|p1b: Archaludon|Protect\n|move|p1a: Grimmsnarl|Parting Shot|p2b: Raichu\n|-unboost|p2b: Raichu|atk|1\n|-unboost|p2b: Raichu|spa|1\n|\n|t:|1788446491\n|switch|p1a: Pelipper|Pelipper, L50, M|100/100|[from] Parting Shot\n|-weather|RainDance|[from] ability: Drizzle|[of] p1a: Pelipper\n|move|p2b: Raichu|Volt Switch|p1a: Pelipper\n|-supereffective|p1a: Pelipper|2\n|-enditem|p1a: Pelipper|Focus Sash\n|-damage|p1a: Pelipper|1/100\n|\n|t:|1788446502\n|switch|p2b: Talonflame|Talonflame, L50, M|100/100|[from] Volt Switch\n|\n|-weather|RainDance|[upkeep]\n|-heal|p1b: Archaludon|54/100|[from] item: Leftovers\n|upkeep\n|turn|4\n|inactive|pickleman 385 has 30 seconds left.\n|inactive|pickleman 385 has 20 seconds left.\n|\n|t:|1788446539\n|switch|p1a: Grimmsnarl|Grimmsnarl, L50, M|29/100 par\n|move|p2b: Talonflame|Dual Wingbeat|p1a: Grimmsnarl\n|-damage|p1a: Grimmsnarl|9/100 par\n|-damage|p1a: Grimmsnarl|0 fnt\n|faint|p1a: Grimmsnarl\n|-hitcount|p1: Grimmsnarl|2\n|move|p2a: Garchomp|Stomping Tantrum|p1b: Archaludon\n|-supereffective|p1b: Archaludon|1\n|-damage|p1b: Archaludon|8/100\n|-ability|p1b: Archaludon|Stamina|boost\n|-boost|p1b: Archaludon|def|1\n|move|p1b: Archaludon|Dragon Pulse|p2a: Garchomp\n|-supereffective|p2a: Garchomp|1\n|-damage|p2a: Garchomp|0 fnt\n|faint|p2a: Garchomp\n|\n|-weather|RainDance|[upkeep]\n|-heal|p1b: Archaludon|14/100|[from] item: Leftovers\n|upkeep\n|\n|t:|1788446556\n|switch|p2a: Raichu|Raichu-Mega-Y, L50, F|100/100\n|switch|p1a: Starmie|Starmie, L50|100/100\n|turn|5\n|inactive|SetoAKaiba has 30 seconds left.\n|inactive|pickleman 385 has 30 seconds left.\n|inactive|SetoAKaiba has 20 seconds left.\n|inactive|pickleman 385 has 20 seconds left.\n|inactive|SetoAKaiba has 15 seconds left.\n|\n|t:|1788446598\n|switch|p2b: Vaporeon|Vaporeon, L50, M|100/100\n|detailschange|p1a: Starmie|Starmie-Mega, L50\n|-mega|p1a: Starmie|Starmie|Starminite\n|move|p2a: Raichu|Zap Cannon|p1a: Starmie\n|-supereffective|p1a: Starmie|1\n|-damage|p1a: Starmie|0 fnt\n|faint|p1a: Starmie\n|move|p1b: Archaludon|Electro Shot||[still]\n|-prepare|p1b: Archaludon|Electro Shot\n|-boost|p1b: Archaludon|spa|1\n|-anim|p1b: Archaludon|Electro Shot|p2b: Vaporeon\n|-supereffective|p2b: Vaporeon|1\n|-damage|p2b: Vaporeon|12/100\n|-enditem|p2b: Vaporeon|Sitrus Berry|[eat]\n|-heal|p2b: Vaporeon|37/100|[from] item: Sitrus Berry\n|\n|-weather|RainDance|[upkeep]\n|-heal|p1b: Archaludon|20/100y|[from] item: Leftovers\n|upkeep\n|\n|t:|1788446610\n|switch|p1a: Pelipper|Pelipper, L50, M|1/100\n|turn|6\n|\n|t:|1788446623\n|move|p1a: Pelipper|Protect|p1a: Pelipper\n|-singleturn|p1a: Pelipper|Protect\n|move|p2a: Raichu|Focus Blast|p1b: Archaludon\n|-supereffective|p1b: Archaludon|1\n|-damage|p1b: Archaludon|0 fnt\n|faint|p1b: Archaludon\n|move|p2b: Vaporeon|Flip Turn|p1a: Pelipper\n|-activate|p1a: Pelipper|move: Protect\n|\n|-weather|RainDance|[upkeep]\n|upkeep\n|turn|7\n|\n|t:|1788446634\n|move|p2a: Raichu|Zap Cannon|p1a: Pelipper\n|-supereffective|p1a: Pelipper|2\n|-damage|p1a: Pelipper|0 fnt\n|faint|p1a: Pelipper\n|\n|win|pickleman 385\n|c|☆SetoAKaiba|Ggs\n||SetoAKaiba is ready for game 2.\n|c|☆pickleman 385|gg\n||pickleman 385 is ready for game 2.\n|uhtml|next|Next: <a href=\"/battle-gen9championsvgc2026regmbbo3-2674995779\"><strong>Game 2 of 3</strong></a>\n|l|☆SetoAKaiba\n|player|p1|\n","uploadtime":1788447080,"views":"2","formatid":"gen9championsvgc2026regmbbo3","rating":null,"private":0,"password":null}