{"id":"gen9championsvgc2026regmb-2673884434","format":"[Gen 9 Champions] VGC 2026 Reg M-B","players":["maxmega15","ehmehmeh"],"log":"|j|☆maxmega15\n|j|☆ehmehmeh\n|t:|1788272872\n|gametype|doubles\n|player|p1|maxmega15|marlon|1032\n|player|p2|ehmehmeh|policeman-gen4|1042\n|gen|9\n|tier|[Gen 9 Champions] VGC 2026 Reg M-B\n|rated|\n|rule|Species Clause: Limit one of each Pokémon\n|rule|Item Clause: Limit 1 of each item\n|clearpoke\n|poke|p1|Raichu, L50, F|\n|poke|p1|Dragapult, L50, M|\n|poke|p1|Palafin, L50, M|\n|poke|p1|Basculegion, L50, M|\n|poke|p1|Sableye, L50, M|\n|poke|p1|Falinks, L50|\n|poke|p2|Ampharos, L50, F, shiny|\n|poke|p2|Manectric, L50, M, shiny|\n|poke|p2|Charizard, L50, F|\n|poke|p2|Staraptor, L50, M|\n|poke|p2|Mamoswine, L50, M|\n|poke|p2|Meowstic, L50, M|\n|teampreview|4\n|\n|t:|1788272896\n|teamsize|p1|4\n|teamsize|p2|4\n|start\n|switch|p1a: Raichu|Raichu, L50, F|100/100\n|switch|p1b: Sableye|Sableye, L50, M|100/100\n|switch|p2a: Manectric|Manectric, L50, M, shiny|100/100\n|switch|p2b: Meowstic|Meowstic, L50, M|100/100\n|turn|1\n|\n|t:|1788272945\n|move|p1a: Raichu|Fake Out|p2b: Meowstic\n|-damage|p2b: Meowstic|88/100\n|move|p1b: Sableye|Fake Out|p2a: Manectric\n|-damage|p2a: Manectric|86/100\n|cant|p2b: Meowstic|flinch\n|cant|p2a: Manectric|flinch\n|\n|upkeep\n|turn|2\n|\n|t:|1788272964\n|detailschange|p1a: Raichu|Raichu-Mega-Y, L50, F\n|-mega|p1a: Raichu|Raichu|Raichunite Y\n|move|p2b: Meowstic|Light Screen|p2b: Meowstic\n|-sidestart|p2: ehmehmeh|move: Light Screen\n|move|p2a: Manectric|Flamethrower|p1a: Raichu\n|-damage|p1a: Raichu|51/100\n|move|p1a: Raichu|Zap Cannon|p2b: Meowstic\n|-damage|p2b: Meowstic|51/100\n|-status|p2b: Meowstic|par\n|move|p1b: Sableye|Quash||[still]\n|-fail|p1b: Sableye\n|\n|upkeep\n|turn|3\n|\n|t:|1788272996\n|switch|p2b: Ampharos|Ampharos, L50, F, shiny|100/100\n|move|p2a: Manectric|Flamethrower|p1a: Raichu\n|-damage|p1a: Raichu|0 fnt\n|faint|p1a: Raichu\n|move|p1b: Sableye|Trick|p2a: Manectric\n|-activate|p1b: Sableye|move: Trick|[of] p2a: Manectric\n|-item|p2a: Manectric|Focus Sash|[from] move: Trick\n|-item|p1b: Sableye|Choice Scarf|[from] move: Trick\n|\n|upkeep\n|\n|t:|1788273007\n|switch|p1a: Dragapult|Dragapult, L50, M|100/100\n|turn|4\n|\n|t:|1788273021\n|move|p1a: Dragapult|Dragon Dance|p1a: Dragapult\n|-boost|p1a: Dragapult|atk|1\n|-boost|p1a: Dragapult|spe|1\n|move|p1b: Sableye|Trick|p2b: Ampharos\n|-activate|p1b: Sableye|move: Trick|[of] p2b: Ampharos\n|-item|p2b: Ampharos|Choice Scarf|[from] move: Trick\n|-item|p1b: Sableye|Quick Claw|[from] move: Trick\n|move|p2a: Manectric|Thunder Wave|p1a: Dragapult\n|-status|p1a: Dragapult|par\n|move|p2b: Ampharos|Power Gem|p1a: Dragapult\n|-damage|p1a: Dragapult|47/100 par\n|\n|upkeep\n|turn|5\n|\n|t:|1788273039\n|move|p2a: Manectric|Charge Beam|p1b: Sableye\n|-damage|p1b: Sableye|40/100\n|-boost|p2a: Manectric|spa|1\n|move|p1a: Dragapult|Dragon Darts|p2b: Ampharos\n|-damage|p2b: Ampharos|58/100\n|-anim|p1a: Dragapult|Dragon Darts|p2a: Manectric\n|-damage|p2a: Manectric|6/100\n|move|p1b: Sableye|Quash|p2b: Ampharos\n|-activate|p2b: Ampharos|move: Quash\n|move|p2b: Ampharos|Power Gem|p1a: Dragapult\n|-damage|p1a: Dragapult|0 fnt\n|faint|p1a: Dragapult\n|\n|upkeep\n|\n|t:|1788273051\n|switch|p1a: Basculegion|Basculegion, L50, M|100/100\n|turn|6\n|c|☆maxmega15|... i forgot to give my sableye prankster lol\n|\n|t:|1788273070\n|switch|p2a: Staraptor|Staraptor, L50, M|100/100\n|-ability|p2a: Staraptor|Intimidate|boost\n|-unboost|p1a: Basculegion|atk|1\n|-unboost|p1b: Sableye|atk|1\n|switch|p2b: Meowstic|Meowstic, L50, M|51/100 par\n|move|p1a: Basculegion|Last Respects|p2b: Meowstic\n|-supereffective|p2b: Meowstic|1\n|-damage|p2b: Meowstic|0 fnt\n|faint|p2b: Meowstic\n|move|p1b: Sableye|Will-O-Wisp|p2a: Staraptor\n|-status|p2a: Staraptor|brn\n|\n|-damage|p2a: Staraptor|93/100 brn|[from] brn\n|-sideend|p2: ehmehmeh|move: Light Screen\n|upkeep\n|\n|t:|1788273083\n|switch|p2b: Manectric|Manectric, L50, M, shiny|6/100\n|turn|7\n|\n|t:|1788273103\n|detailschange|p2a: Staraptor|Staraptor-Mega, L50, M\n|-mega|p2a: Staraptor|Staraptor|Staraptite\n|move|p1a: Basculegion|Last Respects|p2b: Manectric\n|-damage|p2b: Manectric|0 fnt\n|faint|p2b: Manectric\n|move|p2a: Staraptor|Brave Bird|p1a: Basculegion\n|-damage|p1a: Basculegion|59/100\n|-damage|p2a: Staraptor|77/100 brn|[from] Recoil\n|move|p1b: Sableye|Trick|p1a: Basculegion\n|-activate|p1b: Sableye|move: Trick|[of] p1a: Basculegion\n|-item|p1a: Basculegion|Quick Claw|[from] move: Trick\n|-item|p1b: Sableye|Choice Scarf|[from] move: Trick\n|\n|-damage|p2a: Staraptor|71/100 brn|[from] brn\n|upkeep\n|\n|t:|1788273116\n|switch|p2b: Ampharos|Ampharos, L50, F, shiny|58/100\n|turn|8\n|\n|t:|1788273140\n|move|p2a: Staraptor|Brave Bird|p1a: Basculegion\n|-damage|p1a: Basculegion|15/100\n|-damage|p2a: Staraptor|53/100 brn|[from] Recoil\n|move|p1b: Sableye|Trick|p2b: Ampharos\n|-activate|p1b: Sableye|move: Trick|[of] p2b: Ampharos\n|-item|p2b: Ampharos|Choice Scarf|[from] move: Trick\n|-item|p1b: Sableye|Choice Scarf|[from] move: Trick\n|move|p1a: Basculegion|Last Respects|p2b: Ampharos\n|-damage|p2b: Ampharos|0 fnt\n|faint|p2b: Ampharos\n|\n|-damage|p2a: Staraptor|47/100 brn|[from] brn\n|upkeep\n|turn|9\n|-activate|p1a: Basculegion|item: Quick Claw\n|\n|t:|1788273156\n|move|p1a: Basculegion|Zen Headbutt|p2a: Staraptor\n|-supereffective|p2a: Staraptor|1\n|-damage|p2a: Staraptor|9/100 brn\n|move|p2a: Staraptor|Brave Bird|p1a: Basculegion\n|-damage|p1a: Basculegion|0 fnt\n|faint|p1a: Basculegion\n|-damage|p2a: Staraptor|3/100 brn|[from] Recoil\n|move|p1b: Sableye|Trick|p1: Basculegion|[notarget]\n|-fail|p1b: Sableye\n|\n|-damage|p2a: Staraptor|0 fnt|[from] brn\n|faint|p2a: Staraptor\n|\n|win|maxmega15\n|raw|maxmega15's rating: 1032 &rarr; <strong>1068</strong><br />(+36 for winning)\n|raw|ehmehmeh's rating: 1042 &rarr; <strong>1025</strong><br />(-17 for losing)\n|l|☆ehmehmeh\n|player|p2|\n|c|☆maxmega15|gg\n","uploadtime":1788273170,"views":"17","formatid":"gen9championsvgc2026regmb","rating":1025,"private":0,"password":null}