{"id":"gen9championsvgc2026regmbbo3-2674440423","format":"[Gen 9 Champions] VGC 2026 Reg M-B (Bo3)","players":["Chef204","Pastor/Sinner"],"log":"|j|☆Chef204\n|j|☆Pastor/Sinner\n|html|<table width=\"100%\"><tr><td align=\"left\">Chef204</td><td align=\"right\">Pastor&#x2f;Sinner</tr><tr><td align=\"left\"><i class=\"fa fa-circle\"></i> <i class=\"fa fa-circle-o\"></i> </td><td align=\"right\"><i class=\"fa fa-circle-o\"></i> <i class=\"fa fa-circle-o\"></i> </tr></table>\n|uhtml|bestof|<h2><strong>Game 2</strong> of <a href=\"/game-bestof3-gen9championsvgc2026regmbbo3-2674438821\">a best-of-3</a></h2>\n|t:|1788360092\n|gametype|doubles\n|player|p1|Chef204|266|\n|player|p2|Pastor/Sinner|266|\n|gen|9\n|tier|[Gen 9 Champions] VGC 2026 Reg M-B (Bo3)\n|rule|Species Clause: Limit one of each Pokémon\n|rule|Item Clause: Limit 1 of each item\n|clearpoke\n|poke|p1|Staraptor, L50, M|\n|poke|p1|Kingambit, L50, M, shiny|\n|poke|p1|Whimsicott, L50, F|\n|poke|p1|Farigiraf, L50, M|\n|poke|p1|Floette-Eternal, L50, F|\n|poke|p1|Basculegion, L50, M|\n|poke|p2|Dragonite, L50, M|\n|poke|p2|Alcremie-Rainbow-Swirl, L50, F|\n|poke|p2|Incineroar, L50, M|\n|poke|p2|Slowking, L50, M|\n|poke|p2|Sinistcha, L50|\n|poke|p2|Scizor, L50, F|\n|teampreview|4\n|showteam|p1|Staraptor||Staraptite|Intimidate|CloseCombat,DualWingbeat,Roost,Protect|Jolly||M|||50|]Kingambit||FocusSash|Defiant|KowtowCleave,SuckerPunch,IronHead,Protect|Adamant||M|||50|]Whimsicott||OccaBerry|Prankster|Moonblast,Tailwind,Encore,Charm|Bold||F|||50|]Farigiraf||SitrusBerry|ArmorTail|Psychic,TrickRoom,Thunderbolt,NastyPlot|Bold||M|||50|]Floette-Eternal||Floettite|FlowerVeil|DazzlingGleam,Moonblast,LightofRuin,Protect|Modest||F|||50|]Basculegion||ChoiceScarf|Adaptability|WaveCrash,LastRespects,AquaJet,FlipTurn|Jolly||M|||50|\n|showteam|p2|Dragonite||Dragoninite|Multiscale|DragonPulse,Protect,Thunderbolt,ExtremeSpeed|Quiet||M|||50|]Alcremie-Rainbow-Swirl||ChoiceScarf|AromaVeil|Decorate,DazzlingGleam,Psyshock,MysticalFire|Timid||F|||50|]Incineroar||ChopleBerry|Intimidate|FakeOut,Protect,WillOWisp,HeatWave|Bold||M|||50|]Slowking||ColburBerry|Oblivious|MuddyWater,Protect,TrickRoom,Psychic|Calm||M|||50|]Sinistcha||KasibBerry|Hospitality|MatchaGotcha,Protect,TrickRoom,LifeDew|Bold|||||50|]Scizor||Scizorite|Technician|BugBite,Protect,SwordsDance,BulletPunch|Adamant||F|||50|\n|inactive|Battle timer is ON: inactive players will automatically lose when time's up. (requested by Chef204)\n|\n|t:|1788360115\n|teamsize|p1|4\n|teamsize|p2|4\n|start\n|switch|p1a: Ripjaws|Basculegion, L50, M|100/100\n|switch|p1b: Confidence|Whimsicott, L50, F|100/100\n|switch|p2a: Scizor|Scizor, L50, F|100/100\n|switch|p2b: Incineroar|Incineroar, L50, M|100/100\n|-ability|p2b: Incineroar|Intimidate|boost\n|-unboost|p1a: Ripjaws|atk|1\n|-unboost|p1b: Confidence|atk|1\n|turn|1\n|inactive|Pastor/Sinner has 30 seconds left.\n|\n|t:|1788360143\n|switch|p1b: Alexander da Great|Kingambit, L50, M, shiny|100/100\n|detailschange|p2a: Scizor|Scizor-Mega, L50, F\n|-mega|p2a: Scizor|Scizor|Scizorite\n|move|p1a: Ripjaws|Flip Turn|p2b: Incineroar\n|-supereffective|p2b: Incineroar|1\n|-damage|p2b: Incineroar|50/100y\n|\n|t:|1788360153\n|switch|p1a: Confidence|Whimsicott, L50, F|100/100|[from] Flip Turn\n|move|p2a: Scizor|Swords Dance|p2a: Scizor\n|-boost|p2a: Scizor|atk|2\n|move|p2b: Incineroar|Will-O-Wisp|p1a: Confidence|[miss]\n|-miss|p2b: Incineroar|p1a: Confidence\n|\n|upkeep\n|turn|2\n|\n|t:|1788360173\n|move|p1b: Alexander da Great|Protect|p1b: Alexander da Great\n|-singleturn|p1b: Alexander da Great|Protect\n|move|p1a: Confidence|Encore|p2a: Scizor\n|-start|p2a: Scizor|Encore\n|move|p2a: Scizor|Swords Dance|p2a: Scizor\n|-boost|p2a: Scizor|atk|2\n|move|p2b: Incineroar|Heat Wave|p1b: Alexander da Great|[spread] \n|-activate|p1b: Alexander da Great|move: Protect\n|-miss|p2b: Incineroar|p1a: Confidence\n|\n|upkeep\n|turn|3\n|\n|t:|1788360186\n|move|p1a: Confidence|Moonblast|p2b: Incineroar\n|-damage|p2b: Incineroar|25/100\n|move|p2a: Scizor|Swords Dance|p2a: Scizor\n|-boost|p2a: Scizor|atk|2\n|move|p2b: Incineroar|Heat Wave|p1b: Alexander da Great|[spread] p1a,p1b\n|-supereffective|p1a: Confidence|1\n|-enditem|p1a: Confidence|Occa Berry|[eat]\n|-enditem|p1a: Confidence|Occa Berry|[weaken]\n|-supereffective|p1b: Alexander da Great|1\n|-damage|p1a: Confidence|75/100\n|-damage|p1b: Alexander da Great|53/100\n|move|p1b: Alexander da Great|Kowtow Cleave|p2a: Scizor\n|-damage|p2a: Scizor|58/100\n|\n|upkeep\n|turn|4\n|\n|t:|1788360200\n|move|p1a: Confidence|Moonblast|p2b: Incineroar\n|-damage|p2b: Incineroar|3/100\n|move|p2a: Scizor|Swords Dance|p2a: Scizor\n|-boost|p2a: Scizor|atk|0\n|move|p2b: Incineroar|Heat Wave|p1b: Alexander da Great|[spread] p1b\n|-miss|p2b: Incineroar|p1a: Confidence\n|-supereffective|p1b: Alexander da Great|1\n|-damage|p1b: Alexander da Great|4/100\n|move|p1b: Alexander da Great|Kowtow Cleave|p2a: Scizor\n|-damage|p2a: Scizor|15/100\n|\n|-end|p2a: Scizor|Encore\n|upkeep\n|turn|5\n|inactive|Pastor/Sinner has 30 seconds left.\n|\n|t:|1788360229\n|move|p2a: Scizor|Protect|p2a: Scizor\n|-singleturn|p2a: Scizor|Protect\n|move|p1a: Confidence|Encore|p2a: Scizor\n|-activate|p2a: Scizor|move: Protect\n|move|p1b: Alexander da Great|Sucker Punch|p2b: Incineroar\n|-resisted|p2b: Incineroar|1\n|-damage|p2b: Incineroar|0 fnt\n|faint|p2b: Incineroar\n|\n|upkeep\n|\n|t:|1788360244\n|switch|p2b: Sinistcha|Sinistcha, L50|100/100\n|-heal|p2a: Scizor|40/100|[from] ability: Hospitality|[of] p2b: Sinistcha\n|turn|6\n|\n|t:|1788360251\n|move|p2a: Scizor|Protect|p2a: Scizor\n|-singleturn|p2a: Scizor|Protect\n|move|p1a: Confidence|Encore|p2a: Scizor\n|-activate|p2a: Scizor|move: Protect\n|move|p1b: Alexander da Great|Kowtow Cleave|p2b: Sinistcha\n|-supereffective|p2b: Sinistcha|1\n|-damage|p2b: Sinistcha|13/100\n|move|p2b: Sinistcha|Trick Room|p2b: Sinistcha\n|-fieldstart|move: Trick Room|[of] p2b: Sinistcha\n|\n|upkeep\n|turn|7\n|inactive|Chef204 has 30 seconds left.\n|\n|t:|1788360282\n|switch|p2b: Alcremie|Alcremie-Rainbow-Swirl, L50, F|100/100\n|move|p2a: Scizor|Bullet Punch|p1a: Confidence\n|-supereffective|p1a: Confidence|1\n|-damage|p1a: Confidence|0 fnt\n|faint|p1a: Confidence\n|move|p1b: Alexander da Great|Kowtow Cleave|p2a: Scizor\n|-damage|p2a: Scizor|0 fnt\n|faint|p2a: Scizor\n|\n|upkeep\n|-message|Pastor/Sinner forfeited.\n|\n|win|Chef204\n|l|☆Pastor/Sinner\n|player|p2|\n","uploadtime":1788360343,"views":"20","formatid":"gen9championsvgc2026regmbbo3","rating":null,"private":0,"password":null}