{"id":"gen9championsvgc2026regmb-2674662092","format":"[Gen 9 Champions] VGC 2026 Reg M-B","players":["Spiderc","Swiftalu"],"log":"|j|☆Spiderc\n|j|☆Swiftalu\n|html|<table width=\"100%\"><tr><td align=\"left\">Spiderc</td><td align=\"right\">Swiftalu</tr><tr><td align=\"left\"><i class=\"fa fa-circle-o\"></i> <i class=\"fa fa-circle-o\"></i> </td><td align=\"right\"><i class=\"fa fa-circle-o\"></i> <i class=\"fa fa-circle\"></i> </tr></table>\n|uhtml|bestof|<h2><strong>Game 2</strong> of <a href=\"/game-bestof3-gen9championsvgc2026regmb-2674660543\">a best-of-3</a></h2>\n|t:|1788386808\n|gametype|doubles\n|player|p1|Spiderc|miku-ground|\n|player|p2|Swiftalu|rosa|\n|gen|9\n|tier|[Gen 9 Champions] VGC 2026 Reg M-B\n|rule|Species Clause: Limit one of each Pokémon\n|rule|Item Clause: Limit 1 of each item\n|raw|<div class=\"infobox\"><details class=\"readmore\" open><summary><strong>1 custom rule:</strong></summary> Best of = 3</details></div>\n|clearpoke\n|poke|p1|Sableye, L50, F|\n|poke|p1|Garchomp, L50, M|\n|poke|p1|Scovillain, L50, F|\n|poke|p1|Ninetales-Alola, L50, M|\n|poke|p1|Hippowdon, L50, F|\n|poke|p1|Corviknight, L50, M|\n|poke|p2|Charizard, L50, F|\n|poke|p2|Garchomp, L50, M|\n|poke|p2|Venusaur, L50, F|\n|poke|p2|Pelipper, L50, M|\n|poke|p2|Garganacl, L50, M|\n|poke|p2|Zoroark-Hisui, L50, F|\n|teampreview|4\n|inactive|Battle timer is ON: inactive players will automatically lose when time's up. (requested by Swiftalu)\nSpiderc rejected open team sheets.\n|inactive|Spiderc has 60 seconds left.\n|inactive|Swiftalu has 60 seconds left.\n|inactive|Swiftalu has 30 seconds left.\n|inactive|Swiftalu has 20 seconds left.\n|\n|t:|1788386884\n|teamsize|p1|4\n|teamsize|p2|4\n|start\n|switch|p1a: Fighti|Corviknight, L50, M|100/100\n|switch|p1b: Torreb|Hippowdon, L50, F|100/100\n|switch|p2a: Charizard|Charizard, L50, F|100/100\n|switch|p2b: Garganacl|Garganacl, L50, M|100/100\n|-ability|p1a: Fighti|Unnerve\n|-weather|Sandstorm|[from] ability: Sand Stream|[of] p1b: Torreb\n|turn|1\n|\n|t:|1788386902\n|detailschange|p2a: Charizard|Charizard-Mega-Y, L50, F\n|-mega|p2a: Charizard|Charizard|Charizardite Y\n|-weather|SunnyDay|[from] ability: Drought|[of] p2a: Charizard\n|move|p2a: Charizard|Heat Wave|p1b: Torreb|[spread] p1a,p1b\n|-supereffective|p1a: Fighti|1\n|-damage|p1a: Fighti|0 fnt\n|-damage|p1b: Torreb|35/100\n|-enditem|p1b: Torreb|Sitrus Berry|[eat]\n|-heal|p1b: Torreb|60/100|[from] item: Sitrus Berry\n|faint|p1a: Fighti\n|move|p1b: Torreb|Rock Tomb|p2a: Charizard\n|-supereffective|p2a: Charizard|2\n|-crit|p2a: Charizard\n|-damage|p2a: Charizard|0 fnt\n|faint|p2a: Charizard\n|move|p2b: Garganacl|Salt Cure|p1b: Torreb\n|-resisted|p1b: Torreb|1\n|-damage|p1b: Torreb|55/100\n|-start|p1b: Torreb|Salt Cure\n|\n|-weather|SunnyDay|[upkeep]\n|-damage|p1b: Torreb|49/100|[from] Salt Cure\n|upkeep\n|inactive|Spiderc has 30 seconds left.\n|\n|t:|1788386929\n|switch|p2a: Garchomp|Garchomp, L50, M|100/100\n|switch|p1a: Redscar|Garchomp, L50, M|100/100\n|turn|2\n|\n|t:|1788386946\n|detailschange|p1a: Redscar|Garchomp-Mega, L50, M\n|-mega|p1a: Redscar|Garchomp|Garchompite\n|move|p2a: Garchomp|Protect|p2a: Garchomp\n|-singleturn|p2a: Garchomp|Protect\n|move|p1a: Redscar|Dragon Claw|p2a: Garchomp\n|-activate|p2a: Garchomp|move: Protect\n|move|p1b: Torreb|High Horsepower|p2b: Garganacl|[miss]\n|-miss|p1b: Torreb|p2b: Garganacl\n|move|p2b: Garganacl|Salt Cure|p1a: Redscar\n|-resisted|p1a: Redscar|1\n|-damage|p1a: Redscar|93/100\n|-start|p1a: Redscar|Salt Cure\n|\n|-weather|SunnyDay|[upkeep]\n|-damage|p1a: Redscar|87/100|[from] Salt Cure\n|-damage|p1b: Torreb|43/100|[from] Salt Cure\n|upkeep\n|turn|3\n|\n|t:|1788386970\n|move|p1b: Torreb|Protect|p1b: Torreb\n|-singleturn|p1b: Torreb|Protect\n|move|p2a: Garchomp|Dragon Claw|p1a: Redscar\n|-supereffective|p1a: Redscar|1\n|-damage|p1a: Redscar|13/100\n|move|p1a: Redscar|Earthquake|p2b: Garganacl|[spread] p2a,p2b\n|-activate|p1b: Torreb|move: Protect\n|-supereffective|p2b: Garganacl|1\n|-damage|p2a: Garchomp|52/100\n|-damage|p2b: Garganacl|50/100g\n|move|p2b: Garganacl|Salt Cure|p1a: Redscar\n|-resisted|p1a: Redscar|1\n|-damage|p1a: Redscar|8/100\n|\n|-weather|SunnyDay|[upkeep]\n|-damage|p1a: Redscar|2/100|[from] Salt Cure\n|-damage|p1b: Torreb|37/100|[from] Salt Cure\n|upkeep\n|turn|4\n|j| grouchobarx\n|\n|t:|1788386991\n|move|p2a: Garchomp|Protect|p2a: Garchomp\n|-singleturn|p2a: Garchomp|Protect\n|move|p1a: Redscar|Dragon Claw|p2a: Garchomp\n|-activate|p2a: Garchomp|move: Protect\n|move|p1b: Torreb|High Horsepower|p2b: Garganacl\n|-supereffective|p2b: Garganacl|1\n|-damage|p2b: Garganacl|1/100\n|-enditem|p2b: Garganacl|Sitrus Berry|[eat]\n|-heal|p2b: Garganacl|25/100|[from] item: Sitrus Berry\n|move|p2b: Garganacl|Recover|p2b: Garganacl\n|-heal|p2b: Garganacl|75/100\n|\n|-weather|SunnyDay|[upkeep]\n|-damage|p1a: Redscar|0 fnt|[from] Salt Cure\n|faint|p1a: Redscar\n|-damage|p1b: Torreb|31/100|[from] Salt Cure\n|upkeep\n|\n|t:|1788387005\n|switch|p1a: Ceria|Ninetales-Alola, L50, M|100/100\n|-weather|Snowscape|[from] ability: Snow Warning|[of] p1a: Ceria\n|turn|5\n|\n|t:|1788387016\n|switch|p2a: Pelipper|Pelipper, L50, M|100/100\n|-weather|RainDance|[from] ability: Drizzle|[of] p2a: Pelipper\n|move|p1a: Ceria|Weather Ball|p2a: Pelipper\n|-resisted|p2a: Pelipper|1\n|-damage|p2a: Pelipper|68/100\n|move|p1b: Torreb|High Horsepower|p2b: Garganacl\n|-supereffective|p2b: Garganacl|1\n|-damage|p2b: Garganacl|20/100y\n|move|p2b: Garganacl|Salt Cure|p1a: Ceria\n|-supereffective|p1a: Ceria|1\n|-damage|p1a: Ceria|52/100\n|-start|p1a: Ceria|Salt Cure\n|\n|-weather|RainDance|[upkeep]\n|-damage|p1a: Ceria|47/100|[from] Salt Cure\n|-damage|p1b: Torreb|25/100|[from] Salt Cure\n|upkeep\n|turn|6\n|inactive|Swiftalu has 30 seconds left.\n|inactive|Swiftalu has 20 seconds left.\n|\n|t:|1788387051\n|move|p2b: Garganacl|Protect|p2b: Garganacl\n|-singleturn|p2b: Garganacl|Protect\n|move|p2a: Pelipper|Weather Ball|p1a: Ceria\n|-crit|p1a: Ceria\n|-damage|p1a: Ceria|0 fnt\n|faint|p1a: Ceria\n|move|p1b: Torreb|Rock Tomb|p2a: Pelipper\n|-supereffective|p2a: Pelipper|1\n|-damage|p2a: Pelipper|13/100\n|-unboost|p2a: Pelipper|spe|1\n|\n|-weather|RainDance|[upkeep]\n|-damage|p1b: Torreb|19/100|[from] Salt Cure\n|upkeep\n|turn|7\n|c|☆Spiderc|gg\n|\n|t:|1788387066\n|move|p2a: Pelipper|Weather Ball|p1b: Torreb\n|-supereffective|p1b: Torreb|1\n|-damage|p1b: Torreb|0 fnt\n|faint|p1b: Torreb\n|\n|win|Swiftalu\n|l|☆Spiderc\n|player|p1|\n","uploadtime":1788387071,"views":"6","formatid":"gen9championsvgc2026regmb","rating":null,"private":0,"password":null}