{"id":"gen9championsvgc2026regmb-2673856262","format":"[Gen 9 Champions] VGC 2026 Reg M-B","players":["miltoneering","MaddieHD"],"log":"|j|☆miltoneering\n|j|☆MaddieHD\n|html|<table width=\"100%\"><tr><td align=\"left\">miltoneering</td><td align=\"right\">MaddieHD</tr><tr><td align=\"left\"><i class=\"fa fa-circle\"></i> <i class=\"fa fa-circle-o\"></i> </td><td align=\"right\"><i class=\"fa fa-circle-o\"></i> <i class=\"fa fa-circle\"></i> </tr></table>\n|uhtml|bestof|<h2><strong>Game 3</strong> of <a href=\"/game-bestof3-gen9championsvgc2026regmb-2673852112\">a best-of-3</a></h2>\n|t:|1788269175\n|gametype|doubles\n|player|p1|miltoneering|102|\n|player|p2|MaddieHD|lady|\n|gen|9\n|tier|[Gen 9 Champions] VGC 2026 Reg M-B\n|rule|Species Clause: Limit one of each Pokémon\n|rule|Item Clause: Limit 1 of each item\n|raw|<div class=\"infobox\"><details class=\"readmore\" open><summary><strong>1 custom rule:</strong></summary> Best of = 3</details></div>\n|clearpoke\n|poke|p1|Lucario, L50, M|\n|poke|p1|Alakazam, L50, F|\n|poke|p1|Slowking-Galar, L50, M|\n|poke|p1|Simisage, L50, M|\n|poke|p1|Krookodile, L50, M|\n|poke|p1|Trevenant, L50, M|\n|poke|p2|Hatterene, L50, F|\n|poke|p2|Ceruledge, L50, F|\n|poke|p2|Floette-Eternal, L50, F|\n|poke|p2|Ninetales, L50, F|\n|poke|p2|Leafeon, L50, M|\n|poke|p2|Falinks, L50|\n|teampreview|4\nMaddieHD rejected open team sheets.\n|\n|t:|1788269209\n|teamsize|p1|4\n|teamsize|p2|4\n|start\n|switch|p1a: Krookodile|Krookodile, L50, M|100/100\n|switch|p1b: Simisage|Simisage, L50, M|100/100\n|switch|p2a: Flower Man|Floette-Eternal, L50, F|100/100\n|switch|p2b: Netskie|Ninetales, L50, F|100/100\n|-weather|SunnyDay|[from] ability: Drought|[of] p2b: Netskie\n|-ability|p1a: Krookodile|Intimidate|boost\n|-unboost|p2a: Flower Man|atk|1\n|-unboost|p2b: Netskie|atk|1\n|turn|1\n|\n|t:|1788269229\n|detailschange|p2a: Flower Man|Floette-Mega, L50, F\n|-mega|p2a: Flower Man|Floette|Floettite\n|-ability|p2a: Flower Man|Fairy Aura\n|move|p1b: Simisage|Fake Out|p2a: Flower Man\n|-damage|p2a: Flower Man|84/100\n|cant|p2a: Flower Man|flinch\n|move|p2b: Netskie|Heat Wave|p1b: Simisage|[spread] p1a,p1b\n|-supereffective|p1b: Simisage|1\n|-damage|p1a: Krookodile|49/100\n|-enditem|p1b: Simisage|Focus Sash\n|-damage|p1b: Simisage|1/100\n|move|p1a: Krookodile|Rock Slide|p2b: Netskie|[spread] p2a\n|-miss|p1a: Krookodile|p2b: Netskie\n|-crit|p2a: Flower Man\n|-damage|p2a: Flower Man|41/100\n|\n|-weather|SunnyDay|[upkeep]\n|upkeep\n|turn|2\n|c|☆MaddieHD|shucks\n|c|☆MaddieHD|my jarona :[\n|\n|t:|1788269260\n|move|p2a: Flower Man|Protect|p2a: Flower Man\n|-singleturn|p2a: Flower Man|Protect\n|move|p1a: Krookodile|Protect|p1a: Krookodile\n|-singleturn|p1a: Krookodile|Protect\n|move|p1b: Simisage|Rock Slide|p2a: Flower Man|[spread] p2b\n|-activate|p2a: Flower Man|move: Protect\n|-supereffective|p2b: Netskie|1\n|-damage|p2b: Netskie|54/100\n|move|p2b: Netskie|Heat Wave|p1a: Krookodile|[spread] \n|-activate|p1a: Krookodile|move: Protect\n|-miss|p2b: Netskie|p1b: Simisage\n|\n|-weather|SunnyDay|[upkeep]\n|upkeep\n|turn|3\n|c|☆MaddieHD|damn\n|\n|t:|1788269290\n|move|p1b: Simisage|Protect|p1b: Simisage\n|-singleturn|p1b: Simisage|Protect\n|move|p2a: Flower Man|Moonblast|p1a: Krookodile\n|-supereffective|p1a: Krookodile|1\n|-enditem|p1a: Krookodile|Roseli Berry|[eat]\n|-enditem|p1a: Krookodile|Roseli Berry|[weaken]\n|-damage|p1a: Krookodile|0 fnt\n|faint|p1a: Krookodile\n|move|p2b: Netskie|Solar Beam||[still]\n|-prepare|p2b: Netskie|Solar Beam\n|-anim|p2b: Netskie|Solar Beam|p1b: Simisage\n|-activate|p1b: Simisage|move: Protect\n|\n|-weather|SunnyDay|[upkeep]\n|upkeep\n|c|☆miltoneering|these misses :sob:\n|\n|t:|1788269307\n|switch|p1a: Slowking|Slowking-Galar, L50, M|100/100\n|turn|4\n|\n|t:|1788269326\n|move|p2a: Flower Man|Light of Ruin|p1a: Slowking|[miss]\n|-miss|p2a: Flower Man|p1a: Slowking\n|move|p1b: Simisage|Rock Slide|p2b: Netskie|[spread] p2a,p2b\n|-supereffective|p2b: Netskie|1\n|-damage|p2a: Flower Man|21/100\n|-damage|p2b: Netskie|6/100\n|move|p2b: Netskie|Heat Wave|p1b: Simisage|[spread] p1a,p1b\n|-supereffective|p1b: Simisage|1\n|-damage|p1a: Slowking|61/100\n|-damage|p1b: Simisage|0 fnt\n|faint|p1b: Simisage\n|move|p1a: Slowking|Psychic Terrain|p1a: Slowking\n|-fieldstart|move: Psychic Terrain\n|\n|-weather|SunnyDay|[upkeep]\n|-heal|p1a: Slowking|67/100|[from] item: Leftovers\n|upkeep\n|c|☆MaddieHD|what even the hell\n|\n|t:|1788269335\n|switch|p1b: Alakazam|Alakazam, L50, F|100/100\n|turn|5\n|\n|t:|1788269346\n|detailschange|p1b: Alakazam|Alakazam-Mega, L50, F\n|-mega|p1b: Alakazam|Alakazam|Alakazite\n|-ability|p1b: Alakazam|Fairy Aura|Trace|[from] ability: Trace|[of] p2a: Flower Man\n|-ability|p1b: Alakazam|Fairy Aura\n|move|p1b: Alakazam|Expanding Force|p2b: Netskie|[spread] p2a,p2b\n|-damage|p2a: Flower Man|0 fnt\n|-damage|p2b: Netskie|0 fnt\n|faint|p2a: Flower Man\n|faint|p2b: Netskie\n|move|p1a: Slowking|Expanding Force|p2: Flower Man|[notarget]\n|-fail|p1a: Slowking\n|\n|-weather|none\n|-heal|p1a: Slowking|73/100|[from] item: Leftovers\n|upkeep\n|c|☆miltoneering|oof\n|c|☆MaddieHD|yeowch\n|\n|t:|1788269361\n|switch|p2a: Pink|Hatterene, L50, F|100/100\n|switch|p2b: Grey|Ceruledge, L50, F|100/100\n|turn|6\n|\n|t:|1788269380\n|move|p2a: Pink|Protect|p2a: Pink\n|-singleturn|p2a: Pink|Protect\n|move|p1b: Alakazam|Expanding Force|p2a: Pink|[spread] p2b\n|-activate|p2a: Pink|move: Protect\n|-damage|p2b: Grey|12/100\n|move|p2b: Grey|Phantom Force||[still]\n|-prepare|p2b: Grey|Phantom Force\n|move|p1a: Slowking|Psychic Terrain||[still]\n|-fail|p1a: Slowking\n|\n|-heal|p1a: Slowking|79/100|[from] item: Leftovers\n|upkeep\n|turn|7\n|c|☆MaddieHD|glup\n|\n|t:|1788269457\n|move|p1b: Alakazam|Expanding Force|p2a: Pink|[spread] p2a\n|-miss|p1b: Alakazam|p2b: Grey\n|-resisted|p2a: Pink|1\n|-damage|p2a: Pink|57/100\n|move|p2b: Grey|Phantom Force|p1a: Slowking|[from] lockedmove\n|-supereffective|p1a: Slowking|1\n|-damage|p1a: Slowking|0 fnt\n|faint|p1a: Slowking\n|-heal|p2b: Grey|23/100|[from] item: Shell Bell|[of] p1: Slowking\n|move|p2a: Pink|Giga Drain|p1b: Alakazam\n|-damage|p1b: Alakazam|66/100\n|-heal|p2a: Pink|75/100|[from] drain|[of] p1b: Alakazam\n|\n|-heal|p2a: Pink|81/100|[from] item: Leftovers\n|upkeep\n|turn|8\n|c|☆miltoneering|uh oh!\n|\n|t:|1788269481\n|move|p2a: Pink|Protect|p2a: Pink\n|-singleturn|p2a: Pink|Protect\n|move|p1b: Alakazam|Expanding Force|p2a: Pink|[spread] p2b\n|-activate|p2a: Pink|move: Protect\n|-damage|p2b: Grey|0 fnt\n|faint|p2b: Grey\n|\n|-heal|p2a: Pink|87/100|[from] item: Leftovers\n|-fieldend|move: Psychic Terrain\n|upkeep\n|turn|9\n|c|☆MaddieHD|pray time\n|\n|t:|1788269514\n|move|p1b: Alakazam|Nasty Plot|p1b: Alakazam\n|-boost|p1b: Alakazam|spa|2\n|move|p2a: Pink|Giga Drain|p1b: Alakazam\n|-damage|p1b: Alakazam|32/100\n|-heal|p2a: Pink|100/100|[from] drain|[of] p1b: Alakazam\n|\n|upkeep\n|turn|10\n|\n|t:|1788269554\n|move|p1b: Alakazam|Expanding Force|p2a: Pink\n|-resisted|p2a: Pink|1\n|-damage|p2a: Pink|39/100\n|move|p2a: Pink|Giga Drain|p1b: Alakazam\n|-damage|p1b: Alakazam|0 fnt\n|-heal|p2a: Pink|56/100|[from] drain|[of] p1b: Alakazam\n|faint|p1b: Alakazam\n|\n|win|MaddieHD\n|c|☆miltoneering|gg!\n|c|☆MaddieHD|gg\n|c|☆MaddieHD|that was down to the wire huh\n","uploadtime":1788269649,"views":"7","formatid":"gen9championsvgc2026regmb","rating":null,"private":0,"password":null}