{"id":"gen9championsvgc2026regmb-2674576875","format":"[Gen 9 Champions] VGC 2026 Reg M-B","players":["zertrene4","jonfras"],"log":"|j|☆zertrene4\n|j|☆jonfras\n|t:|1788375936\n|gametype|doubles\n|player|p1|zertrene4|lucas|1130\n|player|p2|jonfras|266|1028\n|gen|9\n|tier|[Gen 9 Champions] VGC 2026 Reg M-B\n|rated|\n|rule|Species Clause: Limit one of each Pokémon\n|rule|Item Clause: Limit 1 of each item\n|clearpoke\n|poke|p1|Froslass, L50, F|\n|poke|p1|Meowstic, L50, M|\n|poke|p1|Aerodactyl, L50, M|\n|poke|p1|Lycanroc-Dusk, L50, M|\n|poke|p1|Gholdengo, L50|\n|poke|p1|Delphox, L50, F|\n|poke|p2|Swampert, L50, M|\n|poke|p2|Archaludon, L50, F, shiny|\n|poke|p2|Pelipper, L50, F|\n|poke|p2|Sinistcha, L50, shiny|\n|poke|p2|Incineroar, L50, M, shiny|\n|poke|p2|Basculegion, L50, M, shiny|\n|teampreview|4\n|inactive|Battle timer is ON: inactive players will automatically lose when time's up. (requested by zertrene4)\n|\n|t:|1788375991\n|teamsize|p1|4\n|teamsize|p2|4\n|start\n|switch|p1a: Froslass|Froslass, L50, F|100/100\n|switch|p1b: Aerodactyl|Aerodactyl, L50, M|100/100\n|switch|p2a: Archaludon|Archaludon, L50, F, shiny|100/100\n|switch|p2b: Basculegion|Basculegion, L50, M, shiny|100/100\n|-ability|p1b: Aerodactyl|Unnerve\n|turn|1\n|\n|t:|1788376012\n|move|p1a: Froslass|Protect|p1a: Froslass\n|-singleturn|p1a: Froslass|Protect\n|move|p1b: Aerodactyl|Tailwind|p1b: Aerodactyl\n|-sidestart|p1: zertrene4|move: Tailwind\n|move|p2a: Archaludon|Flash Cannon|p1a: Froslass\n|-activate|p1a: Froslass|move: Protect\n|move|p2b: Basculegion|Wave Crash|p1b: Aerodactyl\n|-supereffective|p1b: Aerodactyl|1\n|-enditem|p1b: Aerodactyl|Focus Sash\n|-damage|p1b: Aerodactyl|1/100\n|-damage|p2b: Basculegion|73/100|[from] Recoil\n|-damage|p2b: Basculegion|63/100|[from] item: Life Orb\n|\n|upkeep\n|turn|2\n|inactive|zertrene4 has 30 seconds left.\n|inactive|zertrene4 has 20 seconds left.\n|\n|t:|1788376050\n|detailschange|p1a: Froslass|Froslass-Mega, L50, F\n|-mega|p1a: Froslass|Froslass|Froslassite\n|-weather|Snowscape|[from] ability: Snow Warning|[of] p1a: Froslass\n|move|p2b: Basculegion|Aqua Jet|p1b: Aerodactyl\n|-supereffective|p1b: Aerodactyl|1\n|-damage|p1b: Aerodactyl|0 fnt\n|faint|p1b: Aerodactyl\n|-damage|p2b: Basculegion|53/100|[from] item: Life Orb\n|move|p1a: Froslass|Shadow Ball|p2a: Archaludon\n|-damage|p2a: Archaludon|38/100\n|-ability|p2a: Archaludon|Stamina|boost\n|-boost|p2a: Archaludon|def|1\n|move|p2a: Archaludon|Flash Cannon|p1a: Froslass\n|-supereffective|p1a: Froslass|1\n|-damage|p1a: Froslass|7/100\n|\n|-weather|Snowscape|[upkeep]\n|-heal|p2a: Archaludon|44/100|[from] item: Leftovers\n|upkeep\n|\n|t:|1788376065\n|switch|p1b: Gholdengo|Gholdengo, L50|100/100\n|turn|3\n|\n|t:|1788376082\n|move|p1a: Froslass|Protect|p1a: Froslass\n|-singleturn|p1a: Froslass|Protect\n|move|p2a: Archaludon|Protect|p2a: Archaludon\n|-singleturn|p2a: Archaludon|Protect\n|move|p2b: Basculegion|Aqua Jet|p1a: Froslass\n|-activate|p1a: Froslass|move: Protect\n|move|p1b: Gholdengo|Shadow Ball|p2b: Basculegion\n|-supereffective|p2b: Basculegion|1\n|-damage|p2b: Basculegion|0 fnt\n|faint|p2b: Basculegion\n|\n|-weather|Snowscape|[upkeep]\n|-heal|p2a: Archaludon|50/100g|[from] item: Leftovers\n|upkeep\n|\n|t:|1788376096\n|switch|p2b: Pelipper|Pelipper, L50, F|100/100\n|-weather|RainDance|[from] ability: Drizzle|[of] p2b: Pelipper\n|turn|4\n|inactive|zertrene4 has 30 seconds left.\n|inactive|jonfras has 30 seconds left.\n|inactive|jonfras has 20 seconds left.\n|inactive|jonfras has 15 seconds left.\n|\n|t:|1788376138\n|switch|p1a: Lycanroc|Lycanroc-Dusk, L50, M|100/100\n|switch|p2a: Swampert|Swampert, L50, M|100/100\n|move|p1b: Gholdengo|Shadow Ball|p2a: Swampert\n|-damage|p2a: Swampert|56/100\n|move|p2b: Pelipper|Hurricane|p1b: Gholdengo\n|-resisted|p1b: Gholdengo|1\n|-damage|p1b: Gholdengo|81/100\n|\n|-weather|RainDance|[upkeep]\n|-sideend|p1: zertrene4|move: Tailwind\n|upkeep\n|turn|5\n|inactive|zertrene4 has 30 seconds left.\n|\n|t:|1788376172\n|detailschange|p2a: Swampert|Swampert-Mega, L50, M\n|-mega|p2a: Swampert|Swampert|Swampertite\n|move|p1a: Lycanroc|Protect|p1a: Lycanroc\n|-singleturn|p1a: Lycanroc|Protect\n|move|p2b: Pelipper|Wide Guard|p2b: Pelipper\n|-singleturn|p2b: Pelipper|Wide Guard\n|move|p2a: Swampert|Earthquake|p1a: Lycanroc|[spread] p1b\n|-activate|p2b: Pelipper|move: Wide Guard\n|-activate|p1a: Lycanroc|move: Protect\n|-supereffective|p1b: Gholdengo|1\n|-damage|p1b: Gholdengo|0 fnt\n|faint|p1b: Gholdengo\n|\n|-weather|RainDance|[upkeep]\n|upkeep\n|\n|t:|1788376183\n|switch|p1b: Froslass|Froslass-Mega, L50, F|7/100\n|-weather|Snowscape|[from] ability: Snow Warning|[of] p1b: Froslass\n|turn|6\n|\n|t:|1788376197\n|move|p2a: Swampert|Protect|p2a: Swampert\n|-singleturn|p2a: Swampert|Protect\n|move|p1a: Lycanroc|Accelerock|p2b: Pelipper\n|-supereffective|p2b: Pelipper|1\n|-damage|p2b: Pelipper|37/100\n|-damage|p1a: Lycanroc|90/100|[from] item: Life Orb\n|move|p1b: Froslass|Blizzard|p2b: Pelipper|[spread] p2b\n|-activate|p2a: Swampert|move: Protect\n|-damage|p2b: Pelipper|0 fnt\n|faint|p2b: Pelipper\n|\n|-weather|Snowscape|[upkeep]\n|upkeep\n|\n|t:|1788376208\n|switch|p2b: Archaludon|Archaludon, L50, F, shiny|50/100g\n|turn|7\n|\n|t:|1788376222\n|move|p1b: Froslass|Blizzard|p2b: Archaludon|[spread] p2a,p2b\n|-damage|p2a: Swampert|17/100\n|-damage|p2b: Archaludon|0 fnt\n|faint|p2b: Archaludon\n|move|p1a: Lycanroc|Close Combat|p2a: Swampert\n|-damage|p2a: Swampert|0 fnt\n|-unboost|p1a: Lycanroc|def|1\n|-unboost|p1a: Lycanroc|spd|1\n|faint|p2a: Swampert\n|-damage|p1a: Lycanroc|80/100|[from] item: Life Orb\n|\n|win|zertrene4\n|raw|zertrene4's rating: 1130 &rarr; <strong>1148</strong><br />(+18 for winning)\n|raw|jonfras's rating: 1028 &rarr; <strong>1018</strong><br />(-10 for losing)\n|l|☆jonfras\n|player|p2|\n|c|☆zertrene4|Gg\n","uploadtime":1788376238,"views":"0","formatid":"gen9championsvgc2026regmb","rating":1018,"private":0,"password":null}