{"id":"gen9championsvgc2026regmb-2674261792","format":"[Gen 9 Champions] VGC 2026 Reg M-B","players":["Thornlace48812","swagggggggggy"],"log":"|j|☆Thornlace48812\n|j|☆swagggggggggy\n|t:|1788325950\n|gametype|doubles\n|player|p1|Thornlace48812|1|1098\n|player|p2|swagggggggggy|cynthia-gen4|1119\n|gen|9\n|tier|[Gen 9 Champions] VGC 2026 Reg M-B\n|rated|\n|rule|Species Clause: Limit one of each Pokémon\n|rule|Item Clause: Limit 1 of each item\n|clearpoke\n|poke|p1|Garchomp, L50, F|\n|poke|p1|Charizard, L50, M|\n|poke|p1|Whimsicott, L50, F|\n|poke|p1|Sylveon, L50, M|\n|poke|p1|Kingambit, L50, M|\n|poke|p1|Basculegion, L50, M|\n|poke|p2|Greninja, L50, M, shiny|\n|poke|p2|Politoed, L50, M|\n|poke|p2|Vanilluxe, L50, F, shiny|\n|poke|p2|Tyranitar, L50, F|\n|poke|p2|Garchomp, L50, M|\n|poke|p2|Whimsicott, L50, F, shiny|\n|teampreview|4\n|inactive|Battle timer is ON: inactive players will automatically lose when time's up. (requested by Thornlace48812)\nThornlace48812 rejected open team sheets.\n|inactive|swagggggggggy has 60 seconds left.\n|inactive|swagggggggggy has 30 seconds left.\n|\n|t:|1788326012\n|teamsize|p1|4\n|teamsize|p2|4\n|start\n|switch|p1a: Charizard|Charizard, L50, M|100/100\n|switch|p1b: Garchomp|Garchomp, L50, F|100/100\n|switch|p2a: Greninja|Greninja, L50, M, shiny|100/100\n|switch|p2b: Politoed|Politoed, L50, M|100/100\n|-weather|RainDance|[from] ability: Drizzle|[of] p2b: Politoed\n|turn|1\n|inactive|swagggggggggy has 30 seconds left.\n|\n|t:|1788326037\n|switch|p2b: Tyranitar|Tyranitar, L50, F|100/100\n|-weather|Sandstorm|[from] ability: Sand Stream|[of] p2b: Tyranitar\n|detailschange|p1a: Charizard|Charizard-Mega-Y, L50, M\n|-mega|p1a: Charizard|Charizard|Charizardite Y\n|-weather|SunnyDay|[from] ability: Drought|[of] p1a: Charizard\n|move|p2a: Greninja|Protect|p2a: Greninja\n|-start|p2a: Greninja|typechange|Normal|[from] ability: Protean\n|-singleturn|p2a: Greninja|Protect\n|move|p1a: Charizard|Protect|p1a: Charizard\n|-singleturn|p1a: Charizard|Protect\n|move|p1b: Garchomp|Rock Slide|p2a: Greninja|[spread] p2b\n|-activate|p2a: Greninja|move: Protect\n|-damage|p2b: Tyranitar|81/100\n|-damage|p1b: Garchomp|90/100|[from] item: Life Orb\n|\n|-weather|SunnyDay|[upkeep]\n|upkeep\n|turn|2\n|\n|t:|1788326058\n|switch|p2b: Politoed|Politoed, L50, M|100/100\n|-weather|RainDance|[from] ability: Drizzle|[of] p2b: Politoed\n|move|p2a: Greninja|Weather Ball|p1a: Charizard\n|-supereffective|p1a: Charizard|1\n|-damage|p1a: Charizard|7/100\n|move|p1b: Garchomp|Rock Slide|p2a: Greninja|[spread] p2a,p2b\n|-crit|p2b: Politoed\n|-damage|p2a: Greninja|59/100\n|-damage|p2b: Politoed|58/100\n|-damage|p1b: Garchomp|80/100|[from] item: Life Orb\n|move|p1a: Charizard|Heat Wave|p2b: Politoed|[spread] p2a,p2b\n|-resisted|p2b: Politoed|1\n|-damage|p2a: Greninja|22/100\n|-damage|p2b: Politoed|52/100\n|\n|-weather|RainDance|[upkeep]\n|upkeep\n|turn|3\n|\n|t:|1788326079\n|detailschange|p2a: Greninja|Greninja-Mega, L50, M, shiny\n|-mega|p2a: Greninja|Greninja|Greninjite\n|move|p2a: Greninja|Blizzard|p1a: Charizard|[spread] p1a,p1b\n|-start|p2a: Greninja|typechange|Ice|[from] ability: Protean\n|-supereffective|p1b: Garchomp|2\n|-damage|p1a: Charizard|0 fnt\n|-damage|p1b: Garchomp|0 fnt\n|faint|p1a: Charizard\n|faint|p1b: Garchomp\n|move|p2b: Politoed|Weather Ball|p1: Charizard|[notarget]\n|-fail|p2b: Politoed\n|\n|-weather|RainDance|[upkeep]\n|upkeep\n|\n|t:|1788326080\n|switch|p1b: Basculegion|Basculegion, L50, M|100/100\n|switch|p1a: Sylveon|Sylveon, L50, M|100/100\n|turn|4\n|\n|t:|1788326090\n|move|p2a: Greninja|Gunk Shot|p1a: Sylveon\n|-supereffective|p1a: Sylveon|1\n|-crit|p1a: Sylveon\n|-damage|p1a: Sylveon|0 fnt\n|faint|p1a: Sylveon\n|move|p1b: Basculegion|Last Respects|p2a: Greninja\n|-damage|p2a: Greninja|0 fnt\n|faint|p2a: Greninja\n|move|p2b: Politoed|Perish Song|p2b: Politoed\n|-start|p1b: Basculegion|perish3|[silent]\n|-start|p2b: Politoed|perish3|[silent]\n|-fieldactivate|move: Perish Song\n|\n|-weather|RainDance|[upkeep]\n|-start|p1b: Basculegion|perish3\n|-start|p2b: Politoed|perish3\n|upkeep\n|\n|t:|1788326104\n|switch|p2a: Tyranitar|Tyranitar, L50, F|81/100\n|-weather|Sandstorm|[from] ability: Sand Stream|[of] p2a: Tyranitar\n|turn|5\n|\n|t:|1788326124\n|switch|p2b: Whimsicott|Whimsicott, L50, F, shiny|100/100\n|move|p2a: Tyranitar|Protect|p2a: Tyranitar\n|-singleturn|p2a: Tyranitar|Protect\n|move|p1b: Basculegion|Last Respects|p2a: Tyranitar\n|-activate|p2a: Tyranitar|move: Protect\n|\n|-weather|Sandstorm|[upkeep]\n|-damage|p2b: Whimsicott|94/100|[from] Sandstorm\n|-damage|p1b: Basculegion|94/100|[from] Sandstorm\n|-start|p1b: Basculegion|perish2\n|upkeep\n|turn|6\n|\n|t:|1788326143\n|move|p2b: Whimsicott|Tailwind|p2b: Whimsicott\n|-sidestart|p2: swagggggggggy|move: Tailwind\n|move|p2a: Tyranitar|Knock Off|p1b: Basculegion\n|-supereffective|p1b: Basculegion|1\n|-damage|p1b: Basculegion|0 fnt\n|-enditem|p1b: Basculegion|Mystic Water|[from] move: Knock Off|[of] p2a: Tyranitar\n|faint|p1b: Basculegion\n|\n|win|swagggggggggy\n|raw|Thornlace48812's rating: 1116 &rarr; <strong>1091</strong><br />(-25 for losing)\n|raw|swagggggggggy's rating: 1119 &rarr; <strong>1144</strong><br />(+25 for winning)\n","uploadtime":1788326143,"views":"0","formatid":"gen9championsvgc2026regmb","rating":1091,"private":0,"password":null}