{"id":"gen9championsvgc2026regmb-2674965173","format":"[Gen 9 Champions] VGC 2026 Reg M-B","players":["Moxxymoxxy","bruhdnigerian"],"log":"|j|☆Moxxymoxxy\n|j|☆bruhdnigerian\n|t:|1788442878\n|gametype|doubles\n|player|p1|Moxxymoxxy|1|1102\n|player|p2|bruhdnigerian|lance|1108\n|gen|9\n|tier|[Gen 9 Champions] VGC 2026 Reg M-B\n|rated|\n|rule|Species Clause: Limit one of each Pokémon\n|rule|Item Clause: Limit 1 of each item\n|clearpoke\n|poke|p1|Gyarados, L50, M|\n|poke|p1|Medicham, L50, M|\n|poke|p1|Annihilape, L50, M|\n|poke|p1|Hydreigon, L50, M|\n|poke|p1|Malamar, L50, M|\n|poke|p1|Metagross, L50|\n|poke|p2|Pangoro, L50, M|\n|poke|p2|Spiritomb, L50, F|\n|poke|p2|Gliscor, L50, M|\n|poke|p2|Talonflame, L50, F|\n|poke|p2|Raichu, L50, F|\n|poke|p2|Farigiraf, L50, M|\n|teampreview|4\n|inactive|Battle timer is ON: inactive players will automatically lose when time's up. (requested by bruhdnigerian)\nbruhdnigerian has agreed to open team sheets.\n|\n|t:|1788442900\n|teamsize|p1|4\n|teamsize|p2|4\n|start\n|switch|p1a: Hydreigon|Hydreigon, L50, M|100/100\n|switch|p1b: Malamar|Malamar, L50, M|100/100\n|switch|p2a: Talonflame|Talonflame, L50, F|100/100\n|switch|p2b: Raichu|Raichu, L50, F|100/100\n|turn|1\n|\n|t:|1788442912\n|detailschange|p2b: Raichu|Raichu-Mega-Y, L50, F\n|-mega|p2b: Raichu|Raichu|Raichunite Y\n|move|p1a: Hydreigon|Protect|p1a: Hydreigon\n|-singleturn|p1a: Hydreigon|Protect\n|move|p1b: Malamar|Protect|p1b: Malamar\n|-singleturn|p1b: Malamar|Protect\n|move|p2a: Talonflame|Tailwind|p2a: Talonflame\n|-sidestart|p2: bruhdnigerian|move: Tailwind\n|move|p2b: Raichu|Alluring Voice|p1a: Hydreigon\n|-activate|p1a: Hydreigon|move: Protect\n|\n|upkeep\n|turn|2\n|\n|t:|1788442928\n|move|p2a: Talonflame|Acrobatics|p1b: Malamar\n|-damage|p1b: Malamar|58/100\n|move|p2b: Raichu|Zap Cannon|p1b: Malamar\n|-damage|p1b: Malamar|0 fnt\n|faint|p1b: Malamar\n|move|p1a: Hydreigon|Tailwind|p1a: Hydreigon\n|-sidestart|p1: Moxxymoxxy|move: Tailwind\n|\n|upkeep\n|\n|t:|1788442937\n|switch|p1b: Annihilape|Annihilape, L50, M|100/100\n|turn|3\n|\n|t:|1788442955\n|move|p2a: Talonflame|Feint|p1a: Hydreigon\n|-damage|p1a: Hydreigon|91/100\n|move|p2b: Raichu|Alluring Voice|p1a: Hydreigon\n|-supereffective|p1a: Hydreigon|2\n|-damage|p1a: Hydreigon|0 fnt\n|faint|p1a: Hydreigon\n|move|p1b: Annihilape|Rage Fist|p2a: Talonflame\n|-damage|p2a: Talonflame|61/100\n|\n|upkeep\n|\n|t:|1788442966\n|switch|p1a: Metagross|Metagross, L50|100/100\n|turn|4\n|\n|t:|1788442976\n|detailschange|p1a: Metagross|Metagross-Mega, L50\n|-mega|p1a: Metagross|Metagross|Metagrossite\n|move|p2a: Talonflame|Acrobatics|p1b: Annihilape\n|-supereffective|p1b: Annihilape|1\n|-enditem|p1b: Annihilape|Coba Berry|[eat]\n|-enditem|p1b: Annihilape|Coba Berry|[weaken]\n|-damage|p1b: Annihilape|55/100\n|move|p2b: Raichu|Zap Cannon|p1b: Annihilape\n|-damage|p1b: Annihilape|0 fnt\n|faint|p1b: Annihilape\n|move|p1a: Metagross|Psychic Fangs|p2b: Raichu\n|-damage|p2b: Raichu|0 fnt\n|faint|p2b: Raichu\n|\n|-sideend|p2: bruhdnigerian|move: Tailwind\n|upkeep\n|\n|t:|1788442986\n|switch|p2b: Gliscor|Gliscor, L50, M|100/100\n|turn|5\n|\n|t:|1788442994\n|move|p1a: Metagross|Psychic Fangs|p2a: Talonflame\n|-damage|p2a: Talonflame|0 fnt\n|faint|p2a: Talonflame\n|move|p2b: Gliscor|High Horsepower|p1a: Metagross\n|-supereffective|p1a: Metagross|1\n|-damage|p1a: Metagross|44/100\n|\n|-sideend|p1: Moxxymoxxy|move: Tailwind\n|upkeep\n|\n|t:|1788443000\n|switch|p2a: Farigiraf|Farigiraf, L50, M|100/100\n|turn|6\n|\n|t:|1788443007\n|move|p1a: Metagross|Hard Press|p2b: Gliscor\n|-damage|p2b: Gliscor|50/100g\n|move|p2b: Gliscor|High Horsepower|p1a: Metagross\n|-supereffective|p1a: Metagross|1\n|-damage|p1a: Metagross|0 fnt\n|faint|p1a: Metagross\n|\n|win|bruhdnigerian\n|raw|Moxxymoxxy's rating: 1102 &rarr; <strong>1077</strong><br />(-25 for losing)\n|raw|bruhdnigerian's rating: 1108 &rarr; <strong>1133</strong><br />(+25 for winning)\n|c|☆bruhdnigerian|gg\n","uploadtime":1788443015,"views":"4","formatid":"gen9championsvgc2026regmb","rating":1077,"private":0,"password":null}