{"id":"gen9championsvgc2026regmbbo3-2674118722","format":"[Gen 9 Champions] VGC 2026 Reg M-B (Bo3)","players":["Jaaagan","venomelias"],"log":"|j|☆Jaaagan\n|j|☆venomelias\n|html|<table width=\"100%\"><tr><td align=\"left\">Jaaagan</td><td align=\"right\">venomelias</tr><tr><td align=\"left\"><i class=\"fa fa-circle-o\"></i> <i class=\"fa fa-circle-o\"></i> </td><td align=\"right\"><i class=\"fa fa-circle-o\"></i> <i class=\"fa fa-circle-o\"></i> </tr></table>\n|uhtml|bestof|<h2><strong>Game 1</strong> of <a href=\"/game-bestof3-gen9championsvgc2026regmbbo3-2674118721\">a best-of-3</a></h2>\n|t:|1788301823\n|gametype|doubles\n|player|p1|Jaaagan|265|\n|player|p2|venomelias|2|\n|gen|9\n|tier|[Gen 9 Champions] VGC 2026 Reg M-B (Bo3)\n|rule|Species Clause: Limit one of each Pokémon\n|rule|Item Clause: Limit 1 of each item\n|raw|<div class=\"infobox\"><details class=\"readmore\" open><summary><strong>1 custom rule:</strong></summary> !Force Open Team Sheets</details></div>\n|clearpoke\n|poke|p1|Mawile, L50, M|\n|poke|p1|Farigiraf, L50, F|\n|poke|p1|Torkoal, L50, M|\n|poke|p1|Staraptor, L50, F|\n|poke|p1|Raichu, L50, F|\n|poke|p1|Gyarados, L50, M|\n|poke|p2|Gardevoir, L50, F, shiny|\n|poke|p2|Garchomp, L50, M|\n|poke|p2|Kingambit, L50, M|\n|poke|p2|Talonflame, L50, M|\n|poke|p2|Rampardos, L50, M|\n|poke|p2|Morpeko, L50, F|\n|teampreview|4\n|c|☆venomelias|gl!\n|c|☆Jaaagan|gl\n|\n|t:|1788301850\n|teamsize|p1|4\n|teamsize|p2|4\n|start\n|switch|p1a: Staraptor|Staraptor, L50, F|100/100\n|switch|p1b: Farigiraf|Farigiraf, L50, F|100/100\n|switch|p2a: Kingambit|Kingambit, L50, M|100/100\n|switch|p2b: Garchomp|Garchomp, L50, M|100/100\n|turn|1\n|\n|t:|1788301875\n|move|p2a: Kingambit|Protect|p2a: Kingambit\n|-singleturn|p2a: Kingambit|Protect\n|move|p1a: Staraptor|Final Gambit|p2b: Garchomp\n|-damage|p2b: Garchomp|0 fnt\n|faint|p1a: Staraptor\n|faint|p2b: Garchomp\n|move|p1b: Farigiraf|Trick Room|p1b: Farigiraf\n|-fieldstart|move: Trick Room|[of] p1b: Farigiraf\n|\n|upkeep\n|\n|t:|1788301883\n|switch|p2b: Rampardos|Rampardos, L50, M|100/100\n|switch|p1a: Mawile|Mawile, L50, M|100/100\n|turn|2\n|\n|t:|1788301919\n|detailschange|p1a: Mawile|Mawile-Mega, L50, M\n|-mega|p1a: Mawile|Mawile|Mawilite\n|move|p2b: Rampardos|Protect|p2b: Rampardos\n|-singleturn|p2b: Rampardos|Protect\n|move|p1a: Mawile|Brick Break|p2a: Kingambit\n|-supereffective|p2a: Kingambit|2\n|-damage|p2a: Kingambit|0 fnt\n|faint|p2a: Kingambit\n|move|p1b: Farigiraf|Thunderbolt|p2b: Rampardos\n|-activate|p2b: Rampardos|move: Protect\n|\n|upkeep\n|\n|t:|1788301929\n|switch|p2a: Gardevoir|Gardevoir, L50, F, shiny|100/100\n|turn|3\n|\n|t:|1788301945\n|move|p1b: Farigiraf|Helping Hand|p1a: Mawile\n|-singleturn|p1a: Mawile|Helping Hand|[of] p1b: Farigiraf\n|move|p2a: Gardevoir|Protect|p2a: Gardevoir\n|-singleturn|p2a: Gardevoir|Protect\n|move|p1a: Mawile|Iron Head|p2a: Gardevoir\n|-activate|p2a: Gardevoir|move: Protect\n|move|p2b: Rampardos|Rock Slide|p1b: Farigiraf|[spread] p1a\n|-miss|p2b: Rampardos|p1b: Farigiraf\n|-resisted|p1a: Mawile|1\n|-damage|p1a: Mawile|77/100\n|\n|upkeep\n|turn|4\n|\n|t:|1788301963\n|move|p1b: Farigiraf|Helping Hand|p1a: Mawile\n|-singleturn|p1a: Mawile|Helping Hand|[of] p1b: Farigiraf\n|move|p2a: Gardevoir|Protect||[still]\n|-fail|p2a: Gardevoir\n|move|p1a: Mawile|Iron Head|p2a: Gardevoir\n|-supereffective|p2a: Gardevoir|1\n|-damage|p2a: Gardevoir|0 fnt\n|faint|p2a: Gardevoir\n|move|p2b: Rampardos|Rock Slide|p1b: Farigiraf|[spread] p1a,p1b\n|-resisted|p1a: Mawile|1\n|-damage|p1a: Mawile|56/100\n|-damage|p1b: Farigiraf|62/100\n|\n|upkeep\n|turn|5\n|\n|t:|1788301978\n|move|p1b: Farigiraf|Helping Hand|p1a: Mawile\n|-singleturn|p1a: Mawile|Helping Hand|[of] p1b: Farigiraf\n|move|p2b: Rampardos|Protect|p2b: Rampardos\n|-singleturn|p2b: Rampardos|Protect\n|move|p1a: Mawile|Iron Head|p2b: Rampardos\n|-activate|p2b: Rampardos|move: Protect\n|\n|-fieldend|move: Trick Room\n|upkeep\n|turn|6\n|\n|t:|1788301988\n|move|p2b: Rampardos|Rock Slide|p1b: Farigiraf|[spread] p1a,p1b\n|-resisted|p1a: Mawile|1\n|-damage|p1a: Mawile|33/100\n|-damage|p1b: Farigiraf|22/100\n|-enditem|p1b: Farigiraf|Sitrus Berry|[eat]\n|-heal|p1b: Farigiraf|47/100|[from] item: Sitrus Berry\n|move|p1a: Mawile|Iron Head|p2b: Rampardos\n|-supereffective|p2b: Rampardos|1\n|-damage|p2b: Rampardos|0 fnt\n|faint|p2b: Rampardos\n|\n|win|Jaaagan\n||venomelias is ready for game 2.\n|inactive|Jaaagan has 30 seconds to confirm battle start!\n||Jaaagan is ready for game 2.\n|uhtml|next|Next: <a href=\"/battle-gen9championsvgc2026regmbbo3-2674119894\"><strong>Game 2 of 3</strong></a>\n","uploadtime":1788302597,"views":"7","formatid":"gen9championsvgc2026regmbbo3","rating":null,"private":0,"password":null}