{"id":"gen9championsvgc2026regmb-2674312810","format":"[Gen 9 Champions] VGC 2026 Reg M-B","players":["supergrokmax999","carrotbeafsteak"],"log":"|j|☆supergrokmax999\n|j|☆carrotbeafsteak\n|t:|1788338425\n|gametype|doubles\n|player|p1|supergrokmax999|170|1138\n|player|p2|carrotbeafsteak|266|1190\n|gen|9\n|tier|[Gen 9 Champions] VGC 2026 Reg M-B\n|rated|\n|rule|Species Clause: Limit one of each Pokémon\n|rule|Item Clause: Limit 1 of each item\n|clearpoke\n|poke|p1|Milotic, L50, M|\n|poke|p1|Staraptor, L50, M|\n|poke|p1|Excadrill, L50, M|\n|poke|p1|Gholdengo, L50|\n|poke|p1|Sinistcha, L50|\n|poke|p1|Tyranitar, L50, F|\n|poke|p2|Simipour, L50, F|\n|poke|p2|Simisage, L50, F|\n|poke|p2|Simisear, L50, F|\n|poke|p2|Pelipper, L50, M|\n|poke|p2|Torkoal, L50, M|\n|poke|p2|Gyarados, L50, F|\n|teampreview|4\n|inactive|Battle timer is ON: inactive players will automatically lose when time's up. (requested by carrotbeafsteak)\n|inactive|supergrokmax999 has 60 seconds left.\n|n|☆supergrokmax999|supergrokmax999\n|inactive|supergrokmax999 has 30 seconds left.\n|inactive|supergrokmax999 has 20 seconds left.\n|n|☆supergrokmax999|supergrokmax999\n|inactive|supergrokmax999 has 15 seconds left.\n|inactive|supergrokmax999 has 10 seconds left.\n|inactive|supergrokmax999 has 5 seconds left.\n|n|☆supergrokmax999|supergrokmax999\n|\n|t:|1788338608\n|teamsize|p1|4\n|teamsize|p2|4\n|start\n|switch|p1a: Milotic|Milotic, L50, M|100/100\n|switch|p1b: Staraptor|Staraptor, L50, M|100/100\n|switch|p2a: Simisear|Simisear, L50, F|100/100\n|switch|p2b: Torkoal|Torkoal, L50, M|100/100\n|-ability|p1b: Staraptor|Intimidate|boost\n|-unboost|p2a: Simisear|atk|1\n|-unboost|p2b: Torkoal|atk|1\n|-weather|SunnyDay|[from] ability: Drought|[of] p2b: Torkoal\n|turn|1\n|n|☆supergrokmax999|supergrokmax999\n|inactive|supergrokmax999 also wants the timer to be on.\n|\n|t:|1788338618\n|detailschange|p1b: Staraptor|Staraptor-Mega, L50, M\n|-mega|p1b: Staraptor|Staraptor|Staraptite\n|move|p2b: Torkoal|Helping Hand|p2a: Simisear\n|-singleturn|p2a: Simisear|Helping Hand|[of] p2b: Torkoal\n|move|p1b: Staraptor|Tailwind|p1b: Staraptor\n|-sidestart|p1: supergrokmax999|move: Tailwind\n|move|p1a: Milotic|Scald|p2a: Simisear\n|-supereffective|p2a: Simisear|1\n|-damage|p2a: Simisear|51/100\n|move|p2a: Simisear|Fire Blast|p1b: Staraptor\n|-crit|p1b: Staraptor\n|-damage|p1b: Staraptor|0 fnt\n|faint|p1b: Staraptor\n|\n|-weather|SunnyDay|[upkeep]\n|upkeep\n|\n|t:|1788338618\n|switch|p1b: Excadrill|Excadrill, L50, M|100/100\n|turn|2\n|\n|t:|1788338632\n|move|p1b: Excadrill|High Horsepower|p2a: Simisear\n|-supereffective|p2a: Simisear|1\n|-damage|p2a: Simisear|0 fnt\n|faint|p2a: Simisear\n|move|p1a: Milotic|Scald|p2b: Torkoal\n|-supereffective|p2b: Torkoal|1\n|-damage|p2b: Torkoal|72/100\n|move|p2b: Torkoal|Yawn|p1a: Milotic\n|-start|p1a: Milotic|move: Yawn|[of] p2b: Torkoal\n|\n|-weather|SunnyDay|[upkeep]\n|-heal|p2b: Torkoal|79/100|[from] item: Leftovers\n|upkeep\n|\n|t:|1788338648\n|switch|p2a: Simisage|Simisage, L50, F|100/100\n|turn|3\n|\n|t:|1788338653\n|move|p2a: Simisage|Fake Out|p1b: Excadrill\n|-resisted|p1b: Excadrill|1\n|-damage|p1b: Excadrill|88/100\n|-damage|p2a: Simisage|90/100|[from] item: Life Orb\n|cant|p1b: Excadrill|flinch\n|move|p1a: Milotic|Scald|p2a: Simisage\n|-resisted|p2a: Simisage|1\n|-damage|p2a: Simisage|78/100\n|move|p2b: Torkoal|Eruption|p1a: Milotic|[spread] p1a,p1b\n|-resisted|p1a: Milotic|1\n|-supereffective|p1b: Excadrill|1\n|-damage|p1a: Milotic|85/100\n|-damage|p1b: Excadrill|0 fnt\n|faint|p1b: Excadrill\n|\n|-weather|SunnyDay|[upkeep]\n|-heal|p2b: Torkoal|85/100|[from] item: Leftovers\n|-end|p1a: Milotic|move: Yawn|[silent]\n|-status|p1a: Milotic|slp\n|upkeep\n|\n|t:|1788338654\n|switch|p1b: Gholdengo|Gholdengo, L50|100/100\n|turn|4\n|\n|t:|1788338662\n|move|p1b: Gholdengo|Shadow Ball|p2b: Torkoal\n|-damage|p2b: Torkoal|23/100\n|-damage|p1b: Gholdengo|90/100|[from] item: Life Orb\n|cant|p1a: Milotic|slp\n|move|p2a: Simisage|Solar Blade||[still]\n|-prepare|p2a: Simisage|Solar Blade\n|-anim|p2a: Simisage|Solar Blade|p1a: Milotic\n|-supereffective|p1a: Milotic|1\n|-crit|p1a: Milotic\n|-damage|p1a: Milotic|0 fnt\n|faint|p1a: Milotic\n|-damage|p2a: Simisage|69/100|[from] item: Life Orb\n|move|p2b: Torkoal|Eruption|p1b: Gholdengo\n|-supereffective|p1b: Gholdengo|1\n|-damage|p1b: Gholdengo|52/100\n|\n|-weather|SunnyDay|[upkeep]\n|-heal|p2b: Torkoal|29/100|[from] item: Leftovers\n|-sideend|p1: supergrokmax999|move: Tailwind\n|upkeep\n|turn|5\n|\n|t:|1788338671\n|move|p1b: Gholdengo|Protect|p1b: Gholdengo\n|-singleturn|p1b: Gholdengo|Protect\n|move|p2a: Simisage|Solar Blade||[still]\n|-prepare|p2a: Simisage|Solar Blade\n|-anim|p2a: Simisage|Solar Blade|p1b: Gholdengo\n|-activate|p1b: Gholdengo|move: Protect\n|move|p2b: Torkoal|Eruption|p1b: Gholdengo\n|-activate|p1b: Gholdengo|move: Protect\n|\n|-weather|none\n|-heal|p2b: Torkoal|35/100|[from] item: Leftovers\n|upkeep\n|turn|6\n|\n|t:|1788338691\n|move|p1b: Gholdengo|Protect||[still]\n|-fail|p1b: Gholdengo\n|move|p2a: Simisage|Rock Slide|p1b: Gholdengo\n|-resisted|p1b: Gholdengo|1\n|-damage|p1b: Gholdengo|35/100\n|-damage|p2a: Simisage|59/100|[from] item: Life Orb\n|move|p2b: Torkoal|Eruption|p1b: Gholdengo\n|-supereffective|p1b: Gholdengo|1\n|-damage|p1b: Gholdengo|0 fnt\n|faint|p1b: Gholdengo\n|\n|win|carrotbeafsteak\n|raw|supergrokmax999's rating: 1035 &rarr; <strong>1026</strong><br />(-9 for losing)\n|raw|carrotbeafsteak's rating: 1190 &rarr; <strong>1205</strong><br />(+15 for winning)\n|n|☆supergrokmax999|supergrokmax999\n","uploadtime":1788338718,"views":"4","formatid":"gen9championsvgc2026regmb","rating":1026,"private":0,"password":null}