{"id":"gen9championsvgc2026regmbbo3-2674414481","format":"[Gen 9 Champions] VGC 2026 Reg M-B (Bo3)","players":["lux raymundi","nacholeon2007"],"log":"|j|☆lux raymundi\n|j|☆nacholeon2007\n|html|<table width=\"100%\"><tr><td align=\"left\">lux raymundi</td><td align=\"right\">nacholeon2007</tr><tr><td align=\"left\"><i class=\"fa fa-circle-o\"></i> <i class=\"fa fa-circle-o\"></i> </td><td align=\"right\"><i class=\"fa fa-circle-o\"></i> <i class=\"fa fa-circle-o\"></i> </tr></table>\n|uhtml|bestof|<h2><strong>Game 1</strong> of <a href=\"/game-bestof3-gen9championsvgc2026regmbbo3-2674414480\">a best-of-3</a></h2>\n|t:|1788356915\n|gametype|doubles\n|player|p1|lux raymundi|102|\n|player|p2|nacholeon2007|266|\n|gen|9\n|tier|[Gen 9 Champions] VGC 2026 Reg M-B (Bo3)\n|rule|Species Clause: Limit one of each Pokémon\n|rule|Item Clause: Limit 1 of each item\n|clearpoke\n|poke|p1|Sneasler, L50, M|\n|poke|p1|Blastoise, L50, M|\n|poke|p1|Kingambit, L50, M|\n|poke|p1|Incineroar, L50, M|\n|poke|p1|Delphox, L50, F|\n|poke|p1|Sinistcha, L50|\n|poke|p2|Staraptor, L50, F|\n|poke|p2|Arcanine-Hisui, L50, F|\n|poke|p2|Kingambit, L50, M|\n|poke|p2|Raichu, L50, F|\n|poke|p2|Farigiraf, L50, F|\n|poke|p2|Sylveon, L50, F|\n|teampreview|4\n|showteam|p1|Sneasler||FocusSash|PoisonTouch|PoisonJab,CloseCombat,FakeOut,QuickGuard|Jolly||M|||50|]Blastoise||Blastoisinite|RainDish|DarkPulse,WaterSpout,ShellSmash,Protect|Modest||M|||50|]Kingambit||LifeOrb|Defiant|KowtowCleave,SuckerPunch,SwordsDance,Protect|Adamant||M|||50|]Incineroar||SitrusBerry|Intimidate|FlareBlitz,ThroatChop,PartingShot,FakeOut|Careful||M|||50|]Delphox||Delphoxite|Blaze|HeatWave,NastyPlot,Psychic,Protect|Timid||F|||50|]Sinistcha||ColburBerry|Hospitality|MatchaGotcha,RagePowder,TrickRoom,LifeDew|Bold|||||50|\n|showteam|p2|Staraptor||Staraptite|Intimidate|BraveBird,CloseCombat,Tailwind,Protect|Jolly||F|||50|]Arcanine-Hisui||FocusSash|RockHead|FlareBlitz,HeadSmash,ExtremeSpeed,Protect|Jolly||F|||50|]Kingambit||LifeOrb|Defiant|KowtowCleave,SuckerPunch,SwordsDance,Protect|Adamant||M|||50|]Raichu||RaichuniteY|LightningRod|ZapCannon,FocusBlast,FakeOut,Protect|Timid||F|||50|]Farigiraf||SitrusBerry|ArmorTail|TwinBeam,HelpingHand,TrickRoom,Protect|Calm||F|||50|]Sylveon||FairyFeather|Pixilate|HyperVoice,HyperBeam,QuickAttack,Detect|Modest||F|||50|\n|\n|t:|1788356949\n|teamsize|p1|4\n|teamsize|p2|4\n|start\n|switch|p1a: Sneasler|Sneasler, L50, M|100/100\n|switch|p1b: Delphox|Delphox, L50, F|100/100\n|switch|p2a: Raichu|Raichu, L50, F|100/100\n|switch|p2b: Arcanine|Arcanine-Hisui, L50, F|100/100\n|turn|1\n|\n|t:|1788356989\n|move|p1b: Delphox|Protect|p1b: Delphox\n|-singleturn|p1b: Delphox|Protect\n|move|p1a: Sneasler|Fake Out|p2b: Arcanine\n|-resisted|p2b: Arcanine|1\n|-damage|p2b: Arcanine|91/100\n|move|p2a: Raichu|Fake Out|p1a: Sneasler\n|-damage|p1a: Sneasler|87/100\n|cant|p2b: Arcanine|flinch\n|\n|upkeep\n|turn|2\n|\n|t:|1788357022\n|detailschange|p1b: Delphox|Delphox-Mega, L50, F\n|-mega|p1b: Delphox|Delphox|Delphoxite\n|move|p2a: Raichu|Protect|p2a: Raichu\n|-singleturn|p2a: Raichu|Protect\n|move|p1b: Delphox|Psychic|p2b: Arcanine\n|-damage|p2b: Arcanine|19/100\n|move|p1a: Sneasler|Close Combat|p2b: Arcanine\n|-supereffective|p2b: Arcanine|1\n|-damage|p2b: Arcanine|0 fnt\n|-unboost|p1a: Sneasler|def|1\n|-unboost|p1a: Sneasler|spd|1\n|faint|p2b: Arcanine\n|\n|upkeep\n|\n|t:|1788357033\n|switch|p2b: Staraptor|Staraptor, L50, F|100/100\n|-ability|p2b: Staraptor|Intimidate|boost\n|-unboost|p1a: Sneasler|atk|1\n|-unboost|p1b: Delphox|atk|1\n|turn|3\n|j| JuanLucasRoca\n|\n|t:|1788357054\n|switch|p1a: Sinistcha|Sinistcha, L50|100/100\n|move|p1b: Delphox|Protect|p1b: Delphox\n|-singleturn|p1b: Delphox|Protect\n|move|p2a: Raichu|Zap Cannon|p1a: Sinistcha\n|-resisted|p1a: Sinistcha|1\n|-damage|p1a: Sinistcha|78/100\n|-status|p1a: Sinistcha|par\n|move|p2b: Staraptor|Tailwind|p2b: Staraptor\n|-sidestart|p2: nacholeon2007|move: Tailwind\n|\n|upkeep\n|turn|4\n|\n|t:|1788357078\n|detailschange|p2b: Staraptor|Staraptor-Mega, L50, F\n|-mega|p2b: Staraptor|Staraptor|Staraptite\n|move|p1a: Sinistcha|Rage Powder|p1a: Sinistcha\n|-singleturn|p1a: Sinistcha|move: Rage Powder\n|move|p2b: Staraptor|Close Combat|p1a: Sinistcha\n|-immune|p1a: Sinistcha\n|move|p2a: Raichu|Zap Cannon|p1a: Sinistcha\n|-resisted|p1a: Sinistcha|1\n|-damage|p1a: Sinistcha|58/100 par\n|move|p1b: Delphox|Nasty Plot|p1b: Delphox\n|-boost|p1b: Delphox|spa|2\n|\n|upkeep\n|turn|5\n|\n|t:|1788357097\n|switch|p1a: Sneasler|Sneasler, L50, M|87/100\n|move|p2b: Staraptor|Protect|p2b: Staraptor\n|-singleturn|p2b: Staraptor|Protect\n|move|p1b: Delphox|Protect|p1b: Delphox\n|-singleturn|p1b: Delphox|Protect\n|move|p2a: Raichu|Zap Cannon|p1b: Delphox\n|-activate|p1b: Delphox|move: Protect\n|\n|upkeep\n|turn|6\n|\n|t:|1788357122\n|move|p2b: Staraptor|Protect||[still]\n|-fail|p2b: Staraptor\n|move|p1a: Sneasler|Fake Out|p2a: Raichu\n|-damage|p2a: Raichu|74/100\n|cant|p2a: Raichu|flinch\n|move|p1b: Delphox|Psychic|p2b: Staraptor\n|-supereffective|p2b: Staraptor|1\n|-damage|p2b: Staraptor|0 fnt\n|faint|p2b: Staraptor\n|\n|-sideend|p2: nacholeon2007|move: Tailwind\n|upkeep\n|\n|t:|1788357130\n|switch|p2b: Kingambit|Kingambit, L50, M|100/100\n|turn|7\n|\n|t:|1788357151\n|move|p2b: Kingambit|Protect|p2b: Kingambit\n|-singleturn|p2b: Kingambit|Protect\n|move|p1a: Sneasler|Quick Guard|p1a: Sneasler\n|-singleturn|p1a: Sneasler|Quick Guard\n|move|p1b: Delphox|Heat Wave|p2b: Kingambit|[spread] p2a\n|-activate|p2b: Kingambit|move: Protect\n|-damage|p2a: Raichu|0 fnt\n|faint|p2a: Raichu\n|\n|upkeep\n|turn|8\n|\n|t:|1788357167\n|move|p1a: Sneasler|Quick Guard|p1a: Sneasler\n|-singleturn|p1a: Sneasler|Quick Guard\n|move|p1b: Delphox|Heat Wave|p2b: Kingambit\n|-supereffective|p2b: Kingambit|1\n|-damage|p2b: Kingambit|0 fnt\n|faint|p2b: Kingambit\n|\n|win|lux raymundi\n|c|☆nacholeon2007|gg\n||lux raymundi is ready for game 2.\n|l|☆nacholeon2007\n|player|p2|\n","uploadtime":1788357167,"views":"0","formatid":"gen9championsvgc2026regmbbo3","rating":null,"private":0,"password":null}