{"id":"gen9championsvgc2026regmbbo3-2673392411","format":"[Gen 9 Champions] VGC 2026 Reg M-B (Bo3)","players":["Devta","blueberry83"],"log":"|j|☆Devta\n|j|☆blueberry83\n|html|<table width=\"100%\"><tr><td align=\"left\">Devta</td><td align=\"right\">blueberry83</tr><tr><td align=\"left\"><i class=\"fa fa-circle\"></i> <i class=\"fa fa-circle-o\"></i> </td><td align=\"right\"><i class=\"fa fa-circle-o\"></i> <i class=\"fa fa-circle-o\"></i> </tr></table>\n|uhtml|bestof|<h2><strong>Game 2</strong> of <a href=\"/game-bestof3-gen9championsvgc2026regmbbo3-2673390342\">a best-of-3</a></h2>\n|t:|1788192231\n|gametype|doubles\n|player|p1|Devta|102|1200\n|player|p2|blueberry83|101|1118\n|gen|9\n|tier|[Gen 9 Champions] VGC 2026 Reg M-B (Bo3)\n|rated|\n|rule|Species Clause: Limit one of each Pokémon\n|rule|Item Clause: Limit 1 of each item\n|clearpoke\n|poke|p1|Incineroar, L50, M|\n|poke|p1|Kingambit, L50, M|\n|poke|p1|Sinistcha, L50|\n|poke|p1|Sneasler, L50, F|\n|poke|p1|Blastoise, L50, F|\n|poke|p1|Delphox, L50, F|\n|poke|p2|Basculegion, L50, M|\n|poke|p2|Scizor, L50, F|\n|poke|p2|Sableye, L50, F|\n|poke|p2|Dragonite, L50, M|\n|poke|p2|Pelipper, L50, F|\n|poke|p2|Archaludon, L50, M|\n|teampreview|4\n|showteam|p1|Incineroar||SitrusBerry|Intimidate|FlareBlitz,ThroatChop,PartingShot,FakeOut|Impish||M|||50|]Kingambit||BlackGlasses|Defiant|Protect,KowtowCleave,SuckerPunch,SwordsDance|Adamant||M|||50|]Sinistcha||OccaBerry|Hospitality|Protect,MatchaGotcha,RagePowder,TrickRoom|Bold|||||50|]Sneasler||FocusSash|PoisonTouch|CloseCombat,PoisonJab,QuickGuard,FakeOut|Jolly||F|||50|]Blastoise||Blastoisinite|RainDish|Protect,WaterSpout,DarkPulse,ShellSmash|Modest||F|||50|]Delphox||Delphoxite|Blaze|Protect,HeatWave,Psychic,NastyPlot|Timid||F|||50|\n|showteam|p2|Basculegion||ChoiceScarf|Adaptability|AquaJet,FlipTurn,WaveCrash,LastRespects|Jolly||M|||50|]Scizor||Scizorite|Technician|BulletPunch,BugBite,SwordsDance,Protect|Adamant||F|||50|]Sableye||RoseliBerry|Prankster|Encore,Quash,LightScreen,Reflect|Bold||F|||50|]Dragonite||Dragoninite|Multiscale|DragonPulse,Surf,Thunderbolt,Protect|Modest||M|||50|]Pelipper||LifeOrb|Drizzle|Hurricane,WeatherBall,Tailwind,WideGuard|Modest||F|||50|]Archaludon||Leftovers|Stamina|DragonPulse,ElectroShot,AuraSphere,Protect|Modest||M|||50|\n|inactive|Battle timer is ON: inactive players will automatically lose when time's up. (requested by Devta)\n|\n|t:|1788192255\n|teamsize|p1|4\n|teamsize|p2|4\n|start\n|switch|p1a: Blastoise|Blastoise, L50, F|100/100\n|switch|p1b: Sinistcha|Sinistcha, L50|100/100\n|switch|p2a: Pelipper|Pelipper, L50, F|100/100\n|switch|p2b: Archaludon|Archaludon, L50, M|100/100\n|-weather|RainDance|[from] ability: Drizzle|[of] p2a: Pelipper\n|turn|1\n|inactive|blueberry83 has 30 seconds left.\n|\n|t:|1788192285\n|detailschange|p1a: Blastoise|Blastoise-Mega, L50, F\n|-mega|p1a: Blastoise|Blastoise|Blastoisinite\n|move|p1b: Sinistcha|Rage Powder|p1b: Sinistcha\n|-singleturn|p1b: Sinistcha|move: Rage Powder\n|move|p1a: Blastoise|Shell Smash|p1a: Blastoise\n|-unboost|p1a: Blastoise|def|1\n|-unboost|p1a: Blastoise|spd|1\n|-boost|p1a: Blastoise|atk|2\n|-boost|p1a: Blastoise|spa|2\n|-boost|p1a: Blastoise|spe|2\n|move|p2b: Archaludon|Electro Shot||[still]\n|-prepare|p2b: Archaludon|Electro Shot\n|-boost|p2b: Archaludon|spa|1\n|-anim|p2b: Archaludon|Electro Shot|p1b: Sinistcha\n|-resisted|p1b: Sinistcha|1\n|-damage|p1b: Sinistcha|69/100\n|move|p2a: Pelipper|Hurricane|p1b: Sinistcha\n|-supereffective|p1b: Sinistcha|1\n|-damage|p1b: Sinistcha|0 fnt\n|faint|p1b: Sinistcha\n|-damage|p2a: Pelipper|90/100|[from] item: Life Orb\n|\n|-weather|RainDance|[upkeep]\n|upkeep\n|\n|t:|1788192299\n|switch|p1b: Sneasler|Sneasler, L50, F|100/100\n|turn|2\n|\n|t:|1788192322\n|move|p2b: Archaludon|Protect|p2b: Archaludon\n|-singleturn|p2b: Archaludon|Protect\n|move|p1a: Blastoise|Dark Pulse|p2b: Archaludon\n|-activate|p2b: Archaludon|move: Protect\n|move|p1b: Sneasler|Close Combat|p2b: Archaludon\n|-activate|p2b: Archaludon|move: Protect\n|move|p2a: Pelipper|Tailwind|p2a: Pelipper\n|-sidestart|p2: blueberry83|move: Tailwind\n|\n|-weather|RainDance|[upkeep]\n|upkeep\n|turn|3\n|\n|t:|1788192347\n|move|p1a: Blastoise|Dark Pulse|p2a: Pelipper\n|-damage|p2a: Pelipper|0 fnt\n|faint|p2a: Pelipper\n|move|p2b: Archaludon|Electro Shot||[still]\n|-prepare|p2b: Archaludon|Electro Shot\n|-boost|p2b: Archaludon|spa|1\n|-anim|p2b: Archaludon|Electro Shot|p1a: Blastoise\n|-supereffective|p1a: Blastoise|1\n|-damage|p1a: Blastoise|0 fnt\n|faint|p1a: Blastoise\n|move|p1b: Sneasler|Close Combat|p2b: Archaludon\n|-supereffective|p2b: Archaludon|1\n|-damage|p2b: Archaludon|0 fnt\n|-unboost|p1b: Sneasler|def|1\n|-unboost|p1b: Sneasler|spd|1\n|faint|p2b: Archaludon\n|\n|-weather|RainDance|[upkeep]\n|upkeep\n|\n|t:|1788192355\n|switch|p1a: Incineroar|Incineroar, L50, M|100/100\n|switch|p2b: Sableye|Sableye, L50, F|100/100\n|switch|p2a: Dragonite|Dragonite, L50, M|100/100\n|-ability|p1a: Incineroar|Intimidate|boost\n|-unboost|p2a: Dragonite|atk|1\n|-unboost|p2b: Sableye|atk|1\n|turn|4\n|inactive|Devta has 30 seconds left.\n|\n|t:|1788192381\n|detailschange|p2a: Dragonite|Dragonite-Mega, L50, M\n|-mega|p2a: Dragonite|Dragonite|Dragoninite\n|move|p2a: Dragonite|Protect|p2a: Dragonite\n|-singleturn|p2a: Dragonite|Protect\n|move|p2b: Sableye|Reflect|p2b: Sableye\n|-sidestart|p2: blueberry83|Reflect\n|move|p1b: Sneasler|Poison Jab|p2a: Dragonite\n|-activate|p2a: Dragonite|move: Protect\n|move|p1a: Incineroar|Throat Chop|p2a: Dragonite\n|-activate|p2a: Dragonite|move: Protect\n|\n|-weather|RainDance|[upkeep]\n|upkeep\n|turn|5\n|inactive|blueberry83 has 30 seconds left.\n|\n|t:|1788192411\n|move|p2b: Sableye|Quash|p1b: Sneasler\n|-activate|p1b: Sneasler|move: Quash\n|move|p2a: Dragonite|Surf|p1a: Incineroar|[spread] p2b,p1a,p1b\n|-supereffective|p1a: Incineroar|1\n|-damage|p2b: Sableye|32/100\n|-damage|p1a: Incineroar|28/100\n|-damage|p1b: Sneasler|10/100\n|-enditem|p1a: Incineroar|Sitrus Berry|[eat]\n|-heal|p1a: Incineroar|53/100|[from] item: Sitrus Berry\n|move|p1a: Incineroar|Throat Chop|p2a: Dragonite\n|-damage|p2a: Dragonite|91/100\n|-start|p2a: Dragonite|Throat Chop|[silent]\n|move|p1b: Sneasler|Poison Jab|p2a: Dragonite\n|-damage|p2a: Dragonite|67/100\n|\n|-weather|none\n|-sideend|p2: blueberry83|move: Tailwind\n|upkeep\n|turn|6\n|\n|t:|1788192430\n|move|p2b: Sableye|Quash|p1b: Sneasler\n|-activate|p1b: Sneasler|move: Quash\n|move|p2a: Dragonite|Surf|p1a: Incineroar|[spread] p2b,p1a,p1b\n|-supereffective|p1a: Incineroar|1\n|-damage|p2b: Sableye|0 fnt\n|-damage|p1a: Incineroar|1/100\n|-damage|p1b: Sneasler|0 fnt\n|faint|p2b: Sableye\n|faint|p1b: Sneasler\n|move|p1a: Incineroar|Throat Chop|p2a: Dragonite\n|-damage|p2a: Dragonite|51/100\n|\n|-end|p2a: Dragonite|Throat Chop|[silent]\n|upkeep\n|turn|7\n|\n|t:|1788192455\n|move|p2a: Dragonite|Surf|p1a: Incineroar\n|-supereffective|p1a: Incineroar|1\n|-damage|p1a: Incineroar|0 fnt\n|faint|p1a: Incineroar\n|\n|win|blueberry83\n||blueberry83 is ready for game 3.\n||Devta is ready for game 3.\n|uhtml|next|Next: <a href=\"/battle-gen9championsvgc2026regmbbo3-2673394200\"><strong>Game 3 of 3</strong></a>\n|l|☆blueberry83\n|player|p2|\n","uploadtime":1788192621,"views":"1","formatid":"gen9championsvgc2026regmbbo3","rating":null,"private":0,"password":null}