{"id":"gen9championsvgc2026regmb-2674422116","format":"[Gen 9 Champions] VGC 2026 Reg M-B","players":["Asemidecentgamer","VictoriousDancing"],"log":"|j|☆Asemidecentgamer\n|j|☆VictoriousDancing\n|t:|1788357879\n|gametype|doubles\n|player|p1|Asemidecentgamer|102|1335\n|player|p2|VictoriousDancing|cynthia|1350\n|gen|9\n|tier|[Gen 9 Champions] VGC 2026 Reg M-B\n|rated|\n|rule|Species Clause: Limit one of each Pokémon\n|rule|Item Clause: Limit 1 of each item\n|clearpoke\n|poke|p1|Heliolisk, L50, M, shiny|\n|poke|p1|Farigiraf, L50, M|\n|poke|p1|Camerupt, L50, F, shiny|\n|poke|p1|Golurk, L50, shiny|\n|poke|p1|Torkoal, L50, F|\n|poke|p1|Sinistcha, L50|\n|poke|p2|Charizard, L50, M, shiny|\n|poke|p2|Basculegion, L50, M, shiny|\n|poke|p2|Whimsicott, L50, F, shiny|\n|poke|p2|Garchomp, L50, M, shiny|\n|poke|p2|Kingambit, L50, M, shiny|\n|poke|p2|Incineroar, L50, F, shiny|\n|teampreview|4\nVictoriousDancing rejected open team sheets.\n|\n|t:|1788357891\n|teamsize|p1|4\n|teamsize|p2|4\n|start\n|switch|p1a: Melman|Farigiraf, L50, M|100/100\n|switch|p1b: Emet|Golurk, L50, shiny|100/100\n|switch|p2a: Charizard|Charizard, L50, M, shiny|100/100\n|switch|p2b: Incineroar|Incineroar, L50, F, shiny|100/100\n|-ability|p2b: Incineroar|Intimidate|boost\n|-unboost|p1a: Melman|atk|1\n|-unboost|p1b: Emet|atk|1\n|turn|1\n|\n|t:|1788357906\n|switch|p1b: Pete Red|Heliolisk, L50, M, shiny|100/100\n|detailschange|p2a: Charizard|Charizard-Mega-Y, L50, M, shiny\n|-mega|p2a: Charizard|Charizard|Charizardite Y\n|-weather|SunnyDay|[from] ability: Drought|[of] p2a: Charizard\n|move|p2a: Charizard|Solar Beam||[still]\n|-prepare|p2a: Charizard|Solar Beam\n|-anim|p2a: Charizard|Solar Beam|p1a: Melman\n|-damage|p1a: Melman|67/100\n|move|p2b: Incineroar|Throat Chop|p1a: Melman\n|-supereffective|p1a: Melman|1\n|-damage|p1a: Melman|5/100\n|-start|p1a: Melman|Throat Chop|[silent]\n|-enditem|p1a: Melman|Sitrus Berry|[eat]\n|-heal|p1a: Melman|30/100|[from] item: Sitrus Berry\n|move|p1a: Melman|Trick Room|p1a: Melman\n|-fieldstart|move: Trick Room|[of] p1a: Melman\n|\n|-weather|SunnyDay|[upkeep]\n|-damage|p1b: Pete Red|87/100|[from] ability: Solar Power|[of] p1b: Pete Red\n|upkeep\n|turn|2\n|\n|t:|1788357925\n|move|p1b: Pete Red|Thunderbolt|p2a: Charizard\n|-supereffective|p2a: Charizard|1\n|-damage|p2a: Charizard|0 fnt\n|faint|p2a: Charizard\n|move|p1a: Melman|Thunderbolt|p2b: Incineroar\n|-damage|p2b: Incineroar|79/100\n|move|p2b: Incineroar|Flare Blitz|p1b: Pete Red\n|-damage|p1b: Pete Red|0 fnt\n|faint|p1b: Pete Red\n|-damage|p2b: Incineroar|55/100|[from] Recoil\n|\n|-weather|SunnyDay|[upkeep]\n|-end|p1a: Melman|Throat Chop|[silent]\n|upkeep\n|\n|t:|1788357937\n|switch|p1b: Stromboli|Torkoal, L50, F|100/100\n|switch|p2a: Garchomp|Garchomp, L50, M, shiny|100/100\n|turn|3\n|\n|t:|1788357945\n|move|p2a: Garchomp|Protect|p2a: Garchomp\n|-singleturn|p2a: Garchomp|Protect\n|move|p1b: Stromboli|Eruption|p2a: Garchomp|[spread] p2b\n|-activate|p2a: Garchomp|move: Protect\n|-resisted|p2b: Incineroar|1\n|-damage|p2b: Incineroar|16/100\n|-enditem|p2b: Incineroar|Sitrus Berry|[eat]\n|-heal|p2b: Incineroar|41/100|[from] item: Sitrus Berry\n|move|p1a: Melman|Hyper Voice|p2b: Incineroar|[spread] p2b\n|-activate|p2a: Garchomp|move: Protect\n|-damage|p2b: Incineroar|20/100y\n|move|p2b: Incineroar|Throat Chop|p1a: Melman\n|-supereffective|p1a: Melman|1\n|-damage|p1a: Melman|0 fnt\n|faint|p1a: Melman\n|\n|-weather|SunnyDay|[upkeep]\n|upkeep\n|\n|t:|1788357953\n|switch|p1a: Emet|Golurk, L50, shiny|100/100\n|turn|4\n|\n|t:|1788357957\n|switch|p2a: Kingambit|Kingambit, L50, M, shiny|100/100\n|detailschange|p1a: Emet|Golurk-Mega, L50, shiny\n|-mega|p1a: Emet|Golurk|Golurkite\n|move|p1b: Stromboli|Eruption|p2a: Kingambit|[spread] p2a,p2b\n|-supereffective|p2a: Kingambit|1\n|-resisted|p2b: Incineroar|1\n|-damage|p2a: Kingambit|0 fnt\n|-damage|p2b: Incineroar|0 fnt\n|faint|p2a: Kingambit\n|faint|p2b: Incineroar\n|move|p1a: Emet|Ice Punch|p2: Kingambit|[notarget]\n|-fail|p1a: Emet\n|\n|-weather|SunnyDay|[upkeep]\n|upkeep\n|\n|t:|1788357957\n|switch|p2a: Garchomp|Garchomp, L50, M, shiny|100/100\n|turn|5\n|\n|t:|1788357976\n|move|p2a: Garchomp|Protect|p2a: Garchomp\n|-singleturn|p2a: Garchomp|Protect\n|move|p1b: Stromboli|Eruption|p2a: Garchomp\n|-activate|p2a: Garchomp|move: Protect\n|move|p1a: Emet|Ice Punch|p2a: Garchomp\n|-supereffective|p2a: Garchomp|2\n|-ability|p1a: Emet|Unseen Fist\n|-zbroken|p2a: Garchomp\n|-damage|p2a: Garchomp|64/100\n|-damage|p1a: Emet|87/100|[from] ability: Rough Skin|[of] p2a: Garchomp\n|\n|-weather|none\n|-fieldend|move: Trick Room\n|upkeep\n|turn|6\n|\n|t:|1788357982\n|move|p2a: Garchomp|Earthquake|p1a: Emet|[spread] p1a,p1b\n|-supereffective|p1b: Stromboli|1\n|-damage|p1a: Emet|56/100\n|-damage|p1b: Stromboli|38/100\n|move|p1a: Emet|Headlong Rush|p2a: Garchomp\n|-damage|p2a: Garchomp|0 fnt\n|-unboost|p1a: Emet|def|1\n|-unboost|p1a: Emet|spd|1\n|-damage|p1a: Emet|44/100|[from] ability: Rough Skin|[of] p2a: Garchomp\n|faint|p2a: Garchomp\n|\n|win|Asemidecentgamer\n|raw|Asemidecentgamer's rating: 1335 &rarr; <strong>1355</strong><br />(+20 for winning)\n|raw|VictoriousDancing's rating: 1334 &rarr; <strong>1314</strong><br />(-20 for losing)\n|l|☆VictoriousDancing\n|player|p2|\n","uploadtime":1788358025,"views":"2","formatid":"gen9championsvgc2026regmb","rating":1314,"private":0,"password":null}