{"id":"gen9championsvgc2026regmb-2674859419","format":"[Gen 9 Champions] VGC 2026 Reg M-B","players":["lori Kitahara","calacadura"],"log":"|j|☆lori Kitahara\n|j|☆calacadura\n|t:|1788423078\n|gametype|doubles\n|player|p1|lori Kitahara|101|1284\n|player|p2|calacadura|1|1252\n|gen|9\n|tier|[Gen 9 Champions] VGC 2026 Reg M-B\n|rated|\n|rule|Species Clause: Limit one of each Pokémon\n|rule|Item Clause: Limit 1 of each item\n|clearpoke\n|poke|p1|Basculegion, L50, M|\n|poke|p1|Dragonite, L50, F|\n|poke|p1|Garchomp, L50, M|\n|poke|p1|Kingambit, L50, F|\n|poke|p1|Sneasler, L50, M|\n|poke|p1|Raichu, L50, M|\n|poke|p2|Sinistcha, L50|\n|poke|p2|Archaludon, L50, F|\n|poke|p2|Grimmsnarl, L50, M|\n|poke|p2|Pelipper, L50, M|\n|poke|p2|Scovillain, L50, M|\n|poke|p2|Basculegion, L50, M|\n|teampreview|4\n|\n|t:|1788423120\n|teamsize|p1|4\n|teamsize|p2|4\n|start\n|switch|p1a: Raichu|Raichu, L50, M|100/100\n|switch|p1b: Sneasler|Sneasler, L50, M|100/100\n|switch|p2a: Basculegion|Basculegion, L50, M|100/100\n|switch|p2b: Grimmsnarl|Grimmsnarl, L50, M|100/100\n|turn|1\n|\n|t:|1788423140\n|switch|p2b: Archaludon|Archaludon, L50, F|100/100\n|move|p1a: Raichu|Protect|p1a: Raichu\n|-singleturn|p1a: Raichu|Protect\n|move|p2a: Basculegion|Wave Crash|p1a: Raichu\n|-activate|p1a: Raichu|move: Protect\n|move|p1b: Sneasler|Dire Claw|p2a: Basculegion\n|-resisted|p2a: Basculegion|1\n|-damage|p2a: Basculegion|72/100\n|\n|upkeep\n|turn|2\n|inactive|Battle timer is ON: inactive players will automatically lose when time's up. (requested by calacadura)\n|\n|t:|1788423170\n|switch|p2a: Grimmsnarl|Grimmsnarl, L50, M|100/100\n|switch|p1a: Garchomp|Garchomp, L50, M|100/100\n|move|p2b: Archaludon|Protect|p2b: Archaludon\n|-singleturn|p2b: Archaludon|Protect\n|move|p1b: Sneasler|Dire Claw|p2a: Grimmsnarl\n|-supereffective|p2a: Grimmsnarl|1\n|-damage|p2a: Grimmsnarl|0 fnt\n|faint|p2a: Grimmsnarl\n|\n|upkeep\n|\n|t:|1788423177\n|switch|p2a: Basculegion|Basculegion, L50, M|72/100\n|turn|3\n|\n|t:|1788423197\n|move|p1b: Sneasler|Protect|p1b: Sneasler\n|-singleturn|p1b: Sneasler|Protect\n|move|p2a: Basculegion|Phantom Force||[still]\n|-prepare|p2a: Basculegion|Phantom Force\n|move|p1a: Garchomp|Dragon Claw|p2a: Basculegion|[miss]\n|-miss|p1a: Garchomp|p2a: Basculegion\n|move|p2b: Archaludon|Snarl|p1b: Sneasler|[spread] p1a\n|-activate|p1b: Sneasler|move: Protect\n|-damage|p1a: Garchomp|87/100\n|-unboost|p1a: Garchomp|spa|1\n|\n|upkeep\n|turn|4\n|\n|t:|1788423210\n|move|p2a: Basculegion|Phantom Force|p1b: Sneasler|[from] lockedmove\n|-enditem|p1b: Sneasler|Focus Sash\n|-damage|p1b: Sneasler|1/100\n|move|p1b: Sneasler|Close Combat|p2b: Archaludon\n|-supereffective|p2b: Archaludon|1\n|-damage|p2b: Archaludon|4/100\n|-unboost|p1b: Sneasler|def|1\n|-unboost|p1b: Sneasler|spd|1\n|-ability|p2b: Archaludon|Stamina|boost\n|-boost|p2b: Archaludon|def|1\n|move|p1a: Garchomp|Dragon Claw|p2a: Basculegion\n|-damage|p2a: Basculegion|2/100\n|-damage|p1a: Garchomp|77/100|[from] item: Life Orb\n|move|p2b: Archaludon|Snarl|p1b: Sneasler|[spread] p1a,p1b\n|-resisted|p1b: Sneasler|1\n|-damage|p1a: Garchomp|65/100\n|-damage|p1b: Sneasler|0 fnt\n|-unboost|p1a: Garchomp|spa|1\n|faint|p1b: Sneasler\n|\n|-heal|p2b: Archaludon|10/100|[from] item: Leftovers\n|upkeep\n|\n|t:|1788423234\n|switch|p1b: Kingambit|Kingambit, L50, F|100/100\n|turn|5\n|\n|t:|1788423243\n|switch|p2a: Scovillain|Scovillain, L50, M|100/100\n|move|p2b: Archaludon|Protect|p2b: Archaludon\n|-singleturn|p2b: Archaludon|Protect\n|move|p1b: Kingambit|Sucker Punch||[still]\n|-fail|p1b: Kingambit\n|move|p1a: Garchomp|Stomping Tantrum|p2b: Archaludon\n|-activate|p2b: Archaludon|move: Protect\n|\n|-heal|p2b: Archaludon|16/100|[from] item: Leftovers\n|-ability|p2a: Scovillain|Moody|boost\n|-boost|p2a: Scovillain|def|2\n|-unboost|p2a: Scovillain|atk|1\n|upkeep\n|turn|6\n|inactive|lori Kitahara has 30 seconds left.\n|inactive|calacadura has 30 seconds left.\n|inactive|lori Kitahara has 20 seconds left.\n|\n|t:|1788423280\n|move|p2a: Scovillain|Rage Powder|p2a: Scovillain\n|-singleturn|p2a: Scovillain|move: Rage Powder\n|move|p1b: Kingambit|Sucker Punch||[still]\n|-fail|p1b: Kingambit\n|move|p1a: Garchomp|Rock Slide|p2a: Scovillain|[spread] p2a\n|-miss|p1a: Garchomp|p2b: Archaludon\n|-supereffective|p2a: Scovillain|1\n|-damage|p2a: Scovillain|68/100\n|-damage|p1a: Garchomp|56/100|[from] item: Life Orb\n|move|p2b: Archaludon|Flash Cannon|p1a: Garchomp\n|-damage|p1a: Garchomp|18/100\n|\n|-heal|p2b: Archaludon|22/100|[from] item: Leftovers\n|-ability|p2a: Scovillain|Moody|boost\n|-boost|p2a: Scovillain|spe|2\n|-unboost|p2a: Scovillain|spd|1\n|upkeep\n|turn|7\n|\n|t:|1788423298\n|move|p2b: Archaludon|Protect|p2b: Archaludon\n|-singleturn|p2b: Archaludon|Protect\n|move|p2a: Scovillain|Leech Seed|p1b: Kingambit\n|-start|p1b: Kingambit|move: Leech Seed\n|move|p1a: Garchomp|Rock Slide|p2b: Archaludon|[spread] p2a\n|-activate|p2b: Archaludon|move: Protect\n|-supereffective|p2a: Scovillain|1\n|-damage|p2a: Scovillain|33/100\n|-damage|p1a: Garchomp|9/100|[from] item: Life Orb\n|move|p1b: Kingambit|Kowtow Cleave|p2a: Scovillain\n|-damage|p2a: Scovillain|2/100\n|\n|-heal|p2b: Archaludon|28/100|[from] item: Leftovers\n|-damage|p1b: Kingambit|87/100|[from] Leech Seed|[of] p2a: Scovillain\n|-heal|p2a: Scovillain|17/100|[silent]\n|-ability|p2a: Scovillain|Moody|boost\n|-boost|p2a: Scovillain|spe|2\n|-unboost|p2a: Scovillain|atk|1\n|upkeep\n|turn|8\n|inactive|calacadura has 30 seconds left.\n|\n|t:|1788423324\n|switch|p1b: Raichu|Raichu, L50, M|100/100\n|move|p2a: Scovillain|Protect|p2a: Scovillain\n|-singleturn|p2a: Scovillain|Protect\n|move|p1a: Garchomp|Rock Slide|p2a: Scovillain|[spread] \n|-activate|p2a: Scovillain|move: Protect\n|-miss|p1a: Garchomp|p2b: Archaludon\n|move|p2b: Archaludon|Flash Cannon|p1b: Raichu\n|-resisted|p1b: Raichu|1\n|-damage|p1b: Raichu|78/100\n|\n|-heal|p2b: Archaludon|35/100|[from] item: Leftovers\n|-ability|p2a: Scovillain|Moody|boost\n|-boost|p2a: Scovillain|spe|2\n|-unboost|p2a: Scovillain|spd|1\n|upkeep\n|turn|9\n|inactive|calacadura has 30 seconds left.\n|\n|t:|1788423351\n|detailschange|p2a: Scovillain|Scovillain-Mega, L50, M\n|-mega|p2a: Scovillain|Scovillain|Scovillainite\n|move|p1b: Raichu|Protect|p1b: Raichu\n|-singleturn|p1b: Raichu|Protect\n|move|p2a: Scovillain|Burning Jealousy|p1b: Raichu|[spread] p1a\n|-activate|p1b: Raichu|move: Protect\n|-resisted|p1a: Garchomp|1\n|-damage|p1a: Garchomp|0 fnt\n|faint|p1a: Garchomp\n|move|p2b: Archaludon|Snarl|p1b: Raichu\n|-activate|p1b: Raichu|move: Protect\n|\n|-heal|p2b: Archaludon|41/100|[from] item: Leftovers\n|upkeep\n|-message|lori Kitahara forfeited.\n|\n|win|calacadura\n|raw|lori Kitahara's rating: 1284 &rarr; <strong>1257</strong><br />(-27 for losing)\n|raw|calacadura's rating: 1252 &rarr; <strong>1279</strong><br />(+27 for winning)\n|l|☆lori Kitahara\n|player|p1|\n","uploadtime":1788423363,"views":"1","formatid":"gen9championsvgc2026regmb","rating":1257,"private":0,"password":null}