{"id":"gen9championsvgc2026regmb-2673923552","format":"[Gen 9 Champions] VGC 2026 Reg M-B","players":["yanhuhuhaha","Ibaibot2008"],"log":"|j|☆yanhuhuhaha\n|j|☆Ibaibot2008\n|t:|1788277626\n|gametype|doubles\n|player|p1|yanhuhuhaha|veteranf|1153\n|player|p2|Ibaibot2008|ninjaboy|1126\n|gen|9\n|tier|[Gen 9 Champions] VGC 2026 Reg M-B\n|rated|\n|rule|Species Clause: Limit one of each Pokémon\n|rule|Item Clause: Limit 1 of each item\n|clearpoke\n|poke|p1|Sylveon, L50, F, shiny|\n|poke|p1|Alcremie, L50, F, shiny|\n|poke|p1|Annihilape, L50, F, shiny|\n|poke|p1|Mawile, L50, F|\n|poke|p1|Whimsicott, L50, F, shiny|\n|poke|p1|Sneasler, L50, M, shiny|\n|poke|p2|Zoroark-Hisui, L50, F, shiny|\n|poke|p2|Goodra-Hisui, L50, F|\n|poke|p2|Audino, L50, M, shiny|\n|poke|p2|Emboar, L50, M, shiny|\n|poke|p2|Gyarados, L50, M|\n|poke|p2|Talonflame, L50, M|\n|teampreview|4\n|inactive|Battle timer is ON: inactive players will automatically lose when time's up. (requested by yanhuhuhaha)\nyanhuhuhaha has agreed to open team sheets.\nIbaibot2008 rejected open team sheets.\n|\n|t:|1788277718\n|teamsize|p1|4\n|teamsize|p2|4\n|start\n|switch|p1a: Whimsicott|Whimsicott, L50, F, shiny|100/100\n|switch|p1b: Sylveon|Sylveon, L50, F, shiny|100/100\n|switch|p2a: Goodra|Goodra-Hisui, L50, F|100/100\n|switch|p2b: Gyarados|Gyarados, L50, M|100/100\n|-ability|p2b: Gyarados|Intimidate|boost\n|-unboost|p1a: Whimsicott|atk|1\n|-unboost|p1b: Sylveon|atk|1\n|turn|1\n|inactive|Ibaibot2008 has 30 seconds left.\n|inactive|yanhuhuhaha has 30 seconds left.\n|\n|t:|1788277754\n|detailschange|p2b: Gyarados|Gyarados-Mega, L50, M\n|-mega|p2b: Gyarados|Gyarados|Gyaradosite\n|-ability|p2b: Gyarados|Mold Breaker\n|move|p1a: Whimsicott|Tailwind|p1a: Whimsicott\n|-sidestart|p1: yanhuhuhaha|move: Tailwind\n|move|p2a: Goodra|Hyper Voice|p1a: Whimsicott|[spread] p1a,p1b\n|-damage|p1a: Whimsicott|38/100\n|-damage|p1b: Sylveon|62/100\n|-damage|p2a: Goodra|90/100|[from] item: Life Orb\n|move|p1b: Sylveon|Hyper Beam|p2a: Goodra\n|-damage|p2a: Goodra|0 fnt\n|-mustrecharge|p1b: Sylveon\n|replace|p2a: Zoroark|Zoroark-Hisui, L50, F, shiny\n|-end|p2a: Zoroark|Illusion\n|faint|p2a: Zoroark\n|move|p2b: Gyarados|Dragon Dance|p2b: Gyarados\n|-boost|p2b: Gyarados|atk|1\n|-boost|p2b: Gyarados|spe|1\n|\n|upkeep\n|\n|t:|1788277773\n|switch|p2a: Goodra|Goodra-Hisui, L50, F|100/100\n|turn|2\n|\n|t:|1788277797\n|switch|p1a: Alcremie|Alcremie, L50, F, shiny|100/100\n|cant|p1b: Sylveon|recharge\n|move|p2b: Gyarados|Waterfall|p1b: Sylveon\n|-damage|p1b: Sylveon|0 fnt\n|faint|p1b: Sylveon\n|move|p2a: Goodra|Shelter|p2a: Goodra\n|-boost|p2a: Goodra|def|2\n|\n|upkeep\n|\n|t:|1788277806\n|switch|p1b: Mawile|Mawile, L50, F|100/100\n|-ability|p1b: Mawile|Intimidate|boost\n|-unboost|p2a: Goodra|atk|1\n|-unboost|p2b: Gyarados|atk|1\n|turn|3\n|\n|t:|1788277827\n|detailschange|p1b: Mawile|Mawile-Mega, L50, F\n|-mega|p1b: Mawile|Mawile|Mawilite\n|move|p1a: Alcremie|Decorate|p1b: Mawile\n|-boost|p1b: Mawile|atk|2\n|-boost|p1b: Mawile|spa|2\n|move|p2b: Gyarados|Dragon Dance|p2b: Gyarados\n|-boost|p2b: Gyarados|atk|1\n|-boost|p2b: Gyarados|spe|1\n|move|p1b: Mawile|Play Rough|p2b: Gyarados\n|-supereffective|p2b: Gyarados|1\n|-damage|p2b: Gyarados|0 fnt\n|faint|p2b: Gyarados\n|move|p2a: Goodra|Body Press|p1b: Mawile\n|-damage|p1b: Mawile|54/100\n|\n|upkeep\n|\n|t:|1788277839\n|switch|p2b: Emboar|Emboar, L50, M, shiny|100/100\n|turn|4\n|\n|t:|1788277859\n|move|p1a: Alcremie|Decorate|p1b: Mawile\n|-boost|p1b: Mawile|atk|2\n|-boost|p1b: Mawile|spa|2\n|move|p1b: Mawile|Play Rough|p2b: Emboar\n|-enditem|p2b: Emboar|Focus Sash\n|-damage|p2b: Emboar|1/100\n|move|p2b: Emboar|Flame Charge|p1b: Mawile\n|-supereffective|p1b: Mawile|1\n|-damage|p1b: Mawile|0 fnt\n|-boost|p2b: Emboar|spe|1\n|faint|p1b: Mawile\n|move|p2a: Goodra|Body Press|p1a: Alcremie\n|-resisted|p1a: Alcremie|1\n|-damage|p1a: Alcremie|68/100\n|\n|-sideend|p1: yanhuhuhaha|move: Tailwind\n|upkeep\n|\n|t:|1788277868\n|switch|p1b: Whimsicott|Whimsicott, L50, F, shiny|38/100\n|turn|5\n|inactive|Ibaibot2008 has 30 seconds left.\n|inactive|Ibaibot2008 has 20 seconds left.\n|inactive|Ibaibot2008 has 15 seconds left.\n|inactive|yanhuhuhaha has 30 seconds left.\n|\n|t:|1788277914\n|move|p2b: Emboar|Flame Charge|p1b: Whimsicott\n|-supereffective|p1b: Whimsicott|1\n|-damage|p1b: Whimsicott|0 fnt\n|-boost|p2b: Emboar|spe|1\n|faint|p1b: Whimsicott\n|move|p1a: Alcremie|Decorate|p1: Whimsicott|[notarget]\n|-fail|p1a: Alcremie\n|move|p2a: Goodra|Life Dew||[still]|[spread] p2a,p2b\n|-fail|p2a: Goodra|heal\n|-heal|p2b: Emboar|25/100\n|\n|upkeep\n|turn|6\n|\n|t:|1788277929\n|move|p2b: Emboar|Flare Blitz|p1a: Alcremie\n|-damage|p1a: Alcremie|0 fnt\n|faint|p1a: Alcremie\n|-damage|p2b: Emboar|4/100|[from] Recoil\n|\n|win|Ibaibot2008\n|raw|yanhuhuhaha's rating: 1153 &rarr; <strong>1126</strong><br />(-27 for losing)\n|raw|Ibaibot2008's rating: 1126 &rarr; <strong>1153</strong><br />(+27 for winning)\n|l|☆Ibaibot2008\n|player|p2|\n","uploadtime":1788277940,"views":"1","formatid":"gen9championsvgc2026regmb","rating":1126,"private":0,"password":null}