{"id":"gen9championsvgc2026regmbbo3-2673999321","format":"[Gen 9 Champions] VGC 2026 Reg M-B (Bo3)","players":["rebirthya","yunsen"],"log":"|j|☆rebirthya\n|j|☆yunsen\n|html|<table width=\"100%\"><tr><td align=\"left\">rebirthya</td><td align=\"right\">yunsen</tr><tr><td align=\"left\"><i class=\"fa fa-circle-o\"></i> <i class=\"fa fa-circle-o\"></i> </td><td align=\"right\"><i class=\"fa fa-circle-o\"></i> <i class=\"fa fa-circle-o\"></i> </tr></table>\n|uhtml|bestof|<h2><strong>Game 1</strong> of <a href=\"/game-bestof3-gen9championsvgc2026regmbbo3-2673999320\">a best-of-3</a></h2>\n|t:|1788286583\n|gametype|doubles\n|player|p1|rebirthya|gardenia|1000\n|player|p2|yunsen|bellelba|1094\n|gen|9\n|tier|[Gen 9 Champions] VGC 2026 Reg M-B (Bo3)\n|rated|\n|rule|Species Clause: Limit one of each Pokémon\n|rule|Item Clause: Limit 1 of each item\n|clearpoke\n|poke|p1|Steelix, L50, M|\n|poke|p1|Tyranitar, L50, F|\n|poke|p1|Sinistcha-Masterpiece, L50|\n|poke|p1|Talonflame, L50, F|\n|poke|p1|Sneasler, L50, M|\n|poke|p1|Rotom-Wash, L50|\n|poke|p2|Floette-Eternal, L50, F|\n|poke|p2|Dragonite, L50, M|\n|poke|p2|Gholdengo, L50|\n|poke|p2|Sneasler, L50, M|\n|poke|p2|Sableye, L50, F|\n|poke|p2|Kingambit, L50, F|\n|teampreview|4\n|showteam|p1|Steelix||Steelixite|RockHead|HeavySlam,HighHorsepower,WideGuard,Protect|Adamant||M|||50|]Tyranitar||Tyranitarite|SandStream|RockSlide,KnockOff,DragonDance,Protect|Jolly||F|||50|]Sinistcha-Masterpiece||SitrusBerry|Hospitality|MatchaGotcha,RagePowder,TrickRoom,Protect|Bold|||||50|]Talonflame||LifeOrb|GaleWings|BraveBird,FlareBlitz,SwordsDance,Protect|Jolly||F|||50|]Sneasler||WhiteHerb|Unburden|FakeOut,CloseCombat,DireClaw,Protect|Jolly||M|||50|]Rotom-Wash||Leftovers|Levitate|HydroPump,Thunderbolt,WillOWisp,LightScreen|Impish|||||50|\n|showteam|p2|Floette-Eternal||Floettite|FlowerVeil|Moonblast,DazzlingGleam,CalmMind,Protect|Timid||F|||50|]Dragonite||Dragoninite|Multiscale|DragonPulse,HeatWave,Thunder,Protect|Modest||M|||50|]Gholdengo||LifeOrb|GoodasGold|PowerGem,ShadowBall,Psychic,Protect|Modest|||||50|]Sneasler||WhiteHerb|Unburden|DireClaw,CloseCombat,Protect,FakeOut|Jolly||M|||50|]Sableye||LightClay|Prankster|Reflect,LightScreen,RainDance,FakeOut|Sassy||F|||50|]Kingambit||FocusSash|Defiant|KowtowCleave,SuckerPunch,LowKick,IronHead|Adamant||F|||50|\n|inactive|Battle timer is ON: inactive players will automatically lose when time's up. (requested by yunsen)\n|inactive|rebirthya has 60 seconds left.\n|inactive|yunsen has 60 seconds left.\n|\n|t:|1788286616\n|teamsize|p1|4\n|teamsize|p2|4\n|start\n|switch|p1a: The Teeny|Tyranitar, L50, F|100/100\n|switch|p1b: Talonflame|Talonflame, L50, F|100/100\n|switch|p2a: Sableye|Sableye, L50, F|100/100\n|switch|p2b: Gholdengo|Gholdengo, L50|100/100\n|-weather|Sandstorm|[from] ability: Sand Stream|[of] p1a: The Teeny\n|turn|1\n|\n|t:|1788286634\n|move|p2b: Gholdengo|Protect|p2b: Gholdengo\n|-singleturn|p2b: Gholdengo|Protect\n|move|p2a: Sableye|Fake Out|p1b: Talonflame\n|-damage|p1b: Talonflame|89/100\n|cant|p1b: Talonflame|flinch\n|move|p1a: The Teeny|Dragon Dance|p1a: The Teeny\n|-boost|p1a: The Teeny|atk|1\n|-boost|p1a: The Teeny|spe|1\n|\n|-weather|Sandstorm|[upkeep]\n|-damage|p1b: Talonflame|83/100|[from] Sandstorm\n|-damage|p2a: Sableye|94/100|[from] Sandstorm\n|upkeep\n|turn|2\n|\n|t:|1788286656\n|move|p2a: Sableye|Rain Dance|p2a: Sableye\n|-weather|RainDance\n|move|p1b: Talonflame|Flare Blitz|p2b: Gholdengo\n|-supereffective|p2b: Gholdengo|1\n|-damage|p2b: Gholdengo|29/100\n|-damage|p1b: Talonflame|59/100|[from] Recoil\n|-damage|p1b: Talonflame|49/100|[from] item: Life Orb\n|move|p1a: The Teeny|Dragon Dance|p1a: The Teeny\n|-boost|p1a: The Teeny|atk|1\n|-boost|p1a: The Teeny|spe|1\n|move|p2b: Gholdengo|Power Gem|p1b: Talonflame\n|-supereffective|p1b: Talonflame|2\n|-damage|p1b: Talonflame|0 fnt\n|faint|p1b: Talonflame\n|-damage|p2b: Gholdengo|19/100|[from] item: Life Orb\n|\n|-weather|RainDance|[upkeep]\n|upkeep\n|\n|t:|1788286680\n|switch|p1b: Sneasler|Sneasler, L50, M|100/100\n|turn|3\n|\n|t:|1788286694\n|detailschange|p1a: The Teeny|Tyranitar-Mega, L50, F\n|-mega|p1a: The Teeny|Tyranitar|Tyranitarite\n|-weather|Sandstorm|[from] ability: Sand Stream|[of] p1a: The Teeny\n|move|p2a: Sableye|Reflect|p2a: Sableye\n|-sidestart|p2: yunsen|Reflect\n|move|p1a: The Teeny|Rock Slide|p2b: Gholdengo|[spread] p2a\n|-miss|p1a: The Teeny|p2b: Gholdengo\n|-damage|p2a: Sableye|36/100\n|move|p1b: Sneasler|Dire Claw|p2a: Sableye\n|-resisted|p2a: Sableye|1\n|-crit|p2a: Sableye\n|-damage|p2a: Sableye|0 fnt\n|faint|p2a: Sableye\n|move|p2b: Gholdengo|Psychic|p1b: Sneasler\n|-supereffective|p1b: Sneasler|2\n|-damage|p1b: Sneasler|0 fnt\n|faint|p1b: Sneasler\n|-damage|p2b: Gholdengo|9/100|[from] item: Life Orb\n|\n|-weather|Sandstorm|[upkeep]\n|upkeep\n|\n|t:|1788286714\n|switch|p1b: Sinistcha|Sinistcha-Masterpiece, L50|100/100\n|switch|p2a: Kingambit|Kingambit, L50, F|100/100\n|turn|4\n|\n|t:|1788286728\n|move|p1b: Sinistcha|Protect|p1b: Sinistcha\n|-singleturn|p1b: Sinistcha|Protect\n|move|p1a: The Teeny|Dragon Dance|p1a: The Teeny\n|-boost|p1a: The Teeny|atk|1\n|-boost|p1a: The Teeny|spe|1\n|move|p2b: Gholdengo|Shadow Ball|p1b: Sinistcha\n|-activate|p1b: Sinistcha|move: Protect\n|move|p2a: Kingambit|Kowtow Cleave|p1b: Sinistcha\n|-activate|p1b: Sinistcha|move: Protect\n|\n|-weather|Sandstorm|[upkeep]\n|-damage|p1b: Sinistcha|93/100|[from] Sandstorm\n|upkeep\n|turn|5\n|\n|t:|1788286747\n|move|p1a: The Teeny|Knock Off|p2a: Kingambit\n|-resisted|p2a: Kingambit|1\n|-damage|p2a: Kingambit|59/100\n|-enditem|p2a: Kingambit|Focus Sash|[from] move: Knock Off|[of] p1a: The Teeny\n|move|p2b: Gholdengo|Shadow Ball|p1b: Sinistcha\n|-supereffective|p1b: Sinistcha|1\n|-damage|p1b: Sinistcha|0 fnt\n|faint|p1b: Sinistcha\n|-damage|p2b: Gholdengo|0 fnt|[from] item: Life Orb\n|faint|p2b: Gholdengo\n|move|p2a: Kingambit|Low Kick|p1a: The Teeny\n|-supereffective|p1a: The Teeny|2\n|-damage|p1a: The Teeny|0 fnt\n|faint|p1a: The Teeny\n|\n|win|yunsen\n||yunsen is ready for game 2.\n|raw|rebirthya's rating: 1000 &rarr; <strong>1000</strong><br />(+0 for losing)\n|raw|yunsen's rating: 1094 &rarr; <strong>1113</strong><br />(+19 for winning)\n","uploadtime":1788286762,"views":"1","formatid":"gen9championsvgc2026regmbbo3","rating":1000,"private":0,"password":null}