{"id":"gen9championsvgc2026regmbbo3-2673579179","format":"[Gen 9 Champions] VGC 2026 Reg M-B (Bo3)","players":["camala64","Volcano0"],"log":"|j|☆camala64\n|j|☆Volcano0\n|html|<table width=\"100%\"><tr><td align=\"left\">camala64</td><td align=\"right\">Volcano0</tr><tr><td align=\"left\"><i class=\"fa fa-circle\"></i> <i class=\"fa fa-circle-o\"></i> </td><td align=\"right\"><i class=\"fa fa-circle-o\"></i> <i class=\"fa fa-circle\"></i> </tr></table>\n|uhtml|bestof|<h2><strong>Game 3</strong> of <a href=\"/game-bestof3-gen9championsvgc2026regmbbo3-2673576574\">a best-of-3</a></h2>\n|t:|1788216057\n|gametype|doubles\n|player|p1|camala64|lance-masters2|\n|player|p2|Volcano0|n|\n|gen|9\n|tier|[Gen 9 Champions] VGC 2026 Reg M-B (Bo3)\n|rule|Species Clause: Limit one of each Pokémon\n|rule|Item Clause: Limit 1 of each item\n|clearpoke\n|poke|p1|Scovillain, L50, F, shiny|\n|poke|p1|Gholdengo, L50|\n|poke|p1|Aerodactyl, L50, M, shiny|\n|poke|p1|Garchomp, L50, M, shiny|\n|poke|p1|Sylveon, L50, F|\n|poke|p1|Basculegion, L50, M, shiny|\n|poke|p2|Froslass, L50, F, shiny|\n|poke|p2|Scovillain, L50, F, shiny|\n|poke|p2|Lycanroc-Dusk, L50, F, shiny|\n|poke|p2|Kingambit, L50, F, shiny|\n|poke|p2|Basculegion, L50, M, shiny|\n|poke|p2|Sneasler, L50, F, shiny|\n|teampreview|4\n|showteam|p1|Scovillain||Scovillainite|Moody|Overheat,GigaDrain,RagePowder,Protect|Bold||F|||50|]Gholdengo||MetalCoat|GoodasGold|MakeItRain,ShadowBall,NastyPlot,Protect|Modest|||||50|]Aerodactyl||Aerodactylite|Unnerve|RockSlide,IceFang,DualWingbeat,Tailwind|Jolly||M|||50|]Garchomp||SitrusBerry|RoughSkin|Earthquake,DragonClaw,RockSlide,Protect|Adamant||M|||50|]Sylveon||FairyFeather|Pixilate|HyperVoice,HyperBeam,QuickAttack,Detect|Modest||F|||50|]Basculegion||LifeOrb|Adaptability|WaveCrash,AquaJet,LastRespects,Protect|Adamant||M|||50|\n|showteam|p2|Froslass||Froslassite|CursedBody|Blizzard,ShadowBall,AuroraVeil,Protect|Modest||F|||50|]Scovillain||Scovillainite|Moody|Overheat,GigaDrain,RagePowder,Protect|Modest||F|||50|]Lycanroc-Dusk||FocusSash|ToughClaws|RockSlide,CloseCombat,Accelerock,Protect|Adamant||F|||50|]Kingambit||BlackGlasses|Defiant|KowtowCleave,SuckerPunch,SwordsDance,Protect|Adamant||F|||50|]Basculegion||SitrusBerry|Adaptability|WaveCrash,LastRespects,AquaJet,Protect|Adamant||M|||50|]Sneasler||WhiteHerb|Unburden|CloseCombat,DireClaw,FakeOut,Protect|Adamant||F|||50|\n|inactive|Battle timer is ON: inactive players will automatically lose when time's up. (requested by Volcano0)\n|inactive|camala64 has 60 seconds left.\n|inactive|Volcano0 has 60 seconds left.\n|\n|t:|1788216097\n|teamsize|p1|4\n|teamsize|p2|4\n|start\n|switch|p1a: Teradactyl|Aerodactyl, L50, M, shiny|100/100\n|switch|p1b: AAAAAHHHHH|Sylveon, L50, F|100/100\n|switch|p2a: Regina Gelo|Froslass, L50, F, shiny|100/100\n|switch|p2b: Re Oscuro|Kingambit, L50, F, shiny|100/100\n|-ability|p1a: Teradactyl|Unnerve\n|turn|1\n|\n|t:|1788216113\n|detailschange|p1a: Teradactyl|Aerodactyl-Mega, L50, M, shiny\n|-mega|p1a: Teradactyl|Aerodactyl|Aerodactylite\n|detailschange|p2a: Regina Gelo|Froslass-Mega, L50, F, shiny\n|-mega|p2a: Regina Gelo|Froslass|Froslassite\n|-weather|Snowscape|[from] ability: Snow Warning|[of] p2a: Regina Gelo\n|move|p1a: Teradactyl|Rock Slide|p2a: Regina Gelo|[spread] p2a,p2b\n|-supereffective|p2a: Regina Gelo|1\n|-resisted|p2b: Re Oscuro|1\n|-damage|p2a: Regina Gelo|49/100\n|-damage|p2b: Re Oscuro|91/100\n|move|p2a: Regina Gelo|Aurora Veil|p2a: Regina Gelo\n|-sidestart|p2: Volcano0|move: Aurora Veil\n|move|p1b: AAAAAHHHHH|Hyper Voice|p2a: Regina Gelo|[spread] p2a,p2b\n|-damage|p2a: Regina Gelo|22/100\n|-damage|p2b: Re Oscuro|61/100\n|cant|p2b: Re Oscuro|flinch\n|\n|-weather|Snowscape|[upkeep]\n|upkeep\n|turn|2\n|\n|t:|1788216131\n|move|p1a: Teradactyl|Tailwind|p1a: Teradactyl\n|-sidestart|p1: camala64|move: Tailwind\n|move|p1b: AAAAAHHHHH|Hyper Voice|p2a: Regina Gelo|[spread] p2a,p2b\n|-damage|p2a: Regina Gelo|0 fnt\n|-damage|p2b: Re Oscuro|34/100\n|faint|p2a: Regina Gelo\n|move|p2b: Re Oscuro|Swords Dance|p2b: Re Oscuro\n|-boost|p2b: Re Oscuro|atk|2\n|\n|-weather|Snowscape|[upkeep]\n|upkeep\n|\n|t:|1788216140\n|switch|p2a: Spilungone|Sneasler, L50, F, shiny|100/100\n|turn|3\n|\n|t:|1788216147\n|move|p2b: Re Oscuro|Sucker Punch|p1a: Teradactyl\n|-damage|p1a: Teradactyl|0 fnt\n|faint|p1a: Teradactyl\n|move|p1b: AAAAAHHHHH|Hyper Voice|p2b: Re Oscuro|[spread] p2a,p2b\n|-damage|p2a: Spilungone|61/100\n|-damage|p2b: Re Oscuro|4/100\n|move|p2a: Spilungone|Dire Claw|p1b: AAAAAHHHHH\n|-supereffective|p1b: AAAAAHHHHH|1\n|-damage|p1b: AAAAAHHHHH|9/100\n|\n|-weather|Snowscape|[upkeep]\n|upkeep\n|\n|t:|1788216161\n|switch|p1a: Jawesome|Garchomp, L50, M, shiny|100/100\n|turn|4\n|\n|t:|1788216173\n|move|p2a: Spilungone|Protect|p2a: Spilungone\n|-singleturn|p2a: Spilungone|Protect\n|move|p2b: Re Oscuro|Protect|p2b: Re Oscuro\n|-singleturn|p2b: Re Oscuro|Protect\n|move|p1b: AAAAAHHHHH|Quick Attack|p2b: Re Oscuro\n|-activate|p2b: Re Oscuro|move: Protect\n|move|p1a: Jawesome|Earthquake|p2b: Re Oscuro|[spread] p1b\n|-activate|p2a: Spilungone|move: Protect\n|-activate|p2b: Re Oscuro|move: Protect\n|-damage|p1b: AAAAAHHHHH|0 fnt\n|faint|p1b: AAAAAHHHHH\n|\n|-weather|Snowscape|[upkeep]\n|upkeep\n|\n|t:|1788216178\n|switch|p1b: Masculin|Basculegion, L50, M, shiny|100/100\n|turn|5\n|\n|t:|1788216196\n|move|p1b: Masculin|Aqua Jet|p2b: Re Oscuro\n|-damage|p2b: Re Oscuro|0 fnt\n|faint|p2b: Re Oscuro\n|-damage|p1b: Masculin|90/100|[from] item: Life Orb\n|move|p1a: Jawesome|Earthquake|p2a: Spilungone|[spread] p1b,p2a\n|-supereffective|p2a: Spilungone|1\n|-damage|p1b: Masculin|49/100\n|-damage|p2a: Spilungone|0 fnt\n|faint|p2a: Spilungone\n|\n|-weather|none\n|-sideend|p1: camala64|move: Tailwind\n|-sideend|p2: Volcano0|move: Aurora Veil\n|upkeep\n|\n|t:|1788216205\n|switch|p2a: Pesce Morto|Basculegion, L50, M, shiny|100/100\n|turn|6\n|\n|t:|1788216213\n|move|p1a: Jawesome|Dragon Claw|p2a: Pesce Morto\n|-damage|p2a: Pesce Morto|57/100\n|move|p2a: Pesce Morto|Last Respects|p1b: Masculin\n|-supereffective|p1b: Masculin|1\n|-damage|p1b: Masculin|0 fnt\n|faint|p1b: Masculin\n|\n|upkeep\n|turn|7\n|\n|t:|1788216223\n|move|p1a: Jawesome|Earthquake|p2a: Pesce Morto\n|-damage|p2a: Pesce Morto|0 fnt\n|faint|p2a: Pesce Morto\n|\n|win|camala64\n|l|☆Volcano0\n|player|p2|\n|c|☆camala64|Gg\n","uploadtime":1788216225,"views":"8","formatid":"gen9championsvgc2026regmbbo3","rating":null,"private":0,"password":null}