{"id":"gen9championsvgc2026regmb-2674763724","format":"[Gen 9 Champions] VGC 2026 Reg M-B","players":["12wrt","Akwam"],"log":"|j|☆12wrt\n|j|☆Akwam\n|t:|1788402448\n|gametype|doubles\n|player|p1|12wrt|lyra|1146\n|player|p2|Akwam|102|1089\n|gen|9\n|tier|[Gen 9 Champions] VGC 2026 Reg M-B\n|rated|\n|rule|Species Clause: Limit one of each Pokémon\n|rule|Item Clause: Limit 1 of each item\n|clearpoke\n|poke|p1|Meowstic-F, L50, F|\n|poke|p1|Incineroar, L50, M|\n|poke|p1|Sinistcha, L50|\n|poke|p1|Rotom-Wash, L50|\n|poke|p1|Sneasler, L50, F|\n|poke|p1|Greninja, L50, M|\n|poke|p2|Gengar, L50, M|\n|poke|p2|Metagross, L50|\n|poke|p2|Luxray, L50, F|\n|poke|p2|Kleavor, L50, M|\n|poke|p2|Orthworm, L50, F|\n|poke|p2|Aurorus, L50, F|\n|teampreview|4\n|\n|t:|1788402488\n|teamsize|p1|4\n|teamsize|p2|4\n|start\n|switch|p1a: Meowstic|Meowstic-F, L50, F|100/100\n|switch|p1b: Incineroar|Incineroar, L50, M|100/100\n|switch|p2a: Kleavor|Kleavor, L50, M|100/100\n|switch|p2b: Gengar|Gengar, L50, M|100/100\n|-ability|p1b: Incineroar|Intimidate|boost\n|-unboost|p2a: Kleavor|atk|1\n|-unboost|p2b: Gengar|atk|1\n|turn|1\n|\n|t:|1788402505\n|detailschange|p2b: Gengar|Gengar-Mega, L50, M\n|-mega|p2b: Gengar|Gengar|Gengarite\n|detailschange|p1a: Meowstic|Meowstic-F-Mega, L50, F\n|-mega|p1a: Meowstic|Meowstic|Meowsticite\n|-ability|p1a: Meowstic|Sharpness|Trace|[from] ability: Trace|[of] p2a: Kleavor\n|move|p1b: Incineroar|Fake Out|p2a: Kleavor\n|-resisted|p2a: Kleavor|1\n|-damage|p2a: Kleavor|94/100\n|cant|p2a: Kleavor|flinch\n|move|p2b: Gengar|Shadow Ball|p1a: Meowstic\n|-supereffective|p1a: Meowstic|1\n|-damage|p1a: Meowstic|0 fnt\n|faint|p1a: Meowstic\n|\n|upkeep\n|\n|t:|1788402517\n|switch|p1a: Sinistcha|Sinistcha, L50|100/100\n|turn|2\n|\n|t:|1788402550\n|move|p2b: Gengar|Shadow Ball|p1a: Sinistcha\n|-supereffective|p1a: Sinistcha|1\n|-enditem|p1a: Sinistcha|Kasib Berry|[eat]\n|-enditem|p1a: Sinistcha|Kasib Berry|[weaken]\n|-damage|p1a: Sinistcha|35/100\n|move|p2a: Kleavor|Stone Axe|p1b: Incineroar\n|-supereffective|p1b: Incineroar|1\n|-damage|p1b: Incineroar|15/100\n|-sidestart|p1: 12wrt|move: Stealth Rock\n|-enditem|p1b: Incineroar|Sitrus Berry|[eat]\n|-heal|p1b: Incineroar|40/100|[from] item: Sitrus Berry\n|-damage|p2a: Kleavor|84/100|[from] item: Life Orb\n|move|p1a: Sinistcha|Shadow Ball|p2b: Gengar\n|-supereffective|p2b: Gengar|1\n|-damage|p2b: Gengar|0 fnt\n|faint|p2b: Gengar\n|move|p1b: Incineroar|Parting Shot|p2a: Kleavor\n|-unboost|p2a: Kleavor|atk|1\n|-unboost|p2a: Kleavor|spa|1\n|\n|t:|1788402563\n|switch|p1b: Sneasler|Sneasler, L50, F|100/100|[from] Parting Shot\n|-damage|p1b: Sneasler|94/100|[from] Stealth Rock\n|\n|upkeep\n|\n|t:|1788402576\n|switch|p2b: Luxray|Luxray, L50, F|100/100\n|-ability|p2b: Luxray|Intimidate|boost\n|-unboost|p1a: Sinistcha|atk|1\n|-unboost|p1b: Sneasler|atk|1\n|-enditem|p1b: Sneasler|White Herb\n|-clearnegativeboost|p1b: Sneasler|[silent]\n|turn|3\n|\n|t:|1788402596\n|move|p1b: Sneasler|Fake Out|p2b: Luxray\n|-damage|p2b: Luxray|83/100\n|move|p2a: Kleavor|Stone Axe|p1b: Sneasler|[miss]\n|-miss|p2a: Kleavor|p1b: Sneasler\n|move|p1a: Sinistcha|Matcha Gotcha|p2b: Luxray|[spread] p2a,p2b\n|-damage|p2a: Kleavor|45/100\n|-heal|p1a: Sinistcha|55/100|[from] drain|[of] p2a: Kleavor\n|-damage|p2b: Luxray|53/100\n|-heal|p1a: Sinistcha|71/100|[from] drain|[of] p2b: Luxray\n|-status|p2a: Kleavor|brn\n|cant|p2b: Luxray|flinch\n|\n|-damage|p2a: Kleavor|39/100 brn|[from] brn\n|upkeep\n|turn|4\n|\n|t:|1788402610\n|move|p1b: Sneasler|Protect|p1b: Sneasler\n|-singleturn|p1b: Sneasler|Protect\n|move|p2a: Kleavor|X-Scissor|p1a: Sinistcha\n|-crit|p1a: Sinistcha\n|-damage|p1a: Sinistcha|10/100\n|-damage|p2a: Kleavor|29/100 brn|[from] item: Life Orb\n|move|p1a: Sinistcha|Matcha Gotcha|p2a: Kleavor|[spread] p2a,p2b\n|-crit|p2a: Kleavor\n|-damage|p2a: Kleavor|0 fnt\n|-heal|p1a: Sinistcha|25/100|[from] drain|[of] p2a: Kleavor\n|-damage|p2b: Luxray|24/100\n|-heal|p1a: Sinistcha|40/100|[from] drain|[of] p2b: Luxray\n|faint|p2a: Kleavor\n|move|p2b: Luxray|Thunder Wave|p1b: Sneasler\n|-activate|p1b: Sneasler|move: Protect\n|\n|upkeep\n|\n|t:|1788402613\n|switch|p2a: Aurorus|Aurorus, L50, F|100/100\n|-weather|Snowscape|[from] ability: Snow Warning|[of] p2a: Aurorus\n|turn|5\n|\n|t:|1788402629\n|move|p2a: Aurorus|Protect|p2a: Aurorus\n|-singleturn|p2a: Aurorus|Protect\n|move|p1b: Sneasler|Close Combat|p2a: Aurorus\n|-activate|p2a: Aurorus|move: Protect\n|move|p1a: Sinistcha|Matcha Gotcha|p2a: Aurorus|[spread] p2b\n|-activate|p2a: Aurorus|move: Protect\n|-damage|p2b: Luxray|0 fnt\n|-heal|p1a: Sinistcha|53/100|[from] drain|[of] p2b: Luxray\n|faint|p2b: Luxray\n|\n|-weather|Snowscape|[upkeep]\n|upkeep\n|turn|6\n|-message|Akwam forfeited.\n|\n|win|12wrt\n|raw|12wrt's rating: 1146 &rarr; <strong>1167</strong><br />(+21 for winning)\n|raw|Akwam's rating: 1089 &rarr; <strong>1069</strong><br />(-20 for losing)\n|l|☆Akwam\n|player|p2|\n","uploadtime":1788402639,"views":"1","formatid":"gen9championsvgc2026regmb","rating":1069,"private":0,"password":null}