{"id":"gen9championsvgc2026regmb-2674357128","format":"[Gen 9 Champions] VGC 2026 Reg M-B","players":["ilikebeingbad","HeliosAtDawn"],"log":"|j|☆ilikebeingbad\n|j|☆HeliosAtDawn\n|t:|1788348070\n|gametype|doubles\n|player|p1|ilikebeingbad|clerkf|1279\n|player|p2|HeliosAtDawn|cynthia-gen4|1240\n|gen|9\n|tier|[Gen 9 Champions] VGC 2026 Reg M-B\n|rated|\n|rule|Species Clause: Limit one of each Pokémon\n|rule|Item Clause: Limit 1 of each item\n|clearpoke\n|poke|p1|Glimmora, L50, M|\n|poke|p1|Froslass, L50, F|\n|poke|p1|Sneasler, L50, F|\n|poke|p1|Kingambit, L50, F|\n|poke|p1|Scovillain, L50, F|\n|poke|p1|Basculegion, L50, M|\n|poke|p2|Camerupt, L50, F|\n|poke|p2|Farigiraf, L50, F|\n|poke|p2|Primarina, L50, F|\n|poke|p2|Rotom-Wash, L50|\n|poke|p2|Sneasler, L50, M|\n|poke|p2|Kingambit, L50, F|\n|teampreview|4\n|inactive|Battle timer is ON: inactive players will automatically lose when time's up. (requested by HeliosAtDawn)\n|inactive|ilikebeingbad has 60 seconds left.\n|inactive|HeliosAtDawn has 60 seconds left.\n|\n|t:|1788348126\n|teamsize|p1|4\n|teamsize|p2|4\n|start\n|switch|p1a: Kingambit|Kingambit, L50, F|100/100\n|switch|p1b: Scovillain|Scovillain, L50, F|100/100\n|switch|p2a: Farigiraf|Farigiraf, L50, F|100/100\n|switch|p2b: Sneasler|Sneasler, L50, M|100/100\n|turn|1\n|inactive|HeliosAtDawn has 30 seconds left.\n|inactive|HeliosAtDawn has 20 seconds left.\n|inactive|HeliosAtDawn has 15 seconds left.\n|\n|t:|1788348169\n|switch|p2a: Kingambit|Kingambit, L50, F|100/100\n|detailschange|p1b: Scovillain|Scovillain-Mega, L50, F\n|-mega|p1b: Scovillain|Scovillain|Scovillainite\n|move|p1b: Scovillain|Rage Powder|p1b: Scovillain\n|-singleturn|p1b: Scovillain|move: Rage Powder\n|move|p2b: Sneasler|Dire Claw|p1b: Scovillain\n|-supereffective|p1b: Scovillain|1\n|-damage|p1b: Scovillain|12/100\n|-status|p1b: Scovillain|par\n|-status|p2b: Sneasler|brn|[from] ability: Spicy Spray|[of] p1b: Scovillain\n|move|p1a: Kingambit|Kowtow Cleave|p2a: Kingambit\n|-resisted|p2a: Kingambit|1\n|-damage|p2a: Kingambit|82/100\n|\n|-damage|p2b: Sneasler|94/100 brn|[from] brn\n|upkeep\n|turn|2\n|\n|t:|1788348193\n|switch|p1b: Sneasler|Sneasler, L50, F|100/100\n|move|p2b: Sneasler|Rock Slide|p1a: Kingambit|[spread] p1a,p1b\n|-resisted|p1a: Kingambit|1\n|-resisted|p1b: Sneasler|1\n|-damage|p1a: Kingambit|96/100\n|-damage|p1b: Sneasler|90/100\n|move|p1a: Kingambit|Low Kick|p2a: Kingambit\n|-supereffective|p2a: Kingambit|2\n|-damage|p2a: Kingambit|0 fnt\n|faint|p2a: Kingambit\n|\n|-damage|p2b: Sneasler|88/100 brn|[from] brn\n|upkeep\n|\n|t:|1788348214\n|switch|p2a: Pdon|Camerupt, L50, F|100/100\n|turn|3\n|\n|t:|1788348230\n|switch|p2b: Farigiraf|Farigiraf, L50, F|100/100\n|detailschange|p2a: Pdon|Camerupt-Mega, L50, F\n|-mega|p2a: Pdon|Camerupt|Cameruptite\n|move|p1b: Sneasler|Fake Out||[still]\n|cant|p2b: Farigiraf|ability: Armor Tail|Fake Out|[of] p1b: Sneasler\n|move|p1a: Kingambit|Kowtow Cleave|p2a: Pdon\n|-damage|p2a: Pdon|45/100\n|move|p2a: Pdon|Earth Power|p1a: Kingambit\n|-supereffective|p1a: Kingambit|1\n|-damage|p1a: Kingambit|0 fnt\n|faint|p1a: Kingambit\n|\n|upkeep\n|\n|t:|1788348238\n|switch|p1a: Basculegion|Basculegion, L50, M|100/100\n|turn|4\n|inactive|ilikebeingbad has 30 seconds left.\n|\n|t:|1788348264\n|move|p2a: Pdon|Protect|p2a: Pdon\n|-singleturn|p2a: Pdon|Protect\n|move|p1a: Basculegion|Flip Turn|p2b: Farigiraf\n|-damage|p2b: Farigiraf|58/100\n|\n|t:|1788348270\n|switch|p1a: Scovillain|Scovillain-Mega, L50, F|12/100 par|[from] Flip Turn\n|move|p1b: Sneasler|Close Combat|p2a: Pdon\n|-activate|p2a: Pdon|move: Protect\n|move|p2b: Farigiraf|Trick Room|p2b: Farigiraf\n|-fieldstart|move: Trick Room|[of] p2b: Farigiraf\n|\n|upkeep\n|turn|5\n|\n|t:|1788348294\n|move|p2b: Farigiraf|Helping Hand|p2a: Pdon\n|-singleturn|p2a: Pdon|Helping Hand|[of] p2b: Farigiraf\n|move|p1a: Scovillain|Protect|p1a: Scovillain\n|-singleturn|p1a: Scovillain|Protect\n|move|p1b: Sneasler|Protect|p1b: Sneasler\n|-singleturn|p1b: Sneasler|Protect\n|move|p2a: Pdon|Heat Wave|p1b: Sneasler|[spread] \n|-activate|p1a: Scovillain|move: Protect\n|-activate|p1b: Sneasler|move: Protect\n|\n|upkeep\n|turn|6\n|inactive|ilikebeingbad has 30 seconds left.\n|\n|t:|1788348327\n|move|p2a: Pdon|Earth Power|p1b: Sneasler\n|-supereffective|p1b: Sneasler|1\n|-damage|p1b: Sneasler|0 fnt\n|faint|p1b: Sneasler\n|move|p1a: Scovillain|Giga Drain|p2a: Pdon\n|-damage|p2a: Pdon|11/100\n|-heal|p1a: Scovillain|30/100 par|[from] drain|[of] p2a: Pdon\n|move|p2b: Farigiraf|Psychic|p1a: Scovillain\n|-damage|p1a: Scovillain|0 fnt\n|-status|p2b: Farigiraf|brn|[from] ability: Spicy Spray|[of] p1a: Scovillain\n|faint|p1a: Scovillain\n|\n|-damage|p2b: Farigiraf|52/100 brn|[from] brn\n|upkeep\n|\n|t:|1788348336\n|switch|p1b: Basculegion|Basculegion, L50, M|100/100\n|turn|7\n|\n|t:|1788348353\n|move|p2a: Pdon|Earth Power|p1b: Basculegion\n|-damage|p1b: Basculegion|14/100\n|move|p2b: Farigiraf|Psychic|p1b: Basculegion\n|-crit|p1b: Basculegion\n|-damage|p1b: Basculegion|0 fnt\n|faint|p1b: Basculegion\n|\n|win|HeliosAtDawn\n|raw|ilikebeingbad's rating: 1279 &rarr; <strong>1251</strong><br />(-28 for losing)\n|raw|HeliosAtDawn's rating: 1240 &rarr; <strong>1268</strong><br />(+28 for winning)\n|l|☆ilikebeingbad\n|player|p1|\n","uploadtime":1788348362,"views":"1","formatid":"gen9championsvgc2026regmb","rating":1251,"private":0,"password":null}