{"id":"gen9championsvgc2026regmb-2674637750","format":"[Gen 9 Champions] VGC 2026 Reg M-B","players":["bo1bstrd","nessa'sflipflops"],"log":"|j|☆bo1bstrd\n|j|☆nessa'sflipflops\n|t:|1788383430\n|gametype|doubles\n|player|p1|bo1bstrd|linebacker|1399\n|player|p2|nessa'sflipflops|ballguy|1439\n|gen|9\n|tier|[Gen 9 Champions] VGC 2026 Reg M-B\n|rated|\n|rule|Species Clause: Limit one of each Pokémon\n|rule|Item Clause: Limit 1 of each item\n|clearpoke\n|poke|p1|Charizard, L50, M, shiny|\n|poke|p1|Toxapex, L50, M|\n|poke|p1|Incineroar, L50, M|\n|poke|p1|Venusaur, L50, M, shiny|\n|poke|p1|Sylveon, L50, F, shiny|\n|poke|p1|Garchomp, L50, M, shiny|\n|poke|p2|Sylveon, L50, F, shiny|\n|poke|p2|Staraptor, L50, F|\n|poke|p2|Raichu, L50, M|\n|poke|p2|Farigiraf, L50, F|\n|poke|p2|Kingambit, L50, F|\n|poke|p2|Arcanine-Hisui, L50, F|\n|teampreview|4\n|inactive|Battle timer is ON: inactive players will automatically lose when time's up. (requested by bo1bstrd)\n|inactive|bo1bstrd has 60 seconds left.\n|inactive|nessa'sflipflops has 60 seconds left.\n|inactive|nessa'sflipflops has 30 seconds left.\n|\n|t:|1788383497\n|teamsize|p1|4\n|teamsize|p2|4\n|start\n|switch|p1a: Sylveon|Sylveon, L50, F, shiny|100/100\n|switch|p1b: Toxapex|Toxapex, L50, M|100/100\n|switch|p2a: Farigiraf|Farigiraf, L50, F|100/100\n|switch|p2b: Raichu|Raichu, L50, M|100/100\n|turn|1\n|\n|t:|1788383521\n|detailschange|p2b: Raichu|Raichu-Mega-Y, L50, M\n|-mega|p2b: Raichu|Raichu|Raichunite Y\n|move|p1b: Toxapex|Baneful Bunker|p1b: Toxapex\n|-singleturn|p1b: Toxapex|move: Protect\n|move|p2b: Raichu|Fake Out|p1a: Sylveon\n|-damage|p1a: Sylveon|90/100\n|cant|p1a: Sylveon|flinch\n|move|p2a: Farigiraf|Psychic|p1b: Toxapex\n|-activate|p1b: Toxapex|move: Protect\n|\n|upkeep\n|turn|2\n|\n|t:|1788383539\n|switch|p1b: Garchomp|Garchomp, L50, M, shiny|100/100\n|move|p2b: Raichu|Zap Cannon|p1a: Sylveon\n|-damage|p1a: Sylveon|43/100\n|-status|p1a: Sylveon|par\n|move|p2a: Farigiraf|Psychic|p1a: Sylveon\n|-damage|p1a: Sylveon|20/100y par\n|move|p1a: Sylveon|Hyper Voice|p2b: Raichu|[spread] p2a,p2b\n|-damage|p2a: Farigiraf|67/100\n|-damage|p2b: Raichu|44/100\n|\n|upkeep\n|turn|3\n|\n|t:|1788383559\n|switch|p1a: Charizard|Charizard, L50, M, shiny|100/100\n|move|p2b: Raichu|Protect|p2b: Raichu\n|-singleturn|p2b: Raichu|Protect\n|move|p1b: Garchomp|Earthquake|p2b: Raichu|[spread] p2a\n|-activate|p2b: Raichu|move: Protect\n|-immune|p1a: Charizard\n|-crit|p2a: Farigiraf\n|-damage|p2a: Farigiraf|13/100\n|-enditem|p2a: Farigiraf|Sitrus Berry|[eat]\n|-heal|p2a: Farigiraf|38/100|[from] item: Sitrus Berry\n|move|p2a: Farigiraf|Trick Room|p2a: Farigiraf\n|-fieldstart|move: Trick Room|[of] p2a: Farigiraf\n|\n|upkeep\n|turn|4\n|\n|t:|1788383581\n|switch|p1b: Toxapex|Toxapex, L50, M|100/100\n|detailschange|p1a: Charizard|Charizard-Mega-Y, L50, M, shiny\n|-mega|p1a: Charizard|Charizard|Charizardite Y\n|-weather|SunnyDay|[from] ability: Drought|[of] p1a: Charizard\n|move|p2a: Farigiraf|Psychic|p1b: Toxapex\n|-supereffective|p1b: Toxapex|1\n|-damage|p1b: Toxapex|45/100\n|move|p1a: Charizard|Heat Wave|p2b: Raichu|[spread] p2b\n|-miss|p1a: Charizard|p2a: Farigiraf\n|-damage|p2b: Raichu|0 fnt\n|faint|p2b: Raichu\n|\n|-weather|SunnyDay|[upkeep]\n|-heal|p1b: Toxapex|50/100g|[from] item: Leftovers\n|upkeep\n|\n|t:|1788383596\n|switch|p2b: Kingambit|Kingambit, L50, F|100/100\n|turn|5\n|\n|t:|1788383613\n|move|p1a: Charizard|Protect|p1a: Charizard\n|-singleturn|p1a: Charizard|Protect\n|move|p1b: Toxapex|Infestation|p2a: Farigiraf\n|-supereffective|p2a: Farigiraf|1\n|-damage|p2a: Farigiraf|33/100\n|-activate|p2a: Farigiraf|move: Infestation|[of] p1b: Toxapex\n|move|p2b: Kingambit|Kowtow Cleave|p1a: Charizard\n|-activate|p1a: Charizard|move: Protect\n|move|p2a: Farigiraf|Psychic|p1a: Charizard\n|-activate|p1a: Charizard|move: Protect\n|\n|-weather|SunnyDay|[upkeep]\n|-heal|p1b: Toxapex|56/100|[from] item: Leftovers\n|-damage|p2a: Farigiraf|20/100y|[from] move: Infestation|[partiallytrapped]\n|upkeep\n|turn|6\n|inactive|bo1bstrd has 30 seconds left.\n|inactive|bo1bstrd has 20 seconds left.\n|\n|t:|1788383649\n|switch|p1a: Sylveon|Sylveon, L50, F, shiny|20/100y par\n|move|p1b: Toxapex|Baneful Bunker|p1b: Toxapex\n|-singleturn|p1b: Toxapex|move: Protect\n|move|p2b: Kingambit|Kowtow Cleave|p1a: Sylveon\n|-resisted|p1a: Sylveon|1\n|-damage|p1a: Sylveon|0 fnt\n|faint|p1a: Sylveon\n|-damage|p2b: Kingambit|90/100|[from] item: Life Orb\n|move|p2a: Farigiraf|Psychic|p1b: Toxapex\n|-activate|p1b: Toxapex|move: Protect\n|\n|-weather|SunnyDay|[upkeep]\n|-heal|p1b: Toxapex|62/100|[from] item: Leftovers\n|-damage|p2a: Farigiraf|8/100|[from] move: Infestation|[partiallytrapped]\n|upkeep\n|\n|t:|1788383665\n|switch|p1a: Charizard|Charizard-Mega-Y, L50, M, shiny|100/100\n|turn|7\n|inactive|bo1bstrd has 30 seconds left.\n|\n|t:|1788383691\n|move|p1b: Toxapex|Baneful Bunker||[still]\n|-fail|p1b: Toxapex\n|move|p2b: Kingambit|Swords Dance|p2b: Kingambit\n|-boost|p2b: Kingambit|atk|2\n|move|p2a: Farigiraf|Psychic|p1b: Toxapex\n|-supereffective|p1b: Toxapex|1\n|-damage|p1b: Toxapex|11/100\n|move|p1a: Charizard|Heat Wave|p2b: Kingambit|[spread] p2a,p2b\n|-supereffective|p2b: Kingambit|1\n|-damage|p2a: Farigiraf|0 fnt\n|-damage|p2b: Kingambit|0 fnt\n|faint|p2a: Farigiraf\n|faint|p2b: Kingambit\n|\n|-weather|SunnyDay|[upkeep]\n|-heal|p1b: Toxapex|17/100|[from] item: Leftovers\n|-fieldend|move: Trick Room\n|upkeep\n|-message|nessa'sflipflops forfeited.\n|\n|win|bo1bstrd\n|raw|bo1bstrd's rating: 1399 &rarr; <strong>1421</strong><br />(+22 for winning)\n|raw|nessa&apos;sflipflops's rating: 1439 &rarr; <strong>1417</strong><br />(-22 for losing)\n|l|☆nessa'sflipflops\n|player|p2|\n","uploadtime":1788383716,"views":"4","formatid":"gen9championsvgc2026regmb","rating":1417,"private":0,"password":null}