{"id":"gen9championsvgc2026regmb-2674151937","format":"[Gen 9 Champions] VGC 2026 Reg M-B","players":["stickyholder","ImMXngo"],"log":"|j|☆stickyholder\n|j|☆ImMXngo\n|t:|1788306869\n|gametype|doubles\n|player|p1|stickyholder|burglar|\n|player|p2|ImMXngo|n|\n|gen|9\n|tier|[Gen 9 Champions] VGC 2026 Reg M-B\n|rule|Species Clause: Limit one of each Pokémon\n|rule|Item Clause: Limit 1 of each item\n|clearpoke\n|poke|p1|Gengar, L50, M|\n|poke|p1|Incineroar, L50, M|\n|poke|p1|Klefki, L50, M|\n|poke|p1|Pikachu, L50, F|\n|poke|p1|Primarina, L50, M|\n|poke|p1|Clefable, L50, F|\n|poke|p2|Staraptor, L50, M|\n|poke|p2|Grimmsnarl, L50, M|\n|poke|p2|Gholdengo, L50|\n|poke|p2|Rotom-Wash, L50|\n|poke|p2|Mudsdale, L50, M|\n|poke|p2|Snorlax, L50, M, shiny|\n|teampreview|4\n|j| hostompa\nstickyholder rejected open team sheets.\n|j| PorygonTheBot\n|c| PorygonTheBot|Porygon has digitized into the match... booting up... successfully calibrating stats!\n|c| hostompa|snorlax kinda look like someone i know\n|c|☆ImMXngo|squander\n|c| hostompa|true\n|c| hostompa|btw why is ur x capitalized\n|c|☆ImMXngo|idk\n|c|☆ImMXngo|mistype\n|c| hostompa|bro on an alt\n|c|☆ImMXngo|ig\n|\n|t:|1788306961\n|teamsize|p1|4\n|teamsize|p2|4\n|start\n|switch|p1a: Gengar|Gengar, L50, M|100/100\n|switch|p1b: Pikachu|Pikachu, L50, F|100/100\n|switch|p2a: Grimmsnarl|Grimmsnarl, L50, M|100/100\n|switch|p2b: Mudsdale|Mudsdale, L50, M|100/100\n|turn|1\n|\n|t:|1788306985\n|move|p1b: Pikachu|Fake Out|p2b: Mudsdale\n|-damage|p2b: Mudsdale|84/100\n|move|p2a: Grimmsnarl|Light Screen|p2a: Grimmsnarl\n|-sidestart|p2: ImMXngo|move: Light Screen\n|move|p1a: Gengar|Substitute|p1a: Gengar\n|-start|p1a: Gengar|Substitute\n|-damage|p1a: Gengar|75/100\n|move|p2b: Mudsdale|Stealth Rock|p1b: Pikachu\n|-sidestart|p1: stickyholder|move: Stealth Rock\n|\n|upkeep\n|turn|2\n|\n|t:|1788307017\n|detailschange|p1a: Gengar|Gengar-Mega, L50, M\n|-mega|p1a: Gengar|Gengar|Gengarite\n|move|p1a: Gengar|Shadow Ball|p2b: Mudsdale\n|-damage|p2b: Mudsdale|50/100g\n|move|p1b: Pikachu|Play Rough|p2b: Mudsdale\n|-damage|p2b: Mudsdale|14/100\n|move|p2b: Mudsdale|Rock Slide|p1a: Gengar|[spread] p1a,p1b\n|-end|p1a: Gengar|Substitute\n|-crit|p1b: Pikachu\n|-damage|p1b: Pikachu|0 fnt\n|faint|p1b: Pikachu\n|move|p2a: Grimmsnarl|Spirit Break|p1a: Gengar\n|-resisted|p1a: Gengar|1\n|-damage|p1a: Gengar|55/100\n|-unboost|p1a: Gengar|spa|1\n|\n|upkeep\n|c| hostompa|pfff\n|\n|t:|1788307033\n|switch|p1b: Primarina|Primarina, L50, M|100/100\n|-damage|p1b: Primarina|87/100|[from] Stealth Rock\n|turn|3\n|c| hostompa|pikachu crushed by a boulder\n|c| hostompa|farewell\n|\n|t:|1788307052\n|switch|p1a: Incineroar|Incineroar, L50, M|100/100\n|-damage|p1a: Incineroar|75/100|[from] Stealth Rock\n|-ability|p1a: Incineroar|Intimidate|boost\n|-unboost|p2a: Grimmsnarl|atk|1\n|-fail|p2b: Mudsdale|unboost|atk|[from] ability: Inner Focus|[of] p2b: Mudsdale\n|move|p2b: Mudsdale|Protect|p2b: Mudsdale\n|-singleturn|p2b: Mudsdale|Protect\n|move|p1b: Primarina|Hyper Voice|p2a: Grimmsnarl|[spread] p2a\n|-activate|p2b: Mudsdale|move: Protect\n|-damage|p2a: Grimmsnarl|84/100\n|move|p2a: Grimmsnarl|Spirit Break|p1a: Incineroar\n|-damage|p1a: Incineroar|53/100\n|-unboost|p1a: Incineroar|spa|1\n|\n|upkeep\n|turn|4\n|\n|t:|1788307077\n|move|p1a: Incineroar|Fake Out|p2a: Grimmsnarl\n|-damage|p2a: Grimmsnarl|67/100\n|cant|p2a: Grimmsnarl|flinch\n|move|p2b: Mudsdale|Stealth Rock||[still]\n|-fail|p2b: Mudsdale\n|move|p1b: Primarina|Hyper Voice|p2b: Mudsdale|[spread] p2a,p2b\n|-supereffective|p2b: Mudsdale|1\n|-damage|p2a: Grimmsnarl|50/100g\n|-damage|p2b: Mudsdale|0 fnt\n|faint|p2b: Mudsdale\n|\n|upkeep\n|c| hostompa|bro tryna stack the hazards\n|c|☆ImMXngo|oops\n|\n|t:|1788307093\n|switch|p2b: Rotom|Rotom-Wash, L50|100/100\n|turn|5\n|c|☆stickyholder|skull emoji x9\n|c| hostompa|boss is in tho\n|c| hostompa|how will he perform when there's money right in front of him\n|\n|t:|1788307125\n|move|p2b: Rotom|Protect|p2b: Rotom\n|-singleturn|p2b: Rotom|Protect\n|move|p1a: Incineroar|Darkest Lariat|p2b: Rotom\n|-activate|p2b: Rotom|move: Protect\n|move|p2a: Grimmsnarl|Spirit Break|p1b: Primarina\n|-damage|p1b: Primarina|63/100\n|-unboost|p1b: Primarina|spa|1\n|move|p1b: Primarina|Moonblast|p2a: Grimmsnarl\n|-supereffective|p2a: Grimmsnarl|1\n|-damage|p2a: Grimmsnarl|19/100\n|\n|upkeep\n|turn|6\n|\n|t:|1788307163\n|move|p2a: Grimmsnarl|Parting Shot|p1b: Primarina|[miss]\n|-miss|p2a: Grimmsnarl|p1b: Primarina\n|move|p2b: Rotom|Hydro Pump|p1a: Incineroar\n|-supereffective|p1a: Incineroar|1\n|-damage|p1a: Incineroar|0 fnt\n|faint|p1a: Incineroar\n|move|p1b: Primarina|Hyper Voice|p2b: Rotom|[spread] p2a,p2b\n|-resisted|p2b: Rotom|1\n|-damage|p2a: Grimmsnarl|7/100\n|-damage|p2b: Rotom|92/100\n|\n|upkeep\n|j| RinSunshine\n|c| hostompa|oh it missed?\n|\n|t:|1788307172\n|switch|p1a: Gengar|Gengar-Mega, L50, M|55/100\n|-damage|p1a: Gengar|43/100|[from] Stealth Rock\n|turn|7\n|c| hostompa|really\n|\n|t:|1788307188\n|move|p1a: Gengar|Protect|p1a: Gengar\n|-singleturn|p1a: Gengar|Protect\n|move|p2a: Grimmsnarl|Parting Shot|p1a: Gengar\n|-activate|p1a: Gengar|move: Protect\n|move|p2b: Rotom|Thunderbolt|p1a: Gengar\n|-activate|p1a: Gengar|move: Protect\n|move|p1b: Primarina|Hyper Voice|p2b: Rotom|[spread] p2a,p2b\n|-resisted|p2b: Rotom|1\n|-damage|p2a: Grimmsnarl|0 fnt\n|-damage|p2b: Rotom|86/100\n|faint|p2a: Grimmsnarl\n|\n|upkeep\n|\n|t:|1788307193\n|switch|p2a: Gholdengo|Gholdengo, L50|100/100\n|turn|8\n|c| hostompa|boss no.2 in\n|\n|t:|1788307203\n|move|p1a: Gengar|Substitute|p1a: Gengar\n|-start|p1a: Gengar|Substitute\n|-damage|p1a: Gengar|19/100\n|move|p2a: Gholdengo|Make It Rain|p1a: Gengar|[spread] p1a,p1b\n|-end|p1a: Gengar|Substitute\n|-damage|p1b: Primarina|30/100\n|-unboost|p2a: Gholdengo|spa|2\n|move|p2b: Rotom|Thunderbolt|p1a: Gengar\n|-damage|p1a: Gengar|0 fnt\n|faint|p1a: Gengar\n|move|p1b: Primarina|Perish Song|p1b: Primarina\n|-start|p1b: Primarina|perish3|[silent]\n|-immune|p2a: Gholdengo|[from] ability: Good as Gold\n|-start|p2b: Rotom|perish3|[silent]\n|-fieldactivate|move: Perish Song\n|\n|-start|p2b: Rotom|perish3\n|-start|p1b: Primarina|perish3\n|-sideend|p2: ImMXngo|move: Light Screen\n|upkeep\n|turn|9\n|\n|t:|1788307215\n|move|p1b: Primarina|Protect|p1b: Primarina\n|-singleturn|p1b: Primarina|Protect\n|move|p2a: Gholdengo|Shadow Ball|p1b: Primarina\n|-activate|p1b: Primarina|move: Protect\n|move|p2b: Rotom|Thunderbolt|p1b: Primarina\n|-activate|p1b: Primarina|move: Protect\n|\n|-start|p2b: Rotom|perish2\n|-start|p1b: Primarina|perish2\n|upkeep\n|turn|10\n|\n|t:|1788307221\n|move|p1b: Primarina|Protect|p1b: Primarina\n|-singleturn|p1b: Primarina|Protect\n|move|p2a: Gholdengo|Shadow Ball|p1b: Primarina\n|-activate|p1b: Primarina|move: Protect\n|move|p2b: Rotom|Thunderbolt|p1b: Primarina\n|-activate|p1b: Primarina|move: Protect\n|\n|-start|p2b: Rotom|perish1\n|-start|p1b: Primarina|perish1\n|upkeep\n|turn|11\n|c|☆stickyholder|how lucky r u buddy\n|c|☆stickyholder|tell me\n|\n|t:|1788307231\n|move|p2a: Gholdengo|Protect|p2a: Gholdengo\n|-singleturn|p2a: Gholdengo|Protect\n|move|p1b: Primarina|Protect||[still]\n|-fail|p1b: Primarina\n|move|p2b: Rotom|Thunderbolt|p1b: Primarina\n|-supereffective|p1b: Primarina|1\n|-damage|p1b: Primarina|0 fnt\n|faint|p1b: Primarina\n|\n|win|ImMXngo\n","uploadtime":1788307231,"views":"23","formatid":"gen9championsvgc2026regmb","rating":null,"private":0,"password":null}