{"id":"gen9championsvgc2026regmb-2674099731","format":"[Gen 9 Champions] VGC 2026 Reg M-B","players":["robby k 360","Mameon"],"log":"|j|☆robby k 360\n|j|☆Mameon\n|t:|1788299076\n|gametype|doubles\n|player|p1|robby k 360|red|1400\n|player|p2|Mameon|ethan|1380\n|gen|9\n|tier|[Gen 9 Champions] VGC 2026 Reg M-B\n|rated|\n|rule|Species Clause: Limit one of each Pokémon\n|rule|Item Clause: Limit 1 of each item\n|clearpoke\n|poke|p1|Sinistcha, L50|\n|poke|p1|Azumarill, L50, M|\n|poke|p1|Sneasler, L50, F|\n|poke|p1|Raichu, L50, F|\n|poke|p1|Corviknight, L50, F|\n|poke|p1|Volcarona, L50, M|\n|poke|p2|Staraptor, L50, M|\n|poke|p2|Farigiraf, L50, F|\n|poke|p2|Tyranitar, L50, M|\n|poke|p2|Whimsicott, L50, F|\n|poke|p2|Excadrill, L50, M|\n|poke|p2|Gholdengo, L50, shiny|\n|teampreview|4\n|inactive|Battle timer is ON: inactive players will automatically lose when time's up. (requested by robby k 360)\n|inactive|robby k 360 has 60 seconds left.\n|inactive|Mameon has 60 seconds left.\n|\n|t:|1788299129\n|teamsize|p1|4\n|teamsize|p2|4\n|start\n|switch|p1a: Azumarill|Azumarill, L50, M|100/100\n|switch|p1b: Sneasler|Sneasler, L50, F|100/100\n|switch|p2a: Staraptor|Staraptor, L50, M|100/100\n|switch|p2b: Farigiraf|Farigiraf, L50, F|100/100\n|-ability|p2a: Staraptor|Intimidate|boost\n|-unboost|p1a: Azumarill|atk|1\n|-unboost|p1b: Sneasler|atk|1\n|turn|1\n|\n|t:|1788299153\n|switch|p1b: Raichu|Raichu, L50, F|100/100\n|detailschange|p2a: Staraptor|Staraptor-Mega, L50, M\n|-mega|p2a: Staraptor|Staraptor|Staraptite\n|move|p2a: Staraptor|Close Combat|p1a: Azumarill\n|-resisted|p1a: Azumarill|1\n|-damage|p1a: Azumarill|70/100\n|-boost|p2a: Staraptor|def|1\n|-boost|p2a: Staraptor|spd|1\n|move|p2b: Farigiraf|Thunderbolt|p1b: Raichu\n|-activate|p1b: Raichu|ability: Lightning Rod\n|-ability|p1b: Raichu|Lightning Rod|boost\n|-boost|p1b: Raichu|spa|1\n|move|p1a: Azumarill|Belly Drum|p1a: Azumarill\n|-damage|p1a: Azumarill|20/100y\n|-setboost|p1a: Azumarill|atk|6|[from] move: Belly Drum\n|-enditem|p1a: Azumarill|Sitrus Berry|[eat]\n|-heal|p1a: Azumarill|45/100|[from] item: Sitrus Berry\n|\n|upkeep\n|turn|2\n|inactive|robby k 360 has 30 seconds left.\n|inactive|Mameon has 30 seconds left.\n|inactive|robby k 360 has 20 seconds left.\n|\n|t:|1788299191\n|detailschange|p1b: Raichu|Raichu-Mega-Y, L50, F\n|-mega|p1b: Raichu|Raichu|Raichunite Y\n|move|p1a: Azumarill|Protect|p1a: Azumarill\n|-singleturn|p1a: Azumarill|Protect\n|move|p1b: Raichu|Zap Cannon|p2a: Staraptor\n|-supereffective|p2a: Staraptor|1\n|-damage|p2a: Staraptor|0 fnt\n|faint|p2a: Staraptor\n|move|p2b: Farigiraf|Psychic|p1b: Raichu\n|-damage|p1b: Raichu|58/100\n|\n|upkeep\n|\n|t:|1788299198\n|switch|p2a: Gholdengo|Gholdengo, L50, shiny|100/100\n|turn|3\n|\n|t:|1788299212\n|move|p1b: Raichu|Zap Cannon|p2b: Farigiraf\n|-damage|p2b: Farigiraf|22/100\n|-status|p2b: Farigiraf|par\n|-enditem|p2b: Farigiraf|Sitrus Berry|[eat]\n|-heal|p2b: Farigiraf|47/100 par|[from] item: Sitrus Berry\n|move|p2a: Gholdengo|Shadow Ball|p1a: Azumarill\n|-damage|p1a: Azumarill|0 fnt\n|faint|p1a: Azumarill\n|-damage|p2a: Gholdengo|90/100|[from] item: Life Orb\n|move|p2b: Farigiraf|Psychic|p1b: Raichu\n|-damage|p1b: Raichu|11/100\n|\n|upkeep\n|\n|t:|1788299231\n|switch|p1a: Corviknight|Corviknight, L50, F|100/100\n|turn|4\n|\n|t:|1788299242\n|switch|p2a: Tyranitar|Tyranitar, L50, M|100/100\n|-weather|Sandstorm|[from] ability: Sand Stream|[of] p2a: Tyranitar\n|move|p1b: Raichu|Zap Cannon|p2b: Farigiraf\n|-damage|p2b: Farigiraf|0 fnt\n|faint|p2b: Farigiraf\n|move|p1a: Corviknight|Bulk Up|p1a: Corviknight\n|-boost|p1a: Corviknight|atk|1\n|-boost|p1a: Corviknight|def|1\n|\n|-weather|Sandstorm|[upkeep]\n|-damage|p1b: Raichu|5/100|[from] Sandstorm\n|upkeep\n|\n|t:|1788299249\n|switch|p2b: Gholdengo|Gholdengo, L50, shiny|90/100\n|turn|5\n|\n|t:|1788299262\n|move|p2b: Gholdengo|Protect|p2b: Gholdengo\n|-singleturn|p2b: Gholdengo|Protect\n|move|p2a: Tyranitar|Protect|p2a: Tyranitar\n|-singleturn|p2a: Tyranitar|Protect\n|move|p1b: Raichu|Zap Cannon|p2a: Tyranitar\n|-activate|p2a: Tyranitar|move: Protect\n|move|p1a: Corviknight|Bulk Up|p1a: Corviknight\n|-boost|p1a: Corviknight|atk|1\n|-boost|p1a: Corviknight|def|1\n|\n|-weather|Sandstorm|[upkeep]\n|-damage|p1b: Raichu|0 fnt|[from] Sandstorm\n|faint|p1b: Raichu\n|upkeep\n|\n|t:|1788299276\n|switch|p1b: Sneasler|Sneasler, L50, F|100/100\n|turn|6\n|\n|t:|1788299300\n|move|p1b: Sneasler|Close Combat|p2a: Tyranitar\n|-supereffective|p2a: Tyranitar|2\n|-enditem|p2a: Tyranitar|Chople Berry|[eat]\n|-enditem|p2a: Tyranitar|Chople Berry|[weaken]\n|-damage|p2a: Tyranitar|3/100\n|-unboost|p1b: Sneasler|def|1\n|-unboost|p1b: Sneasler|spd|1\n|move|p2b: Gholdengo|Shadow Ball|p1b: Sneasler\n|-enditem|p1b: Sneasler|Focus Sash\n|-damage|p1b: Sneasler|1/100\n|-damage|p2b: Gholdengo|81/100|[from] item: Life Orb\n|move|p2a: Tyranitar|Knock Off|p1a: Corviknight\n|-damage|p1a: Corviknight|79/100\n|-enditem|p1a: Corviknight|Leftovers|[from] move: Knock Off|[of] p2a: Tyranitar\n|move|p1a: Corviknight|Brave Bird|p2b: Gholdengo\n|-resisted|p2b: Gholdengo|1\n|-damage|p2b: Gholdengo|38/100\n|-damage|p1a: Corviknight|67/100|[from] Recoil\n|\n|-weather|Sandstorm|[upkeep]\n|-damage|p1b: Sneasler|0 fnt|[from] Sandstorm\n|faint|p1b: Sneasler\n|upkeep\n|turn|7\n|inactive|robby k 360 has 30 seconds left.\n|inactive|Mameon has 30 seconds left.\n|inactive|robby k 360 has 20 seconds left.\n|\n|t:|1788299338\n|move|p2b: Gholdengo|Shadow Ball|p1a: Corviknight\n|-damage|p1a: Corviknight|18/100\n|-damage|p2b: Gholdengo|28/100|[from] item: Life Orb\n|move|p2a: Tyranitar|Rock Slide|p1a: Corviknight|[miss]\n|-miss|p2a: Tyranitar|p1a: Corviknight\n|move|p1a: Corviknight|Roost|p1a: Corviknight\n|-heal|p1a: Corviknight|68/100\n|-singleturn|p1a: Corviknight|move: Roost\n|\n|-weather|Sandstorm|[upkeep]\n|upkeep\n|turn|8\n|\n|t:|1788299360\n|move|p2b: Gholdengo|Shadow Ball|p1a: Corviknight\n|-damage|p1a: Corviknight|15/100\n|-ability|p1a: Corviknight|Mirror Armor\n|-unboost|p2b: Gholdengo|spd|1\n|-damage|p2b: Gholdengo|19/100|[from] item: Life Orb\n|move|p2a: Tyranitar|Rock Slide|p1a: Corviknight\n|-damage|p1a: Corviknight|0 fnt\n|faint|p1a: Corviknight\n|\n|win|Mameon\n|raw|robby k 360's rating: 1400 &rarr; <strong>1379</strong><br />(-21 for losing)\n|raw|Mameon's rating: 1380 &rarr; <strong>1401</strong><br />(+21 for winning)\n|l|☆robby k 360\n|player|p1|\n","uploadtime":1788299369,"views":"3","formatid":"gen9championsvgc2026regmb","rating":1379,"private":0,"password":null}