{"id":"gen9championsvgc2026regmb-2674142068","format":"[Gen 9 Champions] VGC 2026 Reg M-B","players":["CantDodgeIt","bindle1"],"log":"|j|☆CantDodgeIt\n|j|☆bindle1\n|t:|1788305370\n|gametype|doubles\n|player|p1|CantDodgeIt|1|\n|player|p2|bindle1|169|\n|gen|9\n|tier|[Gen 9 Champions] VGC 2026 Reg M-B\n|rule|Species Clause: Limit one of each Pokémon\n|rule|Item Clause: Limit 1 of each item\n|clearpoke\n|poke|p1|Arcanine-Hisui, L50, M|\n|poke|p1|Ninetales-Alola, L50, F|\n|poke|p1|Kangaskhan, L50, F|\n|poke|p1|Gyarados, L50, M|\n|poke|p1|Gengar, L50, F|\n|poke|p1|Klefki, L50, F|\n|poke|p2|Metagross, L50|\n|poke|p2|Tyranitar, L50, F|\n|poke|p2|Excadrill, L50, M|\n|poke|p2|Milotic, L50, F|\n|poke|p2|Corviknight, L50, M|\n|poke|p2|Gardevoir, L50, M|\n|teampreview|4\n|j| PorygonTheBot\n|c| PorygonTheBot|Porygon has digitized into the match... booting up... successfully calibrating stats!\nbindle1 rejected open team sheets.\n|j| hanover hydrapple\n|c| hanover hydrapple|i love tuesday night pokemon\n|c|☆bindle1|just like the old days\n|c|☆bindle1|feels right\n|c| hanover hydrapple|lmao\n|j| l pano l\n|c|☆CantDodgeIt|HAPPY BE(very)LATED BIRTHDAY PANO!!!!!\n|c|☆CantDodgeIt|Hope you had a lovely weekend celebrating\n|c|☆CantDodgeIt|ready?\n|c|☆bindle1|uhhh\n|c| l pano l|thanks dodge!!!\n|c|☆bindle1|one sec\n|c|☆bindle1|trying to find my zyn'\n|c|☆bindle1|was doing a refill and forget where i put it\n|c|☆CantDodgeIt|lol\n|c|☆CantDodgeIt|incredible\n|\n|t:|1788305667\n|teamsize|p1|4\n|teamsize|p2|4\n|start\n|switch|p1a: Klefki|Klefki, L50, F|100/100\n|switch|p1b: Arcanine|Arcanine-Hisui, L50, M|100/100\n|switch|p2a: Water Snek|Milotic, L50, F|100/100\n|switch|p2b: Thicc Boi|Corviknight, L50, M|100/100\n|turn|1\n|inactive|Battle timer is ON: inactive players will automatically lose when time's up. (requested by CantDodgeIt)\n|\n|t:|1788305722\n|switch|p2b: Dino Nuggies|Tyranitar, L50, F|100/100\n|-weather|Sandstorm|[from] ability: Sand Stream|[of] p2b: Dino Nuggies\n|move|p1b: Arcanine|Protect|p1b: Arcanine\n|-singleturn|p1b: Arcanine|Protect\n|move|p2a: Water Snek|Protect|p2a: Water Snek\n|-singleturn|p2a: Water Snek|Protect\n|move|p1a: Klefki|Switcheroo|p2a: Water Snek\n|-activate|p2a: Water Snek|move: Protect\n|\n|-weather|Sandstorm|[upkeep]\n|-damage|p2a: Water Snek|94/100|[from] Sandstorm\n|upkeep\n|turn|2\n|inactive|CantDodgeIt has 30 seconds left.\n|inactive|bindle1 has 30 seconds left.\n|j| magick0rp\n|inactive|bindle1 has 20 seconds left.\n|c|☆CantDodgeIt|good turn good turn\n|\n|t:|1788305759\n|move|p1a: Klefki|Switcheroo|p2a: Water Snek\n|-activate|p1a: Klefki|move: Trick|[of] p2a: Water Snek\n|-item|p2a: Water Snek|Choice Scarf|[from] move: Switcheroo\n|-item|p1a: Klefki|Sitrus Berry|[from] move: Switcheroo\n|move|p1b: Arcanine|Head Smash|p2b: Dino Nuggies\n|-damage|p2b: Dino Nuggies|41/100\n|move|p2a: Water Snek|Coil|p2a: Water Snek\n|-boost|p2a: Water Snek|atk|1\n|-boost|p2a: Water Snek|def|1\n|-boost|p2a: Water Snek|accuracy|1\n|move|p2b: Dino Nuggies|Knock Off|p1a: Klefki\n|-resisted|p1a: Klefki|1\n|-damage|p1a: Klefki|70/100\n|-enditem|p1a: Klefki|Sitrus Berry|[from] move: Knock Off|[of] p2b: Dino Nuggies\n|\n|-weather|Sandstorm|[upkeep]\n|-damage|p2a: Water Snek|88/100|[from] Sandstorm\n|upkeep\n|turn|3\n|inactive|bindle1 has 30 seconds left.\n|\n|t:|1788305794\n|switch|p2a: Thicc Boi|Corviknight, L50, M|100/100\n|move|p1a: Klefki|Thunder Wave|p2a: Thicc Boi\n|-status|p2a: Thicc Boi|par\n|move|p1b: Arcanine|Head Smash|p2b: Dino Nuggies|[miss]\n|-miss|p1b: Arcanine|p2b: Dino Nuggies\n|move|p2b: Dino Nuggies|Rock Slide|p1b: Arcanine|[spread] p1a,p1b\n|-resisted|p1a: Klefki|1\n|-supereffective|p1b: Arcanine|1\n|-damage|p1a: Klefki|52/100\n|-damage|p1b: Arcanine|15/100\n|\n|-weather|Sandstorm|[upkeep]\n|upkeep\n|turn|4\n|l| magick0rp\n|inactive|CantDodgeIt has 30 seconds left.\n|inactive|bindle1 has 30 seconds left.\n|\n|t:|1788305825\n|move|p2b: Dino Nuggies|Protect|p2b: Dino Nuggies\n|-singleturn|p2b: Dino Nuggies|Protect\n|move|p1b: Arcanine|Head Smash|p2b: Dino Nuggies\n|-activate|p2b: Dino Nuggies|move: Protect\n|move|p1a: Klefki|Future Sight|p2b: Dino Nuggies\n|-start|p1a: Klefki|move: Future Sight\n|move|p2a: Thicc Boi|Body Press|p1b: Arcanine\n|-supereffective|p1b: Arcanine|1\n|-damage|p1b: Arcanine|0 fnt\n|faint|p1b: Arcanine\n|\n|-weather|Sandstorm|[upkeep]\n|upkeep\n|\n|t:|1788305832\n|switch|p1b: Ninetales|Ninetales-Alola, L50, F|100/100\n|-weather|Snowscape|[from] ability: Snow Warning|[of] p1b: Ninetales\n|turn|5\n|inactive|CantDodgeIt has 30 seconds left.\n|\n|t:|1788305857\n|move|p1a: Klefki|Switcheroo|p2a: Thicc Boi\n|-activate|p1a: Klefki|move: Trick|[of] p2a: Thicc Boi\n|-enditem|p2a: Thicc Boi|Leftovers|[silent]|[from] move: Switcheroo\n|-item|p1a: Klefki|Leftovers|[from] move: Switcheroo\n|move|p1b: Ninetales|Aurora Veil|p1b: Ninetales\n|-sidestart|p1: CantDodgeIt|move: Aurora Veil\n|move|p2b: Dino Nuggies|Rock Slide|p1a: Klefki|[spread] p1a,p1b\n|-resisted|p1a: Klefki|1\n|-supereffective|p1b: Ninetales|1\n|-damage|p1a: Klefki|39/100\n|-damage|p1b: Ninetales|64/100\n|move|p2a: Thicc Boi|Iron Head|p1b: Ninetales\n|-supereffective|p1b: Ninetales|2\n|-damage|p1b: Ninetales|11/100\n|\n|-weather|Snowscape|[upkeep]\n|-heal|p1a: Klefki|45/100|[from] item: Leftovers\n|upkeep\n|turn|6\n|\n|t:|1788305881\n|move|p1b: Ninetales|Blizzard|p2b: Dino Nuggies|[spread] p2a,p2b\n|-damage|p2a: Thicc Boi|81/100 par\n|-damage|p2b: Dino Nuggies|20/100r\n|move|p1a: Klefki|Future Sight||[still]\n|-fail|p1a: Klefki\n|move|p2b: Dino Nuggies|Rock Slide|p1b: Ninetales|[spread] p1a,p1b\n|-resisted|p1a: Klefki|1\n|-supereffective|p1b: Ninetales|1\n|-damage|p1a: Klefki|32/100\n|-damage|p1b: Ninetales|0 fnt\n|faint|p1b: Ninetales\n|move|p2a: Thicc Boi|Iron Head|p1a: Klefki\n|-damage|p1a: Klefki|14/100\n|\n|-weather|Snowscape|[upkeep]\n|-end|p2b: Dino Nuggies|move: Future Sight\n|-immune|p2b: Dino Nuggies\n|-heal|p1a: Klefki|20/100y|[from] item: Leftovers\n|upkeep\n|\n|t:|1788305888\n|switch|p1b: Gyarados|Gyarados, L50, M|100/100\n|-ability|p1b: Gyarados|Intimidate|boost\n|-ability|p2a: Thicc Boi|Mirror Armor\n|-unboost|p1b: Gyarados|atk|1\n|-unboost|p2b: Dino Nuggies|atk|1\n|turn|7\n|inactive|CantDodgeIt has 30 seconds left.\n|inactive|bindle1 has 30 seconds left.\n|\n|t:|1788305917\n|move|p1a: Klefki|Magnet Rise|p1a: Klefki\n|-start|p1a: Klefki|Magnet Rise\n|move|p1b: Gyarados|Dragon Dance|p1b: Gyarados\n|-boost|p1b: Gyarados|atk|1\n|-boost|p1b: Gyarados|spe|1\n|move|p2b: Dino Nuggies|Thunder Punch|p1b: Gyarados\n|-supereffective|p1b: Gyarados|2\n|-damage|p1b: Gyarados|40/100\n|move|p2a: Thicc Boi|Bulk Up|p2a: Thicc Boi\n|-boost|p2a: Thicc Boi|atk|1\n|-boost|p2a: Thicc Boi|def|1\n|\n|-weather|Snowscape|[upkeep]\n|-heal|p1a: Klefki|26/100|[from] item: Leftovers\n|upkeep\n|turn|8\n|inactive|bindle1 has 30 seconds left.\n|\n|t:|1788305945\n|detailschange|p1b: Gyarados|Gyarados-Mega, L50, M\n|-mega|p1b: Gyarados|Gyarados|Gyaradosite\n|-ability|p1b: Gyarados|Mold Breaker\n|move|p1b: Gyarados|Waterfall|p2b: Dino Nuggies\n|-supereffective|p2b: Dino Nuggies|1\n|-damage|p2b: Dino Nuggies|0 fnt\n|faint|p2b: Dino Nuggies\n|move|p1a: Klefki|Future Sight|p2a: Thicc Boi\n|-start|p1a: Klefki|move: Future Sight\n|move|p2a: Thicc Boi|Body Press|p1a: Klefki\n|-damage|p1a: Klefki|3/100\n|\n|-weather|Snowscape|[upkeep]\n|-heal|p1a: Klefki|9/100|[from] item: Leftovers\n|upkeep\n|\n|t:|1788305967\n|switch|p2b: Water Snek|Milotic, L50, F|88/100\n|turn|9\n|\n|t:|1788305986\n|move|p1a: Klefki|Thunder Wave|p2b: Water Snek\n|-status|p2b: Water Snek|par\n|move|p1b: Gyarados|Dragon Dance|p1b: Gyarados\n|-boost|p1b: Gyarados|atk|1\n|-boost|p1b: Gyarados|spe|1\n|move|p2b: Water Snek|Muddy Water|p1a: Klefki|[spread] p1b\n|-miss|p2b: Water Snek|p1a: Klefki\n|-resisted|p1b: Gyarados|1\n|-damage|p1b: Gyarados|35/100\n|-unboost|p1b: Gyarados|accuracy|1\n|move|p2a: Thicc Boi|Body Press|p1b: Gyarados\n|-supereffective|p1b: Gyarados|1\n|-damage|p1b: Gyarados|3/100\n|\n|-weather|none\n|-heal|p1a: Klefki|15/100|[from] item: Leftovers\n|upkeep\n|turn|10\n|inactive|CantDodgeIt has 30 seconds left.\n|\n|t:|1788306016\n|move|p1b: Gyarados|Power Whip|p2b: Water Snek\n|-supereffective|p2b: Water Snek|1\n|-damage|p2b: Water Snek|0 fnt\n|faint|p2b: Water Snek\n|move|p1a: Klefki|Future Sight||[still]\n|-fail|p1a: Klefki\n|move|p2a: Thicc Boi|Body Press|p1b: Gyarados\n|-supereffective|p1b: Gyarados|1\n|-damage|p1b: Gyarados|0 fnt\n|faint|p1b: Gyarados\n|\n|-end|p2a: Thicc Boi|move: Future Sight\n|-resisted|p2a: Thicc Boi|1\n|-damage|p2a: Thicc Boi|71/100 par\n|-heal|p1a: Klefki|21/100|[from] item: Leftovers\n|upkeep\n|\n|t:|1788306029\n|switch|p2b: Vermeer D550 HDD|Excadrill, L50, M|100/100\n|turn|11\n|\n|t:|1788306046\n|move|p2b: Vermeer D550 HDD|Iron Head|p1a: Klefki\n|-damage|p1a: Klefki|0 fnt\n|faint|p1a: Klefki\n|\n|win|bindle1\n","uploadtime":1788306046,"views":"11","formatid":"gen9championsvgc2026regmb","rating":null,"private":0,"password":null}