{"id":"gen9championsvgc2026regmbbo3-2673957271","format":"[Gen 9 Champions] VGC 2026 Reg M-B (Bo3)","players":["2thpasteboy6","humania1"],"log":"|j|☆2thpasteboy6\n|j|☆humania1\n|html|<table width=\"100%\"><tr><td align=\"left\">2thpasteboy6</td><td align=\"right\">humania1</tr><tr><td align=\"left\"><i class=\"fa fa-circle-o\"></i> <i class=\"fa fa-circle-o\"></i> </td><td align=\"right\"><i class=\"fa fa-circle-o\"></i> <i class=\"fa fa-circle\"></i> </tr></table>\n|uhtml|bestof|<h2><strong>Game 2</strong> of <a href=\"/game-bestof3-gen9championsvgc2026regmbbo3-2673955223\">a best-of-3</a></h2>\n|t:|1788281676\n|gametype|doubles\n|player|p1|2thpasteboy6|hilbert-wonderlauncher|1000\n|player|p2|humania1|266|1000\n|gen|9\n|tier|[Gen 9 Champions] VGC 2026 Reg M-B (Bo3)\n|rated|\n|rule|Species Clause: Limit one of each Pokémon\n|rule|Item Clause: Limit 1 of each item\n|clearpoke\n|poke|p1|Scizor, L50, F, shiny|\n|poke|p1|Pelipper, L50, M|\n|poke|p1|Palafin, L50, M, shiny|\n|poke|p1|Incineroar, L50, M, shiny|\n|poke|p1|Staraptor, L50, F|\n|poke|p1|Klefki, L50, M, shiny|\n|poke|p2|Blastoise, L50, F|\n|poke|p2|Delphox, L50, M, shiny|\n|poke|p2|Incineroar, L50, M|\n|poke|p2|Sinistcha, L50|\n|poke|p2|Sneasler, L50, F|\n|poke|p2|Vivillon, L50, M|\n|teampreview|4\n|showteam|p1|Scizor||Scizorite|Technician|BulletPunch,Uturn,AerialAce,Protect|Jolly||F|||50|]Pelipper||DampRock|Drizzle|Tailwind,Hurricane,WideGuard,Waterfall|Timid||M|||50|]Palafin||MysticWater|ZerotoHero|FlipTurn,JetPunch,WaveCrash,CloseCombat|Jolly||M|||50|]Incineroar||Leftovers|Intimidate|FakeOut,PartingShot,DrainPunch,Protect|Jolly||M|||50|]Staraptor||Staraptite|Intimidate|CloseCombat,Protect,Uturn,BraveBird|Jolly||F|||50|]Klefki||LightClay|Prankster|LightScreen,Reflect,ThunderWave,FoulPlay|Jolly||M|||50|\n|showteam|p2|Blastoise||Blastoisinite|Torrent|Protect,ShellSmash,WaterSpout,DarkPulse|Modest||F|||50|]Delphox||Delphoxite|Blaze|Protect,HeatWave,Psyshock,NastyPlot|Timid||M|||50|]Incineroar||PasshoBerry|Intimidate|FakeOut,PartingShot,FlareBlitz,ThroatChop|Impish||M|||50|]Sinistcha||SitrusBerry|Hospitality|Protect,MatchaGotcha,TrickRoom,RagePowder|Bold|||||50|]Sneasler||FocusSash|PoisonTouch|QuickGuard,FakeOut,CloseCombat,DireClaw|Jolly||F|||50|]Vivillon||ChoiceScarf|CompoundEyes|Hurricane,SleepPowder,RagePowder,Uturn|Timid||M|||50|\n|inactive|Battle timer is ON: inactive players will automatically lose when time's up. (requested by humania1)\n|\n|t:|1788281684\n|teamsize|p1|4\n|teamsize|p2|4\n|start\n|switch|p1a: Toilet|Pelipper, L50, M|100/100\n|switch|p1b: Cain|Klefki, L50, M, shiny|100/100\n|switch|p2a: Incineroar|Incineroar, L50, M|100/100\n|switch|p2b: Sinistcha|Sinistcha, L50|100/100\n|-ability|p2a: Incineroar|Intimidate|boost\n|-unboost|p1a: Toilet|atk|1\n|-unboost|p1b: Cain|atk|1\n|-weather|RainDance|[from] ability: Drizzle|[of] p1a: Toilet\n|turn|1\n|\n|t:|1788281699\n|move|p2b: Sinistcha|Protect|p2b: Sinistcha\n|-singleturn|p2b: Sinistcha|Protect\n|move|p1b: Cain|Light Screen|p1b: Cain\n|-sidestart|p1: 2thpasteboy6|move: Light Screen\n|move|p2a: Incineroar|Flare Blitz|p1b: Cain\n|-supereffective|p1b: Cain|1\n|-damage|p1b: Cain|52/100\n|-damage|p2a: Incineroar|87/100|[from] Recoil\n|move|p1a: Toilet|Tailwind|p1a: Toilet\n|-sidestart|p1: 2thpasteboy6|move: Tailwind\n|\n|-weather|RainDance|[upkeep]\n|upkeep\n|turn|2\n|\n|t:|1788281716\n|move|p1b: Cain|Reflect|p1b: Cain\n|-sidestart|p1: 2thpasteboy6|Reflect\n|move|p1a: Toilet|Hurricane|p2b: Sinistcha\n|-supereffective|p2b: Sinistcha|1\n|-damage|p2b: Sinistcha|30/100\n|-enditem|p2b: Sinistcha|Sitrus Berry|[eat]\n|-heal|p2b: Sinistcha|55/100|[from] item: Sitrus Berry\n|move|p2a: Incineroar|Flare Blitz|p1b: Cain\n|-supereffective|p1b: Cain|1\n|-damage|p1b: Cain|20/100y\n|-damage|p2a: Incineroar|78/100|[from] Recoil\n|move|p2b: Sinistcha|Trick Room|p2b: Sinistcha\n|-fieldstart|move: Trick Room|[of] p2b: Sinistcha\n|\n|-weather|RainDance|[upkeep]\n|upkeep\n|turn|3\n|inactive|2thpasteboy6 has 30 seconds left.\n|\n|t:|1788281746\n|move|p2b: Sinistcha|Protect|p2b: Sinistcha\n|-singleturn|p2b: Sinistcha|Protect\n|move|p1b: Cain|Thunder Wave|p2b: Sinistcha\n|-activate|p2b: Sinistcha|move: Protect\n|move|p2a: Incineroar|Flare Blitz|p1b: Cain\n|-supereffective|p1b: Cain|1\n|-damage|p1b: Cain|0 fnt\n|faint|p1b: Cain\n|-damage|p2a: Incineroar|73/100|[from] Recoil\n|move|p1a: Toilet|Hurricane|p2b: Sinistcha\n|-activate|p2b: Sinistcha|move: Protect\n|\n|-weather|RainDance|[upkeep]\n|upkeep\n|\n|t:|1788281762\n|switch|p1b: Garfeild|Incineroar, L50, M, shiny|100/100\n|-ability|p1b: Garfeild|Intimidate|boost\n|-unboost|p2a: Incineroar|atk|1\n|-unboost|p2b: Sinistcha|atk|1\n|turn|4\n|\n|t:|1788281774\n|move|p1b: Garfeild|Fake Out|p2a: Incineroar\n|-crit|p2a: Incineroar\n|-damage|p2a: Incineroar|59/100\n|cant|p2a: Incineroar|flinch\n|move|p1a: Toilet|Hurricane|p2b: Sinistcha\n|-supereffective|p2b: Sinistcha|1\n|-damage|p2b: Sinistcha|0 fnt\n|faint|p2b: Sinistcha\n|\n|-weather|RainDance|[upkeep]\n|-sideend|p1: 2thpasteboy6|move: Tailwind\n|upkeep\n|\n|t:|1788281774\n|switch|p2b: Sneasler|Sneasler, L50, F|100/100\n|turn|5\n|\n|t:|1788281798\n|move|p1b: Garfeild|Drain Punch|p2a: Incineroar\n|-supereffective|p2a: Incineroar|1\n|-damage|p2a: Incineroar|23/100\n|move|p1a: Toilet|Hurricane|p2b: Sneasler\n|-supereffective|p2b: Sneasler|1\n|-enditem|p2b: Sneasler|Focus Sash\n|-damage|p2b: Sneasler|1/100\n|move|p2a: Incineroar|Parting Shot|p1a: Toilet\n|-unboost|p1a: Toilet|atk|1\n|-unboost|p1a: Toilet|spa|1\n|\n|t:|1788281798\n|switch|p2a: Vivillon|Vivillon, L50, M|100/100|[from] Parting Shot\n|move|p2b: Sneasler|Close Combat|p1b: Garfeild\n|-supereffective|p1b: Garfeild|1\n|-damage|p1b: Garfeild|22/100\n|-unboost|p2b: Sneasler|def|1\n|-unboost|p2b: Sneasler|spd|1\n|\n|-weather|RainDance|[upkeep]\n|-heal|p1b: Garfeild|28/100|[from] item: Leftovers\n|upkeep\n|turn|6\n|inactive|2thpasteboy6 has 30 seconds left.\n|inactive|2thpasteboy6 has 20 seconds left.\n|\n|t:|1788281834\n|switch|p2b: Incineroar|Incineroar, L50, M|23/100\n|-ability|p2b: Incineroar|Intimidate|boost\n|-unboost|p1a: Toilet|atk|1\n|-unboost|p1b: Garfeild|atk|1\n|move|p1b: Garfeild|Parting Shot|p2a: Vivillon\n|-unboost|p2a: Vivillon|atk|1\n|-unboost|p2a: Vivillon|spa|1\n|\n|t:|1788281842\n|switch|p1b: Bird that i hate|Staraptor, L50, F|100/100|[from] Parting Shot\n|-ability|p1b: Bird that i hate|Intimidate|boost\n|-unboost|p2a: Vivillon|atk|1\n|-unboost|p2b: Incineroar|atk|1\n|move|p1a: Toilet|Hurricane|p2b: Incineroar\n|-damage|p2b: Incineroar|1/100\n|move|p2a: Vivillon|Hurricane|p1b: Bird that i hate\n|-damage|p1b: Bird that i hate|68/100\n|\n|-weather|RainDance|[upkeep]\n|-fieldend|move: Trick Room\n|upkeep\n|turn|7\n|inactive|2thpasteboy6 has 30 seconds left.\n|\n|t:|1788281871\n|detailschange|p1b: Bird that i hate|Staraptor-Mega, L50, F\n|-mega|p1b: Bird that i hate|Staraptor|Staraptite\n|move|p2a: Vivillon|Hurricane|p1b: Bird that i hate\n|-supereffective|p1b: Bird that i hate|1\n|-damage|p1b: Bird that i hate|21/100\n|move|p1b: Bird that i hate|Close Combat|p2a: Vivillon\n|-resisted|p2a: Vivillon|2\n|-damage|p2a: Vivillon|66/100\n|-boost|p1b: Bird that i hate|def|1\n|-boost|p1b: Bird that i hate|spd|1\n|move|p2b: Incineroar|Throat Chop|p1b: Bird that i hate\n|-resisted|p1b: Bird that i hate|1\n|-damage|p1b: Bird that i hate|16/100\n|-start|p1b: Bird that i hate|Throat Chop|[silent]\n|move|p1a: Toilet|Tailwind|p1a: Toilet\n|-sidestart|p1: 2thpasteboy6|move: Tailwind\n|\n|-weather|RainDance|[upkeep]\n|upkeep\n|turn|8\n|\n|t:|1788281890\n|switch|p2b: Sneasler|Sneasler, L50, F|1/100\n|move|p1b: Bird that i hate|Protect|p1b: Bird that i hate\n|-singleturn|p1b: Bird that i hate|Protect\n|move|p2a: Vivillon|Hurricane|p1b: Bird that i hate\n|-activate|p1b: Bird that i hate|move: Protect\n|move|p1a: Toilet|Hurricane|p2a: Vivillon\n|-supereffective|p2a: Vivillon|1\n|-damage|p2a: Vivillon|0 fnt\n|faint|p2a: Vivillon\n|\n|-weather|none\n|-end|p1b: Bird that i hate|Throat Chop|[silent]\n|-sideend|p1: 2thpasteboy6|move: Light Screen\n|upkeep\n|\n|t:|1788281890\n|switch|p2a: Incineroar|Incineroar, L50, M|1/100\n|-ability|p2a: Incineroar|Intimidate|boost\n|-unboost|p1a: Toilet|atk|1\n|-boost|p1b: Bird that i hate|atk|1\n|turn|9\n|inactive|2thpasteboy6 has 30 seconds left.\n|\n|t:|1788281919\n|move|p1b: Bird that i hate|Close Combat|p2b: Sneasler\n|-resisted|p2b: Sneasler|1\n|-damage|p2b: Sneasler|0 fnt\n|-boost|p1b: Bird that i hate|def|1\n|-boost|p1b: Bird that i hate|spd|1\n|faint|p2b: Sneasler\n|move|p1a: Toilet|Hurricane|p2a: Incineroar\n|-damage|p2a: Incineroar|0 fnt\n|faint|p2a: Incineroar\n|\n|win|2thpasteboy6\n","uploadtime":1788281919,"views":"0","formatid":"gen9championsvgc2026regmbbo3","rating":null,"private":0,"password":null}