{"id":"gen9championsvgc2026regmbbo3-2673980655","format":"[Gen 9 Champions] VGC 2026 Reg M-B (Bo3)","players":["Pawah","wingblade33"],"log":"|j|☆Pawah\n|j|☆wingblade33\n|html|<table width=\"100%\"><tr><td align=\"left\">Pawah</td><td align=\"right\">wingblade33</tr><tr><td align=\"left\"><i class=\"fa fa-circle-o\"></i> <i class=\"fa fa-circle-o\"></i> </td><td align=\"right\"><i class=\"fa fa-circle-o\"></i> <i class=\"fa fa-circle-o\"></i> </tr></table>\n|uhtml|bestof|<h2><strong>Game 1</strong> of <a href=\"/game-bestof3-gen9championsvgc2026regmbbo3-2673980654\">a best-of-3</a></h2>\n|t:|1788284420\n|gametype|doubles\n|player|p1|Pawah|ethan|1204\n|player|p2|wingblade33|101|1109\n|gen|9\n|tier|[Gen 9 Champions] VGC 2026 Reg M-B (Bo3)\n|rated|\n|rule|Species Clause: Limit one of each Pokémon\n|rule|Item Clause: Limit 1 of each item\n|clearpoke\n|poke|p1|Froslass, L50, F|\n|poke|p1|Scovillain, L50, M, shiny|\n|poke|p1|Basculegion, L50, M|\n|poke|p1|Kingambit, L50, F|\n|poke|p1|Sneasler, L50, M|\n|poke|p1|Lycanroc-Dusk, L50, F|\n|poke|p2|Tyranitar, L50, M|\n|poke|p2|Basculegion, L50, M|\n|poke|p2|Farigiraf, L50, F|\n|poke|p2|Whimsicott, L50, M|\n|poke|p2|Excadrill, L50, F|\n|poke|p2|Staraptor, L50, F|\n|teampreview|4\n|showteam|p1|Froslass||Froslassite|CursedBody|Blizzard,ShadowBall,AuroraVeil,Protect|Modest||F|||50|]Scovillain||Scovillainite|Moody|GigaDrain,Overheat,RagePowder,Protect|Bold||M|||50|]Basculegion||SitrusBerry|Adaptability|WaveCrash,LastRespects,AquaJet,Protect|Adamant||M|||50|]Kingambit||BlackGlasses|Defiant|KowtowCleave,SuckerPunch,SwordsDance,Protect|Adamant||F|||50|]Sneasler||WhiteHerb|Unburden|CloseCombat,GunkShot,Protect,FakeOut|Adamant||M|||50|]Lycanroc-Dusk||FocusSash|ToughClaws|CloseCombat,Accelerock,RockSlide,Protect|Adamant||F|||50|\n|showteam|p2|Tyranitar||Tyranitarite|SandStream|KnockOff,LowKick,RockSlide,Protect|Adamant||M|||50|]Basculegion||LifeOrb|Adaptability|LastRespects,WaveCrash,AquaJet,Protect|Adamant||M|||50|]Farigiraf||SitrusBerry|ArmorTail|Psychic,TrickRoom,Roar,Thunderbolt|Modest||F|||50|]Whimsicott||FocusSash|Prankster|Moonblast,Tailwind,Charm,Encore|Timid||M|||50|]Excadrill||ExpertBelt|SandRush|HighHorsepower,IronHead,RockSlide,Protect|Adamant||F|||50|]Staraptor||Staraptite|Reckless|CloseCombat,BraveBird,Tailwind,Protect|Jolly||F|||50|\n|inactive|Battle timer is ON: inactive players will automatically lose when time's up. (requested by Pawah)\n|\n|t:|1788284447\n|teamsize|p1|4\n|teamsize|p2|4\n|start\n|switch|p1a: Scovillain|Scovillain, L50, M, shiny|100/100\n|switch|p1b: Basculegion|Basculegion, L50, M|100/100\n|switch|p2a: Staraptor|Staraptor, L50, F|100/100\n|switch|p2b: Whimsicott|Whimsicott, L50, M|100/100\n|turn|1\n|\n|t:|1788284472\n|detailschange|p1a: Scovillain|Scovillain-Mega, L50, M, shiny\n|-mega|p1a: Scovillain|Scovillain|Scovillainite\n|move|p1a: Scovillain|Rage Powder|p1a: Scovillain\n|-singleturn|p1a: Scovillain|move: Rage Powder\n|move|p2b: Whimsicott|Charm|p1b: Basculegion\n|-unboost|p1b: Basculegion|atk|2\n|move|p2a: Staraptor|Brave Bird|p1a: Scovillain\n|-supereffective|p1a: Scovillain|1\n|-damage|p1a: Scovillain|0 fnt\n|-status|p2a: Staraptor|brn|[from] ability: Spicy Spray|[of] p1a: Scovillain\n|faint|p1a: Scovillain\n|-damage|p2a: Staraptor|64/100 brn|[from] Recoil\n|move|p1b: Basculegion|Wave Crash|p2a: Staraptor\n|-damage|p2a: Staraptor|4/100 brn\n|-damage|p1b: Basculegion|85/100|[from] Recoil\n|\n|-damage|p2a: Staraptor|0 fnt|[from] brn\n|faint|p2a: Staraptor\n|upkeep\n|\n|t:|1788284487\n|switch|p2a: Tyranitar|Tyranitar, L50, M|100/100\n|switch|p1a: Sneasler|Sneasler, L50, M|100/100\n|-weather|Sandstorm|[from] ability: Sand Stream|[of] p2a: Tyranitar\n|turn|2\n|\n|t:|1788284503\n|switch|p1b: Lycanroc|Lycanroc-Dusk, L50, F|100/100\n|move|p2a: Tyranitar|Protect|p2a: Tyranitar\n|-singleturn|p2a: Tyranitar|Protect\n|move|p2b: Whimsicott|Moonblast|p1a: Sneasler\n|-damage|p1a: Sneasler|54/100\n|-unboost|p1a: Sneasler|spa|1\n|-enditem|p1a: Sneasler|White Herb\n|-clearnegativeboost|p1a: Sneasler|[silent]\n|move|p1a: Sneasler|Close Combat|p2a: Tyranitar\n|-activate|p2a: Tyranitar|move: Protect\n|\n|-weather|Sandstorm|[upkeep]\n|-damage|p1a: Sneasler|49/100|[from] Sandstorm\n|-damage|p2b: Whimsicott|94/100|[from] Sandstorm\n|upkeep\n|turn|3\n|inactive|wingblade33 has 30 seconds left.\n|inactive|wingblade33 has 20 seconds left.\n|\n|t:|1788284542\n|switch|p2a: Farigiraf|Farigiraf, L50, F|100/100\n|move|p2b: Whimsicott|Charm|p1a: Sneasler\n|-unboost|p1a: Sneasler|atk|2\n|move|p1a: Sneasler|Gunk Shot|p2b: Whimsicott\n|-supereffective|p2b: Whimsicott|2\n|-damage|p2b: Whimsicott|0 fnt\n|faint|p2b: Whimsicott\n|move|p1b: Lycanroc|Close Combat|p2a: Farigiraf\n|-damage|p2a: Farigiraf|54/100\n|-unboost|p1b: Lycanroc|def|1\n|-unboost|p1b: Lycanroc|spd|1\n|\n|-weather|Sandstorm|[upkeep]\n|-damage|p1a: Sneasler|43/100|[from] Sandstorm\n|-damage|p2a: Farigiraf|48/100|[from] Sandstorm\n|-enditem|p2a: Farigiraf|Sitrus Berry|[eat]\n|-heal|p2a: Farigiraf|73/100|[from] item: Sitrus Berry\n|upkeep\n|\n|t:|1788284552\n|switch|p2b: Tyranitar|Tyranitar, L50, M|100/100\n|turn|4\n|\n|t:|1788284570\n|switch|p1a: Basculegion|Basculegion, L50, M|85/100\n|move|p1b: Lycanroc|Protect|p1b: Lycanroc\n|-singleturn|p1b: Lycanroc|Protect\n|move|p2b: Tyranitar|Protect|p2b: Tyranitar\n|-singleturn|p2b: Tyranitar|Protect\n|move|p2a: Farigiraf|Trick Room|p2a: Farigiraf\n|-fieldstart|move: Trick Room|[of] p2a: Farigiraf\n|\n|-weather|Sandstorm|[upkeep]\n|-damage|p2a: Farigiraf|66/100|[from] Sandstorm\n|-damage|p1a: Basculegion|79/100|[from] Sandstorm\n|upkeep\n|turn|5\n|inactive|wingblade33 has 30 seconds left.\n|inactive|wingblade33 has 20 seconds left.\n|inactive|wingblade33 has 15 seconds left.\n|inactive|wingblade33 has 10 seconds left.\n|inactive|wingblade33 has 5 seconds left.\n|\n|t:|1788284625\n|detailschange|p2b: Tyranitar|Tyranitar-Mega, L50, M\n|-mega|p2b: Tyranitar|Tyranitar|Tyranitarite\n|move|p2a: Farigiraf|Psychic|p1b: Lycanroc\n|-damage|p1b: Lycanroc|32/100\n|move|p1a: Basculegion|Wave Crash|p2a: Farigiraf\n|-damage|p2a: Farigiraf|1/100\n|-damage|p1a: Basculegion|57/100|[from] Recoil\n|move|p2b: Tyranitar|Low Kick|p1b: Lycanroc\n|-supereffective|p1b: Lycanroc|1\n|-damage|p1b: Lycanroc|0 fnt\n|faint|p1b: Lycanroc\n|\n|-weather|Sandstorm|[upkeep]\n|-damage|p2a: Farigiraf|0 fnt|[from] Sandstorm\n|-damage|p1a: Basculegion|51/100|[from] Sandstorm\n|faint|p2a: Farigiraf\n|upkeep\n|\n|t:|1788284634\n|switch|p1b: Sneasler|Sneasler, L50, M|43/100\n|turn|6\n|\n|t:|1788284646\n|move|p2b: Tyranitar|Protect|p2b: Tyranitar\n|-singleturn|p2b: Tyranitar|Protect\n|move|p1b: Sneasler|Fake Out|p2b: Tyranitar\n|-activate|p2b: Tyranitar|move: Protect\n|move|p1a: Basculegion|Wave Crash|p2b: Tyranitar\n|-activate|p2b: Tyranitar|move: Protect\n|\n|-weather|none\n|upkeep\n|turn|7\n|\n|t:|1788284653\n|move|p1a: Basculegion|Protect|p1a: Basculegion\n|-singleturn|p1a: Basculegion|Protect\n|move|p1b: Sneasler|Protect|p1b: Sneasler\n|-singleturn|p1b: Sneasler|Protect\n|move|p2b: Tyranitar|Rock Slide|p1a: Basculegion|[spread] \n|-activate|p1a: Basculegion|move: Protect\n|-activate|p1b: Sneasler|move: Protect\n|\n|upkeep\n|turn|8\n|\n|t:|1788284665\n|move|p1a: Basculegion|Wave Crash|p2b: Tyranitar\n|-supereffective|p2b: Tyranitar|1\n|-damage|p2b: Tyranitar|0 fnt\n|faint|p2b: Tyranitar\n|-damage|p1a: Basculegion|23/100|[from] Recoil\n|-enditem|p1a: Basculegion|Sitrus Berry|[eat]\n|-heal|p1a: Basculegion|48/100|[from] item: Sitrus Berry\n|\n|win|Pawah\n","uploadtime":1788284665,"views":"0","formatid":"gen9championsvgc2026regmbbo3","rating":null,"private":0,"password":null}