{"id":"gen9championsvgc2026regmb-2673895261","format":"[Gen 9 Champions] VGC 2026 Reg M-B","players":["shakessy","heilujia"],"log":"|j|☆shakessy\n|j|☆heilujia\n|t:|1788274201\n|gametype|doubles\n|player|p1|shakessy|101|1382\n|player|p2|heilujia|102|1415\n|gen|9\n|tier|[Gen 9 Champions] VGC 2026 Reg M-B\n|rated|\n|rule|Species Clause: Limit one of each Pokémon\n|rule|Item Clause: Limit 1 of each item\n|clearpoke\n|poke|p1|Incineroar, L50, F|\n|poke|p1|Blastoise, L50, M|\n|poke|p1|Sinistcha, L50|\n|poke|p1|Sneasler, L50, M|\n|poke|p1|Delphox, L50, F|\n|poke|p1|Maushold-Four, L50|\n|poke|p2|Farigiraf, L50, F, shiny|\n|poke|p2|Sneasler, L50, F, shiny|\n|poke|p2|Sylveon, L50, F, shiny|\n|poke|p2|Torkoal, L50, F, shiny|\n|poke|p2|Kingambit, L50, F, shiny|\n|poke|p2|Crabominable, L50, F, shiny|\n|teampreview|4\nshakessy rejected open team sheets.\n|inactive|Battle timer is ON: inactive players will automatically lose when time's up. (requested by heilujia)\n|\n|t:|1788274257\n|teamsize|p1|4\n|teamsize|p2|4\n|start\n|switch|p1a: Blastoise|Blastoise, L50, M|100/100\n|switch|p1b: Sneasler|Sneasler, L50, M|100/100\n|switch|p2a: Torkoal|Torkoal, L50, F, shiny|100/100\n|switch|p2b: Kingambit|Kingambit, L50, F, shiny|100/100\n|-weather|SunnyDay|[from] ability: Drought|[of] p2a: Torkoal\n|turn|1\n|\n|t:|1788274280\n|detailschange|p1a: Blastoise|Blastoise-Mega, L50, M\n|-mega|p1a: Blastoise|Blastoise|Blastoisinite\n|move|p1b: Sneasler|Fake Out|p2b: Kingambit\n|-resisted|p2b: Kingambit|1\n|-damage|p2b: Kingambit|94/100\n|move|p1a: Blastoise|Water Spout|p2a: Torkoal|[spread] p2a,p2b\n|-supereffective|p2a: Torkoal|1\n|-damage|p2a: Torkoal|11/100\n|-damage|p2b: Kingambit|62/100\n|cant|p2b: Kingambit|flinch\n|move|p2a: Torkoal|Earth Power|p1b: Sneasler\n|-supereffective|p1b: Sneasler|1\n|-damage|p1b: Sneasler|31/100\n|-unboost|p1b: Sneasler|spd|1\n|\n|-weather|SunnyDay|[upkeep]\n|upkeep\n|turn|2\n|inactive|shakessy has 30 seconds left.\n|inactive|heilujia has 30 seconds left.\n|\n|t:|1788274315\n|move|p1b: Sneasler|Quick Guard|p1b: Sneasler\n|-singleturn|p1b: Sneasler|Quick Guard\n|move|p2b: Kingambit|Sucker Punch||[still]\n|-fail|p2b: Kingambit\n|move|p1a: Blastoise|Water Spout|p2a: Torkoal|[spread] p2a,p2b\n|-supereffective|p2a: Torkoal|1\n|-damage|p2a: Torkoal|0 fnt\n|-damage|p2b: Kingambit|31/100\n|faint|p2a: Torkoal\n|\n|-weather|SunnyDay|[upkeep]\n|upkeep\n|\n|t:|1788274327\n|switch|p2a: Farigiraf|Farigiraf, L50, F, shiny|100/100\n|turn|3\n|\n|t:|1788274342\n|move|p1b: Sneasler|Quick Guard|p1b: Sneasler\n|-singleturn|p1b: Sneasler|Quick Guard\n|move|p2b: Kingambit|Sucker Punch|p1a: Blastoise\n|-activate|p1a: Blastoise|move: Quick Guard\n|move|p1a: Blastoise|Water Spout|p2a: Farigiraf|[spread] p2a,p2b\n|-damage|p2a: Farigiraf|69/100\n|-damage|p2b: Kingambit|1/100\n|move|p2a: Farigiraf|Trick Room|p2a: Farigiraf\n|-fieldstart|move: Trick Room|[of] p2a: Farigiraf\n|\n|-weather|SunnyDay|[upkeep]\n|upkeep\n|turn|4\n|inactive|shakessy has 30 seconds left.\n|\n|t:|1788274369\n|switch|p1b: Maushold|Maushold-Four, L50|100/100\n|move|p1a: Blastoise|Protect|p1a: Blastoise\n|-singleturn|p1a: Blastoise|Protect\n|move|p2b: Kingambit|Kowtow Cleave|p1a: Blastoise\n|-activate|p1a: Blastoise|move: Protect\n|move|p2a: Farigiraf|Thunderbolt|p1a: Blastoise\n|-activate|p1a: Blastoise|move: Protect\n|\n|-weather|SunnyDay|[upkeep]\n|upkeep\n|turn|5\n|-message|heilujia forfeited.\n|\n|win|shakessy\n|raw|shakessy's rating: 1382 &rarr; <strong>1404</strong><br />(+22 for winning)\n|raw|heilujia's rating: 1415 &rarr; <strong>1393</strong><br />(-22 for losing)\n|l|☆heilujia\n|player|p2|\n|c|☆shakessy|why ff\n","uploadtime":1788274392,"views":"7","formatid":"gen9championsvgc2026regmb","rating":1393,"private":0,"password":null}