{"id":"gen9championsvgc2026regmbbo3-2673388920","format":"[Gen 9 Champions] VGC 2026 Reg M-B (Bo3)","players":["Pawah","Yuste3_"],"log":"|j|☆Pawah\n|j|☆Yuste3_\n|html|<table width=\"100%\"><tr><td align=\"left\">Pawah</td><td align=\"right\">Yuste3_</tr><tr><td align=\"left\"><i class=\"fa fa-circle-o\"></i> <i class=\"fa fa-circle-o\"></i> </td><td align=\"right\"><i class=\"fa fa-circle-o\"></i> <i class=\"fa fa-circle-o\"></i> </tr></table>\n|uhtml|bestof|<h2><strong>Game 1</strong> of <a href=\"/game-bestof3-gen9championsvgc2026regmbbo3-2673388919\">a best-of-3</a></h2>\n|t:|1788191787\n|gametype|doubles\n|player|p1|Pawah|ethan|1336\n|player|p2|Yuste3_|lucas|1243\n|gen|9\n|tier|[Gen 9 Champions] VGC 2026 Reg M-B (Bo3)\n|rated|\n|rule|Species Clause: Limit one of each Pokémon\n|rule|Item Clause: Limit 1 of each item\n|clearpoke\n|poke|p1|Incineroar, L50, M|\n|poke|p1|Sinistcha, L50|\n|poke|p1|Floette-Eternal, L50, F|\n|poke|p1|Samurott-Hisui, L50, F|\n|poke|p1|Sneasler, L50, F|\n|poke|p1|Delphox, L50, M|\n|poke|p2|Whimsicott, L50, F|\n|poke|p2|Staraptor, L50, M|\n|poke|p2|Farigiraf, L50, M|\n|poke|p2|Glimmora, L50, M|\n|poke|p2|Torkoal, L50, F|\n|poke|p2|Sneasler, L50, F|\n|teampreview|4\n|showteam|p1|Incineroar||SitrusBerry|Intimidate|FlareBlitz,DarkestLariat,FakeOut,PartingShot|Careful||M|||50|]Sinistcha||OccaBerry|Hospitality|MatchaGotcha,LifeDew,RagePowder,Protect|Bold|||||50|]Floette-Eternal||Floettite|FlowerVeil|Protect,DazzlingGleam,Moonblast,CalmMind|Modest||F|||50|]Samurott-Hisui||ChoiceScarf|Sharpness|NightSlash,AquaCutter,SacredSword,FlipTurn|Jolly||F|||50|]Sneasler||FocusSash|PoisonTouch|PoisonJab,RockSlide,CloseCombat,FakeOut|Jolly||F|||50|]Delphox||Delphoxite|Blaze|HeatWave,Protect,Psychic,NastyPlot|Timid||M|||50|\n|showteam|p2|Whimsicott||OccaBerry|Prankster|Moonblast,Charm,FakeTears,Tailwind|Timid||F|||50|]Staraptor||Staraptite|Intimidate|CloseCombat,BraveBird,Roost,Protect|Jolly||M|||50|]Farigiraf||SitrusBerry|ArmorTail|Psychic,HelpingHand,TrickRoom,Protect|Sassy||M|||50|]Glimmora||FocusSash|ToxicDebris|SludgeBomb,PowerGem,EarthPower,SpikyShield|Modest||M|||50|]Torkoal||Charcoal|Drought|Eruption,WeatherBall,HeatWave,Protect|Quiet||F|||50|]Sneasler||LifeOrb|PoisonTouch|CloseCombat,PoisonJab,RockSlide,FakeOut|Adamant||F|||50|\n|inactive|Battle timer is ON: inactive players will automatically lose when time's up. (requested by Yuste3_)\n|inactive|Pawah also wants the timer to be on.\n|inactive|Pawah has 60 seconds left.\n|\n|t:|1788191826\n|teamsize|p1|4\n|teamsize|p2|4\n|start\n|switch|p1a: Samurott|Samurott-Hisui, L50, F|100/100\n|switch|p1b: Floette|Floette-Eternal, L50, F|100/100\n|switch|p2a: Whimsicott|Whimsicott, L50, F|100/100\n|switch|p2b: Staraptor|Staraptor, L50, M|100/100\n|-ability|p2b: Staraptor|Intimidate|boost\n|-unboost|p1a: Samurott|atk|1\n|-unboost|p1b: Floette|atk|1\n|turn|1\n|\n|t:|1788191848\n|switch|p1a: Incineroar|Incineroar, L50, M|100/100\n|-ability|p1a: Incineroar|Intimidate|boost\n|-unboost|p2a: Whimsicott|atk|1\n|-unboost|p2b: Staraptor|atk|1\n|detailschange|p2b: Staraptor|Staraptor-Mega, L50, M\n|-mega|p2b: Staraptor|Staraptor|Staraptite\n|detailschange|p1b: Floette|Floette-Mega, L50, F\n|-mega|p1b: Floette|Floette|Floettite\n|-ability|p1b: Floette|Fairy Aura\n|move|p2b: Staraptor|Protect|p2b: Staraptor\n|-singleturn|p2b: Staraptor|Protect\n|move|p2a: Whimsicott|Tailwind|p2a: Whimsicott\n|-sidestart|p2: Yuste3_|move: Tailwind\n|move|p1b: Floette|Moonblast|p2b: Staraptor\n|-activate|p2b: Staraptor|move: Protect\n|\n|upkeep\n|turn|2\n|\n|t:|1788191867\n|switch|p2a: Farigiraf|Farigiraf, L50, M|100/100\n|move|p1a: Incineroar|Fake Out||[still]\n|cant|p2a: Farigiraf|ability: Armor Tail|Fake Out|[of] p1a: Incineroar\n|move|p2b: Staraptor|Close Combat|p1a: Incineroar\n|-supereffective|p1a: Incineroar|1\n|-damage|p1a: Incineroar|33/100\n|-boost|p2b: Staraptor|def|1\n|-boost|p2b: Staraptor|spd|1\n|-enditem|p1a: Incineroar|Sitrus Berry|[eat]\n|-heal|p1a: Incineroar|58/100|[from] item: Sitrus Berry\n|move|p1b: Floette|Moonblast|p2b: Staraptor\n|-supereffective|p2b: Staraptor|1\n|-crit|p2b: Staraptor\n|-damage|p2b: Staraptor|0 fnt\n|faint|p2b: Staraptor\n|\n|upkeep\n|\n|t:|1788191890\n|switch|p2b: Whimsicott|Whimsicott, L50, F|100/100\n|turn|3\n|\n|t:|1788191897\n|move|p1b: Floette|Protect|p1b: Floette\n|-singleturn|p1b: Floette|Protect\n|move|p2b: Whimsicott|Fake Tears|p1b: Floette\n|-activate|p1b: Floette|move: Protect\n|move|p2a: Farigiraf|Psychic|p1b: Floette\n|-activate|p1b: Floette|move: Protect\n|move|p1a: Incineroar|Parting Shot|p2a: Farigiraf\n|-unboost|p2a: Farigiraf|atk|1\n|-unboost|p2a: Farigiraf|spa|1\n|\n|t:|1788191904\n|switch|p1a: Samurott|Samurott-Hisui, L50, F|100/100|[from] Parting Shot\n|\n|upkeep\n|turn|4\n|\n|t:|1788191910\n|switch|p1b: Incineroar|Incineroar, L50, M|58/100\n|-ability|p1b: Incineroar|Intimidate|boost\n|-unboost|p2a: Farigiraf|atk|1\n|-unboost|p2b: Whimsicott|atk|1\n|move|p2a: Farigiraf|Protect|p2a: Farigiraf\n|-singleturn|p2a: Farigiraf|Protect\n|move|p2b: Whimsicott|Fake Tears|p1b: Incineroar\n|-hint|Since gen 7, Dark is immune to Prankster moves.\n|-immune|p1b: Incineroar\n|move|p1a: Samurott|Night Slash|p2a: Farigiraf\n|-activate|p2a: Farigiraf|move: Protect\n|\n|-sideend|p2: Yuste3_|move: Tailwind\n|upkeep\n|turn|5\n|\n|t:|1788191919\n|move|p1a: Samurott|Night Slash|p2a: Farigiraf\n|-supereffective|p2a: Farigiraf|1\n|-damage|p2a: Farigiraf|13/100\n|-enditem|p2a: Farigiraf|Sitrus Berry|[eat]\n|-heal|p2a: Farigiraf|38/100|[from] item: Sitrus Berry\n|move|p2b: Whimsicott|Moonblast|p1a: Samurott\n|-supereffective|p1a: Samurott|1\n|-damage|p1a: Samurott|19/100\n|move|p1b: Incineroar|Flare Blitz|p2b: Whimsicott\n|-supereffective|p2b: Whimsicott|1\n|-enditem|p2b: Whimsicott|Occa Berry|[eat]\n|-enditem|p2b: Whimsicott|Occa Berry|[weaken]\n|-damage|p2b: Whimsicott|49/100\n|-damage|p1b: Incineroar|44/100|[from] Recoil\n|move|p2a: Farigiraf|Trick Room|p2a: Farigiraf\n|-fieldstart|move: Trick Room|[of] p2a: Farigiraf\n|\n|upkeep\n|turn|6\n|\n|t:|1788191934\n|switch|p1a: Sinistcha|Sinistcha, L50|100/100\n|-heal|p1b: Incineroar|69/100|[from] ability: Hospitality|[of] p1a: Sinistcha\n|move|p2a: Farigiraf|Helping Hand|p2b: Whimsicott\n|-singleturn|p2b: Whimsicott|Helping Hand|[of] p2a: Farigiraf\n|move|p1b: Incineroar|Darkest Lariat|p2a: Farigiraf\n|-supereffective|p2a: Farigiraf|1\n|-damage|p2a: Farigiraf|0 fnt\n|faint|p2a: Farigiraf\n|move|p2b: Whimsicott|Moonblast|p1b: Incineroar\n|-damage|p1b: Incineroar|38/100\n|\n|upkeep\n|\n|t:|1788191936\n|switch|p2a: Torkoal|Torkoal, L50, F|100/100\n|-weather|SunnyDay|[from] ability: Drought|[of] p2a: Torkoal\n|turn|7\n|\n|t:|1788191950\n|move|p1a: Sinistcha|Protect|p1a: Sinistcha\n|-singleturn|p1a: Sinistcha|Protect\n|move|p2b: Whimsicott|Fake Tears|p1a: Sinistcha\n|-activate|p1a: Sinistcha|move: Protect\n|move|p2a: Torkoal|Eruption|p1a: Sinistcha|[spread] p1b\n|-activate|p1a: Sinistcha|move: Protect\n|-resisted|p1b: Incineroar|1\n|-damage|p1b: Incineroar|6/100\n|move|p1b: Incineroar|Parting Shot|p2a: Torkoal\n|-unboost|p2a: Torkoal|atk|1\n|-unboost|p2a: Torkoal|spa|1\n|\n|t:|1788191953\n|switch|p1b: Samurott|Samurott-Hisui, L50, F|19/100|[from] Parting Shot\n|\n|-weather|SunnyDay|[upkeep]\n|upkeep\n|turn|8\n|\n|t:|1788191963\n|move|p1a: Sinistcha|Rage Powder|p1a: Sinistcha\n|-singleturn|p1a: Sinistcha|move: Rage Powder\n|move|p2b: Whimsicott|Fake Tears|p1a: Sinistcha\n|-unboost|p1a: Sinistcha|spd|2\n|move|p2a: Torkoal|Eruption|p1a: Sinistcha|[spread] p1a,p1b\n|-supereffective|p1a: Sinistcha|1\n|-enditem|p1a: Sinistcha|Occa Berry|[eat]\n|-enditem|p1a: Sinistcha|Occa Berry|[weaken]\n|-resisted|p1b: Samurott|1\n|-damage|p1a: Sinistcha|0 fnt\n|-damage|p1b: Samurott|0 fnt\n|faint|p1a: Sinistcha\n|faint|p1b: Samurott\n|\n|-weather|SunnyDay|[upkeep]\n|upkeep\n|\n|t:|1788191971\n|switch|p1a: Incineroar|Incineroar, L50, M|6/100\n|switch|p1b: Floette|Floette-Mega, L50, F|100/100\n|-ability|p1a: Incineroar|Intimidate|boost\n|-unboost|p2a: Torkoal|atk|1\n|-unboost|p2b: Whimsicott|atk|1\n|-ability|p1b: Floette|Fairy Aura\n|turn|9\n|\n|t:|1788191985\n|move|p1a: Incineroar|Fake Out|p2a: Torkoal\n|-damage|p2a: Torkoal|92/100\n|move|p2b: Whimsicott|Fake Tears|p1b: Floette\n|-unboost|p1b: Floette|spd|2\n|cant|p2a: Torkoal|flinch\n|move|p1b: Floette|Calm Mind|p1b: Floette\n|-boost|p1b: Floette|spa|1\n|-boost|p1b: Floette|spd|1\n|\n|-weather|SunnyDay|[upkeep]\n|-fieldend|move: Trick Room\n|upkeep\n|turn|10\n|\n|t:|1788192002\n|move|p2a: Torkoal|Protect|p2a: Torkoal\n|-singleturn|p2a: Torkoal|Protect\n|move|p2b: Whimsicott|Tailwind|p2b: Whimsicott\n|-sidestart|p2: Yuste3_|move: Tailwind\n|move|p1b: Floette|Moonblast|p2a: Torkoal\n|-activate|p2a: Torkoal|move: Protect\n|move|p1a: Incineroar|Darkest Lariat|p2a: Torkoal\n|-activate|p2a: Torkoal|move: Protect\n|\n|-weather|SunnyDay|[upkeep]\n|upkeep\n|turn|11\n|\n|t:|1788192013\n|move|p2b: Whimsicott|Moonblast|p1a: Incineroar\n|-damage|p1a: Incineroar|0 fnt\n|faint|p1a: Incineroar\n|move|p1b: Floette|Moonblast|p2a: Torkoal\n|-resisted|p2a: Torkoal|1\n|-damage|p2a: Torkoal|19/100\n|move|p2a: Torkoal|Weather Ball|p1b: Floette\n|-damage|p1b: Floette|46/100\n|\n|-weather|none\n|upkeep\n|turn|12\n|inactive|Yuste3_ has 30 seconds left.\n|\n|t:|1788192040\n|move|p2b: Whimsicott|Moonblast|p1b: Floette\n|-damage|p1b: Floette|3/100\n|move|p1b: Floette|Moonblast|p2b: Whimsicott\n|-crit|p2b: Whimsicott\n|-damage|p2b: Whimsicott|0 fnt\n|faint|p2b: Whimsicott\n|move|p2a: Torkoal|Heat Wave|p1b: Floette|[miss]\n|-miss|p2a: Torkoal|p1b: Floette\n|\n|upkeep\n|turn|13\n|\n|t:|1788192048\n|move|p1b: Floette|Moonblast|p2a: Torkoal\n|-resisted|p2a: Torkoal|1\n|-damage|p2a: Torkoal|0 fnt\n|faint|p2a: Torkoal\n|\n|win|Pawah\n","uploadtime":1788192049,"views":"2","formatid":"gen9championsvgc2026regmbbo3","rating":null,"private":0,"password":null}