{"id":"gen9championsvgc2026regmbbo3-2673498907","format":"[Gen 9 Champions] VGC 2026 Reg M-B (Bo3)","players":["chinstair","Thomnahs"],"log":"|j|☆chinstair\n|j|☆Thomnahs\n|html|<table width=\"100%\"><tr><td align=\"left\">chinstair</td><td align=\"right\">Thomnahs</tr><tr><td align=\"left\"><i class=\"fa fa-circle\"></i> <i class=\"fa fa-circle-o\"></i> </td><td align=\"right\"><i class=\"fa fa-circle-o\"></i> <i class=\"fa fa-circle-o\"></i> </tr></table>\n|uhtml|bestof|<h2><strong>Game 2</strong> of <a href=\"/game-bestof3-gen9championsvgc2026regmbbo3-2673496671\">a best-of-3</a></h2>\n|t:|1788205122\n|gametype|doubles\n|player|p1|chinstair|scientist-gen4|1204\n|player|p2|Thomnahs|101|1307\n|gen|9\n|tier|[Gen 9 Champions] VGC 2026 Reg M-B (Bo3)\n|rated|\n|rule|Species Clause: Limit one of each Pokémon\n|rule|Item Clause: Limit 1 of each item\n|clearpoke\n|poke|p1|Gengar, L50, F, shiny|\n|poke|p1|Incineroar, L50, F|\n|poke|p1|Primarina, L50, F|\n|poke|p1|Slowking-Galar, L50, M|\n|poke|p1|Conkeldurr, L50, F|\n|poke|p1|Scovillain, L50, M, shiny|\n|poke|p2|Dragonite, L50, M|\n|poke|p2|Sneasler, L50, M|\n|poke|p2|Kingambit, L50, F|\n|poke|p2|Basculegion, L50, M|\n|poke|p2|Floette-Eternal, L50, F|\n|poke|p2|Garchomp, L50, F|\n|teampreview|4\n|showteam|p1|Gengar||Gengarite|CursedBody|SludgeBomb,ShadowBall,PerishSong,Protect|Modest||F|||50|]Incineroar||BrightPowder|Intimidate|FlareBlitz,ThroatChop,FakeOut,PartingShot|Sassy||F|||50|]Primarina||Leftovers|LiquidVoice|PerishSong,HyperVoice,Protect,Moonblast|Quiet||F|||50|]Slowking-Galar||SitrusBerry|Regenerator|AcidSpray,PsychicNoise,TrickRoom,ChillyReception|Relaxed||M|||50|]Conkeldurr||LifeOrb|SheerForce|RockSlide,DrainPunch,PoisonJab,Protect|Brave||F|||50|]Scovillain||Scovillainite|Moody|LeechSeed,RagePowder,Protect,Flamethrower|Bold||M|||50|\n|showteam|p2|Dragonite||Dragoninite|InnerFocus|DragonPulse,HeatWave,ExtremeSpeed,Protect|Modest||M|||50|]Sneasler||FocusSash|PoisonTouch|DireClaw,CloseCombat,Feint,FakeOut|Jolly||M|||50|]Kingambit||ChopleBerry|Defiant|KowtowCleave,SuckerPunch,LowKick,IronHead|Adamant||F|||50|]Basculegion||LifeOrb|Adaptability|WaveCrash,LastRespects,AquaJet,Protect|Adamant||M|||50|]Floette-Eternal||Floettite|FlowerVeil|Moonblast,DazzlingGleam,LightofRuin,Protect|Timid||F|||50|]Garchomp||ChoiceScarf|RoughSkin|StompingTantrum,Earthquake,RockSlide,DragonClaw|Adamant||F|||50|\n|inactive|Battle timer is ON: inactive players will automatically lose when time's up. (requested by chinstair)\n|inactive|Thomnahs also wants the timer to be on.\n|inactive|chinstair has 60 seconds left.\n|inactive|Thomnahs has 60 seconds left.\n|\n|t:|1788205168\n|teamsize|p1|4\n|teamsize|p2|4\n|start\n|switch|p1a: False Prophet|Gengar, L50, F, shiny|100/100\n|switch|p1b: Incineroar|Incineroar, L50, F|100/100\n|switch|p2a: Basculegion|Basculegion, L50, M|100/100\n|switch|p2b: Kingambit|Kingambit, L50, F|100/100\n|-ability|p1b: Incineroar|Intimidate|boost\n|-unboost|p2a: Basculegion|atk|1\n|-unboost|p2b: Kingambit|atk|1\n|-ability|p2b: Kingambit|Defiant|boost\n|-boost|p2b: Kingambit|atk|2\n|turn|1\n|inactive|Thomnahs has 30 seconds left.\n|\n|t:|1788205195\n|detailschange|p1a: False Prophet|Gengar-Mega, L50, F, shiny\n|-mega|p1a: False Prophet|Gengar|Gengarite\n|move|p2a: Basculegion|Protect|p2a: Basculegion\n|-singleturn|p2a: Basculegion|Protect\n|move|p1b: Incineroar|Fake Out|p2b: Kingambit\n|-resisted|p2b: Kingambit|1\n|-damage|p2b: Kingambit|96/100\n|move|p1a: False Prophet|Shadow Ball|p2a: Basculegion\n|-activate|p2a: Basculegion|move: Protect\n|cant|p2b: Kingambit|flinch\n|\n|upkeep\n|turn|2\n|inactive|chinstair has 30 seconds left.\n|\n|t:|1788205222\n|move|p1a: False Prophet|Protect|p1a: False Prophet\n|-singleturn|p1a: False Prophet|Protect\n|move|p2a: Basculegion|Wave Crash|p1b: Incineroar\n|-supereffective|p1b: Incineroar|1\n|-damage|p1b: Incineroar|0 fnt\n|faint|p1b: Incineroar\n|-damage|p2a: Basculegion|65/100|[from] Recoil\n|-damage|p2a: Basculegion|55/100|[from] item: Life Orb\n|move|p2b: Kingambit|Kowtow Cleave|p1a: False Prophet\n|-activate|p1a: False Prophet|move: Protect\n|\n|upkeep\n|\n|t:|1788205234\n|switch|p1b: Conkeldurr|Conkeldurr, L50, F|100/100\n|turn|3\n|\n|t:|1788205251\n|switch|p1a: Primarina|Primarina, L50, F|100/100\n|move|p2a: Basculegion|Wave Crash|p1a: Primarina\n|-resisted|p1a: Primarina|1\n|-damage|p1a: Primarina|63/100\n|-damage|p2a: Basculegion|45/100|[from] Recoil\n|-damage|p2a: Basculegion|35/100|[from] item: Life Orb\n|move|p2b: Kingambit|Kowtow Cleave|p1a: Primarina\n|-resisted|p1a: Primarina|1\n|-damage|p1a: Primarina|28/100\n|move|p1b: Conkeldurr|Drain Punch|p2b: Kingambit\n|-supereffective|p2b: Kingambit|2\n|-enditem|p2b: Kingambit|Chople Berry|[eat]\n|-enditem|p2b: Kingambit|Chople Berry|[weaken]\n|-damage|p2b: Kingambit|20/100y\n|-damage|p1b: Conkeldurr|90/100|[from] item: Life Orb\n|\n|-heal|p1a: Primarina|34/100|[from] item: Leftovers\n|upkeep\n|turn|4\n|inactive|chinstair has 30 seconds left.\n|\n|t:|1788205281\n|move|p1a: Primarina|Protect|p1a: Primarina\n|-singleturn|p1a: Primarina|Protect\n|move|p2b: Kingambit|Sucker Punch|p1b: Conkeldurr\n|-resisted|p1b: Conkeldurr|1\n|-damage|p1b: Conkeldurr|65/100\n|move|p2a: Basculegion|Last Respects|p1a: Primarina\n|-activate|p1a: Primarina|move: Protect\n|move|p1b: Conkeldurr|Rock Slide|p2b: Kingambit|[spread] p2a,p2b\n|-resisted|p2b: Kingambit|1\n|-damage|p2a: Basculegion|0 fnt\n|-damage|p2b: Kingambit|7/100\n|faint|p2a: Basculegion\n|\n|-heal|p1a: Primarina|40/100|[from] item: Leftovers\n|upkeep\n|\n|t:|1788205302\n|switch|p2a: Floette|Floette-Eternal, L50, F|100/100\n|turn|5\n|\n|t:|1788205321\n|switch|p1b: False Prophet|Gengar-Mega, L50, F, shiny|100/100\n|detailschange|p2a: Floette|Floette-Mega, L50, F\n|-mega|p2a: Floette|Floette|Floettite\n|-ability|p2a: Floette|Fairy Aura\n|move|p2b: Kingambit|Sucker Punch||[still]\n|-fail|p2b: Kingambit\n|move|p2a: Floette|Dazzling Gleam|p1a: Primarina|[spread] p1a,p1b\n|-resisted|p1b: False Prophet|1\n|-damage|p1a: Primarina|0 fnt\n|-damage|p1b: False Prophet|70/100\n|faint|p1a: Primarina\n|\n|upkeep\n|\n|t:|1788205332\n|switch|p1a: Conkeldurr|Conkeldurr, L50, F|65/100\n|turn|6\n|\n|t:|1788205351\n|move|p2b: Kingambit|Sucker Punch|p1b: False Prophet\n|-supereffective|p1b: False Prophet|1\n|-damage|p1b: False Prophet|0 fnt\n|faint|p1b: False Prophet\n|move|p2a: Floette|Dazzling Gleam|p1a: Conkeldurr\n|-supereffective|p1a: Conkeldurr|1\n|-damage|p1a: Conkeldurr|0 fnt\n|faint|p1a: Conkeldurr\n|\n|win|Thomnahs\n||chinstair is ready for game 3.\n||Thomnahs is ready for game 3.\n|uhtml|next|Next: <a href=\"/battle-gen9championsvgc2026regmbbo3-2673500831\"><strong>Game 3 of 3</strong></a>\n|l|☆Thomnahs\n|player|p2|\n","uploadtime":1788205703,"views":"2","formatid":"gen9championsvgc2026regmbbo3","rating":null,"private":0,"password":null}