{"id":"gen9championsvgc2026regmbbo3-2673595606","format":"[Gen 9 Champions] VGC 2026 Reg M-B (Bo3)","players":["pkmn Hayatoviski","Z_yne08"],"log":"|j|☆pkmn Hayatoviski\n|j|☆Z_yne08\n|html|<table width=\"100%\"><tr><td align=\"left\">pkmn Hayatoviski</td><td align=\"right\">Z_yne08</tr><tr><td align=\"left\"><i class=\"fa fa-circle-o\"></i> <i class=\"fa fa-circle-o\"></i> </td><td align=\"right\"><i class=\"fa fa-circle-o\"></i> <i class=\"fa fa-circle-o\"></i> </tr></table>\n|uhtml|bestof|<h2><strong>Game 1</strong> of <a href=\"/game-bestof3-gen9championsvgc2026regmbbo3-2673595605\">a best-of-3</a></h2>\n|t:|1788218611\n|gametype|doubles\n|player|p1|pkmn Hayatoviski|marlon|1040\n|player|p2|Z_yne08|2|1000\n|gen|9\n|tier|[Gen 9 Champions] VGC 2026 Reg M-B (Bo3)\n|rated|\n|rule|Species Clause: Limit one of each Pokémon\n|rule|Item Clause: Limit 1 of each item\n|clearpoke\n|poke|p1|Sylveon, L50, F|\n|poke|p1|Venusaur, L50, M|\n|poke|p1|Charizard, L50, M|\n|poke|p1|Aerodactyl, L50, M|\n|poke|p1|Garchomp, L50, M|\n|poke|p1|Milotic, L50, F|\n|poke|p2|Tyranitar, L50, F|\n|poke|p2|Excadrill, L50, M, shiny|\n|poke|p2|Garchomp, L50, M|\n|poke|p2|Aerodactyl, L50, F|\n|poke|p2|Kingambit, L50, M, shiny|\n|poke|p2|Glimmora, L50, F, shiny|\n|teampreview|4\n|showteam|p1|Sylveon||FairyFeather|Pixilate|HyperVoice,HyperBeam,Protect,QuickAttack|Modest||F|||50|]Venusaur||MiracleSeed|Chlorophyll|SludgeBomb,GigaDrain,EarthPower,SleepPowder|Modest||M|||50|]Charizard||CharizarditeY|SolarPower|HeatWave,WeatherBall,SolarBeam,Protect|Modest||M|||50|]Aerodactyl||FocusSash|Pressure|DualWingbeat,WideGuard,Tailwind,RockSlide|Jolly||M|||50|]Garchomp||RoseliBerry|RoughSkin|Earthquake,RockSlide,DragonClaw,Protect|Jolly||M|||50|]Milotic||Leftovers|Competitive|IcyWind,Scald,LifeDew,Protect|Bold||F|||50|\n|showteam|p2|Tyranitar||Tyranitarite|SandStream|KnockOff,LowKick,RockSlide,Protect|Adamant||F|||50|]Excadrill||LifeOrb|SandRush|HighHorsepower,IronHead,RockSlide,Protect|Adamant||M|||50|]Garchomp||ChoiceScarf|SandVeil|Earthquake,DragonClaw,RockSlide,Protect|Jolly||M|||50|]Aerodactyl||ChartiBerry|RockHead|Tailwind,DualWingbeat,IronHead,RockSlide|Jolly||F|||50|]Kingambit||FocusSash|Defiant|KowtowCleave,SuckerPunch,LowKick,Protect|Adamant||M|||50|]Glimmora||Glimmoranite|ToxicDebris|SpikyShield,SludgeWave,PowerGem,EarthPower|Timid||F|||50|\n|\n|t:|1788218633\n|teamsize|p1|4\n|teamsize|p2|4\n|start\n|switch|p1a: Tututubarão-nareia|Garchomp, L50, M|100/100\n|switch|p1b: GoatDactyl|Aerodactyl, L50, M|100/100\n|switch|p2a: Terrisa|Tyranitar, L50, F|100/100\n|switch|p2b: King Kittan|Excadrill, L50, M, shiny|100/100\n|-ability|p1b: GoatDactyl|Pressure\n|-weather|Sandstorm|[from] ability: Sand Stream|[of] p2a: Terrisa\n|turn|1\n|\n|t:|1788218658\n|detailschange|p2a: Terrisa|Tyranitar-Mega, L50, F\n|-mega|p2a: Terrisa|Tyranitar|Tyranitarite\n|move|p2b: King Kittan|Rock Slide|p1a: Tututubarão-nareia|[spread] p1a,p1b\n|-resisted|p1a: Tututubarão-nareia|1\n|-supereffective|p1b: GoatDactyl|1\n|-damage|p1a: Tututubarão-nareia|85/100\n|-damage|p1b: GoatDactyl|15/100\n|-damage|p2b: King Kittan|90/100|[from] item: Life Orb\n|cant|p1b: GoatDactyl|flinch\n|move|p1a: Tututubarão-nareia|Earthquake|p2a: Terrisa|[spread] p2a,p2b\n|-immune|p1b: GoatDactyl\n|-supereffective|p2a: Terrisa|1\n|-supereffective|p2b: King Kittan|1\n|-damage|p2a: Terrisa|53/100\n|-damage|p2b: King Kittan|0 fnt\n|faint|p2b: King Kittan\n|move|p2a: Terrisa|Knock Off|p1a: Tututubarão-nareia\n|-damage|p1a: Tututubarão-nareia|18/100\n|-damage|p2a: Terrisa|41/100|[from] ability: Rough Skin|[of] p1a: Tututubarão-nareia\n|-enditem|p1a: Tututubarão-nareia|Roseli Berry|[from] move: Knock Off|[of] p2a: Terrisa\n|\n|-weather|Sandstorm|[upkeep]\n|upkeep\n|\n|t:|1788218677\n|switch|p2b: Jaws(Kinda)|Garchomp, L50, M|100/100\n|turn|2\n|\n|t:|1788218691\n|move|p2a: Terrisa|Protect|p2a: Terrisa\n|-singleturn|p2a: Terrisa|Protect\n|move|p1b: GoatDactyl|Wide Guard|p1b: GoatDactyl\n|-singleturn|p1b: GoatDactyl|Wide Guard\n|move|p2b: Jaws(Kinda)|Dragon Claw|p1a: Tututubarão-nareia\n|-supereffective|p1a: Tututubarão-nareia|1\n|-damage|p1a: Tututubarão-nareia|0 fnt\n|-damage|p2b: Jaws(Kinda)|87/100|[from] ability: Rough Skin|[of] p1a: Tututubarão-nareia\n|faint|p1a: Tututubarão-nareia\n|\n|-weather|Sandstorm|[upkeep]\n|upkeep\n|\n|t:|1788218707\n|switch|p1a: KD minha ração?|Sylveon, L50, F|100/100\n|turn|3\n|inactive|Battle timer is ON: inactive players will automatically lose when time's up. (requested by Z_yne08)\n|\n|t:|1788218722\n|switch|p2b: CAH CAHHH|Aerodactyl, L50, F|100/100\n|move|p1b: GoatDactyl|Tailwind|p1b: GoatDactyl\n|-sidestart|p1: pkmn Hayatoviski|move: Tailwind\n|move|p1a: KD minha ração?|Hyper Voice|p2a: Terrisa|[spread] p2a,p2b\n|-supereffective|p2a: Terrisa|1\n|-damage|p2a: Terrisa|0 fnt\n|-damage|p2b: CAH CAHHH|61/100\n|faint|p2a: Terrisa\n|\n|-weather|Sandstorm|[upkeep]\n|-damage|p1a: KD minha ração?|94/100|[from] Sandstorm\n|upkeep\n|\n|t:|1788218732\n|switch|p2a: Jaws(Kinda)|Garchomp, L50, M|87/100\n|turn|4\n|\n|t:|1788218748\n|move|p1b: GoatDactyl|Rock Slide|p2b: CAH CAHHH|[spread] p2a,p2b\n|-resisted|p2a: Jaws(Kinda)|1\n|-supereffective|p2b: CAH CAHHH|1\n|-enditem|p2b: CAH CAHHH|Charti Berry|[eat]\n|-enditem|p2b: CAH CAHHH|Charti Berry|[weaken]\n|-damage|p2a: Jaws(Kinda)|75/100\n|-damage|p2b: CAH CAHHH|17/100\n|move|p2a: Jaws(Kinda)|Rock Slide|p1b: GoatDactyl|[spread] p1a,p1b\n|-supereffective|p1b: GoatDactyl|1\n|-damage|p1a: KD minha ração?|64/100\n|-damage|p1b: GoatDactyl|0 fnt\n|faint|p1b: GoatDactyl\n|move|p2b: CAH CAHHH|Iron Head|p1a: KD minha ração?\n|-supereffective|p1a: KD minha ração?|1\n|-damage|p1a: KD minha ração?|0 fnt\n|faint|p1a: KD minha ração?\n|\n|-weather|Sandstorm|[upkeep]\n|upkeep\n|\n|t:|1788218767\n|switch|p1b: Juro Veyr💅🏿|Milotic, L50, F|100/100\n|turn|5\n|\n|t:|1788218775\n|move|p2a: Jaws(Kinda)|Rock Slide|p1b: Juro Veyr💅🏿\n|-damage|p1b: Juro Veyr💅🏿|80/100\n|move|p1b: Juro Veyr💅🏿|Icy Wind|p2a: Jaws(Kinda)|[spread] p2a,p2b\n|-supereffective|p2a: Jaws(Kinda)|2\n|-supereffective|p2b: CAH CAHHH|1\n|-damage|p2a: Jaws(Kinda)|29/100\n|-damage|p2b: CAH CAHHH|0 fnt\n|-unboost|p2a: Jaws(Kinda)|spe|1\n|faint|p2b: CAH CAHHH\n|\n|-weather|none\n|-heal|p1b: Juro Veyr💅🏿|86/100|[from] item: Leftovers\n|upkeep\n|turn|6\n|\n|t:|1788218788\n|move|p1b: Juro Veyr💅🏿|Icy Wind|p2a: Jaws(Kinda)\n|-supereffective|p2a: Jaws(Kinda)|2\n|-damage|p2a: Jaws(Kinda)|0 fnt\n|faint|p2a: Jaws(Kinda)\n|\n|win|pkmn Hayatoviski\n|l|☆Z_yne08\n|player|p2|\n","uploadtime":1788218798,"views":"2","formatid":"gen9championsvgc2026regmbbo3","rating":null,"private":0,"password":null}