{"id":"gen9championsvgc2026regmb-2673885297","format":"[Gen 9 Champions] VGC 2026 Reg M-B","players":["IronSerpentFan","Snowball_seer"],"log":"|j|☆IronSerpentFan\n|j|☆Snowball_seer\n|html|<table width=\"100%\"><tr><td align=\"left\">IronSerpentFan</td><td align=\"right\">Snowball_seer</tr><tr><td align=\"left\"><i class=\"fa fa-circle-o\"></i> <i class=\"fa fa-circle-o\"></i> </td><td align=\"right\"><i class=\"fa fa-circle-o\"></i> <i class=\"fa fa-circle-o\"></i> </tr></table>\n|uhtml|bestof|<h2><strong>Game 1</strong> of <a href=\"/game-bestof3-gen9championsvgc2026regmb-2673885296\">a best-of-3</a></h2>\n|t:|1788272978\n|gametype|doubles\n|player|p1|IronSerpentFan|schoolkid-gen4|\n|player|p2|Snowball_seer|allister-masters|\n|gen|9\n|tier|[Gen 9 Champions] VGC 2026 Reg M-B\n|rated|Tournament battle\n|rule|Species Clause: Limit one of each Pokémon\n|rule|Item Clause: Limit 1 of each item\n|raw|<div class=\"infobox\"><details class=\"readmore\" open><summary><strong>2 custom rules:</strong></summary> Force Open Team Sheets, Best of = 3</details></div>\n|clearpoke\n|poke|p1|Politoed, L50, M|\n|poke|p1|Gengar, L50, M|\n|poke|p1|Incineroar, L50, M|\n|poke|p1|Sinistcha, L50|\n|poke|p1|Whimsicott, L50, F|\n|poke|p1|Staraptor, L50, F|\n|poke|p2|Mawile, L50, M, shiny|\n|poke|p2|Farigiraf, L50, F|\n|poke|p2|Incineroar, L50, M|\n|poke|p2|Basculegion, L50, M|\n|poke|p2|Ninetales-Alola, L50, F|\n|poke|p2|Raichu, L50, F|\n|teampreview|4\n|showteam|p1|Politoed||SitrusBerry|Drizzle|Protect,Encore,WeatherBall,PerishSong|Modest||M|||50|]Gengar||Gengarite|CursedBody|Protect,Disable,ShadowBall,SludgeBomb|Timid||M|||50|]Incineroar||PasshoBerry|Intimidate|Protect,FakeOut,ThroatChop,PartingShot|Sassy||M|||50|]Sinistcha||ColburBerry|Hospitality|Protect,RagePowder,MatchaGotcha,TrickRoom|Sassy|||||50|]Whimsicott||FocusSash|Prankster|Protect,Tailwind,Moonblast,Charm|Timid||F|||50|]Staraptor||Staraptite|Intimidate|Protect,Roost,CloseCombat,BraveBird|Jolly||F|||50|\n|showteam|p2|Mawile||Mawilite|HyperCutter|Protect,IronHead,PlayRough,SuckerPunch|Brave||M|||50|]Farigiraf||SitrusBerry|ArmorTail|Protect,TwinBeam,HelpingHand,TrickRoom|Relaxed||F|||50|]Incineroar||Charcoal|Intimidate|FakeOut,FlareBlitz,DarkestLariat,PartingShot|Adamant||M|||50|]Basculegion||ChoiceScarf|Adaptability|WaveCrash,LastRespects,AquaJet,FlipTurn|Jolly||M|||50|]Ninetales-Alola||NeverMeltIce|SnowWarning|Blizzard,FreezeDry,Encore,Protect|Timid||F|||50|]Raichu||RaichuniteY|LightningRod|Protect,ZapCannon,FocusBlast,FakeOut|Timid||F|||50|\n|inactive|Battle timer is ON: inactive players will automatically lose when time's up. (requested by IronSerpentFan)\n|c|☆IronSerpentFan|glhf\n|inactive|IronSerpentFan has 60 seconds left.\n|inactive|Snowball_seer has 60 seconds left.\n|j| endershovel\n|inactive|Snowball_seer has 30 seconds left.\n|inactive|Snowball_seer has 20 seconds left.\n|inactive|Snowball_seer has 15 seconds left.\n|\n|t:|1788273056\n|teamsize|p1|4\n|teamsize|p2|4\n|start\n|switch|p1a: Gengar|Gengar, L50, M|100/100\n|switch|p1b: Whimsicott|Whimsicott, L50, F|100/100\n|switch|p2a: Basculegion|Basculegion, L50, M|100/100\n|switch|p2b: Raichu|Raichu, L50, F|100/100\n|turn|1\n|j| NagiSeishiro24\n|inactive|IronSerpentFan has 30 seconds left.\n|inactive|IronSerpentFan has 20 seconds left.\n|inactive|IronSerpentFan has 15 seconds left.\n|inactive|IronSerpentFan has 10 seconds left.\n|inactive|IronSerpentFan has 5 seconds left.\n|\n|t:|1788273107\n|switch|p2a: Incineroar|Incineroar, L50, M|100/100\n|-ability|p2a: Incineroar|Intimidate|boost\n|-unboost|p1a: Gengar|atk|1\n|-unboost|p1b: Whimsicott|atk|1\n|switch|p1a: Politoed|Politoed, L50, M|100/100\n|-weather|RainDance|[from] ability: Drizzle|[of] p1a: Politoed\n|detailschange|p2b: Raichu|Raichu-Mega-Y, L50, F\n|-mega|p2b: Raichu|Raichu|Raichunite Y\n|move|p1b: Whimsicott|Tailwind|p1b: Whimsicott\n|-sidestart|p1: IronSerpentFan|move: Tailwind\n|move|p2b: Raichu|Zap Cannon|p1a: Politoed\n|-supereffective|p1a: Politoed|1\n|-damage|p1a: Politoed|0 fnt\n|faint|p1a: Politoed\n|\n|-weather|RainDance|[upkeep]\n|upkeep\n|\n|t:|1788273122\n|switch|p1a: Gengar|Gengar, L50, M|100/100\n|turn|2\n|inactive|Snowball_seer has 30 seconds left.\n|inactive|IronSerpentFan has 30 seconds left.\n|inactive|Snowball_seer has 20 seconds left.\n|l| NagiSeishiro24\n|inactive|Snowball_seer has 15 seconds left.\n|\n|t:|1788273163\n|detailschange|p1a: Gengar|Gengar-Mega, L50, M\n|-mega|p1a: Gengar|Gengar|Gengarite\n|move|p1b: Whimsicott|Protect|p1b: Whimsicott\n|-singleturn|p1b: Whimsicott|Protect\n|move|p1a: Gengar|Protect|p1a: Gengar\n|-singleturn|p1a: Gengar|Protect\n|move|p2b: Raichu|Zap Cannon|p1a: Gengar\n|-activate|p1a: Gengar|move: Protect\n|move|p2a: Incineroar|Darkest Lariat|p1a: Gengar\n|-activate|p1a: Gengar|move: Protect\n|\n|-weather|RainDance|[upkeep]\n|upkeep\n|turn|3\n|\n|t:|1788273178\n|switch|p1b: Incineroar|Incineroar, L50, M|100/100\n|-ability|p1b: Incineroar|Intimidate|boost\n|-unboost|p2a: Incineroar|atk|1\n|-unboost|p2b: Raichu|atk|1\n|move|p2b: Raichu|Protect|p2b: Raichu\n|-singleturn|p2b: Raichu|Protect\n|move|p1a: Gengar|Disable|p2b: Raichu\n|-activate|p2b: Raichu|move: Protect\n|move|p2a: Incineroar|Parting Shot|p1a: Gengar\n|-unboost|p1a: Gengar|atk|1\n|-unboost|p1a: Gengar|spa|1\n|\n|t:|1788273195\n|switch|p2a: Basculegion|Basculegion, L50, M|100/100|[from] Parting Shot\n|\n|-weather|RainDance|[upkeep]\n|upkeep\n|turn|4\n|\n|t:|1788273217\n|move|p1b: Incineroar|Fake Out|p2b: Raichu\n|-damage|p2b: Raichu|83/100\n|move|p2a: Basculegion|Aqua Jet|p1a: Gengar\n|-damage|p1a: Gengar|44/100\n|move|p1a: Gengar|Shadow Ball|p2a: Basculegion\n|-supereffective|p2a: Basculegion|1\n|-damage|p2a: Basculegion|20/100r\n|cant|p2b: Raichu|flinch\n|\n|-weather|RainDance|[upkeep]\n|-sideend|p1: IronSerpentFan|move: Tailwind\n|upkeep\n|turn|5\n|\n|t:|1788273237\n|switch|p1a: Whimsicott|Whimsicott, L50, F|100/100\n|move|p2a: Basculegion|Aqua Jet|p1b: Incineroar\n|-supereffective|p1b: Incineroar|1\n|-enditem|p1b: Incineroar|Passho Berry|[eat]\n|-enditem|p1b: Incineroar|Passho Berry|[weaken]\n|-damage|p1b: Incineroar|65/100\n|move|p2b: Raichu|Focus Blast|p1b: Incineroar\n|-supereffective|p1b: Incineroar|1\n|-damage|p1b: Incineroar|2/100\n|move|p1b: Incineroar|Parting Shot|p2b: Raichu\n|-unboost|p2b: Raichu|atk|1\n|-unboost|p2b: Raichu|spa|1\n|\n|t:|1788273246\n|switch|p1b: Gengar|Gengar-Mega, L50, M|44/100|[from] Parting Shot\n|\n|-weather|none\n|upkeep\n|turn|6\n|\n|t:|1788273267\n|switch|p2a: Incineroar|Incineroar, L50, M|100/100\n|-ability|p2a: Incineroar|Intimidate|boost\n|-unboost|p1a: Whimsicott|atk|1\n|-unboost|p1b: Gengar|atk|1\n|move|p1b: Gengar|Protect|p1b: Gengar\n|-singleturn|p1b: Gengar|Protect\n|move|p1a: Whimsicott|Tailwind|p1a: Whimsicott\n|-sidestart|p1: IronSerpentFan|move: Tailwind\n|move|p2b: Raichu|Zap Cannon|p1b: Gengar\n|-activate|p1b: Gengar|move: Protect\n|\n|upkeep\n|turn|7\n|\n|t:|1788273286\n|switch|p1b: Incineroar|Incineroar, L50, M|2/100\n|-ability|p1b: Incineroar|Intimidate|boost\n|-unboost|p2a: Incineroar|atk|1\n|-unboost|p2b: Raichu|atk|1\n|move|p1a: Whimsicott|Moonblast|p2a: Incineroar\n|-damage|p2a: Incineroar|64/100\n|move|p2b: Raichu|Zap Cannon|p1b: Incineroar\n|-damage|p1b: Incineroar|0 fnt\n|faint|p1b: Incineroar\n|move|p2a: Incineroar|Darkest Lariat|p1a: Whimsicott\n|-resisted|p1a: Whimsicott|1\n|-damage|p1a: Whimsicott|75/100\n|\n|upkeep\n|\n|t:|1788273294\n|switch|p1b: Gengar|Gengar-Mega, L50, M|44/100\n|turn|8\n|j| Horivgc\n|inactive|IronSerpentFan has 30 seconds left.\n|inactive|Snowball_seer has 30 seconds left.\n|inactive|IronSerpentFan has 20 seconds left.\n|inactive|IronSerpentFan has 15 seconds left.\n|\n|t:|1788273336\n|move|p1b: Gengar|Disable|p2a: Incineroar\n|-start|p2a: Incineroar|Disable|Darkest Lariat\n|move|p1a: Whimsicott|Moonblast|p2b: Raichu\n|-damage|p2b: Raichu|33/100\n|move|p2b: Raichu|Zap Cannon|p1b: Gengar\n|-damage|p1b: Gengar|0 fnt\n|faint|p1b: Gengar\n|move|p2a: Incineroar|Parting Shot|p1a: Whimsicott\n|-unboost|p1a: Whimsicott|atk|1\n|-unboost|p1a: Whimsicott|spa|1\n|\n|t:|1788273340\n|switch|p2a: Ninetales|Ninetales-Alola, L50, F|100/100|[from] Parting Shot\n|-weather|Snowscape|[from] ability: Snow Warning|[of] p2a: Ninetales\n|\n|-weather|Snowscape|[upkeep]\n|upkeep\n|turn|9\n|c|☆IronSerpentFan|ggwp\n|\n|t:|1788273348\n|move|p1a: Whimsicott|Moonblast|p2b: Raichu\n|-crit|p2b: Raichu\n|-damage|p2b: Raichu|0 fnt\n|faint|p2b: Raichu\n|move|p2a: Ninetales|Blizzard|p1a: Whimsicott\n|-supereffective|p1a: Whimsicott|1\n|-damage|p1a: Whimsicott|0 fnt\n|faint|p1a: Whimsicott\n|\n|win|Snowball_seer\n||Snowball_seer is ready for game 2.\n","uploadtime":1788273356,"views":"1","formatid":"gen9championsvgc2026regmb","rating":null,"private":0,"password":null}