{"id":"gen9championsvgc2026regmb-2673884276","format":"[Gen 9 Champions] VGC 2026 Reg M-B","players":["boblikespotatos","ShrimpGun"],"log":"|j|☆boblikespotatos\n|j|☆ShrimpGun\n|t:|1788272850\n|gametype|doubles\n|player|p1|boblikespotatos|gentleman-gen4|1048\n|player|p2|ShrimpGun|fisherman-gen4|1093\n|gen|9\n|tier|[Gen 9 Champions] VGC 2026 Reg M-B\n|rated|\n|rule|Species Clause: Limit one of each Pokémon\n|rule|Item Clause: Limit 1 of each item\n|clearpoke\n|poke|p1|Pelipper, L50, M|\n|poke|p1|Archaludon, L50, F|\n|poke|p1|Meganium, L50, F|\n|poke|p1|Basculegion, L50, M|\n|poke|p1|Kingambit, L50, M|\n|poke|p1|Garchomp, L50, F|\n|poke|p2|Staraptor, L50, M|\n|poke|p2|Farigiraf, L50, F, shiny|\n|poke|p2|Clawitzer, L50, M|\n|poke|p2|Arcanine-Hisui, L50, F|\n|poke|p2|Sylveon, L50, F|\n|poke|p2|Kingambit, L50, F|\n|teampreview|4\n|\n|t:|1788272872\n|teamsize|p1|4\n|teamsize|p2|4\n|start\n|switch|p1a: Pelipper|Pelipper, L50, M|100/100\n|switch|p1b: Archaludon|Archaludon, L50, F|100/100\n|switch|p2a: Staraptor|Staraptor, L50, M|100/100\n|switch|p2b: Old Yeller|Sylveon, L50, F|100/100\n|-ability|p2a: Staraptor|Intimidate|boost\n|-unboost|p1a: Pelipper|atk|1\n|-unboost|p1b: Archaludon|atk|1\n|-weather|RainDance|[from] ability: Drizzle|[of] p1a: Pelipper\n|turn|1\n|\n|t:|1788272888\n|detailschange|p2a: Staraptor|Staraptor-Mega, L50, M\n|-mega|p2a: Staraptor|Staraptor|Staraptite\n|move|p2a: Staraptor|Close Combat|p1b: Archaludon\n|-supereffective|p1b: Archaludon|1\n|-damage|p1b: Archaludon|5/100\n|-boost|p2a: Staraptor|def|1\n|-boost|p2a: Staraptor|spd|1\n|move|p1b: Archaludon|Electro Shot||[still]\n|-prepare|p1b: Archaludon|Electro Shot\n|-boost|p1b: Archaludon|spa|1\n|-anim|p1b: Archaludon|Electro Shot|p2a: Staraptor\n|-supereffective|p2a: Staraptor|1\n|-damage|p2a: Staraptor|0 fnt\n|faint|p2a: Staraptor\n|move|p1a: Pelipper|Tailwind|p1a: Pelipper\n|-sidestart|p1: boblikespotatos|move: Tailwind\n|move|p2b: Old Yeller|Hyper Voice|p1b: Archaludon|[spread] p1a,p1b\n|-crit|p1b: Archaludon\n|-damage|p1a: Pelipper|19/100\n|-damage|p1b: Archaludon|0 fnt\n|faint|p1b: Archaludon\n|\n|-weather|RainDance|[upkeep]\n|upkeep\n|\n|t:|1788272900\n|switch|p2a: Farigiraf|Farigiraf, L50, F, shiny|100/100\n|switch|p1b: Basculegion|Basculegion, L50, M|100/100\n|turn|2\n|\n|t:|1788272920\n|move|p1b: Basculegion|Liquidation|p2b: Old Yeller\n|-damage|p2b: Old Yeller|21/100\n|-unboost|p2b: Old Yeller|def|1\n|move|p1a: Pelipper|Hurricane|p2a: Farigiraf\n|-damage|p2a: Farigiraf|58/100\n|move|p2b: Old Yeller|Hyper Beam|p1b: Basculegion\n|-crit|p1b: Basculegion\n|-damage|p1b: Basculegion|0 fnt\n|-mustrecharge|p2b: Old Yeller\n|faint|p1b: Basculegion\n|move|p2a: Farigiraf|Trick Room|p2a: Farigiraf\n|-fieldstart|move: Trick Room|[of] p2a: Farigiraf\n|\n|-weather|RainDance|[upkeep]\n|upkeep\n|\n|t:|1788272923\n|switch|p1b: Meganium|Meganium, L50, F|100/100\n|turn|3\n|\n|t:|1788272932\n|detailschange|p1b: Meganium|Meganium-Mega, L50, F\n|-mega|p1b: Meganium|Meganium|Meganiumite\n|move|p2a: Farigiraf|Thunderbolt|p1a: Pelipper\n|-supereffective|p1a: Pelipper|2\n|-damage|p1a: Pelipper|0 fnt\n|faint|p1a: Pelipper\n|cant|p2b: Old Yeller|recharge\n|move|p1b: Meganium|Dazzling Gleam|p2b: Old Yeller|[spread] p2a,p2b\n|-damage|p2a: Farigiraf|25/100\n|-damage|p2b: Old Yeller|0 fnt\n|-enditem|p2a: Farigiraf|Sitrus Berry|[eat]\n|-heal|p2a: Farigiraf|50/100g|[from] item: Sitrus Berry\n|faint|p2b: Old Yeller\n|\n|-weather|RainDance|[upkeep]\n|upkeep\n|\n|t:|1788272936\n|switch|p2b: Clawitzer|Clawitzer, L50, M|100/100\n|turn|4\n|\n|t:|1788272946\n|move|p2a: Farigiraf|Hyper Voice|p1b: Meganium\n|-damage|p1b: Meganium|59/100\n|move|p2b: Clawitzer|Water Pulse|p1b: Meganium\n|-resisted|p1b: Meganium|1\n|-damage|p1b: Meganium|12/100\n|-damage|p2b: Clawitzer|90/100|[from] item: Life Orb\n|move|p1b: Meganium|Giga Drain|p2b: Clawitzer\n|-supereffective|p2b: Clawitzer|1\n|-damage|p2b: Clawitzer|0 fnt\n|-heal|p1b: Meganium|55/100|[from] drain|[of] p2b: Clawitzer\n|faint|p2b: Clawitzer\n|\n|-weather|RainDance|[upkeep]\n|-sideend|p1: boblikespotatos|move: Tailwind\n|upkeep\n|turn|5\n|\n|t:|1788272959\n|move|p2a: Farigiraf|Hyper Voice|p1b: Meganium\n|-damage|p1b: Meganium|16/100\n|move|p1b: Meganium|Solar Beam||[still]\n|-prepare|p1b: Meganium|Solar Beam\n|-activate|p1b: Meganium|ability: Mega Sol\n|-anim|p1b: Meganium|Solar Beam|p2a: Farigiraf\n|-damage|p2a: Farigiraf|0 fnt\n|faint|p2a: Farigiraf\n|\n|win|boblikespotatos\n|raw|boblikespotatos's rating: 1048 &rarr; <strong>1085</strong><br />(+37 for winning)\n|raw|ShrimpGun's rating: 1093 &rarr; <strong>1066</strong><br />(-27 for losing)\n","uploadtime":1788272962,"views":"6","formatid":"gen9championsvgc2026regmb","rating":1066,"private":0,"password":null}