{"id":"gen9championsvgc2026regmb-2673899329","format":"[Gen 9 Champions] VGC 2026 Reg M-B","players":["casualitogaming","boblikespotatos"],"log":"|j|☆casualitogaming\n|j|☆boblikespotatos\n|t:|1788274702\n|gametype|doubles\n|player|p1|casualitogaming|janitor|1149\n|player|p2|boblikespotatos|gentleman-gen4|1230\n|gen|9\n|tier|[Gen 9 Champions] VGC 2026 Reg M-B\n|rated|\n|rule|Species Clause: Limit one of each Pokémon\n|rule|Item Clause: Limit 1 of each item\n|clearpoke\n|poke|p1|Froslass, L50, F|\n|poke|p1|Dragapult, L50, F|\n|poke|p1|Dragonite, L50, F|\n|poke|p1|Bellibolt, L50, M|\n|poke|p1|Sinistcha, L50|\n|poke|p1|Araquanid, L50, F|\n|poke|p2|Pelipper, L50, M|\n|poke|p2|Archaludon, L50, F|\n|poke|p2|Meganium, L50, F|\n|poke|p2|Basculegion, L50, M|\n|poke|p2|Kingambit, L50, M|\n|poke|p2|Garchomp, L50, F|\n|teampreview|4\n|\n|t:|1788274728\n|teamsize|p1|4\n|teamsize|p2|4\n|start\n|switch|p1a: Dragapult|Dragapult, L50, F|100/100\n|switch|p1b: Sinistcha|Sinistcha, L50|100/100\n|switch|p2a: Meganium|Meganium, L50, F|100/100\n|switch|p2b: Basculegion|Basculegion, L50, M|100/100\n|turn|1\n|\n|t:|1788274751\n|detailschange|p2a: Meganium|Meganium-Mega, L50, F\n|-mega|p2a: Meganium|Meganium|Meganiumite\n|move|p1a: Dragapult|Light Screen|p1a: Dragapult\n|-sidestart|p1: casualitogaming|move: Light Screen\n|move|p2b: Basculegion|Flip Turn|p1b: Sinistcha\n|-resisted|p1b: Sinistcha|1\n|-damage|p1b: Sinistcha|86/100\n|\n|t:|1788274758\n|switch|p2b: Pelipper|Pelipper, L50, M|100/100|[from] Flip Turn\n|-weather|RainDance|[from] ability: Drizzle|[of] p2b: Pelipper\n|move|p2a: Meganium|Dazzling Gleam|p1b: Sinistcha|[spread] p1a,p1b\n|-supereffective|p1a: Dragapult|1\n|-damage|p1a: Dragapult|41/100\n|-damage|p1b: Sinistcha|55/100\n|move|p1b: Sinistcha|Trick Room|p1b: Sinistcha\n|-fieldstart|move: Trick Room|[of] p1b: Sinistcha\n|\n|-weather|RainDance|[upkeep]\n|upkeep\n|turn|2\n|\n|t:|1788274787\n|switch|p1a: Bellibolt|Bellibolt, L50, M|100/100\n|move|p1b: Sinistcha|Protect|p1b: Sinistcha\n|-singleturn|p1b: Sinistcha|Protect\n|move|p2b: Pelipper|Hurricane|p1b: Sinistcha\n|-activate|p1b: Sinistcha|move: Protect\n|move|p2a: Meganium|Dazzling Gleam|p1b: Sinistcha|[spread] p1a\n|-activate|p1b: Sinistcha|move: Protect\n|-damage|p1a: Bellibolt|77/100\n|-start|p1a: Bellibolt|Charge|Dazzling Gleam|[from] ability: Electromorphosis\n|\n|-weather|RainDance|[upkeep]\n|upkeep\n|turn|3\n|\n|t:|1788274823\n|switch|p1b: Dragapult|Dragapult, L50, F|41/100\n|move|p1a: Bellibolt|Soak|p2a: Meganium\n|-start|p2a: Meganium|typechange|Water\n|move|p2b: Pelipper|Hydro Pump|p1a: Bellibolt\n|-damage|p1a: Bellibolt|31/100\n|-start|p1a: Bellibolt|Charge|Hydro Pump|[from] ability: Electromorphosis\n|-enditem|p1a: Bellibolt|Sitrus Berry|[eat]\n|-heal|p1a: Bellibolt|56/100|[from] item: Sitrus Berry\n|move|p2a: Meganium|Weather Ball|p1b: Dragapult\n|-resisted|p1b: Dragapult|1\n|-damage|p1b: Dragapult|15/100\n|\n|-weather|RainDance|[upkeep]\n|upkeep\n|turn|4\n|\n|t:|1788274852\n|switch|p1b: Sinistcha|Sinistcha, L50|55/100\n|-heal|p1a: Bellibolt|81/100|[from] ability: Hospitality|[of] p1b: Sinistcha\n|move|p1a: Bellibolt|Discharge|p2a: Meganium|[spread] p1b,p2a,p2b\n|-resisted|p1b: Sinistcha|1\n|-supereffective|p2a: Meganium|1\n|-supereffective|p2b: Pelipper|2\n|-damage|p1b: Sinistcha|37/100\n|-damage|p2a: Meganium|4/100\n|-enditem|p2b: Pelipper|Focus Sash\n|-damage|p2b: Pelipper|1/100\n|-status|p2b: Pelipper|par\n|-end|p1a: Bellibolt|Charge|[silent]\n|move|p2b: Pelipper|Hydro Pump|p1a: Bellibolt|[miss]\n|-miss|p2b: Pelipper|p1a: Bellibolt\n|move|p2a: Meganium|Dazzling Gleam|p1a: Bellibolt|[spread] p1a,p1b\n|-damage|p1a: Bellibolt|63/100\n|-damage|p1b: Sinistcha|16/100\n|-start|p1a: Bellibolt|Charge|Dazzling Gleam|[from] ability: Electromorphosis\n|\n|-weather|RainDance|[upkeep]\n|upkeep\n|turn|5\n|\n|t:|1788274884\n|switch|p2b: Archaludon|Archaludon, L50, F|100/100\n|move|p1a: Bellibolt|Thunderbolt|p2a: Meganium\n|-supereffective|p2a: Meganium|1\n|-damage|p2a: Meganium|0 fnt\n|faint|p2a: Meganium\n|-end|p1a: Bellibolt|Charge|[silent]\n|move|p1b: Sinistcha|Life Dew|p1b: Sinistcha|[spread] p1a,p1b\n|-heal|p1a: Bellibolt|88/100\n|-heal|p1b: Sinistcha|41/100\n|\n|-weather|none\n|-fieldend|move: Trick Room\n|upkeep\n|\n|t:|1788274890\n|switch|p2a: Pelipper|Pelipper, L50, M|1/100 par\n|-weather|RainDance|[from] ability: Drizzle|[of] p2a: Pelipper\n|turn|6\n|\n|t:|1788274916\n|switch|p1b: Dragapult|Dragapult, L50, F|15/100\n|move|p2b: Archaludon|Electro Shot||[still]\n|-prepare|p2b: Archaludon|Electro Shot\n|-boost|p2b: Archaludon|spa|1\n|-anim|p2b: Archaludon|Electro Shot|p1b: Dragapult\n|-resisted|p1b: Dragapult|1\n|-damage|p1b: Dragapult|0 fnt\n|faint|p1b: Dragapult\n|move|p1a: Bellibolt|Soak|p2b: Archaludon\n|-start|p2b: Archaludon|typechange|Water\n|move|p2a: Pelipper|Hurricane|p1a: Bellibolt\n|-resisted|p1a: Bellibolt|1\n|-damage|p1a: Bellibolt|74/100\n|-start|p1a: Bellibolt|Charge|Hurricane|[from] ability: Electromorphosis\n|\n|-weather|RainDance|[upkeep]\n|upkeep\n|\n|t:|1788274937\n|switch|p1b: Froslass|Froslass, L50, F|100/100\n|turn|7\n|\n|t:|1788274965\n|switch|p2a: Basculegion|Basculegion, L50, M|100/100\n|detailschange|p1b: Froslass|Froslass-Mega, L50, F\n|-mega|p1b: Froslass|Froslass|Froslassite\n|-weather|Snowscape|[from] ability: Snow Warning|[of] p1b: Froslass\n|move|p1b: Froslass|Aurora Veil|p1b: Froslass\n|-sidestart|p1: casualitogaming|move: Aurora Veil\n|move|p2b: Archaludon|Flash Cannon|p1b: Froslass\n|-supereffective|p1b: Froslass|1\n|-damage|p1b: Froslass|41/100\n|move|p1a: Bellibolt|Thunderbolt|p2b: Archaludon\n|-supereffective|p2b: Archaludon|1\n|-ability|p2b: Archaludon|Sturdy\n|-damage|p2b: Archaludon|1/100\n|-end|p1a: Bellibolt|Charge|[silent]\n|\n|-weather|Snowscape|[upkeep]\n|upkeep\n|turn|8\n|\n|t:|1788274996\n|move|p2a: Basculegion|Last Respects|p1a: Bellibolt\n|-damage|p1a: Bellibolt|52/100\n|-start|p1a: Bellibolt|Charge|Last Respects|[from] ability: Electromorphosis\n|move|p1b: Froslass|Shadow Ball|p2a: Basculegion\n|-supereffective|p2a: Basculegion|1\n|-damage|p2a: Basculegion|0 fnt\n|faint|p2a: Basculegion\n|move|p2b: Archaludon|Flash Cannon|p1b: Froslass\n|-supereffective|p1b: Froslass|1\n|-damage|p1b: Froslass|0 fnt\n|faint|p1b: Froslass\n|move|p1a: Bellibolt|Discharge|p2b: Archaludon\n|-supereffective|p2b: Archaludon|1\n|-damage|p2b: Archaludon|0 fnt\n|faint|p2b: Archaludon\n|-end|p1a: Bellibolt|Charge|[silent]\n|\n|-weather|Snowscape|[upkeep]\n|-sideend|p1: casualitogaming|move: Light Screen\n|upkeep\n|\n|t:|1788275024\n|switch|p2a: Pelipper|Pelipper, L50, M|1/100 par\n|switch|p1b: Sinistcha|Sinistcha, L50|41/100\n|-weather|RainDance|[from] ability: Drizzle|[of] p2a: Pelipper\n|-heal|p1a: Bellibolt|77/100|[from] ability: Hospitality|[of] p1b: Sinistcha\n|turn|9\n|\n|t:|1788275035\n|move|p1b: Sinistcha|Life Dew|p1b: Sinistcha|[spread] p1a,p1b\n|-heal|p1a: Bellibolt|100/100\n|-heal|p1b: Sinistcha|66/100\n|move|p1a: Bellibolt|Thunderbolt|p2a: Pelipper\n|-supereffective|p2a: Pelipper|2\n|-damage|p2a: Pelipper|0 fnt\n|faint|p2a: Pelipper\n|\n|win|casualitogaming\n|raw|casualitogaming's rating: 1149 &rarr; <strong>1180</strong><br />(+31 for winning)\n|raw|boblikespotatos's rating: 1230 &rarr; <strong>1199</strong><br />(-31 for losing)\n|l|☆boblikespotatos\n|player|p2|\n|c|☆casualitogaming|Gg\n","uploadtime":1788275048,"views":"1","formatid":"gen9championsvgc2026regmb","rating":1180,"private":0,"password":null}