{"id":"gen9championsvgc2026regmb-2674361744","format":"[Gen 9 Champions] VGC 2026 Reg M-B","players":["6leen","Pawah"],"log":"|j|☆6leen\n|j|☆Pawah\n|t:|1788348915\n|gametype|doubles\n|player|p1|6leen|gentleman-gen4|1061\n|player|p2|Pawah|ethan|1145\n|gen|9\n|tier|[Gen 9 Champions] VGC 2026 Reg M-B\n|rated|\n|rule|Species Clause: Limit one of each Pokémon\n|rule|Item Clause: Limit 1 of each item\n|clearpoke\n|poke|p1|Glimmora, L50, M|\n|poke|p1|Toxapex, L50, M, shiny|\n|poke|p1|Rotom-Wash, L50|\n|poke|p1|Aerodactyl, L50, F, shiny|\n|poke|p1|Sinistcha-Masterpiece, L50|\n|poke|p1|Venusaur, L50, F|\n|poke|p2|Froslass, L50, F|\n|poke|p2|Scovillain, L50, M, shiny|\n|poke|p2|Basculegion, L50, M|\n|poke|p2|Kingambit, L50, F|\n|poke|p2|Sneasler, L50, F|\n|poke|p2|Lycanroc-Dusk, L50, F|\n|teampreview|4\n|inactive|Battle timer is ON: inactive players will automatically lose when time's up. (requested by Pawah)\n|\n|t:|1788348929\n|teamsize|p1|4\n|teamsize|p2|4\n|start\n|switch|p1a: Glimmora|Glimmora, L50, M|100/100\n|switch|p1b: Rotom|Rotom-Wash, L50|100/100\n|switch|p2a: Froslass|Froslass, L50, F|100/100\n|switch|p2b: Lycanroc|Lycanroc-Dusk, L50, F|100/100\n|turn|1\n|\n|t:|1788348949\n|detailschange|p2a: Froslass|Froslass-Mega, L50, F\n|-mega|p2a: Froslass|Froslass|Froslassite\n|-weather|Snowscape|[from] ability: Snow Warning|[of] p2a: Froslass\n|move|p1b: Rotom|Trick|p2b: Lycanroc\n|-activate|p1b: Rotom|move: Trick|[of] p2b: Lycanroc\n|-item|p2b: Lycanroc|Choice Scarf|[from] move: Trick\n|-item|p1b: Rotom|Focus Sash|[from] move: Trick\n|move|p2b: Lycanroc|Close Combat|p1a: Glimmora\n|-damage|p1a: Glimmora|27/100\n|-unboost|p2b: Lycanroc|def|1\n|-unboost|p2b: Lycanroc|spd|1\n|-activate|p1a: Glimmora|ability: Toxic Debris\n|-sidestart|p2: Pawah|move: Toxic Spikes\n|move|p2a: Froslass|Aurora Veil|p2a: Froslass\n|-sidestart|p2: Pawah|move: Aurora Veil\n|move|p1a: Glimmora|Mortal Spin|p2b: Lycanroc|[spread] p2a,p2b\n|-resisted|p2a: Froslass|1\n|-resisted|p2b: Lycanroc|1\n|-damage|p2a: Froslass|98/100\n|-damage|p2b: Lycanroc|95/100\n|-status|p2a: Froslass|psn\n|-status|p2b: Lycanroc|psn\n|\n|-weather|Snowscape|[upkeep]\n|-damage|p2b: Lycanroc|83/100 psn|[from] psn\n|-damage|p2a: Froslass|85/100 psn|[from] psn\n|upkeep\n|turn|2\n|inactive|6leen has 30 seconds left.\n|\n|t:|1788348976\n|move|p1a: Glimmora|Spiky Shield|p1a: Glimmora\n|-singleturn|p1a: Glimmora|move: Protect\n|move|p2b: Lycanroc|Close Combat|p1b: Rotom\n|-damage|p1b: Rotom|23/100\n|-unboost|p2b: Lycanroc|def|1\n|-unboost|p2b: Lycanroc|spd|1\n|move|p2a: Froslass|Shadow Ball|p1a: Glimmora\n|-activate|p1a: Glimmora|move: Protect\n|move|p1b: Rotom|Hydro Pump|p2b: Lycanroc|[miss]\n|-miss|p1b: Rotom|p2b: Lycanroc\n|\n|-weather|Snowscape|[upkeep]\n|-damage|p2b: Lycanroc|71/100 psn|[from] psn\n|-damage|p2a: Froslass|73/100 psn|[from] psn\n|upkeep\n|turn|3\n|inactive|6leen has 30 seconds left.\n|\n|t:|1788349001\n|switch|p1b: Toxapex|Toxapex, L50, M, shiny|100/100\n|move|p2b: Lycanroc|Close Combat|p1b: Toxapex|[miss]\n|-miss|p2b: Lycanroc|p1b: Toxapex\n|move|p2a: Froslass|Shadow Ball|p1a: Glimmora\n|-damage|p1a: Glimmora|0 fnt\n|faint|p1a: Glimmora\n|\n|-weather|Snowscape|[upkeep]\n|-damage|p2b: Lycanroc|59/100 psn|[from] psn\n|-damage|p2a: Froslass|60/100 psn|[from] psn\n|upkeep\n|\n|t:|1788349014\n|switch|p1a: Rotom|Rotom-Wash, L50|23/100\n|turn|4\n|\n|t:|1788349024\n|move|p2b: Lycanroc|Close Combat|p1a: Rotom\n|-damage|p1a: Rotom|0 fnt\n|-unboost|p2b: Lycanroc|def|1\n|-unboost|p2b: Lycanroc|spd|1\n|faint|p1a: Rotom\n|move|p2a: Froslass|Shadow Ball|p1b: Toxapex\n|-damage|p1b: Toxapex|64/100\n|move|p1b: Toxapex|Infestation|p2a: Froslass\n|-resisted|p2a: Froslass|1\n|-crit|p2a: Froslass\n|-damage|p2a: Froslass|58/100 psn\n|-activate|p2a: Froslass|move: Infestation|[of] p1b: Toxapex\n|\n|-weather|Snowscape|[upkeep]\n|-damage|p2b: Lycanroc|47/100 psn|[from] psn\n|-damage|p2a: Froslass|46/100 psn|[from] psn\n|-damage|p2a: Froslass|33/100 psn|[from] move: Infestation|[partiallytrapped]\n|upkeep\n|\n|t:|1788349040\n|switch|p1a: Venusaur|Venusaur, L50, F|100/100\n|turn|5\n|\n|t:|1788349048\n|switch|p2b: Sneasler|Sneasler, L50, F|100/100\n|-sideend|p2: Pawah|move: Toxic Spikes|[of] p2b: Sneasler\n|detailschange|p1a: Venusaur|Venusaur-Mega, L50, F\n|-mega|p1a: Venusaur|Venusaur|Venusaurite\n|move|p1b: Toxapex|Baneful Bunker|p1b: Toxapex\n|-singleturn|p1b: Toxapex|move: Protect\n|move|p2a: Froslass|Blizzard|p1b: Toxapex|[spread] p1a\n|-activate|p1b: Toxapex|move: Protect\n|-supereffective|p1a: Venusaur|1\n|-damage|p1a: Venusaur|63/100\n|move|p1a: Venusaur|Giga Drain|p2b: Sneasler\n|-resisted|p2b: Sneasler|1\n|-damage|p2b: Sneasler|86/100\n|-heal|p1a: Venusaur|70/100|[from] drain|[of] p2b: Sneasler\n|\n|-weather|none\n|-damage|p2a: Froslass|21/100 psn|[from] psn\n|-damage|p2a: Froslass|8/100 psn|[from] move: Infestation|[partiallytrapped]\n|-sideend|p2: Pawah|move: Aurora Veil\n|upkeep\n|turn|6\n|inactive|6leen has 30 seconds left.\n|\n|t:|1788349076\n|move|p1a: Venusaur|Protect|p1a: Venusaur\n|-singleturn|p1a: Venusaur|Protect\n|move|p2a: Froslass|Shadow Ball|p1b: Toxapex\n|-damage|p1b: Toxapex|28/100\n|move|p2b: Sneasler|Gunk Shot|p1a: Venusaur\n|-activate|p1a: Venusaur|move: Protect\n|move|p1b: Toxapex|Infestation|p2b: Sneasler\n|-resisted|p2b: Sneasler|2\n|-damage|p2b: Sneasler|85/100\n|-activate|p2b: Sneasler|move: Infestation|[of] p1b: Toxapex\n|\n|-damage|p2a: Froslass|0 fnt|[from] psn\n|faint|p2a: Froslass\n|-damage|p2b: Sneasler|73/100|[from] move: Infestation|[partiallytrapped]\n|upkeep\n|\n|t:|1788349086\n|switch|p2a: Kingambit|Kingambit, L50, F|100/100\n|turn|7\n|\n|t:|1788349097\n|move|p2b: Sneasler|Gunk Shot|p1a: Venusaur\n|-damage|p1a: Venusaur|34/100\n|move|p1a: Venusaur|Leech Seed|p2a: Kingambit\n|-start|p2a: Kingambit|move: Leech Seed\n|move|p2a: Kingambit|Swords Dance|p2a: Kingambit\n|-boost|p2a: Kingambit|atk|2\n|move|p1b: Toxapex|Infestation|p2a: Kingambit\n|-damage|p2a: Kingambit|96/100\n|-activate|p2a: Kingambit|move: Infestation|[of] p1b: Toxapex\n|\n|-damage|p2a: Kingambit|84/100|[from] Leech Seed|[of] p1a: Venusaur\n|-heal|p1a: Venusaur|48/100|[silent]\n|-damage|p2b: Sneasler|61/100|[from] move: Infestation|[partiallytrapped]\n|-damage|p2a: Kingambit|72/100|[from] move: Infestation|[partiallytrapped]\n|upkeep\n|turn|8\n|\n|t:|1788349121\n|move|p1a: Venusaur|Protect|p1a: Venusaur\n|-singleturn|p1a: Venusaur|Protect\n|move|p2b: Sneasler|Close Combat|p1a: Venusaur\n|-activate|p1a: Venusaur|move: Protect\n|move|p2a: Kingambit|Kowtow Cleave|p1a: Venusaur\n|-activate|p1a: Venusaur|move: Protect\n|move|p1b: Toxapex|Infestation|p2b: Sneasler\n|-resisted|p2b: Sneasler|2\n|-damage|p2b: Sneasler|60/100\n|\n|-damage|p2a: Kingambit|60/100|[from] Leech Seed|[of] p1a: Venusaur\n|-heal|p1a: Venusaur|61/100|[silent]\n|-damage|p2b: Sneasler|47/100|[from] move: Infestation|[partiallytrapped]\n|-damage|p2a: Kingambit|48/100|[from] move: Infestation|[partiallytrapped]\n|upkeep\n|turn|9\n|\n|t:|1788349142\n|move|p2b: Sneasler|Gunk Shot|p1a: Venusaur\n|-damage|p1a: Venusaur|26/100\n|move|p1a: Venusaur|Leech Seed|p2b: Sneasler|[miss]\n|-miss|p1a: Venusaur|p2b: Sneasler\n|move|p2a: Kingambit|Kowtow Cleave|p1a: Venusaur\n|-damage|p1a: Venusaur|0 fnt\n|faint|p1a: Venusaur\n|move|p1b: Toxapex|Infestation|p2a: Kingambit\n|-damage|p2a: Kingambit|44/100\n|\n|-damage|p2b: Sneasler|35/100|[from] move: Infestation|[partiallytrapped]\n|-damage|p2a: Kingambit|32/100|[from] move: Infestation|[partiallytrapped]\n|upkeep\n|turn|10\n|\n|t:|1788349156\n|move|p1b: Toxapex|Baneful Bunker|p1b: Toxapex\n|-singleturn|p1b: Toxapex|move: Protect\n|move|p2b: Sneasler|Close Combat|p1b: Toxapex\n|-activate|p1b: Toxapex|move: Protect\n|move|p2a: Kingambit|Kowtow Cleave|p1b: Toxapex\n|-activate|p1b: Toxapex|move: Protect\n|\n|-damage|p2b: Sneasler|23/100|[from] move: Infestation|[partiallytrapped]\n|-damage|p2a: Kingambit|20/100y|[from] move: Infestation|[partiallytrapped]\n|upkeep\n|turn|11\n|\n|t:|1788349171\n|move|p2b: Sneasler|Close Combat|p1b: Toxapex\n|-resisted|p1b: Toxapex|1\n|-damage|p1b: Toxapex|12/100\n|-unboost|p2b: Sneasler|def|1\n|-unboost|p2b: Sneasler|spd|1\n|-enditem|p2b: Sneasler|White Herb\n|-clearnegativeboost|p2b: Sneasler|[silent]\n|move|p2a: Kingambit|Kowtow Cleave|p1b: Toxapex\n|-damage|p1b: Toxapex|0 fnt\n|faint|p1b: Toxapex\n|\n|win|Pawah\n|raw|6leen's rating: 1061 &rarr; <strong>1046</strong><br />(-15 for losing)\n|raw|Pawah's rating: 1145 &rarr; <strong>1164</strong><br />(+19 for winning)\n","uploadtime":1788349171,"views":"4","formatid":"gen9championsvgc2026regmb","rating":1046,"private":0,"password":null}