{"id":"gen9championsvgc2026regmb-2674348638","format":"[Gen 9 Champions] VGC 2026 Reg M-B","players":["Crxpticexe","happyfalco1"],"log":"|j|☆Crxpticexe\n|j|☆happyfalco1\n|t:|1788346420\n|gametype|doubles\n|player|p1|Crxpticexe|169|1449\n|player|p2|happyfalco1|265|1543\n|gen|9\n|tier|[Gen 9 Champions] VGC 2026 Reg M-B\n|rated|\n|rule|Species Clause: Limit one of each Pokémon\n|rule|Item Clause: Limit 1 of each item\n|clearpoke\n|poke|p1|Pyroar, L50, M, shiny|\n|poke|p1|Basculegion, L50, M, shiny|\n|poke|p1|Whimsicott, L50, F, shiny|\n|poke|p1|Zoroark-Hisui, L50, M, shiny|\n|poke|p1|Raichu, L50, F, shiny|\n|poke|p1|Kingambit, L50, F, shiny|\n|poke|p2|Archaludon, L50, M|\n|poke|p2|Whimsicott, L50, M|\n|poke|p2|Staraptor, L50, M|\n|poke|p2|Incineroar, L50, M|\n|poke|p2|Gengar, L50, F|\n|poke|p2|Pelipper, L50, M|\n|teampreview|4\n|c|☆happyfalco1|pyroar\n|c|☆happyfalco1|cool\n|\n|t:|1788346505\n|teamsize|p1|4\n|teamsize|p2|4\n|start\n|switch|p1a: Raichu|Raichu, L50, F, shiny|100/100\n|switch|p1b: Whimsicott|Whimsicott, L50, F, shiny|100/100\n|switch|p2a: Pelipper|Pelipper, L50, M|100/100\n|switch|p2b: Whimsicott|Whimsicott, L50, M|100/100\n|-weather|RainDance|[from] ability: Drizzle|[of] p2a: Pelipper\n|turn|1\n|\n|t:|1788346524\n|switch|p2a: Archaludon|Archaludon, L50, M|100/100\n|move|p1b: Whimsicott|Tailwind|p1b: Whimsicott\n|-sidestart|p1: Crxpticexe|move: Tailwind\n|move|p1a: Raichu|Hyper Voice|p2a: Archaludon|[spread] p2a,p2b\n|-resisted|p2a: Archaludon|1\n|-damage|p2a: Archaludon|78/100\n|-damage|p2b: Whimsicott|24/100\n|-ability|p2a: Archaludon|Stamina|boost\n|-boost|p2a: Archaludon|def|1\n|-damage|p1a: Raichu|90/100|[from] item: Life Orb\n|move|p2b: Whimsicott|Moonblast|p1a: Raichu\n|-damage|p1a: Raichu|19/100\n|replace|p1a: Zoroark|Zoroark-Hisui, L50, M, shiny\n|-end|p1a: Zoroark|Illusion\n|\n|-weather|RainDance|[upkeep]\n|-heal|p2a: Archaludon|84/100|[from] item: Leftovers\n|upkeep\n|turn|2\n|c|☆Crxpticexe|Just messing around with teams at this point\n|\n|t:|1788346575\n|move|p1b: Whimsicott|Encore|p2b: Whimsicott\n|-start|p2b: Whimsicott|Encore\n|move|p1a: Zoroark|Shadow Ball|p2b: Whimsicott\n|-damage|p2b: Whimsicott|0 fnt\n|faint|p2b: Whimsicott\n|-damage|p1a: Zoroark|9/100|[from] item: Life Orb\n|move|p2a: Archaludon|Electro Shot||[still]\n|-prepare|p2a: Archaludon|Electro Shot\n|-boost|p2a: Archaludon|spa|1\n|-anim|p2a: Archaludon|Electro Shot|p1a: Zoroark\n|-damage|p1a: Zoroark|0 fnt\n|faint|p1a: Zoroark\n|\n|-weather|RainDance|[upkeep]\n|-heal|p2a: Archaludon|90/100|[from] item: Leftovers\n|upkeep\n|c|☆happyfalco1|honestly, I'm scared\n|c|☆happyfalco1|looks like a good team\n|\n|t:|1788346593\n|switch|p2b: Pelipper|Pelipper, L50, M|100/100\n|switch|p1a: Raichu|Raichu, L50, F, shiny|100/100\n|turn|3\n|c|☆Crxpticexe|It’s end of regulation anyways , just for fun now\n|c|☆happyfalco1|u got me\n|\n|t:|1788346643\n|move|p1a: Raichu|Fake Out|p2b: Pelipper\n|-damage|p2b: Pelipper|90/100\n|move|p1b: Whimsicott|Encore|p2a: Archaludon\n|-start|p2a: Archaludon|Encore\n|move|p2a: Archaludon|Electro Shot||[still]\n|-activate|p1a: Raichu|ability: Lightning Rod\n|-prepare|p2a: Archaludon|Electro Shot\n|-boost|p2a: Archaludon|spa|1\n|-anim|p2a: Archaludon|Electro Shot|p1a: Raichu\n|-ability|p1a: Raichu|Lightning Rod|boost\n|-boost|p1a: Raichu|spa|1\n|cant|p2b: Pelipper|flinch\n|\n|-weather|RainDance|[upkeep]\n|-heal|p2a: Archaludon|96/100|[from] item: Leftovers\n|upkeep\n|turn|4\n|\n|t:|1788346682\n|move|p1b: Whimsicott|Moonblast|p2a: Archaludon\n|-damage|p2a: Archaludon|59/100\n|-ability|p2a: Archaludon|Stamina|boost\n|-boost|p2a: Archaludon|def|1\n|move|p1a: Raichu|Zap Cannon|p2b: Pelipper\n|-supereffective|p2b: Pelipper|2\n|-damage|p2b: Pelipper|0 fnt\n|faint|p2b: Pelipper\n|move|p2a: Archaludon|Electro Shot||[still]\n|-prepare|p2a: Archaludon|Electro Shot\n|-boost|p2a: Archaludon|spa|1\n|-anim|p2a: Archaludon|Electro Shot|p1a: Raichu\n|-ability|p1a: Raichu|Lightning Rod|boost\n|-boost|p1a: Raichu|spa|1\n|\n|-weather|RainDance|[upkeep]\n|-heal|p2a: Archaludon|65/100|[from] item: Leftovers\n|-sideend|p1: Crxpticexe|move: Tailwind\n|upkeep\n|c|☆happyfalco1|was banking on the miss\n|c|☆Crxpticexe|It actually worked haha\n|\n|t:|1788346696\n|switch|p2b: Staraptor|Staraptor, L50, M|100/100\n|turn|5\n|c|☆Crxpticexe|I didn’t think the encore no mega would work\n|\n|t:|1788346761\n|detailschange|p1a: Raichu|Raichu-Mega-Y, L50, F, shiny\n|-mega|p1a: Raichu|Raichu|Raichunite Y\n|detailschange|p2b: Staraptor|Staraptor-Mega, L50, M\n|-mega|p2b: Staraptor|Staraptor|Staraptite\n|move|p2b: Staraptor|Protect|p2b: Staraptor\n|-singleturn|p2b: Staraptor|Protect\n|move|p1b: Whimsicott|Tailwind|p1b: Whimsicott\n|-sidestart|p1: Crxpticexe|move: Tailwind\n|move|p1a: Raichu|Focus Blast|p2a: Archaludon\n|-supereffective|p2a: Archaludon|1\n|-damage|p2a: Archaludon|0 fnt\n|faint|p2a: Archaludon\n|\n|-weather|none\n|upkeep\n|turn|6\n|c|☆happyfalco1|dip\n|c|☆happyfalco1|gg\n|c|☆Crxpticexe|gg wp\n|c|☆happyfalco1|u2\n|\n|t:|1788346789\n|move|p1b: Whimsicott|Encore|p2b: Staraptor\n|-start|p2b: Staraptor|Encore\n|move|p2b: Staraptor|Protect||[still]\n|-fail|p2b: Staraptor\n|move|p1a: Raichu|Zap Cannon|p2b: Staraptor\n|-supereffective|p2b: Staraptor|1\n|-damage|p2b: Staraptor|0 fnt\n|faint|p2b: Staraptor\n|\n|win|Crxpticexe\n|raw|Crxpticexe's rating: 1449 &rarr; <strong>1474</strong><br />(+25 for winning)\n|raw|happyfalco1's rating: 1543 &rarr; <strong>1518</strong><br />(-25 for losing)\n|l|☆happyfalco1\n|player|p2|\n","uploadtime":1788346800,"views":"12","formatid":"gen9championsvgc2026regmb","rating":1474,"private":0,"password":null}