{"id":"gen9championsvgc2026regmb-2674955682","format":"[Gen 9 Champions] VGC 2026 Reg M-B","players":["Ef0sa_","kaleb099"],"log":"|j|☆Ef0sa_\n|j|☆kaleb099\n|t:|1788441590\n|gametype|doubles\n|player|p1|Ef0sa_|hilbert|1143\n|player|p2|kaleb099|266|1076\n|gen|9\n|tier|[Gen 9 Champions] VGC 2026 Reg M-B\n|rated|\n|rule|Species Clause: Limit one of each Pokémon\n|rule|Item Clause: Limit 1 of each item\n|clearpoke\n|poke|p1|Gliscor, L50, M|\n|poke|p1|Decidueye-Hisui, L50, M|\n|poke|p1|Tinkaton, L50, F, shiny|\n|poke|p1|Chandelure, L50, M|\n|poke|p1|Aurorus, L50, F|\n|poke|p1|Toucannon, L50, M|\n|poke|p2|Weavile, L50, M|\n|poke|p2|Garchomp, L50, M|\n|poke|p2|Klefki, L50, M|\n|poke|p2|Camerupt, L50, M|\n|poke|p2|Mimikyu, L50, M|\n|poke|p2|Empoleon, L50, F|\n|teampreview|4\n|\n|t:|1788441651\n|teamsize|p1|4\n|teamsize|p2|4\n|start\n|switch|p1a: Gliscor|Gliscor, L50, M|100/100\n|switch|p1b: Tinkaton|Tinkaton, L50, F, shiny|100/100\n|switch|p2a: Garchomp|Garchomp, L50, M|100/100\n|switch|p2b: Klefki|Klefki, L50, M|100/100\n|-ability|p1b: Tinkaton|Mold Breaker\n|turn|1\n|\n|t:|1788441669\n|move|p1b: Tinkaton|Fake Out|p2b: Klefki\n|-resisted|p2b: Klefki|1\n|-damage|p2b: Klefki|95/100\n|cant|p2b: Klefki|flinch\n|move|p2a: Garchomp|Stomping Tantrum|p1b: Tinkaton\n|-supereffective|p1b: Tinkaton|1\n|-enditem|p1b: Tinkaton|Shuca Berry|[eat]\n|-enditem|p1b: Tinkaton|Shuca Berry|[weaken]\n|-damage|p1b: Tinkaton|56/100\n|move|p1a: Gliscor|High Horsepower|p2b: Klefki\n|-supereffective|p2b: Klefki|1\n|-damage|p2b: Klefki|10/100\n|\n|upkeep\n|turn|2\n|\n|t:|1788441689\n|move|p2b: Klefki|Reflect|p2b: Klefki\n|-sidestart|p2: kaleb099|Reflect\n|move|p2a: Garchomp|Stomping Tantrum|p1b: Tinkaton\n|-supereffective|p1b: Tinkaton|1\n|-damage|p1b: Tinkaton|0 fnt\n|faint|p1b: Tinkaton\n|move|p1a: Gliscor|High Horsepower|p2a: Garchomp\n|-damage|p2a: Garchomp|70/100\n|\n|upkeep\n|\n|t:|1788441694\n|switch|p1b: Chandelure|Chandelure, L50, M|100/100\n|turn|3\n|\n|t:|1788441713\n|move|p1b: Chandelure|Protect|p1b: Chandelure\n|-singleturn|p1b: Chandelure|Protect\n|move|p2b: Klefki|Light Screen|p2b: Klefki\n|-sidestart|p2: kaleb099|move: Light Screen\n|move|p2a: Garchomp|Stomping Tantrum|p1b: Chandelure\n|-activate|p1b: Chandelure|move: Protect\n|move|p1a: Gliscor|High Horsepower|p2b: Klefki\n|-supereffective|p2b: Klefki|1\n|-damage|p2b: Klefki|0 fnt\n|faint|p2b: Klefki\n|\n|upkeep\n|\n|t:|1788441727\n|switch|p2b: Mimikyu|Mimikyu, L50, M|100/100\n|turn|4\n|\n|t:|1788441739\n|detailschange|p1b: Chandelure|Chandelure-Mega, L50, M\n|-mega|p1b: Chandelure|Chandelure|Chandelurite\n|move|p2a: Garchomp|Stomping Tantrum|p1b: Chandelure\n|-supereffective|p1b: Chandelure|1\n|-damage|p1b: Chandelure|10/100\n|move|p1a: Gliscor|Dual Wingbeat|p2b: Mimikyu\n|-activate|p2b: Mimikyu|ability: Disguise\n|-damage|p2b: Mimikyu|100/100\n|detailschange|p2b: Mimikyu|Mimikyu-Busted, L50, M\n|-damage|p2b: Mimikyu|87/100|[from] pokemon: Mimikyu-Busted\n|-damage|p2b: Mimikyu|71/100\n|-hitcount|p2b: Mimikyu|2\n|move|p1b: Chandelure|Shadow Ball|p2a: Garchomp\n|-damage|p2a: Garchomp|16/100\n|move|p2b: Mimikyu|Swords Dance|p2b: Mimikyu\n|-boost|p2b: Mimikyu|atk|2\n|\n|upkeep\n|turn|5\n|\n|t:|1788441771\n|move|p2a: Garchomp|Stomping Tantrum|p1b: Chandelure\n|-supereffective|p1b: Chandelure|1\n|-damage|p1b: Chandelure|0 fnt\n|faint|p1b: Chandelure\n|move|p1a: Gliscor|Dual Wingbeat|p2a: Garchomp\n|-damage|p2a: Garchomp|4/100\n|-damage|p2a: Garchomp|0 fnt\n|faint|p2a: Garchomp\n|-hitcount|p2: Garchomp|2\n|move|p2b: Mimikyu|Play Rough|p1a: Gliscor\n|-damage|p1a: Gliscor|7/100\n|-enditem|p1a: Gliscor|Sitrus Berry|[eat]\n|-heal|p1a: Gliscor|32/100|[from] item: Sitrus Berry\n|-damage|p2b: Mimikyu|61/100|[from] item: Life Orb\n|\n|upkeep\n|\n|t:|1788441787\n|switch|p2a: Empoleon|Empoleon, L50, F|100/100\n|switch|p1b: Toucannon|Toucannon, L50, M|100/100\n|turn|6\n|\n|t:|1788441802\n|move|p2a: Empoleon|Protect|p2a: Empoleon\n|-singleturn|p2a: Empoleon|Protect\n|move|p1a: Gliscor|High Horsepower|p2a: Empoleon\n|-activate|p2a: Empoleon|move: Protect\n|move|p2b: Mimikyu|Play Rough|p1b: Toucannon\n|-damage|p1b: Toucannon|0 fnt\n|faint|p1b: Toucannon\n|-damage|p2b: Mimikyu|51/100|[from] item: Life Orb\n|\n|upkeep\n|turn|7\n|-message|Ef0sa_ forfeited.\n|\n|win|kaleb099\n|raw|Ef0sa_'s rating: 1143 &rarr; <strong>1115</strong><br />(-28 for losing)\n|raw|kaleb099's rating: 1108 &rarr; <strong>1136</strong><br />(+28 for winning)\n|l|☆Ef0sa_\n|player|p1|\n","uploadtime":1788441820,"views":"8","formatid":"gen9championsvgc2026regmb","rating":1115,"private":0,"password":null}