{"id":"gen9championsvgc2026regmb-2674546171","format":"[Gen 9 Champions] VGC 2026 Reg M-B","players":["MINOWASOP","izayatijifan129"],"log":"|j|☆MINOWASOP\n|j|☆izayatijifan129\n|t:|1788372409\n|gametype|doubles\n|player|p1|MINOWASOP|101|1127\n|player|p2|izayatijifan129|101|1105\n|gen|9\n|tier|[Gen 9 Champions] VGC 2026 Reg M-B\n|rated|\n|rule|Species Clause: Limit one of each Pokémon\n|rule|Item Clause: Limit 1 of each item\n|clearpoke\n|poke|p1|Gholdengo, L50, shiny|\n|poke|p1|Tyranitar, L50, F, shiny|\n|poke|p1|Whimsicott, L50, F, shiny|\n|poke|p1|Excadrill, L50, F, shiny|\n|poke|p1|Staraptor, L50, F, shiny|\n|poke|p1|Farigiraf, L50, F, shiny|\n|poke|p2|Volcarona, L50, F|\n|poke|p2|Sneasler, L50, M|\n|poke|p2|Floette-Eternal, L50, F|\n|poke|p2|Whimsicott, L50, M|\n|poke|p2|Gholdengo, L50|\n|poke|p2|Tyranitar, L50, F|\n|teampreview|4\n|inactive|Battle timer is ON: inactive players will automatically lose when time's up. (requested by MINOWASOP)\nMINOWASOP rejected open team sheets.\n|\n|t:|1788372426\n|teamsize|p1|4\n|teamsize|p2|4\n|start\n|switch|p1a: Tyranitar|Tyranitar, L50, F, shiny|100/100\n|switch|p1b: Excadrill|Excadrill, L50, F, shiny|100/100\n|switch|p2a: Whimsicott|Whimsicott, L50, M|100/100\n|switch|p2b: Floette|Floette-Eternal, L50, F|100/100\n|-weather|Sandstorm|[from] ability: Sand Stream|[of] p1a: Tyranitar\n|turn|1\n|\n|t:|1788372449\n|detailschange|p2b: Floette|Floette-Mega, L50, F\n|-mega|p2b: Floette|Floette|Floettite\n|-ability|p2b: Floette|Fairy Aura\n|move|p2b: Floette|Protect|p2b: Floette\n|-singleturn|p2b: Floette|Protect\n|move|p1a: Tyranitar|Protect|p1a: Tyranitar\n|-singleturn|p1a: Tyranitar|Protect\n|move|p2a: Whimsicott|Tailwind|p2a: Whimsicott\n|-sidestart|p2: izayatijifan129|move: Tailwind\n|move|p1b: Excadrill|Iron Head|p2b: Floette\n|-activate|p2b: Floette|move: Protect\n|\n|-weather|Sandstorm|[upkeep]\n|-damage|p2a: Whimsicott|94/100|[from] Sandstorm\n|-damage|p2b: Floette|93/100|[from] Sandstorm\n|upkeep\n|turn|2\n|\n|t:|1788372465\n|switch|p1a: Whimsicott|Whimsicott, L50, F, shiny|100/100\n|move|p1b: Excadrill|Protect|p1b: Excadrill\n|-singleturn|p1b: Excadrill|Protect\n|move|p2a: Whimsicott|Fake Tears|p1b: Excadrill\n|-activate|p1b: Excadrill|move: Protect\n|move|p2b: Floette|Dazzling Gleam|p1a: Whimsicott|[spread] p1a\n|-activate|p1b: Excadrill|move: Protect\n|-damage|p1a: Whimsicott|18/100\n|\n|-weather|Sandstorm|[upkeep]\n|-damage|p2a: Whimsicott|88/100|[from] Sandstorm\n|-damage|p2b: Floette|87/100|[from] Sandstorm\n|-damage|p1a: Whimsicott|12/100|[from] Sandstorm\n|upkeep\n|turn|3\n|\n|t:|1788372487\n|move|p2a: Whimsicott|Encore|p1b: Excadrill\n|-start|p1b: Excadrill|Encore\n|move|p1b: Excadrill|Protect||[still]\n|-fail|p1b: Excadrill\n|move|p1a: Whimsicott|Tailwind|p1a: Whimsicott\n|-sidestart|p1: MINOWASOP|move: Tailwind\n|move|p2b: Floette|Dazzling Gleam|p1b: Excadrill|[spread] p1a,p1b\n|-resisted|p1b: Excadrill|1\n|-damage|p1a: Whimsicott|0 fnt\n|-damage|p1b: Excadrill|72/100\n|faint|p1a: Whimsicott\n|\n|-weather|Sandstorm|[upkeep]\n|-damage|p2a: Whimsicott|82/100|[from] Sandstorm\n|-damage|p2b: Floette|81/100|[from] Sandstorm\n|upkeep\n|\n|t:|1788372500\n|switch|p1a: Staraptor|Staraptor, L50, F, shiny|100/100\n|-ability|p1a: Staraptor|Intimidate|boost\n|-unboost|p2a: Whimsicott|atk|1\n|-unboost|p2b: Floette|atk|1\n|turn|4\n|\n|t:|1788372525\n|switch|p2b: Volcarona|Volcarona, L50, F|100/100\n|detailschange|p1a: Staraptor|Staraptor-Mega, L50, F, shiny\n|-mega|p1a: Staraptor|Staraptor|Staraptite\n|move|p1b: Excadrill|Protect|p1b: Excadrill\n|-singleturn|p1b: Excadrill|Protect\n|move|p2a: Whimsicott|Fake Tears|p1b: Excadrill\n|-activate|p1b: Excadrill|move: Protect\n|move|p1a: Staraptor|Brave Bird|p2a: Whimsicott\n|-supereffective|p2a: Whimsicott|1\n|-damage|p2a: Whimsicott|0 fnt\n|faint|p2a: Whimsicott\n|-damage|p1a: Staraptor|76/100|[from] Recoil\n|\n|-weather|Sandstorm|[upkeep]\n|-damage|p1a: Staraptor|70/100|[from] Sandstorm\n|-damage|p2b: Volcarona|93/100|[from] Sandstorm\n|-sideend|p2: izayatijifan129|move: Tailwind\n|upkeep\n|\n|t:|1788372541\n|switch|p2a: Sneasler|Sneasler, L50, M|100/100\n|turn|5\n|inactive|izayatijifan129 has 30 seconds left.\n|\n|t:|1788372573\n|move|p1b: Excadrill|Protect||[still]\n|-fail|p1b: Excadrill\n|move|p1a: Staraptor|Protect|p1a: Staraptor\n|-singleturn|p1a: Staraptor|Protect\n|move|p2a: Sneasler|Fake Out|p1a: Staraptor\n|-activate|p1a: Staraptor|move: Protect\n|move|p2b: Volcarona|Will-O-Wisp|p1b: Excadrill\n|-status|p1b: Excadrill|brn\n|\n|-weather|none\n|-damage|p1b: Excadrill|66/100 brn|[from] brn\n|-end|p1b: Excadrill|Encore\n|upkeep\n|turn|6\n|inactive|izayatijifan129 has 30 seconds left.\n|\n|t:|1788372602\n|switch|p1b: Tyranitar|Tyranitar, L50, F, shiny|100/100\n|-weather|Sandstorm|[from] ability: Sand Stream|[of] p1b: Tyranitar\n|move|p2b: Volcarona|Rage Powder|p2b: Volcarona\n|-singleturn|p2b: Volcarona|move: Rage Powder\n|move|p1a: Staraptor|Brave Bird|p2b: Volcarona\n|-supereffective|p2b: Volcarona|1\n|-damage|p2b: Volcarona|0 fnt\n|faint|p2b: Volcarona\n|-damage|p1a: Staraptor|39/100|[from] Recoil\n|move|p2a: Sneasler|Close Combat|p1b: Tyranitar\n|-supereffective|p1b: Tyranitar|2\n|-enditem|p1b: Tyranitar|Chople Berry|[eat]\n|-enditem|p1b: Tyranitar|Chople Berry|[weaken]\n|-damage|p1b: Tyranitar|0 fnt\n|-unboost|p2a: Sneasler|def|1\n|-unboost|p2a: Sneasler|spd|1\n|faint|p1b: Tyranitar\n|-enditem|p2a: Sneasler|White Herb\n|-clearnegativeboost|p2a: Sneasler|[silent]\n|\n|-weather|Sandstorm|[upkeep]\n|-damage|p1a: Staraptor|33/100|[from] Sandstorm\n|-damage|p2a: Sneasler|94/100|[from] Sandstorm\n|-sideend|p1: MINOWASOP|move: Tailwind\n|upkeep\n|\n|t:|1788372622\n|switch|p2b: Floette|Floette-Mega, L50, F|81/100\n|switch|p1b: Excadrill|Excadrill, L50, F, shiny|66/100 brn\n|-ability|p2b: Floette|Fairy Aura\n|turn|7\n|\n|t:|1788372635\n|move|p2b: Floette|Protect|p2b: Floette\n|-singleturn|p2b: Floette|Protect\n|move|p2a: Sneasler|Dire Claw|p1a: Staraptor\n|-damage|p1a: Staraptor|0 fnt\n|faint|p1a: Staraptor\n|move|p1b: Excadrill|Iron Head|p2b: Floette\n|-activate|p2b: Floette|move: Protect\n|\n|-weather|Sandstorm|[upkeep]\n|-damage|p2a: Sneasler|88/100|[from] Sandstorm\n|-damage|p2b: Floette|75/100|[from] Sandstorm\n|-damage|p1b: Excadrill|60/100 brn|[from] brn\n|upkeep\n|turn|8\n|-message|MINOWASOP forfeited.\n|\n|win|izayatijifan129\n|raw|MINOWASOP's rating: 1127 &rarr; <strong>1100</strong><br />(-27 for losing)\n|raw|izayatijifan129's rating: 1105 &rarr; <strong>1132</strong><br />(+27 for winning)\n|l|☆MINOWASOP\n|player|p1|\n","uploadtime":1788372648,"views":"10","formatid":"gen9championsvgc2026regmb","rating":1100,"private":0,"password":null}