{"id":"gen9championsvgc2026regmb-2674806415","format":"[Gen 9 Champions] VGC 2026 Reg M-B","players":["HospitalityCheck","oldarbladeborn"],"log":"|j|☆HospitalityCheck\n|j|☆oldarbladeborn\n|t:|1788410517\n|gametype|doubles\n|player|p1|HospitalityCheck|2|1253\n|player|p2|oldarbladeborn|acetrainer-gen4dp|1348\n|gen|9\n|tier|[Gen 9 Champions] VGC 2026 Reg M-B\n|rated|\n|rule|Species Clause: Limit one of each Pokémon\n|rule|Item Clause: Limit 1 of each item\n|clearpoke\n|poke|p1|Metagross, L50|\n|poke|p1|Incineroar, L50, F|\n|poke|p1|Sinistcha, L50|\n|poke|p1|Whimsicott, L50, F|\n|poke|p1|Garchomp, L50, M|\n|poke|p1|Kingambit, L50, F|\n|poke|p2|Froslass, L50, F|\n|poke|p2|Scovillain, L50, M|\n|poke|p2|Lycanroc-Dusk, L50, F|\n|poke|p2|Kingambit, L50, F|\n|poke|p2|Sneasler, L50, M|\n|poke|p2|Basculegion, L50, M|\n|teampreview|4\n|inactive|Battle timer is ON: inactive players will automatically lose when time's up. (requested by oldarbladeborn)\n|inactive|HospitalityCheck also wants the timer to be on.\nHospitalityCheck has agreed to open team sheets.\noldarbladeborn has agreed to open team sheets.\n|showteam|p1|Metagross||Metagrossite|ClearBody|Protect,PsychicFangs,IronHead,IcePunch|Adamant|||||50|]Incineroar||SitrusBerry|Intimidate|FakeOut,PartingShot,FlareBlitz,ThroatChop|Careful||F|||50|]Sinistcha||Leftovers|Hospitality|RagePowder,MatchaGotcha,LifeDew,TrickRoom|Bold|||||50|]Whimsicott||FocusSash|Prankster|Tailwind,Moonblast,Encore,Protect|Timid||F|||50|]Garchomp||LifeOrb|RoughSkin|DragonClaw,Earthquake,RockSlide,Protect|Jolly||M|||50|]Kingambit||BlackGlasses|Defiant|SuckerPunch,KowtowCleave,IronHead,Protect|Adamant||F|||50|\n|showteam|p2|Froslass||Froslassite|CursedBody|Blizzard,ShadowBall,AuroraVeil,Protect|Timid||F|||50|]Scovillain||Scovillainite|Moody|Overheat,GigaDrain,RagePowder,Protect|Calm||M|||50|]Lycanroc-Dusk||FocusSash|ToughClaws|RockSlide,CloseCombat,Accelerock,Protect|Jolly||F|||50|]Kingambit||BlackGlasses|Defiant|KowtowCleave,SuckerPunch,SwordsDance,Protect|Adamant||F|||50|]Sneasler||WhiteHerb|Unburden|DireClaw,CloseCombat,FakeOut,Protect|Adamant||M|||50|]Basculegion||SitrusBerry|Adaptability|WaveCrash,LastRespects,AquaJet,Protect|Adamant||M|||50|\n|inactive|oldarbladeborn has 60 seconds left.\n|\n|t:|1788410563\n|teamsize|p1|4\n|teamsize|p2|4\n|start\n|switch|p1a: Metagross|Metagross, L50|100/100\n|switch|p1b: Incineroar|Incineroar, L50, F|100/100\n|switch|p2a: Scovillain|Scovillain, L50, M|100/100\n|switch|p2b: Kingambit|Kingambit, L50, F|100/100\n|-ability|p1b: Incineroar|Intimidate|boost\n|-unboost|p2a: Scovillain|atk|1\n|-unboost|p2b: Kingambit|atk|1\n|-ability|p2b: Kingambit|Defiant|boost\n|-boost|p2b: Kingambit|atk|2\n|turn|1\n|\n|t:|1788410580\n|detailschange|p1a: Metagross|Metagross-Mega, L50\n|-mega|p1a: Metagross|Metagross|Metagrossite\n|move|p2a: Scovillain|Protect|p2a: Scovillain\n|-singleturn|p2a: Scovillain|Protect\n|move|p2b: Kingambit|Protect|p2b: Kingambit\n|-singleturn|p2b: Kingambit|Protect\n|move|p1a: Metagross|Psychic Fangs|p2a: Scovillain\n|-activate|p2a: Scovillain|move: Protect\n|move|p1b: Incineroar|Flare Blitz|p2b: Kingambit\n|-activate|p2b: Kingambit|move: Protect\n|\n|-ability|p2a: Scovillain|Moody|boost\n|-boost|p2a: Scovillain|def|2\n|-unboost|p2a: Scovillain|spa|1\n|upkeep\n|turn|2\n|\n|t:|1788410596\n|switch|p1a: Garchomp|Garchomp, L50, M|100/100\n|detailschange|p2a: Scovillain|Scovillain-Mega, L50, M\n|-mega|p2a: Scovillain|Scovillain|Scovillainite\n|move|p2a: Scovillain|Rage Powder|p2a: Scovillain\n|-singleturn|p2a: Scovillain|move: Rage Powder\n|move|p1b: Incineroar|Flare Blitz|p2a: Scovillain\n|-damage|p2a: Scovillain|73/100\n|-damage|p1b: Incineroar|92/100|[from] Recoil\n|move|p2b: Kingambit|Kowtow Cleave|p1a: Garchomp\n|-damage|p1a: Garchomp|10/100\n|-damage|p2b: Kingambit|87/100|[from] ability: Rough Skin|[of] p1a: Garchomp\n|\n|upkeep\n|turn|3\n|\n|t:|1788410611\n|move|p1a: Garchomp|Protect|p1a: Garchomp\n|-singleturn|p1a: Garchomp|Protect\n|move|p2a: Scovillain|Rage Powder|p2a: Scovillain\n|-singleturn|p2a: Scovillain|move: Rage Powder\n|move|p2b: Kingambit|Sucker Punch||[still]\n|-fail|p2b: Kingambit\n|move|p1b: Incineroar|Flare Blitz|p2a: Scovillain\n|-damage|p2a: Scovillain|46/100\n|-damage|p1b: Incineroar|85/100|[from] Recoil\n|\n|upkeep\n|turn|4\n|inactive|oldarbladeborn has 30 seconds left.\n|\n|t:|1788410639\n|move|p2a: Scovillain|Rage Powder|p2a: Scovillain\n|-singleturn|p2a: Scovillain|move: Rage Powder\n|move|p2b: Kingambit|Sucker Punch|p1a: Garchomp\n|-damage|p1a: Garchomp|0 fnt\n|-damage|p2b: Kingambit|75/100|[from] ability: Rough Skin|[of] p1a: Garchomp\n|faint|p1a: Garchomp\n|move|p1b: Incineroar|Flare Blitz|p2a: Scovillain\n|-damage|p2a: Scovillain|17/100\n|-damage|p1b: Incineroar|77/100|[from] Recoil\n|\n|upkeep\n|\n|t:|1788410639\n|switch|p1a: Whimsicott|Whimsicott, L50, F|100/100\n|turn|5\n|inactive|oldarbladeborn has 30 seconds left.\n|\n|t:|1788410668\n|move|p2b: Kingambit|Protect|p2b: Kingambit\n|-singleturn|p2b: Kingambit|Protect\n|move|p1a: Whimsicott|Moonblast|p2a: Scovillain\n|-resisted|p2a: Scovillain|1\n|-damage|p2a: Scovillain|2/100\n|-status|p1a: Whimsicott|brn|[from] ability: Spicy Spray|[of] p2a: Scovillain\n|move|p2a: Scovillain|Overheat|p1a: Whimsicott\n|-supereffective|p1a: Whimsicott|1\n|-enditem|p1a: Whimsicott|Focus Sash\n|-damage|p1a: Whimsicott|1/100 brn\n|-unboost|p2a: Scovillain|spa|2\n|move|p1b: Incineroar|Flare Blitz|p2b: Kingambit\n|-activate|p2b: Kingambit|move: Protect\n|\n|-damage|p1a: Whimsicott|0 fnt|[from] brn\n|faint|p1a: Whimsicott\n|upkeep\n|\n|t:|1788410669\n|switch|p1a: Metagross|Metagross-Mega, L50|100/100\n|turn|6\n|inactive|oldarbladeborn has 30 seconds left.\n|\n|t:|1788410696\n|move|p1a: Metagross|Protect|p1a: Metagross\n|-singleturn|p1a: Metagross|Protect\n|move|p2a: Scovillain|Rage Powder|p2a: Scovillain\n|-singleturn|p2a: Scovillain|move: Rage Powder\n|move|p2b: Kingambit|Sucker Punch||[still]\n|-fail|p2b: Kingambit\n|move|p1b: Incineroar|Throat Chop|p2a: Scovillain\n|-damage|p2a: Scovillain|0 fnt\n|faint|p2a: Scovillain\n|\n|upkeep\n|\n|t:|1788410699\n|switch|p2a: Sneasler|Sneasler, L50, M|100/100\n|turn|7\n|\n|t:|1788410709\n|move|p2a: Sneasler|Fake Out|p1b: Incineroar\n|-damage|p1b: Incineroar|63/100\n|move|p1a: Metagross|Iron Head|p2b: Kingambit\n|-resisted|p2b: Kingambit|1\n|-damage|p2b: Kingambit|50/100g\n|cant|p1b: Incineroar|flinch\n|move|p2b: Kingambit|Kowtow Cleave|p1a: Metagross\n|-supereffective|p1a: Metagross|1\n|-damage|p1a: Metagross|0 fnt\n|faint|p1a: Metagross\n|\n|upkeep\n|turn|8\n|\n|t:|1788410724\n|move|p2a: Sneasler|Close Combat|p1b: Incineroar\n|-supereffective|p1b: Incineroar|1\n|-crit|p1b: Incineroar\n|-damage|p1b: Incineroar|0 fnt\n|-unboost|p2a: Sneasler|def|1\n|-unboost|p2a: Sneasler|spd|1\n|faint|p1b: Incineroar\n|\n|win|oldarbladeborn\n|raw|HospitalityCheck's rating: 1253 &rarr; <strong>1235</strong><br />(-18 for losing)\n|raw|oldarbladeborn's rating: 1348 &rarr; <strong>1363</strong><br />(+15 for winning)\n|l|☆HospitalityCheck\n|player|p1|\n|c|☆oldarbladeborn|gg wp!\n","uploadtime":1788410732,"views":"0","formatid":"gen9championsvgc2026regmb","rating":1235,"private":0,"password":null}