{"id":"gen9championsvgc2026regmbbo3-2674750302","format":"[Gen 9 Champions] VGC 2026 Reg M-B (Bo3)","players":["bartcr0987","ManuNow"],"log":"|j|☆bartcr0987\n|j|☆ManuNow\n|html|<table width=\"100%\"><tr><td align=\"left\">bartcr0987</td><td align=\"right\">ManuNow</tr><tr><td align=\"left\"><i class=\"fa fa-circle\"></i> <i class=\"fa fa-circle-o\"></i> </td><td align=\"right\"><i class=\"fa fa-circle-o\"></i> <i class=\"fa fa-circle\"></i> </tr></table>\n|uhtml|bestof|<h2><strong>Game 3</strong> of <a href=\"/game-bestof3-gen9championsvgc2026regmbbo3-2674747199\">a best-of-3</a></h2>\n|t:|1788400351\n|gametype|doubles\n|player|p1|bartcr0987|2|1278\n|player|p2|ManuNow|n|1207\n|gen|9\n|tier|[Gen 9 Champions] VGC 2026 Reg M-B (Bo3)\n|rated|\n|rule|Species Clause: Limit one of each Pokémon\n|rule|Item Clause: Limit 1 of each item\n|clearpoke\n|poke|p1|Charizard, L50, M, shiny|\n|poke|p1|Sneasler, L50, M, shiny|\n|poke|p1|Floette-Eternal, L50, F|\n|poke|p1|Kingambit, L50, F, shiny|\n|poke|p1|Farigiraf, L50, M|\n|poke|p1|Gliscor, L50, F|\n|poke|p2|Kangaskhan, L50, F|\n|poke|p2|Aerodactyl, L50, M|\n|poke|p2|Farigiraf, L50, F|\n|poke|p2|Sylveon, L50, M|\n|poke|p2|Kingambit, L50, M|\n|poke|p2|Camerupt, L50, F|\n|teampreview|4\n|showteam|p1|Charizard||CharizarditeY|SolarPower|HeatWave,SolarBeam,WeatherBall,Protect|Modest||M|||50|]Sneasler||FocusSash|Unburden|DireClaw,CloseCombat,Protect,RockSlide|Jolly||M|||50|]Floette-Eternal||Floettite|FlowerVeil|Moonblast,DazzlingGleam,LightofRuin,Protect|Modest||F|||50|]Kingambit||ChopleBerry|Defiant|KowtowCleave,SuckerPunch,LowKick,Protect|Brave||F|||50|]Farigiraf||SitrusBerry|ArmorTail|TrickRoom,Protect,Psychic,Thunderbolt|Calm||M|||50|]Gliscor||LifeOrb|HyperCutter|Protect,HighHorsepower,Tailwind,DualWingbeat|Careful||F|||50|\n|showteam|p2|Kangaskhan||LifeOrb|Scrappy|DoubleEdge,FakeOut,HammerArm,IcePunch|Brave||F|||50|]Aerodactyl||Aerodactylite|Unnerve|RockSlide,DualWingbeat,IceFang,Tailwind|Jolly||M|||50|]Farigiraf||SitrusBerry|ArmorTail|Psychic,Thunderbolt,TrickRoom,HelpingHand|Calm||F|||50|]Sylveon||FairyFeather|Pixilate|HyperVoice,HyperBeam,QuickAttack,Protect|Modest||M|||50|]Kingambit||ExpertBelt|Defiant|KowtowCleave,IronHead,SuckerPunch,LowKick|Adamant||M|||50|]Camerupt||Cameruptite|SolidRock|Protect,EarthPower,HeatWave,AncientPower|Quiet||F|||50|\n|inactive|Battle timer is ON: inactive players will automatically lose when time's up. (requested by bartcr0987)\n|\n|t:|1788400373\n|teamsize|p1|4\n|teamsize|p2|4\n|start\n|switch|p1a: Kingambit|Kingambit, L50, F, shiny|100/100\n|switch|p1b: Floette|Floette-Eternal, L50, F|100/100\n|switch|p2a: Kingambit|Kingambit, L50, M|100/100\n|switch|p2b: Aerodactyl|Aerodactyl, L50, M|100/100\n|-ability|p2b: Aerodactyl|Unnerve\n|turn|1\n|\n|t:|1788400395\n|detailschange|p2b: Aerodactyl|Aerodactyl-Mega, L50, M\n|-mega|p2b: Aerodactyl|Aerodactyl|Aerodactylite\n|detailschange|p1b: Floette|Floette-Mega, L50, F\n|-mega|p1b: Floette|Floette|Floettite\n|-ability|p1b: Floette|Fairy Aura\n|move|p1b: Floette|Protect|p1b: Floette\n|-singleturn|p1b: Floette|Protect\n|move|p2b: Aerodactyl|Rock Slide|p1a: Kingambit|[spread] p1a\n|-activate|p1b: Floette|move: Protect\n|-resisted|p1a: Kingambit|1\n|-damage|p1a: Kingambit|91/100\n|move|p2a: Kingambit|Low Kick|p1a: Kingambit\n|-supereffective|p1a: Kingambit|2\n|-enditem|p1a: Kingambit|Chople Berry|[eat]\n|-enditem|p1a: Kingambit|Chople Berry|[weaken]\n|-damage|p1a: Kingambit|19/100\n|move|p1a: Kingambit|Low Kick|p2a: Kingambit\n|-supereffective|p2a: Kingambit|2\n|-damage|p2a: Kingambit|0 fnt\n|faint|p2a: Kingambit\n|\n|upkeep\n|\n|t:|1788400416\n|switch|p2a: Sylveon|Sylveon, L50, M|100/100\n|turn|2\n|\n|t:|1788400429\n|move|p1a: Kingambit|Protect|p1a: Kingambit\n|-singleturn|p1a: Kingambit|Protect\n|move|p2b: Aerodactyl|Rock Slide|p1b: Floette|[spread] p1b\n|-activate|p1a: Kingambit|move: Protect\n|-damage|p1b: Floette|71/100\n|move|p1b: Floette|Dazzling Gleam|p2b: Aerodactyl|[spread] p2a,p2b\n|-damage|p2a: Sylveon|58/100\n|-damage|p2b: Aerodactyl|45/100\n|move|p2a: Sylveon|Hyper Voice|p1b: Floette|[spread] p1b\n|-activate|p1a: Kingambit|move: Protect\n|-damage|p1b: Floette|20/100y\n|\n|upkeep\n|turn|3\n|\n|t:|1788400442\n|move|p1a: Kingambit|Sucker Punch|p2b: Aerodactyl\n|-damage|p2b: Aerodactyl|6/100\n|move|p2b: Aerodactyl|Rock Slide|p1b: Floette|[spread] p1a,p1b\n|-resisted|p1a: Kingambit|1\n|-damage|p1a: Kingambit|10/100\n|-damage|p1b: Floette|0 fnt\n|faint|p1b: Floette\n|move|p2a: Sylveon|Hyper Voice|p1a: Kingambit\n|-damage|p1a: Kingambit|0 fnt\n|faint|p1a: Kingambit\n|\n|upkeep\n|\n|t:|1788400452\n|switch|p1b: Sneasler|Sneasler, L50, M, shiny|100/100\n|switch|p1a: Farigiraf|Farigiraf, L50, M|100/100\n|turn|4\n|\n|t:|1788400464\n|switch|p2a: Farigiraf|Farigiraf, L50, F|100/100\n|move|p1b: Sneasler|Protect|p1b: Sneasler\n|-singleturn|p1b: Sneasler|Protect\n|move|p2b: Aerodactyl|Dual Wingbeat|p1b: Sneasler\n|-activate|p1b: Sneasler|move: Protect\n|move|p1a: Farigiraf|Thunderbolt|p2b: Aerodactyl\n|-supereffective|p2b: Aerodactyl|1\n|-damage|p2b: Aerodactyl|0 fnt\n|faint|p2b: Aerodactyl\n|\n|upkeep\n|\n|t:|1788400469\n|switch|p2b: Sylveon|Sylveon, L50, M|58/100\n|turn|5\n|\n|t:|1788400478\n|move|p2b: Sylveon|Protect|p2b: Sylveon\n|-singleturn|p2b: Sylveon|Protect\n|move|p1b: Sneasler|Dire Claw|p2b: Sylveon\n|-activate|p2b: Sylveon|move: Protect\n|move|p1a: Farigiraf|Psychic|p2a: Farigiraf\n|-resisted|p2a: Farigiraf|1\n|-damage|p2a: Farigiraf|86/100\n|move|p2a: Farigiraf|Trick Room|p2a: Farigiraf\n|-fieldstart|move: Trick Room|[of] p2a: Farigiraf\n|\n|upkeep\n|turn|6\n|\n|t:|1788400487\n|move|p1b: Sneasler|Protect|p1b: Sneasler\n|-singleturn|p1b: Sneasler|Protect\n|move|p2b: Sylveon|Hyper Voice|p1a: Farigiraf|[spread] p1a\n|-activate|p1b: Sneasler|move: Protect\n|-damage|p1a: Farigiraf|59/100\n|move|p2a: Farigiraf|Trick Room|p2a: Farigiraf\n|-fieldend|move: Trick Room\n|move|p1a: Farigiraf|Trick Room|p1a: Farigiraf\n|-fieldstart|move: Trick Room|[of] p1a: Farigiraf\n|\n|upkeep\n|turn|7\n|\n|t:|1788400499\n|move|p1b: Sneasler|Protect|p1b: Sneasler\n|-singleturn|p1b: Sneasler|Protect\n|move|p2a: Farigiraf|Psychic|p1b: Sneasler\n|-activate|p1b: Sneasler|move: Protect\n|move|p2b: Sylveon|Hyper Voice|p1a: Farigiraf|[spread] p1a\n|-activate|p1b: Sneasler|move: Protect\n|-damage|p1a: Farigiraf|19/100\n|-enditem|p1a: Farigiraf|Sitrus Berry|[eat]\n|-heal|p1a: Farigiraf|44/100|[from] item: Sitrus Berry\n|move|p1a: Farigiraf|Trick Room|p1a: Farigiraf\n|-fieldend|move: Trick Room\n|\n|upkeep\n|turn|8\n|\n|t:|1788400514\n|move|p2b: Sylveon|Protect|p2b: Sylveon\n|-singleturn|p2b: Sylveon|Protect\n|move|p1b: Sneasler|Close Combat|p2a: Farigiraf\n|-damage|p2a: Farigiraf|29/100\n|-unboost|p1b: Sneasler|def|1\n|-unboost|p1b: Sneasler|spd|1\n|-enditem|p2a: Farigiraf|Sitrus Berry|[eat]\n|-heal|p2a: Farigiraf|54/100|[from] item: Sitrus Berry\n|move|p1a: Farigiraf|Psychic|p2a: Farigiraf\n|-resisted|p2a: Farigiraf|1\n|-damage|p2a: Farigiraf|41/100\n|move|p2a: Farigiraf|Trick Room|p2a: Farigiraf\n|-fieldstart|move: Trick Room|[of] p2a: Farigiraf\n|\n|upkeep\n|turn|9\n|\n|t:|1788400526\n|move|p1b: Sneasler|Protect|p1b: Sneasler\n|-singleturn|p1b: Sneasler|Protect\n|move|p2a: Farigiraf|Psychic|p1a: Farigiraf\n|-resisted|p1a: Farigiraf|1\n|-damage|p1a: Farigiraf|29/100\n|move|p1a: Farigiraf|Psychic|p2a: Farigiraf\n|-resisted|p2a: Farigiraf|1\n|-damage|p2a: Farigiraf|28/100\n|move|p2b: Sylveon|Hyper Voice|p1b: Sneasler|[spread] p1a\n|-activate|p1b: Sneasler|move: Protect\n|-damage|p1a: Farigiraf|0 fnt\n|faint|p1a: Farigiraf\n|\n|upkeep\n|turn|10\n|c|☆ManuNow|gg\n|\n|t:|1788400537\n|move|p2a: Farigiraf|Psychic|p1b: Sneasler\n|-supereffective|p1b: Sneasler|2\n|-enditem|p1b: Sneasler|Focus Sash\n|-damage|p1b: Sneasler|1/100\n|move|p2b: Sylveon|Hyper Voice|p1b: Sneasler\n|-damage|p1b: Sneasler|0 fnt\n|faint|p1b: Sneasler\n|\n|win|ManuNow\n|raw|bartcr0987's rating: 1278 &rarr; <strong>1248</strong><br />(-30 for losing)\n|raw|ManuNow's rating: 1207 &rarr; <strong>1237</strong><br />(+30 for winning)\n|l|☆bartcr0987\n|player|p1|\n","uploadtime":1788400548,"views":"1","formatid":"gen9championsvgc2026regmbbo3","rating":1237,"private":0,"password":null}