{"id":"gen9championsvgc2026regmb-2673911753","format":"[Gen 9 Champions] VGC 2026 Reg M-B","players":["Hoopester","ShrimpGun"],"log":"|j|☆Hoopester\n|j|☆ShrimpGun\n|t:|1788276223\n|gametype|doubles\n|player|p1|Hoopester|2|1160\n|player|p2|ShrimpGun|fisherman-gen4|1209\n|gen|9\n|tier|[Gen 9 Champions] VGC 2026 Reg M-B\n|rated|\n|rule|Species Clause: Limit one of each Pokémon\n|rule|Item Clause: Limit 1 of each item\n|clearpoke\n|poke|p1|Staraptor, L50, F|\n|poke|p1|Sinistcha, L50|\n|poke|p1|Grimmsnarl, L50, M|\n|poke|p1|Whimsicott, L50, M|\n|poke|p1|Sneasler, L50, M|\n|poke|p1|Metagross, L50|\n|poke|p2|Staraptor, L50, F|\n|poke|p2|Farigiraf, L50, F, shiny|\n|poke|p2|Clawitzer, L50, F|\n|poke|p2|Arcanine-Hisui, L50, M|\n|poke|p2|Sylveon, L50, F|\n|poke|p2|Kingambit, L50, F|\n|teampreview|4\n|\n|t:|1788276243\n|teamsize|p1|4\n|teamsize|p2|4\n|start\n|switch|p1a: Staraptor|Staraptor, L50, F|100/100\n|switch|p1b: Whimsicott|Whimsicott, L50, M|100/100\n|switch|p2a: Staraptor|Staraptor, L50, F|100/100\n|switch|p2b: Farigiraf|Farigiraf, L50, F, shiny|100/100\n|-ability|p2a: Staraptor|Intimidate|boost\n|-unboost|p1a: Staraptor|atk|1\n|-unboost|p1b: Whimsicott|atk|1\n|-ability|p1a: Staraptor|Intimidate|boost\n|-unboost|p2a: Staraptor|atk|1\n|-unboost|p2b: Farigiraf|atk|1\n|turn|1\n|inactive|Battle timer is ON: inactive players will automatically lose when time's up. (requested by Hoopester)\n|\n|t:|1788276266\n|switch|p2a: Old Yeller|Sylveon, L50, F|100/100\n|detailschange|p1a: Staraptor|Staraptor-Mega, L50, F\n|-mega|p1a: Staraptor|Staraptor|Staraptite\n|move|p1b: Whimsicott|Charm|p1a: Staraptor\n|-boost|p1a: Staraptor|atk|2\n|move|p1a: Staraptor|Close Combat|p2b: Farigiraf\n|-damage|p2b: Farigiraf|20/100y\n|-boost|p1a: Staraptor|def|1\n|-boost|p1a: Staraptor|spd|1\n|-enditem|p2b: Farigiraf|Sitrus Berry|[eat]\n|-heal|p2b: Farigiraf|45/100|[from] item: Sitrus Berry\n|move|p2b: Farigiraf|Trick Room|p2b: Farigiraf\n|-fieldstart|move: Trick Room|[of] p2b: Farigiraf\n|\n|upkeep\n|turn|2\n|inactive|Hoopester has 30 seconds left.\n|inactive|Hoopester has 20 seconds left.\n|\n|t:|1788276302\n|move|p1a: Staraptor|Protect|p1a: Staraptor\n|-singleturn|p1a: Staraptor|Protect\n|move|p2b: Farigiraf|Nasty Plot|p2b: Farigiraf\n|-boost|p2b: Farigiraf|spa|2\n|move|p2a: Old Yeller|Hyper Voice|p1a: Staraptor|[spread] p1b\n|-activate|p1a: Staraptor|move: Protect\n|-damage|p1b: Whimsicott|21/100\n|move|p1b: Whimsicott|Moonblast|p2b: Farigiraf\n|-damage|p2b: Farigiraf|10/100\n|\n|upkeep\n|turn|3\n|inactive|Hoopester has 30 seconds left.\n|inactive|Hoopester has 20 seconds left.\n|\n|t:|1788276340\n|switch|p1a: Sinistcha|Sinistcha, L50|100/100\n|-heal|p1b: Whimsicott|45/100|[from] ability: Hospitality|[of] p1a: Sinistcha\n|move|p2b: Farigiraf|Thunderbolt|p1a: Sinistcha\n|-resisted|p1a: Sinistcha|1\n|-damage|p1a: Sinistcha|78/100\n|move|p2a: Old Yeller|Hyper Voice|p1b: Whimsicott|[spread] p1a,p1b\n|-damage|p1a: Sinistcha|38/100\n|-damage|p1b: Whimsicott|0 fnt\n|-enditem|p1a: Sinistcha|Sitrus Berry|[eat]\n|-heal|p1a: Sinistcha|62/100|[from] item: Sitrus Berry\n|faint|p1b: Whimsicott\n|\n|upkeep\n|\n|t:|1788276357\n|switch|p1b: Grimmsnarl|Grimmsnarl, L50, M|100/100\n|turn|4\n|\n|t:|1788276365\n|move|p1b: Grimmsnarl|Light Screen|p1b: Grimmsnarl\n|-sidestart|p1: Hoopester|move: Light Screen\n|move|p2b: Farigiraf|Thunderbolt|p1a: Sinistcha\n|-resisted|p1a: Sinistcha|1\n|-damage|p1a: Sinistcha|48/100\n|move|p1a: Sinistcha|Matcha Gotcha|p2a: Old Yeller|[spread] p2b\n|-miss|p1a: Sinistcha|p2a: Old Yeller\n|-damage|p2b: Farigiraf|0 fnt\n|-heal|p1a: Sinistcha|55/100|[from] drain|[of] p2b: Farigiraf\n|faint|p2b: Farigiraf\n|move|p2a: Old Yeller|Hyper Voice|p1b: Grimmsnarl|[spread] p1a,p1b\n|-supereffective|p1b: Grimmsnarl|1\n|-damage|p1a: Sinistcha|29/100\n|-damage|p1b: Grimmsnarl|34/100\n|\n|upkeep\n|\n|t:|1788276371\n|switch|p2b: Kingambit|Kingambit, L50, F|100/100\n|turn|5\n|\n|t:|1788276393\n|switch|p1a: Staraptor|Staraptor-Mega, L50, F|100/100\n|move|p1b: Grimmsnarl|Reflect|p1b: Grimmsnarl\n|-sidestart|p1: Hoopester|Reflect\n|move|p2b: Kingambit|Swords Dance|p2b: Kingambit\n|-boost|p2b: Kingambit|atk|2\n|move|p2a: Old Yeller|Hyper Voice|p1b: Grimmsnarl|[spread] p1a,p1b\n|-supereffective|p1a: Staraptor|1\n|-supereffective|p1b: Grimmsnarl|1\n|-damage|p1a: Staraptor|49/100\n|-damage|p1b: Grimmsnarl|0 fnt\n|faint|p1b: Grimmsnarl\n|\n|-fieldend|move: Trick Room\n|upkeep\n|\n|t:|1788276407\n|switch|p1b: Sinistcha|Sinistcha, L50|29/100\n|-heal|p1a: Staraptor|74/100|[from] ability: Hospitality|[of] p1b: Sinistcha\n|turn|6\n|\n|t:|1788276418\n|move|p2b: Kingambit|Protect|p2b: Kingambit\n|-singleturn|p2b: Kingambit|Protect\n|move|p1a: Staraptor|Close Combat|p2b: Kingambit\n|-activate|p2b: Kingambit|move: Protect\n|move|p1b: Sinistcha|Strength Sap|p1a: Staraptor\n|-boost|p1a: Staraptor|atk|1\n|-heal|p1b: Sinistcha|100/100\n|move|p2a: Old Yeller|Hyper Voice|p1b: Sinistcha|[spread] p1a,p1b\n|-supereffective|p1a: Staraptor|1\n|-damage|p1a: Staraptor|28/100\n|-damage|p1b: Sinistcha|71/100\n|\n|upkeep\n|turn|7\n|inactive|Hoopester has 30 seconds left.\n|\n|t:|1788276451\n|move|p1b: Sinistcha|Rage Powder|p1b: Sinistcha\n|-singleturn|p1b: Sinistcha|move: Rage Powder\n|move|p2b: Kingambit|Sucker Punch||[still]\n|-fail|p2b: Kingambit\n|move|p1a: Staraptor|Dual Wingbeat|p2a: Old Yeller\n|-damage|p2a: Old Yeller|67/100\n|-crit|p2a: Old Yeller\n|-damage|p2a: Old Yeller|21/100\n|-hitcount|p2a: Old Yeller|2\n|move|p2a: Old Yeller|Yawn|p1b: Sinistcha\n|-start|p1b: Sinistcha|move: Yawn|[of] p2a: Old Yeller\n|\n|upkeep\n|turn|8\n|inactive|Hoopester has 30 seconds left.\n|\n|t:|1788276478\n|move|p2a: Old Yeller|Detect|p2a: Old Yeller\n|-singleturn|p2a: Old Yeller|Protect\n|move|p2b: Kingambit|Protect|p2b: Kingambit\n|-singleturn|p2b: Kingambit|Protect\n|move|p1a: Staraptor|Roost|p1a: Staraptor\n|-heal|p1a: Staraptor|78/100\n|-singleturn|p1a: Staraptor|move: Roost\n|move|p1b: Sinistcha|Strength Sap|p1a: Staraptor\n|-boost|p1a: Staraptor|atk|1\n|-heal|p1b: Sinistcha|100/100\n|\n|-end|p1b: Sinistcha|move: Yawn|[silent]\n|-status|p1b: Sinistcha|slp\n|upkeep\n|turn|9\n|\n|t:|1788276500\n|cant|p1b: Sinistcha|slp\n|move|p1a: Staraptor|Close Combat|p2b: Kingambit\n|-supereffective|p2b: Kingambit|2\n|-damage|p2b: Kingambit|0 fnt\n|-boost|p1a: Staraptor|def|1\n|-boost|p1a: Staraptor|spd|1\n|faint|p2b: Kingambit\n|move|p2a: Old Yeller|Yawn|p1a: Staraptor\n|-start|p1a: Staraptor|move: Yawn|[of] p2a: Old Yeller\n|\n|upkeep\n|\n|t:|1788276504\n|switch|p2b: Staraptor|Staraptor, L50, F|100/100\n|-ability|p2b: Staraptor|Intimidate|boost\n|-boost|p1a: Staraptor|atk|1\n|-unboost|p1b: Sinistcha|atk|1\n|turn|10\n|inactive|Hoopester has 30 seconds left.\n|\n|t:|1788276536\n|move|p2b: Staraptor|Protect|p2b: Staraptor\n|-singleturn|p2b: Staraptor|Protect\n|move|p2a: Old Yeller|Detect|p2a: Old Yeller\n|-singleturn|p2a: Old Yeller|Protect\n|move|p1a: Staraptor|Dual Wingbeat|p2b: Staraptor\n|-activate|p2b: Staraptor|move: Protect\n|cant|p1b: Sinistcha|slp\n|\n|-end|p1a: Staraptor|move: Yawn|[silent]\n|-status|p1a: Staraptor|slp\n|upkeep\n|turn|11\n|\n|t:|1788276559\n|detailschange|p2b: Staraptor|Staraptor-Mega, L50, F\n|-mega|p2b: Staraptor|Staraptor|Staraptite\n|move|p2b: Staraptor|Brave Bird|p1b: Sinistcha\n|-supereffective|p1b: Sinistcha|1\n|-damage|p1b: Sinistcha|29/100 slp\n|-damage|p2b: Staraptor|78/100|[from] Recoil\n|cant|p1a: Staraptor|slp\n|-curestatus|p1b: Sinistcha|slp|[msg]\n|move|p1b: Sinistcha|Shadow Ball|p2a: Old Yeller\n|-damage|p2a: Old Yeller|0 fnt\n|faint|p2a: Old Yeller\n|\n|-sideend|p1: Hoopester|move: Light Screen\n|upkeep\n|turn|12\n|\n|t:|1788276578\n|move|p2b: Staraptor|Brave Bird|p1a: Staraptor\n|-supereffective|p1a: Staraptor|1\n|-damage|p1a: Staraptor|36/100 slp\n|-damage|p2b: Staraptor|64/100|[from] Recoil\n|cant|p1a: Staraptor|slp\n|move|p1b: Sinistcha|Strength Sap|p1a: Staraptor\n|-boost|p1a: Staraptor|atk|1\n|-heal|p1b: Sinistcha|100/100\n|\n|-sideend|p1: Hoopester|Reflect\n|upkeep\n|turn|13\n|-message|ShrimpGun forfeited.\n|\n|win|Hoopester\n|raw|Hoopester's rating: 1160 &rarr; <strong>1189</strong><br />(+29 for winning)\n|raw|ShrimpGun's rating: 1209 &rarr; <strong>1180</strong><br />(-29 for losing)\n","uploadtime":1788276589,"views":"3","formatid":"gen9championsvgc2026regmb","rating":1180,"private":0,"password":null}