{"id":"gen9championsvgc2026regmbbo3-2674373490","format":"[Gen 9 Champions] VGC 2026 Reg M-B (Bo3)","players":["policho98","CaratroncoSun"],"log":"|j|☆policho98\n|j|‽CaratroncoSun\n|html|<table width=\"100%\"><tr><td align=\"left\">policho98</td><td align=\"right\">CaratroncoSun</tr><tr><td align=\"left\"><i class=\"fa fa-circle\"></i> <i class=\"fa fa-circle-o\"></i> </td><td align=\"right\"><i class=\"fa fa-circle-o\"></i> <i class=\"fa fa-circle\"></i> </tr></table>\n|uhtml|bestof|<h2><strong>Game 3</strong> of <a href=\"/game-bestof3-gen9championsvgc2026regmbbo3-2674370669\">a best-of-3</a></h2>\n|t:|1788350983\n|gametype|doubles\n|player|p1|policho98|169|1379\n|player|p2|CaratroncoSun|266|1398\n|gen|9\n|tier|[Gen 9 Champions] VGC 2026 Reg M-B (Bo3)\n|rated|\n|rule|Species Clause: Limit one of each Pokémon\n|rule|Item Clause: Limit 1 of each item\n|clearpoke\n|poke|p1|Charizard, L50, M|\n|poke|p1|Glimmora, L50, F|\n|poke|p1|Whimsicott, L50, M|\n|poke|p1|Dragonite, L50, M|\n|poke|p1|Mamoswine, L50, F|\n|poke|p1|Annihilape, L50, M|\n|poke|p2|Charizard, L50, M, shiny|\n|poke|p2|Venusaur, L50, F, shiny|\n|poke|p2|Whimsicott, L50, F, shiny|\n|poke|p2|Basculegion, L50, M|\n|poke|p2|Tyranitar, L50, M|\n|poke|p2|Mamoswine, L50, M|\n|teampreview|4\n|showteam|p1|Charizard||CharizarditeY|Blaze|WeatherBall,HeatWave,SolarBeam,Protect|Modest||M|||50|]Glimmora||Glimmoranite|ToxicDebris|SludgeBomb,PowerGem,EarthPower,SpikyShield|Modest||F|||50|]Whimsicott||FocusSash|Prankster|Moonblast,Tailwind,Encore,LightScreen|Timid||M|||50|]Dragonite||DragonFang|InnerFocus|DragonClaw,ExtremeSpeed,LowKick,Protect|Adamant||M|||50|]Mamoswine||LifeOrb|Oblivious|HighHorsepower,IceShard,Earthquake,Protect|Adamant||F|||50|]Annihilape||ChoiceScarf|Defiant|PhantomForce,CloseCombat,RockTomb,Taunt|Jolly||M|||50|\n|showteam|p2|Charizard||CharizarditeY|Blaze|Protect,SolarBeam,HeatWave,AirSlash|Modest||M|||50|]Venusaur||WideLens|Chlorophyll|Protect,GigaDrain,EarthPower,SleepPowder|Modest||F|||50|]Whimsicott||FocusSash|Prankster|Protect,Moonblast,Tailwind,Encore|Timid||F|||50|]Basculegion||MysticWater|Adaptability|Protect,AquaJet,WaveCrash,LastRespects|Adamant||M|||50|]Tyranitar||Tyranitarite|SandStream|Protect,RockSlide,KnockOff,LowKick|Adamant||M|||50|]Mamoswine||LifeOrb|Oblivious|Protect,HighHorsepower,RockSlide,IceShard|Adamant||M|||50|\n|\n|t:|1788351010\n|teamsize|p1|4\n|teamsize|p2|4\n|start\n|switch|p1a: Annihilape|Annihilape, L50, M|100/100\n|switch|p1b: Charizard|Charizard, L50, M|100/100\n|switch|p2a: Basculegion|Basculegion, L50, M|100/100\n|switch|p2b: Mamoswine|Mamoswine, L50, M|100/100\n|turn|1\n|\n|t:|1788351053\n|switch|p2a: Whimsicott|Whimsicott, L50, F, shiny|100/100\n|detailschange|p1b: Charizard|Charizard-Mega-Y, L50, M\n|-mega|p1b: Charizard|Charizard|Charizardite Y\n|-weather|SunnyDay|[from] ability: Drought|[of] p1b: Charizard\n|move|p2b: Mamoswine|Protect|p2b: Mamoswine\n|-singleturn|p2b: Mamoswine|Protect\n|move|p1a: Annihilape|Phantom Force||[still]\n|-prepare|p1a: Annihilape|Phantom Force\n|move|p1b: Charizard|Weather Ball|p2b: Mamoswine\n|-activate|p2b: Mamoswine|move: Protect\n|\n|-weather|SunnyDay|[upkeep]\n|upkeep\n|turn|2\n|\n|t:|1788351072\n|switch|p1b: Glimmora|Glimmora, L50, F|100/100\n|move|p2a: Whimsicott|Tailwind|p2a: Whimsicott\n|-sidestart|p2: CaratroncoSun|move: Tailwind\n|move|p2b: Mamoswine|Rock Slide|p1b: Glimmora|[spread] \n|-miss|p2b: Mamoswine|p1a: Annihilape\n|-miss|p2b: Mamoswine|p1b: Glimmora\n|move|p1a: Annihilape|Phantom Force|p2a: Whimsicott|[from] lockedmove\n|-damage|p2a: Whimsicott|30/100\n|\n|-weather|SunnyDay|[upkeep]\n|upkeep\n|turn|3\n|\n|t:|1788351094\n|switch|p1a: Whimsicott|Whimsicott, L50, M|100/100\n|move|p1b: Glimmora|Spiky Shield|p1b: Glimmora\n|-singleturn|p1b: Glimmora|move: Protect\n|move|p2a: Whimsicott|Moonblast|p1a: Whimsicott\n|-damage|p1a: Whimsicott|46/100\n|move|p2b: Mamoswine|Rock Slide|p1a: Whimsicott|[spread] p1a\n|-activate|p1b: Glimmora|move: Protect\n|-damage|p1a: Whimsicott|2/100\n|-damage|p2b: Mamoswine|90/100|[from] item: Life Orb\n|\n|-weather|SunnyDay|[upkeep]\n|upkeep\n|turn|4\n|\n|t:|1788351114\n|move|p2a: Whimsicott|Encore|p1b: Glimmora\n|-start|p1b: Glimmora|Encore\n|move|p1b: Glimmora|Spiky Shield||[still]\n|-fail|p1b: Glimmora\n|move|p2b: Mamoswine|Ice Shard|p1a: Whimsicott\n|-supereffective|p1a: Whimsicott|1\n|-damage|p1a: Whimsicott|0 fnt\n|faint|p1a: Whimsicott\n|-damage|p2b: Mamoswine|80/100|[from] item: Life Orb\n|\n|-weather|SunnyDay|[upkeep]\n|upkeep\n|\n|t:|1788351123\n|switch|p1a: Annihilape|Annihilape, L50, M|100/100\n|turn|5\n|\n|t:|1788351132\n|switch|p1a: Charizard|Charizard-Mega-Y, L50, M|100/100\n|move|p1b: Glimmora|Spiky Shield|p1b: Glimmora\n|-singleturn|p1b: Glimmora|move: Protect\n|move|p2b: Mamoswine|Ice Shard|p1a: Charizard\n|-damage|p1a: Charizard|72/100\n|-damage|p2b: Mamoswine|70/100|[from] item: Life Orb\n|move|p2a: Whimsicott|Moonblast|p1a: Charizard\n|-resisted|p1a: Charizard|1\n|-damage|p1a: Charizard|56/100\n|\n|-weather|none\n|-sideend|p2: CaratroncoSun|move: Tailwind\n|upkeep\n|turn|6\n|\n|t:|1788351157\n|switch|p1b: Annihilape|Annihilape, L50, M|100/100\n|move|p1a: Charizard|Protect|p1a: Charizard\n|-singleturn|p1a: Charizard|Protect\n|move|p2a: Whimsicott|Tailwind|p2a: Whimsicott\n|-sidestart|p2: CaratroncoSun|move: Tailwind\n|move|p2b: Mamoswine|Rock Slide|p1b: Annihilape|[spread] p1b\n|-activate|p1a: Charizard|move: Protect\n|-resisted|p1b: Annihilape|1\n|-damage|p1b: Annihilape|83/100\n|-damage|p2b: Mamoswine|60/100|[from] item: Life Orb\n|\n|upkeep\n|turn|7\n|\n|t:|1788351175\n|move|p2a: Whimsicott|Moonblast|p1b: Annihilape\n|-supereffective|p1b: Annihilape|1\n|-damage|p1b: Annihilape|10/100\n|-unboost|p1b: Annihilape|spa|1\n|-ability|p1b: Annihilape|Defiant|boost\n|-boost|p1b: Annihilape|atk|2\n|move|p2b: Mamoswine|Rock Slide|p1b: Annihilape|[spread] p1a,p1b\n|-supereffective|p1a: Charizard|2\n|-resisted|p1b: Annihilape|1\n|-damage|p1a: Charizard|0 fnt\n|-damage|p1b: Annihilape|0 fnt\n|faint|p1a: Charizard\n|faint|p1b: Annihilape\n|-damage|p2b: Mamoswine|50/100g|[from] item: Life Orb\n|\n|upkeep\n|-message|policho98 forfeited.\n|\n|win|CaratroncoSun\n|raw|policho98's rating: 1379 &rarr; <strong>1360</strong><br />(-19 for losing)\n|raw|CaratroncoSun's rating: 1398 &rarr; <strong>1417</strong><br />(+19 for winning)\n","uploadtime":1788351189,"views":"1","formatid":"gen9championsvgc2026regmbbo3","rating":1360,"private":0,"password":null}