{"id":"gen9championsvgc2026regmbbo3-2674998414","format":"[Gen 9 Champions] VGC 2026 Reg M-B (Bo3)","players":["Marioman0553","xVoltage222"],"log":"|j|☆Marioman0553\n|j|☆xVoltage222\n|html|<table width=\"100%\"><tr><td align=\"left\">Marioman0553</td><td align=\"right\">xVoltage222</tr><tr><td align=\"left\"><i class=\"fa fa-circle-o\"></i> <i class=\"fa fa-circle-o\"></i> </td><td align=\"right\"><i class=\"fa fa-circle-o\"></i> <i class=\"fa fa-circle-o\"></i> </tr></table>\n|uhtml|bestof|<h2><strong>Game 1</strong> of <a href=\"/game-bestof3-gen9championsvgc2026regmbbo3-2674998413\">a best-of-3</a></h2>\n|t:|1788446954\n|gametype|doubles\n|player|p1|Marioman0553|hilbert|\n|player|p2|xVoltage222|102|\n|gen|9\n|tier|[Gen 9 Champions] VGC 2026 Reg M-B (Bo3)\n|rule|Species Clause: Limit one of each Pokémon\n|rule|Item Clause: Limit 1 of each item\n|clearpoke\n|poke|p1|Staraptor, L50, M|\n|poke|p1|Whimsicott, L50, F|\n|poke|p1|Meowscarada, L50, M|\n|poke|p1|Ceruledge, L50, M|\n|poke|p1|Tinkaton, L50, F|\n|poke|p1|Greninja, L50, F|\n|poke|p2|Garchomp, L50, F|\n|poke|p2|Sneasler, L50, M|\n|poke|p2|Slowking-Galar, L50, F|\n|poke|p2|Crabominable, L50, M|\n|poke|p2|Absol, L50, M|\n|poke|p2|Vanilluxe, L50, M|\n|teampreview|4\n|showteam|p1|Staraptor||Staraptite|Intimidate|CloseCombat,DualWingbeat,BraveBird,Protect|Serious||M|||50|]Whimsicott||FocusSash|Prankster|Tailwind,Protect,Taunt,Moonblast|Modest||F|||50|]Meowscarada||WideLens|Protean|KnockOff,PlayRough,TripleAxel,Protect|Jolly||M|||50|]Ceruledge||LifeOrb|FlashFire|Poltergeist,BitterBlade,Protect,ShadowSneak|Adamant||M|||50|]Tinkaton||ShucaBerry|MoldBreaker|GigatonHammer,FakeOut,Protect,PlayRough|Adamant||F|||50|]Greninja||MysticWater|Protean|IceBeam,WaterShuriken,Extrasensory,Protect|Modest||F|||50|\n|showteam|p2|Garchomp||LifeOrb|RoughSkin|Protect,RockSlide,StompingTantrum,DragonClaw|Adamant||F|||50|]Sneasler||CobaBerry|Unburden|CloseCombat,DireClaw,Protect,FakeOut|Adamant||M|||50|]Slowking-Galar||SitrusBerry|Regenerator|Protect,TrickRoom,Psychic,SludgeBomb|Relaxed||F|||50|]Crabominable||Crabominite|IronFist|ThunderPunch,DrainPunch,Protect,IceHammer|Brave||M|||50|]Absol||Absolite|Justified|Blizzard,DarkPulse,Thunderbolt,Protect|Timid||M|||50|]Vanilluxe||ChoiceScarf|SnowWarning|Blizzard,FreezeDry,FlashCannon,IcyWind|Timid||M|||50|\n|c|☆xVoltage222|glhf!\n|c|☆Marioman0553|glhf\n|\n|t:|1788447013\n|teamsize|p1|4\n|teamsize|p2|4\n|start\n|switch|p1a: THE GOAT|Ceruledge, L50, M|100/100\n|switch|p1b: Bundle of Whimsey|Whimsicott, L50, F|100/100\n|switch|p2a: Garchomp|Garchomp, L50, F|100/100\n|switch|p2b: Sneasler|Sneasler, L50, M|100/100\n|turn|1\n|\n|t:|1788447053\n|switch|p2b: Vanilluxe|Vanilluxe, L50, M|100/100\n|-weather|Snowscape|[from] ability: Snow Warning|[of] p2b: Vanilluxe\n|switch|p1a: Meowscarada|Meowscarada, L50, M|100/100\n|move|p1b: Bundle of Whimsey|Protect|p1b: Bundle of Whimsey\n|-singleturn|p1b: Bundle of Whimsey|Protect\n|move|p2a: Garchomp|Stomping Tantrum|p1a: Meowscarada\n|-resisted|p1a: Meowscarada|1\n|-damage|p1a: Meowscarada|70/100\n|-damage|p2a: Garchomp|90/100|[from] item: Life Orb\n|\n|-weather|Snowscape|[upkeep]\n|upkeep\n|turn|2\n|\n|t:|1788447083\n|move|p2a: Garchomp|Protect|p2a: Garchomp\n|-singleturn|p2a: Garchomp|Protect\n|move|p1b: Bundle of Whimsey|Tailwind|p1b: Bundle of Whimsey\n|-sidestart|p1: Marioman0553|move: Tailwind\n|move|p1a: Meowscarada|Triple Axel|p2a: Garchomp\n|-start|p1a: Meowscarada|typechange|Ice|[from] ability: Protean\n|-activate|p2a: Garchomp|move: Protect\n|move|p2b: Vanilluxe|Blizzard|p1a: Meowscarada|[spread] p1a,p1b\n|-resisted|p1a: Meowscarada|1\n|-supereffective|p1b: Bundle of Whimsey|1\n|-damage|p1a: Meowscarada|39/100\n|-enditem|p1b: Bundle of Whimsey|Focus Sash\n|-damage|p1b: Bundle of Whimsey|1/100\n|\n|-weather|Snowscape|[upkeep]\n|upkeep\n|turn|3\n|\n|t:|1788447136\n|switch|p2a: Sneasler|Sneasler, L50, M|100/100\n|move|p1a: Meowscarada|Triple Axel|p2a: Sneasler\n|-damage|p2a: Sneasler|86/100\n|-damage|p2a: Sneasler|60/100\n|-damage|p2a: Sneasler|21/100\n|-hitcount|p2a: Sneasler|3\n|move|p1b: Bundle of Whimsey|Moonblast|p2b: Vanilluxe\n|-damage|p2b: Vanilluxe|48/100\n|move|p2b: Vanilluxe|Blizzard|p1a: Meowscarada|[spread] p1a,p1b\n|-resisted|p1a: Meowscarada|1\n|-supereffective|p1b: Bundle of Whimsey|1\n|-damage|p1a: Meowscarada|7/100\n|-damage|p1b: Bundle of Whimsey|0 fnt\n|faint|p1b: Bundle of Whimsey\n|\n|-weather|Snowscape|[upkeep]\n|upkeep\n|\n|t:|1788447156\n|switch|p1b: THE GOAT|Ceruledge, L50, M|100/100\n|turn|4\n|\n|t:|1788447184\n|switch|p2b: Garchomp|Garchomp, L50, F|90/100\n|move|p1a: Meowscarada|Protect|p1a: Meowscarada\n|-singleturn|p1a: Meowscarada|Protect\n|move|p2a: Sneasler|Fake Out|p1a: Meowscarada\n|-activate|p1a: Meowscarada|move: Protect\n|move|p1b: THE GOAT|Bitter Blade|p2b: Garchomp\n|-resisted|p2b: Garchomp|1\n|-damage|p2b: Garchomp|55/100\n|-damage|p1b: THE GOAT|87/100|[from] ability: Rough Skin|[of] p2b: Garchomp\n|-damage|p1b: THE GOAT|77/100|[from] item: Life Orb\n|\n|-weather|Snowscape|[upkeep]\n|upkeep\n|turn|5\n|\n|t:|1788447205\n|move|p2a: Sneasler|Protect|p2a: Sneasler\n|-singleturn|p2a: Sneasler|Protect\n|move|p2b: Garchomp|Protect|p2b: Garchomp\n|-singleturn|p2b: Garchomp|Protect\n|move|p1a: Meowscarada|Play Rough|p2b: Garchomp\n|-activate|p2b: Garchomp|move: Protect\n|move|p1b: THE GOAT|Bitter Blade|p2a: Sneasler\n|-activate|p2a: Sneasler|move: Protect\n|\n|-weather|none\n|-sideend|p1: Marioman0553|move: Tailwind\n|upkeep\n|turn|6\n|\n|t:|1788447241\n|move|p1b: THE GOAT|Shadow Sneak|p2a: Sneasler\n|-damage|p2a: Sneasler|0 fnt\n|faint|p2a: Sneasler\n|-damage|p1b: THE GOAT|67/100|[from] item: Life Orb\n|move|p1a: Meowscarada|Play Rough|p2b: Garchomp\n|-supereffective|p2b: Garchomp|1\n|-damage|p2b: Garchomp|8/100\n|-damage|p1a: Meowscarada|0 fnt|[from] ability: Rough Skin|[of] p2b: Garchomp\n|faint|p1a: Meowscarada\n|move|p2b: Garchomp|Rock Slide|p1b: THE GOAT\n|-supereffective|p1b: THE GOAT|1\n|-damage|p1b: THE GOAT|0 fnt\n|faint|p1b: THE GOAT\n|-damage|p2b: Garchomp|0 fnt|[from] item: Life Orb\n|faint|p2b: Garchomp\n|\n|upkeep\n|\n|t:|1788447259\n|switch|p1a: Tinkaton|Tinkaton, L50, F|100/100\n|switch|p2a: Absol|Absol, L50, M|100/100\n|switch|p2b: Vanilluxe|Vanilluxe, L50, M|48/100\n|-weather|Snowscape|[from] ability: Snow Warning|[of] p2b: Vanilluxe\n|-ability|p1a: Tinkaton|Mold Breaker\n|turn|7\n|\n|t:|1788447310\n|detailschange|p2a: Absol|Absol-Mega, L50, M\n|-mega|p2a: Absol|Absol|Absolite\n|move|p2b: Vanilluxe|Flash Cannon|p1a: Tinkaton\n|-damage|p1a: Tinkaton|72/100\n|move|p2a: Absol|Thunderbolt|p1a: Tinkaton\n|-damage|p1a: Tinkaton|40/100\n|move|p1a: Tinkaton|Gigaton Hammer|p2b: Vanilluxe\n|-supereffective|p2b: Vanilluxe|1\n|-damage|p2b: Vanilluxe|0 fnt\n|faint|p2b: Vanilluxe\n|\n|-weather|Snowscape|[upkeep]\n|upkeep\n|turn|8\n|\n|t:|1788447321\n|move|p2a: Absol|Thunderbolt|p1a: Tinkaton\n|-crit|p1a: Tinkaton\n|-damage|p1a: Tinkaton|0 fnt\n|faint|p1a: Tinkaton\n|\n|win|xVoltage222\n||Marioman0553 is ready for game 2.\n||xVoltage222 is ready for game 2.\n|uhtml|next|Next: <a href=\"/battle-gen9championsvgc2026regmbbo3-2675001667\"><strong>Game 2 of 3</strong></a>\n","uploadtime":1788447695,"views":"13","formatid":"gen9championsvgc2026regmbbo3","rating":null,"private":0,"password":null}