{"id":"gen9championsvgc2026regmb-2674304541","format":"[Gen 9 Champions] VGC 2026 Reg M-B","players":["kaponidlo","alexismydog"],"log":"|j|☆kaponidlo\n|j|☆alexismydog\n|t:|1788336434\n|gametype|doubles\n|player|p1|kaponidlo|265|1510\n|player|p2|alexismydog|265|1614\n|gen|9\n|tier|[Gen 9 Champions] VGC 2026 Reg M-B\n|rated|\n|rule|Species Clause: Limit one of each Pokémon\n|rule|Item Clause: Limit 1 of each item\n|clearpoke\n|poke|p1|Staraptor, L50, F|\n|poke|p1|Whimsicott, L50, M|\n|poke|p1|Farigiraf, L50, F|\n|poke|p1|Kleavor, L50, M|\n|poke|p1|Sableye, L50, M|\n|poke|p1|Flapple, L50, M|\n|poke|p2|Tyranitar, L50, M|\n|poke|p2|Excadrill, L50, F|\n|poke|p2|Sinistcha, L50|\n|poke|p2|Gholdengo, L50|\n|poke|p2|Staraptor, L50, M|\n|poke|p2|Milotic, L50, M|\n|teampreview|4\n|inactive|Battle timer is ON: inactive players will automatically lose when time's up. (requested by alexismydog)\n|\n|t:|1788336462\n|teamsize|p1|4\n|teamsize|p2|4\n|start\n|switch|p1a: Sableye|Sableye, L50, M|100/100\n|switch|p1b: Kleavor|Kleavor, L50, M|100/100\n|switch|p2a: Staraptor|Staraptor, L50, M|100/100\n|switch|p2b: Gholdengo|Gholdengo, L50|100/100\n|-ability|p2a: Staraptor|Intimidate|boost\n|-unboost|p1a: Sableye|atk|1\n|-unboost|p1b: Kleavor|atk|1\n|turn|1\n|\n|t:|1788336483\n|switch|p2a: Tyranitar|Tyranitar, L50, M|100/100\n|-weather|Sandstorm|[from] ability: Sand Stream|[of] p2a: Tyranitar\n|move|p1a: Sableye|Will-O-Wisp|p2a: Tyranitar\n|-hint|Since gen 7, Dark is immune to Prankster moves.\n|-immune|p2a: Tyranitar\n|move|p1b: Kleavor|Night Slash|p2b: Gholdengo\n|-supereffective|p2b: Gholdengo|1\n|-damage|p2b: Gholdengo|37/100\n|move|p2b: Gholdengo|Make It Rain|p1a: Sableye|[spread] p1a,p1b\n|-supereffective|p1b: Kleavor|1\n|-damage|p1a: Sableye|42/100\n|-damage|p1b: Kleavor|0 fnt\n|-unboost|p2b: Gholdengo|spa|2\n|faint|p1b: Kleavor\n|\n|-weather|Sandstorm|[upkeep]\n|-damage|p1a: Sableye|36/100|[from] Sandstorm\n|upkeep\n|\n|t:|1788336505\n|switch|p1b: Staraptor|Staraptor, L50, F|100/100\n|-ability|p1b: Staraptor|Intimidate|boost\n|-unboost|p2a: Tyranitar|atk|1\n|-unboost|p2b: Gholdengo|atk|1\n|turn|2\n|\n|t:|1788336518\n|switch|p2a: Staraptor|Staraptor, L50, M|100/100\n|-ability|p2a: Staraptor|Intimidate|boost\n|-unboost|p1a: Sableye|atk|1\n|-unboost|p1b: Staraptor|atk|1\n|detailschange|p1b: Staraptor|Staraptor-Mega, L50, F\n|-mega|p1b: Staraptor|Staraptor|Staraptite\n|move|p1a: Sableye|Gravity|p1a: Sableye\n|-fieldstart|move: Gravity\n|move|p1b: Staraptor|Close Combat|p2a: Staraptor\n|-damage|p2a: Staraptor|45/100\n|-boost|p1b: Staraptor|def|1\n|-boost|p1b: Staraptor|spd|1\n|move|p2b: Gholdengo|Nasty Plot|p2b: Gholdengo\n|-boost|p2b: Gholdengo|spa|2\n|\n|-weather|Sandstorm|[upkeep]\n|-damage|p1b: Staraptor|93/100|[from] Sandstorm\n|-damage|p2a: Staraptor|39/100|[from] Sandstorm\n|-damage|p1a: Sableye|30/100|[from] Sandstorm\n|upkeep\n|turn|3\n|inactive|kaponidlo has 30 seconds left.\n|inactive|alexismydog has 30 seconds left.\n|\n|t:|1788336550\n|move|p1a: Sableye|Will-O-Wisp|p2a: Staraptor\n|-status|p2a: Staraptor|brn\n|move|p1b: Staraptor|Brave Bird|p2b: Gholdengo\n|-resisted|p2b: Gholdengo|1\n|-damage|p2b: Gholdengo|12/100\n|-damage|p1b: Staraptor|85/100|[from] Recoil\n|move|p2a: Staraptor|Tailwind|p2a: Staraptor\n|-sidestart|p2: alexismydog|move: Tailwind\n|move|p2b: Gholdengo|Make It Rain|p1b: Staraptor|[spread] p1a,p1b\n|-damage|p1a: Sableye|0 fnt\n|-damage|p1b: Staraptor|43/100\n|-unboost|p2b: Gholdengo|spa|2\n|faint|p1a: Sableye\n|\n|-weather|Sandstorm|[upkeep]\n|-damage|p2a: Staraptor|33/100 brn|[from] Sandstorm\n|-damage|p1b: Staraptor|37/100|[from] Sandstorm\n|-damage|p2a: Staraptor|27/100 brn|[from] brn\n|upkeep\n|\n|t:|1788336570\n|switch|p1a: Flapple|Flapple, L50, M|100/100\n|turn|4\n|\n|t:|1788336583\n|move|p1a: Flapple|Protect|p1a: Flapple\n|-singleturn|p1a: Flapple|Protect\n|move|p2a: Staraptor|Brave Bird|p1b: Staraptor\n|-supereffective|p1b: Staraptor|1\n|-damage|p1b: Staraptor|0 fnt\n|faint|p1b: Staraptor\n|-damage|p2a: Staraptor|16/100 brn|[from] Recoil\n|move|p2b: Gholdengo|Shadow Ball|p1a: Flapple\n|-activate|p1a: Flapple|move: Protect\n|\n|-weather|Sandstorm|[upkeep]\n|-damage|p2a: Staraptor|10/100 brn|[from] Sandstorm\n|-damage|p1a: Flapple|93/100|[from] Sandstorm\n|-damage|p2a: Staraptor|4/100 brn|[from] brn\n|upkeep\n|turn|5\n|-message|kaponidlo forfeited.\n|\n|win|alexismydog\n|raw|kaponidlo's rating: 1510 &rarr; <strong>1496</strong><br />(-14 for losing)\n|raw|alexismydog's rating: 1614 &rarr; <strong>1628</strong><br />(+14 for winning)\n|l|☆kaponidlo\n|player|p1|\n","uploadtime":1788336599,"views":"1","formatid":"gen9championsvgc2026regmb","rating":1496,"private":0,"password":null}