{"id":"gen9championsvgc2026regmb-2674182875","format":"[Gen 9 Champions] VGC 2026 Reg M-B","players":["cleberbemoreno","Azu Ocra"],"log":"|j|☆cleberbemoreno\n|j|☆Azu Ocra\n|t:|1788311644\n|gametype|doubles\n|player|p1|cleberbemoreno|101|1246\n|player|p2|Azu Ocra|170|1227\n|gen|9\n|tier|[Gen 9 Champions] VGC 2026 Reg M-B\n|rated|\n|rule|Species Clause: Limit one of each Pokémon\n|rule|Item Clause: Limit 1 of each item\n|clearpoke\n|poke|p1|Aerodactyl, L50, F, shiny|\n|poke|p1|Sneasler, L50, M|\n|poke|p1|Froslass, L50, F|\n|poke|p1|Tsareena, L50, F|\n|poke|p1|Kingambit, L50, F|\n|poke|p1|Basculegion, L50, M|\n|poke|p2|Charizard, L50, M|\n|poke|p2|Garchomp, L50, F|\n|poke|p2|Kingambit, L50, F|\n|poke|p2|Toxapex, L50, M|\n|poke|p2|Whimsicott, L50, M|\n|poke|p2|Basculegion, L50, M|\n|teampreview|4\nAzu Ocra rejected open team sheets.\n|\n|t:|1788311708\n|teamsize|p1|4\n|teamsize|p2|4\n|start\n|switch|p1a: Froslass|Froslass, L50, F|100/100\n|switch|p1b: Sneasler|Sneasler, L50, M|100/100\n|switch|p2a: Charizard|Charizard, L50, M|100/100\n|switch|p2b: Garchomp|Garchomp, L50, F|100/100\n|turn|1\n|\n|t:|1788311719\n|detailschange|p1a: Froslass|Froslass-Mega, L50, F\n|-mega|p1a: Froslass|Froslass|Froslassite\n|-weather|Snowscape|[from] ability: Snow Warning|[of] p1a: Froslass\n|move|p2b: Garchomp|Protect|p2b: Garchomp\n|-singleturn|p2b: Garchomp|Protect\n|move|p2a: Charizard|Protect|p2a: Charizard\n|-singleturn|p2a: Charizard|Protect\n|move|p1b: Sneasler|Fake Out|p2a: Charizard\n|-activate|p2a: Charizard|move: Protect\n|move|p1a: Froslass|Blizzard|p2a: Charizard|[spread] \n|-activate|p2a: Charizard|move: Protect\n|-activate|p2b: Garchomp|move: Protect\n|\n|-weather|Snowscape|[upkeep]\n|upkeep\n|turn|2\n|\n|t:|1788311741\n|detailschange|p2a: Charizard|Charizard-Mega-Y, L50, M\n|-mega|p2a: Charizard|Charizard|Charizardite Y\n|-weather|SunnyDay|[from] ability: Drought|[of] p2a: Charizard\n|move|p1a: Froslass|Blizzard|p2b: Garchomp|[spread] \n|-miss|p1a: Froslass|p2a: Charizard\n|-miss|p1a: Froslass|p2b: Garchomp\n|move|p1b: Sneasler|Dire Claw|p2a: Charizard\n|-damage|p2a: Charizard|45/100\n|-status|p2a: Charizard|psn|[from] ability: Poison Touch|[of] p1b: Sneasler\n|-damage|p1b: Sneasler|90/100|[from] item: Life Orb\n|move|p2b: Garchomp|Earthquake|p1b: Sneasler|[spread] p1a,p1b\n|-immune|p2a: Charizard\n|-supereffective|p1b: Sneasler|1\n|-damage|p1a: Froslass|36/100\n|-damage|p1b: Sneasler|0 fnt\n|faint|p1b: Sneasler\n|move|p2a: Charizard|Heat Wave|p1a: Froslass\n|-supereffective|p1a: Froslass|1\n|-damage|p1a: Froslass|0 fnt\n|faint|p1a: Froslass\n|\n|-weather|SunnyDay|[upkeep]\n|-damage|p2a: Charizard|32/100 psn|[from] psn\n|upkeep\n|\n|t:|1788311756\n|switch|p1a: Kingambit|Kingambit, L50, F|100/100\n|switch|p1b: Tsareena|Tsareena, L50, F|100/100\n|turn|3\n|\n|t:|1788311769\n|move|p1a: Kingambit|Sucker Punch|p2a: Charizard\n|-damage|p2a: Charizard|0 fnt\n|faint|p2a: Charizard\n|move|p2b: Garchomp|Earthquake|p1b: Tsareena|[spread] p1a,p1b\n|-supereffective|p1a: Kingambit|1\n|-resisted|p1b: Tsareena|1\n|-damage|p1a: Kingambit|38/100\n|-damage|p1b: Tsareena|76/100\n|move|p1b: Tsareena|Triple Axel|p2b: Garchomp\n|-supereffective|p2b: Garchomp|2\n|-damage|p2b: Garchomp|71/100\n|-damage|p1b: Tsareena|64/100|[from] ability: Rough Skin|[of] p2b: Garchomp\n|-supereffective|p2b: Garchomp|2\n|-damage|p2b: Garchomp|17/100\n|-damage|p1b: Tsareena|52/100|[from] ability: Rough Skin|[of] p2b: Garchomp\n|-enditem|p2b: Garchomp|Sitrus Berry|[eat]\n|-heal|p2b: Garchomp|42/100|[from] item: Sitrus Berry\n|-supereffective|p2b: Garchomp|2\n|-damage|p2b: Garchomp|0 fnt\n|-damage|p1b: Tsareena|40/100|[from] ability: Rough Skin|[of] p2b: Garchomp\n|faint|p2b: Garchomp\n|-hitcount|p2: Garchomp|3\n|\n|-weather|SunnyDay|[upkeep]\n|upkeep\n|\n|t:|1788311790\n|switch|p2b: Basculegion|Basculegion, L50, M|100/100\n|switch|p2a: Kingambit|Kingambit, L50, F|100/100\n|turn|4\n|\n|t:|1788311810\n|move|p2b: Basculegion|Protect|p2b: Basculegion\n|-singleturn|p2b: Basculegion|Protect\n|move|p1b: Tsareena|Low Kick|p2a: Kingambit\n|-supereffective|p2a: Kingambit|2\n|-enditem|p2a: Kingambit|Chople Berry|[eat]\n|-enditem|p2a: Kingambit|Chople Berry|[weaken]\n|-damage|p2a: Kingambit|42/100\n|move|p2a: Kingambit|Low Kick|p1a: Kingambit\n|-supereffective|p1a: Kingambit|2\n|-damage|p1a: Kingambit|0 fnt\n|faint|p1a: Kingambit\n|\n|-weather|SunnyDay|[upkeep]\n|upkeep\n|turn|5\n|\n|t:|1788311825\n|move|p2a: Kingambit|Sucker Punch||[still]\n|cant|p1b: Tsareena|ability: Queenly Majesty|Sucker Punch|[of] p2a: Kingambit\n|move|p2b: Basculegion|Last Respects|p1b: Tsareena\n|-damage|p1b: Tsareena|0 fnt\n|faint|p1b: Tsareena\n|-damage|p2b: Basculegion|90/100|[from] item: Life Orb\n|\n|win|Azu Ocra\n|raw|cleberbemoreno's rating: 1246 &rarr; <strong>1220</strong><br />(-26 for losing)\n|raw|Azu Ocra's rating: 1227 &rarr; <strong>1253</strong><br />(+26 for winning)\n|l|☆cleberbemoreno\n|player|p1|\n","uploadtime":1788311836,"views":"6","formatid":"gen9championsvgc2026regmb","rating":1220,"private":0,"password":null}