{"id":"gen9championsvgc2026regmbbo3-2674033752","format":"[Gen 9 Champions] VGC 2026 Reg M-B (Bo3)","players":["humania1","Aikong"],"log":"|j|☆humania1\n|j|☆Aikong\n|html|<table width=\"100%\"><tr><td align=\"left\">humania1</td><td align=\"right\">Aikong</tr><tr><td align=\"left\"><i class=\"fa fa-circle-o\"></i> <i class=\"fa fa-circle-o\"></i> </td><td align=\"right\"><i class=\"fa fa-circle-o\"></i> <i class=\"fa fa-circle-o\"></i> </tr></table>\n|uhtml|bestof|<h2><strong>Game 1</strong> of <a href=\"/game-bestof3-gen9championsvgc2026regmbbo3-2674033751\">a best-of-3</a></h2>\n|t:|1788290648\n|gametype|doubles\n|player|p1|humania1|266|1084\n|player|p2|Aikong|266|1134\n|gen|9\n|tier|[Gen 9 Champions] VGC 2026 Reg M-B (Bo3)\n|rated|\n|rule|Species Clause: Limit one of each Pokémon\n|rule|Item Clause: Limit 1 of each item\n|clearpoke\n|poke|p1|Blastoise, L50, M|\n|poke|p1|Delphox, L50, M, shiny|\n|poke|p1|Incineroar, L50, M|\n|poke|p1|Sinistcha, L50|\n|poke|p1|Sneasler, L50, M|\n|poke|p1|Vivillon, L50, F|\n|poke|p2|Umbreon, L50, M, shiny|\n|poke|p2|Feraligatr, L50, F, shiny|\n|poke|p2|Sneasler, L50, F, shiny|\n|poke|p2|Incineroar, L50, F|\n|poke|p2|Metagross, L50, shiny|\n|poke|p2|Sinistcha-Masterpiece, L50|\n|teampreview|4\n|showteam|p1|Blastoise||Blastoisinite|Torrent|Protect,ShellSmash,WaterSpout,DarkPulse|Modest||M|||50|]Delphox||Delphoxite|Blaze|Protect,HeatWave,Psyshock,NastyPlot|Timid||M|||50|]Incineroar||PasshoBerry|Intimidate|FakeOut,PartingShot,FlareBlitz,ThroatChop|Impish||M|||50|]Sinistcha||SitrusBerry|Hospitality|Protect,MatchaGotcha,TrickRoom,RagePowder|Bold|||||50|]Sneasler||FocusSash|PoisonTouch|QuickGuard,FakeOut,CloseCombat,DireClaw|Jolly||M|||50|]Vivillon||ChoiceScarf|CompoundEyes|Hurricane,SleepPowder,RagePowder,Uturn|Timid||F|||50|\n|showteam|p2|Umbreon||Leftovers|InnerFocus|Detect,FoulPlay,Snarl,Yawn|Bold||M|||50|]Feraligatr||Feraligite|SheerForce|DragonDance,Liquidation,Facade,Protect|Adamant||F|||50|]Sneasler||FocusSash|Unburden|FakeOut,Coaching,CloseCombat,DireClaw|Jolly||F|||50|]Incineroar||LifeOrb|Intimidate|FakeOut,FlareBlitz,CloseCombat,DarkestLariat|Adamant||F|||50|]Metagross||Metagrossite|ClearBody|CosmicPower,BodyPress,PsychicFangs,Protect|Impish|||||50|]Sinistcha-Masterpiece||SitrusBerry|Hospitality|MatchaGotcha,TrickRoom,Protect,RagePowder|Bold|||||50|\n|inactive|Battle timer is ON: inactive players will automatically lose when time's up. (requested by humania1)\n|inactive|Aikong has 60 seconds left.\n|\n|t:|1788290691\n|teamsize|p1|4\n|teamsize|p2|4\n|start\n|switch|p1a: Blastoise|Blastoise, L50, M|100/100\n|switch|p1b: Incineroar|Incineroar, L50, M|100/100\n|switch|p2a: Sneasler|Sneasler, L50, F, shiny|100/100\n|switch|p2b: Metagross|Metagross, L50, shiny|100/100\n|-ability|p1b: Incineroar|Intimidate|boost\n|-unboost|p2a: Sneasler|atk|1\n|-fail|p2b: Metagross|unboost|[from] ability: Clear Body|[of] p2b: Metagross\n|turn|1\n|\n|t:|1788290708\n|detailschange|p1a: Blastoise|Blastoise-Mega, L50, M\n|-mega|p1a: Blastoise|Blastoise|Blastoisinite\n|move|p2a: Sneasler|Fake Out|p1a: Blastoise\n|-damage|p1a: Blastoise|90/100\n|move|p1b: Incineroar|Fake Out|p2a: Sneasler\n|-crit|p2a: Sneasler\n|-damage|p2a: Sneasler|74/100\n|cant|p1a: Blastoise|flinch\n|move|p2b: Metagross|Cosmic Power|p2b: Metagross\n|-boost|p2b: Metagross|def|1\n|-boost|p2b: Metagross|spd|1\n|\n|upkeep\n|turn|2\n|inactive|Aikong has 30 seconds left.\n|\n|t:|1788290740\n|move|p2a: Sneasler|Coaching|p2b: Metagross\n|-boost|p2b: Metagross|atk|1\n|-boost|p2b: Metagross|def|1\n|move|p1a: Blastoise|Shell Smash|p1a: Blastoise\n|-unboost|p1a: Blastoise|def|1\n|-unboost|p1a: Blastoise|spd|1\n|-boost|p1a: Blastoise|atk|2\n|-boost|p1a: Blastoise|spa|2\n|-boost|p1a: Blastoise|spe|2\n|move|p1b: Incineroar|Flare Blitz|p2a: Sneasler\n|-damage|p2a: Sneasler|0 fnt\n|faint|p2a: Sneasler\n|-damage|p1b: Incineroar|80/100|[from] Recoil\n|move|p2b: Metagross|Psychic Fangs|p1a: Blastoise\n|-damage|p1a: Blastoise|6/100\n|\n|upkeep\n|\n|t:|1788290758\n|switch|p2a: Umbreon|Umbreon, L50, M, shiny|100/100\n|turn|3\n|\n|t:|1788290770\n|move|p2b: Metagross|Protect|p2b: Metagross\n|-singleturn|p2b: Metagross|Protect\n|move|p1a: Blastoise|Water Spout|p2a: Umbreon|[spread] p2a\n|-activate|p2b: Metagross|move: Protect\n|-damage|p2a: Umbreon|95/100\n|move|p1b: Incineroar|Flare Blitz|p2a: Umbreon\n|-damage|p2a: Umbreon|64/100\n|-damage|p1b: Incineroar|70/100|[from] Recoil\n|move|p2a: Umbreon|Snarl|p1a: Blastoise|[spread] p1a,p1b\n|-resisted|p1b: Incineroar|1\n|-damage|p1a: Blastoise|0 fnt\n|-damage|p1b: Incineroar|66/100\n|-unboost|p1b: Incineroar|spa|1\n|faint|p1a: Blastoise\n|\n|-heal|p2a: Umbreon|70/100|[from] item: Leftovers\n|upkeep\n|\n|t:|1788290770\n|switch|p1a: Sinistcha|Sinistcha, L50|100/100\n|-heal|p1b: Incineroar|91/100|[from] ability: Hospitality|[of] p1a: Sinistcha\n|turn|4\n|\n|t:|1788290792\n|move|p1b: Incineroar|Parting Shot|p2b: Metagross\n|-fail|p2b: Metagross|unboost|[from] ability: Clear Body|[of] p2b: Metagross\n|move|p2b: Metagross|Body Press|p1b: Incineroar\n|-supereffective|p1b: Incineroar|1\n|-damage|p1b: Incineroar|0 fnt\n|faint|p1b: Incineroar\n|move|p1a: Sinistcha|Matcha Gotcha|p2a: Umbreon|[spread] p2a,p2b\n|-resisted|p2b: Metagross|1\n|-damage|p2a: Umbreon|54/100\n|-damage|p2b: Metagross|93/100\n|move|p2a: Umbreon|Snarl|p1a: Sinistcha\n|-supereffective|p1a: Sinistcha|1\n|-damage|p1a: Sinistcha|76/100\n|-unboost|p1a: Sinistcha|spa|1\n|\n|-heal|p2a: Umbreon|60/100|[from] item: Leftovers\n|upkeep\n|\n|t:|1788290792\n|switch|p1b: Sneasler|Sneasler, L50, M|100/100\n|turn|5\n|inactive|Aikong has 30 seconds left.\n|\n|t:|1788290822\n|move|p2b: Metagross|Protect|p2b: Metagross\n|-singleturn|p2b: Metagross|Protect\n|move|p1a: Sinistcha|Protect|p1a: Sinistcha\n|-singleturn|p1a: Sinistcha|Protect\n|move|p2a: Umbreon|Detect|p2a: Umbreon\n|-singleturn|p2a: Umbreon|Protect\n|move|p1b: Sneasler|Close Combat|p2a: Umbreon\n|-activate|p2a: Umbreon|move: Protect\n|\n|-heal|p2a: Umbreon|66/100|[from] item: Leftovers\n|upkeep\n|turn|6\n|\n|t:|1788290830\n|detailschange|p2b: Metagross|Metagross-Mega, L50, shiny\n|-mega|p2b: Metagross|Metagross|Metagrossite\n|move|p1b: Sneasler|Close Combat|p2a: Umbreon\n|-supereffective|p2a: Umbreon|1\n|-damage|p2a: Umbreon|0 fnt\n|-unboost|p1b: Sneasler|def|1\n|-unboost|p1b: Sneasler|spd|1\n|faint|p2a: Umbreon\n|move|p2b: Metagross|Psychic Fangs|p1b: Sneasler\n|-supereffective|p1b: Sneasler|2\n|-enditem|p1b: Sneasler|Focus Sash\n|-damage|p1b: Sneasler|1/100\n|move|p1a: Sinistcha|Trick Room|p1a: Sinistcha\n|-fieldstart|move: Trick Room|[of] p1a: Sinistcha\n|\n|upkeep\n|\n|t:|1788290835\n|switch|p2a: Sinistcha|Sinistcha-Masterpiece, L50|100/100\n|-heal|p2b: Metagross|100/100|[from] ability: Hospitality|[of] p2a: Sinistcha\n|turn|7\n|\n|t:|1788290849\n|move|p1a: Sinistcha|Protect|p1a: Sinistcha\n|-singleturn|p1a: Sinistcha|Protect\n|move|p1b: Sneasler|Quick Guard|p1b: Sneasler\n|-singleturn|p1b: Sneasler|Quick Guard\n|move|p2a: Sinistcha|Matcha Gotcha|p1a: Sinistcha|[spread] p1b\n|-activate|p1a: Sinistcha|move: Protect\n|-resisted|p1b: Sneasler|1\n|-damage|p1b: Sneasler|0 fnt\n|faint|p1b: Sneasler\n|move|p2b: Metagross|Psychic Fangs|p1a: Sinistcha\n|-activate|p1a: Sinistcha|move: Protect\n|\n|upkeep\n|turn|8\n|\n|t:|1788290860\n|move|p1a: Sinistcha|Rage Powder|p1a: Sinistcha\n|-singleturn|p1a: Sinistcha|move: Rage Powder\n|move|p2a: Sinistcha|Matcha Gotcha|p1a: Sinistcha|[miss]\n|-miss|p2a: Sinistcha|p1a: Sinistcha\n|move|p2b: Metagross|Psychic Fangs|p1a: Sinistcha\n|-damage|p1a: Sinistcha|9/100\n|-enditem|p1a: Sinistcha|Sitrus Berry|[eat]\n|-heal|p1a: Sinistcha|34/100|[from] item: Sitrus Berry\n|\n|upkeep\n|turn|9\n|\n|t:|1788290870\n|move|p1a: Sinistcha|Protect|p1a: Sinistcha\n|-singleturn|p1a: Sinistcha|Protect\n|move|p2a: Sinistcha|Matcha Gotcha|p1a: Sinistcha\n|-activate|p1a: Sinistcha|move: Protect\n|move|p2b: Metagross|Psychic Fangs|p1a: Sinistcha\n|-activate|p1a: Sinistcha|move: Protect\n|\n|upkeep\n|turn|10\n|\n|t:|1788290874\n|move|p1a: Sinistcha|Rage Powder|p1a: Sinistcha\n|-singleturn|p1a: Sinistcha|move: Rage Powder\n|move|p2a: Sinistcha|Matcha Gotcha|p1a: Sinistcha\n|-resisted|p1a: Sinistcha|1\n|-damage|p1a: Sinistcha|20/100y\n|move|p2b: Metagross|Psychic Fangs|p1a: Sinistcha\n|-damage|p1a: Sinistcha|0 fnt\n|faint|p1a: Sinistcha\n|\n|win|Aikong\n","uploadtime":1788290874,"views":"4","formatid":"gen9championsvgc2026regmbbo3","rating":null,"private":0,"password":null}