{"id":"gen9championsvgc2026regmbbo3-2674658280","format":"[Gen 9 Champions] VGC 2026 Reg M-B (Bo3)","players":["gred.win","dkelly1126"],"log":"|j|☆gred.win\n|j|☆dkelly1126\n|html|<table width=\"100%\"><tr><td align=\"left\">gred.win</td><td align=\"right\">dkelly1126</tr><tr><td align=\"left\"><i class=\"fa fa-circle-o\"></i> <i class=\"fa fa-circle-o\"></i> </td><td align=\"right\"><i class=\"fa fa-circle-o\"></i> <i class=\"fa fa-circle\"></i> </tr></table>\n|uhtml|bestof|<h2><strong>Game 2</strong> of <a href=\"/game-bestof3-gen9championsvgc2026regmbbo3-2674656159\">a best-of-3</a></h2>\n|t:|1788386256\n|gametype|doubles\n|player|p1|gred.win|rocketgruntf|1002\n|player|p2|dkelly1126|101|1145\n|gen|9\n|tier|[Gen 9 Champions] VGC 2026 Reg M-B (Bo3)\n|rated|\n|rule|Species Clause: Limit one of each Pokémon\n|rule|Item Clause: Limit 1 of each item\n|clearpoke\n|poke|p1|Raichu, L50, M, shiny|\n|poke|p1|Gallade, L50, M|\n|poke|p1|Ceruledge, L50, F|\n|poke|p1|Infernape, L50, F|\n|poke|p1|Aerodactyl, L50, M|\n|poke|p1|Weavile, L50, M|\n|poke|p2|Blastoise, L50, M|\n|poke|p2|Delphox, L50, M|\n|poke|p2|Sinistcha-Masterpiece, L50|\n|poke|p2|Sneasler, L50, F|\n|poke|p2|Kingambit, L50, M|\n|poke|p2|Incineroar, L50, M|\n|teampreview|4\n|showteam|p1|Raichu||RaichuniteY|Static|ZapCannon,FocusBlast,FakeOut,Protect|Hasty||M|||50|]Gallade||ChoiceScarf|Sharpness|SacredSword,PsychoCut,Agility,Protect|Adamant||M|||50|]Ceruledge||Leftovers|WeakArmor|BitterBlade,PhantomForce,PoisonJab,Protect|Jolly||F|||50|]Infernape||LumBerry|IronFist|CloseCombat,RockSlide,FakeOut,RagingFury|Jolly||F|||50|]Aerodactyl|||RockHead|IceFang,RockSlide,Tailwind,DualWingbeat|Jolly||M|||50|]Weavile||LifeOrb|Pressure|IceSpinner,KnockOff,PoisonJab,FakeOut|Jolly||M|||50|\n|showteam|p2|Blastoise||Blastoisinite|RainDish|WaterSpout,DarkPulse,ShellSmash,Protect|Modest||M|||50|]Delphox||Delphoxite|Blaze|HeatWave,Psychic,NastyPlot,Protect|Timid||M|||50|]Sinistcha-Masterpiece||ColburBerry|Hospitality|MatchaGotcha,RagePowder,TrickRoom,Protect|Bold|||||50|]Sneasler||FocusSash|PoisonTouch|FakeOut,PoisonJab,CloseCombat,QuickGuard|Jolly||F|||50|]Kingambit||LifeOrb|Defiant|KowtowCleave,SuckerPunch,SwordsDance,Protect|Adamant||M|||50|]Incineroar||SitrusBerry|Intimidate|FakeOut,FlareBlitz,ThroatChop,PartingShot|Careful||M|||50|\n|inactive|Battle timer is ON: inactive players will automatically lose when time's up. (requested by gred.win)\n|\n|t:|1788386285\n|teamsize|p1|4\n|teamsize|p2|4\n|start\n|switch|p1a: Raijin|Raichu, L50, M, shiny|100/100\n|switch|p1b: Ceruledge|Ceruledge, L50, F|100/100\n|switch|p2a: Incineroar|Incineroar, L50, M|100/100\n|switch|p2b: Delphox|Delphox, L50, M|100/100\n|-ability|p2a: Incineroar|Intimidate|boost\n|-unboost|p1a: Raijin|atk|1\n|-unboost|p1b: Ceruledge|atk|1\n|turn|1\n|inactive|gred.win has 30 seconds left.\n|inactive|dkelly1126 has 30 seconds left.\n|inactive|gred.win has 20 seconds left.\n|\n|t:|1788386320\n|detailschange|p1a: Raijin|Raichu-Mega-Y, L50, M, shiny\n|-mega|p1a: Raijin|Raichu|Raichunite Y\n|move|p2b: Delphox|Protect|p2b: Delphox\n|-singleturn|p2b: Delphox|Protect\n|move|p1a: Raijin|Zap Cannon|p2b: Delphox\n|-activate|p2b: Delphox|move: Protect\n|move|p1b: Ceruledge|Phantom Force||[still]\n|-prepare|p1b: Ceruledge|Phantom Force\n|move|p2a: Incineroar|Throat Chop|p1b: Ceruledge|[miss]\n|-miss|p2a: Incineroar|p1b: Ceruledge\n|\n|upkeep\n|turn|2\n|\n|t:|1788386338\n|switch|p2b: Sneasler|Sneasler, L50, F|100/100\n|move|p1a: Raijin|Protect|p1a: Raijin\n|-singleturn|p1a: Raijin|Protect\n|move|p1b: Ceruledge|Phantom Force|p2b: Sneasler|[from] lockedmove\n|-damage|p2b: Sneasler|51/100\n|move|p2a: Incineroar|Parting Shot|p1a: Raijin\n|-activate|p1a: Raijin|move: Protect\n|\n|upkeep\n|turn|3\n|\n|t:|1788386357\n|move|p1b: Ceruledge|Protect|p1b: Ceruledge\n|-singleturn|p1b: Ceruledge|Protect\n|move|p2b: Sneasler|Fake Out|p1a: Raijin\n|-damage|p1a: Raijin|68/100\n|-status|p1a: Raijin|psn|[from] ability: Poison Touch|[of] p2b: Sneasler\n|cant|p1a: Raijin|flinch\n|move|p2a: Incineroar|Parting Shot|p1b: Ceruledge\n|-activate|p1b: Ceruledge|move: Protect\n|\n|-damage|p1a: Raijin|56/100 psn|[from] psn\n|upkeep\n|turn|4\n|inactive|dkelly1126 has 30 seconds left.\n|inactive|dkelly1126 has 20 seconds left.\n|\n|t:|1788386397\n|switch|p1b: Aerodactyl|Aerodactyl, L50, M|100/100\n|switch|p2a: Sinistcha|Sinistcha-Masterpiece, L50|100/100\n|-heal|p2b: Sneasler|76/100|[from] ability: Hospitality|[of] p2a: Sinistcha\n|move|p1a: Raijin|Zap Cannon|p2b: Sneasler\n|-damage|p2b: Sneasler|0 fnt\n|faint|p2b: Sneasler\n|\n|-damage|p1a: Raijin|44/100 psn|[from] psn\n|upkeep\n|\n|t:|1788386412\n|switch|p2b: Delphox|Delphox, L50, M|100/100\n|turn|5\n|\n|t:|1788386424\n|detailschange|p2b: Delphox|Delphox-Mega, L50, M\n|-mega|p2b: Delphox|Delphox|Delphoxite\n|move|p2b: Delphox|Protect|p2b: Delphox\n|-singleturn|p2b: Delphox|Protect\n|move|p1a: Raijin|Zap Cannon|p2b: Delphox\n|-activate|p2b: Delphox|move: Protect\n|move|p1b: Aerodactyl|Ice Fang|p2a: Sinistcha\n|-supereffective|p2a: Sinistcha|1\n|-damage|p2a: Sinistcha|68/100\n|cant|p2a: Sinistcha|flinch\n|\n|-damage|p1a: Raijin|32/100 psn|[from] psn\n|upkeep\n|turn|6\n|inactive|gred.win has 30 seconds left.\n|\n|t:|1788386449\n|move|p2b: Delphox|Psychic|p1a: Raijin\n|-damage|p1a: Raijin|0 fnt\n|faint|p1a: Raijin\n|move|p1b: Aerodactyl|Dual Wingbeat|p2a: Sinistcha|[miss]\n|-miss|p1b: Aerodactyl|p2a: Sinistcha\n|move|p2a: Sinistcha|Matcha Gotcha|p1b: Aerodactyl\n|-damage|p1b: Aerodactyl|56/100\n|-heal|p2a: Sinistcha|88/100|[from] drain|[of] p1b: Aerodactyl\n|\n|upkeep\n|\n|t:|1788386461\n|switch|p1a: Ceruledge|Ceruledge, L50, F|100/100\n|turn|7\n|\n|t:|1788386481\n|switch|p2a: Incineroar|Incineroar, L50, M|100/100\n|-ability|p2a: Incineroar|Intimidate|boost\n|-unboost|p1a: Ceruledge|atk|1\n|-unboost|p1b: Aerodactyl|atk|1\n|move|p2b: Delphox|Protect|p2b: Delphox\n|-singleturn|p2b: Delphox|Protect\n|move|p1a: Ceruledge|Protect|p1a: Ceruledge\n|-singleturn|p1a: Ceruledge|Protect\n|move|p1b: Aerodactyl|Tailwind|p1b: Aerodactyl\n|-sidestart|p1: gred.win|move: Tailwind\n|\n|upkeep\n|turn|8\n|\n|t:|1788386503\n|switch|p1a: Infernape|Infernape, L50, F|100/100\n|switch|p2b: Sinistcha|Sinistcha-Masterpiece, L50|88/100\n|move|p1b: Aerodactyl|Rock Slide|p2b: Sinistcha|[spread] p2a,p2b\n|-supereffective|p2a: Incineroar|1\n|-damage|p2a: Incineroar|65/100\n|-damage|p2b: Sinistcha|74/100\n|cant|p2a: Incineroar|flinch\n|\n|upkeep\n|turn|9\n|inactive|gred.win has 30 seconds left.\n|\n|t:|1788386528\n|move|p1b: Aerodactyl|Rock Slide|p2b: Sinistcha|[spread] p2a,p2b\n|-supereffective|p2a: Incineroar|1\n|-damage|p2a: Incineroar|34/100\n|-damage|p2b: Sinistcha|61/100\n|-enditem|p2a: Incineroar|Sitrus Berry|[eat]\n|-heal|p2a: Incineroar|59/100|[from] item: Sitrus Berry\n|move|p1a: Infernape|Rock Slide|p2a: Incineroar|[spread] p2a,p2b\n|-supereffective|p2a: Incineroar|1\n|-damage|p2a: Incineroar|23/100\n|-damage|p2b: Sinistcha|47/100\n|move|p2a: Incineroar|Parting Shot|p1b: Aerodactyl\n|-unboost|p1b: Aerodactyl|atk|1\n|-unboost|p1b: Aerodactyl|spa|1\n|\n|t:|1788386539\n|switch|p2a: Delphox|Delphox-Mega, L50, M|100/100|[from] Parting Shot\n|move|p2b: Sinistcha|Matcha Gotcha|p1b: Aerodactyl|[spread] p1a\n|-miss|p2b: Sinistcha|p1b: Aerodactyl\n|-resisted|p1a: Infernape|1\n|-damage|p1a: Infernape|82/100\n|-heal|p2b: Sinistcha|55/100|[from] drain|[of] p1a: Infernape\n|\n|upkeep\n|turn|10\n|\n|t:|1788386556\n|move|p2a: Delphox|Protect|p2a: Delphox\n|-singleturn|p2a: Delphox|Protect\n|move|p2b: Sinistcha|Protect|p2b: Sinistcha\n|-singleturn|p2b: Sinistcha|Protect\n|move|p1b: Aerodactyl|Rock Slide|p2b: Sinistcha|[spread] \n|-activate|p2a: Delphox|move: Protect\n|-activate|p2b: Sinistcha|move: Protect\n|move|p1a: Infernape|Rock Slide|p2a: Delphox|[spread] \n|-activate|p2a: Delphox|move: Protect\n|-activate|p2b: Sinistcha|move: Protect\n|\n|-sideend|p1: gred.win|move: Tailwind\n|upkeep\n|turn|11\n|\n|t:|1788386577\n|switch|p1a: Ceruledge|Ceruledge, L50, F|100/100\n|switch|p2b: Incineroar|Incineroar, L50, M|23/100\n|-ability|p2b: Incineroar|Intimidate|boost\n|-unboost|p1a: Ceruledge|atk|1\n|-unboost|p1b: Aerodactyl|atk|1\n|move|p2a: Delphox|Psychic|p1a: Ceruledge\n|-damage|p1a: Ceruledge|46/100\n|move|p1b: Aerodactyl|Tailwind|p1b: Aerodactyl\n|-sidestart|p1: gred.win|move: Tailwind\n|\n|-heal|p1a: Ceruledge|51/100|[from] item: Leftovers\n|upkeep\n|turn|12\n|\n|t:|1788386595\n|move|p2a: Delphox|Protect|p2a: Delphox\n|-singleturn|p2a: Delphox|Protect\n|move|p1b: Aerodactyl|Rock Slide|p2a: Delphox|[spread] p2b\n|-activate|p2a: Delphox|move: Protect\n|-supereffective|p2b: Incineroar|1\n|-damage|p2b: Incineroar|4/100\n|move|p1a: Ceruledge|Phantom Force||[still]\n|-prepare|p1a: Ceruledge|Phantom Force\n|move|p2b: Incineroar|Parting Shot|p1a: Ceruledge|[miss]\n|-miss|p2b: Incineroar|p1a: Ceruledge\n|\n|-heal|p1a: Ceruledge|57/100|[from] item: Leftovers\n|upkeep\n|turn|13\n|\n|t:|1788386613\n|switch|p2a: Sinistcha|Sinistcha-Masterpiece, L50|55/100\n|-heal|p2b: Incineroar|29/100|[from] ability: Hospitality|[of] p2a: Sinistcha\n|move|p1b: Aerodactyl|Rock Slide|p2b: Incineroar|[spread] p2b\n|-miss|p1b: Aerodactyl|p2a: Sinistcha\n|-supereffective|p2b: Incineroar|1\n|-damage|p2b: Incineroar|7/100\n|move|p1a: Ceruledge|Phantom Force|p2a: Sinistcha|[from] lockedmove\n|-supereffective|p2a: Sinistcha|1\n|-damage|p2a: Sinistcha|7/100\n|move|p2b: Incineroar|Throat Chop|p1b: Aerodactyl\n|-damage|p1b: Aerodactyl|7/100\n|-start|p1b: Aerodactyl|Throat Chop|[silent]\n|\n|-heal|p1a: Ceruledge|63/100|[from] item: Leftovers\n|upkeep\n|turn|14\n|inactive|dkelly1126 has 30 seconds left.\n|\n|t:|1788386642\n|move|p1a: Ceruledge|Protect|p1a: Ceruledge\n|-singleturn|p1a: Ceruledge|Protect\n|move|p2a: Sinistcha|Protect|p2a: Sinistcha\n|-singleturn|p2a: Sinistcha|Protect\n|move|p1b: Aerodactyl|Rock Slide|p2a: Sinistcha|[spread] p2b\n|-activate|p2a: Sinistcha|move: Protect\n|-supereffective|p2b: Incineroar|1\n|-damage|p2b: Incineroar|0 fnt\n|faint|p2b: Incineroar\n|\n|-heal|p1a: Ceruledge|69/100|[from] item: Leftovers\n|-end|p1b: Aerodactyl|Throat Chop|[silent]\n|-sideend|p1: gred.win|move: Tailwind\n|upkeep\n|\n|t:|1788386651\n|switch|p2b: Delphox|Delphox-Mega, L50, M|100/100\n|turn|15\n|\n|t:|1788386680\n|move|p2a: Sinistcha|Rage Powder|p2a: Sinistcha\n|-singleturn|p2a: Sinistcha|move: Rage Powder\n|move|p2b: Delphox|Psychic|p1b: Aerodactyl\n|-damage|p1b: Aerodactyl|0 fnt\n|faint|p1b: Aerodactyl\n|move|p1a: Ceruledge|Phantom Force||[still]\n|-prepare|p1a: Ceruledge|Phantom Force\n|\n|-heal|p1a: Ceruledge|75/100|[from] item: Leftovers\n|upkeep\n|\n|t:|1788386689\n|switch|p1b: Infernape|Infernape, L50, F|82/100\n|turn|16\n|inactive|dkelly1126 has 30 seconds left.\n|\n|t:|1788386715\n|move|p2a: Sinistcha|Rage Powder|p2a: Sinistcha\n|-singleturn|p2a: Sinistcha|move: Rage Powder\n|move|p2b: Delphox|Psychic|p1b: Infernape\n|-supereffective|p1b: Infernape|1\n|-damage|p1b: Infernape|0 fnt\n|faint|p1b: Infernape\n|move|p1a: Ceruledge|Phantom Force|p2a: Sinistcha|[from] lockedmove\n|-supereffective|p2a: Sinistcha|1\n|-damage|p2a: Sinistcha|0 fnt\n|faint|p2a: Sinistcha\n|\n|-heal|p1a: Ceruledge|81/100|[from] item: Leftovers\n|upkeep\n|turn|17\n|\n|t:|1788386733\n|move|p2b: Delphox|Psychic|p1a: Ceruledge\n|-damage|p1a: Ceruledge|18/100\n|move|p1a: Ceruledge|Phantom Force||[still]\n|-prepare|p1a: Ceruledge|Phantom Force\n|\n|-heal|p1a: Ceruledge|24/100|[from] item: Leftovers\n|upkeep\n|turn|18\n|\n|t:|1788386742\n|move|p2b: Delphox|Nasty Plot|p2b: Delphox\n|-boost|p2b: Delphox|spa|2\n|move|p1a: Ceruledge|Phantom Force|p2b: Delphox|[from] lockedmove\n|-supereffective|p2b: Delphox|1\n|-damage|p2b: Delphox|24/100\n|\n|-heal|p1a: Ceruledge|30/100|[from] item: Leftovers\n|upkeep\n|turn|19\n|\n|t:|1788386752\n|move|p1a: Ceruledge|Protect|p1a: Ceruledge\n|-singleturn|p1a: Ceruledge|Protect\n|move|p2b: Delphox|Psychic|p1a: Ceruledge\n|-activate|p1a: Ceruledge|move: Protect\n|\n|-heal|p1a: Ceruledge|36/100|[from] item: Leftovers\n|upkeep\n|turn|20\n|\n|t:|1788386763\n|move|p2b: Delphox|Psychic|p1a: Ceruledge\n|-damage|p1a: Ceruledge|0 fnt\n|faint|p1a: Ceruledge\n|\n|win|dkelly1126\n|raw|gred.win's rating: 1002 &rarr; <strong>1000</strong><br />(-2 for losing)\n|raw|dkelly1126's rating: 1145 &rarr; <strong>1160</strong><br />(+15 for winning)\n|c|☆dkelly1126|gg\n","uploadtime":1788386769,"views":"4","formatid":"gen9championsvgc2026regmbbo3","rating":1000,"private":0,"password":null}