{"id":"gen9championsvgc2026regmbbo3-2673668105","format":"[Gen 9 Champions] VGC 2026 Reg M-B (Bo3)","players":["yourztar","Vikin"],"log":"|j|☆yourztar\n|j|☆Vikin\n|html|<table width=\"100%\"><tr><td align=\"left\">yourztar</td><td align=\"right\">Vikin</tr><tr><td align=\"left\"><i class=\"fa fa-circle-o\"></i> <i class=\"fa fa-circle-o\"></i> </td><td align=\"right\"><i class=\"fa fa-circle-o\"></i> <i class=\"fa fa-circle-o\"></i> </tr></table>\n|uhtml|bestof|<h2><strong>Game 1</strong> of <a href=\"/game-bestof3-gen9championsvgc2026regmbbo3-2673668104\">a best-of-3</a></h2>\n|t:|1788230005\n|gametype|doubles\n|player|p1|yourztar|mina|\n|player|p2|Vikin|taunie|\n|gen|9\n|tier|[Gen 9 Champions] VGC 2026 Reg M-B (Bo3)\n|rule|Species Clause: Limit one of each Pokémon\n|rule|Item Clause: Limit 1 of each item\n|clearpoke\n|poke|p1|Floette-Eternal, L50, F|\n|poke|p1|Archaludon, L50, F|\n|poke|p1|Tyranitar, L50, M|\n|poke|p1|Sableye, L50, F, shiny|\n|poke|p1|Excadrill, L50, M|\n|poke|p1|Hydreigon, L50, F|\n|poke|p2|Hatterene, L50, F|\n|poke|p2|Farigiraf, L50, F|\n|poke|p2|Slowking-Galar, L50, F|\n|poke|p2|Gholdengo, L50|\n|poke|p2|Charizard, L50, M|\n|poke|p2|Venusaur, L50, M|\n|teampreview|4\n|showteam|p1|Floette-Eternal||Floettite|FlowerVeil|LightofRuin,HelpingHand,DazzlingGleam,Protect|Modest||F|||50|]Archaludon||Leftovers|Stamina|DragonPulse,ElectroShot,FlashCannon,Protect|Modest||F|||50|]Tyranitar||ChoiceScarf|SandStream|Superpower,KnockOff,RockSlide,HeavySlam|Jolly||M|||50|]Sableye||LightClay|Prankster|FakeOut,LightScreen,Reflect,RainDance|Careful||F|||50|]Excadrill||FocusSash|SandRush|SwordsDance,IronHead,HighHorsepower,RockSlide|Adamant||M|||50|]Hydreigon||LifeOrb|Levitate|DracoMeteor,DarkPulse,EarthPower,Tailwind|Timid||F|||50|\n|showteam|p2|Hatterene||FairyFeather|MagicBounce|DazzlingGleam,DrainingKiss,TrickRoom,Protect|Modest||F|||50|]Farigiraf||MentalHerb|ArmorTail|TrickRoom,Psychic,Thunderbolt,Protect|Bold||F|||50|]Slowking-Galar||SitrusBerry|Regenerator|ChillyReception,GrassKnot,Taunt,Protect|Calm||F|||50|]Gholdengo||LifeOrb|GoodasGold|NastyPlot,MakeItRain,DazzlingGleam,Protect|Modest|||||50|]Charizard||CharizarditeY|Blaze|WeatherBall,HeatWave,SolarBeam,Protect|Modest||M|||50|]Venusaur||FocusSash|Overgrow|EarthPower,EnergyBall,SludgeBomb,Protect|Timid||M|||50|\n|c|☆Vikin|gl\n|j| NewBurru\n|j| elroclee\n|j| Br4ndonR\n|c| Br4ndonR|Mis papis se van a pelear\n|c| Br4ndonR|Cómo en la vida real\n|\n|t:|1788230060\n|teamsize|p1|4\n|teamsize|p2|4\n|start\n|switch|p1a: Tyranitar|Tyranitar, L50, M|100/100\n|switch|p1b: Sableye|Sableye, L50, F, shiny|100/100\n|switch|p2a: Rintarou|Farigiraf, L50, F|100/100\n|switch|p2b: Lucy|Hatterene, L50, F|100/100\n|-weather|Sandstorm|[from] ability: Sand Stream|[of] p1a: Tyranitar\n|turn|1\n|c| Br4ndonR|Si me estoy proyectando algún problema\n|\n|t:|1788230088\n|move|p1b: Sableye|Light Screen|p1b: Sableye\n|-sidestart|p1: yourztar|move: Light Screen\n|move|p1a: Tyranitar|Heavy Slam|p2b: Lucy\n|-supereffective|p2b: Lucy|1\n|-damage|p2b: Lucy|6/100\n|move|p2b: Lucy|Dazzling Gleam|p1a: Tyranitar|[spread] p1a,p1b\n|-supereffective|p1a: Tyranitar|1\n|-supereffective|p1b: Sableye|1\n|-damage|p1a: Tyranitar|61/100\n|-damage|p1b: Sableye|32/100\n|move|p2a: Rintarou|Trick Room|p2a: Rintarou\n|-fieldstart|move: Trick Room|[of] p2a: Rintarou\n|\n|-weather|Sandstorm|[upkeep]\n|-damage|p2b: Lucy|0 fnt|[from] Sandstorm\n|-damage|p1b: Sableye|27/100|[from] Sandstorm\n|-damage|p2a: Rintarou|93/100|[from] Sandstorm\n|faint|p2b: Lucy\n|upkeep\n|\n|t:|1788230101\n|switch|p2b: Lloyd|Gholdengo, L50|100/100\n|turn|2\n|\n|t:|1788230113\n|switch|p1a: Archaludon|Archaludon, L50, F|100/100\n|move|p1b: Sableye|Rain Dance|p1b: Sableye\n|-weather|RainDance\n|move|p2a: Rintarou|Thunderbolt|p1a: Archaludon\n|-resisted|p1a: Archaludon|1\n|-damage|p1a: Archaludon|92/100\n|-ability|p1a: Archaludon|Stamina|boost\n|-boost|p1a: Archaludon|def|1\n|move|p2b: Lloyd|Make It Rain|p1a: Archaludon|[spread] p1a\n|-miss|p2b: Lloyd|p1b: Sableye\n|-resisted|p1a: Archaludon|1\n|-damage|p1a: Archaludon|70/100\n|-unboost|p2b: Lloyd|spa|2\n|-ability|p1a: Archaludon|Stamina|boost\n|-boost|p1a: Archaludon|def|1\n|-damage|p2b: Lloyd|90/100|[from] item: Life Orb\n|\n|-weather|RainDance|[upkeep]\n|-heal|p1a: Archaludon|76/100|[from] item: Leftovers\n|upkeep\n|turn|3\n|l| Br4ndonR\n|\n|t:|1788230133\n|move|p1b: Sableye|Reflect|p1b: Sableye\n|-sidestart|p1: yourztar|Reflect\n|move|p2a: Rintarou|Thunderbolt|p1b: Sableye\n|-damage|p1b: Sableye|8/100\n|move|p2b: Lloyd|Dazzling Gleam|p1b: Sableye|[spread] p1a,p1b\n|-supereffective|p1b: Sableye|1\n|-damage|p1a: Archaludon|65/100\n|-damage|p1b: Sableye|0 fnt\n|-ability|p1a: Archaludon|Stamina|boost\n|-boost|p1a: Archaludon|def|1\n|faint|p1b: Sableye\n|-damage|p2b: Lloyd|80/100|[from] item: Life Orb\n|move|p1a: Archaludon|Electro Shot||[still]\n|-prepare|p1a: Archaludon|Electro Shot\n|-boost|p1a: Archaludon|spa|1\n|-anim|p1a: Archaludon|Electro Shot|p2a: Rintarou\n|-damage|p2a: Rintarou|33/100\n|\n|-weather|RainDance|[upkeep]\n|-heal|p1a: Archaludon|72/100|[from] item: Leftovers\n|upkeep\n|\n|t:|1788230149\n|switch|p1b: Floette|Floette-Eternal, L50, F|100/100\n|turn|4\n|\n|t:|1788230161\n|detailschange|p1b: Floette|Floette-Mega, L50, F\n|-mega|p1b: Floette|Floette|Floettite\n|-ability|p1b: Floette|Fairy Aura\n|move|p1b: Floette|Helping Hand|p1a: Archaludon\n|-singleturn|p1a: Archaludon|Helping Hand|[of] p1b: Floette\n|move|p2a: Rintarou|Protect|p2a: Rintarou\n|-singleturn|p2a: Rintarou|Protect\n|move|p2b: Lloyd|Protect|p2b: Lloyd\n|-singleturn|p2b: Lloyd|Protect\n|move|p1a: Archaludon|Electro Shot||[still]\n|-prepare|p1a: Archaludon|Electro Shot\n|-boost|p1a: Archaludon|spa|1\n|-anim|p1a: Archaludon|Electro Shot|p2b: Lloyd\n|-activate|p2b: Lloyd|move: Protect\n|\n|-weather|RainDance|[upkeep]\n|-heal|p1a: Archaludon|78/100|[from] item: Leftovers\n|upkeep\n|turn|5\n|\n|t:|1788230218\n|move|p1b: Floette|Protect|p1b: Floette\n|-singleturn|p1b: Floette|Protect\n|move|p2a: Rintarou|Thunderbolt|p1b: Floette\n|-activate|p1b: Floette|move: Protect\n|move|p2b: Lloyd|Make It Rain|p1a: Archaludon|[spread] p1a\n|-activate|p1b: Floette|move: Protect\n|-resisted|p1a: Archaludon|1\n|-damage|p1a: Archaludon|68/100\n|-unboost|p2b: Lloyd|spa|2\n|-ability|p1a: Archaludon|Stamina|boost\n|-boost|p1a: Archaludon|def|1\n|-damage|p2b: Lloyd|70/100|[from] item: Life Orb\n|move|p1a: Archaludon|Electro Shot||[still]\n|-prepare|p1a: Archaludon|Electro Shot\n|-boost|p1a: Archaludon|spa|1\n|-anim|p1a: Archaludon|Electro Shot|p2b: Lloyd\n|-damage|p2b: Lloyd|0 fnt\n|faint|p2b: Lloyd\n|\n|-weather|RainDance|[upkeep]\n|-heal|p1a: Archaludon|74/100|[from] item: Leftovers\n|-fieldend|move: Trick Room\n|upkeep\n|\n|t:|1788230235\n|switch|p2b: Rudeus|Charizard, L50, M|100/100\n|turn|6\n|\n|t:|1788230244\n|move|p2b: Rudeus|Protect|p2b: Rudeus\n|-singleturn|p2b: Rudeus|Protect\n|move|p1b: Floette|Dazzling Gleam|p2b: Rudeus|[spread] p2a\n|-activate|p2b: Rudeus|move: Protect\n|-crit|p2a: Rintarou\n|-damage|p2a: Rintarou|0 fnt\n|faint|p2a: Rintarou\n|move|p1a: Archaludon|Dragon Pulse|p2b: Rudeus\n|-activate|p2b: Rudeus|move: Protect\n|\n|-weather|none\n|-heal|p1a: Archaludon|80/100|[from] item: Leftovers\n|upkeep\n|turn|7\n|\n|t:|1788230255\n|detailschange|p2b: Rudeus|Charizard-Mega-Y, L50, M\n|-mega|p2b: Rudeus|Charizard|Charizardite Y\n|-weather|SunnyDay|[from] ability: Drought|[of] p2b: Rudeus\n|move|p1b: Floette|Light of Ruin|p2b: Rudeus\n|-resisted|p2b: Rudeus|1\n|-damage|p2b: Rudeus|58/100\n|-damage|p1b: Floette|76/100|[from] Recoil\n|move|p2b: Rudeus|Heat Wave|p1a: Archaludon|[spread] p1a,p1b\n|-crit|p1a: Archaludon\n|-damage|p1a: Archaludon|0 fnt\n|-damage|p1b: Floette|35/100\n|faint|p1a: Archaludon\n|\n|-weather|SunnyDay|[upkeep]\n|upkeep\n|\n|t:|1788230257\n|switch|p1a: Tyranitar|Tyranitar, L50, M|61/100\n|-weather|Sandstorm|[from] ability: Sand Stream|[of] p1a: Tyranitar\n|turn|8\n|\n|t:|1788230286\n|move|p1b: Floette|Protect|p1b: Floette\n|-singleturn|p1b: Floette|Protect\n|move|p1a: Tyranitar|Rock Slide|p2b: Rudeus|[miss]\n|-miss|p1a: Tyranitar|p2b: Rudeus\n|move|p2b: Rudeus|Weather Ball|p1a: Tyranitar\n|-damage|p1a: Tyranitar|40/100\n|\n|-weather|Sandstorm|[upkeep]\n|-damage|p1b: Floette|30/100|[from] Sandstorm\n|-damage|p2b: Rudeus|52/100|[from] Sandstorm\n|-sideend|p1: yourztar|move: Light Screen\n|upkeep\n|turn|9\n|\n|t:|1788230318\n|move|p1a: Tyranitar|Rock Slide|p2b: Rudeus\n|-supereffective|p2b: Rudeus|2\n|-crit|p2b: Rudeus\n|-damage|p2b: Rudeus|0 fnt\n|faint|p2b: Rudeus\n|\n|win|yourztar\n||yourztar is ready for game 2.\n|c|☆Vikin|gg\n","uploadtime":1788230324,"views":"2","formatid":"gen9championsvgc2026regmbbo3","rating":null,"private":0,"password":null}