{"id":"gen9championsvgc2026regmb-2674907491","format":"[Gen 9 Champions] VGC 2026 Reg M-B","players":["amo minha mulher","Thornlace48812"],"log":"|j|☆amo minha mulher\n|j|☆Thornlace48812\n|t:|1788433745\n|gametype|doubles\n|player|p1|amo minha mulher|101|1180\n|player|p2|Thornlace48812|102|1247\n|gen|9\n|tier|[Gen 9 Champions] VGC 2026 Reg M-B\n|rated|\n|rule|Species Clause: Limit one of each Pokémon\n|rule|Item Clause: Limit 1 of each item\n|clearpoke\n|poke|p1|Tyranitar, L50, M|\n|poke|p1|Excadrill, L50, M|\n|poke|p1|Dragapult, L50, F|\n|poke|p1|Clefable, L50, F|\n|poke|p1|Milotic, L50, M|\n|poke|p1|Sinistcha, L50|\n|poke|p2|Garchomp, L50, F|\n|poke|p2|Charizard, L50, F|\n|poke|p2|Whimsicott, L50, M|\n|poke|p2|Sylveon, L50, M|\n|poke|p2|Kingambit, L50, M|\n|poke|p2|Basculegion, L50, M|\n|teampreview|4\n|inactive|Battle timer is ON: inactive players will automatically lose when time's up. (requested by Thornlace48812)\nThornlace48812 rejected open team sheets.\n|\n|t:|1788433770\n|teamsize|p1|4\n|teamsize|p2|4\n|start\n|switch|p1a: Dragapult|Dragapult, L50, F|100/100\n|switch|p1b: Clefable|Clefable, L50, F|100/100\n|switch|p2a: Charizard|Charizard, L50, F|100/100\n|switch|p2b: Basculegion|Basculegion, L50, M|100/100\n|turn|1\n|inactive|amo minha mulher has 30 seconds left.\n|inactive|amo minha mulher has 20 seconds left.\n|inactive|amo minha mulher has 15 seconds left.\n|inactive|amo minha mulher has 10 seconds left.\n|\n|t:|1788433818\n|detailschange|p2a: Charizard|Charizard-Mega-Y, L50, F\n|-mega|p2a: Charizard|Charizard|Charizardite Y\n|-weather|SunnyDay|[from] ability: Drought|[of] p2a: Charizard\n|move|p1b: Clefable|Helping Hand|p1a: Dragapult\n|-singleturn|p1a: Dragapult|Helping Hand|[of] p1b: Clefable\n|move|p1a: Dragapult|Draco Meteor|p2a: Charizard\n|-crit|p2a: Charizard\n|-damage|p2a: Charizard|0 fnt\n|-unboost|p1a: Dragapult|spa|2\n|faint|p2a: Charizard\n|-damage|p1a: Dragapult|90/100|[from] item: Life Orb\n|move|p2b: Basculegion|Last Respects|p1a: Dragapult\n|-supereffective|p1a: Dragapult|1\n|-damage|p1a: Dragapult|0 fnt\n|faint|p1a: Dragapult\n|\n|-weather|SunnyDay|[upkeep]\n|upkeep\n|\n|t:|1788433835\n|switch|p1a: Excadrill|Excadrill, L50, M|100/100\n|switch|p2a: Whimsicott|Whimsicott, L50, M|100/100\n|turn|2\n|\n|t:|1788433848\n|switch|p1b: Tyranitar|Tyranitar, L50, M|100/100\n|-weather|Sandstorm|[from] ability: Sand Stream|[of] p1b: Tyranitar\n|move|p1a: Excadrill|Iron Head|p2a: Whimsicott\n|-supereffective|p2a: Whimsicott|1\n|-enditem|p2a: Whimsicott|Focus Sash\n|-damage|p2a: Whimsicott|1/100\n|move|p2a: Whimsicott|Moonblast|p1a: Excadrill\n|-resisted|p1a: Excadrill|1\n|-damage|p1a: Excadrill|77/100\n|move|p2b: Basculegion|Last Respects|p1b: Tyranitar\n|-resisted|p1b: Tyranitar|1\n|-damage|p1b: Tyranitar|70/100\n|\n|-weather|Sandstorm|[upkeep]\n|-damage|p2a: Whimsicott|0 fnt|[from] Sandstorm\n|-damage|p2b: Basculegion|94/100|[from] Sandstorm\n|faint|p2a: Whimsicott\n|upkeep\n|\n|t:|1788433848\n|switch|p2a: Garchomp|Garchomp, L50, F|100/100\n|turn|3\n|inactive|amo minha mulher has 30 seconds left.\n|inactive|amo minha mulher has 20 seconds left.\n|inactive|amo minha mulher has 15 seconds left.\n|\n|t:|1788433890\n|move|p1a: Excadrill|Iron Head|p2a: Garchomp\n|-damage|p2a: Garchomp|54/100\n|-damage|p1a: Excadrill|64/100|[from] ability: Rough Skin|[of] p2a: Garchomp\n|cant|p2a: Garchomp|flinch\n|move|p1b: Tyranitar|Knock Off|p2b: Basculegion\n|-supereffective|p2b: Basculegion|1\n|-damage|p2b: Basculegion|0 fnt\n|-enditem|p2b: Basculegion|Mystic Water|[from] move: Knock Off|[of] p1b: Tyranitar\n|faint|p2b: Basculegion\n|\n|-weather|Sandstorm|[upkeep]\n|upkeep\n|turn|4\n|\n|t:|1788433905\n|switch|p1b: Clefable|Clefable, L50, F|100/100\n|move|p2a: Garchomp|Protect|p2a: Garchomp\n|-singleturn|p2a: Garchomp|Protect\n|move|p1a: Excadrill|Iron Head|p2a: Garchomp\n|-activate|p2a: Garchomp|move: Protect\n|\n|-weather|Sandstorm|[upkeep]\n|upkeep\n|turn|5\n|\n|t:|1788433913\n|detailschange|p1b: Clefable|Clefable-Mega, L50, F\n|-mega|p1b: Clefable|Clefable|Clefablite\n|move|p1a: Excadrill|Earthquake|p2a: Garchomp|[spread] p2a\n|-immune|p1b: Clefable\n|-damage|p2a: Garchomp|15/100\n|move|p2a: Garchomp|Earthquake|p1a: Excadrill|[spread] p1a\n|-immune|p1b: Clefable\n|-supereffective|p1a: Excadrill|1\n|-damage|p1a: Excadrill|0 fnt\n|faint|p1a: Excadrill\n|-damage|p2a: Garchomp|5/100|[from] item: Life Orb\n|move|p1b: Clefable|Moonblast|p2a: Garchomp\n|-supereffective|p2a: Garchomp|1\n|-damage|p2a: Garchomp|0 fnt\n|faint|p2a: Garchomp\n|\n|win|amo minha mulher\n|raw|amo minha mulher's rating: 1149 &rarr; <strong>1181</strong><br />(+32 for winning)\n|raw|Thornlace48812's rating: 1245 &rarr; <strong>1213</strong><br />(-32 for losing)\n","uploadtime":1788433914,"views":"1","formatid":"gen9championsvgc2026regmb","rating":1181,"private":0,"password":null}