{"id":"gen9championsvgc2026regmb-2674979361","format":"[Gen 9 Champions] VGC 2026 Reg M-B","players":["hgfhjkl","naofizlogin"],"log":"|j|☆hgfhjkl\n|j|☆naofizlogin\n|t:|1788444680\n|gametype|doubles\n|player|p1|hgfhjkl|2|1040\n|player|p2|naofizlogin|266|1000\n|gen|9\n|tier|[Gen 9 Champions] VGC 2026 Reg M-B\n|rated|\n|rule|Species Clause: Limit one of each Pokémon\n|rule|Item Clause: Limit 1 of each item\n|clearpoke\n|poke|p1|Pelipper, L50, F|\n|poke|p1|Archaludon, L50, M|\n|poke|p1|Sinistcha, L50|\n|poke|p1|Excadrill, L50, M|\n|poke|p1|Tyranitar, L50, M|\n|poke|p1|Grimmsnarl, L50, M|\n|poke|p2|Absol, L50, M|\n|poke|p2|Noivern, L50, F|\n|poke|p2|Weavile, L50, F|\n|poke|p2|Rotom-Heat, L50|\n|poke|p2|Corviknight, L50, M|\n|poke|p2|Empoleon, L50, F|\n|teampreview|4\nhgfhjkl rejected open team sheets.\n|\n|t:|1788444710\n|teamsize|p1|4\n|teamsize|p2|4\n|start\n|switch|p1a: Pelipper|Pelipper, L50, F|100/100\n|switch|p1b: Archaludon|Archaludon, L50, M|100/100\n|switch|p2a: Corviknight|Corviknight, L50, M|100/100\n|switch|p2b: Empoleon|Empoleon, L50, F|100/100\n|-weather|RainDance|[from] ability: Drizzle|[of] p1a: Pelipper\n|-ability|p2a: Corviknight|Pressure\n|turn|1\n|\n|t:|1788444740\n|move|p1b: Archaludon|Electro Shot||[still]\n|-prepare|p1b: Archaludon|Electro Shot\n|-boost|p1b: Archaludon|spa|1\n|-anim|p1b: Archaludon|Electro Shot|p2a: Corviknight\n|-supereffective|p2a: Corviknight|1\n|-damage|p2a: Corviknight|11/100\n|move|p1a: Pelipper|Tailwind|p1a: Pelipper\n|-sidestart|p1: hgfhjkl|move: Tailwind\n|move|p2a: Corviknight|Iron Defense|p2a: Corviknight\n|-boost|p2a: Corviknight|def|2\n|move|p2b: Empoleon|Ice Beam|p1a: Pelipper\n|-damage|p1a: Pelipper|58/100\n|\n|-weather|RainDance|[upkeep]\n|-heal|p2a: Corviknight|17/100|[from] item: Leftovers\n|upkeep\n|turn|2\n|\n|t:|1788444769\n|move|p1a: Pelipper|Protect|p1a: Pelipper\n|-singleturn|p1a: Pelipper|Protect\n|move|p2a: Corviknight|Protect|p2a: Corviknight\n|-singleturn|p2a: Corviknight|Protect\n|move|p1b: Archaludon|Electro Shot||[still]\n|-prepare|p1b: Archaludon|Electro Shot\n|-boost|p1b: Archaludon|spa|1\n|-anim|p1b: Archaludon|Electro Shot|p2a: Corviknight\n|-activate|p2a: Corviknight|move: Protect\n|move|p2b: Empoleon|Ice Beam|p1a: Pelipper\n|-activate|p1a: Pelipper|move: Protect\n|\n|-weather|RainDance|[upkeep]\n|-heal|p2a: Corviknight|22/100|[from] item: Leftovers\n|upkeep\n|turn|3\n|\n|t:|1788444807\n|move|p2b: Empoleon|Vacuum Wave|p1b: Archaludon\n|-supereffective|p1b: Archaludon|1\n|-crit|p1b: Archaludon\n|-damage|p1b: Archaludon|43/100\n|-ability|p1b: Archaludon|Stamina|boost\n|-boost|p1b: Archaludon|def|1\n|-enditem|p1b: Archaludon|Sitrus Berry|[eat]\n|-heal|p1b: Archaludon|67/100|[from] item: Sitrus Berry\n|move|p1b: Archaludon|Electro Shot||[still]\n|-prepare|p1b: Archaludon|Electro Shot\n|-boost|p1b: Archaludon|spa|1\n|-anim|p1b: Archaludon|Electro Shot|p2a: Corviknight\n|-supereffective|p2a: Corviknight|1\n|-damage|p2a: Corviknight|0 fnt\n|faint|p2a: Corviknight\n|move|p1a: Pelipper|Hurricane|p2b: Empoleon\n|-resisted|p2b: Empoleon|1\n|-damage|p2b: Empoleon|85/100\n|\n|-weather|RainDance|[upkeep]\n|upkeep\n|\n|t:|1788444820\n|switch|p2a: Absol|Absol, L50, M|100/100\n|-ability|p2a: Absol|Pressure\n|turn|4\n|\n|t:|1788444837\n|detailschange|p2a: Absol|Absol-Mega, L50, M\n|-mega|p2a: Absol|Absol|Absolite\n|move|p2a: Absol|Protect|p2a: Absol\n|-singleturn|p2a: Absol|Protect\n|move|p2b: Empoleon|Vacuum Wave|p1b: Archaludon\n|-supereffective|p1b: Archaludon|1\n|-damage|p1b: Archaludon|29/100\n|-ability|p1b: Archaludon|Stamina|boost\n|-boost|p1b: Archaludon|def|1\n|move|p1b: Archaludon|Aura Sphere|p2a: Absol\n|-activate|p2a: Absol|move: Protect\n|move|p1a: Pelipper|Hurricane|p2a: Absol\n|-activate|p2a: Absol|move: Protect\n|\n|-weather|RainDance|[upkeep]\n|-sideend|p1: hgfhjkl|move: Tailwind\n|upkeep\n|turn|5\n|\n|t:|1788444868\n|move|p1b: Archaludon|Protect|p1b: Archaludon\n|-singleturn|p1b: Archaludon|Protect\n|move|p2a: Absol|Sucker Punch|p1a: Pelipper\n|-damage|p1a: Pelipper|19/100\n|move|p2b: Empoleon|Vacuum Wave|p1b: Archaludon\n|-activate|p1b: Archaludon|move: Protect\n|move|p1a: Pelipper|Hurricane|p2a: Absol\n|-damage|p2a: Absol|38/100\n|\n|-weather|none\n|upkeep\n|turn|6\n|\n|t:|1788444890\n|switch|p1b: Excadrill|Excadrill, L50, M|100/100\n|-ability|p1b: Excadrill|Mold Breaker\n|switch|p1a: Tyranitar|Tyranitar, L50, M|100/100\n|-weather|Sandstorm|[from] ability: Sand Stream|[of] p1a: Tyranitar\n|move|p2b: Empoleon|Vacuum Wave|p1b: Excadrill\n|-supereffective|p1b: Excadrill|1\n|-damage|p1b: Excadrill|63/100\n|move|p2a: Absol|Play Rough|p1a: Tyranitar\n|-supereffective|p1a: Tyranitar|1\n|-damage|p1a: Tyranitar|35/100\n|\n|-weather|Sandstorm|[upkeep]\n|-damage|p2a: Absol|32/100|[from] Sandstorm\n|upkeep\n|turn|7\n|\n|t:|1788444912\n|detailschange|p1a: Tyranitar|Tyranitar-Mega, L50, M\n|-mega|p1a: Tyranitar|Tyranitar|Tyranitarite\n|move|p2a: Absol|Protect|p2a: Absol\n|-singleturn|p2a: Absol|Protect\n|move|p1b: Excadrill|Protect|p1b: Excadrill\n|-singleturn|p1b: Excadrill|Protect\n|move|p1a: Tyranitar|Protect|p1a: Tyranitar\n|-singleturn|p1a: Tyranitar|Protect\n|move|p2b: Empoleon|Vacuum Wave|p1a: Tyranitar\n|-activate|p1a: Tyranitar|move: Protect\n|\n|-weather|Sandstorm|[upkeep]\n|-damage|p2a: Absol|26/100|[from] Sandstorm\n|upkeep\n|turn|8\n|\n|t:|1788444946\n|switch|p2a: Noivern|Noivern, L50, F|100/100\n|move|p2b: Empoleon|Vacuum Wave|p1a: Tyranitar\n|-supereffective|p1a: Tyranitar|2\n|-damage|p1a: Tyranitar|6/100\n|move|p1b: Excadrill|Earthquake|p2a: Noivern|[spread] p1a,p2b\n|-immune|p2a: Noivern\n|-supereffective|p1a: Tyranitar|1\n|-supereffective|p2b: Empoleon|1\n|-enditem|p2b: Empoleon|Shuca Berry|[eat]\n|-enditem|p2b: Empoleon|Shuca Berry|[weaken]\n|-damage|p1a: Tyranitar|0 fnt\n|-damage|p2b: Empoleon|32/100\n|faint|p1a: Tyranitar\n|-damage|p1b: Excadrill|54/100|[from] item: Life Orb\n|\n|-weather|Sandstorm|[upkeep]\n|-damage|p2a: Noivern|93/100|[from] Sandstorm\n|upkeep\n|\n|t:|1788444972\n|switch|p1a: Pelipper|Pelipper, L50, F|19/100\n|-weather|RainDance|[from] ability: Drizzle|[of] p1a: Pelipper\n|turn|9\n|\n|t:|1788444993\n|move|p2a: Noivern|Hurricane|p1a: Pelipper\n|-damage|p1a: Pelipper|0 fnt\n|faint|p1a: Pelipper\n|-damage|p2a: Noivern|83/100|[from] item: Life Orb\n|move|p1b: Excadrill|Earthquake|p2b: Empoleon|[spread] p2b\n|-immune|p2a: Noivern\n|-supereffective|p2b: Empoleon|1\n|-damage|p2b: Empoleon|0 fnt\n|faint|p2b: Empoleon\n|-damage|p1b: Excadrill|44/100|[from] item: Life Orb\n|\n|-weather|RainDance|[upkeep]\n|upkeep\n|\n|t:|1788445005\n|switch|p1a: Archaludon|Archaludon, L50, M|29/100\n|switch|p2b: Absol|Absol-Mega, L50, M|26/100\n|turn|10\n|\n|t:|1788445018\n|move|p2b: Absol|Protect|p2b: Absol\n|-singleturn|p2b: Absol|Protect\n|move|p1a: Archaludon|Protect|p1a: Archaludon\n|-singleturn|p1a: Archaludon|Protect\n|move|p2a: Noivern|Dragon Pulse|p1a: Archaludon\n|-activate|p1a: Archaludon|move: Protect\n|move|p1b: Excadrill|Earthquake|p2b: Absol|[spread] \n|-activate|p1a: Archaludon|move: Protect\n|-activate|p2b: Absol|move: Protect\n|-immune|p2a: Noivern\n|\n|-weather|RainDance|[upkeep]\n|upkeep\n|turn|11\n|\n|t:|1788445043\n|move|p2a: Noivern|Dragon Pulse|p1a: Archaludon\n|-damage|p1a: Archaludon|0 fnt\n|faint|p1a: Archaludon\n|-damage|p2a: Noivern|74/100|[from] item: Life Orb\n|move|p2b: Absol|Close Combat|p1b: Excadrill\n|-supereffective|p1b: Excadrill|1\n|-damage|p1b: Excadrill|0 fnt\n|-unboost|p2b: Absol|def|1\n|-unboost|p2b: Absol|spd|1\n|faint|p1b: Excadrill\n|\n|win|naofizlogin\n|raw|hgfhjkl's rating: 1040 &rarr; <strong>1022</strong><br />(-18 for losing)\n|raw|naofizlogin's rating: 1000 &rarr; <strong>1045</strong><br />(+45 for winning)\n|l|☆hgfhjkl\n|player|p1|\n","uploadtime":1788445054,"views":"0","formatid":"gen9championsvgc2026regmb","rating":1022,"private":0,"password":null}