{"id":"gen9championsvgc2026regmb-2674001635","format":"[Gen 9 Champions] VGC 2026 Reg M-B","players":["wertyrbat","erdarmin"],"log":"|j|☆wertyrbat\n|j|☆erdarmin\n|t:|1788286848\n|gametype|doubles\n|player|p1|wertyrbat|ethan|1237\n|player|p2|erdarmin|riley|1184\n|gen|9\n|tier|[Gen 9 Champions] VGC 2026 Reg M-B\n|rated|\n|rule|Species Clause: Limit one of each Pokémon\n|rule|Item Clause: Limit 1 of each item\n|clearpoke\n|poke|p1|Blastoise, L50, F|\n|poke|p1|Delphox, L50, F|\n|poke|p1|Incineroar, L50, M|\n|poke|p1|Kingambit, L50, F|\n|poke|p1|Sinistcha, L50|\n|poke|p1|Sneasler, L50, F|\n|poke|p2|Aerodactyl, L50, F|\n|poke|p2|Maushold, L50|\n|poke|p2|Sneasler, L50, F|\n|poke|p2|Espathra, L50, M|\n|poke|p2|Incineroar, L50, M|\n|poke|p2|Floette-Eternal, L50, F|\n|teampreview|4\n|inactive|Battle timer is ON: inactive players will automatically lose when time's up. (requested by erdarmin)\n|inactive|erdarmin has 60 seconds left.\n|\n|t:|1788286881\n|teamsize|p1|4\n|teamsize|p2|4\n|start\n|switch|p1a: Blastoise|Blastoise, L50, F|100/100\n|switch|p1b: Sneasler|Sneasler, L50, F|100/100\n|switch|p2a: Aerodactyl|Aerodactyl, L50, F|100/100\n|switch|p2b: Maushold|Maushold, L50|100/100\n|-ability|p2a: Aerodactyl|Unnerve\n|turn|1\n|\n|t:|1788286896\n|switch|p2a: Incineroar|Incineroar, L50, M|100/100\n|-ability|p2a: Incineroar|Intimidate|boost\n|-unboost|p1a: Blastoise|atk|1\n|-unboost|p1b: Sneasler|atk|1\n|detailschange|p1a: Blastoise|Blastoise-Mega, L50, F\n|-mega|p1a: Blastoise|Blastoise|Blastoisinite\n|move|p1b: Sneasler|Fake Out|p2a: Incineroar\n|-damage|p2a: Incineroar|94/100\n|move|p2b: Maushold|Taunt|p1a: Blastoise\n|-start|p1a: Blastoise|move: Taunt\n|cant|p1a: Blastoise|move: Taunt|Shell Smash\n|\n|upkeep\n|turn|2\n|\n|t:|1788286913\n|switch|p1a: Sinistcha|Sinistcha, L50|100/100\n|move|p2a: Incineroar|Fake Out|p1b: Sneasler\n|-damage|p1b: Sneasler|80/100\n|cant|p1b: Sneasler|flinch\n|move|p2b: Maushold|Population Bomb|p1a: Sinistcha\n|-immune|p1a: Sinistcha\n|\n|upkeep\n|turn|3\n|\n|t:|1788286935\n|move|p2b: Maushold|Follow Me|p2b: Maushold\n|-singleturn|p2b: Maushold|move: Follow Me\n|move|p1b: Sneasler|Close Combat|p2b: Maushold\n|-supereffective|p2b: Maushold|1\n|-damage|p2b: Maushold|0 fnt\n|-unboost|p1b: Sneasler|def|1\n|-unboost|p1b: Sneasler|spd|1\n|faint|p2b: Maushold\n|move|p1a: Sinistcha|Life Dew||[still]|[spread] p1a,p1b\n|-fail|p1a: Sinistcha|heal\n|-heal|p1b: Sneasler|100/100\n|move|p2a: Incineroar|Flare Blitz|p1a: Sinistcha\n|-supereffective|p1a: Sinistcha|1\n|-damage|p1a: Sinistcha|31/100\n|-damage|p2a: Incineroar|74/100|[from] Recoil\n|\n|upkeep\n|\n|t:|1788286947\n|switch|p2b: Sneasler|Sneasler, L50, F|100/100\n|turn|4\n|\n|t:|1788286956\n|move|p2b: Sneasler|Fake Out|p1b: Sneasler\n|-damage|p1b: Sneasler|63/100\n|move|p1a: Sinistcha|Rage Powder|p1a: Sinistcha\n|-singleturn|p1a: Sinistcha|move: Rage Powder\n|cant|p1b: Sneasler|flinch\n|move|p2a: Incineroar|Darkest Lariat|p1a: Sinistcha\n|-supereffective|p1a: Sinistcha|1\n|-enditem|p1a: Sinistcha|Colbur Berry|[eat]\n|-enditem|p1a: Sinistcha|Colbur Berry|[weaken]\n|-damage|p1a: Sinistcha|4/100\n|\n|upkeep\n|turn|5\n|inactive|erdarmin has 30 seconds left.\n|\n|t:|1788286983\n|move|p1b: Sneasler|Close Combat|p2a: Incineroar\n|-supereffective|p2a: Incineroar|1\n|-damage|p2a: Incineroar|8/100\n|-unboost|p1b: Sneasler|def|1\n|-unboost|p1b: Sneasler|spd|1\n|-enditem|p2a: Incineroar|Sitrus Berry|[eat]\n|-heal|p2a: Incineroar|33/100|[from] item: Sitrus Berry\n|move|p2b: Sneasler|Dire Claw|p1a: Sinistcha\n|-damage|p1a: Sinistcha|0 fnt\n|faint|p1a: Sinistcha\n|move|p2a: Incineroar|Flare Blitz|p1b: Sneasler\n|-damage|p1b: Sneasler|0 fnt\n|faint|p1b: Sneasler\n|-damage|p2a: Incineroar|17/100|[from] Recoil\n|\n|upkeep\n|\n|t:|1788286989\n|switch|p1b: Blastoise|Blastoise-Mega, L50, F|100/100\n|switch|p1a: Incineroar|Incineroar, L50, M|100/100\n|-ability|p1a: Incineroar|Intimidate|boost\n|-unboost|p2a: Incineroar|atk|1\n|-unboost|p2b: Sneasler|atk|1\n|-enditem|p2b: Sneasler|White Herb\n|-clearnegativeboost|p2b: Sneasler|[silent]\n|turn|6\n|\n|t:|1788287001\n|move|p1a: Incineroar|Fake Out|p2b: Sneasler\n|-damage|p2b: Sneasler|82/100\n|cant|p2b: Sneasler|flinch\n|move|p1b: Blastoise|Water Spout|p2b: Sneasler|[spread] p2a,p2b\n|-supereffective|p2a: Incineroar|1\n|-damage|p2a: Incineroar|0 fnt\n|-damage|p2b: Sneasler|0 fnt\n|faint|p2a: Incineroar\n|faint|p2b: Sneasler\n|\n|upkeep\n|\n|t:|1788287007\n|switch|p2b: Aerodactyl|Aerodactyl, L50, F|100/100\n|-ability|p2b: Aerodactyl|Unnerve\n|turn|7\n|\n|t:|1788287017\n|detailschange|p2b: Aerodactyl|Aerodactyl-Mega, L50, F\n|-mega|p2b: Aerodactyl|Aerodactyl|Aerodactylite\n|move|p2b: Aerodactyl|Rock Slide|p1b: Blastoise|[spread] p1a,p1b\n|-supereffective|p1a: Incineroar|1\n|-damage|p1a: Incineroar|41/100\n|-damage|p1b: Blastoise|74/100\n|-enditem|p1a: Incineroar|Sitrus Berry|[eat]\n|-heal|p1a: Incineroar|66/100|[from] item: Sitrus Berry\n|cant|p1b: Blastoise|flinch\n|move|p1a: Incineroar|Throat Chop|p2b: Aerodactyl\n|-damage|p2b: Aerodactyl|57/100\n|-start|p2b: Aerodactyl|Throat Chop|[silent]\n|\n|upkeep\n|turn|8\n|\n|t:|1788287027\n|move|p2b: Aerodactyl|Rock Slide|p1a: Incineroar|[spread] p1a,p1b\n|-supereffective|p1a: Incineroar|1\n|-damage|p1a: Incineroar|11/100\n|-damage|p1b: Blastoise|48/100\n|move|p1b: Blastoise|Dark Pulse|p2b: Aerodactyl\n|-damage|p2b: Aerodactyl|0 fnt\n|faint|p2b: Aerodactyl\n|\n|win|wertyrbat\n|raw|wertyrbat's rating: 1237 &rarr; <strong>1258</strong><br />(+21 for winning)\n|raw|erdarmin's rating: 1184 &rarr; <strong>1163</strong><br />(-21 for losing)\n|l|☆erdarmin\n|player|p2|\n","uploadtime":1788287040,"views":"1","formatid":"gen9championsvgc2026regmb","rating":1163,"private":0,"password":null}