{"id":"gen9championsvgc2026regmbbo3-2674760751","format":"[Gen 9 Champions] VGC 2026 Reg M-B (Bo3)","players":["Pomini","Pangardi"],"log":"|j|☆Pomini\n|j|☆Pangardi\n|html|<table width=\"100%\"><tr><td align=\"left\">Pomini</td><td align=\"right\">Pangardi</tr><tr><td align=\"left\"><i class=\"fa fa-circle\"></i> <i class=\"fa fa-circle-o\"></i> </td><td align=\"right\"><i class=\"fa fa-circle-o\"></i> <i class=\"fa fa-circle\"></i> </tr></table>\n|uhtml|bestof|<h2><strong>Game 3</strong> of <a href=\"/game-bestof3-gen9championsvgc2026regmbbo3-2674755167\">a best-of-3</a></h2>\n|t:|1788401974\n|gametype|doubles\n|player|p1|Pomini|pokekid|\n|player|p2|Pangardi|170|\n|gen|9\n|tier|[Gen 9 Champions] VGC 2026 Reg M-B (Bo3)\n|rule|Species Clause: Limit one of each Pokémon\n|rule|Item Clause: Limit 1 of each item\n|clearpoke\n|poke|p1|Charizard, L50, F|\n|poke|p1|Whimsicott, L50, M|\n|poke|p1|Garchomp, L50, F|\n|poke|p1|Floette-Eternal, L50, F|\n|poke|p1|Basculegion, L50, M|\n|poke|p1|Kingambit, L50, F|\n|poke|p2|Gengar, L50, F|\n|poke|p2|Incineroar, L50, M|\n|poke|p2|Politoed, L50, M|\n|poke|p2|Archaludon, L50, F|\n|poke|p2|Vivillon, L50, F|\n|poke|p2|Swampert, L50, F|\n|teampreview|4\n|showteam|p1|Charizard||CharizarditeY|Blaze|HeatWave,WeatherBall,AncientPower,Protect|Timid||F|||50|]Whimsicott||FocusSash|Prankster|Moonblast,Tailwind,Encore,Protect|Timid||M|||50|]Garchomp||SitrusBerry|RoughSkin|DragonClaw,Earthquake,RockSlide,Protect|Jolly||F|||50|]Floette-Eternal||Floettite|FlowerVeil|Moonblast,DazzlingGleam,LightofRuin,Protect|Modest||F|||50|]Basculegion||LifeOrb|Adaptability|WaveCrash,LastRespects,AquaJet,Protect|Adamant||M|||50|]Kingambit||OccaBerry|Defiant|KowtowCleave,SuckerPunch,IronHead,LowKick|Adamant||F|||50|\n|showteam|p2|Gengar||Gengarite|CursedBody|ShadowBall,SludgeBomb,PerishSong,Protect|Modest||F|||50|]Incineroar||PayapaBerry|Intimidate|ThroatChop,FakeOut,PartingShot,Protect|Adamant||M|||50|]Politoed||SitrusBerry|Drizzle|WeatherBall,Hypnosis,PerishSong,Protect|Modest||M|||50|]Archaludon||Leftovers|Stamina|DragonPulse,Protect,FlashCannon,ElectroShot|Timid||F|||50|]Vivillon||FocusSash|CompoundEyes|Hurricane,SleepPowder,RagePowder,Protect|Timid||F|||50|]Swampert||Swampertite|Damp|WaveCrash,HighHorsepower,IcePunch,Protect|Adamant||F|||50|\n|\n|t:|1788402045\n|teamsize|p1|4\n|teamsize|p2|4\n|start\n|switch|p1a: Kingambit|Kingambit, L50, F|100/100\n|switch|p1b: Whimsicott|Whimsicott, L50, M|100/100\n|switch|p2a: Incineroar|Incineroar, L50, M|100/100\n|switch|p2b: Gengar|Gengar, L50, F|100/100\n|-ability|p2a: Incineroar|Intimidate|boost\n|-unboost|p1a: Kingambit|atk|1\n|-ability|p1a: Kingambit|Defiant|boost\n|-boost|p1a: Kingambit|atk|2\n|-unboost|p1b: Whimsicott|atk|1\n|turn|1\n|\n|t:|1788402078\n|switch|p1a: Garchomp|Garchomp, L50, F|100/100\n|detailschange|p2b: Gengar|Gengar-Mega, L50, F\n|-mega|p2b: Gengar|Gengar|Gengarite\n|move|p2a: Incineroar|Fake Out|p1a: Garchomp\n|-damage|p1a: Garchomp|89/100\n|-damage|p2a: Incineroar|87/100|[from] ability: Rough Skin|[of] p1a: Garchomp\n|move|p1b: Whimsicott|Tailwind|p1b: Whimsicott\n|-sidestart|p1: Pomini|move: Tailwind\n|move|p2b: Gengar|Perish Song|p2b: Gengar\n|-start|p1a: Garchomp|perish3|[silent]\n|-start|p1b: Whimsicott|perish3|[silent]\n|-start|p2a: Incineroar|perish3|[silent]\n|-start|p2b: Gengar|perish3|[silent]\n|-fieldactivate|move: Perish Song\n|\n|-start|p1b: Whimsicott|perish3\n|-start|p1a: Garchomp|perish3\n|-start|p2b: Gengar|perish3\n|-start|p2a: Incineroar|perish3\n|upkeep\n|turn|2\n|\n|t:|1788402112\n|switch|p2b: Swampert|Swampert, L50, F|100/100\n|move|p1b: Whimsicott|Protect|p1b: Whimsicott\n|-singleturn|p1b: Whimsicott|Protect\n|move|p1a: Garchomp|Earthquake|p2b: Swampert|[spread] p2a,p2b\n|-activate|p1b: Whimsicott|move: Protect\n|-supereffective|p2a: Incineroar|1\n|-damage|p2a: Incineroar|26/100\n|-damage|p2b: Swampert|62/100\n|move|p2a: Incineroar|Parting Shot|p1a: Garchomp\n|-unboost|p1a: Garchomp|atk|1\n|-unboost|p1a: Garchomp|spa|1\n|\n|t:|1788402124\n|switch|p2a: Gengar|Gengar-Mega, L50, F|100/100|[from] Parting Shot\n|\n|-start|p1b: Whimsicott|perish2\n|-start|p1a: Garchomp|perish2\n|upkeep\n|turn|3\n|\n|t:|1788402152\n|move|p2a: Gengar|Protect|p2a: Gengar\n|-singleturn|p2a: Gengar|Protect\n|move|p2b: Swampert|Protect|p2b: Swampert\n|-singleturn|p2b: Swampert|Protect\n|move|p1b: Whimsicott|Moonblast|p2a: Gengar\n|-activate|p2a: Gengar|move: Protect\n|move|p1a: Garchomp|Earthquake|p2a: Gengar|[spread] p1b\n|-activate|p2a: Gengar|move: Protect\n|-activate|p2b: Swampert|move: Protect\n|-resisted|p1b: Whimsicott|1\n|-damage|p1b: Whimsicott|83/100\n|\n|-start|p1b: Whimsicott|perish1\n|-start|p1a: Garchomp|perish1\n|upkeep\n|turn|4\n|\n|t:|1788402175\n|switch|p2a: Incineroar|Incineroar, L50, M|26/100\n|-ability|p2a: Incineroar|Intimidate|boost\n|-unboost|p1a: Garchomp|atk|1\n|-unboost|p1b: Whimsicott|atk|1\n|switch|p2b: Politoed|Politoed, L50, M|100/100\n|-weather|RainDance|[from] ability: Drizzle|[of] p2b: Politoed\n|move|p1b: Whimsicott|Moonblast|p2b: Politoed\n|-damage|p2b: Politoed|68/100\n|move|p1a: Garchomp|Earthquake|p2b: Politoed|[spread] p1b,p2a,p2b\n|-resisted|p1b: Whimsicott|1\n|-supereffective|p2a: Incineroar|1\n|-damage|p1b: Whimsicott|71/100\n|-damage|p2a: Incineroar|0 fnt\n|-damage|p2b: Politoed|53/100\n|faint|p2a: Incineroar\n|\n|-weather|RainDance|[upkeep]\n|-start|p1b: Whimsicott|perish0\n|-start|p1a: Garchomp|perish0\n|-sideend|p1: Pomini|move: Tailwind\n|upkeep\n|faint|p1b: Whimsicott\n|faint|p1a: Garchomp\n|\n|t:|1788402205\n|switch|p1b: Kingambit|Kingambit, L50, F|100/100\n|switch|p1a: Charizard|Charizard, L50, F|100/100\n|switch|p2a: Gengar|Gengar-Mega, L50, F|100/100\n|turn|5\n|\n|t:|1788402234\n|switch|p2b: Swampert|Swampert, L50, F|62/100\n|detailschange|p1a: Charizard|Charizard-Mega-Y, L50, F\n|-mega|p1a: Charizard|Charizard|Charizardite Y\n|-weather|SunnyDay|[from] ability: Drought|[of] p1a: Charizard\n|move|p1b: Kingambit|Sucker Punch||[still]\n|-fail|p1b: Kingambit\n|move|p1a: Charizard|Heat Wave|p2b: Swampert|[spread] p2a,p2b\n|-resisted|p2b: Swampert|1\n|-damage|p2a: Gengar|41/100\n|-damage|p2b: Swampert|33/100\n|move|p2a: Gengar|Perish Song|p2a: Gengar\n|-start|p1a: Charizard|perish3|[silent]\n|-start|p1b: Kingambit|perish3|[silent]\n|-start|p2a: Gengar|perish3|[silent]\n|-start|p2b: Swampert|perish3|[silent]\n|-fieldactivate|move: Perish Song\n|\n|-weather|SunnyDay|[upkeep]\n|-start|p1a: Charizard|perish3\n|-start|p2a: Gengar|perish3\n|-start|p2b: Swampert|perish3\n|-start|p1b: Kingambit|perish3\n|upkeep\n|turn|6\n|\n|t:|1788402267\n|move|p2a: Gengar|Protect|p2a: Gengar\n|-singleturn|p2a: Gengar|Protect\n|move|p2b: Swampert|Protect|p2b: Swampert\n|-singleturn|p2b: Swampert|Protect\n|move|p1a: Charizard|Heat Wave|p2b: Swampert|[spread] \n|-activate|p2a: Gengar|move: Protect\n|-activate|p2b: Swampert|move: Protect\n|move|p1b: Kingambit|Kowtow Cleave|p2b: Swampert\n|-activate|p2b: Swampert|move: Protect\n|\n|-weather|SunnyDay|[upkeep]\n|-start|p1a: Charizard|perish2\n|-start|p2a: Gengar|perish2\n|-start|p2b: Swampert|perish2\n|-start|p1b: Kingambit|perish2\n|upkeep\n|turn|7\n|\n|t:|1788402289\n|switch|p2a: Politoed|Politoed, L50, M|53/100\n|-weather|RainDance|[from] ability: Drizzle|[of] p2a: Politoed\n|move|p1b: Kingambit|Sucker Punch|p2b: Swampert\n|-damage|p2b: Swampert|0 fnt\n|faint|p2b: Swampert\n|move|p1a: Charizard|Heat Wave|p2a: Politoed\n|-resisted|p2a: Politoed|1\n|-damage|p2a: Politoed|42/100\n|-enditem|p2a: Politoed|Sitrus Berry|[eat]\n|-heal|p2a: Politoed|67/100|[from] item: Sitrus Berry\n|\n|-weather|RainDance|[upkeep]\n|-start|p1a: Charizard|perish1\n|-start|p1b: Kingambit|perish1\n|upkeep\n|\n|t:|1788402303\n|switch|p2b: Gengar|Gengar-Mega, L50, F|41/100\n|turn|8\n|-message|Pomini forfeited.\n|\n|win|Pangardi\n","uploadtime":1788401981,"views":"0","formatid":"gen9championsvgc2026regmbbo3","rating":null,"private":0,"password":null}