{"id":"gen9championsvgc2026regmbbo3-2674792860","format":"[Gen 9 Champions] VGC 2026 Reg M-B (Bo3)","players":["teyvgc","majorlmao"],"log":"|j|☆teyvgc\n|j|☆majorlmao\n|html|<table width=\"100%\"><tr><td align=\"left\">teyvgc</td><td align=\"right\">majorlmao</tr><tr><td align=\"left\"><i class=\"fa fa-circle-o\"></i> <i class=\"fa fa-circle-o\"></i> </td><td align=\"right\"><i class=\"fa fa-circle-o\"></i> <i class=\"fa fa-circle\"></i> </tr></table>\n|uhtml|bestof|<h2><strong>Game 2</strong> of <a href=\"/game-bestof3-gen9championsvgc2026regmbbo3-2674790405\">a best-of-3</a></h2>\n|t:|1788407823\n|gametype|doubles\n|player|p1|teyvgc|rood|1346\n|player|p2|majorlmao|rosa|1237\n|gen|9\n|tier|[Gen 9 Champions] VGC 2026 Reg M-B (Bo3)\n|rated|\n|rule|Species Clause: Limit one of each Pokémon\n|rule|Item Clause: Limit 1 of each item\n|clearpoke\n|poke|p1|Delphox, L50, M|\n|poke|p1|Vanilluxe, L50, M|\n|poke|p1|Floette-Eternal, L50, F|\n|poke|p1|Sinistcha, L50|\n|poke|p1|Milotic, L50, F|\n|poke|p1|Incineroar, L50, M|\n|poke|p2|Charizard, L50, M|\n|poke|p2|Kingambit, L50, M|\n|poke|p2|Sylveon, L50, M|\n|poke|p2|Aerodactyl, L50, F|\n|poke|p2|Farigiraf, L50, M|\n|poke|p2|Garchomp, L50, F|\n|teampreview|4\n|showteam|p1|Delphox||Delphoxite|Blaze|HeatWave,Psychic,NastyPlot,Protect|Timid||M|||50|]Vanilluxe||ChoiceScarf|SnowWarning|Blizzard,FreezeDry,SheerCold,IcyWind|Timid||M|||50|]Floette-Eternal||Floettite|FlowerVeil|Protect,Moonblast,DazzlingGleam,CalmMind|Modest||F|||50|]Sinistcha||KasibBerry|Hospitality|LifeDew,RagePowder,MatchaGotcha,Protect|Bold|||||50|]Milotic||Leftovers|Competitive|Coil,Protect,MuddyWater,Hypnosis|Bold||F|||50|]Incineroar||SitrusBerry|Intimidate|FakeOut,PartingShot,FlareBlitz,DarkestLariat|Impish||M|||50|\n|showteam|p2|Charizard||CharizarditeY|Blaze|HeatWave,SolarBeam,WeatherBall,Protect|Modest||M|||50|]Kingambit||FocusSash|Defiant|SuckerPunch,KowtowCleave,IronHead,LowKick|Adamant||M|||50|]Sylveon||FairyFeather|Pixilate|HyperVoice,HyperBeam,Protect,QuickAttack|Modest||M|||50|]Aerodactyl||Aerodactylite|Unnerve|RockSlide,DualWingbeat,IceFang,Tailwind|Jolly||F|||50|]Farigiraf||SitrusBerry|ArmorTail|TrickRoom,Psychic,Thunderbolt,Protect|Bold||M|||50|]Garchomp||LifeOrb|RoughSkin|DragonClaw,RockTomb,Earthquake,Protect|Jolly||F|||50|\n|inactive|Battle timer is ON: inactive players will automatically lose when time's up. (requested by majorlmao)\n|inactive|majorlmao has 60 seconds left.\n|\n|t:|1788407876\n|teamsize|p1|4\n|teamsize|p2|4\n|start\n|switch|p1a: Delphox|Delphox, L50, M|100/100\n|switch|p1b: Vanilluxe|Vanilluxe, L50, M|100/100\n|switch|p2a: Farigiraf|Farigiraf, L50, M|100/100\n|switch|p2b: Kingambit|Kingambit, L50, M|100/100\n|-weather|Snowscape|[from] ability: Snow Warning|[of] p1b: Vanilluxe\n|turn|1\n|\n|t:|1788407901\n|switch|p1b: Sinistcha|Sinistcha, L50|100/100\n|detailschange|p1a: Delphox|Delphox-Mega, L50, M\n|-mega|p1a: Delphox|Delphox|Delphoxite\n|move|p2b: Kingambit|Sucker Punch||[still]\n|-fail|p2b: Kingambit\n|move|p1a: Delphox|Nasty Plot|p1a: Delphox\n|-boost|p1a: Delphox|spa|2\n|move|p2a: Farigiraf|Trick Room|p2a: Farigiraf\n|-fieldstart|move: Trick Room|[of] p2a: Farigiraf\n|\n|-weather|Snowscape|[upkeep]\n|upkeep\n|turn|2\n|inactive|majorlmao has 30 seconds left.\n|\n|t:|1788407933\n|move|p1b: Sinistcha|Rage Powder|p1b: Sinistcha\n|-singleturn|p1b: Sinistcha|move: Rage Powder\n|move|p2a: Farigiraf|Psychic|p1b: Sinistcha\n|-damage|p1b: Sinistcha|68/100\n|-unboost|p1b: Sinistcha|spd|1\n|move|p2b: Kingambit|Kowtow Cleave|p1b: Sinistcha\n|-supereffective|p1b: Sinistcha|1\n|-damage|p1b: Sinistcha|0 fnt\n|faint|p1b: Sinistcha\n|move|p1a: Delphox|Heat Wave|p2a: Farigiraf|[spread] p2a,p2b\n|-supereffective|p2b: Kingambit|1\n|-damage|p2a: Farigiraf|28/100\n|-enditem|p2b: Kingambit|Focus Sash\n|-damage|p2b: Kingambit|1/100\n|-status|p2a: Farigiraf|brn\n|-enditem|p2a: Farigiraf|Sitrus Berry|[eat]\n|-heal|p2a: Farigiraf|53/100 brn|[from] item: Sitrus Berry\n|\n|-weather|Snowscape|[upkeep]\n|-damage|p2a: Farigiraf|47/100 brn|[from] brn\n|upkeep\n|inactive|teyvgc has 30 seconds left.\n|inactive|teyvgc has 20 seconds left.\n|inactive|teyvgc has 15 seconds left.\n|inactive|teyvgc has 10 seconds left.\n|\n|t:|1788407979\n|switch|p1b: Incineroar|Incineroar, L50, M|100/100\n|-ability|p1b: Incineroar|Intimidate|boost\n|-unboost|p2a: Farigiraf|atk|1\n|-unboost|p2b: Kingambit|atk|1\n|-ability|p2b: Kingambit|Defiant|boost\n|-boost|p2b: Kingambit|atk|2\n|turn|3\n|inactive|majorlmao has 30 seconds left.\n|inactive|majorlmao has 20 seconds left.\n|inactive|majorlmao has 15 seconds left.\n|\n|t:|1788408021\n|switch|p2b: Garchomp|Garchomp, L50, F|100/100\n|move|p1a: Delphox|Protect|p1a: Delphox\n|-singleturn|p1a: Delphox|Protect\n|move|p2a: Farigiraf|Thunderbolt|p1b: Incineroar\n|-damage|p1b: Incineroar|82/100\n|move|p1b: Incineroar|Flare Blitz|p2b: Garchomp\n|-resisted|p2b: Garchomp|1\n|-damage|p2b: Garchomp|78/100\n|-damage|p1b: Incineroar|69/100|[from] ability: Rough Skin|[of] p2b: Garchomp\n|-damage|p1b: Incineroar|63/100|[from] Recoil\n|\n|-weather|Snowscape|[upkeep]\n|-damage|p2a: Farigiraf|41/100 brn|[from] brn\n|upkeep\n|turn|4\n|inactive|teyvgc has 30 seconds left.\n|inactive|majorlmao has 30 seconds left.\n|\n|t:|1788408056\n|switch|p2a: Sylveon|Sylveon, L50, M|100/100\n|move|p1b: Incineroar|Darkest Lariat|p2a: Sylveon\n|-resisted|p2a: Sylveon|1\n|-damage|p2a: Sylveon|81/100\n|move|p2b: Garchomp|Rock Tomb|p1a: Delphox\n|-supereffective|p1a: Delphox|1\n|-damage|p1a: Delphox|33/100\n|-unboost|p1a: Delphox|spe|1\n|-damage|p2b: Garchomp|68/100|[from] item: Life Orb\n|move|p1a: Delphox|Psychic|p2b: Garchomp\n|-damage|p2b: Garchomp|0 fnt\n|faint|p2b: Garchomp\n|\n|-weather|Snowscape|[upkeep]\n|upkeep\n|inactive|majorlmao has 30 seconds left.\n|\n|t:|1788408083\n|switch|p2b: Farigiraf|Farigiraf, L50, M|41/100 brn\n|turn|5\n|inactive|majorlmao has 30 seconds left.\n|inactive|majorlmao has 20 seconds left.\n|\n|t:|1788408119\n|move|p2a: Sylveon|Protect|p2a: Sylveon\n|-singleturn|p2a: Sylveon|Protect\n|move|p1a: Delphox|Protect|p1a: Delphox\n|-singleturn|p1a: Delphox|Protect\n|move|p2b: Farigiraf|Thunderbolt|p1a: Delphox\n|-activate|p1a: Delphox|move: Protect\n|move|p1b: Incineroar|Flare Blitz|p2a: Sylveon\n|-activate|p2a: Sylveon|move: Protect\n|\n|-weather|none\n|-damage|p2b: Farigiraf|35/100 brn|[from] brn\n|-fieldend|move: Trick Room\n|upkeep\n|turn|6\n|\n|t:|1788408140\n|move|p2b: Farigiraf|Protect|p2b: Farigiraf\n|-singleturn|p2b: Farigiraf|Protect\n|move|p1a: Delphox|Heat Wave|p2b: Farigiraf|[spread] p2a\n|-activate|p2b: Farigiraf|move: Protect\n|-damage|p2a: Sylveon|18/100\n|move|p2a: Sylveon|Hyper Voice|p1b: Incineroar|[spread] p1a,p1b\n|-resisted|p1a: Delphox|1\n|-crit|p1a: Delphox\n|-damage|p1a: Delphox|4/100\n|-damage|p1b: Incineroar|24/100\n|-enditem|p1b: Incineroar|Sitrus Berry|[eat]\n|-heal|p1b: Incineroar|49/100|[from] item: Sitrus Berry\n|move|p1b: Incineroar|Parting Shot|p2a: Sylveon\n|-unboost|p2a: Sylveon|atk|1\n|-unboost|p2a: Sylveon|spa|1\n|\n|t:|1788408151\n|switch|p1b: Vanilluxe|Vanilluxe, L50, M|100/100|[from] Parting Shot\n|-weather|Snowscape|[from] ability: Snow Warning|[of] p1b: Vanilluxe\n|\n|-weather|Snowscape|[upkeep]\n|-damage|p2b: Farigiraf|29/100 brn|[from] brn\n|upkeep\n|turn|7\n|inactive|majorlmao has 30 seconds left.\n|\n|t:|1788408179\n|switch|p1a: Incineroar|Incineroar, L50, M|49/100\n|-ability|p1a: Incineroar|Intimidate|boost\n|-unboost|p2a: Sylveon|atk|1\n|-unboost|p2b: Farigiraf|atk|1\n|move|p2a: Sylveon|Protect|p2a: Sylveon\n|-singleturn|p2a: Sylveon|Protect\n|move|p1b: Vanilluxe|Blizzard|p2a: Sylveon|[spread] p2b\n|-activate|p2a: Sylveon|move: Protect\n|-damage|p2b: Farigiraf|0 fnt\n|faint|p2b: Farigiraf\n|\n|-weather|Snowscape|[upkeep]\n|upkeep\n|\n|t:|1788408190\n|switch|p2b: Kingambit|Kingambit, L50, M|1/100\n|turn|8\n|\n|t:|1788408198\n|move|p1a: Incineroar|Fake Out|p2b: Kingambit\n|-resisted|p2b: Kingambit|1\n|-damage|p2b: Kingambit|0 fnt\n|faint|p2b: Kingambit\n|move|p1b: Vanilluxe|Blizzard|p2a: Sylveon\n|-damage|p2a: Sylveon|0 fnt\n|faint|p2a: Sylveon\n|\n|win|teyvgc\n","uploadtime":1788408199,"views":"0","formatid":"gen9championsvgc2026regmbbo3","rating":null,"private":0,"password":null}