{"id":"gen9championsvgc2026regmb-2673895850","format":"[Gen 9 Champions] VGC 2026 Reg M-B","players":["thruxytwo","jun2014"],"log":"|j|☆thruxytwo\n|j|☆jun2014\n|t:|1788274277\n|gametype|doubles\n|player|p1|thruxytwo|blue|1740\n|player|p2|jun2014|2|1749\n|gen|9\n|tier|[Gen 9 Champions] VGC 2026 Reg M-B\n|rated|\n|rule|Species Clause: Limit one of each Pokémon\n|rule|Item Clause: Limit 1 of each item\n|clearpoke\n|poke|p1|Maushold-Four, L50|\n|poke|p1|Blastoise, L50, F, shiny|\n|poke|p1|Whimsicott, L50, F|\n|poke|p1|Kingambit, L50, F, shiny|\n|poke|p1|Basculegion, L50, M, shiny|\n|poke|p1|Sinistcha, L50|\n|poke|p2|Staraptor, L50, F|\n|poke|p2|Basculegion, L50, M|\n|poke|p2|Charizard, L50, F|\n|poke|p2|Glimmora, L50, F|\n|poke|p2|Whimsicott, L50, F|\n|poke|p2|Garchomp, L50, F|\n|teampreview|4\n|inactive|Battle timer is ON: inactive players will automatically lose when time's up. (requested by thruxytwo)\n|j| petertheatre\n|inactive|jun2014 has 60 seconds left.\n|\n|t:|1788274313\n|teamsize|p1|4\n|teamsize|p2|4\n|start\n|switch|p1a: Blastoise|Blastoise, L50, F, shiny|100/100\n|switch|p1b: Whimsicott|Whimsicott, L50, F|100/100\n|switch|p2a: Staraptor|Staraptor, L50, F|100/100\n|switch|p2b: Whimsicott|Whimsicott, L50, F|100/100\n|-ability|p2a: Staraptor|Intimidate|boost\n|-unboost|p1a: Blastoise|atk|1\n|-unboost|p1b: Whimsicott|atk|1\n|turn|1\n|\n|t:|1788274327\n|detailschange|p1a: Blastoise|Blastoise-Mega, L50, F, shiny\n|-mega|p1a: Blastoise|Blastoise|Blastoisinite\n|move|p1a: Blastoise|Fake Out|p2a: Staraptor\n|-damage|p2a: Staraptor|92/100\n|move|p2b: Whimsicott|Tailwind|p2b: Whimsicott\n|-sidestart|p2: jun2014|move: Tailwind\n|cant|p2a: Staraptor|flinch\n|move|p1b: Whimsicott|Moonblast|p2a: Staraptor\n|-damage|p2a: Staraptor|38/100\n|\n|upkeep\n|turn|2\n|\n|t:|1788274345\n|switch|p1a: Basculegion|Basculegion, L50, M, shiny|100/100\n|detailschange|p2a: Staraptor|Staraptor-Mega, L50, F\n|-mega|p2a: Staraptor|Staraptor|Staraptite\n|move|p2b: Whimsicott|Encore||[still]\n|-fail|p2b: Whimsicott\n|move|p1b: Whimsicott|Encore||[still]\n|-fail|p1b: Whimsicott\n|move|p2a: Staraptor|Dual Wingbeat|p1b: Whimsicott\n|-supereffective|p1b: Whimsicott|1\n|-damage|p1b: Whimsicott|43/100\n|-supereffective|p1b: Whimsicott|1\n|-damage|p1b: Whimsicott|0 fnt\n|faint|p1b: Whimsicott\n|-hitcount|p1: Whimsicott|2\n|\n|upkeep\n|\n|t:|1788274365\n|switch|p1b: Blastoise|Blastoise-Mega, L50, F, shiny|100/100\n|turn|3\n|\n|t:|1788274384\n|move|p2a: Staraptor|Protect|p2a: Staraptor\n|-singleturn|p2a: Staraptor|Protect\n|move|p1b: Blastoise|Fake Out|p2b: Whimsicott\n|-damage|p2b: Whimsicott|86/100\n|cant|p2b: Whimsicott|flinch\n|move|p1a: Basculegion|Last Respects|p2b: Whimsicott\n|-damage|p2b: Whimsicott|0 fnt\n|faint|p2b: Whimsicott\n|\n|upkeep\n|\n|t:|1788274397\n|switch|p2b: Garchomp|Garchomp, L50, F|100/100\n|turn|4\n|\n|t:|1788274403\n|move|p2a: Staraptor|Close Combat|p1b: Blastoise\n|-damage|p1b: Blastoise|53/100\n|-boost|p2a: Staraptor|def|1\n|-boost|p2a: Staraptor|spd|1\n|move|p2b: Garchomp|Earthquake|p1b: Blastoise|[spread] p1a,p1b\n|-immune|p2a: Staraptor\n|-damage|p1a: Basculegion|60/100\n|-damage|p1b: Blastoise|18/100\n|move|p1a: Basculegion|Last Respects|p2a: Staraptor\n|-damage|p2a: Staraptor|1/100\n|move|p1b: Blastoise|Ice Beam|p2b: Garchomp\n|-supereffective|p2b: Garchomp|2\n|-damage|p2b: Garchomp|0 fnt\n|faint|p2b: Garchomp\n|\n|-sideend|p2: jun2014|move: Tailwind\n|upkeep\n|\n|t:|1788274420\n|switch|p2b: Charizard|Charizard, L50, F|100/100\n|turn|5\n|\n|t:|1788274434\n|move|p2a: Staraptor|Protect|p2a: Staraptor\n|-singleturn|p2a: Staraptor|Protect\n|move|p1a: Basculegion|Last Respects|p2a: Staraptor\n|-activate|p2a: Staraptor|move: Protect\n|move|p2b: Charizard|Heat Wave|p1a: Basculegion|[spread] p1a,p1b\n|-resisted|p1a: Basculegion|1\n|-resisted|p1b: Blastoise|1\n|-damage|p1a: Basculegion|44/100\n|-damage|p1b: Blastoise|4/100\n|move|p1b: Blastoise|Dark Pulse|p2b: Charizard\n|-damage|p2b: Charizard|44/100\n|\n|upkeep\n|turn|6\n|inactive|jun2014 has 30 seconds left.\n|c|☆thruxytwo|Try protect again\n|\n|t:|1788274463\n|move|p1a: Basculegion|Last Respects|p2a: Staraptor\n|-damage|p2a: Staraptor|0 fnt\n|faint|p2a: Staraptor\n|move|p2b: Charizard|Weather Ball|p1b: Blastoise\n|-damage|p1b: Blastoise|0 fnt\n|faint|p1b: Blastoise\n|\n|upkeep\n|\n|t:|1788274467\n|switch|p1b: Maushold|Maushold-Four, L50|100/100\n|turn|7\n|-message|jun2014 forfeited.\n|\n|win|thruxytwo\n|raw|thruxytwo's rating: 1740 &rarr; <strong>1761</strong><br />(+21 for winning)\n|raw|jun2014's rating: 1749 &rarr; <strong>1728</strong><br />(-21 for losing)\n|l|☆jun2014\n|player|p2|\n|l| petertheatre\n","uploadtime":1788274478,"views":"4","formatid":"gen9championsvgc2026regmb","rating":1728,"private":0,"password":null}