{"id":"gen9championsvgc2026regmb-2674046385","format":"[Gen 9 Champions] VGC 2026 Reg M-B","players":["ShrimpGun","Rillabossman"],"log":"|j|☆ShrimpGun\n|j|☆Rillabossman\n|t:|1788292154\n|gametype|doubles\n|player|p1|ShrimpGun|fisherman-gen4|1247\n|player|p2|Rillabossman|burglar|1208\n|gen|9\n|tier|[Gen 9 Champions] VGC 2026 Reg M-B\n|rated|\n|rule|Species Clause: Limit one of each Pokémon\n|rule|Item Clause: Limit 1 of each item\n|clearpoke\n|poke|p1|Staraptor, L50, F|\n|poke|p1|Farigiraf, L50, F, shiny|\n|poke|p1|Clawitzer, L50, M|\n|poke|p1|Arcanine-Hisui, L50, F|\n|poke|p1|Sylveon, L50, F|\n|poke|p1|Kingambit, L50, F|\n|poke|p2|Metagross, L50|\n|poke|p2|Whimsicott, L50, F|\n|poke|p2|Garchomp, L50, F|\n|poke|p2|Basculegion, L50, M|\n|poke|p2|Staraptor, L50, M|\n|poke|p2|Incineroar, L50, M, shiny|\n|teampreview|4\n|\n|t:|1788292172\n|teamsize|p1|4\n|teamsize|p2|4\n|start\n|switch|p1a: Staraptor|Staraptor, L50, F|100/100\n|switch|p1b: Farigiraf|Farigiraf, L50, F, shiny|100/100\n|switch|p2a: Garchomp|Garchomp, L50, F|100/100\n|switch|p2b: Metagross|Metagross, L50|100/100\n|-ability|p1a: Staraptor|Intimidate|boost\n|-unboost|p2a: Garchomp|atk|1\n|-fail|p2b: Metagross|unboost|[from] ability: Clear Body|[of] p2b: Metagross\n|turn|1\n|\n|t:|1788292193\n|switch|p1a: Old Yeller|Sylveon, L50, F|100/100\n|move|p2a: Garchomp|Protect|p2a: Garchomp\n|-singleturn|p2a: Garchomp|Protect\n|move|p2b: Metagross|Protect|p2b: Metagross\n|-singleturn|p2b: Metagross|Protect\n|move|p1b: Farigiraf|Trick Room|p1b: Farigiraf\n|-fieldstart|move: Trick Room|[of] p1b: Farigiraf\n|\n|upkeep\n|turn|2\n|\n|t:|1788292203\n|switch|p2a: Incineroar|Incineroar, L50, M, shiny|100/100\n|-ability|p2a: Incineroar|Intimidate|boost\n|-unboost|p1a: Old Yeller|atk|1\n|-unboost|p1b: Farigiraf|atk|1\n|detailschange|p2b: Metagross|Metagross-Mega, L50\n|-mega|p2b: Metagross|Metagross|Metagrossite\n|move|p1b: Farigiraf|Nasty Plot|p1b: Farigiraf\n|-boost|p1b: Farigiraf|spa|2\n|move|p1a: Old Yeller|Hyper Voice|p2b: Metagross|[spread] p2a,p2b\n|-resisted|p2b: Metagross|1\n|-damage|p2a: Incineroar|59/100\n|-damage|p2b: Metagross|79/100\n|move|p2b: Metagross|Iron Head|p1a: Old Yeller\n|-supereffective|p1a: Old Yeller|1\n|-damage|p1a: Old Yeller|0 fnt\n|faint|p1a: Old Yeller\n|\n|upkeep\n|\n|t:|1788292215\n|switch|p1a: Clawitzer|Clawitzer, L50, M|100/100\n|turn|3\n|\n|t:|1788292234\n|move|p2a: Incineroar|Throat Chop|p1b: Farigiraf\n|-supereffective|p1b: Farigiraf|1\n|-damage|p1b: Farigiraf|47/100\n|-start|p1b: Farigiraf|Throat Chop|[silent]\n|-enditem|p1b: Farigiraf|Sitrus Berry|[eat]\n|-heal|p1b: Farigiraf|71/100|[from] item: Sitrus Berry\n|cant|p1b: Farigiraf|move: Throat Chop\n|move|p1a: Clawitzer|Dark Pulse|p2b: Metagross\n|-supereffective|p2b: Metagross|1\n|-damage|p2b: Metagross|0 fnt\n|faint|p2b: Metagross\n|-damage|p1a: Clawitzer|90/100|[from] item: Life Orb\n|\n|upkeep\n|\n|t:|1788292244\n|switch|p2b: Basculegion|Basculegion, L50, M|100/100\n|turn|4\n|\n|t:|1788292252\n|move|p2b: Basculegion|Protect|p2b: Basculegion\n|-singleturn|p2b: Basculegion|Protect\n|move|p2a: Incineroar|Throat Chop|p1b: Farigiraf\n|-supereffective|p1b: Farigiraf|1\n|-damage|p1b: Farigiraf|13/100\n|move|p1b: Farigiraf|Thunderbolt|p2b: Basculegion\n|-activate|p2b: Basculegion|move: Protect\n|move|p1a: Clawitzer|Dark Pulse|p2b: Basculegion\n|-activate|p2b: Basculegion|move: Protect\n|\n|-end|p1b: Farigiraf|Throat Chop|[silent]\n|upkeep\n|turn|5\n|\n|t:|1788292270\n|move|p2a: Incineroar|Throat Chop|p1b: Farigiraf\n|-supereffective|p1b: Farigiraf|1\n|-damage|p1b: Farigiraf|0 fnt\n|faint|p1b: Farigiraf\n|move|p1a: Clawitzer|Dark Pulse|p2b: Basculegion\n|-supereffective|p2b: Basculegion|1\n|-enditem|p2b: Basculegion|Focus Sash\n|-damage|p2b: Basculegion|1/100\n|-damage|p1a: Clawitzer|81/100|[from] item: Life Orb\n|cant|p2b: Basculegion|flinch\n|\n|-fieldend|move: Trick Room\n|upkeep\n|\n|t:|1788292276\n|switch|p1b: Staraptor|Staraptor, L50, F|100/100\n|-ability|p1b: Staraptor|Intimidate|boost\n|-unboost|p2a: Incineroar|atk|1\n|-unboost|p2b: Basculegion|atk|1\n|turn|6\n|\n|t:|1788292296\n|detailschange|p1b: Staraptor|Staraptor-Mega, L50, F\n|-mega|p1b: Staraptor|Staraptor|Staraptite\n|move|p1b: Staraptor|Brave Bird|p2b: Basculegion\n|-damage|p2b: Basculegion|0 fnt\n|faint|p2b: Basculegion\n|-damage|p1b: Staraptor|99/100|[from] Recoil\n|move|p1a: Clawitzer|Water Pulse|p2a: Incineroar\n|-supereffective|p2a: Incineroar|1\n|-damage|p2a: Incineroar|0 fnt\n|faint|p2a: Incineroar\n|-damage|p1a: Clawitzer|71/100|[from] item: Life Orb\n|\n|upkeep\n|\n|t:|1788292299\n|switch|p2b: Garchomp|Garchomp, L50, F|100/100\n|turn|7\n|\n|t:|1788292304\n|move|p1b: Staraptor|Tailwind|p1b: Staraptor\n|-sidestart|p1: ShrimpGun|move: Tailwind\n|move|p1a: Clawitzer|Water Pulse|p2b: Garchomp\n|-damage|p2b: Garchomp|33/100\n|-damage|p1a: Clawitzer|62/100|[from] item: Life Orb\n|move|p2b: Garchomp|Dragon Claw|p1b: Staraptor\n|-damage|p1b: Staraptor|46/100\n|-damage|p2b: Garchomp|24/100|[from] item: Life Orb\n|\n|upkeep\n|turn|8\n|-message|Rillabossman forfeited.\n|\n|win|ShrimpGun\n|raw|ShrimpGun's rating: 1247 &rarr; <strong>1269</strong><br />(+22 for winning)\n|raw|Rillabossman's rating: 1208 &rarr; <strong>1186</strong><br />(-22 for losing)\n|l|☆Rillabossman\n|player|p2|\n","uploadtime":1788292314,"views":"5","formatid":"gen9championsvgc2026regmb","rating":1186,"private":0,"password":null}