{"id":"gen9championsvgc2026regmb-2673868640","format":"[Gen 9 Champions] VGC 2026 Reg M-B","players":["nanouqj","Xdairshot"],"log":"|j|☆nanouqj\n|j|☆Xdairshot\n|t:|1788270876\n|gametype|doubles\n|player|p1|nanouqj|steven|1359\n|player|p2|Xdairshot|steven|1308\n|gen|9\n|tier|[Gen 9 Champions] VGC 2026 Reg M-B\n|rated|\n|rule|Species Clause: Limit one of each Pokémon\n|rule|Item Clause: Limit 1 of each item\n|clearpoke\n|poke|p1|Floette-Eternal, L50, F|\n|poke|p1|Excadrill, L50, M|\n|poke|p1|Whimsicott, L50, F|\n|poke|p1|Garchomp, L50, F|\n|poke|p1|Kingambit, L50, M|\n|poke|p1|Delphox, L50, F|\n|poke|p2|Tyranitar, L50, M|\n|poke|p2|Corviknight, L50, F|\n|poke|p2|Venusaur, L50, F|\n|poke|p2|Houndstone, L50, F|\n|poke|p2|Rotom-Wash, L50|\n|poke|p2|Excadrill, L50, M|\n|teampreview|4\n|inactive|Battle timer is ON: inactive players will automatically lose when time's up. (requested by nanouqj)\n|inactive|nanouqj has 60 seconds left.\n|\n|t:|1788270923\n|teamsize|p1|4\n|teamsize|p2|4\n|start\n|switch|p1a: Whimsicott|Whimsicott, L50, F|100/100\n|switch|p1b: Garchomp|Garchomp, L50, F|100/100\n|switch|p2a: Tyranitar|Tyranitar, L50, M|100/100\n|switch|p2b: Excadrill|Excadrill, L50, M|100/100\n|-weather|Sandstorm|[from] ability: Sand Stream|[of] p2a: Tyranitar\n|turn|1\n|\n|t:|1788270936\n|move|p2b: Excadrill|Protect|p2b: Excadrill\n|-singleturn|p2b: Excadrill|Protect\n|move|p2a: Tyranitar|Protect|p2a: Tyranitar\n|-singleturn|p2a: Tyranitar|Protect\n|move|p1a: Whimsicott|Tailwind|p1a: Whimsicott\n|-sidestart|p1: nanouqj|move: Tailwind\n|move|p1b: Garchomp|Earthquake|p2b: Excadrill|[spread] p1a\n|-activate|p2a: Tyranitar|move: Protect\n|-activate|p2b: Excadrill|move: Protect\n|-resisted|p1a: Whimsicott|1\n|-damage|p1a: Whimsicott|71/100\n|\n|-weather|Sandstorm|[upkeep]\n|-damage|p1a: Whimsicott|65/100|[from] Sandstorm\n|upkeep\n|turn|2\n|\n|t:|1788270948\n|switch|p2a: Rotom|Rotom-Wash, L50|100/100\n|move|p1a: Whimsicott|Encore|p2b: Excadrill\n|-start|p2b: Excadrill|Encore\n|move|p2b: Excadrill|Protect||[still]\n|-fail|p2b: Excadrill\n|move|p1b: Garchomp|Earthquake|p2a: Rotom|[spread] p1a,p2b\n|-immune|p2a: Rotom|[from] ability: Levitate\n|-resisted|p1a: Whimsicott|1\n|-supereffective|p2b: Excadrill|1\n|-damage|p1a: Whimsicott|35/100\n|-enditem|p2b: Excadrill|Focus Sash\n|-damage|p2b: Excadrill|1/100\n|\n|-weather|Sandstorm|[upkeep]\n|-damage|p1a: Whimsicott|29/100|[from] Sandstorm\n|-damage|p2a: Rotom|94/100|[from] Sandstorm\n|upkeep\n|turn|3\n|\n|t:|1788270964\n|switch|p1a: Excadrill|Excadrill, L50, M|100/100\n|-ability|p1a: Excadrill|Mold Breaker\n|move|p1b: Garchomp|Protect|p1b: Garchomp\n|-singleturn|p1b: Garchomp|Protect\n|move|p2b: Excadrill|Protect|p2b: Excadrill\n|-singleturn|p2b: Excadrill|Protect\n|move|p2a: Rotom|Will-O-Wisp|p1b: Garchomp\n|-activate|p1b: Garchomp|move: Protect\n|\n|-weather|Sandstorm|[upkeep]\n|-damage|p2a: Rotom|88/100|[from] Sandstorm\n|upkeep\n|turn|4\n|\n|t:|1788270980\n|move|p2b: Excadrill|Protect||[still]\n|-fail|p2b: Excadrill\n|move|p1a: Excadrill|High Horsepower|p2a: Rotom\n|-supereffective|p2a: Rotom|1\n|-damage|p2a: Rotom|14/100\n|-enditem|p2a: Rotom|Sitrus Berry|[eat]\n|-heal|p2a: Rotom|39/100|[from] item: Sitrus Berry\n|move|p1b: Garchomp|Dragon Claw|p2b: Excadrill\n|-resisted|p2b: Excadrill|1\n|-damage|p2b: Excadrill|0 fnt\n|faint|p2b: Excadrill\n|move|p2a: Rotom|Will-O-Wisp|p1b: Garchomp|[miss]\n|-miss|p2a: Rotom|p1b: Garchomp\n|\n|-weather|Sandstorm|[upkeep]\n|-damage|p2a: Rotom|33/100|[from] Sandstorm\n|-sideend|p1: nanouqj|move: Tailwind\n|upkeep\n|\n|t:|1788271004\n|switch|p2b: Tyranitar|Tyranitar, L50, M|100/100\n|turn|5\n|-message|Xdairshot forfeited.\n|\n|win|nanouqj\n|raw|nanouqj's rating: 1359 &rarr; <strong>1376</strong><br />(+17 for winning)\n|raw|Xdairshot's rating: 1308 &rarr; <strong>1291</strong><br />(-17 for losing)\n|l|☆Xdairshot\n|player|p2|\n","uploadtime":1788271021,"views":"4","formatid":"gen9championsvgc2026regmb","rating":1291,"private":0,"password":null}