{"id":"gen9championsvgc2026regmb-2674088404","format":"[Gen 9 Champions] VGC 2026 Reg M-B","players":["pipeei","Tepiteno"],"log":"|j|☆pipeei\n|j|☆Tepiteno\n|t:|1788297523\n|gametype|doubles\n|player|p1|pipeei|ingo|\n|player|p2|Tepiteno|169|\n|gen|9\n|tier|[Gen 9 Champions] VGC 2026 Reg M-B\n|rule|Species Clause: Limit one of each Pokémon\n|rule|Item Clause: Limit 1 of each item\n|clearpoke\n|poke|p1|Drampa, L50, F|\n|poke|p1|Farigiraf, L50, F|\n|poke|p1|Sinistcha, L50|\n|poke|p1|Tyranitar, L50, F|\n|poke|p1|Steelix, L50, F|\n|poke|p1|Primarina, L50, F|\n|poke|p2|Malamar, L50, F|\n|poke|p2|Sinistcha, L50|\n|poke|p2|Sableye, L50, F|\n|poke|p2|Raichu, L50, F|\n|poke|p2|Pelipper, L50, M|\n|poke|p2|Grimmsnarl, L50, M|\n|teampreview|4\n|\n|t:|1788297547\n|teamsize|p1|4\n|teamsize|p2|4\n|start\n|switch|p1a: Farigiraf|Farigiraf, L50, F|100/100\n|switch|p1b: Steelix|Steelix, L50, F|100/100\n|switch|p2a: G.Malamar|Malamar, L50, F|100/100\n|switch|p2b: Tepiteño|Grimmsnarl, L50, M|100/100\n|turn|1\n|\n|t:|1788297627\n|switch|p1b: Primarina|Primarina, L50, F|100/100\n|detailschange|p2a: G.Malamar|Malamar-Mega, L50, F\n|-mega|p2a: G.Malamar|Malamar|Malamarite\n|move|p2a: G.Malamar|Knock Off|p1a: Farigiraf\n|-supereffective|p1a: Farigiraf|1\n|-enditem|p1a: Farigiraf|Colbur Berry|[eat]\n|-enditem|p1a: Farigiraf|Colbur Berry|[weaken]\n|-damage|p1a: Farigiraf|70/100\n|move|p2b: Tepiteño|Foul Play|p1a: Farigiraf\n|-supereffective|p1a: Farigiraf|1\n|-damage|p1a: Farigiraf|22/100\n|move|p1a: Farigiraf|Trick Room|p1a: Farigiraf\n|-fieldstart|move: Trick Room|[of] p1a: Farigiraf\n|\n|upkeep\n|turn|2\n|\n|t:|1788297670\n|switch|p2a: Tilo|Sinistcha, L50|100/100\n|move|p1a: Farigiraf|Helping Hand|p1b: Primarina\n|-singleturn|p1b: Primarina|Helping Hand|[of] p1a: Farigiraf\n|move|p1b: Primarina|Moonblast|p2b: Tepiteño\n|-supereffective|p2b: Tepiteño|1\n|-damage|p2b: Tepiteño|0 fnt\n|faint|p2b: Tepiteño\n|\n|upkeep\n|\n|t:|1788297682\n|switch|p2b: Rocc|Raichu, L50, F|100/100\n|turn|3\n|\n|t:|1788297708\n|move|p1b: Primarina|Protect|p1b: Primarina\n|-singleturn|p1b: Primarina|Protect\n|move|p2a: Tilo|Rage Powder|p2a: Tilo\n|-singleturn|p2a: Tilo|move: Rage Powder\n|move|p1a: Farigiraf|Psychic Noise|p2a: Tilo|[miss]\n|-miss|p1a: Farigiraf|p2a: Tilo\n|move|p2b: Rocc|Volt Switch|p1a: Farigiraf\n|-damage|p1a: Farigiraf|0 fnt\n|faint|p1a: Farigiraf\n|\n|t:|1788297720\n|switch|p2b: G.Malamar|Malamar-Mega, L50, F|100/100|[from] Volt Switch\n|\n|upkeep\n|\n|t:|1788297730\n|switch|p1a: Tyranitar|Tyranitar, L50, F|100/100\n|-weather|Sandstorm|[from] ability: Sand Stream|[of] p1a: Tyranitar\n|turn|4\n|\n|t:|1788297762\n|move|p1b: Primarina|Moonblast|p2b: G.Malamar\n|-supereffective|p2b: G.Malamar|1\n|-damage|p2b: G.Malamar|12/100\n|move|p1a: Tyranitar|Knock Off|p2a: Tilo|[miss]\n|-miss|p1a: Tyranitar|p2a: Tilo\n|move|p2a: Tilo|Matcha Gotcha|p1a: Tyranitar|[spread] p1a,p1b\n|-supereffective|p1a: Tyranitar|1\n|-supereffective|p1b: Primarina|1\n|-damage|p1a: Tyranitar|73/100\n|-damage|p1b: Primarina|55/100\n|move|p2b: G.Malamar|Superpower|p1a: Tyranitar\n|-supereffective|p1a: Tyranitar|2\n|-damage|p1a: Tyranitar|0 fnt\n|-boost|p2b: G.Malamar|atk|1\n|-boost|p2b: G.Malamar|def|1\n|faint|p1a: Tyranitar\n|\n|-weather|Sandstorm|[upkeep]\n|-damage|p1b: Primarina|49/100|[from] Sandstorm\n|-damage|p2a: Tilo|93/100|[from] Sandstorm\n|-damage|p2b: G.Malamar|6/100|[from] Sandstorm\n|upkeep\n|\n|t:|1788297769\n|switch|p1a: Steelix|Steelix, L50, F|100/100\n|turn|5\n|\n|t:|1788297816\n|detailschange|p1a: Steelix|Steelix-Mega, L50, F\n|-mega|p1a: Steelix|Steelix|Steelixite\n|move|p1a: Steelix|Heavy Slam|p2a: Tilo\n|-damage|p2a: Tilo|29/100\n|move|p1b: Primarina|Moonblast|p2a: Tilo\n|-damage|p2a: Tilo|0 fnt\n|faint|p2a: Tilo\n|move|p2b: G.Malamar|Superpower|p1a: Steelix\n|-supereffective|p1a: Steelix|1\n|-damage|p1a: Steelix|59/100\n|-boost|p2b: G.Malamar|atk|1\n|-boost|p2b: G.Malamar|def|1\n|\n|-weather|Sandstorm|[upkeep]\n|-damage|p1b: Primarina|43/100|[from] Sandstorm\n|-damage|p2b: G.Malamar|0 fnt|[from] Sandstorm\n|faint|p2b: G.Malamar\n|-fieldend|move: Trick Room\n|upkeep\n|\n|t:|1788297836\n|switch|p2a: Rocc|Raichu, L50, F|100/100\n|turn|6\n|\n|t:|1788297844\n|move|p2a: Rocc|Fake Out|p1a: Steelix\n|-resisted|p1a: Steelix|1\n|-damage|p1a: Steelix|57/100\n|move|p1b: Primarina|Hyper Voice|p2a: Rocc\n|-damage|p2a: Rocc|5/100\n|cant|p1a: Steelix|flinch\n|\n|-weather|Sandstorm|[upkeep]\n|-damage|p2a: Rocc|0 fnt|[from] Sandstorm\n|-damage|p1b: Primarina|37/100|[from] Sandstorm\n|faint|p2a: Rocc\n|\n|win|pipeei\n","uploadtime":1788297855,"views":"7","formatid":"gen9championsvgc2026regmb","rating":null,"private":0,"password":null}