{"id":"gen9championsvgc2026regmb-2674736097","format":"[Gen 9 Champions] VGC 2026 Reg M-B","players":["Jadedragon61","sempra"],"log":"|j|☆Jadedragon61\n|j|☆sempra\n|html|<table width=\"100%\"><tr><td align=\"left\">Jadedragon61</td><td align=\"right\">sempra</tr><tr><td align=\"left\"><i class=\"fa fa-circle\"></i> <i class=\"fa fa-circle-o\"></i> </td><td align=\"right\"><i class=\"fa fa-circle-o\"></i> <i class=\"fa fa-circle-o\"></i> </tr></table>\n|uhtml|bestof|<h2><strong>Game 2</strong> of <a href=\"/game-bestof3-gen9championsvgc2026regmb-2674733713\">a best-of-3</a></h2>\n|t:|1788398139\n|gametype|doubles\n|player|p1|Jadedragon61|beni-ninja|\n|player|p2|sempra|#sempra|\n|gen|9\n|tier|[Gen 9 Champions] VGC 2026 Reg M-B\n|rule|Species Clause: Limit one of each Pokémon\n|rule|Item Clause: Limit 1 of each item\n|raw|<div class=\"infobox\"><details class=\"readmore\" open><summary><strong>1 custom rule:</strong></summary> Best of = 3</details></div>\n|clearpoke\n|poke|p1|Starmie, L50, shiny|\n|poke|p1|Aegislash, L50, M, shiny|\n|poke|p1|Mimikyu, L50, F, shiny|\n|poke|p1|Mr. Rime, L50, M|\n|poke|p1|Hawlucha, L50, M, shiny|\n|poke|p1|Eelektross, L50, M|\n|poke|p2|Dragonite, L50, F|\n|poke|p2|Politoed, L50, M|\n|poke|p2|Mamoswine, L50, M|\n|poke|p2|Tinkaton, L50, F|\n|poke|p2|Liepard, L50, M|\n|poke|p2|Sinistcha, L50|\n|teampreview|4\n|inactive|Battle timer is ON: inactive players will automatically lose when time's up. (requested by Jadedragon61)\n|j| 4Azzy\n|j| simple mystery\n|j| MikeTitan\n|l| simple mystery\n|c| 4Azzy|peter lois megan brian or smthn\n|j| simple mystery\n|j| cmholde2\n|inactive|sempra has 60 seconds left.\n|c| 4Azzy|aegi lucha mimi brian\n|l| simple mystery\n|\n|t:|1788398196\n|teamsize|p1|4\n|teamsize|p2|4\n|start\n|switch|p1a: Swoosh|Aegislash, L50, M, shiny|100/100\n|switch|p1b: Qwert’s mom|Starmie, L50, shiny|100/100\n|switch|p2a: Liepard|Liepard, L50, M|100/100\n|switch|p2b: Mamoswine|Mamoswine, L50, M|100/100\n|turn|1\n|\n|t:|1788398212\n|detailschange|p1b: Qwert’s mom|Starmie-Mega, L50, shiny\n|-mega|p1b: Qwert’s mom|Starmie|Starminite\n|move|p2a: Liepard|Fake Out|p1b: Qwert’s mom\n|-damage|p1b: Qwert’s mom|86/100\n|cant|p1b: Qwert’s mom|flinch\n|move|p2b: Mamoswine|Earthquake|p1b: Qwert’s mom|[spread] p2a,p1a,p1b\n|-supereffective|p1a: Swoosh|1\n|-enditem|p2a: Liepard|Focus Sash\n|-damage|p2a: Liepard|1/100\n|-damage|p1a: Swoosh|0 fnt\n|-damage|p1b: Qwert’s mom|17/100\n|faint|p1a: Swoosh\n|-damage|p2b: Mamoswine|90/100|[from] item: Life Orb\n|\n|upkeep\n|\n|t:|1788398218\n|switch|p1a: Hawcoocha|Hawlucha, L50, M, shiny|100/100\n|turn|2\n|j| simple mystery\n|l|☆sempra\n|inactive|sempra disconnected and has 300 seconds to reconnect!\n|player|p2|\n|inactive|Jadedragon61 has 30 seconds left.\n|l| simple mystery\n|inactive|sempra has 270 seconds to reconnect!\n|c| MikeTitan|Ruh roh\n|j|☆sempra\n|inactive|sempra reconnected and has 40 seconds left.\n|player|p2|sempra|#sempra|\n|inactive|sempra has 30 seconds left.\n|j| simple mystery\n|inactive|sempra has 20 seconds left.\n|inactive|sempra has 15 seconds left.\n|c| MikeTitan|Did you guys play with timer last game\n|\n|t:|1788398318\n|move|p2b: Mamoswine|Ice Shard|p1b: Qwert’s mom\n|-resisted|p1b: Qwert’s mom|1\n|-damage|p1b: Qwert’s mom|0 fnt\n|faint|p1b: Qwert’s mom\n|-damage|p2b: Mamoswine|80/100|[from] item: Life Orb\n|move|p2a: Liepard|Knock Off|p1a: Hawcoocha\n|-resisted|p1a: Hawcoocha|1\n|-damage|p1a: Hawcoocha|70/100\n|-enditem|p1a: Hawcoocha|Focus Sash|[from] move: Knock Off|[of] p2a: Liepard\n|move|p1a: Hawcoocha|Close Combat|p2b: Mamoswine\n|-supereffective|p2b: Mamoswine|1\n|-crit|p2b: Mamoswine\n|-damage|p2b: Mamoswine|0 fnt\n|-unboost|p1a: Hawcoocha|def|1\n|-unboost|p1a: Hawcoocha|spd|1\n|faint|p2b: Mamoswine\n|\n|upkeep\n|inactiveoff|Battle timer is now OFF.\n|\n|t:|1788398327\n|switch|p1b: Brian|Mr. Rime, L50, M|100/100\n|switch|p2b: Tinkaton|Tinkaton, L50, F|100/100\n|-ability|p2b: Tinkaton|Mold Breaker\n|turn|3\n|l| simple mystery\n|l|☆sempra\n|player|p2|\n|c|☆Jadedragon61|Sorry accident\n|j|☆sempra\n|player|p2|sempra|#sempra|\n|c| MikeTitan|No no it’s ok\n|j| simple mystery\n|l| simple mystery\n|\n|t:|1788398376\n|move|p1b: Brian|Fake Out|p2b: Tinkaton\n|-resisted|p2b: Tinkaton|1\n|-damage|p2b: Tinkaton|91/100\n|-damage|p1b: Brian|90/100|[from] item: Life Orb\n|move|p2a: Liepard|Encore|p1a: Hawcoocha\n|-start|p1a: Hawcoocha|Encore\n|move|p1a: Hawcoocha|Close Combat|p2b: Tinkaton\n|-damage|p2b: Tinkaton|21/100\n|-unboost|p1a: Hawcoocha|def|1\n|-unboost|p1a: Hawcoocha|spd|1\n|cant|p2b: Tinkaton|flinch\n|\n|upkeep\n|turn|4\n|l| cmholde2\n|\n|t:|1788398394\n|move|p2a: Liepard|Encore|p1b: Brian\n|-start|p1b: Brian|Encore\n|move|p1b: Brian|Fake Out||[still]\n|-hint|Fake Out only works on your first turn out.\n|-fail|p1b: Brian\n|move|p1a: Hawcoocha|Close Combat|p2b: Tinkaton\n|-damage|p2b: Tinkaton|0 fnt\n|-unboost|p1a: Hawcoocha|def|1\n|-unboost|p1a: Hawcoocha|spd|1\n|faint|p2b: Tinkaton\n|\n|upkeep\n|\n|t:|1788398403\n|switch|p2b: Dragonite|Dragonite, L50, F|100/100\n|turn|5\n|\n|t:|1788398406\n|detailschange|p2b: Dragonite|Dragonite-Mega, L50, F\n|-mega|p2b: Dragonite|Dragonite|Dragoninite\n|move|p1a: Hawcoocha|Close Combat|p2a: Liepard\n|-supereffective|p2a: Liepard|1\n|-damage|p2a: Liepard|0 fnt\n|-unboost|p1a: Hawcoocha|def|1\n|-unboost|p1a: Hawcoocha|spd|1\n|faint|p2a: Liepard\n|-activate|p1b: Brian|move: Struggle\n|move|p1b: Brian|Struggle|p2b: Dragonite\n|-damage|p2b: Dragonite|94/100\n|-damage|p1b: Brian|65/100|[from] recoil\n|-damage|p1b: Brian|55/100|[from] item: Life Orb\n|move|p2b: Dragonite|Dragon Pulse|p1a: Hawcoocha\n|-damage|p1a: Hawcoocha|0 fnt\n|faint|p1a: Hawcoocha\n|\n|upkeep\n|turn|6\n|\n|t:|1788398417\n|-activate|p1b: Brian|move: Struggle\n|move|p1b: Brian|Struggle|p2b: Dragonite\n|-damage|p2b: Dragonite|84/100\n|-damage|p1b: Brian|30/100|[from] recoil\n|-damage|p1b: Brian|20/100y|[from] item: Life Orb\n|move|p2b: Dragonite|Dragon Pulse|p1b: Brian\n|-damage|p1b: Brian|0 fnt\n|faint|p1b: Brian\n|\n|win|sempra\n|j| cmholde2\n||sempra is ready for game 3.\n||Jadedragon61 is ready for game 3.\n|uhtml|next|Next: <a href=\"/battle-gen9championsvgc2026regmb-2674737912\"><strong>Game 3 of 3</strong></a>\n|j| simple mystery\n|l|☆sempra\n|player|p2|\n|l| simple mystery\n|l| cmholde2\n|l| MikeTitan\n|l| 4Azzy\n","uploadtime":1788398729,"views":"21","formatid":"gen9championsvgc2026regmb","rating":null,"private":0,"password":null}