{"id":"gen9championsvgc2026regmb-2674583770","format":"[Gen 9 Champions] VGC 2026 Reg M-B","players":["blog2","meltan333"],"log":"|j|☆blog2\n|j|☆meltan333\n|t:|1788376753\n|gametype|doubles\n|player|p1|blog2|169|1104\n|player|p2|meltan333|psychic-gen4|1000\n|gen|9\n|tier|[Gen 9 Champions] VGC 2026 Reg M-B\n|rated|\n|rule|Species Clause: Limit one of each Pokémon\n|rule|Item Clause: Limit 1 of each item\n|clearpoke\n|poke|p1|Dragonite, L50, M|\n|poke|p1|Whimsicott, L50, F|\n|poke|p1|Milotic, L50, M|\n|poke|p1|Sneasler, L50, F|\n|poke|p1|Kingambit, L50, F|\n|poke|p1|Delphox, L50, M|\n|poke|p2|Chandelure, L50, M|\n|poke|p2|Klefki, L50, M|\n|poke|p2|Meganium, L50, M|\n|poke|p2|Barbaracle, L50, M|\n|poke|p2|Polteageist, L50|\n|poke|p2|Maushold, L50|\n|teampreview|4\n|inactive|Battle timer is ON: inactive players will automatically lose when time's up. (requested by blog2)\n|\n|t:|1788376775\n|teamsize|p1|4\n|teamsize|p2|4\n|start\n|switch|p1a: Dragonite|Dragonite, L50, M|100/100\n|switch|p1b: Whimsicott|Whimsicott, L50, F|100/100\n|switch|p2a: Chandelure|Chandelure, L50, M|100/100\n|switch|p2b: Klefki|Klefki, L50, M|100/100\n|turn|1\n|\n|t:|1788376788\n|detailschange|p1a: Dragonite|Dragonite-Mega, L50, M\n|-mega|p1a: Dragonite|Dragonite|Dragoninite\n|move|p1b: Whimsicott|Tailwind|p1b: Whimsicott\n|-sidestart|p1: blog2|move: Tailwind\n|move|p1a: Dragonite|Flamethrower|p2b: Klefki\n|-supereffective|p2b: Klefki|1\n|-damage|p2b: Klefki|12/100\n|move|p2a: Chandelure|Heat Wave|p1a: Dragonite|[spread] p1a,p1b\n|-resisted|p1a: Dragonite|1\n|-supereffective|p1b: Whimsicott|1\n|-damage|p1a: Dragonite|91/100\n|-enditem|p1b: Whimsicott|Focus Sash\n|-damage|p1b: Whimsicott|1/100\n|move|p2b: Klefki|Trick Room|p2b: Klefki\n|-fieldstart|move: Trick Room|[of] p2b: Klefki\n|\n|upkeep\n|turn|2\n|inactive|meltan333 has 30 seconds left.\n|\n|t:|1788376814\n|move|p1a: Dragonite|Protect|p1a: Dragonite\n|-singleturn|p1a: Dragonite|Protect\n|move|p1b: Whimsicott|Encore|p2b: Klefki\n|-start|p2b: Klefki|Encore\n|-enditem|p2b: Klefki|Mental Herb\n|-end|p2b: Klefki|Encore\n|move|p2b: Klefki|Dazzling Gleam|p1a: Dragonite|[spread] p1b\n|-activate|p1a: Dragonite|move: Protect\n|-damage|p1b: Whimsicott|0 fnt\n|faint|p1b: Whimsicott\n|move|p2a: Chandelure|Heat Wave|p1a: Dragonite\n|-activate|p1a: Dragonite|move: Protect\n|\n|upkeep\n|\n|t:|1788376824\n|switch|p1b: Sneasler|Sneasler, L50, F|100/100\n|turn|3\n|\n|t:|1788376844\n|move|p1b: Sneasler|Fake Out|p2b: Klefki\n|-resisted|p2b: Klefki|1\n|-damage|p2b: Klefki|3/100\n|cant|p2b: Klefki|flinch\n|move|p2a: Chandelure|Shadow Ball|p1b: Sneasler\n|-damage|p1b: Sneasler|30/100\n|-unboost|p1b: Sneasler|spd|1\n|-enditem|p1b: Sneasler|White Herb\n|-clearnegativeboost|p1b: Sneasler|[silent]\n|move|p1a: Dragonite|Dragon Pulse|p2a: Chandelure\n|-damage|p2a: Chandelure|40/100\n|-enditem|p2a: Chandelure|Sitrus Berry|[eat]\n|-heal|p2a: Chandelure|64/100|[from] item: Sitrus Berry\n|\n|upkeep\n|turn|4\n|\n|t:|1788376862\n|move|p1b: Sneasler|Protect|p1b: Sneasler\n|-singleturn|p1b: Sneasler|Protect\n|move|p2b: Klefki|Dazzling Gleam|p1b: Sneasler|[spread] p1a\n|-activate|p1b: Sneasler|move: Protect\n|-supereffective|p1a: Dragonite|1\n|-damage|p1a: Dragonite|58/100\n|move|p2a: Chandelure|Heat Wave|p1a: Dragonite|[spread] p1a\n|-activate|p1b: Sneasler|move: Protect\n|-resisted|p1a: Dragonite|1\n|-damage|p1a: Dragonite|40/100\n|move|p1a: Dragonite|Flamethrower|p2b: Klefki\n|-supereffective|p2b: Klefki|1\n|-damage|p2b: Klefki|0 fnt\n|faint|p2b: Klefki\n|\n|-sideend|p1: blog2|move: Tailwind\n|upkeep\n|inactive|meltan333 has 30 seconds left.\n|\n|t:|1788376887\n|switch|p2b: Meganium|Meganium, L50, M|100/100\n|turn|5\n|\n|t:|1788376901\n|switch|p1b: Kingambit|Kingambit, L50, F|100/100\n|detailschange|p2b: Meganium|Meganium-Mega, L50, M\n|-mega|p2b: Meganium|Meganium|Meganiumite\n|move|p1a: Dragonite|Protect|p1a: Dragonite\n|-singleturn|p1a: Dragonite|Protect\n|move|p2a: Chandelure|Heat Wave|p1a: Dragonite|[spread] p1b\n|-activate|p1a: Dragonite|move: Protect\n|-supereffective|p1b: Kingambit|1\n|-damage|p1b: Kingambit|18/100\n|move|p2b: Meganium|Dazzling Gleam|p1b: Kingambit|[spread] p1b\n|-activate|p1a: Dragonite|move: Protect\n|-damage|p1b: Kingambit|0 fnt\n|faint|p1b: Kingambit\n|\n|-fieldend|move: Trick Room\n|upkeep\n|\n|t:|1788376902\n|switch|p1b: Sneasler|Sneasler, L50, F|30/100\n|turn|6\n|\n|t:|1788376923\n|move|p2b: Meganium|Protect|p2b: Meganium\n|-singleturn|p2b: Meganium|Protect\n|move|p1b: Sneasler|Dire Claw|p2b: Meganium\n|-activate|p2b: Meganium|move: Protect\n|move|p1a: Dragonite|Dragon Pulse|p2a: Chandelure\n|-damage|p2a: Chandelure|0 fnt\n|faint|p2a: Chandelure\n|\n|upkeep\n|\n|t:|1788376934\n|switch|p2a: Polteageist|Polteageist, L50|100/100\n|turn|7\n|\n|t:|1788376940\n|move|p2a: Polteageist|Ally Switch|p2a: Polteageist\n|swap|p2a: Polteageist|1|[from] move: Ally Switch\n|move|p1b: Sneasler|Dire Claw|p2b: Polteageist\n|-resisted|p2b: Polteageist|1\n|-damage|p2b: Polteageist|73/100\n|-status|p2b: Polteageist|par\n|move|p1a: Dragonite|Flamethrower|p2b: Polteageist\n|-damage|p2b: Polteageist|44/100 par\n|move|p2a: Meganium|Dazzling Gleam|p1b: Sneasler|[spread] p1a,p1b\n|-supereffective|p1a: Dragonite|1\n|-damage|p1a: Dragonite|0 fnt\n|-damage|p1b: Sneasler|0 fnt\n|faint|p1a: Dragonite\n|faint|p1b: Sneasler\n|\n|win|meltan333\n|raw|blog2's rating: 1104 &rarr; <strong>1072</strong><br />(-32 for losing)\n|raw|meltan333's rating: 1000 &rarr; <strong>1052</strong><br />(+52 for winning)\n","uploadtime":1788376947,"views":"9","formatid":"gen9championsvgc2026regmb","rating":1052,"private":0,"password":null}