{"id":"gen9championsvgc2026regmb-2674138388","format":"[Gen 9 Champions] VGC 2026 Reg M-B","players":["swolecatdad","cockky icarus"],"log":"|j|☆swolecatdad\n|j|☆cockky icarus\n|html|<table width=\"100%\"><tr><td align=\"left\">swolecatdad</td><td align=\"right\">cockky icarus</tr><tr><td align=\"left\"><i class=\"fa fa-circle-o\"></i> <i class=\"fa fa-circle-o\"></i> </td><td align=\"right\"><i class=\"fa fa-circle-o\"></i> <i class=\"fa fa-circle-o\"></i> </tr></table>\n|uhtml|bestof|<h2><strong>Game 1</strong> of <a href=\"/game-bestof3-gen9championsvgc2026regmb-2674138387\">a best-of-3</a></h2>\n|t:|1788304809\n|gametype|doubles\n|player|p1|swolecatdad|266|\n|player|p2|cockky icarus|shauntal|\n|gen|9\n|tier|[Gen 9 Champions] VGC 2026 Reg M-B\n|rule|Species Clause: Limit one of each Pokémon\n|rule|Item Clause: Limit 1 of each item\n|raw|<div class=\"infobox\"><details class=\"readmore\" open><summary><strong>1 custom rule:</strong></summary> Best of = 3</details></div>\n|clearpoke\n|poke|p1|Swampert, L50, M|\n|poke|p1|Chesnaught, L50, M|\n|poke|p1|Charizard, L50, F|\n|poke|p1|Sableye, L50, F|\n|poke|p1|Garchomp, L50, F|\n|poke|p1|Staraptor, L50, M|\n|poke|p2|Rhyperior, L50, M|\n|poke|p2|Farigiraf, L50, F|\n|poke|p2|Incineroar, L50, F|\n|poke|p2|Vanilluxe, L50, F|\n|poke|p2|Dragapult, L50, M|\n|poke|p2|Vivillon, L50, M|\n|teampreview|4\n|c|☆cockky icarus|hf\n|c|☆swolecatdad|u2 pookie\n|c|☆swolecatdad|wait\n|c|☆cockky icarus|its now on the record I AM pookie\n|\n|t:|1788304882\n|teamsize|p1|4\n|teamsize|p2|4\n|start\n|switch|p1a: Charizard|Charizard, L50, F|100/100\n|switch|p1b: Sableye|Sableye, L50, F|100/100\n|switch|p2a: Farigiraf|Farigiraf, L50, F|100/100\n|switch|p2b: Incineroar|Incineroar, L50, F|100/100\n|-ability|p2b: Incineroar|Intimidate|boost\n|-unboost|p1a: Charizard|atk|1\n|-unboost|p1b: Sableye|atk|1\n|turn|1\n|\n|t:|1788304921\n|detailschange|p1a: Charizard|Charizard-Mega-Y, L50, F\n|-mega|p1a: Charizard|Charizard|Charizardite Y\n|-weather|SunnyDay|[from] ability: Drought|[of] p1a: Charizard\n|move|p2b: Incineroar|Fake Out|p1a: Charizard\n|-damage|p1a: Charizard|83/100\n|cant|p1a: Charizard|flinch\n|move|p1b: Sableye|Skill Swap|p2a: Farigiraf\n|-activate|p1b: Sableye|Skill Swap|Armor Tail|Stall|[of] p2a: Farigiraf\n|move|p2a: Farigiraf|Trick Room|p2a: Farigiraf\n|-fieldstart|move: Trick Room|[of] p2a: Farigiraf\n|\n|-weather|SunnyDay|[upkeep]\n|upkeep\n|turn|2\n|\n|t:|1788304974\n|switch|p2a: Rhyperior|Rhyperior, L50, M|100/100\n|move|p2b: Incineroar|Darkest Lariat|p1a: Charizard\n|-damage|p1a: Charizard|26/100\n|move|p1b: Sableye|Skill Swap|p2b: Incineroar\n|-activate|p1b: Sableye|Skill Swap|Intimidate|Armor Tail|[of] p2b: Incineroar\n|-ability|p1b: Sableye|Intimidate|boost\n|-unboost|p2a: Rhyperior|atk|1\n|-unboost|p2b: Incineroar|atk|1\n|move|p1a: Charizard|Overheat|p2a: Rhyperior\n|-resisted|p2a: Rhyperior|1\n|-damage|p2a: Rhyperior|23/100\n|-unboost|p1a: Charizard|spa|2\n|\n|-weather|SunnyDay|[upkeep]\n|upkeep\n|turn|3\n|\n|t:|1788305020\n|switch|p1a: Chesnaught|Chesnaught, L50, M|100/100\n|move|p2a: Rhyperior|Rock Slide|p1a: Chesnaught|[spread] p1a,p1b\n|-resisted|p1a: Chesnaught|1\n|-damage|p1a: Chesnaught|91/100\n|-damage|p1b: Sableye|70/100\n|-damage|p2a: Rhyperior|13/100|[from] item: Life Orb\n|move|p2b: Incineroar|Flare Blitz|p1b: Sableye\n|-damage|p1b: Sableye|5/100\n|-damage|p2b: Incineroar|83/100|[from] Recoil\n|move|p1b: Sableye|Skill Swap|p1a: Chesnaught\n|-activate|p1b: Sableye|Skill Swap|||[of] p1a: Chesnaught\n|-hint|Skill Swap does not announce the abilities of the Pokémon when used between allies.\n|-ability|p1a: Chesnaught|Intimidate|boost\n|-unboost|p2a: Rhyperior|atk|1\n|-unboost|p2b: Incineroar|atk|1\n|\n|-weather|SunnyDay|[upkeep]\n|upkeep\n|turn|4\n|\n|t:|1788305091\n|switch|p2a: Farigiraf|Farigiraf, L50, F|100/100\n|move|p1b: Sableye|Helping Hand|p1a: Chesnaught\n|-singleturn|p1a: Chesnaught|Helping Hand|[of] p1b: Sableye\n|move|p1a: Chesnaught|Body Press|p2b: Incineroar\n|-supereffective|p2b: Incineroar|1\n|-damage|p2b: Incineroar|0 fnt\n|faint|p2b: Incineroar\n|\n|-weather|SunnyDay|[upkeep]\n|upkeep\n|\n|t:|1788305096\n|switch|p2b: Rhyperior|Rhyperior, L50, M|13/100\n|turn|5\n|\n|t:|1788305137\n|move|p1b: Sableye|Helping Hand|p1a: Chesnaught\n|-singleturn|p1a: Chesnaught|Helping Hand|[of] p1b: Sableye\n|move|p1a: Chesnaught|Body Press|p2a: Farigiraf\n|-damage|p2a: Farigiraf|43/100\n|move|p2b: Rhyperior|Ice Punch|p1a: Chesnaught\n|-supereffective|p1a: Chesnaught|1\n|-damage|p1a: Chesnaught|43/100\n|-damage|p2b: Rhyperior|3/100|[from] item: Life Orb\n|move|p2a: Farigiraf|Psychic|p1a: Chesnaught\n|-supereffective|p1a: Chesnaught|1\n|-damage|p1a: Chesnaught|0 fnt\n|faint|p1a: Chesnaught\n|\n|-weather|none\n|-fieldend|move: Trick Room\n|upkeep\n|\n|t:|1788305155\n|switch|p1a: Garchomp|Garchomp, L50, F|100/100\n|turn|6\n|\n|t:|1788305173\n|move|p1b: Sableye|Helping Hand|p1a: Garchomp\n|-singleturn|p1a: Garchomp|Helping Hand|[of] p1b: Sableye\n|move|p2a: Farigiraf|Protect|p2a: Farigiraf\n|-singleturn|p2a: Farigiraf|Protect\n|move|p1a: Garchomp|Earthquake|p2b: Rhyperior|[spread] p1b,p2b\n|-activate|p2a: Farigiraf|move: Protect\n|-supereffective|p2b: Rhyperior|1\n|-damage|p1b: Sableye|0 fnt\n|-damage|p2b: Rhyperior|0 fnt\n|faint|p1b: Sableye\n|faint|p2b: Rhyperior\n|-damage|p1a: Garchomp|90/100|[from] item: Life Orb\n|\n|upkeep\n|\n|t:|1788305183\n|switch|p1b: Charizard|Charizard-Mega-Y, L50, F|26/100\n|switch|p2b: Vanilluxe|Vanilluxe, L50, F|100/100\n|-weather|Snowscape|[from] ability: Snow Warning|[of] p2b: Vanilluxe\n|-weather|SunnyDay|[from] ability: Drought|[of] p1b: Charizard\n|turn|7\n|\n|t:|1788305229\n|move|p2b: Vanilluxe|Ice Beam|p1b: Charizard\n|-damage|p1b: Charizard|0 fnt\n|faint|p1b: Charizard\n|move|p1a: Garchomp|Rock Slide|p2b: Vanilluxe|[spread] p2a,p2b\n|-supereffective|p2b: Vanilluxe|1\n|-damage|p2a: Farigiraf|18/100\n|-damage|p2b: Vanilluxe|18/100\n|-damage|p1a: Garchomp|80/100|[from] item: Life Orb\n|move|p2a: Farigiraf|Psychic|p1a: Garchomp\n|-damage|p1a: Garchomp|45/100\n|\n|-weather|SunnyDay|[upkeep]\n|upkeep\n|turn|8\n|c|☆cockky icarus|gg\n|c|☆swolecatdad|gg\n|\n|t:|1788305259\n|move|p2b: Vanilluxe|Ice Beam|p1a: Garchomp\n|-supereffective|p1a: Garchomp|2\n|-damage|p1a: Garchomp|0 fnt\n|faint|p1a: Garchomp\n|\n|win|cockky icarus\n||cockky icarus is ready for game 2.\n||swolecatdad is ready for game 2.\n|uhtml|next|Next: <a href=\"/battle-gen9championsvgc2026regmb-2674141338\"><strong>Game 2 of 3</strong></a>\n|l|☆swolecatdad\n|player|p1|\n","uploadtime":1788305649,"views":"11","formatid":"gen9championsvgc2026regmb","rating":null,"private":0,"password":null}