{"id":"gen9championsvgc2026regmbbo3-2674022814","format":"[Gen 9 Champions] VGC 2026 Reg M-B (Bo3)","players":["humania1","Orowa"],"log":"|j|☆humania1\n|j|☆Orowa\n|html|<table width=\"100%\"><tr><td align=\"left\">humania1</td><td align=\"right\">Orowa</tr><tr><td align=\"left\"><i class=\"fa fa-circle\"></i> <i class=\"fa fa-circle-o\"></i> </td><td align=\"right\"><i class=\"fa fa-circle-o\"></i> <i class=\"fa fa-circle\"></i> </tr></table>\n|uhtml|bestof|<h2><strong>Game 3</strong> of <a href=\"/game-bestof3-gen9championsvgc2026regmbbo3-2674019864\">a best-of-3</a></h2>\n|t:|1788289338\n|gametype|doubles\n|player|p1|humania1|266|1082\n|player|p2|Orowa|2|1093\n|gen|9\n|tier|[Gen 9 Champions] VGC 2026 Reg M-B (Bo3)\n|rated|\n|rule|Species Clause: Limit one of each Pokémon\n|rule|Item Clause: Limit 1 of each item\n|clearpoke\n|poke|p1|Blastoise, L50, F|\n|poke|p1|Delphox, L50, M, shiny|\n|poke|p1|Incineroar, L50, F|\n|poke|p1|Sinistcha, L50|\n|poke|p1|Sneasler, L50, M|\n|poke|p1|Vivillon, L50, M|\n|poke|p2|Swampert, L50, F|\n|poke|p2|Pelipper, L50, F|\n|poke|p2|Sneasler, L50, F|\n|poke|p2|Garchomp, L50, F|\n|poke|p2|Sinistcha, L50|\n|poke|p2|Raichu, L50, F|\n|teampreview|4\n|showteam|p1|Blastoise||Blastoisinite|Torrent|Protect,ShellSmash,WaterSpout,DarkPulse|Modest||F|||50|]Delphox||Delphoxite|Blaze|Protect,HeatWave,Psyshock,NastyPlot|Timid||M|||50|]Incineroar||PasshoBerry|Intimidate|FakeOut,PartingShot,FlareBlitz,ThroatChop|Impish||F|||50|]Sinistcha||SitrusBerry|Hospitality|Protect,MatchaGotcha,TrickRoom,RagePowder|Bold|||||50|]Sneasler||FocusSash|PoisonTouch|QuickGuard,FakeOut,CloseCombat,DireClaw|Jolly||M|||50|]Vivillon||ChoiceScarf|CompoundEyes|Hurricane,SleepPowder,RagePowder,Uturn|Timid||M|||50|\n|showteam|p2|Swampert||Swampertite|Damp|BulkUp,Earthquake,WaveCrash,Protect|Adamant||F|||50|]Pelipper||FocusSash|Drizzle|WideGuard,Hurricane,Tailwind,WeatherBall|Modest||F|||50|]Sneasler||WhiteHerb|Unburden|DireClaw,Feint,CloseCombat,RockSlide|Adamant||F|||50|]Garchomp||ChoiceScarf|RoughSkin|RockSlide,StompingTantrum,DragonClaw,IronHead|Adamant||F|||50|]Sinistcha||KasibBerry|Hospitality|TrickRoom,ShadowBall,RagePowder,LifeDew|Relaxed|||||50|]Raichu||RaichuniteY|LightningRod|FakeOut,Protect,FocusBlast,ZapCannon|Timid||F|||50|\n|inactive|Battle timer is ON: inactive players will automatically lose when time's up. (requested by humania1)\n|inactive|Orowa also wants the timer to be on.\n|\n|t:|1788289365\n|teamsize|p1|4\n|teamsize|p2|4\n|start\n|switch|p1a: Blastoise|Blastoise, L50, F|100/100\n|switch|p1b: Sinistcha|Sinistcha, L50|100/100\n|switch|p2a: Sneasler|Sneasler, L50, F|100/100\n|switch|p2b: Pelipper|Pelipper, L50, F|100/100\n|-weather|RainDance|[from] ability: Drizzle|[of] p2b: Pelipper\n|turn|1\n|\n|t:|1788289375\n|detailschange|p1a: Blastoise|Blastoise-Mega, L50, F\n|-mega|p1a: Blastoise|Blastoise|Blastoisinite\n|move|p1b: Sinistcha|Protect|p1b: Sinistcha\n|-singleturn|p1b: Sinistcha|Protect\n|move|p2b: Pelipper|Wide Guard|p2b: Pelipper\n|-singleturn|p2b: Pelipper|Wide Guard\n|move|p2a: Sneasler|Dire Claw|p1b: Sinistcha\n|-activate|p1b: Sinistcha|move: Protect\n|move|p1a: Blastoise|Water Spout|p2a: Sneasler|[spread] \n|-activate|p2a: Sneasler|move: Wide Guard\n|-activate|p2b: Pelipper|move: Wide Guard\n|\n|-weather|RainDance|[upkeep]\n|upkeep\n|turn|2\n|\n|t:|1788289397\n|move|p2a: Sneasler|Rock Slide|p1b: Sinistcha|[spread] p1a,p1b\n|-damage|p1a: Blastoise|78/100\n|-damage|p1b: Sinistcha|82/100\n|cant|p1a: Blastoise|flinch\n|move|p1b: Sinistcha|Matcha Gotcha|p2b: Pelipper|[spread] p2a,p2b\n|-resisted|p2a: Sneasler|1\n|-damage|p2a: Sneasler|84/100\n|-heal|p1b: Sinistcha|89/100|[from] drain|[of] p2a: Sneasler\n|-damage|p2b: Pelipper|64/100\n|-heal|p1b: Sinistcha|100/100|[from] drain|[of] p2b: Pelipper\n|-status|p2a: Sneasler|brn\n|-status|p2b: Pelipper|brn\n|move|p2b: Pelipper|Hurricane|p1b: Sinistcha\n|-supereffective|p1b: Sinistcha|1\n|-damage|p1b: Sinistcha|0 fnt\n|faint|p1b: Sinistcha\n|\n|-weather|RainDance|[upkeep]\n|-damage|p2a: Sneasler|78/100 brn|[from] brn\n|-damage|p2b: Pelipper|58/100 brn|[from] brn\n|upkeep\n|\n|t:|1788289397\n|switch|p1b: Vivillon|Vivillon, L50, M|100/100\n|turn|3\n|inactive|Orowa has 30 seconds left.\n|\n|t:|1788289423\n|move|p2b: Pelipper|Wide Guard|p2b: Pelipper\n|-singleturn|p2b: Pelipper|Wide Guard\n|move|p1b: Vivillon|Hurricane|p2a: Sneasler\n|-supereffective|p2a: Sneasler|1\n|-damage|p2a: Sneasler|0 fnt\n|faint|p2a: Sneasler\n|move|p1a: Blastoise|Water Spout|p2b: Pelipper\n|-activate|p2b: Pelipper|move: Wide Guard\n|\n|-weather|RainDance|[upkeep]\n|-damage|p2b: Pelipper|52/100 brn|[from] brn\n|upkeep\n|\n|t:|1788289432\n|switch|p2a: Swampert|Swampert, L50, F|100/100\n|turn|4\n|\n|t:|1788289444\n|detailschange|p2a: Swampert|Swampert-Mega, L50, F\n|-mega|p2a: Swampert|Swampert|Swampertite\n|move|p1b: Vivillon|Hurricane|p2b: Pelipper\n|-damage|p2b: Pelipper|0 fnt\n|faint|p2b: Pelipper\n|move|p2a: Swampert|Earthquake|p1b: Vivillon|[spread] p1a\n|-immune|p1b: Vivillon\n|-damage|p1a: Blastoise|31/100\n|move|p1a: Blastoise|Shell Smash|p1a: Blastoise\n|-unboost|p1a: Blastoise|def|1\n|-unboost|p1a: Blastoise|spd|1\n|-boost|p1a: Blastoise|atk|2\n|-boost|p1a: Blastoise|spa|2\n|-boost|p1a: Blastoise|spe|2\n|\n|-weather|RainDance|[upkeep]\n|upkeep\n|\n|t:|1788289458\n|switch|p2b: Sinistcha|Sinistcha, L50|100/100\n|turn|5\n|\n|t:|1788289483\n|move|p1a: Blastoise|Water Spout|p2b: Sinistcha|[spread] p2a,p2b\n|-resisted|p2b: Sinistcha|1\n|-damage|p2a: Swampert|50/100g\n|-damage|p2b: Sinistcha|70/100\n|move|p1b: Vivillon|Hurricane|p2b: Sinistcha\n|-supereffective|p2b: Sinistcha|1\n|-damage|p2b: Sinistcha|0 fnt\n|faint|p2b: Sinistcha\n|move|p2a: Swampert|Wave Crash|p1b: Vivillon\n|-damage|p1b: Vivillon|0 fnt\n|faint|p1b: Vivillon\n|-damage|p2a: Swampert|24/100|[from] Recoil\n|\n|-weather|none\n|upkeep\n|\n|t:|1788289483\n|switch|p1b: Sneasler|Sneasler, L50, M|100/100\n|turn|6\n|\n|t:|1788289499\n|move|p1a: Blastoise|Water Spout|p2a: Swampert\n|-damage|p2a: Swampert|0 fnt\n|faint|p2a: Swampert\n|\n|win|humania1\n|raw|humania1's rating: 1082 &rarr; <strong>1111</strong><br />(+29 for winning)\n|raw|Orowa's rating: 1093 &rarr; <strong>1068</strong><br />(-25 for losing)\n","uploadtime":1788289499,"views":"1","formatid":"gen9championsvgc2026regmbbo3","rating":1068,"private":0,"password":null}