{"id":"gen9championsvgc2026regmbbo3-2674010906","format":"[Gen 9 Champions] VGC 2026 Reg M-B (Bo3)","players":["tevad","FUNFUNFUN^3"],"log":"|j|☆tevad\n|j|☆FUNFUNFUN^3\n|html|<table width=\"100%\"><tr><td align=\"left\">tevad</td><td align=\"right\">FUNFUNFUN^3</tr><tr><td align=\"left\"><i class=\"fa fa-circle\"></i> <i class=\"fa fa-circle-o\"></i> </td><td align=\"right\"><i class=\"fa fa-circle-o\"></i> <i class=\"fa fa-circle\"></i> </tr></table>\n|uhtml|bestof|<h2><strong>Game 3</strong> of <a href=\"/game-bestof3-gen9championsvgc2026regmbbo3-2674006341\">a best-of-3</a></h2>\n|t:|1788287916\n|gametype|doubles\n|player|p1|tevad|hilbert|1037\n|player|p2|FUNFUNFUN^3|lady|1037\n|gen|9\n|tier|[Gen 9 Champions] VGC 2026 Reg M-B (Bo3)\n|rated|\n|rule|Species Clause: Limit one of each Pokémon\n|rule|Item Clause: Limit 1 of each item\n|clearpoke\n|poke|p1|Floette-Eternal, L50, F|\n|poke|p1|Charizard, L50, F|\n|poke|p1|Garchomp, L50, M|\n|poke|p1|Incineroar, L50, F|\n|poke|p1|Whimsicott, L50, M|\n|poke|p1|Basculegion, L50, M|\n|poke|p2|Scrafty, L50, F|\n|poke|p2|Pyroar, L50, M|\n|poke|p2|Vileplume, L50, M|\n|poke|p2|Torkoal, L50, F|\n|poke|p2|Basculegion, L50, M|\n|poke|p2|Malamar, L50, M|\n|teampreview|4\n|showteam|p1|Floette-Eternal||Floettite|FlowerVeil|Moonblast,DazzlingGleam,Protect,CalmMind|Modest||F|||50|]Charizard||CharizarditeY|Blaze|Protect,HeatWave,SolarBeam,WeatherBall|Modest||F|||50|]Garchomp||RoseliBerry|RoughSkin|DragonClaw,RockSlide,Earthquake,Protect|Adamant||M|||50|]Incineroar||SitrusBerry|Intimidate|FakeOut,PartingShot,FlareBlitz,ThroatChop|Careful||F|||50|]Whimsicott||FocusSash|Prankster|Tailwind,Moonblast,Protect,Encore|Bold||M|||50|]Basculegion||LifeOrb|SwiftSwim|LastRespects,WaveCrash,AquaJet,Protect|Adamant||M|||50|\n|showteam|p2|Scrafty||Scraftinite|Intimidate|FakeOut,CloseCombat,KnockOff,IcePunch|Adamant||F|||50|]Pyroar||Pyroarite|Moxie|HeatWave,HyperVoice,Overheat,Protect|Timid||M|||50|]Vileplume||FocusSash|Chlorophyll|SleepPowder,LeafStorm,SludgeBomb,AfterYou|Timid||M|||50|]Torkoal||Charcoal|Drought|Eruption,Overheat,Protect,HelpingHand|Quiet||F|||50|]Basculegion||ChoiceScarf|Adaptability|LastRespects,Liquidation,AquaJet,Protect|Jolly||M|||50|]Malamar||SitrusBerry|Contrary|TrickRoom,Superpower,TopsyTurvy,RockSlide|Sassy||M|||50|\n|inactive|Battle timer is ON: inactive players will automatically lose when time's up. (requested by FUNFUNFUN^3)\n|\n|t:|1788287941\n|teamsize|p1|4\n|teamsize|p2|4\n|start\n|switch|p1a: Floette|Floette-Eternal, L50, F|100/100\n|switch|p1b: Garchomp|Garchomp, L50, M|100/100\n|switch|p2a: Calamari|Malamar, L50, M|100/100\n|switch|p2b: Magdalene Ju-Nen|Scrafty, L50, F|100/100\n|-ability|p2b: Magdalene Ju-Nen|Intimidate|boost\n|-unboost|p1a: Floette|atk|1\n|-unboost|p1b: Garchomp|atk|1\n|turn|1\n|inactive|tevad has 30 seconds left.\n|\n|t:|1788287970\n|detailschange|p1a: Floette|Floette-Mega, L50, F\n|-mega|p1a: Floette|Floette|Floettite\n|-ability|p1a: Floette|Fairy Aura\n|move|p2b: Magdalene Ju-Nen|Fake Out|p1a: Floette\n|-damage|p1a: Floette|83/100\n|move|p1b: Garchomp|Dragon Claw|p2a: Calamari\n|-damage|p2a: Calamari|69/100\n|cant|p1a: Floette|flinch\n|move|p2a: Calamari|Trick Room|p2a: Calamari\n|-fieldstart|move: Trick Room|[of] p2a: Calamari\n|\n|upkeep\n|turn|2\n|inactive|tevad has 30 seconds left.\n|inactive|FUNFUNFUN^3 has 30 seconds left.\n|\n|t:|1788288002\n|switch|p1b: Basculegion|Basculegion, L50, M|100/100\n|move|p2b: Magdalene Ju-Nen|Ice Punch|p1b: Basculegion\n|-resisted|p1b: Basculegion|1\n|-damage|p1b: Basculegion|86/100\n|-status|p1b: Basculegion|frz\n|move|p2a: Calamari|Rock Slide|p1b: Basculegion|[spread] p1a,p1b\n|-damage|p1a: Floette|66/100\n|-damage|p1b: Basculegion|71/100 frz\n|move|p1a: Floette|Moonblast|p2b: Magdalene Ju-Nen\n|-supereffective|p2b: Magdalene Ju-Nen|2\n|-damage|p2b: Magdalene Ju-Nen|0 fnt\n|faint|p2b: Magdalene Ju-Nen\n|\n|upkeep\n|\n|t:|1788288014\n|switch|p2b: Domain Expansion|Torkoal, L50, F|100/100\n|-weather|SunnyDay|[from] ability: Drought|[of] p2b: Domain Expansion\n|turn|3\n|\n|t:|1788288025\n|-curestatus|p1b: Basculegion|frz|[msg]\n|move|p1b: Basculegion|Protect|p1b: Basculegion\n|-singleturn|p1b: Basculegion|Protect\n|move|p1a: Floette|Protect|p1a: Floette\n|-singleturn|p1a: Floette|Protect\n|move|p2b: Domain Expansion|Eruption|p1a: Floette|[spread] \n|-activate|p1a: Floette|move: Protect\n|-activate|p1b: Basculegion|move: Protect\n|move|p2a: Calamari|Superpower|p1a: Floette\n|-activate|p1a: Floette|move: Protect\n|\n|-weather|SunnyDay|[upkeep]\n|upkeep\n|turn|4\n|\n|t:|1788288045\n|switch|p1a: Incineroar|Incineroar, L50, F|100/100\n|-ability|p1a: Incineroar|Intimidate|boost\n|-boost|p2a: Calamari|atk|1\n|-unboost|p2b: Domain Expansion|atk|1\n|move|p2b: Domain Expansion|Eruption|p1b: Basculegion|[spread] p1a,p1b\n|-resisted|p1a: Incineroar|1\n|-resisted|p1b: Basculegion|1\n|-damage|p1a: Incineroar|64/100\n|-damage|p1b: Basculegion|25/100\n|move|p2a: Calamari|Superpower|p1a: Incineroar\n|-supereffective|p1a: Incineroar|1\n|-damage|p1a: Incineroar|0 fnt\n|-boost|p2a: Calamari|atk|1\n|-boost|p2a: Calamari|def|1\n|faint|p1a: Incineroar\n|move|p1b: Basculegion|Wave Crash|p2b: Domain Expansion\n|-supereffective|p2b: Domain Expansion|1\n|-damage|p2b: Domain Expansion|51/100\n|-damage|p1b: Basculegion|10/100|[from] Recoil\n|-damage|p1b: Basculegion|1/100|[from] item: Life Orb\n|\n|-weather|SunnyDay|[upkeep]\n|upkeep\n|\n|t:|1788288067\n|switch|p1a: Garchomp|Garchomp, L50, M|100/100\n|turn|5\n|\n|t:|1788288081\n|move|p1a: Garchomp|Protect|p1a: Garchomp\n|-singleturn|p1a: Garchomp|Protect\n|move|p2b: Domain Expansion|Overheat|p1a: Garchomp\n|-activate|p1a: Garchomp|move: Protect\n|move|p2a: Calamari|Rock Slide|p1a: Garchomp|[spread] \n|-activate|p1a: Garchomp|move: Protect\n|-miss|p2a: Calamari|p1b: Basculegion\n|move|p1b: Basculegion|Last Respects|p2b: Domain Expansion\n|-damage|p2b: Domain Expansion|11/100\n|-damage|p1b: Basculegion|0 fnt|[from] item: Life Orb\n|faint|p1b: Basculegion\n|\n|-weather|SunnyDay|[upkeep]\n|-fieldend|move: Trick Room\n|upkeep\n|\n|t:|1788288094\n|switch|p1b: Floette|Floette-Mega, L50, F|66/100\n|-ability|p1b: Floette|Fairy Aura\n|turn|6\n|\n|t:|1788288107\n|move|p1b: Floette|Dazzling Gleam|p2a: Calamari|[spread] p2a,p2b\n|-supereffective|p2a: Calamari|1\n|-resisted|p2b: Domain Expansion|1\n|-damage|p2a: Calamari|0 fnt\n|-damage|p2b: Domain Expansion|0 fnt\n|faint|p2a: Calamari\n|faint|p2b: Domain Expansion\n|move|p1a: Garchomp|Rock Slide|p2: Calamari|[notarget]\n|-fail|p1a: Garchomp\n|\n|-weather|SunnyDay|[upkeep]\n|upkeep\n|\n|t:|1788288109\n|switch|p2b: Etrigan|Pyroar, L50, M|100/100\n|turn|7\n|\n|t:|1788288117\n|detailschange|p2b: Etrigan|Pyroar-Mega, L50, M\n|-mega|p2b: Etrigan|Pyroar|Pyroarite\n|move|p1b: Floette|Protect|p1b: Floette\n|-singleturn|p1b: Floette|Protect\n|move|p2b: Etrigan|Heat Wave|p1b: Floette|[spread] p1a\n|-activate|p1b: Floette|move: Protect\n|-resisted|p1a: Garchomp|1\n|-damage|p1a: Garchomp|51/100\n|move|p1a: Garchomp|Earthquake|p2b: Etrigan|[spread] p2b\n|-activate|p1b: Floette|move: Protect\n|-supereffective|p2b: Etrigan|1\n|-damage|p2b: Etrigan|0 fnt\n|faint|p2b: Etrigan\n|\n|win|tevad\n|raw|tevad's rating: 1037 &rarr; <strong>1071</strong><br />(+34 for winning)\n|raw|FUNFUNFUN^3's rating: 1037 &rarr; <strong>1021</strong><br />(-16 for losing)\n|l|☆FUNFUNFUN^3\n|player|p2|\n","uploadtime":1788288148,"views":"0","formatid":"gen9championsvgc2026regmbbo3","rating":1021,"private":0,"password":null}