{"id":"gen9championsvgc2026regmb-2674554350","format":"[Gen 9 Champions] VGC 2026 Reg M-B","players":["Noobiedoobie537","geddythrowaway"],"log":"|j|☆Noobiedoobie537\n|j|‽geddythrowaway\n|t:|1788373337\n|gametype|doubles\n|player|p1|Noobiedoobie537|lucas-gen4pt|1273\n|player|p2|geddythrowaway|n|1243\n|gen|9\n|tier|[Gen 9 Champions] VGC 2026 Reg M-B\n|rated|\n|rule|Species Clause: Limit one of each Pokémon\n|rule|Item Clause: Limit 1 of each item\n|clearpoke\n|poke|p1|Reuniclus, L50, F, shiny|\n|poke|p1|Farigiraf, L50, F|\n|poke|p1|Sneasler, L50, F|\n|poke|p1|Pelipper, L50, M|\n|poke|p1|Swampert, L50, F|\n|poke|p1|Mawile, L50, F|\n|poke|p2|Raichu, L50, F|\n|poke|p2|Ninetales-Alola, L50, M|\n|poke|p2|Milotic, L50, M|\n|poke|p2|Aurorus, L50, M|\n|poke|p2|Farigiraf, L50, M|\n|poke|p2|Sinistcha, L50|\n|teampreview|4\n|inactive|Battle timer is ON: inactive players will automatically lose when time's up. (requested by Noobiedoobie537)\nNoobiedoobie537 has agreed to open team sheets.\n|inactive|geddythrowaway has 60 seconds left.\n|\n|t:|1788373380\n|teamsize|p1|4\n|teamsize|p2|4\n|start\n|switch|p1a: sukuna|Reuniclus, L50, F, shiny|100/100\n|switch|p1b: Harryhardtr|Farigiraf, L50, F|100/100\n|switch|p2a: Milotic|Milotic, L50, M|100/100\n|switch|p2b: Farigiraf|Farigiraf, L50, M|100/100\n|turn|1\n|\n|t:|1788373403\n|move|p1b: Harryhardtr|Helping Hand|p1a: sukuna\n|-singleturn|p1a: sukuna|Helping Hand|[of] p1b: Harryhardtr\n|move|p2a: Milotic|Scald|p1b: Harryhardtr\n|-damage|p1b: Harryhardtr|63/100\n|-status|p1b: Harryhardtr|brn\n|move|p2b: Farigiraf|Foul Play|p1b: Harryhardtr\n|-supereffective|p1b: Harryhardtr|1\n|-damage|p1b: Harryhardtr|34/100 brn\n|-enditem|p1b: Harryhardtr|Sitrus Berry|[eat]\n|-heal|p1b: Harryhardtr|59/100 brn|[from] item: Sitrus Berry\n|move|p1a: sukuna|Psychic|p2a: Milotic\n|-damage|p2a: Milotic|19/100\n|-unboost|p2a: Milotic|spd|1\n|-ability|p2a: Milotic|Competitive|boost\n|-boost|p2a: Milotic|spa|2\n|\n|-heal|p2a: Milotic|25/100|[from] item: Leftovers\n|-damage|p1b: Harryhardtr|53/100 brn|[from] brn\n|upkeep\n|turn|2\n|inactive|geddythrowaway has 30 seconds left.\n|\n|t:|1788373432\n|move|p2a: Milotic|Protect|p2a: Milotic\n|-singleturn|p2a: Milotic|Protect\n|move|p1b: Harryhardtr|Protect|p1b: Harryhardtr\n|-singleturn|p1b: Harryhardtr|Protect\n|move|p2b: Farigiraf|Foul Play|p1b: Harryhardtr\n|-activate|p1b: Harryhardtr|move: Protect\n|move|p1a: sukuna|Trick Room|p1a: sukuna\n|-fieldstart|move: Trick Room|[of] p1a: sukuna\n|\n|-heal|p2a: Milotic|31/100|[from] item: Leftovers\n|-damage|p1b: Harryhardtr|47/100 brn|[from] brn\n|upkeep\n|turn|3\n|inactive|geddythrowaway has 30 seconds left.\n|\n|t:|1788373460\n|switch|p2b: Sinistcha|Sinistcha, L50|100/100\n|-heal|p2a: Milotic|56/100|[from] ability: Hospitality|[of] p2b: Sinistcha\n|switch|p1b: mawilemax|Mawile, L50, F|100/100\n|-ability|p1b: mawilemax|Intimidate|boost\n|-unboost|p2a: Milotic|atk|1\n|-ability|p2a: Milotic|Competitive|boost\n|-boost|p2a: Milotic|spa|2\n|-unboost|p2b: Sinistcha|atk|1\n|move|p1a: sukuna|Psychic|p2a: Milotic\n|-damage|p2a: Milotic|0 fnt\n|faint|p2a: Milotic\n|\n|upkeep\n|\n|t:|1788373476\n|switch|p2a: Aurorus|Aurorus, L50, M|100/100\n|-weather|Snowscape|[from] ability: Snow Warning|[of] p2a: Aurorus\n|turn|4\n|\n|t:|1788373490\n|detailschange|p1b: mawilemax|Mawile-Mega, L50, F\n|-mega|p1b: mawilemax|Mawile|Mawilite\n|move|p2a: Aurorus|Protect|p2a: Aurorus\n|-singleturn|p2a: Aurorus|Protect\n|move|p1a: sukuna|Psychic|p2b: Sinistcha\n|-damage|p2b: Sinistcha|41/100\n|-enditem|p2b: Sinistcha|Sitrus Berry|[eat]\n|-heal|p2b: Sinistcha|65/100|[from] item: Sitrus Berry\n|move|p1b: mawilemax|Play Rough|p2b: Sinistcha\n|-damage|p2b: Sinistcha|0 fnt\n|faint|p2b: Sinistcha\n|\n|-weather|Snowscape|[upkeep]\n|upkeep\n|\n|t:|1788373511\n|switch|p2b: Farigiraf|Farigiraf, L50, M|100/100\n|turn|5\n|\n|t:|1788373520\n|move|p2a: Aurorus|Protect||[still]\n|-fail|p2a: Aurorus\n|move|p1a: sukuna|Focus Blast|p2a: Aurorus\n|-supereffective|p2a: Aurorus|2\n|-damage|p2a: Aurorus|0 fnt\n|faint|p2a: Aurorus\n|move|p1b: mawilemax|Play Rough|p2b: Farigiraf\n|-damage|p2b: Farigiraf|21/100\n|move|p2b: Farigiraf|Foul Play|p1a: sukuna\n|-supereffective|p1a: sukuna|1\n|-damage|p1a: sukuna|69/100\n|\n|-weather|Snowscape|[upkeep]\n|upkeep\n|turn|6\n|\n|t:|1788373536\n|move|p1a: sukuna|Psychic|p2b: Farigiraf\n|-resisted|p2b: Farigiraf|1\n|-damage|p2b: Farigiraf|0 fnt\n|faint|p2b: Farigiraf\n|\n|win|Noobiedoobie537\n|raw|Noobiedoobie537's rating: 1273 &rarr; <strong>1296</strong><br />(+23 for winning)\n|raw|geddythrowaway's rating: 1243 &rarr; <strong>1220</strong><br />(-23 for losing)\n|l|‽geddythrowaway\n|player|p2|\n","uploadtime":1788373542,"views":"0","formatid":"gen9championsvgc2026regmb","rating":1220,"private":0,"password":null}