{"id":"gen9championsvgc2026regmb-2674049324","format":"[Gen 9 Champions] VGC 2026 Reg M-B","players":["ShrimpGun","dalyboii"],"log":"|j|☆ShrimpGun\n|j|☆dalyboii\n|t:|1788292509\n|gametype|doubles\n|player|p1|ShrimpGun|fisherman-gen4|1289\n|player|p2|dalyboii|cynthia|1300\n|gen|9\n|tier|[Gen 9 Champions] VGC 2026 Reg M-B\n|rated|\n|rule|Species Clause: Limit one of each Pokémon\n|rule|Item Clause: Limit 1 of each item\n|clearpoke\n|poke|p1|Staraptor, L50, F|\n|poke|p1|Farigiraf, L50, F, shiny|\n|poke|p1|Clawitzer, L50, F|\n|poke|p1|Arcanine-Hisui, L50, F|\n|poke|p1|Sylveon, L50, F|\n|poke|p1|Kingambit, L50, M|\n|poke|p2|Glimmora, L50, M, shiny|\n|poke|p2|Glaceon, L50, M, shiny|\n|poke|p2|Froslass, L50, F, shiny|\n|poke|p2|Kingambit, L50, M|\n|poke|p2|Sneasler, L50, M|\n|poke|p2|Talonflame, L50, M|\n|teampreview|4\n|\n|t:|1788292530\n|teamsize|p1|4\n|teamsize|p2|4\n|start\n|switch|p1a: Clawitzer|Clawitzer, L50, F|100/100\n|switch|p1b: Farigiraf|Farigiraf, L50, F, shiny|100/100\n|switch|p2a: Froslass|Froslass, L50, F, shiny|100/100\n|switch|p2b: Sneasler|Sneasler, L50, M|100/100\n|turn|1\n|\n|t:|1788292543\n|detailschange|p2a: Froslass|Froslass-Mega, L50, F, shiny\n|-mega|p2a: Froslass|Froslass|Froslassite\n|-weather|Snowscape|[from] ability: Snow Warning|[of] p2a: Froslass\n|move|p2b: Sneasler|Dire Claw|p1a: Clawitzer\n|-damage|p1a: Clawitzer|33/100\n|move|p2a: Froslass|Taunt|p1b: Farigiraf\n|-start|p1b: Farigiraf|move: Taunt\n|move|p1a: Clawitzer|Dark Pulse|p2a: Froslass\n|-supereffective|p2a: Froslass|1\n|-damage|p2a: Froslass|0 fnt\n|faint|p2a: Froslass\n|-damage|p1a: Clawitzer|23/100|[from] item: Life Orb\n|cant|p1b: Farigiraf|move: Taunt|Trick Room\n|\n|-weather|Snowscape|[upkeep]\n|upkeep\n|\n|t:|1788292554\n|switch|p2a: Kingambit|Kingambit, L50, M|100/100\n|turn|2\n|\n|t:|1788292564\n|switch|p1b: Kingambit|Kingambit, L50, M|100/100\n|move|p1a: Clawitzer|Protect|p1a: Clawitzer\n|-singleturn|p1a: Clawitzer|Protect\n|move|p2b: Sneasler|Close Combat|p1a: Clawitzer\n|-activate|p1a: Clawitzer|move: Protect\n|move|p2a: Kingambit|Kowtow Cleave|p1b: Kingambit\n|-resisted|p1b: Kingambit|1\n|-damage|p1b: Kingambit|81/100\n|\n|-weather|Snowscape|[upkeep]\n|upkeep\n|turn|3\n|\n|t:|1788292575\n|move|p2b: Sneasler|Close Combat|p1a: Clawitzer\n|-damage|p1a: Clawitzer|0 fnt\n|-unboost|p2b: Sneasler|def|1\n|-unboost|p2b: Sneasler|spd|1\n|faint|p1a: Clawitzer\n|move|p2a: Kingambit|Low Kick|p1b: Kingambit\n|-supereffective|p1b: Kingambit|2\n|-damage|p1b: Kingambit|0 fnt\n|faint|p1b: Kingambit\n|\n|-weather|Snowscape|[upkeep]\n|upkeep\n|\n|t:|1788292579\n|switch|p1a: Staraptor|Staraptor, L50, F|100/100\n|switch|p1b: Farigiraf|Farigiraf, L50, F, shiny|100/100\n|-ability|p1a: Staraptor|Intimidate|boost\n|-unboost|p2a: Kingambit|atk|1\n|-ability|p2a: Kingambit|Defiant|boost\n|-boost|p2a: Kingambit|atk|2\n|-unboost|p2b: Sneasler|atk|1\n|turn|4\n|\n|t:|1788292590\n|detailschange|p1a: Staraptor|Staraptor-Mega, L50, F\n|-mega|p1a: Staraptor|Staraptor|Staraptite\n|move|p1a: Staraptor|Close Combat|p2a: Kingambit\n|-supereffective|p2a: Kingambit|2\n|-enditem|p2a: Kingambit|Chople Berry|[eat]\n|-enditem|p2a: Kingambit|Chople Berry|[weaken]\n|-damage|p2a: Kingambit|16/100\n|-boost|p1a: Staraptor|def|1\n|-boost|p1a: Staraptor|spd|1\n|move|p2b: Sneasler|Dire Claw|p1a: Staraptor\n|-damage|p1a: Staraptor|80/100\n|move|p2a: Kingambit|Kowtow Cleave|p1b: Farigiraf\n|-supereffective|p1b: Farigiraf|1\n|-damage|p1b: Farigiraf|0 fnt\n|faint|p1b: Farigiraf\n|\n|-weather|Snowscape|[upkeep]\n|upkeep\n|turn|5\n|\n|t:|1788292603\n|move|p2a: Kingambit|Sucker Punch|p1a: Staraptor\n|-resisted|p1a: Staraptor|1\n|-damage|p1a: Staraptor|61/100\n|move|p1a: Staraptor|Close Combat|p2a: Kingambit\n|-supereffective|p2a: Kingambit|2\n|-damage|p2a: Kingambit|0 fnt\n|-boost|p1a: Staraptor|def|1\n|-boost|p1a: Staraptor|spd|1\n|faint|p2a: Kingambit\n|move|p2b: Sneasler|Dire Claw|p1a: Staraptor\n|-damage|p1a: Staraptor|46/100\n|-status|p1a: Staraptor|psn|[from] ability: Poison Touch|[of] p2b: Sneasler\n|\n|-weather|none\n|-damage|p1a: Staraptor|34/100 psn|[from] psn\n|upkeep\n|\n|t:|1788292608\n|switch|p2a: Glimmora|Glimmora, L50, M, shiny|100/100\n|turn|6\n|\n|t:|1788292618\n|move|p1a: Staraptor|Close Combat|p2b: Sneasler\n|-resisted|p2b: Sneasler|1\n|-damage|p2b: Sneasler|32/100\n|-boost|p1a: Staraptor|def|1\n|-boost|p1a: Staraptor|spd|1\n|move|p2b: Sneasler|Dire Claw|p1a: Staraptor\n|-damage|p1a: Staraptor|22/100 psn\n|move|p2a: Glimmora|Sludge Bomb|p1a: Staraptor\n|-damage|p1a: Staraptor|1/100 psn\n|\n|-damage|p1a: Staraptor|0 fnt|[from] psn\n|faint|p1a: Staraptor\n|\n|win|dalyboii\n|raw|ShrimpGun's rating: 1289 &rarr; <strong>1265</strong><br />(-24 for losing)\n|raw|dalyboii's rating: 1300 &rarr; <strong>1324</strong><br />(+24 for winning)\n","uploadtime":1788292619,"views":"2","formatid":"gen9championsvgc2026regmb","rating":1265,"private":0,"password":null}