{"id":"gen9championsvgc2026regmbbo3-2673356819","format":"[Gen 9 Champions] VGC 2026 Reg M-B (Bo3)","players":["pokemanu24","BreloomB01"],"log":"|j|☆pokemanu24\n|j|☆BreloomB01\n|html|<table width=\"100%\"><tr><td align=\"left\">pokemanu24</td><td align=\"right\">BreloomB01</tr><tr><td align=\"left\"><i class=\"fa fa-circle-o\"></i> <i class=\"fa fa-circle-o\"></i> </td><td align=\"right\"><i class=\"fa fa-circle-o\"></i> <i class=\"fa fa-circle-o\"></i> </tr></table>\n|uhtml|bestof|<h2><strong>Game 1</strong> of <a href=\"/game-bestof3-gen9championsvgc2026regmbbo3-2673356817\">a best-of-3</a></h2>\n|t:|1788187785\n|gametype|doubles\n|player|p1|pokemanu24|ethan|1115\n|player|p2|BreloomB01|170|1298\n|gen|9\n|tier|[Gen 9 Champions] VGC 2026 Reg M-B (Bo3)\n|rated|\n|rule|Species Clause: Limit one of each Pokémon\n|rule|Item Clause: Limit 1 of each item\n|clearpoke\n|poke|p1|Tyranitar, L50, F|\n|poke|p1|Aegislash, L50, M|\n|poke|p1|Sinistcha-Masterpiece, L50|\n|poke|p1|Aerodactyl, L50, M|\n|poke|p1|Excadrill, L50, F|\n|poke|p1|Sylveon, L50, M|\n|poke|p2|Scovillain, L50, F|\n|poke|p2|Basculegion, L50, M|\n|poke|p2|Kingambit, L50, F|\n|poke|p2|Sneasler, L50, M|\n|poke|p2|Lycanroc-Dusk, L50, F|\n|poke|p2|Froslass, L50, F|\n|teampreview|4\n|showteam|p1|Tyranitar||Tyranitarite|SandStream|Protect,RockSlide,KnockOff,LowKick|Adamant||F|||50|]Aegislash||ColburBerry|StanceChange|IronHead,Poltergeist,KingsShield,WideGuard|Brave||M|||50|]Sinistcha-Masterpiece||Leftovers|Hospitality|Protect,MatchaGotcha,ShadowBall,RagePowder|Bold|||||50|]Aerodactyl||FocusSash|Unnerve|Protect,Tailwind,RockSlide,DualWingbeat|Jolly||M|||50|]Excadrill||LifeOrb|SandRush|Protect,Earthquake,IronHead,RockSlide|Adamant||F|||50|]Sylveon||FairyFeather|Pixilate|HyperVoice,HyperBeam,MysticalFire,Protect|Modest||M|||50|\n|showteam|p2|Scovillain||Scovillainite|Moody|GigaDrain,Overheat,RagePowder,Protect|Bold||F|||50|]Basculegion||LifeOrb|Adaptability|WaveCrash,LastRespects,AquaJet,Protect|Adamant||M|||50|]Kingambit||BlackGlasses|Defiant|KowtowCleave,SuckerPunch,SwordsDance,Protect|Adamant||F|||50|]Sneasler||WhiteHerb|Unburden|CloseCombat,DireClaw,Protect,FakeOut|Adamant||M|||50|]Lycanroc-Dusk||FocusSash|ToughClaws|CloseCombat,Accelerock,RockSlide,Protect|Adamant||F|||50|]Froslass||Froslassite|CursedBody|Blizzard,ShadowBall,AuroraVeil,Protect|Timid||F|||50|\n|\n|t:|1788187835\n|teamsize|p1|4\n|teamsize|p2|4\n|start\n|switch|p1a: Aerodactyl|Aerodactyl, L50, M|100/100\n|switch|p1b: Tyranitar|Tyranitar, L50, F|100/100\n|switch|p2a: Scovillain|Scovillain, L50, F|100/100\n|switch|p2b: Basculegion|Basculegion, L50, M|100/100\n|-ability|p1a: Aerodactyl|Unnerve\n|-weather|Sandstorm|[from] ability: Sand Stream|[of] p1b: Tyranitar\n|turn|1\n|\n|t:|1788187859\n|detailschange|p2a: Scovillain|Scovillain-Mega, L50, F\n|-mega|p2a: Scovillain|Scovillain|Scovillainite\n|move|p2b: Basculegion|Protect|p2b: Basculegion\n|-singleturn|p2b: Basculegion|Protect\n|move|p1b: Tyranitar|Protect|p1b: Tyranitar\n|-singleturn|p1b: Tyranitar|Protect\n|move|p1a: Aerodactyl|Tailwind|p1a: Aerodactyl\n|-sidestart|p1: pokemanu24|move: Tailwind\n|move|p2a: Scovillain|Giga Drain|p1b: Tyranitar\n|-activate|p1b: Tyranitar|move: Protect\n|\n|-weather|Sandstorm|[upkeep]\n|-damage|p2b: Basculegion|93/100|[from] Sandstorm\n|-damage|p2a: Scovillain|94/100|[from] Sandstorm\n|upkeep\n|turn|2\n|\n|t:|1788187878\n|switch|p2b: Sneasler|Sneasler, L50, M|100/100\n|detailschange|p1b: Tyranitar|Tyranitar-Mega, L50, F\n|-mega|p1b: Tyranitar|Tyranitar|Tyranitarite\n|move|p2a: Scovillain|Rage Powder|p2a: Scovillain\n|-singleturn|p2a: Scovillain|move: Rage Powder\n|move|p1a: Aerodactyl|Rock Slide|p2b: Sneasler|[spread] p2a,p2b\n|-supereffective|p2a: Scovillain|1\n|-resisted|p2b: Sneasler|1\n|-damage|p2a: Scovillain|43/100\n|-damage|p2b: Sneasler|81/100\n|-status|p1a: Aerodactyl|brn|[from] ability: Spicy Spray|[of] p2a: Scovillain\n|move|p1b: Tyranitar|Rock Slide|p2b: Sneasler|[spread] p2a,p2b\n|-supereffective|p2a: Scovillain|1\n|-resisted|p2b: Sneasler|1\n|-damage|p2a: Scovillain|0 fnt\n|-damage|p2b: Sneasler|52/100\n|-status|p1b: Tyranitar|brn|[from] ability: Spicy Spray|[of] p2a: Scovillain\n|faint|p2a: Scovillain\n|\n|-weather|Sandstorm|[upkeep]\n|-damage|p2b: Sneasler|46/100|[from] Sandstorm\n|-damage|p1a: Aerodactyl|94/100 brn|[from] brn\n|-damage|p1b: Tyranitar|93/100 brn|[from] brn\n|upkeep\n|\n|t:|1788187885\n|switch|p2a: Basculegion|Basculegion, L50, M|93/100\n|turn|3\n|\n|t:|1788187897\n|move|p1b: Tyranitar|Protect|p1b: Tyranitar\n|-singleturn|p1b: Tyranitar|Protect\n|move|p2a: Basculegion|Aqua Jet|p1a: Aerodactyl\n|-supereffective|p1a: Aerodactyl|1\n|-damage|p1a: Aerodactyl|0 fnt\n|faint|p1a: Aerodactyl\n|-damage|p2a: Basculegion|84/100|[from] item: Life Orb\n|move|p2b: Sneasler|Close Combat|p1b: Tyranitar\n|-activate|p1b: Tyranitar|move: Protect\n|\n|-weather|Sandstorm|[upkeep]\n|-damage|p2b: Sneasler|40/100|[from] Sandstorm\n|-damage|p2a: Basculegion|78/100|[from] Sandstorm\n|-damage|p1b: Tyranitar|87/100 brn|[from] brn\n|upkeep\n|\n|t:|1788187903\n|switch|p1a: Sinistcha|Sinistcha-Masterpiece, L50|100/100\n|-heal|p1b: Tyranitar|100/100 brn|[from] ability: Hospitality|[of] p1a: Sinistcha\n|turn|4\n|\n|t:|1788187915\n|move|p2a: Basculegion|Protect|p2a: Basculegion\n|-singleturn|p2a: Basculegion|Protect\n|move|p1a: Sinistcha|Rage Powder|p1a: Sinistcha\n|-singleturn|p1a: Sinistcha|move: Rage Powder\n|move|p1b: Tyranitar|Knock Off|p2a: Basculegion\n|-activate|p2a: Basculegion|move: Protect\n|move|p2b: Sneasler|Dire Claw|p1a: Sinistcha\n|-damage|p1a: Sinistcha|70/100\n|\n|-weather|Sandstorm|[upkeep]\n|-damage|p1a: Sinistcha|64/100|[from] Sandstorm\n|-damage|p2b: Sneasler|34/100|[from] Sandstorm\n|-damage|p2a: Basculegion|72/100|[from] Sandstorm\n|-heal|p1a: Sinistcha|70/100|[from] item: Leftovers\n|-damage|p1b: Tyranitar|93/100 brn|[from] brn\n|-sideend|p1: pokemanu24|move: Tailwind\n|upkeep\n|turn|5\n|\n|t:|1788187932\n|move|p2b: Sneasler|Protect|p2b: Sneasler\n|-singleturn|p2b: Sneasler|Protect\n|move|p1a: Sinistcha|Rage Powder|p1a: Sinistcha\n|-singleturn|p1a: Sinistcha|move: Rage Powder\n|move|p1b: Tyranitar|Low Kick|p2a: Basculegion\n|-immune|p2a: Basculegion\n|move|p2a: Basculegion|Last Respects|p1a: Sinistcha\n|-supereffective|p1a: Sinistcha|1\n|-damage|p1a: Sinistcha|0 fnt\n|faint|p1a: Sinistcha\n|-damage|p2a: Basculegion|62/100|[from] item: Life Orb\n|\n|-weather|none\n|-damage|p1b: Tyranitar|87/100 brn|[from] brn\n|upkeep\n|\n|t:|1788187938\n|switch|p1a: Excadrill|Excadrill, L50, F|100/100\n|turn|6\n|inactive|Battle timer is ON: inactive players will automatically lose when time's up. (requested by BreloomB01)\n|inactive|pokemanu24 has 60 seconds left.\n|inactive|pokemanu24 has 30 seconds left.\n|inactive|pokemanu24 has 20 seconds left.\n|inactive|pokemanu24 has 15 seconds left.\n|inactive|pokemanu24 has 10 seconds left.\n|inactive|pokemanu24 has 5 seconds left.\n|\n|t:|1788188101\n|move|p1a: Excadrill|Protect|p1a: Excadrill\n|-singleturn|p1a: Excadrill|Protect\n|move|p1b: Tyranitar|Protect|p1b: Tyranitar\n|-singleturn|p1b: Tyranitar|Protect\n|move|p2a: Basculegion|Aqua Jet|p1a: Excadrill\n|-activate|p1a: Excadrill|move: Protect\n|move|p2b: Sneasler|Close Combat|p1a: Excadrill\n|-activate|p1a: Excadrill|move: Protect\n|\n|-damage|p1b: Tyranitar|81/100 brn|[from] brn\n|upkeep\n|turn|7\n|l|☆pokemanu24\n|inactive|pokemanu24 disconnected and has a minute to reconnect!\n|player|p1|\n|inactive|pokemanu24 has 30 seconds left.\n|inactive|pokemanu24 has 20 seconds left.\n|inactive|pokemanu24 has 15 seconds left.\n|inactive|pokemanu24 has 10 seconds left.\n|inactive|pokemanu24 has 5 seconds left.\n|-message|pokemanu24 lost due to inactivity.\n|\n|win|BreloomB01\n||BreloomB01 is ready for game 2.\n|inactive|pokemanu24 has 5 seconds to reconnect!\n|raw|pokemanu24's rating: 1115 &rarr; <strong>1102</strong><br />(-13 for losing)\n|raw|BreloomB01's rating: 1298 &rarr; <strong>1311</strong><br />(+13 for winning)\n","uploadtime":1788188186,"views":"4","formatid":"gen9championsvgc2026regmbbo3","rating":1102,"private":0,"password":null}