{"id":"gen9championsvgc2026regmbbo3-2674154870","format":"[Gen 9 Champions] VGC 2026 Reg M-B (Bo3)","players":["HayleyWilliamSimp","The_DarKir"],"log":"|j|☆HayleyWilliamSimp\n|j|☆The_DarKir\n|html|<table width=\"100%\"><tr><td align=\"left\">HayleyWilliamSimp</td><td align=\"right\">The_DarKir</tr><tr><td align=\"left\"><i class=\"fa fa-circle-o\"></i> <i class=\"fa fa-circle-o\"></i> </td><td align=\"right\"><i class=\"fa fa-circle-o\"></i> <i class=\"fa fa-circle-o\"></i> </tr></table>\n|uhtml|bestof|<h2><strong>Game 1</strong> of <a href=\"/game-bestof3-gen9championsvgc2026regmbbo3-2674154869\">a best-of-3</a></h2>\n|t:|1788307320\n|gametype|doubles\n|player|p1|HayleyWilliamSimp|roxie|\n|player|p2|The_DarKir|hugh|\n|gen|9\n|tier|[Gen 9 Champions] VGC 2026 Reg M-B (Bo3)\n|rule|Species Clause: Limit one of each Pokémon\n|rule|Item Clause: Limit 1 of each item\n|clearpoke\n|poke|p1|Delphox, L50, F, shiny|\n|poke|p1|Glaceon, L50, F, shiny|\n|poke|p1|Lycanroc-Dusk, L50, M|\n|poke|p1|Froslass, L50, F|\n|poke|p1|Talonflame, L50, M|\n|poke|p1|Gholdengo, L50|\n|poke|p2|Charizard, L50, M, shiny|\n|poke|p2|Kingambit, L50, M, shiny|\n|poke|p2|Basculegion, L50, M, shiny|\n|poke|p2|Whimsicott, L50, F, shiny|\n|poke|p2|Floette-Eternal, L50, F|\n|poke|p2|Incineroar, L50, M, shiny|\n|teampreview|4\n|showteam|p1|Delphox||Delphoxite|Blaze|Protect,Encore,Psyshock,HeatWave|Timid||F|||50|]Glaceon||NeverMeltIce|SnowCloak|Blizzard,Protect,FreezeDry,ShadowBall|Modest||F|||50|]Lycanroc-Dusk||LifeOrb|ToughClaws|CloseCombat,Accelerock,Protect,DrillRun|Jolly||M|||50|]Froslass||Froslassite|SnowCloak|Blizzard,ShadowBall,Protect,AuroraVeil|Timid||F|||50|]Talonflame|||FlameBody|Acrobatics,Tailwind,Protect,FlareBlitz|Jolly||M|||50|]Gholdengo||ChoiceScarf|GoodasGold|MakeItRain,Trick,PowerGem,ShadowBall|Modest|||||50|\n|showteam|p2|Charizard||CharizarditeY|SolarPower|WeatherBall,Protect,SolarBeam,HeatWave|Modest||M|||50|]Kingambit||BlackGlasses|Defiant|KowtowCleave,SuckerPunch,IronHead,Protect|Adamant||M|||50|]Basculegion||ChoiceScarf|Adaptability|WaveCrash,LastRespects,FlipTurn,AquaJet|Jolly||M|||50|]Whimsicott||FocusSash|Prankster|Moonblast,Tailwind,Protect,Encore|Mild||F|||50|]Floette-Eternal||Floettite|FlowerVeil|DazzlingGleam,LightofRuin,CalmMind,Protect|Modest||F|||50|]Incineroar||SitrusBerry|Intimidate|PartingShot,FakeOut,HelpingHand,ThroatChop|Impish||M|||50|\n|\n|t:|1788307376\n|teamsize|p1|4\n|teamsize|p2|4\n|start\n|switch|p1a: Kagari|Delphox, L50, F, shiny|100/100\n|switch|p1b: Dread Mar|Gholdengo, L50|100/100\n|switch|p2a: Albondiga|Whimsicott, L50, F, shiny|100/100\n|switch|p2b: Endeavor|Incineroar, L50, M, shiny|100/100\n|-ability|p2b: Endeavor|Intimidate|boost\n|-unboost|p1a: Kagari|atk|1\n|-unboost|p1b: Dread Mar|atk|1\n|turn|1\n|\n|t:|1788307434\n|detailschange|p1a: Kagari|Delphox-Mega, L50, F, shiny\n|-mega|p1a: Kagari|Delphox|Delphoxite\n|move|p2a: Albondiga|Protect|p2a: Albondiga\n|-singleturn|p2a: Albondiga|Protect\n|move|p1b: Dread Mar|Power Gem|p2b: Endeavor\n|-supereffective|p2b: Endeavor|1\n|-damage|p2b: Endeavor|48/100\n|-enditem|p2b: Endeavor|Sitrus Berry|[eat]\n|-heal|p2b: Endeavor|73/100|[from] item: Sitrus Berry\n|move|p1a: Kagari|Encore|p2a: Albondiga\n|-activate|p2a: Albondiga|move: Protect\n|move|p2b: Endeavor|Throat Chop|p1b: Dread Mar\n|-supereffective|p1b: Dread Mar|1\n|-damage|p1b: Dread Mar|29/100\n|-start|p1b: Dread Mar|Throat Chop|[silent]\n|\n|upkeep\n|turn|2\n|\n|t:|1788307512\n|switch|p2b: Raiden|Kingambit, L50, M, shiny|100/100\n|move|p2a: Albondiga|Tailwind|p2a: Albondiga\n|-sidestart|p2: The_DarKir|move: Tailwind\n|move|p1b: Dread Mar|Power Gem|p2a: Albondiga\n|-damage|p2a: Albondiga|51/100\n|move|p1a: Kagari|Heat Wave|p2a: Albondiga|[spread] p2b\n|-miss|p1a: Kagari|p2a: Albondiga\n|-supereffective|p2b: Raiden|1\n|-damage|p2b: Raiden|26/100\n|-status|p2b: Raiden|brn\n|\n|-damage|p2b: Raiden|20/100y brn|[from] brn\n|-end|p1b: Dread Mar|Throat Chop|[silent]\n|upkeep\n|turn|3\n|\n|t:|1788307557\n|switch|p2a: Endeavor|Incineroar, L50, M, shiny|73/100\n|-ability|p2a: Endeavor|Intimidate|boost\n|-unboost|p1a: Kagari|atk|1\n|-unboost|p1b: Dread Mar|atk|1\n|move|p1a: Kagari|Protect|p1a: Kagari\n|-singleturn|p1a: Kagari|Protect\n|move|p2b: Raiden|Sucker Punch|p1b: Dread Mar\n|-supereffective|p1b: Dread Mar|1\n|-damage|p1b: Dread Mar|0 fnt\n|faint|p1b: Dread Mar\n|\n|-damage|p2b: Raiden|14/100 brn|[from] brn\n|upkeep\n|\n|t:|1788307567\n|switch|p1b: Tobi|Lycanroc-Dusk, L50, M|100/100\n|turn|4\n|\n|t:|1788307650\n|move|p2a: Endeavor|Fake Out|p1b: Tobi\n|-resisted|p1b: Tobi|1\n|-damage|p1b: Tobi|90/100\n|cant|p1b: Tobi|flinch\n|move|p1a: Kagari|Encore|p2a: Endeavor\n|-start|p2a: Endeavor|Encore\n|move|p2b: Raiden|Kowtow Cleave|p1a: Kagari\n|-supereffective|p1a: Kagari|1\n|-damage|p1a: Kagari|13/100\n|\n|-damage|p2b: Raiden|9/100 brn|[from] brn\n|upkeep\n|turn|5\n|\n|t:|1788307743\n|switch|p2a: Albondiga|Whimsicott, L50, F, shiny|51/100\n|move|p2b: Raiden|Protect|p2b: Raiden\n|-singleturn|p2b: Raiden|Protect\n|move|p1b: Tobi|Accelerock|p2b: Raiden\n|-activate|p2b: Raiden|move: Protect\n|move|p1a: Kagari|Heat Wave|p2b: Raiden|[spread] p2a\n|-activate|p2b: Raiden|move: Protect\n|-supereffective|p2a: Albondiga|1\n|-damage|p2a: Albondiga|0 fnt\n|faint|p2a: Albondiga\n|\n|-damage|p2b: Raiden|3/100 brn|[from] brn\n|-sideend|p2: The_DarKir|move: Tailwind\n|upkeep\n|\n|t:|1788307756\n|switch|p2a: Endeavor|Incineroar, L50, M, shiny|73/100\n|-ability|p2a: Endeavor|Intimidate|boost\n|-unboost|p1a: Kagari|atk|1\n|-unboost|p1b: Tobi|atk|1\n|turn|6\n|\n|t:|1788307772\n|move|p1a: Kagari|Protect|p1a: Kagari\n|-singleturn|p1a: Kagari|Protect\n|move|p1b: Tobi|Protect|p1b: Tobi\n|-singleturn|p1b: Tobi|Protect\n|move|p2b: Raiden|Sucker Punch||[still]\n|-fail|p2b: Raiden\n|move|p2a: Endeavor|Throat Chop|p1a: Kagari\n|-activate|p1a: Kagari|move: Protect\n|\n|-damage|p2b: Raiden|0 fnt|[from] brn\n|faint|p2b: Raiden\n|upkeep\n|\n|t:|1788307784\n|switch|p2b: Pejelagarto|Basculegion, L50, M, shiny|100/100\n|turn|7\n|\n|t:|1788307859\n|switch|p1b: Phoenix|Talonflame, L50, M|100/100\n|move|p1a: Kagari|Protect|p1a: Kagari\n|-singleturn|p1a: Kagari|Protect\n|move|p2b: Pejelagarto|Aqua Jet|p1b: Phoenix\n|-supereffective|p1b: Phoenix|1\n|-damage|p1b: Phoenix|16/100\n|move|p2a: Endeavor|Throat Chop|p1a: Kagari\n|-activate|p1a: Kagari|move: Protect\n|\n|upkeep\n|turn|8\n|\n|t:|1788307888\n|move|p2b: Pejelagarto|Aqua Jet|p1b: Phoenix\n|-supereffective|p1b: Phoenix|1\n|-damage|p1b: Phoenix|0 fnt\n|faint|p1b: Phoenix\n|move|p1a: Kagari|Psyshock|p2b: Pejelagarto\n|-damage|p2b: Pejelagarto|44/100\n|move|p2a: Endeavor|Throat Chop|p1a: Kagari\n|-supereffective|p1a: Kagari|1\n|-damage|p1a: Kagari|0 fnt\n|faint|p1a: Kagari\n|\n|upkeep\n|\n|t:|1788307897\n|switch|p1b: Tobi|Lycanroc-Dusk, L50, M|90/100\n|turn|9\n|\n|t:|1788307921\n|move|p2a: Endeavor|Helping Hand|p2b: Pejelagarto\n|-singleturn|p2b: Pejelagarto|Helping Hand|[of] p2a: Endeavor\n|move|p2b: Pejelagarto|Aqua Jet|p1b: Tobi\n|-supereffective|p1b: Tobi|1\n|-damage|p1b: Tobi|0 fnt\n|faint|p1b: Tobi\n|\n|win|The_DarKir\n|inactive|HayleyWilliamSimp has 30 seconds to confirm battle start!\n|inactive|The_DarKir has 30 seconds to confirm battle start!\n|inactive|HayleyWilliamSimp has 20 seconds to confirm battle start!\n|inactive|The_DarKir has 20 seconds to confirm battle start!\n||The_DarKir is ready for game 2.\n||HayleyWilliamSimp is ready for game 2.\n|uhtml|next|Next: <a href=\"/battle-gen9championsvgc2026regmbbo3-2674158954\"><strong>Game 2 of 3</strong></a>\n|l|☆HayleyWilliamSimp\n|player|p1|\n","uploadtime":1788308376,"views":"6","formatid":"gen9championsvgc2026regmbbo3","rating":null,"private":0,"password":null}