{"id":"gen9championsvgc2026regmb-2674214632","format":"[Gen 9 Champions] VGC 2026 Reg M-B","players":["minimugs","Idennn"],"log":"|j|☆minimugs\n|j|☆Idennn\n|t:|1788316716\n|gametype|doubles\n|player|p1|minimugs|steven|1182\n|player|p2|Idennn|rosa|1265\n|gen|9\n|tier|[Gen 9 Champions] VGC 2026 Reg M-B\n|rated|\n|rule|Species Clause: Limit one of each Pokémon\n|rule|Item Clause: Limit 1 of each item\n|clearpoke\n|poke|p1|Ceruledge, L50, M|\n|poke|p1|Charizard, L50, M|\n|poke|p1|Sableye, L50, M|\n|poke|p1|Sceptile, L50, F|\n|poke|p1|Whimsicott, L50, M|\n|poke|p1|Basculegion, L50, M|\n|poke|p2|Greninja, L50, M, shiny|\n|poke|p2|Liepard, L50, M|\n|poke|p2|Zoroark-Hisui, L50, M, shiny|\n|poke|p2|Annihilape, L50, F|\n|poke|p2|Hatterene, L50, F, shiny|\n|poke|p2|Chesnaught, L50, M|\n|teampreview|4\n|inactive|Battle timer is ON: inactive players will automatically lose when time's up. (requested by minimugs)\n|inactive|minimugs has 60 seconds left.\n|\n|t:|1788316757\n|teamsize|p1|4\n|teamsize|p2|4\n|start\n|switch|p1a: Sableye|Sableye, L50, M|100/100\n|switch|p1b: Charizard|Charizard, L50, M|100/100\n|switch|p2a: Hat|Hatterene, L50, F, shiny|100/100\n|switch|p2b: Lielie|Liepard, L50, M|100/100\n|turn|1\n|\n|t:|1788316779\n|detailschange|p1b: Charizard|Charizard-Mega-Y, L50, M\n|-mega|p1b: Charizard|Charizard|Charizardite Y\n|-weather|SunnyDay|[from] ability: Drought|[of] p1b: Charizard\n|move|p1a: Sableye|Fake Out|p2a: Hat\n|-damage|p2a: Hat|92/100\n|move|p2b: Lielie|Shadow Ball|p1b: Charizard\n|-damage|p1b: Charizard|48/100\n|-damage|p2b: Lielie|90/100|[from] item: Life Orb\n|move|p1b: Charizard|Weather Ball|p2b: Lielie\n|-damage|p2b: Lielie|0 fnt\n|replace|p2b: Imposter|Zoroark-Hisui, L50, M, shiny\n|-end|p2b: Imposter|Illusion\n|faint|p2b: Imposter\n|cant|p2a: Hat|flinch\n|\n|-weather|SunnyDay|[upkeep]\n|-heal|p2a: Hat|98/100|[from] item: Leftovers\n|upkeep\n|\n|t:|1788316793\n|switch|p2b: Lielie|Liepard, L50, M|100/100\n|turn|2\n|\n|t:|1788316807\n|move|p2b: Lielie|Fake Out|p1b: Charizard\n|-crit|p1b: Charizard\n|-damage|p1b: Charizard|29/100\n|move|p1a: Sableye|Reflect|p1a: Sableye\n|-sidestart|p1: minimugs|Reflect\n|cant|p1b: Charizard|flinch\n|move|p2a: Hat|Draining Kiss|p1a: Sableye\n|-supereffective|p1a: Sableye|1\n|-damage|p1a: Sableye|27/100\n|-heal|p2a: Hat|100/100|[from] drain|[of] p1a: Sableye\n|\n|-weather|SunnyDay|[upkeep]\n|upkeep\n|turn|3\n|\n|t:|1788316818\n|switch|p1a: Ceruledge|Ceruledge, L50, M|100/100\n|move|p2b: Lielie|Knock Off|p1b: Charizard\n|-damage|p1b: Charizard|8/100\n|move|p1b: Charizard|Heat Wave|p2a: Hat|[spread] p2a,p2b\n|-damage|p2a: Hat|45/100\n|-enditem|p2b: Lielie|Focus Sash\n|-damage|p2b: Lielie|1/100\n|move|p2a: Hat|Dazzling Gleam|p1b: Charizard|[spread] p1a,p1b\n|-resisted|p1a: Ceruledge|1\n|-resisted|p1b: Charizard|1\n|-damage|p1a: Ceruledge|81/100\n|-damage|p1b: Charizard|0 fnt\n|faint|p1b: Charizard\n|\n|-weather|SunnyDay|[upkeep]\n|-heal|p2a: Hat|51/100|[from] item: Leftovers\n|upkeep\n|\n|t:|1788316824\n|switch|p1b: Basculegion|Basculegion, L50, M|100/100\n|turn|4\n|\n|t:|1788316833\n|move|p2a: Hat|Protect|p2a: Hat\n|-singleturn|p2a: Hat|Protect\n|move|p2b: Lielie|Yawn|p1a: Ceruledge\n|-start|p1a: Ceruledge|move: Yawn|[of] p2b: Lielie\n|move|p1a: Ceruledge|Shadow Sneak|p2a: Hat\n|-activate|p2a: Hat|move: Protect\n|move|p1b: Basculegion|Flip Turn|p2b: Lielie\n|-damage|p2b: Lielie|0 fnt\n|faint|p2b: Lielie\n|\n|t:|1788316845\n|switch|p1b: Sableye|Sableye, L50, M|27/100|[from] Flip Turn\n|\n|-weather|SunnyDay|[upkeep]\n|-heal|p2a: Hat|57/100|[from] item: Leftovers\n|upkeep\n|\n|t:|1788316849\n|switch|p2b: THE WALL 2|Chesnaught, L50, M|100/100\n|turn|5\n|\n|t:|1788316859\n|switch|p1a: Basculegion|Basculegion, L50, M|100/100\n|detailschange|p2b: THE WALL 2|Chesnaught-Mega, L50, M\n|-mega|p2b: THE WALL 2|Chesnaught|Chesnaughtite\n|move|p2b: THE WALL 2|Spiky Shield|p2b: THE WALL 2\n|-singleturn|p2b: THE WALL 2|move: Protect\n|move|p1b: Sableye|Foul Play|p2a: Hat\n|-damage|p2a: Hat|27/100\n|move|p2a: Hat|Draining Kiss|p1b: Sableye\n|-supereffective|p1b: Sableye|1\n|-damage|p1b: Sableye|0 fnt\n|-heal|p2a: Hat|46/100|[from] drain|[of] p1b: Sableye\n|faint|p1b: Sableye\n|\n|-weather|none\n|-heal|p2a: Hat|53/100|[from] item: Leftovers\n|upkeep\n|\n|t:|1788316869\n|switch|p1b: Ceruledge|Ceruledge, L50, M|81/100\n|turn|6\n|\n|t:|1788316885\n|move|p1a: Basculegion|Wave Crash|p2a: Hat\n|-damage|p2a: Hat|0 fnt\n|faint|p2a: Hat\n|-damage|p1a: Basculegion|85/100|[from] Recoil\n|move|p1b: Ceruledge|Bitter Blade|p2b: THE WALL 2\n|-supereffective|p2b: THE WALL 2|1\n|-damage|p2b: THE WALL 2|56/100\n|-heal|p1b: Ceruledge|100/100|[from] drain|[of] p2b: THE WALL 2\n|move|p2b: THE WALL 2|Wood Hammer|p1a: Basculegion\n|-supereffective|p1a: Basculegion|1\n|-crit|p1a: Basculegion\n|-damage|p1a: Basculegion|0 fnt\n|faint|p1a: Basculegion\n|-damage|p2b: THE WALL 2|28/100|[from] Recoil\n|\n|upkeep\n|turn|7\n|-message|Idennn forfeited.\n|\n|win|minimugs\n|raw|minimugs's rating: 1182 &rarr; <strong>1213</strong><br />(+31 for winning)\n|raw|Idennn's rating: 1265 &rarr; <strong>1234</strong><br />(-31 for losing)\n|l|☆Idennn\n|player|p2|\n","uploadtime":1788316897,"views":"1","formatid":"gen9championsvgc2026regmb","rating":1213,"private":0,"password":null}