{"id":"gen9championsvgc2026regmb-2674550235","format":"[Gen 9 Champions] VGC 2026 Reg M-B","players":["Joao Gabriel08","BlueJello44"],"log":"|j|☆Joao Gabriel08\n|j|☆BlueJello44\n|t:|1788372867\n|gametype|doubles\n|player|p1|Joao Gabriel08|volkner|1072\n|player|p2|BlueJello44|102|1101\n|gen|9\n|tier|[Gen 9 Champions] VGC 2026 Reg M-B\n|rated|\n|rule|Species Clause: Limit one of each Pokémon\n|rule|Item Clause: Limit 1 of each item\n|clearpoke\n|poke|p1|Dragonite, L50, M, shiny|\n|poke|p1|Aurorus, L50, M, shiny|\n|poke|p1|Camerupt, L50, M, shiny|\n|poke|p1|Meowscarada, L50, M, shiny|\n|poke|p1|Espathra, L50, F|\n|poke|p1|Absol, L50, F, shiny|\n|poke|p2|Sceptile, L50, M|\n|poke|p2|Jolteon, L50, F|\n|poke|p2|Aerodactyl, L50, M|\n|poke|p2|Basculegion, L50, M|\n|poke|p2|Kingambit, L50, F|\n|poke|p2|Clefable, L50, M|\n|teampreview|4\n|inactive|Battle timer is ON: inactive players will automatically lose when time's up. (requested by Joao Gabriel08)\n|\n|t:|1788372895\n|teamsize|p1|4\n|teamsize|p2|4\n|start\n|switch|p1a: Aurorus|Aurorus, L50, M, shiny|100/100\n|switch|p1b: Espathra|Espathra, L50, F|100/100\n|switch|p2a: Sceptile|Sceptile, L50, M|100/100\n|switch|p2b: Jolteon|Jolteon, L50, F|100/100\n|-weather|Snowscape|[from] ability: Snow Warning|[of] p1a: Aurorus\n|turn|1\n|inactive|Joao Gabriel08 has 30 seconds left.\n|inactive|BlueJello44 has 30 seconds left.\n|inactive|BlueJello44 has 20 seconds left.\n|inactive|BlueJello44 has 15 seconds left.\n|inactive|BlueJello44 has 10 seconds left.\n|inactive|BlueJello44 has 5 seconds left.\n|\n|t:|1788372945\n|switch|p1a: Dragonite|Dragonite, L50, M, shiny|100/100\n|detailschange|p2a: Sceptile|Sceptile-Mega, L50, M\n|-mega|p2a: Sceptile|Sceptile|Sceptilite\n|move|p2b: Jolteon|Discharge|p1a: Dragonite|[spread] p1a,p1b\n|-ability|p2a: Sceptile|Lightning Rod|boost\n|-boost|p2a: Sceptile|spa|1\n|-damage|p1a: Dragonite|88/100\n|-damage|p1b: Espathra|71/100\n|move|p2a: Sceptile|Energy Ball|p1b: Espathra\n|-damage|p1b: Espathra|0 fnt\n|faint|p1b: Espathra\n|\n|-weather|Snowscape|[upkeep]\n|upkeep\n|\n|t:|1788372966\n|switch|p1b: Aurorus|Aurorus, L50, M, shiny|100/100\n|turn|2\n|\n|t:|1788372990\n|move|p2b: Jolteon|Discharge|p1a: Dragonite|[spread] p1a,p1b\n|-ability|p2a: Sceptile|Lightning Rod|boost\n|-boost|p2a: Sceptile|spa|1\n|-damage|p1a: Dragonite|67/100\n|-damage|p1b: Aurorus|79/100\n|move|p2a: Sceptile|Dragon Pulse|p1a: Dragonite\n|-supereffective|p1a: Dragonite|1\n|-damage|p1a: Dragonite|0 fnt\n|faint|p1a: Dragonite\n|move|p1b: Aurorus|Blizzard|p2b: Jolteon|[spread] p2a,p2b\n|-supereffective|p2a: Sceptile|2\n|-damage|p2a: Sceptile|0 fnt\n|-damage|p2b: Jolteon|61/100\n|faint|p2a: Sceptile\n|\n|-weather|Snowscape|[upkeep]\n|upkeep\n|\n|t:|1788373009\n|switch|p2a: Aerodactyl|Aerodactyl, L50, M|100/100\n|switch|p1a: Absol|Absol, L50, F, shiny|100/100\n|-ability|p2a: Aerodactyl|Unnerve\n|turn|3\n|inactive|BlueJello44 has 30 seconds left.\n|\n|t:|1788373035\n|detailschange|p1a: Absol|Absol-Mega, L50, F, shiny\n|-mega|p1a: Absol|Absol|Absolite\n|move|p2b: Jolteon|Electroweb|p1a: Absol|[spread] p1a,p1b\n|-damage|p1a: Absol|75/100\n|-damage|p1b: Aurorus|65/100\n|-unboost|p1a: Absol|spe|1\n|-unboost|p1b: Aurorus|spe|1\n|move|p2a: Aerodactyl|Rock Slide|p1b: Aurorus|[spread] p1a,p1b\n|-supereffective|p1b: Aurorus|1\n|-damage|p1a: Absol|46/100\n|-damage|p1b: Aurorus|37/100\n|move|p1a: Absol|Night Slash|p2a: Aerodactyl\n|-damage|p2a: Aerodactyl|46/100\n|move|p1b: Aurorus|Blizzard|p2b: Jolteon|[spread] p2a,p2b\n|-supereffective|p2a: Aerodactyl|1\n|-damage|p2a: Aerodactyl|0 fnt\n|-damage|p2b: Jolteon|19/100\n|faint|p2a: Aerodactyl\n|\n|-weather|Snowscape|[upkeep]\n|upkeep\n|\n|t:|1788373055\n|switch|p2a: Clefable|Clefable, L50, M|100/100\n|turn|4\n|\n|t:|1788373078\n|move|p2a: Clefable|Protect|p2a: Clefable\n|-singleturn|p2a: Clefable|Protect\n|move|p1a: Absol|Sucker Punch|p2b: Jolteon\n|-damage|p2b: Jolteon|0 fnt\n|faint|p2b: Jolteon\n|move|p1b: Aurorus|Blizzard|p2a: Clefable\n|-activate|p2a: Clefable|move: Protect\n|\n|-weather|Snowscape|[upkeep]\n|upkeep\n|turn|5\n|inactive|Joao Gabriel08 has 30 seconds left.\n|\n|t:|1788373110\n|move|p1a: Absol|Psycho Cut|p2a: Clefable\n|-damage|p2a: Clefable|78/100\n|move|p2a: Clefable|Moonblast|p1a: Absol\n|-supereffective|p1a: Absol|1\n|-damage|p1a: Absol|0 fnt\n|faint|p1a: Absol\n|move|p1b: Aurorus|Meteor Beam||[still]\n|-prepare|p1b: Aurorus|Meteor Beam\n|-boost|p1b: Aurorus|spa|1\n|\n|-weather|none\n|upkeep\n|turn|6\n|\n|t:|1788373127\n|move|p2a: Clefable|Moonblast|p1b: Aurorus\n|-damage|p1b: Aurorus|12/100\n|move|p1b: Aurorus|Meteor Beam|p2a: Clefable|[from] lockedmove\n|-crit|p2a: Clefable\n|-damage|p2a: Clefable|15/100\n|-enditem|p2a: Clefable|Sitrus Berry|[eat]\n|-heal|p2a: Clefable|40/100|[from] item: Sitrus Berry\n|\n|upkeep\n|turn|7\n|\n|t:|1788373143\n|move|p2a: Clefable|Moonblast|p1b: Aurorus\n|-damage|p1b: Aurorus|0 fnt\n|faint|p1b: Aurorus\n|\n|win|BlueJello44\n|raw|Joao Gabriel08's rating: 1072 &rarr; <strong>1053</strong><br />(-19 for losing)\n|raw|BlueJello44's rating: 1101 &rarr; <strong>1124</strong><br />(+23 for winning)\n","uploadtime":1788373149,"views":"0","formatid":"gen9championsvgc2026regmb","rating":1053,"private":0,"password":null}