{"id":"gen9championsvgc2026regmb-2674875862","format":"[Gen 9 Champions] VGC 2026 Reg M-B","players":["Honks123","Tequilsaurus"],"log":"|j|☆Honks123\n|j|☆Tequilsaurus\n|t:|1788426918\n|gametype|doubles\n|player|p1|Honks123|byron|1125\n|player|p2|Tequilsaurus|265|1091\n|gen|9\n|tier|[Gen 9 Champions] VGC 2026 Reg M-B\n|rated|\n|rule|Species Clause: Limit one of each Pokémon\n|rule|Item Clause: Limit 1 of each item\n|clearpoke\n|poke|p1|Dragonite, L50, M, shiny|\n|poke|p1|Heliolisk, L50, M|\n|poke|p1|Meowstic, L50, M, shiny|\n|poke|p1|Corviknight, L50, F, shiny|\n|poke|p1|Sinistcha, L50|\n|poke|p1|Gholdengo, L50|\n|poke|p2|Scrafty, L50, F|\n|poke|p2|Meowscarada, L50, M|\n|poke|p2|Sinistcha-Masterpiece, L50|\n|poke|p2|Lucario, L50, M|\n|poke|p2|Grimmsnarl, L50, M|\n|poke|p2|Ceruledge, L50, F|\n|teampreview|4\n|\n|t:|1788426931\n|teamsize|p1|4\n|teamsize|p2|4\n|start\n|switch|p1a: Heliolisk|Heliolisk, L50, M|100/100\n|switch|p1b: Meowstic|Meowstic, L50, M, shiny|100/100\n|switch|p2a: Scrafty|Scrafty, L50, F|100/100\n|switch|p2b: Lucario|Lucario, L50, M|100/100\n|turn|1\n|\n|t:|1788426949\n|move|p1b: Meowstic|Fake Out|p2a: Scrafty\n|-damage|p2a: Scrafty|95/100\n|move|p1a: Heliolisk|Shed Tail|p1a: Heliolisk\n|-start|p1a: Heliolisk|Substitute|[from] move: Shed Tail\n|-damage|p1a: Heliolisk|50/100y\n|-enditem|p1a: Heliolisk|Sitrus Berry|[eat]\n|-heal|p1a: Heliolisk|74/100|[from] item: Sitrus Berry\n|\n|t:|1788426956\n|switch|p1a: Dragonite|Dragonite, L50, M, shiny|100/100|[from] Shed Tail\n|move|p2b: Lucario|Nasty Plot|p2b: Lucario\n|-boost|p2b: Lucario|spa|2\n|cant|p2a: Scrafty|flinch\n|\n|upkeep\n|turn|2\n|\n|t:|1788426978\n|detailschange|p1a: Dragonite|Dragonite-Mega, L50, M, shiny\n|-mega|p1a: Dragonite|Dragonite|Dragoninite\n|detailschange|p2a: Scrafty|Scrafty-Mega, L50, F\n|-mega|p2a: Scrafty|Scrafty|Scraftinite\n|-ability|p2a: Scrafty|Intimidate|boost\n|-immune|p1a: Dragonite\n|-unboost|p1b: Meowstic|atk|1\n|move|p1b: Meowstic|Light Screen|p1b: Meowstic\n|-sidestart|p1: Honks123|move: Light Screen\n|move|p1a: Dragonite|Low Kick|p2b: Lucario\n|-supereffective|p2b: Lucario|1\n|-damage|p2b: Lucario|22/100\n|move|p2b: Lucario|Flash Cannon|p1a: Dragonite\n|-end|p1a: Dragonite|Substitute\n|move|p2a: Scrafty|Assurance|p1a: Dragonite\n|-damage|p1a: Dragonite|84/100\n|\n|upkeep\n|turn|3\n|\n|t:|1788427015\n|switch|p2a: Sinistcha|Sinistcha-Masterpiece, L50|100/100\n|-heal|p2b: Lucario|47/100|[from] ability: Hospitality|[of] p2a: Sinistcha\n|move|p1a: Dragonite|Protect|p1a: Dragonite\n|-singleturn|p1a: Dragonite|Protect\n|move|p2b: Lucario|Vacuum Wave|p1b: Meowstic\n|-resisted|p1b: Meowstic|1\n|-damage|p1b: Meowstic|81/100\n|move|p1b: Meowstic|Psychic|p2b: Lucario\n|-damage|p2b: Lucario|9/100\n|-unboost|p2b: Lucario|spd|1\n|\n|upkeep\n|turn|4\n|\n|t:|1788427030\n|switch|p1b: Heliolisk|Heliolisk, L50, M|74/100\n|move|p1a: Dragonite|Extreme Speed|p2b: Lucario\n|-resisted|p2b: Lucario|1\n|-damage|p2b: Lucario|0 fnt\n|faint|p2b: Lucario\n|move|p2a: Sinistcha|Rage Powder|p2a: Sinistcha\n|-singleturn|p2a: Sinistcha|move: Rage Powder\n|\n|upkeep\n|\n|t:|1788427039\n|switch|p2b: Scrafty|Scrafty-Mega, L50, F|95/100\n|-ability|p2b: Scrafty|Intimidate|boost\n|-unboost|p1a: Dragonite|atk|1\n|-unboost|p1b: Heliolisk|atk|1\n|turn|5\n|\n|t:|1788427047\n|move|p1a: Dragonite|Protect|p1a: Dragonite\n|-singleturn|p1a: Dragonite|Protect\n|move|p1b: Heliolisk|Shed Tail|p1b: Heliolisk\n|-start|p1b: Heliolisk|Substitute|[from] move: Shed Tail\n|-damage|p1b: Heliolisk|24/100\n|\n|t:|1788427053\n|switch|p1b: Gholdengo|Gholdengo, L50|100/100|[from] Shed Tail\n|move|p2a: Sinistcha|Matcha Gotcha|p1b: Gholdengo|[spread] p1b\n|-activate|p1a: Dragonite|move: Protect\n|-resisted|p1b: Gholdengo|1\n|-activate|p1b: Gholdengo|move: Substitute|[damage]\n|move|p2b: Scrafty|Poison Jab|p1a: Dragonite\n|-activate|p1a: Dragonite|move: Protect\n|\n|upkeep\n|turn|6\n|\n|t:|1788427072\n|move|p1a: Dragonite|Low Kick|p2b: Scrafty\n|-supereffective|p2b: Scrafty|1\n|-damage|p2b: Scrafty|69/100\n|move|p1b: Gholdengo|Nasty Plot|p1b: Gholdengo\n|-boost|p1b: Gholdengo|spa|2\n|move|p2a: Sinistcha|Matcha Gotcha|p1b: Gholdengo|[spread] p1a,p1b\n|-resisted|p1b: Gholdengo|1\n|-activate|p1b: Gholdengo|move: Substitute|[damage]\n|-resisted|p1a: Dragonite|2\n|-damage|p1a: Dragonite|80/100\n|move|p2b: Scrafty|Assurance|p1b: Gholdengo\n|-supereffective|p1b: Gholdengo|1\n|-end|p1b: Gholdengo|Substitute\n|\n|upkeep\n|turn|7\n|\n|t:|1788427091\n|move|p1a: Dragonite|Dragon Claw|p2a: Sinistcha\n|-damage|p2a: Sinistcha|67/100\n|move|p1b: Gholdengo|Make It Rain|p2a: Sinistcha|[spread] p2a,p2b\n|-damage|p2a: Sinistcha|0 fnt\n|-damage|p2b: Scrafty|0 fnt\n|-unboost|p1b: Gholdengo|spa|2\n|faint|p2a: Sinistcha\n|faint|p2b: Scrafty\n|-damage|p1b: Gholdengo|90/100|[from] item: Life Orb\n|\n|upkeep\n|\n|t:|1788427102\n|switch|p2a: Ceruledge|Ceruledge, L50, F|100/100\n|turn|8\n|\n|t:|1788427114\n|move|p2a: Ceruledge|Bitter Blade|p1b: Gholdengo\n|-supereffective|p1b: Gholdengo|1\n|-damage|p1b: Gholdengo|0 fnt\n|faint|p1b: Gholdengo\n|move|p1a: Dragonite|Dragon Claw|p2a: Ceruledge\n|-crit|p2a: Ceruledge\n|-damage|p2a: Ceruledge|1/100\n|\n|upkeep\n|\n|t:|1788427124\n|switch|p1b: Heliolisk|Heliolisk, L50, M|24/100\n|turn|9\n|\n|t:|1788427127\n|move|p1b: Heliolisk|Ally Switch|p1b: Heliolisk\n|swap|p1b: Heliolisk|0|[from] move: Ally Switch\n|move|p2a: Ceruledge|Bitter Blade|p1a: Heliolisk\n|-damage|p1a: Heliolisk|0 fnt\n|-heal|p2a: Ceruledge|14/100|[from] drain|[of] p1a: Heliolisk\n|faint|p1a: Heliolisk\n|move|p1b: Dragonite|Dragon Claw|p2a: Ceruledge\n|-damage|p2a: Ceruledge|0 fnt\n|faint|p2a: Ceruledge\n|\n|win|Honks123\n|raw|Honks123's rating: 1125 &rarr; <strong>1148</strong><br />(+23 for winning)\n|raw|Tequilsaurus's rating: 1091 &rarr; <strong>1070</strong><br />(-21 for losing)\n|l|☆Tequilsaurus\n|player|p2|\n","uploadtime":1788427137,"views":"9","formatid":"gen9championsvgc2026regmb","rating":1070,"private":0,"password":null}