{"id":"gen9championsvgc2026regmbbo3-2673380678","format":"[Gen 9 Champions] VGC 2026 Reg M-B (Bo3)","players":["Dakigoshiro","upinhuu"],"log":"|j|☆Dakigoshiro\n|j|☆upinhuu\n|html|<table width=\"100%\"><tr><td align=\"left\">Dakigoshiro</td><td align=\"right\">upinhuu</tr><tr><td align=\"left\"><i class=\"fa fa-circle-o\"></i> <i class=\"fa fa-circle-o\"></i> </td><td align=\"right\"><i class=\"fa fa-circle-o\"></i> <i class=\"fa fa-circle-o\"></i> </tr></table>\n|uhtml|bestof|<h2><strong>Game 1</strong> of <a href=\"/game-bestof3-gen9championsvgc2026regmbbo3-2673380677\">a best-of-3</a></h2>\n|t:|1788190751\n|gametype|doubles\n|player|p1|Dakigoshiro|cyrus|1163\n|player|p2|upinhuu|266|1208\n|gen|9\n|tier|[Gen 9 Champions] VGC 2026 Reg M-B (Bo3)\n|rated|\n|rule|Species Clause: Limit one of each Pokémon\n|rule|Item Clause: Limit 1 of each item\n|clearpoke\n|poke|p1|Staraptor, L50, M|\n|poke|p1|Raichu, L50, F|\n|poke|p1|Sylveon, L50, M|\n|poke|p1|Farigiraf, L50, M|\n|poke|p1|Arcanine-Hisui, L50, F|\n|poke|p1|Kingambit, L50, M|\n|poke|p2|Basculegion, L50, M|\n|poke|p2|Froslass, L50, F|\n|poke|p2|Sneasler, L50, F|\n|poke|p2|Kingambit, L50, M|\n|poke|p2|Scovillain, L50, M|\n|poke|p2|Lycanroc-Dusk, L50, F|\n|teampreview|4\n|showteam|p1|Staraptor||Staraptite|Intimidate|Tailwind,Protect,CloseCombat,DualWingbeat|Jolly||M|||50|]Raichu||RaichuniteY|LightningRod|FakeOut,ZapCannon,FocusBlast,Protect|Hasty||F|||50|]Sylveon||FairyFeather|Pixilate|Detect,HyperVoice,QuickAttack,HyperBeam|Sassy||M|||50|]Farigiraf||SitrusBerry|ArmorTail|Psychic,TrickRoom,HelpingHand,Protect|Sassy||M|||50|]Arcanine-Hisui||FocusSash|RockHead|Protect,ExtremeSpeed,HeadSmash,FlareBlitz|Jolly||F|||50|]Kingambit||LifeOrb|Defiant|Protect,KowtowCleave,IronHead,SuckerPunch|Adamant||M|||50|\n|showteam|p2|Basculegion||LifeOrb|Adaptability|LastRespects,AquaJet,WaveCrash,Protect|Adamant||M|||50|]Froslass||Froslassite|CursedBody|Blizzard,AuroraVeil,ShadowBall,Protect|Timid||F|||50|]Sneasler||WhiteHerb|Unburden|DireClaw,FakeOut,CloseCombat,Protect|Adamant||F|||50|]Kingambit||BlackGlasses|Defiant|KowtowCleave,SwordsDance,SuckerPunch,Protect|Adamant||M|||50|]Scovillain||Scovillainite|Moody|GigaDrain,RagePowder,Overheat,Protect|Bold||M|||50|]Lycanroc-Dusk||FocusSash|ToughClaws|Accelerock,CloseCombat,RockSlide,Protect|Adamant||F|||50|\n|inactive|Battle timer is ON: inactive players will automatically lose when time's up. (requested by upinhuu)\n|inactive|Dakigoshiro has 60 seconds left.\n|inactive|upinhuu has 60 seconds left.\n|inactive|upinhuu has 30 seconds left.\n|inactive|upinhuu has 20 seconds left.\n|inactive|upinhuu has 15 seconds left.\n|inactive|upinhuu has 10 seconds left.\n|\n|t:|1788190836\n|teamsize|p1|4\n|teamsize|p2|4\n|start\n|switch|p1a: Kingambit|Kingambit, L50, M|100/100\n|switch|p1b: Staraptor|Staraptor, L50, M|100/100\n|switch|p2a: Froslass|Froslass, L50, F|100/100\n|switch|p2b: Lycanroc|Lycanroc-Dusk, L50, F|100/100\n|-ability|p1b: Staraptor|Intimidate|boost\n|-unboost|p2a: Froslass|atk|1\n|-unboost|p2b: Lycanroc|atk|1\n|turn|1\n|inactive|Dakigoshiro has 30 seconds left.\n|inactive|upinhuu has 30 seconds left.\n|\n|t:|1788190866\n|switch|p1b: Farigiraf|Farigiraf, L50, M|100/100\n|detailschange|p2a: Froslass|Froslass-Mega, L50, F\n|-mega|p2a: Froslass|Froslass|Froslassite\n|-weather|Snowscape|[from] ability: Snow Warning|[of] p2a: Froslass\n|move|p2a: Froslass|Aurora Veil|p2a: Froslass\n|-sidestart|p2: upinhuu|move: Aurora Veil\n|move|p2b: Lycanroc|Close Combat|p1a: Kingambit\n|-supereffective|p1a: Kingambit|2\n|-crit|p1a: Kingambit\n|-damage|p1a: Kingambit|0 fnt\n|-unboost|p2b: Lycanroc|def|1\n|-unboost|p2b: Lycanroc|spd|1\n|faint|p1a: Kingambit\n|\n|-weather|Snowscape|[upkeep]\n|upkeep\n|\n|t:|1788190882\n|switch|p1a: Arcanine|Arcanine-Hisui, L50, F|100/100\n|turn|2\n|\n|t:|1788190898\n|move|p2a: Froslass|Shadow Ball|p1a: Arcanine\n|-damage|p1a: Arcanine|52/100\n|move|p2b: Lycanroc|Rock Slide|p1a: Arcanine|[spread] p1a,p1b\n|-supereffective|p1a: Arcanine|1\n|-damage|p1a: Arcanine|0 fnt\n|-damage|p1b: Farigiraf|78/100\n|faint|p1a: Arcanine\n|move|p1b: Farigiraf|Psychic|p2b: Lycanroc\n|-damage|p2b: Lycanroc|37/100\n|\n|-weather|Snowscape|[upkeep]\n|upkeep\n|\n|t:|1788190909\n|switch|p1a: Staraptor|Staraptor, L50, M|100/100\n|-ability|p1a: Staraptor|Intimidate|boost\n|-unboost|p2a: Froslass|atk|1\n|-unboost|p2b: Lycanroc|atk|1\n|turn|3\n|\n|t:|1788190929\n|detailschange|p1a: Staraptor|Staraptor-Mega, L50, M\n|-mega|p1a: Staraptor|Staraptor|Staraptite\n|move|p1a: Staraptor|Protect|p1a: Staraptor\n|-singleturn|p1a: Staraptor|Protect\n|move|p2a: Froslass|Blizzard|p1b: Farigiraf|[spread] p1b\n|-activate|p1a: Staraptor|move: Protect\n|-damage|p1b: Farigiraf|53/100\n|move|p2b: Lycanroc|Close Combat|p1b: Farigiraf\n|-damage|p1b: Farigiraf|25/100\n|-unboost|p2b: Lycanroc|def|1\n|-unboost|p2b: Lycanroc|spd|1\n|-enditem|p1b: Farigiraf|Sitrus Berry|[eat]\n|-heal|p1b: Farigiraf|49/100|[from] item: Sitrus Berry\n|move|p1b: Farigiraf|Psychic|p2b: Lycanroc\n|-damage|p2b: Lycanroc|0 fnt\n|faint|p2b: Lycanroc\n|\n|-weather|Snowscape|[upkeep]\n|upkeep\n|\n|t:|1788190953\n|switch|p2b: Basculegion|Basculegion, L50, M|100/100\n|turn|4\n|\n|t:|1788190966\n|move|p1b: Farigiraf|Helping Hand|p1a: Staraptor\n|-singleturn|p1a: Staraptor|Helping Hand|[of] p1b: Farigiraf\n|move|p2a: Froslass|Blizzard|p1a: Staraptor|[spread] p1a,p1b\n|-supereffective|p1a: Staraptor|1\n|-damage|p1a: Staraptor|10/100\n|-damage|p1b: Farigiraf|22/100\n|move|p1a: Staraptor|Dual Wingbeat|p2a: Froslass|[miss]\n|-miss|p1a: Staraptor|p2a: Froslass\n|move|p2b: Basculegion|Last Respects|p1a: Staraptor\n|-damage|p1a: Staraptor|0 fnt\n|faint|p1a: Staraptor\n|-damage|p2b: Basculegion|90/100|[from] item: Life Orb\n|\n|-weather|Snowscape|[upkeep]\n|upkeep\n|turn|5\n|inactive|Dakigoshiro has 30 seconds left.\n|\n|t:|1788190994\n|move|p1b: Farigiraf|Protect|p1b: Farigiraf\n|-singleturn|p1b: Farigiraf|Protect\n|move|p2a: Froslass|Blizzard|p1b: Farigiraf\n|-activate|p1b: Farigiraf|move: Protect\n|move|p2b: Basculegion|Wave Crash|p1b: Farigiraf\n|-activate|p1b: Farigiraf|move: Protect\n|\n|-weather|none\n|-sideend|p2: upinhuu|move: Aurora Veil\n|upkeep\n|turn|6\n|\n|t:|1788191008\n|move|p2a: Froslass|Blizzard|p1b: Farigiraf|[miss]\n|-miss|p2a: Froslass|p1b: Farigiraf\n|move|p2b: Basculegion|Wave Crash|p1b: Farigiraf\n|-damage|p1b: Farigiraf|0 fnt\n|faint|p1b: Farigiraf\n|-damage|p2b: Basculegion|81/100|[from] Recoil\n|-damage|p2b: Basculegion|72/100|[from] item: Life Orb\n|\n|win|upinhuu\n|inactive|Dakigoshiro has 30 seconds to confirm battle start!\n|inactive|upinhuu has 30 seconds to confirm battle start!\n||Dakigoshiro is ready for game 2.\n","uploadtime":1788191023,"views":"5","formatid":"gen9championsvgc2026regmbbo3","rating":null,"private":0,"password":null}