{"id":"gen9championsvgc2026regmb-2674966845","format":"[Gen 9 Champions] VGC 2026 Reg M-B","players":["mrbub19","TESTDIGI"],"log":"|j|☆mrbub19\n|j|☆TESTDIGI\n|t:|1788443091\n|gametype|doubles\n|player|p1|mrbub19|infielder|1352\n|player|p2|TESTDIGI|169|1354\n|gen|9\n|tier|[Gen 9 Champions] VGC 2026 Reg M-B\n|rated|\n|rule|Species Clause: Limit one of each Pokémon\n|rule|Item Clause: Limit 1 of each item\n|clearpoke\n|poke|p1|Whimsicott, L50, F, shiny|\n|poke|p1|Garchomp, L50, M|\n|poke|p1|Staraptor, L50, M|\n|poke|p1|Gholdengo, L50|\n|poke|p1|Farigiraf, L50, F|\n|poke|p1|Incineroar, L50, M|\n|poke|p2|Gholdengo, L50|\n|poke|p2|Staraptor, L50, M, shiny|\n|poke|p2|Tyranitar, L50, M|\n|poke|p2|Farigiraf, L50, F|\n|poke|p2|Whimsicott, L50, F, shiny|\n|poke|p2|Excadrill, L50, F|\n|teampreview|4\n|inactive|Battle timer is ON: inactive players will automatically lose when time's up. (requested by mrbub19)\n|inactive|TESTDIGI has 60 seconds left.\n|inactive|TESTDIGI has 30 seconds left.\n|inactive|TESTDIGI has 20 seconds left.\n|\n|t:|1788443163\n|teamsize|p1|4\n|teamsize|p2|4\n|start\n|switch|p1a: Staraptor|Staraptor, L50, M|100/100\n|switch|p1b: Incineroar|Incineroar, L50, M|100/100\n|switch|p2a: Whimsicott|Whimsicott, L50, F, shiny|100/100\n|switch|p2b: Excadrill|Excadrill, L50, F|100/100\n|-ability|p1a: Staraptor|Intimidate|boost\n|-unboost|p2a: Whimsicott|atk|1\n|-unboost|p2b: Excadrill|atk|1\n|-ability|p1b: Incineroar|Intimidate|boost\n|-unboost|p2a: Whimsicott|atk|1\n|-unboost|p2b: Excadrill|atk|1\n|turn|1\n|\n|t:|1788443178\n|switch|p2b: Staraptor|Staraptor, L50, M, shiny|100/100\n|-ability|p2b: Staraptor|Intimidate|boost\n|-unboost|p1a: Staraptor|atk|1\n|-unboost|p1b: Incineroar|atk|1\n|detailschange|p1a: Staraptor|Staraptor-Mega, L50, M\n|-mega|p1a: Staraptor|Staraptor|Staraptite\n|move|p1b: Incineroar|Fake Out|p2a: Whimsicott\n|-damage|p2a: Whimsicott|88/100\n|cant|p2a: Whimsicott|flinch\n|move|p1a: Staraptor|Brave Bird|p2a: Whimsicott\n|-supereffective|p2a: Whimsicott|1\n|-damage|p2a: Whimsicott|0 fnt\n|faint|p2a: Whimsicott\n|-damage|p1a: Staraptor|79/100|[from] Recoil\n|\n|upkeep\n|\n|t:|1788443193\n|switch|p2a: Gholdengo|Gholdengo, L50|100/100\n|turn|2\n|\n|t:|1788443209\n|detailschange|p2b: Staraptor|Staraptor-Mega, L50, M, shiny\n|-mega|p2b: Staraptor|Staraptor|Staraptite\n|move|p2b: Staraptor|Close Combat|p1b: Incineroar\n|-supereffective|p1b: Incineroar|1\n|-damage|p1b: Incineroar|16/100\n|-boost|p2b: Staraptor|def|1\n|-boost|p2b: Staraptor|spd|1\n|move|p2a: Gholdengo|Power Gem|p1b: Incineroar\n|-supereffective|p1b: Incineroar|1\n|-damage|p1b: Incineroar|0 fnt\n|faint|p1b: Incineroar\n|-damage|p2a: Gholdengo|90/100|[from] item: Life Orb\n|move|p1a: Staraptor|Close Combat|p2b: Staraptor\n|-resisted|p2b: Staraptor|1\n|-damage|p2b: Staraptor|84/100\n|-boost|p1a: Staraptor|def|1\n|-boost|p1a: Staraptor|spd|1\n|\n|upkeep\n|\n|t:|1788443218\n|switch|p1b: Whimsicott|Whimsicott, L50, F, shiny|100/100\n|turn|3\n|\n|t:|1788443232\n|move|p1b: Whimsicott|Tailwind|p1b: Whimsicott\n|-sidestart|p1: mrbub19|move: Tailwind\n|move|p1a: Staraptor|Close Combat|p2b: Staraptor\n|-resisted|p2b: Staraptor|1\n|-damage|p2b: Staraptor|68/100\n|-boost|p1a: Staraptor|def|1\n|-boost|p1a: Staraptor|spd|1\n|move|p2b: Staraptor|Brave Bird|p1a: Staraptor\n|-supereffective|p1a: Staraptor|1\n|-damage|p1a: Staraptor|22/100\n|-damage|p2b: Staraptor|49/100|[from] Recoil\n|move|p2a: Gholdengo|Make It Rain|p1a: Staraptor|[spread] p1b\n|-miss|p2a: Gholdengo|p1a: Staraptor\n|-supereffective|p1b: Whimsicott|1\n|-enditem|p1b: Whimsicott|Focus Sash\n|-damage|p1b: Whimsicott|1/100\n|-unboost|p2a: Gholdengo|spa|2\n|-damage|p2a: Gholdengo|81/100|[from] item: Life Orb\n|\n|upkeep\n|turn|4\n|inactive|TESTDIGI has 30 seconds left.\n|\n|t:|1788443266\n|switch|p2a: Excadrill|Excadrill, L50, F|100/100\n|move|p1a: Staraptor|Protect|p1a: Staraptor\n|-singleturn|p1a: Staraptor|Protect\n|move|p2b: Staraptor|Protect|p2b: Staraptor\n|-singleturn|p2b: Staraptor|Protect\n|move|p1b: Whimsicott|Moonblast|p2b: Staraptor\n|-activate|p2b: Staraptor|move: Protect\n|\n|upkeep\n|turn|5\n|\n|t:|1788443280\n|switch|p2b: Gholdengo|Gholdengo, L50|81/100\n|move|p1b: Whimsicott|Moonblast|p2b: Gholdengo\n|-resisted|p2b: Gholdengo|1\n|-damage|p2b: Gholdengo|62/100\n|-unboost|p2b: Gholdengo|spa|1\n|move|p1a: Staraptor|Close Combat|p2a: Excadrill\n|-supereffective|p2a: Excadrill|1\n|-damage|p2a: Excadrill|0 fnt\n|-boost|p1a: Staraptor|def|1\n|-boost|p1a: Staraptor|spd|1\n|faint|p2a: Excadrill\n|\n|upkeep\n|\n|t:|1788443286\n|switch|p2a: Staraptor|Staraptor-Mega, L50, M, shiny|49/100\n|turn|6\n|inactive|mrbub19 has 30 seconds left.\n|inactive|TESTDIGI has 30 seconds left.\n|\n|t:|1788443320\n|move|p1b: Whimsicott|Tickle|p1a: Staraptor\n|-boost|p1a: Staraptor|atk|1\n|-boost|p1a: Staraptor|def|1\n|move|p1a: Staraptor|Roost|p1a: Staraptor\n|-heal|p1a: Staraptor|72/100\n|-singleturn|p1a: Staraptor|move: Roost\n|move|p2a: Staraptor|Brave Bird|p1a: Staraptor\n|-supereffective|p1a: Staraptor|1\n|-damage|p1a: Staraptor|38/100\n|-damage|p2a: Staraptor|38/100|[from] Recoil\n|move|p2b: Gholdengo|Shadow Ball|p1b: Whimsicott\n|-damage|p1b: Whimsicott|0 fnt\n|faint|p1b: Whimsicott\n|-damage|p2b: Gholdengo|53/100|[from] item: Life Orb\n|\n|-sideend|p1: mrbub19|move: Tailwind\n|upkeep\n|\n|t:|1788443331\n|switch|p1b: Garchomp|Garchomp, L50, M|100/100\n|turn|7\n|\n|t:|1788443356\n|move|p1a: Staraptor|Protect|p1a: Staraptor\n|-singleturn|p1a: Staraptor|Protect\n|move|p2a: Staraptor|Tailwind|p2a: Staraptor\n|-sidestart|p2: TESTDIGI|move: Tailwind\n|move|p2b: Gholdengo|Shadow Ball|p1b: Garchomp\n|-damage|p1b: Garchomp|70/100\n|-unboost|p1b: Garchomp|spd|1\n|-damage|p2b: Gholdengo|43/100|[from] item: Life Orb\n|move|p1b: Garchomp|Stomping Tantrum|p2b: Gholdengo\n|-supereffective|p2b: Gholdengo|1\n|-damage|p2b: Gholdengo|0 fnt\n|faint|p2b: Gholdengo\n|\n|upkeep\n|turn|8\n|-message|TESTDIGI forfeited.\n|\n|win|mrbub19\n","uploadtime":1788443093,"views":"4","formatid":"gen9championsvgc2026regmb","rating":null,"private":0,"password":null}