{"id":"gen9championsvgc2026regmb-2674263823","format":"[Gen 9 Champions] VGC 2026 Reg M-B","players":["DiabeticPanda311","Thornlace48812"],"log":"|j|☆DiabeticPanda311\n|j|☆Thornlace48812\n|t:|1788326430\n|gametype|doubles\n|player|p1|DiabeticPanda311|265|1076\n|player|p2|Thornlace48812|1|1090\n|gen|9\n|tier|[Gen 9 Champions] VGC 2026 Reg M-B\n|rated|\n|rule|Species Clause: Limit one of each Pokémon\n|rule|Item Clause: Limit 1 of each item\n|clearpoke\n|poke|p1|Aegislash, L50, F|\n|poke|p1|Infernape, L50, M|\n|poke|p1|Meowstic, L50, M|\n|poke|p1|Meganium, L50, F|\n|poke|p1|Aerodactyl, L50, F|\n|poke|p1|Milotic, L50, M|\n|poke|p2|Garchomp, L50, F|\n|poke|p2|Charizard, L50, M|\n|poke|p2|Whimsicott, L50, M|\n|poke|p2|Sylveon, L50, F|\n|poke|p2|Kingambit, L50, F|\n|poke|p2|Basculegion, L50, M|\n|teampreview|4\n|inactive|Battle timer is ON: inactive players will automatically lose when time's up. (requested by Thornlace48812)\nThornlace48812 rejected open team sheets.\n|inactive|DiabeticPanda311 has 60 seconds left.\n|\n|t:|1788326466\n|teamsize|p1|4\n|teamsize|p2|4\n|start\n|switch|p1a: Infernape|Infernape, L50, M|100/100\n|switch|p1b: Aerodactyl|Aerodactyl, L50, F|100/100\n|switch|p2a: Sylveon|Sylveon, L50, F|100/100\n|switch|p2b: Charizard|Charizard, L50, M|100/100\n|turn|1\n|\n|t:|1788326480\n|detailschange|p2b: Charizard|Charizard-Mega-Y, L50, M\n|-mega|p2b: Charizard|Charizard|Charizardite Y\n|-weather|SunnyDay|[from] ability: Drought|[of] p2b: Charizard\n|move|p1a: Infernape|Fake Out|p2a: Sylveon\n|-damage|p2a: Sylveon|84/100\n|move|p1b: Aerodactyl|Tailwind|p1b: Aerodactyl\n|-sidestart|p1: DiabeticPanda311|move: Tailwind\n|move|p2b: Charizard|Heat Wave|p1a: Infernape|[spread] p1a,p1b\n|-resisted|p1a: Infernape|1\n|-resisted|p1b: Aerodactyl|1\n|-damage|p1a: Infernape|60/100\n|-damage|p1b: Aerodactyl|52/100\n|cant|p2a: Sylveon|flinch\n|\n|-weather|SunnyDay|[upkeep]\n|upkeep\n|turn|2\n|\n|t:|1788326500\n|move|p2a: Sylveon|Detect|p2a: Sylveon\n|-singleturn|p2a: Sylveon|Protect\n|move|p1b: Aerodactyl|Rock Slide|p2a: Sylveon|[spread] p2b\n|-activate|p2a: Sylveon|move: Protect\n|-supereffective|p2b: Charizard|2\n|-damage|p2b: Charizard|0 fnt\n|faint|p2b: Charizard\n|move|p1a: Infernape|Fire Punch|p2a: Sylveon\n|-activate|p2a: Sylveon|move: Protect\n|\n|-weather|SunnyDay|[upkeep]\n|upkeep\n|\n|t:|1788326502\n|switch|p2b: Kingambit|Kingambit, L50, F|100/100\n|-activate|p2b: Kingambit|ability: Supreme Overlord\n|-start|p2b: Kingambit|fallen1|[silent]\n|turn|3\n|\n|t:|1788326526\n|move|p2b: Kingambit|Sucker Punch|p1b: Aerodactyl\n|-damage|p1b: Aerodactyl|0 fnt\n|faint|p1b: Aerodactyl\n|move|p2a: Sylveon|Quick Attack|p1a: Infernape\n|-damage|p1a: Infernape|42/100\n|move|p1a: Infernape|Fire Punch|p2b: Kingambit\n|-supereffective|p2b: Kingambit|1\n|-damage|p2b: Kingambit|0 fnt\n|faint|p2b: Kingambit\n|-end|p2b: Kingambit|fallen1|[silent]\n|\n|-weather|SunnyDay|[upkeep]\n|upkeep\n|\n|t:|1788326540\n|switch|p1b: Milotic|Milotic, L50, M|100/100\n|switch|p2b: Basculegion|Basculegion, L50, M|100/100\n|turn|4\n|\n|t:|1788326560\n|move|p1a: Infernape|Protect|p1a: Infernape\n|-singleturn|p1a: Infernape|Protect\n|move|p1b: Milotic|Coil|p1b: Milotic\n|-boost|p1b: Milotic|atk|1\n|-boost|p1b: Milotic|def|1\n|-boost|p1b: Milotic|accuracy|1\n|move|p2b: Basculegion|Last Respects|p1a: Infernape\n|-activate|p1a: Infernape|move: Protect\n|move|p2a: Sylveon|Hyper Voice|p1a: Infernape|[spread] p1b\n|-activate|p1a: Infernape|move: Protect\n|-damage|p1b: Milotic|70/100\n|\n|-weather|SunnyDay|[upkeep]\n|-heal|p1b: Milotic|76/100|[from] item: Leftovers\n|-sideend|p1: DiabeticPanda311|move: Tailwind\n|upkeep\n|turn|5\n|\n|t:|1788326580\n|move|p1a: Infernape|Drain Punch|p2a: Sylveon\n|-resisted|p2a: Sylveon|1\n|-damage|p2a: Sylveon|59/100\n|-heal|p1a: Infernape|56/100|[from] drain|[of] p2a: Sylveon\n|move|p2b: Basculegion|Last Respects|p1a: Infernape\n|-damage|p1a: Infernape|0 fnt\n|faint|p1a: Infernape\n|move|p1b: Milotic|Ice Beam|p2b: Basculegion\n|-resisted|p2b: Basculegion|1\n|-damage|p2b: Basculegion|89/100\n|move|p2a: Sylveon|Hyper Voice|p1b: Milotic\n|-damage|p1b: Milotic|38/100\n|\n|-weather|none\n|-heal|p1b: Milotic|44/100|[from] item: Leftovers\n|upkeep\n|\n|t:|1788326594\n|switch|p1a: Meganium|Meganium, L50, F|100/100\n|turn|6\n|\n|t:|1788326603\n|detailschange|p1a: Meganium|Meganium-Mega, L50, F\n|-mega|p1a: Meganium|Meganium|Meganiumite\n|move|p2b: Basculegion|Last Respects|p1a: Meganium\n|-damage|p1a: Meganium|14/100\n|move|p1b: Milotic|Recover|p1b: Milotic\n|-heal|p1b: Milotic|94/100\n|move|p1a: Meganium|Solar Beam||[still]\n|-prepare|p1a: Meganium|Solar Beam\n|-activate|p1a: Meganium|ability: Mega Sol\n|-anim|p1a: Meganium|Solar Beam|p2b: Basculegion\n|-supereffective|p2b: Basculegion|1\n|-damage|p2b: Basculegion|0 fnt\n|faint|p2b: Basculegion\n|move|p2a: Sylveon|Hyper Voice|p1b: Milotic|[spread] p1a,p1b\n|-damage|p1a: Meganium|0 fnt\n|-damage|p1b: Milotic|68/100\n|faint|p1a: Meganium\n|\n|-heal|p1b: Milotic|74/100|[from] item: Leftovers\n|upkeep\n|turn|7\n|\n|t:|1788326622\n|move|p1b: Milotic|Ice Beam|p2a: Sylveon\n|-damage|p2a: Sylveon|42/100\n|move|p2a: Sylveon|Hyper Beam|p1b: Milotic\n|-damage|p1b: Milotic|10/100\n|-mustrecharge|p2a: Sylveon\n|\n|-heal|p1b: Milotic|16/100|[from] item: Leftovers\n|upkeep\n|turn|8\n|\n|t:|1788326630\n|move|p1b: Milotic|Recover|p1b: Milotic\n|-heal|p1b: Milotic|66/100\n|cant|p2a: Sylveon|recharge\n|\n|-heal|p1b: Milotic|72/100|[from] item: Leftovers\n|upkeep\n|turn|9\n|\n|t:|1788326638\n|move|p1b: Milotic|Ice Beam|p2a: Sylveon\n|-damage|p2a: Sylveon|26/100\n|move|p2a: Sylveon|Hyper Voice|p1b: Milotic\n|-damage|p1b: Milotic|36/100\n|\n|-heal|p1b: Milotic|42/100|[from] item: Leftovers\n|upkeep\n|turn|10\n|\n|t:|1788326648\n|move|p1b: Milotic|Muddy Water|p2a: Sylveon\n|-damage|p2a: Sylveon|0 fnt\n|faint|p2a: Sylveon\n|\n|win|DiabeticPanda311\n|raw|DiabeticPanda311's rating: 1076 &rarr; <strong>1109</strong><br />(+33 for winning)\n|raw|Thornlace48812's rating: 1128 &rarr; <strong>1099</strong><br />(-29 for losing)\n","uploadtime":1788326649,"views":"0","formatid":"gen9championsvgc2026regmb","rating":1099,"private":0,"password":null}