{"id":"gen9championsvgc2026regmb-2674115332","format":"[Gen 9 Champions] VGC 2026 Reg M-B","players":["chabanov","nickphys"],"log":"|j|☆chabanov\n|j|☆nickphys\n|t:|1788301317\n|gametype|doubles\n|player|p1|chabanov|170|\n|player|p2|nickphys|clown|\n|gen|9\n|tier|[Gen 9 Champions] VGC 2026 Reg M-B\n|rule|Species Clause: Limit one of each Pokémon\n|rule|Item Clause: Limit 1 of each item\n|clearpoke\n|poke|p1|Hawlucha, L50, M|\n|poke|p1|Snorlax, L50, M|\n|poke|p1|Liepard, L50, M|\n|poke|p1|Sinistcha, L50|\n|poke|p1|Emboar, L50, M|\n|poke|p1|Noivern, L50, F|\n|poke|p2|Eelektross, L50, M|\n|poke|p2|Gallade, L50, M|\n|poke|p2|Tauros-Paldea-Blaze, L50, M|\n|poke|p2|Sinistcha, L50|\n|poke|p2|Garchomp, L50, M|\n|poke|p2|Basculegion, L50, M|\n|teampreview|4\n|\n|t:|1788301381\n|teamsize|p1|4\n|teamsize|p2|4\n|start\n|switch|p1a: Liepard|Liepard, L50, M|100/100\n|switch|p1b: Noivern|Noivern, L50, F|100/100\n|switch|p2a: Eelektross|Eelektross, L50, M|100/100\n|switch|p2b: Gallade|Gallade, L50, M|100/100\n|turn|1\n|\n|t:|1788301403\n|detailschange|p2a: Eelektross|Eelektross-Mega, L50, M\n|-mega|p2a: Eelektross|Eelektross|Eelektrossite\n|move|p1a: Liepard|Fake Out|p2a: Eelektross\n|-damage|p2a: Eelektross|88/100\n|move|p1b: Noivern|Air Slash|p2b: Gallade\n|-supereffective|p2b: Gallade|1\n|-damage|p2b: Gallade|32/100\n|cant|p2a: Eelektross|flinch\n|cant|p2b: Gallade|flinch\n|-ability|p2b: Gallade|Steadfast|boost\n|-boost|p2b: Gallade|spe|1\n|\n|upkeep\n|turn|2\n|\n|t:|1788301449\n|switch|p2b: Sinistcha|Sinistcha, L50|100/100\n|-heal|p2a: Eelektross|100/100|[from] ability: Hospitality|[of] p2b: Sinistcha\n|move|p1b: Noivern|Tailwind|p1b: Noivern\n|-sidestart|p1: chabanov|move: Tailwind\n|move|p1a: Liepard|U-turn|p2a: Eelektross\n|-damage|p2a: Eelektross|81/100\n|\n|t:|1788301466\n|switch|p1a: Sinistcha|Sinistcha, L50|100/100|[from] U-turn\n|move|p2a: Eelektross|Drain Punch|p1a: Sinistcha\n|-immune|p1a: Sinistcha\n|\n|upkeep\n|turn|3\n|\n|t:|1788301504\n|move|p1b: Noivern|Air Slash|p2b: Sinistcha\n|-supereffective|p2b: Sinistcha|1\n|-damage|p2b: Sinistcha|24/100\n|move|p1a: Sinistcha|Matcha Gotcha|p2a: Eelektross|[spread] p2a\n|-miss|p1a: Sinistcha|p2b: Sinistcha\n|-damage|p2a: Eelektross|51/100\n|move|p2a: Eelektross|Coil|p2a: Eelektross\n|-boost|p2a: Eelektross|atk|1\n|-boost|p2a: Eelektross|def|1\n|-boost|p2a: Eelektross|accuracy|1\n|cant|p2b: Sinistcha|flinch\n|\n|upkeep\n|turn|4\n|\n|t:|1788301553\n|move|p1b: Noivern|Draco Meteor|p2a: Eelektross\n|-damage|p2a: Eelektross|0 fnt\n|-unboost|p1b: Noivern|spa|2\n|faint|p2a: Eelektross\n|move|p1a: Sinistcha|Matcha Gotcha|p2b: Sinistcha\n|-resisted|p2b: Sinistcha|1\n|-damage|p2b: Sinistcha|6/100\n|move|p2b: Sinistcha|Life Dew|p2b: Sinistcha\n|-heal|p2b: Sinistcha|31/100\n|\n|upkeep\n|\n|t:|1788301566\n|switch|p2a: Gallade|Gallade, L50, M|32/100\n|turn|5\n|\n|t:|1788301578\n|move|p1b: Noivern|Air Slash|p2a: Gallade\n|-supereffective|p2a: Gallade|1\n|-damage|p2a: Gallade|0 fnt\n|faint|p2a: Gallade\n|move|p2b: Sinistcha|Life Dew|p2b: Sinistcha\n|-heal|p2b: Sinistcha|56/100\n|move|p1a: Sinistcha|Trick Room|p1a: Sinistcha\n|-fieldstart|move: Trick Room|[of] p1a: Sinistcha\n|\n|-sideend|p1: chabanov|move: Tailwind\n|upkeep\n|\n|t:|1788301586\n|switch|p2a: Basculegion|Basculegion, L50, M|100/100\n|-ability|p2a: Basculegion|Mold Breaker\n|turn|6\n|\n|t:|1788301608\n|move|p1a: Sinistcha|Matcha Gotcha|p2b: Sinistcha|[spread] p2a,p2b\n|-supereffective|p2a: Basculegion|1\n|-resisted|p2b: Sinistcha|1\n|-damage|p2a: Basculegion|44/100\n|-damage|p2b: Sinistcha|42/100\n|-status|p2b: Sinistcha|brn\n|move|p2b: Sinistcha|Matcha Gotcha|p1b: Noivern|[spread] p1a,p1b\n|-resisted|p1a: Sinistcha|1\n|-resisted|p1b: Noivern|2\n|-damage|p1a: Sinistcha|85/100\n|-heal|p2b: Sinistcha|49/100 brn|[from] drain|[of] p1a: Sinistcha\n|-damage|p1b: Noivern|91/100\n|-heal|p2b: Sinistcha|53/100 brn|[from] drain|[of] p1b: Noivern\n|-status|p1a: Sinistcha|brn\n|move|p1b: Noivern|U-turn|p2a: Basculegion\n|-resisted|p2a: Basculegion|1\n|-damage|p2a: Basculegion|37/100\n|\n|t:|1788301624\n|switch|p1b: Liepard|Liepard, L50, M|100/100|[from] U-turn\n|move|p2a: Basculegion|Last Respects|p1a: Sinistcha\n|-supereffective|p1a: Sinistcha|1\n|-damage|p1a: Sinistcha|0 fnt\n|faint|p1a: Sinistcha\n|\n|-damage|p2b: Sinistcha|47/100 brn|[from] brn\n|upkeep\n|\n|t:|1788301635\n|switch|p1a: Noivern|Noivern, L50, F|91/100\n|turn|7\n|\n|t:|1788301661\n|move|p2b: Sinistcha|Rage Powder|p2b: Sinistcha\n|-singleturn|p2b: Sinistcha|move: Rage Powder\n|move|p1b: Liepard|U-turn|p2b: Sinistcha\n|-damage|p2b: Sinistcha|36/100 brn\n|\n|t:|1788301666\n|switch|p1b: Emboar|Emboar, L50, M|100/100|[from] U-turn\n|move|p1a: Noivern|Air Slash|p2b: Sinistcha\n|-supereffective|p2b: Sinistcha|1\n|-damage|p2b: Sinistcha|0 fnt\n|faint|p2b: Sinistcha\n|move|p2a: Basculegion|Last Respects|p1a: Noivern\n|-damage|p1a: Noivern|0 fnt\n|faint|p1a: Noivern\n|\n|upkeep\n|\n|t:|1788301675\n|switch|p1a: Liepard|Liepard, L50, M|100/100\n|turn|8\n|\n|t:|1788301693\n|detailschange|p1b: Emboar|Emboar-Mega, L50, M\n|-mega|p1b: Emboar|Emboar|Emboarite\n|-ability|p1b: Emboar|Mold Breaker\n|move|p1b: Emboar|Sucker Punch|p2a: Basculegion\n|-supereffective|p2a: Basculegion|1\n|-damage|p2a: Basculegion|0 fnt\n|faint|p2a: Basculegion\n|\n|win|chabanov\n|l|☆nickphys\n|player|p2|\n","uploadtime":1788301880,"views":"1","formatid":"gen9championsvgc2026regmb","rating":null,"private":0,"password":null}