{"id":"gen9championsvgc2026regmb-2674737662","format":"[Gen 9 Champions] VGC 2026 Reg M-B","players":["samyi123","survivor1000"],"log":"|j|☆samyi123\n|j|☆survivor1000\n|t:|1788398384\n|gametype|doubles\n|player|p1|samyi123|265|1252\n|player|p2|survivor1000|2|1222\n|gen|9\n|tier|[Gen 9 Champions] VGC 2026 Reg M-B\n|rated|\n|rule|Species Clause: Limit one of each Pokémon\n|rule|Item Clause: Limit 1 of each item\n|clearpoke\n|poke|p1|Skeledirge, L50, F|\n|poke|p1|Espathra, L50, M|\n|poke|p1|Sableye, L50, M|\n|poke|p1|Archaludon, L50, M|\n|poke|p1|Swampert, L50, M|\n|poke|p1|Rotom-Mow, L50|\n|poke|p2|Floette-Eternal, L50, F|\n|poke|p2|Farigiraf, L50, F|\n|poke|p2|Incineroar, L50, F|\n|poke|p2|Dragonite, L50, M|\n|poke|p2|Basculegion, L50, M|\n|poke|p2|Kingambit, L50, F|\n|teampreview|4\n|inactive|Battle timer is ON: inactive players will automatically lose when time's up. (requested by survivor1000)\n|\n|t:|1788398438\n|teamsize|p1|4\n|teamsize|p2|4\n|start\n|switch|p1a: Sableye|Sableye, L50, M|100/100\n|switch|p1b: Archaludon|Archaludon, L50, M|100/100\n|switch|p2a: Incineroar|Incineroar, L50, F|100/100\n|switch|p2b: Dragonite|Dragonite, L50, M|100/100\n|-ability|p2a: Incineroar|Intimidate|boost\n|-unboost|p1a: Sableye|atk|1\n|-unboost|p1b: Archaludon|atk|1\n|turn|1\n|\n|t:|1788398460\n|move|p2b: Dragonite|Protect|p2b: Dragonite\n|-singleturn|p2b: Dragonite|Protect\n|move|p1a: Sableye|Fake Out|p2b: Dragonite\n|-activate|p2b: Dragonite|move: Protect\n|move|p1b: Archaludon|Draco Meteor|p2b: Dragonite\n|-activate|p2b: Dragonite|move: Protect\n|move|p2a: Incineroar|Taunt|p1a: Sableye\n|-start|p1a: Sableye|move: Taunt\n|\n|upkeep\n|turn|2\n|inactive|survivor1000 has 30 seconds left.\n|\n|t:|1788398486\n|switch|p1a: Espathra|Espathra, L50, M|100/100\n|detailschange|p2b: Dragonite|Dragonite-Mega, L50, M\n|-mega|p2b: Dragonite|Dragonite|Dragoninite\n|move|p1b: Archaludon|Draco Meteor|p2b: Dragonite\n|-supereffective|p2b: Dragonite|1\n|-damage|p2b: Dragonite|49/100\n|-unboost|p1b: Archaludon|spa|2\n|move|p2b: Dragonite|Dragon Pulse|p1b: Archaludon\n|-damage|p1b: Archaludon|40/100\n|-ability|p1b: Archaludon|Stamina|boost\n|-boost|p1b: Archaludon|def|1\n|move|p2a: Incineroar|Parting Shot|p1b: Archaludon\n|-unboost|p1b: Archaludon|atk|1\n|-unboost|p1b: Archaludon|spa|1\n|\n|t:|1788398503\n|switch|p2a: Kingambit|Kingambit, L50, F|100/100|[from] Parting Shot\n|\n|upkeep\n|turn|3\n|\n|t:|1788398516\n|switch|p1b: Sableye|Sableye, L50, M|100/100\n|switch|p2b: Incineroar|Incineroar, L50, F|100/100\n|-ability|p2b: Incineroar|Intimidate|boost\n|-unboost|p1a: Espathra|atk|1\n|-unboost|p1b: Sableye|atk|1\n|move|p1a: Espathra|Protect|p1a: Espathra\n|-singleturn|p1a: Espathra|Protect\n|move|p2a: Kingambit|Kowtow Cleave|p1a: Espathra\n|-activate|p1a: Espathra|move: Protect\n|\n|-ability|p1a: Espathra|Speed Boost|boost\n|-boost|p1a: Espathra|spe|1\n|upkeep\n|turn|4\n|inactive|survivor1000 has 30 seconds left.\n|\n|t:|1788398542\n|move|p2b: Incineroar|Fake Out|p1b: Sableye\n|-immune|p1b: Sableye\n|move|p1b: Sableye|Fake Out|p2a: Kingambit\n|-resisted|p2a: Kingambit|1\n|-damage|p2a: Kingambit|98/100\n|move|p1a: Espathra|Hypnosis|p2b: Incineroar|[miss]\n|-miss|p1a: Espathra|p2b: Incineroar\n|cant|p2a: Kingambit|flinch\n|\n|-ability|p1a: Espathra|Speed Boost|boost\n|-boost|p1a: Espathra|spe|1\n|upkeep\n|turn|5\n|inactive|samyi123 has 30 seconds left.\n|inactive|survivor1000 has 30 seconds left.\n|\n|t:|1788398573\n|move|p1b: Sableye|Gravity|p1b: Sableye\n|-fieldstart|move: Gravity\n|move|p1a: Espathra|Hypnosis|p2a: Kingambit\n|-status|p2a: Kingambit|slp|[from] move: Hypnosis\n|move|p2b: Incineroar|Throat Chop|p1b: Sableye\n|-damage|p1b: Sableye|57/100\n|-start|p1b: Sableye|Throat Chop|[silent]\n|cant|p2a: Kingambit|slp\n|\n|-ability|p1a: Espathra|Speed Boost|boost\n|-boost|p1a: Espathra|spe|1\n|upkeep\n|turn|6\n|\n|t:|1788398587\n|move|p1b: Sableye|Rain Dance|p1b: Sableye\n|-weather|RainDance\n|move|p1a: Espathra|Hypnosis|p2b: Incineroar\n|-status|p2b: Incineroar|slp|[from] move: Hypnosis\n|cant|p2b: Incineroar|slp\n|-curestatus|p2a: Kingambit|slp|[msg]\n|move|p2a: Kingambit|Kowtow Cleave|p1a: Espathra\n|-supereffective|p1a: Espathra|1\n|-damage|p1a: Espathra|0 fnt\n|faint|p1a: Espathra\n|\n|-weather|RainDance|[upkeep]\n|-end|p1b: Sableye|Throat Chop|[silent]\n|upkeep\n|\n|t:|1788398596\n|switch|p1a: Swampert|Swampert, L50, M|100/100\n|turn|7\n|l|☆survivor1000\n|inactive|survivor1000 disconnected and has a minute to reconnect!\n|player|p2|\n|inactive|survivor1000 has 30 seconds left.\n|inactive|survivor1000 has 20 seconds left.\n|inactive|survivor1000 has 15 seconds left.\n|inactive|survivor1000 has 10 seconds left.\n|inactive|survivor1000 has 5 seconds left.\n|-message|survivor1000 lost due to inactivity.\n|\n|win|samyi123\n|raw|samyi123's rating: 1252 &rarr; <strong>1275</strong><br />(+23 for winning)\n|raw|survivor1000's rating: 1222 &rarr; <strong>1199</strong><br />(-23 for losing)\n|l|☆samyi123\n|player|p1|\n|j|☆survivor1000\n|player|p2|survivor1000|2|\n","uploadtime":1788398972,"views":"9","formatid":"gen9championsvgc2026regmb","rating":1199,"private":0,"password":null}