{"id":"gen9championsvgc2026regmb-2674229954","format":"[Gen 9 Champions] VGC 2026 Reg M-B","players":["SGEPKC203","Koolkidpad"],"log":"|j|☆SGEPKC203\n|j|☆Koolkidpad\n|html|<table width=\"100%\"><tr><td align=\"left\">SGEPKC203</td><td align=\"right\">Koolkidpad</tr><tr><td align=\"left\"><i class=\"fa fa-circle-o\"></i> <i class=\"fa fa-circle-o\"></i> </td><td align=\"right\"><i class=\"fa fa-circle-o\"></i> <i class=\"fa fa-circle-o\"></i> </tr></table>\n|uhtml|bestof|<h2><strong>Game 1</strong> of <a href=\"/game-bestof3-gen9championsvgc2026regmb-2674229953\">a best-of-3</a></h2>\n|t:|1788319342\n|gametype|doubles\n|player|p1|SGEPKC203|brendan-gen3|\n|player|p2|Koolkidpad|ingo|\n|gen|9\n|tier|[Gen 9 Champions] VGC 2026 Reg M-B\n|rule|Species Clause: Limit one of each Pokémon\n|rule|Item Clause: Limit 1 of each item\n|raw|<div class=\"infobox\"><details class=\"readmore\" open><summary><strong>1 custom rule:</strong></summary> Best of = 3</details></div>\n|clearpoke\n|poke|p1|Kangaskhan, L50, F|\n|poke|p1|Vileplume, L50, M|\n|poke|p1|Houndoom, L50, F|\n|poke|p1|Oranguru, L50, F|\n|poke|p1|Annihilape, L50, M|\n|poke|p1|Torkoal, L50, F|\n|poke|p2|Palafin, L50, M|\n|poke|p2|Tyranitar, L50, F|\n|poke|p2|Steelix, L50, F|\n|poke|p2|Decidueye-Hisui, L50, F|\n|poke|p2|Houndstone, L50, F|\n|poke|p2|Sinistcha-Masterpiece, L50|\n|teampreview|4\n|c|☆SGEPKC203|GLHF\n|\n|t:|1788319447\n|teamsize|p1|4\n|teamsize|p2|4\n|start\n|switch|p1a: Kangaskhan|Kangaskhan, L50, F|100/100\n|switch|p1b: Vileplume|Vileplume, L50, M|100/100\n|switch|p2a: Steelix|Steelix, L50, F|100/100\n|switch|p2b: Palafin|Palafin, L50, M|100/100\n|turn|1\n|n|☆Koolkidpad|koolkidpad\n|\n|t:|1788319504\n|move|p2a: Steelix|Protect|p2a: Steelix\n|-singleturn|p2a: Steelix|Protect\n|move|p1a: Kangaskhan|Fake Out|p2b: Palafin\n|-damage|p2b: Palafin|75/100\n|cant|p2b: Palafin|flinch\n|move|p1b: Vileplume|Sleep Powder|p2a: Steelix\n|-activate|p2a: Steelix|move: Protect\n|\n|upkeep\n|turn|2\n|\n|t:|1788319546\n|move|p2b: Palafin|Flip Turn|p1b: Vileplume\n|-resisted|p1b: Vileplume|1\n|-damage|p1b: Vileplume|86/100\n|\n|t:|1788319549\n|detailschange|p2b: Palafin|Palafin-Hero, L50, M\n|switch|p2b: Tyranitar|Tyranitar, L50, F|100/100|[from] Flip Turn\n|-weather|Sandstorm|[from] ability: Sand Stream|[of] p2b: Tyranitar\n|move|p1a: Kangaskhan|Sunny Day|p1a: Kangaskhan\n|-weather|SunnyDay\n|move|p1b: Vileplume|Solar Beam||[still]\n|-prepare|p1b: Vileplume|Solar Beam\n|-anim|p1b: Vileplume|Solar Beam|p2b: Tyranitar\n|-supereffective|p2b: Tyranitar|1\n|-damage|p2b: Tyranitar|0 fnt\n|faint|p2b: Tyranitar\n|move|p2a: Steelix|Heavy Slam|p1a: Kangaskhan\n|-damage|p1a: Kangaskhan|66/100\n|\n|-weather|SunnyDay|[upkeep]\n|upkeep\n|\n|t:|1788319558\n|switch|p2b: Palafin|Palafin-Hero, L50, M|75/100\n|-activate|p2b: Palafin|ability: Zero to Hero\n|turn|3\n|\n|t:|1788319579\n|switch|p1a: Torkoal|Torkoal, L50, F|100/100\n|detailschange|p2a: Steelix|Steelix-Mega, L50, F\n|-mega|p2a: Steelix|Steelix|Steelixite\n|move|p2b: Palafin|Drain Punch|p1a: Torkoal\n|-damage|p1a: Torkoal|78/100\n|-heal|p2b: Palafin|86/100|[from] drain|[of] p1a: Torkoal\n|move|p1b: Vileplume|Solar Beam||[still]\n|-prepare|p1b: Vileplume|Solar Beam\n|-anim|p1b: Vileplume|Solar Beam|p2b: Palafin\n|-supereffective|p2b: Palafin|1\n|-damage|p2b: Palafin|0 fnt\n|faint|p2b: Palafin\n|move|p2a: Steelix|Heavy Slam|p1b: Vileplume\n|-damage|p1b: Vileplume|24/100\n|\n|-weather|SunnyDay|[upkeep]\n|upkeep\n|\n|t:|1788319587\n|switch|p2b: Houndstone|Houndstone, L50, F|100/100\n|turn|4\n|\n|t:|1788319606\n|move|p1b: Vileplume|Protect|p1b: Vileplume\n|-singleturn|p1b: Vileplume|Protect\n|move|p1a: Torkoal|Protect|p1a: Torkoal\n|-singleturn|p1a: Torkoal|Protect\n|move|p2b: Houndstone|Shadow Sneak|p1b: Vileplume\n|-activate|p1b: Vileplume|move: Protect\n|move|p2a: Steelix|High Horsepower|p1a: Torkoal\n|-activate|p1a: Torkoal|move: Protect\n|\n|-weather|SunnyDay|[upkeep]\n|upkeep\n|turn|5\n|\n|t:|1788319646\n|switch|p1b: Kangaskhan|Kangaskhan, L50, F|66/100\n|move|p2b: Houndstone|Shadow Sneak|p1b: Kangaskhan\n|-immune|p1b: Kangaskhan\n|move|p2a: Steelix|High Horsepower|p1a: Torkoal\n|-supereffective|p1a: Torkoal|1\n|-damage|p1a: Torkoal|20/100y\n|move|p1a: Torkoal|Weather Ball|p2a: Steelix\n|-supereffective|p2a: Steelix|1\n|-damage|p2a: Steelix|0 fnt\n|faint|p2a: Steelix\n|\n|-weather|SunnyDay|[upkeep]\n|upkeep\n|turn|6\n|\n|t:|1788319662\n|move|p1b: Kangaskhan|Fake Out|p2b: Houndstone\n|-damage|p2b: Houndstone|77/100\n|cant|p2b: Houndstone|flinch\n|move|p1a: Torkoal|Weather Ball|p2b: Houndstone\n|-damage|p2b: Houndstone|0 fnt\n|faint|p2b: Houndstone\n|\n|win|SGEPKC203\n||Koolkidpad is ready for game 2.\n|inactive|SGEPKC203 has 30 seconds to confirm battle start!\n||SGEPKC203 is ready for game 2.\n|uhtml|next|Next: <a href=\"/battle-gen9championsvgc2026regmb-2674231792\"><strong>Game 2 of 3</strong></a>\n|l|☆Koolkidpad\n|player|p2|\n","uploadtime":1788320137,"views":"9","formatid":"gen9championsvgc2026regmb","rating":null,"private":0,"password":null}