{"id":"gen9championsvgc2026regmbbo3-2674310857","format":"[Gen 9 Champions] VGC 2026 Reg M-B (Bo3)","players":["lost_bob","M4T7Y8"],"log":"|j|☆lost_bob\n|j|☆M4T7Y8\n|html|<table width=\"100%\"><tr><td align=\"left\">lost_bob</td><td align=\"right\">M4T7Y8</tr><tr><td align=\"left\"><i class=\"fa fa-circle\"></i> <i class=\"fa fa-circle-o\"></i> </td><td align=\"right\"><i class=\"fa fa-circle-o\"></i> <i class=\"fa fa-circle\"></i> </tr></table>\n|uhtml|bestof|<h2><strong>Game 3</strong> of <a href=\"/game-bestof3-gen9championsvgc2026regmbbo3-2674307920\">a best-of-3</a></h2>\n|t:|1788337966\n|gametype|doubles\n|player|p1|lost_bob|102|1000\n|player|p2|M4T7Y8|lucas|1078\n|gen|9\n|tier|[Gen 9 Champions] VGC 2026 Reg M-B (Bo3)\n|rated|\n|rule|Species Clause: Limit one of each Pokémon\n|rule|Item Clause: Limit 1 of each item\n|clearpoke\n|poke|p1|Swampert, L50, F|\n|poke|p1|Sableye, L50, M|\n|poke|p1|Archaludon, L50, M|\n|poke|p1|Rotom-Wash, L50|\n|poke|p1|Basculegion, L50, M|\n|poke|p1|Sinistcha, L50|\n|poke|p2|Whimsicott, L50, F|\n|poke|p2|Garchomp, L50, F|\n|poke|p2|Charizard, L50, F, shiny|\n|poke|p2|Maushold-Four, L50|\n|poke|p2|Floette-Eternal, L50, F|\n|poke|p2|Annihilape, L50, M, shiny|\n|teampreview|4\n|showteam|p1|Swampert||Swampertite|Torrent|WaveCrash,HighHorsepower,IcePunch,Protect|Jolly||F|||50|]Sableye||LightClay|Prankster|RainDance,WillOWisp,LightScreen,Reflect|Calm||M|||50|]Archaludon||Leftovers|Stamina|ElectroShot,DragonPulse,FlashCannon,Protect|Timid||M|||50|]Rotom-Wash||SitrusBerry|Levitate|Discharge,HydroPump,Thunder,Protect|Timid|||||50|]Basculegion||LifeOrb|SwiftSwim|AquaJet,LastRespects,WaveCrash,Protect|Adamant||M|||50|]Sinistcha||KasibBerry|Hospitality|MatchaGotcha,RagePowder,LifeDew,Protect|Bold|||||50|\n|showteam|p2|Whimsicott||FocusSash|Prankster|Protect,EnergyBall,Tailwind,Encore|Timid||F|||50|]Garchomp||SitrusBerry|RoughSkin|Protect,DragonClaw,Earthquake,RockSlide|Adamant||F|||50|]Charizard||CharizarditeY|SolarPower|Protect,HeatWave,Flamethrower,SolarBeam|Timid||F|||50|]Maushold-Four||WideLens|Technician|PopulationBomb,Bite,FollowMe,Protect|Jolly|||||50|]Floette-Eternal||Floettite|FlowerVeil|Protect,CalmMind,Moonblast,DrainingKiss|Modest||F|||50|]Annihilape||ChoiceScarf|Defiant|ShadowClaw,CloseCombat,Taunt,Coaching|Jolly||M|||50|\n|inactive|Battle timer is ON: inactive players will automatically lose when time's up. (requested by M4T7Y8)\n|inactive|M4T7Y8 has 60 seconds left.\n|\n|t:|1788338004\n|teamsize|p1|4\n|teamsize|p2|4\n|start\n|switch|p1a: Skipper|Sableye, L50, M|100/100\n|switch|p1b: Simon|Swampert, L50, F|100/100\n|switch|p2a: Whimsicott|Whimsicott, L50, F|100/100\n|switch|p2b: Maushold|Maushold-Four, L50|100/100\n|turn|1\n|\n|t:|1788338021\n|detailschange|p1b: Simon|Swampert-Mega, L50, F\n|-mega|p1b: Simon|Swampert|Swampertite\n|move|p2a: Whimsicott|Tailwind|p2a: Whimsicott\n|-sidestart|p2: M4T7Y8|move: Tailwind\n|move|p1a: Skipper|Rain Dance|p1a: Skipper\n|-weather|RainDance\n|move|p2b: Maushold|Population Bomb|p1b: Simon\n|-damage|p1b: Simon|89/100\n|-damage|p1b: Simon|78/100\n|-damage|p1b: Simon|68/100\n|-damage|p1b: Simon|57/100\n|-damage|p1b: Simon|46/100\n|-damage|p1b: Simon|36/100\n|-damage|p1b: Simon|25/100\n|-damage|p1b: Simon|13/100\n|-damage|p1b: Simon|2/100\n|-damage|p1b: Simon|0 fnt\n|faint|p1b: Simon\n|-hitcount|p1: Simon|10\n|\n|-weather|RainDance|[upkeep]\n|upkeep\n|\n|t:|1788338042\n|switch|p1b: Big Al|Archaludon, L50, M|100/100\n|turn|2\n|\n|t:|1788338063\n|switch|p2a: Garchomp|Garchomp, L50, F|100/100\n|move|p2b: Maushold|Protect|p2b: Maushold\n|-singleturn|p2b: Maushold|Protect\n|move|p1a: Skipper|Will-O-Wisp|p2b: Maushold\n|-activate|p2b: Maushold|move: Protect\n|move|p1b: Big Al|Flash Cannon|p2a: Garchomp\n|-damage|p2a: Garchomp|61/100\n|\n|-weather|RainDance|[upkeep]\n|upkeep\n|turn|3\n|\n|t:|1788338077\n|switch|p2b: Whimsicott|Whimsicott, L50, F|100/100\n|move|p1a: Skipper|Will-O-Wisp|p2b: Whimsicott\n|-status|p2b: Whimsicott|brn\n|move|p2a: Garchomp|Earthquake|p1a: Skipper|[spread] p2b,p1a,p1b\n|-resisted|p2b: Whimsicott|1\n|-crit|p2b: Whimsicott\n|-supereffective|p1b: Big Al|1\n|-damage|p2b: Whimsicott|59/100 brn\n|-damage|p1a: Skipper|43/100\n|-damage|p1b: Big Al|31/100\n|-ability|p1b: Big Al|Stamina|boost\n|-boost|p1b: Big Al|def|1\n|move|p1b: Big Al|Dragon Pulse|p2a: Garchomp\n|-supereffective|p2a: Garchomp|1\n|-damage|p2a: Garchomp|0 fnt\n|faint|p2a: Garchomp\n|\n|-weather|RainDance|[upkeep]\n|-heal|p1b: Big Al|37/100|[from] item: Leftovers\n|-damage|p2b: Whimsicott|54/100 brn|[from] brn\n|upkeep\n|\n|t:|1788338091\n|switch|p2a: Floette|Floette-Eternal, L50, F|100/100\n|turn|4\n|\n|t:|1788338116\n|switch|p1a: Selene Dion|Sinistcha, L50|100/100\n|-heal|p1b: Big Al|62/100|[from] ability: Hospitality|[of] p1a: Selene Dion\n|detailschange|p2a: Floette|Floette-Mega, L50, F\n|-mega|p2a: Floette|Floette|Floettite\n|-ability|p2a: Floette|Fairy Aura\n|move|p2b: Whimsicott|Energy Ball|p1a: Selene Dion\n|-resisted|p1a: Selene Dion|1\n|-damage|p1a: Selene Dion|80/100\n|move|p2a: Floette|Moonblast|p1b: Big Al\n|-damage|p1b: Big Al|0 fnt\n|faint|p1b: Big Al\n|\n|-weather|RainDance|[upkeep]\n|-damage|p2b: Whimsicott|48/100 brn|[from] brn\n|-sideend|p2: M4T7Y8|move: Tailwind\n|upkeep\n|\n|t:|1788338132\n|switch|p1b: Skipper|Sableye, L50, M|43/100\n|turn|5\n|\n|t:|1788338141\n|move|p1b: Skipper|Will-O-Wisp|p2a: Floette\n|-status|p2a: Floette|brn\n|move|p2b: Whimsicott|Energy Ball|p1b: Skipper\n|-damage|p1b: Skipper|9/100\n|move|p2a: Floette|Moonblast|p1a: Selene Dion\n|-damage|p1a: Selene Dion|0 fnt\n|faint|p1a: Selene Dion\n|\n|-weather|none\n|-damage|p2b: Whimsicott|42/100 brn|[from] brn\n|-damage|p2a: Floette|93/100 brn|[from] brn\n|upkeep\n|turn|6\n|-message|lost_bob forfeited.\n|\n|win|M4T7Y8\n|raw|lost_bob's rating: 1000 &rarr; <strong>1000</strong><br />(+0 for losing)\n|raw|M4T7Y8's rating: 1078 &rarr; <strong>1100</strong><br />(+22 for winning)\n|l|☆lost_bob\n|player|p1|\n|c|☆M4T7Y8|gg\n","uploadtime":1788338176,"views":"0","formatid":"gen9championsvgc2026regmbbo3","rating":1000,"private":0,"password":null}