{"id":"gen9championsvgc2026regmbbo3-2673307387","format":"[Gen 9 Champions] VGC 2026 Reg M-B (Bo3)","players":["SmogonSetsAreTrash","irvydon"],"log":"|j|☆SmogonSetsAreTrash\n|j|☆irvydon\n|html|<table width=\"100%\"><tr><td align=\"left\">SmogonSetsAreTrash</td><td align=\"right\">irvydon</tr><tr><td align=\"left\"><i class=\"fa fa-circle\"></i> <i class=\"fa fa-circle-o\"></i> </td><td align=\"right\"><i class=\"fa fa-circle-o\"></i> <i class=\"fa fa-circle-o\"></i> </tr></table>\n|uhtml|bestof|<h2><strong>Game 2</strong> of <a href=\"/game-bestof3-gen9championsvgc2026regmbbo3-2673305368\">a best-of-3</a></h2>\n|t:|1788180871\n|gametype|doubles\n|player|p1|SmogonSetsAreTrash|101|1073\n|player|p2|irvydon|benga|1000\n|gen|9\n|tier|[Gen 9 Champions] VGC 2026 Reg M-B (Bo3)\n|rated|\n|rule|Species Clause: Limit one of each Pokémon\n|rule|Item Clause: Limit 1 of each item\n|clearpoke\n|poke|p1|Volcarona, L50, F|\n|poke|p1|Samurott-Hisui, L50, F|\n|poke|p1|Bellibolt, L50, M|\n|poke|p1|Sinistcha, L50|\n|poke|p1|Lopunny, L50, M|\n|poke|p1|Grimmsnarl, L50, M|\n|poke|p2|Aerodactyl, L50, F|\n|poke|p2|Kingambit, L50, M|\n|poke|p2|Sylveon, L50, M|\n|poke|p2|Garchomp, L50, F|\n|poke|p2|Charizard, L50, F|\n|poke|p2|Incineroar, L50, M|\n|teampreview|4\n|showteam|p1|Volcarona||Leftovers|FlameBody|HeatWave,GigaDrain,QuiverDance,Protect|Modest||F|||50|]Samurott-Hisui||ChoiceScarf|Torrent|AquaCutter,CeaselessEdge,SacredSword,Soak|Jolly||F|||50|]Bellibolt||Magnet|Electromorphosis|ParabolicCharge,Soak,Thunderbolt,Protect|Quiet||M|||50|]Sinistcha||OccaBerry|Hospitality|ShadowBall,RagePowder,TrickRoom,Protect|Bold|||||50|]Lopunny||Lopunnite|Limber|CloseCombat,FakeOut,TripleAxel,Protect|Jolly||M|||50|]Grimmsnarl||RoseliBerry|Prankster|SpiritBreak,Reflect,FakeOut,PartingShot|Careful||M|||50|\n|showteam|p2|Aerodactyl||Aerodactylite|Unnerve|RockSlide,IceFang,Tailwind,WideGuard|Jolly||F|||50|]Kingambit||FocusSash|Defiant|KowtowCleave,SuckerPunch,IronHead,Protect|Adamant||M|||50|]Sylveon||FairyFeather|Pixilate|Detect,HyperVoice,HyperBeam,QuickAttack|Modest||M|||50|]Garchomp||LifeOrb|RoughSkin|Earthquake,DragonClaw,StompingTantrum,Protect|Jolly||F|||50|]Charizard||CharizarditeY|Blaze|Protect,HeatWave,SolarBeam,WeatherBall|Modest||F|||50|]Incineroar||SitrusBerry|Intimidate|DarkestLariat,FlareBlitz,FakeOut,PartingShot|Impish||M|||50|\n|inactive|Battle timer is ON: inactive players will automatically lose when time's up. (requested by SmogonSetsAreTrash)\n|inactive|irvydon has 60 seconds left.\n|inactive|irvydon has 30 seconds left.\n|inactive|irvydon has 20 seconds left.\n|\n|t:|1788180946\n|teamsize|p1|4\n|teamsize|p2|4\n|start\n|switch|p1a: Volcarona|Volcarona, L50, F|100/100\n|switch|p1b: Lopunny|Lopunny, L50, M|100/100\n|switch|p2a: Aerodactyl|Aerodactyl, L50, F|100/100\n|switch|p2b: Garchomp|Garchomp, L50, F|100/100\n|-ability|p2a: Aerodactyl|Unnerve\n|turn|1\n|inactive|irvydon has 30 seconds left.\n|\n|t:|1788180979\n|switch|p1a: Samurott|Samurott-Hisui, L50, F|100/100\n|detailschange|p2a: Aerodactyl|Aerodactyl-Mega, L50, F\n|-mega|p2a: Aerodactyl|Aerodactyl|Aerodactylite\n|detailschange|p1b: Lopunny|Lopunny-Mega, L50, M\n|-mega|p1b: Lopunny|Lopunny|Lopunnite\n|move|p1b: Lopunny|Fake Out|p2a: Aerodactyl\n|-resisted|p2a: Aerodactyl|1\n|-damage|p2a: Aerodactyl|87/100\n|cant|p2a: Aerodactyl|flinch\n|move|p2b: Garchomp|Earthquake|p1a: Samurott|[spread] p1a,p1b\n|-immune|p2a: Aerodactyl\n|-damage|p1a: Samurott|31/100\n|-damage|p1b: Lopunny|28/100\n|-damage|p2b: Garchomp|90/100|[from] item: Life Orb\n|\n|upkeep\n|turn|2\n|inactive|irvydon has 30 seconds left.\n|inactive|irvydon has 20 seconds left.\n|inactive|irvydon has 15 seconds left.\n|inactive|irvydon has 10 seconds left.\n|\n|t:|1788181024\n|move|p1a: Samurott|Aqua Cutter|p2a: Aerodactyl\n|-supereffective|p2a: Aerodactyl|1\n|-crit|p2a: Aerodactyl\n|-damage|p2a: Aerodactyl|0 fnt\n|faint|p2a: Aerodactyl\n|move|p1b: Lopunny|Triple Axel|p2b: Garchomp\n|-supereffective|p2b: Garchomp|2\n|-crit|p2b: Garchomp\n|-damage|p2b: Garchomp|42/100\n|-damage|p1b: Lopunny|16/100|[from] ability: Rough Skin|[of] p2b: Garchomp\n|-supereffective|p2b: Garchomp|2\n|-damage|p2b: Garchomp|0 fnt\n|-damage|p1b: Lopunny|4/100|[from] ability: Rough Skin|[of] p2b: Garchomp\n|faint|p2b: Garchomp\n|-hitcount|p2: Garchomp|2\n|\n|upkeep\n|\n|t:|1788181038\n|switch|p2a: Sylveon|Sylveon, L50, M|100/100\n|switch|p2b: Kingambit|Kingambit, L50, M|100/100\n|turn|3\n|\n|t:|1788181053\n|move|p2a: Sylveon|Quick Attack|p1a: Samurott\n|-supereffective|p1a: Samurott|1\n|-damage|p1a: Samurott|0 fnt\n|faint|p1a: Samurott\n|move|p2b: Kingambit|Sucker Punch|p1b: Lopunny\n|-resisted|p1b: Lopunny|1\n|-damage|p1b: Lopunny|0 fnt\n|faint|p1b: Lopunny\n|\n|upkeep\n|\n|t:|1788181056\n|switch|p1b: Grimmsnarl|Grimmsnarl, L50, M|100/100\n|switch|p1a: Volcarona|Volcarona, L50, F|100/100\n|turn|4\n|\n|t:|1788181081\n|move|p1b: Grimmsnarl|Fake Out|p2b: Kingambit\n|-resisted|p2b: Kingambit|1\n|-damage|p2b: Kingambit|95/100\n|move|p1a: Volcarona|Heat Wave|p2a: Sylveon|[spread] p2a,p2b\n|-supereffective|p2b: Kingambit|1\n|-damage|p2a: Sylveon|71/100\n|-damage|p2b: Kingambit|15/100\n|-status|p2a: Sylveon|brn\n|move|p2a: Sylveon|Hyper Voice|p1a: Volcarona|[spread] p1a,p1b\n|-resisted|p1a: Volcarona|1\n|-supereffective|p1b: Grimmsnarl|1\n|-enditem|p1b: Grimmsnarl|Roseli Berry|[eat]\n|-enditem|p1b: Grimmsnarl|Roseli Berry|[weaken]\n|-damage|p1a: Volcarona|77/100\n|-damage|p1b: Grimmsnarl|56/100\n|cant|p2b: Kingambit|flinch\n|\n|-heal|p1a: Volcarona|84/100|[from] item: Leftovers\n|-damage|p2a: Sylveon|65/100 brn|[from] brn\n|upkeep\n|turn|5\n|\n|t:|1788181100\n|move|p2b: Kingambit|Protect|p2b: Kingambit\n|-singleturn|p2b: Kingambit|Protect\n|move|p1a: Volcarona|Giga Drain|p2a: Sylveon\n|-damage|p2a: Sylveon|45/100 brn\n|-heal|p1a: Volcarona|94/100|[from] drain|[of] p2a: Sylveon\n|move|p2a: Sylveon|Hyper Voice|p1a: Volcarona|[spread] p1a,p1b\n|-resisted|p1a: Volcarona|1\n|-crit|p1a: Volcarona\n|-supereffective|p1b: Grimmsnarl|1\n|-damage|p1a: Volcarona|59/100\n|-damage|p1b: Grimmsnarl|0 fnt\n|faint|p1b: Grimmsnarl\n|\n|-heal|p1a: Volcarona|65/100|[from] item: Leftovers\n|-damage|p2a: Sylveon|39/100 brn|[from] brn\n|upkeep\n|turn|6\n|\n|t:|1788181119\n|move|p1a: Volcarona|Protect|p1a: Volcarona\n|-singleturn|p1a: Volcarona|Protect\n|move|p2a: Sylveon|Hyper Beam|p1a: Volcarona\n|-activate|p1a: Volcarona|move: Protect\n|move|p2b: Kingambit|Kowtow Cleave|p1a: Volcarona\n|-activate|p1a: Volcarona|move: Protect\n|\n|-heal|p1a: Volcarona|71/100|[from] item: Leftovers\n|-damage|p2a: Sylveon|34/100 brn|[from] brn\n|upkeep\n|turn|7\n|\n|t:|1788181127\n|move|p2b: Kingambit|Sucker Punch|p1a: Volcarona\n|-damage|p1a: Volcarona|20/100y\n|-status|p2b: Kingambit|brn|[from] ability: Flame Body|[of] p1a: Volcarona\n|move|p1a: Volcarona|Heat Wave|p2a: Sylveon|[spread] p2a\n|-miss|p1a: Volcarona|p2b: Kingambit\n|-damage|p2a: Sylveon|5/100 brn\n|move|p2a: Sylveon|Hyper Beam|p1a: Volcarona|[miss]\n|-miss|p2a: Sylveon|p1a: Volcarona\n|\n|-heal|p1a: Volcarona|26/100|[from] item: Leftovers\n|-damage|p2a: Sylveon|0 fnt|[from] brn\n|faint|p2a: Sylveon\n|-damage|p2b: Kingambit|9/100 brn|[from] brn\n|upkeep\n|turn|8\n|inactive|SmogonSetsAreTrash has 30 seconds left.\n|\n|t:|1788181158\n|move|p1a: Volcarona|Protect|p1a: Volcarona\n|-singleturn|p1a: Volcarona|Protect\n|move|p2b: Kingambit|Kowtow Cleave|p1a: Volcarona\n|-activate|p1a: Volcarona|move: Protect\n|\n|-heal|p1a: Volcarona|32/100|[from] item: Leftovers\n|-damage|p2b: Kingambit|3/100 brn|[from] brn\n|upkeep\n|turn|9\n|inactive|SmogonSetsAreTrash has 30 seconds left.\n|\n|t:|1788181185\n|move|p1a: Volcarona|Giga Drain|p2b: Kingambit\n|-resisted|p2b: Kingambit|1\n|-damage|p2b: Kingambit|0 fnt\n|-heal|p1a: Volcarona|35/100|[from] drain|[of] p2b: Kingambit\n|faint|p2b: Kingambit\n|\n|win|SmogonSetsAreTrash\n|raw|SmogonSetsAreTrash's rating: 1073 &rarr; <strong>1096</strong><br />(+23 for winning)\n|raw|irvydon's rating: 1000 &rarr; <strong>1000</strong><br />(+0 for losing)\n|l|☆irvydon\n|player|p2|\n","uploadtime":1788181192,"views":"8","formatid":"gen9championsvgc2026regmbbo3","rating":1000,"private":0,"password":null}