{"id":"gen9championsvgc2026regmbbo3-2673910239","format":"[Gen 9 Champions] VGC 2026 Reg M-B (Bo3)","players":["fan#1lugia","javivaarela"],"log":"|j|☆fan#1lugia\n|j|☆javivaarela\n|html|<table width=\"100%\"><tr><td align=\"left\">fan#1lugia</td><td align=\"right\">javivaarela</tr><tr><td align=\"left\"><i class=\"fa fa-circle\"></i> <i class=\"fa fa-circle-o\"></i> </td><td align=\"right\"><i class=\"fa fa-circle-o\"></i> <i class=\"fa fa-circle-o\"></i> </tr></table>\n|uhtml|bestof|<h2><strong>Game 2</strong> of <a href=\"/game-bestof3-gen9championsvgc2026regmbbo3-2673908339\">a best-of-3</a></h2>\n|t:|1788276041\n|gametype|doubles\n|player|p1|fan#1lugia|170|\n|player|p2|javivaarela|102|\n|gen|9\n|tier|[Gen 9 Champions] VGC 2026 Reg M-B (Bo3)\n|rule|Species Clause: Limit one of each Pokémon\n|rule|Item Clause: Limit 1 of each item\n|clearpoke\n|poke|p1|Charizard, L50, M|\n|poke|p1|Grimmsnarl, L50, M|\n|poke|p1|Pelipper, L50, F|\n|poke|p1|Archaludon, L50, F|\n|poke|p1|Swampert, L50, M|\n|poke|p1|Venusaur, L50, M|\n|poke|p2|Staraptor, L50, F, shiny|\n|poke|p2|Arcanine-Hisui, L50, F, shiny|\n|poke|p2|Kingambit, L50, M, shiny|\n|poke|p2|Sylveon, L50, F, shiny|\n|poke|p2|Raichu, L50, M, shiny|\n|poke|p2|Farigiraf, L50, M, shiny|\n|teampreview|4\n|showteam|p1|Charizard||CharizarditeY|Blaze|Protect,HeatWave,WeatherBall,AncientPower|Modest||M|||50|]Grimmsnarl||LightClay|Prankster|SpiritBreak,Reflect,LightScreen,PartingShot|Sassy||M|||50|]Pelipper||SitrusBerry|Drizzle|Hurricane,WeatherBall,Tailwind,Protect|Modest||F|||50|]Archaludon||Leftovers|Stamina|Protect,ElectroShot,DragonPulse,FlashCannon|Calm||F|||50|]Swampert||Swampertite|Torrent|Protect,Earthquake,WaveCrash,IcePunch|Adamant||M|||50|]Venusaur||FocusSash|Chlorophyll|Protect,SleepPowder,SludgeBomb,EnergyBall|Modest||M|||50|\n|showteam|p2|Staraptor||Staraptite|Intimidate|DualWingbeat,CloseCombat,Tailwind,Protect|Jolly||F|||50|]Arcanine-Hisui||FocusSash|RockHead|FlareBlitz,HeadSmash,ExtremeSpeed,Protect|Jolly||F|||50|]Kingambit||LifeOrb|Defiant|KowtowCleave,SuckerPunch,SwordsDance,Protect|Adamant||M|||50|]Sylveon||FairyFeather|Pixilate|HyperVoice,HyperBeam,QuickAttack,Detect|Modest||F|||50|]Raichu||RaichuniteY|LightningRod|ZapCannon,FocusBlast,FakeOut,Protect|Timid||M|||50|]Farigiraf||SitrusBerry|ArmorTail|Psychic,HelpingHand,TrickRoom,Protect|Calm||M|||50|\n|\n|t:|1788276063\n|teamsize|p1|4\n|teamsize|p2|4\n|start\n|switch|p1a: Grimmsnarl|Grimmsnarl, L50, M|100/100\n|switch|p1b: Archaludon|Archaludon, L50, F|100/100\n|switch|p2a: Flower Man|Staraptor, L50, F, shiny|100/100\n|switch|p2b: Sadie Sink|Sylveon, L50, F, shiny|100/100\n|-ability|p2a: Flower Man|Intimidate|boost\n|-unboost|p1a: Grimmsnarl|atk|1\n|-unboost|p1b: Archaludon|atk|1\n|turn|1\n|\n|t:|1788276082\n|switch|p2b: Big Chu|Raichu, L50, M, shiny|100/100\n|detailschange|p2a: Flower Man|Staraptor-Mega, L50, F, shiny\n|-mega|p2a: Flower Man|Staraptor|Staraptite\n|move|p1b: Archaludon|Protect|p1b: Archaludon\n|-singleturn|p1b: Archaludon|Protect\n|move|p1a: Grimmsnarl|Reflect|p1a: Grimmsnarl\n|-sidestart|p1: fan#1lugia|Reflect\n|move|p2a: Flower Man|Close Combat|p1a: Grimmsnarl\n|-damage|p1a: Grimmsnarl|59/100\n|-boost|p2a: Flower Man|def|1\n|-boost|p2a: Flower Man|spd|1\n|\n|upkeep\n|turn|2\n|\n|t:|1788276099\n|move|p2b: Big Chu|Fake Out|p1a: Grimmsnarl\n|-damage|p1a: Grimmsnarl|53/100\n|cant|p1a: Grimmsnarl|flinch\n|move|p2a: Flower Man|Close Combat|p1a: Grimmsnarl\n|-damage|p1a: Grimmsnarl|15/100\n|-boost|p2a: Flower Man|def|1\n|-boost|p2a: Flower Man|spd|1\n|move|p1b: Archaludon|Dragon Pulse|p2a: Flower Man\n|-damage|p2a: Flower Man|81/100\n|\n|upkeep\n|turn|3\n|\n|t:|1788276117\n|move|p2a: Flower Man|Tailwind|p2a: Flower Man\n|-sidestart|p2: javivaarela|move: Tailwind\n|move|p2b: Big Chu|Zap Cannon|p1a: Grimmsnarl|[miss]\n|-miss|p2b: Big Chu|p1a: Grimmsnarl\n|move|p1b: Archaludon|Dragon Pulse|p2a: Flower Man\n|-damage|p2a: Flower Man|63/100\n|move|p1a: Grimmsnarl|Spirit Break|p2b: Big Chu\n|-damage|p2b: Big Chu|67/100\n|-unboost|p2b: Big Chu|spa|1\n|\n|upkeep\n|turn|4\n|\n|t:|1788276137\n|switch|p2b: Sadie Sink|Sylveon, L50, F, shiny|100/100\n|move|p2a: Flower Man|Close Combat|p1a: Grimmsnarl\n|-damage|p1a: Grimmsnarl|0 fnt\n|-boost|p2a: Flower Man|def|1\n|-boost|p2a: Flower Man|spd|1\n|faint|p1a: Grimmsnarl\n|move|p1b: Archaludon|Dragon Pulse|p2b: Sadie Sink\n|-immune|p2b: Sadie Sink\n|\n|upkeep\n|\n|t:|1788276142\n|switch|p1a: Swampert|Swampert, L50, M|100/100\n|turn|5\n|\n|t:|1788276153\n|switch|p1b: Pelipper|Pelipper, L50, F|100/100\n|-weather|RainDance|[from] ability: Drizzle|[of] p1b: Pelipper\n|detailschange|p1a: Swampert|Swampert-Mega, L50, M\n|-mega|p1a: Swampert|Swampert|Swampertite\n|move|p2a: Flower Man|Close Combat|p1b: Pelipper\n|-resisted|p1b: Pelipper|1\n|-damage|p1b: Pelipper|76/100\n|-boost|p2a: Flower Man|def|1\n|-boost|p2a: Flower Man|spd|1\n|move|p1a: Swampert|Wave Crash|p2a: Flower Man\n|-damage|p2a: Flower Man|28/100\n|-damage|p1a: Swampert|88/100|[from] Recoil\n|move|p2b: Sadie Sink|Hyper Voice|p1b: Pelipper|[spread] p1a,p1b\n|-damage|p1a: Swampert|46/100\n|-damage|p1b: Pelipper|23/100\n|-enditem|p1b: Pelipper|Sitrus Berry|[eat]\n|-heal|p1b: Pelipper|48/100|[from] item: Sitrus Berry\n|\n|-weather|RainDance|[upkeep]\n|upkeep\n|turn|6\n|\n|t:|1788276165\n|move|p2a: Flower Man|Close Combat|p1a: Swampert\n|-damage|p1a: Swampert|11/100\n|-boost|p2a: Flower Man|def|1\n|-boost|p2a: Flower Man|spd|1\n|move|p1a: Swampert|Wave Crash|p2b: Sadie Sink\n|-damage|p2b: Sadie Sink|0 fnt\n|faint|p2b: Sadie Sink\n|-damage|p1a: Swampert|0 fnt|[from] Recoil\n|faint|p1a: Swampert\n|move|p1b: Pelipper|Tailwind|p1b: Pelipper\n|-sidestart|p1: fan#1lugia|move: Tailwind\n|\n|-weather|RainDance|[upkeep]\n|-sideend|p2: javivaarela|move: Tailwind\n|upkeep\n|\n|t:|1788276182\n|switch|p1a: Archaludon|Archaludon, L50, F|100/100\n|switch|p2b: Big Chu|Raichu, L50, M, shiny|67/100\n|turn|7\n|\n|t:|1788276190\n|move|p2b: Big Chu|Fake Out|p1b: Pelipper\n|-damage|p1b: Pelipper|42/100\n|move|p1a: Archaludon|Dragon Pulse|p2a: Flower Man\n|-damage|p2a: Flower Man|16/100\n|move|p2a: Flower Man|Tailwind|p2a: Flower Man\n|-sidestart|p2: javivaarela|move: Tailwind\n|cant|p1b: Pelipper|flinch\n|\n|-weather|RainDance|[upkeep]\n|upkeep\n|turn|8\n|\n|t:|1788276211\n|move|p2a: Flower Man|Protect|p2a: Flower Man\n|-singleturn|p2a: Flower Man|Protect\n|move|p2b: Big Chu|Zap Cannon|p1b: Pelipper\n|-supereffective|p1b: Pelipper|2\n|-damage|p1b: Pelipper|0 fnt\n|faint|p1b: Pelipper\n|move|p1a: Archaludon|Dragon Pulse|p2b: Big Chu\n|-damage|p2b: Big Chu|22/100\n|\n|-weather|RainDance|[upkeep]\n|-sideend|p1: fan#1lugia|Reflect\n|upkeep\n|turn|9\n|\n|t:|1788276220\n|move|p2a: Flower Man|Close Combat|p1a: Archaludon\n|-supereffective|p1a: Archaludon|1\n|-damage|p1a: Archaludon|14/100\n|-boost|p2a: Flower Man|def|1\n|-boost|p2a: Flower Man|spd|1\n|-ability|p1a: Archaludon|Stamina|boost\n|-boost|p1a: Archaludon|def|1\n|move|p2b: Big Chu|Focus Blast|p1a: Archaludon|[miss]\n|-miss|p2b: Big Chu|p1a: Archaludon\n|move|p1a: Archaludon|Dragon Pulse|p2a: Flower Man\n|-damage|p2a: Flower Man|6/100\n|\n|-weather|none\n|-heal|p1a: Archaludon|20/100y|[from] item: Leftovers\n|-sideend|p1: fan#1lugia|move: Tailwind\n|upkeep\n|turn|10\n|\n|t:|1788276224\n|move|p2a: Flower Man|Close Combat|p1a: Archaludon\n|-supereffective|p1a: Archaludon|1\n|-damage|p1a: Archaludon|0 fnt\n|faint|p1a: Archaludon\n|\n|win|javivaarela\n","uploadtime":1788276225,"views":"2","formatid":"gen9championsvgc2026regmbbo3","rating":null,"private":0,"password":null}