{"id":"gen9championsvgc2026regmb-2674494385","format":"[Gen 9 Champions] VGC 2026 Reg M-B","players":["gamerboy20000","dettowalk"],"log":"|j|☆gamerboy20000\n|j|☆dettowalk\n|t:|1788366430\n|gametype|doubles\n|player|p1|gamerboy20000|170|1218\n|player|p2|dettowalk|265|1316\n|gen|9\n|tier|[Gen 9 Champions] VGC 2026 Reg M-B\n|rated|\n|rule|Species Clause: Limit one of each Pokémon\n|rule|Item Clause: Limit 1 of each item\n|clearpoke\n|poke|p1|Staraptor, L50, F|\n|poke|p1|Whimsicott, L50, M|\n|poke|p1|Ceruledge, L50, M|\n|poke|p1|Kangaskhan, L50, F|\n|poke|p1|Sinistcha-Masterpiece, L50|\n|poke|p1|Raichu, L50, F|\n|poke|p2|Charizard, L50, F|\n|poke|p2|Floette-Eternal, L50, F|\n|poke|p2|Basculegion, L50, M|\n|poke|p2|Kingambit, L50, M|\n|poke|p2|Whimsicott, L50, M|\n|poke|p2|Garchomp, L50, F|\n|teampreview|4\n|\n|t:|1788366464\n|teamsize|p1|4\n|teamsize|p2|4\n|start\n|switch|p1a: Staraptor|Staraptor, L50, F|100/100\n|switch|p1b: Whimsicott|Whimsicott, L50, M|100/100\n|switch|p2a: Whimsicott|Whimsicott, L50, M|100/100\n|switch|p2b: Floette|Floette-Eternal, L50, F|100/100\n|-ability|p1a: Staraptor|Intimidate|boost\n|-block|p2a: Whimsicott|ability: Flower Veil|[of] p2b: Floette\n|-unboost|p2b: Floette|atk|1\n|turn|1\n|\n|t:|1788366506\n|detailschange|p2b: Floette|Floette-Mega, L50, F\n|-mega|p2b: Floette|Floette|Floettite\n|-ability|p2b: Floette|Fairy Aura\n|move|p2a: Whimsicott|Tailwind|p2a: Whimsicott\n|-sidestart|p2: dettowalk|move: Tailwind\n|move|p1b: Whimsicott|Tailwind|p1b: Whimsicott\n|-sidestart|p1: gamerboy20000|move: Tailwind\n|move|p2b: Floette|Dazzling Gleam|p1b: Whimsicott|[spread] p1a,p1b\n|-damage|p1a: Staraptor|39/100\n|-damage|p1b: Whimsicott|31/100\n|move|p1a: Staraptor|Brave Bird|p2a: Whimsicott\n|-supereffective|p2a: Whimsicott|1\n|-enditem|p2a: Whimsicott|Focus Sash\n|-damage|p2a: Whimsicott|1/100\n|-damage|p1a: Staraptor|16/100|[from] Recoil\n|\n|upkeep\n|turn|2\n|\n|t:|1788366552\n|move|p1a: Staraptor|Protect|p1a: Staraptor\n|-singleturn|p1a: Staraptor|Protect\n|move|p2a: Whimsicott|Encore|p1b: Whimsicott\n|-start|p1b: Whimsicott|Encore\n|move|p1b: Whimsicott|Tailwind||[still]\n|-fail|p1b: Whimsicott\n|move|p2b: Floette|Dazzling Gleam|p1a: Staraptor|[spread] p1b\n|-activate|p1a: Staraptor|move: Protect\n|-damage|p1b: Whimsicott|0 fnt\n|faint|p1b: Whimsicott\n|\n|upkeep\n|\n|t:|1788366563\n|switch|p1b: Kangaskhan|Kangaskhan, L50, F|100/100\n|turn|3\n|\n|t:|1788366582\n|switch|p1a: Ceruledge|Ceruledge, L50, M|100/100\n|move|p2a: Whimsicott|Protect|p2a: Whimsicott\n|-singleturn|p2a: Whimsicott|Protect\n|move|p2b: Floette|Protect|p2b: Floette\n|-singleturn|p2b: Floette|Protect\n|move|p1b: Kangaskhan|Fake Out|p2b: Floette\n|-activate|p2b: Floette|move: Protect\n|\n|upkeep\n|turn|4\n|\n|t:|1788366620\n|move|p2a: Whimsicott|Encore|p1b: Kangaskhan\n|-start|p1b: Kangaskhan|Encore\n|move|p1b: Kangaskhan|Fake Out||[still]\n|-hint|Fake Out only works on your first turn out.\n|-fail|p1b: Kangaskhan\n|move|p2b: Floette|Moonblast|p1b: Kangaskhan\n|-damage|p1b: Kangaskhan|0 fnt\n|faint|p1b: Kangaskhan\n|move|p1a: Ceruledge|Swords Dance|p1a: Ceruledge\n|-boost|p1a: Ceruledge|atk|2\n|\n|-sideend|p1: gamerboy20000|move: Tailwind\n|-sideend|p2: dettowalk|move: Tailwind\n|upkeep\n|\n|t:|1788366630\n|switch|p1b: Staraptor|Staraptor, L50, F|16/100\n|-ability|p1b: Staraptor|Intimidate|boost\n|-unboost|p2a: Whimsicott|atk|1\n|-unboost|p2b: Floette|atk|1\n|turn|5\n|\n|t:|1788366661\n|detailschange|p1b: Staraptor|Staraptor-Mega, L50, F\n|-mega|p1b: Staraptor|Staraptor|Staraptite\n|move|p1b: Staraptor|Protect|p1b: Staraptor\n|-singleturn|p1b: Staraptor|Protect\n|move|p2a: Whimsicott|Encore|p1a: Ceruledge\n|-start|p1a: Ceruledge|Encore\n|move|p2b: Floette|Dazzling Gleam|p1a: Ceruledge|[spread] p1a\n|-activate|p1b: Staraptor|move: Protect\n|-resisted|p1a: Ceruledge|1\n|-damage|p1a: Ceruledge|71/100\n|move|p1a: Ceruledge|Swords Dance|p1a: Ceruledge\n|-boost|p1a: Ceruledge|atk|2\n|\n|-heal|p1a: Ceruledge|77/100|[from] item: Leftovers\n|upkeep\n|turn|6\n|\n|t:|1788366676\n|move|p2a: Whimsicott|Tailwind|p2a: Whimsicott\n|-sidestart|p2: dettowalk|move: Tailwind\n|move|p2b: Floette|Dazzling Gleam|p1b: Staraptor|[spread] p1a,p1b\n|-resisted|p1a: Ceruledge|1\n|-supereffective|p1b: Staraptor|1\n|-damage|p1a: Ceruledge|49/100\n|-damage|p1b: Staraptor|0 fnt\n|faint|p1b: Staraptor\n|move|p1a: Ceruledge|Swords Dance|p1a: Ceruledge\n|-boost|p1a: Ceruledge|atk|2\n|\n|-heal|p1a: Ceruledge|54/100|[from] item: Leftovers\n|upkeep\n|turn|7\n|\n|t:|1788366686\n|move|p2a: Whimsicott|Moonblast|p1a: Ceruledge\n|-resisted|p1a: Ceruledge|1\n|-damage|p1a: Ceruledge|32/100\n|move|p2b: Floette|Moonblast|p1a: Ceruledge\n|-resisted|p1a: Ceruledge|1\n|-damage|p1a: Ceruledge|0 fnt\n|faint|p1a: Ceruledge\n|\n|win|dettowalk\n|raw|gamerboy20000's rating: 1218 &rarr; <strong>1200</strong><br />(-18 for losing)\n|raw|dettowalk's rating: 1316 &rarr; <strong>1331</strong><br />(+15 for winning)\n|l|☆gamerboy20000\n|player|p1|\n","uploadtime":1788366692,"views":"1","formatid":"gen9championsvgc2026regmb","rating":1200,"private":0,"password":null}