{"id":"gen9championsvgc2026regmb-2674143645","format":"[Gen 9 Champions] VGC 2026 Reg M-B","players":["AtomX7VGC","pooper9005"],"log":"|j|☆AtomX7VGC\n|j|☆pooper9005\n|t:|1788305617\n|gametype|doubles\n|player|p1|AtomX7VGC|linebacker|1211\n|player|p2|pooper9005|sabi|1285\n|gen|9\n|tier|[Gen 9 Champions] VGC 2026 Reg M-B\n|rated|\n|rule|Species Clause: Limit one of each Pokémon\n|rule|Item Clause: Limit 1 of each item\n|clearpoke\n|poke|p1|Dragonite, L50, M|\n|poke|p1|Arcanine-Hisui, L50, M|\n|poke|p1|Whimsicott, L50, F|\n|poke|p1|Floette-Eternal, L50, F|\n|poke|p1|Basculegion, L50, M|\n|poke|p1|Kingambit, L50, M|\n|poke|p2|Gengar, L50, F|\n|poke|p2|Incineroar, L50, M|\n|poke|p2|Politoed, L50, F|\n|poke|p2|Sneasler, L50, F|\n|poke|p2|Swampert, L50, F|\n|poke|p2|Kommo-o, L50, M|\n|teampreview|4\n|\n|t:|1788305672\n|teamsize|p1|4\n|teamsize|p2|4\n|start\n|switch|p1a: Kingambit|Kingambit, L50, M|100/100\n|switch|p1b: Basculegion|Basculegion, L50, M|100/100\n|switch|p2a: Gengar|Gengar, L50, F|100/100\n|switch|p2b: Sneasler|Sneasler, L50, F|100/100\n|turn|1\n|inactive|Battle timer is ON: inactive players will automatically lose when time's up. (requested by AtomX7VGC)\n|\n|t:|1788305710\n|switch|p2b: Kommo-o|Kommo-o, L50, M|100/100\n|switch|p1a: Whimsicott|Whimsicott, L50, F|100/100\n|detailschange|p2a: Gengar|Gengar-Mega, L50, F\n|-mega|p2a: Gengar|Gengar|Gengarite\n|move|p2a: Gengar|Protect|p2a: Gengar\n|-singleturn|p2a: Gengar|Protect\n|move|p1b: Basculegion|Wave Crash|p2b: Kommo-o\n|-resisted|p2b: Kommo-o|1\n|-damage|p2b: Kommo-o|68/100\n|-damage|p1b: Basculegion|90/100|[from] Recoil\n|-damage|p1b: Basculegion|80/100|[from] item: Life Orb\n|\n|upkeep\n|turn|2\n|inactive|pooper9005 has 30 seconds left.\n|inactive|pooper9005 has 20 seconds left.\n|inactive|pooper9005 has 15 seconds left.\n|\n|t:|1788305753\n|switch|p2a: Incineroar|Incineroar, L50, M|100/100\n|-ability|p2a: Incineroar|Intimidate|boost\n|-unboost|p1a: Whimsicott|atk|1\n|-unboost|p1b: Basculegion|atk|1\n|switch|p2b: Sneasler|Sneasler, L50, F|100/100\n|move|p1a: Whimsicott|Encore|p2a: Incineroar\n|-hint|Since gen 7, Dark is immune to Prankster moves.\n|-immune|p2a: Incineroar\n|move|p1b: Basculegion|Last Respects|p2b: Sneasler\n|-damage|p2b: Sneasler|61/100\n|-damage|p1b: Basculegion|71/100|[from] item: Life Orb\n|\n|upkeep\n|turn|3\n|\n|t:|1788305776\n|move|p1a: Whimsicott|Protect|p1a: Whimsicott\n|-singleturn|p1a: Whimsicott|Protect\n|move|p1b: Basculegion|Protect|p1b: Basculegion\n|-singleturn|p1b: Basculegion|Protect\n|move|p2b: Sneasler|Fake Out|p1a: Whimsicott\n|-activate|p1a: Whimsicott|move: Protect\n|move|p2a: Incineroar|Throat Chop|p1b: Basculegion\n|-activate|p1b: Basculegion|move: Protect\n|\n|upkeep\n|turn|4\n|\n|t:|1788305791\n|switch|p2b: Gengar|Gengar-Mega, L50, F|100/100\n|move|p1a: Whimsicott|Encore||[still]\n|-fail|p1a: Whimsicott\n|move|p1b: Basculegion|Wave Crash|p2a: Incineroar\n|-supereffective|p2a: Incineroar|1\n|-enditem|p2a: Incineroar|Passho Berry|[eat]\n|-enditem|p2a: Incineroar|Passho Berry|[weaken]\n|-damage|p2a: Incineroar|62/100\n|-damage|p1b: Basculegion|58/100|[from] Recoil\n|-damage|p1b: Basculegion|49/100|[from] item: Life Orb\n|move|p2a: Incineroar|Throat Chop|p1b: Basculegion\n|-supereffective|p1b: Basculegion|1\n|-damage|p1b: Basculegion|0 fnt\n|faint|p1b: Basculegion\n|\n|upkeep\n|\n|t:|1788305797\n|switch|p1b: Kingambit|Kingambit, L50, M|100/100\n|turn|5\n|\n|t:|1788305818\n|move|p2b: Gengar|Protect|p2b: Gengar\n|-singleturn|p2b: Gengar|Protect\n|move|p1a: Whimsicott|Tailwind|p1a: Whimsicott\n|-sidestart|p1: AtomX7VGC|move: Tailwind\n|move|p1b: Kingambit|Kowtow Cleave|p2b: Gengar\n|-activate|p2b: Gengar|move: Protect\n|move|p2a: Incineroar|Parting Shot|p1a: Whimsicott\n|-unboost|p1a: Whimsicott|atk|1\n|-unboost|p1a: Whimsicott|spa|1\n|\n|t:|1788305823\n|switch|p2a: Sneasler|Sneasler, L50, F|61/100|[from] Parting Shot\n|\n|upkeep\n|turn|6\n|inactive|AtomX7VGC has 30 seconds left.\n|inactive|pooper9005 has 30 seconds left.\n|inactive|AtomX7VGC has 20 seconds left.\n|inactive|AtomX7VGC has 15 seconds left.\n|inactive|AtomX7VGC has 10 seconds left.\n|\n|t:|1788305872\n|move|p2a: Sneasler|Fake Out|p1a: Whimsicott\n|-damage|p1a: Whimsicott|77/100\n|cant|p1a: Whimsicott|flinch\n|move|p2b: Gengar|Perish Song|p2b: Gengar\n|-start|p1a: Whimsicott|perish3|[silent]\n|-start|p1b: Kingambit|perish3|[silent]\n|-start|p2a: Sneasler|perish3|[silent]\n|-start|p2b: Gengar|perish3|[silent]\n|-fieldactivate|move: Perish Song\n|move|p1b: Kingambit|Iron Head|p2a: Sneasler\n|-damage|p2a: Sneasler|0 fnt\n|faint|p2a: Sneasler\n|\n|-start|p1a: Whimsicott|perish3\n|-start|p2b: Gengar|perish3\n|-start|p1b: Kingambit|perish3\n|upkeep\n|\n|t:|1788305883\n|switch|p2a: Incineroar|Incineroar, L50, M|62/100\n|-ability|p2a: Incineroar|Intimidate|boost\n|-unboost|p1a: Whimsicott|atk|1\n|-unboost|p1b: Kingambit|atk|1\n|-ability|p1b: Kingambit|Defiant|boost\n|-boost|p1b: Kingambit|atk|2\n|turn|7\n|inactive|pooper9005 has 30 seconds left.\n|\n|t:|1788305913\n|switch|p2b: Kommo-o|Kommo-o, L50, M|68/100\n|move|p2a: Incineroar|Fake Out|p1b: Kingambit\n|-resisted|p1b: Kingambit|1\n|-damage|p1b: Kingambit|96/100\n|move|p1a: Whimsicott|Encore||[still]\n|-fail|p1a: Whimsicott\n|cant|p1b: Kingambit|flinch\n|\n|-start|p1a: Whimsicott|perish2\n|-start|p1b: Kingambit|perish2\n|upkeep\n|turn|8\n|\n|t:|1788305937\n|move|p2b: Kommo-o|Protect|p2b: Kommo-o\n|-singleturn|p2b: Kommo-o|Protect\n|move|p1a: Whimsicott|Moonblast|p2b: Kommo-o\n|-activate|p2b: Kommo-o|move: Protect\n|move|p1b: Kingambit|Kowtow Cleave|p2a: Incineroar\n|-resisted|p2a: Incineroar|1\n|-damage|p2a: Incineroar|35/100\n|move|p2a: Incineroar|Parting Shot|p1a: Whimsicott\n|-unboost|p1a: Whimsicott|atk|1\n|-unboost|p1a: Whimsicott|spa|1\n|\n|t:|1788305943\n|switch|p2a: Gengar|Gengar-Mega, L50, F|100/100|[from] Parting Shot\n|\n|-start|p1a: Whimsicott|perish1\n|-start|p1b: Kingambit|perish1\n|-sideend|p1: AtomX7VGC|move: Tailwind\n|upkeep\n|turn|9\n|inactive|pooper9005 has 30 seconds left.\n|\n|t:|1788305974\n|move|p2a: Gengar|Protect|p2a: Gengar\n|-singleturn|p2a: Gengar|Protect\n|move|p2b: Kommo-o|Protect|p2b: Kommo-o\n|-singleturn|p2b: Kommo-o|Protect\n|move|p1a: Whimsicott|Moonblast|p2b: Kommo-o\n|-activate|p2b: Kommo-o|move: Protect\n|move|p1b: Kingambit|Low Kick|p2b: Kommo-o\n|-activate|p2b: Kommo-o|move: Protect\n|\n|-start|p1a: Whimsicott|perish0\n|-start|p1b: Kingambit|perish0\n|faint|p1a: Whimsicott\n|faint|p1b: Kingambit\n|upkeep\n|\n|t:|1788305981\n|switch|p1a: Dragonite|Dragonite, L50, M|100/100\n|turn|10\n|\n|t:|1788305999\n|detailschange|p1a: Dragonite|Dragonite-Mega, L50, M\n|-mega|p1a: Dragonite|Dragonite|Dragoninite\n|move|p2a: Gengar|Perish Song|p2a: Gengar\n|-start|p1a: Dragonite|perish3|[silent]\n|-start|p2a: Gengar|perish3|[silent]\n|-start|p2b: Kommo-o|perish3|[silent]\n|-fieldactivate|move: Perish Song\n|move|p1a: Dragonite|Dragon Pulse|p2a: Gengar\n|-damage|p2a: Gengar|44/100\n|move|p2b: Kommo-o|Clanging Scales|p1a: Dragonite\n|-supereffective|p1a: Dragonite|1\n|-damage|p1a: Dragonite|37/100\n|-unboost|p2b: Kommo-o|def|1\n|-damage|p2b: Kommo-o|58/100|[from] item: Life Orb\n|\n|-start|p2a: Gengar|perish3\n|-start|p1a: Dragonite|perish3\n|-start|p2b: Kommo-o|perish3\n|upkeep\n|turn|11\n|\n|t:|1788306012\n|move|p2a: Gengar|Shadow Ball|p1a: Dragonite\n|-damage|p1a: Dragonite|0 fnt\n|faint|p1a: Dragonite\n|\n|win|pooper9005\n|raw|AtomX7VGC's rating: 1211 &rarr; <strong>1191</strong><br />(-20 for losing)\n|raw|pooper9005's rating: 1285 &rarr; <strong>1305</strong><br />(+20 for winning)\n","uploadtime":1788306016,"views":"1","formatid":"gen9championsvgc2026regmb","rating":1191,"private":0,"password":null}