{"id":"gen9championsvgc2026regmbbo3-2673392949","format":"[Gen 9 Champions] VGC 2026 Reg M-B (Bo3)","players":["Prof. Bush","lucashero"],"log":"|j|☆Prof. Bush\n|j|☆lucashero\n|html|<table width=\"100%\"><tr><td align=\"left\">Prof. Bush</td><td align=\"right\">lucashero</tr><tr><td align=\"left\"><i class=\"fa fa-circle-o\"></i> <i class=\"fa fa-circle-o\"></i> </td><td align=\"right\"><i class=\"fa fa-circle-o\"></i> <i class=\"fa fa-circle-o\"></i> </tr></table>\n|uhtml|bestof|<h2><strong>Game 1</strong> of <a href=\"/game-bestof3-gen9championsvgc2026regmbbo3-2673392948\">a best-of-3</a></h2>\n|t:|1788192301\n|gametype|doubles\n|player|p1|Prof. Bush|li|1083\n|player|p2|lucashero|102|1113\n|gen|9\n|tier|[Gen 9 Champions] VGC 2026 Reg M-B (Bo3)\n|rated|\n|rule|Species Clause: Limit one of each Pokémon\n|rule|Item Clause: Limit 1 of each item\n|clearpoke\n|poke|p1|Chandelure, L50, M|\n|poke|p1|Whimsicott, L50, M|\n|poke|p1|Mamoswine, L50, F|\n|poke|p1|Grimmsnarl, L50, M|\n|poke|p1|Sneasler, L50, M|\n|poke|p1|Gholdengo, L50|\n|poke|p2|Typhlosion-Hisui, L50, M, shiny|\n|poke|p2|Charizard, L50, M, shiny|\n|poke|p2|Conkeldurr, L50, M, shiny|\n|poke|p2|Goodra-Hisui, L50, M, shiny|\n|poke|p2|Arcanine, L50, F, shiny|\n|poke|p2|Hydrapple, L50, F, shiny|\n|teampreview|4\n|showteam|p1|Chandelure||Chandelurite|Infiltrator|HeatWave,ShadowBall,TrickRoom,Protect|Modest||M|||50|]Whimsicott||FocusSash|Prankster|Tailwind,Moonblast,Encore,EnergyBall|Timid||M|||50|]Mamoswine||LifeOrb|Oblivious|IcicleCrash,HighHorsepower,IceShard,Protect|Adamant||F|||50|]Grimmsnarl||LightClay|Prankster|LightScreen,Reflect,SpiritBreak,PartingShot|Impish||M|||50|]Sneasler||WhiteHerb|PoisonTouch|FakeOut,DireClaw,CloseCombat,Protect|Jolly||M|||50|]Gholdengo||OccaBerry|GoodasGold|MakeItRain,ShadowBall,PowerGem,Protect|Modest|||||50|\n|showteam|p2|Typhlosion-Hisui||ChoiceScarf|Frisk|Eruption,ShadowBall,Flamethrower,FocusBlast|Timid||M|||50|]Charizard||CharizarditeY|Blaze|HeatWave,WeatherBall,Protect,SolarBeam|Timid||M|||50|]Conkeldurr||CobaBerry|IronFist|MachPunch,DrainPunch,IcePunch,Protect|Adamant||M|||50|]Goodra-Hisui||ChopleBerry|ShellArmor|Shelter,BodyPress,HeavySlam,DragonTail|Adamant||M|||50|]Arcanine||FocusSash|Intimidate|PlayRough,Protect,FlareBlitz,WildCharge|Jolly||F|||50|]Hydrapple||QuickClaw|Regenerator|EarthPower,Protect,DracoMeteor,GigaDrain|Modest||F|||50|\n|inactive|Battle timer is ON: inactive players will automatically lose when time's up. (requested by lucashero)\n|inactive|Prof. Bush has 60 seconds left.\n|inactive|lucashero has 60 seconds left.\n|\n|t:|1788192352\n|teamsize|p1|4\n|teamsize|p2|4\n|start\n|switch|p1a: Whimsicott|Whimsicott, L50, M|100/100\n|switch|p1b: Gholdengo|Gholdengo, L50|100/100\n|switch|p2a: Charizard|Charizard, L50, M, shiny|100/100\n|switch|p2b: Hydrapple|Hydrapple, L50, F, shiny|100/100\n|turn|1\n|\n|t:|1788192363\n|detailschange|p2a: Charizard|Charizard-Mega-Y, L50, M, shiny\n|-mega|p2a: Charizard|Charizard|Charizardite Y\n|-weather|SunnyDay|[from] ability: Drought|[of] p2a: Charizard\n|move|p1a: Whimsicott|Tailwind|p1a: Whimsicott\n|-sidestart|p1: Prof. Bush|move: Tailwind\n|move|p1b: Gholdengo|Power Gem|p2a: Charizard\n|-supereffective|p2a: Charizard|2\n|-damage|p2a: Charizard|0 fnt\n|faint|p2a: Charizard\n|move|p2b: Hydrapple|Earth Power|p1b: Gholdengo\n|-supereffective|p1b: Gholdengo|1\n|-damage|p1b: Gholdengo|26/100\n|\n|-weather|SunnyDay|[upkeep]\n|upkeep\n|\n|t:|1788192378\n|switch|p2a: Typhlosion|Typhlosion-Hisui, L50, M, shiny|100/100\n|-item|p1a: Whimsicott|Focus Sash|[from] ability: Frisk|[of] p2a: Typhlosion\n|-item|p1b: Gholdengo|Occa Berry|[from] ability: Frisk|[of] p2a: Typhlosion\n|turn|2\n|inactive|Prof. Bush has 30 seconds left.\n|-activate|p2b: Hydrapple|item: Quick Claw\n|\n|t:|1788192403\n|switch|p1a: Chandelure|Chandelure, L50, M|100/100\n|switch|p2a: Conkeldurr|Conkeldurr, L50, M, shiny|100/100\n|move|p2b: Hydrapple|Earth Power|p1b: Gholdengo\n|-supereffective|p1b: Gholdengo|1\n|-damage|p1b: Gholdengo|0 fnt\n|faint|p1b: Gholdengo\n|\n|-weather|SunnyDay|[upkeep]\n|upkeep\n|\n|t:|1788192415\n|switch|p1b: Mamoswine|Mamoswine, L50, F|100/100\n|turn|3\n|\n|t:|1788192429\n|detailschange|p1a: Chandelure|Chandelure-Mega, L50, M\n|-mega|p1a: Chandelure|Chandelure|Chandelurite\n|move|p2b: Hydrapple|Protect|p2b: Hydrapple\n|-singleturn|p2b: Hydrapple|Protect\n|move|p1b: Mamoswine|Ice Shard|p2b: Hydrapple\n|-activate|p2b: Hydrapple|move: Protect\n|move|p1a: Chandelure|Heat Wave|p2a: Conkeldurr|[spread] p2a\n|-activate|p2b: Hydrapple|move: Protect\n|-damage|p2a: Conkeldurr|16/100\n|move|p2a: Conkeldurr|Drain Punch|p1b: Mamoswine\n|-supereffective|p1b: Mamoswine|1\n|-damage|p1b: Mamoswine|0 fnt\n|-heal|p2a: Conkeldurr|60/100|[from] drain|[of] p1b: Mamoswine\n|faint|p1b: Mamoswine\n|\n|-weather|SunnyDay|[upkeep]\n|upkeep\n|\n|t:|1788192435\n|switch|p1b: Whimsicott|Whimsicott, L50, M|100/100\n|turn|4\n|inactive|Prof. Bush has 30 seconds left.\n|inactive|lucashero has 30 seconds left.\n|\n|t:|1788192462\n|move|p2a: Conkeldurr|Protect|p2a: Conkeldurr\n|-singleturn|p2a: Conkeldurr|Protect\n|move|p1b: Whimsicott|Moonblast|p2b: Hydrapple\n|-supereffective|p2b: Hydrapple|1\n|-damage|p2b: Hydrapple|23/100\n|move|p1a: Chandelure|Heat Wave|p2b: Hydrapple|[spread] p2b\n|-activate|p2a: Conkeldurr|move: Protect\n|-damage|p2b: Hydrapple|0 fnt\n|faint|p2b: Hydrapple\n|\n|-weather|SunnyDay|[upkeep]\n|-sideend|p1: Prof. Bush|move: Tailwind\n|upkeep\n|\n|t:|1788192471\n|switch|p2b: Typhlosion|Typhlosion-Hisui, L50, M, shiny|100/100\n|-item|p1a: Chandelure|Chandelurite|[from] ability: Frisk|[of] p2b: Typhlosion\n|-item|p1b: Whimsicott|Focus Sash|[from] ability: Frisk|[of] p2b: Typhlosion\n|turn|5\n|\n|t:|1788192487\n|move|p2a: Conkeldurr|Mach Punch|p1b: Whimsicott\n|-resisted|p1b: Whimsicott|1\n|-damage|p1b: Whimsicott|78/100\n|move|p2b: Typhlosion|Eruption|p1b: Whimsicott|[spread] p1a,p1b\n|-resisted|p1a: Chandelure|1\n|-supereffective|p1b: Whimsicott|1\n|-crit|p1b: Whimsicott\n|-damage|p1a: Chandelure|59/100\n|-damage|p1b: Whimsicott|0 fnt\n|faint|p1b: Whimsicott\n|move|p1a: Chandelure|Trick Room|p1a: Chandelure\n|-fieldstart|move: Trick Room|[of] p1a: Chandelure\n|\n|-weather|none\n|upkeep\n|turn|6\n|\n|t:|1788192501\n|move|p2a: Conkeldurr|Ice Punch|p1a: Chandelure\n|-resisted|p1a: Chandelure|1\n|-damage|p1a: Chandelure|42/100\n|move|p1a: Chandelure|Shadow Ball|p2b: Typhlosion\n|-supereffective|p2b: Typhlosion|1\n|-damage|p2b: Typhlosion|0 fnt\n|faint|p2b: Typhlosion\n|\n|upkeep\n|turn|7\n|\n|t:|1788192512\n|move|p2a: Conkeldurr|Ice Punch|p1a: Chandelure\n|-resisted|p1a: Chandelure|1\n|-damage|p1a: Chandelure|25/100\n|move|p1a: Chandelure|Shadow Ball|p2a: Conkeldurr\n|-damage|p2a: Conkeldurr|0 fnt\n|faint|p2a: Conkeldurr\n|\n|win|Prof. Bush\n||Prof. Bush is ready for game 2.\n","uploadtime":1788192519,"views":"1","formatid":"gen9championsvgc2026regmbbo3","rating":null,"private":0,"password":null}