{"id":"gen9championsvgc2026regmb-2673950878","format":"[Gen 9 Champions] VGC 2026 Reg M-B","players":["Cheribat","DaCulGy"],"log":"|j|☆Cheribat\n|j|☆DaCulGy\n|t:|1788280944\n|gametype|doubles\n|player|p1|Cheribat|waitress-gen4|1290\n|player|p2|DaCulGy|101|1257\n|gen|9\n|tier|[Gen 9 Champions] VGC 2026 Reg M-B\n|rated|\n|rule|Species Clause: Limit one of each Pokémon\n|rule|Item Clause: Limit 1 of each item\n|clearpoke\n|poke|p1|Metagross, L50|\n|poke|p1|Milotic, L50, F|\n|poke|p1|Volcarona, L50, F|\n|poke|p1|Sneasler, L50, F|\n|poke|p1|Hydreigon, L50, F|\n|poke|p1|Zoroark-Hisui, L50, F, shiny|\n|poke|p2|Glimmora, L50, M|\n|poke|p2|Staraptor, L50, F|\n|poke|p2|Corviknight, L50, F|\n|poke|p2|Ninetales-Alola, L50, F|\n|poke|p2|Kleavor, L50, M|\n|poke|p2|Incineroar, L50, F|\n|teampreview|4\n|\n|t:|1788280981\n|teamsize|p1|4\n|teamsize|p2|4\n|start\n|switch|p1a: Sneasler|Sneasler, L50, F|100/100\n|switch|p1b: Milotic|Milotic, L50, F|100/100\n|switch|p2a: The Chopping Block|Kleavor, L50, M|100/100\n|switch|p2b: Neintales|Ninetales-Alola, L50, F|100/100\n|-weather|Snowscape|[from] ability: Snow Warning|[of] p2b: Neintales\n|turn|1\n|\n|t:|1788281002\n|move|p2b: Neintales|Protect|p2b: Neintales\n|-singleturn|p2b: Neintales|Protect\n|move|p2a: The Chopping Block|Protect|p2a: The Chopping Block\n|-singleturn|p2a: The Chopping Block|Protect\n|move|p1a: Sneasler|Fake Out|p2a: The Chopping Block\n|-activate|p2a: The Chopping Block|move: Protect\n|move|p1b: Milotic|Scald|p2a: The Chopping Block\n|-activate|p2a: The Chopping Block|move: Protect\n|\n|-weather|Snowscape|[upkeep]\n|upkeep\n|turn|2\n|\n|t:|1788281015\n|move|p2b: Neintales|Aurora Veil|p2b: Neintales\n|-sidestart|p2: DaCulGy|move: Aurora Veil\n|move|p1a: Sneasler|Dire Claw|p2b: Neintales\n|-supereffective|p2b: Neintales|1\n|-damage|p2b: Neintales|35/100\n|move|p2a: The Chopping Block|Tailwind|p2a: The Chopping Block\n|-sidestart|p2: DaCulGy|move: Tailwind\n|move|p1b: Milotic|Scald|p2a: The Chopping Block\n|-supereffective|p2a: The Chopping Block|1\n|-damage|p2a: The Chopping Block|14/100\n|\n|-weather|Snowscape|[upkeep]\n|upkeep\n|turn|3\n|\n|t:|1788281032\n|move|p2b: Neintales|Moonblast|p1a: Sneasler\n|-damage|p1a: Sneasler|51/100\n|move|p2a: The Chopping Block|Stone Axe|p1b: Milotic\n|-damage|p1b: Milotic|52/100\n|-sidestart|p1: Cheribat|move: Stealth Rock\n|move|p1a: Sneasler|U-turn|p2a: The Chopping Block\n|-damage|p2a: The Chopping Block|0 fnt\n|faint|p2a: The Chopping Block\n|\n|t:|1788281045\n|switch|p1a: Metagross|Metagross, L50|100/100|[from] U-turn\n|-damage|p1a: Metagross|94/100|[from] Stealth Rock\n|move|p1b: Milotic|Scald|p2b: Neintales\n|-damage|p2b: Neintales|6/100\n|\n|-weather|Snowscape|[upkeep]\n|-heal|p1b: Milotic|58/100|[from] item: Leftovers\n|upkeep\n|\n|t:|1788281048\n|switch|p2a: John VGC|Incineroar, L50, F|100/100\n|-ability|p2a: John VGC|Intimidate|boost\n|-fail|p1a: Metagross|unboost|[from] ability: Clear Body|[of] p1a: Metagross\n|-unboost|p1b: Milotic|atk|1\n|-ability|p1b: Milotic|Competitive|boost\n|-boost|p1b: Milotic|spa|2\n|turn|4\n|\n|t:|1788281069\n|detailschange|p1a: Metagross|Metagross-Mega, L50\n|-mega|p1a: Metagross|Metagross|Metagrossite\n|move|p2b: Neintales|Protect|p2b: Neintales\n|-singleturn|p2b: Neintales|Protect\n|move|p1a: Metagross|Protect|p1a: Metagross\n|-singleturn|p1a: Metagross|Protect\n|move|p1b: Milotic|Protect|p1b: Milotic\n|-singleturn|p1b: Milotic|Protect\n|move|p2a: John VGC|Fake Out|p1b: Milotic\n|-activate|p1b: Milotic|move: Protect\n|\n|-weather|Snowscape|[upkeep]\n|-heal|p1b: Milotic|64/100|[from] item: Leftovers\n|upkeep\n|turn|5\n|\n|t:|1788281086\n|move|p2b: Neintales|Moonblast|p1b: Milotic\n|-damage|p1b: Milotic|35/100\n|move|p1a: Metagross|Psychic Fangs|p2b: Neintales\n|-sideend|p2: DaCulGy|move: Aurora Veil\n|-damage|p2b: Neintales|0 fnt\n|faint|p2b: Neintales\n|move|p2a: John VGC|Flare Blitz|p1a: Metagross\n|-supereffective|p1a: Metagross|1\n|-damage|p1a: Metagross|0 fnt\n|faint|p1a: Metagross\n|-damage|p2a: John VGC|75/100|[from] Recoil\n|move|p1b: Milotic|Scald|p2a: John VGC\n|-supereffective|p2a: John VGC|1\n|-damage|p2a: John VGC|0 fnt\n|faint|p2a: John VGC\n|\n|-weather|none\n|-heal|p1b: Milotic|41/100|[from] item: Leftovers\n|-sideend|p2: DaCulGy|move: Tailwind\n|upkeep\n|\n|t:|1788281105\n|switch|p1a: Sneasler|Sneasler, L50, F|51/100\n|switch|p2b: Redwing|Staraptor, L50, F|100/100\n|-damage|p1a: Sneasler|45/100|[from] Stealth Rock\n|-ability|p2b: Redwing|Intimidate|boost\n|-unboost|p1a: Sneasler|atk|1\n|-unboost|p1b: Milotic|atk|1\n|-ability|p1b: Milotic|Competitive|boost\n|-boost|p1b: Milotic|spa|2\n|-enditem|p1a: Sneasler|White Herb\n|-clearnegativeboost|p1a: Sneasler|[silent]\n|turn|6\n|\n|t:|1788281119\n|move|p2b: Redwing|Protect|p2b: Redwing\n|-singleturn|p2b: Redwing|Protect\n|move|p1a: Sneasler|Dire Claw|p2b: Redwing\n|-activate|p2b: Redwing|move: Protect\n|move|p1b: Milotic|Recover|p1b: Milotic\n|-heal|p1b: Milotic|91/100\n|\n|-heal|p1b: Milotic|97/100|[from] item: Leftovers\n|upkeep\n|turn|7\n|\n|t:|1788281130\n|detailschange|p2b: Redwing|Staraptor-Mega, L50, F\n|-mega|p2b: Redwing|Staraptor|Staraptite\n|move|p1a: Sneasler|Dire Claw|p2b: Redwing\n|-damage|p2b: Redwing|54/100\n|move|p2b: Redwing|Brave Bird|p1a: Sneasler\n|-supereffective|p1a: Sneasler|1\n|-damage|p1a: Sneasler|0 fnt\n|faint|p1a: Sneasler\n|-damage|p2b: Redwing|41/100|[from] Recoil\n|move|p1b: Milotic|Ice Beam|p2b: Redwing\n|-supereffective|p2b: Redwing|1\n|-damage|p2b: Redwing|0 fnt\n|faint|p2b: Redwing\n|\n|win|Cheribat\n|raw|Cheribat's rating: 1290 &rarr; <strong>1313</strong><br />(+23 for winning)\n|raw|DaCulGy's rating: 1257 &rarr; <strong>1234</strong><br />(-23 for losing)\n|l|☆DaCulGy\n|player|p2|\n","uploadtime":1788281143,"views":"2","formatid":"gen9championsvgc2026regmb","rating":1234,"private":0,"password":null}