{"id":"gen9championsvgc2026regmb-2674108981","format":"[Gen 9 Champions] VGC 2026 Reg M-B","players":["chabanov","iarerico"],"log":"|j|☆chabanov\n|j|☆iarerico\n|t:|1788300386\n|gametype|doubles\n|player|p1|chabanov|170|\n|player|p2|iarerico|266|\n|gen|9\n|tier|[Gen 9 Champions] VGC 2026 Reg M-B\n|rule|Species Clause: Limit one of each Pokémon\n|rule|Item Clause: Limit 1 of each item\n|clearpoke\n|poke|p1|Hawlucha, L50, M|\n|poke|p1|Snorlax, L50, M|\n|poke|p1|Liepard, L50, F|\n|poke|p1|Sinistcha, L50|\n|poke|p1|Emboar, L50, F|\n|poke|p1|Noivern, L50, M|\n|poke|p2|Politoed, L50, M, shiny|\n|poke|p2|Archaludon, L50, M, shiny|\n|poke|p2|Mr. Rime, L50, M|\n|poke|p2|Pidgeot, L50, M, shiny|\n|poke|p2|Banette, L50, M|\n|poke|p2|Sneasler, L50, F|\n|teampreview|4\n|j| triplemz1125\n|\n|t:|1788300481\n|teamsize|p1|4\n|teamsize|p2|4\n|start\n|switch|p1a: Liepard|Liepard, L50, F|100/100\n|switch|p1b: Sinistcha|Sinistcha, L50|100/100\n|switch|p2a: Hoodle|Banette, L50, M|100/100\n|switch|p2b: Splatterina|Sneasler, L50, F|100/100\n|-item|p1a: Liepard|Focus Sash|[from] ability: Frisk|[of] p2a: Hoodle\n|-item|p1b: Sinistcha|Sitrus Berry|[from] ability: Frisk|[of] p2a: Hoodle\n|turn|1\n|\n|t:|1788300523\n|detailschange|p2a: Hoodle|Banette-Mega, L50, M\n|-mega|p2a: Hoodle|Banette|Banettite\n|move|p1a: Liepard|Taunt|p2a: Hoodle\n|-start|p2a: Hoodle|move: Taunt\n|cant|p2a: Hoodle|move: Taunt|Swagger\n|move|p2b: Splatterina|Throat Chop|p1b: Sinistcha\n|-supereffective|p1b: Sinistcha|1\n|-damage|p1b: Sinistcha|59/100\n|-start|p1b: Sinistcha|Throat Chop|[silent]\n|move|p1b: Sinistcha|Trick Room|p1b: Sinistcha\n|-fieldstart|move: Trick Room|[of] p1b: Sinistcha\n|\n|upkeep\n|turn|2\n|\n|t:|1788300551\n|move|p1b: Sinistcha|Matcha Gotcha|p2b: Splatterina|[spread] p2a,p2b\n|-resisted|p2b: Splatterina|1\n|-damage|p2a: Hoodle|71/100\n|-heal|p1b: Sinistcha|73/100|[from] drain|[of] p2a: Hoodle\n|-damage|p2b: Splatterina|82/100\n|-heal|p1b: Sinistcha|81/100|[from] drain|[of] p2b: Splatterina\n|move|p2a: Hoodle|Poltergeist|p1b: Sinistcha\n|-activate|p1b: Sinistcha|move: Poltergeist|Sitrus Berry\n|-supereffective|p1b: Sinistcha|1\n|-damage|p1b: Sinistcha|0 fnt\n|faint|p1b: Sinistcha\n|move|p1a: Liepard|U-turn|p2b: Splatterina\n|-resisted|p2b: Splatterina|2\n|-damage|p2b: Splatterina|76/100\n|\n|t:|1788300567\n|switch|p1a: Emboar|Emboar, L50, F|100/100|[from] U-turn\n|move|p2b: Splatterina|Rock Slide|p1a: Emboar|[miss]\n|-miss|p2b: Splatterina|p1a: Emboar\n|\n|upkeep\n|\n|t:|1788300573\n|switch|p1b: Noivern|Noivern, L50, M|100/100\n|turn|3\n|\n|t:|1788300600\n|detailschange|p1a: Emboar|Emboar-Mega, L50, F\n|-mega|p1a: Emboar|Emboar|Emboarite\n|-ability|p1a: Emboar|Mold Breaker\n|move|p2a: Hoodle|Poltergeist|p1b: Noivern\n|-activate|p1b: Noivern|move: Poltergeist|Wide Lens\n|-damage|p1b: Noivern|25/100\n|move|p1a: Emboar|Flare Blitz|p2a: Hoodle\n|-damage|p2a: Hoodle|4/100\n|-damage|p1a: Emboar|82/100|[from] Recoil\n|move|p2b: Splatterina|Rock Slide|p1b: Noivern|[spread] p1a,p1b\n|-supereffective|p1b: Noivern|1\n|-damage|p1a: Emboar|61/100\n|-damage|p1b: Noivern|0 fnt\n|faint|p1b: Noivern\n|\n|-end|p2a: Hoodle|move: Taunt\n|upkeep\n|l| triplemz1125\n|\n|t:|1788300615\n|switch|p1b: Liepard|Liepard, L50, F|100/100\n|turn|4\n|\n|t:|1788300628\n|move|p2a: Hoodle|Protect|p2a: Hoodle\n|-singleturn|p2a: Hoodle|Protect\n|move|p1b: Liepard|Taunt|p2a: Hoodle\n|-activate|p2a: Hoodle|move: Protect\n|move|p1a: Emboar|Flare Blitz|p2b: Splatterina\n|-damage|p2b: Splatterina|0 fnt\n|faint|p2b: Splatterina\n|-damage|p1a: Emboar|42/100|[from] Recoil\n|\n|upkeep\n|\n|t:|1788300640\n|switch|p2b: Crojiro|Politoed, L50, M, shiny|100/100\n|-weather|RainDance|[from] ability: Drizzle|[of] p2b: Crojiro\n|turn|5\n|\n|t:|1788300658\n|move|p1a: Emboar|Protect|p1a: Emboar\n|-singleturn|p1a: Emboar|Protect\n|move|p2a: Hoodle|Destiny Bond|p2a: Hoodle\n|-singlemove|p2a: Hoodle|Destiny Bond\n|move|p1b: Liepard|Taunt|p2a: Hoodle\n|-start|p2a: Hoodle|move: Taunt\n|move|p2b: Crojiro|Perish Song|p2b: Crojiro\n|-start|p1a: Emboar|perish3|[silent]\n|-start|p1b: Liepard|perish3|[silent]\n|-start|p2a: Hoodle|perish3|[silent]\n|-start|p2b: Crojiro|perish3|[silent]\n|-fieldactivate|move: Perish Song\n|\n|-weather|RainDance|[upkeep]\n|-start|p2b: Crojiro|perish3\n|-start|p2a: Hoodle|perish3\n|-start|p1a: Emboar|perish3\n|-start|p1b: Liepard|perish3\n|-fieldend|move: Trick Room\n|upkeep\n|turn|6\n|\n|t:|1788300702\n|move|p2b: Crojiro|Protect|p2b: Crojiro\n|-singleturn|p2b: Crojiro|Protect\n|move|p1b: Liepard|U-turn|p2b: Crojiro\n|-activate|p2b: Crojiro|move: Protect\n|move|p1a: Emboar|Drain Punch|p2b: Crojiro\n|-activate|p2b: Crojiro|move: Protect\n|move|p2a: Hoodle|Poltergeist|p1a: Emboar|[miss]\n|-miss|p2a: Hoodle|p1a: Emboar\n|\n|-weather|RainDance|[upkeep]\n|-start|p1b: Liepard|perish2\n|-start|p1a: Emboar|perish2\n|-start|p2a: Hoodle|perish2\n|-start|p2b: Crojiro|perish2\n|upkeep\n|turn|7\n|\n|t:|1788300720\n|move|p1b: Liepard|U-turn|p2a: Hoodle\n|-resisted|p2a: Hoodle|1\n|-damage|p2a: Hoodle|0 fnt\n|faint|p2a: Hoodle\n|move|p1a: Emboar|Drain Punch|p2b: Crojiro\n|-damage|p2b: Crojiro|55/100\n|-heal|p1a: Emboar|63/100|[from] drain|[of] p2b: Crojiro\n|move|p2b: Crojiro|Weather Ball|p1a: Emboar\n|-supereffective|p1a: Emboar|1\n|-damage|p1a: Emboar|0 fnt\n|faint|p1a: Emboar\n|\n|-weather|RainDance|[upkeep]\n|-start|p1b: Liepard|perish1\n|-start|p2b: Crojiro|perish1\n|upkeep\n|\n|t:|1788300733\n|switch|p2a: Palsteel|Archaludon, L50, M, shiny|100/100\n|turn|8\n|\n|t:|1788300741\n|move|p2b: Crojiro|Protect|p2b: Crojiro\n|-singleturn|p2b: Crojiro|Protect\n|move|p1b: Liepard|U-turn|p2b: Crojiro\n|-activate|p2b: Crojiro|move: Protect\n|move|p2a: Palsteel|Aura Sphere|p1b: Liepard\n|-supereffective|p1b: Liepard|1\n|-crit|p1b: Liepard\n|-enditem|p1b: Liepard|Focus Sash\n|-damage|p1b: Liepard|1/100\n|\n|-weather|RainDance|[upkeep]\n|-start|p1b: Liepard|perish0\n|-start|p2b: Crojiro|perish0\n|faint|p1b: Liepard\n|faint|p2b: Crojiro\n|\n|win|iarerico\n","uploadtime":1788300758,"views":"4","formatid":"gen9championsvgc2026regmb","rating":null,"private":0,"password":null}