{"id":"gen9championsvgc2026regmb-2674780389","format":"[Gen 9 Champions] VGC 2026 Reg M-B","players":["Wei Chuan Dragons","spruffer"],"log":"|j|☆Wei Chuan Dragons\n|j|☆spruffer\n|html|<table width=\"100%\"><tr><td align=\"left\">Wei Chuan Dragons</td><td align=\"right\">spruffer</tr><tr><td align=\"left\"><i class=\"fa fa-circle-o\"></i> <i class=\"fa fa-circle-o\"></i> </td><td align=\"right\"><i class=\"fa fa-circle-o\"></i> <i class=\"fa fa-circle-o\"></i> </tr></table>\n|uhtml|bestof|<h2><strong>Game 1</strong> of <a href=\"/game-bestof3-gen9championsvgc2026regmb-2674780388\">a best-of-3</a></h2>\n|t:|1788405368\n|gametype|doubles\n|player|p1|Wei Chuan Dragons|alder|\n|player|p2|spruffer|giovanni|\n|gen|9\n|tier|[Gen 9 Champions] VGC 2026 Reg M-B\n|rule|Species Clause: Limit one of each Pokémon\n|rule|Item Clause: Limit 1 of each item\n|raw|<div class=\"infobox\"><details class=\"readmore\" open><summary><strong>1 custom rule:</strong></summary> Best of = 3</details></div>\n|clearpoke\n|poke|p1|Goodra-Hisui, L50, F|\n|poke|p1|Vanilluxe, L50, F|\n|poke|p1|Froslass, L50, F|\n|poke|p1|Scovillain, L50, M|\n|poke|p1|Mawile, L50, F, shiny|\n|poke|p1|Hatterene, L50, F|\n|poke|p2|Basculegion, L50, M, shiny|\n|poke|p2|Tyranitar, L50, F|\n|poke|p2|Dragonite, L50, M|\n|poke|p2|Raichu, L50, F, shiny|\n|poke|p2|Sableye, L50, M|\n|poke|p2|Armarouge, L50, M|\n|teampreview|4\n|j| presidentperssson\nWei Chuan Dragons rejected open team sheets.\n|c|☆spruffer|*glup* Clueless\n|c|☆Wei Chuan Dragons|i considered changing my team\n|c|☆Wei Chuan Dragons|icl\n|c|☆spruffer|yikes\n|c|☆spruffer|i lowkey\n|c|☆spruffer|prepped for\n|c|☆spruffer|2 mons that didn't show up\n|c|☆spruffer|geeg?\n|c|☆Wei Chuan Dragons|i was expecting floette LMAO\n|c|☆spruffer|im ngl\n|c|☆spruffer|i swapped out floette unironically last second\n|c|☆spruffer|i did it for one reason ngl\n|c|☆Wei Chuan Dragons|aga\n|c|☆spruffer|oh yikes forgot to swap a few moves\n|c|☆spruffer|Life\n|\n|t:|1788405495\n|teamsize|p1|4\n|teamsize|p2|4\n|start\n|switch|p1a: Lee Chin-Lin|Froslass, L50, F|100/100\n|switch|p1b: Lin Chen-Hsun|Scovillain, L50, M|100/100\n|switch|p2a: Raichu|Raichu, L50, F, shiny|100/100\n|switch|p2b: Tyranitar|Tyranitar, L50, F|100/100\n|-weather|Sandstorm|[from] ability: Sand Stream|[of] p2b: Tyranitar\n|turn|1\n|\n|t:|1788405538\n|detailschange|p1a: Lee Chin-Lin|Froslass-Mega, L50, F\n|-mega|p1a: Lee Chin-Lin|Froslass|Froslassite\n|-weather|Snowscape|[from] ability: Snow Warning|[of] p1a: Lee Chin-Lin\n|move|p2a: Raichu|Protect|p2a: Raichu\n|-singleturn|p2a: Raichu|Protect\n|move|p1b: Lin Chen-Hsun|Rage Powder|p1b: Lin Chen-Hsun\n|-singleturn|p1b: Lin Chen-Hsun|move: Rage Powder\n|move|p1a: Lee Chin-Lin|Aurora Veil|p1a: Lee Chin-Lin\n|-sidestart|p1: Wei Chuan Dragons|move: Aurora Veil\n|move|p2b: Tyranitar|Rock Slide|p1b: Lin Chen-Hsun|[spread] p1a,p1b\n|-supereffective|p1a: Lee Chin-Lin|1\n|-supereffective|p1b: Lin Chen-Hsun|1\n|-damage|p1a: Lee Chin-Lin|57/100\n|-damage|p1b: Lin Chen-Hsun|50/100g\n|\n|-weather|Snowscape|[upkeep]\n|-ability|p1b: Lin Chen-Hsun|Moody|boost\n|-boost|p1b: Lin Chen-Hsun|spe|2\n|-unboost|p1b: Lin Chen-Hsun|spd|1\n|upkeep\n|turn|2\n|c|☆spruffer|oh fuck\n|\n|t:|1788405587\n|detailschange|p2a: Raichu|Raichu-Mega-Y, L50, F, shiny\n|-mega|p2a: Raichu|Raichu|Raichunite Y\n|move|p1b: Lin Chen-Hsun|Protect|p1b: Lin Chen-Hsun\n|-singleturn|p1b: Lin Chen-Hsun|Protect\n|move|p1a: Lee Chin-Lin|Blizzard|p2b: Tyranitar|[spread] p2a,p2b\n|-damage|p2a: Raichu|25/100\n|-damage|p2b: Tyranitar|59/100\n|move|p2a: Raichu|Zap Cannon|p1a: Lee Chin-Lin\n|-damage|p1a: Lee Chin-Lin|0 fnt\n|faint|p1a: Lee Chin-Lin\n|move|p2b: Tyranitar|Rock Slide|p1b: Lin Chen-Hsun\n|-activate|p1b: Lin Chen-Hsun|move: Protect\n|\n|-weather|Snowscape|[upkeep]\n|-ability|p1b: Lin Chen-Hsun|Moody|boost\n|-boost|p1b: Lin Chen-Hsun|atk|2\n|-unboost|p1b: Lin Chen-Hsun|def|1\n|upkeep\n|\n|t:|1788405598\n|switch|p1a: Yang Nian-Zu|Vanilluxe, L50, F|100/100\n|turn|3\n|\n|t:|1788405619\n|move|p1b: Lin Chen-Hsun|Rage Powder|p1b: Lin Chen-Hsun\n|-singleturn|p1b: Lin Chen-Hsun|move: Rage Powder\n|move|p2a: Raichu|Focus Blast|p1b: Lin Chen-Hsun\n|-damage|p1b: Lin Chen-Hsun|0 fnt\n|faint|p1b: Lin Chen-Hsun\n|move|p2b: Tyranitar|Rock Slide|p1a: Yang Nian-Zu\n|-supereffective|p1a: Yang Nian-Zu|1\n|-damage|p1a: Yang Nian-Zu|45/100\n|cant|p1a: Yang Nian-Zu|flinch\n|\n|-weather|Snowscape|[upkeep]\n|upkeep\n|\n|t:|1788405628\n|switch|p1b: Drew Gagnon|Goodra-Hisui, L50, F|100/100\n|turn|4\n|\n|t:|1788405651\n|move|p1a: Yang Nian-Zu|Ally Switch|p1a: Yang Nian-Zu\n|swap|p1a: Yang Nian-Zu|1|[from] move: Ally Switch\n|move|p2a: Raichu|Focus Blast|p1b: Yang Nian-Zu\n|-supereffective|p1b: Yang Nian-Zu|1\n|-damage|p1b: Yang Nian-Zu|0 fnt\n|faint|p1b: Yang Nian-Zu\n|move|p2b: Tyranitar|Rock Slide|p1a: Drew Gagnon\n|-resisted|p1a: Drew Gagnon|1\n|-damage|p1a: Drew Gagnon|89/100\n|move|p1a: Drew Gagnon|Body Press|p2b: Tyranitar\n|-supereffective|p2b: Tyranitar|2\n|-damage|p2b: Tyranitar|0 fnt\n|faint|p2b: Tyranitar\n|\n|-weather|Snowscape|[upkeep]\n|-heal|p1a: Drew Gagnon|95/100|[from] item: Leftovers\n|upkeep\n|\n|t:|1788405676\n|switch|p2b: Basculegion|Basculegion, L50, M, shiny|100/100\n|turn|5\n|\n|t:|1788405689\n|move|p2a: Raichu|Protect|p2a: Raichu\n|-singleturn|p2a: Raichu|Protect\n|move|p2b: Basculegion|Protect|p2b: Basculegion\n|-singleturn|p2b: Basculegion|Protect\n|move|p1a: Drew Gagnon|Ice Spinner|p2b: Basculegion\n|-activate|p2b: Basculegion|move: Protect\n|\n|-weather|none\n|-heal|p1a: Drew Gagnon|100/100|[from] item: Leftovers\n|-sideend|p1: Wei Chuan Dragons|move: Aurora Veil\n|upkeep\n|turn|6\n|\n|t:|1788405712\n|move|p2a: Raichu|Focus Blast|p1a: Drew Gagnon\n|-supereffective|p1a: Drew Gagnon|1\n|-damage|p1a: Drew Gagnon|28/100\n|move|p2b: Basculegion|Last Respects|p1a: Drew Gagnon\n|-damage|p1a: Drew Gagnon|0 fnt\n|faint|p1a: Drew Gagnon\n|-damage|p2b: Basculegion|90/100|[from] item: Life Orb\n|\n|win|spruffer\n||Wei Chuan Dragons is ready for game 2.\n|c|☆Wei Chuan Dragons|damn wtf\n|inactive|spruffer has 30 seconds to confirm battle start!\n||spruffer is ready for game 2.\n|uhtml|next|Next: <a href=\"/battle-gen9championsvgc2026regmb-2674782069\"><strong>Game 2 of 3</strong></a>\n","uploadtime":1788406268,"views":"18","formatid":"gen9championsvgc2026regmb","rating":null,"private":0,"password":null}