{"id":"gen9championsvgc2026regmbbo3-2673379613","format":"[Gen 9 Champions] VGC 2026 Reg M-B (Bo3)","players":["humania1","jonarus"],"log":"|j|☆humania1\n|j|☆jonarus\n|html|<table width=\"100%\"><tr><td align=\"left\">humania1</td><td align=\"right\">jonarus</tr><tr><td align=\"left\"><i class=\"fa fa-circle\"></i> <i class=\"fa fa-circle-o\"></i> </td><td align=\"right\"><i class=\"fa fa-circle-o\"></i> <i class=\"fa fa-circle-o\"></i> </tr></table>\n|uhtml|bestof|<h2><strong>Game 2</strong> of <a href=\"/game-bestof3-gen9championsvgc2026regmbbo3-2673378436\">a best-of-3</a></h2>\n|t:|1788190625\n|gametype|doubles\n|player|p1|humania1|170|1076\n|player|p2|jonarus|2|1160\n|gen|9\n|tier|[Gen 9 Champions] VGC 2026 Reg M-B (Bo3)\n|rated|\n|rule|Species Clause: Limit one of each Pokémon\n|rule|Item Clause: Limit 1 of each item\n|clearpoke\n|poke|p1|Blastoise, L50, F|\n|poke|p1|Delphox, L50, F, shiny|\n|poke|p1|Incineroar, L50, F|\n|poke|p1|Sinistcha, L50|\n|poke|p1|Sneasler, L50, M|\n|poke|p1|Vivillon, L50, M|\n|poke|p2|Alakazam, L50, M|\n|poke|p2|Gallade, L50, M|\n|poke|p2|Sylveon, L50, M|\n|poke|p2|Maushold-Four, L50|\n|poke|p2|Meowstic, L50, M|\n|poke|p2|Farigiraf, L50, F|\n|teampreview|4\n|showteam|p1|Blastoise||Blastoisinite|Torrent|Protect,ShellSmash,WaterSpout,DarkPulse|Modest||F|||50|]Delphox||Delphoxite|Blaze|Protect,HeatWave,Psyshock,NastyPlot|Timid||F|||50|]Incineroar||PasshoBerry|Intimidate|FakeOut,PartingShot,FlareBlitz,ThroatChop|Impish||F|||50|]Sinistcha||SitrusBerry|Hospitality|Protect,MatchaGotcha,TrickRoom,RagePowder|Bold|||||50|]Sneasler||FocusSash|PoisonTouch|QuickGuard,FakeOut,CloseCombat,DireClaw|Jolly||M|||50|]Vivillon||ChoiceScarf|CompoundEyes|Hurricane,SleepPowder,RagePowder,Uturn|Timid||M|||50|\n|showteam|p2|Alakazam||Alakazite|InnerFocus|ExpandingForce,FocusBlast,NastyPlot,Protect|Modest||M|||50|]Gallade||LifeOrb|Sharpness|SacredSword,ShadowClaw,Protect,RockSlide|Jolly||M|||50|]Sylveon||FairyFeather|Pixilate|HyperBeam,HyperVoice,MysticalFire,Protect|Modest||M|||50|]Maushold-Four||WideLens|FriendGuard|PopulationBomb,FollowMe,SuperFang,HelpingHand|Jolly|||||50|]Meowstic||FocusSash|Prankster|PsychicTerrain,ExpandingForce,FakeOut,Gravity|Calm||M|||50|]Farigiraf|||CudChew|TrickRoom,HelpingHand,HyperVoice,PsychicTerrain|Sassy||F|||50|\n|inactive|Battle timer is ON: inactive players will automatically lose when time's up. (requested by humania1)\n|j| nosehabladebruno\n|\n|t:|1788190636\n|teamsize|p1|4\n|teamsize|p2|4\n|start\n|switch|p1a: Incineroar|Incineroar, L50, F|100/100\n|switch|p1b: Sinistcha|Sinistcha, L50|100/100\n|switch|p2a: Gallade|Gallade, L50, M|100/100\n|switch|p2b: Maushold|Maushold-Four, L50|100/100\n|-ability|p1a: Incineroar|Intimidate|boost\n|-unboost|p2a: Gallade|atk|1\n|-unboost|p2b: Maushold|atk|1\n|turn|1\n|\n|t:|1788190656\n|move|p2b: Maushold|Helping Hand|p2a: Gallade\n|-singleturn|p2a: Gallade|Helping Hand|[of] p2b: Maushold\n|move|p2a: Gallade|Shadow Claw|p1b: Sinistcha\n|-supereffective|p1b: Sinistcha|1\n|-damage|p1b: Sinistcha|20/100y\n|-enditem|p1b: Sinistcha|Sitrus Berry|[eat]\n|-heal|p1b: Sinistcha|45/100|[from] item: Sitrus Berry\n|-damage|p2a: Gallade|90/100|[from] item: Life Orb\n|move|p1a: Incineroar|Flare Blitz|p2a: Gallade\n|-damage|p2a: Gallade|31/100\n|-damage|p1a: Incineroar|86/100|[from] Recoil\n|move|p1b: Sinistcha|Trick Room|p1b: Sinistcha\n|-fieldstart|move: Trick Room|[of] p1b: Sinistcha\n|\n|upkeep\n|turn|2\n|\n|t:|1788190671\n|move|p2b: Maushold|Follow Me|p2b: Maushold\n|-singleturn|p2b: Maushold|move: Follow Me\n|move|p1b: Sinistcha|Matcha Gotcha|p2b: Maushold|[spread] p2a,p2b\n|-damage|p2a: Gallade|13/100\n|-heal|p1b: Sinistcha|53/100|[from] drain|[of] p2a: Gallade\n|-damage|p2b: Maushold|70/100\n|-heal|p1b: Sinistcha|68/100|[from] drain|[of] p2b: Maushold\n|move|p1a: Incineroar|Flare Blitz|p2b: Maushold\n|-damage|p2b: Maushold|10/100\n|-status|p2b: Maushold|brn\n|-damage|p1a: Incineroar|68/100|[from] Recoil\n|move|p2a: Gallade|Sacred Sword|p1a: Incineroar\n|-supereffective|p1a: Incineroar|1\n|-damage|p1a: Incineroar|0 fnt\n|faint|p1a: Incineroar\n|-damage|p2a: Gallade|3/100|[from] item: Life Orb\n|\n|-damage|p2b: Maushold|4/100 brn|[from] brn\n|upkeep\n|\n|t:|1788190672\n|switch|p1a: Blastoise|Blastoise, L50, F|100/100\n|turn|3\n|inactive|jonarus has 30 seconds left.\n|inactive|jonarus has 20 seconds left.\n|\n|t:|1788190710\n|detailschange|p1a: Blastoise|Blastoise-Mega, L50, F\n|-mega|p1a: Blastoise|Blastoise|Blastoisinite\n|move|p1b: Sinistcha|Matcha Gotcha|p2a: Gallade|[spread] p2a,p2b\n|-damage|p2a: Gallade|0 fnt\n|-heal|p1b: Sinistcha|70/100|[from] drain|[of] p2a: Gallade\n|-damage|p2b: Maushold|0 fnt\n|-heal|p1b: Sinistcha|72/100|[from] drain|[of] p2b: Maushold\n|faint|p2a: Gallade\n|faint|p2b: Maushold\n|move|p1a: Blastoise|Water Spout|p2: Gallade|[notarget]\n|-fail|p1a: Blastoise\n|\n|upkeep\n|\n|t:|1788190714\n|switch|p2a: Alakazam|Alakazam, L50, M|100/100\n|switch|p2b: Meowstic|Meowstic, L50, M|100/100\n|turn|4\n|\n|t:|1788190725\n|detailschange|p2a: Alakazam|Alakazam-Mega, L50, M\n|-mega|p2a: Alakazam|Alakazam|Alakazite\n|-ability|p2a: Alakazam|Hospitality|Trace|[from] ability: Trace|[of] p1b: Sinistcha\n|move|p2b: Meowstic|Fake Out|p1a: Blastoise\n|-damage|p1a: Blastoise|95/100\n|move|p1b: Sinistcha|Matcha Gotcha|p2b: Meowstic|[spread] p2a,p2b\n|-damage|p2a: Alakazam|70/100\n|-heal|p1b: Sinistcha|84/100|[from] drain|[of] p2a: Alakazam\n|-damage|p2b: Meowstic|80/100\n|-heal|p1b: Sinistcha|94/100|[from] drain|[of] p2b: Meowstic\n|cant|p1a: Blastoise|flinch\n|move|p2a: Alakazam|Nasty Plot|p2a: Alakazam\n|-boost|p2a: Alakazam|spa|2\n|\n|upkeep\n|turn|5\n|\n|t:|1788190740\n|move|p2a: Alakazam|Protect|p2a: Alakazam\n|-singleturn|p2a: Alakazam|Protect\n|move|p2b: Meowstic|Psychic Terrain|p2b: Meowstic\n|-fieldstart|move: Psychic Terrain\n|move|p1b: Sinistcha|Matcha Gotcha|p2b: Meowstic|[spread] p2b\n|-activate|p2a: Alakazam|move: Protect\n|-damage|p2b: Meowstic|59/100\n|-heal|p1b: Sinistcha|100/100|[from] drain|[of] p2b: Meowstic\n|move|p1a: Blastoise|Water Spout|p2b: Meowstic|[spread] p2b\n|-activate|p2a: Alakazam|move: Protect\n|-damage|p2b: Meowstic|6/100\n|\n|-fieldend|move: Trick Room\n|upkeep\n|turn|6\n|\n|t:|1788190764\n|move|p2a: Alakazam|Expanding Force|p1b: Sinistcha|[spread] p1a,p1b\n|-damage|p1a: Blastoise|0 fnt\n|-damage|p1b: Sinistcha|0 fnt\n|faint|p1a: Blastoise\n|faint|p1b: Sinistcha\n|move|p2b: Meowstic|Expanding Force|p1: Blastoise|[notarget]\n|-fail|p2b: Meowstic\n|\n|upkeep\n|\n|t:|1788190764\n|switch|p1a: Delphox|Delphox, L50, F, shiny|100/100\n|turn|7\n|\n|t:|1788190774\n|move|p2a: Alakazam|Expanding Force|p1a: Delphox\n|-resisted|p1a: Delphox|1\n|-damage|p1a: Delphox|0 fnt\n|faint|p1a: Delphox\n|\n|win|jonarus\n","uploadtime":1788190774,"views":"0","formatid":"gen9championsvgc2026regmbbo3","rating":null,"private":0,"password":null}