{"id":"gen9championsvgc2026regmbbo3-2674922420","format":"[Gen 9 Champions] VGC 2026 Reg M-B (Bo3)","players":["marcio1428","WindyNyt"],"log":"|j|☆marcio1428\n|j|☆WindyNyt\n|html|<table width=\"100%\"><tr><td align=\"left\">marcio1428</td><td align=\"right\">WindyNyt</tr><tr><td align=\"left\"><i class=\"fa fa-circle-o\"></i> <i class=\"fa fa-circle-o\"></i> </td><td align=\"right\"><i class=\"fa fa-circle-o\"></i> <i class=\"fa fa-circle\"></i> </tr></table>\n|uhtml|bestof|<h2><strong>Game 2</strong> of <a href=\"/game-bestof3-gen9championsvgc2026regmbbo3-2674921133\">a best-of-3</a></h2>\n|t:|1788436463\n|gametype|doubles\n|player|p1|marcio1428|169|1046\n|player|p2|WindyNyt|lucas|1101\n|gen|9\n|tier|[Gen 9 Champions] VGC 2026 Reg M-B (Bo3)\n|rated|\n|rule|Species Clause: Limit one of each Pokémon\n|rule|Item Clause: Limit 1 of each item\n|clearpoke\n|poke|p1|Scrafty, L50, F|\n|poke|p1|Whimsicott, L50, F|\n|poke|p1|Mimikyu, L50, F|\n|poke|p1|Pelipper, L50, M|\n|poke|p1|Staraptor, L50, F|\n|poke|p1|Raichu, L50, F|\n|poke|p2|Kingambit, L50, M|\n|poke|p2|Incineroar, L50, M|\n|poke|p2|Aerodactyl, L50, M|\n|poke|p2|Froslass, L50, F|\n|poke|p2|Garchomp, L50, M|\n|poke|p2|Grimmsnarl, L50, M|\n|teampreview|4\n|showteam|p1|Scrafty||SitrusBerry|Intimidate|KnockOff,DrainPunch,FakeOut,Protect|Jolly||F|||50|]Whimsicott||FairyFeather|Prankster|Moonblast,Charm,Tailwind,Encore|Timid||F|||50|]Mimikyu||LifeOrb|Disguise|PhantomForce,PlayRough,ShadowSneak,TrickRoom|Brave||F|||50|]Pelipper||MysticWater|Drizzle|Hurricane,WeatherBall,WideGuard,Tailwind|Bold||M|||50|]Staraptor||WhiteHerb|Intimidate|BraveBird,CloseCombat,Tailwind,Protect|Jolly||F|||50|]Raichu||FocusSash|LightningRod|Thunderbolt,VoltSwitch,FakeOut,Protect|Timid||F|||50|\n|showteam|p2|Kingambit||LifeOrb|Defiant|SuckerPunch,KowtowCleave,IronHead,LowKick|Adamant||M|||50|]Incineroar||SitrusBerry|Intimidate|FakeOut,CloseCombat,FlareBlitz,PartingShot|Impish||M|||50|]Aerodactyl||FocusSash|Unnerve|RockSlide,DualWingbeat,Tailwind,Taunt|Jolly||M|||50|]Froslass||Froslassite|CursedBody|Blizzard,NastyPlot,ShadowBall,Protect|Modest||F|||50|]Garchomp||ChoiceScarf|RoughSkin|StompingTantrum,DragonClaw,RockSlide,Earthquake|Adamant||M|||50|]Grimmsnarl||LightClay|Prankster|Reflect,LightScreen,PartingShot,SpiritBreak|Impish||M|||50|\n|\n|t:|1788436496\n|teamsize|p1|4\n|teamsize|p2|4\n|start\n|switch|p1a: Mimikyu|Mimikyu, L50, F|100/100\n|switch|p1b: Scrafty|Scrafty, L50, F|100/100\n|switch|p2a: Grimmsnarl|Grimmsnarl, L50, M|100/100\n|switch|p2b: Incineroar|Incineroar, L50, M|100/100\n|-ability|p1b: Scrafty|Intimidate|boost\n|-unboost|p2a: Grimmsnarl|atk|1\n|-unboost|p2b: Incineroar|atk|1\n|-ability|p2b: Incineroar|Intimidate|boost\n|-unboost|p1a: Mimikyu|atk|1\n|-unboost|p1b: Scrafty|atk|1\n|turn|1\n|\n|t:|1788436521\n|switch|p1a: Pelipper|Pelipper, L50, M|100/100\n|-weather|RainDance|[from] ability: Drizzle|[of] p1a: Pelipper\n|move|p1b: Scrafty|Fake Out|p2a: Grimmsnarl\n|-damage|p2a: Grimmsnarl|93/100\n|cant|p2a: Grimmsnarl|flinch\n|move|p2b: Incineroar|Parting Shot|p1a: Pelipper\n|-unboost|p1a: Pelipper|atk|1\n|-unboost|p1a: Pelipper|spa|1\n|\n|t:|1788436532\n|switch|p2b: Garchomp|Garchomp, L50, M|100/100|[from] Parting Shot\n|\n|-weather|RainDance|[upkeep]\n|upkeep\n|turn|2\n|\n|t:|1788436548\n|switch|p1b: Mimikyu|Mimikyu, L50, F|100/100\n|move|p1a: Pelipper|Wide Guard|p1a: Pelipper\n|-singleturn|p1a: Pelipper|Wide Guard\n|move|p2a: Grimmsnarl|Light Screen|p2a: Grimmsnarl\n|-sidestart|p2: WindyNyt|move: Light Screen\n|move|p2b: Garchomp|Dragon Claw|p1a: Pelipper\n|-damage|p1a: Pelipper|57/100\n|\n|-weather|RainDance|[upkeep]\n|upkeep\n|turn|3\n|\n|t:|1788436567\n|move|p2a: Grimmsnarl|Parting Shot|p1b: Mimikyu\n|-unboost|p1b: Mimikyu|atk|1\n|-unboost|p1b: Mimikyu|spa|1\n|\n|t:|1788436570\n|switch|p2a: Incineroar|Incineroar, L50, M|100/100|[from] Parting Shot\n|-ability|p2a: Incineroar|Intimidate|boost\n|-unboost|p1a: Pelipper|atk|1\n|-unboost|p1b: Mimikyu|atk|1\n|move|p2b: Garchomp|Dragon Claw|p1a: Pelipper\n|-damage|p1a: Pelipper|14/100\n|move|p1b: Mimikyu|Play Rough|p2b: Garchomp\n|-supereffective|p2b: Garchomp|1\n|-damage|p2b: Garchomp|52/100\n|-damage|p1b: Mimikyu|87/100|[from] ability: Rough Skin|[of] p2b: Garchomp\n|-damage|p1b: Mimikyu|77/100|[from] item: Life Orb\n|move|p1a: Pelipper|Weather Ball|p2a: Incineroar\n|-supereffective|p2a: Incineroar|1\n|-damage|p2a: Incineroar|30/100\n|-enditem|p2a: Incineroar|Sitrus Berry|[eat]\n|-heal|p2a: Incineroar|54/100|[from] item: Sitrus Berry\n|\n|-weather|RainDance|[upkeep]\n|upkeep\n|turn|4\n|\n|t:|1788436594\n|switch|p2b: Kingambit|Kingambit, L50, M|100/100\n|switch|p1a: Whimsicott|Whimsicott, L50, F|100/100\n|move|p2a: Incineroar|Fake Out|p1a: Whimsicott\n|-damage|p1a: Whimsicott|80/100\n|move|p1b: Mimikyu|Play Rough|p2b: Kingambit\n|-damage|p2b: Kingambit|80/100\n|-damage|p1b: Mimikyu|67/100|[from] item: Life Orb\n|\n|-weather|RainDance|[upkeep]\n|upkeep\n|turn|5\n|\n|t:|1788436625\n|switch|p1a: Scrafty|Scrafty, L50, F|100/100\n|-ability|p1a: Scrafty|Intimidate|boost\n|-unboost|p2a: Incineroar|atk|1\n|-unboost|p2b: Kingambit|atk|1\n|-ability|p2b: Kingambit|Defiant|boost\n|-boost|p2b: Kingambit|atk|2\n|move|p1b: Mimikyu|Play Rough|p2a: Incineroar\n|-damage|p2a: Incineroar|35/100\n|-damage|p1b: Mimikyu|58/100|[from] item: Life Orb\n|move|p2a: Incineroar|Flare Blitz|p1a: Scrafty\n|-damage|p1a: Scrafty|80/100\n|-damage|p2a: Incineroar|30/100|[from] Recoil\n|move|p2b: Kingambit|Iron Head|p1b: Mimikyu\n|-activate|p1b: Mimikyu|ability: Disguise\n|-damage|p1b: Mimikyu|58/100\n|detailschange|p1b: Mimikyu|Mimikyu-Busted, L50, F\n|-damage|p1b: Mimikyu|45/100|[from] pokemon: Mimikyu-Busted\n|-damage|p2b: Kingambit|70/100|[from] item: Life Orb\n|\n|-weather|none\n|upkeep\n|turn|6\n|\n|t:|1788436662\n|switch|p1b: Whimsicott|Whimsicott, L50, F|80/100\n|switch|p2b: Grimmsnarl|Grimmsnarl, L50, M|93/100\n|move|p1a: Scrafty|Drain Punch|p2b: Grimmsnarl\n|-damage|p2b: Grimmsnarl|67/100\n|-heal|p1a: Scrafty|98/100|[from] drain|[of] p2b: Grimmsnarl\n|move|p2a: Incineroar|Parting Shot|p1a: Scrafty\n|-unboost|p1a: Scrafty|atk|1\n|-unboost|p1a: Scrafty|spa|1\n|\n|t:|1788436680\n|switch|p2a: Garchomp|Garchomp, L50, M|52/100|[from] Parting Shot\n|\n|upkeep\n|turn|7\n|\n|t:|1788436701\n|switch|p2a: Incineroar|Incineroar, L50, M|30/100\n|-ability|p2a: Incineroar|Intimidate|boost\n|-unboost|p1a: Scrafty|atk|1\n|-unboost|p1b: Whimsicott|atk|1\n|switch|p1a: Pelipper|Pelipper, L50, M|14/100\n|-weather|RainDance|[from] ability: Drizzle|[of] p1a: Pelipper\n|move|p1b: Whimsicott|Moonblast|p2a: Incineroar\n|-damage|p2a: Incineroar|1/100\n|move|p2b: Grimmsnarl|Spirit Break|p1a: Pelipper\n|-damage|p1a: Pelipper|0 fnt\n|faint|p1a: Pelipper\n|\n|-weather|RainDance|[upkeep]\n|upkeep\n|\n|t:|1788436715\n|switch|p1a: Mimikyu|Mimikyu-Busted, L50, F|45/100\n|turn|8\n|\n|t:|1788436729\n|move|p1a: Mimikyu|Shadow Sneak|p2a: Incineroar\n|-resisted|p2a: Incineroar|1\n|-damage|p2a: Incineroar|0 fnt\n|faint|p2a: Incineroar\n|-damage|p1a: Mimikyu|35/100|[from] item: Life Orb\n|move|p2b: Grimmsnarl|Parting Shot|p1a: Mimikyu\n|-unboost|p1a: Mimikyu|atk|1\n|-unboost|p1a: Mimikyu|spa|1\n|\n|t:|1788436738\n|switch|p2b: Kingambit|Kingambit, L50, M|70/100|[from] Parting Shot\n|move|p1b: Whimsicott|Moonblast|p2b: Kingambit\n|-damage|p2b: Kingambit|40/100\n|\n|-weather|RainDance|[upkeep]\n|upkeep\n|\n|t:|1788436750\n|switch|p2a: Grimmsnarl|Grimmsnarl, L50, M|67/100\n|turn|9\n|\n|t:|1788436779\n|move|p1a: Mimikyu|Shadow Sneak|p2b: Kingambit\n|-resisted|p2b: Kingambit|1\n|-crit|p2b: Kingambit\n|-damage|p2b: Kingambit|27/100\n|-damage|p1a: Mimikyu|25/100|[from] item: Life Orb\n|move|p2a: Grimmsnarl|Reflect|p2a: Grimmsnarl\n|-sidestart|p2: WindyNyt|Reflect\n|move|p1b: Whimsicott|Moonblast|p2b: Kingambit\n|-damage|p2b: Kingambit|0 fnt\n|faint|p2b: Kingambit\n|\n|-weather|RainDance|[upkeep]\n|-sideend|p2: WindyNyt|move: Light Screen\n|upkeep\n|\n|t:|1788436787\n|switch|p2b: Garchomp|Garchomp, L50, M|52/100\n|turn|10\n|\n|t:|1788436800\n|switch|p1a: Scrafty|Scrafty, L50, F|98/100\n|-ability|p1a: Scrafty|Intimidate|boost\n|-unboost|p2a: Grimmsnarl|atk|1\n|-unboost|p2b: Garchomp|atk|1\n|move|p1b: Whimsicott|Tailwind|p1b: Whimsicott\n|-sidestart|p1: marcio1428|move: Tailwind\n|move|p2b: Garchomp|Earthquake|p1a: Scrafty|[spread] p2a,p1a,p1b\n|-resisted|p1b: Whimsicott|1\n|-damage|p2a: Grimmsnarl|51/100\n|-damage|p1a: Scrafty|64/100\n|-damage|p1b: Whimsicott|58/100\n|move|p2a: Grimmsnarl|Spirit Break|p1b: Whimsicott\n|-damage|p1b: Whimsicott|29/100\n|-unboost|p1b: Whimsicott|spa|1\n|\n|-weather|RainDance|[upkeep]\n|upkeep\n|turn|11\n|\n|t:|1788436816\n|move|p1a: Scrafty|Fake Out|p2a: Grimmsnarl\n|-damage|p2a: Grimmsnarl|44/100\n|move|p1b: Whimsicott|Moonblast|p2b: Garchomp\n|-supereffective|p2b: Garchomp|1\n|-damage|p2b: Garchomp|0 fnt\n|faint|p2b: Garchomp\n|cant|p2a: Grimmsnarl|flinch\n|\n|-weather|none\n|upkeep\n|turn|12\n|-message|WindyNyt forfeited.\n|\n|win|marcio1428\n","uploadtime":1788436827,"views":"10","formatid":"gen9championsvgc2026regmbbo3","rating":null,"private":0,"password":null}