{"id":"gen9championsvgc2026regmbbo3-2673257778","format":"[Gen 9 Champions] VGC 2026 Reg M-B (Bo3)","players":["ElectricBlue26","CaratroncoSun"],"log":"|j|☆ElectricBlue26\n|j|☆CaratroncoSun\n|html|<table width=\"100%\"><tr><td align=\"left\">ElectricBlue26</td><td align=\"right\">CaratroncoSun</tr><tr><td align=\"left\"><i class=\"fa fa-circle\"></i> <i class=\"fa fa-circle-o\"></i> </td><td align=\"right\"><i class=\"fa fa-circle-o\"></i> <i class=\"fa fa-circle\"></i> </tr></table>\n|uhtml|bestof|<h2><strong>Game 3</strong> of <a href=\"/game-bestof3-gen9championsvgc2026regmbbo3-2673254845\">a best-of-3</a></h2>\n|t:|1788171053\n|gametype|doubles\n|player|p1|ElectricBlue26|2|1162\n|player|p2|CaratroncoSun|265|1372\n|gen|9\n|tier|[Gen 9 Champions] VGC 2026 Reg M-B (Bo3)\n|rated|\n|rule|Species Clause: Limit one of each Pokémon\n|rule|Item Clause: Limit 1 of each item\n|clearpoke\n|poke|p1|Gengar, L50, M|\n|poke|p1|Incineroar, L50, M, shiny|\n|poke|p1|Sneasler, L50, M|\n|poke|p1|Garchomp, L50, F|\n|poke|p1|Charizard, L50, F|\n|poke|p1|Dragonite, L50, M|\n|poke|p2|Charizard, L50, M, shiny|\n|poke|p2|Venusaur, L50, M, shiny|\n|poke|p2|Whimsicott, L50, F, shiny|\n|poke|p2|Basculegion, L50, M|\n|poke|p2|Tyranitar, L50, M|\n|poke|p2|Mamoswine, L50, M|\n|teampreview|4\n|showteam|p1|Gengar||Gengarite|CursedBody|Protect,Substitute,SludgeBomb,ShadowBall|Modest||M|||50|]Incineroar||SitrusBerry|Intimidate|FlareBlitz,ThroatChop,PartingShot,FakeOut|Impish||M|||50|]Sneasler||WhiteHerb|Unburden|CloseCombat,DireClaw,FakeOut,Protect|Adamant||M|||50|]Garchomp||ChoiceScarf|RoughSkin|DragonClaw,Earthquake,RockSlide,StompingTantrum|Adamant||F|||50|]Charizard||CharizarditeY|Blaze|HeatWave,AncientPower,WeatherBall,Protect|Modest||F|||50|]Dragonite||LifeOrb|InnerFocus|Protect,Superpower,DragonClaw,ExtremeSpeed|Adamant||M|||50|\n|showteam|p2|Charizard||CharizarditeY|Blaze|Protect,SolarBeam,HeatWave,AirSlash|Modest||M|||50|]Venusaur||WideLens|Chlorophyll|Protect,GigaDrain,EarthPower,SleepPowder|Modest||M|||50|]Whimsicott||FocusSash|Prankster|Protect,Moonblast,Tailwind,Encore|Timid||F|||50|]Basculegion||MysticWater|Adaptability|Protect,AquaJet,WaveCrash,LastRespects|Adamant||M|||50|]Tyranitar||Tyranitarite|SandStream|Protect,RockSlide,KnockOff,LowKick|Adamant||M|||50|]Mamoswine||LifeOrb|Oblivious|Protect,HighHorsepower,RockSlide,IceShard|Adamant||M|||50|\n|\n|t:|1788171079\n|teamsize|p1|4\n|teamsize|p2|4\n|start\n|switch|p1a: Charizard|Charizard, L50, F|100/100\n|switch|p1b: Garchomp|Garchomp, L50, F|100/100\n|switch|p2a: Basculegion|Basculegion, L50, M|100/100\n|switch|p2b: Whimsicott|Whimsicott, L50, F, shiny|100/100\n|turn|1\n|inactive|Battle timer is ON: inactive players will automatically lose when time's up. (requested by ElectricBlue26)\n|\n|t:|1788171098\n|switch|p1b: Incineroar|Incineroar, L50, M, shiny|100/100\n|-ability|p1b: Incineroar|Intimidate|boost\n|-unboost|p2a: Basculegion|atk|1\n|-unboost|p2b: Whimsicott|atk|1\n|detailschange|p1a: Charizard|Charizard-Mega-Y, L50, F\n|-mega|p1a: Charizard|Charizard|Charizardite Y\n|-weather|SunnyDay|[from] ability: Drought|[of] p1a: Charizard\n|move|p2b: Whimsicott|Tailwind|p2b: Whimsicott\n|-sidestart|p2: CaratroncoSun|move: Tailwind\n|move|p2a: Basculegion|Wave Crash|p1a: Charizard\n|-supereffective|p1a: Charizard|1\n|-damage|p1a: Charizard|39/100\n|-damage|p2a: Basculegion|82/100|[from] Recoil\n|move|p1a: Charizard|Heat Wave|p2b: Whimsicott|[spread] p2a,p2b\n|-resisted|p2a: Basculegion|1\n|-supereffective|p2b: Whimsicott|1\n|-damage|p2a: Basculegion|48/100\n|-enditem|p2b: Whimsicott|Focus Sash\n|-damage|p2b: Whimsicott|1/100\n|-status|p2a: Basculegion|brn\n|\n|-weather|SunnyDay|[upkeep]\n|-damage|p2a: Basculegion|42/100 brn|[from] brn\n|upkeep\n|turn|2\n|inactive|ElectricBlue26 has 30 seconds left.\n|inactive|CaratroncoSun has 30 seconds left.\n|inactive|CaratroncoSun has 20 seconds left.\n|inactive|CaratroncoSun has 15 seconds left.\n|inactive|CaratroncoSun has 10 seconds left.\n|\n|t:|1788171147\n|switch|p2b: Tyranitar|Tyranitar, L50, M|100/100\n|-weather|Sandstorm|[from] ability: Sand Stream|[of] p2b: Tyranitar\n|move|p1a: Charizard|Protect|p1a: Charizard\n|-singleturn|p1a: Charizard|Protect\n|move|p1b: Incineroar|Fake Out|p2b: Tyranitar\n|-resisted|p2b: Tyranitar|1\n|-damage|p2b: Tyranitar|95/100\n|move|p2a: Basculegion|Aqua Jet|p1a: Charizard\n|-activate|p1a: Charizard|move: Protect\n|\n|-weather|Sandstorm|[upkeep]\n|-damage|p2a: Basculegion|35/100 brn|[from] Sandstorm\n|-damage|p1a: Charizard|34/100|[from] Sandstorm\n|-damage|p1b: Incineroar|94/100|[from] Sandstorm\n|-damage|p2a: Basculegion|29/100 brn|[from] brn\n|upkeep\n|turn|3\n|inactive|ElectricBlue26 has 30 seconds left.\n|\n|t:|1788171175\n|switch|p1a: Garchomp|Garchomp, L50, F|100/100\n|switch|p1b: Sneasler|Sneasler, L50, M|100/100\n|detailschange|p2b: Tyranitar|Tyranitar-Mega, L50, M\n|-mega|p2b: Tyranitar|Tyranitar|Tyranitarite\n|move|p2a: Basculegion|Wave Crash|p1b: Sneasler\n|-damage|p1b: Sneasler|57/100\n|-damage|p2a: Basculegion|18/100 brn|[from] Recoil\n|move|p2b: Tyranitar|Rock Slide|p1b: Sneasler|[spread] p1a,p1b\n|-resisted|p1a: Garchomp|1\n|-resisted|p1b: Sneasler|1\n|-damage|p1a: Garchomp|79/100\n|-damage|p1b: Sneasler|32/100\n|\n|-weather|Sandstorm|[upkeep]\n|-damage|p2a: Basculegion|12/100 brn|[from] Sandstorm\n|-damage|p1b: Sneasler|26/100|[from] Sandstorm\n|-damage|p2a: Basculegion|6/100 brn|[from] brn\n|upkeep\n|turn|4\n|inactive|CaratroncoSun has 30 seconds left.\n|\n|t:|1788171200\n|move|p2b: Tyranitar|Protect|p2b: Tyranitar\n|-singleturn|p2b: Tyranitar|Protect\n|move|p1b: Sneasler|Protect|p1b: Sneasler\n|-singleturn|p1b: Sneasler|Protect\n|move|p2a: Basculegion|Wave Crash|p1b: Sneasler\n|-activate|p1b: Sneasler|move: Protect\n|move|p1a: Garchomp|Earthquake|p2b: Tyranitar|[spread] p2a\n|-activate|p1b: Sneasler|move: Protect\n|-activate|p2b: Tyranitar|move: Protect\n|-damage|p2a: Basculegion|0 fnt\n|faint|p2a: Basculegion\n|\n|-weather|Sandstorm|[upkeep]\n|-damage|p1b: Sneasler|20/100y|[from] Sandstorm\n|-sideend|p2: CaratroncoSun|move: Tailwind\n|upkeep\n|\n|t:|1788171220\n|switch|p2a: Mamoswine|Mamoswine, L50, M|100/100\n|turn|5\n|inactive|ElectricBlue26 has 30 seconds left.\n|inactive|ElectricBlue26 has 20 seconds left.\n|inactive|ElectricBlue26 has 15 seconds left.\n|\n|t:|1788171262\n|switch|p1b: Charizard|Charizard-Mega-Y, L50, F|34/100\n|-weather|SunnyDay|[from] ability: Drought|[of] p1b: Charizard\n|move|p2a: Mamoswine|Ice Shard|p1b: Charizard\n|-damage|p1b: Charizard|6/100\n|-damage|p2a: Mamoswine|90/100|[from] item: Life Orb\n|move|p1a: Garchomp|Earthquake|p2a: Mamoswine|[spread] p2a,p2b\n|-immune|p1b: Charizard\n|-supereffective|p2b: Tyranitar|1\n|-crit|p2b: Tyranitar\n|-damage|p2a: Mamoswine|41/100\n|-damage|p2b: Tyranitar|0 fnt\n|faint|p2b: Tyranitar\n|\n|-weather|SunnyDay|[upkeep]\n|upkeep\n|\n|t:|1788171275\n|switch|p2b: Whimsicott|Whimsicott, L50, F, shiny|1/100\n|turn|6\n|\n|t:|1788171284\n|move|p2a: Mamoswine|Ice Shard|p1a: Garchomp\n|-supereffective|p1a: Garchomp|2\n|-damage|p1a: Garchomp|0 fnt\n|faint|p1a: Garchomp\n|-damage|p2a: Mamoswine|32/100|[from] item: Life Orb\n|move|p2b: Whimsicott|Moonblast|p1b: Charizard\n|-resisted|p1b: Charizard|1\n|-damage|p1b: Charizard|0 fnt\n|faint|p1b: Charizard\n|\n|-weather|SunnyDay|[upkeep]\n|upkeep\n|\n|t:|1788171294\n|switch|p1a: Sneasler|Sneasler, L50, M|20/100y\n|switch|p1b: Incineroar|Incineroar, L50, M, shiny|94/100\n|-ability|p1b: Incineroar|Intimidate|boost\n|-fail|p2a: Mamoswine|unboost|Attack|[from] ability: Oblivious|[of] p2a: Mamoswine\n|-unboost|p2b: Whimsicott|atk|1\n|turn|7\n|\n|t:|1788171311\n|move|p2b: Whimsicott|Protect|p2b: Whimsicott\n|-singleturn|p2b: Whimsicott|Protect\n|move|p2a: Mamoswine|Protect|p2a: Mamoswine\n|-singleturn|p2a: Mamoswine|Protect\n|move|p1a: Sneasler|Fake Out|p2b: Whimsicott\n|-activate|p2b: Whimsicott|move: Protect\n|move|p1b: Incineroar|Fake Out|p2a: Mamoswine\n|-activate|p2a: Mamoswine|move: Protect\n|\n|-weather|SunnyDay|[upkeep]\n|upkeep\n|turn|8\n|\n|t:|1788171325\n|move|p2b: Whimsicott|Moonblast|p1a: Sneasler\n|-damage|p1a: Sneasler|0 fnt\n|faint|p1a: Sneasler\n|move|p2a: Mamoswine|High Horsepower|p1b: Incineroar\n|-supereffective|p1b: Incineroar|1\n|-damage|p1b: Incineroar|0 fnt\n|faint|p1b: Incineroar\n|-damage|p2a: Mamoswine|22/100|[from] item: Life Orb\n|\n|win|CaratroncoSun\n|raw|ElectricBlue26's rating: 1162 &rarr; <strong>1151</strong><br />(-11 for losing)\n|raw|CaratroncoSun's rating: 1372 &rarr; <strong>1381</strong><br />(+9 for winning)\n","uploadtime":1788171326,"views":"0","formatid":"gen9championsvgc2026regmbbo3","rating":1151,"private":0,"password":null}