{"id":"gen9championsvgc2026regmbbo3-2673492735","format":"[Gen 9 Champions] VGC 2026 Reg M-B (Bo3)","players":["PAZXD","GlitchXDGOAT"],"log":"|j|☆PAZXD\n|j|☆GlitchXDGOAT\n|html|<table width=\"100%\"><tr><td align=\"left\">PAZXD</td><td align=\"right\">GlitchXDGOAT</tr><tr><td align=\"left\"><i class=\"fa fa-circle-o\"></i> <i class=\"fa fa-circle-o\"></i> </td><td align=\"right\"><i class=\"fa fa-circle-o\"></i> <i class=\"fa fa-circle-o\"></i> </tr></table>\n|uhtml|bestof|<h2><strong>Game 1</strong> of <a href=\"/game-bestof3-gen9championsvgc2026regmbbo3-2673492734\">a best-of-3</a></h2>\n|t:|1788204365\n|gametype|doubles\n|player|p1|PAZXD|hilda-wonderlauncher|1102\n|player|p2|GlitchXDGOAT|266|1205\n|gen|9\n|tier|[Gen 9 Champions] VGC 2026 Reg M-B (Bo3)\n|rated|\n|rule|Species Clause: Limit one of each Pokémon\n|rule|Item Clause: Limit 1 of each item\n|clearpoke\n|poke|p1|Venusaur, L50, F|\n|poke|p1|Archaludon, L50, M|\n|poke|p1|Pelipper, L50, F|\n|poke|p1|Swampert, L50, F|\n|poke|p1|Grimmsnarl, L50, M|\n|poke|p1|Charizard, L50, F|\n|poke|p2|Annihilape, L50, M|\n|poke|p2|Incineroar, L50, F|\n|poke|p2|Basculegion, L50, M|\n|poke|p2|Glimmora, L50, M|\n|poke|p2|Raichu, L50, M|\n|poke|p2|Floette-Eternal, L50, F|\n|teampreview|4\n|showteam|p1|Venusaur||LifeOrb|Overgrow|LeafStorm,SleepPowder,SludgeBomb,Protect|Modest||F|||50|]Archaludon||Leftovers|Stamina|Protect,FlashCannon,ElectroShot,DracoMeteor|Timid||M|||50|]Pelipper||FocusSash|Drizzle|Tailwind,Hurricane,WeatherBall,WideGuard|Timid||F|||50|]Swampert||Swampertite|Torrent|WaveCrash,IcePunch,Earthquake,Protect|Adamant||F|||50|]Grimmsnarl||LightClay|Prankster|LightScreen,Reflect,PartingShot,SpiritBreak|Careful||M|||50|]Charizard||CharizarditeY|Blaze|WeatherBall,HeatWave,Hurricane,Protect|Modest||F|||50|\n|showteam|p2|Annihilape||ChoiceScarf|Defiant|CloseCombat,IcePunch,PoisonJab,RockTomb|Jolly||M|||50|]Incineroar||SitrusBerry|Intimidate|FakeOut,FlareBlitz,ThroatChop,PartingShot|Sassy||F|||50|]Basculegion||LifeOrb|Adaptability|WaveCrash,LastRespects,Protect,AquaJet|Jolly||M|||50|]Glimmora||FocusSash|ToxicDebris|SpikyShield,PowerGem,SludgeBomb,EarthPower|Timid||M|||50|]Raichu||RaichuniteY|LightningRod|FakeOut,ZapCannon,FocusBlast,Protect|Timid||M|||50|]Floette-Eternal||Floettite|FlowerVeil|Moonblast,DazzlingGleam,CalmMind,Protect|Timid||F|||50|\n|inactive|Battle timer is ON: inactive players will automatically lose when time's up. (requested by GlitchXDGOAT)\n|inactive|PAZXD has 60 seconds left.\n|inactive|GlitchXDGOAT has 60 seconds left.\n|\n|t:|1788204409\n|teamsize|p1|4\n|teamsize|p2|4\n|start\n|switch|p1a: Archaludon|Archaludon, L50, M|100/100\n|switch|p1b: Pelipper|Pelipper, L50, F|100/100\n|switch|p2a: Raichu|Raichu, L50, M|100/100\n|switch|p2b: Basculegion|Basculegion, L50, M|100/100\n|-weather|RainDance|[from] ability: Drizzle|[of] p1b: Pelipper\n|turn|1\n|\n|t:|1788204423\n|switch|p1b: Swampert|Swampert, L50, F|100/100\n|detailschange|p2a: Raichu|Raichu-Mega-Y, L50, M\n|-mega|p2a: Raichu|Raichu|Raichunite Y\n|move|p1a: Archaludon|Protect|p1a: Archaludon\n|-singleturn|p1a: Archaludon|Protect\n|move|p2b: Basculegion|Aqua Jet|p1b: Swampert\n|-damage|p1b: Swampert|50/100g\n|-damage|p2b: Basculegion|90/100|[from] item: Life Orb\n|move|p2a: Raichu|Zap Cannon|p1b: Swampert\n|-immune|p1b: Swampert\n|\n|-weather|RainDance|[upkeep]\n|upkeep\n|turn|2\n|inactive|GlitchXDGOAT has 30 seconds left.\n|inactive|GlitchXDGOAT has 20 seconds left.\n|\n|t:|1788204460\n|switch|p2a: Glimmora|Glimmora, L50, M|100/100\n|detailschange|p1b: Swampert|Swampert-Mega, L50, F\n|-mega|p1b: Swampert|Swampert|Swampertite\n|move|p1b: Swampert|Protect|p1b: Swampert\n|-singleturn|p1b: Swampert|Protect\n|move|p2b: Basculegion|Protect|p2b: Basculegion\n|-singleturn|p2b: Basculegion|Protect\n|move|p1a: Archaludon|Electro Shot||[still]\n|-prepare|p1a: Archaludon|Electro Shot\n|-boost|p1a: Archaludon|spa|1\n|-anim|p1a: Archaludon|Electro Shot|p2b: Basculegion\n|-activate|p2b: Basculegion|move: Protect\n|\n|-weather|RainDance|[upkeep]\n|upkeep\n|turn|3\n|\n|t:|1788204481\n|move|p2a: Glimmora|Spiky Shield|p2a: Glimmora\n|-singleturn|p2a: Glimmora|move: Protect\n|move|p2b: Basculegion|Aqua Jet|p1b: Swampert\n|-damage|p1b: Swampert|6/100\n|-damage|p2b: Basculegion|80/100|[from] item: Life Orb\n|move|p1b: Swampert|Wave Crash|p2b: Basculegion\n|-resisted|p2b: Basculegion|1\n|-damage|p2b: Basculegion|3/100\n|-damage|p1b: Swampert|0 fnt|[from] Recoil\n|faint|p1b: Swampert\n|move|p1a: Archaludon|Flash Cannon|p2a: Glimmora\n|-activate|p2a: Glimmora|move: Protect\n|\n|-weather|RainDance|[upkeep]\n|upkeep\n|\n|t:|1788204492\n|switch|p1b: Venusaur|Venusaur, L50, F|100/100\n|turn|4\n|\n|t:|1788204500\n|move|p2b: Basculegion|Protect|p2b: Basculegion\n|-singleturn|p2b: Basculegion|Protect\n|move|p2a: Glimmora|Earth Power|p1a: Archaludon\n|-supereffective|p1a: Archaludon|1\n|-damage|p1a: Archaludon|0 fnt\n|faint|p1a: Archaludon\n|move|p1b: Venusaur|Sleep Powder|p2a: Glimmora\n|-status|p2a: Glimmora|slp|[from] move: Sleep Powder\n|\n|-weather|RainDance|[upkeep]\n|upkeep\n|\n|t:|1788204505\n|switch|p1a: Pelipper|Pelipper, L50, F|100/100\n|turn|5\n|inactive|GlitchXDGOAT has 30 seconds left.\n|\n|t:|1788204531\n|cant|p2a: Glimmora|slp\n|move|p2b: Basculegion|Wave Crash|p1a: Pelipper\n|-resisted|p1a: Pelipper|1\n|-enditem|p1a: Pelipper|Focus Sash\n|-damage|p1a: Pelipper|1/100\n|-damage|p2b: Basculegion|0 fnt|[from] Recoil\n|faint|p2b: Basculegion\n|move|p1b: Venusaur|Sludge Bomb|p2a: Glimmora\n|-resisted|p2a: Glimmora|2\n|-damage|p2a: Glimmora|80/100 slp\n|-damage|p1b: Venusaur|90/100|[from] item: Life Orb\n|move|p1a: Pelipper|Tailwind|p1a: Pelipper\n|-sidestart|p1: PAZXD|move: Tailwind\n|\n|-weather|none\n|upkeep\n|\n|t:|1788204544\n|switch|p2b: Raichu|Raichu-Mega-Y, L50, M|100/100\n|turn|6\n|inactive|PAZXD has 30 seconds left.\n|\n|t:|1788204569\n|move|p2b: Raichu|Fake Out|p1a: Pelipper\n|-damage|p1a: Pelipper|0 fnt\n|faint|p1a: Pelipper\n|move|p1b: Venusaur|Sludge Bomb|p2b: Raichu\n|-damage|p2b: Raichu|22/100\n|-status|p2b: Raichu|psn\n|-damage|p1b: Venusaur|80/100|[from] item: Life Orb\n|cant|p2a: Glimmora|slp\n|\n|-damage|p2b: Raichu|10/100 psn|[from] psn\n|upkeep\n|turn|7\n|\n|t:|1788204582\n|switch|p2b: Annihilape|Annihilape, L50, M|100/100\n|move|p1b: Venusaur|Sleep Powder|p2a: Glimmora\n|-fail|p2a: Glimmora|slp\n|-curestatus|p2a: Glimmora|slp|[msg]\n|move|p2a: Glimmora|Sludge Bomb|p1b: Venusaur\n|-damage|p1b: Venusaur|28/100\n|\n|upkeep\n|turn|8\n|-message|PAZXD forfeited.\n|\n|win|GlitchXDGOAT\n|l|☆PAZXD\n|player|p1|\n||PAZXD is ready for game 2.\n|c|☆GlitchXDGOAT|Gg\n||GlitchXDGOAT is ready for game 2.\n|uhtml|next|Next: <a href=\"/battle-gen9championsvgc2026regmbbo3-2673494606\"><strong>Game 2 of 3</strong></a>\n","uploadtime":1788204752,"views":"1","formatid":"gen9championsvgc2026regmbbo3","rating":null,"private":0,"password":null}