{"id":"gen9championsvgc2026regmb-2674890794","format":"[Gen 9 Champions] VGC 2026 Reg M-B","players":["mello115935","xshaft"],"log":"|j|‽mello115935\n|j|☆xshaft\n|t:|1788430242\n|gametype|doubles\n|player|p1|mello115935|102|1785\n|player|p2|xshaft|266|1669\n|gen|9\n|tier|[Gen 9 Champions] VGC 2026 Reg M-B\n|rated|\n|rule|Species Clause: Limit one of each Pokémon\n|rule|Item Clause: Limit 1 of each item\n|clearpoke\n|poke|p1|Incineroar, L50, M|\n|poke|p1|Sneasler, L50, F|\n|poke|p1|Blastoise, L50, M|\n|poke|p1|Delphox, L50, F|\n|poke|p1|Sinistcha-Masterpiece, L50|\n|poke|p1|Kingambit, L50, M|\n|poke|p2|Blastoise, L50, M|\n|poke|p2|Delphox, L50, M|\n|poke|p2|Sinistcha-Masterpiece, L50|\n|poke|p2|Sneasler, L50, F|\n|poke|p2|Kingambit, L50, M|\n|poke|p2|Incineroar, L50, M|\n|teampreview|4\n|inactive|Battle timer is ON: inactive players will automatically lose when time's up. (requested by mello115935)\n|\n|t:|1788430278\n|teamsize|p1|4\n|teamsize|p2|4\n|start\n|switch|p1a: Sneasler|Sneasler, L50, F|100/100\n|switch|p1b: Sinistcha|Sinistcha-Masterpiece, L50|100/100\n|switch|p2a: Sneasler|Sneasler, L50, F|100/100\n|switch|p2b: Delphox|Delphox, L50, M|100/100\n|turn|1\n|\n|t:|1788430297\n|switch|p1b: Blastoise|Blastoise, L50, M|100/100\n|detailschange|p2b: Delphox|Delphox-Mega, L50, M\n|-mega|p2b: Delphox|Delphox|Delphoxite\n|move|p2a: Sneasler|Fake Out|p1a: Sneasler\n|-damage|p1a: Sneasler|76/100\n|cant|p1a: Sneasler|flinch\n|move|p2b: Delphox|Heat Wave|p1a: Sneasler|[spread] p1a,p1b\n|-resisted|p1b: Blastoise|1\n|-damage|p1a: Sneasler|21/100\n|-damage|p1b: Blastoise|80/100\n|\n|upkeep\n|turn|2\n|inactive|xshaft has 30 seconds left.\n|\n|t:|1788430323\n|switch|p1a: Incineroar|Incineroar, L50, M|100/100\n|-ability|p1a: Incineroar|Intimidate|boost\n|-unboost|p2a: Sneasler|atk|1\n|-unboost|p2b: Delphox|atk|1\n|detailschange|p1b: Blastoise|Blastoise-Mega, L50, M\n|-mega|p1b: Blastoise|Blastoise|Blastoisinite\n|move|p1b: Blastoise|Protect|p1b: Blastoise\n|-singleturn|p1b: Blastoise|Protect\n|move|p2b: Delphox|Psychic|p1b: Blastoise\n|-activate|p1b: Blastoise|move: Protect\n|move|p2a: Sneasler|Poison Jab|p1a: Incineroar\n|-damage|p1a: Incineroar|78/100\n|-status|p1a: Incineroar|psn|[from] ability: Poison Touch|[of] p2a: Sneasler\n|\n|-damage|p1a: Incineroar|66/100 psn|[from] psn\n|upkeep\n|turn|3\n|inactive|xshaft has 30 seconds left.\n|inactive|xshaft has 20 seconds left.\n|inactive|xshaft has 15 seconds left.\n|\n|t:|1788430365\n|move|p2a: Sneasler|Quick Guard|p2a: Sneasler\n|-singleturn|p2a: Sneasler|Quick Guard\n|move|p1a: Incineroar|Fake Out|p2b: Delphox\n|-activate|p2b: Delphox|move: Quick Guard\n|move|p2b: Delphox|Psychic|p1b: Blastoise\n|-damage|p1b: Blastoise|38/100\n|-unboost|p1b: Blastoise|spd|1\n|move|p1b: Blastoise|Shell Smash|p1b: Blastoise\n|-unboost|p1b: Blastoise|def|1\n|-unboost|p1b: Blastoise|spd|1\n|-boost|p1b: Blastoise|atk|2\n|-boost|p1b: Blastoise|spa|2\n|-boost|p1b: Blastoise|spe|2\n|\n|-damage|p1a: Incineroar|53/100 psn|[from] psn\n|upkeep\n|turn|4\n|inactive|xshaft has 30 seconds left.\n|inactive|xshaft has 20 seconds left.\n|inactive|xshaft has 15 seconds left.\n|\n|t:|1788430409\n|switch|p2b: Incineroar|Incineroar, L50, M|100/100\n|-ability|p2b: Incineroar|Intimidate|boost\n|-unboost|p1a: Incineroar|atk|1\n|-unboost|p1b: Blastoise|atk|1\n|switch|p1a: Sinistcha|Sinistcha-Masterpiece, L50|100/100\n|-heal|p1b: Blastoise|63/100|[from] ability: Hospitality|[of] p1a: Sinistcha\n|move|p1b: Blastoise|Protect|p1b: Blastoise\n|-singleturn|p1b: Blastoise|Protect\n|move|p2a: Sneasler|Poison Jab|p1a: Sinistcha\n|-damage|p1a: Sinistcha|77/100\n|\n|upkeep\n|turn|5\n|\n|t:|1788430433\n|switch|p2a: Kingambit|Kingambit, L50, M|100/100\n|move|p1a: Sinistcha|Rage Powder|p1a: Sinistcha\n|-singleturn|p1a: Sinistcha|move: Rage Powder\n|move|p1b: Blastoise|Water Spout|p2a: Kingambit|[spread] p2a,p2b\n|-supereffective|p2b: Incineroar|1\n|-damage|p2a: Kingambit|21/100\n|-damage|p2b: Incineroar|0 fnt\n|faint|p2b: Incineroar\n|\n|upkeep\n|\n|t:|1788430444\n|switch|p2b: Sneasler|Sneasler, L50, F|100/100\n|turn|6\n|\n|t:|1788430461\n|move|p1b: Blastoise|Protect|p1b: Blastoise\n|-singleturn|p1b: Blastoise|Protect\n|move|p1a: Sinistcha|Protect|p1a: Sinistcha\n|-singleturn|p1a: Sinistcha|Protect\n|move|p2a: Kingambit|Protect|p2a: Kingambit\n|-singleturn|p2a: Kingambit|Protect\n|move|p2b: Sneasler|Poison Jab|p1b: Blastoise\n|-activate|p1b: Blastoise|move: Protect\n|\n|upkeep\n|turn|7\n|inactive|xshaft has 30 seconds left.\n|\n|t:|1788430491\n|move|p1a: Sinistcha|Rage Powder|p1a: Sinistcha\n|-singleturn|p1a: Sinistcha|move: Rage Powder\n|move|p2a: Kingambit|Sucker Punch||[still]\n|-fail|p2a: Kingambit\n|move|p1b: Blastoise|Water Spout|p2a: Kingambit|[spread] p2a,p2b\n|-damage|p2a: Kingambit|0 fnt\n|-enditem|p2b: Sneasler|Focus Sash\n|-damage|p2b: Sneasler|1/100\n|faint|p2a: Kingambit\n|move|p2b: Sneasler|Poison Jab|p1a: Sinistcha\n|-damage|p1a: Sinistcha|45/100\n|-status|p1a: Sinistcha|psn|[from] ability: Poison Touch|[of] p2b: Sneasler\n|\n|-damage|p1a: Sinistcha|33/100 psn|[from] psn\n|upkeep\n|\n|t:|1788430507\n|switch|p2a: Delphox|Delphox-Mega, L50, M|100/100\n|turn|8\n|\n|t:|1788430516\n|move|p1a: Sinistcha|Rage Powder|p1a: Sinistcha\n|-singleturn|p1a: Sinistcha|move: Rage Powder\n|move|p1b: Blastoise|Water Spout|p2b: Sneasler|[spread] p2a,p2b\n|-supereffective|p2a: Delphox|1\n|-damage|p2a: Delphox|0 fnt\n|-damage|p2b: Sneasler|0 fnt\n|faint|p2a: Delphox\n|faint|p2b: Sneasler\n|\n|win|mello115935\n|raw|mello115935's rating: 1785 &rarr; <strong>1799</strong><br />(+14 for winning)\n|raw|xshaft's rating: 1669 &rarr; <strong>1655</strong><br />(-14 for losing)\n","uploadtime":1788430532,"views":"14","formatid":"gen9championsvgc2026regmb","rating":1655,"private":0,"password":null}