{"id":"gen9championsvgc2026regmb-2674746394","format":"[Gen 9 Champions] VGC 2026 Reg M-B","players":["oversoul47","Yujinito"],"log":"|j|☆oversoul47\n|j|☆Yujinito\n|t:|1788399752\n|gametype|doubles\n|player|p1|oversoul47|hilbert|1111\n|player|p2|Yujinito|2|1000\n|gen|9\n|tier|[Gen 9 Champions] VGC 2026 Reg M-B\n|rated|\n|rule|Species Clause: Limit one of each Pokémon\n|rule|Item Clause: Limit 1 of each item\n|clearpoke\n|poke|p1|Charizard, L50, M|\n|poke|p1|Milotic, L50, F|\n|poke|p1|Garchomp, L50, F|\n|poke|p1|Incineroar, L50, M|\n|poke|p1|Venusaur, L50, F|\n|poke|p1|Mimikyu, L50, F|\n|poke|p2|Basculegion, L50, M|\n|poke|p2|Politoed, L50, M|\n|poke|p2|Archaludon, L50, M|\n|poke|p2|Swampert, L50, F|\n|poke|p2|Charizard, L50, F|\n|poke|p2|Sneasler, L50, F|\n|teampreview|4\nYujinito has agreed to open team sheets.\noversoul47 has agreed to open team sheets.\n|showteam|p1|Charizard||CharizarditeY|SolarPower|HeatWave,WeatherBall,SolarBeam,Protect|Modest||M|||50|]Milotic||Leftovers|Competitive|MuddyWater,Coil,Hypnosis,Protect|Bold||F|||50|]Garchomp||SitrusBerry|RoughSkin|Earthquake,DragonClaw,RockSlide,Protect|Jolly||F|||50|]Incineroar||ChopleBerry|Intimidate|FakeOut,FlareBlitz,PartingShot,ThroatChop|Careful||M|||50|]Venusaur||FocusSash|Chlorophyll|SludgeBomb,EarthPower,SleepPowder,Protect|Modest||F|||50|]Mimikyu||LifeOrb|Disguise|PlayRough,SwordsDance,ShadowSneak,Protect|Adamant||F|||50|\n|showteam|p2|Basculegion||MysticWater|Adaptability|LastRespects,WaveCrash,AquaJet,FlipTurn|Jolly||M|||50|]Politoed||DampRock|Drizzle|WeatherBall,EarthPower,IcyWind,Protect|Careful||M|||50|]Archaludon||ChopleBerry|Stamina|Protect,ElectroShot,DragonPulse,FlashCannon|Adamant||M|||50|]Swampert||Swampertite|Torrent|WaveCrash,Earthquake,IcePunch,Protect|Adamant||F|||50|]Charizard||LifeOrb|SolarPower|WeatherBall,HeatWave,AncientPower,Protect|Serious||F|||50|]Sneasler||FocusSash|Unburden|FakeOut,DireClaw,CloseCombat,Protect|Adamant||F|||50|\n|\n|t:|1788399809\n|teamsize|p1|4\n|teamsize|p2|4\n|start\n|switch|p1a: Incineroar|Incineroar, L50, M|100/100\n|switch|p1b: Garchomp|Garchomp, L50, F|100/100\n|switch|p2a: Charizard|Charizard, L50, F|100/100\n|switch|p2b: Sneasler|Sneasler, L50, F|100/100\n|-ability|p1a: Incineroar|Intimidate|boost\n|-unboost|p2a: Charizard|atk|1\n|-unboost|p2b: Sneasler|atk|1\n|turn|1\n|\n|t:|1788399850\n|move|p1b: Garchomp|Protect|p1b: Garchomp\n|-singleturn|p1b: Garchomp|Protect\n|move|p2b: Sneasler|Fake Out|p1b: Garchomp\n|-activate|p1b: Garchomp|move: Protect\n|move|p1a: Incineroar|Fake Out|p2a: Charizard\n|-damage|p2a: Charizard|83/100\n|cant|p2a: Charizard|flinch\n|\n|upkeep\n|turn|2\n|\n|t:|1788399865\n|move|p2a: Charizard|Protect|p2a: Charizard\n|-singleturn|p2a: Charizard|Protect\n|move|p2b: Sneasler|Close Combat|p1a: Incineroar\n|-supereffective|p1a: Incineroar|1\n|-enditem|p1a: Incineroar|Chople Berry|[eat]\n|-enditem|p1a: Incineroar|Chople Berry|[weaken]\n|-damage|p1a: Incineroar|53/100\n|-unboost|p2b: Sneasler|def|1\n|-unboost|p2b: Sneasler|spd|1\n|move|p1b: Garchomp|Rock Slide|p2a: Charizard|[spread] p2b\n|-activate|p2a: Charizard|move: Protect\n|-resisted|p2b: Sneasler|1\n|-damage|p2b: Sneasler|78/100\n|move|p1a: Incineroar|Parting Shot|p2b: Sneasler\n|-unboost|p2b: Sneasler|atk|1\n|-unboost|p2b: Sneasler|spa|1\n|\n|t:|1788399884\n|switch|p1a: Venusaur|Venusaur, L50, F|100/100|[from] Parting Shot\n|\n|upkeep\n|turn|3\n|\n|t:|1788399918\n|switch|p2a: Politoed|Politoed, L50, M|100/100\n|-weather|RainDance|[from] ability: Drizzle|[of] p2a: Politoed\n|switch|p1a: Incineroar|Incineroar, L50, M|53/100\n|-ability|p1a: Incineroar|Intimidate|boost\n|-unboost|p2a: Politoed|atk|1\n|-unboost|p2b: Sneasler|atk|1\n|move|p2b: Sneasler|Protect|p2b: Sneasler\n|-singleturn|p2b: Sneasler|Protect\n|move|p1b: Garchomp|Dragon Claw|p2a: Politoed\n|-damage|p2a: Politoed|59/100\n|\n|-weather|RainDance|[upkeep]\n|upkeep\n|turn|4\n|\n|t:|1788399936\n|switch|p2b: Swampert|Swampert, L50, F|100/100\n|move|p2a: Politoed|Protect|p2a: Politoed\n|-singleturn|p2a: Politoed|Protect\n|move|p1a: Incineroar|Fake Out|p2b: Swampert\n|-damage|p2b: Swampert|89/100\n|move|p1b: Garchomp|Dragon Claw|p2a: Politoed\n|-activate|p2a: Politoed|move: Protect\n|\n|-weather|RainDance|[upkeep]\n|upkeep\n|turn|5\n|\n|t:|1788399969\n|detailschange|p2b: Swampert|Swampert-Mega, L50, F\n|-mega|p2b: Swampert|Swampert|Swampertite\n|move|p1b: Garchomp|Protect|p1b: Garchomp\n|-singleturn|p1b: Garchomp|Protect\n|move|p2a: Politoed|Protect||[still]\n|-fail|p2a: Politoed\n|move|p2b: Swampert|Earthquake|p1a: Incineroar|[spread] p2a,p1a\n|-activate|p1b: Garchomp|move: Protect\n|-supereffective|p1a: Incineroar|1\n|-damage|p2a: Politoed|9/100\n|-damage|p1a: Incineroar|0 fnt\n|faint|p1a: Incineroar\n|\n|-weather|RainDance|[upkeep]\n|upkeep\n|\n|t:|1788399979\n|switch|p1a: Charizard|Charizard, L50, M|100/100\n|turn|6\n|\n|t:|1788400001\n|switch|p2b: Charizard|Charizard, L50, F|83/100\n|switch|p2a: Sneasler|Sneasler, L50, F|78/100\n|detailschange|p1a: Charizard|Charizard-Mega-Y, L50, M\n|-mega|p1a: Charizard|Charizard|Charizardite Y\n|-weather|SunnyDay|[from] ability: Drought|[of] p1a: Charizard\n|move|p1b: Garchomp|Earthquake|p2b: Charizard|[spread] p2a\n|-immune|p1a: Charizard\n|-immune|p2b: Charizard\n|-supereffective|p2a: Sneasler|1\n|-damage|p2a: Sneasler|0 fnt\n|faint|p2a: Sneasler\n|move|p1a: Charizard|Heat Wave|p2b: Charizard\n|-resisted|p2b: Charizard|1\n|-damage|p2b: Charizard|29/100\n|\n|-weather|SunnyDay|[upkeep]\n|-damage|p2b: Charizard|16/100|[from] ability: Solar Power|[of] p2b: Charizard\n|upkeep\n|\n|t:|1788400019\n|switch|p2a: Politoed|Politoed, L50, M|9/100\n|-weather|RainDance|[from] ability: Drizzle|[of] p2a: Politoed\n|turn|7\n|\n|t:|1788400042\n|switch|p1a: Venusaur|Venusaur, L50, F|100/100\n|move|p1b: Garchomp|Rock Slide|p2a: Politoed|[spread] p2a,p2b\n|-crit|p2a: Politoed\n|-supereffective|p2b: Charizard|2\n|-damage|p2a: Politoed|0 fnt\n|-damage|p2b: Charizard|0 fnt\n|faint|p2a: Politoed\n|faint|p2b: Charizard\n|\n|-weather|RainDance|[upkeep]\n|upkeep\n|\n|t:|1788400053\n|switch|p2b: Swampert|Swampert-Mega, L50, F|89/100\n|turn|8\n|\n|t:|1788400065\n|switch|p1b: Charizard|Charizard-Mega-Y, L50, M|100/100\n|-weather|SunnyDay|[from] ability: Drought|[of] p1b: Charizard\n|move|p1a: Venusaur|Sleep Powder|p2b: Swampert\n|-status|p2b: Swampert|slp|[from] move: Sleep Powder\n|cant|p2b: Swampert|slp\n|\n|-weather|SunnyDay|[upkeep]\n|upkeep\n|turn|9\n|\n|t:|1788400076\n|move|p1a: Venusaur|Earth Power|p2b: Swampert\n|-damage|p2b: Swampert|65/100 slp\n|move|p1b: Charizard|Solar Beam||[still]\n|-prepare|p1b: Charizard|Solar Beam\n|-anim|p1b: Charizard|Solar Beam|p2b: Swampert\n|-supereffective|p2b: Swampert|2\n|-damage|p2b: Swampert|0 fnt\n|faint|p2b: Swampert\n|\n|win|oversoul47\n|raw|oversoul47's rating: 1111 &rarr; <strong>1128</strong><br />(+17 for winning)\n|raw|Yujinito's rating: 1000 &rarr; <strong>1000</strong><br />(+0 for losing)\n|l|☆Yujinito\n|player|p2|\n|c|☆oversoul47|gg\n","uploadtime":1788400089,"views":"9","formatid":"gen9championsvgc2026regmb","rating":1000,"private":0,"password":null}