{"id":"gen9championsvgc2026regmbbo3-2673607967","format":"[Gen 9 Champions] VGC 2026 Reg M-B (Bo3)","players":["mezinalos","JakAttack626"],"log":"|j|☆mezinalos\n|j|☆JakAttack626\n|html|<table width=\"100%\"><tr><td align=\"left\">mezinalos</td><td align=\"right\">JakAttack626</tr><tr><td align=\"left\"><i class=\"fa fa-circle-o\"></i> <i class=\"fa fa-circle-o\"></i> </td><td align=\"right\"><i class=\"fa fa-circle-o\"></i> <i class=\"fa fa-circle-o\"></i> </tr></table>\n|uhtml|bestof|<h2><strong>Game 1</strong> of <a href=\"/game-bestof3-gen9championsvgc2026regmbbo3-2673607966\">a best-of-3</a></h2>\n|t:|1788220515\n|gametype|doubles\n|player|p1|mezinalos|1|1150\n|player|p2|JakAttack626|pryce|1113\n|gen|9\n|tier|[Gen 9 Champions] VGC 2026 Reg M-B (Bo3)\n|rated|\n|rule|Species Clause: Limit one of each Pokémon\n|rule|Item Clause: Limit 1 of each item\n|clearpoke\n|poke|p1|Lycanroc-Dusk, L50, F|\n|poke|p1|Blaziken, L50, F|\n|poke|p1|Dragonite, L50, M|\n|poke|p1|Ninetales-Alola, L50, F|\n|poke|p1|Aggron, L50, M|\n|poke|p1|Whimsicott, L50, F|\n|poke|p2|Scovillain, L50, F, shiny|\n|poke|p2|Basculegion, L50, M|\n|poke|p2|Kingambit, L50, M|\n|poke|p2|Sneasler, L50, M|\n|poke|p2|Lycanroc-Dusk, L50, M|\n|poke|p2|Froslass, L50, F|\n|teampreview|4\n|showteam|p1|Lycanroc-Dusk||FocusSash|ToughClaws|Accelerock,CloseCombat,RockSlide,Protect|Adamant||F|||50|]Blaziken||Blazikenite|SpeedBoost|CloseCombat,FlareBlitz,RockSlide,ThunderPunch|Adamant||F|||50|]Dragonite||LifeOrb|Multiscale|Protect,ExtremeSpeed,DragonClaw,IceBeam|Adamant||M|||50|]Ninetales-Alola||NeverMeltIce|SnowWarning|Blizzard,FreezeDry,Protect,Moonblast|Timid||F|||50|]Aggron||Aggronite|Sturdy|BodyPress,HeavySlam,IronDefense,Protect|Impish||M|||50|]Whimsicott||FairyFeather|Prankster|Moonblast,Tailwind,Encore,Protect|Timid||F|||50|\n|showteam|p2|Scovillain||Scovillainite|Moody|GigaDrain,Overheat,RagePowder,Protect|Bold||F|||50|]Basculegion||LifeOrb|Adaptability|WaveCrash,AquaJet,LastRespects,Protect|Adamant||M|||50|]Kingambit||BlackGlasses|Defiant|KowtowCleave,SuckerPunch,SwordsDance,Protect|Adamant||M|||50|]Sneasler||WhiteHerb|Unburden|DireClaw,CloseCombat,FakeOut,Protect|Adamant||M|||50|]Lycanroc-Dusk||FocusSash|ToughClaws|RockSlide,CloseCombat,Accelerock,Protect|Adamant||M|||50|]Froslass||Froslassite|CursedBody|Blizzard,ShadowBall,AuroraVeil,Protect|Timid||F|||50|\n|inactive|Battle timer is ON: inactive players will automatically lose when time's up. (requested by JakAttack626)\n|inactive|JakAttack626 has 60 seconds left.\n|\n|t:|1788220562\n|teamsize|p1|4\n|teamsize|p2|4\n|start\n|switch|p1a: Blaziken|Blaziken, L50, F|100/100\n|switch|p1b: Whimsicott|Whimsicott, L50, F|100/100\n|switch|p2a: Kachow|Sneasler, L50, M|100/100\n|switch|p2b: Beeeep|Froslass, L50, F|100/100\n|turn|1\n|inactive|mezinalos has 30 seconds left.\n|inactive|JakAttack626 has 30 seconds left.\n|inactive|JakAttack626 has 20 seconds left.\n|inactive|JakAttack626 has 15 seconds left.\n|\n|t:|1788220605\n|detailschange|p2b: Beeeep|Froslass-Mega, L50, F\n|-mega|p2b: Beeeep|Froslass|Froslassite\n|-weather|Snowscape|[from] ability: Snow Warning|[of] p2b: Beeeep\n|detailschange|p1a: Blaziken|Blaziken-Mega, L50, F\n|-mega|p1a: Blaziken|Blaziken|Blazikenite\n|move|p1b: Whimsicott|Protect|p1b: Whimsicott\n|-singleturn|p1b: Whimsicott|Protect\n|move|p2a: Kachow|Fake Out|p1a: Blaziken\n|-damage|p1a: Blaziken|81/100\n|move|p2b: Beeeep|Blizzard|p1b: Whimsicott|[spread] p1a\n|-activate|p1b: Whimsicott|move: Protect\n|-resisted|p1a: Blaziken|1\n|-damage|p1a: Blaziken|54/100\n|-status|p1a: Blaziken|frz\n|cant|p1a: Blaziken|flinch\n|\n|-weather|Snowscape|[upkeep]\n|-ability|p1a: Blaziken|Speed Boost|boost\n|-boost|p1a: Blaziken|spe|1\n|upkeep\n|turn|2\n|inactive|JakAttack626 has 30 seconds left.\n|\n|t:|1788220636\n|switch|p2b: SeaWater|Basculegion, L50, M|100/100\n|move|p1b: Whimsicott|Encore|p2a: Kachow\n|-start|p2a: Kachow|Encore\n|move|p2a: Kachow|Fake Out||[still]\n|-hint|Fake Out only works on your first turn out.\n|-fail|p2a: Kachow\n|-curestatus|p1a: Blaziken|frz|[from] move: Flare Blitz\n|move|p1a: Blaziken|Flare Blitz|p2b: SeaWater\n|-resisted|p2b: SeaWater|1\n|-damage|p2b: SeaWater|52/100\n|-damage|p1a: Blaziken|35/100|[from] Recoil\n|\n|-weather|Snowscape|[upkeep]\n|-ability|p1a: Blaziken|Speed Boost|boost\n|-boost|p1a: Blaziken|spe|1\n|upkeep\n|turn|3\n|inactive|mezinalos has 30 seconds left.\n|\n|t:|1788220662\n|switch|p1a: Dragonite|Dragonite, L50, M|100/100\n|switch|p2a: Dirt road|Lycanroc-Dusk, L50, M|100/100\n|move|p2b: SeaWater|Protect|p2b: SeaWater\n|-singleturn|p2b: SeaWater|Protect\n|move|p1b: Whimsicott|Moonblast|p2b: SeaWater\n|-activate|p2b: SeaWater|move: Protect\n|\n|-weather|Snowscape|[upkeep]\n|upkeep\n|turn|4\n|\n|t:|1788220686\n|move|p1a: Dragonite|Extreme Speed|p2a: Dirt road\n|-resisted|p2a: Dirt road|1\n|-damage|p2a: Dirt road|72/100\n|-damage|p1a: Dragonite|90/100|[from] item: Life Orb\n|move|p2b: SeaWater|Aqua Jet|p1a: Dragonite\n|-resisted|p1a: Dragonite|1\n|-damage|p1a: Dragonite|71/100\n|-damage|p2b: SeaWater|42/100|[from] item: Life Orb\n|move|p1b: Whimsicott|Moonblast|p2b: SeaWater\n|-damage|p2b: SeaWater|0 fnt\n|faint|p2b: SeaWater\n|move|p2a: Dirt road|Rock Slide|p1b: Whimsicott|[spread] p1a,p1b\n|-supereffective|p1a: Dragonite|1\n|-damage|p1a: Dragonite|3/100\n|-damage|p1b: Whimsicott|51/100\n|\n|-weather|Snowscape|[upkeep]\n|upkeep\n|\n|t:|1788220702\n|switch|p2b: Kachow|Sneasler, L50, M|100/100\n|turn|5\n|\n|t:|1788220711\n|move|p1b: Whimsicott|Protect|p1b: Whimsicott\n|-singleturn|p1b: Whimsicott|Protect\n|move|p1a: Dragonite|Protect|p1a: Dragonite\n|-singleturn|p1a: Dragonite|Protect\n|move|p2a: Dirt road|Accelerock|p1a: Dragonite\n|-activate|p1a: Dragonite|move: Protect\n|move|p2b: Kachow|Dire Claw|p1b: Whimsicott\n|-activate|p1b: Whimsicott|move: Protect\n|\n|-weather|none\n|upkeep\n|turn|6\n|inactive|mezinalos has 30 seconds left.\n|\n|t:|1788220739\n|move|p1a: Dragonite|Extreme Speed|p2b: Kachow\n|-damage|p2b: Kachow|50/100g\n|-damage|p1a: Dragonite|0 fnt|[from] item: Life Orb\n|faint|p1a: Dragonite\n|move|p1b: Whimsicott|Tailwind|p1b: Whimsicott\n|-sidestart|p1: mezinalos|move: Tailwind\n|move|p2b: Kachow|Dire Claw|p1b: Whimsicott\n|-supereffective|p1b: Whimsicott|2\n|-crit|p1b: Whimsicott\n|-damage|p1b: Whimsicott|0 fnt\n|faint|p1b: Whimsicott\n|move|p2a: Dirt road|Rock Slide|p1: Dragonite|[notarget]\n|-fail|p2a: Dirt road\n|\n|upkeep\n|\n|t:|1788220747\n|switch|p1b: Blaziken|Blaziken-Mega, L50, F|35/100\n|switch|p1a: Lycanroc|Lycanroc-Dusk, L50, F|100/100\n|turn|7\n|inactive|mezinalos has 30 seconds left.\n|inactive|mezinalos has 20 seconds left.\n|\n|t:|1788220783\n|move|p2a: Dirt road|Accelerock|p1b: Blaziken\n|-damage|p1b: Blaziken|0 fnt\n|faint|p1b: Blaziken\n|move|p1a: Lycanroc|Close Combat|p2a: Dirt road\n|-supereffective|p2a: Dirt road|1\n|-damage|p2a: Dirt road|0 fnt\n|-unboost|p1a: Lycanroc|def|1\n|-unboost|p1a: Lycanroc|spd|1\n|faint|p2a: Dirt road\n|move|p2b: Kachow|Close Combat|p1a: Lycanroc\n|-supereffective|p1a: Lycanroc|1\n|-enditem|p1a: Lycanroc|Focus Sash\n|-damage|p1a: Lycanroc|1/100\n|-unboost|p2b: Kachow|def|1\n|-unboost|p2b: Kachow|spd|1\n|-enditem|p2b: Kachow|White Herb\n|-clearnegativeboost|p2b: Kachow|[silent]\n|\n|upkeep\n|-message|mezinalos forfeited.\n|\n|win|JakAttack626\n|l|☆mezinalos\n|player|p1|\n|raw|mezinalos's rating: 1150 &rarr; <strong>1122</strong><br />(-28 for losing)\n|raw|JakAttack626's rating: 1113 &rarr; <strong>1141</strong><br />(+28 for winning)\n","uploadtime":1788220788,"views":"2","formatid":"gen9championsvgc2026regmbbo3","rating":1122,"private":0,"password":null}