{"id":"gen9championsvgc2026regmb-2674454642","format":"[Gen 9 Champions] VGC 2026 Reg M-B","players":["ToniTestoni","Shinymacaroni1i"],"log":"|j|☆ToniTestoni\n|j|☆Shinymacaroni1i\n|t:|1788361790\n|gametype|doubles\n|player|p1|ToniTestoni|giovanni|1248\n|player|p2|Shinymacaroni1i|musician|1334\n|gen|9\n|tier|[Gen 9 Champions] VGC 2026 Reg M-B\n|rated|\n|rule|Species Clause: Limit one of each Pokémon\n|rule|Item Clause: Limit 1 of each item\n|clearpoke\n|poke|p1|Excadrill, L50, F|\n|poke|p1|Tyranitar, L50, M|\n|poke|p1|Corviknight, L50, M|\n|poke|p1|Hydreigon, L50, F|\n|poke|p1|Houndstone, L50, F|\n|poke|p1|Tsareena, L50, F|\n|poke|p2|Raichu, L50, F|\n|poke|p2|Vanilluxe, L50, M, shiny|\n|poke|p2|Sneasler, L50, F|\n|poke|p2|Aerodactyl, L50, M|\n|poke|p2|Sylveon, L50, M|\n|poke|p2|Basculegion, L50, M|\n|teampreview|4\n|inactive|Battle timer is ON: inactive players will automatically lose when time's up. (requested by ToniTestoni)\n|inactive|Shinymacaroni1i has 60 seconds left.\nToniTestoni rejected open team sheets.\n|\n|t:|1788361845\n|teamsize|p1|4\n|teamsize|p2|4\n|start\n|switch|p1a: Tyranitar|Tyranitar, L50, M|100/100\n|switch|p1b: Excadrill|Excadrill, L50, F|100/100\n|switch|p2a: Raichu|Raichu, L50, F|100/100\n|switch|p2b: Sneasler|Sneasler, L50, F|100/100\n|-weather|Sandstorm|[from] ability: Sand Stream|[of] p1a: Tyranitar\n|turn|1\n|\n|t:|1788361865\n|detailschange|p2a: Raichu|Raichu-Mega-Y, L50, F\n|-mega|p2a: Raichu|Raichu|Raichunite Y\n|move|p1b: Excadrill|Protect|p1b: Excadrill\n|-singleturn|p1b: Excadrill|Protect\n|move|p1a: Tyranitar|Protect|p1a: Tyranitar\n|-singleturn|p1a: Tyranitar|Protect\n|move|p2b: Sneasler|Fake Out|p1b: Excadrill\n|-activate|p1b: Excadrill|move: Protect\n|move|p2a: Raichu|Focus Blast|p1b: Excadrill\n|-activate|p1b: Excadrill|move: Protect\n|\n|-weather|Sandstorm|[upkeep]\n|-damage|p2a: Raichu|94/100|[from] Sandstorm\n|-damage|p2b: Sneasler|94/100|[from] Sandstorm\n|upkeep\n|turn|2\n|inactive|Shinymacaroni1i has 30 seconds left.\n|\n|t:|1788361897\n|switch|p2a: Vanilluxe|Vanilluxe, L50, M, shiny|100/100\n|-weather|Snowscape|[from] ability: Snow Warning|[of] p2a: Vanilluxe\n|switch|p1a: Houndstone|Houndstone, L50, F|100/100\n|move|p2b: Sneasler|Close Combat|p1a: Houndstone\n|-immune|p1a: Houndstone\n|move|p1b: Excadrill|High Horsepower|p2a: Vanilluxe\n|-damage|p2a: Vanilluxe|47/100\n|\n|-weather|Snowscape|[upkeep]\n|upkeep\n|turn|3\n|inactive|ToniTestoni has 30 seconds left.\n|inactive|Shinymacaroni1i has 30 seconds left.\n|\n|t:|1788361926\n|switch|p1a: Tyranitar|Tyranitar, L50, M|100/100\n|-weather|Sandstorm|[from] ability: Sand Stream|[of] p1a: Tyranitar\n|move|p1b: Excadrill|High Horsepower|p2b: Sneasler\n|-supereffective|p2b: Sneasler|1\n|-damage|p2b: Sneasler|0 fnt\n|faint|p2b: Sneasler\n|move|p2a: Vanilluxe|Icy Wind|p1a: Tyranitar|[spread] p1a,p1b\n|-crit|p1a: Tyranitar\n|-damage|p1a: Tyranitar|82/100\n|-damage|p1b: Excadrill|73/100\n|-unboost|p1a: Tyranitar|spe|1\n|-unboost|p1b: Excadrill|spe|1\n|\n|-weather|Sandstorm|[upkeep]\n|-damage|p2a: Vanilluxe|41/100|[from] Sandstorm\n|upkeep\n|\n|t:|1788361945\n|switch|p2b: Raichu|Raichu-Mega-Y, L50, F|94/100\n|turn|4\n|\n|t:|1788361967\n|switch|p1b: Houndstone|Houndstone, L50, F|100/100\n|move|p2b: Raichu|Fake Out|p1b: Houndstone\n|-immune|p1b: Houndstone\n|move|p2a: Vanilluxe|Icy Wind|p1a: Tyranitar|[spread] p1a,p1b\n|-damage|p1a: Tyranitar|70/100\n|-damage|p1b: Houndstone|78/100\n|-unboost|p1a: Tyranitar|spe|1\n|-unboost|p1b: Houndstone|spe|1\n|move|p1a: Tyranitar|Rock Slide|p2b: Raichu|[spread] p2a,p2b\n|-supereffective|p2a: Vanilluxe|1\n|-damage|p2a: Vanilluxe|0 fnt\n|-damage|p2b: Raichu|28/100\n|faint|p2a: Vanilluxe\n|\n|-weather|Sandstorm|[upkeep]\n|-damage|p2b: Raichu|22/100|[from] Sandstorm\n|upkeep\n|\n|t:|1788361985\n|switch|p2a: Sylveon|Sylveon, L50, M|100/100\n|turn|5\n|\n|t:|1788362001\n|switch|p1a: Corviknight|Corviknight, L50, M|100/100\n|move|p2b: Raichu|Protect|p2b: Raichu\n|-singleturn|p2b: Raichu|Protect\n|move|p1b: Houndstone|Body Press|p2b: Raichu\n|-activate|p2b: Raichu|move: Protect\n|move|p2a: Sylveon|Hyper Voice|p1a: Corviknight|[spread] p1a,p1b\n|-resisted|p1a: Corviknight|1\n|-damage|p1a: Corviknight|79/100\n|-damage|p1b: Houndstone|28/100\n|-enditem|p1b: Houndstone|Sitrus Berry|[eat]\n|-heal|p1b: Houndstone|53/100|[from] item: Sitrus Berry\n|\n|-weather|Sandstorm|[upkeep]\n|-damage|p2b: Raichu|17/100|[from] Sandstorm\n|-damage|p2a: Sylveon|93/100|[from] Sandstorm\n|-heal|p1a: Corviknight|85/100|[from] item: Leftovers\n|upkeep\n|turn|6\n|\n|t:|1788362024\n|switch|p1a: Excadrill|Excadrill, L50, F|73/100\n|move|p2b: Raichu|Zap Cannon|p1a: Excadrill\n|-immune|p1a: Excadrill\n|move|p1b: Houndstone|Body Press|p2b: Raichu\n|-damage|p2b: Raichu|0 fnt\n|faint|p2b: Raichu\n|move|p2a: Sylveon|Hyper Voice|p1b: Houndstone|[spread] p1a,p1b\n|-resisted|p1a: Excadrill|1\n|-damage|p1a: Excadrill|40/100\n|-damage|p1b: Houndstone|4/100\n|\n|-weather|Sandstorm|[upkeep]\n|-damage|p2a: Sylveon|87/100|[from] Sandstorm\n|upkeep\n|turn|7\n|-message|Shinymacaroni1i forfeited.\n|\n|win|ToniTestoni\n|raw|ToniTestoni's rating: 1248 &rarr; <strong>1279</strong><br />(+31 for winning)\n|raw|Shinymacaroni1i's rating: 1334 &rarr; <strong>1309</strong><br />(-25 for losing)\n|l|☆Shinymacaroni1i\n|player|p2|\n","uploadtime":1788362041,"views":"1","formatid":"gen9championsvgc2026regmb","rating":1279,"private":0,"password":null}