{"id":"gen9championsvgc2026regmb-2674414248","format":"[Gen 9 Champions] VGC 2026 Reg M-B","players":["Honks123","BuffGyarados"],"log":"|j|☆Honks123\n|j|☆BuffGyarados\n|t:|1788356885\n|gametype|doubles\n|player|p1|Honks123|byron|1127\n|player|p2|BuffGyarados|cyrus|1218\n|gen|9\n|tier|[Gen 9 Champions] VGC 2026 Reg M-B\n|rated|\n|rule|Species Clause: Limit one of each Pokémon\n|rule|Item Clause: Limit 1 of each item\n|clearpoke\n|poke|p1|Golurk, L50|\n|poke|p1|Medicham, L50, M|\n|poke|p1|Basculegion, L50, M|\n|poke|p1|Metagross, L50, shiny|\n|poke|p1|Whimsicott, L50, F|\n|poke|p1|Floette-Eternal, L50, F|\n|poke|p2|Whimsicott, L50, M|\n|poke|p2|Garchomp, L50, F|\n|poke|p2|Basculegion, L50, M|\n|poke|p2|Kingambit, L50, F|\n|poke|p2|Floette-Eternal, L50, F|\n|poke|p2|Charizard, L50, M|\n|teampreview|4\n|inactive|Battle timer is ON: inactive players will automatically lose when time's up. (requested by BuffGyarados)\n|\n|t:|1788356915\n|teamsize|p1|4\n|teamsize|p2|4\n|start\n|switch|p1a: Medicham|Medicham, L50, M|100/100\n|switch|p1b: Metagross|Metagross, L50, shiny|100/100\n|switch|p2a: Whimsicott|Whimsicott, L50, M|100/100\n|switch|p2b: Charizard|Charizard, L50, M|100/100\n|turn|1\n|inactive|Honks123 has 30 seconds left.\n|\n|t:|1788356949\n|detailschange|p2b: Charizard|Charizard-Mega-Y, L50, M\n|-mega|p2b: Charizard|Charizard|Charizardite Y\n|-weather|SunnyDay|[from] ability: Drought|[of] p2b: Charizard\n|move|p2a: Whimsicott|Tailwind|p2a: Whimsicott\n|-sidestart|p2: BuffGyarados|move: Tailwind\n|move|p2b: Charizard|Heat Wave|p1a: Medicham|[spread] p1a,p1b\n|-supereffective|p1b: Metagross|1\n|-damage|p1a: Medicham|20/100y\n|-damage|p1b: Metagross|0 fnt\n|faint|p1b: Metagross\n|move|p1a: Medicham|Trick Room|p1a: Medicham\n|-fieldstart|move: Trick Room|[of] p1a: Medicham\n|\n|-weather|SunnyDay|[upkeep]\n|upkeep\n|\n|t:|1788356958\n|switch|p1b: Golurk|Golurk, L50|100/100\n|turn|2\n|\n|t:|1788356972\n|detailschange|p1b: Golurk|Golurk-Mega, L50\n|-mega|p1b: Golurk|Golurk|Golurkite\n|move|p2b: Charizard|Protect|p2b: Charizard\n|-singleturn|p2b: Charizard|Protect\n|move|p1a: Medicham|Feint|p2b: Charizard\n|-activate|p2b: Charizard|move: Feint\n|-damage|p2b: Charizard|92/100\n|move|p2a: Whimsicott|Encore|p1a: Medicham\n|-start|p1a: Medicham|Encore\n|move|p1b: Golurk|Stone Edge|p2b: Charizard\n|-supereffective|p2b: Charizard|2\n|-damage|p2b: Charizard|0 fnt\n|faint|p2b: Charizard\n|\n|-weather|SunnyDay|[upkeep]\n|upkeep\n|\n|t:|1788356986\n|switch|p2b: Basculegion|Basculegion, L50, M|100/100\n|turn|3\n|\n|t:|1788356995\n|move|p2a: Whimsicott|Protect|p2a: Whimsicott\n|-singleturn|p2a: Whimsicott|Protect\n|move|p1a: Medicham|Feint|p2a: Whimsicott\n|-activate|p2a: Whimsicott|move: Feint\n|-damage|p2a: Whimsicott|89/100\n|move|p1b: Golurk|Poltergeist|p2b: Basculegion\n|-activate|p2b: Basculegion|move: Poltergeist|Life Orb\n|-supereffective|p2b: Basculegion|1\n|-damage|p2b: Basculegion|0 fnt\n|faint|p2b: Basculegion\n|\n|-weather|SunnyDay|[upkeep]\n|upkeep\n|\n|t:|1788357005\n|switch|p2b: Garchomp|Garchomp, L50, F|100/100\n|turn|4\n|\n|t:|1788357023\n|move|p1a: Medicham|Feint|p2b: Garchomp\n|-damage|p2b: Garchomp|93/100\n|move|p1b: Golurk|Headlong Rush|p2b: Garchomp\n|-damage|p2b: Garchomp|29/100\n|-unboost|p1b: Golurk|def|1\n|-unboost|p1b: Golurk|spd|1\n|-damage|p1b: Golurk|87/100|[from] ability: Rough Skin|[of] p2b: Garchomp\n|-enditem|p2b: Garchomp|Sitrus Berry|[eat]\n|-heal|p2b: Garchomp|54/100|[from] item: Sitrus Berry\n|move|p2b: Garchomp|Rock Slide|p1a: Medicham|[spread] p1a,p1b\n|-resisted|p1a: Medicham|1\n|-resisted|p1b: Golurk|1\n|-damage|p1a: Medicham|7/100\n|-damage|p1b: Golurk|75/100\n|move|p2a: Whimsicott|Moonblast|p1a: Medicham\n|-supereffective|p1a: Medicham|1\n|-damage|p1a: Medicham|0 fnt\n|faint|p1a: Medicham\n|\n|-weather|SunnyDay|[upkeep]\n|-sideend|p2: BuffGyarados|move: Tailwind\n|upkeep\n|\n|t:|1788357029\n|switch|p1a: Basculegion|Basculegion, L50, M|100/100\n|turn|5\n|inactive|BuffGyarados has 30 seconds left.\n|\n|t:|1788357056\n|move|p1b: Golurk|Poltergeist||[still]\n|-fail|p1b: Golurk\n|move|p1a: Basculegion|Last Respects|p2a: Whimsicott\n|-damage|p2a: Whimsicott|0 fnt\n|faint|p2a: Whimsicott\n|-damage|p1a: Basculegion|90/100|[from] item: Life Orb\n|move|p2b: Garchomp|Stomping Tantrum|p1b: Golurk\n|-damage|p1b: Golurk|26/100\n|\n|-weather|none\n|-fieldend|move: Trick Room\n|upkeep\n|turn|6\n|\n|t:|1788357068\n|move|p2b: Garchomp|Rock Slide|p1b: Golurk|[spread] p1a\n|-miss|p2b: Garchomp|p1b: Golurk\n|-damage|p1a: Basculegion|63/100\n|move|p1a: Basculegion|Last Respects|p2b: Garchomp\n|-damage|p2b: Garchomp|0 fnt\n|faint|p2b: Garchomp\n|-damage|p1a: Basculegion|54/100|[from] item: Life Orb\n|\n|win|Honks123\n|raw|Honks123's rating: 1127 &rarr; <strong>1158</strong><br />(+31 for winning)\n|raw|BuffGyarados's rating: 1218 &rarr; <strong>1187</strong><br />(-31 for losing)\n|l|☆BuffGyarados\n|player|p2|\n","uploadtime":1788357077,"views":"10","formatid":"gen9championsvgc2026regmb","rating":1158,"private":0,"password":null}