{"id":"gen9championsvgc2026regmb-2674652021","format":"[Gen 9 Champions] VGC 2026 Reg M-B","players":["Blazikpro","Debabmbla"],"log":"|j|☆Blazikpro\n|j|☆Debabmbla\n|t:|1788385383\n|gametype|doubles\n|player|p1|Blazikpro|miku-ghost|1107\n|player|p2|Debabmbla|170|1000\n|gen|9\n|tier|[Gen 9 Champions] VGC 2026 Reg M-B\n|rated|\n|rule|Species Clause: Limit one of each Pokémon\n|rule|Item Clause: Limit 1 of each item\n|clearpoke\n|poke|p1|Kangaskhan, L50, F|\n|poke|p1|Pelipper, L50, F|\n|poke|p1|Basculegion, L50, M|\n|poke|p1|Meganium, L50, F|\n|poke|p1|Archaludon, L50, F|\n|poke|p1|Whimsicott, L50, F|\n|poke|p2|Scizor, L50, F|\n|poke|p2|Aerodactyl, L50, F|\n|poke|p2|Sinistcha, L50|\n|poke|p2|Primarina, L50, M|\n|poke|p2|Ceruledge, L50, F|\n|poke|p2|Raichu, L50, F|\n|teampreview|4\n|\n|t:|1788385429\n|teamsize|p1|4\n|teamsize|p2|4\n|start\n|switch|p1a: Meganium|Meganium, L50, F|100/100\n|switch|p1b: Kangaskhan|Kangaskhan, L50, F|100/100\n|switch|p2a: Aerodactyl|Aerodactyl, L50, F|100/100\n|switch|p2b: Scizor|Scizor, L50, F|100/100\n|-ability|p2a: Aerodactyl|Unnerve\n|turn|1\n|\n|t:|1788385445\n|detailschange|p1a: Meganium|Meganium-Mega, L50, F\n|-mega|p1a: Meganium|Meganium|Meganiumite\n|detailschange|p2b: Scizor|Scizor-Mega, L50, F\n|-mega|p2b: Scizor|Scizor|Scizorite\n|move|p1b: Kangaskhan|Fake Out|p2b: Scizor\n|-resisted|p2b: Scizor|1\n|-damage|p2b: Scizor|92/100\n|move|p2a: Aerodactyl|Tailwind|p2a: Aerodactyl\n|-sidestart|p2: Debabmbla|move: Tailwind\n|cant|p2b: Scizor|flinch\n|move|p1a: Meganium|Weather Ball|p2b: Scizor\n|-supereffective|p2b: Scizor|2\n|-damage|p2b: Scizor|0 fnt\n|faint|p2b: Scizor\n|\n|upkeep\n|\n|t:|1788385463\n|switch|p2b: Primarina|Primarina, L50, M|100/100\n|turn|2\n|\n|t:|1788385481\n|switch|p1b: Pelipper|Pelipper, L50, F|100/100\n|-weather|RainDance|[from] ability: Drizzle|[of] p1b: Pelipper\n|move|p1a: Meganium|Protect|p1a: Meganium\n|-singleturn|p1a: Meganium|Protect\n|move|p2a: Aerodactyl|Dual Wingbeat|p1a: Meganium\n|-activate|p1a: Meganium|move: Protect\n|move|p2b: Primarina|Hyper Voice|p1a: Meganium|[spread] p1b\n|-activate|p1a: Meganium|move: Protect\n|-resisted|p1b: Pelipper|1\n|-damage|p1b: Pelipper|46/100\n|-damage|p2b: Primarina|90/100|[from] item: Life Orb\n|\n|-weather|RainDance|[upkeep]\n|upkeep\n|turn|3\n|\n|t:|1788385502\n|move|p1b: Pelipper|Wide Guard|p1b: Pelipper\n|-singleturn|p1b: Pelipper|Wide Guard\n|move|p2a: Aerodactyl|Dual Wingbeat|p1a: Meganium\n|-supereffective|p1a: Meganium|1\n|-crit|p1a: Meganium\n|-damage|p1a: Meganium|38/100\n|-supereffective|p1a: Meganium|1\n|-damage|p1a: Meganium|1/100\n|-hitcount|p1a: Meganium|2\n|move|p2b: Primarina|Hyper Voice|p1a: Meganium|[spread] \n|-activate|p1a: Meganium|move: Wide Guard\n|-activate|p1b: Pelipper|move: Wide Guard\n|move|p1a: Meganium|Solar Beam||[still]\n|-prepare|p1a: Meganium|Solar Beam\n|-activate|p1a: Meganium|ability: Mega Sol\n|-anim|p1a: Meganium|Solar Beam|p2b: Primarina\n|-supereffective|p2b: Primarina|1\n|-damage|p2b: Primarina|0 fnt\n|faint|p2b: Primarina\n|\n|-weather|RainDance|[upkeep]\n|upkeep\n|\n|t:|1788385522\n|switch|p2b: Sinistcha|Sinistcha, L50|100/100\n|turn|4\n|\n|t:|1788385534\n|move|p1b: Pelipper|Wide Guard|p1b: Pelipper\n|-singleturn|p1b: Pelipper|Wide Guard\n|move|p2b: Sinistcha|Rage Powder|p2b: Sinistcha\n|-singleturn|p2b: Sinistcha|move: Rage Powder\n|move|p2a: Aerodactyl|Rock Slide|p1b: Pelipper|[spread] \n|-activate|p1a: Meganium|move: Wide Guard\n|-activate|p1b: Pelipper|move: Wide Guard\n|move|p1a: Meganium|Dazzling Gleam|p2a: Aerodactyl|[spread] p2a,p2b\n|-crit|p2a: Aerodactyl\n|-damage|p2a: Aerodactyl|27/100\n|-damage|p2b: Sinistcha|62/100\n|\n|-weather|RainDance|[upkeep]\n|-sideend|p2: Debabmbla|move: Tailwind\n|upkeep\n|turn|5\n|-message|Debabmbla forfeited.\n|\n|win|Blazikpro\n|raw|Blazikpro's rating: 1107 &rarr; <strong>1125</strong><br />(+18 for winning)\n|raw|Debabmbla's rating: 1000 &rarr; <strong>1000</strong><br />(+0 for losing)\n|l|☆Debabmbla\n|player|p2|\n","uploadtime":1788385556,"views":"0","formatid":"gen9championsvgc2026regmb","rating":1000,"private":0,"password":null}