{"id":"gen9championsvgc2026regmb-2674722804","format":"[Gen 9 Champions] VGC 2026 Reg M-B","players":["sulfricsun","Alexstar55"],"log":"|j|☆sulfricsun\n|j|☆Alexstar55\n|html|<table width=\"100%\"><tr><td align=\"left\">sulfricsun</td><td align=\"right\">Alexstar55</tr><tr><td align=\"left\"><i class=\"fa fa-circle-o\"></i> <i class=\"fa fa-circle-o\"></i> </td><td align=\"right\"><i class=\"fa fa-circle-o\"></i> <i class=\"fa fa-circle\"></i> </tr></table>\n|uhtml|bestof|<h2><strong>Game 2</strong> of <a href=\"/game-bestof3-gen9championsvgc2026regmb-2674720918\">a best-of-3</a></h2>\n|t:|1788396053\n|gametype|doubles\n|player|p1|sulfricsun|swimmer|\n|player|p2|Alexstar55|266|\n|gen|9\n|tier|[Gen 9 Champions] VGC 2026 Reg M-B\n|rule|Species Clause: Limit one of each Pokémon\n|rule|Item Clause: Limit 1 of each item\n|raw|<div class=\"infobox\"><details class=\"readmore\" open><summary><strong>1 custom rule:</strong></summary> Best of = 3</details></div>\n|clearpoke\n|poke|p1|Golurk, L50|\n|poke|p1|Whimsicott, L50, M|\n|poke|p1|Kleavor, L50, F, shiny|\n|poke|p1|Staraptor, L50, M|\n|poke|p1|Garchomp, L50, M|\n|poke|p1|Ninetales, L50, M|\n|poke|p2|Gliscor, L50, M|\n|poke|p2|Primarina, L50, F|\n|poke|p2|Eelektross, L50, M|\n|poke|p2|Infernape, L50, M|\n|poke|p2|Tauros-Paldea-Aqua, L50, M|\n|poke|p2|Ceruledge, L50, M|\n|teampreview|4\n|j| SneakyEne\nsulfricsun rejected open team sheets.\n|j| presidentperssson\n|\n|t:|1788396093\n|teamsize|p1|4\n|teamsize|p2|4\n|start\n|switch|p1a: Staraptor|Staraptor, L50, M|100/100\n|switch|p1b: Whimsicott|Whimsicott, L50, M|100/100\n|switch|p2a: Gliscor|Gliscor, L50, M|100/100\n|switch|p2b: Primarina|Primarina, L50, F|100/100\n|-ability|p1a: Staraptor|Intimidate|boost\n|-fail|p2a: Gliscor|unboost|atk|[from] ability: Hyper Cutter|[of] p2a: Gliscor\n|-unboost|p2b: Primarina|atk|1\n|turn|1\n|\n|t:|1788396114\n|detailschange|p1a: Staraptor|Staraptor-Mega, L50, M\n|-mega|p1a: Staraptor|Staraptor|Staraptite\n|move|p1b: Whimsicott|Light Screen|p1b: Whimsicott\n|-sidestart|p1: sulfricsun|move: Light Screen\n|move|p1a: Staraptor|Close Combat|p2b: Primarina\n|-resisted|p2b: Primarina|1\n|-damage|p2b: Primarina|54/100\n|-boost|p1a: Staraptor|def|1\n|-boost|p1a: Staraptor|spd|1\n|move|p2a: Gliscor|Tailwind|p2a: Gliscor\n|-sidestart|p2: Alexstar55|move: Tailwind\n|move|p2b: Primarina|Ice Beam|p1a: Staraptor\n|-supereffective|p1a: Staraptor|1\n|-damage|p1a: Staraptor|52/100\n|-damage|p2b: Primarina|44/100|[from] item: Life Orb\n|\n|upkeep\n|turn|2\n|\n|t:|1788396132\n|move|p1b: Whimsicott|Encore|p2a: Gliscor\n|-start|p2a: Gliscor|Encore\n|move|p2a: Gliscor|Tailwind||[still]\n|-fail|p2a: Gliscor\n|move|p1a: Staraptor|Close Combat|p2b: Primarina\n|-resisted|p2b: Primarina|1\n|-damage|p2b: Primarina|0 fnt\n|-boost|p1a: Staraptor|def|1\n|-boost|p1a: Staraptor|spd|1\n|faint|p2b: Primarina\n|\n|upkeep\n|\n|t:|1788396148\n|switch|p2b: Eelektross|Eelektross, L50, M|100/100\n|turn|3\n|\n|t:|1788396168\n|detailschange|p2b: Eelektross|Eelektross-Mega, L50, M\n|-mega|p2b: Eelektross|Eelektross|Eelektrossite\n|move|p1a: Staraptor|Protect|p1a: Staraptor\n|-singleturn|p1a: Staraptor|Protect\n|move|p2b: Eelektross|Thunderbolt|p1a: Staraptor\n|-activate|p1a: Staraptor|move: Protect\n|move|p2a: Gliscor|Tailwind||[still]\n|-fail|p2a: Gliscor\n|move|p1b: Whimsicott|Moonblast|p2b: Eelektross\n|-damage|p2b: Eelektross|64/100\n|\n|upkeep\n|turn|4\n|\n|t:|1788396187\n|switch|p2a: Ceruledge|Ceruledge, L50, M|100/100\n|move|p1a: Staraptor|Quick Attack|p2b: Eelektross\n|-crit|p2b: Eelektross\n|-damage|p2b: Eelektross|36/100\n|move|p1b: Whimsicott|Charm|p1a: Staraptor\n|-boost|p1a: Staraptor|atk|2\n|move|p2b: Eelektross|Thunderbolt|p1a: Staraptor\n|-supereffective|p1a: Staraptor|1\n|-damage|p1a: Staraptor|10/100\n|\n|-sideend|p2: Alexstar55|move: Tailwind\n|upkeep\n|turn|5\n|c|☆Alexstar55|war\n|\n|t:|1788396217\n|move|p1a: Staraptor|Quick Attack|p2b: Eelektross\n|-damage|p2b: Eelektross|0 fnt\n|faint|p2b: Eelektross\n|move|p1b: Whimsicott|Charm|p2a: Ceruledge\n|-unboost|p2a: Ceruledge|atk|2\n|move|p2a: Ceruledge|Bitter Blade|p1b: Whimsicott\n|-supereffective|p1b: Whimsicott|1\n|-damage|p1b: Whimsicott|56/100\n|\n|-sideend|p1: sulfricsun|move: Light Screen\n|upkeep\n|\n|t:|1788396226\n|switch|p2b: Gliscor|Gliscor, L50, M|100/100\n|turn|6\n|c|☆sulfricsun|WAR\n|\n|t:|1788396267\n|switch|p1b: Ninetales|Ninetales, L50, M|100/100\n|move|p1a: Staraptor|Brave Bird|p2b: Gliscor\n|-damage|p2b: Gliscor|1/100\n|-damage|p1a: Staraptor|0 fnt|[from] Recoil\n|faint|p1a: Staraptor\n|move|p2a: Ceruledge|Bitter Blade|p1b: Ninetales\n|-start|p1b: Ninetales|ability: Flash Fire\n|move|p2b: Gliscor|Poison Jab|p1b: Ninetales\n|-damage|p1b: Ninetales|62/100\n|\n|upkeep\n|\n|t:|1788396279\n|switch|p1a: syther|Kleavor, L50, F, shiny|100/100\n|turn|7\n|\n|t:|1788396297\n|move|p1a: syther|Night Slash|p2a: Ceruledge\n|-supereffective|p2a: Ceruledge|1\n|-damage|p2a: Ceruledge|1/100\n|move|p1b: Ninetales|Mystical Fire|p2b: Gliscor\n|-damage|p2b: Gliscor|0 fnt\n|faint|p2b: Gliscor\n|move|p2a: Ceruledge|Shadow Claw|p1a: syther\n|-damage|p1a: syther|78/100\n|\n|upkeep\n|turn|8\n|\n|t:|1788396311\n|move|p2a: Ceruledge|Protect|p2a: Ceruledge\n|-singleturn|p2a: Ceruledge|Protect\n|move|p1a: syther|Night Slash|p2a: Ceruledge\n|-activate|p2a: Ceruledge|move: Protect\n|move|p1b: Ninetales|Will-O-Wisp|p2a: Ceruledge\n|-activate|p2a: Ceruledge|move: Protect\n|\n|upkeep\n|turn|9\n|\n|t:|1788396333\n|move|p1a: syther|Night Slash|p2a: Ceruledge\n|-supereffective|p2a: Ceruledge|1\n|-damage|p2a: Ceruledge|0 fnt\n|faint|p2a: Ceruledge\n|\n|win|sulfricsun\n|c|☆sulfricsun|grgr\n||Alexstar55 is ready for game 3.\n|c|☆sulfricsun|war\n","uploadtime":1788396340,"views":"19","formatid":"gen9championsvgc2026regmb","rating":null,"private":0,"password":null}