{"id":"gen9championsvgc2026regmb-2674865634","format":"[Gen 9 Champions] VGC 2026 Reg M-B","players":["HeliosAtDawn","varca2"],"log":"|j|☆HeliosAtDawn\n|j|☆varca2\n|t:|1788424553\n|gametype|doubles\n|player|p1|HeliosAtDawn|cynthia-gen4|1178\n|player|p2|varca2|nurse|1159\n|gen|9\n|tier|[Gen 9 Champions] VGC 2026 Reg M-B\n|rated|\n|rule|Species Clause: Limit one of each Pokémon\n|rule|Item Clause: Limit 1 of each item\n|clearpoke\n|poke|p1|Camerupt, L50, M|\n|poke|p1|Farigiraf, L50, M|\n|poke|p1|Primarina, L50, M|\n|poke|p1|Sneasler, L50, M|\n|poke|p1|Kingambit, L50, F|\n|poke|p1|Rotom-Mow, L50|\n|poke|p2|Camerupt, L50, F|\n|poke|p2|Farigiraf, L50, F|\n|poke|p2|Kingambit, L50, F|\n|poke|p2|Tyranitar, L50, M|\n|poke|p2|Sneasler, L50, M|\n|poke|p2|Incineroar, L50, M|\n|teampreview|4\n|inactive|Battle timer is ON: inactive players will automatically lose when time's up. (requested by HeliosAtDawn)\n|c|☆HeliosAtDawn|Glhf\n|c|☆varca2|glhf\n|inactive|HeliosAtDawn has 60 seconds left.\n|inactive|varca2 has 60 seconds left.\n|\n|t:|1788424602\n|teamsize|p1|4\n|teamsize|p2|4\n|start\n|switch|p1a: Rotom|Rotom-Mow, L50|100/100\n|switch|p1b: Sneasler|Sneasler, L50, M|100/100\n|switch|p2a: Tyranitar|Tyranitar, L50, M|100/100\n|switch|p2b: Farigiraf|Farigiraf, L50, F|100/100\n|-weather|Sandstorm|[from] ability: Sand Stream|[of] p2a: Tyranitar\n|turn|1\n|\n|t:|1788424617\n|move|p2a: Tyranitar|Protect|p2a: Tyranitar\n|-singleturn|p2a: Tyranitar|Protect\n|move|p1a: Rotom|Volt Switch|p2a: Tyranitar\n|-activate|p2a: Tyranitar|move: Protect\n|move|p1b: Sneasler|Close Combat|p2a: Tyranitar\n|-activate|p2a: Tyranitar|move: Protect\n|move|p2b: Farigiraf|Psychic|p1b: Sneasler\n|-supereffective|p1b: Sneasler|2\n|-enditem|p1b: Sneasler|Focus Sash\n|-damage|p1b: Sneasler|1/100\n|\n|-weather|Sandstorm|[upkeep]\n|-damage|p1a: Rotom|94/100|[from] Sandstorm\n|-damage|p1b: Sneasler|0 fnt|[from] Sandstorm\n|-damage|p2b: Farigiraf|93/100|[from] Sandstorm\n|faint|p1b: Sneasler\n|-heal|p2b: Farigiraf|100/100|[from] item: Leftovers\n|upkeep\n|inactive|HeliosAtDawn has 30 seconds left.\n|inactive|HeliosAtDawn has 20 seconds left.\n|\n|t:|1788424653\n|switch|p1b: Pdon|Camerupt, L50, M|100/100\n|turn|2\n|\n|t:|1788424677\n|detailschange|p2a: Tyranitar|Tyranitar-Mega, L50, M\n|-mega|p2a: Tyranitar|Tyranitar|Tyranitarite\n|detailschange|p1b: Pdon|Camerupt-Mega, L50, M\n|-mega|p1b: Pdon|Camerupt|Cameruptite\n|move|p1a: Rotom|Volt Switch|p2a: Tyranitar\n|-damage|p2a: Tyranitar|83/100\n|\n|t:|1788424684\n|switch|p1a: Kingambit|Kingambit, L50, F|100/100|[from] Volt Switch\n|move|p2a: Tyranitar|Rock Slide|p1b: Pdon|[spread] p1a,p1b\n|-resisted|p1a: Kingambit|1\n|-damage|p1a: Kingambit|85/100\n|-damage|p1b: Pdon|66/100\n|move|p2b: Farigiraf|Psychic|p1b: Pdon\n|-crit|p1b: Pdon\n|-damage|p1b: Pdon|11/100\n|cant|p1b: Pdon|flinch\n|\n|-weather|Sandstorm|[upkeep]\n|-damage|p2b: Farigiraf|93/100|[from] Sandstorm\n|-heal|p2b: Farigiraf|100/100|[from] item: Leftovers\n|upkeep\n|turn|3\n|inactive|HeliosAtDawn has 30 seconds left.\n|inactive|varca2 has 30 seconds left.\n|inactive|HeliosAtDawn has 20 seconds left.\n|inactive|varca2 has 20 seconds left.\n|inactive|HeliosAtDawn has 15 seconds left.\n|inactive|varca2 has 15 seconds left.\n|inactive|varca2 has 10 seconds left.\n|inactive|varca2 has 5 seconds left.\n|\n|t:|1788424739\n|move|p2b: Farigiraf|Protect|p2b: Farigiraf\n|-singleturn|p2b: Farigiraf|Protect\n|move|p1b: Pdon|Protect|p1b: Pdon\n|-singleturn|p1b: Pdon|Protect\n|move|p2a: Tyranitar|Knock Off|p1b: Pdon\n|-activate|p1b: Pdon|move: Protect\n|move|p1a: Kingambit|Low Kick|p2a: Tyranitar\n|-supereffective|p2a: Tyranitar|2\n|-damage|p2a: Tyranitar|0 fnt\n|faint|p2a: Tyranitar\n|\n|-weather|Sandstorm|[upkeep]\n|-damage|p2b: Farigiraf|93/100|[from] Sandstorm\n|-heal|p2b: Farigiraf|100/100|[from] item: Leftovers\n|upkeep\n|\n|t:|1788424752\n|switch|p2a: Kingambit|Kingambit, L50, F|100/100\n|turn|4\n|inactive|HeliosAtDawn has 30 seconds left.\n|\n|t:|1788424781\n|move|p2a: Kingambit|Sucker Punch|p1b: Pdon\n|-damage|p1b: Pdon|0 fnt\n|faint|p1b: Pdon\n|move|p1a: Kingambit|Sucker Punch||[still]\n|cant|p2b: Farigiraf|ability: Armor Tail|Sucker Punch|[of] p1a: Kingambit\n|move|p2b: Farigiraf|Trick Room|p2b: Farigiraf\n|-fieldstart|move: Trick Room|[of] p2b: Farigiraf\n|\n|-weather|Sandstorm|[upkeep]\n|-damage|p2b: Farigiraf|93/100|[from] Sandstorm\n|-heal|p2b: Farigiraf|100/100|[from] item: Leftovers\n|upkeep\n|\n|t:|1788424789\n|switch|p1b: Rotom|Rotom-Mow, L50|94/100\n|turn|5\n|\n|t:|1788424808\n|move|p1a: Kingambit|Low Kick|p2a: Kingambit\n|-supereffective|p2a: Kingambit|2\n|-damage|p2a: Kingambit|2/100\n|move|p2a: Kingambit|Iron Head|p1b: Rotom\n|-resisted|p1b: Rotom|1\n|-damage|p1b: Rotom|68/100\n|move|p2b: Farigiraf|Psychic|p1b: Rotom\n|-damage|p1b: Rotom|20/100y\n|-unboost|p1b: Rotom|spd|1\n|move|p1b: Rotom|Thunderbolt|p2b: Farigiraf\n|-damage|p2b: Farigiraf|64/100\n|\n|-weather|none\n|-heal|p2b: Farigiraf|70/100|[from] item: Leftovers\n|upkeep\n|turn|6\n|\n|t:|1788424829\n|move|p2a: Kingambit|Sucker Punch|p1b: Rotom\n|-damage|p1b: Rotom|0 fnt\n|faint|p1b: Rotom\n|move|p1a: Kingambit|Kowtow Cleave|p2b: Farigiraf\n|-supereffective|p2b: Farigiraf|1\n|-damage|p2b: Farigiraf|0 fnt\n|faint|p2b: Farigiraf\n|\n|upkeep\n|\n|t:|1788424834\n|switch|p2b: Camerupt|Camerupt, L50, F|100/100\n|turn|7\n|\n|t:|1788424850\n|move|p1a: Kingambit|Sucker Punch|p2b: Camerupt\n|-damage|p2b: Camerupt|32/100\n|move|p2b: Camerupt|Eruption|p1a: Kingambit\n|-supereffective|p1a: Kingambit|1\n|-damage|p1a: Kingambit|36/100\n|move|p2a: Kingambit|Iron Head|p1a: Kingambit\n|-resisted|p1a: Kingambit|1\n|-damage|p1a: Kingambit|21/100\n|\n|upkeep\n|turn|8\n|inactive|HeliosAtDawn has 30 seconds left.\n|\n|t:|1788424878\n|move|p2b: Camerupt|Protect|p2b: Camerupt\n|-singleturn|p2b: Camerupt|Protect\n|move|p1a: Kingambit|Sucker Punch|p2a: Kingambit\n|-resisted|p2a: Kingambit|1\n|-damage|p2a: Kingambit|0 fnt\n|faint|p2a: Kingambit\n|\n|-fieldend|move: Trick Room\n|upkeep\n|turn|9\n|-message|varca2 forfeited.\n|\n|win|HeliosAtDawn\n|raw|HeliosAtDawn's rating: 1178 &rarr; <strong>1202</strong><br />(+24 for winning)\n|raw|varca2's rating: 1159 &rarr; <strong>1135</strong><br />(-24 for losing)\n|l|☆varca2\n|player|p2|\n","uploadtime":1788424889,"views":"14","formatid":"gen9championsvgc2026regmb","rating":1135,"private":0,"password":null}