{"id":"gen9championsvgc2026regmb-2674763424","format":"[Gen 9 Champions] VGC 2026 Reg M-B","players":["LucarioSolosYou2","darkrai_mtr"],"log":"|j|☆LucarioSolosYou2\n|j|☆darkrai_mtr\n|t:|1788402400\n|gametype|doubles\n|player|p1|LucarioSolosYou2|102|\n|player|p2|darkrai_mtr|shauntal|\n|gen|9\n|tier|[Gen 9 Champions] VGC 2026 Reg M-B\n|rule|Species Clause: Limit one of each Pokémon\n|rule|Item Clause: Limit 1 of each item\n|clearpoke\n|poke|p1|Gallade, L50, M, shiny|\n|poke|p1|Maushold-Four, L50|\n|poke|p1|Basculegion, L50, M, shiny|\n|poke|p1|Ditto, L50, shiny|\n|poke|p1|Dragonite, L50, M, shiny|\n|poke|p1|Incineroar, L50, M|\n|poke|p2|Absol, L50, F|\n|poke|p2|Maushold-Four, L50|\n|poke|p2|Gallade, L50, M, shiny|\n|poke|p2|Gholdengo, L50|\n|poke|p2|Rotom-Wash, L50|\n|poke|p2|Scovillain, L50, M|\n|teampreview|4\n|\n|t:|1788402490\n|teamsize|p1|4\n|teamsize|p2|4\n|start\n|switch|p1a: Diddys disciple|Ditto, L50, shiny|100/100\n|switch|p1b: Mickey Mouse|Maushold-Four, L50|100/100\n|switch|p2a: CheeseString|Gholdengo, L50|100/100\n|switch|p2b: VillianInUrDreams|Scovillain, L50, M|100/100\n|-transform|p1a: Diddys disciple|p2b: VillianInUrDreams|[from] ability: Imposter\n|turn|1\n|\n|t:|1788402560\n|move|p1a: Diddys disciple|Protect|p1a: Diddys disciple\n|-singleturn|p1a: Diddys disciple|Protect\n|move|p2a: CheeseString|Protect|p2a: CheeseString\n|-singleturn|p2a: CheeseString|Protect\n|move|p1b: Mickey Mouse|Encore||[still]\n|-fail|p1b: Mickey Mouse\n|move|p2b: VillianInUrDreams|Flamethrower|p1a: Diddys disciple\n|-activate|p1a: Diddys disciple|move: Protect\n|\n|-ability|p1a: Diddys disciple|Moody|boost\n|-boost|p1a: Diddys disciple|atk|2\n|-unboost|p1a: Diddys disciple|def|1\n|-ability|p2b: VillianInUrDreams|Moody|boost\n|-boost|p2b: VillianInUrDreams|spe|2\n|-unboost|p2b: VillianInUrDreams|atk|1\n|upkeep\n|turn|2\n|\n|t:|1788402618\n|switch|p1a: No Respect|Basculegion, L50, M, shiny|100/100\n|switch|p2a: Jerry|Maushold-Four, L50|100/100\n|move|p2b: VillianInUrDreams|Flamethrower|p1a: No Respect\n|-resisted|p1a: No Respect|1\n|-damage|p1a: No Respect|85/100\n|move|p1b: Mickey Mouse|Beat Up|p2a: Jerry\n|-damage|p2a: Jerry|95/100\n|-damage|p2a: Jerry|92/100\n|-damage|p2a: Jerry|87/100\n|-damage|p2a: Jerry|84/100\n|-hitcount|p2a: Jerry|4\n|\n|-ability|p2b: VillianInUrDreams|Moody|boost\n|-boost|p2b: VillianInUrDreams|def|2\n|-unboost|p2b: VillianInUrDreams|spd|1\n|upkeep\n|turn|3\n|\n|t:|1788402662\n|move|p1b: Mickey Mouse|Helping Hand|p1a: No Respect\n|-singleturn|p1a: No Respect|Helping Hand|[of] p1b: Mickey Mouse\n|move|p2a: Jerry|Follow Me|p2a: Jerry\n|-singleturn|p2a: Jerry|move: Follow Me\n|move|p2b: VillianInUrDreams|Leech Seed|p1a: No Respect\n|-start|p1a: No Respect|move: Leech Seed\n|move|p1a: No Respect|Wave Crash|p2a: Jerry\n|-damage|p2a: Jerry|0 fnt\n|faint|p2a: Jerry\n|-damage|p1a: No Respect|59/100|[from] Recoil\n|-damage|p1a: No Respect|50/100g|[from] item: Life Orb\n|\n|-damage|p1a: No Respect|38/100|[from] Leech Seed|[of] p2b: VillianInUrDreams\n|-ability|p2b: VillianInUrDreams|Moody|boost\n|-boost|p2b: VillianInUrDreams|spd|2\n|-unboost|p2b: VillianInUrDreams|def|1\n|upkeep\n|\n|t:|1788402682\n|switch|p2a: WhiteKnight|Gallade, L50, M, shiny|100/100\n|turn|4\n|\n|t:|1788402703\n|switch|p1b: Denied|Gallade, L50, M, shiny|100/100\n|switch|p1a: Diddys disciple|Ditto, L50, shiny|100/100\n|-transform|p1a: Diddys disciple|p2b: VillianInUrDreams|[from] ability: Imposter\n|move|p2a: WhiteKnight|Knock Off|p1a: Diddys disciple\n|-damage|p1a: Diddys disciple|67/100\n|-enditem|p1a: Diddys disciple|Choice Scarf|[from] move: Knock Off|[of] p2a: WhiteKnight\n|move|p2b: VillianInUrDreams|Flamethrower|p1b: Denied\n|-damage|p1b: Denied|62/100\n|\n|-ability|p1a: Diddys disciple|Moody|boost\n|-boost|p1a: Diddys disciple|spd|2\n|-unboost|p1a: Diddys disciple|atk|1\n|-ability|p2b: VillianInUrDreams|Moody|boost\n|-boost|p2b: VillianInUrDreams|def|2\n|-unboost|p2b: VillianInUrDreams|spa|1\n|upkeep\n|turn|5\n|\n|t:|1788402745\n|switch|p2a: CheeseString|Gholdengo, L50|100/100\n|detailschange|p2b: VillianInUrDreams|Scovillain-Mega, L50, M\n|-mega|p2b: VillianInUrDreams|Scovillain|Scovillainite\n|move|p2b: VillianInUrDreams|Flamethrower|p1a: Diddys disciple\n|-damage|p1a: Diddys disciple|50/100g\n|move|p1a: Diddys disciple|Leech Seed|p2a: CheeseString\n|-immune|p2a: CheeseString|[from] ability: Good as Gold\n|move|p1b: Denied|Psycho Cut|p2b: VillianInUrDreams\n|-crit|p2b: VillianInUrDreams\n|-damage|p2b: VillianInUrDreams|41/100\n|-status|p1b: Denied|brn|[from] ability: Spicy Spray|[of] p2b: VillianInUrDreams\n|\n|-damage|p1b: Denied|56/100 brn|[from] brn\n|-ability|p1a: Diddys disciple|Moody|boost\n|-boost|p1a: Diddys disciple|spe|2\n|-unboost|p1a: Diddys disciple|def|1\n|upkeep\n|turn|6\n|\n|t:|1788402793\n|move|p1a: Diddys disciple|Rage Powder|p1a: Diddys disciple\n|-singleturn|p1a: Diddys disciple|move: Rage Powder\n|move|p2b: VillianInUrDreams|Rage Powder|p2b: VillianInUrDreams\n|-singleturn|p2b: VillianInUrDreams|move: Rage Powder\n|move|p1b: Denied|Psycho Cut|p2b: VillianInUrDreams\n|-damage|p2b: VillianInUrDreams|33/100\n|move|p2a: CheeseString|Substitute|p2a: CheeseString\n|-start|p2a: CheeseString|Substitute\n|-damage|p2a: CheeseString|75/100\n|\n|-heal|p2a: CheeseString|81/100|[from] item: Leftovers\n|-damage|p1b: Denied|51/100 brn|[from] brn\n|-ability|p1a: Diddys disciple|Moody|boost\n|-boost|p1a: Diddys disciple|spa|2\n|-unboost|p1a: Diddys disciple|spe|1\n|upkeep\n|turn|7\n|\n|t:|1788402821\n|move|p1b: Denied|Shadow Sneak|p2a: CheeseString\n|-supereffective|p2a: CheeseString|1\n|-activate|p2a: CheeseString|move: Substitute|[damage]\n|move|p1a: Diddys disciple|Flamethrower|p2a: CheeseString\n|-supereffective|p2a: CheeseString|1\n|-end|p2a: CheeseString|Substitute\n|move|p2b: VillianInUrDreams|Flamethrower|p1a: Diddys disciple\n|-damage|p1a: Diddys disciple|36/100\n|move|p2a: CheeseString|Shadow Ball|p1b: Denied\n|-supereffective|p1b: Denied|1\n|-crit|p1b: Denied\n|-damage|p1b: Denied|0 fnt\n|faint|p1b: Denied\n|\n|-heal|p2a: CheeseString|87/100|[from] item: Leftovers\n|-ability|p1a: Diddys disciple|Moody|boost\n|-boost|p1a: Diddys disciple|spd|2\n|-unboost|p1a: Diddys disciple|spe|1\n|upkeep\n|\n|t:|1788402833\n|switch|p1b: Mickey Mouse|Maushold-Four, L50|100/100\n|turn|8\n|\n|t:|1788402887\n|move|p1b: Mickey Mouse|Helping Hand|p1a: Diddys disciple\n|-singleturn|p1a: Diddys disciple|Helping Hand|[of] p1b: Mickey Mouse\n|move|p2b: VillianInUrDreams|Flamethrower|p1a: Diddys disciple\n|-damage|p1a: Diddys disciple|28/100\n|move|p1a: Diddys disciple|Flamethrower|p2a: CheeseString\n|-supereffective|p2a: CheeseString|1\n|-damage|p2a: CheeseString|0 fnt\n|faint|p2a: CheeseString\n|\n|-ability|p1a: Diddys disciple|Moody|boost\n|-boost|p1a: Diddys disciple|def|2\n|-unboost|p1a: Diddys disciple|spd|1\n|upkeep\n|\n|t:|1788402900\n|switch|p2a: WhiteKnight|Gallade, L50, M, shiny|100/100\n|turn|9\n|\n|t:|1788402942\n|move|p2a: WhiteKnight|Knock Off|p1a: Diddys disciple\n|-damage|p1a: Diddys disciple|17/100\n|move|p1a: Diddys disciple|Leech Seed|p2a: WhiteKnight\n|-start|p2a: WhiteKnight|move: Leech Seed\n|move|p2b: VillianInUrDreams|Flamethrower|p1a: Diddys disciple\n|-damage|p1a: Diddys disciple|7/100\n|move|p1b: Mickey Mouse|After You||[still]\n|-fail|p1b: Mickey Mouse\n|\n|-damage|p2a: WhiteKnight|87/100|[from] Leech Seed|[of] p1a: Diddys disciple\n|-heal|p1a: Diddys disciple|18/100|[silent]\n|-ability|p1a: Diddys disciple|Moody|boost\n|-boost|p1a: Diddys disciple|spe|2\n|-unboost|p1a: Diddys disciple|spa|1\n|upkeep\n|turn|10\n|\n|t:|1788402975\n|move|p1b: Mickey Mouse|Helping Hand|p1a: Diddys disciple\n|-singleturn|p1a: Diddys disciple|Helping Hand|[of] p1b: Mickey Mouse\n|move|p1a: Diddys disciple|Flamethrower|p2a: WhiteKnight\n|-damage|p2a: WhiteKnight|2/100\n|move|p2a: WhiteKnight|Knock Off|p1a: Diddys disciple\n|-crit|p1a: Diddys disciple\n|-damage|p1a: Diddys disciple|0 fnt\n|faint|p1a: Diddys disciple\n|move|p2b: VillianInUrDreams|Flamethrower|p1b: Mickey Mouse\n|-damage|p1b: Mickey Mouse|66/100\n|\n|upkeep\n|\n|t:|1788402985\n|switch|p1a: No Respect|Basculegion, L50, M, shiny|38/100\n|turn|11\n|\n|t:|1788403029\n|move|p2b: VillianInUrDreams|Rage Powder|p2b: VillianInUrDreams\n|-singleturn|p2b: VillianInUrDreams|move: Rage Powder\n|move|p2a: WhiteKnight|Knock Off|p1a: No Respect\n|-supereffective|p1a: No Respect|1\n|-damage|p1a: No Respect|0 fnt\n|-enditem|p1a: No Respect|Life Orb|[from] move: Knock Off|[of] p2a: WhiteKnight\n|faint|p1a: No Respect\n|move|p1b: Mickey Mouse|Beat Up|p2b: VillianInUrDreams\n|-damage|p2b: VillianInUrDreams|32/100\n|-status|p1b: Mickey Mouse|brn|[from] ability: Spicy Spray|[of] p2b: VillianInUrDreams\n|-hitcount|p2b: VillianInUrDreams|1\n|\n|-damage|p1b: Mickey Mouse|60/100 brn|[from] brn\n|upkeep\n|turn|12\n|\n|t:|1788403049\n|move|p2a: WhiteKnight|Knock Off|p1b: Mickey Mouse\n|-damage|p1b: Mickey Mouse|14/100 brn\n|-enditem|p1b: Mickey Mouse|Focus Sash|[from] move: Knock Off|[of] p2a: WhiteKnight\n|move|p2b: VillianInUrDreams|Leech Seed|p1b: Mickey Mouse\n|-start|p1b: Mickey Mouse|move: Leech Seed\n|move|p1b: Mickey Mouse|Beat Up|p2a: WhiteKnight\n|-damage|p2a: WhiteKnight|1/100\n|-ability|p2a: WhiteKnight|Justified|boost\n|-boost|p2a: WhiteKnight|atk|1\n|-hitcount|p2a: WhiteKnight|1\n|\n|-damage|p1b: Mickey Mouse|2/100 brn|[from] Leech Seed|[of] p2b: VillianInUrDreams\n|-heal|p2b: VillianInUrDreams|45/100|[silent]\n|-damage|p1b: Mickey Mouse|0 fnt|[from] brn\n|faint|p1b: Mickey Mouse\n|\n|win|darkrai_mtr\n","uploadtime":1788403062,"views":"0","formatid":"gen9championsvgc2026regmb","rating":null,"private":0,"password":null}