{"id":"gen9championsvgc2026regmbbo3-2674764355","format":"[Gen 9 Champions] VGC 2026 Reg M-B (Bo3)","players":["abadanriyi92","samki9"],"log":"|j|☆abadanriyi92\n|j|☆samki9\n|html|<table width=\"100%\"><tr><td align=\"left\">abadanriyi92</td><td align=\"right\">samki9</tr><tr><td align=\"left\"><i class=\"fa fa-circle-o\"></i> <i class=\"fa fa-circle-o\"></i> </td><td align=\"right\"><i class=\"fa fa-circle-o\"></i> <i class=\"fa fa-circle\"></i> </tr></table>\n|uhtml|bestof|<h2><strong>Game 2</strong> of <a href=\"/game-bestof3-gen9championsvgc2026regmbbo3-2674763374\">a best-of-3</a></h2>\n|t:|1788402548\n|gametype|doubles\n|player|p1|abadanriyi92|colress|1268\n|player|p2|samki9|266|1125\n|gen|9\n|tier|[Gen 9 Champions] VGC 2026 Reg M-B (Bo3)\n|rated|\n|rule|Species Clause: Limit one of each Pokémon\n|rule|Item Clause: Limit 1 of each item\n|clearpoke\n|poke|p1|Gengar, L50, F|\n|poke|p1|Swampert, L50, F|\n|poke|p1|Incineroar, L50, F|\n|poke|p1|Politoed, L50, M|\n|poke|p1|Archaludon, L50, F|\n|poke|p1|Vivillon, L50, M|\n|poke|p2|Swampert, L50, M|\n|poke|p2|Pelipper, L50, M|\n|poke|p2|Rotom-Wash, L50|\n|poke|p2|Toxicroak, L50, M|\n|poke|p2|Gardevoir, L50, M|\n|poke|p2|Dragonite, L50, F|\n|teampreview|4\n|showteam|p1|Gengar||Gengarite|CursedBody|ShadowBall,PerishSong,SludgeBomb,Protect|Timid||F|||50|]Swampert||Swampertite|Torrent|WaveCrash,Earthquake,IcePunch,Protect|Adamant||F|||50|]Incineroar||PasshoBerry|Intimidate|ThroatChop,PartingShot,FakeOut,Protect|Sassy||F|||50|]Politoed||SitrusBerry|Drizzle|WeatherBall,PerishSong,Encore,Protect|Calm||M|||50|]Archaludon||Leftovers|Stamina|DragonPulse,FlashCannon,ElectroShot,Protect|Bold||F|||50|]Vivillon||FocusSash|CompoundEyes|Hurricane,SleepPowder,RagePowder,Protect|Timid||M|||50|\n|showteam|p2|Swampert||Swampertite|Torrent|WaveCrash,Earthquake,IcePunch,Protect|Adamant||M|||50|]Pelipper||ChartiBerry|Drizzle|Surf,Tailwind,Hurricane,WideGuard|Timid||M|||50|]Rotom-Wash||SitrusBerry|Levitate|Thunderbolt,Discharge,HelpingHand,WillOWisp|Calm|||||50|]Toxicroak||FocusSash|DrySkin|FakeOut,CloseCombat,PoisonJab,Toxic|Jolly||M|||50|]Gardevoir||ChoiceScarf|Telepathy|Moonblast,DazzlingGleam,Psychic,IcyWind|Timid||M|||50|]Dragonite||LifeOrb|InnerFocus|DragonClaw,Superpower,ExtremeSpeed,Protect|Adamant||F|||50|\n|inactive|Battle timer is ON: inactive players will automatically lose when time's up. (requested by abadanriyi92)\n|\n|t:|1788402569\n|teamsize|p1|4\n|teamsize|p2|4\n|start\n|switch|p1a: Gengar|Gengar, L50, F|100/100\n|switch|p1b: Incineroar|Incineroar, L50, F|100/100\n|switch|p2a: Gardevoir|Gardevoir, L50, M|100/100\n|switch|p2b: Dragonite|Dragonite, L50, F|100/100\n|-ability|p1b: Incineroar|Intimidate|boost\n|-unboost|p2a: Gardevoir|atk|1\n|-fail|p2b: Dragonite|unboost|atk|[from] ability: Inner Focus|[of] p2b: Dragonite\n|turn|1\n|\n|t:|1788402586\n|switch|p2a: Pelipper|Pelipper, L50, M|100/100\n|-weather|RainDance|[from] ability: Drizzle|[of] p2a: Pelipper\n|detailschange|p1a: Gengar|Gengar-Mega, L50, F\n|-mega|p1a: Gengar|Gengar|Gengarite\n|move|p1b: Incineroar|Fake Out|p2a: Pelipper\n|-damage|p2a: Pelipper|88/100\n|move|p1a: Gengar|Sludge Bomb|p2a: Pelipper\n|-damage|p2a: Pelipper|23/100\n|move|p2b: Dragonite|Dragon Claw|p1a: Gengar\n|-damage|p1a: Gengar|35/100\n|-damage|p2b: Dragonite|90/100|[from] item: Life Orb\n|\n|-weather|RainDance|[upkeep]\n|upkeep\n|turn|2\n|inactive|abadanriyi92 has 30 seconds left.\n|\n|t:|1788402619\n|switch|p1a: Archaludon|Archaludon, L50, F|100/100\n|move|p2b: Dragonite|Superpower|p1b: Incineroar\n|-supereffective|p1b: Incineroar|1\n|-damage|p1b: Incineroar|6/100\n|-unboost|p2b: Dragonite|atk|1\n|-unboost|p2b: Dragonite|def|1\n|-damage|p2b: Dragonite|80/100|[from] item: Life Orb\n|move|p2a: Pelipper|Tailwind|p2a: Pelipper\n|-sidestart|p2: samki9|move: Tailwind\n|move|p1b: Incineroar|Throat Chop|p2a: Pelipper\n|-damage|p2a: Pelipper|0 fnt\n|faint|p2a: Pelipper\n|\n|-weather|RainDance|[upkeep]\n|upkeep\n|\n|t:|1788402628\n|switch|p2a: Swampert|Swampert, L50, M|100/100\n|turn|3\n|\n|t:|1788402637\n|switch|p1b: Vivillon|Vivillon, L50, M|100/100\n|detailschange|p2a: Swampert|Swampert-Mega, L50, M\n|-mega|p2a: Swampert|Swampert|Swampertite\n|move|p1a: Archaludon|Protect|p1a: Archaludon\n|-singleturn|p1a: Archaludon|Protect\n|move|p2a: Swampert|Earthquake|p1b: Vivillon|[spread] \n|-activate|p1a: Archaludon|move: Protect\n|-immune|p2b: Dragonite\n|-immune|p1b: Vivillon\n|move|p2b: Dragonite|Superpower|p1a: Archaludon\n|-activate|p1a: Archaludon|move: Protect\n|\n|-weather|RainDance|[upkeep]\n|upkeep\n|turn|4\n|inactive|abadanriyi92 has 30 seconds left.\n|inactive|abadanriyi92 has 20 seconds left.\n|\n|t:|1788402675\n|switch|p1a: Incineroar|Incineroar, L50, F|6/100\n|-ability|p1a: Incineroar|Intimidate|boost\n|-unboost|p2a: Swampert|atk|1\n|-fail|p2b: Dragonite|unboost|atk|[from] ability: Inner Focus|[of] p2b: Dragonite\n|move|p1b: Vivillon|Protect|p1b: Vivillon\n|-singleturn|p1b: Vivillon|Protect\n|move|p2a: Swampert|Earthquake|p1b: Vivillon|[spread] p1a\n|-activate|p1b: Vivillon|move: Protect\n|-immune|p2b: Dragonite\n|-supereffective|p1a: Incineroar|1\n|-damage|p1a: Incineroar|0 fnt\n|faint|p1a: Incineroar\n|move|p2b: Dragonite|Superpower|p1b: Vivillon\n|-activate|p1b: Vivillon|move: Protect\n|\n|-weather|RainDance|[upkeep]\n|upkeep\n|\n|t:|1788402692\n|switch|p1a: Archaludon|Archaludon, L50, F|100/100\n|turn|5\n|\n|t:|1788402705\n|switch|p2a: Gardevoir|Gardevoir, L50, M|100/100\n|move|p2b: Dragonite|Extreme Speed|p1b: Vivillon\n|-damage|p1b: Vivillon|52/100\n|-damage|p2b: Dragonite|70/100|[from] item: Life Orb\n|move|p1b: Vivillon|Rage Powder|p1b: Vivillon\n|-singleturn|p1b: Vivillon|move: Rage Powder\n|move|p1a: Archaludon|Electro Shot||[still]\n|-prepare|p1a: Archaludon|Electro Shot\n|-boost|p1a: Archaludon|spa|1\n|-anim|p1a: Archaludon|Electro Shot|p2b: Dragonite\n|-damage|p2b: Dragonite|12/100\n|\n|-weather|none\n|-sideend|p2: samki9|move: Tailwind\n|upkeep\n|turn|6\n|\n|t:|1788402729\n|move|p2b: Dragonite|Protect|p2b: Dragonite\n|-singleturn|p2b: Dragonite|Protect\n|move|p1b: Vivillon|Rage Powder|p1b: Vivillon\n|-singleturn|p1b: Vivillon|move: Rage Powder\n|move|p2a: Gardevoir|Psychic|p1b: Vivillon\n|-damage|p1b: Vivillon|0 fnt\n|faint|p1b: Vivillon\n|move|p1a: Archaludon|Flash Cannon|p2a: Gardevoir\n|-supereffective|p2a: Gardevoir|1\n|-damage|p2a: Gardevoir|0 fnt\n|faint|p2a: Gardevoir\n|\n|upkeep\n|\n|t:|1788402738\n|switch|p1b: Gengar|Gengar-Mega, L50, F|35/100\n|switch|p2a: Swampert|Swampert-Mega, L50, M|100/100\n|turn|7\n|inactive|abadanriyi92 has 30 seconds left.\n|\n|t:|1788402771\n|move|p2b: Dragonite|Protect|p2b: Dragonite\n|-singleturn|p2b: Dragonite|Protect\n|move|p1a: Archaludon|Protect|p1a: Archaludon\n|-singleturn|p1a: Archaludon|Protect\n|move|p1b: Gengar|Sludge Bomb|p2b: Dragonite\n|-activate|p2b: Dragonite|move: Protect\n|move|p2a: Swampert|Earthquake|p1b: Gengar|[spread] p1b\n|-activate|p2b: Dragonite|move: Protect\n|-activate|p1a: Archaludon|move: Protect\n|-supereffective|p1b: Gengar|1\n|-damage|p1b: Gengar|0 fnt\n|faint|p1b: Gengar\n|\n|upkeep\n|turn|8\n|\n|t:|1788402785\n|move|p2a: Swampert|Earthquake|p1a: Archaludon|[spread] p1a\n|-immune|p2b: Dragonite\n|-supereffective|p1a: Archaludon|1\n|-damage|p1a: Archaludon|39/100\n|-ability|p1a: Archaludon|Stamina|boost\n|-boost|p1a: Archaludon|def|1\n|move|p2b: Dragonite|Superpower|p1a: Archaludon\n|-supereffective|p1a: Archaludon|1\n|-damage|p1a: Archaludon|4/100\n|-unboost|p2b: Dragonite|atk|1\n|-unboost|p2b: Dragonite|def|1\n|-ability|p1a: Archaludon|Stamina|boost\n|-boost|p1a: Archaludon|def|1\n|-damage|p2b: Dragonite|2/100|[from] item: Life Orb\n|move|p1a: Archaludon|Dragon Pulse|p2a: Swampert\n|-damage|p2a: Swampert|53/100\n|\n|-heal|p1a: Archaludon|10/100|[from] item: Leftovers\n|upkeep\n|turn|9\n|\n|t:|1788402802\n|move|p1a: Archaludon|Protect|p1a: Archaludon\n|-singleturn|p1a: Archaludon|Protect\n|move|p2a: Swampert|Earthquake|p1a: Archaludon|[spread] \n|-activate|p1a: Archaludon|move: Protect\n|-immune|p2b: Dragonite\n|move|p2b: Dragonite|Superpower|p1a: Archaludon\n|-activate|p1a: Archaludon|move: Protect\n|\n|-heal|p1a: Archaludon|16/100|[from] item: Leftovers\n|upkeep\n|turn|10\n|c|☆abadanriyi92|gg\n|c|☆samki9|gg\n|\n|t:|1788402822\n|move|p2a: Swampert|Earthquake|p1a: Archaludon|[spread] p1a\n|-immune|p2b: Dragonite\n|-supereffective|p1a: Archaludon|1\n|-damage|p1a: Archaludon|0 fnt\n|faint|p1a: Archaludon\n|\n|win|samki9\n|raw|abadanriyi92's rating: 1268 &rarr; <strong>1233</strong><br />(-35 for losing)\n|raw|samki9's rating: 1125 &rarr; <strong>1160</strong><br />(+35 for winning)\n","uploadtime":1788402827,"views":"0","formatid":"gen9championsvgc2026regmbbo3","rating":1160,"private":0,"password":null}