{"id":"gen9championsvgc2026regmbbo3-2673970775","format":"[Gen 9 Champions] VGC 2026 Reg M-B (Bo3)","players":["Parasha","jellyuds"],"log":"|j|‽Parasha\n|j|☆jellyuds\n|html|<table width=\"100%\"><tr><td align=\"left\">Parasha</td><td align=\"right\">jellyuds</tr><tr><td align=\"left\"><i class=\"fa fa-circle-o\"></i> <i class=\"fa fa-circle-o\"></i> </td><td align=\"right\"><i class=\"fa fa-circle-o\"></i> <i class=\"fa fa-circle-o\"></i> </tr></table>\n|uhtml|bestof|<h2><strong>Game 1</strong> of <a href=\"/game-bestof3-gen9championsvgc2026regmbbo3-2673970774\">a best-of-3</a></h2>\n|t:|1788283265\n|gametype|doubles\n|player|p1|Parasha|169|1066\n|player|p2|jellyuds|preschooler|1000\n|gen|9\n|tier|[Gen 9 Champions] VGC 2026 Reg M-B (Bo3)\n|rated|\n|rule|Species Clause: Limit one of each Pokémon\n|rule|Item Clause: Limit 1 of each item\n|clearpoke\n|poke|p1|Raichu, L50, M|\n|poke|p1|Venusaur, L50, F|\n|poke|p1|Charizard, L50, F|\n|poke|p1|Pelipper, L50, F|\n|poke|p1|Archaludon, L50, M|\n|poke|p1|Toxicroak, L50, F|\n|poke|p2|Scovillain, L50, M|\n|poke|p2|Aerodactyl, L50, F|\n|poke|p2|Sylveon, L50, M|\n|poke|p2|Swampert, L50, M|\n|poke|p2|Farigiraf, L50, F|\n|poke|p2|Kingambit, L50, F|\n|teampreview|4\n|showteam|p1|Raichu||RaichuniteY|LightningRod|ZapCannon,FocusBlast,FakeOut,Protect|Hasty||M|||50|]Venusaur||FocusSash|Chlorophyll|SleepPowder,LeafStorm,SludgeBomb,Protect|Modest||F|||50|]Charizard||CharizarditeY|Blaze|HeatWave,AirSlash,Protect,WeatherBall|Timid||F|||50|]Pelipper||SitrusBerry|Drizzle|Hurricane,WeatherBall,Protect,Tailwind|Bold||F|||50|]Archaludon||Leftovers|Stamina|ElectroShot,DragonPulse,FlashCannon,Protect|Timid||M|||50|]Toxicroak||WideLens|DrySkin|FakeOut,CloseCombat,GunkShot,SuckerPunch|Jolly||F|||50|\n|showteam|p2|Scovillain||Scovillainite|Chlorophyll|Overheat,GigaDrain,RagePowder,Protect|Bold||M|||50|]Aerodactyl||Aerodactylite|RockHead|RockSlide,DualWingbeat,Tailwind,Protect|Jolly||F|||50|]Sylveon||FairyFeather|Pixilate|HyperVoice,HyperBeam,QuickAttack,Protect|Modest||M|||50|]Swampert||LifeOrb|Torrent|WaveCrash,HighHorsepower,IcePunch,Protect|Adamant||M|||50|]Farigiraf||SitrusBerry|ArmorTail|Psychic,Thunderbolt,TrickRoom,Protect|Relaxed||F|||50|]Kingambit||BlackGlasses|Defiant|KowtowCleave,SuckerPunch,LowKick,Protect|Adamant||F|||50|\n|inactive|Battle timer is ON: inactive players will automatically lose when time's up. (requested by Parasha)\n|\n|t:|1788283312\n|teamsize|p1|4\n|teamsize|p2|4\n|start\n|switch|p1a: Charizard|Charizard, L50, F|100/100\n|switch|p1b: Venusaur|Venusaur, L50, F|100/100\n|switch|p2a: Farigiraf|Farigiraf, L50, F|100/100\n|switch|p2b: Kingambit|Kingambit, L50, F|100/100\n|turn|1\n|inactive|Parasha has 30 seconds left.\n|inactive|Parasha has 20 seconds left.\n|\n|t:|1788283349\n|switch|p2b: Swampert|Swampert, L50, M|100/100\n|detailschange|p1a: Charizard|Charizard-Mega-Y, L50, F\n|-mega|p1a: Charizard|Charizard|Charizardite Y\n|-weather|SunnyDay|[from] ability: Drought|[of] p1a: Charizard\n|move|p1b: Venusaur|Sleep Powder|p2a: Farigiraf|[miss]\n|-miss|p1b: Venusaur|p2a: Farigiraf\n|move|p1a: Charizard|Heat Wave|p2b: Swampert|[spread] p2a,p2b\n|-resisted|p2b: Swampert|1\n|-damage|p2a: Farigiraf|40/100\n|-damage|p2b: Swampert|70/100\n|-enditem|p2a: Farigiraf|Sitrus Berry|[eat]\n|-heal|p2a: Farigiraf|65/100|[from] item: Sitrus Berry\n|move|p2a: Farigiraf|Trick Room|p2a: Farigiraf\n|-fieldstart|move: Trick Room|[of] p2a: Farigiraf\n|\n|-weather|SunnyDay|[upkeep]\n|upkeep\n|turn|2\n|inactive|Parasha has 30 seconds left.\n|inactive|jellyuds has 30 seconds left.\n|\n|t:|1788283381\n|move|p1a: Charizard|Protect|p1a: Charizard\n|-singleturn|p1a: Charizard|Protect\n|move|p1b: Venusaur|Protect|p1b: Venusaur\n|-singleturn|p1b: Venusaur|Protect\n|move|p2a: Farigiraf|Psychic|p1b: Venusaur\n|-activate|p1b: Venusaur|move: Protect\n|move|p2b: Swampert|Ice Punch|p1b: Venusaur\n|-activate|p1b: Venusaur|move: Protect\n|\n|-weather|SunnyDay|[upkeep]\n|upkeep\n|turn|3\n|\n|t:|1788283396\n|switch|p1b: Archaludon|Archaludon, L50, M|100/100\n|move|p2a: Farigiraf|Psychic|p1b: Archaludon\n|-resisted|p1b: Archaludon|1\n|-damage|p1b: Archaludon|76/100\n|-ability|p1b: Archaludon|Stamina|boost\n|-boost|p1b: Archaludon|def|1\n|move|p2b: Swampert|Ice Punch|p1b: Archaludon\n|-damage|p1b: Archaludon|58/100\n|-ability|p1b: Archaludon|Stamina|boost\n|-boost|p1b: Archaludon|def|1\n|-damage|p2b: Swampert|60/100|[from] item: Life Orb\n|move|p1a: Charizard|Heat Wave|p2a: Farigiraf|[spread] p2a,p2b\n|-resisted|p2b: Swampert|1\n|-damage|p2a: Farigiraf|7/100\n|-damage|p2b: Swampert|32/100\n|\n|-weather|SunnyDay|[upkeep]\n|-heal|p1b: Archaludon|64/100|[from] item: Leftovers\n|upkeep\n|turn|4\n|\n|t:|1788283417\n|move|p1b: Archaludon|Protect|p1b: Archaludon\n|-singleturn|p1b: Archaludon|Protect\n|move|p1a: Charizard|Protect|p1a: Charizard\n|-singleturn|p1a: Charizard|Protect\n|move|p2a: Farigiraf|Thunderbolt|p1a: Charizard\n|-activate|p1a: Charizard|move: Protect\n|move|p2b: Swampert|High Horsepower|p1b: Archaludon\n|-activate|p1b: Archaludon|move: Protect\n|\n|-weather|SunnyDay|[upkeep]\n|-heal|p1b: Archaludon|70/100|[from] item: Leftovers\n|upkeep\n|turn|5\n|\n|t:|1788283433\n|switch|p1b: Pelipper|Pelipper, L50, F|100/100\n|-weather|RainDance|[from] ability: Drizzle|[of] p1b: Pelipper\n|move|p2a: Farigiraf|Thunderbolt|p1a: Charizard\n|-supereffective|p1a: Charizard|1\n|-damage|p1a: Charizard|52/100\n|move|p2b: Swampert|High Horsepower|p1b: Pelipper\n|-immune|p1b: Pelipper\n|move|p1a: Charizard|Heat Wave|p2a: Farigiraf|[spread] p2a,p2b\n|-resisted|p2b: Swampert|1\n|-damage|p2a: Farigiraf|0 fnt\n|-damage|p2b: Swampert|22/100\n|faint|p2a: Farigiraf\n|\n|-weather|RainDance|[upkeep]\n|-fieldend|move: Trick Room\n|upkeep\n|\n|t:|1788283450\n|switch|p2a: Kingambit|Kingambit, L50, F|100/100\n|turn|6\n|\n|t:|1788283461\n|switch|p1a: Archaludon|Archaludon, L50, M|70/100\n|move|p2b: Swampert|Wave Crash|p1a: Archaludon\n|-resisted|p1a: Archaludon|1\n|-damage|p1a: Archaludon|0 fnt\n|faint|p1a: Archaludon\n|-damage|p2b: Swampert|1/100|[from] Recoil\n|-damage|p2b: Swampert|0 fnt|[from] item: Life Orb\n|faint|p2b: Swampert\n|move|p1b: Pelipper|Weather Ball|p2a: Kingambit\n|-damage|p2a: Kingambit|53/100\n|move|p2a: Kingambit|Kowtow Cleave|p1b: Pelipper\n|-damage|p1b: Pelipper|56/100\n|\n|-weather|RainDance|[upkeep]\n|upkeep\n|\n|t:|1788283475\n|switch|p1a: Charizard|Charizard-Mega-Y, L50, F|52/100\n|switch|p2b: Scovillain|Scovillain, L50, M|100/100\n|-weather|SunnyDay|[from] ability: Drought|[of] p1a: Charizard\n|turn|7\n|\n|t:|1788283489\n|detailschange|p2b: Scovillain|Scovillain-Mega, L50, M\n|-mega|p2b: Scovillain|Scovillain|Scovillainite\n|move|p2a: Kingambit|Sucker Punch|p1a: Charizard\n|-damage|p1a: Charizard|0 fnt\n|faint|p1a: Charizard\n|move|p2b: Scovillain|Giga Drain|p1b: Pelipper\n|-damage|p1b: Pelipper|2/100\n|-enditem|p1b: Pelipper|Sitrus Berry|[eat]\n|-heal|p1b: Pelipper|27/100|[from] item: Sitrus Berry\n|move|p1b: Pelipper|Weather Ball|p2a: Kingambit\n|-supereffective|p2a: Kingambit|1\n|-damage|p2a: Kingambit|0 fnt\n|faint|p2a: Kingambit\n|\n|-weather|SunnyDay|[upkeep]\n|upkeep\n|\n|t:|1788283499\n|switch|p1a: Venusaur|Venusaur, L50, F|100/100\n|turn|8\n|\n|t:|1788283510\n|move|p1a: Venusaur|Sludge Bomb|p2b: Scovillain\n|-supereffective|p2b: Scovillain|1\n|-damage|p2b: Scovillain|0 fnt\n|-status|p1a: Venusaur|brn|[from] ability: Spicy Spray|[of] p2b: Scovillain\n|faint|p2b: Scovillain\n|\n|win|Parasha\n||Parasha is ready for game 2.\n||jellyuds is ready for game 2.\n|uhtml|next|Next: <a href=\"/battle-gen9championsvgc2026regmbbo3-2673972931\"><strong>Game 2 of 3</strong></a>\n","uploadtime":1788283782,"views":"0","formatid":"gen9championsvgc2026regmbbo3","rating":null,"private":0,"password":null}