{"id":"gen9championsvgc2026regmb-2674295600","format":"[Gen 9 Champions] VGC 2026 Reg M-B","players":["inferno_on_top","Freischieb"],"log":"|j|☆inferno_on_top\n|j|☆Freischieb\n|t:|1788334278\n|gametype|doubles\n|player|p1|inferno_on_top|gentleman-gen4|1401\n|player|p2|Freischieb|170|1340\n|gen|9\n|tier|[Gen 9 Champions] VGC 2026 Reg M-B\n|rated|\n|rule|Species Clause: Limit one of each Pokémon\n|rule|Item Clause: Limit 1 of each item\n|clearpoke\n|poke|p1|Kingambit, L50, M|\n|poke|p1|Sneasler, L50, M|\n|poke|p1|Whimsicott, L50, M|\n|poke|p1|Garchomp, L50, F|\n|poke|p1|Charizard, L50, M|\n|poke|p1|Feraligatr, L50, M|\n|poke|p2|Bellibolt, L50, M|\n|poke|p2|Froslass, L50, F|\n|poke|p2|Whimsicott, L50, F|\n|poke|p2|Farigiraf, L50, M|\n|poke|p2|Garchomp, L50, M|\n|poke|p2|Torkoal, L50, M, shiny|\n|teampreview|4\n|inactive|Battle timer is ON: inactive players will automatically lose when time's up. (requested by Freischieb)\n|inactive|Freischieb has 60 seconds left.\n|\n|t:|1788334310\n|teamsize|p1|4\n|teamsize|p2|4\n|start\n|switch|p1a: Feraligatr|Feraligatr, L50, M|100/100\n|switch|p1b: gambler|Sneasler, L50, M|100/100\n|switch|p2a: Farigiraf|Farigiraf, L50, M|100/100\n|switch|p2b: Froslass|Froslass, L50, F|100/100\n|turn|1\n|inactive|inferno_on_top has 30 seconds left.\n|\n|t:|1788334336\n|detailschange|p2b: Froslass|Froslass-Mega, L50, F\n|-mega|p2b: Froslass|Froslass|Froslassite\n|-weather|Snowscape|[from] ability: Snow Warning|[of] p2b: Froslass\n|detailschange|p1a: Feraligatr|Feraligatr-Mega, L50, M\n|-mega|p1a: Feraligatr|Feraligatr|Feraligite\n|move|p1b: gambler|Dire Claw|p2b: Froslass\n|-resisted|p2b: Froslass|1\n|-damage|p2b: Froslass|78/100\n|move|p2b: Froslass|Aurora Veil|p2b: Froslass\n|-sidestart|p2: Freischieb|move: Aurora Veil\n|move|p1a: Feraligatr|Double-Edge|p2b: Froslass\n|-damage|p2b: Froslass|7/100\n|-damage|p1a: Feraligatr|81/100|[from] Recoil\n|move|p2a: Farigiraf|Trick Room|p2a: Farigiraf\n|-fieldstart|move: Trick Room|[of] p2a: Farigiraf\n|\n|-weather|Snowscape|[upkeep]\n|upkeep\n|turn|2\n|\n|t:|1788334352\n|switch|p1b: King|Kingambit, L50, M|100/100\n|move|p1a: Feraligatr|Protect|p1a: Feraligatr\n|-singleturn|p1a: Feraligatr|Protect\n|move|p2a: Farigiraf|Thunderbolt|p1a: Feraligatr\n|-activate|p1a: Feraligatr|move: Protect\n|move|p2b: Froslass|Blizzard|p1a: Feraligatr|[spread] p1b\n|-activate|p1a: Feraligatr|move: Protect\n|-resisted|p1b: King|1\n|-damage|p1b: King|79/100\n|\n|-weather|Snowscape|[upkeep]\n|upkeep\n|turn|3\n|l|☆inferno_on_top\n|inactive|inferno_on_top disconnected and has a minute to reconnect!\n|player|p1|\n|j|☆inferno_on_top\n|inactive|inferno_on_top reconnected and has 35 seconds left.\n|player|p1|inferno_on_top|gentleman-gen4|\n|inactive|inferno_on_top has 30 seconds left.\n|inactive|inferno_on_top has 20 seconds left.\n|\n|t:|1788334390\n|switch|p2b: Bellibolt|Bellibolt, L50, M|100/100\n|move|p1b: King|Protect|p1b: King\n|-singleturn|p1b: King|Protect\n|move|p2a: Farigiraf|Protect|p2a: Farigiraf\n|-singleturn|p2a: Farigiraf|Protect\n|move|p1a: Feraligatr|Double-Edge|p2a: Farigiraf\n|-activate|p2a: Farigiraf|move: Protect\n|\n|-weather|Snowscape|[upkeep]\n|upkeep\n|turn|4\n|\n|t:|1788334402\n|move|p1a: Feraligatr|Protect|p1a: Feraligatr\n|-singleturn|p1a: Feraligatr|Protect\n|move|p2b: Bellibolt|Soak|p1a: Feraligatr\n|-activate|p1a: Feraligatr|move: Protect\n|move|p1b: King|Kowtow Cleave|p2a: Farigiraf\n|-supereffective|p2a: Farigiraf|1\n|-damage|p2a: Farigiraf|20/100r\n|-enditem|p2a: Farigiraf|Sitrus Berry|[eat]\n|-heal|p2a: Farigiraf|44/100|[from] item: Sitrus Berry\n|move|p2a: Farigiraf|Thunderbolt|p1a: Feraligatr\n|-activate|p1a: Feraligatr|move: Protect\n|\n|-weather|Snowscape|[upkeep]\n|upkeep\n|turn|5\n|\n|t:|1788334426\n|move|p2b: Bellibolt|Soak|p1a: Feraligatr\n|-start|p1a: Feraligatr|typechange|Water\n|move|p1b: King|Kowtow Cleave|p2a: Farigiraf\n|-supereffective|p2a: Farigiraf|1\n|-damage|p2a: Farigiraf|0 fnt\n|faint|p2a: Farigiraf\n|move|p1a: Feraligatr|Double-Edge|p2b: Bellibolt\n|-damage|p2b: Bellibolt|63/100\n|-start|p2b: Bellibolt|Charge|Double-Edge|[from] ability: Electromorphosis\n|-damage|p1a: Feraligatr|67/100|[from] Recoil\n|\n|-weather|none\n|-sideend|p2: Freischieb|move: Aurora Veil\n|-fieldend|move: Trick Room\n|upkeep\n|\n|t:|1788334436\n|switch|p2a: Torkoal|Torkoal, L50, M, shiny|100/100\n|-weather|SunnyDay|[from] ability: Drought|[of] p2a: Torkoal\n|turn|6\n|\n|t:|1788334445\n|move|p1a: Feraligatr|Double-Edge|p2a: Torkoal\n|-damage|p2a: Torkoal|50/100g\n|-damage|p1a: Feraligatr|52/100|[from] Recoil\n|move|p1b: King|Kowtow Cleave|p2a: Torkoal\n|-damage|p2a: Torkoal|1/100\n|move|p2b: Bellibolt|Parabolic Charge|p1a: Feraligatr|[spread] p2a,p1a,p1b\n|-supereffective|p1a: Feraligatr|1\n|-damage|p2a: Torkoal|0 fnt\n|-heal|p2b: Bellibolt|63/100|[from] drain|[of] p2a: Torkoal\n|-damage|p1a: Feraligatr|0 fnt\n|-heal|p2b: Bellibolt|87/100|[from] drain|[of] p1a: Feraligatr\n|-damage|p1b: King|29/100\n|-heal|p2b: Bellibolt|100/100|[from] drain|[of] p1b: King\n|faint|p2a: Torkoal\n|faint|p1a: Feraligatr\n|-end|p2b: Bellibolt|Charge|[silent]\n|\n|-weather|SunnyDay|[upkeep]\n|upkeep\n|\n|t:|1788334460\n|switch|p1a: Charizard|Charizard, L50, M|100/100\n|switch|p2a: Froslass|Froslass-Mega, L50, F|7/100\n|-weather|Snowscape|[from] ability: Snow Warning|[of] p2a: Froslass\n|turn|7\n|\n|t:|1788334476\n|move|p2a: Froslass|Aurora Veil|p2a: Froslass\n|-sidestart|p2: Freischieb|move: Aurora Veil\n|move|p1a: Charizard|Heat Wave|p2a: Froslass|[spread] p2a,p2b\n|-supereffective|p2a: Froslass|1\n|-damage|p2a: Froslass|0 fnt\n|-damage|p2b: Bellibolt|79/100\n|-start|p2b: Bellibolt|Charge|Heat Wave|[from] ability: Electromorphosis\n|faint|p2a: Froslass\n|move|p1b: King|Kowtow Cleave|p2b: Bellibolt\n|-damage|p2b: Bellibolt|41/100\n|-start|p2b: Bellibolt|Charge|Kowtow Cleave|[from] ability: Electromorphosis\n|move|p2b: Bellibolt|Parabolic Charge|p1a: Charizard|[spread] p1a,p1b\n|-supereffective|p1a: Charizard|1\n|-damage|p1a: Charizard|0 fnt\n|-heal|p2b: Bellibolt|77/100|[from] drain|[of] p1a: Charizard\n|-damage|p1b: King|0 fnt\n|-heal|p2b: Bellibolt|92/100|[from] drain|[of] p1b: King\n|faint|p1a: Charizard\n|faint|p1b: King\n|-end|p2b: Bellibolt|Charge|[silent]\n|\n|-weather|Snowscape|[upkeep]\n|upkeep\n|\n|t:|1788334490\n|switch|p1a: gambler|Sneasler, L50, M|100/100\n|turn|8\n|\n|t:|1788334500\n|move|p1a: gambler|Dire Claw|p2b: Bellibolt\n|-damage|p2b: Bellibolt|66/100\n|-status|p2b: Bellibolt|slp\n|-start|p2b: Bellibolt|Charge|Dire Claw|[from] ability: Electromorphosis\n|cant|p2b: Bellibolt|slp\n|-end|p2b: Bellibolt|Charge|[silent]\n|\n|-weather|Snowscape|[upkeep]\n|upkeep\n|turn|9\n|\n|t:|1788334506\n|move|p1a: gambler|Close Combat|p2b: Bellibolt\n|-damage|p2b: Bellibolt|28/100 slp\n|-unboost|p1a: gambler|def|1\n|-unboost|p1a: gambler|spd|1\n|-start|p2b: Bellibolt|Charge|Close Combat|[from] ability: Electromorphosis\n|-enditem|p1a: gambler|White Herb\n|-clearnegativeboost|p1a: gambler|[silent]\n|-curestatus|p2b: Bellibolt|slp|[msg]\n|move|p2b: Bellibolt|Soak|p1a: gambler\n|-start|p1a: gambler|typechange|Water\n|\n|-weather|Snowscape|[upkeep]\n|upkeep\n|turn|10\n|\n|t:|1788334516\n|move|p1a: gambler|Close Combat|p2b: Bellibolt\n|-damage|p2b: Bellibolt|2/100\n|-unboost|p1a: gambler|def|1\n|-unboost|p1a: gambler|spd|1\n|-start|p2b: Bellibolt|Charge|Close Combat|[from] ability: Electromorphosis\n|move|p2b: Bellibolt|Parabolic Charge|p1a: gambler\n|-supereffective|p1a: gambler|1\n|-damage|p1a: gambler|0 fnt\n|-heal|p2b: Bellibolt|39/100|[from] drain|[of] p1a: gambler\n|faint|p1a: gambler\n|-end|p2b: Bellibolt|Charge|[silent]\n|\n|win|Freischieb\n|raw|inferno_on_top's rating: 1378 &rarr; <strong>1356</strong><br />(-22 for losing)\n|raw|Freischieb's rating: 1340 &rarr; <strong>1362</strong><br />(+22 for winning)\n","uploadtime":1788334527,"views":"1","formatid":"gen9championsvgc2026regmb","rating":1356,"private":0,"password":null}