{"id":"gen9championsvgc2026regmbbo3-2674872727","format":"[Gen 9 Champions] VGC 2026 Reg M-B (Bo3)","players":["jc1701","okkia3"],"log":"|j|☆jc1701\n|j|☆okkia3\n|html|<table width=\"100%\"><tr><td align=\"left\">jc1701</td><td align=\"right\">okkia3</tr><tr><td align=\"left\"><i class=\"fa fa-circle-o\"></i> <i class=\"fa fa-circle-o\"></i> </td><td align=\"right\"><i class=\"fa fa-circle-o\"></i> <i class=\"fa fa-circle-o\"></i> </tr></table>\n|uhtml|bestof|<h2><strong>Game 1</strong> of <a href=\"/game-bestof3-gen9championsvgc2026regmbbo3-2674872725\">a best-of-3</a></h2>\n|t:|1788426210\n|gametype|doubles\n|player|p1|jc1701|169|1077\n|player|p2|okkia3|102|1021\n|gen|9\n|tier|[Gen 9 Champions] VGC 2026 Reg M-B (Bo3)\n|rated|\n|rule|Species Clause: Limit one of each Pokémon\n|rule|Item Clause: Limit 1 of each item\n|clearpoke\n|poke|p1|Dragonite, L50, M|\n|poke|p1|Archaludon, L50, M|\n|poke|p1|Basculegion, L50, M|\n|poke|p1|Kingambit, L50, F|\n|poke|p1|Pelipper, L50, M|\n|poke|p1|Sinistcha, L50|\n|poke|p2|Charizard, L50, F|\n|poke|p2|Whimsicott, L50, F|\n|poke|p2|Basculegion, L50, M|\n|poke|p2|Farigiraf, L50, M|\n|poke|p2|Kangaskhan, L50, F|\n|poke|p2|Sneasler, L50, F|\n|teampreview|4\n|showteam|p1|Dragonite||Dragoninite|Multiscale|HeatWave,Hurricane,DragonPulse,Protect|Modest||M|||50|]Archaludon||Leftovers|Stamina|ElectroShot,FlashCannon,DragonPulse,Protect|Modest||M|||50|]Basculegion||LifeOrb|Adaptability|WaveCrash,LastRespects,AquaJet,Protect|Adamant||M|||50|]Kingambit||ChopleBerry|Defiant|KowtowCleave,SuckerPunch,IronHead,Protect|Adamant||F|||50|]Pelipper||FocusSash|Drizzle|WideGuard,Tailwind,Hurricane,WeatherBall|Serious||M|||50|]Sinistcha||SitrusBerry|Hospitality|TrickRoom,MatchaGotcha,RagePowder,StrengthSap|Relaxed|||||50|\n|showteam|p2|Charizard||CharizarditeY|SolarPower|WeatherBall,HeatWave,SolarBeam,Protect|Timid||F|||50|]Whimsicott||FocusSash|Prankster|Moonblast,Tailwind,SunnyDay,Encore|Timid||F|||50|]Basculegion||ChoiceScarf|Adaptability|WaveCrash,AquaJet,LastRespects,FlipTurn|Adamant||M|||50|]Farigiraf||SitrusBerry|ArmorTail|Psychic,HyperVoice,HelpingHand,TrickRoom|Modest||M|||50|]Kangaskhan||Kangaskhanite|Scrappy|FakeOut,DoubleEdge,DrainPunch,SuckerPunch|Adamant||F|||50|]Sneasler||WhiteHerb|Unburden|FakeOut,CloseCombat,DireClaw,RockTomb|Adamant||F|||50|\n|inactive|Battle timer is ON: inactive players will automatically lose when time's up. (requested by okkia3)\n|inactive|jc1701 has 60 seconds left.\n|\n|t:|1788426265\n|teamsize|p1|4\n|teamsize|p2|4\n|start\n|switch|p1a: Dragonite|Dragonite, L50, M|100/100\n|switch|p1b: Archaludon|Archaludon, L50, M|100/100\n|switch|p2a: Charizard|Charizard, L50, F|100/100\n|switch|p2b: Sneasler|Sneasler, L50, F|100/100\n|turn|1\n|\n|t:|1788426279\n|move|p2a: Charizard|Protect|p2a: Charizard\n|-singleturn|p2a: Charizard|Protect\n|move|p1b: Archaludon|Protect|p1b: Archaludon\n|-singleturn|p1b: Archaludon|Protect\n|move|p1a: Dragonite|Protect|p1a: Dragonite\n|-singleturn|p1a: Dragonite|Protect\n|move|p2b: Sneasler|Close Combat|p1b: Archaludon\n|-activate|p1b: Archaludon|move: Protect\n|\n|upkeep\n|turn|2\n|\n|t:|1788426293\n|switch|p2a: Farigiraf|Farigiraf, L50, M|100/100\n|switch|p1b: Basculegion|Basculegion, L50, M|100/100\n|detailschange|p1a: Dragonite|Dragonite-Mega, L50, M\n|-mega|p1a: Dragonite|Dragonite|Dragoninite\n|move|p2b: Sneasler|Close Combat|p1b: Basculegion\n|-immune|p1b: Basculegion\n|move|p1a: Dragonite|Hurricane|p2b: Sneasler|[miss]\n|-miss|p1a: Dragonite|p2b: Sneasler\n|\n|upkeep\n|turn|3\n|\n|t:|1788426314\n|switch|p1b: Pelipper|Pelipper, L50, M|100/100\n|-weather|RainDance|[from] ability: Drizzle|[of] p1b: Pelipper\n|move|p2a: Farigiraf|Helping Hand|p2b: Sneasler\n|-singleturn|p2b: Sneasler|Helping Hand|[of] p2a: Farigiraf\n|move|p2b: Sneasler|Dire Claw|p1a: Dragonite\n|-damage|p1a: Dragonite|70/100\n|move|p1a: Dragonite|Dragon Pulse|p2b: Sneasler\n|-damage|p2b: Sneasler|22/100\n|\n|-weather|RainDance|[upkeep]\n|upkeep\n|turn|4\n|\n|t:|1788426334\n|move|p1a: Dragonite|Protect|p1a: Dragonite\n|-singleturn|p1a: Dragonite|Protect\n|move|p2b: Sneasler|Dire Claw|p1b: Pelipper\n|-damage|p1b: Pelipper|56/100\n|-status|p1b: Pelipper|par\n|move|p2a: Farigiraf|Psychic|p1b: Pelipper\n|-damage|p1b: Pelipper|5/100 par\n|move|p1b: Pelipper|Weather Ball|p2a: Farigiraf\n|-damage|p2a: Farigiraf|52/100\n|\n|-weather|RainDance|[upkeep]\n|upkeep\n|turn|5\n|\n|t:|1788426354\n|switch|p1b: Archaludon|Archaludon, L50, M|100/100\n|move|p2b: Sneasler|Dire Claw|p1b: Archaludon\n|-immune|p1b: Archaludon\n|move|p1a: Dragonite|Hurricane|p2b: Sneasler\n|-supereffective|p2b: Sneasler|1\n|-damage|p2b: Sneasler|0 fnt\n|faint|p2b: Sneasler\n|move|p2a: Farigiraf|Psychic|p1b: Archaludon\n|-resisted|p1b: Archaludon|1\n|-damage|p1b: Archaludon|74/100\n|-unboost|p1b: Archaludon|spd|1\n|-ability|p1b: Archaludon|Stamina|boost\n|-boost|p1b: Archaludon|def|1\n|\n|-weather|RainDance|[upkeep]\n|-heal|p1b: Archaludon|80/100|[from] item: Leftovers\n|upkeep\n|\n|t:|1788426354\n|switch|p2b: Whimsicott|Whimsicott, L50, F|100/100\n|turn|6\n|\n|t:|1788426373\n|move|p2b: Whimsicott|Moonblast|p1b: Archaludon\n|-damage|p1b: Archaludon|5/100\n|-ability|p1b: Archaludon|Stamina|boost\n|-boost|p1b: Archaludon|def|1\n|move|p1a: Dragonite|Hurricane|p2b: Whimsicott\n|-supereffective|p2b: Whimsicott|1\n|-enditem|p2b: Whimsicott|Focus Sash\n|-damage|p2b: Whimsicott|1/100\n|-start|p2b: Whimsicott|confusion\n|move|p1b: Archaludon|Electro Shot||[still]\n|-prepare|p1b: Archaludon|Electro Shot\n|-boost|p1b: Archaludon|spa|1\n|-anim|p1b: Archaludon|Electro Shot|p2a: Farigiraf\n|-damage|p2a: Farigiraf|0 fnt\n|faint|p2a: Farigiraf\n|\n|-weather|RainDance|[upkeep]\n|-heal|p1b: Archaludon|11/100|[from] item: Leftovers\n|upkeep\n|\n|t:|1788426373\n|switch|p2a: Charizard|Charizard, L50, F|100/100\n|turn|7\n|\n|t:|1788426396\n|move|p2a: Charizard|Protect|p2a: Charizard\n|-singleturn|p2a: Charizard|Protect\n|move|p1a: Dragonite|Protect|p1a: Dragonite\n|-singleturn|p1a: Dragonite|Protect\n|-activate|p2b: Whimsicott|confusion\n|-damage|p2b: Whimsicott|0 fnt|[from] confusion\n|faint|p2b: Whimsicott\n|move|p1b: Archaludon|Electro Shot||[still]\n|-prepare|p1b: Archaludon|Electro Shot\n|-boost|p1b: Archaludon|spa|1\n|-anim|p1b: Archaludon|Electro Shot|p2a: Charizard\n|-activate|p2a: Charizard|move: Protect\n|\n|-weather|none\n|-heal|p1b: Archaludon|17/100|[from] item: Leftovers\n|upkeep\n|turn|8\n|\n|t:|1788426413\n|move|p2a: Charizard|Heat Wave|p1a: Dragonite|[spread] p1a\n|-miss|p2a: Charizard|p1b: Archaludon\n|-resisted|p1a: Dragonite|1\n|-damage|p1a: Dragonite|57/100\n|move|p1a: Dragonite|Dragon Pulse|p2a: Charizard\n|-damage|p2a: Charizard|35/100\n|move|p1b: Archaludon|Dragon Pulse|p2a: Charizard\n|-damage|p2a: Charizard|0 fnt\n|faint|p2a: Charizard\n|\n|win|jc1701\n","uploadtime":1788426413,"views":"1","formatid":"gen9championsvgc2026regmbbo3","rating":null,"private":0,"password":null}