{"id":"gen9championsvgc2026regmb-2674801649","format":"[Gen 9 Champions] VGC 2026 Reg M-B","players":["quottle","Difjsjc"],"log":"|j|☆quottle\n|j|☆Difjsjc\n|t:|1788409542\n|gametype|doubles\n|player|p1|quottle|pokekid|1301\n|player|p2|Difjsjc|clerk-boss|1245\n|gen|9\n|tier|[Gen 9 Champions] VGC 2026 Reg M-B\n|rated|\n|rule|Species Clause: Limit one of each Pokémon\n|rule|Item Clause: Limit 1 of each item\n|clearpoke\n|poke|p1|Whimsicott, L50, F|\n|poke|p1|Staraptor, L50, F|\n|poke|p1|Basculegion, L50, M|\n|poke|p1|Kingambit, L50, M|\n|poke|p1|Raichu, L50, M|\n|poke|p1|Sinistcha-Masterpiece, L50|\n|poke|p2|Toxapex, L50, M|\n|poke|p2|Overqwil, L50, F|\n|poke|p2|Scolipede, L50, F|\n|poke|p2|Sneasler, L50, F, shiny|\n|poke|p2|Venusaur, L50, M|\n|poke|p2|Slowking-Galar, L50, F|\n|teampreview|4\n|inactive|Battle timer is ON: inactive players will automatically lose when time's up. (requested by quottle)\n|\n|t:|1788409554\n|teamsize|p1|4\n|teamsize|p2|4\n|start\n|switch|p1a: Whimsicott|Whimsicott, L50, F|100/100\n|switch|p1b: Staraptor|Staraptor, L50, F|100/100\n|switch|p2a: Minesweeper|Overqwil, L50, F|100/100\n|switch|p2b: Chernobyl|Toxapex, L50, M|100/100\n|-ability|p1b: Staraptor|Intimidate|boost\n|-unboost|p2a: Minesweeper|atk|1\n|-unboost|p2b: Chernobyl|atk|1\n|-ability|p2a: Minesweeper|Intimidate|boost\n|-unboost|p1a: Whimsicott|atk|1\n|-unboost|p1b: Staraptor|atk|1\n|turn|1\n|\n|t:|1788409571\n|switch|p2a: Asparagus|Venusaur, L50, M|100/100\n|detailschange|p1b: Staraptor|Staraptor-Mega, L50, F\n|-mega|p1b: Staraptor|Staraptor|Staraptite\n|move|p1a: Whimsicott|Charm|p1b: Staraptor\n|-boost|p1b: Staraptor|atk|2\n|move|p1b: Staraptor|Close Combat|p2a: Asparagus\n|-resisted|p2a: Asparagus|1\n|-damage|p2a: Asparagus|63/100\n|-boost|p1b: Staraptor|def|1\n|-boost|p1b: Staraptor|spd|1\n|move|p2b: Chernobyl|Toxic|p1b: Staraptor\n|-status|p1b: Staraptor|tox\n|\n|-damage|p1b: Staraptor|93/100 tox|[from] psn\n|upkeep\n|turn|2\n|inactive|Difjsjc has 30 seconds left.\n|inactive|Difjsjc has 20 seconds left.\n|\n|t:|1788409610\n|switch|p2b: Rotten Banana|Sneasler, L50, F, shiny|100/100\n|detailschange|p2a: Asparagus|Venusaur-Mega, L50, M\n|-mega|p2a: Asparagus|Venusaur|Venusaurite\n|move|p2a: Asparagus|Protect|p2a: Asparagus\n|-singleturn|p2a: Asparagus|Protect\n|move|p1a: Whimsicott|Charm|p1b: Staraptor\n|-boost|p1b: Staraptor|atk|2\n|move|p1b: Staraptor|Close Combat|p2a: Asparagus\n|-activate|p2a: Asparagus|move: Protect\n|\n|-damage|p1b: Staraptor|81/100 tox|[from] psn\n|upkeep\n|turn|3\n|inactive|Difjsjc has 30 seconds left.\n|\n|t:|1788409638\n|move|p2b: Rotten Banana|Fake Out|p1b: Staraptor\n|-crit|p1b: Staraptor\n|-damage|p1b: Staraptor|57/100 tox\n|move|p1a: Whimsicott|Encore|p2a: Asparagus\n|-start|p2a: Asparagus|Encore\n|move|p2a: Asparagus|Protect||[still]\n|-fail|p2a: Asparagus\n|cant|p1b: Staraptor|flinch\n|\n|-damage|p1b: Staraptor|38/100 tox|[from] psn\n|upkeep\n|turn|4\n|inactive|Difjsjc has 30 seconds left.\n|\n|t:|1788409665\n|switch|p2b: Minesweeper|Overqwil, L50, F|100/100\n|-ability|p2b: Minesweeper|Intimidate|boost\n|-unboost|p1a: Whimsicott|atk|1\n|-boost|p1b: Staraptor|atk|1\n|switch|p2a: Chernobyl|Toxapex, L50, M|100/100\n|move|p1a: Whimsicott|Encore|p2b: Minesweeper\n|-hint|Since gen 7, Dark is immune to Prankster moves.\n|-immune|p2b: Minesweeper\n|move|p1b: Staraptor|Close Combat|p2b: Minesweeper\n|-damage|p2b: Minesweeper|0 fnt\n|-boost|p1b: Staraptor|def|1\n|-boost|p1b: Staraptor|spd|1\n|faint|p2b: Minesweeper\n|\n|-damage|p1b: Staraptor|13/100 tox|[from] psn\n|upkeep\n|\n|t:|1788409678\n|switch|p2b: Rotten Banana|Sneasler, L50, F, shiny|100/100\n|turn|5\n|l|☆quottle\n|inactive|quottle disconnected and has a minute to reconnect!\n|player|p1|\n|j|☆quottle\n|inactive|quottle reconnected and has 35 seconds left.\n|player|p1|quottle|pokekid|\n|inactive|quottle has 30 seconds left.\n|inactive|quottle has 20 seconds left.\n|\n|t:|1788409715\n|switch|p1b: Kingambit|Kingambit, L50, M|100/100\n|move|p2b: Rotten Banana|Dire Claw|p1b: Kingambit\n|-immune|p1b: Kingambit\n|move|p1a: Whimsicott|Moonblast|p2b: Rotten Banana\n|-damage|p2b: Rotten Banana|42/100\n|move|p2a: Chernobyl|Toxic|p1a: Whimsicott\n|-status|p1a: Whimsicott|tox\n|\n|-damage|p1a: Whimsicott|94/100 tox|[from] psn\n|upkeep\n|turn|6\n|\n|t:|1788409734\n|move|p2b: Rotten Banana|Close Combat|p1b: Kingambit\n|-supereffective|p1b: Kingambit|2\n|-damage|p1b: Kingambit|0 fnt\n|-unboost|p2b: Rotten Banana|def|1\n|-unboost|p2b: Rotten Banana|spd|1\n|faint|p1b: Kingambit\n|-enditem|p2b: Rotten Banana|White Herb\n|-clearnegativeboost|p2b: Rotten Banana|[silent]\n|move|p1a: Whimsicott|Moonblast|p2b: Rotten Banana\n|-crit|p2b: Rotten Banana\n|-damage|p2b: Rotten Banana|0 fnt\n|faint|p2b: Rotten Banana\n|move|p2a: Chernobyl|Muddy Water|p1a: Whimsicott\n|-resisted|p1a: Whimsicott|1\n|-damage|p1a: Whimsicott|76/100 tox\n|\n|-damage|p1a: Whimsicott|64/100 tox|[from] psn\n|upkeep\n|\n|t:|1788409750\n|switch|p2b: Asparagus|Venusaur-Mega, L50, M|63/100\n|switch|p1b: Basculegion|Basculegion, L50, M|100/100\n|turn|7\n|\n|t:|1788409763\n|move|p1a: Whimsicott|Tailwind|p1a: Whimsicott\n|-sidestart|p1: quottle|move: Tailwind\n|move|p1b: Basculegion|Last Respects|p2b: Asparagus\n|-damage|p2b: Asparagus|27/100\n|move|p2b: Asparagus|Giga Drain|p1b: Basculegion\n|-supereffective|p1b: Basculegion|1\n|-damage|p1b: Basculegion|28/100\n|-heal|p2b: Asparagus|64/100|[from] drain|[of] p1b: Basculegion\n|move|p2a: Chernobyl|Muddy Water|p1a: Whimsicott|[spread] p1a,p1b\n|-resisted|p1a: Whimsicott|1\n|-resisted|p1b: Basculegion|1\n|-damage|p1a: Whimsicott|51/100 tox\n|-damage|p1b: Basculegion|21/100\n|\n|-damage|p1a: Whimsicott|34/100 tox|[from] psn\n|upkeep\n|turn|8\n|\n|t:|1788409787\n|move|p2b: Asparagus|Protect|p2b: Asparagus\n|-singleturn|p2b: Asparagus|Protect\n|move|p1b: Basculegion|Last Respects|p2b: Asparagus\n|-activate|p2b: Asparagus|move: Protect\n|move|p1a: Whimsicott|Moonblast|p2b: Asparagus\n|-activate|p2b: Asparagus|move: Protect\n|move|p2a: Chernobyl|Muddy Water|p1b: Basculegion|[spread] p1a,p1b\n|-resisted|p1a: Whimsicott|1\n|-resisted|p1b: Basculegion|1\n|-damage|p1a: Whimsicott|22/100 tox\n|-damage|p1b: Basculegion|12/100\n|\n|-damage|p1a: Whimsicott|0 fnt|[from] psn\n|faint|p1a: Whimsicott\n|upkeep\n|\n|t:|1788409791\n|switch|p1a: Staraptor|Staraptor-Mega, L50, F|13/100 tox\n|turn|9\n|\n|t:|1788409807\n|move|p1b: Basculegion|Last Respects|p2a: Chernobyl\n|-damage|p2a: Chernobyl|45/100\n|move|p1a: Staraptor|Brave Bird|p2b: Asparagus\n|-supereffective|p2b: Asparagus|1\n|-damage|p2b: Asparagus|0 fnt\n|faint|p2b: Asparagus\n|-damage|p1a: Staraptor|0 fnt|[from] Recoil\n|faint|p1a: Staraptor\n|move|p2a: Chernobyl|Muddy Water|p1b: Basculegion\n|-resisted|p1b: Basculegion|1\n|-damage|p1b: Basculegion|2/100\n|\n|upkeep\n|turn|10\n|\n|t:|1788409827\n|move|p1b: Basculegion|Last Respects|p2a: Chernobyl\n|-damage|p2a: Chernobyl|0 fnt\n|faint|p2a: Chernobyl\n|\n|win|quottle\n|raw|quottle's rating: 1301 &rarr; <strong>1318</strong><br />(+17 for winning)\n|raw|Difjsjc's rating: 1245 &rarr; <strong>1224</strong><br />(-21 for losing)\n","uploadtime":1788409833,"views":"0","formatid":"gen9championsvgc2026regmb","rating":1224,"private":0,"password":null}