{"id":"gen9championsvgc2026regmb-2674434857","format":"[Gen 9 Champions] VGC 2026 Reg M-B","players":["roach muncher","benditoe"],"log":"|j|☆roach muncher\n|j|‽benditoe\n|t:|1788359431\n|gametype|doubles\n|player|p1|roach muncher|lady-gen4|1102\n|player|p2|benditoe|fisherman-gen4|1000\n|gen|9\n|tier|[Gen 9 Champions] VGC 2026 Reg M-B\n|rated|\n|rule|Species Clause: Limit one of each Pokémon\n|rule|Item Clause: Limit 1 of each item\n|clearpoke\n|poke|p1|Scizor, L50, F|\n|poke|p1|Kingambit, L50, M|\n|poke|p1|Sableye, L50, F|\n|poke|p1|Arcanine-Hisui, L50, M|\n|poke|p1|Sneasler, L50, F|\n|poke|p1|Rotom-Wash, L50|\n|poke|p2|Floette-Eternal, L50, F|\n|poke|p2|Sneasler, L50, F, shiny|\n|poke|p2|Sylveon, L50, F, shiny|\n|poke|p2|Sinistcha-Masterpiece, L50, shiny|\n|poke|p2|Volcarona, L50, F, shiny|\n|poke|p2|Palafin, L50, M, shiny|\n|teampreview|4\nbenditoe rejected open team sheets.\n|\n|t:|1788359457\n|teamsize|p1|4\n|teamsize|p2|4\n|start\n|switch|p1a: Scizor|Scizor, L50, F|100/100\n|switch|p1b: Sableye|Sableye, L50, F|100/100\n|switch|p2a: Floette|Floette-Eternal, L50, F|100/100\n|switch|p2b: Sylveon|Sylveon, L50, F, shiny|100/100\n|turn|1\n|inactive|Battle timer is ON: inactive players will automatically lose when time's up. (requested by roach muncher)\n|\n|t:|1788359484\n|detailschange|p2a: Floette|Floette-Mega, L50, F\n|-mega|p2a: Floette|Floette|Floettite\n|-ability|p2a: Floette|Fairy Aura\n|detailschange|p1a: Scizor|Scizor-Mega, L50, F\n|-mega|p1a: Scizor|Scizor|Scizorite\n|move|p1b: Sableye|Fake Out|p2b: Sylveon\n|-damage|p2b: Sylveon|92/100\n|move|p2a: Floette|Dazzling Gleam|p1b: Sableye|[spread] p1a,p1b\n|-resisted|p1a: Scizor|1\n|-supereffective|p1b: Sableye|1\n|-damage|p1a: Scizor|71/100\n|-damage|p1b: Sableye|0 fnt\n|faint|p1b: Sableye\n|move|p1a: Scizor|Swords Dance|p1a: Scizor\n|-boost|p1a: Scizor|atk|2\n|cant|p2b: Sylveon|flinch\n|\n|-heal|p2b: Sylveon|98/100|[from] item: Leftovers\n|upkeep\n|\n|t:|1788359499\n|switch|p1b: Arcanine|Arcanine-Hisui, L50, M|100/100\n|-ability|p1b: Arcanine|Intimidate|boost\n|-unboost|p2a: Floette|atk|1\n|-unboost|p2b: Sylveon|atk|1\n|turn|2\n|\n|t:|1788359512\n|move|p1a: Scizor|Protect|p1a: Scizor\n|-singleturn|p1a: Scizor|Protect\n|move|p1b: Arcanine|Rock Slide|p2a: Floette|[spread] p2a,p2b\n|-crit|p2b: Sylveon\n|-damage|p2a: Floette|70/100\n|-damage|p2b: Sylveon|49/100\n|move|p2a: Floette|Dazzling Gleam|p1a: Scizor|[spread] p1b\n|-activate|p1a: Scizor|move: Protect\n|-resisted|p1b: Arcanine|1\n|-crit|p1b: Arcanine\n|-damage|p1b: Arcanine|54/100\n|move|p2b: Sylveon|Hyper Voice|p1a: Scizor|[spread] p1b\n|-activate|p1a: Scizor|move: Protect\n|-resisted|p1b: Arcanine|1\n|-damage|p1b: Arcanine|20/100y\n|\n|-heal|p1b: Arcanine|26/100|[from] item: Leftovers\n|-heal|p2b: Sylveon|54/100|[from] item: Leftovers\n|upkeep\n|turn|3\n|\n|t:|1788359532\n|move|p1a: Scizor|Bullet Punch|p2a: Floette\n|-supereffective|p2a: Floette|1\n|-damage|p2a: Floette|0 fnt\n|faint|p2a: Floette\n|move|p1b: Arcanine|Flare Blitz|p2b: Sylveon\n|-damage|p2b: Sylveon|0 fnt\n|faint|p2b: Sylveon\n|-damage|p1b: Arcanine|5/100|[from] Recoil\n|\n|-heal|p1b: Arcanine|11/100|[from] item: Leftovers\n|upkeep\n|\n|t:|1788359543\n|switch|p2a: Sinistcha|Sinistcha-Masterpiece, L50, shiny|100/100\n|switch|p2b: Sneasler|Sneasler, L50, F, shiny|100/100\n|turn|4\n|\n|t:|1788359568\n|switch|p1b: Rotom|Rotom-Wash, L50|100/100\n|move|p2b: Sneasler|Fake Out|p1b: Rotom\n|-damage|p1b: Rotom|83/100\n|move|p2a: Sinistcha|Substitute|p2a: Sinistcha\n|-start|p2a: Sinistcha|Substitute\n|-damage|p2a: Sinistcha|75/100\n|move|p1a: Scizor|Bug Bite|p2a: Sinistcha\n|-end|p2a: Sinistcha|Substitute\n|\n|upkeep\n|turn|5\n|inactive|roach muncher has 30 seconds left.\n|inactive|benditoe has 30 seconds left.\n|inactive|benditoe has 20 seconds left.\n|inactive|benditoe has 15 seconds left.\n|inactive|benditoe has 10 seconds left.\n|inactive|benditoe has 5 seconds left.\n|\n|t:|1788359623\n|switch|p1b: Arcanine|Arcanine-Hisui, L50, M|11/100\n|-ability|p1b: Arcanine|Intimidate|boost\n|-unboost|p2a: Sinistcha|atk|1\n|-unboost|p2b: Sneasler|atk|1\n|-enditem|p2b: Sneasler|White Herb\n|-clearnegativeboost|p2b: Sneasler|[silent]\n|move|p2a: Sinistcha|Protect|p2a: Sinistcha\n|-singleturn|p2a: Sinistcha|Protect\n|move|p1a: Scizor|Bullet Punch|p2a: Sinistcha\n|-activate|p2a: Sinistcha|move: Protect\n|move|p2b: Sneasler|Close Combat|p1b: Arcanine\n|-supereffective|p1b: Arcanine|1\n|-damage|p1b: Arcanine|0 fnt\n|-unboost|p2b: Sneasler|def|1\n|-unboost|p2b: Sneasler|spd|1\n|faint|p1b: Arcanine\n|\n|upkeep\n|\n|t:|1788359639\n|switch|p1b: Rotom|Rotom-Wash, L50|83/100\n|turn|6\n|inactive|benditoe has 30 seconds left.\n|inactive|benditoe has 20 seconds left.\n|inactive|benditoe has 15 seconds left.\n|inactive|benditoe has 10 seconds left.\n|inactive|benditoe has 5 seconds left.\n|\n|t:|1788359694\n|move|p2a: Sinistcha|Protect||[still]\n|-fail|p2a: Sinistcha\n|move|p1a: Scizor|Bullet Punch|p2b: Sneasler\n|-damage|p2b: Sneasler|0 fnt\n|faint|p2b: Sneasler\n|move|p1b: Rotom|Hydro Pump|p2a: Sinistcha\n|-resisted|p2a: Sinistcha|1\n|-damage|p2a: Sinistcha|50/100y\n|-enditem|p2a: Sinistcha|Sitrus Berry|[eat]\n|-heal|p2a: Sinistcha|74/100|[from] item: Sitrus Berry\n|\n|upkeep\n|turn|7\n|inactive|roach muncher has 30 seconds left.\n|inactive|benditoe has 30 seconds left.\n|inactive|benditoe has 20 seconds left.\n|inactive|benditoe has 15 seconds left.\n|inactive|benditoe has 10 seconds left.\n|\n|t:|1788359740\n|move|p2a: Sinistcha|Protect|p2a: Sinistcha\n|-singleturn|p2a: Sinistcha|Protect\n|move|p1b: Rotom|Thunderbolt|p2a: Sinistcha\n|-activate|p2a: Sinistcha|move: Protect\n|move|p1a: Scizor|Bug Bite|p2a: Sinistcha\n|-activate|p2a: Sinistcha|move: Protect\n|\n|upkeep\n|turn|8\n|\n|t:|1788359751\n|move|p2a: Sinistcha|Matcha Gotcha|p1a: Scizor|[spread] p1a,p1b\n|-resisted|p1a: Scizor|2\n|-supereffective|p1b: Rotom|1\n|-damage|p1a: Scizor|65/100\n|-heal|p2a: Sinistcha|78/100|[from] drain|[of] p1a: Scizor\n|-damage|p1b: Rotom|45/100\n|-heal|p2a: Sinistcha|94/100|[from] drain|[of] p1b: Rotom\n|move|p1b: Rotom|Thunderbolt|p2a: Sinistcha\n|-resisted|p2a: Sinistcha|1\n|-damage|p2a: Sinistcha|71/100\n|move|p1a: Scizor|Bug Bite|p2a: Sinistcha\n|-damage|p2a: Sinistcha|0 fnt\n|faint|p2a: Sinistcha\n|\n|win|roach muncher\n|raw|roach muncher's rating: 1102 &rarr; <strong>1120</strong><br />(+18 for winning)\n|raw|benditoe's rating: 1000 &rarr; <strong>1000</strong><br />(+0 for losing)\n|l|‽benditoe\n|player|p2|\n","uploadtime":1788359766,"views":"1","formatid":"gen9championsvgc2026regmb","rating":1000,"private":0,"password":null}