{"id":"gen9championsvgc2026regmbbo3-2673832710","format":"[Gen 9 Champions] VGC 2026 Reg M-B (Bo3)","players":["reshiramvg","solcreciente"],"log":"|j|☆reshiramvg\n|j|☆solcreciente\n|html|<table width=\"100%\"><tr><td align=\"left\">reshiramvg</td><td align=\"right\">solcreciente</tr><tr><td align=\"left\"><i class=\"fa fa-circle\"></i> <i class=\"fa fa-circle-o\"></i> </td><td align=\"right\"><i class=\"fa fa-circle-o\"></i> <i class=\"fa fa-circle-o\"></i> </tr></table>\n|uhtml|bestof|<h2><strong>Game 2</strong> of <a href=\"/game-bestof3-gen9championsvgc2026regmbbo3-2673830880\">a best-of-3</a></h2>\n|t:|1788265581\n|gametype|doubles\n|player|p1|reshiramvg|hilbert|1249\n|player|p2|solcreciente|2|1382\n|gen|9\n|tier|[Gen 9 Champions] VGC 2026 Reg M-B (Bo3)\n|rated|\n|rule|Species Clause: Limit one of each Pokémon\n|rule|Item Clause: Limit 1 of each item\n|clearpoke\n|poke|p1|Farigiraf, L50, M|\n|poke|p1|Arcanine-Hisui, L50, F|\n|poke|p1|Sylveon, L50, F|\n|poke|p1|Staraptor, L50, F|\n|poke|p1|Raichu, L50, F|\n|poke|p1|Kingambit, L50, F|\n|poke|p2|Kingambit, L50, F|\n|poke|p2|Froslass, L50, F|\n|poke|p2|Scovillain, L50, M|\n|poke|p2|Basculegion, L50, M|\n|poke|p2|Lycanroc-Dusk, L50, F|\n|poke|p2|Sneasler, L50, M|\n|teampreview|4\n|showteam|p1|Farigiraf||SitrusBerry|ArmorTail|Psychic,HelpingHand,TrickRoom,Protect|Calm||M|||50|]Arcanine-Hisui||FocusSash|RockHead|FlareBlitz,ExtremeSpeed,HeadSmash,Protect|Jolly||F|||50|]Sylveon||FairyFeather|Pixilate|HyperVoice,HyperBeam,QuickAttack,Protect|Modest||F|||50|]Staraptor||Staraptite|Intimidate|DualWingbeat,CloseCombat,Tailwind,Protect|Jolly||F|||50|]Raichu||RaichuniteY|Static|FakeOut,ZapCannon,FocusBlast,Protect|Timid||F|||50|]Kingambit||LifeOrb|Defiant|KowtowCleave,SwordsDance,SuckerPunch,Protect|Adamant||F|||50|\n|showteam|p2|Kingambit||BlackGlasses|Defiant|KowtowCleave,SuckerPunch,SwordsDance,Protect|Brave||F|||50|]Froslass||Froslassite|CursedBody|Blizzard,ShadowBall,AuroraVeil,Protect|Timid||F|||50|]Scovillain||Scovillainite|Moody|GigaDrain,Overheat,RagePowder,Protect|Bold||M|||50|]Basculegion||MysticWater|Adaptability|WaveCrash,LastRespects,AquaJet,Protect|Adamant||M|||50|]Lycanroc-Dusk||LifeOrb|ToughClaws|RockSlide,Accelerock,CloseCombat,Protect|Adamant||F|||50|]Sneasler||WhiteHerb|Unburden|GunkShot,CloseCombat,Protect,FakeOut|Adamant||M|||50|\n|\n|t:|1788265638\n|teamsize|p1|4\n|teamsize|p2|4\n|start\n|switch|p1a: Staraptor|Staraptor, L50, F|100/100\n|switch|p1b: Arcanine|Arcanine-Hisui, L50, F|100/100\n|switch|p2a: Scovillain|Scovillain, L50, M|100/100\n|switch|p2b: Kingambit|Kingambit, L50, F|100/100\n|-ability|p1a: Staraptor|Intimidate|boost\n|-unboost|p2a: Scovillain|atk|1\n|-unboost|p2b: Kingambit|atk|1\n|-ability|p2b: Kingambit|Defiant|boost\n|-boost|p2b: Kingambit|atk|2\n|turn|1\n|inactive|Battle timer is ON: inactive players will automatically lose when time's up. (requested by reshiramvg)\n|\n|t:|1788265687\n|switch|p2b: Basculegion|Basculegion, L50, M|100/100\n|detailschange|p1a: Staraptor|Staraptor-Mega, L50, F\n|-mega|p1a: Staraptor|Staraptor|Staraptite\n|move|p2a: Scovillain|Protect|p2a: Scovillain\n|-singleturn|p2a: Scovillain|Protect\n|move|p1a: Staraptor|Tailwind|p1a: Staraptor\n|-sidestart|p1: reshiramvg|move: Tailwind\n|move|p1b: Arcanine|Head Smash|p2a: Scovillain\n|-activate|p2a: Scovillain|move: Protect\n|\n|-ability|p2a: Scovillain|Moody|boost\n|-boost|p2a: Scovillain|atk|2\n|-unboost|p2a: Scovillain|def|1\n|upkeep\n|turn|2\n|inactive|solcreciente has 30 seconds left.\n|inactive|reshiramvg has 30 seconds left.\n|inactive|solcreciente has 20 seconds left.\n|inactive|solcreciente has 15 seconds left.\n|inactive|solcreciente has 10 seconds left.\n|\n|t:|1788265736\n|switch|p1a: Farigiraf|Farigiraf, L50, M|100/100\n|switch|p2a: Sneasler|Sneasler, L50, M|100/100\n|move|p2b: Basculegion|Aqua Jet||[still]\n|cant|p1a: Farigiraf|ability: Armor Tail|Aqua Jet|[of] p2b: Basculegion\n|move|p1b: Arcanine|Head Smash|p2b: Basculegion|[miss]\n|-miss|p1b: Arcanine|p2b: Basculegion\n|\n|upkeep\n|turn|3\n|inactive|reshiramvg has 30 seconds left.\n|inactive|solcreciente has 30 seconds left.\n|inactive|solcreciente has 20 seconds left.\n|inactive|solcreciente has 15 seconds left.\n|inactive|solcreciente has 10 seconds left.\n|\n|t:|1788265781\n|switch|p2a: Kingambit|Kingambit, L50, F|100/100\n|move|p1b: Arcanine|Head Smash|p2b: Basculegion\n|-damage|p2b: Basculegion|33/100\n|move|p1a: Farigiraf|Psychic|p2a: Kingambit\n|-immune|p2a: Kingambit\n|move|p2b: Basculegion|Wave Crash|p1b: Arcanine\n|-supereffective|p1b: Arcanine|2\n|-enditem|p1b: Arcanine|Focus Sash\n|-damage|p1b: Arcanine|1/100\n|-damage|p2b: Basculegion|7/100|[from] Recoil\n|\n|upkeep\n|turn|4\n|\n|t:|1788265806\n|switch|p2a: Sneasler|Sneasler, L50, M|100/100\n|move|p2b: Basculegion|Protect|p2b: Basculegion\n|-singleturn|p2b: Basculegion|Protect\n|move|p1b: Arcanine|Flare Blitz|p2a: Sneasler\n|-damage|p2a: Sneasler|28/100\n|move|p1a: Farigiraf|Psychic|p2b: Basculegion\n|-activate|p2b: Basculegion|move: Protect\n|\n|-sideend|p1: reshiramvg|move: Tailwind\n|upkeep\n|turn|5\n|inactive|reshiramvg has 30 seconds left.\n|inactive|solcreciente has 30 seconds left.\n|inactive|reshiramvg has 20 seconds left.\n|inactive|solcreciente has 20 seconds left.\n|\n|t:|1788265847\n|move|p1b: Arcanine|Extreme Speed|p2a: Sneasler\n|-damage|p2a: Sneasler|0 fnt\n|faint|p2a: Sneasler\n|move|p2b: Basculegion|Wave Crash|p1b: Arcanine\n|-supereffective|p1b: Arcanine|2\n|-damage|p1b: Arcanine|0 fnt\n|faint|p1b: Arcanine\n|-damage|p2b: Basculegion|6/100|[from] Recoil\n|move|p1a: Farigiraf|Trick Room|p1a: Farigiraf\n|-fieldstart|move: Trick Room|[of] p1a: Farigiraf\n|\n|upkeep\n|inactive|solcreciente has 30 seconds left.\n|\n|t:|1788265882\n|switch|p1b: Sylveon|Sylveon, L50, F|100/100\n|switch|p2a: Scovillain|Scovillain, L50, M|100/100\n|turn|6\n|\n|t:|1788265890\n|move|p1a: Farigiraf|Helping Hand|p1b: Sylveon\n|-singleturn|p1b: Sylveon|Helping Hand|[of] p1a: Farigiraf\n|move|p2a: Scovillain|Protect|p2a: Scovillain\n|-singleturn|p2a: Scovillain|Protect\n|move|p2b: Basculegion|Protect|p2b: Basculegion\n|-singleturn|p2b: Basculegion|Protect\n|move|p1b: Sylveon|Hyper Voice|p2a: Scovillain|[spread] \n|-activate|p2a: Scovillain|move: Protect\n|-activate|p2b: Basculegion|move: Protect\n|\n|-ability|p2a: Scovillain|Moody|boost\n|-boost|p2a: Scovillain|spa|2\n|-unboost|p2a: Scovillain|def|1\n|upkeep\n|turn|7\n|inactive|solcreciente has 30 seconds left.\n|inactive|solcreciente has 20 seconds left.\n|inactive|reshiramvg has 30 seconds left.\n|inactive|solcreciente has 15 seconds left.\n|inactive|solcreciente has 10 seconds left.\n|\n|t:|1788265940\n|switch|p2b: Kingambit|Kingambit, L50, F|100/100\n|detailschange|p2a: Scovillain|Scovillain-Mega, L50, M\n|-mega|p2a: Scovillain|Scovillain|Scovillainite\n|move|p1b: Sylveon|Hyper Voice|p2b: Kingambit|[spread] p2a,p2b\n|-resisted|p2a: Scovillain|1\n|-crit|p2a: Scovillain\n|-damage|p2a: Scovillain|62/100\n|-damage|p2b: Kingambit|52/100\n|-status|p1b: Sylveon|brn|[from] ability: Spicy Spray|[of] p2a: Scovillain\n|move|p1a: Farigiraf|Psychic|p2a: Scovillain\n|-damage|p2a: Scovillain|30/100\n|-unboost|p2a: Scovillain|spd|1\n|-status|p1a: Farigiraf|brn|[from] ability: Spicy Spray|[of] p2a: Scovillain\n|move|p2a: Scovillain|Giga Drain|p1b: Sylveon\n|-damage|p1b: Sylveon|53/100 brn\n|-heal|p2a: Scovillain|57/100|[from] drain|[of] p1b: Sylveon\n|\n|-damage|p1b: Sylveon|47/100 brn|[from] brn\n|-damage|p1a: Farigiraf|93/100 brn|[from] brn\n|upkeep\n|turn|8\n|\n|t:|1788265964\n|move|p1a: Farigiraf|Helping Hand|p1b: Sylveon\n|-singleturn|p1b: Sylveon|Helping Hand|[of] p1a: Farigiraf\n|move|p2b: Kingambit|Protect|p2b: Kingambit\n|-singleturn|p2b: Kingambit|Protect\n|move|p2a: Scovillain|Protect|p2a: Scovillain\n|-singleturn|p2a: Scovillain|Protect\n|move|p1b: Sylveon|Hyper Voice|p2a: Scovillain|[spread] \n|-activate|p2a: Scovillain|move: Protect\n|-activate|p2b: Kingambit|move: Protect\n|\n|-damage|p1b: Sylveon|41/100 brn|[from] brn\n|-damage|p1a: Farigiraf|87/100 brn|[from] brn\n|upkeep\n|turn|9\n|inactive|solcreciente has 30 seconds left.\n|\n|t:|1788265993\n|move|p2b: Kingambit|Kowtow Cleave|p1b: Sylveon\n|-resisted|p1b: Sylveon|1\n|-damage|p1b: Sylveon|7/100 brn\n|move|p1a: Farigiraf|Psychic|p2a: Scovillain\n|-damage|p2a: Scovillain|3/100\n|move|p1b: Sylveon|Hyper Voice|p2b: Kingambit|[spread] p2a,p2b\n|-resisted|p2a: Scovillain|1\n|-damage|p2a: Scovillain|0 fnt\n|-damage|p2b: Kingambit|11/100\n|faint|p2a: Scovillain\n|\n|-damage|p1b: Sylveon|1/100 brn|[from] brn\n|-damage|p1a: Farigiraf|81/100 brn|[from] brn\n|-fieldend|move: Trick Room\n|upkeep\n|\n|t:|1788266006\n|switch|p2a: Basculegion|Basculegion, L50, M|6/100\n|turn|10\n|\n|t:|1788266022\n|move|p2a: Basculegion|Protect|p2a: Basculegion\n|-singleturn|p2a: Basculegion|Protect\n|move|p1a: Farigiraf|Protect|p1a: Farigiraf\n|-singleturn|p1a: Farigiraf|Protect\n|move|p1b: Sylveon|Quick Attack|p2a: Basculegion\n|-activate|p2a: Basculegion|move: Protect\n|move|p2b: Kingambit|Kowtow Cleave|p1a: Farigiraf\n|-activate|p1a: Farigiraf|move: Protect\n|\n|-damage|p1a: Farigiraf|75/100 brn|[from] brn\n|-damage|p1b: Sylveon|0 fnt|[from] brn\n|faint|p1b: Sylveon\n|upkeep\n|\n|t:|1788266028\n|switch|p1b: Staraptor|Staraptor-Mega, L50, F|100/100\n|turn|11\n|inactive|reshiramvg has 30 seconds left.\n|\n|t:|1788266061\n|move|p2b: Kingambit|Protect|p2b: Kingambit\n|-singleturn|p2b: Kingambit|Protect\n|move|p1b: Staraptor|Dual Wingbeat|p2a: Basculegion|[miss]\n|-miss|p1b: Staraptor|p2a: Basculegion\n|move|p2a: Basculegion|Last Respects|p1b: Staraptor\n|-damage|p1b: Staraptor|0 fnt\n|faint|p1b: Staraptor\n|move|p1a: Farigiraf|Psychic|p2a: Basculegion\n|-damage|p2a: Basculegion|0 fnt\n|faint|p2a: Basculegion\n|\n|-damage|p1a: Farigiraf|69/100 brn|[from] brn\n|upkeep\n|turn|12\n|c|☆solcreciente|isi\n|inactive|solcreciente has 30 seconds left.\n|\n|t:|1788266088\n|move|p1a: Farigiraf|Psychic|p2b: Kingambit\n|-immune|p2b: Kingambit\n|move|p2b: Kingambit|Swords Dance|p2b: Kingambit\n|-boost|p2b: Kingambit|atk|2\n|\n|-damage|p1a: Farigiraf|62/100 brn|[from] brn\n|upkeep\n|turn|13\n|c|☆reshiramvg|Vamos a Game 3\n|c|☆reshiramvg|Que tanto\n|\n|t:|1788266101\n|move|p1a: Farigiraf|Psychic|p2b: Kingambit\n|-immune|p2b: Kingambit\n|move|p2b: Kingambit|Swords Dance|p2b: Kingambit\n|-boost|p2b: Kingambit|atk|2\n|\n|-damage|p1a: Farigiraf|56/100 brn|[from] brn\n|upkeep\n|turn|14\n|\n|t:|1788266108\n|move|p1a: Farigiraf|Psychic|p2b: Kingambit\n|-immune|p2b: Kingambit\n|move|p2b: Kingambit|Swords Dance|p2b: Kingambit\n|-boost|p2b: Kingambit|atk|2\n|\n|-damage|p1a: Farigiraf|50/100g brn|[from] brn\n|upkeep\n|turn|15\n|\n|t:|1788266115\n|move|p2b: Kingambit|Sucker Punch||[still]\n|cant|p1a: Farigiraf|ability: Armor Tail|Sucker Punch|[of] p2b: Kingambit\n|move|p1a: Farigiraf|Psychic|p2b: Kingambit\n|-immune|p2b: Kingambit\n|\n|-damage|p1a: Farigiraf|44/100 brn|[from] brn\n|upkeep\n|-enditem|p1a: Farigiraf|Sitrus Berry|[eat]\n|-heal|p1a: Farigiraf|69/100 brn|[from] item: Sitrus Berry\n|turn|16\n|c|☆solcreciente|eres inmortal\n|\n|t:|1788266126\n|move|p2b: Kingambit|Protect|p2b: Kingambit\n|-singleturn|p2b: Kingambit|Protect\n|move|p1a: Farigiraf|Psychic|p2b: Kingambit\n|-activate|p2b: Kingambit|move: Protect\n|\n|-damage|p1a: Farigiraf|62/100 brn|[from] brn\n|upkeep\n|turn|17\n|c|☆solcreciente|pero estás quemado juajuaja\n|\n|t:|1788266138\n|move|p2b: Kingambit|Sucker Punch||[still]\n|cant|p1a: Farigiraf|ability: Armor Tail|Sucker Punch|[of] p2b: Kingambit\n|move|p1a: Farigiraf|Psychic|p2b: Kingambit\n|-immune|p2b: Kingambit\n|\n|-damage|p1a: Farigiraf|56/100 brn|[from] brn\n|upkeep\n|turn|18\n|c|☆reshiramvg|Tranqui amigo\n|\n|t:|1788266158\n|move|p1a: Farigiraf|Psychic|p2b: Kingambit\n|-immune|p2b: Kingambit\n|move|p2b: Kingambit|Swords Dance|p2b: Kingambit\n|-boost|p2b: Kingambit|atk|0\n|\n|-damage|p1a: Farigiraf|50/100g brn|[from] brn\n|upkeep\n|turn|19\n|\n|t:|1788266174\n|move|p1a: Farigiraf|Helping Hand|p1: Staraptor|[notarget]\n|-fail|p1a: Farigiraf\n|move|p2b: Kingambit|Protect||[still]\n|-fail|p2b: Kingambit\n|\n|-damage|p1a: Farigiraf|44/100 brn|[from] brn\n|upkeep\n|turn|20\n|\n|t:|1788266177\n|move|p1a: Farigiraf|Helping Hand|p1: Staraptor|[notarget]\n|-fail|p1a: Farigiraf\n|move|p2b: Kingambit|Swords Dance|p2b: Kingambit\n|-boost|p2b: Kingambit|atk|0\n|\n|-damage|p1a: Farigiraf|38/100 brn|[from] brn\n|upkeep\n|turn|21\n|\n|t:|1788266181\n|move|p1a: Farigiraf|Helping Hand|p1: Staraptor|[notarget]\n|-fail|p1a: Farigiraf\n|move|p2b: Kingambit|Sucker Punch||[still]\n|cant|p1a: Farigiraf|ability: Armor Tail|Sucker Punch|[of] p2b: Kingambit\n|\n|-damage|p1a: Farigiraf|32/100 brn|[from] brn\n|upkeep\n|turn|22\n|\n|t:|1788266184\n|move|p1a: Farigiraf|Helping Hand|p1: Staraptor|[notarget]\n|-fail|p1a: Farigiraf\n|move|p2b: Kingambit|Sucker Punch||[still]\n|cant|p1a: Farigiraf|ability: Armor Tail|Sucker Punch|[of] p2b: Kingambit\n|\n|-damage|p1a: Farigiraf|25/100 brn|[from] brn\n|upkeep\n|turn|23\n|\n|t:|1788266187\n|move|p1a: Farigiraf|Helping Hand|p1: Staraptor|[notarget]\n|-fail|p1a: Farigiraf\n|move|p2b: Kingambit|Swords Dance|p2b: Kingambit\n|-boost|p2b: Kingambit|atk|0\n|\n|-damage|p1a: Farigiraf|19/100 brn|[from] brn\n|upkeep\n|turn|24\n|\n|t:|1788266190\n|move|p1a: Farigiraf|Helping Hand|p1: Staraptor|[notarget]\n|-fail|p1a: Farigiraf\n|move|p2b: Kingambit|Protect||[still]\n|-fail|p2b: Kingambit\n|\n|-damage|p1a: Farigiraf|13/100 brn|[from] brn\n|upkeep\n|turn|25\n|\n|t:|1788266193\n|move|p1a: Farigiraf|Helping Hand|p1: Staraptor|[notarget]\n|-fail|p1a: Farigiraf\n|move|p2b: Kingambit|Kowtow Cleave|p1a: Farigiraf\n|-supereffective|p1a: Farigiraf|1\n|-damage|p1a: Farigiraf|0 fnt\n|faint|p1a: Farigiraf\n|\n|win|solcreciente\n","uploadtime":1788266195,"views":"0","formatid":"gen9championsvgc2026regmbbo3","rating":null,"private":0,"password":null}