{"id":"gen9championsvgc2026regmb-2674264084","format":"[Gen 9 Champions] VGC 2026 Reg M-B","players":["Thornlace48812","EmprOfIceCream"],"log":"|j|☆Thornlace48812\n|j|☆EmprOfIceCream\n|t:|1788326493\n|gametype|doubles\n|player|p1|Thornlace48812|1|1152\n|player|p2|EmprOfIceCream|lance|1212\n|gen|9\n|tier|[Gen 9 Champions] VGC 2026 Reg M-B\n|rated|\n|rule|Species Clause: Limit one of each Pokémon\n|rule|Item Clause: Limit 1 of each item\n|clearpoke\n|poke|p1|Garchomp, L50, F|\n|poke|p1|Charizard, L50, F|\n|poke|p1|Whimsicott, L50, M|\n|poke|p1|Sylveon, L50, M|\n|poke|p1|Kingambit, L50, F|\n|poke|p1|Basculegion, L50, M|\n|poke|p2|Scizor, L50, M, shiny|\n|poke|p2|Farigiraf, L50, F|\n|poke|p2|Hydrapple, L50, M, shiny|\n|poke|p2|Tyranitar, L50, M, shiny|\n|poke|p2|Basculegion, L50, M|\n|poke|p2|Excadrill, L50, F, shiny|\n|teampreview|4\n|inactive|Battle timer is ON: inactive players will automatically lose when time's up. (requested by Thornlace48812)\nThornlace48812 rejected open team sheets.\n|\n|t:|1788326505\n|teamsize|p1|4\n|teamsize|p2|4\n|start\n|switch|p1a: Charizard|Charizard, L50, F|100/100\n|switch|p1b: Whimsicott|Whimsicott, L50, M|100/100\n|switch|p2a: Mrs. Claws|Excadrill, L50, F, shiny|100/100\n|switch|p2b: Basculegion|Basculegion, L50, M|100/100\n|turn|1\n|\n|t:|1788326523\n|move|p1a: Charizard|Protect|p1a: Charizard\n|-singleturn|p1a: Charizard|Protect\n|move|p1b: Whimsicott|Tailwind|p1b: Whimsicott\n|-sidestart|p1: Thornlace48812|move: Tailwind\n|move|p2b: Basculegion|Flip Turn|p1a: Charizard\n|-activate|p1a: Charizard|move: Protect\n|move|p2a: Mrs. Claws|Iron Head|p1b: Whimsicott\n|-supereffective|p1b: Whimsicott|1\n|-enditem|p1b: Whimsicott|Focus Sash\n|-damage|p1b: Whimsicott|1/100\n|\n|upkeep\n|turn|2\n|\n|t:|1788326540\n|detailschange|p1a: Charizard|Charizard-Mega-Y, L50, F\n|-mega|p1a: Charizard|Charizard|Charizardite Y\n|-weather|SunnyDay|[from] ability: Drought|[of] p1a: Charizard\n|move|p1b: Whimsicott|Moonblast|p2a: Mrs. Claws\n|-resisted|p2a: Mrs. Claws|1\n|-damage|p2a: Mrs. Claws|75/100\n|-unboost|p2a: Mrs. Claws|spa|1\n|move|p1a: Charizard|Heat Wave|p2b: Basculegion|[spread] p2b\n|-miss|p1a: Charizard|p2a: Mrs. Claws\n|-resisted|p2b: Basculegion|1\n|-damage|p2b: Basculegion|58/100\n|move|p2b: Basculegion|Flip Turn|p1a: Charizard\n|-supereffective|p1a: Charizard|1\n|-damage|p1a: Charizard|49/100\n|\n|t:|1788326553\n|switch|p2b: Zilla|Tyranitar, L50, M, shiny|100/100|[from] Flip Turn\n|-weather|Sandstorm|[from] ability: Sand Stream|[of] p2b: Zilla\n|move|p2a: Mrs. Claws|Rapid Spin|p1b: Whimsicott\n|-damage|p1b: Whimsicott|0 fnt\n|-boost|p2a: Mrs. Claws|spe|1\n|faint|p1b: Whimsicott\n|\n|-weather|Sandstorm|[upkeep]\n|-damage|p1a: Charizard|43/100|[from] Sandstorm\n|upkeep\n|\n|t:|1788326553\n|switch|p1b: Sylveon|Sylveon, L50, M|100/100\n|turn|3\n|inactive|EmprOfIceCream has 30 seconds left.\n|\n|t:|1788326587\n|move|p2a: Mrs. Claws|Protect|p2a: Mrs. Claws\n|-singleturn|p2a: Mrs. Claws|Protect\n|move|p2b: Zilla|Protect|p2b: Zilla\n|-singleturn|p2b: Zilla|Protect\n|move|p1a: Charizard|Heat Wave|p2a: Mrs. Claws|[spread] \n|-activate|p2a: Mrs. Claws|move: Protect\n|-activate|p2b: Zilla|move: Protect\n|move|p1b: Sylveon|Hyper Voice|p2b: Zilla|[spread] \n|-activate|p2a: Mrs. Claws|move: Protect\n|-activate|p2b: Zilla|move: Protect\n|\n|-weather|Sandstorm|[upkeep]\n|-damage|p1a: Charizard|37/100|[from] Sandstorm\n|-damage|p1b: Sylveon|94/100|[from] Sandstorm\n|upkeep\n|turn|4\n|inactive|EmprOfIceCream has 30 seconds left.\n|\n|t:|1788326619\n|switch|p2a: Geedorah|Hydrapple, L50, M, shiny|100/100\n|detailschange|p2b: Zilla|Tyranitar-Mega, L50, M, shiny\n|-mega|p2b: Zilla|Tyranitar|Tyranitarite\n|move|p1a: Charizard|Heat Wave|p2a: Geedorah|[spread] p2a,p2b\n|-resisted|p2b: Zilla|1\n|-damage|p2a: Geedorah|58/100\n|-damage|p2b: Zilla|88/100\n|-status|p2a: Geedorah|brn\n|move|p1b: Sylveon|Hyper Voice|p2b: Zilla|[spread] p2a,p2b\n|-supereffective|p2a: Geedorah|1\n|-supereffective|p2b: Zilla|1\n|-damage|p2a: Geedorah|0 fnt\n|-damage|p2b: Zilla|44/100\n|faint|p2a: Geedorah\n|move|p2b: Zilla|Rock Slide|p1a: Charizard|[spread] p1a,p1b\n|-supereffective|p1a: Charizard|2\n|-damage|p1a: Charizard|0 fnt\n|-damage|p1b: Sylveon|39/100\n|faint|p1a: Charizard\n|\n|-weather|Sandstorm|[upkeep]\n|-damage|p1b: Sylveon|34/100|[from] Sandstorm\n|-sideend|p1: Thornlace48812|move: Tailwind\n|upkeep\n|\n|t:|1788326637\n|switch|p1a: Basculegion|Basculegion, L50, M|100/100\n|switch|p2a: Mrs. Claws|Excadrill, L50, F, shiny|75/100\n|turn|5\n|\n|t:|1788326644\n|move|p2a: Mrs. Claws|Protect|p2a: Mrs. Claws\n|-singleturn|p2a: Mrs. Claws|Protect\n|move|p1a: Basculegion|Last Respects|p2a: Mrs. Claws\n|-activate|p2a: Mrs. Claws|move: Protect\n|move|p1b: Sylveon|Hyper Voice|p2a: Mrs. Claws|[spread] p2b\n|-activate|p2a: Mrs. Claws|move: Protect\n|-supereffective|p2b: Zilla|1\n|-damage|p2b: Zilla|0 fnt\n|faint|p2b: Zilla\n|\n|-weather|Sandstorm|[upkeep]\n|-damage|p1a: Basculegion|94/100|[from] Sandstorm\n|-damage|p1b: Sylveon|28/100|[from] Sandstorm\n|upkeep\n|\n|t:|1788326656\n|switch|p2b: Basculegion|Basculegion, L50, M|58/100\n|turn|6\n|\n|t:|1788326661\n|move|p1a: Basculegion|Aqua Jet|p2a: Mrs. Claws\n|-supereffective|p2a: Mrs. Claws|1\n|-damage|p2a: Mrs. Claws|0 fnt\n|faint|p2a: Mrs. Claws\n|move|p2b: Basculegion|Last Respects|p1a: Basculegion\n|-supereffective|p1a: Basculegion|1\n|-damage|p1a: Basculegion|0 fnt\n|faint|p1a: Basculegion\n|move|p1b: Sylveon|Hyper Voice|p2b: Basculegion\n|-damage|p2b: Basculegion|0 fnt\n|faint|p2b: Basculegion\n|\n|win|Thornlace48812\n|raw|Thornlace48812's rating: 1149 &rarr; <strong>1178</strong><br />(+29 for winning)\n|raw|EmprOfIceCream's rating: 1212 &rarr; <strong>1183</strong><br />(-29 for losing)\n","uploadtime":1788326661,"views":"0","formatid":"gen9championsvgc2026regmb","rating":1178,"private":0,"password":null}