{"id":"gen9championsvgc2026regmb-2674908010","format":"[Gen 9 Champions] VGC 2026 Reg M-B","players":["alfre22","Pkaviet"],"log":"|j|☆alfre22\n|j|☆Pkaviet\n|t:|1788433841\n|gametype|doubles\n|player|p1|alfre22|265|1467\n|player|p2|Pkaviet|169|1432\n|gen|9\n|tier|[Gen 9 Champions] VGC 2026 Reg M-B\n|rated|\n|rule|Species Clause: Limit one of each Pokémon\n|rule|Item Clause: Limit 1 of each item\n|clearpoke\n|poke|p1|Charizard, L50, F|\n|poke|p1|Whimsicott, L50, M|\n|poke|p1|Garchomp, L50, F|\n|poke|p1|Floette-Eternal, L50, F|\n|poke|p1|Basculegion, L50, M|\n|poke|p1|Kingambit, L50, F|\n|poke|p2|Charizard, L50, M|\n|poke|p2|Sneasler, L50, M|\n|poke|p2|Aerodactyl, L50, F|\n|poke|p2|Kingambit, L50, M|\n|poke|p2|Garchomp, L50, F|\n|poke|p2|Sylveon, L50, F|\n|teampreview|4\n|inactive|Battle timer is ON: inactive players will automatically lose when time's up. (requested by alfre22)\n|\n|t:|1788433861\n|teamsize|p1|4\n|teamsize|p2|4\n|start\n|switch|p1a: Garchomp|Garchomp, L50, F|100/100\n|switch|p1b: Whimsicott|Whimsicott, L50, M|100/100\n|switch|p2a: Sneasler|Sneasler, L50, M|100/100\n|switch|p2b: Aerodactyl|Aerodactyl, L50, F|100/100\n|-ability|p2b: Aerodactyl|Unnerve\n|turn|1\n|\n|t:|1788433877\n|detailschange|p2b: Aerodactyl|Aerodactyl-Mega, L50, F\n|-mega|p2b: Aerodactyl|Aerodactyl|Aerodactylite\n|move|p2a: Sneasler|Fake Out|p1a: Garchomp\n|-damage|p1a: Garchomp|87/100\n|-damage|p2a: Sneasler|87/100|[from] ability: Rough Skin|[of] p1a: Garchomp\n|move|p1b: Whimsicott|Tailwind|p1b: Whimsicott\n|-sidestart|p1: alfre22|move: Tailwind\n|cant|p1a: Garchomp|flinch\n|move|p2b: Aerodactyl|Tailwind|p2b: Aerodactyl\n|-sidestart|p2: Pkaviet|move: Tailwind\n|\n|upkeep\n|turn|2\n|\n|t:|1788433892\n|move|p1b: Whimsicott|Encore|p2b: Aerodactyl\n|-start|p2b: Aerodactyl|Encore\n|move|p2b: Aerodactyl|Tailwind||[still]\n|-fail|p2b: Aerodactyl\n|move|p2a: Sneasler|Dire Claw|p1b: Whimsicott\n|-supereffective|p1b: Whimsicott|2\n|-enditem|p1b: Whimsicott|Focus Sash\n|-damage|p1b: Whimsicott|1/100\n|move|p1a: Garchomp|Stomping Tantrum|p2a: Sneasler\n|-supereffective|p2a: Sneasler|1\n|-damage|p2a: Sneasler|0 fnt\n|faint|p2a: Sneasler\n|\n|upkeep\n|\n|t:|1788433916\n|switch|p2a: Sylveon|Sylveon, L50, F|100/100\n|turn|3\n|\n|t:|1788433938\n|switch|p2b: Garchomp|Garchomp, L50, F|100/100\n|move|p2a: Sylveon|Quick Attack|p1b: Whimsicott\n|-damage|p1b: Whimsicott|0 fnt\n|faint|p1b: Whimsicott\n|move|p1a: Garchomp|Stomping Tantrum|p2a: Sylveon\n|-damage|p2a: Sylveon|50/100g\n|\n|upkeep\n|\n|t:|1788433947\n|switch|p1b: Floette|Floette-Eternal, L50, F|100/100\n|turn|4\n|\n|t:|1788433955\n|detailschange|p1b: Floette|Floette-Mega, L50, F\n|-mega|p1b: Floette|Floette|Floettite\n|-ability|p1b: Floette|Fairy Aura\n|move|p1a: Garchomp|Protect|p1a: Garchomp\n|-singleturn|p1a: Garchomp|Protect\n|move|p2b: Garchomp|Dragon Claw|p1a: Garchomp\n|-activate|p1a: Garchomp|move: Protect\n|move|p1b: Floette|Dazzling Gleam|p2b: Garchomp|[spread] p2a,p2b\n|-supereffective|p2b: Garchomp|1\n|-damage|p2a: Sylveon|13/100\n|-damage|p2b: Garchomp|0 fnt\n|faint|p2b: Garchomp\n|move|p2a: Sylveon|Hyper Beam|p1b: Floette\n|-damage|p1b: Floette|0 fnt\n|-mustrecharge|p2a: Sylveon\n|faint|p1b: Floette\n|\n|-sideend|p1: alfre22|move: Tailwind\n|-sideend|p2: Pkaviet|move: Tailwind\n|upkeep\n|\n|t:|1788433971\n|switch|p2b: Aerodactyl|Aerodactyl-Mega, L50, F|100/100\n|switch|p1b: Basculegion|Basculegion, L50, M|100/100\n|turn|5\n|\n|t:|1788433983\n|move|p2b: Aerodactyl|Protect|p2b: Aerodactyl\n|-singleturn|p2b: Aerodactyl|Protect\n|move|p1a: Garchomp|Rock Slide|p2b: Aerodactyl|[spread] p2a\n|-activate|p2b: Aerodactyl|move: Protect\n|-damage|p2a: Sylveon|0 fnt\n|faint|p2a: Sylveon\n|move|p1b: Basculegion|Last Respects|p2b: Aerodactyl\n|-activate|p2b: Aerodactyl|move: Protect\n|\n|upkeep\n|turn|6\n|\n|t:|1788433997\n|move|p2b: Aerodactyl|Ice Fang|p1a: Garchomp\n|-supereffective|p1a: Garchomp|2\n|-damage|p1a: Garchomp|0 fnt\n|-damage|p2b: Aerodactyl|87/100|[from] ability: Rough Skin|[of] p1a: Garchomp\n|faint|p1a: Garchomp\n|move|p1b: Basculegion|Wave Crash|p2b: Aerodactyl\n|-supereffective|p2b: Aerodactyl|1\n|-crit|p2b: Aerodactyl\n|-damage|p2b: Aerodactyl|0 fnt\n|faint|p2b: Aerodactyl\n|-damage|p1b: Basculegion|76/100|[from] Recoil\n|-damage|p1b: Basculegion|67/100|[from] item: Life Orb\n|\n|win|alfre22\n|raw|alfre22's rating: 1467 &rarr; <strong>1485</strong><br />(+18 for winning)\n|raw|Pkaviet's rating: 1432 &rarr; <strong>1414</strong><br />(-18 for losing)\n|l|☆Pkaviet\n|player|p2|\n","uploadtime":1788434012,"views":"1","formatid":"gen9championsvgc2026regmb","rating":1414,"private":0,"password":null}