{"id":"gen9championsvgc2026regmbbo3-2674057081","format":"[Gen 9 Champions] VGC 2026 Reg M-B (Bo3)","players":["paquita navaja","rockslap"],"log":"|j|☆paquita navaja\n|j|☆rockslap\n|html|<table width=\"100%\"><tr><td align=\"left\">paquita navaja</td><td align=\"right\">rockslap</tr><tr><td align=\"left\"><i class=\"fa fa-circle-o\"></i> <i class=\"fa fa-circle-o\"></i> </td><td align=\"right\"><i class=\"fa fa-circle-o\"></i> <i class=\"fa fa-circle-o\"></i> </tr></table>\n|uhtml|bestof|<h2><strong>Game 1</strong> of <a href=\"/game-bestof3-gen9championsvgc2026regmbbo3-2674057080\">a best-of-3</a></h2>\n|t:|1788293460\n|gametype|doubles\n|player|p1|paquita navaja|170|\n|player|p2|rockslap|hiker-gen4|\n|gen|9\n|tier|[Gen 9 Champions] VGC 2026 Reg M-B (Bo3)\n|rule|Species Clause: Limit one of each Pokémon\n|rule|Item Clause: Limit 1 of each item\n|clearpoke\n|poke|p1|Metagross, L50|\n|poke|p1|Blaziken, L50, M|\n|poke|p1|Milotic, L50, F|\n|poke|p1|Pelipper, L50, M|\n|poke|p1|Gardevoir, L50, F|\n|poke|p1|Sableye, L50, M|\n|poke|p2|Maushold, L50|\n|poke|p2|Annihilape, L50, F|\n|poke|p2|Archaludon, L50, M|\n|poke|p2|Palafin, L50, F|\n|poke|p2|Sinistcha, L50|\n|poke|p2|Farigiraf, L50, F|\n|teampreview|4\n|showteam|p1|Metagross||LifeOrb|ClearBody|PsychicFangs,MeteorMash,RockSlide,Protect|Adamant|||||50|]Blaziken||FocusSash|SpeedBoost|HeatWave,Coaching,AuraSphere,Detect|Modest||M|||50|]Milotic||Leftovers|Competitive|MuddyWater,IceBeam,Hypnosis,Protect|Modest||F|||50|]Pelipper||SitrusBerry|Drizzle|MuddyWater,Hurricane,Tailwind,WideGuard|Modest||M|||50|]Gardevoir||FairyFeather|Trace|Moonblast,DazzlingGleam,Hypnosis,Protect|Timid||F|||50|]Sableye||LightClay|Prankster|FoulPlay,Reflect,LightScreen,Gravity|Careful||M|||50|\n|showteam|p2|Maushold||FocusSash|FriendGuard|FollowMe,RainDance,Protect,BeatUp|Jolly|||||50|]Annihilape||SitrusBerry|Defiant|DrainPunch,RageFist,BulkUp,Protect|Adamant||F|||50|]Archaludon||Leftovers|Stamina|DragonPulse,ElectroShot,FlashCannon,Protect|Modest||M|||50|]Palafin||MysticWater|ZerotoHero|WaveCrash,JetPunch,IceBeam,Protect|Jolly||F|||50|]Sinistcha||ColburBerry|Hospitality|MatchaGotcha,TrickRoom,RagePowder,LifeDew|Calm|||||50|]Farigiraf||LifeOrb|ArmorTail|HyperBeam,NastyPlot,Psychic,Protect|Bold||F|||50|\n|\n|t:|1788293477\n|teamsize|p1|4\n|teamsize|p2|4\n|start\n|switch|p1a: Gardevoir|Gardevoir, L50, F|100/100\n|switch|p1b: Sableye|Sableye, L50, M|100/100\n|switch|p2a: Annihilape|Annihilape, L50, F|100/100\n|switch|p2b: Maushold|Maushold, L50|100/100\n|-ability|p1a: Gardevoir|Defiant|Trace|[from] ability: Trace|[of] p2a: Annihilape\n|turn|1\n|\n|t:|1788293498\n|move|p1b: Sableye|Reflect|p1b: Sableye\n|-sidestart|p1: paquita navaja|Reflect\n|move|p2b: Maushold|Beat Up|p2a: Annihilape\n|-damage|p2a: Annihilape|97/100\n|-damage|p2a: Annihilape|95/100\n|-damage|p2a: Annihilape|94/100\n|-damage|p2a: Annihilape|91/100\n|-hitcount|p2a: Annihilape|4\n|move|p1a: Gardevoir|Moonblast|p2a: Annihilape\n|-supereffective|p2a: Annihilape|1\n|-damage|p2a: Annihilape|8/100\n|-unboost|p2a: Annihilape|spa|1\n|-ability|p2a: Annihilape|Defiant|boost\n|-boost|p2a: Annihilape|atk|2\n|-enditem|p2a: Annihilape|Sitrus Berry|[eat]\n|-heal|p2a: Annihilape|33/100|[from] item: Sitrus Berry\n|move|p2a: Annihilape|Rage Fist|p1a: Gardevoir\n|-supereffective|p1a: Gardevoir|1\n|-damage|p1a: Gardevoir|0 fnt\n|faint|p1a: Gardevoir\n|\n|upkeep\n|\n|t:|1788293514\n|switch|p1a: Blaziken|Blaziken, L50, M|100/100\n|turn|2\n|\n|t:|1788293540\n|switch|p2b: Sinistcha|Sinistcha, L50|100/100\n|-heal|p2a: Annihilape|58/100|[from] ability: Hospitality|[of] p2b: Sinistcha\n|move|p1a: Blaziken|Heat Wave|p2a: Annihilape|[spread] p2a,p2b\n|-supereffective|p2b: Sinistcha|1\n|-damage|p2a: Annihilape|23/100\n|-damage|p2b: Sinistcha|34/100\n|move|p2a: Annihilape|Rage Fist|p1b: Sableye\n|-damage|p1b: Sableye|0 fnt\n|faint|p1b: Sableye\n|\n|-ability|p1a: Blaziken|Speed Boost|boost\n|-boost|p1a: Blaziken|spe|1\n|upkeep\n|\n|t:|1788293558\n|switch|p1b: Metagross|Metagross, L50|100/100\n|turn|3\n|\n|t:|1788293589\n|switch|p2b: Maushold|Maushold, L50|100/100\n|move|p2a: Annihilape|Protect|p2a: Annihilape\n|-singleturn|p2a: Annihilape|Protect\n|move|p1a: Blaziken|Heat Wave|p2a: Annihilape|[spread] p2b\n|-activate|p2a: Annihilape|move: Protect\n|-damage|p2b: Maushold|55/100\n|-status|p2b: Maushold|brn\n|move|p1b: Metagross|Psychic Fangs|p2b: Maushold\n|-damage|p2b: Maushold|0 fnt\n|faint|p2b: Maushold\n|-damage|p1b: Metagross|90/100|[from] item: Life Orb\n|\n|-ability|p1a: Blaziken|Speed Boost|boost\n|-boost|p1a: Blaziken|spe|1\n|upkeep\n|\n|t:|1788293607\n|switch|p2b: Sinistcha|Sinistcha, L50|34/100\n|-heal|p2a: Annihilape|48/100|[from] ability: Hospitality|[of] p2b: Sinistcha\n|turn|4\n|\n|t:|1788293623\n|move|p1b: Metagross|Protect|p1b: Metagross\n|-singleturn|p1b: Metagross|Protect\n|move|p2b: Sinistcha|Rage Powder|p2b: Sinistcha\n|-singleturn|p2b: Sinistcha|move: Rage Powder\n|move|p1a: Blaziken|Heat Wave|p2a: Annihilape|[spread] p2a,p2b\n|-supereffective|p2b: Sinistcha|1\n|-damage|p2a: Annihilape|16/100\n|-damage|p2b: Sinistcha|0 fnt\n|faint|p2b: Sinistcha\n|move|p2a: Annihilape|Drain Punch|p1a: Blaziken\n|-damage|p1a: Blaziken|25/100\n|-heal|p2a: Annihilape|43/100|[from] drain|[of] p1a: Blaziken\n|\n|-ability|p1a: Blaziken|Speed Boost|boost\n|-boost|p1a: Blaziken|spe|1\n|upkeep\n|\n|t:|1788293638\n|switch|p2b: Archaludon|Archaludon, L50, M|100/100\n|turn|5\n|\n|t:|1788293663\n|move|p1a: Blaziken|Heat Wave|p2b: Archaludon|[spread] p2a,p2b\n|-damage|p2a: Annihilape|11/100\n|-damage|p2b: Archaludon|58/100\n|-ability|p2b: Archaludon|Stamina|boost\n|-boost|p2b: Archaludon|def|1\n|move|p2a: Annihilape|Rage Fist|p1b: Metagross\n|-supereffective|p1b: Metagross|1\n|-damage|p1b: Metagross|0 fnt\n|faint|p1b: Metagross\n|move|p2b: Archaludon|Dragon Pulse|p1a: Blaziken\n|-damage|p1a: Blaziken|0 fnt\n|faint|p1a: Blaziken\n|\n|win|rockslap\n|inactive|paquita navaja has 29 seconds to confirm battle start!\n|inactive|rockslap has 29 seconds to confirm battle start!\n||paquita navaja is ready for game 2.\n||rockslap is ready for game 2.\n|uhtml|next|Next: <a href=\"/battle-gen9championsvgc2026regmbbo3-2674058873\"><strong>Game 2 of 3</strong></a>\n","uploadtime":1788293684,"views":"8","formatid":"gen9championsvgc2026regmbbo3","rating":null,"private":0,"password":null}