{"id":"gen9championsvgc2026regmb-2674289613","format":"[Gen 9 Champions] VGC 2026 Reg M-B","players":["spoon91","Jamesccar2"],"log":"|j|☆spoon91\n|j|☆Jamesccar2\n|t:|1788332815\n|gametype|doubles\n|player|p1|spoon91|266|1111\n|player|p2|Jamesccar2|265|1189\n|gen|9\n|tier|[Gen 9 Champions] VGC 2026 Reg M-B\n|rated|\n|rule|Species Clause: Limit one of each Pokémon\n|rule|Item Clause: Limit 1 of each item\n|clearpoke\n|poke|p1|Floette-Eternal, L50, F|\n|poke|p1|Garchomp, L50, F, shiny|\n|poke|p1|Dragonite, L50, F, shiny|\n|poke|p1|Basculegion, L50, M, shiny|\n|poke|p1|Kingambit, L50, F, shiny|\n|poke|p1|Sinistcha-Masterpiece, L50, shiny|\n|poke|p2|Mawile, L50, M|\n|poke|p2|Sinistcha-Masterpiece, L50|\n|poke|p2|Farigiraf, L50, F|\n|poke|p2|Sneasler, L50, M|\n|poke|p2|Charizard, L50, F|\n|poke|p2|Whimsicott, L50, M|\n|teampreview|4\n|\n|t:|1788332837\n|teamsize|p1|4\n|teamsize|p2|4\n|start\n|switch|p1a: Floette|Floette-Eternal, L50, F|100/100\n|switch|p1b: Sinistcha|Sinistcha-Masterpiece, L50, shiny|100/100\n|switch|p2a: Mawile|Mawile, L50, M|100/100\n|switch|p2b: Farigiraf|Farigiraf, L50, F|100/100\n|turn|1\n|\n|t:|1788332855\n|detailschange|p1a: Floette|Floette-Mega, L50, F\n|-mega|p1a: Floette|Floette|Floettite\n|-ability|p1a: Floette|Fairy Aura\n|detailschange|p2a: Mawile|Mawile-Mega, L50, M\n|-mega|p2a: Mawile|Mawile|Mawilite\n|move|p2a: Mawile|Protect|p2a: Mawile\n|-singleturn|p2a: Mawile|Protect\n|move|p1a: Floette|Light of Ruin|p2b: Farigiraf\n|-crit|p2b: Farigiraf\n|-damage|p2b: Farigiraf|0 fnt\n|faint|p2b: Farigiraf\n|-damage|p1a: Floette|24/100|[from] Recoil\n|move|p1b: Sinistcha|Matcha Gotcha|p2a: Mawile\n|-activate|p2a: Mawile|move: Protect\n|\n|upkeep\n|\n|t:|1788332866\n|switch|p2b: Sneasler|Sneasler, L50, M|100/100\n|turn|2\n|\n|t:|1788332885\n|move|p1a: Floette|Protect|p1a: Floette\n|-singleturn|p1a: Floette|Protect\n|move|p2b: Sneasler|Fake Out|p1a: Floette\n|-activate|p1a: Floette|move: Protect\n|move|p1b: Sinistcha|Shadow Ball|p2b: Sneasler\n|-damage|p2b: Sneasler|36/100\n|-unboost|p2b: Sneasler|spd|1\n|-enditem|p2b: Sneasler|White Herb\n|-clearnegativeboost|p2b: Sneasler|[silent]\n|move|p2a: Mawile|Iron Head|p1b: Sinistcha\n|-damage|p1b: Sinistcha|17/100\n|\n|-heal|p1b: Sinistcha|23/100|[from] item: Leftovers\n|upkeep\n|turn|3\n|\n|t:|1788332904\n|switch|p1a: Kingambit|Kingambit, L50, F, shiny|100/100\n|switch|p1b: Basculegion|Basculegion, L50, M, shiny|100/100\n|move|p2b: Sneasler|Dire Claw|p1a: Kingambit\n|-immune|p1a: Kingambit\n|move|p2a: Mawile|Rock Slide|p1a: Kingambit|[spread] p1b\n|-miss|p2a: Mawile|p1a: Kingambit\n|-damage|p1b: Basculegion|55/100\n|\n|upkeep\n|turn|4\n|\n|t:|1788332916\n|move|p1a: Kingambit|Protect|p1a: Kingambit\n|-singleturn|p1a: Kingambit|Protect\n|move|p2a: Mawile|Protect|p2a: Mawile\n|-singleturn|p2a: Mawile|Protect\n|move|p2b: Sneasler|Close Combat|p1a: Kingambit\n|-activate|p1a: Kingambit|move: Protect\n|move|p1b: Basculegion|Flip Turn|p2b: Sneasler\n|-damage|p2b: Sneasler|0 fnt\n|faint|p2b: Sneasler\n|\n|t:|1788332928\n|switch|p1b: Floette|Floette-Mega, L50, F|24/100|[from] Flip Turn\n|-ability|p1b: Floette|Fairy Aura\n|\n|upkeep\n|\n|t:|1788332932\n|switch|p2b: Sinistcha|Sinistcha-Masterpiece, L50|100/100\n|turn|5\n|\n|t:|1788332945\n|switch|p1b: Basculegion|Basculegion, L50, M, shiny|55/100\n|move|p2b: Sinistcha|Rage Powder|p2b: Sinistcha\n|-singleturn|p2b: Sinistcha|move: Rage Powder\n|move|p1a: Kingambit|Iron Head|p2b: Sinistcha\n|-damage|p2b: Sinistcha|65/100\n|move|p2a: Mawile|Play Rough|p1a: Kingambit|[miss]\n|-miss|p2a: Mawile|p1a: Kingambit\n|\n|upkeep\n|turn|6\n|inactive|Battle timer is ON: inactive players will automatically lose when time's up. (requested by spoon91)\n|\n|t:|1788332970\n|move|p2b: Sinistcha|Rage Powder|p2b: Sinistcha\n|-singleturn|p2b: Sinistcha|move: Rage Powder\n|move|p1b: Basculegion|Wave Crash|p2b: Sinistcha\n|-resisted|p2b: Sinistcha|1\n|-damage|p2b: Sinistcha|38/100\n|-enditem|p2b: Sinistcha|Sitrus Berry|[eat]\n|-heal|p2b: Sinistcha|63/100|[from] item: Sitrus Berry\n|-damage|p1b: Basculegion|47/100|[from] Recoil\n|move|p1a: Kingambit|Kowtow Cleave|p2b: Sinistcha\n|-supereffective|p2b: Sinistcha|1\n|-damage|p2b: Sinistcha|0 fnt\n|faint|p2b: Sinistcha\n|move|p2a: Mawile|Play Rough|p1b: Basculegion\n|-crit|p1b: Basculegion\n|-damage|p1b: Basculegion|0 fnt\n|faint|p1b: Basculegion\n|\n|upkeep\n|\n|t:|1788332977\n|switch|p1b: Floette|Floette-Mega, L50, F|24/100\n|-ability|p1b: Floette|Fairy Aura\n|turn|7\n|\n|t:|1788332986\n|move|p1b: Floette|Light of Ruin|p2a: Mawile\n|-resisted|p2a: Mawile|1\n|-damage|p2a: Mawile|33/100\n|-damage|p1b: Floette|0 fnt|[from] Recoil\n|faint|p1b: Floette\n|move|p1a: Kingambit|Iron Head|p2a: Mawile\n|-damage|p2a: Mawile|0 fnt\n|faint|p2a: Mawile\n|\n|win|spoon91\n|raw|spoon91's rating: 1111 &rarr; <strong>1142</strong><br />(+31 for winning)\n|raw|Jamesccar2's rating: 1189 &rarr; <strong>1158</strong><br />(-31 for losing)\n|l|☆Jamesccar2\n|player|p2|\n","uploadtime":1788332997,"views":"4","formatid":"gen9championsvgc2026regmb","rating":1142,"private":0,"password":null}