{"id":"gen9championsvgc2026regmbbo3-2674842370","format":"[Gen 9 Champions] VGC 2026 Reg M-B (Bo3)","players":["humania1","pandywulu"],"log":"|j|☆humania1\n|j|☆pandywulu\n|html|<table width=\"100%\"><tr><td align=\"left\">humania1</td><td align=\"right\">pandywulu</tr><tr><td align=\"left\"><i class=\"fa fa-circle-o\"></i> <i class=\"fa fa-circle-o\"></i> </td><td align=\"right\"><i class=\"fa fa-circle-o\"></i> <i class=\"fa fa-circle-o\"></i> </tr></table>\n|uhtml|bestof|<h2><strong>Game 1</strong> of <a href=\"/game-bestof3-gen9championsvgc2026regmbbo3-2674842369\">a best-of-3</a></h2>\n|t:|1788419013\n|gametype|doubles\n|player|p1|humania1|265|1000\n|player|p2|pandywulu|266|1174\n|gen|9\n|tier|[Gen 9 Champions] VGC 2026 Reg M-B (Bo3)\n|rated|\n|rule|Species Clause: Limit one of each Pokémon\n|rule|Item Clause: Limit 1 of each item\n|clearpoke\n|poke|p1|Charizard, L50, F|\n|poke|p1|Whimsicott, L50, F|\n|poke|p1|Basculegion, L50, M|\n|poke|p1|Farigiraf, L50, M|\n|poke|p1|Kangaskhan, L50, F|\n|poke|p1|Sneasler, L50, M|\n|poke|p2|Dragonite, L50, M|\n|poke|p2|Sneasler, L50, M|\n|poke|p2|Primarina, L50, M|\n|poke|p2|Pelipper, L50, M|\n|poke|p2|Rhyperior, L50, F|\n|poke|p2|Garchomp, L50, F|\n|teampreview|4\n|showteam|p1|Charizard||CharizarditeY|SolarPower|WeatherBall,HeatWave,SolarBeam,Protect|Timid||F|||50|]Whimsicott||FocusSash|Prankster|Moonblast,Tailwind,SunnyDay,Encore|Timid||F|||50|]Basculegion||ChoiceScarf|Adaptability|WaveCrash,AquaJet,LastRespects,FlipTurn|Adamant||M|||50|]Farigiraf||SitrusBerry|ArmorTail|Psychic,HyperVoice,HelpingHand,TrickRoom|Modest||M|||50|]Kangaskhan||Kangaskhanite|Scrappy|FakeOut,DoubleEdge,DrainPunch,SuckerPunch|Adamant||F|||50|]Sneasler||WhiteHerb|Unburden|FakeOut,CloseCombat,DireClaw,RockTomb|Adamant||M|||50|\n|showteam|p2|Dragonite||Dragoninite|Multiscale|Hurricane,DragonPulse,Protect,ExtremeSpeed|Timid||M|||50|]Sneasler||FocusSash|Unburden|Feint,CloseCombat,DireClaw,FakeOut|Jolly||M|||50|]Primarina||Leftovers|LiquidVoice|EnergyBall,HyperVoice,DazzlingGleam,Protect|Timid||M|||50|]Pelipper||ExpertBelt|Drizzle|Hurricane,WeatherBall,Protect,Tailwind|Timid||M|||50|]Rhyperior||LifeOrb|LightningRod|DrillRun,RockSlide,IcePunch,Protect|Brave||F|||50|]Garchomp||ChoiceScarf|RoughSkin|DragonClaw,RockSlide,StompingTantrum,PoisonJab|Adamant||F|||50|\n|inactive|Battle timer is ON: inactive players will automatically lose when time's up. (requested by humania1)\n|inactive|pandywulu has 60 seconds left.\n|inactive|pandywulu has 30 seconds left.\n|\n|t:|1788419077\n|teamsize|p1|4\n|teamsize|p2|4\n|start\n|switch|p1a: Basculegion|Basculegion, L50, M|100/100\n|switch|p1b: Farigiraf|Farigiraf, L50, M|100/100\n|switch|p2a: Sneasler|Sneasler, L50, M|100/100\n|switch|p2b: Rhyperior|Rhyperior, L50, F|100/100\n|turn|1\n|inactive|pandywulu has 30 seconds left.\n|\n|t:|1788419112\n|switch|p2b: Garchomp|Garchomp, L50, F|100/100\n|move|p1a: Basculegion|Wave Crash|p2b: Garchomp\n|-damage|p2b: Garchomp|19/100\n|-damage|p1a: Basculegion|87/100|[from] ability: Rough Skin|[of] p2b: Garchomp\n|-damage|p1a: Basculegion|62/100|[from] Recoil\n|move|p2a: Sneasler|Close Combat|p1b: Farigiraf\n|-damage|p1b: Farigiraf|33/100\n|-unboost|p2a: Sneasler|def|1\n|-unboost|p2a: Sneasler|spd|1\n|-enditem|p1b: Farigiraf|Sitrus Berry|[eat]\n|-heal|p1b: Farigiraf|57/100|[from] item: Sitrus Berry\n|move|p1b: Farigiraf|Psychic|p2a: Sneasler\n|-supereffective|p2a: Sneasler|2\n|-enditem|p2a: Sneasler|Focus Sash\n|-damage|p2a: Sneasler|1/100\n|\n|upkeep\n|turn|2\n|inactive|pandywulu has 30 seconds left.\n|inactive|pandywulu has 20 seconds left.\n|\n|t:|1788419151\n|move|p2a: Sneasler|Dire Claw|p1b: Farigiraf\n|-damage|p1b: Farigiraf|16/100\n|move|p2b: Garchomp|Rock Slide|p1b: Farigiraf|[spread] p1a,p1b\n|-damage|p1a: Basculegion|34/100\n|-damage|p1b: Farigiraf|0 fnt\n|faint|p1b: Farigiraf\n|cant|p1a: Basculegion|flinch\n|\n|upkeep\n|\n|t:|1788419152\n|switch|p1b: Kangaskhan|Kangaskhan, L50, F|100/100\n|turn|3\n|\n|t:|1788419175\n|switch|p2a: Rhyperior|Rhyperior, L50, F|100/100\n|detailschange|p1b: Kangaskhan|Kangaskhan-Mega, L50, F\n|-mega|p1b: Kangaskhan|Kangaskhan|Kangaskhanite\n|move|p1b: Kangaskhan|Fake Out|p2a: Rhyperior\n|-resisted|p2a: Rhyperior|1\n|-damage|p2a: Rhyperior|93/100\n|-resisted|p2a: Rhyperior|1\n|-crit|p2a: Rhyperior\n|-damage|p2a: Rhyperior|90/100\n|-hitcount|p2a: Rhyperior|2\n|move|p2b: Garchomp|Rock Slide|p1a: Basculegion|[spread] p1a\n|-miss|p2b: Garchomp|p1b: Kangaskhan\n|-damage|p1a: Basculegion|6/100\n|move|p1a: Basculegion|Wave Crash|p2a: Rhyperior\n|-supereffective|p2a: Rhyperior|2\n|-damage|p2a: Rhyperior|0 fnt\n|faint|p2a: Rhyperior\n|-damage|p1a: Basculegion|0 fnt|[from] Recoil\n|faint|p1a: Basculegion\n|\n|upkeep\n|\n|t:|1788419197\n|switch|p1a: Sneasler|Sneasler, L50, M|100/100\n|switch|p2a: Dragonite|Dragonite, L50, M|100/100\n|turn|4\n|\n|t:|1788419206\n|detailschange|p2a: Dragonite|Dragonite-Mega, L50, M\n|-mega|p2a: Dragonite|Dragonite|Dragoninite\n|move|p2a: Dragonite|Protect|p2a: Dragonite\n|-singleturn|p2a: Dragonite|Protect\n|move|p1a: Sneasler|Fake Out|p2b: Garchomp\n|-damage|p2b: Garchomp|3/100\n|-damage|p1a: Sneasler|87/100|[from] ability: Rough Skin|[of] p2b: Garchomp\n|cant|p2b: Garchomp|flinch\n|move|p1b: Kangaskhan|Double-Edge|p2b: Garchomp\n|-damage|p2b: Garchomp|0 fnt\n|-damage|p1b: Kangaskhan|87/100|[from] ability: Rough Skin|[of] p2b: Garchomp\n|faint|p2b: Garchomp\n|-damage|p1b: Kangaskhan|86/100|[from] Recoil\n|\n|upkeep\n|\n|t:|1788419220\n|switch|p2b: Sneasler|Sneasler, L50, M|1/100\n|turn|5\n|\n|t:|1788419229\n|move|p2b: Sneasler|Fake Out|p1b: Kangaskhan\n|-damage|p1b: Kangaskhan|73/100\n|move|p1a: Sneasler|Close Combat|p2b: Sneasler\n|-resisted|p2b: Sneasler|1\n|-damage|p2b: Sneasler|0 fnt\n|-unboost|p1a: Sneasler|def|1\n|-unboost|p1a: Sneasler|spd|1\n|faint|p2b: Sneasler\n|-enditem|p1a: Sneasler|White Herb\n|-clearnegativeboost|p1a: Sneasler|[silent]\n|move|p2a: Dragonite|Hurricane|p1a: Sneasler\n|-supereffective|p1a: Sneasler|1\n|-damage|p1a: Sneasler|0 fnt\n|faint|p1a: Sneasler\n|cant|p1b: Kangaskhan|flinch\n|\n|upkeep\n|turn|6\n|\n|t:|1788419249\n|move|p2a: Dragonite|Dragon Pulse|p1b: Kangaskhan\n|-crit|p1b: Kangaskhan\n|-damage|p1b: Kangaskhan|0 fnt\n|faint|p1b: Kangaskhan\n|\n|win|pandywulu\n","uploadtime":1788419249,"views":"1","formatid":"gen9championsvgc2026regmbbo3","rating":null,"private":0,"password":null}