{"id":"gen9championsvgc2026regmb-2674790344","format":"[Gen 9 Champions] VGC 2026 Reg M-B","players":["ProfessorNatty","vioklet"],"log":"|j|☆ProfessorNatty\n|j|☆vioklet\n|t:|1788407355\n|gametype|doubles\n|player|p1|ProfessorNatty|169|1330\n|player|p2|vioklet|dawn-gen4pt|1356\n|gen|9\n|tier|[Gen 9 Champions] VGC 2026 Reg M-B\n|rated|\n|rule|Species Clause: Limit one of each Pokémon\n|rule|Item Clause: Limit 1 of each item\n|clearpoke\n|poke|p1|Gholdengo, L50|\n|poke|p1|Staraptor, L50, F|\n|poke|p1|Tyranitar, L50, M|\n|poke|p1|Farigiraf, L50, F|\n|poke|p1|Whimsicott, L50, M, shiny|\n|poke|p1|Excadrill, L50, F, shiny|\n|poke|p2|Delphox, L50, F, shiny|\n|poke|p2|Tsareena, L50, F, shiny|\n|poke|p2|Milotic, L50, F, shiny|\n|poke|p2|Garchomp, L50, M, shiny|\n|poke|p2|Sableye, L50, M, shiny|\n|poke|p2|Whimsicott, L50, F, shiny|\n|teampreview|4\n|inactive|Battle timer is ON: inactive players will automatically lose when time's up. (requested by vioklet)\n|inactive|ProfessorNatty has 60 seconds left.\n|inactive|vioklet has 60 seconds left.\n|\n|t:|1788407402\n|teamsize|p1|4\n|teamsize|p2|4\n|start\n|switch|p1a: Whimsicott|Whimsicott, L50, M, shiny|100/100\n|switch|p1b: Tyranitar|Tyranitar, L50, M|100/100\n|switch|p2a: fruity|Tsareena, L50, F, shiny|100/100\n|switch|p2b: Sableye|Sableye, L50, M, shiny|100/100\n|-weather|Sandstorm|[from] ability: Sand Stream|[of] p1b: Tyranitar\n|turn|1\n|inactive|ProfessorNatty has 30 seconds left.\n|inactive|ProfessorNatty has 20 seconds left.\n|\n|t:|1788407441\n|move|p1b: Tyranitar|Protect|p1b: Tyranitar\n|-singleturn|p1b: Tyranitar|Protect\n|move|p2b: Sableye|Will-O-Wisp|p1a: Whimsicott\n|-status|p1a: Whimsicott|brn\n|move|p1a: Whimsicott|Moonblast|p2b: Sableye\n|-supereffective|p2b: Sableye|1\n|-damage|p2b: Sableye|8/100\n|-enditem|p2b: Sableye|Sitrus Berry|[eat]\n|-heal|p2b: Sableye|33/100|[from] item: Sitrus Berry\n|move|p2a: fruity|Power Whip|p1b: Tyranitar\n|-activate|p1b: Tyranitar|move: Protect\n|\n|-weather|Sandstorm|[upkeep]\n|-damage|p1a: Whimsicott|94/100 brn|[from] Sandstorm\n|-damage|p2a: fruity|94/100|[from] Sandstorm\n|-damage|p2b: Sableye|27/100|[from] Sandstorm\n|-damage|p1a: Whimsicott|88/100 brn|[from] brn\n|upkeep\n|turn|2\n|inactive|ProfessorNatty has 30 seconds left.\n|\n|t:|1788407470\n|switch|p1b: Gholdengo|Gholdengo, L50|100/100\n|move|p1a: Whimsicott|Moonblast|p2b: Sableye\n|-supereffective|p2b: Sableye|1\n|-damage|p2b: Sableye|0 fnt\n|faint|p2b: Sableye\n|move|p2a: fruity|Power Whip|p1b: Gholdengo\n|-resisted|p1b: Gholdengo|1\n|-damage|p1b: Gholdengo|59/100\n|\n|-weather|Sandstorm|[upkeep]\n|-damage|p1a: Whimsicott|82/100 brn|[from] Sandstorm\n|-damage|p2a: fruity|88/100|[from] Sandstorm\n|-damage|p1a: Whimsicott|76/100 brn|[from] brn\n|upkeep\n|\n|t:|1788407478\n|switch|p2b: Delphox|Delphox, L50, F, shiny|100/100\n|turn|3\n|\n|t:|1788407497\n|switch|p2a: Garchomp|Garchomp, L50, M, shiny|100/100\n|detailschange|p2b: Delphox|Delphox-Mega, L50, F, shiny\n|-mega|p2b: Delphox|Delphox|Delphoxite\n|move|p1a: Whimsicott|Tailwind|p1a: Whimsicott\n|-sidestart|p1: ProfessorNatty|move: Tailwind\n|move|p1b: Gholdengo|Power Gem|p2b: Delphox\n|-supereffective|p2b: Delphox|1\n|-damage|p2b: Delphox|26/100\n|-damage|p1b: Gholdengo|49/100|[from] item: Life Orb\n|move|p2b: Delphox|Heat Wave|p1b: Gholdengo|[spread] p1a,p1b\n|-supereffective|p1a: Whimsicott|1\n|-supereffective|p1b: Gholdengo|1\n|-damage|p1a: Whimsicott|0 fnt\n|-damage|p1b: Gholdengo|0 fnt\n|faint|p1a: Whimsicott\n|faint|p1b: Gholdengo\n|\n|-weather|Sandstorm|[upkeep]\n|-damage|p2b: Delphox|20/100y|[from] Sandstorm\n|upkeep\n|inactive|ProfessorNatty has 30 seconds left.\n|\n|t:|1788407524\n|switch|p1a: Staraptor|Staraptor, L50, F|100/100\n|switch|p1b: Tyranitar|Tyranitar, L50, M|100/100\n|-ability|p1a: Staraptor|Intimidate|boost\n|-unboost|p2a: Garchomp|atk|1\n|-unboost|p2b: Delphox|atk|1\n|turn|4\n|inactive|ProfessorNatty has 30 seconds left.\n|inactive|ProfessorNatty has 20 seconds left.\n|inactive|ProfessorNatty has 15 seconds left.\n|inactive|ProfessorNatty has 10 seconds left.\n|\n|t:|1788407573\n|switch|p2b: fruity|Tsareena, L50, F, shiny|88/100\n|detailschange|p1a: Staraptor|Staraptor-Mega, L50, F\n|-mega|p1a: Staraptor|Staraptor|Staraptite\n|move|p1a: Staraptor|Close Combat|p2a: Garchomp\n|-damage|p2a: Garchomp|47/100\n|-boost|p1a: Staraptor|def|1\n|-boost|p1a: Staraptor|spd|1\n|-damage|p1a: Staraptor|87/100|[from] ability: Rough Skin|[of] p2a: Garchomp\n|move|p1b: Tyranitar|Knock Off|p2a: Garchomp\n|-damage|p2a: Garchomp|0 fnt\n|-damage|p1b: Tyranitar|87/100|[from] ability: Rough Skin|[of] p2a: Garchomp\n|-enditem|p2a: Garchomp|Yache Berry|[from] move: Knock Off|[of] p1b: Tyranitar\n|faint|p2a: Garchomp\n|\n|-weather|Sandstorm|[upkeep]\n|-damage|p1a: Staraptor|82/100|[from] Sandstorm\n|-damage|p2b: fruity|83/100|[from] Sandstorm\n|upkeep\n|\n|t:|1788407586\n|switch|p2a: Delphox|Delphox-Mega, L50, F, shiny|20/100y\n|turn|5\n|\n|t:|1788407606\n|move|p2a: Delphox|Protect|p2a: Delphox\n|-singleturn|p2a: Delphox|Protect\n|move|p1a: Staraptor|Close Combat|p2b: fruity\n|-damage|p2b: fruity|25/100\n|-boost|p1a: Staraptor|def|1\n|-boost|p1a: Staraptor|spd|1\n|move|p1b: Tyranitar|Knock Off|p2a: Delphox\n|-activate|p2a: Delphox|move: Protect\n|move|p2b: fruity|Power Whip|p1b: Tyranitar\n|-supereffective|p1b: Tyranitar|1\n|-damage|p1b: Tyranitar|0 fnt\n|faint|p1b: Tyranitar\n|\n|-weather|none\n|upkeep\n|turn|6\n|\n|t:|1788407627\n|move|p2a: Delphox|Protect|p2a: Delphox\n|-singleturn|p2a: Delphox|Protect\n|move|p1a: Staraptor|Close Combat|p2a: Delphox\n|-activate|p2a: Delphox|move: Protect\n|move|p2b: fruity|Triple Axel|p1a: Staraptor\n|-supereffective|p1a: Staraptor|1\n|-damage|p1a: Staraptor|75/100\n|-supereffective|p1a: Staraptor|1\n|-damage|p1a: Staraptor|62/100\n|-supereffective|p1a: Staraptor|1\n|-damage|p1a: Staraptor|43/100\n|-hitcount|p1a: Staraptor|3\n|\n|-sideend|p1: ProfessorNatty|move: Tailwind\n|upkeep\n|turn|7\n|inactive|ProfessorNatty has 30 seconds left.\n|\n|t:|1788407656\n|move|p2a: Delphox|Psyshock|p1a: Staraptor\n|-supereffective|p1a: Staraptor|1\n|-damage|p1a: Staraptor|0 fnt\n|faint|p1a: Staraptor\n|\n|win|vioklet\n|raw|ProfessorNatty's rating: 1330 &rarr; <strong>1311</strong><br />(-19 for losing)\n|raw|vioklet's rating: 1356 &rarr; <strong>1375</strong><br />(+19 for winning)\n|l|☆ProfessorNatty\n|player|p1|\n","uploadtime":1788407662,"views":"1","formatid":"gen9championsvgc2026regmb","rating":1311,"private":0,"password":null}