{"id":"gen9championsvgc2026regmb-2674152537","format":"[Gen 9 Champions] VGC 2026 Reg M-B","players":["hondourpoker","ShomiYomi"],"log":"|j|☆hondourpoker\n|j|☆ShomiYomi\n|t:|1788306961\n|gametype|doubles\n|player|p1|hondourpoker|170|\n|player|p2|ShomiYomi|2|\n|gen|9\n|tier|[Gen 9 Champions] VGC 2026 Reg M-B\n|rule|Species Clause: Limit one of each Pokémon\n|rule|Item Clause: Limit 1 of each item\n|clearpoke\n|poke|p1|Sableye, L50, F|\n|poke|p1|Gengar, L50, M|\n|poke|p1|Dragapult, L50, M|\n|poke|p1|Tinkaton, L50, F|\n|poke|p1|Incineroar, L50, M|\n|poke|p1|Primarina, L50, M|\n|poke|p2|Drampa, L50, M|\n|poke|p2|Barbaracle, L50, F|\n|poke|p2|Armarouge, L50, M|\n|poke|p2|Farigiraf, L50, F, shiny|\n|poke|p2|Clefable, L50, M|\n|poke|p2|Sinistcha, L50|\n|teampreview|4\n|\n|t:|1788307073\n|teamsize|p1|4\n|teamsize|p2|4\n|start\n|switch|p1a: Tinkaton|Tinkaton, L50, F|100/100\n|switch|p1b: Gengar|Gengar, L50, M|100/100\n|switch|p2a: BARBARBAR|Barbaracle, L50, F|100/100\n|switch|p2b: Rouge the Bat|Armarouge, L50, M|100/100\n|-ability|p1a: Tinkaton|Mold Breaker\n|turn|1\n|c|☆ShomiYomi|Glhf ;)\n|c|☆hondourpoker|AAAAHHHHH\n|\n|t:|1788307146\n|detailschange|p1b: Gengar|Gengar-Mega, L50, M\n|-mega|p1b: Gengar|Gengar|Gengarite\n|detailschange|p2a: BARBARBAR|Barbaracle-Mega, L50, F\n|-mega|p2a: BARBARBAR|Barbaracle|Barbaracite\n|move|p1a: Tinkaton|Fake Out|p2b: Rouge the Bat\n|-damage|p2b: Rouge the Bat|91/100\n|cant|p2b: Rouge the Bat|flinch\n|move|p1b: Gengar|Perish Song|p1b: Gengar\n|-start|p1a: Tinkaton|perish3|[silent]\n|-start|p1b: Gengar|perish3|[silent]\n|-start|p2a: BARBARBAR|perish3|[silent]\n|-start|p2b: Rouge the Bat|perish3|[silent]\n|-fieldactivate|move: Perish Song\n|move|p2a: BARBARBAR|Shell Smash|p2a: BARBARBAR\n|-unboost|p2a: BARBARBAR|def|1\n|-unboost|p2a: BARBARBAR|spd|1\n|-boost|p2a: BARBARBAR|atk|2\n|-boost|p2a: BARBARBAR|spa|2\n|-boost|p2a: BARBARBAR|spe|2\n|\n|-start|p2a: BARBARBAR|perish3\n|-start|p2b: Rouge the Bat|perish3\n|-start|p1b: Gengar|perish3\n|-start|p1a: Tinkaton|perish3\n|upkeep\n|turn|2\n|\n|t:|1788307170\n|switch|p1a: Incineroar|Incineroar, L50, M|100/100\n|-ability|p1a: Incineroar|Intimidate|boost\n|-unboost|p2a: BARBARBAR|atk|1\n|-unboost|p2b: Rouge the Bat|atk|1\n|move|p1b: Gengar|Protect|p1b: Gengar\n|-singleturn|p1b: Gengar|Protect\n|move|p2a: BARBARBAR|Rock Slide|p1a: Incineroar|[spread] p1a\n|-activate|p1b: Gengar|move: Protect\n|-supereffective|p1a: Incineroar|1\n|-damage|p1a: Incineroar|22/100\n|-enditem|p1a: Incineroar|Sitrus Berry|[eat]\n|-heal|p1a: Incineroar|47/100|[from] item: Sitrus Berry\n|move|p2b: Rouge the Bat|Heat Wave|p1b: Gengar|[spread] p1a\n|-activate|p1b: Gengar|move: Protect\n|-resisted|p1a: Incineroar|1\n|-damage|p1a: Incineroar|31/100\n|\n|-start|p2a: BARBARBAR|perish2\n|-start|p2b: Rouge the Bat|perish2\n|-start|p1b: Gengar|perish2\n|upkeep\n|turn|3\n|\n|t:|1788307195\n|switch|p1b: Tinkaton|Tinkaton, L50, F|100/100\n|-ability|p1b: Tinkaton|Mold Breaker\n|move|p2a: BARBARBAR|Rock Slide|p1a: Incineroar|[spread] p1b\n|-miss|p2a: BARBARBAR|p1a: Incineroar\n|-resisted|p1b: Tinkaton|1\n|-damage|p1b: Tinkaton|74/100\n|move|p2b: Rouge the Bat|Heat Wave|p1a: Incineroar|[spread] p1a,p1b\n|-resisted|p1a: Incineroar|1\n|-supereffective|p1b: Tinkaton|1\n|-damage|p1a: Incineroar|15/100\n|-damage|p1b: Tinkaton|14/100\n|move|p1a: Incineroar|Parting Shot|p1b: Tinkaton\n|-unboost|p1b: Tinkaton|atk|1\n|-unboost|p1b: Tinkaton|spa|1\n|\n|t:|1788307208\n|switch|p1a: Gengar|Gengar-Mega, L50, M|100/100|[from] Parting Shot\n|\n|-start|p2a: BARBARBAR|perish1\n|-start|p2b: Rouge the Bat|perish1\n|upkeep\n|turn|4\n|c|☆ShomiYomi|Wowowoow\n|\n|t:|1788307230\n|switch|p1b: Incineroar|Incineroar, L50, M|15/100\n|-ability|p1b: Incineroar|Intimidate|boost\n|-unboost|p2a: BARBARBAR|atk|1\n|-unboost|p2b: Rouge the Bat|atk|1\n|move|p1a: Gengar|Protect|p1a: Gengar\n|-singleturn|p1a: Gengar|Protect\n|move|p2a: BARBARBAR|Rock Slide|p1a: Gengar|[spread] p1b\n|-activate|p1a: Gengar|move: Protect\n|-supereffective|p1b: Incineroar|1\n|-damage|p1b: Incineroar|0 fnt\n|faint|p1b: Incineroar\n|move|p2b: Rouge the Bat|Heat Wave|p1a: Gengar\n|-activate|p1a: Gengar|move: Protect\n|\n|-start|p2a: BARBARBAR|perish0\n|-start|p2b: Rouge the Bat|perish0\n|faint|p2a: BARBARBAR\n|faint|p2b: Rouge the Bat\n|upkeep\n|\n|t:|1788307247\n|switch|p2b: Codeine Crazy|Sinistcha, L50|100/100\n|switch|p2a: Frickgiraf|Farigiraf, L50, F, shiny|100/100\n|switch|p1b: Tinkaton|Tinkaton, L50, F|14/100\n|-ability|p1b: Tinkaton|Mold Breaker\n|turn|5\n|c|☆hondourpoker|Great names\n|c|☆ShomiYomi|Had to get on the wave lol\n|\n|t:|1788307299\n|move|p1b: Tinkaton|Fake Out|p2a: Frickgiraf\n|-crit|p2a: Frickgiraf\n|-damage|p2a: Frickgiraf|89/100\n|move|p1a: Gengar|Perish Song|p1a: Gengar\n|-start|p1a: Gengar|perish3|[silent]\n|-start|p1b: Tinkaton|perish3|[silent]\n|-start|p2a: Frickgiraf|perish3|[silent]\n|-start|p2b: Codeine Crazy|perish3|[silent]\n|-fieldactivate|move: Perish Song\n|move|p2b: Codeine Crazy|Shadow Ball|p1b: Tinkaton\n|-damage|p1b: Tinkaton|0 fnt\n|faint|p1b: Tinkaton\n|cant|p2a: Frickgiraf|flinch\n|\n|-heal|p2a: Frickgiraf|95/100|[from] item: Leftovers\n|-start|p1a: Gengar|perish3\n|-start|p2b: Codeine Crazy|perish3\n|-start|p2a: Frickgiraf|perish3\n|upkeep\n|\n|t:|1788307309\n|switch|p1b: Primarina|Primarina, L50, M|100/100\n|turn|6\n|c|☆ShomiYomi|HE BROLE THE MOLD\n|\n|t:|1788307327\n|move|p1a: Gengar|Protect|p1a: Gengar\n|-singleturn|p1a: Gengar|Protect\n|move|p1b: Primarina|Protect|p1b: Primarina\n|-singleturn|p1b: Primarina|Protect\n|move|p2b: Codeine Crazy|Matcha Gotcha|p1a: Gengar|[spread] \n|-activate|p1a: Gengar|move: Protect\n|-activate|p1b: Primarina|move: Protect\n|move|p2a: Frickgiraf|Thunderbolt|p1b: Primarina\n|-activate|p1b: Primarina|move: Protect\n|\n|-heal|p2a: Frickgiraf|100/100|[from] item: Leftovers\n|-start|p1a: Gengar|perish2\n|-start|p2b: Codeine Crazy|perish2\n|-start|p2a: Frickgiraf|perish2\n|upkeep\n|turn|7\n|\n|t:|1788307357\n|move|p1a: Gengar|Disable|p2b: Codeine Crazy\n|-start|p2b: Codeine Crazy|Disable|Matcha Gotcha\n|move|p2b: Codeine Crazy|Shadow Ball|p1a: Gengar\n|-supereffective|p1a: Gengar|1\n|-crit|p1a: Gengar\n|-damage|p1a: Gengar|0 fnt\n|faint|p1a: Gengar\n|move|p1b: Primarina|Hyper Voice|p2a: Frickgiraf|[spread] p2a,p2b\n|-resisted|p2b: Codeine Crazy|1\n|-damage|p2a: Frickgiraf|68/100\n|-damage|p2b: Codeine Crazy|80/100\n|move|p2a: Frickgiraf|Psychic|p1b: Primarina\n|-damage|p1b: Primarina|61/100\n|\n|-heal|p1b: Primarina|67/100|[from] item: Leftovers\n|-heal|p2a: Frickgiraf|74/100|[from] item: Leftovers\n|-start|p2b: Codeine Crazy|perish1\n|-start|p2a: Frickgiraf|perish1\n|upkeep\n|turn|8\n|c|☆hondourpoker|GGs\n|c|☆ShomiYomi|Damn gg\n|c|☆hondourpoker|Crazy game\n|\n|t:|1788307384\n|move|p1b: Primarina|Protect|p1b: Primarina\n|-singleturn|p1b: Primarina|Protect\n|move|p2b: Codeine Crazy|Shadow Ball|p1b: Primarina\n|-activate|p1b: Primarina|move: Protect\n|move|p2a: Frickgiraf|Thunderbolt|p1b: Primarina\n|-activate|p1b: Primarina|move: Protect\n|\n|-heal|p1b: Primarina|73/100|[from] item: Leftovers\n|-heal|p2a: Frickgiraf|80/100|[from] item: Leftovers\n|-start|p2b: Codeine Crazy|perish0\n|-start|p2a: Frickgiraf|perish0\n|faint|p2b: Codeine Crazy\n|faint|p2a: Frickgiraf\n|\n|win|hondourpoker\n|c|☆ShomiYomi|Well played bro\n|c|☆hondourpoker|Bright powder BO3 next RR\n|c|☆hondourpoker|GGs <3\n|c|☆ShomiYomi|<3<3\n|l|☆ShomiYomi\n|player|p2|\n","uploadtime":1788307403,"views":"0","formatid":"gen9championsvgc2026regmb","rating":null,"private":0,"password":null}