{"id":"gen9championsvgc2026regmb-2674931387","format":"[Gen 9 Champions] VGC 2026 Reg M-B","players":["poktiyty3ty","malobevgc"],"log":"|j|☆poktiyty3ty\n|j|☆malobevgc\n|t:|1788437966\n|gametype|doubles\n|player|p1|poktiyty3ty|miku-water|1211\n|player|p2|malobevgc|169|1288\n|gen|9\n|tier|[Gen 9 Champions] VGC 2026 Reg M-B\n|rated|\n|rule|Species Clause: Limit one of each Pokémon\n|rule|Item Clause: Limit 1 of each item\n|clearpoke\n|poke|p1|Scrafty, L50, F|\n|poke|p1|Blaziken, L50, F|\n|poke|p1|Garchomp, L50, M|\n|poke|p1|Scolipede, L50, M|\n|poke|p1|Tinkaton, L50, F|\n|poke|p1|Aerodactyl, L50, M|\n|poke|p2|Sneasler, L50, F|\n|poke|p2|Blastoise, L50, M|\n|poke|p2|Kingambit, L50, M, shiny|\n|poke|p2|Incineroar, L50, M|\n|poke|p2|Delphox, L50, F, shiny|\n|poke|p2|Sinistcha, L50|\n|teampreview|4\n|inactive|Battle timer is ON: inactive players will automatically lose when time's up. (requested by poktiyty3ty)\nmalobevgc has agreed to open team sheets.\npoktiyty3ty has agreed to open team sheets.\n|showteam|p1|Scrafty||Scraftinite|Intimidate|FakeOut,DragonDance,CloseCombat,KnockOff|Adamant||F|||50|]Blaziken||FocusSash|SpeedBoost|SwordsDance,CloseCombat,RockSlide,BlazeKick|Adamant||F|||50|]Garchomp||LifeOrb|RoughSkin|DragonClaw,Earthquake,RockSlide,Protect|Adamant||M|||50|]Scolipede||Scolipite|SpeedBoost|SwordsDance,GunkShot,Megahorn,Protect|Adamant||M|||50|]Tinkaton||Leftovers|MoldBreaker|FakeOut,GigatonHammer,PlayRough,Protect|Jolly||F|||50|]Aerodactyl||MentalHerb|Pressure|Tailwind,Taunt,RockSlide,Protect|Jolly||M|||50|\n|showteam|p2|Sneasler||FocusSash|PoisonTouch|PoisonJab,CloseCombat,FakeOut,QuickGuard|Jolly||F|||50|]Blastoise||Blastoisinite|RainDish|AuraSphere,WaterSpout,ShellSmash,Protect|Modest||M|||50|]Kingambit||BlackGlasses|Defiant|KowtowCleave,SuckerPunch,SwordsDance,Protect|Adamant||M|||50|]Incineroar||SitrusBerry|Intimidate|FlareBlitz,HelpingHand,PartingShot,FakeOut|Careful||M|||50|]Delphox||Delphoxite|Blaze|HeatWave,NastyPlot,Psyshock,Protect|Timid||F|||50|]Sinistcha||KasibBerry|Hospitality|MatchaGotcha,RagePowder,TrickRoom,Protect|Bold|||||50|\n|inactive|poktiyty3ty has 60 seconds left.\n|inactive|malobevgc has 60 seconds left.\n|inactive|malobevgc has 30 seconds left.\n|\n|t:|1788438032\n|teamsize|p1|4\n|teamsize|p2|4\n|start\n|switch|p1a: Scrafty|Scrafty, L50, F|100/100\n|switch|p1b: Aerodactyl|Aerodactyl, L50, M|100/100\n|switch|p2a: Delphox|Delphox, L50, F, shiny|100/100\n|switch|p2b: Incineroar|Incineroar, L50, M|100/100\n|-ability|p1b: Aerodactyl|Pressure\n|-ability|p1a: Scrafty|Intimidate|boost\n|-unboost|p2a: Delphox|atk|1\n|-unboost|p2b: Incineroar|atk|1\n|-ability|p2b: Incineroar|Intimidate|boost\n|-unboost|p1a: Scrafty|atk|1\n|-unboost|p1b: Aerodactyl|atk|1\n|turn|1\n|inactive|poktiyty3ty has 30 seconds left.\n|\n|t:|1788438062\n|detailschange|p2a: Delphox|Delphox-Mega, L50, F, shiny\n|-mega|p2a: Delphox|Delphox|Delphoxite\n|detailschange|p1a: Scrafty|Scrafty-Mega, L50, F\n|-mega|p1a: Scrafty|Scrafty|Scraftinite\n|-ability|p1a: Scrafty|Intimidate|boost\n|-unboost|p2a: Delphox|atk|1\n|-unboost|p2b: Incineroar|atk|1\n|move|p2a: Delphox|Protect|p2a: Delphox\n|-singleturn|p2a: Delphox|Protect\n|move|p1b: Aerodactyl|Protect|p1b: Aerodactyl\n|-singleturn|p1b: Aerodactyl|Protect\n|move|p1a: Scrafty|Fake Out|p2a: Delphox\n|-activate|p2a: Delphox|move: Protect\n|move|p2b: Incineroar|Fake Out|p1b: Aerodactyl\n|-activate|p1b: Aerodactyl|move: Protect\n|\n|upkeep\n|turn|2\n|\n|t:|1788438084\n|switch|p2a: Sneasler|Sneasler, L50, F|100/100\n|move|p1b: Aerodactyl|Rock Slide|p2a: Sneasler|[spread] p2a,p2b\n|-resisted|p2a: Sneasler|1\n|-supereffective|p2b: Incineroar|1\n|-damage|p2a: Sneasler|88/100\n|-damage|p2b: Incineroar|75/100\n|move|p1a: Scrafty|Dragon Dance|p1a: Scrafty\n|-boost|p1a: Scrafty|atk|1\n|-boost|p1a: Scrafty|spe|1\n|move|p2b: Incineroar|Parting Shot|p1a: Scrafty\n|-unboost|p1a: Scrafty|atk|1\n|-unboost|p1a: Scrafty|spa|1\n|\n|t:|1788438095\n|switch|p2b: Delphox|Delphox-Mega, L50, F, shiny|100/100|[from] Parting Shot\n|\n|upkeep\n|turn|3\n|\n|t:|1788438109\n|switch|p2b: Incineroar|Incineroar, L50, M|75/100\n|-ability|p2b: Incineroar|Intimidate|boost\n|-unboost|p1a: Scrafty|atk|1\n|-unboost|p1b: Aerodactyl|atk|1\n|switch|p1a: Garchomp|Garchomp, L50, M|100/100\n|move|p1b: Aerodactyl|Protect|p1b: Aerodactyl\n|-singleturn|p1b: Aerodactyl|Protect\n|move|p2a: Sneasler|Close Combat|p1a: Garchomp\n|-damage|p1a: Garchomp|54/100\n|-unboost|p2a: Sneasler|def|1\n|-unboost|p2a: Sneasler|spd|1\n|-damage|p2a: Sneasler|76/100|[from] ability: Rough Skin|[of] p1a: Garchomp\n|\n|upkeep\n|turn|4\n|\n|t:|1788438130\n|move|p2b: Incineroar|Fake Out|p1a: Garchomp\n|-damage|p1a: Garchomp|47/100\n|-damage|p2b: Incineroar|62/100|[from] ability: Rough Skin|[of] p1a: Garchomp\n|move|p1b: Aerodactyl|Tailwind|p1b: Aerodactyl\n|-sidestart|p1: poktiyty3ty|move: Tailwind\n|cant|p1a: Garchomp|flinch\n|move|p2a: Sneasler|Close Combat|p1b: Aerodactyl\n|-damage|p1b: Aerodactyl|16/100\n|-unboost|p2a: Sneasler|def|1\n|-unboost|p2a: Sneasler|spd|1\n|\n|upkeep\n|turn|5\n|\n|t:|1788438146\n|switch|p2a: Sinistcha|Sinistcha, L50|100/100\n|-heal|p2b: Incineroar|87/100|[from] ability: Hospitality|[of] p2a: Sinistcha\n|move|p1b: Aerodactyl|Rock Slide|p2b: Incineroar|[spread] p2a,p2b\n|-supereffective|p2b: Incineroar|1\n|-damage|p2a: Sinistcha|91/100\n|-damage|p2b: Incineroar|66/100\n|move|p1a: Garchomp|Earthquake|p2b: Incineroar|[spread] p2a,p2b\n|-immune|p1b: Aerodactyl\n|-resisted|p2a: Sinistcha|1\n|-supereffective|p2b: Incineroar|1\n|-damage|p2a: Sinistcha|71/100\n|-damage|p2b: Incineroar|0 fnt\n|faint|p2b: Incineroar\n|-damage|p1a: Garchomp|37/100|[from] item: Life Orb\n|\n|upkeep\n|\n|t:|1788438162\n|switch|p2b: Sneasler|Sneasler, L50, F|76/100\n|turn|6\n|\n|t:|1788438168\n|move|p1b: Aerodactyl|Protect|p1b: Aerodactyl\n|-singleturn|p1b: Aerodactyl|Protect\n|move|p1a: Garchomp|Protect|p1a: Garchomp\n|-singleturn|p1a: Garchomp|Protect\n|move|p2b: Sneasler|Close Combat|p1a: Garchomp\n|-activate|p1a: Garchomp|move: Protect\n|move|p2a: Sinistcha|Matcha Gotcha|p1b: Aerodactyl|[spread] \n|-activate|p1a: Garchomp|move: Protect\n|-activate|p1b: Aerodactyl|move: Protect\n|\n|upkeep\n|turn|7\n|inactive|poktiyty3ty has 30 seconds left.\n|\n|t:|1788438199\n|switch|p2b: Delphox|Delphox-Mega, L50, F, shiny|100/100\n|move|p1b: Aerodactyl|Rock Slide|p2b: Delphox|[spread] p2b\n|-miss|p1b: Aerodactyl|p2a: Sinistcha\n|-supereffective|p2b: Delphox|1\n|-damage|p2b: Delphox|68/100\n|move|p1a: Garchomp|Earthquake|p2b: Delphox|[spread] p2a\n|-immune|p1b: Aerodactyl\n|-immune|p2b: Delphox|[from] ability: Levitate\n|-resisted|p2a: Sinistcha|1\n|-crit|p2a: Sinistcha\n|-damage|p2a: Sinistcha|41/100\n|-damage|p1a: Garchomp|27/100|[from] item: Life Orb\n|move|p2a: Sinistcha|Matcha Gotcha|p1a: Garchomp|[spread] p1a,p1b\n|-damage|p1a: Garchomp|6/100\n|-heal|p2a: Sinistcha|53/100|[from] drain|[of] p1a: Garchomp\n|-damage|p1b: Aerodactyl|0 fnt\n|-heal|p2a: Sinistcha|62/100|[from] drain|[of] p1b: Aerodactyl\n|faint|p1b: Aerodactyl\n|\n|-sideend|p1: poktiyty3ty|move: Tailwind\n|upkeep\n|\n|t:|1788438209\n|switch|p1b: Scrafty|Scrafty-Mega, L50, F|100/100\n|-ability|p1b: Scrafty|Intimidate|boost\n|-unboost|p2a: Sinistcha|atk|1\n|-unboost|p2b: Delphox|atk|1\n|turn|8\n|\n|t:|1788438228\n|move|p2b: Delphox|Protect|p2b: Delphox\n|-singleturn|p2b: Delphox|Protect\n|move|p1a: Garchomp|Rock Slide|p2b: Delphox|[spread] p2a\n|-activate|p2b: Delphox|move: Protect\n|-damage|p2a: Sinistcha|41/100\n|-damage|p1a: Garchomp|0 fnt|[from] item: Life Orb\n|faint|p1a: Garchomp\n|move|p1b: Scrafty|Dragon Dance|p1b: Scrafty\n|-boost|p1b: Scrafty|atk|1\n|-boost|p1b: Scrafty|spe|1\n|move|p2a: Sinistcha|Matcha Gotcha|p1b: Scrafty|[miss]\n|-miss|p2a: Sinistcha|p1b: Scrafty\n|\n|upkeep\n|\n|t:|1788438239\n|switch|p1a: Blaziken|Blaziken, L50, F|100/100\n|turn|9\n|\n|t:|1788438257\n|move|p2a: Sinistcha|Rage Powder|p2a: Sinistcha\n|-singleturn|p2a: Sinistcha|move: Rage Powder\n|move|p2b: Delphox|Psyshock|p1a: Blaziken\n|-supereffective|p1a: Blaziken|1\n|-enditem|p1a: Blaziken|Focus Sash\n|-damage|p1a: Blaziken|1/100\n|move|p1b: Scrafty|Knock Off|p2a: Sinistcha\n|-supereffective|p2a: Sinistcha|1\n|-damage|p2a: Sinistcha|0 fnt\n|-enditem|p2a: Sinistcha|Kasib Berry|[from] move: Knock Off|[of] p1b: Scrafty\n|faint|p2a: Sinistcha\n|move|p1a: Blaziken|Rock Slide|p2b: Delphox\n|-supereffective|p2b: Delphox|1\n|-damage|p2b: Delphox|0 fnt\n|faint|p2b: Delphox\n|\n|-ability|p1a: Blaziken|Speed Boost|boost\n|-boost|p1a: Blaziken|spe|1\n|upkeep\n|\n|t:|1788438270\n|switch|p2b: Sneasler|Sneasler, L50, F|76/100\n|turn|10\n|\n|t:|1788438294\n|move|p2b: Sneasler|Fake Out|p1a: Blaziken\n|-damage|p1a: Blaziken|0 fnt\n|faint|p1a: Blaziken\n|move|p1b: Scrafty|Dragon Dance|p1b: Scrafty\n|-boost|p1b: Scrafty|atk|1\n|-boost|p1b: Scrafty|spe|1\n|\n|upkeep\n|turn|11\n|\n|t:|1788438305\n|move|p1b: Scrafty|Knock Off|p2b: Sneasler\n|-resisted|p2b: Sneasler|1\n|-damage|p2b: Sneasler|0 fnt\n|-enditem|p2b: Sneasler|Focus Sash|[from] move: Knock Off|[of] p1b: Scrafty\n|faint|p2b: Sneasler\n|\n|win|poktiyty3ty\n|raw|poktiyty3ty's rating: 1211 &rarr; <strong>1241</strong><br />(+30 for winning)\n|raw|malobevgc's rating: 1288 &rarr; <strong>1258</strong><br />(-30 for losing)\n|c|☆malobevgc|gg\n|l|☆malobevgc\n|player|p2|\n|c|☆poktiyty3ty|gg\n","uploadtime":1788438424,"views":"1","formatid":"gen9championsvgc2026regmb","rating":1241,"private":0,"password":null}