{"id":"gen9championsvgc2026regmbbo3-2674140013","format":"[Gen 9 Champions] VGC 2026 Reg M-B (Bo3)","players":["moicito","extraofire"],"log":"|j|☆moicito\n|j|☆extraofire\n|html|<table width=\"100%\"><tr><td align=\"left\">moicito</td><td align=\"right\">extraofire</tr><tr><td align=\"left\"><i class=\"fa fa-circle\"></i> <i class=\"fa fa-circle-o\"></i> </td><td align=\"right\"><i class=\"fa fa-circle-o\"></i> <i class=\"fa fa-circle-o\"></i> </tr></table>\n|uhtml|bestof|<h2><strong>Game 2</strong> of <a href=\"/game-bestof3-gen9championsvgc2026regmbbo3-2674138692\">a best-of-3</a></h2>\n|t:|1788305058\n|gametype|doubles\n|player|p1|moicito|caitlin|1129\n|player|p2|extraofire|102|1099\n|gen|9\n|tier|[Gen 9 Champions] VGC 2026 Reg M-B (Bo3)\n|rated|\n|rule|Species Clause: Limit one of each Pokémon\n|rule|Item Clause: Limit 1 of each item\n|clearpoke\n|poke|p1|Whimsicott, L50, F|\n|poke|p1|Garchomp, L50, F|\n|poke|p1|Basculegion, L50, M|\n|poke|p1|Kingambit, L50, M|\n|poke|p1|Floette-Eternal, L50, F|\n|poke|p1|Charizard, L50, F|\n|poke|p2|Gengar, L50, M|\n|poke|p2|Primarina, L50, M|\n|poke|p2|Incineroar, L50, M|\n|poke|p2|Sinistcha, L50|\n|poke|p2|Kommo-o, L50, M|\n|poke|p2|Raichu, L50, F|\n|teampreview|4\n|showteam|p1|Whimsicott||FocusSash|Prankster|Moonblast,Tailwind,Encore,Protect|Timid||F|||50|]Garchomp||SitrusBerry|RoughSkin|DragonClaw,StompingTantrum,RockSlide,Protect|Adamant||F|||50|]Basculegion||LifeOrb|Adaptability|WaveCrash,LastRespects,AquaJet,Protect|Adamant||M|||50|]Kingambit||ChopleBerry|Defiant|KowtowCleave,IronHead,LowKick,SuckerPunch|Adamant||M|||50|]Floette-Eternal||Floettite|FlowerVeil|Moonblast,DazzlingGleam,LightofRuin,Protect|Timid||F|||50|]Charizard||CharizarditeY|Blaze|HeatWave,AncientPower,WeatherBall,Protect|Modest||F|||50|\n|showteam|p2|Gengar||Gengarite|CursedBody|PerishSong,Disable,ShadowBall,Protect|Timid||M|||50|]Primarina||Leftovers|LiquidVoice|HyperVoice,DazzlingGleam,Protect,PerishSong|Calm||M|||50|]Incineroar||SitrusBerry|Intimidate|FakeOut,PartingShot,Protect,ThroatChop|Careful||M|||50|]Sinistcha||KasibBerry|Hospitality|RagePowder,MatchaGotcha,TrickRoom,Protect|Relaxed|||||50|]Kommo-o||LifeOrb|Soundproof|ClangingScales,ClangorousSoul,AuraSphere,Protect|Timid||M|||50|]Raichu||FocusSash|LightningRod|Encore,FakeOut,Protect,VoltSwitch|Modest||F|||50|\n|inactive|Battle timer is ON: inactive players will automatically lose when time's up. (requested by extraofire)\n|inactive|moicito has 60 seconds left.\n|\n|t:|1788305100\n|teamsize|p1|4\n|teamsize|p2|4\n|start\n|switch|p1a: Garchomp|Garchomp, L50, F|100/100\n|switch|p1b: Charizard|Charizard, L50, F|100/100\n|switch|p2a: Incineroar|Incineroar, L50, M|100/100\n|switch|p2b: Gengar|Gengar, L50, M|100/100\n|-ability|p2a: Incineroar|Intimidate|boost\n|-unboost|p1a: Garchomp|atk|1\n|-unboost|p1b: Charizard|atk|1\n|turn|1\n|inactive|extraofire has 30 seconds left.\n|\n|t:|1788305131\n|detailschange|p2b: Gengar|Gengar-Mega, L50, M\n|-mega|p2b: Gengar|Gengar|Gengarite\n|detailschange|p1b: Charizard|Charizard-Mega-Y, L50, F\n|-mega|p1b: Charizard|Charizard|Charizardite Y\n|-weather|SunnyDay|[from] ability: Drought|[of] p1b: Charizard\n|move|p2a: Incineroar|Fake Out|p1a: Garchomp\n|-damage|p1a: Garchomp|90/100\n|-damage|p2a: Incineroar|87/100|[from] ability: Rough Skin|[of] p1a: Garchomp\n|move|p2b: Gengar|Perish Song|p2b: Gengar\n|-start|p1a: Garchomp|perish3|[silent]\n|-start|p1b: Charizard|perish3|[silent]\n|-start|p2a: Incineroar|perish3|[silent]\n|-start|p2b: Gengar|perish3|[silent]\n|-fieldactivate|move: Perish Song\n|cant|p1a: Garchomp|flinch\n|move|p1b: Charizard|Weather Ball|p2b: Gengar\n|-damage|p2b: Gengar|0 fnt\n|faint|p2b: Gengar\n|\n|-weather|SunnyDay|[upkeep]\n|-start|p1a: Garchomp|perish3\n|-start|p1b: Charizard|perish3\n|-start|p2a: Incineroar|perish3\n|upkeep\n|\n|t:|1788305149\n|switch|p2b: Primarina|Primarina, L50, M|100/100\n|turn|2\n|inactive|moicito has 30 seconds left.\n|\n|t:|1788305184\n|switch|p1a: Whimsicott|Whimsicott, L50, F|100/100\n|switch|p1b: Basculegion|Basculegion, L50, M|100/100\n|switch|p2a: Sinistcha|Sinistcha, L50|100/100\n|move|p2b: Primarina|Dazzling Gleam|p1a: Whimsicott|[spread] p1a,p1b\n|-crit|p1a: Whimsicott\n|-damage|p1a: Whimsicott|35/100\n|-damage|p1b: Basculegion|72/100\n|\n|-weather|SunnyDay|[upkeep]\n|upkeep\n|turn|3\n|inactive|extraofire has 30 seconds left.\n|inactive|extraofire has 20 seconds left.\n|\n|t:|1788305219\n|switch|p2a: Incineroar|Incineroar, L50, M|87/100\n|-ability|p2a: Incineroar|Intimidate|boost\n|-unboost|p1a: Whimsicott|atk|1\n|-unboost|p1b: Basculegion|atk|1\n|move|p1a: Whimsicott|Moonblast|p2a: Incineroar\n|-damage|p2a: Incineroar|62/100\n|move|p1b: Basculegion|Last Respects|p2a: Incineroar\n|-resisted|p2a: Incineroar|1\n|-damage|p2a: Incineroar|47/100\n|-enditem|p2a: Incineroar|Sitrus Berry|[eat]\n|-heal|p2a: Incineroar|71/100|[from] item: Sitrus Berry\n|-damage|p1b: Basculegion|62/100|[from] item: Life Orb\n|move|p2b: Primarina|Dazzling Gleam|p1a: Whimsicott|[spread] p1a,p1b\n|-damage|p1a: Whimsicott|0 fnt\n|-damage|p1b: Basculegion|37/100\n|faint|p1a: Whimsicott\n|\n|-weather|SunnyDay|[upkeep]\n|upkeep\n|\n|t:|1788305236\n|switch|p1a: Garchomp|Garchomp, L50, F|90/100\n|turn|4\n|inactive|moicito has 30 seconds left.\n|\n|t:|1788305268\n|switch|p1b: Charizard|Charizard-Mega-Y, L50, F|100/100\n|move|p1a: Garchomp|Protect|p1a: Garchomp\n|-singleturn|p1a: Garchomp|Protect\n|move|p2a: Incineroar|Fake Out|p1a: Garchomp\n|-activate|p1a: Garchomp|move: Protect\n|move|p2b: Primarina|Dazzling Gleam|p1b: Charizard|[spread] p1b\n|-activate|p1a: Garchomp|move: Protect\n|-resisted|p1b: Charizard|1\n|-damage|p1b: Charizard|89/100\n|\n|-weather|SunnyDay|[upkeep]\n|upkeep\n|turn|5\n|\n|t:|1788305290\n|move|p2b: Primarina|Protect|p2b: Primarina\n|-singleturn|p2b: Primarina|Protect\n|move|p2a: Incineroar|Protect|p2a: Incineroar\n|-singleturn|p2a: Incineroar|Protect\n|move|p1a: Garchomp|Rock Slide|p2a: Incineroar|[spread] \n|-activate|p2a: Incineroar|move: Protect\n|-activate|p2b: Primarina|move: Protect\n|move|p1b: Charizard|Weather Ball|p2a: Incineroar\n|-activate|p2a: Incineroar|move: Protect\n|\n|-weather|none\n|upkeep\n|turn|6\n|\n|t:|1788305313\n|switch|p2a: Sinistcha|Sinistcha, L50|100/100\n|move|p1a: Garchomp|Stomping Tantrum|p2b: Primarina\n|-damage|p2b: Primarina|50/100g\n|move|p1b: Charizard|Ancient Power|p2a: Sinistcha\n|-damage|p2a: Sinistcha|75/100\n|move|p2b: Primarina|Hyper Voice|p1a: Garchomp|[spread] p1a,p1b\n|-supereffective|p1b: Charizard|1\n|-crit|p1b: Charizard\n|-damage|p1a: Garchomp|63/100\n|-damage|p1b: Charizard|11/100\n|\n|-heal|p2b: Primarina|56/100|[from] item: Leftovers\n|upkeep\n|turn|7\n|\n|t:|1788305331\n|move|p2a: Sinistcha|Rage Powder|p2a: Sinistcha\n|-singleturn|p2a: Sinistcha|move: Rage Powder\n|move|p1a: Garchomp|Rock Slide|p2b: Primarina|[spread] p2a,p2b\n|-damage|p2a: Sinistcha|60/100\n|-damage|p2b: Primarina|30/100\n|move|p1b: Charizard|Heat Wave|p2b: Primarina|[spread] p2a\n|-miss|p1b: Charizard|p2b: Primarina\n|-supereffective|p2a: Sinistcha|1\n|-damage|p2a: Sinistcha|0 fnt\n|faint|p2a: Sinistcha\n|move|p2b: Primarina|Dazzling Gleam|p1a: Garchomp|[spread] p1a,p1b\n|-supereffective|p1a: Garchomp|1\n|-resisted|p1b: Charizard|1\n|-damage|p1a: Garchomp|14/100\n|-damage|p1b: Charizard|0 fnt\n|-enditem|p1a: Garchomp|Sitrus Berry|[eat]\n|-heal|p1a: Garchomp|39/100|[from] item: Sitrus Berry\n|faint|p1b: Charizard\n|\n|-heal|p2b: Primarina|36/100|[from] item: Leftovers\n|upkeep\n|\n|t:|1788305347\n|switch|p1b: Basculegion|Basculegion, L50, M|37/100\n|switch|p2a: Incineroar|Incineroar, L50, M|71/100\n|-ability|p2a: Incineroar|Intimidate|boost\n|-unboost|p1a: Garchomp|atk|1\n|-unboost|p1b: Basculegion|atk|1\n|turn|8\n|\n|t:|1788305369\n|move|p1a: Garchomp|Protect|p1a: Garchomp\n|-singleturn|p1a: Garchomp|Protect\n|move|p1b: Basculegion|Protect|p1b: Basculegion\n|-singleturn|p1b: Basculegion|Protect\n|move|p2b: Primarina|Protect|p2b: Primarina\n|-singleturn|p2b: Primarina|Protect\n|move|p2a: Incineroar|Parting Shot|p1b: Basculegion\n|-activate|p1b: Basculegion|move: Protect\n|\n|-heal|p2b: Primarina|42/100|[from] item: Leftovers\n|upkeep\n|turn|9\n|\n|t:|1788305384\n|move|p1a: Garchomp|Rock Slide|p2a: Incineroar|[spread] p2a,p2b\n|-supereffective|p2a: Incineroar|1\n|-damage|p2a: Incineroar|44/100\n|-damage|p2b: Primarina|25/100\n|move|p1b: Basculegion|Last Respects|p2b: Primarina\n|-damage|p2b: Primarina|0 fnt\n|faint|p2b: Primarina\n|-damage|p1b: Basculegion|27/100|[from] item: Life Orb\n|move|p2a: Incineroar|Throat Chop|p1b: Basculegion\n|-supereffective|p1b: Basculegion|1\n|-damage|p1b: Basculegion|0 fnt\n|faint|p1b: Basculegion\n|\n|upkeep\n|turn|10\n|\n|t:|1788305401\n|move|p1a: Garchomp|Rock Slide|p2a: Incineroar\n|-supereffective|p2a: Incineroar|1\n|-damage|p2a: Incineroar|8/100\n|move|p2a: Incineroar|Throat Chop|p1a: Garchomp\n|-damage|p1a: Garchomp|12/100\n|-start|p1a: Garchomp|Throat Chop|[silent]\n|-damage|p2a: Incineroar|0 fnt|[from] ability: Rough Skin|[of] p1a: Garchomp\n|faint|p2a: Incineroar\n|\n|win|moicito\n|raw|moicito's rating: 1129 &rarr; <strong>1152</strong><br />(+23 for winning)\n|raw|extraofire's rating: 1099 &rarr; <strong>1076</strong><br />(-23 for losing)\n|c|☆moicito|gg\n","uploadtime":1788305421,"views":"0","formatid":"gen9championsvgc2026regmbbo3","rating":1076,"private":0,"password":null}