{"id":"gen9championsvgc2026regmb-2674067747","format":"[Gen 9 Champions] VGC 2026 Reg M-B","players":["m3troGoonin","tronbbx22"],"log":"|j|☆m3troGoonin\n|j|☆tronbbx22\n|t:|1788294777\n|gametype|doubles\n|player|p1|m3troGoonin|101|1495\n|player|p2|tronbbx22|koga|1394\n|gen|9\n|tier|[Gen 9 Champions] VGC 2026 Reg M-B\n|rated|\n|rule|Species Clause: Limit one of each Pokémon\n|rule|Item Clause: Limit 1 of each item\n|clearpoke\n|poke|p1|Scovillain, L50, F, shiny|\n|poke|p1|Basculegion, L50, M|\n|poke|p1|Kingambit, L50, F|\n|poke|p1|Sneasler, L50, F|\n|poke|p1|Lycanroc-Dusk, L50, F|\n|poke|p1|Froslass, L50, F|\n|poke|p2|Venusaur, L50, M|\n|poke|p2|Grimmsnarl, L50, M|\n|poke|p2|Pelipper, L50, M|\n|poke|p2|Archaludon, L50, M|\n|poke|p2|Swampert, L50, F|\n|poke|p2|Farigiraf, L50, M|\n|teampreview|4\n|inactive|Battle timer is ON: inactive players will automatically lose when time's up. (requested by tronbbx22)\nm3troGoonin rejected open team sheets.\n|inactive|m3troGoonin has 60 seconds left.\n|inactive|m3troGoonin has 30 seconds left.\n|\n|t:|1788294843\n|teamsize|p1|4\n|teamsize|p2|4\n|start\n|switch|p1a: Basculegion|Basculegion, L50, M|100/100\n|switch|p1b: Froslass|Froslass, L50, F|100/100\n|switch|p2a: Venusaur|Venusaur, L50, M|100/100\n|switch|p2b: Grimmsnarl|Grimmsnarl, L50, M|100/100\n|turn|1\n|\n|t:|1788294862\n|switch|p1a: Sneasler|Sneasler, L50, F|100/100\n|detailschange|p1b: Froslass|Froslass-Mega, L50, F\n|-mega|p1b: Froslass|Froslass|Froslassite\n|-weather|Snowscape|[from] ability: Snow Warning|[of] p1b: Froslass\n|detailschange|p2a: Venusaur|Venusaur-Mega, L50, M\n|-mega|p2a: Venusaur|Venusaur|Venusaurite\n|move|p2b: Grimmsnarl|Light Screen|p2b: Grimmsnarl\n|-sidestart|p2: tronbbx22|move: Light Screen\n|move|p1b: Froslass|Blizzard|p2b: Grimmsnarl|[spread] p2a,p2b\n|-supereffective|p2a: Venusaur|1\n|-damage|p2a: Venusaur|82/100\n|-damage|p2b: Grimmsnarl|75/100\n|move|p2a: Venusaur|Leech Seed|p1a: Sneasler\n|-start|p1a: Sneasler|move: Leech Seed\n|\n|-weather|Snowscape|[upkeep]\n|-damage|p1a: Sneasler|87/100|[from] Leech Seed|[of] p2a: Venusaur\n|-heal|p2a: Venusaur|93/100|[silent]\n|upkeep\n|turn|2\n|inactive|m3troGoonin has 30 seconds left.\n|\n|t:|1788294888\n|switch|p1b: Kingambit|Kingambit, L50, F|100/100\n|move|p2b: Grimmsnarl|Reflect|p2b: Grimmsnarl\n|-sidestart|p2: tronbbx22|Reflect\n|move|p1a: Sneasler|Dire Claw|p2a: Venusaur\n|-damage|p2a: Venusaur|71/100\n|move|p2a: Venusaur|Leech Seed|p1b: Kingambit|[miss]\n|-miss|p2a: Venusaur|p1b: Kingambit\n|\n|-weather|Snowscape|[upkeep]\n|-damage|p1a: Sneasler|75/100|[from] Leech Seed|[of] p2a: Venusaur\n|-heal|p2a: Venusaur|82/100|[silent]\n|upkeep\n|turn|3\n|\n|t:|1788294903\n|switch|p2b: Archaludon|Archaludon, L50, M|100/100\n|move|p1a: Sneasler|Dire Claw|p2a: Venusaur\n|-crit|p2a: Venusaur\n|-damage|p2a: Venusaur|33/100\n|move|p2a: Venusaur|Leech Seed|p1b: Kingambit|[miss]\n|-miss|p2a: Venusaur|p1b: Kingambit\n|move|p1b: Kingambit|Swords Dance|p1b: Kingambit\n|-boost|p1b: Kingambit|atk|2\n|\n|-weather|Snowscape|[upkeep]\n|-damage|p1a: Sneasler|63/100|[from] Leech Seed|[of] p2a: Venusaur\n|-heal|p2a: Venusaur|44/100|[silent]\n|upkeep\n|turn|4\n|inactive|m3troGoonin has 30 seconds left.\n|inactive|m3troGoonin has 20 seconds left.\n|\n|t:|1788294943\n|move|p1a: Sneasler|Dire Claw|p2a: Venusaur\n|-damage|p2a: Venusaur|23/100\n|move|p2b: Archaludon|Dragon Pulse|p1b: Kingambit\n|-resisted|p1b: Kingambit|1\n|-damage|p1b: Kingambit|83/100\n|move|p2a: Venusaur|Leech Seed|p1b: Kingambit\n|-start|p1b: Kingambit|move: Leech Seed\n|move|p1b: Kingambit|Kowtow Cleave|p2a: Venusaur\n|-damage|p2a: Venusaur|0 fnt\n|faint|p2a: Venusaur\n|\n|-weather|Snowscape|[upkeep]\n|upkeep\n|\n|t:|1788294956\n|switch|p2a: Pelipper|Pelipper, L50, M|100/100\n|-weather|RainDance|[from] ability: Drizzle|[of] p2a: Pelipper\n|turn|5\n|\n|t:|1788294976\n|switch|p1a: Froslass|Froslass-Mega, L50, F|100/100\n|-weather|Snowscape|[from] ability: Snow Warning|[of] p1a: Froslass\n|move|p2b: Archaludon|Electro Shot||[still]\n|-prepare|p2b: Archaludon|Electro Shot\n|-boost|p2b: Archaludon|spa|1\n|move|p2a: Pelipper|Hurricane|p1a: Froslass\n|-damage|p1a: Froslass|64/100\n|-start|p1a: Froslass|confusion\n|move|p1b: Kingambit|Kowtow Cleave|p2a: Pelipper\n|-damage|p2a: Pelipper|14/100\n|-enditem|p2a: Pelipper|Sitrus Berry|[eat]\n|-heal|p2a: Pelipper|38/100|[from] item: Sitrus Berry\n|\n|-weather|Snowscape|[upkeep]\n|-damage|p1b: Kingambit|71/100|[from] Leech Seed|[of] p2a: Pelipper\n|-heal|p2a: Pelipper|53/100|[silent]\n|upkeep\n|turn|6\n|inactive|m3troGoonin has 30 seconds left.\n|\n|t:|1788295007\n|switch|p2a: Grimmsnarl|Grimmsnarl, L50, M|75/100\n|move|p1b: Kingambit|Protect|p1b: Kingambit\n|-singleturn|p1b: Kingambit|Protect\n|-activate|p1a: Froslass|confusion\n|-damage|p1a: Froslass|54/100|[from] confusion\n|move|p2b: Archaludon|Electro Shot|p1b: Kingambit|[from] lockedmove\n|-activate|p1b: Kingambit|move: Protect\n|\n|-weather|Snowscape|[upkeep]\n|-damage|p1b: Kingambit|59/100|[from] Leech Seed|[of] p2a: Grimmsnarl\n|-heal|p2a: Grimmsnarl|87/100|[silent]\n|upkeep\n|turn|7\n|\n|t:|1788295027\n|switch|p1a: Sneasler|Sneasler, L50, F|63/100\n|move|p2a: Grimmsnarl|Parting Shot|p1a: Sneasler\n|-unboost|p1a: Sneasler|atk|1\n|-unboost|p1a: Sneasler|spa|1\n|\n|t:|1788295032\n|switch|p2a: Pelipper|Pelipper, L50, M|53/100|[from] Parting Shot\n|-enditem|p1a: Sneasler|White Herb\n|-clearnegativeboost|p1a: Sneasler|[silent]\n|-weather|RainDance|[from] ability: Drizzle|[of] p2a: Pelipper\n|move|p2b: Archaludon|Electro Shot||[still]\n|-prepare|p2b: Archaludon|Electro Shot\n|-boost|p2b: Archaludon|spa|1\n|-anim|p2b: Archaludon|Electro Shot|p1b: Kingambit\n|-damage|p1b: Kingambit|0 fnt\n|faint|p1b: Kingambit\n|\n|-weather|RainDance|[upkeep]\n|upkeep\n|\n|t:|1788295053\n|switch|p1b: Froslass|Froslass-Mega, L50, F|54/100\n|-weather|Snowscape|[from] ability: Snow Warning|[of] p1b: Froslass\n|turn|8\n|\n|t:|1788295064\n|switch|p2a: Grimmsnarl|Grimmsnarl, L50, M|87/100\n|move|p1a: Sneasler|Dire Claw|p2a: Grimmsnarl\n|-supereffective|p2a: Grimmsnarl|1\n|-damage|p2a: Grimmsnarl|38/100\n|move|p1b: Froslass|Blizzard|p2a: Grimmsnarl|[spread] p2a,p2b\n|-damage|p2a: Grimmsnarl|12/100\n|-damage|p2b: Archaludon|78/100\n|-ability|p2b: Archaludon|Stamina|boost\n|-boost|p2b: Archaludon|def|1\n|move|p2b: Archaludon|Flash Cannon|p1a: Sneasler\n|-damage|p1a: Sneasler|0 fnt\n|faint|p1a: Sneasler\n|\n|-weather|Snowscape|[upkeep]\n|-heal|p2b: Archaludon|84/100|[from] item: Leftovers\n|-sideend|p2: tronbbx22|move: Light Screen\n|upkeep\n|\n|t:|1788295072\n|switch|p1a: Basculegion|Basculegion, L50, M|100/100\n|turn|9\n|inactive|m3troGoonin has 30 seconds left.\n|inactive|tronbbx22 has 30 seconds left.\n|\n|t:|1788295102\n|move|p2a: Grimmsnarl|Parting Shot|p1b: Froslass\n|-unboost|p1b: Froslass|atk|1\n|-unboost|p1b: Froslass|spa|1\n|\n|t:|1788295105\n|switch|p2a: Pelipper|Pelipper, L50, M|53/100|[from] Parting Shot\n|-weather|RainDance|[from] ability: Drizzle|[of] p2a: Pelipper\n|move|p1b: Froslass|Thunderbolt|p2a: Pelipper\n|-supereffective|p2a: Pelipper|2\n|-damage|p2a: Pelipper|0 fnt\n|faint|p2a: Pelipper\n|move|p1a: Basculegion|Last Respects|p2b: Archaludon\n|-damage|p2b: Archaludon|44/100\n|-ability|p2b: Archaludon|Stamina|boost\n|-boost|p2b: Archaludon|def|1\n|-damage|p1a: Basculegion|90/100|[from] item: Life Orb\n|move|p2b: Archaludon|Electro Shot||[still]\n|-prepare|p2b: Archaludon|Electro Shot\n|-boost|p2b: Archaludon|spa|1\n|-anim|p2b: Archaludon|Electro Shot|p1a: Basculegion\n|-supereffective|p1a: Basculegion|1\n|-damage|p1a: Basculegion|0 fnt\n|faint|p1a: Basculegion\n|\n|-weather|RainDance|[upkeep]\n|-heal|p2b: Archaludon|50/100g|[from] item: Leftovers\n|-sideend|p2: tronbbx22|Reflect\n|upkeep\n|\n|t:|1788295123\n|switch|p2a: Grimmsnarl|Grimmsnarl, L50, M|12/100\n|turn|10\n|\n|t:|1788295145\n|move|p2b: Archaludon|Protect|p2b: Archaludon\n|-singleturn|p2b: Archaludon|Protect\n|move|p2a: Grimmsnarl|Parting Shot|p1b: Froslass\n|-unboost|p1b: Froslass|atk|1\n|-unboost|p1b: Froslass|spa|1\n|move|p1b: Froslass|Shadow Ball|p2b: Archaludon\n|-activate|p2b: Archaludon|move: Protect\n|\n|-weather|RainDance|[upkeep]\n|-heal|p2b: Archaludon|56/100|[from] item: Leftovers\n|upkeep\n|turn|11\n|\n|t:|1788295157\n|move|p2a: Grimmsnarl|Light Screen|p2a: Grimmsnarl\n|-sidestart|p2: tronbbx22|move: Light Screen\n|move|p1b: Froslass|Shadow Ball|p2b: Archaludon\n|-damage|p2b: Archaludon|45/100\n|-ability|p2b: Archaludon|Stamina|boost\n|-boost|p2b: Archaludon|def|1\n|move|p2b: Archaludon|Flash Cannon|p1b: Froslass\n|-supereffective|p1b: Froslass|1\n|-damage|p1b: Froslass|0 fnt\n|faint|p1b: Froslass\n|\n|win|tronbbx22\n|raw|m3troGoonin's rating: 1495 &rarr; <strong>1469</strong><br />(-26 for losing)\n|raw|tronbbx22's rating: 1394 &rarr; <strong>1420</strong><br />(+26 for winning)\n","uploadtime":1788295157,"views":"1","formatid":"gen9championsvgc2026regmb","rating":1420,"private":0,"password":null}