{"id":"gen9championsvgc2026regmb-2674731808","format":"[Gen 9 Champions] VGC 2026 Reg M-B","players":["MoDragonWang","Tysado"],"log":"|j|☆MoDragonWang\n|j|☆Tysado\n|html|<table width=\"100%\"><tr><td align=\"left\">MoDragonWang</td><td align=\"right\">Tysado</tr><tr><td align=\"left\"><i class=\"fa fa-circle-o\"></i> <i class=\"fa fa-circle-o\"></i> </td><td align=\"right\"><i class=\"fa fa-circle-o\"></i> <i class=\"fa fa-circle-o\"></i> </tr></table>\n|uhtml|bestof|<h2><strong>Game 1</strong> of <a href=\"/game-bestof3-gen9championsvgc2026regmb-2674731807\">a best-of-3</a></h2>\n|t:|1788397463\n|gametype|doubles\n|player|p1|MoDragonWang|gambler|\n|player|p2|Tysado|lusamine-nihilego|\n|gen|9\n|tier|[Gen 9 Champions] VGC 2026 Reg M-B\n|rule|Species Clause: Limit one of each Pokémon\n|rule|Item Clause: Limit 1 of each item\n|raw|<div class=\"infobox\"><details class=\"readmore\" open><summary><strong>1 custom rule:</strong></summary> Best of = 3</details></div>\n|clearpoke\n|poke|p1|Basculegion, L50, M|\n|poke|p1|Politoed, L50, F|\n|poke|p1|Krookodile, L50, M|\n|poke|p1|Meganium, L50, M|\n|poke|p1|Sneasler, L50, M|\n|poke|p1|Chimecho, L50, M|\n|poke|p2|Garchomp, L50, M, shiny|\n|poke|p2|Staraptor, L50, M, shiny|\n|poke|p2|Aegislash, L50, M, shiny|\n|poke|p2|Grimmsnarl, L50, M, shiny|\n|poke|p2|Abomasnow, L50, F, shiny|\n|poke|p2|Mr. Rime, L50, M, shiny|\n|teampreview|4\n|j| l pano l\nTysado rejected open team sheets.\n|j| PorygonTheBot\n|c| PorygonTheBot|You got this!\n|j| mattjaychrist\n|j| juneecity\n|j| magick0rp\n|j| hanover hydrapple\n|\n|t:|1788397659\n|teamsize|p1|4\n|teamsize|p2|4\n|start\n|switch|p1a: Poliamory|Politoed, L50, F|100/100\n|switch|p1b: Bas to Mouth|Basculegion, L50, M|100/100\n|switch|p2a: REPTAR|Staraptor, L50, M, shiny|100/100\n|switch|p2b: GRIMMY TURNER|Grimmsnarl, L50, M, shiny|100/100\n|-ability|p2a: REPTAR|Intimidate|boost\n|-unboost|p1a: Poliamory|atk|1\n|-unboost|p1b: Bas to Mouth|atk|1\n|-weather|RainDance|[from] ability: Drizzle|[of] p1a: Poliamory\n|turn|1\n|inactive|Battle timer is ON: inactive players will automatically lose when time's up. (requested by MoDragonWang)\n|inactive|Tysado has 60 seconds left.\n|\n|t:|1788397763\n|detailschange|p2a: REPTAR|Staraptor-Mega, L50, M, shiny\n|-mega|p2a: REPTAR|Staraptor|Staraptite\n|move|p2b: GRIMMY TURNER|Reflect|p2b: GRIMMY TURNER\n|-sidestart|p2: Tysado|Reflect\n|move|p1b: Bas to Mouth|Wave Crash|p2a: REPTAR\n|-damage|p2a: REPTAR|48/100\n|-damage|p1b: Bas to Mouth|84/100|[from] Recoil\n|-damage|p1b: Bas to Mouth|74/100|[from] item: Life Orb\n|move|p2a: REPTAR|Close Combat|p1a: Poliamory\n|-damage|p1a: Poliamory|49/100\n|-boost|p2a: REPTAR|def|1\n|-boost|p2a: REPTAR|spd|1\n|-enditem|p1a: Poliamory|Sitrus Berry|[eat]\n|-heal|p1a: Poliamory|74/100|[from] item: Sitrus Berry\n|move|p1a: Poliamory|Weather Ball|p2a: REPTAR\n|-damage|p2a: REPTAR|15/100\n|\n|-weather|RainDance|[upkeep]\n|upkeep\n|turn|2\n|inactive|Tysado has 30 seconds left.\n|\n|t:|1788397797\n|move|p2b: GRIMMY TURNER|Scary Face|p1b: Bas to Mouth\n|-unboost|p1b: Bas to Mouth|spe|2\n|move|p2a: REPTAR|Brave Bird|p1b: Bas to Mouth\n|-damage|p1b: Bas to Mouth|0 fnt\n|faint|p1b: Bas to Mouth\n|-damage|p2a: REPTAR|0 fnt|[from] Recoil\n|faint|p2a: REPTAR\n|move|p1a: Poliamory|Haze|p1a: Poliamory\n|-clearallboost\n|\n|-weather|RainDance|[upkeep]\n|upkeep\n|inactive|Tysado has 30 seconds left.\n|\n|t:|1788397824\n|switch|p2a: MR 44|Abomasnow, L50, F, shiny|100/100\n|switch|p1b: Leid|Meganium, L50, M|100/100\n|-weather|Snowscape|[from] ability: Snow Warning|[of] p2a: MR 44\n|turn|3\n|inactive|Tysado has 30 seconds left.\n|inactive|Tysado has 20 seconds left.\n|inactive|Tysado has 15 seconds left.\n|\n|t:|1788397868\n|detailschange|p1b: Leid|Meganium-Mega, L50, M\n|-mega|p1b: Leid|Meganium|Meganiumite\n|move|p1a: Poliamory|Protect|p1a: Poliamory\n|-singleturn|p1a: Poliamory|Protect\n|move|p2b: GRIMMY TURNER|Scary Face|p1b: Leid\n|-unboost|p1b: Leid|spe|2\n|move|p2a: MR 44|Blizzard|p1a: Poliamory|[spread] p1b\n|-activate|p1a: Poliamory|move: Protect\n|-supereffective|p1b: Leid|1\n|-damage|p1b: Leid|25/100\n|-status|p1b: Leid|frz\n|cant|p1b: Leid|frz\n|\n|-weather|Snowscape|[upkeep]\n|upkeep\n|turn|4\n|inactive|Tysado has 30 seconds left.\n|inactive|Tysado has 20 seconds left.\n|inactive|Tysado has 15 seconds left.\n|\n|t:|1788397909\n|-curestatus|p1b: Leid|frz|[msg]\n|move|p1b: Leid|Protect|p1b: Leid\n|-singleturn|p1b: Leid|Protect\n|move|p2b: GRIMMY TURNER|Parting Shot|p1a: Poliamory\n|-unboost|p1a: Poliamory|atk|1\n|-unboost|p1a: Poliamory|spa|1\n|\n|t:|1788397916\n|switch|p2b: AEGON THE CONQ|Aegislash, L50, M, shiny|100/100|[from] Parting Shot\n|move|p1a: Poliamory|Weather Ball|p2b: AEGON THE CONQ\n|-resisted|p2b: AEGON THE CONQ|1\n|-damage|p2b: AEGON THE CONQ|94/100\n|move|p2a: MR 44|Blizzard|p1a: Poliamory|[spread] p1a\n|-activate|p1b: Leid|move: Protect\n|-resisted|p1a: Poliamory|1\n|-damage|p1a: Poliamory|55/100\n|\n|-weather|Snowscape|[upkeep]\n|upkeep\n|turn|5\n|inactive|Tysado has 30 seconds left.\n|inactive|Tysado has 20 seconds left.\n|\n|t:|1788397955\n|switch|p1b: Sneasyy-Snee|Sneasler, L50, M|100/100\n|move|p2a: MR 44|Ice Shard|p1b: Sneasyy-Snee\n|-damage|p1b: Sneasyy-Snee|76/100\n|move|p1a: Poliamory|Haze|p1a: Poliamory\n|-clearallboost\n|-formechange|p2b: AEGON THE CONQ|Aegislash-Blade|\n|move|p2b: AEGON THE CONQ|Close Combat|p1a: Poliamory\n|-damage|p1a: Poliamory|7/100\n|-unboost|p2b: AEGON THE CONQ|def|1\n|-unboost|p2b: AEGON THE CONQ|spd|1\n|-damage|p2b: AEGON THE CONQ|84/100|[from] item: Life Orb\n|\n|-weather|Snowscape|[upkeep]\n|upkeep\n|turn|6\n|inactive|MoDragonWang has 30 seconds left.\n|inactive|Tysado has 30 seconds left.\n|inactive|Tysado has 20 seconds left.\n|\n|t:|1788397993\n|move|p1a: Poliamory|Protect|p1a: Poliamory\n|-singleturn|p1a: Poliamory|Protect\n|move|p2a: MR 44|Protect|p2a: MR 44\n|-singleturn|p2a: MR 44|Protect\n|move|p1b: Sneasyy-Snee|Dire Claw|p2a: MR 44\n|-activate|p2a: MR 44|move: Protect\n|move|p2b: AEGON THE CONQ|Iron Head|p1b: Sneasyy-Snee\n|-damage|p1b: Sneasyy-Snee|0 fnt\n|faint|p1b: Sneasyy-Snee\n|-damage|p2b: AEGON THE CONQ|74/100|[from] item: Life Orb\n|\n|-weather|Snowscape|[upkeep]\n|upkeep\n|\n|t:|1788398006\n|switch|p1b: Leid|Meganium-Mega, L50, M|25/100\n|turn|7\n|inactive|Tysado has 30 seconds left.\n|\n|t:|1788398037\n|move|p2a: MR 44|Ice Shard|p1b: Leid\n|-supereffective|p1b: Leid|1\n|-damage|p1b: Leid|0 fnt\n|faint|p1b: Leid\n|move|p1a: Poliamory|Weather Ball|p2a: MR 44\n|-damage|p2a: MR 44|77/100\n|move|p2b: AEGON THE CONQ|Iron Head|p1a: Poliamory\n|-resisted|p1a: Poliamory|1\n|-damage|p1a: Poliamory|0 fnt\n|faint|p1a: Poliamory\n|-damage|p2b: AEGON THE CONQ|65/100|[from] item: Life Orb\n|\n|win|Tysado\n","uploadtime":1788398037,"views":"2","formatid":"gen9championsvgc2026regmb","rating":null,"private":0,"password":null}