{"id":"gen9championsvgc2026regmbbo3-2674576007","format":"[Gen 9 Champions] VGC 2026 Reg M-B (Bo3)","players":["LordKameni","HenriqueZVGC"],"log":"|j|☆LordKameni\n|j|☆HenriqueZVGC\n|html|<table width=\"100%\"><tr><td align=\"left\">LordKameni</td><td align=\"right\">HenriqueZVGC</tr><tr><td align=\"left\"><i class=\"fa fa-circle-o\"></i> <i class=\"fa fa-circle-o\"></i> </td><td align=\"right\"><i class=\"fa fa-circle-o\"></i> <i class=\"fa fa-circle-o\"></i> </tr></table>\n|uhtml|bestof|<h2><strong>Game 1</strong> of <a href=\"/game-bestof3-gen9championsvgc2026regmbbo3-2674576006\">a best-of-3</a></h2>\n|t:|1788375833\n|gametype|doubles\n|player|p1|LordKameni|265|1207\n|player|p2|HenriqueZVGC|steven|1007\n|gen|9\n|tier|[Gen 9 Champions] VGC 2026 Reg M-B (Bo3)\n|rated|\n|rule|Species Clause: Limit one of each Pokémon\n|rule|Item Clause: Limit 1 of each item\n|clearpoke\n|poke|p1|Blastoise, L50, M|\n|poke|p1|Sneasler, L50, M|\n|poke|p1|Incineroar, L50, M|\n|poke|p1|Delphox, L50, M|\n|poke|p1|Sinistcha, L50|\n|poke|p1|Kingambit, L50, F|\n|poke|p2|Chandelure, L50, F|\n|poke|p2|Gyarados, L50, F|\n|poke|p2|Rotom-Mow, L50|\n|poke|p2|Clefable, L50, M|\n|poke|p2|Sneasler, L50, F|\n|poke|p2|Whimsicott, L50, M|\n|teampreview|4\n|showteam|p1|Blastoise||Blastoisinite|RainDish|ShellSmash,Protect,WaterSpout,DarkPulse|Modest||M|||50|]Sneasler||FocusSash|PoisonTouch|FakeOut,CloseCombat,PoisonJab,QuickGuard|Jolly||M|||50|]Incineroar||SitrusBerry|Intimidate|DarkestLariat,FakeOut,PartingShot,FlareBlitz|Impish||M|||50|]Delphox||Delphoxite|Blaze|Protect,Psychic,NastyPlot,HeatWave|Timid||M|||50|]Sinistcha||OccaBerry|Hospitality|Protect,MatchaGotcha,RagePowder,LifeDew|Serious|||||50|]Kingambit||BlackGlasses|Defiant|SuckerPunch,KowtowCleave,Protect,SwordsDance|Adamant||F|||50|\n|showteam|p2|Chandelure||Chandelurite|FlashFire|HeatWave,ShadowBall,TrickRoom,Protect|Modest||F|||50|]Gyarados||Gyaradosite|Intimidate|Waterfall,LashOut,DragonDance,Taunt|Jolly||F|||50|]Rotom-Mow||ChoiceScarf|Levitate|VoltSwitch,Thunderbolt,LeafStorm,HyperVoice|Modest|||||50|]Clefable||SitrusBerry|Unaware|FollowMe,Moonblast,LifeDew,ThunderWave|Bold||M|||50|]Sneasler||WhiteHerb|Unburden|FakeOut,DireClaw,CloseCombat,Protect|Adamant||F|||50|]Whimsicott||FocusSash|Prankster|Tailwind,FakeTears,Moonblast,Protect|Timid||M|||50|\n|inactive|Battle timer is ON: inactive players will automatically lose when time's up. (requested by HenriqueZVGC)\n|inactive|HenriqueZVGC has 60 seconds left.\n|inactive|HenriqueZVGC has 30 seconds left.\n|inactive|HenriqueZVGC has 20 seconds left.\n|inactive|HenriqueZVGC has 15 seconds left.\n|inactive|HenriqueZVGC has 10 seconds left.\n|inactive|HenriqueZVGC has 5 seconds left.\n|\n|t:|1788375921\n|teamsize|p1|4\n|teamsize|p2|4\n|start\n|switch|p1a: Blastoise|Blastoise, L50, M|100/100\n|switch|p1b: Sneasler|Sneasler, L50, M|100/100\n|switch|p2a: Rotom|Rotom-Mow, L50|100/100\n|switch|p2b: Clefable|Clefable, L50, M|100/100\n|turn|1\n|inactive|HenriqueZVGC has 30 seconds left.\n|inactive|HenriqueZVGC has 20 seconds left.\n|inactive|HenriqueZVGC has 15 seconds left.\n|inactive|HenriqueZVGC has 10 seconds left.\n|\n|t:|1788375971\n|detailschange|p1a: Blastoise|Blastoise-Mega, L50, M\n|-mega|p1a: Blastoise|Blastoise|Blastoisinite\n|move|p1b: Sneasler|Fake Out|p2a: Rotom\n|-damage|p2a: Rotom|85/100\n|-status|p2a: Rotom|psn|[from] ability: Poison Touch|[of] p1b: Sneasler\n|cant|p2a: Rotom|flinch\n|move|p1a: Blastoise|Shell Smash|p1a: Blastoise\n|-unboost|p1a: Blastoise|def|1\n|-unboost|p1a: Blastoise|spd|1\n|-boost|p1a: Blastoise|atk|2\n|-boost|p1a: Blastoise|spa|2\n|-boost|p1a: Blastoise|spe|2\n|move|p2b: Clefable|Thunder Wave|p1a: Blastoise\n|-status|p1a: Blastoise|par\n|\n|-damage|p2a: Rotom|73/100 psn|[from] psn\n|upkeep\n|turn|2\n|inactive|LordKameni has 30 seconds left.\n|inactive|HenriqueZVGC has 30 seconds left.\n|inactive|HenriqueZVGC has 20 seconds left.\n|inactive|HenriqueZVGC has 15 seconds left.\n|\n|t:|1788376016\n|switch|p2b: Sneasler|Sneasler, L50, F|100/100\n|move|p1a: Blastoise|Protect|p1a: Blastoise\n|-singleturn|p1a: Blastoise|Protect\n|move|p1b: Sneasler|Poison Jab|p2b: Sneasler\n|-resisted|p2b: Sneasler|1\n|-damage|p2b: Sneasler|71/100\n|move|p2a: Rotom|Thunderbolt|p1a: Blastoise\n|-activate|p1a: Blastoise|move: Protect\n|\n|-damage|p2a: Rotom|61/100 psn|[from] psn\n|upkeep\n|turn|3\n|inactive|LordKameni has 30 seconds left.\n|inactive|HenriqueZVGC has 30 seconds left.\n|\n|t:|1788376046\n|switch|p1a: Sinistcha|Sinistcha, L50|100/100\n|move|p2b: Sneasler|Fake Out|p1b: Sneasler\n|-damage|p1b: Sneasler|74/100\n|cant|p1b: Sneasler|flinch\n|move|p2a: Rotom|Thunderbolt|p1a: Sinistcha\n|-resisted|p1a: Sinistcha|1\n|-damage|p1a: Sinistcha|70/100\n|\n|-damage|p2a: Rotom|49/100 psn|[from] psn\n|upkeep\n|turn|4\n|inactive|HenriqueZVGC has 30 seconds left.\n|\n|t:|1788376078\n|switch|p2a: Chandelure|Chandelure, L50, F|100/100\n|move|p1a: Sinistcha|Rage Powder|p1a: Sinistcha\n|-singleturn|p1a: Sinistcha|move: Rage Powder\n|move|p1b: Sneasler|Poison Jab|p2a: Chandelure\n|-resisted|p2a: Chandelure|1\n|-damage|p2a: Chandelure|74/100\n|-status|p2a: Chandelure|psn\n|move|p2b: Sneasler|Dire Claw|p1a: Sinistcha\n|-damage|p1a: Sinistcha|32/100\n|\n|-damage|p2a: Chandelure|62/100 psn|[from] psn\n|upkeep\n|turn|5\n|inactive|HenriqueZVGC has 30 seconds left.\n|\n|t:|1788376113\n|switch|p1b: Incineroar|Incineroar, L50, M|100/100\n|-ability|p1b: Incineroar|Intimidate|boost\n|-unboost|p2a: Chandelure|atk|1\n|-unboost|p2b: Sneasler|atk|1\n|-enditem|p2b: Sneasler|White Herb\n|-clearnegativeboost|p2b: Sneasler|[silent]\n|detailschange|p2a: Chandelure|Chandelure-Mega, L50, F\n|-mega|p2a: Chandelure|Chandelure|Chandelurite\n|move|p1a: Sinistcha|Protect|p1a: Sinistcha\n|-singleturn|p1a: Sinistcha|Protect\n|move|p2b: Sneasler|Dire Claw|p1a: Sinistcha\n|-activate|p1a: Sinistcha|move: Protect\n|move|p2a: Chandelure|Heat Wave|p1b: Incineroar|[spread] p1b\n|-activate|p1a: Sinistcha|move: Protect\n|-resisted|p1b: Incineroar|1\n|-damage|p1b: Incineroar|80/100\n|\n|-damage|p2a: Chandelure|50/100g psn|[from] psn\n|upkeep\n|turn|6\n|inactive|LordKameni has 30 seconds left.\n|inactive|HenriqueZVGC has 30 seconds left.\n|inactive|LordKameni has 20 seconds left.\n|inactive|HenriqueZVGC has 20 seconds left.\n|inactive|HenriqueZVGC has 15 seconds left.\n|\n|t:|1788376157\n|switch|p1a: Blastoise|Blastoise-Mega, L50, M|100/100 par\n|move|p1b: Incineroar|Fake Out|p2b: Sneasler\n|-damage|p2b: Sneasler|57/100\n|cant|p2b: Sneasler|flinch\n|move|p2a: Chandelure|Shadow Ball|p1a: Blastoise\n|-damage|p1a: Blastoise|47/100 par\n|\n|-damage|p2a: Chandelure|38/100 psn|[from] psn\n|upkeep\n|turn|7\n|inactive|HenriqueZVGC has 30 seconds left.\n|inactive|HenriqueZVGC has 20 seconds left.\n|inactive|HenriqueZVGC has 15 seconds left.\n|inactive|HenriqueZVGC has 10 seconds left.\n|inactive|HenriqueZVGC has 5 seconds left.\n|\n|t:|1788376211\n|switch|p2b: Rotom|Rotom-Mow, L50|49/100 psn\n|switch|p1b: Sinistcha|Sinistcha, L50|32/100\n|-heal|p1a: Blastoise|72/100 par|[from] ability: Hospitality|[of] p1b: Sinistcha\n|move|p2a: Chandelure|Protect|p2a: Chandelure\n|-singleturn|p2a: Chandelure|Protect\n|move|p1a: Blastoise|Protect||[still]\n|-fail|p1a: Blastoise\n|\n|-damage|p2b: Rotom|36/100 psn|[from] psn\n|-damage|p2a: Chandelure|26/100 psn|[from] psn\n|upkeep\n|turn|8\n|inactive|HenriqueZVGC has 30 seconds left.\n|inactive|HenriqueZVGC has 20 seconds left.\n|\n|t:|1788376251\n|switch|p1a: Incineroar|Incineroar, L50, M|80/100\n|-ability|p1a: Incineroar|Intimidate|boost\n|-unboost|p2a: Chandelure|atk|1\n|-unboost|p2b: Rotom|atk|1\n|move|p1b: Sinistcha|Protect|p1b: Sinistcha\n|-singleturn|p1b: Sinistcha|Protect\n|move|p2b: Rotom|Thunderbolt|p1a: Incineroar\n|-damage|p1a: Incineroar|40/100\n|-status|p1a: Incineroar|par\n|-enditem|p1a: Incineroar|Sitrus Berry|[eat]\n|-heal|p1a: Incineroar|64/100 par|[from] item: Sitrus Berry\n|move|p2a: Chandelure|Shadow Ball|p1b: Sinistcha\n|-activate|p1b: Sinistcha|move: Protect\n|\n|-damage|p2b: Rotom|24/100 psn|[from] psn\n|-damage|p2a: Chandelure|14/100 psn|[from] psn\n|upkeep\n|turn|9\n|inactive|LordKameni has 30 seconds left.\n|inactive|HenriqueZVGC has 30 seconds left.\n|inactive|HenriqueZVGC has 20 seconds left.\n|\n|t:|1788376289\n|switch|p2b: Clefable|Clefable, L50, M|100/100\n|move|p1a: Incineroar|Fake Out|p2b: Clefable\n|-damage|p2b: Clefable|90/100\n|move|p2a: Chandelure|Shadow Ball|p1b: Sinistcha\n|-supereffective|p1b: Sinistcha|1\n|-damage|p1b: Sinistcha|0 fnt\n|faint|p1b: Sinistcha\n|\n|-damage|p2a: Chandelure|2/100 psn|[from] psn\n|upkeep\n|\n|t:|1788376304\n|switch|p1b: Blastoise|Blastoise-Mega, L50, M|72/100 par\n|turn|10\n|inactive|HenriqueZVGC has 30 seconds left.\n|\n|t:|1788376333\n|move|p1b: Blastoise|Protect|p1b: Blastoise\n|-singleturn|p1b: Blastoise|Protect\n|move|p2b: Clefable|Follow Me|p2b: Clefable\n|-singleturn|p2b: Clefable|move: Follow Me\n|move|p2a: Chandelure|Shadow Ball|p1b: Blastoise\n|-activate|p1b: Blastoise|move: Protect\n|cant|p1a: Incineroar|par\n|\n|-damage|p2a: Chandelure|0 fnt|[from] psn\n|faint|p2a: Chandelure\n|upkeep\n|\n|t:|1788376349\n|switch|p2a: Sneasler|Sneasler, L50, F|57/100\n|turn|11\n|\n|t:|1788376365\n|switch|p1a: Sneasler|Sneasler, L50, M|74/100\n|move|p2a: Sneasler|Fake Out|p1b: Blastoise\n|-damage|p1b: Blastoise|56/100 par\n|move|p2b: Clefable|Moonblast|p1a: Sneasler\n|-damage|p1a: Sneasler|33/100\n|cant|p1b: Blastoise|flinch\n|\n|upkeep\n|turn|12\n|inactive|HenriqueZVGC has 30 seconds left.\n|inactive|HenriqueZVGC has 20 seconds left.\n|inactive|HenriqueZVGC has 15 seconds left.\n|\n|t:|1788376393\n|move|p2a: Sneasler|Protect|p2a: Sneasler\n|-singleturn|p2a: Sneasler|Protect\n|move|p1a: Sneasler|Poison Jab|p2b: Clefable\n|-supereffective|p2b: Clefable|1\n|-damage|p2b: Clefable|18/100\n|-status|p2b: Clefable|psn|[from] ability: Poison Touch|[of] p1a: Sneasler\n|-enditem|p2b: Clefable|Sitrus Berry|[eat]\n|-heal|p2b: Clefable|43/100 psn|[from] item: Sitrus Berry\n|move|p2b: Clefable|Moonblast|p1a: Sneasler\n|-damage|p1a: Sneasler|0 fnt\n|faint|p1a: Sneasler\n|move|p1b: Blastoise|Dark Pulse|p2a: Sneasler\n|-activate|p2a: Sneasler|move: Protect\n|\n|-damage|p2b: Clefable|30/100 psn|[from] psn\n|upkeep\n|\n|t:|1788376408\n|switch|p1a: Incineroar|Incineroar, L50, M|64/100 par\n|-ability|p1a: Incineroar|Intimidate|boost\n|-unboost|p2a: Sneasler|atk|1\n|-unboost|p2b: Clefable|atk|1\n|turn|13\n|inactive|HenriqueZVGC has 15 seconds left this turn.\n|inactive|HenriqueZVGC has 10 seconds left.\n|inactive|HenriqueZVGC has 5 seconds left.\n|-message|HenriqueZVGC lost due to inactivity.\n|\n|win|LordKameni\n||HenriqueZVGC is ready for game 2.\n||LordKameni is ready for game 2.\n|uhtml|next|Next: <a href=\"/battle-gen9championsvgc2026regmbbo3-2674581044\"><strong>Game 2 of 3</strong></a>\n|l|☆HenriqueZVGC\n|player|p2|\n","uploadtime":1788377162,"views":"4","formatid":"gen9championsvgc2026regmbbo3","rating":null,"private":0,"password":null}