{"id":"gen9championsvgc2026regmb-2674983862","format":"[Gen 9 Champions] VGC 2026 Reg M-B","players":["GhostOW23","gogozeppeli190"],"log":"|j|☆GhostOW23\n|j|☆gogozeppeli190\n|t:|1788445218\n|gametype|doubles\n|player|p1|GhostOW23|dawn|1229\n|player|p2|gogozeppeli190|170|1331\n|gen|9\n|tier|[Gen 9 Champions] VGC 2026 Reg M-B\n|rated|\n|rule|Species Clause: Limit one of each Pokémon\n|rule|Item Clause: Limit 1 of each item\n|clearpoke\n|poke|p1|Dedenne, L50, M|\n|poke|p1|Staraptor, L50, F|\n|poke|p1|Toxapex, L50, M|\n|poke|p1|Sinistcha, L50|\n|poke|p1|Incineroar, L50, M|\n|poke|p1|Sylveon, L50, M|\n|poke|p2|Scovillain, L50, F, shiny|\n|poke|p2|Basculegion, L50, M|\n|poke|p2|Kingambit, L50, F|\n|poke|p2|Sneasler, L50, F|\n|poke|p2|Lycanroc-Dusk, L50, M|\n|poke|p2|Froslass, L50, F|\n|teampreview|4\n|\n|t:|1788445252\n|teamsize|p1|4\n|teamsize|p2|4\n|start\n|switch|p1a: Toxapex|Toxapex, L50, M|100/100\n|switch|p1b: Dedenne|Dedenne, L50, M|100/100\n|switch|p2a: Froslass|Froslass, L50, F|100/100\n|switch|p2b: Kingambit|Kingambit, L50, F|100/100\n|turn|1\n|\n|t:|1788445293\n|detailschange|p2a: Froslass|Froslass-Mega, L50, F\n|-mega|p2a: Froslass|Froslass|Froslassite\n|-weather|Snowscape|[from] ability: Snow Warning|[of] p2a: Froslass\n|move|p2a: Froslass|Blizzard|p1b: Dedenne|[spread] p1a,p1b\n|-resisted|p1a: Toxapex|1\n|-damage|p1a: Toxapex|87/100\n|-damage|p1b: Dedenne|50/100y\n|-enditem|p1b: Dedenne|Sitrus Berry|[eat]\n|-heal|p1b: Dedenne|74/100|[from] item: Sitrus Berry\n|-heal|p1b: Dedenne|100/100|[from] ability: Cheek Pouch\n|move|p1b: Dedenne|Nuzzle|p2b: Kingambit\n|-damage|p2b: Kingambit|96/100\n|-status|p2b: Kingambit|par\n|move|p1a: Toxapex|Toxic|p2a: Froslass\n|-status|p2a: Froslass|tox\n|move|p2b: Kingambit|Swords Dance|p2b: Kingambit\n|-boost|p2b: Kingambit|atk|2\n|\n|-weather|Snowscape|[upkeep]\n|-heal|p1a: Toxapex|93/100|[from] item: Leftovers\n|-damage|p2a: Froslass|94/100 tox|[from] psn\n|upkeep\n|turn|2\n|\n|t:|1788445333\n|switch|p2a: Sneasler|Sneasler, L50, F|100/100\n|move|p1b: Dedenne|Super Fang|p2b: Kingambit|[miss]\n|-miss|p1b: Dedenne|p2b: Kingambit\n|move|p1a: Toxapex|Infestation|p2b: Kingambit\n|-damage|p2b: Kingambit|93/100 par\n|-activate|p2b: Kingambit|move: Infestation|[of] p1a: Toxapex\n|move|p2b: Kingambit|Swords Dance|p2b: Kingambit\n|-boost|p2b: Kingambit|atk|2\n|\n|-weather|Snowscape|[upkeep]\n|-heal|p1a: Toxapex|99/100|[from] item: Leftovers\n|-damage|p2b: Kingambit|81/100 par|[from] move: Infestation|[partiallytrapped]\n|upkeep\n|turn|3\n|\n|t:|1788445361\n|move|p1b: Dedenne|Protect|p1b: Dedenne\n|-singleturn|p1b: Dedenne|Protect\n|move|p1a: Toxapex|Baneful Bunker|p1a: Toxapex\n|-singleturn|p1a: Toxapex|move: Protect\n|move|p2a: Sneasler|Dire Claw|p1b: Dedenne\n|-activate|p1b: Dedenne|move: Protect\n|move|p2b: Kingambit|Kowtow Cleave|p1a: Toxapex\n|-activate|p1a: Toxapex|move: Protect\n|\n|-weather|Snowscape|[upkeep]\n|-heal|p1a: Toxapex|100/100|[from] item: Leftovers\n|-damage|p2b: Kingambit|69/100 par|[from] move: Infestation|[partiallytrapped]\n|upkeep\n|turn|4\n|\n|t:|1788445392\n|move|p2a: Sneasler|Dire Claw|p1b: Dedenne\n|-supereffective|p1b: Dedenne|1\n|-damage|p1b: Dedenne|0 fnt\n|faint|p1b: Dedenne\n|move|p1a: Toxapex|Infestation|p2a: Sneasler\n|-resisted|p2a: Sneasler|2\n|-damage|p2a: Sneasler|99/100\n|-activate|p2a: Sneasler|move: Infestation|[of] p1a: Toxapex\n|move|p2b: Kingambit|Kowtow Cleave|p1a: Toxapex\n|-damage|p1a: Toxapex|0 fnt\n|faint|p1a: Toxapex\n|\n|-weather|Snowscape|[upkeep]\n|-end|p2a: Sneasler|Infestation|[partiallytrapped]|[silent]\n|-end|p2b: Kingambit|Infestation|[partiallytrapped]|[silent]\n|upkeep\n|\n|t:|1788445397\n|switch|p1b: Incineroar|Incineroar, L50, M|100/100\n|switch|p1a: Staraptor|Staraptor, L50, F|100/100\n|-ability|p1a: Staraptor|Intimidate|boost\n|-unboost|p2a: Sneasler|atk|1\n|-unboost|p2b: Kingambit|atk|1\n|-ability|p2b: Kingambit|Defiant|boost\n|-boost|p2b: Kingambit|atk|2\n|-ability|p1b: Incineroar|Intimidate|boost\n|-unboost|p2a: Sneasler|atk|1\n|-unboost|p2b: Kingambit|atk|1\n|-ability|p2b: Kingambit|Defiant|boost\n|-boost|p2b: Kingambit|atk|2\n|-enditem|p2a: Sneasler|White Herb\n|-clearnegativeboost|p2a: Sneasler|[silent]\n|turn|5\n|\n|t:|1788445434\n|detailschange|p1a: Staraptor|Staraptor-Mega, L50, F\n|-mega|p1a: Staraptor|Staraptor|Staraptite\n|move|p2a: Sneasler|Protect|p2a: Sneasler\n|-singleturn|p2a: Sneasler|Protect\n|move|p1a: Staraptor|Protect|p1a: Staraptor\n|-singleturn|p1a: Staraptor|Protect\n|move|p2b: Kingambit|Protect|p2b: Kingambit\n|-singleturn|p2b: Kingambit|Protect\n|move|p1b: Incineroar|Flare Blitz|p2b: Kingambit\n|-activate|p2b: Kingambit|move: Protect\n|\n|-weather|none\n|upkeep\n|turn|6\n|\n|t:|1788445455\n|move|p2b: Kingambit|Sucker Punch|p1a: Staraptor\n|-resisted|p1a: Staraptor|1\n|-damage|p1a: Staraptor|0 fnt\n|faint|p1a: Staraptor\n|move|p2a: Sneasler|Close Combat|p1b: Incineroar\n|-supereffective|p1b: Incineroar|1\n|-damage|p1b: Incineroar|0 fnt\n|-unboost|p2a: Sneasler|def|1\n|-unboost|p2a: Sneasler|spd|1\n|faint|p1b: Incineroar\n|\n|win|gogozeppeli190\n|raw|GhostOW23's rating: 1229 &rarr; <strong>1211</strong><br />(-18 for losing)\n|raw|gogozeppeli190's rating: 1331 &rarr; <strong>1345</strong><br />(+14 for winning)\n|l|☆GhostOW23\n|player|p1|\n","uploadtime":1788445467,"views":"17","formatid":"gen9championsvgc2026regmb","rating":1211,"private":0,"password":null}