{"id":"gen9championsvgc2026regmb-2674969932","format":"[Gen 9 Champions] VGC 2026 Reg M-B","players":["idiota.mp3","entrenador batimix"],"log":"|j|☆idiota.mp3\n|j|☆entrenador batimix\n|t:|1788443482\n|gametype|doubles\n|player|p1|idiota.mp3|1|1013\n|player|p2|entrenador batimix|2|1000\n|gen|9\n|tier|[Gen 9 Champions] VGC 2026 Reg M-B\n|rated|\n|rule|Species Clause: Limit one of each Pokémon\n|rule|Item Clause: Limit 1 of each item\n|clearpoke\n|poke|p1|Primarina, L50, F|\n|poke|p1|Clefable, L50, F|\n|poke|p1|Meowstic, L50, M|\n|poke|p1|Lopunny, L50, M|\n|poke|p1|Slowbro, L50, F|\n|poke|p1|Incineroar, L50, F|\n|poke|p2|Scrafty, L50, M|\n|poke|p2|Manectric, L50, M|\n|poke|p2|Alakazam, L50, M|\n|poke|p2|Kangaskhan, L50, F|\n|poke|p2|Clefable, L50, F|\n|poke|p2|Milotic, L50, F|\n|teampreview|4\n|\n|t:|1788443518\n|teamsize|p1|4\n|teamsize|p2|4\n|start\n|switch|p1a: Clefable|Clefable, L50, F|100/100\n|switch|p1b: Lopunny|Lopunny, L50, M|100/100\n|switch|p2a: Manectric|Manectric, L50, M|100/100\n|switch|p2b: Clefable|Clefable, L50, F|100/100\n|turn|1\n|\n|t:|1788443537\n|move|p1b: Lopunny|Fake Out|p2a: Manectric\n|-damage|p2a: Manectric|79/100\n|cant|p2a: Manectric|flinch\n|move|p1a: Clefable|Cosmic Power|p1a: Clefable\n|-boost|p1a: Clefable|def|1\n|-boost|p1a: Clefable|spd|1\n|move|p2b: Clefable|Cosmic Power|p2b: Clefable\n|-boost|p2b: Clefable|def|1\n|-boost|p2b: Clefable|spd|1\n|\n|upkeep\n|turn|2\n|\n|t:|1788443560\n|move|p2a: Manectric|Switcheroo|p1a: Clefable\n|-activate|p2a: Manectric|move: Trick|[of] p1a: Clefable\n|-item|p1a: Clefable|Choice Scarf|[from] move: Switcheroo\n|-item|p2a: Manectric|Leftovers|[from] move: Switcheroo\n|move|p1a: Clefable|Cosmic Power|p1a: Clefable\n|-boost|p1a: Clefable|def|1\n|-boost|p1a: Clefable|spd|1\n|move|p1b: Lopunny|Switcheroo|p2b: Clefable\n|-activate|p1b: Lopunny|move: Trick|[of] p2b: Clefable\n|-item|p2b: Clefable|Iron Ball|[from] move: Switcheroo\n|-item|p1b: Lopunny|Sitrus Berry|[from] move: Switcheroo\n|move|p2b: Clefable|Cosmic Power|p2b: Clefable\n|-boost|p2b: Clefable|def|1\n|-boost|p2b: Clefable|spd|1\n|\n|-heal|p2a: Manectric|85/100|[from] item: Leftovers\n|upkeep\n|turn|3\n|\n|t:|1788443591\n|move|p2a: Manectric|Thunder Wave|p1a: Clefable\n|-status|p1a: Clefable|par\n|move|p1b: Lopunny|Switcheroo|p1a: Clefable\n|-activate|p1b: Lopunny|move: Trick|[of] p1a: Clefable\n|-item|p1a: Clefable|Sitrus Berry|[from] move: Switcheroo\n|-item|p1b: Lopunny|Choice Scarf|[from] move: Switcheroo\n|move|p2b: Clefable|Cosmic Power|p2b: Clefable\n|-boost|p2b: Clefable|def|1\n|-boost|p2b: Clefable|spd|1\n|cant|p1a: Clefable|par\n|\n|-heal|p2a: Manectric|91/100|[from] item: Leftovers\n|upkeep\n|turn|4\n|\n|t:|1788443610\n|move|p1b: Lopunny|Switcheroo|p2a: Manectric\n|-activate|p1b: Lopunny|move: Trick|[of] p2a: Manectric\n|-item|p2a: Manectric|Choice Scarf|[from] move: Switcheroo\n|-item|p1b: Lopunny|Leftovers|[from] move: Switcheroo\n|move|p2a: Manectric|Snarl|p1b: Lopunny|[spread] p1a,p1b\n|-resisted|p1a: Clefable|1\n|-damage|p1a: Clefable|98/100 par\n|-damage|p1b: Lopunny|87/100\n|-unboost|p1a: Clefable|spa|1\n|-unboost|p1b: Lopunny|spa|1\n|move|p2b: Clefable|Cosmic Power|p2b: Clefable\n|-boost|p2b: Clefable|def|1\n|-boost|p2b: Clefable|spd|1\n|cant|p1a: Clefable|par\n|\n|-heal|p1b: Lopunny|93/100|[from] item: Leftovers\n|upkeep\n|turn|5\n|\n|t:|1788443643\n|switch|p2a: Kangaskhan|Kangaskhan, L50, F|100/100\n|move|p1b: Lopunny|Switcheroo|p2a: Kangaskhan\n|-activate|p1b: Lopunny|move: Trick|[of] p2a: Kangaskhan\n|-item|p2a: Kangaskhan|Leftovers|[from] move: Switcheroo\n|-item|p1b: Lopunny|Life Orb|[from] move: Switcheroo\n|move|p1a: Clefable|Cosmic Power|p1a: Clefable\n|-boost|p1a: Clefable|def|1\n|-boost|p1a: Clefable|spd|1\n|move|p2b: Clefable|Cosmic Power|p2b: Clefable\n|-boost|p2b: Clefable|def|1\n|-boost|p2b: Clefable|spd|1\n|\n|upkeep\n|turn|6\n|\n|t:|1788443669\n|move|p2a: Kangaskhan|Fake Out|p1a: Clefable\n|-damage|p1a: Clefable|89/100 par\n|move|p1b: Lopunny|Switcheroo|p2b: Clefable\n|-activate|p1b: Lopunny|move: Trick|[of] p2b: Clefable\n|-item|p2b: Clefable|Life Orb|[from] move: Switcheroo\n|-item|p1b: Lopunny|Iron Ball|[from] move: Switcheroo\n|move|p2b: Clefable|Cosmic Power|p2b: Clefable\n|-boost|p2b: Clefable|def|1\n|-boost|p2b: Clefable|spd|1\n|cant|p1a: Clefable|flinch\n|\n|upkeep\n|turn|7\n|\n|t:|1788443698\n|switch|p2a: Manectric|Manectric, L50, M|91/100\n|move|p1b: Lopunny|U-turn|p2b: Clefable\n|-resisted|p2b: Clefable|1\n|-crit|p2b: Clefable\n|-damage|p2b: Clefable|90/100\n|\n|t:|1788443704\n|switch|p1b: Primarina|Primarina, L50, F|100/100|[from] U-turn\n|move|p2b: Clefable|Night Shade|p1a: Clefable\n|-damage|p1a: Clefable|64/100 par\n|cant|p1a: Clefable|par\n|\n|upkeep\n|turn|8\n|\n|t:|1788443727\n|move|p1b: Primarina|Protect|p1b: Primarina\n|-singleturn|p1b: Primarina|Protect\n|move|p2a: Manectric|Switcheroo|p1a: Clefable\n|-activate|p2a: Manectric|move: Trick|[of] p1a: Clefable\n|-item|p1a: Clefable|Choice Scarf|[from] move: Switcheroo\n|-item|p2a: Manectric|Sitrus Berry|[from] move: Switcheroo\n|move|p2b: Clefable|Night Shade|p1a: Clefable\n|-damage|p1a: Clefable|39/100 par\n|move|p1a: Clefable|Wish|p1a: Clefable\n|\n|upkeep\n|turn|9\n|-message|idiota.mp3 forfeited.\n|\n|win|entrenador batimix\n|raw|idiota.mp3's rating: 1013 &rarr; <strong>1001</strong><br />(-12 for losing)\n|raw|entrenador batimix's rating: 1000 &rarr; <strong>1041</strong><br />(+41 for winning)\n|l|☆idiota.mp3\n|player|p1|\n","uploadtime":1788443749,"views":"11","formatid":"gen9championsvgc2026regmb","rating":1001,"private":0,"password":null}