{"id":"gen9championsvgc2026regmbbo3-2673592308","format":"[Gen 9 Champions] VGC 2026 Reg M-B (Bo3)","players":["doxsego","kirbyhat5"],"log":"|j|☆doxsego\n|j|☆kirbyhat5\n|html|<table width=\"100%\"><tr><td align=\"left\">doxsego</td><td align=\"right\">kirbyhat5</tr><tr><td align=\"left\"><i class=\"fa fa-circle-o\"></i> <i class=\"fa fa-circle-o\"></i> </td><td align=\"right\"><i class=\"fa fa-circle-o\"></i> <i class=\"fa fa-circle\"></i> </tr></table>\n|uhtml|bestof|<h2><strong>Game 2</strong> of <a href=\"/game-bestof3-gen9championsvgc2026regmbbo3-2673588429\">a best-of-3</a></h2>\n|t:|1788218080\n|gametype|doubles\n|player|p1|doxsego|ghetsis|\n|player|p2|kirbyhat5|unknown|\n|gen|9\n|tier|[Gen 9 Champions] VGC 2026 Reg M-B (Bo3)\n|rule|Species Clause: Limit one of each Pokémon\n|rule|Item Clause: Limit 1 of each item\n|raw|<div class=\"infobox\"><details class=\"readmore\" open><summary><strong>1 custom rule:</strong></summary> !Force Open Team Sheets</details></div>\n|clearpoke\n|poke|p1|Espathra, L50, M|\n|poke|p1|Sinistcha, L50|\n|poke|p1|Ceruledge, L50, F, shiny|\n|poke|p1|Incineroar, L50, F|\n|poke|p1|Kingambit, L50, M|\n|poke|p1|Sylveon, L50, F|\n|poke|p2|Talonflame, L50, M|\n|poke|p2|Meowscarada, L50, M|\n|poke|p2|Gardevoir, L50, M|\n|poke|p2|Delphox, L50, M|\n|poke|p2|Garchomp, L50, F|\n|poke|p2|Empoleon, L50, F|\n|teampreview|4\n|\n|t:|1788218138\n|teamsize|p1|4\n|teamsize|p2|4\n|start\n|switch|p1a: Sinistcha|Sinistcha, L50|100/100\n|switch|p1b: Kingambit|Kingambit, L50, M|100/100\n|switch|p2a: Garchomp|Garchomp, L50, F|100/100\n|switch|p2b: Gardevoir|Gardevoir, L50, M|100/100\n|turn|1\n|\n|t:|1788218163\n|move|p2a: Garchomp|Dragon Claw|p1a: Sinistcha\n|-damage|p1a: Sinistcha|48/100\n|-damage|p2a: Garchomp|90/100|[from] item: Life Orb\n|move|p1b: Kingambit|Swords Dance|p1b: Kingambit\n|-boost|p1b: Kingambit|atk|2\n|move|p2b: Gardevoir|Trick Room|p2b: Gardevoir\n|-fieldstart|move: Trick Room|[of] p2b: Gardevoir\n|move|p1a: Sinistcha|Trick Room|p1a: Sinistcha\n|-fieldend|move: Trick Room\n|\n|-heal|p1a: Sinistcha|55/100|[from] item: Leftovers\n|upkeep\n|turn|2\n|j| yungsmokey\n|c|☆doxsego|BOOOO\n|c| yungsmokey|hello hello\n|c|☆kirbyhat5|hahaha\n|\n|t:|1788218208\n|move|p2a: Garchomp|Earthquake|p1b: Kingambit|[spread] p1a,p1b\n|-activate|p2b: Gardevoir|ability: Telepathy\n|-resisted|p1a: Sinistcha|1\n|-supereffective|p1b: Kingambit|1\n|-damage|p1a: Sinistcha|33/100\n|-damage|p1b: Kingambit|16/100\n|-damage|p2a: Garchomp|80/100|[from] item: Life Orb\n|move|p2b: Gardevoir|Shadow Ball|p1a: Sinistcha\n|-supereffective|p1a: Sinistcha|1\n|-damage|p1a: Sinistcha|0 fnt\n|faint|p1a: Sinistcha\n|move|p1b: Kingambit|Kowtow Cleave|p2b: Gardevoir\n|-damage|p2b: Gardevoir|0 fnt\n|faint|p2b: Gardevoir\n|\n|upkeep\n|\n|t:|1788218223\n|switch|p2b: Delphox|Delphox, L50, M|100/100\n|switch|p1a: Incineroar|Incineroar, L50, F|100/100\n|-ability|p1a: Incineroar|Intimidate|boost\n|-unboost|p2a: Garchomp|atk|1\n|-unboost|p2b: Delphox|atk|1\n|turn|3\n|\n|t:|1788218251\n|switch|p1b: Ceruledge|Ceruledge, L50, F, shiny|100/100\n|move|p2b: Delphox|Protect|p2b: Delphox\n|-singleturn|p2b: Delphox|Protect\n|move|p1a: Incineroar|Fake Out|p2a: Garchomp\n|-damage|p2a: Garchomp|68/100\n|-damage|p1a: Incineroar|87/100|[from] ability: Rough Skin|[of] p2a: Garchomp\n|cant|p2a: Garchomp|flinch\n|\n|upkeep\n|turn|4\n|\n|t:|1788218308\n|switch|p2b: Empoleon|Empoleon, L50, F|100/100\n|move|p2a: Garchomp|Rock Slide|p1b: Ceruledge|[spread] p1a,p1b\n|-supereffective|p1a: Incineroar|1\n|-supereffective|p1b: Ceruledge|1\n|-damage|p1a: Incineroar|51/100\n|-damage|p1b: Ceruledge|54/100\n|-damage|p2a: Garchomp|59/100|[from] item: Life Orb\n|cant|p1b: Ceruledge|flinch\n|move|p1a: Incineroar|Parting Shot|p2a: Garchomp\n|-unboost|p2a: Garchomp|atk|1\n|-unboost|p2a: Garchomp|spa|1\n|\n|t:|1788218319\n|switch|p1a: Kingambit|Kingambit, L50, M|16/100|[from] Parting Shot\n|\n|upkeep\n|turn|5\n|l| yungsmokey\n|\n|t:|1788218368\n|move|p2a: Garchomp|Protect|p2a: Garchomp\n|-singleturn|p2a: Garchomp|Protect\n|move|p1b: Ceruledge|Protect|p1b: Ceruledge\n|-singleturn|p1b: Ceruledge|Protect\n|move|p2b: Empoleon|Hydro Pump|p1b: Ceruledge\n|-activate|p1b: Ceruledge|move: Protect\n|move|p1a: Kingambit|Low Kick|p2b: Empoleon\n|-supereffective|p2b: Empoleon|1\n|-damage|p2b: Empoleon|37/100\n|\n|upkeep\n|turn|6\n|j| yungsmokey\n|\n|t:|1788218457\n|switch|p1a: Incineroar|Incineroar, L50, F|51/100\n|-ability|p1a: Incineroar|Intimidate|boost\n|-unboost|p2a: Garchomp|atk|1\n|-unboost|p2b: Empoleon|atk|1\n|-ability|p2b: Empoleon|Competitive|boost\n|-boost|p2b: Empoleon|spa|2\n|move|p2b: Empoleon|Protect|p2b: Empoleon\n|-singleturn|p2b: Empoleon|Protect\n|move|p2a: Garchomp|Earthquake|p1a: Incineroar|[spread] p1a,p1b\n|-activate|p2b: Empoleon|move: Protect\n|-supereffective|p1a: Incineroar|1\n|-supereffective|p1b: Ceruledge|1\n|-damage|p1a: Incineroar|4/100\n|-damage|p1b: Ceruledge|0 fnt\n|-enditem|p1a: Incineroar|Sitrus Berry|[eat]\n|-heal|p1a: Incineroar|29/100|[from] item: Sitrus Berry\n|faint|p1b: Ceruledge\n|-damage|p2a: Garchomp|49/100|[from] item: Life Orb\n|\n|upkeep\n|l| yungsmokey\n|\n|t:|1788218472\n|switch|p1b: Kingambit|Kingambit, L50, M|16/100\n|turn|7\n|j| yungsmokey\n|\n|t:|1788218523\n|switch|p2a: Delphox|Delphox, L50, M|100/100\n|move|p2b: Empoleon|Protect||[still]\n|-fail|p2b: Empoleon\n|move|p1a: Incineroar|Close Combat|p2b: Empoleon\n|-supereffective|p2b: Empoleon|1\n|-damage|p2b: Empoleon|0 fnt\n|-unboost|p1a: Incineroar|def|1\n|-unboost|p1a: Incineroar|spd|1\n|faint|p2b: Empoleon\n|move|p1b: Kingambit|Swords Dance|p1b: Kingambit\n|-boost|p1b: Kingambit|atk|2\n|\n|upkeep\n|\n|t:|1788218530\n|switch|p2b: Garchomp|Garchomp, L50, F|49/100\n|turn|8\n|\n|t:|1788218558\n|detailschange|p2a: Delphox|Delphox-Mega, L50, M\n|-mega|p2a: Delphox|Delphox|Delphoxite\n|move|p2a: Delphox|Heat Wave|p1a: Incineroar|[spread] p1a,p1b\n|-resisted|p1a: Incineroar|1\n|-crit|p1a: Incineroar\n|-supereffective|p1b: Kingambit|1\n|-damage|p1a: Incineroar|0 fnt\n|-damage|p1b: Kingambit|0 fnt\n|faint|p1a: Incineroar\n|faint|p1b: Kingambit\n|\n|win|kirbyhat5\n|c|☆doxsego|ggss\n|c|☆kirbyhat5|ggss!\n|c|☆kirbyhat5|get sucker on gamit\n|c|☆doxsego|oh i forgor\n|c|☆doxsego|whoooooops\n|l|☆doxsego\n|player|p1|\n|l| yungsmokey\n","uploadtime":1788218779,"views":"7","formatid":"gen9championsvgc2026regmbbo3","rating":null,"private":0,"password":null}