{"id":"gen9championsvgc2026regmb-2673851831","format":"[Gen 9 Champions] VGC 2026 Reg M-B","players":["777skills","crithitraquaza"],"log":"|j|☆777skills\n|j|☆crithitraquaza\n|t:|1788268535\n|gametype|doubles\n|player|p1|777skills|102|1168\n|player|p2|crithitraquaza|steven|1095\n|gen|9\n|tier|[Gen 9 Champions] VGC 2026 Reg M-B\n|rated|\n|rule|Species Clause: Limit one of each Pokémon\n|rule|Item Clause: Limit 1 of each item\n|clearpoke\n|poke|p1|Basculegion, L50, M|\n|poke|p1|Morpeko, L50, F|\n|poke|p1|Clefable, L50, F|\n|poke|p1|Meganium, L50, M|\n|poke|p1|Rotom-Heat, L50|\n|poke|p1|Annihilape, L50, M|\n|poke|p2|Falinks, L50, shiny|\n|poke|p2|Maushold-Four, L50|\n|poke|p2|Talonflame, L50, F|\n|poke|p2|Gardevoir, L50, F|\n|poke|p2|Weavile, L50, M|\n|poke|p2|Garchomp, L50, M|\n|teampreview|4\n777skills rejected open team sheets.\n|inactive|Battle timer is ON: inactive players will automatically lose when time's up. (requested by 777skills)\n|inactive|777skills has 60 seconds left.\n|\n|t:|1788268603\n|teamsize|p1|4\n|teamsize|p2|4\n|start\n|switch|p1a: Rotom|Rotom-Heat, L50|100/100\n|switch|p1b: Meganium|Meganium, L50, M|100/100\n|switch|p2a: Family of Six|Falinks, L50, shiny|100/100\n|switch|p2b: Daughter|Talonflame, L50, F|100/100\n|turn|1\n|inactive|crithitraquaza has 30 seconds left.\n|inactive|crithitraquaza has 20 seconds left.\n|inactive|crithitraquaza has 15 seconds left.\n|\n|t:|1788268646\n|switch|p1b: Clefable|Clefable, L50, F|100/100\n|detailschange|p2a: Family of Six|Falinks-Mega, L50, shiny\n|-mega|p2a: Family of Six|Falinks|Falinksite\n|move|p2b: Daughter|Tailwind|p2b: Daughter\n|-sidestart|p2: crithitraquaza|move: Tailwind\n|move|p2a: Family of Six|No Retreat|p2a: Family of Six\n|-boost|p2a: Family of Six|atk|1\n|-boost|p2a: Family of Six|def|1\n|-boost|p2a: Family of Six|spa|1\n|-boost|p2a: Family of Six|spd|1\n|-boost|p2a: Family of Six|spe|1\n|-start|p2a: Family of Six|move: No Retreat\n|move|p1a: Rotom|Thunderbolt|p2b: Daughter\n|-supereffective|p2b: Daughter|1\n|-damage|p2b: Daughter|0 fnt\n|faint|p2b: Daughter\n|\n|upkeep\n|\n|t:|1788268659\n|switch|p2b: Family of Four|Maushold-Four, L50|100/100\n|turn|2\n|inactive|777skills has 30 seconds left.\n|\n|t:|1788268687\n|move|p1b: Clefable|Follow Me|p1b: Clefable\n|-singleturn|p1b: Clefable|move: Follow Me\n|move|p2a: Family of Six|Close Combat|p1b: Clefable\n|-resisted|p1b: Clefable|1\n|-damage|p1b: Clefable|73/100\n|-unboost|p2a: Family of Six|def|1\n|-unboost|p2a: Family of Six|spd|1\n|move|p2b: Family of Four|Population Bomb|p1b: Clefable\n|-damage|p1b: Clefable|68/100\n|-damage|p1b: Clefable|63/100\n|-damage|p1b: Clefable|58/100\n|-damage|p1b: Clefable|53/100\n|-damage|p1b: Clefable|48/100\n|-damage|p1b: Clefable|44/100\n|-damage|p1b: Clefable|39/100\n|-damage|p1b: Clefable|34/100\n|-damage|p1b: Clefable|29/100\n|-damage|p1b: Clefable|24/100\n|-hitcount|p1b: Clefable|10\n|move|p1a: Rotom|Will-O-Wisp|p2a: Family of Six\n|-status|p2a: Family of Six|brn\n|\n|-damage|p2a: Family of Six|93/100 brn|[from] brn\n|upkeep\n|turn|3\n|inactive|777skills has 30 seconds left.\n|inactive|crithitraquaza has 30 seconds left.\n|inactive|777skills has 20 seconds left.\n|\n|t:|1788268724\n|move|p1b: Clefable|Follow Me|p1b: Clefable\n|-singleturn|p1b: Clefable|move: Follow Me\n|move|p2a: Family of Six|Knock Off|p1b: Clefable\n|-resisted|p1b: Clefable|1\n|-damage|p1b: Clefable|17/100\n|-enditem|p1b: Clefable|Kebia Berry|[from] move: Knock Off|[of] p2a: Family of Six\n|move|p2b: Family of Four|Population Bomb|p1b: Clefable\n|-damage|p1b: Clefable|12/100\n|-damage|p1b: Clefable|8/100\n|-damage|p1b: Clefable|3/100\n|-damage|p1b: Clefable|0 fnt\n|faint|p1b: Clefable\n|-hitcount|p1: Clefable|4\n|move|p1a: Rotom|Thunderbolt|p2b: Family of Four\n|-damage|p2b: Family of Four|51/100\n|\n|-damage|p2a: Family of Six|87/100 brn|[from] brn\n|upkeep\n|\n|t:|1788268742\n|switch|p1b: Annihilape|Annihilape, L50, M|100/100\n|turn|4\n|\n|t:|1788268755\n|move|p2a: Family of Six|Knock Off|p1b: Annihilape\n|-damage|p1b: Annihilape|66/100\n|-enditem|p1b: Annihilape|Choice Scarf|[from] move: Knock Off|[of] p2a: Family of Six\n|move|p2b: Family of Four|Population Bomb|p1a: Rotom\n|-damage|p1a: Rotom|92/100\n|-damage|p1a: Rotom|84/100\n|-damage|p1a: Rotom|77/100\n|-damage|p1a: Rotom|70/100\n|-hitcount|p1a: Rotom|4\n|move|p1b: Annihilape|Poison Jab|p2b: Family of Four\n|-damage|p2b: Family of Four|25/100\n|move|p1a: Rotom|Thunderbolt|p2a: Family of Six\n|-damage|p2a: Family of Six|38/100 brn\n|\n|-damage|p2a: Family of Six|32/100 brn|[from] brn\n|-sideend|p2: crithitraquaza|move: Tailwind\n|upkeep\n|turn|5\n|inactive|777skills has 30 seconds left.\n|inactive|crithitraquaza has 30 seconds left.\n|-message|crithitraquaza forfeited.\n|\n|win|777skills\n|raw|777skills's rating: 1168 &rarr; <strong>1188</strong><br />(+20 for winning)\n|raw|crithitraquaza's rating: 1095 &rarr; <strong>1076</strong><br />(-19 for losing)\n|l|☆crithitraquaza\n|player|p2|\n","uploadtime":1788268798,"views":"1","formatid":"gen9championsvgc2026regmb","rating":1076,"private":0,"password":null}