{"id":"gen9championsvgc2026regmbbo3-2674256201","format":"[Gen 9 Champions] VGC 2026 Reg M-B (Bo3)","players":["PAZXD","noah100800"],"log":"|j|☆PAZXD\n|j|☆noah100800\n|html|<table width=\"100%\"><tr><td align=\"left\">PAZXD</td><td align=\"right\">noah100800</tr><tr><td align=\"left\"><i class=\"fa fa-circle\"></i> <i class=\"fa fa-circle-o\"></i> </td><td align=\"right\"><i class=\"fa fa-circle-o\"></i> <i class=\"fa fa-circle\"></i> </tr></table>\n|uhtml|bestof|<h2><strong>Game 3</strong> of <a href=\"/game-bestof3-gen9championsvgc2026regmbbo3-2674253447\">a best-of-3</a></h2>\n|t:|1788324677\n|gametype|doubles\n|player|p1|PAZXD|hilda-wonderlauncher|1093\n|player|p2|noah100800|265|1256\n|gen|9\n|tier|[Gen 9 Champions] VGC 2026 Reg M-B (Bo3)\n|rated|\n|rule|Species Clause: Limit one of each Pokémon\n|rule|Item Clause: Limit 1 of each item\n|clearpoke\n|poke|p1|Venusaur, L50, F|\n|poke|p1|Archaludon, L50, M|\n|poke|p1|Pelipper, L50, M|\n|poke|p1|Swampert, L50, M|\n|poke|p1|Grimmsnarl, L50, M|\n|poke|p1|Charizard, L50, F|\n|poke|p2|Scovillain, L50, F, shiny|\n|poke|p2|Basculegion, L50, M|\n|poke|p2|Kingambit, L50, M|\n|poke|p2|Sneasler, L50, F|\n|poke|p2|Lycanroc-Dusk, L50, M|\n|poke|p2|Froslass, L50, F|\n|teampreview|4\n|showteam|p1|Venusaur||LifeOrb|Overgrow|LeafStorm,SleepPowder,SludgeBomb,Protect|Modest||F|||50|]Archaludon||Leftovers|Stamina|Protect,FlashCannon,ElectroShot,DracoMeteor|Timid||M|||50|]Pelipper||FocusSash|Drizzle|Tailwind,Hurricane,WeatherBall,WideGuard|Timid||M|||50|]Swampert||Swampertite|Torrent|WaveCrash,IcePunch,Earthquake,Protect|Adamant||M|||50|]Grimmsnarl||LightClay|Prankster|LightScreen,Reflect,PartingShot,SpiritBreak|Careful||M|||50|]Charizard||CharizarditeY|Blaze|WeatherBall,HeatWave,Hurricane,Protect|Modest||F|||50|\n|showteam|p2|Scovillain||Scovillainite|Moody|GigaDrain,Overheat,RagePowder,Protect|Bold||F|||50|]Basculegion||LifeOrb|Adaptability|WaveCrash,LastRespects,AquaJet,Protect|Adamant||M|||50|]Kingambit||BlackGlasses|Defiant|KowtowCleave,SuckerPunch,SwordsDance,Protect|Adamant||M|||50|]Sneasler||WhiteHerb|Unburden|CloseCombat,DireClaw,Protect,FakeOut|Adamant||F|||50|]Lycanroc-Dusk||FocusSash|ToughClaws|CloseCombat,Accelerock,RockSlide,Protect|Adamant||M|||50|]Froslass||Froslassite|CursedBody|Blizzard,ShadowBall,AuroraVeil,Protect|Timid||F|||50|\n|inactive|Battle timer is ON: inactive players will automatically lose when time's up. (requested by PAZXD)\n|inactive|noah100800 has 60 seconds left.\n|\n|t:|1788324750\n|teamsize|p1|4\n|teamsize|p2|4\n|start\n|switch|p1a: Venusaur|Venusaur, L50, F|100/100\n|switch|p1b: Swampert|Swampert, L50, M|100/100\n|switch|p2a: John Dogs|Scovillain, L50, F, shiny|100/100\n|switch|p2b: Kids|Kingambit, L50, M|100/100\n|turn|1\n|\n|t:|1788324769\n|switch|p2b: SlycedBread|Basculegion, L50, M|100/100\n|detailschange|p2a: John Dogs|Scovillain-Mega, L50, F, shiny\n|-mega|p2a: John Dogs|Scovillain|Scovillainite\n|move|p1b: Swampert|Protect|p1b: Swampert\n|-singleturn|p1b: Swampert|Protect\n|move|p1a: Venusaur|Sleep Powder|p2b: SlycedBread|[miss]\n|-miss|p1a: Venusaur|p2b: SlycedBread\n|move|p2a: John Dogs|Giga Drain|p1b: Swampert\n|-activate|p1b: Swampert|move: Protect\n|\n|upkeep\n|turn|2\n|inactive|noah100800 has 30 seconds left.\n|\n|t:|1788324799\n|switch|p2b: Kids|Kingambit, L50, M|100/100\n|switch|p1b: Archaludon|Archaludon, L50, M|100/100\n|move|p1a: Venusaur|Sleep Powder|p2b: Kids|[miss]\n|-miss|p1a: Venusaur|p2b: Kids\n|move|p2a: John Dogs|Overheat|p1a: Venusaur\n|-supereffective|p1a: Venusaur|1\n|-damage|p1a: Venusaur|0 fnt\n|-unboost|p2a: John Dogs|spa|2\n|faint|p1a: Venusaur\n|\n|upkeep\n|\n|t:|1788324810\n|switch|p1a: Pelipper|Pelipper, L50, M|100/100\n|-weather|RainDance|[from] ability: Drizzle|[of] p1a: Pelipper\n|turn|3\n|\n|t:|1788324827\n|move|p2a: John Dogs|Rage Powder|p2a: John Dogs\n|-singleturn|p2a: John Dogs|move: Rage Powder\n|move|p1b: Archaludon|Electro Shot||[still]\n|-prepare|p1b: Archaludon|Electro Shot\n|-boost|p1b: Archaludon|spa|1\n|-anim|p1b: Archaludon|Electro Shot|p2a: John Dogs\n|-resisted|p2a: John Dogs|1\n|-damage|p2a: John Dogs|64/100\n|-status|p1b: Archaludon|brn|[from] ability: Spicy Spray|[of] p2a: John Dogs\n|move|p1a: Pelipper|Tailwind|p1a: Pelipper\n|-sidestart|p1: PAZXD|move: Tailwind\n|move|p2b: Kids|Swords Dance|p2b: Kids\n|-boost|p2b: Kids|atk|2\n|\n|-weather|RainDance|[upkeep]\n|-damage|p1b: Archaludon|94/100 brn|[from] brn\n|upkeep\n|turn|4\n|inactive|noah100800 has 30 seconds left.\n|inactive|noah100800 has 20 seconds left.\n|\n|t:|1788324863\n|move|p2a: John Dogs|Rage Powder|p2a: John Dogs\n|-singleturn|p2a: John Dogs|move: Rage Powder\n|move|p1b: Archaludon|Electro Shot||[still]\n|-prepare|p1b: Archaludon|Electro Shot\n|-boost|p1b: Archaludon|spa|1\n|-anim|p1b: Archaludon|Electro Shot|p2a: John Dogs\n|-resisted|p2a: John Dogs|1\n|-damage|p2a: John Dogs|16/100\n|move|p1a: Pelipper|Hurricane|p2a: John Dogs\n|-supereffective|p2a: John Dogs|1\n|-damage|p2a: John Dogs|0 fnt\n|-status|p1a: Pelipper|brn|[from] ability: Spicy Spray|[of] p2a: John Dogs\n|faint|p2a: John Dogs\n|move|p2b: Kids|Kowtow Cleave|p1a: Pelipper\n|-enditem|p1a: Pelipper|Focus Sash\n|-damage|p1a: Pelipper|1/100 brn\n|\n|-weather|RainDance|[upkeep]\n|-heal|p1b: Archaludon|100/100 brn|[from] item: Leftovers\n|-damage|p1b: Archaludon|94/100 brn|[from] brn\n|-damage|p1a: Pelipper|0 fnt|[from] brn\n|faint|p1a: Pelipper\n|upkeep\n|\n|t:|1788324888\n|switch|p1a: Swampert|Swampert, L50, M|100/100\n|switch|p2a: Cisco|Sneasler, L50, F|100/100\n|turn|5\n|inactive|noah100800 has 30 seconds left.\n|\n|t:|1788324916\n|detailschange|p1a: Swampert|Swampert-Mega, L50, M\n|-mega|p1a: Swampert|Swampert|Swampertite\n|move|p1b: Archaludon|Protect|p1b: Archaludon\n|-singleturn|p1b: Archaludon|Protect\n|move|p2a: Cisco|Fake Out|p1a: Swampert\n|-damage|p1a: Swampert|88/100\n|cant|p1a: Swampert|flinch\n|move|p2b: Kids|Kowtow Cleave|p1b: Archaludon\n|-activate|p1b: Archaludon|move: Protect\n|\n|-weather|RainDance|[upkeep]\n|-heal|p1b: Archaludon|100/100 brn|[from] item: Leftovers\n|-damage|p1b: Archaludon|94/100 brn|[from] brn\n|upkeep\n|turn|6\n|inactive|noah100800 has 30 seconds left.\n|\n|t:|1788324944\n|switch|p2a: SlycedBread|Basculegion, L50, M|100/100\n|move|p2b: Kids|Sucker Punch|p1a: Swampert\n|-damage|p1a: Swampert|0 fnt\n|faint|p1a: Swampert\n|move|p1b: Archaludon|Electro Shot||[still]\n|-prepare|p1b: Archaludon|Electro Shot\n|-boost|p1b: Archaludon|spa|1\n|-anim|p1b: Archaludon|Electro Shot|p2b: Kids\n|-damage|p2b: Kids|0 fnt\n|faint|p2b: Kids\n|\n|-weather|RainDance|[upkeep]\n|-heal|p1b: Archaludon|100/100 brn|[from] item: Leftovers\n|-damage|p1b: Archaludon|94/100 brn|[from] brn\n|-sideend|p1: PAZXD|move: Tailwind\n|upkeep\n|inactive|noah100800 has 30 seconds left.\n|\n|t:|1788324971\n|switch|p2b: Cisco|Sneasler, L50, F|100/100\n|turn|7\n|\n|t:|1788324980\n|move|p2b: Cisco|Close Combat|p1b: Archaludon\n|-supereffective|p1b: Archaludon|1\n|-damage|p1b: Archaludon|0 fnt\n|-unboost|p2b: Cisco|def|1\n|-unboost|p2b: Cisco|spd|1\n|faint|p1b: Archaludon\n|\n|win|noah100800\n|raw|PAZXD's rating: 1093 &rarr; <strong>1080</strong><br />(-13 for losing)\n|raw|noah100800's rating: 1256 &rarr; <strong>1270</strong><br />(+14 for winning)\n|l|☆PAZXD\n|player|p1|\n|l|☆noah100800\n|player|p2|\n|j|☆noah100800\n|player|p2|noah100800|265|\n","uploadtime":1788325042,"views":"9","formatid":"gen9championsvgc2026regmbbo3","rating":1080,"private":0,"password":null}