{"id":"gen9championsvgc2026regmb-2674671069","format":"[Gen 9 Champions] VGC 2026 Reg M-B","players":["lambtheweeb","KUTF1"],"log":"|j|☆lambtheweeb\n|j|☆KUTF1\n|t:|1788388143\n|gametype|doubles\n|player|p1|lambtheweeb|1|1113\n|player|p2|KUTF1|janine|1154\n|gen|9\n|tier|[Gen 9 Champions] VGC 2026 Reg M-B\n|rated|\n|rule|Species Clause: Limit one of each Pokémon\n|rule|Item Clause: Limit 1 of each item\n|clearpoke\n|poke|p1|Greninja, L50, F|\n|poke|p1|Incineroar, L50, M|\n|poke|p1|Gholdengo, L50|\n|poke|p1|Tyranitar, L50, F|\n|poke|p1|Sinistcha, L50|\n|poke|p1|Rotom-Wash, L50|\n|poke|p2|Lopunny, L50, F|\n|poke|p2|Whimsicott, L50, F|\n|poke|p2|Lycanroc-Dusk, L50, M|\n|poke|p2|Clefable, L50, M|\n|poke|p2|Gholdengo, L50|\n|poke|p2|Rotom-Wash, L50|\n|teampreview|4\n|inactive|Battle timer is ON: inactive players will automatically lose when time's up. (requested by KUTF1)\n|inactive|lambtheweeb has 60 seconds left.\n|inactive|lambtheweeb has 30 seconds left.\n|inactive|lambtheweeb has 20 seconds left.\n|\n|t:|1788388215\n|teamsize|p1|4\n|teamsize|p2|4\n|start\n|switch|p1a: Greninja|Greninja, L50, F|100/100\n|switch|p1b: Rotom|Rotom-Wash, L50|100/100\n|switch|p2a: Rotom|Rotom-Wash, L50|100/100\n|switch|p2b: Lycanroc|Lycanroc-Dusk, L50, M|100/100\n|turn|1\n|\n|t:|1788388236\n|move|p2b: Lycanroc|Protect|p2b: Lycanroc\n|-singleturn|p2b: Lycanroc|Protect\n|move|p1a: Greninja|U-turn|p2a: Rotom\n|-start|p1a: Greninja|typechange|Bug|[from] ability: Protean\n|-damage|p2a: Rotom|78/100\n|\n|t:|1788388249\n|switch|p1a: Tyranitar|Tyranitar, L50, F|100/100|[from] U-turn\n|-weather|Sandstorm|[from] ability: Sand Stream|[of] p1a: Tyranitar\n|move|p1b: Rotom|Hydro Pump|p2b: Lycanroc\n|-activate|p2b: Lycanroc|move: Protect\n|move|p2a: Rotom|Volt Switch|p1b: Rotom\n|-crit|p1b: Rotom\n|-damage|p1b: Rotom|51/100\n|\n|t:|1788388255\n|switch|p2a: Usagi|Lopunny, L50, F|100/100|[from] Volt Switch\n|\n|-weather|Sandstorm|[upkeep]\n|-damage|p2a: Usagi|94/100|[from] Sandstorm\n|-damage|p1b: Rotom|46/100|[from] Sandstorm\n|-heal|p1b: Rotom|51/100|[from] item: Leftovers\n|upkeep\n|turn|2\n|inactive|lambtheweeb has 30 seconds left.\n|\n|t:|1788388283\n|switch|p1a: Sinistcha|Sinistcha, L50|100/100\n|-heal|p1b: Rotom|76/100|[from] ability: Hospitality|[of] p1a: Sinistcha\n|detailschange|p2a: Usagi|Lopunny-Mega, L50, F\n|-mega|p2a: Usagi|Lopunny|Lopunnite\n|move|p2a: Usagi|Fake Out|p1b: Rotom\n|-damage|p1b: Rotom|57/100\n|move|p2b: Lycanroc|Rock Slide|p1b: Rotom|[spread] p1a,p1b\n|-damage|p1a: Sinistcha|79/100\n|-damage|p1b: Rotom|34/100\n|cant|p1b: Rotom|flinch\n|\n|-weather|Sandstorm|[upkeep]\n|-damage|p2a: Usagi|88/100|[from] Sandstorm\n|-damage|p1b: Rotom|28/100|[from] Sandstorm\n|-damage|p1a: Sinistcha|73/100|[from] Sandstorm\n|-heal|p1b: Rotom|34/100|[from] item: Leftovers\n|upkeep\n|turn|3\n|inactive|lambtheweeb has 30 seconds left.\n|\n|t:|1788388315\n|move|p1b: Rotom|Protect|p1b: Rotom\n|-singleturn|p1b: Rotom|Protect\n|move|p2a: Usagi|Close Combat|p1b: Rotom\n|-activate|p1b: Rotom|move: Protect\n|move|p2b: Lycanroc|Rock Slide|p1a: Sinistcha|[spread] p1a\n|-activate|p1b: Rotom|move: Protect\n|-damage|p1a: Sinistcha|53/100\n|cant|p1a: Sinistcha|flinch\n|\n|-weather|Sandstorm|[upkeep]\n|-damage|p2a: Usagi|83/100|[from] Sandstorm\n|-damage|p1b: Rotom|28/100|[from] Sandstorm\n|-damage|p1a: Sinistcha|47/100|[from] Sandstorm\n|-heal|p1b: Rotom|34/100|[from] item: Leftovers\n|upkeep\n|turn|4\n|inactive|lambtheweeb has 30 seconds left.\n|inactive|lambtheweeb has 20 seconds left.\n|inactive|lambtheweeb has 15 seconds left.\n|\n|t:|1788388355\n|move|p1a: Sinistcha|Rage Powder|p1a: Sinistcha\n|-singleturn|p1a: Sinistcha|move: Rage Powder\n|move|p2a: Usagi|Ice Punch|p1a: Sinistcha\n|-supereffective|p1a: Sinistcha|1\n|-damage|p1a: Sinistcha|0 fnt\n|faint|p1a: Sinistcha\n|move|p2b: Lycanroc|Rock Slide|p1b: Rotom\n|-damage|p1b: Rotom|0 fnt\n|faint|p1b: Rotom\n|\n|-weather|Sandstorm|[upkeep]\n|-damage|p2a: Usagi|77/100|[from] Sandstorm\n|upkeep\n|c|☆lambtheweeb|That flinch was gay as hell\n|inactive|lambtheweeb has 30 seconds left.\n|c|☆lambtheweeb|Idk why but Showdown hates me\n|inactive|lambtheweeb has 20 seconds left.\n|\n|t:|1788388391\n|switch|p1b: Tyranitar|Tyranitar, L50, F|100/100\n|switch|p1a: Greninja|Greninja, L50, F|100/100\n|turn|5\n|inactive|KUTF1 has 30 seconds left.\n|\n|t:|1788388421\n|move|p1b: Tyranitar|Protect|p1b: Tyranitar\n|-singleturn|p1b: Tyranitar|Protect\n|move|p2a: Usagi|Close Combat|p1b: Tyranitar\n|-activate|p1b: Tyranitar|move: Protect\n|move|p1a: Greninja|Extrasensory|p2a: Usagi\n|-start|p1a: Greninja|typechange|Psychic|[from] ability: Protean\n|-supereffective|p2a: Usagi|1\n|-damage|p2a: Usagi|0 fnt\n|faint|p2a: Usagi\n|move|p2b: Lycanroc|Close Combat|p1b: Tyranitar\n|-activate|p1b: Tyranitar|move: Protect\n|\n|-weather|none\n|upkeep\n|\n|t:|1788388424\n|switch|p2a: Rotom|Rotom-Wash, L50|78/100\n|turn|6\n|inactive|lambtheweeb has 30 seconds left.\n|inactive|lambtheweeb has 20 seconds left.\n|\n|t:|1788388463\n|detailschange|p1b: Tyranitar|Tyranitar-Mega, L50, F\n|-mega|p1b: Tyranitar|Tyranitar|Tyranitarite\n|-weather|Sandstorm|[from] ability: Sand Stream|[of] p1b: Tyranitar\n|move|p1a: Greninja|Extrasensory|p2b: Lycanroc\n|-damage|p2b: Lycanroc|57/100\n|move|p2b: Lycanroc|Rock Slide|p1a: Greninja|[spread] p1a,p1b\n|-damage|p1a: Greninja|59/100\n|-damage|p1b: Tyranitar|83/100\n|cant|p1b: Tyranitar|flinch\n|move|p2a: Rotom|Will-O-Wisp|p1b: Tyranitar\n|-status|p1b: Tyranitar|brn\n|\n|-weather|Sandstorm|[upkeep]\n|-damage|p1a: Greninja|53/100|[from] Sandstorm\n|-damage|p2a: Rotom|72/100|[from] Sandstorm\n|-damage|p1b: Tyranitar|77/100 brn|[from] brn\n|upkeep\n|turn|7\n|c|☆lambtheweeb|LIKE OH MY GOS\n|inactive|lambtheweeb has 30 seconds left.\n|c|☆lambtheweeb|Bro\n|c|☆lambtheweeb|Be my fucking witness\n|c|☆lambtheweeb|Like holy hell\n|inactive|lambtheweeb has 20 seconds left.\n|c|☆lambtheweeb|This is every fucking match on thisbplatform\n|inactive|lambtheweeb has 15 seconds left.\n|inactive|lambtheweeb has 10 seconds left.\n|c|☆lambtheweeb|Anything that CAN happen WILL happen\n|c|☆lambtheweeb|Only for opponents though\n|inactive|lambtheweeb has 5 seconds left.\n|\n|t:|1788388518\n|move|p2b: Lycanroc|Accelerock|p1a: Greninja\n|-damage|p1a: Greninja|12/100\n|move|p1a: Greninja|Sludge Wave|p2a: Rotom|[spread] p1b,p2a,p2b\n|-resisted|p1b: Tyranitar|1\n|-resisted|p2b: Lycanroc|1\n|-damage|p1b: Tyranitar|72/100 brn\n|-damage|p2a: Rotom|49/100\n|-damage|p2b: Lycanroc|45/100\n|move|p1b: Tyranitar|Rock Slide|p2b: Lycanroc|[spread] p2a,p2b\n|-damage|p2a: Rotom|33/100\n|-damage|p2b: Lycanroc|13/100\n|cant|p2a: Rotom|flinch\n|\n|-weather|Sandstorm|[upkeep]\n|-damage|p1a: Greninja|6/100|[from] Sandstorm\n|-damage|p2a: Rotom|28/100|[from] Sandstorm\n|-damage|p1b: Tyranitar|67/100 brn|[from] brn\n|upkeep\n|turn|8\n|c|☆KUTF1|Dude is ff atp\n|c|☆KUTF1|it’s a sign to get iff\n|inactive|lambtheweeb has 30 seconds left.\n|inactive|lambtheweeb has 20 seconds left.\n|inactive|lambtheweeb has 15 seconds left.\n|inactive|lambtheweeb has 10 seconds left.\n|\n|t:|1788388564\n|move|p2b: Lycanroc|Accelerock|p1a: Greninja\n|-damage|p1a: Greninja|0 fnt\n|faint|p1a: Greninja\n|move|p1b: Tyranitar|Knock Off|p2a: Rotom\n|-damage|p2a: Rotom|0 fnt\n|-enditem|p2a: Rotom|Rindo Berry|[from] move: Knock Off|[of] p1b: Tyranitar\n|faint|p2a: Rotom\n|\n|-weather|Sandstorm|[upkeep]\n|-damage|p1b: Tyranitar|61/100 brn|[from] brn\n|upkeep\n|\n|t:|1788388578\n|switch|p2a: Whimsicott|Whimsicott, L50, F|100/100\n|turn|9\n|c|☆lambtheweeb|Dunny thing is this happens every time ai get on\n|c|☆lambtheweeb|Every time\n|c|☆lambtheweeb|Every day\n|c|☆lambtheweeb|Take a break for a week\n|c|☆lambtheweeb|Wait for a new fucking format\n|inactive|lambtheweeb has 30 seconds left.\n|c|☆lambtheweeb|Come back and this happens EVERY FUCKING GAME\n|inactive|lambtheweeb has 20 seconds left.\n|c|☆lambtheweeb|like holy shit what is my life\n|inactive|lambtheweeb has 15 seconds left.\n|c|☆lambtheweeb|Am I fucking cursed\n|inactive|lambtheweeb has 10 seconds left.\n|c|☆lambtheweeb|Mb for wanting to have some fucking fun\n|c|☆lambtheweeb|Nah\n|inactive|lambtheweeb has 5 seconds left.\n|c|☆lambtheweeb|Waste of time even trying\n|\n|t:|1788388633\n|move|p2a: Whimsicott|Moonblast|p1b: Tyranitar\n|-supereffective|p1b: Tyranitar|1\n|-damage|p1b: Tyranitar|32/100 brn\n|move|p2b: Lycanroc|Close Combat|p1b: Tyranitar\n|-supereffective|p1b: Tyranitar|2\n|-damage|p1b: Tyranitar|0 fnt\n|-unboost|p2b: Lycanroc|def|1\n|-unboost|p2b: Lycanroc|spd|1\n|faint|p1b: Tyranitar\n|\n|win|KUTF1\n|raw|lambtheweeb's rating: 1113 &rarr; <strong>1091</strong><br />(-22 for losing)\n|raw|KUTF1's rating: 1154 &rarr; <strong>1176</strong><br />(+22 for winning)\n|c|☆lambtheweeb|Fml\n|c|☆KUTF1|Js take a break bro\n|c|☆lambtheweeb|Read\n|c|☆lambtheweeb|It will be just like this afyer the break\n|c|☆lambtheweeb|It makes no difference\n|c|☆KUTF1|Okay deal with it?\n|c|☆lambtheweeb|I wouldnt be pissed if thisbwas a random occurence\n|c|☆lambtheweeb|Great mentality\n|c|☆lambtheweeb|Just deal with it\n|c|☆lambtheweeb|Easy for lucky fucks to say\n|l|☆lambtheweeb\n|player|p1|\n|c|☆KUTF1|Never even lucky\n|c|☆KUTF1|💔\n","uploadtime":1788388754,"views":"12","formatid":"gen9championsvgc2026regmb","rating":1091,"private":0,"password":null}