{"id":"gen9championsvgc2026regmb-2673881508","format":"[Gen 9 Champions] VGC 2026 Reg M-B","players":["testdigi","Rk Pokemons"],"log":"|j|☆testdigi\n|j|☆Rk Pokemons\n|t:|1788272506\n|gametype|doubles\n|player|p1|testdigi|169|1368\n|player|p2|Rk Pokemons|101|1344\n|gen|9\n|tier|[Gen 9 Champions] VGC 2026 Reg M-B\n|rated|\n|rule|Species Clause: Limit one of each Pokémon\n|rule|Item Clause: Limit 1 of each item\n|clearpoke\n|poke|p1|Staraptor, L50, F, shiny|\n|poke|p1|Kingambit, L50, M, shiny|\n|poke|p1|Sylveon, L50, M, shiny|\n|poke|p1|Raichu, L50, F, shiny|\n|poke|p1|Farigiraf, L50, F, shiny|\n|poke|p1|Basculegion, L50, M|\n|poke|p2|Maushold, L50|\n|poke|p2|Salazzle, L50, F|\n|poke|p2|Whimsicott, L50, M|\n|poke|p2|Absol, L50, M|\n|poke|p2|Drampa, L50, M|\n|poke|p2|Houndstone, L50, M|\n|teampreview|4\n|inactive|Battle timer is ON: inactive players will automatically lose when time's up. (requested by Rk Pokemons)\n|\n|t:|1788272533\n|teamsize|p1|4\n|teamsize|p2|4\n|start\n|switch|p1a: Big Chu|Raichu, L50, F, shiny|100/100\n|switch|p1b: Basculegion|Basculegion, L50, M|100/100\n|switch|p2a: Maushold|Maushold, L50|100/100\n|switch|p2b: Whimsicott|Whimsicott, L50, M|100/100\n|turn|1\n|\n|t:|1788272547\n|detailschange|p1a: Big Chu|Raichu-Mega-Y, L50, F, shiny\n|-mega|p1a: Big Chu|Raichu|Raichunite Y\n|move|p2b: Whimsicott|Protect|p2b: Whimsicott\n|-singleturn|p2b: Whimsicott|Protect\n|move|p2a: Maushold|Protect|p2a: Maushold\n|-singleturn|p2a: Maushold|Protect\n|move|p1a: Big Chu|Fake Out|p2b: Whimsicott\n|-activate|p2b: Whimsicott|move: Protect\n|move|p1b: Basculegion|Flip Turn|p2a: Maushold\n|-activate|p2a: Maushold|move: Protect\n|\n|upkeep\n|turn|2\n|inactive|Rk Pokemons has 30 seconds left.\n|\n|t:|1788272574\n|switch|p1b: Fridge|Farigiraf, L50, F, shiny|100/100\n|move|p1a: Big Chu|Zap Cannon|p2b: Whimsicott\n|-resisted|p2b: Whimsicott|1\n|-damage|p2b: Whimsicott|50/100g\n|-status|p2b: Whimsicott|par\n|move|p2a: Maushold|Population Bomb|p1b: Fridge\n|-damage|p1b: Fridge|92/100\n|-damage|p1b: Fridge|82/100\n|-damage|p1b: Fridge|74/100\n|-damage|p1b: Fridge|65/100\n|-damage|p1b: Fridge|56/100\n|-crit|p1b: Fridge\n|-damage|p1b: Fridge|42/100\n|-enditem|p1b: Fridge|Sitrus Berry|[eat]\n|-heal|p1b: Fridge|67/100|[from] item: Sitrus Berry\n|-damage|p1b: Fridge|59/100\n|-damage|p1b: Fridge|51/100\n|-hitcount|p1b: Fridge|8\n|move|p2b: Whimsicott|Moonblast|p1b: Fridge\n|-damage|p1b: Fridge|21/100\n|\n|upkeep\n|turn|3\n|inactive|testdigi has 30 seconds left.\n|\n|t:|1788272601\n|move|p1b: Fridge|Helping Hand|p1a: Big Chu\n|-singleturn|p1a: Big Chu|Helping Hand|[of] p1b: Fridge\n|move|p2b: Whimsicott|Tailwind|p2b: Whimsicott\n|-sidestart|p2: Rk Pokemons|move: Tailwind\n|move|p2a: Maushold|Population Bomb|p1b: Fridge\n|-damage|p1b: Fridge|13/100\n|-damage|p1b: Fridge|4/100\n|-damage|p1b: Fridge|0 fnt\n|faint|p1b: Fridge\n|-hitcount|p1: Fridge|3\n|move|p1a: Big Chu|Focus Blast|p2a: Maushold\n|-supereffective|p2a: Maushold|1\n|-crit|p2a: Maushold\n|-damage|p2a: Maushold|0 fnt\n|faint|p2a: Maushold\n|\n|upkeep\n|\n|t:|1788272616\n|switch|p2a: Salazzle|Salazzle, L50, F|100/100\n|switch|p1b: Sadie Sink|Sylveon, L50, M, shiny|100/100\n|turn|4\n|\n|t:|1788272632\n|switch|p1b: Basculegion|Basculegion, L50, M|100/100\n|move|p2b: Whimsicott|Sunny Day|p2b: Whimsicott\n|-weather|SunnyDay\n|move|p2a: Salazzle|Heat Wave|p1a: Big Chu|[spread] p1a,p1b\n|-crit|p1a: Big Chu\n|-resisted|p1b: Basculegion|1\n|-damage|p1a: Big Chu|0 fnt\n|-damage|p1b: Basculegion|62/100\n|faint|p1a: Big Chu\n|-damage|p2a: Salazzle|90/100|[from] item: Life Orb\n|\n|-weather|SunnyDay|[upkeep]\n|upkeep\n|\n|t:|1788272638\n|switch|p1a: Sadie Sink|Sylveon, L50, M, shiny|100/100\n|turn|5\n|\n|t:|1788272651\n|move|p2a: Salazzle|Overheat|p1b: Basculegion\n|-resisted|p1b: Basculegion|1\n|-damage|p1b: Basculegion|0 fnt\n|-unboost|p2a: Salazzle|spa|2\n|faint|p1b: Basculegion\n|-damage|p2a: Salazzle|80/100|[from] item: Life Orb\n|move|p2b: Whimsicott|Moonblast|p1a: Sadie Sink\n|-damage|p1a: Sadie Sink|73/100\n|move|p1a: Sadie Sink|Hyper Voice|p2b: Whimsicott|[spread] p2a,p2b\n|-resisted|p2a: Salazzle|2\n|-damage|p2a: Salazzle|60/100\n|-damage|p2b: Whimsicott|0 fnt\n|faint|p2b: Whimsicott\n|-damage|p1a: Sadie Sink|63/100|[from] item: Life Orb\n|\n|-weather|SunnyDay|[upkeep]\n|upkeep\n|\n|t:|1788272654\n|switch|p2b: Absol|Absol, L50, M|100/100\n|turn|6\n|\n|t:|1788272666\n|move|p1a: Sadie Sink|Detect|p1a: Sadie Sink\n|-singleturn|p1a: Sadie Sink|Protect\n|move|p2a: Salazzle|Sludge Bomb|p1a: Sadie Sink\n|-activate|p1a: Sadie Sink|move: Protect\n|move|p2b: Absol|Psycho Cut|p1a: Sadie Sink\n|-activate|p1a: Sadie Sink|move: Protect\n|\n|-weather|SunnyDay|[upkeep]\n|-sideend|p2: Rk Pokemons|move: Tailwind\n|upkeep\n|turn|7\n|\n|t:|1788272677\n|move|p2a: Salazzle|Sludge Bomb|p1a: Sadie Sink\n|-supereffective|p1a: Sadie Sink|1\n|-damage|p1a: Sadie Sink|20/100y\n|-damage|p2a: Salazzle|50/100g|[from] item: Life Orb\n|move|p2b: Absol|Psycho Cut|p1a: Sadie Sink\n|-crit|p1a: Sadie Sink\n|-damage|p1a: Sadie Sink|0 fnt\n|faint|p1a: Sadie Sink\n|\n|win|Rk Pokemons\n","uploadtime":1788272508,"views":"0","formatid":"gen9championsvgc2026regmb","rating":null,"private":0,"password":null}