{"id":"gen9championsvgc2026regmbbo3-2673328735","format":"[Gen 9 Champions] VGC 2026 Reg M-B (Bo3)","players":["ArielcitoTedetona","dauble77"],"log":"|j|☆ArielcitoTedetona\n|j|☆dauble77\n|html|<table width=\"100%\"><tr><td align=\"left\">ArielcitoTedetona</td><td align=\"right\">dauble77</tr><tr><td align=\"left\"><i class=\"fa fa-circle\"></i> <i class=\"fa fa-circle-o\"></i> </td><td align=\"right\"><i class=\"fa fa-circle-o\"></i> <i class=\"fa fa-circle-o\"></i> </tr></table>\n|uhtml|bestof|<h2><strong>Game 2</strong> of <a href=\"/game-bestof3-gen9championsvgc2026regmbbo3-2673327191\">a best-of-3</a></h2>\n|t:|1788184061\n|gametype|doubles\n|player|p1|ArielcitoTedetona|265|1147\n|player|p2|dauble77|2|1168\n|gen|9\n|tier|[Gen 9 Champions] VGC 2026 Reg M-B (Bo3)\n|rated|\n|rule|Species Clause: Limit one of each Pokémon\n|rule|Item Clause: Limit 1 of each item\n|clearpoke\n|poke|p1|Charizard, L50, M|\n|poke|p1|Incineroar, L50, M|\n|poke|p1|Venusaur, L50, F|\n|poke|p1|Garchomp, L50, M|\n|poke|p1|Sylveon, L50, M|\n|poke|p1|Annihilape, L50, F|\n|poke|p2|Raichu, L50, M|\n|poke|p2|Annihilape, L50, M|\n|poke|p2|Gholdengo, L50|\n|poke|p2|Whimsicott, L50, F|\n|poke|p2|Kangaskhan, L50, F|\n|poke|p2|Blastoise, L50, F|\n|teampreview|4\n|showteam|p1|Charizard||CharizarditeY|Blaze|WeatherBall,HeatWave,AncientPower,Protect|Modest||M|||50|]Incineroar||SitrusBerry|Intimidate|FakeOut,FlareBlitz,DarkestLariat,PartingShot|Impish||M|||50|]Venusaur||LifeOrb|Chlorophyll|LeafStorm,SludgeBomb,EarthPower,Protect|Modest||F|||50|]Garchomp||ChoiceScarf|RoughSkin|Earthquake,DragonClaw,RockSlide,StompingTantrum|Adamant||M|||50|]Sylveon||FairyFeather|Pixilate|HyperVoice,Yawn,QuickAttack,Detect|Modest||M|||50|]Annihilape||FocusSash|Defiant|RockTomb,CloseCombat,RageFist,Protect|Jolly||F|||50|\n|showteam|p2|Raichu||RaichuniteY|LightningRod|FakeOut,FocusBlast,ZapCannon,Protect|Timid||M|||50|]Annihilape||SitrusBerry|Defiant|RageFist,BulkUp,DrainPunch,Protect|Adamant||M|||50|]Gholdengo||Leftovers|GoodasGold|MakeItRain,NastyPlot,Protect,ShadowBall|Timid|||||50|]Whimsicott||FocusSash|Prankster|Encore,Protect,Tailwind,Moonblast|Timid||F|||50|]Kangaskhan||SilkScarf|Scrappy|FakeOut,LastResort|Adamant||F|||50|]Blastoise||Blastoisinite|RainDish|WaterPulse,FakeOut,DarkPulse,Protect|Modest||F|||50|\n|inactive|Battle timer is ON: inactive players will automatically lose when time's up. (requested by dauble77)\n|\n|t:|1788184082\n|teamsize|p1|4\n|teamsize|p2|4\n|start\n|switch|p1a: malozard|Charizard, L50, M|100/100\n|switch|p1b: tumamigorda|Venusaur, L50, F|100/100\n|switch|p2a: Whimsicott|Whimsicott, L50, F|100/100\n|switch|p2b: Kangaskhan|Kangaskhan, L50, F|100/100\n|turn|1\n|inactive|ArielcitoTedetona has 30 seconds left.\n|inactive|ArielcitoTedetona has 20 seconds left.\n|inactive|ArielcitoTedetona has 15 seconds left.\n|\n|t:|1788184126\n|detailschange|p1a: malozard|Charizard-Mega-Y, L50, M\n|-mega|p1a: malozard|Charizard|Charizardite Y\n|-weather|SunnyDay|[from] ability: Drought|[of] p1a: malozard\n|move|p2b: Kangaskhan|Fake Out|p1b: tumamigorda\n|-damage|p1b: tumamigorda|71/100\n|move|p2a: Whimsicott|Tailwind|p2a: Whimsicott\n|-sidestart|p2: dauble77|move: Tailwind\n|cant|p1b: tumamigorda|flinch\n|move|p1a: malozard|Heat Wave|p2a: Whimsicott|[spread] p2b\n|-miss|p1a: malozard|p2a: Whimsicott\n|-damage|p2b: Kangaskhan|42/100\n|\n|-weather|SunnyDay|[upkeep]\n|upkeep\n|turn|2\n|inactive|dauble77 has 30 seconds left.\n|\n|t:|1788184153\n|move|p1b: tumamigorda|Protect|p1b: tumamigorda\n|-singleturn|p1b: tumamigorda|Protect\n|move|p2a: Whimsicott|Moonblast|p1a: malozard\n|-resisted|p1a: malozard|1\n|-damage|p1a: malozard|83/100\n|move|p2b: Kangaskhan|Last Resort|p1b: tumamigorda\n|-activate|p1b: tumamigorda|move: Protect\n|move|p1a: malozard|Heat Wave|p2a: Whimsicott|[spread] p2a,p2b\n|-supereffective|p2a: Whimsicott|1\n|-enditem|p2a: Whimsicott|Focus Sash\n|-damage|p2a: Whimsicott|1/100\n|-damage|p2b: Kangaskhan|0 fnt\n|-status|p2a: Whimsicott|brn\n|faint|p2b: Kangaskhan\n|\n|-weather|SunnyDay|[upkeep]\n|-damage|p2a: Whimsicott|0 fnt|[from] brn\n|faint|p2a: Whimsicott\n|upkeep\n|\n|t:|1788184164\n|switch|p2a: Raichu|Raichu, L50, M|100/100\n|switch|p2b: Annihilape|Annihilape, L50, M|100/100\n|turn|3\n|\n|t:|1788184181\n|detailschange|p2a: Raichu|Raichu-Mega-Y, L50, M\n|-mega|p2a: Raichu|Raichu|Raichunite Y\n|move|p1b: tumamigorda|Protect||[still]\n|-fail|p1b: tumamigorda\n|move|p1a: malozard|Protect|p1a: malozard\n|-singleturn|p1a: malozard|Protect\n|move|p2a: Raichu|Zap Cannon|p1a: malozard\n|-activate|p1a: malozard|move: Protect\n|move|p2b: Annihilape|Bulk Up|p2b: Annihilape\n|-boost|p2b: Annihilape|atk|1\n|-boost|p2b: Annihilape|def|1\n|\n|-weather|SunnyDay|[upkeep]\n|upkeep\n|turn|4\n|inactive|dauble77 has 30 seconds left.\n|\n|t:|1788184209\n|switch|p1a: megaladron|Garchomp, L50, M|100/100\n|move|p2a: Raichu|Zap Cannon|p1a: megaladron\n|-immune|p1a: megaladron\n|move|p1b: tumamigorda|Earth Power|p2a: Raichu\n|-supereffective|p2a: Raichu|1\n|-crit|p2a: Raichu\n|-damage|p2a: Raichu|0 fnt\n|faint|p2a: Raichu\n|-damage|p1b: tumamigorda|61/100|[from] item: Life Orb\n|move|p2b: Annihilape|Rage Fist|p1b: tumamigorda\n|-damage|p1b: tumamigorda|15/100\n|\n|-weather|SunnyDay|[upkeep]\n|-sideend|p2: dauble77|move: Tailwind\n|upkeep\n|turn|5\n|inactive|ArielcitoTedetona has 30 seconds left.\n|inactive|ArielcitoTedetona has 20 seconds left.\n|inactive|ArielcitoTedetona has 15 seconds left.\n|\n|t:|1788184251\n|move|p2b: Annihilape|Protect|p2b: Annihilape\n|-singleturn|p2b: Annihilape|Protect\n|move|p1b: tumamigorda|Leaf Storm|p2b: Annihilape\n|-activate|p2b: Annihilape|move: Protect\n|move|p1a: megaladron|Dragon Claw|p2b: Annihilape\n|-activate|p2b: Annihilape|move: Protect\n|\n|-weather|none\n|upkeep\n|turn|6\n|inactive|dauble77 has 30 seconds left.\n|\n|t:|1788184276\n|move|p1a: megaladron|Dragon Claw|p2b: Annihilape\n|-damage|p2b: Annihilape|69/100\n|move|p1b: tumamigorda|Leaf Storm|p2b: Annihilape\n|-damage|p2b: Annihilape|7/100\n|-unboost|p1b: tumamigorda|spa|2\n|-enditem|p2b: Annihilape|Sitrus Berry|[eat]\n|-heal|p2b: Annihilape|32/100|[from] item: Sitrus Berry\n|-damage|p1b: tumamigorda|5/100|[from] item: Life Orb\n|move|p2b: Annihilape|Rage Fist|p1b: tumamigorda\n|-damage|p1b: tumamigorda|0 fnt\n|faint|p1b: tumamigorda\n|\n|upkeep\n|\n|t:|1788184291\n|switch|p1b: malozard|Charizard-Mega-Y, L50, M|83/100\n|-weather|SunnyDay|[from] ability: Drought|[of] p1b: malozard\n|turn|7\n|\n|t:|1788184301\n|move|p2b: Annihilape|Protect|p2b: Annihilape\n|-singleturn|p2b: Annihilape|Protect\n|move|p1a: megaladron|Dragon Claw|p2b: Annihilape\n|-activate|p2b: Annihilape|move: Protect\n|move|p1b: malozard|Weather Ball|p2b: Annihilape\n|-activate|p2b: Annihilape|move: Protect\n|\n|-weather|SunnyDay|[upkeep]\n|upkeep\n|turn|8\n|\n|t:|1788184314\n|move|p1a: megaladron|Dragon Claw|p2b: Annihilape\n|-damage|p2b: Annihilape|1/100\n|move|p1b: malozard|Weather Ball|p2b: Annihilape\n|-damage|p2b: Annihilape|0 fnt\n|faint|p2b: Annihilape\n|\n|win|ArielcitoTedetona\n|raw|ArielcitoTedetona's rating: 1147 &rarr; <strong>1174</strong><br />(+27 for winning)\n|raw|dauble77's rating: 1168 &rarr; <strong>1141</strong><br />(-27 for losing)\n|l|☆dauble77\n|player|p2|\n","uploadtime":1788184322,"views":"3","formatid":"gen9championsvgc2026regmbbo3","rating":1141,"private":0,"password":null}