{"id":"gen9championsvgc2026regmb-2674825771","format":"[Gen 9 Champions] VGC 2026 Reg M-B","players":["Tequilsaurus","uioijoim'0i0"],"log":"|j|☆Tequilsaurus\n|j|☆uioijoim'0i0\n|t:|1788414917\n|gametype|doubles\n|player|p1|Tequilsaurus|265|1024\n|player|p2|uioijoim'0i0|cynthia-gen4|1011\n|gen|9\n|tier|[Gen 9 Champions] VGC 2026 Reg M-B\n|rated|\n|rule|Species Clause: Limit one of each Pokémon\n|rule|Item Clause: Limit 1 of each item\n|clearpoke\n|poke|p1|Scrafty, L50, F|\n|poke|p1|Garchomp, L50, F|\n|poke|p1|Slowking-Galar, L50, M|\n|poke|p1|Lucario, L50, F|\n|poke|p1|Sableye, L50, M|\n|poke|p1|Palafin, L50, F|\n|poke|p2|Orthworm, L50, F, shiny|\n|poke|p2|Garchomp, L50, M|\n|poke|p2|Tyranitar, L50, F, shiny|\n|poke|p2|Whimsicott, L50, F, shiny|\n|poke|p2|Rampardos, L50, M, shiny|\n|poke|p2|Krookodile, L50, M|\n|teampreview|4\n|inactive|Battle timer is ON: inactive players will automatically lose when time's up. (requested by uioijoim'0i0)\n|\n|t:|1788414934\n|teamsize|p1|4\n|teamsize|p2|4\n|start\n|switch|p1a: Scrafty|Scrafty, L50, F|100/100\n|switch|p1b: Garchomp|Garchomp, L50, F|100/100\n|switch|p2a: 全中国的蚯蚓我吃过了你吃过吗|Orthworm, L50, F, shiny|100/100\n|switch|p2b: 雷霆4倍弱斗|Tyranitar, L50, F, shiny|100/100\n|-weather|Sandstorm|[from] ability: Sand Stream|[of] p2b: 雷霆4倍弱斗\n|turn|1\n|inactive|uioijoim'0i0 has 30 seconds left.\n|\n|t:|1788414960\n|move|p1b: Garchomp|Stealth Rock|p2a: 全中国的蚯蚓我吃过了你吃过吗\n|-sidestart|p2: uioijoim'0i0|move: Stealth Rock\n|move|p2b: 雷霆4倍弱斗|Earthquake|p1a: Scrafty|[spread] p1a,p1b\n|-immune|p2a: 全中国的蚯蚓我吃过了你吃过吗|[from] ability: Earth Eater\n|-damage|p1a: Scrafty|74/100\n|-damage|p1b: Garchomp|74/100\n|move|p1a: Scrafty|Drain Punch|p2b: 雷霆4倍弱斗\n|-supereffective|p2b: 雷霆4倍弱斗|2\n|-damage|p2b: 雷霆4倍弱斗|1/100\n|-heal|p1a: Scrafty|100/100|[from] drain|[of] p2b: 雷霆4倍弱斗\n|move|p2a: 全中国的蚯蚓我吃过了你吃过吗|Shed Tail|p2a: 全中国的蚯蚓我吃过了你吃过吗\n|-start|p2a: 全中国的蚯蚓我吃过了你吃过吗|Substitute|[from] move: Shed Tail\n|-damage|p2a: 全中国的蚯蚓我吃过了你吃过吗|49/100\n|\n|t:|1788414981\n|switch|p2a: -10|Garchomp, L50, M|100/100|[from] Shed Tail\n|-damage|p2a: -10|93/100|[from] Stealth Rock\n|\n|-weather|Sandstorm|[upkeep]\n|-damage|p1a: Scrafty|93/100|[from] Sandstorm\n|upkeep\n|turn|2\n|inactive|Tequilsaurus has 30 seconds left.\n|inactive|uioijoim'0i0 has 30 seconds left.\n|\n|t:|1788415012\n|detailschange|p2a: -10|Garchomp-Mega, L50, M\n|-mega|p2a: -10|Garchomp|Garchompite\n|move|p1a: Scrafty|Protect|p1a: Scrafty\n|-singleturn|p1a: Scrafty|Protect\n|move|p1b: Garchomp|Draco Meteor|p2a: -10|[miss]\n|-miss|p1b: Garchomp|p2a: -10\n|move|p2a: -10|Dragon Claw|p1b: Garchomp\n|-supereffective|p1b: Garchomp|1\n|-damage|p1b: Garchomp|0 fnt\n|-damage|p2a: -10|81/100|[from] ability: Rough Skin|[of] p1b: Garchomp\n|faint|p1b: Garchomp\n|move|p2b: 雷霆4倍弱斗|Dragon Claw|p1a: Scrafty\n|-activate|p1a: Scrafty|move: Protect\n|\n|-weather|Sandstorm|[upkeep]\n|-damage|p1a: Scrafty|87/100|[from] Sandstorm\n|upkeep\n|\n|t:|1788415029\n|switch|p1b: Lucario|Lucario, L50, F|100/100\n|turn|3\n|\n|t:|1788415054\n|move|p1b: Lucario|Vacuum Wave|p2a: -10\n|-activate|p2a: -10|move: Substitute|[damage]\n|move|p2a: -10|Earthquake|p1a: Scrafty|[spread] p2b,p1a,p1b\n|-supereffective|p2b: 雷霆4倍弱斗|1\n|-supereffective|p1b: Lucario|1\n|-damage|p2b: 雷霆4倍弱斗|0 fnt\n|-damage|p1a: Scrafty|31/100\n|-damage|p1b: Lucario|0 fnt\n|faint|p2b: 雷霆4倍弱斗\n|faint|p1b: Lucario\n|move|p1a: Scrafty|Drain Punch|p2a: -10\n|-end|p2a: -10|Substitute\n|-heal|p1a: Scrafty|32/100|[from] drain|[of] p2a: -10\n|\n|-weather|Sandstorm|[upkeep]\n|-damage|p1a: Scrafty|26/100|[from] Sandstorm\n|upkeep\n|\n|t:|1788415068\n|switch|p1b: Sableye|Sableye, L50, M|100/100\n|switch|p2b: 风妖精是好女孩吗|Whimsicott, L50, F, shiny|100/100\n|-damage|p2b: 风妖精是好女孩吗|88/100|[from] Stealth Rock\n|turn|4\n|\n|t:|1788415084\n|detailschange|p1a: Scrafty|Scrafty-Mega, L50, F\n|-mega|p1a: Scrafty|Scrafty|Scraftinite\n|-ability|p1a: Scrafty|Intimidate|boost\n|-unboost|p2a: -10|atk|1\n|-unboost|p2b: 风妖精是好女孩吗|atk|1\n|move|p2b: 风妖精是好女孩吗|Leech Seed|p1a: Scrafty\n|-hint|Since gen 7, Dark is immune to Prankster moves.\n|-immune|p1a: Scrafty\n|move|p1b: Sableye|Will-O-Wisp|p2a: -10\n|-status|p2a: -10|brn\n|move|p2a: -10|Earthquake|p1a: Scrafty|[spread] p2b,p1a,p1b\n|-resisted|p2b: 风妖精是好女孩吗|1\n|-damage|p2b: 风妖精是好女孩吗|73/100\n|-damage|p1a: Scrafty|8/100\n|-damage|p1b: Sableye|74/100\n|move|p1a: Scrafty|Poison Jab|p2b: 风妖精是好女孩吗\n|-supereffective|p2b: 风妖精是好女孩吗|2\n|-damage|p2b: 风妖精是好女孩吗|0 fnt\n|faint|p2b: 风妖精是好女孩吗\n|\n|-weather|Sandstorm|[upkeep]\n|-damage|p1a: Scrafty|2/100|[from] Sandstorm\n|-damage|p1b: Sableye|68/100|[from] Sandstorm\n|-heal|p1b: Sableye|74/100|[from] item: Leftovers\n|-damage|p2a: -10|75/100 brn|[from] brn\n|upkeep\n|\n|t:|1788415103\n|switch|p2b: 全中国的蚯蚓我吃过了你吃过吗|Orthworm, L50, F, shiny|49/100\n|-damage|p2b: 全中国的蚯蚓我吃过了你吃过吗|43/100|[from] Stealth Rock\n|turn|5\n|\n|t:|1788415114\n|move|p1b: Sableye|Quash|p2a: -10\n|-activate|p2a: -10|move: Quash\n|move|p1a: Scrafty|Drain Punch|p2b: 全中国的蚯蚓我吃过了你吃过吗\n|-supereffective|p2b: 全中国的蚯蚓我吃过了你吃过吗|1\n|-damage|p2b: 全中国的蚯蚓我吃过了你吃过吗|1/100\n|-heal|p1a: Scrafty|25/100|[from] drain|[of] p2b: 全中国的蚯蚓我吃过了你吃过吗\n|move|p2b: 全中国的蚯蚓我吃过了你吃过吗|Iron Defense|p2b: 全中国的蚯蚓我吃过了你吃过吗\n|-boost|p2b: 全中国的蚯蚓我吃过了你吃过吗|def|2\n|move|p2a: -10|Earthquake|p1a: Scrafty|[spread] p1a,p1b\n|-heal|p2b: 全中国的蚯蚓我吃过了你吃过吗|26/100|[from] ability: Earth Eater|[of] p2a: -10\n|-damage|p1a: Scrafty|7/100\n|-damage|p1b: Sableye|45/100\n|\n|-weather|none\n|-heal|p2b: 全中国的蚯蚓我吃过了你吃过吗|32/100|[from] item: Leftovers\n|-heal|p1b: Sableye|50/100g|[from] item: Leftovers\n|-damage|p2a: -10|69/100 brn|[from] brn\n|upkeep\n|turn|6\n|\n|t:|1788415136\n|move|p1b: Sableye|Encore|p2b: 全中国的蚯蚓我吃过了你吃过吗\n|-start|p2b: 全中国的蚯蚓我吃过了你吃过吗|Encore\n|move|p2a: -10|Earthquake|p1a: Scrafty|[spread] p1a,p1b\n|-heal|p2b: 全中国的蚯蚓我吃过了你吃过吗|57/100|[from] ability: Earth Eater|[of] p2a: -10\n|-damage|p1a: Scrafty|0 fnt\n|-damage|p1b: Sableye|28/100\n|faint|p1a: Scrafty\n|move|p2b: 全中国的蚯蚓我吃过了你吃过吗|Iron Defense|p2b: 全中国的蚯蚓我吃过了你吃过吗\n|-boost|p2b: 全中国的蚯蚓我吃过了你吃过吗|def|2\n|\n|-heal|p2b: 全中国的蚯蚓我吃过了你吃过吗|63/100|[from] item: Leftovers\n|-heal|p1b: Sableye|34/100|[from] item: Leftovers\n|-damage|p2a: -10|63/100 brn|[from] brn\n|upkeep\n|turn|7\n|inactive|uioijoim'0i0 has 30 seconds left.\n|\n|t:|1788415161\n|move|p1b: Sableye|Feint|p2a: -10\n|-damage|p2a: -10|59/100 brn\n|move|p2a: -10|Earthquake|p1b: Sableye|[spread] p1b\n|-heal|p2b: 全中国的蚯蚓我吃过了你吃过吗|88/100|[from] ability: Earth Eater|[of] p2a: -10\n|-damage|p1b: Sableye|14/100\n|move|p2b: 全中国的蚯蚓我吃过了你吃过吗|Iron Defense|p2b: 全中国的蚯蚓我吃过了你吃过吗\n|-boost|p2b: 全中国的蚯蚓我吃过了你吃过吗|def|2\n|\n|-heal|p2b: 全中国的蚯蚓我吃过了你吃过吗|94/100|[from] item: Leftovers\n|-heal|p1b: Sableye|20/100y|[from] item: Leftovers\n|-damage|p2a: -10|53/100 brn|[from] brn\n|upkeep\n|turn|8\n|\n|t:|1788415175\n|move|p1b: Sableye|Will-O-Wisp|p2b: 全中国的蚯蚓我吃过了你吃过吗\n|-status|p2b: 全中国的蚯蚓我吃过了你吃过吗|brn\n|move|p2a: -10|Earthquake|p1b: Sableye|[spread] p1b\n|-heal|p2b: 全中国的蚯蚓我吃过了你吃过吗|100/100 brn|[from] ability: Earth Eater|[of] p2a: -10\n|-damage|p1b: Sableye|0 fnt\n|faint|p1b: Sableye\n|\n|win|uioijoim'0i0\n|raw|Tequilsaurus's rating: 1024 &rarr; <strong>1010</strong><br />(-14 for losing)\n|raw|uioijoim&apos;0i0's rating: 1011 &rarr; <strong>1051</strong><br />(+40 for winning)\n|l|☆Tequilsaurus\n|player|p1|\n","uploadtime":1788415202,"views":"2","formatid":"gen9championsvgc2026regmb","rating":1010,"private":0,"password":null}