{"id":"gen9championsvgc2026regmb-2674898983","format":"[Gen 9 Champions] VGC 2026 Reg M-B","players":["rauff","Thornlace48812"],"log":"|j|☆rauff\n|j|☆Thornlace48812\n|t:|1788432023\n|gametype|doubles\n|player|p1|rauff|cynthia|1295\n|player|p2|Thornlace48812|102|1211\n|gen|9\n|tier|[Gen 9 Champions] VGC 2026 Reg M-B\n|rated|\n|rule|Species Clause: Limit one of each Pokémon\n|rule|Item Clause: Limit 1 of each item\n|clearpoke\n|poke|p1|Staraptor, L50, M, shiny|\n|poke|p1|Glimmora, L50, M, shiny|\n|poke|p1|Whimsicott, L50, M, shiny|\n|poke|p1|Kingambit, L50, F, shiny|\n|poke|p1|Garchomp, L50, F, shiny|\n|poke|p1|Delphox, L50, M, shiny|\n|poke|p2|Garchomp, L50, F|\n|poke|p2|Charizard, L50, F|\n|poke|p2|Whimsicott, L50, M|\n|poke|p2|Sylveon, L50, F|\n|poke|p2|Kingambit, L50, F|\n|poke|p2|Basculegion, L50, M|\n|teampreview|4\n|inactive|Battle timer is ON: inactive players will automatically lose when time's up. (requested by Thornlace48812)\nThornlace48812 rejected open team sheets.\n|\n|t:|1788432045\n|teamsize|p1|4\n|teamsize|p2|4\n|start\n|switch|p1a: Glimmora|Glimmora, L50, M, shiny|100/100\n|switch|p1b: Whimsicott|Whimsicott, L50, M, shiny|100/100\n|switch|p2a: Charizard|Charizard, L50, F|100/100\n|switch|p2b: Garchomp|Garchomp, L50, F|100/100\n|turn|1\n|\n|t:|1788432051\n|detailschange|p2a: Charizard|Charizard-Mega-Y, L50, F\n|-mega|p2a: Charizard|Charizard|Charizardite Y\n|-weather|SunnyDay|[from] ability: Drought|[of] p2a: Charizard\n|move|p1b: Whimsicott|Tailwind|p1b: Whimsicott\n|-sidestart|p1: rauff|move: Tailwind\n|move|p1a: Glimmora|Power Gem|p2a: Charizard\n|-supereffective|p2a: Charizard|2\n|-damage|p2a: Charizard|0 fnt\n|faint|p2a: Charizard\n|move|p2b: Garchomp|Earthquake|p1a: Glimmora|[spread] p1a,p1b\n|-supereffective|p1a: Glimmora|2\n|-resisted|p1b: Whimsicott|1\n|-enditem|p1a: Glimmora|Focus Sash\n|-damage|p1a: Glimmora|1/100\n|-damage|p1b: Whimsicott|76/100\n|-activate|p1a: Glimmora|ability: Toxic Debris\n|-sidestart|p2: Thornlace48812|move: Toxic Spikes\n|-damage|p2b: Garchomp|90/100|[from] item: Life Orb\n|\n|-weather|SunnyDay|[upkeep]\n|upkeep\n|\n|t:|1788432052\n|switch|p2a: Sylveon|Sylveon, L50, F|100/100\n|-status|p2a: Sylveon|psn\n|turn|2\n|\n|t:|1788432067\n|move|p2a: Sylveon|Detect|p2a: Sylveon\n|-singleturn|p2a: Sylveon|Protect\n|move|p1b: Whimsicott|Moonblast|p2b: Garchomp\n|-supereffective|p2b: Garchomp|1\n|-damage|p2b: Garchomp|34/100\n|move|p1a: Glimmora|Sludge Bomb|p2a: Sylveon\n|-activate|p2a: Sylveon|move: Protect\n|move|p2b: Garchomp|Dragon Claw|p1a: Glimmora\n|-damage|p1a: Glimmora|0 fnt\n|-activate|p1a: Glimmora|ability: Toxic Debris\n|-sidestart|p2: Thornlace48812|move: Toxic Spikes\n|faint|p1a: Glimmora\n|-damage|p2b: Garchomp|24/100|[from] item: Life Orb\n|\n|-weather|SunnyDay|[upkeep]\n|-damage|p2a: Sylveon|87/100 psn|[from] psn\n|upkeep\n|\n|t:|1788432072\n|switch|p1a: Staraptor|Staraptor, L50, M, shiny|100/100\n|-ability|p1a: Staraptor|Intimidate|boost\n|-unboost|p2a: Sylveon|atk|1\n|-unboost|p2b: Garchomp|atk|1\n|turn|3\n|\n|t:|1788432080\n|detailschange|p1a: Staraptor|Staraptor-Mega, L50, M, shiny\n|-mega|p1a: Staraptor|Staraptor|Staraptite\n|move|p2b: Garchomp|Protect|p2b: Garchomp\n|-singleturn|p2b: Garchomp|Protect\n|move|p1b: Whimsicott|Charm|p1a: Staraptor\n|-boost|p1a: Staraptor|atk|2\n|move|p1a: Staraptor|Close Combat|p2a: Sylveon\n|-resisted|p2a: Sylveon|1\n|-damage|p2a: Sylveon|14/100 psn\n|-boost|p1a: Staraptor|def|1\n|-boost|p1a: Staraptor|spd|1\n|move|p2a: Sylveon|Hyper Voice|p1a: Staraptor|[spread] p1a,p1b\n|-supereffective|p1a: Staraptor|1\n|-damage|p1a: Staraptor|32/100\n|-damage|p1b: Whimsicott|13/100\n|\n|-weather|SunnyDay|[upkeep]\n|-damage|p2a: Sylveon|2/100 psn|[from] psn\n|upkeep\n|turn|4\n|\n|t:|1788432093\n|move|p1b: Whimsicott|Light Screen|p1b: Whimsicott\n|-sidestart|p1: rauff|move: Light Screen\n|move|p1a: Staraptor|Roost|p1a: Staraptor\n|-heal|p1a: Staraptor|83/100\n|-singleturn|p1a: Staraptor|move: Roost\n|move|p2b: Garchomp|Dragon Claw|p1a: Staraptor\n|-damage|p1a: Staraptor|60/100\n|-damage|p2b: Garchomp|14/100|[from] item: Life Orb\n|move|p2a: Sylveon|Hyper Voice|p1b: Whimsicott|[spread] p1a,p1b\n|-supereffective|p1a: Staraptor|1\n|-damage|p1a: Staraptor|20/100y\n|-damage|p1b: Whimsicott|0 fnt\n|faint|p1b: Whimsicott\n|\n|-weather|SunnyDay|[upkeep]\n|-damage|p2a: Sylveon|0 fnt|[from] psn\n|faint|p2a: Sylveon\n|-sideend|p1: rauff|move: Tailwind\n|upkeep\n|\n|t:|1788432102\n|switch|p1b: Garchomp|Garchomp, L50, F, shiny|100/100\n|switch|p2a: Kingambit|Kingambit, L50, F|100/100\n|-activate|p2a: Kingambit|ability: Supreme Overlord\n|-start|p2a: Kingambit|fallen2|[silent]\n|turn|5\n|\n|t:|1788432107\n|move|p1a: Staraptor|Protect|p1a: Staraptor\n|-singleturn|p1a: Staraptor|Protect\n|move|p2a: Kingambit|Sucker Punch||[still]\n|-fail|p2a: Kingambit\n|move|p1b: Garchomp|Earthquake|p2b: Garchomp|[spread] p2a,p2b\n|-activate|p1a: Staraptor|move: Protect\n|-supereffective|p2a: Kingambit|1\n|-damage|p2a: Kingambit|14/100\n|-damage|p2b: Garchomp|0 fnt\n|faint|p2b: Garchomp\n|-damage|p1b: Garchomp|90/100|[from] item: Life Orb\n|\n|-weather|none\n|upkeep\n|turn|6\n|\n|t:|1788432119\n|move|p2a: Kingambit|Sucker Punch|p1b: Garchomp\n|-damage|p1b: Garchomp|24/100\n|-damage|p2a: Kingambit|2/100|[from] ability: Rough Skin|[of] p1b: Garchomp\n|move|p1a: Staraptor|Close Combat|p2a: Kingambit\n|-supereffective|p2a: Kingambit|2\n|-damage|p2a: Kingambit|0 fnt\n|-boost|p1a: Staraptor|def|1\n|-boost|p1a: Staraptor|spd|1\n|faint|p2a: Kingambit\n|-end|p2a: Kingambit|fallen2|[silent]\n|\n|win|rauff\n|raw|rauff's rating: 1295 &rarr; <strong>1318</strong><br />(+23 for winning)\n|raw|Thornlace48812's rating: 1269 &rarr; <strong>1246</strong><br />(-23 for losing)\n","uploadtime":1788432119,"views":"0","formatid":"gen9championsvgc2026regmb","rating":1246,"private":0,"password":null}