{"id":"gen9championsvgc2026regmb-2674391481","format":"[Gen 9 Champions] VGC 2026 Reg M-B","players":["Hat on the cat","vac0"],"log":"|j|☆Hat on the cat\n|j|☆vac0\n|t:|1788353797\n|gametype|doubles\n|player|p1|Hat on the cat|pokefan|1141\n|player|p2|vac0|wallace|1098\n|gen|9\n|tier|[Gen 9 Champions] VGC 2026 Reg M-B\n|rated|\n|rule|Species Clause: Limit one of each Pokémon\n|rule|Item Clause: Limit 1 of each item\n|clearpoke\n|poke|p1|Politoed, L50, F|\n|poke|p1|Raichu, L50, M|\n|poke|p1|Garchomp, L50, M|\n|poke|p1|Sinistcha, L50|\n|poke|p1|Vivillon-Pokeball, L50, M|\n|poke|p1|Basculegion, L50, M|\n|poke|p2|Pelipper, L50, F|\n|poke|p2|Araquanid, L50, F|\n|poke|p2|Sinistcha, L50|\n|poke|p2|Farigiraf, L50, F|\n|poke|p2|Lucario, L50, F|\n|poke|p2|Charizard, L50, M|\n|teampreview|4\n|\n|t:|1788353870\n|teamsize|p1|4\n|teamsize|p2|4\n|start\n|switch|p1a: Buster|Raichu, L50, M|100/100\n|switch|p1b: Friend|Vivillon-Pokeball, L50, M|100/100\n|switch|p2a: Pelipper|Pelipper, L50, F|100/100\n|switch|p2b: Sinistcha|Sinistcha, L50|100/100\n|-weather|RainDance|[from] ability: Drizzle|[of] p2a: Pelipper\n|turn|1\n|\n|t:|1788353887\n|detailschange|p1a: Buster|Raichu-Mega-Y, L50, M\n|-mega|p1a: Buster|Raichu|Raichunite Y\n|move|p1a: Buster|Fake Out|p2a: Pelipper\n|-damage|p2a: Pelipper|91/100\n|move|p2b: Sinistcha|Rage Powder|p2b: Sinistcha\n|-singleturn|p2b: Sinistcha|move: Rage Powder\n|move|p1b: Friend|Tailwind|p1b: Friend\n|-sidestart|p1: Hat on the cat|move: Tailwind\n|cant|p2a: Pelipper|flinch\n|\n|-weather|RainDance|[upkeep]\n|upkeep\n|turn|2\n|\n|t:|1788353903\n|move|p2b: Sinistcha|Rage Powder|p2b: Sinistcha\n|-singleturn|p2b: Sinistcha|move: Rage Powder\n|move|p1a: Buster|Zap Cannon|p2b: Sinistcha\n|-resisted|p2b: Sinistcha|1\n|-damage|p2b: Sinistcha|64/100\n|-status|p2b: Sinistcha|par\n|move|p1b: Friend|Sleep Powder|p2b: Sinistcha\n|-immune|p2b: Sinistcha\n|move|p2a: Pelipper|Tailwind|p2a: Pelipper\n|-sidestart|p2: vac0|move: Tailwind\n|\n|-weather|RainDance|[upkeep]\n|upkeep\n|turn|3\n|\n|t:|1788353920\n|switch|p1a: Prego|Garchomp, L50, M|100/100\n|cant|p2b: Sinistcha|par\n|move|p1b: Friend|Sleep Powder|p2a: Pelipper\n|-status|p2a: Pelipper|slp|[from] move: Sleep Powder\n|cant|p2a: Pelipper|slp\n|\n|-weather|RainDance|[upkeep]\n|upkeep\n|turn|4\n|\n|t:|1788353936\n|move|p1a: Prego|Rock Slide|p2b: Sinistcha|[spread] p2a,p2b\n|-supereffective|p2a: Pelipper|1\n|-damage|p2a: Pelipper|32/100 slp\n|-damage|p2b: Sinistcha|45/100 par\n|-enditem|p2b: Sinistcha|Sitrus Berry|[eat]\n|-heal|p2b: Sinistcha|70/100 par|[from] item: Sitrus Berry\n|-damage|p1a: Prego|90/100|[from] item: Life Orb\n|move|p1b: Friend|Pollen Puff|p2b: Sinistcha\n|-damage|p2b: Sinistcha|39/100 par\n|cant|p2a: Pelipper|slp\n|cant|p2b: Sinistcha|flinch\n|\n|-weather|RainDance|[upkeep]\n|-sideend|p1: Hat on the cat|move: Tailwind\n|upkeep\n|turn|5\n|\n|t:|1788353964\n|-curestatus|p2a: Pelipper|slp|[msg]\n|move|p2a: Pelipper|Hurricane|p1b: Friend\n|-supereffective|p1b: Friend|1\n|-enditem|p1b: Friend|Focus Sash\n|-damage|p1b: Friend|1/100\n|move|p1a: Prego|Rock Slide|p2a: Pelipper|[spread] p2a\n|-miss|p1a: Prego|p2b: Sinistcha\n|-supereffective|p2a: Pelipper|1\n|-damage|p2a: Pelipper|0 fnt\n|faint|p2a: Pelipper\n|-damage|p1a: Prego|80/100|[from] item: Life Orb\n|move|p1b: Friend|Pollen Puff|p2b: Sinistcha\n|-damage|p2b: Sinistcha|7/100 par\n|move|p2b: Sinistcha|Matcha Gotcha|p1b: Friend|[spread] p1a,p1b\n|-resisted|p1b: Friend|2\n|-damage|p1a: Prego|54/100\n|-heal|p2b: Sinistcha|21/100 par|[from] drain|[of] p1a: Prego\n|-damage|p1b: Friend|0 fnt\n|-heal|p2b: Sinistcha|22/100 par|[from] drain|[of] p1b: Friend\n|-status|p1a: Prego|brn\n|faint|p1b: Friend\n|\n|-weather|RainDance|[upkeep]\n|-damage|p1a: Prego|48/100 brn|[from] brn\n|-sideend|p2: vac0|move: Tailwind\n|upkeep\n|c|☆Hat on the cat|god fuckign damnit\n|\n|t:|1788353999\n|switch|p1b: Buster|Raichu-Mega-Y, L50, M|100/100\n|switch|p2a: Charizard|Charizard, L50, M|100/100\n|turn|6\n|\n|t:|1788354011\n|detailschange|p2a: Charizard|Charizard-Mega-X, L50, M\n|-mega|p2a: Charizard|Charizard|Charizardite X\n|move|p1b: Buster|Fake Out|p2a: Charizard\n|-damage|p2a: Charizard|92/100\n|move|p2b: Sinistcha|Rage Powder|p2b: Sinistcha\n|-singleturn|p2b: Sinistcha|move: Rage Powder\n|move|p1a: Prego|Dragon Claw|p2b: Sinistcha\n|-damage|p2b: Sinistcha|1/100 par\n|-damage|p1a: Prego|38/100 brn|[from] item: Life Orb\n|cant|p2a: Charizard|flinch\n|\n|-weather|RainDance|[upkeep]\n|-damage|p1a: Prego|32/100 brn|[from] brn\n|upkeep\n|turn|7\n|\n|t:|1788354036\n|move|p1b: Buster|Protect|p1b: Buster\n|-singleturn|p1b: Buster|Protect\n|cant|p2b: Sinistcha|par\n|move|p1a: Prego|Rock Slide|p2a: Charizard|[spread] p2a,p2b\n|-supereffective|p2a: Charizard|1\n|-damage|p2a: Charizard|69/100\n|-damage|p2b: Sinistcha|0 fnt\n|faint|p2b: Sinistcha\n|-damage|p1a: Prego|22/100 brn|[from] item: Life Orb\n|move|p2a: Charizard|Dragon Claw|p1a: Prego\n|-supereffective|p1a: Prego|1\n|-damage|p1a: Prego|0 fnt\n|-damage|p2a: Charizard|57/100|[from] ability: Rough Skin|[of] p1a: Prego\n|faint|p1a: Prego\n|\n|-weather|RainDance|[upkeep]\n|upkeep\n|\n|t:|1788354055\n|switch|p1a: Musky|Basculegion, L50, M|100/100\n|switch|p2b: Araquanid|Araquanid, L50, F|100/100\n|turn|8\n|\n|t:|1788354066\n|move|p1b: Buster|Zap Cannon|p2b: Araquanid\n|-supereffective|p2b: Araquanid|1\n|-crit|p2b: Araquanid\n|-damage|p2b: Araquanid|0 fnt\n|faint|p2b: Araquanid\n|move|p2a: Charizard|Dragon Claw|p1a: Musky\n|-damage|p1a: Musky|29/100\n|move|p1a: Musky|Last Respects|p2a: Charizard\n|-damage|p2a: Charizard|0 fnt\n|faint|p2a: Charizard\n|\n|win|Hat on the cat\n","uploadtime":1788353981,"views":"0","formatid":"gen9championsvgc2026regmb","rating":null,"private":0,"password":null}