{"id":"gen9championsvgc2026regmbbo3-2674714728","format":"[Gen 9 Champions] VGC 2026 Reg M-B (Bo3)","players":["B0chii!","Millie Jean"],"log":"|j|☆B0chii!\n|j|‽Millie Jean\n|html|<table width=\"100%\"><tr><td align=\"left\">B0chii!</td><td align=\"right\">Millie Jean</tr><tr><td align=\"left\"><i class=\"fa fa-circle\"></i> <i class=\"fa fa-circle-o\"></i> </td><td align=\"right\"><i class=\"fa fa-circle-o\"></i> <i class=\"fa fa-circle-o\"></i> </tr></table>\n|uhtml|bestof|<h2><strong>Game 2</strong> of <a href=\"/game-bestof3-gen9championsvgc2026regmbbo3-2674711775\">a best-of-3</a></h2>\n|t:|1788394813\n|gametype|doubles\n|player|p1|B0chii!|skierf|1068\n|player|p2|Millie Jean|hilda-wonderlauncher|1031\n|gen|9\n|tier|[Gen 9 Champions] VGC 2026 Reg M-B (Bo3)\n|rated|\n|rule|Species Clause: Limit one of each Pokémon\n|rule|Item Clause: Limit 1 of each item\n|clearpoke\n|poke|p1|Dragonite, L50, M, shiny|\n|poke|p1|Basculegion, L50, M, shiny|\n|poke|p1|Sylveon, L50, M, shiny|\n|poke|p1|Sneasler, L50, M|\n|poke|p1|Garchomp, L50, F|\n|poke|p1|Froslass, L50, F|\n|poke|p2|Dragalge, L50, M, shiny|\n|poke|p2|Sinistcha, L50|\n|poke|p2|Toxapex, L50, F|\n|poke|p2|Charizard, L50, M|\n|poke|p2|Incineroar, L50, M|\n|poke|p2|Whimsicott, L50, F|\n|teampreview|4\n|showteam|p1|Dragonite||Dragoninite|Multiscale|DragonPulse,Thunderbolt,Protect,HeatWave|Modest||M|||50|]Basculegion||LifeOrb|Adaptability|AquaJet,Protect,LastRespects,WaveCrash|Adamant||M|||50|]Sylveon||FairyFeather|Pixilate|HyperVoice,Protect,QuickAttack,HyperBeam|Modest||M|||50|]Sneasler||FocusSash|Unburden|FakeOut,CloseCombat,DireClaw,Uturn|Jolly||M|||50|]Garchomp||ChoiceScarf|RoughSkin|StompingTantrum,DragonClaw,RockSlide,PoisonJab|Adamant||F|||50|]Froslass||Froslassite|CursedBody|AuroraVeil,Blizzard,Protect,ShadowBall|Timid||F|||50|\n|showteam|p2|Dragalge||Dragalgite|Adaptability|Protect,DragonPulse,SludgeBomb,Thunderbolt|Quiet||M|||50|]Sinistcha||ColburBerry|Hospitality|RagePowder,MatchaGotcha,LifeDew,TrickRoom|Bold|||||50|]Toxapex||Leftovers|Regenerator|BanefulBunker,Toxic,Infestation,WideGuard|Bold||F|||50|]Charizard||CharizarditeY|SolarPower|Protect,AncientPower,HeatWave,SolarBeam|Modest||M|||50|]Incineroar||SitrusBerry|Intimidate|FakeOut,PartingShot,Snarl,FlareBlitz|Careful||M|||50|]Whimsicott||FocusSash|Prankster|Tailwind,FakeTears,HelpingHand,Moonblast|Timid||F|||50|\n|inactive|Battle timer is ON: inactive players will automatically lose when time's up. (requested by Millie Jean)\n|inactive|B0chii! has 60 seconds left.\n|inactive|Millie Jean has 60 seconds left.\n|\n|t:|1788394855\n|teamsize|p1|4\n|teamsize|p2|4\n|start\n|switch|p1a: Froslass|Froslass, L50, F|100/100\n|switch|p1b: Sneasler|Sneasler, L50, M|100/100\n|switch|p2a: Sinistcha|Sinistcha, L50|100/100\n|switch|p2b: Incineroar|Incineroar, L50, M|100/100\n|-ability|p2b: Incineroar|Intimidate|boost\n|-unboost|p1a: Froslass|atk|1\n|-unboost|p1b: Sneasler|atk|1\n|turn|1\n|inactive|Millie Jean has 30 seconds left.\n|\n|t:|1788394881\n|detailschange|p1a: Froslass|Froslass-Mega, L50, F\n|-mega|p1a: Froslass|Froslass|Froslassite\n|-weather|Snowscape|[from] ability: Snow Warning|[of] p1a: Froslass\n|move|p1b: Sneasler|Fake Out|p2b: Incineroar\n|-damage|p2b: Incineroar|91/100\n|move|p1a: Froslass|Aurora Veil|p1a: Froslass\n|-sidestart|p1: B0chii!|move: Aurora Veil\n|cant|p2b: Incineroar|flinch\n|move|p2a: Sinistcha|Trick Room|p2a: Sinistcha\n|-fieldstart|move: Trick Room|[of] p2a: Sinistcha\n|\n|-weather|Snowscape|[upkeep]\n|upkeep\n|turn|2\n|\n|t:|1788394905\n|switch|p1b: Garchomp|Garchomp, L50, F|100/100\n|move|p2a: Sinistcha|Rage Powder|p2a: Sinistcha\n|-singleturn|p2a: Sinistcha|move: Rage Powder\n|move|p2b: Incineroar|Snarl|p1b: Garchomp|[spread] p1a,p1b\n|-supereffective|p1a: Froslass|1\n|-damage|p1a: Froslass|82/100\n|-damage|p1b: Garchomp|92/100\n|-unboost|p1a: Froslass|spa|1\n|-unboost|p1b: Garchomp|spa|1\n|move|p1a: Froslass|Blizzard|p2b: Incineroar|[spread] p2a,p2b\n|-supereffective|p2a: Sinistcha|1\n|-resisted|p2b: Incineroar|1\n|-damage|p2a: Sinistcha|41/100\n|-damage|p2b: Incineroar|80/100\n|-status|p2a: Sinistcha|frz\n|-status|p2b: Incineroar|frz\n|\n|-weather|Snowscape|[upkeep]\n|upkeep\n|turn|3\n|c|☆B0chii!|LOLL\n|inactive|B0chii! has 30 seconds left.\n|inactive|B0chii! has 20 seconds left.\n|inactive|B0chii! has 15 seconds left.\n|inactive|Millie Jean has 30 seconds left.\n|\n|t:|1788394948\n|switch|p2a: Toxapex|Toxapex, L50, F|100/100\n|switch|p1a: Basculegion|Basculegion, L50, M, shiny|100/100\n|-curestatus|p2b: Incineroar|frz|[from] move: Flare Blitz\n|move|p2b: Incineroar|Flare Blitz|p1a: Basculegion\n|-resisted|p1a: Basculegion|1\n|-damage|p1a: Basculegion|82/100\n|-damage|p2b: Incineroar|74/100|[from] Recoil\n|move|p1b: Garchomp|Rock Slide|p2a: Toxapex|[spread] p2a,p2b\n|-supereffective|p2b: Incineroar|1\n|-damage|p2a: Toxapex|84/100\n|-damage|p2b: Incineroar|34/100\n|-enditem|p2b: Incineroar|Sitrus Berry|[eat]\n|-heal|p2b: Incineroar|59/100|[from] item: Sitrus Berry\n|\n|-weather|Snowscape|[upkeep]\n|-heal|p2a: Toxapex|90/100|[from] item: Leftovers\n|upkeep\n|turn|4\n|inactive|B0chii! has 30 seconds left.\n|inactive|Millie Jean has 30 seconds left.\n|inactive|B0chii! has 20 seconds left.\n|\n|t:|1788394986\n|move|p2a: Toxapex|Toxic|p1b: Garchomp\n|-status|p1b: Garchomp|tox\n|move|p2b: Incineroar|Parting Shot|p1a: Basculegion\n|-unboost|p1a: Basculegion|atk|1\n|-unboost|p1a: Basculegion|spa|1\n|\n|t:|1788394992\n|switch|p2b: Sinistcha|Sinistcha, L50|41/100 frz|[from] Parting Shot\n|-heal|p2a: Toxapex|100/100|[from] ability: Hospitality|[of] p2b: Sinistcha\n|move|p1a: Basculegion|Last Respects|p2a: Toxapex\n|-crit|p2a: Toxapex\n|-damage|p2a: Toxapex|55/100\n|-damage|p1a: Basculegion|73/100|[from] item: Life Orb\n|move|p1b: Garchomp|Rock Slide|p2b: Sinistcha|[spread] p2a,p2b\n|-damage|p2a: Toxapex|40/100\n|-damage|p2b: Sinistcha|25/100 frz\n|\n|-weather|Snowscape|[upkeep]\n|-heal|p2a: Toxapex|45/100|[from] item: Leftovers\n|-damage|p1b: Garchomp|86/100 tox|[from] psn\n|upkeep\n|turn|5\n|inactive|Millie Jean has 30 seconds left.\n|\n|t:|1788395017\n|move|p2a: Toxapex|Infestation|p1b: Garchomp\n|-damage|p1b: Garchomp|83/100 tox\n|-activate|p1b: Garchomp|move: Infestation|[of] p2a: Toxapex\n|-damage|p2a: Toxapex|33/100|[from] ability: Rough Skin|[of] p1b: Garchomp\n|-curestatus|p2b: Sinistcha|frz|[from] move: Matcha Gotcha\n|move|p2b: Sinistcha|Matcha Gotcha|p1b: Garchomp|[spread] p1a,p1b\n|-supereffective|p1a: Basculegion|1\n|-damage|p1a: Basculegion|40/100\n|-heal|p2b: Sinistcha|45/100|[from] drain|[of] p1a: Basculegion\n|-damage|p1b: Garchomp|65/100 tox\n|-heal|p2b: Sinistcha|55/100|[from] drain|[of] p1b: Garchomp\n|-status|p1a: Basculegion|brn\n|move|p1a: Basculegion|Wave Crash|p2a: Toxapex\n|-resisted|p2a: Toxapex|1\n|-damage|p2a: Toxapex|22/100\n|-damage|p1a: Basculegion|38/100 brn|[from] Recoil\n|-damage|p1a: Basculegion|28/100 brn|[from] item: Life Orb\n|move|p1b: Garchomp|Rock Slide|p2a: Toxapex|[spread] p2a,p2b\n|-damage|p2a: Toxapex|7/100\n|-damage|p2b: Sinistcha|38/100\n|\n|-weather|none\n|-heal|p2a: Toxapex|12/100|[from] item: Leftovers\n|-damage|p1b: Garchomp|54/100 tox|[from] psn\n|-damage|p1a: Basculegion|22/100 brn|[from] brn\n|-damage|p1b: Garchomp|42/100 tox|[from] move: Infestation|[partiallytrapped]\n|-sideend|p1: B0chii!|move: Aurora Veil\n|-fieldend|move: Trick Room\n|upkeep\n|turn|6\n|inactive|B0chii! has 30 seconds left.\n|inactive|Millie Jean has 30 seconds left.\n|\n|t:|1788395049\n|-heal|p2a: Toxapex|45/100|[from] ability: Regenerator|[silent]\n|switch|p2a: Incineroar|Incineroar, L50, M|59/100\n|-ability|p2a: Incineroar|Intimidate|boost\n|-unboost|p1a: Basculegion|atk|1\n|-unboost|p1b: Garchomp|atk|1\n|move|p1a: Basculegion|Aqua Jet|p2a: Incineroar\n|-supereffective|p2a: Incineroar|1\n|-damage|p2a: Incineroar|42/100\n|-damage|p1a: Basculegion|12/100 brn|[from] item: Life Orb\n|move|p1b: Garchomp|Rock Slide|p2a: Incineroar|[spread] p2a,p2b\n|-supereffective|p2a: Incineroar|1\n|-damage|p2a: Incineroar|14/100\n|-damage|p2b: Sinistcha|27/100\n|cant|p2b: Sinistcha|flinch\n|\n|-damage|p1b: Garchomp|24/100 tox|[from] psn\n|-damage|p1a: Basculegion|6/100 brn|[from] brn\n|-end|p1b: Garchomp|Infestation|[partiallytrapped]|[silent]\n|upkeep\n|turn|7\n|inactive|Millie Jean has 30 seconds left.\n|\n|t:|1788395075\n|move|p2a: Incineroar|Fake Out|p1b: Garchomp\n|-damage|p1b: Garchomp|16/100 tox\n|-damage|p2a: Incineroar|2/100|[from] ability: Rough Skin|[of] p1b: Garchomp\n|move|p1a: Basculegion|Aqua Jet|p2a: Incineroar\n|-supereffective|p2a: Incineroar|1\n|-damage|p2a: Incineroar|0 fnt\n|faint|p2a: Incineroar\n|-damage|p1a: Basculegion|0 fnt|[from] item: Life Orb\n|faint|p1a: Basculegion\n|cant|p1b: Garchomp|flinch\n|move|p2b: Sinistcha|Trick Room|p2b: Sinistcha\n|-fieldstart|move: Trick Room|[of] p2b: Sinistcha\n|\n|-damage|p1b: Garchomp|0 fnt|[from] psn\n|faint|p1b: Garchomp\n|upkeep\n|\n|t:|1788395091\n|switch|p2a: Toxapex|Toxapex, L50, F|45/100\n|switch|p1a: Sneasler|Sneasler, L50, M|100/100\n|switch|p1b: Froslass|Froslass-Mega, L50, F|82/100\n|-weather|Snowscape|[from] ability: Snow Warning|[of] p1b: Froslass\n|turn|8\n|\n|t:|1788395112\n|move|p1a: Sneasler|Fake Out|p2a: Toxapex\n|-damage|p2a: Toxapex|35/100\n|cant|p2a: Toxapex|flinch\n|move|p2b: Sinistcha|Life Dew|p2b: Sinistcha|[spread] p2a,p2b\n|-heal|p2a: Toxapex|60/100\n|-heal|p2b: Sinistcha|52/100\n|move|p1b: Froslass|Aurora Veil|p1b: Froslass\n|-sidestart|p1: B0chii!|move: Aurora Veil\n|\n|-weather|Snowscape|[upkeep]\n|-heal|p2a: Toxapex|66/100|[from] item: Leftovers\n|upkeep\n|turn|9\n|\n|t:|1788395133\n|move|p2a: Toxapex|Infestation|p1a: Sneasler\n|-resisted|p1a: Sneasler|2\n|-damage|p1a: Sneasler|99/100\n|-activate|p1a: Sneasler|move: Infestation|[of] p2a: Toxapex\n|move|p2b: Sinistcha|Life Dew|p2b: Sinistcha|[spread] p2a,p2b\n|-heal|p2a: Toxapex|91/100\n|-heal|p2b: Sinistcha|78/100\n|move|p1b: Froslass|Blizzard|p2b: Sinistcha|[spread] p2a,p2b\n|-resisted|p2a: Toxapex|1\n|-supereffective|p2b: Sinistcha|1\n|-damage|p2a: Toxapex|73/100\n|-damage|p2b: Sinistcha|0 fnt\n|faint|p2b: Sinistcha\n|move|p1a: Sneasler|Dire Claw|p2a: Toxapex\n|-resisted|p2a: Toxapex|1\n|-damage|p2a: Toxapex|60/100\n|\n|-weather|Snowscape|[upkeep]\n|-heal|p2a: Toxapex|66/100|[from] item: Leftovers\n|-damage|p1a: Sneasler|87/100|[from] move: Infestation|[partiallytrapped]\n|upkeep\n|\n|t:|1788395149\n|switch|p2b: Charizard|Charizard, L50, M|100/100\n|turn|10\n|\n|t:|1788395160\n|detailschange|p2b: Charizard|Charizard-Mega-Y, L50, M\n|-mega|p2b: Charizard|Charizard|Charizardite Y\n|-weather|SunnyDay|[from] ability: Drought|[of] p2b: Charizard\n|move|p2a: Toxapex|Toxic|p1b: Froslass\n|-status|p1b: Froslass|tox\n|move|p2b: Charizard|Heat Wave|p1b: Froslass|[spread] p1a,p1b\n|-supereffective|p1b: Froslass|1\n|-damage|p1a: Sneasler|24/100\n|-damage|p1b: Froslass|0 fnt\n|faint|p1b: Froslass\n|move|p1a: Sneasler|Dire Claw|p2b: Charizard\n|-damage|p2b: Charizard|37/100\n|\n|-weather|SunnyDay|[upkeep]\n|-heal|p2a: Toxapex|71/100|[from] item: Leftovers\n|-damage|p1a: Sneasler|12/100|[from] move: Infestation|[partiallytrapped]\n|upkeep\n|turn|11\n|\n|t:|1788395179\n|move|p2a: Toxapex|Infestation|p1a: Sneasler\n|-resisted|p1a: Sneasler|2\n|-damage|p1a: Sneasler|12/100\n|move|p2b: Charizard|Ancient Power|p1a: Sneasler\n|-resisted|p1a: Sneasler|1\n|-damage|p1a: Sneasler|0 fnt\n|faint|p1a: Sneasler\n|\n|win|Millie Jean\n||B0chii! is ready for game 3.\n|inactive|Millie Jean has 30 seconds to confirm battle start!\n","uploadtime":1788395190,"views":"4","formatid":"gen9championsvgc2026regmbbo3","rating":null,"private":0,"password":null}