{"id":"gen9championsvgc2026regmb-2674626223","format":"[Gen 9 Champions] VGC 2026 Reg M-B","players":["Super Memeio","gonegeb"],"log":"|j|☆Super Memeio\n|j|☆gonegeb\n|t:|1788381935\n|gametype|doubles\n|player|p1|Super Memeio|265|1349\n|player|p2|gonegeb|corbeau|1315\n|gen|9\n|tier|[Gen 9 Champions] VGC 2026 Reg M-B\n|rated|\n|rule|Species Clause: Limit one of each Pokémon\n|rule|Item Clause: Limit 1 of each item\n|clearpoke\n|poke|p1|Scovillain, L50, M|\n|poke|p1|Bellibolt, L50, M|\n|poke|p1|Garchomp, L50, F|\n|poke|p1|Sylveon, L50, F|\n|poke|p1|Jolteon, L50, M|\n|poke|p1|Pangoro, L50, M|\n|poke|p2|Lucario, L50, M|\n|poke|p2|Umbreon, L50, M, shiny|\n|poke|p2|Arcanine-Hisui, L50, M, shiny|\n|poke|p2|Ceruledge, L50, M|\n|poke|p2|Corviknight, L50, M|\n|poke|p2|Whimsicott, L50, F, shiny|\n|teampreview|4\n|\n|t:|1788381997\n|teamsize|p1|4\n|teamsize|p2|4\n|start\n|switch|p1a: Jolteon|Jolteon, L50, M|100/100\n|switch|p1b: Scovillain|Scovillain, L50, M|100/100\n|switch|p2a: Lucario|Lucario, L50, M|100/100\n|switch|p2b: Whimsicott|Whimsicott, L50, F, shiny|100/100\n|turn|1\n|\n|t:|1788382071\n|switch|p2a: Ceruledge|Ceruledge, L50, M|100/100\n|detailschange|p1b: Scovillain|Scovillain-Mega, L50, M\n|-mega|p1b: Scovillain|Scovillain|Scovillainite\n|move|p2b: Whimsicott|Tailwind|p2b: Whimsicott\n|-sidestart|p2: gonegeb|move: Tailwind\n|move|p1a: Jolteon|Volt Switch|p2a: Ceruledge\n|-damage|p2a: Ceruledge|76/100\n|\n|t:|1788382078\n|switch|p1a: Bellibolt|Bellibolt, L50, M|100/100|[from] Volt Switch\n|move|p1b: Scovillain|Flamethrower|p2a: Ceruledge\n|-start|p2a: Ceruledge|ability: Flash Fire\n|\n|upkeep\n|turn|2\n|\n|t:|1788382099\n|move|p2b: Whimsicott|Taunt|p1b: Scovillain\n|-start|p1b: Scovillain|move: Taunt\n|move|p2a: Ceruledge|Swords Dance|p2a: Ceruledge\n|-boost|p2a: Ceruledge|atk|2\n|move|p1b: Scovillain|Flamethrower|p2b: Whimsicott\n|-supereffective|p2b: Whimsicott|1\n|-damage|p2b: Whimsicott|0 fnt\n|faint|p2b: Whimsicott\n|move|p1a: Bellibolt|Parabolic Charge|p2a: Ceruledge|[spread] p1b,p2a\n|-resisted|p1b: Scovillain|1\n|-damage|p1b: Scovillain|91/100\n|-damage|p2a: Ceruledge|59/100\n|-status|p1a: Bellibolt|brn|[from] ability: Spicy Spray|[of] p1b: Scovillain\n|\n|-damage|p1a: Bellibolt|93/100 brn|[from] brn\n|upkeep\n|\n|t:|1788382125\n|switch|p2b: Lucario|Lucario, L50, M|100/100\n|turn|3\n|\n|t:|1788382131\n|detailschange|p2b: Lucario|Lucario-Mega, L50, M\n|-mega|p2b: Lucario|Lucario|Lucarionite\n|move|p2b: Lucario|Detect|p2b: Lucario\n|-singleturn|p2b: Lucario|Protect\n|move|p2a: Ceruledge|Bitter Blade|p1b: Scovillain\n|-damage|p1b: Scovillain|0 fnt\n|-heal|p2a: Ceruledge|100/100|[from] drain|[of] p1b: Scovillain\n|faint|p1b: Scovillain\n|move|p1a: Bellibolt|Parabolic Charge|p2a: Ceruledge|[spread] p2a\n|-activate|p2b: Lucario|move: Protect\n|-damage|p2a: Ceruledge|83/100\n|-heal|p1a: Bellibolt|100/100 brn|[from] drain|[of] p2a: Ceruledge\n|\n|-damage|p1a: Bellibolt|93/100 brn|[from] brn\n|upkeep\n|\n|t:|1788382137\n|switch|p1b: Jolteon|Jolteon, L50, M|100/100\n|turn|4\n|\n|t:|1788382151\n|move|p2b: Lucario|Close Combat|p1b: Jolteon\n|-enditem|p1b: Jolteon|Focus Sash\n|-damage|p1b: Jolteon|1/100\n|-unboost|p2b: Lucario|def|1\n|-unboost|p2b: Lucario|spd|1\n|move|p2a: Ceruledge|Bitter Blade|p1a: Bellibolt\n|-damage|p1a: Bellibolt|0 fnt\n|-heal|p2a: Ceruledge|100/100|[from] drain|[of] p1a: Bellibolt\n|faint|p1a: Bellibolt\n|move|p1b: Jolteon|Discharge|p2b: Lucario|[spread] p2a,p2b\n|-damage|p2a: Ceruledge|80/100\n|-damage|p2b: Lucario|28/100\n|-status|p2a: Ceruledge|par\n|-status|p2b: Lucario|par\n|\n|-sideend|p2: gonegeb|move: Tailwind\n|upkeep\n|l|☆Super Memeio\n|player|p1|\n|j|☆Super Memeio\n|player|p1|Super Memeio|265|\n|\n|t:|1788382181\n|switch|p1a: Garchomp|Garchomp, L50, F|100/100\n|turn|5\n|l|☆Super Memeio\n|player|p1|\n|j|☆Super Memeio\n|player|p1|Super Memeio|265|\n|\n|t:|1788382213\n|switch|p2b: Corviknight|Corviknight, L50, M|100/100\n|cant|p2a: Ceruledge|par\n|move|p1a: Garchomp|Earthquake|p2b: Corviknight|[spread] p1b,p2a\n|-immune|p2b: Corviknight\n|-supereffective|p1b: Jolteon|1\n|-supereffective|p2a: Ceruledge|1\n|-damage|p1b: Jolteon|0 fnt\n|-damage|p2a: Ceruledge|0 fnt\n|faint|p1b: Jolteon\n|faint|p2a: Ceruledge\n|\n|upkeep\n|-message|Super Memeio forfeited.\n|\n|win|gonegeb\n|raw|Super Memeio's rating: 1349 &rarr; <strong>1327</strong><br />(-22 for losing)\n|raw|gonegeb's rating: 1315 &rarr; <strong>1337</strong><br />(+22 for winning)\n|l|☆Super Memeio\n|player|p1|\n","uploadtime":1788382237,"views":"2","formatid":"gen9championsvgc2026regmb","rating":1327,"private":0,"password":null}