{"id":"gen9championsvgc2026regmbbo3-2673376588","format":"[Gen 9 Champions] VGC 2026 Reg M-B (Bo3)","players":["GlitchXDGOAT","humania1"],"log":"|j|☆GlitchXDGOAT\n|j|☆humania1\n|html|<table width=\"100%\"><tr><td align=\"left\">GlitchXDGOAT</td><td align=\"right\">humania1</tr><tr><td align=\"left\"><i class=\"fa fa-circle-o\"></i> <i class=\"fa fa-circle-o\"></i> </td><td align=\"right\"><i class=\"fa fa-circle-o\"></i> <i class=\"fa fa-circle\"></i> </tr></table>\n|uhtml|bestof|<h2><strong>Game 2</strong> of <a href=\"/game-bestof3-gen9championsvgc2026regmbbo3-2673375779\">a best-of-3</a></h2>\n|t:|1788190249\n|gametype|doubles\n|player|p1|GlitchXDGOAT|169|1186\n|player|p2|humania1|170|1094\n|gen|9\n|tier|[Gen 9 Champions] VGC 2026 Reg M-B (Bo3)\n|rated|\n|rule|Species Clause: Limit one of each Pokémon\n|rule|Item Clause: Limit 1 of each item\n|clearpoke\n|poke|p1|Annihilape, L50, F|\n|poke|p1|Incineroar, L50, F|\n|poke|p1|Basculegion, L50, M|\n|poke|p1|Glimmora, L50, F|\n|poke|p1|Raichu, L50, M|\n|poke|p1|Floette-Eternal, L50, F|\n|poke|p2|Blastoise, L50, M|\n|poke|p2|Delphox, L50, M, shiny|\n|poke|p2|Incineroar, L50, M|\n|poke|p2|Sinistcha, L50|\n|poke|p2|Sneasler, L50, M|\n|poke|p2|Vivillon, L50, M|\n|teampreview|4\n|showteam|p1|Annihilape||ChoiceScarf|Defiant|CloseCombat,IcePunch,PoisonJab,RockTomb|Jolly||F|||50|]Incineroar||SitrusBerry|Intimidate|FakeOut,FlareBlitz,ThroatChop,PartingShot|Sassy||F|||50|]Basculegion||LifeOrb|Adaptability|WaveCrash,LastRespects,Protect,AquaJet|Jolly||M|||50|]Glimmora||FocusSash|ToxicDebris|SpikyShield,PowerGem,SludgeBomb,EarthPower|Timid||F|||50|]Raichu||RaichuniteY|LightningRod|FakeOut,ZapCannon,FocusBlast,Protect|Timid||M|||50|]Floette-Eternal||Floettite|FlowerVeil|Moonblast,DazzlingGleam,CalmMind,Protect|Timid||F|||50|\n|showteam|p2|Blastoise||Blastoisinite|Torrent|Protect,ShellSmash,WaterSpout,DarkPulse|Modest||M|||50|]Delphox||Delphoxite|Blaze|Protect,HeatWave,Psyshock,NastyPlot|Timid||M|||50|]Incineroar||PasshoBerry|Intimidate|FakeOut,PartingShot,FlareBlitz,ThroatChop|Impish||M|||50|]Sinistcha||SitrusBerry|Hospitality|Protect,MatchaGotcha,TrickRoom,RagePowder|Bold|||||50|]Sneasler||FocusSash|PoisonTouch|QuickGuard,FakeOut,CloseCombat,DireClaw|Jolly||M|||50|]Vivillon||ChoiceScarf|CompoundEyes|Hurricane,SleepPowder,RagePowder,Uturn|Timid||M|||50|\n|inactive|Battle timer is ON: inactive players will automatically lose when time's up. (requested by humania1)\n|inactive|GlitchXDGOAT also wants the timer to be on.\n|\n|t:|1788190269\n|teamsize|p1|4\n|teamsize|p2|4\n|start\n|switch|p1a: Annihilape|Annihilape, L50, F|100/100\n|switch|p1b: Raichu|Raichu, L50, M|100/100\n|switch|p2a: Blastoise|Blastoise, L50, M|100/100\n|switch|p2b: Incineroar|Incineroar, L50, M|100/100\n|-ability|p2b: Incineroar|Intimidate|boost\n|-unboost|p1a: Annihilape|atk|1\n|-ability|p1a: Annihilape|Defiant|boost\n|-boost|p1a: Annihilape|atk|2\n|-unboost|p1b: Raichu|atk|1\n|turn|1\n|\n|t:|1788190280\n|detailschange|p1b: Raichu|Raichu-Mega-Y, L50, M\n|-mega|p1b: Raichu|Raichu|Raichunite Y\n|move|p2a: Blastoise|Protect|p2a: Blastoise\n|-singleturn|p2a: Blastoise|Protect\n|move|p1b: Raichu|Fake Out|p2b: Incineroar\n|-damage|p2b: Incineroar|95/100\n|move|p1a: Annihilape|Close Combat|p2a: Blastoise\n|-activate|p2a: Blastoise|move: Protect\n|cant|p2b: Incineroar|flinch\n|\n|upkeep\n|turn|2\n|\n|t:|1788190293\n|detailschange|p2a: Blastoise|Blastoise-Mega, L50, M\n|-mega|p2a: Blastoise|Blastoise|Blastoisinite\n|move|p1a: Annihilape|Close Combat|p2b: Incineroar\n|-supereffective|p2b: Incineroar|1\n|-damage|p2b: Incineroar|0 fnt\n|-unboost|p1a: Annihilape|def|1\n|-unboost|p1a: Annihilape|spd|1\n|faint|p2b: Incineroar\n|move|p1b: Raichu|Zap Cannon|p2a: Blastoise\n|-supereffective|p2a: Blastoise|1\n|-damage|p2a: Blastoise|0 fnt\n|faint|p2a: Blastoise\n|\n|upkeep\n|\n|t:|1788190293\n|switch|p2a: Delphox|Delphox, L50, M, shiny|100/100\n|switch|p2b: Sinistcha|Sinistcha, L50|100/100\n|turn|3\n|j| nosehabladebruno\n|\n|t:|1788190306\n|switch|p1a: Glimmora|Glimmora, L50, F|100/100\n|move|p2b: Sinistcha|Protect|p2b: Sinistcha\n|-singleturn|p2b: Sinistcha|Protect\n|move|p1b: Raichu|Zap Cannon|p2a: Delphox\n|-damage|p2a: Delphox|30/100\n|-status|p2a: Delphox|par\n|cant|p2a: Delphox|par\n|\n|upkeep\n|turn|4\n|\n|t:|1788190319\n|move|p2a: Delphox|Protect|p2a: Delphox\n|-singleturn|p2a: Delphox|Protect\n|move|p1b: Raichu|Zap Cannon|p2b: Sinistcha\n|-resisted|p2b: Sinistcha|1\n|-damage|p2b: Sinistcha|69/100\n|-status|p2b: Sinistcha|par\n|move|p1a: Glimmora|Power Gem|p2a: Delphox\n|-activate|p2a: Delphox|move: Protect\n|cant|p2b: Sinistcha|par\n|\n|upkeep\n|turn|5\n|\n|t:|1788190332\n|move|p1b: Raichu|Zap Cannon|p2b: Sinistcha\n|-resisted|p2b: Sinistcha|1\n|-damage|p2b: Sinistcha|39/100 par\n|-enditem|p2b: Sinistcha|Sitrus Berry|[eat]\n|-heal|p2b: Sinistcha|64/100 par|[from] item: Sitrus Berry\n|move|p1a: Glimmora|Power Gem|p2a: Delphox\n|-supereffective|p2a: Delphox|1\n|-damage|p2a: Delphox|0 fnt\n|faint|p2a: Delphox\n|move|p2b: Sinistcha|Trick Room|p2b: Sinistcha\n|-fieldstart|move: Trick Room|[of] p2b: Sinistcha\n|\n|upkeep\n|turn|6\n|\n|t:|1788190345\n|move|p2b: Sinistcha|Matcha Gotcha|p1a: Glimmora|[spread] p1a,p1b\n|-damage|p1a: Glimmora|67/100\n|-heal|p2b: Sinistcha|79/100 par|[from] drain|[of] p1a: Glimmora\n|-damage|p1b: Raichu|67/100\n|-heal|p2b: Sinistcha|94/100 par|[from] drain|[of] p1b: Raichu\n|move|p1a: Glimmora|Sludge Bomb|p2b: Sinistcha\n|-damage|p2b: Sinistcha|48/100 par\n|move|p1b: Raichu|Zap Cannon|p2b: Sinistcha\n|-resisted|p2b: Sinistcha|1\n|-damage|p2b: Sinistcha|21/100 par\n|\n|upkeep\n|turn|7\n|\n|t:|1788190354\n|move|p2b: Sinistcha|Protect|p2b: Sinistcha\n|-singleturn|p2b: Sinistcha|Protect\n|move|p1b: Raichu|Protect|p1b: Raichu\n|-singleturn|p1b: Raichu|Protect\n|move|p1a: Glimmora|Sludge Bomb|p2b: Sinistcha\n|-activate|p2b: Sinistcha|move: Protect\n|\n|upkeep\n|turn|8\n|\n|t:|1788190357\n|move|p1b: Raichu|Protect||[still]\n|-fail|p1b: Raichu\n|move|p2b: Sinistcha|Matcha Gotcha|p1a: Glimmora|[spread] p1a,p1b\n|-damage|p1a: Glimmora|38/100\n|-heal|p2b: Sinistcha|34/100 par|[from] drain|[of] p1a: Glimmora\n|-damage|p1b: Raichu|37/100\n|-heal|p2b: Sinistcha|49/100 par|[from] drain|[of] p1b: Raichu\n|move|p1a: Glimmora|Sludge Bomb|p2b: Sinistcha\n|-damage|p2b: Sinistcha|5/100 par\n|\n|upkeep\n|turn|9\n|\n|t:|1788190363\n|move|p2b: Sinistcha|Protect|p2b: Sinistcha\n|-singleturn|p2b: Sinistcha|Protect\n|move|p1a: Glimmora|Sludge Bomb|p2b: Sinistcha\n|-activate|p2b: Sinistcha|move: Protect\n|move|p1b: Raichu|Zap Cannon|p2b: Sinistcha\n|-activate|p2b: Sinistcha|move: Protect\n|\n|-fieldend|move: Trick Room\n|upkeep\n|turn|10\n|\n|t:|1788190367\n|move|p1b: Raichu|Zap Cannon|p2b: Sinistcha\n|-resisted|p2b: Sinistcha|1\n|-damage|p2b: Sinistcha|0 fnt\n|faint|p2b: Sinistcha\n|\n|win|GlitchXDGOAT\n","uploadtime":1788190367,"views":"1","formatid":"gen9championsvgc2026regmbbo3","rating":null,"private":0,"password":null}