{"id":"gen9championsvgc2026regmb-2674828945","format":"[Gen 9 Champions] VGC 2026 Reg M-B","players":["everlance","Kwiper"],"log":"|j|☆everlance\n|j|☆Kwiper\n|t:|1788415684\n|gametype|doubles\n|player|p1|everlance|2|1644\n|player|p2|Kwiper|sycamore|1587\n|gen|9\n|tier|[Gen 9 Champions] VGC 2026 Reg M-B\n|rated|\n|rule|Species Clause: Limit one of each Pokémon\n|rule|Item Clause: Limit 1 of each item\n|clearpoke\n|poke|p1|Sneasler, L50, M|\n|poke|p1|Whimsicott, L50, F|\n|poke|p1|Kingambit, L50, F|\n|poke|p1|Garchomp, L50, F|\n|poke|p1|Floette-Eternal, L50, F|\n|poke|p1|Delphox, L50, F|\n|poke|p2|Tyranitar, L50, M|\n|poke|p2|Excadrill, L50, M|\n|poke|p2|Milotic, L50, M|\n|poke|p2|Gholdengo, L50|\n|poke|p2|Sinistcha, L50|\n|poke|p2|Staraptor, L50, M|\n|teampreview|4\n|inactive|Battle timer is ON: inactive players will automatically lose when time's up. (requested by Kwiper)\n|\n|t:|1788415711\n|teamsize|p1|4\n|teamsize|p2|4\n|start\n|switch|p1a: Kingambit|Kingambit, L50, F|100/100\n|switch|p1b: Delphox|Delphox, L50, F|100/100\n|switch|p2a: Milotic|Milotic, L50, M|100/100\n|switch|p2b: Gholdengo|Gholdengo, L50|100/100\n|turn|1\n|\n|t:|1788415726\n|detailschange|p1b: Delphox|Delphox-Mega, L50, F\n|-mega|p1b: Delphox|Delphox|Delphoxite\n|move|p1b: Delphox|Protect|p1b: Delphox\n|-singleturn|p1b: Delphox|Protect\n|move|p2a: Milotic|Scald|p1b: Delphox\n|-activate|p1b: Delphox|move: Protect\n|move|p2b: Gholdengo|Make It Rain|p1b: Delphox|[spread] p1a\n|-activate|p1b: Delphox|move: Protect\n|-resisted|p1a: Kingambit|1\n|-damage|p1a: Kingambit|72/100\n|-unboost|p2b: Gholdengo|spa|2\n|-damage|p2b: Gholdengo|90/100|[from] item: Life Orb\n|move|p1a: Kingambit|Kowtow Cleave|p2b: Gholdengo\n|-supereffective|p2b: Gholdengo|1\n|-damage|p2b: Gholdengo|1/100\n|\n|upkeep\n|turn|2\n|j| Mfraw\n|inactive|everlance has 30 seconds left.\n|inactive|everlance has 20 seconds left.\n|\n|t:|1788415762\n|move|p2a: Milotic|Protect|p2a: Milotic\n|-singleturn|p2a: Milotic|Protect\n|move|p1b: Delphox|Psychic|p2a: Milotic\n|-activate|p2a: Milotic|move: Protect\n|move|p2b: Gholdengo|Shadow Ball|p1b: Delphox\n|-supereffective|p1b: Delphox|1\n|-damage|p1b: Delphox|51/100\n|-unboost|p1b: Delphox|spd|1\n|-damage|p2b: Gholdengo|0 fnt|[from] item: Life Orb\n|faint|p2b: Gholdengo\n|move|p1a: Kingambit|Kowtow Cleave|p2a: Milotic\n|-activate|p2a: Milotic|move: Protect\n|\n|upkeep\n|\n|t:|1788415775\n|switch|p2b: Tyranitar|Tyranitar, L50, M|100/100\n|-weather|Sandstorm|[from] ability: Sand Stream|[of] p2b: Tyranitar\n|turn|3\n|\n|t:|1788415799\n|switch|p1b: Sneasler|Sneasler, L50, M|100/100\n|detailschange|p2b: Tyranitar|Tyranitar-Mega, L50, M\n|-mega|p2b: Tyranitar|Tyranitar|Tyranitarite\n|move|p2b: Tyranitar|High Horsepower|p1a: Kingambit\n|-supereffective|p1a: Kingambit|1\n|-damage|p1a: Kingambit|19/100\n|move|p2a: Milotic|Scald|p1a: Kingambit\n|-damage|p1a: Kingambit|0 fnt\n|faint|p1a: Kingambit\n|\n|-weather|Sandstorm|[upkeep]\n|-damage|p1b: Sneasler|94/100|[from] Sandstorm\n|-damage|p2a: Milotic|94/100|[from] Sandstorm\n|upkeep\n|\n|t:|1788415811\n|switch|p1a: Delphox|Delphox-Mega, L50, F|51/100\n|turn|4\n|\n|t:|1788415817\n|move|p1a: Delphox|Protect|p1a: Delphox\n|-singleturn|p1a: Delphox|Protect\n|move|p2b: Tyranitar|Protect|p2b: Tyranitar\n|-singleturn|p2b: Tyranitar|Protect\n|move|p1b: Sneasler|Close Combat|p2a: Milotic\n|-damage|p2a: Milotic|31/100\n|-unboost|p1b: Sneasler|def|1\n|-unboost|p1b: Sneasler|spd|1\n|-enditem|p2a: Milotic|Sitrus Berry|[eat]\n|-heal|p2a: Milotic|55/100|[from] item: Sitrus Berry\n|-enditem|p1b: Sneasler|White Herb\n|-clearnegativeboost|p1b: Sneasler|[silent]\n|move|p2a: Milotic|Icy Wind|p1b: Sneasler|[spread] p1b\n|-activate|p1a: Delphox|move: Protect\n|-damage|p1b: Sneasler|80/100\n|-unboost|p1b: Sneasler|spe|1\n|\n|-weather|Sandstorm|[upkeep]\n|-damage|p1b: Sneasler|75/100|[from] Sandstorm\n|-damage|p1a: Delphox|45/100|[from] Sandstorm\n|-damage|p2a: Milotic|50/100y|[from] Sandstorm\n|upkeep\n|turn|5\n|inactive|everlance has 30 seconds left.\n|\n|t:|1788415843\n|move|p1b: Sneasler|Close Combat|p2b: Tyranitar\n|-supereffective|p2b: Tyranitar|2\n|-damage|p2b: Tyranitar|0 fnt\n|-unboost|p1b: Sneasler|def|1\n|-unboost|p1b: Sneasler|spd|1\n|faint|p2b: Tyranitar\n|move|p1a: Delphox|Psychic|p2a: Milotic\n|-damage|p2a: Milotic|11/100\n|move|p2a: Milotic|Scald|p1a: Delphox\n|-supereffective|p1a: Delphox|1\n|-damage|p1a: Delphox|0 fnt\n|faint|p1a: Delphox\n|\n|-weather|Sandstorm|[upkeep]\n|-damage|p1b: Sneasler|69/100|[from] Sandstorm\n|-damage|p2a: Milotic|5/100|[from] Sandstorm\n|upkeep\n|\n|t:|1788415853\n|switch|p1a: Garchomp|Garchomp, L50, F|100/100\n|switch|p2b: Excadrill|Excadrill, L50, M|100/100\n|turn|6\n|\n|t:|1788415864\n|move|p2b: Excadrill|High Horsepower|p1b: Sneasler\n|-supereffective|p1b: Sneasler|1\n|-damage|p1b: Sneasler|0 fnt\n|faint|p1b: Sneasler\n|move|p1a: Garchomp|Earthquake|p2b: Excadrill|[spread] p2a,p2b\n|-supereffective|p2b: Excadrill|1\n|-damage|p2a: Milotic|0 fnt\n|-enditem|p2b: Excadrill|Focus Sash\n|-damage|p2b: Excadrill|1/100\n|faint|p2a: Milotic\n|-damage|p1a: Garchomp|90/100|[from] item: Life Orb\n|\n|-weather|Sandstorm|[upkeep]\n|upkeep\n|turn|7\n|\n|t:|1788415871\n|move|p2b: Excadrill|Rock Slide|p1a: Garchomp\n|-resisted|p1a: Garchomp|1\n|-damage|p1a: Garchomp|76/100\n|cant|p1a: Garchomp|flinch\n|\n|-weather|none\n|upkeep\n|turn|8\n|\n|t:|1788415874\n|move|p1a: Garchomp|Earthquake|p2b: Excadrill\n|-supereffective|p2b: Excadrill|1\n|-damage|p2b: Excadrill|0 fnt\n|faint|p2b: Excadrill\n|-damage|p1a: Garchomp|66/100|[from] item: Life Orb\n|\n|win|everlance\n|raw|everlance's rating: 1644 &rarr; <strong>1661</strong><br />(+17 for winning)\n|raw|Kwiper's rating: 1587 &rarr; <strong>1570</strong><br />(-17 for losing)\n","uploadtime":1788415874,"views":"1","formatid":"gen9championsvgc2026regmb","rating":1570,"private":0,"password":null}