{"id":"gen9championsvgc2026regmb-2674834884","format":"[Gen 9 Champions] VGC 2026 Reg M-B","players":["chouchou123123","Kwiper"],"log":"|j|☆chouchou123123\n|j|☆Kwiper\n|t:|1788417165\n|gametype|doubles\n|player|p1|chouchou123123|mars|1520\n|player|p2|Kwiper|sycamore|1547\n|gen|9\n|tier|[Gen 9 Champions] VGC 2026 Reg M-B\n|rated|\n|rule|Species Clause: Limit one of each Pokémon\n|rule|Item Clause: Limit 1 of each item\n|clearpoke\n|poke|p1|Basculegion, L50, M|\n|poke|p1|Froslass, L50, F|\n|poke|p1|Raichu, L50, F|\n|poke|p1|Pelipper, L50, F|\n|poke|p1|Archaludon, L50, M|\n|poke|p1|Sneasler, L50, F|\n|poke|p2|Tyranitar, L50, F|\n|poke|p2|Excadrill, L50, M|\n|poke|p2|Milotic, L50, F|\n|poke|p2|Gholdengo, L50|\n|poke|p2|Sinistcha, L50|\n|poke|p2|Staraptor, L50, M|\n|teampreview|4\n|inactive|Battle timer is ON: inactive players will automatically lose when time's up. (requested by Kwiper)\n|inactive|chouchou123123 also wants the timer to be on.\n|\n|t:|1788417194\n|teamsize|p1|4\n|teamsize|p2|4\n|start\n|switch|p1a: Froslass|Froslass, L50, F|100/100\n|switch|p1b: Sneasler|Sneasler, L50, F|100/100\n|switch|p2a: Tyranitar|Tyranitar, L50, F|100/100\n|switch|p2b: Sinistcha|Sinistcha, L50|100/100\n|-weather|Sandstorm|[from] ability: Sand Stream|[of] p2a: Tyranitar\n|turn|1\n|inactive|chouchou123123 has 30 seconds left.\n|inactive|chouchou123123 has 20 seconds left.\n|inactive|chouchou123123 has 15 seconds left.\n|inactive|chouchou123123 has 10 seconds left.\n|\n|t:|1788417243\n|detailschange|p1a: Froslass|Froslass-Mega, L50, F\n|-mega|p1a: Froslass|Froslass|Froslassite\n|-weather|Snowscape|[from] ability: Snow Warning|[of] p1a: Froslass\n|move|p2a: Tyranitar|Protect|p2a: Tyranitar\n|-singleturn|p2a: Tyranitar|Protect\n|move|p1b: Sneasler|Close Combat|p2a: Tyranitar\n|-activate|p2a: Tyranitar|move: Protect\n|move|p1a: Froslass|Shadow Ball|p2b: Sinistcha\n|-supereffective|p2b: Sinistcha|1\n|-damage|p2b: Sinistcha|23/100\n|move|p2b: Sinistcha|Matcha Gotcha|p1b: Sneasler|[spread] p1a,p1b\n|-resisted|p1b: Sneasler|1\n|-damage|p1a: Froslass|75/100\n|-heal|p2b: Sinistcha|36/100|[from] drain|[of] p1a: Froslass\n|-damage|p1b: Sneasler|84/100\n|-heal|p2b: Sinistcha|43/100|[from] drain|[of] p1b: Sneasler\n|-status|p1a: Froslass|brn\n|\n|-weather|Snowscape|[upkeep]\n|-damage|p1a: Froslass|69/100 brn|[from] brn\n|upkeep\n|turn|2\n|inactive|chouchou123123 has 30 seconds left.\n|inactive|chouchou123123 has 20 seconds left.\n|\n|t:|1788417281\n|detailschange|p2a: Tyranitar|Tyranitar-Mega, L50, F\n|-mega|p2a: Tyranitar|Tyranitar|Tyranitarite\n|-weather|Sandstorm|[from] ability: Sand Stream|[of] p2a: Tyranitar\n|move|p2b: Sinistcha|Rage Powder|p2b: Sinistcha\n|-singleturn|p2b: Sinistcha|move: Rage Powder\n|move|p1b: Sneasler|Poison Jab|p2b: Sinistcha\n|-damage|p2b: Sinistcha|12/100\n|move|p1a: Froslass|Destiny Bond|p1a: Froslass\n|-singlemove|p1a: Froslass|Destiny Bond\n|move|p2a: Tyranitar|High Horsepower|p1b: Sneasler\n|-supereffective|p1b: Sneasler|1\n|-damage|p1b: Sneasler|0 fnt\n|faint|p1b: Sneasler\n|\n|-weather|Sandstorm|[upkeep]\n|-damage|p1a: Froslass|64/100 brn|[from] Sandstorm\n|-damage|p2b: Sinistcha|6/100|[from] Sandstorm\n|-damage|p1a: Froslass|58/100 brn|[from] brn\n|upkeep\n|inactive|chouchou123123 has 30 seconds left.\n|\n|t:|1788417311\n|switch|p1b: Raichu|Raichu, L50, F|100/100\n|turn|3\n|\n|t:|1788417329\n|move|p2b: Sinistcha|Rage Powder|p2b: Sinistcha\n|-singleturn|p2b: Sinistcha|move: Rage Powder\n|move|p1a: Froslass|Blizzard|p2b: Sinistcha|[spread] \n|-miss|p1a: Froslass|p2a: Tyranitar\n|-miss|p1a: Froslass|p2b: Sinistcha\n|move|p1b: Raichu|Focus Blast|p2b: Sinistcha\n|-immune|p2b: Sinistcha\n|move|p2a: Tyranitar|High Horsepower|p1b: Raichu\n|-supereffective|p1b: Raichu|1\n|-damage|p1b: Raichu|0 fnt\n|faint|p1b: Raichu\n|\n|-weather|Sandstorm|[upkeep]\n|-damage|p1a: Froslass|52/100 brn|[from] Sandstorm\n|-damage|p2b: Sinistcha|1/100|[from] Sandstorm\n|-damage|p1a: Froslass|46/100 brn|[from] brn\n|upkeep\n|\n|t:|1788417347\n|switch|p1b: Archaludon|Archaludon, L50, M|100/100\n|turn|4\n|\n|t:|1788417354\n|move|p1b: Archaludon|Protect|p1b: Archaludon\n|-singleturn|p1b: Archaludon|Protect\n|move|p2b: Sinistcha|Rage Powder|p2b: Sinistcha\n|-singleturn|p2b: Sinistcha|move: Rage Powder\n|move|p1a: Froslass|Destiny Bond|p1a: Froslass\n|-singlemove|p1a: Froslass|Destiny Bond\n|move|p2a: Tyranitar|Knock Off|p1a: Froslass\n|-supereffective|p1a: Froslass|1\n|-crit|p1a: Froslass\n|-damage|p1a: Froslass|0 fnt\n|faint|p1a: Froslass\n|-activate|p1a: Froslass|move: Destiny Bond\n|faint|p2a: Tyranitar\n|\n|-weather|Sandstorm|[upkeep]\n|-damage|p2b: Sinistcha|0 fnt|[from] Sandstorm\n|faint|p2b: Sinistcha\n|upkeep\n|\n|t:|1788417357\n|switch|p2a: Gholdengo|Gholdengo, L50|100/100\n|switch|p2b: Staraptor|Staraptor, L50, M|100/100\n|-ability|p2b: Staraptor|Intimidate|boost\n|-unboost|p1b: Archaludon|atk|1\n|turn|5\n|\n|t:|1788417381\n|move|p2b: Staraptor|Close Combat|p1b: Archaludon\n|-supereffective|p1b: Archaludon|1\n|-damage|p1b: Archaludon|51/100\n|-unboost|p2b: Staraptor|def|1\n|-unboost|p2b: Staraptor|spd|1\n|-ability|p1b: Archaludon|Stamina|boost\n|-boost|p1b: Archaludon|def|1\n|move|p2a: Gholdengo|Nasty Plot|p2a: Gholdengo\n|-boost|p2a: Gholdengo|spa|2\n|move|p1b: Archaludon|Electro Shot||[still]\n|-prepare|p1b: Archaludon|Electro Shot\n|-boost|p1b: Archaludon|spa|1\n|\n|-weather|Sandstorm|[upkeep]\n|-damage|p2b: Staraptor|94/100|[from] Sandstorm\n|-heal|p1b: Archaludon|57/100|[from] item: Leftovers\n|upkeep\n|turn|6\n|j| altcrvstal_K!tty\n|\n|t:|1788417397\n|move|p2b: Staraptor|Close Combat|p1b: Archaludon\n|-supereffective|p1b: Archaludon|1\n|-damage|p1b: Archaludon|28/100\n|-unboost|p2b: Staraptor|def|1\n|-unboost|p2b: Staraptor|spd|1\n|-ability|p1b: Archaludon|Stamina|boost\n|-boost|p1b: Archaludon|def|1\n|move|p2a: Gholdengo|Shadow Ball|p1b: Archaludon\n|-damage|p1b: Archaludon|0 fnt\n|faint|p1b: Archaludon\n|-damage|p2a: Gholdengo|90/100|[from] item: Life Orb\n|\n|win|Kwiper\n|raw|chouchou123123's rating: 1520 &rarr; <strong>1502</strong><br />(-18 for losing)\n|raw|Kwiper's rating: 1547 &rarr; <strong>1565</strong><br />(+18 for winning)\n","uploadtime":1788417397,"views":"13","formatid":"gen9championsvgc2026regmb","rating":1502,"private":0,"password":null}