{"id":"gen9championsvgc2026regmb-2674472832","format":"[Gen 9 Champions] VGC 2026 Reg M-B","players":["luizprozo2","izayatijifan129"],"log":"|j|☆luizprozo2\n|j|☆izayatijifan129\n|t:|1788363885\n|gametype|doubles\n|player|p1|luizprozo2|bruno|1113\n|player|p2|izayatijifan129|169|1088\n|gen|9\n|tier|[Gen 9 Champions] VGC 2026 Reg M-B\n|rated|\n|rule|Species Clause: Limit one of each Pokémon\n|rule|Item Clause: Limit 1 of each item\n|clearpoke\n|poke|p1|Farigiraf, L50, M|\n|poke|p1|Whimsicott, L50, M|\n|poke|p1|Staraptor, L50, M, shiny|\n|poke|p1|Incineroar, L50, F|\n|poke|p1|Gholdengo, L50|\n|poke|p1|Milotic, L50, F|\n|poke|p2|Volcarona, L50, M|\n|poke|p2|Sneasler, L50, F|\n|poke|p2|Floette-Eternal, L50, F|\n|poke|p2|Whimsicott, L50, F|\n|poke|p2|Gholdengo, L50|\n|poke|p2|Tyranitar, L50, F|\n|teampreview|4\n|inactive|Battle timer is ON: inactive players will automatically lose when time's up. (requested by luizprozo2)\n|\n|t:|1788363916\n|teamsize|p1|4\n|teamsize|p2|4\n|start\n|switch|p1a: Staraptor|Staraptor, L50, M, shiny|100/100\n|switch|p1b: Whimsicott|Whimsicott, L50, M|100/100\n|switch|p2a: Sneasler|Sneasler, L50, F|100/100\n|switch|p2b: Tyranitar|Tyranitar, L50, F|100/100\n|-weather|Sandstorm|[from] ability: Sand Stream|[of] p2b: Tyranitar\n|turn|1\n|inactive|izayatijifan129 has 30 seconds left.\n|\n|t:|1788363945\n|detailschange|p1a: Staraptor|Staraptor-Mega, L50, M, shiny\n|-mega|p1a: Staraptor|Staraptor|Staraptite\n|detailschange|p2b: Tyranitar|Tyranitar-Mega, L50, F\n|-mega|p2b: Tyranitar|Tyranitar|Tyranitarite\n|move|p2a: Sneasler|Fake Out|p1a: Staraptor\n|-damage|p1a: Staraptor|83/100\n|move|p1b: Whimsicott|Charm|p1a: Staraptor\n|-boost|p1a: Staraptor|atk|2\n|cant|p1a: Staraptor|flinch\n|move|p2b: Tyranitar|Rock Slide|p1b: Whimsicott|[spread] p1b\n|-miss|p2b: Tyranitar|p1a: Staraptor\n|-damage|p1b: Whimsicott|57/100\n|\n|-weather|Sandstorm|[upkeep]\n|-damage|p2a: Sneasler|94/100|[from] Sandstorm\n|-damage|p1a: Staraptor|77/100|[from] Sandstorm\n|-damage|p1b: Whimsicott|51/100|[from] Sandstorm\n|upkeep\n|turn|2\n|\n|t:|1788363966\n|move|p2b: Tyranitar|Protect|p2b: Tyranitar\n|-singleturn|p2b: Tyranitar|Protect\n|move|p1b: Whimsicott|Charm|p1a: Staraptor\n|-boost|p1a: Staraptor|atk|2\n|move|p2a: Sneasler|Dire Claw|p1b: Whimsicott\n|-supereffective|p1b: Whimsicott|2\n|-damage|p1b: Whimsicott|0 fnt\n|faint|p1b: Whimsicott\n|move|p1a: Staraptor|Close Combat|p2b: Tyranitar\n|-activate|p2b: Tyranitar|move: Protect\n|\n|-weather|Sandstorm|[upkeep]\n|-damage|p2a: Sneasler|88/100|[from] Sandstorm\n|-damage|p1a: Staraptor|71/100|[from] Sandstorm\n|upkeep\n|\n|t:|1788363980\n|switch|p1b: Farigiraf|Farigiraf, L50, M|100/100\n|turn|3\n|\n|t:|1788363993\n|switch|p2b: Gholdengo|Gholdengo, L50|100/100\n|move|p2a: Sneasler|Dire Claw|p1a: Staraptor\n|-damage|p1a: Staraptor|19/100\n|move|p1a: Staraptor|Close Combat|p2b: Gholdengo\n|-immune|p2b: Gholdengo\n|move|p1b: Farigiraf|Psyshock|p2a: Sneasler\n|-supereffective|p2a: Sneasler|2\n|-damage|p2a: Sneasler|0 fnt\n|faint|p2a: Sneasler\n|\n|-weather|Sandstorm|[upkeep]\n|-damage|p1a: Staraptor|13/100|[from] Sandstorm\n|-damage|p1b: Farigiraf|93/100|[from] Sandstorm\n|-heal|p1b: Farigiraf|100/100|[from] item: Leftovers\n|upkeep\n|\n|t:|1788364005\n|switch|p2a: Volcarona|Volcarona, L50, M|100/100\n|turn|4\n|\n|t:|1788364018\n|move|p2a: Volcarona|Rage Powder|p2a: Volcarona\n|-singleturn|p2a: Volcarona|move: Rage Powder\n|move|p1a: Staraptor|Close Combat|p2a: Volcarona\n|-resisted|p2a: Volcarona|1\n|-damage|p2a: Volcarona|4/100\n|-boost|p1a: Staraptor|def|1\n|-boost|p1a: Staraptor|spd|1\n|-status|p1a: Staraptor|brn|[from] ability: Flame Body|[of] p2a: Volcarona\n|-enditem|p2a: Volcarona|Sitrus Berry|[eat]\n|-heal|p2a: Volcarona|29/100|[from] item: Sitrus Berry\n|move|p2b: Gholdengo|Make It Rain|p1b: Farigiraf|[spread] p1a,p1b\n|-damage|p1a: Staraptor|0 fnt\n|-damage|p1b: Farigiraf|34/100\n|-unboost|p2b: Gholdengo|spa|2\n|faint|p1a: Staraptor\n|-damage|p2b: Gholdengo|90/100|[from] item: Life Orb\n|move|p1b: Farigiraf|Dazzling Gleam|p2a: Volcarona|[spread] p2a,p2b\n|-resisted|p2a: Volcarona|1\n|-resisted|p2b: Gholdengo|1\n|-damage|p2a: Volcarona|21/100\n|-damage|p2b: Gholdengo|78/100\n|\n|-weather|Sandstorm|[upkeep]\n|-damage|p2a: Volcarona|15/100|[from] Sandstorm\n|-damage|p1b: Farigiraf|28/100|[from] Sandstorm\n|-heal|p1b: Farigiraf|34/100|[from] item: Leftovers\n|upkeep\n|inactive|luizprozo2 has 30 seconds left.\n|\n|t:|1788364046\n|switch|p1a: Gholdengo|Gholdengo, L50|100/100\n|turn|5\n|\n|t:|1788364058\n|move|p2b: Gholdengo|Protect|p2b: Gholdengo\n|-singleturn|p2b: Gholdengo|Protect\n|move|p1a: Gholdengo|Shadow Ball|p2b: Gholdengo\n|-activate|p2b: Gholdengo|move: Protect\n|move|p2a: Volcarona|Struggle Bug|p1b: Farigiraf|[spread] p1a,p1b\n|-resisted|p1a: Gholdengo|2\n|-supereffective|p1b: Farigiraf|1\n|-damage|p1a: Gholdengo|95/100\n|-damage|p1b: Farigiraf|2/100\n|-unboost|p1a: Gholdengo|spa|1\n|-unboost|p1b: Farigiraf|spa|1\n|move|p1b: Farigiraf|Dazzling Gleam|p2a: Volcarona|[spread] p2a\n|-activate|p2b: Gholdengo|move: Protect\n|-resisted|p2a: Volcarona|1\n|-damage|p2a: Volcarona|9/100\n|\n|-weather|none\n|-heal|p1b: Farigiraf|8/100|[from] item: Leftovers\n|upkeep\n|turn|6\n|inactive|luizprozo2 has 30 seconds left.\n|\n|t:|1788364085\n|switch|p2b: Tyranitar|Tyranitar-Mega, L50, F|100/100\n|-weather|Sandstorm|[from] ability: Sand Stream|[of] p2b: Tyranitar\n|move|p1a: Gholdengo|Shadow Ball|p2b: Tyranitar\n|-resisted|p2b: Tyranitar|1\n|-damage|p2b: Tyranitar|89/100\n|-damage|p1a: Gholdengo|85/100|[from] item: Life Orb\n|move|p2a: Volcarona|Struggle Bug|p1b: Farigiraf|[spread] p1a,p1b\n|-resisted|p1a: Gholdengo|2\n|-supereffective|p1b: Farigiraf|1\n|-damage|p1a: Gholdengo|80/100\n|-damage|p1b: Farigiraf|0 fnt\n|-unboost|p1a: Gholdengo|spa|1\n|faint|p1b: Farigiraf\n|\n|-weather|Sandstorm|[upkeep]\n|-damage|p2a: Volcarona|3/100|[from] Sandstorm\n|upkeep\n|turn|7\n|\n|t:|1788364107\n|move|p2a: Volcarona|Rage Powder|p2a: Volcarona\n|-singleturn|p2a: Volcarona|move: Rage Powder\n|move|p1a: Gholdengo|Make It Rain|p2a: Volcarona|[spread] p2a,p2b\n|-resisted|p2a: Volcarona|1\n|-supereffective|p2b: Tyranitar|1\n|-damage|p2a: Volcarona|0 fnt\n|-damage|p2b: Tyranitar|53/100\n|-unboost|p1a: Gholdengo|spa|2\n|faint|p2a: Volcarona\n|-damage|p1a: Gholdengo|70/100|[from] item: Life Orb\n|move|p2b: Tyranitar|Knock Off|p1a: Gholdengo\n|-supereffective|p1a: Gholdengo|1\n|-damage|p1a: Gholdengo|0 fnt\n|-enditem|p1a: Gholdengo|Life Orb|[from] move: Knock Off|[of] p2b: Tyranitar\n|faint|p1a: Gholdengo\n|\n|win|izayatijifan129\n|raw|luizprozo2's rating: 1113 &rarr; <strong>1086</strong><br />(-27 for losing)\n|raw|izayatijifan129's rating: 1088 &rarr; <strong>1117</strong><br />(+29 for winning)\n|l|☆luizprozo2\n|player|p1|\n","uploadtime":1788364119,"views":"18","formatid":"gen9championsvgc2026regmb","rating":1086,"private":0,"password":null}