{"id":"gen9championsvgc2026regmb-2674289098","format":"[Gen 9 Champions] VGC 2026 Reg M-B","players":["alexismydog","DdDFAawfAfAF"],"log":"|j|☆alexismydog\n|j|☆DdDFAawfAfAF\n|t:|1788332684\n|gametype|doubles\n|player|p1|alexismydog|265|1465\n|player|p2|DdDFAawfAfAF|101|1451\n|gen|9\n|tier|[Gen 9 Champions] VGC 2026 Reg M-B\n|rated|\n|rule|Species Clause: Limit one of each Pokémon\n|rule|Item Clause: Limit 1 of each item\n|clearpoke\n|poke|p1|Tyranitar, L50, M|\n|poke|p1|Excadrill, L50, M|\n|poke|p1|Sinistcha, L50|\n|poke|p1|Gholdengo, L50|\n|poke|p1|Staraptor, L50, F|\n|poke|p1|Milotic, L50, F|\n|poke|p2|Maushold, L50|\n|poke|p2|Swampert, L50, F|\n|poke|p2|Pelipper, L50, F|\n|poke|p2|Archaludon, L50, M|\n|poke|p2|Arcanine-Hisui, L50, M|\n|poke|p2|Basculegion, L50, M|\n|teampreview|4\n|inactive|Battle timer is ON: inactive players will automatically lose when time's up. (requested by alexismydog)\n|inactive|DdDFAawfAfAF has 60 seconds left.\n|inactive|DdDFAawfAfAF has 30 seconds left.\n|\n|t:|1788332763\n|teamsize|p1|4\n|teamsize|p2|4\n|start\n|switch|p1a: Staraptor|Staraptor, L50, F|100/100\n|switch|p1b: Gholdengo|Gholdengo, L50|100/100\n|switch|p2a: Pelipper|Pelipper, L50, F|100/100\n|switch|p2b: Basculegion|Basculegion, L50, M|100/100\n|-ability|p1a: Staraptor|Intimidate|boost\n|-unboost|p2a: Pelipper|atk|1\n|-unboost|p2b: Basculegion|atk|1\n|-weather|RainDance|[from] ability: Drizzle|[of] p2a: Pelipper\n|turn|1\n|inactive|alexismydog has 30 seconds left.\n|inactive|DdDFAawfAfAF has 30 seconds left.\n|inactive|alexismydog has 20 seconds left.\n|inactive|alexismydog has 15 seconds left.\n|inactive|DdDFAawfAfAF has 20 seconds left.\n|inactive|alexismydog has 10 seconds left.\n|\n|t:|1788332809\n|switch|p2b: Archaludon|Archaludon, L50, M|100/100\n|detailschange|p1a: Staraptor|Staraptor-Mega, L50, F\n|-mega|p1a: Staraptor|Staraptor|Staraptite\n|move|p1b: Gholdengo|Protect|p1b: Gholdengo\n|-singleturn|p1b: Gholdengo|Protect\n|move|p1a: Staraptor|Tailwind|p1a: Staraptor\n|-sidestart|p1: alexismydog|move: Tailwind\n|move|p2a: Pelipper|Tailwind|p2a: Pelipper\n|-sidestart|p2: DdDFAawfAfAF|move: Tailwind\n|\n|-weather|RainDance|[upkeep]\n|upkeep\n|turn|2\n|inactive|DdDFAawfAfAF has 30 seconds left.\n|\n|t:|1788332842\n|switch|p1b: Tyranitar|Tyranitar, L50, M|100/100\n|-weather|Sandstorm|[from] ability: Sand Stream|[of] p1b: Tyranitar\n|move|p1a: Staraptor|Close Combat|p2b: Archaludon\n|-supereffective|p2b: Archaludon|1\n|-damage|p2b: Archaludon|8/100\n|-boost|p1a: Staraptor|def|1\n|-boost|p1a: Staraptor|spd|1\n|-ability|p2b: Archaludon|Stamina|boost\n|-boost|p2b: Archaludon|def|1\n|move|p2b: Archaludon|Electro Shot||[still]\n|-prepare|p2b: Archaludon|Electro Shot\n|-boost|p2b: Archaludon|spa|1\n|move|p2a: Pelipper|Hurricane|p1a: Staraptor\n|-supereffective|p1a: Staraptor|1\n|-damage|p1a: Staraptor|27/100\n|\n|-weather|Sandstorm|[upkeep]\n|-damage|p1a: Staraptor|21/100|[from] Sandstorm\n|-damage|p2a: Pelipper|94/100|[from] Sandstorm\n|-heal|p2b: Archaludon|14/100|[from] item: Leftovers\n|upkeep\n|turn|3\n|\n|t:|1788332866\n|move|p1a: Staraptor|Brave Bird|p2a: Pelipper\n|-damage|p2a: Pelipper|28/100\n|-enditem|p2a: Pelipper|Sitrus Berry|[eat]\n|-heal|p2a: Pelipper|53/100|[from] item: Sitrus Berry\n|-damage|p1a: Staraptor|2/100|[from] Recoil\n|move|p1b: Tyranitar|Dragon Dance|p1b: Tyranitar\n|-boost|p1b: Tyranitar|atk|1\n|-boost|p1b: Tyranitar|spe|1\n|move|p2b: Archaludon|Electro Shot|p1b: Tyranitar|[from] lockedmove\n|-damage|p1b: Tyranitar|61/100\n|move|p2a: Pelipper|Hurricane|p1a: Staraptor\n|-supereffective|p1a: Staraptor|1\n|-damage|p1a: Staraptor|0 fnt\n|faint|p1a: Staraptor\n|\n|-weather|Sandstorm|[upkeep]\n|-damage|p2a: Pelipper|47/100|[from] Sandstorm\n|-heal|p2b: Archaludon|20/100y|[from] item: Leftovers\n|upkeep\n|\n|t:|1788332883\n|switch|p1a: Sinistcha|Sinistcha, L50|100/100\n|-heal|p1b: Tyranitar|86/100|[from] ability: Hospitality|[of] p1a: Sinistcha\n|turn|4\n|\n|t:|1788332900\n|switch|p2a: Basculegion|Basculegion, L50, M|100/100\n|move|p2b: Archaludon|Protect|p2b: Archaludon\n|-singleturn|p2b: Archaludon|Protect\n|move|p1b: Tyranitar|Knock Off|p2b: Archaludon\n|-activate|p2b: Archaludon|move: Protect\n|move|p1a: Sinistcha|Matcha Gotcha|p2a: Basculegion|[spread] p2a\n|-activate|p2b: Archaludon|move: Protect\n|-supereffective|p2a: Basculegion|1\n|-damage|p2a: Basculegion|47/100\n|\n|-weather|Sandstorm|[upkeep]\n|-damage|p2a: Basculegion|41/100|[from] Sandstorm\n|-damage|p1a: Sinistcha|93/100|[from] Sandstorm\n|-heal|p2b: Archaludon|26/100|[from] item: Leftovers\n|-heal|p1a: Sinistcha|100/100|[from] item: Leftovers\n|-sideend|p1: alexismydog|move: Tailwind\n|-sideend|p2: DdDFAawfAfAF|move: Tailwind\n|upkeep\n|turn|5\n|\n|t:|1788332919\n|switch|p2a: Pelipper|Pelipper, L50, F|47/100\n|-weather|RainDance|[from] ability: Drizzle|[of] p2a: Pelipper\n|move|p1a: Sinistcha|Rage Powder|p1a: Sinistcha\n|-singleturn|p1a: Sinistcha|move: Rage Powder\n|move|p1b: Tyranitar|Dragon Dance|p1b: Tyranitar\n|-boost|p1b: Tyranitar|atk|1\n|-boost|p1b: Tyranitar|spe|1\n|move|p2b: Archaludon|Flash Cannon|p1a: Sinistcha\n|-damage|p1a: Sinistcha|44/100\n|\n|-weather|RainDance|[upkeep]\n|-heal|p2b: Archaludon|32/100|[from] item: Leftovers\n|-heal|p1a: Sinistcha|50/100g|[from] item: Leftovers\n|upkeep\n|turn|6\n|\n|t:|1788332938\n|move|p1a: Sinistcha|Rage Powder|p1a: Sinistcha\n|-singleturn|p1a: Sinistcha|move: Rage Powder\n|move|p1b: Tyranitar|Rock Slide|p2b: Archaludon|[spread] p2a,p2b\n|-supereffective|p2a: Pelipper|1\n|-resisted|p2b: Archaludon|1\n|-damage|p2a: Pelipper|0 fnt\n|-damage|p2b: Archaludon|17/100\n|-ability|p2b: Archaludon|Stamina|boost\n|-boost|p2b: Archaludon|def|1\n|faint|p2a: Pelipper\n|cant|p2b: Archaludon|flinch\n|\n|-weather|RainDance|[upkeep]\n|-heal|p2b: Archaludon|23/100|[from] item: Leftovers\n|-heal|p1a: Sinistcha|56/100|[from] item: Leftovers\n|upkeep\n|\n|t:|1788332951\n|switch|p2a: Swampert|Swampert, L50, F|100/100\n|turn|7\n|\n|t:|1788332969\n|detailschange|p2a: Swampert|Swampert-Mega, L50, F\n|-mega|p2a: Swampert|Swampert|Swampertite\n|move|p2a: Swampert|Protect|p2a: Swampert\n|-singleturn|p2a: Swampert|Protect\n|move|p1a: Sinistcha|Rage Powder|p1a: Sinistcha\n|-singleturn|p1a: Sinistcha|move: Rage Powder\n|move|p1b: Tyranitar|Knock Off|p2b: Archaludon\n|-damage|p2b: Archaludon|0 fnt\n|-enditem|p2b: Archaludon|Leftovers|[from] move: Knock Off|[of] p1b: Tyranitar\n|faint|p2b: Archaludon\n|\n|-weather|RainDance|[upkeep]\n|-heal|p1a: Sinistcha|62/100|[from] item: Leftovers\n|upkeep\n|\n|t:|1788332976\n|switch|p2b: Basculegion|Basculegion, L50, M|41/100\n|turn|8\n|\n|t:|1788332983\n|move|p1b: Tyranitar|Protect|p1b: Tyranitar\n|-singleturn|p1b: Tyranitar|Protect\n|move|p2b: Basculegion|Protect|p2b: Basculegion\n|-singleturn|p2b: Basculegion|Protect\n|move|p2a: Swampert|Earthquake|p1a: Sinistcha|[spread] p1a\n|-activate|p2b: Basculegion|move: Protect\n|-activate|p1b: Tyranitar|move: Protect\n|-resisted|p1a: Sinistcha|1\n|-damage|p1a: Sinistcha|42/100\n|move|p1a: Sinistcha|Matcha Gotcha|p2b: Basculegion|[spread] p2a\n|-activate|p2b: Basculegion|move: Protect\n|-supereffective|p2a: Swampert|2\n|-damage|p2a: Swampert|19/100\n|-heal|p1a: Sinistcha|95/100|[from] drain|[of] p2a: Swampert\n|\n|-weather|RainDance|[upkeep]\n|-heal|p1a: Sinistcha|100/100|[from] item: Leftovers\n|upkeep\n|turn|9\n|inactive|alexismydog has 30 seconds left.\n|\n|t:|1788333013\n|move|p1a: Sinistcha|Rage Powder|p1a: Sinistcha\n|-singleturn|p1a: Sinistcha|move: Rage Powder\n|move|p1b: Tyranitar|Rock Slide|p2b: Basculegion|[spread] p2a,p2b\n|-resisted|p2a: Swampert|1\n|-damage|p2a: Swampert|0 fnt\n|-damage|p2b: Basculegion|0 fnt\n|faint|p2a: Swampert\n|faint|p2b: Basculegion\n|\n|win|alexismydog\n|raw|alexismydog's rating: 1465 &rarr; <strong>1484</strong><br />(+19 for winning)\n|raw|DdDFAawfAfAF's rating: 1451 &rarr; <strong>1432</strong><br />(-19 for losing)\n|l|☆DdDFAawfAfAF\n|player|p2|\n","uploadtime":1788333023,"views":"1","formatid":"gen9championsvgc2026regmb","rating":1432,"private":0,"password":null}