{"id":"gen9championsvgc2026regmb-2673852304","format":"[Gen 9 Champions] VGC 2026 Reg M-B","players":["Thornlace48812","kevingates#1fan"],"log":"|j|☆Thornlace48812\n|j|☆kevingates#1fan\n|t:|1788268605\n|gametype|doubles\n|player|p1|Thornlace48812|102|1131\n|player|p2|kevingates#1fan|shadowtriad|1074\n|gen|9\n|tier|[Gen 9 Champions] VGC 2026 Reg M-B\n|rated|\n|rule|Species Clause: Limit one of each Pokémon\n|rule|Item Clause: Limit 1 of each item\n|clearpoke\n|poke|p1|Garchomp, L50, M|\n|poke|p1|Charizard, L50, M|\n|poke|p1|Whimsicott, L50, F|\n|poke|p1|Sylveon, L50, F|\n|poke|p1|Kingambit, L50, M|\n|poke|p1|Basculegion, L50, M|\n|poke|p2|Scovillain, L50, F|\n|poke|p2|Dragapult, L50, F|\n|poke|p2|Sneasler, L50, F|\n|poke|p2|Corviknight, L50, M|\n|poke|p2|Rotom-Wash, L50|\n|poke|p2|Hydreigon, L50, M|\n|teampreview|4\n|inactive|Battle timer is ON: inactive players will automatically lose when time's up. (requested by kevingates#1fan)\n|inactive|Thornlace48812 also wants the timer to be on.\nThornlace48812 rejected open team sheets.\n|inactive|kevingates#1fan has 60 seconds left.\n|\n|t:|1788268649\n|teamsize|p1|4\n|teamsize|p2|4\n|start\n|switch|p1a: Charizard|Charizard, L50, M|100/100\n|switch|p1b: Sylveon|Sylveon, L50, F|100/100\n|switch|p2a: Sneasler|Sneasler, L50, F|100/100\n|switch|p2b: Scovillain|Scovillain, L50, F|100/100\n|turn|1\n|\n|t:|1788268671\n|detailschange|p1a: Charizard|Charizard-Mega-Y, L50, M\n|-mega|p1a: Charizard|Charizard|Charizardite Y\n|-weather|SunnyDay|[from] ability: Drought|[of] p1a: Charizard\n|detailschange|p2b: Scovillain|Scovillain-Mega, L50, F\n|-mega|p2b: Scovillain|Scovillain|Scovillainite\n|move|p1a: Charizard|Protect|p1a: Charizard\n|-singleturn|p1a: Charizard|Protect\n|move|p2a: Sneasler|Fake Out|p1a: Charizard\n|-activate|p1a: Charizard|move: Protect\n|move|p1b: Sylveon|Hyper Voice|p2b: Scovillain|[spread] p2a,p2b\n|-resisted|p2b: Scovillain|1\n|-damage|p2a: Sneasler|34/100\n|-damage|p2b: Scovillain|73/100\n|-status|p1b: Sylveon|brn|[from] ability: Spicy Spray|[of] p2b: Scovillain\n|move|p2b: Scovillain|Spicy Extract|p2a: Sneasler\n|-boost|p2a: Sneasler|atk|2\n|-unboost|p2a: Sneasler|def|2\n|-enditem|p2a: Sneasler|White Herb\n|-clearnegativeboost|p2a: Sneasler|[silent]\n|\n|-weather|SunnyDay|[upkeep]\n|-damage|p1b: Sylveon|94/100 brn|[from] brn\n|upkeep\n|turn|2\n|inactive|kevingates#1fan has 30 seconds left.\n|inactive|kevingates#1fan has 20 seconds left.\n|inactive|kevingates#1fan has 15 seconds left.\n|inactive|kevingates#1fan has 10 seconds left.\n|\n|t:|1788268717\n|move|p2a: Sneasler|Dire Claw|p1a: Charizard\n|-damage|p1a: Charizard|0 fnt\n|faint|p1a: Charizard\n|move|p1b: Sylveon|Hyper Voice|p2b: Scovillain|[spread] p2a,p2b\n|-resisted|p2b: Scovillain|1\n|-damage|p2a: Sneasler|0 fnt\n|-damage|p2b: Scovillain|47/100\n|faint|p2a: Sneasler\n|move|p2b: Scovillain|Giga Drain|p1b: Sylveon\n|-damage|p1b: Sylveon|68/100 brn\n|-heal|p2b: Scovillain|61/100|[from] drain|[of] p1b: Sylveon\n|\n|-weather|SunnyDay|[upkeep]\n|-damage|p1b: Sylveon|62/100 brn|[from] brn\n|upkeep\n|\n|t:|1788268727\n|switch|p2a: Corviknight|Corviknight, L50, M|100/100\n|switch|p1a: Basculegion|Basculegion, L50, M|100/100\n|turn|3\n|\n|t:|1788268738\n|move|p1a: Basculegion|Last Respects|p2a: Corviknight\n|-damage|p2a: Corviknight|40/100\n|move|p1b: Sylveon|Hyper Voice|p2a: Corviknight|[spread] p2a,p2b\n|-resisted|p2a: Corviknight|1\n|-resisted|p2b: Scovillain|1\n|-damage|p2a: Corviknight|15/100\n|-damage|p2b: Scovillain|34/100\n|move|p2b: Scovillain|Giga Drain|p1a: Basculegion\n|-supereffective|p1a: Basculegion|1\n|-damage|p1a: Basculegion|31/100\n|-heal|p2b: Scovillain|74/100|[from] drain|[of] p1a: Basculegion\n|move|p2a: Corviknight|Iron Head|p1b: Sylveon\n|-supereffective|p1b: Sylveon|1\n|-crit|p1b: Sylveon\n|-damage|p1b: Sylveon|0 fnt\n|faint|p1b: Sylveon\n|\n|-weather|SunnyDay|[upkeep]\n|-heal|p2a: Corviknight|20/100y|[from] item: Leftovers\n|upkeep\n|\n|t:|1788268738\n|switch|p1b: Kingambit|Kingambit, L50, M|100/100\n|-activate|p1b: Kingambit|ability: Supreme Overlord\n|-start|p1b: Kingambit|fallen2|[silent]\n|turn|4\n|inactive|kevingates#1fan has 30 seconds left.\n|inactive|kevingates#1fan has 20 seconds left.\n|\n|t:|1788268774\n|move|p2b: Scovillain|Rage Powder|p2b: Scovillain\n|-singleturn|p2b: Scovillain|move: Rage Powder\n|move|p1a: Basculegion|Last Respects|p2b: Scovillain\n|-damage|p2b: Scovillain|0 fnt\n|-status|p1a: Basculegion|brn|[from] ability: Spicy Spray|[of] p2b: Scovillain\n|faint|p2b: Scovillain\n|move|p1b: Kingambit|Kowtow Cleave|p2a: Corviknight\n|-damage|p2a: Corviknight|0 fnt\n|faint|p2a: Corviknight\n|\n|-weather|SunnyDay|[upkeep]\n|-damage|p1a: Basculegion|25/100 brn|[from] brn\n|upkeep\n|\n|t:|1788268781\n|switch|p2a: Rotom|Rotom-Wash, L50|100/100\n|turn|5\n|\n|t:|1788268786\n|move|p1a: Basculegion|Last Respects|p2a: Rotom\n|-damage|p2a: Rotom|46/100\n|-enditem|p2a: Rotom|Sitrus Berry|[eat]\n|-heal|p2a: Rotom|71/100|[from] item: Sitrus Berry\n|move|p2a: Rotom|Thunderbolt|p1a: Basculegion\n|-supereffective|p1a: Basculegion|1\n|-damage|p1a: Basculegion|0 fnt\n|faint|p1a: Basculegion\n|move|p1b: Kingambit|Kowtow Cleave|p2a: Rotom\n|-damage|p2a: Rotom|0 fnt\n|faint|p2a: Rotom\n|\n|win|Thornlace48812\n|raw|Thornlace48812's rating: 1115 &rarr; <strong>1137</strong><br />(+22 for winning)\n|raw|kevingates#1fan's rating: 1074 &rarr; <strong>1055</strong><br />(-19 for losing)\n","uploadtime":1788268787,"views":"1","formatid":"gen9championsvgc2026regmb","rating":1055,"private":0,"password":null}