{"id":"gen9championsvgc2026regmb-2674131355","format":"[Gen 9 Champions] VGC 2026 Reg M-B","players":["triplemz1125","ShomiYomi"],"log":"|j|☆triplemz1125\n|j|☆ShomiYomi\n|t:|1788303727\n|gametype|doubles\n|player|p1|triplemz1125|norman|\n|player|p2|ShomiYomi|2|\n|gen|9\n|tier|[Gen 9 Champions] VGC 2026 Reg M-B\n|rule|Species Clause: Limit one of each Pokémon\n|rule|Item Clause: Limit 1 of each item\n|clearpoke\n|poke|p1|Garchomp, L50, F, shiny|\n|poke|p1|Skarmory, L50, M, shiny|\n|poke|p1|Rotom-Heat, L50|\n|poke|p1|Weavile, L50, M|\n|poke|p1|Clawitzer, L50, F, shiny|\n|poke|p1|Zoroark-Hisui, L50, M|\n|poke|p2|Drampa, L50, F|\n|poke|p2|Barbaracle, L50, F|\n|poke|p2|Armarouge, L50, F|\n|poke|p2|Farigiraf, L50, M, shiny|\n|poke|p2|Clefable, L50, F|\n|poke|p2|Sinistcha, L50|\n|teampreview|4\nShomiYomi rejected open team sheets.\n|\n|t:|1788303814\n|teamsize|p1|4\n|teamsize|p2|4\n|start\n|switch|p1a: Pevin Purant|Garchomp, L50, F, shiny|100/100\n|switch|p1b: Westjet|Skarmory, L50, M, shiny|100/100\n|switch|p2a: DripDramp|Drampa, L50, F|100/100\n|switch|p2b: Frickgiraf|Farigiraf, L50, M, shiny|100/100\n|turn|1\n|c|☆ShomiYomi|Bro is THINKIN\n|c|☆triplemz1125|I do be\n|\n|t:|1788303897\n|detailschange|p1b: Westjet|Skarmory-Mega, L50, M, shiny\n|-mega|p1b: Westjet|Skarmory|Skarmorite\n|detailschange|p2a: DripDramp|Drampa-Mega, L50, F\n|-mega|p2a: DripDramp|Drampa|Drampanite\n|move|p1a: Pevin Purant|Taunt|p2b: Frickgiraf\n|-start|p2b: Frickgiraf|move: Taunt\n|move|p1b: Westjet|Iron Head|p2a: DripDramp\n|-damage|p2a: DripDramp|67/100\n|move|p2a: DripDramp|Dragon Pulse|p1a: Pevin Purant\n|-damage|p1a: Pevin Purant|0 fnt\n|replace|p1a: Mr. Fox|Zoroark-Hisui, L50, M\n|-end|p1a: Mr. Fox|Illusion\n|faint|p1a: Mr. Fox\n|cant|p2b: Frickgiraf|move: Taunt|Trick Room\n|\n|upkeep\n|\n|t:|1788303915\n|switch|p1a: Pevin Purant|Garchomp, L50, F, shiny|100/100\n|turn|2\n|\n|t:|1788303942\n|switch|p2b: Codeine Crazy|Sinistcha, L50|100/100\n|-heal|p2a: DripDramp|92/100|[from] ability: Hospitality|[of] p2b: Codeine Crazy\n|move|p2a: DripDramp|Protect|p2a: DripDramp\n|-singleturn|p2a: DripDramp|Protect\n|move|p1b: Westjet|Iron Head|p2b: Codeine Crazy\n|-damage|p2b: Codeine Crazy|62/100\n|move|p1a: Pevin Purant|Dragon Claw|p2a: DripDramp\n|-activate|p2a: DripDramp|move: Protect\n|\n|upkeep\n|turn|3\n|\n|t:|1788303977\n|switch|p2a: Rouge the Bat|Armarouge, L50, F|100/100\n|move|p1a: Pevin Purant|Protect|p1a: Pevin Purant\n|-singleturn|p1a: Pevin Purant|Protect\n|move|p1b: Westjet|Brave Bird|p2b: Codeine Crazy\n|-supereffective|p2b: Codeine Crazy|1\n|-damage|p2b: Codeine Crazy|0 fnt\n|faint|p2b: Codeine Crazy\n|-damage|p1b: Westjet|78/100|[from] Recoil\n|\n|upkeep\n|\n|t:|1788303989\n|switch|p2b: Frickgiraf|Farigiraf, L50, M, shiny|100/100\n|turn|4\n|\n|t:|1788304005\n|move|p2b: Frickgiraf|Helping Hand|p2a: Rouge the Bat\n|-singleturn|p2a: Rouge the Bat|Helping Hand|[of] p2b: Frickgiraf\n|move|p2a: Rouge the Bat|Heat Wave|p1b: Westjet|[spread] p1a,p1b\n|-resisted|p1a: Pevin Purant|1\n|-supereffective|p1b: Westjet|1\n|-damage|p1a: Pevin Purant|70/100\n|-damage|p1b: Westjet|0 fnt\n|faint|p1b: Westjet\n|move|p1a: Pevin Purant|Earthquake|p2a: Rouge the Bat|[spread] p2a,p2b\n|-supereffective|p2a: Rouge the Bat|1\n|-damage|p2a: Rouge the Bat|17/100\n|-damage|p2b: Frickgiraf|62/100\n|\n|-heal|p2b: Frickgiraf|68/100|[from] item: Leftovers\n|upkeep\n|\n|t:|1788304019\n|switch|p1b: Kawhi|Clawitzer, L50, F, shiny|100/100\n|turn|5\n|\n|t:|1788304037\n|switch|p2a: DripDramp|Drampa-Mega, L50, F|92/100\n|move|p1a: Pevin Purant|Rock Slide|p2b: Frickgiraf|[spread] p2a,p2b\n|-crit|p2b: Frickgiraf\n|-damage|p2a: DripDramp|74/100\n|-damage|p2b: Frickgiraf|39/100\n|move|p1b: Kawhi|Dark Pulse|p2b: Frickgiraf\n|-supereffective|p2b: Frickgiraf|1\n|-damage|p2b: Frickgiraf|0 fnt\n|faint|p2b: Frickgiraf\n|\n|upkeep\n|\n|t:|1788304047\n|switch|p2b: Rouge the Bat|Armarouge, L50, F|17/100\n|turn|6\n|\n|t:|1788304067\n|move|p2b: Rouge the Bat|Energy Ball|p1b: Kawhi\n|-supereffective|p1b: Kawhi|1\n|-damage|p1b: Kawhi|31/100\n|-enditem|p1b: Kawhi|Sitrus Berry|[eat]\n|-heal|p1b: Kawhi|56/100|[from] item: Sitrus Berry\n|move|p1a: Pevin Purant|Rock Slide|p2b: Rouge the Bat|[spread] p2a,p2b\n|-supereffective|p2b: Rouge the Bat|1\n|-damage|p2a: DripDramp|55/100\n|-damage|p2b: Rouge the Bat|0 fnt\n|faint|p2b: Rouge the Bat\n|move|p1b: Kawhi|Aura Sphere|p2a: DripDramp\n|-supereffective|p2a: DripDramp|1\n|-damage|p2a: DripDramp|0 fnt\n|faint|p2a: DripDramp\n|\n|win|triplemz1125\n|c|☆triplemz1125|ggs!\n","uploadtime":1788304082,"views":"5","formatid":"gen9championsvgc2026regmb","rating":null,"private":0,"password":null}