{"id":"gen9championsvgc2026regmbbo3-2673649525","format":"[Gen 9 Champions] VGC 2026 Reg M-B (Bo3)","players":["eggotheduck","bernardomgj"],"log":"|j|☆eggotheduck\n|j|☆bernardomgj\n|html|<table width=\"100%\"><tr><td align=\"left\">eggotheduck</td><td align=\"right\">bernardomgj</tr><tr><td align=\"left\"><i class=\"fa fa-circle-o\"></i> <i class=\"fa fa-circle-o\"></i> </td><td align=\"right\"><i class=\"fa fa-circle-o\"></i> <i class=\"fa fa-circle-o\"></i> </tr></table>\n|uhtml|bestof|<h2><strong>Game 1</strong> of <a href=\"/game-bestof3-gen9championsvgc2026regmbbo3-2673649524\">a best-of-3</a></h2>\n|t:|1788227027\n|gametype|doubles\n|player|p1|eggotheduck|170|1042\n|player|p2|bernardomgj|169|1053\n|gen|9\n|tier|[Gen 9 Champions] VGC 2026 Reg M-B (Bo3)\n|rated|\n|rule|Species Clause: Limit one of each Pokémon\n|rule|Item Clause: Limit 1 of each item\n|clearpoke\n|poke|p1|Floette-Eternal, L50, F|\n|poke|p1|Basculegion, L50, M|\n|poke|p1|Kingambit, L50, F|\n|poke|p1|Dragonite, L50, M|\n|poke|p1|Garchomp, L50, F|\n|poke|p1|Sneasler, L50, M|\n|poke|p2|Gallade, L50, M, shiny|\n|poke|p2|Maushold, L50|\n|poke|p2|Raichu, L50, F|\n|poke|p2|Weavile, L50, F|\n|poke|p2|Empoleon, L50, M, shiny|\n|poke|p2|Grimmsnarl, L50, M, shiny|\n|teampreview|4\n|showteam|p1|Floette-Eternal||Floettite|FlowerVeil|Moonblast,DazzlingGleam,LightofRuin,Protect|Timid||F|||50|]Basculegion||LifeOrb|Adaptability|WaveCrash,LastRespects,AquaJet,Protect|Adamant||M|||50|]Kingambit||ChopleBerry|Defiant|SuckerPunch,KowtowCleave,LowKick,IronHead|Adamant||F|||50|]Dragonite||Dragoninite|Multiscale|DragonPulse,HeatWave,ExtremeSpeed,Protect|Quiet||M|||50|]Garchomp||ChoiceScarf|RoughSkin|DragonClaw,StompingTantrum,Earthquake,RockSlide|Adamant||F|||50|]Sneasler||FocusSash|PoisonTouch|CloseCombat,DireClaw,FakeOut,Feint|Jolly||M|||50|\n|showteam|p2|Gallade||Galladite|Justified|DrainPunch,RockSlide,ShadowSneak,Protect|Jolly||M|||50|]Maushold||FocusSash|FriendGuard|BeatUp,FollowMe,SuperFang,Protect|Bold|||||50|]Raichu||RaichuniteY|LightningRod|FocusBlast,ZapCannon,Feint,FakeOut|Timid||F|||50|]Weavile||WideLens|Pressure|TripleAxel,KnockOff,FakeOut,LowKick|Jolly||F|||50|]Empoleon||Leftovers|Competitive|HydroPump,FlashCannon,IceBeam,Protect|Bold||M|||50|]Grimmsnarl||LightClay|Prankster|SpiritBreak,LightScreen,Reflect,PartingShot|Careful||M|||50|\n|inactive|Battle timer is ON: inactive players will automatically lose when time's up. (requested by eggotheduck)\n|inactive|eggotheduck has 60 seconds left.\n|\n|t:|1788227080\n|teamsize|p1|4\n|teamsize|p2|4\n|start\n|switch|p1a: Basculegion|Basculegion, L50, M|100/100\n|switch|p1b: Sneasler|Sneasler, L50, M|100/100\n|switch|p2a: Grimmsnarl|Grimmsnarl, L50, M, shiny|100/100\n|switch|p2b: Weavile|Weavile, L50, F|100/100\n|-ability|p2b: Weavile|Pressure\n|turn|1\n|\n|t:|1788227102\n|move|p2b: Weavile|Fake Out|p1b: Sneasler\n|-damage|p1b: Sneasler|77/100\n|cant|p1b: Sneasler|flinch\n|move|p2a: Grimmsnarl|Reflect|p2a: Grimmsnarl\n|-sidestart|p2: bernardomgj|Reflect\n|move|p1a: Basculegion|Wave Crash|p2b: Weavile\n|-damage|p2b: Weavile|0 fnt\n|faint|p2b: Weavile\n|-damage|p1a: Basculegion|78/100|[from] Recoil\n|-damage|p1a: Basculegion|68/100|[from] item: Life Orb\n|\n|upkeep\n|\n|t:|1788227112\n|switch|p2b: Maushold|Maushold, L50|100/100\n|turn|2\n|inactive|eggotheduck has 30 seconds left.\n|inactive|eggotheduck has 20 seconds left.\n|inactive|eggotheduck has 15 seconds left.\n|inactive|eggotheduck has 10 seconds left.\n|\n|t:|1788227158\n|switch|p1b: Floette|Floette-Eternal, L50, F|100/100\n|switch|p2b: Gallade|Gallade, L50, M, shiny|100/100\n|switch|p1a: Garchomp|Garchomp, L50, F|100/100\n|move|p2a: Grimmsnarl|Parting Shot|p1b: Floette\n|-unboost|p1b: Floette|atk|1\n|-unboost|p1b: Floette|spa|1\n|\n|t:|1788227171\n|switch|p2a: Maushold|Maushold, L50|100/100|[from] Parting Shot\n|\n|upkeep\n|turn|3\n|\n|t:|1788227195\n|move|p1b: Floette|Protect|p1b: Floette\n|-singleturn|p1b: Floette|Protect\n|move|p1a: Garchomp|Stomping Tantrum|p2b: Gallade\n|-damage|p2b: Gallade|73/100\n|move|p2a: Maushold|Beat Up|p2b: Gallade\n|-damage|p2b: Gallade|71/100\n|-ability|p2b: Gallade|Justified|boost\n|-boost|p2b: Gallade|atk|1\n|-damage|p2b: Gallade|69/100\n|-ability|p2b: Gallade|Justified|boost\n|-boost|p2b: Gallade|atk|1\n|-damage|p2b: Gallade|66/100\n|-ability|p2b: Gallade|Justified|boost\n|-boost|p2b: Gallade|atk|1\n|-hitcount|p2b: Gallade|3\n|move|p2b: Gallade|Rock Slide|p1b: Floette|[spread] p1a\n|-activate|p1b: Floette|move: Protect\n|-resisted|p1a: Garchomp|1\n|-damage|p1a: Garchomp|84/100\n|\n|upkeep\n|turn|4\n|\n|t:|1788227218\n|switch|p1b: Basculegion|Basculegion, L50, M|68/100\n|detailschange|p2b: Gallade|Gallade-Mega, L50, M, shiny\n|-mega|p2b: Gallade|Gallade|Galladite\n|move|p2a: Maushold|Follow Me|p2a: Maushold\n|-singleturn|p2a: Maushold|move: Follow Me\n|move|p1a: Garchomp|Stomping Tantrum|p2a: Maushold\n|-damage|p2a: Maushold|71/100\n|move|p2b: Gallade|Drain Punch|p1a: Garchomp\n|-damage|p1a: Garchomp|0 fnt\n|-heal|p2b: Gallade|100/100|[from] drain|[of] p1a: Garchomp\n|-damage|p2b: Gallade|87/100|[from] ability: Rough Skin|[of] p1a: Garchomp\n|faint|p1a: Garchomp\n|\n|upkeep\n|\n|t:|1788227234\n|switch|p1a: Floette|Floette-Eternal, L50, F|100/100\n|turn|5\n|\n|t:|1788227243\n|detailschange|p1a: Floette|Floette-Mega, L50, F\n|-mega|p1a: Floette|Floette|Floettite\n|-ability|p1a: Floette|Fairy Aura\n|move|p2a: Maushold|Follow Me|p2a: Maushold\n|-singleturn|p2a: Maushold|move: Follow Me\n|move|p2b: Gallade|Shadow Sneak|p1b: Basculegion\n|-supereffective|p1b: Basculegion|1\n|-damage|p1b: Basculegion|0 fnt\n|faint|p1b: Basculegion\n|move|p1a: Floette|Dazzling Gleam|p2b: Gallade|[spread] p2a,p2b\n|-supereffective|p2b: Gallade|1\n|-damage|p2a: Maushold|19/100\n|-damage|p2b: Gallade|18/100\n|\n|upkeep\n|\n|t:|1788227249\n|switch|p1b: Sneasler|Sneasler, L50, M|77/100\n|turn|6\n|\n|t:|1788227263\n|move|p1b: Sneasler|Fake Out|p2b: Gallade\n|-damage|p2b: Gallade|11/100\n|-status|p2b: Gallade|psn|[from] ability: Poison Touch|[of] p1b: Sneasler\n|move|p2a: Maushold|Follow Me|p2a: Maushold\n|-singleturn|p2a: Maushold|move: Follow Me\n|move|p1a: Floette|Dazzling Gleam|p2a: Maushold|[spread] p2a,p2b\n|-supereffective|p2b: Gallade|1\n|-damage|p2a: Maushold|0 fnt\n|-damage|p2b: Gallade|0 fnt\n|faint|p2a: Maushold\n|faint|p2b: Gallade\n|\n|upkeep\n|\n|t:|1788227275\n|switch|p2a: Grimmsnarl|Grimmsnarl, L50, M, shiny|100/100\n|turn|7\n|\n|t:|1788227284\n|move|p1b: Sneasler|Dire Claw|p2a: Grimmsnarl\n|-supereffective|p2a: Grimmsnarl|1\n|-damage|p2a: Grimmsnarl|42/100\n|-status|p2a: Grimmsnarl|slp\n|move|p1a: Floette|Moonblast|p2a: Grimmsnarl\n|-supereffective|p2a: Grimmsnarl|1\n|-damage|p2a: Grimmsnarl|0 fnt\n|faint|p2a: Grimmsnarl\n|\n|win|eggotheduck\n","uploadtime":1788227289,"views":"0","formatid":"gen9championsvgc2026regmbbo3","rating":null,"private":0,"password":null}