{"id":"gen9championsvgc2026regmb-2673862707","format":"[Gen 9 Champions] VGC 2026 Reg M-B","players":["Thornlace48812","mkklloll"],"log":"|j|☆Thornlace48812\n|j|☆mkklloll\n|t:|1788270073\n|gametype|doubles\n|player|p1|Thornlace48812|102|1217\n|player|p2|mkklloll|linebacker|1189\n|gen|9\n|tier|[Gen 9 Champions] VGC 2026 Reg M-B\n|rated|\n|rule|Species Clause: Limit one of each Pokémon\n|rule|Item Clause: Limit 1 of each item\n|clearpoke\n|poke|p1|Garchomp, L50, F|\n|poke|p1|Charizard, L50, F|\n|poke|p1|Whimsicott, L50, F|\n|poke|p1|Sylveon, L50, M|\n|poke|p1|Kingambit, L50, F|\n|poke|p1|Basculegion, L50, M|\n|poke|p2|Aegislash, L50, M, shiny|\n|poke|p2|Rotom-Wash, L50, shiny|\n|poke|p2|Kingambit, L50, M|\n|poke|p2|Venusaur, L50, M, shiny|\n|poke|p2|Charizard, L50, M, shiny|\n|poke|p2|Incineroar, L50, M, shiny|\n|teampreview|4\n|inactive|Battle timer is ON: inactive players will automatically lose when time's up. (requested by mkklloll)\n|inactive|Thornlace48812 also wants the timer to be on.\nThornlace48812 rejected open team sheets.\n|inactive|mkklloll has 60 seconds left.\n|\n|t:|1788270124\n|teamsize|p1|4\n|teamsize|p2|4\n|start\n|switch|p1a: Garchomp|Garchomp, L50, F|100/100\n|switch|p1b: Sylveon|Sylveon, L50, M|100/100\n|switch|p2a: When washers fly|Rotom-Wash, L50, shiny|100/100\n|switch|p2b: In-N-Out|Incineroar, L50, M, shiny|100/100\n|-ability|p2b: In-N-Out|Intimidate|boost\n|-unboost|p1a: Garchomp|atk|1\n|-unboost|p1b: Sylveon|atk|1\n|turn|1\n|\n|t:|1788270136\n|move|p1a: Garchomp|Protect|p1a: Garchomp\n|-singleturn|p1a: Garchomp|Protect\n|move|p1b: Sylveon|Detect|p1b: Sylveon\n|-singleturn|p1b: Sylveon|Protect\n|move|p2b: In-N-Out|Fake Out|p1a: Garchomp\n|-activate|p1a: Garchomp|move: Protect\n|move|p2a: When washers fly|Hydro Pump|p1a: Garchomp\n|-activate|p1a: Garchomp|move: Protect\n|\n|upkeep\n|turn|2\n|\n|t:|1788270153\n|switch|p2a: Flower|Venusaur, L50, M, shiny|100/100\n|move|p1a: Garchomp|Rock Slide|p2a: Flower|[spread] p2a,p2b\n|-supereffective|p2b: In-N-Out|1\n|-damage|p2a: Flower|77/100\n|-damage|p2b: In-N-Out|66/100\n|-damage|p1a: Garchomp|90/100|[from] item: Life Orb\n|move|p1b: Sylveon|Hyper Voice|p2a: Flower|[spread] p2a,p2b\n|-resisted|p2a: Flower|1\n|-damage|p2a: Flower|49/100\n|-damage|p2b: In-N-Out|34/100\n|-enditem|p2b: In-N-Out|Sitrus Berry|[eat]\n|-heal|p2b: In-N-Out|59/100|[from] item: Sitrus Berry\n|move|p2b: In-N-Out|Parting Shot|p1b: Sylveon\n|-unboost|p1b: Sylveon|atk|1\n|-unboost|p1b: Sylveon|spa|1\n|\n|t:|1788270157\n|switch|p2b: Hades|Charizard, L50, M, shiny|100/100|[from] Parting Shot\n|\n|upkeep\n|turn|3\n|inactive|mkklloll has 30 seconds left.\n|inactive|mkklloll has 20 seconds left.\n|inactive|mkklloll has 15 seconds left.\n|inactive|mkklloll has 10 seconds left.\n|\n|t:|1788270202\n|detailschange|p2b: Hades|Charizard-Mega-Y, L50, M, shiny\n|-mega|p2b: Hades|Charizard|Charizardite Y\n|-weather|SunnyDay|[from] ability: Drought|[of] p2b: Hades\n|move|p2a: Flower|Sludge Bomb|p1b: Sylveon\n|-supereffective|p1b: Sylveon|1\n|-damage|p1b: Sylveon|12/100\n|-damage|p2a: Flower|40/100|[from] item: Life Orb\n|move|p1a: Garchomp|Rock Slide|p2a: Flower|[spread] p2a,p2b\n|-supereffective|p2b: Hades|2\n|-damage|p2a: Flower|18/100\n|-damage|p2b: Hades|2/100\n|-damage|p1a: Garchomp|80/100|[from] item: Life Orb\n|move|p2b: Hades|Solar Beam||[still]\n|-prepare|p2b: Hades|Solar Beam\n|-anim|p2b: Hades|Solar Beam|p1a: Garchomp\n|-damage|p1a: Garchomp|27/100\n|move|p1b: Sylveon|Hyper Voice|p2a: Flower|[spread] p2a,p2b\n|-resisted|p2a: Flower|1\n|-resisted|p2b: Hades|1\n|-damage|p2a: Flower|0 fnt\n|-damage|p2b: Hades|0 fnt\n|faint|p2a: Flower\n|faint|p2b: Hades\n|\n|-weather|SunnyDay|[upkeep]\n|upkeep\n|\n|t:|1788270208\n|switch|p2b: In-N-Out|Incineroar, L50, M, shiny|59/100\n|switch|p2a: When washers fly|Rotom-Wash, L50, shiny|100/100\n|-ability|p2b: In-N-Out|Intimidate|boost\n|-unboost|p1a: Garchomp|atk|1\n|-unboost|p1b: Sylveon|atk|1\n|turn|4\n|\n|t:|1788270233\n|move|p2b: In-N-Out|Fake Out|p1b: Sylveon\n|-crit|p1b: Sylveon\n|-damage|p1b: Sylveon|0 fnt\n|faint|p1b: Sylveon\n|move|p2a: When washers fly|Trick|p1a: Garchomp\n|-activate|p2a: When washers fly|move: Trick|[of] p1a: Garchomp\n|-item|p1a: Garchomp|Choice Scarf|[from] move: Trick\n|-item|p2a: When washers fly|Life Orb|[from] move: Trick\n|move|p1a: Garchomp|Rock Slide|p2b: In-N-Out|[spread] p2a,p2b\n|-supereffective|p2b: In-N-Out|1\n|-damage|p2a: When washers fly|86/100\n|-damage|p2b: In-N-Out|40/100\n|\n|-weather|SunnyDay|[upkeep]\n|upkeep\n|\n|t:|1788270235\n|switch|p1b: Charizard|Charizard, L50, F|100/100\n|turn|5\n|\n|t:|1788270251\n|detailschange|p1b: Charizard|Charizard-Mega-Y, L50, F\n|-mega|p1b: Charizard|Charizard|Charizardite Y\n|move|p1a: Garchomp|Rock Slide|p2b: In-N-Out|[spread] p2a,p2b\n|-supereffective|p2b: In-N-Out|1\n|-damage|p2a: When washers fly|73/100\n|-damage|p2b: In-N-Out|20/100y\n|cant|p2a: When washers fly|flinch\n|move|p1b: Charizard|Heat Wave|p2b: In-N-Out|[spread] p2a,p2b\n|-resisted|p2a: When washers fly|1\n|-resisted|p2b: In-N-Out|1\n|-damage|p2a: When washers fly|25/100\n|-damage|p2b: In-N-Out|0 fnt\n|faint|p2b: In-N-Out\n|\n|-weather|SunnyDay|[upkeep]\n|upkeep\n|turn|6\n|\n|t:|1788270260\n|move|p1a: Garchomp|Rock Slide|p2a: When washers fly\n|-damage|p2a: When washers fly|6/100\n|move|p2a: When washers fly|Hydro Pump|p1b: Charizard|[miss]\n|-miss|p2a: When washers fly|p1b: Charizard\n|move|p1b: Charizard|Ancient Power|p2a: When washers fly\n|-damage|p2a: When washers fly|0 fnt\n|faint|p2a: When washers fly\n|\n|win|Thornlace48812\n|raw|Thornlace48812's rating: 1099 &rarr; <strong>1131</strong><br />(+32 for winning)\n|raw|mkklloll's rating: 1189 &rarr; <strong>1158</strong><br />(-31 for losing)\n","uploadtime":1788270260,"views":"1","formatid":"gen9championsvgc2026regmb","rating":1131,"private":0,"password":null}