{"id":"gen9championsvgc2026regmbbo3-2674729019","format":"[Gen 9 Champions] VGC 2026 Reg M-B (Bo3)","players":["Yoghurt25","babel hal"],"log":"|j|☆Yoghurt25\n|j|☆babel hal\n|html|<table width=\"100%\"><tr><td align=\"left\">Yoghurt25</td><td align=\"right\">babel hal</tr><tr><td align=\"left\"><i class=\"fa fa-circle\"></i> <i class=\"fa fa-circle-o\"></i> </td><td align=\"right\"><i class=\"fa fa-circle-o\"></i> <i class=\"fa fa-circle-o\"></i> </tr></table>\n|uhtml|bestof|<h2><strong>Game 2</strong> of <a href=\"/game-bestof3-gen9championsvgc2026regmbbo3-2674727859\">a best-of-3</a></h2>\n|t:|1788397030\n|gametype|doubles\n|player|p1|Yoghurt25|101|1101\n|player|p2|babel hal|101|1161\n|gen|9\n|tier|[Gen 9 Champions] VGC 2026 Reg M-B (Bo3)\n|rated|\n|rule|Species Clause: Limit one of each Pokémon\n|rule|Item Clause: Limit 1 of each item\n|clearpoke\n|poke|p1|Sinistcha, L50|\n|poke|p1|Incineroar, L50, M|\n|poke|p1|Blaziken, L50, M|\n|poke|p1|Ninetales-Alola, L50, F|\n|poke|p1|Mawile, L50, F|\n|poke|p1|Basculegion, L50, M|\n|poke|p2|Clefable, L50, M|\n|poke|p2|Empoleon, L50, M|\n|poke|p2|Sinistcha, L50|\n|poke|p2|Farigiraf, L50, M|\n|poke|p2|Blaziken, L50, F|\n|poke|p2|Sneasler, L50, F|\n|teampreview|4\n|showteam|p1|Sinistcha||KasibBerry|Hospitality|MatchaGotcha,RagePowder,TrickRoom,Protect|Relaxed|||||50|]Incineroar||SitrusBerry|Intimidate|FlareBlitz,FakeOut,PartingShot,HelpingHand|Careful||M|||50|]Blaziken||Blazikenite|SpeedBoost|CloseCombat,FlareBlitz,RockSlide,Detect|Adamant||M|||50|]Ninetales-Alola||NeverMeltIce|SnowWarning|Blizzard,FreezeDry,Encore,Protect|Timid||F|||50|]Mawile||Mawilite|HyperCutter|PlayRough,IronHead,SuckerPunch,Protect|Adamant||F|||50|]Basculegion||LifeOrb|Adaptability|WaveCrash,LastRespects,AquaJet,Protect|Adamant||M|||50|\n|showteam|p2|Clefable||Clefablite|CuteCharm|FollowMe,LifeDew,IcyWind,DrainingKiss|Modest||M|||50|]Empoleon||SitrusBerry|Competitive|GrassKnot,HydroPump,VacuumWave,SteelBeam|Quiet||M|||50|]Sinistcha||ZoomLens|Hospitality|MatchaGotcha,StrengthSap,TrickRoom,RagePowder|Relaxed|||||50|]Farigiraf||Leftovers|ArmorTail|StoredPower,Agility,CalmMind,HyperVoice|Modest||M|||50|]Blaziken||Blazikenite|SpeedBoost|Protect,RockSlide,CloseCombat,FlareBlitz|Adamant||F|||50|]Sneasler||FocusSash|Unburden|Coaching,CloseCombat,FakeOut,DireClaw|Adamant||F|||50|\n|\n|t:|1788397072\n|teamsize|p1|4\n|teamsize|p2|4\n|start\n|switch|p1a: Basculegion|Basculegion, L50, M|100/100\n|switch|p1b: Blaziken|Blaziken, L50, M|100/100\n|switch|p2a: Blaziken|Blaziken, L50, F|100/100\n|switch|p2b: Sneasler|Sneasler, L50, F|100/100\n|turn|1\n|\n|t:|1788397100\n|switch|p2a: Empoleon|Empoleon, L50, M|100/100\n|move|p1b: Blaziken|Detect|p1b: Blaziken\n|-singleturn|p1b: Blaziken|Protect\n|move|p1a: Basculegion|Aqua Jet|p2b: Sneasler\n|-damage|p2b: Sneasler|42/100\n|-damage|p1a: Basculegion|90/100|[from] item: Life Orb\n|move|p2b: Sneasler|Dire Claw|p1a: Basculegion\n|-resisted|p1a: Basculegion|1\n|-damage|p1a: Basculegion|63/100\n|\n|-ability|p1b: Blaziken|Speed Boost|boost\n|-boost|p1b: Blaziken|spe|1\n|upkeep\n|turn|2\n|\n|t:|1788397118\n|switch|p2a: Sinistcha|Sinistcha, L50|100/100\n|-heal|p2b: Sneasler|66/100|[from] ability: Hospitality|[of] p2a: Sinistcha\n|detailschange|p1b: Blaziken|Blaziken-Mega, L50, M\n|-mega|p1b: Blaziken|Blaziken|Blazikenite\n|move|p1a: Basculegion|Aqua Jet|p2b: Sneasler\n|-damage|p2b: Sneasler|5/100\n|-damage|p1a: Basculegion|54/100|[from] item: Life Orb\n|move|p1b: Blaziken|Close Combat|p2a: Sinistcha\n|-immune|p2a: Sinistcha\n|move|p2b: Sneasler|Dire Claw|p1a: Basculegion\n|-resisted|p1a: Basculegion|1\n|-damage|p1a: Basculegion|30/100\n|-status|p1a: Basculegion|slp\n|\n|-ability|p1b: Blaziken|Speed Boost|boost\n|-boost|p1b: Blaziken|spe|1\n|upkeep\n|turn|3\n|\n|t:|1788397156\n|switch|p2b: Empoleon|Empoleon, L50, M|100/100\n|switch|p2a: Blaziken|Blaziken, L50, F|100/100\n|move|p1b: Blaziken|Flare Blitz|p2b: Empoleon\n|-damage|p2b: Empoleon|20/100y\n|-enditem|p2b: Empoleon|Sitrus Berry|[eat]\n|-heal|p2b: Empoleon|45/100|[from] item: Sitrus Berry\n|-damage|p1b: Blaziken|70/100|[from] Recoil\n|cant|p1a: Basculegion|slp\n|\n|-ability|p1b: Blaziken|Speed Boost|boost\n|-boost|p1b: Blaziken|spe|1\n|upkeep\n|turn|4\n|\n|t:|1788397185\n|detailschange|p2a: Blaziken|Blaziken-Mega, L50, F\n|-mega|p2a: Blaziken|Blaziken|Blazikenite\n|move|p1b: Blaziken|Detect|p1b: Blaziken\n|-singleturn|p1b: Blaziken|Protect\n|move|p2b: Empoleon|Vacuum Wave|p1b: Blaziken\n|-activate|p1b: Blaziken|move: Protect\n|move|p2a: Blaziken|Rock Slide|p1a: Basculegion|[spread] p1a\n|-activate|p1b: Blaziken|move: Protect\n|-damage|p1a: Basculegion|3/100 slp\n|-curestatus|p1a: Basculegion|slp|[msg]\n|move|p1a: Basculegion|Last Respects|p2a: Blaziken\n|-damage|p2a: Blaziken|36/100\n|-damage|p1a: Basculegion|0 fnt|[from] item: Life Orb\n|faint|p1a: Basculegion\n|\n|-ability|p1b: Blaziken|Speed Boost|boost\n|-boost|p1b: Blaziken|spe|1\n|-ability|p2a: Blaziken|Speed Boost|boost\n|-boost|p2a: Blaziken|spe|1\n|upkeep\n|\n|t:|1788397203\n|switch|p1a: Sinistcha|Sinistcha, L50|100/100\n|-heal|p1b: Blaziken|94/100|[from] ability: Hospitality|[of] p1a: Sinistcha\n|turn|5\n|\n|t:|1788397233\n|switch|p2b: Sinistcha|Sinistcha, L50|100/100\n|-heal|p2a: Blaziken|61/100|[from] ability: Hospitality|[of] p2b: Sinistcha\n|move|p1b: Blaziken|Flare Blitz|p2b: Sinistcha\n|-supereffective|p2b: Sinistcha|1\n|-damage|p2b: Sinistcha|0 fnt\n|faint|p2b: Sinistcha\n|-damage|p1b: Blaziken|59/100|[from] Recoil\n|move|p2a: Blaziken|Flare Blitz|p1a: Sinistcha\n|-supereffective|p1a: Sinistcha|1\n|-damage|p1a: Sinistcha|0 fnt\n|faint|p1a: Sinistcha\n|-damage|p2a: Blaziken|24/100|[from] Recoil\n|\n|-ability|p1b: Blaziken|Speed Boost|boost\n|-boost|p1b: Blaziken|spe|1\n|-ability|p2a: Blaziken|Speed Boost|boost\n|-boost|p2a: Blaziken|spe|1\n|upkeep\n|\n|t:|1788397249\n|switch|p1a: Incineroar|Incineroar, L50, M|100/100\n|switch|p2b: Empoleon|Empoleon, L50, M|45/100\n|-ability|p1a: Incineroar|Intimidate|boost\n|-unboost|p2a: Blaziken|atk|1\n|-unboost|p2b: Empoleon|atk|1\n|-ability|p2b: Empoleon|Competitive|boost\n|-boost|p2b: Empoleon|spa|2\n|turn|6\n|\n|t:|1788397269\n|move|p1a: Incineroar|Fake Out|p2b: Empoleon\n|-resisted|p2b: Empoleon|1\n|-damage|p2b: Empoleon|40/100\n|cant|p2b: Empoleon|flinch\n|move|p1b: Blaziken|Close Combat|p2b: Empoleon\n|-supereffective|p2b: Empoleon|1\n|-damage|p2b: Empoleon|0 fnt\n|-unboost|p1b: Blaziken|def|1\n|-unboost|p1b: Blaziken|spd|1\n|faint|p2b: Empoleon\n|move|p2a: Blaziken|Close Combat|p1b: Blaziken\n|-damage|p1b: Blaziken|0 fnt\n|-unboost|p2a: Blaziken|def|1\n|-unboost|p2a: Blaziken|spd|1\n|faint|p1b: Blaziken\n|\n|-ability|p2a: Blaziken|Speed Boost|boost\n|-boost|p2a: Blaziken|spe|1\n|upkeep\n|\n|t:|1788397277\n|switch|p2b: Sneasler|Sneasler, L50, F|5/100\n|turn|7\n|\n|t:|1788397288\n|move|p2b: Sneasler|Fake Out|p1a: Incineroar\n|-damage|p1a: Incineroar|86/100\n|move|p2a: Blaziken|Close Combat|p1a: Incineroar\n|-supereffective|p1a: Incineroar|1\n|-damage|p1a: Incineroar|0 fnt\n|-unboost|p2a: Blaziken|def|1\n|-unboost|p2a: Blaziken|spd|1\n|faint|p1a: Incineroar\n|\n|win|babel hal\n||babel hal is ready for game 3.\n","uploadtime":1788397298,"views":"4","formatid":"gen9championsvgc2026regmbbo3","rating":null,"private":0,"password":null}