{"id":"gen9championsvgc2026regmb-2674687263","format":"[Gen 9 Champions] VGC 2026 Reg M-B","players":["Cowtow14","robby k 360"],"log":"|j|☆Cowtow14\n|j|☆robby k 360\n|t:|1788390587\n|gametype|doubles\n|player|p1|Cowtow14|1|1367\n|player|p2|robby k 360|red|1398\n|gen|9\n|tier|[Gen 9 Champions] VGC 2026 Reg M-B\n|rated|\n|rule|Species Clause: Limit one of each Pokémon\n|rule|Item Clause: Limit 1 of each item\n|clearpoke\n|poke|p1|Staraptor, L50, M|\n|poke|p1|Tsareena, L50, F|\n|poke|p1|Mamoswine, L50, M|\n|poke|p1|Arcanine-Hisui, L50, F|\n|poke|p1|Gholdengo, L50|\n|poke|p1|Raichu, L50, F|\n|poke|p2|Azumarill, L50, F|\n|poke|p2|Scovillain, L50, M|\n|poke|p2|Garchomp, L50, F|\n|poke|p2|Aerodactyl, L50, M|\n|poke|p2|Gholdengo, L50|\n|poke|p2|Raichu, L50, F|\n|teampreview|4\n|inactive|Battle timer is ON: inactive players will automatically lose when time's up. (requested by robby k 360)\n|inactive|Cowtow14 has 60 seconds left.\n|\n|t:|1788390639\n|teamsize|p1|4\n|teamsize|p2|4\n|start\n|switch|p1a: Staraptor|Staraptor, L50, M|100/100\n|switch|p1b: Mamoswine|Mamoswine, L50, M|100/100\n|switch|p2a: Scovillain|Scovillain, L50, M|100/100\n|switch|p2b: Azumarill|Azumarill, L50, F|100/100\n|-ability|p1a: Staraptor|Intimidate|boost\n|-unboost|p2a: Scovillain|atk|1\n|-unboost|p2b: Azumarill|atk|1\n|turn|1\n|inactive|robby k 360 has 30 seconds left.\n|\n|t:|1788390665\n|switch|p1a: Arcanine|Arcanine-Hisui, L50, F|100/100\n|switch|p1b: Tsareena|Tsareena, L50, F|100/100\n|detailschange|p2a: Scovillain|Scovillain-Mega, L50, M\n|-mega|p2a: Scovillain|Scovillain|Scovillainite\n|move|p2a: Scovillain|Rage Powder|p2a: Scovillain\n|-singleturn|p2a: Scovillain|move: Rage Powder\n|move|p2b: Azumarill|Play Rough|p1a: Arcanine\n|-resisted|p1a: Arcanine|1\n|-damage|p1a: Arcanine|77/100\n|\n|upkeep\n|turn|2\n|\n|t:|1788390688\n|move|p1b: Tsareena|Protect|p1b: Tsareena\n|-singleturn|p1b: Tsareena|Protect\n|move|p2b: Azumarill|Protect|p2b: Azumarill\n|-singleturn|p2b: Azumarill|Protect\n|move|p1a: Arcanine|Head Smash|p2b: Azumarill\n|-activate|p2b: Azumarill|move: Protect\n|move|p2a: Scovillain|Overheat|p1b: Tsareena\n|-activate|p1b: Tsareena|move: Protect\n|\n|upkeep\n|turn|3\n|inactive|robby k 360 has 30 seconds left.\n|\n|t:|1788390714\n|switch|p2b: Aerodactyl|Aerodactyl, L50, M|100/100\n|-ability|p2b: Aerodactyl|Unnerve\n|move|p1a: Arcanine|Head Smash|p2a: Scovillain\n|-supereffective|p2a: Scovillain|1\n|-damage|p2a: Scovillain|0 fnt\n|faint|p2a: Scovillain\n|move|p1b: Tsareena|Power Whip|p2b: Aerodactyl\n|-enditem|p2b: Aerodactyl|Focus Sash\n|-damage|p2b: Aerodactyl|1/100\n|\n|upkeep\n|\n|t:|1788390727\n|switch|p2a: Azumarill|Azumarill, L50, F|100/100\n|turn|4\n|\n|t:|1788390732\n|move|p1a: Arcanine|Extreme Speed|p2b: Aerodactyl\n|-resisted|p2b: Aerodactyl|1\n|-damage|p2b: Aerodactyl|0 fnt\n|faint|p2b: Aerodactyl\n|move|p1b: Tsareena|Power Whip|p2a: Azumarill\n|-supereffective|p2a: Azumarill|1\n|-damage|p2a: Azumarill|0 fnt\n|faint|p2a: Azumarill\n|\n|upkeep\n|\n|t:|1788390742\n|switch|p2b: Garchomp|Garchomp, L50, F|100/100\n|turn|5\n|\n|t:|1788390748\n|move|p1a: Arcanine|Protect|p1a: Arcanine\n|-singleturn|p1a: Arcanine|Protect\n|move|p2b: Garchomp|Earthquake|p1b: Tsareena|[spread] p1b\n|-activate|p1a: Arcanine|move: Protect\n|-resisted|p1b: Tsareena|1\n|-damage|p1b: Tsareena|78/100\n|move|p1b: Tsareena|Triple Axel|p2b: Garchomp\n|-supereffective|p2b: Garchomp|2\n|-crit|p2b: Garchomp\n|-damage|p2b: Garchomp|57/100\n|-damage|p1b: Tsareena|65/100|[from] ability: Rough Skin|[of] p2b: Garchomp\n|-supereffective|p2b: Garchomp|2\n|-damage|p2b: Garchomp|2/100\n|-damage|p1b: Tsareena|53/100|[from] ability: Rough Skin|[of] p2b: Garchomp\n|-supereffective|p2b: Garchomp|2\n|-crit|p2b: Garchomp\n|-damage|p2b: Garchomp|0 fnt\n|-damage|p1b: Tsareena|41/100|[from] ability: Rough Skin|[of] p2b: Garchomp\n|-enditem|p1b: Tsareena|Sitrus Berry|[eat]\n|-heal|p1b: Tsareena|65/100|[from] item: Sitrus Berry\n|faint|p2b: Garchomp\n|-hitcount|p2: Garchomp|3\n|\n|win|Cowtow14\n|raw|Cowtow14's rating: 1367 &rarr; <strong>1389</strong><br />(+22 for winning)\n|raw|robby k 360's rating: 1398 &rarr; <strong>1376</strong><br />(-22 for losing)\n|l|☆robby k 360\n|player|p2|\n","uploadtime":1788390765,"views":"4","formatid":"gen9championsvgc2026regmb","rating":1376,"private":0,"password":null}