{"id":"gen9championsvgc2026regmbbo3-2674011134","format":"[Gen 9 Champions] VGC 2026 Reg M-B (Bo3)","players":["BtC37","spacesnake11"],"log":"|j|☆BtC37\n|j|☆spacesnake11\n|html|<table width=\"100%\"><tr><td align=\"left\">BtC37</td><td align=\"right\">spacesnake11</tr><tr><td align=\"left\"><i class=\"fa fa-circle\"></i> <i class=\"fa fa-circle-o\"></i> </td><td align=\"right\"><i class=\"fa fa-circle-o\"></i> <i class=\"fa fa-circle\"></i> </tr></table>\n|uhtml|bestof|<h2><strong>Game 3</strong> of <a href=\"/game-bestof3-gen9championsvgc2026regmbbo3-2674005315\">a best-of-3</a></h2>\n|t:|1788287943\n|gametype|doubles\n|player|p1|BtC37|ghetsis|1266\n|player|p2|spacesnake11|ghetsis|1291\n|gen|9\n|tier|[Gen 9 Champions] VGC 2026 Reg M-B (Bo3)\n|rated|\n|rule|Species Clause: Limit one of each Pokémon\n|rule|Item Clause: Limit 1 of each item\n|clearpoke\n|poke|p1|Gengar, L50, F|\n|poke|p1|Maushold-Four, L50|\n|poke|p1|Garchomp, L50, M|\n|poke|p1|Whimsicott, L50, F, shiny|\n|poke|p1|Incineroar, L50, M|\n|poke|p1|Rotom-Wash, L50|\n|poke|p2|Aerodactyl, L50, M|\n|poke|p2|Pangoro, L50, M|\n|poke|p2|Sylveon, L50, M|\n|poke|p2|Farigiraf, L50, M|\n|poke|p2|Incineroar, L50, M|\n|poke|p2|Camerupt, L50, M|\n|teampreview|4\n|showteam|p1|Gengar||Gengarite|CursedBody|ShadowBall,SludgeBomb,Disable,Protect|Timid||F|||50|]Maushold-Four||ChopleBerry|FriendGuard|FollowMe,Encore,HelpingHand,Protect|Timid|||||50|]Garchomp||LifeOrb|RoughSkin|StompingTantrum,RockSlide,DragonClaw,Protect|Jolly||M|||50|]Whimsicott||FocusSash|Prankster|Tailwind,Moonblast,Encore,Protect|Timid||F|||50|]Incineroar||SitrusBerry|Intimidate|FlareBlitz,FakeOut,PartingShot,ThroatChop|Careful||M|||50|]Rotom-Wash||Leftovers|Levitate|HydroPump,VoltSwitch,WillOWisp,Protect|Bold|||||50|\n|showteam|p2|Aerodactyl||Aerodactylite|Unnerve|RockSlide,DualWingbeat,IceFang,Tailwind|Jolly||M|||50|]Pangoro||LifeOrb|Scrappy|CloseCombat,DarkestLariat,GunkShot,Protect|Adamant||M|||50|]Sylveon||FairyFeather|Pixilate|HyperVoice,HyperBeam,QuickAttack,Detect|Modest||M|||50|]Farigiraf||ColburBerry|ArmorTail|TwinBeam,HelpingHand,TrickRoom,Protect|Calm||M|||50|]Incineroar||SitrusBerry|Intimidate|FakeOut,FlareBlitz,ThroatChop,PartingShot|Impish||M|||50|]Camerupt||Cameruptite|SolidRock|HeatWave,EarthPower,AncientPower,Protect|Quiet||M|||50|\n|\n|t:|1788287980\n|teamsize|p1|4\n|teamsize|p2|4\n|start\n|switch|p1a: Whimsicott|Whimsicott, L50, F, shiny|100/100\n|switch|p1b: Rotom|Rotom-Wash, L50|100/100\n|switch|p2a: Aerodactyl|Aerodactyl, L50, M|100/100\n|switch|p2b: Sylveon|Sylveon, L50, M|100/100\n|-ability|p2a: Aerodactyl|Unnerve\n|turn|1\n|\n|t:|1788288032\n|detailschange|p2a: Aerodactyl|Aerodactyl-Mega, L50, M\n|-mega|p2a: Aerodactyl|Aerodactyl|Aerodactylite\n|move|p1a: Whimsicott|Tailwind|p1a: Whimsicott\n|-sidestart|p1: BtC37|move: Tailwind\n|move|p2a: Aerodactyl|Rock Slide|p1b: Rotom|[spread] p1a,p1b\n|-damage|p1a: Whimsicott|60/100\n|-damage|p1b: Rotom|77/100\n|cant|p1b: Rotom|flinch\n|move|p2b: Sylveon|Hyper Voice|p1b: Rotom|[spread] p1a,p1b\n|-damage|p1a: Whimsicott|0 fnt\n|-damage|p1b: Rotom|32/100\n|faint|p1a: Whimsicott\n|\n|-heal|p1b: Rotom|38/100|[from] item: Leftovers\n|upkeep\n|\n|t:|1788288053\n|switch|p1a: Gengar|Gengar, L50, F|100/100\n|turn|2\n|\n|t:|1788288083\n|detailschange|p1a: Gengar|Gengar-Mega, L50, F\n|-mega|p1a: Gengar|Gengar|Gengarite\n|move|p1a: Gengar|Sludge Bomb|p2b: Sylveon\n|-supereffective|p2b: Sylveon|1\n|-damage|p2b: Sylveon|26/100\n|-status|p2b: Sylveon|psn\n|move|p2a: Aerodactyl|Tailwind|p2a: Aerodactyl\n|-sidestart|p2: spacesnake11|move: Tailwind\n|move|p1b: Rotom|Will-O-Wisp|p2a: Aerodactyl|[miss]\n|-miss|p1b: Rotom|p2a: Aerodactyl\n|move|p2b: Sylveon|Hyper Voice|p1a: Gengar|[spread] p1a,p1b\n|-resisted|p1a: Gengar|1\n|-damage|p1a: Gengar|76/100\n|-damage|p1b: Rotom|0 fnt\n|faint|p1b: Rotom\n|\n|-damage|p2b: Sylveon|14/100 psn|[from] psn\n|upkeep\n|\n|t:|1788288097\n|switch|p1b: Garchomp|Garchomp, L50, M|100/100\n|turn|3\n|\n|t:|1788288118\n|move|p1b: Garchomp|Protect|p1b: Garchomp\n|-singleturn|p1b: Garchomp|Protect\n|move|p2a: Aerodactyl|Ice Fang|p1b: Garchomp\n|-activate|p1b: Garchomp|move: Protect\n|move|p1a: Gengar|Sludge Bomb|p2b: Sylveon\n|-supereffective|p2b: Sylveon|1\n|-damage|p2b: Sylveon|0 fnt\n|faint|p2b: Sylveon\n|\n|upkeep\n|\n|t:|1788288148\n|switch|p2b: Farigiraf|Farigiraf, L50, M|100/100\n|turn|4\n|\n|t:|1788288166\n|move|p2a: Aerodactyl|Ice Fang|p1b: Garchomp|[miss]\n|-miss|p2a: Aerodactyl|p1b: Garchomp\n|move|p1a: Gengar|Shadow Ball|p2a: Aerodactyl\n|-damage|p2a: Aerodactyl|51/100\n|move|p1b: Garchomp|Rock Slide|p2b: Farigiraf|[spread] p2a,p2b\n|-supereffective|p2a: Aerodactyl|1\n|-damage|p2a: Aerodactyl|0 fnt\n|-damage|p2b: Farigiraf|78/100\n|faint|p2a: Aerodactyl\n|-damage|p1b: Garchomp|90/100|[from] item: Life Orb\n|move|p2b: Farigiraf|Trick Room|p2b: Farigiraf\n|-fieldstart|move: Trick Room|[of] p2b: Farigiraf\n|\n|-sideend|p1: BtC37|move: Tailwind\n|upkeep\n|\n|t:|1788288180\n|switch|p2a: Pangoro|Pangoro, L50, M|100/100\n|turn|5\n|\n|t:|1788288204\n|move|p2b: Farigiraf|Twin Beam|p1b: Garchomp\n|-damage|p1b: Garchomp|72/100\n|-damage|p1b: Garchomp|54/100\n|-hitcount|p1b: Garchomp|2\n|move|p1b: Garchomp|Dragon Claw|p2a: Pangoro\n|-damage|p2a: Pangoro|35/100\n|-damage|p1b: Garchomp|44/100|[from] item: Life Orb\n|move|p1a: Gengar|Sludge Bomb|p2a: Pangoro\n|-damage|p2a: Pangoro|0 fnt\n|faint|p2a: Pangoro\n|\n|-sideend|p2: spacesnake11|move: Tailwind\n|upkeep\n|turn|6\n|\n|t:|1788288224\n|move|p1b: Garchomp|Protect|p1b: Garchomp\n|-singleturn|p1b: Garchomp|Protect\n|move|p2b: Farigiraf|Twin Beam|p1a: Gengar\n|-supereffective|p1a: Gengar|1\n|-damage|p1a: Gengar|40/100\n|-supereffective|p1a: Gengar|1\n|-damage|p1a: Gengar|7/100\n|-hitcount|p1a: Gengar|2\n|move|p1a: Gengar|Disable|p2b: Farigiraf\n|-start|p2b: Farigiraf|Disable|Twin Beam\n|\n|upkeep\n|turn|7\n|\n|t:|1788288237\n|move|p1b: Garchomp|Dragon Claw|p2b: Farigiraf\n|-damage|p2b: Farigiraf|30/100\n|-damage|p1b: Garchomp|35/100|[from] item: Life Orb\n|move|p1a: Gengar|Sludge Bomb|p2b: Farigiraf\n|-damage|p2b: Farigiraf|0 fnt\n|faint|p2b: Farigiraf\n|\n|win|BtC37\n|raw|BtC37's rating: 1266 &rarr; <strong>1293</strong><br />(+27 for winning)\n|raw|spacesnake11's rating: 1291 &rarr; <strong>1264</strong><br />(-27 for losing)\n","uploadtime":1788288248,"views":"0","formatid":"gen9championsvgc2026regmbbo3","rating":1264,"private":0,"password":null}