{"id":"gen9championsvgc2026regmb-2674262990","format":"[Gen 9 Champions] VGC 2026 Reg M-B","players":["spricatto","donladbalk"],"log":"|j|☆spricatto\n|j|☆donladbalk\n|t:|1788326225\n|gametype|doubles\n|player|p1|spricatto|2|1497\n|player|p2|donladbalk|lyra|1616\n|gen|9\n|tier|[Gen 9 Champions] VGC 2026 Reg M-B\n|rated|\n|rule|Species Clause: Limit one of each Pokémon\n|rule|Item Clause: Limit 1 of each item\n|clearpoke\n|poke|p1|Dragonite, L50, F|\n|poke|p1|Froslass, L50, F|\n|poke|p1|Lycanroc-Dusk, L50, F|\n|poke|p1|Sneasler, L50, M|\n|poke|p1|Kingambit, L50, M|\n|poke|p1|Talonflame, L50, F|\n|poke|p2|Swampert, L50, M|\n|poke|p2|Pelipper, L50, M|\n|poke|p2|Archaludon, L50, M|\n|poke|p2|Sableye, L50, M|\n|poke|p2|Venusaur, L50, M|\n|poke|p2|Basculegion, L50, M|\n|teampreview|4\n|c|☆donladbalk|glhf :D\n|j| tbrowser35\nspricatto has agreed to open team sheets.\n|c|☆spricatto|u2!\n|inactive|Battle timer is ON: inactive players will automatically lose when time's up. (requested by donladbalk)\ndonladbalk rejected open team sheets.\n|inactive|spricatto has 60 seconds left.\n|\n|t:|1788326301\n|teamsize|p1|4\n|teamsize|p2|4\n|start\n|switch|p1a: Sneasler|Sneasler, L50, M|100/100\n|switch|p1b: Kingambit|Kingambit, L50, M|100/100\n|switch|p2a: Swampert|Swampert, L50, M|100/100\n|switch|p2b: Sableye|Sableye, L50, M|100/100\n|turn|1\n|\n|t:|1788326323\n|move|p2a: Swampert|Protect|p2a: Swampert\n|-singleturn|p2a: Swampert|Protect\n|move|p1a: Sneasler|Fake Out|p2a: Swampert\n|-activate|p2a: Swampert|move: Protect\n|move|p2b: Sableye|Reflect|p2b: Sableye\n|-sidestart|p2: donladbalk|Reflect\n|move|p1b: Kingambit|Swords Dance|p1b: Kingambit\n|-boost|p1b: Kingambit|atk|2\n|\n|upkeep\n|turn|2\n|inactive|spricatto has 30 seconds left.\n|\n|t:|1788326354\n|detailschange|p2a: Swampert|Swampert-Mega, L50, M\n|-mega|p2a: Swampert|Swampert|Swampertite\n|move|p2b: Sableye|Encore|p1a: Sneasler\n|-start|p1a: Sneasler|Encore\n|move|p1a: Sneasler|Fake Out||[still]\n|-hint|Fake Out only works on your first turn out.\n|-fail|p1a: Sneasler\n|move|p2a: Swampert|Wave Crash|p1b: Kingambit\n|-damage|p1b: Kingambit|38/100\n|-damage|p2a: Swampert|77/100|[from] Recoil\n|move|p1b: Kingambit|Kowtow Cleave|p2a: Swampert\n|-damage|p2a: Swampert|8/100\n|\n|upkeep\n|turn|3\n|inactive|donladbalk has 30 seconds left.\n|\n|t:|1788326379\n|switch|p1a: Dragonite|Dragonite, L50, F|100/100\n|switch|p2a: Archaludon|Archaludon, L50, M|100/100\n|move|p2b: Sableye|Light Screen|p2b: Sableye\n|-sidestart|p2: donladbalk|move: Light Screen\n|move|p1b: Kingambit|Sucker Punch||[still]\n|-fail|p1b: Kingambit\n|\n|upkeep\n|turn|4\n|\n|t:|1788326397\n|detailschange|p1a: Dragonite|Dragonite-Mega, L50, F\n|-mega|p1a: Dragonite|Dragonite|Dragoninite\n|move|p1b: Kingambit|Sucker Punch|p2a: Archaludon\n|-damage|p2a: Archaludon|51/100\n|-ability|p2a: Archaludon|Stamina|boost\n|-boost|p2a: Archaludon|def|1\n|move|p2b: Sableye|Rain Dance|p2b: Sableye\n|-weather|RainDance\n|move|p1a: Dragonite|Dragon Pulse|p2a: Archaludon\n|-damage|p2a: Archaludon|14/100\n|-ability|p2a: Archaludon|Stamina|boost\n|-boost|p2a: Archaludon|def|1\n|move|p2a: Archaludon|Electro Shot||[still]\n|-prepare|p2a: Archaludon|Electro Shot\n|-boost|p2a: Archaludon|spa|1\n|-anim|p2a: Archaludon|Electro Shot|p1b: Kingambit\n|-damage|p1b: Kingambit|0 fnt\n|faint|p1b: Kingambit\n|\n|-weather|RainDance|[upkeep]\n|-heal|p2a: Archaludon|20/100y|[from] item: Leftovers\n|upkeep\n|\n|t:|1788326414\n|switch|p1b: Sneasler|Sneasler, L50, M|100/100\n|turn|5\n|\n|t:|1788326429\n|switch|p1b: Talonflame|Talonflame, L50, F|100/100\n|move|p2a: Archaludon|Protect|p2a: Archaludon\n|-singleturn|p2a: Archaludon|Protect\n|move|p2b: Sableye|Encore|p1a: Dragonite\n|-start|p1a: Dragonite|Encore\n|move|p1a: Dragonite|Dragon Pulse|p2a: Archaludon\n|-activate|p2a: Archaludon|move: Protect\n|\n|-weather|RainDance|[upkeep]\n|-heal|p2a: Archaludon|26/100|[from] item: Leftovers\n|upkeep\n|turn|6\n|inactive|donladbalk has 30 seconds left.\n|inactive|donladbalk has 20 seconds left.\n|inactive|donladbalk has 15 seconds left.\n|\n|t:|1788326470\n|move|p1b: Talonflame|Tailwind|p1b: Talonflame\n|-sidestart|p1: spricatto|move: Tailwind\n|move|p2b: Sableye|Encore|p1b: Talonflame\n|-start|p1b: Talonflame|Encore\n|move|p1a: Dragonite|Dragon Pulse|p2a: Archaludon\n|-damage|p2a: Archaludon|0 fnt\n|faint|p2a: Archaludon\n|\n|-weather|RainDance|[upkeep]\n|upkeep\n|\n|t:|1788326483\n|switch|p2a: Pelipper|Pelipper, L50, M|100/100\n|turn|7\n|\n|t:|1788326493\n|switch|p1b: Sneasler|Sneasler, L50, M|100/100\n|switch|p2b: Swampert|Swampert-Mega, L50, M|8/100\n|move|p1a: Dragonite|Dragon Pulse|p2a: Pelipper\n|-damage|p2a: Pelipper|50/100g\n|move|p2a: Pelipper|Tailwind|p2a: Pelipper\n|-sidestart|p2: donladbalk|move: Tailwind\n|\n|-weather|RainDance|[upkeep]\n|-end|p1a: Dragonite|Encore\n|upkeep\n|turn|8\n|\n|t:|1788326517\n|move|p2b: Swampert|Protect|p2b: Swampert\n|-singleturn|p2b: Swampert|Protect\n|move|p2a: Pelipper|Protect|p2a: Pelipper\n|-singleturn|p2a: Pelipper|Protect\n|move|p1b: Sneasler|Fake Out|p2a: Pelipper\n|-activate|p2a: Pelipper|move: Protect\n|move|p1a: Dragonite|Extreme Speed|p2b: Swampert\n|-activate|p2b: Swampert|move: Protect\n|\n|-weather|none\n|-sideend|p2: donladbalk|Reflect\n|upkeep\n|turn|9\n|c| tbrowser35|spricatto, maybe drop talonflame and add mega floette and swap froslass for basculegion\n|c|☆spricatto|lol\n|c|☆donladbalk|lmao\n|c|☆spricatto|im tryna not copy worlds lol\n|inactive|spricatto has 30 seconds left.\n|c|☆donladbalk|just drop all the fun stuff bro, and use the popular mons!\n|c|☆spricatto|nah\n|inactive|spricatto has 20 seconds left.\n|c|☆spricatto|actually\n|inactive|spricatto has 15 seconds left.\n|c|☆spricatto|lycanrockis kinda insane\n|inactive|spricatto has 10 seconds left.\n|\n|t:|1788326567\n|switch|p2b: Sableye|Sableye, L50, M|100/100\n|move|p1b: Sneasler|Dire Claw|p2b: Sableye\n|-resisted|p2b: Sableye|1\n|-damage|p2b: Sableye|75/100\n|move|p1a: Dragonite|Dragon Pulse|p2a: Pelipper\n|-damage|p2a: Pelipper|0 fnt\n|faint|p2a: Pelipper\n|\n|-sideend|p1: spricatto|move: Tailwind\n|upkeep\n|c| tbrowser35|well ur team is pretty standard meta except flame\n|\n|t:|1788326574\n|switch|p2a: Swampert|Swampert-Mega, L50, M|8/100\n|turn|10\n|c|☆spricatto|yeah\n|c|☆spricatto|its a dual wingbeat set too\n|c| tbrowser35|all those mons are still top cut regardless\n|c|☆spricatto|but for cts on champions i run upper hadn flame\n|inactive|spricatto has 30 seconds left.\n|c| tbrowser35|i see\n|c|☆spricatto|which is really funny\n|c|☆spricatto|cause it goes before sneaslers\n|inactive|spricatto has 20 seconds left.\n|\n|t:|1788326614\n|move|p2a: Swampert|Protect|p2a: Swampert\n|-singleturn|p2a: Swampert|Protect\n|move|p1a: Dragonite|Extreme Speed|p2a: Swampert\n|-activate|p2a: Swampert|move: Protect\n|move|p2b: Sableye|Reflect|p2b: Sableye\n|-sidestart|p2: donladbalk|Reflect\n|move|p1b: Sneasler|Dire Claw|p2b: Sableye\n|-resisted|p2b: Sableye|1\n|-damage|p2b: Sableye|56/100\n|\n|-sideend|p2: donladbalk|move: Light Screen\n|-sideend|p2: donladbalk|move: Tailwind\n|upkeep\n|turn|11\n|c|☆donladbalk|gg\n|\n|t:|1788326627\n|move|p1a: Dragonite|Extreme Speed|p2a: Swampert\n|-damage|p2a: Swampert|0 fnt\n|faint|p2a: Swampert\n|move|p2b: Sableye|Rain Dance|p2b: Sableye\n|-weather|RainDance\n|move|p1b: Sneasler|Dire Claw|p2b: Sableye\n|-resisted|p2b: Sableye|1\n|-damage|p2b: Sableye|39/100\n|\n|-weather|RainDance|[upkeep]\n|upkeep\n|turn|12\n|c| tbrowser35|I see, I have been thinking about that tech\n|-message|donladbalk forfeited.\n|\n|win|spricatto\n|raw|spricatto's rating: 1497 &rarr; <strong>1524</strong><br />(+27 for winning)\n|raw|donladbalk's rating: 1616 &rarr; <strong>1589</strong><br />(-27 for losing)\n|l|☆donladbalk\n|player|p2|\n|c|☆spricatto|gg\n|c|☆spricatto|yeah\n|c| tbrowser35|gg\n|c|☆spricatto|gg\n|l| tbrowser35\n|c|☆spricatto|oh wait\n","uploadtime":1788326653,"views":"3","formatid":"gen9championsvgc2026regmb","rating":1524,"private":0,"password":null}