{"id":"gen9championsvgc2026regmbbo3-2674662885","format":"[Gen 9 Champions] VGC 2026 Reg M-B (Bo3)","players":["Descugi","bronzongbroomsvgc"],"log":"|j|☆Descugi\n|j|☆bronzongbroomsvgc\n|html|<table width=\"100%\"><tr><td align=\"left\">Descugi</td><td align=\"right\">bronzongbroomsvgc</tr><tr><td align=\"left\"><i class=\"fa fa-circle\"></i> <i class=\"fa fa-circle-o\"></i> </td><td align=\"right\"><i class=\"fa fa-circle-o\"></i> <i class=\"fa fa-circle-o\"></i> </tr></table>\n|uhtml|bestof|<h2><strong>Game 2</strong> of <a href=\"/game-bestof3-gen9championsvgc2026regmbbo3-2674661468\">a best-of-3</a></h2>\n|t:|1788386918\n|gametype|doubles\n|player|p1|Descugi|265|1305\n|player|p2|bronzongbroomsvgc|1|1355\n|gen|9\n|tier|[Gen 9 Champions] VGC 2026 Reg M-B (Bo3)\n|rated|\n|rule|Species Clause: Limit one of each Pokémon\n|rule|Item Clause: Limit 1 of each item\n|clearpoke\n|poke|p1|Staraptor, L50, M|\n|poke|p1|Arcanine-Hisui, L50, M|\n|poke|p1|Kingambit, L50, M|\n|poke|p1|Sylveon, L50, M|\n|poke|p1|Raichu, L50, F|\n|poke|p1|Farigiraf, L50, F|\n|poke|p2|Toxapex, L50, F|\n|poke|p2|Incineroar, L50, M|\n|poke|p2|Farigiraf, L50, F|\n|poke|p2|Charizard, L50, M|\n|poke|p2|Floette-Eternal, L50, F|\n|poke|p2|Garchomp, L50, M|\n|teampreview|4\n|showteam|p1|Staraptor||Staraptite|Intimidate|DualWingbeat,CloseCombat,Tailwind,Protect|Jolly||M|||50|]Arcanine-Hisui||FocusSash|RockHead|FlareBlitz,HeadSmash,ExtremeSpeed,Protect|Jolly||M|||50|]Kingambit||LifeOrb|Defiant|KowtowCleave,SuckerPunch,SwordsDance,Protect|Adamant||M|||50|]Sylveon||FairyFeather|Pixilate|HyperVoice,HyperBeam,QuickAttack,Detect|Modest||M|||50|]Raichu||RaichuniteY|LightningRod|ZapCannon,FocusBlast,FakeOut,Protect|Timid||F|||50|]Farigiraf||SitrusBerry|ArmorTail|Psychic,HelpingHand,TrickRoom,Protect|Calm||F|||50|\n|showteam|p2|Toxapex||Leftovers|Regenerator|BanefulBunker,WideGuard,Toxic,Infestation|Relaxed||F|||50|]Incineroar||SitrusBerry|Intimidate|FakeOut,ThroatChop,FlareBlitz,PartingShot|Adamant||M|||50|]Farigiraf||ColburBerry|ArmorTail|TrickRoom,Psychic,HelpingHand,Protect|Calm||F|||50|]Charizard||CharizarditeY|Blaze|HeatWave,AncientPower,WeatherBall,Protect|Timid||M|||50|]Floette-Eternal||Floettite|FlowerVeil|Moonblast,DazzlingGleam,LightofRuin,Protect|Modest||F|||50|]Garchomp||ChoiceScarf|RoughSkin|Earthquake,RockSlide,DragonClaw,StompingTantrum|Adamant||M|||50|\n|\n|t:|1788386938\n|teamsize|p1|4\n|teamsize|p2|4\n|start\n|switch|p1a: Raichu|Raichu, L50, F|100/100\n|switch|p1b: Sylveon|Sylveon, L50, M|100/100\n|switch|p2a: Garchomp|Garchomp, L50, M|100/100\n|switch|p2b: Charizard|Charizard, L50, M|100/100\n|turn|1\n|\n|t:|1788386959\n|switch|p2b: Farigiraf|Farigiraf, L50, F|100/100\n|detailschange|p1a: Raichu|Raichu-Mega-Y, L50, F\n|-mega|p1a: Raichu|Raichu|Raichunite Y\n|move|p2a: Garchomp|Stomping Tantrum|p1a: Raichu\n|-supereffective|p1a: Raichu|1\n|-damage|p1a: Raichu|0 fnt\n|faint|p1a: Raichu\n|move|p1b: Sylveon|Hyper Voice|p2b: Farigiraf|[spread] p2a,p2b\n|-supereffective|p2a: Garchomp|1\n|-damage|p2a: Garchomp|18/100\n|-damage|p2b: Farigiraf|56/100\n|\n|upkeep\n|\n|t:|1788386969\n|switch|p1a: Farigiraf|Farigiraf, L50, F|100/100\n|turn|2\n|\n|t:|1788386974\n|move|p2b: Farigiraf|Helping Hand|p2a: Garchomp\n|-singleturn|p2a: Garchomp|Helping Hand|[of] p2b: Farigiraf\n|move|p1a: Farigiraf|Helping Hand|p1b: Sylveon\n|-singleturn|p1b: Sylveon|Helping Hand|[of] p1a: Farigiraf\n|move|p2a: Garchomp|Stomping Tantrum|p1b: Sylveon\n|-damage|p1b: Sylveon|34/100\n|move|p1b: Sylveon|Hyper Voice|p2a: Garchomp|[spread] p2a,p2b\n|-supereffective|p2a: Garchomp|1\n|-damage|p2a: Garchomp|0 fnt\n|-damage|p2b: Farigiraf|0 fnt\n|faint|p2a: Garchomp\n|faint|p2b: Farigiraf\n|\n|upkeep\n|\n|t:|1788386982\n|switch|p2a: Charizard|Charizard, L50, M|100/100\n|switch|p2b: Incineroar|Incineroar, L50, M|100/100\n|-ability|p2b: Incineroar|Intimidate|boost\n|-unboost|p1a: Farigiraf|atk|1\n|-unboost|p1b: Sylveon|atk|1\n|turn|3\n|\n|t:|1788387029\n|detailschange|p2a: Charizard|Charizard-Mega-Y, L50, M\n|-mega|p2a: Charizard|Charizard|Charizardite Y\n|-weather|SunnyDay|[from] ability: Drought|[of] p2a: Charizard\n|move|p2a: Charizard|Heat Wave|p1b: Sylveon|[spread] p1a\n|-miss|p2a: Charizard|p1b: Sylveon\n|-damage|p1a: Farigiraf|55/100\n|move|p1b: Sylveon|Hyper Beam|p2b: Incineroar\n|-damage|p2b: Incineroar|5/100\n|-mustrecharge|p1b: Sylveon\n|-enditem|p2b: Incineroar|Sitrus Berry|[eat]\n|-heal|p2b: Incineroar|30/100|[from] item: Sitrus Berry\n|move|p2b: Incineroar|Flare Blitz|p1a: Farigiraf\n|-damage|p1a: Farigiraf|0 fnt\n|faint|p1a: Farigiraf\n|-damage|p2b: Incineroar|8/100|[from] Recoil\n|\n|-weather|SunnyDay|[upkeep]\n|upkeep\n|\n|t:|1788387044\n|switch|p1a: Arcanine|Arcanine-Hisui, L50, M|100/100\n|turn|4\n|\n|t:|1788387067\n|move|p1a: Arcanine|Extreme Speed|p2b: Incineroar\n|-damage|p2b: Incineroar|0 fnt\n|faint|p2b: Incineroar\n|move|p2a: Charizard|Weather Ball|p1a: Arcanine\n|-resisted|p1a: Arcanine|2\n|-damage|p1a: Arcanine|76/100\n|cant|p1b: Sylveon|recharge\n|\n|-weather|SunnyDay|[upkeep]\n|upkeep\n|turn|5\n|\n|t:|1788387083\n|move|p1a: Arcanine|Protect|p1a: Arcanine\n|-singleturn|p1a: Arcanine|Protect\n|move|p1b: Sylveon|Detect|p1b: Sylveon\n|-singleturn|p1b: Sylveon|Protect\n|move|p2a: Charizard|Ancient Power|p1a: Arcanine\n|-activate|p1a: Arcanine|move: Protect\n|\n|-weather|SunnyDay|[upkeep]\n|upkeep\n|turn|6\n|\n|t:|1788387091\n|move|p2a: Charizard|Ancient Power|p1a: Arcanine\n|-supereffective|p1a: Arcanine|1\n|-damage|p1a: Arcanine|23/100\n|move|p1a: Arcanine|Head Smash|p2a: Charizard|[miss]\n|-miss|p1a: Arcanine|p2a: Charizard\n|move|p1b: Sylveon|Hyper Beam|p2a: Charizard\n|-resisted|p2a: Charizard|1\n|-damage|p2a: Charizard|47/100\n|-mustrecharge|p1b: Sylveon\n|\n|-weather|SunnyDay|[upkeep]\n|upkeep\n|turn|7\n|\n|t:|1788387107\n|move|p1a: Arcanine|Protect|p1a: Arcanine\n|-singleturn|p1a: Arcanine|Protect\n|move|p2a: Charizard|Heat Wave|p1a: Arcanine|[spread] p1b\n|-activate|p1a: Arcanine|move: Protect\n|-damage|p1b: Sylveon|0 fnt\n|faint|p1b: Sylveon\n|\n|-weather|none\n|upkeep\n|turn|8\n|\n|t:|1788387123\n|move|p1a: Arcanine|Extreme Speed|p2a: Charizard\n|-damage|p2a: Charizard|18/100\n|move|p2a: Charizard|Ancient Power|p1a: Arcanine\n|-supereffective|p1a: Arcanine|1\n|-damage|p1a: Arcanine|0 fnt\n|faint|p1a: Arcanine\n|\n|win|bronzongbroomsvgc\n||bronzongbroomsvgc is ready for game 3.\n||Descugi is ready for game 3.\n|uhtml|next|Next: <a href=\"/battle-gen9championsvgc2026regmbbo3-2674664303\"><strong>Game 3 of 3</strong></a>\n","uploadtime":1788387400,"views":"0","formatid":"gen9championsvgc2026regmbbo3","rating":null,"private":0,"password":null}