{"id":"gen9championsvgc2026regmbbo3-2674624137","format":"[Gen 9 Champions] VGC 2026 Reg M-B (Bo3)","players":["griffin OM","JettFumes"],"log":"|j|☆griffin OM\n|j|☆JettFumes\n|html|<table width=\"100%\"><tr><td align=\"left\">griffin OM</td><td align=\"right\">JettFumes</tr><tr><td align=\"left\"><i class=\"fa fa-circle\"></i> <i class=\"fa fa-circle-o\"></i> </td><td align=\"right\"><i class=\"fa fa-circle-o\"></i> <i class=\"fa fa-circle\"></i> </tr></table>\n|uhtml|bestof|<h2><strong>Game 3</strong> of <a href=\"/game-bestof3-gen9championsvgc2026regmbbo3-2674616717\">a best-of-3</a></h2>\n|t:|1788381679\n|gametype|doubles\n|player|p1|griffin OM|1|\n|player|p2|JettFumes|266|\n|gen|9\n|tier|[Gen 9 Champions] VGC 2026 Reg M-B (Bo3)\n|rule|Species Clause: Limit one of each Pokémon\n|rule|Item Clause: Limit 1 of each item\n|clearpoke\n|poke|p1|Whimsicott, L50, M|\n|poke|p1|Tyranitar, L50, F|\n|poke|p1|Garchomp, L50, F|\n|poke|p1|Ceruledge, L50, F|\n|poke|p1|Kingambit, L50, M|\n|poke|p1|Corviknight, L50, M|\n|poke|p2|Swampert, L50, M|\n|poke|p2|Pelipper, L50, F|\n|poke|p2|Archaludon, L50, M|\n|poke|p2|Sableye, L50, M|\n|poke|p2|Venusaur, L50, F|\n|poke|p2|Basculegion, L50, M|\n|teampreview|4\n|showteam|p1|Whimsicott||FocusSash|Prankster|EnergyBall,Moonblast,Protect,Tailwind|Timid||M|||50|]Tyranitar||Tyranitarite|SandStream|DragonDance,KnockOff,Protect,RockSlide|Impish||F|||50|]Garchomp||Garchompite|RoughSkin|DragonPulse,EarthPower,PowerGem,Protect|Modest||F|||50|]Ceruledge||ColburBerry|FlashFire|BitterBlade,BulkUp,Protect,ShadowSneak|Adamant||F|||50|]Kingambit||LifeOrb|Defiant|KowtowCleave,Protect,SuckerPunch,IronHead|Adamant||M|||50|]Corviknight||Leftovers|MirrorArmor|BodyPress,BraveBird,BulkUp,Protect|Careful||M|||50|\n|showteam|p2|Swampert||Swampertite|Torrent|Earthquake,WaveCrash,IcePunch,Protect|Adamant||M|||50|]Pelipper||FocusSash|Drizzle|Hurricane,WeatherBall,Tailwind,Protect|Modest||F|||50|]Archaludon||Leftovers|Stamina|ElectroShot,DragonPulse,FlashCannon,Protect|Modest||M|||50|]Sableye||LightClay|Prankster|WillOWisp,RainDance,LightScreen,Reflect|Calm||M|||50|]Venusaur||Venusaurite|Chlorophyll|Protect,EarthPower,SludgeBomb,GigaDrain|Modest||F|||50|]Basculegion||ChoiceScarf|Adaptability|WaveCrash,FlipTurn,AquaJet,LastRespects|Jolly||M|||50|\n|inactive|Battle timer is ON: inactive players will automatically lose when time's up. (requested by JettFumes)\n|\n|t:|1788381702\n|teamsize|p1|4\n|teamsize|p2|4\n|start\n|switch|p1a: Tyranitar|Tyranitar, L50, F|100/100\n|switch|p1b: Garchomp|Garchomp, L50, F|100/100\n|switch|p2a: Sableye|Sableye, L50, M|100/100\n|switch|p2b: Archaludon|Archaludon, L50, M|100/100\n|-weather|Sandstorm|[from] ability: Sand Stream|[of] p1a: Tyranitar\n|turn|1\n|inactive|griffin OM has 30 seconds left.\n|inactive|JettFumes has 30 seconds left.\n|inactive|griffin OM has 20 seconds left.\n|inactive|JettFumes has 20 seconds left.\n|inactive|JettFumes has 15 seconds left.\n|\n|t:|1788381746\n|detailschange|p1b: Garchomp|Garchomp-Mega, L50, F\n|-mega|p1b: Garchomp|Garchomp|Garchompite\n|move|p2a: Sableye|Light Screen|p2a: Sableye\n|-sidestart|p2: JettFumes|move: Light Screen\n|move|p1b: Garchomp|Earth Power|p2b: Archaludon\n|-supereffective|p2b: Archaludon|1\n|-damage|p2b: Archaludon|16/100\n|-ability|p2b: Archaludon|Stamina|boost\n|-boost|p2b: Archaludon|def|1\n|move|p1a: Tyranitar|Knock Off|p2b: Archaludon\n|-crit|p2b: Archaludon\n|-damage|p2b: Archaludon|0 fnt\n|-enditem|p2b: Archaludon|Leftovers|[from] move: Knock Off|[of] p1a: Tyranitar\n|faint|p2b: Archaludon\n|\n|-weather|Sandstorm|[upkeep]\n|-damage|p2a: Sableye|94/100|[from] Sandstorm\n|upkeep\n|\n|t:|1788381763\n|switch|p2b: Swampert|Swampert, L50, M|100/100\n|turn|2\n|inactive|griffin OM has 30 seconds left.\n|\n|t:|1788381798\n|switch|p1a: Corviknight|Corviknight, L50, M|100/100\n|detailschange|p2b: Swampert|Swampert-Mega, L50, M\n|-mega|p2b: Swampert|Swampert|Swampertite\n|move|p2b: Swampert|Protect|p2b: Swampert\n|-singleturn|p2b: Swampert|Protect\n|move|p2a: Sableye|Reflect|p2a: Sableye\n|-sidestart|p2: JettFumes|Reflect\n|move|p1b: Garchomp|Dragon Pulse|p2a: Sableye\n|-damage|p2a: Sableye|63/100\n|\n|-weather|Sandstorm|[upkeep]\n|-damage|p2a: Sableye|57/100|[from] Sandstorm\n|upkeep\n|turn|3\n|inactive|griffin OM has 30 seconds left.\n|inactive|griffin OM has 20 seconds left.\n|inactive|JettFumes has 30 seconds left.\n|inactive|griffin OM has 15 seconds left.\n|inactive|griffin OM has 10 seconds left.\n|inactive|griffin OM has 5 seconds left.\n|\n|t:|1788381850\n|switch|p2a: Pelipper|Pelipper, L50, F|100/100\n|-weather|RainDance|[from] ability: Drizzle|[of] p2a: Pelipper\n|move|p1a: Corviknight|Protect|p1a: Corviknight\n|-singleturn|p1a: Corviknight|Protect\n|move|p2b: Swampert|Ice Punch|p1b: Garchomp\n|-supereffective|p1b: Garchomp|2\n|-damage|p1b: Garchomp|0 fnt\n|faint|p1b: Garchomp\n|\n|-weather|RainDance|[upkeep]\n|upkeep\n|\n|t:|1788381865\n|switch|p1b: Whimsicott|Whimsicott, L50, M|100/100\n|turn|4\n|\n|t:|1788381884\n|switch|p2a: Sableye|Sableye, L50, M|57/100\n|move|p1b: Whimsicott|Protect|p1b: Whimsicott\n|-singleturn|p1b: Whimsicott|Protect\n|move|p2b: Swampert|Protect|p2b: Swampert\n|-singleturn|p2b: Swampert|Protect\n|move|p1a: Corviknight|Brave Bird|p2a: Sableye\n|-damage|p2a: Sableye|16/100\n|-damage|p1a: Corviknight|89/100|[from] Recoil\n|\n|-weather|RainDance|[upkeep]\n|-heal|p1a: Corviknight|95/100|[from] item: Leftovers\n|upkeep\n|turn|5\n|inactive|griffin OM has 30 seconds left.\n|\n|t:|1788381918\n|move|p2a: Sableye|Will-O-Wisp|p1b: Whimsicott\n|-status|p1b: Whimsicott|brn\n|move|p2b: Swampert|Ice Punch|p1b: Whimsicott\n|-supereffective|p1b: Whimsicott|1\n|-enditem|p1b: Whimsicott|Focus Sash\n|-damage|p1b: Whimsicott|1/100 brn\n|move|p1b: Whimsicott|Energy Ball|p2b: Swampert\n|-supereffective|p2b: Swampert|2\n|-damage|p2b: Swampert|17/100\n|move|p1a: Corviknight|Brave Bird|p2a: Sableye\n|-damage|p2a: Sableye|0 fnt\n|faint|p2a: Sableye\n|-damage|p1a: Corviknight|91/100|[from] Recoil\n|\n|-weather|RainDance|[upkeep]\n|-heal|p1a: Corviknight|97/100|[from] item: Leftovers\n|-damage|p1b: Whimsicott|0 fnt|[from] brn\n|faint|p1b: Whimsicott\n|upkeep\n|\n|t:|1788381940\n|switch|p1b: Tyranitar|Tyranitar, L50, F|100/100\n|switch|p2a: Pelipper|Pelipper, L50, F|100/100\n|-weather|Sandstorm|[from] ability: Sand Stream|[of] p1b: Tyranitar\n|turn|6\n|inactive|JettFumes has 30 seconds left.\n|\n|t:|1788381975\n|move|p2b: Swampert|Earthquake|p1b: Tyranitar|[spread] p1b\n|-immune|p2a: Pelipper\n|-immune|p1a: Corviknight\n|-supereffective|p1b: Tyranitar|1\n|-damage|p1b: Tyranitar|27/100\n|move|p2a: Pelipper|Weather Ball|p1b: Tyranitar\n|-damage|p1b: Tyranitar|5/100\n|move|p1b: Tyranitar|Rock Slide|p2b: Swampert|[spread] p2a,p2b\n|-supereffective|p2a: Pelipper|1\n|-resisted|p2b: Swampert|1\n|-damage|p2a: Pelipper|54/100\n|-damage|p2b: Swampert|9/100\n|move|p1a: Corviknight|Brave Bird|p2a: Pelipper\n|-damage|p2a: Pelipper|20/100r\n|-damage|p1a: Corviknight|89/100|[from] Recoil\n|\n|-weather|Sandstorm|[upkeep]\n|-damage|p2a: Pelipper|14/100|[from] Sandstorm\n|-heal|p1a: Corviknight|95/100|[from] item: Leftovers\n|upkeep\n|turn|7\n|inactive|griffin OM has 30 seconds left.\n|inactive|JettFumes has 30 seconds left.\n|inactive|griffin OM has 20 seconds left.\n|inactive|JettFumes has 20 seconds left.\n|inactive|griffin OM has 15 seconds left.\n|inactive|JettFumes has 15 seconds left.\n|inactive|JettFumes has 10 seconds left.\n|inactive|JettFumes has 5 seconds left.\n|\n|t:|1788382026\n|move|p1b: Tyranitar|Protect|p1b: Tyranitar\n|-singleturn|p1b: Tyranitar|Protect\n|move|p1a: Corviknight|Protect|p1a: Corviknight\n|-singleturn|p1a: Corviknight|Protect\n|move|p2b: Swampert|Earthquake|p1a: Corviknight|[spread] \n|-activate|p1a: Corviknight|move: Protect\n|-activate|p1b: Tyranitar|move: Protect\n|-immune|p2a: Pelipper\n|move|p2a: Pelipper|Hurricane|p1a: Corviknight\n|-activate|p1a: Corviknight|move: Protect\n|\n|-weather|Sandstorm|[upkeep]\n|-damage|p2a: Pelipper|8/100|[from] Sandstorm\n|-heal|p1a: Corviknight|100/100|[from] item: Leftovers\n|upkeep\n|turn|8\n|inactive|griffin OM has 30 seconds left.\n|\n|t:|1788382059\n|move|p2b: Swampert|Ice Punch|p1b: Tyranitar\n|-damage|p1b: Tyranitar|0 fnt\n|faint|p1b: Tyranitar\n|move|p2a: Pelipper|Hurricane|p1a: Corviknight\n|-resisted|p1a: Corviknight|1\n|-damage|p1a: Corviknight|80/100\n|move|p1a: Corviknight|Body Press|p2b: Swampert\n|-damage|p2b: Swampert|0 fnt\n|faint|p2b: Swampert\n|\n|-weather|Sandstorm|[upkeep]\n|-damage|p2a: Pelipper|2/100|[from] Sandstorm\n|-heal|p1a: Corviknight|86/100|[from] item: Leftovers\n|-sideend|p2: JettFumes|move: Light Screen\n|upkeep\n|turn|9\n|\n|t:|1788382073\n|move|p1a: Corviknight|Protect|p1a: Corviknight\n|-singleturn|p1a: Corviknight|Protect\n|move|p2a: Pelipper|Weather Ball|p1a: Corviknight\n|-activate|p1a: Corviknight|move: Protect\n|\n|-weather|Sandstorm|[upkeep]\n|-damage|p2a: Pelipper|0 fnt|[from] Sandstorm\n|faint|p2a: Pelipper\n|\n|win|griffin OM\n|c|☆JettFumes|GG\n|l|☆JettFumes\n|player|p2|\n|j|☆JettFumes\n|player|p2|JettFumes|266|\n","uploadtime":1788382279,"views":"20","formatid":"gen9championsvgc2026regmbbo3","rating":null,"private":0,"password":null}