{"id":"gen9championsvgc2026regmb-2674173162","format":"[Gen 9 Champions] VGC 2026 Reg M-B","players":["dawod","Robin67678"],"log":"|j|☆dawod\n|j|‽Robin67678\n|t:|1788310140\n|gametype|doubles\n|player|p1|dawod|shauntal|1368\n|player|p2|Robin67678|red|1391\n|gen|9\n|tier|[Gen 9 Champions] VGC 2026 Reg M-B\n|rated|\n|rule|Species Clause: Limit one of each Pokémon\n|rule|Item Clause: Limit 1 of each item\n|clearpoke\n|poke|p1|Staraptor, L50, M|\n|poke|p1|Houndstone, L50, F|\n|poke|p1|Tyranitar, L50, M|\n|poke|p1|Rotom-Wash, L50|\n|poke|p1|Excadrill, L50, M|\n|poke|p1|Venusaur, L50, M|\n|poke|p2|Basculegion, L50, M|\n|poke|p2|Raichu, L50, F|\n|poke|p2|Kingambit, L50, M|\n|poke|p2|Metagross, L50, shiny|\n|poke|p2|Kleavor, L50, M|\n|poke|p2|Whimsicott, L50, F|\n|teampreview|4\n|inactive|Battle timer is ON: inactive players will automatically lose when time's up. (requested by Robin67678)\n|inactive|Robin67678 has 60 seconds left.\n|\n|t:|1788310196\n|teamsize|p1|4\n|teamsize|p2|4\n|start\n|switch|p1a: The Naked Man|Excadrill, L50, M|100/100\n|switch|p1b: Rocker|Tyranitar, L50, M|100/100\n|switch|p2a: Metagross|Metagross, L50, shiny|100/100\n|switch|p2b: Basculegion|Basculegion, L50, M|100/100\n|-weather|Sandstorm|[from] ability: Sand Stream|[of] p1b: Rocker\n|turn|1\n|inactive|dawod has 30 seconds left.\n|inactive|Robin67678 has 30 seconds left.\n|inactive|Robin67678 has 20 seconds left.\n|inactive|Robin67678 has 15 seconds left.\n|inactive|Robin67678 has 10 seconds left.\n|\n|t:|1788310245\n|switch|p1b: Spin Cycle|Rotom-Wash, L50|100/100\n|move|p2a: Metagross|Protect|p2a: Metagross\n|-singleturn|p2a: Metagross|Protect\n|move|p2b: Basculegion|Aqua Jet|p1a: The Naked Man\n|-supereffective|p1a: The Naked Man|1\n|-enditem|p1a: The Naked Man|Focus Sash\n|-damage|p1a: The Naked Man|1/100\n|-damage|p2b: Basculegion|90/100|[from] item: Life Orb\n|move|p1a: The Naked Man|Earthquake|p2a: Metagross|[spread] p2b\n|-activate|p2a: Metagross|move: Protect\n|-immune|p1b: Spin Cycle|[from] ability: Levitate\n|-damage|p2b: Basculegion|41/100\n|\n|-weather|Sandstorm|[upkeep]\n|-damage|p1b: Spin Cycle|94/100|[from] Sandstorm\n|-damage|p2b: Basculegion|35/100|[from] Sandstorm\n|upkeep\n|turn|2\n|inactive|dawod has 30 seconds left.\n|inactive|Robin67678 has 30 seconds left.\n|inactive|dawod has 20 seconds left.\n|inactive|Robin67678 has 20 seconds left.\n|inactive|dawod has 15 seconds left.\n|inactive|Robin67678 has 15 seconds left.\n|inactive|Robin67678 has 10 seconds left.\n|\n|t:|1788310292\n|detailschange|p2a: Metagross|Metagross-Mega, L50, shiny\n|-mega|p2a: Metagross|Metagross|Metagrossite\n|move|p1a: The Naked Man|Earthquake|p2a: Metagross|[spread] p2a,p2b\n|-immune|p1b: Spin Cycle|[from] ability: Levitate\n|-supereffective|p2a: Metagross|1\n|-damage|p2a: Metagross|31/100\n|-damage|p2b: Basculegion|0 fnt\n|faint|p2b: Basculegion\n|move|p2a: Metagross|Psychic Fangs|p1b: Spin Cycle\n|-damage|p1b: Spin Cycle|26/100\n|move|p1b: Spin Cycle|Volt Switch|p2a: Metagross\n|-damage|p2a: Metagross|0 fnt\n|faint|p2a: Metagross\n|\n|t:|1788310308\n|switch|p1b: Rocker|Tyranitar, L50, M|100/100|[from] Volt Switch\n|\n|-weather|Sandstorm|[upkeep]\n|upkeep\n|\n|t:|1788310316\n|switch|p2a: Kleavor|Kleavor, L50, M|100/100\n|switch|p2b: Kingambit|Kingambit, L50, M|100/100\n|turn|3\n|\n|t:|1788310330\n|move|p1a: The Naked Man|Protect|p1a: The Naked Man\n|-singleturn|p1a: The Naked Man|Protect\n|move|p2a: Kleavor|Feint|p1a: The Naked Man\n|-activate|p1a: The Naked Man|move: Feint\n|-resisted|p1a: The Naked Man|1\n|-damage|p1a: The Naked Man|0 fnt\n|faint|p1a: The Naked Man\n|move|p1b: Rocker|Low Kick|p2b: Kingambit\n|-supereffective|p2b: Kingambit|2\n|-enditem|p2b: Kingambit|Chople Berry|[eat]\n|-enditem|p2b: Kingambit|Chople Berry|[weaken]\n|-damage|p2b: Kingambit|50/100g\n|move|p2b: Kingambit|Low Kick|p1b: Rocker\n|-supereffective|p1b: Rocker|2\n|-damage|p1b: Rocker|0 fnt\n|faint|p1b: Rocker\n|\n|-weather|Sandstorm|[upkeep]\n|upkeep\n|\n|t:|1788310340\n|switch|p1a: Thumbs down|Staraptor, L50, M|100/100\n|switch|p1b: Spin Cycle|Rotom-Wash, L50|26/100\n|-ability|p1a: Thumbs down|Intimidate|boost\n|-unboost|p2a: Kleavor|atk|1\n|-unboost|p2b: Kingambit|atk|1\n|-ability|p2b: Kingambit|Defiant|boost\n|-boost|p2b: Kingambit|atk|2\n|turn|4\n|inactive|Robin67678 has 30 seconds left.\n|inactive|Robin67678 has 20 seconds left.\n|inactive|Robin67678 has 15 seconds left.\n|inactive|Robin67678 has 10 seconds left.\n|\n|t:|1788310393\n|detailschange|p1a: Thumbs down|Staraptor-Mega, L50, M\n|-mega|p1a: Thumbs down|Staraptor|Staraptite\n|move|p2b: Kingambit|Sucker Punch|p1a: Thumbs down\n|-resisted|p1a: Thumbs down|1\n|-damage|p1a: Thumbs down|69/100\n|move|p1a: Thumbs down|Close Combat|p2a: Kleavor\n|-damage|p2a: Kleavor|27/100\n|-boost|p1a: Thumbs down|def|1\n|-boost|p1a: Thumbs down|spd|1\n|move|p2a: Kleavor|X-Scissor|p1b: Spin Cycle\n|-damage|p1b: Spin Cycle|0 fnt\n|faint|p1b: Spin Cycle\n|\n|-weather|Sandstorm|[upkeep]\n|-damage|p1a: Thumbs down|64/100|[from] Sandstorm\n|upkeep\n|turn|5\n|inactive|Robin67678 has 30 seconds left.\n|inactive|Robin67678 has 20 seconds left.\n|inactive|Robin67678 has 15 seconds left.\n|inactive|Robin67678 has 10 seconds left.\n|inactive|Robin67678 has 5 seconds left.\n|\n|t:|1788310444\n|move|p2a: Kleavor|Feint|p1a: Thumbs down\n|-damage|p1a: Thumbs down|58/100\n|move|p2b: Kingambit|Sucker Punch|p1a: Thumbs down\n|-resisted|p1a: Thumbs down|1\n|-damage|p1a: Thumbs down|38/100\n|move|p1a: Thumbs down|Close Combat|p2b: Kingambit\n|-supereffective|p2b: Kingambit|2\n|-damage|p2b: Kingambit|0 fnt\n|-boost|p1a: Thumbs down|def|1\n|-boost|p1a: Thumbs down|spd|1\n|faint|p2b: Kingambit\n|\n|-weather|none\n|upkeep\n|turn|6\n|\n|t:|1788310460\n|move|p1a: Thumbs down|Close Combat|p2a: Kleavor\n|-damage|p2a: Kleavor|0 fnt\n|-boost|p1a: Thumbs down|def|1\n|-boost|p1a: Thumbs down|spd|1\n|faint|p2a: Kleavor\n|\n|win|dawod\n|raw|dawod's rating: 1368 &rarr; <strong>1389</strong><br />(+21 for winning)\n|raw|Robin67678's rating: 1391 &rarr; <strong>1370</strong><br />(-21 for losing)\n|l|‽Robin67678\n|player|p2|\n","uploadtime":1788310573,"views":"0","formatid":"gen9championsvgc2026regmb","rating":1370,"private":0,"password":null}