{"id":"gen9championsvgc2026regmb-2674796573","format":"[Gen 9 Champions] VGC 2026 Reg M-B","players":["Binky56","anthony12901"],"log":"|j|☆Binky56\n|j|☆anthony12901\n|t:|1788408537\n|gametype|doubles\n|player|p1|Binky56|1|1182\n|player|p2|anthony12901|1|1112\n|gen|9\n|tier|[Gen 9 Champions] VGC 2026 Reg M-B\n|rated|\n|rule|Species Clause: Limit one of each Pokémon\n|rule|Item Clause: Limit 1 of each item\n|clearpoke\n|poke|p1|Pidgeot, L50, M|\n|poke|p1|Gengar, L50, M|\n|poke|p1|Tauros-Paldea-Aqua, L50, M|\n|poke|p1|Ariados, L50, F|\n|poke|p1|Krookodile, L50, F|\n|poke|p1|Aurorus, L50, M|\n|poke|p2|Pelipper, L50, F|\n|poke|p2|Garchomp, L50, F|\n|poke|p2|Archaludon, L50, F|\n|poke|p2|Farigiraf, L50, M|\n|poke|p2|Sinistcha, L50|\n|poke|p2|Metagross, L50|\n|teampreview|4\n|inactive|Battle timer is ON: inactive players will automatically lose when time's up. (requested by Binky56)\n|\n|t:|1788408559\n|teamsize|p1|4\n|teamsize|p2|4\n|start\n|switch|p1a: Pidgeot|Pidgeot, L50, M|100/100\n|switch|p1b: Krookodile|Krookodile, L50, F|100/100\n|switch|p2a: Metagross|Metagross, L50|100/100\n|switch|p2b: Archaludon|Archaludon, L50, F|100/100\n|-ability|p1b: Krookodile|Intimidate|boost\n|-fail|p2a: Metagross|unboost|[from] ability: Clear Body|[of] p2a: Metagross\n|-unboost|p2b: Archaludon|atk|1\n|turn|1\n|\n|t:|1788408580\n|detailschange|p1a: Pidgeot|Pidgeot-Mega, L50, M\n|-mega|p1a: Pidgeot|Pidgeot|Pidgeotite\n|move|p2a: Metagross|Protect|p2a: Metagross\n|-singleturn|p2a: Metagross|Protect\n|move|p1b: Krookodile|Earthquake|p2a: Metagross|[spread] p2b\n|-activate|p2a: Metagross|move: Protect\n|-immune|p1a: Pidgeot\n|-supereffective|p2b: Archaludon|1\n|-damage|p2b: Archaludon|42/100\n|move|p2b: Archaludon|Aura Sphere|p1b: Krookodile\n|-supereffective|p1b: Krookodile|1\n|-damage|p1b: Krookodile|18/100\n|move|p1a: Pidgeot|Tailwind|p1a: Pidgeot\n|-sidestart|p1: Binky56|move: Tailwind\n|\n|upkeep\n|turn|2\n|inactive|anthony12901 has 30 seconds left.\n|\n|t:|1788408612\n|detailschange|p2a: Metagross|Metagross-Mega, L50\n|-mega|p2a: Metagross|Metagross|Metagrossite\n|move|p2a: Metagross|Bullet Punch|p1b: Krookodile\n|-damage|p1b: Krookodile|0 fnt\n|faint|p1b: Krookodile\n|move|p1a: Pidgeot|Heat Wave|p2b: Archaludon|[spread] p2a,p2b\n|-supereffective|p2a: Metagross|1\n|-damage|p2a: Metagross|50/100g\n|-damage|p2b: Archaludon|3/100\n|move|p2b: Archaludon|Aura Sphere|p1a: Pidgeot\n|-damage|p1a: Pidgeot|63/100\n|\n|upkeep\n|\n|t:|1788408617\n|switch|p1b: Gengar|Gengar, L50, M|100/100\n|turn|3\n|\n|t:|1788408628\n|switch|p2b: Sinistcha|Sinistcha, L50|100/100\n|-heal|p2a: Metagross|75/100|[from] ability: Hospitality|[of] p2b: Sinistcha\n|move|p2a: Metagross|Protect|p2a: Metagross\n|-singleturn|p2a: Metagross|Protect\n|move|p1a: Pidgeot|Heat Wave|p2b: Sinistcha|[spread] p2b\n|-activate|p2a: Metagross|move: Protect\n|-supereffective|p2b: Sinistcha|1\n|-damage|p2b: Sinistcha|52/100\n|-status|p2b: Sinistcha|brn\n|move|p1b: Gengar|Shadow Ball|p2a: Metagross\n|-activate|p2a: Metagross|move: Protect\n|\n|-damage|p2b: Sinistcha|45/100 brn|[from] brn\n|upkeep\n|turn|4\n|inactive|anthony12901 has 30 seconds left.\n|inactive|anthony12901 has 20 seconds left.\n|\n|t:|1788408666\n|move|p2b: Sinistcha|Rage Powder|p2b: Sinistcha\n|-singleturn|p2b: Sinistcha|move: Rage Powder\n|move|p1a: Pidgeot|Heat Wave|p2a: Metagross|[spread] p2a,p2b\n|-supereffective|p2a: Metagross|1\n|-supereffective|p2b: Sinistcha|1\n|-damage|p2a: Metagross|22/100\n|-damage|p2b: Sinistcha|0 fnt\n|faint|p2b: Sinistcha\n|move|p1b: Gengar|Shadow Ball|p2a: Metagross\n|-supereffective|p2a: Metagross|1\n|-damage|p2a: Metagross|0 fnt\n|faint|p2a: Metagross\n|\n|-sideend|p1: Binky56|move: Tailwind\n|upkeep\n|c|☆anthony12901|STUOUD\n|c|☆anthony12901|mann\n|\n|t:|1788408681\n|switch|p2a: Garchomp|Garchomp, L50, F|100/100\n|switch|p2b: Archaludon|Archaludon, L50, F|3/100\n|turn|5\n|\n|t:|1788408694\n|move|p2b: Archaludon|Draco Meteor|p1b: Gengar\n|-enditem|p1b: Gengar|Focus Sash\n|-damage|p1b: Gengar|1/100\n|-unboost|p2b: Archaludon|spa|2\n|move|p1a: Pidgeot|Tailwind|p1a: Pidgeot\n|-sidestart|p1: Binky56|move: Tailwind\n|move|p1b: Gengar|Icy Wind|p2a: Garchomp|[spread] p2a,p2b\n|-supereffective|p2a: Garchomp|2\n|-damage|p2a: Garchomp|40/100\n|-damage|p2b: Archaludon|0 fnt\n|-unboost|p2a: Garchomp|spe|1\n|faint|p2b: Archaludon\n|move|p2a: Garchomp|Rock Slide|p1a: Pidgeot|[spread] p1a,p1b\n|-supereffective|p1a: Pidgeot|1\n|-damage|p1a: Pidgeot|0 fnt\n|-damage|p1b: Gengar|0 fnt\n|faint|p1a: Pidgeot\n|faint|p1b: Gengar\n|-damage|p2a: Garchomp|31/100|[from] item: Life Orb\n|\n|upkeep\n|\n|t:|1788408709\n|switch|p1a: Aurorus|Aurorus, L50, M|100/100\n|-weather|Snowscape|[from] ability: Snow Warning|[of] p1a: Aurorus\n|turn|6\n|\n|t:|1788408721\n|move|p2a: Garchomp|Protect|p2a: Garchomp\n|-singleturn|p2a: Garchomp|Protect\n|move|p1a: Aurorus|Blizzard|p2a: Garchomp\n|-activate|p2a: Garchomp|move: Protect\n|\n|-weather|Snowscape|[upkeep]\n|upkeep\n|turn|7\n|\n|t:|1788408739\n|move|p2a: Garchomp|Protect|p2a: Garchomp\n|-singleturn|p2a: Garchomp|Protect\n|move|p1a: Aurorus|Blizzard|p2a: Garchomp\n|-activate|p2a: Garchomp|move: Protect\n|\n|-weather|Snowscape|[upkeep]\n|upkeep\n|turn|8\n|\n|t:|1788408747\n|move|p2a: Garchomp|Protect||[still]\n|-fail|p2a: Garchomp\n|move|p1a: Aurorus|Blizzard|p2a: Garchomp\n|-supereffective|p2a: Garchomp|2\n|-damage|p2a: Garchomp|0 fnt\n|faint|p2a: Garchomp\n|\n|win|Binky56\n|raw|Binky56's rating: 1182 &rarr; <strong>1202</strong><br />(+20 for winning)\n|raw|anthony12901's rating: 1112 &rarr; <strong>1092</strong><br />(-20 for losing)\n|l|☆anthony12901\n|player|p2|\n","uploadtime":1788408755,"views":"1","formatid":"gen9championsvgc2026regmb","rating":1092,"private":0,"password":null}