{"id":"gen9championsvgc2026regmbbo3-2674967833","format":"[Gen 9 Champions] VGC 2026 Reg M-B (Bo3)","players":["redfour","okkia3"],"log":"|j|☆redfour\n|j|☆okkia3\n|html|<table width=\"100%\"><tr><td align=\"left\">redfour</td><td align=\"right\">okkia3</tr><tr><td align=\"left\"><i class=\"fa fa-circle\"></i> <i class=\"fa fa-circle-o\"></i> </td><td align=\"right\"><i class=\"fa fa-circle-o\"></i> <i class=\"fa fa-circle-o\"></i> </tr></table>\n|uhtml|bestof|<h2><strong>Game 2</strong> of <a href=\"/game-bestof3-gen9championsvgc2026regmbbo3-2674966662\">a best-of-3</a></h2>\n|t:|1788443218\n|gametype|doubles\n|player|p1|redfour|169|1071\n|player|p2|okkia3|102|1084\n|gen|9\n|tier|[Gen 9 Champions] VGC 2026 Reg M-B (Bo3)\n|rated|\n|rule|Species Clause: Limit one of each Pokémon\n|rule|Item Clause: Limit 1 of each item\n|clearpoke\n|poke|p1|Charizard, L50, M|\n|poke|p1|Kingambit, L50, F|\n|poke|p1|Garchomp, L50, M|\n|poke|p1|Whimsicott, L50, F|\n|poke|p1|Sneasler, L50, F|\n|poke|p1|Basculegion, L50, M|\n|poke|p2|Charizard, L50, M|\n|poke|p2|Whimsicott, L50, F|\n|poke|p2|Basculegion, L50, M|\n|poke|p2|Farigiraf, L50, F|\n|poke|p2|Kangaskhan, L50, F|\n|poke|p2|Sneasler, L50, M|\n|teampreview|4\n|showteam|p1|Charizard||CharizarditeY|Blaze|SolarBeam,WeatherBall,HeatWave,Protect|Modest||M|||50|]Kingambit||ChopleBerry|Defiant|SuckerPunch,IronHead,KowtowCleave,LowKick|Adamant||F|||50|]Garchomp||LifeOrb|RoughSkin|RockSlide,Earthquake,DragonClaw,Protect|Jolly||M|||50|]Whimsicott||FocusSash|Prankster|Encore,Moonblast,Protect,Tailwind|Timid||F|||50|]Sneasler||WhiteHerb|Unburden|DireClaw,CloseCombat,Protect,RockTomb|Adamant||F|||50|]Basculegion||ChoiceScarf|Adaptability|AquaJet,LastRespects,FlipTurn,WaveCrash|Adamant||M|||50|\n|showteam|p2|Charizard||CharizarditeY|SolarPower|WeatherBall,HeatWave,SolarBeam,Protect|Timid||M|||50|]Whimsicott||FocusSash|Prankster|Moonblast,Tailwind,SunnyDay,Encore|Timid||F|||50|]Basculegion||ChoiceScarf|Adaptability|WaveCrash,AquaJet,LastRespects,FlipTurn|Adamant||M|||50|]Farigiraf||SitrusBerry|ArmorTail|Psychic,HyperVoice,HelpingHand,TrickRoom|Modest||F|||50|]Kangaskhan||Kangaskhanite|Scrappy|FakeOut,DoubleEdge,DrainPunch,SuckerPunch|Adamant||F|||50|]Sneasler||WhiteHerb|Unburden|FakeOut,CloseCombat,DireClaw,RockTomb|Adamant||M|||50|\n|inactive|Battle timer is ON: inactive players will automatically lose when time's up. (requested by okkia3)\n|\n|t:|1788443246\n|teamsize|p1|4\n|teamsize|p2|4\n|start\n|switch|p1a: Garchomp|Garchomp, L50, M|100/100\n|switch|p1b: Kingambit|Kingambit, L50, F|100/100\n|switch|p2a: Charizard|Charizard, L50, M|100/100\n|switch|p2b: Basculegion|Basculegion, L50, M|100/100\n|turn|1\n|\n|t:|1788443262\n|switch|p2b: Whimsicott|Whimsicott, L50, F|100/100\n|switch|p1b: Charizard|Charizard, L50, M|100/100\n|move|p2a: Charizard|Protect|p2a: Charizard\n|-singleturn|p2a: Charizard|Protect\n|move|p1a: Garchomp|Rock Slide|p2a: Charizard|[spread] p2b\n|-activate|p2a: Charizard|move: Protect\n|-damage|p2b: Whimsicott|59/100\n|-damage|p1a: Garchomp|90/100|[from] item: Life Orb\n|\n|upkeep\n|turn|2\n|\n|t:|1788443275\n|switch|p2b: Farigiraf|Farigiraf, L50, F|100/100\n|switch|p2a: Basculegion|Basculegion, L50, M|100/100\n|detailschange|p1b: Charizard|Charizard-Mega-Y, L50, M\n|-mega|p1b: Charizard|Charizard|Charizardite Y\n|-weather|SunnyDay|[from] ability: Drought|[of] p1b: Charizard\n|move|p1a: Garchomp|Rock Slide|p2b: Farigiraf|[spread] p2a,p2b\n|-damage|p2a: Basculegion|68/100\n|-damage|p2b: Farigiraf|74/100\n|-damage|p1a: Garchomp|80/100|[from] item: Life Orb\n|move|p1b: Charizard|Heat Wave|p2a: Basculegion|[spread] p2a,p2b\n|-resisted|p2a: Basculegion|1\n|-damage|p2a: Basculegion|25/100\n|-damage|p2b: Farigiraf|14/100\n|-enditem|p2b: Farigiraf|Sitrus Berry|[eat]\n|-heal|p2b: Farigiraf|39/100|[from] item: Sitrus Berry\n|\n|-weather|SunnyDay|[upkeep]\n|upkeep\n|turn|3\n|inactive|redfour has 30 seconds left.\n|\n|t:|1788443309\n|switch|p2a: Charizard|Charizard, L50, M|100/100\n|move|p1a: Garchomp|Earthquake|p2a: Charizard|[spread] p2b\n|-immune|p1b: Charizard\n|-immune|p2a: Charizard\n|-damage|p2b: Farigiraf|0 fnt\n|faint|p2b: Farigiraf\n|-damage|p1a: Garchomp|70/100|[from] item: Life Orb\n|move|p1b: Charizard|Heat Wave|p2a: Charizard\n|-resisted|p2a: Charizard|1\n|-damage|p2a: Charizard|36/100\n|\n|-weather|SunnyDay|[upkeep]\n|-damage|p2a: Charizard|24/100|[from] ability: Solar Power|[of] p2a: Charizard\n|upkeep\n|\n|t:|1788443310\n|switch|p2b: Basculegion|Basculegion, L50, M|25/100\n|turn|4\n|inactive|redfour has 30 seconds left.\n|\n|t:|1788443340\n|switch|p2b: Whimsicott|Whimsicott, L50, F|59/100\n|move|p2a: Charizard|Protect|p2a: Charizard\n|-singleturn|p2a: Charizard|Protect\n|move|p1a: Garchomp|Rock Slide|p2a: Charizard|[spread] \n|-activate|p2a: Charizard|move: Protect\n|-miss|p1a: Garchomp|p2b: Whimsicott\n|move|p1b: Charizard|Heat Wave|p2b: Whimsicott|[spread] p2b\n|-activate|p2a: Charizard|move: Protect\n|-supereffective|p2b: Whimsicott|1\n|-damage|p2b: Whimsicott|0 fnt\n|faint|p2b: Whimsicott\n|\n|-weather|SunnyDay|[upkeep]\n|-damage|p2a: Charizard|12/100|[from] ability: Solar Power|[of] p2a: Charizard\n|upkeep\n|\n|t:|1788443340\n|switch|p2b: Basculegion|Basculegion, L50, M|25/100\n|turn|5\n|inactive|redfour has 30 seconds left.\n|\n|t:|1788443369\n|detailschange|p2a: Charizard|Charizard-Mega-Y, L50, M\n|-mega|p2a: Charizard|Charizard|Charizardite Y\n|move|p2b: Basculegion|Last Respects|p1b: Charizard\n|-crit|p1b: Charizard\n|-damage|p1b: Charizard|0 fnt\n|faint|p1b: Charizard\n|move|p1a: Garchomp|Rock Slide|p2a: Charizard|[spread] p2a,p2b\n|-supereffective|p2a: Charizard|2\n|-damage|p2a: Charizard|0 fnt\n|-damage|p2b: Basculegion|0 fnt\n|faint|p2a: Charizard\n|faint|p2b: Basculegion\n|-damage|p1a: Garchomp|61/100|[from] item: Life Orb\n|\n|win|redfour\n|raw|redfour's rating: 1071 &rarr; <strong>1101</strong><br />(+30 for winning)\n|raw|okkia3's rating: 1084 &rarr; <strong>1061</strong><br />(-23 for losing)\n","uploadtime":1788443369,"views":"0","formatid":"gen9championsvgc2026regmbbo3","rating":1061,"private":0,"password":null}