{"id":"gen9championsvgc2026regmb-2674317665","format":"[Gen 9 Champions] VGC 2026 Reg M-B","players":["carrotbeafsteak","darkrabbit32"],"log":"|j|☆carrotbeafsteak\n|j|☆darkrabbit32\n|t:|1788339544\n|gametype|doubles\n|player|p1|carrotbeafsteak|266|1205\n|player|p2|darkrabbit32|1|1116\n|gen|9\n|tier|[Gen 9 Champions] VGC 2026 Reg M-B\n|rated|\n|rule|Species Clause: Limit one of each Pokémon\n|rule|Item Clause: Limit 1 of each item\n|clearpoke\n|poke|p1|Simipour, L50, F|\n|poke|p1|Simisage, L50, M|\n|poke|p1|Simisear, L50, M|\n|poke|p1|Pelipper, L50, F|\n|poke|p1|Torkoal, L50, M|\n|poke|p1|Gyarados, L50, F|\n|poke|p2|Scrafty, L50, F, shiny|\n|poke|p2|Corviknight, L50, M|\n|poke|p2|Mimikyu, L50, M, shiny|\n|poke|p2|Sneasler, L50, M, shiny|\n|poke|p2|Crabominable, L50, M|\n|poke|p2|Maushold-Four, L50|\n|teampreview|4\n|\n|t:|1788339571\n|teamsize|p1|4\n|teamsize|p2|4\n|start\n|switch|p1a: Simisear|Simisear, L50, M|100/100\n|switch|p1b: Simipour|Simipour, L50, F|100/100\n|switch|p2a: Shiori Fuyumura|Scrafty, L50, F, shiny|100/100\n|switch|p2b: It´s P1kachu|Mimikyu, L50, M, shiny|100/100\n|turn|1\n|\n|t:|1788339592\n|detailschange|p2a: Shiori Fuyumura|Scrafty-Mega, L50, F, shiny\n|-mega|p2a: Shiori Fuyumura|Scrafty|Scraftinite\n|-ability|p2a: Shiori Fuyumura|Intimidate|boost\n|-unboost|p1a: Simisear|atk|1\n|-unboost|p1b: Simipour|atk|1\n|move|p2a: Shiori Fuyumura|Fake Out|p1a: Simisear\n|-damage|p1a: Simisear|75/100\n|move|p1b: Simipour|Flip Turn|p2b: It´s P1kachu\n|-activate|p2b: It´s P1kachu|ability: Disguise\n|-damage|p2b: It´s P1kachu|100/100\n|detailschange|p2b: It´s P1kachu|Mimikyu-Busted, L50, M, shiny\n|-damage|p2b: It´s P1kachu|88/100|[from] pokemon: Mimikyu-Busted\n|\n|t:|1788339599\n|switch|p1b: Torkoal|Torkoal, L50, M|100/100|[from] Flip Turn\n|-weather|SunnyDay|[from] ability: Drought|[of] p1b: Torkoal\n|cant|p1a: Simisear|flinch\n|move|p2b: It´s P1kachu|Trick Room|p2b: It´s P1kachu\n|-fieldstart|move: Trick Room|[of] p2b: It´s P1kachu\n|\n|-weather|SunnyDay|[upkeep]\n|upkeep\n|turn|2\n|\n|t:|1788339629\n|move|p2b: It´s P1kachu|Shadow Sneak|p1b: Torkoal\n|-damage|p1b: Torkoal|90/100\n|move|p1b: Torkoal|Eruption|p2b: It´s P1kachu|[spread] p2a,p2b\n|-damage|p2a: Shiori Fuyumura|61/100\n|-damage|p2b: It´s P1kachu|49/100\n|move|p2a: Shiori Fuyumura|Knock Off|p1b: Torkoal\n|-damage|p1b: Torkoal|55/100\n|-enditem|p1b: Torkoal|Leftovers|[from] move: Knock Off|[of] p2a: Shiori Fuyumura\n|move|p1a: Simisear|Heat Wave|p2a: Shiori Fuyumura|[spread] p2a,p2b\n|-damage|p2a: Shiori Fuyumura|20/100y\n|-damage|p2b: It´s P1kachu|3/100\n|-status|p2a: Shiori Fuyumura|brn\n|\n|-weather|SunnyDay|[upkeep]\n|-damage|p2a: Shiori Fuyumura|14/100 brn|[from] brn\n|upkeep\n|turn|3\n|\n|t:|1788339658\n|move|p2a: Shiori Fuyumura|Protect|p2a: Shiori Fuyumura\n|-singleturn|p2a: Shiori Fuyumura|Protect\n|move|p2b: It´s P1kachu|Shadow Sneak|p1b: Torkoal\n|-damage|p1b: Torkoal|45/100\n|move|p1b: Torkoal|Eruption|p2a: Shiori Fuyumura|[spread] p2b\n|-activate|p2a: Shiori Fuyumura|move: Protect\n|-damage|p2b: It´s P1kachu|0 fnt\n|faint|p2b: It´s P1kachu\n|move|p1a: Simisear|Nasty Plot|p1a: Simisear\n|-boost|p1a: Simisear|spa|2\n|\n|-weather|SunnyDay|[upkeep]\n|-damage|p2a: Shiori Fuyumura|8/100 brn|[from] brn\n|upkeep\n|\n|t:|1788339674\n|switch|p2b: Striker|Sneasler, L50, M, shiny|100/100\n|turn|4\n|\n|t:|1788339680\n|switch|p2a: Family|Maushold-Four, L50|100/100\n|move|p2b: Striker|Fake Out|p1b: Torkoal\n|-damage|p1b: Torkoal|34/100\n|cant|p1b: Torkoal|flinch\n|move|p1a: Simisear|Heat Wave|p2b: Striker|[spread] p2a,p2b\n|-enditem|p2a: Family|Focus Sash\n|-damage|p2a: Family|1/100\n|-damage|p2b: Striker|16/100\n|\n|-weather|SunnyDay|[upkeep]\n|upkeep\n|turn|5\n|\n|t:|1788339696\n|move|p2b: Striker|Protect|p2b: Striker\n|-singleturn|p2b: Striker|Protect\n|move|p2a: Family|Protect|p2a: Family\n|-singleturn|p2a: Family|Protect\n|move|p1b: Torkoal|Eruption|p2b: Striker|[spread] \n|-activate|p2a: Family|move: Protect\n|-activate|p2b: Striker|move: Protect\n|move|p1a: Simisear|Heat Wave|p2a: Family|[spread] \n|-activate|p2a: Family|move: Protect\n|-activate|p2b: Striker|move: Protect\n|\n|-weather|none\n|-fieldend|move: Trick Room\n|upkeep\n|turn|6\n|\n|t:|1788339719\n|move|p2a: Family|Super Fang|p1a: Simisear\n|-damage|p1a: Simisear|37/100\n|move|p1a: Simisear|Heat Wave|p2b: Striker|[spread] p2a,p2b\n|-damage|p2a: Family|0 fnt\n|-damage|p2b: Striker|0 fnt\n|faint|p2a: Family\n|faint|p2b: Striker\n|move|p1b: Torkoal|Eruption|p2: Family|[notarget]\n|-fail|p1b: Torkoal\n|\n|upkeep\n|-message|darkrabbit32 forfeited.\n|\n|win|carrotbeafsteak\n|raw|carrotbeafsteak's rating: 1205 &rarr; <strong>1224</strong><br />(+19 for winning)\n|raw|darkrabbit32's rating: 1116 &rarr; <strong>1097</strong><br />(-19 for losing)\n","uploadtime":1788339741,"views":"1","formatid":"gen9championsvgc2026regmb","rating":1097,"private":0,"password":null}