{"id":"gen9championsvgc2026regmb-2674756633","format":"[Gen 9 Champions] VGC 2026 Reg M-B","players":["echoes630","PicoCookie"],"log":"|j|☆echoes630\n|j|☆PicoCookie\n|t:|1788401319\n|gametype|doubles\n|player|p1|echoes630|1|1336\n|player|p2|PicoCookie|wallace|1259\n|gen|9\n|tier|[Gen 9 Champions] VGC 2026 Reg M-B\n|rated|\n|rule|Species Clause: Limit one of each Pokémon\n|rule|Item Clause: Limit 1 of each item\n|clearpoke\n|poke|p1|Sinistcha, L50|\n|poke|p1|Floette-Eternal, L50, F|\n|poke|p1|Garchomp, L50, F|\n|poke|p1|Incineroar, L50, F|\n|poke|p1|Basculegion, L50, M|\n|poke|p1|Delphox, L50, M|\n|poke|p2|Froslass, L50, F|\n|poke|p2|Sneasler, L50, M|\n|poke|p2|Lycanroc-Dusk, L50, F|\n|poke|p2|Basculegion, L50, M|\n|poke|p2|Kingambit, L50, M|\n|poke|p2|Scovillain, L50, F|\n|teampreview|4\n|\n|t:|1788401380\n|teamsize|p1|4\n|teamsize|p2|4\n|start\n|switch|p1a: Incineroar|Incineroar, L50, F|100/100\n|switch|p1b: Delphox|Delphox, L50, M|100/100\n|switch|p2a: Two Face|Scovillain, L50, F|100/100\n|switch|p2b: Khan Academy|Kingambit, L50, M|100/100\n|-ability|p1a: Incineroar|Intimidate|boost\n|-unboost|p2a: Two Face|atk|1\n|-unboost|p2b: Khan Academy|atk|1\n|-ability|p2b: Khan Academy|Defiant|boost\n|-boost|p2b: Khan Academy|atk|2\n|turn|1\n|\n|t:|1788401425\n|detailschange|p1b: Delphox|Delphox-Mega, L50, M\n|-mega|p1b: Delphox|Delphox|Delphoxite\n|move|p2a: Two Face|Protect|p2a: Two Face\n|-singleturn|p2a: Two Face|Protect\n|move|p1a: Incineroar|Fake Out|p2b: Khan Academy\n|-resisted|p2b: Khan Academy|1\n|-damage|p2b: Khan Academy|95/100\n|move|p1b: Delphox|Flamethrower|p2b: Khan Academy\n|-supereffective|p2b: Khan Academy|1\n|-damage|p2b: Khan Academy|2/100\n|cant|p2b: Khan Academy|flinch\n|\n|-ability|p2a: Two Face|Moody|boost\n|-boost|p2a: Two Face|spd|2\n|-unboost|p2a: Two Face|spa|1\n|upkeep\n|turn|2\n|\n|t:|1788401469\n|detailschange|p2a: Two Face|Scovillain-Mega, L50, F\n|-mega|p2a: Two Face|Scovillain|Scovillainite\n|move|p1b: Delphox|Protect|p1b: Delphox\n|-singleturn|p1b: Delphox|Protect\n|move|p2b: Khan Academy|Sucker Punch||[still]\n|-fail|p2b: Khan Academy\n|move|p2a: Two Face|Giga Drain|p1b: Delphox\n|-activate|p1b: Delphox|move: Protect\n|move|p1a: Incineroar|Throat Chop|p2b: Khan Academy\n|-resisted|p2b: Khan Academy|1\n|-damage|p2b: Khan Academy|0 fnt\n|faint|p2b: Khan Academy\n|\n|upkeep\n|\n|t:|1788401483\n|switch|p2b: 294HP Recoil|Basculegion, L50, M|100/100\n|turn|3\n|\n|t:|1788401534\n|switch|p1b: Garchomp|Garchomp, L50, F|100/100\n|move|p2a: Two Face|Protect|p2a: Two Face\n|-singleturn|p2a: Two Face|Protect\n|move|p2b: 294HP Recoil|Last Respects|p1b: Garchomp\n|-damage|p1b: Garchomp|38/100\n|move|p1a: Incineroar|Parting Shot|p2b: 294HP Recoil\n|-unboost|p2b: 294HP Recoil|atk|1\n|-unboost|p2b: 294HP Recoil|spa|1\n|\n|t:|1788401543\n|switch|p1a: Delphox|Delphox-Mega, L50, M|100/100|[from] Parting Shot\n|\n|upkeep\n|turn|4\n|\n|t:|1788401563\n|move|p1a: Delphox|Protect|p1a: Delphox\n|-singleturn|p1a: Delphox|Protect\n|move|p2a: Two Face|Rage Powder|p2a: Two Face\n|-singleturn|p2a: Two Face|move: Rage Powder\n|move|p1b: Garchomp|Earthquake|p2b: 294HP Recoil|[spread] p2a,p2b\n|-activate|p1a: Delphox|move: Protect\n|-damage|p2a: Two Face|59/100\n|-damage|p2b: 294HP Recoil|52/100\n|-status|p1b: Garchomp|brn|[from] ability: Spicy Spray|[of] p2a: Two Face\n|move|p2b: 294HP Recoil|Last Respects|p1b: Garchomp\n|-damage|p1b: Garchomp|0 fnt\n|faint|p1b: Garchomp\n|\n|upkeep\n|\n|t:|1788401576\n|switch|p1b: Incineroar|Incineroar, L50, F|100/100\n|-ability|p1b: Incineroar|Intimidate|boost\n|-unboost|p2a: Two Face|atk|1\n|-unboost|p2b: 294HP Recoil|atk|1\n|turn|5\n|\n|t:|1788401601\n|move|p2a: Two Face|Protect|p2a: Two Face\n|-singleturn|p2a: Two Face|Protect\n|move|p1a: Delphox|Encore|p2a: Two Face\n|-activate|p2a: Two Face|move: Protect\n|move|p2b: 294HP Recoil|Wave Crash|p1a: Delphox\n|-supereffective|p1a: Delphox|1\n|-damage|p1a: Delphox|7/100\n|-damage|p2b: 294HP Recoil|30/100|[from] Recoil\n|-enditem|p2b: 294HP Recoil|Sitrus Berry|[eat]\n|-heal|p2b: 294HP Recoil|55/100|[from] item: Sitrus Berry\n|move|p1b: Incineroar|Flare Blitz|p2b: 294HP Recoil\n|-resisted|p2b: 294HP Recoil|1\n|-damage|p2b: 294HP Recoil|28/100\n|-damage|p1b: Incineroar|90/100|[from] Recoil\n|\n|upkeep\n|turn|6\n|\n|t:|1788401622\n|switch|p1a: Basculegion|Basculegion, L50, M|100/100\n|move|p2b: 294HP Recoil|Aqua Jet|p1a: Basculegion\n|-resisted|p1a: Basculegion|1\n|-damage|p1a: Basculegion|91/100\n|move|p2a: Two Face|Giga Drain|p1b: Incineroar\n|-resisted|p1b: Incineroar|1\n|-damage|p1b: Incineroar|79/100\n|-heal|p2a: Two Face|66/100|[from] drain|[of] p1b: Incineroar\n|move|p1b: Incineroar|Flare Blitz|p2a: Two Face\n|-damage|p2a: Two Face|25/100\n|-damage|p1b: Incineroar|68/100|[from] Recoil\n|\n|upkeep\n|turn|7\n|\n|t:|1788401641\n|move|p1a: Basculegion|Protect|p1a: Basculegion\n|-singleturn|p1a: Basculegion|Protect\n|move|p2b: 294HP Recoil|Protect|p2b: 294HP Recoil\n|-singleturn|p2b: 294HP Recoil|Protect\n|move|p2a: Two Face|Giga Drain|p1a: Basculegion\n|-activate|p1a: Basculegion|move: Protect\n|move|p1b: Incineroar|Throat Chop|p2b: 294HP Recoil\n|-activate|p2b: 294HP Recoil|move: Protect\n|\n|upkeep\n|turn|8\n|\n|t:|1788401665\n|switch|p1a: Delphox|Delphox-Mega, L50, M|7/100\n|move|p2a: Two Face|Rage Powder|p2a: Two Face\n|-singleturn|p2a: Two Face|move: Rage Powder\n|move|p2b: 294HP Recoil|Last Respects|p1a: Delphox\n|-supereffective|p1a: Delphox|1\n|-damage|p1a: Delphox|0 fnt\n|faint|p1a: Delphox\n|move|p1b: Incineroar|Throat Chop|p2a: Two Face\n|-damage|p2a: Two Face|0 fnt\n|faint|p2a: Two Face\n|\n|upkeep\n|\n|t:|1788401675\n|switch|p1a: Basculegion|Basculegion, L50, M|91/100\n|switch|p2a: The Sneasler|Sneasler, L50, M|100/100\n|turn|9\n|\n|t:|1788401717\n|move|p2a: The Sneasler|Close Combat|p1b: Incineroar\n|-supereffective|p1b: Incineroar|1\n|-damage|p1b: Incineroar|0 fnt\n|-unboost|p2a: The Sneasler|def|1\n|-unboost|p2a: The Sneasler|spd|1\n|faint|p1b: Incineroar\n|-enditem|p2a: The Sneasler|White Herb\n|-clearnegativeboost|p2a: The Sneasler|[silent]\n|move|p1a: Basculegion|Last Respects|p2b: 294HP Recoil\n|-supereffective|p2b: 294HP Recoil|1\n|-damage|p2b: 294HP Recoil|0 fnt\n|faint|p2b: 294HP Recoil\n|-damage|p1a: Basculegion|81/100|[from] item: Life Orb\n|\n|upkeep\n|turn|10\n|\n|t:|1788401737\n|move|p2a: The Sneasler|Gunk Shot|p1a: Basculegion\n|-resisted|p1a: Basculegion|1\n|-damage|p1a: Basculegion|47/100\n|move|p1a: Basculegion|Last Respects|p2a: The Sneasler\n|-damage|p2a: The Sneasler|0 fnt\n|faint|p2a: The Sneasler\n|-damage|p1a: Basculegion|38/100|[from] item: Life Orb\n|\n|win|echoes630\n|raw|echoes630's rating: 1336 &rarr; <strong>1352</strong><br />(+16 for winning)\n|raw|PicoCookie's rating: 1259 &rarr; <strong>1239</strong><br />(-20 for losing)\n","uploadtime":1788401737,"views":"0","formatid":"gen9championsvgc2026regmb","rating":1239,"private":0,"password":null}