{"id":"gen9championsvgc2026regmb-2674687440","format":"[Gen 9 Champions] VGC 2026 Reg M-B","players":["Torrain","wearifulpoet"],"log":"|j|☆Torrain\n|j|☆wearifulpoet\n|t:|1788390616\n|gametype|doubles\n|player|p1|Torrain|101|1259\n|player|p2|wearifulpoet|266|1346\n|gen|9\n|tier|[Gen 9 Champions] VGC 2026 Reg M-B\n|rated|\n|rule|Species Clause: Limit one of each Pokémon\n|rule|Item Clause: Limit 1 of each item\n|clearpoke\n|poke|p1|Whimsicott, L50, M|\n|poke|p1|Froslass, L50, F|\n|poke|p1|Incineroar, L50, F|\n|poke|p1|Basculegion, L50, M|\n|poke|p1|Lycanroc, L50, F|\n|poke|p1|Floette-Eternal, L50, F|\n|poke|p2|Charizard, L50, F|\n|poke|p2|Whimsicott, L50, M|\n|poke|p2|Garchomp, L50, F|\n|poke|p2|Floette-Eternal, L50, F|\n|poke|p2|Basculegion, L50, M|\n|poke|p2|Kingambit, L50, F|\n|teampreview|4\n|inactive|Battle timer is ON: inactive players will automatically lose when time's up. (requested by Torrain)\nTorrain has agreed to open team sheets.\n|\n|t:|1788390646\n|teamsize|p1|4\n|teamsize|p2|4\n|start\n|switch|p1a: Froslass|Froslass, L50, F|100/100\n|switch|p1b: Incineroar|Incineroar, L50, F|100/100\n|switch|p2a: Kingambit|Kingambit, L50, F|100/100\n|switch|p2b: Whimsicott|Whimsicott, L50, M|100/100\n|-ability|p1b: Incineroar|Intimidate|boost\n|-unboost|p2a: Kingambit|atk|1\n|-ability|p2a: Kingambit|Defiant|boost\n|-boost|p2a: Kingambit|atk|2\n|-unboost|p2b: Whimsicott|atk|1\n|turn|1\n|\n|t:|1788390665\n|detailschange|p1a: Froslass|Froslass-Mega, L50, F\n|-mega|p1a: Froslass|Froslass|Froslassite\n|-weather|Snowscape|[from] ability: Snow Warning|[of] p1a: Froslass\n|move|p2b: Whimsicott|Tailwind|p2b: Whimsicott\n|-sidestart|p2: wearifulpoet|move: Tailwind\n|move|p2a: Kingambit|Low Kick|p1b: Incineroar\n|-supereffective|p1b: Incineroar|1\n|-damage|p1b: Incineroar|13/100\n|move|p1a: Froslass|Aurora Veil|p1a: Froslass\n|-sidestart|p1: Torrain|move: Aurora Veil\n|move|p1b: Incineroar|Flare Blitz|p2a: Kingambit\n|-supereffective|p2a: Kingambit|1\n|-enditem|p2a: Kingambit|Occa Berry|[eat]\n|-enditem|p2a: Kingambit|Occa Berry|[weaken]\n|-damage|p2a: Kingambit|47/100\n|-damage|p1b: Incineroar|0 fnt|[from] Recoil\n|faint|p1b: Incineroar\n|\n|-weather|Snowscape|[upkeep]\n|upkeep\n|\n|t:|1788390686\n|switch|p1b: Basculegion|Basculegion, L50, M|100/100\n|turn|2\n|\n|t:|1788390701\n|move|p1a: Froslass|Protect|p1a: Froslass\n|-singleturn|p1a: Froslass|Protect\n|move|p2b: Whimsicott|Encore|p1a: Froslass\n|-activate|p1a: Froslass|move: Protect\n|move|p1b: Basculegion|Aqua Jet|p2a: Kingambit\n|-damage|p2a: Kingambit|18/100\n|-damage|p1b: Basculegion|90/100|[from] item: Life Orb\n|move|p2a: Kingambit|Kowtow Cleave|p1b: Basculegion\n|-supereffective|p1b: Basculegion|1\n|-damage|p1b: Basculegion|0 fnt\n|faint|p1b: Basculegion\n|\n|-weather|Snowscape|[upkeep]\n|upkeep\n|\n|t:|1788390713\n|switch|p1b: Lycanroc|Lycanroc, L50, F|100/100\n|turn|3\n|\n|t:|1788390733\n|move|p1a: Froslass|Protect||[still]\n|-fail|p1a: Froslass\n|move|p2b: Whimsicott|Encore|p1a: Froslass\n|-start|p1a: Froslass|Encore\n|move|p2a: Kingambit|Iron Head|p1b: Lycanroc\n|-supereffective|p1b: Lycanroc|1\n|-enditem|p1b: Lycanroc|Focus Sash\n|-damage|p1b: Lycanroc|1/100\n|move|p1b: Lycanroc|Rock Slide|p2a: Kingambit|[spread] p2a,p2b\n|-resisted|p2a: Kingambit|1\n|-damage|p2a: Kingambit|6/100\n|-damage|p2b: Whimsicott|56/100\n|\n|-weather|Snowscape|[upkeep]\n|upkeep\n|turn|4\n|inactive|wearifulpoet has 30 seconds left.\n|\n|t:|1788390760\n|switch|p2a: Basculegion|Basculegion, L50, M|100/100\n|move|p1a: Froslass|Protect|p1a: Froslass\n|-singleturn|p1a: Froslass|Protect\n|move|p2b: Whimsicott|Moonblast|p1b: Lycanroc\n|-damage|p1b: Lycanroc|0 fnt\n|faint|p1b: Lycanroc\n|\n|-weather|Snowscape|[upkeep]\n|-sideend|p2: wearifulpoet|move: Tailwind\n|upkeep\n|turn|5\n|-message|Torrain forfeited.\n|\n|win|wearifulpoet\n|raw|Torrain's rating: 1259 &rarr; <strong>1240</strong><br />(-19 for losing)\n|raw|wearifulpoet's rating: 1346 &rarr; <strong>1361</strong><br />(+15 for winning)\n|l|☆Torrain\n|player|p1|\n|c|☆wearifulpoet|gg\n","uploadtime":1788390775,"views":"4","formatid":"gen9championsvgc2026regmb","rating":1240,"private":0,"password":null}