{"id":"gen9championsvgc2026regmb-2674811425","format":"[Gen 9 Champions] VGC 2026 Reg M-B","players":["bruhdnigerian","EnixionPrime"],"log":"|j|☆bruhdnigerian\n|j|☆EnixionPrime\n|t:|1788411582\n|gametype|doubles\n|player|p1|bruhdnigerian|lance|1087\n|player|p2|EnixionPrime|gentleman-gen4dp|1145\n|gen|9\n|tier|[Gen 9 Champions] VGC 2026 Reg M-B\n|rated|\n|rule|Species Clause: Limit one of each Pokémon\n|rule|Item Clause: Limit 1 of each item\n|clearpoke\n|poke|p1|Pangoro, L50, M|\n|poke|p1|Spiritomb, L50, F|\n|poke|p1|Gliscor, L50, F|\n|poke|p1|Farigiraf, L50, M|\n|poke|p1|Glimmora, L50, F|\n|poke|p1|Scovillain, L50, M|\n|poke|p2|Farigiraf, L50, F|\n|poke|p2|Incineroar, L50, M|\n|poke|p2|Mawile, L50, M|\n|poke|p2|Golurk, L50|\n|poke|p2|Sinistcha, L50|\n|poke|p2|Milotic, L50, M|\n|teampreview|4\n|inactive|Battle timer is ON: inactive players will automatically lose when time's up. (requested by bruhdnigerian)\nbruhdnigerian rejected open team sheets.\n|inactive|bruhdnigerian has 60 seconds left.\n|\n|t:|1788411614\n|teamsize|p1|4\n|teamsize|p2|4\n|start\n|switch|p1a: Scovillain|Scovillain, L50, M|100/100\n|switch|p1b: Gliscor|Gliscor, L50, F|100/100\n|switch|p2a: Farigiraf|Farigiraf, L50, F|100/100\n|switch|p2b: Incineroar|Incineroar, L50, M|100/100\n|-ability|p2b: Incineroar|Intimidate|boost\n|-unboost|p1a: Scovillain|atk|1\n|-fail|p1b: Gliscor|unboost|atk|[from] ability: Hyper Cutter|[of] p1b: Gliscor\n|turn|1\n|\n|t:|1788411636\n|detailschange|p1a: Scovillain|Scovillain-Mega, L50, M\n|-mega|p1a: Scovillain|Scovillain|Scovillainite\n|move|p2b: Incineroar|Fake Out|p1b: Gliscor\n|-damage|p1b: Gliscor|90/100\n|move|p1a: Scovillain|Rage Powder|p1a: Scovillain\n|-singleturn|p1a: Scovillain|move: Rage Powder\n|cant|p1b: Gliscor|flinch\n|move|p2a: Farigiraf|Trick Room|p2a: Farigiraf\n|-fieldstart|move: Trick Room|[of] p2a: Farigiraf\n|\n|upkeep\n|turn|2\n|\n|t:|1788411653\n|move|p2a: Farigiraf|Psychic|p1a: Scovillain\n|-damage|p1a: Scovillain|66/100\n|-status|p2a: Farigiraf|brn|[from] ability: Spicy Spray|[of] p1a: Scovillain\n|move|p2b: Incineroar|Flare Blitz|p1a: Scovillain\n|-damage|p1a: Scovillain|20/100y\n|-damage|p2b: Incineroar|87/100|[from] Recoil\n|move|p1a: Scovillain|Flamethrower|p2a: Farigiraf\n|-damage|p2a: Farigiraf|61/100 brn\n|move|p1b: Gliscor|High Horsepower|p2b: Incineroar\n|-supereffective|p2b: Incineroar|1\n|-damage|p2b: Incineroar|21/100\n|\n|-damage|p2a: Farigiraf|55/100 brn|[from] brn\n|upkeep\n|turn|3\n|\n|t:|1788411672\n|move|p1a: Scovillain|Protect|p1a: Scovillain\n|-singleturn|p1a: Scovillain|Protect\n|move|p2a: Farigiraf|Psychic|p1a: Scovillain\n|-activate|p1a: Scovillain|move: Protect\n|move|p2b: Incineroar|Flare Blitz|p1b: Gliscor\n|-damage|p1b: Gliscor|53/100\n|-damage|p2b: Incineroar|10/100|[from] Recoil\n|move|p1b: Gliscor|Acrobatics|p2b: Incineroar\n|-damage|p2b: Incineroar|0 fnt\n|faint|p2b: Incineroar\n|\n|-damage|p2a: Farigiraf|48/100 brn|[from] brn\n|upkeep\n|\n|t:|1788411686\n|switch|p2b: Golurk|Golurk, L50|100/100\n|turn|4\n|\n|t:|1788411696\n|detailschange|p2b: Golurk|Golurk-Mega, L50\n|-mega|p2b: Golurk|Golurk|Golurkite\n|move|p1a: Scovillain|Rage Powder|p1a: Scovillain\n|-singleturn|p1a: Scovillain|move: Rage Powder\n|move|p2a: Farigiraf|Psychic|p1a: Scovillain\n|-damage|p1a: Scovillain|0 fnt\n|faint|p1a: Scovillain\n|move|p2b: Golurk|Poltergeist||[still]\n|-fail|p2b: Golurk\n|move|p1b: Gliscor|Acrobatics|p2a: Farigiraf\n|-damage|p2a: Farigiraf|10/100 brn\n|\n|-damage|p2a: Farigiraf|3/100 brn|[from] brn\n|upkeep\n|\n|t:|1788411711\n|switch|p1a: Pangoro|Pangoro, L50, M|100/100\n|turn|5\n|\n|t:|1788411734\n|move|p2a: Farigiraf|Helping Hand|p2b: Golurk\n|-singleturn|p2b: Golurk|Helping Hand|[of] p2a: Farigiraf\n|move|p1a: Pangoro|Knock Off|p2b: Golurk\n|-supereffective|p2b: Golurk|1\n|-damage|p2b: Golurk|36/100\n|move|p2b: Golurk|Headlong Rush|p1a: Pangoro\n|-enditem|p1a: Pangoro|Focus Sash\n|-damage|p1a: Pangoro|1/100\n|-unboost|p2b: Golurk|def|1\n|-unboost|p2b: Golurk|spd|1\n|move|p1b: Gliscor|Acrobatics|p2b: Golurk\n|-damage|p2b: Golurk|0 fnt\n|faint|p2b: Golurk\n|\n|-damage|p2a: Farigiraf|0 fnt|[from] brn\n|faint|p2a: Farigiraf\n|-fieldend|move: Trick Room\n|upkeep\n|\n|t:|1788411750\n|switch|p2b: Milotic|Milotic, L50, M|100/100\n|turn|6\n|\n|t:|1788411760\n|move|p1b: Gliscor|Protect|p1b: Gliscor\n|-singleturn|p1b: Gliscor|Protect\n|move|p2b: Milotic|Ice Beam|p1b: Gliscor\n|-activate|p1b: Gliscor|move: Protect\n|move|p1a: Pangoro|Knock Off|p2b: Milotic\n|-damage|p2b: Milotic|59/100\n|-enditem|p2b: Milotic|Leftovers|[from] move: Knock Off|[of] p1a: Pangoro\n|\n|upkeep\n|turn|7\n|\n|t:|1788411771\n|move|p1b: Gliscor|Acrobatics|p2b: Milotic\n|-damage|p2b: Milotic|17/100\n|move|p2b: Milotic|Ice Beam|p1b: Gliscor\n|-supereffective|p1b: Gliscor|2\n|-damage|p1b: Gliscor|0 fnt\n|faint|p1b: Gliscor\n|move|p1a: Pangoro|Storm Throw|p2b: Milotic\n|-crit|p2b: Milotic\n|-damage|p2b: Milotic|0 fnt\n|faint|p2b: Milotic\n|\n|win|bruhdnigerian\n|raw|bruhdnigerian's rating: 1087 &rarr; <strong>1118</strong><br />(+31 for winning)\n|raw|EnixionPrime's rating: 1145 &rarr; <strong>1116</strong><br />(-29 for losing)\n","uploadtime":1788411784,"views":"0","formatid":"gen9championsvgc2026regmb","rating":1116,"private":0,"password":null}