{"id":"gen9championsvgc2026regmb-2674263517","format":"[Gen 9 Champions] VGC 2026 Reg M-B","players":["ani 0304","DarkG99"],"log":"|j|☆ani 0304\n|j|☆DarkG99\n|t:|1788326362\n|gametype|doubles\n|player|p1|ani 0304|101|1646\n|player|p2|DarkG99|karen|1641\n|gen|9\n|tier|[Gen 9 Champions] VGC 2026 Reg M-B\n|rated|\n|rule|Species Clause: Limit one of each Pokémon\n|rule|Item Clause: Limit 1 of each item\n|clearpoke\n|poke|p1|Charizard, L50, M|\n|poke|p1|Venusaur, L50, M|\n|poke|p1|Incineroar, L50, M|\n|poke|p1|Garchomp, L50, M|\n|poke|p1|Sylveon, L50, M|\n|poke|p1|Toxapex, L50, F|\n|poke|p2|Gardevoir, L50, F|\n|poke|p2|Kingambit, L50, M|\n|poke|p2|Sneasler, L50, M|\n|poke|p2|Dragonite, L50, M|\n|poke|p2|Chandelure, L50, M|\n|poke|p2|Tsareena, L50, F|\n|teampreview|4\n|j| Newyiddyboy\n|inactive|Battle timer is ON: inactive players will automatically lose when time's up. (requested by ani 0304)\n|\n|t:|1788326405\n|teamsize|p1|4\n|teamsize|p2|4\n|start\n|switch|p1a: Charizard|Charizard, L50, M|100/100\n|switch|p1b: Sylveon|Sylveon, L50, M|100/100\n|switch|p2a: Dragonite|Dragonite, L50, M|100/100\n|switch|p2b: Gardevoir|Gardevoir, L50, F|100/100\n|-ability|p2b: Gardevoir|Blaze|Trace|[from] ability: Trace|[of] p1a: Charizard\n|turn|1\n|inactive|ani 0304 has 30 seconds left.\n|\n|t:|1788326433\n|switch|p2b: Chandelure|Chandelure, L50, M|100/100\n|detailschange|p2a: Dragonite|Dragonite-Mega, L50, M\n|-mega|p2a: Dragonite|Dragonite|Dragoninite\n|move|p1a: Charizard|Protect|p1a: Charizard\n|-singleturn|p1a: Charizard|Protect\n|move|p2a: Dragonite|Tailwind|p2a: Dragonite\n|-sidestart|p2: DarkG99|move: Tailwind\n|move|p1b: Sylveon|Hyper Voice|p2b: Chandelure|[spread] p2a,p2b\n|-supereffective|p2a: Dragonite|1\n|-resisted|p2b: Chandelure|1\n|-damage|p2a: Dragonite|65/100\n|-damage|p2b: Chandelure|71/100\n|\n|upkeep\n|turn|2\n|\n|t:|1788326457\n|switch|p2a: Sneasler|Sneasler, L50, M|100/100\n|switch|p1a: Incineroar|Incineroar, L50, M|100/100\n|-ability|p1a: Incineroar|Intimidate|boost\n|-unboost|p2a: Sneasler|atk|1\n|-unboost|p2b: Chandelure|atk|1\n|-enditem|p2a: Sneasler|White Herb\n|-clearnegativeboost|p2a: Sneasler|[silent]\n|move|p2b: Chandelure|Heat Wave|p1a: Incineroar|[spread] p1a,p1b\n|-resisted|p1a: Incineroar|1\n|-damage|p1a: Incineroar|81/100\n|-damage|p1b: Sylveon|68/100\n|move|p1b: Sylveon|Hyper Voice|p2b: Chandelure|[spread] p2a,p2b\n|-resisted|p2b: Chandelure|1\n|-crit|p2b: Chandelure\n|-damage|p2a: Sneasler|41/100\n|-damage|p2b: Chandelure|22/100\n|\n|upkeep\n|turn|3\n|\n|t:|1788326479\n|switch|p2a: Gardevoir|Gardevoir, L50, F|100/100\n|-ability|p2a: Gardevoir|Pixilate|Trace|[from] ability: Trace|[of] p1b: Sylveon\n|switch|p1a: Toxapex|Toxapex, L50, F|100/100\n|move|p1b: Sylveon|Detect|p1b: Sylveon\n|-singleturn|p1b: Sylveon|Protect\n|move|p2b: Chandelure|Heat Wave|p1b: Sylveon|[spread] p1a\n|-activate|p1b: Sylveon|move: Protect\n|-resisted|p1a: Toxapex|1\n|-damage|p1a: Toxapex|82/100\n|\n|-heal|p1a: Toxapex|87/100|[from] item: Leftovers\n|upkeep\n|turn|4\n|inactive|DarkG99 has 30 seconds left.\n|\n|t:|1788326513\n|switch|p1b: Incineroar|Incineroar, L50, M|81/100\n|-ability|p1b: Incineroar|Intimidate|boost\n|-unboost|p2a: Gardevoir|atk|1\n|-unboost|p2b: Chandelure|atk|1\n|move|p1a: Toxapex|Baneful Bunker|p1a: Toxapex\n|-singleturn|p1a: Toxapex|move: Protect\n|move|p2a: Gardevoir|Calm Mind|p2a: Gardevoir\n|-boost|p2a: Gardevoir|spa|1\n|-boost|p2a: Gardevoir|spd|1\n|move|p2b: Chandelure|Shadow Ball|p1b: Incineroar\n|-resisted|p1b: Incineroar|1\n|-damage|p1b: Incineroar|60/100\n|-unboost|p1b: Incineroar|spd|1\n|\n|-heal|p1a: Toxapex|93/100|[from] item: Leftovers\n|-sideend|p2: DarkG99|move: Tailwind\n|upkeep\n|turn|5\n|inactive|ani 0304 has 30 seconds left.\n|\n|t:|1788326545\n|switch|p2b: Sneasler|Sneasler, L50, M|41/100\n|move|p2a: Gardevoir|Protect|p2a: Gardevoir\n|-singleturn|p2a: Gardevoir|Protect\n|move|p1b: Incineroar|Fake Out|p2a: Gardevoir\n|-activate|p2a: Gardevoir|move: Protect\n|move|p1a: Toxapex|Infestation|p2b: Sneasler\n|-resisted|p2b: Sneasler|2\n|-damage|p2b: Sneasler|41/100\n|-activate|p2b: Sneasler|move: Infestation|[of] p1a: Toxapex\n|\n|-heal|p1a: Toxapex|99/100|[from] item: Leftovers\n|-damage|p2b: Sneasler|29/100|[from] move: Infestation|[partiallytrapped]\n|upkeep\n|turn|6\n|\n|t:|1788326565\n|switch|p1b: Charizard|Charizard, L50, M|100/100\n|move|p1a: Toxapex|Baneful Bunker|p1a: Toxapex\n|-singleturn|p1a: Toxapex|move: Protect\n|move|p2b: Sneasler|Feint|p1a: Toxapex\n|-activate|p1a: Toxapex|move: Feint\n|-damage|p1a: Toxapex|92/100\n|move|p2a: Gardevoir|Psychic|p1a: Toxapex\n|-supereffective|p1a: Toxapex|1\n|-damage|p1a: Toxapex|0 fnt\n|faint|p1a: Toxapex\n|\n|-end|p2b: Sneasler|Infestation|[partiallytrapped]|[silent]\n|upkeep\n|\n|t:|1788326578\n|switch|p1a: Incineroar|Incineroar, L50, M|60/100\n|-ability|p1a: Incineroar|Intimidate|boost\n|-unboost|p2a: Gardevoir|atk|1\n|-unboost|p2b: Sneasler|atk|1\n|turn|7\n|inactive|ani 0304 has 30 seconds left.\n|\n|t:|1788326603\n|switch|p2b: Chandelure|Chandelure, L50, M|22/100\n|detailschange|p1b: Charizard|Charizard-Mega-Y, L50, M\n|-mega|p1b: Charizard|Charizard|Charizardite Y\n|-weather|SunnyDay|[from] ability: Drought|[of] p1b: Charizard\n|move|p2a: Gardevoir|Protect|p2a: Gardevoir\n|-singleturn|p2a: Gardevoir|Protect\n|move|p1b: Charizard|Ancient Power|p2b: Chandelure\n|-supereffective|p2b: Chandelure|1\n|-damage|p2b: Chandelure|0 fnt\n|faint|p2b: Chandelure\n|move|p1a: Incineroar|Parting Shot|p2a: Gardevoir\n|-activate|p2a: Gardevoir|move: Protect\n|\n|-weather|SunnyDay|[upkeep]\n|upkeep\n|\n|t:|1788326619\n|switch|p2b: Sneasler|Sneasler, L50, M|29/100\n|turn|8\n|\n|t:|1788326634\n|move|p2b: Sneasler|Rock Slide|p1a: Incineroar|[spread] p1a,p1b\n|-supereffective|p1a: Incineroar|1\n|-supereffective|p1b: Charizard|2\n|-damage|p1a: Incineroar|31/100\n|-damage|p1b: Charizard|27/100\n|-enditem|p1a: Incineroar|Sitrus Berry|[eat]\n|-heal|p1a: Incineroar|56/100|[from] item: Sitrus Berry\n|move|p2a: Gardevoir|Hyper Voice|p1a: Incineroar|[spread] p1a,p1b\n|-resisted|p1b: Charizard|1\n|-damage|p1a: Incineroar|5/100\n|-damage|p1b: Charizard|2/100\n|cant|p1b: Charizard|flinch\n|move|p1a: Incineroar|Flare Blitz|p2a: Gardevoir\n|-damage|p2a: Gardevoir|0 fnt\n|faint|p2a: Gardevoir\n|-damage|p1a: Incineroar|0 fnt|[from] Recoil\n|faint|p1a: Incineroar\n|\n|-weather|SunnyDay|[upkeep]\n|upkeep\n|\n|t:|1788326650\n|switch|p2a: Dragonite|Dragonite-Mega, L50, M|65/100\n|switch|p1a: Sylveon|Sylveon, L50, M|68/100\n|turn|9\n|inactive|ani 0304 has 30 seconds left.\n|inactive|DarkG99 has 30 seconds left.\n|inactive|DarkG99 has 20 seconds left.\n|inactive|DarkG99 has 15 seconds left.\n|inactive|DarkG99 has 10 seconds left.\n|\n|t:|1788326699\n|move|p2b: Sneasler|Feint|p1a: Sylveon\n|-damage|p1a: Sylveon|57/100\n|move|p2a: Dragonite|Heat Wave|p1a: Sylveon|[spread] p1a,p1b\n|-resisted|p1b: Charizard|1\n|-damage|p1a: Sylveon|26/100\n|-damage|p1b: Charizard|0 fnt\n|faint|p1b: Charizard\n|move|p1a: Sylveon|Hyper Voice|p2a: Dragonite|[spread] p2a,p2b\n|-supereffective|p2a: Dragonite|1\n|-damage|p2a: Dragonite|0 fnt\n|-damage|p2b: Sneasler|0 fnt\n|faint|p2a: Dragonite\n|faint|p2b: Sneasler\n|\n|win|ani 0304\n|raw|ani 0304's rating: 1646 &rarr; <strong>1666</strong><br />(+20 for winning)\n|raw|DarkG99's rating: 1641 &rarr; <strong>1621</strong><br />(-20 for losing)\n|l|☆DarkG99\n|player|p2|\n","uploadtime":1788326716,"views":"0","formatid":"gen9championsvgc2026regmb","rating":1621,"private":0,"password":null}