{"id":"gen9championsvgc2026regmb-2674998805","format":"[Gen 9 Champions] VGC 2026 Reg M-B","players":["yumasonic","Frost0627"],"log":"|j|☆yumasonic\n|j|☆Frost0627\n|t:|1788446999\n|gametype|doubles\n|player|p1|yumasonic|dancer|1048\n|player|p2|Frost0627|1|1000\n|gen|9\n|tier|[Gen 9 Champions] VGC 2026 Reg M-B\n|rated|\n|rule|Species Clause: Limit one of each Pokémon\n|rule|Item Clause: Limit 1 of each item\n|clearpoke\n|poke|p1|Heracross, L50, M|\n|poke|p1|Farigiraf, L50, F|\n|poke|p1|Annihilape, L50, M|\n|poke|p1|Abomasnow, L50, M|\n|poke|p1|Ampharos, L50, M|\n|poke|p1|Gliscor, L50, M|\n|poke|p2|Glimmora, L50, F, shiny|\n|poke|p2|Goodra-Hisui, L50, M, shiny|\n|poke|p2|Sinistcha, L50|\n|poke|p2|Farigiraf, L50, F, shiny|\n|poke|p2|Feraligatr, L50, M, shiny|\n|poke|p2|Hatterene, L50, F|\n|teampreview|4\n|inactive|Battle timer is ON: inactive players will automatically lose when time's up. (requested by yumasonic)\n|inactive|yumasonic has 60 seconds left.\n|\n|t:|1788447036\n|teamsize|p1|4\n|teamsize|p2|4\n|start\n|switch|p1a: Farigiraf|Farigiraf, L50, F|100/100\n|switch|p1b: Heracross|Heracross, L50, M|100/100\n|switch|p2a: Feraligatr|Feraligatr, L50, M, shiny|100/100\n|switch|p2b: Glimmora|Glimmora, L50, F, shiny|100/100\n|turn|1\n|\n|t:|1788447053\n|detailschange|p1b: Heracross|Heracross-Mega, L50, M\n|-mega|p1b: Heracross|Heracross|Heracronite\n|move|p2b: Glimmora|Mortal Spin|p1a: Farigiraf|[spread] p1a,p1b\n|-damage|p1a: Farigiraf|95/100\n|-damage|p1b: Heracross|95/100\n|-status|p1a: Farigiraf|psn\n|-status|p1b: Heracross|psn\n|move|p2a: Feraligatr|Liquidation|p1a: Farigiraf\n|-damage|p1a: Farigiraf|55/100 psn\n|move|p1b: Heracross|Bullet Seed|p2a: Feraligatr\n|-supereffective|p2a: Feraligatr|1\n|-damage|p2a: Feraligatr|73/100\n|-supereffective|p2a: Feraligatr|1\n|-damage|p2a: Feraligatr|51/100\n|-supereffective|p2a: Feraligatr|1\n|-damage|p2a: Feraligatr|29/100\n|-supereffective|p2a: Feraligatr|1\n|-damage|p2a: Feraligatr|7/100\n|-supereffective|p2a: Feraligatr|1\n|-damage|p2a: Feraligatr|0 fnt\n|faint|p2a: Feraligatr\n|-hitcount|p2: Feraligatr|5\n|move|p1a: Farigiraf|Trick Room|p1a: Farigiraf\n|-fieldstart|move: Trick Room|[of] p1a: Farigiraf\n|\n|-damage|p1a: Farigiraf|43/100 psn|[from] psn\n|-damage|p1b: Heracross|83/100 psn|[from] psn\n|upkeep\n|-enditem|p1a: Farigiraf|Sitrus Berry|[eat]\n|-heal|p1a: Farigiraf|68/100 psn|[from] item: Sitrus Berry\n|\n|t:|1788447075\n|switch|p2a: Goodra|Goodra-Hisui, L50, M, shiny|100/100\n|turn|2\n|inactive|yumasonic has 30 seconds left.\n|\n|t:|1788447102\n|move|p2a: Goodra|Protect|p2a: Goodra\n|-singleturn|p2a: Goodra|Protect\n|move|p1a: Farigiraf|Twin Beam|p2b: Glimmora\n|-supereffective|p2b: Glimmora|1\n|-damage|p2b: Glimmora|74/100\n|-supereffective|p2b: Glimmora|1\n|-damage|p2b: Glimmora|48/100\n|-hitcount|p2b: Glimmora|2\n|move|p2b: Glimmora|Sandstorm|p2b: Glimmora\n|-weather|Sandstorm\n|move|p1b: Heracross|Circle Throw|p2a: Goodra\n|-activate|p2a: Goodra|move: Protect\n|\n|-weather|Sandstorm|[upkeep]\n|-damage|p1a: Farigiraf|62/100 psn|[from] Sandstorm\n|-damage|p1b: Heracross|77/100 psn|[from] Sandstorm\n|-damage|p1a: Farigiraf|49/100 psn|[from] psn\n|-damage|p1b: Heracross|65/100 psn|[from] psn\n|-activate|p1a: Farigiraf|ability: Cud Chew\n|-enditem|p1a: Farigiraf|Sitrus Berry|[eat]\n|-heal|p1a: Farigiraf|74/100 psn|[from] item: Sitrus Berry\n|upkeep\n|turn|3\n|\n|t:|1788447123\n|switch|p2a: Sinistcha|Sinistcha, L50|100/100\n|-heal|p2b: Glimmora|73/100|[from] ability: Hospitality|[of] p2a: Sinistcha\n|move|p1a: Farigiraf|Twin Beam|p2b: Glimmora\n|-supereffective|p2b: Glimmora|1\n|-damage|p2b: Glimmora|54/100\n|-supereffective|p2b: Glimmora|1\n|-damage|p2b: Glimmora|37/100\n|-hitcount|p2b: Glimmora|2\n|move|p1b: Heracross|Rock Blast|p2b: Glimmora\n|-damage|p2b: Glimmora|26/100\n|-activate|p2b: Glimmora|ability: Toxic Debris\n|-sidestart|p1: yumasonic|move: Toxic Spikes\n|-damage|p2b: Glimmora|16/100\n|-activate|p2b: Glimmora|ability: Toxic Debris\n|-sidestart|p1: yumasonic|move: Toxic Spikes\n|-damage|p2b: Glimmora|4/100\n|-crit|p2b: Glimmora\n|-damage|p2b: Glimmora|0 fnt\n|faint|p2b: Glimmora\n|-hitcount|p2: Glimmora|4\n|\n|-weather|Sandstorm|[upkeep]\n|-damage|p1a: Farigiraf|68/100 psn|[from] Sandstorm\n|-damage|p2a: Sinistcha|93/100|[from] Sandstorm\n|-damage|p1b: Heracross|59/100 psn|[from] Sandstorm\n|-damage|p1a: Farigiraf|55/100 psn|[from] psn\n|-damage|p1b: Heracross|47/100 psn|[from] psn\n|upkeep\n|\n|t:|1788447146\n|switch|p2b: Goodra|Goodra-Hisui, L50, M, shiny|100/100\n|turn|4\n|\n|t:|1788447169\n|move|p1a: Farigiraf|Dazzling Gleam|p2a: Sinistcha|[spread] p2a,p2b\n|-damage|p2a: Sinistcha|80/100\n|-damage|p2b: Goodra|91/100\n|move|p2b: Goodra|Shelter|p2b: Goodra\n|-boost|p2b: Goodra|def|2\n|move|p2a: Sinistcha|Life Dew|p2a: Sinistcha|[spread] p2a,p2b\n|-heal|p2a: Sinistcha|100/100\n|-heal|p2b: Goodra|100/100\n|move|p1b: Heracross|Circle Throw|p2b: Goodra\n|-supereffective|p2b: Goodra|1\n|-damage|p2b: Goodra|58/100\n|\n|-weather|Sandstorm|[upkeep]\n|-damage|p1a: Farigiraf|49/100 psn|[from] Sandstorm\n|-damage|p2a: Sinistcha|93/100|[from] Sandstorm\n|-damage|p1b: Heracross|41/100 psn|[from] Sandstorm\n|-heal|p2b: Goodra|64/100|[from] item: Leftovers\n|-damage|p1a: Farigiraf|37/100 psn|[from] psn\n|-damage|p1b: Heracross|29/100 psn|[from] psn\n|upkeep\n|turn|5\n|inactive|yumasonic has 30 seconds left.\n|\n|t:|1788447195\n|move|p1a: Farigiraf|Dazzling Gleam|p2b: Goodra|[spread] p2a,p2b\n|-damage|p2a: Sinistcha|79/100\n|-damage|p2b: Goodra|56/100\n|move|p2b: Goodra|Shelter|p2b: Goodra\n|-boost|p2b: Goodra|def|2\n|move|p2a: Sinistcha|Life Dew|p2a: Sinistcha|[spread] p2a,p2b\n|-heal|p2a: Sinistcha|100/100\n|-heal|p2b: Goodra|81/100\n|move|p1b: Heracross|Pin Missile|p2a: Sinistcha\n|-damage|p2a: Sinistcha|81/100\n|-damage|p2a: Sinistcha|64/100\n|-damage|p2a: Sinistcha|44/100\n|-enditem|p2a: Sinistcha|Sitrus Berry|[eat]\n|-heal|p2a: Sinistcha|69/100|[from] item: Sitrus Berry\n|-damage|p2a: Sinistcha|52/100\n|-damage|p2a: Sinistcha|35/100\n|-hitcount|p2a: Sinistcha|5\n|\n|-weather|Sandstorm|[upkeep]\n|-damage|p1a: Farigiraf|31/100 psn|[from] Sandstorm\n|-damage|p2a: Sinistcha|29/100|[from] Sandstorm\n|-damage|p1b: Heracross|23/100 psn|[from] Sandstorm\n|-heal|p2b: Goodra|87/100|[from] item: Leftovers\n|-damage|p1a: Farigiraf|18/100 psn|[from] psn\n|-damage|p1b: Heracross|10/100 psn|[from] psn\n|-fieldend|move: Trick Room\n|upkeep\n|turn|6\n|inactive|Frost0627 has 30 seconds left.\n|\n|t:|1788447225\n|move|p1b: Heracross|Pin Missile|p2a: Sinistcha\n|-damage|p2a: Sinistcha|10/100\n|-damage|p2a: Sinistcha|0 fnt\n|faint|p2a: Sinistcha\n|-hitcount|p2: Sinistcha|2\n|move|p2b: Goodra|Shelter|p2b: Goodra\n|-boost|p2b: Goodra|def|2\n|move|p1a: Farigiraf|Dazzling Gleam|p2b: Goodra\n|-damage|p2b: Goodra|77/100\n|\n|-weather|none\n|-heal|p2b: Goodra|82/100|[from] item: Leftovers\n|-damage|p1b: Heracross|0 fnt|[from] psn\n|faint|p1b: Heracross\n|-damage|p1a: Farigiraf|6/100 psn|[from] psn\n|upkeep\n|\n|t:|1788447244\n|switch|p1b: Annihilape|Annihilape, L50, M|100/100\n|-status|p1b: Annihilape|tox\n|turn|7\n|\n|t:|1788447253\n|move|p2b: Goodra|Protect|p2b: Goodra\n|-singleturn|p2b: Goodra|Protect\n|move|p1b: Annihilape|Drain Punch|p2b: Goodra\n|-activate|p2b: Goodra|move: Protect\n|move|p1a: Farigiraf|Dazzling Gleam|p2b: Goodra\n|-activate|p2b: Goodra|move: Protect\n|\n|-heal|p2b: Goodra|88/100|[from] item: Leftovers\n|-damage|p1b: Annihilape|94/100 tox|[from] psn\n|-damage|p1a: Farigiraf|0 fnt|[from] psn\n|faint|p1a: Farigiraf\n|upkeep\n|\n|t:|1788447266\n|switch|p1a: Abomasnow|Abomasnow, L50, M|100/100\n|-status|p1a: Abomasnow|tox\n|-weather|Snowscape|[from] ability: Snow Warning|[of] p1a: Abomasnow\n|turn|8\n|\n|t:|1788447279\n|move|p1b: Annihilape|Drain Punch|p2b: Goodra\n|-supereffective|p2b: Goodra|1\n|-damage|p2b: Goodra|66/100\n|-heal|p1b: Annihilape|100/100 tox|[from] drain|[of] p2b: Goodra\n|-damage|p1b: Annihilape|90/100 tox|[from] item: Life Orb\n|move|p2b: Goodra|Flash Cannon|p1a: Abomasnow\n|-supereffective|p1a: Abomasnow|1\n|-damage|p1a: Abomasnow|53/100 tox\n|move|p1a: Abomasnow|Aurora Veil|p1a: Abomasnow\n|-sidestart|p1: yumasonic|move: Aurora Veil\n|\n|-weather|Snowscape|[upkeep]\n|-heal|p2b: Goodra|72/100|[from] item: Leftovers\n|-damage|p1b: Annihilape|78/100 tox|[from] psn\n|-damage|p1a: Abomasnow|47/100 tox|[from] psn\n|upkeep\n|turn|9\n|\n|t:|1788447291\n|move|p2b: Goodra|Protect|p2b: Goodra\n|-singleturn|p2b: Goodra|Protect\n|move|p1b: Annihilape|Drain Punch|p2b: Goodra\n|-activate|p2b: Goodra|move: Protect\n|move|p1a: Abomasnow|Frost Breath|p2b: Goodra\n|-activate|p2b: Goodra|move: Protect\n|\n|-weather|Snowscape|[upkeep]\n|-heal|p2b: Goodra|78/100|[from] item: Leftovers\n|-damage|p1b: Annihilape|60/100 tox|[from] psn\n|-damage|p1a: Abomasnow|35/100 tox|[from] psn\n|upkeep\n|turn|10\n|\n|t:|1788447312\n|move|p1b: Annihilape|Drain Punch|p2b: Goodra\n|-supereffective|p2b: Goodra|1\n|-damage|p2b: Goodra|52/100\n|-heal|p1b: Annihilape|73/100 tox|[from] drain|[of] p2b: Goodra\n|-damage|p1b: Annihilape|63/100 tox|[from] item: Life Orb\n|move|p2b: Goodra|Body Press|p1a: Abomasnow\n|-supereffective|p1a: Abomasnow|1\n|-damage|p1a: Abomasnow|0 fnt\n|faint|p1a: Abomasnow\n|\n|-weather|Snowscape|[upkeep]\n|-heal|p2b: Goodra|58/100|[from] item: Leftovers\n|-damage|p1b: Annihilape|40/100 tox|[from] psn\n|upkeep\n|turn|11\n|\n|t:|1788447330\n|move|p2b: Goodra|Protect|p2b: Goodra\n|-singleturn|p2b: Goodra|Protect\n|move|p1b: Annihilape|Drain Punch|p2b: Goodra\n|-activate|p2b: Goodra|move: Protect\n|\n|-weather|Snowscape|[upkeep]\n|-heal|p2b: Goodra|64/100|[from] item: Leftovers\n|-damage|p1b: Annihilape|10/100 tox|[from] psn\n|upkeep\n|turn|12\n|\n|t:|1788447340\n|move|p2b: Goodra|Protect||[still]\n|-fail|p2b: Goodra\n|move|p1b: Annihilape|Drain Punch|p2b: Goodra\n|-supereffective|p2b: Goodra|1\n|-damage|p2b: Goodra|42/100\n|-heal|p1b: Annihilape|22/100 tox|[from] drain|[of] p2b: Goodra\n|-damage|p1b: Annihilape|12/100 tox|[from] item: Life Orb\n|\n|-weather|Snowscape|[upkeep]\n|-heal|p2b: Goodra|48/100|[from] item: Leftovers\n|-damage|p1b: Annihilape|0 fnt|[from] psn\n|faint|p1b: Annihilape\n|\n|win|Frost0627\n|raw|yumasonic's rating: 1048 &rarr; <strong>1028</strong><br />(-20 for losing)\n|raw|Frost0627's rating: 1000 &rarr; <strong>1045</strong><br />(+45 for winning)\n|l|☆yumasonic\n|player|p1|\n","uploadtime":1788447353,"views":"12","formatid":"gen9championsvgc2026regmb","rating":1028,"private":0,"password":null}