{"id":"gen9championsvgc2026regmb-2673983733","format":"[Gen 9 Champions] VGC 2026 Reg M-B","players":["matteo0203","VxS_C"],"log":"|j|☆matteo0203\n|j|☆VxS_C\n|t:|1788284776\n|gametype|doubles\n|player|p1|matteo0203|101|1196\n|player|p2|VxS_C|chuck|1251\n|gen|9\n|tier|[Gen 9 Champions] VGC 2026 Reg M-B\n|rated|\n|rule|Species Clause: Limit one of each Pokémon\n|rule|Item Clause: Limit 1 of each item\n|clearpoke\n|poke|p1|Charizard, L50, M|\n|poke|p1|Kingambit, L50, F|\n|poke|p1|Sylveon, L50, F|\n|poke|p1|Aerodactyl, L50, M|\n|poke|p1|Farigiraf, L50, F|\n|poke|p1|Garchomp, L50, F|\n|poke|p2|Aerodactyl, L50, M|\n|poke|p2|Armarouge, L50, F|\n|poke|p2|Kingambit, L50, M|\n|poke|p2|Abomasnow, L50, F|\n|poke|p2|Kangaskhan, L50, F|\n|poke|p2|Basculegion, L50, M|\n|teampreview|4\n|inactive|Battle timer is ON: inactive players will automatically lose when time's up. (requested by VxS_C)\n|inactive|matteo0203 also wants the timer to be on.\nmatteo0203 has agreed to open team sheets.\n|inactive|matteo0203 has 60 seconds left.\n|\n|t:|1788284831\n|teamsize|p1|4\n|teamsize|p2|4\n|start\n|switch|p1a: Garchomp|Garchomp, L50, F|100/100\n|switch|p1b: Sylveon|Sylveon, L50, F|100/100\n|switch|p2a: Armarouge|Armarouge, L50, F|100/100\n|switch|p2b: Kangaskhan|Kangaskhan, L50, F|100/100\n|turn|1\n|inactive|matteo0203 has 30 seconds left.\n|\n|t:|1788284863\n|move|p1b: Sylveon|Protect|p1b: Sylveon\n|-singleturn|p1b: Sylveon|Protect\n|move|p2b: Kangaskhan|Fake Out|p1a: Garchomp\n|-damage|p1a: Garchomp|74/100\n|-damage|p2b: Kangaskhan|87/100|[from] ability: Rough Skin|[of] p1a: Garchomp\n|-damage|p2b: Kangaskhan|77/100|[from] item: Life Orb\n|cant|p1a: Garchomp|flinch\n|move|p2a: Armarouge|Trick Room|p2a: Armarouge\n|-fieldstart|move: Trick Room|[of] p2a: Armarouge\n|\n|upkeep\n|turn|2\n|\n|t:|1788284887\n|move|p1a: Garchomp|Protect|p1a: Garchomp\n|-singleturn|p1a: Garchomp|Protect\n|move|p1b: Sylveon|Hyper Voice|p2a: Armarouge|[spread] p2a,p2b\n|-resisted|p2a: Armarouge|1\n|-damage|p2a: Armarouge|74/100\n|-damage|p2b: Kangaskhan|32/100\n|move|p2a: Armarouge|Heat Wave|p1b: Sylveon|[spread] p1b\n|-activate|p1a: Garchomp|move: Protect\n|-damage|p1b: Sylveon|69/100\n|move|p2b: Kangaskhan|Last Resort|p1b: Sylveon\n|-damage|p1b: Sylveon|0 fnt\n|faint|p1b: Sylveon\n|-damage|p2b: Kangaskhan|22/100|[from] item: Life Orb\n|\n|upkeep\n|\n|t:|1788284906\n|switch|p1b: Charizard|Charizard, L50, M|100/100\n|turn|3\n|\n|t:|1788284926\n|detailschange|p1b: Charizard|Charizard-Mega-Y, L50, M\n|-mega|p1b: Charizard|Charizard|Charizardite Y\n|-weather|SunnyDay|[from] ability: Drought|[of] p1b: Charizard\n|move|p2a: Armarouge|Psychic|p1a: Garchomp\n|-damage|p1a: Garchomp|23/100\n|move|p2b: Kangaskhan|Last Resort|p1a: Garchomp\n|-damage|p1a: Garchomp|0 fnt\n|-damage|p2b: Kangaskhan|9/100|[from] ability: Rough Skin|[of] p1a: Garchomp\n|faint|p1a: Garchomp\n|-damage|p2b: Kangaskhan|0 fnt|[from] item: Life Orb\n|faint|p2b: Kangaskhan\n|move|p1b: Charizard|Solar Beam||[still]\n|-prepare|p1b: Charizard|Solar Beam\n|-anim|p1b: Charizard|Solar Beam|p2a: Armarouge\n|-resisted|p2a: Armarouge|1\n|-damage|p2a: Armarouge|48/100\n|\n|-weather|SunnyDay|[upkeep]\n|upkeep\n|\n|t:|1788284946\n|switch|p2b: Abomasnow|Abomasnow, L50, F|100/100\n|switch|p1a: Kingambit|Kingambit, L50, F|100/100\n|-weather|Snowscape|[from] ability: Snow Warning|[of] p2b: Abomasnow\n|turn|4\n|\n|t:|1788284971\n|switch|p2a: Kingambit|Kingambit, L50, M|100/100\n|detailschange|p2b: Abomasnow|Abomasnow-Mega, L50, F\n|-mega|p2b: Abomasnow|Abomasnow|Abomasite\n|move|p1a: Kingambit|Sucker Punch||[still]\n|-fail|p1a: Kingambit\n|move|p2b: Abomasnow|Blizzard|p1a: Kingambit|[spread] p1a,p1b\n|-resisted|p1a: Kingambit|1\n|-damage|p1a: Kingambit|73/100\n|-damage|p1b: Charizard|61/100\n|-status|p1a: Kingambit|frz\n|move|p1b: Charizard|Heat Wave|p2a: Kingambit|[spread] p2a,p2b\n|-supereffective|p2a: Kingambit|1\n|-supereffective|p2b: Abomasnow|2\n|-crit|p2b: Abomasnow\n|-damage|p2a: Kingambit|2/100\n|-damage|p2b: Abomasnow|0 fnt\n|faint|p2b: Abomasnow\n|\n|-weather|Snowscape|[upkeep]\n|upkeep\n|\n|t:|1788284990\n|switch|p2b: Armarouge|Armarouge, L50, F|48/100\n|turn|5\n|\n|t:|1788285003\n|cant|p1a: Kingambit|frz\n|move|p2b: Armarouge|Heat Wave|p1a: Kingambit|[spread] p1a,p1b\n|-supereffective|p1a: Kingambit|1\n|-resisted|p1b: Charizard|1\n|-damage|p1a: Kingambit|0 fnt\n|-damage|p1b: Charizard|44/100\n|faint|p1a: Kingambit\n|move|p2a: Kingambit|Kowtow Cleave|p1b: Charizard\n|-damage|p1b: Charizard|0 fnt\n|faint|p1b: Charizard\n|\n|win|VxS_C\n|raw|matteo0203's rating: 1196 &rarr; <strong>1175</strong><br />(-21 for losing)\n|raw|VxS_C's rating: 1251 &rarr; <strong>1272</strong><br />(+21 for winning)\n","uploadtime":1788285014,"views":"0","formatid":"gen9championsvgc2026regmb","rating":1175,"private":0,"password":null}