{"id":"gen9championsvgc2026regmbbo3-2673489077","format":"[Gen 9 Champions] VGC 2026 Reg M-B (Bo3)","players":["humania1","totaldestroy"],"log":"|j|☆humania1\n|j|☆totaldestroy\n|html|<table width=\"100%\"><tr><td align=\"left\">humania1</td><td align=\"right\">totaldestroy</tr><tr><td align=\"left\"><i class=\"fa fa-circle-o\"></i> <i class=\"fa fa-circle-o\"></i> </td><td align=\"right\"><i class=\"fa fa-circle-o\"></i> <i class=\"fa fa-circle\"></i> </tr></table>\n|uhtml|bestof|<h2><strong>Game 2</strong> of <a href=\"/game-bestof3-gen9championsvgc2026regmbbo3-2673487903\">a best-of-3</a></h2>\n|t:|1788203920\n|gametype|doubles\n|player|p1|humania1|170|1069\n|player|p2|totaldestroy|veteran|1180\n|gen|9\n|tier|[Gen 9 Champions] VGC 2026 Reg M-B (Bo3)\n|rated|\n|rule|Species Clause: Limit one of each Pokémon\n|rule|Item Clause: Limit 1 of each item\n|clearpoke\n|poke|p1|Blastoise, L50, M|\n|poke|p1|Delphox, L50, F, shiny|\n|poke|p1|Incineroar, L50, F|\n|poke|p1|Sinistcha, L50|\n|poke|p1|Sneasler, L50, M|\n|poke|p1|Vivillon, L50, F|\n|poke|p2|Incineroar, L50, F|\n|poke|p2|Zoroark-Hisui, L50, M|\n|poke|p2|Froslass, L50, F|\n|poke|p2|Sneasler, L50, M|\n|poke|p2|Farigiraf, L50, F|\n|poke|p2|Arcanine-Hisui, L50, F|\n|teampreview|4\n|showteam|p1|Blastoise||Blastoisinite|Torrent|Protect,ShellSmash,WaterSpout,DarkPulse|Modest||M|||50|]Delphox||Delphoxite|Blaze|Protect,HeatWave,Psyshock,NastyPlot|Timid||F|||50|]Incineroar||PasshoBerry|Intimidate|FakeOut,PartingShot,FlareBlitz,ThroatChop|Impish||F|||50|]Sinistcha||SitrusBerry|Hospitality|Protect,MatchaGotcha,TrickRoom,RagePowder|Bold|||||50|]Sneasler||FocusSash|PoisonTouch|QuickGuard,FakeOut,CloseCombat,DireClaw|Jolly||M|||50|]Vivillon||ChoiceScarf|CompoundEyes|Hurricane,SleepPowder,RagePowder,Uturn|Timid||F|||50|\n|showteam|p2|Incineroar||PasshoBerry|Intimidate|ThroatChop,FlareBlitz,FakeOut,PartingShot|Adamant||F|||50|]Zoroark-Hisui||FocusSash|Illusion|IcyWind,BitterMalice,WillOWisp,Protect|Timid||M|||50|]Froslass||Froslassite|CursedBody|Blizzard,ShadowBall,NastyPlot,Protect|Modest||F|||50|]Sneasler||WhiteHerb|Unburden|FakeOut,DireClaw,CloseCombat,Protect|Adamant||M|||50|]Farigiraf||SitrusBerry|ArmorTail|Psychic,Thunderbolt,HelpingHand,Roar|Bold||F|||50|]Arcanine-Hisui||ChoiceScarf|RockHead|FlareBlitz,HeadSmash,RockSlide,CloseCombat|Jolly||F|||50|\n|inactive|Battle timer is ON: inactive players will automatically lose when time's up. (requested by humania1)\n|\n|t:|1788203942\n|teamsize|p1|4\n|teamsize|p2|4\n|start\n|switch|p1a: Blastoise|Blastoise, L50, M|100/100\n|switch|p1b: Incineroar|Incineroar, L50, F|100/100\n|switch|p2a: wife material|Froslass, L50, F|100/100\n|switch|p2b: my cat at 3am|Incineroar, L50, F|100/100\n|-ability|p1b: Incineroar|Intimidate|boost\n|-unboost|p2a: wife material|atk|1\n|-unboost|p2b: my cat at 3am|atk|1\n|-ability|p2b: my cat at 3am|Intimidate|boost\n|-unboost|p1a: Blastoise|atk|1\n|-unboost|p1b: Incineroar|atk|1\n|turn|1\n|\n|t:|1788203958\n|detailschange|p2a: wife material|Froslass-Mega, L50, F\n|-mega|p2a: wife material|Froslass|Froslassite\n|-weather|Snowscape|[from] ability: Snow Warning|[of] p2a: wife material\n|detailschange|p1a: Blastoise|Blastoise-Mega, L50, M\n|-mega|p1a: Blastoise|Blastoise|Blastoisinite\n|move|p2b: my cat at 3am|Fake Out|p1a: Blastoise\n|-damage|p1a: Blastoise|90/100\n|move|p2a: wife material|Nasty Plot|p2a: wife material\n|-boost|p2a: wife material|spa|2\n|cant|p1a: Blastoise|flinch\n|move|p1b: Incineroar|Throat Chop|p2a: wife material\n|-supereffective|p2a: wife material|1\n|-damage|p2a: wife material|61/100\n|-start|p2a: wife material|Throat Chop|[silent]\n|\n|-weather|Snowscape|[upkeep]\n|upkeep\n|turn|2\n|\n|t:|1788203978\n|move|p2a: wife material|Protect|p2a: wife material\n|-singleturn|p2a: wife material|Protect\n|move|p1a: Blastoise|Water Spout|p2b: my cat at 3am|[spread] p2b\n|-activate|p2a: wife material|move: Protect\n|-supereffective|p2b: my cat at 3am|1\n|-enditem|p2b: my cat at 3am|Passho Berry|[eat]\n|-enditem|p2b: my cat at 3am|Passho Berry|[weaken]\n|-damage|p2b: my cat at 3am|48/100\n|move|p1b: Incineroar|Throat Chop|p2a: wife material\n|-activate|p2a: wife material|move: Protect\n|move|p2b: my cat at 3am|Parting Shot|p1a: Blastoise\n|-unboost|p1a: Blastoise|atk|1\n|-unboost|p1a: Blastoise|spa|1\n|\n|t:|1788203980\n|switch|p2b: The Sneasler|Sneasler, L50, M|100/100|[from] Parting Shot\n|\n|-weather|Snowscape|[upkeep]\n|-end|p2a: wife material|Throat Chop|[silent]\n|upkeep\n|turn|3\n|\n|t:|1788204000\n|move|p2a: wife material|Shadow Ball|p1a: Blastoise\n|-damage|p1a: Blastoise|8/100\n|move|p2b: The Sneasler|Close Combat|p1a: Blastoise\n|-crit|p1a: Blastoise\n|-damage|p1a: Blastoise|0 fnt\n|-unboost|p2b: The Sneasler|def|1\n|-unboost|p2b: The Sneasler|spd|1\n|faint|p1a: Blastoise\n|-enditem|p2b: The Sneasler|White Herb\n|-clearnegativeboost|p2b: The Sneasler|[silent]\n|move|p1b: Incineroar|Flare Blitz|p2a: wife material\n|-supereffective|p2a: wife material|1\n|-damage|p2a: wife material|7/100\n|-damage|p1b: Incineroar|85/100|[from] Recoil\n|\n|-weather|Snowscape|[upkeep]\n|upkeep\n|\n|t:|1788204000\n|switch|p1a: Delphox|Delphox, L50, F, shiny|100/100\n|turn|4\n|\n|t:|1788204021\n|move|p2b: The Sneasler|Dire Claw|p1a: Delphox\n|-damage|p1a: Delphox|33/100\n|move|p2a: wife material|Blizzard|p1a: Delphox|[spread] p1a,p1b\n|-resisted|p1a: Delphox|1\n|-resisted|p1b: Incineroar|1\n|-damage|p1a: Delphox|0 fnt\n|-damage|p1b: Incineroar|46/100\n|faint|p1a: Delphox\n|move|p1b: Incineroar|Throat Chop|p2a: wife material\n|-supereffective|p2a: wife material|1\n|-damage|p2a: wife material|0 fnt\n|faint|p2a: wife material\n|\n|-weather|Snowscape|[upkeep]\n|upkeep\n|inactive|totaldestroy has 30 seconds left.\n|\n|t:|1788204052\n|switch|p2a: head banger|Arcanine-Hisui, L50, F|100/100\n|switch|p1a: Sinistcha|Sinistcha, L50|100/100\n|-heal|p1b: Incineroar|71/100|[from] ability: Hospitality|[of] p1a: Sinistcha\n|turn|5\n|\n|t:|1788204063\n|move|p2b: The Sneasler|Dire Claw|p1a: Sinistcha\n|-damage|p1a: Sinistcha|58/100\n|-status|p1a: Sinistcha|slp\n|move|p2a: head banger|Rock Slide|p1b: Incineroar|[spread] p1a,p1b\n|-supereffective|p1b: Incineroar|1\n|-damage|p1a: Sinistcha|35/100 slp\n|-damage|p1b: Incineroar|25/100\n|-enditem|p1a: Sinistcha|Sitrus Berry|[eat]\n|-heal|p1a: Sinistcha|60/100 slp|[from] item: Sitrus Berry\n|cant|p1b: Incineroar|flinch\n|cant|p1a: Sinistcha|slp\n|\n|-weather|none\n|upkeep\n|turn|6\n|inactive|totaldestroy has 30 seconds left.\n|inactive|totaldestroy has 20 seconds left.\n|\n|t:|1788204099\n|move|p2b: The Sneasler|Dire Claw|p1a: Sinistcha\n|-damage|p1a: Sinistcha|19/100 slp\n|move|p2a: head banger|Rock Slide|p1b: Incineroar|[spread] p1a,p1b\n|-supereffective|p1b: Incineroar|1\n|-damage|p1a: Sinistcha|0 fnt\n|-damage|p1b: Incineroar|0 fnt\n|faint|p1a: Sinistcha\n|faint|p1b: Incineroar\n|\n|win|totaldestroy\n|raw|humania1's rating: 1069 &rarr; <strong>1055</strong><br />(-14 for losing)\n|raw|totaldestroy's rating: 1180 &rarr; <strong>1197</strong><br />(+17 for winning)\n|l|☆humania1\n|player|p1|\n","uploadtime":1788204100,"views":"13","formatid":"gen9championsvgc2026regmbbo3","rating":1055,"private":0,"password":null}