{"id":"gen9championsvgc2026regmb-2674661441","format":"[Gen 9 Champions] VGC 2026 Reg M-B","players":["yalevooo","KingofAyri"],"log":"|j|☆yalevooo\n|j|☆KingofAyri\n|html|<table width=\"100%\"><tr><td align=\"left\">yalevooo</td><td align=\"right\">KingofAyri</tr><tr><td align=\"left\"><i class=\"fa fa-circle\"></i> <i class=\"fa fa-circle-o\"></i> </td><td align=\"right\"><i class=\"fa fa-circle-o\"></i> <i class=\"fa fa-circle\"></i> </tr></table>\n|uhtml|bestof|<h2><strong>Game 3</strong> of <a href=\"/game-bestof3-gen9championsvgc2026regmb-2674654887\">a best-of-3</a></h2>\n|t:|1788386715\n|gametype|doubles\n|player|p1|yalevooo|1|\n|player|p2|KingofAyri|1|\n|gen|9\n|tier|[Gen 9 Champions] VGC 2026 Reg M-B\n|rule|Species Clause: Limit one of each Pokémon\n|rule|Item Clause: Limit 1 of each item\n|raw|<div class=\"infobox\"><details class=\"readmore\" open><summary><strong>2 custom rules:</strong></summary> ! Open Team Sheets, Best of = 3</details></div>\n|clearpoke\n|poke|p1|Pelipper, L50, F|\n|poke|p1|Raichu, L50, M|\n|poke|p1|Swampert, L50, M, shiny|\n|poke|p1|Gholdengo, L50|\n|poke|p1|Scizor, L50, F|\n|poke|p1|Wyrdeer, L50, F|\n|poke|p2|Farigiraf, L50, M|\n|poke|p2|Staraptor, L50, M|\n|poke|p2|Kingambit, L50, M|\n|poke|p2|Venusaur, L50, F|\n|poke|p2|Blastoise, L50, F|\n|poke|p2|Vanilluxe, L50, F|\n|teampreview|4\n|\n|t:|1788386801\n|teamsize|p1|4\n|teamsize|p2|4\n|start\n|switch|p1a: Wyrdeer|Wyrdeer, L50, F|100/100\n|switch|p1b: Scizor|Scizor, L50, F|100/100\n|switch|p2a: Blastoise|Blastoise, L50, F|100/100\n|switch|p2b: Vanilluxe|Vanilluxe, L50, F|100/100\n|-weather|Snowscape|[from] ability: Snow Warning|[of] p2b: Vanilluxe\n|turn|1\n|\n|t:|1788386841\n|detailschange|p2a: Blastoise|Blastoise-Mega, L50, F\n|-mega|p2a: Blastoise|Blastoise|Blastoisinite\n|detailschange|p1b: Scizor|Scizor-Mega, L50, F\n|-mega|p1b: Scizor|Scizor|Scizorite\n|move|p2a: Blastoise|Fake Out|p1b: Scizor\n|-resisted|p1b: Scizor|1\n|-damage|p1b: Scizor|96/100\n|move|p2b: Vanilluxe|Aurora Veil|p2b: Vanilluxe\n|-sidestart|p2: KingofAyri|move: Aurora Veil\n|cant|p1b: Scizor|flinch\n|move|p1a: Wyrdeer|Wild Charge|p2a: Blastoise\n|-supereffective|p2a: Blastoise|1\n|-damage|p2a: Blastoise|56/100\n|-damage|p1a: Wyrdeer|90/100|[from] Recoil\n|-damage|p1a: Wyrdeer|80/100|[from] item: Life Orb\n|\n|-weather|Snowscape|[upkeep]\n|upkeep\n|turn|2\n|\n|t:|1788386916\n|switch|p2a: Staraptor|Staraptor, L50, M|100/100\n|-ability|p2a: Staraptor|Intimidate|boost\n|-unboost|p1a: Wyrdeer|atk|1\n|-unboost|p1b: Scizor|atk|1\n|move|p2b: Vanilluxe|Blizzard|p1b: Scizor|[spread] p1a,p1b\n|-resisted|p1b: Scizor|1\n|-damage|p1a: Wyrdeer|36/100\n|-damage|p1b: Scizor|75/100\n|-status|p1b: Scizor|frz\n|cant|p1b: Scizor|frz\n|move|p1a: Wyrdeer|Wild Charge|p2a: Staraptor\n|-supereffective|p2a: Staraptor|1\n|-damage|p2a: Staraptor|59/100\n|-damage|p1a: Wyrdeer|27/100|[from] Recoil\n|-damage|p1a: Wyrdeer|17/100|[from] item: Life Orb\n|\n|-weather|Snowscape|[upkeep]\n|upkeep\n|turn|3\n|\n|t:|1788386959\n|switch|p1b: Gholdengo|Gholdengo, L50|100/100\n|move|p2a: Staraptor|U-turn|p1a: Wyrdeer\n|-supereffective|p1a: Wyrdeer|1\n|-damage|p1a: Wyrdeer|0 fnt\n|faint|p1a: Wyrdeer\n|\n|t:|1788386966\n|switch|p2a: Kingambit|Kingambit, L50, M|100/100|[from] U-turn\n|move|p2b: Vanilluxe|Blizzard|p1b: Gholdengo\n|-resisted|p1b: Gholdengo|1\n|-damage|p1b: Gholdengo|65/100\n|-status|p1b: Gholdengo|frz\n|\n|-weather|Snowscape|[upkeep]\n|upkeep\n|\n|t:|1788386980\n|switch|p1a: Raichu|Raichu, L50, M|100/100\n|turn|4\n|\n|t:|1788387005\n|move|p1a: Raichu|Fake Out|p2a: Kingambit\n|-resisted|p2a: Kingambit|1\n|-damage|p2a: Kingambit|97/100\n|cant|p2a: Kingambit|flinch\n|-curestatus|p1b: Gholdengo|frz|[msg]\n|move|p1b: Gholdengo|Focus Blast|p2a: Kingambit\n|-supereffective|p2a: Kingambit|2\n|-damage|p2a: Kingambit|0 fnt\n|faint|p2a: Kingambit\n|-end|p2a: Kingambit|fallenundefined|[silent]\n|move|p2b: Vanilluxe|Blizzard|p1b: Gholdengo|[spread] p1a,p1b\n|-resisted|p1b: Gholdengo|1\n|-damage|p1a: Raichu|34/100\n|-damage|p1b: Gholdengo|39/100\n|\n|-weather|Snowscape|[upkeep]\n|upkeep\n|\n|t:|1788387027\n|switch|p2a: Staraptor|Staraptor, L50, M|59/100\n|-ability|p2a: Staraptor|Intimidate|boost\n|-unboost|p1a: Raichu|atk|1\n|-unboost|p1b: Gholdengo|atk|1\n|turn|5\n|\n|t:|1788387050\n|move|p1b: Gholdengo|Protect|p1b: Gholdengo\n|-singleturn|p1b: Gholdengo|Protect\n|move|p2a: Staraptor|Final Gambit|p1a: Raichu\n|-damage|p1a: Raichu|0 fnt\n|faint|p2a: Staraptor\n|faint|p1a: Raichu\n|move|p2b: Vanilluxe|Blizzard|p1b: Gholdengo\n|-activate|p1b: Gholdengo|move: Protect\n|\n|-weather|none\n|-sideend|p2: KingofAyri|move: Aurora Veil\n|upkeep\n|\n|t:|1788387060\n|switch|p2a: Blastoise|Blastoise-Mega, L50, F|56/100\n|switch|p1a: Scizor|Scizor-Mega, L50, F|75/100 frz\n|turn|6\n|\n|t:|1788387086\n|cant|p1a: Scizor|frz\n|move|p1b: Gholdengo|Make It Rain|p2b: Vanilluxe|[spread] p2a,p2b\n|-resisted|p2a: Blastoise|1\n|-supereffective|p2b: Vanilluxe|1\n|-enditem|p2b: Vanilluxe|Babiri Berry|[eat]\n|-enditem|p2b: Vanilluxe|Babiri Berry|[weaken]\n|-damage|p2a: Blastoise|34/100\n|-damage|p2b: Vanilluxe|46/100\n|-unboost|p1b: Gholdengo|spa|2\n|move|p2b: Vanilluxe|Blizzard|p1a: Scizor|[spread] p1a,p1b\n|-resisted|p1a: Scizor|1\n|-resisted|p1b: Gholdengo|1\n|-damage|p1a: Scizor|53/100 frz\n|-damage|p1b: Gholdengo|17/100\n|move|p2a: Blastoise|Dark Pulse|p1b: Gholdengo\n|-supereffective|p1b: Gholdengo|1\n|-enditem|p1b: Gholdengo|Colbur Berry|[eat]\n|-enditem|p1b: Gholdengo|Colbur Berry|[weaken]\n|-damage|p1b: Gholdengo|0 fnt\n|faint|p1b: Gholdengo\n|\n|upkeep\n|turn|7\n|\n|t:|1788387111\n|-curestatus|p1a: Scizor|frz|[msg]\n|move|p1a: Scizor|Bullet Punch|p2b: Vanilluxe\n|-supereffective|p2b: Vanilluxe|1\n|-damage|p2b: Vanilluxe|0 fnt\n|faint|p2b: Vanilluxe\n|move|p2a: Blastoise|Dark Pulse|p1a: Scizor\n|-damage|p1a: Scizor|1/100\n|\n|upkeep\n|turn|8\n|\n|t:|1788387172\n|move|p1a: Scizor|Dual Wingbeat|p2a: Blastoise\n|-damage|p2a: Blastoise|11/100\n|-damage|p2a: Blastoise|0 fnt\n|faint|p2a: Blastoise\n|-hitcount|p2: Blastoise|2\n|\n|win|yalevooo\n|l|☆KingofAyri\n|player|p2|\n|j| Ayakkoklayan\n|c| Ayakkoklayan|hallo\n|c| Ayakkoklayan|vocktendo\n|c| Ayakkoklayan|Lütgendortmund ist nicht mehr sicher\n|c| Ayakkoklayan|🐕🐕🐕\n|c| Ayakkoklayan|Pass auf vor Enka\n|c| Ayakkoklayan|mehr sag ich nicht\n|c| Ayakkoklayan|🤫🤫🤫\n|l| Ayakkoklayan\n","uploadtime":1788387440,"views":"2","formatid":"gen9championsvgc2026regmb","rating":null,"private":0,"password":null}