{"id":"gen9championsvgc2026regmb-2674505460","format":"[Gen 9 Champions] VGC 2026 Reg M-B","players":["Anchor7","SKR12345"],"log":"|j|☆Anchor7\n|j|☆SKR12345\n|t:|1788367718\n|gametype|doubles\n|player|p1|Anchor7|fisherman-gen4|1124\n|player|p2|SKR12345|2|1093\n|gen|9\n|tier|[Gen 9 Champions] VGC 2026 Reg M-B\n|rated|\n|rule|Species Clause: Limit one of each Pokémon\n|rule|Item Clause: Limit 1 of each item\n|clearpoke\n|poke|p1|Archaludon, L50, M, shiny|\n|poke|p1|Oranguru, L50, M|\n|poke|p1|Sylveon, L50, F|\n|poke|p1|Chimecho, L50, M|\n|poke|p1|Staraptor, L50, M|\n|poke|p1|Kommo-o, L50, M|\n|poke|p2|Torkoal, L50, F|\n|poke|p2|Charizard, L50, F|\n|poke|p2|Basculegion, L50, M|\n|poke|p2|Farigiraf, L50, F|\n|poke|p2|Sableye, L50, F|\n|poke|p2|Garchomp, L50, M|\n|teampreview|4\n|\n|t:|1788367748\n|teamsize|p1|4\n|teamsize|p2|4\n|start\n|switch|p1a: Ringtone|Chimecho, L50, M|100/100\n|switch|p1b: diddy ☠️🙏|Oranguru, L50, M|100/100\n|switch|p2a: Farigiraf|Farigiraf, L50, F|100/100\n|switch|p2b: Charizard|Charizard, L50, F|100/100\n|turn|1\n|inactive|Battle timer is ON: inactive players will automatically lose when time's up. (requested by SKR12345)\n|\n|t:|1788367766\n|switch|p1a: Or or or or|Sylveon, L50, F|100/100\n|switch|p2a: Sableye|Sableye, L50, F|100/100\n|detailschange|p2b: Charizard|Charizard-Mega-Y, L50, F\n|-mega|p2b: Charizard|Charizard|Charizardite Y\n|-weather|SunnyDay|[from] ability: Drought|[of] p2b: Charizard\n|move|p2b: Charizard|Heat Wave|p1a: Or or or or|[spread] p1a,p1b\n|-damage|p1a: Or or or or|44/100\n|-damage|p1b: diddy ☠️🙏|46/100\n|move|p1b: diddy ☠️🙏|Trick Room|p1b: diddy ☠️🙏\n|-fieldstart|move: Trick Room|[of] p1b: diddy ☠️🙏\n|\n|-weather|SunnyDay|[upkeep]\n|-heal|p1b: diddy ☠️🙏|52/100|[from] item: Leftovers\n|upkeep\n|turn|2\n|\n|t:|1788367789\n|move|p2a: Sableye|Fake Out|p1a: Or or or or\n|-damage|p1a: Or or or or|33/100\n|move|p1b: diddy ☠️🙏|Psychic|p2b: Charizard\n|-crit|p2b: Charizard\n|-damage|p2b: Charizard|61/100\n|cant|p1a: Or or or or|flinch\n|move|p2b: Charizard|Heat Wave|p1a: Or or or or|[spread] p1a,p1b\n|-damage|p1a: Or or or or|0 fnt\n|-damage|p1b: diddy ☠️🙏|0 fnt\n|faint|p1a: Or or or or\n|faint|p1b: diddy ☠️🙏\n|\n|-weather|SunnyDay|[upkeep]\n|upkeep\n|\n|t:|1788367803\n|switch|p1b: Larp Monster|Kommo-o, L50, M|100/100\n|switch|p1a: Ringtone|Chimecho, L50, M|100/100\n|turn|3\n|\n|t:|1788367821\n|detailschange|p1a: Ringtone|Chimecho-Mega, L50, M\n|-mega|p1a: Ringtone|Chimecho|Chimechite\n|move|p2a: Sableye|Will-O-Wisp|p1b: Larp Monster\n|-status|p1b: Larp Monster|brn\n|move|p1a: Ringtone|Boomburst|p2b: Charizard|[spread] p2b\n|-immune|p1b: Larp Monster|[from] ability: Soundproof\n|-immune|p2a: Sableye\n|-damage|p2b: Charizard|22/100\n|move|p1b: Larp Monster|Clanging Scales|p2b: Charizard|[spread] p2a,p2b\n|-damage|p2a: Sableye|42/100\n|-damage|p2b: Charizard|0 fnt\n|faint|p2b: Charizard\n|-unboost|p1b: Larp Monster|def|1\n|-damage|p1b: Larp Monster|90/100 brn|[from] item: Life Orb\n|\n|-weather|SunnyDay|[upkeep]\n|-damage|p1b: Larp Monster|84/100 brn|[from] brn\n|upkeep\n|\n|t:|1788367841\n|switch|p2b: Garchomp|Garchomp, L50, M|100/100\n|turn|4\n|\n|t:|1788367864\n|move|p2a: Sableye|Foul Play|p1a: Ringtone\n|-supereffective|p1a: Ringtone|1\n|-damage|p1a: Ringtone|72/100\n|move|p1a: Ringtone|Dazzling Gleam|p2b: Garchomp|[spread] p2a,p2b\n|-supereffective|p2a: Sableye|1\n|-supereffective|p2b: Garchomp|1\n|-damage|p2a: Sableye|0 fnt\n|-damage|p2b: Garchomp|55/100\n|faint|p2a: Sableye\n|move|p1b: Larp Monster|Clanging Scales|p2b: Garchomp\n|-supereffective|p2b: Garchomp|1\n|-damage|p2b: Garchomp|0 fnt\n|faint|p2b: Garchomp\n|-unboost|p1b: Larp Monster|def|1\n|-damage|p1b: Larp Monster|74/100 brn|[from] item: Life Orb\n|\n|-weather|SunnyDay|[upkeep]\n|-damage|p1b: Larp Monster|68/100 brn|[from] brn\n|upkeep\n|\n|t:|1788367882\n|switch|p2b: Farigiraf|Farigiraf, L50, F|100/100\n|turn|5\n|\n|t:|1788367892\n|move|p2b: Farigiraf|Psychic|p1b: Larp Monster\n|-supereffective|p1b: Larp Monster|1\n|-damage|p1b: Larp Monster|0 fnt\n|faint|p1b: Larp Monster\n|move|p1a: Ringtone|Boomburst|p2b: Farigiraf\n|-damage|p2b: Farigiraf|45/100\n|\n|-weather|none\n|-fieldend|move: Trick Room\n|upkeep\n|turn|6\n|\n|t:|1788367904\n|move|p1a: Ringtone|Boomburst|p2b: Farigiraf\n|-damage|p2b: Farigiraf|0 fnt\n|faint|p2b: Farigiraf\n|\n|win|Anchor7\n|raw|Anchor7's rating: 1124 &rarr; <strong>1147</strong><br />(+23 for winning)\n|raw|SKR12345's rating: 1093 &rarr; <strong>1071</strong><br />(-22 for losing)\n|c|☆Anchor7|gg\n|l|☆SKR12345\n|player|p2|\n","uploadtime":1788367915,"views":"2","formatid":"gen9championsvgc2026regmb","rating":1071,"private":0,"password":null}