{"id":"gen9championsvgc2026regmb-2674079903","format":"[Gen 9 Champions] VGC 2026 Reg M-B","players":["QueerCrocodile","Really Unlucky"],"log":"|j|☆QueerCrocodile\n|j|☆Really Unlucky\n|t:|1788296351\n|gametype|doubles\n|player|p1|QueerCrocodile|cynthia-gen4|1429\n|player|p2|Really Unlucky|101|1596\n|gen|9\n|tier|[Gen 9 Champions] VGC 2026 Reg M-B\n|rated|\n|rule|Species Clause: Limit one of each Pokémon\n|rule|Item Clause: Limit 1 of each item\n|clearpoke\n|poke|p1|Floette-Eternal, L50, F|\n|poke|p1|Whimsicott, L50, F, shiny|\n|poke|p1|Arcanine-Hisui, L50, M|\n|poke|p1|Basculegion, L50, M|\n|poke|p1|Kingambit, L50, M, shiny|\n|poke|p1|Dragonite, L50, F, shiny|\n|poke|p2|Sneasler, L50, M|\n|poke|p2|Blastoise, L50, M|\n|poke|p2|Kingambit, L50, M|\n|poke|p2|Incineroar, L50, F|\n|poke|p2|Delphox, L50, M|\n|poke|p2|Sinistcha, L50|\n|teampreview|4\n|inactive|Battle timer is ON: inactive players will automatically lose when time's up. (requested by QueerCrocodile)\n|inactive|Really Unlucky has 60 seconds left.\n|\n|t:|1788296397\n|teamsize|p1|4\n|teamsize|p2|4\n|start\n|switch|p1a: Dragonite|Dragonite, L50, F, shiny|100/100\n|switch|p1b: Whimsicott|Whimsicott, L50, F, shiny|100/100\n|switch|p2a: Sneasler|Sneasler, L50, M|100/100\n|switch|p2b: Blastoise|Blastoise, L50, M|100/100\n|turn|1\n|\n|t:|1788296421\n|detailschange|p2b: Blastoise|Blastoise-Mega, L50, M\n|-mega|p2b: Blastoise|Blastoise|Blastoisinite\n|move|p2a: Sneasler|Fake Out|p1a: Dragonite\n|-damage|p1a: Dragonite|86/100\n|-status|p1a: Dragonite|psn|[from] ability: Poison Touch|[of] p2a: Sneasler\n|move|p1b: Whimsicott|Moonblast|p2a: Sneasler\n|-damage|p2a: Sneasler|55/100\n|move|p2b: Blastoise|Shell Smash|p2b: Blastoise\n|-unboost|p2b: Blastoise|def|1\n|-unboost|p2b: Blastoise|spd|1\n|-boost|p2b: Blastoise|atk|2\n|-boost|p2b: Blastoise|spa|2\n|-boost|p2b: Blastoise|spe|2\n|move|p1a: Dragonite|Dragon Claw|p2b: Blastoise\n|-damage|p2b: Blastoise|23/100\n|\n|-damage|p1a: Dragonite|74/100 psn|[from] psn\n|upkeep\n|turn|2\n|inactive|Really Unlucky has 30 seconds left.\n|\n|t:|1788296450\n|move|p2b: Blastoise|Protect|p2b: Blastoise\n|-singleturn|p2b: Blastoise|Protect\n|move|p1a: Dragonite|Protect|p1a: Dragonite\n|-singleturn|p1a: Dragonite|Protect\n|move|p1b: Whimsicott|Tailwind|p1b: Whimsicott\n|-sidestart|p1: QueerCrocodile|move: Tailwind\n|move|p2a: Sneasler|Poison Jab|p1b: Whimsicott\n|-supereffective|p1b: Whimsicott|2\n|-enditem|p1b: Whimsicott|Focus Sash\n|-damage|p1b: Whimsicott|1/100\n|\n|-damage|p1a: Dragonite|61/100 psn|[from] psn\n|upkeep\n|turn|3\n|inactive|Really Unlucky has 30 seconds left.\n|inactive|Really Unlucky has 20 seconds left.\n|\n|t:|1788296487\n|switch|p2b: Sinistcha|Sinistcha, L50|100/100\n|-heal|p2a: Sneasler|80/100|[from] ability: Hospitality|[of] p2b: Sinistcha\n|move|p2a: Sneasler|Quick Guard|p2a: Sneasler\n|-singleturn|p2a: Sneasler|Quick Guard\n|move|p1b: Whimsicott|Moonblast|p2b: Sinistcha\n|-damage|p2b: Sinistcha|64/100\n|move|p1a: Dragonite|Dragon Claw|p2a: Sneasler\n|-damage|p2a: Sneasler|0 fnt\n|faint|p2a: Sneasler\n|\n|-damage|p1a: Dragonite|49/100 psn|[from] psn\n|upkeep\n|\n|t:|1788296494\n|switch|p2a: Incineroar|Incineroar, L50, F|100/100\n|-ability|p2a: Incineroar|Intimidate|boost\n|-fail|p1a: Dragonite|unboost|Attack|[from] ability: Inner Focus|[of] p1a: Dragonite\n|-unboost|p1b: Whimsicott|atk|1\n|turn|4\n|\n|t:|1788296504\n|move|p1b: Whimsicott|Protect|p1b: Whimsicott\n|-singleturn|p1b: Whimsicott|Protect\n|move|p2a: Incineroar|Fake Out|p1a: Dragonite\n|-damage|p1a: Dragonite|38/100 psn\n|move|p1a: Dragonite|Dragon Claw|p2a: Incineroar\n|-damage|p2a: Incineroar|44/100\n|-enditem|p2a: Incineroar|Sitrus Berry|[eat]\n|-heal|p2a: Incineroar|69/100|[from] item: Sitrus Berry\n|move|p2b: Sinistcha|Matcha Gotcha|p1a: Dragonite|[spread] p1a\n|-activate|p1b: Whimsicott|move: Protect\n|-resisted|p1a: Dragonite|2\n|-damage|p1a: Dragonite|32/100 psn\n|-heal|p2b: Sinistcha|67/100|[from] drain|[of] p1a: Dragonite\n|\n|-damage|p1a: Dragonite|19/100 psn|[from] psn\n|upkeep\n|turn|5\n|\n|t:|1788296520\n|move|p1b: Whimsicott|Moonblast|p2a: Incineroar\n|-crit|p2a: Incineroar\n|-damage|p2a: Incineroar|29/100\n|move|p1a: Dragonite|Dragon Claw|p2a: Incineroar\n|-crit|p2a: Incineroar\n|-damage|p2a: Incineroar|0 fnt\n|faint|p2a: Incineroar\n|move|p2b: Sinistcha|Matcha Gotcha|p1b: Whimsicott|[spread] p1a,p1b\n|-resisted|p1a: Dragonite|2\n|-resisted|p1b: Whimsicott|1\n|-damage|p1a: Dragonite|14/100 psn\n|-heal|p2b: Sinistcha|70/100|[from] drain|[of] p1a: Dragonite\n|-damage|p1b: Whimsicott|0 fnt\n|-heal|p2b: Sinistcha|71/100|[from] drain|[of] p1b: Whimsicott\n|faint|p1b: Whimsicott\n|\n|-damage|p1a: Dragonite|1/100 psn|[from] psn\n|-sideend|p1: QueerCrocodile|move: Tailwind\n|upkeep\n|\n|t:|1788296526\n|switch|p1b: Floette|Floette-Eternal, L50, F|100/100\n|switch|p2a: Blastoise|Blastoise-Mega, L50, M|23/100\n|turn|6\n|-message|Really Unlucky forfeited.\n|\n|win|QueerCrocodile\n|raw|QueerCrocodile's rating: 1429 &rarr; <strong>1458</strong><br />(+29 for winning)\n|raw|Really Unlucky's rating: 1596 &rarr; <strong>1567</strong><br />(-29 for losing)\n|l|☆Really Unlucky\n|player|p2|\n","uploadtime":1788296538,"views":"10","formatid":"gen9championsvgc2026regmb","rating":1458,"private":0,"password":null}