{"id":"gen9championsvgc2026regmb-2674439124","format":"[Gen 9 Champions] VGC 2026 Reg M-B","players":["migerusv","Hzqmrln"],"log":"|j|☆migerusv\n|j|☆Hzqmrln\n|t:|1788359940\n|gametype|doubles\n|player|p1|migerusv|hilbert-wonderlauncher|1468\n|player|p2|Hzqmrln|101|1588\n|gen|9\n|tier|[Gen 9 Champions] VGC 2026 Reg M-B\n|rated|\n|rule|Species Clause: Limit one of each Pokémon\n|rule|Item Clause: Limit 1 of each item\n|clearpoke\n|poke|p1|Froslass, L50, F|\n|poke|p1|Ninetales-Alola, L50, M|\n|poke|p1|Archaludon, L50, M|\n|poke|p1|Politoed, L50, M|\n|poke|p1|Sneasler, L50, F|\n|poke|p1|Kingambit, L50, M|\n|poke|p2|Raichu, L50, F|\n|poke|p2|Staraptor, L50, F|\n|poke|p2|Arcanine-Hisui, L50, M|\n|poke|p2|Farigiraf, L50, M|\n|poke|p2|Sylveon, L50, F|\n|poke|p2|Kingambit, L50, M|\n|teampreview|4\n|inactive|Battle timer is ON: inactive players will automatically lose when time's up. (requested by Hzqmrln)\n|inactive|Hzqmrln has 60 seconds left.\n|\n|t:|1788359977\n|teamsize|p1|4\n|teamsize|p2|4\n|start\n|switch|p1a: Froslass|Froslass, L50, F|100/100\n|switch|p1b: Sneasler|Sneasler, L50, F|100/100\n|switch|p2a: Farigiraf|Farigiraf, L50, M|100/100\n|switch|p2b: Raichu|Raichu, L50, F|100/100\n|turn|1\n|inactive|migerusv has 30 seconds left.\n|\n|t:|1788360010\n|detailschange|p1a: Froslass|Froslass-Mega, L50, F\n|-mega|p1a: Froslass|Froslass|Froslassite\n|-weather|Snowscape|[from] ability: Snow Warning|[of] p1a: Froslass\n|detailschange|p2b: Raichu|Raichu-Mega-Y, L50, F\n|-mega|p2b: Raichu|Raichu|Raichunite Y\n|move|p2b: Raichu|Fake Out|p1b: Sneasler\n|-damage|p1b: Sneasler|86/100\n|cant|p1b: Sneasler|flinch\n|move|p1a: Froslass|Blizzard|p2b: Raichu|[spread] p2a,p2b\n|-crit|p2b: Raichu\n|-damage|p2a: Farigiraf|59/100\n|-damage|p2b: Raichu|16/100\n|move|p2a: Farigiraf|Psychic Noise|p1b: Sneasler\n|-supereffective|p1b: Sneasler|2\n|-damage|p1b: Sneasler|0 fnt\n|faint|p1b: Sneasler\n|\n|-weather|Snowscape|[upkeep]\n|upkeep\n|\n|t:|1788360018\n|switch|p1b: Archaludon|Archaludon, L50, M|100/100\n|turn|2\n|\n|t:|1788360033\n|switch|p2b: Kingambit|Kingambit, L50, M|100/100\n|move|p1b: Archaludon|Protect|p1b: Archaludon\n|-singleturn|p1b: Archaludon|Protect\n|move|p1a: Froslass|Blizzard|p2a: Farigiraf|[spread] p2a,p2b\n|-resisted|p2b: Kingambit|1\n|-damage|p2a: Farigiraf|24/100\n|-damage|p2b: Kingambit|82/100\n|-enditem|p2a: Farigiraf|Sitrus Berry|[eat]\n|-heal|p2a: Farigiraf|49/100|[from] item: Sitrus Berry\n|move|p2a: Farigiraf|Trick Room|p2a: Farigiraf\n|-fieldstart|move: Trick Room|[of] p2a: Farigiraf\n|\n|-weather|Snowscape|[upkeep]\n|upkeep\n|turn|3\n|\n|t:|1788360055\n|switch|p1a: Politoed|Politoed, L50, M|100/100\n|-weather|RainDance|[from] ability: Drizzle|[of] p1a: Politoed\n|move|p2b: Kingambit|Kowtow Cleave|p1a: Politoed\n|-damage|p1a: Politoed|64/100\n|move|p1b: Archaludon|Electro Shot||[still]\n|-prepare|p1b: Archaludon|Electro Shot\n|-boost|p1b: Archaludon|spa|1\n|-anim|p1b: Archaludon|Electro Shot|p2b: Kingambit\n|-damage|p2b: Kingambit|39/100\n|move|p2a: Farigiraf|Roar|p1b: Archaludon\n|drag|p1b: Froslass|Froslass-Mega, L50, F|100/100\n|-weather|Snowscape|[from] ability: Snow Warning|[of] p1b: Froslass\n|\n|-weather|Snowscape|[upkeep]\n|upkeep\n|turn|4\n|\n|t:|1788360083\n|move|p1b: Froslass|Protect|p1b: Froslass\n|-singleturn|p1b: Froslass|Protect\n|move|p2b: Kingambit|Iron Head|p1b: Froslass\n|-activate|p1b: Froslass|move: Protect\n|move|p2a: Farigiraf|Thunderbolt|p1a: Politoed\n|-supereffective|p1a: Politoed|1\n|-damage|p1a: Politoed|20/100y\n|-enditem|p1a: Politoed|Sitrus Berry|[eat]\n|-heal|p1a: Politoed|45/100|[from] item: Sitrus Berry\n|move|p1a: Politoed|Weather Ball|p2a: Farigiraf\n|-damage|p2a: Farigiraf|30/100\n|\n|-weather|Snowscape|[upkeep]\n|upkeep\n|turn|5\n|\n|t:|1788360108\n|switch|p1b: Archaludon|Archaludon, L50, M|100/100\n|move|p1a: Politoed|Protect|p1a: Politoed\n|-singleturn|p1a: Politoed|Protect\n|move|p2b: Kingambit|Kowtow Cleave|p1a: Politoed\n|-activate|p1a: Politoed|move: Protect\n|move|p2a: Farigiraf|Thunderbolt|p1a: Politoed\n|-activate|p1a: Politoed|move: Protect\n|\n|-weather|Snowscape|[upkeep]\n|upkeep\n|turn|6\n|\n|t:|1788360127\n|move|p2b: Kingambit|Kowtow Cleave|p1a: Politoed\n|-damage|p1a: Politoed|5/100\n|move|p2a: Farigiraf|Thunderbolt|p1a: Politoed\n|-supereffective|p1a: Politoed|1\n|-damage|p1a: Politoed|0 fnt\n|faint|p1a: Politoed\n|move|p1b: Archaludon|Electro Shot||[still]\n|-prepare|p1b: Archaludon|Electro Shot\n|-boost|p1b: Archaludon|spa|1\n|\n|-weather|Snowscape|[upkeep]\n|-fieldend|move: Trick Room\n|upkeep\n|\n|t:|1788360131\n|switch|p1a: Froslass|Froslass-Mega, L50, F|100/100\n|turn|7\n|inactive|Hzqmrln has 30 seconds left.\n|\n|t:|1788360165\n|switch|p2b: Raichu|Raichu-Mega-Y, L50, F|16/100\n|move|p1a: Froslass|Blizzard|p2b: Raichu|[spread] p2a,p2b\n|-damage|p2a: Farigiraf|0 fnt\n|-damage|p2b: Raichu|0 fnt\n|faint|p2a: Farigiraf\n|faint|p2b: Raichu\n|move|p1b: Archaludon|Electro Shot|p2: Farigiraf|[from] lockedmove|[notarget]\n|-fail|p1b: Archaludon\n|\n|-weather|none\n|upkeep\n|\n|t:|1788360172\n|switch|p2b: Kingambit|Kingambit, L50, M|39/100\n|switch|p2a: Sylveon|Sylveon, L50, F|100/100\n|turn|8\n|inactive|Hzqmrln has 30 seconds left.\n|\n|t:|1788360197\n|move|p2b: Kingambit|Sucker Punch|p1a: Froslass\n|-supereffective|p1a: Froslass|1\n|-damage|p1a: Froslass|0 fnt\n|faint|p1a: Froslass\n|move|p1b: Archaludon|Flash Cannon|p2a: Sylveon\n|-supereffective|p2a: Sylveon|1\n|-damage|p2a: Sylveon|13/100\n|move|p2a: Sylveon|Hyper Voice|p1b: Archaludon\n|-damage|p1b: Archaludon|40/100\n|-ability|p1b: Archaludon|Stamina|boost\n|-boost|p1b: Archaludon|def|1\n|\n|-heal|p1b: Archaludon|46/100|[from] item: Leftovers\n|upkeep\n|turn|9\n|\n|t:|1788360217\n|move|p1b: Archaludon|Protect|p1b: Archaludon\n|-singleturn|p1b: Archaludon|Protect\n|move|p2a: Sylveon|Hyper Voice|p1b: Archaludon\n|-activate|p1b: Archaludon|move: Protect\n|move|p2b: Kingambit|Kowtow Cleave|p1b: Archaludon\n|-activate|p1b: Archaludon|move: Protect\n|\n|-heal|p1b: Archaludon|52/100|[from] item: Leftovers\n|upkeep\n|turn|10\n|\n|t:|1788360226\n|move|p1b: Archaludon|Flash Cannon|p2a: Sylveon\n|-supereffective|p2a: Sylveon|1\n|-crit|p2a: Sylveon\n|-damage|p2a: Sylveon|0 fnt\n|faint|p2a: Sylveon\n|move|p2b: Kingambit|Kowtow Cleave|p1b: Archaludon\n|-damage|p1b: Archaludon|29/100\n|-ability|p1b: Archaludon|Stamina|boost\n|-boost|p1b: Archaludon|def|1\n|\n|-heal|p1b: Archaludon|35/100|[from] item: Leftovers\n|upkeep\n|turn|11\n|\n|t:|1788360239\n|move|p1b: Archaludon|Protect|p1b: Archaludon\n|-singleturn|p1b: Archaludon|Protect\n|move|p2b: Kingambit|Kowtow Cleave|p1b: Archaludon\n|-activate|p1b: Archaludon|move: Protect\n|\n|-heal|p1b: Archaludon|41/100|[from] item: Leftovers\n|upkeep\n|turn|12\n|\n|t:|1788360246\n|move|p1b: Archaludon|Dragon Pulse|p2b: Kingambit\n|-resisted|p2b: Kingambit|1\n|-damage|p2b: Kingambit|14/100\n|move|p2b: Kingambit|Kowtow Cleave|p1b: Archaludon\n|-damage|p1b: Archaludon|23/100\n|-ability|p1b: Archaludon|Stamina|boost\n|-boost|p1b: Archaludon|def|1\n|\n|-heal|p1b: Archaludon|30/100|[from] item: Leftovers\n|upkeep\n|turn|13\n|\n|t:|1788360258\n|move|p2b: Kingambit|Sucker Punch|p1b: Archaludon\n|-damage|p1b: Archaludon|19/100\n|-ability|p1b: Archaludon|Stamina|boost\n|-boost|p1b: Archaludon|def|1\n|move|p1b: Archaludon|Dragon Pulse|p2b: Kingambit\n|-resisted|p2b: Kingambit|1\n|-damage|p2b: Kingambit|0 fnt\n|faint|p2b: Kingambit\n|\n|win|migerusv\n|raw|migerusv's rating: 1468 &rarr; <strong>1495</strong><br />(+27 for winning)\n|raw|Hzqmrln's rating: 1588 &rarr; <strong>1561</strong><br />(-27 for losing)\n","uploadtime":1788360264,"views":"11","formatid":"gen9championsvgc2026regmb","rating":1495,"private":0,"password":null}