{"id":"gen9championsvgc2026regmb-2674281991","format":"[Gen 9 Champions] VGC 2026 Reg M-B","players":["Noobiedoobie537","Yaplu2PQ"],"log":"|j|☆Noobiedoobie537\n|j|☆Yaplu2PQ\n|t:|1788330882\n|gametype|doubles\n|player|p1|Noobiedoobie537|lucas-gen4pt|1201\n|player|p2|Yaplu2PQ|265|1138\n|gen|9\n|tier|[Gen 9 Champions] VGC 2026 Reg M-B\n|rated|\n|rule|Species Clause: Limit one of each Pokémon\n|rule|Item Clause: Limit 1 of each item\n|clearpoke\n|poke|p1|Reuniclus, L50, M, shiny|\n|poke|p1|Farigiraf, L50, M|\n|poke|p1|Sneasler, L50, M|\n|poke|p1|Pelipper, L50, M|\n|poke|p1|Swampert, L50, M|\n|poke|p1|Mawile, L50, F|\n|poke|p2|Aerodactyl, L50, F|\n|poke|p2|Raichu, L50, M|\n|poke|p2|Kingambit, L50, F|\n|poke|p2|Sylveon, L50, F|\n|poke|p2|Tsareena, L50, F|\n|poke|p2|Sneasler, L50, M|\n|teampreview|4\n|inactive|Battle timer is ON: inactive players will automatically lose when time's up. (requested by Noobiedoobie537)\n|j| punch more n4zis\n|\n|t:|1788330907\n|teamsize|p1|4\n|teamsize|p2|4\n|start\n|switch|p1a: sukuna|Reuniclus, L50, M, shiny|100/100\n|switch|p1b: Harryhardtr|Farigiraf, L50, M|100/100\n|switch|p2a: Tsareena|Tsareena, L50, F|100/100\n|switch|p2b: Sylveon|Sylveon, L50, F|100/100\n|turn|1\n|\n|t:|1788330929\n|move|p1b: Harryhardtr|Helping Hand|p1a: sukuna\n|-singleturn|p1a: sukuna|Helping Hand|[of] p1b: Harryhardtr\n|move|p2a: Tsareena|Low Kick|p1b: Harryhardtr\n|-damage|p1b: Harryhardtr|70/100\n|move|p2b: Sylveon|Hyper Voice|p1b: Harryhardtr|[spread] p1a,p1b\n|-damage|p1a: sukuna|54/100\n|-damage|p1b: Harryhardtr|25/100\n|-enditem|p1b: Harryhardtr|Sitrus Berry|[eat]\n|-heal|p1b: Harryhardtr|50/100g|[from] item: Sitrus Berry\n|move|p1a: sukuna|Psychic|p2b: Sylveon\n|-crit|p2b: Sylveon\n|-damage|p2b: Sylveon|0 fnt\n|faint|p2b: Sylveon\n|\n|upkeep\n|c|☆Noobiedoobie537|fairs\n|\n|t:|1788330949\n|switch|p2b: Sneasler|Sneasler, L50, M|100/100\n|turn|2\n|\n|t:|1788330961\n|move|p1b: Harryhardtr|Protect|p1b: Harryhardtr\n|-singleturn|p1b: Harryhardtr|Protect\n|move|p2b: Sneasler|Close Combat|p1b: Harryhardtr\n|-activate|p1b: Harryhardtr|move: Protect\n|move|p2a: Tsareena|Power Whip|p1a: sukuna\n|-damage|p1a: sukuna|0 fnt\n|faint|p1a: sukuna\n|\n|upkeep\n|\n|t:|1788330969\n|switch|p1a: fraud|Pelipper, L50, M|100/100\n|-weather|RainDance|[from] ability: Drizzle|[of] p1a: fraud\n|turn|3\n|\n|t:|1788330984\n|move|p2b: Sneasler|Rock Slide|p1a: fraud|[spread] p1a,p1b\n|-supereffective|p1a: fraud|1\n|-damage|p1a: fraud|50/100g\n|-damage|p1b: Harryhardtr|33/100\n|move|p2a: Tsareena|Power Whip|p1b: Harryhardtr\n|-damage|p1b: Harryhardtr|0 fnt\n|faint|p1b: Harryhardtr\n|move|p1a: fraud|Tailwind|p1a: fraud\n|-sidestart|p1: Noobiedoobie537|move: Tailwind\n|\n|-weather|RainDance|[upkeep]\n|upkeep\n|\n|t:|1788330991\n|switch|p1b: mawilemax|Mawile, L50, F|100/100\n|-ability|p1b: mawilemax|Intimidate|boost\n|-unboost|p2a: Tsareena|atk|1\n|-unboost|p2b: Sneasler|atk|1\n|turn|4\n|\n|t:|1788331010\n|detailschange|p1b: mawilemax|Mawile-Mega, L50, F\n|-mega|p1b: mawilemax|Mawile|Mawilite\n|move|p2b: Sneasler|Close Combat|p1b: mawilemax\n|-damage|p1b: mawilemax|56/100\n|-unboost|p2b: Sneasler|def|1\n|-unboost|p2b: Sneasler|spd|1\n|move|p1a: fraud|Weather Ball|p2b: Sneasler\n|-enditem|p2b: Sneasler|Focus Sash\n|-damage|p2b: Sneasler|1/100\n|move|p1b: mawilemax|Play Rough|p2a: Tsareena\n|-damage|p2a: Tsareena|3/100\n|move|p2a: Tsareena|Triple Axel|p1a: fraud\n|-damage|p1a: fraud|44/100\n|-damage|p1a: fraud|33/100\n|-damage|p1a: fraud|18/100\n|-hitcount|p1a: fraud|3\n|\n|-weather|RainDance|[upkeep]\n|-heal|p2a: Tsareena|10/100|[from] item: Leftovers\n|upkeep\n|turn|5\n|inactive|Yaplu2PQ has 30 seconds left.\n|\n|t:|1788331036\n|move|p1b: mawilemax|Sucker Punch||[still]\n|cant|p2a: Tsareena|ability: Queenly Majesty|Sucker Punch|[of] p1b: mawilemax\n|move|p2b: Sneasler|Rock Slide|p1a: fraud|[spread] p1a,p1b\n|-supereffective|p1a: fraud|1\n|-resisted|p1b: mawilemax|1\n|-damage|p1a: fraud|0 fnt\n|-damage|p1b: mawilemax|49/100\n|faint|p1a: fraud\n|move|p2a: Tsareena|Low Kick|p1b: mawilemax\n|-damage|p1b: mawilemax|38/100\n|\n|-weather|RainDance|[upkeep]\n|-heal|p2a: Tsareena|16/100|[from] item: Leftovers\n|upkeep\n|turn|6\n|-message|Noobiedoobie537 forfeited.\n|\n|win|Yaplu2PQ\n|raw|Noobiedoobie537's rating: 1201 &rarr; <strong>1172</strong><br />(-29 for losing)\n|raw|Yaplu2PQ's rating: 1138 &rarr; <strong>1167</strong><br />(+29 for winning)\n","uploadtime":1788331053,"views":"11","formatid":"gen9championsvgc2026regmb","rating":1167,"private":0,"password":null}