{"id":"gen9championsvgc2026regmbbo3-2673794016","format":"[Gen 9 Champions] VGC 2026 Reg M-B (Bo3)","players":["CaratroncoSun","utvjgbhkm"],"log":"|j|☆CaratroncoSun\n|j|☆utvjgbhkm\n|html|<table width=\"100%\"><tr><td align=\"left\">CaratroncoSun</td><td align=\"right\">utvjgbhkm</tr><tr><td align=\"left\"><i class=\"fa fa-circle-o\"></i> <i class=\"fa fa-circle-o\"></i> </td><td align=\"right\"><i class=\"fa fa-circle-o\"></i> <i class=\"fa fa-circle-o\"></i> </tr></table>\n|uhtml|bestof|<h2><strong>Game 1</strong> of <a href=\"/game-bestof3-gen9championsvgc2026regmbbo3-2673794015\">a best-of-3</a></h2>\n|t:|1788258095\n|gametype|doubles\n|player|p1|CaratroncoSun|170|1326\n|player|p2|utvjgbhkm|falkner|1229\n|gen|9\n|tier|[Gen 9 Champions] VGC 2026 Reg M-B (Bo3)\n|rated|\n|rule|Species Clause: Limit one of each Pokémon\n|rule|Item Clause: Limit 1 of each item\n|clearpoke\n|poke|p1|Charizard, L50, F, shiny|\n|poke|p1|Venusaur, L50, M, shiny|\n|poke|p1|Whimsicott, L50, M, shiny|\n|poke|p1|Basculegion, L50, M|\n|poke|p1|Tyranitar, L50, M|\n|poke|p1|Mamoswine, L50, F|\n|poke|p2|Delphox, L50, F|\n|poke|p2|Sneasler, L50, F|\n|poke|p2|Chesnaught, L50, M|\n|poke|p2|Garchomp, L50, F|\n|poke|p2|Raichu, L50, F|\n|poke|p2|Sinistcha, L50|\n|teampreview|4\n|showteam|p1|Charizard||CharizarditeY|Blaze|Protect,SolarBeam,HeatWave,AirSlash|Modest||F|||50|]Venusaur||WideLens|Chlorophyll|Protect,GigaDrain,EarthPower,SleepPowder|Modest||M|||50|]Whimsicott||FocusSash|Prankster|Protect,Moonblast,Tailwind,Encore|Timid||M|||50|]Basculegion||MysticWater|Adaptability|Protect,AquaJet,WaveCrash,LastRespects|Adamant||M|||50|]Tyranitar||Tyranitarite|SandStream|Protect,RockSlide,KnockOff,LowKick|Adamant||M|||50|]Mamoswine||LifeOrb|Oblivious|Protect,HighHorsepower,RockSlide,IceShard|Adamant||F|||50|\n|showteam|p2|Delphox||Delphoxite|Blaze|NastyPlot,Protect,HeatWave,Psychic|Timid||F|||50|]Sneasler||FocusSash|Unburden|FakeOut,RockSlide,CloseCombat,DireClaw|Jolly||F|||50|]Chesnaught||Leftovers|Bulletproof|DrainPunch,WoodHammer,WideGuard,SpikyShield|Adamant||M|||50|]Garchomp||ChoiceScarf|RoughSkin|DragonClaw,RockSlide,StompingTantrum,Earthquake|Adamant||F|||50|]Raichu||RaichuniteY|LightningRod|ZapCannon,FocusBlast,Protect,FakeOut|Timid||F|||50|]Sinistcha||SitrusBerry|Hospitality|Reflect,MatchaGotcha,RagePowder,TrickRoom|Calm|||||50|\n|\n|t:|1788258163\n|teamsize|p1|4\n|teamsize|p2|4\n|start\n|switch|p1a: Charizard|Charizard, L50, F, shiny|100/100\n|switch|p1b: Venusaur|Venusaur, L50, M, shiny|100/100\n|switch|p2a: Raichu|Raichu, L50, F|100/100\n|switch|p2b: Sneasler|Sneasler, L50, F|100/100\n|turn|1\n|\n|t:|1788258220\n|switch|p2b: Garchomp|Garchomp, L50, F|100/100\n|detailschange|p2a: Raichu|Raichu-Mega-Y, L50, F\n|-mega|p2a: Raichu|Raichu|Raichunite Y\n|detailschange|p1a: Charizard|Charizard-Mega-Y, L50, F, shiny\n|-mega|p1a: Charizard|Charizard|Charizardite Y\n|-weather|SunnyDay|[from] ability: Drought|[of] p1a: Charizard\n|move|p1b: Venusaur|Protect|p1b: Venusaur\n|-singleturn|p1b: Venusaur|Protect\n|move|p1a: Charizard|Protect|p1a: Charizard\n|-singleturn|p1a: Charizard|Protect\n|move|p2a: Raichu|Fake Out|p1b: Venusaur\n|-activate|p1b: Venusaur|move: Protect\n|\n|-weather|SunnyDay|[upkeep]\n|upkeep\n|turn|2\n|\n|t:|1788258248\n|switch|p1a: Tyranitar|Tyranitar, L50, M|100/100\n|-weather|Sandstorm|[from] ability: Sand Stream|[of] p1a: Tyranitar\n|move|p2b: Garchomp|Rock Slide|p1a: Tyranitar|[spread] p1a\n|-miss|p2b: Garchomp|p1b: Venusaur\n|-damage|p1a: Tyranitar|79/100\n|move|p2a: Raichu|Zap Cannon|p1a: Tyranitar\n|-crit|p1a: Tyranitar\n|-damage|p1a: Tyranitar|4/100\n|-status|p1a: Tyranitar|par\n|move|p1b: Venusaur|Sleep Powder|p2b: Garchomp\n|-status|p2b: Garchomp|slp|[from] move: Sleep Powder\n|\n|-weather|Sandstorm|[upkeep]\n|-damage|p2a: Raichu|94/100|[from] Sandstorm\n|-damage|p1b: Venusaur|93/100|[from] Sandstorm\n|upkeep\n|turn|3\n|\n|t:|1788258271\n|move|p2a: Raichu|Protect|p2a: Raichu\n|-singleturn|p2a: Raichu|Protect\n|cant|p2b: Garchomp|slp\n|move|p1b: Venusaur|Giga Drain|p2a: Raichu\n|-activate|p2a: Raichu|move: Protect\n|move|p1a: Tyranitar|Rock Slide|p2a: Raichu|[spread] p2b\n|-activate|p2a: Raichu|move: Protect\n|-resisted|p2b: Garchomp|1\n|-damage|p2b: Garchomp|85/100 slp\n|\n|-weather|Sandstorm|[upkeep]\n|-damage|p2a: Raichu|88/100|[from] Sandstorm\n|-damage|p1b: Venusaur|87/100|[from] Sandstorm\n|upkeep\n|turn|4\n|\n|t:|1788258291\n|switch|p2a: Chesnaught|Chesnaught, L50, M|100/100\n|switch|p1a: Charizard|Charizard-Mega-Y, L50, F, shiny|100/100\n|-weather|SunnyDay|[from] ability: Drought|[of] p1a: Charizard\n|move|p1b: Venusaur|Earth Power|p2a: Chesnaught\n|-resisted|p2a: Chesnaught|1\n|-damage|p2a: Chesnaught|86/100\n|-curestatus|p2b: Garchomp|slp|[msg]\n|move|p2b: Garchomp|Rock Slide|p1b: Venusaur|[spread] p1a,p1b\n|-supereffective|p1a: Charizard|2\n|-damage|p1a: Charizard|4/100\n|-damage|p1b: Venusaur|58/100\n|\n|-weather|SunnyDay|[upkeep]\n|-heal|p2a: Chesnaught|92/100|[from] item: Leftovers\n|upkeep\n|turn|5\n|inactive|Battle timer is ON: inactive players will automatically lose when time's up. (requested by CaratroncoSun)\n|\n|t:|1788258363\n|switch|p2a: Sneasler|Sneasler, L50, F|100/100\n|move|p1b: Venusaur|Sleep Powder|p2b: Garchomp\n|-status|p2b: Garchomp|slp|[from] move: Sleep Powder\n|cant|p2b: Garchomp|slp\n|move|p1a: Charizard|Air Slash|p2a: Sneasler\n|-supereffective|p2a: Sneasler|1\n|-enditem|p2a: Sneasler|Focus Sash\n|-damage|p2a: Sneasler|1/100\n|\n|-weather|SunnyDay|[upkeep]\n|upkeep\n|turn|6\n|\n|t:|1788258379\n|switch|p1a: Tyranitar|Tyranitar, L50, M|4/100 par\n|-weather|Sandstorm|[from] ability: Sand Stream|[of] p1a: Tyranitar\n|move|p1b: Venusaur|Protect|p1b: Venusaur\n|-singleturn|p1b: Venusaur|Protect\n|move|p2a: Sneasler|Fake Out|p1b: Venusaur\n|-activate|p1b: Venusaur|move: Protect\n|-curestatus|p2b: Garchomp|slp|[msg]\n|move|p2b: Garchomp|Rock Slide|p1a: Tyranitar|[spread] p1a\n|-activate|p1b: Venusaur|move: Protect\n|-crit|p1a: Tyranitar\n|-damage|p1a: Tyranitar|0 fnt\n|faint|p1a: Tyranitar\n|\n|-weather|Sandstorm|[upkeep]\n|-damage|p2a: Sneasler|0 fnt|[from] Sandstorm\n|-damage|p1b: Venusaur|52/100|[from] Sandstorm\n|faint|p2a: Sneasler\n|upkeep\n|\n|t:|1788258400\n|switch|p2a: Raichu|Raichu-Mega-Y, L50, F|88/100\n|switch|p1a: Charizard|Charizard-Mega-Y, L50, F, shiny|4/100\n|-weather|SunnyDay|[from] ability: Drought|[of] p1a: Charizard\n|turn|7\n|inactive|utvjgbhkm has 30 seconds left.\n|\n|t:|1788258428\n|move|p1b: Venusaur|Protect||[still]\n|-fail|p1b: Venusaur\n|move|p1a: Charizard|Protect|p1a: Charizard\n|-singleturn|p1a: Charizard|Protect\n|move|p2a: Raichu|Fake Out|p1b: Venusaur\n|-damage|p1b: Venusaur|40/100\n|move|p2b: Garchomp|Rock Slide|p1b: Venusaur|[spread] p1b\n|-activate|p1a: Charizard|move: Protect\n|-damage|p1b: Venusaur|13/100\n|\n|-weather|SunnyDay|[upkeep]\n|upkeep\n|turn|8\n|\n|t:|1788258445\n|switch|p1a: Basculegion|Basculegion, L50, M|100/100\n|move|p1b: Venusaur|Earth Power|p2a: Raichu\n|-supereffective|p2a: Raichu|1\n|-damage|p2a: Raichu|0 fnt\n|faint|p2a: Raichu\n|move|p2b: Garchomp|Rock Slide|p1a: Basculegion|[spread] p1a,p1b\n|-damage|p1a: Basculegion|76/100\n|-damage|p1b: Venusaur|0 fnt\n|faint|p1b: Venusaur\n|\n|-weather|SunnyDay|[upkeep]\n|upkeep\n|\n|t:|1788258456\n|switch|p2a: Chesnaught|Chesnaught, L50, M|92/100\n|switch|p1b: Charizard|Charizard-Mega-Y, L50, F, shiny|4/100\n|turn|9\n|\n|t:|1788258473\n|move|p1b: Charizard|Protect|p1b: Charizard\n|-singleturn|p1b: Charizard|Protect\n|move|p2b: Garchomp|Rock Slide|p1b: Charizard|[spread] p1a\n|-activate|p1b: Charizard|move: Protect\n|-damage|p1a: Basculegion|54/100\n|move|p1a: Basculegion|Last Respects|p2b: Garchomp\n|-damage|p2b: Garchomp|0 fnt\n|faint|p2b: Garchomp\n|move|p2a: Chesnaught|Wood Hammer|p1a: Basculegion\n|-supereffective|p1a: Basculegion|1\n|-crit|p1a: Basculegion\n|-damage|p1a: Basculegion|0 fnt\n|faint|p1a: Basculegion\n|-damage|p2a: Chesnaught|74/100|[from] Recoil\n|\n|-weather|SunnyDay|[upkeep]\n|-heal|p2a: Chesnaught|80/100|[from] item: Leftovers\n|upkeep\n|turn|10\n|\n|t:|1788258497\n|move|p1b: Charizard|Air Slash|p2a: Chesnaught\n|-supereffective|p2a: Chesnaught|2\n|-damage|p2a: Chesnaught|0 fnt\n|faint|p2a: Chesnaught\n|\n|win|CaratroncoSun\n","uploadtime":1788258497,"views":"0","formatid":"gen9championsvgc2026regmbbo3","rating":null,"private":0,"password":null}