{"id":"gen9championsvgc2026regmb-2674379869","format":"[Gen 9 Champions] VGC 2026 Reg M-B","players":["Humongous L","CassCandra"],"log":"|j|☆Humongous L\n|j|☆CassCandra\n|html|<table width=\"100%\"><tr><td align=\"left\">Humongous L</td><td align=\"right\">CassCandra</tr><tr><td align=\"left\"><i class=\"fa fa-circle-o\"></i> <i class=\"fa fa-circle-o\"></i> </td><td align=\"right\"><i class=\"fa fa-circle-o\"></i> <i class=\"fa fa-circle\"></i> </tr></table>\n|uhtml|bestof|<h2><strong>Game 2</strong> of <a href=\"/game-bestof3-gen9championsvgc2026regmb-2674377299\">a best-of-3</a></h2>\n|t:|1788352018\n|gametype|doubles\n|player|p1|Humongous L|caitlin|\n|player|p2|CassCandra|elesa|\n|gen|9\n|tier|[Gen 9 Champions] VGC 2026 Reg M-B\n|rule|Species Clause: Limit one of each Pokémon\n|rule|Item Clause: Limit 1 of each item\n|raw|<div class=\"infobox\"><details class=\"readmore\" open><summary><strong>1 custom rule:</strong></summary> Best of = 3</details></div>\n|clearpoke\n|poke|p1|Toxapex, L50, M, shiny|\n|poke|p1|Tyranitar, L50, M, shiny|\n|poke|p1|Corviknight, L50, M, shiny|\n|poke|p1|Lucario, L50, M, shiny|\n|poke|p1|Reuniclus, L50, F|\n|poke|p1|Emboar, L50, F|\n|poke|p2|Aegislash, L50, M, shiny|\n|poke|p2|Farigiraf, L50, M, shiny|\n|poke|p2|Camerupt, L50, M, shiny|\n|poke|p2|Whimsicott, L50, F, shiny|\n|poke|p2|Palafin, L50, M, shiny|\n|poke|p2|Scrafty, L50, M, shiny|\n|teampreview|4\nHumongous L rejected open team sheets.\n|c|☆CassCandra|glhf part 2: electric boogaloo\n|c|☆Humongous L|my sweat has dripped down both arms\n|c|☆Humongous L|i hate this\n|\n|t:|1788352074\n|teamsize|p1|4\n|teamsize|p2|4\n|start\n|switch|p1a: SMASH|Lucario, L50, M, shiny|100/100\n|switch|p1b: Crowbar|Corviknight, L50, M, shiny|100/100\n|switch|p2a: Clark|Palafin, L50, M, shiny|100/100\n|switch|p2b: RacecaR|Farigiraf, L50, M, shiny|100/100\n|turn|1\n|\n|t:|1788352138\n|switch|p1a: Reuniclussy|Reuniclus, L50, F|100/100\n|move|p2a: Clark|Flip Turn|p1a: Reuniclussy\n|-damage|p1a: Reuniclussy|77/100\n|\n|t:|1788352146\n|detailschange|p2a: Clark|Palafin-Hero, L50, M, shiny\n|switch|p2a: Maxie|Camerupt, L50, M, shiny|100/100|[from] Flip Turn\n|move|p1b: Crowbar|Taunt|p2b: RacecaR\n|-start|p2b: RacecaR|move: Taunt\n|cant|p2b: RacecaR|move: Taunt|Trick Room\n|\n|upkeep\n|turn|2\n|c|☆Humongous L|CLUSSY LOVER IS OUT BABYYY\n|\n|t:|1788352210\n|detailschange|p2a: Maxie|Camerupt-Mega, L50, M, shiny\n|-mega|p2a: Maxie|Camerupt|Cameruptite\n|move|p1a: Reuniclussy|Helping Hand|p1b: Crowbar\n|-singleturn|p1b: Crowbar|Helping Hand|[of] p1a: Reuniclussy\n|move|p2a: Maxie|Protect|p2a: Maxie\n|-singleturn|p2a: Maxie|Protect\n|move|p1b: Crowbar|Brave Bird|p2a: Maxie\n|-activate|p2a: Maxie|move: Protect\n|move|p2b: RacecaR|Shadow Ball|p1a: Reuniclussy\n|-supereffective|p1a: Reuniclussy|1\n|-damage|p1a: Reuniclussy|31/100\n|\n|upkeep\n|turn|3\n|c|☆Humongous L|;-;\n|\n|t:|1788352252\n|move|p1b: Crowbar|Brave Bird|p2a: Maxie\n|-damage|p2a: Maxie|70/100\n|-damage|p1b: Crowbar|91/100|[from] Recoil\n|move|p2b: RacecaR|Thunderbolt|p1b: Crowbar\n|-supereffective|p1b: Crowbar|1\n|-damage|p1b: Crowbar|48/100\n|-enditem|p1b: Crowbar|Sitrus Berry|[eat]\n|-heal|p1b: Crowbar|73/100|[from] item: Sitrus Berry\n|move|p1a: Reuniclussy|Gravity|p1a: Reuniclussy\n|-fieldstart|move: Gravity\n|move|p2a: Maxie|Heat Wave|p1b: Crowbar|[spread] p1a,p1b\n|-supereffective|p1b: Crowbar|1\n|-damage|p1a: Reuniclussy|0 fnt\n|-damage|p1b: Crowbar|15/100\n|faint|p1a: Reuniclussy\n|\n|-end|p2b: RacecaR|move: Taunt\n|upkeep\n|\n|t:|1788352268\n|switch|p1a: SMASH|Lucario, L50, M, shiny|100/100\n|turn|4\n|\n|t:|1788352290\n|move|p1a: SMASH|Bone Rush|p2a: Maxie\n|-supereffective|p2a: Maxie|1\n|-damage|p2a: Maxie|54/100\n|-supereffective|p2a: Maxie|1\n|-damage|p2a: Maxie|37/100\n|-supereffective|p2a: Maxie|1\n|-damage|p2a: Maxie|22/100\n|-supereffective|p2a: Maxie|1\n|-damage|p2a: Maxie|6/100\n|-supereffective|p2a: Maxie|1\n|-damage|p2a: Maxie|0 fnt\n|faint|p2a: Maxie\n|-hitcount|p2: Maxie|5\n|move|p1b: Crowbar|Taunt|p2b: RacecaR\n|-start|p2b: RacecaR|move: Taunt\n|move|p2b: RacecaR|Thunderbolt|p1b: Crowbar\n|-supereffective|p1b: Crowbar|1\n|-damage|p1b: Crowbar|0 fnt\n|faint|p1b: Crowbar\n|\n|upkeep\n|\n|t:|1788352306\n|switch|p1b: Big Sir|Tyranitar, L50, M, shiny|100/100\n|switch|p2a: Clark|Palafin-Hero, L50, M, shiny|100/100\n|-activate|p2a: Clark|ability: Zero to Hero\n|-weather|Sandstorm|[from] ability: Sand Stream|[of] p1b: Big Sir\n|turn|5\n|c|☆Humongous L|i feel happy my tech worked\n|c|☆Humongous L|but now this guy cleans me\n|\n|t:|1788352374\n|detailschange|p1a: SMASH|Lucario-Mega, L50, M, shiny\n|-mega|p1a: SMASH|Lucario|Lucarionite\n|move|p1b: Big Sir|Protect|p1b: Big Sir\n|-singleturn|p1b: Big Sir|Protect\n|move|p2a: Clark|Close Combat|p1a: SMASH\n|-supereffective|p1a: SMASH|1\n|-damage|p1a: SMASH|0 fnt\n|-unboost|p2a: Clark|def|1\n|-unboost|p2a: Clark|spd|1\n|faint|p1a: SMASH\n|move|p2b: RacecaR|Low Kick|p1b: Big Sir\n|-activate|p1b: Big Sir|move: Protect\n|\n|-weather|Sandstorm|[upkeep]\n|-damage|p2a: Clark|93/100|[from] Sandstorm\n|-damage|p2b: RacecaR|93/100|[from] Sandstorm\n|upkeep\n|turn|6\n|c|☆Humongous L|NO\n|c|☆Humongous L|STOP IT\n|\n|t:|1788352397\n|move|p2a: Clark|Close Combat|p1b: Big Sir\n|-supereffective|p1b: Big Sir|2\n|-damage|p1b: Big Sir|0 fnt\n|-unboost|p2a: Clark|def|1\n|-unboost|p2a: Clark|spd|1\n|faint|p1b: Big Sir\n|\n|win|CassCandra\n|c|☆Humongous L|gg\n|c|☆CassCandra|ggs\n","uploadtime":1788352444,"views":"19","formatid":"gen9championsvgc2026regmb","rating":null,"private":0,"password":null}