{"id":"gen9championsvgc2026regmb-2674946550","format":"[Gen 9 Champions] VGC 2026 Reg M-B","players":["TheLastFire925","Wizzy0"],"log":"|j|☆TheLastFire925\n|j|☆Wizzy0\n|html|<table width=\"100%\"><tr><td align=\"left\">TheLastFire925</td><td align=\"right\">Wizzy0</tr><tr><td align=\"left\"><i class=\"fa fa-circle\"></i> <i class=\"fa fa-circle-o\"></i> </td><td align=\"right\"><i class=\"fa fa-circle-o\"></i> <i class=\"fa fa-circle-o\"></i> </tr></table>\n|uhtml|bestof|<h2><strong>Game 2</strong> of <a href=\"/game-bestof3-gen9championsvgc2026regmb-2674941598\">a best-of-3</a></h2>\n|t:|1788440285\n|gametype|doubles\n|player|p1|TheLastFire925|shauntal|\n|player|p2|Wizzy0|riley|\n|gen|9\n|tier|[Gen 9 Champions] VGC 2026 Reg M-B\n|rule|Species Clause: Limit one of each Pokémon\n|rule|Item Clause: Limit 1 of each item\n|raw|<div class=\"infobox\"><details class=\"readmore\" open><summary><strong>1 custom rule:</strong></summary> Best of = 3</details></div>\n|clearpoke\n|poke|p1|Sceptile, L50, M|\n|poke|p1|Samurott-Hisui, L50, M|\n|poke|p1|Sableye, L50, F|\n|poke|p1|Aurorus, L50, F, shiny|\n|poke|p1|Scizor, L50, M|\n|poke|p1|Clefable, L50, F|\n|poke|p2|Blastoise, L50, M|\n|poke|p2|Excadrill, L50, F|\n|poke|p2|Barbaracle, L50, F|\n|poke|p2|Sinistcha, L50|\n|poke|p2|Tyranitar, L50, M|\n|poke|p2|Hawlucha, L50, M|\n|teampreview|4\n|j| prythium\nTheLastFire925 rejected open team sheets.\n|j| perfect lamppost\n|\n|t:|1788440381\n|teamsize|p1|4\n|teamsize|p2|4\n|start\n|switch|p1a: Bringer of Joy :)|Sableye, L50, F|100/100\n|switch|p1b: rock/paper-type|Scizor, L50, M|100/100\n|switch|p2a: BARRY BLASTOISE™|Blastoise, L50, M|100/100\n|switch|p2b: Ushijima|Hawlucha, L50, M|100/100\n|turn|1\n|\n|t:|1788440425\n|move|p1b: rock/paper-type|Protect|p1b: rock/paper-type\n|-singleturn|p1b: rock/paper-type|Protect\n|move|p2a: BARRY BLASTOISE™|Fake Out|p1b: rock/paper-type\n|-activate|p1b: rock/paper-type|move: Protect\n|move|p1a: Bringer of Joy :)|Fake Out|p2b: Ushijima\n|-damage|p2b: Ushijima|88/100\n|cant|p2b: Ushijima|flinch\n|\n|upkeep\n|turn|2\n|\n|t:|1788440480\n|detailschange|p2b: Ushijima|Hawlucha-Mega, L50, M\n|-mega|p2b: Ushijima|Hawlucha|Hawluchanite\n|move|p1a: Bringer of Joy :)|Will-O-Wisp|p2b: Ushijima\n|-status|p2b: Ushijima|brn\n|move|p2b: Ushijima|Fire Punch|p1b: rock/paper-type\n|-supereffective|p1b: rock/paper-type|2\n|-damage|p1b: rock/paper-type|49/100\n|move|p2a: BARRY BLASTOISE™|Water Spout|p1b: rock/paper-type|[spread] p1a,p1b\n|-damage|p1a: Bringer of Joy :)|4/100\n|-damage|p1b: rock/paper-type|0 fnt\n|faint|p1b: rock/paper-type\n|\n|-damage|p2b: Ushijima|82/100 brn|[from] brn\n|upkeep\n|\n|t:|1788440515\n|switch|p1b: clef-uh-ble|Clefable, L50, F|100/100\n|turn|3\n|\n|t:|1788440567\n|switch|p2b: The Kollector|Barbaracle, L50, F|100/100\n|move|p1a: Bringer of Joy :)|Will-O-Wisp|p2a: BARRY BLASTOISE™\n|-status|p2a: BARRY BLASTOISE™|brn\n|move|p2a: BARRY BLASTOISE™|Water Spout|p1b: clef-uh-ble|[spread] p1a,p1b\n|-damage|p1a: Bringer of Joy :)|0 fnt\n|-damage|p1b: clef-uh-ble|40/100\n|-enditem|p1b: clef-uh-ble|Sitrus Berry|[eat]\n|-heal|p1b: clef-uh-ble|64/100|[from] item: Sitrus Berry\n|faint|p1a: Bringer of Joy :)\n|move|p1b: clef-uh-ble|Dazzling Gleam|p2a: BARRY BLASTOISE™|[spread] p2a,p2b\n|-damage|p2a: BARRY BLASTOISE™|80/100 brn\n|-damage|p2b: The Kollector|75/100\n|\n|-damage|p2a: BARRY BLASTOISE™|74/100 brn|[from] brn\n|upkeep\n|\n|t:|1788440582\n|switch|p1a: Wotter|Samurott-Hisui, L50, M|100/100\n|turn|4\n|\n|t:|1788440682\n|switch|p2a: RUGRATS REPTAR|Tyranitar, L50, M|100/100\n|-weather|Sandstorm|[from] ability: Sand Stream|[of] p2a: RUGRATS REPTAR\n|move|p1a: Wotter|Sacred Sword|p2b: The Kollector\n|-supereffective|p2b: The Kollector|1\n|-damage|p2b: The Kollector|0 fnt\n|faint|p2b: The Kollector\n|move|p1b: clef-uh-ble|Life Dew||[still]|[spread] p1a,p1b\n|-fail|p1a: Wotter|heal\n|-heal|p1b: clef-uh-ble|90/100\n|\n|-weather|Sandstorm|[upkeep]\n|-damage|p1a: Wotter|93/100|[from] Sandstorm\n|upkeep\n|\n|t:|1788440708\n|switch|p2b: BARRY BLASTOISE™|Blastoise, L50, M|74/100 brn\n|turn|5\n|\n|t:|1788440825\n|move|p2b: BARRY BLASTOISE™|Fake Out|p1a: Wotter\n|-damage|p1a: Wotter|89/100\n|cant|p1a: Wotter|flinch\n|move|p2a: RUGRATS REPTAR|Rock Slide|p1a: Wotter|[spread] p1a,p1b\n|-damage|p1a: Wotter|47/100\n|-damage|p1b: clef-uh-ble|64/100\n|move|p1b: clef-uh-ble|Life Dew|p1b: clef-uh-ble|[spread] p1a,p1b\n|-heal|p1a: Wotter|72/100\n|-heal|p1b: clef-uh-ble|89/100\n|\n|-weather|Sandstorm|[upkeep]\n|-damage|p1a: Wotter|66/100|[from] Sandstorm\n|-damage|p2b: BARRY BLASTOISE™|68/100 brn|[from] Sandstorm\n|-damage|p2b: BARRY BLASTOISE™|62/100 brn|[from] brn\n|upkeep\n|turn|6\n|\n|t:|1788440887\n|move|p2a: RUGRATS REPTAR|Protect|p2a: RUGRATS REPTAR\n|-singleturn|p2a: RUGRATS REPTAR|Protect\n|move|p1a: Wotter|Sacred Sword|p2a: RUGRATS REPTAR\n|-activate|p2a: RUGRATS REPTAR|move: Protect\n|move|p2b: BARRY BLASTOISE™|Ice Beam|p1b: clef-uh-ble\n|-damage|p1b: clef-uh-ble|63/100\n|move|p1b: clef-uh-ble|Life Dew|p1b: clef-uh-ble|[spread] p1a,p1b\n|-heal|p1a: Wotter|90/100\n|-heal|p1b: clef-uh-ble|89/100\n|\n|-weather|Sandstorm|[upkeep]\n|-damage|p1a: Wotter|84/100|[from] Sandstorm\n|-damage|p2b: BARRY BLASTOISE™|56/100 brn|[from] Sandstorm\n|-damage|p2b: BARRY BLASTOISE™|51/100 brn|[from] brn\n|upkeep\n|turn|7\n|\n|t:|1788440946\n|move|p1a: Wotter|Sacred Sword|p2a: RUGRATS REPTAR\n|-supereffective|p2a: RUGRATS REPTAR|2\n|-enditem|p2a: RUGRATS REPTAR|Chople Berry|[eat]\n|-enditem|p2a: RUGRATS REPTAR|Chople Berry|[weaken]\n|-damage|p2a: RUGRATS REPTAR|23/100\n|move|p2b: BARRY BLASTOISE™|Ice Beam|p1b: clef-uh-ble\n|-damage|p1b: clef-uh-ble|62/100\n|move|p2a: RUGRATS REPTAR|Rock Slide|p1b: clef-uh-ble|[spread] p1a,p1b\n|-damage|p1a: Wotter|41/100\n|-damage|p1b: clef-uh-ble|38/100\n|move|p1b: clef-uh-ble|Life Dew|p1b: clef-uh-ble|[spread] p1a,p1b\n|-heal|p1a: Wotter|66/100\n|-heal|p1b: clef-uh-ble|63/100\n|\n|-weather|Sandstorm|[upkeep]\n|-damage|p1a: Wotter|60/100|[from] Sandstorm\n|-damage|p2b: BARRY BLASTOISE™|45/100 brn|[from] Sandstorm\n|-damage|p2b: BARRY BLASTOISE™|39/100 brn|[from] brn\n|upkeep\n|turn|8\n|\n|t:|1788441027\n|move|p1a: Wotter|Aqua Jet|p2a: RUGRATS REPTAR\n|-supereffective|p2a: RUGRATS REPTAR|1\n|-damage|p2a: RUGRATS REPTAR|0 fnt\n|faint|p2a: RUGRATS REPTAR\n|move|p2b: BARRY BLASTOISE™|Ice Beam|p1b: clef-uh-ble\n|-damage|p1b: clef-uh-ble|37/100\n|move|p1b: clef-uh-ble|Life Dew|p1b: clef-uh-ble|[spread] p1a,p1b\n|-heal|p1a: Wotter|84/100\n|-heal|p1b: clef-uh-ble|62/100\n|\n|-weather|none\n|-damage|p2b: BARRY BLASTOISE™|33/100 brn|[from] brn\n|upkeep\n|\n|t:|1788441038\n|switch|p2a: Ushijima|Hawlucha-Mega, L50, M|82/100 brn\n|turn|9\n|\n|t:|1788441068\n|move|p1b: clef-uh-ble|Follow Me|p1b: clef-uh-ble\n|-singleturn|p1b: clef-uh-ble|move: Follow Me\n|move|p2a: Ushijima|Close Combat|p1b: clef-uh-ble\n|-resisted|p1b: clef-uh-ble|1\n|-damage|p1b: clef-uh-ble|50/100g\n|-unboost|p2a: Ushijima|def|1\n|-unboost|p2a: Ushijima|spd|1\n|move|p1a: Wotter|Razor Shell|p2a: Ushijima\n|-damage|p2a: Ushijima|0 fnt\n|faint|p2a: Ushijima\n|move|p2b: BARRY BLASTOISE™|Ice Beam|p1b: clef-uh-ble\n|-damage|p1b: clef-uh-ble|25/100\n|\n|-damage|p2b: BARRY BLASTOISE™|27/100 brn|[from] brn\n|upkeep\n|turn|10\n|\n|t:|1788441100\n|move|p1b: clef-uh-ble|Helping Hand|p1a: Wotter\n|-singleturn|p1a: Wotter|Helping Hand|[of] p1b: clef-uh-ble\n|move|p1a: Wotter|Sacred Sword|p2b: BARRY BLASTOISE™\n|-damage|p2b: BARRY BLASTOISE™|0 fnt\n|faint|p2b: BARRY BLASTOISE™\n|\n|win|TheLastFire925\n|c|☆Wizzy0|I was hoping you just wouldn't have follow me\n|c| perfect lamppost|ggwp\n|c|☆Wizzy0|but like I don't kill that anyway\n|c|☆TheLastFire925|ggwp\n|c| prythium|gg\n|c|☆Wizzy0|I just don't have options for anything\n|c| perfect lamppost|i think your only pl was swaping out blastoise\n|c| perfect lamppost|so you could fake out the follow me and cc the samarott\n|c|☆Wizzy0|I felt like I had to bank on a freeze\n|c|☆Wizzy0|I also assumed samurott was scarf\n|c| perfect lamppost|same\n","uploadtime":1788441171,"views":"17","formatid":"gen9championsvgc2026regmb","rating":null,"private":0,"password":null}