{"id":"gen9championsvgc2026regmbbo3-2674032057","format":"[Gen 9 Champions] VGC 2026 Reg M-B (Bo3)","players":["platinumflare","tavinn_n"],"log":"|j|☆platinumflare\n|j|‽tavinn_n\n|html|<table width=\"100%\"><tr><td align=\"left\">platinumflare</td><td align=\"right\">tavinn_n</tr><tr><td align=\"left\"><i class=\"fa fa-circle-o\"></i> <i class=\"fa fa-circle-o\"></i> </td><td align=\"right\"><i class=\"fa fa-circle-o\"></i> <i class=\"fa fa-circle-o\"></i> </tr></table>\n|uhtml|bestof|<h2><strong>Game 1</strong> of <a href=\"/game-bestof3-gen9championsvgc2026regmbbo3-2674032056\">a best-of-3</a></h2>\n|t:|1788290448\n|gametype|doubles\n|player|p1|platinumflare|lance|1297\n|player|p2|tavinn_n|ghetsis|1377\n|gen|9\n|tier|[Gen 9 Champions] VGC 2026 Reg M-B (Bo3)\n|rated|\n|rule|Species Clause: Limit one of each Pokémon\n|rule|Item Clause: Limit 1 of each item\n|clearpoke\n|poke|p1|Blaziken, L50, M|\n|poke|p1|Meowscarada, L50, F|\n|poke|p1|Kingambit, L50, M|\n|poke|p1|Whimsicott, L50, F|\n|poke|p1|Floette-Eternal, L50, F|\n|poke|p1|Farigiraf, L50, F|\n|poke|p2|Scovillain, L50, M, shiny|\n|poke|p2|Basculegion, L50, M|\n|poke|p2|Kingambit, L50, F|\n|poke|p2|Sneasler, L50, M|\n|poke|p2|Lycanroc-Dusk, L50, F|\n|poke|p2|Froslass, L50, F|\n|teampreview|4\n|showteam|p1|Blaziken||Blazikenite|SpeedBoost|FlareBlitz,CloseCombat,RockSlide,Protect|Adamant||M|||50|]Meowscarada||ChoiceScarf|Protean|FlowerTrick,TripleAxel,KnockOff,Uturn|Adamant||F|||50|]Kingambit||LifeOrb|Defiant|KowtowCleave,LowKick,SuckerPunch,Protect|Adamant||M|||50|]Whimsicott||FocusSash|Prankster|Moonblast,Tailwind,Encore,Protect|Modest||F|||50|]Floette-Eternal||Floettite|FlowerVeil|DazzlingGleam,Moonblast,LightofRuin,Protect|Modest||F|||50|]Farigiraf||SitrusBerry|ArmorTail|TrickRoom,Imprison,Psychic,HyperVoice|Modest||F|||50|\n|showteam|p2|Scovillain||Scovillainite|Moody|GigaDrain,Overheat,RagePowder,Protect|Bold||M|||50|]Basculegion||LifeOrb|Adaptability|WaveCrash,LastRespects,AquaJet,Protect|Adamant||M|||50|]Kingambit||BlackGlasses|Defiant|KowtowCleave,SuckerPunch,SwordsDance,Protect|Adamant||F|||50|]Sneasler||WhiteHerb|Unburden|CloseCombat,DireClaw,Protect,FakeOut|Adamant||M|||50|]Lycanroc-Dusk||FocusSash|ToughClaws|CloseCombat,Accelerock,RockSlide,Protect|Adamant||F|||50|]Froslass||Froslassite|CursedBody|Protect,AuroraVeil,Blizzard,ShadowBall|Timid||F|||50|\n|inactive|Battle timer is ON: inactive players will automatically lose when time's up. (requested by tavinn_n)\n|inactive|platinumflare has 60 seconds left.\n|inactive|tavinn_n has 60 seconds left.\n|\n|t:|1788290500\n|teamsize|p1|4\n|teamsize|p2|4\n|start\n|switch|p1a: Blaziken|Blaziken, L50, M|100/100\n|switch|p1b: Meowscarada|Meowscarada, L50, F|100/100\n|switch|p2a: Kingambit|Kingambit, L50, F|100/100\n|switch|p2b: Scovillain|Scovillain, L50, M, shiny|100/100\n|turn|1\n|inactive|tavinn_n has 30 seconds left.\n|\n|t:|1788290530\n|detailschange|p1a: Blaziken|Blaziken-Mega, L50, M\n|-mega|p1a: Blaziken|Blaziken|Blazikenite\n|move|p2a: Kingambit|Protect|p2a: Kingambit\n|-singleturn|p2a: Kingambit|Protect\n|move|p1b: Meowscarada|U-turn|p2a: Kingambit\n|-start|p1b: Meowscarada|typechange|Bug|[from] ability: Protean\n|-activate|p2a: Kingambit|move: Protect\n|move|p1a: Blaziken|Rock Slide|p2b: Scovillain|[spread] p2b\n|-activate|p2a: Kingambit|move: Protect\n|-supereffective|p2b: Scovillain|1\n|-damage|p2b: Scovillain|39/100\n|move|p2b: Scovillain|Overheat|p1b: Meowscarada\n|-supereffective|p1b: Meowscarada|1\n|-damage|p1b: Meowscarada|0 fnt\n|-unboost|p2b: Scovillain|spa|2\n|faint|p1b: Meowscarada\n|\n|-ability|p1a: Blaziken|Speed Boost|boost\n|-boost|p1a: Blaziken|spe|1\n|-ability|p2b: Scovillain|Moody|boost\n|-boost|p2b: Scovillain|def|2\n|-unboost|p2b: Scovillain|spd|1\n|upkeep\n|\n|t:|1788290539\n|switch|p1b: Farigiraf|Farigiraf, L50, F|100/100\n|turn|2\n|\n|t:|1788290551\n|detailschange|p2b: Scovillain|Scovillain-Mega, L50, M, shiny\n|-mega|p2b: Scovillain|Scovillain|Scovillainite\n|move|p1a: Blaziken|Close Combat|p2a: Kingambit\n|-supereffective|p2a: Kingambit|2\n|-damage|p2a: Kingambit|0 fnt\n|-unboost|p1a: Blaziken|def|1\n|-unboost|p1a: Blaziken|spd|1\n|faint|p2a: Kingambit\n|move|p2b: Scovillain|Giga Drain|p1b: Farigiraf\n|-damage|p1b: Farigiraf|82/100\n|-heal|p2b: Scovillain|50/100g|[from] drain|[of] p1b: Farigiraf\n|move|p1b: Farigiraf|Psychic|p2b: Scovillain\n|-damage|p2b: Scovillain|0 fnt\n|-status|p1b: Farigiraf|brn|[from] ability: Spicy Spray|[of] p2b: Scovillain\n|faint|p2b: Scovillain\n|\n|-damage|p1b: Farigiraf|76/100 brn|[from] brn\n|-ability|p1a: Blaziken|Speed Boost|boost\n|-boost|p1a: Blaziken|spe|1\n|upkeep\n|\n|t:|1788290557\n|switch|p2b: Basculegion|Basculegion, L50, M|100/100\n|switch|p2a: Sneasler|Sneasler, L50, M|100/100\n|turn|3\n|\n|t:|1788290576\n|move|p2a: Sneasler|Protect|p2a: Sneasler\n|-singleturn|p2a: Sneasler|Protect\n|move|p1a: Blaziken|Flare Blitz|p2a: Sneasler\n|-activate|p2a: Sneasler|move: Protect\n|move|p2b: Basculegion|Wave Crash|p1a: Blaziken\n|-supereffective|p1a: Blaziken|1\n|-damage|p1a: Blaziken|0 fnt\n|faint|p1a: Blaziken\n|-damage|p2b: Basculegion|73/100|[from] Recoil\n|-damage|p2b: Basculegion|64/100|[from] item: Life Orb\n|move|p1b: Farigiraf|Psychic|p2a: Sneasler\n|-activate|p2a: Sneasler|move: Protect\n|\n|-damage|p1b: Farigiraf|70/100 brn|[from] brn\n|upkeep\n|\n|t:|1788290579\n|switch|p1a: Kingambit|Kingambit, L50, M|100/100\n|turn|4\n|\n|t:|1788290598\n|move|p2b: Basculegion|Protect|p2b: Basculegion\n|-singleturn|p2b: Basculegion|Protect\n|move|p1a: Kingambit|Sucker Punch||[still]\n|-fail|p1a: Kingambit\n|move|p2a: Sneasler|Close Combat|p1a: Kingambit\n|-supereffective|p1a: Kingambit|2\n|-damage|p1a: Kingambit|0 fnt\n|-unboost|p2a: Sneasler|def|1\n|-unboost|p2a: Sneasler|spd|1\n|faint|p1a: Kingambit\n|-enditem|p2a: Sneasler|White Herb\n|-clearnegativeboost|p2a: Sneasler|[silent]\n|move|p1b: Farigiraf|Psychic|p2a: Sneasler\n|-supereffective|p2a: Sneasler|2\n|-damage|p2a: Sneasler|0 fnt\n|faint|p2a: Sneasler\n|\n|-damage|p1b: Farigiraf|63/100 brn|[from] brn\n|upkeep\n|turn|5\n|\n|t:|1788290606\n|move|p2b: Basculegion|Wave Crash|p1b: Farigiraf\n|-damage|p1b: Farigiraf|0 fnt\n|faint|p1b: Farigiraf\n|-damage|p2b: Basculegion|40/100|[from] Recoil\n|-damage|p2b: Basculegion|30/100|[from] item: Life Orb\n|\n|win|tavinn_n\n||platinumflare is ready for game 2.\n||tavinn_n is ready for game 2.\n|uhtml|next|Next: <a href=\"/battle-gen9championsvgc2026regmbbo3-2674033435\"><strong>Game 2 of 3</strong></a>\n|l|‽tavinn_n\n|player|p2|\n","uploadtime":1788290935,"views":"1","formatid":"gen9championsvgc2026regmbbo3","rating":null,"private":0,"password":null}