{"id":"gen9championsvgc2026regmb-2674510638","format":"[Gen 9 Champions] VGC 2026 Reg M-B","players":["EricOwnsU","randomtieflinggirl"],"log":"|j|☆EricOwnsU\n|j|☆randomtieflinggirl\n|t:|1788368341\n|gametype|doubles\n|player|p1|EricOwnsU|170|1146\n|player|p2|randomtieflinggirl|266|1166\n|gen|9\n|tier|[Gen 9 Champions] VGC 2026 Reg M-B\n|rated|\n|rule|Species Clause: Limit one of each Pokémon\n|rule|Item Clause: Limit 1 of each item\n|clearpoke\n|poke|p1|Tyranitar, L50, M|\n|poke|p1|Excadrill, L50, F|\n|poke|p1|Milotic, L50, F|\n|poke|p1|Sinistcha, L50|\n|poke|p1|Staraptor, L50, F|\n|poke|p1|Gholdengo, L50|\n|poke|p2|Lycanroc-Dusk, L50, F|\n|poke|p2|Froslass, L50, F|\n|poke|p2|Scovillain, L50, F|\n|poke|p2|Basculegion, L50, M|\n|poke|p2|Kingambit, L50, F|\n|poke|p2|Sneasler, L50, F|\n|teampreview|4\nrandomtieflinggirl has agreed to open team sheets.\n|inactive|Battle timer is ON: inactive players will automatically lose when time's up. (requested by EricOwnsU)\n|\n|t:|1788368410\n|teamsize|p1|4\n|teamsize|p2|4\n|start\n|switch|p1a: Tyranitar|Tyranitar, L50, M|100/100\n|switch|p1b: Excadrill|Excadrill, L50, F|100/100\n|switch|p2a: Froslass|Froslass, L50, F|100/100\n|switch|p2b: Basculegion|Basculegion, L50, M|100/100\n|-weather|Sandstorm|[from] ability: Sand Stream|[of] p1a: Tyranitar\n|turn|1\n|\n|t:|1788368426\n|move|p2a: Froslass|Protect|p2a: Froslass\n|-singleturn|p2a: Froslass|Protect\n|move|p2b: Basculegion|Protect|p2b: Basculegion\n|-singleturn|p2b: Basculegion|Protect\n|move|p1b: Excadrill|Iron Head|p2a: Froslass\n|-activate|p2a: Froslass|move: Protect\n|move|p1a: Tyranitar|Rock Slide|p2b: Basculegion|[spread] \n|-activate|p2a: Froslass|move: Protect\n|-activate|p2b: Basculegion|move: Protect\n|\n|-weather|Sandstorm|[upkeep]\n|-damage|p2a: Froslass|94/100|[from] Sandstorm\n|-damage|p2b: Basculegion|94/100|[from] Sandstorm\n|upkeep\n|turn|2\n|\n|t:|1788368445\n|switch|p2a: Kingambit|Kingambit, L50, F|100/100\n|switch|p1a: Staraptor|Staraptor, L50, F|100/100\n|-ability|p1a: Staraptor|Intimidate|boost\n|-unboost|p2a: Kingambit|atk|1\n|-ability|p2a: Kingambit|Defiant|boost\n|-boost|p2a: Kingambit|atk|2\n|-unboost|p2b: Basculegion|atk|1\n|move|p1b: Excadrill|Iron Head|p2a: Kingambit\n|-resisted|p2a: Kingambit|1\n|-damage|p2a: Kingambit|84/100\n|move|p2b: Basculegion|Wave Crash|p1a: Staraptor\n|-damage|p1a: Staraptor|35/100\n|-damage|p2b: Basculegion|75/100|[from] Recoil\n|\n|-weather|Sandstorm|[upkeep]\n|-damage|p1a: Staraptor|29/100|[from] Sandstorm\n|-damage|p2b: Basculegion|69/100|[from] Sandstorm\n|upkeep\n|turn|3\n|inactive|randomtieflinggirl has 30 seconds left.\n|\n|t:|1788368474\n|move|p2a: Kingambit|Protect|p2a: Kingambit\n|-singleturn|p2a: Kingambit|Protect\n|move|p1b: Excadrill|Earthquake|p2a: Kingambit|[spread] p2b\n|-activate|p2a: Kingambit|move: Protect\n|-immune|p1a: Staraptor\n|-damage|p2b: Basculegion|20/100y\n|-enditem|p2b: Basculegion|Sitrus Berry|[eat]\n|-heal|p2b: Basculegion|45/100|[from] item: Sitrus Berry\n|move|p1a: Staraptor|Close Combat|p2a: Kingambit\n|-activate|p2a: Kingambit|move: Protect\n|move|p2b: Basculegion|Wave Crash|p1a: Staraptor\n|-damage|p1a: Staraptor|0 fnt\n|faint|p1a: Staraptor\n|-damage|p2b: Basculegion|36/100|[from] Recoil\n|\n|-weather|Sandstorm|[upkeep]\n|-damage|p2b: Basculegion|31/100|[from] Sandstorm\n|upkeep\n|inactive|EricOwnsU has 30 seconds left.\n|\n|t:|1788368500\n|switch|p1a: Sinistcha|Sinistcha, L50|100/100\n|turn|4\n|\n|t:|1788368511\n|move|p2b: Basculegion|Protect|p2b: Basculegion\n|-singleturn|p2b: Basculegion|Protect\n|move|p2a: Kingambit|Sucker Punch|p1a: Sinistcha\n|-supereffective|p1a: Sinistcha|1\n|-enditem|p1a: Sinistcha|Colbur Berry|[eat]\n|-enditem|p1a: Sinistcha|Colbur Berry|[weaken]\n|-damage|p1a: Sinistcha|44/100\n|move|p1b: Excadrill|Earthquake|p2a: Kingambit|[spread] p1a,p2a\n|-activate|p2b: Basculegion|move: Protect\n|-resisted|p1a: Sinistcha|1\n|-supereffective|p2a: Kingambit|1\n|-damage|p1a: Sinistcha|26/100\n|-damage|p2a: Kingambit|19/100\n|move|p1a: Sinistcha|Matcha Gotcha|p2a: Kingambit|[spread] p2a\n|-activate|p2b: Basculegion|move: Protect\n|-resisted|p2a: Kingambit|1\n|-damage|p2a: Kingambit|7/100\n|-heal|p1a: Sinistcha|33/100|[from] drain|[of] p2a: Kingambit\n|-status|p2a: Kingambit|brn\n|\n|-weather|Sandstorm|[upkeep]\n|-damage|p2b: Basculegion|25/100|[from] Sandstorm\n|-damage|p1a: Sinistcha|28/100|[from] Sandstorm\n|-damage|p2a: Kingambit|1/100 brn|[from] brn\n|upkeep\n|turn|5\n|inactive|EricOwnsU has 30 seconds left.\n|inactive|randomtieflinggirl has 30 seconds left.\n|\n|t:|1788368545\n|move|p1a: Sinistcha|Rage Powder|p1a: Sinistcha\n|-singleturn|p1a: Sinistcha|move: Rage Powder\n|move|p2a: Kingambit|Sucker Punch||[still]\n|-fail|p2a: Kingambit\n|move|p1b: Excadrill|Earthquake|p2b: Basculegion|[spread] p1a,p2a,p2b\n|-resisted|p1a: Sinistcha|1\n|-supereffective|p2a: Kingambit|1\n|-damage|p1a: Sinistcha|9/100\n|-damage|p2a: Kingambit|0 fnt\n|-damage|p2b: Basculegion|0 fnt\n|faint|p2a: Kingambit\n|faint|p2b: Basculegion\n|\n|-weather|none\n|upkeep\n|\n|t:|1788368556\n|switch|p2b: Sneasler|Sneasler, L50, F|100/100\n|switch|p2a: Froslass|Froslass, L50, F|94/100\n|turn|6\n|\n|t:|1788368576\n|detailschange|p2a: Froslass|Froslass-Mega, L50, F\n|-mega|p2a: Froslass|Froslass|Froslassite\n|-weather|Snowscape|[from] ability: Snow Warning|[of] p2a: Froslass\n|move|p1a: Sinistcha|Rage Powder|p1a: Sinistcha\n|-singleturn|p1a: Sinistcha|move: Rage Powder\n|move|p2a: Froslass|Blizzard|p1b: Excadrill|[spread] p1a,p1b\n|-supereffective|p1a: Sinistcha|1\n|-damage|p1a: Sinistcha|0 fnt\n|-damage|p1b: Excadrill|35/100\n|faint|p1a: Sinistcha\n|move|p2b: Sneasler|Close Combat|p1b: Excadrill\n|-supereffective|p1b: Excadrill|1\n|-damage|p1b: Excadrill|0 fnt\n|-unboost|p2b: Sneasler|def|1\n|-unboost|p2b: Sneasler|spd|1\n|faint|p1b: Excadrill\n|-enditem|p2b: Sneasler|White Herb\n|-clearnegativeboost|p2b: Sneasler|[silent]\n|\n|-weather|Snowscape|[upkeep]\n|upkeep\n|\n|t:|1788368588\n|switch|p1b: Tyranitar|Tyranitar, L50, M|100/100\n|-weather|Sandstorm|[from] ability: Sand Stream|[of] p1b: Tyranitar\n|turn|7\n|\n|t:|1788368596\n|detailschange|p1b: Tyranitar|Tyranitar-Mega, L50, M\n|-mega|p1b: Tyranitar|Tyranitar|Tyranitarite\n|move|p2a: Froslass|Protect|p2a: Froslass\n|-singleturn|p2a: Froslass|Protect\n|move|p2b: Sneasler|Close Combat|p1b: Tyranitar\n|-supereffective|p1b: Tyranitar|2\n|-damage|p1b: Tyranitar|0 fnt\n|-unboost|p2b: Sneasler|def|1\n|-unboost|p2b: Sneasler|spd|1\n|faint|p1b: Tyranitar\n|\n|win|randomtieflinggirl\n|raw|EricOwnsU's rating: 1146 &rarr; <strong>1122</strong><br />(-24 for losing)\n|raw|randomtieflinggirl's rating: 1166 &rarr; <strong>1190</strong><br />(+24 for winning)\n|c|☆randomtieflinggirl|gg\n|l|☆EricOwnsU\n|player|p1|\n","uploadtime":1788368621,"views":"0","formatid":"gen9championsvgc2026regmb","rating":1122,"private":0,"password":null}