{"id":"gen9championsvgc2026regmb-2674930436","format":"[Gen 9 Champions] VGC 2026 Reg M-B","players":["FlameGoddess","albert235"],"log":"|j|☆FlameGoddess\n|j|☆albert235\n|t:|1788437814\n|gametype|doubles\n|player|p1|FlameGoddess|2|1133\n|player|p2|albert235|169|1176\n|gen|9\n|tier|[Gen 9 Champions] VGC 2026 Reg M-B\n|rated|\n|rule|Species Clause: Limit one of each Pokémon\n|rule|Item Clause: Limit 1 of each item\n|clearpoke\n|poke|p1|Mimikyu, L50, M, shiny|\n|poke|p1|Camerupt, L50, M, shiny|\n|poke|p1|Sinistcha, L50, shiny|\n|poke|p1|Sneasler, L50, M, shiny|\n|poke|p1|Dragonite, L50, M, shiny|\n|poke|p1|Tsareena, L50, F, shiny|\n|poke|p2|Gliscor, L50, F|\n|poke|p2|Sceptile, L50, M|\n|poke|p2|Rotom-Wash, L50|\n|poke|p2|Incineroar, L50, M|\n|poke|p2|Sylveon, L50, F|\n|poke|p2|Metagross, L50|\n|teampreview|4\n|inactive|Battle timer is ON: inactive players will automatically lose when time's up. (requested by albert235)\n|\n|t:|1788437859\n|teamsize|p1|4\n|teamsize|p2|4\n|start\n|switch|p1a: moria|Mimikyu, L50, M, shiny|100/100\n|switch|p1b: akainu|Camerupt, L50, M, shiny|100/100\n|switch|p2a: Gliscor|Gliscor, L50, F|100/100\n|switch|p2b: Rotom|Rotom-Wash, L50|100/100\n|turn|1\n|\n|t:|1788437875\n|move|p1b: akainu|Protect|p1b: akainu\n|-singleturn|p1b: akainu|Protect\n|move|p2a: Gliscor|Earthquake|p1a: moria|[spread] p1a\n|-activate|p1b: akainu|move: Protect\n|-immune|p2b: Rotom|[from] ability: Levitate\n|-activate|p1a: moria|ability: Disguise\n|-damage|p1a: moria|100/100\n|detailschange|p1a: moria|Mimikyu-Busted, L50, M, shiny\n|-damage|p1a: moria|87/100|[from] pokemon: Mimikyu-Busted\n|move|p2b: Rotom|Hydro Pump|p1b: akainu\n|-activate|p1b: akainu|move: Protect\n|move|p1a: moria|Trick Room|p1a: moria\n|-fieldstart|move: Trick Room|[of] p1a: moria\n|\n|upkeep\n|turn|2\n|inactive|FlameGoddess has 30 seconds left.\n|inactive|albert235 has 30 seconds left.\n|\n|t:|1788437907\n|switch|p1b: brook|Sinistcha, L50, shiny|100/100\n|-heal|p1a: moria|100/100|[from] ability: Hospitality|[of] p1b: brook\n|move|p2a: Gliscor|Protect|p2a: Gliscor\n|-singleturn|p2a: Gliscor|Protect\n|move|p1a: moria|Will-O-Wisp|p2b: Rotom\n|-status|p2b: Rotom|brn\n|move|p2b: Rotom|Hydro Pump|p1b: brook|[miss]\n|-miss|p2b: Rotom|p1b: brook\n|\n|-damage|p2b: Rotom|93/100 brn|[from] brn\n|upkeep\n|turn|3\n|\n|t:|1788437933\n|move|p2b: Rotom|Protect|p2b: Rotom\n|-singleturn|p2b: Rotom|Protect\n|move|p1a: moria|Shadow Sneak|p2a: Gliscor\n|-damage|p2a: Gliscor|89/100\n|move|p1b: brook|Matcha Gotcha|p2b: Rotom|[spread] p2a\n|-activate|p2b: Rotom|move: Protect\n|-damage|p2a: Gliscor|60/100\n|-status|p2a: Gliscor|brn\n|move|p2a: Gliscor|Acrobatics|p1b: brook\n|-supereffective|p1b: brook|1\n|-damage|p1b: brook|61/100\n|\n|-heal|p1b: brook|67/100|[from] item: Leftovers\n|-damage|p2b: Rotom|87/100 brn|[from] brn\n|-damage|p2a: Gliscor|54/100 brn|[from] brn\n|upkeep\n|turn|4\n|inactive|FlameGoddess has 30 seconds left.\n|\n|t:|1788437961\n|switch|p2b: Incineroar|Incineroar, L50, M|100/100\n|-ability|p2b: Incineroar|Intimidate|boost\n|-unboost|p1a: moria|atk|1\n|-unboost|p1b: brook|atk|1\n|move|p1a: moria|Shadow Sneak|p2a: Gliscor\n|-damage|p2a: Gliscor|46/100 brn\n|move|p1b: brook|Life Dew||[still]|[spread] p1a,p1b\n|-fail|p1a: moria|heal\n|-heal|p1b: brook|92/100\n|move|p2a: Gliscor|Acrobatics|p1b: brook\n|-supereffective|p1b: brook|1\n|-damage|p1b: brook|53/100\n|\n|-heal|p1b: brook|60/100|[from] item: Leftovers\n|-damage|p2a: Gliscor|40/100 brn|[from] brn\n|upkeep\n|turn|5\n|inactive|FlameGoddess has 30 seconds left.\n|inactive|albert235 has 30 seconds left.\n|inactive|FlameGoddess has 20 seconds left.\n|\n|t:|1788437996\n|switch|p1b: akainu|Camerupt, L50, M, shiny|100/100\n|move|p1a: moria|Shadow Sneak|p2a: Gliscor\n|-damage|p2a: Gliscor|32/100 brn\n|move|p2b: Incineroar|Parting Shot|p1b: akainu\n|-unboost|p1b: akainu|atk|1\n|-unboost|p1b: akainu|spa|1\n|\n|t:|1788438006\n|switch|p2b: Metagross|Metagross, L50|100/100|[from] Parting Shot\n|move|p2a: Gliscor|Tailwind|p2a: Gliscor\n|-sidestart|p2: albert235|move: Tailwind\n|\n|-damage|p2a: Gliscor|26/100 brn|[from] brn\n|-fieldend|move: Trick Room\n|upkeep\n|turn|6\n|\n|t:|1788438027\n|switch|p2b: Rotom|Rotom-Wash, L50|87/100 brn\n|move|p1b: akainu|Protect|p1b: akainu\n|-singleturn|p1b: akainu|Protect\n|move|p2a: Gliscor|Earthquake|p1a: moria|[spread] p1a\n|-activate|p1b: akainu|move: Protect\n|-immune|p2b: Rotom|[from] ability: Levitate\n|-damage|p1a: moria|83/100\n|move|p1a: moria|Trick Room|p1a: moria\n|-fieldstart|move: Trick Room|[of] p1a: moria\n|\n|-damage|p2b: Rotom|81/100 brn|[from] brn\n|-damage|p2a: Gliscor|20/100y brn|[from] brn\n|upkeep\n|turn|7\n|inactive|FlameGoddess has 30 seconds left.\n|inactive|albert235 has 30 seconds left.\n|\n|t:|1788438058\n|switch|p1b: brook|Sinistcha, L50, shiny|60/100\n|-heal|p1a: moria|100/100|[from] ability: Hospitality|[of] p1b: brook\n|switch|p1a: queen|Tsareena, L50, F, shiny|100/100\n|move|p2b: Rotom|Discharge|p1b: brook|[spread] p1a,p1b\n|-immune|p2a: Gliscor\n|-resisted|p1a: queen|1\n|-resisted|p1b: brook|1\n|-damage|p1a: queen|80/100\n|-damage|p1b: brook|46/100\n|move|p2a: Gliscor|Acrobatics|p1b: brook\n|-supereffective|p1b: brook|1\n|-damage|p1b: brook|5/100\n|\n|-heal|p1b: brook|11/100|[from] item: Leftovers\n|-damage|p2b: Rotom|75/100 brn|[from] brn\n|-damage|p2a: Gliscor|14/100 brn|[from] brn\n|upkeep\n|turn|8\n|\n|t:|1788438081\n|move|p1b: brook|Life Dew|p1b: brook|[spread] p1a,p1b\n|-heal|p1a: queen|100/100\n|-heal|p1b: brook|37/100\n|move|p1a: queen|Power Whip|p2b: Rotom\n|-supereffective|p2b: Rotom|1\n|-damage|p2b: Rotom|0 fnt\n|faint|p2b: Rotom\n|move|p2a: Gliscor|Acrobatics|p1b: brook\n|-supereffective|p1b: brook|1\n|-damage|p1b: brook|0 fnt\n|faint|p1b: brook\n|\n|-damage|p2a: Gliscor|8/100 brn|[from] brn\n|-sideend|p2: albert235|move: Tailwind\n|upkeep\n|\n|t:|1788438096\n|switch|p1b: akainu|Camerupt, L50, M, shiny|100/100\n|switch|p2b: Incineroar|Incineroar, L50, M|100/100\n|-ability|p2b: Incineroar|Intimidate|boost\n|-unboost|p1a: queen|atk|1\n|-unboost|p1b: akainu|atk|1\n|turn|9\n|\n|t:|1788438115\n|detailschange|p1b: akainu|Camerupt-Mega, L50, M, shiny\n|-mega|p1b: akainu|Camerupt|Cameruptite\n|move|p2a: Gliscor|Protect|p2a: Gliscor\n|-singleturn|p2a: Gliscor|Protect\n|move|p1b: akainu|Eruption|p2b: Incineroar|[spread] p2b\n|-activate|p2a: Gliscor|move: Protect\n|-resisted|p2b: Incineroar|1\n|-damage|p2b: Incineroar|66/100\n|move|p2b: Incineroar|Flare Blitz|p1a: queen\n|-supereffective|p1a: queen|1\n|-damage|p1a: queen|0 fnt\n|faint|p1a: queen\n|-damage|p2b: Incineroar|38/100|[from] Recoil\n|-enditem|p2b: Incineroar|Sitrus Berry|[eat]\n|-heal|p2b: Incineroar|62/100|[from] item: Sitrus Berry\n|\n|-damage|p2a: Gliscor|2/100 brn|[from] brn\n|upkeep\n|\n|t:|1788438130\n|switch|p1a: moria|Mimikyu-Busted, L50, M, shiny|100/100\n|turn|10\n|\n|t:|1788438147\n|move|p1a: moria|Shadow Sneak|p2a: Gliscor\n|-damage|p2a: Gliscor|0 fnt\n|faint|p2a: Gliscor\n|move|p1b: akainu|Earth Power|p2b: Incineroar\n|-supereffective|p2b: Incineroar|1\n|-damage|p2b: Incineroar|0 fnt\n|faint|p2b: Incineroar\n|\n|-fieldend|move: Trick Room\n|upkeep\n|\n|t:|1788438154\n|switch|p2a: Metagross|Metagross, L50|100/100\n|turn|11\n|\n|t:|1788438162\n|detailschange|p2a: Metagross|Metagross-Mega, L50\n|-mega|p2a: Metagross|Metagross|Metagrossite\n|move|p1b: akainu|Protect|p1b: akainu\n|-singleturn|p1b: akainu|Protect\n|move|p2a: Metagross|Bullet Punch|p1a: moria\n|-supereffective|p1a: moria|1\n|-damage|p1a: moria|37/100\n|move|p1a: moria|Trick Room|p1a: moria\n|-fieldstart|move: Trick Room|[of] p1a: moria\n|\n|upkeep\n|turn|12\n|\n|t:|1788438177\n|move|p2a: Metagross|Protect|p2a: Metagross\n|-singleturn|p2a: Metagross|Protect\n|move|p1a: moria|Shadow Sneak|p2a: Metagross\n|-activate|p2a: Metagross|move: Protect\n|move|p1b: akainu|Eruption|p2a: Metagross\n|-activate|p2a: Metagross|move: Protect\n|\n|upkeep\n|turn|13\n|\n|t:|1788438187\n|move|p2a: Metagross|Protect|p2a: Metagross\n|-singleturn|p2a: Metagross|Protect\n|move|p1a: moria|Shadow Sneak|p2a: Metagross\n|-activate|p2a: Metagross|move: Protect\n|move|p1b: akainu|Eruption|p2a: Metagross\n|-activate|p2a: Metagross|move: Protect\n|\n|upkeep\n|turn|14\n|\n|t:|1788438201\n|move|p1a: moria|Shadow Sneak|p2a: Metagross\n|-supereffective|p2a: Metagross|1\n|-damage|p2a: Metagross|81/100\n|move|p1b: akainu|Eruption|p2a: Metagross\n|-supereffective|p2a: Metagross|1\n|-damage|p2a: Metagross|0 fnt\n|faint|p2a: Metagross\n|\n|win|FlameGoddess\n|raw|FlameGoddess's rating: 1133 &rarr; <strong>1161</strong><br />(+28 for winning)\n|raw|albert235's rating: 1176 &rarr; <strong>1148</strong><br />(-28 for losing)\n|l|☆albert235\n|player|p2|\n","uploadtime":1788438428,"views":"2","formatid":"gen9championsvgc2026regmb","rating":1148,"private":0,"password":null}