{"id":"gen9championsvgc2026regmbbo3-2675033132","format":"[Gen 9 Champions] VGC 2026 Reg M-B (Bo3)","players":["aadrisntggggg","Bananin4"],"log":"|j|☆aadrisntggggg\n|j|☆Bananin4\n|html|<table width=\"100%\"><tr><td align=\"left\">aadrisntggggg</td><td align=\"right\">Bananin4</tr><tr><td align=\"left\"><i class=\"fa fa-circle-o\"></i> <i class=\"fa fa-circle-o\"></i> </td><td align=\"right\"><i class=\"fa fa-circle-o\"></i> <i class=\"fa fa-circle-o\"></i> </tr></table>\n|uhtml|bestof|<h2><strong>Game 1</strong> of <a href=\"/game-bestof3-gen9championsvgc2026regmbbo3-2675033131\">a best-of-3</a></h2>\n|t:|1788451026\n|gametype|doubles\n|player|p1|aadrisntggggg|iris|1071\n|player|p2|Bananin4|lucas-gen4pt|1187\n|gen|9\n|tier|[Gen 9 Champions] VGC 2026 Reg M-B (Bo3)\n|rated|\n|rule|Species Clause: Limit one of each Pokémon\n|rule|Item Clause: Limit 1 of each item\n|clearpoke\n|poke|p1|Charizard, L50, F|\n|poke|p1|Venusaur, L50, M|\n|poke|p1|Archaludon, L50, M|\n|poke|p1|Pelipper, L50, M|\n|poke|p1|Swampert, L50, F|\n|poke|p1|Grimmsnarl, L50, M|\n|poke|p2|Delphox, L50, M, shiny|\n|poke|p2|Blastoise, L50, F|\n|poke|p2|Sinistcha, L50|\n|poke|p2|Sneasler, L50, F|\n|poke|p2|Incineroar, L50, F, shiny|\n|poke|p2|Kingambit, L50, M|\n|teampreview|4\n|showteam|p1|Charizard||CharizarditeY|Blaze|HeatWave,WeatherBall,AncientPower,Protect|Modest||F|||50|]Venusaur||FocusSash|Chlorophyll|SleepPowder,SludgeBomb,GigaDrain,Protect|Modest||M|||50|]Archaludon||Leftovers|Stamina|DragonPulse,FlashCannon,ElectroShot,Protect|Calm||M|||50|]Pelipper||SitrusBerry|Drizzle|Hurricane,Tailwind,WideGuard,Protect|Modest||M|||50|]Swampert||Swampertite|Torrent|WaveCrash,IcePunch,Earthquake,Protect|Adamant||F|||50|]Grimmsnarl||LightClay|Prankster|SpiritBreak,PartingShot,Reflect,LightScreen|Serious||M|||50|\n|showteam|p2|Delphox||Delphoxite|Blaze|HeatWave,Psychic,NastyPlot,Protect|Timid||M|||50|]Blastoise||Blastoisinite|RainDish|WaterSpout,DarkPulse,ShellSmash,Protect|Modest||F|||50|]Sinistcha||ColburBerry|Hospitality|MatchaGotcha,RagePowder,TrickRoom,Protect|Bold|||||50|]Sneasler||FocusSash|PoisonTouch|FakeOut,PoisonJab,CloseCombat,QuickGuard|Jolly||F|||50|]Incineroar||SitrusBerry|Intimidate|FakeOut,FlareBlitz,ThroatChop,PartingShot|Careful||F|||50|]Kingambit||ChopleBerry|Defiant|KowtowCleave,SuckerPunch,SwordsDance,Protect|Adamant||M|||50|\n|inactive|Battle timer is ON: inactive players will automatically lose when time's up. (requested by aadrisntggggg)\n|\n|t:|1788451078\n|teamsize|p1|4\n|teamsize|p2|4\n|start\n|switch|p1a: Charizard|Charizard, L50, F|100/100\n|switch|p1b: Venusaur|Venusaur, L50, M|100/100\n|switch|p2a: Incineroar|Incineroar, L50, F, shiny|100/100\n|switch|p2b: Blastoise|Blastoise, L50, F|100/100\n|-ability|p2a: Incineroar|Intimidate|boost\n|-unboost|p1a: Charizard|atk|1\n|-unboost|p1b: Venusaur|atk|1\n|turn|1\n|inactive|aadrisntggggg has 30 seconds left.\n|inactive|Bananin4 has 30 seconds left.\n|inactive|aadrisntggggg has 20 seconds left.\n|\n|t:|1788451116\n|detailschange|p1a: Charizard|Charizard-Mega-Y, L50, F\n|-mega|p1a: Charizard|Charizard|Charizardite Y\n|-weather|SunnyDay|[from] ability: Drought|[of] p1a: Charizard\n|detailschange|p2b: Blastoise|Blastoise-Mega, L50, F\n|-mega|p2b: Blastoise|Blastoise|Blastoisinite\n|move|p2a: Incineroar|Fake Out|p1b: Venusaur\n|-damage|p1b: Venusaur|85/100\n|cant|p1b: Venusaur|flinch\n|move|p1a: Charizard|Weather Ball|p2b: Blastoise\n|-resisted|p2b: Blastoise|1\n|-damage|p2b: Blastoise|62/100\n|move|p2b: Blastoise|Water Spout|p1a: Charizard|[spread] p1a,p1b\n|-supereffective|p1a: Charizard|1\n|-resisted|p1b: Venusaur|1\n|-damage|p1a: Charizard|64/100\n|-damage|p1b: Venusaur|73/100\n|\n|-weather|SunnyDay|[upkeep]\n|upkeep\n|turn|2\n|inactive|aadrisntggggg has 30 seconds left.\n|inactive|Bananin4 has 30 seconds left.\n|inactive|aadrisntggggg has 20 seconds left.\n|\n|t:|1788451155\n|switch|p1a: Archaludon|Archaludon, L50, M|100/100\n|move|p2b: Blastoise|Protect|p2b: Blastoise\n|-singleturn|p2b: Blastoise|Protect\n|move|p1b: Venusaur|Sleep Powder|p2a: Incineroar\n|-status|p2a: Incineroar|slp|[from] move: Sleep Powder\n|cant|p2a: Incineroar|slp\n|\n|-weather|SunnyDay|[upkeep]\n|upkeep\n|turn|3\n|\n|t:|1788451174\n|switch|p2b: Sinistcha|Sinistcha, L50|100/100\n|move|p1b: Venusaur|Giga Drain|p2b: Sinistcha\n|-resisted|p2b: Sinistcha|1\n|-damage|p2b: Sinistcha|82/100\n|-heal|p1b: Venusaur|84/100|[from] drain|[of] p2b: Sinistcha\n|move|p1a: Archaludon|Dragon Pulse|p2a: Incineroar\n|-damage|p2a: Incineroar|67/100 slp\n|cant|p2a: Incineroar|slp\n|\n|-weather|SunnyDay|[upkeep]\n|upkeep\n|turn|4\n|\n|t:|1788451190\n|move|p2b: Sinistcha|Rage Powder|p2b: Sinistcha\n|-singleturn|p2b: Sinistcha|move: Rage Powder\n|move|p1b: Venusaur|Sludge Bomb|p2b: Sinistcha\n|-damage|p2b: Sinistcha|41/100\n|move|p1a: Archaludon|Dragon Pulse|p2b: Sinistcha\n|-damage|p2b: Sinistcha|2/100\n|-curestatus|p2a: Incineroar|slp|[msg]\n|move|p2a: Incineroar|Flare Blitz|p1b: Venusaur\n|-supereffective|p1b: Venusaur|1\n|-damage|p1b: Venusaur|0 fnt\n|faint|p1b: Venusaur\n|-damage|p2a: Incineroar|45/100|[from] Recoil\n|-enditem|p2a: Incineroar|Sitrus Berry|[eat]\n|-heal|p2a: Incineroar|70/100|[from] item: Sitrus Berry\n|\n|-weather|SunnyDay|[upkeep]\n|upkeep\n|\n|t:|1788451202\n|switch|p1b: Grimmsnarl|Grimmsnarl, L50, M|100/100\n|turn|5\n|\n|t:|1788451223\n|switch|p2b: Sneasler|Sneasler, L50, F|100/100\n|move|p1b: Grimmsnarl|Light Screen|p1b: Grimmsnarl\n|-sidestart|p1: aadrisntggggg|move: Light Screen\n|move|p1a: Archaludon|Dragon Pulse|p2b: Sneasler\n|-damage|p2b: Sneasler|46/100\n|move|p2a: Incineroar|Parting Shot|p1a: Archaludon\n|-unboost|p1a: Archaludon|atk|1\n|-unboost|p1a: Archaludon|spa|1\n|\n|t:|1788451236\n|switch|p2a: Blastoise|Blastoise-Mega, L50, F|62/100|[from] Parting Shot\n|\n|-weather|none\n|upkeep\n|turn|6\n|inactive|aadrisntggggg has 30 seconds left.\n|inactive|Bananin4 has 30 seconds left.\n|inactive|Bananin4 has 20 seconds left.\n|inactive|Bananin4 has 15 seconds left.\n|inactive|aadrisntggggg has 20 seconds left.\n|\n|t:|1788451281\n|move|p2a: Blastoise|Protect|p2a: Blastoise\n|-singleturn|p2a: Blastoise|Protect\n|move|p2b: Sneasler|Poison Jab|p1b: Grimmsnarl\n|-supereffective|p1b: Grimmsnarl|1\n|-damage|p1b: Grimmsnarl|12/100\n|move|p1a: Archaludon|Dragon Pulse|p2a: Blastoise\n|-activate|p2a: Blastoise|move: Protect\n|move|p1b: Grimmsnarl|Spirit Break|p2a: Blastoise\n|-activate|p2a: Blastoise|move: Protect\n|\n|upkeep\n|turn|7\n|inactive|Bananin4 has 30 seconds left.\n|\n|t:|1788451308\n|switch|p2a: Incineroar|Incineroar, L50, F, shiny|70/100\n|-ability|p2a: Incineroar|Intimidate|boost\n|-unboost|p1a: Archaludon|atk|1\n|-unboost|p1b: Grimmsnarl|atk|1\n|move|p1b: Grimmsnarl|Parting Shot|p2a: Incineroar\n|-hint|Since gen 7, Dark is immune to Prankster moves.\n|-immune|p2a: Incineroar\n|move|p2b: Sneasler|Poison Jab|p1b: Grimmsnarl\n|-supereffective|p1b: Grimmsnarl|1\n|-damage|p1b: Grimmsnarl|0 fnt\n|faint|p1b: Grimmsnarl\n|move|p1a: Archaludon|Dragon Pulse|p2a: Incineroar\n|-damage|p2a: Incineroar|51/100\n|\n|upkeep\n|\n|t:|1788451316\n|switch|p1b: Charizard|Charizard-Mega-Y, L50, F|64/100\n|-weather|SunnyDay|[from] ability: Drought|[of] p1b: Charizard\n|turn|8\n|\n|t:|1788451327\n|move|p1b: Charizard|Protect|p1b: Charizard\n|-singleturn|p1b: Charizard|Protect\n|move|p2a: Incineroar|Fake Out|p1b: Charizard\n|-activate|p1b: Charizard|move: Protect\n|move|p2b: Sneasler|Close Combat|p1a: Archaludon\n|-supereffective|p1a: Archaludon|1\n|-damage|p1a: Archaludon|4/100\n|-unboost|p2b: Sneasler|def|1\n|-unboost|p2b: Sneasler|spd|1\n|-ability|p1a: Archaludon|Stamina|boost\n|-boost|p1a: Archaludon|def|1\n|move|p1a: Archaludon|Dragon Pulse|p2b: Sneasler\n|-damage|p2b: Sneasler|0 fnt\n|faint|p2b: Sneasler\n|\n|-weather|SunnyDay|[upkeep]\n|-heal|p1a: Archaludon|10/100|[from] item: Leftovers\n|upkeep\n|\n|t:|1788451344\n|switch|p2b: Blastoise|Blastoise-Mega, L50, F|62/100\n|turn|9\n|\n|t:|1788451360\n|switch|p2a: Sinistcha|Sinistcha, L50|2/100\n|-heal|p2b: Blastoise|87/100|[from] ability: Hospitality|[of] p2a: Sinistcha\n|move|p2b: Blastoise|Protect|p2b: Blastoise\n|-singleturn|p2b: Blastoise|Protect\n|move|p1b: Charizard|Weather Ball|p2a: Sinistcha\n|-supereffective|p2a: Sinistcha|1\n|-damage|p2a: Sinistcha|0 fnt\n|faint|p2a: Sinistcha\n|move|p1a: Archaludon|Dragon Pulse|p2b: Blastoise\n|-activate|p2b: Blastoise|move: Protect\n|\n|-weather|SunnyDay|[upkeep]\n|-heal|p1a: Archaludon|16/100|[from] item: Leftovers\n|upkeep\n|\n|t:|1788451374\n|switch|p2a: Incineroar|Incineroar, L50, F, shiny|51/100\n|-ability|p2a: Incineroar|Intimidate|boost\n|-unboost|p1a: Archaludon|atk|1\n|-unboost|p1b: Charizard|atk|1\n|turn|10\n|inactive|aadrisntggggg has 30 seconds left.\n|\n|t:|1788451405\n|move|p2a: Incineroar|Fake Out|p1b: Charizard\n|-damage|p1b: Charizard|54/100\n|cant|p1b: Charizard|flinch\n|move|p1a: Archaludon|Dragon Pulse|p2b: Blastoise\n|-damage|p2b: Blastoise|67/100\n|move|p2b: Blastoise|Water Spout|p1b: Charizard|[spread] p1a,p1b\n|-resisted|p1a: Archaludon|1\n|-supereffective|p1b: Charizard|1\n|-damage|p1a: Archaludon|10/100\n|-damage|p1b: Charizard|31/100\n|-ability|p1a: Archaludon|Stamina|boost\n|-boost|p1a: Archaludon|def|1\n|\n|-weather|SunnyDay|[upkeep]\n|-heal|p1a: Archaludon|16/100|[from] item: Leftovers\n|upkeep\n|turn|11\n|inactive|Bananin4 has 30 seconds left.\n|\n|t:|1788451434\n|move|p1b: Charizard|Weather Ball|p2b: Blastoise\n|-resisted|p2b: Blastoise|1\n|-damage|p2b: Blastoise|27/100\n|move|p1a: Archaludon|Dragon Pulse|p2a: Incineroar\n|-damage|p2a: Incineroar|30/100\n|move|p2b: Blastoise|Dark Pulse|p1b: Charizard\n|-damage|p1b: Charizard|1/100\n|move|p2a: Incineroar|Flare Blitz|p1a: Archaludon\n|-damage|p1a: Archaludon|0 fnt\n|faint|p1a: Archaludon\n|-damage|p2a: Incineroar|24/100|[from] Recoil\n|\n|-weather|SunnyDay|[upkeep]\n|upkeep\n|turn|12\n|\n|t:|1788451450\n|move|p1b: Charizard|Heat Wave|p2b: Blastoise|[spread] p2a,p2b\n|-resisted|p2a: Incineroar|1\n|-resisted|p2b: Blastoise|1\n|-damage|p2a: Incineroar|2/100\n|-damage|p2b: Blastoise|1/100\n|move|p2b: Blastoise|Dark Pulse|p1b: Charizard\n|-damage|p1b: Charizard|0 fnt\n|faint|p1b: Charizard\n|\n|win|Bananin4\n","uploadtime":1788451450,"views":"0","formatid":"gen9championsvgc2026regmbbo3","rating":null,"private":0,"password":null}