{"id":"gen9championsvgc2026regmb-2673882842","format":"[Gen 9 Champions] VGC 2026 Reg M-B","players":["notbloodmask","MasterOogway19"],"log":"|j|☆notbloodmask\n|j|☆MasterOogway19\n|t:|1788272672\n|gametype|doubles\n|player|p1|notbloodmask|unknown|1119\n|player|p2|MasterOogway19|266|1040\n|gen|9\n|tier|[Gen 9 Champions] VGC 2026 Reg M-B\n|rated|\n|rule|Species Clause: Limit one of each Pokémon\n|rule|Item Clause: Limit 1 of each item\n|clearpoke\n|poke|p1|Absol, L50, M|\n|poke|p1|Rotom-Wash, L50|\n|poke|p1|Garchomp, L50, F|\n|poke|p1|Incineroar, L50, M|\n|poke|p1|Sinistcha, L50|\n|poke|p1|Venusaur, L50, F|\n|poke|p2|Garchomp, L50, M, shiny|\n|poke|p2|Arcanine-Hisui, L50, F, shiny|\n|poke|p2|Froslass, L50, F, shiny|\n|poke|p2|Corviknight, L50, M, shiny|\n|poke|p2|Samurott-Hisui, L50, M, shiny|\n|poke|p2|Tyranitar, L50, M|\n|teampreview|4\n|\n|t:|1788272699\n|teamsize|p1|4\n|teamsize|p2|4\n|start\n|switch|p1a: Absol|Absol, L50, M|100/100\n|switch|p1b: Rotom|Rotom-Wash, L50|100/100\n|switch|p2a: Corviknight|Corviknight, L50, M, shiny|100/100\n|switch|p2b: Tyranitar|Tyranitar, L50, M|100/100\n|-ability|p1a: Absol|Pressure\n|-weather|Sandstorm|[from] ability: Sand Stream|[of] p2b: Tyranitar\n|turn|1\n|\n|t:|1788272717\n|detailschange|p1a: Absol|Absol-Mega, L50, M\n|-mega|p1a: Absol|Absol|Absolite\n|move|p2b: Tyranitar|Protect|p2b: Tyranitar\n|-singleturn|p2b: Tyranitar|Protect\n|move|p1a: Absol|Close Combat|p2b: Tyranitar\n|-activate|p2b: Tyranitar|move: Protect\n|move|p1b: Rotom|Thunderbolt|p2a: Corviknight\n|-supereffective|p2a: Corviknight|1\n|-damage|p2a: Corviknight|20/100r\n|move|p2a: Corviknight|Tailwind|p2a: Corviknight\n|-sidestart|p2: MasterOogway19|move: Tailwind\n|\n|-weather|Sandstorm|[upkeep]\n|-damage|p1a: Absol|94/100|[from] Sandstorm\n|-damage|p1b: Rotom|93/100|[from] Sandstorm\n|-heal|p2a: Corviknight|25/100|[from] item: Leftovers\n|upkeep\n|turn|2\n|\n|t:|1788272745\n|switch|p1a: Garchomp|Garchomp, L50, F|100/100\n|move|p2a: Corviknight|Protect|p2a: Corviknight\n|-singleturn|p2a: Corviknight|Protect\n|move|p2b: Tyranitar|Rock Slide|p1a: Garchomp|[spread] p1a,p1b\n|-resisted|p1a: Garchomp|1\n|-crit|p1a: Garchomp\n|-damage|p1a: Garchomp|78/100\n|-damage|p1b: Rotom|54/100\n|move|p1b: Rotom|Hydro Pump|p2b: Tyranitar\n|-supereffective|p2b: Tyranitar|1\n|-damage|p2b: Tyranitar|25/100\n|\n|-weather|Sandstorm|[upkeep]\n|-damage|p1b: Rotom|48/100|[from] Sandstorm\n|-enditem|p1b: Rotom|Sitrus Berry|[eat]\n|-heal|p1b: Rotom|73/100|[from] item: Sitrus Berry\n|-heal|p2a: Corviknight|31/100|[from] item: Leftovers\n|upkeep\n|turn|3\n|\n|t:|1788272781\n|move|p2a: Corviknight|Brave Bird|p1a: Garchomp\n|-damage|p1a: Garchomp|28/100\n|-damage|p2a: Corviknight|19/100|[from] ability: Rough Skin|[of] p1a: Garchomp\n|-damage|p2a: Corviknight|3/100|[from] Recoil\n|move|p1a: Garchomp|Rock Slide|p2b: Tyranitar|[spread] p2a,p2b\n|-damage|p2a: Corviknight|0 fnt\n|-damage|p2b: Tyranitar|6/100\n|faint|p2a: Corviknight\n|-damage|p1a: Garchomp|18/100|[from] item: Life Orb\n|move|p2b: Tyranitar|Low Kick|p1b: Rotom\n|-crit|p1b: Rotom\n|-damage|p1b: Rotom|60/100\n|move|p1b: Rotom|Thunderbolt|p2b: Tyranitar\n|-damage|p2b: Tyranitar|0 fnt\n|faint|p2b: Tyranitar\n|\n|-weather|Sandstorm|[upkeep]\n|-damage|p1b: Rotom|53/100|[from] Sandstorm\n|upkeep\n|\n|t:|1788272799\n|switch|p2a: Samurott|Samurott-Hisui, L50, M, shiny|100/100\n|switch|p2b: Arcanine|Arcanine-Hisui, L50, F, shiny|100/100\n|turn|4\n|\n|t:|1788272814\n|switch|p1b: Sinistcha|Sinistcha, L50|100/100\n|-heal|p1a: Garchomp|43/100|[from] ability: Hospitality|[of] p1b: Sinistcha\n|move|p1a: Garchomp|Protect|p1a: Garchomp\n|-singleturn|p1a: Garchomp|Protect\n|move|p2b: Arcanine|Extreme Speed|p1a: Garchomp\n|-activate|p1a: Garchomp|move: Protect\n|move|p2a: Samurott|Sacred Sword|p1b: Sinistcha\n|-immune|p1b: Sinistcha\n|\n|-weather|Sandstorm|[upkeep]\n|-damage|p2a: Samurott|94/100|[from] Sandstorm\n|-damage|p1b: Sinistcha|94/100|[from] Sandstorm\n|-sideend|p2: MasterOogway19|move: Tailwind\n|upkeep\n|turn|5\n|\n|t:|1788272843\n|move|p1b: Sinistcha|Rage Powder|p1b: Sinistcha\n|-singleturn|p1b: Sinistcha|move: Rage Powder\n|move|p2a: Samurott|Sacred Sword|p1b: Sinistcha\n|-immune|p1b: Sinistcha\n|move|p1a: Garchomp|Earthquake|p2b: Arcanine|[spread] p1b,p2a,p2b\n|-resisted|p1b: Sinistcha|1\n|-supereffective|p2b: Arcanine|2\n|-damage|p1b: Sinistcha|70/100\n|-damage|p2a: Samurott|34/100\n|-enditem|p2b: Arcanine|Focus Sash\n|-damage|p2b: Arcanine|1/100\n|-damage|p1a: Garchomp|33/100|[from] item: Life Orb\n|move|p2b: Arcanine|Flare Blitz|p1b: Sinistcha\n|-supereffective|p1b: Sinistcha|1\n|-damage|p1b: Sinistcha|0 fnt\n|faint|p1b: Sinistcha\n|\n|-weather|none\n|upkeep\n|\n|t:|1788272860\n|switch|p1b: Absol|Absol-Mega, L50, M|94/100\n|turn|6\n|\n|t:|1788272876\n|move|p1b: Absol|Sucker Punch|p2b: Arcanine\n|-damage|p2b: Arcanine|0 fnt\n|faint|p2b: Arcanine\n|move|p2a: Samurott|Sacred Sword|p1b: Absol\n|-supereffective|p1b: Absol|1\n|-damage|p1b: Absol|0 fnt\n|faint|p1b: Absol\n|move|p1a: Garchomp|Rock Slide|p2a: Samurott|[miss]\n|-miss|p1a: Garchomp|p2a: Samurott\n|\n|upkeep\n|\n|t:|1788272885\n|switch|p1b: Rotom|Rotom-Wash, L50|53/100\n|turn|7\n|\n|t:|1788272898\n|move|p2a: Samurott|Sacred Sword|p1b: Rotom\n|-damage|p1b: Rotom|8/100\n|move|p1a: Garchomp|Earthquake|p2a: Samurott|[spread] p2a\n|-immune|p1b: Rotom|[from] ability: Levitate\n|-damage|p2a: Samurott|0 fnt\n|faint|p2a: Samurott\n|-damage|p1a: Garchomp|24/100|[from] item: Life Orb\n|\n|win|notbloodmask\n|raw|notbloodmask's rating: 1119 &rarr; <strong>1138</strong><br />(+19 for winning)\n|raw|MasterOogway19's rating: 1040 &rarr; <strong>1028</strong><br />(-12 for losing)\n|l|☆MasterOogway19\n|player|p2|\n","uploadtime":1788272916,"views":"3","formatid":"gen9championsvgc2026regmb","rating":1028,"private":0,"password":null}