{"id":"gen9championsvgc2026regmb-2674991949","format":"[Gen 9 Champions] VGC 2026 Reg M-B","players":["discomi","troublebubble"],"log":"|j|☆discomi\n|j|☆troublebubble\n|t:|1788446191\n|gametype|doubles\n|player|p1|discomi|101|1522\n|player|p2|troublebubble|265|1601\n|gen|9\n|tier|[Gen 9 Champions] VGC 2026 Reg M-B\n|rated|\n|rule|Species Clause: Limit one of each Pokémon\n|rule|Item Clause: Limit 1 of each item\n|clearpoke\n|poke|p1|Watchog, L50, M, shiny|\n|poke|p1|Gengar, L50, F|\n|poke|p1|Whimsicott, L50, M|\n|poke|p1|Charizard, L50, M|\n|poke|p1|Kommo-o, L50, M|\n|poke|p1|Kingambit, L50, F|\n|poke|p2|Charizard, L50, F|\n|poke|p2|Aerodactyl, L50, M|\n|poke|p2|Garchomp, L50, F|\n|poke|p2|Basculegion, L50, M|\n|poke|p2|Sylveon, L50, M|\n|poke|p2|Kingambit, L50, M|\n|teampreview|4\n|\n|t:|1788446236\n|teamsize|p1|4\n|teamsize|p2|4\n|start\n|switch|p1a: Watchog|Watchog, L50, M, shiny|100/100\n|switch|p1b: Whimsicott|Whimsicott, L50, M|100/100\n|switch|p2a: Garchomp|Garchomp, L50, F|100/100\n|switch|p2b: Aerodactyl|Aerodactyl, L50, M|100/100\n|-ability|p2b: Aerodactyl|Unnerve\n|turn|1\n|inactive|Battle timer is ON: inactive players will automatically lose when time's up. (requested by troublebubble)\n|\n|t:|1788446261\n|detailschange|p2b: Aerodactyl|Aerodactyl-Mega, L50, M\n|-mega|p2b: Aerodactyl|Aerodactyl|Aerodactylite\n|move|p1b: Whimsicott|Protect|p1b: Whimsicott\n|-singleturn|p1b: Whimsicott|Protect\n|move|p2b: Aerodactyl|Dual Wingbeat|p1b: Whimsicott\n|-activate|p1b: Whimsicott|move: Protect\n|move|p1a: Watchog|Thunder Wave|p2b: Aerodactyl\n|-status|p2b: Aerodactyl|par\n|move|p2a: Garchomp|Earthquake|p1a: Watchog|[spread] p1a\n|-activate|p1b: Whimsicott|move: Protect\n|-immune|p2b: Aerodactyl\n|-damage|p1a: Watchog|49/100\n|\n|upkeep\n|turn|2\n|inactive|discomi has 30 seconds left.\n|\n|t:|1788446288\n|switch|p1a: Kommo-o|Kommo-o, L50, M|100/100\n|move|p1b: Whimsicott|Moonblast|p2a: Garchomp\n|-supereffective|p2a: Garchomp|1\n|-damage|p2a: Garchomp|27/100\n|-enditem|p2a: Garchomp|Sitrus Berry|[eat]\n|-heal|p2a: Garchomp|52/100|[from] item: Sitrus Berry\n|move|p2a: Garchomp|Earthquake|p1a: Kommo-o|[spread] p1a,p1b\n|-immune|p2b: Aerodactyl\n|-resisted|p1b: Whimsicott|1\n|-damage|p1a: Kommo-o|61/100\n|-damage|p1b: Whimsicott|72/100\n|cant|p2b: Aerodactyl|par\n|\n|upkeep\n|turn|3\n|\n|t:|1788446310\n|move|p2a: Garchomp|Protect|p2a: Garchomp\n|-singleturn|p2a: Garchomp|Protect\n|move|p1b: Whimsicott|Moonblast|p2b: Aerodactyl\n|-damage|p2b: Aerodactyl|54/100 par\n|move|p1a: Kommo-o|Clanging Scales|p2b: Aerodactyl|[spread] p2b\n|-activate|p2a: Garchomp|move: Protect\n|-damage|p2b: Aerodactyl|0 fnt\n|faint|p2b: Aerodactyl\n|-unboost|p1a: Kommo-o|def|1\n|-damage|p1a: Kommo-o|51/100|[from] item: Life Orb\n|\n|upkeep\n|\n|t:|1788446315\n|switch|p2b: Basculegion|Basculegion, L50, M|100/100\n|turn|4\n|\n|t:|1788446337\n|move|p1b: Whimsicott|Tailwind|p1b: Whimsicott\n|-sidestart|p1: discomi|move: Tailwind\n|move|p1a: Kommo-o|Clanging Scales|p2b: Basculegion|[spread] p2a,p2b\n|-supereffective|p2a: Garchomp|1\n|-damage|p2a: Garchomp|0 fnt\n|-damage|p2b: Basculegion|44/100\n|faint|p2a: Garchomp\n|-unboost|p1a: Kommo-o|def|1\n|-damage|p1a: Kommo-o|41/100|[from] item: Life Orb\n|move|p2b: Basculegion|Last Respects|p1a: Kommo-o\n|-damage|p1a: Kommo-o|0 fnt\n|faint|p1a: Kommo-o\n|\n|upkeep\n|\n|t:|1788446353\n|switch|p2a: Kingambit|Kingambit, L50, M|100/100\n|switch|p1a: Watchog|Watchog, L50, M, shiny|49/100\n|turn|5\n|\n|t:|1788446367\n|move|p2b: Basculegion|Protect|p2b: Basculegion\n|-singleturn|p2b: Basculegion|Protect\n|move|p1a: Watchog|Crunch|p2b: Basculegion\n|-activate|p2b: Basculegion|move: Protect\n|move|p1b: Whimsicott|Moonblast|p2b: Basculegion\n|-activate|p2b: Basculegion|move: Protect\n|move|p2a: Kingambit|Iron Head|p1b: Whimsicott\n|-supereffective|p1b: Whimsicott|1\n|-damage|p1b: Whimsicott|0 fnt\n|faint|p1b: Whimsicott\n|\n|upkeep\n|\n|t:|1788446380\n|switch|p1b: Charizard|Charizard, L50, M|100/100\n|turn|6\n|\n|t:|1788446398\n|detailschange|p1b: Charizard|Charizard-Mega-Y, L50, M\n|-mega|p1b: Charizard|Charizard|Charizardite Y\n|-weather|SunnyDay|[from] ability: Drought|[of] p1b: Charizard\n|move|p2a: Kingambit|Sucker Punch|p1b: Charizard\n|-damage|p1b: Charizard|50/100g\n|move|p1a: Watchog|Crunch|p2b: Basculegion\n|-supereffective|p2b: Basculegion|1\n|-damage|p2b: Basculegion|4/100\n|move|p1b: Charizard|Weather Ball|p2b: Basculegion\n|-resisted|p2b: Basculegion|1\n|-damage|p2b: Basculegion|0 fnt\n|faint|p2b: Basculegion\n|\n|-weather|SunnyDay|[upkeep]\n|upkeep\n|turn|7\n|\n|t:|1788446417\n|move|p1a: Watchog|Crunch|p2a: Kingambit\n|-resisted|p2a: Kingambit|1\n|-damage|p2a: Kingambit|94/100\n|move|p1b: Charizard|Weather Ball|p2a: Kingambit\n|-supereffective|p2a: Kingambit|1\n|-damage|p2a: Kingambit|0 fnt\n|faint|p2a: Kingambit\n|\n|win|discomi\n|raw|discomi's rating: 1522 &rarr; <strong>1546</strong><br />(+24 for winning)\n|raw|troublebubble's rating: 1601 &rarr; <strong>1577</strong><br />(-24 for losing)\n|l|☆troublebubble\n|player|p2|\n","uploadtime":1788446428,"views":"0","formatid":"gen9championsvgc2026regmb","rating":1546,"private":0,"password":null}