{"id":"gen9championsvgc2026regmbbo3-2673879131","format":"[Gen 9 Champions] VGC 2026 Reg M-B (Bo3)","players":["Garmas","javivaarela"],"log":"|j|☆Garmas\n|j|☆javivaarela\n|html|<table width=\"100%\"><tr><td align=\"left\">Garmas</td><td align=\"right\">javivaarela</tr><tr><td align=\"left\"><i class=\"fa fa-circle-o\"></i> <i class=\"fa fa-circle-o\"></i> </td><td align=\"right\"><i class=\"fa fa-circle-o\"></i> <i class=\"fa fa-circle-o\"></i> </tr></table>\n|uhtml|bestof|<h2><strong>Game 1</strong> of <a href=\"/game-bestof3-gen9championsvgc2026regmbbo3-2673879130\">a best-of-3</a></h2>\n|t:|1788272216\n|gametype|doubles\n|player|p1|Garmas|ethan|1351\n|player|p2|javivaarela|102|1405\n|gen|9\n|tier|[Gen 9 Champions] VGC 2026 Reg M-B (Bo3)\n|rated|\n|rule|Species Clause: Limit one of each Pokémon\n|rule|Item Clause: Limit 1 of each item\n|clearpoke\n|poke|p1|Sinistcha, L50|\n|poke|p1|Incineroar, L50, M|\n|poke|p1|Garchomp, L50, F|\n|poke|p1|Delphox, L50, F|\n|poke|p1|Floette-Eternal, L50, F|\n|poke|p1|Maushold, L50|\n|poke|p2|Staraptor, L50, F, shiny|\n|poke|p2|Arcanine-Hisui, L50, F, shiny|\n|poke|p2|Kingambit, L50, F, shiny|\n|poke|p2|Sylveon, L50, F, shiny|\n|poke|p2|Raichu, L50, F, shiny|\n|poke|p2|Farigiraf, L50, M, shiny|\n|teampreview|4\n|showteam|p1|Sinistcha||KasibBerry|Hospitality|MatchaGotcha,RagePowder,LifeDew,Protect|Relaxed|||||50|]Incineroar||SitrusBerry|Intimidate|FlareBlitz,ThroatChop,FakeOut,PartingShot|Careful||M|||50|]Garchomp||LifeOrb|RoughSkin|Earthquake,RockSlide,DragonClaw,Protect|Jolly||F|||50|]Delphox||Delphoxite|Blaze|HeatWave,Psychic,NastyPlot,Protect|Timid||F|||50|]Floette-Eternal||Floettite|FlowerVeil|DrainingKiss,CalmMind,Protect,Moonblast|Modest||F|||50|]Maushold||ChopleBerry|FriendGuard|Protect,Taunt,FollowMe,Feint|Bold|||||50|\n|showteam|p2|Staraptor||Staraptite|Intimidate|DualWingbeat,CloseCombat,Tailwind,Protect|Jolly||F|||50|]Arcanine-Hisui||FocusSash|RockHead|FlareBlitz,HeadSmash,ExtremeSpeed,Protect|Jolly||F|||50|]Kingambit||LifeOrb|Defiant|KowtowCleave,SuckerPunch,SwordsDance,Protect|Adamant||F|||50|]Sylveon||FairyFeather|Pixilate|HyperVoice,HyperBeam,QuickAttack,Detect|Modest||F|||50|]Raichu||RaichuniteY|LightningRod|ZapCannon,FocusBlast,FakeOut,Protect|Timid||F|||50|]Farigiraf||SitrusBerry|ArmorTail|Psychic,HelpingHand,TrickRoom,Protect|Calm||M|||50|\n|inactive|Battle timer is ON: inactive players will automatically lose when time's up. (requested by Garmas)\n|\n|t:|1788272261\n|teamsize|p1|4\n|teamsize|p2|4\n|start\n|switch|p1a: Garchomp|Garchomp, L50, F|100/100\n|switch|p1b: Delphox|Delphox, L50, F|100/100\n|switch|p2a: Flower Man|Staraptor, L50, F, shiny|100/100\n|switch|p2b: Sadie Sink|Sylveon, L50, F, shiny|100/100\n|-ability|p2a: Flower Man|Intimidate|boost\n|-unboost|p1a: Garchomp|atk|1\n|-unboost|p1b: Delphox|atk|1\n|turn|1\n|\n|t:|1788272281\n|detailschange|p1b: Delphox|Delphox-Mega, L50, F\n|-mega|p1b: Delphox|Delphox|Delphoxite\n|move|p1b: Delphox|Nasty Plot|p1b: Delphox\n|-boost|p1b: Delphox|spa|2\n|move|p2a: Flower Man|Tailwind|p2a: Flower Man\n|-sidestart|p2: javivaarela|move: Tailwind\n|move|p2b: Sadie Sink|Hyper Voice|p1b: Delphox|[spread] p1a,p1b\n|-supereffective|p1a: Garchomp|1\n|-crit|p1a: Garchomp\n|-resisted|p1b: Delphox|1\n|-damage|p1a: Garchomp|0 fnt\n|-damage|p1b: Delphox|80/100\n|faint|p1a: Garchomp\n|\n|upkeep\n|\n|t:|1788272292\n|switch|p1a: Maushold|Maushold, L50|100/100\n|turn|2\n|\n|t:|1788272304\n|switch|p1a: Sinistcha|Sinistcha, L50|100/100\n|-heal|p1b: Delphox|100/100|[from] ability: Hospitality|[of] p1a: Sinistcha\n|detailschange|p2a: Flower Man|Staraptor-Mega, L50, F, shiny\n|-mega|p2a: Flower Man|Staraptor|Staraptite\n|move|p2a: Flower Man|Close Combat|p1b: Delphox\n|-resisted|p1b: Delphox|1\n|-damage|p1b: Delphox|62/100\n|-boost|p2a: Flower Man|def|1\n|-boost|p2a: Flower Man|spd|1\n|move|p1b: Delphox|Heat Wave|p2a: Flower Man|[spread] p2a,p2b\n|-damage|p2a: Flower Man|40/100\n|-damage|p2b: Sadie Sink|37/100\n|-status|p2a: Flower Man|brn\n|move|p2b: Sadie Sink|Hyper Voice|p1a: Sinistcha|[spread] p1a,p1b\n|-resisted|p1b: Delphox|1\n|-damage|p1a: Sinistcha|51/100\n|-damage|p1b: Delphox|40/100\n|\n|-damage|p2a: Flower Man|34/100 brn|[from] brn\n|upkeep\n|turn|3\n|\n|t:|1788272322\n|move|p2a: Flower Man|Dual Wingbeat|p1a: Sinistcha\n|-supereffective|p1a: Sinistcha|1\n|-damage|p1a: Sinistcha|35/100\n|-supereffective|p1a: Sinistcha|1\n|-damage|p1a: Sinistcha|20/100y\n|-hitcount|p1a: Sinistcha|2\n|move|p1b: Delphox|Heat Wave|p2a: Flower Man|[spread] p2a,p2b\n|-damage|p2a: Flower Man|0 fnt\n|-damage|p2b: Sadie Sink|0 fnt\n|faint|p2a: Flower Man\n|faint|p2b: Sadie Sink\n|move|p1a: Sinistcha|Life Dew|p1a: Sinistcha|[spread] p1a,p1b\n|-heal|p1a: Sinistcha|45/100\n|-heal|p1b: Delphox|65/100\n|\n|upkeep\n|\n|t:|1788272329\n|switch|p2a: WrathofKhan|Kingambit, L50, F, shiny|100/100\n|switch|p2b: Fridge|Farigiraf, L50, M, shiny|100/100\n|turn|4\n|\n|t:|1788272352\n|move|p2a: WrathofKhan|Protect|p2a: WrathofKhan\n|-singleturn|p2a: WrathofKhan|Protect\n|move|p1a: Sinistcha|Rage Powder|p1a: Sinistcha\n|-singleturn|p1a: Sinistcha|move: Rage Powder\n|move|p1b: Delphox|Heat Wave|p2a: WrathofKhan|[spread] p2b\n|-activate|p2a: WrathofKhan|move: Protect\n|-damage|p2b: Fridge|35/100\n|-enditem|p2b: Fridge|Sitrus Berry|[eat]\n|-heal|p2b: Fridge|60/100|[from] item: Sitrus Berry\n|move|p2b: Fridge|Trick Room|p2b: Fridge\n|-fieldstart|move: Trick Room|[of] p2b: Fridge\n|\n|-sideend|p2: javivaarela|move: Tailwind\n|upkeep\n|turn|5\n|\n|t:|1788272371\n|move|p2a: WrathofKhan|Protect||[still]\n|-fail|p2a: WrathofKhan\n|move|p1a: Sinistcha|Rage Powder|p1a: Sinistcha\n|-singleturn|p1a: Sinistcha|move: Rage Powder\n|move|p2b: Fridge|Psychic|p1a: Sinistcha\n|-damage|p1a: Sinistcha|9/100\n|move|p1b: Delphox|Heat Wave|p2b: Fridge|[spread] p2a,p2b\n|-supereffective|p2a: WrathofKhan|1\n|-damage|p2a: WrathofKhan|0 fnt\n|-damage|p2b: Fridge|2/100\n|faint|p2a: WrathofKhan\n|\n|upkeep\n|turn|6\n|-message|javivaarela forfeited.\n|\n|win|Garmas\n","uploadtime":1788272378,"views":"0","formatid":"gen9championsvgc2026regmbbo3","rating":null,"private":0,"password":null}