{"id":"gen9championsvgc2026regmb-2674934051","format":"[Gen 9 Champions] VGC 2026 Reg M-B","players":["Etherealkarma21","GhostOW23"],"log":"|j|☆Etherealkarma21\n|j|☆GhostOW23\n|t:|1788438385\n|gametype|doubles\n|player|p1|Etherealkarma21|pokekid|1155\n|player|p2|GhostOW23|dawn|1249\n|gen|9\n|tier|[Gen 9 Champions] VGC 2026 Reg M-B\n|rated|\n|rule|Species Clause: Limit one of each Pokémon\n|rule|Item Clause: Limit 1 of each item\n|clearpoke\n|poke|p1|Mawile, L50, F, shiny|\n|poke|p1|Farigiraf, L50, F|\n|poke|p1|Torkoal, L50, M|\n|poke|p1|Incineroar, L50, M|\n|poke|p1|Golurk, L50|\n|poke|p1|Primarina, L50, M|\n|poke|p2|Dedenne, L50, F|\n|poke|p2|Staraptor, L50, F|\n|poke|p2|Toxapex, L50, F|\n|poke|p2|Sinistcha, L50|\n|poke|p2|Incineroar, L50, F|\n|poke|p2|Sylveon, L50, M|\n|teampreview|4\n|inactive|Battle timer is ON: inactive players will automatically lose when time's up. (requested by Etherealkarma21)\n|\n|t:|1788438400\n|teamsize|p1|4\n|teamsize|p2|4\n|start\n|switch|p1a: Melman|Farigiraf, L50, F|100/100\n|switch|p1b: The Goat|Incineroar, L50, M|100/100\n|switch|p2a: Toxapex|Toxapex, L50, F|100/100\n|switch|p2b: Staraptor|Staraptor, L50, F|100/100\n|-ability|p2b: Staraptor|Intimidate|boost\n|-unboost|p1a: Melman|atk|1\n|-unboost|p1b: The Goat|atk|1\n|-ability|p1b: The Goat|Intimidate|boost\n|-unboost|p2a: Toxapex|atk|1\n|-unboost|p2b: Staraptor|atk|1\n|turn|1\n|inactive|GhostOW23 has 30 seconds left.\n|\n|t:|1788438427\n|switch|p2b: Incineroar|Incineroar, L50, F|100/100\n|-ability|p2b: Incineroar|Intimidate|boost\n|-unboost|p1a: Melman|atk|1\n|-unboost|p1b: The Goat|atk|1\n|move|p1b: The Goat|Fake Out|p2a: Toxapex\n|-damage|p2a: Toxapex|94/100\n|cant|p2a: Toxapex|flinch\n|move|p1a: Melman|Trick Room|p1a: Melman\n|-fieldstart|move: Trick Room|[of] p1a: Melman\n|\n|-heal|p2a: Toxapex|100/100|[from] item: Leftovers\n|upkeep\n|turn|2\n|\n|t:|1788438449\n|move|p2a: Toxapex|Infestation|p1a: Melman\n|-supereffective|p1a: Melman|1\n|-damage|p1a: Melman|95/100\n|-activate|p1a: Melman|move: Infestation|[of] p2a: Toxapex\n|move|p1a: Melman|Psychic|p2a: Toxapex\n|-supereffective|p2a: Toxapex|1\n|-damage|p2a: Toxapex|44/100\n|-unboost|p2a: Toxapex|spd|1\n|move|p1b: The Goat|Parting Shot|p2b: Incineroar\n|-unboost|p2b: Incineroar|atk|1\n|-unboost|p2b: Incineroar|spa|1\n|\n|t:|1788438462\n|switch|p1b: Golurk|Golurk, L50|100/100|[from] Parting Shot\n|move|p2b: Incineroar|Parting Shot|p1a: Melman\n|-unboost|p1a: Melman|atk|1\n|-unboost|p1a: Melman|spa|1\n|\n|t:|1788438468\n|switch|p2b: Sinistcha|Sinistcha, L50|100/100|[from] Parting Shot\n|-heal|p2a: Toxapex|69/100|[from] ability: Hospitality|[of] p2b: Sinistcha\n|\n|-heal|p2a: Toxapex|75/100|[from] item: Leftovers\n|-damage|p1a: Melman|83/100|[from] move: Infestation|[partiallytrapped]\n|upkeep\n|turn|3\n|\n|t:|1788438478\n|detailschange|p1b: Golurk|Golurk-Mega, L50\n|-mega|p1b: Golurk|Golurk|Golurkite\n|move|p1a: Melman|Helping Hand|p1b: Golurk\n|-singleturn|p1b: Golurk|Helping Hand|[of] p1a: Melman\n|move|p2a: Toxapex|Toxic|p1a: Melman\n|-status|p1a: Melman|tox\n|move|p1b: Golurk|Poltergeist|p2b: Sinistcha\n|-activate|p2b: Sinistcha|move: Poltergeist|Occa Berry\n|-supereffective|p2b: Sinistcha|1\n|-damage|p2b: Sinistcha|0 fnt\n|faint|p2b: Sinistcha\n|\n|-heal|p2a: Toxapex|81/100|[from] item: Leftovers\n|-damage|p1a: Melman|77/100 tox|[from] psn\n|-damage|p1a: Melman|64/100 tox|[from] move: Infestation|[partiallytrapped]\n|upkeep\n|\n|t:|1788438492\n|switch|p2b: Incineroar|Incineroar, L50, F|100/100\n|-ability|p2b: Incineroar|Intimidate|boost\n|-unboost|p1a: Melman|atk|1\n|-unboost|p1b: Golurk|atk|1\n|turn|4\n|\n|t:|1788438506\n|-heal|p2a: Toxapex|100/100|[from] ability: Regenerator|[silent]\n|switch|p2a: Staraptor|Staraptor, L50, F|100/100\n|-ability|p2a: Staraptor|Intimidate|boost\n|-unboost|p1a: Melman|atk|1\n|-unboost|p1b: Golurk|atk|1\n|switch|p1b: The Goat|Incineroar, L50, M|100/100\n|-ability|p1b: The Goat|Intimidate|boost\n|-unboost|p2a: Staraptor|atk|1\n|-unboost|p2b: Incineroar|atk|1\n|move|p1a: Melman|Psychic|p2a: Staraptor\n|-damage|p2a: Staraptor|62/100\n|move|p2b: Incineroar|Darkest Lariat|p1a: Melman\n|-supereffective|p1a: Melman|1\n|-damage|p1a: Melman|16/100 tox\n|\n|-damage|p1a: Melman|3/100 tox|[from] psn\n|-end|p1a: Melman|Infestation|[partiallytrapped]|[silent]\n|upkeep\n|turn|5\n|\n|t:|1788438529\n|move|p2a: Staraptor|Protect|p2a: Staraptor\n|-singleturn|p2a: Staraptor|Protect\n|move|p1b: The Goat|Fake Out|p2a: Staraptor\n|-activate|p2a: Staraptor|move: Protect\n|move|p1a: Melman|Psychic|p2a: Staraptor\n|-activate|p2a: Staraptor|move: Protect\n|move|p2b: Incineroar|Parting Shot|p1a: Melman\n|-unboost|p1a: Melman|atk|1\n|-unboost|p1a: Melman|spa|1\n|\n|t:|1788438535\n|switch|p2b: Toxapex|Toxapex, L50, F|100/100|[from] Parting Shot\n|\n|-damage|p1a: Melman|0 fnt|[from] psn\n|faint|p1a: Melman\n|-fieldend|move: Trick Room\n|upkeep\n|\n|t:|1788438545\n|switch|p1a: Golurk|Golurk-Mega, L50|100/100\n|turn|6\n|\n|t:|1788438552\n|switch|p2a: Incineroar|Incineroar, L50, F|100/100\n|-ability|p2a: Incineroar|Intimidate|boost\n|-unboost|p1a: Golurk|atk|1\n|-unboost|p1b: The Goat|atk|1\n|move|p2b: Toxapex|Baneful Bunker|p2b: Toxapex\n|-singleturn|p2b: Toxapex|move: Protect\n|move|p1b: The Goat|Parting Shot|p2a: Incineroar\n|-unboost|p2a: Incineroar|atk|1\n|-unboost|p2a: Incineroar|spa|1\n|\n|t:|1788438562\n|switch|p1b: Primarina|Primarina, L50, M|100/100|[from] Parting Shot\n|move|p1a: Golurk|Headlong Rush|p2b: Toxapex\n|-supereffective|p2b: Toxapex|1\n|-ability|p1a: Golurk|Unseen Fist\n|-zbroken|p2b: Toxapex\n|-damage|p2b: Toxapex|82/100\n|-unboost|p1a: Golurk|def|1\n|-unboost|p1a: Golurk|spd|1\n|\n|-heal|p2b: Toxapex|87/100|[from] item: Leftovers\n|upkeep\n|turn|7\n|inactive|Etherealkarma21 has 30 seconds left.\n|\n|t:|1788438587\n|switch|p1a: The Goat|Incineroar, L50, M|100/100\n|-ability|p1a: The Goat|Intimidate|boost\n|-unboost|p2a: Incineroar|atk|1\n|-unboost|p2b: Toxapex|atk|1\n|-heal|p2b: Toxapex|100/100|[from] ability: Regenerator|[silent]\n|switch|p2b: Staraptor|Staraptor, L50, F|62/100\n|-ability|p2b: Staraptor|Intimidate|boost\n|-unboost|p1a: The Goat|atk|1\n|-unboost|p1b: Primarina|atk|1\n|move|p2a: Incineroar|Fake Out|p1b: Primarina\n|-damage|p1b: Primarina|93/100\n|cant|p1b: Primarina|flinch\n|\n|upkeep\n|turn|8\n|\n|t:|1788438601\n|move|p2b: Staraptor|Protect|p2b: Staraptor\n|-singleturn|p2b: Staraptor|Protect\n|move|p1a: The Goat|Fake Out|p2b: Staraptor\n|-activate|p2b: Staraptor|move: Protect\n|move|p2a: Incineroar|Parting Shot|p1b: Primarina\n|-unboost|p1b: Primarina|atk|1\n|-unboost|p1b: Primarina|spa|1\n|\n|t:|1788438607\n|switch|p2a: Toxapex|Toxapex, L50, F|100/100|[from] Parting Shot\n|move|p1b: Primarina|Hyper Voice|p2b: Staraptor|[spread] p2a\n|-activate|p2b: Staraptor|move: Protect\n|-resisted|p2a: Toxapex|1\n|-damage|p2a: Toxapex|93/100\n|\n|-heal|p2a: Toxapex|99/100|[from] item: Leftovers\n|upkeep\n|turn|9\n|\n|t:|1788438625\n|switch|p1b: Golurk|Golurk-Mega, L50|100/100\n|detailschange|p2b: Staraptor|Staraptor-Mega, L50, F\n|-mega|p2b: Staraptor|Staraptor|Staraptite\n|move|p2b: Staraptor|U-turn|p1b: Golurk\n|-resisted|p1b: Golurk|1\n|-damage|p1b: Golurk|89/100\n|\n|t:|1788438627\n|switch|p2b: Incineroar|Incineroar, L50, F|100/100|[from] U-turn\n|-ability|p2b: Incineroar|Intimidate|boost\n|-unboost|p1a: The Goat|atk|1\n|-unboost|p1b: Golurk|atk|1\n|move|p1a: The Goat|Parting Shot|p2b: Incineroar\n|-unboost|p2b: Incineroar|atk|1\n|-unboost|p2b: Incineroar|spa|1\n|\n|t:|1788438636\n|switch|p1a: Primarina|Primarina, L50, M|93/100|[from] Parting Shot\n|move|p2a: Toxapex|Infestation|p1b: Golurk\n|-resisted|p1b: Golurk|1\n|-damage|p1b: Golurk|88/100\n|-activate|p1b: Golurk|move: Infestation|[of] p2a: Toxapex\n|\n|-heal|p2a: Toxapex|100/100|[from] item: Leftovers\n|-damage|p1b: Golurk|76/100|[from] move: Infestation|[partiallytrapped]\n|upkeep\n|turn|10\n|\n|t:|1788438645\n|switch|p1b: The Goat|Incineroar, L50, M|100/100\n|-ability|p1b: The Goat|Intimidate|boost\n|-unboost|p2a: Toxapex|atk|1\n|-unboost|p2b: Incineroar|atk|1\n|move|p2a: Toxapex|Baneful Bunker|p2a: Toxapex\n|-singleturn|p2a: Toxapex|move: Protect\n|move|p2b: Incineroar|Parting Shot|p1b: The Goat\n|-unboost|p1b: The Goat|atk|1\n|-unboost|p1b: The Goat|spa|1\n|\n|t:|1788438651\n|switch|p2b: Staraptor|Staraptor-Mega, L50, F|62/100|[from] Parting Shot\n|move|p1a: Primarina|Dazzling Gleam|p2b: Staraptor|[spread] p2b\n|-activate|p2a: Toxapex|move: Protect\n|-supereffective|p2b: Staraptor|1\n|-damage|p2b: Staraptor|0 fnt\n|faint|p2b: Staraptor\n|\n|upkeep\n|\n|t:|1788438654\n|switch|p2b: Incineroar|Incineroar, L50, F|100/100\n|-ability|p2b: Incineroar|Intimidate|boost\n|-unboost|p1a: Primarina|atk|1\n|-unboost|p1b: The Goat|atk|1\n|turn|11\n|\n|t:|1788438667\n|switch|p1b: Golurk|Golurk-Mega, L50|76/100\n|move|p1a: Primarina|Protect|p1a: Primarina\n|-singleturn|p1a: Primarina|Protect\n|move|p2b: Incineroar|Fake Out|p1b: Golurk\n|-immune|p1b: Golurk\n|move|p2a: Toxapex|Infestation|p1a: Primarina\n|-activate|p1a: Primarina|move: Protect\n|\n|upkeep\n|turn|12\n|\n|t:|1788438681\n|move|p2a: Toxapex|Baneful Bunker|p2a: Toxapex\n|-singleturn|p2a: Toxapex|move: Protect\n|move|p2b: Incineroar|Darkest Lariat|p1b: Golurk\n|-supereffective|p1b: Golurk|1\n|-damage|p1b: Golurk|11/100\n|move|p1a: Primarina|Hyper Voice|p2a: Toxapex|[spread] p2b\n|-activate|p2a: Toxapex|move: Protect\n|-supereffective|p2b: Incineroar|1\n|-damage|p2b: Incineroar|55/100\n|move|p1b: Golurk|Headlong Rush|p2a: Toxapex\n|-supereffective|p2a: Toxapex|1\n|-ability|p1b: Golurk|Unseen Fist\n|-zbroken|p2a: Toxapex\n|-damage|p2a: Toxapex|73/100\n|-unboost|p1b: Golurk|def|1\n|-unboost|p1b: Golurk|spd|1\n|\n|-heal|p2a: Toxapex|79/100|[from] item: Leftovers\n|upkeep\n|turn|13\n|\n|t:|1788438700\n|switch|p1b: The Goat|Incineroar, L50, M|100/100\n|-ability|p1b: The Goat|Intimidate|boost\n|-unboost|p2a: Toxapex|atk|1\n|-unboost|p2b: Incineroar|atk|1\n|move|p2b: Incineroar|Darkest Lariat|p1b: The Goat\n|-resisted|p1b: The Goat|1\n|-damage|p1b: The Goat|88/100\n|move|p1a: Primarina|Hyper Voice|p2b: Incineroar|[spread] p2a,p2b\n|-resisted|p2a: Toxapex|1\n|-supereffective|p2b: Incineroar|1\n|-damage|p2a: Toxapex|69/100\n|-damage|p2b: Incineroar|6/100\n|move|p2a: Toxapex|Toxic|p1a: Primarina\n|-status|p1a: Primarina|tox\n|\n|-heal|p2a: Toxapex|75/100|[from] item: Leftovers\n|-damage|p1a: Primarina|87/100 tox|[from] psn\n|upkeep\n|turn|14\n|\n|t:|1788438724\n|switch|p1a: Golurk|Golurk-Mega, L50|11/100\n|move|p1b: The Goat|Fake Out|p2b: Incineroar\n|-damage|p2b: Incineroar|0 fnt\n|faint|p2b: Incineroar\n|move|p2a: Toxapex|Infestation|p1a: Golurk\n|-resisted|p1a: Golurk|1\n|-damage|p1a: Golurk|10/100\n|-activate|p1a: Golurk|move: Infestation|[of] p2a: Toxapex\n|\n|-heal|p2a: Toxapex|81/100|[from] item: Leftovers\n|-damage|p1a: Golurk|0 fnt|[from] move: Infestation|[partiallytrapped]\n|faint|p1a: Golurk\n|upkeep\n|\n|t:|1788438732\n|switch|p1a: Primarina|Primarina, L50, M|87/100 tox\n|turn|15\n|\n|t:|1788438740\n|move|p1a: Primarina|Helping Hand|p1b: The Goat\n|-singleturn|p1b: The Goat|Helping Hand|[of] p1a: Primarina\n|move|p2a: Toxapex|Baneful Bunker|p2a: Toxapex\n|-singleturn|p2a: Toxapex|move: Protect\n|move|p1b: The Goat|Darkest Lariat|p2a: Toxapex\n|-activate|p2a: Toxapex|move: Protect\n|-status|p1b: The Goat|psn\n|\n|-heal|p2a: Toxapex|87/100|[from] item: Leftovers\n|-damage|p1a: Primarina|81/100 tox|[from] psn\n|-damage|p1b: The Goat|75/100 psn|[from] psn\n|upkeep\n|turn|16\n|\n|t:|1788438757\n|move|p1a: Primarina|Helping Hand|p1b: The Goat\n|-singleturn|p1b: The Goat|Helping Hand|[of] p1a: Primarina\n|move|p1b: The Goat|Darkest Lariat|p2a: Toxapex\n|-damage|p2a: Toxapex|38/100\n|move|p2a: Toxapex|Infestation|p1b: The Goat\n|-damage|p1b: The Goat|72/100 psn\n|-activate|p1b: The Goat|move: Infestation|[of] p2a: Toxapex\n|\n|-heal|p2a: Toxapex|44/100|[from] item: Leftovers\n|-damage|p1a: Primarina|69/100 tox|[from] psn\n|-damage|p1b: The Goat|60/100 psn|[from] psn\n|-damage|p1b: The Goat|48/100 psn|[from] move: Infestation|[partiallytrapped]\n|upkeep\n|turn|17\n|\n|t:|1788438769\n|move|p1a: Primarina|Helping Hand|p1b: The Goat\n|-singleturn|p1b: The Goat|Helping Hand|[of] p1a: Primarina\n|move|p2a: Toxapex|Baneful Bunker|p2a: Toxapex\n|-singleturn|p2a: Toxapex|move: Protect\n|move|p1b: The Goat|Darkest Lariat|p2a: Toxapex\n|-activate|p2a: Toxapex|move: Protect\n|\n|-heal|p2a: Toxapex|50/100y|[from] item: Leftovers\n|-damage|p1a: Primarina|51/100 tox|[from] psn\n|-damage|p1b: The Goat|35/100 psn|[from] psn\n|-damage|p1b: The Goat|23/100 psn|[from] move: Infestation|[partiallytrapped]\n|upkeep\n|turn|18\n|\n|t:|1788438785\n|move|p1a: Primarina|Helping Hand|p1b: The Goat\n|-singleturn|p1b: The Goat|Helping Hand|[of] p1a: Primarina\n|move|p1b: The Goat|Darkest Lariat|p2a: Toxapex\n|-damage|p2a: Toxapex|5/100\n|move|p2a: Toxapex|Infestation|p1a: Primarina\n|-resisted|p1a: Primarina|1\n|-damage|p1a: Primarina|50/100g tox\n|-activate|p1a: Primarina|move: Infestation|[of] p2a: Toxapex\n|\n|-heal|p2a: Toxapex|11/100|[from] item: Leftovers\n|-damage|p1a: Primarina|27/100 tox|[from] psn\n|-damage|p1b: The Goat|10/100 psn|[from] psn\n|-damage|p1a: Primarina|14/100 tox|[from] move: Infestation|[partiallytrapped]\n|-damage|p1b: The Goat|0 fnt|[from] move: Infestation|[partiallytrapped]\n|faint|p1b: The Goat\n|upkeep\n|-enditem|p1a: Primarina|Sitrus Berry|[eat]\n|-heal|p1a: Primarina|39/100 tox|[from] item: Sitrus Berry\n|turn|19\n|\n|t:|1788438798\n|move|p2a: Toxapex|Baneful Bunker|p2a: Toxapex\n|-singleturn|p2a: Toxapex|move: Protect\n|move|p1a: Primarina|Hyper Voice|p2a: Toxapex\n|-activate|p2a: Toxapex|move: Protect\n|\n|-heal|p2a: Toxapex|17/100|[from] item: Leftovers\n|-damage|p1a: Primarina|10/100 tox|[from] psn\n|-damage|p1a: Primarina|0 fnt|[from] move: Infestation|[partiallytrapped]\n|faint|p1a: Primarina\n|\n|win|GhostOW23\n|raw|Etherealkarma21's rating: 1155 &rarr; <strong>1137</strong><br />(-18 for losing)\n|raw|GhostOW23's rating: 1249 &rarr; <strong>1267</strong><br />(+18 for winning)\n|l|☆Etherealkarma21\n|player|p1|\n","uploadtime":1788438808,"views":"1","formatid":"gen9championsvgc2026regmb","rating":1137,"private":0,"password":null}