{"id":"gen9championsvgc2026regmbbo3-2673883478","format":"[Gen 9 Champions] VGC 2026 Reg M-B (Bo3)","players":["Cam oddish","Jorge Saltamontes"],"log":"|j|☆Cam oddish\n|j|☆Jorge Saltamontes\n|html|<table width=\"100%\"><tr><td align=\"left\">Cam oddish</td><td align=\"right\">Jorge Saltamontes</tr><tr><td align=\"left\"><i class=\"fa fa-circle-o\"></i> <i class=\"fa fa-circle-o\"></i> </td><td align=\"right\"><i class=\"fa fa-circle-o\"></i> <i class=\"fa fa-circle\"></i> </tr></table>\n|uhtml|bestof|<h2><strong>Game 2</strong> of <a href=\"/game-bestof3-gen9championsvgc2026regmbbo3-2673881464\">a best-of-3</a></h2>\n|t:|1788272752\n|gametype|doubles\n|player|p1|Cam oddish|266|1328\n|player|p2|Jorge Saltamontes|marshal|1474\n|gen|9\n|tier|[Gen 9 Champions] VGC 2026 Reg M-B (Bo3)\n|rated|\n|rule|Species Clause: Limit one of each Pokémon\n|rule|Item Clause: Limit 1 of each item\n|clearpoke\n|poke|p1|Blaziken, L50, F|\n|poke|p1|Torkoal, L50, F|\n|poke|p1|Kingambit, L50, F|\n|poke|p1|Venusaur, L50, F|\n|poke|p1|Primarina, L50, M|\n|poke|p1|Farigiraf, L50, F, shiny|\n|poke|p2|Charizard, L50, M|\n|poke|p2|Sylveon, L50, F|\n|poke|p2|Garchomp, L50, F|\n|poke|p2|Venusaur, L50, F|\n|poke|p2|Incineroar, L50, F|\n|poke|p2|Toxapex, L50, M|\n|teampreview|4\n|showteam|p1|Blaziken||Blazikenite|SpeedBoost|CloseCombat,FlareBlitz,RockSlide,Detect|Adamant||F|||50|]Torkoal||Charcoal|Drought|Eruption,HelpingHand,HeatWave,Protect|Quiet||F|||50|]Kingambit||FocusSash|Defiant|KowtowCleave,SuckerPunch,IronHead,Protect|Adamant||F|||50|]Venusaur||WideLens|Chlorophyll|LeafStorm,SleepPowder,SludgeBomb,Protect|Modest||F|||50|]Primarina||LifeOrb|LiquidVoice|HyperVoice,Moonblast,AquaJet,Protect|Quiet||M|||50|]Farigiraf||SitrusBerry|ArmorTail|TwinBeam,TrickRoom,Thunderbolt,Protect|Bold||F|||50|\n|showteam|p2|Charizard||CharizarditeY|Blaze|WeatherBall,HeatWave,AncientPower,Protect|Modest||M|||50|]Sylveon||FairyFeather|Pixilate|HyperVoice,QuickAttack,Yawn,Detect|Modest||F|||50|]Garchomp||ChoiceScarf|RoughSkin|RockSlide,DragonClaw,Earthquake,StompingTantrum|Adamant||F|||50|]Venusaur||LifeOrb|Chlorophyll|SludgeBomb,LeafStorm,EarthPower,Protect|Modest||F|||50|]Incineroar||SitrusBerry|Intimidate|FlareBlitz,FakeOut,DarkestLariat,PartingShot|Impish||F|||50|]Toxapex||Leftovers|Regenerator|Infestation,Toxic,WideGuard,BanefulBunker|Bold||M|||50|\n|inactive|Battle timer is ON: inactive players will automatically lose when time's up. (requested by Jorge Saltamontes)\n|\n|t:|1788272814\n|teamsize|p1|4\n|teamsize|p2|4\n|start\n|switch|p1a: Farigiraf|Farigiraf, L50, F, shiny|100/100\n|switch|p1b: Blaziken|Blaziken, L50, F|100/100\n|switch|p2a: Charizard|Charizard, L50, M|100/100\n|switch|p2b: Venusaur|Venusaur, L50, F|100/100\n|turn|1\n|inactive|Jorge Saltamontes has 30 seconds left.\n|\n|t:|1788272843\n|detailschange|p2a: Charizard|Charizard-Mega-Y, L50, M\n|-mega|p2a: Charizard|Charizard|Charizardite Y\n|-weather|SunnyDay|[from] ability: Drought|[of] p2a: Charizard\n|detailschange|p1b: Blaziken|Blaziken-Mega, L50, F\n|-mega|p1b: Blaziken|Blaziken|Blazikenite\n|move|p2b: Venusaur|Sludge Bomb|p1a: Farigiraf\n|-damage|p1a: Farigiraf|56/100\n|-damage|p2b: Venusaur|90/100|[from] item: Life Orb\n|move|p1b: Blaziken|Rock Slide|p2a: Charizard|[spread] p2a,p2b\n|-supereffective|p2a: Charizard|2\n|-damage|p2a: Charizard|0 fnt\n|-damage|p2b: Venusaur|54/100\n|faint|p2a: Charizard\n|move|p1a: Farigiraf|Twin Beam|p2b: Venusaur\n|-supereffective|p2b: Venusaur|1\n|-damage|p2b: Venusaur|20/100y\n|-supereffective|p2b: Venusaur|1\n|-damage|p2b: Venusaur|0 fnt\n|faint|p2b: Venusaur\n|-hitcount|p2: Venusaur|2\n|\n|-weather|SunnyDay|[upkeep]\n|-ability|p1b: Blaziken|Speed Boost|boost\n|-boost|p1b: Blaziken|spe|1\n|upkeep\n|\n|t:|1788272865\n|switch|p2a: Garchomp|Garchomp, L50, F|100/100\n|switch|p2b: Toxapex|Toxapex, L50, M|100/100\n|turn|2\n|\n|t:|1788272882\n|move|p1b: Blaziken|Detect|p1b: Blaziken\n|-singleturn|p1b: Blaziken|Protect\n|move|p1a: Farigiraf|Protect|p1a: Farigiraf\n|-singleturn|p1a: Farigiraf|Protect\n|move|p2a: Garchomp|Earthquake|p1a: Farigiraf|[spread] p2b\n|-activate|p1a: Farigiraf|move: Protect\n|-activate|p1b: Blaziken|move: Protect\n|-supereffective|p2b: Toxapex|1\n|-damage|p2b: Toxapex|38/100\n|move|p2b: Toxapex|Infestation|p1a: Farigiraf\n|-activate|p1a: Farigiraf|move: Protect\n|\n|-weather|SunnyDay|[upkeep]\n|-heal|p2b: Toxapex|44/100|[from] item: Leftovers\n|-ability|p1b: Blaziken|Speed Boost|boost\n|-boost|p1b: Blaziken|spe|1\n|upkeep\n|turn|3\n|\n|t:|1788272903\n|move|p2b: Toxapex|Baneful Bunker|p2b: Toxapex\n|-singleturn|p2b: Toxapex|move: Protect\n|move|p1b: Blaziken|Close Combat|p2a: Garchomp\n|-damage|p2a: Garchomp|20/100y\n|-unboost|p1b: Blaziken|def|1\n|-unboost|p1b: Blaziken|spd|1\n|-damage|p1b: Blaziken|87/100|[from] ability: Rough Skin|[of] p2a: Garchomp\n|move|p2a: Garchomp|Earthquake|p1b: Blaziken|[spread] p1a,p1b\n|-activate|p2b: Toxapex|move: Protect\n|-supereffective|p1b: Blaziken|1\n|-damage|p1a: Farigiraf|20/100y\n|-damage|p1b: Blaziken|0 fnt\n|-enditem|p1a: Farigiraf|Sitrus Berry|[eat]\n|-heal|p1a: Farigiraf|44/100|[from] item: Sitrus Berry\n|faint|p1b: Blaziken\n|move|p1a: Farigiraf|Twin Beam|p2b: Toxapex\n|-activate|p2b: Toxapex|move: Protect\n|\n|-weather|SunnyDay|[upkeep]\n|-heal|p2b: Toxapex|50/100g|[from] item: Leftovers\n|upkeep\n|\n|t:|1788272918\n|switch|p1b: Primarina|Primarina, L50, M|100/100\n|turn|4\n|\n|t:|1788272928\n|move|p2b: Toxapex|Wide Guard|p2b: Toxapex\n|-singleturn|p2b: Toxapex|Wide Guard\n|move|p2a: Garchomp|Earthquake|p1a: Farigiraf|[spread] p1a,p1b\n|-activate|p2b: Toxapex|move: Wide Guard\n|-damage|p1a: Farigiraf|9/100\n|-damage|p1b: Primarina|51/100\n|move|p1a: Farigiraf|Twin Beam|p2b: Toxapex\n|-supereffective|p2b: Toxapex|1\n|-damage|p2b: Toxapex|27/100\n|-supereffective|p2b: Toxapex|1\n|-damage|p2b: Toxapex|3/100\n|-hitcount|p2b: Toxapex|2\n|move|p1b: Primarina|Moonblast|p2a: Garchomp\n|-supereffective|p2a: Garchomp|1\n|-damage|p2a: Garchomp|0 fnt\n|faint|p2a: Garchomp\n|-damage|p1b: Primarina|41/100|[from] item: Life Orb\n|\n|-weather|SunnyDay|[upkeep]\n|-heal|p2b: Toxapex|8/100|[from] item: Leftovers\n|upkeep\n|turn|5\n|-message|Jorge Saltamontes forfeited.\n|\n|win|Cam oddish\n","uploadtime":1788272758,"views":"0","formatid":"gen9championsvgc2026regmbbo3","rating":null,"private":0,"password":null}