{"id":"gen9championsvgc2026regmbbo3-2674755144","format":"[Gen 9 Champions] VGC 2026 Reg M-B (Bo3)","players":["GreenestDae","gaylordXOXO"],"log":"|j|☆GreenestDae\n|j|☆gaylordXOXO\n|html|<table width=\"100%\"><tr><td align=\"left\">GreenestDae</td><td align=\"right\">gaylordXOXO</tr><tr><td align=\"left\"><i class=\"fa fa-circle-o\"></i> <i class=\"fa fa-circle-o\"></i> </td><td align=\"right\"><i class=\"fa fa-circle-o\"></i> <i class=\"fa fa-circle-o\"></i> </tr></table>\n|uhtml|bestof|<h2><strong>Game 1</strong> of <a href=\"/game-bestof3-gen9championsvgc2026regmbbo3-2674755143\">a best-of-3</a></h2>\n|t:|1788401087\n|gametype|doubles\n|player|p1|GreenestDae|gladion|\n|player|p2|gaylordXOXO|dawn|\n|gen|9\n|tier|[Gen 9 Champions] VGC 2026 Reg M-B (Bo3)\n|rule|Species Clause: Limit one of each Pokémon\n|rule|Item Clause: Limit 1 of each item\n|clearpoke\n|poke|p1|Charizard, L50, F|\n|poke|p1|Venusaur, L50, F|\n|poke|p1|Hatterene, L50, F|\n|poke|p1|Metagross, L50|\n|poke|p1|Weavile, L50, F|\n|poke|p1|Scrafty, L50, M|\n|poke|p2|Whimsicott, L50, F|\n|poke|p2|Pelipper, L50, M|\n|poke|p2|Gyarados, L50, F|\n|poke|p2|Blaziken, L50, M|\n|poke|p2|Chandelure, L50, F|\n|poke|p2|Serperior, L50, M, shiny|\n|teampreview|4\n|showteam|p1|Charizard||CharizarditeY|SolarPower|HeatWave,AirSlash,Protect,WeatherBall|Timid||F|||50|]Venusaur||WideLens|Chlorophyll|SleepPowder,SolarBeam,WeatherBall,SludgeBomb|Timid||F|||50|]Hatterene||FairyFeather|MagicBounce|DazzlingGleam,Psychic,Protect,TrickRoom|Modest||F|||50|]Metagross||Metagrossite|ClearBody|BulletPunch,PsychicFangs,MeteorMash,Protect|Brave|||||50|]Weavile||FocusSash|Pressure|FakeOut,KnockOff,IceSpinner,PsychoCut|Jolly||F|||50|]Scrafty||Scraftinite|Intimidate|CloseCombat,KnockOff,Detect,IronHead|Adamant||M|||50|\n|showteam|p2|Whimsicott||SitrusBerry|Infiltrator|LightScreen,Protect,Hurricane,Uturn|Serious||F|||50|]Pelipper||FocusSash|RainDish|RainDance,Waterfall,QuickAttack,Protect|Serious||M|||50|]Gyarados||Gyaradosite|Intimidate|DragonDance,Roar,RainDance,BodySlam|Serious||F|||50|]Blaziken||PasshoBerry|SpeedBoost|BatonPass,SwordsDance,Protect,BlazeKick|Serious||M|||50|]Chandelure||Leftovers|FlameBody|ShadowBall,AcidArmor,Haze,SunnyDay|Modest||F|||50|]Serperior||MentalHerb|Overgrow|Coil,Reflect,GigaDrain,Glare|Timid||M|||50|\n|\n|t:|1788401139\n|teamsize|p1|4\n|teamsize|p2|4\n|start\n|switch|p1a: Charizard|Charizard, L50, F|100/100\n|switch|p1b: Venusaur|Venusaur, L50, F|100/100\n|switch|p2a: fluffy boys|Whimsicott, L50, F|100/100\n|switch|p2b: hello mario|Pelipper, L50, M|100/100\n|turn|1\n|\n|t:|1788401173\n|detailschange|p1a: Charizard|Charizard-Mega-Y, L50, F\n|-mega|p1a: Charizard|Charizard|Charizardite Y\n|-weather|SunnyDay|[from] ability: Drought|[of] p1a: Charizard\n|move|p2a: fluffy boys|Protect|p2a: fluffy boys\n|-singleturn|p2a: fluffy boys|Protect\n|move|p1b: Venusaur|Weather Ball|p2a: fluffy boys\n|-activate|p2a: fluffy boys|move: Protect\n|move|p1a: Charizard|Heat Wave|p2a: fluffy boys|[spread] p2b\n|-activate|p2a: fluffy boys|move: Protect\n|-resisted|p2b: hello mario|1\n|-damage|p2b: hello mario|51/100\n|move|p2b: hello mario|Rain Dance|p2b: hello mario\n|-weather|RainDance\n|\n|-weather|RainDance|[upkeep]\n|-heal|p2b: hello mario|57/100|[from] ability: Rain Dish\n|upkeep\n|turn|2\n|\n|t:|1788401204\n|switch|p1a: Hatterene|Hatterene, L50, F|100/100\n|move|p2a: fluffy boys|Light Screen|p2a: fluffy boys\n|-sidestart|p2: gaylordXOXO|move: Light Screen\n|move|p1b: Venusaur|Sludge Bomb|p2a: fluffy boys\n|-supereffective|p2a: fluffy boys|2\n|-damage|p2a: fluffy boys|0 fnt\n|faint|p2a: fluffy boys\n|move|p2b: hello mario|Waterfall|p1a: Hatterene\n|-damage|p1a: Hatterene|73/100\n|\n|-weather|RainDance|[upkeep]\n|-heal|p2b: hello mario|64/100|[from] ability: Rain Dish\n|upkeep\n|\n|t:|1788401223\n|switch|p2a: fire girl|Blaziken, L50, M|100/100\n|turn|3\n|\n|t:|1788401243\n|switch|p2b: MS PRESIDENT GE|Chandelure, L50, F|100/100\n|move|p1b: Venusaur|Sleep Powder|p2a: fire girl\n|-status|p2a: fire girl|slp|[from] move: Sleep Powder\n|cant|p2a: fire girl|slp\n|move|p1a: Hatterene|Trick Room|p1a: Hatterene\n|-fieldstart|move: Trick Room|[of] p1a: Hatterene\n|\n|-weather|RainDance|[upkeep]\n|-ability|p2a: fire girl|Speed Boost|boost\n|-boost|p2a: fire girl|spe|1\n|upkeep\n|turn|4\n|\n|t:|1788401280\n|cant|p2a: fire girl|slp\n|move|p1a: Hatterene|Psychic|p2b: MS PRESIDENT GE\n|-damage|p2b: MS PRESIDENT GE|53/100\n|move|p2b: MS PRESIDENT GE|Acid Armor|p2b: MS PRESIDENT GE\n|-boost|p2b: MS PRESIDENT GE|def|2\n|move|p1b: Venusaur|Weather Ball|p2a: fire girl\n|-supereffective|p2a: fire girl|1\n|-enditem|p2a: fire girl|Passho Berry|[eat]\n|-enditem|p2a: fire girl|Passho Berry|[weaken]\n|-damage|p2a: fire girl|52/100 slp\n|\n|-weather|RainDance|[upkeep]\n|-heal|p2b: MS PRESIDENT GE|59/100|[from] item: Leftovers\n|-ability|p2a: fire girl|Speed Boost|boost\n|-boost|p2a: fire girl|spe|1\n|upkeep\n|turn|5\n|\n|t:|1788401309\n|move|p1a: Hatterene|Psychic|p2b: MS PRESIDENT GE\n|-damage|p2b: MS PRESIDENT GE|18/100\n|move|p2b: MS PRESIDENT GE|Shadow Ball|p1a: Hatterene\n|-supereffective|p1a: Hatterene|1\n|-damage|p1a: Hatterene|0 fnt\n|faint|p1a: Hatterene\n|move|p1b: Venusaur|Weather Ball|p2a: fire girl\n|-supereffective|p2a: fire girl|1\n|-damage|p2a: fire girl|0 fnt\n|faint|p2a: fire girl\n|\n|-weather|none\n|-heal|p2b: MS PRESIDENT GE|25/100|[from] item: Leftovers\n|upkeep\n|\n|t:|1788401328\n|switch|p1a: Scrafty|Scrafty, L50, M|100/100\n|switch|p2a: hello mario|Pelipper, L50, M|64/100\n|-ability|p1a: Scrafty|Intimidate|boost\n|-unboost|p2a: hello mario|atk|1\n|-unboost|p2b: MS PRESIDENT GE|atk|1\n|turn|6\n|\n|t:|1788401350\n|move|p1a: Scrafty|Knock Off|p2a: hello mario\n|-damage|p2a: hello mario|12/100\n|-enditem|p2a: hello mario|Focus Sash|[from] move: Knock Off|[of] p1a: Scrafty\n|move|p2a: hello mario|Rain Dance|p2a: hello mario\n|-weather|RainDance\n|move|p2b: MS PRESIDENT GE|Haze|p2b: MS PRESIDENT GE\n|-clearallboost\n|move|p1b: Venusaur|Sludge Bomb|p2b: MS PRESIDENT GE\n|-resisted|p2b: MS PRESIDENT GE|1\n|-damage|p2b: MS PRESIDENT GE|9/100\n|-status|p2b: MS PRESIDENT GE|psn\n|\n|-weather|RainDance|[upkeep]\n|-heal|p2a: hello mario|18/100|[from] ability: Rain Dish\n|-heal|p2b: MS PRESIDENT GE|15/100 psn|[from] item: Leftovers\n|-damage|p2b: MS PRESIDENT GE|3/100 psn|[from] psn\n|-sideend|p2: gaylordXOXO|move: Light Screen\n|upkeep\n|turn|7\n|\n|t:|1788401379\n|move|p1a: Scrafty|Knock Off|p2a: hello mario\n|-damage|p2a: hello mario|0 fnt\n|faint|p2a: hello mario\n|move|p2b: MS PRESIDENT GE|Shadow Ball|p1b: Venusaur\n|-damage|p1b: Venusaur|50/100g\n|move|p1b: Venusaur|Weather Ball|p2b: MS PRESIDENT GE\n|-supereffective|p2b: MS PRESIDENT GE|1\n|-damage|p2b: MS PRESIDENT GE|0 fnt\n|faint|p2b: MS PRESIDENT GE\n|\n|win|GreenestDae\n|inactive|GreenestDae has 30 seconds to confirm battle start!\n|inactive|gaylordXOXO has 30 seconds to confirm battle start!\n||GreenestDae is ready for game 2.\n||gaylordXOXO is ready for game 2.\n|uhtml|next|Next: <a href=\"/battle-gen9championsvgc2026regmbbo3-2674757111\"><strong>Game 2 of 3</strong></a>\n","uploadtime":1788401682,"views":"1","formatid":"gen9championsvgc2026regmbbo3","rating":null,"private":0,"password":null}