{"id":"gen9championsvgc2026regmb-2674150780","format":"[Gen 9 Champions] VGC 2026 Reg M-B","players":["AtomX7VGC","topougamer"],"log":"|j|☆AtomX7VGC\n|j|☆topougamer\n|t:|1788306701\n|gametype|doubles\n|player|p1|AtomX7VGC|linebacker|\n|player|p2|topougamer|chuck|\n|gen|9\n|tier|[Gen 9 Champions] VGC 2026 Reg M-B\n|rated|Tournament battle\n|rule|Species Clause: Limit one of each Pokémon\n|rule|Item Clause: Limit 1 of each item\n|raw|<div class=\"infobox\"><details class=\"readmore\" open><summary><strong>1 custom rule:</strong></summary> Force Open Team Sheets</details></div>\n|clearpoke\n|poke|p1|Dragonite, L50, M|\n|poke|p1|Arcanine-Hisui, L50, M|\n|poke|p1|Whimsicott, L50, F|\n|poke|p1|Floette-Eternal, L50, F|\n|poke|p1|Basculegion, L50, M|\n|poke|p1|Kingambit, L50, M|\n|poke|p2|Tyranitar, L50, M|\n|poke|p2|Staraptor, L50, F|\n|poke|p2|Whimsicott, L50, M|\n|poke|p2|Aegislash, L50, F|\n|poke|p2|Rotom-Wash, L50|\n|poke|p2|Garchomp, L50, F|\n|teampreview|4\n|showteam|p1|Dragonite||Dragoninite|Multiscale|Protect,DragonPulse,HeatWave,ExtremeSpeed|Modest||M|||50|]Arcanine-Hisui||FocusSash|RockHead|Protect,FlareBlitz,RockSlide,ExtremeSpeed|Jolly||M|||50|]Whimsicott||OccaBerry|Prankster|Protect,Moonblast,Tailwind,Encore|Timid||F|||50|]Floette-Eternal||Floettite|FlowerVeil|Protect,LightofRuin,Moonblast,DazzlingGleam|Timid||F|||50|]Basculegion||LifeOrb|SwiftSwim|Protect,WaveCrash,AquaJet,LastRespects|Adamant||M|||50|]Kingambit||ChopleBerry|Defiant|SuckerPunch,KowtowCleave,IronHead,LowKick|Adamant||M|||50|\n|showteam|p2|Tyranitar||Tyranitarite|SandStream|RockSlide,KnockOff,IcePunch,Protect|Adamant||M|||50|]Staraptor||Staraptite|Intimidate|CloseCombat,BraveBird,Roost,Protect|Jolly||F|||50|]Whimsicott||FocusSash|Prankster|Moonblast,Encore,Tailwind,Protect|Timid||M|||50|]Aegislash||Leftovers|StanceChange|FlashCannon,ShadowBall,KingsShield,WideGuard|Calm||F|||50|]Rotom-Wash||SitrusBerry|Levitate|HydroPump,Thunderbolt,WillOWisp,Discharge|Modest|||||50|]Garchomp||LifeOrb|RoughSkin|Earthquake,RockSlide,DragonClaw,Protect|Jolly||F|||50|\n|c|☆AtomX7VGC|glhf\n|c|☆topougamer|u2\n|inactive|Battle timer is ON: inactive players will automatically lose when time's up. (requested by AtomX7VGC)\n|inactive|topougamer has 60 seconds left.\n|inactive|topougamer has 30 seconds left.\n|inactive|topougamer has 20 seconds left.\n|inactive|topougamer has 15 seconds left.\n|inactive|topougamer has 10 seconds left.\n|\n|t:|1788306828\n|teamsize|p1|4\n|teamsize|p2|4\n|start\n|switch|p1a: Whimsicott|Whimsicott, L50, F|100/100\n|switch|p1b: Kingambit|Kingambit, L50, M|100/100\n|switch|p2a: Whimsicott|Whimsicott, L50, M|100/100\n|switch|p2b: Garchomp|Garchomp, L50, F|100/100\n|turn|1\n|inactive|topougamer has 30 seconds left.\n|\n|t:|1788306854\n|switch|p1b: Floette|Floette-Eternal, L50, F|100/100\n|move|p1a: Whimsicott|Moonblast|p2b: Garchomp\n|-supereffective|p2b: Garchomp|1\n|-damage|p2b: Garchomp|25/100\n|move|p2a: Whimsicott|Moonblast|p1b: Floette\n|-damage|p1b: Floette|69/100\n|move|p2b: Garchomp|Earthquake|p1a: Whimsicott|[spread] p2a,p1a,p1b\n|-resisted|p2a: Whimsicott|1\n|-resisted|p1a: Whimsicott|1\n|-damage|p2a: Whimsicott|61/100\n|-damage|p1a: Whimsicott|64/100\n|-damage|p1b: Floette|0 fnt\n|faint|p1b: Floette\n|-damage|p2b: Garchomp|15/100|[from] item: Life Orb\n|\n|upkeep\n|\n|t:|1788306869\n|switch|p1b: Basculegion|Basculegion, L50, M|100/100\n|turn|2\n|inactive|topougamer has 30 seconds left.\n|\n|t:|1788306895\n|switch|p2b: Staraptor|Staraptor, L50, F|100/100\n|-ability|p2b: Staraptor|Intimidate|boost\n|-unboost|p1a: Whimsicott|atk|1\n|-unboost|p1b: Basculegion|atk|1\n|move|p1a: Whimsicott|Tailwind|p1a: Whimsicott\n|-sidestart|p1: AtomX7VGC|move: Tailwind\n|move|p2a: Whimsicott|Tailwind|p2a: Whimsicott\n|-sidestart|p2: topougamer|move: Tailwind\n|move|p1b: Basculegion|Last Respects|p2b: Staraptor\n|-immune|p2b: Staraptor\n|\n|upkeep\n|turn|3\n|j| Fainting Spells\n|l| Fainting Spells\n|inactive|topougamer has 30 seconds left.\n|inactive|topougamer has 20 seconds left.\n|inactive|topougamer has 15 seconds left.\n|\n|t:|1788306940\n|move|p1a: Whimsicott|Encore|p2a: Whimsicott\n|-start|p2a: Whimsicott|Encore\n|move|p2a: Whimsicott|Tailwind||[still]\n|-fail|p2a: Whimsicott\n|move|p2b: Staraptor|Brave Bird|p1a: Whimsicott\n|-supereffective|p1a: Whimsicott|1\n|-damage|p1a: Whimsicott|0 fnt\n|faint|p1a: Whimsicott\n|-damage|p2b: Staraptor|83/100|[from] Recoil\n|move|p1b: Basculegion|Last Respects|p2b: Staraptor\n|-immune|p2b: Staraptor\n|\n|upkeep\n|\n|t:|1788306951\n|switch|p1a: Kingambit|Kingambit, L50, M|100/100\n|turn|4\n|inactive|topougamer has 30 seconds left.\n|inactive|topougamer has 20 seconds left.\n|inactive|topougamer has 15 seconds left.\n|j| Emili-Alter\n|\n|t:|1788306996\n|switch|p2a: Garchomp|Garchomp, L50, F|15/100\n|detailschange|p2b: Staraptor|Staraptor-Mega, L50, F\n|-mega|p2b: Staraptor|Staraptor|Staraptite\n|move|p2b: Staraptor|Close Combat|p1a: Kingambit\n|-supereffective|p1a: Kingambit|2\n|-enditem|p1a: Kingambit|Chople Berry|[eat]\n|-enditem|p1a: Kingambit|Chople Berry|[weaken]\n|-damage|p1a: Kingambit|12/100\n|-boost|p2b: Staraptor|def|1\n|-boost|p2b: Staraptor|spd|1\n|move|p1b: Basculegion|Last Respects|p2b: Staraptor\n|-damage|p2b: Staraptor|42/100\n|-damage|p1b: Basculegion|90/100|[from] item: Life Orb\n|move|p1a: Kingambit|Iron Head|p2a: Garchomp\n|-damage|p2a: Garchomp|0 fnt\n|-damage|p1a: Kingambit|0 fnt|[from] ability: Rough Skin|[of] p2a: Garchomp\n|faint|p2a: Garchomp\n|faint|p1a: Kingambit\n|\n|upkeep\n|\n|t:|1788307013\n|switch|p2a: Whimsicott|Whimsicott, L50, M|61/100\n|turn|5\n|l| Emili-Alter\n|\n|t:|1788307031\n|move|p2a: Whimsicott|Protect|p2a: Whimsicott\n|-singleturn|p2a: Whimsicott|Protect\n|move|p2b: Staraptor|Protect|p2b: Staraptor\n|-singleturn|p2b: Staraptor|Protect\n|move|p1b: Basculegion|Last Respects|p2a: Whimsicott\n|-activate|p2a: Whimsicott|move: Protect\n|\n|-sideend|p1: AtomX7VGC|move: Tailwind\n|-sideend|p2: topougamer|move: Tailwind\n|upkeep\n|turn|6\n|inactive|AtomX7VGC has 30 seconds left.\n|\n|t:|1788307061\n|move|p2a: Whimsicott|Tailwind|p2a: Whimsicott\n|-sidestart|p2: topougamer|move: Tailwind\n|move|p2b: Staraptor|Brave Bird|p1b: Basculegion\n|-damage|p1b: Basculegion|21/100\n|-damage|p2b: Staraptor|16/100|[from] Recoil\n|move|p1b: Basculegion|Last Respects|p2b: Staraptor\n|-damage|p2b: Staraptor|0 fnt\n|faint|p2b: Staraptor\n|-damage|p1b: Basculegion|11/100|[from] item: Life Orb\n|\n|upkeep\n|\n|t:|1788307077\n|switch|p2b: Aegislash|Aegislash, L50, F|100/100\n|turn|7\n|c|☆AtomX7VGC|gg\n|\n|t:|1788307088\n|move|p2a: Whimsicott|Moonblast|p1b: Basculegion\n|-damage|p1b: Basculegion|0 fnt\n|faint|p1b: Basculegion\n|\n|win|topougamer\n|n|☆AtomX7VGC|atomx7vgc\n|n|☆topougamer|topougamer\n","uploadtime":1788307090,"views":"3","formatid":"gen9championsvgc2026regmb","rating":null,"private":0,"password":null}