{"id":"gen9championsvgc2026regmb-2674257546","format":"[Gen 9 Champions] VGC 2026 Reg M-B","players":["Difjsjc","korfle"],"log":"|j|☆Difjsjc\n|j|☆korfle\n|t:|1788324973\n|gametype|doubles\n|player|p1|Difjsjc|clerk-boss|1217\n|player|p2|korfle|youngcouple|1145\n|gen|9\n|tier|[Gen 9 Champions] VGC 2026 Reg M-B\n|rated|\n|rule|Species Clause: Limit one of each Pokémon\n|rule|Item Clause: Limit 1 of each item\n|clearpoke\n|poke|p1|Toxapex, L50, M|\n|poke|p1|Overqwil, L50, F|\n|poke|p1|Scolipede, L50, M|\n|poke|p1|Sneasler, L50, M, shiny|\n|poke|p1|Venusaur, L50, F|\n|poke|p1|Slowking-Galar, L50, F|\n|poke|p2|Lucario, L50, M|\n|poke|p2|Crabominable, L50, M|\n|poke|p2|Sneasler, L50, M|\n|poke|p2|Tauros-Paldea-Aqua, L50, M|\n|poke|p2|Gallade, L50, M|\n|poke|p2|Heracross, L50, F|\n|teampreview|4\n|c|☆korfle|Poison mono, nice\n|inactive|Battle timer is ON: inactive players will automatically lose when time's up. (requested by korfle)\n|\n|t:|1788325004\n|teamsize|p1|4\n|teamsize|p2|4\n|start\n|switch|p1a: Minesweeper|Overqwil, L50, F|100/100\n|switch|p1b: Migraine|Slowking-Galar, L50, F|100/100\n|switch|p2a: Sneasler|Sneasler, L50, M|100/100\n|switch|p2b: Heracross|Heracross, L50, F|100/100\n|-ability|p1a: Minesweeper|Intimidate|boost\n|-unboost|p2a: Sneasler|atk|1\n|-unboost|p2b: Heracross|atk|1\n|turn|1\n|\n|t:|1788325025\n|switch|p1a: Chernobyl|Toxapex, L50, M|100/100\n|move|p2a: Sneasler|Fake Out|p1a: Chernobyl\n|-damage|p1a: Chernobyl|93/100\n|move|p2b: Heracross|Skitter Smack|p1b: Migraine\n|-damage|p1b: Migraine|78/100\n|-unboost|p1b: Migraine|spa|1\n|move|p1b: Migraine|Psychic Noise|p2a: Sneasler\n|-supereffective|p2a: Sneasler|2\n|-enditem|p2a: Sneasler|Focus Sash\n|-damage|p2a: Sneasler|1/100\n|-start|p2a: Sneasler|move: Heal Block\n|\n|upkeep\n|turn|2\n|\n|t:|1788325049\n|move|p2a: Sneasler|Coaching|p2b: Heracross\n|-boost|p2b: Heracross|atk|1\n|-boost|p2b: Heracross|def|1\n|move|p2b: Heracross|Throat Chop|p1b: Migraine\n|-supereffective|p1b: Migraine|1\n|-enditem|p1b: Migraine|Colbur Berry|[eat]\n|-enditem|p1b: Migraine|Colbur Berry|[weaken]\n|-damage|p1b: Migraine|49/100\n|-start|p1b: Migraine|Throat Chop|[silent]\n|move|p1a: Chernobyl|Muddy Water|p2b: Heracross|[spread] p2b\n|-miss|p1a: Chernobyl|p2a: Sneasler\n|-damage|p2b: Heracross|82/100\n|move|p1b: Migraine|Trick Room|p1b: Migraine\n|-fieldstart|move: Trick Room|[of] p1b: Migraine\n|\n|-end|p2a: Sneasler|move: Heal Block\n|upkeep\n|turn|3\n|inactive|korfle has 30 seconds left.\n|inactive|korfle has 20 seconds left.\n|inactive|korfle has 15 seconds left.\n|inactive|Difjsjc has 30 seconds left.\n|\n|t:|1788325096\n|-heal|p1b: Migraine|82/100|[from] ability: Regenerator|[silent]\n|switch|p1b: Minesweeper|Overqwil, L50, F|100/100\n|-ability|p1b: Minesweeper|Intimidate|boost\n|-unboost|p2a: Sneasler|atk|1\n|-unboost|p2b: Heracross|atk|1\n|move|p1a: Chernobyl|Toxic|p2b: Heracross\n|-status|p2b: Heracross|tox\n|move|p2b: Heracross|Throat Chop|p1b: Minesweeper\n|-resisted|p1b: Minesweeper|1\n|-damage|p1b: Minesweeper|90/100\n|-start|p1b: Minesweeper|Throat Chop|[silent]\n|move|p2a: Sneasler|Coaching|p2b: Heracross\n|-boost|p2b: Heracross|atk|1\n|-boost|p2b: Heracross|def|1\n|\n|-damage|p2b: Heracross|77/100 tox|[from] psn\n|upkeep\n|turn|4\n|inactive|Difjsjc has 30 seconds left.\n|inactive|korfle has 30 seconds left.\n|\n|t:|1788325125\n|move|p1a: Chernobyl|Muddy Water|p2b: Heracross|[spread] p2b\n|-miss|p1a: Chernobyl|p2a: Sneasler\n|-damage|p2b: Heracross|59/100 tox\n|move|p1b: Minesweeper|Stockpile|p1b: Minesweeper\n|-start|p1b: Minesweeper|stockpile1\n|-boost|p1b: Minesweeper|def|1\n|-boost|p1b: Minesweeper|spd|1\n|move|p2b: Heracross|Brick Break|p1b: Minesweeper\n|-damage|p1b: Minesweeper|65/100\n|move|p2a: Sneasler|Coaching|p2b: Heracross\n|-boost|p2b: Heracross|atk|1\n|-boost|p2b: Heracross|def|1\n|\n|-damage|p2b: Heracross|48/100 tox|[from] psn\n|-end|p1b: Minesweeper|Throat Chop|[silent]\n|upkeep\n|turn|5\n|\n|t:|1788325146\n|switch|p2a: Gallade|Gallade, L50, M|100/100\n|move|p1a: Chernobyl|Muddy Water|p2a: Gallade|[spread] p2a,p2b\n|-crit|p2b: Heracross\n|-damage|p2a: Gallade|85/100\n|-damage|p2b: Heracross|21/100 tox\n|move|p1b: Minesweeper|Stockpile|p1b: Minesweeper\n|-start|p1b: Minesweeper|stockpile2\n|-boost|p1b: Minesweeper|def|1\n|-boost|p1b: Minesweeper|spd|1\n|move|p2b: Heracross|Brick Break|p1b: Minesweeper\n|-damage|p1b: Minesweeper|39/100\n|-enditem|p1b: Minesweeper|Sitrus Berry|[eat]\n|-heal|p1b: Minesweeper|64/100|[from] item: Sitrus Berry\n|\n|-damage|p2b: Heracross|4/100 tox|[from] psn\n|upkeep\n|turn|6\n|inactive|Difjsjc has 30 seconds left.\n|inactive|korfle has 30 seconds left.\n|\n|t:|1788325174\n|move|p2b: Heracross|Feint|p1a: Chernobyl\n|-damage|p1a: Chernobyl|84/100\n|move|p1a: Chernobyl|Muddy Water|p2a: Gallade|[spread] p2b\n|-miss|p1a: Chernobyl|p2a: Gallade\n|-damage|p2b: Heracross|0 fnt\n|faint|p2b: Heracross\n|move|p2a: Gallade|Psycho Cut|p1b: Minesweeper\n|-immune|p1b: Minesweeper\n|move|p1b: Minesweeper|Crunch|p2a: Gallade\n|-damage|p2a: Gallade|37/100\n|\n|-fieldend|move: Trick Room\n|upkeep\n|\n|t:|1788325189\n|switch|p2b: Sneasler|Sneasler, L50, M|1/100\n|turn|7\n|\n|t:|1788325205\n|move|p1b: Minesweeper|Protect|p1b: Minesweeper\n|-singleturn|p1b: Minesweeper|Protect\n|move|p2b: Sneasler|Coaching|p2a: Gallade\n|-boost|p2a: Gallade|atk|1\n|-boost|p2a: Gallade|def|1\n|move|p2a: Gallade|Sacred Sword|p1b: Minesweeper\n|-activate|p1b: Minesweeper|move: Protect\n|move|p1a: Chernobyl|Muddy Water|p2b: Sneasler|[spread] p2a,p2b\n|-crit|p2a: Gallade\n|-damage|p2a: Gallade|16/100\n|-damage|p2b: Sneasler|0 fnt\n|faint|p2b: Sneasler\n|\n|upkeep\n|\n|t:|1788325210\n|switch|p2b: Crabominable|Crabominable, L50, M|100/100\n|turn|8\n|\n|t:|1788325228\n|switch|p1b: Migraine|Slowking-Galar, L50, F|82/100\n|detailschange|p2b: Crabominable|Crabominable-Mega, L50, M\n|-mega|p2b: Crabominable|Crabominable|Crabominite\n|move|p2a: Gallade|Psycho Cut|p1a: Chernobyl\n|-supereffective|p1a: Chernobyl|1\n|-damage|p1a: Chernobyl|0 fnt\n|faint|p1a: Chernobyl\n|move|p2b: Crabominable|Drain Punch|p1b: Migraine\n|-resisted|p1b: Migraine|2\n|-damage|p1b: Migraine|67/100\n|\n|upkeep\n|\n|t:|1788325236\n|switch|p1a: Minesweeper|Overqwil, L50, F|64/100\n|-ability|p1a: Minesweeper|Intimidate|boost\n|-unboost|p2a: Gallade|atk|1\n|-unboost|p2b: Crabominable|atk|1\n|turn|9\n|\n|t:|1788325252\n|move|p2b: Crabominable|Protect|p2b: Crabominable\n|-singleturn|p2b: Crabominable|Protect\n|move|p1a: Minesweeper|Crunch|p2a: Gallade\n|-damage|p2a: Gallade|0 fnt\n|faint|p2a: Gallade\n|move|p1b: Migraine|Acid Spray|p2b: Crabominable\n|-activate|p2b: Crabominable|move: Protect\n|\n|upkeep\n|turn|10\n|\n|t:|1788325267\n|switch|p1a: Asparagus|Venusaur, L50, F|100/100\n|move|p2b: Crabominable|Drain Punch|p1a: Asparagus\n|-resisted|p1a: Asparagus|1\n|-damage|p1a: Asparagus|84/100\n|move|p1b: Migraine|Acid Spray|p2b: Crabominable\n|-damage|p2b: Crabominable|87/100\n|-unboost|p2b: Crabominable|spd|2\n|\n|upkeep\n|turn|11\n|\n|t:|1788325282\n|detailschange|p1a: Asparagus|Venusaur-Mega, L50, F\n|-mega|p1a: Asparagus|Venusaur|Venusaurite\n|move|p2b: Crabominable|Mach Punch|p1b: Migraine\n|-resisted|p1b: Migraine|2\n|-damage|p1b: Migraine|62/100\n|move|p1a: Asparagus|Giga Drain|p2b: Crabominable\n|-damage|p2b: Crabominable|39/100\n|-heal|p1a: Asparagus|100/100|[from] drain|[of] p2b: Crabominable\n|move|p1b: Migraine|Psychic Noise|p2b: Crabominable\n|-supereffective|p2b: Crabominable|1\n|-damage|p2b: Crabominable|0 fnt\n|faint|p2b: Crabominable\n|\n|win|Difjsjc\n|raw|Difjsjc's rating: 1217 &rarr; <strong>1237</strong><br />(+20 for winning)\n|raw|korfle's rating: 1145 &rarr; <strong>1125</strong><br />(-20 for losing)\n|l|☆korfle\n|player|p2|\n","uploadtime":1788325300,"views":"1","formatid":"gen9championsvgc2026regmb","rating":1125,"private":0,"password":null}