{"id":"gen9championsvgc2026regmbbo3-2673617835","format":"[Gen 9 Champions] VGC 2026 Reg M-B (Bo3)","players":["Luma Tactas","sahhr"],"log":"|j|☆Luma Tactas\n|j|‽sahhr\n|html|<table width=\"100%\"><tr><td align=\"left\">Luma Tactas</td><td align=\"right\">sahhr</tr><tr><td align=\"left\"><i class=\"fa fa-circle\"></i> <i class=\"fa fa-circle-o\"></i> </td><td align=\"right\"><i class=\"fa fa-circle-o\"></i> <i class=\"fa fa-circle\"></i> </tr></table>\n|uhtml|bestof|<h2><strong>Game 3</strong> of <a href=\"/game-bestof3-gen9championsvgc2026regmbbo3-2673612850\">a best-of-3</a></h2>\n|t:|1788222059\n|gametype|doubles\n|player|p1|Luma Tactas|acetrainerf|1070\n|player|p2|sahhr|266|1129\n|gen|9\n|tier|[Gen 9 Champions] VGC 2026 Reg M-B (Bo3)\n|rated|\n|rule|Species Clause: Limit one of each Pokémon\n|rule|Item Clause: Limit 1 of each item\n|clearpoke\n|poke|p1|Gardevoir, L50, F, shiny|\n|poke|p1|Sneasler, L50, M|\n|poke|p1|Sinistcha, L50|\n|poke|p1|Rotom-Wash, L50|\n|poke|p1|Talonflame, L50, M|\n|poke|p1|Garchomp, L50, F|\n|poke|p2|Sableye, L50, F|\n|poke|p2|Archaludon, L50, F|\n|poke|p2|Sinistcha, L50|\n|poke|p2|Dragonite, L50, F|\n|poke|p2|Pelipper, L50, M|\n|poke|p2|Basculegion, L50, M|\n|teampreview|4\n|showteam|p1|Gardevoir||Gardevoirite|Synchronize|HyperVoice,Psychic,TrickRoom,Protect|Modest||F|||50|]Sneasler||WhiteHerb|Unburden|FakeOut,CloseCombat,DireClaw,Protect|Jolly||M|||50|]Sinistcha||SitrusBerry|Hospitality|MatchaGotcha,RagePowder,StrengthSap,TrickRoom|Bold|||||50|]Rotom-Wash||Leftovers|Levitate|Thunderbolt,WillOWisp,HydroPump,Protect|Modest|||||50|]Talonflame||FocusSash|GaleWings|Tailwind,DualWingbeat,FlareBlitz,Protect|Jolly||M|||50|]Garchomp||LifeOrb|RoughSkin|StompingTantrum,RockSlide,Earthquake,Protect|Jolly||F|||50|\n|showteam|p2|Sableye||RoseliBerry|Prankster|Reflect,LightScreen,Quash,RainDance|Sassy||F|||50|]Archaludon||Leftovers|Stamina|FlashCannon,DracoMeteor,ElectroShot,DragonPulse|Modest||F|||50|]Sinistcha||KasibBerry|Hospitality|RagePowder,MatchaGotcha,LifeDew,TrickRoom|Sassy|||||50|]Dragonite||Dragoninite|InnerFocus|Flamethrower,Hurricane,DracoMeteor,Tailwind|Modest||F|||50|]Pelipper||SitrusBerry|Drizzle|Tailwind,WeatherBall,Hurricane,WideGuard|Bold||M|||50|]Basculegion||ChoiceScarf|Adaptability|FlipTurn,WaveCrash,LastRespects,AquaJet|Jolly||M|||50|\n|\n|t:|1788222077\n|teamsize|p1|4\n|teamsize|p2|4\n|start\n|switch|p1a: Morganucodon|Talonflame, L50, M|100/100\n|switch|p1b: Ophelia|Gardevoir, L50, F, shiny|100/100\n|switch|p2a: Sableye|Sableye, L50, F|100/100\n|switch|p2b: Archaludon|Archaludon, L50, F|100/100\n|turn|1\n|\n|t:|1788222092\n|detailschange|p1b: Ophelia|Gardevoir-Mega, L50, F, shiny\n|-mega|p1b: Ophelia|Gardevoir|Gardevoirite\n|move|p1a: Morganucodon|Tailwind|p1a: Morganucodon\n|-sidestart|p1: Luma Tactas|move: Tailwind\n|move|p2a: Sableye|Light Screen|p2a: Sableye\n|-sidestart|p2: sahhr|move: Light Screen\n|move|p1b: Ophelia|Hyper Voice|p2a: Sableye|[spread] p2a,p2b\n|-supereffective|p2a: Sableye|1\n|-crit|p2a: Sableye\n|-enditem|p2a: Sableye|Roseli Berry|[eat]\n|-enditem|p2a: Sableye|Roseli Berry|[weaken]\n|-damage|p2a: Sableye|8/100\n|-damage|p2b: Archaludon|64/100\n|-ability|p2b: Archaludon|Stamina|boost\n|-boost|p2b: Archaludon|def|1\n|move|p2b: Archaludon|Flash Cannon|p1b: Ophelia\n|-supereffective|p1b: Ophelia|1\n|-damage|p1b: Ophelia|44/100\n|\n|-heal|p2b: Archaludon|70/100|[from] item: Leftovers\n|upkeep\n|turn|2\n|\n|t:|1788222126\n|switch|p1a: Iron Mugulis|Sinistcha, L50|100/100\n|-heal|p1b: Ophelia|68/100|[from] ability: Hospitality|[of] p1a: Iron Mugulis\n|move|p2a: Sableye|Rain Dance|p2a: Sableye\n|-weather|RainDance\n|move|p1b: Ophelia|Hyper Voice|p2b: Archaludon|[spread] p2a,p2b\n|-supereffective|p2a: Sableye|1\n|-damage|p2a: Sableye|0 fnt\n|-damage|p2b: Archaludon|36/100\n|-ability|p2b: Archaludon|Stamina|boost\n|-boost|p2b: Archaludon|def|1\n|faint|p2a: Sableye\n|move|p2b: Archaludon|Electro Shot||[still]\n|-prepare|p2b: Archaludon|Electro Shot\n|-boost|p2b: Archaludon|spa|1\n|-anim|p2b: Archaludon|Electro Shot|p1a: Iron Mugulis\n|-resisted|p1a: Iron Mugulis|1\n|-damage|p1a: Iron Mugulis|66/100\n|\n|-weather|RainDance|[upkeep]\n|-heal|p2b: Archaludon|42/100|[from] item: Leftovers\n|upkeep\n|\n|t:|1788222157\n|switch|p2a: Sinistcha|Sinistcha, L50|100/100\n|-heal|p2b: Archaludon|67/100|[from] ability: Hospitality|[of] p2a: Sinistcha\n|turn|3\n|\n|t:|1788222202\n|switch|p1b: Morganucodon|Talonflame, L50, M|100/100\n|move|p1a: Iron Mugulis|Rage Powder|p1a: Iron Mugulis\n|-singleturn|p1a: Iron Mugulis|move: Rage Powder\n|move|p2b: Archaludon|Flash Cannon|p1a: Iron Mugulis\n|-damage|p1a: Iron Mugulis|0 fnt\n|faint|p1a: Iron Mugulis\n|move|p2a: Sinistcha|Life Dew||[still]|[spread] p2a,p2b\n|-fail|p2a: Sinistcha|heal\n|-heal|p2b: Archaludon|92/100\n|\n|-weather|RainDance|[upkeep]\n|-heal|p2b: Archaludon|98/100|[from] item: Leftovers\n|upkeep\n|\n|t:|1788222215\n|switch|p1a: Ophelia|Gardevoir-Mega, L50, F, shiny|68/100\n|turn|4\n|\n|t:|1788222238\n|move|p1b: Morganucodon|Dual Wingbeat|p2a: Sinistcha\n|-supereffective|p2a: Sinistcha|1\n|-damage|p2a: Sinistcha|72/100\n|-supereffective|p2a: Sinistcha|1\n|-damage|p2a: Sinistcha|42/100\n|-hitcount|p2a: Sinistcha|2\n|move|p1a: Ophelia|Hyper Voice|p2a: Sinistcha|[spread] p2a,p2b\n|-damage|p2a: Sinistcha|11/100\n|-damage|p2b: Archaludon|60/100\n|-ability|p2b: Archaludon|Stamina|boost\n|-boost|p2b: Archaludon|def|1\n|move|p2b: Archaludon|Electro Shot||[still]\n|-prepare|p2b: Archaludon|Electro Shot\n|-boost|p2b: Archaludon|spa|1\n|-anim|p2b: Archaludon|Electro Shot|p1b: Morganucodon\n|-supereffective|p1b: Morganucodon|1\n|-enditem|p1b: Morganucodon|Focus Sash\n|-damage|p1b: Morganucodon|1/100\n|move|p2a: Sinistcha|Matcha Gotcha|p1a: Ophelia|[spread] p1a,p1b\n|-resisted|p1b: Morganucodon|2\n|-damage|p1a: Ophelia|47/100\n|-heal|p2a: Sinistcha|22/100|[from] drain|[of] p1a: Ophelia\n|-damage|p1b: Morganucodon|0 fnt\n|-heal|p2a: Sinistcha|23/100|[from] drain|[of] p1b: Morganucodon\n|faint|p1b: Morganucodon\n|\n|-weather|RainDance|[upkeep]\n|-heal|p2b: Archaludon|67/100|[from] item: Leftovers\n|-sideend|p1: Luma Tactas|move: Tailwind\n|upkeep\n|\n|t:|1788222254\n|switch|p1b: Motorwash|Rotom-Wash, L50|100/100\n|turn|5\n|\n|t:|1788222279\n|move|p1a: Ophelia|Hyper Voice|p2b: Archaludon|[spread] p2a,p2b\n|-damage|p2a: Sinistcha|0 fnt\n|-damage|p2b: Archaludon|27/100\n|-ability|p2b: Archaludon|Stamina|boost\n|-boost|p2b: Archaludon|def|1\n|faint|p2a: Sinistcha\n|move|p2b: Archaludon|Electro Shot||[still]\n|-prepare|p2b: Archaludon|Electro Shot\n|-boost|p2b: Archaludon|spa|1\n|-anim|p2b: Archaludon|Electro Shot|p1b: Motorwash\n|-damage|p1b: Motorwash|0 fnt\n|faint|p1b: Motorwash\n|\n|-weather|RainDance|[upkeep]\n|-heal|p2b: Archaludon|34/100|[from] item: Leftovers\n|-sideend|p2: sahhr|move: Light Screen\n|upkeep\n|\n|t:|1788222293\n|switch|p2a: Pelipper|Pelipper, L50, M|100/100\n|turn|6\n|\n|t:|1788222363\n|move|p2a: Pelipper|Wide Guard|p2a: Pelipper\n|-singleturn|p2a: Pelipper|Wide Guard\n|move|p1a: Ophelia|Psychic|p2b: Archaludon\n|-resisted|p2b: Archaludon|1\n|-damage|p2b: Archaludon|5/100\n|-ability|p2b: Archaludon|Stamina|boost\n|-boost|p2b: Archaludon|def|1\n|move|p2b: Archaludon|Flash Cannon|p1a: Ophelia\n|-supereffective|p1a: Ophelia|1\n|-damage|p1a: Ophelia|0 fnt\n|faint|p1a: Ophelia\n|\n|win|sahhr\n|raw|Luma Tactas's rating: 1070 &rarr; <strong>1053</strong><br />(-17 for losing)\n|raw|sahhr's rating: 1129 &rarr; <strong>1150</strong><br />(+21 for winning)\n|l|‽sahhr\n|player|p2|\n","uploadtime":1788222409,"views":"1","formatid":"gen9championsvgc2026regmbbo3","rating":1053,"private":0,"password":null}