{"id":"gen9championsvgc2026regmbbo3-2673310057","format":"[Gen 9 Champions] VGC 2026 Reg M-B (Bo3)","players":["humania1","Prof. Bush"],"log":"|j|☆humania1\n|j|☆Prof. Bush\n|html|<table width=\"100%\"><tr><td align=\"left\">humania1</td><td align=\"right\">Prof. Bush</tr><tr><td align=\"left\"><i class=\"fa fa-circle-o\"></i> <i class=\"fa fa-circle-o\"></i> </td><td align=\"right\"><i class=\"fa fa-circle-o\"></i> <i class=\"fa fa-circle-o\"></i> </tr></table>\n|uhtml|bestof|<h2><strong>Game 1</strong> of <a href=\"/game-bestof3-gen9championsvgc2026regmbbo3-2673310056\">a best-of-3</a></h2>\n|t:|1788181287\n|gametype|doubles\n|player|p1|humania1|170|1014\n|player|p2|Prof. Bush|li|1084\n|gen|9\n|tier|[Gen 9 Champions] VGC 2026 Reg M-B (Bo3)\n|rated|\n|rule|Species Clause: Limit one of each Pokémon\n|rule|Item Clause: Limit 1 of each item\n|clearpoke\n|poke|p1|Blastoise, L50, F|\n|poke|p1|Delphox, L50, F, shiny|\n|poke|p1|Incineroar, L50, M|\n|poke|p1|Sinistcha, L50|\n|poke|p1|Sneasler, L50, M|\n|poke|p1|Vivillon, L50, M|\n|poke|p2|Gardevoir, L50, F|\n|poke|p2|Krookodile, L50, M|\n|poke|p2|Talonflame, L50, M|\n|poke|p2|Gholdengo, L50|\n|poke|p2|Rotom-Wash, L50|\n|poke|p2|Sneasler, L50, F|\n|teampreview|4\n|showteam|p1|Blastoise||Blastoisinite|Torrent|Protect,ShellSmash,WaterSpout,DarkPulse|Modest||F|||50|]Delphox||Delphoxite|Blaze|Protect,HeatWave,Psyshock,NastyPlot|Timid||F|||50|]Incineroar||PasshoBerry|Intimidate|FakeOut,PartingShot,FlareBlitz,ThroatChop|Impish||M|||50|]Sinistcha||SitrusBerry|Hospitality|Protect,MatchaGotcha,TrickRoom,RagePowder|Bold|||||50|]Sneasler||FocusSash|PoisonTouch|QuickGuard,FakeOut,CloseCombat,DireClaw|Jolly||M|||50|]Vivillon||ChoiceScarf|CompoundEyes|Hurricane,SleepPowder,RagePowder,Uturn|Timid||M|||50|\n|showteam|p2|Gardevoir||Gardevoirite|Synchronize|HyperVoice,TrickRoom,Psyshock,Protect|Quiet||F|||50|]Krookodile||RoseliBerry|Intimidate|KnockOff,HighHorsepower,RockSlide,Protect|Brave||M|||50|]Talonflame||SharpBeak|GaleWings|Tailwind,WillOWisp,BraveBird,FlareBlitz|Jolly||M|||50|]Gholdengo||LifeOrb|GoodasGold|MakeItRain,ShadowBall,NastyPlot,Protect|Modest|||||50|]Rotom-Wash||SitrusBerry|Levitate|WillOWisp,VoltSwitch,HydroPump,Thunderbolt|Modest|||||50|]Sneasler||FocusSash|PoisonTouch|FakeOut,CloseCombat,DireClaw,Protect|Adamant||F|||50|\n|inactive|Battle timer is ON: inactive players will automatically lose when time's up. (requested by humania1)\n|inactive|Prof. Bush also wants the timer to be on.\n|inactive|Prof. Bush has 60 seconds left.\n|inactive|Prof. Bush has 30 seconds left.\n|inactive|Prof. Bush has 20 seconds left.\n|\n|t:|1788181359\n|teamsize|p1|4\n|teamsize|p2|4\n|start\n|switch|p1a: Blastoise|Blastoise, L50, F|100/100\n|switch|p1b: Delphox|Delphox, L50, F, shiny|100/100\n|switch|p2a: Gholdengo|Gholdengo, L50|100/100\n|switch|p2b: Krookodile|Krookodile, L50, M|100/100\n|-ability|p2b: Krookodile|Intimidate|boost\n|-unboost|p1a: Blastoise|atk|1\n|-unboost|p1b: Delphox|atk|1\n|turn|1\n|inactive|Prof. Bush has 30 seconds left.\n|\n|t:|1788181386\n|move|p2a: Gholdengo|Protect|p2a: Gholdengo\n|-singleturn|p2a: Gholdengo|Protect\n|move|p2b: Krookodile|Protect|p2b: Krookodile\n|-singleturn|p2b: Krookodile|Protect\n|move|p1b: Delphox|Heat Wave|p2b: Krookodile|[spread] \n|-activate|p2a: Gholdengo|move: Protect\n|-activate|p2b: Krookodile|move: Protect\n|move|p1a: Blastoise|Water Spout|p2b: Krookodile|[spread] \n|-activate|p2a: Gholdengo|move: Protect\n|-activate|p2b: Krookodile|move: Protect\n|\n|upkeep\n|turn|2\n|\n|t:|1788181411\n|switch|p2a: Gardevoir|Gardevoir, L50, F|100/100\n|move|p1b: Delphox|Heat Wave|p2a: Gardevoir|[spread] p2a,p2b\n|-damage|p2a: Gardevoir|70/100\n|-damage|p2b: Krookodile|59/100\n|move|p1a: Blastoise|Water Spout|p2a: Gardevoir|[spread] p2a,p2b\n|-supereffective|p2b: Krookodile|1\n|-damage|p2a: Gardevoir|30/100\n|-damage|p2b: Krookodile|0 fnt\n|faint|p2b: Krookodile\n|\n|upkeep\n|\n|t:|1788181422\n|switch|p2b: Talonflame|Talonflame, L50, M|100/100\n|turn|3\n|\n|t:|1788181430\n|detailschange|p2a: Gardevoir|Gardevoir-Mega, L50, F\n|-mega|p2a: Gardevoir|Gardevoir|Gardevoirite\n|move|p2b: Talonflame|Tailwind|p2b: Talonflame\n|-sidestart|p2: Prof. Bush|move: Tailwind\n|move|p2a: Gardevoir|Hyper Voice|p1b: Delphox|[spread] p1a,p1b\n|-resisted|p1b: Delphox|1\n|-damage|p1a: Blastoise|40/100\n|-damage|p1b: Delphox|68/100\n|move|p1b: Delphox|Heat Wave|p2a: Gardevoir|[spread] p2a,p2b\n|-resisted|p2b: Talonflame|1\n|-damage|p2a: Gardevoir|3/100\n|-damage|p2b: Talonflame|74/100\n|move|p1a: Blastoise|Water Spout|p2b: Talonflame|[spread] p2a,p2b\n|-supereffective|p2b: Talonflame|1\n|-damage|p2a: Gardevoir|0 fnt\n|-damage|p2b: Talonflame|14/100\n|faint|p2a: Gardevoir\n|\n|upkeep\n|\n|t:|1788181436\n|switch|p2a: Gholdengo|Gholdengo, L50|100/100\n|turn|4\n|\n|t:|1788181449\n|move|p2b: Talonflame|Brave Bird|p1a: Blastoise\n|-damage|p1a: Blastoise|0 fnt\n|faint|p1a: Blastoise\n|-damage|p2b: Talonflame|1/100|[from] Recoil\n|move|p2a: Gholdengo|Shadow Ball|p1b: Delphox\n|-supereffective|p1b: Delphox|1\n|-damage|p1b: Delphox|0 fnt\n|faint|p1b: Delphox\n|-damage|p2a: Gholdengo|90/100|[from] item: Life Orb\n|\n|upkeep\n|\n|t:|1788181449\n|switch|p1b: Incineroar|Incineroar, L50, M|100/100\n|switch|p1a: Sinistcha|Sinistcha, L50|100/100\n|-ability|p1b: Incineroar|Intimidate|boost\n|-unboost|p2a: Gholdengo|atk|1\n|-unboost|p2b: Talonflame|atk|1\n|turn|5\n|\n|t:|1788181465\n|move|p1a: Sinistcha|Protect|p1a: Sinistcha\n|-singleturn|p1a: Sinistcha|Protect\n|move|p2b: Talonflame|Brave Bird|p1b: Incineroar\n|-damage|p1b: Incineroar|71/100\n|-damage|p2b: Talonflame|0 fnt|[from] Recoil\n|faint|p2b: Talonflame\n|move|p2a: Gholdengo|Shadow Ball|p1a: Sinistcha\n|-activate|p1a: Sinistcha|move: Protect\n|move|p1b: Incineroar|Flare Blitz|p2a: Gholdengo\n|-supereffective|p2a: Gholdengo|1\n|-damage|p2a: Gholdengo|2/100\n|-damage|p1b: Incineroar|43/100|[from] Recoil\n|\n|upkeep\n|turn|6\n|\n|t:|1788181471\n|move|p2a: Gholdengo|Shadow Ball|p1a: Sinistcha\n|-supereffective|p1a: Sinistcha|1\n|-crit|p1a: Sinistcha\n|-damage|p1a: Sinistcha|0 fnt\n|faint|p1a: Sinistcha\n|-damage|p2a: Gholdengo|0 fnt|[from] item: Life Orb\n|faint|p2a: Gholdengo\n|\n|win|humania1\n","uploadtime":1788181472,"views":"4","formatid":"gen9championsvgc2026regmbbo3","rating":null,"private":0,"password":null}