{"id":"gen9championsvgc2026regmbbo3-2674450257","format":"[Gen 9 Champions] VGC 2026 Reg M-B (Bo3)","players":["Ceuta","Jorge Saltamontes"],"log":"|j|☆Ceuta\n|j|☆Jorge Saltamontes\n|html|<table width=\"100%\"><tr><td align=\"left\">Ceuta</td><td align=\"right\">Jorge Saltamontes</tr><tr><td align=\"left\"><i class=\"fa fa-circle-o\"></i> <i class=\"fa fa-circle-o\"></i> </td><td align=\"right\"><i class=\"fa fa-circle-o\"></i> <i class=\"fa fa-circle\"></i> </tr></table>\n|uhtml|bestof|<h2><strong>Game 2</strong> of <a href=\"/game-bestof3-gen9championsvgc2026regmbbo3-2674447817\">a best-of-3</a></h2>\n|t:|1788361268\n|gametype|doubles\n|player|p1|Ceuta|lebanne|\n|player|p2|Jorge Saltamontes|marshal|\n|gen|9\n|tier|[Gen 9 Champions] VGC 2026 Reg M-B (Bo3)\n|rule|Species Clause: Limit one of each Pokémon\n|rule|Item Clause: Limit 1 of each item\n|clearpoke\n|poke|p1|Incineroar, L50, F|\n|poke|p1|Maushold-Four, L50|\n|poke|p1|Sinistcha, L50|\n|poke|p1|Kingambit, L50, M|\n|poke|p1|Floette-Eternal, L50, F|\n|poke|p1|Delphox, L50, F|\n|poke|p2|Charizard, L50, F|\n|poke|p2|Garchomp, L50, M|\n|poke|p2|Incineroar, L50, M|\n|poke|p2|Venusaur, L50, F|\n|poke|p2|Toxapex, L50, M|\n|poke|p2|Sylveon, L50, F|\n|teampreview|4\n|showteam|p1|Incineroar||SitrusBerry|Intimidate|FakeOut,FlareBlitz,DarkestLariat,PartingShot|Careful||F|||50|]Maushold-Four||FocusSash|FriendGuard|FollowMe,SuperFang,Feint,Protect|Jolly|||||50|]Sinistcha||OccaBerry|Hospitality|MatchaGotcha,LifeDew,RagePowder,Protect|Relaxed|||||50|]Kingambit||LifeOrb|Defiant|KowtowCleave,SuckerPunch,SwordsDance,Protect|Adamant||M|||50|]Floette-Eternal||Floettite|FlowerVeil|Moonblast,DazzlingGleam,CalmMind,Protect|Modest||F|||50|]Delphox||Delphoxite|Blaze|Psychic,HeatWave,NastyPlot,Protect|Timid||F|||50|\n|showteam|p2|Charizard||CharizarditeY|Blaze|WeatherBall,HeatWave,AncientPower,Protect|Modest||F|||50|]Garchomp||ChoiceScarf|RoughSkin|RockSlide,DragonClaw,Earthquake,StompingTantrum|Adamant||M|||50|]Incineroar||SitrusBerry|Intimidate|FlareBlitz,FakeOut,Protect,PartingShot|Impish||M|||50|]Venusaur||FocusSash|Chlorophyll|SludgeBomb,SleepPowder,EarthPower,Protect|Modest||F|||50|]Toxapex||Leftovers|Regenerator|Infestation,Toxic,WideGuard,BanefulBunker|Bold||M|||50|]Sylveon||FairyFeather|Pixilate|HyperVoice,QuickAttack,Yawn,Detect|Modest||F|||50|\n|\n|t:|1788361304\n|teamsize|p1|4\n|teamsize|p2|4\n|start\n|switch|p1a: Incineroar|Incineroar, L50, F|100/100\n|switch|p1b: Delphox|Delphox, L50, F|100/100\n|switch|p2a: Charizard|Charizard, L50, F|100/100\n|switch|p2b: Venusaur|Venusaur, L50, F|100/100\n|-ability|p1a: Incineroar|Intimidate|boost\n|-unboost|p2a: Charizard|atk|1\n|-unboost|p2b: Venusaur|atk|1\n|turn|1\n|\n|t:|1788361315\n|detailschange|p1b: Delphox|Delphox-Mega, L50, F\n|-mega|p1b: Delphox|Delphox|Delphoxite\n|detailschange|p2a: Charizard|Charizard-Mega-Y, L50, F\n|-mega|p2a: Charizard|Charizard|Charizardite Y\n|-weather|SunnyDay|[from] ability: Drought|[of] p2a: Charizard\n|move|p1a: Incineroar|Fake Out|p2b: Venusaur\n|-crit|p2b: Venusaur\n|-damage|p2b: Venusaur|78/100\n|cant|p2b: Venusaur|flinch\n|move|p1b: Delphox|Heat Wave|p2a: Charizard|[spread] p2a,p2b\n|-resisted|p2a: Charizard|1\n|-supereffective|p2b: Venusaur|1\n|-damage|p2a: Charizard|69/100\n|-damage|p2b: Venusaur|0 fnt\n|faint|p2b: Venusaur\n|move|p2a: Charizard|Ancient Power|p1b: Delphox\n|-supereffective|p1b: Delphox|1\n|-damage|p1b: Delphox|56/100\n|\n|-weather|SunnyDay|[upkeep]\n|upkeep\n|\n|t:|1788361330\n|switch|p2b: Garchomp|Garchomp, L50, M|100/100\n|turn|2\n|\n|t:|1788361345\n|move|p1b: Delphox|Protect|p1b: Delphox\n|-singleturn|p1b: Delphox|Protect\n|move|p2b: Garchomp|Rock Slide|p1b: Delphox|[spread] p1a\n|-activate|p1b: Delphox|move: Protect\n|-supereffective|p1a: Incineroar|1\n|-damage|p1a: Incineroar|61/100\n|move|p2a: Charizard|Ancient Power|p1b: Delphox\n|-activate|p1b: Delphox|move: Protect\n|move|p1a: Incineroar|Parting Shot|p2a: Charizard\n|-unboost|p2a: Charizard|atk|1\n|-unboost|p2a: Charizard|spa|1\n|\n|t:|1788361354\n|switch|p1a: Sinistcha|Sinistcha, L50|100/100|[from] Parting Shot\n|-heal|p1b: Delphox|81/100|[from] ability: Hospitality|[of] p1a: Sinistcha\n|\n|-weather|SunnyDay|[upkeep]\n|upkeep\n|turn|3\n|\n|t:|1788361379\n|switch|p1a: Incineroar|Incineroar, L50, F|61/100\n|-ability|p1a: Incineroar|Intimidate|boost\n|-unboost|p2a: Charizard|atk|1\n|-unboost|p2b: Garchomp|atk|1\n|move|p2b: Garchomp|Rock Slide|p1b: Delphox|[spread] p1a,p1b\n|-supereffective|p1a: Incineroar|1\n|-supereffective|p1b: Delphox|1\n|-damage|p1a: Incineroar|37/100\n|-damage|p1b: Delphox|44/100\n|-enditem|p1a: Incineroar|Sitrus Berry|[eat]\n|-heal|p1a: Incineroar|62/100|[from] item: Sitrus Berry\n|cant|p1b: Delphox|flinch\n|move|p2a: Charizard|Ancient Power|p1b: Delphox\n|-supereffective|p1b: Delphox|1\n|-damage|p1b: Delphox|14/100\n|\n|-weather|SunnyDay|[upkeep]\n|upkeep\n|turn|4\n|\n|t:|1788361398\n|move|p1b: Delphox|Protect|p1b: Delphox\n|-singleturn|p1b: Delphox|Protect\n|move|p2b: Garchomp|Rock Slide|p1a: Incineroar|[spread] p1a\n|-activate|p1b: Delphox|move: Protect\n|-supereffective|p1a: Incineroar|1\n|-damage|p1a: Incineroar|34/100\n|move|p2a: Charizard|Ancient Power|p1b: Delphox\n|-activate|p1b: Delphox|move: Protect\n|move|p1a: Incineroar|Parting Shot|p2a: Charizard\n|-unboost|p2a: Charizard|atk|1\n|-unboost|p2a: Charizard|spa|1\n|\n|t:|1788361407\n|switch|p1a: Sinistcha|Sinistcha, L50|100/100|[from] Parting Shot\n|-heal|p1b: Delphox|39/100|[from] ability: Hospitality|[of] p1a: Sinistcha\n|\n|-weather|SunnyDay|[upkeep]\n|upkeep\n|turn|5\n|\n|t:|1788361428\n|switch|p1a: Maushold|Maushold-Four, L50|100/100\n|move|p2b: Garchomp|Rock Slide|p1b: Delphox|[spread] p1a,p1b\n|-supereffective|p1b: Delphox|1\n|-damage|p1a: Maushold|81/100\n|-damage|p1b: Delphox|13/100\n|cant|p1b: Delphox|flinch\n|move|p2a: Charizard|Heat Wave|p1a: Maushold|[spread] p1a,p1b\n|-resisted|p1b: Delphox|1\n|-damage|p1a: Maushold|44/100\n|-damage|p1b: Delphox|3/100\n|\n|-weather|none\n|upkeep\n|turn|6\n|\n|t:|1788361447\n|switch|p1a: Sinistcha|Sinistcha, L50|100/100\n|-heal|p1b: Delphox|27/100|[from] ability: Hospitality|[of] p1a: Sinistcha\n|switch|p2a: Incineroar|Incineroar, L50, M|100/100\n|-ability|p2a: Incineroar|Intimidate|boost\n|-unboost|p1a: Sinistcha|atk|1\n|-unboost|p1b: Delphox|atk|1\n|move|p1b: Delphox|Protect|p1b: Delphox\n|-singleturn|p1b: Delphox|Protect\n|move|p2b: Garchomp|Rock Slide|p1a: Sinistcha|[spread] p1a\n|-activate|p1b: Delphox|move: Protect\n|-damage|p1a: Sinistcha|88/100\n|\n|upkeep\n|turn|7\n|\n|t:|1788361464\n|switch|p1b: Maushold|Maushold-Four, L50|44/100\n|switch|p1a: Incineroar|Incineroar, L50, F|34/100\n|-ability|p1a: Incineroar|Intimidate|boost\n|-unboost|p2a: Incineroar|atk|1\n|-unboost|p2b: Garchomp|atk|1\n|move|p2a: Incineroar|Fake Out|p1b: Maushold\n|-damage|p1b: Maushold|34/100\n|move|p2b: Garchomp|Rock Slide|p1b: Maushold|[spread] p1b\n|-miss|p2b: Garchomp|p1a: Incineroar\n|-damage|p1b: Maushold|18/100\n|\n|upkeep\n|turn|8\n|\n|t:|1788361481\n|move|p1a: Incineroar|Fake Out|p2a: Incineroar\n|-damage|p2a: Incineroar|92/100\n|move|p2b: Garchomp|Rock Slide|p1a: Incineroar|[spread] p1a,p1b\n|-supereffective|p1a: Incineroar|1\n|-damage|p1a: Incineroar|19/100\n|-damage|p1b: Maushold|3/100\n|move|p1b: Maushold|Super Fang|p2b: Garchomp|[miss]\n|-miss|p1b: Maushold|p2b: Garchomp\n|cant|p2a: Incineroar|flinch\n|\n|upkeep\n|turn|9\n|\n|t:|1788361494\n|move|p1b: Maushold|Protect|p1b: Maushold\n|-singleturn|p1b: Maushold|Protect\n|move|p2b: Garchomp|Rock Slide|p1b: Maushold|[spread] p1a\n|-activate|p1b: Maushold|move: Protect\n|-supereffective|p1a: Incineroar|1\n|-damage|p1a: Incineroar|5/100\n|move|p2a: Incineroar|Parting Shot|p1a: Incineroar\n|-unboost|p1a: Incineroar|atk|1\n|-unboost|p1a: Incineroar|spa|1\n|\n|t:|1788361502\n|switch|p2a: Charizard|Charizard-Mega-Y, L50, F|69/100|[from] Parting Shot\n|-weather|SunnyDay|[from] ability: Drought|[of] p2a: Charizard\n|move|p1a: Incineroar|Parting Shot|p2b: Garchomp\n|-unboost|p2b: Garchomp|atk|1\n|-unboost|p2b: Garchomp|spa|1\n|\n|t:|1788361506\n|switch|p1a: Delphox|Delphox-Mega, L50, F|27/100|[from] Parting Shot\n|\n|-weather|SunnyDay|[upkeep]\n|upkeep\n|turn|10\n|\n|t:|1788361520\n|switch|p1b: Sinistcha|Sinistcha, L50|88/100\n|-heal|p1a: Delphox|52/100|[from] ability: Hospitality|[of] p1b: Sinistcha\n|move|p1a: Delphox|Protect|p1a: Delphox\n|-singleturn|p1a: Delphox|Protect\n|move|p2b: Garchomp|Rock Slide|p1b: Sinistcha|[spread] p1b\n|-activate|p1a: Delphox|move: Protect\n|-damage|p1b: Sinistcha|82/100\n|move|p2a: Charizard|Ancient Power|p1a: Delphox\n|-activate|p1a: Delphox|move: Protect\n|\n|-weather|SunnyDay|[upkeep]\n|upkeep\n|turn|11\n|\n|t:|1788361534\n|switch|p2b: Incineroar|Incineroar, L50, M|92/100\n|-ability|p2b: Incineroar|Intimidate|boost\n|-unboost|p1a: Delphox|atk|1\n|-unboost|p1b: Sinistcha|atk|1\n|switch|p1b: Maushold|Maushold-Four, L50|3/100\n|move|p1a: Delphox|Nasty Plot|p1a: Delphox\n|-boost|p1a: Delphox|spa|2\n|move|p2a: Charizard|Heat Wave|p1b: Maushold|[spread] p1a,p1b\n|-resisted|p1a: Delphox|1\n|-damage|p1a: Delphox|32/100\n|-damage|p1b: Maushold|0 fnt\n|faint|p1b: Maushold\n|\n|-weather|SunnyDay|[upkeep]\n|upkeep\n|\n|t:|1788361544\n|switch|p1b: Incineroar|Incineroar, L50, F|5/100\n|-ability|p1b: Incineroar|Intimidate|boost\n|-unboost|p2a: Charizard|atk|1\n|-unboost|p2b: Incineroar|atk|1\n|turn|12\n|\n|t:|1788361554\n|move|p1a: Delphox|Protect|p1a: Delphox\n|-singleturn|p1a: Delphox|Protect\n|move|p2b: Incineroar|Fake Out|p1a: Delphox\n|-activate|p1a: Delphox|move: Protect\n|move|p2a: Charizard|Heat Wave|p1a: Delphox|[spread] p1b\n|-activate|p1a: Delphox|move: Protect\n|-resisted|p1b: Incineroar|1\n|-damage|p1b: Incineroar|0 fnt\n|faint|p1b: Incineroar\n|\n|-weather|SunnyDay|[upkeep]\n|upkeep\n|\n|t:|1788361559\n|switch|p1b: Sinistcha|Sinistcha, L50|82/100\n|-heal|p1a: Delphox|56/100|[from] ability: Hospitality|[of] p1b: Sinistcha\n|turn|13\n|\n|t:|1788361570\n|move|p1a: Delphox|Psychic|p2a: Charizard\n|-damage|p2a: Charizard|0 fnt\n|faint|p2a: Charizard\n|move|p1b: Sinistcha|Life Dew|p1b: Sinistcha|[spread] p1a,p1b\n|-heal|p1a: Delphox|81/100\n|-heal|p1b: Sinistcha|100/100\n|move|p2b: Incineroar|Flare Blitz|p1b: Sinistcha\n|-supereffective|p1b: Sinistcha|1\n|-crit|p1b: Sinistcha\n|-enditem|p1b: Sinistcha|Occa Berry|[eat]\n|-enditem|p1b: Sinistcha|Occa Berry|[weaken]\n|-damage|p1b: Sinistcha|16/100\n|-damage|p2b: Incineroar|67/100|[from] Recoil\n|\n|-weather|none\n|upkeep\n|\n|t:|1788361573\n|switch|p2a: Garchomp|Garchomp, L50, M|100/100\n|turn|14\n|\n|t:|1788361591\n|move|p1b: Sinistcha|Protect|p1b: Sinistcha\n|-singleturn|p1b: Sinistcha|Protect\n|move|p2a: Garchomp|Rock Slide|p1b: Sinistcha|[spread] p1a\n|-activate|p1b: Sinistcha|move: Protect\n|-supereffective|p1a: Delphox|1\n|-damage|p1a: Delphox|33/100\n|move|p1a: Delphox|Psychic|p2a: Garchomp\n|-damage|p2a: Garchomp|0 fnt\n|faint|p2a: Garchomp\n|move|p2b: Incineroar|Flare Blitz|p1a: Delphox\n|-resisted|p1a: Delphox|1\n|-damage|p1a: Delphox|13/100\n|-damage|p2b: Incineroar|62/100|[from] Recoil\n|\n|upkeep\n|turn|15\n|\n|t:|1788361623\n|move|p1a: Delphox|Heat Wave|p2b: Incineroar\n|-resisted|p2b: Incineroar|1\n|-damage|p2b: Incineroar|17/100\n|-enditem|p2b: Incineroar|Sitrus Berry|[eat]\n|-heal|p2b: Incineroar|42/100|[from] item: Sitrus Berry\n|move|p2b: Incineroar|Flare Blitz|p1b: Sinistcha\n|-supereffective|p1b: Sinistcha|1\n|-damage|p1b: Sinistcha|0 fnt\n|faint|p1b: Sinistcha\n|-damage|p2b: Incineroar|37/100|[from] Recoil\n|\n|upkeep\n|turn|16\n|\n|t:|1788361629\n|move|p1a: Delphox|Heat Wave|p2b: Incineroar\n|-resisted|p2b: Incineroar|1\n|-damage|p2b: Incineroar|0 fnt\n|faint|p2b: Incineroar\n|\n|win|Ceuta\n","uploadtime":1788361273,"views":"1","formatid":"gen9championsvgc2026regmbbo3","rating":null,"private":0,"password":null}