{"id":"gen9championsvgc2026regmbbo3-2674338993","format":"[Gen 9 Champions] VGC 2026 Reg M-B (Bo3)","players":["Master M-rada","shibikanon"],"log":"|j|☆Master M-rada\n|j|☆shibikanon\n|html|<table width=\"100%\"><tr><td align=\"left\">Master M-rada</td><td align=\"right\">shibikanon</tr><tr><td align=\"left\"><i class=\"fa fa-circle\"></i> <i class=\"fa fa-circle-o\"></i> </td><td align=\"right\"><i class=\"fa fa-circle-o\"></i> <i class=\"fa fa-circle\"></i> </tr></table>\n|uhtml|bestof|<h2><strong>Game 3</strong> of <a href=\"/game-bestof3-gen9championsvgc2026regmbbo3-2674336442\">a best-of-3</a></h2>\n|t:|1788344404\n|gametype|doubles\n|player|p1|Master M-rada|miku-ice|1246\n|player|p2|shibikanon|skyla-masters3|1401\n|gen|9\n|tier|[Gen 9 Champions] VGC 2026 Reg M-B (Bo3)\n|rated|\n|rule|Species Clause: Limit one of each Pokémon\n|rule|Item Clause: Limit 1 of each item\n|clearpoke\n|poke|p1|Gengar, L50, M, shiny|\n|poke|p1|Snorlax, L50, M|\n|poke|p1|Incineroar, L50, M|\n|poke|p1|Scrafty, L50, F, shiny|\n|poke|p1|Dragonite, L50, M|\n|poke|p1|Altaria, L50, F, shiny|\n|poke|p2|Charizard, L50, F, shiny|\n|poke|p2|Sylveon, L50, F, shiny|\n|poke|p2|Incineroar, L50, F|\n|poke|p2|Rhyperior, L50, M|\n|poke|p2|Farigiraf, L50, F|\n|poke|p2|Basculegion, L50, M|\n|teampreview|4\n|showteam|p1|Gengar||Gengarite|CursedBody|PerishSong,ShadowBall,SludgeBomb,Protect|Modest||M|||50|]Snorlax||Leftovers|ThickFat|Yawn,Encore,Fissure,Protect|Relaxed||M|||50|]Incineroar||SitrusBerry|Intimidate|FlareBlitz,PartingShot,FakeOut,Protect|Relaxed||M|||50|]Scrafty||FocusSash|Intimidate|CloseCombat,KnockOff,FakeOut,Protect|Impish||F|||50|]Dragonite||LifeOrb|InnerFocus|DragonClaw,LowKick,ExtremeSpeed,Protect|Adamant||M|||50|]Altaria||HabanBerry|CloudNine|FireSpin,Roost,PerishSong,Protect|Calm||F|||50|\n|showteam|p2|Charizard||CharizarditeY|Blaze|HeatWave,WeatherBall,SolarBeam,Protect|Modest||F|||50|]Sylveon||FairyFeather|Pixilate|HyperVoice,QuickAttack,HyperBeam,Detect|Modest||F|||50|]Incineroar||SitrusBerry|Intimidate|FlareBlitz,ThroatChop,PartingShot,FakeOut|Adamant||F|||50|]Rhyperior||LifeOrb|SolidRock|HighHorsepower,RockSlide,IcePunch,Protect|Brave||M|||50|]Farigiraf||ColburBerry|ArmorTail|Psychic,Thunderbolt,TrickRoom,Protect|Modest||F|||50|]Basculegion||ChoiceScarf|Adaptability|WaveCrash,LastRespects,AquaJet,FlipTurn|Jolly||M|||50|\n|inactive|Battle timer is ON: inactive players will automatically lose when time's up. (requested by Master M-rada)\n|inactive|shibikanon also wants the timer to be on.\n|\n|t:|1788344424\n|teamsize|p1|4\n|teamsize|p2|4\n|start\n|switch|p1a: Gengar|Gengar, L50, M, shiny|100/100\n|switch|p1b: Dragonite|Dragonite, L50, M|100/100\n|switch|p2a: Sylveon|Sylveon, L50, F, shiny|100/100\n|switch|p2b: Farigiraf|Farigiraf, L50, F|100/100\n|turn|1\n|inactive|Master M-rada has 30 seconds left.\n|\n|t:|1788344451\n|switch|p1b: Snorlax|Snorlax, L50, M|100/100\n|detailschange|p1a: Gengar|Gengar-Mega, L50, M, shiny\n|-mega|p1a: Gengar|Gengar|Gengarite\n|move|p1a: Gengar|Sludge Bomb|p2a: Sylveon\n|-supereffective|p2a: Sylveon|1\n|-damage|p2a: Sylveon|17/100\n|move|p2a: Sylveon|Hyper Voice|p1a: Gengar|[spread] p1a,p1b\n|-resisted|p1a: Gengar|1\n|-damage|p1a: Gengar|75/100\n|-damage|p1b: Snorlax|69/100\n|move|p2b: Farigiraf|Psychic|p1a: Gengar\n|-supereffective|p1a: Gengar|1\n|-damage|p1a: Gengar|0 fnt\n|faint|p1a: Gengar\n|\n|-heal|p1b: Snorlax|75/100|[from] item: Leftovers\n|upkeep\n|\n|t:|1788344474\n|switch|p1a: Incineroar|Incineroar, L50, M|100/100\n|-ability|p1a: Incineroar|Intimidate|boost\n|-unboost|p2a: Sylveon|atk|1\n|-unboost|p2b: Farigiraf|atk|1\n|turn|2\n|\n|t:|1788344483\n|move|p2a: Sylveon|Hyper Beam|p1a: Incineroar\n|-damage|p1a: Incineroar|7/100\n|-mustrecharge|p2a: Sylveon\n|-enditem|p1a: Incineroar|Sitrus Berry|[eat]\n|-heal|p1a: Incineroar|32/100|[from] item: Sitrus Berry\n|move|p2b: Farigiraf|Psychic|p1b: Snorlax\n|-damage|p1b: Snorlax|53/100\n|move|p1a: Incineroar|Flare Blitz|p2a: Sylveon\n|-damage|p2a: Sylveon|0 fnt\n|faint|p2a: Sylveon\n|-damage|p1a: Incineroar|27/100|[from] Recoil\n|move|p1b: Snorlax|Fissure|p2b: Farigiraf\n|-damage|p2b: Farigiraf|0 fnt\n|faint|p2b: Farigiraf\n|-ohko\n|\n|-heal|p1b: Snorlax|59/100|[from] item: Leftovers\n|upkeep\n|\n|t:|1788344488\n|switch|p2a: Rhyperior|Rhyperior, L50, M|100/100\n|switch|p2b: Basculegion|Basculegion, L50, M|100/100\n|turn|3\n|inactive|Master M-rada has 30 seconds left.\n|inactive|Master M-rada has 20 seconds left.\n|inactive|Master M-rada has 15 seconds left.\n|inactive|Master M-rada has 10 seconds left.\n|\n|t:|1788344534\n|switch|p1a: Dragonite|Dragonite, L50, M|100/100\n|move|p1b: Snorlax|Protect|p1b: Snorlax\n|-singleturn|p1b: Snorlax|Protect\n|move|p2b: Basculegion|Wave Crash|p1b: Snorlax\n|-activate|p1b: Snorlax|move: Protect\n|move|p2a: Rhyperior|Rock Slide|p1a: Dragonite|[spread] p1a\n|-activate|p1b: Snorlax|move: Protect\n|-supereffective|p1a: Dragonite|1\n|-damage|p1a: Dragonite|18/100\n|-damage|p2a: Rhyperior|90/100|[from] item: Life Orb\n|\n|-heal|p1b: Snorlax|66/100|[from] item: Leftovers\n|upkeep\n|turn|4\n|inactive|Master M-rada has 30 seconds left.\n|\n|t:|1788344562\n|switch|p1b: Incineroar|Incineroar, L50, M|27/100\n|-ability|p1b: Incineroar|Intimidate|boost\n|-unboost|p2a: Rhyperior|atk|1\n|-unboost|p2b: Basculegion|atk|1\n|move|p2b: Basculegion|Wave Crash|p1a: Dragonite\n|-resisted|p1a: Dragonite|1\n|-damage|p1a: Dragonite|0 fnt\n|faint|p1a: Dragonite\n|-damage|p2b: Basculegion|93/100|[from] Recoil\n|move|p2a: Rhyperior|High Horsepower|p1b: Incineroar\n|-supereffective|p1b: Incineroar|1\n|-damage|p1b: Incineroar|0 fnt\n|faint|p1b: Incineroar\n|-damage|p2a: Rhyperior|80/100|[from] item: Life Orb\n|\n|upkeep\n|c|☆shibikanon|lol\n|\n|t:|1788344578\n|switch|p1b: Snorlax|Snorlax, L50, M|66/100\n|turn|5\n|\n|t:|1788344588\n|move|p1b: Snorlax|Protect|p1b: Snorlax\n|-singleturn|p1b: Snorlax|Protect\n|move|p2b: Basculegion|Wave Crash|p1b: Snorlax\n|-activate|p1b: Snorlax|move: Protect\n|move|p2a: Rhyperior|High Horsepower|p1b: Snorlax\n|-activate|p1b: Snorlax|move: Protect\n|\n|-heal|p1b: Snorlax|72/100|[from] item: Leftovers\n|upkeep\n|turn|6\n|\n|t:|1788344601\n|move|p2b: Basculegion|Wave Crash|p1b: Snorlax\n|-damage|p1b: Snorlax|39/100\n|-damage|p2b: Basculegion|79/100|[from] Recoil\n|move|p2a: Rhyperior|Rock Slide|p1b: Snorlax\n|-damage|p1b: Snorlax|11/100\n|-damage|p2a: Rhyperior|70/100|[from] item: Life Orb\n|move|p1b: Snorlax|Yawn|p2b: Basculegion\n|-start|p2b: Basculegion|move: Yawn|[of] p1b: Snorlax\n|\n|-heal|p1b: Snorlax|17/100|[from] item: Leftovers\n|upkeep\n|turn|7\n|\n|t:|1788344613\n|move|p1b: Snorlax|Protect|p1b: Snorlax\n|-singleturn|p1b: Snorlax|Protect\n|move|p2b: Basculegion|Wave Crash|p1b: Snorlax\n|-activate|p1b: Snorlax|move: Protect\n|move|p2a: Rhyperior|High Horsepower|p1b: Snorlax\n|-activate|p1b: Snorlax|move: Protect\n|\n|-heal|p1b: Snorlax|24/100|[from] item: Leftovers\n|-end|p2b: Basculegion|move: Yawn|[silent]\n|-status|p2b: Basculegion|slp\n|upkeep\n|turn|8\n|\n|t:|1788344624\n|cant|p2b: Basculegion|slp\n|move|p2a: Rhyperior|High Horsepower|p1b: Snorlax\n|-damage|p1b: Snorlax|0 fnt\n|faint|p1b: Snorlax\n|-damage|p2a: Rhyperior|60/100|[from] item: Life Orb\n|\n|win|shibikanon\n|raw|Master M-rada's rating: 1246 &rarr; <strong>1231</strong><br />(-15 for losing)\n|raw|shibikanon's rating: 1401 &rarr; <strong>1413</strong><br />(+12 for winning)\n","uploadtime":1788344624,"views":"2","formatid":"gen9championsvgc2026regmbbo3","rating":1231,"private":0,"password":null}