{"id":"gen9championsvgc2026regmbbo3-2673942289","format":"[Gen 9 Champions] VGC 2026 Reg M-B (Bo3)","players":["Zaaaaxxxx","platinumflare"],"log":"|j|☆Zaaaaxxxx\n|j|☆platinumflare\n|html|<table width=\"100%\"><tr><td align=\"left\">Zaaaaxxxx</td><td align=\"right\">platinumflare</tr><tr><td align=\"left\"><i class=\"fa fa-circle-o\"></i> <i class=\"fa fa-circle-o\"></i> </td><td align=\"right\"><i class=\"fa fa-circle-o\"></i> <i class=\"fa fa-circle\"></i> </tr></table>\n|uhtml|bestof|<h2><strong>Game 2</strong> of <a href=\"/game-bestof3-gen9championsvgc2026regmbbo3-2673940972\">a best-of-3</a></h2>\n|t:|1788279922\n|gametype|doubles\n|player|p1|Zaaaaxxxx|169|1401\n|player|p2|platinumflare|lance|1271\n|gen|9\n|tier|[Gen 9 Champions] VGC 2026 Reg M-B (Bo3)\n|rated|\n|rule|Species Clause: Limit one of each Pokémon\n|rule|Item Clause: Limit 1 of each item\n|clearpoke\n|poke|p1|Raichu, L50, F, shiny|\n|poke|p1|Kingambit, L50, M, shiny|\n|poke|p1|Sylveon, L50, F, shiny|\n|poke|p1|Aerodactyl, L50, F, shiny|\n|poke|p1|Sneasler, L50, F, shiny|\n|poke|p1|Basculegion, L50, M, shiny|\n|poke|p2|Blaziken, L50, F|\n|poke|p2|Meowscarada, L50, M|\n|poke|p2|Kingambit, L50, M|\n|poke|p2|Whimsicott, L50, F|\n|poke|p2|Floette-Eternal, L50, F|\n|poke|p2|Farigiraf, L50, F|\n|teampreview|4\n|showteam|p1|Raichu||RaichuniteY|LightningRod|Protect,FakeOut,FocusBlast,ZapCannon|Timid||F|||50|]Kingambit||LifeOrb|Defiant|Protect,KowtowCleave,SuckerPunch,IronHead|Adamant||M|||50|]Sylveon||FairyFeather|Pixilate|Protect,HyperBeam,HyperVoice,QuickAttack|Modest||F|||50|]Aerodactyl||Aerodactylite|Unnerve|Protect,Tailwind,DualWingbeat,RockSlide|Jolly||F|||50|]Sneasler||FocusSash|PoisonTouch|Protect,FakeOut,DireClaw,CloseCombat|Jolly||F|||50|]Basculegion||MysticWater|Adaptability|Protect,WaveCrash,AquaJet,LastRespects|Adamant||M|||50|\n|showteam|p2|Blaziken||Blazikenite|SpeedBoost|FlareBlitz,CloseCombat,RockSlide,Protect|Adamant||F|||50|]Meowscarada||ChoiceScarf|Protean|FlowerTrick,TripleAxel,KnockOff,Uturn|Adamant||M|||50|]Kingambit||LifeOrb|Defiant|KowtowCleave,LowKick,SuckerPunch,Protect|Adamant||M|||50|]Whimsicott||FocusSash|Prankster|Moonblast,Tailwind,Encore,Protect|Modest||F|||50|]Floette-Eternal||Floettite|FlowerVeil|DazzlingGleam,Moonblast,LightofRuin,Protect|Modest||F|||50|]Farigiraf||SitrusBerry|ArmorTail|TrickRoom,Imprison,Psychic,HyperVoice|Modest||F|||50|\n|inactive|Battle timer is ON: inactive players will automatically lose when time's up. (requested by platinumflare)\n|\n|t:|1788279939\n|teamsize|p1|4\n|teamsize|p2|4\n|start\n|switch|p1a: Sylveon|Sylveon, L50, F, shiny|100/100\n|switch|p1b: Raichu|Raichu, L50, F, shiny|100/100\n|switch|p2a: Blaziken|Blaziken, L50, F|100/100\n|switch|p2b: Whimsicott|Whimsicott, L50, F|100/100\n|turn|1\n|inactive|Zaaaaxxxx has 30 seconds left.\n|inactive|platinumflare has 30 seconds left.\n|\n|t:|1788279969\n|detailschange|p1b: Raichu|Raichu-Mega-Y, L50, F, shiny\n|-mega|p1b: Raichu|Raichu|Raichunite Y\n|detailschange|p2a: Blaziken|Blaziken-Mega, L50, F\n|-mega|p2a: Blaziken|Blaziken|Blazikenite\n|move|p1b: Raichu|Fake Out|p2a: Blaziken\n|-damage|p2a: Blaziken|87/100\n|move|p2b: Whimsicott|Moonblast|p1a: Sylveon\n|-damage|p1a: Sylveon|67/100\n|cant|p2a: Blaziken|flinch\n|move|p1a: Sylveon|Hyper Voice|p2a: Blaziken|[spread] p2a,p2b\n|-damage|p2a: Blaziken|28/100\n|-damage|p2b: Whimsicott|23/100\n|\n|-ability|p2a: Blaziken|Speed Boost|boost\n|-boost|p2a: Blaziken|spe|1\n|upkeep\n|turn|2\n|inactive|Zaaaaxxxx has 30 seconds left.\n|\n|t:|1788279995\n|switch|p1b: Sneasler|Sneasler, L50, F, shiny|100/100\n|move|p1a: Sylveon|Protect|p1a: Sylveon\n|-singleturn|p1a: Sylveon|Protect\n|move|p2b: Whimsicott|Encore||[still]\n|-fail|p2b: Whimsicott\n|move|p2a: Blaziken|Flare Blitz|p1a: Sylveon\n|-activate|p1a: Sylveon|move: Protect\n|\n|-ability|p2a: Blaziken|Speed Boost|boost\n|-boost|p2a: Blaziken|spe|1\n|upkeep\n|turn|3\n|\n|t:|1788280017\n|switch|p1b: Raichu|Raichu-Mega-Y, L50, F, shiny|100/100\n|move|p2b: Whimsicott|Protect|p2b: Whimsicott\n|-singleturn|p2b: Whimsicott|Protect\n|move|p2a: Blaziken|Protect|p2a: Blaziken\n|-singleturn|p2a: Blaziken|Protect\n|move|p1a: Sylveon|Hyper Voice|p2b: Whimsicott|[spread] \n|-activate|p2a: Blaziken|move: Protect\n|-activate|p2b: Whimsicott|move: Protect\n|\n|-ability|p2a: Blaziken|Speed Boost|boost\n|-boost|p2a: Blaziken|spe|1\n|upkeep\n|turn|4\n|inactive|platinumflare has 30 seconds left.\n|\n|t:|1788280045\n|switch|p2a: Kingambit|Kingambit, L50, M|100/100\n|move|p1b: Raichu|Fake Out|p2a: Kingambit\n|-resisted|p2a: Kingambit|1\n|-damage|p2a: Kingambit|96/100\n|move|p2b: Whimsicott|Tailwind|p2b: Whimsicott\n|-sidestart|p2: platinumflare|move: Tailwind\n|move|p1a: Sylveon|Hyper Voice|p2a: Kingambit|[spread] p2a,p2b\n|-damage|p2a: Kingambit|47/100\n|-damage|p2b: Whimsicott|0 fnt\n|faint|p2b: Whimsicott\n|\n|upkeep\n|\n|t:|1788280054\n|switch|p2b: Meowscarada|Meowscarada, L50, M|100/100\n|turn|5\n|inactive|Zaaaaxxxx has 30 seconds left.\n|inactive|platinumflare has 30 seconds left.\n|\n|t:|1788280093\n|move|p1b: Raichu|Protect|p1b: Raichu\n|-singleturn|p1b: Raichu|Protect\n|move|p1a: Sylveon|Protect|p1a: Sylveon\n|-singleturn|p1a: Sylveon|Protect\n|move|p2a: Kingambit|Sucker Punch||[still]\n|-fail|p2a: Kingambit\n|move|p2b: Meowscarada|Flower Trick|p1a: Sylveon\n|-start|p2b: Meowscarada|typechange|Grass|[from] ability: Protean\n|-activate|p1a: Sylveon|move: Protect\n|\n|upkeep\n|turn|6\n|inactive|Zaaaaxxxx has 30 seconds left.\n|\n|t:|1788280125\n|move|p1a: Sylveon|Quick Attack|p2a: Kingambit\n|-damage|p2a: Kingambit|35/100\n|move|p2b: Meowscarada|Flower Trick|p1a: Sylveon\n|-crit|p1a: Sylveon\n|-damage|p1a: Sylveon|10/100\n|move|p1b: Raichu|Zap Cannon|p2b: Meowscarada\n|-resisted|p2b: Meowscarada|1\n|-damage|p2b: Meowscarada|53/100\n|-status|p2b: Meowscarada|par\n|move|p2a: Kingambit|Kowtow Cleave|p1b: Raichu\n|-damage|p1b: Raichu|0 fnt\n|faint|p1b: Raichu\n|-damage|p2a: Kingambit|26/100|[from] item: Life Orb\n|\n|upkeep\n|\n|t:|1788280140\n|switch|p1b: Sneasler|Sneasler, L50, F, shiny|100/100\n|turn|7\n|\n|t:|1788280147\n|move|p1b: Sneasler|Protect|p1b: Sneasler\n|-singleturn|p1b: Sneasler|Protect\n|move|p1a: Sylveon|Protect|p1a: Sylveon\n|-singleturn|p1a: Sylveon|Protect\n|move|p2a: Kingambit|Sucker Punch||[still]\n|-fail|p2a: Kingambit\n|move|p2b: Meowscarada|Flower Trick|p1a: Sylveon\n|-activate|p1a: Sylveon|move: Protect\n|\n|-sideend|p2: platinumflare|move: Tailwind\n|upkeep\n|turn|8\n|inactive|Zaaaaxxxx has 30 seconds left.\n|\n|t:|1788280172\n|move|p2a: Kingambit|Sucker Punch|p1b: Sneasler\n|-resisted|p1b: Sneasler|1\n|-damage|p1b: Sneasler|55/100\n|-damage|p2a: Kingambit|16/100|[from] item: Life Orb\n|move|p1b: Sneasler|Dire Claw|p2b: Meowscarada\n|-supereffective|p2b: Meowscarada|1\n|-damage|p2b: Meowscarada|0 fnt\n|faint|p2b: Meowscarada\n|move|p1a: Sylveon|Hyper Voice|p2a: Kingambit\n|-damage|p2a: Kingambit|0 fnt\n|faint|p2a: Kingambit\n|\n|upkeep\n|\n|t:|1788280180\n|switch|p2b: Blaziken|Blaziken-Mega, L50, F|28/100\n|turn|9\n|\n|t:|1788280190\n|move|p2b: Blaziken|Protect|p2b: Blaziken\n|-singleturn|p2b: Blaziken|Protect\n|move|p1b: Sneasler|Close Combat|p2b: Blaziken\n|-activate|p2b: Blaziken|move: Protect\n|move|p1a: Sylveon|Hyper Voice|p2b: Blaziken\n|-activate|p2b: Blaziken|move: Protect\n|\n|-ability|p2b: Blaziken|Speed Boost|boost\n|-boost|p2b: Blaziken|spe|1\n|upkeep\n|turn|10\n|inactive|Zaaaaxxxx has 30 seconds left.\n|\n|t:|1788280221\n|move|p2b: Blaziken|Rock Slide|p1a: Sylveon|[spread] p1a,p1b\n|-resisted|p1b: Sneasler|1\n|-damage|p1a: Sylveon|0 fnt\n|-damage|p1b: Sneasler|35/100\n|faint|p1a: Sylveon\n|cant|p1b: Sneasler|flinch\n|\n|-ability|p2b: Blaziken|Speed Boost|boost\n|-boost|p2b: Blaziken|spe|1\n|upkeep\n|\n|t:|1788280230\n|switch|p1a: Kingambit|Kingambit, L50, M, shiny|100/100\n|turn|11\n|\n|t:|1788280240\n|move|p1a: Kingambit|Sucker Punch|p2b: Blaziken\n|-resisted|p2b: Blaziken|1\n|-damage|p2b: Blaziken|0 fnt\n|faint|p2b: Blaziken\n|-damage|p1a: Kingambit|90/100|[from] item: Life Orb\n|\n|win|Zaaaaxxxx\n||platinumflare is ready for game 3.\n||Zaaaaxxxx is ready for game 3.\n|uhtml|next|Next: <a href=\"/battle-gen9championsvgc2026regmbbo3-2673945024\"><strong>Game 3 of 3</strong></a>\n|l|☆Zaaaaxxxx\n|player|p1|\n","uploadtime":1788280510,"views":"1","formatid":"gen9championsvgc2026regmbbo3","rating":null,"private":0,"password":null}