{"id":"gen9championsvgc2026regmb-2673983370","format":"[Gen 9 Champions] VGC 2026 Reg M-B","players":["itmivrit","benenelius"],"log":"|j|☆itmivrit\n|j|☆benenelius\n|t:|1788284733\n|gametype|doubles\n|player|p1|itmivrit|1|1000\n|player|p2|benenelius|dancer|1059\n|gen|9\n|tier|[Gen 9 Champions] VGC 2026 Reg M-B\n|rated|\n|rule|Species Clause: Limit one of each Pokémon\n|rule|Item Clause: Limit 1 of each item\n|clearpoke\n|poke|p1|Incineroar, L50, F|\n|poke|p1|Toxapex, L50, M|\n|poke|p1|Garchomp, L50, M|\n|poke|p1|Charizard, L50, M|\n|poke|p1|Venusaur, L50, M|\n|poke|p1|Sylveon, L50, F|\n|poke|p2|Vivillon-Fancy, L50, F|\n|poke|p2|Beartic, L50, M|\n|poke|p2|Froslass, L50, F, shiny|\n|poke|p2|Samurott-Hisui, L50, M|\n|poke|p2|Armarouge, L50, M|\n|poke|p2|Kleavor, L50, M, shiny|\n|teampreview|4\n|\n|t:|1788284768\n|teamsize|p1|4\n|teamsize|p2|4\n|start\n|switch|p1a: Charizard|Charizard, L50, M|100/100\n|switch|p1b: Venusaur|Venusaur, L50, M|100/100\n|switch|p2a: Aries Spears|Armarouge, L50, M|100/100\n|switch|p2b: Vivillon|Vivillon-Fancy, L50, F|100/100\n|turn|1\n|\n|t:|1788284807\n|detailschange|p1a: Charizard|Charizard-Mega-Y, L50, M\n|-mega|p1a: Charizard|Charizard|Charizardite Y\n|-weather|SunnyDay|[from] ability: Drought|[of] p1a: Charizard\n|move|p2b: Vivillon|Protect|p2b: Vivillon\n|-singleturn|p2b: Vivillon|Protect\n|move|p1b: Venusaur|Sleep Powder|p2a: Aries Spears\n|-status|p2a: Aries Spears|slp|[from] move: Sleep Powder\n|move|p1a: Charizard|Weather Ball|p2b: Vivillon\n|-activate|p2b: Vivillon|move: Protect\n|cant|p2a: Aries Spears|slp\n|\n|-weather|SunnyDay|[upkeep]\n|upkeep\n|turn|2\n|\n|t:|1788284872\n|move|p1b: Venusaur|Earth Power|p2b: Vivillon\n|-immune|p2b: Vivillon\n|move|p2b: Vivillon|Tailwind|p2b: Vivillon\n|-sidestart|p2: benenelius|move: Tailwind\n|cant|p2a: Aries Spears|slp\n|move|p1a: Charizard|Heat Wave|p2b: Vivillon|[spread] p2b\n|-start|p2a: Aries Spears|ability: Flash Fire\n|-supereffective|p2b: Vivillon|1\n|-enditem|p2b: Vivillon|Focus Sash\n|-damage|p2b: Vivillon|1/100\n|\n|-weather|SunnyDay|[upkeep]\n|upkeep\n|turn|3\n|\n|t:|1788284917\n|switch|p1b: Incineroar|Incineroar, L50, F|100/100\n|-ability|p1b: Incineroar|Intimidate|boost\n|-unboost|p2a: Aries Spears|atk|1\n|-unboost|p2b: Vivillon|atk|1\n|move|p1a: Charizard|Protect|p1a: Charizard\n|-singleturn|p1a: Charizard|Protect\n|move|p2b: Vivillon|Sleep Powder|p1a: Charizard\n|-activate|p1a: Charizard|move: Protect\n|-curestatus|p2a: Aries Spears|slp|[msg]\n|move|p2a: Aries Spears|Psychic|p1b: Incineroar\n|-immune|p1b: Incineroar\n|\n|-weather|SunnyDay|[upkeep]\n|upkeep\n|turn|4\n|inactive|Battle timer is ON: inactive players will automatically lose when time's up. (requested by benenelius)\n|\n|t:|1788284951\n|move|p2b: Vivillon|Protect|p2b: Vivillon\n|-singleturn|p2b: Vivillon|Protect\n|move|p1b: Incineroar|Fake Out|p2b: Vivillon\n|-activate|p2b: Vivillon|move: Protect\n|move|p2a: Aries Spears|Armor Cannon|p1a: Charizard\n|-resisted|p1a: Charizard|1\n|-damage|p1a: Charizard|25/100\n|-unboost|p2a: Aries Spears|def|1\n|-unboost|p2a: Aries Spears|spd|1\n|move|p1a: Charizard|Solar Beam||[still]\n|-prepare|p1a: Charizard|Solar Beam\n|-anim|p1a: Charizard|Solar Beam|p2a: Aries Spears\n|-resisted|p2a: Aries Spears|1\n|-damage|p2a: Aries Spears|56/100\n|\n|-weather|SunnyDay|[upkeep]\n|upkeep\n|turn|5\n|inactive|itmivrit has 30 seconds left.\n|inactive|benenelius has 30 seconds left.\n|\n|t:|1788284981\n|move|p1a: Charizard|Protect|p1a: Charizard\n|-singleturn|p1a: Charizard|Protect\n|move|p2b: Vivillon|Sleep Powder|p1b: Incineroar\n|-status|p1b: Incineroar|slp|[from] move: Sleep Powder\n|move|p2a: Aries Spears|Psychic|p1a: Charizard\n|-activate|p1a: Charizard|move: Protect\n|cant|p1b: Incineroar|slp\n|\n|-weather|none\n|-sideend|p2: benenelius|move: Tailwind\n|upkeep\n|turn|6\n|\n|t:|1788285002\n|switch|p1b: Sylveon|Sylveon, L50, F|100/100\n|move|p2b: Vivillon|Protect|p2b: Vivillon\n|-singleturn|p2b: Vivillon|Protect\n|move|p1a: Charizard|Heat Wave|p2a: Aries Spears|[spread] \n|-activate|p2b: Vivillon|move: Protect\n|-immune|p2a: Aries Spears|[from] ability: Flash Fire\n|move|p2a: Aries Spears|Psychic|p1a: Charizard\n|-damage|p1a: Charizard|0 fnt\n|faint|p1a: Charizard\n|\n|upkeep\n|\n|t:|1788285016\n|switch|p1a: Venusaur|Venusaur, L50, M|100/100\n|turn|7\n|\n|t:|1788285031\n|move|p1a: Venusaur|Protect|p1a: Venusaur\n|-singleturn|p1a: Venusaur|Protect\n|move|p2b: Vivillon|Rage Powder|p2b: Vivillon\n|-singleturn|p2b: Vivillon|move: Rage Powder\n|move|p2a: Aries Spears|Armor Cannon|p1a: Venusaur\n|-activate|p1a: Venusaur|move: Protect\n|move|p1b: Sylveon|Hyper Voice|p2a: Aries Spears|[spread] p2a,p2b\n|-resisted|p2a: Aries Spears|1\n|-damage|p2a: Aries Spears|15/100\n|-damage|p2b: Vivillon|0 fnt\n|faint|p2b: Vivillon\n|\n|upkeep\n|\n|t:|1788285040\n|switch|p2b: Froslass|Froslass, L50, F, shiny|100/100\n|turn|8\n|inactive|itmivrit has 30 seconds left.\n|\n|t:|1788285067\n|detailschange|p2b: Froslass|Froslass-Mega, L50, F, shiny\n|-mega|p2b: Froslass|Froslass|Froslassite\n|-weather|Snowscape|[from] ability: Snow Warning|[of] p2b: Froslass\n|move|p1b: Sylveon|Detect|p1b: Sylveon\n|-singleturn|p1b: Sylveon|Protect\n|move|p2b: Froslass|Aurora Veil|p2b: Froslass\n|-sidestart|p2: benenelius|move: Aurora Veil\n|move|p1a: Venusaur|Earth Power|p2a: Aries Spears\n|-supereffective|p2a: Aries Spears|1\n|-damage|p2a: Aries Spears|0 fnt\n|faint|p2a: Aries Spears\n|\n|-weather|Snowscape|[upkeep]\n|upkeep\n|\n|t:|1788285074\n|switch|p2a: Bjorn Gunderson|Kleavor, L50, M, shiny|100/100\n|turn|9\n|inactive|itmivrit has 30 seconds left.\n|\n|t:|1788285099\n|move|p2b: Froslass|Blizzard|p1b: Sylveon|[spread] p1a,p1b\n|-supereffective|p1a: Venusaur|1\n|-enditem|p1a: Venusaur|Focus Sash\n|-damage|p1a: Venusaur|1/100\n|-damage|p1b: Sylveon|60/100\n|-status|p1b: Sylveon|frz\n|move|p2a: Bjorn Gunderson|Rock Slide|p1b: Sylveon|[spread] p1a,p1b\n|-damage|p1a: Venusaur|0 fnt\n|-damage|p1b: Sylveon|0 fnt\n|faint|p1a: Venusaur\n|faint|p1b: Sylveon\n|\n|-weather|Snowscape|[upkeep]\n|upkeep\n|\n|t:|1788285116\n|switch|p1a: Incineroar|Incineroar, L50, F|100/100 slp\n|-ability|p1a: Incineroar|Intimidate|boost\n|-unboost|p2a: Bjorn Gunderson|atk|1\n|-unboost|p2b: Froslass|atk|1\n|turn|10\n|inactive|benenelius has 30 seconds left.\n|\n|t:|1788285143\n|move|p2b: Froslass|Thunderbolt|p1a: Incineroar\n|-damage|p1a: Incineroar|60/100 slp\n|move|p2a: Bjorn Gunderson|Rock Slide|p1a: Incineroar\n|-supereffective|p1a: Incineroar|1\n|-damage|p1a: Incineroar|0 fnt\n|faint|p1a: Incineroar\n|\n|win|benenelius\n|raw|itmivrit's rating: 1000 &rarr; <strong>1000</strong><br />(+0 for losing)\n|raw|benenelius's rating: 1059 &rarr; <strong>1085</strong><br />(+26 for winning)\n","uploadtime":1788285150,"views":"6","formatid":"gen9championsvgc2026regmb","rating":1000,"private":0,"password":null}