{"id":"gen9championsvgc2026regmbbo3-2673371736","format":"[Gen 9 Champions] VGC 2026 Reg M-B (Bo3)","players":["bigrexus","humania1"],"log":"|j|☆bigrexus\n|j|☆humania1\n|html|<table width=\"100%\"><tr><td align=\"left\">bigrexus</td><td align=\"right\">humania1</tr><tr><td align=\"left\"><i class=\"fa fa-circle-o\"></i> <i class=\"fa fa-circle-o\"></i> </td><td align=\"right\"><i class=\"fa fa-circle-o\"></i> <i class=\"fa fa-circle-o\"></i> </tr></table>\n|uhtml|bestof|<h2><strong>Game 1</strong> of <a href=\"/game-bestof3-gen9championsvgc2026regmbbo3-2673371730\">a best-of-3</a></h2>\n|t:|1788189635\n|gametype|doubles\n|player|p1|bigrexus|hilbert|1176\n|player|p2|humania1|170|1050\n|gen|9\n|tier|[Gen 9 Champions] VGC 2026 Reg M-B (Bo3)\n|rated|\n|rule|Species Clause: Limit one of each Pokémon\n|rule|Item Clause: Limit 1 of each item\n|clearpoke\n|poke|p1|Raichu, L50, F|\n|poke|p1|Jolteon, L50, M|\n|poke|p1|Meowscarada, L50, M|\n|poke|p1|Pelipper, L50, F|\n|poke|p1|Archaludon, L50, F|\n|poke|p1|Swampert, L50, F|\n|poke|p2|Blastoise, L50, F|\n|poke|p2|Delphox, L50, M, shiny|\n|poke|p2|Incineroar, L50, F|\n|poke|p2|Sinistcha, L50|\n|poke|p2|Sneasler, L50, F|\n|poke|p2|Vivillon, L50, M|\n|teampreview|4\n|showteam|p1|Raichu||RaichuniteX|LightningRod|RisingVoltage,VoltSwitch,Protect,FakeOut|Modest||F|||50|]Jolteon||LifeOrb|QuickFeet|RisingVoltage,AlluringVoice,Detect,Discharge|Modest||M|||50|]Meowscarada||ChoiceScarf|Protean|FlowerTrick,TripleAxel,Uturn,LowKick|Jolly||M|||50|]Pelipper||FocusSash|Drizzle|MuddyWater,WideGuard,Tailwind,Protect|Timid||F|||50|]Archaludon||Leftovers|Stamina|ElectroShot,DracoMeteor,Protect,FlashCannon|Modest||F|||50|]Swampert||Swampertite|Damp|Earthquake,WaveCrash,BulkUp,Protect|Adamant||F|||50|\n|showteam|p2|Blastoise||Blastoisinite|Torrent|Protect,ShellSmash,WaterSpout,DarkPulse|Modest||F|||50|]Delphox||Delphoxite|Blaze|Protect,HeatWave,Psyshock,NastyPlot|Timid||M|||50|]Incineroar||PasshoBerry|Intimidate|FakeOut,PartingShot,FlareBlitz,ThroatChop|Impish||F|||50|]Sinistcha||SitrusBerry|Hospitality|Protect,MatchaGotcha,TrickRoom,RagePowder|Bold|||||50|]Sneasler||FocusSash|PoisonTouch|QuickGuard,FakeOut,CloseCombat,DireClaw|Jolly||F|||50|]Vivillon||ChoiceScarf|CompoundEyes|Hurricane,SleepPowder,RagePowder,Uturn|Timid||M|||50|\n|inactive|Battle timer is ON: inactive players will automatically lose when time's up. (requested by humania1)\n|\n|t:|1788189642\n|teamsize|p1|4\n|teamsize|p2|4\n|start\n|switch|p1a: Raichu|Raichu, L50, F|100/100\n|switch|p1b: Jolteon|Jolteon, L50, M|100/100\n|switch|p2a: Incineroar|Incineroar, L50, F|100/100\n|switch|p2b: Sinistcha|Sinistcha, L50|100/100\n|-ability|p2a: Incineroar|Intimidate|boost\n|-unboost|p1a: Raichu|atk|1\n|-unboost|p1b: Jolteon|atk|1\n|turn|1\n|inactive|bigrexus has 30 seconds left.\n|\n|t:|1788189670\n|move|p1a: Raichu|Fake Out|p2a: Incineroar\n|-damage|p2a: Incineroar|96/100\n|move|p1b: Jolteon|Discharge|p2a: Incineroar|[spread] p2a,p2b\n|-ability|p1a: Raichu|Lightning Rod|boost\n|-boost|p1a: Raichu|spa|1\n|-resisted|p2b: Sinistcha|1\n|-damage|p2a: Incineroar|55/100\n|-damage|p2b: Sinistcha|80/100\n|-damage|p1b: Jolteon|90/100|[from] item: Life Orb\n|cant|p2a: Incineroar|flinch\n|move|p2b: Sinistcha|Trick Room|p2b: Sinistcha\n|-fieldstart|move: Trick Room|[of] p2b: Sinistcha\n|\n|upkeep\n|turn|2\n|\n|t:|1788189689\n|switch|p2b: Delphox|Delphox, L50, M, shiny|100/100\n|detailschange|p1a: Raichu|Raichu-Mega-X, L50, F\n|-mega|p1a: Raichu|Raichu|Raichunite X\n|-fieldstart|move: Electric Terrain|[from] ability: Electric Surge|[of] p1a: Raichu\n|move|p1b: Jolteon|Detect|p1b: Jolteon\n|-singleturn|p1b: Jolteon|Protect\n|move|p2a: Incineroar|Flare Blitz|p1a: Raichu\n|-damage|p1a: Raichu|37/100\n|-damage|p2a: Incineroar|41/100|[from] Recoil\n|move|p1a: Raichu|Rising Voltage|p2b: Delphox\n|-hint|Rising Voltage's BP doubled on grounded target.\n|-damage|p2b: Delphox|0 fnt\n|faint|p2b: Delphox\n|\n|upkeep\n|\n|t:|1788189689\n|switch|p2b: Sinistcha|Sinistcha, L50|80/100\n|-heal|p2a: Incineroar|66/100|[from] ability: Hospitality|[of] p2b: Sinistcha\n|turn|3\n|\n|t:|1788189713\n|move|p2a: Incineroar|Throat Chop|p1a: Raichu\n|-damage|p1a: Raichu|0 fnt\n|faint|p1a: Raichu\n|move|p1b: Jolteon|Rising Voltage|p2b: Sinistcha\n|-hint|Rising Voltage's BP doubled on grounded target.\n|-resisted|p2b: Sinistcha|1\n|-damage|p2b: Sinistcha|26/100\n|-enditem|p2b: Sinistcha|Sitrus Berry|[eat]\n|-heal|p2b: Sinistcha|51/100|[from] item: Sitrus Berry\n|-damage|p1b: Jolteon|80/100|[from] item: Life Orb\n|move|p2b: Sinistcha|Trick Room|p2b: Sinistcha\n|-fieldend|move: Trick Room\n|\n|upkeep\n|c|☆bigrexus|why?\n|inactive|bigrexus has 30 seconds left.\n|\n|t:|1788189744\n|switch|p1a: Meowscarada|Meowscarada, L50, M|100/100\n|turn|4\n|\n|t:|1788189751\n|move|p1a: Meowscarada|Triple Axel|p2b: Sinistcha\n|-start|p1a: Meowscarada|typechange|Ice|[from] ability: Protean\n|-supereffective|p2b: Sinistcha|1\n|-damage|p2b: Sinistcha|34/100\n|-hitcount|p2b: Sinistcha|1\n|move|p1b: Jolteon|Rising Voltage|p2a: Incineroar\n|-hint|Rising Voltage's BP doubled on grounded target.\n|-damage|p2a: Incineroar|0 fnt\n|faint|p2a: Incineroar\n|-damage|p1b: Jolteon|70/100|[from] item: Life Orb\n|move|p2b: Sinistcha|Trick Room|p2b: Sinistcha\n|-fieldstart|move: Trick Room|[of] p2b: Sinistcha\n|\n|upkeep\n|\n|t:|1788189752\n|switch|p2a: Blastoise|Blastoise, L50, F|100/100\n|turn|5\n|\n|t:|1788189772\n|switch|p1a: Pelipper|Pelipper, L50, F|100/100\n|-weather|RainDance|[from] ability: Drizzle|[of] p1a: Pelipper\n|detailschange|p2a: Blastoise|Blastoise-Mega, L50, F\n|-mega|p2a: Blastoise|Blastoise|Blastoisinite\n|move|p1b: Jolteon|Detect|p1b: Jolteon\n|-singleturn|p1b: Jolteon|Protect\n|move|p2b: Sinistcha|Matcha Gotcha|p1b: Jolteon|[spread] p1a\n|-activate|p1b: Jolteon|move: Protect\n|-damage|p1a: Pelipper|54/100\n|-heal|p2b: Sinistcha|52/100|[from] drain|[of] p1a: Pelipper\n|move|p2a: Blastoise|Water Spout|p1b: Jolteon|[spread] p1a\n|-activate|p1b: Jolteon|move: Protect\n|-resisted|p1a: Pelipper|1\n|-damage|p1a: Pelipper|0 fnt\n|faint|p1a: Pelipper\n|\n|-weather|RainDance|[upkeep]\n|upkeep\n|\n|t:|1788189788\n|switch|p1a: Meowscarada|Meowscarada, L50, M|100/100\n|turn|6\n|\n|t:|1788189806\n|move|p1b: Jolteon|Detect||[still]\n|-fail|p1b: Jolteon\n|move|p2b: Sinistcha|Rage Powder|p2b: Sinistcha\n|-singleturn|p2b: Sinistcha|move: Rage Powder\n|move|p2a: Blastoise|Water Spout|p1b: Jolteon|[spread] p1a,p1b\n|-resisted|p1a: Meowscarada|1\n|-damage|p1a: Meowscarada|23/100\n|-damage|p1b: Jolteon|0 fnt\n|faint|p1b: Jolteon\n|move|p1a: Meowscarada|Flower Trick|p2a: Blastoise\n|-start|p1a: Meowscarada|typechange|Grass|[from] ability: Protean\n|-supereffective|p2a: Blastoise|1\n|-crit|p2a: Blastoise\n|-damage|p2a: Blastoise|0 fnt\n|faint|p2a: Blastoise\n|\n|-weather|RainDance|[upkeep]\n|-fieldend|move: Electric Terrain\n|upkeep\n|turn|7\n|\n|t:|1788189830\n|move|p2b: Sinistcha|Matcha Gotcha|p1a: Meowscarada\n|-resisted|p1a: Meowscarada|1\n|-damage|p1a: Meowscarada|0 fnt\n|-heal|p2b: Sinistcha|62/100|[from] drain|[of] p1a: Meowscarada\n|faint|p1a: Meowscarada\n|\n|win|humania1\n","uploadtime":1788189831,"views":"0","formatid":"gen9championsvgc2026regmbbo3","rating":null,"private":0,"password":null}