{"id":"gen9championsvgc2026regmb-2674528414","format":"[Gen 9 Champions] VGC 2026 Reg M-B","players":["grushajbm","screamrider"],"log":"|j|☆grushajbm\n|j|☆screamrider\n|t:|1788370378\n|gametype|doubles\n|player|p1|grushajbm|266|1506\n|player|p2|screamrider|265|1614\n|gen|9\n|tier|[Gen 9 Champions] VGC 2026 Reg M-B\n|rated|\n|rule|Species Clause: Limit one of each Pokémon\n|rule|Item Clause: Limit 1 of each item\n|clearpoke\n|poke|p1|Froslass, L50, F|\n|poke|p1|Basculegion, L50, M|\n|poke|p1|Whimsicott, L50, F|\n|poke|p1|Sneasler, L50, M|\n|poke|p1|Hatterene, L50, F|\n|poke|p1|Blaziken, L50, F|\n|poke|p2|Pikachu, L50, M|\n|poke|p2|Raichu, L50, F|\n|poke|p2|Mamoswine, L50, F|\n|poke|p2|Hydreigon, L50, F|\n|poke|p2|Talonflame, L50, M|\n|poke|p2|Floette-Eternal, L50, F|\n|teampreview|4\n|inactive|Battle timer is ON: inactive players will automatically lose when time's up. (requested by grushajbm)\n|inactive|grushajbm has 60 seconds left.\n|\n|t:|1788370430\n|teamsize|p1|4\n|teamsize|p2|4\n|start\n|switch|p1a: Sneasler|Sneasler, L50, M|100/100\n|switch|p1b: Hatterene|Hatterene, L50, F|100/100\n|switch|p2a: Talonflame|Talonflame, L50, M|100/100\n|switch|p2b: Hydreigon|Hydreigon, L50, F|100/100\n|turn|1\n|\n|t:|1788370454\n|move|p1a: Sneasler|Fake Out|p2a: Talonflame\n|-damage|p2a: Talonflame|74/100\n|move|p2b: Hydreigon|Dark Pulse|p1b: Hatterene\n|-damage|p1b: Hatterene|56/100\n|cant|p2a: Talonflame|flinch\n|move|p1b: Hatterene|Trick Room|p1b: Hatterene\n|-fieldstart|move: Trick Room|[of] p1b: Hatterene\n|\n|-heal|p1b: Hatterene|62/100|[from] item: Leftovers\n|upkeep\n|turn|2\n|\n|t:|1788370471\n|switch|p2b: Raichu|Raichu, L50, F|100/100\n|move|p2a: Talonflame|Protect|p2a: Talonflame\n|-singleturn|p2a: Talonflame|Protect\n|move|p1b: Hatterene|Draining Kiss|p2b: Raichu\n|-damage|p2b: Raichu|55/100\n|-heal|p1b: Hatterene|90/100|[from] drain|[of] p2b: Raichu\n|move|p1a: Sneasler|Gunk Shot|p2a: Talonflame\n|-activate|p2a: Talonflame|move: Protect\n|\n|-heal|p1b: Hatterene|96/100|[from] item: Leftovers\n|upkeep\n|turn|3\n|inactive|grushajbm has 30 seconds left.\n|\n|t:|1788370504\n|detailschange|p2b: Raichu|Raichu-Mega-X, L50, F\n|-mega|p2b: Raichu|Raichu|Raichunite X\n|-fieldstart|move: Electric Terrain|[from] ability: Electric Surge|[of] p2b: Raichu\n|move|p2b: Raichu|Fake Out|p1b: Hatterene\n|-damage|p1b: Hatterene|85/100\n|cant|p1b: Hatterene|flinch\n|move|p1a: Sneasler|Close Combat|p2b: Raichu\n|-damage|p2b: Raichu|0 fnt\n|-unboost|p1a: Sneasler|def|1\n|-unboost|p1a: Sneasler|spd|1\n|faint|p2b: Raichu\n|move|p2a: Talonflame|Dual Wingbeat|p1a: Sneasler\n|-supereffective|p1a: Sneasler|1\n|-damage|p1a: Sneasler|23/100\n|-supereffective|p1a: Sneasler|1\n|-damage|p1a: Sneasler|0 fnt\n|faint|p1a: Sneasler\n|-hitcount|p1: Sneasler|2\n|-damage|p2a: Talonflame|65/100|[from] item: Life Orb\n|\n|-heal|p1b: Hatterene|92/100|[from] item: Leftovers\n|upkeep\n|\n|t:|1788370520\n|switch|p1a: Basculegion|Basculegion, L50, M|100/100\n|switch|p2b: Pikachu|Pikachu, L50, M|100/100\n|turn|4\n|inactive|grushajbm has 30 seconds left.\n|\n|t:|1788370553\n|move|p2b: Pikachu|Protect|p2b: Pikachu\n|-singleturn|p2b: Pikachu|Protect\n|move|p2a: Talonflame|Protect|p2a: Talonflame\n|-singleturn|p2a: Talonflame|Protect\n|move|p1b: Hatterene|Calm Mind|p1b: Hatterene\n|-boost|p1b: Hatterene|spa|1\n|-boost|p1b: Hatterene|spd|1\n|move|p1a: Basculegion|Last Respects|p2b: Pikachu\n|-activate|p2b: Pikachu|move: Protect\n|\n|-heal|p1b: Hatterene|98/100|[from] item: Leftovers\n|upkeep\n|turn|5\n|\n|t:|1788370574\n|move|p2b: Pikachu|Protect||[still]\n|-fail|p2b: Pikachu\n|move|p1b: Hatterene|Psychic|p2b: Pikachu\n|-damage|p2b: Pikachu|0 fnt\n|faint|p2b: Pikachu\n|move|p1a: Basculegion|Wave Crash|p2a: Talonflame\n|-supereffective|p2a: Talonflame|1\n|-damage|p2a: Talonflame|0 fnt\n|faint|p2a: Talonflame\n|-damage|p1a: Basculegion|83/100|[from] Recoil\n|-damage|p1a: Basculegion|73/100|[from] item: Life Orb\n|\n|-heal|p1b: Hatterene|100/100|[from] item: Leftovers\n|-fieldend|move: Trick Room\n|upkeep\n|-message|screamrider forfeited.\n|\n|win|grushajbm\n|raw|grushajbm's rating: 1506 &rarr; <strong>1532</strong><br />(+26 for winning)\n|raw|screamrider's rating: 1614 &rarr; <strong>1588</strong><br />(-26 for losing)\n|l|☆screamrider\n|player|p2|\n","uploadtime":1788370590,"views":"0","formatid":"gen9championsvgc2026regmb","rating":1532,"private":0,"password":null}