{"id":"gen9championsvgc2026regmb-2675020595","format":"[Gen 9 Champions] VGC 2026 Reg M-B","players":["13thePhantom","ftm5g01"],"log":"|j|☆13thePhantom\n|j|‽ftm5g01\n|t:|1788449547\n|gametype|doubles\n|player|p1|13thePhantom|lusamine-nihilego|1104\n|player|p2|ftm5g01|shadowtriad|1000\n|gen|9\n|tier|[Gen 9 Champions] VGC 2026 Reg M-B\n|rated|\n|rule|Species Clause: Limit one of each Pokémon\n|rule|Item Clause: Limit 1 of each item\n|clearpoke\n|poke|p1|Simisear, L50, M, shiny|\n|poke|p1|Zoroark-Hisui, L50, F|\n|poke|p1|Lucario, L50, M|\n|poke|p1|Whimsicott, L50, F|\n|poke|p1|Raichu, L50, M|\n|poke|p1|Annihilape, L50, F|\n|poke|p2|Charizard, L50, M|\n|poke|p2|Garchomp, L50, M|\n|poke|p2|Incineroar, L50, M|\n|poke|p2|Sylveon, L50, F|\n|poke|p2|Toxapex, L50, M|\n|poke|p2|Venusaur, L50, F|\n|teampreview|4\n|\n|t:|1788449570\n|teamsize|p1|4\n|teamsize|p2|4\n|start\n|switch|p1a: SIMIGOAT|Simisear, L50, M, shiny|100/100\n|switch|p1b: Saccharine|Lucario, L50, M|100/100\n|switch|p2a: Garchomp|Garchomp, L50, M|100/100\n|switch|p2b: Charizard|Charizard, L50, M|100/100\n|turn|1\n|\n|t:|1788449582\n|detailschange|p2b: Charizard|Charizard-Mega-Y, L50, M\n|-mega|p2b: Charizard|Charizard|Charizardite Y\n|-weather|SunnyDay|[from] ability: Drought|[of] p2b: Charizard\n|move|p1a: SIMIGOAT|Fake Out|p2b: Charizard\n|-damage|p2b: Charizard|88/100\n|-damage|p1a: SIMIGOAT|90/100|[from] item: Life Orb\n|move|p2a: Garchomp|Earthquake|p1a: SIMIGOAT|[spread] p1a,p1b\n|-immune|p2b: Charizard\n|-supereffective|p1a: SIMIGOAT|1\n|-damage|p1a: SIMIGOAT|0 fnt\n|-damage|p1b: Saccharine|24/100\n|replace|p1b: Into Sleep|Zoroark-Hisui, L50, F\n|-end|p1b: Into Sleep|Illusion\n|faint|p1a: SIMIGOAT\n|move|p1b: Into Sleep|Will-O-Wisp|p2a: Garchomp\n|-status|p2a: Garchomp|brn\n|cant|p2b: Charizard|flinch\n|\n|-weather|SunnyDay|[upkeep]\n|-damage|p2a: Garchomp|93/100 brn|[from] brn\n|upkeep\n|\n|t:|1788449597\n|switch|p1a: TN Tweaker|Annihilape, L50, F|100/100\n|turn|2\n|\n|t:|1788449610\n|move|p2a: Garchomp|Earthquake|p1a: TN Tweaker|[spread] p1a,p1b\n|-immune|p2b: Charizard\n|-damage|p1a: TN Tweaker|82/100\n|-damage|p1b: Into Sleep|0 fnt\n|faint|p1b: Into Sleep\n|move|p2b: Charizard|Weather Ball|p1a: TN Tweaker\n|-damage|p1a: TN Tweaker|24/100\n|move|p1a: TN Tweaker|Bulk Up|p1a: TN Tweaker\n|-boost|p1a: TN Tweaker|atk|1\n|-boost|p1a: TN Tweaker|def|1\n|\n|-weather|SunnyDay|[upkeep]\n|-heal|p1a: TN Tweaker|30/100|[from] item: Leftovers\n|-damage|p2a: Garchomp|87/100 brn|[from] brn\n|upkeep\n|\n|t:|1788449618\n|switch|p1b: Saccharine|Lucario, L50, M|100/100\n|turn|3\n|\n|t:|1788449629\n|detailschange|p1b: Saccharine|Lucario-Mega, L50, M\n|-mega|p1b: Saccharine|Lucario|Lucarionite\n|move|p1a: TN Tweaker|Protect|p1a: TN Tweaker\n|-singleturn|p1a: TN Tweaker|Protect\n|move|p2a: Garchomp|Earthquake|p1a: TN Tweaker|[spread] p1b\n|-activate|p1a: TN Tweaker|move: Protect\n|-immune|p2b: Charizard\n|-supereffective|p1b: Saccharine|1\n|-damage|p1b: Saccharine|46/100\n|move|p1b: Saccharine|Rock Slide|p2a: Garchomp|[spread] p2a,p2b\n|-resisted|p2a: Garchomp|1\n|-supereffective|p2b: Charizard|2\n|-damage|p2a: Garchomp|78/100 brn\n|-damage|p2b: Charizard|0 fnt\n|faint|p2b: Charizard\n|\n|-weather|SunnyDay|[upkeep]\n|-heal|p1a: TN Tweaker|36/100|[from] item: Leftovers\n|-damage|p2a: Garchomp|72/100 brn|[from] brn\n|upkeep\n|\n|t:|1788449650\n|switch|p2b: Sylveon|Sylveon, L50, F|100/100\n|turn|4\n|\n|t:|1788449658\n|move|p2b: Sylveon|Protect|p2b: Sylveon\n|-singleturn|p2b: Sylveon|Protect\n|move|p2a: Garchomp|Earthquake|p1a: TN Tweaker|[spread] p1a,p1b\n|-activate|p2b: Sylveon|move: Protect\n|-supereffective|p1b: Saccharine|1\n|-damage|p1a: TN Tweaker|25/100\n|-damage|p1b: Saccharine|0 fnt\n|faint|p1b: Saccharine\n|move|p1a: TN Tweaker|Drain Punch|p2a: Garchomp\n|-damage|p2a: Garchomp|31/100 brn\n|-heal|p1a: TN Tweaker|43/100|[from] drain|[of] p2a: Garchomp\n|-damage|p1a: TN Tweaker|31/100|[from] ability: Rough Skin|[of] p2a: Garchomp\n|\n|-weather|SunnyDay|[upkeep]\n|-heal|p1a: TN Tweaker|37/100|[from] item: Leftovers\n|-damage|p2a: Garchomp|24/100 brn|[from] brn\n|upkeep\n|turn|5\n|\n|t:|1788449676\n|move|p1a: TN Tweaker|Protect|p1a: TN Tweaker\n|-singleturn|p1a: TN Tweaker|Protect\n|move|p2a: Garchomp|Earthquake|p1a: TN Tweaker|[spread] p2b\n|-activate|p1a: TN Tweaker|move: Protect\n|-damage|p2b: Sylveon|76/100\n|move|p2b: Sylveon|Hyper Voice|p1a: TN Tweaker\n|-activate|p1a: TN Tweaker|move: Protect\n|\n|-weather|none\n|-heal|p1a: TN Tweaker|43/100|[from] item: Leftovers\n|-damage|p2a: Garchomp|18/100 brn|[from] brn\n|upkeep\n|turn|6\n|\n|t:|1788449690\n|move|p2a: Garchomp|Earthquake|p1a: TN Tweaker|[spread] p2b,p1a\n|-damage|p2b: Sylveon|52/100\n|-damage|p1a: TN Tweaker|32/100\n|move|p1a: TN Tweaker|Rage Fist|p2b: Sylveon\n|-damage|p2b: Sylveon|0 fnt\n|faint|p2b: Sylveon\n|\n|-heal|p1a: TN Tweaker|38/100|[from] item: Leftovers\n|-damage|p2a: Garchomp|12/100 brn|[from] brn\n|upkeep\n|\n|t:|1788449702\n|switch|p2b: Toxapex|Toxapex, L50, M|100/100\n|turn|7\n|\n|t:|1788449712\n|move|p1a: TN Tweaker|Protect|p1a: TN Tweaker\n|-singleturn|p1a: TN Tweaker|Protect\n|move|p2a: Garchomp|Earthquake|p1a: TN Tweaker|[spread] p2b\n|-activate|p1a: TN Tweaker|move: Protect\n|-supereffective|p2b: Toxapex|1\n|-damage|p2b: Toxapex|76/100\n|move|p2b: Toxapex|Toxic|p1a: TN Tweaker\n|-activate|p1a: TN Tweaker|move: Protect\n|\n|-heal|p1a: TN Tweaker|44/100|[from] item: Leftovers\n|-heal|p2b: Toxapex|82/100|[from] item: Leftovers\n|-damage|p2a: Garchomp|6/100 brn|[from] brn\n|upkeep\n|turn|8\n|\n|t:|1788449731\n|move|p2a: Garchomp|Earthquake|p1a: TN Tweaker|[spread] p2b,p1a\n|-supereffective|p2b: Toxapex|1\n|-damage|p2b: Toxapex|59/100\n|-damage|p1a: TN Tweaker|33/100\n|move|p1a: TN Tweaker|Rage Fist|p2b: Toxapex\n|-damage|p2b: Toxapex|0 fnt\n|faint|p2b: Toxapex\n|\n|-heal|p1a: TN Tweaker|39/100|[from] item: Leftovers\n|-damage|p2a: Garchomp|0 fnt|[from] brn\n|faint|p2a: Garchomp\n|\n|win|13thePhantom\n|raw|13thePhantom's rating: 1104 &rarr; <strong>1122</strong><br />(+18 for winning)\n|raw|ftm5g01's rating: 1000 &rarr; <strong>1000</strong><br />(+0 for losing)\n|l|‽ftm5g01\n|player|p2|\n","uploadtime":1788449746,"views":"0","formatid":"gen9championsvgc2026regmb","rating":1000,"private":0,"password":null}