{"id":"gen9championsvgc2026regmb-2674553929","format":"[Gen 9 Champions] VGC 2026 Reg M-B","players":["zero to hero rand","calacadura"],"log":"|j|‽zero to hero rand\n|j|☆calacadura\n|t:|1788373288\n|gametype|doubles\n|player|p1|zero to hero rand|2|1250\n|player|p2|calacadura|101|1299\n|gen|9\n|tier|[Gen 9 Champions] VGC 2026 Reg M-B\n|rated|\n|rule|Species Clause: Limit one of each Pokémon\n|rule|Item Clause: Limit 1 of each item\n|clearpoke\n|poke|p1|Skarmory, L50, M|\n|poke|p1|Froslass, L50, F|\n|poke|p1|Kommo-o, L50, F|\n|poke|p1|Milotic, L50, F|\n|poke|p1|Whimsicott, L50, F|\n|poke|p1|Lycanroc-Dusk, L50, M|\n|poke|p2|Garchomp, L50, F|\n|poke|p2|Sinistcha, L50|\n|poke|p2|Grimmsnarl, L50, M|\n|poke|p2|Scovillain, L50, M|\n|poke|p2|Hippowdon, L50, F|\n|poke|p2|Whimsicott, L50, F|\n|teampreview|4\n|inactive|Battle timer is ON: inactive players will automatically lose when time's up. (requested by calacadura)\n|inactive|zero to hero rand has 60 seconds left.\n|\n|t:|1788373371\n|teamsize|p1|4\n|teamsize|p2|4\n|start\n|switch|p1a: Whimsicott|Whimsicott, L50, F|100/100\n|switch|p1b: Skarmory|Skarmory, L50, M|100/100\n|switch|p2a: Grimmsnarl|Grimmsnarl, L50, M|100/100\n|switch|p2b: Scovillain|Scovillain, L50, M|100/100\n|turn|1\n|\n|t:|1788373386\n|detailschange|p1b: Skarmory|Skarmory-Mega, L50, M\n|-mega|p1b: Skarmory|Skarmory|Skarmorite\n|move|p2a: Grimmsnarl|Reflect|p2a: Grimmsnarl\n|-sidestart|p2: calacadura|Reflect\n|move|p1a: Whimsicott|Moonblast|p2a: Grimmsnarl\n|-supereffective|p2a: Grimmsnarl|1\n|-damage|p2a: Grimmsnarl|30/100\n|move|p1b: Skarmory|Brave Bird|p2b: Scovillain\n|-supereffective|p2b: Scovillain|1\n|-damage|p2b: Scovillain|0 fnt\n|faint|p2b: Scovillain\n|-damage|p1b: Skarmory|61/100|[from] Recoil\n|\n|upkeep\n|\n|t:|1788373395\n|switch|p2b: Sinistcha|Sinistcha, L50|100/100\n|-heal|p2a: Grimmsnarl|55/100|[from] ability: Hospitality|[of] p2b: Sinistcha\n|turn|2\n|\n|t:|1788373409\n|move|p2a: Grimmsnarl|Parting Shot|p1b: Skarmory\n|-unboost|p1b: Skarmory|atk|1\n|-unboost|p1b: Skarmory|spa|1\n|\n|t:|1788373411\n|switch|p2a: Whimsicott|Whimsicott, L50, F|100/100|[from] Parting Shot\n|move|p1a: Whimsicott|Moonblast|p2a: Whimsicott\n|-damage|p2a: Whimsicott|40/100\n|move|p1b: Skarmory|Iron Head|p2a: Whimsicott\n|-supereffective|p2a: Whimsicott|1\n|-damage|p2a: Whimsicott|3/100\n|move|p2b: Sinistcha|Calm Mind|p2b: Sinistcha\n|-boost|p2b: Sinistcha|spa|1\n|-boost|p2b: Sinistcha|spd|1\n|\n|upkeep\n|turn|3\n|\n|t:|1788373434\n|move|p1a: Whimsicott|Encore|p2b: Sinistcha|[miss]\n|-miss|p1a: Whimsicott|p2b: Sinistcha\n|move|p2a: Whimsicott|Charm|p1b: Skarmory\n|-unboost|p1b: Skarmory|atk|2\n|move|p1b: Skarmory|Iron Head|p2a: Whimsicott\n|-supereffective|p2a: Whimsicott|1\n|-damage|p2a: Whimsicott|0 fnt\n|faint|p2a: Whimsicott\n|move|p2b: Sinistcha|Calm Mind|p2b: Sinistcha\n|-boost|p2b: Sinistcha|spa|1\n|-boost|p2b: Sinistcha|spd|1\n|\n|upkeep\n|\n|t:|1788373436\n|switch|p2a: Grimmsnarl|Grimmsnarl, L50, M|55/100\n|turn|4\n|inactive|zero to hero rand has 30 seconds left.\n|inactive|zero to hero rand has 20 seconds left.\n|\n|t:|1788373474\n|switch|p1b: Kommo-o|Kommo-o, L50, F|100/100\n|move|p2a: Grimmsnarl|Light Screen|p2a: Grimmsnarl\n|-sidestart|p2: calacadura|move: Light Screen\n|move|p1a: Whimsicott|Moonblast|p2a: Grimmsnarl\n|-supereffective|p2a: Grimmsnarl|1\n|-damage|p2a: Grimmsnarl|9/100\n|move|p2b: Sinistcha|Matcha Gotcha|p1b: Kommo-o|[spread] p1a,p1b\n|-resisted|p1a: Whimsicott|1\n|-resisted|p1b: Kommo-o|1\n|-damage|p1a: Whimsicott|54/100\n|-damage|p1b: Kommo-o|71/100\n|-status|p1b: Kommo-o|brn\n|\n|-heal|p1b: Kommo-o|76/100 brn|[from] item: Leftovers\n|-damage|p1b: Kommo-o|71/100 brn|[from] brn\n|upkeep\n|turn|5\n|\n|t:|1788373489\n|move|p1a: Whimsicott|Moonblast|p2a: Grimmsnarl\n|-supereffective|p2a: Grimmsnarl|1\n|-damage|p2a: Grimmsnarl|0 fnt\n|faint|p2a: Grimmsnarl\n|move|p1b: Kommo-o|Clanging Scales|p2b: Sinistcha\n|-damage|p2b: Sinistcha|79/100\n|-unboost|p1b: Kommo-o|def|1\n|move|p2b: Sinistcha|Matcha Gotcha|p1a: Whimsicott|[spread] p1b\n|-miss|p2b: Sinistcha|p1a: Whimsicott\n|-resisted|p1b: Kommo-o|1\n|-damage|p1b: Kommo-o|40/100 brn\n|-heal|p2b: Sinistcha|92/100|[from] drain|[of] p1b: Kommo-o\n|\n|-heal|p1b: Kommo-o|46/100 brn|[from] item: Leftovers\n|-damage|p1b: Kommo-o|40/100 brn|[from] brn\n|upkeep\n|turn|6\n|\n|t:|1788373505\n|move|p1a: Whimsicott|Moonblast|p2b: Sinistcha\n|-damage|p2b: Sinistcha|74/100\n|move|p1b: Kommo-o|Clanging Scales|p2b: Sinistcha\n|-damage|p2b: Sinistcha|51/100\n|-unboost|p1b: Kommo-o|def|1\n|move|p2b: Sinistcha|Matcha Gotcha|p1b: Kommo-o|[spread] p1a,p1b\n|-resisted|p1a: Whimsicott|1\n|-resisted|p1b: Kommo-o|1\n|-damage|p1a: Whimsicott|9/100\n|-heal|p2b: Sinistcha|68/100|[from] drain|[of] p1a: Whimsicott\n|-damage|p1b: Kommo-o|13/100 brn\n|-heal|p2b: Sinistcha|80/100|[from] drain|[of] p1b: Kommo-o\n|-status|p1a: Whimsicott|brn\n|\n|-heal|p1b: Kommo-o|19/100 brn|[from] item: Leftovers\n|-damage|p1a: Whimsicott|3/100 brn|[from] brn\n|-damage|p1b: Kommo-o|13/100 brn|[from] brn\n|upkeep\n|turn|7\n|\n|t:|1788373511\n|move|p1a: Whimsicott|Moonblast|p2b: Sinistcha\n|-damage|p2b: Sinistcha|64/100\n|move|p1b: Kommo-o|Clanging Scales|p2b: Sinistcha\n|-damage|p2b: Sinistcha|43/100\n|-unboost|p1b: Kommo-o|def|1\n|move|p2b: Sinistcha|Matcha Gotcha|p1a: Whimsicott|[spread] p1a,p1b\n|-resisted|p1a: Whimsicott|1\n|-resisted|p1b: Kommo-o|1\n|-damage|p1a: Whimsicott|0 fnt\n|-heal|p2b: Sinistcha|44/100|[from] drain|[of] p1a: Whimsicott\n|-damage|p1b: Kommo-o|0 fnt\n|-heal|p2b: Sinistcha|51/100|[from] drain|[of] p1b: Kommo-o\n|faint|p1a: Whimsicott\n|faint|p1b: Kommo-o\n|\n|upkeep\n|\n|t:|1788373515\n|switch|p1a: Skarmory|Skarmory-Mega, L50, M|61/100\n|switch|p1b: Lycanroc|Lycanroc-Dusk, L50, M|100/100\n|turn|8\n|\n|t:|1788373519\n|move|p1a: Skarmory|Protect|p1a: Skarmory\n|-singleturn|p1a: Skarmory|Protect\n|move|p1b: Lycanroc|Protect|p1b: Lycanroc\n|-singleturn|p1b: Lycanroc|Protect\n|move|p2b: Sinistcha|Strength Sap|p1a: Skarmory\n|-activate|p1a: Skarmory|move: Protect\n|\n|-sideend|p2: calacadura|Reflect\n|upkeep\n|turn|9\n|\n|t:|1788373524\n|move|p1a: Skarmory|Brave Bird|p2b: Sinistcha\n|-supereffective|p2b: Sinistcha|1\n|-damage|p2b: Sinistcha|0 fnt\n|faint|p2b: Sinistcha\n|-damage|p1a: Skarmory|40/100|[from] Recoil\n|\n|win|zero to hero rand\n|raw|zero to hero rand's rating: 1250 &rarr; <strong>1279</strong><br />(+29 for winning)\n|raw|calacadura's rating: 1299 &rarr; <strong>1270</strong><br />(-29 for losing)\n","uploadtime":1788373526,"views":"0","formatid":"gen9championsvgc2026regmb","rating":1270,"private":0,"password":null}