{"id":"gen9championsvgc2026regmbbo3-2675019761","format":"[Gen 9 Champions] VGC 2026 Reg M-B (Bo3)","players":["robstopheruzi","IBstudios"],"log":"|j|☆robstopheruzi\n|j|☆IBstudios\n|html|<table width=\"100%\"><tr><td align=\"left\">robstopheruzi</td><td align=\"right\">IBstudios</tr><tr><td align=\"left\"><i class=\"fa fa-circle-o\"></i> <i class=\"fa fa-circle-o\"></i> </td><td align=\"right\"><i class=\"fa fa-circle-o\"></i> <i class=\"fa fa-circle-o\"></i> </tr></table>\n|uhtml|bestof|<h2><strong>Game 1</strong> of <a href=\"/game-bestof3-gen9championsvgc2026regmbbo3-2675019759\">a best-of-3</a></h2>\n|t:|1788449448\n|gametype|doubles\n|player|p1|robstopheruzi|burglar|1150\n|player|p2|IBstudios|265|1234\n|gen|9\n|tier|[Gen 9 Champions] VGC 2026 Reg M-B (Bo3)\n|rated|\n|rule|Species Clause: Limit one of each Pokémon\n|rule|Item Clause: Limit 1 of each item\n|clearpoke\n|poke|p1|Whimsicott, L50, M|\n|poke|p1|Sneasler, L50, M|\n|poke|p1|Charizard, L50, M|\n|poke|p1|Garchomp, L50, M|\n|poke|p1|Kingambit, L50, F|\n|poke|p1|Farigiraf, L50, F|\n|poke|p2|Incineroar, L50, M|\n|poke|p2|Dragonite, L50, M|\n|poke|p2|Metagross, L50|\n|poke|p2|Ninetales-Alola, L50, M|\n|poke|p2|Sneasler, L50, M|\n|poke|p2|Milotic, L50, M|\n|teampreview|4\n|showteam|p1|Whimsicott||FocusSash|Prankster|Tailwind,Moonblast,Encore,SunnyDay|Timid||M|||50|]Sneasler||WhiteHerb|PoisonTouch|CloseCombat,Feint,DireClaw,FakeOut|Adamant||M|||50|]Charizard||CharizarditeY|Blaze|Protect,HeatWave,WeatherBall,SolarBeam|Modest||M|||50|]Garchomp||ChoiceScarf|RoughSkin|Earthquake,DragonClaw,RockSlide,StompingTantrum|Adamant||M|||50|]Kingambit||LifeOrb|Defiant|KowtowCleave,SuckerPunch,LowKick,Protect|Adamant||F|||50|]Farigiraf||SitrusBerry|ArmorTail|Psychic,Reflect,LightScreen,TrickRoom|Quiet||F|||50|\n|showteam|p2|Incineroar||SitrusBerry|Intimidate|FakeOut,FlareBlitz,ThroatChop,PartingShot|Adamant||M|||50|]Dragonite||Dragoninite|Multiscale|DragonPulse,HeatWave,Tailwind,Protect|Modest||M|||50|]Metagross||Metagrossite|ClearBody|PsychicFangs,BulletPunch,BodyPress,Protect|Jolly|||||50|]Ninetales-Alola||NeverMeltIce|SnowWarning|FreezeDry,Blizzard,AuroraVeil,Protect|Timid||M|||50|]Sneasler||WhiteHerb|Unburden|CloseCombat,DireClaw,FakeOut,Protect|Jolly||M|||50|]Milotic||Leftovers|Competitive|Scald,LifeDew,HelpingHand,Protect|Modest||M|||50|\n|inactive|Battle timer is ON: inactive players will automatically lose when time's up. (requested by robstopheruzi)\n|\n|t:|1788449487\n|teamsize|p1|4\n|teamsize|p2|4\n|start\n|switch|p1a: Sneasler|Sneasler, L50, M|100/100\n|switch|p1b: Charizard|Charizard, L50, M|100/100\n|switch|p2a: Dragonite|Dragonite, L50, M|100/100\n|switch|p2b: Sneasler|Sneasler, L50, M|100/100\n|turn|1\n|inactive|robstopheruzi has 30 seconds left.\n|\n|t:|1788449521\n|switch|p1b: Whimsicott|Whimsicott, L50, M|100/100\n|detailschange|p2a: Dragonite|Dragonite-Mega, L50, M\n|-mega|p2a: Dragonite|Dragonite|Dragoninite\n|move|p2b: Sneasler|Fake Out|p1a: Sneasler\n|-damage|p1a: Sneasler|74/100\n|cant|p1a: Sneasler|flinch\n|move|p2a: Dragonite|Tailwind|p2a: Dragonite\n|-sidestart|p2: IBstudios|move: Tailwind\n|\n|upkeep\n|turn|2\n|inactive|IBstudios has 30 seconds left.\n|inactive|IBstudios has 20 seconds left.\n|inactive|robstopheruzi has 30 seconds left.\n|inactive|IBstudios has 15 seconds left.\n|\n|t:|1788449563\n|switch|p2a: Incineroar|Incineroar, L50, M|100/100\n|-ability|p2a: Incineroar|Intimidate|boost\n|-unboost|p1a: Sneasler|atk|1\n|-unboost|p1b: Whimsicott|atk|1\n|-enditem|p1a: Sneasler|White Herb\n|-clearnegativeboost|p1a: Sneasler|[silent]\n|move|p1a: Sneasler|Feint|p2a: Incineroar\n|-damage|p2a: Incineroar|90/100\n|move|p1b: Whimsicott|Encore|p2a: Incineroar\n|-hint|Since gen 7, Dark is immune to Prankster moves.\n|-immune|p2a: Incineroar\n|move|p2b: Sneasler|Dire Claw|p1b: Whimsicott\n|-supereffective|p1b: Whimsicott|2\n|-crit|p1b: Whimsicott\n|-enditem|p1b: Whimsicott|Focus Sash\n|-damage|p1b: Whimsicott|1/100\n|\n|upkeep\n|turn|3\n|inactive|IBstudios has 30 seconds left.\n|\n|t:|1788449594\n|switch|p1b: Garchomp|Garchomp, L50, M|100/100\n|move|p2a: Incineroar|Fake Out|p1b: Garchomp\n|-damage|p1b: Garchomp|88/100\n|-damage|p2a: Incineroar|77/100|[from] ability: Rough Skin|[of] p1b: Garchomp\n|move|p2b: Sneasler|Close Combat|p1a: Sneasler\n|-resisted|p1a: Sneasler|1\n|-damage|p1a: Sneasler|21/100\n|-unboost|p2b: Sneasler|def|1\n|-unboost|p2b: Sneasler|spd|1\n|-enditem|p2b: Sneasler|White Herb\n|-clearnegativeboost|p2b: Sneasler|[silent]\n|move|p1a: Sneasler|Close Combat|p2a: Incineroar\n|-supereffective|p2a: Incineroar|1\n|-damage|p2a: Incineroar|0 fnt\n|-unboost|p1a: Sneasler|def|1\n|-unboost|p1a: Sneasler|spd|1\n|faint|p2a: Incineroar\n|\n|upkeep\n|\n|t:|1788449609\n|switch|p2a: Dragonite|Dragonite-Mega, L50, M|100/100\n|turn|4\n|\n|t:|1788449621\n|switch|p1b: Whimsicott|Whimsicott, L50, M|1/100\n|move|p1a: Sneasler|Feint|p2a: Dragonite\n|-damage|p2a: Dragonite|94/100\n|move|p2b: Sneasler|Dire Claw|p1a: Sneasler\n|-resisted|p1a: Sneasler|1\n|-damage|p1a: Sneasler|0 fnt\n|faint|p1a: Sneasler\n|move|p2a: Dragonite|Dragon Pulse|p1b: Whimsicott\n|-immune|p1b: Whimsicott\n|\n|-sideend|p2: IBstudios|move: Tailwind\n|upkeep\n|\n|t:|1788449638\n|switch|p1a: Garchomp|Garchomp, L50, M|88/100\n|turn|5\n|inactive|IBstudios has 30 seconds left.\n|inactive|IBstudios has 20 seconds left.\n|inactive|IBstudios has 15 seconds left.\n|inactive|IBstudios has 10 seconds left.\n|\n|t:|1788449686\n|switch|p2a: Ninetales|Ninetales-Alola, L50, M|100/100\n|-weather|Snowscape|[from] ability: Snow Warning|[of] p2a: Ninetales\n|move|p1b: Whimsicott|Tailwind|p1b: Whimsicott\n|-sidestart|p1: robstopheruzi|move: Tailwind\n|move|p1a: Garchomp|Dragon Claw|p2a: Ninetales\n|-immune|p2a: Ninetales\n|move|p2b: Sneasler|Dire Claw|p1b: Whimsicott\n|-supereffective|p1b: Whimsicott|2\n|-damage|p1b: Whimsicott|0 fnt\n|faint|p1b: Whimsicott\n|\n|-weather|Snowscape|[upkeep]\n|upkeep\n|\n|t:|1788449696\n|switch|p1b: Charizard|Charizard, L50, M|100/100\n|turn|6\n|\n|t:|1788449706\n|switch|p2a: Dragonite|Dragonite-Mega, L50, M|94/100\n|detailschange|p1b: Charizard|Charizard-Mega-Y, L50, M\n|-mega|p1b: Charizard|Charizard|Charizardite Y\n|-weather|SunnyDay|[from] ability: Drought|[of] p1b: Charizard\n|move|p2b: Sneasler|Protect|p2b: Sneasler\n|-singleturn|p2b: Sneasler|Protect\n|move|p1a: Garchomp|Dragon Claw|p2b: Sneasler\n|-activate|p2b: Sneasler|move: Protect\n|move|p1b: Charizard|Heat Wave|p2b: Sneasler|[spread] p2a\n|-activate|p2b: Sneasler|move: Protect\n|-resisted|p2a: Dragonite|1\n|-damage|p2a: Dragonite|65/100\n|\n|-weather|SunnyDay|[upkeep]\n|upkeep\n|turn|7\n|inactive|robstopheruzi has 30 seconds left.\n|inactive|IBstudios has 30 seconds left.\n|\n|t:|1788449733\n|move|p2a: Dragonite|Protect|p2a: Dragonite\n|-singleturn|p2a: Dragonite|Protect\n|move|p1a: Garchomp|Dragon Claw|p2b: Sneasler\n|-damage|p2b: Sneasler|19/100\n|move|p2b: Sneasler|Dire Claw|p1b: Charizard\n|-damage|p1b: Charizard|45/100\n|-status|p1b: Charizard|par\n|move|p1b: Charizard|Heat Wave|p2b: Sneasler|[spread] p2b\n|-activate|p2a: Dragonite|move: Protect\n|-damage|p2b: Sneasler|0 fnt\n|faint|p2b: Sneasler\n|\n|-weather|SunnyDay|[upkeep]\n|upkeep\n|\n|t:|1788449747\n|switch|p2b: Ninetales|Ninetales-Alola, L50, M|100/100\n|-weather|Snowscape|[from] ability: Snow Warning|[of] p2b: Ninetales\n|turn|8\n|inactive|IBstudios has 30 seconds left.\n|inactive|IBstudios has 20 seconds left.\n|\n|t:|1788449785\n|move|p2a: Dragonite|Protect|p2a: Dragonite\n|-singleturn|p2a: Dragonite|Protect\n|move|p1a: Garchomp|Dragon Claw|p2a: Dragonite\n|-activate|p2a: Dragonite|move: Protect\n|move|p2b: Ninetales|Blizzard|p1b: Charizard|[spread] p1a,p1b\n|-supereffective|p1a: Garchomp|2\n|-crit|p1a: Garchomp\n|-damage|p1a: Garchomp|0 fnt\n|-damage|p1b: Charizard|7/100 par\n|faint|p1a: Garchomp\n|cant|p1b: Charizard|par\n|\n|-weather|Snowscape|[upkeep]\n|-sideend|p1: robstopheruzi|move: Tailwind\n|upkeep\n|turn|9\n|\n|t:|1788449800\n|move|p2b: Ninetales|Blizzard|p1b: Charizard\n|-damage|p1b: Charizard|0 fnt\n|faint|p1b: Charizard\n|\n|win|IBstudios\n||robstopheruzi is ready for game 2.\n|inactive|IBstudios has 30 seconds to confirm battle start!\n|inactive|IBstudios has 20 seconds to confirm battle start!\n|inactive|IBstudios has 10 seconds to confirm battle start!\n||IBstudios is ready for game 2.\n|uhtml|next|Next: <a href=\"/battle-gen9championsvgc2026regmbbo3-2675023011\"><strong>Game 2 of 3</strong></a>\n|l|☆robstopheruzi\n|player|p1|\n","uploadtime":1788450593,"views":"5","formatid":"gen9championsvgc2026regmbbo3","rating":null,"private":0,"password":null}