{"id":"gen9championsvgc2026regmbbo3-2673945704","format":"[Gen 9 Champions] VGC 2026 Reg M-B (Bo3)","players":["robinrambles","GrokiTaranilla"],"log":"|j|☆robinrambles\n|j|☆GrokiTaranilla\n|html|<table width=\"100%\"><tr><td align=\"left\">robinrambles</td><td align=\"right\">GrokiTaranilla</tr><tr><td align=\"left\"><i class=\"fa fa-circle\"></i> <i class=\"fa fa-circle-o\"></i> </td><td align=\"right\"><i class=\"fa fa-circle-o\"></i> <i class=\"fa fa-circle-o\"></i> </tr></table>\n|uhtml|bestof|<h2><strong>Game 2</strong> of <a href=\"/game-bestof3-gen9championsvgc2026regmbbo3-2673943625\">a best-of-3</a></h2>\n|t:|1788280330\n|gametype|doubles\n|player|p1|robinrambles|dawn-gen4pt|1064\n|player|p2|GrokiTaranilla|fisherman-gen4|1228\n|gen|9\n|tier|[Gen 9 Champions] VGC 2026 Reg M-B (Bo3)\n|rated|\n|rule|Species Clause: Limit one of each Pokémon\n|rule|Item Clause: Limit 1 of each item\n|clearpoke\n|poke|p1|Staraptor, L50, F|\n|poke|p1|Hydreigon, L50, M|\n|poke|p1|Tyranitar, L50, M|\n|poke|p1|Excadrill, L50, M|\n|poke|p1|Sinistcha, L50|\n|poke|p1|Milotic, L50, F|\n|poke|p2|Incineroar, L50, F|\n|poke|p2|Toxapex, L50, M|\n|poke|p2|Garchomp, L50, M|\n|poke|p2|Charizard, L50, M|\n|poke|p2|Venusaur, L50, F|\n|poke|p2|Sylveon, L50, M|\n|teampreview|4\n|showteam|p1|Staraptor||Staraptite|Intimidate|CloseCombat,BraveBird,Protect,Tailwind|Jolly||F|||50|]Hydreigon||HabanBerry|Levitate|DracoMeteor,DarkPulse,EarthPower,Protect|Timid||M|||50|]Tyranitar||Tyranitarite|SandStream|DragonDance,KnockOff,RockSlide,Protect|Adamant||M|||50|]Excadrill||FocusSash|SandRush|Earthquake,RockSlide,IronHead,Protect|Adamant||M|||50|]Sinistcha||OccaBerry|Hospitality|MatchaGotcha,Protect,RagePowder,ShadowBall|Bold|||||50|]Milotic||SitrusBerry|Competitive|Scald,Tickle,IcyWind,Protect|Modest||F|||50|\n|showteam|p2|Incineroar||SitrusBerry|Intimidate|FakeOut,PartingShot,FlareBlitz,Protect|Impish||F|||50|]Toxapex||Leftovers|Regenerator|BanefulBunker,Infestation,Toxic,WideGuard|Relaxed||M|||50|]Garchomp||ChoiceScarf|RoughSkin|StompingTantrum,Earthquake,DragonClaw,RockSlide|Adamant||M|||50|]Charizard||CharizarditeY|Blaze|Protect,HeatWave,SolarBeam,WeatherBall|Timid||M|||50|]Venusaur||FocusSash|Chlorophyll|Protect,SludgeBomb,EarthPower,SleepPowder|Modest||F|||50|]Sylveon||FairyFeather|Pixilate|Detect,HyperVoice,QuickAttack,Yawn|Quiet||M|||50|\n|inactive|Battle timer is ON: inactive players will automatically lose when time's up. (requested by GrokiTaranilla)\n|\n|t:|1788280359\n|teamsize|p1|4\n|teamsize|p2|4\n|start\n|switch|p1a: Milotic|Milotic, L50, F|100/100\n|switch|p1b: Hydreigon|Hydreigon, L50, M|100/100\n|switch|p2a: Toxapex|Toxapex, L50, M|100/100\n|switch|p2b: Charizard|Charizard, L50, M|100/100\n|turn|1\n|inactive|GrokiTaranilla has 30 seconds left.\n|\n|t:|1788280390\n|switch|p1a: Staraptor|Staraptor, L50, F|100/100\n|-ability|p1a: Staraptor|Intimidate|boost\n|-unboost|p2a: Toxapex|atk|1\n|-unboost|p2b: Charizard|atk|1\n|detailschange|p2b: Charizard|Charizard-Mega-Y, L50, M\n|-mega|p2b: Charizard|Charizard|Charizardite Y\n|-weather|SunnyDay|[from] ability: Drought|[of] p2b: Charizard\n|move|p1b: Hydreigon|Earth Power|p2a: Toxapex\n|-supereffective|p2a: Toxapex|1\n|-damage|p2a: Toxapex|55/100\n|move|p2b: Charizard|Solar Beam||[still]\n|-prepare|p2b: Charizard|Solar Beam\n|-anim|p2b: Charizard|Solar Beam|p1a: Staraptor\n|-resisted|p1a: Staraptor|1\n|-damage|p1a: Staraptor|63/100\n|move|p2a: Toxapex|Infestation|p1b: Hydreigon\n|-supereffective|p1b: Hydreigon|1\n|-damage|p1b: Hydreigon|92/100\n|-activate|p1b: Hydreigon|move: Infestation|[of] p2a: Toxapex\n|\n|-weather|SunnyDay|[upkeep]\n|-heal|p2a: Toxapex|61/100|[from] item: Leftovers\n|-damage|p1b: Hydreigon|80/100|[from] move: Infestation|[partiallytrapped]\n|upkeep\n|turn|2\n|inactive|robinrambles has 30 seconds left.\n|inactive|GrokiTaranilla has 30 seconds left.\n|inactive|GrokiTaranilla has 20 seconds left.\n|\n|t:|1788280430\n|switch|p1a: Tyranitar|Tyranitar, L50, M|100/100\n|-weather|Sandstorm|[from] ability: Sand Stream|[of] p1a: Tyranitar\n|move|p1b: Hydreigon|Draco Meteor|p2a: Toxapex\n|-damage|p2a: Toxapex|12/100\n|-unboost|p1b: Hydreigon|spa|2\n|move|p2b: Charizard|Weather Ball|p1a: Tyranitar\n|-damage|p1a: Tyranitar|73/100\n|move|p2a: Toxapex|Toxic|p1b: Hydreigon\n|-status|p1b: Hydreigon|tox\n|\n|-weather|Sandstorm|[upkeep]\n|-damage|p1b: Hydreigon|74/100 tox|[from] Sandstorm\n|-damage|p2b: Charizard|93/100|[from] Sandstorm\n|-damage|p2a: Toxapex|7/100|[from] Sandstorm\n|-heal|p2a: Toxapex|12/100|[from] item: Leftovers\n|-damage|p1b: Hydreigon|68/100 tox|[from] psn\n|-damage|p1b: Hydreigon|56/100 tox|[from] move: Infestation|[partiallytrapped]\n|upkeep\n|turn|3\n|inactive|robinrambles has 30 seconds left.\n|inactive|GrokiTaranilla has 30 seconds left.\n|\n|t:|1788280463\n|-heal|p2a: Toxapex|45/100|[from] ability: Regenerator|[silent]\n|switch|p2a: Sylveon|Sylveon, L50, M|100/100\n|move|p2b: Charizard|Protect|p2b: Charizard\n|-singleturn|p2b: Charizard|Protect\n|move|p1b: Hydreigon|Earth Power|p2a: Sylveon\n|-damage|p2a: Sylveon|87/100\n|move|p1a: Tyranitar|Dragon Dance|p1a: Tyranitar\n|-boost|p1a: Tyranitar|atk|1\n|-boost|p1a: Tyranitar|spe|1\n|\n|-weather|Sandstorm|[upkeep]\n|-damage|p1b: Hydreigon|50/100g tox|[from] Sandstorm\n|-damage|p2b: Charizard|87/100|[from] Sandstorm\n|-damage|p2a: Sylveon|81/100|[from] Sandstorm\n|-damage|p1b: Hydreigon|38/100 tox|[from] psn\n|-end|p1b: Hydreigon|Infestation|[partiallytrapped]|[silent]\n|upkeep\n|turn|4\n|inactive|GrokiTaranilla has 30 seconds left.\n|\n|t:|1788280490\n|switch|p1b: Milotic|Milotic, L50, F|100/100\n|switch|p2b: Venusaur|Venusaur, L50, F|100/100\n|move|p1a: Tyranitar|Protect|p1a: Tyranitar\n|-singleturn|p1a: Tyranitar|Protect\n|move|p2a: Sylveon|Yawn|p1a: Tyranitar\n|-activate|p1a: Tyranitar|move: Protect\n|\n|-weather|Sandstorm|[upkeep]\n|-damage|p2b: Venusaur|94/100|[from] Sandstorm\n|-damage|p1b: Milotic|94/100|[from] Sandstorm\n|-damage|p2a: Sylveon|76/100|[from] Sandstorm\n|upkeep\n|turn|5\n|\n|t:|1788280512\n|detailschange|p1a: Tyranitar|Tyranitar-Mega, L50, M\n|-mega|p1a: Tyranitar|Tyranitar|Tyranitarite\n|move|p1a: Tyranitar|Rock Slide|p2a: Sylveon|[spread] p2a,p2b\n|-damage|p2a: Sylveon|18/100\n|-damage|p2b: Venusaur|17/100\n|move|p2b: Venusaur|Earth Power|p1a: Tyranitar\n|-supereffective|p1a: Tyranitar|1\n|-damage|p1a: Tyranitar|43/100\n|-unboost|p1a: Tyranitar|spd|1\n|move|p1b: Milotic|Icy Wind|p2a: Sylveon|[spread] p2a,p2b\n|-supereffective|p2b: Venusaur|1\n|-damage|p2a: Sylveon|7/100\n|-damage|p2b: Venusaur|0 fnt\n|-unboost|p2a: Sylveon|spe|1\n|faint|p2b: Venusaur\n|move|p2a: Sylveon|Hyper Voice|p1b: Milotic|[spread] p1a,p1b\n|-supereffective|p1a: Tyranitar|1\n|-damage|p1a: Tyranitar|0 fnt\n|-damage|p1b: Milotic|57/100\n|faint|p1a: Tyranitar\n|\n|-weather|Sandstorm|[upkeep]\n|-damage|p1b: Milotic|51/100|[from] Sandstorm\n|-damage|p2a: Sylveon|1/100|[from] Sandstorm\n|upkeep\n|\n|t:|1788280535\n|switch|p2b: Charizard|Charizard-Mega-Y, L50, M|87/100\n|switch|p1a: Staraptor|Staraptor, L50, F|63/100\n|-ability|p1a: Staraptor|Intimidate|boost\n|-unboost|p2a: Sylveon|atk|1\n|-unboost|p2b: Charizard|atk|1\n|-weather|SunnyDay|[from] ability: Drought|[of] p2b: Charizard\n|turn|6\n|\n|t:|1788280556\n|move|p1a: Staraptor|Protect|p1a: Staraptor\n|-singleturn|p1a: Staraptor|Protect\n|move|p2b: Charizard|Heat Wave|p1a: Staraptor|[spread] p1b\n|-activate|p1a: Staraptor|move: Protect\n|-resisted|p1b: Milotic|1\n|-damage|p1b: Milotic|29/100\n|-enditem|p1b: Milotic|Sitrus Berry|[eat]\n|-heal|p1b: Milotic|54/100|[from] item: Sitrus Berry\n|move|p1b: Milotic|Icy Wind|p2b: Charizard|[spread] p2a,p2b\n|-damage|p2a: Sylveon|0 fnt\n|-damage|p2b: Charizard|76/100\n|-unboost|p2b: Charizard|spe|1\n|faint|p2a: Sylveon\n|\n|-weather|SunnyDay|[upkeep]\n|upkeep\n|\n|t:|1788280562\n|switch|p2a: Toxapex|Toxapex, L50, M|45/100\n|turn|7\n|\n|t:|1788280583\n|move|p1a: Staraptor|Brave Bird|p2b: Charizard\n|-damage|p2b: Charizard|1/100\n|-damage|p1a: Staraptor|40/100|[from] Recoil\n|move|p2b: Charizard|Heat Wave|p1b: Milotic|[spread] p1a\n|-miss|p2b: Charizard|p1b: Milotic\n|-damage|p1a: Staraptor|0 fnt\n|faint|p1a: Staraptor\n|move|p1b: Milotic|Scald|p2a: Toxapex\n|-resisted|p2a: Toxapex|1\n|-damage|p2a: Toxapex|39/100\n|-status|p2a: Toxapex|brn\n|move|p2a: Toxapex|Toxic|p1b: Milotic\n|-status|p1b: Milotic|tox\n|\n|-weather|SunnyDay|[upkeep]\n|-heal|p2a: Toxapex|45/100 brn|[from] item: Leftovers\n|-damage|p1b: Milotic|48/100 tox|[from] psn\n|-damage|p2a: Toxapex|39/100 brn|[from] brn\n|upkeep\n|\n|t:|1788280601\n|switch|p1a: Hydreigon|Hydreigon, L50, M|38/100 tox\n|turn|8\n|\n|t:|1788280611\n|move|p2a: Toxapex|Baneful Bunker|p2a: Toxapex\n|-singleturn|p2a: Toxapex|move: Protect\n|move|p1a: Hydreigon|Dark Pulse|p2b: Charizard\n|-damage|p2b: Charizard|0 fnt\n|faint|p2b: Charizard\n|move|p1b: Milotic|Icy Wind|p2a: Toxapex\n|-activate|p2a: Toxapex|move: Protect\n|\n|-weather|SunnyDay|[upkeep]\n|-heal|p2a: Toxapex|45/100 brn|[from] item: Leftovers\n|-damage|p1a: Hydreigon|32/100 tox|[from] psn\n|-damage|p1b: Milotic|36/100 tox|[from] psn\n|-damage|p2a: Toxapex|39/100 brn|[from] brn\n|upkeep\n|turn|9\n|\n|t:|1788280626\n|move|p2a: Toxapex|Baneful Bunker||[still]\n|-fail|p2a: Toxapex\n|move|p1a: Hydreigon|Earth Power|p2a: Toxapex\n|-supereffective|p2a: Toxapex|1\n|-damage|p2a: Toxapex|0 fnt\n|faint|p2a: Toxapex\n|\n|win|robinrambles\n|raw|robinrambles's rating: 1064 &rarr; <strong>1108</strong><br />(+44 for winning)\n|raw|GrokiTaranilla's rating: 1228 &rarr; <strong>1192</strong><br />(-36 for losing)\n|l|☆GrokiTaranilla\n|player|p2|\n","uploadtime":1788280699,"views":"6","formatid":"gen9championsvgc2026regmbbo3","rating":1108,"private":0,"password":null}