{"id":"gen9championsvgc2026regmbbo3-2673523418","format":"[Gen 9 Champions] VGC 2026 Reg M-B (Bo3)","players":["ANightmareProbably","UwJU"],"log":"|j|☆ANightmareProbably\n|j|☆UwJU\n|html|<table width=\"100%\"><tr><td align=\"left\">ANightmareProbably</td><td align=\"right\">UwJU</tr><tr><td align=\"left\"><i class=\"fa fa-circle-o\"></i> <i class=\"fa fa-circle-o\"></i> </td><td align=\"right\"><i class=\"fa fa-circle-o\"></i> <i class=\"fa fa-circle-o\"></i> </tr></table>\n|uhtml|bestof|<h2><strong>Game 1</strong> of <a href=\"/game-bestof3-gen9championsvgc2026regmbbo3-2673523417\">a best-of-3</a></h2>\n|t:|1788208238\n|gametype|doubles\n|player|p1|ANightmareProbably|169|1094\n|player|p2|UwJU|1|1000\n|gen|9\n|tier|[Gen 9 Champions] VGC 2026 Reg M-B (Bo3)\n|rated|\n|rule|Species Clause: Limit one of each Pokémon\n|rule|Item Clause: Limit 1 of each item\n|clearpoke\n|poke|p1|Furfrou, L50, M, shiny|\n|poke|p1|Staraptor, L50, M|\n|poke|p1|Aerodactyl, L50, F|\n|poke|p1|Gholdengo, L50|\n|poke|p1|Vanilluxe, L50, M, shiny|\n|poke|p1|Garchomp, L50, M|\n|poke|p2|Staraptor, L50, F|\n|poke|p2|Gholdengo, L50|\n|poke|p2|Whimsicott, L50, F|\n|poke|p2|Floette-Eternal, L50, F|\n|poke|p2|Garchomp, L50, F|\n|poke|p2|Glimmora, L50, M|\n|teampreview|4\n|showteam|p1|Furfrou||ChopleBerry|FurCoat|SuckerPunch,Charm,HelpingHand,PsychicFangs|Adamant||M|||50|]Staraptor||Staraptite|Intimidate|BraveBird,CloseCombat,Uturn,Protect|Adamant||M|||50|]Aerodactyl||FocusSash|Unnerve|RockSlide,WideGuard,Protect,Tailwind|Jolly||F|||50|]Gholdengo||LifeOrb|GoodasGold|Protect,ShadowBall,MakeItRain,PowerGem|Modest|||||50|]Vanilluxe||NeverMeltIce|SnowWarning|Blizzard,FreezeDry,Protect,IceShard|Modest||M|||50|]Garchomp||ChoiceScarf|RoughSkin|DragonClaw,Earthquake,RockSlide,StompingTantrum|Adamant||M|||50|\n|showteam|p2|Staraptor||Staraptite|Intimidate|Protect,CloseCombat,BraveBird,Roost|Adamant||F|||50|]Gholdengo||LifeOrb|GoodasGold|Protect,MakeItRain,ShadowBall,NastyPlot|Timid|||||50|]Whimsicott||FairyFeather|Prankster|Moonblast,Tailwind,Encore,Charm|Timid||F|||50|]Floette-Eternal||Floettite|FlowerVeil|Protect,DazzlingGleam,Moonblast,LightofRuin|Timid||F|||50|]Garchomp||SitrusBerry|RoughSkin|Protect,StompingTantrum,RockSlide,DragonClaw|Jolly||F|||50|]Glimmora||FocusSash|ToxicDebris|SpikyShield,SludgeBomb,EarthPower,PowerGem|Timid||M|||50|\n|inactive|Battle timer is ON: inactive players will automatically lose when time's up. (requested by ANightmareProbably)\n|inactive|UwJU has 60 seconds left.\n|\n|t:|1788208343\n|teamsize|p1|4\n|teamsize|p2|4\n|start\n|switch|p1a: Gholdengo|Gholdengo, L50|100/100\n|switch|p1b: Aerodactyl|Aerodactyl, L50, F|100/100\n|switch|p2a: Whimsicott|Whimsicott, L50, F|100/100\n|switch|p2b: Glimmora|Glimmora, L50, M|100/100\n|-ability|p1b: Aerodactyl|Unnerve\n|turn|1\n|inactive|ANightmareProbably has 30 seconds left.\n|inactive|UwJU has 30 seconds left.\n|inactive|ANightmareProbably has 20 seconds left.\n|\n|t:|1788208382\n|move|p2a: Whimsicott|Tailwind|p2a: Whimsicott\n|-sidestart|p2: UwJU|move: Tailwind\n|move|p2b: Glimmora|Power Gem|p1b: Aerodactyl\n|-supereffective|p1b: Aerodactyl|1\n|-enditem|p1b: Aerodactyl|Focus Sash\n|-damage|p1b: Aerodactyl|1/100\n|move|p1b: Aerodactyl|Tailwind|p1b: Aerodactyl\n|-sidestart|p1: ANightmareProbably|move: Tailwind\n|move|p1a: Gholdengo|Make It Rain|p2b: Glimmora|[spread] p2a,p2b\n|-supereffective|p2a: Whimsicott|1\n|-supereffective|p2b: Glimmora|1\n|-damage|p2a: Whimsicott|0 fnt\n|-enditem|p2b: Glimmora|Focus Sash\n|-damage|p2b: Glimmora|1/100\n|-unboost|p1a: Gholdengo|spa|2\n|faint|p2a: Whimsicott\n|-damage|p1a: Gholdengo|90/100|[from] item: Life Orb\n|\n|upkeep\n|\n|t:|1788208402\n|switch|p2a: Staraptor|Staraptor, L50, F|100/100\n|-ability|p2a: Staraptor|Intimidate|boost\n|-unboost|p1a: Gholdengo|atk|1\n|-unboost|p1b: Aerodactyl|atk|1\n|turn|2\n|\n|t:|1788208425\n|switch|p1a: Vanilluxe|Vanilluxe, L50, M, shiny|100/100\n|-weather|Snowscape|[from] ability: Snow Warning|[of] p1a: Vanilluxe\n|detailschange|p2a: Staraptor|Staraptor-Mega, L50, F\n|-mega|p2a: Staraptor|Staraptor|Staraptite\n|move|p1b: Aerodactyl|Protect|p1b: Aerodactyl\n|-singleturn|p1b: Aerodactyl|Protect\n|move|p2a: Staraptor|Close Combat|p1b: Aerodactyl\n|-activate|p1b: Aerodactyl|move: Protect\n|move|p2b: Glimmora|Earth Power|p1a: Vanilluxe\n|-damage|p1a: Vanilluxe|65/100\n|\n|-weather|Snowscape|[upkeep]\n|upkeep\n|turn|3\n|\n|t:|1788208446\n|move|p1a: Vanilluxe|Ice Shard|p2b: Glimmora\n|-damage|p2b: Glimmora|0 fnt\n|-activate|p2b: Glimmora|ability: Toxic Debris\n|-sidestart|p1: ANightmareProbably|move: Toxic Spikes\n|faint|p2b: Glimmora\n|move|p1b: Aerodactyl|Rock Slide|p2a: Staraptor\n|-damage|p2a: Staraptor|73/100\n|move|p2a: Staraptor|Close Combat|p1a: Vanilluxe\n|-supereffective|p1a: Vanilluxe|1\n|-damage|p1a: Vanilluxe|0 fnt\n|-boost|p2a: Staraptor|def|1\n|-boost|p2a: Staraptor|spd|1\n|faint|p1a: Vanilluxe\n|\n|-weather|Snowscape|[upkeep]\n|upkeep\n|\n|t:|1788208462\n|switch|p2b: Floette|Floette-Eternal, L50, F|100/100\n|switch|p1a: Staraptor|Staraptor, L50, M|100/100\n|-ability|p1a: Staraptor|Intimidate|boost\n|-boost|p2a: Staraptor|atk|1\n|-unboost|p2b: Floette|atk|1\n|turn|4\n|\n|t:|1788208478\n|detailschange|p1a: Staraptor|Staraptor-Mega, L50, M\n|-mega|p1a: Staraptor|Staraptor|Staraptite\n|move|p1a: Staraptor|Protect|p1a: Staraptor\n|-singleturn|p1a: Staraptor|Protect\n|move|p1b: Aerodactyl|Rock Slide|p2b: Floette|[spread] p2b\n|-miss|p1b: Aerodactyl|p2a: Staraptor\n|-damage|p2b: Floette|69/100\n|move|p2a: Staraptor|Close Combat|p1a: Staraptor\n|-activate|p1a: Staraptor|move: Protect\n|move|p2b: Floette|Dazzling Gleam|p1a: Staraptor|[spread] p1b\n|-activate|p1a: Staraptor|move: Protect\n|-damage|p1b: Aerodactyl|0 fnt\n|faint|p1b: Aerodactyl\n|\n|-weather|Snowscape|[upkeep]\n|-sideend|p1: ANightmareProbably|move: Tailwind\n|-sideend|p2: UwJU|move: Tailwind\n|upkeep\n|\n|t:|1788208494\n|switch|p1b: Gholdengo|Gholdengo, L50|90/100\n|turn|5\n|\n|t:|1788208507\n|move|p2a: Staraptor|Brave Bird|p1b: Gholdengo\n|-resisted|p1b: Gholdengo|1\n|-damage|p1b: Gholdengo|33/100\n|-damage|p2a: Staraptor|51/100|[from] Recoil\n|move|p2b: Floette|Light of Ruin|p1a: Staraptor\n|-supereffective|p1a: Staraptor|1\n|-damage|p1a: Staraptor|0 fnt\n|faint|p1a: Staraptor\n|-damage|p2b: Floette|15/100|[from] Recoil\n|move|p1b: Gholdengo|Make It Rain|p2a: Staraptor|[spread] p2a,p2b\n|-supereffective|p2b: Floette|1\n|-damage|p2a: Staraptor|0 fnt\n|-damage|p2b: Floette|0 fnt\n|-unboost|p1b: Gholdengo|spa|2\n|faint|p2a: Staraptor\n|faint|p2b: Floette\n|-damage|p1b: Gholdengo|23/100|[from] item: Life Orb\n|\n|win|ANightmareProbably\n|inactive|ANightmareProbably has 30 seconds to confirm battle start!\n|inactive|UwJU has 30 seconds to confirm battle start!\n||ANightmareProbably is ready for game 2.\n||UwJU is ready for game 2.\n|uhtml|next|Next: <a href=\"/battle-gen9championsvgc2026regmbbo3-2673525699\"><strong>Game 2 of 3</strong></a>\n|l|☆ANightmareProbably\n|player|p1|\n|j|☆ANightmareProbably\n|player|p1|ANightmareProbably|169|\n|l|☆ANightmareProbably\n|player|p1|\n|l|☆UwJU\n|player|p2|\n|j|☆ANightmareProbably\n|player|p1|ANightmareProbably|169|\n","uploadtime":1788208991,"views":"12","formatid":"gen9championsvgc2026regmbbo3","rating":null,"private":0,"password":null}