{"id":"gen9championsvgc2026regmb-2674197902","format":"[Gen 9 Champions] VGC 2026 Reg M-B","players":["mind goblin games","blackleafogog"],"log":"|j|☆mind goblin games\n|j|☆blackleafogog\n|t:|1788314022\n|gametype|doubles\n|player|p1|mind goblin games|li|1741\n|player|p2|blackleafogog|169|1664\n|gen|9\n|tier|[Gen 9 Champions] VGC 2026 Reg M-B\n|rated|\n|rule|Species Clause: Limit one of each Pokémon\n|rule|Item Clause: Limit 1 of each item\n|clearpoke\n|poke|p1|Kangaskhan, L50, F|\n|poke|p1|Farigiraf, L50, M|\n|poke|p1|Camerupt, L50, M|\n|poke|p1|Basculegion, L50, M|\n|poke|p1|Vivillon, L50, M|\n|poke|p1|Blastoise, L50, F|\n|poke|p2|Staraptor, L50, F|\n|poke|p2|Kingambit, L50, M|\n|poke|p2|Maushold-Four, L50|\n|poke|p2|Vivillon, L50, M|\n|poke|p2|Garchomp, L50, M|\n|poke|p2|Venusaur, L50, M|\n|teampreview|4\n|inactive|Battle timer is ON: inactive players will automatically lose when time's up. (requested by mind goblin games)\n|inactive|blackleafogog has 60 seconds left.\n|j| AreS414141\n|\n|t:|1788314065\n|teamsize|p1|4\n|teamsize|p2|4\n|start\n|switch|p1a: Kangaskhan|Kangaskhan, L50, F|100/100\n|switch|p1b: Farigiraf|Farigiraf, L50, M|100/100\n|switch|p2a: Kingambit|Kingambit, L50, M|100/100\n|switch|p2b: Maushold|Maushold-Four, L50|100/100\n|turn|1\n|inactive|mind goblin games has 30 seconds left.\n|\n|t:|1788314094\n|move|p1a: Kangaskhan|Fake Out|p2b: Maushold\n|-damage|p2b: Maushold|64/100\n|-damage|p1a: Kangaskhan|90/100|[from] item: Life Orb\n|cant|p2b: Maushold|flinch\n|move|p2a: Kingambit|Kowtow Cleave|p1b: Farigiraf\n|-supereffective|p1b: Farigiraf|1\n|-damage|p1b: Farigiraf|2/100\n|-enditem|p1b: Farigiraf|Sitrus Berry|[eat]\n|-heal|p1b: Farigiraf|27/100|[from] item: Sitrus Berry\n|-damage|p2a: Kingambit|90/100|[from] item: Life Orb\n|move|p1b: Farigiraf|Trick Room|p1b: Farigiraf\n|-fieldstart|move: Trick Room|[of] p1b: Farigiraf\n|\n|upkeep\n|turn|2\n|\n|t:|1788314118\n|move|p2b: Maushold|Follow Me|p2b: Maushold\n|-singleturn|p2b: Maushold|move: Follow Me\n|move|p2a: Kingambit|Kowtow Cleave|p1a: Kangaskhan\n|-damage|p1a: Kangaskhan|20/100y\n|-damage|p2a: Kingambit|80/100|[from] item: Life Orb\n|move|p1b: Farigiraf|Nasty Plot|p1b: Farigiraf\n|-boost|p1b: Farigiraf|spa|2\n|move|p1a: Kangaskhan|Hammer Arm|p2b: Maushold\n|-supereffective|p2b: Maushold|1\n|-enditem|p2b: Maushold|Chople Berry|[eat]\n|-enditem|p2b: Maushold|Chople Berry|[weaken]\n|-damage|p2b: Maushold|8/100\n|-unboost|p1a: Kangaskhan|spe|1\n|-damage|p1a: Kangaskhan|10/100|[from] item: Life Orb\n|\n|upkeep\n|turn|3\n|\n|t:|1788314134\n|move|p2b: Maushold|Follow Me|p2b: Maushold\n|-singleturn|p2b: Maushold|move: Follow Me\n|move|p1a: Kangaskhan|Hammer Arm|p2b: Maushold\n|-supereffective|p2b: Maushold|1\n|-damage|p2b: Maushold|0 fnt\n|-unboost|p1a: Kangaskhan|spe|1\n|faint|p2b: Maushold\n|-damage|p1a: Kangaskhan|1/100|[from] item: Life Orb\n|move|p2a: Kingambit|Kowtow Cleave|p1b: Farigiraf\n|-supereffective|p1b: Farigiraf|1\n|-damage|p1b: Farigiraf|0 fnt\n|faint|p1b: Farigiraf\n|-damage|p2a: Kingambit|71/100|[from] item: Life Orb\n|\n|upkeep\n|\n|t:|1788314149\n|switch|p1b: Camerupt|Camerupt, L50, M|100/100\n|switch|p2b: Venusaur|Venusaur, L50, M|100/100\n|turn|4\n|\n|t:|1788314158\n|detailschange|p1b: Camerupt|Camerupt-Mega, L50, M\n|-mega|p1b: Camerupt|Camerupt|Cameruptite\n|move|p2a: Kingambit|Protect|p2a: Kingambit\n|-singleturn|p2a: Kingambit|Protect\n|move|p2b: Venusaur|Protect|p2b: Venusaur\n|-singleturn|p2b: Venusaur|Protect\n|move|p1b: Camerupt|Heat Wave|p2a: Kingambit|[spread] \n|-activate|p2a: Kingambit|move: Protect\n|-activate|p2b: Venusaur|move: Protect\n|move|p1a: Kangaskhan|Hammer Arm|p2a: Kingambit\n|-activate|p2a: Kingambit|move: Protect\n|\n|upkeep\n|turn|5\n|\n|t:|1788314172\n|detailschange|p2b: Venusaur|Venusaur-Mega, L50, M\n|-mega|p2b: Venusaur|Venusaur|Venusaurite\n|move|p2a: Kingambit|Sucker Punch|p1b: Camerupt\n|-damage|p1b: Camerupt|49/100\n|-damage|p2a: Kingambit|61/100|[from] item: Life Orb\n|move|p1b: Camerupt|Heat Wave|p2a: Kingambit|[spread] p2a,p2b\n|-supereffective|p2a: Kingambit|1\n|-supereffective|p2b: Venusaur|1\n|-damage|p2a: Kingambit|0 fnt\n|-damage|p2b: Venusaur|54/100\n|faint|p2a: Kingambit\n|move|p1a: Kangaskhan|Ice Punch|p2b: Venusaur\n|-supereffective|p2b: Venusaur|1\n|-damage|p2b: Venusaur|30/100\n|-damage|p1a: Kangaskhan|0 fnt|[from] item: Life Orb\n|faint|p1a: Kangaskhan\n|move|p2b: Venusaur|Earth Power|p1b: Camerupt\n|-supereffective|p1b: Camerupt|1\n|-damage|p1b: Camerupt|0 fnt\n|faint|p1b: Camerupt\n|\n|-fieldend|move: Trick Room\n|upkeep\n|\n|t:|1788314181\n|switch|p2a: Garchomp|Garchomp, L50, M|100/100\n|switch|p1b: Basculegion|Basculegion, L50, M|100/100\n|turn|6\n|\n|t:|1788314190\n|move|p2a: Garchomp|Dragon Claw|p1b: Basculegion\n|-damage|p1b: Basculegion|46/100\n|move|p1b: Basculegion|Last Respects|p2a: Garchomp\n|-damage|p2a: Garchomp|0 fnt\n|faint|p2a: Garchomp\n|move|p2b: Venusaur|Giga Drain|p1b: Basculegion\n|-supereffective|p1b: Basculegion|1\n|-damage|p1b: Basculegion|0 fnt\n|-heal|p2b: Venusaur|55/100|[from] drain|[of] p1b: Basculegion\n|faint|p1b: Basculegion\n|\n|win|blackleafogog\n|raw|mind goblin games's rating: 1741 &rarr; <strong>1717</strong><br />(-24 for losing)\n|raw|blackleafogog's rating: 1664 &rarr; <strong>1688</strong><br />(+24 for winning)\n|l|☆mind goblin games\n|player|p1|\n","uploadtime":1788314206,"views":"12","formatid":"gen9championsvgc2026regmb","rating":1688,"private":0,"password":null}