{"id":"gen9championsvgc2026regmbbo3-2674010364","format":"[Gen 9 Champions] VGC 2026 Reg M-B (Bo3)","players":["humania1","Chmecken"],"log":"|j|☆humania1\n|j|☆Chmecken\n|html|<table width=\"100%\"><tr><td align=\"left\">humania1</td><td align=\"right\">Chmecken</tr><tr><td align=\"left\"><i class=\"fa fa-circle\"></i> <i class=\"fa fa-circle-o\"></i> </td><td align=\"right\"><i class=\"fa fa-circle-o\"></i> <i class=\"fa fa-circle-o\"></i> </tr></table>\n|uhtml|bestof|<h2><strong>Game 2</strong> of <a href=\"/game-bestof3-gen9championsvgc2026regmbbo3-2674009469\">a best-of-3</a></h2>\n|t:|1788287856\n|gametype|doubles\n|player|p1|humania1|266|1002\n|player|p2|Chmecken|101|1000\n|gen|9\n|tier|[Gen 9 Champions] VGC 2026 Reg M-B (Bo3)\n|rated|\n|rule|Species Clause: Limit one of each Pokémon\n|rule|Item Clause: Limit 1 of each item\n|clearpoke\n|poke|p1|Blastoise, L50, M|\n|poke|p1|Delphox, L50, F, shiny|\n|poke|p1|Incineroar, L50, F|\n|poke|p1|Sinistcha, L50|\n|poke|p1|Sneasler, L50, F|\n|poke|p1|Vivillon, L50, M|\n|poke|p2|Politoed, L50, M|\n|poke|p2|Swampert, L50, M|\n|poke|p2|Pelipper, L50, F|\n|poke|p2|Archaludon, L50, M|\n|poke|p2|Sneasler, L50, F|\n|poke|p2|Sylveon, L50, F|\n|teampreview|4\n|showteam|p1|Blastoise||Blastoisinite|Torrent|Protect,ShellSmash,WaterSpout,DarkPulse|Modest||M|||50|]Delphox||Delphoxite|Blaze|Protect,HeatWave,Psyshock,NastyPlot|Timid||F|||50|]Incineroar||PasshoBerry|Intimidate|FakeOut,PartingShot,FlareBlitz,ThroatChop|Impish||F|||50|]Sinistcha||SitrusBerry|Hospitality|Protect,MatchaGotcha,TrickRoom,RagePowder|Bold|||||50|]Sneasler||FocusSash|PoisonTouch|QuickGuard,FakeOut,CloseCombat,DireClaw|Jolly||F|||50|]Vivillon||ChoiceScarf|CompoundEyes|Hurricane,SleepPowder,RagePowder,Uturn|Timid||M|||50|\n|showteam|p2|Politoed||Leftovers|WaterAbsorb|BrickBreak,ChillingWater,RainDance,Protect|Sassy||M|||50|]Swampert||Swampertite|Torrent|Surf,WaveCrash,Earthquake,Protect|Lonely||M|||50|]Pelipper||FocusSash|Drizzle|Tailwind,Hurricane,IceBeam,Protect|Bold||F|||50|]Archaludon||ChoiceScarf|Stamina|ElectroShot,AuraSphere,DracoMeteor,RockSlide|Naive||M|||50|]Sneasler||ExpertBelt|PoisonTouch|DireClaw,CloseCombat,FakeOut,Protect|Jolly||F|||50|]Sylveon||LifeOrb|Pixilate|AlluringVoice,HyperVoice,Detect,LightScreen|Calm||F|||50|\n|inactive|Battle timer is ON: inactive players will automatically lose when time's up. (requested by humania1)\n|\n|t:|1788287871\n|teamsize|p1|4\n|teamsize|p2|4\n|start\n|switch|p1a: Blastoise|Blastoise, L50, M|100/100\n|switch|p1b: Sinistcha|Sinistcha, L50|100/100\n|switch|p2a: Archaludon|Archaludon, L50, M|100/100\n|switch|p2b: Pelipper|Pelipper, L50, F|100/100\n|-weather|RainDance|[from] ability: Drizzle|[of] p2b: Pelipper\n|turn|1\n|inactive|Chmecken has 30 seconds left.\n|\n|t:|1788287897\n|detailschange|p1a: Blastoise|Blastoise-Mega, L50, M\n|-mega|p1a: Blastoise|Blastoise|Blastoisinite\n|move|p2a: Archaludon|Electro Shot||[still]\n|-prepare|p2a: Archaludon|Electro Shot\n|-boost|p2a: Archaludon|spa|1\n|-anim|p2a: Archaludon|Electro Shot|p1b: Sinistcha\n|-resisted|p1b: Sinistcha|1\n|-crit|p1b: Sinistcha\n|-damage|p1b: Sinistcha|53/100\n|move|p1a: Blastoise|Water Spout|p2b: Pelipper|[spread] p2a,p2b\n|-resisted|p2a: Archaludon|1\n|-resisted|p2b: Pelipper|1\n|-damage|p2a: Archaludon|16/100\n|-damage|p2b: Pelipper|32/100\n|-ability|p2a: Archaludon|Stamina|boost\n|-boost|p2a: Archaludon|def|1\n|move|p1b: Sinistcha|Matcha Gotcha|p2a: Archaludon|[spread] p2a,p2b\n|-resisted|p2a: Archaludon|2\n|-damage|p2a: Archaludon|7/100\n|-heal|p1b: Sinistcha|57/100|[from] drain|[of] p2a: Archaludon\n|-damage|p2b: Pelipper|0 fnt\n|-heal|p1b: Sinistcha|73/100|[from] drain|[of] p2b: Pelipper\n|-status|p2a: Archaludon|brn\n|-ability|p2a: Archaludon|Stamina|boost\n|-boost|p2a: Archaludon|def|1\n|faint|p2b: Pelipper\n|\n|-weather|RainDance|[upkeep]\n|-damage|p2a: Archaludon|1/100 brn|[from] brn\n|upkeep\n|inactive|Chmecken has 30 seconds left.\n|\n|t:|1788287924\n|switch|p2b: Swampert|Swampert, L50, M|100/100\n|turn|2\n|\n|t:|1788287929\n|move|p1b: Sinistcha|Protect|p1b: Sinistcha\n|-singleturn|p1b: Sinistcha|Protect\n|move|p2a: Archaludon|Electro Shot||[still]\n|-prepare|p2a: Archaludon|Electro Shot\n|-boost|p2a: Archaludon|spa|1\n|-anim|p2a: Archaludon|Electro Shot|p1a: Blastoise\n|-supereffective|p1a: Blastoise|1\n|-damage|p1a: Blastoise|0 fnt\n|faint|p1a: Blastoise\n|move|p2b: Swampert|Earthquake|p1b: Sinistcha|[spread] p2a\n|-activate|p1b: Sinistcha|move: Protect\n|-supereffective|p2a: Archaludon|1\n|-damage|p2a: Archaludon|0 fnt\n|faint|p2a: Archaludon\n|\n|-weather|RainDance|[upkeep]\n|upkeep\n|\n|t:|1788287943\n|switch|p2a: Politoed|Politoed, L50, M|100/100\n|switch|p1a: Vivillon|Vivillon, L50, M|100/100\n|turn|3\n|\n|t:|1788287964\n|switch|p1a: Sneasler|Sneasler, L50, F|100/100\n|move|p1b: Sinistcha|Matcha Gotcha|p2b: Swampert|[spread] p2a,p2b\n|-supereffective|p2a: Politoed|1\n|-supereffective|p2b: Swampert|2\n|-damage|p2a: Politoed|69/100\n|-heal|p1b: Sinistcha|90/100|[from] drain|[of] p2a: Politoed\n|-damage|p2b: Swampert|1/100\n|-heal|p1b: Sinistcha|100/100|[from] drain|[of] p2b: Swampert\n|-status|p2a: Politoed|brn\n|-status|p2b: Swampert|brn\n|move|p2a: Politoed|Chilling Water|p1a: Sneasler\n|-damage|p1a: Sneasler|64/100\n|-unboost|p1a: Sneasler|atk|1\n|move|p2b: Swampert|Surf|p1a: Sneasler|[spread] p1a,p1b\n|-heal|p2a: Politoed|94/100 brn|[from] ability: Water Absorb|[of] p2b: Swampert\n|-resisted|p1b: Sinistcha|1\n|-damage|p1a: Sneasler|0 fnt\n|-damage|p1b: Sinistcha|77/100\n|faint|p1a: Sneasler\n|\n|-weather|RainDance|[upkeep]\n|-heal|p2a: Politoed|100/100 brn|[from] item: Leftovers\n|-damage|p2a: Politoed|93/100 brn|[from] brn\n|-damage|p2b: Swampert|0 fnt|[from] brn\n|faint|p2b: Swampert\n|upkeep\n|\n|t:|1788287964\n|switch|p1a: Vivillon|Vivillon, L50, M|100/100\n|turn|4\n|inactive|Chmecken has 30 seconds left.\n|\n|t:|1788287992\n|move|p1a: Vivillon|Hurricane|p2a: Politoed\n|-damage|p2a: Politoed|66/100 brn\n|-start|p2a: Politoed|confusion\n|-activate|p2a: Politoed|confusion\n|-damage|p2a: Politoed|58/100 brn|[from] confusion\n|move|p1b: Sinistcha|Trick Room|p1b: Sinistcha\n|-fieldstart|move: Trick Room|[of] p1b: Sinistcha\n|\n|-weather|RainDance|[upkeep]\n|-heal|p2a: Politoed|64/100 brn|[from] item: Leftovers\n|-damage|p2a: Politoed|58/100 brn|[from] brn\n|upkeep\n|turn|5\n|\n|t:|1788288003\n|-activate|p2a: Politoed|confusion\n|-damage|p2a: Politoed|50/100g brn|[from] confusion\n|move|p1b: Sinistcha|Matcha Gotcha|p2a: Politoed\n|-supereffective|p2a: Politoed|1\n|-damage|p2a: Politoed|7/100 brn\n|-heal|p1b: Sinistcha|100/100|[from] drain|[of] p2a: Politoed\n|move|p1a: Vivillon|Hurricane|p2a: Politoed\n|-damage|p2a: Politoed|0 fnt\n|faint|p2a: Politoed\n|\n|win|humania1\n|raw|humania1's rating: 1002 &rarr; <strong>1041</strong><br />(+39 for winning)\n|raw|Chmecken's rating: 1000 &rarr; <strong>1000</strong><br />(+0 for losing)\n","uploadtime":1788288003,"views":"0","formatid":"gen9championsvgc2026regmbbo3","rating":1000,"private":0,"password":null}