{"id":"gen9championsvgc2026regmbbo3-2674359670","format":"[Gen 9 Champions] VGC 2026 Reg M-B (Bo3)","players":["cookingorcooked2","CaratroncoSun"],"log":"|j|☆cookingorcooked2\n|j|‽CaratroncoSun\n|html|<table width=\"100%\"><tr><td align=\"left\">cookingorcooked2</td><td align=\"right\">CaratroncoSun</tr><tr><td align=\"left\"><i class=\"fa fa-circle-o\"></i> <i class=\"fa fa-circle-o\"></i> </td><td align=\"right\"><i class=\"fa fa-circle-o\"></i> <i class=\"fa fa-circle-o\"></i> </tr></table>\n|uhtml|bestof|<h2><strong>Game 1</strong> of <a href=\"/game-bestof3-gen9championsvgc2026regmbbo3-2674359669\">a best-of-3</a></h2>\n|t:|1788348532\n|gametype|doubles\n|player|p1|cookingorcooked2|1|1478\n|player|p2|CaratroncoSun|266|1369\n|gen|9\n|tier|[Gen 9 Champions] VGC 2026 Reg M-B (Bo3)\n|rated|\n|rule|Species Clause: Limit one of each Pokémon\n|rule|Item Clause: Limit 1 of each item\n|clearpoke\n|poke|p1|Kleavor, L50, M|\n|poke|p1|Whimsicott, L50, F|\n|poke|p1|Metagross, L50|\n|poke|p1|Kingambit, L50, F|\n|poke|p1|Basculegion, L50, M|\n|poke|p1|Raichu, L50, F|\n|poke|p2|Charizard, L50, M, shiny|\n|poke|p2|Venusaur, L50, M, shiny|\n|poke|p2|Whimsicott, L50, F, shiny|\n|poke|p2|Basculegion, L50, M|\n|poke|p2|Tyranitar, L50, F|\n|poke|p2|Mamoswine, L50, F|\n|teampreview|4\n|showteam|p1|Kleavor||FocusSash|Sharpness|Protect,StoneAxe,XScissor,Feint|Adamant||M|||50|]Whimsicott||FairyFeather|Prankster|Protect,Moonblast,Tailwind,Encore|Timid||F|||50|]Metagross||Metagrossite|ClearBody|IronHead,PsychicFangs,IcePunch,Protect|Jolly|||||50|]Kingambit||ChopleBerry|Defiant|KowtowCleave,SuckerPunch,IronHead,LowKick|Adamant||F|||50|]Basculegion||LifeOrb|Adaptability|WaveCrash,LastRespects,AquaJet,Protect|Adamant||M|||50|]Raichu||RaichuniteY|Static|ZapCannon,FocusBlast,FakeOut,Protect|Timid||F|||50|\n|showteam|p2|Charizard||CharizarditeY|Blaze|Protect,SolarBeam,HeatWave,AirSlash|Modest||M|||50|]Venusaur||WideLens|Chlorophyll|Protect,GigaDrain,EarthPower,SleepPowder|Modest||M|||50|]Whimsicott||FocusSash|Prankster|Protect,Moonblast,Tailwind,Encore|Timid||F|||50|]Basculegion||MysticWater|Adaptability|Protect,AquaJet,WaveCrash,LastRespects|Adamant||M|||50|]Tyranitar||Tyranitarite|SandStream|Protect,RockSlide,KnockOff,LowKick|Adamant||F|||50|]Mamoswine||LifeOrb|Oblivious|Protect,HighHorsepower,RockSlide,IceShard|Adamant||F|||50|\n|\n|t:|1788348570\n|teamsize|p1|4\n|teamsize|p2|4\n|start\n|switch|p1a: Whimsicott|Whimsicott, L50, F|100/100\n|switch|p1b: Kleavor|Kleavor, L50, M|100/100\n|switch|p2a: Basculegion|Basculegion, L50, M|100/100\n|switch|p2b: Mamoswine|Mamoswine, L50, F|100/100\n|turn|1\n|\n|t:|1788348588\n|switch|p1b: Kingambit|Kingambit, L50, F|100/100\n|move|p1a: Whimsicott|Tailwind|p1a: Whimsicott\n|-sidestart|p1: cookingorcooked2|move: Tailwind\n|move|p2b: Mamoswine|Ice Shard|p1a: Whimsicott\n|-supereffective|p1a: Whimsicott|1\n|-damage|p1a: Whimsicott|12/100\n|-damage|p2b: Mamoswine|90/100|[from] item: Life Orb\n|move|p2a: Basculegion|Aqua Jet|p1a: Whimsicott\n|-resisted|p1a: Whimsicott|1\n|-damage|p1a: Whimsicott|0 fnt\n|faint|p1a: Whimsicott\n|\n|upkeep\n|\n|t:|1788348596\n|switch|p1a: Metagross|Metagross, L50|100/100\n|turn|2\n|\n|t:|1788348610\n|switch|p2a: Whimsicott|Whimsicott, L50, F, shiny|100/100\n|detailschange|p1a: Metagross|Metagross-Mega, L50\n|-mega|p1a: Metagross|Metagross|Metagrossite\n|move|p2b: Mamoswine|Protect|p2b: Mamoswine\n|-singleturn|p2b: Mamoswine|Protect\n|move|p1a: Metagross|Iron Head|p2b: Mamoswine\n|-activate|p2b: Mamoswine|move: Protect\n|move|p1b: Kingambit|Kowtow Cleave|p2a: Whimsicott\n|-resisted|p2a: Whimsicott|1\n|-damage|p2a: Whimsicott|65/100\n|\n|upkeep\n|turn|3\n|\n|t:|1788348638\n|switch|p2b: Charizard|Charizard, L50, M, shiny|100/100\n|move|p2a: Whimsicott|Protect|p2a: Whimsicott\n|-singleturn|p2a: Whimsicott|Protect\n|move|p1a: Metagross|Iron Head|p2b: Charizard\n|-resisted|p2b: Charizard|1\n|-damage|p2b: Charizard|69/100\n|move|p1b: Kingambit|Kowtow Cleave|p2b: Charizard\n|-damage|p2b: Charizard|16/100\n|\n|upkeep\n|turn|4\n|\n|t:|1788348656\n|move|p2b: Charizard|Protect|p2b: Charizard\n|-singleturn|p2b: Charizard|Protect\n|move|p2a: Whimsicott|Tailwind|p2a: Whimsicott\n|-sidestart|p2: CaratroncoSun|move: Tailwind\n|move|p1b: Kingambit|Sucker Punch||[still]\n|-fail|p1b: Kingambit\n|move|p1a: Metagross|Iron Head|p2a: Whimsicott\n|-supereffective|p2a: Whimsicott|1\n|-damage|p2a: Whimsicott|0 fnt\n|faint|p2a: Whimsicott\n|\n|-sideend|p1: cookingorcooked2|move: Tailwind\n|upkeep\n|\n|t:|1788348668\n|switch|p2a: Mamoswine|Mamoswine, L50, F|90/100\n|turn|5\n|\n|t:|1788348675\n|switch|p2b: Basculegion|Basculegion, L50, M|100/100\n|switch|p1a: Kleavor|Kleavor, L50, M|100/100\n|move|p2a: Mamoswine|High Horsepower|p1a: Kleavor\n|-damage|p1a: Kleavor|6/100\n|-damage|p2a: Mamoswine|80/100|[from] item: Life Orb\n|move|p1b: Kingambit|Iron Head|p2a: Mamoswine\n|-supereffective|p2a: Mamoswine|1\n|-damage|p2a: Mamoswine|0 fnt\n|faint|p2a: Mamoswine\n|\n|upkeep\n|\n|t:|1788348686\n|switch|p2a: Charizard|Charizard, L50, M, shiny|16/100\n|turn|6\n|\n|t:|1788348693\n|move|p1a: Kleavor|Feint|p2a: Charizard\n|-damage|p2a: Charizard|2/100\n|move|p2b: Basculegion|Aqua Jet|p1a: Kleavor\n|-supereffective|p1a: Kleavor|1\n|-crit|p1a: Kleavor\n|-damage|p1a: Kleavor|0 fnt\n|faint|p1a: Kleavor\n|move|p1b: Kingambit|Sucker Punch|p2a: Charizard\n|-damage|p2a: Charizard|0 fnt\n|faint|p2a: Charizard\n|\n|upkeep\n|\n|t:|1788348700\n|switch|p1a: Metagross|Metagross-Mega, L50|100/100\n|turn|7\n|\n|t:|1788348706\n|move|p2b: Basculegion|Last Respects|p1a: Metagross\n|-supereffective|p1a: Metagross|1\n|-damage|p1a: Metagross|0 fnt\n|faint|p1a: Metagross\n|move|p1b: Kingambit|Kowtow Cleave|p2b: Basculegion\n|-supereffective|p2b: Basculegion|1\n|-damage|p2b: Basculegion|0 fnt\n|faint|p2b: Basculegion\n|\n|win|cookingorcooked2\n","uploadtime":1788348706,"views":"0","formatid":"gen9championsvgc2026regmbbo3","rating":null,"private":0,"password":null}