{"id":"gen9championsvgc2026regmb-2674193291","format":"[Gen 9 Champions] VGC 2026 Reg M-B","players":["shakessy","Papi Loko"],"log":"|j|☆shakessy\n|j|☆Papi Loko\n|t:|1788313303\n|gametype|doubles\n|player|p1|shakessy|102|1288\n|player|p2|Papi Loko|170|1381\n|gen|9\n|tier|[Gen 9 Champions] VGC 2026 Reg M-B\n|rated|\n|rule|Species Clause: Limit one of each Pokémon\n|rule|Item Clause: Limit 1 of each item\n|clearpoke\n|poke|p1|Torkoal, L50, M|\n|poke|p1|Raichu, L50, M|\n|poke|p1|Basculegion, L50, M|\n|poke|p1|Whimsicott, L50, F|\n|poke|p1|Garchomp, L50, M|\n|poke|p1|Ditto, L50|\n|poke|p2|Froslass, L50, F|\n|poke|p2|Scovillain, L50, F|\n|poke|p2|Lycanroc-Dusk, L50, F|\n|poke|p2|Basculegion, L50, M|\n|poke|p2|Kingambit, L50, M|\n|poke|p2|Sneasler, L50, M|\n|teampreview|4\n|inactive|Battle timer is ON: inactive players will automatically lose when time's up. (requested by shakessy)\nshakessy rejected open team sheets.\n|inactive|Papi Loko has 60 seconds left.\n|\n|t:|1788313366\n|teamsize|p1|4\n|teamsize|p2|4\n|start\n|switch|p1a: Raichu|Raichu, L50, M|100/100\n|switch|p1b: Whimsicott|Whimsicott, L50, F|100/100\n|switch|p2a: Froslass|Froslass, L50, F|100/100\n|switch|p2b: Lycanroc|Lycanroc-Dusk, L50, F|100/100\n|turn|1\n|inactive|Papi Loko has 30 seconds left.\n|inactive|Papi Loko has 20 seconds left.\n|\n|t:|1788313402\n|switch|p2b: Basculegion|Basculegion, L50, M|100/100\n|detailschange|p2a: Froslass|Froslass-Mega, L50, F\n|-mega|p2a: Froslass|Froslass|Froslassite\n|-weather|Snowscape|[from] ability: Snow Warning|[of] p2a: Froslass\n|detailschange|p1a: Raichu|Raichu-Mega-Y, L50, M\n|-mega|p1a: Raichu|Raichu|Raichunite Y\n|move|p1b: Whimsicott|Tailwind|p1b: Whimsicott\n|-sidestart|p1: shakessy|move: Tailwind\n|move|p1a: Raichu|Focus Blast|p2b: Basculegion\n|-immune|p2b: Basculegion\n|move|p2a: Froslass|Blizzard|p1b: Whimsicott|[spread] p1a,p1b\n|-supereffective|p1b: Whimsicott|1\n|-damage|p1a: Raichu|31/100\n|-enditem|p1b: Whimsicott|Focus Sash\n|-damage|p1b: Whimsicott|1/100\n|\n|-weather|Snowscape|[upkeep]\n|upkeep\n|turn|2\n|\n|t:|1788313424\n|move|p1b: Whimsicott|Protect|p1b: Whimsicott\n|-singleturn|p1b: Whimsicott|Protect\n|move|p1a: Raichu|Protect|p1a: Raichu\n|-singleturn|p1a: Raichu|Protect\n|move|p2b: Basculegion|Aqua Jet|p1a: Raichu\n|-activate|p1a: Raichu|move: Protect\n|move|p2a: Froslass|Aurora Veil|p2a: Froslass\n|-sidestart|p2: Papi Loko|move: Aurora Veil\n|\n|-weather|Snowscape|[upkeep]\n|upkeep\n|turn|3\n|inactive|Papi Loko has 30 seconds left.\n|inactive|Papi Loko has 20 seconds left.\n|inactive|Papi Loko has 15 seconds left.\n|\n|t:|1788313465\n|move|p1b: Whimsicott|Encore|p2a: Froslass\n|-start|p2a: Froslass|Encore\n|move|p2b: Basculegion|Aqua Jet|p1a: Raichu\n|-damage|p1a: Raichu|0 fnt\n|faint|p1a: Raichu\n|-damage|p2b: Basculegion|90/100|[from] item: Life Orb\n|move|p2a: Froslass|Aurora Veil||[still]\n|-fail|p2a: Froslass\n|\n|-weather|Snowscape|[upkeep]\n|upkeep\n|\n|t:|1788313474\n|switch|p1a: Basculegion|Basculegion, L50, M|100/100\n|turn|4\n|\n|t:|1788313498\n|switch|p2a: Sneasler|Sneasler, L50, M|100/100\n|move|p2b: Basculegion|Protect|p2b: Basculegion\n|-singleturn|p2b: Basculegion|Protect\n|move|p1b: Whimsicott|Moonblast|p2a: Sneasler\n|-damage|p2a: Sneasler|69/100\n|move|p1a: Basculegion|Last Respects|p2b: Basculegion\n|-activate|p2b: Basculegion|move: Protect\n|\n|-weather|Snowscape|[upkeep]\n|-sideend|p1: shakessy|move: Tailwind\n|upkeep\n|turn|5\n|\n|t:|1788313514\n|move|p1b: Whimsicott|Protect|p1b: Whimsicott\n|-singleturn|p1b: Whimsicott|Protect\n|move|p1a: Basculegion|Protect|p1a: Basculegion\n|-singleturn|p1a: Basculegion|Protect\n|move|p2a: Sneasler|Fake Out|p1b: Whimsicott\n|-activate|p1b: Whimsicott|move: Protect\n|move|p2b: Basculegion|Last Respects|p1a: Basculegion\n|-activate|p1a: Basculegion|move: Protect\n|\n|-weather|none\n|upkeep\n|turn|6\n|inactive|shakessy has 30 seconds left.\n|inactive|Papi Loko has 30 seconds left.\n|inactive|Papi Loko has 20 seconds left.\n|inactive|Papi Loko has 15 seconds left.\n|inactive|Papi Loko has 10 seconds left.\n|\n|t:|1788313560\n|switch|p2a: Froslass|Froslass-Mega, L50, F|100/100\n|-weather|Snowscape|[from] ability: Snow Warning|[of] p2a: Froslass\n|move|p2b: Basculegion|Protect|p2b: Basculegion\n|-singleturn|p2b: Basculegion|Protect\n|move|p1b: Whimsicott|Tailwind|p1b: Whimsicott\n|-sidestart|p1: shakessy|move: Tailwind\n|move|p1a: Basculegion|Last Respects|p2a: Froslass\n|-supereffective|p2a: Froslass|1\n|-damage|p2a: Froslass|0 fnt\n|faint|p2a: Froslass\n|\n|-weather|Snowscape|[upkeep]\n|-sideend|p2: Papi Loko|move: Aurora Veil\n|upkeep\n|\n|t:|1788313574\n|switch|p2a: Lycanroc|Lycanroc-Dusk, L50, F|100/100\n|turn|7\n|\n|t:|1788313585\n|move|p1b: Whimsicott|Encore|p2b: Basculegion\n|-start|p2b: Basculegion|Encore\n|move|p2b: Basculegion|Protect||[still]\n|-fail|p2b: Basculegion\n|move|p2a: Lycanroc|Accelerock|p1b: Whimsicott\n|-damage|p1b: Whimsicott|0 fnt\n|faint|p1b: Whimsicott\n|move|p1a: Basculegion|Wave Crash|p2a: Lycanroc\n|-supereffective|p2a: Lycanroc|1\n|-enditem|p2a: Lycanroc|Focus Sash\n|-damage|p2a: Lycanroc|1/100\n|-damage|p1a: Basculegion|76/100|[from] Recoil\n|\n|-weather|Snowscape|[upkeep]\n|upkeep\n|\n|t:|1788313592\n|switch|p1b: Torkoal|Torkoal, L50, M|100/100\n|-weather|SunnyDay|[from] ability: Drought|[of] p1b: Torkoal\n|turn|8\n|inactive|shakessy has 30 seconds left.\n|inactive|shakessy has 20 seconds left.\n|inactive|shakessy has 15 seconds left.\n|inactive|shakessy has 10 seconds left.\n|\n|t:|1788313639\n|move|p2b: Basculegion|Protect|p2b: Basculegion\n|-singleturn|p2b: Basculegion|Protect\n|move|p2a: Lycanroc|Accelerock|p1b: Torkoal\n|-supereffective|p1b: Torkoal|1\n|-damage|p1b: Torkoal|54/100\n|move|p1a: Basculegion|Last Respects|p2a: Lycanroc\n|-damage|p2a: Lycanroc|0 fnt\n|faint|p2a: Lycanroc\n|move|p1b: Torkoal|Earth Power|p2b: Basculegion\n|-activate|p2b: Basculegion|move: Protect\n|\n|-weather|SunnyDay|[upkeep]\n|upkeep\n|\n|t:|1788313648\n|switch|p2a: Sneasler|Sneasler, L50, M|69/100\n|turn|9\n|\n|t:|1788313666\n|move|p2b: Basculegion|Protect||[still]\n|-fail|p2b: Basculegion\n|move|p2a: Sneasler|Fake Out|p1b: Torkoal\n|-damage|p1b: Torkoal|43/100\n|move|p1a: Basculegion|Last Respects|p2b: Basculegion\n|-supereffective|p2b: Basculegion|1\n|-damage|p2b: Basculegion|0 fnt\n|faint|p2b: Basculegion\n|cant|p1b: Torkoal|flinch\n|\n|-weather|SunnyDay|[upkeep]\n|-sideend|p1: shakessy|move: Tailwind\n|upkeep\n|turn|10\n|\n|t:|1788313680\n|move|p2a: Sneasler|Dire Claw|p1a: Basculegion\n|-resisted|p1a: Basculegion|1\n|-damage|p1a: Basculegion|50/100g\n|move|p1a: Basculegion|Last Respects|p2a: Sneasler\n|-damage|p2a: Sneasler|0 fnt\n|faint|p2a: Sneasler\n|\n|win|shakessy\n|raw|shakessy's rating: 1288 &rarr; <strong>1320</strong><br />(+32 for winning)\n|raw|Papi Loko's rating: 1381 &rarr; <strong>1356</strong><br />(-25 for losing)\n|l|☆Papi Loko\n|player|p2|\n","uploadtime":1788313684,"views":"11","formatid":"gen9championsvgc2026regmb","rating":1320,"private":0,"password":null}