{"id":"gen9championsvgc2026regmb-2674669988","format":"[Gen 9 Champions] VGC 2026 Reg M-B","players":["shaboogles","ninjameerkat"],"log":"|j|☆shaboogles\n|j|☆ninjameerkat\n|html|<table width=\"100%\"><tr><td align=\"left\">shaboogles</td><td align=\"right\">ninjameerkat</tr><tr><td align=\"left\"><i class=\"fa fa-circle-o\"></i> <i class=\"fa fa-circle-o\"></i> </td><td align=\"right\"><i class=\"fa fa-circle-o\"></i> <i class=\"fa fa-circle-o\"></i> </tr></table>\n|uhtml|bestof|<h2><strong>Game 1</strong> of <a href=\"/game-bestof3-gen9championsvgc2026regmb-2674669987\">a best-of-3</a></h2>\n|t:|1788387979\n|gametype|doubles\n|player|p1|shaboogles|furisodegirl-white|\n|player|p2|ninjameerkat|beni-ninja|\n|gen|9\n|tier|[Gen 9 Champions] VGC 2026 Reg M-B\n|rule|Species Clause: Limit one of each Pokémon\n|rule|Item Clause: Limit 1 of each item\n|raw|<div class=\"infobox\"><details class=\"readmore\" open><summary><strong>1 custom rule:</strong></summary> Best of = 3</details></div>\n|clearpoke\n|poke|p1|Serperior, L50, M|\n|poke|p1|Floette-Eternal, L50, F|\n|poke|p1|Maushold-Four, L50|\n|poke|p1|Incineroar, L50, F, shiny|\n|poke|p1|Rotom-Wash, L50|\n|poke|p1|Ditto, L50|\n|poke|p2|Swampert, L50, M|\n|poke|p2|Pelipper, L50, F|\n|poke|p2|Gardevoir, L50, M|\n|poke|p2|Slowbro-Galar, L50, F|\n|poke|p2|Aegislash, L50, F|\n|poke|p2|Ariados, L50, M|\n|teampreview|4\n|c|☆shaboogles|glhf goat\n|c|☆ninjameerkat|glhf other goat\nninjameerkat rejected open team sheets.\n|\n|t:|1788388050\n|teamsize|p1|4\n|teamsize|p2|4\n|start\n|switch|p1a: SUGARBRON|Incineroar, L50, F, shiny|100/100\n|switch|p1b: J. Cole|Rotom-Wash, L50|100/100\n|switch|p2a: Slowbro|Slowbro-Galar, L50, F|100/100\n|switch|p2b: Ariados|Ariados, L50, M|100/100\n|-ability|p1a: SUGARBRON|Intimidate|boost\n|-unboost|p2a: Slowbro|atk|1\n|-unboost|p2b: Ariados|atk|1\n|turn|1\n|\n|t:|1788388086\n|move|p1a: SUGARBRON|Fake Out|p2a: Slowbro\n|-damage|p2a: Slowbro|89/100\n|move|p2b: Ariados|Rage Powder|p2b: Ariados\n|-singleturn|p2b: Ariados|move: Rage Powder\n|move|p1b: J. Cole|Nasty Plot|p1b: J. Cole\n|-boost|p1b: J. Cole|spa|2\n|cant|p2a: Slowbro|flinch\n|\n|upkeep\n|turn|2\n|-activate|p2a: Slowbro|ability: Quick Draw\n|\n|t:|1788388138\n|move|p2b: Ariados|Rage Powder|p2b: Ariados\n|-singleturn|p2b: Ariados|move: Rage Powder\n|move|p2a: Slowbro|Shell Side Arm|p1b: J. Cole|[anim] Shell Side Arm Special\n|-damage|p1b: J. Cole|67/100\n|-hint|Special Shell Side Arm\n|move|p1b: J. Cole|Thunderbolt|p2b: Ariados\n|-damage|p2b: Ariados|0 fnt\n|faint|p2b: Ariados\n|move|p1a: SUGARBRON|Throat Chop|p2a: Slowbro\n|-supereffective|p2a: Slowbro|1\n|-damage|p2a: Slowbro|35/100\n|-start|p2a: Slowbro|Throat Chop|[silent]\n|\n|upkeep\n|\n|t:|1788388164\n|switch|p2b: Gardevoir|Gardevoir, L50, M|100/100\n|turn|3\n|j| averagegh0st\n|\n|t:|1788388192\n|detailschange|p2b: Gardevoir|Gardevoir-Mega, L50, M\n|-mega|p2b: Gardevoir|Gardevoir|Gardevoirite\n|move|p1b: J. Cole|Thunderbolt|p2a: Slowbro\n|-damage|p2a: Slowbro|0 fnt\n|faint|p2a: Slowbro\n|move|p1a: SUGARBRON|Throat Chop|p2b: Gardevoir\n|-damage|p2b: Gardevoir|63/100\n|-start|p2b: Gardevoir|Throat Chop|[silent]\n|move|p2b: Gardevoir|Trick Room|p2b: Gardevoir\n|-fieldstart|move: Trick Room|[of] p2b: Gardevoir\n|\n|upkeep\n|\n|t:|1788388197\n|switch|p2a: Aegislash|Aegislash, L50, F|100/100\n|turn|4\n|\n|t:|1788388216\n|-formechange|p2a: Aegislash|Aegislash-Blade|\n|move|p2a: Aegislash|Poltergeist||[still]\n|-fail|p2a: Aegislash\n|move|p2b: Gardevoir|Calm Mind|p2b: Gardevoir\n|-boost|p2b: Gardevoir|spa|1\n|-boost|p2b: Gardevoir|spd|1\n|move|p1a: SUGARBRON|Throat Chop|p2a: Aegislash\n|-supereffective|p2a: Aegislash|1\n|-damage|p2a: Aegislash|0 fnt\n|faint|p2a: Aegislash\n|move|p1b: J. Cole|Thunderbolt|p2b: Gardevoir\n|-damage|p2b: Gardevoir|19/100\n|\n|-end|p2b: Gardevoir|Throat Chop|[silent]\n|upkeep\n|turn|5\n|\n|t:|1788388230\n|move|p2b: Gardevoir|Hyper Voice|p1a: SUGARBRON|[spread] p1a,p1b\n|-damage|p1a: SUGARBRON|21/100\n|-damage|p1b: J. Cole|0 fnt\n|faint|p1b: J. Cole\n|move|p1a: SUGARBRON|Throat Chop|p2b: Gardevoir\n|-damage|p2b: Gardevoir|0 fnt\n|faint|p2b: Gardevoir\n|\n|win|shaboogles\n||ninjameerkat is ready for game 2.\n||shaboogles is ready for game 2.\n|uhtml|next|Next: <a href=\"/battle-gen9championsvgc2026regmb-2674671683\"><strong>Game 2 of 3</strong></a>\n|l| averagegh0st\n","uploadtime":1788388860,"views":"20","formatid":"gen9championsvgc2026regmb","rating":null,"private":0,"password":null}