{"id":"gen9championsvgc2026regmb-2674360785","format":"[Gen 9 Champions] VGC 2026 Reg M-B","players":["alexismydog","Dorkeva"],"log":"|j|☆alexismydog\n|j|☆Dorkeva\n|t:|1788348740\n|gametype|doubles\n|player|p1|alexismydog|265|1635\n|player|p2|Dorkeva|2|1768\n|gen|9\n|tier|[Gen 9 Champions] VGC 2026 Reg M-B\n|rated|\n|rule|Species Clause: Limit one of each Pokémon\n|rule|Item Clause: Limit 1 of each item\n|clearpoke\n|poke|p1|Tyranitar, L50, M|\n|poke|p1|Excadrill, L50, M|\n|poke|p1|Sinistcha, L50|\n|poke|p1|Gholdengo, L50|\n|poke|p1|Staraptor, L50, M|\n|poke|p1|Milotic, L50, F|\n|poke|p2|Pyroar, L50, F|\n|poke|p2|Ninetales, L50, M|\n|poke|p2|Farigiraf, L50, F|\n|poke|p2|Whimsicott, L50, F|\n|poke|p2|Basculegion, L50, M|\n|poke|p2|Floette-Eternal, L50, F|\n|teampreview|4\n|inactive|Battle timer is ON: inactive players will automatically lose when time's up. (requested by Dorkeva)\n|\n|t:|1788348761\n|teamsize|p1|4\n|teamsize|p2|4\n|start\n|switch|p1a: Tyranitar|Tyranitar, L50, M|100/100\n|switch|p1b: Sinistcha|Sinistcha, L50|100/100\n|switch|p2a: Whimsicott|Whimsicott, L50, F|100/100\n|switch|p2b: Basculegion|Basculegion, L50, M|100/100\n|-weather|Sandstorm|[from] ability: Sand Stream|[of] p1a: Tyranitar\n|turn|1\n|\n|t:|1788348785\n|move|p1b: Sinistcha|Rage Powder|p1b: Sinistcha\n|-singleturn|p1b: Sinistcha|move: Rage Powder\n|move|p2a: Whimsicott|Moonblast|p1a: Tyranitar\n|-supereffective|p1a: Tyranitar|1\n|-damage|p1a: Tyranitar|52/100\n|move|p1a: Tyranitar|Dragon Dance|p1a: Tyranitar\n|-boost|p1a: Tyranitar|atk|1\n|-boost|p1a: Tyranitar|spe|1\n|move|p2b: Basculegion|Wave Crash|p1b: Sinistcha\n|-resisted|p1b: Sinistcha|1\n|-damage|p1b: Sinistcha|56/100\n|-damage|p2b: Basculegion|90/100|[from] Recoil\n|-damage|p2b: Basculegion|80/100|[from] item: Life Orb\n|\n|-weather|Sandstorm|[upkeep]\n|-damage|p2a: Whimsicott|94/100|[from] Sandstorm\n|-damage|p2b: Basculegion|74/100|[from] Sandstorm\n|-damage|p1b: Sinistcha|50/100g|[from] Sandstorm\n|-heal|p1b: Sinistcha|56/100|[from] item: Leftovers\n|upkeep\n|turn|2\n|\n|t:|1788348810\n|move|p1b: Sinistcha|Rage Powder|p1b: Sinistcha\n|-singleturn|p1b: Sinistcha|move: Rage Powder\n|move|p2a: Whimsicott|Tailwind|p2a: Whimsicott\n|-sidestart|p2: Dorkeva|move: Tailwind\n|move|p2b: Basculegion|Last Respects|p1b: Sinistcha\n|-supereffective|p1b: Sinistcha|1\n|-damage|p1b: Sinistcha|0 fnt\n|faint|p1b: Sinistcha\n|-damage|p2b: Basculegion|65/100|[from] item: Life Orb\n|move|p1a: Tyranitar|Rock Slide|p2a: Whimsicott|[spread] p2a,p2b\n|-damage|p2a: Whimsicott|23/100\n|-damage|p2b: Basculegion|10/100\n|\n|-weather|Sandstorm|[upkeep]\n|-damage|p2a: Whimsicott|17/100|[from] Sandstorm\n|-damage|p2b: Basculegion|4/100|[from] Sandstorm\n|upkeep\n|\n|t:|1788348824\n|switch|p1b: Excadrill|Excadrill, L50, M|100/100\n|turn|3\n|\n|t:|1788348830\n|move|p1b: Excadrill|Protect|p1b: Excadrill\n|-singleturn|p1b: Excadrill|Protect\n|move|p1a: Tyranitar|Protect|p1a: Tyranitar\n|-singleturn|p1a: Tyranitar|Protect\n|move|p2a: Whimsicott|Sunny Day|p2a: Whimsicott\n|-weather|SunnyDay\n|move|p2b: Basculegion|Wave Crash|p1a: Tyranitar\n|-activate|p1a: Tyranitar|move: Protect\n|\n|-weather|SunnyDay|[upkeep]\n|upkeep\n|turn|4\n|\n|t:|1788348848\n|switch|p1a: Gholdengo|Gholdengo, L50|100/100\n|move|p2b: Basculegion|Aqua Jet|p1b: Excadrill\n|-supereffective|p1b: Excadrill|1\n|-damage|p1b: Excadrill|55/100\n|-damage|p2b: Basculegion|0 fnt|[from] item: Life Orb\n|faint|p2b: Basculegion\n|move|p2a: Whimsicott|Moonblast|p1a: Gholdengo\n|-resisted|p1a: Gholdengo|1\n|-damage|p1a: Gholdengo|79/100\n|-unboost|p1a: Gholdengo|spa|1\n|move|p1b: Excadrill|Rock Slide|p2a: Whimsicott\n|-damage|p2a: Whimsicott|0 fnt\n|faint|p2a: Whimsicott\n|-damage|p1b: Excadrill|45/100|[from] item: Life Orb\n|\n|-weather|SunnyDay|[upkeep]\n|upkeep\n|\n|t:|1788348851\n|switch|p2a: Floette|Floette-Eternal, L50, F|100/100\n|switch|p2b: Ninetales|Ninetales, L50, M|100/100\n|turn|5\n|\n|t:|1788348869\n|switch|p1a: Tyranitar|Tyranitar, L50, M|52/100\n|-weather|Sandstorm|[from] ability: Sand Stream|[of] p1a: Tyranitar\n|detailschange|p2a: Floette|Floette-Mega, L50, F\n|-mega|p2a: Floette|Floette|Floettite\n|-ability|p2a: Floette|Fairy Aura\n|move|p1b: Excadrill|Protect|p1b: Excadrill\n|-singleturn|p1b: Excadrill|Protect\n|move|p2b: Ninetales|Heat Wave|p1a: Tyranitar|[spread] p1a\n|-activate|p1b: Excadrill|move: Protect\n|-resisted|p1a: Tyranitar|1\n|-damage|p1a: Tyranitar|42/100\n|move|p2a: Floette|Dazzling Gleam|p1a: Tyranitar|[spread] p1a\n|-activate|p1b: Excadrill|move: Protect\n|-supereffective|p1a: Tyranitar|1\n|-damage|p1a: Tyranitar|0 fnt\n|faint|p1a: Tyranitar\n|\n|-weather|Sandstorm|[upkeep]\n|-damage|p2b: Ninetales|93/100|[from] Sandstorm\n|-damage|p2a: Floette|94/100|[from] Sandstorm\n|-sideend|p2: Dorkeva|move: Tailwind\n|upkeep\n|\n|t:|1788348887\n|switch|p1a: Gholdengo|Gholdengo, L50|79/100\n|turn|6\n|\n|t:|1788348894\n|move|p1b: Excadrill|High Horsepower|p2b: Ninetales\n|-supereffective|p2b: Ninetales|1\n|-damage|p2b: Ninetales|0 fnt\n|faint|p2b: Ninetales\n|-damage|p1b: Excadrill|36/100|[from] item: Life Orb\n|move|p2a: Floette|Moonblast|p1b: Excadrill\n|-resisted|p1b: Excadrill|1\n|-damage|p1b: Excadrill|0 fnt\n|faint|p1b: Excadrill\n|move|p1a: Gholdengo|Make It Rain|p2a: Floette\n|-supereffective|p2a: Floette|1\n|-damage|p2a: Floette|0 fnt\n|-unboost|p1a: Gholdengo|spa|2\n|faint|p2a: Floette\n|\n|win|alexismydog\n|raw|alexismydog's rating: 1635 &rarr; <strong>1662</strong><br />(+27 for winning)\n|raw|Dorkeva's rating: 1768 &rarr; <strong>1741</strong><br />(-27 for losing)\n|l|☆Dorkeva\n|player|p2|\n","uploadtime":1788348909,"views":"0","formatid":"gen9championsvgc2026regmb","rating":1662,"private":0,"password":null}