{"id":"gen9championsvgc2026regmb-2674825380","format":"[Gen 9 Champions] VGC 2026 Reg M-B","players":["shinysnorlax","Kwiper"],"log":"|j|☆shinysnorlax\n|j|☆Kwiper\n|t:|1788414820\n|gametype|doubles\n|player|p1|shinysnorlax|chuck|1610\n|player|p2|Kwiper|sycamore|1543\n|gen|9\n|tier|[Gen 9 Champions] VGC 2026 Reg M-B\n|rated|\n|rule|Species Clause: Limit one of each Pokémon\n|rule|Item Clause: Limit 1 of each item\n|clearpoke\n|poke|p1|Gholdengo, L50|\n|poke|p1|Dragonite, L50, M|\n|poke|p1|Aerodactyl, L50, M|\n|poke|p1|Kingambit, L50, M|\n|poke|p1|Basculegion, L50, M|\n|poke|p1|Sneasler, L50, M|\n|poke|p2|Tyranitar, L50, F|\n|poke|p2|Excadrill, L50, F|\n|poke|p2|Milotic, L50, M|\n|poke|p2|Gholdengo, L50|\n|poke|p2|Sinistcha, L50|\n|poke|p2|Staraptor, L50, F|\n|teampreview|4\n|inactive|Battle timer is ON: inactive players will automatically lose when time's up. (requested by Kwiper)\n|inactive|shinysnorlax also wants the timer to be on.\n|\n|t:|1788414844\n|teamsize|p1|4\n|teamsize|p2|4\n|start\n|switch|p1a: Dragonite|Dragonite, L50, M|100/100\n|switch|p1b: SneasedToMeetYou|Sneasler, L50, M|100/100\n|switch|p2a: Staraptor|Staraptor, L50, F|100/100\n|switch|p2b: Gholdengo|Gholdengo, L50|100/100\n|-ability|p2a: Staraptor|Intimidate|boost\n|-fail|p1a: Dragonite|unboost|atk|[from] ability: Inner Focus|[of] p1a: Dragonite\n|-unboost|p1b: SneasedToMeetYou|atk|1\n|-enditem|p1b: SneasedToMeetYou|White Herb\n|-clearnegativeboost|p1b: SneasedToMeetYou|[silent]\n|turn|1\n|\n|t:|1788414851\n|switch|p2a: Tyranitar|Tyranitar, L50, F|100/100\n|-weather|Sandstorm|[from] ability: Sand Stream|[of] p2a: Tyranitar\n|detailschange|p1a: Dragonite|Dragonite-Mega, L50, M\n|-mega|p1a: Dragonite|Dragonite|Dragoninite\n|move|p1b: SneasedToMeetYou|Fake Out|p2a: Tyranitar\n|-resisted|p2a: Tyranitar|1\n|-damage|p2a: Tyranitar|94/100\n|move|p1a: Dragonite|Tailwind|p1a: Dragonite\n|-sidestart|p1: shinysnorlax|move: Tailwind\n|move|p2b: Gholdengo|Nasty Plot|p2b: Gholdengo\n|-boost|p2b: Gholdengo|spa|2\n|\n|-weather|Sandstorm|[upkeep]\n|-damage|p1b: SneasedToMeetYou|94/100|[from] Sandstorm\n|-damage|p1a: Dragonite|93/100|[from] Sandstorm\n|upkeep\n|turn|2\n|\n|t:|1788414861\n|move|p2a: Tyranitar|Protect|p2a: Tyranitar\n|-singleturn|p2a: Tyranitar|Protect\n|move|p1b: SneasedToMeetYou|Close Combat|p2a: Tyranitar\n|-activate|p2a: Tyranitar|move: Protect\n|move|p1a: Dragonite|Haze|p1a: Dragonite\n|-clearallboost\n|move|p2b: Gholdengo|Make It Rain|p1a: Dragonite|[spread] p1a,p1b\n|-damage|p1a: Dragonite|56/100\n|-damage|p1b: SneasedToMeetYou|24/100\n|-unboost|p2b: Gholdengo|spa|2\n|-damage|p2b: Gholdengo|90/100|[from] item: Life Orb\n|\n|-weather|Sandstorm|[upkeep]\n|-damage|p1b: SneasedToMeetYou|19/100|[from] Sandstorm\n|-damage|p1a: Dragonite|50/100y|[from] Sandstorm\n|upkeep\n|turn|3\n|\n|t:|1788414873\n|switch|p1b: Gholdengo|Gholdengo, L50|100/100\n|switch|p2a: Staraptor|Staraptor, L50, F|100/100\n|-ability|p2a: Staraptor|Intimidate|boost\n|-unboost|p1a: Dragonite|atk|1\n|-unboost|p1b: Gholdengo|atk|1\n|move|p1a: Dragonite|Draco Meteor|p2a: Staraptor\n|-damage|p2a: Staraptor|1/100\n|-unboost|p1a: Dragonite|spa|2\n|move|p2b: Gholdengo|Make It Rain|p1b: Gholdengo|[spread] p1a,p1b\n|-resisted|p1b: Gholdengo|1\n|-damage|p1a: Dragonite|28/100\n|-damage|p1b: Gholdengo|84/100\n|-unboost|p2b: Gholdengo|spa|2\n|-damage|p2b: Gholdengo|80/100|[from] item: Life Orb\n|\n|-weather|Sandstorm|[upkeep]\n|-damage|p1a: Dragonite|22/100|[from] Sandstorm\n|-damage|p2a: Staraptor|0 fnt|[from] Sandstorm\n|faint|p2a: Staraptor\n|upkeep\n|\n|t:|1788414877\n|switch|p2a: Excadrill|Excadrill, L50, F|100/100\n|turn|4\n|\n|t:|1788414895\n|switch|p1a: Lenovo Basculegion|Basculegion, L50, M|100/100\n|switch|p2b: Tyranitar|Tyranitar, L50, F|94/100\n|move|p2a: Excadrill|High Horsepower|p1b: Gholdengo\n|-supereffective|p1b: Gholdengo|1\n|-damage|p1b: Gholdengo|0 fnt\n|faint|p1b: Gholdengo\n|\n|-weather|Sandstorm|[upkeep]\n|-damage|p1a: Lenovo Basculegion|93/100|[from] Sandstorm\n|-sideend|p1: shinysnorlax|move: Tailwind\n|upkeep\n|\n|t:|1788414909\n|switch|p1b: Dragonite|Dragonite-Mega, L50, M|22/100\n|turn|5\n|j| Sashannarcy\n|\n|t:|1788414918\n|move|p1a: Lenovo Basculegion|Aqua Jet|p2a: Excadrill\n|-supereffective|p2a: Excadrill|1\n|-damage|p2a: Excadrill|22/100\n|move|p2a: Excadrill|Rock Slide|p1a: Lenovo Basculegion|[spread] p1a,p1b\n|-supereffective|p1b: Dragonite|1\n|-damage|p1a: Lenovo Basculegion|68/100\n|-damage|p1b: Dragonite|0 fnt\n|faint|p1b: Dragonite\n|move|p2b: Tyranitar|Knock Off|p1a: Lenovo Basculegion\n|-supereffective|p1a: Lenovo Basculegion|1\n|-damage|p1a: Lenovo Basculegion|0 fnt\n|-enditem|p1a: Lenovo Basculegion|Focus Sash|[from] move: Knock Off|[of] p2b: Tyranitar\n|faint|p1a: Lenovo Basculegion\n|\n|-weather|none\n|upkeep\n|\n|t:|1788414924\n|switch|p1b: SneasedToMeetYou|Sneasler, L50, M|19/100\n|turn|6\n|\n|t:|1788414931\n|detailschange|p2b: Tyranitar|Tyranitar-Mega, L50, F\n|-mega|p2b: Tyranitar|Tyranitar|Tyranitarite\n|-weather|Sandstorm|[from] ability: Sand Stream|[of] p2b: Tyranitar\n|move|p2a: Excadrill|Protect|p2a: Excadrill\n|-singleturn|p2a: Excadrill|Protect\n|move|p2b: Tyranitar|Protect|p2b: Tyranitar\n|-singleturn|p2b: Tyranitar|Protect\n|move|p1b: SneasedToMeetYou|Close Combat|p2a: Excadrill\n|-activate|p2a: Excadrill|move: Protect\n|\n|-weather|Sandstorm|[upkeep]\n|-damage|p1b: SneasedToMeetYou|13/100|[from] Sandstorm\n|upkeep\n|turn|7\n|\n|t:|1788414936\n|switch|p2b: Gholdengo|Gholdengo, L50|80/100\n|move|p2a: Excadrill|Iron Head|p1b: SneasedToMeetYou\n|-damage|p1b: SneasedToMeetYou|0 fnt\n|faint|p1b: SneasedToMeetYou\n|\n|win|Kwiper\n|raw|shinysnorlax's rating: 1610 &rarr; <strong>1586</strong><br />(-24 for losing)\n|raw|Kwiper's rating: 1543 &rarr; <strong>1567</strong><br />(+24 for winning)\n","uploadtime":1788414936,"views":"1","formatid":"gen9championsvgc2026regmb","rating":1567,"private":0,"password":null}