{"id":"gen9championsvgc2026regmb-2674440738","format":"[Gen 9 Champions] VGC 2026 Reg M-B","players":["shakessy","i six oh"],"log":"|j|☆shakessy\n|j|☆i six oh\n|t:|1788360130\n|gametype|doubles\n|player|p1|shakessy|265|1302\n|player|p2|i six oh|camper|1359\n|gen|9\n|tier|[Gen 9 Champions] VGC 2026 Reg M-B\n|rated|\n|rule|Species Clause: Limit one of each Pokémon\n|rule|Item Clause: Limit 1 of each item\n|clearpoke\n|poke|p1|Vivillon, L50, M|\n|poke|p1|Archaludon, L50, M|\n|poke|p1|Incineroar, L50, M|\n|poke|p1|Politoed, L50, F|\n|poke|p1|Swampert, L50, M|\n|poke|p1|Gengar, L50, F|\n|poke|p2|Floette-Eternal, L50, F|\n|poke|p2|Aerodactyl, L50, F, shiny|\n|poke|p2|Basculegion, L50, M, shiny|\n|poke|p2|Garchomp, L50, M, shiny|\n|poke|p2|Kingambit, L50, F, shiny|\n|poke|p2|Sneasler, L50, M|\n|teampreview|4\n|inactive|Battle timer is ON: inactive players will automatically lose when time's up. (requested by i six oh)\ni six oh rejected open team sheets.\n|\n|t:|1788360169\n|teamsize|p1|4\n|teamsize|p2|4\n|start\n|switch|p1a: Gengar|Gengar, L50, F|100/100\n|switch|p1b: Incineroar|Incineroar, L50, M|100/100\n|switch|p2a: Aerodactyl|Aerodactyl, L50, F, shiny|100/100\n|switch|p2b: Garchomp|Garchomp, L50, M, shiny|100/100\n|-ability|p1b: Incineroar|Intimidate|boost\n|-unboost|p2a: Aerodactyl|atk|1\n|-unboost|p2b: Garchomp|atk|1\n|turn|1\n|\n|t:|1788360191\n|switch|p2b: Kingambit|Kingambit, L50, F, shiny|100/100\n|detailschange|p1a: Gengar|Gengar-Mega, L50, F\n|-mega|p1a: Gengar|Gengar|Gengarite\n|move|p1b: Incineroar|Fake Out|p2a: Aerodactyl\n|-resisted|p2a: Aerodactyl|1\n|-damage|p2a: Aerodactyl|91/100\n|cant|p2a: Aerodactyl|flinch\n|move|p1a: Gengar|Perish Song|p1a: Gengar\n|-start|p1a: Gengar|perish3|[silent]\n|-start|p1b: Incineroar|perish3|[silent]\n|-start|p2a: Aerodactyl|perish3|[silent]\n|-start|p2b: Kingambit|perish3|[silent]\n|-fieldactivate|move: Perish Song\n|\n|-start|p2a: Aerodactyl|perish3\n|-start|p1a: Gengar|perish3\n|-start|p2b: Kingambit|perish3\n|-start|p1b: Incineroar|perish3\n|upkeep\n|turn|2\n|\n|t:|1788360213\n|move|p1a: Gengar|Protect|p1a: Gengar\n|-singleturn|p1a: Gengar|Protect\n|move|p1b: Incineroar|Protect|p1b: Incineroar\n|-singleturn|p1b: Incineroar|Protect\n|move|p2a: Aerodactyl|Tailwind|p2a: Aerodactyl\n|-sidestart|p2: i six oh|move: Tailwind\n|move|p2b: Kingambit|Kowtow Cleave|p1a: Gengar\n|-activate|p1a: Gengar|move: Protect\n|\n|-start|p2a: Aerodactyl|perish2\n|-start|p2b: Kingambit|perish2\n|-start|p1a: Gengar|perish2\n|-start|p1b: Incineroar|perish2\n|upkeep\n|turn|3\n|inactive|shakessy has 30 seconds left.\n|\n|t:|1788360240\n|switch|p1a: Archaludon|Archaludon, L50, M|100/100\n|move|p2a: Aerodactyl|Rock Slide|p1b: Incineroar|[spread] p1a,p1b\n|-resisted|p1a: Archaludon|1\n|-supereffective|p1b: Incineroar|1\n|-damage|p1a: Archaludon|94/100\n|-damage|p1b: Incineroar|69/100\n|-ability|p1a: Archaludon|Stamina|boost\n|-boost|p1a: Archaludon|def|1\n|move|p2b: Kingambit|Kowtow Cleave|p1a: Archaludon\n|-damage|p1a: Archaludon|66/100\n|-ability|p1a: Archaludon|Stamina|boost\n|-boost|p1a: Archaludon|def|1\n|move|p1b: Incineroar|Parting Shot|p1a: Archaludon\n|-unboost|p1a: Archaludon|atk|1\n|-unboost|p1a: Archaludon|spa|1\n|l|☆shakessy\n|inactive|shakessy disconnected and has a minute to reconnect!\n|player|p1|\n|inactive|shakessy has 30 seconds left.\n|j|☆shakessy\n|inactive|shakessy reconnected and has 25 seconds left.\n|player|p1|shakessy|265|\n|inactive|shakessy has 20 seconds left.\n|\n|t:|1788360276\n|switch|p1b: Gengar|Gengar-Mega, L50, F|100/100|[from] Parting Shot\n|\n|-heal|p1a: Archaludon|72/100|[from] item: Leftovers\n|-start|p2a: Aerodactyl|perish1\n|-start|p2b: Kingambit|perish1\n|upkeep\n|turn|4\n|inactive|i six oh has 30 seconds left.\n|inactive|i six oh has 20 seconds left.\n|inactive|i six oh has 15 seconds left.\n|inactive|i six oh has 10 seconds left.\n|inactive|i six oh has 5 seconds left.\n|\n|t:|1788360332\n|move|p1b: Gengar|Protect|p1b: Gengar\n|-singleturn|p1b: Gengar|Protect\n|move|p1a: Archaludon|Protect|p1a: Archaludon\n|-singleturn|p1a: Archaludon|Protect\n|move|p2a: Aerodactyl|Rock Slide|p1a: Archaludon|[spread] \n|-activate|p1a: Archaludon|move: Protect\n|-activate|p1b: Gengar|move: Protect\n|move|p2b: Kingambit|Kowtow Cleave|p1a: Archaludon\n|-activate|p1a: Archaludon|move: Protect\n|\n|-heal|p1a: Archaludon|78/100|[from] item: Leftovers\n|-start|p2a: Aerodactyl|perish0\n|-start|p2b: Kingambit|perish0\n|faint|p2a: Aerodactyl\n|faint|p2b: Kingambit\n|upkeep\n|inactive|i six oh has 30 seconds left.\n|inactive|i six oh has 20 seconds left.\n|inactive|i six oh has 15 seconds left.\n|inactive|i six oh has 10 seconds left.\n|inactive|i six oh has 5 seconds left.\n|\n|t:|1788360387\n|switch|p2a: Floette|Floette-Eternal, L50, F|100/100\n|switch|p2b: Garchomp|Garchomp, L50, M, shiny|100/100\n|turn|5\n|inactive|shakessy has 30 seconds left.\n|inactive|i six oh has 30 seconds left.\n|inactive|shakessy has 20 seconds left.\n|inactive|i six oh has 20 seconds left.\n|inactive|shakessy has 15 seconds left.\n|inactive|i six oh has 15 seconds left.\n|inactive|shakessy has 10 seconds left.\n|inactive|i six oh has 10 seconds left.\n|inactive|i six oh has 5 seconds left.\n|\n|t:|1788360442\n|switch|p1b: Politoed|Politoed, L50, F|100/100\n|-weather|RainDance|[from] ability: Drizzle|[of] p1b: Politoed\n|move|p2b: Garchomp|Dragon Claw|p1a: Archaludon\n|-damage|p1a: Archaludon|62/100\n|-ability|p1a: Archaludon|Stamina|boost\n|-boost|p1a: Archaludon|def|1\n|move|p2a: Floette|Dazzling Gleam|p1a: Archaludon|[spread] p1a,p1b\n|-damage|p1a: Archaludon|30/100\n|-damage|p1b: Politoed|81/100\n|-ability|p1a: Archaludon|Stamina|boost\n|-boost|p1a: Archaludon|def|1\n|move|p1a: Archaludon|Electro Shot||[still]\n|-prepare|p1a: Archaludon|Electro Shot\n|-boost|p1a: Archaludon|spa|1\n|-anim|p1a: Archaludon|Electro Shot|p2a: Floette\n|-damage|p2a: Floette|59/100\n|\n|-weather|RainDance|[upkeep]\n|-heal|p1a: Archaludon|36/100|[from] item: Leftovers\n|-sideend|p2: i six oh|move: Tailwind\n|upkeep\n|turn|6\n|inactive|shakessy has 30 seconds left.\n|inactive|i six oh has 30 seconds left.\n|inactive|i six oh has 20 seconds left.\n|inactive|i six oh has 15 seconds left.\n|inactive|i six oh has 10 seconds left.\n|inactive|shakessy has 20 seconds left.\n|inactive|i six oh has 5 seconds left.\n|\n|t:|1788360497\n|move|p2b: Garchomp|Dragon Claw|p1a: Archaludon\n|-damage|p1a: Archaludon|25/100\n|-ability|p1a: Archaludon|Stamina|boost\n|-boost|p1a: Archaludon|def|1\n|move|p2a: Floette|Dazzling Gleam|p1a: Archaludon|[spread] p1a,p1b\n|-damage|p1a: Archaludon|0 fnt\n|-damage|p1b: Politoed|59/100\n|faint|p1a: Archaludon\n|move|p1b: Politoed|Perish Song|p1b: Politoed\n|-start|p1b: Politoed|perish3|[silent]\n|-start|p2a: Floette|perish3|[silent]\n|-start|p2b: Garchomp|perish3|[silent]\n|-fieldactivate|move: Perish Song\n|\n|-weather|RainDance|[upkeep]\n|-start|p2b: Garchomp|perish3\n|-start|p2a: Floette|perish3\n|-start|p1b: Politoed|perish3\n|upkeep\n|\n|t:|1788360518\n|switch|p1a: Gengar|Gengar-Mega, L50, F|100/100\n|turn|7\n|inactive|i six oh has 30 seconds left.\n|inactive|i six oh has 20 seconds left.\n|inactive|i six oh has 15 seconds left.\n|inactive|i six oh has 10 seconds left.\n|inactive|i six oh has 5 seconds left.\n|\n|t:|1788360573\n|move|p1a: Gengar|Protect|p1a: Gengar\n|-singleturn|p1a: Gengar|Protect\n|move|p1b: Politoed|Protect|p1b: Politoed\n|-singleturn|p1b: Politoed|Protect\n|move|p2b: Garchomp|Dragon Claw|p1a: Gengar\n|-activate|p1a: Gengar|move: Protect\n|move|p2a: Floette|Dazzling Gleam|p1b: Politoed|[spread] \n|-activate|p1a: Gengar|move: Protect\n|-activate|p1b: Politoed|move: Protect\n|\n|-weather|RainDance|[upkeep]\n|-start|p2b: Garchomp|perish2\n|-start|p2a: Floette|perish2\n|-start|p1b: Politoed|perish2\n|upkeep\n|turn|8\n|-message|i six oh forfeited.\n|\n|win|shakessy\n|raw|shakessy's rating: 1302 &rarr; <strong>1325</strong><br />(+23 for winning)\n|raw|i six oh's rating: 1359 &rarr; <strong>1336</strong><br />(-23 for losing)\n|l|☆i six oh\n|player|p2|\n","uploadtime":1788360594,"views":"18","formatid":"gen9championsvgc2026regmb","rating":1325,"private":0,"password":null}