{"id":"gen9championsvgc2026regmb-2674185731","format":"[Gen 9 Champions] VGC 2026 Reg M-B","players":["UzShock","AncientBaby"],"log":"|j|☆UzShock\n|j|☆AncientBaby\n|html|<table width=\"100%\"><tr><td align=\"left\">UzShock</td><td align=\"right\">AncientBaby</tr><tr><td align=\"left\"><i class=\"fa fa-circle-o\"></i> <i class=\"fa fa-circle-o\"></i> </td><td align=\"right\"><i class=\"fa fa-circle-o\"></i> <i class=\"fa fa-circle-o\"></i> </tr></table>\n|uhtml|bestof|<h2><strong>Game 1</strong> of <a href=\"/game-bestof3-gen9championsvgc2026regmb-2674185730\">a best-of-3</a></h2>\n|t:|1788312093\n|gametype|doubles\n|player|p1|UzShock|169|\n|player|p2|AncientBaby|drayden|\n|gen|9\n|tier|[Gen 9 Champions] VGC 2026 Reg M-B\n|rule|Species Clause: Limit one of each Pokémon\n|rule|Item Clause: Limit 1 of each item\n|raw|<div class=\"infobox\"><details class=\"readmore\" open><summary><strong>1 custom rule:</strong></summary> Best of = 3</details></div>\n|clearpoke\n|poke|p1|Pelipper, L50, F|\n|poke|p1|Grimmsnarl, L50, M|\n|poke|p1|Swampert, L50, F|\n|poke|p1|Greninja, L50, M|\n|poke|p1|Slowking-Galar, L50, F|\n|poke|p1|Scizor, L50, M|\n|poke|p2|Staraptor, L50, F|\n|poke|p2|Farigiraf, L50, M|\n|poke|p2|Sylveon, L50, M|\n|poke|p2|Garchomp, L50, M|\n|poke|p2|Torkoal, L50, F|\n|poke|p2|Rotom-Mow, L50|\n|teampreview|4\n|c|☆UzShock|Good luck!\n|c|☆AncientBaby|You too!\nAncientBaby rejected open team sheets.\n|\n|t:|1788312120\n|teamsize|p1|4\n|teamsize|p2|4\n|start\n|switch|p1a: Pelipper|Pelipper, L50, F|100/100\n|switch|p1b: Greninja|Greninja, L50, M|100/100\n|switch|p2a: Walaw|Farigiraf, L50, M|100/100\n|switch|p2b: Sylveaw|Sylveon, L50, M|100/100\n|-weather|RainDance|[from] ability: Drizzle|[of] p1a: Pelipper\n|turn|1\n|\n|t:|1788312174\n|move|p1b: Greninja|U-turn|p2a: Walaw\n|-start|p1b: Greninja|typechange|Bug|[from] ability: Protean\n|-supereffective|p2a: Walaw|1\n|-damage|p2a: Walaw|63/100\n|\n|t:|1788312179\n|switch|p1b: Slowking|Slowking-Galar, L50, F|100/100|[from] U-turn\n|move|p2b: Sylveaw|Hyper Voice|p1b: Slowking|[spread] p1a,p1b\n|-resisted|p1b: Slowking|1\n|-damage|p1a: Pelipper|57/100\n|-damage|p1b: Slowking|83/100\n|move|p1a: Pelipper|Hurricane|p2a: Walaw\n|-damage|p2a: Walaw|28/100\n|-enditem|p2a: Walaw|Sitrus Berry|[eat]\n|-heal|p2a: Walaw|53/100|[from] item: Sitrus Berry\n|move|p2a: Walaw|Trick Room|p2a: Walaw\n|-fieldstart|move: Trick Room|[of] p2a: Walaw\n|\n|-weather|RainDance|[upkeep]\n|upkeep\n|turn|2\n|\n|t:|1788312220\n|move|p2b: Sylveaw|Detect|p2b: Sylveaw\n|-singleturn|p2b: Sylveaw|Protect\n|move|p1a: Pelipper|Wide Guard|p1a: Pelipper\n|-singleturn|p1a: Pelipper|Wide Guard\n|move|p1b: Slowking|Sludge Bomb|p2b: Sylveaw\n|-activate|p2b: Sylveaw|move: Protect\n|move|p2a: Walaw|Thunderbolt|p1a: Pelipper\n|-supereffective|p1a: Pelipper|2\n|-damage|p1a: Pelipper|0 fnt\n|faint|p1a: Pelipper\n|\n|-weather|RainDance|[upkeep]\n|upkeep\n|\n|t:|1788312232\n|switch|p1a: Swampert|Swampert, L50, F|100/100\n|turn|3\n|\n|t:|1788312262\n|detailschange|p1a: Swampert|Swampert-Mega, L50, F\n|-mega|p1a: Swampert|Swampert|Swampertite\n|move|p1b: Slowking|Thunder Wave|p2a: Walaw\n|-status|p2a: Walaw|par\n|move|p2a: Walaw|Psychic|p1b: Slowking\n|-damage|p1b: Slowking|54/100\n|move|p2b: Sylveaw|Hyper Voice|p1a: Swampert|[spread] p1a,p1b\n|-resisted|p1b: Slowking|1\n|-damage|p1a: Swampert|66/100\n|-damage|p1b: Slowking|37/100\n|move|p1a: Swampert|Wave Crash|p2b: Sylveaw\n|-damage|p2b: Sylveaw|0 fnt\n|faint|p2b: Sylveaw\n|-damage|p1a: Swampert|35/100|[from] Recoil\n|\n|-weather|RainDance|[upkeep]\n|upkeep\n|\n|t:|1788312288\n|switch|p2b: Lawraptor|Staraptor, L50, F|100/100\n|-ability|p2b: Lawraptor|Intimidate|boost\n|-unboost|p1a: Swampert|atk|1\n|-unboost|p1b: Slowking|atk|1\n|turn|4\n|\n|t:|1788312307\n|-heal|p1b: Slowking|70/100|[from] ability: Regenerator|[silent]\n|switch|p1b: Greninja|Greninja, L50, M|100/100\n|detailschange|p2b: Lawraptor|Staraptor-Mega, L50, F\n|-mega|p2b: Lawraptor|Staraptor|Staraptite\n|move|p2a: Walaw|Protect|p2a: Walaw\n|-singleturn|p2a: Walaw|Protect\n|move|p1a: Swampert|Protect|p1a: Swampert\n|-singleturn|p1a: Swampert|Protect\n|move|p2b: Lawraptor|Brave Bird|p1a: Swampert\n|-activate|p1a: Swampert|move: Protect\n|\n|-weather|RainDance|[upkeep]\n|upkeep\n|turn|5\n|\n|t:|1788312336\n|switch|p1a: Slowking|Slowking-Galar, L50, F|70/100\n|cant|p2a: Walaw|par\n|move|p2b: Lawraptor|Brave Bird|p1a: Slowking\n|-damage|p1a: Slowking|9/100\n|-damage|p2b: Lawraptor|76/100|[from] Recoil\n|move|p1b: Greninja|Ice Beam|p2b: Lawraptor\n|-start|p1b: Greninja|typechange|Ice|[from] ability: Protean\n|-supereffective|p2b: Lawraptor|1\n|-damage|p2b: Lawraptor|0 fnt\n|faint|p2b: Lawraptor\n|\n|-weather|none\n|-fieldend|move: Trick Room\n|upkeep\n|\n|t:|1788312349\n|switch|p2b: Larchomp|Garchomp, L50, M|100/100\n|turn|6\n|\n|t:|1788312370\n|move|p1b: Greninja|Ice Beam|p2b: Larchomp\n|-supereffective|p2b: Larchomp|2\n|-damage|p2b: Larchomp|0 fnt\n|faint|p2b: Larchomp\n|move|p1a: Slowking|Sludge Bomb|p2a: Walaw\n|-damage|p2a: Walaw|10/100 par\n|move|p2a: Walaw|Thunderbolt|p1b: Greninja\n|-damage|p1b: Greninja|66/100\n|\n|upkeep\n|turn|7\n|\n|t:|1788312387\n|move|p1b: Greninja|Sludge Wave|p2a: Walaw|[spread] p1a,p2a\n|-resisted|p1a: Slowking|1\n|-damage|p1a: Slowking|1/100\n|-damage|p2a: Walaw|0 fnt\n|faint|p2a: Walaw\n|\n|win|UzShock\n||AncientBaby is ready for game 2.\n||UzShock is ready for game 2.\n|uhtml|next|Next: <a href=\"/battle-gen9championsvgc2026regmb-2674187610\"><strong>Game 2 of 3</strong></a>\n","uploadtime":1788313438,"views":"11","formatid":"gen9championsvgc2026regmb","rating":null,"private":0,"password":null}