{"id":"gen9championsvgc2026regmb-2674163828","format":"[Gen 9 Champions] VGC 2026 Reg M-B","players":["Freelance570","Freelance564"],"log":"|j|☆Freelance570\n|j|☆Freelance564\n|html|<table width=\"100%\"><tr><td align=\"left\">Freelance570</td><td align=\"right\">Freelance564</tr><tr><td align=\"left\"><i class=\"fa fa-circle-o\"></i> <i class=\"fa fa-circle-o\"></i> </td><td align=\"right\"><i class=\"fa fa-circle-o\"></i> <i class=\"fa fa-circle-o\"></i> </tr></table>\n|uhtml|bestof|<h2><strong>Game 1</strong> of <a href=\"/game-bestof3-gen9championsvgc2026regmb-2674163827\">a best-of-3</a></h2>\n|t:|1788308700\n|gametype|doubles\n|player|p1|Freelance570|roark|\n|player|p2|Freelance564|2|\n|gen|9\n|tier|[Gen 9 Champions] VGC 2026 Reg M-B\n|rule|Species Clause: Limit one of each Pokémon\n|rule|Item Clause: Limit 1 of each item\n|raw|<div class=\"infobox\"><details class=\"readmore\" open><summary><strong>1 custom rule:</strong></summary> Best of = 3</details></div>\n|clearpoke\n|poke|p1|Floette-Eternal, L50, F|\n|poke|p1|Sableye, L50, F|\n|poke|p1|Hydreigon, L50, F|\n|poke|p1|Arcanine-Hisui, L50, F|\n|poke|p1|Tsareena, L50, F|\n|poke|p1|Kleavor, L50, F|\n|poke|p2|Chandelure, L50, F|\n|poke|p2|Sneasler, L50, M|\n|poke|p2|Swampert, L50, F|\n|poke|p2|Noivern, L50, M|\n|poke|p2|Garchomp, L50, M|\n|poke|p2|Garganacl, L50, F|\n|teampreview|4\n|j| OnMyTimbs\n|l|☆Freelance570\n|player|p1|\n|j|☆Freelance570\n|player|p1|Freelance570|roark|\n|\n|t:|1788308821\n|teamsize|p1|4\n|teamsize|p2|4\n|start\n|switch|p1a: Floette|Floette-Eternal, L50, F|100/100\n|switch|p1b: Sableye|Sableye, L50, F|100/100\n|switch|p2a: Fancy Lighting|Chandelure, L50, F|100/100\n|switch|p2b: Anagha|Sneasler, L50, M|100/100\n|turn|1\n|\n|t:|1788308841\n|detailschange|p1a: Floette|Floette-Mega, L50, F\n|-mega|p1a: Floette|Floette|Floettite\n|-ability|p1a: Floette|Fairy Aura\n|move|p1a: Floette|Protect|p1a: Floette\n|-singleturn|p1a: Floette|Protect\n|move|p2a: Fancy Lighting|Protect|p2a: Fancy Lighting\n|-singleturn|p2a: Fancy Lighting|Protect\n|move|p1b: Sableye|Will-O-Wisp|p2b: Anagha\n|-status|p2b: Anagha|brn\n|move|p2b: Anagha|Dire Claw|p1a: Floette\n|-activate|p1a: Floette|move: Protect\n|\n|-damage|p2b: Anagha|94/100 brn|[from] brn\n|upkeep\n|turn|2\n|c| OnMyTimbs|wrap it up\n|\n|t:|1788308866\n|detailschange|p2a: Fancy Lighting|Chandelure-Mega, L50, F\n|-mega|p2a: Fancy Lighting|Chandelure|Chandelurite\n|move|p1b: Sableye|Reflect|p1b: Sableye\n|-sidestart|p1: Freelance570|Reflect\n|move|p2b: Anagha|Dire Claw|p1a: Floette\n|-supereffective|p1a: Floette|1\n|-damage|p1a: Floette|74/100\n|move|p1a: Floette|Calm Mind|p1a: Floette\n|-boost|p1a: Floette|spa|1\n|-boost|p1a: Floette|spd|1\n|move|p2a: Fancy Lighting|Heat Wave|p1a: Floette|[spread] p1a,p1b\n|-damage|p1a: Floette|46/100\n|-damage|p1b: Sableye|44/100\n|\n|-damage|p2b: Anagha|88/100 brn|[from] brn\n|upkeep\n|turn|3\n|\n|t:|1788308882\n|move|p1b: Sableye|Light Screen|p1b: Sableye\n|-sidestart|p1: Freelance570|move: Light Screen\n|move|p2b: Anagha|Dire Claw|p1a: Floette\n|-supereffective|p1a: Floette|1\n|-damage|p1a: Floette|19/100\n|-status|p1a: Floette|slp\n|cant|p1a: Floette|slp\n|move|p2a: Fancy Lighting|Heat Wave|p1b: Sableye|[spread] p1a,p1b\n|-damage|p1a: Floette|0 fnt\n|-damage|p1b: Sableye|0 fnt\n|faint|p1a: Floette\n|faint|p1b: Sableye\n|\n|-damage|p2b: Anagha|82/100 brn|[from] brn\n|upkeep\n|\n|t:|1788308890\n|switch|p1a: Arcanine|Arcanine-Hisui, L50, F|100/100\n|switch|p1b: Hydreigon|Hydreigon, L50, F|100/100\n|turn|4\n|c| OnMyTimbs|OH\n|c|☆Freelance564|YUPPPPPPPP\n|\n|t:|1788308924\n|move|p2b: Anagha|Protect|p2b: Anagha\n|-singleturn|p2b: Anagha|Protect\n|move|p2a: Fancy Lighting|Protect|p2a: Fancy Lighting\n|-singleturn|p2a: Fancy Lighting|Protect\n|move|p1b: Hydreigon|Dark Pulse|p2a: Fancy Lighting\n|-activate|p2a: Fancy Lighting|move: Protect\n|move|p1a: Arcanine|Flare Blitz|p2b: Anagha\n|-activate|p2b: Anagha|move: Protect\n|\n|-damage|p2b: Anagha|77/100 brn|[from] brn\n|upkeep\n|turn|5\n|\n|t:|1788308967\n|move|p2b: Anagha|Close Combat|p1a: Arcanine\n|-supereffective|p1a: Arcanine|1\n|-damage|p1a: Arcanine|51/100\n|-unboost|p2b: Anagha|def|1\n|-unboost|p2b: Anagha|spd|1\n|-enditem|p2b: Anagha|White Herb\n|-clearnegativeboost|p2b: Anagha|[silent]\n|move|p1b: Hydreigon|Dark Pulse|p2a: Fancy Lighting\n|-supereffective|p2a: Fancy Lighting|1\n|-damage|p2a: Fancy Lighting|1/100\n|-damage|p1b: Hydreigon|90/100|[from] item: Life Orb\n|move|p1a: Arcanine|Flare Blitz|p2b: Anagha\n|-damage|p2b: Anagha|0 fnt\n|faint|p2b: Anagha\n|move|p2a: Fancy Lighting|Heat Wave|p1a: Arcanine|[spread] p1a,p1b\n|-resisted|p1a: Arcanine|2\n|-resisted|p1b: Hydreigon|1\n|-damage|p1a: Arcanine|37/100\n|-damage|p1b: Hydreigon|63/100\n|\n|upkeep\n|\n|t:|1788308995\n|switch|p2b: I hate Jack!!|Swampert, L50, F|100/100\n|turn|6\n|\n|t:|1788309008\n|move|p1a: Arcanine|Protect|p1a: Arcanine\n|-singleturn|p1a: Arcanine|Protect\n|move|p2a: Fancy Lighting|Protect|p2a: Fancy Lighting\n|-singleturn|p2a: Fancy Lighting|Protect\n|move|p1b: Hydreigon|Dark Pulse|p2b: I hate Jack!!\n|-damage|p2b: I hate Jack!!|64/100\n|-damage|p1b: Hydreigon|53/100|[from] item: Life Orb\n|cant|p2b: I hate Jack!!|flinch\n|\n|-sideend|p1: Freelance570|Reflect\n|upkeep\n|turn|7\n|\n|t:|1788309040\n|move|p1b: Hydreigon|Draco Meteor|p2b: I hate Jack!!\n|-damage|p2b: I hate Jack!!|11/100\n|-unboost|p1b: Hydreigon|spa|2\n|-enditem|p2b: I hate Jack!!|Sitrus Berry|[eat]\n|-heal|p2b: I hate Jack!!|36/100|[from] item: Sitrus Berry\n|-damage|p1b: Hydreigon|44/100|[from] item: Life Orb\n|move|p1a: Arcanine|Flare Blitz|p2a: Fancy Lighting\n|-resisted|p2a: Fancy Lighting|1\n|-damage|p2a: Fancy Lighting|0 fnt\n|faint|p2a: Fancy Lighting\n|move|p2b: I hate Jack!!|Stomping Tantrum|p1a: Arcanine\n|-supereffective|p1a: Arcanine|2\n|-damage|p1a: Arcanine|0 fnt\n|faint|p1a: Arcanine\n|\n|-sideend|p1: Freelance570|move: Light Screen\n|upkeep\n|\n|t:|1788309051\n|switch|p2a: flying fox|Noivern, L50, M|100/100\n|-item|p1b: Hydreigon|Life Orb|[from] ability: Frisk|[of] p2a: flying fox\n|turn|8\n|\n|t:|1788309060\n|move|p2a: flying fox|Draco Meteor|p1b: Hydreigon\n|-supereffective|p1b: Hydreigon|1\n|-damage|p1b: Hydreigon|0 fnt\n|-unboost|p2a: flying fox|spa|2\n|faint|p1b: Hydreigon\n|\n|win|Freelance564\n","uploadtime":1788309063,"views":"11","formatid":"gen9championsvgc2026regmb","rating":null,"private":0,"password":null}