{"id":"gen9championsvgc2026regmb-2673896484","format":"[Gen 9 Champions] VGC 2026 Reg M-B","players":["CJay_13","satosere51"],"log":"|j|☆CJay_13\n|j|☆satosere51\n|t:|1788274354\n|gametype|doubles\n|player|p1|CJay_13|nate|1327\n|player|p2|satosere51|ash-kalos|1240\n|gen|9\n|tier|[Gen 9 Champions] VGC 2026 Reg M-B\n|rated|\n|rule|Species Clause: Limit one of each Pokémon\n|rule|Item Clause: Limit 1 of each item\n|clearpoke\n|poke|p1|Kingambit, L50, M|\n|poke|p1|Basculegion, L50, M|\n|poke|p1|Garchomp, L50, M|\n|poke|p1|Charizard, L50, M|\n|poke|p1|Whimsicott, L50, M|\n|poke|p1|Floette-Eternal, L50, F|\n|poke|p2|Incineroar, L50, F|\n|poke|p2|Sylveon, L50, F|\n|poke|p2|Milotic, L50, F|\n|poke|p2|Delphox, L50, M|\n|poke|p2|Aerodactyl, L50, M|\n|poke|p2|Sneasler, L50, F|\n|teampreview|4\n|inactive|Battle timer is ON: inactive players will automatically lose when time's up. (requested by satosere51)\n|c|☆satosere51|glhf\n|\n|t:|1788274380\n|teamsize|p1|4\n|teamsize|p2|4\n|start\n|switch|p1a: Basculegion|Basculegion, L50, M|100/100\n|switch|p1b: Charizard|Charizard, L50, M|100/100\n|switch|p2a: Milotic|Milotic, L50, F|100/100\n|switch|p2b: Sneasler|Sneasler, L50, F|100/100\n|turn|1\n|\n|t:|1788274400\n|detailschange|p1b: Charizard|Charizard-Mega-Y, L50, M\n|-mega|p1b: Charizard|Charizard|Charizardite Y\n|-weather|SunnyDay|[from] ability: Drought|[of] p1b: Charizard\n|move|p1b: Charizard|Protect|p1b: Charizard\n|-singleturn|p1b: Charizard|Protect\n|move|p1a: Basculegion|Protect|p1a: Basculegion\n|-singleturn|p1a: Basculegion|Protect\n|move|p2b: Sneasler|Fake Out|p1b: Charizard\n|-activate|p1b: Charizard|move: Protect\n|move|p2a: Milotic|Scald|p1a: Basculegion\n|-activate|p1a: Basculegion|move: Protect\n|\n|-weather|SunnyDay|[upkeep]\n|upkeep\n|turn|2\n|\n|t:|1788274422\n|switch|p1b: Whimsicott|Whimsicott, L50, M|100/100\n|move|p2b: Sneasler|Dire Claw|p1b: Whimsicott\n|-supereffective|p1b: Whimsicott|2\n|-enditem|p1b: Whimsicott|Focus Sash\n|-damage|p1b: Whimsicott|1/100\n|move|p1a: Basculegion|Wave Crash|p2b: Sneasler\n|-damage|p2b: Sneasler|8/100\n|-damage|p1a: Basculegion|75/100|[from] Recoil\n|-damage|p1a: Basculegion|66/100|[from] item: Life Orb\n|move|p2a: Milotic|Scald|p1b: Whimsicott\n|-resisted|p1b: Whimsicott|1\n|-damage|p1b: Whimsicott|0 fnt\n|faint|p1b: Whimsicott\n|\n|-weather|SunnyDay|[upkeep]\n|upkeep\n|\n|t:|1788274437\n|switch|p1b: Charizard|Charizard-Mega-Y, L50, M|100/100\n|turn|3\n|\n|t:|1788274443\n|move|p1b: Charizard|Protect|p1b: Charizard\n|-singleturn|p1b: Charizard|Protect\n|move|p1a: Basculegion|Aqua Jet|p2b: Sneasler\n|-damage|p2b: Sneasler|0 fnt\n|faint|p2b: Sneasler\n|-damage|p1a: Basculegion|56/100|[from] item: Life Orb\n|move|p2a: Milotic|Life Dew||[still]\n|-fail|p2a: Milotic|heal\n|\n|-weather|SunnyDay|[upkeep]\n|upkeep\n|\n|t:|1788274448\n|switch|p2b: Aerodactyl|Aerodactyl, L50, M|100/100\n|-ability|p2b: Aerodactyl|Unnerve\n|turn|4\n|\n|t:|1788274463\n|switch|p1b: Kingambit|Kingambit, L50, M|100/100\n|switch|p2a: Delphox|Delphox, L50, M|100/100\n|move|p2b: Aerodactyl|Tailwind|p2b: Aerodactyl\n|-sidestart|p2: satosere51|move: Tailwind\n|move|p1a: Basculegion|Wave Crash|p2b: Aerodactyl\n|-supereffective|p2b: Aerodactyl|1\n|-enditem|p2b: Aerodactyl|Focus Sash\n|-damage|p2b: Aerodactyl|1/100\n|-damage|p1a: Basculegion|25/100|[from] Recoil\n|-damage|p1a: Basculegion|15/100|[from] item: Life Orb\n|\n|-weather|SunnyDay|[upkeep]\n|upkeep\n|turn|5\n|\n|t:|1788274482\n|detailschange|p2a: Delphox|Delphox-Mega, L50, M\n|-mega|p2a: Delphox|Delphox|Delphoxite\n|move|p1a: Basculegion|Aqua Jet|p2b: Aerodactyl\n|-supereffective|p2b: Aerodactyl|1\n|-damage|p2b: Aerodactyl|0 fnt\n|faint|p2b: Aerodactyl\n|-damage|p1a: Basculegion|5/100|[from] item: Life Orb\n|move|p2a: Delphox|Substitute|p2a: Delphox\n|-start|p2a: Delphox|Substitute\n|-damage|p2a: Delphox|75/100\n|move|p1b: Kingambit|Kowtow Cleave|p2a: Delphox\n|-supereffective|p2a: Delphox|1\n|-end|p2a: Delphox|Substitute\n|\n|-weather|none\n|upkeep\n|\n|t:|1788274492\n|switch|p2b: Milotic|Milotic, L50, F|100/100\n|turn|6\n|inactive|CJay_13 has 30 seconds left.\n|\n|t:|1788274517\n|move|p2a: Delphox|Protect|p2a: Delphox\n|-singleturn|p2a: Delphox|Protect\n|move|p2b: Milotic|Scald|p1b: Kingambit\n|-damage|p1b: Kingambit|69/100\n|move|p1a: Basculegion|Wave Crash|p2a: Delphox\n|-activate|p2a: Delphox|move: Protect\n|move|p1b: Kingambit|Kowtow Cleave|p2a: Delphox\n|-activate|p2a: Delphox|move: Protect\n|\n|upkeep\n|turn|7\n|\n|t:|1788274534\n|move|p2a: Delphox|Heat Wave|p1a: Basculegion|[spread] p1a,p1b\n|-resisted|p1a: Basculegion|1\n|-supereffective|p1b: Kingambit|1\n|-enditem|p1b: Kingambit|Occa Berry|[eat]\n|-enditem|p1b: Kingambit|Occa Berry|[weaken]\n|-damage|p1a: Basculegion|0 fnt\n|-damage|p1b: Kingambit|22/100\n|faint|p1a: Basculegion\n|move|p2b: Milotic|Life Dew||[still]|[spread] p2a,p2b\n|-heal|p2a: Delphox|100/100\n|-fail|p2b: Milotic|heal\n|move|p1b: Kingambit|Kowtow Cleave|p2a: Delphox\n|-supereffective|p2a: Delphox|1\n|-damage|p2a: Delphox|0 fnt\n|faint|p2a: Delphox\n|\n|-sideend|p2: satosere51|move: Tailwind\n|upkeep\n|c|☆satosere51|no sucker on gambit?\n|\n|t:|1788274546\n|switch|p1a: Charizard|Charizard-Mega-Y, L50, M|100/100\n|-weather|SunnyDay|[from] ability: Drought|[of] p1a: Charizard\n|turn|8\n|c|☆satosere51|well, not like you needed it\n|\n|t:|1788274565\n|move|p1a: Charizard|Ancient Power|p2b: Milotic\n|-damage|p2b: Milotic|81/100\n|move|p2b: Milotic|Scald|p1b: Kingambit\n|-damage|p1b: Kingambit|9/100\n|move|p1b: Kingambit|Low Kick|p2b: Milotic\n|-damage|p2b: Milotic|50/100g\n|\n|-weather|SunnyDay|[upkeep]\n|-heal|p2b: Milotic|56/100|[from] item: Leftovers\n|upkeep\n|turn|9\n|\n|t:|1788274579\n|move|p1a: Charizard|Ancient Power|p2b: Milotic\n|-damage|p2b: Milotic|40/100\n|move|p2b: Milotic|Scald|p1b: Kingambit\n|-damage|p1b: Kingambit|0 fnt\n|faint|p1b: Kingambit\n|\n|-weather|SunnyDay|[upkeep]\n|-heal|p2b: Milotic|46/100|[from] item: Leftovers\n|upkeep\n|turn|10\n|\n|t:|1788274585\n|move|p1a: Charizard|Ancient Power|p2b: Milotic\n|-crit|p2b: Milotic\n|-damage|p2b: Milotic|22/100\n|move|p2b: Milotic|Life Dew|p2b: Milotic\n|-heal|p2b: Milotic|47/100\n|\n|-weather|SunnyDay|[upkeep]\n|-heal|p2b: Milotic|53/100|[from] item: Leftovers\n|upkeep\n|turn|11\n|\n|t:|1788274587\n|move|p2b: Milotic|Protect|p2b: Milotic\n|-singleturn|p2b: Milotic|Protect\n|move|p1a: Charizard|Ancient Power|p2b: Milotic\n|-activate|p2b: Milotic|move: Protect\n|\n|-weather|SunnyDay|[upkeep]\n|-heal|p2b: Milotic|59/100|[from] item: Leftovers\n|upkeep\n|turn|12\n|\n|t:|1788274592\n|move|p1a: Charizard|Ancient Power|p2b: Milotic\n|-damage|p2b: Milotic|41/100\n|move|p2b: Milotic|Life Dew|p2b: Milotic\n|-heal|p2b: Milotic|66/100\n|\n|-weather|none\n|-heal|p2b: Milotic|72/100|[from] item: Leftovers\n|upkeep\n|turn|13\n|\n|t:|1788274599\n|move|p2b: Milotic|Protect|p2b: Milotic\n|-singleturn|p2b: Milotic|Protect\n|move|p1a: Charizard|Ancient Power|p2b: Milotic\n|-activate|p2b: Milotic|move: Protect\n|\n|-heal|p2b: Milotic|78/100|[from] item: Leftovers\n|upkeep\n|turn|14\n|\n|t:|1788274610\n|move|p1a: Charizard|Ancient Power|p2b: Milotic\n|-damage|p2b: Milotic|61/100\n|-boost|p1a: Charizard|atk|1\n|-boost|p1a: Charizard|def|1\n|-boost|p1a: Charizard|spa|1\n|-boost|p1a: Charizard|spd|1\n|-boost|p1a: Charizard|spe|1\n|move|p2b: Milotic|Life Dew|p2b: Milotic\n|-heal|p2b: Milotic|87/100\n|\n|-heal|p2b: Milotic|93/100|[from] item: Leftovers\n|upkeep\n|turn|15\n|\n|t:|1788274615\n|move|p1a: Charizard|Ancient Power|p2b: Milotic\n|-damage|p2b: Milotic|65/100\n|move|p2b: Milotic|Scald|p1a: Charizard\n|-supereffective|p1a: Charizard|1\n|-damage|p1a: Charizard|66/100\n|\n|-heal|p2b: Milotic|71/100|[from] item: Leftovers\n|upkeep\n|turn|16\n|\n|t:|1788274621\n|move|p1a: Charizard|Heat Wave|p2b: Milotic\n|-resisted|p2b: Milotic|1\n|-damage|p2b: Milotic|42/100\n|move|p2b: Milotic|Scald|p1a: Charizard\n|-supereffective|p1a: Charizard|1\n|-damage|p1a: Charizard|29/100\n|\n|-heal|p2b: Milotic|48/100|[from] item: Leftovers\n|upkeep\n|turn|17\n|\n|t:|1788274624\n|move|p1a: Charizard|Heat Wave|p2b: Milotic\n|-resisted|p2b: Milotic|1\n|-damage|p2b: Milotic|15/100\n|move|p2b: Milotic|Scald|p1a: Charizard\n|-supereffective|p1a: Charizard|1\n|-damage|p1a: Charizard|0 fnt\n|faint|p1a: Charizard\n|\n|win|satosere51\n|raw|CJay_13's rating: 1327 &rarr; <strong>1302</strong><br />(-25 for losing)\n|raw|satosere51's rating: 1240 &rarr; <strong>1271</strong><br />(+31 for winning)\n|c|☆satosere51|ggs\n|l|☆CJay_13\n|player|p1|\n|c|☆satosere51|cannot believe i won that\n","uploadtime":1788274633,"views":"11","formatid":"gen9championsvgc2026regmb","rating":1271,"private":0,"password":null}