{"id":"gen9championsvgc2026regmbbo3-2674027562","format":"[Gen 9 Champions] VGC 2026 Reg M-B (Bo3)","players":["digisoul4","ULYSSEDISCIPLINE"],"log":"|j|☆digisoul4\n|j|☆ULYSSEDISCIPLINE\n|html|<table width=\"100%\"><tr><td align=\"left\">digisoul4</td><td align=\"right\">ULYSSEDISCIPLINE</tr><tr><td align=\"left\"><i class=\"fa fa-circle\"></i> <i class=\"fa fa-circle-o\"></i> </td><td align=\"right\"><i class=\"fa fa-circle-o\"></i> <i class=\"fa fa-circle-o\"></i> </tr></table>\n|uhtml|bestof|<h2><strong>Game 2</strong> of <a href=\"/game-bestof3-gen9championsvgc2026regmbbo3-2674026249\">a best-of-3</a></h2>\n|t:|1788289913\n|gametype|doubles\n|player|p1|digisoul4|volkner|1079\n|player|p2|ULYSSEDISCIPLINE|cynthia-gen4|1107\n|gen|9\n|tier|[Gen 9 Champions] VGC 2026 Reg M-B (Bo3)\n|rated|\n|rule|Species Clause: Limit one of each Pokémon\n|rule|Item Clause: Limit 1 of each item\n|clearpoke\n|poke|p1|Staraptor, L50, F|\n|poke|p1|Whimsicott, L50, F|\n|poke|p1|Basculegion-F, L50, F|\n|poke|p1|Flareon, L50, M|\n|poke|p1|Rhyperior, L50, F|\n|poke|p1|Tauros-Paldea-Combat, L50, M|\n|poke|p2|Garchomp, L50, M, shiny|\n|poke|p2|Charizard, L50, M, shiny|\n|poke|p2|Sylveon, L50, F, shiny|\n|poke|p2|Incineroar, L50, M, shiny|\n|poke|p2|Metagross, L50, shiny|\n|poke|p2|Grimmsnarl, L50, M, shiny|\n|teampreview|4\n|showteam|p1|Staraptor||Staraptite|Intimidate|CloseCombat,BraveBird,Roost,Protect|Jolly||F|||50|]Whimsicott||FocusSash|Prankster|Tailwind,Moonblast,Charm,LightScreen|Timid||F|||50|]Basculegion-F||ChoiceScarf|Adaptability|Surf,ShadowBall,IceBeam,FlipTurn|Hasty||F|||50|]Flareon||LumBerry|FlashFire|FlareBlitz,Superpower,Trailblaze,WillOWisp|Adamant||M|||50|]Rhyperior||Leftovers|LightningRod|RockSlide,Earthquake,HeavySlam,Protect|Adamant||F|||50|]Tauros-Paldea-Combat||SitrusBerry|Intimidate|SunnyDay,Swagger,CloseCombat,IronHead|Jolly||M|||50|\n|showteam|p2|Garchomp||Garchompite|RoughSkin|DragonClaw,Earthquake,StompingTantrum,StoneEdge|Adamant||M|||50|]Charizard||CharizarditeY|Blaze|Flamethrower,HeatWave,Hurricane,SolarBeam|Modest||M|||50|]Sylveon||LifeOrb|Pixilate|HyperVoice,Moonblast,WeatherBall,Protect|Modest||F|||50|]Incineroar||PasshoBerry|Intimidate|FakeOut,DarkestLariat,FlareBlitz,CloseCombat|Adamant||M|||50|]Metagross||Metagrossite|ClearBody|BodyPress,IcePunch,IronHead,PsychicFangs|Jolly|||||50|]Grimmsnarl||LightClay|Prankster|LightScreen,Reflect,SpiritBreak,FoulPlay|Careful||M|||50|\n|inactive|Battle timer is ON: inactive players will automatically lose when time's up. (requested by ULYSSEDISCIPLINE)\n|inactive|digisoul4 also wants the timer to be on.\n|\n|t:|1788289926\n|teamsize|p1|4\n|teamsize|p2|4\n|start\n|switch|p1a: Staraptor|Staraptor, L50, F|100/100\n|switch|p1b: Whimsicott|Whimsicott, L50, F|100/100\n|switch|p2a: Grimmsnarl|Grimmsnarl, L50, M, shiny|100/100\n|switch|p2b: Sylveon|Sylveon, L50, F, shiny|100/100\n|-ability|p1a: Staraptor|Intimidate|boost\n|-unboost|p2a: Grimmsnarl|atk|1\n|-unboost|p2b: Sylveon|atk|1\n|turn|1\n|\n|t:|1788289942\n|switch|p2b: Incineroar|Incineroar, L50, M, shiny|100/100\n|-ability|p2b: Incineroar|Intimidate|boost\n|-unboost|p1a: Staraptor|atk|1\n|-unboost|p1b: Whimsicott|atk|1\n|move|p1a: Staraptor|Protect|p1a: Staraptor\n|-singleturn|p1a: Staraptor|Protect\n|move|p1b: Whimsicott|Tailwind|p1b: Whimsicott\n|-sidestart|p1: digisoul4|move: Tailwind\n|move|p2a: Grimmsnarl|Light Screen|p2a: Grimmsnarl\n|-sidestart|p2: ULYSSEDISCIPLINE|move: Light Screen\n|\n|upkeep\n|turn|2\n|\n|t:|1788289967\n|detailschange|p1a: Staraptor|Staraptor-Mega, L50, F\n|-mega|p1a: Staraptor|Staraptor|Staraptite\n|move|p2b: Incineroar|Fake Out|p1b: Whimsicott\n|-damage|p1b: Whimsicott|80/100\n|cant|p1b: Whimsicott|flinch\n|move|p2a: Grimmsnarl|Reflect|p2a: Grimmsnarl\n|-sidestart|p2: ULYSSEDISCIPLINE|Reflect\n|move|p1a: Staraptor|Close Combat|p2b: Incineroar\n|-supereffective|p2b: Incineroar|1\n|-damage|p2b: Incineroar|58/100\n|-boost|p1a: Staraptor|def|1\n|-boost|p1a: Staraptor|spd|1\n|\n|upkeep\n|turn|3\n|inactive|digisoul4 has 30 seconds left.\n|inactive|digisoul4 has 20 seconds left.\n|\n|t:|1788290005\n|move|p1b: Whimsicott|Charm|p1a: Staraptor\n|-boost|p1a: Staraptor|atk|2\n|move|p1a: Staraptor|Close Combat|p2b: Incineroar\n|-supereffective|p2b: Incineroar|1\n|-damage|p2b: Incineroar|0 fnt\n|-boost|p1a: Staraptor|def|1\n|-boost|p1a: Staraptor|spd|1\n|faint|p2b: Incineroar\n|move|p2a: Grimmsnarl|Spirit Break|p1b: Whimsicott\n|-damage|p1b: Whimsicott|51/100\n|-unboost|p1b: Whimsicott|spa|1\n|\n|upkeep\n|\n|t:|1788290015\n|switch|p2b: Metagross|Metagross, L50, shiny|100/100\n|turn|4\n|inactive|digisoul4 has 30 seconds left.\n|\n|t:|1788290045\n|detailschange|p2b: Metagross|Metagross-Mega, L50, shiny\n|-mega|p2b: Metagross|Metagross|Metagrossite\n|move|p1b: Whimsicott|Charm|p1a: Staraptor\n|-boost|p1a: Staraptor|atk|2\n|move|p1a: Staraptor|Close Combat|p2b: Metagross\n|-damage|p2b: Metagross|21/100\n|-boost|p1a: Staraptor|def|1\n|-boost|p1a: Staraptor|spd|1\n|move|p2b: Metagross|Psychic Fangs|p1a: Staraptor\n|-supereffective|p1a: Staraptor|1\n|-damage|p1a: Staraptor|51/100\n|move|p2a: Grimmsnarl|Spirit Break|p1b: Whimsicott\n|-crit|p1b: Whimsicott\n|-damage|p1b: Whimsicott|0 fnt\n|faint|p1b: Whimsicott\n|\n|-sideend|p1: digisoul4|move: Tailwind\n|upkeep\n|\n|t:|1788290061\n|switch|p1b: Basculegion|Basculegion-F, L50, F|100/100\n|turn|5\n|\n|t:|1788290074\n|switch|p2b: Sylveon|Sylveon, L50, F, shiny|100/100\n|move|p1b: Basculegion|Shadow Ball|p2b: Sylveon\n|-damage|p2b: Sylveon|76/100\n|move|p1a: Staraptor|Roost|p1a: Staraptor\n|-heal|p1a: Staraptor|100/100\n|-singleturn|p1a: Staraptor|move: Roost\n|move|p2a: Grimmsnarl|Foul Play|p1b: Basculegion\n|-supereffective|p1b: Basculegion|1\n|-damage|p1b: Basculegion|3/100\n|\n|upkeep\n|turn|6\n|inactive|digisoul4 has 30 seconds left.\n|\n|t:|1788290108\n|switch|p1b: Rhyperior|Rhyperior, L50, F|100/100\n|move|p1a: Staraptor|Close Combat|p2a: Grimmsnarl\n|-damage|p2a: Grimmsnarl|0 fnt\n|-boost|p1a: Staraptor|def|1\n|-boost|p1a: Staraptor|spd|1\n|faint|p2a: Grimmsnarl\n|move|p2b: Sylveon|Moonblast|p1a: Staraptor\n|-supereffective|p1a: Staraptor|1\n|-damage|p1a: Staraptor|59/100\n|-damage|p2b: Sylveon|66/100|[from] item: Life Orb\n|\n|upkeep\n|\n|t:|1788290117\n|switch|p2a: Metagross|Metagross-Mega, L50, shiny|21/100\n|turn|7\n|\n|t:|1788290140\n|move|p1a: Staraptor|Protect|p1a: Staraptor\n|-singleturn|p1a: Staraptor|Protect\n|move|p2a: Metagross|Psychic Fangs|p1a: Staraptor\n|-activate|p1a: Staraptor|move: Protect\n|move|p2b: Sylveon|Hyper Voice|p1a: Staraptor|[spread] p1b\n|-activate|p1a: Staraptor|move: Protect\n|-damage|p1b: Rhyperior|35/100\n|-damage|p2b: Sylveon|56/100|[from] item: Life Orb\n|move|p1b: Rhyperior|Heavy Slam|p2b: Sylveon\n|-supereffective|p2b: Sylveon|1\n|-damage|p2b: Sylveon|0 fnt\n|faint|p2b: Sylveon\n|\n|-heal|p1b: Rhyperior|41/100|[from] item: Leftovers\n|upkeep\n|turn|8\n|-message|ULYSSEDISCIPLINE forfeited.\n|\n|win|digisoul4\n|raw|digisoul4's rating: 1079 &rarr; <strong>1109</strong><br />(+30 for winning)\n|raw|ULYSSEDISCIPLINE's rating: 1107 &rarr; <strong>1080</strong><br />(-27 for losing)\n|l|☆ULYSSEDISCIPLINE\n|player|p2|\n|c|☆digisoul4|Ggs\n","uploadtime":1788290162,"views":"13","formatid":"gen9championsvgc2026regmbbo3","rating":1080,"private":0,"password":null}