{"id":"gen9championsvgc2026regmb-2674198510","format":"[Gen 9 Champions] VGC 2026 Reg M-B","players":["strifesada","geardox"],"log":"|j|☆strifesada\n|j|☆geardox\n|html|<table width=\"100%\"><tr><td align=\"left\">strifesada</td><td align=\"right\">geardox</tr><tr><td align=\"left\"><i class=\"fa fa-circle-o\"></i> <i class=\"fa fa-circle-o\"></i> </td><td align=\"right\"><i class=\"fa fa-circle-o\"></i> <i class=\"fa fa-circle-o\"></i> </tr></table>\n|uhtml|bestof|<h2><strong>Game 1</strong> of <a href=\"/game-bestof3-gen9championsvgc2026regmb-2674198509\">a best-of-3</a></h2>\n|t:|1788314119\n|gametype|doubles\n|player|p1|strifesada|piers|\n|player|p2|geardox|1|\n|gen|9\n|tier|[Gen 9 Champions] VGC 2026 Reg M-B\n|rule|Species Clause: Limit one of each Pokémon\n|rule|Item Clause: Limit 1 of each item\n|raw|<div class=\"infobox\"><details class=\"readmore\" open><summary><strong>1 custom rule:</strong></summary> Best of = 3</details></div>\n|clearpoke\n|poke|p1|Froslass, L50, F|\n|poke|p1|Clefable, L50, F|\n|poke|p1|Scrafty, L50, F|\n|poke|p1|Tsareena, L50, F|\n|poke|p1|Chandelure, L50, M|\n|poke|p1|Garchomp, L50, M|\n|poke|p2|Heliolisk, L50, M|\n|poke|p2|Sneasler, L50, M|\n|poke|p2|Whimsicott, L50, F|\n|poke|p2|Espeon, L50, M|\n|poke|p2|Staraptor, L50, F|\n|poke|p2|Dragonite, L50, F|\n|teampreview|4\ngeardox rejected open team sheets.\n|c|☆geardox|glhf!\n|c|☆geardox|can start timer when u ready\n|inactive|Battle timer is ON: inactive players will automatically lose when time's up. (requested by strifesada)\n|inactive|geardox has 60 seconds left.\n|\n|t:|1788314202\n|teamsize|p1|4\n|teamsize|p2|4\n|start\n|switch|p1a: Garchomp|Garchomp, L50, M|100/100\n|switch|p1b: Scrafty|Scrafty, L50, F|100/100\n|switch|p2a: Heliolisk|Heliolisk, L50, M|100/100\n|switch|p2b: Sneasler|Sneasler, L50, M|100/100\n|-ability|p1b: Scrafty|Intimidate|boost\n|-unboost|p2a: Heliolisk|atk|1\n|-unboost|p2b: Sneasler|atk|1\n|-enditem|p2b: Sneasler|White Herb\n|-clearnegativeboost|p2b: Sneasler|[silent]\n|turn|1\n|inactive|geardox has 30 seconds left.\n|\n|t:|1788314232\n|move|p2b: Sneasler|Protect|p2b: Sneasler\n|-singleturn|p2b: Sneasler|Protect\n|move|p1b: Scrafty|Fake Out|p2a: Heliolisk\n|-damage|p2a: Heliolisk|82/100\n|cant|p2a: Heliolisk|flinch\n|move|p1a: Garchomp|Stomping Tantrum|p2b: Sneasler\n|-activate|p2b: Sneasler|move: Protect\n|\n|upkeep\n|turn|2\n|inactive|geardox has 30 seconds left.\n|\n|t:|1788314258\n|switch|p1b: Chandelure|Chandelure, L50, M|100/100\n|move|p2a: Heliolisk|Shed Tail|p2a: Heliolisk\n|-start|p2a: Heliolisk|Substitute|[from] move: Shed Tail\n|-damage|p2a: Heliolisk|32/100\n|\n|t:|1788314262\n|switch|p2a: Dragonite|Dragonite, L50, F|100/100|[from] Shed Tail\n|move|p2b: Sneasler|Rain Dance|p2b: Sneasler\n|-weather|RainDance\n|move|p1a: Garchomp|Stomping Tantrum|p2a: Dragonite\n|-immune|p2a: Dragonite\n|\n|-weather|RainDance|[upkeep]\n|upkeep\n|turn|3\n|\n|t:|1788314278\n|switch|p1b: Froslass|Froslass, L50, F|100/100\n|detailschange|p2a: Dragonite|Dragonite-Mega, L50, F\n|-mega|p2a: Dragonite|Dragonite|Dragoninite\n|move|p2b: Sneasler|Close Combat|p1a: Garchomp\n|-damage|p1a: Garchomp|47/100\n|-unboost|p2b: Sneasler|def|1\n|-unboost|p2b: Sneasler|spd|1\n|-enditem|p1a: Garchomp|Sitrus Berry|[eat]\n|-heal|p1a: Garchomp|72/100|[from] item: Sitrus Berry\n|move|p2a: Dragonite|Surf|p1a: Garchomp|[spread] p2b,p1a,p1b\n|-damage|p2b: Sneasler|8/100\n|-damage|p1a: Garchomp|37/100\n|-damage|p1b: Froslass|37/100\n|move|p1a: Garchomp|Dragon Claw|p2a: Dragonite\n|-supereffective|p2a: Dragonite|1\n|-end|p2a: Dragonite|Substitute\n|\n|-weather|RainDance|[upkeep]\n|upkeep\n|turn|4\n|inactive|strifesada has 30 seconds left.\n|inactive|geardox has 30 seconds left.\n|\n|t:|1788314309\n|switch|p1a: Scrafty|Scrafty, L50, F|100/100\n|-ability|p1a: Scrafty|Intimidate|boost\n|-unboost|p2a: Dragonite|atk|1\n|-unboost|p2b: Sneasler|atk|1\n|detailschange|p1b: Froslass|Froslass-Mega, L50, F\n|-mega|p1b: Froslass|Froslass|Froslassite\n|-weather|Snowscape|[from] ability: Snow Warning|[of] p1b: Froslass\n|move|p2b: Sneasler|Dire Claw|p1b: Froslass\n|-resisted|p1b: Froslass|1\n|-damage|p1b: Froslass|24/100\n|-status|p1b: Froslass|psn\n|move|p1b: Froslass|Ice Beam|p2a: Dragonite\n|-supereffective|p2a: Dragonite|2\n|-damage|p2a: Dragonite|14/100\n|move|p2a: Dragonite|Surf|p1a: Scrafty|[spread] p2b,p1a,p1b\n|-damage|p2b: Sneasler|0 fnt\n|-damage|p1a: Scrafty|76/100\n|-damage|p1b: Froslass|0 fnt\n|faint|p2b: Sneasler\n|faint|p1b: Froslass\n|\n|-weather|Snowscape|[upkeep]\n|upkeep\n|\n|t:|1788314330\n|switch|p2b: Whimsicott|Whimsicott, L50, F|100/100\n|switch|p1b: Garchomp|Garchomp, L50, M|37/100\n|turn|5\n|\n|t:|1788314348\n|switch|p1a: Chandelure|Chandelure, L50, M|100/100\n|move|p2a: Dragonite|Protect|p2a: Dragonite\n|-singleturn|p2a: Dragonite|Protect\n|move|p2b: Whimsicott|Moonblast|p1a: Chandelure\n|-resisted|p1a: Chandelure|1\n|-damage|p1a: Chandelure|83/100\n|move|p1b: Garchomp|Rock Slide|p2b: Whimsicott|[spread] p2b\n|-activate|p2a: Dragonite|move: Protect\n|-damage|p2b: Whimsicott|67/100\n|\n|-weather|Snowscape|[upkeep]\n|upkeep\n|turn|6\n|\n|t:|1788314364\n|switch|p1b: Scrafty|Scrafty, L50, F|76/100\n|-ability|p1b: Scrafty|Intimidate|boost\n|-unboost|p2a: Dragonite|atk|1\n|-unboost|p2b: Whimsicott|atk|1\n|move|p1a: Chandelure|Protect|p1a: Chandelure\n|-singleturn|p1a: Chandelure|Protect\n|move|p2b: Whimsicott|Tailwind|p2b: Whimsicott\n|-sidestart|p2: geardox|move: Tailwind\n|move|p2a: Dragonite|Surf|p1a: Chandelure|[spread] p2b,p1b\n|-activate|p1a: Chandelure|move: Protect\n|-resisted|p2b: Whimsicott|1\n|-damage|p2b: Whimsicott|43/100\n|-damage|p1b: Scrafty|55/100\n|\n|-weather|Snowscape|[upkeep]\n|upkeep\n|turn|7\n|\n|t:|1788314382\n|switch|p2a: Heliolisk|Heliolisk, L50, M|32/100\n|move|p1b: Scrafty|Fake Out|p2a: Heliolisk\n|-damage|p2a: Heliolisk|13/100\n|move|p2b: Whimsicott|Encore|p1a: Chandelure\n|-start|p1a: Chandelure|Encore\n|move|p1a: Chandelure|Protect||[still]\n|-fail|p1a: Chandelure\n|\n|-weather|Snowscape|[upkeep]\n|upkeep\n|turn|8\n|\n|t:|1788314405\n|switch|p1a: Garchomp|Garchomp, L50, M|37/100\n|move|p2a: Heliolisk|Grass Knot|p1b: Scrafty\n|-damage|p1b: Scrafty|40/100\n|move|p2b: Whimsicott|Moonblast|p1b: Scrafty\n|-supereffective|p1b: Scrafty|2\n|-enditem|p1b: Scrafty|Roseli Berry|[eat]\n|-enditem|p1b: Scrafty|Roseli Berry|[weaken]\n|-damage|p1b: Scrafty|0 fnt\n|faint|p1b: Scrafty\n|\n|-weather|none\n|upkeep\n|\n|t:|1788314417\n|switch|p1b: Chandelure|Chandelure, L50, M|83/100\n|turn|9\n|\n|t:|1788314433\n|move|p2a: Heliolisk|Grass Knot|p1a: Garchomp\n|-damage|p1a: Garchomp|15/100\n|move|p2b: Whimsicott|Moonblast|p1b: Chandelure\n|-resisted|p1b: Chandelure|1\n|-damage|p1b: Chandelure|68/100\n|move|p1a: Garchomp|Rock Slide|p2a: Heliolisk|[spread] p2a,p2b\n|-damage|p2a: Heliolisk|0 fnt\n|-damage|p2b: Whimsicott|14/100\n|faint|p2a: Heliolisk\n|move|p1b: Chandelure|Trick Room|p1b: Chandelure\n|-fieldstart|move: Trick Room|[of] p1b: Chandelure\n|\n|-sideend|p2: geardox|move: Tailwind\n|upkeep\n|\n|t:|1788314443\n|switch|p2a: Dragonite|Dragonite-Mega, L50, F|14/100\n|turn|10\n|inactive|geardox has 30 seconds left.\n|\n|t:|1788314471\n|move|p1b: Chandelure|Protect|p1b: Chandelure\n|-singleturn|p1b: Chandelure|Protect\n|move|p2b: Whimsicott|Encore|p1b: Chandelure\n|-activate|p1b: Chandelure|move: Protect\n|move|p1a: Garchomp|Rock Slide|p2a: Dragonite|[spread] p2a\n|-miss|p1a: Garchomp|p2b: Whimsicott\n|-supereffective|p2a: Dragonite|1\n|-damage|p2a: Dragonite|0 fnt\n|faint|p2a: Dragonite\n|\n|upkeep\n|turn|11\n|\n|t:|1788314488\n|move|p1b: Chandelure|Burning Jealousy|p2b: Whimsicott\n|-supereffective|p2b: Whimsicott|1\n|-damage|p2b: Whimsicott|0 fnt\n|faint|p2b: Whimsicott\n|\n|win|strifesada\n||strifesada is ready for game 2.\n|inactive|geardox has 30 seconds to confirm battle start!\n||geardox is ready for game 2.\n|uhtml|next|Next: <a href=\"/battle-gen9championsvgc2026regmb-2674200933\"><strong>Game 2 of 3</strong></a>\n|l|☆strifesada\n|player|p1|\n","uploadtime":1788314489,"views":"0","formatid":"gen9championsvgc2026regmb","rating":null,"private":0,"password":null}