{"id":"gen9championsvgc2026regmb-2673900246","format":"[Gen 9 Champions] VGC 2026 Reg M-B","players":["PkMnTrainerPotato","playhollowknight"],"log":"|j|☆PkMnTrainerPotato\n|j|☆playhollowknight\n|t:|1788274818\n|gametype|doubles\n|player|p1|PkMnTrainerPotato|102|1252\n|player|p2|playhollowknight|169|1214\n|gen|9\n|tier|[Gen 9 Champions] VGC 2026 Reg M-B\n|rated|\n|rule|Species Clause: Limit one of each Pokémon\n|rule|Item Clause: Limit 1 of each item\n|clearpoke\n|poke|p1|Lopunny, L50, M|\n|poke|p1|Ceruledge, L50, M|\n|poke|p1|Kingambit, L50, F|\n|poke|p1|Farigiraf, L50, F|\n|poke|p1|Basculegion, L50, M|\n|poke|p1|Ninetales-Alola, L50, F|\n|poke|p2|Staraptor, L50, M|\n|poke|p2|Whimsicott, L50, M|\n|poke|p2|Incineroar, L50, F|\n|poke|p2|Garchomp, L50, F|\n|poke|p2|Sneasler, L50, M|\n|poke|p2|Metagross, L50|\n|teampreview|4\n|inactive|Battle timer is ON: inactive players will automatically lose when time's up. (requested by playhollowknight)\n|inactive|PkMnTrainerPotato also wants the timer to be on.\n|\n|t:|1788274844\n|teamsize|p1|4\n|teamsize|p2|4\n|start\n|switch|p1a: Lopunny|Lopunny, L50, M|100/100\n|switch|p1b: Ceruledge|Ceruledge, L50, M|100/100\n|switch|p2a: Sneasler|Sneasler, L50, M|100/100\n|switch|p2b: Staraptor|Staraptor, L50, M|100/100\n|-ability|p2b: Staraptor|Intimidate|boost\n|-unboost|p1a: Lopunny|atk|1\n|-unboost|p1b: Ceruledge|atk|1\n|turn|1\n|\n|t:|1788274861\n|detailschange|p1a: Lopunny|Lopunny-Mega, L50, M\n|-mega|p1a: Lopunny|Lopunny|Lopunnite\n|detailschange|p2b: Staraptor|Staraptor-Mega, L50, M\n|-mega|p2b: Staraptor|Staraptor|Staraptite\n|move|p1a: Lopunny|Fake Out|p2a: Sneasler\n|-damage|p2a: Sneasler|77/100\n|cant|p2a: Sneasler|flinch\n|move|p2b: Staraptor|Brave Bird|p1b: Ceruledge\n|-damage|p1b: Ceruledge|13/100\n|-damage|p2b: Staraptor|73/100|[from] Recoil\n|move|p1b: Ceruledge|Bitter Blade|p2a: Sneasler\n|-damage|p2a: Sneasler|25/100\n|-heal|p1b: Ceruledge|40/100|[from] drain|[of] p2a: Sneasler\n|\n|upkeep\n|turn|2\n|inactive|PkMnTrainerPotato has 30 seconds left.\n|inactive|playhollowknight has 30 seconds left.\n|\n|t:|1788274891\n|move|p2a: Sneasler|Protect|p2a: Sneasler\n|-singleturn|p2a: Sneasler|Protect\n|move|p1b: Ceruledge|Shadow Sneak|p2a: Sneasler\n|-activate|p2a: Sneasler|move: Protect\n|move|p1a: Lopunny|Triple Axel|p2b: Staraptor|[miss]\n|-miss|p1a: Lopunny|p2b: Staraptor\n|move|p2b: Staraptor|Close Combat|p1a: Lopunny\n|-supereffective|p1a: Lopunny|1\n|-damage|p1a: Lopunny|0 fnt\n|-boost|p2b: Staraptor|def|1\n|-boost|p2b: Staraptor|spd|1\n|faint|p1a: Lopunny\n|\n|upkeep\n|\n|t:|1788274896\n|switch|p1a: Ninetales|Ninetales-Alola, L50, F|100/100\n|-weather|Snowscape|[from] ability: Snow Warning|[of] p1a: Ninetales\n|turn|3\n|\n|t:|1788274907\n|move|p1b: Ceruledge|Shadow Sneak|p2a: Sneasler\n|-damage|p2a: Sneasler|0 fnt\n|faint|p2a: Sneasler\n|move|p2b: Staraptor|Close Combat|p1a: Ninetales\n|-damage|p1a: Ninetales|30/100\n|-boost|p2b: Staraptor|def|1\n|-boost|p2b: Staraptor|spd|1\n|move|p1a: Ninetales|Blizzard|p2b: Staraptor\n|-supereffective|p2b: Staraptor|1\n|-damage|p2b: Staraptor|5/100\n|-damage|p1a: Ninetales|20/100r|[from] item: Life Orb\n|\n|-weather|Snowscape|[upkeep]\n|upkeep\n|\n|t:|1788274919\n|switch|p2a: Incineroar|Incineroar, L50, F|100/100\n|-ability|p2a: Incineroar|Intimidate|boost\n|-unboost|p1a: Ninetales|atk|1\n|-unboost|p1b: Ceruledge|atk|1\n|turn|4\n|\n|t:|1788274931\n|move|p2b: Staraptor|Protect|p2b: Staraptor\n|-singleturn|p2b: Staraptor|Protect\n|move|p1a: Ninetales|Protect|p1a: Ninetales\n|-singleturn|p1a: Ninetales|Protect\n|move|p1b: Ceruledge|Shadow Sneak|p2b: Staraptor\n|-activate|p2b: Staraptor|move: Protect\n|move|p2a: Incineroar|Parting Shot|p1b: Ceruledge\n|-unboost|p1b: Ceruledge|atk|1\n|-unboost|p1b: Ceruledge|spa|1\n|\n|t:|1788274938\n|switch|p2a: Whimsicott|Whimsicott, L50, M|100/100|[from] Parting Shot\n|\n|-weather|Snowscape|[upkeep]\n|upkeep\n|turn|5\n|\n|t:|1788274945\n|move|p2a: Whimsicott|Charm|p1b: Ceruledge\n|-unboost|p1b: Ceruledge|atk|2\n|move|p1b: Ceruledge|Shadow Sneak|p2b: Staraptor\n|-damage|p2b: Staraptor|1/100\n|move|p2b: Staraptor|Close Combat|p1a: Ninetales\n|-damage|p1a: Ninetales|0 fnt\n|-boost|p2b: Staraptor|def|1\n|-boost|p2b: Staraptor|spd|1\n|faint|p1a: Ninetales\n|\n|-weather|Snowscape|[upkeep]\n|upkeep\n|\n|t:|1788274947\n|switch|p1a: Basculegion|Basculegion, L50, M|100/100\n|turn|6\n|\n|t:|1788274967\n|move|p2a: Whimsicott|Charm|p1a: Basculegion\n|-unboost|p1a: Basculegion|atk|2\n|move|p1a: Basculegion|Last Respects|p2a: Whimsicott\n|-damage|p2a: Whimsicott|28/100\n|move|p2b: Staraptor|Brave Bird|p1a: Basculegion\n|-damage|p1a: Basculegion|11/100\n|-damage|p2b: Staraptor|0 fnt|[from] Recoil\n|faint|p2b: Staraptor\n|move|p1b: Ceruledge|Swords Dance|p1b: Ceruledge\n|-boost|p1b: Ceruledge|atk|2\n|\n|-weather|Snowscape|[upkeep]\n|upkeep\n|\n|t:|1788274981\n|switch|p2b: Incineroar|Incineroar, L50, F|100/100\n|-ability|p2b: Incineroar|Intimidate|boost\n|-unboost|p1a: Basculegion|atk|1\n|-unboost|p1b: Ceruledge|atk|1\n|turn|7\n|-message|PkMnTrainerPotato forfeited.\n|\n|win|playhollowknight\n|raw|PkMnTrainerPotato's rating: 1252 &rarr; <strong>1224</strong><br />(-28 for losing)\n|raw|playhollowknight's rating: 1214 &rarr; <strong>1242</strong><br />(+28 for winning)\n|l|☆PkMnTrainerPotato\n|player|p1|\n","uploadtime":1788275008,"views":"1","formatid":"gen9championsvgc2026regmb","rating":1224,"private":0,"password":null}