{"id":"gen9championsvgc2026regmb-2673882648","format":"[Gen 9 Champions] VGC 2026 Reg M-B","players":["Nonsense User","dmpape11"],"log":"|j|☆Nonsense User\n|j|☆dmpape11\n|t:|1788272649\n|gametype|doubles\n|player|p1|Nonsense User|waiter|1468\n|player|p2|dmpape11|2|1511\n|gen|9\n|tier|[Gen 9 Champions] VGC 2026 Reg M-B\n|rated|\n|rule|Species Clause: Limit one of each Pokémon\n|rule|Item Clause: Limit 1 of each item\n|clearpoke\n|poke|p1|Bellibolt, L50, M|\n|poke|p1|Chandelure, L50, M|\n|poke|p1|Mimikyu, L50, M|\n|poke|p1|Primarina, L50, M|\n|poke|p1|Scrafty, L50, F|\n|poke|p1|Sneasler, L50, M|\n|poke|p2|Ninetales-Alola, L50, M|\n|poke|p2|Lopunny, L50, F|\n|poke|p2|Gengar, L50, F|\n|poke|p2|Morpeko, L50, M|\n|poke|p2|Incineroar, L50, M|\n|poke|p2|Farigiraf, L50, M|\n|teampreview|4\n|inactive|Battle timer is ON: inactive players will automatically lose when time's up. (requested by dmpape11)\n|inactive|Nonsense User has 60 seconds left.\n|\n|t:|1788272699\n|teamsize|p1|4\n|teamsize|p2|4\n|start\n|switch|p1a: Chandelure|Chandelure, L50, M|100/100\n|switch|p1b: Scrafty|Scrafty, L50, F|100/100\n|switch|p2a: Gengar|Gengar, L50, F|100/100\n|switch|p2b: Incineroar|Incineroar, L50, M|100/100\n|-ability|p1b: Scrafty|Intimidate|boost\n|-unboost|p2a: Gengar|atk|1\n|-unboost|p2b: Incineroar|atk|1\n|-ability|p2b: Incineroar|Intimidate|boost\n|-unboost|p1a: Chandelure|atk|1\n|-unboost|p1b: Scrafty|atk|1\n|turn|1\n|inactive|dmpape11 has 30 seconds left.\n|\n|t:|1788272726\n|detailschange|p2a: Gengar|Gengar-Mega, L50, F\n|-mega|p2a: Gengar|Gengar|Gengarite\n|detailschange|p1b: Scrafty|Scrafty-Mega, L50, F\n|-mega|p1b: Scrafty|Scrafty|Scraftinite\n|-ability|p1b: Scrafty|Intimidate|boost\n|-unboost|p2a: Gengar|atk|1\n|-unboost|p2b: Incineroar|atk|1\n|move|p2a: Gengar|Protect|p2a: Gengar\n|-singleturn|p2a: Gengar|Protect\n|move|p1b: Scrafty|Fake Out|p2b: Incineroar\n|-damage|p2b: Incineroar|93/100\n|move|p1a: Chandelure|Shadow Ball|p2a: Gengar\n|-activate|p2a: Gengar|move: Protect\n|cant|p2b: Incineroar|flinch\n|\n|upkeep\n|turn|2\n|l|☆dmpape11\n|inactive|dmpape11 disconnected and has a minute to reconnect!\n|player|p2|\n|j|☆dmpape11\n|inactive|dmpape11 reconnected and has 40 seconds left.\n|player|p2|dmpape11|2|\n|inactive|Nonsense User has 30 seconds left.\n|inactive|dmpape11 has 30 seconds left.\n|\n|t:|1788272754\n|switch|p2a: Farigiraf|Farigiraf, L50, M|100/100\n|move|p1a: Chandelure|Heat Wave|p2a: Farigiraf|[spread] p2a,p2b\n|-resisted|p2b: Incineroar|1\n|-crit|p2b: Incineroar\n|-damage|p2a: Farigiraf|59/100\n|-damage|p2b: Incineroar|63/100\n|move|p1b: Scrafty|Knock Off|p2a: Farigiraf\n|-supereffective|p2a: Farigiraf|1\n|-enditem|p2a: Farigiraf|Colbur Berry|[eat]\n|-enditem|p2a: Farigiraf|Colbur Berry|[weaken]\n|-damage|p2a: Farigiraf|20/100y\n|move|p2b: Incineroar|Parting Shot|p1a: Chandelure\n|-unboost|p1a: Chandelure|atk|1\n|-unboost|p1a: Chandelure|spa|1\n|\n|t:|1788272769\n|switch|p2b: Gengar|Gengar-Mega, L50, F|100/100|[from] Parting Shot\n|\n|upkeep\n|turn|3\n|inactive|Nonsense User has 30 seconds left.\n|inactive|Nonsense User has 20 seconds left.\n|inactive|Nonsense User has 15 seconds left.\n|inactive|Nonsense User has 10 seconds left.\n|\n|t:|1788272817\n|switch|p2a: Incineroar|Incineroar, L50, M|63/100\n|-ability|p2a: Incineroar|Intimidate|boost\n|-unboost|p1a: Chandelure|atk|1\n|-unboost|p1b: Scrafty|atk|1\n|move|p2b: Gengar|Shadow Ball|p1a: Chandelure\n|-supereffective|p1a: Chandelure|1\n|-enditem|p1a: Chandelure|Focus Sash\n|-damage|p1a: Chandelure|1/100\n|move|p1a: Chandelure|Shadow Ball|p2b: Gengar\n|-supereffective|p2b: Gengar|1\n|-damage|p2b: Gengar|29/100\n|move|p1b: Scrafty|Knock Off|p2b: Gengar\n|-supereffective|p2b: Gengar|1\n|-damage|p2b: Gengar|0 fnt\n|faint|p2b: Gengar\n|\n|upkeep\n|\n|t:|1788272826\n|switch|p2b: Ninetales|Ninetales-Alola, L50, M|100/100\n|-weather|Snowscape|[from] ability: Snow Warning|[of] p2b: Ninetales\n|turn|4\n|\n|t:|1788272842\n|switch|p1b: Sneasler|Sneasler, L50, M|100/100\n|move|p2b: Ninetales|Blizzard|p1a: Chandelure|[spread] p1a,p1b\n|-resisted|p1a: Chandelure|1\n|-damage|p1a: Chandelure|0 fnt\n|-damage|p1b: Sneasler|57/100\n|faint|p1a: Chandelure\n|move|p2a: Incineroar|Parting Shot|p1b: Sneasler\n|-unboost|p1b: Sneasler|atk|1\n|-unboost|p1b: Sneasler|spa|1\n|\n|t:|1788272851\n|switch|p2a: Farigiraf|Farigiraf, L50, M|20/100y|[from] Parting Shot\n|-enditem|p1b: Sneasler|White Herb\n|-clearnegativeboost|p1b: Sneasler|[silent]\n|\n|-weather|Snowscape|[upkeep]\n|upkeep\n|\n|t:|1788272858\n|switch|p1a: Bellibolt|Bellibolt, L50, M|100/100\n|turn|5\n|\n|t:|1788272871\n|switch|p2a: Incineroar|Incineroar, L50, M|63/100\n|-ability|p2a: Incineroar|Intimidate|boost\n|-unboost|p1a: Bellibolt|atk|1\n|-unboost|p1b: Sneasler|atk|1\n|move|p1b: Sneasler|Dire Claw|p2b: Ninetales\n|-supereffective|p2b: Ninetales|1\n|-damage|p2b: Ninetales|43/100\n|move|p2b: Ninetales|Blizzard|p1a: Bellibolt|[spread] p1a,p1b\n|-damage|p1a: Bellibolt|67/100\n|-damage|p1b: Sneasler|11/100\n|-status|p1b: Sneasler|frz\n|-start|p1a: Bellibolt|Charge|Blizzard|[from] ability: Electromorphosis\n|move|p1a: Bellibolt|Volt Switch|p2b: Ninetales\n|-damage|p2b: Ninetales|0 fnt\n|faint|p2b: Ninetales\n|-end|p1a: Bellibolt|Charge|[silent]\n|-message|dmpape11 forfeited.\n|\n|win|Nonsense User\n|raw|Nonsense User's rating: 1468 &rarr; <strong>1490</strong><br />(+22 for winning)\n|raw|dmpape11's rating: 1511 &rarr; <strong>1489</strong><br />(-22 for losing)\n","uploadtime":1788272886,"views":"4","formatid":"gen9championsvgc2026regmb","rating":1489,"private":0,"password":null}