{"id":"gen9championsvgc2026regmb-2674561903","format":"[Gen 9 Champions] VGC 2026 Reg M-B","players":["krankyuwu","slackerang"],"log":"|j|☆krankyuwu\n|j|☆slackerang\n|t:|1788374185\n|gametype|doubles\n|player|p1|krankyuwu|102|1125\n|player|p2|slackerang|rocketgrunt|1181\n|gen|9\n|tier|[Gen 9 Champions] VGC 2026 Reg M-B\n|rated|\n|rule|Species Clause: Limit one of each Pokémon\n|rule|Item Clause: Limit 1 of each item\n|clearpoke\n|poke|p1|Annihilape, L50, M|\n|poke|p1|Maushold, L50|\n|poke|p1|Floette-Eternal, L50, F|\n|poke|p1|Sinistcha, L50|\n|poke|p1|Pelipper, L50, M, shiny|\n|poke|p1|Swampert, L50, M, shiny|\n|poke|p2|Gourgeist-Super, L50, M|\n|poke|p2|Goodra-Hisui, L50, F|\n|poke|p2|Tyranitar, L50, F, shiny|\n|poke|p2|Mawile, L50, M, shiny|\n|poke|p2|Sinistcha-Masterpiece, L50|\n|poke|p2|Azumarill, L50, M|\n|teampreview|4\n|inactive|Battle timer is ON: inactive players will automatically lose when time's up. (requested by slackerang)\n|\n|t:|1788374219\n|teamsize|p1|4\n|teamsize|p2|4\n|start\n|switch|p1a: Annihilape|Annihilape, L50, M|100/100\n|switch|p1b: Floette|Floette-Eternal, L50, F|100/100\n|switch|p2a: Goodra|Goodra-Hisui, L50, F|100/100\n|switch|p2b: Gourgeist|Gourgeist-Super, L50, M|100/100\n|-item|p1a: Annihilape|Sitrus Berry|[from] ability: Frisk|[of] p2b: Gourgeist\n|-item|p1b: Floette|Floettite|[from] ability: Frisk|[of] p2b: Gourgeist\n|turn|1\n|inactive|krankyuwu has 30 seconds left.\n|\n|t:|1788374246\n|detailschange|p1b: Floette|Floette-Mega, L50, F\n|-mega|p1b: Floette|Floette|Floettite\n|-ability|p1b: Floette|Fairy Aura\n|move|p1a: Annihilape|Protect|p1a: Annihilape\n|-singleturn|p1a: Annihilape|Protect\n|move|p1b: Floette|Light of Ruin|p2a: Goodra|[miss]\n|-miss|p1b: Floette|p2a: Goodra\n|move|p2a: Goodra|Heavy Slam|p1b: Floette\n|-supereffective|p1b: Floette|1\n|-damage|p1b: Floette|22/100\n|move|p2b: Gourgeist|Trick Room|p2b: Gourgeist\n|-fieldstart|move: Trick Room|[of] p2b: Gourgeist\n|\n|upkeep\n|turn|2\n|inactive|slackerang has 30 seconds left.\n|inactive|slackerang has 20 seconds left.\n|\n|t:|1788374283\n|switch|p1b: Sinistcha|Sinistcha, L50|100/100\n|move|p2a: Goodra|Shelter|p2a: Goodra\n|-boost|p2a: Goodra|def|2\n|move|p2b: Gourgeist|Phantom Force||[still]\n|-prepare|p2b: Gourgeist|Phantom Force\n|move|p1a: Annihilape|Drain Punch|p2a: Goodra\n|-supereffective|p2a: Goodra|1\n|-damage|p2a: Goodra|74/100\n|\n|-heal|p2a: Goodra|80/100|[from] item: Leftovers\n|upkeep\n|turn|3\n|\n|t:|1788374306\n|switch|p1a: Pelipper|Pelipper, L50, M, shiny|100/100\n|-weather|RainDance|[from] ability: Drizzle|[of] p1a: Pelipper\n|move|p2a: Goodra|Heavy Slam|p1b: Sinistcha\n|-damage|p1b: Sinistcha|63/100\n|move|p2b: Gourgeist|Phantom Force|p1a: Pelipper|[from] lockedmove\n|-damage|p1a: Pelipper|60/100\n|move|p1b: Sinistcha|Trick Room|p1b: Sinistcha\n|-fieldend|move: Trick Room\n|\n|-weather|RainDance|[upkeep]\n|-heal|p2a: Goodra|86/100|[from] item: Leftovers\n|upkeep\n|turn|4\n|inactive|krankyuwu has 30 seconds left.\n|inactive|slackerang has 30 seconds left.\n|inactive|krankyuwu has 20 seconds left.\n|inactive|slackerang has 20 seconds left.\n|inactive|krankyuwu has 15 seconds left.\n|inactive|slackerang has 15 seconds left.\n|\n|t:|1788374348\n|switch|p1b: Annihilape|Annihilape, L50, M|100/100\n|move|p1a: Pelipper|Tailwind|p1a: Pelipper\n|-sidestart|p1: krankyuwu|move: Tailwind\n|move|p2a: Goodra|Heavy Slam|p1a: Pelipper\n|-resisted|p1a: Pelipper|1\n|-damage|p1a: Pelipper|37/100\n|move|p2b: Gourgeist|Trick Room|p2b: Gourgeist\n|-fieldstart|move: Trick Room|[of] p2b: Gourgeist\n|\n|-weather|RainDance|[upkeep]\n|-heal|p2a: Goodra|91/100|[from] item: Leftovers\n|upkeep\n|turn|5\n|inactive|slackerang has 30 seconds left.\n|\n|t:|1788374375\n|move|p1b: Annihilape|Protect|p1b: Annihilape\n|-singleturn|p1b: Annihilape|Protect\n|move|p2a: Goodra|Shelter|p2a: Goodra\n|-boost|p2a: Goodra|def|2\n|move|p2b: Gourgeist|Phantom Force||[still]\n|-prepare|p2b: Gourgeist|Phantom Force\n|move|p1a: Pelipper|Hurricane|p2b: Gourgeist|[miss]\n|-miss|p1a: Pelipper|p2b: Gourgeist\n|\n|-weather|RainDance|[upkeep]\n|-heal|p2a: Goodra|97/100|[from] item: Leftovers\n|upkeep\n|turn|6\n|\n|t:|1788374392\n|switch|p1b: Sinistcha|Sinistcha, L50|63/100\n|-heal|p1a: Pelipper|62/100|[from] ability: Hospitality|[of] p1b: Sinistcha\n|move|p2a: Goodra|Heavy Slam|p1b: Sinistcha\n|-damage|p1b: Sinistcha|24/100\n|move|p2b: Gourgeist|Phantom Force|p1b: Sinistcha|[from] lockedmove\n|-supereffective|p1b: Sinistcha|1\n|-damage|p1b: Sinistcha|0 fnt\n|faint|p1b: Sinistcha\n|move|p1a: Pelipper|Hurricane|p2b: Gourgeist\n|-supereffective|p2b: Gourgeist|1\n|-damage|p2b: Gourgeist|23/100\n|\n|-weather|RainDance|[upkeep]\n|-heal|p2a: Goodra|100/100|[from] item: Leftovers\n|upkeep\n|\n|t:|1788374408\n|switch|p1b: Annihilape|Annihilape, L50, M|100/100\n|turn|7\n|\n|t:|1788374424\n|switch|p2b: Azumarill|Azumarill, L50, M|100/100\n|move|p2a: Goodra|Heavy Slam|p1b: Annihilape\n|-damage|p1b: Annihilape|53/100\n|move|p1a: Pelipper|Hurricane|p2b: Azumarill\n|-damage|p2b: Azumarill|55/100\n|move|p1b: Annihilape|Drain Punch|p2a: Goodra\n|-supereffective|p2a: Goodra|1\n|-damage|p2a: Goodra|82/100\n|-heal|p1b: Annihilape|62/100|[from] drain|[of] p2a: Goodra\n|\n|-weather|none\n|-heal|p2a: Goodra|88/100|[from] item: Leftovers\n|-sideend|p1: krankyuwu|move: Tailwind\n|upkeep\n|turn|8\n|\n|t:|1788374449\n|move|p2b: Azumarill|Belly Drum|p2b: Azumarill\n|-damage|p2b: Azumarill|5/100\n|-setboost|p2b: Azumarill|atk|6|[from] move: Belly Drum\n|-enditem|p2b: Azumarill|Sitrus Berry|[eat]\n|-heal|p2b: Azumarill|30/100|[from] item: Sitrus Berry\n|move|p2a: Goodra|Heavy Slam|p1a: Pelipper\n|-resisted|p1a: Pelipper|1\n|-damage|p1a: Pelipper|40/100\n|move|p1a: Pelipper|Weather Ball|p2b: Azumarill\n|-damage|p2b: Azumarill|16/100\n|move|p1b: Annihilape|Drain Punch|p2a: Goodra\n|-supereffective|p2a: Goodra|1\n|-damage|p2a: Goodra|69/100\n|-heal|p1b: Annihilape|71/100|[from] drain|[of] p2a: Goodra\n|\n|-heal|p2a: Goodra|75/100|[from] item: Leftovers\n|-fieldend|move: Trick Room\n|upkeep\n|turn|9\n|inactive|krankyuwu has 30 seconds left.\n|inactive|slackerang has 30 seconds left.\n|inactive|slackerang has 20 seconds left.\n|inactive|slackerang has 15 seconds left.\n|\n|t:|1788374493\n|move|p2b: Azumarill|Protect|p2b: Azumarill\n|-singleturn|p2b: Azumarill|Protect\n|move|p1b: Annihilape|Rage Fist|p2b: Azumarill\n|-activate|p2b: Azumarill|move: Protect\n|move|p1a: Pelipper|Tailwind|p1a: Pelipper\n|-sidestart|p1: krankyuwu|move: Tailwind\n|move|p2a: Goodra|Heavy Slam|p1b: Annihilape\n|-damage|p1b: Annihilape|26/100\n|-enditem|p1b: Annihilape|Sitrus Berry|[eat]\n|-heal|p1b: Annihilape|50/100g|[from] item: Sitrus Berry\n|\n|-heal|p2a: Goodra|81/100|[from] item: Leftovers\n|upkeep\n|turn|10\n|\n|t:|1788374515\n|move|p2b: Azumarill|Aqua Jet|p1b: Annihilape\n|-damage|p1b: Annihilape|0 fnt\n|faint|p1b: Annihilape\n|move|p1a: Pelipper|Hurricane|p2b: Azumarill\n|-damage|p2b: Azumarill|0 fnt\n|faint|p2b: Azumarill\n|move|p2a: Goodra|Heavy Slam|p1a: Pelipper\n|-resisted|p1a: Pelipper|1\n|-damage|p1a: Pelipper|18/100\n|\n|-heal|p2a: Goodra|87/100|[from] item: Leftovers\n|upkeep\n|\n|t:|1788374528\n|switch|p1b: Floette|Floette-Mega, L50, F|22/100\n|switch|p2b: Tyranitar|Tyranitar, L50, F, shiny|100/100\n|-ability|p1b: Floette|Fairy Aura\n|-weather|Sandstorm|[from] ability: Sand Stream|[of] p2b: Tyranitar\n|turn|11\n|inactive|krankyuwu has 30 seconds left.\n|\n|t:|1788374555\n|detailschange|p2b: Tyranitar|Tyranitar-Mega, L50, F, shiny\n|-mega|p2b: Tyranitar|Tyranitar|Tyranitarite\n|move|p2b: Tyranitar|Protect|p2b: Tyranitar\n|-singleturn|p2b: Tyranitar|Protect\n|move|p1b: Floette|Draining Kiss|p2b: Tyranitar\n|-activate|p2b: Tyranitar|move: Protect\n|move|p1a: Pelipper|Weather Ball|p2b: Tyranitar\n|-activate|p2b: Tyranitar|move: Protect\n|move|p2a: Goodra|Heavy Slam|p1b: Floette\n|-supereffective|p1b: Floette|1\n|-damage|p1b: Floette|0 fnt\n|faint|p1b: Floette\n|\n|-weather|Sandstorm|[upkeep]\n|-damage|p1a: Pelipper|12/100|[from] Sandstorm\n|-heal|p2a: Goodra|93/100|[from] item: Leftovers\n|upkeep\n|turn|12\n|-message|krankyuwu forfeited.\n|\n|win|slackerang\n|raw|krankyuwu's rating: 1125 &rarr; <strong>1104</strong><br />(-21 for losing)\n|raw|slackerang's rating: 1181 &rarr; <strong>1202</strong><br />(+21 for winning)\n|l|☆krankyuwu\n|player|p1|\n","uploadtime":1788374575,"views":"2","formatid":"gen9championsvgc2026regmb","rating":1104,"private":0,"password":null}