{"id":"gen9championsvgc2026regmb-2674447007","format":"[Gen 9 Champions] VGC 2026 Reg M-B","players":["DeRayKo10","emilvh"],"log":"|j|☆DeRayKo10\n|j|☆emilvh\n|t:|1788360879\n|gametype|doubles\n|player|p1|DeRayKo10|hiker-gen4|1228\n|player|p2|emilvh|ghetsis-gen5bw|1148\n|gen|9\n|tier|[Gen 9 Champions] VGC 2026 Reg M-B\n|rated|\n|rule|Species Clause: Limit one of each Pokémon\n|rule|Item Clause: Limit 1 of each item\n|clearpoke\n|poke|p1|Sneasler, L50, M, shiny|\n|poke|p1|Rotom-Wash, L50|\n|poke|p1|Sceptile, L50, M, shiny|\n|poke|p1|Incineroar, L50, M, shiny|\n|poke|p1|Garchomp, L50, F|\n|poke|p1|Aegislash, L50, F, shiny|\n|poke|p2|Sneasler, L50, M|\n|poke|p2|Aerodactyl, L50, F|\n|poke|p2|Whimsicott, L50, M|\n|poke|p2|Raichu, L50, M|\n|poke|p2|Incineroar, L50, M|\n|poke|p2|Basculegion, L50, M|\n|teampreview|4\n|inactive|Battle timer is ON: inactive players will automatically lose when time's up. (requested by DeRayKo10)\n|inactive|DeRayKo10 has 60 seconds left.\n|\n|t:|1788360913\n|teamsize|p1|4\n|teamsize|p2|4\n|start\n|switch|p1a: Incineroar|Incineroar, L50, M, shiny|100/100\n|switch|p1b: Garchomp|Garchomp, L50, F|100/100\n|switch|p2a: Sneasler|Sneasler, L50, M|100/100\n|switch|p2b: Whimsicott|Whimsicott, L50, M|100/100\n|-ability|p1a: Incineroar|Intimidate|boost\n|-unboost|p2a: Sneasler|atk|1\n|-unboost|p2b: Whimsicott|atk|1\n|-enditem|p2a: Sneasler|White Herb\n|-clearnegativeboost|p2a: Sneasler|[silent]\n|turn|1\n|inactive|emilvh has 30 seconds left.\n|inactive|DeRayKo10 has 30 seconds left.\n|\n|t:|1788360947\n|move|p1b: Garchomp|Protect|p1b: Garchomp\n|-singleturn|p1b: Garchomp|Protect\n|move|p2a: Sneasler|Fake Out|p1b: Garchomp\n|-activate|p1b: Garchomp|move: Protect\n|move|p1a: Incineroar|Fake Out|p2b: Whimsicott\n|-damage|p2b: Whimsicott|85/100\n|cant|p2b: Whimsicott|flinch\n|\n|upkeep\n|turn|2\n|inactive|DeRayKo10 has 30 seconds left.\n|inactive|emilvh has 30 seconds left.\n|inactive|DeRayKo10 has 20 seconds left.\n|\n|t:|1788360985\n|move|p2b: Whimsicott|Protect|p2b: Whimsicott\n|-singleturn|p2b: Whimsicott|Protect\n|move|p2a: Sneasler|Dire Claw|p1b: Garchomp\n|-resisted|p1b: Garchomp|1\n|-crit|p1b: Garchomp\n|-damage|p1b: Garchomp|61/100\n|-damage|p2a: Sneasler|87/100|[from] ability: Rough Skin|[of] p1b: Garchomp\n|move|p1b: Garchomp|Rock Slide|p2a: Sneasler|[spread] p2a\n|-activate|p2b: Whimsicott|move: Protect\n|-resisted|p2a: Sneasler|1\n|-damage|p2a: Sneasler|70/100\n|-damage|p1b: Garchomp|51/100|[from] item: Life Orb\n|move|p1a: Incineroar|Flare Blitz|p2b: Whimsicott\n|-activate|p2b: Whimsicott|move: Protect\n|\n|upkeep\n|turn|3\n|inactive|DeRayKo10 has 30 seconds left.\n|inactive|DeRayKo10 has 20 seconds left.\n|inactive|emilvh has 30 seconds left.\n|inactive|DeRayKo10 has 15 seconds left.\n|\n|t:|1788361026\n|switch|p2b: Basculegion|Basculegion, L50, M|100/100\n|switch|p1a: Rotom|Rotom-Wash, L50|100/100\n|move|p2a: Sneasler|Close Combat|p1a: Rotom\n|-damage|p1a: Rotom|14/100\n|-unboost|p2a: Sneasler|def|1\n|-unboost|p2a: Sneasler|spd|1\n|move|p1b: Garchomp|Earthquake|p2a: Sneasler|[spread] p2a,p2b\n|-immune|p1a: Rotom|[from] ability: Levitate\n|-supereffective|p2a: Sneasler|1\n|-damage|p2a: Sneasler|0 fnt\n|-damage|p2b: Basculegion|38/100\n|faint|p2a: Sneasler\n|-damage|p1b: Garchomp|42/100|[from] item: Life Orb\n|\n|upkeep\n|\n|t:|1788361043\n|switch|p2a: Raichu|Raichu, L50, M|100/100\n|turn|4\n|\n|t:|1788361062\n|switch|p1a: Incineroar|Incineroar, L50, M, shiny|100/100\n|-ability|p1a: Incineroar|Intimidate|boost\n|-unboost|p2a: Raichu|atk|1\n|-unboost|p2b: Basculegion|atk|1\n|move|p1b: Garchomp|Protect|p1b: Garchomp\n|-singleturn|p1b: Garchomp|Protect\n|move|p2a: Raichu|Fake Out|p1a: Incineroar\n|-damage|p1a: Incineroar|95/100\n|move|p2b: Basculegion|Wave Crash|p1b: Garchomp\n|-activate|p1b: Garchomp|move: Protect\n|\n|upkeep\n|turn|5\n|inactive|DeRayKo10 has 30 seconds left.\n|inactive|DeRayKo10 has 20 seconds left.\n|\n|t:|1788361097\n|switch|p2a: Whimsicott|Whimsicott, L50, M|85/100\n|move|p1a: Incineroar|Fake Out|p2a: Whimsicott\n|-damage|p2a: Whimsicott|70/100\n|move|p2b: Basculegion|Wave Crash|p1b: Garchomp\n|-damage|p1b: Garchomp|0 fnt\n|-damage|p2b: Basculegion|26/100|[from] ability: Rough Skin|[of] p1b: Garchomp\n|faint|p1b: Garchomp\n|-damage|p2b: Basculegion|13/100|[from] Recoil\n|\n|upkeep\n|\n|t:|1788361111\n|switch|p1b: Sceptile|Sceptile, L50, M, shiny|100/100\n|turn|6\n|inactive|DeRayKo10 has 30 seconds left.\n|inactive|emilvh has 30 seconds left.\n|inactive|DeRayKo10 has 20 seconds left.\n|inactive|emilvh has 20 seconds left.\n|inactive|DeRayKo10 has 15 seconds left.\n|\n|t:|1788361153\n|move|p1b: Sceptile|Protect|p1b: Sceptile\n|-singleturn|p1b: Sceptile|Protect\n|move|p2b: Basculegion|Wave Crash|p1b: Sceptile\n|-activate|p1b: Sceptile|move: Protect\n|move|p2a: Whimsicott|Moonblast|p1b: Sceptile\n|-activate|p1b: Sceptile|move: Protect\n|move|p1a: Incineroar|Darkest Lariat|p2b: Basculegion\n|-supereffective|p2b: Basculegion|1\n|-damage|p2b: Basculegion|0 fnt\n|faint|p2b: Basculegion\n|\n|upkeep\n|\n|t:|1788361157\n|switch|p2b: Raichu|Raichu, L50, M|100/100\n|turn|7\n|inactive|DeRayKo10 has 30 seconds left.\n|\n|t:|1788361192\n|detailschange|p1b: Sceptile|Sceptile-Mega, L50, M, shiny\n|-mega|p1b: Sceptile|Sceptile|Sceptilite\n|move|p2b: Raichu|Fake Out|p1a: Incineroar\n|-damage|p1a: Incineroar|89/100\n|move|p1b: Sceptile|Earth Power|p2b: Raichu\n|-supereffective|p2b: Raichu|1\n|-damage|p2b: Raichu|12/100\n|move|p2a: Whimsicott|Moonblast|p1b: Sceptile\n|-supereffective|p1b: Sceptile|1\n|-damage|p1b: Sceptile|0 fnt\n|faint|p1b: Sceptile\n|cant|p1a: Incineroar|flinch\n|\n|upkeep\n|\n|t:|1788361203\n|switch|p1b: Rotom|Rotom-Wash, L50|14/100\n|turn|8\n|inactive|DeRayKo10 has 30 seconds left.\n|inactive|DeRayKo10 has 20 seconds left.\n|inactive|DeRayKo10 has 15 seconds left.\n|\n|t:|1788361247\n|move|p2b: Raichu|Protect|p2b: Raichu\n|-singleturn|p2b: Raichu|Protect\n|move|p1b: Rotom|Shadow Ball|p2b: Raichu\n|-activate|p2b: Raichu|move: Protect\n|move|p2a: Whimsicott|Moonblast|p1b: Rotom\n|-damage|p1b: Rotom|0 fnt\n|faint|p1b: Rotom\n|move|p1a: Incineroar|Flare Blitz|p2a: Whimsicott\n|-supereffective|p2a: Whimsicott|1\n|-damage|p2a: Whimsicott|0 fnt\n|faint|p2a: Whimsicott\n|-damage|p1a: Incineroar|73/100|[from] Recoil\n|\n|upkeep\n|turn|9\n|\n|t:|1788361263\n|detailschange|p2b: Raichu|Raichu-Mega-Y, L50, M\n|-mega|p2b: Raichu|Raichu|Raichunite Y\n|move|p2b: Raichu|Focus Blast|p1a: Incineroar\n|-supereffective|p1a: Incineroar|1\n|-enditem|p1a: Incineroar|Chople Berry|[eat]\n|-enditem|p1a: Incineroar|Chople Berry|[weaken]\n|-damage|p1a: Incineroar|39/100\n|move|p1a: Incineroar|Flare Blitz|p2b: Raichu\n|-damage|p2b: Raichu|0 fnt\n|faint|p2b: Raichu\n|-damage|p1a: Incineroar|35/100|[from] Recoil\n|\n|win|DeRayKo10\n|raw|DeRayKo10's rating: 1228 &rarr; <strong>1247</strong><br />(+19 for winning)\n|raw|emilvh's rating: 1148 &rarr; <strong>1129</strong><br />(-19 for losing)\n|c|☆DeRayKo10|gg\n|l|☆emilvh\n|player|p2|\n","uploadtime":1788361285,"views":"4","formatid":"gen9championsvgc2026regmb","rating":1129,"private":0,"password":null}