{"id":"gen9championsvgc2026regmbbo3-2674829804","format":"[Gen 9 Champions] VGC 2026 Reg M-B (Bo3)","players":["NemoAK","kingsrowbajax"],"log":"|j|☆NemoAK\n|j|☆kingsrowbajax\n|html|<table width=\"100%\"><tr><td align=\"left\">NemoAK</td><td align=\"right\">kingsrowbajax</tr><tr><td align=\"left\"><i class=\"fa fa-circle-o\"></i> <i class=\"fa fa-circle-o\"></i> </td><td align=\"right\"><i class=\"fa fa-circle-o\"></i> <i class=\"fa fa-circle-o\"></i> </tr></table>\n|uhtml|bestof|<h2><strong>Game 1</strong> of <a href=\"/game-bestof3-gen9championsvgc2026regmbbo3-2674829803\">a best-of-3</a></h2>\n|t:|1788415913\n|gametype|doubles\n|player|p1|NemoAK|102|1194\n|player|p2|kingsrowbajax|265|1328\n|gen|9\n|tier|[Gen 9 Champions] VGC 2026 Reg M-B (Bo3)\n|rated|\n|rule|Species Clause: Limit one of each Pokémon\n|rule|Item Clause: Limit 1 of each item\n|clearpoke\n|poke|p1|Alakazam, L50, M|\n|poke|p1|Drampa, L50, M|\n|poke|p1|Sinistcha-Masterpiece, L50|\n|poke|p1|Incineroar, L50, M|\n|poke|p1|Aerodactyl, L50, M|\n|poke|p1|Sneasler, L50, M|\n|poke|p2|Blastoise, L50, M|\n|poke|p2|Delphox, L50, M|\n|poke|p2|Sinistcha-Masterpiece, L50|\n|poke|p2|Sneasler, L50, F|\n|poke|p2|Kingambit, L50, M|\n|poke|p2|Incineroar, L50, M|\n|teampreview|4\n|showteam|p1|Alakazam||LightClay|InnerFocus|Psychic,LightScreen,Reflect,SpeedSwap|Timid||M|||50|]Drampa||Drampanite|CloudNine|HyperVoice,Protect,CalmMind,EarthPower|Quiet||M|||50|]Sinistcha-Masterpiece||OccaBerry|Hospitality|ShadowBall,MatchaGotcha,RagePowder,TrickRoom|Quiet|||||50|]Incineroar||SitrusBerry|Intimidate|FlareBlitz,DarkestLariat,FakeOut,PartingShot|Brave||M|||50|]Aerodactyl||Aerodactylite|Unnerve|Tailwind,RockSlide,DualWingbeat,WideGuard|Jolly||M|||50|]Sneasler||WhiteHerb|Unburden|DireClaw,CloseCombat,FakeOut,QuickGuard|Adamant||M|||50|\n|showteam|p2|Blastoise||Blastoisinite|RainDish|WaterSpout,DarkPulse,ShellSmash,Protect|Modest||M|||50|]Delphox||Delphoxite|Blaze|HeatWave,Psychic,NastyPlot,Protect|Timid||M|||50|]Sinistcha-Masterpiece||ColburBerry|Hospitality|MatchaGotcha,RagePowder,TrickRoom,Protect|Bold|||||50|]Sneasler||FocusSash|PoisonTouch|FakeOut,PoisonJab,CloseCombat,QuickGuard|Jolly||F|||50|]Kingambit||LifeOrb|Defiant|KowtowCleave,SuckerPunch,SwordsDance,Protect|Adamant||M|||50|]Incineroar||SitrusBerry|Intimidate|FakeOut,FlareBlitz,ThroatChop,PartingShot|Careful||M|||50|\n|inactive|Battle timer is ON: inactive players will automatically lose when time's up. (requested by NemoAK)\n|\n|t:|1788415959\n|teamsize|p1|4\n|teamsize|p2|4\n|start\n|switch|p1a: Back In My Day|Drampa, L50, M|100/100\n|switch|p1b: Spill The Tea|Sinistcha-Masterpiece, L50|100/100\n|switch|p2a: Blastoise|Blastoise, L50, M|100/100\n|switch|p2b: Incineroar|Incineroar, L50, M|100/100\n|-ability|p2b: Incineroar|Intimidate|boost\n|-unboost|p1a: Back In My Day|atk|1\n|-unboost|p1b: Spill The Tea|atk|1\n|-ability|p1a: Back In My Day|Cloud Nine\n|turn|1\n|inactive|NemoAK has 30 seconds left.\n|inactive|kingsrowbajax has 30 seconds left.\n|inactive|NemoAK has 20 seconds left.\n|\n|t:|1788415997\n|detailschange|p2a: Blastoise|Blastoise-Mega, L50, M\n|-mega|p2a: Blastoise|Blastoise|Blastoisinite\n|detailschange|p1a: Back In My Day|Drampa-Mega, L50, M\n|-mega|p1a: Back In My Day|Drampa|Drampanite\n|move|p2b: Incineroar|Fake Out|p1a: Back In My Day\n|-damage|p1a: Back In My Day|90/100\n|move|p2a: Blastoise|Shell Smash|p2a: Blastoise\n|-unboost|p2a: Blastoise|def|1\n|-unboost|p2a: Blastoise|spd|1\n|-boost|p2a: Blastoise|atk|2\n|-boost|p2a: Blastoise|spa|2\n|-boost|p2a: Blastoise|spe|2\n|cant|p1a: Back In My Day|flinch\n|move|p1b: Spill The Tea|Trick Room|p1b: Spill The Tea\n|-fieldstart|move: Trick Room|[of] p1b: Spill The Tea\n|\n|upkeep\n|turn|2\n|\n|t:|1788416013\n|switch|p2b: Sinistcha|Sinistcha-Masterpiece, L50|100/100\n|move|p2a: Blastoise|Protect|p2a: Blastoise\n|-singleturn|p2a: Blastoise|Protect\n|move|p1b: Spill The Tea|Rage Powder|p1b: Spill The Tea\n|-singleturn|p1b: Spill The Tea|move: Rage Powder\n|move|p1a: Back In My Day|Hyper Voice|p2b: Sinistcha|[spread] \n|-activate|p2a: Blastoise|move: Protect\n|-immune|p2b: Sinistcha\n|\n|upkeep\n|turn|3\n|\n|t:|1788416033\n|move|p1a: Back In My Day|Hyper Voice|p2b: Sinistcha|[spread] p2a\n|-immune|p2b: Sinistcha\n|-damage|p2a: Blastoise|43/100\n|move|p1b: Spill The Tea|Matcha Gotcha|p2b: Sinistcha|[spread] p2a,p2b\n|-supereffective|p2a: Blastoise|1\n|-resisted|p2b: Sinistcha|1\n|-crit|p2b: Sinistcha\n|-damage|p2a: Blastoise|0 fnt\n|-damage|p2b: Sinistcha|79/100\n|-status|p2b: Sinistcha|brn\n|faint|p2a: Blastoise\n|move|p2b: Sinistcha|Trick Room|p2b: Sinistcha\n|-fieldend|move: Trick Room\n|\n|-damage|p2b: Sinistcha|73/100 brn|[from] brn\n|upkeep\n|\n|t:|1788416051\n|switch|p2a: Delphox|Delphox, L50, M|100/100\n|turn|4\n|\n|t:|1788416062\n|move|p2a: Delphox|Nasty Plot|p2a: Delphox\n|-boost|p2a: Delphox|spa|2\n|move|p1a: Back In My Day|Calm Mind|p1a: Back In My Day\n|-boost|p1a: Back In My Day|spa|1\n|-boost|p1a: Back In My Day|spd|1\n|move|p2b: Sinistcha|Trick Room|p2b: Sinistcha\n|-fieldstart|move: Trick Room|[of] p2b: Sinistcha\n|move|p1b: Spill The Tea|Trick Room|p1b: Spill The Tea\n|-fieldend|move: Trick Room\n|\n|-damage|p2b: Sinistcha|67/100 brn|[from] brn\n|upkeep\n|turn|5\n|\n|t:|1788416087\n|switch|p1b: Break The Game|Incineroar, L50, M|100/100\n|-ability|p1b: Break The Game|Intimidate|boost\n|-unboost|p2a: Delphox|atk|1\n|-unboost|p2b: Sinistcha|atk|1\n|move|p2b: Sinistcha|Rage Powder|p2b: Sinistcha\n|-singleturn|p2b: Sinistcha|move: Rage Powder\n|move|p2a: Delphox|Heat Wave|p1a: Back In My Day|[spread] p1a,p1b\n|-resisted|p1a: Back In My Day|1\n|-resisted|p1b: Break The Game|1\n|-damage|p1a: Back In My Day|74/100\n|-damage|p1b: Break The Game|75/100\n|-status|p1a: Back In My Day|brn\n|move|p1a: Back In My Day|Hyper Voice|p2a: Delphox|[spread] p2a\n|-immune|p2b: Sinistcha\n|-damage|p2a: Delphox|33/100\n|\n|-damage|p2b: Sinistcha|61/100 brn|[from] brn\n|-damage|p1a: Back In My Day|68/100 brn|[from] brn\n|upkeep\n|turn|6\n|\n|t:|1788416110\n|switch|p2b: Incineroar|Incineroar, L50, M|100/100\n|-ability|p2b: Incineroar|Intimidate|boost\n|-unboost|p1a: Back In My Day|atk|1\n|-unboost|p1b: Break The Game|atk|1\n|move|p2a: Delphox|Protect|p2a: Delphox\n|-singleturn|p2a: Delphox|Protect\n|move|p1a: Back In My Day|Protect|p1a: Back In My Day\n|-singleturn|p1a: Back In My Day|Protect\n|move|p1b: Break The Game|Flare Blitz|p2b: Incineroar\n|-resisted|p2b: Incineroar|1\n|-damage|p2b: Incineroar|83/100\n|-damage|p1b: Break The Game|70/100|[from] Recoil\n|\n|-damage|p1a: Back In My Day|62/100 brn|[from] brn\n|upkeep\n|turn|7\n|inactive|kingsrowbajax has 30 seconds left.\n|inactive|kingsrowbajax has 20 seconds left.\n|\n|t:|1788416147\n|switch|p2b: Sinistcha|Sinistcha-Masterpiece, L50|61/100 brn\n|-heal|p2a: Delphox|57/100|[from] ability: Hospitality|[of] p2b: Sinistcha\n|switch|p1b: Spill The Tea|Sinistcha-Masterpiece, L50|100/100\n|-heal|p1a: Back In My Day|87/100 brn|[from] ability: Hospitality|[of] p1b: Spill The Tea\n|move|p2a: Delphox|Heat Wave|p1a: Back In My Day|[spread] p1a,p1b\n|-resisted|p1a: Back In My Day|1\n|-crit|p1a: Back In My Day\n|-supereffective|p1b: Spill The Tea|1\n|-enditem|p1b: Spill The Tea|Occa Berry|[eat]\n|-enditem|p1b: Spill The Tea|Occa Berry|[weaken]\n|-damage|p1a: Back In My Day|49/100 brn\n|-damage|p1b: Spill The Tea|28/100\n|-ability|p1a: Back In My Day|Berserk|boost\n|-boost|p1a: Back In My Day|spa|1\n|move|p1a: Back In My Day|Hyper Voice|p2a: Delphox|[spread] p2a\n|-immune|p2b: Sinistcha\n|-damage|p2a: Delphox|0 fnt\n|faint|p2a: Delphox\n|\n|-damage|p2b: Sinistcha|55/100 brn|[from] brn\n|-damage|p1a: Back In My Day|43/100 brn|[from] brn\n|upkeep\n|\n|t:|1788416166\n|switch|p2a: Incineroar|Incineroar, L50, M|83/100\n|-ability|p2a: Incineroar|Intimidate|boost\n|-unboost|p1a: Back In My Day|atk|1\n|-unboost|p1b: Spill The Tea|atk|1\n|turn|8\n|\n|t:|1788416178\n|switch|p1b: Break The Game|Incineroar, L50, M|70/100\n|-ability|p1b: Break The Game|Intimidate|boost\n|-unboost|p2a: Incineroar|atk|1\n|-unboost|p2b: Sinistcha|atk|1\n|move|p1a: Back In My Day|Protect|p1a: Back In My Day\n|-singleturn|p1a: Back In My Day|Protect\n|move|p2a: Incineroar|Throat Chop|p1b: Break The Game\n|-resisted|p1b: Break The Game|1\n|-damage|p1b: Break The Game|61/100\n|-start|p1b: Break The Game|Throat Chop|[silent]\n|move|p2b: Sinistcha|Matcha Gotcha|p1a: Back In My Day|[spread] p1b\n|-activate|p1a: Back In My Day|move: Protect\n|-resisted|p1b: Break The Game|1\n|-damage|p1b: Break The Game|52/100\n|-heal|p2b: Sinistcha|60/100 brn|[from] drain|[of] p1b: Break The Game\n|\n|-damage|p2b: Sinistcha|53/100 brn|[from] brn\n|-damage|p1a: Back In My Day|37/100 brn|[from] brn\n|upkeep\n|turn|9\n|-message|kingsrowbajax forfeited.\n|\n|win|NemoAK\n","uploadtime":1788416188,"views":"0","formatid":"gen9championsvgc2026regmbbo3","rating":null,"private":0,"password":null}