{"id":"gen9championsvgc2026regmbbo3-2674581044","format":"[Gen 9 Champions] VGC 2026 Reg M-B (Bo3)","players":["LordKameni","HenriqueZVGC"],"log":"|j|☆LordKameni\n|j|☆HenriqueZVGC\n|html|<table width=\"100%\"><tr><td align=\"left\">LordKameni</td><td align=\"right\">HenriqueZVGC</tr><tr><td align=\"left\"><i class=\"fa fa-circle\"></i> <i class=\"fa fa-circle-o\"></i> </td><td align=\"right\"><i class=\"fa fa-circle-o\"></i> <i class=\"fa fa-circle-o\"></i> </tr></table>\n|uhtml|bestof|<h2><strong>Game 2</strong> of <a href=\"/game-bestof3-gen9championsvgc2026regmbbo3-2674576006\">a best-of-3</a></h2>\n|t:|1788376433\n|gametype|doubles\n|player|p1|LordKameni|265|1207\n|player|p2|HenriqueZVGC|steven|1007\n|gen|9\n|tier|[Gen 9 Champions] VGC 2026 Reg M-B (Bo3)\n|rated|\n|rule|Species Clause: Limit one of each Pokémon\n|rule|Item Clause: Limit 1 of each item\n|clearpoke\n|poke|p1|Blastoise, L50, M|\n|poke|p1|Sneasler, L50, M|\n|poke|p1|Incineroar, L50, M|\n|poke|p1|Delphox, L50, M|\n|poke|p1|Sinistcha, L50|\n|poke|p1|Kingambit, L50, F|\n|poke|p2|Chandelure, L50, F|\n|poke|p2|Gyarados, L50, F|\n|poke|p2|Rotom-Mow, L50|\n|poke|p2|Clefable, L50, M|\n|poke|p2|Sneasler, L50, M|\n|poke|p2|Whimsicott, L50, F|\n|teampreview|4\n|showteam|p1|Blastoise||Blastoisinite|RainDish|ShellSmash,Protect,WaterSpout,DarkPulse|Modest||M|||50|]Sneasler||FocusSash|PoisonTouch|FakeOut,CloseCombat,PoisonJab,QuickGuard|Jolly||M|||50|]Incineroar||SitrusBerry|Intimidate|DarkestLariat,FakeOut,PartingShot,FlareBlitz|Impish||M|||50|]Delphox||Delphoxite|Blaze|Protect,Psychic,NastyPlot,HeatWave|Timid||M|||50|]Sinistcha||OccaBerry|Hospitality|Protect,MatchaGotcha,RagePowder,LifeDew|Serious|||||50|]Kingambit||BlackGlasses|Defiant|SuckerPunch,KowtowCleave,Protect,SwordsDance|Adamant||F|||50|\n|showteam|p2|Chandelure||Chandelurite|FlashFire|HeatWave,ShadowBall,TrickRoom,Protect|Modest||F|||50|]Gyarados||Gyaradosite|Intimidate|Waterfall,LashOut,DragonDance,Taunt|Jolly||F|||50|]Rotom-Mow||ChoiceScarf|Levitate|VoltSwitch,Thunderbolt,LeafStorm,HyperVoice|Modest|||||50|]Clefable||SitrusBerry|Unaware|FollowMe,Moonblast,LifeDew,ThunderWave|Bold||M|||50|]Sneasler||WhiteHerb|Unburden|FakeOut,DireClaw,CloseCombat,Protect|Adamant||M|||50|]Whimsicott||FocusSash|Prankster|Tailwind,FakeTears,Moonblast,Protect|Timid||F|||50|\n|inactive|Battle timer is ON: inactive players will automatically lose when time's up. (requested by HenriqueZVGC)\n|inactive|HenriqueZVGC has 60 seconds left.\n|\n|t:|1788376469\n|teamsize|p1|4\n|teamsize|p2|4\n|start\n|switch|p1a: Sneasler|Sneasler, L50, M|100/100\n|switch|p1b: Incineroar|Incineroar, L50, M|100/100\n|switch|p2a: Rotom|Rotom-Mow, L50|100/100\n|switch|p2b: Whimsicott|Whimsicott, L50, F|100/100\n|-ability|p1b: Incineroar|Intimidate|boost\n|-unboost|p2a: Rotom|atk|1\n|-unboost|p2b: Whimsicott|atk|1\n|turn|1\n|\n|t:|1788376490\n|switch|p2a: Chandelure|Chandelure, L50, F|100/100\n|move|p2b: Whimsicott|Protect|p2b: Whimsicott\n|-singleturn|p2b: Whimsicott|Protect\n|move|p1b: Incineroar|Fake Out|p2a: Chandelure\n|-immune|p2a: Chandelure\n|move|p1a: Sneasler|Poison Jab|p2b: Whimsicott\n|-activate|p2b: Whimsicott|move: Protect\n|\n|upkeep\n|turn|2\n|\n|t:|1788376511\n|detailschange|p2a: Chandelure|Chandelure-Mega, L50, F\n|-mega|p2a: Chandelure|Chandelure|Chandelurite\n|move|p2b: Whimsicott|Tailwind|p2b: Whimsicott\n|-sidestart|p2: HenriqueZVGC|move: Tailwind\n|move|p2a: Chandelure|Shadow Ball|p1a: Sneasler\n|-damage|p1a: Sneasler|21/100\n|move|p1a: Sneasler|Poison Jab|p2b: Whimsicott\n|-supereffective|p2b: Whimsicott|2\n|-enditem|p2b: Whimsicott|Focus Sash\n|-damage|p2b: Whimsicott|1/100\n|-status|p2b: Whimsicott|psn\n|move|p1b: Incineroar|Darkest Lariat|p2a: Chandelure\n|-supereffective|p2a: Chandelure|1\n|-damage|p2a: Chandelure|31/100\n|\n|-damage|p2b: Whimsicott|0 fnt|[from] psn\n|faint|p2b: Whimsicott\n|upkeep\n|\n|t:|1788376530\n|switch|p2b: Sneasler|Sneasler, L50, M|100/100\n|turn|3\n|\n|t:|1788376550\n|switch|p1b: Sinistcha|Sinistcha, L50|100/100\n|-heal|p1a: Sneasler|46/100|[from] ability: Hospitality|[of] p1b: Sinistcha\n|move|p2b: Sneasler|Fake Out|p1b: Sinistcha\n|-immune|p1b: Sinistcha\n|move|p2a: Chandelure|Heat Wave|p1b: Sinistcha|[spread] p1a,p1b\n|-supereffective|p1b: Sinistcha|1\n|-enditem|p1b: Sinistcha|Occa Berry|[eat]\n|-enditem|p1b: Sinistcha|Occa Berry|[weaken]\n|-damage|p1a: Sneasler|0 fnt\n|-damage|p1b: Sinistcha|40/100\n|faint|p1a: Sneasler\n|\n|upkeep\n|\n|t:|1788376570\n|switch|p1a: Incineroar|Incineroar, L50, M|100/100\n|-ability|p1a: Incineroar|Intimidate|boost\n|-unboost|p2a: Chandelure|atk|1\n|-unboost|p2b: Sneasler|atk|1\n|-enditem|p2b: Sneasler|White Herb\n|-clearnegativeboost|p2b: Sneasler|[silent]\n|turn|4\n|inactive|HenriqueZVGC has 30 seconds left.\n|\n|t:|1788376607\n|move|p1b: Sinistcha|Protect|p1b: Sinistcha\n|-singleturn|p1b: Sinistcha|Protect\n|move|p2b: Sneasler|Close Combat|p1a: Incineroar\n|-supereffective|p1a: Incineroar|1\n|-crit|p1a: Incineroar\n|-damage|p1a: Incineroar|0 fnt\n|-unboost|p2b: Sneasler|def|1\n|-unboost|p2b: Sneasler|spd|1\n|faint|p1a: Incineroar\n|move|p2a: Chandelure|Shadow Ball|p1b: Sinistcha\n|-activate|p1b: Sinistcha|move: Protect\n|\n|upkeep\n|\n|t:|1788376619\n|switch|p1a: Delphox|Delphox, L50, M|100/100\n|turn|5\n|\n|t:|1788376643\n|detailschange|p1a: Delphox|Delphox-Mega, L50, M\n|-mega|p1a: Delphox|Delphox|Delphoxite\n|move|p1a: Delphox|Protect|p1a: Delphox\n|-singleturn|p1a: Delphox|Protect\n|move|p2b: Sneasler|Dire Claw|p1b: Sinistcha\n|-damage|p1b: Sinistcha|2/100\n|-status|p1b: Sinistcha|par\n|move|p1b: Sinistcha|Matcha Gotcha|p2a: Chandelure|[spread] p2b\n|-miss|p1b: Sinistcha|p2a: Chandelure\n|-resisted|p2b: Sneasler|1\n|-damage|p2b: Sneasler|74/100\n|-heal|p1b: Sinistcha|16/100 par|[from] drain|[of] p2b: Sneasler\n|move|p2a: Chandelure|Trick Room|p2a: Chandelure\n|-fieldstart|move: Trick Room|[of] p2a: Chandelure\n|\n|-sideend|p2: HenriqueZVGC|move: Tailwind\n|upkeep\n|turn|6\n|inactive|LordKameni has 30 seconds left.\n|inactive|HenriqueZVGC has 30 seconds left.\n|inactive|LordKameni has 20 seconds left.\n|inactive|HenriqueZVGC has 20 seconds left.\n|inactive|LordKameni has 15 seconds left.\n|inactive|LordKameni has 10 seconds left.\n|\n|t:|1788376689\n|move|p1b: Sinistcha|Rage Powder|p1b: Sinistcha\n|-singleturn|p1b: Sinistcha|move: Rage Powder\n|move|p2a: Chandelure|Shadow Ball|p1b: Sinistcha\n|-supereffective|p1b: Sinistcha|1\n|-damage|p1b: Sinistcha|0 fnt\n|faint|p1b: Sinistcha\n|move|p1a: Delphox|Psychic|p2a: Chandelure\n|-damage|p2a: Chandelure|0 fnt\n|faint|p2a: Chandelure\n|move|p2b: Sneasler|Dire Claw|p1a: Delphox\n|-damage|p1a: Delphox|40/100\n|-status|p1a: Delphox|psn\n|\n|-damage|p1a: Delphox|27/100 psn|[from] psn\n|upkeep\n|\n|t:|1788376705\n|switch|p2a: Rotom|Rotom-Mow, L50|100/100\n|turn|7\n|\n|t:|1788376718\n|move|p2b: Sneasler|Protect|p2b: Sneasler\n|-singleturn|p2b: Sneasler|Protect\n|move|p2a: Rotom|Thunderbolt|p1a: Delphox\n|-damage|p1a: Delphox|0 fnt\n|faint|p1a: Delphox\n|\n|win|HenriqueZVGC\n||HenriqueZVGC is ready for game 3.\n||LordKameni is ready for game 3.\n|uhtml|next|Next: <a href=\"/battle-gen9championsvgc2026regmbbo3-2674583541\"><strong>Game 3 of 3</strong></a>\n","uploadtime":1788377124,"views":"4","formatid":"gen9championsvgc2026regmbbo3","rating":null,"private":0,"password":null}