{"id":"gen9championsvgc2026regmb-2674990177","format":"[Gen 9 Champions] VGC 2026 Reg M-B","players":["RedVersion643","pitufo volador"],"log":"|j|☆RedVersion643\n|j|☆pitufo volador\n|t:|1788445983\n|gametype|doubles\n|player|p1|RedVersion643|blue-masters2|1364\n|player|p2|pitufo volador|medium|1274\n|gen|9\n|tier|[Gen 9 Champions] VGC 2026 Reg M-B\n|rated|\n|rule|Species Clause: Limit one of each Pokémon\n|rule|Item Clause: Limit 1 of each item\n|clearpoke\n|poke|p1|Charizard, L50, F|\n|poke|p1|Venusaur, L50, M|\n|poke|p1|Whimsicott, L50, M|\n|poke|p1|Farigiraf, L50, F|\n|poke|p1|Sylveon, L50, F|\n|poke|p1|Lycanroc-Dusk, L50, M|\n|poke|p2|Garchomp, L50, F|\n|poke|p2|Sylveon, L50, F|\n|poke|p2|Farigiraf, L50, M|\n|poke|p2|Aerodactyl, L50, M|\n|poke|p2|Kingambit, L50, F|\n|poke|p2|Charizard, L50, M|\n|teampreview|4\n|inactive|Battle timer is ON: inactive players will automatically lose when time's up. (requested by pitufo volador)\n|inactive|RedVersion643 also wants the timer to be on.\n|\n|t:|1788446000\n|teamsize|p1|4\n|teamsize|p2|4\n|start\n|switch|p1a: My Own Worst Enemy|Farigiraf, L50, F|100/100\n|switch|p1b: Morning Glory|Sylveon, L50, F|100/100\n|switch|p2a: Farigiraf|Farigiraf, L50, M|100/100\n|switch|p2b: Aerodactyl|Aerodactyl, L50, M|100/100\n|-ability|p2b: Aerodactyl|Unnerve\n|turn|1\n|\n|t:|1788446024\n|detailschange|p2b: Aerodactyl|Aerodactyl-Mega, L50, M\n|-mega|p2b: Aerodactyl|Aerodactyl|Aerodactylite\n|move|p2a: Farigiraf|Helping Hand|p2b: Aerodactyl\n|-singleturn|p2b: Aerodactyl|Helping Hand|[of] p2a: Farigiraf\n|move|p2b: Aerodactyl|Dual Wingbeat|p1b: Morning Glory\n|-damage|p1b: Morning Glory|44/100\n|-damage|p1b: Morning Glory|0 fnt\n|faint|p1b: Morning Glory\n|-hitcount|p1: Morning Glory|2\n|move|p1a: My Own Worst Enemy|Trick Room|p1a: My Own Worst Enemy\n|-fieldstart|move: Trick Room|[of] p1a: My Own Worst Enemy\n|\n|upkeep\n|\n|t:|1788446038\n|switch|p1b: Supersonic|Lycanroc-Dusk, L50, M|100/100\n|turn|2\n|\n|t:|1788446048\n|switch|p2b: Garchomp|Garchomp, L50, F|100/100\n|move|p2a: Farigiraf|Thunderbolt|p1b: Supersonic\n|-damage|p1b: Supersonic|50/100g\n|move|p1a: My Own Worst Enemy|Dazzling Gleam|p2a: Farigiraf|[spread] p2a,p2b\n|-supereffective|p2b: Garchomp|1\n|-damage|p2a: Farigiraf|84/100\n|-damage|p2b: Garchomp|66/100\n|move|p1b: Supersonic|Rock Slide|p2a: Farigiraf|[spread] p2a,p2b\n|-resisted|p2b: Garchomp|1\n|-damage|p2a: Farigiraf|51/100\n|-damage|p2b: Garchomp|50/100g\n|\n|upkeep\n|turn|3\n|inactive|pitufo volador has 30 seconds left.\n|\n|t:|1788446083\n|move|p2b: Garchomp|Protect|p2b: Garchomp\n|-singleturn|p2b: Garchomp|Protect\n|move|p1a: My Own Worst Enemy|Dazzling Gleam|p2a: Farigiraf|[spread] p2a\n|-activate|p2b: Garchomp|move: Protect\n|-damage|p2a: Farigiraf|36/100\n|-enditem|p2a: Farigiraf|Sitrus Berry|[eat]\n|-heal|p2a: Farigiraf|61/100|[from] item: Sitrus Berry\n|move|p1b: Supersonic|Rock Slide|p2a: Farigiraf|[spread] p2a\n|-activate|p2b: Garchomp|move: Protect\n|-damage|p2a: Farigiraf|25/100\n|move|p2a: Farigiraf|Trick Room|p2a: Farigiraf\n|-fieldend|move: Trick Room\n|\n|upkeep\n|turn|4\n|\n|t:|1788446100\n|move|p2a: Farigiraf|Helping Hand|p2b: Garchomp\n|-singleturn|p2b: Garchomp|Helping Hand|[of] p2a: Farigiraf\n|move|p1b: Supersonic|Rock Slide|p2b: Garchomp|[spread] p2a,p2b\n|-resisted|p2b: Garchomp|1\n|-damage|p2a: Farigiraf|0 fnt\n|-damage|p2b: Garchomp|34/100\n|faint|p2a: Farigiraf\n|cant|p2b: Garchomp|flinch\n|move|p1a: My Own Worst Enemy|Dazzling Gleam|p2b: Garchomp\n|-supereffective|p2b: Garchomp|1\n|-damage|p2b: Garchomp|0 fnt\n|faint|p2b: Garchomp\n|\n|upkeep\n|\n|t:|1788446108\n|switch|p2b: Sylveon|Sylveon, L50, F|100/100\n|switch|p2a: Aerodactyl|Aerodactyl-Mega, L50, M|100/100\n|turn|5\n|\n|t:|1788446120\n|move|p1b: Supersonic|Accelerock|p2a: Aerodactyl\n|-supereffective|p2a: Aerodactyl|1\n|-damage|p2a: Aerodactyl|14/100\n|move|p2a: Aerodactyl|Rock Slide|p1a: My Own Worst Enemy|[spread] p1b\n|-miss|p2a: Aerodactyl|p1a: My Own Worst Enemy\n|-damage|p1b: Supersonic|1/100\n|move|p1a: My Own Worst Enemy|Twin Beam|p2b: Sylveon\n|-damage|p2b: Sylveon|90/100\n|-damage|p2b: Sylveon|81/100\n|-hitcount|p2b: Sylveon|2\n|move|p2b: Sylveon|Hyper Voice|p1a: My Own Worst Enemy|[spread] p1a,p1b\n|-damage|p1a: My Own Worst Enemy|75/100\n|-damage|p1b: Supersonic|0 fnt\n|faint|p1b: Supersonic\n|\n|upkeep\n|\n|t:|1788446136\n|switch|p1b: Teen Spirit|Charizard, L50, F|100/100\n|turn|6\n|\n|t:|1788446144\n|detailschange|p1b: Teen Spirit|Charizard-Mega-Y, L50, F\n|-mega|p1b: Teen Spirit|Charizard|Charizardite Y\n|-weather|SunnyDay|[from] ability: Drought|[of] p1b: Teen Spirit\n|move|p1b: Teen Spirit|Protect|p1b: Teen Spirit\n|-singleturn|p1b: Teen Spirit|Protect\n|move|p2a: Aerodactyl|Rock Slide|p1b: Teen Spirit|[spread] p1a\n|-activate|p1b: Teen Spirit|move: Protect\n|-damage|p1a: My Own Worst Enemy|45/100\n|-enditem|p1a: My Own Worst Enemy|Sitrus Berry|[eat]\n|-heal|p1a: My Own Worst Enemy|70/100|[from] item: Sitrus Berry\n|move|p1a: My Own Worst Enemy|Dazzling Gleam|p2b: Sylveon|[spread] p2a,p2b\n|-damage|p2a: Aerodactyl|0 fnt\n|-damage|p2b: Sylveon|73/100\n|faint|p2a: Aerodactyl\n|move|p2b: Sylveon|Yawn|p1a: My Own Worst Enemy\n|-start|p1a: My Own Worst Enemy|move: Yawn|[of] p2b: Sylveon\n|\n|-weather|SunnyDay|[upkeep]\n|upkeep\n|turn|7\n|\n|t:|1788446161\n|move|p2b: Sylveon|Protect|p2b: Sylveon\n|-singleturn|p2b: Sylveon|Protect\n|move|p1b: Teen Spirit|Heat Wave|p2b: Sylveon\n|-activate|p2b: Sylveon|move: Protect\n|move|p1a: My Own Worst Enemy|Twin Beam|p2b: Sylveon\n|-activate|p2b: Sylveon|move: Protect\n|\n|-weather|SunnyDay|[upkeep]\n|-end|p1a: My Own Worst Enemy|move: Yawn|[silent]\n|-status|p1a: My Own Worst Enemy|slp\n|upkeep\n|turn|8\n|\n|t:|1788446173\n|move|p1b: Teen Spirit|Heat Wave|p2b: Sylveon\n|-damage|p2b: Sylveon|28/100\n|cant|p1a: My Own Worst Enemy|slp\n|move|p2b: Sylveon|Hyper Voice|p1b: Teen Spirit|[spread] p1a,p1b\n|-resisted|p1b: Teen Spirit|1\n|-damage|p1a: My Own Worst Enemy|43/100 slp\n|-damage|p1b: Teen Spirit|82/100\n|\n|-weather|SunnyDay|[upkeep]\n|upkeep\n|turn|9\n|-message|pitufo volador forfeited.\n|\n|win|RedVersion643\n|raw|RedVersion643's rating: 1364 &rarr; <strong>1379</strong><br />(+15 for winning)\n|raw|pitufo volador's rating: 1274 &rarr; <strong>1255</strong><br />(-19 for losing)\n|l|☆pitufo volador\n|player|p2|\n","uploadtime":1788446184,"views":"0","formatid":"gen9championsvgc2026regmb","rating":1255,"private":0,"password":null}