{"id":"gen9championsvgc2026regmb-2674348762","format":"[Gen 9 Champions] VGC 2026 Reg M-B","players":["chitominchia","Shockey7"],"log":"|j|☆chitominchia\n|j|☆Shockey7\n|t:|1788346446\n|gametype|doubles\n|player|p1|chitominchia|hiker-gen4|1705\n|player|p2|Shockey7|266|1829\n|gen|9\n|tier|[Gen 9 Champions] VGC 2026 Reg M-B\n|rated|\n|rule|Species Clause: Limit one of each Pokémon\n|rule|Item Clause: Limit 1 of each item\n|clearpoke\n|poke|p1|Incineroar, L50, M|\n|poke|p1|Sinistcha-Masterpiece, L50|\n|poke|p1|Gholdengo, L50|\n|poke|p1|Tyranitar, L50, F|\n|poke|p1|Excadrill, L50, F|\n|poke|p1|Whimsicott, L50, M|\n|poke|p2|Banette, L50, F|\n|poke|p2|Sneasler, L50, M|\n|poke|p2|Basculegion, L50, M|\n|poke|p2|Kingambit, L50, M|\n|poke|p2|Sylveon, L50, M|\n|poke|p2|Incineroar, L50, M|\n|teampreview|4\n|inactive|Battle timer is ON: inactive players will automatically lose when time's up. (requested by chitominchia)\n|inactive|chitominchia has 60 seconds left.\n|inactive|Shockey7 has 60 seconds left.\n|\n|t:|1788346486\n|teamsize|p1|4\n|teamsize|p2|4\n|start\n|switch|p1a: Gholdengo|Gholdengo, L50|100/100\n|switch|p1b: Whimsicott|Whimsicott, L50, M|100/100\n|switch|p2a: Banette|Banette, L50, F|100/100\n|switch|p2b: Sneasler|Sneasler, L50, M|100/100\n|-item|p1a: Gholdengo|Metal Coat|[from] ability: Frisk|[of] p2a: Banette\n|-item|p1b: Whimsicott|Occa Berry|[from] ability: Frisk|[of] p2a: Banette\n|turn|1\n|\n|t:|1788346497\n|switch|p1a: Tyranitar|Tyranitar, L50, F|100/100\n|-weather|Sandstorm|[from] ability: Sand Stream|[of] p1a: Tyranitar\n|detailschange|p2a: Banette|Banette-Mega, L50, F\n|-mega|p2a: Banette|Banette|Banettite\n|move|p1b: Whimsicott|Protect|p1b: Whimsicott\n|-singleturn|p1b: Whimsicott|Protect\n|move|p2a: Banette|Swagger|p2b: Sneasler\n|-boost|p2b: Sneasler|atk|2\n|-start|p2b: Sneasler|confusion\n|-enditem|p2b: Sneasler|Lum Berry|[eat]\n|-end|p2b: Sneasler|confusion\n|move|p2b: Sneasler|Throat Chop|p1a: Tyranitar\n|-resisted|p1a: Tyranitar|1\n|-damage|p1a: Tyranitar|78/100\n|-start|p1a: Tyranitar|Throat Chop|[silent]\n|\n|-weather|Sandstorm|[upkeep]\n|-damage|p2b: Sneasler|94/100|[from] Sandstorm\n|-damage|p1b: Whimsicott|94/100|[from] Sandstorm\n|-damage|p2a: Banette|94/100|[from] Sandstorm\n|upkeep\n|turn|2\n|\n|t:|1788346515\n|detailschange|p1a: Tyranitar|Tyranitar-Mega, L50, F\n|-mega|p1a: Tyranitar|Tyranitar|Tyranitarite\n|move|p2b: Sneasler|Protect|p2b: Sneasler\n|-singleturn|p2b: Sneasler|Protect\n|move|p1b: Whimsicott|Encore|p2b: Sneasler\n|-activate|p2b: Sneasler|move: Protect\n|move|p1a: Tyranitar|Knock Off|p2a: Banette\n|-supereffective|p2a: Banette|1\n|-damage|p2a: Banette|19/100\n|move|p2a: Banette|Poltergeist|p1b: Whimsicott\n|-activate|p1b: Whimsicott|move: Poltergeist|Occa Berry\n|-damage|p1b: Whimsicott|40/100\n|\n|-weather|Sandstorm|[upkeep]\n|-damage|p2b: Sneasler|88/100|[from] Sandstorm\n|-damage|p1b: Whimsicott|34/100|[from] Sandstorm\n|-damage|p2a: Banette|13/100|[from] Sandstorm\n|-end|p1a: Tyranitar|Throat Chop|[silent]\n|upkeep\n|turn|3\n|\n|t:|1788346530\n|move|p1b: Whimsicott|Encore|p2b: Sneasler\n|-start|p2b: Sneasler|Encore\n|move|p2b: Sneasler|Protect||[still]\n|-fail|p2b: Sneasler\n|move|p2a: Banette|Destiny Bond|p2a: Banette\n|-singlemove|p2a: Banette|Destiny Bond\n|move|p1a: Tyranitar|Rock Slide|p2a: Banette|[spread] p2a,p2b\n|-resisted|p2b: Sneasler|1\n|-damage|p2a: Banette|0 fnt\n|-damage|p2b: Sneasler|58/100\n|faint|p2a: Banette\n|-activate|p2a: Banette|move: Destiny Bond\n|faint|p1a: Tyranitar\n|\n|-weather|Sandstorm|[upkeep]\n|-damage|p2b: Sneasler|52/100|[from] Sandstorm\n|-damage|p1b: Whimsicott|28/100|[from] Sandstorm\n|upkeep\n|\n|t:|1788346539\n|switch|p1a: Excadrill|Excadrill, L50, F|100/100\n|switch|p2a: Incineroar|Incineroar, L50, M|100/100\n|-ability|p2a: Incineroar|Intimidate|boost\n|-unboost|p1a: Excadrill|atk|1\n|-unboost|p1b: Whimsicott|atk|1\n|turn|4\n|\n|t:|1788346562\n|switch|p1a: Gholdengo|Gholdengo, L50|100/100\n|move|p2b: Sneasler|Protect|p2b: Sneasler\n|-singleturn|p2b: Sneasler|Protect\n|move|p2a: Incineroar|Fake Out|p1a: Gholdengo\n|-immune|p1a: Gholdengo\n|move|p1b: Whimsicott|Moonblast|p2a: Incineroar\n|-damage|p2a: Incineroar|69/100\n|\n|-weather|Sandstorm|[upkeep]\n|-damage|p2b: Sneasler|47/100|[from] Sandstorm\n|-damage|p1b: Whimsicott|22/100|[from] Sandstorm\n|-damage|p2a: Incineroar|63/100|[from] Sandstorm\n|upkeep\n|turn|5\n|\n|t:|1788346580\n|move|p2b: Sneasler|Protect|p2b: Sneasler\n|-singleturn|p2b: Sneasler|Protect\n|move|p2a: Incineroar|Protect|p2a: Incineroar\n|-singleturn|p2a: Incineroar|Protect\n|move|p1b: Whimsicott|Tailwind|p1b: Whimsicott\n|-sidestart|p1: chitominchia|move: Tailwind\n|move|p1a: Gholdengo|Nasty Plot|p1a: Gholdengo\n|-boost|p1a: Gholdengo|spa|2\n|\n|-weather|none\n|-end|p2b: Sneasler|Encore\n|upkeep\n|turn|6\n|\n|t:|1788346600\n|move|p1b: Whimsicott|Encore|p2b: Sneasler\n|-start|p2b: Sneasler|Encore\n|move|p2b: Sneasler|Protect||[still]\n|-fail|p2b: Sneasler\n|move|p1a: Gholdengo|Make It Rain|p2b: Sneasler|[spread] p2b\n|-miss|p1a: Gholdengo|p2a: Incineroar\n|-damage|p2b: Sneasler|0 fnt\n|-unboost|p1a: Gholdengo|spa|2\n|faint|p2b: Sneasler\n|move|p2a: Incineroar|Flare Blitz|p1a: Gholdengo\n|-supereffective|p1a: Gholdengo|1\n|-damage|p1a: Gholdengo|0 fnt\n|faint|p1a: Gholdengo\n|-damage|p2a: Incineroar|27/100|[from] Recoil\n|\n|upkeep\n|\n|t:|1788346607\n|switch|p2b: Basculegion|Basculegion, L50, M|100/100\n|switch|p1a: Excadrill|Excadrill, L50, F|100/100\n|turn|7\n|j| maxaugcha\n|\n|t:|1788346622\n|move|p2b: Basculegion|Aqua Jet|p1a: Excadrill\n|-supereffective|p1a: Excadrill|1\n|-damage|p1a: Excadrill|26/100\n|move|p1a: Excadrill|Iron Head|p2b: Basculegion\n|-resisted|p2b: Basculegion|1\n|-damage|p2b: Basculegion|67/100\n|move|p1b: Whimsicott|Moonblast|p2b: Basculegion\n|-damage|p2b: Basculegion|36/100\n|move|p2a: Incineroar|Flare Blitz|p1b: Whimsicott\n|-supereffective|p1b: Whimsicott|1\n|-enditem|p1b: Whimsicott|Occa Berry|[eat]\n|-enditem|p1b: Whimsicott|Occa Berry|[weaken]\n|-damage|p1b: Whimsicott|0 fnt\n|faint|p1b: Whimsicott\n|-damage|p2a: Incineroar|20/100y|[from] Recoil\n|\n|upkeep\n|turn|8\n|-message|chitominchia forfeited.\n|\n|win|Shockey7\n|raw|chitominchia's rating: 1705 &rarr; <strong>1692</strong><br />(-13 for losing)\n|raw|Shockey7's rating: 1829 &rarr; <strong>1842</strong><br />(+13 for winning)\n|l|☆chitominchia\n|player|p1|\n|l| maxaugcha\n","uploadtime":1788346640,"views":"3","formatid":"gen9championsvgc2026regmb","rating":1692,"private":0,"password":null}