{"id":"gen9championsvgc2026regmb-2674743322","format":"[Gen 9 Champions] VGC 2026 Reg M-B","players":["TheThrivingCrooner","blueplaidshirtboy"],"log":"|j|☆TheThrivingCrooner\n|j|☆blueplaidshirtboy\n|t:|1788399279\n|gametype|doubles\n|player|p1|TheThrivingCrooner|170|1171\n|player|p2|blueplaidshirtboy|nate|1077\n|gen|9\n|tier|[Gen 9 Champions] VGC 2026 Reg M-B\n|rated|\n|rule|Species Clause: Limit one of each Pokémon\n|rule|Item Clause: Limit 1 of each item\n|clearpoke\n|poke|p1|Skarmory, L50, M|\n|poke|p1|Sinistcha, L50|\n|poke|p1|Incineroar, L50, F|\n|poke|p1|Delphox, L50, M|\n|poke|p1|Kingambit, L50, M|\n|poke|p1|Tsareena, L50, F|\n|poke|p2|Talonflame, L50, F|\n|poke|p2|Corviknight, L50, F|\n|poke|p2|Vivillon, L50, F|\n|poke|p2|Staraptor, L50, M|\n|poke|p2|Rotom-Fan, L50|\n|poke|p2|Emolga, L50, F|\n|teampreview|4\n|inactive|Battle timer is ON: inactive players will automatically lose when time's up. (requested by blueplaidshirtboy)\n|\n|t:|1788399299\n|teamsize|p1|4\n|teamsize|p2|4\n|start\n|switch|p1a: Skarmory|Skarmory, L50, M|100/100\n|switch|p1b: Sinistcha|Sinistcha, L50|100/100\n|switch|p2a: Chick DIVA|Talonflame, L50, F|100/100\n|switch|p2b: Elvis Staraptor|Staraptor, L50, M|100/100\n|-ability|p2b: Elvis Staraptor|Intimidate|boost\n|-unboost|p1a: Skarmory|atk|1\n|-unboost|p1b: Sinistcha|atk|1\n|turn|1\n|\n|t:|1788399324\n|detailschange|p2b: Elvis Staraptor|Staraptor-Mega, L50, M\n|-mega|p2b: Elvis Staraptor|Staraptor|Staraptite\n|detailschange|p1a: Skarmory|Skarmory-Mega, L50, M\n|-mega|p1a: Skarmory|Skarmory|Skarmorite\n|move|p2a: Chick DIVA|Heat Wave|p1a: Skarmory|[spread] p1a\n|-miss|p2a: Chick DIVA|p1b: Sinistcha\n|-supereffective|p1a: Skarmory|1\n|-damage|p1a: Skarmory|47/100\n|move|p2b: Elvis Staraptor|Dual Wingbeat|p1b: Sinistcha\n|-supereffective|p1b: Sinistcha|1\n|-damage|p1b: Sinistcha|62/100\n|-supereffective|p1b: Sinistcha|1\n|-damage|p1b: Sinistcha|25/100\n|-hitcount|p1b: Sinistcha|2\n|move|p1a: Skarmory|Rock Slide|p2b: Elvis Staraptor|[spread] p2a,p2b\n|-supereffective|p2a: Chick DIVA|2\n|-enditem|p2a: Chick DIVA|Charti Berry|[eat]\n|-enditem|p2a: Chick DIVA|Charti Berry|[weaken]\n|-damage|p2a: Chick DIVA|54/100\n|-damage|p2b: Elvis Staraptor|81/100\n|move|p1b: Sinistcha|Trick Room|p1b: Sinistcha\n|-fieldstart|move: Trick Room|[of] p1b: Sinistcha\n|\n|upkeep\n|turn|2\n|inactive|TheThrivingCrooner has 30 seconds left.\n|inactive|blueplaidshirtboy has 30 seconds left.\n|\n|t:|1788399355\n|move|p1b: Sinistcha|Rage Powder|p1b: Sinistcha\n|-singleturn|p1b: Sinistcha|move: Rage Powder\n|move|p1a: Skarmory|Brave Bird|p2b: Elvis Staraptor\n|-supereffective|p2b: Elvis Staraptor|1\n|-damage|p2b: Elvis Staraptor|0 fnt\n|faint|p2b: Elvis Staraptor\n|-damage|p1a: Skarmory|16/100|[from] Recoil\n|move|p2a: Chick DIVA|Heat Wave|p1b: Sinistcha|[spread] p1a,p1b\n|-supereffective|p1a: Skarmory|1\n|-supereffective|p1b: Sinistcha|1\n|-damage|p1a: Skarmory|0 fnt\n|-damage|p1b: Sinistcha|0 fnt\n|faint|p1a: Skarmory\n|faint|p1b: Sinistcha\n|\n|upkeep\n|\n|t:|1788399369\n|switch|p1b: Kingambit|Kingambit, L50, M|100/100\n|switch|p1a: Incineroar|Incineroar, L50, F|100/100\n|switch|p2b: Corvid69|Corviknight, L50, F|100/100\n|-ability|p1a: Incineroar|Intimidate|boost\n|-unboost|p2a: Chick DIVA|atk|1\n|-ability|p2b: Corvid69|Mirror Armor\n|-unboost|p1a: Incineroar|atk|1\n|turn|3\n|\n|t:|1788399381\n|move|p1b: Kingambit|Protect|p1b: Kingambit\n|-singleturn|p1b: Kingambit|Protect\n|move|p1a: Incineroar|Flare Blitz|p2b: Corvid69\n|-supereffective|p2b: Corvid69|1\n|-damage|p2b: Corvid69|52/100\n|-status|p2b: Corvid69|brn\n|-damage|p1a: Incineroar|82/100|[from] Recoil\n|move|p2b: Corvid69|Iron Defense|p2b: Corvid69\n|-boost|p2b: Corvid69|def|2\n|move|p2a: Chick DIVA|Feather Dance|p1a: Incineroar\n|-unboost|p1a: Incineroar|atk|2\n|\n|-heal|p2b: Corvid69|58/100 brn|[from] item: Leftovers\n|-damage|p2b: Corvid69|52/100 brn|[from] brn\n|upkeep\n|turn|4\n|c|☆blueplaidshirtboy|oh goddamnit\n|\n|t:|1788399399\n|move|p1b: Kingambit|Kowtow Cleave|p2a: Chick DIVA\n|-damage|p2a: Chick DIVA|0 fnt\n|faint|p2a: Chick DIVA\n|-damage|p1b: Kingambit|90/100|[from] item: Life Orb\n|move|p1a: Incineroar|Flare Blitz|p2b: Corvid69\n|-supereffective|p2b: Corvid69|1\n|-damage|p2b: Corvid69|37/100 brn\n|-damage|p1a: Incineroar|76/100|[from] Recoil\n|move|p2b: Corvid69|Roost|p2b: Corvid69\n|-heal|p2b: Corvid69|87/100 brn\n|-singleturn|p2b: Corvid69|move: Roost\n|\n|-heal|p2b: Corvid69|93/100 brn|[from] item: Leftovers\n|-damage|p2b: Corvid69|87/100 brn|[from] brn\n|upkeep\n|\n|t:|1788399406\n|switch|p2a: COCAllon|Vivillon, L50, F|100/100\n|turn|5\n|c|☆blueplaidshirtboy|corvid i trust u sis\n|inactive|TheThrivingCrooner has 30 seconds left.\n|inactive|TheThrivingCrooner has 20 seconds left.\n|inactive|TheThrivingCrooner has 15 seconds left.\n|inactive|TheThrivingCrooner has 10 seconds left.\n|inactive|TheThrivingCrooner has 5 seconds left.\n|\n|t:|1788399461\n|move|p2a: COCAllon|Protect|p2a: COCAllon\n|-singleturn|p2a: COCAllon|Protect\n|move|p1b: Kingambit|Kowtow Cleave|p2a: COCAllon\n|-activate|p2a: COCAllon|move: Protect\n|move|p1a: Incineroar|Flare Blitz|p2b: Corvid69\n|-supereffective|p2b: Corvid69|1\n|-damage|p2b: Corvid69|70/100 brn\n|-damage|p1a: Incineroar|70/100|[from] Recoil\n|move|p2b: Corvid69|Iron Defense|p2b: Corvid69\n|-boost|p2b: Corvid69|def|2\n|\n|-heal|p2b: Corvid69|76/100 brn|[from] item: Leftovers\n|-damage|p2b: Corvid69|70/100 brn|[from] brn\n|-fieldend|move: Trick Room\n|upkeep\n|turn|6\n|inactive|TheThrivingCrooner has 30 seconds left.\n|inactive|blueplaidshirtboy has 30 seconds left.\n|inactive|TheThrivingCrooner has 20 seconds left.\n|inactive|TheThrivingCrooner has 15 seconds left.\n|inactive|TheThrivingCrooner has 10 seconds left.\n|inactive|TheThrivingCrooner has 5 seconds left.\n|\n|t:|1788399516\n|move|p2a: COCAllon|Sleep Powder|p1a: Incineroar\n|-status|p1a: Incineroar|slp|[from] move: Sleep Powder\n|move|p2b: Corvid69|Iron Defense|p2b: Corvid69\n|-boost|p2b: Corvid69|def|2\n|cant|p1a: Incineroar|slp\n|move|p1b: Kingambit|Kowtow Cleave|p2b: Corvid69\n|-damage|p2b: Corvid69|56/100 brn\n|-damage|p1b: Kingambit|80/100|[from] item: Life Orb\n|\n|-heal|p2b: Corvid69|61/100 brn|[from] item: Leftovers\n|-damage|p2b: Corvid69|56/100 brn|[from] brn\n|upkeep\n|turn|7\n|inactive|TheThrivingCrooner has 30 seconds left.\n|inactive|blueplaidshirtboy has 30 seconds left.\n|inactive|TheThrivingCrooner has 20 seconds left.\n|inactive|blueplaidshirtboy has 20 seconds left.\n|inactive|TheThrivingCrooner has 15 seconds left.\n|inactive|blueplaidshirtboy has 15 seconds left.\n|inactive|TheThrivingCrooner has 10 seconds left.\n|inactive|TheThrivingCrooner has 5 seconds left.\n|\n|t:|1788399571\n|move|p2a: COCAllon|Quiver Dance|p2a: COCAllon\n|-boost|p2a: COCAllon|spa|1\n|-boost|p2a: COCAllon|spd|1\n|-boost|p2a: COCAllon|spe|1\n|move|p2b: Corvid69|Body Press|p1a: Incineroar\n|-supereffective|p1a: Incineroar|1\n|-damage|p1a: Incineroar|4/100 slp\n|-enditem|p1a: Incineroar|Sitrus Berry|[eat]\n|-heal|p1a: Incineroar|29/100 slp|[from] item: Sitrus Berry\n|cant|p1a: Incineroar|slp\n|move|p1b: Kingambit|Kowtow Cleave|p2b: Corvid69\n|-damage|p2b: Corvid69|42/100 brn\n|-damage|p1b: Kingambit|71/100|[from] item: Life Orb\n|\n|-heal|p2b: Corvid69|48/100 brn|[from] item: Leftovers\n|-damage|p2b: Corvid69|42/100 brn|[from] brn\n|upkeep\n|turn|8\n|c|☆blueplaidshirtboy|chile\n|inactive|TheThrivingCrooner has 30 seconds left.\n|inactive|TheThrivingCrooner has 20 seconds left.\n|inactive|TheThrivingCrooner has 15 seconds left.\n|inactive|TheThrivingCrooner has 10 seconds left.\n|inactive|TheThrivingCrooner has 5 seconds left.\n|\n|t:|1788399626\n|move|p2a: COCAllon|Protect|p2a: COCAllon\n|-singleturn|p2a: COCAllon|Protect\n|move|p2b: Corvid69|Roost|p2b: Corvid69\n|-heal|p2b: Corvid69|93/100 brn\n|-singleturn|p2b: Corvid69|move: Roost\n|-curestatus|p1a: Incineroar|slp|[msg]\n|move|p1a: Incineroar|Flare Blitz|p2a: COCAllon\n|-activate|p2a: COCAllon|move: Protect\n|move|p1b: Kingambit|Kowtow Cleave|p2b: Corvid69\n|-damage|p2b: Corvid69|80/100 brn\n|-damage|p1b: Kingambit|61/100|[from] item: Life Orb\n|\n|-heal|p2b: Corvid69|86/100 brn|[from] item: Leftovers\n|-damage|p2b: Corvid69|80/100 brn|[from] brn\n|upkeep\n|turn|9\n|inactive|TheThrivingCrooner has 30 seconds left.\n|inactive|TheThrivingCrooner has 20 seconds left.\n|inactive|TheThrivingCrooner has 15 seconds left.\n|inactive|TheThrivingCrooner has 10 seconds left.\n|inactive|TheThrivingCrooner has 5 seconds left.\n|\n|t:|1788399681\n|move|p2a: COCAllon|Energy Ball|p1a: Incineroar\n|-resisted|p1a: Incineroar|1\n|-damage|p1a: Incineroar|12/100\n|move|p2b: Corvid69|Body Press|p1a: Incineroar\n|-supereffective|p1a: Incineroar|1\n|-damage|p1a: Incineroar|0 fnt\n|faint|p1a: Incineroar\n|move|p1b: Kingambit|Kowtow Cleave|p2a: COCAllon\n|-enditem|p2a: COCAllon|Focus Sash\n|-damage|p2a: COCAllon|1/100\n|-damage|p1b: Kingambit|51/100|[from] item: Life Orb\n|\n|-heal|p2b: Corvid69|86/100 brn|[from] item: Leftovers\n|-damage|p2b: Corvid69|80/100 brn|[from] brn\n|upkeep\n|turn|10\n|inactive|TheThrivingCrooner has 30 seconds left.\n|inactive|TheThrivingCrooner has 20 seconds left.\n|inactive|TheThrivingCrooner has 15 seconds left.\n|inactive|TheThrivingCrooner has 10 seconds left.\n|inactive|TheThrivingCrooner has 5 seconds left.\n|\n|t:|1788399736\n|move|p2a: COCAllon|Sleep Powder|p1b: Kingambit\n|-status|p1b: Kingambit|slp|[from] move: Sleep Powder\n|move|p2b: Corvid69|Body Press|p1b: Kingambit\n|-supereffective|p1b: Kingambit|2\n|-damage|p1b: Kingambit|0 fnt\n|faint|p1b: Kingambit\n|\n|win|blueplaidshirtboy\n|raw|TheThrivingCrooner's rating: 1130 &rarr; <strong>1101</strong><br />(-29 for losing)\n|raw|blueplaidshirtboy's rating: 1077 &rarr; <strong>1110</strong><br />(+33 for winning)\n","uploadtime":1788399837,"views":"0","formatid":"gen9championsvgc2026regmb","rating":1101,"private":0,"password":null}