{"id":"gen9championsvgc2026regmb-2674668546","format":"[Gen 9 Champions] VGC 2026 Reg M-B","players":["wearifulpoet","realgreenz"],"log":"|j|☆wearifulpoet\n|j|☆realgreenz\n|t:|1788387760\n|gametype|doubles\n|player|p1|wearifulpoet|266|1261\n|player|p2|realgreenz|1|1251\n|gen|9\n|tier|[Gen 9 Champions] VGC 2026 Reg M-B\n|rated|\n|rule|Species Clause: Limit one of each Pokémon\n|rule|Item Clause: Limit 1 of each item\n|clearpoke\n|poke|p1|Charizard, L50, F|\n|poke|p1|Whimsicott, L50, M|\n|poke|p1|Garchomp, L50, F|\n|poke|p1|Floette-Eternal, L50, F|\n|poke|p1|Basculegion, L50, M|\n|poke|p1|Kingambit, L50, F|\n|poke|p2|Gengar, L50, M, shiny|\n|poke|p2|Alcremie, L50, F|\n|poke|p2|Garchomp, L50, F|\n|poke|p2|Swampert, L50, F|\n|poke|p2|Incineroar, L50, F|\n|poke|p2|Sinistcha, L50|\n|teampreview|4\nwearifulpoet has agreed to open team sheets.\nrealgreenz rejected open team sheets.\n|\n|t:|1788387807\n|teamsize|p1|4\n|teamsize|p2|4\n|start\n|switch|p1a: Whimsicott|Whimsicott, L50, M|100/100\n|switch|p1b: Basculegion|Basculegion, L50, M|100/100\n|switch|p2a: Gengar|Gengar, L50, M, shiny|100/100\n|switch|p2b: Swampert|Swampert, L50, F|100/100\n|turn|1\n|\n|t:|1788387824\n|detailschange|p2a: Gengar|Gengar-Mega, L50, M, shiny\n|-mega|p2a: Gengar|Gengar|Gengarite\n|move|p1a: Whimsicott|Tailwind|p1a: Whimsicott\n|-sidestart|p1: wearifulpoet|move: Tailwind\n|move|p1b: Basculegion|Wave Crash|p2b: Swampert\n|-damage|p2b: Swampert|8/100\n|-damage|p1b: Basculegion|68/100|[from] Recoil\n|-damage|p1b: Basculegion|58/100|[from] item: Life Orb\n|move|p2a: Gengar|Shadow Ball|p1b: Basculegion\n|-supereffective|p1b: Basculegion|1\n|-damage|p1b: Basculegion|0 fnt\n|faint|p1b: Basculegion\n|move|p2b: Swampert|Yawn|p1a: Whimsicott\n|-start|p1a: Whimsicott|move: Yawn|[of] p2b: Swampert\n|\n|upkeep\n|\n|t:|1788387836\n|switch|p1b: Garchomp|Garchomp, L50, F|100/100\n|turn|2\n|\n|t:|1788387845\n|move|p2a: Gengar|Protect|p2a: Gengar\n|-singleturn|p2a: Gengar|Protect\n|move|p1a: Whimsicott|Encore|p2a: Gengar\n|-activate|p2a: Gengar|move: Protect\n|move|p1b: Garchomp|Earthquake|p2a: Gengar|[spread] p1a,p2b\n|-activate|p2a: Gengar|move: Protect\n|-resisted|p1a: Whimsicott|1\n|-damage|p1a: Whimsicott|75/100\n|-damage|p2b: Swampert|0 fnt\n|faint|p2b: Swampert\n|\n|-end|p1a: Whimsicott|move: Yawn|[silent]\n|-status|p1a: Whimsicott|slp\n|upkeep\n|\n|t:|1788387858\n|switch|p2b: Incineroar|Incineroar, L50, F|100/100\n|-ability|p2b: Incineroar|Intimidate|boost\n|-unboost|p1a: Whimsicott|atk|1\n|-unboost|p1b: Garchomp|atk|1\n|turn|3\n|\n|t:|1788387872\n|move|p1b: Garchomp|Protect|p1b: Garchomp\n|-singleturn|p1b: Garchomp|Protect\n|move|p2b: Incineroar|Fake Out|p1b: Garchomp\n|-activate|p1b: Garchomp|move: Protect\n|cant|p1a: Whimsicott|slp\n|move|p2a: Gengar|Shadow Ball|p1b: Garchomp\n|-activate|p1b: Garchomp|move: Protect\n|\n|upkeep\n|turn|4\n|\n|t:|1788387897\n|move|p2a: Gengar|Protect|p2a: Gengar\n|-singleturn|p2a: Gengar|Protect\n|cant|p1a: Whimsicott|slp\n|move|p1b: Garchomp|Earthquake|p2a: Gengar|[spread] p1a,p2b\n|-activate|p2a: Gengar|move: Protect\n|-resisted|p1a: Whimsicott|1\n|-supereffective|p2b: Incineroar|1\n|-damage|p1a: Whimsicott|57/100 slp\n|-damage|p2b: Incineroar|57/100\n|move|p2b: Incineroar|Flare Blitz|p1a: Whimsicott\n|-supereffective|p1a: Whimsicott|1\n|-damage|p1a: Whimsicott|0 fnt\n|faint|p1a: Whimsicott\n|-damage|p2b: Incineroar|44/100|[from] Recoil\n|-enditem|p2b: Incineroar|Sitrus Berry|[eat]\n|-heal|p2b: Incineroar|69/100|[from] item: Sitrus Berry\n|\n|-sideend|p1: wearifulpoet|move: Tailwind\n|upkeep\n|\n|t:|1788387905\n|switch|p1a: Charizard|Charizard, L50, F|100/100\n|turn|5\n|\n|t:|1788387935\n|detailschange|p1a: Charizard|Charizard-Mega-Y, L50, F\n|-mega|p1a: Charizard|Charizard|Charizardite Y\n|-weather|SunnyDay|[from] ability: Drought|[of] p1a: Charizard\n|move|p2a: Gengar|Shadow Ball|p1b: Garchomp\n|-damage|p1b: Garchomp|50/100y\n|-enditem|p1b: Garchomp|Sitrus Berry|[eat]\n|-heal|p1b: Garchomp|75/100|[from] item: Sitrus Berry\n|move|p1b: Garchomp|Earthquake|p2b: Incineroar|[spread] p2a,p2b\n|-immune|p1a: Charizard\n|-supereffective|p2a: Gengar|1\n|-supereffective|p2b: Incineroar|1\n|-damage|p2a: Gengar|37/100\n|-damage|p2b: Incineroar|26/100\n|move|p1a: Charizard|Heat Wave|p2b: Incineroar|[spread] p2a\n|-miss|p1a: Charizard|p2b: Incineroar\n|-damage|p2a: Gengar|0 fnt\n|faint|p2a: Gengar\n|move|p2b: Incineroar|Throat Chop|p1b: Garchomp\n|-damage|p1b: Garchomp|39/100\n|-start|p1b: Garchomp|Throat Chop|[silent]\n|-damage|p2b: Incineroar|14/100|[from] ability: Rough Skin|[of] p1b: Garchomp\n|\n|-weather|SunnyDay|[upkeep]\n|upkeep\n|\n|t:|1788387953\n|switch|p2a: Garchomp|Garchomp, L50, F|100/100\n|turn|6\n|\n|t:|1788387961\n|move|p1a: Charizard|Protect|p1a: Charizard\n|-singleturn|p1a: Charizard|Protect\n|move|p2a: Garchomp|Rock Slide|p1a: Charizard|[spread] p1b\n|-activate|p1a: Charizard|move: Protect\n|-resisted|p1b: Garchomp|1\n|-damage|p1b: Garchomp|31/100\n|move|p1b: Garchomp|Dragon Claw|p2a: Garchomp\n|-supereffective|p2a: Garchomp|1\n|-damage|p2a: Garchomp|50/100g\n|-damage|p1b: Garchomp|19/100|[from] ability: Rough Skin|[of] p2a: Garchomp\n|move|p2b: Incineroar|Throat Chop|p1b: Garchomp\n|-damage|p1b: Garchomp|0 fnt\n|-damage|p2b: Incineroar|1/100|[from] ability: Rough Skin|[of] p1b: Garchomp\n|faint|p1b: Garchomp\n|\n|-weather|SunnyDay|[upkeep]\n|upkeep\n|turn|7\n|\n|t:|1788387981\n|move|p2a: Garchomp|Rock Slide|p1a: Charizard\n|-supereffective|p1a: Charizard|2\n|-damage|p1a: Charizard|0 fnt\n|faint|p1a: Charizard\n|\n|win|realgreenz\n|raw|wearifulpoet's rating: 1261 &rarr; <strong>1235</strong><br />(-26 for losing)\n|raw|realgreenz's rating: 1251 &rarr; <strong>1277</strong><br />(+26 for winning)\n|c|☆wearifulpoet|gg\n","uploadtime":1788387989,"views":"2","formatid":"gen9championsvgc2026regmb","rating":1235,"private":0,"password":null}