{"id":"gen9championsvgc2026regmb-2674523891","format":"[Gen 9 Champions] VGC 2026 Reg M-B","players":["jjchibi","Purrsephone02"],"log":"|j|☆jjchibi\n|j|☆Purrsephone02\n|html|<table width=\"100%\"><tr><td align=\"left\">jjchibi</td><td align=\"right\">Purrsephone02</tr><tr><td align=\"left\"><i class=\"fa fa-circle-o\"></i> <i class=\"fa fa-circle-o\"></i> </td><td align=\"right\"><i class=\"fa fa-circle-o\"></i> <i class=\"fa fa-circle-o\"></i> </tr></table>\n|uhtml|bestof|<h2><strong>Game 1</strong> of <a href=\"/game-bestof3-gen9championsvgc2026regmb-2674523890\">a best-of-3</a></h2>\n|t:|1788369853\n|gametype|doubles\n|player|p1|jjchibi|102|\n|player|p2|Purrsephone02|iris-gen5bw2|\n|gen|9\n|tier|[Gen 9 Champions] VGC 2026 Reg M-B\n|rule|Species Clause: Limit one of each Pokémon\n|rule|Item Clause: Limit 1 of each item\n|raw|<div class=\"infobox\"><details class=\"readmore\" open><summary><strong>2 custom rules:</strong></summary> !open team sheets, best of=3</details></div>\n|clearpoke\n|poke|p1|Delphox, L50, M|\n|poke|p1|Aerodactyl, L50, M|\n|poke|p1|Toxicroak, L50, M|\n|poke|p1|Scizor, L50, F|\n|poke|p1|Zoroark-Hisui, L50, F|\n|poke|p1|Rotom-Mow, L50|\n|poke|p2|Scovillain, L50, M|\n|poke|p2|Bastiodon, L50, M|\n|poke|p2|Kingambit, L50, F|\n|poke|p2|Froslass, L50, F, shiny|\n|poke|p2|Primarina, L50, M|\n|poke|p2|Lycanroc-Dusk, L50, M|\n|teampreview|4\n|\n|t:|1788370042\n|teamsize|p1|4\n|teamsize|p2|4\n|start\n|switch|p1a: Aerodactyl|Aerodactyl, L50, M|100/100\n|switch|p1b: Scizor|Scizor, L50, F|100/100\n|switch|p2a: Scovillain|Scovillain, L50, M|100/100\n|switch|p2b: Primarina|Primarina, L50, M|100/100\n|-ability|p1a: Aerodactyl|Pressure\n|turn|1\n|\n|t:|1788370128\n|detailschange|p2a: Scovillain|Scovillain-Mega, L50, M\n|-mega|p2a: Scovillain|Scovillain|Scovillainite\n|move|p2a: Scovillain|Rage Powder|p2a: Scovillain\n|-singleturn|p2a: Scovillain|move: Rage Powder\n|move|p1b: Scizor|Bullet Punch|p2a: Scovillain\n|-resisted|p2a: Scovillain|1\n|-damage|p2a: Scovillain|87/100\n|-status|p1b: Scizor|brn|[from] ability: Spicy Spray|[of] p2a: Scovillain\n|move|p1a: Aerodactyl|Rock Slide|p2b: Primarina|[spread] p2a,p2b\n|-supereffective|p2a: Scovillain|1\n|-damage|p2a: Scovillain|38/100\n|-damage|p2b: Primarina|68/100\n|-status|p1a: Aerodactyl|brn|[from] ability: Spicy Spray|[of] p2a: Scovillain\n|cant|p2b: Primarina|flinch\n|\n|-damage|p1a: Aerodactyl|94/100 brn|[from] brn\n|-damage|p1b: Scizor|93/100 brn|[from] brn\n|upkeep\n|turn|2\n|\n|t:|1788370171\n|move|p1a: Aerodactyl|Rock Slide|p2b: Primarina|[spread] p2a,p2b\n|-supereffective|p2a: Scovillain|1\n|-damage|p2a: Scovillain|13/100\n|-damage|p2b: Primarina|54/100\n|move|p2a: Scovillain|Leech Seed|p1b: Scizor\n|-start|p1b: Scizor|move: Leech Seed\n|move|p1b: Scizor|Tailwind|p1b: Scizor\n|-sidestart|p1: jjchibi|move: Tailwind\n|move|p2b: Primarina|Calm Mind|p2b: Primarina\n|-boost|p2b: Primarina|spa|1\n|-boost|p2b: Primarina|spd|1\n|\n|-damage|p1b: Scizor|81/100 brn|[from] Leech Seed|[of] p2a: Scovillain\n|-heal|p2a: Scovillain|26/100|[silent]\n|-damage|p1a: Aerodactyl|88/100 brn|[from] brn\n|-damage|p1b: Scizor|75/100 brn|[from] brn\n|upkeep\n|turn|3\n|\n|t:|1788370244\n|switch|p1b: Toxicroak|Toxicroak, L50, M|100/100\n|move|p2a: Scovillain|Protect|p2a: Scovillain\n|-singleturn|p2a: Scovillain|Protect\n|move|p1a: Aerodactyl|Rock Slide|p2a: Scovillain|[spread] \n|-activate|p2a: Scovillain|move: Protect\n|-miss|p1a: Aerodactyl|p2b: Primarina\n|move|p2b: Primarina|Draining Kiss|p1a: Aerodactyl\n|-damage|p1a: Aerodactyl|30/100 brn\n|-heal|p2b: Primarina|95/100|[from] drain|[of] p1a: Aerodactyl\n|\n|-damage|p1a: Aerodactyl|24/100 brn|[from] brn\n|upkeep\n|turn|4\n|\n|t:|1788370308\n|move|p2a: Scovillain|Rage Powder|p2a: Scovillain\n|-singleturn|p2a: Scovillain|move: Rage Powder\n|move|p1a: Aerodactyl|Rock Slide|p2a: Scovillain|[spread] p2a,p2b\n|-supereffective|p2a: Scovillain|1\n|-damage|p2a: Scovillain|2/100\n|-damage|p2b: Primarina|82/100\n|move|p1b: Toxicroak|Poison Jab|p2a: Scovillain\n|-supereffective|p2a: Scovillain|1\n|-damage|p2a: Scovillain|0 fnt\n|-status|p1b: Toxicroak|brn|[from] ability: Spicy Spray|[of] p2a: Scovillain\n|faint|p2a: Scovillain\n|cant|p2b: Primarina|flinch\n|\n|-damage|p1a: Aerodactyl|19/100 brn|[from] brn\n|-damage|p1b: Toxicroak|94/100 brn|[from] brn\n|upkeep\n|\n|t:|1788370322\n|switch|p2a: Lycanroc|Lycanroc-Dusk, L50, M|100/100\n|turn|5\n|\n|t:|1788370380\n|move|p1a: Aerodactyl|Rock Slide|p2b: Primarina|[spread] p2a,p2b\n|-damage|p2a: Lycanroc|79/100\n|-damage|p2b: Primarina|68/100\n|move|p1b: Toxicroak|Drain Punch|p2a: Lycanroc\n|-supereffective|p2a: Lycanroc|1\n|-damage|p2a: Lycanroc|12/100\n|-heal|p1b: Toxicroak|100/100 brn|[from] drain|[of] p2a: Lycanroc\n|move|p2a: Lycanroc|Psychic Fangs|p1b: Toxicroak\n|-supereffective|p1b: Toxicroak|2\n|-damage|p1b: Toxicroak|0 fnt\n|faint|p1b: Toxicroak\n|move|p2b: Primarina|Icy Wind|p1a: Aerodactyl\n|-supereffective|p1a: Aerodactyl|1\n|-damage|p1a: Aerodactyl|0 fnt\n|faint|p1a: Aerodactyl\n|\n|-sideend|p1: jjchibi|move: Tailwind\n|upkeep\n|\n|t:|1788370393\n|switch|p1a: Delphox|Delphox, L50, M|100/100\n|switch|p1b: Scizor|Scizor, L50, F|75/100 brn\n|turn|6\n|\n|t:|1788370442\n|switch|p2a: Kingambit|Kingambit, L50, F|100/100\n|detailschange|p1a: Delphox|Delphox-Mega, L50, M\n|-mega|p1a: Delphox|Delphox|Delphoxite\n|move|p1b: Scizor|Bullet Punch|p2b: Primarina\n|-damage|p2b: Primarina|53/100\n|move|p1a: Delphox|Psychic|p2b: Primarina\n|-damage|p2b: Primarina|21/100\n|-enditem|p2b: Primarina|Sitrus Berry|[eat]\n|-heal|p2b: Primarina|46/100|[from] item: Sitrus Berry\n|move|p2b: Primarina|Hyper Voice|p1b: Scizor|[spread] p1a,p1b\n|-supereffective|p1a: Delphox|1\n|-damage|p1a: Delphox|0 fnt\n|-damage|p1b: Scizor|9/100 brn\n|faint|p1a: Delphox\n|\n|-damage|p1b: Scizor|2/100 brn|[from] brn\n|upkeep\n|turn|7\n|\n|t:|1788370461\n|move|p2a: Kingambit|Protect|p2a: Kingambit\n|-singleturn|p2a: Kingambit|Protect\n|move|p1b: Scizor|Bullet Punch|p2b: Primarina\n|-damage|p2b: Primarina|30/100\n|move|p2b: Primarina|Hyper Voice|p1b: Scizor\n|-damage|p1b: Scizor|0 fnt\n|faint|p1b: Scizor\n|\n|win|Purrsephone02\n||jjchibi is ready for game 2.\n|inactive|Purrsephone02 has 30 seconds to confirm battle start!\n||Purrsephone02 is ready for game 2.\n|uhtml|next|Next: <a href=\"/battle-gen9championsvgc2026regmb-2674529245\"><strong>Game 2 of 3</strong></a>\n|j| IndigoCha0s\n|l| IndigoCha0s\n","uploadtime":1788370566,"views":"3","formatid":"gen9championsvgc2026regmb","rating":null,"private":0,"password":null}