{"id":"gen9championsvgc2026regmbbo3-2673980822","format":"[Gen 9 Champions] VGC 2026 Reg M-B (Bo3)","players":["humania1","alex0234"],"log":"|j|☆humania1\n|j|☆alex0234\n|html|<table width=\"100%\"><tr><td align=\"left\">humania1</td><td align=\"right\">alex0234</tr><tr><td align=\"left\"><i class=\"fa fa-circle-o\"></i> <i class=\"fa fa-circle-o\"></i> </td><td align=\"right\"><i class=\"fa fa-circle-o\"></i> <i class=\"fa fa-circle-o\"></i> </tr></table>\n|uhtml|bestof|<h2><strong>Game 1</strong> of <a href=\"/game-bestof3-gen9championsvgc2026regmbbo3-2673980821\">a best-of-3</a></h2>\n|t:|1788284440\n|gametype|doubles\n|player|p1|humania1|266|1000\n|player|p2|alex0234|red|1135\n|gen|9\n|tier|[Gen 9 Champions] VGC 2026 Reg M-B (Bo3)\n|rated|\n|rule|Species Clause: Limit one of each Pokémon\n|rule|Item Clause: Limit 1 of each item\n|clearpoke\n|poke|p1|Blastoise, L50, F|\n|poke|p1|Delphox, L50, M, shiny|\n|poke|p1|Incineroar, L50, F|\n|poke|p1|Sinistcha, L50|\n|poke|p1|Sneasler, L50, M|\n|poke|p1|Vivillon, L50, F|\n|poke|p2|Glalie, L50, F|\n|poke|p2|Ninetales-Alola, L50, F|\n|poke|p2|Toxapex, L50, M|\n|poke|p2|Lycanroc-Dusk, L50, M|\n|poke|p2|Kingambit, L50, F|\n|poke|p2|Venusaur, L50, F|\n|teampreview|4\n|showteam|p1|Blastoise||Blastoisinite|Torrent|Protect,ShellSmash,WaterSpout,DarkPulse|Modest||F|||50|]Delphox||Delphoxite|Blaze|Protect,HeatWave,Psyshock,NastyPlot|Timid||M|||50|]Incineroar||PasshoBerry|Intimidate|FakeOut,PartingShot,FlareBlitz,ThroatChop|Impish||F|||50|]Sinistcha||SitrusBerry|Hospitality|Protect,MatchaGotcha,TrickRoom,RagePowder|Bold|||||50|]Sneasler||FocusSash|PoisonTouch|QuickGuard,FakeOut,CloseCombat,DireClaw|Jolly||M|||50|]Vivillon||ChoiceScarf|CompoundEyes|Hurricane,SleepPowder,RagePowder,Uturn|Timid||F|||50|\n|showteam|p2|Glalie||Glalitite|Moody|Explosion,BodySlam,Crunch,Protect|Adamant||F|||50|]Ninetales-Alola||LightClay|SnowWarning|Moonblast,Blizzard,IcyWind,AuroraVeil|Timid||F|||50|]Toxapex||Leftovers|Regenerator|Toxic,Infestation,WideGuard,BanefulBunker|Bold||M|||50|]Lycanroc-Dusk||FocusSash|ToughClaws|Accelerock,CloseCombat,RockSlide,Protect|Adamant||M|||50|]Kingambit||BlackGlasses|Defiant|KowtowCleave,SuckerPunch,SwordsDance,Protect|Adamant||F|||50|]Venusaur||Venusaurite|Chlorophyll|GigaDrain,SludgeBomb,SleepPowder,Protect|Modest||F|||50|\n|inactive|Battle timer is ON: inactive players will automatically lose when time's up. (requested by alex0234)\n|inactive|humania1 also wants the timer to be on.\n|inactive|alex0234 has 60 seconds left.\n|\n|t:|1788284482\n|teamsize|p1|4\n|teamsize|p2|4\n|start\n|switch|p1a: Incineroar|Incineroar, L50, F|100/100\n|switch|p1b: Sneasler|Sneasler, L50, M|100/100\n|switch|p2a: Toxapex|Toxapex, L50, M|100/100\n|switch|p2b: Kingambit|Kingambit, L50, F|100/100\n|-ability|p1a: Incineroar|Intimidate|boost\n|-unboost|p2a: Toxapex|atk|1\n|-unboost|p2b: Kingambit|atk|1\n|-ability|p2b: Kingambit|Defiant|boost\n|-boost|p2b: Kingambit|atk|2\n|turn|1\n|\n|t:|1788284496\n|move|p2b: Kingambit|Protect|p2b: Kingambit\n|-singleturn|p2b: Kingambit|Protect\n|move|p2a: Toxapex|Baneful Bunker|p2a: Toxapex\n|-singleturn|p2a: Toxapex|move: Protect\n|move|p1a: Incineroar|Fake Out|p2b: Kingambit\n|-activate|p2b: Kingambit|move: Protect\n|move|p1b: Sneasler|Close Combat|p2b: Kingambit\n|-activate|p2b: Kingambit|move: Protect\n|\n|upkeep\n|turn|2\n|\n|t:|1788284513\n|switch|p2b: Venusaur|Venusaur, L50, F|100/100\n|move|p1b: Sneasler|Close Combat|p2b: Venusaur\n|-resisted|p2b: Venusaur|1\n|-damage|p2b: Venusaur|67/100\n|-unboost|p1b: Sneasler|def|1\n|-unboost|p1b: Sneasler|spd|1\n|move|p1a: Incineroar|Parting Shot|p2a: Toxapex\n|-unboost|p2a: Toxapex|atk|1\n|-unboost|p2a: Toxapex|spa|1\n|\n|t:|1788284513\n|switch|p1a: Delphox|Delphox, L50, M, shiny|100/100|[from] Parting Shot\n|move|p2a: Toxapex|Toxic|p1a: Delphox\n|-status|p1a: Delphox|tox\n|\n|-damage|p1a: Delphox|94/100 tox|[from] psn\n|upkeep\n|turn|3\n|inactive|alex0234 has 30 seconds left.\n|\n|t:|1788284547\n|switch|p1b: Sinistcha|Sinistcha, L50|100/100\n|-heal|p1a: Delphox|100/100 tox|[from] ability: Hospitality|[of] p1b: Sinistcha\n|switch|p2b: Kingambit|Kingambit, L50, F|100/100\n|detailschange|p1a: Delphox|Delphox-Mega, L50, M, shiny\n|-mega|p1a: Delphox|Delphox|Delphoxite\n|move|p2a: Toxapex|Wide Guard|p2a: Toxapex\n|-singleturn|p2a: Toxapex|Wide Guard\n|move|p1a: Delphox|Psyshock|p2b: Kingambit\n|-immune|p2b: Kingambit\n|\n|-damage|p1a: Delphox|88/100 tox|[from] psn\n|upkeep\n|turn|4\n|\n|t:|1788284563\n|switch|p1a: Incineroar|Incineroar, L50, F|100/100\n|-ability|p1a: Incineroar|Intimidate|boost\n|-unboost|p2a: Toxapex|atk|1\n|-unboost|p2b: Kingambit|atk|1\n|-ability|p2b: Kingambit|Defiant|boost\n|-boost|p2b: Kingambit|atk|2\n|move|p1b: Sinistcha|Protect|p1b: Sinistcha\n|-singleturn|p1b: Sinistcha|Protect\n|move|p2b: Kingambit|Sucker Punch||[still]\n|-fail|p2b: Kingambit\n|move|p2a: Toxapex|Toxic|p1b: Sinistcha\n|-activate|p1b: Sinistcha|move: Protect\n|\n|upkeep\n|turn|5\n|\n|t:|1788284580\n|switch|p1b: Sneasler|Sneasler, L50, M|100/100\n|move|p1a: Incineroar|Flare Blitz|p2b: Kingambit\n|-supereffective|p2b: Kingambit|1\n|-crit|p2b: Kingambit\n|-damage|p2b: Kingambit|2/100\n|-damage|p1a: Incineroar|67/100|[from] Recoil\n|move|p2b: Kingambit|Swords Dance|p2b: Kingambit\n|-boost|p2b: Kingambit|atk|2\n|move|p2a: Toxapex|Infestation|p1b: Sneasler\n|-resisted|p1b: Sneasler|2\n|-damage|p1b: Sneasler|99/100\n|-activate|p1b: Sneasler|move: Infestation|[of] p2a: Toxapex\n|\n|-damage|p1b: Sneasler|87/100|[from] move: Infestation|[partiallytrapped]\n|upkeep\n|turn|6\n|\n|t:|1788284595\n|move|p2b: Kingambit|Protect|p2b: Kingambit\n|-singleturn|p2b: Kingambit|Protect\n|move|p1b: Sneasler|Close Combat|p2b: Kingambit\n|-activate|p2b: Kingambit|move: Protect\n|move|p1a: Incineroar|Flare Blitz|p2b: Kingambit\n|-activate|p2b: Kingambit|move: Protect\n|move|p2a: Toxapex|Toxic|p1a: Incineroar\n|-status|p1a: Incineroar|tox\n|\n|-damage|p1a: Incineroar|61/100 tox|[from] psn\n|-damage|p1b: Sneasler|75/100|[from] move: Infestation|[partiallytrapped]\n|upkeep\n|turn|7\n|\n|t:|1788284608\n|move|p2a: Toxapex|Baneful Bunker|p2a: Toxapex\n|-singleturn|p2a: Toxapex|move: Protect\n|move|p2b: Kingambit|Sucker Punch|p1b: Sneasler\n|-resisted|p1b: Sneasler|1\n|-damage|p1b: Sneasler|0 fnt\n|faint|p1b: Sneasler\n|move|p1a: Incineroar|Flare Blitz|p2b: Kingambit\n|-supereffective|p2b: Kingambit|1\n|-damage|p2b: Kingambit|0 fnt\n|faint|p2b: Kingambit\n|-damage|p1a: Incineroar|60/100 tox|[from] Recoil\n|\n|-damage|p1a: Incineroar|49/100 tox|[from] psn\n|upkeep\n|\n|t:|1788284617\n|switch|p1b: Sinistcha|Sinistcha, L50|100/100\n|switch|p2b: Lycanroc|Lycanroc-Dusk, L50, M|100/100\n|-heal|p1a: Incineroar|73/100 tox|[from] ability: Hospitality|[of] p1b: Sinistcha\n|turn|8\n|\n|t:|1788284625\n|move|p2b: Lycanroc|Rock Slide|p1b: Sinistcha|[spread] p1a,p1b\n|-supereffective|p1a: Incineroar|1\n|-damage|p1a: Incineroar|23/100 tox\n|-damage|p1b: Sinistcha|76/100\n|move|p1a: Incineroar|Throat Chop|p2b: Lycanroc\n|-damage|p2b: Lycanroc|46/100\n|-start|p2b: Lycanroc|Throat Chop|[silent]\n|move|p1b: Sinistcha|Matcha Gotcha|p2b: Lycanroc|[spread] p2a,p2b\n|-supereffective|p2b: Lycanroc|1\n|-damage|p2a: Toxapex|80/100\n|-heal|p1b: Sinistcha|84/100|[from] drain|[of] p2a: Toxapex\n|-damage|p2b: Lycanroc|0 fnt\n|-heal|p1b: Sinistcha|100/100|[from] drain|[of] p2b: Lycanroc\n|-status|p2a: Toxapex|brn\n|faint|p2b: Lycanroc\n|move|p2a: Toxapex|Toxic|p1b: Sinistcha\n|-status|p1b: Sinistcha|tox\n|\n|-heal|p2a: Toxapex|86/100 brn|[from] item: Leftovers\n|-damage|p1a: Incineroar|5/100 tox|[from] psn\n|-damage|p1b: Sinistcha|93/100 tox|[from] psn\n|-damage|p2a: Toxapex|80/100 brn|[from] brn\n|upkeep\n|\n|t:|1788284639\n|switch|p2b: Venusaur|Venusaur, L50, F|67/100\n|turn|9\n|\n|t:|1788284649\n|detailschange|p2b: Venusaur|Venusaur-Mega, L50, F\n|-mega|p2b: Venusaur|Venusaur|Venusaurite\n|move|p2b: Venusaur|Protect|p2b: Venusaur\n|-singleturn|p2b: Venusaur|Protect\n|move|p1a: Incineroar|Flare Blitz|p2b: Venusaur\n|-activate|p2b: Venusaur|move: Protect\n|move|p2a: Toxapex|Infestation|p1b: Sinistcha\n|-damage|p1b: Sinistcha|91/100 tox\n|-activate|p1b: Sinistcha|move: Infestation|[of] p2a: Toxapex\n|move|p1b: Sinistcha|Trick Room|p1b: Sinistcha\n|-fieldstart|move: Trick Room|[of] p1b: Sinistcha\n|\n|-heal|p2a: Toxapex|86/100 brn|[from] item: Leftovers\n|-damage|p1b: Sinistcha|78/100 tox|[from] psn\n|-damage|p1a: Incineroar|0 fnt|[from] psn\n|faint|p1a: Incineroar\n|-damage|p2a: Toxapex|80/100 brn|[from] brn\n|-damage|p1b: Sinistcha|66/100 tox|[from] move: Infestation|[partiallytrapped]\n|upkeep\n|\n|t:|1788284649\n|switch|p1a: Delphox|Delphox-Mega, L50, M, shiny|88/100 tox\n|turn|10\n|\n|t:|1788284672\n|move|p2a: Toxapex|Infestation|p1a: Delphox\n|-damage|p1a: Delphox|86/100 tox\n|-activate|p1a: Delphox|move: Infestation|[of] p2a: Toxapex\n|move|p1b: Sinistcha|Matcha Gotcha|p2b: Venusaur|[spread] p2a\n|-miss|p1b: Sinistcha|p2b: Venusaur\n|-damage|p2a: Toxapex|61/100 brn\n|-heal|p1b: Sinistcha|75/100 tox|[from] drain|[of] p2a: Toxapex\n|move|p2b: Venusaur|Sludge Bomb|p1b: Sinistcha\n|-damage|p1b: Sinistcha|32/100 tox\n|-enditem|p1b: Sinistcha|Sitrus Berry|[eat]\n|-heal|p1b: Sinistcha|57/100 tox|[from] item: Sitrus Berry\n|move|p1a: Delphox|Psyshock|p2b: Venusaur\n|-supereffective|p2b: Venusaur|1\n|-damage|p2b: Venusaur|0 fnt\n|faint|p2b: Venusaur\n|\n|-heal|p2a: Toxapex|66/100 brn|[from] item: Leftovers\n|-damage|p1b: Sinistcha|39/100 tox|[from] psn\n|-damage|p1a: Delphox|81/100 tox|[from] psn\n|-damage|p2a: Toxapex|61/100 brn|[from] brn\n|-damage|p1b: Sinistcha|26/100 tox|[from] move: Infestation|[partiallytrapped]\n|-damage|p1a: Delphox|69/100 tox|[from] move: Infestation|[partiallytrapped]\n|upkeep\n|turn|11\n|\n|t:|1788284692\n|move|p2a: Toxapex|Baneful Bunker|p2a: Toxapex\n|-singleturn|p2a: Toxapex|move: Protect\n|move|p1b: Sinistcha|Rage Powder|p1b: Sinistcha\n|-singleturn|p1b: Sinistcha|move: Rage Powder\n|move|p1a: Delphox|Psyshock|p2a: Toxapex\n|-activate|p2a: Toxapex|move: Protect\n|\n|-heal|p2a: Toxapex|66/100 brn|[from] item: Leftovers\n|-damage|p1b: Sinistcha|1/100 tox|[from] psn\n|-damage|p1a: Delphox|57/100 tox|[from] psn\n|-damage|p2a: Toxapex|61/100 brn|[from] brn\n|-damage|p1b: Sinistcha|0 fnt|[from] move: Infestation|[partiallytrapped]\n|faint|p1b: Sinistcha\n|-damage|p1a: Delphox|45/100 tox|[from] move: Infestation|[partiallytrapped]\n|upkeep\n|turn|12\n|\n|t:|1788284706\n|move|p2a: Toxapex|Infestation|p1a: Delphox\n|-damage|p1a: Delphox|44/100 tox\n|move|p1a: Delphox|Psyshock|p2a: Toxapex\n|-supereffective|p2a: Toxapex|1\n|-damage|p2a: Toxapex|0 fnt\n|faint|p2a: Toxapex\n|\n|win|humania1\n","uploadtime":1788284706,"views":"0","formatid":"gen9championsvgc2026regmbbo3","rating":null,"private":0,"password":null}