{"id":"gen9championsvgc2026regmb-2674146540","format":"[Gen 9 Champions] VGC 2026 Reg M-B","players":["qazoo","heatfre3ze"],"log":"|j|☆qazoo\n|j|☆heatfre3ze\n|html|<table width=\"100%\"><tr><td align=\"left\">qazoo</td><td align=\"right\">heatfre3ze</tr><tr><td align=\"left\"><i class=\"fa fa-circle-o\"></i> <i class=\"fa fa-circle-o\"></i> </td><td align=\"right\"><i class=\"fa fa-circle-o\"></i> <i class=\"fa fa-circle-o\"></i> </tr></table>\n|uhtml|bestof|<h2><strong>Game 1</strong> of <a href=\"/game-bestof3-gen9championsvgc2026regmb-2674146539\">a best-of-3</a></h2>\n|t:|1788306053\n|gametype|doubles\n|player|p1|qazoo|170|\n|player|p2|heatfre3ze|caitlin|\n|gen|9\n|tier|[Gen 9 Champions] VGC 2026 Reg M-B\n|rule|Species Clause: Limit one of each Pokémon\n|rule|Item Clause: Limit 1 of each item\n|raw|<div class=\"infobox\"><details class=\"readmore\" open><summary><strong>1 custom rule:</strong></summary> Best of = 3</details></div>\n|clearpoke\n|poke|p1|Whimsicott, L50, M|\n|poke|p1|Raichu, L50, F|\n|poke|p1|Toxapex, L50, F|\n|poke|p1|Gardevoir, L50, F|\n|poke|p1|Gyarados, L50, F|\n|poke|p1|Aegislash, L50, M|\n|poke|p2|Oranguru, L50, F, shiny|\n|poke|p2|Clawitzer, L50, F, shiny|\n|poke|p2|Aggron, L50, M|\n|poke|p2|Politoed, L50, F, shiny|\n|poke|p2|Raichu, L50, F|\n|poke|p2|Basculegion, L50, M, shiny|\n|teampreview|4\n|c|☆heatfre3ze|There\n|j| adgetty\n|j| gus_ssbu\nqazoo rejected open team sheets.\n|j| Iamnothilarious\n|j| SBMalus\n|c| gus_ssbu|bazinga\n|j| naon_500\n|c| Iamnothilarious|I'm grimbo as heck\n|c| SBMalus|so true\n|j| Mr.Koontzie.\n|c|☆heatfre3ze|I feel Grimbo too\n|c|☆qazoo|when did you get the aggron?\n|c| SBMalus|yeah hold on what\n|c| Iamnothilarious|Blud thinks he's part of the team\n|c|☆heatfre3ze|From whoever it was that didn’t finish\n|c|☆heatfre3ze|I gave him Metagross for aggron\n|j| Moon1Ight197\n|c| SBMalus|Is that real\n|c|☆heatfre3ze|Yeah, check chat\n|c|☆qazoo|homeless-agross rn\n|c| SBMalus|Owen does not have a metagross\n|c|☆qazoo|omg i forgot to nickname my team ;-;\n|c| gus_ssbu|Yeah, I just checked the draft chat they agreed to the trade\n|c| SBMalus|Ahhhh fuck it\n|c| SBMalus|I’m blaming owen\n|c|☆heatfre3ze|Shall we begin Scott?\n|c| gus_ssbu|So as long as Scott's cool with it and everyone uses the trade thread next time it seems chill\n|c|☆heatfre3ze|Get the road on the show?\n|c|☆qazoo|w/e we already locked in our teams\n|c| SBMalus|Confirm that shit next time\n|c|☆heatfre3ze|If you don’t like it I can still change\n|c| Iamnothilarious|Idk if it was necessarily an agreeance cause Owen doesn't even have metagross, but w/e\n|c|☆heatfre3ze|And use Metagross/another Mon this week\n|c| SBMalus|Just roll with it man\n|c|☆heatfre3ze|o7\n|c|☆qazoo|I'm just not prepped for the aggron... I can probably beat it but like it feels bad\n|c| SBMalus|This some Lane Kiffin ass shit\n|c|☆heatfre3ze|I’m sorry man\n|\n|t:|1788306373\n|teamsize|p1|4\n|teamsize|p2|4\n|start\n|switch|p1a: Gyarados|Gyarados, L50, F|100/100\n|switch|p1b: Raichu|Raichu, L50, F|100/100\n|switch|p2a: Scott|Aggron, L50, M|100/100\n|switch|p2b: Gus|Oranguru, L50, F, shiny|100/100\n|-ability|p1a: Gyarados|Intimidate|boost\n|-unboost|p2a: Scott|atk|1\n|-fail|p2b: Gus|unboost|atk|[from] ability: Inner Focus|[of] p2b: Gus\n|turn|1\n|\n|t:|1788306415\n|detailschange|p2a: Scott|Aggron-Mega, L50, M\n|-mega|p2a: Scott|Aggron|Aggronite\n|move|p1b: Raichu|Fake Out|p2a: Scott\n|-resisted|p2a: Scott|1\n|-damage|p2a: Scott|98/100\n|move|p1a: Gyarados|Dragon Dance|p1a: Gyarados\n|-boost|p1a: Gyarados|atk|1\n|-boost|p1a: Gyarados|spe|1\n|cant|p2a: Scott|flinch\n|move|p2b: Gus|Trick Room|p2b: Gus\n|-fieldstart|move: Trick Room|[of] p2b: Gus\n|\n|upkeep\n|turn|2\n|\n|t:|1788306440\n|move|p2a: Scott|Iron Defense|p2a: Scott\n|-boost|p2a: Scott|def|2\n|move|p2b: Gus|Instruct|p2a: Scott\n|-singleturn|p2a: Scott|move: Instruct|[of] p2b: Gus\n|move|p2a: Scott|Iron Defense|p2a: Scott\n|-boost|p2a: Scott|def|2\n|move|p1b: Raichu|Thunderbolt|p2a: Scott\n|-damage|p2a: Scott|55/100\n|move|p1a: Gyarados|Aqua Tail|p2a: Scott\n|-damage|p2a: Scott|46/100\n|\n|upkeep\n|turn|3\n|\n|t:|1788306487\n|switch|p1a: Whimsicott|Whimsicott, L50, M|100/100\n|move|p1b: Raichu|Protect|p1b: Raichu\n|-singleturn|p1b: Raichu|Protect\n|move|p2a: Scott|Body Press|p1b: Raichu\n|-activate|p1b: Raichu|move: Protect\n|move|p2b: Gus|Instruct|p2a: Scott\n|-singleturn|p2a: Scott|move: Instruct|[of] p2b: Gus\n|move|p2a: Scott|Body Press|p1b: Raichu\n|-activate|p1b: Raichu|move: Protect\n|\n|upkeep\n|turn|4\n|\n|t:|1788306538\n|switch|p1b: Gardevoir|Gardevoir, L50, F|100/100\n|-ability|p1b: Gardevoir|Inner Focus|Trace|[from] ability: Trace|[of] p2b: Gus\n|move|p1a: Whimsicott|Encore|p2a: Scott\n|-start|p2a: Scott|Encore\n|move|p2a: Scott|Body Press|p1b: Gardevoir\n|-resisted|p1b: Gardevoir|2\n|-damage|p1b: Gardevoir|39/100\n|move|p2b: Gus|Instruct|p2a: Scott\n|-singleturn|p2a: Scott|move: Instruct|[of] p2b: Gus\n|move|p2a: Scott|Body Press|p1b: Gardevoir\n|-resisted|p1b: Gardevoir|2\n|-damage|p1b: Gardevoir|0 fnt\n|faint|p1b: Gardevoir\n|\n|upkeep\n|\n|t:|1788306553\n|switch|p1b: Gyarados|Gyarados, L50, F|100/100\n|-ability|p1b: Gyarados|Intimidate|boost\n|-unboost|p2a: Scott|atk|1\n|-fail|p2b: Gus|unboost|atk|[from] ability: Inner Focus|[of] p2b: Gus\n|turn|5\n|c| SBMalus|Good lord\n|c|☆qazoo|that's what I get for letting him bring that thing lol should have been meaner\n|c|☆heatfre3ze|I tried to backpedal\n|c|☆heatfre3ze|I’m sorry :(\n|c| SBMalus|I would have said fuck no\n|\n|t:|1788306629\n|move|p1b: Gyarados|Protect|p1b: Gyarados\n|-singleturn|p1b: Gyarados|Protect\n|move|p2a: Scott|Body Press|p1b: Gyarados\n|-activate|p1b: Gyarados|move: Protect\n|move|p2b: Gus|Instruct|p2a: Scott\n|-singleturn|p2a: Scott|move: Instruct|[of] p2b: Gus\n|move|p2a: Scott|Body Press|p1b: Gyarados\n|-activate|p1b: Gyarados|move: Protect\n|move|p1a: Whimsicott|Energy Ball|p2b: Gus\n|-damage|p2b: Gus|78/100\n|\n|-heal|p2b: Gus|84/100|[from] item: Leftovers\n|-fieldend|move: Trick Room\n|upkeep\n|turn|6\n|c|☆heatfre3ze|I don’t think I’ll use it next game, just in fairness\n|\n|t:|1788306658\n|move|p1a: Whimsicott|Encore|p2b: Gus\n|-start|p2b: Gus|Encore\n|move|p1b: Gyarados|Aqua Tail|p2a: Scott\n|-damage|p2a: Scott|39/100\n|move|p2b: Gus|Instruct|p1b: Gyarados\n|-singleturn|p1b: Gyarados|move: Instruct|[of] p2b: Gus\n|move|p1b: Gyarados|Aqua Tail|p2a: Scott\n|-damage|p2a: Scott|32/100\n|move|p2a: Scott|Body Press|p1b: Gyarados\n|-resisted|p1b: Gyarados|1\n|-damage|p1b: Gyarados|10/100\n|\n|-heal|p2b: Gus|90/100|[from] item: Leftovers\n|-end|p2a: Scott|Encore\n|upkeep\n|turn|7\n|\n|t:|1788306689\n|switch|p1b: Raichu|Raichu, L50, F|100/100\n|move|p1a: Whimsicott|Energy Ball|p2b: Gus\n|-damage|p2b: Gus|69/100\n|move|p2b: Gus|Instruct|p2a: Scott\n|-singleturn|p2a: Scott|move: Instruct|[of] p2b: Gus\n|move|p2a: Scott|Body Press|p1b: Raichu\n|-enditem|p1b: Raichu|Focus Sash\n|-damage|p1b: Raichu|1/100\n|move|p2a: Scott|Body Press|p1a: Whimsicott\n|-resisted|p1a: Whimsicott|1\n|-damage|p1a: Whimsicott|10/100\n|\n|-heal|p2b: Gus|75/100|[from] item: Leftovers\n|upkeep\n|turn|8\n|l| SBMalus\n|\n|t:|1788306738\n|move|p2a: Scott|Protect|p2a: Scott\n|-singleturn|p2a: Scott|Protect\n|move|p1b: Raichu|Thunderbolt|p2a: Scott\n|-activate|p2a: Scott|move: Protect\n|move|p1a: Whimsicott|Energy Ball|p2b: Gus\n|-damage|p2b: Gus|53/100\n|-unboost|p2b: Gus|spd|1\n|move|p2b: Gus|Instruct|p1b: Raichu\n|-singleturn|p1b: Raichu|move: Instruct|[of] p2b: Gus\n|move|p1b: Raichu|Thunderbolt|p2a: Scott\n|-activate|p2a: Scott|move: Protect\n|\n|-heal|p2b: Gus|58/100|[from] item: Leftovers\n|-end|p2b: Gus|Encore\n|upkeep\n|turn|9\n|j| SBMalus\n|c|☆qazoo|monty is saying to check the discord\n|\n|t:|1788306771\n|switch|p2a: Scott^3|Politoed, L50, F, shiny|100/100\n|-weather|RainDance|[from] ability: Drizzle|[of] p2a: Scott^3\n|move|p1a: Whimsicott|Encore|p2b: Gus\n|-start|p2b: Gus|Encore\n|move|p1b: Raichu|Thunderbolt|p2a: Scott^3\n|-supereffective|p2a: Scott^3|1\n|-crit|p2a: Scott^3\n|-damage|p2a: Scott^3|0 fnt\n|faint|p2a: Scott^3\n|move|p2b: Gus|Instruct|p1a: Whimsicott\n|-singleturn|p1a: Whimsicott|move: Instruct|[of] p2b: Gus\n|move|p1a: Whimsicott|Encore||[still]\n|-fail|p1a: Whimsicott\n|\n|-weather|RainDance|[upkeep]\n|-heal|p2b: Gus|64/100|[from] item: Leftovers\n|upkeep\n|\n|t:|1788306793\n|switch|p2a: Scott scott|Clawitzer, L50, F, shiny|100/100\n|turn|10\n|l| Moon1Ight197\n|\n|t:|1788306821\n|move|p1a: Whimsicott|Cotton Spore|p2a: Scott scott|[spread] p2a,p2b\n|-unboost|p2a: Scott scott|spe|2\n|-unboost|p2b: Gus|spe|2\n|move|p1b: Raichu|Thunderbolt|p2a: Scott scott\n|-supereffective|p2a: Scott scott|1\n|-damage|p2a: Scott scott|17/100\n|move|p2a: Scott scott|Water Pulse|p1b: Raichu\n|-damage|p1b: Raichu|0 fnt\n|faint|p1b: Raichu\n|-damage|p2a: Scott scott|7/100|[from] item: Life Orb\n|move|p2b: Gus|Instruct|p2a: Scott scott\n|-singleturn|p2a: Scott scott|move: Instruct|[of] p2b: Gus\n|move|p2a: Scott scott|Water Pulse|p1a: Whimsicott\n|-resisted|p1a: Whimsicott|1\n|-damage|p1a: Whimsicott|0 fnt\n|faint|p1a: Whimsicott\n|-damage|p2a: Scott scott|0 fnt|[from] item: Life Orb\n|faint|p2a: Scott scott\n|\n|-weather|RainDance|[upkeep]\n|-heal|p2b: Gus|70/100|[from] item: Leftovers\n|upkeep\n|l| SBMalus\n|j| SBMalus\n|\n|t:|1788306845\n|switch|p1b: Gyarados|Gyarados, L50, F|10/100\n|switch|p2a: Scott|Aggron-Mega, L50, M|32/100\n|-ability|p1b: Gyarados|Intimidate|boost\n|-unboost|p2a: Scott|atk|1\n|-fail|p2b: Gus|unboost|atk|[from] ability: Inner Focus|[of] p2b: Gus\n|turn|11\n|l| SBMalus\n|j| Moon1Ight197\n|\n|t:|1788306884\n|move|p1b: Gyarados|Aqua Tail|p2a: Scott\n|-damage|p2a: Scott|3/100\n|move|p2a: Scott|Rock Slide|p1b: Gyarados\n|-supereffective|p1b: Gyarados|1\n|-damage|p1b: Gyarados|0 fnt\n|faint|p1b: Gyarados\n|\n|win|heatfre3ze\n|inactive|qazoo has 30 seconds to confirm battle start!\n|inactive|heatfre3ze has 30 seconds to confirm battle start!\n||heatfre3ze is ready for game 2.\n","uploadtime":1788306898,"views":"5","formatid":"gen9championsvgc2026regmb","rating":null,"private":0,"password":null}