{"id":"gen9championsvgc2026regmbbo3-2673338688","format":"[Gen 9 Champions] VGC 2026 Reg M-B (Bo3)","players":["jirkunow","spodermees"],"log":"|j|☆jirkunow\n|j|☆spodermees\n|html|<table width=\"100%\"><tr><td align=\"left\">jirkunow</td><td align=\"right\">spodermees</tr><tr><td align=\"left\"><i class=\"fa fa-circle-o\"></i> <i class=\"fa fa-circle-o\"></i> </td><td align=\"right\"><i class=\"fa fa-circle-o\"></i> <i class=\"fa fa-circle-o\"></i> </tr></table>\n|uhtml|bestof|<h2><strong>Game 1</strong> of <a href=\"/game-bestof3-gen9championsvgc2026regmbbo3-2673338687\">a best-of-3</a></h2>\n|t:|1788185420\n|gametype|doubles\n|player|p1|jirkunow|dancer|1076\n|player|p2|spodermees|sailor|1166\n|gen|9\n|tier|[Gen 9 Champions] VGC 2026 Reg M-B (Bo3)\n|rated|\n|rule|Species Clause: Limit one of each Pokémon\n|rule|Item Clause: Limit 1 of each item\n|clearpoke\n|poke|p1|Swampert, L50, F|\n|poke|p1|Pelipper, L50, M|\n|poke|p1|Archaludon, L50, F|\n|poke|p1|Basculegion, L50, M|\n|poke|p1|Grimmsnarl, L50, M|\n|poke|p1|Venusaur, L50, M|\n|poke|p2|Kingambit, L50, M|\n|poke|p2|Farigiraf, L50, M|\n|poke|p2|Charizard, L50, F|\n|poke|p2|Aerodactyl, L50, F|\n|poke|p2|Garchomp, L50, F|\n|poke|p2|Sylveon, L50, F|\n|teampreview|4\n|showteam|p1|Swampert||Swampertite|Torrent|WaveCrash,Earthquake,Protect,IcePunch|Adamant||F|||50|]Pelipper||FocusSash|Drizzle|Tailwind,WeatherBall,Protect,Hurricane|Modest||M|||50|]Archaludon||SitrusBerry|Stamina|ElectroShot,DragonPulse,FlashCannon,Protect|Modest||F|||50|]Basculegion||ChoiceScarf|Adaptability|LastRespects,AquaJet,FlipTurn,WaveCrash|Jolly||M|||50|]Grimmsnarl||LightClay|Prankster|LightScreen,Reflect,PartingShot,SpiritBreak|Impish||M|||50|]Venusaur||Venusaurite|Chlorophyll|SludgeBomb,GigaDrain,EarthPower,Protect|Modest||M|||50|\n|showteam|p2|Kingambit||FocusSash|Defiant|KowtowCleave,IronHead,LowKick,SuckerPunch|Adamant||M|||50|]Farigiraf||SitrusBerry|ArmorTail|TrickRoom,Thunderbolt,HelpingHand,SunnyDay|Serious||M|||50|]Charizard||CharizarditeY|Blaze|HeatWave,WeatherBall,SolarBeam,Protect|Modest||F|||50|]Aerodactyl||Aerodactylite|Unnerve|RockSlide,DualWingbeat,IceFang,Tailwind|Jolly||F|||50|]Garchomp||LifeOrb|RoughSkin|Protect,Earthquake,DragonClaw,StompingTantrum|Jolly||F|||50|]Sylveon||FairyFeather|Pixilate|HyperBeam,HyperVoice,QuickAttack,Protect|Modest||F|||50|\n|inactive|Battle timer is ON: inactive players will automatically lose when time's up. (requested by spodermees)\n|inactive|jirkunow has 60 seconds left.\n|inactive|spodermees has 60 seconds left.\n|\n|t:|1788185464\n|teamsize|p1|4\n|teamsize|p2|4\n|start\n|switch|p1a: Pelipper|Pelipper, L50, M|100/100\n|switch|p1b: Basculegion|Basculegion, L50, M|100/100\n|switch|p2a: Sylveon|Sylveon, L50, F|100/100\n|switch|p2b: Farigiraf|Farigiraf, L50, M|100/100\n|-weather|RainDance|[from] ability: Drizzle|[of] p1a: Pelipper\n|turn|1\n|\n|t:|1788185483\n|move|p1b: Basculegion|Flip Turn|p2a: Sylveon\n|-damage|p2a: Sylveon|45/100\n|\n|t:|1788185488\n|switch|p1b: Venusaur|Venusaur, L50, M|100/100|[from] Flip Turn\n|move|p1a: Pelipper|Hurricane|p2a: Sylveon\n|-damage|p2a: Sylveon|7/100\n|-start|p2a: Sylveon|confusion\n|-activate|p2a: Sylveon|confusion\n|move|p2a: Sylveon|Hyper Voice|p1a: Pelipper|[spread] p1a,p1b\n|-resisted|p1b: Venusaur|1\n|-damage|p1a: Pelipper|18/100\n|-damage|p1b: Venusaur|75/100\n|move|p2b: Farigiraf|Thunderbolt|p1a: Pelipper\n|-supereffective|p1a: Pelipper|2\n|-damage|p1a: Pelipper|0 fnt\n|faint|p1a: Pelipper\n|\n|-weather|RainDance|[upkeep]\n|upkeep\n|\n|t:|1788185501\n|switch|p1a: Archaludon|Archaludon, L50, F|100/100\n|turn|2\n|\n|t:|1788185511\n|switch|p2a: Kingambit|Kingambit, L50, M|100/100\n|detailschange|p1b: Venusaur|Venusaur-Mega, L50, M\n|-mega|p1b: Venusaur|Venusaur|Venusaurite\n|move|p1a: Archaludon|Electro Shot||[still]\n|-prepare|p1a: Archaludon|Electro Shot\n|-boost|p1a: Archaludon|spa|1\n|-anim|p1a: Archaludon|Electro Shot|p2b: Farigiraf\n|-damage|p2b: Farigiraf|40/100\n|-enditem|p2b: Farigiraf|Sitrus Berry|[eat]\n|-heal|p2b: Farigiraf|65/100|[from] item: Sitrus Berry\n|move|p1b: Venusaur|Sludge Bomb|p2b: Farigiraf\n|-damage|p2b: Farigiraf|22/100\n|move|p2b: Farigiraf|Sunny Day|p2b: Farigiraf\n|-weather|SunnyDay\n|\n|-weather|SunnyDay|[upkeep]\n|upkeep\n|turn|3\n|\n|t:|1788185535\n|switch|p2b: Sylveon|Sylveon, L50, F|7/100\n|move|p1a: Archaludon|Dragon Pulse|p2b: Sylveon\n|-immune|p2b: Sylveon\n|move|p1b: Venusaur|Earth Power|p2a: Kingambit\n|-supereffective|p2a: Kingambit|1\n|-damage|p2a: Kingambit|34/100\n|move|p2a: Kingambit|Kowtow Cleave|p1b: Venusaur\n|-damage|p1b: Venusaur|36/100\n|\n|-weather|SunnyDay|[upkeep]\n|upkeep\n|turn|4\n|inactive|jirkunow has 30 seconds left.\n|\n|t:|1788185565\n|move|p2a: Kingambit|Sucker Punch|p1b: Venusaur\n|-damage|p1b: Venusaur|4/100\n|move|p1a: Archaludon|Flash Cannon|p2a: Kingambit\n|-resisted|p2a: Kingambit|1\n|-damage|p2a: Kingambit|4/100\n|move|p1b: Venusaur|Giga Drain|p2b: Sylveon\n|-damage|p2b: Sylveon|0 fnt\n|-heal|p1b: Venusaur|8/100|[from] drain|[of] p2b: Sylveon\n|faint|p2b: Sylveon\n|\n|-weather|SunnyDay|[upkeep]\n|upkeep\n|\n|t:|1788185572\n|switch|p2b: Charizard|Charizard, L50, F|100/100\n|turn|5\n|\n|t:|1788185582\n|detailschange|p2b: Charizard|Charizard-Mega-Y, L50, F\n|-mega|p2b: Charizard|Charizard|Charizardite Y\n|move|p1a: Archaludon|Protect|p1a: Archaludon\n|-singleturn|p1a: Archaludon|Protect\n|move|p2a: Kingambit|Sucker Punch||[still]\n|-fail|p2a: Kingambit\n|move|p2b: Charizard|Heat Wave|p1a: Archaludon|[spread] p1b\n|-activate|p1a: Archaludon|move: Protect\n|-supereffective|p1b: Venusaur|1\n|-damage|p1b: Venusaur|0 fnt\n|faint|p1b: Venusaur\n|\n|-weather|SunnyDay|[upkeep]\n|upkeep\n|\n|t:|1788185589\n|switch|p1b: Basculegion|Basculegion, L50, M|100/100\n|turn|6\n|\n|t:|1788185604\n|switch|p2b: Farigiraf|Farigiraf, L50, M|22/100\n|move|p1b: Basculegion|Aqua Jet||[still]\n|cant|p2b: Farigiraf|ability: Armor Tail|Aqua Jet|[of] p1b: Basculegion\n|move|p2a: Kingambit|Sucker Punch||[still]\n|-fail|p2a: Kingambit\n|move|p1a: Archaludon|Dragon Pulse|p2b: Farigiraf\n|-damage|p2b: Farigiraf|0 fnt\n|faint|p2b: Farigiraf\n|\n|-weather|none\n|upkeep\n|\n|t:|1788185608\n|switch|p2b: Charizard|Charizard-Mega-Y, L50, F|100/100\n|-weather|SunnyDay|[from] ability: Drought|[of] p2b: Charizard\n|turn|7\n|inactive|jirkunow has 30 seconds left.\n|\n|t:|1788185636\n|move|p1b: Basculegion|Aqua Jet|p2a: Kingambit\n|-damage|p2a: Kingambit|0 fnt\n|faint|p2a: Kingambit\n|move|p2b: Charizard|Solar Beam||[still]\n|-prepare|p2b: Charizard|Solar Beam\n|-anim|p2b: Charizard|Solar Beam|p1b: Basculegion\n|-supereffective|p1b: Basculegion|1\n|-damage|p1b: Basculegion|0 fnt\n|faint|p1b: Basculegion\n|move|p1a: Archaludon|Dragon Pulse|p2b: Charizard\n|-damage|p2b: Charizard|32/100\n|\n|-weather|SunnyDay|[upkeep]\n|upkeep\n|turn|8\n|inactive|jirkunow has 30 seconds left.\n|\n|t:|1788185667\n|move|p1a: Archaludon|Protect|p1a: Archaludon\n|-singleturn|p1a: Archaludon|Protect\n|move|p2b: Charizard|Weather Ball|p1a: Archaludon\n|-activate|p1a: Archaludon|move: Protect\n|\n|-weather|SunnyDay|[upkeep]\n|upkeep\n|turn|9\n|\n|t:|1788185677\n|move|p2b: Charizard|Weather Ball|p1a: Archaludon\n|-damage|p1a: Archaludon|0 fnt\n|faint|p1a: Archaludon\n|\n|win|spodermees\n","uploadtime":1788185677,"views":"0","formatid":"gen9championsvgc2026regmbbo3","rating":null,"private":0,"password":null}