{"id":"gen9championsvgc2026regmbbo3-2674500100","format":"[Gen 9 Champions] VGC 2026 Reg M-B (Bo3)","players":["Sajurnetinutom","jackpaulsartre33"],"log":"|j|☆Sajurnetinutom\n|j|☆jackpaulsartre33\n|html|<table width=\"100%\"><tr><td align=\"left\">Sajurnetinutom</td><td align=\"right\">jackpaulsartre33</tr><tr><td align=\"left\"><i class=\"fa fa-circle-o\"></i> <i class=\"fa fa-circle-o\"></i> </td><td align=\"right\"><i class=\"fa fa-circle-o\"></i> <i class=\"fa fa-circle-o\"></i> </tr></table>\n|uhtml|bestof|<h2><strong>Game 1</strong> of <a href=\"/game-bestof3-gen9championsvgc2026regmbbo3-2674500099\">a best-of-3</a></h2>\n|t:|1788367093\n|gametype|doubles\n|player|p1|Sajurnetinutom|2|1107\n|player|p2|jackpaulsartre33|1|1162\n|gen|9\n|tier|[Gen 9 Champions] VGC 2026 Reg M-B (Bo3)\n|rated|\n|rule|Species Clause: Limit one of each Pokémon\n|rule|Item Clause: Limit 1 of each item\n|clearpoke\n|poke|p1|Dragonite, L50, F|\n|poke|p1|Sneasler, L50, M|\n|poke|p1|Basculegion, L50, M|\n|poke|p1|Kingambit, L50, M|\n|poke|p1|Garchomp, L50, F|\n|poke|p1|Floette-Eternal, L50, F|\n|poke|p2|Charizard, L50, M|\n|poke|p2|Kingambit, L50, F|\n|poke|p2|Sylveon, L50, F|\n|poke|p2|Aerodactyl, L50, F|\n|poke|p2|Farigiraf, L50, F|\n|poke|p2|Garchomp, L50, M|\n|teampreview|4\n|showteam|p1|Dragonite||Dragoninite|Multiscale|DragonPulse,HeatWave,ExtremeSpeed,Protect|Modest||F|||50|]Sneasler||FocusSash|PoisonTouch|CloseCombat,DireClaw,FakeOut,Feint|Jolly||M|||50|]Basculegion||LifeOrb|Adaptability|WaveCrash,LastRespects,AquaJet,Protect|Adamant||M|||50|]Kingambit||ChopleBerry|Defiant|SuckerPunch,KowtowCleave,LowKick,IronHead|Adamant||M|||50|]Garchomp||ChoiceScarf|RoughSkin|DragonClaw,StompingTantrum,Earthquake,RockSlide|Adamant||F|||50|]Floette-Eternal||Floettite|FlowerVeil|Moonblast,DazzlingGleam,LightofRuin,Protect|Timid||F|||50|\n|showteam|p2|Charizard||CharizarditeY|Blaze|HeatWave,SolarBeam,WeatherBall,Protect|Modest||M|||50|]Kingambit||FocusSash|Defiant|SuckerPunch,KowtowCleave,IronHead,LowKick|Adamant||F|||50|]Sylveon||FairyFeather|Pixilate|HyperVoice,HyperBeam,Protect,QuickAttack|Modest||F|||50|]Aerodactyl||Aerodactylite|Unnerve|IceFang,RockSlide,Tailwind,DualWingbeat|Jolly||F|||50|]Farigiraf||SitrusBerry|ArmorTail|TrickRoom,Psychic,Thunderbolt,Protect|Bold||F|||50|]Garchomp||LifeOrb|RoughSkin|DragonClaw,RockTomb,Earthquake,Protect|Jolly||M|||50|\n|inactive|Battle timer is ON: inactive players will automatically lose when time's up. (requested by jackpaulsartre33)\n|inactive|jackpaulsartre33 has 60 seconds left.\n|\n|t:|1788367133\n|teamsize|p1|4\n|teamsize|p2|4\n|start\n|switch|p1a: Kingambit|Kingambit, L50, M|100/100\n|switch|p1b: Garchomp|Garchomp, L50, F|100/100\n|switch|p2a: Farigiraf|Farigiraf, L50, F|100/100\n|switch|p2b: Sylveon|Sylveon, L50, F|100/100\n|turn|1\n|inactive|Sajurnetinutom has 30 seconds left.\n|inactive|jackpaulsartre33 has 30 seconds left.\n|inactive|jackpaulsartre33 has 20 seconds left.\n|\n|t:|1788367170\n|switch|p1b: Basculegion|Basculegion, L50, M|100/100\n|move|p2b: Sylveon|Hyper Voice|p1b: Basculegion|[spread] p1a,p1b\n|-damage|p1a: Kingambit|56/100\n|-damage|p1b: Basculegion|52/100\n|move|p1a: Kingambit|Iron Head|p2b: Sylveon\n|-supereffective|p2b: Sylveon|1\n|-damage|p2b: Sylveon|3/100\n|move|p2a: Farigiraf|Trick Room|p2a: Farigiraf\n|-fieldstart|move: Trick Room|[of] p2a: Farigiraf\n|\n|upkeep\n|turn|2\n|inactive|Sajurnetinutom has 30 seconds left.\n|inactive|jackpaulsartre33 has 30 seconds left.\n|inactive|jackpaulsartre33 has 20 seconds left.\n|\n|t:|1788367207\n|switch|p2b: Kingambit|Kingambit, L50, F|100/100\n|move|p1a: Kingambit|Low Kick|p2b: Kingambit\n|-supereffective|p2b: Kingambit|2\n|-enditem|p2b: Kingambit|Focus Sash\n|-damage|p2b: Kingambit|1/100\n|move|p2a: Farigiraf|Thunderbolt|p1b: Basculegion\n|-supereffective|p1b: Basculegion|1\n|-damage|p1b: Basculegion|6/100\n|move|p1b: Basculegion|Wave Crash|p2a: Farigiraf\n|-damage|p2a: Farigiraf|20/100y\n|-enditem|p2a: Farigiraf|Sitrus Berry|[eat]\n|-heal|p2a: Farigiraf|45/100|[from] item: Sitrus Berry\n|-damage|p1b: Basculegion|0 fnt|[from] Recoil\n|faint|p1b: Basculegion\n|\n|upkeep\n|\n|t:|1788367222\n|switch|p1b: Garchomp|Garchomp, L50, F|100/100\n|turn|3\n|inactive|jackpaulsartre33 has 30 seconds left.\n|inactive|jackpaulsartre33 has 20 seconds left.\n|\n|t:|1788367262\n|switch|p1a: Dragonite|Dragonite, L50, F|100/100\n|move|p2a: Farigiraf|Protect|p2a: Farigiraf\n|-singleturn|p2a: Farigiraf|Protect\n|move|p2b: Kingambit|Low Kick|p1a: Dragonite\n|-resisted|p1a: Dragonite|1\n|-damage|p1a: Dragonite|88/100\n|move|p1b: Garchomp|Earthquake|p2a: Farigiraf|[spread] p2b\n|-activate|p2a: Farigiraf|move: Protect\n|-immune|p1a: Dragonite\n|-supereffective|p2b: Kingambit|1\n|-damage|p2b: Kingambit|0 fnt\n|faint|p2b: Kingambit\n|\n|upkeep\n|\n|t:|1788367271\n|switch|p2b: Sylveon|Sylveon, L50, F|3/100\n|turn|4\n|\n|t:|1788367286\n|switch|p2a: Charizard|Charizard, L50, M|100/100\n|detailschange|p1a: Dragonite|Dragonite-Mega, L50, F\n|-mega|p1a: Dragonite|Dragonite|Dragoninite\n|move|p1a: Dragonite|Protect|p1a: Dragonite\n|-singleturn|p1a: Dragonite|Protect\n|move|p2b: Sylveon|Hyper Voice|p1b: Garchomp|[spread] p1b\n|-activate|p1a: Dragonite|move: Protect\n|-supereffective|p1b: Garchomp|1\n|-damage|p1b: Garchomp|3/100\n|move|p1b: Garchomp|Earthquake|p2a: Charizard|[spread] p2b\n|-activate|p1a: Dragonite|move: Protect\n|-immune|p2a: Charizard\n|-damage|p2b: Sylveon|0 fnt\n|faint|p2b: Sylveon\n|\n|upkeep\n|\n|t:|1788367298\n|switch|p2b: Farigiraf|Farigiraf, L50, F|45/100\n|turn|5\n|inactive|jackpaulsartre33 has 30 seconds left.\n|\n|t:|1788367329\n|detailschange|p2a: Charizard|Charizard-Mega-Y, L50, M\n|-mega|p2a: Charizard|Charizard|Charizardite Y\n|-weather|SunnyDay|[from] ability: Drought|[of] p2a: Charizard\n|move|p2b: Farigiraf|Psychic|p1b: Garchomp\n|-damage|p1b: Garchomp|0 fnt\n|faint|p1b: Garchomp\n|move|p2a: Charizard|Weather Ball|p1a: Dragonite\n|-resisted|p1a: Dragonite|1\n|-damage|p1a: Dragonite|51/100\n|move|p1a: Dragonite|Dragon Pulse|p2a: Charizard\n|-damage|p2a: Charizard|54/100\n|\n|-weather|SunnyDay|[upkeep]\n|-fieldend|move: Trick Room\n|upkeep\n|\n|t:|1788367343\n|switch|p1b: Kingambit|Kingambit, L50, M|56/100\n|turn|6\n|inactive|jackpaulsartre33 has 30 seconds left.\n|\n|t:|1788367374\n|move|p2b: Farigiraf|Protect|p2b: Farigiraf\n|-singleturn|p2b: Farigiraf|Protect\n|move|p1b: Kingambit|Sucker Punch||[still]\n|cant|p2b: Farigiraf|ability: Armor Tail|Sucker Punch|[of] p1b: Kingambit\n|move|p1a: Dragonite|Heat Wave|p2b: Farigiraf|[spread] p2a\n|-activate|p2b: Farigiraf|move: Protect\n|-resisted|p2a: Charizard|1\n|-damage|p2a: Charizard|36/100\n|move|p2a: Charizard|Weather Ball|p1b: Kingambit\n|-supereffective|p1b: Kingambit|1\n|-damage|p1b: Kingambit|0 fnt\n|faint|p1b: Kingambit\n|\n|-weather|SunnyDay|[upkeep]\n|upkeep\n|turn|7\n|inactive|jackpaulsartre33 has 30 seconds left.\n|\n|t:|1788367404\n|move|p1a: Dragonite|Heat Wave|p2b: Farigiraf|[spread] p2a,p2b\n|-resisted|p2a: Charizard|1\n|-damage|p2a: Charizard|18/100\n|-damage|p2b: Farigiraf|4/100\n|move|p2a: Charizard|Weather Ball|p1a: Dragonite\n|-resisted|p1a: Dragonite|1\n|-damage|p1a: Dragonite|11/100\n|move|p2b: Farigiraf|Trick Room|p2b: Farigiraf\n|-fieldstart|move: Trick Room|[of] p2b: Farigiraf\n|\n|-weather|SunnyDay|[upkeep]\n|upkeep\n|turn|8\n|\n|t:|1788367414\n|move|p1a: Dragonite|Protect|p1a: Dragonite\n|-singleturn|p1a: Dragonite|Protect\n|move|p2b: Farigiraf|Thunderbolt|p1a: Dragonite\n|-activate|p1a: Dragonite|move: Protect\n|move|p2a: Charizard|Weather Ball|p1a: Dragonite\n|-activate|p1a: Dragonite|move: Protect\n|\n|-weather|SunnyDay|[upkeep]\n|upkeep\n|turn|9\n|\n|t:|1788367428\n|move|p2b: Farigiraf|Thunderbolt|p1a: Dragonite\n|-damage|p1a: Dragonite|0 fnt\n|faint|p1a: Dragonite\n|\n|win|jackpaulsartre33\n|l|☆Sajurnetinutom\n|player|p1|\n","uploadtime":1788367435,"views":"0","formatid":"gen9championsvgc2026regmbbo3","rating":null,"private":0,"password":null}