{"id":"gen9championsvgc2026regmb-2675018538","format":"[Gen 9 Champions] VGC 2026 Reg M-B","players":["erg235gr","Professor Hen"],"log":"|j|☆erg235gr\n|j|☆Professor Hen\n|t:|1788449309\n|gametype|doubles\n|player|p1|erg235gr|169|1439\n|player|p2|Professor Hen|1|1317\n|gen|9\n|tier|[Gen 9 Champions] VGC 2026 Reg M-B\n|rated|\n|rule|Species Clause: Limit one of each Pokémon\n|rule|Item Clause: Limit 1 of each item\n|clearpoke\n|poke|p1|Metagross, L50|\n|poke|p1|Swampert, L50, F|\n|poke|p1|Floette-Eternal, L50, F|\n|poke|p1|Incineroar, L50, M|\n|poke|p1|Drampa, L50, F|\n|poke|p1|Sableye, L50, F|\n|poke|p2|Pelipper, L50, M|\n|poke|p2|Archaludon, L50, M|\n|poke|p2|Sinistcha, L50|\n|poke|p2|Scizor, L50, M|\n|poke|p2|Rotom-Wash, L50|\n|poke|p2|Lycanroc-Dusk, L50, M|\n|teampreview|4\n|inactive|Battle timer is ON: inactive players will automatically lose when time's up. (requested by erg235gr)\n|inactive|Professor Hen has 60 seconds left.\n|inactive|erg235gr has 30 seconds left.\n|\n|t:|1788449410\n|teamsize|p1|4\n|teamsize|p2|4\n|start\n|switch|p1a: Sableye|Sableye, L50, F|100/100\n|switch|p1b: Metagross|Metagross, L50|100/100\n|switch|p2a: Rotom|Rotom-Wash, L50|100/100\n|switch|p2b: Archaludon|Archaludon, L50, M|100/100\n|turn|1\n|inactive|Professor Hen has 30 seconds left.\n|inactive|erg235gr has 30 seconds left.\n|inactive|Professor Hen has 20 seconds left.\n|\n|t:|1788449450\n|move|p1b: Metagross|Protect|p1b: Metagross\n|-singleturn|p1b: Metagross|Protect\n|move|p2b: Archaludon|Protect|p2b: Archaludon\n|-singleturn|p2b: Archaludon|Protect\n|move|p1a: Sableye|Light Screen|p1a: Sableye\n|-sidestart|p1: erg235gr|move: Light Screen\n|move|p2a: Rotom|Trick|p1a: Sableye\n|-activate|p2a: Rotom|move: Trick|[of] p1a: Sableye\n|-item|p1a: Sableye|Choice Scarf|[from] move: Trick\n|-item|p2a: Rotom|Light Clay|[from] move: Trick\n|\n|upkeep\n|turn|2\n|inactive|Professor Hen has 30 seconds left.\n|inactive|erg235gr has 30 seconds left.\n|inactive|Professor Hen has 20 seconds left.\n|inactive|erg235gr has 20 seconds left.\n|inactive|Professor Hen has 15 seconds left.\n|inactive|erg235gr has 15 seconds left.\n|inactive|Professor Hen has 10 seconds left.\n|inactive|erg235gr has 10 seconds left.\n|inactive|erg235gr has 5 seconds left.\n|\n|t:|1788449506\n|switch|p2b: Pelipper|Pelipper, L50, M|100/100\n|-weather|RainDance|[from] ability: Drizzle|[of] p2b: Pelipper\n|detailschange|p1b: Metagross|Metagross-Mega, L50\n|-mega|p1b: Metagross|Metagross|Metagrossite\n|move|p1a: Sableye|Taunt|p2a: Rotom\n|-start|p2a: Rotom|move: Taunt\n|move|p1b: Metagross|Brick Break|p2b: Pelipper\n|-resisted|p2b: Pelipper|1\n|-damage|p2b: Pelipper|79/100\n|cant|p2a: Rotom|move: Taunt|Will-O-Wisp\n|\n|-weather|RainDance|[upkeep]\n|upkeep\n|turn|3\n|inactive|Professor Hen has 30 seconds left.\n|\n|t:|1788449532\n|move|p1a: Sableye|Taunt|p2b: Pelipper\n|-start|p2b: Pelipper|move: Taunt\n|move|p1b: Metagross|Psychic Fangs|p2b: Pelipper\n|-damage|p2b: Pelipper|14/100\n|move|p2a: Rotom|Hydro Pump|p1b: Metagross\n|-damage|p1b: Metagross|55/100\n|move|p2b: Pelipper|Muddy Water|p1a: Sableye|[spread] p1b\n|-miss|p2b: Pelipper|p1a: Sableye\n|-damage|p1b: Metagross|33/100\n|-unboost|p1b: Metagross|accuracy|1\n|\n|-weather|RainDance|[upkeep]\n|upkeep\n|turn|4\n|inactive|erg235gr has 30 seconds left.\n|inactive|Professor Hen has 30 seconds left.\n|\n|t:|1788449560\n|switch|p2b: Archaludon|Archaludon, L50, M|100/100\n|switch|p1a: Drampa|Drampa, L50, F|100/100\n|-ability|p1a: Drampa|Cloud Nine\n|move|p1b: Metagross|Psychic Fangs|p2a: Rotom\n|-damage|p2a: Rotom|30/100\n|move|p2a: Rotom|Volt Switch|p1b: Metagross\n|-damage|p1b: Metagross|12/100\n|inactive|Professor Hen has 30 seconds left.\n|\n|t:|1788449590\n|switch|p2a: Lycanroc|Lycanroc-Dusk, L50, M|100/100|[from] Volt Switch\n|\n|-weather|RainDance|[upkeep]\n|upkeep\n|turn|5\n|\n|t:|1788449614\n|switch|p1b: Incineroar|Incineroar, L50, M|100/100\n|-ability|p1b: Incineroar|Intimidate|boost\n|-unboost|p2a: Lycanroc|atk|1\n|-unboost|p2b: Archaludon|atk|1\n|move|p2a: Lycanroc|Sucker Punch||[still]\n|-fail|p2a: Lycanroc\n|move|p2b: Archaludon|Dragon Pulse|p1a: Drampa\n|-supereffective|p1a: Drampa|1\n|-damage|p1a: Drampa|49/100\n|move|p1a: Drampa|Earth Power|p2a: Lycanroc\n|-supereffective|p2a: Lycanroc|1\n|-enditem|p2a: Lycanroc|Focus Sash\n|-damage|p2a: Lycanroc|1/100\n|\n|-weather|RainDance|[upkeep]\n|upkeep\n|turn|6\n|\n|t:|1788449637\n|switch|p2a: Rotom|Rotom-Wash, L50|30/100\n|move|p1b: Incineroar|Fake Out|p2b: Archaludon\n|-resisted|p2b: Archaludon|1\n|-damage|p2b: Archaludon|95/100\n|-ability|p2b: Archaludon|Stamina|boost\n|-boost|p2b: Archaludon|def|1\n|cant|p2b: Archaludon|flinch\n|move|p1a: Drampa|Earth Power|p2b: Archaludon\n|-supereffective|p2b: Archaludon|1\n|-damage|p2b: Archaludon|29/100\n|-ability|p2b: Archaludon|Stamina|boost\n|-boost|p2b: Archaludon|def|1\n|\n|-weather|RainDance|[upkeep]\n|-heal|p2b: Archaludon|36/100|[from] item: Leftovers\n|upkeep\n|turn|7\n|inactive|Professor Hen has 30 seconds left.\n|inactive|Professor Hen has 20 seconds left.\n|\n|t:|1788449676\n|move|p1a: Drampa|Protect|p1a: Drampa\n|-singleturn|p1a: Drampa|Protect\n|move|p2a: Rotom|Hydro Pump|p1b: Incineroar\n|-supereffective|p1b: Incineroar|1\n|-damage|p1b: Incineroar|50/100y\n|-enditem|p1b: Incineroar|Sitrus Berry|[eat]\n|-heal|p1b: Incineroar|74/100|[from] item: Sitrus Berry\n|move|p2b: Archaludon|Dragon Pulse|p1a: Drampa\n|-activate|p1a: Drampa|move: Protect\n|move|p1b: Incineroar|Parting Shot|p2b: Archaludon\n|-unboost|p2b: Archaludon|atk|1\n|-unboost|p2b: Archaludon|spa|1\n|\n|t:|1788449685\n|switch|p1b: Metagross|Metagross-Mega, L50|12/100|[from] Parting Shot\n|\n|-weather|RainDance|[upkeep]\n|-heal|p2b: Archaludon|42/100|[from] item: Leftovers\n|upkeep\n|turn|8\n|inactive|Professor Hen has 30 seconds left.\n|\n|t:|1788449718\n|move|p1b: Metagross|Psychic Fangs|p2a: Rotom\n|-damage|p2a: Rotom|0 fnt\n|faint|p2a: Rotom\n|move|p2b: Archaludon|Dragon Pulse|p1a: Drampa\n|-supereffective|p1a: Drampa|1\n|-damage|p1a: Drampa|19/100\n|move|p1a: Drampa|Earth Power|p2b: Archaludon\n|-supereffective|p2b: Archaludon|1\n|-damage|p2b: Archaludon|0 fnt\n|faint|p2b: Archaludon\n|\n|-weather|RainDance|[upkeep]\n|-sideend|p1: erg235gr|move: Light Screen\n|upkeep\n|\n|t:|1788449725\n|switch|p2a: Pelipper|Pelipper, L50, M|14/100\n|switch|p2b: Lycanroc|Lycanroc-Dusk, L50, M|1/100\n|turn|9\n|inactive|erg235gr has 30 seconds left.\n|inactive|Professor Hen has 30 seconds left.\n|inactive|erg235gr has 20 seconds left.\n|inactive|Professor Hen has 20 seconds left.\n|inactive|erg235gr has 15 seconds left.\n|inactive|Professor Hen has 15 seconds left.\n|inactive|Professor Hen has 10 seconds left.\n|\n|t:|1788449777\n|move|p1b: Metagross|Protect|p1b: Metagross\n|-singleturn|p1b: Metagross|Protect\n|move|p2b: Lycanroc|Sucker Punch||[still]\n|-fail|p2b: Lycanroc\n|move|p2a: Pelipper|Muddy Water|p1b: Metagross|[spread] \n|-activate|p1b: Metagross|move: Protect\n|-miss|p2a: Pelipper|p1a: Drampa\n|move|p1a: Drampa|Dragon Pulse|p2a: Pelipper\n|-damage|p2a: Pelipper|0 fnt\n|faint|p2a: Pelipper\n|\n|-weather|none\n|upkeep\n|turn|10\n|\n|t:|1788449788\n|move|p2b: Lycanroc|Sucker Punch|p1b: Metagross\n|-supereffective|p1b: Metagross|1\n|-damage|p1b: Metagross|0 fnt\n|faint|p1b: Metagross\n|move|p1a: Drampa|Dragon Pulse|p2b: Lycanroc\n|-damage|p2b: Lycanroc|0 fnt\n|faint|p2b: Lycanroc\n|\n|win|erg235gr\n|raw|erg235gr's rating: 1439 &rarr; <strong>1452</strong><br />(+13 for winning)\n|raw|Professor Hen's rating: 1317 &rarr; <strong>1304</strong><br />(-13 for losing)\n|l|☆Professor Hen\n|player|p2|\n","uploadtime":1788450001,"views":"6","formatid":"gen9championsvgc2026regmb","rating":1304,"private":0,"password":null}