{"id":"gen9championsvgc2026regmbbo3-2674848833","format":"[Gen 9 Champions] VGC 2026 Reg M-B (Bo3)","players":["Mister Taint","lost_bob"],"log":"|j|☆Mister Taint\n|j|☆lost_bob\n|html|<table width=\"100%\"><tr><td align=\"left\">Mister Taint</td><td align=\"right\">lost_bob</tr><tr><td align=\"left\"><i class=\"fa fa-circle-o\"></i> <i class=\"fa fa-circle-o\"></i> </td><td align=\"right\"><i class=\"fa fa-circle-o\"></i> <i class=\"fa fa-circle-o\"></i> </tr></table>\n|uhtml|bestof|<h2><strong>Game 1</strong> of <a href=\"/game-bestof3-gen9championsvgc2026regmbbo3-2674848832\">a best-of-3</a></h2>\n|t:|1788420572\n|gametype|doubles\n|player|p1|Mister Taint|101|1029\n|player|p2|lost_bob|170|1000\n|gen|9\n|tier|[Gen 9 Champions] VGC 2026 Reg M-B (Bo3)\n|rated|\n|rule|Species Clause: Limit one of each Pokémon\n|rule|Item Clause: Limit 1 of each item\n|clearpoke\n|poke|p1|Incineroar, L50, F|\n|poke|p1|Staraptor, L50, F|\n|poke|p1|Froslass, L50, F|\n|poke|p1|Lucario, L50, F|\n|poke|p1|Blastoise, L50, M|\n|poke|p1|Abomasnow, L50, M|\n|poke|p2|Swampert, L50, M|\n|poke|p2|Sableye, L50, F|\n|poke|p2|Archaludon, L50, F|\n|poke|p2|Rotom-Wash, L50|\n|poke|p2|Basculegion, L50, M|\n|poke|p2|Sinistcha, L50|\n|teampreview|4\n|showteam|p1|Incineroar||KingsRock|Intimidate|FakeOut,Snarl,PartingShot,FlareBlitz|Relaxed||F|||50|]Staraptor||Staraptite|Intimidate|Tailwind,BraveBird,CloseCombat,Protect|Jolly||F|||50|]Froslass||Froslassite|SnowCloak|AuroraVeil,Blizzard,ShadowBall,Protect|Timid||F|||50|]Lucario||Lucarionite|InnerFocus|HighJumpKick,BulletPunch,Protect,Earthquake|Adamant||F|||50|]Blastoise||Blastoisinite|Torrent|WaterSpout,Blizzard,DarkPulse,Protect|Modest||M|||50|]Abomasnow||Abomasite|SnowWarning|AuroraVeil,Blizzard,Protect,EarthPower|Calm||M|||50|\n|showteam|p2|Swampert||Swampertite|Torrent|WaveCrash,HighHorsepower,IcePunch,Protect|Jolly||M|||50|]Sableye||LightClay|Prankster|RainDance,WillOWisp,LightScreen,Reflect|Calm||F|||50|]Archaludon||Leftovers|Stamina|ElectroShot,DragonPulse,FlashCannon,Protect|Timid||F|||50|]Rotom-Wash||SitrusBerry|Levitate|Discharge,HydroPump,Thunder,Protect|Timid|||||50|]Basculegion||LifeOrb|SwiftSwim|AquaJet,LastRespects,WaveCrash,Protect|Adamant||M|||50|]Sinistcha||KasibBerry|Hospitality|MatchaGotcha,RagePowder,LifeDew,Protect|Bold|||||50|\n|\n|t:|1788420588\n|teamsize|p1|4\n|teamsize|p2|4\n|start\n|switch|p1a: Abomasnow|Abomasnow, L50, M|100/100\n|switch|p1b: Staraptor|Staraptor, L50, F|100/100\n|switch|p2a: Skipper|Sableye, L50, F|100/100\n|switch|p2b: Simon|Swampert, L50, M|100/100\n|-ability|p1b: Staraptor|Intimidate|boost\n|-unboost|p2a: Skipper|atk|1\n|-unboost|p2b: Simon|atk|1\n|-weather|Snowscape|[from] ability: Snow Warning|[of] p1a: Abomasnow\n|turn|1\n|\n|t:|1788420613\n|detailschange|p2b: Simon|Swampert-Mega, L50, M\n|-mega|p2b: Simon|Swampert|Swampertite\n|move|p2a: Skipper|Rain Dance|p2a: Skipper\n|-weather|RainDance\n|move|p2b: Simon|Wave Crash|p1b: Staraptor\n|-damage|p1b: Staraptor|0 fnt\n|faint|p1b: Staraptor\n|-damage|p2b: Simon|69/100|[from] Recoil\n|move|p1a: Abomasnow|Aurora Veil||[still]\n|-fail|p1a: Abomasnow\n|\n|-weather|RainDance|[upkeep]\n|upkeep\n|\n|t:|1788420622\n|switch|p1b: Blastoise|Blastoise, L50, M|100/100\n|turn|2\n|\n|t:|1788420641\n|switch|p1a: Lucario|Lucario, L50, F|100/100\n|detailschange|p1b: Blastoise|Blastoise-Mega, L50, M\n|-mega|p1b: Blastoise|Blastoise|Blastoisinite\n|move|p2a: Skipper|Light Screen|p2a: Skipper\n|-sidestart|p2: lost_bob|move: Light Screen\n|move|p2b: Simon|Wave Crash|p1b: Blastoise\n|-resisted|p1b: Blastoise|1\n|-damage|p1b: Blastoise|70/100\n|-damage|p2b: Simon|59/100|[from] Recoil\n|move|p1b: Blastoise|Blizzard|p2b: Simon|[spread] p2b\n|-miss|p1b: Blastoise|p2a: Skipper\n|-damage|p2b: Simon|38/100\n|\n|-weather|RainDance|[upkeep]\n|upkeep\n|turn|3\n|\n|t:|1788420663\n|move|p1b: Blastoise|Protect|p1b: Blastoise\n|-singleturn|p1b: Blastoise|Protect\n|move|p1a: Lucario|Bullet Punch|p2b: Simon\n|-resisted|p2b: Simon|1\n|-damage|p2b: Simon|28/100\n|move|p2a: Skipper|Will-O-Wisp|p1b: Blastoise\n|-activate|p1b: Blastoise|move: Protect\n|move|p2b: Simon|High Horsepower|p1a: Lucario\n|-supereffective|p1a: Lucario|1\n|-damage|p1a: Lucario|0 fnt\n|faint|p1a: Lucario\n|\n|-weather|RainDance|[upkeep]\n|upkeep\n|\n|t:|1788420675\n|switch|p1a: Abomasnow|Abomasnow, L50, M|100/100\n|-weather|Snowscape|[from] ability: Snow Warning|[of] p1a: Abomasnow\n|turn|4\n|\n|t:|1788420698\n|switch|p2b: Big Al|Archaludon, L50, F|100/100\n|move|p2a: Skipper|Will-O-Wisp|p1b: Blastoise|[miss]\n|-miss|p2a: Skipper|p1b: Blastoise\n|move|p1b: Blastoise|Blizzard|p2b: Big Al|[spread] p2a,p2b\n|-damage|p2a: Skipper|78/100\n|-damage|p2b: Big Al|70/100\n|-ability|p2b: Big Al|Stamina|boost\n|-boost|p2b: Big Al|def|1\n|move|p1a: Abomasnow|Blizzard|p2b: Big Al|[spread] p2a,p2b\n|-damage|p2a: Skipper|58/100\n|-damage|p2b: Big Al|41/100\n|-ability|p2b: Big Al|Stamina|boost\n|-boost|p2b: Big Al|def|1\n|\n|-weather|Snowscape|[upkeep]\n|-heal|p2b: Big Al|47/100|[from] item: Leftovers\n|upkeep\n|turn|5\n|\n|t:|1788420719\n|move|p2a: Skipper|Rain Dance|p2a: Skipper\n|-weather|RainDance\n|move|p2b: Big Al|Electro Shot||[still]\n|-prepare|p2b: Big Al|Electro Shot\n|-boost|p2b: Big Al|spa|1\n|-anim|p2b: Big Al|Electro Shot|p1b: Blastoise\n|-supereffective|p1b: Blastoise|1\n|-damage|p1b: Blastoise|0 fnt\n|faint|p1b: Blastoise\n|move|p1a: Abomasnow|Aurora Veil||[still]\n|-fail|p1a: Abomasnow\n|\n|-weather|RainDance|[upkeep]\n|-heal|p2b: Big Al|53/100|[from] item: Leftovers\n|upkeep\n|turn|6\n|\n|t:|1788420737\n|switch|p2a: Barry|Basculegion, L50, M|100/100\n|move|p2b: Big Al|Flash Cannon|p1a: Abomasnow\n|-supereffective|p1a: Abomasnow|1\n|-damage|p1a: Abomasnow|0 fnt\n|faint|p1a: Abomasnow\n|\n|win|lost_bob\n","uploadtime":1788420745,"views":"1","formatid":"gen9championsvgc2026regmbbo3","rating":null,"private":0,"password":null}