{"id":"gen9championsvgc2026regmb-2674775618","format":"[Gen 9 Champions] VGC 2026 Reg M-B","players":["L3goSquirtle","AclorsDeilnor"],"log":"|j|☆L3goSquirtle\n|j|☆AclorsDeilnor\n|t:|1788404457\n|gametype|doubles\n|player|p1|L3goSquirtle|acetrainer-gen4dp|1237\n|player|p2|AclorsDeilnor|unknown|1261\n|gen|9\n|tier|[Gen 9 Champions] VGC 2026 Reg M-B\n|rated|\n|rule|Species Clause: Limit one of each Pokémon\n|rule|Item Clause: Limit 1 of each item\n|clearpoke\n|poke|p1|Charizard, L50, F, shiny|\n|poke|p1|Grimmsnarl, L50, M, shiny|\n|poke|p1|Archaludon, L50, F, shiny|\n|poke|p1|Pelipper, L50, F, shiny|\n|poke|p1|Venusaur, L50, F, shiny|\n|poke|p1|Swampert, L50, M, shiny|\n|poke|p2|Eelektross, L50, M|\n|poke|p2|Oranguru, L50, M|\n|poke|p2|Mudsdale, L50, M|\n|poke|p2|Tsareena, L50, F|\n|poke|p2|Pelipper, L50, M|\n|poke|p2|Basculegion, L50, M|\n|teampreview|4\nL3goSquirtle has agreed to open team sheets.\n|inactive|Battle timer is ON: inactive players will automatically lose when time's up. (requested by AclorsDeilnor)\n|inactive|L3goSquirtle has 60 seconds left.\n|inactive|AclorsDeilnor has 60 seconds left.\n|inactive|L3goSquirtle has 30 seconds left.\n|inactive|L3goSquirtle has 20 seconds left.\n|inactive|L3goSquirtle has 15 seconds left.\n|inactive|L3goSquirtle has 10 seconds left.\n|\n|t:|1788404541\n|teamsize|p1|4\n|teamsize|p2|4\n|start\n|switch|p1a: Pelipper|Pelipper, L50, F, shiny|100/100\n|switch|p1b: Archaludon|Archaludon, L50, F, shiny|100/100\n|switch|p2a: Pelipper|Pelipper, L50, M|100/100\n|switch|p2b: Basculegion|Basculegion, L50, M|100/100\n|-weather|RainDance|[from] ability: Drizzle|[of] p1a: Pelipper\n|turn|1\n|inactive|AclorsDeilnor has 30 seconds left.\n|\n|t:|1788404567\n|switch|p2b: Tsareena|Tsareena, L50, F|100/100\n|move|p1b: Archaludon|Electro Shot||[still]\n|-prepare|p1b: Archaludon|Electro Shot\n|-boost|p1b: Archaludon|spa|1\n|-anim|p1b: Archaludon|Electro Shot|p2b: Tsareena\n|-resisted|p2b: Tsareena|1\n|-damage|p2b: Tsareena|67/100\n|move|p1a: Pelipper|Hurricane|p2a: Pelipper\n|-damage|p2a: Pelipper|61/100\n|move|p2a: Pelipper|Tailwind|p2a: Pelipper\n|-sidestart|p2: AclorsDeilnor|move: Tailwind\n|\n|-weather|RainDance|[upkeep]\n|upkeep\n|turn|2\n|inactive|L3goSquirtle has 30 seconds left.\n|inactive|AclorsDeilnor has 30 seconds left.\n|inactive|L3goSquirtle has 20 seconds left.\n|inactive|L3goSquirtle has 15 seconds left.\n|\n|t:|1788404608\n|move|p2b: Tsareena|Triple Axel|p1a: Pelipper\n|-damage|p1a: Pelipper|92/100\n|-damage|p1a: Pelipper|78/100\n|-hitcount|p1a: Pelipper|2\n|move|p2a: Pelipper|Hurricane|p1a: Pelipper\n|-damage|p1a: Pelipper|31/100\n|-start|p1a: Pelipper|confusion\n|-enditem|p1a: Pelipper|Sitrus Berry|[eat]\n|-heal|p1a: Pelipper|56/100|[from] item: Sitrus Berry\n|move|p1b: Archaludon|Flash Cannon|p2a: Pelipper\n|-resisted|p2a: Pelipper|1\n|-damage|p2a: Pelipper|31/100\n|-enditem|p2a: Pelipper|Sitrus Berry|[eat]\n|-heal|p2a: Pelipper|56/100|[from] item: Sitrus Berry\n|-activate|p1a: Pelipper|confusion\n|move|p1a: Pelipper|Hurricane|p2b: Tsareena\n|-supereffective|p2b: Tsareena|1\n|-damage|p2b: Tsareena|0 fnt\n|faint|p2b: Tsareena\n|\n|-weather|RainDance|[upkeep]\n|upkeep\n|\n|t:|1788404632\n|switch|p2b: Eelektross|Eelektross, L50, M|100/100\n|turn|3\n|\n|t:|1788404648\n|switch|p1a: Swampert|Swampert, L50, M, shiny|100/100\n|detailschange|p2b: Eelektross|Eelektross-Mega, L50, M\n|-mega|p2b: Eelektross|Eelektross|Eelektrossite\n|move|p2b: Eelektross|Thunder|p1a: Swampert\n|-immune|p1a: Swampert\n|move|p2a: Pelipper|Weather Ball|p1a: Swampert\n|-damage|p1a: Swampert|44/100\n|move|p1b: Archaludon|Dragon Pulse|p2b: Eelektross\n|-damage|p2b: Eelektross|50/100y\n|\n|-weather|RainDance|[upkeep]\n|upkeep\n|turn|4\n|inactive|L3goSquirtle has 30 seconds left.\n|\n|t:|1788404682\n|detailschange|p1a: Swampert|Swampert-Mega, L50, M, shiny\n|-mega|p1a: Swampert|Swampert|Swampertite\n|move|p1a: Swampert|Protect|p1a: Swampert\n|-singleturn|p1a: Swampert|Protect\n|move|p2b: Eelektross|Drain Punch|p1b: Archaludon\n|-supereffective|p1b: Archaludon|1\n|-damage|p1b: Archaludon|63/100\n|-heal|p2b: Eelektross|68/100|[from] drain|[of] p1b: Archaludon\n|-ability|p1b: Archaludon|Stamina|boost\n|-boost|p1b: Archaludon|def|1\n|move|p2a: Pelipper|Weather Ball|p1a: Swampert\n|-activate|p1a: Swampert|move: Protect\n|move|p1b: Archaludon|Electro Shot||[still]\n|-prepare|p1b: Archaludon|Electro Shot\n|-boost|p1b: Archaludon|spa|1\n|-anim|p1b: Archaludon|Electro Shot|p2a: Pelipper\n|-supereffective|p2a: Pelipper|2\n|-damage|p2a: Pelipper|0 fnt\n|faint|p2a: Pelipper\n|\n|-weather|RainDance|[upkeep]\n|-heal|p1b: Archaludon|69/100|[from] item: Leftovers\n|-sideend|p2: AclorsDeilnor|move: Tailwind\n|upkeep\n|\n|t:|1788404699\n|switch|p2a: Basculegion|Basculegion, L50, M|100/100\n|turn|5\n|\n|t:|1788404719\n|move|p1b: Archaludon|Protect|p1b: Archaludon\n|-singleturn|p1b: Archaludon|Protect\n|move|p1a: Swampert|Wave Crash|p2a: Basculegion\n|-resisted|p2a: Basculegion|1\n|-damage|p2a: Basculegion|34/100\n|-damage|p1a: Swampert|23/100|[from] Recoil\n|move|p2a: Basculegion|Wave Crash|p1b: Archaludon\n|-activate|p1b: Archaludon|move: Protect\n|move|p2b: Eelektross|Drain Punch|p1b: Archaludon\n|-activate|p1b: Archaludon|move: Protect\n|\n|-weather|none\n|-heal|p1b: Archaludon|75/100|[from] item: Leftovers\n|upkeep\n|turn|6\n|inactive|L3goSquirtle has 30 seconds left.\n|inactive|L3goSquirtle has 20 seconds left.\n|inactive|L3goSquirtle has 15 seconds left.\n|\n|t:|1788404760\n|move|p2a: Basculegion|Protect|p2a: Basculegion\n|-singleturn|p2a: Basculegion|Protect\n|move|p1b: Archaludon|Dragon Pulse|p2b: Eelektross\n|-damage|p2b: Eelektross|0 fnt\n|faint|p2b: Eelektross\n|move|p1a: Swampert|Wave Crash|p2a: Basculegion\n|-activate|p2a: Basculegion|move: Protect\n|\n|-heal|p1b: Archaludon|81/100|[from] item: Leftovers\n|upkeep\n|turn|7\n|-message|AclorsDeilnor forfeited.\n|\n|win|L3goSquirtle\n|raw|L3goSquirtle's rating: 1237 &rarr; <strong>1264</strong><br />(+27 for winning)\n|raw|AclorsDeilnor's rating: 1261 &rarr; <strong>1234</strong><br />(-27 for losing)\n","uploadtime":1788404767,"views":"0","formatid":"gen9championsvgc2026regmb","rating":1234,"private":0,"password":null}