{"id":"gen9championsvgc2026regmbbo3-2674435442","format":"[Gen 9 Champions] VGC 2026 Reg M-B (Bo3)","players":["lux raymundi","RenzochW"],"log":"|j|☆lux raymundi\n|j|☆RenzochW\n|html|<table width=\"100%\"><tr><td align=\"left\">lux raymundi</td><td align=\"right\">RenzochW</tr><tr><td align=\"left\"><i class=\"fa fa-circle\"></i> <i class=\"fa fa-circle-o\"></i> </td><td align=\"right\"><i class=\"fa fa-circle-o\"></i> <i class=\"fa fa-circle\"></i> </tr></table>\n|uhtml|bestof|<h2><strong>Game 3</strong> of <a href=\"/game-bestof3-gen9championsvgc2026regmbbo3-2674428807\">a best-of-3</a></h2>\n|t:|1788359500\n|gametype|doubles\n|player|p1|lux raymundi|102|\n|player|p2|RenzochW|170|\n|gen|9\n|tier|[Gen 9 Champions] VGC 2026 Reg M-B (Bo3)\n|rule|Species Clause: Limit one of each Pokémon\n|rule|Item Clause: Limit 1 of each item\n|clearpoke\n|poke|p1|Sneasler, L50, M|\n|poke|p1|Blastoise, L50, M|\n|poke|p1|Kingambit, L50, M|\n|poke|p1|Incineroar, L50, M|\n|poke|p1|Delphox, L50, F|\n|poke|p1|Sinistcha, L50|\n|poke|p2|Kommo-o, L50, F|\n|poke|p2|Excadrill, L50, F|\n|poke|p2|Tyranitar, L50, M|\n|poke|p2|Grimmsnarl, L50, M|\n|poke|p2|Scovillain, L50, M|\n|poke|p2|Basculegion, L50, M|\n|teampreview|4\n|showteam|p1|Sneasler||FocusSash|PoisonTouch|PoisonJab,CloseCombat,FakeOut,QuickGuard|Jolly||M|||50|]Blastoise||Blastoisinite|RainDish|DarkPulse,WaterSpout,ShellSmash,Protect|Modest||M|||50|]Kingambit||LifeOrb|Defiant|KowtowCleave,SuckerPunch,SwordsDance,Protect|Adamant||M|||50|]Incineroar||SitrusBerry|Intimidate|FlareBlitz,ThroatChop,PartingShot,FakeOut|Careful||M|||50|]Delphox||Delphoxite|Blaze|HeatWave,NastyPlot,Psychic,Protect|Timid||F|||50|]Sinistcha||ColburBerry|Hospitality|MatchaGotcha,RagePowder,TrickRoom,LifeDew|Bold|||||50|\n|showteam|p2|Kommo-o||Leftovers|Overcoat|ClangingScales,ClangorousSoul,AuraSphere,Protect|Modest||F|||50|]Excadrill||LifeOrb|SandRush|HighHorsepower,RockSlide,IronHead,Protect|Adamant||F|||50|]Tyranitar||Tyranitarite|SandStream|DragonDance,RockSlide,KnockOff,Protect|Jolly||M|||50|]Grimmsnarl||LightClay|Prankster|SpiritBreak,LightScreen,Reflect,FakeOut|Impish||M|||50|]Scovillain||Scovillainite|Moody|Protect,RagePowder,Overheat,EnergyBall|Bold||M|||50|]Basculegion||ChoiceScarf|Adaptability|WaveCrash,LastRespects,AquaJet,FlipTurn|Adamant||M|||50|\n|j| JuanLucasRoca\n|\n|t:|1788359559\n|teamsize|p1|4\n|teamsize|p2|4\n|start\n|switch|p1a: Incineroar|Incineroar, L50, M|100/100\n|switch|p1b: Blastoise|Blastoise, L50, M|100/100\n|switch|p2a: Kommo-o|Kommo-o, L50, F|100/100\n|switch|p2b: Grimmsnarl|Grimmsnarl, L50, M|100/100\n|-ability|p1a: Incineroar|Intimidate|boost\n|-unboost|p2a: Kommo-o|atk|1\n|-unboost|p2b: Grimmsnarl|atk|1\n|turn|1\n|\n|t:|1788359579\n|move|p1b: Blastoise|Protect|p1b: Blastoise\n|-singleturn|p1b: Blastoise|Protect\n|move|p2b: Grimmsnarl|Fake Out|p1b: Blastoise\n|-activate|p1b: Blastoise|move: Protect\n|move|p2a: Kommo-o|Clangorous Soul|p2a: Kommo-o\n|-boost|p2a: Kommo-o|atk|1\n|-boost|p2a: Kommo-o|def|1\n|-boost|p2a: Kommo-o|spa|1\n|-boost|p2a: Kommo-o|spd|1\n|-boost|p2a: Kommo-o|spe|1\n|-damage|p2a: Kommo-o|67/100\n|move|p1a: Incineroar|Parting Shot|p2a: Kommo-o\n|-unboost|p2a: Kommo-o|atk|1\n|-unboost|p2a: Kommo-o|spa|1\n|\n|t:|1788359591\n|switch|p1a: Sinistcha|Sinistcha, L50|100/100|[from] Parting Shot\n|\n|-heal|p2a: Kommo-o|72/100|[from] item: Leftovers\n|upkeep\n|turn|2\n|\n|t:|1788359608\n|detailschange|p1b: Blastoise|Blastoise-Mega, L50, M\n|-mega|p1b: Blastoise|Blastoise|Blastoisinite\n|move|p1a: Sinistcha|Rage Powder|p1a: Sinistcha\n|-singleturn|p1a: Sinistcha|move: Rage Powder\n|move|p2b: Grimmsnarl|Light Screen|p2b: Grimmsnarl\n|-sidestart|p2: RenzochW|move: Light Screen\n|move|p2a: Kommo-o|Clangorous Soul|p2a: Kommo-o\n|-boost|p2a: Kommo-o|atk|1\n|-boost|p2a: Kommo-o|def|1\n|-boost|p2a: Kommo-o|spa|1\n|-boost|p2a: Kommo-o|spd|1\n|-boost|p2a: Kommo-o|spe|1\n|-damage|p2a: Kommo-o|40/100\n|move|p1b: Blastoise|Shell Smash|p1b: Blastoise\n|-unboost|p1b: Blastoise|def|1\n|-unboost|p1b: Blastoise|spd|1\n|-boost|p1b: Blastoise|atk|2\n|-boost|p1b: Blastoise|spa|2\n|-boost|p1b: Blastoise|spe|2\n|\n|-heal|p2a: Kommo-o|45/100|[from] item: Leftovers\n|upkeep\n|turn|3\n|\n|t:|1788359632\n|switch|p1a: Incineroar|Incineroar, L50, M|100/100\n|-ability|p1a: Incineroar|Intimidate|boost\n|-unboost|p2a: Kommo-o|atk|1\n|-unboost|p2b: Grimmsnarl|atk|1\n|switch|p2b: Scovillain|Scovillain, L50, M|100/100\n|move|p1b: Blastoise|Protect|p1b: Blastoise\n|-singleturn|p1b: Blastoise|Protect\n|move|p2a: Kommo-o|Clanging Scales|p1b: Blastoise|[spread] p1a\n|-activate|p1b: Blastoise|move: Protect\n|-damage|p1a: Incineroar|49/100\n|-enditem|p1a: Incineroar|Sitrus Berry|[eat]\n|-heal|p1a: Incineroar|74/100|[from] item: Sitrus Berry\n|-unboost|p2a: Kommo-o|def|1\n|\n|-heal|p2a: Kommo-o|51/100|[from] item: Leftovers\n|-ability|p2b: Scovillain|Moody|boost\n|-boost|p2b: Scovillain|spd|2\n|-unboost|p2b: Scovillain|def|1\n|upkeep\n|turn|4\n|\n|t:|1788359669\n|detailschange|p2b: Scovillain|Scovillain-Mega, L50, M\n|-mega|p2b: Scovillain|Scovillain|Scovillainite\n|move|p2a: Kommo-o|Protect|p2a: Kommo-o\n|-singleturn|p2a: Kommo-o|Protect\n|move|p1a: Incineroar|Fake Out|p2a: Kommo-o\n|-activate|p2a: Kommo-o|move: Protect\n|move|p1b: Blastoise|Water Spout|p2b: Scovillain|[spread] p2b\n|-activate|p2a: Kommo-o|move: Protect\n|-damage|p2b: Scovillain|58/100\n|-status|p1b: Blastoise|brn|[from] ability: Spicy Spray|[of] p2b: Scovillain\n|move|p2b: Scovillain|Energy Ball|p1b: Blastoise\n|-supereffective|p1b: Blastoise|1\n|-damage|p1b: Blastoise|0 fnt\n|faint|p1b: Blastoise\n|\n|-heal|p2a: Kommo-o|57/100|[from] item: Leftovers\n|upkeep\n|\n|t:|1788359680\n|switch|p1b: Kingambit|Kingambit, L50, M|100/100\n|turn|5\n|\n|t:|1788359709\n|move|p1b: Kingambit|Protect|p1b: Kingambit\n|-singleturn|p1b: Kingambit|Protect\n|move|p2b: Scovillain|Rage Powder|p2b: Scovillain\n|-singleturn|p2b: Scovillain|move: Rage Powder\n|move|p2a: Kommo-o|Aura Sphere|p1a: Incineroar\n|-supereffective|p1a: Incineroar|1\n|-damage|p1a: Incineroar|0 fnt\n|faint|p1a: Incineroar\n|\n|-heal|p2a: Kommo-o|63/100|[from] item: Leftovers\n|upkeep\n|\n|t:|1788359716\n|switch|p1a: Sinistcha|Sinistcha, L50|100/100\n|turn|6\n|\n|t:|1788359754\n|move|p2b: Scovillain|Rage Powder|p2b: Scovillain\n|-singleturn|p2b: Scovillain|move: Rage Powder\n|move|p1a: Sinistcha|Rage Powder|p1a: Sinistcha\n|-singleturn|p1a: Sinistcha|move: Rage Powder\n|move|p2a: Kommo-o|Clangorous Soul|p2a: Kommo-o\n|-boost|p2a: Kommo-o|atk|1\n|-boost|p2a: Kommo-o|def|1\n|-boost|p2a: Kommo-o|spa|1\n|-boost|p2a: Kommo-o|spd|1\n|-boost|p2a: Kommo-o|spe|1\n|-damage|p2a: Kommo-o|30/100\n|move|p1b: Kingambit|Swords Dance|p1b: Kingambit\n|-boost|p1b: Kingambit|atk|2\n|\n|-heal|p2a: Kommo-o|36/100|[from] item: Leftovers\n|upkeep\n|turn|7\n|\n|t:|1788359770\n|move|p1b: Kingambit|Protect|p1b: Kingambit\n|-singleturn|p1b: Kingambit|Protect\n|move|p2b: Scovillain|Rage Powder|p2b: Scovillain\n|-singleturn|p2b: Scovillain|move: Rage Powder\n|move|p2a: Kommo-o|Clanging Scales|p1a: Sinistcha|[spread] p1a\n|-activate|p1b: Kingambit|move: Protect\n|-damage|p1a: Sinistcha|25/100\n|-unboost|p2a: Kommo-o|def|1\n|move|p1a: Sinistcha|Trick Room|p1a: Sinistcha\n|-fieldstart|move: Trick Room|[of] p1a: Sinistcha\n|\n|-heal|p2a: Kommo-o|41/100|[from] item: Leftovers\n|upkeep\n|turn|8\n|\n|t:|1788359788\n|move|p1a: Sinistcha|Rage Powder|p1a: Sinistcha\n|-singleturn|p1a: Sinistcha|move: Rage Powder\n|move|p2b: Scovillain|Rage Powder|p2b: Scovillain\n|-singleturn|p2b: Scovillain|move: Rage Powder\n|move|p1b: Kingambit|Kowtow Cleave|p2b: Scovillain\n|-damage|p2b: Scovillain|0 fnt\n|-status|p1b: Kingambit|brn|[from] ability: Spicy Spray|[of] p2b: Scovillain\n|faint|p2b: Scovillain\n|-damage|p1b: Kingambit|90/100 brn|[from] item: Life Orb\n|move|p2a: Kommo-o|Clanging Scales|p1b: Kingambit|[spread] p1a,p1b\n|-resisted|p1b: Kingambit|1\n|-damage|p1a: Sinistcha|0 fnt\n|-damage|p1b: Kingambit|52/100 brn\n|faint|p1a: Sinistcha\n|-unboost|p2a: Kommo-o|def|1\n|\n|-heal|p2a: Kommo-o|47/100|[from] item: Leftovers\n|-damage|p1b: Kingambit|46/100 brn|[from] brn\n|upkeep\n|\n|t:|1788359795\n|switch|p2b: Grimmsnarl|Grimmsnarl, L50, M|100/100\n|turn|9\n|\n|t:|1788359799\n|move|p1b: Kingambit|Protect|p1b: Kingambit\n|-singleturn|p1b: Kingambit|Protect\n|move|p2b: Grimmsnarl|Reflect|p2b: Grimmsnarl\n|-sidestart|p2: RenzochW|Reflect\n|move|p2a: Kommo-o|Aura Sphere|p1b: Kingambit\n|-activate|p1b: Kingambit|move: Protect\n|\n|-heal|p2a: Kommo-o|53/100|[from] item: Leftovers\n|-damage|p1b: Kingambit|40/100 brn|[from] brn\n|-sideend|p2: RenzochW|move: Light Screen\n|upkeep\n|turn|10\n|\n|t:|1788359812\n|move|p2b: Grimmsnarl|Reflect||[still]\n|-fail|p2b: Grimmsnarl\n|move|p1b: Kingambit|Kowtow Cleave|p2a: Kommo-o\n|-resisted|p2a: Kommo-o|1\n|-damage|p2a: Kommo-o|34/100\n|-damage|p1b: Kingambit|30/100 brn|[from] item: Life Orb\n|move|p2a: Kommo-o|Aura Sphere|p1b: Kingambit\n|-supereffective|p1b: Kingambit|2\n|-crit|p1b: Kingambit\n|-damage|p1b: Kingambit|0 fnt\n|faint|p1b: Kingambit\n|\n|win|RenzochW\n|c|☆lux raymundi|gg\n","uploadtime":1788359813,"views":"0","formatid":"gen9championsvgc2026regmbbo3","rating":null,"private":0,"password":null}