{"id":"gen9championsvgc2026regmb-2674670118","format":"[Gen 9 Champions] VGC 2026 Reg M-B","players":["ramon28949584","gonegeb"],"log":"|j|☆ramon28949584\n|j|☆gonegeb\n|t:|1788387998\n|gametype|doubles\n|player|p1|ramon28949584|102|1241\n|player|p2|gonegeb|corbeau|1348\n|gen|9\n|tier|[Gen 9 Champions] VGC 2026 Reg M-B\n|rated|\n|rule|Species Clause: Limit one of each Pokémon\n|rule|Item Clause: Limit 1 of each item\n|clearpoke\n|poke|p1|Dragonite, L50, M|\n|poke|p1|Scizor, L50, M|\n|poke|p1|Pelipper, L50, M|\n|poke|p1|Garchomp, L50, F|\n|poke|p1|Gengar, L50, F|\n|poke|p1|Grimmsnarl, L50, M|\n|poke|p2|Lucario, L50, M|\n|poke|p2|Umbreon, L50, M, shiny|\n|poke|p2|Arcanine-Hisui, L50, M, shiny|\n|poke|p2|Ceruledge, L50, M|\n|poke|p2|Corviknight, L50, M|\n|poke|p2|Whimsicott, L50, F, shiny|\n|teampreview|4\n|\n|t:|1788388068\n|teamsize|p1|4\n|teamsize|p2|4\n|start\n|switch|p1a: Grimmsnarl|Grimmsnarl, L50, M|100/100\n|switch|p1b: Dragonite|Dragonite, L50, M|100/100\n|switch|p2a: Arcanine|Arcanine-Hisui, L50, M, shiny|100/100\n|switch|p2b: Whimsicott|Whimsicott, L50, F, shiny|100/100\n|turn|1\n|\n|t:|1788388091\n|move|p2b: Whimsicott|Tailwind|p2b: Whimsicott\n|-sidestart|p2: gonegeb|move: Tailwind\n|move|p1a: Grimmsnarl|Reflect|p1a: Grimmsnarl\n|-sidestart|p1: ramon28949584|Reflect\n|move|p2a: Arcanine|Head Smash|p1b: Dragonite\n|-supereffective|p1b: Dragonite|1\n|-damage|p1b: Dragonite|50/100g\n|move|p1b: Dragonite|Dragon Dance|p1b: Dragonite\n|-boost|p1b: Dragonite|atk|1\n|-boost|p1b: Dragonite|spe|1\n|\n|upkeep\n|turn|2\n|\n|t:|1788388111\n|move|p1b: Dragonite|Extreme Speed|p2b: Whimsicott\n|-damage|p2b: Whimsicott|19/100\n|move|p1a: Grimmsnarl|Parting Shot|p2a: Arcanine\n|-unboost|p2a: Arcanine|atk|1\n|-unboost|p2a: Arcanine|spa|1\n|\n|t:|1788388118\n|switch|p1a: Scizor|Scizor, L50, M|100/100|[from] Parting Shot\n|move|p2b: Whimsicott|Moonblast|p1b: Dragonite\n|-supereffective|p1b: Dragonite|1\n|-damage|p1b: Dragonite|0 fnt\n|faint|p1b: Dragonite\n|move|p2a: Arcanine|Head Smash|p1a: Scizor\n|-damage|p1a: Scizor|66/100\n|\n|upkeep\n|\n|t:|1788388121\n|switch|p1b: Pelipper|Pelipper, L50, M|100/100\n|-weather|RainDance|[from] ability: Drizzle|[of] p1b: Pelipper\n|turn|3\n|\n|t:|1788388131\n|switch|p2b: Corviknight|Corviknight, L50, M|100/100\n|detailschange|p1a: Scizor|Scizor-Mega, L50, M\n|-mega|p1a: Scizor|Scizor|Scizorite\n|move|p2a: Arcanine|Head Smash|p1b: Pelipper\n|-supereffective|p1b: Pelipper|1\n|-damage|p1b: Pelipper|1/100\n|move|p1b: Pelipper|Tailwind|p1b: Pelipper\n|-sidestart|p1: ramon28949584|move: Tailwind\n|move|p1a: Scizor|Close Combat|p2a: Arcanine\n|-supereffective|p2a: Arcanine|1\n|-enditem|p2a: Arcanine|Focus Sash\n|-damage|p2a: Arcanine|1/100\n|-unboost|p1a: Scizor|def|1\n|-unboost|p1a: Scizor|spd|1\n|\n|-weather|RainDance|[upkeep]\n|upkeep\n|turn|4\n|\n|t:|1788388157\n|switch|p1a: Grimmsnarl|Grimmsnarl, L50, M|100/100\n|move|p2a: Arcanine|Extreme Speed|p1b: Pelipper\n|-damage|p1b: Pelipper|0 fnt\n|faint|p1b: Pelipper\n|move|p2b: Corviknight|Brave Bird|p1a: Grimmsnarl\n|-crit|p1a: Grimmsnarl\n|-damage|p1a: Grimmsnarl|26/100\n|-damage|p2b: Corviknight|75/100|[from] Recoil\n|\n|-weather|RainDance|[upkeep]\n|-sideend|p2: gonegeb|move: Tailwind\n|upkeep\n|\n|t:|1788388161\n|switch|p1b: Scizor|Scizor-Mega, L50, M|66/100\n|turn|5\n|\n|t:|1788388174\n|move|p2a: Arcanine|Extreme Speed|p1a: Grimmsnarl\n|-damage|p1a: Grimmsnarl|11/100\n|move|p1b: Scizor|Bullet Punch|p2a: Arcanine\n|-damage|p2a: Arcanine|0 fnt\n|faint|p2a: Arcanine\n|move|p1a: Grimmsnarl|Parting Shot|p2b: Corviknight\n|-ability|p2b: Corviknight|Mirror Armor\n|-unboost|p1a: Grimmsnarl|atk|1\n|-ability|p2b: Corviknight|Mirror Armor\n|-unboost|p1a: Grimmsnarl|spa|1\n|move|p2b: Corviknight|Bulk Up|p2b: Corviknight\n|-boost|p2b: Corviknight|atk|1\n|-boost|p2b: Corviknight|def|1\n|\n|-weather|RainDance|[upkeep]\n|upkeep\n|\n|t:|1788388183\n|switch|p2a: Whimsicott|Whimsicott, L50, F, shiny|19/100\n|turn|6\n|-message|ramon28949584 forfeited.\n|\n|win|gonegeb\n|raw|ramon28949584's rating: 1241 &rarr; <strong>1223</strong><br />(-18 for losing)\n|raw|gonegeb's rating: 1348 &rarr; <strong>1362</strong><br />(+14 for winning)\n|l|☆ramon28949584\n|player|p1|\n","uploadtime":1788388186,"views":"4","formatid":"gen9championsvgc2026regmb","rating":1223,"private":0,"password":null}