{"id":"gen9championsvgc2026regmb-2674137606","format":"[Gen 9 Champions] VGC 2026 Reg M-B","players":["triplemz1125","legit4u"],"log":"|j|☆triplemz1125\n|j|☆legit4u\n|t:|1788304690\n|gametype|doubles\n|player|p1|triplemz1125|norman|\n|player|p2|legit4u|clown|\n|gen|9\n|tier|[Gen 9 Champions] VGC 2026 Reg M-B\n|rule|Species Clause: Limit one of each Pokémon\n|rule|Item Clause: Limit 1 of each item\n|clearpoke\n|poke|p1|Garchomp, L50, M, shiny|\n|poke|p1|Skarmory, L50, F, shiny|\n|poke|p1|Rotom-Heat, L50|\n|poke|p1|Weavile, L50, F|\n|poke|p1|Clawitzer, L50, M, shiny|\n|poke|p1|Zoroark-Hisui, L50, F|\n|poke|p2|Spiritomb, L50, M|\n|poke|p2|Slowbro, L50, F|\n|poke|p2|Rampardos, L50, F|\n|poke|p2|Alakazam, L50, M|\n|poke|p2|Meowstic, L50, M|\n|poke|p2|Kingambit, L50, M|\n|teampreview|4\n|\n|t:|1788304767\n|teamsize|p1|4\n|teamsize|p2|4\n|start\n|switch|p1a: OG Claw|Weavile, L50, F|100/100\n|switch|p1b: Westjet|Skarmory, L50, F, shiny|100/100\n|switch|p2a: Kingambit|Kingambit, L50, M|100/100\n|switch|p2b: Alakazam|Alakazam, L50, M|100/100\n|turn|1\n|\n|t:|1788304817\n|detailschange|p1b: Westjet|Skarmory-Mega, L50, F, shiny\n|-mega|p1b: Westjet|Skarmory|Skarmorite\n|move|p2b: Alakazam|Protect|p2b: Alakazam\n|-singleturn|p2b: Alakazam|Protect\n|move|p2a: Kingambit|Protect|p2a: Kingambit\n|-singleturn|p2a: Kingambit|Protect\n|move|p1a: OG Claw|Fake Out|p2b: Alakazam\n|-activate|p2b: Alakazam|move: Protect\n|move|p1b: Westjet|Iron Head|p2b: Alakazam\n|-activate|p2b: Alakazam|move: Protect\n|\n|upkeep\n|turn|2\n|\n|t:|1788304873\n|switch|p1a: Kawhi|Clawitzer, L50, M, shiny|100/100\n|detailschange|p2b: Alakazam|Alakazam-Mega, L50, M\n|-mega|p2b: Alakazam|Alakazam|Alakazite\n|-ability|p2b: Alakazam|Stalwart|Trace|[from] ability: Trace|[of] p1b: Westjet\n|move|p2a: Kingambit|Sucker Punch||[still]\n|-fail|p2a: Kingambit\n|move|p2b: Alakazam|Focus Blast|p1a: Kawhi\n|-damage|p1a: Kawhi|47/100\n|-enditem|p1a: Kawhi|Sitrus Berry|[eat]\n|-heal|p1a: Kawhi|71/100|[from] item: Sitrus Berry\n|move|p1b: Westjet|Tailwind|p1b: Westjet\n|-sidestart|p1: triplemz1125|move: Tailwind\n|\n|upkeep\n|turn|3\n|\n|t:|1788304907\n|switch|p2b: Spiritomb|Spiritomb, L50, M|100/100\n|move|p2a: Kingambit|Sucker Punch|p1a: Kawhi\n|-damage|p1a: Kawhi|29/100\n|move|p1b: Westjet|Brave Bird|p2b: Spiritomb\n|-damage|p2b: Spiritomb|42/100\n|-damage|p1b: Westjet|86/100|[from] Recoil\n|move|p1a: Kawhi|Aura Sphere|p2a: Kingambit\n|-supereffective|p2a: Kingambit|2\n|-enditem|p2a: Kingambit|Chople Berry|[eat]\n|-enditem|p2a: Kingambit|Chople Berry|[weaken]\n|-damage|p2a: Kingambit|22/100\n|\n|upkeep\n|turn|4\n|\n|t:|1788304940\n|switch|p1a: Pevin Purant|Garchomp, L50, M, shiny|100/100\n|move|p2a: Kingambit|Sucker Punch||[still]\n|-fail|p2a: Kingambit\n|move|p1b: Westjet|Brave Bird|p2b: Spiritomb\n|-damage|p2b: Spiritomb|0 fnt\n|faint|p2b: Spiritomb\n|-damage|p1b: Westjet|75/100|[from] Recoil\n|\n|upkeep\n|\n|t:|1788304947\n|switch|p2b: Alakazam|Alakazam-Mega, L50, M|100/100\n|-ability|p2b: Alakazam|Rough Skin|Trace|[from] ability: Trace|[of] p1a: Pevin Purant\n|turn|5\n|\n|t:|1788304971\n|switch|p1b: OG Claw|Weavile, L50, F|100/100\n|move|p2b: Alakazam|Protect|p2b: Alakazam\n|-singleturn|p2b: Alakazam|Protect\n|move|p2a: Kingambit|Sucker Punch|p1a: Pevin Purant\n|-damage|p1a: Pevin Purant|58/100\n|-damage|p2a: Kingambit|10/100|[from] ability: Rough Skin|[of] p1a: Pevin Purant\n|move|p1a: Pevin Purant|Earthquake|p2a: Kingambit|[spread] p1b,p2a\n|-activate|p2b: Alakazam|move: Protect\n|-supereffective|p2a: Kingambit|1\n|-damage|p1b: OG Claw|27/100\n|-damage|p2a: Kingambit|0 fnt\n|faint|p2a: Kingambit\n|\n|-sideend|p1: triplemz1125|move: Tailwind\n|upkeep\n|\n|t:|1788304983\n|switch|p2a: Rampardos|Rampardos, L50, F|100/100\n|turn|6\n|\n|t:|1788305061\n|move|p2b: Alakazam|Protect||[still]\n|-fail|p2b: Alakazam\n|move|p2a: Rampardos|Protect|p2a: Rampardos\n|-singleturn|p2a: Rampardos|Protect\n|move|p1b: OG Claw|Fake Out|p2b: Alakazam\n|-damage|p2b: Alakazam|71/100\n|-damage|p1b: OG Claw|15/100|[from] ability: Rough Skin|[of] p2b: Alakazam\n|move|p1a: Pevin Purant|Dragon Claw|p2b: Alakazam\n|-damage|p2b: Alakazam|0 fnt\n|-damage|p1a: Pevin Purant|46/100|[from] ability: Rough Skin|[of] p2b: Alakazam\n|faint|p2b: Alakazam\n|\n|upkeep\n|turn|7\n|\n|t:|1788305078\n|move|p1b: OG Claw|Low Kick|p2a: Rampardos\n|-supereffective|p2a: Rampardos|1\n|-damage|p2a: Rampardos|6/100\n|move|p1a: Pevin Purant|Dragon Claw|p2a: Rampardos\n|-damage|p2a: Rampardos|0 fnt\n|faint|p2a: Rampardos\n|\n|win|triplemz1125\n|l|☆legit4u\n|player|p2|\n","uploadtime":1788305087,"views":"4","formatid":"gen9championsvgc2026regmb","rating":null,"private":0,"password":null}