{"id":"gen9championsvgc2026regmbbo3-2673548836","format":"[Gen 9 Champions] VGC 2026 Reg M-B (Bo3)","players":["MaxwellBaker","Brunito zambonin"],"log":"|j|☆MaxwellBaker\n|j|☆Brunito zambonin\n|html|<table width=\"100%\"><tr><td align=\"left\">MaxwellBaker</td><td align=\"right\">Brunito zambonin</tr><tr><td align=\"left\"><i class=\"fa fa-circle-o\"></i> <i class=\"fa fa-circle-o\"></i> </td><td align=\"right\"><i class=\"fa fa-circle-o\"></i> <i class=\"fa fa-circle\"></i> </tr></table>\n|uhtml|bestof|<h2><strong>Game 2</strong> of <a href=\"/game-bestof3-gen9championsvgc2026regmbbo3-2673546887\">a best-of-3</a></h2>\n|t:|1788211653\n|gametype|doubles\n|player|p1|MaxwellBaker|102|1127\n|player|p2|Brunito zambonin|265|1167\n|gen|9\n|tier|[Gen 9 Champions] VGC 2026 Reg M-B (Bo3)\n|rated|\n|rule|Species Clause: Limit one of each Pokémon\n|rule|Item Clause: Limit 1 of each item\n|clearpoke\n|poke|p1|Raichu, L50, F|\n|poke|p1|Staraptor, L50, F|\n|poke|p1|Farigiraf, L50, F|\n|poke|p1|Kingambit, L50, M|\n|poke|p1|Sylveon, L50, F, shiny|\n|poke|p1|Arcanine-Hisui, L50, M|\n|poke|p2|Sneasler, L50, F|\n|poke|p2|Blastoise, L50, M|\n|poke|p2|Incineroar, L50, M|\n|poke|p2|Sinistcha, L50|\n|poke|p2|Delphox, L50, F|\n|poke|p2|Kingambit, L50, F|\n|teampreview|4\n|showteam|p1|Raichu||RaichuniteY|LightningRod|ZapCannon,FocusBlast,FakeOut,Protect|Timid||F|||50|]Staraptor||Staraptite|Intimidate|CloseCombat,BraveBird,Tailwind,Protect|Jolly||F|||50|]Farigiraf||SitrusBerry|ArmorTail|HelpingHand,Psychic,TrickRoom,Protect|Calm||F|||50|]Kingambit||LifeOrb|Defiant|KowtowCleave,SuckerPunch,SwordsDance,Protect|Adamant||M|||50|]Sylveon||FairyFeather|Pixilate|HyperVoice,HyperBeam,QuickAttack,Detect|Modest||F|||50|]Arcanine-Hisui||FocusSash|RockHead|FlareBlitz,HeadSmash,ExtremeSpeed,Protect|Jolly||M|||50|\n|showteam|p2|Sneasler||FocusSash|PoisonTouch|CloseCombat,DireClaw,QuickGuard,FakeOut|Jolly||F|||50|]Blastoise||Blastoisinite|Torrent|WaterSpout,DarkPulse,Protect,ShellSmash|Timid||M|||50|]Incineroar||SitrusBerry|Intimidate|FakeOut,FlareBlitz,PartingShot,HelpingHand|Impish||M|||50|]Sinistcha||ColburBerry|Hospitality|MatchaGotcha,RagePowder,Protect,TrickRoom|Bold|||||50|]Delphox||Delphoxite|Blaze|HeatWave,NastyPlot,Psychic,Protect|Timid||F|||50|]Kingambit||BlackGlasses|Defiant|SuckerPunch,KowtowCleave,Protect,SwordsDance|Adamant||F|||50|\n|\n|t:|1788211684\n|teamsize|p1|4\n|teamsize|p2|4\n|start\n|switch|p1a: Raichu|Raichu, L50, F|100/100\n|switch|p1b: Staraptor|Staraptor, L50, F|100/100\n|switch|p2a: Blastoise|Blastoise, L50, M|100/100\n|switch|p2b: Sneasler|Sneasler, L50, F|100/100\n|-ability|p1b: Staraptor|Intimidate|boost\n|-unboost|p2a: Blastoise|atk|1\n|-unboost|p2b: Sneasler|atk|1\n|turn|1\n|\n|t:|1788211710\n|switch|p1b: Farigiraf|Farigiraf, L50, F|100/100\n|detailschange|p1a: Raichu|Raichu-Mega-Y, L50, F\n|-mega|p1a: Raichu|Raichu|Raichunite Y\n|detailschange|p2a: Blastoise|Blastoise-Mega, L50, M\n|-mega|p2a: Blastoise|Blastoise|Blastoisinite\n|move|p2b: Sneasler|Fake Out||[still]\n|cant|p1b: Farigiraf|ability: Armor Tail|Fake Out|[of] p2b: Sneasler\n|move|p1a: Raichu|Zap Cannon|p2a: Blastoise\n|-supereffective|p2a: Blastoise|1\n|-damage|p2a: Blastoise|0 fnt\n|faint|p2a: Blastoise\n|\n|upkeep\n|\n|t:|1788211722\n|switch|p2a: Kingambit|Kingambit, L50, F|100/100\n|turn|2\n|\n|t:|1788211734\n|move|p1a: Raichu|Protect|p1a: Raichu\n|-singleturn|p1a: Raichu|Protect\n|move|p2b: Sneasler|Dire Claw|p1a: Raichu\n|-activate|p1a: Raichu|move: Protect\n|move|p1b: Farigiraf|Psychic|p2b: Sneasler\n|-supereffective|p2b: Sneasler|2\n|-enditem|p2b: Sneasler|Focus Sash\n|-damage|p2b: Sneasler|1/100\n|move|p2a: Kingambit|Swords Dance|p2a: Kingambit\n|-boost|p2a: Kingambit|atk|2\n|\n|upkeep\n|turn|3\n|\n|t:|1788211787\n|move|p1b: Farigiraf|Protect|p1b: Farigiraf\n|-singleturn|p1b: Farigiraf|Protect\n|move|p2a: Kingambit|Protect|p2a: Kingambit\n|-singleturn|p2a: Kingambit|Protect\n|move|p1a: Raichu|Zap Cannon|p2b: Sneasler\n|-damage|p2b: Sneasler|0 fnt\n|faint|p2b: Sneasler\n|\n|upkeep\n|\n|t:|1788211797\n|switch|p2b: Sinistcha|Sinistcha, L50|100/100\n|turn|4\n|\n|t:|1788211822\n|switch|p1b: Arcanine|Arcanine-Hisui, L50, M|100/100\n|move|p1a: Raichu|Protect|p1a: Raichu\n|-singleturn|p1a: Raichu|Protect\n|move|p2a: Kingambit|Protect|p2a: Kingambit\n|-singleturn|p2a: Kingambit|Protect\n|move|p2b: Sinistcha|Trick Room|p2b: Sinistcha\n|-fieldstart|move: Trick Room|[of] p2b: Sinistcha\n|\n|upkeep\n|turn|5\n|\n|t:|1788211850\n|switch|p1a: Farigiraf|Farigiraf, L50, F|100/100\n|move|p2a: Kingambit|Kowtow Cleave|p1a: Farigiraf\n|-supereffective|p1a: Farigiraf|1\n|-damage|p1a: Farigiraf|0 fnt\n|faint|p1a: Farigiraf\n|move|p2b: Sinistcha|Matcha Gotcha|p1b: Arcanine\n|-damage|p1b: Arcanine|57/100\n|move|p1b: Arcanine|Flare Blitz|p2a: Kingambit\n|-supereffective|p2a: Kingambit|1\n|-damage|p2a: Kingambit|20/100y\n|\n|upkeep\n|\n|t:|1788211866\n|switch|p1a: Raichu|Raichu-Mega-Y, L50, F|100/100\n|turn|6\n|\n|t:|1788211883\n|move|p1a: Raichu|Fake Out|p2a: Kingambit\n|-resisted|p2a: Kingambit|1\n|-damage|p2a: Kingambit|17/100\n|cant|p2a: Kingambit|flinch\n|move|p2b: Sinistcha|Matcha Gotcha|p1a: Raichu|[spread] p1a\n|-miss|p2b: Sinistcha|p1b: Arcanine\n|-damage|p1a: Raichu|65/100\n|move|p1b: Arcanine|Flare Blitz|p2b: Sinistcha\n|-supereffective|p2b: Sinistcha|1\n|-damage|p2b: Sinistcha|12/100\n|\n|upkeep\n|turn|7\n|\n|t:|1788211911\n|move|p1a: Raichu|Protect|p1a: Raichu\n|-singleturn|p1a: Raichu|Protect\n|move|p1b: Arcanine|Extreme Speed|p2a: Kingambit\n|-resisted|p2a: Kingambit|1\n|-damage|p2a: Kingambit|8/100\n|move|p2a: Kingambit|Kowtow Cleave|p1a: Raichu\n|-activate|p1a: Raichu|move: Protect\n|move|p2b: Sinistcha|Matcha Gotcha|p1b: Arcanine|[spread] p1b\n|-activate|p1a: Raichu|move: Protect\n|-damage|p1b: Arcanine|27/100\n|-heal|p2b: Sinistcha|26/100|[from] drain|[of] p1b: Arcanine\n|\n|upkeep\n|turn|8\n|\n|t:|1788211933\n|move|p1b: Arcanine|Extreme Speed|p2a: Kingambit\n|-resisted|p2a: Kingambit|1\n|-damage|p2a: Kingambit|0 fnt\n|faint|p2a: Kingambit\n|move|p2b: Sinistcha|Matcha Gotcha|p1a: Raichu|[spread] p1a,p1b\n|-damage|p1a: Raichu|35/100\n|-heal|p2b: Sinistcha|40/100|[from] drain|[of] p1a: Raichu\n|-damage|p1b: Arcanine|0 fnt\n|-heal|p2b: Sinistcha|53/100|[from] drain|[of] p1b: Arcanine\n|faint|p1b: Arcanine\n|move|p1a: Raichu|Zap Cannon|p2b: Sinistcha\n|-resisted|p2b: Sinistcha|1\n|-damage|p2b: Sinistcha|25/100\n|-status|p2b: Sinistcha|par\n|\n|-fieldend|move: Trick Room\n|upkeep\n|\n|t:|1788211948\n|switch|p1b: Staraptor|Staraptor, L50, F|100/100\n|-ability|p1b: Staraptor|Intimidate|boost\n|-unboost|p2b: Sinistcha|atk|1\n|turn|9\n|\n|t:|1788211954\n|move|p1a: Raichu|Zap Cannon|p2b: Sinistcha\n|-resisted|p2b: Sinistcha|1\n|-damage|p2b: Sinistcha|0 fnt\n|faint|p2b: Sinistcha\n|\n|win|MaxwellBaker\n","uploadtime":1788211954,"views":"5","formatid":"gen9championsvgc2026regmbbo3","rating":null,"private":0,"password":null}