{"id":"gen9championsvgc2026regmb-2674153513","format":"[Gen 9 Champions] VGC 2026 Reg M-B","players":["SGEPKC203","dvlavi"],"log":"|j|☆SGEPKC203\n|j|☆dvlavi\n|html|<table width=\"100%\"><tr><td align=\"left\">SGEPKC203</td><td align=\"right\">dvlavi</tr><tr><td align=\"left\"><i class=\"fa fa-circle-o\"></i> <i class=\"fa fa-circle-o\"></i> </td><td align=\"right\"><i class=\"fa fa-circle-o\"></i> <i class=\"fa fa-circle\"></i> </tr></table>\n|uhtml|bestof|<h2><strong>Game 2</strong> of <a href=\"/game-bestof3-gen9championsvgc2026regmb-2674151139\">a best-of-3</a></h2>\n|t:|1788307112\n|gametype|doubles\n|player|p1|SGEPKC203|brendan-gen3|\n|player|p2|dvlavi|steven|\n|gen|9\n|tier|[Gen 9 Champions] VGC 2026 Reg M-B\n|rule|Species Clause: Limit one of each Pokémon\n|rule|Item Clause: Limit 1 of each item\n|raw|<div class=\"infobox\"><details class=\"readmore\" open><summary><strong>2 custom rules:</strong></summary> Best of = 3, !Open Team Sheets</details></div>\n|clearpoke\n|poke|p1|Sneasler, L50, F|\n|poke|p1|Altaria, L50, M|\n|poke|p1|Chimecho, L50, M|\n|poke|p1|Greninja, L50, M|\n|poke|p1|Tsareena, L50, F|\n|poke|p1|Blastoise, L50, F|\n|poke|p2|Farigiraf, L50, M|\n|poke|p2|Torkoal, L50, M|\n|poke|p2|Victreebel, L50, M|\n|poke|p2|Rotom-Wash, L50|\n|poke|p2|Banette, L50, F|\n|poke|p2|Floette-Eternal, L50, F|\n|teampreview|4\n|\n|t:|1788307283\n|teamsize|p1|4\n|teamsize|p2|4\n|start\n|switch|p1a: Chimecho|Chimecho, L50, M|100/100\n|switch|p1b: Blastoise|Blastoise, L50, F|100/100\n|switch|p2a: Farigiraf|Farigiraf, L50, M|100/100\n|switch|p2b: Floette|Floette-Eternal, L50, F|100/100\n|turn|1\n|\n|t:|1788307311\n|detailschange|p2b: Floette|Floette-Mega, L50, F\n|-mega|p2b: Floette|Floette|Floettite\n|-ability|p2b: Floette|Fairy Aura\n|move|p1b: Blastoise|Protect|p1b: Blastoise\n|-singleturn|p1b: Blastoise|Protect\n|move|p2a: Farigiraf|Dazzling Gleam|p1a: Chimecho|[spread] p1a\n|-activate|p1b: Blastoise|move: Protect\n|-damage|p1a: Chimecho|80/100\n|move|p2b: Floette|Dazzling Gleam|p1b: Blastoise|[spread] p1a\n|-activate|p1b: Blastoise|move: Protect\n|-damage|p1a: Chimecho|51/100\n|move|p1a: Chimecho|Yawn|p2b: Floette\n|-start|p2b: Floette|move: Yawn|[of] p1a: Chimecho\n|\n|upkeep\n|turn|2\n|\n|t:|1788307355\n|switch|p2a: Torkoal|Torkoal, L50, M|100/100\n|-weather|SunnyDay|[from] ability: Drought|[of] p2a: Torkoal\n|switch|p2b: Victreebel|Victreebel, L50, M|100/100\n|detailschange|p1b: Blastoise|Blastoise-Mega, L50, F\n|-mega|p1b: Blastoise|Blastoise|Blastoisinite\n|move|p1b: Blastoise|Dark Pulse|p2a: Torkoal\n|-damage|p2a: Torkoal|59/100\n|move|p1a: Chimecho|Yawn|p2a: Torkoal\n|-start|p2a: Torkoal|move: Yawn|[of] p1a: Chimecho\n|\n|-weather|SunnyDay|[upkeep]\n|upkeep\n|turn|3\n|\n|t:|1788307425\n|switch|p1b: Altaria|Altaria, L50, M|100/100\n|-ability|p1b: Altaria|Cloud Nine\n|switch|p2a: Farigiraf|Farigiraf, L50, M|100/100\n|move|p2b: Victreebel|Solar Beam||[still]\n|-prepare|p2b: Victreebel|Solar Beam\n|move|p1a: Chimecho|Trick Room|p1a: Chimecho\n|-fieldstart|move: Trick Room|[of] p1a: Chimecho\n|\n|-weather|SunnyDay|[upkeep]\n|upkeep\n|turn|4\n|c|☆dvlavi|oh I actually forgot about that lol\n|\n|t:|1788307492\n|move|p1a: Chimecho|Yawn|p2a: Farigiraf\n|-start|p2a: Farigiraf|move: Yawn|[of] p1a: Chimecho\n|move|p1b: Altaria|Brave Bird|p2b: Victreebel\n|-supereffective|p2b: Victreebel|1\n|-enditem|p2b: Victreebel|Focus Sash\n|-damage|p2b: Victreebel|1/100\n|-damage|p1b: Altaria|71/100|[from] Recoil\n|move|p2b: Victreebel|Solar Beam|p1a: Chimecho|[from] lockedmove\n|-damage|p1a: Chimecho|6/100\n|-enditem|p1a: Chimecho|Sitrus Berry|[eat]\n|-heal|p1a: Chimecho|31/100|[from] item: Sitrus Berry\n|move|p2a: Farigiraf|Dazzling Gleam|p1a: Chimecho|[spread] p1a,p1b\n|-supereffective|p1b: Altaria|1\n|-damage|p1a: Chimecho|17/100\n|-damage|p1b: Altaria|41/100\n|\n|-weather|SunnyDay|[upkeep]\n|upkeep\n|turn|5\n|\n|t:|1788307586\n|switch|p1a: Blastoise|Blastoise-Mega, L50, F|100/100\n|move|p1b: Altaria|Roost|p1b: Altaria\n|-heal|p1b: Altaria|91/100\n|-singleturn|p1b: Altaria|move: Roost\n|move|p2b: Victreebel|Sludge Bomb|p1b: Altaria\n|-damage|p1b: Altaria|49/100\n|move|p2a: Farigiraf|Dazzling Gleam|p1a: Blastoise|[spread] p1a,p1b\n|-supereffective|p1b: Altaria|1\n|-damage|p1a: Blastoise|84/100\n|-damage|p1b: Altaria|15/100\n|\n|-weather|SunnyDay|[upkeep]\n|-end|p2a: Farigiraf|move: Yawn|[silent]\n|-status|p2a: Farigiraf|slp\n|upkeep\n|turn|6\n|\n|t:|1788307656\n|move|p2b: Victreebel|Protect|p2b: Victreebel\n|-singleturn|p2b: Victreebel|Protect\n|move|p1b: Altaria|Roost|p1b: Altaria\n|-heal|p1b: Altaria|65/100\n|-singleturn|p1b: Altaria|move: Roost\n|move|p1a: Blastoise|Water Pulse|p2b: Victreebel\n|-activate|p2b: Victreebel|move: Protect\n|cant|p2a: Farigiraf|slp\n|\n|-weather|none\n|upkeep\n|turn|7\n|\n|t:|1788307679\n|move|p1b: Altaria|Brave Bird|p2b: Victreebel\n|-supereffective|p2b: Victreebel|1\n|-damage|p2b: Victreebel|0 fnt\n|faint|p2b: Victreebel\n|-damage|p1b: Altaria|64/100|[from] Recoil\n|move|p1a: Blastoise|Dark Pulse|p2a: Farigiraf\n|-supereffective|p2a: Farigiraf|1\n|-damage|p2a: Farigiraf|0 fnt\n|faint|p2a: Farigiraf\n|\n|-fieldend|move: Trick Room\n|upkeep\n|\n|t:|1788307690\n|switch|p2a: Floette|Floette-Mega, L50, F|100/100\n|switch|p2b: Torkoal|Torkoal, L50, M|59/100\n|-ability|p2a: Floette|Fairy Aura\n|-weather|SunnyDay|[from] ability: Drought|[of] p2b: Torkoal\n|turn|8\n|\n|t:|1788307731\n|move|p2b: Torkoal|Helping Hand|p2a: Floette\n|-singleturn|p2a: Floette|Helping Hand|[of] p2b: Torkoal\n|move|p1a: Blastoise|Protect|p1a: Blastoise\n|-singleturn|p1a: Blastoise|Protect\n|move|p1b: Altaria|Protect|p1b: Altaria\n|-singleturn|p1b: Altaria|Protect\n|move|p2a: Floette|Dazzling Gleam|p1b: Altaria|[spread] \n|-activate|p1a: Blastoise|move: Protect\n|-activate|p1b: Altaria|move: Protect\n|\n|-weather|SunnyDay|[upkeep]\n|upkeep\n|turn|9\n|\n|t:|1788307759\n|move|p2b: Torkoal|Helping Hand|p2a: Floette\n|-singleturn|p2a: Floette|Helping Hand|[of] p2b: Torkoal\n|move|p2a: Floette|Moonblast|p1a: Blastoise\n|-damage|p1a: Blastoise|7/100\n|move|p1a: Blastoise|Water Pulse|p2b: Torkoal\n|-supereffective|p2b: Torkoal|1\n|-enditem|p2b: Torkoal|Passho Berry|[eat]\n|-enditem|p2b: Torkoal|Passho Berry|[weaken]\n|-damage|p2b: Torkoal|13/100\n|move|p1b: Altaria|Brave Bird|p2a: Floette\n|-damage|p2a: Floette|65/100\n|-damage|p1b: Altaria|54/100|[from] Recoil\n|\n|-weather|SunnyDay|[upkeep]\n|upkeep\n|turn|10\n|\n|t:|1788307791\n|switch|p1a: Chimecho|Chimecho, L50, M|17/100\n|move|p2b: Torkoal|Helping Hand|p2a: Floette\n|-singleturn|p2a: Floette|Helping Hand|[of] p2b: Torkoal\n|move|p1b: Altaria|Protect|p1b: Altaria\n|-singleturn|p1b: Altaria|Protect\n|move|p2a: Floette|Dazzling Gleam|p1b: Altaria|[spread] p1a\n|-activate|p1b: Altaria|move: Protect\n|-damage|p1a: Chimecho|0 fnt\n|faint|p1a: Chimecho\n|\n|-weather|SunnyDay|[upkeep]\n|upkeep\n|\n|t:|1788307795\n|switch|p1a: Sneasler|Sneasler, L50, F|100/100\n|turn|11\n|\n|t:|1788307818\n|move|p2a: Floette|Protect|p2a: Floette\n|-singleturn|p2a: Floette|Protect\n|move|p2b: Torkoal|Protect|p2b: Torkoal\n|-singleturn|p2b: Torkoal|Protect\n|move|p1a: Sneasler|Dire Claw|p2a: Floette\n|-activate|p2a: Floette|move: Protect\n|move|p1b: Altaria|Brave Bird|p2b: Torkoal\n|-activate|p2b: Torkoal|move: Protect\n|\n|-weather|SunnyDay|[upkeep]\n|upkeep\n|turn|12\n|\n|t:|1788307835\n|move|p2b: Torkoal|Helping Hand|p2a: Floette\n|-singleturn|p2a: Floette|Helping Hand|[of] p2b: Torkoal\n|move|p1a: Sneasler|Dire Claw|p2a: Floette\n|-supereffective|p2a: Floette|1\n|-damage|p2a: Floette|0 fnt\n|faint|p2a: Floette\n|move|p1b: Altaria|Brave Bird|p2b: Torkoal\n|-damage|p2b: Torkoal|0 fnt\n|faint|p2b: Torkoal\n|-damage|p1b: Altaria|50/100y|[from] Recoil\n|\n|win|SGEPKC203\n|inactive|SGEPKC203 has 30 seconds to confirm battle start!\n|inactive|dvlavi has 30 seconds to confirm battle start!\n|c|☆dvlavi|ggs\n||dvlavi is ready for game 3.\n||SGEPKC203 is ready for game 3.\n|uhtml|next|Next: <a href=\"/battle-gen9championsvgc2026regmb-2674158333\"><strong>Game 3 of 3</strong></a>\n","uploadtime":1788308930,"views":"26","formatid":"gen9championsvgc2026regmb","rating":null,"private":0,"password":null}