{"id":"gen9championsvgc2026regmb-2674048339","format":"[Gen 9 Champions] VGC 2026 Reg M-B","players":["freakyphobe","xwasp"],"log":"|j|☆freakyphobe\n|j|☆xwasp\n|html|<table width=\"100%\"><tr><td align=\"left\">freakyphobe</td><td align=\"right\">xwasp</tr><tr><td align=\"left\"><i class=\"fa fa-circle-o\"></i> <i class=\"fa fa-circle-o\"></i> </td><td align=\"right\"><i class=\"fa fa-circle-o\"></i> <i class=\"fa fa-circle-o\"></i> </tr></table>\n|uhtml|bestof|<h2><strong>Game 1</strong> of <a href=\"/game-bestof3-gen9championsvgc2026regmb-2674048338\">a best-of-3</a></h2>\n|t:|1788292389\n|gametype|doubles\n|player|p1|freakyphobe|caitlin|\n|player|p2|xwasp|will|\n|gen|9\n|tier|[Gen 9 Champions] VGC 2026 Reg M-B\n|rule|Species Clause: Limit one of each Pokémon\n|rule|Item Clause: Limit 1 of each item\n|raw|<div class=\"infobox\"><details class=\"readmore\" open><summary><strong>1 custom rule:</strong></summary> Best of = 3</details></div>\n|clearpoke\n|poke|p1|Bastiodon, L50, M|\n|poke|p1|Meowstic, L50, M|\n|poke|p1|Gardevoir, L50, F|\n|poke|p1|Samurott-Hisui, L50, F|\n|poke|p1|Talonflame, L50, F|\n|poke|p1|Raichu-Alola, L50, F|\n|poke|p2|Tsareena, L50, F|\n|poke|p2|Morpeko, L50, M|\n|poke|p2|Meowstic-F, L50, F|\n|poke|p2|Lycanroc-Dusk, L50, M|\n|poke|p2|Staraptor, L50, M|\n|poke|p2|Annihilape, L50, M|\n|teampreview|4\nfreakyphobe rejected open team sheets.\n|\n|t:|1788292463\n|teamsize|p1|4\n|teamsize|p2|4\n|start\n|switch|p1a: Mysterious Guy|Meowstic, L50, M|100/100\n|switch|p1b: Surfs Up Guy|Raichu-Alola, L50, F|100/100\n|switch|p2a: Mama Matsumoto|Tsareena, L50, F|100/100\n|switch|p2b: Wimbleton|Staraptor, L50, M|100/100\n|-ability|p2b: Wimbleton|Intimidate|boost\n|-unboost|p1a: Mysterious Guy|atk|1\n|-unboost|p1b: Surfs Up Guy|atk|1\n|turn|1\n|\n|t:|1788292483\n|move|p1a: Mysterious Guy|Reflect|p1a: Mysterious Guy\n|-sidestart|p1: freakyphobe|Reflect\n|move|p1b: Surfs Up Guy|Volt Switch|p2a: Mama Matsumoto\n|-resisted|p2a: Mama Matsumoto|1\n|-damage|p2a: Mama Matsumoto|82/100\n|\n|t:|1788292492\n|switch|p1b: Queen Guy|Gardevoir, L50, F|100/100|[from] Volt Switch\n|move|p2a: Mama Matsumoto|Knock Off|p1b: Queen Guy\n|-damage|p1b: Queen Guy|76/100\n|move|p2b: Wimbleton|Tailwind|p2b: Wimbleton\n|-sidestart|p2: xwasp|move: Tailwind\n|\n|upkeep\n|turn|2\n|\n|t:|1788292508\n|detailschange|p1b: Queen Guy|Gardevoir-Mega, L50, F\n|-mega|p1b: Queen Guy|Gardevoir|Gardevoirite\n|move|p1a: Mysterious Guy|Light Screen|p1a: Mysterious Guy\n|-sidestart|p1: freakyphobe|move: Light Screen\n|move|p2a: Mama Matsumoto|Knock Off|p1a: Mysterious Guy\n|-supereffective|p1a: Mysterious Guy|1\n|-damage|p1a: Mysterious Guy|47/100\n|-enditem|p1a: Mysterious Guy|Sitrus Berry|[from] move: Knock Off|[of] p2a: Mama Matsumoto\n|move|p2b: Wimbleton|Brick Break|p1b: Queen Guy\n|-sideend|p1: freakyphobe|Reflect\n|-sideend|p1: freakyphobe|move: Light Screen\n|-resisted|p1b: Queen Guy|2\n|-damage|p1b: Queen Guy|67/100\n|move|p1b: Queen Guy|Calm Mind|p1b: Queen Guy\n|-boost|p1b: Queen Guy|spa|1\n|-boost|p1b: Queen Guy|spd|1\n|\n|upkeep\n|turn|3\n|\n|t:|1788292529\n|move|p1a: Mysterious Guy|Reflect|p1a: Mysterious Guy\n|-sidestart|p1: freakyphobe|Reflect\n|move|p2a: Mama Matsumoto|Knock Off|p1a: Mysterious Guy\n|-supereffective|p1a: Mysterious Guy|1\n|-damage|p1a: Mysterious Guy|14/100\n|move|p2b: Wimbleton|Brick Break|p1a: Mysterious Guy\n|-sideend|p1: freakyphobe|Reflect\n|-resisted|p1a: Mysterious Guy|1\n|-damage|p1a: Mysterious Guy|2/100\n|move|p1b: Queen Guy|Hyper Voice|p2b: Wimbleton|[spread] p2a,p2b\n|-damage|p2a: Mama Matsumoto|2/100\n|-damage|p2b: Wimbleton|1/100\n|\n|upkeep\n|turn|4\n|\n|t:|1788292545\n|move|p2b: Wimbleton|Protect|p2b: Wimbleton\n|-singleturn|p2b: Wimbleton|Protect\n|move|p1a: Mysterious Guy|Reflect|p1a: Mysterious Guy\n|-sidestart|p1: freakyphobe|Reflect\n|move|p2a: Mama Matsumoto|Knock Off|p1a: Mysterious Guy\n|-supereffective|p1a: Mysterious Guy|1\n|-damage|p1a: Mysterious Guy|0 fnt\n|faint|p1a: Mysterious Guy\n|move|p1b: Queen Guy|Hyper Voice|p2b: Wimbleton|[spread] p2a\n|-activate|p2b: Wimbleton|move: Protect\n|-damage|p2a: Mama Matsumoto|0 fnt\n|faint|p2a: Mama Matsumoto\n|\n|-sideend|p2: xwasp|move: Tailwind\n|upkeep\n|j| Melon_Puffs94\n|\n|t:|1788292558\n|switch|p1a: Really Sharp Guy|Samurott-Hisui, L50, F|100/100\n|switch|p2a: Rose Lalonde|Meowstic-F, L50, F|100/100\n|turn|5\n|\n|t:|1788292569\n|detailschange|p2a: Rose Lalonde|Meowstic-F-Mega, L50, F\n|-mega|p2a: Rose Lalonde|Meowstic|Meowsticite\n|-ability|p2a: Rose Lalonde|Sharpness|Trace|[from] ability: Trace|[of] p1a: Really Sharp Guy\n|move|p1a: Really Sharp Guy|Sucker Punch|p2b: Wimbleton\n|-damage|p2b: Wimbleton|0 fnt\n|faint|p2b: Wimbleton\n|move|p2a: Rose Lalonde|Shadow Ball|p1b: Queen Guy\n|-supereffective|p1b: Queen Guy|1\n|-damage|p1b: Queen Guy|34/100\n|-unboost|p1b: Queen Guy|spd|1\n|move|p1b: Queen Guy|Calm Mind|p1b: Queen Guy\n|-boost|p1b: Queen Guy|spa|1\n|-boost|p1b: Queen Guy|spd|1\n|\n|upkeep\n|\n|t:|1788292580\n|switch|p2b: Strong Bad|Annihilape, L50, M|100/100\n|turn|6\n|\n|t:|1788292599\n|move|p1b: Queen Guy|Protect|p1b: Queen Guy\n|-singleturn|p1b: Queen Guy|Protect\n|move|p1a: Really Sharp Guy|Sucker Punch|p2a: Rose Lalonde\n|-supereffective|p2a: Rose Lalonde|1\n|-damage|p2a: Rose Lalonde|3/100\n|move|p2a: Rose Lalonde|Shadow Ball|p1b: Queen Guy\n|-activate|p1b: Queen Guy|move: Protect\n|move|p2b: Strong Bad|Close Combat|p1a: Really Sharp Guy\n|-supereffective|p1a: Really Sharp Guy|1\n|-damage|p1a: Really Sharp Guy|0 fnt\n|-unboost|p2b: Strong Bad|def|1\n|-unboost|p2b: Strong Bad|spd|1\n|faint|p1a: Really Sharp Guy\n|-damage|p2b: Strong Bad|90/100|[from] item: Life Orb\n|\n|upkeep\n|\n|t:|1788292609\n|switch|p1a: Surfs Up Guy|Raichu-Alola, L50, F|100/100\n|turn|7\n|\n|t:|1788292625\n|move|p2b: Strong Bad|Protect|p2b: Strong Bad\n|-singleturn|p2b: Strong Bad|Protect\n|move|p1a: Surfs Up Guy|Expanding Force|p2b: Strong Bad\n|-activate|p2b: Strong Bad|move: Protect\n|move|p2a: Rose Lalonde|Shadow Ball|p1b: Queen Guy\n|-supereffective|p1b: Queen Guy|1\n|-damage|p1b: Queen Guy|2/100\n|move|p1b: Queen Guy|Hyper Voice|p2b: Strong Bad|[spread] p2a\n|-activate|p2b: Strong Bad|move: Protect\n|-damage|p2a: Rose Lalonde|0 fnt\n|faint|p2a: Rose Lalonde\n|\n|upkeep\n|turn|8\n|\n|t:|1788292639\n|move|p2b: Strong Bad|Protect||[still]\n|-fail|p2b: Strong Bad\n|move|p1a: Surfs Up Guy|Expanding Force|p2b: Strong Bad\n|-supereffective|p2b: Strong Bad|1\n|-damage|p2b: Strong Bad|0 fnt\n|faint|p2b: Strong Bad\n|\n|win|freakyphobe\n","uploadtime":1788292645,"views":"14","formatid":"gen9championsvgc2026regmb","rating":null,"private":0,"password":null}