{"id":"gen9championsvgc2026regmb-2674431810","format":"[Gen 9 Champions] VGC 2026 Reg M-B","players":["DAWat2529","Orizor"],"log":"|j|☆DAWat2529\n|j|☆Orizor\n|t:|1788359060\n|gametype|doubles\n|player|p1|DAWat2529|alder|1324\n|player|p2|Orizor|hilbert-wonderlauncher|1415\n|gen|9\n|tier|[Gen 9 Champions] VGC 2026 Reg M-B\n|rated|\n|rule|Species Clause: Limit one of each Pokémon\n|rule|Item Clause: Limit 1 of each item\n|clearpoke\n|poke|p1|Eelektross, L50, F|\n|poke|p1|Talonflame, L50, F|\n|poke|p1|Garchomp, L50, F|\n|poke|p1|Tsareena, L50, F|\n|poke|p1|Tyranitar, L50, F|\n|poke|p1|Excadrill, L50, F|\n|poke|p2|Charizard, L50, F|\n|poke|p2|Heliolisk, L50, F|\n|poke|p2|Garchomp, L50, F|\n|poke|p2|Kingambit, L50, M|\n|poke|p2|Basculegion, L50, M|\n|poke|p2|Whimsicott, L50, M|\n|teampreview|4\n|inactive|Battle timer is ON: inactive players will automatically lose when time's up. (requested by DAWat2529)\n|inactive|Orizor has 60 seconds left.\n|\n|t:|1788359110\n|teamsize|p1|4\n|teamsize|p2|4\n|start\n|switch|p1a: Eelektross|Eelektross, L50, F|100/100\n|switch|p1b: Garchomp|Garchomp, L50, F|100/100\n|switch|p2a: Basculegion|Basculegion, L50, M|100/100\n|switch|p2b: Whimsicott|Whimsicott, L50, M|100/100\n|turn|1\n|\n|t:|1788359124\n|switch|p2a: Garchomp|Garchomp, L50, F|100/100\n|move|p2b: Whimsicott|Tailwind|p2b: Whimsicott\n|-sidestart|p2: Orizor|move: Tailwind\n|move|p1b: Garchomp|Rock Slide|p2a: Garchomp|[spread] p2a,p2b\n|-resisted|p2a: Garchomp|1\n|-damage|p2a: Garchomp|89/100\n|-damage|p2b: Whimsicott|70/100\n|move|p1a: Eelektross|Discharge|p2b: Whimsicott|[spread] p2b\n|-immune|p1b: Garchomp\n|-immune|p2a: Garchomp\n|-resisted|p2b: Whimsicott|1\n|-damage|p2b: Whimsicott|46/100\n|\n|upkeep\n|turn|2\n|\n|t:|1788359136\n|move|p2b: Whimsicott|Encore|p1a: Eelektross\n|-start|p1a: Eelektross|Encore\n|move|p2a: Garchomp|Dragon Claw|p1b: Garchomp\n|-supereffective|p1b: Garchomp|1\n|-crit|p1b: Garchomp\n|-damage|p1b: Garchomp|0 fnt\n|-damage|p2a: Garchomp|77/100|[from] ability: Rough Skin|[of] p1b: Garchomp\n|faint|p1b: Garchomp\n|-damage|p2a: Garchomp|67/100|[from] item: Life Orb\n|move|p1a: Eelektross|Discharge|p2b: Whimsicott|[spread] p2b\n|-immune|p2a: Garchomp\n|-resisted|p2b: Whimsicott|1\n|-damage|p2b: Whimsicott|24/100\n|-status|p2b: Whimsicott|par\n|\n|upkeep\n|\n|t:|1788359153\n|switch|p1b: Excadrill|Excadrill, L50, F|100/100\n|turn|3\n|\n|t:|1788359167\n|move|p1b: Excadrill|Protect|p1b: Excadrill\n|-singleturn|p1b: Excadrill|Protect\n|move|p2a: Garchomp|Stomping Tantrum|p1b: Excadrill\n|-activate|p1b: Excadrill|move: Protect\n|move|p2b: Whimsicott|Moonblast|p1a: Eelektross\n|-damage|p1a: Eelektross|61/100\n|move|p1a: Eelektross|Discharge|p2b: Whimsicott|[spread] p2b\n|-activate|p1b: Excadrill|move: Protect\n|-immune|p2a: Garchomp\n|-resisted|p2b: Whimsicott|1\n|-damage|p2b: Whimsicott|0 fnt\n|faint|p2b: Whimsicott\n|\n|upkeep\n|\n|t:|1788359175\n|switch|p2b: Basculegion|Basculegion, L50, M|100/100\n|turn|4\n|\n|t:|1788359190\n|switch|p1a: Tyranitar|Tyranitar, L50, F|100/100\n|-weather|Sandstorm|[from] ability: Sand Stream|[of] p1a: Tyranitar\n|move|p2a: Garchomp|Stomping Tantrum|p1b: Excadrill\n|-supereffective|p1b: Excadrill|1\n|-enditem|p1b: Excadrill|Focus Sash\n|-damage|p1b: Excadrill|1/100\n|-damage|p2a: Garchomp|57/100|[from] item: Life Orb\n|move|p1b: Excadrill|Earthquake|p2a: Garchomp|[spread] p1a,p2a,p2b\n|-supereffective|p1a: Tyranitar|1\n|-damage|p1a: Tyranitar|30/100\n|-damage|p2a: Garchomp|14/100\n|-damage|p2b: Basculegion|50/100g\n|move|p2b: Basculegion|Wave Crash|p1a: Tyranitar\n|-supereffective|p1a: Tyranitar|1\n|-damage|p1a: Tyranitar|0 fnt\n|faint|p1a: Tyranitar\n|-damage|p2b: Basculegion|39/100|[from] Recoil\n|\n|-weather|Sandstorm|[upkeep]\n|-damage|p2b: Basculegion|33/100|[from] Sandstorm\n|-sideend|p2: Orizor|move: Tailwind\n|upkeep\n|\n|t:|1788359194\n|switch|p1a: Eelektross|Eelektross, L50, F|61/100\n|turn|5\n|\n|t:|1788359210\n|detailschange|p1a: Eelektross|Eelektross-Mega, L50, F\n|-mega|p1a: Eelektross|Eelektross|Eelektrossite\n|move|p2b: Basculegion|Aqua Jet|p1b: Excadrill\n|-supereffective|p1b: Excadrill|1\n|-damage|p1b: Excadrill|0 fnt\n|faint|p1b: Excadrill\n|move|p2a: Garchomp|Dragon Claw|p1a: Eelektross\n|-damage|p1a: Eelektross|0 fnt\n|faint|p1a: Eelektross\n|-damage|p2a: Garchomp|4/100|[from] item: Life Orb\n|\n|win|Orizor\n|raw|DAWat2529's rating: 1324 &rarr; <strong>1309</strong><br />(-15 for losing)\n|raw|Orizor's rating: 1415 &rarr; <strong>1430</strong><br />(+15 for winning)\n|l|☆DAWat2529\n|player|p1|\n","uploadtime":1788359220,"views":"1","formatid":"gen9championsvgc2026regmb","rating":1309,"private":0,"password":null}