{"id":"gen9championsvgc2026regmb-2674292722","format":"[Gen 9 Champions] VGC 2026 Reg M-B","players":["ddzcwn","alexismydog"],"log":"|j|☆ddzcwn\n|j|☆alexismydog\n|t:|1788333568\n|gametype|doubles\n|player|p1|ddzcwn|hiker-gen4|1450\n|player|p2|alexismydog|265|1470\n|gen|9\n|tier|[Gen 9 Champions] VGC 2026 Reg M-B\n|rated|\n|rule|Species Clause: Limit one of each Pokémon\n|rule|Item Clause: Limit 1 of each item\n|clearpoke\n|poke|p1|Swampert, L50, F|\n|poke|p1|Pelipper, L50, M|\n|poke|p1|Venusaur, L50, M|\n|poke|p1|Kingambit, L50, M|\n|poke|p1|Staraptor, L50, F|\n|poke|p1|Sneasler, L50, F|\n|poke|p2|Tyranitar, L50, M|\n|poke|p2|Excadrill, L50, F|\n|poke|p2|Sinistcha, L50|\n|poke|p2|Gholdengo, L50|\n|poke|p2|Staraptor, L50, F|\n|poke|p2|Milotic, L50, M|\n|teampreview|4\n|inactive|Battle timer is ON: inactive players will automatically lose when time's up. (requested by alexismydog)\n|\n|t:|1788333597\n|teamsize|p1|4\n|teamsize|p2|4\n|start\n|switch|p1a: Kingambit|Kingambit, L50, M|100/100\n|switch|p1b: Sneasler|Sneasler, L50, F|100/100\n|switch|p2a: Staraptor|Staraptor, L50, F|100/100\n|switch|p2b: Gholdengo|Gholdengo, L50|100/100\n|-ability|p2a: Staraptor|Intimidate|boost\n|-unboost|p1a: Kingambit|atk|1\n|-ability|p1a: Kingambit|Defiant|boost\n|-boost|p1a: Kingambit|atk|2\n|-unboost|p1b: Sneasler|atk|1\n|-enditem|p1b: Sneasler|White Herb\n|-clearnegativeboost|p1b: Sneasler|[silent]\n|turn|1\n|inactive|ddzcwn has 30 seconds left.\n|inactive|alexismydog has 30 seconds left.\n|\n|t:|1788333625\n|move|p2a: Staraptor|Protect|p2a: Staraptor\n|-singleturn|p2a: Staraptor|Protect\n|move|p1b: Sneasler|Fake Out|p2a: Staraptor\n|-activate|p2a: Staraptor|move: Protect\n|move|p2b: Gholdengo|Nasty Plot|p2b: Gholdengo\n|-boost|p2b: Gholdengo|spa|2\n|move|p1a: Kingambit|Iron Head|p2a: Staraptor\n|-activate|p2a: Staraptor|move: Protect\n|\n|upkeep\n|turn|2\n|inactive|ddzcwn has 30 seconds left.\n|\n|t:|1788333656\n|detailschange|p2a: Staraptor|Staraptor-Mega, L50, F\n|-mega|p2a: Staraptor|Staraptor|Staraptite\n|move|p1b: Sneasler|Dire Claw|p2a: Staraptor\n|-damage|p2a: Staraptor|57/100\n|-status|p2a: Staraptor|psn\n|move|p2a: Staraptor|Close Combat|p1a: Kingambit\n|-supereffective|p1a: Kingambit|2\n|-enditem|p1a: Kingambit|Chople Berry|[eat]\n|-enditem|p1a: Kingambit|Chople Berry|[weaken]\n|-damage|p1a: Kingambit|1/100\n|-boost|p2a: Staraptor|def|1\n|-boost|p2a: Staraptor|spd|1\n|move|p2b: Gholdengo|Shadow Ball|p1b: Sneasler\n|-damage|p1b: Sneasler|0 fnt\n|faint|p1b: Sneasler\n|move|p1a: Kingambit|Iron Head|p2a: Staraptor\n|-damage|p2a: Staraptor|14/100 psn\n|\n|-damage|p2a: Staraptor|2/100 psn|[from] psn\n|upkeep\n|inactive|ddzcwn has 30 seconds left.\n|\n|t:|1788333685\n|switch|p1b: Pelipper|Pelipper, L50, M|100/100\n|-weather|RainDance|[from] ability: Drizzle|[of] p1b: Pelipper\n|turn|3\n|\n|t:|1788333707\n|move|p1a: Kingambit|Sucker Punch|p2b: Gholdengo\n|-supereffective|p2b: Gholdengo|1\n|-enditem|p2b: Gholdengo|Focus Sash\n|-damage|p2b: Gholdengo|1/100\n|move|p2a: Staraptor|Tailwind|p2a: Staraptor\n|-sidestart|p2: alexismydog|move: Tailwind\n|move|p2b: Gholdengo|Shadow Ball|p1b: Pelipper\n|-damage|p1b: Pelipper|0 fnt\n|faint|p1b: Pelipper\n|\n|-weather|RainDance|[upkeep]\n|-damage|p2a: Staraptor|0 fnt|[from] psn\n|faint|p2a: Staraptor\n|upkeep\n|\n|t:|1788333721\n|switch|p2a: Sinistcha|Sinistcha, L50|100/100\n|switch|p1b: Swampert|Swampert, L50, F|100/100\n|-heal|p2b: Gholdengo|25/100|[from] ability: Hospitality|[of] p2a: Sinistcha\n|turn|4\n|inactive|ddzcwn has 30 seconds left.\n|inactive|ddzcwn has 20 seconds left.\n|inactive|ddzcwn has 15 seconds left.\n|inactive|ddzcwn has 10 seconds left.\n|inactive|ddzcwn has 5 seconds left.\n|\n|t:|1788333776\n|move|p2b: Gholdengo|Protect|p2b: Gholdengo\n|-singleturn|p2b: Gholdengo|Protect\n|move|p2a: Sinistcha|Matcha Gotcha|p1b: Swampert|[spread] p1b\n|-miss|p2a: Sinistcha|p1a: Kingambit\n|-supereffective|p1b: Swampert|2\n|-damage|p1b: Swampert|1/100\n|move|p1b: Swampert|Wave Crash|p2a: Sinistcha\n|-resisted|p2a: Sinistcha|1\n|-damage|p2a: Sinistcha|34/100\n|-damage|p1b: Swampert|0 fnt|[from] Recoil\n|faint|p1b: Swampert\n|move|p1a: Kingambit|Kowtow Cleave|p2b: Gholdengo\n|-activate|p2b: Gholdengo|move: Protect\n|\n|-weather|RainDance|[upkeep]\n|-heal|p2a: Sinistcha|40/100|[from] item: Leftovers\n|upkeep\n|turn|5\n|\n|t:|1788333796\n|move|p2a: Sinistcha|Rage Powder|p2a: Sinistcha\n|-singleturn|p2a: Sinistcha|move: Rage Powder\n|move|p2b: Gholdengo|Shadow Ball|p1a: Kingambit\n|-resisted|p1a: Kingambit|1\n|-damage|p1a: Kingambit|0 fnt\n|faint|p1a: Kingambit\n|\n|win|alexismydog\n|raw|ddzcwn's rating: 1450 &rarr; <strong>1431</strong><br />(-19 for losing)\n|raw|alexismydog's rating: 1470 &rarr; <strong>1489</strong><br />(+19 for winning)\n|l|☆ddzcwn\n|player|p1|\n","uploadtime":1788333803,"views":"0","formatid":"gen9championsvgc2026regmb","rating":1431,"private":0,"password":null}