{"id":"gen9championsvgc2026regmbbo3-2673898329","format":"[Gen 9 Champions] VGC 2026 Reg M-B (Bo3)","players":["MetaphorCrazyMonk","void25o"],"log":"|j|☆MetaphorCrazyMonk\n|j|☆void25o\n|html|<table width=\"100%\"><tr><td align=\"left\">MetaphorCrazyMonk</td><td align=\"right\">void25o</tr><tr><td align=\"left\"><i class=\"fa fa-circle-o\"></i> <i class=\"fa fa-circle-o\"></i> </td><td align=\"right\"><i class=\"fa fa-circle-o\"></i> <i class=\"fa fa-circle-o\"></i> </tr></table>\n|uhtml|bestof|<h2><strong>Game 1</strong> of <a href=\"/game-bestof3-gen9championsvgc2026regmbbo3-2673898328\">a best-of-3</a></h2>\n|t:|1788274577\n|gametype|doubles\n|player|p1|MetaphorCrazyMonk|expert-gen6|1437\n|player|p2|void25o|raihan-masters|1333\n|gen|9\n|tier|[Gen 9 Champions] VGC 2026 Reg M-B (Bo3)\n|rated|\n|rule|Species Clause: Limit one of each Pokémon\n|rule|Item Clause: Limit 1 of each item\n|clearpoke\n|poke|p1|Delphox, L50, M|\n|poke|p1|Sinistcha, L50|\n|poke|p1|Incineroar, L50, M|\n|poke|p1|Blastoise, L50, M|\n|poke|p1|Kingambit, L50, M|\n|poke|p1|Sneasler, L50, M|\n|poke|p2|Delphox, L50, M|\n|poke|p2|Basculegion, L50, M|\n|poke|p2|Farigiraf, L50, F, shiny|\n|poke|p2|Whimsicott, L50, F|\n|poke|p2|Sneasler, L50, M|\n|poke|p2|Blastoise, L50, M|\n|teampreview|4\n|showteam|p1|Delphox||Delphoxite|Blaze|HeatWave,Psyshock,NastyPlot,Protect|Timid||M|||50|]Sinistcha||ColburBerry|Hospitality|MatchaGotcha,RagePowder,Protect,TrickRoom|Bold|||||50|]Incineroar||SitrusBerry|Intimidate|FlareBlitz,PartingShot,FakeOut,HelpingHand|Impish||M|||50|]Blastoise||Blastoisinite|RainDish|WaterSpout,DarkPulse,ShellSmash,Protect|Modest||M|||50|]Kingambit||BlackGlasses|Defiant|KowtowCleave,SuckerPunch,SwordsDance,Protect|Adamant||M|||50|]Sneasler||FocusSash|Unburden|CloseCombat,DireClaw,FakeOut,QuickGuard|Jolly||M|||50|\n|showteam|p2|Delphox||Delphoxite|Blaze|Psyshock,HeatWave,NastyPlot,Protect|Timid||M|||50|]Basculegion||LifeOrb|Adaptability|WaveCrash,LastRespects,AquaJet,Protect|Adamant||M|||50|]Farigiraf||ColburBerry|ArmorTail|FoulPlay,Psychic,HelpingHand,TrickRoom|Modest||F|||50|]Whimsicott||FocusSash|Prankster|Moonblast,Encore,Tailwind,Protect|Timid||F|||50|]Sneasler||WhiteHerb|Unburden|CloseCombat,DireClaw,FakeOut,Protect|Jolly||M|||50|]Blastoise||Blastoisinite|RainDish|ShellSmash,WaterSpout,DarkPulse,Protect|Modest||M|||50|\n|\n|t:|1788274622\n|teamsize|p1|4\n|teamsize|p2|4\n|start\n|switch|p1a: Unipol|Blastoise, L50, M|100/100\n|switch|p1b: Il Conto?|Sinistcha, L50|100/100\n|switch|p2a: Sneasler|Sneasler, L50, M|100/100\n|switch|p2b: Blastoise|Blastoise, L50, M|100/100\n|turn|1\n|\n|t:|1788274633\n|detailschange|p1a: Unipol|Blastoise-Mega, L50, M\n|-mega|p1a: Unipol|Blastoise|Blastoisinite\n|detailschange|p2b: Blastoise|Blastoise-Mega, L50, M\n|-mega|p2b: Blastoise|Blastoise|Blastoisinite\n|move|p2a: Sneasler|Fake Out|p1a: Unipol\n|-damage|p1a: Unipol|85/100\n|move|p2b: Blastoise|Dark Pulse|p1b: Il Conto?\n|-supereffective|p1b: Il Conto?|1\n|-crit|p1b: Il Conto?\n|-enditem|p1b: Il Conto?|Colbur Berry|[eat]\n|-enditem|p1b: Il Conto?|Colbur Berry|[weaken]\n|-damage|p1b: Il Conto?|28/100\n|cant|p1a: Unipol|flinch\n|move|p1b: Il Conto?|Matcha Gotcha|p2a: Sneasler|[spread] p2a,p2b\n|-resisted|p2a: Sneasler|1\n|-supereffective|p2b: Blastoise|1\n|-damage|p2a: Sneasler|84/100\n|-heal|p1b: Il Conto?|35/100|[from] drain|[of] p2a: Sneasler\n|-damage|p2b: Blastoise|53/100\n|-heal|p1b: Il Conto?|55/100|[from] drain|[of] p2b: Blastoise\n|\n|upkeep\n|turn|2\n|\n|t:|1788274661\n|move|p1b: Il Conto?|Rage Powder|p1b: Il Conto?\n|-singleturn|p1b: Il Conto?|move: Rage Powder\n|move|p2a: Sneasler|Dire Claw|p1b: Il Conto?\n|-damage|p1b: Il Conto?|19/100\n|move|p1a: Unipol|Shell Smash|p1a: Unipol\n|-unboost|p1a: Unipol|def|1\n|-unboost|p1a: Unipol|spd|1\n|-boost|p1a: Unipol|atk|2\n|-boost|p1a: Unipol|spa|2\n|-boost|p1a: Unipol|spe|2\n|move|p2b: Blastoise|Shell Smash|p2b: Blastoise\n|-unboost|p2b: Blastoise|def|1\n|-unboost|p2b: Blastoise|spd|1\n|-boost|p2b: Blastoise|atk|2\n|-boost|p2b: Blastoise|spa|2\n|-boost|p2b: Blastoise|spe|2\n|\n|upkeep\n|turn|3\n|\n|t:|1788274694\n|switch|p1b: Vigile|Sneasler, L50, M|100/100\n|move|p2b: Blastoise|Water Spout|p1a: Unipol|[spread] p1a,p1b\n|-resisted|p1a: Unipol|1\n|-damage|p1a: Unipol|29/100\n|-enditem|p1b: Vigile|Focus Sash\n|-damage|p1b: Vigile|1/100\n|move|p1a: Unipol|Water Spout|p2b: Blastoise|[spread] p2a,p2b\n|-resisted|p2b: Blastoise|1\n|-damage|p2a: Sneasler|34/100\n|-damage|p2b: Blastoise|24/100\n|move|p2a: Sneasler|Close Combat|p1a: Unipol\n|-damage|p1a: Unipol|0 fnt\n|-unboost|p2a: Sneasler|def|1\n|-unboost|p2a: Sneasler|spd|1\n|faint|p1a: Unipol\n|-enditem|p2a: Sneasler|White Herb\n|-clearnegativeboost|p2a: Sneasler|[silent]\n|\n|upkeep\n|\n|t:|1788274704\n|switch|p1a: Il Conto?|Sinistcha, L50|19/100\n|-heal|p1b: Vigile|25/100|[from] ability: Hospitality|[of] p1a: Il Conto?\n|turn|4\n|\n|t:|1788274724\n|switch|p2a: Farigiraf|Farigiraf, L50, F, shiny|100/100\n|move|p1b: Vigile|Close Combat|p2a: Farigiraf\n|-damage|p2a: Farigiraf|48/100\n|-unboost|p1b: Vigile|def|1\n|-unboost|p1b: Vigile|spd|1\n|move|p2b: Blastoise|Water Spout|p1a: Il Conto?|[spread] p1a,p1b\n|-resisted|p1a: Il Conto?|1\n|-damage|p1a: Il Conto?|6/100\n|-damage|p1b: Vigile|0 fnt\n|faint|p1b: Vigile\n|move|p1a: Il Conto?|Matcha Gotcha|p2b: Blastoise|[spread] p2a,p2b\n|-supereffective|p2b: Blastoise|1\n|-damage|p2a: Farigiraf|25/100\n|-heal|p1a: Il Conto?|20/100y|[from] drain|[of] p2a: Farigiraf\n|-damage|p2b: Blastoise|0 fnt\n|-heal|p1a: Il Conto?|31/100|[from] drain|[of] p2b: Blastoise\n|faint|p2b: Blastoise\n|\n|upkeep\n|inactive|Battle timer is ON: inactive players will automatically lose when time's up. (requested by MetaphorCrazyMonk)\n|\n|t:|1788274777\n|switch|p1b: Gradisce|Incineroar, L50, M|100/100\n|switch|p2b: Basculegion|Basculegion, L50, M|100/100\n|-ability|p1b: Gradisce|Intimidate|boost\n|-unboost|p2a: Farigiraf|atk|1\n|-unboost|p2b: Basculegion|atk|1\n|turn|5\n|-message|MetaphorCrazyMonk forfeited.\n|\n|win|void25o\n||MetaphorCrazyMonk is ready for game 2.\n|inactive|void25o has 30 seconds to confirm battle start!\n||void25o is ready for game 2.\n|uhtml|next|Next: <a href=\"/battle-gen9championsvgc2026regmbbo3-2673900161\"><strong>Game 2 of 3</strong></a>\n","uploadtime":1788275087,"views":"0","formatid":"gen9championsvgc2026regmbbo3","rating":null,"private":0,"password":null}