{"id":"gen9championsvgc2026regmb-2674095255","format":"[Gen 9 Champions] VGC 2026 Reg M-B","players":["DBWaffles","ethalem77"],"log":"|j|☆DBWaffles\n|j|☆ethalem77\n|t:|1788298462\n|gametype|doubles\n|player|p1|DBWaffles|swimmer-gen4dp|1672\n|player|p2|ethalem77|acetrainer-gen4dp|1616\n|gen|9\n|tier|[Gen 9 Champions] VGC 2026 Reg M-B\n|rated|\n|rule|Species Clause: Limit one of each Pokémon\n|rule|Item Clause: Limit 1 of each item\n|clearpoke\n|poke|p1|Raichu, L50, F|\n|poke|p1|Azumarill, L50, M|\n|poke|p1|Incineroar, L50, F|\n|poke|p1|Kommo-o, L50, M|\n|poke|p1|Sinistcha-Masterpiece, L50|\n|poke|p1|Kingambit, L50, F|\n|poke|p2|Dragonite, L50, M|\n|poke|p2|Sneasler, L50, F|\n|poke|p2|Basculegion, L50, M|\n|poke|p2|Kingambit, L50, F|\n|poke|p2|Garchomp, L50, M|\n|poke|p2|Floette-Eternal, L50, F|\n|teampreview|4\n|inactive|Battle timer is ON: inactive players will automatically lose when time's up. (requested by ethalem77)\n|inactive|DBWaffles also wants the timer to be on.\n|\n|t:|1788298482\n|teamsize|p1|4\n|teamsize|p2|4\n|start\n|switch|p1a: Raichu|Raichu, L50, F|100/100\n|switch|p1b: Azumarill|Azumarill, L50, M|100/100\n|switch|p2a: Kingambit|Kingambit, L50, F|100/100\n|switch|p2b: Floette|Floette-Eternal, L50, F|100/100\n|turn|1\n|inactive|DBWaffles has 30 seconds left.\n|inactive|ethalem77 has 30 seconds left.\n|\n|t:|1788298513\n|detailschange|p1a: Raichu|Raichu-Mega-Y, L50, F\n|-mega|p1a: Raichu|Raichu|Raichunite Y\n|detailschange|p2b: Floette|Floette-Mega, L50, F\n|-mega|p2b: Floette|Floette|Floettite\n|-ability|p2b: Floette|Fairy Aura\n|move|p1a: Raichu|Fake Out|p2b: Floette\n|-damage|p2b: Floette|89/100\n|cant|p2b: Floette|flinch\n|move|p1b: Azumarill|Belly Drum|p1b: Azumarill\n|-damage|p1b: Azumarill|50/100y\n|-setboost|p1b: Azumarill|atk|6|[from] move: Belly Drum\n|-enditem|p1b: Azumarill|Sitrus Berry|[eat]\n|-heal|p1b: Azumarill|74/100|[from] item: Sitrus Berry\n|move|p2a: Kingambit|Iron Head|p1b: Azumarill\n|-damage|p1b: Azumarill|32/100\n|\n|upkeep\n|turn|2\n|\n|t:|1788298536\n|move|p2b: Floette|Protect|p2b: Floette\n|-singleturn|p2b: Floette|Protect\n|move|p1b: Azumarill|Protect|p1b: Azumarill\n|-singleturn|p1b: Azumarill|Protect\n|move|p2a: Kingambit|Sucker Punch|p1a: Raichu\n|-damage|p1a: Raichu|18/100\n|move|p1a: Raichu|Focus Blast|p2a: Kingambit\n|-supereffective|p2a: Kingambit|2\n|-enditem|p2a: Kingambit|Chople Berry|[eat]\n|-enditem|p2a: Kingambit|Chople Berry|[weaken]\n|-damage|p2a: Kingambit|14/100\n|\n|upkeep\n|turn|3\n|\n|t:|1788298558\n|switch|p1a: Sinistcha|Sinistcha-Masterpiece, L50|100/100\n|-heal|p1b: Azumarill|57/100|[from] ability: Hospitality|[of] p1a: Sinistcha\n|move|p2a: Kingambit|Sucker Punch||[still]\n|-fail|p2a: Kingambit\n|move|p1b: Azumarill|Aqua Jet|p2b: Floette\n|-damage|p2b: Floette|0 fnt\n|faint|p2b: Floette\n|\n|upkeep\n|\n|t:|1788298570\n|switch|p2b: Sneasler|Sneasler, L50, F|100/100\n|turn|4\n|\n|t:|1788298576\n|move|p1a: Sinistcha|Protect|p1a: Sinistcha\n|-singleturn|p1a: Sinistcha|Protect\n|move|p1b: Azumarill|Protect|p1b: Azumarill\n|-singleturn|p1b: Azumarill|Protect\n|move|p2b: Sneasler|Fake Out|p1b: Azumarill\n|-activate|p1b: Azumarill|move: Protect\n|move|p2a: Kingambit|Kowtow Cleave|p1a: Sinistcha\n|-activate|p1a: Sinistcha|move: Protect\n|\n|upkeep\n|turn|5\n|\n|t:|1788298588\n|move|p1a: Sinistcha|Rage Powder|p1a: Sinistcha\n|-singleturn|p1a: Sinistcha|move: Rage Powder\n|move|p1b: Azumarill|Aqua Jet|p2a: Kingambit\n|-damage|p2a: Kingambit|0 fnt\n|faint|p2a: Kingambit\n|move|p2b: Sneasler|Dire Claw|p1a: Sinistcha\n|-damage|p1a: Sinistcha|66/100\n|-status|p1a: Sinistcha|psn|[from] ability: Poison Touch|[of] p2b: Sneasler\n|\n|-heal|p1a: Sinistcha|72/100 psn|[from] item: Leftovers\n|-damage|p1a: Sinistcha|60/100 psn|[from] psn\n|upkeep\n|\n|t:|1788298597\n|switch|p2a: Basculegion|Basculegion, L50, M|100/100\n|turn|6\n|\n|t:|1788298606\n|move|p1a: Sinistcha|Rage Powder|p1a: Sinistcha\n|-singleturn|p1a: Sinistcha|move: Rage Powder\n|move|p1b: Azumarill|Aqua Jet|p2b: Sneasler\n|-enditem|p2b: Sneasler|Focus Sash\n|-damage|p2b: Sneasler|1/100\n|move|p2b: Sneasler|Dire Claw|p1a: Sinistcha\n|-damage|p1a: Sinistcha|26/100 psn\n|move|p2a: Basculegion|Last Respects|p1a: Sinistcha\n|-supereffective|p1a: Sinistcha|1\n|-damage|p1a: Sinistcha|0 fnt\n|faint|p1a: Sinistcha\n|-damage|p2a: Basculegion|90/100|[from] item: Life Orb\n|\n|upkeep\n|\n|t:|1788298611\n|switch|p1a: Raichu|Raichu-Mega-Y, L50, F|18/100\n|turn|7\n|\n|t:|1788298634\n|move|p1a: Raichu|Protect|p1a: Raichu\n|-singleturn|p1a: Raichu|Protect\n|move|p1b: Azumarill|Protect|p1b: Azumarill\n|-singleturn|p1b: Azumarill|Protect\n|move|p2b: Sneasler|Feint|p1b: Azumarill\n|-activate|p1b: Azumarill|move: Feint\n|-damage|p1b: Azumarill|45/100\n|move|p2a: Basculegion|Aqua Jet|p1a: Raichu\n|-activate|p1a: Raichu|move: Protect\n|\n|upkeep\n|turn|8\n|\n|t:|1788298647\n|move|p2b: Sneasler|Feint|p1b: Azumarill\n|-damage|p1b: Azumarill|32/100\n|move|p2a: Basculegion|Aqua Jet|p1a: Raichu\n|-crit|p1a: Raichu\n|-damage|p1a: Raichu|0 fnt\n|faint|p1a: Raichu\n|-damage|p2a: Basculegion|80/100|[from] item: Life Orb\n|move|p1b: Azumarill|Aqua Jet|p2b: Sneasler\n|-damage|p2b: Sneasler|0 fnt\n|faint|p2b: Sneasler\n|\n|upkeep\n|\n|t:|1788298649\n|switch|p1a: Kingambit|Kingambit, L50, F|100/100\n|turn|9\n|\n|t:|1788298660\n|move|p2a: Basculegion|Protect|p2a: Basculegion\n|-singleturn|p2a: Basculegion|Protect\n|move|p1a: Kingambit|Kowtow Cleave|p2a: Basculegion\n|-activate|p2a: Basculegion|move: Protect\n|move|p1b: Azumarill|Play Rough|p2a: Basculegion\n|-activate|p2a: Basculegion|move: Protect\n|\n|upkeep\n|turn|10\n|\n|t:|1788298667\n|move|p2a: Basculegion|Aqua Jet|p1b: Azumarill\n|-resisted|p1b: Azumarill|1\n|-damage|p1b: Azumarill|15/100\n|-damage|p2a: Basculegion|71/100|[from] item: Life Orb\n|move|p1a: Kingambit|Kowtow Cleave|p2a: Basculegion\n|-supereffective|p2a: Basculegion|1\n|-damage|p2a: Basculegion|0 fnt\n|faint|p2a: Basculegion\n|\n|win|DBWaffles\n|raw|DBWaffles's rating: 1672 &rarr; <strong>1689</strong><br />(+17 for winning)\n|raw|ethalem77's rating: 1616 &rarr; <strong>1599</strong><br />(-17 for losing)\n","uploadtime":1788298670,"views":"0","formatid":"gen9championsvgc2026regmb","rating":1599,"private":0,"password":null}