{"id":"gen9championsvgc2026regmbbo3-2674655075","format":"[Gen 9 Champions] VGC 2026 Reg M-B (Bo3)","players":["spacesnake11","MetaphorCrazyMonk"],"log":"|j|☆spacesnake11\n|j|☆MetaphorCrazyMonk\n|html|<table width=\"100%\"><tr><td align=\"left\">spacesnake11</td><td align=\"right\">MetaphorCrazyMonk</tr><tr><td align=\"left\"><i class=\"fa fa-circle-o\"></i> <i class=\"fa fa-circle-o\"></i> </td><td align=\"right\"><i class=\"fa fa-circle-o\"></i> <i class=\"fa fa-circle-o\"></i> </tr></table>\n|uhtml|bestof|<h2><strong>Game 1</strong> of <a href=\"/game-bestof3-gen9championsvgc2026regmbbo3-2674655074\">a best-of-3</a></h2>\n|t:|1788385805\n|gametype|doubles\n|player|p1|spacesnake11|169|1379\n|player|p2|MetaphorCrazyMonk|expert-gen6|1451\n|gen|9\n|tier|[Gen 9 Champions] VGC 2026 Reg M-B (Bo3)\n|rated|\n|rule|Species Clause: Limit one of each Pokémon\n|rule|Item Clause: Limit 1 of each item\n|clearpoke\n|poke|p1|Farigiraf, L50, F|\n|poke|p1|Pangoro, L50, M|\n|poke|p1|Sylveon, L50, M|\n|poke|p1|Aerodactyl, L50, M|\n|poke|p1|Incineroar, L50, M|\n|poke|p1|Camerupt, L50, M|\n|poke|p2|Delphox, L50, M|\n|poke|p2|Sinistcha, L50|\n|poke|p2|Incineroar, L50, M|\n|poke|p2|Blastoise, L50, M|\n|poke|p2|Kingambit, L50, M|\n|poke|p2|Sneasler, L50, M|\n|teampreview|4\n|showteam|p1|Farigiraf||SitrusBerry|ArmorTail|TwinBeam,Thunderbolt,HelpingHand,TrickRoom|Bold||F|||50|]Pangoro||LifeOrb|Scrappy|CloseCombat,DarkestLariat,GunkShot,Protect|Adamant||M|||50|]Sylveon||FairyFeather|Pixilate|HyperVoice,HyperBeam,QuickAttack,Detect|Modest||M|||50|]Aerodactyl||Aerodactylite|Unnerve|RockSlide,DualWingbeat,Tailwind,Protect|Jolly||M|||50|]Incineroar||PasshoBerry|Intimidate|FakeOut,FlareBlitz,DarkestLariat,PartingShot|Adamant||M|||50|]Camerupt||Cameruptite|SolidRock|HeatWave,EarthPower,AncientPower,Protect|Quiet||M|||50|\n|showteam|p2|Delphox||Delphoxite|Blaze|HeatWave,Psyshock,NastyPlot,Protect|Timid||M|||50|]Sinistcha||ColburBerry|Hospitality|MatchaGotcha,RagePowder,Protect,TrickRoom|Bold|||||50|]Incineroar||SitrusBerry|Intimidate|FlareBlitz,PartingShot,FakeOut,HelpingHand|Impish||M|||50|]Blastoise||Blastoisinite|RainDish|WaterSpout,DarkPulse,ShellSmash,Protect|Modest||M|||50|]Kingambit||BlackGlasses|Defiant|KowtowCleave,SuckerPunch,SwordsDance,Protect|Adamant||M|||50|]Sneasler||FocusSash|Unburden|CloseCombat,DireClaw,FakeOut,QuickGuard|Jolly||M|||50|\n|inactive|Battle timer is ON: inactive players will automatically lose when time's up. (requested by spacesnake11)\n|\n|t:|1788385860\n|teamsize|p1|4\n|teamsize|p2|4\n|start\n|switch|p1a: Aerodactyl|Aerodactyl, L50, M|100/100\n|switch|p1b: Pangoro|Pangoro, L50, M|100/100\n|switch|p2a: Unipol|Blastoise, L50, M|100/100\n|switch|p2b: Gradisce|Incineroar, L50, M|100/100\n|-ability|p1a: Aerodactyl|Unnerve\n|-ability|p2b: Gradisce|Intimidate|boost\n|-unboost|p1a: Aerodactyl|atk|1\n|-fail|p1b: Pangoro|unboost|atk|[from] ability: Scrappy|[of] p1b: Pangoro\n|turn|1\n|inactive|spacesnake11 has 30 seconds left.\n|\n|t:|1788385892\n|switch|p1a: Farigiraf|Farigiraf, L50, F|100/100\n|detailschange|p2a: Unipol|Blastoise-Mega, L50, M\n|-mega|p2a: Unipol|Blastoise|Blastoisinite\n|move|p2b: Gradisce|Fake Out||[still]\n|cant|p1a: Farigiraf|ability: Armor Tail|Fake Out|[of] p2b: Gradisce\n|move|p2a: Unipol|Water Spout|p1b: Pangoro|[spread] p1a,p1b\n|-damage|p1a: Farigiraf|37/100\n|-damage|p1b: Pangoro|8/100\n|-enditem|p1a: Farigiraf|Sitrus Berry|[eat]\n|-heal|p1a: Farigiraf|62/100|[from] item: Sitrus Berry\n|move|p1b: Pangoro|Close Combat|p2a: Unipol\n|-damage|p2a: Unipol|7/100\n|-unboost|p1b: Pangoro|def|1\n|-unboost|p1b: Pangoro|spd|1\n|-damage|p1b: Pangoro|0 fnt|[from] item: Life Orb\n|faint|p1b: Pangoro\n|\n|upkeep\n|\n|t:|1788385910\n|switch|p1b: Aerodactyl|Aerodactyl, L50, M|100/100\n|-ability|p1b: Aerodactyl|Unnerve\n|turn|2\n|\n|t:|1788385916\n|switch|p2b: Il Conto?|Sinistcha, L50|100/100\n|-heal|p2a: Unipol|31/100|[from] ability: Hospitality|[of] p2b: Il Conto?\n|detailschange|p1b: Aerodactyl|Aerodactyl-Mega, L50, M\n|-mega|p1b: Aerodactyl|Aerodactyl|Aerodactylite\n|move|p1b: Aerodactyl|Dual Wingbeat|p2b: Il Conto?\n|-supereffective|p2b: Il Conto?|1\n|-damage|p2b: Il Conto?|59/100\n|-supereffective|p2b: Il Conto?|1\n|-damage|p2b: Il Conto?|18/100\n|-hitcount|p2b: Il Conto?|2\n|move|p2a: Unipol|Dark Pulse|p1a: Farigiraf\n|-supereffective|p1a: Farigiraf|1\n|-damage|p1a: Farigiraf|0 fnt\n|faint|p1a: Farigiraf\n|\n|upkeep\n|\n|t:|1788385929\n|switch|p1a: Sylveon|Sylveon, L50, M|100/100\n|turn|3\n|\n|t:|1788385932\n|switch|p2b: Gradisce|Incineroar, L50, M|100/100\n|-ability|p2b: Gradisce|Intimidate|boost\n|-unboost|p1a: Sylveon|atk|1\n|-unboost|p1b: Aerodactyl|atk|1\n|move|p2a: Unipol|Protect|p2a: Unipol\n|-singleturn|p2a: Unipol|Protect\n|move|p1b: Aerodactyl|Tailwind|p1b: Aerodactyl\n|-sidestart|p1: spacesnake11|move: Tailwind\n|move|p1a: Sylveon|Hyper Voice|p2b: Gradisce|[spread] p2b\n|-activate|p2a: Unipol|move: Protect\n|-damage|p2b: Gradisce|56/100\n|\n|upkeep\n|turn|4\n|\n|t:|1788385946\n|move|p2b: Gradisce|Fake Out|p1a: Sylveon\n|-damage|p1a: Sylveon|86/100\n|move|p1b: Aerodactyl|Rock Slide|p2b: Gradisce|[spread] p2a,p2b\n|-supereffective|p2b: Gradisce|1\n|-damage|p2a: Unipol|13/100\n|-damage|p2b: Gradisce|26/100\n|-enditem|p2b: Gradisce|Sitrus Berry|[eat]\n|-heal|p2b: Gradisce|50/100g|[from] item: Sitrus Berry\n|cant|p1a: Sylveon|flinch\n|move|p2a: Unipol|Shell Smash|p2a: Unipol\n|-unboost|p2a: Unipol|def|1\n|-unboost|p2a: Unipol|spd|1\n|-boost|p2a: Unipol|atk|2\n|-boost|p2a: Unipol|spa|2\n|-boost|p2a: Unipol|spe|2\n|\n|upkeep\n|turn|5\n|inactive|spacesnake11 has 30 seconds left.\n|inactive|spacesnake11 has 20 seconds left.\n|inactive|spacesnake11 has 15 seconds left.\n|inactive|MetaphorCrazyMonk has 30 seconds left.\n|\n|t:|1788385996\n|switch|p2b: Il Conto?|Sinistcha, L50|18/100\n|-heal|p2a: Unipol|38/100|[from] ability: Hospitality|[of] p2b: Il Conto?\n|move|p2a: Unipol|Protect|p2a: Unipol\n|-singleturn|p2a: Unipol|Protect\n|move|p1a: Sylveon|Quick Attack|p2a: Unipol\n|-activate|p2a: Unipol|move: Protect\n|move|p1b: Aerodactyl|Rock Slide|p2a: Unipol|[spread] p2b\n|-activate|p2a: Unipol|move: Protect\n|-damage|p2b: Il Conto?|4/100\n|\n|upkeep\n|turn|6\n|inactive|MetaphorCrazyMonk has 30 seconds left.\n|inactive|MetaphorCrazyMonk has 20 seconds left.\n|\n|t:|1788386032\n|move|p2b: Il Conto?|Rage Powder|p2b: Il Conto?\n|-singleturn|p2b: Il Conto?|move: Rage Powder\n|move|p1a: Sylveon|Quick Attack|p2b: Il Conto?\n|-damage|p2b: Il Conto?|0 fnt\n|faint|p2b: Il Conto?\n|move|p1b: Aerodactyl|Dual Wingbeat|p2a: Unipol\n|-damage|p2a: Unipol|10/100\n|-damage|p2a: Unipol|0 fnt\n|faint|p2a: Unipol\n|-hitcount|p2: Unipol|2\n|\n|-sideend|p1: spacesnake11|move: Tailwind\n|upkeep\n|\n|t:|1788386039\n|switch|p2a: Gradisce|Incineroar, L50, M|50/100g\n|switch|p2b: Vigile|Sneasler, L50, M|100/100\n|-ability|p2a: Gradisce|Intimidate|boost\n|-unboost|p1a: Sylveon|atk|1\n|-unboost|p1b: Aerodactyl|atk|1\n|turn|7\n|\n|t:|1788386051\n|move|p2a: Gradisce|Helping Hand|p2b: Vigile\n|-singleturn|p2b: Vigile|Helping Hand|[of] p2a: Gradisce\n|move|p1b: Aerodactyl|Protect|p1b: Aerodactyl\n|-singleturn|p1b: Aerodactyl|Protect\n|move|p1a: Sylveon|Detect|p1a: Sylveon\n|-singleturn|p1a: Sylveon|Protect\n|move|p2b: Vigile|Dire Claw|p1a: Sylveon\n|-activate|p1a: Sylveon|move: Protect\n|\n|upkeep\n|turn|8\n|\n|t:|1788386075\n|move|p1a: Sylveon|Quick Attack|p2b: Vigile\n|-damage|p2b: Vigile|87/100\n|move|p1b: Aerodactyl|Dual Wingbeat|p2b: Vigile\n|-supereffective|p2b: Vigile|1\n|-damage|p2b: Vigile|45/100\n|-supereffective|p2b: Vigile|1\n|-damage|p2b: Vigile|6/100\n|-hitcount|p2b: Vigile|2\n|move|p2b: Vigile|Dire Claw|p1a: Sylveon\n|-supereffective|p1a: Sylveon|1\n|-damage|p1a: Sylveon|0 fnt\n|faint|p1a: Sylveon\n|move|p2a: Gradisce|Parting Shot|p1b: Aerodactyl\n|-unboost|p1b: Aerodactyl|atk|1\n|-unboost|p1b: Aerodactyl|spa|1\n|\n|upkeep\n|turn|9\n|\n|t:|1788386094\n|move|p1b: Aerodactyl|Rock Slide|p2a: Gradisce|[spread] p2a\n|-miss|p1b: Aerodactyl|p2b: Vigile\n|-supereffective|p2a: Gradisce|1\n|-damage|p2a: Gradisce|35/100\n|move|p2b: Vigile|Close Combat|p1b: Aerodactyl\n|-damage|p1b: Aerodactyl|28/100\n|-unboost|p2b: Vigile|def|1\n|-unboost|p2b: Vigile|spd|1\n|cant|p2a: Gradisce|flinch\n|\n|upkeep\n|turn|10\n|\n|t:|1788386106\n|move|p1b: Aerodactyl|Rock Slide|p2a: Gradisce|[spread] p2a,p2b\n|-supereffective|p2a: Gradisce|1\n|-resisted|p2b: Vigile|1\n|-damage|p2a: Gradisce|19/100\n|-damage|p2b: Vigile|0 fnt\n|faint|p2b: Vigile\n|move|p2a: Gradisce|Flare Blitz|p1b: Aerodactyl\n|-resisted|p1b: Aerodactyl|1\n|-damage|p1b: Aerodactyl|2/100\n|-status|p1b: Aerodactyl|brn\n|-damage|p2a: Gradisce|11/100|[from] Recoil\n|\n|-damage|p1b: Aerodactyl|0 fnt|[from] brn\n|faint|p1b: Aerodactyl\n|\n|win|MetaphorCrazyMonk\n||spacesnake11 is ready for game 2.\n|inactive|MetaphorCrazyMonk has 29 seconds to confirm battle start!\n","uploadtime":1788386117,"views":"0","formatid":"gen9championsvgc2026regmbbo3","rating":null,"private":0,"password":null}