{"id":"gen9championsvgc2026regmbbo3-2674092444","format":"[Gen 9 Champions] VGC 2026 Reg M-B (Bo3)","players":["PolpettaVGC","soulo333"],"log":"|j|☆PolpettaVGC\n|j|☆soulo333\n|html|<table width=\"100%\"><tr><td align=\"left\">PolpettaVGC</td><td align=\"right\">soulo333</tr><tr><td align=\"left\"><i class=\"fa fa-circle\"></i> <i class=\"fa fa-circle-o\"></i> </td><td align=\"right\"><i class=\"fa fa-circle-o\"></i> <i class=\"fa fa-circle\"></i> </tr></table>\n|uhtml|bestof|<h2><strong>Game 3</strong> of <a href=\"/game-bestof3-gen9championsvgc2026regmbbo3-2674090069\">a best-of-3</a></h2>\n|t:|1788298079\n|gametype|doubles\n|player|p1|PolpettaVGC|pokekid|1182\n|player|p2|soulo333|101|1053\n|gen|9\n|tier|[Gen 9 Champions] VGC 2026 Reg M-B (Bo3)\n|rated|\n|rule|Species Clause: Limit one of each Pokémon\n|rule|Item Clause: Limit 1 of each item\n|clearpoke\n|poke|p1|Incineroar, L50, F|\n|poke|p1|Samurott-Hisui, L50, F|\n|poke|p1|Sinistcha, L50|\n|poke|p1|Sneasler, L50, M|\n|poke|p1|Floette-Eternal, L50, F|\n|poke|p1|Delphox, L50, F|\n|poke|p2|Staraptor, L50, F|\n|poke|p2|Arcanine-Hisui, L50, F|\n|poke|p2|Kingambit, L50, M|\n|poke|p2|Sylveon, L50, M, shiny|\n|poke|p2|Raichu, L50, M|\n|poke|p2|Farigiraf, L50, F|\n|teampreview|4\n|showteam|p1|Incineroar||SitrusBerry|Intimidate|FakeOut,FlareBlitz,DarkestLariat,PartingShot|Careful||F|||50|]Samurott-Hisui||ChoiceScarf|Sharpness|RazorShell,NightSlash,SacredSword,FlipTurn|Jolly||F|||50|]Sinistcha||OccaBerry|Hospitality|MatchaGotcha,LifeDew,RagePowder,Protect|Relaxed|||||50|]Sneasler||FocusSash|PoisonTouch|FakeOut,CloseCombat,PoisonJab,RockSlide|Jolly||M|||50|]Floette-Eternal||Floettite|FlowerVeil|Moonblast,DazzlingGleam,CalmMind,Protect|Modest||F|||50|]Delphox||Delphoxite|Blaze|Psychic,HeatWave,NastyPlot,Protect|Timid||F|||50|\n|showteam|p2|Staraptor||Staraptite|Intimidate|DualWingbeat,CloseCombat,Tailwind,Protect|Jolly||F|||50|]Arcanine-Hisui||FocusSash|RockHead|FlareBlitz,HeadSmash,ExtremeSpeed,Protect|Jolly||F|||50|]Kingambit||LifeOrb|Defiant|KowtowCleave,SuckerPunch,SwordsDance,Protect|Adamant||M|||50|]Sylveon||FairyFeather|Pixilate|HyperVoice,HyperBeam,QuickAttack,Detect|Modest||M|||50|]Raichu||RaichuniteY|LightningRod|ZapCannon,FocusBlast,FakeOut,Protect|Timid||M|||50|]Farigiraf||SitrusBerry|ArmorTail|Psychic,HelpingHand,TrickRoom,Protect|Calm||F|||50|\n|inactive|Battle timer is ON: inactive players will automatically lose when time's up. (requested by PolpettaVGC)\n|\n|t:|1788298101\n|teamsize|p1|4\n|teamsize|p2|4\n|start\n|switch|p1a: Delphox|Delphox, L50, F|100/100\n|switch|p1b: Samurott|Samurott-Hisui, L50, F|100/100\n|switch|p2a: Arcanine|Arcanine-Hisui, L50, F|100/100\n|switch|p2b: Raichu|Raichu, L50, M|100/100\n|turn|1\n|inactive|soulo333 has 30 seconds left.\n|\n|t:|1788298129\n|switch|p2a: Celeste|Staraptor, L50, F|100/100\n|-ability|p2a: Celeste|Intimidate|boost\n|-unboost|p1a: Delphox|atk|1\n|-unboost|p1b: Samurott|atk|1\n|detailschange|p2b: Raichu|Raichu-Mega-Y, L50, M\n|-mega|p2b: Raichu|Raichu|Raichunite Y\n|detailschange|p1a: Delphox|Delphox-Mega, L50, F\n|-mega|p1a: Delphox|Delphox|Delphoxite\n|move|p1a: Delphox|Protect|p1a: Delphox\n|-singleturn|p1a: Delphox|Protect\n|move|p1b: Samurott|Flip Turn|p2a: Celeste\n|-damage|p2a: Celeste|76/100\n|\n|t:|1788298143\n|switch|p1b: Incineroar|Incineroar, L50, F|100/100|[from] Flip Turn\n|-ability|p1b: Incineroar|Intimidate|boost\n|-unboost|p2a: Celeste|atk|1\n|-unboost|p2b: Raichu|atk|1\n|move|p2b: Raichu|Zap Cannon|p1a: Delphox\n|-activate|p1a: Delphox|move: Protect\n|\n|upkeep\n|turn|2\n|\n|t:|1788298165\n|move|p2b: Raichu|Protect|p2b: Raichu\n|-singleturn|p2b: Raichu|Protect\n|move|p1b: Incineroar|Fake Out|p2b: Raichu\n|-activate|p2b: Raichu|move: Protect\n|move|p1a: Delphox|Nasty Plot|p1a: Delphox\n|-boost|p1a: Delphox|spa|2\n|move|p2a: Celeste|Tailwind|p2a: Celeste\n|-sidestart|p2: soulo333|move: Tailwind\n|\n|upkeep\n|turn|3\n|\n|t:|1788298180\n|move|p1a: Delphox|Protect|p1a: Delphox\n|-singleturn|p1a: Delphox|Protect\n|move|p2b: Raichu|Zap Cannon|p1b: Incineroar\n|-damage|p1b: Incineroar|52/100\n|-status|p1b: Incineroar|par\n|move|p2a: Celeste|Close Combat|p1b: Incineroar\n|-supereffective|p1b: Incineroar|1\n|-damage|p1b: Incineroar|11/100 par\n|-unboost|p2a: Celeste|def|1\n|-unboost|p2a: Celeste|spd|1\n|-enditem|p1b: Incineroar|Sitrus Berry|[eat]\n|-heal|p1b: Incineroar|36/100 par|[from] item: Sitrus Berry\n|move|p1b: Incineroar|Parting Shot|p2b: Raichu\n|-unboost|p2b: Raichu|atk|1\n|-unboost|p2b: Raichu|spa|1\n|\n|t:|1788298202\n|switch|p1b: Sinistcha|Sinistcha, L50|100/100|[from] Parting Shot\n|\n|upkeep\n|turn|4\n|\n|t:|1788298209\n|switch|p2a: Arcanine|Arcanine-Hisui, L50, F|100/100\n|move|p1b: Sinistcha|Rage Powder|p1b: Sinistcha\n|-singleturn|p1b: Sinistcha|move: Rage Powder\n|move|p2b: Raichu|Zap Cannon|p1b: Sinistcha\n|-resisted|p1b: Sinistcha|1\n|-damage|p1b: Sinistcha|79/100\n|-status|p1b: Sinistcha|par\n|move|p1a: Delphox|Heat Wave|p2b: Raichu|[spread] p2a,p2b\n|-resisted|p2a: Arcanine|2\n|-damage|p2a: Arcanine|74/100\n|-damage|p2b: Raichu|5/100\n|\n|upkeep\n|turn|5\n|\n|t:|1788298226\n|switch|p1b: Incineroar|Incineroar, L50, F|36/100 par\n|-ability|p1b: Incineroar|Intimidate|boost\n|-unboost|p2a: Arcanine|atk|1\n|-unboost|p2b: Raichu|atk|1\n|move|p1a: Delphox|Protect|p1a: Delphox\n|-singleturn|p1a: Delphox|Protect\n|move|p2b: Raichu|Zap Cannon|p1a: Delphox\n|-activate|p1a: Delphox|move: Protect\n|move|p2a: Arcanine|Flare Blitz|p1b: Incineroar\n|-resisted|p1b: Incineroar|1\n|-damage|p1b: Incineroar|20/100y par\n|\n|-sideend|p2: soulo333|move: Tailwind\n|upkeep\n|turn|6\n|inactive|PolpettaVGC has 30 seconds left.\n|inactive|PolpettaVGC has 20 seconds left.\n|\n|t:|1788298264\n|switch|p2b: Celeste|Staraptor, L50, F|76/100\n|-ability|p2b: Celeste|Intimidate|boost\n|-unboost|p1a: Delphox|atk|1\n|-unboost|p1b: Incineroar|atk|1\n|move|p2a: Arcanine|Protect|p2a: Arcanine\n|-singleturn|p2a: Arcanine|Protect\n|move|p1b: Incineroar|Fake Out|p2a: Arcanine\n|-activate|p2a: Arcanine|move: Protect\n|move|p1a: Delphox|Heat Wave|p2b: Celeste|[spread] p2b\n|-activate|p2a: Arcanine|move: Protect\n|-damage|p2b: Celeste|0 fnt\n|faint|p2b: Celeste\n|\n|upkeep\n|\n|t:|1788298275\n|switch|p2b: Kingambit|Kingambit, L50, M|100/100\n|turn|7\n|\n|t:|1788298295\n|switch|p1b: Sinistcha|Sinistcha, L50|79/100 par\n|move|p1a: Delphox|Protect|p1a: Delphox\n|-singleturn|p1a: Delphox|Protect\n|move|p2a: Arcanine|Flare Blitz|p1b: Sinistcha\n|-supereffective|p1b: Sinistcha|1\n|-enditem|p1b: Sinistcha|Occa Berry|[eat]\n|-enditem|p1b: Sinistcha|Occa Berry|[weaken]\n|-damage|p1b: Sinistcha|50/100g par\n|move|p2b: Kingambit|Swords Dance|p2b: Kingambit\n|-boost|p2b: Kingambit|atk|2\n|\n|upkeep\n|turn|8\n|\n|t:|1788298315\n|move|p1b: Sinistcha|Rage Powder|p1b: Sinistcha\n|-singleturn|p1b: Sinistcha|move: Rage Powder\n|move|p1a: Delphox|Heat Wave|p2a: Arcanine|[spread] p2a\n|-miss|p1a: Delphox|p2b: Kingambit\n|-resisted|p2a: Arcanine|2\n|-damage|p2a: Arcanine|51/100\n|move|p2a: Arcanine|Flare Blitz|p1b: Sinistcha\n|-supereffective|p1b: Sinistcha|1\n|-damage|p1b: Sinistcha|0 fnt\n|faint|p1b: Sinistcha\n|move|p2b: Kingambit|Kowtow Cleave|p1a: Delphox\n|-supereffective|p1a: Delphox|1\n|-damage|p1a: Delphox|0 fnt\n|faint|p1a: Delphox\n|-damage|p2b: Kingambit|90/100|[from] item: Life Orb\n|\n|upkeep\n|\n|t:|1788298330\n|switch|p1a: Samurott|Samurott-Hisui, L50, F|100/100\n|switch|p1b: Incineroar|Incineroar, L50, F|20/100y par\n|-ability|p1b: Incineroar|Intimidate|boost\n|-unboost|p2a: Arcanine|atk|1\n|-unboost|p2b: Kingambit|atk|1\n|-ability|p2b: Kingambit|Defiant|boost\n|-boost|p2b: Kingambit|atk|2\n|turn|9\n|\n|t:|1788298343\n|switch|p2a: Raichu|Raichu-Mega-Y, L50, M|5/100\n|move|p2b: Kingambit|Protect|p2b: Kingambit\n|-singleturn|p2b: Kingambit|Protect\n|move|p1b: Incineroar|Fake Out|p2b: Kingambit\n|-activate|p2b: Kingambit|move: Protect\n|move|p1a: Samurott|Sacred Sword|p2a: Raichu\n|-damage|p2a: Raichu|0 fnt\n|faint|p2a: Raichu\n|\n|upkeep\n|\n|t:|1788298349\n|switch|p2a: Arcanine|Arcanine-Hisui, L50, F|51/100\n|turn|10\n|\n|t:|1788298364\n|move|p2a: Arcanine|Extreme Speed|p1a: Samurott\n|-damage|p1a: Samurott|64/100\n|move|p2b: Kingambit|Sucker Punch|p1a: Samurott\n|-resisted|p1a: Samurott|1\n|-damage|p1a: Samurott|0 fnt\n|faint|p1a: Samurott\n|-damage|p2b: Kingambit|80/100|[from] item: Life Orb\n|move|p1b: Incineroar|Flare Blitz|p2b: Kingambit\n|-supereffective|p2b: Kingambit|1\n|-damage|p2b: Kingambit|5/100\n|-damage|p1b: Incineroar|0 fnt|[from] Recoil\n|faint|p1b: Incineroar\n|\n|win|soulo333\n|raw|PolpettaVGC's rating: 1182 &rarr; <strong>1148</strong><br />(-34 for losing)\n|raw|soulo333's rating: 1053 &rarr; <strong>1096</strong><br />(+43 for winning)\n","uploadtime":1788298364,"views":"1","formatid":"gen9championsvgc2026regmbbo3","rating":1096,"private":0,"password":null}