{"id":"gen9championsvgc2026regmb-2674409285","format":"[Gen 9 Champions] VGC 2026 Reg M-B","players":["tomushi21","Keygki"],"log":"|j|☆tomushi21\n|j|☆Keygki\n|t:|1788356241\n|gametype|doubles\n|player|p1|tomushi21|266|1728\n|player|p2|Keygki|erika|1707\n|gen|9\n|tier|[Gen 9 Champions] VGC 2026 Reg M-B\n|rated|\n|rule|Species Clause: Limit one of each Pokémon\n|rule|Item Clause: Limit 1 of each item\n|clearpoke\n|poke|p1|Sneasler, L50, M|\n|poke|p1|Scovillain, L50, M|\n|poke|p1|Basculegion, L50, M|\n|poke|p1|Froslass, L50, F|\n|poke|p1|Kingambit, L50, F|\n|poke|p1|Arcanine-Hisui, L50, M|\n|poke|p2|Froslass, L50, F|\n|poke|p2|Rotom-Heat, L50, shiny|\n|poke|p2|Kingambit, L50, M, shiny|\n|poke|p2|Glimmora, L50, M|\n|poke|p2|Whimsicott, L50, M|\n|poke|p2|Garchomp, L50, M|\n|teampreview|4\n|\n|t:|1788356278\n|teamsize|p1|4\n|teamsize|p2|4\n|start\n|switch|p1a: Basculegion|Basculegion, L50, M|100/100\n|switch|p1b: Kingambit|Kingambit, L50, F|100/100\n|switch|p2a: Whimsicott|Whimsicott, L50, M|100/100\n|switch|p2b: Glimmora|Glimmora, L50, M|100/100\n|turn|1\n|\n|t:|1788356309\n|switch|p2b: Garchomp|Garchomp, L50, M|100/100\n|move|p2a: Whimsicott|Moonblast|p1a: Basculegion\n|-crit|p1a: Basculegion\n|-damage|p1a: Basculegion|39/100\n|move|p1a: Basculegion|Wave Crash|p2b: Garchomp\n|-damage|p2b: Garchomp|0 fnt\n|-damage|p1a: Basculegion|27/100|[from] ability: Rough Skin|[of] p2b: Garchomp\n|faint|p2b: Garchomp\n|-damage|p1a: Basculegion|0 fnt|[from] Recoil\n|faint|p1a: Basculegion\n|move|p1b: Kingambit|Swords Dance|p1b: Kingambit\n|-boost|p1b: Kingambit|atk|2\n|\n|upkeep\n|\n|t:|1788356328\n|switch|p2b: Rotom|Rotom-Heat, L50, shiny|100/100\n|switch|p1a: Froslass|Froslass, L50, F|100/100\n|turn|2\n|\n|t:|1788356348\n|detailschange|p1a: Froslass|Froslass-Mega, L50, F\n|-mega|p1a: Froslass|Froslass|Froslassite\n|-weather|Snowscape|[from] ability: Snow Warning|[of] p1a: Froslass\n|move|p2a: Whimsicott|Tailwind|p2a: Whimsicott\n|-sidestart|p2: Keygki|move: Tailwind\n|move|p1b: Kingambit|Sucker Punch||[still]\n|-fail|p1b: Kingambit\n|move|p2b: Rotom|Will-O-Wisp|p1b: Kingambit\n|-status|p1b: Kingambit|brn\n|move|p1a: Froslass|Blizzard|p2a: Whimsicott|[spread] p2a,p2b\n|-supereffective|p2a: Whimsicott|1\n|-resisted|p2b: Rotom|1\n|-enditem|p2a: Whimsicott|Focus Sash\n|-damage|p2a: Whimsicott|1/100\n|-damage|p2b: Rotom|73/100\n|\n|-weather|Snowscape|[upkeep]\n|-damage|p1b: Kingambit|94/100 brn|[from] brn\n|upkeep\n|turn|3\n|\n|t:|1788356388\n|switch|p2b: Glimmora|Glimmora, L50, M|100/100\n|move|p1b: Kingambit|Sucker Punch|p2a: Whimsicott\n|-resisted|p2a: Whimsicott|1\n|-damage|p2a: Whimsicott|0 fnt\n|faint|p2a: Whimsicott\n|move|p1a: Froslass|Aurora Veil|p1a: Froslass\n|-sidestart|p1: tomushi21|move: Aurora Veil\n|\n|-weather|Snowscape|[upkeep]\n|-damage|p1b: Kingambit|88/100 brn|[from] brn\n|upkeep\n|\n|t:|1788356393\n|switch|p2a: Rotom|Rotom-Heat, L50, shiny|73/100\n|turn|4\n|\n|t:|1788356409\n|detailschange|p2b: Glimmora|Glimmora-Mega, L50, M\n|-mega|p2b: Glimmora|Glimmora|Glimmoranite\n|move|p1b: Kingambit|Protect|p1b: Kingambit\n|-singleturn|p1b: Kingambit|Protect\n|move|p2a: Rotom|Overheat|p1b: Kingambit\n|-activate|p1b: Kingambit|move: Protect\n|move|p2b: Glimmora|Power Gem|p1a: Froslass\n|-supereffective|p1a: Froslass|1\n|-damage|p1a: Froslass|12/100\n|move|p1a: Froslass|Rain Dance|p1a: Froslass\n|-weather|RainDance\n|\n|-weather|RainDance|[upkeep]\n|-damage|p1b: Kingambit|82/100 brn|[from] brn\n|upkeep\n|turn|5\n|j| GoPlayCatch\n|\n|t:|1788356455\n|move|p1a: Froslass|Protect|p1a: Froslass\n|-singleturn|p1a: Froslass|Protect\n|move|p2a: Rotom|Overheat|p1b: Kingambit\n|-supereffective|p1b: Kingambit|1\n|-damage|p1b: Kingambit|47/100 brn\n|-unboost|p2a: Rotom|spa|2\n|move|p2b: Glimmora|Earth Power|p1b: Kingambit\n|-supereffective|p1b: Kingambit|1\n|-damage|p1b: Kingambit|0 fnt\n|faint|p1b: Kingambit\n|\n|-weather|RainDance|[upkeep]\n|-sideend|p2: Keygki|move: Tailwind\n|upkeep\n|\n|t:|1788356465\n|switch|p1b: Sneasler|Sneasler, L50, M|100/100\n|turn|6\n|\n|t:|1788356486\n|move|p2a: Rotom|Overheat|p1a: Froslass\n|-supereffective|p1a: Froslass|1\n|-damage|p1a: Froslass|0 fnt\n|-unboost|p2a: Rotom|spa|2\n|faint|p1a: Froslass\n|move|p1b: Sneasler|Dire Claw|p2a: Rotom\n|-damage|p2a: Rotom|15/100\n|move|p2b: Glimmora|Earth Power|p1b: Sneasler\n|-supereffective|p1b: Sneasler|1\n|-damage|p1b: Sneasler|30/100\n|\n|-weather|RainDance|[upkeep]\n|upkeep\n|turn|7\n|\n|t:|1788356498\n|move|p2a: Rotom|Overheat|p1b: Sneasler\n|-damage|p1b: Sneasler|21/100\n|-unboost|p2a: Rotom|spa|2\n|move|p1b: Sneasler|Close Combat|p2b: Glimmora\n|-damage|p2b: Glimmora|37/100\n|-unboost|p1b: Sneasler|def|1\n|-unboost|p1b: Sneasler|spd|1\n|-enditem|p1b: Sneasler|White Herb\n|-clearnegativeboost|p1b: Sneasler|[silent]\n|move|p2b: Glimmora|Earth Power|p1b: Sneasler\n|-supereffective|p1b: Sneasler|1\n|-damage|p1b: Sneasler|0 fnt\n|faint|p1b: Sneasler\n|\n|win|Keygki\n|raw|tomushi21's rating: 1728 &rarr; <strong>1707</strong><br />(-21 for losing)\n|raw|Keygki's rating: 1707 &rarr; <strong>1728</strong><br />(+21 for winning)\n|l|☆tomushi21\n|player|p1|\n","uploadtime":1788356512,"views":"23","formatid":"gen9championsvgc2026regmb","rating":1707,"private":0,"password":null}