{"id":"gen9championsvgc2026regmbbo3-2674424361","format":"[Gen 9 Champions] VGC 2026 Reg M-B (Bo3)","players":["Ramon1313","BeansBibarel"],"log":"|j|☆Ramon1313\n|j|☆BeansBibarel\n|html|<table width=\"100%\"><tr><td align=\"left\">Ramon1313</td><td align=\"right\">BeansBibarel</tr><tr><td align=\"left\"><i class=\"fa fa-circle-o\"></i> <i class=\"fa fa-circle-o\"></i> </td><td align=\"right\"><i class=\"fa fa-circle-o\"></i> <i class=\"fa fa-circle-o\"></i> </tr></table>\n|uhtml|bestof|<h2><strong>Game 1</strong> of <a href=\"/game-bestof3-gen9championsvgc2026regmbbo3-2674424360\">a best-of-3</a></h2>\n|t:|1788358154\n|gametype|doubles\n|player|p1|Ramon1313|169|1000\n|player|p2|BeansBibarel|pilot|1045\n|gen|9\n|tier|[Gen 9 Champions] VGC 2026 Reg M-B (Bo3)\n|rated|\n|rule|Species Clause: Limit one of each Pokémon\n|rule|Item Clause: Limit 1 of each item\n|clearpoke\n|poke|p1|Victreebel, L50, M|\n|poke|p1|Torkoal, L50, M|\n|poke|p1|Incineroar, L50, M|\n|poke|p1|Grimmsnarl, L50, M|\n|poke|p1|Gholdengo, L50|\n|poke|p1|Dragonite, L50, F|\n|poke|p2|Gengar, L50, F|\n|poke|p2|Vivillon-Marine, L50, F|\n|poke|p2|Tinkaton, L50, F|\n|poke|p2|Politoed, L50, M|\n|poke|p2|Toxapex, L50, F|\n|poke|p2|Clefable, L50, M|\n|teampreview|4\n|showteam|p1|Victreebel||Victreebelite|Chlorophyll|SolarBeam,SludgeBomb,StrengthSap,SleepPowder|Modest||M|||50|]Torkoal||HeatRock|Drought|Eruption,EarthPower,Yawn,Protect|Bold||M|||50|]Incineroar||SitrusBerry|Intimidate|FlareBlitz,DarkestLariat,PartingShot,FakeOut|Adamant||M|||50|]Grimmsnarl||LightClay|Prankster|FoulPlay,SpiritBreak,Reflect,LightScreen|Careful||M|||50|]Gholdengo||LifeOrb|GoodasGold|MakeItRain,ShadowBall,Thunderbolt,Protect|Timid|||||50|]Dragonite||LumBerry|Multiscale|BreakingSwipe,ExtremeSpeed,DragonDance,Protect|Adamant||F|||50|\n|showteam|p2|Gengar||Gengarite|CursedBody|PerishSong,Toxic,Disable,Protect|Timid||F|||50|]Vivillon-Marine||FocusSash|CompoundEyes|RagePowder,SleepPowder,Tailwind,Protect|Timid||F|||50|]Tinkaton||ShucaBerry|MoldBreaker|SkillSwap,Encore,Protect,LightScreen|Timid||F|||50|]Politoed||MentalHerb|Drizzle|Attract,Encore,Protect,PerishSong|Relaxed||M|||50|]Toxapex||Leftovers|Regenerator|WideGuard,PainSplit,Toxic,BanefulBunker|Sassy||F|||50|]Clefable||SitrusBerry|Unaware|LifeDew,FollowMe,ThunderWave,Protect|Relaxed||M|||50|\n|\n|t:|1788358176\n|teamsize|p1|4\n|teamsize|p2|4\n|start\n|switch|p1a: Dragonite|Dragonite, L50, F|100/100\n|switch|p1b: Grimmsnarl|Grimmsnarl, L50, M|100/100\n|switch|p2a: Gengar|Gengar, L50, F|100/100\n|switch|p2b: Politoed|Politoed, L50, M|100/100\n|-weather|RainDance|[from] ability: Drizzle|[of] p2b: Politoed\n|turn|1\n|\n|t:|1788358207\n|detailschange|p2a: Gengar|Gengar-Mega, L50, F\n|-mega|p2a: Gengar|Gengar|Gengarite\n|move|p1b: Grimmsnarl|Light Screen|p1b: Grimmsnarl\n|-sidestart|p1: Ramon1313|move: Light Screen\n|move|p2a: Gengar|Perish Song|p2a: Gengar\n|-start|p1a: Dragonite|perish3|[silent]\n|-start|p1b: Grimmsnarl|perish3|[silent]\n|-start|p2a: Gengar|perish3|[silent]\n|-start|p2b: Politoed|perish3|[silent]\n|-fieldactivate|move: Perish Song\n|move|p1a: Dragonite|Dragon Dance|p1a: Dragonite\n|-boost|p1a: Dragonite|atk|1\n|-boost|p1a: Dragonite|spe|1\n|move|p2b: Politoed|Attract|p1a: Dragonite\n|-start|p1a: Dragonite|Attract\n|\n|-weather|RainDance|[upkeep]\n|-start|p2a: Gengar|perish3\n|-start|p1a: Dragonite|perish3\n|-start|p2b: Politoed|perish3\n|-start|p1b: Grimmsnarl|perish3\n|upkeep\n|turn|2\n|\n|t:|1788358248\n|move|p2a: Gengar|Protect|p2a: Gengar\n|-singleturn|p2a: Gengar|Protect\n|move|p1b: Grimmsnarl|Reflect|p1b: Grimmsnarl\n|-sidestart|p1: Ramon1313|Reflect\n|-activate|p1a: Dragonite|move: Attract|[of] p2b: Politoed\n|cant|p1a: Dragonite|Attract\n|move|p2b: Politoed|Encore|p1b: Grimmsnarl\n|-start|p1b: Grimmsnarl|Encore\n|\n|-weather|RainDance|[upkeep]\n|-start|p2a: Gengar|perish2\n|-start|p1a: Dragonite|perish2\n|-start|p2b: Politoed|perish2\n|-start|p1b: Grimmsnarl|perish2\n|upkeep\n|turn|3\n|\n|t:|1788358293\n|move|p2b: Politoed|Protect|p2b: Politoed\n|-singleturn|p2b: Politoed|Protect\n|move|p1b: Grimmsnarl|Reflect||[still]\n|-fail|p1b: Grimmsnarl\n|move|p2a: Gengar|Disable|p1a: Dragonite\n|-start|p1a: Dragonite|Disable|Dragon Dance\n|-activate|p1a: Dragonite|move: Attract|[of] p2b: Politoed\n|move|p1a: Dragonite|Breaking Swipe|p2b: Politoed|[spread] p2a\n|-activate|p2b: Politoed|move: Protect\n|-damage|p2a: Gengar|47/100\n|-unboost|p2a: Gengar|atk|1\n|\n|-weather|RainDance|[upkeep]\n|-start|p2a: Gengar|perish1\n|-start|p1a: Dragonite|perish1\n|-start|p2b: Politoed|perish1\n|-start|p1b: Grimmsnarl|perish1\n|upkeep\n|turn|4\n|\n|t:|1788358323\n|switch|p2a: Tinkaton|Tinkaton, L50, F|100/100\n|-ability|p2a: Tinkaton|Mold Breaker\n|switch|p2b: Toxapex|Toxapex, L50, F|100/100\n|-end|p1a: Dragonite|Attract|[silent]\n|move|p1b: Grimmsnarl|Reflect||[still]\n|-fail|p1b: Grimmsnarl\n|move|p1a: Dragonite|Breaking Swipe|p2b: Toxapex|[spread] p2b\n|-immune|p2a: Tinkaton\n|-crit|p2b: Toxapex\n|-damage|p2b: Toxapex|54/100\n|-unboost|p2b: Toxapex|atk|1\n|\n|-weather|RainDance|[upkeep]\n|-heal|p2b: Toxapex|59/100|[from] item: Leftovers\n|-start|p1a: Dragonite|perish0\n|-start|p1b: Grimmsnarl|perish0\n|faint|p1a: Dragonite\n|faint|p1b: Grimmsnarl\n|upkeep\n|\n|t:|1788358345\n|switch|p1a: Torkoal|Torkoal, L50, M|100/100\n|switch|p1b: Victreebel|Victreebel, L50, M|100/100\n|-weather|SunnyDay|[from] ability: Drought|[of] p1a: Torkoal\n|turn|5\n|\n|t:|1788358369\n|switch|p2a: Politoed|Politoed, L50, M|100/100\n|-weather|RainDance|[from] ability: Drizzle|[of] p2a: Politoed\n|detailschange|p1b: Victreebel|Victreebel-Mega, L50, M\n|-mega|p1b: Victreebel|Victreebel|Victreebelite\n|move|p1b: Victreebel|Solar Beam||[still]\n|-prepare|p1b: Victreebel|Solar Beam\n|move|p2b: Toxapex|Toxic|p1a: Torkoal\n|-status|p1a: Torkoal|tox\n|move|p1a: Torkoal|Eruption|p2b: Toxapex|[spread] p2a,p2b\n|-resisted|p2a: Politoed|1\n|-resisted|p2b: Toxapex|1\n|-damage|p2a: Politoed|92/100\n|-damage|p2b: Toxapex|54/100\n|\n|-weather|RainDance|[upkeep]\n|-heal|p2b: Toxapex|59/100|[from] item: Leftovers\n|-damage|p1a: Torkoal|93/100 tox|[from] psn\n|upkeep\n|turn|6\n|\n|t:|1788358409\n|move|p2a: Politoed|Protect|p2a: Politoed\n|-singleturn|p2a: Politoed|Protect\n|move|p2b: Toxapex|Baneful Bunker|p2b: Toxapex\n|-singleturn|p2b: Toxapex|move: Protect\n|move|p1b: Victreebel|Solar Beam|p2b: Toxapex|[from] lockedmove\n|-activate|p2b: Toxapex|move: Protect\n|move|p1a: Torkoal|Earth Power|p2b: Toxapex\n|-activate|p2b: Toxapex|move: Protect\n|\n|-weather|RainDance|[upkeep]\n|-heal|p2b: Toxapex|65/100|[from] item: Leftovers\n|-damage|p1a: Torkoal|81/100 tox|[from] psn\n|upkeep\n|turn|7\n|\n|t:|1788358442\n|-heal|p2b: Toxapex|98/100|[from] ability: Regenerator|[silent]\n|switch|p2b: Tinkaton|Tinkaton, L50, F|100/100\n|-ability|p2b: Tinkaton|Mold Breaker\n|move|p1b: Victreebel|Solar Beam||[still]\n|-prepare|p1b: Victreebel|Solar Beam\n|move|p2a: Politoed|Perish Song|p2a: Politoed\n|-start|p1a: Torkoal|perish3|[silent]\n|-start|p1b: Victreebel|perish3|[silent]\n|-start|p2a: Politoed|perish3|[silent]\n|-start|p2b: Tinkaton|perish3|[silent]\n|-fieldactivate|move: Perish Song\n|move|p1a: Torkoal|Earth Power|p2b: Tinkaton\n|-supereffective|p2b: Tinkaton|1\n|-enditem|p2b: Tinkaton|Shuca Berry|[eat]\n|-enditem|p2b: Tinkaton|Shuca Berry|[weaken]\n|-damage|p2b: Tinkaton|83/100\n|\n|-weather|RainDance|[upkeep]\n|-damage|p1a: Torkoal|62/100 tox|[from] psn\n|-start|p2b: Tinkaton|perish3\n|-start|p1b: Victreebel|perish3\n|-start|p2a: Politoed|perish3\n|-start|p1a: Torkoal|perish3\n|upkeep\n|turn|8\n|-message|Ramon1313 forfeited.\n|raw|Ramon1313's rating: 1000 &rarr; <strong>1000</strong><br />(+0 for losing)\n|raw|BeansBibarel's rating: 1045 &rarr; <strong>1074</strong><br />(+29 for winning)\n|\n|win|BeansBibarel\n|l|☆Ramon1313\n|player|p1|\n","uploadtime":1788358474,"views":"0","formatid":"gen9championsvgc2026regmbbo3","rating":1000,"private":0,"password":null}