{"id":"gen9championsvgc2026regmbbo3-2673653687","format":"[Gen 9 Champions] VGC 2026 Reg M-B (Bo3)","players":["Unemployed Homie","ilyKuronaa"],"log":"|j|☆Unemployed Homie\n|j|☆ilyKuronaa\n|html|<table width=\"100%\"><tr><td align=\"left\">Unemployed Homie</td><td align=\"right\">ilyKuronaa</tr><tr><td align=\"left\"><i class=\"fa fa-circle-o\"></i> <i class=\"fa fa-circle-o\"></i> </td><td align=\"right\"><i class=\"fa fa-circle-o\"></i> <i class=\"fa fa-circle-o\"></i> </tr></table>\n|uhtml|bestof|<h2><strong>Game 1</strong> of <a href=\"/game-bestof3-gen9championsvgc2026regmbbo3-2673653686\">a best-of-3</a></h2>\n|t:|1788227679\n|gametype|doubles\n|player|p1|Unemployed Homie|emmet|1091\n|player|p2|ilyKuronaa|170|1208\n|gen|9\n|tier|[Gen 9 Champions] VGC 2026 Reg M-B (Bo3)\n|rated|\n|rule|Species Clause: Limit one of each Pokémon\n|rule|Item Clause: Limit 1 of each item\n|clearpoke\n|poke|p1|Blaziken, L50, M|\n|poke|p1|Milotic, L50, M|\n|poke|p1|Kingambit, L50, M|\n|poke|p1|Ninetales-Alola, L50, M|\n|poke|p1|Aerodactyl, L50, M|\n|poke|p1|Sinistcha, L50|\n|poke|p2|Floette-Eternal, L50, F|\n|poke|p2|Basculegion, L50, M|\n|poke|p2|Kingambit, L50, M|\n|poke|p2|Dragonite, L50, M|\n|poke|p2|Garchomp, L50, M|\n|poke|p2|Sneasler, L50, F|\n|teampreview|4\n|showteam|p1|Blaziken||Blazikenite|SpeedBoost|Detect,BulkUp,FlareBlitz,CloseCombat|Adamant||M|||50|]Milotic||Leftovers|Competitive|Coil,MuddyWater,Hypnosis,Protect|Quiet||M|||50|]Kingambit||FocusSash|Defiant|Assurance,Protect,IronHead,SuckerPunch|Adamant||M|||50|]Ninetales-Alola||LifeOrb|SnowWarning|AuroraVeil,Blizzard,DazzlingGleam,Protect|Timid||M|||50|]Aerodactyl||Aerodactylite|Unnerve|Tailwind,Protect,DualWingbeat,RockSlide|Jolly||M|||50|]Sinistcha||SitrusBerry|Hospitality|MatchaGotcha,TrickRoom,Imprison,Protect|Relaxed|||||50|\n|showteam|p2|Floette-Eternal||Floettite|FlowerVeil|Moonblast,DazzlingGleam,LightofRuin,Protect|Timid||F|||50|]Basculegion||LifeOrb|Adaptability|WaveCrash,LastRespects,AquaJet,Protect|Adamant||M|||50|]Kingambit||ChopleBerry|Defiant|SuckerPunch,KowtowCleave,LowKick,IronHead|Adamant||M|||50|]Dragonite||Dragoninite|Multiscale|DragonPulse,HeatWave,ExtremeSpeed,Protect|Modest||M|||50|]Garchomp||ChoiceScarf|RoughSkin|DragonClaw,StompingTantrum,Earthquake,RockSlide|Jolly||M|||50|]Sneasler||FocusSash|Unburden|CloseCombat,DireClaw,FakeOut,Feint|Adamant||F|||50|\n|c|☆Unemployed Homie|isnt this the world champions team?\n|c|☆ilyKuronaa|yeah\n|c|☆Unemployed Homie|that was a pretty cool set\n|c|☆ilyKuronaa|I liked the team day 1 worlds so i took it\n|c|☆ilyKuronaa|i just started\n|c|☆ilyKuronaa|so idk how to teambuild\n|c|☆Unemployed Homie|i kinda wanted zackary weed to win tho\n|c|☆Unemployed Homie|oh ok\n|c|☆ilyKuronaa|only american in top 10\n|c|☆Unemployed Homie|yea\n|inactive|Battle timer is ON: inactive players will automatically lose when time's up. (requested by ilyKuronaa)\n|c|☆Unemployed Homie|i liked his plays against zard Y\n|c|☆ilyKuronaa|hes insane\n|\n|t:|1788227817\n|teamsize|p1|4\n|teamsize|p2|4\n|start\n|switch|p1a: Ninetales|Ninetales-Alola, L50, M|100/100\n|switch|p1b: Milotic|Milotic, L50, M|100/100\n|switch|p2a: Sneasler|Sneasler, L50, F|100/100\n|switch|p2b: Floette|Floette-Eternal, L50, F|100/100\n|-weather|Snowscape|[from] ability: Snow Warning|[of] p1a: Ninetales\n|turn|1\n|c|☆Unemployed Homie|yea he is\n|\n|t:|1788227836\n|detailschange|p2b: Floette|Floette-Mega, L50, F\n|-mega|p2b: Floette|Floette|Floettite\n|-ability|p2b: Floette|Fairy Aura\n|move|p1a: Ninetales|Blizzard|p2b: Floette|[spread] p2a,p2b\n|-damage|p2a: Sneasler|42/100\n|-damage|p2b: Floette|65/100\n|-damage|p1a: Ninetales|90/100|[from] item: Life Orb\n|move|p2a: Sneasler|Dire Claw|p1a: Ninetales\n|-supereffective|p1a: Ninetales|1\n|-damage|p1a: Ninetales|0 fnt\n|faint|p1a: Ninetales\n|move|p2b: Floette|Moonblast|p1b: Milotic\n|-damage|p1b: Milotic|49/100\n|move|p1b: Milotic|Hypnosis|p2b: Floette\n|-status|p2b: Floette|slp|[from] move: Hypnosis\n|\n|-weather|Snowscape|[upkeep]\n|-heal|p1b: Milotic|55/100|[from] item: Leftovers\n|upkeep\n|\n|t:|1788227854\n|switch|p1a: Aerodactyl|Aerodactyl, L50, M|100/100\n|-ability|p1a: Aerodactyl|Unnerve\n|turn|2\n|\n|t:|1788227863\n|detailschange|p1a: Aerodactyl|Aerodactyl-Mega, L50, M\n|-mega|p1a: Aerodactyl|Aerodactyl|Aerodactylite\n|move|p2a: Sneasler|Feint|p1b: Milotic\n|-damage|p1b: Milotic|43/100\n|move|p1a: Aerodactyl|Tailwind|p1a: Aerodactyl\n|-sidestart|p1: Unemployed Homie|move: Tailwind\n|move|p1b: Milotic|Muddy Water|p2a: Sneasler|[spread] p2a,p2b\n|-damage|p2a: Sneasler|0 fnt\n|-damage|p2b: Floette|39/100 slp\n|faint|p2a: Sneasler\n|cant|p2b: Floette|slp\n|\n|-weather|Snowscape|[upkeep]\n|-heal|p1b: Milotic|49/100|[from] item: Leftovers\n|upkeep\n|\n|t:|1788227875\n|switch|p2a: Garchomp|Garchomp, L50, M|100/100\n|turn|3\n|inactive|Unemployed Homie has 30 seconds left.\n|\n|t:|1788227904\n|move|p1a: Aerodactyl|Rock Slide|p2b: Floette|[spread] p2b\n|-miss|p1a: Aerodactyl|p2a: Garchomp\n|-damage|p2b: Floette|3/100 slp\n|move|p2a: Garchomp|Rock Slide|p1a: Aerodactyl|[spread] p1a,p1b\n|-supereffective|p1a: Aerodactyl|1\n|-damage|p1a: Aerodactyl|46/100\n|-damage|p1b: Milotic|28/100\n|cant|p1b: Milotic|flinch\n|-curestatus|p2b: Floette|slp|[msg]\n|move|p2b: Floette|Moonblast|p1b: Milotic\n|-damage|p1b: Milotic|0 fnt\n|faint|p1b: Milotic\n|\n|-weather|Snowscape|[upkeep]\n|upkeep\n|\n|t:|1788227919\n|switch|p1b: Kingambit|Kingambit, L50, M|100/100\n|turn|4\n|\n|t:|1788227940\n|move|p1a: Aerodactyl|Protect|p1a: Aerodactyl\n|-singleturn|p1a: Aerodactyl|Protect\n|move|p2b: Floette|Protect|p2b: Floette\n|-singleturn|p2b: Floette|Protect\n|move|p1b: Kingambit|Sucker Punch||[still]\n|-fail|p1b: Kingambit\n|move|p2a: Garchomp|Rock Slide|p1a: Aerodactyl|[spread] p1b\n|-activate|p1a: Aerodactyl|move: Protect\n|-resisted|p1b: Kingambit|1\n|-damage|p1b: Kingambit|93/100\n|\n|-weather|Snowscape|[upkeep]\n|upkeep\n|turn|5\n|inactive|ilyKuronaa has 30 seconds left.\n|\n|t:|1788227976\n|switch|p2a: Basculegion|Basculegion, L50, M|100/100\n|move|p2b: Floette|Protect||[still]\n|-fail|p2b: Floette\n|move|p1a: Aerodactyl|Rock Slide|p2b: Floette|[spread] p2a,p2b\n|-damage|p2a: Basculegion|62/100\n|-damage|p2b: Floette|0 fnt\n|faint|p2b: Floette\n|move|p1b: Kingambit|Assurance|p2a: Basculegion\n|-supereffective|p2a: Basculegion|1\n|-damage|p2a: Basculegion|0 fnt\n|faint|p2a: Basculegion\n|\n|-weather|none\n|-sideend|p1: Unemployed Homie|move: Tailwind\n|upkeep\n|\n|t:|1788227985\n|switch|p2b: Garchomp|Garchomp, L50, M|100/100\n|turn|6\n|\n|t:|1788228007\n|move|p2b: Garchomp|Rock Slide|p1a: Aerodactyl|[spread] p1b\n|-miss|p2b: Garchomp|p1a: Aerodactyl\n|-resisted|p1b: Kingambit|1\n|-damage|p1b: Kingambit|85/100\n|move|p1a: Aerodactyl|Dual Wingbeat|p2b: Garchomp\n|-damage|p2b: Garchomp|70/100\n|-damage|p1a: Aerodactyl|34/100|[from] ability: Rough Skin|[of] p2b: Garchomp\n|-damage|p2b: Garchomp|40/100\n|-damage|p1a: Aerodactyl|22/100|[from] ability: Rough Skin|[of] p2b: Garchomp\n|-hitcount|p2b: Garchomp|2\n|cant|p1b: Kingambit|flinch\n|\n|upkeep\n|turn|7\n|inactive|Unemployed Homie has 30 seconds left.\n|\n|t:|1788228035\n|move|p2b: Garchomp|Rock Slide|p1b: Kingambit|[spread] p1a,p1b\n|-supereffective|p1a: Aerodactyl|1\n|-resisted|p1b: Kingambit|1\n|-damage|p1a: Aerodactyl|0 fnt\n|-damage|p1b: Kingambit|78/100\n|faint|p1a: Aerodactyl\n|move|p1b: Kingambit|Assurance|p2b: Garchomp\n|-damage|p2b: Garchomp|4/100\n|-damage|p1b: Kingambit|66/100|[from] ability: Rough Skin|[of] p2b: Garchomp\n|\n|upkeep\n|turn|8\n|c|☆Unemployed Homie|when did you start?\n|\n|t:|1788228049\n|move|p1b: Kingambit|Sucker Punch|p2b: Garchomp\n|-damage|p2b: Garchomp|0 fnt\n|-damage|p1b: Kingambit|54/100|[from] ability: Rough Skin|[of] p2b: Garchomp\n|faint|p2b: Garchomp\n|\n|win|Unemployed Homie\n","uploadtime":1788228049,"views":"0","formatid":"gen9championsvgc2026regmbbo3","rating":null,"private":0,"password":null}