{"id":"gen9championsvgc2026regmb-2674700512","format":"[Gen 9 Champions] VGC 2026 Reg M-B","players":["dimurph7","Dekidus"],"log":"|j|☆dimurph7\n|j|☆Dekidus\n|html|<table width=\"100%\"><tr><td align=\"left\">dimurph7</td><td align=\"right\">Dekidus</tr><tr><td align=\"left\"><i class=\"fa fa-circle-o\"></i> <i class=\"fa fa-circle-o\"></i> </td><td align=\"right\"><i class=\"fa fa-circle-o\"></i> <i class=\"fa fa-circle-o\"></i> </tr></table>\n|uhtml|bestof|<h2><strong>Game 1</strong> of <a href=\"/game-bestof3-gen9championsvgc2026regmb-2674700511\">a best-of-3</a></h2>\n|t:|1788392615\n|gametype|doubles\n|player|p1|dimurph7|102|\n|player|p2|Dekidus|colress|\n|gen|9\n|tier|[Gen 9 Champions] VGC 2026 Reg M-B\n|rule|Species Clause: Limit one of each Pokémon\n|rule|Item Clause: Limit 1 of each item\n|raw|<div class=\"infobox\"><details class=\"readmore\" open><summary><strong>1 custom rule:</strong></summary> Best of = 3</details></div>\n|clearpoke\n|poke|p1|Weavile, L50, M|\n|poke|p1|Swampert, L50, M|\n|poke|p1|Archaludon, L50, M|\n|poke|p1|Politoed, L50, M|\n|poke|p1|Sableye, L50, F|\n|poke|p1|Clefable, L50, M|\n|poke|p2|Whimsicott, L50, M, shiny|\n|poke|p2|Delphox, L50, F, shiny|\n|poke|p2|Samurott-Hisui, L50, M|\n|poke|p2|Kangaskhan, L50, F|\n|poke|p2|Lycanroc-Dusk, L50, M, shiny|\n|poke|p2|Jolteon, L50, M|\n|teampreview|4\nDekidus rejected open team sheets.\n|c|☆Dekidus|glhf!\n|c|☆dimurph7|Glhf\n|j| SuprBallr\n|\n|t:|1788392728\n|teamsize|p1|4\n|teamsize|p2|4\n|start\n|switch|p1a: Weavile|Weavile, L50, M|100/100\n|switch|p1b: Swampert|Swampert, L50, M|100/100\n|switch|p2a: Yoink!|Whimsicott, L50, M, shiny|100/100\n|switch|p2b: Dive Sobat|Kangaskhan, L50, F|100/100\n|-ability|p1a: Weavile|Pressure\n|turn|1\n|\n|t:|1788392755\n|detailschange|p1b: Swampert|Swampert-Mega, L50, M\n|-mega|p1b: Swampert|Swampert|Swampertite\n|move|p1b: Swampert|Protect|p1b: Swampert\n|-singleturn|p1b: Swampert|Protect\n|move|p2b: Dive Sobat|Fake Out|p1a: Weavile\n|-damage|p1a: Weavile|68/100\n|cant|p1a: Weavile|flinch\n|move|p2a: Yoink!|Dazzling Gleam|p1b: Swampert|[spread] p1a\n|-activate|p1b: Swampert|move: Protect\n|-supereffective|p1a: Weavile|1\n|-damage|p1a: Weavile|0 fnt\n|faint|p1a: Weavile\n|\n|upkeep\n|\n|t:|1788392771\n|switch|p1a: Archaludon|Archaludon, L50, M|100/100\n|turn|2\n|\n|t:|1788392790\n|detailschange|p2b: Dive Sobat|Kangaskhan-Mega, L50, F\n|-mega|p2b: Dive Sobat|Kangaskhan|Kangaskhanite\n|move|p2a: Yoink!|Tailwind|p2a: Yoink!\n|-sidestart|p2: Dekidus|move: Tailwind\n|move|p2b: Dive Sobat|Double-Edge|p1b: Swampert\n|-damage|p1b: Swampert|43/100\n|-damage|p1b: Swampert|29/100\n|-hitcount|p1b: Swampert|2\n|-damage|p2b: Dive Sobat|74/100|[from] Recoil\n|move|p1a: Archaludon|Flash Cannon|p2a: Yoink!\n|-supereffective|p2a: Yoink!|1\n|-damage|p2a: Yoink!|4/100\n|move|p1b: Swampert|Ice Punch|p2a: Yoink!\n|-supereffective|p2a: Yoink!|1\n|-damage|p2a: Yoink!|0 fnt\n|faint|p2a: Yoink!\n|\n|upkeep\n|\n|t:|1788392807\n|switch|p2a: Peerless|Lycanroc-Dusk, L50, M, shiny|100/100\n|turn|3\n|\n|t:|1788392847\n|switch|p1b: Politoed|Politoed, L50, M|100/100\n|-weather|RainDance|[from] ability: Drizzle|[of] p1b: Politoed\n|move|p2a: Peerless|Close Combat|p1a: Archaludon\n|-supereffective|p1a: Archaludon|1\n|-damage|p1a: Archaludon|16/100\n|-unboost|p2a: Peerless|def|1\n|-unboost|p2a: Peerless|spd|1\n|-ability|p1a: Archaludon|Stamina|boost\n|-boost|p1a: Archaludon|def|1\n|move|p2b: Dive Sobat|Double-Edge|p1b: Politoed\n|-damage|p1b: Politoed|20/100y\n|-damage|p1b: Politoed|1/100\n|-hitcount|p1b: Politoed|2\n|-damage|p2b: Dive Sobat|39/100|[from] Recoil\n|move|p1a: Archaludon|Electro Shot||[still]\n|-prepare|p1a: Archaludon|Electro Shot\n|-boost|p1a: Archaludon|spa|1\n|-anim|p1a: Archaludon|Electro Shot|p2b: Dive Sobat\n|-damage|p2b: Dive Sobat|0 fnt\n|faint|p2b: Dive Sobat\n|\n|-weather|RainDance|[upkeep]\n|-heal|p1a: Archaludon|22/100|[from] item: Leftovers\n|upkeep\n|\n|t:|1788392866\n|switch|p2b: Blossom Dance|Samurott-Hisui, L50, M|100/100\n|turn|4\n|\n|t:|1788392888\n|move|p1a: Archaludon|Protect|p1a: Archaludon\n|-singleturn|p1a: Archaludon|Protect\n|move|p2a: Peerless|Accelerock|p1b: Politoed\n|-damage|p1b: Politoed|0 fnt\n|faint|p1b: Politoed\n|move|p2b: Blossom Dance|Sacred Sword|p1a: Archaludon\n|-activate|p1a: Archaludon|move: Protect\n|\n|-weather|RainDance|[upkeep]\n|-heal|p1a: Archaludon|29/100|[from] item: Leftovers\n|upkeep\n|\n|t:|1788392900\n|switch|p1b: Swampert|Swampert-Mega, L50, M|29/100\n|turn|5\n|\n|t:|1788392925\n|move|p1b: Swampert|Protect|p1b: Swampert\n|-singleturn|p1b: Swampert|Protect\n|move|p1a: Archaludon|Protect|p1a: Archaludon\n|-singleturn|p1a: Archaludon|Protect\n|move|p2b: Blossom Dance|Sacred Sword|p1a: Archaludon\n|-activate|p1a: Archaludon|move: Protect\n|move|p2a: Peerless|Close Combat|p1b: Swampert\n|-activate|p1b: Swampert|move: Protect\n|\n|-weather|RainDance|[upkeep]\n|-heal|p1a: Archaludon|35/100|[from] item: Leftovers\n|-sideend|p2: Dekidus|move: Tailwind\n|upkeep\n|turn|6\n|\n|t:|1788392955\n|move|p2b: Blossom Dance|Sacred Sword|p1a: Archaludon\n|-supereffective|p1a: Archaludon|1\n|-crit|p1a: Archaludon\n|-damage|p1a: Archaludon|0 fnt\n|faint|p1a: Archaludon\n|move|p1b: Swampert|High Horsepower|p2a: Peerless\n|-supereffective|p2a: Peerless|1\n|-enditem|p2a: Peerless|Focus Sash\n|-damage|p2a: Peerless|1/100\n|move|p2a: Peerless|Close Combat|p1b: Swampert\n|-damage|p1b: Swampert|0 fnt\n|-unboost|p2a: Peerless|def|1\n|-unboost|p2a: Peerless|spd|1\n|faint|p1b: Swampert\n|\n|win|Dekidus\n||Dekidus is ready for game 2.\n|inactive|dimurph7 has 30 seconds to confirm battle start!\n|c|☆Dekidus|gg g1\n|c|☆dimurph7|Gg\n||dimurph7 is ready for game 2.\n|uhtml|next|Next: <a href=\"/battle-gen9championsvgc2026regmb-2674702859\"><strong>Game 2 of 3</strong></a>\n|l| SuprBallr\n","uploadtime":1788393813,"views":"22","formatid":"gen9championsvgc2026regmb","rating":null,"private":0,"password":null}