{"id":"gen9championsvgc2026regmb-2674546975","format":"[Gen 9 Champions] VGC 2026 Reg M-B","players":["thefirstbadge","owichow"],"log":"|j|☆thefirstbadge\n|j|☆owichow\n|t:|1788372499\n|gametype|doubles\n|player|p1|thefirstbadge|fantina|1000\n|player|p2|owichow|palmer|1076\n|gen|9\n|tier|[Gen 9 Champions] VGC 2026 Reg M-B\n|rated|\n|rule|Species Clause: Limit one of each Pokémon\n|rule|Item Clause: Limit 1 of each item\n|clearpoke\n|poke|p1|Blaziken, L50, F|\n|poke|p1|Kingambit, L50, F|\n|poke|p1|Ninetales-Alola, L50, M|\n|poke|p1|Basculegion, L50, M|\n|poke|p1|Lycanroc-Dusk, L50, M|\n|poke|p1|Venusaur, L50, M|\n|poke|p2|Pelipper, L50, M|\n|poke|p2|Basculegion, L50, M|\n|poke|p2|Incineroar, L50, M|\n|poke|p2|Aerodactyl, L50, M|\n|poke|p2|Meganium, L50, F|\n|poke|p2|Archaludon, L50, F|\n|teampreview|4\n|inactive|Battle timer is ON: inactive players will automatically lose when time's up. (requested by thefirstbadge)\n|inactive|owichow has 60 seconds left.\n|\n|t:|1788372530\n|teamsize|p1|4\n|teamsize|p2|4\n|start\n|switch|p1a: Kingambit|Kingambit, L50, F|100/100\n|switch|p1b: Basculegion|Basculegion, L50, M|100/100\n|switch|p2a: Archaludon|Archaludon, L50, F|100/100\n|switch|p2b: Pelipper|Pelipper, L50, M|100/100\n|-weather|RainDance|[from] ability: Drizzle|[of] p2b: Pelipper\n|turn|1\n|\n|t:|1788372547\n|move|p1b: Basculegion|Flip Turn|p2b: Pelipper\n|-resisted|p2b: Pelipper|1\n|-damage|p2b: Pelipper|61/100\n|\n|t:|1788372550\n|switch|p1b: Ninetales|Ninetales-Alola, L50, M|100/100|[from] Flip Turn\n|-weather|Snowscape|[from] ability: Snow Warning|[of] p1b: Ninetales\n|move|p2b: Pelipper|U-turn|p1a: Kingambit\n|-damage|p1a: Kingambit|93/100\n|\n|t:|1788372556\n|switch|p2b: Basculegion|Basculegion, L50, M|100/100|[from] U-turn\n|move|p2a: Archaludon|Electro Shot||[still]\n|-prepare|p2a: Archaludon|Electro Shot\n|-boost|p2a: Archaludon|spa|1\n|move|p1a: Kingambit|Kowtow Cleave|p2b: Basculegion\n|-supereffective|p2b: Basculegion|1\n|-enditem|p2b: Basculegion|Focus Sash\n|-damage|p2b: Basculegion|1/100\n|-damage|p1a: Kingambit|83/100|[from] item: Life Orb\n|\n|-weather|Snowscape|[upkeep]\n|upkeep\n|turn|2\n|inactive|thefirstbadge has 30 seconds left.\n|\n|t:|1788372582\n|switch|p2b: Pelipper|Pelipper, L50, M|61/100\n|-weather|RainDance|[from] ability: Drizzle|[of] p2b: Pelipper\n|move|p1b: Ninetales|Protect|p1b: Ninetales\n|-singleturn|p1b: Ninetales|Protect\n|move|p2a: Archaludon|Electro Shot|p1b: Ninetales|[from] lockedmove\n|-activate|p1b: Ninetales|move: Protect\n|move|p1a: Kingambit|Kowtow Cleave|p2b: Pelipper\n|-damage|p2b: Pelipper|0 fnt\n|faint|p2b: Pelipper\n|-damage|p1a: Kingambit|74/100|[from] item: Life Orb\n|\n|-weather|RainDance|[upkeep]\n|upkeep\n|\n|t:|1788372592\n|switch|p2b: Basculegion|Basculegion, L50, M|1/100\n|turn|3\n|\n|t:|1788372602\n|switch|p1b: Basculegion|Basculegion, L50, M|100/100\n|move|p1a: Kingambit|Sucker Punch|p2b: Basculegion\n|-supereffective|p2b: Basculegion|1\n|-damage|p2b: Basculegion|0 fnt\n|faint|p2b: Basculegion\n|-damage|p1a: Kingambit|64/100|[from] item: Life Orb\n|move|p2a: Archaludon|Flash Cannon|p1b: Basculegion\n|-resisted|p1b: Basculegion|1\n|-damage|p1b: Basculegion|68/100\n|\n|-weather|RainDance|[upkeep]\n|upkeep\n|\n|t:|1788372610\n|switch|p2b: Aerodactyl|Aerodactyl, L50, M|100/100\n|-ability|p2b: Aerodactyl|Unnerve\n|turn|4\n|\n|t:|1788372630\n|switch|p1b: Ninetales|Ninetales-Alola, L50, M|100/100\n|-weather|Snowscape|[from] ability: Snow Warning|[of] p1b: Ninetales\n|move|p2b: Aerodactyl|Rock Slide|p1b: Ninetales|[spread] p1a\n|-miss|p2b: Aerodactyl|p1b: Ninetales\n|-resisted|p1a: Kingambit|1\n|-damage|p1a: Kingambit|54/100\n|move|p2a: Archaludon|Flash Cannon|p1b: Ninetales\n|-supereffective|p1b: Ninetales|2\n|-damage|p1b: Ninetales|0 fnt\n|faint|p1b: Ninetales\n|cant|p1a: Kingambit|flinch\n|\n|-weather|Snowscape|[upkeep]\n|upkeep\n|\n|t:|1788372643\n|switch|p1b: Blaziken|Blaziken, L50, F|100/100\n|turn|5\n|\n|t:|1788372650\n|detailschange|p1b: Blaziken|Blaziken-Mega, L50, F\n|-mega|p1b: Blaziken|Blaziken|Blazikenite\n|move|p1b: Blaziken|Detect|p1b: Blaziken\n|-singleturn|p1b: Blaziken|Protect\n|move|p2b: Aerodactyl|Dual Wingbeat|p1b: Blaziken\n|-activate|p1b: Blaziken|move: Protect\n|move|p2a: Archaludon|Electro Shot||[still]\n|-prepare|p2a: Archaludon|Electro Shot\n|-boost|p2a: Archaludon|spa|1\n|move|p1a: Kingambit|Iron Head|p2b: Aerodactyl\n|-supereffective|p2b: Aerodactyl|1\n|-damage|p2b: Aerodactyl|0 fnt\n|faint|p2b: Aerodactyl\n|-damage|p1a: Kingambit|45/100|[from] item: Life Orb\n|\n|-weather|Snowscape|[upkeep]\n|-ability|p1b: Blaziken|Speed Boost|boost\n|-boost|p1b: Blaziken|spe|1\n|upkeep\n|turn|6\n|c|☆owichow|gg\n|-message|owichow forfeited.\n|\n|win|thefirstbadge\n|raw|thefirstbadge's rating: 1000 &rarr; <strong>1049</strong><br />(+49 for winning)\n|raw|owichow's rating: 1076 &rarr; <strong>1050</strong><br />(-26 for losing)\n|l|☆owichow\n|player|p2|\n","uploadtime":1788372679,"views":"16","formatid":"gen9championsvgc2026regmb","rating":1049,"private":0,"password":null}