{"id":"gen9championsvgc2026regmb-2674008271","format":"[Gen 9 Champions] VGC 2026 Reg M-B","players":["Devta","TJRaynes"],"log":"|j|☆Devta\n|j|☆TJRaynes\n|t:|1788287613\n|gametype|doubles\n|player|p1|Devta|102|1419\n|player|p2|TJRaynes|marley|1383\n|gen|9\n|tier|[Gen 9 Champions] VGC 2026 Reg M-B\n|rated|\n|rule|Species Clause: Limit one of each Pokémon\n|rule|Item Clause: Limit 1 of each item\n|clearpoke\n|poke|p1|Incineroar, L50, F|\n|poke|p1|Kingambit, L50, F|\n|poke|p1|Sinistcha, L50|\n|poke|p1|Sneasler, L50, M|\n|poke|p1|Blastoise, L50, M|\n|poke|p1|Delphox, L50, M|\n|poke|p2|Gholdengo, L50|\n|poke|p2|Tyranitar, L50, M|\n|poke|p2|Incineroar, L50, M|\n|poke|p2|Excadrill, L50, F|\n|poke|p2|Rotom-Wash, L50|\n|poke|p2|Sinistcha, L50|\n|teampreview|4\n|inactive|Battle timer is ON: inactive players will automatically lose when time's up. (requested by Devta)\n|inactive|Devta has 60 seconds left.\nTJRaynes has agreed to open team sheets.\n|\n|t:|1788287664\n|teamsize|p1|4\n|teamsize|p2|4\n|start\n|switch|p1a: Kingambit|Kingambit, L50, F|100/100\n|switch|p1b: Sneasler|Sneasler, L50, M|100/100\n|switch|p2a: Tyranitar|Tyranitar, L50, M|100/100\n|switch|p2b: Sinistcha|Sinistcha, L50|100/100\n|-weather|Sandstorm|[from] ability: Sand Stream|[of] p2a: Tyranitar\n|turn|1\n|\n|t:|1788287682\n|move|p2a: Tyranitar|Protect|p2a: Tyranitar\n|-singleturn|p2a: Tyranitar|Protect\n|move|p1b: Sneasler|Fake Out|p2a: Tyranitar\n|-activate|p2a: Tyranitar|move: Protect\n|move|p2b: Sinistcha|Matcha Gotcha|p1a: Kingambit|[spread] p1a,p1b\n|-resisted|p1a: Kingambit|1\n|-resisted|p1b: Sneasler|1\n|-damage|p1a: Kingambit|89/100\n|-damage|p1b: Sneasler|80/100\n|-status|p1b: Sneasler|brn\n|move|p1a: Kingambit|Kowtow Cleave|p2b: Sinistcha\n|-supereffective|p2b: Sinistcha|1\n|-damage|p2b: Sinistcha|28/100\n|\n|-weather|Sandstorm|[upkeep]\n|-damage|p1b: Sneasler|74/100 brn|[from] Sandstorm\n|-damage|p2b: Sinistcha|21/100|[from] Sandstorm\n|-damage|p1b: Sneasler|69/100 brn|[from] brn\n|upkeep\n|turn|2\n|inactive|Devta has 30 seconds left.\n|\n|t:|1788287708\n|detailschange|p2a: Tyranitar|Tyranitar-Mega, L50, M\n|-mega|p2a: Tyranitar|Tyranitar|Tyranitarite\n|move|p2b: Sinistcha|Rage Powder|p2b: Sinistcha\n|-singleturn|p2b: Sinistcha|move: Rage Powder\n|move|p1b: Sneasler|Poison Jab|p2b: Sinistcha\n|-damage|p2b: Sinistcha|6/100\n|-status|p2b: Sinistcha|psn\n|move|p2a: Tyranitar|Dragon Dance|p2a: Tyranitar\n|-boost|p2a: Tyranitar|atk|1\n|-boost|p2a: Tyranitar|spe|1\n|move|p1a: Kingambit|Swords Dance|p1a: Kingambit\n|-boost|p1a: Kingambit|atk|2\n|\n|-weather|Sandstorm|[upkeep]\n|-damage|p1b: Sneasler|63/100 brn|[from] Sandstorm\n|-damage|p2b: Sinistcha|1/100 psn|[from] Sandstorm\n|-damage|p2b: Sinistcha|0 fnt|[from] psn\n|faint|p2b: Sinistcha\n|-damage|p1b: Sneasler|57/100 brn|[from] brn\n|upkeep\n|\n|t:|1788287720\n|switch|p2b: Excadrill|Excadrill, L50, F|100/100\n|turn|3\n|inactive|Devta has 30 seconds left.\n|inactive|Devta has 20 seconds left.\n|inactive|Devta has 15 seconds left.\n|inactive|Devta has 10 seconds left.\n|\n|t:|1788287767\n|move|p2b: Excadrill|Protect|p2b: Excadrill\n|-singleturn|p2b: Excadrill|Protect\n|move|p1a: Kingambit|Protect|p1a: Kingambit\n|-singleturn|p1a: Kingambit|Protect\n|move|p2a: Tyranitar|Dragon Dance|p2a: Tyranitar\n|-boost|p2a: Tyranitar|atk|1\n|-boost|p2a: Tyranitar|spe|1\n|move|p1b: Sneasler|Close Combat|p2a: Tyranitar\n|-supereffective|p2a: Tyranitar|2\n|-damage|p2a: Tyranitar|15/100\n|-unboost|p1b: Sneasler|def|1\n|-unboost|p1b: Sneasler|spd|1\n|-status|p2a: Tyranitar|psn|[from] ability: Poison Touch|[of] p1b: Sneasler\n|\n|-weather|Sandstorm|[upkeep]\n|-damage|p1b: Sneasler|51/100 brn|[from] Sandstorm\n|-damage|p2a: Tyranitar|2/100 psn|[from] psn\n|-damage|p1b: Sneasler|45/100 brn|[from] brn\n|upkeep\n|turn|4\n|inactive|Devta has 30 seconds left.\n|inactive|TJRaynes has 30 seconds left.\n|inactive|Devta has 20 seconds left.\n|\n|t:|1788287807\n|move|p1a: Kingambit|Sucker Punch|p2b: Excadrill\n|-enditem|p2b: Excadrill|Focus Sash\n|-damage|p2b: Excadrill|1/100\n|move|p2b: Excadrill|High Horsepower|p1a: Kingambit\n|-supereffective|p1a: Kingambit|1\n|-damage|p1a: Kingambit|7/100\n|move|p2a: Tyranitar|Knock Off|p1a: Kingambit\n|-resisted|p1a: Kingambit|1\n|-damage|p1a: Kingambit|0 fnt\n|-enditem|p1a: Kingambit|Black Glasses|[from] move: Knock Off|[of] p2a: Tyranitar\n|faint|p1a: Kingambit\n|move|p1b: Sneasler|Close Combat|p2b: Excadrill\n|-supereffective|p2b: Excadrill|1\n|-damage|p2b: Excadrill|0 fnt\n|-unboost|p1b: Sneasler|def|1\n|-unboost|p1b: Sneasler|spd|1\n|faint|p2b: Excadrill\n|\n|-weather|Sandstorm|[upkeep]\n|-damage|p1b: Sneasler|40/100 brn|[from] Sandstorm\n|-damage|p2a: Tyranitar|0 fnt|[from] psn\n|faint|p2a: Tyranitar\n|-damage|p1b: Sneasler|34/100 brn|[from] brn\n|upkeep\n|\n|t:|1788287818\n|switch|p2b: Incineroar|Incineroar, L50, M|100/100\n|switch|p1a: Blastoise|Blastoise, L50, M|100/100\n|-ability|p2b: Incineroar|Intimidate|boost\n|-unboost|p1a: Blastoise|atk|1\n|-unboost|p1b: Sneasler|atk|1\n|turn|5\n|-message|TJRaynes forfeited.\n|\n|win|Devta\n|raw|Devta's rating: 1419 &rarr; <strong>1437</strong><br />(+18 for winning)\n|raw|TJRaynes's rating: 1383 &rarr; <strong>1365</strong><br />(-18 for losing)\n|l|☆TJRaynes\n|player|p2|\n","uploadtime":1788287829,"views":"0","formatid":"gen9championsvgc2026regmb","rating":1365,"private":0,"password":null}