{"id":"gen9championsvgc2026regmb-2673879414","format":"[Gen 9 Champions] VGC 2026 Reg M-B","players":["Flame_RocketRaj","endershovel"],"log":"|j|☆Flame_RocketRaj\n|j|☆endershovel\n|html|<table width=\"100%\"><tr><td align=\"left\">Flame_RocketRaj</td><td align=\"right\">endershovel</tr><tr><td align=\"left\"><i class=\"fa fa-circle-o\"></i> <i class=\"fa fa-circle-o\"></i> </td><td align=\"right\"><i class=\"fa fa-circle-o\"></i> <i class=\"fa fa-circle\"></i> </tr></table>\n|uhtml|bestof|<h2><strong>Game 2</strong> of <a href=\"/game-bestof3-gen9championsvgc2026regmb-2673877500\">a best-of-3</a></h2>\n|t:|1788272248\n|gametype|doubles\n|player|p1|Flame_RocketRaj|piers|\n|player|p2|endershovel|miku-water|\n|gen|9\n|tier|[Gen 9 Champions] VGC 2026 Reg M-B\n|rated|Tournament battle\n|rule|Species Clause: Limit one of each Pokémon\n|rule|Item Clause: Limit 1 of each item\n|raw|<div class=\"infobox\"><details class=\"readmore\" open><summary><strong>2 custom rules:</strong></summary> Force Open Team Sheets, Best of = 3</details></div>\n|clearpoke\n|poke|p1|Charizard, L50, M, shiny|\n|poke|p1|Garchomp, L50, M|\n|poke|p1|Whimsicott, L50, F|\n|poke|p1|Basculegion, L50, M|\n|poke|p1|Sneasler, L50, M, shiny|\n|poke|p1|Kingambit, L50, F|\n|poke|p2|Starmie, L50, shiny|\n|poke|p2|Sneasler, L50, F|\n|poke|p2|Pelipper, L50, F|\n|poke|p2|Archaludon, L50, M|\n|poke|p2|Sinistcha-Masterpiece, L50|\n|poke|p2|Kingambit, L50, M|\n|teampreview|4\n|showteam|p1|Charizard||CharizarditeY|Blaze|HeatWave,WeatherBall,SolarBeam,Protect|Modest||M|||50|]Garchomp||LifeOrb|RoughSkin|Earthquake,StompingTantrum,RockSlide,Protect|Jolly||M|||50|]Whimsicott||FocusSash|Prankster|Moonblast,Tailwind,Encore,SunnyDay|Timid||F|||50|]Basculegion||ChoiceScarf|Adaptability|WaveCrash,LastRespects,FlipTurn,AquaJet|Jolly||M|||50|]Sneasler||WhiteHerb|Unburden|CloseCombat,DireClaw,FakeOut,Protect|Adamant||M|||50|]Kingambit||BlackGlasses|Defiant|IronHead,KowtowCleave,SuckerPunch,Protect|Adamant||F|||50|\n|showteam|p2|Starmie||Starminite|NaturalCure|Liquidation,ZenHeadbutt,AquaJet,Protect|Jolly|||||50|]Sneasler||FocusSash|PoisonTouch|CloseCombat,DireClaw,Coaching,FakeOut|Jolly||F|||50|]Pelipper||SitrusBerry|Drizzle|Hurricane,MuddyWater,Tailwind,WideGuard|Modest||F|||50|]Archaludon||Leftovers|Stamina|ElectroShot,FlashCannon,DragonPulse,Protect|Modest||M|||50|]Sinistcha-Masterpiece||ColburBerry|Hospitality|MatchaGotcha,RagePowder,TrickRoom,Protect|Calm|||||50|]Kingambit||BlackGlasses|Defiant|KowtowCleave,SuckerPunch,SwordsDance,Protect|Adamant||M|||50|\n|inactive|Battle timer is ON: inactive players will automatically lose when time's up. (requested by Flame_RocketRaj)\n|inactive|Flame_RocketRaj has 60 seconds left.\n|\n|t:|1788272282\n|teamsize|p1|4\n|teamsize|p2|4\n|start\n|switch|p1a: Toxic Terror|Sneasler, L50, M, shiny|100/100\n|switch|p1b: Sandwinder|Garchomp, L50, M|100/100\n|switch|p2a: Sneasler|Sneasler, L50, F|100/100\n|switch|p2b: Sinistcha|Sinistcha-Masterpiece, L50|100/100\n|turn|1\n|j| Emperor372\n|\n|t:|1788272304\n|switch|p2a: Archaludon|Archaludon, L50, M|100/100\n|move|p1b: Sandwinder|Stomping Tantrum|p2a: Archaludon\n|-supereffective|p2a: Archaludon|1\n|-crit|p2a: Archaludon\n|-damage|p2a: Archaludon|0 fnt\n|faint|p2a: Archaludon\n|-damage|p1b: Sandwinder|90/100|[from] item: Life Orb\n|move|p1a: Toxic Terror|Dire Claw|p2b: Sinistcha\n|-damage|p2b: Sinistcha|66/100\n|-status|p2b: Sinistcha|psn\n|move|p2b: Sinistcha|Trick Room|p2b: Sinistcha\n|-fieldstart|move: Trick Room|[of] p2b: Sinistcha\n|\n|-damage|p2b: Sinistcha|53/100 psn|[from] psn\n|upkeep\n|\n|t:|1788272307\n|switch|p2a: Pelipper|Pelipper, L50, F|100/100\n|-weather|RainDance|[from] ability: Drizzle|[of] p2a: Pelipper\n|turn|2\n|\n|t:|1788272329\n|move|p1a: Toxic Terror|Protect|p1a: Toxic Terror\n|-singleturn|p1a: Toxic Terror|Protect\n|move|p2b: Sinistcha|Matcha Gotcha|p1b: Sandwinder|[spread] p1b\n|-activate|p1a: Toxic Terror|move: Protect\n|-damage|p1b: Sandwinder|61/100\n|-heal|p2b: Sinistcha|69/100 psn|[from] drain|[of] p1b: Sandwinder\n|-status|p1b: Sandwinder|brn\n|move|p2a: Pelipper|Muddy Water|p1b: Sandwinder|[spread] \n|-activate|p1a: Toxic Terror|move: Protect\n|-miss|p2a: Pelipper|p1b: Sandwinder\n|move|p1b: Sandwinder|Rock Slide|p2a: Pelipper|[spread] p2a,p2b\n|-supereffective|p2a: Pelipper|1\n|-damage|p2a: Pelipper|72/100\n|-damage|p2b: Sinistcha|57/100 psn\n|-damage|p1b: Sandwinder|51/100 brn|[from] item: Life Orb\n|\n|-weather|RainDance|[upkeep]\n|-damage|p2b: Sinistcha|44/100 psn|[from] psn\n|-damage|p1b: Sandwinder|45/100 brn|[from] brn\n|upkeep\n|turn|3\n|\n|t:|1788272348\n|move|p2b: Sinistcha|Matcha Gotcha|p1a: Toxic Terror|[spread] p1a,p1b\n|-resisted|p1a: Toxic Terror|1\n|-damage|p1a: Toxic Terror|86/100\n|-heal|p2b: Sinistcha|52/100 psn|[from] drain|[of] p1a: Toxic Terror\n|-damage|p1b: Sandwinder|18/100 brn\n|-heal|p2b: Sinistcha|66/100 psn|[from] drain|[of] p1b: Sandwinder\n|move|p2a: Pelipper|Hurricane|p1a: Toxic Terror\n|-supereffective|p1a: Toxic Terror|1\n|-damage|p1a: Toxic Terror|0 fnt\n|faint|p1a: Toxic Terror\n|move|p1b: Sandwinder|Rock Slide|p2b: Sinistcha|[spread] p2a,p2b\n|-supereffective|p2a: Pelipper|1\n|-damage|p2a: Pelipper|48/100\n|-damage|p2b: Sinistcha|55/100 psn\n|-enditem|p2a: Pelipper|Sitrus Berry|[eat]\n|-heal|p2a: Pelipper|73/100|[from] item: Sitrus Berry\n|-damage|p1b: Sandwinder|9/100 brn|[from] item: Life Orb\n|\n|-weather|RainDance|[upkeep]\n|-damage|p2b: Sinistcha|43/100 psn|[from] psn\n|-damage|p1b: Sandwinder|3/100 brn|[from] brn\n|upkeep\n|\n|t:|1788272364\n|switch|p1a: Sunstorm|Charizard, L50, M, shiny|100/100\n|turn|4\n|\n|t:|1788272370\n|switch|p2a: Sneasler|Sneasler, L50, F|100/100\n|detailschange|p1a: Sunstorm|Charizard-Mega-Y, L50, M, shiny\n|-mega|p1a: Sunstorm|Charizard|Charizardite Y\n|-weather|SunnyDay|[from] ability: Drought|[of] p1a: Sunstorm\n|move|p2b: Sinistcha|Matcha Gotcha|p1a: Sunstorm|[spread] p1a\n|-miss|p2b: Sinistcha|p1b: Sandwinder\n|-resisted|p1a: Sunstorm|2\n|-damage|p1a: Sunstorm|93/100\n|-heal|p2b: Sinistcha|46/100 psn|[from] drain|[of] p1a: Sunstorm\n|move|p1a: Sunstorm|Weather Ball|p2b: Sinistcha\n|-supereffective|p2b: Sinistcha|1\n|-damage|p2b: Sinistcha|0 fnt\n|faint|p2b: Sinistcha\n|move|p1b: Sandwinder|Rock Slide|p2a: Sneasler|[miss]\n|-miss|p1b: Sandwinder|p2a: Sneasler\n|\n|-weather|SunnyDay|[upkeep]\n|-damage|p1b: Sandwinder|0 fnt|[from] brn\n|faint|p1b: Sandwinder\n|upkeep\n|\n|t:|1788272383\n|switch|p2b: Pelipper|Pelipper, L50, F|73/100\n|switch|p1b: Shogun|Kingambit, L50, F|100/100\n|-weather|RainDance|[from] ability: Drizzle|[of] p2b: Pelipper\n|turn|5\n|\n|t:|1788272395\n|move|p1b: Shogun|Protect|p1b: Shogun\n|-singleturn|p1b: Shogun|Protect\n|move|p1a: Sunstorm|Protect|p1a: Sunstorm\n|-singleturn|p1a: Sunstorm|Protect\n|move|p2a: Sneasler|Fake Out|p1b: Shogun\n|-activate|p1b: Shogun|move: Protect\n|move|p2b: Pelipper|Muddy Water|p1b: Shogun|[spread] \n|-activate|p1a: Sunstorm|move: Protect\n|-activate|p1b: Shogun|move: Protect\n|\n|-weather|RainDance|[upkeep]\n|-fieldend|move: Trick Room\n|upkeep\n|turn|6\n|l| Emperor372\n|\n|t:|1788272419\n|move|p2a: Sneasler|Close Combat|p1b: Shogun\n|-supereffective|p1b: Shogun|2\n|-damage|p1b: Shogun|0 fnt\n|-unboost|p2a: Sneasler|def|1\n|-unboost|p2a: Sneasler|spd|1\n|faint|p1b: Shogun\n|move|p1a: Sunstorm|Weather Ball|p2a: Sneasler\n|-enditem|p2a: Sneasler|Focus Sash\n|-damage|p2a: Sneasler|1/100\n|move|p2b: Pelipper|Muddy Water|p1a: Sunstorm\n|-supereffective|p1a: Sunstorm|1\n|-damage|p1a: Sunstorm|0 fnt\n|faint|p1a: Sunstorm\n|\n|win|endershovel\n|l|☆Flame_RocketRaj\n|player|p1|\n","uploadtime":1788272433,"views":"0","formatid":"gen9championsvgc2026regmb","rating":null,"private":0,"password":null}