{"id":"gen9championsvgc2026regmbbo3-2673983805","format":"[Gen 9 Champions] VGC 2026 Reg M-B (Bo3)","players":["FatherPenguin","KingZeusVGC"],"log":"|j|☆FatherPenguin\n|j|☆KingZeusVGC\n|html|<table width=\"100%\"><tr><td align=\"left\">FatherPenguin</td><td align=\"right\">KingZeusVGC</tr><tr><td align=\"left\"><i class=\"fa fa-circle\"></i> <i class=\"fa fa-circle-o\"></i> </td><td align=\"right\"><i class=\"fa fa-circle-o\"></i> <i class=\"fa fa-circle-o\"></i> </tr></table>\n|uhtml|bestof|<h2><strong>Game 2</strong> of <a href=\"/game-bestof3-gen9championsvgc2026regmbbo3-2673980934\">a best-of-3</a></h2>\n|t:|1788284783\n|gametype|doubles\n|player|p1|FatherPenguin|acetrainersnow|1269\n|player|p2|KingZeusVGC|blackbelt-gen4dp|1191\n|gen|9\n|tier|[Gen 9 Champions] VGC 2026 Reg M-B (Bo3)\n|rated|\n|rule|Species Clause: Limit one of each Pokémon\n|rule|Item Clause: Limit 1 of each item\n|clearpoke\n|poke|p1|Sneasler, L50, M|\n|poke|p1|Blastoise, L50, M|\n|poke|p1|Kingambit, L50, M|\n|poke|p1|Incineroar, L50, M|\n|poke|p1|Delphox, L50, F|\n|poke|p1|Sinistcha, L50|\n|poke|p2|Farigiraf, L50, F|\n|poke|p2|Rhyperior, L50, F|\n|poke|p2|Blastoise, L50, M|\n|poke|p2|Hatterene, L50, F|\n|poke|p2|Pelipper, L50, F|\n|poke|p2|Kingambit, L50, M|\n|teampreview|4\n|showteam|p1|Sneasler||FocusSash|PoisonTouch|PoisonJab,CloseCombat,FakeOut,QuickGuard|Jolly||M|||50|]Blastoise||Blastoisinite|RainDish|DarkPulse,WaterSpout,ShellSmash,Protect|Modest||M|||50|]Kingambit||LifeOrb|Defiant|KowtowCleave,SuckerPunch,SwordsDance,Protect|Adamant||M|||50|]Incineroar||SitrusBerry|Intimidate|FlareBlitz,ThroatChop,PartingShot,FakeOut|Careful||M|||50|]Delphox||Delphoxite|Blaze|HeatWave,NastyPlot,Psychic,Protect|Timid||F|||50|]Sinistcha||ColburBerry|Hospitality|MatchaGotcha,RagePowder,TrickRoom,Protect|Bold|||||50|\n|showteam|p2|Farigiraf||ColburBerry|ArmorTail|TrickRoom,Thunderbolt,TwinBeam,LightScreen|Relaxed||F|||50|]Rhyperior||LifeOrb|LightningRod|Protect,RockSlide,HighHorsepower,PoisonJab|Brave||F|||50|]Blastoise||Blastoisinite|RainDish|WaterSpout,FakeOut,DarkPulse,AuraSphere|Quiet||M|||50|]Hatterene||FocusSash|MagicBounce|TrickRoom,Psychic,DazzlingGleam,Protect|Quiet||F|||50|]Pelipper||SitrusBerry|Drizzle|Hurricane,WeatherBall,KnockOff,WideGuard|Quiet||F|||50|]Kingambit||ExpertBelt|Defiant|LowKick,KowtowCleave,IronHead,Protect|Brave||M|||50|\n|inactive|Battle timer is ON: inactive players will automatically lose when time's up. (requested by FatherPenguin)\n|inactive|FatherPenguin has 60 seconds left.\n|inactive|FatherPenguin has 30 seconds left.\n|inactive|FatherPenguin has 20 seconds left.\n|inactive|FatherPenguin has 15 seconds left.\n|\n|t:|1788284860\n|teamsize|p1|4\n|teamsize|p2|4\n|start\n|switch|p1a: Blastoise|Blastoise, L50, M|100/100\n|switch|p1b: Sinistcha|Sinistcha, L50|100/100\n|switch|p2a: Blastoise|Blastoise, L50, M|100/100\n|switch|p2b: Hatterene|Hatterene, L50, F|100/100\n|turn|1\n|inactive|FatherPenguin has 30 seconds left.\n|inactive|FatherPenguin has 20 seconds left.\n|\n|t:|1788284899\n|detailschange|p1a: Blastoise|Blastoise-Mega, L50, M\n|-mega|p1a: Blastoise|Blastoise|Blastoisinite\n|detailschange|p2a: Blastoise|Blastoise-Mega, L50, M\n|-mega|p2a: Blastoise|Blastoise|Blastoisinite\n|move|p2a: Blastoise|Fake Out|p1a: Blastoise\n|-damage|p1a: Blastoise|92/100\n|cant|p1a: Blastoise|flinch\n|move|p1b: Sinistcha|Matcha Gotcha|p2b: Hatterene|[spread] p2a,p2b\n|-supereffective|p2a: Blastoise|1\n|-damage|p2a: Blastoise|58/100\n|-damage|p2b: Hatterene|75/100\n|move|p2b: Hatterene|Trick Room|p2b: Hatterene\n|-fieldstart|move: Trick Room|[of] p2b: Hatterene\n|\n|upkeep\n|turn|2\n|inactive|KingZeusVGC has 30 seconds left.\n|\n|t:|1788284926\n|move|p2b: Hatterene|Dazzling Gleam|p1b: Sinistcha|[spread] p1a,p1b\n|-damage|p1a: Blastoise|57/100\n|-damage|p1b: Sinistcha|65/100\n|move|p2a: Blastoise|Dark Pulse|p1a: Blastoise\n|-damage|p1a: Blastoise|10/100\n|move|p1b: Sinistcha|Matcha Gotcha|p2a: Blastoise|[spread] p2a,p2b\n|-supereffective|p2a: Blastoise|1\n|-damage|p2a: Blastoise|18/100\n|-heal|p1b: Sinistcha|86/100|[from] drain|[of] p2a: Blastoise\n|-damage|p2b: Hatterene|48/100\n|-heal|p1b: Sinistcha|99/100|[from] drain|[of] p2b: Hatterene\n|cant|p1a: Blastoise|flinch\n|\n|upkeep\n|turn|3\n|inactive|FatherPenguin has 30 seconds left.\n|\n|t:|1788284954\n|switch|p1a: Incineroar|Incineroar, L50, M|100/100\n|-ability|p1a: Incineroar|Intimidate|boost\n|-unboost|p2a: Blastoise|atk|1\n|-unboost|p2b: Hatterene|atk|1\n|move|p2b: Hatterene|Dazzling Gleam|p1a: Incineroar|[spread] p1a,p1b\n|-damage|p1a: Incineroar|68/100\n|-damage|p1b: Sinistcha|64/100\n|move|p2a: Blastoise|Dark Pulse|p1b: Sinistcha\n|-supereffective|p1b: Sinistcha|1\n|-enditem|p1b: Sinistcha|Colbur Berry|[eat]\n|-enditem|p1b: Sinistcha|Colbur Berry|[weaken]\n|-damage|p1b: Sinistcha|19/100\n|cant|p1b: Sinistcha|flinch\n|\n|upkeep\n|turn|4\n|inactive|FatherPenguin has 30 seconds left.\n|inactive|KingZeusVGC has 30 seconds left.\n|\n|t:|1788284983\n|switch|p2a: Farigiraf|Farigiraf, L50, F|100/100\n|move|p1b: Sinistcha|Protect|p1b: Sinistcha\n|-singleturn|p1b: Sinistcha|Protect\n|move|p1a: Incineroar|Fake Out||[still]\n|cant|p2a: Farigiraf|ability: Armor Tail|Fake Out|[of] p1a: Incineroar\n|move|p2b: Hatterene|Dazzling Gleam|p1a: Incineroar|[spread] p1a\n|-activate|p1b: Sinistcha|move: Protect\n|-damage|p1a: Incineroar|37/100\n|-enditem|p1a: Incineroar|Sitrus Berry|[eat]\n|-heal|p1a: Incineroar|62/100|[from] item: Sitrus Berry\n|\n|upkeep\n|turn|5\n|\n|t:|1788285008\n|switch|p1b: Kingambit|Kingambit, L50, M|100/100\n|move|p2b: Hatterene|Dazzling Gleam|p1b: Kingambit|[spread] p1a,p1b\n|-damage|p1a: Incineroar|32/100\n|-damage|p1b: Kingambit|67/100\n|move|p2a: Farigiraf|Thunderbolt|p1a: Incineroar\n|-damage|p1a: Incineroar|12/100\n|move|p1a: Incineroar|Throat Chop|p2a: Farigiraf\n|-supereffective|p2a: Farigiraf|1\n|-enditem|p2a: Farigiraf|Colbur Berry|[eat]\n|-enditem|p2a: Farigiraf|Colbur Berry|[weaken]\n|-damage|p2a: Farigiraf|76/100\n|-start|p2a: Farigiraf|Throat Chop|[silent]\n|\n|-fieldend|move: Trick Room\n|upkeep\n|turn|6\n|inactive|FatherPenguin has 30 seconds left.\n|inactive|KingZeusVGC has 30 seconds left.\n|inactive|KingZeusVGC has 20 seconds left.\n|\n|t:|1788285045\n|switch|p2a: Kingambit|Kingambit, L50, M|100/100\n|move|p2b: Hatterene|Protect|p2b: Hatterene\n|-singleturn|p2b: Hatterene|Protect\n|move|p1a: Incineroar|Flare Blitz|p2b: Hatterene\n|-activate|p2b: Hatterene|move: Protect\n|move|p1b: Kingambit|Kowtow Cleave|p2a: Kingambit\n|-resisted|p2a: Kingambit|1\n|-damage|p2a: Kingambit|77/100\n|-damage|p1b: Kingambit|58/100|[from] item: Life Orb\n|\n|upkeep\n|turn|7\n|inactive|FatherPenguin has 30 seconds left.\n|\n|t:|1788285072\n|switch|p1b: Sinistcha|Sinistcha, L50|19/100\n|-heal|p1a: Incineroar|37/100|[from] ability: Hospitality|[of] p1b: Sinistcha\n|move|p1a: Incineroar|Flare Blitz|p2b: Hatterene\n|-damage|p2b: Hatterene|0 fnt\n|faint|p2b: Hatterene\n|-damage|p1a: Incineroar|24/100|[from] Recoil\n|move|p2a: Kingambit|Low Kick|p1b: Sinistcha\n|-immune|p1b: Sinistcha\n|\n|upkeep\n|\n|t:|1788285089\n|switch|p2b: Farigiraf|Farigiraf, L50, F|76/100\n|turn|8\n|inactive|KingZeusVGC has 30 seconds left.\n|\n|t:|1788285121\n|move|p1a: Incineroar|Throat Chop|p2b: Farigiraf\n|-supereffective|p2b: Farigiraf|1\n|-damage|p2b: Farigiraf|23/100\n|-start|p2b: Farigiraf|Throat Chop|[silent]\n|move|p1b: Sinistcha|Matcha Gotcha|p2b: Farigiraf|[spread] p2a,p2b\n|-resisted|p2a: Kingambit|1\n|-damage|p2a: Kingambit|66/100\n|-heal|p1b: Sinistcha|25/100|[from] drain|[of] p2a: Kingambit\n|-damage|p2b: Farigiraf|1/100\n|-heal|p1b: Sinistcha|40/100|[from] drain|[of] p2b: Farigiraf\n|move|p2a: Kingambit|Low Kick|p1a: Incineroar\n|-supereffective|p1a: Incineroar|1\n|-damage|p1a: Incineroar|0 fnt\n|faint|p1a: Incineroar\n|move|p2b: Farigiraf|Trick Room|p2b: Farigiraf\n|-fieldstart|move: Trick Room|[of] p2b: Farigiraf\n|\n|upkeep\n|\n|t:|1788285145\n|switch|p1a: Kingambit|Kingambit, L50, M|58/100\n|turn|9\n|inactive|FatherPenguin has 30 seconds left.\n|inactive|KingZeusVGC has 30 seconds left.\n|inactive|FatherPenguin has 20 seconds left.\n|inactive|KingZeusVGC has 20 seconds left.\n|inactive|FatherPenguin has 15 seconds left.\n|inactive|KingZeusVGC has 15 seconds left.\n|inactive|FatherPenguin has 10 seconds left.\n|inactive|KingZeusVGC has 10 seconds left.\n|\n|t:|1788285192\n|switch|p2b: Blastoise|Blastoise-Mega, L50, M|18/100\n|move|p1a: Kingambit|Protect|p1a: Kingambit\n|-singleturn|p1a: Kingambit|Protect\n|move|p2a: Kingambit|Kowtow Cleave|p1b: Sinistcha\n|-supereffective|p1b: Sinistcha|1\n|-damage|p1b: Sinistcha|0 fnt\n|faint|p1b: Sinistcha\n|\n|upkeep\n|\n|t:|1788285200\n|switch|p1b: Blastoise|Blastoise-Mega, L50, M|10/100\n|turn|10\n|\n|t:|1788285216\n|move|p1b: Blastoise|Protect|p1b: Blastoise\n|-singleturn|p1b: Blastoise|Protect\n|move|p2b: Blastoise|Fake Out|p1b: Blastoise\n|-activate|p1b: Blastoise|move: Protect\n|move|p1a: Kingambit|Sucker Punch||[still]\n|-fail|p1a: Kingambit\n|move|p2a: Kingambit|Low Kick|p1a: Kingambit\n|-supereffective|p1a: Kingambit|2\n|-damage|p1a: Kingambit|0 fnt\n|faint|p1a: Kingambit\n|\n|upkeep\n|turn|11\n|\n|t:|1788285228\n|move|p2a: Kingambit|Kowtow Cleave|p1b: Blastoise\n|-damage|p1b: Blastoise|0 fnt\n|faint|p1b: Blastoise\n|\n|win|KingZeusVGC\n","uploadtime":1788285233,"views":"1","formatid":"gen9championsvgc2026regmbbo3","rating":null,"private":0,"password":null}