{"id":"gen9championsvgc2026regmb-2673866317","format":"[Gen 9 Champions] VGC 2026 Reg M-B","players":["Thornlace48812","Yuniel.D.Castle"],"log":"|j|☆Thornlace48812\n|j|☆Yuniel.D.Castle\n|t:|1788270560\n|gametype|doubles\n|player|p1|Thornlace48812|102|1134\n|player|p2|Yuniel.D.Castle|169|1080\n|gen|9\n|tier|[Gen 9 Champions] VGC 2026 Reg M-B\n|rated|\n|rule|Species Clause: Limit one of each Pokémon\n|rule|Item Clause: Limit 1 of each item\n|clearpoke\n|poke|p1|Garchomp, L50, F|\n|poke|p1|Charizard, L50, F|\n|poke|p1|Whimsicott, L50, M|\n|poke|p1|Sylveon, L50, F|\n|poke|p1|Kingambit, L50, M|\n|poke|p1|Basculegion, L50, M|\n|poke|p2|Archaludon, L50, M|\n|poke|p2|Sableye, L50, M|\n|poke|p2|Garganacl, L50, M|\n|poke|p2|Sinistcha, L50|\n|poke|p2|Gengar, L50, M, shiny|\n|poke|p2|Basculegion, L50, M|\n|teampreview|4\n|inactive|Battle timer is ON: inactive players will automatically lose when time's up. (requested by Thornlace48812)\nThornlace48812 rejected open team sheets.\n|\n|t:|1788270581\n|teamsize|p1|4\n|teamsize|p2|4\n|start\n|switch|p1a: Sylveon|Sylveon, L50, F|100/100\n|switch|p1b: Whimsicott|Whimsicott, L50, M|100/100\n|switch|p2a: Archaludon|Archaludon, L50, M|100/100\n|switch|p2b: Sableye|Sableye, L50, M|100/100\n|turn|1\n|inactive|Yuniel.D.Castle has 30 seconds left.\n|inactive|Yuniel.D.Castle has 20 seconds left.\n|\n|t:|1788270616\n|move|p1a: Sylveon|Detect|p1a: Sylveon\n|-singleturn|p1a: Sylveon|Protect\n|move|p2b: Sableye|Rain Dance|p2b: Sableye\n|-weather|RainDance\n|move|p1b: Whimsicott|Moonblast|p2a: Archaludon\n|-damage|p2a: Archaludon|47/100\n|move|p2a: Archaludon|Electro Shot||[still]\n|-prepare|p2a: Archaludon|Electro Shot\n|-boost|p2a: Archaludon|spa|1\n|-anim|p2a: Archaludon|Electro Shot|p1a: Sylveon\n|-activate|p1a: Sylveon|move: Protect\n|\n|-weather|RainDance|[upkeep]\n|upkeep\n|turn|2\n|\n|t:|1788270639\n|switch|p2b: Sinistcha|Sinistcha, L50|100/100\n|-heal|p2a: Archaludon|71/100|[from] ability: Hospitality|[of] p2b: Sinistcha\n|move|p1b: Whimsicott|Protect|p1b: Whimsicott\n|-singleturn|p1b: Whimsicott|Protect\n|move|p2a: Archaludon|Electro Shot||[still]\n|-prepare|p2a: Archaludon|Electro Shot\n|-boost|p2a: Archaludon|spa|1\n|-anim|p2a: Archaludon|Electro Shot|p1a: Sylveon\n|-damage|p1a: Sylveon|25/100\n|move|p1a: Sylveon|Hyper Voice|p2b: Sinistcha|[spread] p2a,p2b\n|-damage|p2a: Archaludon|1/100\n|-damage|p2b: Sinistcha|59/100\n|\n|-weather|RainDance|[upkeep]\n|upkeep\n|turn|3\n|inactive|Yuniel.D.Castle has 30 seconds left.\n|inactive|Yuniel.D.Castle has 20 seconds left.\n|inactive|Yuniel.D.Castle has 15 seconds left.\n|inactive|Yuniel.D.Castle has 10 seconds left.\n|\n|t:|1788270688\n|move|p1a: Sylveon|Detect|p1a: Sylveon\n|-singleturn|p1a: Sylveon|Protect\n|move|p1b: Whimsicott|Tailwind|p1b: Whimsicott\n|-sidestart|p1: Thornlace48812|move: Tailwind\n|move|p2a: Archaludon|Electro Shot||[still]\n|-prepare|p2a: Archaludon|Electro Shot\n|-boost|p2a: Archaludon|spa|1\n|-anim|p2a: Archaludon|Electro Shot|p1b: Whimsicott\n|-resisted|p1b: Whimsicott|1\n|-enditem|p1b: Whimsicott|Focus Sash\n|-damage|p1b: Whimsicott|1/100\n|move|p2b: Sinistcha|Strength Sap|p1b: Whimsicott\n|-unboost|p1b: Whimsicott|atk|1\n|-heal|p2b: Sinistcha|100/100\n|\n|-weather|RainDance|[upkeep]\n|upkeep\n|turn|4\n|inactive|Yuniel.D.Castle has 30 seconds left.\n|\n|t:|1788270718\n|move|p1b: Whimsicott|Moonblast|p2a: Archaludon\n|-damage|p2a: Archaludon|0 fnt\n|faint|p2a: Archaludon\n|move|p1a: Sylveon|Hyper Voice|p2b: Sinistcha\n|-damage|p2b: Sinistcha|40/100\n|move|p2b: Sinistcha|Matcha Gotcha|p1a: Sylveon|[spread] p1a,p1b\n|-resisted|p1b: Whimsicott|1\n|-damage|p1a: Sylveon|5/100\n|-heal|p2b: Sinistcha|51/100|[from] drain|[of] p1a: Sylveon\n|-damage|p1b: Whimsicott|0 fnt\n|-heal|p2b: Sinistcha|51/100|[from] drain|[of] p1b: Whimsicott\n|faint|p1b: Whimsicott\n|\n|-weather|RainDance|[upkeep]\n|upkeep\n|\n|t:|1788270738\n|switch|p1b: Charizard|Charizard, L50, F|100/100\n|switch|p2a: Sableye|Sableye, L50, M|100/100\n|turn|5\n|\n|t:|1788270749\n|detailschange|p1b: Charizard|Charizard-Mega-Y, L50, F\n|-mega|p1b: Charizard|Charizard|Charizardite Y\n|-weather|SunnyDay|[from] ability: Drought|[of] p1b: Charizard\n|move|p1a: Sylveon|Detect|p1a: Sylveon\n|-singleturn|p1a: Sylveon|Protect\n|move|p2a: Sableye|Fake Out|p1b: Charizard\n|-damage|p1b: Charizard|90/100\n|cant|p1b: Charizard|flinch\n|move|p2b: Sinistcha|Matcha Gotcha|p1b: Charizard|[spread] p1b\n|-activate|p1a: Sylveon|move: Protect\n|-resisted|p1b: Charizard|2\n|-damage|p1b: Charizard|84/100\n|-heal|p2b: Sinistcha|54/100|[from] drain|[of] p1b: Charizard\n|\n|-weather|SunnyDay|[upkeep]\n|upkeep\n|turn|6\n|inactive|Yuniel.D.Castle has 30 seconds left.\n|\n|t:|1788270783\n|move|p2a: Sableye|Rain Dance|p2a: Sableye\n|-weather|RainDance\n|move|p1b: Charizard|Heat Wave|p2b: Sinistcha|[spread] p2a,p2b\n|-supereffective|p2b: Sinistcha|1\n|-damage|p2a: Sableye|69/100\n|-damage|p2b: Sinistcha|20/100y\n|move|p1a: Sylveon|Hyper Voice|p2a: Sableye|[spread] p2a,p2b\n|-supereffective|p2a: Sableye|1\n|-damage|p2a: Sableye|0 fnt\n|-damage|p2b: Sinistcha|0 fnt\n|faint|p2a: Sableye\n|faint|p2b: Sinistcha\n|\n|-weather|RainDance|[upkeep]\n|-sideend|p1: Thornlace48812|move: Tailwind\n|upkeep\n|\n|t:|1788270804\n|switch|p2b: Gengar|Gengar, L50, M, shiny|100/100\n|turn|7\n|\n|t:|1788270817\n|move|p2b: Gengar|Shadow Ball|p1a: Sylveon\n|-damage|p1a: Sylveon|0 fnt\n|faint|p1a: Sylveon\n|move|p1b: Charizard|Ancient Power|p2b: Gengar\n|-damage|p2b: Gengar|55/100\n|\n|-weather|RainDance|[upkeep]\n|upkeep\n|\n|t:|1788270817\n|switch|p1a: Basculegion|Basculegion, L50, M|100/100\n|turn|8\n|\n|t:|1788270830\n|detailschange|p2b: Gengar|Gengar-Mega, L50, M, shiny\n|-mega|p2b: Gengar|Gengar|Gengarite\n|move|p2b: Gengar|Perish Song|p2b: Gengar\n|-start|p1a: Basculegion|perish3|[silent]\n|-start|p1b: Charizard|perish3|[silent]\n|-start|p2b: Gengar|perish3|[silent]\n|-fieldactivate|move: Perish Song\n|move|p1b: Charizard|Ancient Power|p2b: Gengar\n|-damage|p2b: Gengar|20/100y\n|move|p1a: Basculegion|Last Respects|p2b: Gengar\n|-supereffective|p2b: Gengar|1\n|-damage|p2b: Gengar|0 fnt\n|faint|p2b: Gengar\n|\n|win|Thornlace48812\n|raw|Thornlace48812's rating: 1080 &rarr; <strong>1108</strong><br />(+28 for winning)\n|raw|Yuniel.D.Castle's rating: 1080 &rarr; <strong>1058</strong><br />(-22 for losing)\n","uploadtime":1788270830,"views":"2","formatid":"gen9championsvgc2026regmb","rating":1058,"private":0,"password":null}