{"id":"gen9championsvgc2026regmbbo3-2674267477","format":"[Gen 9 Champions] VGC 2026 Reg M-B (Bo3)","players":["CulantroVGC","wizzcoaster"],"log":"|j|☆CulantroVGC\n|j|☆wizzcoaster\n|html|<table width=\"100%\"><tr><td align=\"left\">CulantroVGC</td><td align=\"right\">wizzcoaster</tr><tr><td align=\"left\"><i class=\"fa fa-circle\"></i> <i class=\"fa fa-circle-o\"></i> </td><td align=\"right\"><i class=\"fa fa-circle-o\"></i> <i class=\"fa fa-circle\"></i> </tr></table>\n|uhtml|bestof|<h2><strong>Game 3</strong> of <a href=\"/game-bestof3-gen9championsvgc2026regmbbo3-2674266092\">a best-of-3</a></h2>\n|t:|1788327303\n|gametype|doubles\n|player|p1|CulantroVGC|169|1285\n|player|p2|wizzcoaster|adaman-masters|1377\n|gen|9\n|tier|[Gen 9 Champions] VGC 2026 Reg M-B (Bo3)\n|rated|\n|rule|Species Clause: Limit one of each Pokémon\n|rule|Item Clause: Limit 1 of each item\n|clearpoke\n|poke|p1|Farigiraf, L50, M|\n|poke|p1|Kangaskhan, L50, F|\n|poke|p1|Aerodactyl, L50, M|\n|poke|p1|Sylveon, L50, M, shiny|\n|poke|p1|Camerupt, L50, M, shiny|\n|poke|p1|Gallade, L50, M|\n|poke|p2|Sneasler, L50, M|\n|poke|p2|Basculegion, L50, M|\n|poke|p2|Kingambit, L50, M|\n|poke|p2|Dragonite, L50, F|\n|poke|p2|Floette-Eternal, L50, F|\n|poke|p2|Garchomp, L50, F|\n|teampreview|4\n|showteam|p1|Farigiraf||SitrusBerry|ArmorTail|Psychic,HelpingHand,TrickRoom,Thunderbolt|Bold||M|||50|]Kangaskhan||LifeOrb|Scrappy|FakeOut,IcePunch,DoubleEdge,HammerArm|Adamant||F|||50|]Aerodactyl||Aerodactylite|Unnerve|RockSlide,IceFang,DualWingbeat,Tailwind|Adamant||M|||50|]Sylveon||FairyFeather|Pixilate|HyperVoice,HyperBeam,QuickAttack,Protect|Modest||M|||50|]Camerupt||Cameruptite|SolidRock|HeatWave,EarthPower,AncientPower,Protect|Brave||M|||50|]Gallade||FocusSash|Sharpness|SacredSword,LeafBlade,PsychoCut,Protect|Adamant||M|||50|\n|showteam|p2|Sneasler||FocusSash|PoisonTouch|FakeOut,CloseCombat,DireClaw,Feint|Jolly||M|||50|]Basculegion||LifeOrb|Adaptability|WaveCrash,LastRespects,AquaJet,Protect|Adamant||M|||50|]Kingambit||ChopleBerry|Defiant|KowtowCleave,SuckerPunch,LowKick,IronHead|Adamant||M|||50|]Dragonite||Dragoninite|Multiscale|DragonPulse,HeatWave,ExtremeSpeed,Protect|Modest||F|||50|]Floette-Eternal||Floettite|FlowerVeil|Moonblast,DazzlingGleam,LightofRuin,Protect|Timid||F|||50|]Garchomp||ChoiceScarf|RoughSkin|DragonClaw,StompingTantrum,RockSlide,Earthquake|Adamant||F|||50|\n|\n|t:|1788327332\n|teamsize|p1|4\n|teamsize|p2|4\n|start\n|switch|p1a: Kangaskhan|Kangaskhan, L50, F|100/100\n|switch|p1b: Farigiraf|Farigiraf, L50, M|100/100\n|switch|p2a: Floette|Floette-Eternal, L50, F|100/100\n|switch|p2b: Basculegion|Basculegion, L50, M|100/100\n|turn|1\n|\n|t:|1788327346\n|detailschange|p2a: Floette|Floette-Mega, L50, F\n|-mega|p2a: Floette|Floette|Floettite\n|-ability|p2a: Floette|Fairy Aura\n|move|p1a: Kangaskhan|Fake Out|p2a: Floette\n|-damage|p2a: Floette|71/100\n|-damage|p1a: Kangaskhan|90/100|[from] item: Life Orb\n|cant|p2a: Floette|flinch\n|move|p2b: Basculegion|Wave Crash|p1b: Farigiraf\n|-damage|p1b: Farigiraf|24/100\n|-enditem|p1b: Farigiraf|Sitrus Berry|[eat]\n|-heal|p1b: Farigiraf|48/100|[from] item: Sitrus Berry\n|-damage|p2b: Basculegion|71/100|[from] Recoil\n|-damage|p2b: Basculegion|61/100|[from] item: Life Orb\n|move|p1b: Farigiraf|Trick Room|p1b: Farigiraf\n|-fieldstart|move: Trick Room|[of] p1b: Farigiraf\n|\n|upkeep\n|turn|2\n|\n|t:|1788327368\n|move|p2b: Basculegion|Protect|p2b: Basculegion\n|-singleturn|p2b: Basculegion|Protect\n|move|p2a: Floette|Protect|p2a: Floette\n|-singleturn|p2a: Floette|Protect\n|move|p1b: Farigiraf|Thunderbolt|p2b: Basculegion\n|-activate|p2b: Basculegion|move: Protect\n|move|p1a: Kangaskhan|Double-Edge|p2a: Floette\n|-activate|p2a: Floette|move: Protect\n|\n|upkeep\n|turn|3\n|\n|t:|1788327379\n|switch|p2b: Garchomp|Garchomp, L50, F|100/100\n|switch|p2a: Kingambit|Kingambit, L50, M|100/100\n|move|p1b: Farigiraf|Helping Hand|p1a: Kangaskhan\n|-singleturn|p1a: Kangaskhan|Helping Hand|[of] p1b: Farigiraf\n|move|p1a: Kangaskhan|Double-Edge|p2a: Kingambit\n|-resisted|p2a: Kingambit|1\n|-damage|p2a: Kingambit|62/100\n|-damage|p1a: Kangaskhan|77/100|[from] Recoil\n|-damage|p1a: Kangaskhan|68/100|[from] item: Life Orb\n|\n|upkeep\n|turn|4\n|\n|t:|1788327411\n|move|p2a: Kingambit|Low Kick|p1a: Kangaskhan\n|-supereffective|p1a: Kangaskhan|1\n|-damage|p1a: Kangaskhan|4/100\n|move|p1b: Farigiraf|Thunderbolt|p2a: Kingambit\n|-damage|p2a: Kingambit|42/100\n|move|p1a: Kangaskhan|Hammer Arm|p2a: Kingambit\n|-supereffective|p2a: Kingambit|2\n|-enditem|p2a: Kingambit|Chople Berry|[eat]\n|-enditem|p2a: Kingambit|Chople Berry|[weaken]\n|-damage|p2a: Kingambit|0 fnt\n|-unboost|p1a: Kangaskhan|spe|1\n|faint|p2a: Kingambit\n|-damage|p1a: Kangaskhan|0 fnt|[from] item: Life Orb\n|faint|p1a: Kangaskhan\n|move|p2b: Garchomp|Rock Slide|p1b: Farigiraf\n|-damage|p1b: Farigiraf|29/100\n|\n|upkeep\n|\n|t:|1788327435\n|switch|p2a: Floette|Floette-Mega, L50, F|71/100\n|switch|p1a: Sylveon|Sylveon, L50, M, shiny|100/100\n|-ability|p2a: Floette|Fairy Aura\n|turn|5\n|\n|t:|1788327465\n|switch|p1b: Camerupt|Camerupt, L50, M, shiny|100/100\n|move|p2a: Floette|Protect|p2a: Floette\n|-singleturn|p2a: Floette|Protect\n|move|p1a: Sylveon|Hyper Voice|p2a: Floette|[spread] p2b\n|-activate|p2a: Floette|move: Protect\n|-supereffective|p2b: Garchomp|1\n|-crit|p2b: Garchomp\n|-damage|p2b: Garchomp|0 fnt\n|faint|p2b: Garchomp\n|\n|-fieldend|move: Trick Room\n|upkeep\n|\n|t:|1788327470\n|switch|p2b: Basculegion|Basculegion, L50, M|61/100\n|turn|6\n|\n|t:|1788327504\n|switch|p1b: Farigiraf|Farigiraf, L50, M|29/100\n|move|p2a: Floette|Light of Ruin|p1a: Sylveon\n|-damage|p1a: Sylveon|16/100\n|-damage|p2a: Floette|19/100|[from] Recoil\n|move|p2b: Basculegion|Last Respects|p1b: Farigiraf\n|-immune|p1b: Farigiraf\n|move|p1a: Sylveon|Hyper Voice|p2a: Floette|[spread] p2a,p2b\n|-damage|p2a: Floette|0 fnt\n|-damage|p2b: Basculegion|0 fnt\n|faint|p2a: Floette\n|faint|p2b: Basculegion\n|\n|win|CulantroVGC\n|raw|CulantroVGC's rating: 1285 &rarr; <strong>1315</strong><br />(+30 for winning)\n|raw|wizzcoaster's rating: 1359 &rarr; <strong>1335</strong><br />(-24 for losing)\n|c|☆CulantroVGC|Ggs\n|l|☆CulantroVGC\n|player|p1|\n","uploadtime":1788327699,"views":"11","formatid":"gen9championsvgc2026regmbbo3","rating":1315,"private":0,"password":null}