{"id":"gen9championsvgc2026regmbbo3-2673729818","format":"[Gen 9 Champions] VGC 2026 Reg M-B (Bo3)","players":["Chessnuts VGC","wizzcoaster"],"log":"|j|☆Chessnuts VGC\n|j|☆wizzcoaster\n|html|<table width=\"100%\"><tr><td align=\"left\">Chessnuts VGC</td><td align=\"right\">wizzcoaster</tr><tr><td align=\"left\"><i class=\"fa fa-circle-o\"></i> <i class=\"fa fa-circle-o\"></i> </td><td align=\"right\"><i class=\"fa fa-circle-o\"></i> <i class=\"fa fa-circle\"></i> </tr></table>\n|uhtml|bestof|<h2><strong>Game 2</strong> of <a href=\"/game-bestof3-gen9championsvgc2026regmbbo3-2673728837\">a best-of-3</a></h2>\n|t:|1788242428\n|gametype|doubles\n|player|p1|Chessnuts VGC|hilbert|1152\n|player|p2|wizzcoaster|adaman-masters|1240\n|gen|9\n|tier|[Gen 9 Champions] VGC 2026 Reg M-B (Bo3)\n|rated|\n|rule|Species Clause: Limit one of each Pokémon\n|rule|Item Clause: Limit 1 of each item\n|clearpoke\n|poke|p1|Froslass, L50, F|\n|poke|p1|Scovillain, L50, M, shiny|\n|poke|p1|Basculegion, L50, M|\n|poke|p1|Kingambit, L50, M|\n|poke|p1|Sneasler, L50, F|\n|poke|p1|Lycanroc-Dusk, L50, M|\n|poke|p2|Scovillain, L50, M, shiny|\n|poke|p2|Basculegion, L50, M|\n|poke|p2|Kingambit, L50, F|\n|poke|p2|Sneasler, L50, F|\n|poke|p2|Lycanroc-Dusk, L50, F|\n|poke|p2|Froslass, L50, F|\n|teampreview|4\n|showteam|p1|Froslass||Froslassite|CursedBody|Blizzard,ShadowBall,AuroraVeil,Protect|Modest||F|||50|]Scovillain||Scovillainite|Moody|GigaDrain,Overheat,RagePowder,Protect|Bold||M|||50|]Basculegion||SitrusBerry|Adaptability|WaveCrash,LastRespects,AquaJet,Protect|Adamant||M|||50|]Kingambit||BlackGlasses|Defiant|KowtowCleave,SuckerPunch,SwordsDance,Protect|Adamant||M|||50|]Sneasler||WhiteHerb|Unburden|CloseCombat,GunkShot,Protect,FakeOut|Adamant||F|||50|]Lycanroc-Dusk||FocusSash|ToughClaws|CloseCombat,Accelerock,RockSlide,Protect|Adamant||M|||50|\n|showteam|p2|Scovillain||Scovillainite|Moody|GigaDrain,Overheat,RagePowder,Protect|Bold||M|||50|]Basculegion||LifeOrb|Adaptability|WaveCrash,LastRespects,AquaJet,Protect|Adamant||M|||50|]Kingambit||BlackGlasses|Defiant|KowtowCleave,SuckerPunch,SwordsDance,Protect|Adamant||F|||50|]Sneasler||WhiteHerb|Unburden|CloseCombat,DireClaw,Protect,FakeOut|Adamant||F|||50|]Lycanroc-Dusk||FocusSash|ToughClaws|CloseCombat,Accelerock,RockSlide,Protect|Adamant||F|||50|]Froslass||Froslassite|CursedBody|Blizzard,ShadowBall,AuroraVeil,Protect|Timid||F|||50|\n|\n|t:|1788242457\n|teamsize|p1|4\n|teamsize|p2|4\n|start\n|switch|p1a: Sneasler|Sneasler, L50, F|100/100\n|switch|p1b: Scovillain|Scovillain, L50, M, shiny|100/100\n|switch|p2a: Koala|Froslass, L50, F|100/100\n|switch|p2b: Cisco|Sneasler, L50, F|100/100\n|turn|1\n|\n|t:|1788242488\n|detailschange|p2a: Koala|Froslass-Mega, L50, F\n|-mega|p2a: Koala|Froslass|Froslassite\n|-weather|Snowscape|[from] ability: Snow Warning|[of] p2a: Koala\n|detailschange|p1b: Scovillain|Scovillain-Mega, L50, M, shiny\n|-mega|p1b: Scovillain|Scovillain|Scovillainite\n|move|p2b: Cisco|Fake Out|p1a: Sneasler\n|-damage|p1a: Sneasler|84/100\n|cant|p1a: Sneasler|flinch\n|move|p2a: Koala|Aurora Veil|p2a: Koala\n|-sidestart|p2: wizzcoaster|move: Aurora Veil\n|move|p1b: Scovillain|Overheat|p2a: Koala\n|-supereffective|p2a: Koala|1\n|-damage|p2a: Koala|24/100\n|-unboost|p1b: Scovillain|spa|2\n|\n|-weather|Snowscape|[upkeep]\n|upkeep\n|turn|2\n|\n|t:|1788242512\n|switch|p1a: Basculegion|Basculegion, L50, M|100/100\n|move|p2b: Cisco|Protect|p2b: Cisco\n|-singleturn|p2b: Cisco|Protect\n|move|p2a: Koala|Blizzard|p1b: Scovillain|[spread] p1a,p1b\n|-resisted|p1a: Basculegion|1\n|-damage|p1a: Basculegion|82/100\n|-damage|p1b: Scovillain|58/100\n|-status|p1b: Scovillain|frz\n|-status|p2a: Koala|brn|[from] ability: Spicy Spray|[of] p1b: Scovillain\n|-curestatus|p1b: Scovillain|frz|[msg]\n|move|p1b: Scovillain|Overheat|p2a: Koala\n|-supereffective|p2a: Koala|1\n|-damage|p2a: Koala|0 fnt\n|-unboost|p1b: Scovillain|spa|2\n|faint|p2a: Koala\n|\n|-weather|Snowscape|[upkeep]\n|upkeep\n|\n|t:|1788242525\n|switch|p2a: SlycedBread|Basculegion, L50, M|100/100\n|turn|3\n|\n|t:|1788242556\n|move|p1b: Scovillain|Rage Powder|p1b: Scovillain\n|-singleturn|p1b: Scovillain|move: Rage Powder\n|move|p2b: Cisco|Dire Claw|p1b: Scovillain\n|-supereffective|p1b: Scovillain|1\n|-damage|p1b: Scovillain|0 fnt\n|-status|p2b: Cisco|brn|[from] ability: Spicy Spray|[of] p1b: Scovillain\n|faint|p1b: Scovillain\n|move|p2a: SlycedBread|Last Respects|p1a: Basculegion\n|-supereffective|p1a: Basculegion|1\n|-damage|p1a: Basculegion|0 fnt\n|faint|p1a: Basculegion\n|-damage|p2a: SlycedBread|90/100|[from] item: Life Orb\n|\n|-weather|Snowscape|[upkeep]\n|-damage|p2b: Cisco|94/100 brn|[from] brn\n|upkeep\n|\n|t:|1788242570\n|switch|p1b: Lycanroc|Lycanroc-Dusk, L50, M|100/100\n|switch|p1a: Sneasler|Sneasler, L50, F|84/100\n|turn|4\n|\n|t:|1788242579\n|move|p1b: Lycanroc|Protect|p1b: Lycanroc\n|-singleturn|p1b: Lycanroc|Protect\n|move|p2a: SlycedBread|Protect|p2a: SlycedBread\n|-singleturn|p2a: SlycedBread|Protect\n|move|p2b: Cisco|Close Combat|p1b: Lycanroc\n|-activate|p1b: Lycanroc|move: Protect\n|move|p1a: Sneasler|Gunk Shot|p2a: SlycedBread\n|-activate|p2a: SlycedBread|move: Protect\n|\n|-weather|Snowscape|[upkeep]\n|-damage|p2b: Cisco|88/100 brn|[from] brn\n|upkeep\n|turn|5\n|\n|t:|1788242602\n|move|p2b: Cisco|Close Combat|p1b: Lycanroc\n|-supereffective|p1b: Lycanroc|1\n|-damage|p1b: Lycanroc|5/100\n|-unboost|p2b: Cisco|def|1\n|-unboost|p2b: Cisco|spd|1\n|-enditem|p2b: Cisco|White Herb\n|-clearnegativeboost|p2b: Cisco|[silent]\n|move|p1b: Lycanroc|Rock Slide|p2a: SlycedBread|[spread] p2a,p2b\n|-resisted|p2b: Cisco|1\n|-damage|p2a: SlycedBread|67/100\n|-damage|p2b: Cisco|73/100 brn\n|move|p1a: Sneasler|Gunk Shot|p2a: SlycedBread\n|-resisted|p2a: SlycedBread|1\n|-damage|p2a: SlycedBread|47/100\n|move|p2a: SlycedBread|Last Respects|p1a: Sneasler\n|-damage|p1a: Sneasler|0 fnt\n|faint|p1a: Sneasler\n|-damage|p2a: SlycedBread|38/100|[from] item: Life Orb\n|\n|-weather|none\n|-damage|p2b: Cisco|68/100 brn|[from] brn\n|-sideend|p2: wizzcoaster|move: Aurora Veil\n|upkeep\n|turn|6\n|-message|Chessnuts VGC forfeited.\n|\n|win|wizzcoaster\n|raw|Chessnuts VGC's rating: 1152 &rarr; <strong>1133</strong><br />(-19 for losing)\n|raw|wizzcoaster's rating: 1240 &rarr; <strong>1259</strong><br />(+19 for winning)\n","uploadtime":1788242619,"views":"1","formatid":"gen9championsvgc2026regmbbo3","rating":1133,"private":0,"password":null}