{"id":"gen9championsvgc2026regmb-2674521272","format":"[Gen 9 Champions] VGC 2026 Reg M-B","players":["Mafinator","jorgearucas"],"log":"|j|☆Mafinator\n|j|☆jorgearucas\n|html|<table width=\"100%\"><tr><td align=\"left\">Mafinator</td><td align=\"right\">jorgearucas</tr><tr><td align=\"left\"><i class=\"fa fa-circle-o\"></i> <i class=\"fa fa-circle-o\"></i> </td><td align=\"right\"><i class=\"fa fa-circle-o\"></i> <i class=\"fa fa-circle\"></i> </tr></table>\n|uhtml|bestof|<h2><strong>Game 2</strong> of <a href=\"/game-bestof3-gen9championsvgc2026regmb-2674518313\">a best-of-3</a></h2>\n|t:|1788369563\n|gametype|doubles\n|player|p1|Mafinator|1|\n|player|p2|jorgearucas|lance|\n|gen|9\n|tier|[Gen 9 Champions] VGC 2026 Reg M-B\n|rule|Species Clause: Limit one of each Pokémon\n|rule|Item Clause: Limit 1 of each item\n|raw|<div class=\"infobox\"><details class=\"readmore\" open><summary><strong>1 custom rule:</strong></summary> Best of = 3</details></div>\n|clearpoke\n|poke|p1|Swampert, L50, M|\n|poke|p1|Sceptile, L50, M|\n|poke|p1|Politoed, L50, F|\n|poke|p1|Staraptor, L50, M|\n|poke|p1|Musharna, L50, F|\n|poke|p1|Meowscarada, L50, F|\n|poke|p2|Pelipper, L50, M|\n|poke|p2|Swampert, L50, M|\n|poke|p2|Charizard, L50, M, shiny|\n|poke|p2|Venusaur, L50, F|\n|poke|p2|Incineroar, L50, M|\n|poke|p2|Raichu, L50, F|\n|teampreview|4\n|\n|t:|1788369603\n|teamsize|p1|4\n|teamsize|p2|4\n|start\n|switch|p1a: Swampert|Swampert, L50, M|100/100\n|switch|p1b: Politoed|Politoed, L50, F|100/100\n|switch|p2a: Hercules|Incineroar, L50, M|100/100\n|switch|p2b: Ares|Charizard, L50, M, shiny|100/100\n|-weather|RainDance|[from] ability: Drizzle|[of] p1b: Politoed\n|-ability|p2a: Hercules|Intimidate|boost\n|-unboost|p1a: Swampert|atk|1\n|-unboost|p1b: Politoed|atk|1\n|turn|1\n|\n|t:|1788369627\n|detailschange|p2b: Ares|Charizard-Mega-Y, L50, M, shiny\n|-mega|p2b: Ares|Charizard|Charizardite Y\n|-weather|SunnyDay|[from] ability: Drought|[of] p2b: Ares\n|detailschange|p1a: Swampert|Swampert-Mega, L50, M\n|-mega|p1a: Swampert|Swampert|Swampertite\n|move|p2a: Hercules|Fake Out|p1b: Politoed\n|-damage|p1b: Politoed|82/100\n|move|p2b: Ares|Solar Beam||[still]\n|-prepare|p2b: Ares|Solar Beam\n|-anim|p2b: Ares|Solar Beam|p1a: Swampert\n|-supereffective|p1a: Swampert|2\n|-damage|p1a: Swampert|0 fnt\n|faint|p1a: Swampert\n|cant|p1b: Politoed|flinch\n|\n|-weather|SunnyDay|[upkeep]\n|upkeep\n|j| farcono\n|\n|t:|1788369651\n|switch|p1a: Musharna|Musharna, L50, F|100/100\n|turn|2\n|l| farcono\n|\n|t:|1788369663\n|move|p2b: Ares|Solar Beam||[still]\n|-prepare|p2b: Ares|Solar Beam\n|-anim|p2b: Ares|Solar Beam|p1b: Politoed\n|-supereffective|p1b: Politoed|1\n|-damage|p1b: Politoed|15/100\n|move|p1b: Politoed|Muddy Water|p2b: Ares|[spread] p2a,p2b\n|-supereffective|p2a: Hercules|1\n|-supereffective|p2b: Ares|1\n|-damage|p2a: Hercules|81/100\n|-damage|p2b: Ares|80/100\n|-unboost|p2b: Ares|accuracy|1\n|move|p2a: Hercules|Flare Blitz|p1a: Musharna\n|-damage|p1a: Musharna|5/100\n|-damage|p2a: Hercules|46/100|[from] Recoil\n|-enditem|p2a: Hercules|Sitrus Berry|[eat]\n|-heal|p2a: Hercules|71/100|[from] item: Sitrus Berry\n|move|p1a: Musharna|Trick Room|p1a: Musharna\n|-fieldstart|move: Trick Room|[of] p1a: Musharna\n|\n|-weather|SunnyDay|[upkeep]\n|upkeep\n|turn|3\n|j| farcono\n|j| Daedalo\n|\n|t:|1788369695\n|move|p1a: Musharna|Protect|p1a: Musharna\n|-singleturn|p1a: Musharna|Protect\n|move|p2a: Hercules|Protect|p2a: Hercules\n|-singleturn|p2a: Hercules|Protect\n|move|p1b: Politoed|Muddy Water|p2b: Ares|[spread] \n|-activate|p2a: Hercules|move: Protect\n|-miss|p1b: Politoed|p2b: Ares\n|move|p2b: Ares|Heat Wave|p1a: Musharna|[spread] p1b\n|-activate|p1a: Musharna|move: Protect\n|-resisted|p1b: Politoed|1\n|-damage|p1b: Politoed|0 fnt\n|faint|p1b: Politoed\n|\n|-weather|SunnyDay|[upkeep]\n|upkeep\n|\n|t:|1788369712\n|switch|p1b: Staraptor|Staraptor, L50, M|100/100\n|-ability|p1b: Staraptor|Intimidate|boost\n|-unboost|p2a: Hercules|atk|1\n|-unboost|p2b: Ares|atk|1\n|turn|4\n|\n|t:|1788369741\n|switch|p2a: Zeus|Raichu, L50, F|100/100\n|move|p1a: Musharna|Psychic|p2b: Ares\n|-damage|p2b: Ares|43/100\n|move|p2b: Ares|Heat Wave|p1b: Staraptor|[spread] p1a,p1b\n|-damage|p1a: Musharna|0 fnt\n|-damage|p1b: Staraptor|1/100\n|faint|p1a: Musharna\n|move|p1b: Staraptor|Close Combat|p2a: Zeus\n|-damage|p2a: Zeus|13/100\n|-unboost|p1b: Staraptor|def|1\n|-unboost|p1b: Staraptor|spd|1\n|\n|-weather|SunnyDay|[upkeep]\n|upkeep\n|turn|5\n|\n|t:|1788369758\n|move|p2a: Zeus|Fake Out|p1b: Staraptor\n|-damage|p1b: Staraptor|0 fnt\n|faint|p1b: Staraptor\n|\n|win|jorgearucas\n","uploadtime":1788369764,"views":"6","formatid":"gen9championsvgc2026regmb","rating":null,"private":0,"password":null}