{"id":"gen9championsvgc2026regmb-2674336282","format":"[Gen 9 Champions] VGC 2026 Reg M-B","players":["GPHyoma","lslukeren"],"log":"|j|☆GPHyoma\n|j|☆lslukeren\n|t:|1788343795\n|gametype|doubles\n|player|p1|GPHyoma|pryce|1180\n|player|p2|lslukeren|101|1109\n|gen|9\n|tier|[Gen 9 Champions] VGC 2026 Reg M-B\n|rated|\n|rule|Species Clause: Limit one of each Pokémon\n|rule|Item Clause: Limit 1 of each item\n|clearpoke\n|poke|p1|Kingambit, L50, F|\n|poke|p1|Jolteon, L50, F|\n|poke|p1|Froslass, L50, F|\n|poke|p1|Rotom-Frost, L50|\n|poke|p1|Sneasler, L50, M, shiny|\n|poke|p1|Milotic, L50, F|\n|poke|p2|Dragonite, L50, F|\n|poke|p2|Espeon, L50, F|\n|poke|p2|Farigiraf, L50, F|\n|poke|p2|Sneasler, L50, M|\n|poke|p2|Sylveon, L50, M|\n|poke|p2|Scovillain, L50, F|\n|teampreview|4\n|\n|t:|1788343828\n|teamsize|p1|4\n|teamsize|p2|4\n|start\n|switch|p1a: Electrotherapy|Jolteon, L50, F|100/100\n|switch|p1b: Cryotherapy|Froslass, L50, F|100/100\n|switch|p2a: Dragonite|Dragonite, L50, F|100/100\n|switch|p2b: Espeon|Espeon, L50, F|100/100\n|turn|1\n|\n|t:|1788343846\n|detailschange|p1b: Cryotherapy|Froslass-Mega, L50, F\n|-mega|p1b: Cryotherapy|Froslass|Froslassite\n|-weather|Snowscape|[from] ability: Snow Warning|[of] p1b: Cryotherapy\n|detailschange|p2a: Dragonite|Dragonite-Mega, L50, F\n|-mega|p2a: Dragonite|Dragonite|Dragoninite\n|move|p2a: Dragonite|Protect|p2a: Dragonite\n|-singleturn|p2a: Dragonite|Protect\n|move|p1a: Electrotherapy|Electroweb|p2a: Dragonite|[spread] p2b\n|-activate|p2a: Dragonite|move: Protect\n|-damage|p2b: Espeon|74/100\n|-unboost|p2b: Espeon|spe|1\n|move|p1b: Cryotherapy|Blizzard|p2a: Dragonite|[spread] p2b\n|-activate|p2a: Dragonite|move: Protect\n|-damage|p2b: Espeon|11/100\n|move|p2b: Espeon|Light Screen|p2b: Espeon\n|-sidestart|p2: lslukeren|move: Light Screen\n|\n|-weather|Snowscape|[upkeep]\n|upkeep\n|turn|2\n|\n|t:|1788343899\n|switch|p2a: Farigiraf|Farigiraf, L50, F|100/100\n|move|p1b: Cryotherapy|Protect|p1b: Cryotherapy\n|-singleturn|p1b: Cryotherapy|Protect\n|move|p1a: Electrotherapy|Electroweb|p2a: Farigiraf|[spread] p2a,p2b\n|-damage|p2a: Farigiraf|89/100\n|-damage|p2b: Espeon|0 fnt\n|-unboost|p2a: Farigiraf|spe|1\n|faint|p2b: Espeon\n|\n|-weather|Snowscape|[upkeep]\n|upkeep\n|\n|t:|1788343907\n|switch|p2b: Sneasler|Sneasler, L50, M|100/100\n|turn|3\n|\n|t:|1788343923\n|move|p1a: Electrotherapy|Thunderbolt|p2a: Farigiraf\n|-damage|p2a: Farigiraf|65/100\n|-status|p2a: Farigiraf|par\n|move|p2b: Sneasler|Rock Slide|p1a: Electrotherapy|[spread] p1a,p1b\n|-supereffective|p1b: Cryotherapy|1\n|-damage|p1a: Electrotherapy|65/100\n|-damage|p1b: Cryotherapy|55/100\n|move|p1b: Cryotherapy|Psychic|p2b: Sneasler\n|-supereffective|p2b: Sneasler|2\n|-damage|p2b: Sneasler|0 fnt\n|faint|p2b: Sneasler\n|move|p2a: Farigiraf|Trick Room|p2a: Farigiraf\n|-fieldstart|move: Trick Room|[of] p2a: Farigiraf\n|\n|-weather|Snowscape|[upkeep]\n|upkeep\n|\n|t:|1788343934\n|switch|p2b: Dragonite|Dragonite-Mega, L50, F|100/100\n|turn|4\n|\n|t:|1788343944\n|move|p1b: Cryotherapy|Protect|p1b: Cryotherapy\n|-singleturn|p1b: Cryotherapy|Protect\n|move|p2a: Farigiraf|Psychic|p1a: Electrotherapy\n|-damage|p1a: Electrotherapy|23/100\n|move|p2b: Dragonite|Heat Wave|p1b: Cryotherapy|[spread] p1a\n|-activate|p1b: Cryotherapy|move: Protect\n|-damage|p1a: Electrotherapy|0 fnt\n|faint|p1a: Electrotherapy\n|\n|-weather|Snowscape|[upkeep]\n|upkeep\n|\n|t:|1788343962\n|switch|p1a: Debridement|Kingambit, L50, F|100/100\n|turn|5\n|\n|t:|1788343972\n|switch|p1b: Analgesics|Milotic, L50, F|100/100\n|move|p2a: Farigiraf|Thunderbolt|p1a: Debridement\n|-crit|p1a: Debridement\n|-damage|p1a: Debridement|70/100\n|move|p1a: Debridement|Kowtow Cleave|p2a: Farigiraf\n|-supereffective|p2a: Farigiraf|1\n|-damage|p2a: Farigiraf|0 fnt\n|faint|p2a: Farigiraf\n|move|p2b: Dragonite|Heat Wave|p1b: Analgesics|[spread] p1a,p1b\n|-supereffective|p1a: Debridement|1\n|-resisted|p1b: Analgesics|1\n|-damage|p1a: Debridement|14/100\n|-damage|p1b: Analgesics|90/100\n|\n|-weather|none\n|-heal|p1b: Analgesics|96/100|[from] item: Leftovers\n|-sideend|p2: lslukeren|move: Light Screen\n|upkeep\n|turn|6\n|\n|t:|1788344000\n|move|p2b: Dragonite|Protect|p2b: Dragonite\n|-singleturn|p2b: Dragonite|Protect\n|move|p1a: Debridement|Iron Head|p2b: Dragonite\n|-activate|p2b: Dragonite|move: Protect\n|move|p1b: Analgesics|Icy Wind|p2b: Dragonite\n|-activate|p2b: Dragonite|move: Protect\n|\n|-heal|p1b: Analgesics|100/100|[from] item: Leftovers\n|upkeep\n|turn|7\n|\n|t:|1788344018\n|move|p1a: Debridement|Iron Head|p2b: Dragonite\n|-damage|p2b: Dragonite|79/100\n|move|p1b: Analgesics|Icy Wind|p2b: Dragonite\n|-supereffective|p2b: Dragonite|2\n|-damage|p2b: Dragonite|32/100\n|-unboost|p2b: Dragonite|spe|1\n|move|p2b: Dragonite|Thunderbolt|p1b: Analgesics\n|-supereffective|p1b: Analgesics|1\n|-damage|p1b: Analgesics|46/100\n|\n|-heal|p1b: Analgesics|53/100|[from] item: Leftovers\n|-fieldend|move: Trick Room\n|upkeep\n|turn|8\n|\n|t:|1788344028\n|move|p1a: Debridement|Sucker Punch|p2b: Dragonite\n|-damage|p2b: Dragonite|0 fnt\n|faint|p2b: Dragonite\n|\n|win|GPHyoma\n|raw|GPHyoma's rating: 1180 &rarr; <strong>1200</strong><br />(+20 for winning)\n|raw|lslukeren's rating: 1109 &rarr; <strong>1089</strong><br />(-20 for losing)\n|l|☆lslukeren\n|player|p2|\n","uploadtime":1788344030,"views":"1","formatid":"gen9championsvgc2026regmb","rating":1089,"private":0,"password":null}