{"id":"gen9championsvgc2026regmbbo3-2673392309","format":"[Gen 9 Champions] VGC 2026 Reg M-B (Bo3)","players":["redjaguar","bomabflat"],"log":"|j|☆redjaguar\n|j|☆bomabflat\n|html|<table width=\"100%\"><tr><td align=\"left\">redjaguar</td><td align=\"right\">bomabflat</tr><tr><td align=\"left\"><i class=\"fa fa-circle-o\"></i> <i class=\"fa fa-circle-o\"></i> </td><td align=\"right\"><i class=\"fa fa-circle-o\"></i> <i class=\"fa fa-circle-o\"></i> </tr></table>\n|uhtml|bestof|<h2><strong>Game 1</strong> of <a href=\"/game-bestof3-gen9championsvgc2026regmbbo3-2673392308\">a best-of-3</a></h2>\n|t:|1788192217\n|gametype|doubles\n|player|p1|redjaguar|gambler|1088\n|player|p2|bomabflat|1|1067\n|gen|9\n|tier|[Gen 9 Champions] VGC 2026 Reg M-B (Bo3)\n|rated|\n|rule|Species Clause: Limit one of each Pokémon\n|rule|Item Clause: Limit 1 of each item\n|clearpoke\n|poke|p1|Farigiraf, L50, M|\n|poke|p1|Aerodactyl, L50, M|\n|poke|p1|Gardevoir, L50, F|\n|poke|p1|Basculegion, L50, M|\n|poke|p1|Infernape, L50, M|\n|poke|p1|Garchomp, L50, M|\n|poke|p2|Mawile, L50, F|\n|poke|p2|Spiritomb, L50, F|\n|poke|p2|Musharna, L50, M|\n|poke|p2|Farigiraf, L50, M|\n|poke|p2|Torkoal, L50, F|\n|poke|p2|Drampa, L50, F|\n|teampreview|4\n|showteam|p1|Farigiraf||SitrusBerry|ArmorTail|Psychic,Thunderbolt,Protect,HelpingHand|Bold||M|||50|]Aerodactyl||FocusSash|Unnerve|Tailwind,RockSlide,WideGuard,Protect|Jolly||M|||50|]Gardevoir||Gardevoirite|Telepathy|HyperVoice,Psychic,CalmMind,Protect|Timid||F|||50|]Basculegion||MysticWater|Adaptability|AquaJet,LastRespects,WaveCrash,Protect|Adamant||M|||50|]Infernape||WhiteHerb|IronFist|CloseCombat,Feint,FakeOut,StoneEdge|Jolly||M|||50|]Garchomp||LifeOrb|RoughSkin|Earthquake,RockSlide,DragonClaw,Protect|Jolly||M|||50|\n|showteam|p2|Mawile||Mawilite|HyperCutter|PlayRough,IronHead,ThunderPunch,Protect|Brave||F|||50|]Spiritomb||BrightPowder|Pressure|DestinyBond,TrickRoom,Protect,FoulPlay|Relaxed||F|||50|]Musharna||SitrusBerry|Synchronize|HelpingHand,Psychic,Protect,TrickRoom|Relaxed||M|||50|]Farigiraf||ColburBerry|ArmorTail|HyperVoice,TrickRoom,Protect,Psychic|Quiet||M|||50|]Torkoal||Charcoal|Drought|Eruption,SolarBeam,EarthPower,Protect|Quiet||F|||50|]Drampa||WideLens|CloudNine|HydroPump,DragonPulse,FocusBlast,Protect|Quiet||F|||50|\n|\n|t:|1788192274\n|teamsize|p1|4\n|teamsize|p2|4\n|start\n|switch|p1a: Garchomp|Garchomp, L50, M|100/100\n|switch|p1b: Gardevoir|Gardevoir, L50, F|100/100\n|switch|p2a: Musharna|Musharna, L50, M|100/100\n|switch|p2b: Torkoal|Torkoal, L50, F|100/100\n|-weather|SunnyDay|[from] ability: Drought|[of] p2b: Torkoal\n|turn|1\n|\n|t:|1788192297\n|move|p2b: Torkoal|Protect|p2b: Torkoal\n|-singleturn|p2b: Torkoal|Protect\n|move|p1a: Garchomp|Earthquake|p2a: Musharna|[spread] p2a\n|-activate|p2b: Torkoal|move: Protect\n|-activate|p1b: Gardevoir|ability: Telepathy\n|-damage|p2a: Musharna|59/100\n|-damage|p1a: Garchomp|90/100|[from] item: Life Orb\n|move|p1b: Gardevoir|Calm Mind|p1b: Gardevoir\n|-boost|p1b: Gardevoir|spa|1\n|-boost|p1b: Gardevoir|spd|1\n|move|p2a: Musharna|Trick Room|p2a: Musharna\n|-fieldstart|move: Trick Room|[of] p2a: Musharna\n|\n|-weather|SunnyDay|[upkeep]\n|upkeep\n|turn|2\n|\n|t:|1788192324\n|move|p2a: Musharna|Helping Hand|p2b: Torkoal\n|-singleturn|p2b: Torkoal|Helping Hand|[of] p2a: Musharna\n|move|p2b: Torkoal|Eruption|p1a: Garchomp|[spread] p1a,p1b\n|-resisted|p1a: Garchomp|1\n|-damage|p1a: Garchomp|16/100\n|-damage|p1b: Gardevoir|0 fnt\n|faint|p1b: Gardevoir\n|move|p1a: Garchomp|Earthquake|p2b: Torkoal|[spread] p2a,p2b\n|-supereffective|p2b: Torkoal|1\n|-damage|p2a: Musharna|24/100\n|-damage|p2b: Torkoal|20/100y\n|-enditem|p2a: Musharna|Sitrus Berry|[eat]\n|-heal|p2a: Musharna|49/100|[from] item: Sitrus Berry\n|-damage|p1a: Garchomp|7/100|[from] item: Life Orb\n|\n|-weather|SunnyDay|[upkeep]\n|upkeep\n|\n|t:|1788192339\n|switch|p1b: Basculegion|Basculegion, L50, M|100/100\n|turn|3\n|\n|t:|1788192355\n|move|p2b: Torkoal|Protect|p2b: Torkoal\n|-singleturn|p2b: Torkoal|Protect\n|move|p1b: Basculegion|Aqua Jet|p2b: Torkoal\n|-activate|p2b: Torkoal|move: Protect\n|move|p2a: Musharna|Psychic|p1b: Basculegion\n|-damage|p1b: Basculegion|69/100\n|move|p1a: Garchomp|Dragon Claw|p2a: Musharna\n|-damage|p2a: Musharna|10/100\n|-damage|p1a: Garchomp|0 fnt|[from] item: Life Orb\n|faint|p1a: Garchomp\n|\n|-weather|SunnyDay|[upkeep]\n|upkeep\n|\n|t:|1788192367\n|switch|p1a: Farigiraf|Farigiraf, L50, M|100/100\n|turn|4\n|\n|t:|1788192390\n|move|p2a: Musharna|Protect|p2a: Musharna\n|-singleturn|p2a: Musharna|Protect\n|move|p1b: Basculegion|Aqua Jet|p2b: Torkoal\n|-supereffective|p2b: Torkoal|1\n|-damage|p2b: Torkoal|0 fnt\n|faint|p2b: Torkoal\n|move|p1a: Farigiraf|Thunderbolt|p2a: Musharna\n|-activate|p2a: Musharna|move: Protect\n|\n|-weather|SunnyDay|[upkeep]\n|upkeep\n|\n|t:|1788192407\n|switch|p2b: Spiritomb|Spiritomb, L50, F|100/100\n|-ability|p2b: Spiritomb|Pressure\n|turn|5\n|\n|t:|1788192425\n|move|p1b: Basculegion|Protect|p1b: Basculegion\n|-singleturn|p1b: Basculegion|Protect\n|move|p2a: Musharna|Psychic|p1b: Basculegion\n|-activate|p1b: Basculegion|move: Protect\n|move|p2b: Spiritomb|Destiny Bond|p2b: Spiritomb\n|-singlemove|p2b: Spiritomb|Destiny Bond\n|move|p1a: Farigiraf|Thunderbolt|p2a: Musharna\n|-damage|p2a: Musharna|0 fnt\n|faint|p2a: Musharna\n|\n|-weather|none\n|-fieldend|move: Trick Room\n|upkeep\n|\n|t:|1788192436\n|switch|p2a: Mawile|Mawile, L50, F|100/100\n|turn|6\n|\n|t:|1788192457\n|detailschange|p2a: Mawile|Mawile-Mega, L50, F\n|-mega|p2a: Mawile|Mawile|Mawilite\n|move|p1a: Farigiraf|Helping Hand|p1b: Basculegion\n|-singleturn|p1b: Basculegion|Helping Hand|[of] p1a: Farigiraf\n|move|p2a: Mawile|Protect|p2a: Mawile\n|-singleturn|p2a: Mawile|Protect\n|move|p1b: Basculegion|Last Respects|p2a: Mawile\n|-activate|p2a: Mawile|move: Protect\n|move|p2b: Spiritomb|Trick Room|p2b: Spiritomb\n|-fieldstart|move: Trick Room|[of] p2b: Spiritomb\n|\n|upkeep\n|turn|7\n|\n|t:|1788192487\n|move|p1a: Farigiraf|Helping Hand|p1b: Basculegion\n|-singleturn|p1b: Basculegion|Helping Hand|[of] p1a: Farigiraf\n|move|p1b: Basculegion|Aqua Jet|p2a: Mawile\n|-damage|p2a: Mawile|54/100\n|move|p2b: Spiritomb|Foul Play|p1a: Farigiraf\n|-supereffective|p1a: Farigiraf|1\n|-damage|p1a: Farigiraf|55/100\n|move|p2a: Mawile|Thunder Punch|p1b: Basculegion\n|-supereffective|p1b: Basculegion|1\n|-damage|p1b: Basculegion|0 fnt\n|faint|p1b: Basculegion\n|\n|upkeep\n|turn|8\n|\n|t:|1788192503\n|move|p2b: Spiritomb|Foul Play|p1a: Farigiraf\n|-supereffective|p1a: Farigiraf|1\n|-damage|p1a: Farigiraf|12/100\n|-enditem|p1a: Farigiraf|Sitrus Berry|[eat]\n|-heal|p1a: Farigiraf|37/100|[from] item: Sitrus Berry\n|move|p2a: Mawile|Play Rough|p1a: Farigiraf\n|-damage|p1a: Farigiraf|0 fnt\n|faint|p1a: Farigiraf\n|\n|win|bomabflat\n||bomabflat is ready for game 2.\n||redjaguar is ready for game 2.\n|uhtml|next|Next: <a href=\"/battle-gen9championsvgc2026regmbbo3-2673394585\"><strong>Game 2 of 3</strong></a>\n","uploadtime":1788192784,"views":"0","formatid":"gen9championsvgc2026regmbbo3","rating":null,"private":0,"password":null}