{"id":"gen9championsvgc2026regmb-2674278123","format":"[Gen 9 Champions] VGC 2026 Reg M-B","players":["ammar129","ShadowBocchi"],"log":"|j|☆ammar129\n|j|☆ShadowBocchi\n|t:|1788329910\n|gametype|doubles\n|player|p1|ammar129|102|1341\n|player|p2|ShadowBocchi|acetrainerf|1247\n|gen|9\n|tier|[Gen 9 Champions] VGC 2026 Reg M-B\n|rated|\n|rule|Species Clause: Limit one of each Pokémon\n|rule|Item Clause: Limit 1 of each item\n|clearpoke\n|poke|p1|Basculegion, L50, M|\n|poke|p1|Kingambit, L50, F|\n|poke|p1|Ceruledge, L50, M|\n|poke|p1|Ninetales-Alola, L50, F|\n|poke|p1|Lopunny, L50, M|\n|poke|p1|Farigiraf, L50, F|\n|poke|p2|Blaziken, L50, M|\n|poke|p2|Dragonite, L50, M|\n|poke|p2|Froslass, L50, F|\n|poke|p2|Sneasler, L50, M|\n|poke|p2|Toxapex, L50, M|\n|poke|p2|Kingambit, L50, M|\n|teampreview|4\n|inactive|Battle timer is ON: inactive players will automatically lose when time's up. (requested by ammar129)\n|\n|t:|1788329963\n|teamsize|p1|4\n|teamsize|p2|4\n|start\n|switch|p1a: Lopunny|Lopunny, L50, M|100/100\n|switch|p1b: Ceruledge|Ceruledge, L50, M|100/100\n|switch|p2a: Blaziken|Blaziken, L50, M|100/100\n|switch|p2b: Sneasler|Sneasler, L50, M|100/100\n|turn|1\n|inactive|ShadowBocchi has 30 seconds left.\n|inactive|ShadowBocchi has 20 seconds left.\n|\n|t:|1788330002\n|detailschange|p1a: Lopunny|Lopunny-Mega, L50, M\n|-mega|p1a: Lopunny|Lopunny|Lopunnite\n|detailschange|p2a: Blaziken|Blaziken-Mega, L50, M\n|-mega|p2a: Blaziken|Blaziken|Blazikenite\n|move|p2a: Blaziken|Detect|p2a: Blaziken\n|-singleturn|p2a: Blaziken|Protect\n|move|p1a: Lopunny|Fake Out|p2b: Sneasler\n|-damage|p2b: Sneasler|60/100\n|cant|p2b: Sneasler|flinch\n|move|p1b: Ceruledge|Poltergeist|p2a: Blaziken\n|-activate|p2a: Blaziken|move: Protect\n|\n|-ability|p2a: Blaziken|Speed Boost|boost\n|-boost|p2a: Blaziken|spe|1\n|upkeep\n|turn|2\n|inactive|ammar129 has 30 seconds left.\n|\n|t:|1788330030\n|move|p2a: Blaziken|Rock Slide|p1a: Lopunny|[spread] p1a,p1b\n|-resisted|p1a: Lopunny|1\n|-supereffective|p1b: Ceruledge|1\n|-damage|p1a: Lopunny|82/100\n|-damage|p1b: Ceruledge|28/100\n|cant|p1a: Lopunny|flinch\n|move|p2b: Sneasler|Close Combat|p1a: Lopunny\n|-supereffective|p1a: Lopunny|1\n|-damage|p1a: Lopunny|0 fnt\n|-unboost|p2b: Sneasler|def|1\n|-unboost|p2b: Sneasler|spd|1\n|faint|p1a: Lopunny\n|cant|p1b: Ceruledge|flinch\n|\n|-ability|p2a: Blaziken|Speed Boost|boost\n|-boost|p2a: Blaziken|spe|1\n|upkeep\n|\n|t:|1788330047\n|switch|p1a: Kingambit|Kingambit, L50, F|100/100\n|turn|3\n|inactive|ShadowBocchi has 30 seconds left.\n|\n|t:|1788330080\n|move|p2b: Sneasler|Protect|p2b: Sneasler\n|-singleturn|p2b: Sneasler|Protect\n|move|p1a: Kingambit|Protect|p1a: Kingambit\n|-singleturn|p1a: Kingambit|Protect\n|move|p1b: Ceruledge|Shadow Sneak|p2b: Sneasler\n|-activate|p2b: Sneasler|move: Protect\n|move|p2a: Blaziken|Rock Slide|p1a: Kingambit|[spread] p1b\n|-activate|p1a: Kingambit|move: Protect\n|-supereffective|p1b: Ceruledge|1\n|-crit|p1b: Ceruledge\n|-damage|p1b: Ceruledge|0 fnt\n|faint|p1b: Ceruledge\n|\n|-ability|p2a: Blaziken|Speed Boost|boost\n|-boost|p2a: Blaziken|spe|1\n|upkeep\n|\n|t:|1788330086\n|switch|p1b: Ninetales|Ninetales-Alola, L50, F|100/100\n|-weather|Snowscape|[from] ability: Snow Warning|[of] p1b: Ninetales\n|turn|4\n|\n|t:|1788330108\n|move|p1a: Kingambit|Sucker Punch|p2b: Sneasler\n|-resisted|p2b: Sneasler|1\n|-damage|p2b: Sneasler|6/100\n|move|p2a: Blaziken|Flare Blitz|p1b: Ninetales\n|-supereffective|p1b: Ninetales|1\n|-damage|p1b: Ninetales|0 fnt\n|faint|p1b: Ninetales\n|-damage|p2a: Blaziken|70/100|[from] Recoil\n|move|p2b: Sneasler|Close Combat|p1a: Kingambit\n|-supereffective|p1a: Kingambit|2\n|-enditem|p1a: Kingambit|Chople Berry|[eat]\n|-enditem|p1a: Kingambit|Chople Berry|[weaken]\n|-damage|p1a: Kingambit|3/100\n|-unboost|p2b: Sneasler|def|1\n|-unboost|p2b: Sneasler|spd|1\n|\n|-weather|Snowscape|[upkeep]\n|-ability|p2a: Blaziken|Speed Boost|boost\n|-boost|p2a: Blaziken|spe|1\n|upkeep\n|turn|5\n|\n|t:|1788330128\n|move|p1a: Kingambit|Sucker Punch|p2a: Blaziken\n|-resisted|p2a: Blaziken|1\n|-damage|p2a: Blaziken|43/100\n|move|p2a: Blaziken|Close Combat|p1a: Kingambit\n|-supereffective|p1a: Kingambit|2\n|-damage|p1a: Kingambit|0 fnt\n|-unboost|p2a: Blaziken|def|1\n|-unboost|p2a: Blaziken|spd|1\n|faint|p1a: Kingambit\n|\n|win|ShadowBocchi\n|raw|ammar129's rating: 1341 &rarr; <strong>1316</strong><br />(-25 for losing)\n|raw|ShadowBocchi's rating: 1247 &rarr; <strong>1279</strong><br />(+32 for winning)\n|l|☆ammar129\n|player|p1|\n","uploadtime":1788330143,"views":"5","formatid":"gen9championsvgc2026regmb","rating":1279,"private":0,"password":null}