{"id":"gen9championsvgc2026regmb-2674606908","format":"[Gen 9 Champions] VGC 2026 Reg M-B","players":["marco3843","drake78976"],"log":"|j|☆marco3843\n|j|☆drake78976\n|t:|1788379544\n|gametype|doubles\n|player|p1|marco3843|red|1277\n|player|p2|drake78976|2|1194\n|gen|9\n|tier|[Gen 9 Champions] VGC 2026 Reg M-B\n|rated|\n|rule|Species Clause: Limit one of each Pokémon\n|rule|Item Clause: Limit 1 of each item\n|clearpoke\n|poke|p1|Arcanine-Hisui, L50, M, shiny|\n|poke|p1|Staraptor, L50, M, shiny|\n|poke|p1|Raichu, L50, M, shiny|\n|poke|p1|Sylveon, L50, M, shiny|\n|poke|p1|Farigiraf, L50, M, shiny|\n|poke|p1|Kingambit, L50, M, shiny|\n|poke|p2|Kommo-o, L50, F|\n|poke|p2|Gholdengo, L50|\n|poke|p2|Milotic, L50, M|\n|poke|p2|Incineroar, L50, F|\n|poke|p2|Gengar, L50, M|\n|poke|p2|Staraptor, L50, M|\n|teampreview|4\n|inactive|Battle timer is ON: inactive players will automatically lose when time's up. (requested by drake78976)\n|\n|t:|1788379605\n|teamsize|p1|4\n|teamsize|p2|4\n|start\n|switch|p1a: Kingambit|Kingambit, L50, M, shiny|100/100\n|switch|p1b: Staraptor|Staraptor, L50, M, shiny|100/100\n|switch|p2a: Milotic|Milotic, L50, M|100/100\n|switch|p2b: Gengar|Gengar, L50, M|100/100\n|-ability|p1b: Staraptor|Intimidate|boost\n|-unboost|p2a: Milotic|atk|1\n|-ability|p2a: Milotic|Competitive|boost\n|-boost|p2a: Milotic|spa|2\n|-unboost|p2b: Gengar|atk|1\n|turn|1\n|\n|t:|1788379636\n|switch|p1b: Raichu|Raichu, L50, M, shiny|100/100\n|detailschange|p2b: Gengar|Gengar-Mega, L50, M\n|-mega|p2b: Gengar|Gengar|Gengarite\n|move|p2b: Gengar|Protect|p2b: Gengar\n|-singleturn|p2b: Gengar|Protect\n|move|p2a: Milotic|Coil|p2a: Milotic\n|-boost|p2a: Milotic|atk|1\n|-boost|p2a: Milotic|def|1\n|-boost|p2a: Milotic|accuracy|1\n|move|p1a: Kingambit|Kowtow Cleave|p2b: Gengar\n|-activate|p2b: Gengar|move: Protect\n|\n|upkeep\n|turn|2\n|inactive|marco3843 has 30 seconds left.\n|\n|t:|1788379666\n|switch|p2b: Kommo-o|Kommo-o, L50, F|100/100\n|move|p1b: Raichu|Zap Cannon|p2a: Milotic|[miss]\n|-miss|p1b: Raichu|p2a: Milotic\n|move|p2a: Milotic|Muddy Water|p1b: Raichu|[spread] p1a,p1b\n|-damage|p1a: Kingambit|52/100\n|-damage|p1b: Raichu|42/100\n|-unboost|p1b: Raichu|accuracy|1\n|move|p1a: Kingambit|Kowtow Cleave|p2b: Kommo-o\n|-resisted|p2b: Kommo-o|1\n|-crit|p2b: Kommo-o\n|-damage|p2b: Kommo-o|55/100\n|-damage|p1a: Kingambit|42/100|[from] item: Life Orb\n|\n|upkeep\n|turn|3\n|\n|t:|1788379690\n|move|p1a: Kingambit|Sucker Punch|p2b: Kommo-o\n|-resisted|p2b: Kommo-o|1\n|-damage|p2b: Kommo-o|30/100\n|-damage|p1a: Kingambit|32/100|[from] item: Life Orb\n|move|p1b: Raichu|Zap Cannon|p2a: Milotic\n|-supereffective|p2a: Milotic|1\n|-damage|p2a: Milotic|43/100\n|-status|p2a: Milotic|par\n|move|p2b: Kommo-o|Aura Sphere|p1a: Kingambit\n|-supereffective|p1a: Kingambit|2\n|-damage|p1a: Kingambit|0 fnt\n|faint|p1a: Kingambit\n|move|p2a: Milotic|Dragon Cheer|p2b: Kommo-o\n|-start|p2b: Kommo-o|move: Dragon Cheer\n|\n|-heal|p2a: Milotic|49/100 par|[from] item: Leftovers\n|upkeep\n|c|☆drake78976|wow\n|\n|t:|1788379709\n|switch|p1a: Staraptor|Staraptor, L50, M, shiny|100/100\n|-ability|p1a: Staraptor|Intimidate|boost\n|-unboost|p2a: Milotic|atk|1\n|-ability|p2a: Milotic|Competitive|boost\n|-boost|p2a: Milotic|spa|2\n|-unboost|p2b: Kommo-o|atk|1\n|turn|4\n|inactive|marco3843 has 30 seconds left.\n|inactive|marco3843 has 20 seconds left.\n|inactive|marco3843 has 15 seconds left.\n|\n|t:|1788379753\n|detailschange|p1a: Staraptor|Staraptor-Mega, L50, M, shiny\n|-mega|p1a: Staraptor|Staraptor|Staraptite\n|move|p1a: Staraptor|Close Combat|p2a: Milotic\n|-damage|p2a: Milotic|10/100 par\n|-boost|p1a: Staraptor|def|1\n|-boost|p1a: Staraptor|spd|1\n|move|p1b: Raichu|Focus Blast|p2b: Kommo-o\n|-immune|p2b: Kommo-o|[from] ability: Bulletproof\n|move|p2b: Kommo-o|Clanging Scales|p1b: Raichu|[spread] p1a,p1b\n|-crit|p1a: Staraptor\n|-crit|p1b: Raichu\n|-damage|p1a: Staraptor|31/100\n|-damage|p1b: Raichu|0 fnt\n|faint|p1b: Raichu\n|-unboost|p2b: Kommo-o|def|1\n|move|p2a: Milotic|Muddy Water|p1a: Staraptor\n|-damage|p1a: Staraptor|0 fnt\n|faint|p1a: Staraptor\n|\n|-heal|p2a: Milotic|16/100 par|[from] item: Leftovers\n|upkeep\n|inactive|marco3843 has 30 seconds left.\n|\n|t:|1788379782\n|switch|p1b: Arcanine|Arcanine-Hisui, L50, M, shiny|100/100\n|turn|5\n|\n|t:|1788379789\n|move|p1b: Arcanine|Extreme Speed|p2a: Milotic\n|-damage|p2a: Milotic|0 fnt\n|faint|p2a: Milotic\n|move|p2b: Kommo-o|Aura Sphere|p1b: Arcanine\n|-supereffective|p1b: Arcanine|1\n|-crit|p1b: Arcanine\n|-enditem|p1b: Arcanine|Focus Sash\n|-damage|p1b: Arcanine|1/100\n|\n|upkeep\n|\n|t:|1788379799\n|switch|p2a: Gengar|Gengar-Mega, L50, M|100/100\n|turn|6\n|\n|t:|1788379806\n|move|p2a: Gengar|Shadow Ball|p1b: Arcanine\n|-damage|p1b: Arcanine|0 fnt\n|faint|p1b: Arcanine\n|\n|win|drake78976\n|raw|marco3843's rating: 1277 &rarr; <strong>1246</strong><br />(-31 for losing)\n|raw|drake78976's rating: 1194 &rarr; <strong>1225</strong><br />(+31 for winning)\n|l|☆marco3843\n|player|p1|\n","uploadtime":1788379812,"views":"6","formatid":"gen9championsvgc2026regmb","rating":1225,"private":0,"password":null}