{"id":"gen9championsvgc2026regmb-2674535841","format":"[Gen 9 Champions] VGC 2026 Reg M-B","players":["toobionest","skoomanus"],"log":"|j|☆toobionest\n|j|☆skoomanus\n|html|<table width=\"100%\"><tr><td align=\"left\">toobionest</td><td align=\"right\">skoomanus</tr><tr><td align=\"left\"><i class=\"fa fa-circle-o\"></i> <i class=\"fa fa-circle-o\"></i> </td><td align=\"right\"><i class=\"fa fa-circle-o\"></i> <i class=\"fa fa-circle-o\"></i> </tr></table>\n|uhtml|bestof|<h2><strong>Game 1</strong> of <a href=\"/game-bestof3-gen9championsvgc2026regmb-2674535840\">a best-of-3</a></h2>\n|t:|1788371245\n|gametype|doubles\n|player|p1|toobionest|brycenman|\n|player|p2|skoomanus|169|\n|gen|9\n|tier|[Gen 9 Champions] VGC 2026 Reg M-B\n|rule|Species Clause: Limit one of each Pokémon\n|rule|Item Clause: Limit 1 of each item\n|raw|<div class=\"infobox\"><details class=\"readmore\" open><summary><strong>1 custom rule:</strong></summary> Best of = 3</details></div>\n|clearpoke\n|poke|p1|Araquanid, L50, M|\n|poke|p1|Politoed, L50, M|\n|poke|p1|Vaporeon, L50, M|\n|poke|p1|Scovillain, L50, M|\n|poke|p1|Dragalge, L50, F|\n|poke|p1|Hydreigon, L50, M|\n|poke|p2|Pelipper, L50, F|\n|poke|p2|Swampert, L50, F|\n|poke|p2|Archaludon, L50, M|\n|poke|p2|Kingambit, L50, F|\n|poke|p2|Basculegion, L50, M|\n|poke|p2|Rotom-Wash, L50|\n|teampreview|4\nskoomanus rejected open team sheets.\n|\n|t:|1788371292\n|teamsize|p1|4\n|teamsize|p2|4\n|start\n|switch|p1a: Scovillain|Scovillain, L50, M|100/100\n|switch|p1b: Dragalge|Dragalge, L50, F|100/100\n|switch|p2a: Pelipper|Pelipper, L50, F|100/100\n|switch|p2b: Basculegion|Basculegion, L50, M|100/100\n|-weather|RainDance|[from] ability: Drizzle|[of] p2a: Pelipper\n|turn|1\n|\n|t:|1788371341\n|detailschange|p1a: Scovillain|Scovillain-Mega, L50, M\n|-mega|p1a: Scovillain|Scovillain|Scovillainite\n|move|p2b: Basculegion|Wave Crash|p1a: Scovillain\n|-damage|p1a: Scovillain|1/100\n|-status|p2b: Basculegion|brn|[from] ability: Spicy Spray|[of] p1a: Scovillain\n|-damage|p2b: Basculegion|71/100 brn|[from] Recoil\n|move|p1a: Scovillain|Energy Ball|p2b: Basculegion\n|-supereffective|p2b: Basculegion|1\n|-damage|p2b: Basculegion|0 fnt\n|faint|p2b: Basculegion\n|move|p2a: Pelipper|Hurricane|p1b: Dragalge\n|-damage|p1b: Dragalge|58/100\n|move|p1b: Dragalge|Thunderbolt|p2a: Pelipper\n|-supereffective|p2a: Pelipper|2\n|-enditem|p2a: Pelipper|Focus Sash\n|-damage|p2a: Pelipper|1/100\n|\n|-weather|RainDance|[upkeep]\n|upkeep\n|\n|t:|1788371368\n|switch|p2b: Swampert|Swampert, L50, F|100/100\n|turn|2\n|\n|t:|1788371391\n|detailschange|p2b: Swampert|Swampert-Mega, L50, F\n|-mega|p2b: Swampert|Swampert|Swampertite\n|move|p1a: Scovillain|Rage Powder|p1a: Scovillain\n|-singleturn|p1a: Scovillain|move: Rage Powder\n|move|p2b: Swampert|Earthquake|p1b: Dragalge|[spread] p1a,p1b\n|-immune|p2a: Pelipper\n|-supereffective|p1b: Dragalge|1\n|-damage|p1a: Scovillain|0 fnt\n|-damage|p1b: Dragalge|0 fnt\n|-status|p2b: Swampert|brn|[from] ability: Spicy Spray|[of] p1a: Scovillain\n|faint|p1a: Scovillain\n|faint|p1b: Dragalge\n|move|p2a: Pelipper|Tailwind|p2a: Pelipper\n|-sidestart|p2: skoomanus|move: Tailwind\n|\n|-weather|RainDance|[upkeep]\n|-damage|p2b: Swampert|93/100 brn|[from] brn\n|upkeep\n|\n|t:|1788371403\n|switch|p1a: Hydreigon|Hydreigon, L50, M|100/100\n|switch|p1b: Vaporeon|Vaporeon, L50, M|100/100\n|turn|3\n|c|☆skoomanus|makes no sense\n|c|☆skoomanus|how spicy spray does that to me\n|\n|t:|1788371466\n|move|p2a: Pelipper|Protect|p2a: Pelipper\n|-singleturn|p2a: Pelipper|Protect\n|move|p2b: Swampert|Brick Break|p1a: Hydreigon\n|-supereffective|p1a: Hydreigon|1\n|-damage|p1a: Hydreigon|65/100\n|move|p1a: Hydreigon|Dark Pulse|p2b: Swampert\n|-damage|p2b: Swampert|62/100 brn\n|move|p1b: Vaporeon|Icy Wind|p2a: Pelipper|[spread] p2b\n|-activate|p2a: Pelipper|move: Protect\n|-damage|p2b: Swampert|51/100 brn\n|-unboost|p2b: Swampert|spe|1\n|\n|-weather|RainDance|[upkeep]\n|-damage|p2b: Swampert|45/100 brn|[from] brn\n|upkeep\n|turn|4\n|c|☆toobionest|cause you attacked it\n|\n|t:|1788371536\n|move|p1a: Hydreigon|Dark Pulse|p2b: Swampert\n|-damage|p2b: Swampert|16/100 brn\n|move|p2b: Swampert|Brick Break|p1a: Hydreigon\n|-supereffective|p1a: Hydreigon|1\n|-damage|p1a: Hydreigon|26/100\n|move|p2a: Pelipper|Hurricane|p1a: Hydreigon\n|-damage|p1a: Hydreigon|0 fnt\n|faint|p1a: Hydreigon\n|move|p1b: Vaporeon|Icy Wind|p2b: Swampert|[spread] p2a,p2b\n|-damage|p2a: Pelipper|0 fnt\n|-damage|p2b: Swampert|5/100 brn\n|-unboost|p2b: Swampert|spe|1\n|faint|p2a: Pelipper\n|\n|-weather|RainDance|[upkeep]\n|-damage|p2b: Swampert|0 fnt|[from] brn\n|faint|p2b: Swampert\n|upkeep\n|\n|t:|1788371554\n|switch|p2a: Archaludon|Archaludon, L50, M|100/100\n|turn|5\n|\n|t:|1788371561\n|move|p2a: Archaludon|Electro Shot||[still]\n|-prepare|p2a: Archaludon|Electro Shot\n|-boost|p2a: Archaludon|spa|1\n|-anim|p2a: Archaludon|Electro Shot|p1b: Vaporeon\n|-supereffective|p1b: Vaporeon|1\n|-damage|p1b: Vaporeon|0 fnt\n|faint|p1b: Vaporeon\n|\n|win|skoomanus\n","uploadtime":1788371562,"views":"0","formatid":"gen9championsvgc2026regmb","rating":null,"private":0,"password":null}