{"id":"gen9championsvgc2026regmbbo3-2673712410","format":"[Gen 9 Champions] VGC 2026 Reg M-B (Bo3)","players":["dwjgbe","w0rms4f1ng3rs"],"log":"|j|☆dwjgbe\n|j|☆w0rms4f1ng3rs\n|html|<table width=\"100%\"><tr><td align=\"left\">dwjgbe</td><td align=\"right\">w0rms4f1ng3rs</tr><tr><td align=\"left\"><i class=\"fa fa-circle-o\"></i> <i class=\"fa fa-circle-o\"></i> </td><td align=\"right\"><i class=\"fa fa-circle-o\"></i> <i class=\"fa fa-circle-o\"></i> </tr></table>\n|uhtml|bestof|<h2><strong>Game 1</strong> of <a href=\"/game-bestof3-gen9championsvgc2026regmbbo3-2673712409\">a best-of-3</a></h2>\n|t:|1788238414\n|gametype|doubles\n|player|p1|dwjgbe|supernerd-gen1|1228\n|player|p2|w0rms4f1ng3rs|zinzolin|1186\n|gen|9\n|tier|[Gen 9 Champions] VGC 2026 Reg M-B (Bo3)\n|rated|\n|rule|Species Clause: Limit one of each Pokémon\n|rule|Item Clause: Limit 1 of each item\n|clearpoke\n|poke|p1|Politoed, L50, F, shiny|\n|poke|p1|Scovillain, L50, M|\n|poke|p1|Aerodactyl, L50, M|\n|poke|p1|Archaludon, L50, F|\n|poke|p1|Espathra, L50, F|\n|poke|p1|Sneasler, L50, M|\n|poke|p2|Charizard, L50, M, shiny|\n|poke|p2|Whimsicott, L50, M|\n|poke|p2|Kingambit, L50, F|\n|poke|p2|Basculegion, L50, M|\n|poke|p2|Garchomp, L50, F|\n|poke|p2|Floette-Eternal, L50, F|\n|teampreview|4\n|showteam|p1|Politoed||SitrusBerry|Drizzle|Protect,Encore,WeatherBall,IceBeam|Calm||F|||50|]Scovillain||Scovillainite|Moody|Protect,LeechSeed,RagePowder,Overheat|Calm||M|||50|]Aerodactyl||Aerodactylite|Unnerve|IceFang,DualWingbeat,RockSlide,Protect|Jolly||M|||50|]Archaludon||Leftovers|Stamina|Protect,ElectroShot,DragonPulse,FlashCannon|Modest||F|||50|]Espathra||ColburBerry|SpeedBoost|Protect,LuminaCrash,CalmMind,BatonPass|Timid||F|||50|]Sneasler||FocusSash|Unburden|Protect,FakeOut,DireClaw,CloseCombat|Adamant||M|||50|\n|showteam|p2|Charizard||CharizarditeY|Blaze|HeatWave,WeatherBall,SolarBeam,Protect|Modest||M|||50|]Whimsicott||FocusSash|Prankster|Moonblast,Encore,Tailwind,Protect|Timid||M|||50|]Kingambit||OccaBerry|Defiant|KowtowCleave,SuckerPunch,IronHead,LowKick|Adamant||F|||50|]Basculegion||MysticWater|Adaptability|WaveCrash,LastRespects,AquaJet,Protect|Adamant||M|||50|]Garchomp||LifeOrb|RoughSkin|Earthquake,DragonClaw,RockSlide,Protect|Jolly||F|||50|]Floette-Eternal||Floettite|FlowerVeil|Moonblast,DazzlingGleam,LightofRuin,Protect|Timid||F|||50|\n|\n|t:|1788238497\n|teamsize|p1|4\n|teamsize|p2|4\n|start\n|switch|p1a: Sneasler|Sneasler, L50, M|100/100\n|switch|p1b: Aerodactyl|Aerodactyl, L50, M|100/100\n|switch|p2a: Whimsicott|Whimsicott, L50, M|100/100\n|switch|p2b: Garchomp|Garchomp, L50, F|100/100\n|-ability|p1b: Aerodactyl|Unnerve\n|turn|1\n|\n|t:|1788238515\n|detailschange|p1b: Aerodactyl|Aerodactyl-Mega, L50, M\n|-mega|p1b: Aerodactyl|Aerodactyl|Aerodactylite\n|move|p2a: Whimsicott|Protect|p2a: Whimsicott\n|-singleturn|p2a: Whimsicott|Protect\n|move|p2b: Garchomp|Protect|p2b: Garchomp\n|-singleturn|p2b: Garchomp|Protect\n|move|p1a: Sneasler|Fake Out|p2a: Whimsicott\n|-activate|p2a: Whimsicott|move: Protect\n|move|p1b: Aerodactyl|Ice Fang|p2b: Garchomp\n|-activate|p2b: Garchomp|move: Protect\n|\n|upkeep\n|turn|2\n|\n|t:|1788238544\n|move|p2a: Whimsicott|Tailwind|p2a: Whimsicott\n|-sidestart|p2: w0rms4f1ng3rs|move: Tailwind\n|move|p2b: Garchomp|Rock Slide|p1b: Aerodactyl|[spread] p1a\n|-miss|p2b: Garchomp|p1b: Aerodactyl\n|-resisted|p1a: Sneasler|1\n|-damage|p1a: Sneasler|78/100\n|-damage|p2b: Garchomp|90/100|[from] item: Life Orb\n|move|p1b: Aerodactyl|Ice Fang|p2b: Garchomp\n|-supereffective|p2b: Garchomp|2\n|-damage|p2b: Garchomp|0 fnt\n|-damage|p1b: Aerodactyl|87/100|[from] ability: Rough Skin|[of] p2b: Garchomp\n|faint|p2b: Garchomp\n|cant|p1a: Sneasler|flinch\n|\n|upkeep\n|\n|t:|1788238560\n|switch|p2b: Basculegion|Basculegion, L50, M|100/100\n|turn|3\n|\n|t:|1788238592\n|switch|p1a: Archaludon|Archaludon, L50, F|100/100\n|move|p2a: Whimsicott|Moonblast|p1b: Aerodactyl\n|-damage|p1b: Aerodactyl|47/100\n|move|p2b: Basculegion|Wave Crash|p1a: Archaludon\n|-resisted|p1a: Archaludon|1\n|-damage|p1a: Archaludon|66/100\n|-ability|p1a: Archaludon|Stamina|boost\n|-boost|p1a: Archaludon|def|1\n|-damage|p2b: Basculegion|88/100|[from] Recoil\n|move|p1b: Aerodactyl|Dual Wingbeat|p2a: Whimsicott\n|-supereffective|p2a: Whimsicott|1\n|-damage|p2a: Whimsicott|21/100\n|-supereffective|p2a: Whimsicott|1\n|-damage|p2a: Whimsicott|0 fnt\n|faint|p2a: Whimsicott\n|-hitcount|p2: Whimsicott|2\n|\n|-heal|p1a: Archaludon|72/100|[from] item: Leftovers\n|upkeep\n|\n|t:|1788238600\n|switch|p2a: Charizard|Charizard, L50, M, shiny|100/100\n|turn|4\n|\n|t:|1788238617\n|switch|p1b: Sneasler|Sneasler, L50, M|78/100\n|detailschange|p2a: Charizard|Charizard-Mega-Y, L50, M, shiny\n|-mega|p2a: Charizard|Charizard|Charizardite Y\n|-weather|SunnyDay|[from] ability: Drought|[of] p2a: Charizard\n|move|p1a: Archaludon|Protect|p1a: Archaludon\n|-singleturn|p1a: Archaludon|Protect\n|move|p2b: Basculegion|Aqua Jet|p1b: Sneasler\n|-damage|p1b: Sneasler|51/100\n|move|p2a: Charizard|Heat Wave|p1b: Sneasler|[spread] p1b\n|-activate|p1a: Archaludon|move: Protect\n|-damage|p1b: Sneasler|0 fnt\n|faint|p1b: Sneasler\n|\n|-weather|SunnyDay|[upkeep]\n|-heal|p1a: Archaludon|78/100|[from] item: Leftovers\n|upkeep\n|\n|t:|1788238633\n|switch|p1b: Politoed|Politoed, L50, F, shiny|100/100\n|-weather|RainDance|[from] ability: Drizzle|[of] p1b: Politoed\n|turn|5\n|\n|t:|1788238650\n|move|p2a: Charizard|Weather Ball|p1a: Archaludon\n|-resisted|p1a: Archaludon|1\n|-damage|p1a: Archaludon|49/100\n|-ability|p1a: Archaludon|Stamina|boost\n|-boost|p1a: Archaludon|def|1\n|move|p2b: Basculegion|Last Respects|p1b: Politoed\n|-damage|p1b: Politoed|0 fnt\n|faint|p1b: Politoed\n|move|p1a: Archaludon|Electro Shot||[still]\n|-prepare|p1a: Archaludon|Electro Shot\n|-boost|p1a: Archaludon|spa|1\n|-anim|p1a: Archaludon|Electro Shot|p2b: Basculegion\n|-supereffective|p2b: Basculegion|1\n|-damage|p2b: Basculegion|0 fnt\n|faint|p2b: Basculegion\n|\n|-weather|RainDance|[upkeep]\n|-heal|p1a: Archaludon|55/100|[from] item: Leftovers\n|-sideend|p2: w0rms4f1ng3rs|move: Tailwind\n|upkeep\n|\n|t:|1788238659\n|switch|p1b: Aerodactyl|Aerodactyl-Mega, L50, M|47/100\n|turn|6\n|\n|t:|1788238662\n|move|p1b: Aerodactyl|Rock Slide|p2a: Charizard\n|-supereffective|p2a: Charizard|2\n|-damage|p2a: Charizard|0 fnt\n|faint|p2a: Charizard\n|\n|win|dwjgbe\n","uploadtime":1788238662,"views":"2","formatid":"gen9championsvgc2026regmbbo3","rating":null,"private":0,"password":null}