{"id":"gen9championsvgc2026regmb-2674919595","format":"[Gen 9 Champions] VGC 2026 Reg M-B","players":["melakomo","looger02"],"log":"|j|☆melakomo\n|j|☆looger02\n|t:|1788435977\n|gametype|doubles\n|player|p1|melakomo|swimmer-gen4dp|1414\n|player|p2|looger02|gardenia|1356\n|gen|9\n|tier|[Gen 9 Champions] VGC 2026 Reg M-B\n|rated|\n|rule|Species Clause: Limit one of each Pokémon\n|rule|Item Clause: Limit 1 of each item\n|clearpoke\n|poke|p1|Staraptor, L50, M|\n|poke|p1|Grimmsnarl, L50, M|\n|poke|p1|Sylveon, L50, M|\n|poke|p1|Samurott-Hisui, L50, F|\n|poke|p1|Whimsicott, L50, M|\n|poke|p1|Typhlosion-Hisui, L50, F|\n|poke|p2|Gyarados, L50, F, shiny|\n|poke|p2|Sinistcha, L50|\n|poke|p2|Weavile, L50, M|\n|poke|p2|Toxapex, L50, M, shiny|\n|poke|p2|Metagross, L50, shiny|\n|poke|p2|Kommo-o, L50, F, shiny|\n|teampreview|4\n|inactive|Battle timer is ON: inactive players will automatically lose when time's up. (requested by looger02)\n|inactive|melakomo also wants the timer to be on.\n|inactive|looger02 has 60 seconds left.\n|inactive|looger02 has 30 seconds left.\n|\n|t:|1788436041\n|teamsize|p1|4\n|teamsize|p2|4\n|start\n|switch|p1a: Whimsicott|Whimsicott, L50, M|100/100\n|switch|p1b: Typhlosion|Typhlosion-Hisui, L50, F|100/100\n|switch|p2a: Weavile|Weavile, L50, M|100/100\n|switch|p2b: Metagross|Metagross, L50, shiny|100/100\n|turn|1\n|\n|t:|1788436060\n|detailschange|p2b: Metagross|Metagross-Mega, L50, shiny\n|-mega|p2b: Metagross|Metagross|Metagrossite\n|move|p2b: Metagross|Bullet Punch|p1a: Whimsicott\n|-supereffective|p1a: Whimsicott|1\n|-damage|p1a: Whimsicott|15/100\n|move|p1a: Whimsicott|Tailwind|p1a: Whimsicott\n|-sidestart|p1: melakomo|move: Tailwind\n|move|p1b: Typhlosion|Eruption|p2a: Weavile|[spread] p2a,p2b\n|-supereffective|p2a: Weavile|1\n|-supereffective|p2b: Metagross|1\n|-enditem|p2a: Weavile|Focus Sash\n|-damage|p2a: Weavile|1/100\n|-damage|p2b: Metagross|0 fnt\n|faint|p2b: Metagross\n|move|p2a: Weavile|Knock Off|p1b: Typhlosion\n|-supereffective|p1b: Typhlosion|1\n|-damage|p1b: Typhlosion|0 fnt\n|-enditem|p1b: Typhlosion|Charcoal|[from] move: Knock Off|[of] p2a: Weavile\n|faint|p1b: Typhlosion\n|\n|upkeep\n|\n|t:|1788436076\n|switch|p2b: Toxapex|Toxapex, L50, M, shiny|100/100\n|switch|p1b: Staraptor|Staraptor, L50, M|100/100\n|-ability|p1b: Staraptor|Intimidate|boost\n|-unboost|p2a: Weavile|atk|1\n|-unboost|p2b: Toxapex|atk|1\n|turn|2\n|inactive|looger02 has 30 seconds left.\n|\n|t:|1788436110\n|detailschange|p1b: Staraptor|Staraptor-Mega, L50, M\n|-mega|p1b: Staraptor|Staraptor|Staraptite\n|move|p2a: Weavile|Protect|p2a: Weavile\n|-singleturn|p2a: Weavile|Protect\n|move|p1a: Whimsicott|Moonblast|p2a: Weavile\n|-activate|p2a: Weavile|move: Protect\n|move|p1b: Staraptor|Close Combat|p2b: Toxapex\n|-resisted|p2b: Toxapex|1\n|-damage|p2b: Toxapex|77/100\n|-boost|p1b: Staraptor|def|1\n|-boost|p1b: Staraptor|spd|1\n|move|p2b: Toxapex|Toxic|p1b: Staraptor\n|-status|p1b: Staraptor|tox\n|\n|-heal|p2b: Toxapex|82/100|[from] item: Leftovers\n|-damage|p1b: Staraptor|94/100 tox|[from] psn\n|upkeep\n|turn|3\n|inactive|looger02 has 30 seconds left.\n|\n|t:|1788436140\n|move|p1a: Whimsicott|Moonblast|p2a: Weavile\n|-supereffective|p2a: Weavile|1\n|-damage|p2a: Weavile|0 fnt\n|faint|p2a: Weavile\n|move|p1b: Staraptor|Brave Bird|p2b: Toxapex\n|-damage|p2b: Toxapex|38/100\n|-damage|p1b: Staraptor|81/100 tox|[from] Recoil\n|move|p2b: Toxapex|Infestation|p1b: Staraptor\n|-resisted|p1b: Staraptor|2\n|-damage|p1b: Staraptor|81/100 tox\n|-activate|p1b: Staraptor|move: Infestation|[of] p2b: Toxapex\n|\n|-heal|p2b: Toxapex|43/100|[from] item: Leftovers\n|-damage|p1b: Staraptor|69/100 tox|[from] psn\n|-damage|p1b: Staraptor|56/100 tox|[from] move: Infestation|[partiallytrapped]\n|upkeep\n|\n|t:|1788436153\n|switch|p2a: Kommo-o|Kommo-o, L50, F, shiny|100/100\n|turn|4\n|\n|t:|1788436163\n|move|p2a: Kommo-o|Protect|p2a: Kommo-o\n|-singleturn|p2a: Kommo-o|Protect\n|move|p2b: Toxapex|Baneful Bunker|p2b: Toxapex\n|-singleturn|p2b: Toxapex|move: Protect\n|move|p1a: Whimsicott|Moonblast|p2a: Kommo-o\n|-activate|p2a: Kommo-o|move: Protect\n|move|p1b: Staraptor|Brave Bird|p2b: Toxapex\n|-activate|p2b: Toxapex|move: Protect\n|\n|-heal|p2b: Toxapex|49/100|[from] item: Leftovers\n|-damage|p1b: Staraptor|38/100 tox|[from] psn\n|-damage|p1b: Staraptor|26/100 tox|[from] move: Infestation|[partiallytrapped]\n|-sideend|p1: melakomo|move: Tailwind\n|upkeep\n|turn|5\n|inactive|looger02 has 30 seconds left.\n|inactive|looger02 has 20 seconds left.\n|\n|t:|1788436202\n|move|p2a: Kommo-o|Protect||[still]\n|-fail|p2a: Kommo-o\n|move|p1a: Whimsicott|Moonblast|p2a: Kommo-o\n|-supereffective|p2a: Kommo-o|2\n|-damage|p2a: Kommo-o|0 fnt\n|faint|p2a: Kommo-o\n|move|p1b: Staraptor|Brave Bird|p2b: Toxapex\n|-damage|p2b: Toxapex|1/100\n|-damage|p1b: Staraptor|12/100 tox|[from] Recoil\n|move|p2b: Toxapex|Infestation|p1a: Whimsicott\n|-crit|p1a: Whimsicott\n|-damage|p1a: Whimsicott|7/100\n|-activate|p1a: Whimsicott|move: Infestation|[of] p2b: Toxapex\n|\n|-heal|p2b: Toxapex|7/100|[from] item: Leftovers\n|-damage|p1b: Staraptor|0 fnt|[from] psn\n|faint|p1b: Staraptor\n|-damage|p1a: Whimsicott|0 fnt|[from] move: Infestation|[partiallytrapped]\n|faint|p1a: Whimsicott\n|upkeep\n|\n|t:|1788436214\n|switch|p1a: Sylveon|Sylveon, L50, M|100/100\n|turn|6\n|\n|t:|1788436223\n|move|p2b: Toxapex|Baneful Bunker|p2b: Toxapex\n|-singleturn|p2b: Toxapex|move: Protect\n|move|p1a: Sylveon|Hyper Voice|p2b: Toxapex\n|-activate|p2b: Toxapex|move: Protect\n|\n|-heal|p2b: Toxapex|13/100|[from] item: Leftovers\n|upkeep\n|turn|7\n|\n|t:|1788436235\n|move|p2b: Toxapex|Wide Guard|p2b: Toxapex\n|-singleturn|p2b: Toxapex|Wide Guard\n|move|p1a: Sylveon|Hyper Voice|p2b: Toxapex\n|-activate|p2b: Toxapex|move: Wide Guard\n|\n|-heal|p2b: Toxapex|19/100|[from] item: Leftovers\n|upkeep\n|turn|8\n|\n|t:|1788436246\n|move|p2b: Toxapex|Wide Guard|p2b: Toxapex\n|-singleturn|p2b: Toxapex|Wide Guard\n|move|p1a: Sylveon|Hyper Beam|p2b: Toxapex\n|-resisted|p2b: Toxapex|1\n|-damage|p2b: Toxapex|0 fnt\n|-mustrecharge|p1a: Sylveon\n|faint|p2b: Toxapex\n|\n|win|melakomo\n|raw|melakomo's rating: 1414 &rarr; <strong>1431</strong><br />(+17 for winning)\n|raw|looger02's rating: 1356 &rarr; <strong>1339</strong><br />(-17 for losing)\n","uploadtime":1788436252,"views":"4","formatid":"gen9championsvgc2026regmb","rating":1339,"private":0,"password":null}