{"id":"gen9championsvgc2026regmbbo3-2674213513","format":"[Gen 9 Champions] VGC 2026 Reg M-B (Bo3)","players":["ilykuronaa","manquitoprime"],"log":"|j|☆ilykuronaa\n|j|☆manquitoprime\n|html|<table width=\"100%\"><tr><td align=\"left\">ilykuronaa</td><td align=\"right\">manquitoprime</tr><tr><td align=\"left\"><i class=\"fa fa-circle-o\"></i> <i class=\"fa fa-circle-o\"></i> </td><td align=\"right\"><i class=\"fa fa-circle-o\"></i> <i class=\"fa fa-circle-o\"></i> </tr></table>\n|uhtml|bestof|<h2><strong>Game 1</strong> of <a href=\"/game-bestof3-gen9championsvgc2026regmbbo3-2674213511\">a best-of-3</a></h2>\n|t:|1788316536\n|gametype|doubles\n|player|p1|ilykuronaa|102|1170\n|player|p2|manquitoprime|cynthia|1173\n|gen|9\n|tier|[Gen 9 Champions] VGC 2026 Reg M-B (Bo3)\n|rated|\n|rule|Species Clause: Limit one of each Pokémon\n|rule|Item Clause: Limit 1 of each item\n|clearpoke\n|poke|p1|Floette-Eternal, L50, F|\n|poke|p1|Basculegion, L50, M|\n|poke|p1|Kingambit, L50, F|\n|poke|p1|Dragonite, L50, M|\n|poke|p1|Garchomp, L50, F|\n|poke|p1|Sneasler, L50, M|\n|poke|p2|Gengar, L50, F, shiny|\n|poke|p2|Incineroar, L50, F, shiny|\n|poke|p2|Politoed, L50, M|\n|poke|p2|Basculegion, L50, M|\n|poke|p2|Sneasler, L50, M|\n|poke|p2|Whimsicott, L50, M, shiny|\n|teampreview|4\n|showteam|p1|Floette-Eternal||Floettite|FlowerVeil|Moonblast,DazzlingGleam,LightofRuin,Protect|Timid||F|||50|]Basculegion||LifeOrb|Adaptability|WaveCrash,LastRespects,AquaJet,Protect|Adamant||M|||50|]Kingambit||ChopleBerry|Defiant|SuckerPunch,KowtowCleave,LowKick,IronHead|Adamant||F|||50|]Dragonite||Dragoninite|Multiscale|DragonPulse,HeatWave,ExtremeSpeed,Protect|Modest||M|||50|]Garchomp||ChoiceScarf|RoughSkin|DragonClaw,StompingTantrum,Earthquake,RockSlide|Jolly||F|||50|]Sneasler||FocusSash|Unburden|CloseCombat,DireClaw,FakeOut,Feint|Adamant||M|||50|\n|showteam|p2|Gengar||Gengarite|CursedBody|Protect,ShadowBall,PerishSong,Disable|Timid||F|||50|]Incineroar||ChopleBerry|Intimidate|Protect,FakeOut,DarkestLariat,PartingShot|Careful||F|||50|]Politoed||SitrusBerry|Drizzle|Protect,WeatherBall,IcyWind,PerishSong|Calm||M|||50|]Basculegion||MysticWater|SwiftSwim|Protect,WaveCrash,LastRespects,AquaJet|Adamant||M|||50|]Sneasler||WhiteHerb|Unburden|Protect,FakeOut,CloseCombat,DireClaw|Adamant||M|||50|]Whimsicott||FocusSash|Prankster|Protect,Moonblast,Tailwind,Encore|Bold||M|||50|\n|inactive|Battle timer is ON: inactive players will automatically lose when time's up. (requested by manquitoprime)\n|inactive|ilykuronaa has 60 seconds left.\n|inactive|manquitoprime has 60 seconds left.\n|inactive|ilykuronaa has 30 seconds left.\n|\n|t:|1788316602\n|teamsize|p1|4\n|teamsize|p2|4\n|start\n|switch|p1a: Kingambit|Kingambit, L50, F|100/100\n|switch|p1b: Garchomp|Garchomp, L50, F|100/100\n|switch|p2a: Sneasler|Sneasler, L50, M|100/100\n|switch|p2b: Whimsicott|Whimsicott, L50, M, shiny|100/100\n|turn|1\n|inactive|ilykuronaa has 30 seconds left.\n|inactive|manquitoprime has 30 seconds left.\n|inactive|manquitoprime has 20 seconds left.\n|\n|t:|1788316637\n|move|p2a: Sneasler|Fake Out|p1b: Garchomp\n|-damage|p1b: Garchomp|84/100\n|-damage|p2a: Sneasler|87/100|[from] ability: Rough Skin|[of] p1b: Garchomp\n|move|p2b: Whimsicott|Tailwind|p2b: Whimsicott\n|-sidestart|p2: manquitoprime|move: Tailwind\n|cant|p1b: Garchomp|flinch\n|move|p1a: Kingambit|Iron Head|p2b: Whimsicott\n|-supereffective|p2b: Whimsicott|1\n|-damage|p2b: Whimsicott|24/100\n|\n|upkeep\n|turn|2\n|inactive|ilykuronaa has 30 seconds left.\n|inactive|manquitoprime has 30 seconds left.\n|inactive|ilykuronaa has 20 seconds left.\n|inactive|ilykuronaa has 15 seconds left.\n|\n|t:|1788316682\n|switch|p1b: Basculegion|Basculegion, L50, M|100/100\n|move|p2a: Sneasler|Close Combat|p1a: Kingambit\n|-supereffective|p1a: Kingambit|2\n|-crit|p1a: Kingambit\n|-enditem|p1a: Kingambit|Chople Berry|[eat]\n|-enditem|p1a: Kingambit|Chople Berry|[weaken]\n|-damage|p1a: Kingambit|0 fnt\n|-unboost|p2a: Sneasler|def|1\n|-unboost|p2a: Sneasler|spd|1\n|faint|p1a: Kingambit\n|-enditem|p2a: Sneasler|White Herb\n|-clearnegativeboost|p2a: Sneasler|[silent]\n|move|p2b: Whimsicott|Moonblast|p1b: Basculegion\n|-damage|p1b: Basculegion|69/100\n|\n|upkeep\n|\n|t:|1788316702\n|switch|p1a: Dragonite|Dragonite, L50, M|100/100\n|turn|3\n|\n|t:|1788316721\n|detailschange|p1a: Dragonite|Dragonite-Mega, L50, M\n|-mega|p1a: Dragonite|Dragonite|Dragoninite\n|move|p2a: Sneasler|Protect|p2a: Sneasler\n|-singleturn|p2a: Sneasler|Protect\n|move|p1b: Basculegion|Aqua Jet|p2a: Sneasler\n|-activate|p2a: Sneasler|move: Protect\n|move|p2b: Whimsicott|Moonblast|p1a: Dragonite\n|-supereffective|p1a: Dragonite|1\n|-damage|p1a: Dragonite|77/100\n|move|p1a: Dragonite|Heat Wave|p2b: Whimsicott|[spread] p2b\n|-activate|p2a: Sneasler|move: Protect\n|-supereffective|p2b: Whimsicott|1\n|-crit|p2b: Whimsicott\n|-damage|p2b: Whimsicott|0 fnt\n|faint|p2b: Whimsicott\n|\n|upkeep\n|\n|t:|1788316739\n|switch|p2b: Basculegion|Basculegion, L50, M|100/100\n|turn|4\n|\n|t:|1788316763\n|switch|p2a: Incineroar|Incineroar, L50, F, shiny|100/100\n|-ability|p2a: Incineroar|Intimidate|boost\n|-unboost|p1a: Dragonite|atk|1\n|-unboost|p1b: Basculegion|atk|1\n|move|p2b: Basculegion|Last Respects|p1b: Basculegion\n|-supereffective|p1b: Basculegion|1\n|-damage|p1b: Basculegion|0 fnt\n|faint|p1b: Basculegion\n|move|p1a: Dragonite|Dragon Pulse|p2a: Incineroar\n|-damage|p2a: Incineroar|65/100\n|\n|-sideend|p2: manquitoprime|move: Tailwind\n|upkeep\n|\n|t:|1788316769\n|switch|p1b: Garchomp|Garchomp, L50, F|84/100\n|turn|5\n|inactive|manquitoprime has 30 seconds left.\n|\n|t:|1788316797\n|move|p2a: Incineroar|Fake Out|p1b: Garchomp\n|-damage|p1b: Garchomp|72/100\n|-damage|p2a: Incineroar|53/100|[from] ability: Rough Skin|[of] p1b: Garchomp\n|cant|p1b: Garchomp|flinch\n|move|p1a: Dragonite|Dragon Pulse|p2b: Basculegion\n|-damage|p2b: Basculegion|40/100\n|move|p2b: Basculegion|Wave Crash|p1b: Garchomp\n|-damage|p1b: Garchomp|0 fnt\n|-damage|p2b: Basculegion|28/100|[from] ability: Rough Skin|[of] p1b: Garchomp\n|faint|p1b: Garchomp\n|-damage|p2b: Basculegion|6/100|[from] Recoil\n|\n|upkeep\n|turn|6\n|inactive|manquitoprime has 30 seconds left.\n|\n|t:|1788316823\n|move|p2b: Basculegion|Protect|p2b: Basculegion\n|-singleturn|p2b: Basculegion|Protect\n|move|p1a: Dragonite|Heat Wave|p2b: Basculegion|[spread] p2a\n|-activate|p2b: Basculegion|move: Protect\n|-resisted|p2a: Incineroar|1\n|-damage|p2a: Incineroar|43/100\n|move|p2a: Incineroar|Parting Shot|p1a: Dragonite\n|-unboost|p1a: Dragonite|atk|1\n|-unboost|p1a: Dragonite|spa|1\n|\n|t:|1788316832\n|switch|p2a: Sneasler|Sneasler, L50, M|87/100|[from] Parting Shot\n|\n|upkeep\n|turn|7\n|\n|t:|1788316841\n|move|p2a: Sneasler|Fake Out|p1a: Dragonite\n|-damage|p1a: Dragonite|61/100\n|cant|p1a: Dragonite|flinch\n|move|p2b: Basculegion|Last Respects|p1a: Dragonite\n|-damage|p1a: Dragonite|13/100\n|\n|upkeep\n|turn|8\n|\n|t:|1788316852\n|move|p2b: Basculegion|Protect|p2b: Basculegion\n|-singleturn|p2b: Basculegion|Protect\n|move|p2a: Sneasler|Dire Claw|p1a: Dragonite\n|-damage|p1a: Dragonite|0 fnt\n|faint|p1a: Dragonite\n|\n|win|manquitoprime\n","uploadtime":1788316852,"views":"0","formatid":"gen9championsvgc2026regmbbo3","rating":null,"private":0,"password":null}