{"id":"gen9championsvgc2026regmb-2674772091","format":"[Gen 9 Champions] VGC 2026 Reg M-B","players":["LucarioSolosYou2","darkrai_mtr"],"log":"|j|☆LucarioSolosYou2\n|j|☆darkrai_mtr\n|t:|1788403846\n|gametype|doubles\n|player|p1|LucarioSolosYou2|102|\n|player|p2|darkrai_mtr|shauntal|\n|gen|9\n|tier|[Gen 9 Champions] VGC 2026 Reg M-B\n|rule|Species Clause: Limit one of each Pokémon\n|rule|Item Clause: Limit 1 of each item\n|clearpoke\n|poke|p1|Gengar, L50, M|\n|poke|p1|Clefable, L50, M|\n|poke|p1|Incineroar, L50, M|\n|poke|p1|Whimsicott, L50, F|\n|poke|p1|Kingambit, L50, M|\n|poke|p1|Farigiraf, L50, M|\n|poke|p2|Gholdengo, L50|\n|poke|p2|Sylveon, L50, F, shiny|\n|poke|p2|Infernape, L50, M|\n|poke|p2|Sharpedo, L50, M, shiny|\n|poke|p2|Tsareena, L50, F|\n|poke|p2|Farigiraf, L50, F, shiny|\n|teampreview|4\n|\n|t:|1788403899\n|teamsize|p1|4\n|teamsize|p2|4\n|start\n|switch|p1a: Gengar|Gengar, L50, M|100/100\n|switch|p1b: Clefable|Clefable, L50, M|100/100\n|switch|p2a: ThiccBaddie|Tsareena, L50, F|100/100\n|switch|p2b: Aiden|Infernape, L50, M|100/100\n|turn|1\n|\n|t:|1788403925\n|detailschange|p1a: Gengar|Gengar-Mega, L50, M\n|-mega|p1a: Gengar|Gengar|Gengarite\n|move|p1b: Clefable|Follow Me|p1b: Clefable\n|-singleturn|p1b: Clefable|move: Follow Me\n|move|p1a: Gengar|Perish Song|p1a: Gengar\n|-start|p1a: Gengar|perish3|[silent]\n|-start|p1b: Clefable|perish3|[silent]\n|-start|p2a: ThiccBaddie|perish3|[silent]\n|-start|p2b: Aiden|perish3|[silent]\n|-fieldactivate|move: Perish Song\n|move|p2b: Aiden|Fire Punch|p1b: Clefable\n|-damage|p1b: Clefable|56/100\n|-damage|p2b: Aiden|90/100|[from] item: Life Orb\n|move|p2a: ThiccBaddie|Taunt|p1b: Clefable\n|-start|p1b: Clefable|move: Taunt\n|\n|-heal|p1b: Clefable|62/100|[from] item: Leftovers\n|-start|p1a: Gengar|perish3\n|-start|p2b: Aiden|perish3\n|-start|p2a: ThiccBaddie|perish3\n|-start|p1b: Clefable|perish3\n|upkeep\n|turn|2\n|\n|t:|1788403955\n|move|p1a: Gengar|Protect|p1a: Gengar\n|-singleturn|p1a: Gengar|Protect\n|move|p2b: Aiden|Fire Punch|p1a: Gengar\n|-activate|p1a: Gengar|move: Protect\n|move|p2a: ThiccBaddie|Taunt|p1a: Gengar\n|-activate|p1a: Gengar|move: Protect\n|move|p1b: Clefable|Moonblast|p2a: ThiccBaddie\n|-damage|p2a: ThiccBaddie|72/100\n|\n|-heal|p1b: Clefable|68/100|[from] item: Leftovers\n|-start|p1a: Gengar|perish2\n|-start|p2b: Aiden|perish2\n|-start|p2a: ThiccBaddie|perish2\n|-start|p1b: Clefable|perish2\n|upkeep\n|turn|3\n|\n|t:|1788403981\n|move|p1a: Gengar|Taunt|p2a: ThiccBaddie\n|-start|p2a: ThiccBaddie|move: Taunt\n|move|p2b: Aiden|Fire Punch|p1a: Gengar\n|-damage|p1a: Gengar|22/100\n|-damage|p2b: Aiden|80/100|[from] item: Life Orb\n|move|p2a: ThiccBaddie|Triple Axel|p1a: Gengar|[miss]\n|-miss|p2a: ThiccBaddie|p1a: Gengar\n|move|p1b: Clefable|Moonblast|p2b: Aiden\n|-damage|p2b: Aiden|30/100\n|\n|-heal|p1b: Clefable|74/100|[from] item: Leftovers\n|-start|p1a: Gengar|perish1\n|-start|p2b: Aiden|perish1\n|-start|p2a: ThiccBaddie|perish1\n|-start|p1b: Clefable|perish1\n|upkeep\n|turn|4\n|\n|t:|1788404008\n|move|p1a: Gengar|Protect|p1a: Gengar\n|-singleturn|p1a: Gengar|Protect\n|move|p2b: Aiden|Fire Punch|p1b: Clefable\n|-damage|p1b: Clefable|35/100\n|-damage|p2b: Aiden|20/100y|[from] item: Life Orb\n|move|p2a: ThiccBaddie|Trop Kick|p1a: Gengar\n|-activate|p1a: Gengar|move: Protect\n|move|p1b: Clefable|Moonblast|p2a: ThiccBaddie\n|-damage|p2a: ThiccBaddie|45/100\n|\n|-heal|p1b: Clefable|41/100|[from] item: Leftovers\n|-end|p1b: Clefable|move: Taunt\n|-start|p1a: Gengar|perish0\n|-start|p2b: Aiden|perish0\n|-start|p2a: ThiccBaddie|perish0\n|-start|p1b: Clefable|perish0\n|faint|p1a: Gengar\n|faint|p2b: Aiden\n|faint|p2a: ThiccBaddie\n|faint|p1b: Clefable\n|upkeep\n|\n|t:|1788404026\n|switch|p1a: Farigiraf|Farigiraf, L50, M|100/100\n|switch|p2b: Lenny|Sharpedo, L50, M, shiny|100/100\n|switch|p2a: NotAna-Li|Sylveon, L50, F, shiny|100/100\n|switch|p1b: Kingambit|Kingambit, L50, M|100/100\n|-activate|p1b: Kingambit|ability: Supreme Overlord\n|-start|p1b: Kingambit|fallen2|[silent]\n|turn|5\n|\n|t:|1788404050\n|detailschange|p2b: Lenny|Sharpedo-Mega, L50, M, shiny\n|-mega|p2b: Lenny|Sharpedo|Sharpedonite\n|move|p2b: Lenny|Crunch|p1a: Farigiraf\n|-supereffective|p1a: Farigiraf|1\n|-damage|p1a: Farigiraf|0 fnt\n|faint|p1a: Farigiraf\n|move|p2a: NotAna-Li|Yawn|p1b: Kingambit\n|-start|p1b: Kingambit|move: Yawn|[of] p2a: NotAna-Li\n|move|p1b: Kingambit|Swords Dance|p1b: Kingambit\n|-boost|p1b: Kingambit|atk|2\n|\n|upkeep\n|turn|6\n|\n|t:|1788404065\n|move|p2b: Lenny|Waterfall|p1b: Kingambit\n|-damage|p1b: Kingambit|63/100\n|move|p2a: NotAna-Li|Hyper Voice|p1b: Kingambit\n|-damage|p1b: Kingambit|0 fnt\n|faint|p1b: Kingambit\n|-end|p1b: Kingambit|fallen2|[silent]\n|\n|win|darkrai_mtr\n|l|☆LucarioSolosYou2\n|player|p1|\n","uploadtime":1788404081,"views":"3","formatid":"gen9championsvgc2026regmb","rating":null,"private":0,"password":null}