{"id":"gen9championsvgc2026regmb-2674448634","format":"[Gen 9 Champions] VGC 2026 Reg M-B","players":["Ryan t6","kawaiideku"],"log":"|j|☆Ryan t6\n|j|☆kawaiideku\n|t:|1788361072\n|gametype|doubles\n|player|p1|Ryan t6|volkner|1112\n|player|p2|kawaiideku|170|1149\n|gen|9\n|tier|[Gen 9 Champions] VGC 2026 Reg M-B\n|rated|\n|rule|Species Clause: Limit one of each Pokémon\n|rule|Item Clause: Limit 1 of each item\n|clearpoke\n|poke|p1|Froslass, L50, F|\n|poke|p1|Sneasler, L50, F|\n|poke|p1|Basculegion, L50, M|\n|poke|p1|Dragonite, L50, F|\n|poke|p1|Pelipper, L50, M|\n|poke|p1|Gholdengo, L50|\n|poke|p2|Sceptile, L50, F|\n|poke|p2|Slowbro-Galar, L50, F|\n|poke|p2|Talonflame, L50, M|\n|poke|p2|Garchomp, L50, M|\n|poke|p2|Sylveon, L50, F|\n|poke|p2|Rotom-Wash, L50|\n|teampreview|4\n|inactive|Battle timer is ON: inactive players will automatically lose when time's up. (requested by Ryan t6)\n|inactive|Ryan t6 has 60 seconds left.\n|\n|t:|1788361103\n|teamsize|p1|4\n|teamsize|p2|4\n|start\n|switch|p1a: Froslass|Froslass, L50, F|100/100\n|switch|p1b: Sneasler|Sneasler, L50, F|100/100\n|switch|p2a: Talonflame|Talonflame, L50, M|100/100\n|switch|p2b: Rotom|Rotom-Wash, L50|100/100\n|turn|1\n|\n|t:|1788361126\n|detailschange|p1a: Froslass|Froslass-Mega, L50, F\n|-mega|p1a: Froslass|Froslass|Froslassite\n|-weather|Snowscape|[from] ability: Snow Warning|[of] p1a: Froslass\n|move|p2a: Talonflame|Protect|p2a: Talonflame\n|-singleturn|p2a: Talonflame|Protect\n|move|p1b: Sneasler|Fake Out|p2a: Talonflame\n|-activate|p2a: Talonflame|move: Protect\n|move|p2b: Rotom|Discharge|p1b: Sneasler|[spread] p1a,p1b\n|-activate|p2a: Talonflame|move: Protect\n|-damage|p1a: Froslass|70/100\n|-damage|p1b: Sneasler|59/100\n|-status|p1a: Froslass|par\n|-status|p1b: Sneasler|par\n|cant|p1a: Froslass|par\n|\n|-weather|Snowscape|[upkeep]\n|upkeep\n|turn|2\n|c|☆Ryan t6|Tf , double para\n|c|☆Ryan t6|Pera\n|inactive|Ryan t6 has 30 seconds left.\n|inactive|Ryan t6 has 20 seconds left.\n|inactive|Ryan t6 has 15 seconds left.\n|\n|t:|1788361168\n|switch|p2b: Slowbro|Slowbro-Galar, L50, F|100/100\n|move|p1a: Froslass|Protect|p1a: Froslass\n|-singleturn|p1a: Froslass|Protect\n|move|p2a: Talonflame|Flare Blitz|p1a: Froslass\n|-activate|p1a: Froslass|move: Protect\n|move|p1b: Sneasler|Poison Jab|p2b: Slowbro\n|-resisted|p2b: Slowbro|1\n|-damage|p2b: Slowbro|80/100\n|\n|-weather|Snowscape|[upkeep]\n|upkeep\n|turn|3\n|inactive|Ryan t6 has 30 seconds left.\n|-activate|p2b: Slowbro|item: Quick Claw\n|\n|t:|1788361193\n|switch|p1b: Pelipper|Pelipper, L50, M|100/100\n|-weather|RainDance|[from] ability: Drizzle|[of] p1b: Pelipper\n|switch|p1a: Basculegion|Basculegion, L50, M|100/100\n|move|p2a: Talonflame|Flare Blitz|p1a: Basculegion\n|-resisted|p1a: Basculegion|1\n|-damage|p1a: Basculegion|86/100\n|-damage|p2a: Talonflame|94/100|[from] Recoil\n|move|p2b: Slowbro|Trick Room|p2b: Slowbro\n|-fieldstart|move: Trick Room|[of] p2b: Slowbro\n|\n|-weather|RainDance|[upkeep]\n|upkeep\n|turn|4\n|inactive|kawaiideku has 30 seconds left.\n|\n|t:|1788361227\n|move|p2b: Slowbro|Protect|p2b: Slowbro\n|-singleturn|p2b: Slowbro|Protect\n|move|p1b: Pelipper|Hurricane|p2b: Slowbro\n|-activate|p2b: Slowbro|move: Protect\n|move|p2a: Talonflame|Brave Bird|p1a: Basculegion\n|-damage|p1a: Basculegion|25/100\n|-damage|p2a: Talonflame|66/100|[from] Recoil\n|move|p1a: Basculegion|Wave Crash|p2b: Slowbro\n|-activate|p2b: Slowbro|move: Protect\n|\n|-weather|RainDance|[upkeep]\n|upkeep\n|turn|5\n|\n|t:|1788361243\n|switch|p2b: Rotom|Rotom-Wash, L50|100/100\n|move|p1a: Basculegion|Aqua Jet|p2a: Talonflame\n|-supereffective|p2a: Talonflame|1\n|-damage|p2a: Talonflame|0 fnt\n|faint|p2a: Talonflame\n|move|p1b: Pelipper|Hurricane|p2b: Rotom\n|-resisted|p2b: Rotom|1\n|-damage|p2b: Rotom|77/100\n|\n|-weather|RainDance|[upkeep]\n|upkeep\n|\n|t:|1788361253\n|switch|p2a: Sylveon|Sylveon, L50, F|100/100\n|turn|6\n|\n|t:|1788361266\n|move|p1b: Pelipper|Wide Guard|p1b: Pelipper\n|-singleturn|p1b: Pelipper|Wide Guard\n|move|p2a: Sylveon|Hyper Voice|p1b: Pelipper|[spread] \n|-activate|p1a: Basculegion|move: Wide Guard\n|-activate|p1b: Pelipper|move: Wide Guard\n|move|p2b: Rotom|Volt Switch|p1b: Pelipper\n|-supereffective|p1b: Pelipper|2\n|-damage|p1b: Pelipper|0 fnt\n|faint|p1b: Pelipper\n|\n|t:|1788361278\n|switch|p2b: Slowbro|Slowbro-Galar, L50, F|80/100|[from] Volt Switch\n|move|p1a: Basculegion|Wave Crash|p2a: Sylveon\n|-damage|p2a: Sylveon|0 fnt\n|faint|p2a: Sylveon\n|-damage|p1a: Basculegion|0 fnt|[from] Recoil\n|faint|p1a: Basculegion\n|\n|-weather|RainDance|[upkeep]\n|upkeep\n|\n|t:|1788361289\n|switch|p2a: Rotom|Rotom-Wash, L50|77/100\n|switch|p1b: Sneasler|Sneasler, L50, F|59/100 par\n|switch|p1a: Froslass|Froslass-Mega, L50, F|70/100 par\n|-weather|Snowscape|[from] ability: Snow Warning|[of] p1a: Froslass\n|turn|7\n|inactive|Ryan t6 has 30 seconds left.\n|-activate|p2b: Slowbro|item: Quick Claw\n|\n|t:|1788361315\n|move|p1b: Sneasler|Fake Out|p2b: Slowbro\n|-damage|p2b: Slowbro|67/100\n|cant|p2b: Slowbro|flinch\n|move|p1a: Froslass|Aurora Veil|p1a: Froslass\n|-sidestart|p1: Ryan t6|move: Aurora Veil\n|move|p2a: Rotom|Hydro Pump|p1b: Sneasler|[miss]\n|-miss|p2a: Rotom|p1b: Sneasler\n|\n|-weather|Snowscape|[upkeep]\n|-fieldend|move: Trick Room\n|upkeep\n|turn|8\n|\n|t:|1788361333\n|move|p2a: Rotom|Hydro Pump|p1b: Sneasler|[miss]\n|-miss|p2a: Rotom|p1b: Sneasler\n|cant|p1b: Sneasler|par\n|move|p1a: Froslass|Blizzard|p2b: Slowbro|[spread] p2a,p2b\n|-resisted|p2a: Rotom|1\n|-crit|p2b: Slowbro\n|-damage|p2a: Rotom|51/100\n|-damage|p2b: Slowbro|0 fnt\n|-status|p2a: Rotom|frz\n|faint|p2b: Slowbro\n|\n|-weather|Snowscape|[upkeep]\n|upkeep\n|turn|9\n|n|!Ryan t6|ryant6\n|inactive|Ryan t6 has 30 seconds left.\n|inactive|Ryan t6 has 20 seconds left.\n|inactive|Ryan t6 has 15 seconds left.\n|\n|t:|1788361377\n|cant|p2a: Rotom|frz\n|move|p1b: Sneasler|Poison Jab|p2a: Rotom\n|-damage|p2a: Rotom|0 fnt\n|faint|p2a: Rotom\n|\n|win|Ryan t6\n","uploadtime":1788361353,"views":"2","formatid":"gen9championsvgc2026regmb","rating":null,"private":0,"password":null}