{"id":"gen9championsvgc2026regmbbo3-2674495692","format":"[Gen 9 Champions] VGC 2026 Reg M-B (Bo3)","players":["HelgitheLean","i love all turtles"],"log":"|j|☆HelgitheLean\n|j|☆i love all turtles\n|html|<table width=\"100%\"><tr><td align=\"left\">HelgitheLean</td><td align=\"right\">i love all turtles</tr><tr><td align=\"left\"><i class=\"fa fa-circle-o\"></i> <i class=\"fa fa-circle-o\"></i> </td><td align=\"right\"><i class=\"fa fa-circle-o\"></i> <i class=\"fa fa-circle-o\"></i> </tr></table>\n|uhtml|bestof|<h2><strong>Game 1</strong> of <a href=\"/game-bestof3-gen9championsvgc2026regmbbo3-2674495691\">a best-of-3</a></h2>\n|t:|1788366585\n|gametype|doubles\n|player|p1|HelgitheLean|brawly|1383\n|player|p2|i love all turtles|ethan|1426\n|gen|9\n|tier|[Gen 9 Champions] VGC 2026 Reg M-B (Bo3)\n|rated|\n|rule|Species Clause: Limit one of each Pokémon\n|rule|Item Clause: Limit 1 of each item\n|clearpoke\n|poke|p1|Swampert, L50, M|\n|poke|p1|Archaludon, L50, F|\n|poke|p1|Pelipper, L50, F|\n|poke|p1|Venusaur, L50, F|\n|poke|p1|Charizard, L50, M|\n|poke|p1|Grimmsnarl, L50, M|\n|poke|p2|Whimsicott, L50, M|\n|poke|p2|Basculegion, L50, M|\n|poke|p2|Floette-Eternal, L50, F|\n|poke|p2|Dragonite, L50, F|\n|poke|p2|Sneasler, L50, M|\n|poke|p2|Kingambit, L50, M|\n|teampreview|4\n|showteam|p1|Swampert||Swampertite|Damp|IcePunch,WaveCrash,Earthquake,Protect|Adamant||M|||50|]Archaludon||Leftovers|Stamina|Snarl,ElectroShot,FlashCannon,Protect|Calm||F|||50|]Pelipper||FocusSash|Drizzle|Hurricane,WeatherBall,Tailwind,Protect|Modest||F|||50|]Venusaur||WideLens|Chlorophyll|SleepPowder,EarthPower,SludgeBomb,Protect|Modest||F|||50|]Charizard||CharizarditeY|Blaze|HeatWave,WeatherBall,Hurricane,Protect|Modest||M|||50|]Grimmsnarl||KebiaBerry|Prankster|FakeOut,SpiritBreak,SuckerPunch,PartingShot|Adamant||M|||50|\n|showteam|p2|Whimsicott||FocusSash|Prankster|Moonblast,Tailwind,Encore,Protect|Timid||M|||50|]Basculegion||LifeOrb|Adaptability|WaveCrash,LastRespects,AquaJet,Protect|Adamant||M|||50|]Floette-Eternal||Floettite|FlowerVeil|Moonblast,DazzlingGleam,LightofRuin,Protect|Timid||F|||50|]Dragonite||Dragoninite|InnerFocus|DragonPulse,HeatWave,Thunderbolt,Protect|Modest||F|||50|]Sneasler||WhiteHerb|Unburden|DireClaw,CloseCombat,RockSlide,FakeOut|Jolly||M|||50|]Kingambit||ChopleBerry|Defiant|KowtowCleave,IronHead,LowKick,SuckerPunch|Adamant||M|||50|\n|inactive|Battle timer is ON: inactive players will automatically lose when time's up. (requested by i love all turtles)\n|\n|t:|1788366657\n|teamsize|p1|4\n|teamsize|p2|4\n|start\n|switch|p1a: Grimmsnarl|Grimmsnarl, L50, M|100/100\n|switch|p1b: Charizard|Charizard, L50, M|100/100\n|switch|p2a: Sneasler|Sneasler, L50, M|100/100\n|switch|p2b: Dragonite|Dragonite, L50, F|100/100\n|turn|1\n|\n|t:|1788366679\n|detailschange|p2b: Dragonite|Dragonite-Mega, L50, F\n|-mega|p2b: Dragonite|Dragonite|Dragoninite\n|detailschange|p1b: Charizard|Charizard-Mega-Y, L50, M\n|-mega|p1b: Charizard|Charizard|Charizardite Y\n|-weather|SunnyDay|[from] ability: Drought|[of] p1b: Charizard\n|move|p2a: Sneasler|Fake Out|p1b: Charizard\n|-damage|p1b: Charizard|84/100\n|move|p1a: Grimmsnarl|Fake Out|p2b: Dragonite\n|-damage|p2b: Dragonite|93/100\n|cant|p2b: Dragonite|flinch\n|cant|p1b: Charizard|flinch\n|\n|-weather|SunnyDay|[upkeep]\n|upkeep\n|turn|2\n|inactive|HelgitheLean has 30 seconds left.\n|\n|t:|1788366713\n|switch|p1b: Swampert|Swampert, L50, M|100/100\n|move|p1a: Grimmsnarl|Parting Shot|p2b: Dragonite\n|-unboost|p2b: Dragonite|atk|1\n|-unboost|p2b: Dragonite|spa|1\n|\n|t:|1788366719\n|switch|p1a: Venusaur|Venusaur, L50, F|100/100|[from] Parting Shot\n|move|p2a: Sneasler|Close Combat|p1a: Venusaur\n|-resisted|p1a: Venusaur|1\n|-damage|p1a: Venusaur|65/100\n|-unboost|p2a: Sneasler|def|1\n|-unboost|p2a: Sneasler|spd|1\n|-enditem|p2a: Sneasler|White Herb\n|-clearnegativeboost|p2a: Sneasler|[silent]\n|move|p2b: Dragonite|Heat Wave|p1b: Swampert|[spread] p1a,p1b\n|-supereffective|p1a: Venusaur|1\n|-resisted|p1b: Swampert|1\n|-damage|p1a: Venusaur|5/100\n|-damage|p1b: Swampert|84/100\n|\n|-weather|SunnyDay|[upkeep]\n|upkeep\n|turn|3\n|inactive|i love all turtles has 30 seconds left.\n|\n|t:|1788366751\n|switch|p2a: Whimsicott|Whimsicott, L50, M|100/100\n|move|p2b: Dragonite|Protect|p2b: Dragonite\n|-singleturn|p2b: Dragonite|Protect\n|move|p1a: Venusaur|Sleep Powder|p2b: Dragonite\n|-activate|p2b: Dragonite|move: Protect\n|move|p1b: Swampert|Earthquake|p2b: Dragonite|[spread] p1a,p2a\n|-activate|p2b: Dragonite|move: Protect\n|-resisted|p2a: Whimsicott|1\n|-crit|p2a: Whimsicott\n|-damage|p1a: Venusaur|0 fnt\n|-damage|p2a: Whimsicott|60/100\n|faint|p1a: Venusaur\n|\n|-weather|SunnyDay|[upkeep]\n|upkeep\n|\n|t:|1788366757\n|switch|p1a: Grimmsnarl|Grimmsnarl, L50, M|100/100\n|turn|4\n|\n|t:|1788366776\n|move|p2a: Whimsicott|Protect|p2a: Whimsicott\n|-singleturn|p2a: Whimsicott|Protect\n|move|p1a: Grimmsnarl|Fake Out|p2a: Whimsicott\n|-activate|p2a: Whimsicott|move: Protect\n|move|p2b: Dragonite|Heat Wave|p1b: Swampert|[spread] p1a,p1b\n|-resisted|p1b: Swampert|1\n|-damage|p1a: Grimmsnarl|69/100\n|-damage|p1b: Swampert|69/100\n|move|p1b: Swampert|Ice Punch|p2b: Dragonite\n|-supereffective|p2b: Dragonite|2\n|-damage|p2b: Dragonite|2/100\n|\n|-weather|SunnyDay|[upkeep]\n|upkeep\n|turn|5\n|\n|t:|1788366794\n|move|p1a: Grimmsnarl|Sucker Punch|p2b: Dragonite\n|-damage|p2b: Dragonite|0 fnt\n|faint|p2b: Dragonite\n|move|p2a: Whimsicott|Moonblast|p1a: Grimmsnarl\n|-supereffective|p1a: Grimmsnarl|1\n|-damage|p1a: Grimmsnarl|0 fnt\n|faint|p1a: Grimmsnarl\n|move|p1b: Swampert|Ice Punch|p2a: Whimsicott\n|-supereffective|p2a: Whimsicott|1\n|-damage|p2a: Whimsicott|0 fnt\n|faint|p2a: Whimsicott\n|\n|-weather|none\n|upkeep\n|\n|t:|1788366802\n|switch|p2a: Basculegion|Basculegion, L50, M|100/100\n|switch|p2b: Sneasler|Sneasler, L50, M|100/100\n|switch|p1a: Charizard|Charizard-Mega-Y, L50, M|84/100\n|-weather|SunnyDay|[from] ability: Drought|[of] p1a: Charizard\n|turn|6\n|\n|t:|1788366817\n|move|p2b: Sneasler|Fake Out|p1a: Charizard\n|-damage|p1a: Charizard|69/100\n|cant|p1a: Charizard|flinch\n|move|p2a: Basculegion|Last Respects|p1b: Swampert\n|-damage|p1b: Swampert|0 fnt\n|faint|p1b: Swampert\n|-damage|p2a: Basculegion|90/100|[from] item: Life Orb\n|\n|-weather|SunnyDay|[upkeep]\n|upkeep\n|turn|7\n|-message|HelgitheLean forfeited.\n|\n|win|i love all turtles\n","uploadtime":1788366823,"views":"1","formatid":"gen9championsvgc2026regmbbo3","rating":null,"private":0,"password":null}