{"id":"gen9championsvgc2026regmb-2674283884","format":"[Gen 9 Champions] VGC 2026 Reg M-B","players":["Noobiedoobie537","redheroplays"],"log":"|j|☆Noobiedoobie537\n|j|☆redheroplays\n|t:|1788331348\n|gametype|doubles\n|player|p1|Noobiedoobie537|lucas-gen4pt|1200\n|player|p2|redheroplays|265|1259\n|gen|9\n|tier|[Gen 9 Champions] VGC 2026 Reg M-B\n|rated|\n|rule|Species Clause: Limit one of each Pokémon\n|rule|Item Clause: Limit 1 of each item\n|clearpoke\n|poke|p1|Reuniclus, L50, F, shiny|\n|poke|p1|Farigiraf, L50, F|\n|poke|p1|Sneasler, L50, F|\n|poke|p1|Pelipper, L50, M|\n|poke|p1|Swampert, L50, M|\n|poke|p1|Mawile, L50, F|\n|poke|p2|Dragalge, L50, F|\n|poke|p2|Sinistcha, L50|\n|poke|p2|Blaziken, L50, F|\n|poke|p2|Gyarados, L50, M|\n|poke|p2|Grimmsnarl, L50, M|\n|poke|p2|Corviknight, L50, F|\n|teampreview|4\n|inactive|Battle timer is ON: inactive players will automatically lose when time's up. (requested by Noobiedoobie537)\n|\n|t:|1788331394\n|teamsize|p1|4\n|teamsize|p2|4\n|start\n|switch|p1a: fraud|Pelipper, L50, M|100/100\n|switch|p1b: john wave crash|Swampert, L50, M|100/100\n|switch|p2a: Corviknight|Corviknight, L50, F|100/100\n|switch|p2b: Gyarados|Gyarados, L50, M|100/100\n|-ability|p2b: Gyarados|Intimidate|boost\n|-unboost|p1a: fraud|atk|1\n|-unboost|p1b: john wave crash|atk|1\n|-weather|RainDance|[from] ability: Drizzle|[of] p1a: fraud\n|turn|1\n|\n|t:|1788331415\n|switch|p2b: Grimmsnarl|Grimmsnarl, L50, M|100/100\n|detailschange|p1b: john wave crash|Swampert-Mega, L50, M\n|-mega|p1b: john wave crash|Swampert|Swampertite\n|move|p1b: john wave crash|Protect|p1b: john wave crash\n|-singleturn|p1b: john wave crash|Protect\n|move|p2a: Corviknight|Bulk Up|p2a: Corviknight\n|-boost|p2a: Corviknight|atk|1\n|-boost|p2a: Corviknight|def|1\n|move|p1a: fraud|Weather Ball|p2a: Corviknight\n|-damage|p2a: Corviknight|42/100\n|\n|-weather|RainDance|[upkeep]\n|-heal|p2a: Corviknight|48/100|[from] item: Leftovers\n|upkeep\n|turn|2\n|\n|t:|1788331436\n|switch|p1b: Harryhardtr|Farigiraf, L50, F|100/100\n|move|p2b: Grimmsnarl|Parting Shot||[still]\n|cant|p1b: Harryhardtr|ability: Armor Tail|Parting Shot|[of] p2b: Grimmsnarl\n|move|p2a: Corviknight|Roost|p2a: Corviknight\n|-heal|p2a: Corviknight|98/100\n|-singleturn|p2a: Corviknight|move: Roost\n|move|p1a: fraud|Tailwind|p1a: fraud\n|-sidestart|p1: Noobiedoobie537|move: Tailwind\n|\n|-weather|RainDance|[upkeep]\n|-heal|p2a: Corviknight|100/100|[from] item: Leftovers\n|upkeep\n|turn|3\n|\n|t:|1788331446\n|move|p1b: Harryhardtr|Helping Hand|p1a: fraud\n|-singleturn|p1a: fraud|Helping Hand|[of] p1b: Harryhardtr\n|move|p2b: Grimmsnarl|Light Screen|p2b: Grimmsnarl\n|-sidestart|p2: redheroplays|move: Light Screen\n|move|p1a: fraud|Weather Ball|p2a: Corviknight\n|-damage|p2a: Corviknight|38/100\n|move|p2a: Corviknight|Bulk Up|p2a: Corviknight\n|-boost|p2a: Corviknight|atk|1\n|-boost|p2a: Corviknight|def|1\n|\n|-weather|RainDance|[upkeep]\n|-heal|p2a: Corviknight|44/100|[from] item: Leftovers\n|upkeep\n|turn|4\n|\n|t:|1788331466\n|switch|p2b: Sinistcha|Sinistcha, L50|100/100\n|-heal|p2a: Corviknight|69/100|[from] ability: Hospitality|[of] p2b: Sinistcha\n|move|p1a: fraud|Weather Ball|p2a: Corviknight\n|-crit|p2a: Corviknight\n|-damage|p2a: Corviknight|0 fnt\n|faint|p2a: Corviknight\n|move|p1b: Harryhardtr|Psychic|p2b: Sinistcha\n|-damage|p2b: Sinistcha|67/100\n|\n|-weather|RainDance|[upkeep]\n|upkeep\n|\n|t:|1788331473\n|switch|p2a: Gyarados|Gyarados, L50, M|100/100\n|-ability|p2a: Gyarados|Intimidate|boost\n|-unboost|p1a: fraud|atk|1\n|-unboost|p1b: Harryhardtr|atk|1\n|turn|5\n|\n|t:|1788331483\n|move|p1a: fraud|Hurricane|p2b: Sinistcha\n|-supereffective|p2b: Sinistcha|1\n|-damage|p2b: Sinistcha|0 fnt\n|faint|p2b: Sinistcha\n|move|p2a: Gyarados|Crunch|p1b: Harryhardtr\n|-supereffective|p1b: Harryhardtr|1\n|-damage|p1b: Harryhardtr|51/100\n|move|p1b: Harryhardtr|Trick Room|p1b: Harryhardtr\n|-fieldstart|move: Trick Room|[of] p1b: Harryhardtr\n|\n|-weather|none\n|-sideend|p1: Noobiedoobie537|move: Tailwind\n|upkeep\n|-message|redheroplays forfeited.\n|\n|win|Noobiedoobie537\n|raw|Noobiedoobie537's rating: 1200 &rarr; <strong>1229</strong><br />(+29 for winning)\n|raw|redheroplays's rating: 1259 &rarr; <strong>1230</strong><br />(-29 for losing)\n|l|☆redheroplays\n|player|p2|\n","uploadtime":1788331497,"views":"8","formatid":"gen9championsvgc2026regmb","rating":1229,"private":0,"password":null}