{"id":"gen9championsvgc2026regmb-2674753581","format":"[Gen 9 Champions] VGC 2026 Reg M-B","players":["ImSoCalamari","DylanNoPancakes"],"log":"|j|☆ImSoCalamari\n|j|☆DylanNoPancakes\n|t:|1788400848\n|gametype|doubles\n|player|p1|ImSoCalamari|aromalady|1227\n|player|p2|DylanNoPancakes|2|1327\n|gen|9\n|tier|[Gen 9 Champions] VGC 2026 Reg M-B\n|rated|\n|rule|Species Clause: Limit one of each Pokémon\n|rule|Item Clause: Limit 1 of each item\n|clearpoke\n|poke|p1|Sylveon, L50, M|\n|poke|p1|Raichu, L50, F|\n|poke|p1|Staraptor, L50, F|\n|poke|p1|Arcanine-Hisui, L50, M|\n|poke|p1|Farigiraf, L50, F|\n|poke|p1|Kingambit, L50, F|\n|poke|p2|Incineroar, L50, M|\n|poke|p2|Samurott-Hisui, L50, M|\n|poke|p2|Sinistcha, L50|\n|poke|p2|Sneasler, L50, F|\n|poke|p2|Floette-Eternal, L50, F|\n|poke|p2|Delphox, L50, F|\n|teampreview|4\n|inactive|Battle timer is ON: inactive players will automatically lose when time's up. (requested by DylanNoPancakes)\n|inactive|ImSoCalamari has 60 seconds left.\n|\n|t:|1788400900\n|teamsize|p1|4\n|teamsize|p2|4\n|start\n|switch|p1a: Raichu|Raichu, L50, F|100/100\n|switch|p1b: Sylveon|Sylveon, L50, M|100/100\n|switch|p2a: Incineroar|Incineroar, L50, M|100/100\n|switch|p2b: Delphox|Delphox, L50, F|100/100\n|-ability|p2a: Incineroar|Intimidate|boost\n|-unboost|p1a: Raichu|atk|1\n|-unboost|p1b: Sylveon|atk|1\n|turn|1\n|\n|t:|1788400921\n|switch|p1b: Arcanine|Arcanine-Hisui, L50, M|100/100\n|detailschange|p1a: Raichu|Raichu-Mega-Y, L50, F\n|-mega|p1a: Raichu|Raichu|Raichunite Y\n|detailschange|p2b: Delphox|Delphox-Mega, L50, F\n|-mega|p2b: Delphox|Delphox|Delphoxite\n|move|p1a: Raichu|Fake Out|p2a: Incineroar\n|-damage|p2a: Incineroar|95/100\n|move|p2b: Delphox|Heat Wave|p1b: Arcanine|[spread] p1a,p1b\n|-resisted|p1b: Arcanine|2\n|-damage|p1a: Raichu|49/100\n|-damage|p1b: Arcanine|87/100\n|-status|p1a: Raichu|brn\n|cant|p2a: Incineroar|flinch\n|\n|-damage|p1a: Raichu|43/100 brn|[from] brn\n|upkeep\n|turn|2\n|inactive|ImSoCalamari has 30 seconds left.\n|inactive|DylanNoPancakes has 30 seconds left.\n|inactive|ImSoCalamari has 20 seconds left.\n|inactive|ImSoCalamari has 15 seconds left.\n|\n|t:|1788400963\n|move|p1a: Raichu|Protect|p1a: Raichu\n|-singleturn|p1a: Raichu|Protect\n|move|p2b: Delphox|Protect|p2b: Delphox\n|-singleturn|p2b: Delphox|Protect\n|move|p1b: Arcanine|Head Smash|p2a: Incineroar\n|-supereffective|p2a: Incineroar|1\n|-damage|p2a: Incineroar|0 fnt\n|faint|p2a: Incineroar\n|\n|-damage|p1a: Raichu|37/100 brn|[from] brn\n|upkeep\n|\n|t:|1788400978\n|switch|p2a: Samurott|Samurott-Hisui, L50, M|100/100\n|turn|3\n|inactive|ImSoCalamari has 30 seconds left.\n|inactive|ImSoCalamari has 20 seconds left.\n|inactive|DylanNoPancakes has 30 seconds left.\n|\n|t:|1788401017\n|switch|p1a: Sylveon|Sylveon, L50, M|100/100\n|switch|p2b: Sinistcha|Sinistcha, L50|100/100\n|switch|p1b: Kingambit|Kingambit, L50, F|100/100\n|move|p2a: Samurott|Razor Shell|p1a: Sylveon\n|-damage|p1a: Sylveon|38/100\n|\n|upkeep\n|turn|4\n|inactive|ImSoCalamari has 30 seconds left.\n|\n|t:|1788401045\n|move|p1a: Sylveon|Protect|p1a: Sylveon\n|-singleturn|p1a: Sylveon|Protect\n|move|p1b: Kingambit|Protect|p1b: Kingambit\n|-singleturn|p1b: Kingambit|Protect\n|move|p2a: Samurott|Razor Shell|p1b: Kingambit\n|-activate|p1b: Kingambit|move: Protect\n|move|p2b: Sinistcha|Matcha Gotcha|p1b: Kingambit|[spread] \n|-activate|p1a: Sylveon|move: Protect\n|-activate|p1b: Kingambit|move: Protect\n|\n|upkeep\n|turn|5\n|inactive|ImSoCalamari has 30 seconds left.\n|\n|t:|1788401073\n|move|p2b: Sinistcha|Protect|p2b: Sinistcha\n|-singleturn|p2b: Sinistcha|Protect\n|move|p2a: Samurott|Razor Shell|p1a: Sylveon\n|-damage|p1a: Sylveon|0 fnt\n|faint|p1a: Sylveon\n|move|p1b: Kingambit|Kowtow Cleave|p2b: Sinistcha\n|-activate|p2b: Sinistcha|move: Protect\n|\n|upkeep\n|\n|t:|1788401079\n|switch|p1a: Raichu|Raichu-Mega-Y, L50, F|37/100 brn\n|turn|6\n|\n|t:|1788401091\n|move|p1a: Raichu|Fake Out|p2a: Samurott\n|-damage|p2a: Samurott|94/100\n|move|p2b: Sinistcha|Rage Powder|p2b: Sinistcha\n|-singleturn|p2b: Sinistcha|move: Rage Powder\n|cant|p2a: Samurott|flinch\n|move|p1b: Kingambit|Kowtow Cleave|p2b: Sinistcha\n|-supereffective|p2b: Sinistcha|1\n|-damage|p2b: Sinistcha|0 fnt\n|faint|p2b: Sinistcha\n|-damage|p1b: Kingambit|90/100|[from] item: Life Orb\n|\n|-damage|p1a: Raichu|31/100 brn|[from] brn\n|upkeep\n|\n|t:|1788401098\n|switch|p2b: Delphox|Delphox-Mega, L50, F|100/100\n|turn|7\n|\n|t:|1788401114\n|move|p1a: Raichu|Protect|p1a: Raichu\n|-singleturn|p1a: Raichu|Protect\n|move|p1b: Kingambit|Sucker Punch|p2b: Delphox\n|-supereffective|p2b: Delphox|1\n|-damage|p2b: Delphox|0 fnt\n|faint|p2b: Delphox\n|-damage|p1b: Kingambit|80/100|[from] item: Life Orb\n|move|p2a: Samurott|Razor Shell|p1a: Raichu\n|-activate|p1a: Raichu|move: Protect\n|\n|-damage|p1a: Raichu|25/100 brn|[from] brn\n|upkeep\n|turn|8\n|c|☆DylanNoPancakes|I for some reason saw you were lord and thought \"sucker won't kill\" rofl\n|c|☆DylanNoPancakes|gg\n|\n|t:|1788401137\n|switch|p1a: Arcanine|Arcanine-Hisui, L50, M|87/100\n|move|p2a: Samurott|Razor Shell|p1a: Arcanine\n|-supereffective|p1a: Arcanine|2\n|-damage|p1a: Arcanine|0 fnt\n|faint|p1a: Arcanine\n|move|p1b: Kingambit|Swords Dance|p1b: Kingambit\n|-boost|p1b: Kingambit|atk|2\n|\n|upkeep\n|c|☆DylanNoPancakes|lorb *\n|c|☆ImSoCalamari|yeah the sucker unfortunately kills haha\n|\n|t:|1788401155\n|switch|p1a: Raichu|Raichu-Mega-Y, L50, F|25/100 brn\n|turn|9\n|c|☆DylanNoPancakes|for sure rofl\n|\n|t:|1788401164\n|move|p1a: Raichu|Fake Out|p2a: Samurott\n|-damage|p2a: Samurott|88/100\n|cant|p2a: Samurott|flinch\n|move|p1b: Kingambit|Kowtow Cleave|p2a: Samurott\n|-resisted|p2a: Samurott|1\n|-damage|p2a: Samurott|2/100\n|-damage|p1b: Kingambit|71/100|[from] item: Life Orb\n|\n|-damage|p1a: Raichu|19/100 brn|[from] brn\n|upkeep\n|turn|10\n|\n|t:|1788401174\n|move|p1b: Kingambit|Sucker Punch|p2a: Samurott\n|-resisted|p2a: Samurott|1\n|-damage|p2a: Samurott|0 fnt\n|faint|p2a: Samurott\n|-damage|p1b: Kingambit|61/100|[from] item: Life Orb\n|\n|win|ImSoCalamari\n|raw|ImSoCalamari's rating: 1227 &rarr; <strong>1259</strong><br />(+32 for winning)\n|raw|DylanNoPancakes's rating: 1327 &rarr; <strong>1301</strong><br />(-26 for losing)\n|l|☆DylanNoPancakes\n|player|p2|\n|c|☆ImSoCalamari|ggs ggs\n","uploadtime":1788401198,"views":"0","formatid":"gen9championsvgc2026regmb","rating":1259,"private":0,"password":null}