{"id":"gen9championsvgc2026regmb-2674266053","format":"[Gen 9 Champions] VGC 2026 Reg M-B","players":["willhoop","GoofyTaco"],"log":"|j|☆willhoop\n|j|☆GoofyTaco\n|t:|1788326965\n|gametype|doubles\n|player|p1|willhoop|crasherwake|1413\n|player|p2|GoofyTaco|colress|1402\n|gen|9\n|tier|[Gen 9 Champions] VGC 2026 Reg M-B\n|rated|\n|rule|Species Clause: Limit one of each Pokémon\n|rule|Item Clause: Limit 1 of each item\n|clearpoke\n|poke|p1|Charizard, L50, F|\n|poke|p1|Whimsicott, L50, F|\n|poke|p1|Sneasler, L50, F|\n|poke|p1|Venusaur, L50, M|\n|poke|p1|Swampert, L50, F|\n|poke|p1|Gholdengo, L50|\n|poke|p2|Golurk, L50|\n|poke|p2|Kingambit, L50, F|\n|poke|p2|Primarina, L50, F|\n|poke|p2|Vanilluxe, L50, M|\n|poke|p2|Farigiraf, L50, F|\n|poke|p2|Decidueye-Hisui, L50, M|\n|teampreview|4\n|inactive|Battle timer is ON: inactive players will automatically lose when time's up. (requested by GoofyTaco)\n|inactive|willhoop also wants the timer to be on.\n|\n|t:|1788326994\n|teamsize|p1|4\n|teamsize|p2|4\n|start\n|switch|p1a: Charizard|Charizard, L50, F|100/100\n|switch|p1b: Venusaur|Venusaur, L50, M|100/100\n|switch|p2a: no priority?|Farigiraf, L50, F|100/100\n|switch|p2b: Queen’s Gambit|Kingambit, L50, F|100/100\n|turn|1\n|c|☆GoofyTaco|Gl hf\n|c|☆willhoop|glhf\n|inactive|GoofyTaco has 30 seconds left.\n|\n|t:|1788327020\n|detailschange|p1a: Charizard|Charizard-Mega-Y, L50, F\n|-mega|p1a: Charizard|Charizard|Charizardite Y\n|-weather|SunnyDay|[from] ability: Drought|[of] p1a: Charizard\n|move|p2b: Queen’s Gambit|Sucker Punch|p1a: Charizard\n|-damage|p1a: Charizard|43/100\n|move|p1b: Venusaur|Sleep Powder|p2a: no priority?\n|-status|p2a: no priority?|slp|[from] move: Sleep Powder\n|move|p1a: Charizard|Heat Wave|p2a: no priority?|[spread] p2a,p2b\n|-supereffective|p2b: Queen’s Gambit|1\n|-damage|p2a: no priority?|41/100 slp\n|-enditem|p2b: Queen’s Gambit|Focus Sash\n|-damage|p2b: Queen’s Gambit|1/100\n|cant|p2a: no priority?|slp\n|\n|-weather|SunnyDay|[upkeep]\n|upkeep\n|turn|2\n|inactive|willhoop has 30 seconds left.\n|\n|t:|1788327045\n|move|p1a: Charizard|Protect|p1a: Charizard\n|-singleturn|p1a: Charizard|Protect\n|-curestatus|p2a: no priority?|slp|[msg]\n|move|p2a: no priority?|Protect|p2a: no priority?\n|-singleturn|p2a: no priority?|Protect\n|move|p2b: Queen’s Gambit|Sucker Punch||[still]\n|-fail|p2b: Queen’s Gambit\n|move|p1b: Venusaur|Solar Beam||[still]\n|-prepare|p1b: Venusaur|Solar Beam\n|-anim|p1b: Venusaur|Solar Beam|p2b: Queen’s Gambit\n|-resisted|p2b: Queen’s Gambit|1\n|-damage|p2b: Queen’s Gambit|0 fnt\n|faint|p2b: Queen’s Gambit\n|-damage|p1b: Venusaur|90/100|[from] item: Life Orb\n|\n|-weather|SunnyDay|[upkeep]\n|upkeep\n|\n|t:|1788327050\n|switch|p2b: Urshifu at Home|Golurk, L50|100/100\n|turn|3\n|c|☆GoofyTaco|Prob ggs\n|\n|t:|1788327068\n|move|p1b: Venusaur|Solar Beam||[still]\n|-prepare|p1b: Venusaur|Solar Beam\n|-anim|p1b: Venusaur|Solar Beam|p2b: Urshifu at Home\n|-supereffective|p2b: Urshifu at Home|1\n|-crit|p2b: Urshifu at Home\n|-damage|p2b: Urshifu at Home|0 fnt\n|faint|p2b: Urshifu at Home\n|-damage|p1b: Venusaur|80/100|[from] item: Life Orb\n|move|p1a: Charizard|Heat Wave|p2a: no priority?|[miss]\n|-miss|p1a: Charizard|p2a: no priority?\n|move|p2a: no priority?|Trick Room|p2a: no priority?\n|-fieldstart|move: Trick Room|[of] p2a: no priority?\n|\n|-weather|SunnyDay|[upkeep]\n|upkeep\n|\n|t:|1788327072\n|switch|p2b: burb|Decidueye-Hisui, L50, M|100/100\n|turn|4\n|\n|t:|1788327088\n|move|p2b: burb|Triple Arrows|p1a: Charizard\n|-resisted|p1a: Charizard|1\n|-damage|p1a: Charizard|16/100\n|-unboost|p1a: Charizard|def|1\n|move|p2a: no priority?|Twin Beam|p1b: Venusaur\n|-supereffective|p1b: Venusaur|1\n|-damage|p1b: Venusaur|45/100\n|-supereffective|p1b: Venusaur|1\n|-damage|p1b: Venusaur|9/100\n|-hitcount|p1b: Venusaur|2\n|cant|p1a: Charizard|flinch\n|move|p1b: Venusaur|Sludge Bomb|p2b: burb\n|-supereffective|p2b: burb|1\n|-damage|p2b: burb|20/100r\n|-status|p2b: burb|psn\n|-damage|p1b: Venusaur|0 fnt|[from] item: Life Orb\n|faint|p1b: Venusaur\n|\n|-weather|SunnyDay|[upkeep]\n|-damage|p2b: burb|7/100 psn|[from] psn\n|upkeep\n|\n|t:|1788327104\n|switch|p1b: Gholdengo|Gholdengo, L50|100/100\n|turn|5\n|\n|t:|1788327117\n|move|p1b: Gholdengo|Protect|p1b: Gholdengo\n|-singleturn|p1b: Gholdengo|Protect\n|move|p1a: Charizard|Protect|p1a: Charizard\n|-singleturn|p1a: Charizard|Protect\n|move|p2b: burb|Triple Arrows|p1b: Gholdengo\n|-activate|p1b: Gholdengo|move: Protect\n|move|p2a: no priority?|Twin Beam|p1a: Charizard\n|-activate|p1a: Charizard|move: Protect\n|\n|-weather|none\n|-damage|p2b: burb|0 fnt|[from] psn\n|faint|p2b: burb\n|upkeep\n|turn|6\n|\n|t:|1788327126\n|switch|p1a: Sneasler|Sneasler, L50, F|100/100\n|move|p2a: no priority?|Twin Beam|p1a: Sneasler\n|-supereffective|p1a: Sneasler|2\n|-damage|p1a: Sneasler|13/100\n|-supereffective|p1a: Sneasler|2\n|-damage|p1a: Sneasler|0 fnt\n|faint|p1a: Sneasler\n|-hitcount|p1: Sneasler|2\n|move|p1b: Gholdengo|Make It Rain|p2a: no priority?\n|-damage|p2a: no priority?|0 fnt\n|-unboost|p1b: Gholdengo|spa|2\n|faint|p2a: no priority?\n|\n|win|willhoop\n|raw|willhoop's rating: 1413 &rarr; <strong>1432</strong><br />(+19 for winning)\n|raw|GoofyTaco's rating: 1402 &rarr; <strong>1383</strong><br />(-19 for losing)\n|c|☆willhoop|gg\n","uploadtime":1788327133,"views":"3","formatid":"gen9championsvgc2026regmb","rating":1383,"private":0,"password":null}