{"id":"gen9championsvgc2026regmbbo3-2674215686","format":"[Gen 9 Champions] VGC 2026 Reg M-B (Bo3)","players":["teyvgc","LaDdeDavo"],"log":"|j|☆teyvgc\n|j|☆LaDdeDavo\n|html|<table width=\"100%\"><tr><td align=\"left\">teyvgc</td><td align=\"right\">LaDdeDavo</tr><tr><td align=\"left\"><i class=\"fa fa-circle-o\"></i> <i class=\"fa fa-circle-o\"></i> </td><td align=\"right\"><i class=\"fa fa-circle-o\"></i> <i class=\"fa fa-circle-o\"></i> </tr></table>\n|uhtml|bestof|<h2><strong>Game 1</strong> of <a href=\"/game-bestof3-gen9championsvgc2026regmbbo3-2674215685\">a best-of-3</a></h2>\n|t:|1788316890\n|gametype|doubles\n|player|p1|teyvgc|rood|1393\n|player|p2|LaDdeDavo|iris|1454\n|gen|9\n|tier|[Gen 9 Champions] VGC 2026 Reg M-B (Bo3)\n|rated|\n|rule|Species Clause: Limit one of each Pokémon\n|rule|Item Clause: Limit 1 of each item\n|clearpoke\n|poke|p1|Delphox, L50, F|\n|poke|p1|Vanilluxe, L50, F|\n|poke|p1|Floette-Eternal, L50, F|\n|poke|p1|Sinistcha, L50|\n|poke|p1|Milotic, L50, M|\n|poke|p1|Incineroar, L50, M|\n|poke|p2|Whimsicott, L50, F, shiny|\n|poke|p2|Garchomp, L50, M|\n|poke|p2|Basculegion, L50, M|\n|poke|p2|Charizard, L50, F|\n|poke|p2|Floette-Eternal, L50, F|\n|poke|p2|Kingambit, L50, F|\n|teampreview|4\n|showteam|p1|Delphox||Delphoxite|Blaze|HeatWave,Psychic,NastyPlot,Protect|Timid||F|||50|]Vanilluxe||ChoiceScarf|SnowWarning|Blizzard,FreezeDry,SheerCold,IcyWind|Timid||F|||50|]Floette-Eternal||Floettite|FlowerVeil|Protect,Moonblast,DazzlingGleam,CalmMind|Modest||F|||50|]Sinistcha||KasibBerry|Hospitality|LifeDew,RagePowder,MatchaGotcha,Protect|Bold|||||50|]Milotic||Leftovers|Competitive|Coil,Protect,MuddyWater,Hypnosis|Bold||M|||50|]Incineroar||SitrusBerry|Intimidate|FakeOut,PartingShot,FlareBlitz,DarkestLariat|Impish||M|||50|\n|showteam|p2|Whimsicott||FocusSash|Prankster|Protect,Tailwind,Encore,Moonblast|Timid||F|||50|]Garchomp||SitrusBerry|RoughSkin|Protect,RockSlide,Earthquake,DragonClaw|Jolly||M|||50|]Basculegion||LifeOrb|Adaptability|Protect,WaveCrash,LastRespects,AquaJet|Adamant||M|||50|]Charizard||CharizarditeY|Blaze|Protect,HeatWave,WeatherBall,AncientPower|Modest||F|||50|]Floette-Eternal||Floettite|FlowerVeil|Protect,LightofRuin,DazzlingGleam,Moonblast|Modest||F|||50|]Kingambit||OccaBerry|Defiant|LowKick,SuckerPunch,KowtowCleave,IronHead|Adamant||F|||50|\n|inactive|Battle timer is ON: inactive players will automatically lose when time's up. (requested by LaDdeDavo)\n|inactive|teyvgc has 60 seconds left.\n|\n|t:|1788316949\n|teamsize|p1|4\n|teamsize|p2|4\n|start\n|switch|p1a: Delphox|Delphox, L50, F|100/100\n|switch|p1b: Sinistcha|Sinistcha, L50|100/100\n|switch|p2a: Charizard|Charizard, L50, F|100/100\n|switch|p2b: Kingambit|Kingambit, L50, F|100/100\n|turn|1\n|\n|t:|1788316974\n|detailschange|p1a: Delphox|Delphox-Mega, L50, F\n|-mega|p1a: Delphox|Delphox|Delphoxite\n|detailschange|p2a: Charizard|Charizard-Mega-Y, L50, F\n|-mega|p2a: Charizard|Charizard|Charizardite Y\n|-weather|SunnyDay|[from] ability: Drought|[of] p2a: Charizard\n|move|p1b: Sinistcha|Rage Powder|p1b: Sinistcha\n|-singleturn|p1b: Sinistcha|move: Rage Powder\n|move|p1a: Delphox|Heat Wave|p2b: Kingambit|[spread] p2a,p2b\n|-resisted|p2a: Charizard|1\n|-supereffective|p2b: Kingambit|1\n|-enditem|p2b: Kingambit|Occa Berry|[eat]\n|-enditem|p2b: Kingambit|Occa Berry|[weaken]\n|-damage|p2a: Charizard|75/100\n|-damage|p2b: Kingambit|51/100\n|move|p2a: Charizard|Weather Ball|p1b: Sinistcha\n|-supereffective|p1b: Sinistcha|1\n|-damage|p1b: Sinistcha|0 fnt\n|faint|p1b: Sinistcha\n|move|p2b: Kingambit|Kowtow Cleave|p1a: Delphox\n|-supereffective|p1a: Delphox|1\n|-damage|p1a: Delphox|0 fnt\n|faint|p1a: Delphox\n|\n|-weather|SunnyDay|[upkeep]\n|upkeep\n|\n|t:|1788316986\n|switch|p1a: Milotic|Milotic, L50, M|100/100\n|switch|p1b: Vanilluxe|Vanilluxe, L50, F|100/100\n|-weather|Snowscape|[from] ability: Snow Warning|[of] p1b: Vanilluxe\n|turn|2\n|\n|t:|1788316998\n|move|p1b: Vanilluxe|Blizzard|p2b: Kingambit|[spread] p2a,p2b\n|-resisted|p2b: Kingambit|1\n|-damage|p2a: Charizard|42/100\n|-damage|p2b: Kingambit|35/100\n|move|p2a: Charizard|Heat Wave|p1a: Milotic|[spread] p1a,p1b\n|-resisted|p1a: Milotic|1\n|-supereffective|p1b: Vanilluxe|1\n|-damage|p1a: Milotic|85/100\n|-damage|p1b: Vanilluxe|8/100\n|move|p1a: Milotic|Coil|p1a: Milotic\n|-boost|p1a: Milotic|atk|1\n|-boost|p1a: Milotic|def|1\n|-boost|p1a: Milotic|accuracy|1\n|move|p2b: Kingambit|Kowtow Cleave|p1a: Milotic\n|-damage|p1a: Milotic|62/100\n|\n|-weather|Snowscape|[upkeep]\n|-heal|p1a: Milotic|68/100|[from] item: Leftovers\n|upkeep\n|turn|3\n|\n|t:|1788317014\n|move|p2b: Kingambit|Sucker Punch|p1b: Vanilluxe\n|-damage|p1b: Vanilluxe|0 fnt\n|faint|p1b: Vanilluxe\n|move|p2a: Charizard|Ancient Power|p1a: Milotic\n|-damage|p1a: Milotic|52/100\n|move|p1a: Milotic|Muddy Water|p2a: Charizard|[spread] p2a,p2b\n|-supereffective|p2a: Charizard|1\n|-crit|p2b: Kingambit\n|-damage|p2a: Charizard|0 fnt\n|-damage|p2b: Kingambit|6/100\n|faint|p2a: Charizard\n|\n|-weather|Snowscape|[upkeep]\n|-heal|p1a: Milotic|58/100|[from] item: Leftovers\n|upkeep\n|\n|t:|1788317022\n|switch|p2a: Whimsicott|Whimsicott, L50, F, shiny|100/100\n|turn|4\n|\n|t:|1788317031\n|move|p2a: Whimsicott|Tailwind|p2a: Whimsicott\n|-sidestart|p2: LaDdeDavo|move: Tailwind\n|move|p2b: Kingambit|Kowtow Cleave|p1a: Milotic\n|-damage|p1a: Milotic|32/100\n|move|p1a: Milotic|Muddy Water|p2a: Whimsicott|[spread] p2a,p2b\n|-resisted|p2a: Whimsicott|1\n|-damage|p2a: Whimsicott|82/100\n|-damage|p2b: Kingambit|0 fnt\n|faint|p2b: Kingambit\n|\n|-weather|Snowscape|[upkeep]\n|-heal|p1a: Milotic|38/100|[from] item: Leftovers\n|upkeep\n|\n|t:|1788317033\n|switch|p2b: Basculegion|Basculegion, L50, M|100/100\n|turn|5\n|\n|t:|1788317038\n|move|p2a: Whimsicott|Moonblast|p1a: Milotic\n|-damage|p1a: Milotic|14/100\n|move|p2b: Basculegion|Last Respects|p1a: Milotic\n|-damage|p1a: Milotic|0 fnt\n|faint|p1a: Milotic\n|-damage|p2b: Basculegion|90/100|[from] item: Life Orb\n|\n|win|LaDdeDavo\n","uploadtime":1788317039,"views":"1","formatid":"gen9championsvgc2026regmbbo3","rating":null,"private":0,"password":null}