{"id":"gen9championsvgc2026regmbbo3-2673508525","format":"[Gen 9 Champions] VGC 2026 Reg M-B (Bo3)","players":["LihuDiamond7","vtzin010"],"log":"|j|☆LihuDiamond7\n|j|☆vtzin010\n|html|<table width=\"100%\"><tr><td align=\"left\">LihuDiamond7</td><td align=\"right\">vtzin010</tr><tr><td align=\"left\"><i class=\"fa fa-circle\"></i> <i class=\"fa fa-circle-o\"></i> </td><td align=\"right\"><i class=\"fa fa-circle-o\"></i> <i class=\"fa fa-circle\"></i> </tr></table>\n|uhtml|bestof|<h2><strong>Game 3</strong> of <a href=\"/game-bestof3-gen9championsvgc2026regmbbo3-2673505121\">a best-of-3</a></h2>\n|t:|1788206332\n|gametype|doubles\n|player|p1|LihuDiamond7|bellelba|1000\n|player|p2|vtzin010|ethan|1070\n|gen|9\n|tier|[Gen 9 Champions] VGC 2026 Reg M-B (Bo3)\n|rated|\n|rule|Species Clause: Limit one of each Pokémon\n|rule|Item Clause: Limit 1 of each item\n|clearpoke\n|poke|p1|Charizard, L50, M, shiny|\n|poke|p1|Whimsicott, L50, F, shiny|\n|poke|p1|Incineroar, L50, M|\n|poke|p1|Basculegion, L50, M|\n|poke|p1|Kingambit, L50, F, shiny|\n|poke|p1|Raichu, L50, M|\n|poke|p2|Charizard, L50, M, shiny|\n|poke|p2|Floette-Eternal, L50, F|\n|poke|p2|Whimsicott, L50, M|\n|poke|p2|Garchomp, L50, M|\n|poke|p2|Kingambit, L50, F|\n|poke|p2|Basculegion, L50, M|\n|teampreview|4\n|showteam|p1|Charizard||CharizarditeY|Blaze|WeatherBall,HeatWave,SolarBeam,Protect|Modest||M|||50|]Whimsicott||FocusSash|Prankster|Moonblast,Tailwind,Encore,Protect|Timid||F|||50|]Incineroar||PasshoBerry|Intimidate|FakeOut,PartingShot,FlareBlitz,Protect|Impish||M|||50|]Basculegion||MysticWater|Adaptability|WaveCrash,LastRespects,AquaJet,Protect|Adamant||M|||50|]Kingambit||ChopleBerry|Defiant|IronHead,SuckerPunch,Protect,LowKick|Adamant||F|||50|]Raichu||RaichuniteY|Static|FocusBlast,FakeOut,Protect,ZapCannon|Hasty||M|||50|\n|showteam|p2|Charizard||CharizarditeY|Blaze|HeatWave,WeatherBall,SolarBeam,Protect|Timid||M|||50|]Floette-Eternal||Floettite|FlowerVeil|Moonblast,DazzlingGleam,LightofRuin,Protect|Timid||F|||50|]Whimsicott||FocusSash|Prankster|Moonblast,Tailwind,Encore,Protect|Timid||M|||50|]Garchomp||SitrusBerry|RoughSkin|Earthquake,DragonClaw,RockSlide,Protect|Jolly||M|||50|]Kingambit||ChopleBerry|Defiant|KowtowCleave,SuckerPunch,IronHead,Protect|Adamant||F|||50|]Basculegion||MysticWater|Adaptability|WaveCrash,AquaJet,LastRespects,Protect|Adamant||M|||50|\n|inactive|Battle timer is ON: inactive players will automatically lose when time's up. (requested by vtzin010)\n|\n|t:|1788206341\n|teamsize|p1|4\n|teamsize|p2|4\n|start\n|switch|p1a: Nico Di Angelo|Basculegion, L50, M|100/100\n|switch|p1b: Leo Valdez|Incineroar, L50, M|100/100\n|switch|p2a: Charizard|Charizard, L50, M, shiny|100/100\n|switch|p2b: Whimsicott|Whimsicott, L50, M|100/100\n|-ability|p1b: Leo Valdez|Intimidate|boost\n|-unboost|p2a: Charizard|atk|1\n|-unboost|p2b: Whimsicott|atk|1\n|turn|1\n|\n|t:|1788206356\n|detailschange|p2a: Charizard|Charizard-Mega-Y, L50, M, shiny\n|-mega|p2a: Charizard|Charizard|Charizardite Y\n|-weather|SunnyDay|[from] ability: Drought|[of] p2a: Charizard\n|move|p1b: Leo Valdez|Fake Out|p2b: Whimsicott\n|-damage|p2b: Whimsicott|82/100\n|cant|p2b: Whimsicott|flinch\n|move|p2a: Charizard|Solar Beam||[still]\n|-prepare|p2a: Charizard|Solar Beam\n|-anim|p2a: Charizard|Solar Beam|p1a: Nico Di Angelo\n|-supereffective|p1a: Nico Di Angelo|1\n|-damage|p1a: Nico Di Angelo|13/100\n|move|p1a: Nico Di Angelo|Wave Crash|p2a: Charizard\n|-supereffective|p2a: Charizard|1\n|-damage|p2a: Charizard|0 fnt\n|faint|p2a: Charizard\n|-damage|p1a: Nico Di Angelo|0 fnt|[from] Recoil\n|faint|p1a: Nico Di Angelo\n|\n|-weather|SunnyDay|[upkeep]\n|upkeep\n|\n|t:|1788206378\n|switch|p2a: Garchomp|Garchomp, L50, M|100/100\n|switch|p1a: Clarisse|Kingambit, L50, F, shiny|100/100\n|turn|2\n|\n|t:|1788206387\n|move|p2b: Whimsicott|Protect|p2b: Whimsicott\n|-singleturn|p2b: Whimsicott|Protect\n|move|p2a: Garchomp|Earthquake|p1a: Clarisse|[spread] p1a,p1b\n|-activate|p2b: Whimsicott|move: Protect\n|-supereffective|p1a: Clarisse|1\n|-supereffective|p1b: Leo Valdez|1\n|-damage|p1a: Clarisse|50/100g\n|-damage|p1b: Leo Valdez|46/100\n|move|p1b: Leo Valdez|Parting Shot|p2a: Garchomp\n|-unboost|p2a: Garchomp|atk|1\n|-unboost|p2a: Garchomp|spa|1\n|\n|t:|1788206397\n|switch|p1b: Jason|Raichu, L50, M|100/100|[from] Parting Shot\n|move|p1a: Clarisse|Iron Head|p2b: Whimsicott\n|-activate|p2b: Whimsicott|move: Protect\n|\n|-weather|SunnyDay|[upkeep]\n|upkeep\n|turn|3\n|\n|t:|1788206416\n|detailschange|p1b: Jason|Raichu-Mega-Y, L50, M\n|-mega|p1b: Jason|Raichu|Raichunite Y\n|move|p1b: Jason|Fake Out|p2a: Garchomp\n|-crit|p2a: Garchomp\n|-damage|p2a: Garchomp|85/100\n|-damage|p1b: Jason|87/100|[from] ability: Rough Skin|[of] p2a: Garchomp\n|move|p2b: Whimsicott|Tailwind|p2b: Whimsicott\n|-sidestart|p2: vtzin010|move: Tailwind\n|cant|p2a: Garchomp|flinch\n|move|p1a: Clarisse|Iron Head|p2b: Whimsicott\n|-supereffective|p2b: Whimsicott|1\n|-damage|p2b: Whimsicott|0 fnt\n|faint|p2b: Whimsicott\n|\n|-weather|SunnyDay|[upkeep]\n|upkeep\n|\n|t:|1788206426\n|switch|p2b: Basculegion|Basculegion, L50, M|100/100\n|turn|4\n|\n|t:|1788206433\n|move|p1b: Jason|Protect|p1b: Jason\n|-singleturn|p1b: Jason|Protect\n|move|p2b: Basculegion|Protect|p2b: Basculegion\n|-singleturn|p2b: Basculegion|Protect\n|move|p1a: Clarisse|Sucker Punch||[still]\n|-fail|p1a: Clarisse\n|move|p2a: Garchomp|Earthquake|p1b: Jason|[spread] p1a\n|-activate|p2b: Basculegion|move: Protect\n|-activate|p1b: Jason|move: Protect\n|-supereffective|p1a: Clarisse|1\n|-damage|p1a: Clarisse|20/100y\n|\n|-weather|SunnyDay|[upkeep]\n|upkeep\n|turn|5\n|inactive|vtzin010 has 30 seconds left.\n|\n|t:|1788206460\n|switch|p1b: Leo Valdez|Incineroar, L50, M|46/100\n|-ability|p1b: Leo Valdez|Intimidate|boost\n|-unboost|p2a: Garchomp|atk|1\n|-unboost|p2b: Basculegion|atk|1\n|move|p2a: Garchomp|Protect|p2a: Garchomp\n|-singleturn|p2a: Garchomp|Protect\n|move|p1a: Clarisse|Sucker Punch|p2b: Basculegion\n|-supereffective|p2b: Basculegion|1\n|-damage|p2b: Basculegion|0 fnt\n|faint|p2b: Basculegion\n|\n|-weather|none\n|upkeep\n|turn|6\n|\n|t:|1788206476\n|move|p1b: Leo Valdez|Fake Out|p2a: Garchomp\n|-damage|p2a: Garchomp|72/100\n|-damage|p1b: Leo Valdez|34/100|[from] ability: Rough Skin|[of] p2a: Garchomp\n|cant|p2a: Garchomp|flinch\n|move|p1a: Clarisse|Iron Head|p2a: Garchomp\n|-damage|p2a: Garchomp|27/100\n|-damage|p1a: Clarisse|8/100|[from] ability: Rough Skin|[of] p2a: Garchomp\n|-enditem|p2a: Garchomp|Sitrus Berry|[eat]\n|-heal|p2a: Garchomp|52/100|[from] item: Sitrus Berry\n|\n|-sideend|p2: vtzin010|move: Tailwind\n|upkeep\n|turn|7\n|\n|t:|1788206494\n|move|p1a: Clarisse|Sucker Punch|p2a: Garchomp\n|-damage|p2a: Garchomp|12/100\n|-damage|p1a: Clarisse|0 fnt|[from] ability: Rough Skin|[of] p2a: Garchomp\n|faint|p1a: Clarisse\n|move|p2a: Garchomp|Earthquake|p1b: Leo Valdez\n|-supereffective|p1b: Leo Valdez|1\n|-crit|p1b: Leo Valdez\n|-damage|p1b: Leo Valdez|0 fnt\n|faint|p1b: Leo Valdez\n|\n|upkeep\n|\n|t:|1788206503\n|switch|p1b: Jason|Raichu-Mega-Y, L50, M|87/100\n|turn|8\n|\n|t:|1788206511\n|move|p1b: Jason|Fake Out|p2a: Garchomp\n|-crit|p2a: Garchomp\n|-damage|p2a: Garchomp|0 fnt\n|-damage|p1b: Jason|75/100|[from] ability: Rough Skin|[of] p2a: Garchomp\n|faint|p2a: Garchomp\n|\n|win|LihuDiamond7\n|raw|LihuDiamond7's rating: 1000 &rarr; <strong>1048</strong><br />(+48 for winning)\n|raw|vtzin010's rating: 1070 &rarr; <strong>1045</strong><br />(-25 for losing)\n|l|☆vtzin010\n|player|p2|\n|c|☆LihuDiamond7|gg\n","uploadtime":1788206528,"views":"3","formatid":"gen9championsvgc2026regmbbo3","rating":1045,"private":0,"password":null}