{"id":"gen9championsvgc2026regmb-2674903908","format":"[Gen 9 Champions] VGC 2026 Reg M-B","players":["rilevs","Thornlace48812"],"log":"|j|☆rilevs\n|j|☆Thornlace48812\n|t:|1788433029\n|gametype|doubles\n|player|p1|rilevs|roxie|1336\n|player|p2|Thornlace48812|102|1305\n|gen|9\n|tier|[Gen 9 Champions] VGC 2026 Reg M-B\n|rated|\n|rule|Species Clause: Limit one of each Pokémon\n|rule|Item Clause: Limit 1 of each item\n|clearpoke\n|poke|p1|Staraptor, L50, F|\n|poke|p1|Metagross, L50|\n|poke|p1|Farigiraf, L50, M|\n|poke|p1|Whimsicott, L50, M|\n|poke|p1|Garchomp, L50, F|\n|poke|p1|Ceruledge, L50, M|\n|poke|p2|Garchomp, L50, M|\n|poke|p2|Charizard, L50, M|\n|poke|p2|Whimsicott, L50, M|\n|poke|p2|Sylveon, L50, M|\n|poke|p2|Kingambit, L50, F|\n|poke|p2|Basculegion, L50, M|\n|teampreview|4\n|inactive|Battle timer is ON: inactive players will automatically lose when time's up. (requested by Thornlace48812)\nThornlace48812 rejected open team sheets.\n|inactive|rilevs has 60 seconds left.\n|\n|t:|1788433078\n|teamsize|p1|4\n|teamsize|p2|4\n|start\n|switch|p1a: Metagross|Metagross, L50|100/100\n|switch|p1b: Farigiraf|Farigiraf, L50, M|100/100\n|switch|p2a: Charizard|Charizard, L50, M|100/100\n|switch|p2b: Garchomp|Garchomp, L50, M|100/100\n|turn|1\n|\n|t:|1788433101\n|switch|p1a: Garchomp|Garchomp, L50, F|100/100\n|detailschange|p2a: Charizard|Charizard-Mega-Y, L50, M\n|-mega|p2a: Charizard|Charizard|Charizardite Y\n|-weather|SunnyDay|[from] ability: Drought|[of] p2a: Charizard\n|move|p2b: Garchomp|Earthquake|p1b: Farigiraf|[spread] p1a,p1b\n|-immune|p2a: Charizard\n|-damage|p1a: Garchomp|51/100\n|-damage|p1b: Farigiraf|51/100\n|-damage|p2b: Garchomp|90/100|[from] item: Life Orb\n|move|p2a: Charizard|Heat Wave|p1a: Garchomp|[spread] p1a,p1b\n|-resisted|p1a: Garchomp|1\n|-damage|p1a: Garchomp|11/100\n|-damage|p1b: Farigiraf|0 fnt\n|faint|p1b: Farigiraf\n|\n|-weather|SunnyDay|[upkeep]\n|upkeep\n|\n|t:|1788433118\n|switch|p1b: Ceruledge|Ceruledge, L50, M|100/100\n|turn|2\n|\n|t:|1788433124\n|switch|p2a: Whimsicott|Whimsicott, L50, M|100/100\n|move|p2b: Garchomp|Dragon Claw|p1a: Garchomp\n|-supereffective|p1a: Garchomp|1\n|-damage|p1a: Garchomp|0 fnt\n|-damage|p2b: Garchomp|77/100|[from] ability: Rough Skin|[of] p1a: Garchomp\n|faint|p1a: Garchomp\n|-damage|p2b: Garchomp|68/100|[from] item: Life Orb\n|move|p1b: Ceruledge|Bulk Up|p1b: Ceruledge\n|-boost|p1b: Ceruledge|atk|1\n|-boost|p1b: Ceruledge|def|1\n|\n|-weather|SunnyDay|[upkeep]\n|upkeep\n|\n|t:|1788433132\n|switch|p1a: Metagross|Metagross, L50|100/100\n|turn|3\n|\n|t:|1788433152\n|detailschange|p1a: Metagross|Metagross-Mega, L50\n|-mega|p1a: Metagross|Metagross|Metagrossite\n|move|p2a: Whimsicott|Tailwind|p2a: Whimsicott\n|-sidestart|p2: Thornlace48812|move: Tailwind\n|move|p2b: Garchomp|Earthquake|p1b: Ceruledge|[spread] p2a,p1a,p1b\n|-resisted|p2a: Whimsicott|1\n|-supereffective|p1a: Metagross|1\n|-supereffective|p1b: Ceruledge|1\n|-damage|p2a: Whimsicott|62/100\n|-damage|p1a: Metagross|26/100\n|-damage|p1b: Ceruledge|17/100\n|-damage|p2b: Garchomp|58/100|[from] item: Life Orb\n|move|p1a: Metagross|Iron Head|p2b: Garchomp\n|-damage|p2b: Garchomp|0 fnt\n|-damage|p1a: Metagross|14/100|[from] ability: Rough Skin|[of] p2b: Garchomp\n|faint|p2b: Garchomp\n|move|p1b: Ceruledge|Bitter Blade|p2a: Whimsicott\n|-supereffective|p2a: Whimsicott|1\n|-damage|p2a: Whimsicott|0 fnt\n|-heal|p1b: Ceruledge|40/100|[from] drain|[of] p2a: Whimsicott\n|faint|p2a: Whimsicott\n|\n|-weather|SunnyDay|[upkeep]\n|upkeep\n|\n|t:|1788433153\n|switch|p2a: Charizard|Charizard-Mega-Y, L50, M|100/100\n|switch|p2b: Basculegion|Basculegion, L50, M|100/100\n|turn|4\n|inactive|rilevs has 30 seconds left.\n|\n|t:|1788433179\n|move|p1a: Metagross|Protect|p1a: Metagross\n|-singleturn|p1a: Metagross|Protect\n|move|p1b: Ceruledge|Shadow Sneak|p2b: Basculegion\n|-supereffective|p2b: Basculegion|1\n|-damage|p2b: Basculegion|27/100\n|move|p2a: Charizard|Heat Wave|p1b: Ceruledge|[spread] \n|-activate|p1a: Metagross|move: Protect\n|-start|p1b: Ceruledge|ability: Flash Fire\n|move|p2b: Basculegion|Last Respects|p1b: Ceruledge\n|-supereffective|p1b: Ceruledge|1\n|-damage|p1b: Ceruledge|0 fnt\n|faint|p1b: Ceruledge\n|\n|-weather|SunnyDay|[upkeep]\n|upkeep\n|turn|5\n|\n|t:|1788433191\n|move|p2a: Charizard|Heat Wave|p1a: Metagross\n|-supereffective|p1a: Metagross|1\n|-damage|p1a: Metagross|0 fnt\n|faint|p1a: Metagross\n|\n|win|Thornlace48812\n|raw|rilevs's rating: 1336 &rarr; <strong>1317</strong><br />(-19 for losing)\n|raw|Thornlace48812's rating: 1348 &rarr; <strong>1367</strong><br />(+19 for winning)\n","uploadtime":1788433191,"views":"0","formatid":"gen9championsvgc2026regmb","rating":1317,"private":0,"password":null}