{"id":"gen9championsvgc2026regmb-2674515026","format":"[Gen 9 Champions] VGC 2026 Reg M-B","players":["goblinwaltz","L'AGENCE ZACHHOEK"],"log":"|j|☆goblinwaltz\n|j|☆L'AGENCE ZACHHOEK\n|html|<table width=\"100%\"><tr><td align=\"left\">goblinwaltz</td><td align=\"right\">L&apos;AGENCE ZACHHOEK</tr><tr><td align=\"left\"><i class=\"fa fa-circle-o\"></i> <i class=\"fa fa-circle-o\"></i> </td><td align=\"right\"><i class=\"fa fa-circle-o\"></i> <i class=\"fa fa-circle-o\"></i> </tr></table>\n|uhtml|bestof|<h2><strong>Game 1</strong> of <a href=\"/game-bestof3-gen9championsvgc2026regmb-2674515025\">a best-of-3</a></h2>\n|t:|1788368853\n|gametype|doubles\n|player|p1|goblinwaltz|fantina|\n|player|p2|L'AGENCE ZACHHOEK|psychic-gen4|\n|gen|9\n|tier|[Gen 9 Champions] VGC 2026 Reg M-B\n|rule|Species Clause: Limit one of each Pokémon\n|rule|Item Clause: Limit 1 of each item\n|raw|<div class=\"infobox\"><details class=\"readmore\" open><summary><strong>1 custom rule:</strong></summary> bestof=3</details></div>\n|clearpoke\n|poke|p1|Sableye, L50, M|\n|poke|p1|Dragonite, L50, F|\n|poke|p1|Vaporeon, L50, M|\n|poke|p1|Simisear, L50, M|\n|poke|p1|Maushold-Four, L50|\n|poke|p1|Vileplume, L50, M|\n|poke|p2|Delphox, L50, F|\n|poke|p2|Blastoise, L50, F|\n|poke|p2|Clefable, L50, F|\n|poke|p2|Tinkaton, L50, F|\n|poke|p2|Noivern, L50, F|\n|poke|p2|Ariados, L50, F|\n|teampreview|4\n|c|☆L'AGENCE ZACHHOEK|hf :]\ngoblinwaltz rejected open team sheets.\n|c|☆goblinwaltz|same to you\n|\n|t:|1788368907\n|teamsize|p1|4\n|teamsize|p2|4\n|start\n|switch|p1a: Ginger|Sableye, L50, M|100/100\n|switch|p1b: Onion|Dragonite, L50, F|100/100\n|switch|p2a: Clefable|Clefable, L50, F|100/100\n|switch|p2b: Tinkaton|Tinkaton, L50, F|100/100\n|-ability|p2b: Tinkaton|Mold Breaker\n|turn|1\n|\n|t:|1788368928\n|switch|p1b: Garlic|Vaporeon, L50, M|100/100\n|detailschange|p2a: Clefable|Clefable-Mega, L50, F\n|-mega|p2a: Clefable|Clefable|Clefablite\n|move|p1a: Ginger|Light Screen|p1a: Ginger\n|-sidestart|p1: goblinwaltz|move: Light Screen\n|move|p2b: Tinkaton|Ice Hammer|p1b: Garlic|[miss]\n|-miss|p2b: Tinkaton|p1b: Garlic\n|move|p2a: Clefable|Calm Mind|p2a: Clefable\n|-boost|p2a: Clefable|spa|1\n|-boost|p2a: Clefable|spd|1\n|\n|upkeep\n|turn|2\n|\n|t:|1788368994\n|switch|p1a: Carrot|Maushold-Four, L50|100/100\n|move|p2b: Tinkaton|Play Rough|p1a: Carrot\n|-damage|p1a: Carrot|37/100\n|-unboost|p1a: Carrot|atk|1\n|move|p1b: Garlic|Muddy Water|p2a: Clefable|[spread] p2a,p2b\n|-damage|p2a: Clefable|77/100\n|-damage|p2b: Tinkaton|58/100\n|-unboost|p2b: Tinkaton|accuracy|1\n|move|p2a: Clefable|Moonblast|p1b: Garlic\n|-damage|p1b: Garlic|53/100\n|\n|upkeep\n|turn|3\n|\n|t:|1788369021\n|move|p2a: Clefable|Protect|p2a: Clefable\n|-singleturn|p2a: Clefable|Protect\n|move|p1a: Carrot|Population Bomb|p2a: Clefable\n|-activate|p2a: Clefable|move: Protect\n|move|p2b: Tinkaton|Gigaton Hammer|p1a: Carrot\n|-damage|p1a: Carrot|0 fnt\n|faint|p1a: Carrot\n|move|p1b: Garlic|Muddy Water|p2a: Clefable|[spread] p2b\n|-activate|p2a: Clefable|move: Protect\n|-damage|p2b: Tinkaton|13/100\n|-unboost|p2b: Tinkaton|accuracy|1\n|\n|upkeep\n|\n|t:|1788369031\n|switch|p1a: Onion|Dragonite, L50, F|100/100\n|turn|4\n|\n|t:|1788369065\n|switch|p2b: Noivern|Noivern, L50, F|100/100\n|-item|p1a: Onion|Dragoninite|[from] ability: Frisk|[of] p2b: Noivern\n|-item|p1b: Garlic|Mystic Water|[from] ability: Frisk|[of] p2b: Noivern\n|move|p1a: Onion|Protect|p1a: Onion\n|-singleturn|p1a: Onion|Protect\n|move|p1b: Garlic|Icy Wind|p2b: Noivern|[spread] p2a,p2b\n|-supereffective|p2a: Clefable|1\n|-supereffective|p2b: Noivern|2\n|-enditem|p2b: Noivern|Yache Berry|[eat]\n|-enditem|p2b: Noivern|Yache Berry|[weaken]\n|-damage|p2a: Clefable|61/100\n|-damage|p2b: Noivern|61/100\n|-unboost|p2a: Clefable|spe|1\n|-unboost|p2b: Noivern|spe|1\n|move|p2a: Clefable|Moonblast|p1b: Garlic\n|-damage|p1b: Garlic|6/100\n|\n|upkeep\n|turn|5\n|\n|t:|1788369100\n|detailschange|p1a: Onion|Dragonite-Mega, L50, F\n|-mega|p1a: Onion|Dragonite|Dragoninite\n|move|p2a: Clefable|Protect|p2a: Clefable\n|-singleturn|p2a: Clefable|Protect\n|move|p1a: Onion|Draco Meteor|p2b: Noivern\n|-supereffective|p2b: Noivern|1\n|-damage|p2b: Noivern|0 fnt\n|-unboost|p1a: Onion|spa|2\n|faint|p2b: Noivern\n|move|p1b: Garlic|Icy Wind|p2a: Clefable\n|-activate|p2a: Clefable|move: Protect\n|\n|-sideend|p1: goblinwaltz|move: Light Screen\n|upkeep\n|\n|t:|1788369120\n|switch|p2b: BIG MAN|Blastoise, L50, F|100/100\n|turn|6\n|\n|t:|1788369139\n|switch|p1a: Ginger|Sableye, L50, M|100/100\n|move|p2b: BIG MAN|Fake Out|p1a: Ginger\n|-immune|p1a: Ginger\n|move|p1b: Garlic|Haze|p1b: Garlic\n|-clearallboost\n|move|p2a: Clefable|Moonblast|p1b: Garlic\n|-damage|p1b: Garlic|0 fnt\n|faint|p1b: Garlic\n|\n|upkeep\n|\n|t:|1788369148\n|switch|p1b: Onion|Dragonite-Mega, L50, F|100/100\n|turn|7\n|\n|t:|1788369162\n|move|p2a: Clefable|Protect|p2a: Clefable\n|-singleturn|p2a: Clefable|Protect\n|move|p1a: Ginger|Fake Out|p2a: Clefable\n|-activate|p2a: Clefable|move: Protect\n|move|p1b: Onion|Draco Meteor|p2b: BIG MAN\n|-damage|p2b: BIG MAN|43/100\n|-unboost|p1b: Onion|spa|2\n|-enditem|p2b: BIG MAN|Sitrus Berry|[eat]\n|-heal|p2b: BIG MAN|67/100|[from] item: Sitrus Berry\n|move|p2b: BIG MAN|Yawn|p1b: Onion\n|-start|p1b: Onion|move: Yawn|[of] p2b: BIG MAN\n|\n|upkeep\n|turn|8\n|\n|t:|1788369186\n|move|p1b: Onion|Extreme Speed|p2a: Clefable\n|-damage|p2a: Clefable|41/100\n|move|p1a: Ginger|Light Screen|p1a: Ginger\n|-sidestart|p1: goblinwaltz|move: Light Screen\n|move|p2a: Clefable|Calm Mind|p2a: Clefable\n|-boost|p2a: Clefable|spa|1\n|-boost|p2a: Clefable|spd|1\n|move|p2b: BIG MAN|Icy Wind|p1a: Ginger|[spread] p1a,p1b\n|-supereffective|p1b: Onion|2\n|-damage|p1a: Ginger|93/100\n|-damage|p1b: Onion|91/100\n|-unboost|p1a: Ginger|spe|1\n|-unboost|p1b: Onion|spe|1\n|\n|-end|p1b: Onion|move: Yawn|[silent]\n|-status|p1b: Onion|slp\n|upkeep\n|turn|9\n|\n|t:|1788369198\n|cant|p1b: Onion|slp\n|move|p1a: Ginger|Light Screen||[still]\n|-fail|p1a: Ginger\n|move|p2a: Clefable|Moonblast|p1b: Onion\n|-supereffective|p1b: Onion|1\n|-damage|p1b: Onion|11/100 slp\n|move|p2b: BIG MAN|Yawn|p1a: Ginger\n|-start|p1a: Ginger|move: Yawn|[of] p2b: BIG MAN\n|\n|upkeep\n|turn|10\n|j| Mr.twang\n|\n|t:|1788369211\n|-curestatus|p1b: Onion|slp|[msg]\n|move|p1b: Onion|Extreme Speed|p2a: Clefable\n|-damage|p2a: Clefable|20/100y\n|move|p1a: Ginger|Light Screen||[still]\n|-fail|p1a: Ginger\n|move|p2a: Clefable|Moonblast|p1b: Onion\n|-supereffective|p1b: Onion|1\n|-damage|p1b: Onion|0 fnt\n|faint|p1b: Onion\n|move|p2b: BIG MAN|Icy Wind|p1a: Ginger\n|-damage|p1a: Ginger|85/100\n|-unboost|p1a: Ginger|spe|1\n|\n|-end|p1a: Ginger|move: Yawn|[silent]\n|-status|p1a: Ginger|slp\n|upkeep\n|turn|11\n|\n|t:|1788369220\n|cant|p1a: Ginger|slp\n|move|p2a: Clefable|Moonblast|p1a: Ginger\n|-supereffective|p1a: Ginger|1\n|-enditem|p1a: Ginger|Roseli Berry|[eat]\n|-enditem|p1a: Ginger|Roseli Berry|[weaken]\n|-damage|p1a: Ginger|28/100 slp\n|move|p2b: BIG MAN|Icy Wind|p1a: Ginger\n|-damage|p1a: Ginger|19/100 slp\n|-unboost|p1a: Ginger|spe|1\n|\n|upkeep\n|turn|12\n|\n|t:|1788369224\n|cant|p1a: Ginger|slp\n|move|p2a: Clefable|Moonblast|p1a: Ginger\n|-supereffective|p1a: Ginger|1\n|-damage|p1a: Ginger|0 fnt\n|faint|p1a: Ginger\n|\n|win|L'AGENCE ZACHHOEK\n|c|☆L'AGENCE ZACHHOEK|ggs\n||goblinwaltz is ready for game 2.\n||L'AGENCE ZACHHOEK is ready for game 2.\n|uhtml|next|Next: <a href=\"/battle-gen9championsvgc2026regmb-2674518348\"><strong>Game 2 of 3</strong></a>\n|l|☆goblinwaltz\n|player|p1|\n","uploadtime":1788369242,"views":"12","formatid":"gen9championsvgc2026regmb","rating":null,"private":0,"password":null}