{"id":"gen9championsvgc2026regmb-2674339672","format":"[Gen 9 Champions] VGC 2026 Reg M-B","players":["Lass Starling","KnightBedivere"],"log":"|j|☆Lass Starling\n|j|☆KnightBedivere\n|html|<table width=\"100%\"><tr><td align=\"left\">Lass Starling</td><td align=\"right\">KnightBedivere</tr><tr><td align=\"left\"><i class=\"fa fa-circle-o\"></i> <i class=\"fa fa-circle-o\"></i> </td><td align=\"right\"><i class=\"fa fa-circle-o\"></i> <i class=\"fa fa-circle-o\"></i> </tr></table>\n|uhtml|bestof|<h2><strong>Game 1</strong> of <a href=\"/game-bestof3-gen9championsvgc2026regmb-2674339671\">a best-of-3</a></h2>\n|t:|1788344547\n|gametype|doubles\n|player|p1|Lass Starling|lass-gen4dp|\n|player|p2|KnightBedivere|acetrainer-gen4dp|\n|gen|9\n|tier|[Gen 9 Champions] VGC 2026 Reg M-B\n|rule|Species Clause: Limit one of each Pokémon\n|rule|Item Clause: Limit 1 of each item\n|raw|<div class=\"infobox\"><details class=\"readmore\" open><summary><strong>1 custom rule:</strong></summary> Best of = 3</details></div>\n|clearpoke\n|poke|p1|Morpeko, L50, F, shiny|\n|poke|p1|Zoroark-Hisui, L50, M|\n|poke|p1|Mimikyu, L50, F, shiny|\n|poke|p1|Dragonite, L50, M|\n|poke|p1|Corviknight, L50, M|\n|poke|p1|Sylveon, L50, F, shiny|\n|poke|p2|Mawile, L50, M|\n|poke|p2|Froslass, L50, F|\n|poke|p2|Oranguru, L50, M|\n|poke|p2|Annihilape, L50, F|\n|poke|p2|Sinistcha, L50|\n|poke|p2|Rampardos, L50, F|\n|teampreview|4\nKnightBedivere rejected open team sheets.\n|c|☆KnightBedivere|GLHF\n|c|☆Lass Starling|glhf\n|c|☆KnightBedivere|(Ok, that really wasnt the team I was expecting lmao)\n|c|☆Lass Starling|it's okay I was only 4/6 for you\n|\n|t:|1788344675\n|teamsize|p1|4\n|teamsize|p2|4\n|start\n|switch|p1a: Why|Morpeko, L50, F, shiny|100/100\n|switch|p1b: am|Mimikyu, L50, F, shiny|100/100\n|switch|p2a: Shisumi|Annihilape, L50, F|100/100\n|switch|p2b: Cinderella|Froslass, L50, F|100/100\n|turn|1\n|c|☆KnightBedivere|I was too scared of all those Special attackers to bring Othworm, shame on me\n|\n|t:|1788344714\n|move|p2a: Shisumi|Rock Slide|p1b: am|[spread] p1a,p1b\n|-damage|p1a: Why|59/100\n|-activate|p1b: am|ability: Disguise\n|-damage|p1b: am|100/100\n|detailschange|p1b: am|Mimikyu-Busted, L50, F, shiny\n|-damage|p1b: am|87/100|[from] pokemon: Mimikyu-Busted\n|move|p2b: Cinderella|Icy Wind|p1a: Why|[spread] p1a,p1b\n|-damage|p1a: Why|29/100\n|-damage|p1b: am|67/100\n|-unboost|p1a: Why|spe|1\n|-unboost|p1b: am|spe|1\n|move|p1a: Why|Crunch|p2b: Cinderella\n|-supereffective|p2b: Cinderella|1\n|-damage|p2b: Cinderella|0 fnt\n|faint|p2b: Cinderella\n|cant|p1b: am|flinch\n|\n|-formechange|p1a: Why|Morpeko-Hangry|\n|upkeep\n|\n|t:|1788344733\n|switch|p2b: The CHA|Sinistcha, L50|100/100\n|turn|2\n|\n|t:|1788344747\n|move|p2a: Shisumi|Rock Slide|p1b: am|[spread] p1a,p1b\n|-damage|p1a: Why|0 fnt\n|-damage|p1b: am|36/100\n|faint|p1a: Why\n|move|p1b: am|Shadow Claw|p2a: Shisumi\n|-supereffective|p2a: Shisumi|1\n|-damage|p2a: Shisumi|39/100\n|move|p2b: The CHA|Trick Room|p2b: The CHA\n|-fieldstart|move: Trick Room|[of] p2b: The CHA\n|\n|upkeep\n|\n|t:|1788344766\n|switch|p1a: this?|Sylveon, L50, F, shiny|100/100\n|turn|3\n|\n|t:|1788344794\n|move|p1a: this?|Hyper Voice|p2b: The CHA|[spread] p2a,p2b\n|-supereffective|p2a: Shisumi|1\n|-damage|p2a: Shisumi|0 fnt\n|-damage|p2b: The CHA|56/100\n|faint|p2a: Shisumi\n|move|p2b: The CHA|Matcha Gotcha|p1a: this?|[spread] p1a,p1b\n|-damage|p1a: this?|80/100\n|-heal|p2b: The CHA|68/100|[from] drain|[of] p1a: this?\n|-damage|p1b: am|5/100\n|-heal|p2b: The CHA|83/100|[from] drain|[of] p1b: am\n|-status|p1b: am|brn\n|move|p1b: am|Shadow Claw|p2b: The CHA\n|-supereffective|p2b: The CHA|1\n|-damage|p2b: The CHA|58/100\n|\n|-damage|p1b: am|0 fnt|[from] brn\n|faint|p1b: am\n|upkeep\n|\n|t:|1788344811\n|switch|p2a: Last Chance|Mawile, L50, M|100/100\n|switch|p1b: I|Dragonite, L50, M|100/100\n|-ability|p2a: Last Chance|Intimidate|boost\n|-unboost|p1a: this?|atk|1\n|-unboost|p1b: I|atk|1\n|turn|4\n|\n|t:|1788344832\n|detailschange|p2a: Last Chance|Mawile-Mega, L50, M\n|-mega|p2a: Last Chance|Mawile|Mawilite\n|detailschange|p1b: I|Dragonite-Mega, L50, M\n|-mega|p1b: I|Dragonite|Dragoninite\n|move|p2a: Last Chance|Play Rough|p1b: I\n|-supereffective|p1b: I|1\n|-damage|p1b: I|19/100\n|move|p1a: this?|Mystical Fire|p2a: Last Chance\n|-supereffective|p2a: Last Chance|1\n|-damage|p2a: Last Chance|37/100\n|-unboost|p2a: Last Chance|spa|1\n|move|p2b: The CHA|Matcha Gotcha|p1b: I|[spread] p1a,p1b\n|-resisted|p1b: I|2\n|-damage|p1a: this?|59/100\n|-heal|p2b: The CHA|71/100|[from] drain|[of] p1a: this?\n|-damage|p1b: I|14/100\n|-heal|p2b: The CHA|74/100|[from] drain|[of] p1b: I\n|move|p1b: I|Flamethrower|p2a: Last Chance\n|-supereffective|p2a: Last Chance|1\n|-damage|p2a: Last Chance|0 fnt\n|faint|p2a: Last Chance\n|\n|upkeep\n|turn|5\n|c|☆KnightBedivere|I forgot that thing was a special attacker xD\n|\n|t:|1788344886\n|move|p1a: this?|Hyper Beam|p2b: The CHA\n|-damage|p2b: The CHA|0 fnt\n|-mustrecharge|p1a: this?\n|faint|p2b: The CHA\n|\n|win|Lass Starling\n||Lass Starling is ready for game 2.\n||KnightBedivere is ready for game 2.\n|uhtml|next|Next: <a href=\"/battle-gen9championsvgc2026regmb-2674341233\"><strong>Game 2 of 3</strong></a>\n|j| SunShinyRey\n|l|☆KnightBedivere\n|player|p2|\n","uploadtime":1788345814,"views":"11","formatid":"gen9championsvgc2026regmb","rating":null,"private":0,"password":null}