{"id":"gen9championsvgc2026regmb-2674008009","format":"[Gen 9 Champions] VGC 2026 Reg M-B","players":["YonkoLouis","oilerrrrrr"],"log":"|j|☆YonkoLouis\n|j|☆oilerrrrrr\n|t:|1788287583\n|gametype|doubles\n|player|p1|YonkoLouis|cynthia-gen4|1147\n|player|p2|oilerrrrrr|li|1093\n|gen|9\n|tier|[Gen 9 Champions] VGC 2026 Reg M-B\n|rated|\n|rule|Species Clause: Limit one of each Pokémon\n|rule|Item Clause: Limit 1 of each item\n|clearpoke\n|poke|p1|Chimecho, L50, M|\n|poke|p1|Whimsicott, L50, F|\n|poke|p1|Swampert, L50, M|\n|poke|p1|Hydreigon, L50, M|\n|poke|p1|Aerodactyl, L50, F|\n|poke|p1|Lucario, L50, M|\n|poke|p2|Garchomp, L50, F|\n|poke|p2|Venusaur, L50, F|\n|poke|p2|Incineroar, L50, F|\n|poke|p2|Charizard, L50, M|\n|poke|p2|Toxapex, L50, M|\n|poke|p2|Annihilape, L50, M|\n|teampreview|4\n|inactive|Battle timer is ON: inactive players will automatically lose when time's up. (requested by oilerrrrrr)\n|\n|t:|1788287643\n|teamsize|p1|4\n|teamsize|p2|4\n|start\n|switch|p1a: LA FLAME|Whimsicott, L50, F|100/100\n|switch|p1b: Swamp ***|Swampert, L50, M|100/100\n|switch|p2a: Toxapex|Toxapex, L50, M|100/100\n|switch|p2b: Charizard|Charizard, L50, M|100/100\n|turn|1\n|inactive|oilerrrrrr has 30 seconds left.\n|\n|t:|1788287670\n|detailschange|p2b: Charizard|Charizard-Mega-Y, L50, M\n|-mega|p2b: Charizard|Charizard|Charizardite Y\n|-weather|SunnyDay|[from] ability: Drought|[of] p2b: Charizard\n|move|p2a: Toxapex|Wide Guard|p2a: Toxapex\n|-singleturn|p2a: Toxapex|Wide Guard\n|move|p2b: Charizard|Heat Wave|p1b: Swamp ***|[spread] p1a,p1b\n|-supereffective|p1a: LA FLAME|1\n|-resisted|p1b: Swamp ***|1\n|-enditem|p1a: LA FLAME|Focus Sash\n|-damage|p1a: LA FLAME|1/100\n|-damage|p1b: Swamp ***|70/100\n|move|p1b: Swamp ***|Liquidation|p2b: Charizard\n|-supereffective|p2b: Charizard|1\n|-damage|p2b: Charizard|48/100\n|move|p1a: LA FLAME|Trick Room|p1a: LA FLAME\n|-fieldstart|move: Trick Room|[of] p1a: LA FLAME\n|\n|-weather|SunnyDay|[upkeep]\n|upkeep\n|turn|2\n|inactive|YonkoLouis has 30 seconds left.\n|\n|t:|1788287697\n|switch|p2b: Venusaur|Venusaur, L50, F|100/100\n|move|p1a: LA FLAME|Encore|p2a: Toxapex\n|-start|p2a: Toxapex|Encore\n|move|p2a: Toxapex|Wide Guard|p2a: Toxapex\n|-singleturn|p2a: Toxapex|Wide Guard\n|move|p1b: Swamp ***|Earthquake|p2a: Toxapex|[spread] p1a\n|-activate|p2a: Toxapex|move: Wide Guard\n|-activate|p2b: Venusaur|move: Wide Guard\n|-resisted|p1a: LA FLAME|1\n|-damage|p1a: LA FLAME|0 fnt\n|faint|p1a: LA FLAME\n|\n|-weather|SunnyDay|[upkeep]\n|upkeep\n|c|☆YonkoLouis|i'm so dumb\n|\n|t:|1788287718\n|switch|p1a: Gilmour|Chimecho, L50, M|100/100\n|turn|3\n|\n|t:|1788287731\n|switch|p2a: Annihilape|Annihilape, L50, M|100/100\n|detailschange|p1a: Gilmour|Chimecho-Mega, L50, M\n|-mega|p1a: Gilmour|Chimecho|Chimechite\n|move|p1a: Gilmour|Calm Mind|p1a: Gilmour\n|-boost|p1a: Gilmour|spa|1\n|-boost|p1a: Gilmour|spd|1\n|move|p1b: Swamp ***|Ice Punch|p2b: Venusaur\n|-supereffective|p2b: Venusaur|1\n|-damage|p2b: Venusaur|23/100\n|move|p2b: Venusaur|Solar Beam||[still]\n|-prepare|p2b: Venusaur|Solar Beam\n|-anim|p2b: Venusaur|Solar Beam|p1b: Swamp ***\n|-supereffective|p1b: Swamp ***|2\n|-damage|p1b: Swamp ***|0 fnt\n|faint|p1b: Swamp ***\n|-damage|p2b: Venusaur|13/100|[from] item: Life Orb\n|\n|-weather|SunnyDay|[upkeep]\n|upkeep\n|\n|t:|1788287746\n|switch|p1b: Medusa|Hydreigon, L50, M|100/100\n|turn|4\n|\n|t:|1788287766\n|switch|p2b: Toxapex|Toxapex, L50, M|100/100\n|move|p1a: Gilmour|Expanding Force|p2a: Annihilape\n|-supereffective|p2a: Annihilape|1\n|-enditem|p2a: Annihilape|Focus Sash\n|-damage|p2a: Annihilape|1/100\n|move|p2a: Annihilape|Close Combat|p1a: Gilmour\n|-damage|p1a: Gilmour|45/100\n|-unboost|p2a: Annihilape|def|1\n|-unboost|p2a: Annihilape|spd|1\n|move|p1b: Medusa|Flamethrower|p2b: Toxapex\n|-resisted|p2b: Toxapex|1\n|-damage|p2b: Toxapex|81/100\n|\n|-weather|SunnyDay|[upkeep]\n|-heal|p2b: Toxapex|87/100|[from] item: Leftovers\n|upkeep\n|turn|5\n|inactive|oilerrrrrr has 30 seconds left.\n|inactive|YonkoLouis has 30 seconds left.\n|inactive|oilerrrrrr has 20 seconds left.\n|\n|t:|1788287806\n|move|p2b: Toxapex|Wide Guard|p2b: Toxapex\n|-singleturn|p2b: Toxapex|Wide Guard\n|move|p1a: Gilmour|Expanding Force|p2b: Toxapex\n|-supereffective|p2b: Toxapex|1\n|-damage|p2b: Toxapex|0 fnt\n|faint|p2b: Toxapex\n|move|p2a: Annihilape|Close Combat|p1a: Gilmour\n|-damage|p1a: Gilmour|0 fnt\n|-unboost|p2a: Annihilape|def|1\n|-unboost|p2a: Annihilape|spd|1\n|faint|p1a: Gilmour\n|move|p1b: Medusa|Dark Pulse|p2a: Annihilape\n|-damage|p2a: Annihilape|0 fnt\n|faint|p2a: Annihilape\n|\n|-weather|none\n|-fieldend|move: Trick Room\n|upkeep\n|\n|t:|1788287818\n|switch|p2a: Venusaur|Venusaur, L50, F|13/100\n|switch|p2b: Charizard|Charizard-Mega-Y, L50, M|48/100\n|-weather|SunnyDay|[from] ability: Drought|[of] p2b: Charizard\n|turn|6\n|\n|t:|1788287840\n|move|p2b: Charizard|Helping Hand|p2a: Venusaur\n|-singleturn|p2a: Venusaur|Helping Hand|[of] p2b: Charizard\n|move|p2a: Venusaur|Sludge Bomb|p1b: Medusa\n|-damage|p1b: Medusa|4/100\n|-damage|p2a: Venusaur|4/100|[from] item: Life Orb\n|move|p1b: Medusa|Draco Meteor|p2b: Charizard\n|-damage|p2b: Charizard|0 fnt\n|-unboost|p1b: Medusa|spa|2\n|faint|p2b: Charizard\n|-enditem|p1b: Medusa|White Herb\n|-clearnegativeboost|p1b: Medusa|[silent]\n|\n|-weather|SunnyDay|[upkeep]\n|upkeep\n|turn|7\n|\n|t:|1788287859\n|move|p1b: Medusa|Protect|p1b: Medusa\n|-singleturn|p1b: Medusa|Protect\n|move|p2a: Venusaur|Sludge Bomb|p1b: Medusa\n|-activate|p1b: Medusa|move: Protect\n|\n|-weather|SunnyDay|[upkeep]\n|upkeep\n|turn|8\n|\n|t:|1788287866\n|move|p2a: Venusaur|Sludge Bomb|p1b: Medusa\n|-damage|p1b: Medusa|0 fnt\n|faint|p1b: Medusa\n|-damage|p2a: Venusaur|0 fnt|[from] item: Life Orb\n|faint|p2a: Venusaur\n|\n|win|oilerrrrrr\n|raw|YonkoLouis's rating: 1147 &rarr; <strong>1118</strong><br />(-29 for losing)\n|raw|oilerrrrrr's rating: 1093 &rarr; <strong>1123</strong><br />(+30 for winning)\n|l|☆oilerrrrrr\n|player|p2|\n|c|☆YonkoLouis|gg\n","uploadtime":1788287875,"views":"0","formatid":"gen9championsvgc2026regmb","rating":1118,"private":0,"password":null}