{"id":"gen9championsvgc2026regmb-2673866096","format":"[Gen 9 Champions] VGC 2026 Reg M-B","players":["EarlessMimikyu","blueprint-test"],"log":"|j|☆EarlessMimikyu\n|j|☆blueprint-test\n|t:|1788270532\n|gametype|doubles\n|player|p1|EarlessMimikyu|acerola-masters|1517\n|player|p2|blueprint-test|janitor|1446\n|gen|9\n|tier|[Gen 9 Champions] VGC 2026 Reg M-B\n|rated|\n|rule|Species Clause: Limit one of each Pokémon\n|rule|Item Clause: Limit 1 of each item\n|clearpoke\n|poke|p1|Dragonite, L50, M, shiny|\n|poke|p1|Sneasler, L50, M|\n|poke|p1|Basculegion, L50, M, shiny|\n|poke|p1|Kingambit, L50, M|\n|poke|p1|Garchomp, L50, F, shiny|\n|poke|p1|Floette-Eternal, L50, F|\n|poke|p2|Incineroar, L50, M|\n|poke|p2|Zoroark-Hisui, L50, M|\n|poke|p2|Staraptor, L50, F|\n|poke|p2|Ditto, L50|\n|poke|p2|Milotic, L50, F|\n|poke|p2|Sinistcha-Masterpiece, L50|\n|teampreview|4\n|inactive|Battle timer is ON: inactive players will automatically lose when time's up. (requested by blueprint-test)\n|inactive|EarlessMimikyu has 60 seconds left.\n|inactive|EarlessMimikyu has 30 seconds left.\n|inactive|EarlessMimikyu has 20 seconds left.\n|\n|t:|1788270606\n|teamsize|p1|4\n|teamsize|p2|4\n|start\n|switch|p1a: Kingambit|Kingambit, L50, M|100/100\n|switch|p1b: Floette|Floette-Eternal, L50, F|100/100\n|switch|p2a: Rory|Incineroar, L50, M|100/100\n|switch|p2b: Riptide|Milotic, L50, F|100/100\n|turn|1\n|inactive|EarlessMimikyu has 30 seconds left.\n|\n|t:|1788270635\n|detailschange|p1b: Floette|Floette-Mega, L50, F\n|-mega|p1b: Floette|Floette|Floettite\n|-ability|p1b: Floette|Fairy Aura\n|move|p2a: Rory|Fake Out|p1b: Floette\n|-damage|p1b: Floette|81/100\n|cant|p1b: Floette|flinch\n|move|p2b: Riptide|Scald|p1a: Kingambit\n|-crit|p1a: Kingambit\n|-damage|p1a: Kingambit|47/100\n|move|p1a: Kingambit|Kowtow Cleave|p2a: Rory\n|-resisted|p2a: Rory|1\n|-damage|p2a: Rory|77/100\n|\n|upkeep\n|turn|2\n|inactive|EarlessMimikyu has 30 seconds left.\n|\n|t:|1788270668\n|switch|p1a: Garchomp|Garchomp, L50, F, shiny|100/100\n|move|p1b: Floette|Dazzling Gleam|p2b: Riptide|[spread] p2a,p2b\n|-damage|p2a: Rory|33/100\n|-damage|p2b: Riptide|64/100\n|-enditem|p2a: Rory|Sitrus Berry|[eat]\n|-heal|p2a: Rory|57/100|[from] item: Sitrus Berry\n|move|p2b: Riptide|Scald|p1b: Floette\n|-damage|p1b: Floette|49/100\n|move|p2a: Rory|Flare Blitz|p1b: Floette\n|-damage|p1b: Floette|0 fnt\n|faint|p1b: Floette\n|-damage|p2a: Rory|45/100|[from] Recoil\n|\n|-heal|p2b: Riptide|70/100|[from] item: Leftovers\n|upkeep\n|\n|t:|1788270683\n|switch|p1b: Basculegion|Basculegion, L50, M, shiny|100/100\n|turn|3\n|\n|t:|1788270701\n|move|p1a: Garchomp|Stomping Tantrum|p2a: Rory\n|-supereffective|p2a: Rory|1\n|-damage|p2a: Rory|0 fnt\n|faint|p2a: Rory\n|move|p1b: Basculegion|Last Respects|p2b: Riptide\n|-damage|p2b: Riptide|0 fnt\n|faint|p2b: Riptide\n|-damage|p1b: Basculegion|90/100|[from] item: Life Orb\n|\n|upkeep\n|\n|t:|1788270716\n|switch|p2b: Raptor|Staraptor, L50, F|100/100\n|switch|p2a: Ditto|Ditto, L50|100/100\n|-transform|p2a: Ditto|p1b: Basculegion|[from] ability: Imposter\n|turn|4\n|inactive|EarlessMimikyu has 30 seconds left.\n|\n|t:|1788270745\n|switch|p1b: Kingambit|Kingambit, L50, M|47/100\n|detailschange|p2b: Raptor|Staraptor-Mega, L50, F\n|-mega|p2b: Raptor|Staraptor|Staraptite\n|move|p2a: Ditto|Protect|p2a: Ditto\n|-singleturn|p2a: Ditto|Protect\n|move|p1a: Garchomp|Stomping Tantrum|p2a: Ditto\n|-activate|p2a: Ditto|move: Protect\n|move|p2b: Raptor|Close Combat|p1a: Garchomp\n|-damage|p1a: Garchomp|47/100\n|-boost|p2b: Raptor|def|1\n|-boost|p2b: Raptor|spd|1\n|-damage|p2b: Raptor|87/100|[from] ability: Rough Skin|[of] p1a: Garchomp\n|\n|upkeep\n|turn|5\n|inactive|EarlessMimikyu has 30 seconds left.\n|\n|t:|1788270775\n|move|p2a: Ditto|Aqua Jet|p1a: Garchomp\n|-damage|p1a: Garchomp|23/100\n|-damage|p2a: Ditto|87/100|[from] ability: Rough Skin|[of] p1a: Garchomp\n|move|p1b: Kingambit|Sucker Punch||[still]\n|-fail|p1b: Kingambit\n|move|p1a: Garchomp|Stomping Tantrum|p2a: Ditto\n|-damage|p2a: Ditto|19/100\n|move|p2b: Raptor|Close Combat|p1b: Kingambit\n|-supereffective|p1b: Kingambit|2\n|-enditem|p1b: Kingambit|Chople Berry|[eat]\n|-enditem|p1b: Kingambit|Chople Berry|[weaken]\n|-damage|p1b: Kingambit|0 fnt\n|-boost|p2b: Raptor|def|1\n|-boost|p2b: Raptor|spd|1\n|faint|p1b: Kingambit\n|\n|upkeep\n|\n|t:|1788270777\n|switch|p1b: Basculegion|Basculegion, L50, M, shiny|90/100\n|turn|6\n|\n|t:|1788270792\n|move|p2a: Ditto|Protect|p2a: Ditto\n|-singleturn|p2a: Ditto|Protect\n|move|p1a: Garchomp|Stomping Tantrum|p2a: Ditto\n|-activate|p2a: Ditto|move: Protect\n|move|p2b: Raptor|Close Combat|p1a: Garchomp\n|-damage|p1a: Garchomp|0 fnt\n|-boost|p2b: Raptor|def|1\n|-boost|p2b: Raptor|spd|1\n|-damage|p2b: Raptor|75/100|[from] ability: Rough Skin|[of] p1a: Garchomp\n|faint|p1a: Garchomp\n|move|p1b: Basculegion|Last Respects|p2b: Raptor\n|-damage|p2b: Raptor|10/100\n|-damage|p1b: Basculegion|80/100|[from] item: Life Orb\n|\n|upkeep\n|turn|7\n|\n|t:|1788270812\n|move|p1b: Basculegion|Aqua Jet|p2a: Ditto\n|-resisted|p2a: Ditto|1\n|-damage|p2a: Ditto|0 fnt\n|faint|p2a: Ditto\n|-damage|p1b: Basculegion|71/100|[from] item: Life Orb\n|move|p2b: Raptor|Roost|p2b: Raptor\n|-heal|p2b: Raptor|60/100\n|-singleturn|p2b: Raptor|move: Roost\n|\n|upkeep\n|turn|8\n|\n|t:|1788270820\n|move|p2b: Raptor|Roost|p2b: Raptor\n|-heal|p2b: Raptor|100/100\n|-singleturn|p2b: Raptor|move: Roost\n|move|p1b: Basculegion|Last Respects|p2b: Raptor\n|-crit|p2b: Raptor\n|-damage|p2b: Raptor|0 fnt\n|faint|p2b: Raptor\n|-damage|p1b: Basculegion|61/100|[from] item: Life Orb\n|\n|win|EarlessMimikyu\n|raw|EarlessMimikyu's rating: 1517 &rarr; <strong>1533</strong><br />(+16 for winning)\n|raw|blueprint-test's rating: 1446 &rarr; <strong>1430</strong><br />(-16 for losing)\n|l|☆EarlessMimikyu\n|player|p1|\n|j|☆EarlessMimikyu\n|player|p1|EarlessMimikyu|acerola-masters|\n|c|☆blueprint-test|Oh\n","uploadtime":1788270830,"views":"7","formatid":"gen9championsvgc2026regmb","rating":1430,"private":0,"password":null}