{"id":"gen9championsvgc2026regmb-2674320523","format":"[Gen 9 Champions] VGC 2026 Reg M-B","players":["lilactroll","genzaki"],"log":"|j|☆lilactroll\n|j|☆genzaki\n|t:|1788340223\n|gametype|doubles\n|player|p1|lilactroll|jacinthe|1105\n|player|p2|genzaki|2|1000\n|gen|9\n|tier|[Gen 9 Champions] VGC 2026 Reg M-B\n|rated|\n|rule|Species Clause: Limit one of each Pokémon\n|rule|Item Clause: Limit 1 of each item\n|clearpoke\n|poke|p1|Salazzle, L50, F|\n|poke|p1|Bastiodon, L50, M|\n|poke|p1|Ninetales-Alola, L50, F|\n|poke|p1|Maushold, L50|\n|poke|p1|Sinistcha, L50|\n|poke|p1|Zoroark-Hisui, L50, M|\n|poke|p2|Charizard, L50, M|\n|poke|p2|Malamar, L50, M|\n|poke|p2|Tyranitar, L50, M|\n|poke|p2|Steelix, L50, M|\n|poke|p2|Sinistcha, L50|\n|poke|p2|Feraligatr, L50, F|\n|teampreview|4\n|inactive|Battle timer is ON: inactive players will automatically lose when time's up. (requested by genzaki)\n|\n|t:|1788340249\n|teamsize|p1|4\n|teamsize|p2|4\n|start\n|switch|p1a: Snek|Salazzle, L50, F|100/100\n|switch|p1b: FlatHead|Bastiodon, L50, M|100/100\n|switch|p2a: Steelix|Steelix, L50, M|100/100\n|switch|p2b: Malamar|Malamar, L50, M|100/100\n|turn|1\n|\n|t:|1788340266\n|move|p1a: Snek|Toxic|p2a: Steelix\n|-status|p2a: Steelix|tox\n|move|p1b: FlatHead|Guard Split|p1a: Snek\n|-activate|p1b: FlatHead|move: Guard Split|[of] p1a: Snek\n|move|p2a: Steelix|Earthquake|p1a: Snek|[spread] p2b,p1a,p1b\n|-supereffective|p1a: Snek|2\n|-supereffective|p1b: FlatHead|2\n|-damage|p2b: Malamar|80/100\n|-damage|p1a: Snek|29/100\n|-damage|p1b: FlatHead|9/100\n|move|p2b: Malamar|Trick Room|p2b: Malamar\n|-fieldstart|move: Trick Room|[of] p2b: Malamar\n|\n|-heal|p1a: Snek|34/100|[from] item: Leftovers\n|-damage|p2a: Steelix|93/100 tox|[from] psn\n|upkeep\n|turn|2\n|\n|t:|1788340289\n|move|p1b: FlatHead|Wide Guard|p1b: FlatHead\n|-singleturn|p1b: FlatHead|Wide Guard\n|move|p2a: Steelix|Earthquake|p1a: Snek|[spread] p2b\n|-activate|p1a: Snek|move: Wide Guard\n|-activate|p1b: FlatHead|move: Wide Guard\n|-damage|p2b: Malamar|61/100\n|move|p2b: Malamar|Skill Swap|p2a: Steelix\n|-activate|p2b: Malamar|Skill Swap|||[of] p2a: Steelix\n|-hint|Skill Swap does not announce the abilities of the Pokémon when used between allies.\n|move|p1a: Snek|Toxic|p2b: Malamar\n|-status|p2b: Malamar|tox\n|\n|-heal|p1a: Snek|40/100|[from] item: Leftovers\n|-damage|p2a: Steelix|81/100 tox|[from] psn\n|-damage|p2b: Malamar|55/100 tox|[from] psn\n|upkeep\n|turn|3\n|inactive|lilactroll has 30 seconds left.\n|inactive|genzaki has 30 seconds left.\n|inactive|lilactroll has 20 seconds left.\n|\n|t:|1788340326\n|switch|p2a: Tyranitar|Tyranitar, L50, M|100/100\n|-weather|Sandstorm|[from] ability: Sand Stream|[of] p2a: Tyranitar\n|move|p1a: Snek|Protect|p1a: Snek\n|-singleturn|p1a: Snek|Protect\n|move|p1b: FlatHead|Fissure|p2b: Malamar|[miss]\n|-miss|p1b: FlatHead|p2b: Malamar\n|move|p2b: Malamar|Skill Swap|p2a: Tyranitar\n|-activate|p2b: Malamar|Skill Swap|||[of] p2a: Tyranitar\n|-hint|Skill Swap does not announce the abilities of the Pokémon when used between allies.\n|\n|-weather|Sandstorm|[upkeep]\n|-damage|p2b: Malamar|49/100 tox|[from] Sandstorm\n|-damage|p1a: Snek|34/100|[from] Sandstorm\n|-heal|p1a: Snek|40/100|[from] item: Leftovers\n|-damage|p2b: Malamar|36/100 tox|[from] psn\n|upkeep\n|turn|4\n|\n|t:|1788340348\n|move|p1b: FlatHead|Wide Guard|p1b: FlatHead\n|-singleturn|p1b: FlatHead|Wide Guard\n|move|p2a: Tyranitar|Rock Slide|p1b: FlatHead|[spread] \n|-activate|p1a: Snek|move: Wide Guard\n|-activate|p1b: FlatHead|move: Wide Guard\n|move|p2b: Malamar|Gravity|p2b: Malamar\n|-fieldstart|move: Gravity\n|move|p1a: Snek|Toxic|p2a: Tyranitar\n|-status|p2a: Tyranitar|tox\n|\n|-weather|Sandstorm|[upkeep]\n|-damage|p2b: Malamar|30/100 tox|[from] Sandstorm\n|-damage|p1a: Snek|34/100|[from] Sandstorm\n|-heal|p1a: Snek|40/100|[from] item: Leftovers\n|-damage|p2a: Tyranitar|94/100 tox|[from] psn\n|-damage|p2b: Malamar|11/100 tox|[from] psn\n|upkeep\n|turn|5\n|\n|t:|1788340372\n|switch|p2b: Sinistcha|Sinistcha, L50|100/100\n|-heal|p2a: Tyranitar|100/100 tox|[from] ability: Hospitality|[of] p2b: Sinistcha\n|move|p1a: Snek|Protect|p1a: Snek\n|-singleturn|p1a: Snek|Protect\n|move|p1b: FlatHead|Fissure|p2a: Tyranitar|[miss]\n|-miss|p1b: FlatHead|p2a: Tyranitar\n|move|p2a: Tyranitar|Crunch|p1b: FlatHead\n|-damage|p1b: FlatHead|0 fnt\n|faint|p1b: FlatHead\n|\n|-weather|Sandstorm|[upkeep]\n|-damage|p2b: Sinistcha|93/100|[from] Sandstorm\n|-damage|p1a: Snek|34/100|[from] Sandstorm\n|-heal|p2b: Sinistcha|100/100|[from] item: Leftovers\n|-heal|p1a: Snek|40/100|[from] item: Leftovers\n|-damage|p2a: Tyranitar|88/100 tox|[from] psn\n|-fieldend|move: Trick Room\n|upkeep\n|\n|t:|1788340390\n|switch|p1b: Miss Majestic|Ninetales-Alola, L50, F|100/100\n|-weather|Snowscape|[from] ability: Snow Warning|[of] p1b: Miss Majestic\n|turn|6\n|inactive|lilactroll has 30 seconds left.\n|\n|t:|1788340420\n|switch|p2b: Malamar|Malamar, L50, M|11/100 tox\n|move|p1a: Snek|Substitute|p1a: Snek\n|-start|p1a: Snek|Substitute\n|-damage|p1a: Snek|16/100\n|move|p1b: Miss Majestic|Aurora Veil|p1b: Miss Majestic\n|-sidestart|p1: lilactroll|move: Aurora Veil\n|move|p2a: Tyranitar|Rock Slide|p1b: Miss Majestic|[spread] p1a,p1b\n|-supereffective|p1a: Snek|1\n|-end|p1a: Snek|Substitute\n|-supereffective|p1b: Miss Majestic|1\n|-damage|p1b: Miss Majestic|30/100\n|\n|-weather|Snowscape|[upkeep]\n|-heal|p1a: Snek|21/100|[from] item: Leftovers\n|-damage|p2b: Malamar|5/100 tox|[from] psn\n|-damage|p2a: Tyranitar|71/100 tox|[from] psn\n|upkeep\n|turn|7\n|inactive|genzaki has 30 seconds left.\n|inactive|genzaki has 20 seconds left.\n|inactive|lilactroll has 30 seconds left.\n|inactive|genzaki has 15 seconds left.\n|inactive|genzaki has 10 seconds left.\n|\n|t:|1788340470\n|move|p2b: Malamar|Helping Hand|p2a: Tyranitar\n|-singleturn|p2a: Tyranitar|Helping Hand|[of] p2b: Malamar\n|move|p1a: Snek|Protect|p1a: Snek\n|-singleturn|p1a: Snek|Protect\n|move|p1b: Miss Majestic|Moonblast|p2a: Tyranitar\n|-supereffective|p2a: Tyranitar|1\n|-damage|p2a: Tyranitar|12/100 tox\n|-unboost|p2a: Tyranitar|spa|1\n|move|p2a: Tyranitar|Rock Slide|p1b: Miss Majestic|[spread] p1b\n|-activate|p1a: Snek|move: Protect\n|-supereffective|p1b: Miss Majestic|1\n|-damage|p1b: Miss Majestic|0 fnt\n|faint|p1b: Miss Majestic\n|\n|-weather|Snowscape|[upkeep]\n|-heal|p1a: Snek|27/100|[from] item: Leftovers\n|-damage|p2b: Malamar|0 fnt|[from] psn\n|faint|p2b: Malamar\n|-damage|p2a: Tyranitar|0 fnt|[from] psn\n|faint|p2a: Tyranitar\n|upkeep\n|\n|t:|1788340492\n|switch|p1b: Roomates|Maushold, L50|100/100\n|switch|p2b: Sinistcha|Sinistcha, L50|100/100\n|switch|p2a: Steelix|Steelix, L50, M|81/100 tox\n|-heal|p2a: Steelix|100/100 tox|[from] ability: Hospitality|[of] p2b: Sinistcha\n|turn|8\n|\n|t:|1788340513\n|detailschange|p2a: Steelix|Steelix-Mega, L50, M\n|-mega|p2a: Steelix|Steelix|Steelixite\n|move|p1b: Roomates|Follow Me|p1b: Roomates\n|-singleturn|p1b: Roomates|move: Follow Me\n|move|p1a: Snek|Toxic|p2b: Sinistcha\n|-status|p2b: Sinistcha|tox\n|move|p2b: Sinistcha|Matcha Gotcha|p1a: Snek|[spread] p1a,p1b\n|-resisted|p1a: Snek|2\n|-damage|p1a: Snek|24/100\n|-damage|p1b: Roomates|72/100\n|move|p2a: Steelix|Heavy Slam|p1b: Roomates\n|-damage|p1b: Roomates|30/100\n|\n|-weather|Snowscape|[upkeep]\n|-heal|p1a: Snek|29/100|[from] item: Leftovers\n|-damage|p2b: Sinistcha|93/100 tox|[from] psn\n|-damage|p2a: Steelix|93/100 tox|[from] psn\n|-fieldend|move: Gravity\n|upkeep\n|turn|9\n|inactive|genzaki has 30 seconds left.\n|\n|t:|1788340544\n|move|p1a: Snek|Protect|p1a: Snek\n|-singleturn|p1a: Snek|Protect\n|move|p1b: Roomates|Protect|p1b: Roomates\n|-singleturn|p1b: Roomates|Protect\n|move|p2b: Sinistcha|Rage Powder|p2b: Sinistcha\n|-singleturn|p2b: Sinistcha|move: Rage Powder\n|move|p2a: Steelix|Earthquake|p1b: Roomates|[spread] p2b\n|-activate|p1a: Snek|move: Protect\n|-activate|p1b: Roomates|move: Protect\n|-resisted|p2b: Sinistcha|1\n|-damage|p2b: Sinistcha|80/100 tox\n|\n|-weather|Snowscape|[upkeep]\n|-heal|p1a: Snek|35/100|[from] item: Leftovers\n|-heal|p2b: Sinistcha|86/100 tox|[from] item: Leftovers\n|-damage|p2b: Sinistcha|74/100 tox|[from] psn\n|-damage|p2a: Steelix|81/100 tox|[from] psn\n|upkeep\n|turn|10\n|inactive|lilactroll has 30 seconds left.\n|inactive|genzaki has 30 seconds left.\n|inactive|lilactroll has 20 seconds left.\n|inactive|lilactroll has 15 seconds left.\n|inactive|lilactroll has 10 seconds left.\n|\n|t:|1788340590\n|move|p1a: Snek|Substitute|p1a: Snek\n|-start|p1a: Snek|Substitute\n|-damage|p1a: Snek|10/100\n|move|p1b: Roomates|Encore|p2b: Sinistcha\n|-start|p2b: Sinistcha|Encore\n|move|p2b: Sinistcha|Rage Powder|p2b: Sinistcha\n|-singleturn|p2b: Sinistcha|move: Rage Powder\n|move|p2a: Steelix|Heavy Slam|p1a: Snek\n|-resisted|p1a: Snek|1\n|-activate|p1a: Snek|move: Substitute|[damage]\n|\n|-weather|none\n|-heal|p1a: Snek|16/100|[from] item: Leftovers\n|-heal|p2b: Sinistcha|80/100 tox|[from] item: Leftovers\n|-damage|p2b: Sinistcha|61/100 tox|[from] psn\n|-damage|p2a: Steelix|63/100 tox|[from] psn\n|upkeep\n|turn|11\n|inactive|lilactroll has 30 seconds left.\n|\n|t:|1788340618\n|move|p1a: Snek|Protect|p1a: Snek\n|-singleturn|p1a: Snek|Protect\n|move|p1b: Roomates|Protect|p1b: Roomates\n|-singleturn|p1b: Roomates|Protect\n|move|p2b: Sinistcha|Rage Powder|p2b: Sinistcha\n|-singleturn|p2b: Sinistcha|move: Rage Powder\n|move|p2a: Steelix|Earthquake|p1b: Roomates|[spread] p2b\n|-activate|p1a: Snek|move: Protect\n|-activate|p1b: Roomates|move: Protect\n|-resisted|p2b: Sinistcha|1\n|-damage|p2b: Sinistcha|45/100 tox\n|\n|-heal|p1a: Snek|22/100|[from] item: Leftovers\n|-heal|p2b: Sinistcha|51/100 tox|[from] item: Leftovers\n|-damage|p2b: Sinistcha|26/100 tox|[from] psn\n|-damage|p2a: Steelix|39/100 tox|[from] psn\n|upkeep\n|turn|12\n|inactive|lilactroll has 30 seconds left.\n|\n|t:|1788340648\n|move|p2b: Sinistcha|Rage Powder|p2b: Sinistcha\n|-singleturn|p2b: Sinistcha|move: Rage Powder\n|move|p1a: Snek|Venoshock|p2b: Sinistcha\n|-damage|p2b: Sinistcha|0 fnt\n|faint|p2b: Sinistcha\n|move|p1b: Roomates|Super Fang|p2a: Steelix\n|-damage|p2a: Steelix|19/100 tox\n|move|p2a: Steelix|Earthquake|p1a: Snek|[spread] p1a,p1b\n|-supereffective|p1a: Snek|2\n|-end|p1a: Snek|Substitute\n|-damage|p1b: Roomates|1/100\n|\n|-heal|p1a: Snek|28/100|[from] item: Leftovers\n|-damage|p2a: Steelix|0 fnt|[from] psn\n|faint|p2a: Steelix\n|\n|win|lilactroll\n|raw|lilactroll's rating: 1105 &rarr; <strong>1123</strong><br />(+18 for winning)\n|raw|genzaki's rating: 1000 &rarr; <strong>1000</strong><br />(+0 for losing)\n|c|☆lilactroll|gg\n|l|☆genzaki\n|player|p2|\n","uploadtime":1788340743,"views":"2","formatid":"gen9championsvgc2026regmb","rating":1000,"private":0,"password":null}