{"id":"gen9championsvgc2026regmb-2674771888","format":"[Gen 9 Champions] VGC 2026 Reg M-B","players":["olyrral2","Polkadotpoke321"],"log":"|j|☆olyrral2\n|j|☆Polkadotpoke321\n|t:|1788403812\n|gametype|doubles\n|player|p1|olyrral2|unknown|1547\n|player|p2|Polkadotpoke321|1|1416\n|gen|9\n|tier|[Gen 9 Champions] VGC 2026 Reg M-B\n|rated|\n|rule|Species Clause: Limit one of each Pokémon\n|rule|Item Clause: Limit 1 of each item\n|clearpoke\n|poke|p1|Charizard, L50, M|\n|poke|p1|Venusaur, L50, M|\n|poke|p1|Pelipper, L50, M|\n|poke|p1|Swampert, L50, M|\n|poke|p1|Archaludon, L50, M|\n|poke|p1|Grimmsnarl, L50, M|\n|poke|p2|Blaziken, L50, F|\n|poke|p2|Primarina, L50, M|\n|poke|p2|Kingambit, L50, F|\n|poke|p2|Farigiraf, L50, F|\n|poke|p2|Torkoal, L50, M|\n|poke|p2|Venusaur, L50, M|\n|teampreview|4\n|inactive|Battle timer is ON: inactive players will automatically lose when time's up. (requested by Polkadotpoke321)\n|\n|t:|1788403840\n|teamsize|p1|4\n|teamsize|p2|4\n|start\n|switch|p1a: Charizard|Charizard, L50, M|100/100\n|switch|p1b: Venusaur|Venusaur, L50, M|100/100\n|switch|p2a: Blaziken|Blaziken, L50, F|100/100\n|switch|p2b: Farigiraf|Farigiraf, L50, F|100/100\n|turn|1\n|\n|t:|1788403860\n|detailschange|p1a: Charizard|Charizard-Mega-Y, L50, M\n|-mega|p1a: Charizard|Charizard|Charizardite Y\n|-weather|SunnyDay|[from] ability: Drought|[of] p1a: Charizard\n|detailschange|p2a: Blaziken|Blaziken-Mega, L50, F\n|-mega|p2a: Blaziken|Blaziken|Blazikenite\n|move|p2a: Blaziken|Detect|p2a: Blaziken\n|-singleturn|p2a: Blaziken|Protect\n|move|p2b: Farigiraf|Protect|p2b: Farigiraf\n|-singleturn|p2b: Farigiraf|Protect\n|move|p1b: Venusaur|Sleep Powder|p2a: Blaziken\n|-activate|p2a: Blaziken|move: Protect\n|move|p1a: Charizard|Weather Ball|p2b: Farigiraf\n|-activate|p2b: Farigiraf|move: Protect\n|\n|-weather|SunnyDay|[upkeep]\n|-ability|p2a: Blaziken|Speed Boost|boost\n|-boost|p2a: Blaziken|spe|1\n|upkeep\n|turn|2\n|\n|t:|1788403880\n|move|p1b: Venusaur|Sleep Powder|p2a: Blaziken\n|-status|p2a: Blaziken|slp|[from] move: Sleep Powder\n|cant|p2a: Blaziken|slp\n|move|p1a: Charizard|Weather Ball|p2b: Farigiraf\n|-damage|p2b: Farigiraf|1/100\n|-enditem|p2b: Farigiraf|Sitrus Berry|[eat]\n|-heal|p2b: Farigiraf|25/100|[from] item: Sitrus Berry\n|move|p2b: Farigiraf|Trick Room|p2b: Farigiraf\n|-fieldstart|move: Trick Room|[of] p2b: Farigiraf\n|\n|-weather|SunnyDay|[upkeep]\n|-ability|p2a: Blaziken|Speed Boost|boost\n|-boost|p2a: Blaziken|spe|1\n|upkeep\n|turn|3\n|\n|t:|1788403901\n|switch|p1b: Swampert|Swampert, L50, M|100/100\n|move|p2b: Farigiraf|Protect|p2b: Farigiraf\n|-singleturn|p2b: Farigiraf|Protect\n|move|p1a: Charizard|Heat Wave|p2a: Blaziken|[spread] p2a\n|-activate|p2b: Farigiraf|move: Protect\n|-resisted|p2a: Blaziken|1\n|-damage|p2a: Blaziken|58/100 slp\n|cant|p2a: Blaziken|slp\n|\n|-weather|SunnyDay|[upkeep]\n|-ability|p2a: Blaziken|Speed Boost|boost\n|-boost|p2a: Blaziken|spe|1\n|upkeep\n|turn|4\n|\n|t:|1788403919\n|move|p1a: Charizard|Protect|p1a: Charizard\n|-singleturn|p1a: Charizard|Protect\n|move|p2b: Farigiraf|Thunderbolt|p1a: Charizard\n|-activate|p1a: Charizard|move: Protect\n|move|p1b: Swampert|Earthquake|p2b: Farigiraf|[spread] p2a,p2b\n|-activate|p1a: Charizard|move: Protect\n|-supereffective|p2a: Blaziken|1\n|-crit|p2a: Blaziken\n|-damage|p2a: Blaziken|0 fnt\n|-damage|p2b: Farigiraf|0 fnt\n|faint|p2a: Blaziken\n|faint|p2b: Farigiraf\n|\n|-weather|SunnyDay|[upkeep]\n|upkeep\n|\n|t:|1788403927\n|switch|p2b: Torkoal|Torkoal, L50, M|100/100\n|switch|p2a: Primarina|Primarina, L50, M|100/100\n|turn|5\n|\n|t:|1788403938\n|switch|p1a: Pelipper|Pelipper, L50, M|100/100\n|-weather|RainDance|[from] ability: Drizzle|[of] p1a: Pelipper\n|move|p1b: Swampert|Protect|p1b: Swampert\n|-singleturn|p1b: Swampert|Protect\n|move|p2b: Torkoal|Eruption|p1b: Swampert|[spread] p1a\n|-activate|p1b: Swampert|move: Protect\n|-resisted|p1a: Pelipper|1\n|-damage|p1a: Pelipper|81/100\n|move|p2a: Primarina|Hyper Voice|p1b: Swampert|[spread] p1a\n|-activate|p1b: Swampert|move: Protect\n|-resisted|p1a: Pelipper|1\n|-damage|p1a: Pelipper|35/100\n|-enditem|p1a: Pelipper|Sitrus Berry|[eat]\n|-heal|p1a: Pelipper|60/100|[from] item: Sitrus Berry\n|-damage|p2a: Primarina|90/100|[from] item: Life Orb\n|\n|-weather|RainDance|[upkeep]\n|upkeep\n|turn|6\n|\n|t:|1788403955\n|move|p1a: Pelipper|Wide Guard|p1a: Pelipper\n|-singleturn|p1a: Pelipper|Wide Guard\n|move|p2b: Torkoal|Weather Ball|p1b: Swampert\n|-damage|p1b: Swampert|53/100\n|move|p2a: Primarina|Moonblast|p1b: Swampert\n|-damage|p1b: Swampert|0 fnt\n|faint|p1b: Swampert\n|-damage|p2a: Primarina|80/100|[from] item: Life Orb\n|\n|-weather|RainDance|[upkeep]\n|-fieldend|move: Trick Room\n|upkeep\n|\n|t:|1788403967\n|switch|p1b: Venusaur|Venusaur, L50, M|100/100\n|turn|7\n|\n|t:|1788403979\n|move|p1b: Venusaur|Leaf Storm|p2a: Primarina\n|-supereffective|p2a: Primarina|1\n|-damage|p2a: Primarina|0 fnt\n|-unboost|p1b: Venusaur|spa|2\n|faint|p2a: Primarina\n|move|p1a: Pelipper|Weather Ball|p2b: Torkoal\n|-supereffective|p2b: Torkoal|1\n|-damage|p2b: Torkoal|0 fnt\n|faint|p2b: Torkoal\n|\n|win|olyrral2\n|raw|olyrral2's rating: 1547 &rarr; <strong>1560</strong><br />(+13 for winning)\n|raw|Polkadotpoke321's rating: 1416 &rarr; <strong>1403</strong><br />(-13 for losing)\n|l|☆Polkadotpoke321\n|player|p2|\n","uploadtime":1788403990,"views":"0","formatid":"gen9championsvgc2026regmb","rating":1403,"private":0,"password":null}