{"id":"gen9championsvgc2026regmb-2674294871","format":"[Gen 9 Champions] VGC 2026 Reg M-B","players":["Sprite T","alexismydog"],"log":"|j|☆Sprite T\n|j|☆alexismydog\n|t:|1788334098\n|gametype|doubles\n|player|p1|Sprite T|1|1515\n|player|p2|alexismydog|265|1454\n|gen|9\n|tier|[Gen 9 Champions] VGC 2026 Reg M-B\n|rated|\n|rule|Species Clause: Limit one of each Pokémon\n|rule|Item Clause: Limit 1 of each item\n|clearpoke\n|poke|p1|Whimsicott, L50, M|\n|poke|p1|Dragonite, L50, F|\n|poke|p1|Sneasler, L50, F|\n|poke|p1|Glimmora, L50, F|\n|poke|p1|Basculegion, L50, M|\n|poke|p1|Kingambit, L50, M|\n|poke|p2|Tyranitar, L50, M|\n|poke|p2|Excadrill, L50, F|\n|poke|p2|Sinistcha, L50|\n|poke|p2|Gholdengo, L50|\n|poke|p2|Staraptor, L50, F|\n|poke|p2|Milotic, L50, F|\n|teampreview|4\n|inactive|Battle timer is ON: inactive players will automatically lose when time's up. (requested by Sprite T)\nSprite T has agreed to open team sheets.\n|inactive|Sprite T has 60 seconds left.\n|\n|t:|1788334135\n|teamsize|p1|4\n|teamsize|p2|4\n|start\n|switch|p1a: Basculegion|Basculegion, L50, M|100/100\n|switch|p1b: Kingambit|Kingambit, L50, M|100/100\n|switch|p2a: Staraptor|Staraptor, L50, F|100/100\n|switch|p2b: Excadrill|Excadrill, L50, F|100/100\n|-ability|p2a: Staraptor|Intimidate|boost\n|-unboost|p1a: Basculegion|atk|1\n|-unboost|p1b: Kingambit|atk|1\n|-ability|p1b: Kingambit|Defiant|boost\n|-boost|p1b: Kingambit|atk|2\n|turn|1\n|\n|t:|1788334152\n|switch|p2a: Tyranitar|Tyranitar, L50, M|100/100\n|-weather|Sandstorm|[from] ability: Sand Stream|[of] p2a: Tyranitar\n|move|p1b: Kingambit|Protect|p1b: Kingambit\n|-singleturn|p1b: Kingambit|Protect\n|move|p2b: Excadrill|High Horsepower|p1b: Kingambit\n|-activate|p1b: Kingambit|move: Protect\n|move|p1a: Basculegion|Wave Crash|p2b: Excadrill\n|-supereffective|p2b: Excadrill|1\n|-damage|p2b: Excadrill|0 fnt\n|faint|p2b: Excadrill\n|-damage|p1a: Basculegion|68/100|[from] Recoil\n|-damage|p1a: Basculegion|58/100|[from] item: Life Orb\n|\n|-weather|Sandstorm|[upkeep]\n|-damage|p1a: Basculegion|52/100|[from] Sandstorm\n|upkeep\n|\n|t:|1788334168\n|switch|p2b: Staraptor|Staraptor, L50, F|100/100\n|-ability|p2b: Staraptor|Intimidate|boost\n|-unboost|p1a: Basculegion|atk|1\n|-unboost|p1b: Kingambit|atk|1\n|-ability|p1b: Kingambit|Defiant|boost\n|-boost|p1b: Kingambit|atk|2\n|turn|2\n|inactive|Sprite T has 30 seconds left.\n|\n|t:|1788334196\n|switch|p1a: Glimmora|Glimmora, L50, F|100/100\n|detailschange|p2b: Staraptor|Staraptor-Mega, L50, F\n|-mega|p2b: Staraptor|Staraptor|Staraptite\n|move|p2b: Staraptor|Close Combat|p1b: Kingambit\n|-supereffective|p1b: Kingambit|2\n|-enditem|p1b: Kingambit|Chople Berry|[eat]\n|-enditem|p1b: Kingambit|Chople Berry|[weaken]\n|-damage|p1b: Kingambit|4/100\n|-boost|p2b: Staraptor|def|1\n|-boost|p2b: Staraptor|spd|1\n|move|p2a: Tyranitar|Knock Off|p1a: Glimmora\n|-damage|p1a: Glimmora|35/100\n|-activate|p1a: Glimmora|ability: Toxic Debris\n|-sidestart|p2: alexismydog|move: Toxic Spikes\n|-enditem|p1a: Glimmora|Focus Sash|[from] move: Knock Off|[of] p2a: Tyranitar\n|move|p1b: Kingambit|Low Kick|p2a: Tyranitar\n|-supereffective|p2a: Tyranitar|2\n|-damage|p2a: Tyranitar|0 fnt\n|faint|p2a: Tyranitar\n|\n|-weather|Sandstorm|[upkeep]\n|-damage|p2b: Staraptor|93/100|[from] Sandstorm\n|upkeep\n|\n|t:|1788334215\n|switch|p2a: Gholdengo|Gholdengo, L50|100/100\n|turn|3\n|\n|t:|1788334230\n|move|p1b: Kingambit|Sucker Punch||[still]\n|-fail|p1b: Kingambit\n|move|p2b: Staraptor|Tailwind|p2b: Staraptor\n|-sidestart|p2: alexismydog|move: Tailwind\n|move|p2a: Gholdengo|Nasty Plot|p2a: Gholdengo\n|-boost|p2a: Gholdengo|spa|2\n|move|p1a: Glimmora|Sludge Bomb|p2b: Staraptor\n|-damage|p2b: Staraptor|62/100\n|\n|-weather|Sandstorm|[upkeep]\n|-damage|p2b: Staraptor|56/100|[from] Sandstorm\n|upkeep\n|turn|4\n|inactive|alexismydog has 30 seconds left.\n|\n|t:|1788334257\n|move|p1b: Kingambit|Sucker Punch||[still]\n|-fail|p1b: Kingambit\n|move|p2b: Staraptor|Close Combat|p1b: Kingambit\n|-supereffective|p1b: Kingambit|2\n|-damage|p1b: Kingambit|0 fnt\n|-boost|p2b: Staraptor|def|1\n|-boost|p2b: Staraptor|spd|1\n|faint|p1b: Kingambit\n|move|p2a: Gholdengo|Nasty Plot|p2a: Gholdengo\n|-boost|p2a: Gholdengo|spa|2\n|move|p1a: Glimmora|Sludge Bomb|p2b: Staraptor\n|-damage|p2b: Staraptor|31/100\n|\n|-weather|Sandstorm|[upkeep]\n|-damage|p2b: Staraptor|25/100|[from] Sandstorm\n|upkeep\n|\n|t:|1788334263\n|switch|p1b: Dragonite|Dragonite, L50, F|100/100\n|turn|5\n|inactive|alexismydog has 30 seconds left.\n|\n|t:|1788334293\n|detailschange|p1b: Dragonite|Dragonite-Mega, L50, F\n|-mega|p1b: Dragonite|Dragonite|Dragoninite\n|move|p1b: Dragonite|Protect|p1b: Dragonite\n|-singleturn|p1b: Dragonite|Protect\n|move|p1a: Glimmora|Spiky Shield|p1a: Glimmora\n|-singleturn|p1a: Glimmora|move: Protect\n|move|p2b: Staraptor|Close Combat|p1b: Dragonite\n|-activate|p1b: Dragonite|move: Protect\n|move|p2a: Gholdengo|Make It Rain|p1a: Glimmora|[spread] \n|-activate|p1a: Glimmora|move: Protect\n|-activate|p1b: Dragonite|move: Protect\n|\n|-weather|none\n|upkeep\n|turn|6\n|inactive|Sprite T has 30 seconds left.\n|\n|t:|1788334320\n|move|p2b: Staraptor|Close Combat|p1b: Dragonite\n|-resisted|p1b: Dragonite|1\n|-damage|p1b: Dragonite|84/100\n|-boost|p2b: Staraptor|def|1\n|-boost|p2b: Staraptor|spd|1\n|move|p2a: Gholdengo|Make It Rain|p1a: Glimmora|[spread] p1a,p1b\n|-supereffective|p1a: Glimmora|1\n|-damage|p1a: Glimmora|0 fnt\n|-damage|p1b: Dragonite|0 fnt\n|-unboost|p2a: Gholdengo|spa|2\n|faint|p1a: Glimmora\n|faint|p1b: Dragonite\n|\n|-sideend|p2: alexismydog|move: Tailwind\n|upkeep\n|\n|t:|1788334323\n|switch|p1b: Basculegion|Basculegion, L50, M|52/100\n|turn|7\n|\n|t:|1788334342\n|move|p2b: Staraptor|Brave Bird|p1b: Basculegion\n|-damage|p1b: Basculegion|0 fnt\n|faint|p1b: Basculegion\n|-damage|p2b: Staraptor|7/100|[from] Recoil\n|\n|win|alexismydog\n|raw|Sprite T's rating: 1515 &rarr; <strong>1492</strong><br />(-23 for losing)\n|raw|alexismydog's rating: 1454 &rarr; <strong>1477</strong><br />(+23 for winning)\n|l|☆Sprite T\n|player|p1|\n","uploadtime":1788334350,"views":"0","formatid":"gen9championsvgc2026regmb","rating":1477,"private":0,"password":null}