{"id":"gen9championsvgc2026regmbbo3-2674340040","format":"[Gen 9 Champions] VGC 2026 Reg M-B (Bo3)","players":["Daedalo","Jorgetaco"],"log":"|j|☆Daedalo\n|j|☆Jorgetaco\n|html|<table width=\"100%\"><tr><td align=\"left\">Daedalo</td><td align=\"right\">Jorgetaco</tr><tr><td align=\"left\"><i class=\"fa fa-circle-o\"></i> <i class=\"fa fa-circle-o\"></i> </td><td align=\"right\"><i class=\"fa fa-circle-o\"></i> <i class=\"fa fa-circle\"></i> </tr></table>\n|uhtml|bestof|<h2><strong>Game 2</strong> of <a href=\"/game-bestof3-gen9championsvgc2026regmbbo3-2674338170\">a best-of-3</a></h2>\n|t:|1788344628\n|gametype|doubles\n|player|p1|Daedalo|veteran|\n|player|p2|Jorgetaco|266|\n|gen|9\n|tier|[Gen 9 Champions] VGC 2026 Reg M-B (Bo3)\n|rule|Species Clause: Limit one of each Pokémon\n|rule|Item Clause: Limit 1 of each item\n|clearpoke\n|poke|p1|Tyranitar, L50, M|\n|poke|p1|Delphox, L50, F|\n|poke|p1|Incineroar, L50, M, shiny|\n|poke|p1|Sneasler, L50, M|\n|poke|p1|Sinistcha-Masterpiece, L50|\n|poke|p1|Kingambit, L50, F|\n|poke|p2|Garchomp, L50, F|\n|poke|p2|Sylveon, L50, M, shiny|\n|poke|p2|Meganium, L50, F, shiny|\n|poke|p2|Maushold-Four, L50|\n|poke|p2|Annihilape, L50, M, shiny|\n|poke|p2|Milotic, L50, M, shiny|\n|teampreview|4\n|showteam|p1|Tyranitar||Tyranitarite|SandStream|Protect,RockSlide,KnockOff,DragonDance|Adamant||M|||50|]Delphox||Delphoxite|Blaze|HeatWave,Psychic,NastyPlot,Protect|Timid||F|||50|]Incineroar||SitrusBerry|Intimidate|FakeOut,FlareBlitz,HelpingHand,PartingShot|Impish||M|||50|]Sneasler||WhiteHerb|Unburden|Protect,CloseCombat,DireClaw,FakeOut|Adamant||M|||50|]Sinistcha-Masterpiece||ColburBerry|Hospitality|MatchaGotcha,RagePowder,TrickRoom,Protect|Bold|||||50|]Kingambit||LifeOrb|Defiant|KowtowCleave,SuckerPunch,SwordsDance,Protect|Adamant||F|||50|\n|showteam|p2|Garchomp||LumBerry|RoughSkin|StealthRock,Earthquake,DragonTail,RockSlide|Impish||F|||50|]Sylveon||Leftovers|Pixilate|QuickAttack,Wish,HyperVoice,CalmMind|Modest||M|||50|]Meganium||Meganiumite|Overgrow|WeatherBall,DazzlingGleam,SolarBeam,Synthesis|Modest||F|||50|]Maushold-Four||FocusSash|FriendGuard|Protect,PopulationBomb,BeatUp,FollowMe|Timid|||||50|]Annihilape||RoseliBerry|Defiant|BulkUp,DrainPunch,RageFist,Protect|Jolly||M|||50|]Milotic||SitrusBerry|Competitive|Scald,IceBeam,Recover,MirrorCoat|Modest||M|||50|\n|\n|t:|1788344659\n|teamsize|p1|4\n|teamsize|p2|4\n|start\n|switch|p1a: Tyranitar|Tyranitar, L50, M|100/100\n|switch|p1b: Mistake|Incineroar, L50, M, shiny|100/100\n|switch|p2a: Ahi esta|Garchomp, L50, F|100/100\n|switch|p2b: Playboy|Sylveon, L50, M, shiny|100/100\n|-weather|Sandstorm|[from] ability: Sand Stream|[of] p1a: Tyranitar\n|-ability|p1b: Mistake|Intimidate|boost\n|-unboost|p2a: Ahi esta|atk|1\n|-unboost|p2b: Playboy|atk|1\n|turn|1\n|\n|t:|1788344678\n|move|p1a: Tyranitar|Protect|p1a: Tyranitar\n|-singleturn|p1a: Tyranitar|Protect\n|move|p2a: Ahi esta|Stealth Rock|p1a: Tyranitar\n|-sidestart|p1: Daedalo|move: Stealth Rock\n|move|p2b: Playboy|Wish|p2b: Playboy\n|move|p1b: Mistake|Parting Shot|p2a: Ahi esta\n|-unboost|p2a: Ahi esta|atk|1\n|-unboost|p2a: Ahi esta|spa|1\n|j| falconfart77\n|\n|t:|1788344687\n|switch|p1b: Sneasler|Sneasler, L50, M|100/100|[from] Parting Shot\n|-damage|p1b: Sneasler|94/100|[from] Stealth Rock\n|\n|-weather|Sandstorm|[upkeep]\n|-damage|p1b: Sneasler|88/100|[from] Sandstorm\n|-damage|p2b: Playboy|94/100|[from] Sandstorm\n|-heal|p2b: Playboy|100/100|[from] item: Leftovers\n|upkeep\n|turn|2\n|\n|t:|1788344715\n|detailschange|p1a: Tyranitar|Tyranitar-Mega, L50, M\n|-mega|p1a: Tyranitar|Tyranitar|Tyranitarite\n|move|p1b: Sneasler|Dire Claw|p2b: Playboy\n|-supereffective|p2b: Playboy|1\n|-damage|p2b: Playboy|0 fnt\n|faint|p2b: Playboy\n|move|p1a: Tyranitar|Dragon Dance|p1a: Tyranitar\n|-boost|p1a: Tyranitar|atk|1\n|-boost|p1a: Tyranitar|spe|1\n|move|p2a: Ahi esta|Dragon Tail|p1a: Tyranitar\n|-damage|p1a: Tyranitar|91/100\n|drag|p1a: Mistake|Incineroar, L50, M, shiny|100/100\n|-damage|p1a: Mistake|75/100|[from] Stealth Rock\n|-ability|p1a: Mistake|Intimidate|boost\n|-unboost|p2a: Ahi esta|atk|1\n|\n|-weather|Sandstorm|[upkeep]\n|-damage|p1b: Sneasler|82/100|[from] Sandstorm\n|-damage|p1a: Mistake|69/100|[from] Sandstorm\n|upkeep\n|\n|t:|1788344731\n|switch|p2b: Rosita|Annihilape, L50, M, shiny|100/100\n|turn|3\n|\n|t:|1788344748\n|move|p1a: Mistake|Helping Hand|p1b: Sneasler\n|-singleturn|p1b: Sneasler|Helping Hand|[of] p1a: Mistake\n|move|p1b: Sneasler|Dire Claw|p2b: Rosita\n|-resisted|p2b: Rosita|1\n|-damage|p2b: Rosita|68/100\n|-status|p2b: Rosita|slp\n|cant|p2b: Rosita|slp\n|move|p2a: Ahi esta|Dragon Tail|p1b: Sneasler\n|-damage|p1b: Sneasler|64/100\n|drag|p1b: コーヒー|Sinistcha-Masterpiece, L50|100/100\n|-damage|p1b: コーヒー|87/100|[from] Stealth Rock\n|-heal|p1a: Mistake|94/100|[from] ability: Hospitality|[of] p1b: コーヒー\n|\n|-weather|Sandstorm|[upkeep]\n|-damage|p2b: Rosita|62/100 slp|[from] Sandstorm\n|-damage|p1b: コーヒー|81/100|[from] Sandstorm\n|-damage|p1a: Mistake|88/100|[from] Sandstorm\n|upkeep\n|turn|4\n|\n|t:|1788344782\n|switch|p2a: Felices los 4|Maushold-Four, L50|100/100\n|cant|p2b: Rosita|slp\n|move|p1a: Mistake|Parting Shot|p2a: Felices los 4\n|-unboost|p2a: Felices los 4|atk|1\n|-unboost|p2a: Felices los 4|spa|1\n|\n|t:|1788344790\n|switch|p1a: Tyranitar|Tyranitar-Mega, L50, M|91/100|[from] Parting Shot\n|-damage|p1a: Tyranitar|79/100|[from] Stealth Rock\n|move|p1b: コーヒー|Trick Room|p1b: コーヒー\n|-fieldstart|move: Trick Room|[of] p1b: コーヒー\n|\n|-weather|Sandstorm|[upkeep]\n|-damage|p1b: コーヒー|75/100|[from] Sandstorm\n|-damage|p2b: Rosita|56/100 slp|[from] Sandstorm\n|-damage|p2a: Felices los 4|93/100|[from] Sandstorm\n|upkeep\n|turn|5\n|\n|t:|1788344804\n|move|p2a: Felices los 4|Protect|p2a: Felices los 4\n|-singleturn|p2a: Felices los 4|Protect\n|move|p1b: コーヒー|Matcha Gotcha|p2a: Felices los 4|[spread] p2b\n|-activate|p2a: Felices los 4|move: Protect\n|-damage|p2b: Rosita|39/100 slp\n|-heal|p1b: コーヒー|85/100|[from] drain|[of] p2b: Rosita\n|move|p1a: Tyranitar|Knock Off|p2b: Rosita\n|-damage|p2b: Rosita|0 fnt\n|-enditem|p2b: Rosita|Roseli Berry|[from] move: Knock Off|[of] p1a: Tyranitar\n|faint|p2b: Rosita\n|\n|-weather|none\n|upkeep\n|\n|t:|1788344817\n|switch|p2b: Ahi esta|Garchomp, L50, F|100/100\n|turn|6\n|\n|t:|1788344831\n|switch|p1a: Mistake|Incineroar, L50, M, shiny|88/100\n|-damage|p1a: Mistake|63/100|[from] Stealth Rock\n|-ability|p1a: Mistake|Intimidate|boost\n|-unboost|p2a: Felices los 4|atk|1\n|-unboost|p2b: Ahi esta|atk|1\n|move|p1b: コーヒー|Protect|p1b: コーヒー\n|-singleturn|p1b: コーヒー|Protect\n|move|p2a: Felices los 4|Population Bomb|p1a: Mistake\n|-damage|p1a: Mistake|61/100\n|-crit|p1a: Mistake\n|-damage|p1a: Mistake|55/100\n|-damage|p1a: Mistake|53/100\n|-crit|p1a: Mistake\n|-damage|p1a: Mistake|48/100\n|-enditem|p1a: Mistake|Sitrus Berry|[eat]\n|-heal|p1a: Mistake|73/100|[from] item: Sitrus Berry\n|-damage|p1a: Mistake|71/100\n|-damage|p1a: Mistake|69/100\n|-damage|p1a: Mistake|67/100\n|-damage|p1a: Mistake|65/100\n|-damage|p1a: Mistake|63/100\n|-damage|p1a: Mistake|61/100\n|-hitcount|p1a: Mistake|10\n|move|p2b: Ahi esta|Dragon Tail|p1b: コーヒー\n|-activate|p1b: コーヒー|move: Protect\n|\n|upkeep\n|turn|7\n|\n|t:|1788344863\n|move|p2a: Felices los 4|Protect|p2a: Felices los 4\n|-singleturn|p2a: Felices los 4|Protect\n|move|p1a: Mistake|Fake Out|p2b: Ahi esta\n|-damage|p2b: Ahi esta|94/100\n|-damage|p1a: Mistake|49/100|[from] ability: Rough Skin|[of] p2b: Ahi esta\n|move|p1b: コーヒー|Rage Powder|p1b: コーヒー\n|-singleturn|p1b: コーヒー|move: Rage Powder\n|cant|p2b: Ahi esta|flinch\n|\n|upkeep\n|turn|8\n|\n|t:|1788344894\n|switch|p1b: Sneasler|Sneasler, L50, M|64/100\n|-damage|p1b: Sneasler|59/100|[from] Stealth Rock\n|move|p1a: Mistake|Parting Shot|p2b: Ahi esta\n|-unboost|p2b: Ahi esta|atk|1\n|-unboost|p2b: Ahi esta|spa|1\n|\n|t:|1788344901\n|switch|p1a: コーヒー|Sinistcha-Masterpiece, L50|85/100|[from] Parting Shot\n|-damage|p1a: コーヒー|73/100|[from] Stealth Rock\n|-heal|p1b: Sneasler|84/100|[from] ability: Hospitality|[of] p1a: コーヒー\n|move|p2b: Ahi esta|Rock Slide|p1a: コーヒー|[spread] p1a,p1b\n|-resisted|p1b: Sneasler|1\n|-damage|p1a: コーヒー|67/100\n|-damage|p1b: Sneasler|77/100\n|move|p2a: Felices los 4|Population Bomb|p1a: コーヒー\n|-immune|p1a: コーヒー\n|\n|-fieldend|move: Trick Room\n|upkeep\n|turn|9\n|\n|t:|1788344922\n|move|p1b: Sneasler|Fake Out|p2a: Felices los 4\n|-crit|p2a: Felices los 4\n|-damage|p2a: Felices los 4|61/100\n|cant|p2a: Felices los 4|flinch\n|move|p2b: Ahi esta|Dragon Tail|p1b: Sneasler\n|-damage|p1b: Sneasler|56/100\n|drag|p1b: Tyranitar|Tyranitar-Mega, L50, M|79/100\n|-damage|p1b: Tyranitar|67/100|[from] Stealth Rock\n|-weather|Sandstorm|[from] ability: Sand Stream|[of] p1b: Tyranitar\n|move|p1a: コーヒー|Trick Room|p1a: コーヒー\n|-fieldstart|move: Trick Room|[of] p1a: コーヒー\n|\n|-weather|Sandstorm|[upkeep]\n|-damage|p1a: コーヒー|61/100|[from] Sandstorm\n|-damage|p2a: Felices los 4|55/100|[from] Sandstorm\n|upkeep\n|turn|10\n|\n|t:|1788344942\n|move|p2a: Felices los 4|Protect|p2a: Felices los 4\n|-singleturn|p2a: Felices los 4|Protect\n|move|p1a: コーヒー|Matcha Gotcha|p2b: Ahi esta|[spread] p2b\n|-activate|p2a: Felices los 4|move: Protect\n|-damage|p2b: Ahi esta|77/100\n|-heal|p1a: コーヒー|71/100|[from] drain|[of] p2b: Ahi esta\n|move|p1b: Tyranitar|Rock Slide|p2b: Ahi esta|[spread] p2b\n|-activate|p2a: Felices los 4|move: Protect\n|-resisted|p2b: Ahi esta|1\n|-damage|p2b: Ahi esta|69/100\n|cant|p2b: Ahi esta|flinch\n|\n|-weather|Sandstorm|[upkeep]\n|-damage|p1a: コーヒー|65/100|[from] Sandstorm\n|-damage|p2a: Felices los 4|49/100|[from] Sandstorm\n|upkeep\n|turn|11\n|-message|Jorgetaco forfeited.\n|\n|win|Daedalo\n|l|☆Jorgetaco\n|player|p2|\n","uploadtime":1788344973,"views":"8","formatid":"gen9championsvgc2026regmbbo3","rating":null,"private":0,"password":null}