{"id":"gen9championsvgc2026regmbbo3-2673389798","format":"[Gen 9 Champions] VGC 2026 Reg M-B (Bo3)","players":["redjaguar","zugga"],"log":"|j|☆redjaguar\n|j|☆zugga\n|html|<table width=\"100%\"><tr><td align=\"left\">redjaguar</td><td align=\"right\">zugga</tr><tr><td align=\"left\"><i class=\"fa fa-circle-o\"></i> <i class=\"fa fa-circle-o\"></i> </td><td align=\"right\"><i class=\"fa fa-circle-o\"></i> <i class=\"fa fa-circle\"></i> </tr></table>\n|uhtml|bestof|<h2><strong>Game 2</strong> of <a href=\"/game-bestof3-gen9championsvgc2026regmbbo3-2673386401\">a best-of-3</a></h2>\n|t:|1788191894\n|gametype|doubles\n|player|p1|redjaguar|gambler|1116\n|player|p2|zugga|169|1081\n|gen|9\n|tier|[Gen 9 Champions] VGC 2026 Reg M-B (Bo3)\n|rated|\n|rule|Species Clause: Limit one of each Pokémon\n|rule|Item Clause: Limit 1 of each item\n|clearpoke\n|poke|p1|Farigiraf, L50, F|\n|poke|p1|Aerodactyl, L50, M|\n|poke|p1|Gardevoir, L50, M|\n|poke|p1|Basculegion, L50, M|\n|poke|p1|Infernape, L50, F|\n|poke|p1|Garchomp, L50, F|\n|poke|p2|Charizard, L50, M, shiny|\n|poke|p2|Whimsicott, L50, M, shiny|\n|poke|p2|Sinistcha-Masterpiece, L50, shiny|\n|poke|p2|Staraptor, L50, M, shiny|\n|poke|p2|Garchomp, L50, F|\n|poke|p2|Basculegion, L50, M|\n|teampreview|4\n|showteam|p1|Farigiraf||SitrusBerry|ArmorTail|Psychic,Thunderbolt,Protect,HelpingHand|Bold||F|||50|]Aerodactyl||FocusSash|Unnerve|Tailwind,RockSlide,WideGuard,Protect|Jolly||M|||50|]Gardevoir||Gardevoirite|Telepathy|HyperVoice,Psychic,CalmMind,Protect|Timid||M|||50|]Basculegion||MysticWater|Adaptability|AquaJet,LastRespects,WaveCrash,Protect|Adamant||M|||50|]Infernape||WhiteHerb|IronFist|CloseCombat,Feint,FakeOut,StoneEdge|Jolly||F|||50|]Garchomp||LifeOrb|RoughSkin|Earthquake,RockSlide,DragonClaw,Protect|Jolly||F|||50|\n|showteam|p2|Charizard||CharizarditeY|Blaze|HeatWave,SolarBeam,Protect,WeatherBall|Modest||M|||50|]Whimsicott||FocusSash|Prankster|Moonblast,Encore,Tailwind,Charm|Timid||M|||50|]Sinistcha-Masterpiece||SitrusBerry|Hospitality|MatchaGotcha,LifeDew,TrickRoom,RagePowder|Calm|||||50|]Staraptor||Staraptite|Intimidate|CloseCombat,BraveBird,Protect,Roost|Jolly||M|||50|]Garchomp||LifeOrb|RoughSkin|DragonClaw,RockSlide,Earthquake,Protect|Adamant||F|||50|]Basculegion||ExpertBelt|Adaptability|WaveCrash,AquaJet,LastRespects,Protect|Adamant||M|||50|\n|inactive|Battle timer is ON: inactive players will automatically lose when time's up. (requested by zugga)\n|\n|t:|1788191929\n|teamsize|p1|4\n|teamsize|p2|4\n|start\n|switch|p1a: Gardevoir|Gardevoir, L50, M|100/100\n|switch|p1b: Infernape|Infernape, L50, F|100/100\n|switch|p2a: Mộc Dương|Whimsicott, L50, M, shiny|100/100\n|switch|p2b: Giác Điểu|Staraptor, L50, M, shiny|100/100\n|-ability|p2b: Giác Điểu|Intimidate|boost\n|-unboost|p1a: Gardevoir|atk|1\n|-unboost|p1b: Infernape|atk|1\n|-enditem|p1b: Infernape|White Herb\n|-clearnegativeboost|p1b: Infernape|[silent]\n|turn|1\n|inactive|redjaguar has 30 seconds left.\n|\n|t:|1788191963\n|detailschange|p2b: Giác Điểu|Staraptor-Mega, L50, M, shiny\n|-mega|p2b: Giác Điểu|Staraptor|Staraptite\n|detailschange|p1a: Gardevoir|Gardevoir-Mega, L50, M\n|-mega|p1a: Gardevoir|Gardevoir|Gardevoirite\n|move|p1b: Infernape|Feint|p2b: Giác Điểu\n|-damage|p2b: Giác Điểu|89/100\n|move|p2a: Mộc Dương|Tailwind|p2a: Mộc Dương\n|-sidestart|p2: zugga|move: Tailwind\n|move|p2b: Giác Điểu|Close Combat|p1b: Infernape\n|-damage|p1b: Infernape|0 fnt\n|-boost|p2b: Giác Điểu|def|1\n|-boost|p2b: Giác Điểu|spd|1\n|faint|p1b: Infernape\n|move|p1a: Gardevoir|Hyper Voice|p2a: Mộc Dương|[spread] p2a,p2b\n|-supereffective|p2b: Giác Điểu|1\n|-damage|p2a: Mộc Dương|23/100\n|-damage|p2b: Giác Điểu|6/100\n|\n|upkeep\n|\n|t:|1788191980\n|switch|p1b: Aerodactyl|Aerodactyl, L50, M|100/100\n|-ability|p1b: Aerodactyl|Unnerve\n|turn|2\n|inactive|zugga has 30 seconds left.\n|\n|t:|1788192012\n|move|p2a: Mộc Dương|Charm|p2b: Giác Điểu\n|-boost|p2b: Giác Điểu|atk|2\n|move|p2b: Giác Điểu|Brave Bird|p1a: Gardevoir\n|-damage|p1a: Gardevoir|0 fnt\n|faint|p1a: Gardevoir\n|-damage|p2b: Giác Điểu|0 fnt|[from] Recoil\n|faint|p2b: Giác Điểu\n|move|p1b: Aerodactyl|Tailwind|p1b: Aerodactyl\n|-sidestart|p1: redjaguar|move: Tailwind\n|\n|upkeep\n|\n|t:|1788192021\n|switch|p2b: Long Sa|Garchomp, L50, F|100/100\n|switch|p1a: Garchomp|Garchomp, L50, F|100/100\n|turn|3\n|\n|t:|1788192035\n|move|p1b: Aerodactyl|Wide Guard|p1b: Aerodactyl\n|-singleturn|p1b: Aerodactyl|Wide Guard\n|move|p2a: Mộc Dương|Encore|p1b: Aerodactyl\n|-start|p1b: Aerodactyl|Encore\n|move|p1a: Garchomp|Dragon Claw|p2b: Long Sa\n|-supereffective|p2b: Long Sa|1\n|-damage|p2b: Long Sa|0 fnt\n|-damage|p1a: Garchomp|87/100|[from] ability: Rough Skin|[of] p2b: Long Sa\n|faint|p2b: Long Sa\n|-damage|p1a: Garchomp|77/100|[from] item: Life Orb\n|\n|upkeep\n|\n|t:|1788192046\n|switch|p2b: Linh Trà|Sinistcha-Masterpiece, L50, shiny|100/100\n|-heal|p2a: Mộc Dương|48/100|[from] ability: Hospitality|[of] p2b: Linh Trà\n|turn|4\n|\n|t:|1788192063\n|move|p1b: Aerodactyl|Wide Guard|p1b: Aerodactyl\n|-singleturn|p1b: Aerodactyl|Wide Guard\n|move|p2a: Mộc Dương|Moonblast|p1a: Garchomp\n|-supereffective|p1a: Garchomp|1\n|-damage|p1a: Garchomp|0 fnt\n|faint|p1a: Garchomp\n|move|p2b: Linh Trà|Matcha Gotcha|p1b: Aerodactyl\n|-activate|p1b: Aerodactyl|move: Wide Guard\n|\n|-sideend|p2: zugga|move: Tailwind\n|upkeep\n|turn|5\n|\n|t:|1788192075\n|move|p1b: Aerodactyl|Wide Guard|p1b: Aerodactyl\n|-singleturn|p1b: Aerodactyl|Wide Guard\n|move|p2a: Mộc Dương|Moonblast|p1b: Aerodactyl\n|-damage|p1b: Aerodactyl|49/100\n|move|p2b: Linh Trà|Life Dew||[still]|[spread] p2a,p2b\n|-heal|p2a: Mộc Dương|72/100\n|-fail|p2b: Linh Trà|heal\n|\n|-sideend|p1: redjaguar|move: Tailwind\n|upkeep\n|turn|6\n|\n|t:|1788192086\n|move|p1b: Aerodactyl|Wide Guard|p1b: Aerodactyl\n|-singleturn|p1b: Aerodactyl|Wide Guard\n|move|p2a: Mộc Dương|Moonblast|p1b: Aerodactyl\n|-damage|p1b: Aerodactyl|0 fnt\n|faint|p1b: Aerodactyl\n|\n|win|zugga\n|raw|redjaguar's rating: 1116 &rarr; <strong>1088</strong><br />(-28 for losing)\n|raw|zugga's rating: 1081 &rarr; <strong>1112</strong><br />(+31 for winning)\n|l|☆zugga\n|player|p2|\n","uploadtime":1788192188,"views":"1","formatid":"gen9championsvgc2026regmbbo3","rating":1088,"private":0,"password":null}