{"id":"gen9championsvgc2026regmbbo3-2673522805","format":"[Gen 9 Champions] VGC 2026 Reg M-B (Bo3)","players":["javivaarela","marcosdeltasena31"],"log":"|j|☆javivaarela\n|j|☆marcosdeltasena31\n|html|<table width=\"100%\"><tr><td align=\"left\">javivaarela</td><td align=\"right\">marcosdeltasena31</tr><tr><td align=\"left\"><i class=\"fa fa-circle-o\"></i> <i class=\"fa fa-circle-o\"></i> </td><td align=\"right\"><i class=\"fa fa-circle-o\"></i> <i class=\"fa fa-circle-o\"></i> </tr></table>\n|uhtml|bestof|<h2><strong>Game 1</strong> of <a href=\"/game-bestof3-gen9championsvgc2026regmbbo3-2673522804\">a best-of-3</a></h2>\n|t:|1788208154\n|gametype|doubles\n|player|p1|javivaarela|shadowtriad|1273\n|player|p2|marcosdeltasena31|hilbert|1578\n|gen|9\n|tier|[Gen 9 Champions] VGC 2026 Reg M-B (Bo3)\n|rated|\n|rule|Species Clause: Limit one of each Pokémon\n|rule|Item Clause: Limit 1 of each item\n|clearpoke\n|poke|p1|Staraptor, L50, M, shiny|\n|poke|p1|Arcanine-Hisui, L50, F, shiny|\n|poke|p1|Kingambit, L50, M, shiny|\n|poke|p1|Sylveon, L50, M, shiny|\n|poke|p1|Raichu, L50, F, shiny|\n|poke|p1|Farigiraf, L50, F, shiny|\n|poke|p2|Staraptor, L50, M|\n|poke|p2|Raichu, L50, F|\n|poke|p2|Arcanine-Hisui, L50, M|\n|poke|p2|Kingambit, L50, F|\n|poke|p2|Farigiraf, L50, M, shiny|\n|poke|p2|Sylveon, L50, F|\n|teampreview|4\n|showteam|p1|Staraptor||Staraptite|Intimidate|DualWingbeat,CloseCombat,Tailwind,Protect|Jolly||M|||50|]Arcanine-Hisui||FocusSash|RockHead|FlareBlitz,HeadSmash,ExtremeSpeed,Protect|Jolly||F|||50|]Kingambit||LifeOrb|Defiant|KowtowCleave,SuckerPunch,SwordsDance,Protect|Adamant||M|||50|]Sylveon||FairyFeather|Pixilate|HyperVoice,HyperBeam,QuickAttack,Detect|Modest||M|||50|]Raichu||RaichuniteY|LightningRod|ZapCannon,FocusBlast,FakeOut,Protect|Timid||F|||50|]Farigiraf||SitrusBerry|ArmorTail|Psychic,HelpingHand,TrickRoom,Protect|Calm||F|||50|\n|showteam|p2|Staraptor||Staraptite|Intimidate|BraveBird,CloseCombat,Tailwind,Protect|Jolly||M|||50|]Raichu||RaichuniteY|LightningRod|ZapCannon,FocusBlast,FakeOut,Protect|Timid||F|||50|]Arcanine-Hisui||FocusSash|RockHead|FlareBlitz,HeadSmash,ExtremeSpeed,Protect|Jolly||M|||50|]Kingambit||LifeOrb|Defiant|KowtowCleave,SwordsDance,SuckerPunch,Protect|Adamant||F|||50|]Farigiraf||SitrusBerry|ArmorTail|Psychic,HelpingHand,TrickRoom,Protect|Bold||M|||50|]Sylveon||FairyFeather|Pixilate|HyperVoice,HyperBeam,QuickAttack,Protect|Modest||F|||50|\n|inactive|Battle timer is ON: inactive players will automatically lose when time's up. (requested by javivaarela)\n|\n|t:|1788208197\n|teamsize|p1|4\n|teamsize|p2|4\n|start\n|switch|p1a: Flower Man|Staraptor, L50, M, shiny|100/100\n|switch|p1b: WrathofKhan|Kingambit, L50, M, shiny|100/100\n|switch|p2a: Raichu|Raichu, L50, F|100/100\n|switch|p2b: Sylveon|Sylveon, L50, F|100/100\n|-ability|p1a: Flower Man|Intimidate|boost\n|-unboost|p2a: Raichu|atk|1\n|-unboost|p2b: Sylveon|atk|1\n|turn|1\n|\n|t:|1788208215\n|detailschange|p1a: Flower Man|Staraptor-Mega, L50, M, shiny\n|-mega|p1a: Flower Man|Staraptor|Staraptite\n|move|p1a: Flower Man|Protect|p1a: Flower Man\n|-singleturn|p1a: Flower Man|Protect\n|move|p1b: WrathofKhan|Protect|p1b: WrathofKhan\n|-singleturn|p1b: WrathofKhan|Protect\n|move|p2a: Raichu|Fake Out|p1a: Flower Man\n|-activate|p1a: Flower Man|move: Protect\n|move|p2b: Sylveon|Hyper Voice|p1a: Flower Man|[spread] \n|-activate|p1a: Flower Man|move: Protect\n|-activate|p1b: WrathofKhan|move: Protect\n|\n|upkeep\n|turn|2\n|\n|t:|1788208238\n|switch|p1a: Wasabi|Arcanine-Hisui, L50, F, shiny|100/100\n|detailschange|p2a: Raichu|Raichu-Mega-Y, L50, F\n|-mega|p2a: Raichu|Raichu|Raichunite Y\n|move|p1b: WrathofKhan|Sucker Punch|p2a: Raichu\n|-damage|p2a: Raichu|8/100\n|-damage|p1b: WrathofKhan|90/100|[from] item: Life Orb\n|move|p2a: Raichu|Focus Blast|p1b: WrathofKhan\n|-supereffective|p1b: WrathofKhan|2\n|-damage|p1b: WrathofKhan|0 fnt\n|faint|p1b: WrathofKhan\n|move|p2b: Sylveon|Hyper Voice|p1a: Wasabi\n|-resisted|p1a: Wasabi|1\n|-damage|p1a: Wasabi|64/100\n|\n|upkeep\n|\n|t:|1788208251\n|switch|p1b: Sadie Sink|Sylveon, L50, M, shiny|100/100\n|turn|3\n|\n|t:|1788208266\n|switch|p2a: Farigiraf|Farigiraf, L50, M, shiny|100/100\n|move|p1a: Wasabi|Extreme Speed||[still]\n|cant|p2a: Farigiraf|ability: Armor Tail|Extreme Speed|[of] p1a: Wasabi\n|move|p2b: Sylveon|Hyper Voice|p1a: Wasabi|[spread] p1a,p1b\n|-resisted|p1a: Wasabi|1\n|-damage|p1a: Wasabi|35/100\n|-damage|p1b: Sadie Sink|64/100\n|move|p1b: Sadie Sink|Hyper Beam|p2b: Sylveon\n|-damage|p2b: Sylveon|22/100\n|-mustrecharge|p1b: Sadie Sink\n|\n|upkeep\n|turn|4\n|\n|t:|1788208285\n|switch|p2b: Arcanine|Arcanine-Hisui, L50, M|100/100\n|move|p1a: Wasabi|Flare Blitz|p2b: Arcanine\n|-resisted|p2b: Arcanine|2\n|-damage|p2b: Arcanine|83/100\n|cant|p1b: Sadie Sink|recharge\n|move|p2a: Farigiraf|Psychic|p1b: Sadie Sink\n|-damage|p1b: Sadie Sink|39/100\n|-unboost|p1b: Sadie Sink|spd|1\n|\n|upkeep\n|turn|5\n|\n|t:|1788208297\n|switch|p1b: Flower Man|Staraptor-Mega, L50, M, shiny|100/100\n|move|p2b: Arcanine|Flare Blitz|p1b: Flower Man\n|-damage|p1b: Flower Man|40/100\n|-status|p1b: Flower Man|brn\n|move|p1a: Wasabi|Head Smash|p2b: Arcanine\n|-supereffective|p2b: Arcanine|1\n|-damage|p2b: Arcanine|0 fnt\n|faint|p2b: Arcanine\n|move|p2a: Farigiraf|Psychic|p1a: Wasabi\n|-damage|p1a: Wasabi|0 fnt\n|faint|p1a: Wasabi\n|\n|-damage|p1b: Flower Man|34/100 brn|[from] brn\n|upkeep\n|\n|t:|1788208307\n|switch|p2b: Raichu|Raichu-Mega-Y, L50, F|8/100\n|switch|p1a: Sadie Sink|Sylveon, L50, M, shiny|39/100\n|turn|6\n|\n|t:|1788208320\n|move|p1a: Sadie Sink|Detect|p1a: Sadie Sink\n|-singleturn|p1a: Sadie Sink|Protect\n|move|p2b: Raichu|Zap Cannon|p1a: Sadie Sink\n|-activate|p1a: Sadie Sink|move: Protect\n|move|p1b: Flower Man|Tailwind|p1b: Flower Man\n|-sidestart|p1: javivaarela|move: Tailwind\n|move|p2a: Farigiraf|Trick Room|p2a: Farigiraf\n|-fieldstart|move: Trick Room|[of] p2a: Farigiraf\n|\n|-damage|p1b: Flower Man|28/100 brn|[from] brn\n|upkeep\n|turn|7\n|\n|t:|1788208333\n|move|p2b: Raichu|Protect|p2b: Raichu\n|-singleturn|p2b: Raichu|Protect\n|move|p1b: Flower Man|Protect|p1b: Flower Man\n|-singleturn|p1b: Flower Man|Protect\n|move|p2a: Farigiraf|Psychic|p1a: Sadie Sink\n|-damage|p1a: Sadie Sink|13/100\n|move|p1a: Sadie Sink|Hyper Voice|p2b: Raichu|[spread] p2a\n|-activate|p2b: Raichu|move: Protect\n|-damage|p2a: Farigiraf|55/100\n|\n|-damage|p1b: Flower Man|22/100 brn|[from] brn\n|upkeep\n|turn|8\n|\n|t:|1788208342\n|move|p2a: Farigiraf|Psychic|p1a: Sadie Sink\n|-damage|p1a: Sadie Sink|0 fnt\n|faint|p1a: Sadie Sink\n|move|p2b: Raichu|Zap Cannon|p1b: Flower Man\n|-supereffective|p1b: Flower Man|1\n|-damage|p1b: Flower Man|0 fnt\n|faint|p1b: Flower Man\n|\n|win|marcosdeltasena31\n","uploadtime":1788208342,"views":"0","formatid":"gen9championsvgc2026regmbbo3","rating":null,"private":0,"password":null}