{"id":"gen9championsvgc2026regmb-2674753638","format":"[Gen 9 Champions] VGC 2026 Reg M-B","players":["LucarioSolosYou2","darkrai_mtr"],"log":"|j|☆LucarioSolosYou2\n|j|☆darkrai_mtr\n|t:|1788400857\n|gametype|doubles\n|player|p1|LucarioSolosYou2|102|\n|player|p2|darkrai_mtr|shauntal|\n|gen|9\n|tier|[Gen 9 Champions] VGC 2026 Reg M-B\n|rule|Species Clause: Limit one of each Pokémon\n|rule|Item Clause: Limit 1 of each item\n|clearpoke\n|poke|p1|Gallade, L50, M, shiny|\n|poke|p1|Maushold-Four, L50|\n|poke|p1|Basculegion, L50, M, shiny|\n|poke|p1|Ditto, L50, shiny|\n|poke|p1|Dragonite, L50, M, shiny|\n|poke|p1|Incineroar, L50, M|\n|poke|p2|Meowstic-F, L50, F, shiny|\n|poke|p2|Whimsicott, L50, F, shiny|\n|poke|p2|Tsareena, L50, F|\n|poke|p2|Ceruledge, L50, F|\n|poke|p2|Pidgeot, L50, M, shiny|\n|poke|p2|Feraligatr, L50, M|\n|teampreview|4\nLucarioSolosYou2 rejected open team sheets.\n|\n|t:|1788400947\n|teamsize|p1|4\n|teamsize|p2|4\n|start\n|switch|p1a: WolfyVgc|Incineroar, L50, M|100/100\n|switch|p1b: Denied|Gallade, L50, M, shiny|100/100\n|switch|p2a: Gold Pidgey|Pidgeot, L50, M, shiny|100/100\n|switch|p2b: Whimscotton|Whimsicott, L50, F, shiny|100/100\n|-ability|p1a: WolfyVgc|Intimidate|boost\n|-unboost|p2a: Gold Pidgey|atk|1\n|-unboost|p2b: Whimscotton|atk|1\n|turn|1\n|\n|t:|1788400977\n|switch|p2b: ThiccBaddie|Tsareena, L50, F|100/100\n|detailschange|p2a: Gold Pidgey|Pidgeot-Mega, L50, M, shiny\n|-mega|p2a: Gold Pidgey|Pidgeot|Pidgeotite\n|move|p2a: Gold Pidgey|Hurricane|p1b: Denied\n|-supereffective|p1b: Denied|1\n|-damage|p1b: Denied|0 fnt\n|faint|p1b: Denied\n|move|p1a: WolfyVgc|Swagger|p1: Denied|[notarget]\n|-fail|p1a: WolfyVgc\n|\n|upkeep\n|\n|t:|1788400987\n|switch|p1b: Mickey Mouse|Maushold-Four, L50|100/100\n|turn|2\n|\n|t:|1788401010\n|move|p2a: Gold Pidgey|Hurricane|p1b: Mickey Mouse\n|-damage|p1b: Mickey Mouse|28/100\n|move|p1b: Mickey Mouse|After You|p1a: WolfyVgc\n|-activate|p1a: WolfyVgc|move: After You\n|move|p1a: WolfyVgc|Parting Shot|p2a: Gold Pidgey\n|-unboost|p2a: Gold Pidgey|atk|1\n|-unboost|p2a: Gold Pidgey|spa|1\n|\n|t:|1788401018\n|switch|p1a: Diddys disciple|Ditto, L50, shiny|100/100|[from] Parting Shot\n|-transform|p1a: Diddys disciple|p2b: ThiccBaddie|[from] ability: Imposter\n|move|p2b: ThiccBaddie|Taunt|p1a: Diddys disciple\n|-start|p1a: Diddys disciple|move: Taunt\n|\n|upkeep\n|turn|3\n|\n|t:|1788401030\n|move|p1b: Mickey Mouse|Helping Hand|p1a: Diddys disciple\n|-singleturn|p1a: Diddys disciple|Helping Hand|[of] p1b: Mickey Mouse\n|move|p2a: Gold Pidgey|Heat Wave|p1b: Mickey Mouse|[spread] p1a,p1b\n|-supereffective|p1a: Diddys disciple|1\n|-damage|p1a: Diddys disciple|76/100\n|-damage|p1b: Mickey Mouse|7/100\n|move|p1a: Diddys disciple|Triple Axel|p2a: Gold Pidgey\n|-supereffective|p2a: Gold Pidgey|1\n|-damage|p2a: Gold Pidgey|76/100\n|-supereffective|p2a: Gold Pidgey|1\n|-damage|p2a: Gold Pidgey|31/100\n|-supereffective|p2a: Gold Pidgey|1\n|-damage|p2a: Gold Pidgey|0 fnt\n|faint|p2a: Gold Pidgey\n|-hitcount|p2: Gold Pidgey|3\n|move|p2b: ThiccBaddie|Triple Axel|p1a: Diddys disciple\n|-supereffective|p1a: Diddys disciple|1\n|-damage|p1a: Diddys disciple|66/100\n|-supereffective|p1a: Diddys disciple|1\n|-damage|p1a: Diddys disciple|47/100\n|-hitcount|p1a: Diddys disciple|2\n|\n|upkeep\n|\n|t:|1788401050\n|switch|p2a: Whimscotton|Whimsicott, L50, F, shiny|100/100\n|turn|4\n|\n|t:|1788401102\n|move|p2a: Whimscotton|Tailwind|p2a: Whimscotton\n|-sidestart|p2: darkrai_mtr|move: Tailwind\n|move|p2b: ThiccBaddie|Trop Kick|p1b: Mickey Mouse\n|-damage|p1b: Mickey Mouse|0 fnt\n|faint|p1b: Mickey Mouse\n|move|p1a: Diddys disciple|Triple Axel|p2b: ThiccBaddie\n|-supereffective|p2b: ThiccBaddie|1\n|-damage|p2b: ThiccBaddie|88/100\n|-supereffective|p2b: ThiccBaddie|1\n|-damage|p2b: ThiccBaddie|68/100\n|-supereffective|p2b: ThiccBaddie|1\n|-damage|p2b: ThiccBaddie|34/100\n|-hitcount|p2b: ThiccBaddie|3\n|\n|-heal|p2b: ThiccBaddie|40/100|[from] item: Leftovers\n|-end|p1a: Diddys disciple|move: Taunt\n|upkeep\n|\n|t:|1788401113\n|switch|p1b: WolfyVgc|Incineroar, L50, M|100/100\n|-ability|p1b: WolfyVgc|Intimidate|boost\n|-unboost|p2a: Whimscotton|atk|1\n|-unboost|p2b: ThiccBaddie|atk|1\n|turn|5\n|\n|t:|1788401138\n|move|p2a: Whimscotton|Energy Ball|p1a: Diddys disciple\n|-resisted|p1a: Diddys disciple|1\n|-damage|p1a: Diddys disciple|33/100\n|move|p2b: ThiccBaddie|Triple Axel|p1a: Diddys disciple\n|-supereffective|p1a: Diddys disciple|1\n|-damage|p1a: Diddys disciple|24/100\n|-supereffective|p1a: Diddys disciple|1\n|-damage|p1a: Diddys disciple|7/100\n|-hitcount|p1a: Diddys disciple|2\n|move|p1a: Diddys disciple|Triple Axel|p2b: ThiccBaddie\n|-supereffective|p2b: ThiccBaddie|1\n|-damage|p2b: ThiccBaddie|27/100\n|-supereffective|p2b: ThiccBaddie|1\n|-damage|p2b: ThiccBaddie|4/100\n|-supereffective|p2b: ThiccBaddie|1\n|-damage|p2b: ThiccBaddie|0 fnt\n|faint|p2b: ThiccBaddie\n|-hitcount|p2: ThiccBaddie|3\n|move|p1b: WolfyVgc|Parting Shot|p2a: Whimscotton\n|-unboost|p2a: Whimscotton|atk|1\n|-unboost|p2a: Whimscotton|spa|1\n|\n|upkeep\n|\n|t:|1788401156\n|switch|p2b: ScaryLarry|Feraligatr, L50, M|100/100\n|turn|6\n|\n|t:|1788401171\n|move|p2b: ScaryLarry|Liquidation|p1b: WolfyVgc\n|-supereffective|p1b: WolfyVgc|1\n|-damage|p1b: WolfyVgc|0 fnt\n|faint|p1b: WolfyVgc\n|move|p2a: Whimscotton|Energy Ball|p1a: Diddys disciple\n|-resisted|p1a: Diddys disciple|1\n|-damage|p1a: Diddys disciple|0 fnt\n|faint|p1a: Diddys disciple\n|\n|win|darkrai_mtr\n|l|☆LucarioSolosYou2\n|player|p1|\n","uploadtime":1788401180,"views":"0","formatid":"gen9championsvgc2026regmb","rating":null,"private":0,"password":null}