{"id":"gen9championsvgc2026regmbbo3-2673385359","format":"[Gen 9 Champions] VGC 2026 Reg M-B (Bo3)","players":["aerodactylhater","mellowflight"],"log":"|j|☆aerodactylhater\n|j|☆mellowflight\n|html|<table width=\"100%\"><tr><td align=\"left\">aerodactylhater</td><td align=\"right\">mellowflight</tr><tr><td align=\"left\"><i class=\"fa fa-circle-o\"></i> <i class=\"fa fa-circle-o\"></i> </td><td align=\"right\"><i class=\"fa fa-circle-o\"></i> <i class=\"fa fa-circle-o\"></i> </tr></table>\n|uhtml|bestof|<h2><strong>Game 1</strong> of <a href=\"/game-bestof3-gen9championsvgc2026regmbbo3-2673385358\">a best-of-3</a></h2>\n|t:|1788191329\n|gametype|doubles\n|player|p1|aerodactylhater|cowgirl|1397\n|player|p2|mellowflight|rhi|1325\n|gen|9\n|tier|[Gen 9 Champions] VGC 2026 Reg M-B (Bo3)\n|rated|\n|rule|Species Clause: Limit one of each Pokémon\n|rule|Item Clause: Limit 1 of each item\n|clearpoke\n|poke|p1|Tyranitar, L50, M|\n|poke|p1|Excadrill, L50, M|\n|poke|p1|Milotic, L50, F|\n|poke|p1|Sinistcha, L50|\n|poke|p1|Staraptor, L50, F|\n|poke|p1|Gholdengo, L50|\n|poke|p2|Staraptor, L50, F|\n|poke|p2|Glimmora, L50, F|\n|poke|p2|Basculegion, L50, M|\n|poke|p2|Whimsicott, L50, M|\n|poke|p2|Kingambit, L50, M|\n|poke|p2|Floette-Eternal, L50, F|\n|teampreview|4\n|showteam|p1|Tyranitar||Tyranitarite|SandStream|RockSlide,KnockOff,LowKick,Protect|Jolly||M|||50|]Excadrill||FocusSash|SandRush|RockSlide,IronHead,HighHorsepower,Protect|Adamant||M|||50|]Milotic||SitrusBerry|Competitive|Scald,IceBeam,Recover,Protect|Calm||F|||50|]Sinistcha||ColburBerry|Hospitality|MatchaGotcha,RagePowder,ShadowBall,Protect|Bold|||||50|]Staraptor||Staraptite|Intimidate|BraveBird,CloseCombat,Tailwind,Protect|Jolly||F|||50|]Gholdengo||LifeOrb|GoodasGold|MakeItRain,ShadowBall,NastyPlot,Protect|Modest|||||50|\n|showteam|p2|Staraptor||Staraptite|Intimidate|CloseCombat,Roost,Protect,BraveBird|Jolly||F|||50|]Glimmora||LifeOrb|ToxicDebris|PowerGem,EarthPower,SludgeBomb,SpikyShield|Timid||F|||50|]Basculegion||SitrusBerry|Adaptability|LastRespects,AquaJet,WaveCrash,Protect|Adamant||M|||50|]Whimsicott||FocusSash|Prankster|Tailwind,Moonblast,Encore,Protect|Timid||M|||50|]Kingambit||ChopleBerry|Defiant|SuckerPunch,LowKick,KowtowCleave,IronHead|Adamant||M|||50|]Floette-Eternal||Floettite|FlowerVeil|Moonblast,DazzlingGleam,Protect,LightofRuin|Timid||F|||50|\n|inactive|Battle timer is ON: inactive players will automatically lose when time's up. (requested by aerodactylhater)\n|inactive|aerodactylhater has 60 seconds left.\n|inactive|mellowflight has 60 seconds left.\n|\n|t:|1788191366\n|teamsize|p1|4\n|teamsize|p2|4\n|start\n|switch|p1a: Tyranitar|Tyranitar, L50, M|100/100\n|switch|p1b: Excadrill|Excadrill, L50, M|100/100\n|switch|p2a: Whimsicott|Whimsicott, L50, M|100/100\n|switch|p2b: Basculegion|Basculegion, L50, M|100/100\n|-weather|Sandstorm|[from] ability: Sand Stream|[of] p1a: Tyranitar\n|turn|1\n|inactive|aerodactylhater has 30 seconds left.\n|inactive|aerodactylhater has 20 seconds left.\n|\n|t:|1788191404\n|detailschange|p1a: Tyranitar|Tyranitar-Mega, L50, M\n|-mega|p1a: Tyranitar|Tyranitar|Tyranitarite\n|move|p2a: Whimsicott|Tailwind|p2a: Whimsicott\n|-sidestart|p2: mellowflight|move: Tailwind\n|move|p1b: Excadrill|Iron Head|p2a: Whimsicott\n|-supereffective|p2a: Whimsicott|1\n|-enditem|p2a: Whimsicott|Focus Sash\n|-damage|p2a: Whimsicott|1/100\n|move|p2b: Basculegion|Wave Crash|p1a: Tyranitar\n|-supereffective|p1a: Tyranitar|1\n|-damage|p1a: Tyranitar|0 fnt\n|faint|p1a: Tyranitar\n|-damage|p2b: Basculegion|69/100|[from] Recoil\n|\n|-weather|Sandstorm|[upkeep]\n|-damage|p2a: Whimsicott|0 fnt|[from] Sandstorm\n|-damage|p2b: Basculegion|63/100|[from] Sandstorm\n|faint|p2a: Whimsicott\n|upkeep\n|\n|t:|1788191418\n|switch|p2a: Floette|Floette-Eternal, L50, F|100/100\n|switch|p1a: Milotic|Milotic, L50, F|100/100\n|turn|2\n|\n|t:|1788191429\n|detailschange|p2a: Floette|Floette-Mega, L50, F\n|-mega|p2a: Floette|Floette|Floettite\n|-ability|p2a: Floette|Fairy Aura\n|move|p1a: Milotic|Protect|p1a: Milotic\n|-singleturn|p1a: Milotic|Protect\n|move|p2b: Basculegion|Aqua Jet|p1b: Excadrill\n|-supereffective|p1b: Excadrill|1\n|-damage|p1b: Excadrill|27/100\n|move|p2a: Floette|Moonblast|p1b: Excadrill\n|-resisted|p1b: Excadrill|1\n|-damage|p1b: Excadrill|0 fnt\n|faint|p1b: Excadrill\n|\n|-weather|Sandstorm|[upkeep]\n|-damage|p2a: Floette|94/100|[from] Sandstorm\n|-damage|p2b: Basculegion|57/100|[from] Sandstorm\n|-damage|p1a: Milotic|94/100|[from] Sandstorm\n|upkeep\n|\n|t:|1788191439\n|switch|p1b: Gholdengo|Gholdengo, L50|100/100\n|turn|3\n|\n|t:|1788191446\n|move|p1b: Gholdengo|Protect|p1b: Gholdengo\n|-singleturn|p1b: Gholdengo|Protect\n|move|p2a: Floette|Dazzling Gleam|p1b: Gholdengo|[spread] p1a\n|-activate|p1b: Gholdengo|move: Protect\n|-damage|p1a: Milotic|65/100\n|move|p2b: Basculegion|Last Respects|p1b: Gholdengo\n|-activate|p1b: Gholdengo|move: Protect\n|move|p1a: Milotic|Scald|p2b: Basculegion\n|-resisted|p2b: Basculegion|1\n|-damage|p2b: Basculegion|39/100\n|-enditem|p2b: Basculegion|Sitrus Berry|[eat]\n|-heal|p2b: Basculegion|64/100|[from] item: Sitrus Berry\n|\n|-weather|Sandstorm|[upkeep]\n|-damage|p2a: Floette|88/100|[from] Sandstorm\n|-damage|p2b: Basculegion|58/100|[from] Sandstorm\n|-damage|p1a: Milotic|59/100|[from] Sandstorm\n|upkeep\n|turn|4\n|\n|t:|1788191469\n|move|p1b: Gholdengo|Protect||[still]\n|-fail|p1b: Gholdengo\n|move|p2a: Floette|Dazzling Gleam|p1b: Gholdengo|[spread] p1a,p1b\n|-resisted|p1b: Gholdengo|1\n|-damage|p1a: Milotic|32/100\n|-damage|p1b: Gholdengo|75/100\n|-enditem|p1a: Milotic|Sitrus Berry|[eat]\n|-heal|p1a: Milotic|57/100|[from] item: Sitrus Berry\n|move|p2b: Basculegion|Last Respects|p1b: Gholdengo\n|-supereffective|p1b: Gholdengo|1\n|-damage|p1b: Gholdengo|0 fnt\n|faint|p1b: Gholdengo\n|move|p1a: Milotic|Scald|p2b: Basculegion\n|-resisted|p2b: Basculegion|1\n|-damage|p2b: Basculegion|41/100\n|\n|-weather|Sandstorm|[upkeep]\n|-damage|p2a: Floette|82/100|[from] Sandstorm\n|-damage|p2b: Basculegion|35/100|[from] Sandstorm\n|-damage|p1a: Milotic|51/100|[from] Sandstorm\n|-sideend|p2: mellowflight|move: Tailwind\n|upkeep\n|turn|5\n|-message|aerodactylhater forfeited.\n|\n|win|mellowflight\n||mellowflight is ready for game 2.\n","uploadtime":1788191478,"views":"2","formatid":"gen9championsvgc2026regmbbo3","rating":null,"private":0,"password":null}