{"id":"gen9championsvgc2026regmb-2674630180","format":"[Gen 9 Champions] VGC 2026 Reg M-B","players":["ploknessterio","Buggy00k"],"log":"|j|☆ploknessterio\n|j|☆Buggy00k\n|t:|1788382435\n|gametype|doubles\n|player|p1|ploknessterio|koga|1268\n|player|p2|Buggy00k|101|1323\n|gen|9\n|tier|[Gen 9 Champions] VGC 2026 Reg M-B\n|rated|\n|rule|Species Clause: Limit one of each Pokémon\n|rule|Item Clause: Limit 1 of each item\n|clearpoke\n|poke|p1|Raichu, L50, F|\n|poke|p1|Ninetales-Alola, L50, F|\n|poke|p1|Armarouge, L50, M|\n|poke|p1|Corviknight, L50, M|\n|poke|p1|Garchomp, L50, M|\n|poke|p1|Gyarados, L50, M|\n|poke|p2|Delphox, L50, M, shiny|\n|poke|p2|Garchomp, L50, M|\n|poke|p2|Floette-Eternal, L50, F|\n|poke|p2|Incineroar, L50, M|\n|poke|p2|Sinistcha, L50|\n|poke|p2|Sneasler, L50, F|\n|teampreview|4\n|inactive|Battle timer is ON: inactive players will automatically lose when time's up. (requested by ploknessterio)\n|inactive|Buggy00k has 60 seconds left.\n|l|☆ploknessterio\n|inactive|ploknessterio disconnected and has a minute to reconnect!\n|player|p1|\n|\n|t:|1788382482\n|teamsize|p1|4\n|teamsize|p2|4\n|start\n|switch|p1a: blue|Ninetales-Alola, L50, F|100/100\n|switch|p1b: pyrronith|Armarouge, L50, M|100/100\n|switch|p2a: Floette|Floette-Eternal, L50, F|100/100\n|switch|p2b: Incineroar|Incineroar, L50, M|100/100\n|-weather|Snowscape|[from] ability: Snow Warning|[of] p1a: blue\n|-ability|p2b: Incineroar|Intimidate|boost\n|-unboost|p1a: blue|atk|1\n|-unboost|p1b: pyrronith|atk|1\n|turn|1\n|j|☆ploknessterio\n|inactive|ploknessterio reconnected and has 50 seconds left.\n|player|p1|ploknessterio|koga|\n|\n|t:|1788382497\n|detailschange|p2a: Floette|Floette-Mega, L50, F\n|-mega|p2a: Floette|Floette|Floettite\n|-ability|p2a: Floette|Fairy Aura\n|move|p2b: Incineroar|Fake Out|p1a: blue\n|-damage|p1a: blue|88/100\n|cant|p1a: blue|flinch\n|move|p2a: Floette|Calm Mind|p2a: Floette\n|-boost|p2a: Floette|spa|1\n|-boost|p2a: Floette|spd|1\n|move|p1b: pyrronith|Psychic|p2a: Floette\n|-damage|p2a: Floette|78/100\n|-unboost|p2a: Floette|spd|1\n|\n|-weather|Snowscape|[upkeep]\n|upkeep\n|turn|2\n|c|☆Buggy00k|glhf\n|\n|t:|1788382520\n|move|p1a: blue|Blizzard|p2b: Incineroar|[spread] p2a,p2b\n|-resisted|p2b: Incineroar|1\n|-damage|p2a: Floette|55/100\n|-damage|p2b: Incineroar|89/100\n|move|p2a: Floette|Calm Mind|p2a: Floette\n|-boost|p2a: Floette|spa|1\n|-boost|p2a: Floette|spd|1\n|move|p1b: pyrronith|Psychic|p2a: Floette\n|-damage|p2a: Floette|30/100\n|move|p2b: Incineroar|Throat Chop|p1b: pyrronith\n|-supereffective|p1b: pyrronith|1\n|-damage|p1b: pyrronith|51/100\n|-start|p1b: pyrronith|Throat Chop|[silent]\n|\n|-weather|Snowscape|[upkeep]\n|upkeep\n|turn|3\n|c|☆ploknessterio|u2\n|inactive|Buggy00k has 30 seconds left.\n|\n|t:|1788382556\n|move|p2a: Floette|Protect|p2a: Floette\n|-singleturn|p2a: Floette|Protect\n|move|p1a: blue|Blizzard|p2a: Floette|[spread] p2b\n|-activate|p2a: Floette|move: Protect\n|-resisted|p2b: Incineroar|1\n|-damage|p2b: Incineroar|77/100\n|move|p1b: pyrronith|Psychic|p2a: Floette\n|-activate|p2a: Floette|move: Protect\n|move|p2b: Incineroar|Parting Shot|p1b: pyrronith\n|-unboost|p1b: pyrronith|atk|1\n|-unboost|p1b: pyrronith|spa|1\n|\n|t:|1788382569\n|switch|p2b: Sneasler|Sneasler, L50, F|100/100|[from] Parting Shot\n|\n|-weather|Snowscape|[upkeep]\n|-end|p1b: pyrronith|Throat Chop|[silent]\n|upkeep\n|turn|4\n|\n|t:|1788382586\n|move|p1a: blue|Protect|p1a: blue\n|-singleturn|p1a: blue|Protect\n|move|p2b: Sneasler|Fake Out|p1b: pyrronith\n|-damage|p1b: pyrronith|39/100\n|-enditem|p1b: pyrronith|Sitrus Berry|[eat]\n|-heal|p1b: pyrronith|64/100|[from] item: Sitrus Berry\n|move|p2a: Floette|Draining Kiss|p1a: blue\n|-activate|p1a: blue|move: Protect\n|cant|p1b: pyrronith|flinch\n|\n|-weather|Snowscape|[upkeep]\n|upkeep\n|turn|5\n|\n|t:|1788382602\n|move|p2b: Sneasler|Poison Jab|p1a: blue\n|-supereffective|p1a: blue|1\n|-damage|p1a: blue|0 fnt\n|faint|p1a: blue\n|move|p2a: Floette|Moonblast|p1b: pyrronith\n|-resisted|p1b: pyrronith|1\n|-damage|p1b: pyrronith|0 fnt\n|faint|p1b: pyrronith\n|\n|-weather|none\n|upkeep\n|\n|t:|1788382609\n|switch|p1a: megumi|Gyarados, L50, M|100/100\n|switch|p1b: newton|Garchomp, L50, M|100/100\n|-ability|p1a: megumi|Intimidate|boost\n|-unboost|p2a: Floette|atk|1\n|-unboost|p2b: Sneasler|atk|1\n|turn|6\n|\n|t:|1788382626\n|switch|p2b: Incineroar|Incineroar, L50, M|77/100\n|-ability|p2b: Incineroar|Intimidate|boost\n|-unboost|p1a: megumi|atk|1\n|-unboost|p1b: newton|atk|1\n|move|p2a: Floette|Draining Kiss|p1a: megumi\n|-damage|p1a: megumi|25/100\n|-heal|p2a: Floette|89/100|[from] drain|[of] p1a: megumi\n|move|p1b: newton|Earthquake|p2a: Floette|[spread] p2a,p2b\n|-immune|p1a: megumi\n|-supereffective|p2b: Incineroar|1\n|-damage|p2a: Floette|49/100\n|-damage|p2b: Incineroar|15/100\n|-enditem|p2b: Incineroar|Sitrus Berry|[eat]\n|-heal|p2b: Incineroar|40/100|[from] item: Sitrus Berry\n|-damage|p1b: newton|90/100|[from] item: Life Orb\n|move|p1a: megumi|Dragon Dance|p1a: megumi\n|-boost|p1a: megumi|atk|1\n|-boost|p1a: megumi|spe|1\n|\n|upkeep\n|turn|7\n|inactive|Buggy00k has 30 seconds left.\n|\n|t:|1788382654\n|move|p1a: megumi|Protect|p1a: megumi\n|-singleturn|p1a: megumi|Protect\n|move|p1b: newton|Protect|p1b: newton\n|-singleturn|p1b: newton|Protect\n|move|p2b: Incineroar|Fake Out|p1a: megumi\n|-activate|p1a: megumi|move: Protect\n|move|p2a: Floette|Moonblast|p1b: newton\n|-activate|p1b: newton|move: Protect\n|\n|upkeep\n|turn|8\n|\n|t:|1788382671\n|switch|p2b: Garchomp|Garchomp, L50, M|100/100\n|detailschange|p1a: megumi|Gyarados-Mega, L50, M\n|-mega|p1a: megumi|Gyarados|Gyaradosite\n|-ability|p1a: megumi|Mold Breaker\n|move|p1a: megumi|Waterfall|p2a: Floette\n|-damage|p2a: Floette|0 fnt\n|faint|p2a: Floette\n|move|p1b: newton|Rock Slide|p2b: Garchomp\n|-resisted|p2b: Garchomp|1\n|-damage|p2b: Garchomp|88/100\n|-damage|p1b: newton|80/100|[from] item: Life Orb\n|\n|upkeep\n|\n|t:|1788382688\n|switch|p2a: Incineroar|Incineroar, L50, M|40/100\n|-ability|p2a: Incineroar|Intimidate|boost\n|-unboost|p1a: megumi|atk|1\n|-unboost|p1b: newton|atk|1\n|turn|9\n|\n|t:|1788382697\n|move|p1a: megumi|Protect|p1a: megumi\n|-singleturn|p1a: megumi|Protect\n|move|p1b: newton|Protect|p1b: newton\n|-singleturn|p1b: newton|Protect\n|move|p2a: Incineroar|Fake Out|p1a: megumi\n|-activate|p1a: megumi|move: Protect\n|move|p2b: Garchomp|Dragon Claw|p1b: newton\n|-activate|p1b: newton|move: Protect\n|\n|upkeep\n|turn|10\n|\n|t:|1788382719\n|move|p2b: Garchomp|Protect|p2b: Garchomp\n|-singleturn|p2b: Garchomp|Protect\n|move|p1a: megumi|Waterfall|p2a: Incineroar\n|-supereffective|p2a: Incineroar|1\n|-damage|p2a: Incineroar|0 fnt\n|faint|p2a: Incineroar\n|move|p1b: newton|Dragon Claw|p2b: Garchomp\n|-activate|p2b: Garchomp|move: Protect\n|\n|upkeep\n|\n|t:|1788382727\n|switch|p2a: Sneasler|Sneasler, L50, F|100/100\n|turn|11\n|\n|t:|1788382740\n|move|p1a: megumi|Protect|p1a: megumi\n|-singleturn|p1a: megumi|Protect\n|move|p1b: newton|Protect|p1b: newton\n|-singleturn|p1b: newton|Protect\n|move|p2a: Sneasler|Coaching|p2b: Garchomp\n|-boost|p2b: Garchomp|atk|1\n|-boost|p2b: Garchomp|def|1\n|move|p2b: Garchomp|Dragon Claw|p1b: newton\n|-activate|p1b: newton|move: Protect\n|\n|upkeep\n|turn|12\n|\n|t:|1788382758\n|move|p1a: megumi|Waterfall|p2b: Garchomp\n|-damage|p2b: Garchomp|67/100\n|-damage|p1a: megumi|12/100|[from] ability: Rough Skin|[of] p2b: Garchomp\n|move|p2a: Sneasler|Close Combat|p1a: megumi\n|-supereffective|p1a: megumi|1\n|-damage|p1a: megumi|0 fnt\n|-unboost|p2a: Sneasler|def|1\n|-unboost|p2a: Sneasler|spd|1\n|faint|p1a: megumi\n|move|p2b: Garchomp|Dragon Claw|p1b: newton\n|-supereffective|p1b: newton|1\n|-damage|p1b: newton|0 fnt\n|-damage|p2b: Garchomp|55/100|[from] ability: Rough Skin|[of] p1b: newton\n|faint|p1b: newton\n|-damage|p2b: Garchomp|45/100|[from] item: Life Orb\n|\n|win|Buggy00k\n|raw|ploknessterio's rating: 1268 &rarr; <strong>1247</strong><br />(-21 for losing)\n|raw|Buggy00k's rating: 1323 &rarr; <strong>1340</strong><br />(+17 for winning)\n|c|☆Buggy00k|gg\n","uploadtime":1788382774,"views":"2","formatid":"gen9championsvgc2026regmb","rating":1247,"private":0,"password":null}