{"id":"gen9championsvgc2026regmbbo3-2674859710","format":"[Gen 9 Champions] VGC 2026 Reg M-B (Bo3)","players":["soulo333","MartinFelice"],"log":"|j|☆soulo333\n|j|☆MartinFelice\n|html|<table width=\"100%\"><tr><td align=\"left\">soulo333</td><td align=\"right\">MartinFelice</tr><tr><td align=\"left\"><i class=\"fa fa-circle-o\"></i> <i class=\"fa fa-circle-o\"></i> </td><td align=\"right\"><i class=\"fa fa-circle-o\"></i> <i class=\"fa fa-circle-o\"></i> </tr></table>\n|uhtml|bestof|<h2><strong>Game 1</strong> of <a href=\"/game-bestof3-gen9championsvgc2026regmbbo3-2674859707\">a best-of-3</a></h2>\n|t:|1788423145\n|gametype|doubles\n|player|p1|soulo333|265|1170\n|player|p2|MartinFelice|ethan|1287\n|gen|9\n|tier|[Gen 9 Champions] VGC 2026 Reg M-B (Bo3)\n|rated|\n|rule|Species Clause: Limit one of each Pokémon\n|rule|Item Clause: Limit 1 of each item\n|clearpoke\n|poke|p1|Staraptor, L50, F|\n|poke|p1|Arcanine-Hisui, L50, M|\n|poke|p1|Kingambit, L50, M|\n|poke|p1|Sylveon, L50, F, shiny|\n|poke|p1|Raichu, L50, F|\n|poke|p1|Farigiraf, L50, F|\n|poke|p2|Raichu, L50, M|\n|poke|p2|Staraptor, L50, M, shiny|\n|poke|p2|Arcanine-Hisui, L50, F, shiny|\n|poke|p2|Farigiraf, L50, F, shiny|\n|poke|p2|Sylveon, L50, M, shiny|\n|poke|p2|Kingambit, L50, F, shiny|\n|teampreview|4\n|showteam|p1|Staraptor||Staraptite|Intimidate|DualWingbeat,CloseCombat,Tailwind,Protect|Jolly||F|||50|]Arcanine-Hisui||FocusSash|RockHead|FlareBlitz,HeadSmash,ExtremeSpeed,Protect|Jolly||M|||50|]Kingambit||LifeOrb|Defiant|KowtowCleave,SuckerPunch,SwordsDance,Protect|Adamant||M|||50|]Sylveon||FairyFeather|Pixilate|HyperVoice,HyperBeam,QuickAttack,Detect|Modest||F|||50|]Raichu||RaichuniteY|LightningRod|ZapCannon,FocusBlast,FakeOut,Protect|Timid||F|||50|]Farigiraf||SitrusBerry|ArmorTail|Psychic,HelpingHand,TrickRoom,Protect|Calm||F|||50|\n|showteam|p2|Raichu||RaichuniteY|LightningRod|ZapCannon,FocusBlast,FakeOut,Protect|Timid||M|||50|]Staraptor||Staraptite|Intimidate|CloseCombat,DualWingbeat,Tailwind,Protect|Jolly||M|||50|]Arcanine-Hisui||FocusSash|RockHead|FlareBlitz,HeadSmash,ExtremeSpeed,Protect|Jolly||F|||50|]Farigiraf||SitrusBerry|ArmorTail|Psychic,HelpingHand,TrickRoom,Protect|Bold||F|||50|]Sylveon||FairyFeather|Pixilate|HyperBeam,HyperVoice,Detect,QuickAttack|Modest||M|||50|]Kingambit||LifeOrb|Defiant|SuckerPunch,SwordsDance,KowtowCleave,Protect|Adamant||F|||50|\n|\n|t:|1788423175\n|teamsize|p1|4\n|teamsize|p2|4\n|start\n|switch|p1a: Kingambit|Kingambit, L50, M|100/100\n|switch|p1b: Raichu|Raichu, L50, F|100/100\n|switch|p2a: Raichu|Raichu, L50, M|100/100\n|switch|p2b: Kingambit|Kingambit, L50, F, shiny|100/100\n|turn|1\n|\n|t:|1788423221\n|detailschange|p1b: Raichu|Raichu-Mega-Y, L50, F\n|-mega|p1b: Raichu|Raichu|Raichunite Y\n|move|p1b: Raichu|Fake Out|p2a: Raichu\n|-damage|p2a: Raichu|86/100\n|cant|p2a: Raichu|flinch\n|move|p1a: Kingambit|Swords Dance|p1a: Kingambit\n|-boost|p1a: Kingambit|atk|2\n|move|p2b: Kingambit|Swords Dance|p2b: Kingambit\n|-boost|p2b: Kingambit|atk|2\n|\n|upkeep\n|turn|2\n|\n|t:|1788423261\n|switch|p1b: Sylveon|Sylveon, L50, F, shiny|100/100\n|detailschange|p2a: Raichu|Raichu-Mega-Y, L50, M\n|-mega|p2a: Raichu|Raichu|Raichunite Y\n|move|p2b: Kingambit|Protect|p2b: Kingambit\n|-singleturn|p2b: Kingambit|Protect\n|move|p2a: Raichu|Focus Blast|p1b: Sylveon\n|-resisted|p1b: Sylveon|1\n|-damage|p1b: Sylveon|85/100\n|move|p1a: Kingambit|Kowtow Cleave|p2a: Raichu\n|-damage|p2a: Raichu|0 fnt\n|faint|p2a: Raichu\n|-damage|p1a: Kingambit|90/100|[from] item: Life Orb\n|\n|upkeep\n|\n|t:|1788423290\n|switch|p2a: Sylveon|Sylveon, L50, M, shiny|100/100\n|turn|3\n|j| ArmouredWing\n|\n|t:|1788423314\n|move|p1a: Kingambit|Protect|p1a: Kingambit\n|-singleturn|p1a: Kingambit|Protect\n|move|p1b: Sylveon|Hyper Beam|p2b: Kingambit\n|-damage|p2b: Kingambit|5/100\n|-mustrecharge|p1b: Sylveon\n|move|p2a: Sylveon|Hyper Voice|p1a: Kingambit|[spread] p1b\n|-activate|p1a: Kingambit|move: Protect\n|-damage|p1b: Sylveon|49/100\n|move|p2b: Kingambit|Kowtow Cleave|p1a: Kingambit\n|-activate|p1a: Kingambit|move: Protect\n|\n|upkeep\n|turn|4\n|\n|t:|1788423340\n|move|p2b: Kingambit|Protect|p2b: Kingambit\n|-singleturn|p2b: Kingambit|Protect\n|cant|p1b: Sylveon|recharge\n|move|p2a: Sylveon|Hyper Voice|p1b: Sylveon|[spread] p1a,p1b\n|-crit|p1a: Kingambit\n|-damage|p1a: Kingambit|27/100\n|-damage|p1b: Sylveon|13/100\n|move|p1a: Kingambit|Kowtow Cleave|p2a: Sylveon\n|-resisted|p2a: Sylveon|1\n|-damage|p2a: Sylveon|23/100\n|-damage|p1a: Kingambit|17/100|[from] item: Life Orb\n|\n|upkeep\n|turn|5\n|inactive|Battle timer is ON: inactive players will automatically lose when time's up. (requested by soulo333)\n|\n|t:|1788423387\n|move|p2b: Kingambit|Protect||[still]\n|-fail|p2b: Kingambit\n|move|p1a: Kingambit|Protect|p1a: Kingambit\n|-singleturn|p1a: Kingambit|Protect\n|move|p1b: Sylveon|Quick Attack|p2b: Kingambit\n|-damage|p2b: Kingambit|0 fnt\n|faint|p2b: Kingambit\n|move|p2a: Sylveon|Hyper Voice|p1a: Kingambit|[spread] p1b\n|-activate|p1a: Kingambit|move: Protect\n|-damage|p1b: Sylveon|0 fnt\n|faint|p1b: Sylveon\n|\n|upkeep\n|\n|t:|1788423399\n|switch|p1b: Raichu|Raichu-Mega-Y, L50, F|100/100\n|switch|p2b: Farigiraf|Farigiraf, L50, F, shiny|100/100\n|turn|6\n|\n|t:|1788423421\n|move|p2a: Sylveon|Quick Attack|p1a: Kingambit\n|-damage|p1a: Kingambit|8/100\n|move|p1b: Raichu|Zap Cannon|p2b: Farigiraf\n|-damage|p2b: Farigiraf|43/100\n|-status|p2b: Farigiraf|par\n|-enditem|p2b: Farigiraf|Sitrus Berry|[eat]\n|-heal|p2b: Farigiraf|68/100 par|[from] item: Sitrus Berry\n|move|p1a: Kingambit|Kowtow Cleave|p2b: Farigiraf\n|-supereffective|p2b: Farigiraf|1\n|-damage|p2b: Farigiraf|0 fnt\n|faint|p2b: Farigiraf\n|-damage|p1a: Kingambit|0 fnt|[from] item: Life Orb\n|faint|p1a: Kingambit\n|\n|upkeep\n|\n|t:|1788423425\n|switch|p1a: Arcanine|Arcanine-Hisui, L50, M|100/100\n|turn|7\n|-message|MartinFelice forfeited.\n|\n|win|soulo333\n","uploadtime":1788423437,"views":"1","formatid":"gen9championsvgc2026regmbbo3","rating":null,"private":0,"password":null}