{"id":"gen9championsvgc2026regmbbo3-2673497230","format":"[Gen 9 Champions] VGC 2026 Reg M-B (Bo3)","players":["Ng010394","BlackAshura"],"log":"|j|☆Ng010394\n|j|☆BlackAshura\n|html|<table width=\"100%\"><tr><td align=\"left\">Ng010394</td><td align=\"right\">BlackAshura</tr><tr><td align=\"left\"><i class=\"fa fa-circle\"></i> <i class=\"fa fa-circle-o\"></i> </td><td align=\"right\"><i class=\"fa fa-circle-o\"></i> <i class=\"fa fa-circle\"></i> </tr></table>\n|uhtml|bestof|<h2><strong>Game 3</strong> of <a href=\"/game-bestof3-gen9championsvgc2026regmbbo3-2673492820\">a best-of-3</a></h2>\n|t:|1788204919\n|gametype|doubles\n|player|p1|Ng010394|102|1104\n|player|p2|BlackAshura|samsonoak|1186\n|gen|9\n|tier|[Gen 9 Champions] VGC 2026 Reg M-B (Bo3)\n|rated|\n|rule|Species Clause: Limit one of each Pokémon\n|rule|Item Clause: Limit 1 of each item\n|clearpoke\n|poke|p1|Corviknight, L50, F|\n|poke|p1|Raichu, L50, M|\n|poke|p1|Primarina, L50, F|\n|poke|p1|Dragapult, L50, F|\n|poke|p1|Incineroar, L50, F|\n|poke|p1|Altaria, L50, M|\n|poke|p2|Metagross, L50, shiny|\n|poke|p2|Lycanroc-Dusk, L50, M, shiny|\n|poke|p2|Dragonite, L50, M|\n|poke|p2|Kingambit, L50, F|\n|poke|p2|Basculegion, L50, M|\n|poke|p2|Whimsicott, L50, M|\n|teampreview|4\n|showteam|p1|Corviknight||Leftovers|MirrorArmor|Tailwind,BodyPress,IronHead,BulkUp|Impish||F|||50|]Raichu||RaichuniteY|LightningRod|ZapCannon,FocusBlast,FakeOut,Encore|Timid||M|||50|]Primarina||MysticWater|LiquidVoice|Moonblast,Protect,HyperVoice,EnergyBall|Modest||F|||50|]Dragapult||LifeOrb|ClearBody|DragonDarts,ShadowBall,Protect,Flamethrower|Hasty||F|||50|]Incineroar||SitrusBerry|Intimidate|FakeOut,PartingShot,ThroatChop,FlareBlitz|Careful||F|||50|]Altaria||Altarianite|CloudNine|HyperVoice,FireBlast,HelpingHand,WillOWisp|Calm||M|||50|\n|showteam|p2|Metagross||Metagrossite|ClearBody|IronHead,PsychicFangs,IcePunch,Protect|Jolly|||||50|]Lycanroc-Dusk||FocusSash|ToughClaws|Accelerock,RockSlide,CloseCombat,Protect|Adamant||M|||50|]Dragonite||Dragoninite|Multiscale|DragonPulse,HeatWave,Thunderbolt,Protect|Modest||M|||50|]Kingambit||ChopleBerry|Defiant|KowtowCleave,SuckerPunch,LowKick,Protect|Adamant||F|||50|]Basculegion||LifeOrb|SwiftSwim|AquaJet,WaveCrash,LastRespects,Protect|Adamant||M|||50|]Whimsicott||FairyFeather|Prankster|Moonblast,Tailwind,Encore,Protect|Timid||M|||50|\n|inactive|Battle timer is ON: inactive players will automatically lose when time's up. (requested by Ng010394)\n|\n|t:|1788204948\n|teamsize|p1|4\n|teamsize|p2|4\n|start\n|switch|p1a: Dragapult|Dragapult, L50, F|100/100\n|switch|p1b: Corviknight|Corviknight, L50, F|100/100\n|switch|p2a: Dragonite|Dragonite, L50, M|100/100\n|switch|p2b: Whimsicott|Whimsicott, L50, M|100/100\n|turn|1\n|inactive|BlackAshura has 30 seconds left.\n|inactive|BlackAshura has 20 seconds left.\n|inactive|BlackAshura has 15 seconds left.\n|\n|t:|1788204990\n|detailschange|p2a: Dragonite|Dragonite-Mega, L50, M\n|-mega|p2a: Dragonite|Dragonite|Dragoninite\n|move|p2b: Whimsicott|Tailwind|p2b: Whimsicott\n|-sidestart|p2: BlackAshura|move: Tailwind\n|move|p2a: Dragonite|Dragon Pulse|p1a: Dragapult\n|-supereffective|p1a: Dragapult|1\n|-damage|p1a: Dragapult|0 fnt\n|faint|p1a: Dragapult\n|move|p1b: Corviknight|Tailwind|p1b: Corviknight\n|-sidestart|p1: Ng010394|move: Tailwind\n|\n|upkeep\n|\n|t:|1788205000\n|switch|p1a: Raichu|Raichu, L50, M|100/100\n|turn|2\n|inactive|Ng010394 has 30 seconds left.\n|\n|t:|1788205032\n|detailschange|p1a: Raichu|Raichu-Mega-Y, L50, M\n|-mega|p1a: Raichu|Raichu|Raichunite Y\n|move|p2b: Whimsicott|Protect|p2b: Whimsicott\n|-singleturn|p2b: Whimsicott|Protect\n|move|p2a: Dragonite|Protect|p2a: Dragonite\n|-singleturn|p2a: Dragonite|Protect\n|move|p1a: Raichu|Zap Cannon|p2a: Dragonite\n|-activate|p2a: Dragonite|move: Protect\n|move|p1b: Corviknight|Iron Head|p2b: Whimsicott\n|-activate|p2b: Whimsicott|move: Protect\n|\n|upkeep\n|turn|3\n|inactive|BlackAshura has 30 seconds left.\n|inactive|BlackAshura has 20 seconds left.\n|\n|t:|1788205069\n|move|p1a: Raichu|Encore|p2a: Dragonite\n|-start|p2a: Dragonite|Encore\n|move|p2a: Dragonite|Protect||[still]\n|-fail|p2a: Dragonite\n|move|p2b: Whimsicott|Moonblast|p1a: Raichu\n|-damage|p1a: Raichu|30/100\n|move|p1b: Corviknight|Iron Head|p2b: Whimsicott\n|-supereffective|p2b: Whimsicott|1\n|-damage|p2b: Whimsicott|24/100\n|\n|upkeep\n|turn|4\n|inactive|Ng010394 has 30 seconds left.\n|inactive|BlackAshura has 30 seconds left.\n|\n|t:|1788205096\n|switch|p1a: Primarina|Primarina, L50, F|100/100\n|move|p2b: Whimsicott|Protect|p2b: Whimsicott\n|-singleturn|p2b: Whimsicott|Protect\n|move|p2a: Dragonite|Protect|p2a: Dragonite\n|-singleturn|p2a: Dragonite|Protect\n|move|p1b: Corviknight|Iron Head|p2b: Whimsicott\n|-activate|p2b: Whimsicott|move: Protect\n|\n|-sideend|p1: Ng010394|move: Tailwind\n|-sideend|p2: BlackAshura|move: Tailwind\n|upkeep\n|turn|5\n|inactive|BlackAshura has 30 seconds left.\n|\n|t:|1788205131\n|move|p2a: Dragonite|Protect||[still]\n|-fail|p2a: Dragonite\n|move|p2b: Whimsicott|Tailwind|p2b: Whimsicott\n|-sidestart|p2: BlackAshura|move: Tailwind\n|move|p1b: Corviknight|Body Press|p2a: Dragonite\n|-resisted|p2a: Dragonite|1\n|-damage|p2a: Dragonite|95/100\n|move|p1a: Primarina|Moonblast|p2a: Dragonite\n|-supereffective|p2a: Dragonite|1\n|-damage|p2a: Dragonite|0 fnt\n|faint|p2a: Dragonite\n|\n|upkeep\n|\n|t:|1788205146\n|switch|p2a: Basculegion|Basculegion, L50, M|100/100\n|turn|6\n|\n|t:|1788205158\n|move|p1a: Primarina|Protect|p1a: Primarina\n|-singleturn|p1a: Primarina|Protect\n|move|p2b: Whimsicott|Moonblast|p1b: Corviknight\n|-resisted|p1b: Corviknight|1\n|-damage|p1b: Corviknight|83/100\n|move|p2a: Basculegion|Last Respects|p1b: Corviknight\n|-damage|p1b: Corviknight|37/100\n|-damage|p2a: Basculegion|90/100|[from] item: Life Orb\n|move|p1b: Corviknight|Tailwind|p1b: Corviknight\n|-sidestart|p1: Ng010394|move: Tailwind\n|\n|-heal|p1b: Corviknight|43/100|[from] item: Leftovers\n|upkeep\n|turn|7\n|\n|t:|1788205180\n|move|p2b: Whimsicott|Encore|p1a: Primarina\n|-start|p1a: Primarina|Encore\n|move|p1a: Primarina|Protect|p1a: Primarina\n|-singleturn|p1a: Primarina|Protect\n|move|p2a: Basculegion|Last Respects|p1b: Corviknight\n|-damage|p1b: Corviknight|0 fnt\n|faint|p1b: Corviknight\n|-damage|p2a: Basculegion|80/100|[from] item: Life Orb\n|\n|upkeep\n|\n|t:|1788205187\n|switch|p1b: Raichu|Raichu-Mega-Y, L50, M|30/100\n|turn|8\n|\n|t:|1788205201\n|switch|p2a: Kingambit|Kingambit, L50, F|100/100\n|move|p1a: Primarina|Protect||[still]\n|-fail|p1a: Primarina\n|move|p1b: Raichu|Zap Cannon|p2a: Kingambit\n|-damage|p2a: Kingambit|39/100\n|-status|p2a: Kingambit|par\n|move|p2b: Whimsicott|Moonblast|p1b: Raichu\n|-damage|p1b: Raichu|0 fnt\n|faint|p1b: Raichu\n|\n|-sideend|p2: BlackAshura|move: Tailwind\n|upkeep\n|turn|9\n|\n|t:|1788205222\n|move|p1a: Primarina|Protect|p1a: Primarina\n|-singleturn|p1a: Primarina|Protect\n|move|p2b: Whimsicott|Moonblast|p1a: Primarina\n|-activate|p1a: Primarina|move: Protect\n|move|p2a: Kingambit|Kowtow Cleave|p1a: Primarina\n|-activate|p1a: Primarina|move: Protect\n|\n|-end|p1a: Primarina|Encore\n|-sideend|p1: Ng010394|move: Tailwind\n|upkeep\n|turn|10\n|\n|t:|1788205228\n|move|p2b: Whimsicott|Encore|p1a: Primarina\n|-start|p1a: Primarina|Encore\n|move|p1a: Primarina|Protect||[still]\n|-fail|p1a: Primarina\n|cant|p2a: Kingambit|par\n|\n|upkeep\n|turn|11\n|\n|t:|1788205239\n|switch|p2b: Basculegion|Basculegion, L50, M|80/100\n|move|p1a: Primarina|Protect|p1a: Primarina\n|-singleturn|p1a: Primarina|Protect\n|move|p2a: Kingambit|Kowtow Cleave|p1a: Primarina\n|-activate|p1a: Primarina|move: Protect\n|\n|upkeep\n|turn|12\n|\n|t:|1788205248\n|move|p1a: Primarina|Protect|p1a: Primarina\n|-singleturn|p1a: Primarina|Protect\n|move|p2b: Basculegion|Last Respects|p1a: Primarina\n|-activate|p1a: Primarina|move: Protect\n|cant|p2a: Kingambit|par\n|\n|-end|p1a: Primarina|Encore\n|upkeep\n|turn|13\n|\n|t:|1788205259\n|move|p2b: Basculegion|Last Respects|p1a: Primarina\n|-damage|p1a: Primarina|20/100y\n|-damage|p2b: Basculegion|71/100|[from] item: Life Orb\n|move|p1a: Primarina|Hyper Voice|p2b: Basculegion|[spread] p2a,p2b\n|-resisted|p2b: Basculegion|1\n|-damage|p2a: Kingambit|0 fnt\n|-damage|p2b: Basculegion|44/100\n|faint|p2a: Kingambit\n|\n|upkeep\n|\n|t:|1788205267\n|switch|p2a: Whimsicott|Whimsicott, L50, M|24/100\n|turn|14\n|\n|t:|1788205273\n|move|p2a: Whimsicott|Moonblast|p1a: Primarina\n|-damage|p1a: Primarina|0 fnt\n|faint|p1a: Primarina\n|\n|win|BlackAshura\n","uploadtime":1788204923,"views":"2","formatid":"gen9championsvgc2026regmbbo3","rating":null,"private":0,"password":null}