{"id":"gen9championsvgc2026regmb-2674896255","format":"[Gen 9 Champions] VGC 2026 Reg M-B","players":["pelicandogfart","Daniel Purple"],"log":"|j|☆pelicandogfart\n|j|☆Daniel Purple\n|t:|1788431429\n|gametype|doubles\n|player|p1|pelicandogfart|170|1197\n|player|p2|Daniel Purple|steven|1107\n|gen|9\n|tier|[Gen 9 Champions] VGC 2026 Reg M-B\n|rated|\n|rule|Species Clause: Limit one of each Pokémon\n|rule|Item Clause: Limit 1 of each item\n|clearpoke\n|poke|p1|Incineroar, L50, M|\n|poke|p1|Sinistcha, L50|\n|poke|p1|Staraptor, L50, M|\n|poke|p1|Whimsicott, L50, M|\n|poke|p1|Sceptile, L50, F|\n|poke|p1|Rotom-Heat, L50|\n|poke|p2|Charizard, L50, M, shiny|\n|poke|p2|Aerodactyl, L50, M, shiny|\n|poke|p2|Gholdengo, L50|\n|poke|p2|Staraptor, L50, M, shiny|\n|poke|p2|Grimmsnarl, L50, M|\n|poke|p2|Annihilape, L50, M, shiny|\n|teampreview|4\npelicandogfart rejected open team sheets.\n|c|☆pelicandogfart|gl hf\n|\n|t:|1788431474\n|teamsize|p1|4\n|teamsize|p2|4\n|start\n|switch|p1a: Whimsicott|Whimsicott, L50, M|100/100\n|switch|p1b: Staraptor|Staraptor, L50, M|100/100\n|switch|p2a: Gholdengo|Gholdengo, L50|100/100\n|switch|p2b: Grimmsnarl|Grimmsnarl, L50, M|100/100\n|-ability|p1b: Staraptor|Intimidate|boost\n|-unboost|p2a: Gholdengo|atk|1\n|-unboost|p2b: Grimmsnarl|atk|1\n|turn|1\n|inactive|Battle timer is ON: inactive players will automatically lose when time's up. (requested by Daniel Purple)\n|\n|t:|1788431495\n|detailschange|p1b: Staraptor|Staraptor-Mega, L50, M\n|-mega|p1b: Staraptor|Staraptor|Staraptite\n|move|p2b: Grimmsnarl|Fake Out|p1a: Whimsicott\n|-damage|p1a: Whimsicott|92/100\n|cant|p1a: Whimsicott|flinch\n|move|p2a: Gholdengo|Thunderbolt|p1b: Staraptor\n|-supereffective|p1b: Staraptor|1\n|-damage|p1b: Staraptor|26/100\n|-damage|p2a: Gholdengo|90/100|[from] item: Life Orb\n|move|p1b: Staraptor|Close Combat|p2b: Grimmsnarl\n|-damage|p2b: Grimmsnarl|21/100\n|-boost|p1b: Staraptor|def|1\n|-boost|p1b: Staraptor|spd|1\n|-enditem|p2b: Grimmsnarl|Sitrus Berry|[eat]\n|-heal|p2b: Grimmsnarl|46/100|[from] item: Sitrus Berry\n|\n|upkeep\n|turn|2\n|inactive|pelicandogfart has 30 seconds left.\n|\n|t:|1788431523\n|move|p2b: Grimmsnarl|Protect|p2b: Grimmsnarl\n|-singleturn|p2b: Grimmsnarl|Protect\n|move|p1a: Whimsicott|Fake Tears|p1b: Staraptor\n|-boost|p1b: Staraptor|spd|2\n|move|p2a: Gholdengo|Make It Rain|p1a: Whimsicott|[spread] p1a,p1b\n|-supereffective|p1a: Whimsicott|1\n|-damage|p1a: Whimsicott|0 fnt\n|-damage|p1b: Staraptor|5/100\n|-unboost|p2a: Gholdengo|spa|2\n|faint|p1a: Whimsicott\n|-damage|p2a: Gholdengo|80/100|[from] item: Life Orb\n|move|p1b: Staraptor|Rest|p1b: Staraptor\n|-status|p1b: Staraptor|slp|[from] move: Rest\n|-heal|p1b: Staraptor|100/100 slp|[silent]\n|\n|upkeep\n|\n|t:|1788431538\n|switch|p1a: Incineroar|Incineroar, L50, M|100/100\n|-ability|p1a: Incineroar|Intimidate|boost\n|-unboost|p2a: Gholdengo|atk|1\n|-unboost|p2b: Grimmsnarl|atk|1\n|turn|3\n|inactive|Daniel Purple has 30 seconds left.\n|\n|t:|1788431564\n|switch|p2a: Annihilape|Annihilape, L50, M, shiny|100/100\n|switch|p2b: Charizard|Charizard, L50, M, shiny|100/100\n|cant|p1b: Staraptor|slp\n|move|p1b: Staraptor|Sleep Talk|p1b: Staraptor\n|move|p1b: Staraptor|Close Combat|p2a: Annihilape|[from] move: Sleep Talk\n|-immune|p2a: Annihilape\n|move|p1a: Incineroar|Parting Shot|p1b: Staraptor\n|-boost|p1b: Staraptor|atk|1\n|-boost|p1b: Staraptor|spa|1\n|\n|t:|1788431577\n|switch|p1a: Sinistcha|Sinistcha, L50|100/100|[from] Parting Shot\n|\n|upkeep\n|turn|4\n|\n|t:|1788431594\n|switch|p1a: Incineroar|Incineroar, L50, M|100/100\n|-ability|p1a: Incineroar|Intimidate|boost\n|-unboost|p2a: Annihilape|atk|1\n|-ability|p2a: Annihilape|Defiant|boost\n|-boost|p2a: Annihilape|atk|2\n|-unboost|p2b: Charizard|atk|1\n|detailschange|p2b: Charizard|Charizard-Mega-Y, L50, M, shiny\n|-mega|p2b: Charizard|Charizard|Charizardite Y\n|-weather|SunnyDay|[from] ability: Drought|[of] p2b: Charizard\n|move|p2b: Charizard|Heat Wave|p1a: Incineroar|[spread] p1a,p1b\n|-resisted|p1a: Incineroar|1\n|-damage|p1a: Incineroar|70/100\n|-damage|p1b: Staraptor|75/100 slp\n|move|p2a: Annihilape|Storm Throw|p1b: Staraptor\n|-resisted|p1b: Staraptor|1\n|-crit|p1b: Staraptor\n|-damage|p1b: Staraptor|45/100 slp\n|cant|p1b: Staraptor|slp\n|move|p1b: Staraptor|Sleep Talk|p1b: Staraptor\n|move|p1b: Staraptor|Brave Bird|p2a: Annihilape|[from] move: Sleep Talk\n|-supereffective|p2a: Annihilape|1\n|-damage|p2a: Annihilape|0 fnt\n|faint|p2a: Annihilape\n|-damage|p1b: Staraptor|12/100 slp|[from] Recoil\n|\n|-weather|SunnyDay|[upkeep]\n|upkeep\n|\n|t:|1788431612\n|switch|p2a: Gholdengo|Gholdengo, L50|80/100\n|turn|5\n|\n|t:|1788431624\n|move|p2b: Charizard|Heat Wave|p1b: Staraptor|[spread] p1a,p1b\n|-resisted|p1a: Incineroar|1\n|-damage|p1a: Incineroar|40/100\n|-damage|p1b: Staraptor|0 fnt\n|-enditem|p1a: Incineroar|Sitrus Berry|[eat]\n|-heal|p1a: Incineroar|65/100|[from] item: Sitrus Berry\n|faint|p1b: Staraptor\n|move|p2a: Gholdengo|Thunderbolt|p1a: Incineroar\n|-damage|p1a: Incineroar|31/100\n|-damage|p2a: Gholdengo|70/100|[from] item: Life Orb\n|move|p1a: Incineroar|Flare Blitz|p2a: Gholdengo\n|-supereffective|p2a: Gholdengo|1\n|-damage|p2a: Gholdengo|0 fnt\n|faint|p2a: Gholdengo\n|-damage|p1a: Incineroar|9/100|[from] Recoil\n|\n|-weather|SunnyDay|[upkeep]\n|upkeep\n|\n|t:|1788431640\n|switch|p2a: Grimmsnarl|Grimmsnarl, L50, M|46/100\n|switch|p1b: Sinistcha|Sinistcha, L50|100/100\n|-heal|p1a: Incineroar|34/100|[from] ability: Hospitality|[of] p1b: Sinistcha\n|turn|6\n|\n|t:|1788431655\n|move|p2a: Grimmsnarl|Fake Out|p1a: Incineroar\n|-damage|p1a: Incineroar|22/100\n|move|p2b: Charizard|Heat Wave|p1b: Sinistcha|[spread] p1a,p1b\n|-resisted|p1a: Incineroar|1\n|-supereffective|p1b: Sinistcha|1\n|-damage|p1a: Incineroar|0 fnt\n|-damage|p1b: Sinistcha|0 fnt\n|faint|p1a: Incineroar\n|faint|p1b: Sinistcha\n|\n|win|Daniel Purple\n|raw|pelicandogfart's rating: 1197 &rarr; <strong>1166</strong><br />(-31 for losing)\n|raw|Daniel Purple's rating: 1107 &rarr; <strong>1138</strong><br />(+31 for winning)\n|l|☆pelicandogfart\n|player|p1|\n","uploadtime":1788431671,"views":"0","formatid":"gen9championsvgc2026regmb","rating":1138,"private":0,"password":null}