{"id":"gen9championsvgc2026regmb-2674591512","format":"[Gen 9 Champions] VGC 2026 Reg M-B","players":["oreo 11","Piedi mistici"],"log":"|j|☆oreo 11\n|j|☆Piedi mistici\n|t:|1788377680\n|gametype|doubles\n|player|p1|oreo 11|iris-gen5bw2|1411\n|player|p2|Piedi mistici|zinnia|1488\n|gen|9\n|tier|[Gen 9 Champions] VGC 2026 Reg M-B\n|rated|\n|rule|Species Clause: Limit one of each Pokémon\n|rule|Item Clause: Limit 1 of each item\n|clearpoke\n|poke|p1|Pelipper, L50, F|\n|poke|p1|Incineroar, L50, M|\n|poke|p1|Raichu, L50, M|\n|poke|p1|Sinistcha, L50|\n|poke|p1|Eelektross, L50, F|\n|poke|p1|Garchomp, L50, F|\n|poke|p2|Froslass, L50, F|\n|poke|p2|Tyranitar, L50, M|\n|poke|p2|Scovillain, L50, M|\n|poke|p2|Sneasler, L50, M|\n|poke|p2|Farigiraf, L50, F|\n|poke|p2|Sylveon, L50, F|\n|teampreview|4\n|inactive|Battle timer is ON: inactive players will automatically lose when time's up. (requested by oreo 11)\n|\n|t:|1788377727\n|teamsize|p1|4\n|teamsize|p2|4\n|start\n|switch|p1a: Raichu|Raichu, L50, M|100/100\n|switch|p1b: Eelektross|Eelektross, L50, F|100/100\n|switch|p2a: Froslass|Froslass, L50, F|100/100\n|switch|p2b: Sneasler|Sneasler, L50, M|100/100\n|turn|1\n|inactive|oreo 11 has 30 seconds left.\n|\n|t:|1788377755\n|detailschange|p2a: Froslass|Froslass-Mega, L50, F\n|-mega|p2a: Froslass|Froslass|Froslassite\n|-weather|Snowscape|[from] ability: Snow Warning|[of] p2a: Froslass\n|detailschange|p1b: Eelektross|Eelektross-Mega, L50, F\n|-mega|p1b: Eelektross|Eelektross|Eelektrossite\n|move|p1b: Eelektross|Protect|p1b: Eelektross\n|-singleturn|p1b: Eelektross|Protect\n|move|p2b: Sneasler|Fake Out|p1b: Eelektross\n|-activate|p1b: Eelektross|move: Protect\n|move|p2a: Froslass|Blizzard|p1b: Eelektross|[spread] p1a\n|-activate|p1b: Eelektross|move: Protect\n|-damage|p1a: Raichu|25/100\n|move|p1a: Raichu|Endeavor|p2b: Sneasler\n|-damage|p2b: Sneasler|20/100r\n|\n|-weather|Snowscape|[upkeep]\n|upkeep\n|turn|2\n|\n|t:|1788377777\n|switch|p1a: Incineroar|Incineroar, L50, M|100/100\n|-ability|p1a: Incineroar|Intimidate|boost\n|-unboost|p2a: Froslass|atk|1\n|-unboost|p2b: Sneasler|atk|1\n|-enditem|p2b: Sneasler|White Herb\n|-clearnegativeboost|p2b: Sneasler|[silent]\n|move|p2b: Sneasler|Protect|p2b: Sneasler\n|-singleturn|p2b: Sneasler|Protect\n|move|p2a: Froslass|Blizzard|p1a: Incineroar|[spread] p1a,p1b\n|-resisted|p1a: Incineroar|1\n|-damage|p1a: Incineroar|82/100\n|-damage|p1b: Eelektross|57/100\n|move|p1b: Eelektross|Discharge|p2b: Sneasler|[spread] p1a,p2a\n|-activate|p2b: Sneasler|move: Protect\n|-damage|p1a: Incineroar|57/100\n|-damage|p2a: Froslass|61/100\n|\n|-weather|Snowscape|[upkeep]\n|upkeep\n|turn|3\n|\n|t:|1788377792\n|switch|p2a: Farigiraf|Farigiraf, L50, F|100/100\n|move|p2b: Sneasler|Close Combat|p1b: Eelektross\n|-damage|p1b: Eelektross|0 fnt\n|-unboost|p2b: Sneasler|def|1\n|-unboost|p2b: Sneasler|spd|1\n|faint|p1b: Eelektross\n|move|p1a: Incineroar|Darkest Lariat|p2a: Farigiraf\n|-supereffective|p2a: Farigiraf|1\n|-damage|p2a: Farigiraf|48/100\n|-enditem|p2a: Farigiraf|Sitrus Berry|[eat]\n|-heal|p2a: Farigiraf|73/100|[from] item: Sitrus Berry\n|\n|-weather|Snowscape|[upkeep]\n|upkeep\n|\n|t:|1788377802\n|switch|p1b: Sinistcha|Sinistcha, L50|100/100\n|-heal|p1a: Incineroar|82/100|[from] ability: Hospitality|[of] p1b: Sinistcha\n|turn|4\n|\n|t:|1788377815\n|switch|p2b: Sylveon|Sylveon, L50, F|100/100\n|move|p1a: Incineroar|Darkest Lariat|p2a: Farigiraf\n|-supereffective|p2a: Farigiraf|1\n|-damage|p2a: Farigiraf|26/100\n|move|p2a: Farigiraf|Psychic|p1b: Sinistcha\n|-damage|p1b: Sinistcha|71/100\n|move|p1b: Sinistcha|Trick Room|p1b: Sinistcha\n|-fieldstart|move: Trick Room|[of] p1b: Sinistcha\n|\n|-weather|Snowscape|[upkeep]\n|upkeep\n|turn|5\n|\n|t:|1788377836\n|move|p2a: Farigiraf|Psychic|p1b: Sinistcha\n|-damage|p1b: Sinistcha|42/100\n|-enditem|p1b: Sinistcha|Sitrus Berry|[eat]\n|-heal|p1b: Sinistcha|67/100|[from] item: Sitrus Berry\n|move|p1a: Incineroar|Flare Blitz|p2b: Sylveon\n|-damage|p2b: Sylveon|53/100\n|-damage|p1a: Incineroar|67/100|[from] Recoil\n|move|p1b: Sinistcha|Shadow Ball|p2b: Sylveon\n|-damage|p2b: Sylveon|28/100\n|move|p2b: Sylveon|Hyper Voice|p1a: Incineroar|[spread] p1a,p1b\n|-crit|p1a: Incineroar\n|-damage|p1a: Incineroar|19/100\n|-damage|p1b: Sinistcha|31/100\n|\n|-weather|none\n|upkeep\n|turn|6\n|\n|t:|1788377858\n|move|p2b: Sylveon|Detect|p2b: Sylveon\n|-singleturn|p2b: Sylveon|Protect\n|move|p2a: Farigiraf|Thunderbolt|p1a: Incineroar\n|-damage|p1a: Incineroar|2/100\n|move|p1a: Incineroar|Flare Blitz|p2b: Sylveon\n|-activate|p2b: Sylveon|move: Protect\n|move|p1b: Sinistcha|Life Dew|p1b: Sinistcha|[spread] p1a,p1b\n|-heal|p1a: Incineroar|27/100\n|-heal|p1b: Sinistcha|56/100\n|\n|upkeep\n|turn|7\n|inactive|Piedi mistici has 30 seconds left.\n|\n|t:|1788377883\n|move|p1b: Sinistcha|Rage Powder|p1b: Sinistcha\n|-singleturn|p1b: Sinistcha|move: Rage Powder\n|move|p1a: Incineroar|Flare Blitz|p2b: Sylveon\n|-damage|p2b: Sylveon|0 fnt\n|faint|p2b: Sylveon\n|-damage|p1a: Incineroar|18/100|[from] Recoil\n|move|p2a: Farigiraf|Trick Room|p2a: Farigiraf\n|-fieldend|move: Trick Room\n|\n|upkeep\n|\n|t:|1788377889\n|switch|p2b: Froslass|Froslass-Mega, L50, F|61/100\n|-weather|Snowscape|[from] ability: Snow Warning|[of] p2b: Froslass\n|turn|8\n|\n|t:|1788377904\n|move|p1b: Sinistcha|Rage Powder|p1b: Sinistcha\n|-singleturn|p1b: Sinistcha|move: Rage Powder\n|move|p2b: Froslass|Blizzard|p1a: Incineroar|[spread] p1a,p1b\n|-resisted|p1a: Incineroar|1\n|-supereffective|p1b: Sinistcha|1\n|-damage|p1a: Incineroar|0 fnt\n|-damage|p1b: Sinistcha|0 fnt\n|faint|p1a: Incineroar\n|faint|p1b: Sinistcha\n|move|p2a: Farigiraf|Thunderbolt|p1: Incineroar|[notarget]\n|-fail|p2a: Farigiraf\n|\n|-weather|Snowscape|[upkeep]\n|upkeep\n|\n|t:|1788377908\n|switch|p1b: Raichu|Raichu, L50, M|25/100\n|turn|9\n|\n|t:|1788377918\n|move|p2b: Froslass|Shadow Ball|p1b: Raichu\n|-damage|p1b: Raichu|0 fnt\n|faint|p1b: Raichu\n|\n|win|Piedi mistici\n|raw|oreo 11's rating: 1411 &rarr; <strong>1395</strong><br />(-16 for losing)\n|raw|Piedi mistici's rating: 1488 &rarr; <strong>1504</strong><br />(+16 for winning)\n|l|☆oreo 11\n|player|p1|\n","uploadtime":1788377921,"views":"8","formatid":"gen9championsvgc2026regmb","rating":1395,"private":0,"password":null}