{"id":"gen9championsvgc2026regmb-2674171137","format":"[Gen 9 Champions] VGC 2026 Reg M-B","players":["lupegious","Coach Oran Berry"],"log":"|j|☆lupegious\n|j|‽Coach Oran Berry\n|t:|1788309835\n|gametype|doubles\n|player|p1|lupegious|lusamine-nihilego|\n|player|p2|Coach Oran Berry|2|\n|gen|9\n|tier|[Gen 9 Champions] VGC 2026 Reg M-B\n|rule|Species Clause: Limit one of each Pokémon\n|rule|Item Clause: Limit 1 of each item\n|clearpoke\n|poke|p1|Sableye, L50, F, shiny|\n|poke|p1|Aerodactyl, L50, F|\n|poke|p1|Typhlosion-Hisui, L50, F, shiny|\n|poke|p1|Gliscor, L50, M|\n|poke|p1|Toxapex, L50, M|\n|poke|p1|Zoroark-Hisui, L50, F|\n|poke|p2|Scizor, L50, F|\n|poke|p2|Kleavor, L50, F|\n|poke|p2|Pinsir, L50, F|\n|poke|p2|Vivillon-Fancy, L50, F|\n|poke|p2|Araquanid, L50, F|\n|poke|p2|Beedrill, L50, F|\n|teampreview|4\n|inactive|Battle timer is ON: inactive players will automatically lose when time's up. (requested by lupegious)\nCoach Oran Berry rejected open team sheets.\n|inactive|lupegious has 60 seconds left.\n|inactive|Coach Oran Berry has 60 seconds left.\n|inactive|Coach Oran Berry has 30 seconds left.\n|c|☆lupegious|good luck have fun\n|\n|t:|1788309904\n|teamsize|p1|4\n|teamsize|p2|4\n|start\n|switch|p1a: Tim Riggins|Gliscor, L50, M|100/100\n|switch|p1b: Gracie Bell|Toxapex, L50, M|100/100\n|switch|p2a: Vivillon|Vivillon-Fancy, L50, F|100/100\n|switch|p2b: Kleavor|Kleavor, L50, F|100/100\n|turn|1\n|inactive|Coach Oran Berry has 30 seconds left.\n|\n|t:|1788309932\n|move|p2a: Vivillon|Sleep Powder|p1b: Gracie Bell\n|-status|p1b: Gracie Bell|slp|[from] move: Sleep Powder\n|move|p1a: Tim Riggins|Swords Dance|p1a: Tim Riggins\n|-boost|p1a: Tim Riggins|atk|2\n|move|p2b: Kleavor|Stone Axe|p1a: Tim Riggins\n|-damage|p1a: Tim Riggins|62/100\n|-sidestart|p1: lupegious|move: Stealth Rock\n|cant|p1b: Gracie Bell|slp\n|\n|-heal|p1a: Tim Riggins|68/100|[from] item: Leftovers\n|upkeep\n|turn|2\n|inactive|Coach Oran Berry has 30 seconds left.\n|\n|t:|1788309962\n|move|p2a: Vivillon|Sleep Powder|p1a: Tim Riggins\n|-status|p1a: Tim Riggins|slp|[from] move: Sleep Powder\n|cant|p1a: Tim Riggins|slp\n|move|p2b: Kleavor|Stone Axe|p1a: Tim Riggins\n|-damage|p1a: Tim Riggins|31/100 slp\n|cant|p1b: Gracie Bell|slp\n|\n|-heal|p1a: Tim Riggins|37/100 slp|[from] item: Leftovers\n|upkeep\n|turn|3\n|\n|t:|1788309984\n|switch|p2a: Araquanid|Araquanid, L50, F|100/100\n|cant|p1a: Tim Riggins|slp\n|move|p2b: Kleavor|Stone Axe|p1a: Tim Riggins\n|-damage|p1a: Tim Riggins|0 fnt\n|faint|p1a: Tim Riggins\n|-curestatus|p1b: Gracie Bell|slp|[msg]\n|move|p1b: Gracie Bell|Toxic|p2a: Araquanid\n|-status|p2a: Araquanid|tox\n|\n|-damage|p2a: Araquanid|94/100 tox|[from] psn\n|upkeep\n|\n|t:|1788310003\n|switch|p1a: Matt Saracen|Typhlosion-Hisui, L50, F, shiny|100/100\n|-damage|p1a: Matt Saracen|75/100|[from] Stealth Rock\n|-item|p2a: Araquanid|Leftovers|[from] ability: Frisk|[of] p1a: Matt Saracen\n|-item|p2b: Kleavor|Focus Sash|[from] ability: Frisk|[of] p1a: Matt Saracen\n|turn|4\n|inactive|lupegious has 30 seconds left.\n|inactive|Coach Oran Berry has 30 seconds left.\n|inactive|lupegious has 20 seconds left.\n|inactive|Coach Oran Berry has 20 seconds left.\n|inactive|Coach Oran Berry has 15 seconds left.\n|inactive|Coach Oran Berry has 10 seconds left.\n|\n|t:|1788310048\n|move|p1a: Matt Saracen|Infernal Parade|p2a: Araquanid\n|-damage|p2a: Araquanid|37/100 tox\n|move|p2b: Kleavor|Stone Axe|p1a: Matt Saracen\n|-supereffective|p1a: Matt Saracen|1\n|-damage|p1a: Matt Saracen|0 fnt\n|faint|p1a: Matt Saracen\n|move|p2a: Araquanid|Liquidation|p1b: Gracie Bell\n|-resisted|p1b: Gracie Bell|1\n|-damage|p1b: Gracie Bell|80/100\n|move|p1b: Gracie Bell|Infestation|p2b: Kleavor\n|-damage|p2b: Kleavor|96/100\n|-activate|p2b: Kleavor|move: Infestation|[of] p1b: Gracie Bell\n|\n|-heal|p2a: Araquanid|43/100 tox|[from] item: Leftovers\n|-damage|p2a: Araquanid|32/100 tox|[from] psn\n|-damage|p2b: Kleavor|83/100|[from] move: Infestation|[partiallytrapped]\n|upkeep\n|\n|t:|1788310065\n|switch|p1a: Smash Williams|Aerodactyl, L50, F|100/100\n|-ability|p1a: Smash Williams|Unnerve\n|-damage|p1a: Smash Williams|75/100|[from] Stealth Rock\n|turn|5\n|inactive|Coach Oran Berry has 30 seconds left.\n|\n|t:|1788310095\n|detailschange|p1a: Smash Williams|Aerodactyl-Mega, L50, F\n|-mega|p1a: Smash Williams|Aerodactyl|Aerodactylite\n|move|p2b: Kleavor|Protect|p2b: Kleavor\n|-singleturn|p2b: Kleavor|Protect\n|move|p1a: Smash Williams|Dual Wingbeat|p2b: Kleavor\n|-activate|p2b: Kleavor|move: Protect\n|move|p2a: Araquanid|Liquidation|p1a: Smash Williams\n|-supereffective|p1a: Smash Williams|1\n|-damage|p1a: Smash Williams|0 fnt\n|faint|p1a: Smash Williams\n|move|p1b: Gracie Bell|Infestation|p2a: Araquanid\n|-damage|p2a: Araquanid|29/100 tox\n|-activate|p2a: Araquanid|move: Infestation|[of] p1b: Gracie Bell\n|\n|-heal|p2a: Araquanid|34/100 tox|[from] item: Leftovers\n|-damage|p2a: Araquanid|17/100 tox|[from] psn\n|-damage|p2b: Kleavor|71/100|[from] move: Infestation|[partiallytrapped]\n|-damage|p2a: Araquanid|5/100 tox|[from] move: Infestation|[partiallytrapped]\n|upkeep\n|turn|6\n|\n|t:|1788310118\n|move|p2b: Kleavor|Stone Axe|p1b: Gracie Bell\n|-damage|p1b: Gracie Bell|45/100\n|-enditem|p1b: Gracie Bell|Sitrus Berry|[eat]\n|-heal|p1b: Gracie Bell|70/100|[from] item: Sitrus Berry\n|move|p2a: Araquanid|Infestation|p1b: Gracie Bell\n|-resisted|p1b: Gracie Bell|1\n|-damage|p1b: Gracie Bell|68/100\n|-activate|p1b: Gracie Bell|move: Infestation|[of] p2a: Araquanid\n|move|p1b: Gracie Bell|Toxic|p2b: Kleavor\n|-status|p2b: Kleavor|tox\n|\n|-heal|p2a: Araquanid|11/100 tox|[from] item: Leftovers\n|-damage|p2b: Kleavor|64/100 tox|[from] psn\n|-damage|p2a: Araquanid|0 fnt|[from] psn\n|faint|p2a: Araquanid\n|-damage|p2b: Kleavor|52/100 tox|[from] move: Infestation|[partiallytrapped]\n|-end|p1b: Gracie Bell|Infestation|[partiallytrapped]|[silent]\n|upkeep\n|\n|t:|1788310137\n|switch|p2a: Vivillon|Vivillon-Fancy, L50, F|100/100\n|turn|7\n|\n|t:|1788310143\n|move|p1b: Gracie Bell|Baneful Bunker|p1b: Gracie Bell\n|-singleturn|p1b: Gracie Bell|move: Protect\n|move|p2a: Vivillon|Air Slash|p1b: Gracie Bell\n|-activate|p1b: Gracie Bell|move: Protect\n|move|p2b: Kleavor|Stone Axe|p1b: Gracie Bell\n|-activate|p1b: Gracie Bell|move: Protect\n|\n|-damage|p2b: Kleavor|40/100 tox|[from] psn\n|-damage|p2b: Kleavor|27/100 tox|[from] move: Infestation|[partiallytrapped]\n|upkeep\n|turn|8\n|\n|t:|1788310156\n|move|p2a: Vivillon|Air Slash|p1b: Gracie Bell\n|-damage|p1b: Gracie Bell|45/100\n|move|p2b: Kleavor|Stone Axe|p1b: Gracie Bell\n|-damage|p1b: Gracie Bell|10/100\n|move|p1b: Gracie Bell|Recover|p1b: Gracie Bell\n|-heal|p1b: Gracie Bell|60/100\n|\n|-damage|p2b: Kleavor|9/100 tox|[from] psn\n|-damage|p2b: Kleavor|0 fnt|[from] move: Infestation|[partiallytrapped]\n|faint|p2b: Kleavor\n|upkeep\n|\n|t:|1788310166\n|switch|p2b: Beedrill|Beedrill, L50, F|100/100\n|turn|9\n|\n|t:|1788310184\n|detailschange|p2b: Beedrill|Beedrill-Mega, L50, F\n|-mega|p2b: Beedrill|Beedrill|Beedrillite\n|move|p2a: Vivillon|Air Slash|p1b: Gracie Bell\n|-damage|p1b: Gracie Bell|35/100\n|move|p2b: Beedrill|Poison Jab|p1b: Gracie Bell\n|-resisted|p1b: Gracie Bell|1\n|-damage|p1b: Gracie Bell|14/100\n|move|p1b: Gracie Bell|Recover|p1b: Gracie Bell\n|-heal|p1b: Gracie Bell|64/100\n|\n|upkeep\n|turn|10\n|\n|t:|1788310196\n|move|p2a: Vivillon|Air Slash|p1b: Gracie Bell\n|-damage|p1b: Gracie Bell|36/100\n|move|p2b: Beedrill|Poison Jab|p1b: Gracie Bell\n|-resisted|p1b: Gracie Bell|1\n|-damage|p1b: Gracie Bell|17/100\n|move|p1b: Gracie Bell|Toxic|p2a: Vivillon\n|-status|p2a: Vivillon|tox\n|\n|-damage|p2a: Vivillon|94/100 tox|[from] psn\n|upkeep\n|turn|11\n|\n|t:|1788310208\n|move|p1b: Gracie Bell|Baneful Bunker|p1b: Gracie Bell\n|-singleturn|p1b: Gracie Bell|move: Protect\n|move|p2a: Vivillon|Air Slash|p1b: Gracie Bell\n|-activate|p1b: Gracie Bell|move: Protect\n|move|p2b: Beedrill|Poison Jab|p1b: Gracie Bell\n|-activate|p1b: Gracie Bell|move: Protect\n|\n|-damage|p2a: Vivillon|82/100 tox|[from] psn\n|upkeep\n|turn|12\n|\n|t:|1788310219\n|move|p2a: Vivillon|Air Slash|p1b: Gracie Bell\n|-damage|p1b: Gracie Bell|0 fnt\n|faint|p1b: Gracie Bell\n|\n|win|Coach Oran Berry\n","uploadtime":1788310225,"views":"17","formatid":"gen9championsvgc2026regmb","rating":null,"private":0,"password":null}