{"id":"gen9championsvgc2026regmbbo3-2673414027","format":"[Gen 9 Champions] VGC 2026 Reg M-B (Bo3)","players":["mrnicoxd","Pawah"],"log":"|j|☆mrnicoxd\n|j|☆Pawah\n|html|<table width=\"100%\"><tr><td align=\"left\">mrnicoxd</td><td align=\"right\">Pawah</tr><tr><td align=\"left\"><i class=\"fa fa-circle-o\"></i> <i class=\"fa fa-circle-o\"></i> </td><td align=\"right\"><i class=\"fa fa-circle-o\"></i> <i class=\"fa fa-circle-o\"></i> </tr></table>\n|uhtml|bestof|<h2><strong>Game 1</strong> of <a href=\"/game-bestof3-gen9championsvgc2026regmbbo3-2673414026\">a best-of-3</a></h2>\n|t:|1788194888\n|gametype|doubles\n|player|p1|mrnicoxd|n|1116\n|player|p2|Pawah|ethan|1311\n|gen|9\n|tier|[Gen 9 Champions] VGC 2026 Reg M-B (Bo3)\n|rated|\n|rule|Species Clause: Limit one of each Pokémon\n|rule|Item Clause: Limit 1 of each item\n|clearpoke\n|poke|p1|Whimsicott, L50, F|\n|poke|p1|Gholdengo, L50, shiny|\n|poke|p1|Staraptor, L50, F|\n|poke|p1|Garchomp, L50, M|\n|poke|p1|Delphox, L50, F|\n|poke|p1|Rotom-Wash, L50|\n|poke|p2|Incineroar, L50, M|\n|poke|p2|Sinistcha, L50|\n|poke|p2|Floette-Eternal, L50, F|\n|poke|p2|Samurott-Hisui, L50, F|\n|poke|p2|Sneasler, L50, F|\n|poke|p2|Delphox, L50, M|\n|teampreview|4\n|showteam|p1|Whimsicott||FocusSash|Prankster|Moonblast,Tailwind,Tickle,FakeTears|Modest||F|||50|]Gholdengo||LifeOrb|GoodasGold|MakeItRain,ShadowBall,NastyPlot,Protect|Modest|||||50|]Staraptor||Staraptite|Intimidate|CloseCombat,BraveBird,Roost,Protect|Impish||F|||50|]Garchomp||ChoiceScarf|RoughSkin|DragonClaw,Earthquake,RockSlide,StompingTantrum|Jolly||M|||50|]Delphox||Delphoxite|Blaze|HeatWave,Psychic,DazzlingGleam,Protect|Timid||F|||50|]Rotom-Wash||SitrusBerry|Levitate|HydroPump,VoltSwitch,WillOWisp,Thunderbolt|Modest|||||50|\n|showteam|p2|Incineroar||SitrusBerry|Intimidate|FlareBlitz,DarkestLariat,FakeOut,PartingShot|Careful||M|||50|]Sinistcha||OccaBerry|Hospitality|MatchaGotcha,LifeDew,RagePowder,Protect|Bold|||||50|]Floette-Eternal||Floettite|FlowerVeil|Protect,DazzlingGleam,Moonblast,CalmMind|Modest||F|||50|]Samurott-Hisui||ChoiceScarf|Sharpness|NightSlash,AquaCutter,SacredSword,FlipTurn|Jolly||F|||50|]Sneasler||FocusSash|PoisonTouch|PoisonJab,RockSlide,CloseCombat,FakeOut|Jolly||F|||50|]Delphox||Delphoxite|Blaze|HeatWave,Protect,Psychic,NastyPlot|Timid||M|||50|\n|inactive|Battle timer is ON: inactive players will automatically lose when time's up. (requested by Pawah)\n|inactive|mrnicoxd has 60 seconds left.\n|\n|t:|1788194927\n|teamsize|p1|4\n|teamsize|p2|4\n|start\n|switch|p1a: Staraptor|Staraptor, L50, F|100/100\n|switch|p1b: Whimsicott|Whimsicott, L50, F|100/100\n|switch|p2a: Samurott|Samurott-Hisui, L50, F|100/100\n|switch|p2b: Floette|Floette-Eternal, L50, F|100/100\n|-ability|p1a: Staraptor|Intimidate|boost\n|-unboost|p2a: Samurott|atk|1\n|-unboost|p2b: Floette|atk|1\n|turn|1\n|\n|t:|1788194947\n|switch|p2a: Incineroar|Incineroar, L50, M|100/100\n|-ability|p2a: Incineroar|Intimidate|boost\n|-unboost|p1a: Staraptor|atk|1\n|-unboost|p1b: Whimsicott|atk|1\n|switch|p1a: Gholdengo|Gholdengo, L50, shiny|100/100\n|detailschange|p2b: Floette|Floette-Mega, L50, F\n|-mega|p2b: Floette|Floette|Floettite\n|-ability|p2b: Floette|Fairy Aura\n|move|p1b: Whimsicott|Tailwind|p1b: Whimsicott\n|-sidestart|p1: mrnicoxd|move: Tailwind\n|move|p2b: Floette|Moonblast|p1a: Gholdengo\n|-resisted|p1a: Gholdengo|1\n|-damage|p1a: Gholdengo|62/100\n|\n|upkeep\n|turn|2\n|inactive|mrnicoxd has 30 seconds left.\n|inactive|Pawah has 30 seconds left.\n|\n|t:|1788194983\n|move|p2b: Floette|Protect|p2b: Floette\n|-singleturn|p2b: Floette|Protect\n|move|p1b: Whimsicott|Fake Tears|p2b: Floette\n|-activate|p2b: Floette|move: Protect\n|move|p1a: Gholdengo|Make It Rain|p2a: Incineroar|[spread] p2a\n|-activate|p2b: Floette|move: Protect\n|-resisted|p2a: Incineroar|1\n|-crit|p2a: Incineroar\n|-damage|p2a: Incineroar|65/100\n|-unboost|p1a: Gholdengo|spa|2\n|-damage|p1a: Gholdengo|52/100|[from] item: Life Orb\n|move|p2a: Incineroar|Flare Blitz|p1b: Whimsicott\n|-supereffective|p1b: Whimsicott|1\n|-enditem|p1b: Whimsicott|Focus Sash\n|-damage|p1b: Whimsicott|1/100\n|-damage|p2a: Incineroar|43/100|[from] Recoil\n|-enditem|p2a: Incineroar|Sitrus Berry|[eat]\n|-heal|p2a: Incineroar|68/100|[from] item: Sitrus Berry\n|\n|upkeep\n|turn|3\n|\n|t:|1788195000\n|switch|p2b: Samurott|Samurott-Hisui, L50, F|100/100\n|move|p1b: Whimsicott|Fake Tears|p2b: Samurott\n|-hint|Since gen 7, Dark is immune to Prankster moves.\n|-immune|p2b: Samurott\n|move|p1a: Gholdengo|Make It Rain|p2b: Samurott|[spread] p2a,p2b\n|-resisted|p2a: Incineroar|1\n|-resisted|p2b: Samurott|1\n|-damage|p2a: Incineroar|55/100\n|-damage|p2b: Samurott|74/100\n|-unboost|p1a: Gholdengo|spa|2\n|-damage|p1a: Gholdengo|42/100|[from] item: Life Orb\n|move|p2a: Incineroar|Flare Blitz|p1b: Whimsicott\n|-supereffective|p1b: Whimsicott|1\n|-damage|p1b: Whimsicott|0 fnt\n|faint|p1b: Whimsicott\n|-damage|p2a: Incineroar|55/100|[from] Recoil\n|\n|upkeep\n|\n|t:|1788195007\n|switch|p1b: Staraptor|Staraptor, L50, F|100/100\n|-ability|p1b: Staraptor|Intimidate|boost\n|-unboost|p2a: Incineroar|atk|1\n|-unboost|p2b: Samurott|atk|1\n|turn|4\n|\n|t:|1788195019\n|switch|p2b: Floette|Floette-Mega, L50, F|100/100\n|-ability|p2b: Floette|Fairy Aura\n|switch|p2a: Sinistcha|Sinistcha, L50|100/100\n|move|p1a: Gholdengo|Protect|p1a: Gholdengo\n|-singleturn|p1a: Gholdengo|Protect\n|move|p1b: Staraptor|Close Combat|p2b: Floette\n|-resisted|p2b: Floette|1\n|-damage|p2b: Floette|78/100\n|-unboost|p1b: Staraptor|def|1\n|-unboost|p1b: Staraptor|spd|1\n|\n|-sideend|p1: mrnicoxd|move: Tailwind\n|upkeep\n|turn|5\n|\n|t:|1788195038\n|move|p2a: Sinistcha|Rage Powder|p2a: Sinistcha\n|-singleturn|p2a: Sinistcha|move: Rage Powder\n|move|p2b: Floette|Moonblast|p1b: Staraptor\n|-crit|p1b: Staraptor\n|-damage|p1b: Staraptor|0 fnt\n|faint|p1b: Staraptor\n|move|p1a: Gholdengo|Shadow Ball|p2a: Sinistcha\n|-supereffective|p2a: Sinistcha|1\n|-damage|p2a: Sinistcha|56/100\n|-damage|p1a: Gholdengo|32/100|[from] item: Life Orb\n|\n|upkeep\n|\n|t:|1788195044\n|switch|p1b: Rotom|Rotom-Wash, L50|100/100\n|turn|6\n|\n|t:|1788195052\n|move|p2b: Floette|Moonblast|p1a: Gholdengo\n|-resisted|p1a: Gholdengo|1\n|-damage|p1a: Gholdengo|0 fnt\n|faint|p1a: Gholdengo\n|move|p1b: Rotom|Thunderbolt|p2b: Floette\n|-damage|p2b: Floette|50/100g\n|move|p2a: Sinistcha|Matcha Gotcha|p1b: Rotom\n|-supereffective|p1b: Rotom|1\n|-damage|p1b: Rotom|22/100\n|-heal|p2a: Sinistcha|90/100|[from] drain|[of] p1b: Rotom\n|-status|p1b: Rotom|brn\n|-enditem|p1b: Rotom|Sitrus Berry|[eat]\n|-heal|p1b: Rotom|47/100 brn|[from] item: Sitrus Berry\n|\n|-damage|p1b: Rotom|41/100 brn|[from] brn\n|upkeep\n|turn|7\n|inactive|mrnicoxd has 30 seconds left.\n|\n|t:|1788195082\n|move|p2b: Floette|Moonblast|p1b: Rotom\n|-damage|p1b: Rotom|0 fnt\n|faint|p1b: Rotom\n|\n|win|Pawah\n","uploadtime":1788195083,"views":"1","formatid":"gen9championsvgc2026regmbbo3","rating":null,"private":0,"password":null}