{"id":"gen9championsvgc2026regmbbo3-2674232308","format":"[Gen 9 Champions] VGC 2026 Reg M-B (Bo3)","players":["tuckered out1","mls2395"],"log":"|j|☆tuckered out1\n|j|☆mls2395\n|html|<table width=\"100%\"><tr><td align=\"left\">tuckered out1</td><td align=\"right\">mls2395</tr><tr><td align=\"left\"><i class=\"fa fa-circle\"></i> <i class=\"fa fa-circle-o\"></i> </td><td align=\"right\"><i class=\"fa fa-circle-o\"></i> <i class=\"fa fa-circle\"></i> </tr></table>\n|uhtml|bestof|<h2><strong>Game 3</strong> of <a href=\"/game-bestof3-gen9championsvgc2026regmbbo3-2674229170\">a best-of-3</a></h2>\n|t:|1788319769\n|gametype|doubles\n|player|p1|tuckered out1|1|1175\n|player|p2|mls2395|266|1219\n|gen|9\n|tier|[Gen 9 Champions] VGC 2026 Reg M-B (Bo3)\n|rated|\n|rule|Species Clause: Limit one of each Pokémon\n|rule|Item Clause: Limit 1 of each item\n|clearpoke\n|poke|p1|Dragonite, L50, M|\n|poke|p1|Swampert, L50, F|\n|poke|p1|Sneasler, L50, F|\n|poke|p1|Archaludon, L50, F|\n|poke|p1|Pelipper, L50, F|\n|poke|p1|Sinistcha, L50|\n|poke|p2|Delphox, L50, F|\n|poke|p2|Sneasler, L50, M|\n|poke|p2|Sinistcha, L50|\n|poke|p2|Incineroar, L50, M|\n|poke|p2|Floette-Eternal, L50, F|\n|poke|p2|Kingambit, L50, M|\n|teampreview|4\n|showteam|p1|Dragonite||Dragoninite|Multiscale|Hurricane,Thunder,DracoMeteor,Protect|Modest||M|||50|]Swampert||Swampertite|Torrent|WaveCrash,Protect,Earthquake,FlipTurn|Adamant||F|||50|]Sneasler||WhiteHerb|Unburden|FakeOut,Protect,CloseCombat,DireClaw|Adamant||F|||50|]Archaludon||ChoiceScarf|Sturdy|DracoMeteor,ElectroShot,FlashCannon,AuraSphere|Timid||F|||50|]Pelipper||DampRock|Drizzle|Tailwind,WideGuard,MuddyWater,Protect|Bold||F|||50|]Sinistcha||SitrusBerry|Hospitality|LifeDew,StrengthSap,MatchaGotcha,RagePowder|Sassy|||||50|\n|showteam|p2|Delphox||Delphoxite|Blaze|HeatWave,Psychic,NastyPlot,Protect|Timid||F|||50|]Sneasler||FocusSash|PoisonTouch|CloseCombat,PoisonJab,FakeOut,QuickGuard|Jolly||M|||50|]Sinistcha||ColburBerry|Hospitality|MatchaGotcha,RagePowder,TrickRoom,Protect|Bold|||||50|]Incineroar||SitrusBerry|Intimidate|FlareBlitz,HelpingHand,PartingShot,FakeOut|Careful||M|||50|]Floette-Eternal||Floettite|FlowerVeil|DazzlingGleam,DrainingKiss,CalmMind,Protect|Modest||F|||50|]Kingambit||LifeOrb|Defiant|KowtowCleave,SuckerPunch,SwordsDance,Protect|Adamant||M|||50|\n|\n|t:|1788319788\n|teamsize|p1|4\n|teamsize|p2|4\n|start\n|switch|p1a: Archaludon|Archaludon, L50, F|100/100\n|switch|p1b: Pelipper|Pelipper, L50, F|100/100\n|switch|p2a: Floette|Floette-Eternal, L50, F|100/100\n|switch|p2b: Sneasler|Sneasler, L50, M|100/100\n|-weather|RainDance|[from] ability: Drizzle|[of] p1b: Pelipper\n|turn|1\n|\n|t:|1788319805\n|switch|p1a: Sinistcha|Sinistcha, L50|100/100\n|detailschange|p2a: Floette|Floette-Mega, L50, F\n|-mega|p2a: Floette|Floette|Floettite\n|-ability|p2a: Floette|Fairy Aura\n|move|p2b: Sneasler|Fake Out|p1b: Pelipper\n|-damage|p1b: Pelipper|88/100\n|-status|p1b: Pelipper|psn|[from] ability: Poison Touch|[of] p2b: Sneasler\n|move|p2a: Floette|Dazzling Gleam|p1b: Pelipper|[spread] p1a,p1b\n|-damage|p1a: Sinistcha|53/100\n|-damage|p1b: Pelipper|25/100 psn\n|cant|p1b: Pelipper|flinch\n|\n|-weather|RainDance|[upkeep]\n|-damage|p1b: Pelipper|13/100 psn|[from] psn\n|upkeep\n|turn|2\n|\n|t:|1788319839\n|switch|p1b: Sneasler|Sneasler, L50, F|100/100\n|move|p2b: Sneasler|Poison Jab|p1b: Sneasler\n|-resisted|p1b: Sneasler|1\n|-damage|p1b: Sneasler|64/100\n|move|p2a: Floette|Draining Kiss|p1a: Sinistcha\n|-damage|p1a: Sinistcha|11/100\n|-enditem|p1a: Sinistcha|Sitrus Berry|[eat]\n|-heal|p1a: Sinistcha|36/100|[from] item: Sitrus Berry\n|move|p1a: Sinistcha|Matcha Gotcha|p2b: Sneasler|[spread] p2a,p2b\n|-resisted|p2b: Sneasler|1\n|-damage|p2a: Floette|80/100\n|-heal|p1a: Sinistcha|46/100|[from] drain|[of] p2a: Floette\n|-damage|p2b: Sneasler|81/100\n|-heal|p1a: Sinistcha|54/100|[from] drain|[of] p2b: Sneasler\n|\n|-weather|RainDance|[upkeep]\n|upkeep\n|turn|3\n|\n|t:|1788319864\n|move|p2b: Sneasler|Quick Guard|p2b: Sneasler\n|-singleturn|p2b: Sneasler|Quick Guard\n|move|p1b: Sneasler|Dire Claw|p2a: Floette\n|-supereffective|p2a: Floette|1\n|-damage|p2a: Floette|0 fnt\n|faint|p2a: Floette\n|move|p1a: Sinistcha|Strength Sap|p2b: Sneasler\n|-unboost|p2b: Sneasler|atk|1\n|-heal|p1a: Sinistcha|100/100\n|\n|-weather|RainDance|[upkeep]\n|upkeep\n|\n|t:|1788319877\n|switch|p2a: Incineroar|Incineroar, L50, M|100/100\n|-ability|p2a: Incineroar|Intimidate|boost\n|-unboost|p1a: Sinistcha|atk|1\n|-unboost|p1b: Sneasler|atk|1\n|-enditem|p1b: Sneasler|White Herb\n|-clearnegativeboost|p1b: Sneasler|[silent]\n|turn|4\n|\n|t:|1788319892\n|move|p2a: Incineroar|Fake Out|p1b: Sneasler\n|-damage|p1b: Sneasler|47/100\n|cant|p1b: Sneasler|flinch\n|move|p2b: Sneasler|Poison Jab|p1b: Sneasler\n|-resisted|p1b: Sneasler|1\n|-damage|p1b: Sneasler|23/100\n|move|p1a: Sinistcha|Strength Sap|p2b: Sneasler\n|-unboost|p2b: Sneasler|atk|1\n|\n|-weather|RainDance|[upkeep]\n|upkeep\n|turn|5\n|\n|t:|1788319912\n|switch|p2a: Sinistcha|Sinistcha, L50|100/100\n|-heal|p2b: Sneasler|100/100|[from] ability: Hospitality|[of] p2a: Sinistcha\n|move|p1b: Sneasler|Protect|p1b: Sneasler\n|-singleturn|p1b: Sneasler|Protect\n|move|p2b: Sneasler|Poison Jab|p1b: Sneasler\n|-activate|p1b: Sneasler|move: Protect\n|move|p1a: Sinistcha|Life Dew||[still]|[spread] p1a,p1b\n|-fail|p1a: Sinistcha|heal\n|-heal|p1b: Sneasler|48/100\n|\n|-weather|RainDance|[upkeep]\n|upkeep\n|turn|6\n|\n|t:|1788319927\n|switch|p2b: Incineroar|Incineroar, L50, M|100/100\n|-ability|p2b: Incineroar|Intimidate|boost\n|-unboost|p1a: Sinistcha|atk|1\n|-unboost|p1b: Sneasler|atk|1\n|move|p1b: Sneasler|Dire Claw|p2a: Sinistcha\n|-damage|p2a: Sinistcha|75/100\n|move|p2a: Sinistcha|Matcha Gotcha|p1a: Sinistcha|[spread] p1a,p1b\n|-resisted|p1a: Sinistcha|1\n|-resisted|p1b: Sneasler|1\n|-damage|p1a: Sinistcha|86/100\n|-heal|p2a: Sinistcha|82/100|[from] drain|[of] p1a: Sinistcha\n|-damage|p1b: Sneasler|31/100\n|-heal|p2a: Sinistcha|90/100|[from] drain|[of] p1b: Sneasler\n|move|p1a: Sinistcha|Life Dew|p1a: Sinistcha|[spread] p1a,p1b\n|-heal|p1a: Sinistcha|100/100\n|-heal|p1b: Sneasler|56/100\n|\n|-weather|RainDance|[upkeep]\n|upkeep\n|turn|7\n|\n|t:|1788319952\n|move|p1b: Sneasler|Dire Claw|p2a: Sinistcha\n|-damage|p2a: Sinistcha|66/100\n|move|p2b: Incineroar|Flare Blitz|p1a: Sinistcha\n|-supereffective|p1a: Sinistcha|1\n|-damage|p1a: Sinistcha|62/100\n|-damage|p2b: Incineroar|89/100|[from] Recoil\n|move|p2a: Sinistcha|Matcha Gotcha|p1a: Sinistcha|[spread] p1a,p1b\n|-resisted|p1a: Sinistcha|1\n|-resisted|p1b: Sneasler|1\n|-damage|p1a: Sinistcha|51/100\n|-heal|p2a: Sinistcha|72/100|[from] drain|[of] p1a: Sinistcha\n|-damage|p1b: Sneasler|38/100\n|-heal|p2a: Sinistcha|80/100|[from] drain|[of] p1b: Sneasler\n|move|p1a: Sinistcha|Life Dew|p1a: Sinistcha|[spread] p1a,p1b\n|-heal|p1a: Sinistcha|76/100\n|-heal|p1b: Sneasler|63/100\n|\n|-weather|RainDance|[upkeep]\n|upkeep\n|turn|8\n|\n|t:|1788319980\n|move|p2a: Sinistcha|Protect|p2a: Sinistcha\n|-singleturn|p2a: Sinistcha|Protect\n|move|p1b: Sneasler|Dire Claw|p2a: Sinistcha\n|-activate|p2a: Sinistcha|move: Protect\n|move|p2b: Incineroar|Flare Blitz|p1a: Sinistcha\n|-supereffective|p1a: Sinistcha|1\n|-damage|p1a: Sinistcha|38/100\n|-damage|p2b: Incineroar|78/100|[from] Recoil\n|move|p1a: Sinistcha|Life Dew|p1a: Sinistcha|[spread] p1a,p1b\n|-heal|p1a: Sinistcha|63/100\n|-heal|p1b: Sneasler|88/100\n|\n|-weather|none\n|upkeep\n|turn|9\n|\n|t:|1788319994\n|switch|p1b: Pelipper|Pelipper, L50, F|13/100 psn\n|-weather|RainDance|[from] ability: Drizzle|[of] p1b: Pelipper\n|switch|p2b: Sneasler|Sneasler, L50, M|100/100\n|move|p2a: Sinistcha|Matcha Gotcha|p1b: Pelipper|[spread] p1a,p1b\n|-resisted|p1a: Sinistcha|1\n|-damage|p1a: Sinistcha|51/100\n|-heal|p2a: Sinistcha|86/100|[from] drain|[of] p1a: Sinistcha\n|-damage|p1b: Pelipper|0 fnt\n|-heal|p2a: Sinistcha|92/100|[from] drain|[of] p1b: Pelipper\n|faint|p1b: Pelipper\n|move|p1a: Sinistcha|Life Dew|p1a: Sinistcha\n|-heal|p1a: Sinistcha|76/100\n|\n|-weather|RainDance|[upkeep]\n|upkeep\n|\n|t:|1788320009\n|switch|p1b: Archaludon|Archaludon, L50, F|100/100\n|turn|10\n|\n|t:|1788320025\n|move|p1a: Sinistcha|Rage Powder|p1a: Sinistcha\n|-singleturn|p1a: Sinistcha|move: Rage Powder\n|move|p1b: Archaludon|Electro Shot||[still]\n|-prepare|p1b: Archaludon|Electro Shot\n|-boost|p1b: Archaludon|spa|1\n|-anim|p1b: Archaludon|Electro Shot|p2b: Sneasler\n|-damage|p2b: Sneasler|5/100\n|move|p2b: Sneasler|Close Combat|p1a: Sinistcha\n|-immune|p1a: Sinistcha\n|move|p2a: Sinistcha|Matcha Gotcha|p1b: Archaludon|[spread] p1a,p1b\n|-resisted|p1a: Sinistcha|1\n|-resisted|p1b: Archaludon|2\n|-damage|p1a: Sinistcha|64/100\n|-heal|p2a: Sinistcha|98/100|[from] drain|[of] p1a: Sinistcha\n|-damage|p1b: Archaludon|91/100\n|-heal|p2a: Sinistcha|100/100|[from] drain|[of] p1b: Archaludon\n|\n|-weather|RainDance|[upkeep]\n|upkeep\n|turn|11\n|c|☆mls2395|gg\n|-message|mls2395 forfeited.\n|\n|win|tuckered out1\n|raw|tuckered out1's rating: 1175 &rarr; <strong>1203</strong><br />(+28 for winning)\n|raw|mls2395's rating: 1219 &rarr; <strong>1191</strong><br />(-28 for losing)\n|l|☆mls2395\n|player|p2|\n|j|☆mls2395\n|player|p2|mls2395|266|\n","uploadtime":1788320052,"views":"6","formatid":"gen9championsvgc2026regmbbo3","rating":1191,"private":0,"password":null}