{"id":"gen9championsvgc2026regmb-2674433034","format":"[Gen 9 Champions] VGC 2026 Reg M-B","players":["cortepapayon","d1 rotom fan"],"log":"|j|☆cortepapayon\n|j|☆d1 rotom fan\n|t:|1788359209\n|gametype|doubles\n|player|p1|cortepapayon|workerice|1113\n|player|p2|d1 rotom fan|preschoolerf|1098\n|gen|9\n|tier|[Gen 9 Champions] VGC 2026 Reg M-B\n|rated|\n|rule|Species Clause: Limit one of each Pokémon\n|rule|Item Clause: Limit 1 of each item\n|clearpoke\n|poke|p1|Whimsicott, L50, M|\n|poke|p1|Sinistcha, L50|\n|poke|p1|Abomasnow, L50, F|\n|poke|p1|Gourgeist-Super, L50, M|\n|poke|p1|Meganium, L50, F|\n|poke|p1|Tsareena, L50, F|\n|poke|p2|Mawile, L50, F|\n|poke|p2|Alcremie-Salted-Cream, L50, F|\n|poke|p2|Klefki, L50, F|\n|poke|p2|Clefable, L50, F|\n|poke|p2|Chesnaught, L50, F|\n|poke|p2|Pelipper, L50, F|\n|teampreview|4\n|inactive|Battle timer is ON: inactive players will automatically lose when time's up. (requested by cortepapayon)\n|\n|t:|1788359237\n|teamsize|p1|4\n|teamsize|p2|4\n|start\n|switch|p1a: Meganium|Meganium, L50, F|100/100\n|switch|p1b: Gourgeist|Gourgeist-Super, L50, M|100/100\n|switch|p2a: Pelipper|Pelipper, L50, F|100/100\n|switch|p2b: Klefki|Klefki, L50, F|100/100\n|-weather|RainDance|[from] ability: Drizzle|[of] p2a: Pelipper\n|turn|1\n|\n|t:|1788359255\n|detailschange|p1a: Meganium|Meganium-Mega, L50, F\n|-mega|p1a: Meganium|Meganium|Meganiumite\n|move|p1b: Gourgeist|Protect|p1b: Gourgeist\n|-singleturn|p1b: Gourgeist|Protect\n|move|p1a: Meganium|Solar Beam||[still]\n|-prepare|p1a: Meganium|Solar Beam\n|-activate|p1a: Meganium|ability: Mega Sol\n|-anim|p1a: Meganium|Solar Beam|p2a: Pelipper\n|-damage|p2a: Pelipper|4/100\n|move|p2a: Pelipper|Hurricane|p1a: Meganium\n|-supereffective|p1a: Meganium|1\n|-damage|p1a: Meganium|13/100\n|move|p2b: Klefki|Trick Room|p2b: Klefki\n|-fieldstart|move: Trick Room|[of] p2b: Klefki\n|\n|-weather|RainDance|[upkeep]\n|upkeep\n|turn|2\n|inactive|d1 rotom fan has 30 seconds left.\n|inactive|cortepapayon has 30 seconds left.\n|inactive|cortepapayon has 20 seconds left.\n|inactive|cortepapayon has 15 seconds left.\n|\n|t:|1788359302\n|switch|p1a: Sinistcha|Sinistcha, L50|100/100\n|move|p2b: Klefki|Light Screen|p2b: Klefki\n|-sidestart|p2: d1 rotom fan|move: Light Screen\n|move|p1b: Gourgeist|Poltergeist|p2a: Pelipper\n|-activate|p2a: Pelipper|move: Poltergeist|Focus Sash\n|-damage|p2a: Pelipper|0 fnt\n|faint|p2a: Pelipper\n|\n|-weather|RainDance|[upkeep]\n|upkeep\n|\n|t:|1788359315\n|switch|p2a: Mawile|Mawile, L50, F|100/100\n|turn|3\n|\n|t:|1788359327\n|detailschange|p2a: Mawile|Mawile-Mega, L50, F\n|-mega|p2a: Mawile|Mawile|Mawilite\n|move|p1a: Sinistcha|Rage Powder|p1a: Sinistcha\n|-singleturn|p1a: Sinistcha|move: Rage Powder\n|move|p1b: Gourgeist|Will-O-Wisp|p2a: Mawile\n|-status|p2a: Mawile|brn\n|move|p2a: Mawile|Rock Slide|p1b: Gourgeist|[spread] p1a,p1b\n|-damage|p1a: Sinistcha|86/100\n|-damage|p1b: Gourgeist|86/100\n|move|p2b: Klefki|Flash Cannon|p1a: Sinistcha\n|-damage|p1a: Sinistcha|62/100\n|\n|-weather|RainDance|[upkeep]\n|-damage|p2a: Mawile|94/100 brn|[from] brn\n|upkeep\n|turn|4\n|\n|t:|1788359348\n|switch|p2b: Alcremie|Alcremie-Salted-Cream, L50, F|100/100\n|move|p1b: Gourgeist|Poltergeist|p2b: Alcremie\n|-activate|p2b: Alcremie|move: Poltergeist|Iron Ball\n|-damage|p2b: Alcremie|50/100g\n|move|p2a: Mawile|Rock Slide|p1b: Gourgeist|[spread] p1a,p1b\n|-damage|p1a: Sinistcha|47/100\n|-damage|p1b: Gourgeist|71/100\n|cant|p1a: Sinistcha|flinch\n|\n|-weather|RainDance|[upkeep]\n|-damage|p2a: Mawile|88/100 brn|[from] brn\n|upkeep\n|turn|5\n|\n|t:|1788359366\n|move|p2b: Alcremie|Decorate|p2a: Mawile\n|-boost|p2a: Mawile|atk|2\n|-boost|p2a: Mawile|spa|2\n|move|p1b: Gourgeist|Poltergeist|p2b: Alcremie\n|-activate|p2b: Alcremie|move: Poltergeist|Iron Ball\n|-damage|p2b: Alcremie|1/100\n|move|p2a: Mawile|Rock Slide|p1b: Gourgeist|[spread] p1a,p1b\n|-damage|p1a: Sinistcha|20/100y\n|-damage|p1b: Gourgeist|44/100\n|move|p1a: Sinistcha|Life Dew|p1a: Sinistcha|[spread] p1a,p1b\n|-heal|p1a: Sinistcha|45/100\n|-heal|p1b: Gourgeist|69/100\n|\n|-weather|none\n|-damage|p2a: Mawile|82/100 brn|[from] brn\n|-fieldend|move: Trick Room\n|upkeep\n|turn|6\n|inactive|cortepapayon has 30 seconds left.\n|\n|t:|1788359395\n|move|p2a: Mawile|Protect|p2a: Mawile\n|-singleturn|p2a: Mawile|Protect\n|move|p1a: Sinistcha|Life Dew|p1a: Sinistcha|[spread] p1a,p1b\n|-heal|p1a: Sinistcha|70/100\n|-heal|p1b: Gourgeist|94/100\n|move|p1b: Gourgeist|Poltergeist|p2a: Mawile\n|-activate|p2a: Mawile|move: Protect\n|move|p2b: Alcremie|Recover|p2b: Alcremie\n|-heal|p2b: Alcremie|50/100g\n|\n|-damage|p2a: Mawile|77/100 brn|[from] brn\n|upkeep\n|turn|7\n|\n|t:|1788359412\n|move|p1a: Sinistcha|Rage Powder|p1a: Sinistcha\n|-singleturn|p1a: Sinistcha|move: Rage Powder\n|move|p2a: Mawile|Rock Slide|p1b: Gourgeist|[spread] p1a,p1b\n|-damage|p1a: Sinistcha|39/100\n|-damage|p1b: Gourgeist|63/100\n|move|p1b: Gourgeist|Will-O-Wisp|p2b: Alcremie\n|-status|p2b: Alcremie|brn\n|move|p2b: Alcremie|Decorate|p1a: Sinistcha\n|-boost|p1a: Sinistcha|atk|2\n|-boost|p1a: Sinistcha|spa|2\n|\n|-damage|p2a: Mawile|71/100 brn|[from] brn\n|-damage|p2b: Alcremie|45/100 brn|[from] brn\n|upkeep\n|turn|8\n|\n|t:|1788359432\n|switch|p2b: Klefki|Klefki, L50, F|100/100\n|move|p1a: Sinistcha|Matcha Gotcha|p2b: Klefki|[spread] p2a,p2b\n|-resisted|p2a: Mawile|1\n|-resisted|p2b: Klefki|1\n|-damage|p2a: Mawile|51/100 brn\n|-heal|p1a: Sinistcha|48/100|[from] drain|[of] p2a: Mawile\n|-damage|p2b: Klefki|81/100\n|-heal|p1a: Sinistcha|57/100|[from] drain|[of] p2b: Klefki\n|move|p2a: Mawile|Rock Slide|p1b: Gourgeist|[spread] p1a,p1b\n|-damage|p1a: Sinistcha|25/100\n|-damage|p1b: Gourgeist|36/100\n|cant|p1b: Gourgeist|flinch\n|\n|-damage|p2a: Mawile|45/100 brn|[from] brn\n|upkeep\n|turn|9\n|\n|t:|1788359457\n|move|p1b: Gourgeist|Protect|p1b: Gourgeist\n|-singleturn|p1b: Gourgeist|Protect\n|move|p1a: Sinistcha|Life Dew|p1a: Sinistcha|[spread] p1a,p1b\n|-heal|p1a: Sinistcha|51/100\n|-heal|p1b: Gourgeist|61/100\n|move|p2b: Klefki|Flash Cannon|p1a: Sinistcha\n|-damage|p1a: Sinistcha|25/100\n|move|p2a: Mawile|Rock Slide|p1b: Gourgeist|[spread] p1a\n|-activate|p1b: Gourgeist|move: Protect\n|-damage|p1a: Sinistcha|0 fnt\n|faint|p1a: Sinistcha\n|\n|-damage|p2a: Mawile|40/100 brn|[from] brn\n|-sideend|p2: d1 rotom fan|move: Light Screen\n|upkeep\n|\n|t:|1788359473\n|switch|p1a: Meganium|Meganium-Mega, L50, F|13/100\n|turn|10\n|\n|t:|1788359479\n|move|p2a: Mawile|Protect|p2a: Mawile\n|-singleturn|p2a: Mawile|Protect\n|move|p1a: Meganium|Synthesis|p1a: Meganium\n|-activate|p1a: Meganium|ability: Mega Sol\n|-heal|p1a: Meganium|80/100\n|move|p1b: Gourgeist|Poltergeist|p2a: Mawile\n|-activate|p2a: Mawile|move: Protect\n|move|p2b: Klefki|Trick Room|p2b: Klefki\n|-fieldstart|move: Trick Room|[of] p2b: Klefki\n|\n|-damage|p2a: Mawile|34/100 brn|[from] brn\n|upkeep\n|turn|11\n|\n|t:|1788359496\n|move|p1b: Gourgeist|Poltergeist|p2a: Mawile|[miss]\n|-miss|p1b: Gourgeist|p2a: Mawile\n|move|p2a: Mawile|Rock Slide|p1b: Gourgeist|[spread] p1a,p1b\n|-damage|p1a: Meganium|46/100\n|-damage|p1b: Gourgeist|32/100\n|move|p2b: Klefki|Flash Cannon|p1a: Meganium\n|-supereffective|p1a: Meganium|1\n|-damage|p1a: Meganium|2/100\n|-unboost|p1a: Meganium|spd|1\n|move|p1a: Meganium|Weather Ball|p2b: Klefki\n|-supereffective|p2b: Klefki|1\n|-damage|p2b: Klefki|0 fnt\n|faint|p2b: Klefki\n|\n|-damage|p2a: Mawile|28/100 brn|[from] brn\n|upkeep\n|\n|t:|1788359512\n|switch|p2b: Alcremie|Alcremie-Salted-Cream, L50, F|45/100 brn\n|turn|12\n|\n|t:|1788359520\n|switch|p1a: Tsareena|Tsareena, L50, F|100/100\n|move|p2b: Alcremie|Decorate|p1b: Gourgeist\n|-boost|p1b: Gourgeist|atk|2\n|-boost|p1b: Gourgeist|spa|2\n|move|p1b: Gourgeist|Poltergeist|p2a: Mawile\n|-activate|p2a: Mawile|move: Poltergeist|Mawilite\n|-damage|p2a: Mawile|0 fnt\n|faint|p2a: Mawile\n|\n|-damage|p2b: Alcremie|39/100 brn|[from] brn\n|upkeep\n|turn|13\n|c|☆d1 rotom fan|misclick\n|c|☆d1 rotom fan|LOL\n|c|☆cortepapayon|good lord\n|inactive|cortepapayon has 30 seconds left.\n|c|☆d1 rotom fan|trackpad and long nails moment\n|\n|t:|1788359552\n|move|p2b: Alcremie|Draining Kiss|p1b: Gourgeist\n|-damage|p1b: Gourgeist|17/100\n|-heal|p2b: Alcremie|52/100 brn|[from] drain|[of] p1b: Gourgeist\n|move|p1b: Gourgeist|Poltergeist|p2b: Alcremie\n|-activate|p2b: Alcremie|move: Poltergeist|Iron Ball\n|-damage|p2b: Alcremie|0 fnt\n|faint|p2b: Alcremie\n|\n|win|cortepapayon\n|raw|cortepapayon's rating: 1113 &rarr; <strong>1137</strong><br />(+24 for winning)\n|raw|d1 rotom fan's rating: 1098 &rarr; <strong>1074</strong><br />(-24 for losing)\n|c|☆cortepapayon|ggs\n|c|☆d1 rotom fan|gg\n|l|☆d1 rotom fan\n|player|p2|\n","uploadtime":1788359563,"views":"4","formatid":"gen9championsvgc2026regmb","rating":1074,"private":0,"password":null}