{"id":"gen9championsvgc2026regmbbo3-2674071014","format":"[Gen 9 Champions] VGC 2026 Reg M-B (Bo3)","players":["dogpeg","bartcr0987"],"log":"|j|☆dogpeg\n|j|☆bartcr0987\n|html|<table width=\"100%\"><tr><td align=\"left\">dogpeg</td><td align=\"right\">bartcr0987</tr><tr><td align=\"left\"><i class=\"fa fa-circle\"></i> <i class=\"fa fa-circle-o\"></i> </td><td align=\"right\"><i class=\"fa fa-circle-o\"></i> <i class=\"fa fa-circle\"></i> </tr></table>\n|uhtml|bestof|<h2><strong>Game 3</strong> of <a href=\"/game-bestof3-gen9championsvgc2026regmbbo3-2674068232\">a best-of-3</a></h2>\n|t:|1788295190\n|gametype|doubles\n|player|p1|dogpeg|101|1368\n|player|p2|bartcr0987|2|1333\n|gen|9\n|tier|[Gen 9 Champions] VGC 2026 Reg M-B (Bo3)\n|rated|\n|rule|Species Clause: Limit one of each Pokémon\n|rule|Item Clause: Limit 1 of each item\n|clearpoke\n|poke|p1|Garchomp, L50, M|\n|poke|p1|Kingambit, L50, M|\n|poke|p1|Basculegion, L50, M|\n|poke|p1|Whimsicott, L50, F|\n|poke|p1|Charizard, L50, M|\n|poke|p1|Floette-Eternal, L50, F|\n|poke|p2|Charizard, L50, M, shiny|\n|poke|p2|Sneasler, L50, M, shiny|\n|poke|p2|Floette-Eternal, L50, F|\n|poke|p2|Kingambit, L50, F, shiny|\n|poke|p2|Farigiraf, L50, M|\n|poke|p2|Gliscor, L50, M|\n|teampreview|4\n|showteam|p1|Garchomp||LifeOrb|RoughSkin|Earthquake,DragonClaw,RockSlide,Protect|Jolly||M|||50|]Kingambit||ChopleBerry|Defiant|SuckerPunch,IronHead,LowKick,KowtowCleave|Adamant||M|||50|]Basculegion||ChoiceScarf|Adaptability|WaveCrash,LastRespects,AquaJet,FlipTurn|Jolly||M|||50|]Whimsicott||FocusSash|Prankster|Moonblast,Tailwind,Encore,Protect|Timid||F|||50|]Charizard||CharizarditeY|Blaze|HeatWave,AncientPower,SolarBeam,Protect|Modest||M|||50|]Floette-Eternal||Floettite|FlowerVeil|DazzlingGleam,Moonblast,LightofRuin,Protect|Modest||F|||50|\n|showteam|p2|Charizard||CharizarditeY|SolarPower|HeatWave,SolarBeam,WeatherBall,Protect|Modest||M|||50|]Sneasler||FocusSash|Unburden|DireClaw,CloseCombat,Protect,RockSlide|Jolly||M|||50|]Floette-Eternal||Floettite|FlowerVeil|Moonblast,DazzlingGleam,LightofRuin,Protect|Modest||F|||50|]Kingambit||ChopleBerry|Defiant|KowtowCleave,SuckerPunch,LowKick,Protect|Brave||F|||50|]Farigiraf||SitrusBerry|ArmorTail|TrickRoom,Protect,Psychic,Thunderbolt|Calm||M|||50|]Gliscor||LifeOrb|HyperCutter|Protect,HighHorsepower,Tailwind,DualWingbeat|Careful||M|||50|\n|inactive|Battle timer is ON: inactive players will automatically lose when time's up. (requested by bartcr0987)\n|\n|t:|1788295223\n|teamsize|p1|4\n|teamsize|p2|4\n|start\n|switch|p1a: Charizard|Charizard, L50, M|100/100\n|switch|p1b: Whimsicott|Whimsicott, L50, F|100/100\n|switch|p2a: Sneasler|Sneasler, L50, M, shiny|100/100\n|switch|p2b: Gliscor|Gliscor, L50, M|100/100\n|turn|1\n|inactive|dogpeg has 30 seconds left.\n|\n|t:|1788295255\n|switch|p1a: Basculegion|Basculegion, L50, M|100/100\n|move|p2a: Sneasler|Rock Slide|p1a: Basculegion|[spread] p1a,p1b\n|-damage|p1a: Basculegion|77/100\n|-damage|p1b: Whimsicott|70/100\n|move|p1b: Whimsicott|Moonblast|p2a: Sneasler\n|-damage|p2a: Sneasler|51/100\n|-unboost|p2a: Sneasler|spa|1\n|move|p2b: Gliscor|Tailwind|p2b: Gliscor\n|-sidestart|p2: bartcr0987|move: Tailwind\n|\n|upkeep\n|turn|2\n|\n|t:|1788295270\n|move|p2a: Sneasler|Protect|p2a: Sneasler\n|-singleturn|p2a: Sneasler|Protect\n|move|p1b: Whimsicott|Tailwind|p1b: Whimsicott\n|-sidestart|p1: dogpeg|move: Tailwind\n|move|p1a: Basculegion|Flip Turn|p2a: Sneasler\n|-activate|p2a: Sneasler|move: Protect\n|move|p2b: Gliscor|Dual Wingbeat|p1b: Whimsicott\n|-supereffective|p1b: Whimsicott|1\n|-damage|p1b: Whimsicott|17/100\n|-supereffective|p1b: Whimsicott|1\n|-damage|p1b: Whimsicott|0 fnt\n|faint|p1b: Whimsicott\n|-hitcount|p1: Whimsicott|2\n|-damage|p2b: Gliscor|90/100|[from] item: Life Orb\n|\n|upkeep\n|\n|t:|1788295273\n|switch|p1b: Charizard|Charizard, L50, M|100/100\n|turn|3\n|\n|t:|1788295292\n|switch|p2a: Kingambit|Kingambit, L50, F, shiny|100/100\n|detailschange|p1b: Charizard|Charizard-Mega-Y, L50, M\n|-mega|p1b: Charizard|Charizard|Charizardite Y\n|-weather|SunnyDay|[from] ability: Drought|[of] p1b: Charizard\n|move|p1a: Basculegion|Flip Turn|p2b: Gliscor\n|-supereffective|p2b: Gliscor|1\n|-damage|p2b: Gliscor|59/100\n|\n|t:|1788295301\n|switch|p1a: Kingambit|Kingambit, L50, M|100/100|[from] Flip Turn\n|move|p1b: Charizard|Heat Wave|p2a: Kingambit|[spread] p2a,p2b\n|-supereffective|p2a: Kingambit|1\n|-damage|p2a: Kingambit|0 fnt\n|-damage|p2b: Gliscor|0 fnt\n|faint|p2a: Kingambit\n|faint|p2b: Gliscor\n|\n|-weather|SunnyDay|[upkeep]\n|upkeep\n|\n|t:|1788295307\n|switch|p2b: Charizard|Charizard, L50, M, shiny|100/100\n|switch|p2a: Sneasler|Sneasler, L50, M, shiny|51/100\n|turn|4\n|inactive|bartcr0987 has 30 seconds left.\n|\n|t:|1788295334\n|detailschange|p2b: Charizard|Charizard-Mega-Y, L50, M, shiny\n|-mega|p2b: Charizard|Charizard|Charizardite Y\n|move|p1b: Charizard|Protect|p1b: Charizard\n|-singleturn|p1b: Charizard|Protect\n|move|p2a: Sneasler|Rock Slide|p1b: Charizard|[spread] \n|-activate|p1b: Charizard|move: Protect\n|-miss|p2a: Sneasler|p1a: Kingambit\n|move|p2b: Charizard|Heat Wave|p1b: Charizard|[spread] p1a\n|-activate|p1b: Charizard|move: Protect\n|-supereffective|p1a: Kingambit|1\n|-damage|p1a: Kingambit|0 fnt\n|faint|p1a: Kingambit\n|\n|-weather|SunnyDay|[upkeep]\n|-sideend|p2: bartcr0987|move: Tailwind\n|upkeep\n|\n|t:|1788295348\n|switch|p1a: Basculegion|Basculegion, L50, M|77/100\n|turn|5\n|\n|t:|1788295353\n|move|p2a: Sneasler|Protect|p2a: Sneasler\n|-singleturn|p2a: Sneasler|Protect\n|move|p1a: Basculegion|Last Respects|p2a: Sneasler\n|-activate|p2a: Sneasler|move: Protect\n|move|p1b: Charizard|Ancient Power|p2b: Charizard\n|-supereffective|p2b: Charizard|2\n|-damage|p2b: Charizard|7/100\n|move|p2b: Charizard|Solar Beam||[still]\n|-prepare|p2b: Charizard|Solar Beam\n|-anim|p2b: Charizard|Solar Beam|p1a: Basculegion\n|-supereffective|p1a: Basculegion|1\n|-damage|p1a: Basculegion|0 fnt\n|faint|p1a: Basculegion\n|\n|-weather|SunnyDay|[upkeep]\n|-sideend|p1: dogpeg|move: Tailwind\n|upkeep\n|turn|6\n|\n|t:|1788295369\n|move|p2a: Sneasler|Rock Slide|p1b: Charizard\n|-supereffective|p1b: Charizard|2\n|-damage|p1b: Charizard|0 fnt\n|faint|p1b: Charizard\n|\n|win|bartcr0987\n|raw|dogpeg's rating: 1368 &rarr; <strong>1346</strong><br />(-22 for losing)\n|raw|bartcr0987's rating: 1333 &rarr; <strong>1355</strong><br />(+22 for winning)\n|l|☆dogpeg\n|player|p1|\n","uploadtime":1788295418,"views":"21","formatid":"gen9championsvgc2026regmbbo3","rating":1346,"private":0,"password":null}