{"id":"gen9championsvgc2026regmb-2674011892","format":"[Gen 9 Champions] VGC 2026 Reg M-B","players":["testdigi","m4r71n3z"],"log":"|j|☆testdigi\n|j|☆m4r71n3z\n|t:|1788288029\n|gametype|doubles\n|player|p1|testdigi|169|1313\n|player|p2|m4r71n3z|cynthia|1403\n|gen|9\n|tier|[Gen 9 Champions] VGC 2026 Reg M-B\n|rated|\n|rule|Species Clause: Limit one of each Pokémon\n|rule|Item Clause: Limit 1 of each item\n|clearpoke\n|poke|p1|Staraptor, L50, F, shiny|\n|poke|p1|Kingambit, L50, F, shiny|\n|poke|p1|Sylveon, L50, M, shiny|\n|poke|p1|Raichu, L50, F|\n|poke|p1|Farigiraf, L50, F, shiny|\n|poke|p1|Basculegion, L50, M|\n|poke|p2|Umbreon, L50, F|\n|poke|p2|Scovillain, L50, F|\n|poke|p2|Sneasler, L50, M|\n|poke|p2|Vanilluxe, L50, M|\n|poke|p2|Garchomp, L50, M|\n|poke|p2|Basculegion, L50, M|\n|teampreview|4\n|\n|t:|1788288070\n|teamsize|p1|4\n|teamsize|p2|4\n|start\n|switch|p1a: Flower Man|Staraptor, L50, F, shiny|100/100\n|switch|p1b: Fridge|Farigiraf, L50, F, shiny|100/100\n|switch|p2a: Scovillain|Scovillain, L50, F|100/100\n|switch|p2b: Umbreon|Umbreon, L50, F|100/100\n|-ability|p1a: Flower Man|Intimidate|boost\n|-unboost|p2a: Scovillain|atk|1\n|-fail|p2b: Umbreon|unboost|Attack|[from] ability: Inner Focus|[of] p2b: Umbreon\n|turn|1\n|\n|t:|1788288090\n|detailschange|p1a: Flower Man|Staraptor-Mega, L50, F, shiny\n|-mega|p1a: Flower Man|Staraptor|Staraptite\n|detailschange|p2a: Scovillain|Scovillain-Mega, L50, F\n|-mega|p2a: Scovillain|Scovillain|Scovillainite\n|move|p1a: Flower Man|Tailwind|p1a: Flower Man\n|-sidestart|p1: testdigi|move: Tailwind\n|move|p1b: Fridge|Psychic|p2a: Scovillain\n|-damage|p2a: Scovillain|68/100\n|-status|p1b: Fridge|brn|[from] ability: Spicy Spray|[of] p2a: Scovillain\n|move|p2a: Scovillain|Spicy Extract|p1b: Fridge\n|-boost|p1b: Fridge|atk|2\n|-unboost|p1b: Fridge|def|2\n|move|p2b: Umbreon|Foul Play|p1b: Fridge\n|-supereffective|p1b: Fridge|1\n|-damage|p1b: Fridge|0 fnt\n|faint|p1b: Fridge\n|\n|upkeep\n|\n|t:|1788288110\n|switch|p1b: Raichu|Raichu, L50, F|100/100\n|turn|2\n|\n|t:|1788288123\n|move|p2a: Scovillain|Protect|p2a: Scovillain\n|-singleturn|p2a: Scovillain|Protect\n|move|p2b: Umbreon|Protect|p2b: Umbreon\n|-singleturn|p2b: Umbreon|Protect\n|move|p1b: Raichu|Fake Out|p2a: Scovillain\n|-activate|p2a: Scovillain|move: Protect\n|move|p1a: Flower Man|Close Combat|p2b: Umbreon\n|-activate|p2b: Umbreon|move: Protect\n|\n|upkeep\n|turn|3\n|\n|t:|1788288140\n|switch|p2b: Sneasler|Sneasler, L50, M|100/100\n|move|p1a: Flower Man|Dual Wingbeat|p2a: Scovillain\n|-supereffective|p2a: Scovillain|1\n|-damage|p2a: Scovillain|26/100\n|-status|p1a: Flower Man|brn|[from] ability: Spicy Spray|[of] p2a: Scovillain\n|-supereffective|p2a: Scovillain|1\n|-damage|p2a: Scovillain|4/100\n|-hitcount|p2a: Scovillain|2\n|move|p1b: Raichu|Focus Blast|p2b: Sneasler|[miss]\n|-miss|p1b: Raichu|p2b: Sneasler\n|move|p2a: Scovillain|Spicy Extract|p2b: Sneasler\n|-boost|p2b: Sneasler|atk|2\n|-unboost|p2b: Sneasler|def|2\n|-enditem|p2b: Sneasler|White Herb\n|-clearnegativeboost|p2b: Sneasler|[silent]\n|\n|-damage|p1a: Flower Man|94/100 brn|[from] brn\n|upkeep\n|turn|4\n|\n|t:|1788288165\n|move|p1a: Flower Man|Close Combat|p2b: Sneasler\n|-resisted|p2b: Sneasler|1\n|-damage|p2b: Sneasler|75/100\n|-boost|p1a: Flower Man|def|1\n|-boost|p1a: Flower Man|spd|1\n|move|p1b: Raichu|Focus Blast|p2b: Sneasler\n|-resisted|p2b: Sneasler|1\n|-damage|p2b: Sneasler|58/100\n|move|p2b: Sneasler|Dire Claw|p1a: Flower Man\n|-damage|p1a: Flower Man|41/100 brn\n|move|p2a: Scovillain|Overheat|p1b: Raichu\n|-damage|p1b: Raichu|24/100\n|-unboost|p2a: Scovillain|spa|2\n|\n|-damage|p1a: Flower Man|35/100 brn|[from] brn\n|-sideend|p1: testdigi|move: Tailwind\n|upkeep\n|turn|5\n|\n|t:|1788288181\n|move|p2b: Sneasler|Dire Claw|p1a: Flower Man\n|-damage|p1a: Flower Man|0 fnt\n|faint|p1a: Flower Man\n|move|p1b: Raichu|Focus Blast|p2a: Scovillain\n|-damage|p2a: Scovillain|0 fnt\n|-status|p1b: Raichu|brn|[from] ability: Spicy Spray|[of] p2a: Scovillain\n|faint|p2a: Scovillain\n|\n|-damage|p1b: Raichu|18/100 brn|[from] brn\n|upkeep\n|\n|t:|1788288189\n|switch|p1a: Sadie Sink|Sylveon, L50, M, shiny|100/100\n|switch|p2a: Umbreon|Umbreon, L50, F|100/100\n|turn|6\n|-message|testdigi forfeited.\n|\n|win|m4r71n3z\n","uploadtime":1788288031,"views":"0","formatid":"gen9championsvgc2026regmb","rating":null,"private":0,"password":null}