{"id":"gen9championsvgc2026regmb-2674950166","format":"[Gen 9 Champions] VGC 2026 Reg M-B","players":["prof.raven_d0708","Ohio Bones"],"log":"|j|☆prof.raven_d0708\n|j|☆Ohio Bones\n|t:|1788440810\n|gametype|doubles\n|player|p1|prof.raven_d0708|roxie|1190\n|player|p2|Ohio Bones|ruinmaniac|1091\n|gen|9\n|tier|[Gen 9 Champions] VGC 2026 Reg M-B\n|rated|\n|rule|Species Clause: Limit one of each Pokémon\n|rule|Item Clause: Limit 1 of each item\n|clearpoke\n|poke|p1|Gyarados, L50, M|\n|poke|p1|Garchomp, L50, M|\n|poke|p1|Volcarona, L50, F|\n|poke|p1|Gardevoir, L50, M|\n|poke|p1|Sneasler, L50, F|\n|poke|p1|Raichu, L50, F|\n|poke|p2|Chimecho, L50, F|\n|poke|p2|Primarina, L50, F|\n|poke|p2|Garchomp, L50, M|\n|poke|p2|Ninetales-Alola, L50, M|\n|poke|p2|Raichu, L50, M|\n|poke|p2|Incineroar, L50, M|\n|teampreview|4\n|\n|t:|1788440864\n|teamsize|p1|4\n|teamsize|p2|4\n|start\n|switch|p1a: Gyarados|Gyarados, L50, M|100/100\n|switch|p1b: Volcarona|Volcarona, L50, F|100/100\n|switch|p2a: Ninetales|Ninetales-Alola, L50, M|100/100\n|switch|p2b: Chimecho|Chimecho, L50, F|100/100\n|-weather|Snowscape|[from] ability: Snow Warning|[of] p2a: Ninetales\n|-ability|p1a: Gyarados|Intimidate|boost\n|-unboost|p2a: Ninetales|atk|1\n|-unboost|p2b: Chimecho|atk|1\n|turn|1\n|\n|t:|1788440905\n|switch|p2b: Incineroar|Incineroar, L50, M|100/100\n|-ability|p2b: Incineroar|Intimidate|boost\n|-unboost|p1a: Gyarados|atk|1\n|-unboost|p1b: Volcarona|atk|1\n|detailschange|p1a: Gyarados|Gyarados-Mega, L50, M\n|-mega|p1a: Gyarados|Gyarados|Gyaradosite\n|-ability|p1a: Gyarados|Mold Breaker\n|move|p1b: Volcarona|Rage Powder|p1b: Volcarona\n|-singleturn|p1b: Volcarona|move: Rage Powder\n|move|p2a: Ninetales|Freeze-Dry|p1b: Volcarona\n|-resisted|p1b: Volcarona|1\n|-damage|p1b: Volcarona|87/100\n|move|p1a: Gyarados|Dragon Dance|p1a: Gyarados\n|-boost|p1a: Gyarados|atk|1\n|-boost|p1a: Gyarados|spe|1\n|\n|-weather|Snowscape|[upkeep]\n|upkeep\n|turn|2\n|\n|t:|1788440946\n|move|p1a: Gyarados|Protect|p1a: Gyarados\n|-singleturn|p1a: Gyarados|Protect\n|move|p2b: Incineroar|Fake Out|p1b: Volcarona\n|-damage|p1b: Volcarona|76/100\n|move|p2a: Ninetales|Freeze-Dry|p1a: Gyarados\n|-activate|p1a: Gyarados|move: Protect\n|cant|p1b: Volcarona|flinch\n|\n|-weather|Snowscape|[upkeep]\n|upkeep\n|turn|3\n|\n|t:|1788440960\n|move|p1b: Volcarona|Rage Powder|p1b: Volcarona\n|-singleturn|p1b: Volcarona|move: Rage Powder\n|move|p1a: Gyarados|Dragon Dance|p1a: Gyarados\n|-boost|p1a: Gyarados|atk|1\n|-boost|p1a: Gyarados|spe|1\n|move|p2a: Ninetales|Aurora Veil|p2a: Ninetales\n|-sidestart|p2: Ohio Bones|move: Aurora Veil\n|move|p2b: Incineroar|Parting Shot|p1b: Volcarona\n|-unboost|p1b: Volcarona|atk|1\n|-unboost|p1b: Volcarona|spa|1\n|\n|t:|1788440969\n|switch|p2b: Chimecho|Chimecho, L50, F|100/100|[from] Parting Shot\n|\n|-weather|Snowscape|[upkeep]\n|upkeep\n|turn|4\n|\n|t:|1788441012\n|switch|p2a: Incineroar|Incineroar, L50, M|100/100\n|-ability|p2a: Incineroar|Intimidate|boost\n|-unboost|p1a: Gyarados|atk|1\n|-unboost|p1b: Volcarona|atk|1\n|detailschange|p2b: Chimecho|Chimecho-Mega, L50, F\n|-mega|p2b: Chimecho|Chimecho|Chimechite\n|move|p1b: Volcarona|Rage Powder|p1b: Volcarona\n|-singleturn|p1b: Volcarona|move: Rage Powder\n|move|p1a: Gyarados|Waterfall|p2a: Incineroar\n|-supereffective|p2a: Incineroar|1\n|-damage|p2a: Incineroar|28/100\n|move|p2b: Chimecho|Trick Room|p2b: Chimecho\n|-fieldstart|move: Trick Room|[of] p2b: Chimecho\n|\n|-weather|Snowscape|[upkeep]\n|upkeep\n|turn|5\n|\n|t:|1788441051\n|move|p2a: Incineroar|Darkest Lariat|p1b: Volcarona\n|-damage|p1b: Volcarona|38/100\n|move|p2b: Chimecho|Psychic|p1b: Volcarona\n|-damage|p1b: Volcarona|0 fnt\n|faint|p1b: Volcarona\n|move|p1a: Gyarados|Bite|p2b: Chimecho\n|-supereffective|p2b: Chimecho|1\n|-damage|p2b: Chimecho|55/100\n|\n|-weather|none\n|upkeep\n|\n|t:|1788441063\n|switch|p1b: Sneasler|Sneasler, L50, F|100/100\n|turn|6\n|\n|t:|1788441077\n|move|p1b: Sneasler|Fake Out|p2b: Chimecho\n|-resisted|p2b: Chimecho|1\n|-damage|p2b: Chimecho|51/100\n|move|p2a: Incineroar|Parting Shot|p1a: Gyarados\n|-unboost|p1a: Gyarados|atk|1\n|-unboost|p1a: Gyarados|spa|1\n|\n|t:|1788441083\n|switch|p2a: Ninetales|Ninetales-Alola, L50, M|100/100|[from] Parting Shot\n|-weather|Snowscape|[from] ability: Snow Warning|[of] p2a: Ninetales\n|cant|p2b: Chimecho|flinch\n|move|p1a: Gyarados|Waterfall|p2a: Ninetales\n|-damage|p2a: Ninetales|77/100\n|\n|-weather|Snowscape|[upkeep]\n|upkeep\n|turn|7\n|\n|t:|1788441099\n|switch|p1a: Gardevoir|Gardevoir, L50, M|100/100\n|move|p2b: Chimecho|Psychic|p1b: Sneasler\n|-supereffective|p1b: Sneasler|2\n|-enditem|p1b: Sneasler|Focus Sash\n|-damage|p1b: Sneasler|1/100\n|move|p2a: Ninetales|Freeze-Dry|p1a: Gardevoir\n|-damage|p1a: Gardevoir|62/100\n|move|p1b: Sneasler|Dire Claw|p2a: Ninetales\n|-supereffective|p2a: Ninetales|1\n|-damage|p2a: Ninetales|18/100\n|-status|p2a: Ninetales|slp\n|\n|-weather|Snowscape|[upkeep]\n|-sideend|p2: Ohio Bones|move: Aurora Veil\n|upkeep\n|turn|8\n|\n|t:|1788441124\n|move|p1b: Sneasler|Protect|p1b: Sneasler\n|-singleturn|p1b: Sneasler|Protect\n|move|p2b: Chimecho|Flash Cannon|p1a: Gardevoir\n|-supereffective|p1a: Gardevoir|1\n|-damage|p1a: Gardevoir|0 fnt\n|faint|p1a: Gardevoir\n|cant|p2a: Ninetales|slp\n|\n|-weather|Snowscape|[upkeep]\n|-fieldend|move: Trick Room\n|upkeep\n|\n|t:|1788441133\n|switch|p1a: Gyarados|Gyarados-Mega, L50, M|100/100\n|-ability|p1a: Gyarados|Mold Breaker\n|turn|9\n|\n|t:|1788441166\n|move|p1b: Sneasler|Close Combat|p2a: Ninetales\n|-damage|p2a: Ninetales|0 fnt\n|-unboost|p1b: Sneasler|def|1\n|-unboost|p1b: Sneasler|spd|1\n|faint|p2a: Ninetales\n|move|p1a: Gyarados|Bite|p2b: Chimecho\n|-supereffective|p2b: Chimecho|1\n|-damage|p2b: Chimecho|0 fnt\n|faint|p2b: Chimecho\n|\n|-weather|Snowscape|[upkeep]\n|upkeep\n|\n|t:|1788441176\n|switch|p2a: Garchomp|Garchomp, L50, M|100/100\n|switch|p2b: Incineroar|Incineroar, L50, M|28/100\n|-ability|p2b: Incineroar|Intimidate|boost\n|-unboost|p1a: Gyarados|atk|1\n|-unboost|p1b: Sneasler|atk|1\n|turn|10\n|\n|t:|1788441184\n|move|p1b: Sneasler|Protect|p1b: Sneasler\n|-singleturn|p1b: Sneasler|Protect\n|move|p1a: Gyarados|Protect|p1a: Gyarados\n|-singleturn|p1a: Gyarados|Protect\n|move|p2b: Incineroar|Fake Out|p1b: Sneasler\n|-activate|p1b: Sneasler|move: Protect\n|move|p2a: Garchomp|Dragon Claw|p1a: Gyarados\n|-activate|p1a: Gyarados|move: Protect\n|\n|-weather|none\n|upkeep\n|turn|11\n|\n|t:|1788441215\n|move|p1b: Sneasler|Close Combat|p2b: Incineroar\n|-supereffective|p2b: Incineroar|1\n|-enditem|p2b: Incineroar|Chople Berry|[eat]\n|-enditem|p2b: Incineroar|Chople Berry|[weaken]\n|-damage|p2b: Incineroar|0 fnt\n|-unboost|p1b: Sneasler|def|1\n|-unboost|p1b: Sneasler|spd|1\n|faint|p2b: Incineroar\n|move|p2a: Garchomp|Dragon Claw|p1b: Sneasler\n|-damage|p1b: Sneasler|0 fnt\n|faint|p1b: Sneasler\n|-damage|p2a: Garchomp|90/100|[from] item: Life Orb\n|move|p1a: Gyarados|Dragon Dance|p1a: Gyarados\n|-boost|p1a: Gyarados|atk|1\n|-boost|p1a: Gyarados|spe|1\n|\n|upkeep\n|turn|12\n|\n|t:|1788441231\n|move|p1a: Gyarados|Waterfall|p2a: Garchomp\n|-damage|p2a: Garchomp|39/100\n|-damage|p1a: Gyarados|87/100|[from] ability: Rough Skin|[of] p2a: Garchomp\n|move|p2a: Garchomp|Earthquake|p1a: Gyarados\n|-damage|p1a: Gyarados|17/100\n|-damage|p2a: Garchomp|29/100|[from] item: Life Orb\n|\n|upkeep\n|turn|13\n|\n|t:|1788441240\n|move|p2a: Garchomp|Endure|p2a: Garchomp\n|-singleturn|p2a: Garchomp|move: Endure\n|move|p1a: Gyarados|Waterfall|p2a: Garchomp\n|-activate|p2a: Garchomp|move: Endure\n|-damage|p2a: Garchomp|1/100\n|-damage|p1a: Gyarados|5/100|[from] ability: Rough Skin|[of] p2a: Garchomp\n|\n|upkeep\n|turn|14\n|\n|t:|1788441250\n|move|p2a: Garchomp|Endure|p2a: Garchomp\n|-singleturn|p2a: Garchomp|move: Endure\n|move|p1a: Gyarados|Bite|p2a: Garchomp\n|-activate|p2a: Garchomp|move: Endure\n|-damage|p2a: Garchomp|1/100\n|-damage|p1a: Gyarados|0 fnt|[from] ability: Rough Skin|[of] p2a: Garchomp\n|faint|p1a: Gyarados\n|\n|win|Ohio Bones\n|raw|prof.raven_d0708's rating: 1190 &rarr; <strong>1158</strong><br />(-32 for losing)\n|raw|Ohio Bones's rating: 1091 &rarr; <strong>1125</strong><br />(+34 for winning)\n|l|☆Ohio Bones\n|player|p2|\n","uploadtime":1788441265,"views":"2","formatid":"gen9championsvgc2026regmb","rating":1125,"private":0,"password":null}