{"id":"gen9championsvgc2026regmb-2674264737","format":"[Gen 9 Champions] VGC 2026 Reg M-B","players":["Idennn","Thornlace48812"],"log":"|j|☆Idennn\n|j|☆Thornlace48812\n|t:|1788326646\n|gametype|doubles\n|player|p1|Idennn|rosa|1162\n|player|p2|Thornlace48812|1|1128\n|gen|9\n|tier|[Gen 9 Champions] VGC 2026 Reg M-B\n|rated|\n|rule|Species Clause: Limit one of each Pokémon\n|rule|Item Clause: Limit 1 of each item\n|clearpoke\n|poke|p1|Tyranitar, L50, M|\n|poke|p1|Greninja, L50, M, shiny|\n|poke|p1|Noivern, L50, M|\n|poke|p1|Sableye, L50, F|\n|poke|p1|Metagross, L50, shiny|\n|poke|p1|Chandelure, L50, M|\n|poke|p2|Garchomp, L50, M|\n|poke|p2|Charizard, L50, F|\n|poke|p2|Whimsicott, L50, F|\n|poke|p2|Sylveon, L50, M|\n|poke|p2|Kingambit, L50, F|\n|poke|p2|Basculegion, L50, M|\n|teampreview|4\n|inactive|Battle timer is ON: inactive players will automatically lose when time's up. (requested by Thornlace48812)\nThornlace48812 rejected open team sheets.\n|inactive|Idennn has 60 seconds left.\n|\n|t:|1788326702\n|teamsize|p1|4\n|teamsize|p2|4\n|start\n|switch|p1a: Gremlin ahh|Sableye, L50, F|100/100\n|switch|p1b: Chandelure|Chandelure, L50, M|100/100\n|switch|p2a: Charizard|Charizard, L50, F|100/100\n|switch|p2b: Kingambit|Kingambit, L50, F|100/100\n|turn|1\n|\n|t:|1788326711\n|move|p2a: Charizard|Protect|p2a: Charizard\n|-singleturn|p2a: Charizard|Protect\n|move|p1a: Gremlin ahh|Fake Out|p2b: Kingambit\n|-resisted|p2b: Kingambit|1\n|-damage|p2b: Kingambit|97/100\n|cant|p2b: Kingambit|flinch\n|move|p1b: Chandelure|Heat Wave|p2b: Kingambit|[spread] \n|-activate|p2a: Charizard|move: Protect\n|-miss|p1b: Chandelure|p2b: Kingambit\n|\n|upkeep\n|turn|2\n|\n|t:|1788326731\n|switch|p1a: Greninja|Greninja, L50, M, shiny|100/100\n|detailschange|p2a: Charizard|Charizard-Mega-Y, L50, F\n|-mega|p2a: Charizard|Charizard|Charizardite Y\n|-weather|SunnyDay|[from] ability: Drought|[of] p2a: Charizard\n|move|p2a: Charizard|Heat Wave|p1b: Chandelure|[spread] p1a\n|-start|p1b: Chandelure|ability: Flash Fire\n|-resisted|p1a: Greninja|1\n|-damage|p1a: Greninja|48/100\n|move|p2b: Kingambit|Low Kick|p1a: Greninja\n|-supereffective|p1a: Greninja|1\n|-damage|p1a: Greninja|0 fnt\n|faint|p1a: Greninja\n|move|p1b: Chandelure|Heat Wave|p2b: Kingambit|[spread] p2a,p2b\n|-resisted|p2a: Charizard|1\n|-supereffective|p2b: Kingambit|1\n|-damage|p2a: Charizard|56/100\n|-damage|p2b: Kingambit|0 fnt\n|faint|p2b: Kingambit\n|-end|p2b: Kingambit|fallenundefined|[silent]\n|\n|-weather|SunnyDay|[upkeep]\n|upkeep\n|\n|t:|1788326743\n|switch|p1a: Tyranitar|Tyranitar, L50, M|100/100\n|switch|p2b: Whimsicott|Whimsicott, L50, F|100/100\n|-weather|Sandstorm|[from] ability: Sand Stream|[of] p1a: Tyranitar\n|turn|3\n|\n|t:|1788326749\n|move|p2a: Charizard|Protect|p2a: Charizard\n|-singleturn|p2a: Charizard|Protect\n|move|p2b: Whimsicott|Moonblast|p1a: Tyranitar\n|-supereffective|p1a: Tyranitar|1\n|-damage|p1a: Tyranitar|58/100\n|move|p1b: Chandelure|Heat Wave|p2a: Charizard|[spread] p2b\n|-activate|p2a: Charizard|move: Protect\n|-supereffective|p2b: Whimsicott|1\n|-enditem|p2b: Whimsicott|Focus Sash\n|-damage|p2b: Whimsicott|1/100\n|move|p1a: Tyranitar|Rock Slide|p2a: Charizard|[spread] p2b\n|-activate|p2a: Charizard|move: Protect\n|-damage|p2b: Whimsicott|0 fnt\n|faint|p2b: Whimsicott\n|\n|-weather|Sandstorm|[upkeep]\n|-damage|p2a: Charizard|50/100g|[from] Sandstorm\n|-damage|p1b: Chandelure|94/100|[from] Sandstorm\n|upkeep\n|\n|t:|1788326749\n|switch|p2b: Basculegion|Basculegion, L50, M|100/100\n|turn|4\n|\n|t:|1788326760\n|move|p1a: Tyranitar|Protect|p1a: Tyranitar\n|-singleturn|p1a: Tyranitar|Protect\n|move|p2a: Charizard|Heat Wave|p1b: Chandelure|[spread] \n|-activate|p1a: Tyranitar|move: Protect\n|-immune|p1b: Chandelure|[from] ability: Flash Fire\n|move|p2b: Basculegion|Last Respects|p1a: Tyranitar\n|-activate|p1a: Tyranitar|move: Protect\n|move|p1b: Chandelure|Shadow Ball|p2b: Basculegion\n|-supereffective|p2b: Basculegion|1\n|-damage|p2b: Basculegion|9/100\n|\n|-weather|Sandstorm|[upkeep]\n|-damage|p2a: Charizard|44/100|[from] Sandstorm\n|-damage|p2b: Basculegion|3/100|[from] Sandstorm\n|-damage|p1b: Chandelure|88/100|[from] Sandstorm\n|upkeep\n|turn|5\n|\n|t:|1788326773\n|move|p2a: Charizard|Heat Wave|p1b: Chandelure|[spread] p1a\n|-immune|p1b: Chandelure|[from] ability: Flash Fire\n|-resisted|p1a: Tyranitar|1\n|-damage|p1a: Tyranitar|45/100\n|move|p2b: Basculegion|Last Respects|p1b: Chandelure\n|-supereffective|p1b: Chandelure|1\n|-damage|p1b: Chandelure|0 fnt\n|faint|p1b: Chandelure\n|move|p1a: Tyranitar|Rock Slide|p2b: Basculegion|[spread] p2a,p2b\n|-supereffective|p2a: Charizard|2\n|-damage|p2a: Charizard|0 fnt\n|-damage|p2b: Basculegion|0 fnt\n|faint|p2a: Charizard\n|faint|p2b: Basculegion\n|\n|win|Idennn\n|raw|Idennn's rating: 1162 &rarr; <strong>1184</strong><br />(+22 for winning)\n|raw|Thornlace48812's rating: 1123 &rarr; <strong>1101</strong><br />(-22 for losing)\n","uploadtime":1788326773,"views":"1","formatid":"gen9championsvgc2026regmb","rating":1101,"private":0,"password":null}