{"id":"gen9championsvgc2026regmbbo3-2674295235","format":"[Gen 9 Champions] VGC 2026 Reg M-B (Bo3)","players":["Jorge Saltamontes","ZMegasOnFraudWatch"],"log":"|j|☆Jorge Saltamontes\n|j|☆ZMegasOnFraudWatch\n|html|<table width=\"100%\"><tr><td align=\"left\">Jorge Saltamontes</td><td align=\"right\">ZMegasOnFraudWatch</tr><tr><td align=\"left\"><i class=\"fa fa-circle\"></i> <i class=\"fa fa-circle-o\"></i> </td><td align=\"right\"><i class=\"fa fa-circle-o\"></i> <i class=\"fa fa-circle\"></i> </tr></table>\n|uhtml|bestof|<h2><strong>Game 3</strong> of <a href=\"/game-bestof3-gen9championsvgc2026regmbbo3-2674292835\">a best-of-3</a></h2>\n|t:|1788334194\n|gametype|doubles\n|player|p1|Jorge Saltamontes|marshal|1450\n|player|p2|ZMegasOnFraudWatch|psychic-gen2|1333\n|gen|9\n|tier|[Gen 9 Champions] VGC 2026 Reg M-B (Bo3)\n|rated|\n|rule|Species Clause: Limit one of each Pokémon\n|rule|Item Clause: Limit 1 of each item\n|clearpoke\n|poke|p1|Charizard, L50, F|\n|poke|p1|Garchomp, L50, M|\n|poke|p1|Incineroar, L50, M|\n|poke|p1|Venusaur, L50, M|\n|poke|p1|Toxapex, L50, M|\n|poke|p1|Sylveon, L50, F|\n|poke|p2|Whimsicott, L50, F|\n|poke|p2|Floette-Eternal, L50, F|\n|poke|p2|Charizard, L50, M|\n|poke|p2|Garchomp, L50, M|\n|poke|p2|Kingambit, L50, F|\n|poke|p2|Basculegion, L50, M|\n|teampreview|4\n|showteam|p1|Charizard||CharizarditeY|Blaze|WeatherBall,HeatWave,AncientPower,Protect|Modest||F|||50|]Garchomp||ChoiceScarf|RoughSkin|RockSlide,DragonClaw,Earthquake,StompingTantrum|Adamant||M|||50|]Incineroar||SitrusBerry|Intimidate|FlareBlitz,FakeOut,Protect,PartingShot|Impish||M|||50|]Venusaur||FocusSash|Chlorophyll|SludgeBomb,SleepPowder,EarthPower,Protect|Modest||M|||50|]Toxapex||Leftovers|Regenerator|Infestation,Toxic,WideGuard,BanefulBunker|Bold||M|||50|]Sylveon||FairyFeather|Pixilate|HyperVoice,QuickAttack,Yawn,Detect|Modest||F|||50|\n|showteam|p2|Whimsicott||FocusSash|Prankster|Tailwind,Encore,Moonblast,Protect|Timid||F|||50|]Floette-Eternal||Floettite|FlowerVeil|LightofRuin,Moonblast,DazzlingGleam,Protect|Modest||F|||50|]Charizard||CharizarditeY|Blaze|HeatWave,WeatherBall,AncientPower,Protect|Timid||M|||50|]Garchomp||SitrusBerry|RoughSkin|Earthquake,DragonClaw,RockSlide,Protect|Jolly||M|||50|]Kingambit||OccaBerry|Defiant|KowtowCleave,SuckerPunch,IronHead,LowKick|Adamant||F|||50|]Basculegion||LifeOrb|Adaptability|WaveCrash,LastRespects,AquaJet,Protect|Adamant||M|||50|\n|\n|t:|1788334215\n|teamsize|p1|4\n|teamsize|p2|4\n|start\n|switch|p1a: Toxapex|Toxapex, L50, M|100/100\n|switch|p1b: Sylveon|Sylveon, L50, F|100/100\n|switch|p2a: Charizard|Charizard, L50, M|100/100\n|switch|p2b: Kingambit|Kingambit, L50, F|100/100\n|turn|1\n|\n|t:|1788334233\n|detailschange|p2a: Charizard|Charizard-Mega-Y, L50, M\n|-mega|p2a: Charizard|Charizard|Charizardite Y\n|-weather|SunnyDay|[from] ability: Drought|[of] p2a: Charizard\n|move|p2a: Charizard|Ancient Power|p1a: Toxapex\n|-damage|p1a: Toxapex|83/100\n|move|p2b: Kingambit|Iron Head|p1b: Sylveon\n|-supereffective|p1b: Sylveon|1\n|-damage|p1b: Sylveon|11/100\n|move|p1b: Sylveon|Hyper Voice|p2a: Charizard|[spread] p2a,p2b\n|-resisted|p2a: Charizard|1\n|-damage|p2a: Charizard|78/100\n|-damage|p2b: Kingambit|51/100\n|move|p1a: Toxapex|Infestation|p2b: Kingambit\n|-damage|p2b: Kingambit|48/100\n|-activate|p2b: Kingambit|move: Infestation|[of] p1a: Toxapex\n|\n|-weather|SunnyDay|[upkeep]\n|-heal|p1a: Toxapex|89/100|[from] item: Leftovers\n|-damage|p2b: Kingambit|36/100|[from] move: Infestation|[partiallytrapped]\n|upkeep\n|turn|2\n|\n|t:|1788334252\n|move|p1b: Sylveon|Detect|p1b: Sylveon\n|-singleturn|p1b: Sylveon|Protect\n|move|p2a: Charizard|Ancient Power|p1b: Sylveon\n|-activate|p1b: Sylveon|move: Protect\n|move|p2b: Kingambit|Kowtow Cleave|p1a: Toxapex\n|-damage|p1a: Toxapex|58/100\n|move|p1a: Toxapex|Infestation|p2a: Charizard\n|-resisted|p2a: Charizard|2\n|-damage|p2a: Charizard|78/100\n|-activate|p2a: Charizard|move: Infestation|[of] p1a: Toxapex\n|\n|-weather|SunnyDay|[upkeep]\n|-heal|p1a: Toxapex|64/100|[from] item: Leftovers\n|-damage|p2a: Charizard|66/100|[from] move: Infestation|[partiallytrapped]\n|-damage|p2b: Kingambit|24/100|[from] move: Infestation|[partiallytrapped]\n|upkeep\n|turn|3\n|\n|t:|1788334271\n|-heal|p1a: Toxapex|97/100|[from] ability: Regenerator|[silent]\n|switch|p1a: Garchomp|Garchomp, L50, M|100/100\n|move|p1b: Sylveon|Quick Attack|p2b: Kingambit\n|-damage|p2b: Kingambit|13/100\n|move|p2a: Charizard|Heat Wave|p1b: Sylveon|[spread] p1a,p1b\n|-resisted|p1a: Garchomp|1\n|-damage|p1a: Garchomp|68/100\n|-damage|p1b: Sylveon|0 fnt\n|faint|p1b: Sylveon\n|move|p2b: Kingambit|Kowtow Cleave|p1a: Garchomp\n|-damage|p1a: Garchomp|26/100\n|-damage|p2b: Kingambit|1/100|[from] ability: Rough Skin|[of] p1a: Garchomp\n|\n|-weather|SunnyDay|[upkeep]\n|-end|p2a: Charizard|Infestation|[partiallytrapped]|[silent]\n|-end|p2b: Kingambit|Infestation|[partiallytrapped]|[silent]\n|upkeep\n|\n|t:|1788334289\n|switch|p1b: Toxapex|Toxapex, L50, M|97/100\n|turn|4\n|\n|t:|1788334293\n|switch|p1a: Charizard|Charizard, L50, F|100/100\n|move|p2b: Kingambit|Sucker Punch||[still]\n|-fail|p2b: Kingambit\n|move|p2a: Charizard|Ancient Power|p1a: Charizard\n|-supereffective|p1a: Charizard|2\n|-damage|p1a: Charizard|0 fnt\n|faint|p1a: Charizard\n|move|p1b: Toxapex|Infestation|p2b: Kingambit\n|-damage|p2b: Kingambit|0 fnt\n|faint|p2b: Kingambit\n|\n|-weather|SunnyDay|[upkeep]\n|-heal|p1b: Toxapex|100/100|[from] item: Leftovers\n|upkeep\n|\n|t:|1788334299\n|switch|p1a: Garchomp|Garchomp, L50, M|26/100\n|switch|p2b: Garchomp|Garchomp, L50, M|100/100\n|turn|5\n|\n|t:|1788334316\n|switch|p2a: Whimsicott|Whimsicott, L50, F|100/100\n|move|p2b: Garchomp|Protect|p2b: Garchomp\n|-singleturn|p2b: Garchomp|Protect\n|move|p1a: Garchomp|Dragon Claw|p2b: Garchomp\n|-activate|p2b: Garchomp|move: Protect\n|move|p1b: Toxapex|Toxic|p2b: Garchomp\n|-activate|p2b: Garchomp|move: Protect\n|\n|-weather|none\n|upkeep\n|turn|6\n|\n|t:|1788334324\n|move|p2a: Whimsicott|Tailwind|p2a: Whimsicott\n|-sidestart|p2: ZMegasOnFraudWatch|move: Tailwind\n|move|p2b: Garchomp|Dragon Claw|p1a: Garchomp\n|-supereffective|p1a: Garchomp|1\n|-damage|p1a: Garchomp|0 fnt\n|-damage|p2b: Garchomp|87/100|[from] ability: Rough Skin|[of] p1a: Garchomp\n|faint|p1a: Garchomp\n|move|p1b: Toxapex|Toxic|p2b: Garchomp\n|-status|p2b: Garchomp|tox\n|\n|-damage|p2b: Garchomp|82/100 tox|[from] psn\n|upkeep\n|turn|7\n|\n|t:|1788334333\n|move|p2a: Whimsicott|Encore|p1b: Toxapex\n|-start|p1b: Toxapex|Encore\n|move|p2b: Garchomp|Dragon Claw|p1b: Toxapex\n|-damage|p1b: Toxapex|77/100\n|move|p1b: Toxapex|Toxic|p2a: Whimsicott\n|-status|p2a: Whimsicott|tox\n|\n|-heal|p1b: Toxapex|82/100|[from] item: Leftovers\n|-damage|p2a: Whimsicott|94/100 tox|[from] psn\n|-damage|p2b: Garchomp|70/100 tox|[from] psn\n|upkeep\n|turn|8\n|\n|t:|1788334341\n|move|p2a: Whimsicott|Moonblast|p1b: Toxapex\n|-resisted|p1b: Toxapex|1\n|-damage|p1b: Toxapex|70/100\n|move|p2b: Garchomp|Earthquake|p1b: Toxapex|[spread] p2a,p1b\n|-resisted|p2a: Whimsicott|1\n|-crit|p2a: Whimsicott\n|-supereffective|p1b: Toxapex|1\n|-damage|p2a: Whimsicott|56/100 tox\n|-damage|p1b: Toxapex|24/100\n|move|p1b: Toxapex|Toxic|p2a: Whimsicott\n|-fail|p2a: Whimsicott|tox\n|\n|-heal|p1b: Toxapex|29/100|[from] item: Leftovers\n|-damage|p2a: Whimsicott|44/100 tox|[from] psn\n|-damage|p2b: Garchomp|52/100 tox|[from] psn\n|upkeep\n|turn|9\n|\n|t:|1788334346\n|move|p2a: Whimsicott|Moonblast|p1b: Toxapex\n|-resisted|p1b: Toxapex|1\n|-damage|p1b: Toxapex|17/100\n|move|p2b: Garchomp|Earthquake|p1b: Toxapex|[spread] p2a,p1b\n|-resisted|p2a: Whimsicott|1\n|-supereffective|p1b: Toxapex|1\n|-crit|p1b: Toxapex\n|-damage|p2a: Whimsicott|19/100 tox\n|-damage|p1b: Toxapex|0 fnt\n|faint|p1b: Toxapex\n|\n|win|ZMegasOnFraudWatch\n","uploadtime":1788334198,"views":"2","formatid":"gen9championsvgc2026regmbbo3","rating":null,"private":0,"password":null}