{"id":"gen9championsvgc2026regmbbo3-2673784894","format":"[Gen 9 Champions] VGC 2026 Reg M-B (Bo3)","players":["kingsrowbajax","SALIKX66"],"log":"|j|☆kingsrowbajax\n|j|☆SALIKX66\n|html|<table width=\"100%\"><tr><td align=\"left\">kingsrowbajax</td><td align=\"right\">SALIKX66</tr><tr><td align=\"left\"><i class=\"fa fa-circle-o\"></i> <i class=\"fa fa-circle-o\"></i> </td><td align=\"right\"><i class=\"fa fa-circle-o\"></i> <i class=\"fa fa-circle-o\"></i> </tr></table>\n|uhtml|bestof|<h2><strong>Game 1</strong> of <a href=\"/game-bestof3-gen9championsvgc2026regmbbo3-2673784893\">a best-of-3</a></h2>\n|t:|1788256006\n|gametype|doubles\n|player|p1|kingsrowbajax|1|1214\n|player|p2|SALIKX66|2|1073\n|gen|9\n|tier|[Gen 9 Champions] VGC 2026 Reg M-B (Bo3)\n|rated|\n|rule|Species Clause: Limit one of each Pokémon\n|rule|Item Clause: Limit 1 of each item\n|clearpoke\n|poke|p1|Blastoise, L50, M|\n|poke|p1|Delphox, L50, M|\n|poke|p1|Sinistcha, L50|\n|poke|p1|Kingambit, L50, M|\n|poke|p1|Sneasler, L50, M|\n|poke|p1|Incineroar, L50, M|\n|poke|p2|Raichu, L50, M|\n|poke|p2|Incineroar, L50, F|\n|poke|p2|Gengar, L50, M|\n|poke|p2|Kommo-o, L50, M|\n|poke|p2|Sinistcha-Masterpiece, L50|\n|poke|p2|Aerodactyl, L50, F|\n|teampreview|4\n|showteam|p1|Blastoise||Blastoisinite|RainDish|WaterSpout,DarkPulse,ShellSmash,Protect|Modest||M|||50|]Delphox||Delphoxite|Blaze|HeatWave,Psychic,NastyPlot,Protect|Timid||M|||50|]Sinistcha||ColburBerry|Hospitality|MatchaGotcha,RagePowder,TrickRoom,Protect|Bold|||||50|]Kingambit||LifeOrb|Defiant|KowtowCleave,SuckerPunch,SwordsDance,Protect|Adamant||M|||50|]Sneasler||FocusSash|PoisonTouch|FakeOut,PoisonJab,CloseCombat,QuickGuard|Jolly||M|||50|]Incineroar||SitrusBerry|Intimidate|FakeOut,FlareBlitz,ThroatChop,PartingShot|Careful||M|||50|\n|showteam|p2|Raichu||RaichuniteY|LightningRod|FocusBlast,ZapCannon,FakeOut,Protect|Timid||M|||50|]Incineroar||Leftovers|Intimidate|FakeOut,FlareBlitz,PartingShot,LashOut|Adamant||F|||50|]Gengar||Gengarite|CursedBody|PerishSong,SludgeBomb,ShadowBall,Protect|Timid||M|||50|]Kommo-o||LifeOrb|Soundproof|ClangorousSoul,ClangingScales,AuraSphere,Protect|Modest||M|||50|]Sinistcha-Masterpiece||SitrusBerry|Hospitality|MatchaGotcha,LifeDew,Protect,RagePowder|Modest|||||50|]Aerodactyl||FocusSash|Unnerve|Tailwind,DualWingbeat,RockSlide,Protect|Jolly||F|||50|\n|inactive|Battle timer is ON: inactive players will automatically lose when time's up. (requested by SALIKX66)\n|\n|t:|1788256065\n|teamsize|p1|4\n|teamsize|p2|4\n|start\n|switch|p1a: Delphox|Delphox, L50, M|100/100\n|switch|p1b: Incineroar|Incineroar, L50, M|100/100\n|switch|p2a: Incineroar|Incineroar, L50, F|100/100\n|switch|p2b: Gengar|Gengar, L50, M|100/100\n|-ability|p1b: Incineroar|Intimidate|boost\n|-unboost|p2a: Incineroar|atk|1\n|-unboost|p2b: Gengar|atk|1\n|-ability|p2a: Incineroar|Intimidate|boost\n|-unboost|p1a: Delphox|atk|1\n|-unboost|p1b: Incineroar|atk|1\n|turn|1\n|inactive|kingsrowbajax has 30 seconds left.\n|inactive|SALIKX66 has 30 seconds left.\n|\n|t:|1788256097\n|detailschange|p2b: Gengar|Gengar-Mega, L50, M\n|-mega|p2b: Gengar|Gengar|Gengarite\n|detailschange|p1a: Delphox|Delphox-Mega, L50, M\n|-mega|p1a: Delphox|Delphox|Delphoxite\n|move|p1b: Incineroar|Fake Out|p2a: Incineroar\n|-damage|p2a: Incineroar|92/100\n|cant|p2a: Incineroar|flinch\n|move|p1a: Delphox|Nasty Plot|p1a: Delphox\n|-boost|p1a: Delphox|spa|2\n|move|p2b: Gengar|Perish Song|p2b: Gengar\n|-start|p1a: Delphox|perish3|[silent]\n|-start|p1b: Incineroar|perish3|[silent]\n|-start|p2a: Incineroar|perish3|[silent]\n|-start|p2b: Gengar|perish3|[silent]\n|-fieldactivate|move: Perish Song\n|\n|-heal|p2a: Incineroar|98/100|[from] item: Leftovers\n|-start|p1a: Delphox|perish3\n|-start|p2b: Gengar|perish3\n|-start|p1b: Incineroar|perish3\n|-start|p2a: Incineroar|perish3\n|upkeep\n|turn|2\n|inactive|kingsrowbajax has 30 seconds left.\n|inactive|SALIKX66 has 30 seconds left.\n|inactive|kingsrowbajax has 20 seconds left.\n|\n|t:|1788256134\n|move|p2b: Gengar|Protect|p2b: Gengar\n|-singleturn|p2b: Gengar|Protect\n|move|p1a: Delphox|Psychic|p2b: Gengar\n|-activate|p2b: Gengar|move: Protect\n|move|p1b: Incineroar|Parting Shot|p2a: Incineroar\n|-unboost|p2a: Incineroar|atk|1\n|-unboost|p2a: Incineroar|spa|1\n|\n|t:|1788256142\n|switch|p1b: Sneasler|Sneasler, L50, M|100/100|[from] Parting Shot\n|move|p2a: Incineroar|Parting Shot|p1a: Delphox\n|-unboost|p1a: Delphox|atk|1\n|-unboost|p1a: Delphox|spa|1\n|\n|t:|1788256152\n|switch|p2a: Aerodactyl|Aerodactyl, L50, F|100/100|[from] Parting Shot\n|-ability|p2a: Aerodactyl|Unnerve\n|\n|-start|p1a: Delphox|perish2\n|-start|p2b: Gengar|perish2\n|upkeep\n|turn|3\n|inactive|SALIKX66 has 30 seconds left.\n|\n|t:|1788256178\n|switch|p2b: Incineroar|Incineroar, L50, F|98/100\n|-ability|p2b: Incineroar|Intimidate|boost\n|-unboost|p1a: Delphox|atk|1\n|-unboost|p1b: Sneasler|atk|1\n|move|p2a: Aerodactyl|Protect|p2a: Aerodactyl\n|-singleturn|p2a: Aerodactyl|Protect\n|move|p1b: Sneasler|Fake Out|p2a: Aerodactyl\n|-activate|p2a: Aerodactyl|move: Protect\n|move|p1a: Delphox|Psychic|p2b: Incineroar\n|-immune|p2b: Incineroar\n|\n|-heal|p2b: Incineroar|100/100|[from] item: Leftovers\n|-start|p1a: Delphox|perish1\n|upkeep\n|turn|4\n|inactive|kingsrowbajax has 30 seconds left.\n|inactive|SALIKX66 has 30 seconds left.\n|\n|t:|1788256206\n|switch|p1a: Incineroar|Incineroar, L50, M|100/100\n|-ability|p1a: Incineroar|Intimidate|boost\n|-unboost|p2a: Aerodactyl|atk|1\n|-unboost|p2b: Incineroar|atk|1\n|move|p2b: Incineroar|Fake Out|p1b: Sneasler\n|-crit|p1b: Sneasler\n|-damage|p1b: Sneasler|63/100\n|move|p2a: Aerodactyl|Dual Wingbeat|p1b: Sneasler|[miss]\n|-miss|p2a: Aerodactyl|p1b: Sneasler\n|cant|p1b: Sneasler|flinch\n|\n|upkeep\n|turn|5\n|inactive|kingsrowbajax has 30 seconds left.\n|inactive|SALIKX66 has 30 seconds left.\n|\n|t:|1788256238\n|switch|p1b: Delphox|Delphox-Mega, L50, M|100/100\n|move|p2a: Aerodactyl|Protect|p2a: Aerodactyl\n|-singleturn|p2a: Aerodactyl|Protect\n|move|p1a: Incineroar|Fake Out|p2a: Aerodactyl\n|-activate|p2a: Aerodactyl|move: Protect\n|move|p2b: Incineroar|Parting Shot|p1b: Delphox\n|-unboost|p1b: Delphox|atk|1\n|-unboost|p1b: Delphox|spa|1\n|\n|t:|1788256250\n|switch|p2b: Gengar|Gengar-Mega, L50, M|100/100|[from] Parting Shot\n|\n|upkeep\n|turn|6\n|\n|t:|1788256263\n|move|p2b: Gengar|Protect|p2b: Gengar\n|-singleturn|p2b: Gengar|Protect\n|move|p1b: Delphox|Nasty Plot|p1b: Delphox\n|-boost|p1b: Delphox|spa|2\n|move|p2a: Aerodactyl|Rock Slide|p1a: Incineroar|[spread] p1a,p1b\n|-supereffective|p1a: Incineroar|1\n|-supereffective|p1b: Delphox|1\n|-crit|p1b: Delphox\n|-damage|p1a: Incineroar|69/100\n|-damage|p1b: Delphox|13/100\n|cant|p1a: Incineroar|flinch\n|\n|upkeep\n|turn|7\n|inactive|kingsrowbajax has 30 seconds left.\n|\n|t:|1788256293\n|switch|p2b: Incineroar|Incineroar, L50, F|100/100\n|-ability|p2b: Incineroar|Intimidate|boost\n|-unboost|p1a: Incineroar|atk|1\n|-unboost|p1b: Delphox|atk|1\n|move|p1b: Delphox|Protect|p1b: Delphox\n|-singleturn|p1b: Delphox|Protect\n|move|p2a: Aerodactyl|Protect|p2a: Aerodactyl\n|-singleturn|p2a: Aerodactyl|Protect\n|move|p1a: Incineroar|Throat Chop|p2b: Incineroar\n|-resisted|p2b: Incineroar|1\n|-damage|p2b: Incineroar|91/100\n|-start|p2b: Incineroar|Throat Chop|[silent]\n|\n|-heal|p2b: Incineroar|97/100|[from] item: Leftovers\n|upkeep\n|turn|8\n|inactive|kingsrowbajax has 30 seconds left.\n|\n|t:|1788256319\n|switch|p1b: Sneasler|Sneasler, L50, M|63/100\n|move|p2b: Incineroar|Fake Out|p1b: Sneasler\n|-damage|p1b: Sneasler|41/100\n|move|p2a: Aerodactyl|Rock Slide|p1b: Sneasler|[spread] p1a,p1b\n|-supereffective|p1a: Incineroar|1\n|-resisted|p1b: Sneasler|1\n|-damage|p1a: Incineroar|35/100\n|-damage|p1b: Sneasler|26/100\n|move|p1a: Incineroar|Parting Shot|p2a: Aerodactyl\n|-unboost|p2a: Aerodactyl|atk|1\n|-unboost|p2a: Aerodactyl|spa|1\n|\n|t:|1788256331\n|switch|p1a: Delphox|Delphox-Mega, L50, M|13/100|[from] Parting Shot\n|\n|-heal|p2b: Incineroar|100/100|[from] item: Leftovers\n|-end|p2b: Incineroar|Throat Chop|[silent]\n|upkeep\n|turn|9\n|inactive|kingsrowbajax has 30 seconds left.\n|\n|t:|1788256361\n|move|p1a: Delphox|Protect|p1a: Delphox\n|-singleturn|p1a: Delphox|Protect\n|move|p2a: Aerodactyl|Protect|p2a: Aerodactyl\n|-singleturn|p2a: Aerodactyl|Protect\n|move|p1b: Sneasler|Close Combat|p2b: Incineroar\n|-supereffective|p2b: Incineroar|1\n|-damage|p2b: Incineroar|0 fnt\n|-unboost|p1b: Sneasler|def|1\n|-unboost|p1b: Sneasler|spd|1\n|faint|p2b: Incineroar\n|\n|upkeep\n|\n|t:|1788256374\n|switch|p2b: Gengar|Gengar-Mega, L50, M|100/100\n|turn|10\n|\n|t:|1788256397\n|switch|p2a: Sinistcha|Sinistcha-Masterpiece, L50|100/100\n|move|p2b: Gengar|Protect|p2b: Gengar\n|-singleturn|p2b: Gengar|Protect\n|move|p1a: Delphox|Psychic|p2b: Gengar\n|-activate|p2b: Gengar|move: Protect\n|move|p1b: Sneasler|Close Combat|p2a: Sinistcha\n|-immune|p2a: Sinistcha\n|\n|upkeep\n|turn|11\n|inactive|SALIKX66 has 30 seconds left.\n|\n|t:|1788256428\n|move|p2a: Sinistcha|Rage Powder|p2a: Sinistcha\n|-singleturn|p2a: Sinistcha|move: Rage Powder\n|move|p1a: Delphox|Heat Wave|p2b: Gengar|[spread] p2a,p2b\n|-supereffective|p2a: Sinistcha|1\n|-damage|p2a: Sinistcha|8/100\n|-damage|p2b: Gengar|51/100\n|-enditem|p2a: Sinistcha|Sitrus Berry|[eat]\n|-heal|p2a: Sinistcha|32/100|[from] item: Sitrus Berry\n|move|p2b: Gengar|Perish Song|p2b: Gengar\n|-start|p1a: Delphox|perish3|[silent]\n|-start|p1b: Sneasler|perish3|[silent]\n|-start|p2a: Sinistcha|perish3|[silent]\n|-start|p2b: Gengar|perish3|[silent]\n|-fieldactivate|move: Perish Song\n|move|p1b: Sneasler|Poison Jab|p2a: Sinistcha\n|-damage|p2a: Sinistcha|0 fnt\n|faint|p2a: Sinistcha\n|\n|-start|p1a: Delphox|perish3\n|-start|p2b: Gengar|perish3\n|-start|p1b: Sneasler|perish3\n|upkeep\n|\n|t:|1788256447\n|switch|p2a: Aerodactyl|Aerodactyl, L50, F|100/100\n|-ability|p2a: Aerodactyl|Unnerve\n|turn|12\n|inactive|kingsrowbajax has 30 seconds left.\n|\n|t:|1788256478\n|move|p1a: Delphox|Protect|p1a: Delphox\n|-singleturn|p1a: Delphox|Protect\n|move|p2b: Gengar|Protect|p2b: Gengar\n|-singleturn|p2b: Gengar|Protect\n|move|p2a: Aerodactyl|Tailwind|p2a: Aerodactyl\n|-sidestart|p2: SALIKX66|move: Tailwind\n|move|p1b: Sneasler|Poison Jab|p2a: Aerodactyl\n|-resisted|p2a: Aerodactyl|1\n|-damage|p2a: Aerodactyl|65/100\n|\n|-start|p2b: Gengar|perish2\n|-start|p1a: Delphox|perish2\n|-start|p1b: Sneasler|perish2\n|upkeep\n|turn|13\n|\n|t:|1788256501\n|move|p2a: Aerodactyl|Rock Slide|p1b: Sneasler|[spread] p1b\n|-miss|p2a: Aerodactyl|p1a: Delphox\n|-resisted|p1b: Sneasler|1\n|-damage|p1b: Sneasler|0 fnt\n|faint|p1b: Sneasler\n|move|p2b: Gengar|Shadow Ball|p1a: Delphox\n|-supereffective|p1a: Delphox|1\n|-damage|p1a: Delphox|0 fnt\n|faint|p1a: Delphox\n|\n|-start|p2b: Gengar|perish1\n|upkeep\n|\n|t:|1788256512\n|switch|p1a: Incineroar|Incineroar, L50, M|35/100\n|switch|p1b: Sinistcha|Sinistcha, L50|100/100\n|-ability|p1a: Incineroar|Intimidate|boost\n|-unboost|p2a: Aerodactyl|atk|1\n|-unboost|p2b: Gengar|atk|1\n|-heal|p1a: Incineroar|60/100|[from] ability: Hospitality|[of] p1b: Sinistcha\n|turn|14\n|inactive|kingsrowbajax has 30 seconds left.\n|\n|t:|1788256541\n|move|p1b: Sinistcha|Protect|p1b: Sinistcha\n|-singleturn|p1b: Sinistcha|Protect\n|move|p1a: Incineroar|Fake Out|p2a: Aerodactyl\n|-resisted|p2a: Aerodactyl|1\n|-damage|p2a: Aerodactyl|56/100\n|move|p2b: Gengar|Perish Song|p2b: Gengar\n|-start|p1a: Incineroar|perish3|[silent]\n|-start|p1b: Sinistcha|perish3|[silent]\n|-start|p2a: Aerodactyl|perish3|[silent]\n|-fieldactivate|move: Perish Song\n|cant|p2a: Aerodactyl|flinch\n|\n|-start|p2a: Aerodactyl|perish3\n|-start|p2b: Gengar|perish0\n|-start|p1a: Incineroar|perish3\n|faint|p2b: Gengar\n|-start|p1b: Sinistcha|perish3\n|upkeep\n|turn|15\n|inactive|kingsrowbajax has 30 seconds left.\n|\n|t:|1788256570\n|move|p2a: Aerodactyl|Rock Slide|p1a: Incineroar|[spread] p1a\n|-miss|p2a: Aerodactyl|p1b: Sinistcha\n|-supereffective|p1a: Incineroar|1\n|-damage|p1a: Incineroar|25/100\n|cant|p1a: Incineroar|flinch\n|move|p1b: Sinistcha|Matcha Gotcha|p2a: Aerodactyl\n|-damage|p2a: Aerodactyl|8/100\n|\n|-start|p2a: Aerodactyl|perish2\n|-start|p1a: Incineroar|perish2\n|-start|p1b: Sinistcha|perish2\n|-sideend|p2: SALIKX66|move: Tailwind\n|upkeep\n|turn|16\n|inactive|kingsrowbajax has 30 seconds left.\n|\n|t:|1788256590\n|move|p2a: Aerodactyl|Protect|p2a: Aerodactyl\n|-singleturn|p2a: Aerodactyl|Protect\n|move|p1b: Sinistcha|Protect|p1b: Sinistcha\n|-singleturn|p1b: Sinistcha|Protect\n|move|p1a: Incineroar|Flare Blitz|p2a: Aerodactyl\n|-activate|p2a: Aerodactyl|move: Protect\n|\n|-start|p2a: Aerodactyl|perish1\n|-start|p1a: Incineroar|perish1\n|-start|p1b: Sinistcha|perish1\n|upkeep\n|turn|17\n|inactive|kingsrowbajax has 25 seconds left this turn.\n|inactive|kingsrowbajax has 20 seconds left.\n|inactive|kingsrowbajax has 15 seconds left.\n|inactive|kingsrowbajax has 10 seconds left.\n|\n|t:|1788256606\n|move|p2a: Aerodactyl|Protect||[still]\n|-fail|p2a: Aerodactyl\n|move|p1b: Sinistcha|Rage Powder|p1b: Sinistcha\n|-singleturn|p1b: Sinistcha|move: Rage Powder\n|move|p1a: Incineroar|Parting Shot|p2a: Aerodactyl\n|-unboost|p2a: Aerodactyl|atk|1\n|-unboost|p2a: Aerodactyl|spa|1\n|\n|-start|p2a: Aerodactyl|perish0\n|-start|p1a: Incineroar|perish0\n|-start|p1b: Sinistcha|perish0\n|upkeep\n|faint|p2a: Aerodactyl\n|faint|p1a: Incineroar\n|faint|p1b: Sinistcha\n|\n|win|kingsrowbajax\n","uploadtime":1788256607,"views":"0","formatid":"gen9championsvgc2026regmbbo3","rating":null,"private":0,"password":null}