{"id":"gen9championsvgc2026regmb-2674478332","format":"[Gen 9 Champions] VGC 2026 Reg M-B","players":["randomtieflinggirl","pandakingconnor"],"log":"|j|☆randomtieflinggirl\n|j|☆pandakingconnor\n|t:|1788364537\n|gametype|doubles\n|player|p1|randomtieflinggirl|266|1059\n|player|p2|pandakingconnor|169|1081\n|gen|9\n|tier|[Gen 9 Champions] VGC 2026 Reg M-B\n|rated|\n|rule|Species Clause: Limit one of each Pokémon\n|rule|Item Clause: Limit 1 of each item\n|clearpoke\n|poke|p1|Lycanroc-Dusk, L50, M|\n|poke|p1|Froslass, L50, F|\n|poke|p1|Scovillain, L50, M|\n|poke|p1|Basculegion, L50, M|\n|poke|p1|Kingambit, L50, M|\n|poke|p1|Sneasler, L50, F|\n|poke|p2|Floette-Eternal, L50, F|\n|poke|p2|Aerodactyl, L50, M|\n|poke|p2|Farigiraf, L50, M|\n|poke|p2|Sneasler, L50, F|\n|poke|p2|Incineroar, L50, M|\n|poke|p2|Milotic, L50, M|\n|teampreview|4\n|\n|t:|1788364578\n|teamsize|p1|4\n|teamsize|p2|4\n|start\n|switch|p1a: Lycanroc|Lycanroc-Dusk, L50, M|100/100\n|switch|p1b: Scovillain|Scovillain, L50, M|100/100\n|switch|p2a: Aerodactyl|Aerodactyl, L50, M|100/100\n|switch|p2b: Incineroar|Incineroar, L50, M|100/100\n|-ability|p2a: Aerodactyl|Unnerve\n|-ability|p2b: Incineroar|Intimidate|boost\n|-unboost|p1a: Lycanroc|atk|1\n|-unboost|p1b: Scovillain|atk|1\n|turn|1\n|\n|t:|1788364618\n|detailschange|p1b: Scovillain|Scovillain-Mega, L50, M\n|-mega|p1b: Scovillain|Scovillain|Scovillainite\n|move|p1b: Scovillain|Rage Powder|p1b: Scovillain\n|-singleturn|p1b: Scovillain|move: Rage Powder\n|move|p2a: Aerodactyl|Rock Slide|p1b: Scovillain|[spread] p1b\n|-miss|p2a: Aerodactyl|p1a: Lycanroc\n|-supereffective|p1b: Scovillain|1\n|-damage|p1b: Scovillain|56/100\n|-status|p2a: Aerodactyl|brn|[from] ability: Spicy Spray|[of] p1b: Scovillain\n|move|p1a: Lycanroc|Close Combat|p2b: Incineroar\n|-supereffective|p2b: Incineroar|1\n|-damage|p2b: Incineroar|28/100\n|-unboost|p1a: Lycanroc|def|1\n|-unboost|p1a: Lycanroc|spd|1\n|-enditem|p2b: Incineroar|Sitrus Berry|[eat]\n|-heal|p2b: Incineroar|53/100|[from] item: Sitrus Berry\n|move|p2b: Incineroar|Parting Shot|p1b: Scovillain\n|-unboost|p1b: Scovillain|atk|1\n|-unboost|p1b: Scovillain|spa|1\n|\n|t:|1788364640\n|switch|p2b: Sneasler|Sneasler, L50, F|100/100|[from] Parting Shot\n|\n|-damage|p2a: Aerodactyl|94/100 brn|[from] brn\n|upkeep\n|turn|2\n|\n|t:|1788364659\n|switch|p1a: Basculegion|Basculegion, L50, M|100/100\n|move|p1b: Scovillain|Protect|p1b: Scovillain\n|-singleturn|p1b: Scovillain|Protect\n|move|p2b: Sneasler|Fake Out|p1a: Basculegion\n|-immune|p1a: Basculegion\n|move|p2a: Aerodactyl|Rock Slide|p1b: Scovillain|[spread] p1a\n|-activate|p1b: Scovillain|move: Protect\n|-damage|p1a: Basculegion|85/100\n|\n|-damage|p2a: Aerodactyl|88/100 brn|[from] brn\n|upkeep\n|turn|3\n|\n|t:|1788364704\n|switch|p1b: Kingambit|Kingambit, L50, M|100/100\n|move|p2a: Aerodactyl|Rock Slide|p1a: Basculegion|[spread] p1a,p1b\n|-resisted|p1b: Kingambit|1\n|-damage|p1a: Basculegion|72/100\n|-damage|p1b: Kingambit|95/100\n|move|p2b: Sneasler|Dire Claw|p1a: Basculegion\n|-resisted|p1a: Basculegion|1\n|-damage|p1a: Basculegion|46/100\n|-status|p1a: Basculegion|slp\n|cant|p1a: Basculegion|slp\n|\n|-damage|p2a: Aerodactyl|82/100 brn|[from] brn\n|upkeep\n|turn|4\n|\n|t:|1788364740\n|switch|p2a: Farigiraf|Farigiraf, L50, M|100/100\n|-enditem|p1a: Basculegion|Sitrus Berry|[eat]\n|-heal|p1a: Basculegion|71/100 slp|[from] item: Sitrus Berry\n|switch|p1b: Scovillain|Scovillain-Mega, L50, M|56/100\n|move|p2b: Sneasler|Dire Claw|p1a: Basculegion\n|-resisted|p1a: Basculegion|1\n|-damage|p1a: Basculegion|45/100 slp\n|cant|p1a: Basculegion|slp\n|\n|upkeep\n|turn|5\n|\n|t:|1788364774\n|switch|p2b: Aerodactyl|Aerodactyl, L50, M|82/100 brn\n|-ability|p2b: Aerodactyl|Unnerve\n|move|p1b: Scovillain|Rage Powder|p1b: Scovillain\n|-singleturn|p1b: Scovillain|move: Rage Powder\n|-curestatus|p1a: Basculegion|slp|[msg]\n|move|p1a: Basculegion|Wave Crash|p2a: Farigiraf\n|-damage|p2a: Farigiraf|17/100\n|-damage|p1a: Basculegion|16/100|[from] Recoil\n|move|p2a: Farigiraf|Thunderbolt|p1b: Scovillain\n|-resisted|p1b: Scovillain|1\n|-damage|p1b: Scovillain|38/100\n|-status|p2a: Farigiraf|brn|[from] ability: Spicy Spray|[of] p1b: Scovillain\n|\n|-damage|p2b: Aerodactyl|76/100 brn|[from] brn\n|-damage|p2a: Farigiraf|11/100 brn|[from] brn\n|upkeep\n|turn|6\n|\n|t:|1788364814\n|switch|p1a: Kingambit|Kingambit, L50, M|95/100\n|switch|p2a: Sneasler|Sneasler, L50, F|100/100\n|move|p1b: Scovillain|Protect|p1b: Scovillain\n|-singleturn|p1b: Scovillain|Protect\n|move|p2b: Aerodactyl|Rock Slide|p1b: Scovillain|[spread] p1a\n|-activate|p1b: Scovillain|move: Protect\n|-resisted|p1a: Kingambit|1\n|-damage|p1a: Kingambit|91/100\n|\n|-damage|p2b: Aerodactyl|70/100 brn|[from] brn\n|upkeep\n|turn|7\n|\n|t:|1788364834\n|move|p1a: Kingambit|Protect|p1a: Kingambit\n|-singleturn|p1a: Kingambit|Protect\n|move|p2b: Aerodactyl|Rock Slide|p1b: Scovillain|[spread] p1b\n|-activate|p1a: Kingambit|move: Protect\n|-supereffective|p1b: Scovillain|1\n|-damage|p1b: Scovillain|16/100\n|move|p2a: Sneasler|Coaching|p2b: Aerodactyl\n|-boost|p2b: Aerodactyl|atk|1\n|-boost|p2b: Aerodactyl|def|1\n|move|p1b: Scovillain|Giga Drain|p2b: Aerodactyl\n|-damage|p2b: Aerodactyl|22/100 brn\n|-heal|p1b: Scovillain|38/100|[from] drain|[of] p2b: Aerodactyl\n|\n|-damage|p2b: Aerodactyl|16/100 brn|[from] brn\n|upkeep\n|turn|8\n|\n|t:|1788364873\n|switch|p1a: Basculegion|Basculegion, L50, M|16/100\n|move|p2b: Aerodactyl|Rock Slide|p1b: Scovillain|[spread] p1a,p1b\n|-supereffective|p1b: Scovillain|1\n|-damage|p1a: Basculegion|0 fnt\n|-damage|p1b: Scovillain|3/100\n|faint|p1a: Basculegion\n|move|p2a: Sneasler|Coaching|p2b: Aerodactyl\n|-boost|p2b: Aerodactyl|atk|1\n|-boost|p2b: Aerodactyl|def|1\n|move|p1b: Scovillain|Giga Drain|p2b: Aerodactyl\n|-damage|p2b: Aerodactyl|0 fnt\n|-heal|p1b: Scovillain|11/100|[from] drain|[of] p2b: Aerodactyl\n|faint|p2b: Aerodactyl\n|\n|upkeep\n|\n|t:|1788364896\n|switch|p2b: Farigiraf|Farigiraf, L50, M|11/100 brn\n|switch|p1a: Lycanroc|Lycanroc-Dusk, L50, M|100/100\n|turn|9\n|\n|t:|1788364913\n|switch|p2a: Incineroar|Incineroar, L50, M|53/100\n|-ability|p2a: Incineroar|Intimidate|boost\n|-unboost|p1a: Lycanroc|atk|1\n|-unboost|p1b: Scovillain|atk|1\n|move|p1a: Lycanroc|Protect|p1a: Lycanroc\n|-singleturn|p1a: Lycanroc|Protect\n|move|p1b: Scovillain|Rage Powder|p1b: Scovillain\n|-singleturn|p1b: Scovillain|move: Rage Powder\n|move|p2b: Farigiraf|Psychic|p1b: Scovillain\n|-damage|p1b: Scovillain|0 fnt\n|faint|p1b: Scovillain\n|\n|-damage|p2b: Farigiraf|4/100 brn|[from] brn\n|upkeep\n|\n|t:|1788364926\n|switch|p1b: Kingambit|Kingambit, L50, M|91/100\n|turn|10\n|\n|t:|1788364948\n|switch|p2a: Sneasler|Sneasler, L50, F|100/100\n|move|p1b: Kingambit|Protect|p1b: Kingambit\n|-singleturn|p1b: Kingambit|Protect\n|move|p1a: Lycanroc|Close Combat|p2a: Sneasler\n|-resisted|p2a: Sneasler|1\n|-damage|p2a: Sneasler|70/100\n|-unboost|p1a: Lycanroc|def|1\n|-unboost|p1a: Lycanroc|spd|1\n|move|p2b: Farigiraf|Grass Knot|p1a: Lycanroc\n|-supereffective|p1a: Lycanroc|1\n|-enditem|p1a: Lycanroc|Focus Sash\n|-damage|p1a: Lycanroc|1/100\n|\n|-damage|p2b: Farigiraf|0 fnt|[from] brn\n|faint|p2b: Farigiraf\n|upkeep\n|\n|t:|1788364965\n|switch|p2b: Incineroar|Incineroar, L50, M|53/100\n|-ability|p2b: Incineroar|Intimidate|boost\n|-unboost|p1a: Lycanroc|atk|1\n|-unboost|p1b: Kingambit|atk|1\n|-ability|p1b: Kingambit|Defiant|boost\n|-boost|p1b: Kingambit|atk|2\n|turn|11\n|\n|t:|1788364989\n|move|p1b: Kingambit|Sucker Punch|p2b: Incineroar\n|-resisted|p2b: Incineroar|1\n|-damage|p2b: Incineroar|20/100y\n|move|p2a: Sneasler|Close Combat|p1b: Kingambit\n|-supereffective|p1b: Kingambit|2\n|-damage|p1b: Kingambit|0 fnt\n|-unboost|p2a: Sneasler|def|1\n|-unboost|p2a: Sneasler|spd|1\n|faint|p1b: Kingambit\n|-enditem|p2a: Sneasler|White Herb\n|-clearnegativeboost|p2a: Sneasler|[silent]\n|move|p1a: Lycanroc|Rock Slide|p2b: Incineroar|[spread] p2a,p2b\n|-resisted|p2a: Sneasler|1\n|-supereffective|p2b: Incineroar|1\n|-damage|p2a: Sneasler|59/100\n|-damage|p2b: Incineroar|0 fnt\n|faint|p2b: Incineroar\n|\n|upkeep\n|turn|12\n|\n|t:|1788365006\n|move|p1a: Lycanroc|Protect|p1a: Lycanroc\n|-singleturn|p1a: Lycanroc|Protect\n|move|p2a: Sneasler|Close Combat|p1a: Lycanroc\n|-activate|p1a: Lycanroc|move: Protect\n|\n|upkeep\n|turn|13\n|\n|t:|1788365014\n|move|p1a: Lycanroc|Accelerock|p2a: Sneasler\n|-resisted|p2a: Sneasler|1\n|-damage|p2a: Sneasler|46/100\n|move|p2a: Sneasler|Close Combat|p1a: Lycanroc\n|-supereffective|p1a: Lycanroc|1\n|-damage|p1a: Lycanroc|0 fnt\n|-unboost|p2a: Sneasler|def|1\n|-unboost|p2a: Sneasler|spd|1\n|faint|p1a: Lycanroc\n|\n|win|pandakingconnor\n|raw|randomtieflinggirl's rating: 1059 &rarr; <strong>1041</strong><br />(-18 for losing)\n|raw|pandakingconnor's rating: 1081 &rarr; <strong>1107</strong><br />(+26 for winning)\n|c|☆randomtieflinggirl|gg\n","uploadtime":1788365028,"views":"4","formatid":"gen9championsvgc2026regmb","rating":1041,"private":0,"password":null}