{"id":"gen9championsvgc2026regmbbo3-2674061464","format":"[Gen 9 Champions] VGC 2026 Reg M-B (Bo3)","players":["LycoVGC","wolfey123"],"log":"|j|☆LycoVGC\n|j|☆wolfey123\n|html|<table width=\"100%\"><tr><td align=\"left\">LycoVGC</td><td align=\"right\">wolfey123</tr><tr><td align=\"left\"><i class=\"fa fa-circle\"></i> <i class=\"fa fa-circle-o\"></i> </td><td align=\"right\"><i class=\"fa fa-circle-o\"></i> <i class=\"fa fa-circle-o\"></i> </tr></table>\n|uhtml|bestof|<h2><strong>Game 2</strong> of <a href=\"/game-bestof3-gen9championsvgc2026regmbbo3-2674058225\">a best-of-3</a></h2>\n|t:|1788293996\n|gametype|doubles\n|player|p1|LycoVGC|lance|1000\n|player|p2|wolfey123|101|1058\n|gen|9\n|tier|[Gen 9 Champions] VGC 2026 Reg M-B (Bo3)\n|rated|\n|rule|Species Clause: Limit one of each Pokémon\n|rule|Item Clause: Limit 1 of each item\n|clearpoke\n|poke|p1|Raichu, L50, F|\n|poke|p1|Staraptor, L50, F|\n|poke|p1|Arcanine-Hisui, L50, M|\n|poke|p1|Farigiraf, L50, M|\n|poke|p1|Sylveon, L50, F|\n|poke|p1|Kingambit, L50, M|\n|poke|p2|Scovillain, L50, F|\n|poke|p2|Sneasler, L50, F|\n|poke|p2|Garchomp, L50, F|\n|poke|p2|Gengar, L50, M|\n|poke|p2|Sableye, L50, M|\n|poke|p2|Kingambit, L50, M|\n|teampreview|4\n|showteam|p1|Raichu||RaichuniteY|LightningRod|ZapCannon,FocusBlast,FakeOut,Protect|Timid||F|||50|]Staraptor||Staraptite|Intimidate|CloseCombat,DualWingbeat,Tailwind,Protect|Jolly||F|||50|]Arcanine-Hisui||FocusSash|RockHead|FlareBlitz,HeadSmash,ExtremeSpeed,Protect|Jolly||M|||50|]Farigiraf||SitrusBerry|ArmorTail|Psychic,HelpingHand,TrickRoom,Protect|Calm||M|||50|]Sylveon||FairyFeather|Pixilate|HyperVoice,QuickAttack,HyperBeam,Detect|Modest||F|||50|]Kingambit||LifeOrb|Defiant|KowtowCleave,SuckerPunch,SwordsDance,Protect|Adamant||M|||50|\n|showteam|p2|Scovillain||Scovillainite|Moody|Protect,RagePowder,GigaDrain,BurningJealousy|Bold||F|||50|]Sneasler||LifeOrb|PoisonTouch|FakeOut,CloseCombat,GunkShot,ThroatChop|Jolly||F|||50|]Garchomp||SoftSand|RoughSkin|StompingTantrum,DragonClaw,RockSlide,Protect|Adamant||F|||50|]Gengar||Gengarite|CursedBody|ShadowBall,Disable,Hypnosis,Protect|Timid||M|||50|]Sableye||RoseliBerry|Prankster|FakeOut,Gravity,Encore,LightScreen|Careful||M|||50|]Kingambit||SitrusBerry|Defiant|Protect,SuckerPunch,KowtowCleave,SwordsDance|Adamant||M|||50|\n|c|☆LycoVGC|Where did you get the team idea? looks really good\n|c|☆wolfey123|made it myself\n|\n|t:|1788294046\n|teamsize|p1|4\n|teamsize|p2|4\n|start\n|switch|p1a: Staraptor|Staraptor, L50, F|100/100\n|switch|p1b: Sylveon|Sylveon, L50, F|100/100\n|switch|p2a: Gengar|Gengar, L50, M|100/100\n|switch|p2b: Sneasler|Sneasler, L50, F|100/100\n|-ability|p1a: Staraptor|Intimidate|boost\n|-unboost|p2a: Gengar|atk|1\n|-unboost|p2b: Sneasler|atk|1\n|turn|1\n|\n|t:|1788294087\n|detailschange|p2a: Gengar|Gengar-Mega, L50, M\n|-mega|p2a: Gengar|Gengar|Gengarite\n|move|p1b: Sylveon|Detect|p1b: Sylveon\n|-singleturn|p1b: Sylveon|Protect\n|move|p2b: Sneasler|Fake Out|p1a: Staraptor\n|-damage|p1a: Staraptor|84/100\n|-status|p1a: Staraptor|psn|[from] ability: Poison Touch|[of] p2b: Sneasler\n|-damage|p2b: Sneasler|90/100|[from] item: Life Orb\n|move|p2a: Gengar|Shadow Ball|p1b: Sylveon\n|-activate|p1b: Sylveon|move: Protect\n|cant|p1a: Staraptor|flinch\n|\n|-damage|p1a: Staraptor|72/100 psn|[from] psn\n|upkeep\n|turn|2\n|\n|t:|1788294126\n|switch|p2a: Sableye|Sableye, L50, M|100/100\n|move|p2b: Sneasler|Gunk Shot|p1b: Sylveon\n|-supereffective|p1b: Sylveon|1\n|-damage|p1b: Sylveon|0 fnt\n|faint|p1b: Sylveon\n|-damage|p2b: Sneasler|80/100|[from] item: Life Orb\n|move|p1a: Staraptor|Dual Wingbeat|p2b: Sneasler\n|-supereffective|p2b: Sneasler|1\n|-damage|p2b: Sneasler|20/100y\n|-supereffective|p2b: Sneasler|1\n|-damage|p2b: Sneasler|0 fnt\n|faint|p2b: Sneasler\n|-hitcount|p2: Sneasler|2\n|\n|-damage|p1a: Staraptor|60/100 psn|[from] psn\n|upkeep\n|\n|t:|1788294154\n|switch|p2b: Gengar|Gengar-Mega, L50, M|100/100\n|switch|p1b: Farigiraf|Farigiraf, L50, M|100/100\n|turn|3\n|\n|t:|1788294180\n|move|p2a: Sableye|Gravity|p2a: Sableye\n|-fieldstart|move: Gravity\n|move|p2b: Gengar|Hypnosis|p1b: Farigiraf\n|-status|p1b: Farigiraf|slp|[from] move: Hypnosis\n|move|p1a: Staraptor|Dual Wingbeat|p2a: Sableye\n|-damage|p2a: Sableye|74/100\n|-damage|p2a: Sableye|49/100\n|-hitcount|p2a: Sableye|2\n|cant|p1b: Farigiraf|slp\n|\n|-damage|p1a: Staraptor|48/100 psn|[from] psn\n|upkeep\n|turn|4\n|\n|t:|1788294202\n|cant|p1b: Farigiraf|slp\n|move|p2a: Sableye|Light Screen|p2a: Sableye\n|-sidestart|p2: wolfey123|move: Light Screen\n|move|p2b: Gengar|Disable|p1a: Staraptor\n|-start|p1a: Staraptor|Disable|Dual Wingbeat\n|cant|p1a: Staraptor|Disable|Dual Wingbeat\n|\n|-damage|p1a: Staraptor|36/100 psn|[from] psn\n|upkeep\n|turn|5\n|\n|t:|1788294232\n|switch|p2a: Garchomp|Garchomp, L50, F|100/100\n|move|p2b: Gengar|Protect|p2b: Gengar\n|-singleturn|p2b: Gengar|Protect\n|move|p1a: Staraptor|Tailwind|p1a: Staraptor\n|-sidestart|p1: LycoVGC|move: Tailwind\n|-curestatus|p1b: Farigiraf|slp|[msg]\n|move|p1b: Farigiraf|Psychic|p2b: Gengar\n|-activate|p2b: Gengar|move: Protect\n|\n|-damage|p1a: Staraptor|24/100 psn|[from] psn\n|upkeep\n|turn|6\n|\n|t:|1788294262\n|detailschange|p1a: Staraptor|Staraptor-Mega, L50, F\n|-mega|p1a: Staraptor|Staraptor|Staraptite\n|move|p1b: Farigiraf|Helping Hand|p1a: Staraptor\n|-singleturn|p1a: Staraptor|Helping Hand|[of] p1b: Farigiraf\n|move|p2b: Gengar|Protect||[still]\n|-fail|p2b: Gengar\n|move|p1a: Staraptor|Close Combat|p2a: Garchomp\n|-damage|p2a: Garchomp|24/100\n|-boost|p1a: Staraptor|def|1\n|-boost|p1a: Staraptor|spd|1\n|-damage|p1a: Staraptor|12/100 psn|[from] ability: Rough Skin|[of] p2a: Garchomp\n|move|p2a: Garchomp|Rock Slide|p1a: Staraptor|[spread] p1a,p1b\n|-crit|p1b: Farigiraf\n|-damage|p1a: Staraptor|1/100 psn\n|-damage|p1b: Farigiraf|77/100\n|\n|-damage|p1a: Staraptor|0 fnt|[from] psn\n|faint|p1a: Staraptor\n|upkeep\n|\n|t:|1788294272\n|switch|p1a: Arcanine|Arcanine-Hisui, L50, M|100/100\n|turn|7\n|\n|t:|1788294295\n|switch|p2a: Sableye|Sableye, L50, M|49/100\n|move|p1a: Arcanine|Protect|p1a: Arcanine\n|-singleturn|p1a: Arcanine|Protect\n|move|p2b: Gengar|Hypnosis|p1a: Arcanine\n|-activate|p1a: Arcanine|move: Protect\n|move|p1b: Farigiraf|Psychic|p2b: Gengar\n|-supereffective|p2b: Gengar|1\n|-damage|p2b: Gengar|42/100\n|\n|-fieldend|move: Gravity\n|upkeep\n|turn|8\n|c|☆wolfey123|I really need to learn to deal with farigiraf I hate that thing\n|\n|t:|1788294381\n|switch|p2a: Garchomp|Garchomp, L50, F|24/100\n|move|p1b: Farigiraf|Helping Hand|p1a: Arcanine\n|-singleturn|p1a: Arcanine|Helping Hand|[of] p1b: Farigiraf\n|move|p2b: Gengar|Protect|p2b: Gengar\n|-singleturn|p2b: Gengar|Protect\n|move|p1a: Arcanine|Flare Blitz|p2b: Gengar\n|-activate|p2b: Gengar|move: Protect\n|\n|-sideend|p2: wolfey123|move: Light Screen\n|-sideend|p1: LycoVGC|move: Tailwind\n|upkeep\n|turn|9\n|c|☆LycoVGC|mighty giraffe just wals sableye\n|\n|t:|1788294441\n|move|p1b: Farigiraf|Helping Hand|p1a: Arcanine\n|-singleturn|p1a: Arcanine|Helping Hand|[of] p1b: Farigiraf\n|move|p1a: Arcanine|Extreme Speed|p2a: Garchomp\n|-damage|p2a: Garchomp|0 fnt\n|-damage|p1a: Arcanine|87/100|[from] ability: Rough Skin|[of] p2a: Garchomp\n|faint|p2a: Garchomp\n|move|p2b: Gengar|Hypnosis|p1b: Farigiraf\n|-status|p1b: Farigiraf|slp|[from] move: Hypnosis\n|\n|upkeep\n|\n|t:|1788294450\n|switch|p2a: Sableye|Sableye, L50, M|49/100\n|turn|10\n|\n|t:|1788294467\n|move|p2a: Sableye|Light Screen|p2a: Sableye\n|-sidestart|p2: wolfey123|move: Light Screen\n|move|p2b: Gengar|Shadow Ball|p1a: Arcanine\n|-crit|p1a: Arcanine\n|-damage|p1a: Arcanine|0 fnt\n|faint|p1a: Arcanine\n|cant|p1b: Farigiraf|slp\n|\n|upkeep\n|turn|11\n|\n|t:|1788294481\n|move|p2a: Sableye|Encore||[still]\n|cant|p1b: Farigiraf|ability: Armor Tail|Encore|[of] p2a: Sableye\n|move|p2b: Gengar|Disable|p1b: Farigiraf\n|-start|p1b: Farigiraf|Disable|Helping Hand\n|cant|p1b: Farigiraf|slp\n|\n|upkeep\n|turn|12\n|\n|t:|1788294491\n|move|p2a: Sableye|Gravity|p2a: Sableye\n|-fieldstart|move: Gravity\n|move|p2b: Gengar|Shadow Ball|p1b: Farigiraf\n|-immune|p1b: Farigiraf\n|-curestatus|p1b: Farigiraf|slp|[msg]\n|move|p1b: Farigiraf|Psychic|p2b: Gengar\n|-supereffective|p2b: Gengar|1\n|-damage|p2b: Gengar|0 fnt\n|faint|p2b: Gengar\n|\n|upkeep\n|turn|13\n|c|☆LycoVGC|disable only got helpinh hand\n|\n|t:|1788294531\n|move|p2a: Sableye|Gravity||[still]\n|-fail|p2a: Sableye\n|move|p1b: Farigiraf|Trick Room|p1b: Farigiraf\n|-fieldstart|move: Trick Room|[of] p1b: Farigiraf\n|\n|upkeep\n|turn|14\n|c|☆wolfey123|so what now I can't hit you and niether can you\n|\n|t:|1788294549\n|move|p2a: Sableye|Light Screen||[still]\n|-fail|p2a: Sableye\n|move|p1b: Farigiraf|Trick Room|p1b: Farigiraf\n|-fieldend|move: Trick Room\n|\n|-end|p1b: Farigiraf|Disable\n|-sideend|p2: wolfey123|move: Light Screen\n|upkeep\n|turn|15\n|c|☆LycoVGC|yeah. one struggles but giraffe win i think\n|\n|t:|1788294586\n|move|p2a: Sableye|Light Screen|p2a: Sableye\n|-sidestart|p2: wolfey123|move: Light Screen\n|move|p1b: Farigiraf|Psychic|p2a: Sableye\n|-immune|p2a: Sableye\n|\n|upkeep\n|turn|16\n|c|☆wolfey123|yeah\n|\n|t:|1788294593\n|move|p2a: Sableye|Light Screen||[still]\n|-fail|p2a: Sableye\n|move|p1b: Farigiraf|Psychic|p2a: Sableye\n|-immune|p2a: Sableye\n|\n|-fieldend|move: Gravity\n|upkeep\n|turn|17\n|\n|t:|1788294600\n|move|p2a: Sableye|Gravity|p2a: Sableye\n|-fieldstart|move: Gravity\n|move|p1b: Farigiraf|Psychic|p2a: Sableye\n|-immune|p2a: Sableye\n|\n|upkeep\n|turn|18\n|\n|t:|1788294624\n|move|p2a: Sableye|Light Screen||[still]\n|-fail|p2a: Sableye\n|move|p1b: Farigiraf|Psychic|p2a: Sableye\n|-immune|p2a: Sableye\n|\n|upkeep\n|turn|19\n|c|☆wolfey123|since where here do you have any notes on the match\n|c|☆wolfey123|I okay with team biuld but would like advise on play is you can?\n|\n|t:|1788294649\n|move|p2a: Sableye|Gravity||[still]\n|-fail|p2a: Sableye\n|move|p1b: Farigiraf|Psychic|p2a: Sableye\n|-immune|p2a: Sableye\n|\n|-sideend|p2: wolfey123|move: Light Screen\n|upkeep\n|turn|20\n|\n|t:|1788294695\n|move|p2a: Sableye|Light Screen|p2a: Sableye\n|-sidestart|p2: wolfey123|move: Light Screen\n|move|p1b: Farigiraf|Psychic|p2a: Sableye\n|-immune|p2a: Sableye\n|\n|upkeep\n|turn|21\n|c|☆LycoVGC|yeah sure. I think you did well with using Gengar but Garchimp was no good call\n|\n|t:|1788294714\n|move|p2a: Sableye|Encore||[still]\n|cant|p1b: Farigiraf|ability: Armor Tail|Encore|[of] p2a: Sableye\n|move|p1b: Farigiraf|Psychic|p2a: Sableye\n|-immune|p2a: Sableye\n|\n|-fieldend|move: Gravity\n|upkeep\n|turn|22\n|\n|t:|1788294725\n|move|p2a: Sableye|Light Screen||[still]\n|-fail|p2a: Sableye\n|move|p1b: Farigiraf|Psychic|p2a: Sableye\n|-immune|p2a: Sableye\n|\n|upkeep\n|turn|23\n|\n|t:|1788294737\n|move|p2a: Sableye|Light Screen||[still]\n|-fail|p2a: Sableye\n|move|p1b: Farigiraf|Psychic|p2a: Sableye\n|-immune|p2a: Sableye\n|\n|upkeep\n|turn|24\n|c|☆LycoVGC|Kingambit was a huge pain game 1\n|c|☆wolfey123|I thought kinggambit wasn't good because of starraptor and sylvion and I thought I needed garchomp for arcanine\n|\n|t:|1788294821\n|move|p1b: Farigiraf|Helping Hand|p1: Arcanine|[notarget]\n|-fail|p1b: Farigiraf\n|move|p2a: Sableye|Encore||[still]\n|cant|p1b: Farigiraf|ability: Armor Tail|Encore|[of] p2a: Sableye\n|\n|-sideend|p2: wolfey123|move: Light Screen\n|upkeep\n|turn|25\n|\n|t:|1788294838\n|move|p1b: Farigiraf|Helping Hand|p1: Arcanine|[notarget]\n|-fail|p1b: Farigiraf\n|move|p2a: Sableye|Light Screen|p2a: Sableye\n|-sidestart|p2: wolfey123|move: Light Screen\n|\n|upkeep\n|turn|26\n|\n|t:|1788294843\n|move|p1b: Farigiraf|Helping Hand|p1: Arcanine|[notarget]\n|-fail|p1b: Farigiraf\n|move|p2a: Sableye|Light Screen||[still]\n|-fail|p2a: Sableye\n|\n|upkeep\n|turn|27\n|\n|t:|1788294848\n|move|p1b: Farigiraf|Helping Hand|p1: Arcanine|[notarget]\n|-fail|p1b: Farigiraf\n|move|p2a: Sableye|Light Screen||[still]\n|-fail|p2a: Sableye\n|\n|upkeep\n|turn|28\n|\n|t:|1788294855\n|move|p1b: Farigiraf|Helping Hand|p1: Arcanine|[notarget]\n|-fail|p1b: Farigiraf\n|move|p2a: Sableye|Encore||[still]\n|cant|p1b: Farigiraf|ability: Armor Tail|Encore|[of] p2a: Sableye\n|\n|upkeep\n|turn|29\n|c|☆wolfey123|but cearly Farigiraf was the main threat\n|\n|t:|1788294883\n|move|p1b: Farigiraf|Helping Hand|p1: Arcanine|[notarget]\n|-fail|p1b: Farigiraf\n|move|p2a: Sableye|Gravity|p2a: Sableye\n|-fieldstart|move: Gravity\n|\n|-sideend|p2: wolfey123|move: Light Screen\n|upkeep\n|turn|30\n|c|☆LycoVGC|True, with Farig to block Fake Out staraptor goes nuts\n|\n|t:|1788294899\n|move|p1b: Farigiraf|Helping Hand|p1: Arcanine|[notarget]\n|-fail|p1b: Farigiraf\n|move|p2a: Sableye|Light Screen|p2a: Sableye\n|-sidestart|p2: wolfey123|move: Light Screen\n|\n|upkeep\n|turn|31\n|\n|t:|1788294926\n|move|p1b: Farigiraf|Helping Hand|p1: Arcanine|[notarget]\n|-fail|p1b: Farigiraf\n|move|p2a: Sableye|Gravity||[still]\n|-fail|p2a: Sableye\n|\n|upkeep\n|turn|32\n|\n|t:|1788294954\n|move|p1b: Farigiraf|Helping Hand|p1: Arcanine|[notarget]\n|-fail|p1b: Farigiraf\n|move|p2a: Sableye|Light Screen||[still]\n|-fail|p2a: Sableye\n|\n|upkeep\n|turn|33\n|c|☆LycoVGC|I see why this team popped off\n|c|☆LycoVGC|did ya watch worlds?\n|c|☆wolfey123|no I don't really get into live advents but I plan to look at the teams after the fact\n|c|☆LycoVGC|I am in love with mega dragonite but its sad that cool Scovillain tem didnt win\n|c|☆wolfey123|really wow I really love when off meta wins\n|c|☆LycoVGC|I am soooo happy Charizard Y got curbstomped\n|c|☆LycoVGC|hate that fucker\n|c|☆wolfey123|I actually reached champion range in the first season with scovilon before it was thought to be good\n|c|☆wolfey123|I hate it two expesally with bulky sets\n|c|☆wolfey123|rock types seem so clunky to use\n|c|☆wolfey123|but that sunshine bastered went the way of 2014 kangaskan\n|\n|t:|1788295275\n|move|p1b: Farigiraf|Helping Hand|p1: Arcanine|[notarget]\n|-fail|p1b: Farigiraf\n|move|p2a: Sableye|Light Screen||[still]\n|-fail|p2a: Sableye\n|\n|-fieldend|move: Gravity\n|upkeep\n|turn|34\n|c|☆LycoVGC|and so inaccurate. Aside from Lycanroc\n|\n|t:|1788295285\n|move|p1b: Farigiraf|Helping Hand|p1: Arcanine|[notarget]\n|-fail|p1b: Farigiraf\n|move|p2a: Sableye|Gravity|p2a: Sableye\n|-fieldstart|move: Gravity\n|\n|-sideend|p2: wolfey123|move: Light Screen\n|upkeep\n|turn|35\n|\n|t:|1788295294\n|move|p1b: Farigiraf|Helping Hand|p1: Arcanine|[notarget]\n|-fail|p1b: Farigiraf\n|move|p2a: Sableye|Encore||[still]\n|cant|p1b: Farigiraf|ability: Armor Tail|Encore|[of] p2a: Sableye\n|\n|upkeep\n|turn|36\n|c|☆LycoVGC|Dang, champion is crazy. wgat was your second mega?\n|c|☆wolfey123|in low rank I just used scovillan but at higher I hand gengar as well I find it really helps with faster teams with disable.\n|\n|t:|1788295401\n|move|p1b: Farigiraf|Helping Hand|p1: Arcanine|[notarget]\n|-fail|p1b: Farigiraf\n|move|p2a: Sableye|Light Screen|p2a: Sableye\n|-sidestart|p2: wolfey123|move: Light Screen\n|\n|upkeep\n|turn|37\n|\n|t:|1788295406\n|move|p1b: Farigiraf|Helping Hand|p1: Arcanine|[notarget]\n|-fail|p1b: Farigiraf\n|move|p2a: Sableye|Encore||[still]\n|cant|p1b: Farigiraf|ability: Armor Tail|Encore|[of] p2a: Sableye\n|\n|upkeep\n|turn|38\n|\n|t:|1788295411\n|move|p1b: Farigiraf|Helping Hand|p1: Arcanine|[notarget]\n|-fail|p1b: Farigiraf\n|move|p2a: Sableye|Light Screen||[still]\n|-fail|p2a: Sableye\n|\n|-fieldend|move: Gravity\n|upkeep\n|turn|39\n|\n|t:|1788295418\n|move|p1b: Farigiraf|Helping Hand|p1: Arcanine|[notarget]\n|-fail|p1b: Farigiraf\n|move|p2a: Sableye|Encore||[still]\n|cant|p1b: Farigiraf|ability: Armor Tail|Encore|[of] p2a: Sableye\n|\n|upkeep\n|turn|40\n|c|☆LycoVGC|Gengar paired with fast encore seems really good\n|\n|t:|1788295488\n|move|p1b: Farigiraf|Helping Hand|p1: Arcanine|[notarget]\n|-fail|p1b: Farigiraf\n|move|p2a: Sableye|Light Screen||[still]\n|-fail|p2a: Sableye\n|\n|-sideend|p2: wolfey123|move: Light Screen\n|upkeep\n|turn|41\n|c|☆wolfey123|yeah most people use whims but saybile means no fakout\n|c|☆LycoVGC|Though i feel like sableye could use a dark move or smth\n|c|☆LycoVGC|to hit like farig f.e.\n|c|☆wolfey123|I'll put on knock off or foul depending on damage.\n|c|☆wolfey123|and do you think kinggambit needs a steel move?\n|c|☆wolfey123|and should I replace garchomp?\n|\n|t:|1788295742\n|move|p2a: Sableye|Light Screen|p2a: Sableye\n|-sidestart|p2: wolfey123|move: Light Screen\n|move|p1b: Farigiraf|Trick Room|p1b: Farigiraf\n|-fieldstart|move: Trick Room|[of] p1b: Farigiraf\n|\n|upkeep\n|turn|42\n|inactive|Battle timer is ON: inactive players will automatically lose when time's up. (requested by wolfey123)\n|\n|t:|1788295768\n|move|p2a: Sableye|Encore||[still]\n|cant|p1b: Farigiraf|ability: Armor Tail|Encore|[of] p2a: Sableye\n|move|p1b: Farigiraf|Trick Room|p1b: Farigiraf\n|-fieldend|move: Trick Room\n|\n|upkeep\n|turn|43\n|\n|t:|1788295775\n|move|p2a: Sableye|Light Screen||[still]\n|-fail|p2a: Sableye\n|move|p1b: Farigiraf|Trick Room|p1b: Farigiraf\n|-fieldstart|move: Trick Room|[of] p1b: Farigiraf\n|\n|upkeep\n|turn|44\n|\n|t:|1788295782\n|-activate|p2a: Sableye|move: Struggle\n|move|p2a: Sableye|Struggle|p1b: Farigiraf\n|-damage|p1b: Farigiraf|68/100\n|-damage|p2a: Sableye|24/100|[from] recoil\n|move|p1b: Farigiraf|Trick Room|p1b: Farigiraf\n|-fieldend|move: Trick Room\n|\n|upkeep\n|turn|45\n|c|☆LycoVGC|dont need steel move imo\n|\n|t:|1788295791\n|-activate|p2a: Sableye|move: Struggle\n|move|p2a: Sableye|Struggle|p1b: Farigiraf\n|-damage|p1b: Farigiraf|61/100\n|-damage|p2a: Sableye|0 fnt|[from] recoil\n|faint|p2a: Sableye\n|\n|win|LycoVGC\n","uploadtime":1788295154,"views":"0","formatid":"gen9championsvgc2026regmbbo3","rating":null,"private":0,"password":null}