{"id":"gen9championsvgc2026regmb-2674277499","format":"[Gen 9 Champions] VGC 2026 Reg M-B","players":["Ash83678","FairlyRisky"],"log":"|j|☆Ash83678\n|j|☆FairlyRisky\n|t:|1788329757\n|gametype|doubles\n|player|p1|Ash83678|steven|1199\n|player|p2|FairlyRisky|101|1137\n|gen|9\n|tier|[Gen 9 Champions] VGC 2026 Reg M-B\n|rated|\n|rule|Species Clause: Limit one of each Pokémon\n|rule|Item Clause: Limit 1 of each item\n|clearpoke\n|poke|p1|Swampert, L50, M|\n|poke|p1|Pelipper, L50, M|\n|poke|p1|Meowscarada, L50, M|\n|poke|p1|Salazzle, L50, F|\n|poke|p1|Charizard, L50, M|\n|poke|p1|Noivern, L50, F|\n|poke|p2|Sceptile, L50, M|\n|poke|p2|Jolteon, L50, M|\n|poke|p2|Staraptor, L50, M|\n|poke|p2|Whimsicott, L50, M|\n|poke|p2|Arcanine-Hisui, L50, M|\n|poke|p2|Basculegion, L50, M|\n|teampreview|4\n|inactive|Battle timer is ON: inactive players will automatically lose when time's up. (requested by FairlyRisky)\n|inactive|Ash83678 also wants the timer to be on.\n|\n|t:|1788329773\n|teamsize|p1|4\n|teamsize|p2|4\n|start\n|switch|p1a: Charizard|Charizard, L50, M|100/100\n|switch|p1b: Salazzle|Salazzle, L50, F|100/100\n|switch|p2a: Staraptor|Staraptor, L50, M|100/100\n|switch|p2b: Whimsicott|Whimsicott, L50, M|100/100\n|-ability|p2a: Staraptor|Intimidate|boost\n|-unboost|p1a: Charizard|atk|1\n|-fail|p1b: Salazzle|unboost|atk|[from] ability: Oblivious|[of] p1b: Salazzle\n|turn|1\n|inactive|Ash83678 has 30 seconds left.\n|\n|t:|1788329804\n|detailschange|p1a: Charizard|Charizard-Mega-Y, L50, M\n|-mega|p1a: Charizard|Charizard|Charizardite Y\n|-weather|SunnyDay|[from] ability: Drought|[of] p1a: Charizard\n|move|p1b: Salazzle|Fake Out|p2a: Staraptor\n|-damage|p2a: Staraptor|89/100\n|move|p2b: Whimsicott|Worry Seed|p1b: Salazzle\n|-ability|p1b: Salazzle|Insomnia|Oblivious|[from] move: Worry Seed\n|move|p1a: Charizard|Heat Wave|p2b: Whimsicott|[spread] p2b\n|-miss|p1a: Charizard|p2a: Staraptor\n|-supereffective|p2b: Whimsicott|1\n|-damage|p2b: Whimsicott|0 fnt\n|faint|p2b: Whimsicott\n|cant|p2a: Staraptor|flinch\n|\n|-weather|SunnyDay|[upkeep]\n|upkeep\n|\n|t:|1788329822\n|switch|p2b: Jolteon|Jolteon, L50, M|100/100\n|turn|2\n|\n|t:|1788329835\n|move|p2a: Staraptor|Protect|p2a: Staraptor\n|-singleturn|p2a: Staraptor|Protect\n|move|p2b: Jolteon|Discharge|p1a: Charizard|[spread] p1a,p1b\n|-activate|p2a: Staraptor|move: Protect\n|-supereffective|p1a: Charizard|1\n|-damage|p1a: Charizard|22/100\n|-damage|p1b: Salazzle|43/100\n|-damage|p2b: Jolteon|90/100|[from] item: Life Orb\n|move|p1b: Salazzle|Acid Spray|p2b: Jolteon\n|-damage|p2b: Jolteon|66/100\n|-unboost|p2b: Jolteon|spd|2\n|move|p1a: Charizard|Heat Wave|p2b: Jolteon|[spread] p2b\n|-activate|p2a: Staraptor|move: Protect\n|-damage|p2b: Jolteon|0 fnt\n|faint|p2b: Jolteon\n|\n|-weather|SunnyDay|[upkeep]\n|upkeep\n|\n|t:|1788329848\n|switch|p2b: Sceptile|Sceptile, L50, M|100/100\n|turn|3\n|\n|t:|1788329858\n|detailschange|p2a: Staraptor|Staraptor-Mega, L50, M\n|-mega|p2a: Staraptor|Staraptor|Staraptite\n|move|p2b: Sceptile|Protect|p2b: Sceptile\n|-singleturn|p2b: Sceptile|Protect\n|move|p1a: Charizard|Protect|p1a: Charizard\n|-singleturn|p1a: Charizard|Protect\n|move|p1b: Salazzle|Acid Spray|p2b: Sceptile\n|-activate|p2b: Sceptile|move: Protect\n|move|p2a: Staraptor|Tailwind|p2a: Staraptor\n|-sidestart|p2: FairlyRisky|move: Tailwind\n|\n|-weather|SunnyDay|[upkeep]\n|upkeep\n|turn|4\n|\n|t:|1788329880\n|move|p2a: Staraptor|Brave Bird|p1a: Charizard\n|-damage|p1a: Charizard|0 fnt\n|faint|p1a: Charizard\n|-damage|p2a: Staraptor|81/100|[from] Recoil\n|move|p2b: Sceptile|Earth Power|p1b: Salazzle\n|-supereffective|p1b: Salazzle|2\n|-damage|p1b: Salazzle|0 fnt\n|faint|p1b: Salazzle\n|\n|-weather|SunnyDay|[upkeep]\n|upkeep\n|\n|t:|1788329893\n|switch|p1b: Mint|Meowscarada, L50, M|100/100\n|switch|p1a: Noivern|Noivern, L50, F|100/100\n|-item|p2a: Staraptor|Staraptite|[from] ability: Frisk|[of] p1a: Noivern\n|-item|p2b: Sceptile|Sceptilite|[from] ability: Frisk|[of] p1a: Noivern\n|turn|5\n|\n|t:|1788329909\n|move|p2a: Staraptor|Close Combat|p1b: Mint\n|-supereffective|p1b: Mint|1\n|-damage|p1b: Mint|0 fnt\n|-boost|p2a: Staraptor|def|1\n|-boost|p2a: Staraptor|spd|1\n|faint|p1b: Mint\n|move|p2b: Sceptile|Dragon Pulse|p1a: Noivern\n|-supereffective|p1a: Noivern|1\n|-damage|p1a: Noivern|19/100\n|move|p1a: Noivern|Heat Wave|p2a: Staraptor|[spread] p2a,p2b\n|-supereffective|p2b: Sceptile|1\n|-damage|p2a: Staraptor|52/100\n|-damage|p2b: Sceptile|0 fnt\n|faint|p2b: Sceptile\n|-damage|p1a: Noivern|9/100|[from] item: Life Orb\n|\n|-weather|none\n|upkeep\n|turn|6\n|\n|t:|1788329926\n|move|p1a: Noivern|Protect|p1a: Noivern\n|-singleturn|p1a: Noivern|Protect\n|move|p2a: Staraptor|Close Combat|p1a: Noivern\n|-activate|p1a: Noivern|move: Protect\n|\n|-sideend|p2: FairlyRisky|move: Tailwind\n|upkeep\n|turn|7\n|\n|t:|1788329934\n|move|p1a: Noivern|Hurricane|p2a: Staraptor\n|-supereffective|p2a: Staraptor|1\n|-damage|p2a: Staraptor|0 fnt\n|faint|p2a: Staraptor\n|-damage|p1a: Noivern|0 fnt|[from] item: Life Orb\n|faint|p1a: Noivern\n|\n|win|Ash83678\n|raw|Ash83678's rating: 1199 &rarr; <strong>1220</strong><br />(+21 for winning)\n|raw|FairlyRisky's rating: 1137 &rarr; <strong>1116</strong><br />(-21 for losing)\n|c|☆Ash83678|What an end\n|c|☆Ash83678|Well played\n|c|☆Ash83678|Ggs\n","uploadtime":1788329996,"views":"1","formatid":"gen9championsvgc2026regmb","rating":1116,"private":0,"password":null}