{"id":"gen9championsvgc2026regmbbo3-2673943626","format":"[Gen 9 Champions] VGC 2026 Reg M-B (Bo3)","players":["robinrambles","GrokiTaranilla"],"log":"|j|☆robinrambles\n|j|☆GrokiTaranilla\n|html|<table width=\"100%\"><tr><td align=\"left\">robinrambles</td><td align=\"right\">GrokiTaranilla</tr><tr><td align=\"left\"><i class=\"fa fa-circle-o\"></i> <i class=\"fa fa-circle-o\"></i> </td><td align=\"right\"><i class=\"fa fa-circle-o\"></i> <i class=\"fa fa-circle-o\"></i> </tr></table>\n|uhtml|bestof|<h2><strong>Game 1</strong> of <a href=\"/game-bestof3-gen9championsvgc2026regmbbo3-2673943625\">a best-of-3</a></h2>\n|t:|1788280082\n|gametype|doubles\n|player|p1|robinrambles|dawn-gen4pt|1064\n|player|p2|GrokiTaranilla|fisherman-gen4|1228\n|gen|9\n|tier|[Gen 9 Champions] VGC 2026 Reg M-B (Bo3)\n|rated|\n|rule|Species Clause: Limit one of each Pokémon\n|rule|Item Clause: Limit 1 of each item\n|clearpoke\n|poke|p1|Staraptor, L50, F|\n|poke|p1|Hydreigon, L50, F|\n|poke|p1|Tyranitar, L50, F|\n|poke|p1|Excadrill, L50, M|\n|poke|p1|Sinistcha, L50|\n|poke|p1|Milotic, L50, M|\n|poke|p2|Incineroar, L50, F|\n|poke|p2|Toxapex, L50, F|\n|poke|p2|Garchomp, L50, M|\n|poke|p2|Charizard, L50, F|\n|poke|p2|Venusaur, L50, M|\n|poke|p2|Sylveon, L50, F|\n|teampreview|4\n|showteam|p1|Staraptor||Staraptite|Intimidate|CloseCombat,BraveBird,Protect,Tailwind|Jolly||F|||50|]Hydreigon||HabanBerry|Levitate|DracoMeteor,DarkPulse,EarthPower,Protect|Timid||F|||50|]Tyranitar||Tyranitarite|SandStream|DragonDance,KnockOff,RockSlide,Protect|Adamant||F|||50|]Excadrill||FocusSash|SandRush|Earthquake,RockSlide,IronHead,Protect|Adamant||M|||50|]Sinistcha||OccaBerry|Hospitality|MatchaGotcha,Protect,RagePowder,ShadowBall|Bold|||||50|]Milotic||SitrusBerry|Competitive|Scald,Tickle,IcyWind,Protect|Modest||M|||50|\n|showteam|p2|Incineroar||SitrusBerry|Intimidate|FakeOut,PartingShot,FlareBlitz,Protect|Impish||F|||50|]Toxapex||Leftovers|Regenerator|BanefulBunker,Infestation,Toxic,WideGuard|Relaxed||F|||50|]Garchomp||ChoiceScarf|RoughSkin|StompingTantrum,Earthquake,DragonClaw,RockSlide|Adamant||M|||50|]Charizard||CharizarditeY|Blaze|Protect,HeatWave,SolarBeam,WeatherBall|Timid||F|||50|]Venusaur||FocusSash|Chlorophyll|Protect,SludgeBomb,EarthPower,SleepPowder|Modest||M|||50|]Sylveon||FairyFeather|Pixilate|Detect,HyperVoice,QuickAttack,Yawn|Quiet||F|||50|\n|inactive|Battle timer is ON: inactive players will automatically lose when time's up. (requested by GrokiTaranilla)\n|\n|t:|1788280115\n|teamsize|p1|4\n|teamsize|p2|4\n|start\n|switch|p1a: Staraptor|Staraptor, L50, F|100/100\n|switch|p1b: Milotic|Milotic, L50, M|100/100\n|switch|p2a: Incineroar|Incineroar, L50, F|100/100\n|switch|p2b: Toxapex|Toxapex, L50, F|100/100\n|-ability|p1a: Staraptor|Intimidate|boost\n|-unboost|p2a: Incineroar|atk|1\n|-unboost|p2b: Toxapex|atk|1\n|-ability|p2a: Incineroar|Intimidate|boost\n|-unboost|p1a: Staraptor|atk|1\n|-unboost|p1b: Milotic|atk|1\n|-ability|p1b: Milotic|Competitive|boost\n|-boost|p1b: Milotic|spa|2\n|turn|1\n|\n|t:|1788280139\n|switch|p1a: Hydreigon|Hydreigon, L50, F|100/100\n|move|p2a: Incineroar|Fake Out|p1b: Milotic\n|-damage|p1b: Milotic|92/100\n|cant|p1b: Milotic|flinch\n|move|p2b: Toxapex|Toxic|p1b: Milotic\n|-status|p1b: Milotic|tox\n|\n|-damage|p1b: Milotic|86/100 tox|[from] psn\n|upkeep\n|turn|2\n|\n|t:|1788280157\n|move|p1a: Hydreigon|Earth Power|p2b: Toxapex\n|-supereffective|p2b: Toxapex|1\n|-damage|p2b: Toxapex|55/100\n|move|p1b: Milotic|Scald|p2a: Incineroar\n|-supereffective|p2a: Incineroar|1\n|-damage|p2a: Incineroar|0 fnt\n|faint|p2a: Incineroar\n|move|p2b: Toxapex|Toxic|p1a: Hydreigon\n|-status|p1a: Hydreigon|tox\n|\n|-heal|p2b: Toxapex|61/100|[from] item: Leftovers\n|-damage|p1a: Hydreigon|94/100 tox|[from] psn\n|-damage|p1b: Milotic|74/100 tox|[from] psn\n|upkeep\n|\n|t:|1788280170\n|switch|p2a: Sylveon|Sylveon, L50, F|100/100\n|turn|3\n|\n|t:|1788280180\n|-heal|p2b: Toxapex|94/100|[from] ability: Regenerator|[silent]\n|switch|p2b: Garchomp|Garchomp, L50, M|100/100\n|move|p1a: Hydreigon|Protect|p1a: Hydreigon\n|-singleturn|p1a: Hydreigon|Protect\n|move|p1b: Milotic|Icy Wind|p2b: Garchomp|[spread] p2a,p2b\n|-crit|p2a: Sylveon\n|-supereffective|p2b: Garchomp|2\n|-damage|p2a: Sylveon|70/100\n|-damage|p2b: Garchomp|4/100\n|-unboost|p2a: Sylveon|spe|1\n|-unboost|p2b: Garchomp|spe|1\n|move|p2a: Sylveon|Hyper Voice|p1a: Hydreigon|[spread] p1b\n|-activate|p1a: Hydreigon|move: Protect\n|-damage|p1b: Milotic|39/100 tox\n|-enditem|p1b: Milotic|Sitrus Berry|[eat]\n|-heal|p1b: Milotic|63/100 tox|[from] item: Sitrus Berry\n|\n|-damage|p1a: Hydreigon|82/100 tox|[from] psn\n|-damage|p1b: Milotic|46/100 tox|[from] psn\n|upkeep\n|turn|4\n|inactive|robinrambles has 30 seconds left.\n|inactive|GrokiTaranilla has 30 seconds left.\n|inactive|robinrambles has 20 seconds left.\n|\n|t:|1788280219\n|switch|p1a: Staraptor|Staraptor, L50, F|100/100\n|-ability|p1a: Staraptor|Intimidate|boost\n|-unboost|p2a: Sylveon|atk|1\n|-unboost|p2b: Garchomp|atk|1\n|switch|p2b: Toxapex|Toxapex, L50, F|94/100\n|move|p1b: Milotic|Protect|p1b: Milotic\n|-singleturn|p1b: Milotic|Protect\n|move|p2a: Sylveon|Hyper Voice|p1a: Staraptor|[spread] p1a\n|-activate|p1b: Milotic|move: Protect\n|-damage|p1a: Staraptor|18/100\n|\n|-heal|p2b: Toxapex|100/100|[from] item: Leftovers\n|-damage|p1b: Milotic|22/100 tox|[from] psn\n|upkeep\n|turn|5\n|\n|t:|1788280241\n|detailschange|p1a: Staraptor|Staraptor-Mega, L50, F\n|-mega|p1a: Staraptor|Staraptor|Staraptite\n|move|p1a: Staraptor|Protect|p1a: Staraptor\n|-singleturn|p1a: Staraptor|Protect\n|move|p2a: Sylveon|Detect|p2a: Sylveon\n|-singleturn|p2a: Sylveon|Protect\n|move|p1b: Milotic|Scald|p2a: Sylveon\n|-activate|p2a: Sylveon|move: Protect\n|move|p2b: Toxapex|Infestation|p1a: Staraptor\n|-activate|p1a: Staraptor|move: Protect\n|\n|-damage|p1b: Milotic|0 fnt|[from] psn\n|faint|p1b: Milotic\n|upkeep\n|\n|t:|1788280255\n|switch|p1b: Tyranitar|Tyranitar, L50, F|100/100\n|-weather|Sandstorm|[from] ability: Sand Stream|[of] p1b: Tyranitar\n|turn|6\n|\n|t:|1788280268\n|move|p2a: Sylveon|Quick Attack|p1a: Staraptor\n|-supereffective|p1a: Staraptor|1\n|-damage|p1a: Staraptor|1/100\n|move|p1a: Staraptor|Brave Bird|p2a: Sylveon\n|-crit|p2a: Sylveon\n|-damage|p2a: Sylveon|0 fnt\n|faint|p2a: Sylveon\n|-damage|p1a: Staraptor|0 fnt|[from] Recoil\n|faint|p1a: Staraptor\n|move|p1b: Tyranitar|Knock Off|p2b: Toxapex\n|-damage|p2b: Toxapex|64/100\n|-enditem|p2b: Toxapex|Leftovers|[from] move: Knock Off|[of] p1b: Tyranitar\n|move|p2b: Toxapex|Toxic|p1b: Tyranitar\n|-status|p1b: Tyranitar|tox\n|\n|-weather|Sandstorm|[upkeep]\n|-damage|p2b: Toxapex|59/100|[from] Sandstorm\n|-damage|p1b: Tyranitar|94/100 tox|[from] psn\n|upkeep\n|\n|t:|1788280284\n|switch|p1a: Hydreigon|Hydreigon, L50, F|82/100 tox\n|switch|p2a: Garchomp|Garchomp, L50, M|4/100\n|turn|7\n|\n|t:|1788280299\n|move|p1b: Tyranitar|Protect|p1b: Tyranitar\n|-singleturn|p1b: Tyranitar|Protect\n|move|p2a: Garchomp|Rock Slide|p1b: Tyranitar|[spread] p1a\n|-activate|p1b: Tyranitar|move: Protect\n|-damage|p1a: Hydreigon|57/100 tox\n|move|p1a: Hydreigon|Dark Pulse|p2a: Garchomp\n|-damage|p2a: Garchomp|0 fnt\n|faint|p2a: Garchomp\n|move|p2b: Toxapex|Infestation|p1b: Tyranitar\n|-activate|p1b: Tyranitar|move: Protect\n|\n|-weather|Sandstorm|[upkeep]\n|-damage|p1a: Hydreigon|51/100 tox|[from] Sandstorm\n|-damage|p2b: Toxapex|53/100|[from] Sandstorm\n|-damage|p1a: Hydreigon|45/100 tox|[from] psn\n|-damage|p1b: Tyranitar|82/100 tox|[from] psn\n|upkeep\n|turn|8\n|\n|t:|1788280315\n|move|p2b: Toxapex|Baneful Bunker|p2b: Toxapex\n|-singleturn|p2b: Toxapex|move: Protect\n|move|p1a: Hydreigon|Earth Power|p2b: Toxapex\n|-activate|p2b: Toxapex|move: Protect\n|move|p1b: Tyranitar|Dragon Dance|p1b: Tyranitar\n|-boost|p1b: Tyranitar|atk|1\n|-boost|p1b: Tyranitar|spe|1\n|\n|-weather|Sandstorm|[upkeep]\n|-damage|p1a: Hydreigon|39/100 tox|[from] Sandstorm\n|-damage|p2b: Toxapex|47/100|[from] Sandstorm\n|-damage|p1a: Hydreigon|27/100 tox|[from] psn\n|-damage|p1b: Tyranitar|65/100 tox|[from] psn\n|upkeep\n|turn|9\n|-message|GrokiTaranilla forfeited.\n|\n|win|robinrambles\n||GrokiTaranilla is ready for game 2.\n||robinrambles is ready for game 2.\n|uhtml|next|Next: <a href=\"/battle-gen9championsvgc2026regmbbo3-2673945704\"><strong>Game 2 of 3</strong></a>\n|l|☆GrokiTaranilla\n|player|p2|\n","uploadtime":1788280689,"views":"5","formatid":"gen9championsvgc2026regmbbo3","rating":null,"private":0,"password":null}