{"id":"gen9championsvgc2026regmbbo3-2673545084","format":"[Gen 9 Champions] VGC 2026 Reg M-B (Bo3)","players":["Shaymin frohawk","Benny0000"],"log":"|j|☆Shaymin frohawk\n|j|☆Benny0000\n|html|<table width=\"100%\"><tr><td align=\"left\">Shaymin frohawk</td><td align=\"right\">Benny0000</tr><tr><td align=\"left\"><i class=\"fa fa-circle\"></i> <i class=\"fa fa-circle-o\"></i> </td><td align=\"right\"><i class=\"fa fa-circle-o\"></i> <i class=\"fa fa-circle\"></i> </tr></table>\n|uhtml|bestof|<h2><strong>Game 3</strong> of <a href=\"/game-bestof3-gen9championsvgc2026regmbbo3-2673540816\">a best-of-3</a></h2>\n|t:|1788211139\n|gametype|doubles\n|player|p1|Shaymin frohawk|170|1355\n|player|p2|Benny0000|265|1347\n|gen|9\n|tier|[Gen 9 Champions] VGC 2026 Reg M-B (Bo3)\n|rated|\n|rule|Species Clause: Limit one of each Pokémon\n|rule|Item Clause: Limit 1 of each item\n|clearpoke\n|poke|p1|Venusaur, L50, M|\n|poke|p1|Primarina, L50, F|\n|poke|p1|Kingambit, L50, M|\n|poke|p1|Farigiraf, L50, F|\n|poke|p1|Torkoal, L50, F|\n|poke|p1|Blaziken, L50, M|\n|poke|p2|Incineroar, L50, M|\n|poke|p2|Floette-Eternal, L50, F|\n|poke|p2|Sneasler, L50, M|\n|poke|p2|Sinistcha, L50|\n|poke|p2|Kingambit, L50, M|\n|poke|p2|Garchomp, L50, F|\n|teampreview|4\n|showteam|p1|Venusaur||OccaBerry|Chlorophyll|LeafStorm,SludgeBomb,SleepPowder,Protect|Timid||M|||50|]Primarina||LifeOrb|LiquidVoice|Protect,HyperVoice,Moonblast,AquaJet|Quiet||F|||50|]Kingambit||FocusSash|Defiant|KowtowCleave,SuckerPunch,IronHead,Protect|Adamant||M|||50|]Farigiraf||SitrusBerry|ArmorTail|Psychic,Thunderbolt,Protect,TrickRoom|Bold||F|||50|]Torkoal||Charcoal|Drought|WeatherBall,HelpingHand,Eruption,Protect|Quiet||F|||50|]Blaziken||Blazikenite|SpeedBoost|FlareBlitz,CloseCombat,RockSlide,Detect|Adamant||M|||50|\n|showteam|p2|Incineroar||Leftovers|Intimidate|FakeOut,HelpingHand,PartingShot,FlareBlitz|Sassy||M|||50|]Floette-Eternal||Floettite|FlowerVeil|CalmMind,DrainingKiss,DazzlingGleam,Protect|Timid||F|||50|]Sneasler||FocusSash|PoisonTouch|FakeOut,Coaching,CloseCombat,DireClaw|Jolly||M|||50|]Sinistcha||SitrusBerry|Hospitality|RagePowder,TrickRoom,MatchaGotcha,Protect|Bold|||||50|]Kingambit||BlackGlasses|Defiant|SwordsDance,SuckerPunch,KowtowCleave,Protect|Adamant||M|||50|]Garchomp||Garchompite|RoughSkin|Earthquake,StompingTantrum,RockSlide,Protect|Jolly||F|||50|\n|inactive|Battle timer is ON: inactive players will automatically lose when time's up. (requested by Benny0000)\n|\n|t:|1788211166\n|teamsize|p1|4\n|teamsize|p2|4\n|start\n|switch|p1a: Primarina|Primarina, L50, F|100/100\n|switch|p1b: Blaziken|Blaziken, L50, M|100/100\n|switch|p2a: Garchomp|Garchomp, L50, F|100/100\n|switch|p2b: Kingambit|Kingambit, L50, M|100/100\n|turn|1\n|inactive|Benny0000 has 30 seconds left.\n|inactive|Benny0000 has 20 seconds left.\n|inactive|Benny0000 has 15 seconds left.\n|\n|t:|1788211208\n|switch|p2b: Incineroar|Incineroar, L50, M|100/100\n|-ability|p2b: Incineroar|Intimidate|boost\n|-unboost|p1a: Primarina|atk|1\n|-unboost|p1b: Blaziken|atk|1\n|detailschange|p1b: Blaziken|Blaziken-Mega, L50, M\n|-mega|p1b: Blaziken|Blaziken|Blazikenite\n|move|p2a: Garchomp|Protect|p2a: Garchomp\n|-singleturn|p2a: Garchomp|Protect\n|move|p1b: Blaziken|Detect|p1b: Blaziken\n|-singleturn|p1b: Blaziken|Protect\n|move|p1a: Primarina|Moonblast|p2a: Garchomp\n|-activate|p2a: Garchomp|move: Protect\n|\n|-ability|p1b: Blaziken|Speed Boost|boost\n|-boost|p1b: Blaziken|spe|1\n|upkeep\n|turn|2\n|inactive|Shaymin frohawk has 30 seconds left.\n|\n|t:|1788211236\n|move|p2b: Incineroar|Fake Out|p1a: Primarina\n|-crit|p1a: Primarina\n|-damage|p1a: Primarina|83/100\n|move|p1b: Blaziken|Close Combat|p2b: Incineroar\n|-supereffective|p2b: Incineroar|1\n|-damage|p2b: Incineroar|9/100\n|-unboost|p1b: Blaziken|def|1\n|-unboost|p1b: Blaziken|spd|1\n|move|p2a: Garchomp|Stomping Tantrum|p1b: Blaziken\n|-supereffective|p1b: Blaziken|1\n|-damage|p1b: Blaziken|0 fnt\n|faint|p1b: Blaziken\n|cant|p1a: Primarina|flinch\n|\n|-heal|p2b: Incineroar|15/100|[from] item: Leftovers\n|upkeep\n|\n|t:|1788211242\n|switch|p1b: Venusaur|Venusaur, L50, M|100/100\n|turn|3\n|inactive|Benny0000 has 30 seconds left.\n|inactive|Benny0000 has 20 seconds left.\n|\n|t:|1788211280\n|move|p2a: Garchomp|Protect|p2a: Garchomp\n|-singleturn|p2a: Garchomp|Protect\n|move|p1b: Venusaur|Sleep Powder|p2b: Incineroar\n|-status|p2b: Incineroar|slp|[from] move: Sleep Powder\n|cant|p2b: Incineroar|slp\n|move|p1a: Primarina|Hyper Voice|p2b: Incineroar|[spread] p2b\n|-activate|p2a: Garchomp|move: Protect\n|-supereffective|p2b: Incineroar|1\n|-damage|p2b: Incineroar|0 fnt\n|faint|p2b: Incineroar\n|-damage|p1a: Primarina|73/100|[from] item: Life Orb\n|\n|upkeep\n|\n|t:|1788211298\n|switch|p2b: Floette|Floette-Eternal, L50, F|100/100\n|turn|4\n|\n|t:|1788211315\n|switch|p1a: Torkoal|Torkoal, L50, F|100/100\n|-weather|SunnyDay|[from] ability: Drought|[of] p1a: Torkoal\n|detailschange|p2b: Floette|Floette-Mega, L50, F\n|-mega|p2b: Floette|Floette|Floettite\n|-ability|p2b: Floette|Fairy Aura\n|move|p1b: Venusaur|Sleep Powder|p2a: Garchomp\n|-status|p2a: Garchomp|slp|[from] move: Sleep Powder\n|cant|p2a: Garchomp|slp\n|move|p2b: Floette|Dazzling Gleam|p1b: Venusaur|[spread] p1a,p1b\n|-resisted|p1a: Torkoal|1\n|-resisted|p1b: Venusaur|1\n|-damage|p1a: Torkoal|72/100\n|-damage|p1b: Venusaur|77/100\n|\n|-weather|SunnyDay|[upkeep]\n|upkeep\n|turn|5\n|inactive|Benny0000 has 30 seconds left.\n|inactive|Benny0000 has 20 seconds left.\n|inactive|Benny0000 has 15 seconds left.\n|\n|t:|1788211355\n|move|p2b: Floette|Protect|p2b: Floette\n|-singleturn|p2b: Floette|Protect\n|move|p1b: Venusaur|Sludge Bomb|p2b: Floette\n|-activate|p2b: Floette|move: Protect\n|cant|p2a: Garchomp|slp\n|move|p1a: Torkoal|Weather Ball|p2a: Garchomp\n|-resisted|p2a: Garchomp|1\n|-damage|p2a: Garchomp|62/100 slp\n|\n|-weather|SunnyDay|[upkeep]\n|upkeep\n|turn|6\n|inactive|Benny0000 has 30 seconds left.\n|\n|t:|1788211381\n|move|p1b: Venusaur|Protect|p1b: Venusaur\n|-singleturn|p1b: Venusaur|Protect\n|-curestatus|p2a: Garchomp|slp|[msg]\n|move|p2a: Garchomp|Stomping Tantrum|p1a: Torkoal\n|-supereffective|p1a: Torkoal|1\n|-damage|p1a: Torkoal|0 fnt\n|faint|p1a: Torkoal\n|move|p2b: Floette|Dazzling Gleam|p1b: Venusaur\n|-activate|p1b: Venusaur|move: Protect\n|\n|-weather|SunnyDay|[upkeep]\n|upkeep\n|\n|t:|1788211388\n|switch|p1a: Primarina|Primarina, L50, F|73/100\n|turn|7\n|inactive|Benny0000 has 30 seconds left.\n|\n|t:|1788211414\n|move|p1b: Venusaur|Sludge Bomb|p2b: Floette\n|-supereffective|p2b: Floette|1\n|-damage|p2b: Floette|34/100\n|-status|p2b: Floette|psn\n|move|p2a: Garchomp|Stomping Tantrum|p1a: Primarina\n|-damage|p1a: Primarina|30/100\n|move|p2b: Floette|Dazzling Gleam|p1a: Primarina|[spread] p1a,p1b\n|-resisted|p1b: Venusaur|1\n|-damage|p1a: Primarina|0 fnt\n|-damage|p1b: Venusaur|53/100\n|faint|p1a: Primarina\n|\n|-weather|SunnyDay|[upkeep]\n|-damage|p2b: Floette|22/100 psn|[from] psn\n|upkeep\n|turn|8\n|\n|t:|1788211434\n|move|p1b: Venusaur|Leaf Storm|p2a: Garchomp\n|-damage|p2a: Garchomp|6/100\n|-unboost|p1b: Venusaur|spa|2\n|move|p2b: Floette|Dazzling Gleam|p1b: Venusaur\n|-resisted|p1b: Venusaur|1\n|-damage|p1b: Venusaur|23/100\n|move|p2a: Garchomp|Stomping Tantrum|p1b: Venusaur\n|-damage|p1b: Venusaur|0 fnt\n|faint|p1b: Venusaur\n|\n|win|Benny0000\n|raw|Shaymin frohawk's rating: 1355 &rarr; <strong>1335</strong><br />(-20 for losing)\n|raw|Benny0000's rating: 1347 &rarr; <strong>1367</strong><br />(+20 for winning)\n","uploadtime":1788211434,"views":"7","formatid":"gen9championsvgc2026regmbbo3","rating":1335,"private":0,"password":null}