{"id":"gen9championsvgc2026regmb-2674145724","format":"[Gen 9 Champions] VGC 2026 Reg M-B","players":["dawod","altshallah"],"log":"|j|☆dawod\n|j|☆altshallah\n|t:|1788305932\n|gametype|doubles\n|player|p1|dawod|shauntal|1397\n|player|p2|altshallah|265|1329\n|gen|9\n|tier|[Gen 9 Champions] VGC 2026 Reg M-B\n|rated|\n|rule|Species Clause: Limit one of each Pokémon\n|rule|Item Clause: Limit 1 of each item\n|clearpoke\n|poke|p1|Staraptor, L50, F|\n|poke|p1|Houndstone, L50, F|\n|poke|p1|Tyranitar, L50, M|\n|poke|p1|Rotom-Wash, L50|\n|poke|p1|Excadrill, L50, F|\n|poke|p1|Venusaur, L50, M|\n|poke|p2|Blaziken, L50, M|\n|poke|p2|Basculegion, L50, M|\n|poke|p2|Froslass, L50, F|\n|poke|p2|Kingambit, L50, M|\n|poke|p2|Incineroar, L50, M|\n|poke|p2|Garchomp, L50, F|\n|teampreview|4\n|\n|t:|1788305975\n|teamsize|p1|4\n|teamsize|p2|4\n|start\n|switch|p1a: Houndstone|Houndstone, L50, F|100/100\n|switch|p1b: Tyranitar|Tyranitar, L50, M|100/100\n|switch|p2a: Blaziken|Blaziken, L50, M|100/100\n|switch|p2b: Kingambit|Kingambit, L50, M|100/100\n|-weather|Sandstorm|[from] ability: Sand Stream|[of] p1b: Tyranitar\n|turn|1\n|inactive|Battle timer is ON: inactive players will automatically lose when time's up. (requested by dawod)\n|\n|t:|1788305999\n|detailschange|p2a: Blaziken|Blaziken-Mega, L50, M\n|-mega|p2a: Blaziken|Blaziken|Blazikenite\n|move|p2a: Blaziken|Protect|p2a: Blaziken\n|-singleturn|p2a: Blaziken|Protect\n|move|p1a: Houndstone|Ally Switch|p1a: Houndstone\n|swap|p1a: Houndstone|1|[from] move: Ally Switch\n|move|p1a: Tyranitar|Low Kick|p2b: Kingambit\n|-supereffective|p2b: Kingambit|2\n|-enditem|p2b: Kingambit|Chople Berry|[eat]\n|-enditem|p2b: Kingambit|Chople Berry|[weaken]\n|-damage|p2b: Kingambit|45/100\n|move|p2b: Kingambit|Kowtow Cleave|p1a: Tyranitar\n|-resisted|p1a: Tyranitar|1\n|-damage|p1a: Tyranitar|77/100\n|\n|-weather|Sandstorm|[upkeep]\n|-damage|p2a: Blaziken|94/100|[from] Sandstorm\n|-ability|p2a: Blaziken|Speed Boost|boost\n|-boost|p2a: Blaziken|spe|1\n|upkeep\n|turn|2\n|inactive|dawod has 30 seconds left.\n|inactive|altshallah has 30 seconds left.\n|inactive|altshallah has 20 seconds left.\n|inactive|altshallah has 15 seconds left.\n|\n|t:|1788306042\n|switch|p2a: Incineroar|Incineroar, L50, M|100/100\n|-ability|p2a: Incineroar|Intimidate|boost\n|-unboost|p1a: Tyranitar|atk|1\n|-unboost|p1b: Houndstone|atk|1\n|switch|p1a: Excadrill|Excadrill, L50, F|100/100\n|move|p1b: Houndstone|Will-O-Wisp|p2b: Kingambit\n|-status|p2b: Kingambit|brn\n|move|p2b: Kingambit|Iron Head|p1a: Excadrill\n|-resisted|p1a: Excadrill|1\n|-damage|p1a: Excadrill|83/100\n|\n|-weather|Sandstorm|[upkeep]\n|-damage|p2a: Incineroar|94/100|[from] Sandstorm\n|-damage|p2b: Kingambit|40/100 brn|[from] brn\n|upkeep\n|turn|3\n|inactive|dawod has 30 seconds left.\n|\n|t:|1788306075\n|switch|p1b: Venusaur|Venusaur, L50, M|100/100\n|move|p1a: Excadrill|Protect|p1a: Excadrill\n|-singleturn|p1a: Excadrill|Protect\n|move|p2a: Incineroar|Fake Out|p1a: Excadrill\n|-activate|p1a: Excadrill|move: Protect\n|move|p2b: Kingambit|Kowtow Cleave|p1b: Venusaur\n|-damage|p1b: Venusaur|72/100\n|\n|-weather|Sandstorm|[upkeep]\n|-damage|p1b: Venusaur|66/100|[from] Sandstorm\n|-damage|p2a: Incineroar|88/100|[from] Sandstorm\n|-damage|p2b: Kingambit|34/100 brn|[from] brn\n|upkeep\n|turn|4\n|\n|t:|1788306088\n|detailschange|p1b: Venusaur|Venusaur-Mega, L50, M\n|-mega|p1b: Venusaur|Venusaur|Venusaurite\n|move|p1b: Venusaur|Protect|p1b: Venusaur\n|-singleturn|p1b: Venusaur|Protect\n|move|p2b: Kingambit|Protect|p2b: Kingambit\n|-singleturn|p2b: Kingambit|Protect\n|move|p1a: Excadrill|Earthquake|p2a: Incineroar|[spread] p2a\n|-activate|p1b: Venusaur|move: Protect\n|-activate|p2b: Kingambit|move: Protect\n|-supereffective|p2a: Incineroar|1\n|-damage|p2a: Incineroar|21/100\n|-enditem|p2a: Incineroar|Sitrus Berry|[eat]\n|-heal|p2a: Incineroar|46/100|[from] item: Sitrus Berry\n|move|p2a: Incineroar|Flare Blitz|p1b: Venusaur\n|-activate|p1b: Venusaur|move: Protect\n|\n|-weather|Sandstorm|[upkeep]\n|-damage|p1b: Venusaur|60/100|[from] Sandstorm\n|-damage|p2a: Incineroar|40/100|[from] Sandstorm\n|-damage|p2b: Kingambit|28/100 brn|[from] brn\n|upkeep\n|turn|5\n|\n|t:|1788306112\n|switch|p2b: Basculegion|Basculegion, L50, M|100/100\n|move|p1a: Excadrill|Rock Slide|p2a: Incineroar|[spread] p2a,p2b\n|-supereffective|p2a: Incineroar|1\n|-damage|p2a: Incineroar|7/100\n|-damage|p2b: Basculegion|74/100\n|move|p1b: Venusaur|Earth Power|p2b: Basculegion\n|-damage|p2b: Basculegion|46/100\n|move|p2a: Incineroar|Parting Shot|p1a: Excadrill\n|-unboost|p1a: Excadrill|atk|1\n|-unboost|p1a: Excadrill|spa|1\n|\n|t:|1788306122\n|switch|p2a: Blaziken|Blaziken-Mega, L50, M|94/100|[from] Parting Shot\n|\n|-weather|none\n|upkeep\n|turn|6\n|inactive|altshallah has 30 seconds left.\n|\n|t:|1788306151\n|switch|p1a: Houndstone|Houndstone, L50, F|100/100\n|move|p2a: Blaziken|Protect|p2a: Blaziken\n|-singleturn|p2a: Blaziken|Protect\n|move|p1b: Venusaur|Protect|p1b: Venusaur\n|-singleturn|p1b: Venusaur|Protect\n|move|p2b: Basculegion|Aqua Jet|p1a: Houndstone\n|-damage|p1a: Houndstone|76/100\n|\n|-ability|p2a: Blaziken|Speed Boost|boost\n|-boost|p2a: Blaziken|spe|1\n|upkeep\n|turn|7\n|\n|t:|1788306173\n|switch|p1b: Tyranitar|Tyranitar, L50, M|77/100\n|-weather|Sandstorm|[from] ability: Sand Stream|[of] p1b: Tyranitar\n|move|p1a: Houndstone|Protect|p1a: Houndstone\n|-singleturn|p1a: Houndstone|Protect\n|move|p2a: Blaziken|Flare Blitz|p1b: Tyranitar\n|-resisted|p1b: Tyranitar|1\n|-damage|p1b: Tyranitar|36/100\n|-damage|p2a: Blaziken|79/100|[from] Recoil\n|move|p2b: Basculegion|Last Respects|p1a: Houndstone\n|-activate|p1a: Houndstone|move: Protect\n|\n|-weather|Sandstorm|[upkeep]\n|-damage|p2a: Blaziken|73/100|[from] Sandstorm\n|-damage|p2b: Basculegion|40/100|[from] Sandstorm\n|-ability|p2a: Blaziken|Speed Boost|boost\n|-boost|p2a: Blaziken|spe|1\n|upkeep\n|turn|8\n|\n|t:|1788306191\n|move|p2a: Blaziken|Protect|p2a: Blaziken\n|-singleturn|p2a: Blaziken|Protect\n|move|p1a: Houndstone|Last Respects|p2b: Basculegion\n|-supereffective|p2b: Basculegion|1\n|-damage|p2b: Basculegion|0 fnt\n|faint|p2b: Basculegion\n|move|p1b: Tyranitar|Rock Slide|p2a: Blaziken\n|-activate|p2a: Blaziken|move: Protect\n|\n|-weather|Sandstorm|[upkeep]\n|-damage|p2a: Blaziken|68/100|[from] Sandstorm\n|-ability|p2a: Blaziken|Speed Boost|boost\n|-boost|p2a: Blaziken|spe|1\n|upkeep\n|\n|t:|1788306197\n|switch|p2b: Incineroar|Incineroar, L50, M|7/100\n|-ability|p2b: Incineroar|Intimidate|boost\n|-unboost|p1a: Houndstone|atk|1\n|-unboost|p1b: Tyranitar|atk|1\n|turn|9\n|inactive|dawod has 30 seconds left.\n|\n|t:|1788306223\n|move|p2a: Blaziken|Rock Slide|p1b: Tyranitar|[spread] p1a,p1b\n|-damage|p1a: Houndstone|53/100\n|-damage|p1b: Tyranitar|13/100\n|cant|p1a: Houndstone|flinch\n|move|p1b: Tyranitar|Rock Slide|p2b: Incineroar|[spread] p2a\n|-miss|p1b: Tyranitar|p2b: Incineroar\n|-damage|p2a: Blaziken|39/100\n|move|p2b: Incineroar|Lash Out|p1a: Houndstone\n|-supereffective|p1a: Houndstone|1\n|-damage|p1a: Houndstone|0 fnt\n|faint|p1a: Houndstone\n|\n|-weather|Sandstorm|[upkeep]\n|-damage|p2a: Blaziken|33/100|[from] Sandstorm\n|-damage|p2b: Incineroar|1/100|[from] Sandstorm\n|-ability|p2a: Blaziken|Speed Boost|boost\n|-boost|p2a: Blaziken|spe|1\n|upkeep\n|\n|t:|1788306236\n|switch|p1a: Excadrill|Excadrill, L50, F|83/100\n|turn|10\n|\n|t:|1788306251\n|switch|p2b: Kingambit|Kingambit, L50, M|28/100 brn\n|move|p2a: Blaziken|Protect|p2a: Blaziken\n|-singleturn|p2a: Blaziken|Protect\n|move|p1a: Excadrill|Protect|p1a: Excadrill\n|-singleturn|p1a: Excadrill|Protect\n|move|p1b: Tyranitar|Rock Slide|p2b: Kingambit|[spread] p2b\n|-activate|p2a: Blaziken|move: Protect\n|-resisted|p2b: Kingambit|1\n|-damage|p2b: Kingambit|21/100 brn\n|\n|-weather|Sandstorm|[upkeep]\n|-damage|p2a: Blaziken|28/100|[from] Sandstorm\n|-damage|p2b: Kingambit|15/100 brn|[from] brn\n|-ability|p2a: Blaziken|Speed Boost|boost\n|-boost|p2a: Blaziken|spe|1\n|upkeep\n|turn|11\n|\n|t:|1788306270\n|switch|p1a: Venusaur|Venusaur-Mega, L50, M|60/100\n|move|p2a: Blaziken|Flare Blitz|p1a: Venusaur\n|-supereffective|p1a: Venusaur|1\n|-damage|p1a: Venusaur|0 fnt\n|faint|p1a: Venusaur\n|-damage|p2a: Blaziken|4/100|[from] Recoil\n|move|p1b: Tyranitar|Rock Slide|p2a: Blaziken|[spread] p2a,p2b\n|-resisted|p2b: Kingambit|1\n|-damage|p2a: Blaziken|0 fnt\n|-damage|p2b: Kingambit|8/100 brn\n|faint|p2a: Blaziken\n|move|p2b: Kingambit|Iron Head|p1b: Tyranitar\n|-supereffective|p1b: Tyranitar|1\n|-damage|p1b: Tyranitar|0 fnt\n|faint|p1b: Tyranitar\n|\n|-weather|none\n|-damage|p2b: Kingambit|2/100 brn|[from] brn\n|upkeep\n|\n|t:|1788306291\n|switch|p2a: Incineroar|Incineroar, L50, M|1/100\n|switch|p1b: Excadrill|Excadrill, L50, F|83/100\n|-ability|p2a: Incineroar|Intimidate|boost\n|-unboost|p1b: Excadrill|atk|1\n|turn|12\n|\n|t:|1788306304\n|move|p1b: Excadrill|Protect|p1b: Excadrill\n|-singleturn|p1b: Excadrill|Protect\n|move|p2a: Incineroar|Fake Out|p1b: Excadrill\n|-activate|p1b: Excadrill|move: Protect\n|move|p2b: Kingambit|Kowtow Cleave|p1b: Excadrill\n|-activate|p1b: Excadrill|move: Protect\n|\n|-damage|p2b: Kingambit|0 fnt|[from] brn\n|faint|p2b: Kingambit\n|upkeep\n|turn|13\n|\n|t:|1788306318\n|move|p1b: Excadrill|Earthquake|p2a: Incineroar\n|-supereffective|p2a: Incineroar|1\n|-damage|p2a: Incineroar|0 fnt\n|faint|p2a: Incineroar\n|\n|win|dawod\n|raw|dawod's rating: 1397 &rarr; <strong>1413</strong><br />(+16 for winning)\n|raw|altshallah's rating: 1329 &rarr; <strong>1313</strong><br />(-16 for losing)\n|l|☆altshallah\n|player|p2|\n","uploadtime":1788306328,"views":"0","formatid":"gen9championsvgc2026regmb","rating":1313,"private":0,"password":null}