{"id":"gen9championsvgc2026regmb-2674672973","format":"[Gen 9 Champions] VGC 2026 Reg M-B","players":["CeroTRC102","Citrusfunk"],"log":"|j|☆CeroTRC102\n|j|☆Citrusfunk\n|t:|1788388419\n|gametype|doubles\n|player|p1|CeroTRC102|unknown|1080\n|player|p2|Citrusfunk|ryuki|1020\n|gen|9\n|tier|[Gen 9 Champions] VGC 2026 Reg M-B\n|rated|\n|rule|Species Clause: Limit one of each Pokémon\n|rule|Item Clause: Limit 1 of each item\n|clearpoke\n|poke|p1|Jolteon, L50, M|\n|poke|p1|Sylveon, L50, M|\n|poke|p1|Umbreon, L50, M|\n|poke|p1|Vaporeon, L50, M|\n|poke|p1|Espeon, L50, F|\n|poke|p1|Leafeon, L50, F|\n|poke|p2|Malamar, L50, M|\n|poke|p2|Dragonite, L50, F|\n|poke|p2|Pelipper, L50, F|\n|poke|p2|Dragapult, L50, F|\n|poke|p2|Grimmsnarl, L50, M|\n|poke|p2|Archaludon, L50, F|\n|teampreview|4\n|\n|t:|1788388463\n|teamsize|p1|4\n|teamsize|p2|4\n|start\n|switch|p1a: Jolteon|Jolteon, L50, M|100/100\n|switch|p1b: Leafeon|Leafeon, L50, F|100/100\n|switch|p2a: Grimmsnarl|Grimmsnarl, L50, M|100/100\n|switch|p2b: Archaludon|Archaludon, L50, F|100/100\n|turn|1\n|inactive|Battle timer is ON: inactive players will automatically lose when time's up. (requested by Citrusfunk)\n|\n|t:|1788388476\n|move|p1b: Leafeon|Detect|p1b: Leafeon\n|-singleturn|p1b: Leafeon|Protect\n|move|p2a: Grimmsnarl|Light Screen|p2a: Grimmsnarl\n|-sidestart|p2: Citrusfunk|move: Light Screen\n|move|p1a: Jolteon|Electroweb|p2b: Archaludon|[spread] p2a,p2b\n|-resisted|p2b: Archaludon|1\n|-damage|p2a: Grimmsnarl|88/100\n|-damage|p2b: Archaludon|89/100\n|-unboost|p2a: Grimmsnarl|spe|1\n|-unboost|p2b: Archaludon|spe|1\n|-ability|p2b: Archaludon|Stamina|boost\n|-boost|p2b: Archaludon|def|1\n|move|p2b: Archaludon|Electro Shot||[still]\n|-prepare|p2b: Archaludon|Electro Shot\n|-boost|p2b: Archaludon|spa|1\n|\n|-heal|p2b: Archaludon|95/100|[from] item: Leftovers\n|upkeep\n|turn|2\n|\n|t:|1788388497\n|move|p2a: Grimmsnarl|Fake Tears|p1b: Leafeon\n|-unboost|p1b: Leafeon|spd|2\n|move|p1a: Jolteon|Electroweb|p2a: Grimmsnarl|[spread] p2a,p2b\n|-resisted|p2b: Archaludon|1\n|-damage|p2a: Grimmsnarl|77/100\n|-damage|p2b: Archaludon|84/100\n|-unboost|p2a: Grimmsnarl|spe|1\n|-unboost|p2b: Archaludon|spe|1\n|-ability|p2b: Archaludon|Stamina|boost\n|-boost|p2b: Archaludon|def|1\n|move|p1b: Leafeon|Leaf Blade|p2a: Grimmsnarl\n|-damage|p2a: Grimmsnarl|19/100\n|move|p2b: Archaludon|Electro Shot|p1b: Leafeon|[from] lockedmove\n|-resisted|p1b: Leafeon|1\n|-enditem|p1b: Leafeon|Focus Sash\n|-damage|p1b: Leafeon|1/100\n|\n|-heal|p2b: Archaludon|90/100|[from] item: Leftovers\n|upkeep\n|turn|3\n|\n|t:|1788388520\n|move|p1b: Leafeon|Detect|p1b: Leafeon\n|-singleturn|p1b: Leafeon|Protect\n|move|p2a: Grimmsnarl|Reflect|p2a: Grimmsnarl\n|-sidestart|p2: Citrusfunk|Reflect\n|move|p1a: Jolteon|Electroweb|p2a: Grimmsnarl|[spread] p2a\n|-miss|p1a: Jolteon|p2b: Archaludon\n|-damage|p2a: Grimmsnarl|8/100\n|-unboost|p2a: Grimmsnarl|spe|1\n|move|p2b: Archaludon|Flash Cannon|p1a: Jolteon\n|-resisted|p1a: Jolteon|1\n|-damage|p1a: Jolteon|59/100\n|\n|-heal|p2b: Archaludon|96/100|[from] item: Leftovers\n|upkeep\n|turn|4\n|\n|t:|1788388543\n|switch|p1b: Sylveon|Sylveon, L50, M|100/100\n|move|p2a: Grimmsnarl|Fake Tears|p1a: Jolteon\n|-unboost|p1a: Jolteon|spd|2\n|move|p1a: Jolteon|Electroweb|p2b: Archaludon|[spread] p2a,p2b\n|-resisted|p2b: Archaludon|1\n|-damage|p2a: Grimmsnarl|0 fnt\n|-damage|p2b: Archaludon|86/100\n|-unboost|p2b: Archaludon|spe|1\n|-ability|p2b: Archaludon|Stamina|boost\n|-boost|p2b: Archaludon|def|1\n|faint|p2a: Grimmsnarl\n|move|p2b: Archaludon|Flash Cannon|p1a: Jolteon\n|-resisted|p1a: Jolteon|1\n|-damage|p1a: Jolteon|0 fnt\n|faint|p1a: Jolteon\n|\n|-heal|p2b: Archaludon|92/100|[from] item: Leftovers\n|upkeep\n|\n|t:|1788388568\n|switch|p1a: Espeon|Espeon, L50, F|100/100\n|switch|p2a: Malamar|Malamar, L50, M|100/100\n|turn|5\n|\n|t:|1788388581\n|move|p2a: Malamar|Protect|p2a: Malamar\n|-singleturn|p2a: Malamar|Protect\n|move|p1b: Sylveon|Hyper Voice|p2b: Archaludon|[spread] p2b\n|-activate|p2a: Malamar|move: Protect\n|-damage|p2b: Archaludon|32/100\n|-ability|p2b: Archaludon|Stamina|boost\n|-boost|p2b: Archaludon|def|1\n|-damage|p1b: Sylveon|90/100|[from] item: Life Orb\n|move|p2b: Archaludon|Flash Cannon|p1b: Sylveon\n|-supereffective|p1b: Sylveon|1\n|-damage|p1b: Sylveon|8/100\n|-unboost|p1b: Sylveon|spd|1\n|move|p1a: Espeon|Trick Room|p1a: Espeon\n|-fieldstart|move: Trick Room|[of] p1a: Espeon\n|\n|-heal|p2b: Archaludon|38/100|[from] item: Leftovers\n|upkeep\n|turn|6\n|inactive|CeroTRC102 has 30 seconds left.\n|inactive|Citrusfunk has 30 seconds left.\n|\n|t:|1788388615\n|move|p2b: Archaludon|Protect|p2b: Archaludon\n|-singleturn|p2b: Archaludon|Protect\n|move|p1a: Espeon|Detect|p1a: Espeon\n|-singleturn|p1a: Espeon|Protect\n|move|p1b: Sylveon|Hyper Voice|p2b: Archaludon|[spread] p2a\n|-activate|p2b: Archaludon|move: Protect\n|-supereffective|p2a: Malamar|1\n|-enditem|p2a: Malamar|Roseli Berry|[eat]\n|-enditem|p2a: Malamar|Roseli Berry|[weaken]\n|-damage|p2a: Malamar|55/100\n|-damage|p1b: Sylveon|0 fnt|[from] item: Life Orb\n|faint|p1b: Sylveon\n|move|p2a: Malamar|Knock Off|p1a: Espeon\n|-activate|p1a: Espeon|move: Protect\n|\n|-heal|p2b: Archaludon|44/100|[from] item: Leftovers\n|upkeep\n|\n|t:|1788388629\n|switch|p1b: Leafeon|Leafeon, L50, F|1/100\n|turn|7\n|inactive|Citrusfunk has 30 seconds left.\n|\n|t:|1788388656\n|move|p2a: Malamar|Protect|p2a: Malamar\n|-singleturn|p2a: Malamar|Protect\n|move|p2b: Archaludon|Flash Cannon|p1b: Leafeon\n|-damage|p1b: Leafeon|0 fnt\n|faint|p1b: Leafeon\n|move|p1a: Espeon|Psychic|p2b: Archaludon\n|-resisted|p2b: Archaludon|1\n|-damage|p2b: Archaludon|23/100\n|-ability|p2b: Archaludon|Stamina|boost\n|-boost|p2b: Archaludon|def|1\n|\n|-heal|p2b: Archaludon|29/100|[from] item: Leftovers\n|upkeep\n|turn|8\n|c|☆CeroTRC102|gg\n|\n|t:|1788388671\n|move|p2b: Archaludon|Draco Meteor|p1a: Espeon\n|-damage|p1a: Espeon|0 fnt\n|-unboost|p2b: Archaludon|spa|2\n|faint|p1a: Espeon\n|\n|win|Citrusfunk\n|raw|CeroTRC102's rating: 1080 &rarr; <strong>1054</strong><br />(-26 for losing)\n|raw|Citrusfunk's rating: 1020 &rarr; <strong>1063</strong><br />(+43 for winning)\n","uploadtime":1788388678,"views":"0","formatid":"gen9championsvgc2026regmb","rating":1054,"private":0,"password":null}