{"id":"gen9championsvgc2026regmbbo3-2674432891","format":"[Gen 9 Champions] VGC 2026 Reg M-B (Bo3)","players":["Joriot","Jorgitomyte331"],"log":"|j|☆Joriot\n|j|☆Jorgitomyte331\n|html|<table width=\"100%\"><tr><td align=\"left\">Joriot</td><td align=\"right\">Jorgitomyte331</tr><tr><td align=\"left\"><i class=\"fa fa-circle-o\"></i> <i class=\"fa fa-circle-o\"></i> </td><td align=\"right\"><i class=\"fa fa-circle-o\"></i> <i class=\"fa fa-circle-o\"></i> </tr></table>\n|uhtml|bestof|<h2><strong>Game 1</strong> of <a href=\"/game-bestof3-gen9championsvgc2026regmbbo3-2674432890\">a best-of-3</a></h2>\n|t:|1788359192\n|gametype|doubles\n|player|p1|Joriot|265|1287\n|player|p2|Jorgitomyte331|silver|1388\n|gen|9\n|tier|[Gen 9 Champions] VGC 2026 Reg M-B (Bo3)\n|rated|\n|rule|Species Clause: Limit one of each Pokémon\n|rule|Item Clause: Limit 1 of each item\n|clearpoke\n|poke|p1|Ninetales-Alola, L50, F, shiny|\n|poke|p1|Incineroar, L50, M|\n|poke|p1|Dragonite, L50, F, shiny|\n|poke|p1|Sneasler, L50, M|\n|poke|p1|Gengar, L50, F, shiny|\n|poke|p1|Swampert, L50, F|\n|poke|p2|Tsareena, L50, F|\n|poke|p2|Kingambit, L50, F|\n|poke|p2|Sylveon, L50, F|\n|poke|p2|Aerodactyl, L50, F|\n|poke|p2|Raichu, L50, F|\n|poke|p2|Sneasler, L50, F|\n|teampreview|4\n|showteam|p1|Ninetales-Alola||ChoiceScarf|SnowWarning|Blizzard,FreezeDry,IcyWind,Encore|Timid||F|||50|]Incineroar||SitrusBerry|Intimidate|FlareBlitz,ThroatChop,FakeOut,PartingShot|Impish||M|||50|]Dragonite||LifeOrb|InnerFocus|DragonClaw,Superpower,ExtremeSpeed,Protect|Adamant||F|||50|]Sneasler||FocusSash|Unburden|CloseCombat,DireClaw,RockSlide,Protect|Adamant||M|||50|]Gengar||Gengarite|CursedBody|SludgeBomb,ShadowBall,Substitute,Protect|Timid||F|||50|]Swampert||Leftovers|Torrent|HighHorsepower,FlipTurn,Yawn,Protect|Relaxed||F|||50|\n|showteam|p2|Tsareena||FocusSash|QueenlyMajesty|PowerWhip,LowKick,TripleAxel,Protect|Jolly||F|||50|]Kingambit||LifeOrb|Defiant|KowtowCleave,SuckerPunch,SwordsDance,Protect|Adamant||F|||50|]Sylveon||FairyFeather|Pixilate|HyperVoice,Yawn,HyperBeam,Detect|Modest||F|||50|]Aerodactyl||Aerodactylite|Unnerve|DualWingbeat,RockSlide,Tailwind,Protect|Jolly||F|||50|]Raichu||RaichuniteY|LightningRod|ZapCannon,FocusBlast,FakeOut,Protect|Timid||F|||50|]Sneasler||WhiteHerb|Unburden|FakeOut,CloseCombat,DireClaw,Protect|Jolly||F|||50|\n|\n|t:|1788359274\n|teamsize|p1|4\n|teamsize|p2|4\n|start\n|switch|p1a: Gengar|Gengar, L50, F, shiny|100/100\n|switch|p1b: Incineroar|Incineroar, L50, M|100/100\n|switch|p2a: Aerodactyl|Aerodactyl, L50, F|100/100\n|switch|p2b: Sneasler|Sneasler, L50, F|100/100\n|-ability|p2a: Aerodactyl|Unnerve\n|-ability|p1b: Incineroar|Intimidate|boost\n|-unboost|p2a: Aerodactyl|atk|1\n|-unboost|p2b: Sneasler|atk|1\n|-enditem|p2b: Sneasler|White Herb\n|-clearnegativeboost|p2b: Sneasler|[silent]\n|turn|1\n|\n|t:|1788359330\n|switch|p2a: Tsareena|Tsareena, L50, F|100/100\n|switch|p1b: Swampert|Swampert, L50, F|100/100\n|detailschange|p1a: Gengar|Gengar-Mega, L50, F, shiny\n|-mega|p1a: Gengar|Gengar|Gengarite\n|move|p2b: Sneasler|Close Combat|p1b: Swampert\n|-damage|p1b: Swampert|52/100\n|-unboost|p2b: Sneasler|def|1\n|-unboost|p2b: Sneasler|spd|1\n|move|p1a: Gengar|Substitute|p1a: Gengar\n|-start|p1a: Gengar|Substitute\n|-damage|p1a: Gengar|75/100\n|\n|-heal|p1b: Swampert|58/100|[from] item: Leftovers\n|upkeep\n|turn|2\n|\n|t:|1788359358\n|switch|p1b: Incineroar|Incineroar, L50, M|100/100\n|-ability|p1b: Incineroar|Intimidate|boost\n|-unboost|p2a: Tsareena|atk|1\n|-unboost|p2b: Sneasler|atk|1\n|move|p2b: Sneasler|Close Combat|p1b: Incineroar\n|-supereffective|p1b: Incineroar|1\n|-damage|p1b: Incineroar|40/100\n|-unboost|p2b: Sneasler|def|1\n|-unboost|p2b: Sneasler|spd|1\n|-enditem|p1b: Incineroar|Sitrus Berry|[eat]\n|-heal|p1b: Incineroar|65/100|[from] item: Sitrus Berry\n|move|p1a: Gengar|Sludge Bomb|p2a: Tsareena\n|-supereffective|p2a: Tsareena|1\n|-enditem|p2a: Tsareena|Focus Sash\n|-damage|p2a: Tsareena|1/100\n|move|p2a: Tsareena|Power Whip|p1b: Incineroar|[miss]\n|-miss|p2a: Tsareena|p1b: Incineroar\n|\n|upkeep\n|turn|3\n|\n|t:|1788359391\n|switch|p1b: Swampert|Swampert, L50, F|58/100\n|move|p2a: Tsareena|Protect|p2a: Tsareena\n|-singleturn|p2a: Tsareena|Protect\n|move|p2b: Sneasler|Close Combat|p1b: Swampert\n|-damage|p1b: Swampert|28/100\n|-unboost|p2b: Sneasler|def|1\n|-unboost|p2b: Sneasler|spd|1\n|move|p1a: Gengar|Shadow Ball|p2b: Sneasler\n|-damage|p2b: Sneasler|0 fnt\n|faint|p2b: Sneasler\n|\n|-heal|p1b: Swampert|33/100|[from] item: Leftovers\n|upkeep\n|\n|t:|1788359396\n|switch|p2b: Kingambit|Kingambit, L50, F|100/100\n|turn|4\n|\n|t:|1788359431\n|move|p1a: Gengar|Shadow Ball|p2a: Tsareena\n|-damage|p2a: Tsareena|0 fnt\n|faint|p2a: Tsareena\n|move|p1b: Swampert|Yawn|p2b: Kingambit\n|-start|p2b: Kingambit|move: Yawn|[of] p1b: Swampert\n|move|p2b: Kingambit|Kowtow Cleave|p1a: Gengar\n|-supereffective|p1a: Gengar|1\n|-end|p1a: Gengar|Substitute\n|-damage|p2b: Kingambit|90/100|[from] item: Life Orb\n|\n|-heal|p1b: Swampert|39/100|[from] item: Leftovers\n|upkeep\n|\n|t:|1788359438\n|switch|p2a: Aerodactyl|Aerodactyl, L50, F|100/100\n|-ability|p2a: Aerodactyl|Unnerve\n|turn|5\n|\n|t:|1788359467\n|detailschange|p2a: Aerodactyl|Aerodactyl-Mega, L50, F\n|-mega|p2a: Aerodactyl|Aerodactyl|Aerodactylite\n|move|p1a: Gengar|Protect|p1a: Gengar\n|-singleturn|p1a: Gengar|Protect\n|move|p1b: Swampert|Protect|p1b: Swampert\n|-singleturn|p1b: Swampert|Protect\n|move|p2a: Aerodactyl|Rock Slide|p1a: Gengar|[spread] \n|-activate|p1a: Gengar|move: Protect\n|-activate|p1b: Swampert|move: Protect\n|move|p2b: Kingambit|Swords Dance|p2b: Kingambit\n|-boost|p2b: Kingambit|atk|2\n|\n|-heal|p1b: Swampert|45/100|[from] item: Leftovers\n|-end|p2b: Kingambit|move: Yawn|[silent]\n|-status|p2b: Kingambit|slp\n|upkeep\n|turn|6\n|\n|t:|1788359498\n|move|p2a: Aerodactyl|Tailwind|p2a: Aerodactyl\n|-sidestart|p2: Jorgitomyte331|move: Tailwind\n|move|p1a: Gengar|Shadow Ball|p2a: Aerodactyl\n|-damage|p2a: Aerodactyl|47/100\n|cant|p2b: Kingambit|slp\n|move|p1b: Swampert|High Horsepower|p2b: Kingambit\n|-supereffective|p2b: Kingambit|1\n|-damage|p2b: Kingambit|40/100 slp\n|\n|-heal|p1b: Swampert|51/100|[from] item: Leftovers\n|upkeep\n|turn|7\n|\n|t:|1788359518\n|move|p2a: Aerodactyl|Rock Slide|p1b: Swampert|[spread] p1a,p1b\n|-resisted|p1b: Swampert|1\n|-damage|p1a: Gengar|40/100\n|-damage|p1b: Swampert|41/100\n|cant|p1a: Gengar|flinch\n|-curestatus|p2b: Kingambit|slp|[msg]\n|move|p2b: Kingambit|Kowtow Cleave|p1b: Swampert\n|-damage|p1b: Swampert|0 fnt\n|faint|p1b: Swampert\n|-damage|p2b: Kingambit|30/100|[from] item: Life Orb\n|\n|upkeep\n|\n|t:|1788359530\n|switch|p1b: Incineroar|Incineroar, L50, M|65/100\n|-ability|p1b: Incineroar|Intimidate|boost\n|-unboost|p2a: Aerodactyl|atk|1\n|-unboost|p2b: Kingambit|atk|1\n|-ability|p2b: Kingambit|Defiant|boost\n|-boost|p2b: Kingambit|atk|2\n|turn|8\n|\n|t:|1788359540\n|move|p1b: Incineroar|Fake Out|p2b: Kingambit\n|-resisted|p2b: Kingambit|1\n|-damage|p2b: Kingambit|26/100\n|move|p2a: Aerodactyl|Dual Wingbeat|p1a: Gengar|[miss]\n|-miss|p2a: Aerodactyl|p1a: Gengar\n|move|p1a: Gengar|Shadow Ball|p2a: Aerodactyl\n|-damage|p2a: Aerodactyl|0 fnt\n|faint|p2a: Aerodactyl\n|cant|p2b: Kingambit|flinch\n|\n|upkeep\n|turn|9\n|-message|Jorgitomyte331 forfeited.\n|\n|win|Joriot\n|l|☆Jorgitomyte331\n|player|p2|\n||Jorgitomyte331 is ready for game 2.\n||Joriot is ready for game 2.\n|uhtml|next|Next: <a href=\"/battle-gen9championsvgc2026regmbbo3-2674435854\"><strong>Game 2 of 3</strong></a>\n","uploadtime":1788360026,"views":"1","formatid":"gen9championsvgc2026regmbbo3","rating":null,"private":0,"password":null}