{"id":"gen9championsvgc2026regmb-2674503935","format":"[Gen 9 Champions] VGC 2026 Reg M-B","players":["bruhdnigerian","solariangirl"],"log":"|j|☆bruhdnigerian\n|j|☆solariangirl\n|t:|1788367543\n|gametype|doubles\n|player|p1|bruhdnigerian|lance|1160\n|player|p2|solariangirl|hilda|1090\n|gen|9\n|tier|[Gen 9 Champions] VGC 2026 Reg M-B\n|rated|\n|rule|Species Clause: Limit one of each Pokémon\n|rule|Item Clause: Limit 1 of each item\n|clearpoke\n|poke|p1|Pangoro, L50, F|\n|poke|p1|Chandelure, L50, F|\n|poke|p1|Spiritomb, L50, F|\n|poke|p1|Bastiodon, L50, M|\n|poke|p1|Sneasler, L50, M|\n|poke|p1|Espeon, L50, F|\n|poke|p2|Primarina, L50, F|\n|poke|p2|Incineroar, L50, M|\n|poke|p2|Gengar, L50, F|\n|poke|p2|Pelipper, L50, F|\n|poke|p2|Sneasler, L50, M|\n|poke|p2|Tsareena, L50, F|\n|teampreview|4\n|inactive|Battle timer is ON: inactive players will automatically lose when time's up. (requested by bruhdnigerian)\nbruhdnigerian rejected open team sheets.\n|inactive|solariangirl has 60 seconds left.\n|\n|t:|1788367575\n|teamsize|p1|4\n|teamsize|p2|4\n|start\n|switch|p1a: Sneasler|Sneasler, L50, M|100/100\n|switch|p1b: Bastiodon|Bastiodon, L50, M|100/100\n|switch|p2a: Pelipper|Pelipper, L50, F|100/100\n|switch|p2b: Primarina|Primarina, L50, F|100/100\n|-ability|p1a: Sneasler|Pressure\n|-weather|RainDance|[from] ability: Drizzle|[of] p2a: Pelipper\n|turn|1\n|inactive|solariangirl has 30 seconds left.\n|\n|t:|1788367610\n|move|p2b: Primarina|Protect|p2b: Primarina\n|-singleturn|p2b: Primarina|Protect\n|move|p1a: Sneasler|Fake Out|p2a: Pelipper\n|-damage|p2a: Pelipper|87/100\n|cant|p2a: Pelipper|flinch\n|move|p1b: Bastiodon|Stealth Rock|p2a: Pelipper\n|-sidestart|p2: solariangirl|move: Stealth Rock\n|\n|-weather|RainDance|[upkeep]\n|upkeep\n|turn|2\n|\n|t:|1788367627\n|move|p1b: Bastiodon|Wide Guard|p1b: Bastiodon\n|-singleturn|p1b: Bastiodon|Wide Guard\n|move|p1a: Sneasler|Dire Claw|p2b: Primarina\n|-supereffective|p2b: Primarina|1\n|-damage|p2b: Primarina|0 fnt\n|faint|p2b: Primarina\n|move|p2a: Pelipper|Tailwind|p2a: Pelipper\n|-sidestart|p2: solariangirl|move: Tailwind\n|\n|-weather|RainDance|[upkeep]\n|upkeep\n|\n|t:|1788367636\n|switch|p2b: Incineroar|Incineroar, L50, M|100/100\n|-damage|p2b: Incineroar|75/100|[from] Stealth Rock\n|-ability|p2b: Incineroar|Intimidate|boost\n|-unboost|p1a: Sneasler|atk|1\n|-unboost|p1b: Bastiodon|atk|1\n|-enditem|p1a: Sneasler|White Herb\n|-clearnegativeboost|p1a: Sneasler|[silent]\n|turn|3\n|inactive|solariangirl has 30 seconds left.\n|\n|t:|1788367668\n|move|p1a: Sneasler|Protect|p1a: Sneasler\n|-singleturn|p1a: Sneasler|Protect\n|move|p2a: Pelipper|Weather Ball|p1b: Bastiodon\n|-supereffective|p1b: Bastiodon|1\n|-damage|p1b: Bastiodon|20/100y\n|move|p2b: Incineroar|Will-O-Wisp|p1b: Bastiodon\n|-status|p1b: Bastiodon|brn\n|move|p1b: Bastiodon|Metal Burst|p2a: Pelipper\n|-damage|p2a: Pelipper|0 fnt\n|faint|p2a: Pelipper\n|\n|-weather|RainDance|[upkeep]\n|-damage|p1b: Bastiodon|14/100 brn|[from] brn\n|upkeep\n|\n|t:|1788367681\n|switch|p2a: Gengar|Gengar, L50, F|100/100\n|-damage|p2a: Gengar|87/100|[from] Stealth Rock\n|turn|4\n|\n|t:|1788367700\n|detailschange|p2a: Gengar|Gengar-Mega, L50, F\n|-mega|p2a: Gengar|Gengar|Gengarite\n|move|p2a: Gengar|Protect|p2a: Gengar\n|-singleturn|p2a: Gengar|Protect\n|move|p1a: Sneasler|Close Combat|p2b: Incineroar\n|-supereffective|p2b: Incineroar|1\n|-damage|p2b: Incineroar|0 fnt\n|-unboost|p1a: Sneasler|def|1\n|-unboost|p1a: Sneasler|spd|1\n|faint|p2b: Incineroar\n|move|p1b: Bastiodon|Roar||[still]\n|-fail|p1b: Bastiodon\n|\n|-weather|RainDance|[upkeep]\n|-damage|p1b: Bastiodon|8/100 brn|[from] brn\n|upkeep\n|turn|5\n|\n|t:|1788367717\n|move|p2a: Gengar|Shadow Ball|p1a: Sneasler\n|-damage|p1a: Sneasler|1/100\n|move|p1a: Sneasler|Dire Claw|p2a: Gengar\n|-resisted|p2a: Gengar|2\n|-damage|p2a: Gengar|76/100\n|move|p1b: Bastiodon|Metal Burst||[still]\n|-fail|p1b: Bastiodon\n|\n|-weather|none\n|-damage|p1b: Bastiodon|2/100 brn|[from] brn\n|-sideend|p2: solariangirl|move: Tailwind\n|upkeep\n|turn|6\n|\n|t:|1788367728\n|move|p1a: Sneasler|Dire Claw|p2a: Gengar\n|-resisted|p2a: Gengar|2\n|-damage|p2a: Gengar|65/100\n|move|p2a: Gengar|Shadow Ball|p1a: Sneasler\n|-damage|p1a: Sneasler|0 fnt\n|faint|p1a: Sneasler\n|move|p1b: Bastiodon|Metal Burst||[still]\n|-fail|p1b: Bastiodon\n|\n|-damage|p1b: Bastiodon|0 fnt|[from] brn\n|faint|p1b: Bastiodon\n|upkeep\n|\n|t:|1788367736\n|switch|p1a: Spiritomb|Spiritomb, L50, F|100/100\n|switch|p1b: Pangoro|Pangoro, L50, F|100/100\n|turn|7\n|\n|t:|1788367746\n|move|p2a: Gengar|Shadow Ball|p1a: Spiritomb\n|-damage|p1a: Spiritomb|61/100\n|move|p1b: Pangoro|Knock Off|p2a: Gengar\n|-supereffective|p2a: Gengar|1\n|-damage|p2a: Gengar|0 fnt\n|faint|p2a: Gengar\n|\n|win|bruhdnigerian\n|raw|bruhdnigerian's rating: 1160 &rarr; <strong>1180</strong><br />(+20 for winning)\n|raw|solariangirl's rating: 1090 &rarr; <strong>1071</strong><br />(-19 for losing)\n|l|☆solariangirl\n|player|p2|\n","uploadtime":1788367756,"views":"1","formatid":"gen9championsvgc2026regmb","rating":1071,"private":0,"password":null}