{"id":"gen9championsvgc2026regmbbo3-2674132151","format":"[Gen 9 Champions] VGC 2026 Reg M-B (Bo3)","players":["ConnorBarritos213","iloveiqos"],"log":"|j|☆ConnorBarritos213\n|j|☆iloveiqos\n|html|<table width=\"100%\"><tr><td align=\"left\">ConnorBarritos213</td><td align=\"right\">iloveiqos</tr><tr><td align=\"left\"><i class=\"fa fa-circle\"></i> <i class=\"fa fa-circle-o\"></i> </td><td align=\"right\"><i class=\"fa fa-circle-o\"></i> <i class=\"fa fa-circle-o\"></i> </tr></table>\n|uhtml|bestof|<h2><strong>Game 2</strong> of <a href=\"/game-bestof3-gen9championsvgc2026regmbbo3-2674130184\">a best-of-3</a></h2>\n|t:|1788303849\n|gametype|doubles\n|player|p1|ConnorBarritos213|morty|1280\n|player|p2|iloveiqos|ghetsis|1178\n|gen|9\n|tier|[Gen 9 Champions] VGC 2026 Reg M-B (Bo3)\n|rated|\n|rule|Species Clause: Limit one of each Pokémon\n|rule|Item Clause: Limit 1 of each item\n|clearpoke\n|poke|p1|Venusaur, L50, M|\n|poke|p1|Charizard, L50, M|\n|poke|p1|Grimmsnarl, L50, M|\n|poke|p1|Archaludon, L50, F|\n|poke|p1|Swampert, L50, F|\n|poke|p1|Pelipper, L50, F|\n|poke|p2|Aerodactyl, L50, F|\n|poke|p2|Raichu, L50, M|\n|poke|p2|Sneasler, L50, M|\n|poke|p2|Sylveon, L50, F|\n|poke|p2|Kingambit, L50, F|\n|poke|p2|Tsareena, L50, F|\n|teampreview|4\n|showteam|p1|Venusaur||FocusSash|Chlorophyll|SludgeBomb,LeafStorm,SleepPowder,Protect|Modest||M|||50|]Charizard||CharizarditeY|Blaze|Protect,HeatWave,AncientPower,WeatherBall|Modest||M|||50|]Grimmsnarl||LightClay|Prankster|SpiritBreak,LightScreen,Reflect,PartingShot|Sassy||M|||50|]Archaludon||Leftovers|Stamina|ElectroShot,DragonPulse,FlashCannon,Protect|Calm||F|||50|]Swampert||Swampertite|Torrent|WaveCrash,IcePunch,Earthquake,Protect|Adamant||F|||50|]Pelipper||SitrusBerry|Drizzle|Hurricane,WeatherBall,Tailwind,WideGuard|Modest||F|||50|\n|showteam|p2|Aerodactyl||Aerodactylite|Unnerve|RockSlide,DualWingbeat,Tailwind,Protect|Jolly||F|||50|]Raichu||RaichuniteY|LightningRod|ZapCannon,FocusBlast,FakeOut,Protect|Timid||M|||50|]Sneasler||WhiteHerb|Unburden|CloseCombat,DireClaw,FakeOut,Feint|Jolly||M|||50|]Sylveon||FairyFeather|Pixilate|HyperVoice,HyperBeam,Yawn,Protect|Modest||F|||50|]Kingambit||LifeOrb|Defiant|KowtowCleave,SuckerPunch,SwordsDance,Protect|Adamant||F|||50|]Tsareena||FocusSash|QueenlyMajesty|PowerWhip,TripleAxel,LowKick,Protect|Jolly||F|||50|\n|\n|t:|1788303897\n|teamsize|p1|4\n|teamsize|p2|4\n|start\n|switch|p1a: Grimmsnarl|Grimmsnarl, L50, M|100/100\n|switch|p1b: Swampert|Swampert, L50, F|100/100\n|switch|p2a: Sneasler|Sneasler, L50, M|100/100\n|switch|p2b: Tsareena|Tsareena, L50, F|100/100\n|turn|1\n|\n|t:|1788303931\n|detailschange|p1b: Swampert|Swampert-Mega, L50, F\n|-mega|p1b: Swampert|Swampert|Swampertite\n|move|p1b: Swampert|Protect|p1b: Swampert\n|-singleturn|p1b: Swampert|Protect\n|move|p2a: Sneasler|Feint|p1b: Swampert\n|-activate|p1b: Swampert|move: Feint\n|-damage|p1b: Swampert|90/100\n|move|p1a: Grimmsnarl|Reflect|p1a: Grimmsnarl\n|-sidestart|p1: ConnorBarritos213|Reflect\n|move|p2b: Tsareena|Power Whip|p1b: Swampert\n|-supereffective|p1b: Swampert|2\n|-damage|p1b: Swampert|0 fnt\n|faint|p1b: Swampert\n|\n|upkeep\n|\n|t:|1788303944\n|switch|p1b: Archaludon|Archaludon, L50, F|100/100\n|turn|2\n|\n|t:|1788303969\n|move|p1b: Archaludon|Protect|p1b: Archaludon\n|-singleturn|p1b: Archaludon|Protect\n|move|p2a: Sneasler|Dire Claw|p1a: Grimmsnarl\n|-supereffective|p1a: Grimmsnarl|1\n|-damage|p1a: Grimmsnarl|48/100\n|-status|p1a: Grimmsnarl|par\n|move|p2b: Tsareena|Power Whip|p1a: Grimmsnarl\n|-damage|p1a: Grimmsnarl|6/100 par\n|move|p1a: Grimmsnarl|Spirit Break|p2b: Tsareena\n|-crit|p2b: Tsareena\n|-damage|p2b: Tsareena|49/100\n|-unboost|p2b: Tsareena|spa|1\n|\n|upkeep\n|turn|3\n|\n|t:|1788304003\n|switch|p1b: Pelipper|Pelipper, L50, F|100/100\n|-weather|RainDance|[from] ability: Drizzle|[of] p1b: Pelipper\n|move|p2a: Sneasler|Close Combat|p1b: Pelipper\n|-resisted|p1b: Pelipper|1\n|-damage|p1b: Pelipper|80/100\n|-unboost|p2a: Sneasler|def|1\n|-unboost|p2a: Sneasler|spd|1\n|-enditem|p2a: Sneasler|White Herb\n|-clearnegativeboost|p2a: Sneasler|[silent]\n|move|p2b: Tsareena|Triple Axel|p1a: Grimmsnarl\n|-damage|p1a: Grimmsnarl|1/100 par\n|-damage|p1a: Grimmsnarl|0 fnt\n|faint|p1a: Grimmsnarl\n|-hitcount|p1: Grimmsnarl|2\n|\n|-weather|RainDance|[upkeep]\n|upkeep\n|\n|t:|1788304015\n|switch|p1a: Archaludon|Archaludon, L50, F|100/100\n|turn|4\n|\n|t:|1788304050\n|switch|p2b: Raichu|Raichu, L50, M|100/100\n|move|p1a: Archaludon|Protect|p1a: Archaludon\n|-singleturn|p1a: Archaludon|Protect\n|move|p2a: Sneasler|Close Combat|p1a: Archaludon\n|-activate|p1a: Archaludon|move: Protect\n|move|p1b: Pelipper|Hurricane|p2a: Sneasler\n|-supereffective|p2a: Sneasler|1\n|-damage|p2a: Sneasler|0 fnt\n|faint|p2a: Sneasler\n|\n|-weather|RainDance|[upkeep]\n|upkeep\n|\n|t:|1788304065\n|switch|p2a: Sylveon|Sylveon, L50, F|100/100\n|turn|5\n|\n|t:|1788304080\n|detailschange|p2b: Raichu|Raichu-Mega-Y, L50, M\n|-mega|p2b: Raichu|Raichu|Raichunite Y\n|move|p2b: Raichu|Zap Cannon|p1b: Pelipper\n|-supereffective|p1b: Pelipper|2\n|-damage|p1b: Pelipper|0 fnt\n|faint|p1b: Pelipper\n|move|p1a: Archaludon|Dragon Pulse|p2b: Raichu\n|-damage|p2b: Raichu|50/100y\n|move|p2a: Sylveon|Yawn|p1a: Archaludon\n|-start|p1a: Archaludon|move: Yawn|[of] p2a: Sylveon\n|\n|-weather|RainDance|[upkeep]\n|upkeep\n|turn|6\n|\n|t:|1788304093\n|move|p2b: Raichu|Focus Blast|p1a: Archaludon\n|-supereffective|p1a: Archaludon|1\n|-damage|p1a: Archaludon|23/100\n|-ability|p1a: Archaludon|Stamina|boost\n|-boost|p1a: Archaludon|def|1\n|move|p1a: Archaludon|Flash Cannon|p2a: Sylveon\n|-supereffective|p2a: Sylveon|1\n|-damage|p2a: Sylveon|46/100\n|move|p2a: Sylveon|Hyper Voice|p1a: Archaludon\n|-damage|p1a: Archaludon|0 fnt\n|faint|p1a: Archaludon\n|\n|win|iloveiqos\n|l|☆ConnorBarritos213\n|player|p1|\n||ConnorBarritos213 is ready for game 3.\n||iloveiqos is ready for game 3.\n|uhtml|next|Next: <a href=\"/battle-gen9championsvgc2026regmbbo3-2674133804\"><strong>Game 3 of 3</strong></a>\n","uploadtime":1788304497,"views":"0","formatid":"gen9championsvgc2026regmbbo3","rating":null,"private":0,"password":null}