{"id":"gen9championsvgc2026regmb-2674556445","format":"[Gen 9 Champions] VGC 2026 Reg M-B","players":["joeyblaze2","Noobiedoobie537"],"log":"|j|☆joeyblaze2\n|j|☆Noobiedoobie537\n|t:|1788373576\n|gametype|doubles\n|player|p1|joeyblaze2|cynthia-gen4|1356\n|player|p2|Noobiedoobie537|lucas-gen4pt|1296\n|gen|9\n|tier|[Gen 9 Champions] VGC 2026 Reg M-B\n|rated|\n|rule|Species Clause: Limit one of each Pokémon\n|rule|Item Clause: Limit 1 of each item\n|clearpoke\n|poke|p1|Raichu, L50, F|\n|poke|p1|Kingambit, L50, F|\n|poke|p1|Arcanine-Hisui, L50, M|\n|poke|p1|Ninetales-Alola, L50, M|\n|poke|p1|Gengar, L50, F|\n|poke|p1|Sylveon, L50, F|\n|poke|p2|Reuniclus, L50, M, shiny|\n|poke|p2|Farigiraf, L50, M|\n|poke|p2|Sneasler, L50, M|\n|poke|p2|Pelipper, L50, M|\n|poke|p2|Swampert, L50, F|\n|poke|p2|Mawile, L50, M|\n|teampreview|4\n|inactive|Battle timer is ON: inactive players will automatically lose when time's up. (requested by joeyblaze2)\n|\n|t:|1788373614\n|teamsize|p1|4\n|teamsize|p2|4\n|start\n|switch|p1a: Gengar|Gengar, L50, F|100/100\n|switch|p1b: Sylveon|Sylveon, L50, F|100/100\n|switch|p2a: sukuna|Reuniclus, L50, M, shiny|100/100\n|switch|p2b: Harryhardtr|Farigiraf, L50, M|100/100\n|turn|1\n|\n|t:|1788373633\n|detailschange|p1a: Gengar|Gengar-Mega, L50, F\n|-mega|p1a: Gengar|Gengar|Gengarite\n|move|p1a: Gengar|Shadow Ball|p2a: sukuna\n|-supereffective|p2a: sukuna|1\n|-damage|p2a: sukuna|1/100\n|-unboost|p2a: sukuna|spd|1\n|move|p1b: Sylveon|Hyper Voice|p2b: Harryhardtr|[spread] p2a,p2b\n|-damage|p2a: sukuna|0 fnt\n|-damage|p2b: Harryhardtr|57/100\n|faint|p2a: sukuna\n|move|p2b: Harryhardtr|Trick Room|p2b: Harryhardtr\n|-fieldstart|move: Trick Room|[of] p2b: Harryhardtr\n|\n|upkeep\n|\n|t:|1788373644\n|switch|p2a: mawilemax|Mawile, L50, M|100/100\n|-ability|p2a: mawilemax|Intimidate|boost\n|-unboost|p1a: Gengar|atk|1\n|-unboost|p1b: Sylveon|atk|1\n|turn|2\n|\n|t:|1788373657\n|switch|p1b: Arcanine|Arcanine-Hisui, L50, M|100/100\n|detailschange|p2a: mawilemax|Mawile-Mega, L50, M\n|-mega|p2a: mawilemax|Mawile|Mawilite\n|move|p1a: Gengar|Protect|p1a: Gengar\n|-singleturn|p1a: Gengar|Protect\n|move|p2a: mawilemax|Iron Head|p1b: Arcanine\n|-damage|p1b: Arcanine|4/100\n|move|p2b: Harryhardtr|Psychic|p1a: Gengar\n|-activate|p1a: Gengar|move: Protect\n|\n|upkeep\n|turn|3\n|inactive|joeyblaze2 has 30 seconds left.\n|\n|t:|1788373688\n|move|p1b: Arcanine|Protect|p1b: Arcanine\n|-singleturn|p1b: Arcanine|Protect\n|move|p2a: mawilemax|Iron Head|p1a: Gengar\n|-damage|p1a: Gengar|0 fnt\n|faint|p1a: Gengar\n|move|p2b: Harryhardtr|Psychic|p1b: Arcanine\n|-activate|p1b: Arcanine|move: Protect\n|\n|upkeep\n|\n|t:|1788373701\n|switch|p1a: Sylveon|Sylveon, L50, F|100/100\n|turn|4\n|\n|t:|1788373709\n|move|p1a: Sylveon|Detect|p1a: Sylveon\n|-singleturn|p1a: Sylveon|Protect\n|move|p1b: Arcanine|Protect|p1b: Arcanine\n|-singleturn|p1b: Arcanine|Protect\n|move|p2a: mawilemax|Iron Head|p1a: Sylveon\n|-activate|p1a: Sylveon|move: Protect\n|move|p2b: Harryhardtr|Psychic|p1b: Arcanine\n|-activate|p1b: Arcanine|move: Protect\n|\n|upkeep\n|turn|5\n|inactive|joeyblaze2 has 30 seconds left.\n|\n|t:|1788373739\n|switch|p1b: Ninetales|Ninetales-Alola, L50, M|100/100\n|-weather|Snowscape|[from] ability: Snow Warning|[of] p1b: Ninetales\n|move|p2a: mawilemax|Iron Head|p1a: Sylveon\n|-supereffective|p1a: Sylveon|1\n|-damage|p1a: Sylveon|0 fnt\n|faint|p1a: Sylveon\n|move|p2b: Harryhardtr|Psychic|p1b: Ninetales\n|-damage|p1b: Ninetales|56/100\n|\n|-weather|Snowscape|[upkeep]\n|-fieldend|move: Trick Room\n|upkeep\n|\n|t:|1788373749\n|switch|p1a: Arcanine|Arcanine-Hisui, L50, M|4/100\n|turn|6\n|\n|t:|1788373756\n|move|p2a: mawilemax|Sucker Punch|p1a: Arcanine\n|-damage|p1a: Arcanine|0 fnt\n|faint|p1a: Arcanine\n|move|p1b: Ninetales|Blizzard|p2a: mawilemax|[spread] p2a,p2b\n|-resisted|p2a: mawilemax|1\n|-damage|p2a: mawilemax|82/100\n|-damage|p2b: Harryhardtr|29/100\n|-enditem|p2b: Harryhardtr|Sitrus Berry|[eat]\n|-heal|p2b: Harryhardtr|54/100|[from] item: Sitrus Berry\n|move|p2b: Harryhardtr|Trick Room|p2b: Harryhardtr\n|-fieldstart|move: Trick Room|[of] p2b: Harryhardtr\n|\n|-weather|Snowscape|[upkeep]\n|upkeep\n|turn|7\n|-message|joeyblaze2 forfeited.\n|\n|win|Noobiedoobie537\n|raw|joeyblaze2's rating: 1356 &rarr; <strong>1333</strong><br />(-23 for losing)\n|raw|Noobiedoobie537's rating: 1296 &rarr; <strong>1325</strong><br />(+29 for winning)\n|l|☆joeyblaze2\n|player|p1|\n","uploadtime":1788373768,"views":"0","formatid":"gen9championsvgc2026regmb","rating":1325,"private":0,"password":null}