{"id":"gen9championsvgc2026regmb-2673976771","format":"[Gen 9 Champions] VGC 2026 Reg M-B","players":["ScribbleScribble","ScraggyFan"],"log":"|j|☆ScribbleScribble\n|j|‽ScraggyFan\n|t:|1788283967\n|gametype|doubles\n|player|p1|ScribbleScribble|mina-lgpe|1717\n|player|p2|ScraggyFan|101|1593\n|gen|9\n|tier|[Gen 9 Champions] VGC 2026 Reg M-B\n|rated|\n|rule|Species Clause: Limit one of each Pokémon\n|rule|Item Clause: Limit 1 of each item\n|clearpoke\n|poke|p1|Gholdengo, L50|\n|poke|p1|Garchomp, L50, F|\n|poke|p1|Charizard, L50, M, shiny|\n|poke|p1|Farigiraf, L50, F|\n|poke|p1|Whimsicott, L50, F, shiny|\n|poke|p1|Basculegion, L50, M, shiny|\n|poke|p2|Archaludon, L50, M|\n|poke|p2|Dragonite, L50, F|\n|poke|p2|Sinistcha, L50|\n|poke|p2|Politoed, L50, M|\n|poke|p2|Sableye, L50, M, shiny|\n|poke|p2|Venusaur, L50, F|\n|teampreview|4\n|inactive|Battle timer is ON: inactive players will automatically lose when time's up. (requested by ScribbleScribble)\n|inactive|ScraggyFan also wants the timer to be on.\n|\n|t:|1788283993\n|teamsize|p1|4\n|teamsize|p2|4\n|start\n|switch|p1a: Whimsicott|Whimsicott, L50, F, shiny|100/100\n|switch|p1b: Gholdengo|Gholdengo, L50|100/100\n|switch|p2a: Venusaur|Venusaur, L50, F|100/100\n|switch|p2b: Sableye|Sableye, L50, M, shiny|100/100\n|turn|1\n|\n|t:|1788284005\n|detailschange|p2a: Venusaur|Venusaur-Mega, L50, F\n|-mega|p2a: Venusaur|Venusaur|Venusaurite\n|move|p1a: Whimsicott|Moonblast|p2b: Sableye\n|-supereffective|p2b: Sableye|1\n|-damage|p2b: Sableye|19/100\n|move|p2a: Venusaur|Earth Power|p1b: Gholdengo\n|-supereffective|p1b: Gholdengo|1\n|-damage|p1b: Gholdengo|32/100\n|move|p1b: Gholdengo|Nasty Plot|p1b: Gholdengo\n|-boost|p1b: Gholdengo|spa|2\n|move|p2b: Sableye|Foul Play|p1b: Gholdengo\n|-supereffective|p1b: Gholdengo|1\n|-damage|p1b: Gholdengo|0 fnt\n|faint|p1b: Gholdengo\n|\n|upkeep\n|\n|t:|1788284013\n|switch|p1b: Charizard|Charizard, L50, M, shiny|100/100\n|turn|2\n|\n|t:|1788284024\n|move|p1a: Whimsicott|Encore|p2a: Venusaur\n|-start|p2a: Venusaur|Encore\n|move|p2b: Sableye|Rain Dance|p2b: Sableye\n|-weather|RainDance\n|move|p2a: Venusaur|Earth Power|p1b: Charizard\n|-immune|p1b: Charizard\n|move|p1b: Charizard|Heat Wave|p2b: Sableye|[spread] p2a,p2b\n|-supereffective|p2a: Venusaur|1\n|-damage|p2a: Venusaur|87/100\n|-damage|p2b: Sableye|1/100\n|-status|p2b: Sableye|brn\n|\n|-weather|RainDance|[upkeep]\n|-damage|p2b: Sableye|0 fnt|[from] brn\n|faint|p2b: Sableye\n|upkeep\n|\n|t:|1788284032\n|switch|p2b: Archaludon|Archaludon, L50, M|100/100\n|turn|3\n|inactive|ScraggyFan has 30 seconds left.\n|\n|t:|1788284064\n|switch|p2a: Politoed|Politoed, L50, M|100/100\n|detailschange|p1b: Charizard|Charizard-Mega-Y, L50, M, shiny\n|-mega|p1b: Charizard|Charizard|Charizardite Y\n|-weather|SunnyDay|[from] ability: Drought|[of] p1b: Charizard\n|move|p2b: Archaludon|Protect|p2b: Archaludon\n|-singleturn|p2b: Archaludon|Protect\n|move|p1a: Whimsicott|Moonblast|p2b: Archaludon\n|-activate|p2b: Archaludon|move: Protect\n|move|p1b: Charizard|Weather Ball|p2b: Archaludon\n|-activate|p2b: Archaludon|move: Protect\n|\n|-weather|SunnyDay|[upkeep]\n|upkeep\n|turn|4\n|inactive|ScribbleScribble has 30 seconds left.\n|inactive|ScribbleScribble has 20 seconds left.\n|inactive|ScribbleScribble has 15 seconds left.\n|\n|t:|1788284105\n|switch|p2b: Venusaur|Venusaur-Mega, L50, F|87/100\n|move|p2a: Politoed|Protect|p2a: Politoed\n|-singleturn|p2a: Politoed|Protect\n|move|p1a: Whimsicott|Moonblast|p2a: Politoed\n|-activate|p2a: Politoed|move: Protect\n|move|p1b: Charizard|Solar Beam||[still]\n|-prepare|p1b: Charizard|Solar Beam\n|-anim|p1b: Charizard|Solar Beam|p2a: Politoed\n|-activate|p2a: Politoed|move: Protect\n|\n|-weather|SunnyDay|[upkeep]\n|upkeep\n|turn|5\n|inactive|ScraggyFan has 30 seconds left.\n|inactive|ScraggyFan has 20 seconds left.\n|inactive|ScraggyFan has 15 seconds left.\n|inactive|ScraggyFan has 10 seconds left.\n|inactive|ScraggyFan has 5 seconds left.\n|\n|t:|1788284156\n|switch|p2a: Archaludon|Archaludon, L50, M|100/100\n|move|p1a: Whimsicott|Encore||[still]\n|-fail|p1a: Whimsicott\n|move|p2b: Venusaur|Sludge Bomb|p1a: Whimsicott\n|-supereffective|p1a: Whimsicott|2\n|-enditem|p1a: Whimsicott|Focus Sash\n|-damage|p1a: Whimsicott|1/100\n|-status|p1a: Whimsicott|psn\n|move|p1b: Charizard|Heat Wave|p2b: Venusaur|[spread] p2a,p2b\n|-supereffective|p2b: Venusaur|1\n|-damage|p2a: Archaludon|31/100\n|-damage|p2b: Venusaur|26/100\n|-status|p2a: Archaludon|brn\n|-status|p2b: Venusaur|brn\n|-ability|p2a: Archaludon|Stamina|boost\n|-boost|p2a: Archaludon|def|1\n|\n|-weather|SunnyDay|[upkeep]\n|-heal|p2a: Archaludon|37/100 brn|[from] item: Leftovers\n|-damage|p1a: Whimsicott|0 fnt|[from] psn\n|faint|p1a: Whimsicott\n|-damage|p2b: Venusaur|20/100y brn|[from] brn\n|-damage|p2a: Archaludon|31/100 brn|[from] brn\n|upkeep\n|\n|t:|1788284159\n|switch|p1a: Garchomp|Garchomp, L50, F|100/100\n|turn|6\n|inactive|ScraggyFan has 30 seconds left.\n|inactive|ScraggyFan has 20 seconds left.\n|\n|t:|1788284197\n|switch|p2b: Politoed|Politoed, L50, M|100/100\n|-weather|RainDance|[from] ability: Drizzle|[of] p2b: Politoed\n|move|p1a: Garchomp|Earthquake|p2a: Archaludon|[spread] p2a,p2b\n|-immune|p1b: Charizard\n|-supereffective|p2a: Archaludon|1\n|-damage|p2a: Archaludon|0 fnt\n|-damage|p2b: Politoed|50/100y\n|faint|p2a: Archaludon\n|-damage|p1a: Garchomp|90/100|[from] item: Life Orb\n|move|p1b: Charizard|Weather Ball|p2b: Politoed\n|-resisted|p2b: Politoed|1\n|-damage|p2b: Politoed|21/100\n|\n|-weather|RainDance|[upkeep]\n|upkeep\n|\n|t:|1788284205\n|switch|p2a: Venusaur|Venusaur-Mega, L50, F|20/100y brn\n|turn|7\n|inactive|ScribbleScribble has 30 seconds left.\n|inactive|ScraggyFan has 30 seconds left.\n|inactive|ScribbleScribble has 20 seconds left.\n|inactive|ScraggyFan has 20 seconds left.\n|inactive|ScribbleScribble has 15 seconds left.\n|inactive|ScraggyFan has 15 seconds left.\n|inactive|ScribbleScribble has 10 seconds left.\n|inactive|ScraggyFan has 10 seconds left.\n|\n|t:|1788284253\n|move|p1a: Garchomp|Earthquake|p2a: Venusaur|[spread] p2a,p2b\n|-immune|p1b: Charizard\n|-damage|p2a: Venusaur|0 fnt\n|-damage|p2b: Politoed|0 fnt\n|faint|p2a: Venusaur\n|faint|p2b: Politoed\n|-damage|p1a: Garchomp|80/100|[from] item: Life Orb\n|\n|win|ScribbleScribble\n|raw|ScribbleScribble's rating: 1739 &rarr; <strong>1751</strong><br />(+12 for winning)\n|raw|ScraggyFan's rating: 1593 &rarr; <strong>1581</strong><br />(-12 for losing)\n|l|☆ScribbleScribble\n|player|p1|\n","uploadtime":1788284592,"views":"1","formatid":"gen9championsvgc2026regmb","rating":1581,"private":0,"password":null}