{"id":"gen9championsvgc2026regmb-2674899436","format":"[Gen 9 Champions] VGC 2026 Reg M-B","players":["Dondylion8","Thornlace48812"],"log":"|j|☆Dondylion8\n|j|☆Thornlace48812\n|t:|1788432116\n|gametype|doubles\n|player|p1|Dondylion8|shadowtriad|1342\n|player|p2|Thornlace48812|102|1269\n|gen|9\n|tier|[Gen 9 Champions] VGC 2026 Reg M-B\n|rated|\n|rule|Species Clause: Limit one of each Pokémon\n|rule|Item Clause: Limit 1 of each item\n|clearpoke\n|poke|p1|Annihilape, L50, M|\n|poke|p1|Grimmsnarl, L50, M|\n|poke|p1|Steelix, L50, M|\n|poke|p1|Rotom-Heat, L50|\n|poke|p1|Primarina, L50, F|\n|poke|p1|Gengar, L50, M|\n|poke|p2|Garchomp, L50, M|\n|poke|p2|Charizard, L50, F|\n|poke|p2|Whimsicott, L50, M|\n|poke|p2|Sylveon, L50, F|\n|poke|p2|Kingambit, L50, F|\n|poke|p2|Basculegion, L50, M|\n|teampreview|4\n|inactive|Battle timer is ON: inactive players will automatically lose when time's up. (requested by Thornlace48812)\nThornlace48812 rejected open team sheets.\n|inactive|Dondylion8 has 60 seconds left.\n|\n|t:|1788432149\n|teamsize|p1|4\n|teamsize|p2|4\n|start\n|switch|p1a: Grimmsnarl|Grimmsnarl, L50, M|100/100\n|switch|p1b: Rotom|Rotom-Heat, L50|100/100\n|switch|p2a: Charizard|Charizard, L50, F|100/100\n|switch|p2b: Garchomp|Garchomp, L50, M|100/100\n|turn|1\n|\n|t:|1788432158\n|detailschange|p2a: Charizard|Charizard-Mega-Y, L50, F\n|-mega|p2a: Charizard|Charizard|Charizardite Y\n|-weather|SunnyDay|[from] ability: Drought|[of] p2a: Charizard\n|move|p1a: Grimmsnarl|Reflect|p1a: Grimmsnarl\n|-sidestart|p1: Dondylion8|Reflect\n|move|p1b: Rotom|Volt Switch|p2a: Charizard\n|-supereffective|p2a: Charizard|1\n|-crit|p2a: Charizard\n|-damage|p2a: Charizard|1/100\n|\n|t:|1788432168\n|switch|p1b: Primarina|Primarina, L50, F|100/100|[from] Volt Switch\n|move|p2b: Garchomp|Earthquake|p1a: Grimmsnarl|[spread] p1a,p1b\n|-immune|p2a: Charizard\n|-crit|p1b: Primarina\n|-damage|p1a: Grimmsnarl|60/100\n|-damage|p1b: Primarina|25/100\n|-enditem|p1b: Primarina|Sitrus Berry|[eat]\n|-heal|p1b: Primarina|49/100|[from] item: Sitrus Berry\n|-damage|p2b: Garchomp|90/100|[from] item: Life Orb\n|move|p2a: Charizard|Heat Wave|p1a: Grimmsnarl|[spread] p1a,p1b\n|-resisted|p1b: Primarina|1\n|-damage|p1a: Grimmsnarl|5/100\n|-damage|p1b: Primarina|18/100\n|\n|-weather|SunnyDay|[upkeep]\n|upkeep\n|turn|2\n|\n|t:|1788432188\n|switch|p2a: Whimsicott|Whimsicott, L50, M|100/100\n|move|p1b: Primarina|Protect|p1b: Primarina\n|-singleturn|p1b: Primarina|Protect\n|move|p1a: Grimmsnarl|Light Screen|p1a: Grimmsnarl\n|-sidestart|p1: Dondylion8|move: Light Screen\n|move|p2b: Garchomp|Earthquake|p1b: Primarina|[spread] p2a,p1a\n|-activate|p1b: Primarina|move: Protect\n|-resisted|p2a: Whimsicott|1\n|-damage|p2a: Whimsicott|62/100\n|-damage|p1a: Grimmsnarl|0 fnt\n|faint|p1a: Grimmsnarl\n|-damage|p2b: Garchomp|80/100|[from] item: Life Orb\n|\n|-weather|SunnyDay|[upkeep]\n|upkeep\n|\n|t:|1788432201\n|switch|p1a: Steelix|Steelix, L50, M|100/100\n|turn|3\n|\n|t:|1788432211\n|move|p1a: Steelix|Wide Guard|p1a: Steelix\n|-singleturn|p1a: Steelix|Wide Guard\n|move|p2a: Whimsicott|Tailwind|p2a: Whimsicott\n|-sidestart|p2: Thornlace48812|move: Tailwind\n|move|p2b: Garchomp|Earthquake|p1b: Primarina|[spread] p2a\n|-activate|p1a: Steelix|move: Wide Guard\n|-activate|p1b: Primarina|move: Wide Guard\n|-resisted|p2a: Whimsicott|1\n|-damage|p2a: Whimsicott|24/100\n|-damage|p2b: Garchomp|70/100|[from] item: Life Orb\n|move|p1b: Primarina|Draining Kiss|p2b: Garchomp\n|-supereffective|p2b: Garchomp|1\n|-damage|p2b: Garchomp|11/100\n|-heal|p1b: Primarina|65/100|[from] drain|[of] p2b: Garchomp\n|-damage|p1b: Primarina|53/100|[from] ability: Rough Skin|[of] p2b: Garchomp\n|\n|-weather|SunnyDay|[upkeep]\n|upkeep\n|turn|4\n|\n|t:|1788432233\n|move|p1a: Steelix|Wide Guard|p1a: Steelix\n|-singleturn|p1a: Steelix|Wide Guard\n|move|p2a: Whimsicott|Moonblast|p1b: Primarina\n|-damage|p1b: Primarina|30/100\n|move|p2b: Garchomp|Dragon Claw|p1b: Primarina\n|-immune|p1b: Primarina\n|move|p1b: Primarina|Calm Mind|p1b: Primarina\n|-boost|p1b: Primarina|spa|1\n|-boost|p1b: Primarina|spd|1\n|\n|-weather|SunnyDay|[upkeep]\n|upkeep\n|turn|5\n|inactive|Dondylion8 has 30 seconds left.\n|\n|t:|1788432261\n|move|p1a: Steelix|Wide Guard|p1a: Steelix\n|-singleturn|p1a: Steelix|Wide Guard\n|move|p2a: Whimsicott|Moonblast|p1b: Primarina\n|-damage|p1b: Primarina|16/100\n|move|p2b: Garchomp|Earthquake|p1b: Primarina|[spread] p2a\n|-activate|p1a: Steelix|move: Wide Guard\n|-activate|p1b: Primarina|move: Wide Guard\n|-resisted|p2a: Whimsicott|1\n|-damage|p2a: Whimsicott|0 fnt\n|faint|p2a: Whimsicott\n|-damage|p2b: Garchomp|1/100|[from] item: Life Orb\n|move|p1b: Primarina|Draining Kiss|p2b: Garchomp\n|-supereffective|p2b: Garchomp|1\n|-damage|p2b: Garchomp|0 fnt\n|-heal|p1b: Primarina|17/100|[from] drain|[of] p2b: Garchomp\n|-damage|p1b: Primarina|5/100|[from] ability: Rough Skin|[of] p2b: Garchomp\n|faint|p2b: Garchomp\n|\n|-weather|none\n|upkeep\n|\n|t:|1788432262\n|switch|p2a: Sylveon|Sylveon, L50, F|100/100\n|switch|p2b: Charizard|Charizard-Mega-Y, L50, F|1/100\n|-weather|SunnyDay|[from] ability: Drought|[of] p2b: Charizard\n|turn|6\n|inactive|Dondylion8 has 30 seconds left.\n|\n|t:|1788432290\n|move|p1b: Primarina|Protect|p1b: Primarina\n|-singleturn|p1b: Primarina|Protect\n|move|p2b: Charizard|Heat Wave|p1a: Steelix|[spread] p1a\n|-activate|p1b: Primarina|move: Protect\n|-supereffective|p1a: Steelix|1\n|-ability|p1a: Steelix|Sturdy\n|-damage|p1a: Steelix|1/100\n|move|p2a: Sylveon|Hyper Voice|p1b: Primarina|[spread] p1a\n|-activate|p1b: Primarina|move: Protect\n|-resisted|p1a: Steelix|1\n|-damage|p1a: Steelix|0 fnt\n|faint|p1a: Steelix\n|\n|-weather|SunnyDay|[upkeep]\n|-sideend|p2: Thornlace48812|move: Tailwind\n|upkeep\n|\n|t:|1788432301\n|switch|p1a: Rotom|Rotom-Heat, L50|100/100\n|turn|7\n|\n|t:|1788432313\n|move|p2b: Charizard|Protect|p2b: Charizard\n|-singleturn|p2b: Charizard|Protect\n|move|p1a: Rotom|Electroweb|p2a: Sylveon|[spread] p2a\n|-activate|p2b: Charizard|move: Protect\n|-damage|p2a: Sylveon|86/100\n|-unboost|p2a: Sylveon|spe|1\n|move|p1b: Primarina|Draining Kiss|p2a: Sylveon\n|-crit|p2a: Sylveon\n|-damage|p2a: Sylveon|42/100\n|-heal|p1b: Primarina|40/100|[from] drain|[of] p2a: Sylveon\n|move|p2a: Sylveon|Hyper Voice|p1b: Primarina|[spread] p1a,p1b\n|-resisted|p1a: Rotom|1\n|-damage|p1a: Rotom|77/100\n|-damage|p1b: Primarina|20/100y\n|\n|-weather|SunnyDay|[upkeep]\n|upkeep\n|turn|8\n|\n|t:|1788432336\n|move|p1a: Rotom|Electroweb|p2a: Sylveon|[spread] p2a,p2b\n|-supereffective|p2b: Charizard|1\n|-damage|p2a: Sylveon|28/100\n|-damage|p2b: Charizard|0 fnt\n|-unboost|p2a: Sylveon|spe|1\n|faint|p2b: Charizard\n|move|p1b: Primarina|Hyper Voice|p2a: Sylveon\n|-damage|p2a: Sylveon|4/100\n|move|p2a: Sylveon|Hyper Voice|p1b: Primarina|[spread] p1a,p1b\n|-resisted|p1a: Rotom|1\n|-damage|p1a: Rotom|57/100\n|-damage|p1b: Primarina|0 fnt\n|faint|p1b: Primarina\n|\n|-weather|SunnyDay|[upkeep]\n|-sideend|p1: Dondylion8|Reflect\n|upkeep\n|turn|9\n|\n|t:|1788432346\n|move|p1a: Rotom|Electroweb|p2a: Sylveon\n|-damage|p2a: Sylveon|0 fnt\n|faint|p2a: Sylveon\n|\n|win|Dondylion8\n|raw|Dondylion8's rating: 1342 &rarr; <strong>1357</strong><br />(+15 for winning)\n|raw|Thornlace48812's rating: 1250 &rarr; <strong>1231</strong><br />(-19 for losing)\n","uploadtime":1788432346,"views":"0","formatid":"gen9championsvgc2026regmb","rating":1231,"private":0,"password":null}