{"id":"gen9championsvgc2026regmbbo3-2673548927","format":"[Gen 9 Champions] VGC 2026 Reg M-B (Bo3)","players":["averagememer57","javivaarela"],"log":"|j|☆averagememer57\n|j|☆javivaarela\n|html|<table width=\"100%\"><tr><td align=\"left\">averagememer57</td><td align=\"right\">javivaarela</tr><tr><td align=\"left\"><i class=\"fa fa-circle-o\"></i> <i class=\"fa fa-circle-o\"></i> </td><td align=\"right\"><i class=\"fa fa-circle-o\"></i> <i class=\"fa fa-circle\"></i> </tr></table>\n|uhtml|bestof|<h2><strong>Game 2</strong> of <a href=\"/game-bestof3-gen9championsvgc2026regmbbo3-2673548095\">a best-of-3</a></h2>\n|t:|1788211666\n|gametype|doubles\n|player|p1|averagememer57|1|1335\n|player|p2|javivaarela|shadowtriad|1367\n|gen|9\n|tier|[Gen 9 Champions] VGC 2026 Reg M-B (Bo3)\n|rated|\n|rule|Species Clause: Limit one of each Pokémon\n|rule|Item Clause: Limit 1 of each item\n|clearpoke\n|poke|p1|Audino, L50, F|\n|poke|p1|Archaludon, L50, F|\n|poke|p1|Pelipper, L50, F|\n|poke|p1|Farigiraf, L50, M|\n|poke|p1|Swampert, L50, F|\n|poke|p1|Kingambit, L50, F|\n|poke|p2|Staraptor, L50, M, shiny|\n|poke|p2|Arcanine-Hisui, L50, M, shiny|\n|poke|p2|Kingambit, L50, F, shiny|\n|poke|p2|Sylveon, L50, M, shiny|\n|poke|p2|Raichu, L50, F, shiny|\n|poke|p2|Farigiraf, L50, F, shiny|\n|teampreview|4\n|showteam|p1|Audino||Audinite|Regenerator|DazzlingGleam,TrickRoom,Yawn,AllySwitch|Calm||F|||50|]Archaludon||Leftovers|Stamina|ElectroShot,DragonPulse,FlashCannon,Protect|Modest||F|||50|]Pelipper||ChoiceScarf|Drizzle|WeatherBall,Hurricane,IcyWind,RainDance|Timid||F|||50|]Farigiraf||SitrusBerry|ArmorTail|TwinBeam,GrassKnot,HelpingHand,TrickRoom|Bold||M|||50|]Swampert||Swampertite|Torrent|WaveCrash,Earthquake,IcePunch,Protect|Adamant||F|||50|]Kingambit||LifeOrb|Defiant|KowtowCleave,SuckerPunch,SwordsDance,Protect|Adamant||F|||50|\n|showteam|p2|Staraptor||Staraptite|Intimidate|DualWingbeat,CloseCombat,Tailwind,Protect|Jolly||M|||50|]Arcanine-Hisui||FocusSash|RockHead|FlareBlitz,HeadSmash,ExtremeSpeed,Protect|Jolly||M|||50|]Kingambit||LifeOrb|Defiant|KowtowCleave,SuckerPunch,SwordsDance,Protect|Adamant||F|||50|]Sylveon||FairyFeather|Pixilate|HyperVoice,HyperBeam,QuickAttack,Detect|Modest||M|||50|]Raichu||RaichuniteY|LightningRod|ZapCannon,FocusBlast,FakeOut,Protect|Timid||F|||50|]Farigiraf||SitrusBerry|ArmorTail|Psychic,HelpingHand,TrickRoom,Protect|Calm||F|||50|\n|inactive|Battle timer is ON: inactive players will automatically lose when time's up. (requested by averagememer57)\n|\n|t:|1788211684\n|teamsize|p1|4\n|teamsize|p2|4\n|start\n|switch|p1a: Audino|Audino, L50, F|100/100\n|switch|p1b: Pelipper|Pelipper, L50, F|100/100\n|switch|p2a: Flower Man|Staraptor, L50, M, shiny|100/100\n|switch|p2b: WrathofKhan|Kingambit, L50, F, shiny|100/100\n|-weather|RainDance|[from] ability: Drizzle|[of] p1b: Pelipper\n|-ability|p2a: Flower Man|Intimidate|boost\n|-unboost|p1a: Audino|atk|1\n|-unboost|p1b: Pelipper|atk|1\n|turn|1\n|j| Enclay\n|inactive|javivaarela has 30 seconds left.\n|inactive|javivaarela has 20 seconds left.\n|\n|t:|1788211722\n|move|p2a: Flower Man|Protect|p2a: Flower Man\n|-singleturn|p2a: Flower Man|Protect\n|move|p1b: Pelipper|Hurricane|p2a: Flower Man\n|-activate|p2a: Flower Man|move: Protect\n|move|p2b: WrathofKhan|Swords Dance|p2b: WrathofKhan\n|-boost|p2b: WrathofKhan|atk|2\n|move|p1a: Audino|Yawn|p2b: WrathofKhan\n|-start|p2b: WrathofKhan|move: Yawn|[of] p1a: Audino\n|\n|-weather|RainDance|[upkeep]\n|upkeep\n|turn|2\n|\n|t:|1788211736\n|switch|p1b: Swampert|Swampert, L50, F|100/100\n|detailschange|p2a: Flower Man|Staraptor-Mega, L50, M, shiny\n|-mega|p2a: Flower Man|Staraptor|Staraptite\n|move|p2b: WrathofKhan|Sucker Punch||[still]\n|-fail|p2b: WrathofKhan\n|move|p2a: Flower Man|Close Combat|p1b: Swampert\n|-damage|p1b: Swampert|32/100\n|-boost|p2a: Flower Man|def|1\n|-boost|p2a: Flower Man|spd|1\n|move|p1a: Audino|Yawn|p2a: Flower Man\n|-start|p2a: Flower Man|move: Yawn|[of] p1a: Audino\n|\n|-weather|RainDance|[upkeep]\n|-end|p2b: WrathofKhan|move: Yawn|[silent]\n|-status|p2b: WrathofKhan|slp\n|upkeep\n|turn|3\n|inactive|javivaarela has 30 seconds left.\n|\n|t:|1788211765\n|detailschange|p1b: Swampert|Swampert-Mega, L50, F\n|-mega|p1b: Swampert|Swampert|Swampertite\n|move|p1a: Audino|Ally Switch|p1a: Audino\n|swap|p1a: Audino|1|[from] move: Ally Switch\n|move|p1a: Swampert|Ice Punch|p2a: Flower Man\n|-supereffective|p2a: Flower Man|1\n|-damage|p2a: Flower Man|61/100\n|move|p2a: Flower Man|Tailwind|p2a: Flower Man\n|-sidestart|p2: javivaarela|move: Tailwind\n|cant|p2b: WrathofKhan|slp\n|\n|-weather|RainDance|[upkeep]\n|-end|p2a: Flower Man|move: Yawn|[silent]\n|-status|p2a: Flower Man|slp\n|upkeep\n|turn|4\n|\n|t:|1788211783\n|cant|p2b: WrathofKhan|slp\n|cant|p2a: Flower Man|slp\n|move|p1a: Swampert|Earthquake|p2b: WrathofKhan|[spread] p1b,p2b\n|-immune|p2a: Flower Man\n|-supereffective|p2b: WrathofKhan|1\n|-crit|p2b: WrathofKhan\n|-damage|p1b: Audino|61/100\n|-damage|p2b: WrathofKhan|0 fnt\n|faint|p2b: WrathofKhan\n|move|p1b: Audino|Dazzling Gleam|p2a: Flower Man\n|-supereffective|p2a: Flower Man|1\n|-damage|p2a: Flower Man|40/100 slp\n|\n|-weather|RainDance|[upkeep]\n|upkeep\n|\n|t:|1788211807\n|switch|p2b: Sadie Sink|Sylveon, L50, M, shiny|100/100\n|turn|5\n|\n|t:|1788211831\n|switch|p1a: Archaludon|Archaludon, L50, F|100/100\n|cant|p2a: Flower Man|slp\n|move|p2b: Sadie Sink|Hyper Voice|p1a: Archaludon|[spread] p1a,p1b\n|-damage|p1a: Archaludon|50/100g\n|-damage|p1b: Audino|22/100\n|-ability|p1a: Archaludon|Stamina|boost\n|-boost|p1a: Archaludon|def|1\n|move|p1b: Audino|Dazzling Gleam|p2b: Sadie Sink|[spread] p2a,p2b\n|-supereffective|p2a: Flower Man|1\n|-damage|p2a: Flower Man|25/100 slp\n|-damage|p2b: Sadie Sink|92/100\n|\n|-weather|none\n|-heal|p1a: Archaludon|56/100|[from] item: Leftovers\n|upkeep\n|turn|6\n|\n|t:|1788211854\n|move|p1a: Archaludon|Protect|p1a: Archaludon\n|-singleturn|p1a: Archaludon|Protect\n|-curestatus|p2a: Flower Man|slp|[msg]\n|move|p2a: Flower Man|Close Combat|p1b: Audino\n|-supereffective|p1b: Audino|1\n|-damage|p1b: Audino|0 fnt\n|-boost|p2a: Flower Man|def|1\n|-boost|p2a: Flower Man|spd|1\n|faint|p1b: Audino\n|move|p2b: Sadie Sink|Hyper Voice|p1a: Archaludon\n|-activate|p1a: Archaludon|move: Protect\n|\n|-heal|p1a: Archaludon|63/100|[from] item: Leftovers\n|-sideend|p2: javivaarela|move: Tailwind\n|upkeep\n|\n|t:|1788211866\n|switch|p1b: Swampert|Swampert-Mega, L50, F|32/100\n|turn|7\n|\n|t:|1788211877\n|switch|p1a: Pelipper|Pelipper, L50, F|100/100\n|-weather|RainDance|[from] ability: Drizzle|[of] p1a: Pelipper\n|move|p1b: Swampert|Wave Crash|p2b: Sadie Sink\n|-damage|p2b: Sadie Sink|0 fnt\n|faint|p2b: Sadie Sink\n|-damage|p1b: Swampert|0 fnt|[from] Recoil\n|faint|p1b: Swampert\n|move|p2a: Flower Man|Close Combat|p1a: Pelipper\n|-resisted|p1a: Pelipper|1\n|-damage|p1a: Pelipper|62/100\n|-boost|p2a: Flower Man|def|1\n|-boost|p2a: Flower Man|spd|1\n|\n|-weather|RainDance|[upkeep]\n|upkeep\n|\n|t:|1788211890\n|switch|p1b: Archaludon|Archaludon, L50, F|63/100\n|switch|p2b: Big Chu|Raichu, L50, F, shiny|100/100\n|turn|8\n|l| Enclay\n|\n|t:|1788211907\n|move|p2b: Big Chu|Fake Out|p1a: Pelipper\n|-damage|p1a: Pelipper|52/100\n|cant|p1a: Pelipper|flinch\n|move|p2a: Flower Man|Tailwind|p2a: Flower Man\n|-sidestart|p2: javivaarela|move: Tailwind\n|move|p1b: Archaludon|Dragon Pulse|p2b: Big Chu\n|-damage|p2b: Big Chu|47/100\n|\n|-weather|RainDance|[upkeep]\n|-heal|p1b: Archaludon|69/100|[from] item: Leftovers\n|upkeep\n|turn|9\n|\n|t:|1788211928\n|move|p2a: Flower Man|Protect|p2a: Flower Man\n|-singleturn|p2a: Flower Man|Protect\n|move|p2b: Big Chu|Zap Cannon|p1a: Pelipper\n|-supereffective|p1a: Pelipper|2\n|-damage|p1a: Pelipper|0 fnt\n|faint|p1a: Pelipper\n|move|p1b: Archaludon|Dragon Pulse|p2a: Flower Man\n|-activate|p2a: Flower Man|move: Protect\n|\n|-weather|RainDance|[upkeep]\n|-heal|p1b: Archaludon|75/100|[from] item: Leftovers\n|upkeep\n|turn|10\n|-message|averagememer57 forfeited.\n|\n|win|javivaarela\n|raw|averagememer57's rating: 1335 &rarr; <strong>1317</strong><br />(-18 for losing)\n|raw|javivaarela's rating: 1367 &rarr; <strong>1385</strong><br />(+18 for winning)\n","uploadtime":1788211934,"views":"0","formatid":"gen9championsvgc2026regmbbo3","rating":1317,"private":0,"password":null}