{"id":"gen9championsvgc2026regmb-2674279567","format":"[Gen 9 Champions] VGC 2026 Reg M-B","players":["yardslop2","xshaft"],"log":"|j|☆yardslop2\n|j|☆xshaft\n|t:|1788330276\n|gametype|doubles\n|player|p1|yardslop2|266|1691\n|player|p2|xshaft|170|1732\n|gen|9\n|tier|[Gen 9 Champions] VGC 2026 Reg M-B\n|rated|\n|rule|Species Clause: Limit one of each Pokémon\n|rule|Item Clause: Limit 1 of each item\n|clearpoke\n|poke|p1|Charizard, L50, M|\n|poke|p1|Kingambit, L50, M|\n|poke|p1|Sylveon, L50, M|\n|poke|p1|Aerodactyl, L50, F|\n|poke|p1|Garchomp, L50, F|\n|poke|p1|Farigiraf, L50, F|\n|poke|p2|Charizard, L50, M|\n|poke|p2|Venusaur, L50, F|\n|poke|p2|Pelipper, L50, M|\n|poke|p2|Archaludon, L50, F|\n|poke|p2|Grimmsnarl, L50, M|\n|poke|p2|Swampert, L50, F|\n|teampreview|4\n|inactive|Battle timer is ON: inactive players will automatically lose when time's up. (requested by yardslop2)\n|\n|t:|1788330312\n|teamsize|p1|4\n|teamsize|p2|4\n|start\n|switch|p1a: Charizard|Charizard, L50, M|100/100\n|switch|p1b: Farigiraf|Farigiraf, L50, F|100/100\n|switch|p2a: Swampert|Swampert, L50, F|100/100\n|switch|p2b: Grimmsnarl|Grimmsnarl, L50, M|100/100\n|turn|1\n|inactive|xshaft has 30 seconds left.\n|inactive|xshaft has 20 seconds left.\n|\n|t:|1788330349\n|detailschange|p1a: Charizard|Charizard-Mega-Y, L50, M\n|-mega|p1a: Charizard|Charizard|Charizardite Y\n|-weather|SunnyDay|[from] ability: Drought|[of] p1a: Charizard\n|move|p2a: Swampert|Protect|p2a: Swampert\n|-singleturn|p2a: Swampert|Protect\n|move|p2b: Grimmsnarl|Light Screen|p2b: Grimmsnarl\n|-sidestart|p2: xshaft|move: Light Screen\n|move|p1a: Charizard|Weather Ball|p2b: Grimmsnarl\n|-damage|p2b: Grimmsnarl|56/100\n|move|p1b: Farigiraf|Trick Room|p1b: Farigiraf\n|-fieldstart|move: Trick Room|[of] p1b: Farigiraf\n|\n|-weather|SunnyDay|[upkeep]\n|upkeep\n|turn|2\n|inactive|xshaft has 30 seconds left.\n|\n|t:|1788330376\n|switch|p2b: Pelipper|Pelipper, L50, M|100/100\n|-weather|RainDance|[from] ability: Drizzle|[of] p2b: Pelipper\n|switch|p1a: Sylveon|Sylveon, L50, M|100/100\n|move|p1b: Farigiraf|Psychic Fangs|p2a: Swampert\n|-sideend|p2: xshaft|move: Light Screen\n|-damage|p2a: Swampert|73/100\n|move|p2a: Swampert|Wave Crash|p1a: Sylveon\n|-damage|p1a: Sylveon|0 fnt\n|faint|p1a: Sylveon\n|-damage|p2a: Swampert|41/100|[from] Recoil\n|\n|-weather|RainDance|[upkeep]\n|upkeep\n|\n|t:|1788330384\n|switch|p1a: Kingambit|Kingambit, L50, M|100/100\n|turn|3\n|inactive|xshaft has 30 seconds left.\n|\n|t:|1788330410\n|switch|p2a: Archaludon|Archaludon, L50, F|100/100\n|move|p1a: Kingambit|Kowtow Cleave|p2a: Archaludon\n|-damage|p2a: Archaludon|65/100\n|-ability|p2a: Archaludon|Stamina|boost\n|-boost|p2a: Archaludon|def|1\n|move|p1b: Farigiraf|Thunderbolt|p2b: Pelipper\n|-supereffective|p2b: Pelipper|2\n|-damage|p2b: Pelipper|6/100\n|-enditem|p2b: Pelipper|Sitrus Berry|[eat]\n|-heal|p2b: Pelipper|30/100|[from] item: Sitrus Berry\n|move|p2b: Pelipper|Weather Ball|p1a: Kingambit\n|-damage|p1a: Kingambit|55/100\n|\n|-weather|RainDance|[upkeep]\n|-heal|p2a: Archaludon|72/100|[from] item: Leftovers\n|upkeep\n|turn|4\n|inactive|yardslop2 has 30 seconds left.\n|inactive|xshaft has 30 seconds left.\n|inactive|xshaft has 20 seconds left.\n|inactive|yardslop2 has 20 seconds left.\n|\n|t:|1788330451\n|switch|p1a: Charizard|Charizard-Mega-Y, L50, M|100/100\n|-weather|SunnyDay|[from] ability: Drought|[of] p1a: Charizard\n|switch|p2b: Grimmsnarl|Grimmsnarl, L50, M|56/100\n|move|p2a: Archaludon|Dragon Pulse|p1b: Farigiraf\n|-damage|p1b: Farigiraf|67/100\n|move|p1b: Farigiraf|Trick Room|p1b: Farigiraf\n|-fieldend|move: Trick Room\n|\n|-weather|SunnyDay|[upkeep]\n|-heal|p2a: Archaludon|78/100|[from] item: Leftovers\n|upkeep\n|turn|5\n|\n|t:|1788330474\n|switch|p1a: Kingambit|Kingambit, L50, M|55/100\n|switch|p2b: Pelipper|Pelipper, L50, M|30/100\n|-weather|RainDance|[from] ability: Drizzle|[of] p2b: Pelipper\n|move|p2a: Archaludon|Electro Shot||[still]\n|-prepare|p2a: Archaludon|Electro Shot\n|-boost|p2a: Archaludon|spa|1\n|-anim|p2a: Archaludon|Electro Shot|p1b: Farigiraf\n|-damage|p1b: Farigiraf|18/100\n|-enditem|p1b: Farigiraf|Sitrus Berry|[eat]\n|-heal|p1b: Farigiraf|43/100|[from] item: Sitrus Berry\n|move|p1b: Farigiraf|Thunderbolt|p2b: Pelipper\n|-supereffective|p2b: Pelipper|2\n|-damage|p2b: Pelipper|0 fnt\n|faint|p2b: Pelipper\n|\n|-weather|RainDance|[upkeep]\n|-heal|p2a: Archaludon|84/100|[from] item: Leftovers\n|upkeep\n|\n|t:|1788330497\n|switch|p2b: Swampert|Swampert, L50, F|41/100\n|turn|6\n|\n|t:|1788330519\n|detailschange|p2b: Swampert|Swampert-Mega, L50, F\n|-mega|p2b: Swampert|Swampert|Swampertite\n|move|p1b: Farigiraf|Helping Hand|p1a: Kingambit\n|-singleturn|p1a: Kingambit|Helping Hand|[of] p1b: Farigiraf\n|move|p2a: Archaludon|Protect|p2a: Archaludon\n|-singleturn|p2a: Archaludon|Protect\n|move|p2b: Swampert|Earthquake|p1b: Farigiraf|[spread] p1a,p1b\n|-activate|p2a: Archaludon|move: Protect\n|-supereffective|p1a: Kingambit|1\n|-damage|p1a: Kingambit|0 fnt\n|-damage|p1b: Farigiraf|8/100\n|faint|p1a: Kingambit\n|\n|-weather|RainDance|[upkeep]\n|-heal|p2a: Archaludon|90/100|[from] item: Leftovers\n|upkeep\n|\n|t:|1788330524\n|switch|p1a: Charizard|Charizard-Mega-Y, L50, M|100/100\n|-weather|SunnyDay|[from] ability: Drought|[of] p1a: Charizard\n|turn|7\n|inactive|xshaft has 30 seconds left.\n|j| wolfeconperish745\n|inactive|xshaft has 20 seconds left.\n|l| wolfeconperish745\n|inactive|xshaft has 15 seconds left.\n|inactive|xshaft has 10 seconds left.\n|\n|t:|1788330570\n|move|p1a: Charizard|Weather Ball|p2a: Archaludon\n|-damage|p2a: Archaludon|10/100\n|-ability|p2a: Archaludon|Stamina|boost\n|-boost|p2a: Archaludon|def|1\n|move|p2a: Archaludon|Dragon Pulse|p1a: Charizard\n|-damage|p1a: Charizard|53/100\n|move|p2b: Swampert|Ice Punch|p1b: Farigiraf\n|-damage|p1b: Farigiraf|0 fnt\n|faint|p1b: Farigiraf\n|\n|-weather|SunnyDay|[upkeep]\n|-heal|p2a: Archaludon|16/100|[from] item: Leftovers\n|upkeep\n|turn|8\n|inactive|xshaft has 30 seconds left.\n|\n|t:|1788330598\n|move|p2a: Archaludon|Protect|p2a: Archaludon\n|-singleturn|p2a: Archaludon|Protect\n|move|p1a: Charizard|Solar Beam||[still]\n|-prepare|p1a: Charizard|Solar Beam\n|-anim|p1a: Charizard|Solar Beam|p2b: Swampert\n|-supereffective|p2b: Swampert|2\n|-damage|p2b: Swampert|0 fnt\n|faint|p2b: Swampert\n|\n|-weather|SunnyDay|[upkeep]\n|-heal|p2a: Archaludon|22/100|[from] item: Leftovers\n|upkeep\n|\n|t:|1788330609\n|switch|p2b: Grimmsnarl|Grimmsnarl, L50, M|56/100\n|turn|9\n|\n|t:|1788330630\n|move|p2b: Grimmsnarl|Light Screen|p2b: Grimmsnarl\n|-sidestart|p2: xshaft|move: Light Screen\n|move|p1a: Charizard|Heat Wave|p2b: Grimmsnarl|[spread] p2a,p2b\n|-damage|p2a: Archaludon|0 fnt\n|-damage|p2b: Grimmsnarl|24/100\n|-status|p2b: Grimmsnarl|brn\n|faint|p2a: Archaludon\n|\n|-weather|SunnyDay|[upkeep]\n|-damage|p2b: Grimmsnarl|18/100 brn|[from] brn\n|upkeep\n|turn|10\n|\n|t:|1788330642\n|move|p1a: Charizard|Weather Ball|p2b: Grimmsnarl\n|-damage|p2b: Grimmsnarl|0 fnt\n|faint|p2b: Grimmsnarl\n|\n|win|yardslop2\n|raw|yardslop2's rating: 1691 &rarr; <strong>1713</strong><br />(+22 for winning)\n|raw|xshaft's rating: 1732 &rarr; <strong>1710</strong><br />(-22 for losing)\n","uploadtime":1788330642,"views":"2","formatid":"gen9championsvgc2026regmb","rating":1710,"private":0,"password":null}