{"id":"gen9championsvgc2026regmb-2674536642","format":"[Gen 9 Champions] VGC 2026 Reg M-B","players":["tegboy","HowDz"],"log":"|j|☆tegboy\n|j|☆HowDz\n|html|<table width=\"100%\"><tr><td align=\"left\">tegboy</td><td align=\"right\">HowDz</tr><tr><td align=\"left\"><i class=\"fa fa-circle-o\"></i> <i class=\"fa fa-circle-o\"></i> </td><td align=\"right\"><i class=\"fa fa-circle-o\"></i> <i class=\"fa fa-circle-o\"></i> </tr></table>\n|uhtml|bestof|<h2><strong>Game 1</strong> of <a href=\"/game-bestof3-gen9championsvgc2026regmb-2674536641\">a best-of-3</a></h2>\n|t:|1788371337\n|gametype|doubles\n|player|p1|tegboy|170|\n|player|p2|HowDz|lance|\n|gen|9\n|tier|[Gen 9 Champions] VGC 2026 Reg M-B\n|rule|Species Clause: Limit one of each Pokémon\n|rule|Item Clause: Limit 1 of each item\n|raw|<div class=\"infobox\"><details class=\"readmore\" open><summary><strong>2 custom rules:</strong></summary> Best of = 3, !Open Team Sheets</details></div>\n|clearpoke\n|poke|p1|Tyranitar, L50, M|\n|poke|p1|Excadrill, L50, F|\n|poke|p1|Sinistcha, L50|\n|poke|p1|Feraligatr, L50, F|\n|poke|p1|Gliscor, L50, M|\n|poke|p1|Houndstone, L50, M|\n|poke|p2|Floette-Eternal, L50, F|\n|poke|p2|Whimsicott, L50, F|\n|poke|p2|Lucario, L50, M|\n|poke|p2|Tauros, L50, M|\n|poke|p2|Eelektross, L50, M|\n|poke|p2|Annihilape, L50, M|\n|teampreview|4\n|c|☆HowDz|glhf\n|c|☆tegboy|glhf\n|\n|t:|1788371451\n|teamsize|p1|4\n|teamsize|p2|4\n|start\n|switch|p1a: Tyranitar|Tyranitar, L50, M|100/100\n|switch|p1b: Houndstone|Houndstone, L50, M|100/100\n|switch|p2a: Whimsicott|Whimsicott, L50, F|100/100\n|switch|p2b: Lucario|Lucario, L50, M|100/100\n|-weather|Sandstorm|[from] ability: Sand Stream|[of] p1a: Tyranitar\n|turn|1\n|\n|t:|1788371479\n|switch|p1b: Gliscor|Gliscor, L50, M|100/100\n|detailschange|p1a: Tyranitar|Tyranitar-Mega, L50, M\n|-mega|p1a: Tyranitar|Tyranitar|Tyranitarite\n|move|p1a: Tyranitar|Protect|p1a: Tyranitar\n|-singleturn|p1a: Tyranitar|Protect\n|move|p2a: Whimsicott|Sunny Day|p2a: Whimsicott\n|-weather|SunnyDay\n|move|p2b: Lucario|Final Gambit|p1a: Tyranitar\n|-activate|p1a: Tyranitar|move: Protect\n|\n|-weather|SunnyDay|[upkeep]\n|upkeep\n|turn|2\n|\n|t:|1788371518\n|switch|p1a: Houndstone|Houndstone, L50, M|100/100\n|move|p2a: Whimsicott|Dazzling Gleam|p1a: Houndstone|[spread] p1a,p1b\n|-damage|p1a: Houndstone|74/100\n|-damage|p1b: Gliscor|66/100\n|move|p1b: Gliscor|Tailwind|p1b: Gliscor\n|-sidestart|p1: tegboy|move: Tailwind\n|move|p2b: Lucario|Final Gambit|p1b: Gliscor\n|-damage|p1b: Gliscor|0 fnt\n|faint|p2b: Lucario\n|faint|p1b: Gliscor\n|\n|-weather|SunnyDay|[upkeep]\n|upkeep\n|\n|t:|1788371536\n|switch|p1b: Sinistcha|Sinistcha, L50|100/100\n|switch|p2b: Tauros|Tauros, L50, M|100/100\n|-ability|p2b: Tauros|Intimidate|boost\n|-unboost|p1a: Houndstone|atk|1\n|-unboost|p1b: Sinistcha|atk|1\n|-heal|p1a: Houndstone|98/100|[from] ability: Hospitality|[of] p1b: Sinistcha\n|turn|3\n|\n|t:|1788371565\n|switch|p1b: Tyranitar|Tyranitar-Mega, L50, M|100/100\n|-weather|Sandstorm|[from] ability: Sand Stream|[of] p1b: Tyranitar\n|move|p2a: Whimsicott|Sunny Day|p2a: Whimsicott\n|-weather|SunnyDay\n|move|p1a: Houndstone|Will-O-Wisp|p2b: Tauros\n|-status|p2b: Tauros|brn\n|move|p2b: Tauros|Throat Chop|p1a: Houndstone\n|-supereffective|p1a: Houndstone|1\n|-damage|p1a: Houndstone|76/100\n|-start|p1a: Houndstone|Throat Chop|[silent]\n|\n|-weather|SunnyDay|[upkeep]\n|-damage|p2b: Tauros|93/100 brn|[from] brn\n|upkeep\n|turn|4\n|\n|t:|1788371616\n|switch|p1a: Sinistcha|Sinistcha, L50|100/100\n|switch|p2b: Floette|Floette-Eternal, L50, F|100/100\n|move|p2a: Whimsicott|Encore||[still]\n|-fail|p2a: Whimsicott\n|move|p1b: Tyranitar|Fire Punch|p2a: Whimsicott\n|-supereffective|p2a: Whimsicott|1\n|-damage|p2a: Whimsicott|0 fnt\n|faint|p2a: Whimsicott\n|\n|-weather|SunnyDay|[upkeep]\n|upkeep\n|\n|t:|1788371624\n|switch|p2a: Tauros|Tauros, L50, M|93/100 brn\n|-ability|p2a: Tauros|Intimidate|boost\n|-unboost|p1a: Sinistcha|atk|1\n|-unboost|p1b: Tyranitar|atk|1\n|turn|5\n|\n|t:|1788371648\n|switch|p1b: Houndstone|Houndstone, L50, M|76/100\n|detailschange|p2b: Floette|Floette-Mega, L50, F\n|-mega|p2b: Floette|Floette|Floettite\n|-ability|p2b: Floette|Fairy Aura\n|move|p2a: Tauros|Icy Wind|p1a: Sinistcha|[spread] p1a,p1b\n|-supereffective|p1a: Sinistcha|1\n|-damage|p1a: Sinistcha|89/100\n|-damage|p1b: Houndstone|71/100\n|-unboost|p1a: Sinistcha|spe|1\n|-unboost|p1b: Houndstone|spe|1\n|move|p2b: Floette|Dazzling Gleam|p1a: Sinistcha|[spread] p1a,p1b\n|-damage|p1a: Sinistcha|29/100\n|-damage|p1b: Houndstone|24/100\n|-enditem|p1b: Houndstone|Sitrus Berry|[eat]\n|-heal|p1b: Houndstone|49/100|[from] item: Sitrus Berry\n|move|p1a: Sinistcha|Shadow Ball|p2b: Floette\n|-damage|p2b: Floette|66/100\n|\n|-weather|SunnyDay|[upkeep]\n|-damage|p2a: Tauros|87/100 brn|[from] brn\n|-sideend|p1: tegboy|move: Tailwind\n|upkeep\n|turn|6\n|\n|t:|1788371698\n|move|p2b: Floette|Protect|p2b: Floette\n|-singleturn|p2b: Floette|Protect\n|move|p1a: Sinistcha|Rage Powder|p1a: Sinistcha\n|-singleturn|p1a: Sinistcha|move: Rage Powder\n|move|p2a: Tauros|Icy Wind|p1a: Sinistcha|[spread] p1a,p1b\n|-supereffective|p1a: Sinistcha|1\n|-damage|p1a: Sinistcha|19/100\n|-damage|p1b: Houndstone|44/100\n|-unboost|p1a: Sinistcha|spe|1\n|-unboost|p1b: Houndstone|spe|1\n|move|p1b: Houndstone|Will-O-Wisp|p2b: Floette\n|-activate|p2b: Floette|move: Protect\n|\n|-weather|SunnyDay|[upkeep]\n|-damage|p2a: Tauros|81/100 brn|[from] brn\n|upkeep\n|turn|7\n|\n|t:|1788371714\n|move|p2a: Tauros|Icy Wind|p1b: Houndstone|[spread] p1a,p1b\n|-supereffective|p1a: Sinistcha|1\n|-damage|p1a: Sinistcha|8/100\n|-damage|p1b: Houndstone|39/100\n|-unboost|p1a: Sinistcha|spe|1\n|-unboost|p1b: Houndstone|spe|1\n|move|p2b: Floette|Dazzling Gleam|p1b: Houndstone|[spread] p1a,p1b\n|-damage|p1a: Sinistcha|0 fnt\n|-damage|p1b: Houndstone|0 fnt\n|faint|p1a: Sinistcha\n|faint|p1b: Houndstone\n|\n|-weather|none\n|-damage|p2a: Tauros|75/100 brn|[from] brn\n|upkeep\n|\n|t:|1788371726\n|switch|p1b: Tyranitar|Tyranitar-Mega, L50, M|100/100\n|-weather|Sandstorm|[from] ability: Sand Stream|[of] p1b: Tyranitar\n|turn|8\n|\n|t:|1788371741\n|move|p2a: Tauros|Close Combat|p1b: Tyranitar\n|-supereffective|p1b: Tyranitar|2\n|-damage|p1b: Tyranitar|64/100\n|-unboost|p2a: Tauros|def|1\n|-unboost|p2a: Tauros|spd|1\n|move|p2b: Floette|Dazzling Gleam|p1b: Tyranitar\n|-supereffective|p1b: Tyranitar|1\n|-damage|p1b: Tyranitar|2/100\n|move|p1b: Tyranitar|Rock Slide|p2b: Floette|[spread] p2a\n|-miss|p1b: Tyranitar|p2b: Floette\n|-damage|p2a: Tauros|18/100 brn\n|-enditem|p2a: Tauros|Sitrus Berry|[eat]\n|-heal|p2a: Tauros|42/100 brn|[from] item: Sitrus Berry\n|\n|-weather|Sandstorm|[upkeep]\n|-damage|p2a: Tauros|36/100 brn|[from] Sandstorm\n|-damage|p2b: Floette|60/100|[from] Sandstorm\n|-damage|p2a: Tauros|30/100 brn|[from] brn\n|upkeep\n|turn|9\n|\n|t:|1788371759\n|move|p2a: Tauros|Close Combat|p1b: Tyranitar\n|-supereffective|p1b: Tyranitar|2\n|-damage|p1b: Tyranitar|0 fnt\n|-unboost|p2a: Tauros|def|1\n|-unboost|p2a: Tauros|spd|1\n|faint|p1b: Tyranitar\n|\n|win|HowDz\n|l|☆tegboy\n|player|p1|\n||tegboy is ready for game 2.\n","uploadtime":1788371765,"views":"11","formatid":"gen9championsvgc2026regmb","rating":null,"private":0,"password":null}