{"id":"gen9championsvgc2026regmb-2674872131","format":"[Gen 9 Champions] VGC 2026 Reg M-B","players":["HeliosAtDawn","Worstmb"],"log":"|j|☆HeliosAtDawn\n|j|☆Worstmb\n|t:|1788426077\n|gametype|doubles\n|player|p1|HeliosAtDawn|cynthia-gen4|1194\n|player|p2|Worstmb|102|1090\n|gen|9\n|tier|[Gen 9 Champions] VGC 2026 Reg M-B\n|rated|\n|rule|Species Clause: Limit one of each Pokémon\n|rule|Item Clause: Limit 1 of each item\n|clearpoke\n|poke|p1|Camerupt, L50, M|\n|poke|p1|Farigiraf, L50, M|\n|poke|p1|Primarina, L50, F|\n|poke|p1|Sneasler, L50, F|\n|poke|p1|Kingambit, L50, M|\n|poke|p1|Rotom-Mow, L50|\n|poke|p2|Froslass, L50, F|\n|poke|p2|Raichu, L50, F|\n|poke|p2|Kingambit, L50, M|\n|poke|p2|Staraptor, L50, M|\n|poke|p2|Garchomp, L50, F|\n|poke|p2|Basculegion, L50, M|\n|teampreview|4\n|inactive|Battle timer is ON: inactive players will automatically lose when time's up. (requested by HeliosAtDawn)\n|inactive|HeliosAtDawn has 60 seconds left.\n|\n|t:|1788426111\n|teamsize|p1|4\n|teamsize|p2|4\n|start\n|switch|p1a: Sneasler|Sneasler, L50, F|100/100\n|switch|p1b: Primarina|Primarina, L50, F|100/100\n|switch|p2a: Staraptor|Staraptor, L50, M|100/100\n|switch|p2b: Froslass|Froslass, L50, F|100/100\n|-ability|p2a: Staraptor|Intimidate|boost\n|-unboost|p1a: Sneasler|atk|1\n|-unboost|p1b: Primarina|atk|1\n|turn|1\n|inactive|HeliosAtDawn has 30 seconds left.\n|\n|t:|1788426145\n|switch|p2a: Kingambit|Kingambit, L50, M|100/100\n|detailschange|p2b: Froslass|Froslass-Mega, L50, F\n|-mega|p2b: Froslass|Froslass|Froslassite\n|-weather|Snowscape|[from] ability: Snow Warning|[of] p2b: Froslass\n|move|p1a: Sneasler|Rock Slide|p2a: Kingambit|[spread] p2b\n|-miss|p1a: Sneasler|p2a: Kingambit\n|-supereffective|p2b: Froslass|1\n|-damage|p2b: Froslass|79/100\n|cant|p2b: Froslass|flinch\n|move|p1b: Primarina|Dazzling Gleam|p2a: Kingambit|[spread] p2a,p2b\n|-damage|p2a: Kingambit|70/100\n|-damage|p2b: Froslass|42/100\n|\n|-weather|Snowscape|[upkeep]\n|upkeep\n|turn|2\n|inactive|HeliosAtDawn has 30 seconds left.\n|inactive|Worstmb has 30 seconds left.\n|inactive|HeliosAtDawn has 20 seconds left.\n|inactive|HeliosAtDawn has 15 seconds left.\n|\n|t:|1788426187\n|switch|p2a: Staraptor|Staraptor, L50, M|100/100\n|-ability|p2a: Staraptor|Intimidate|boost\n|-unboost|p1a: Sneasler|atk|1\n|-unboost|p1b: Primarina|atk|1\n|move|p1a: Sneasler|Close Combat|p2a: Staraptor\n|-damage|p2a: Staraptor|54/100\n|-unboost|p1a: Sneasler|def|1\n|-unboost|p1a: Sneasler|spd|1\n|move|p2b: Froslass|Aurora Veil|p2b: Froslass\n|-sidestart|p2: Worstmb|move: Aurora Veil\n|move|p1b: Primarina|Moonblast|p2b: Froslass\n|-damage|p2b: Froslass|4/100\n|\n|-weather|Snowscape|[upkeep]\n|upkeep\n|turn|3\n|\n|t:|1788426211\n|move|p2b: Froslass|Protect|p2b: Froslass\n|-singleturn|p2b: Froslass|Protect\n|move|p2a: Staraptor|Brave Bird|p1a: Sneasler\n|-supereffective|p1a: Sneasler|1\n|-enditem|p1a: Sneasler|Focus Sash\n|-damage|p1a: Sneasler|1/100\n|-damage|p2a: Staraptor|28/100|[from] Recoil\n|move|p1a: Sneasler|Rock Slide|p2a: Staraptor|[spread] p2a\n|-activate|p2b: Froslass|move: Protect\n|-supereffective|p2a: Staraptor|1\n|-damage|p2a: Staraptor|11/100\n|move|p1b: Primarina|Dazzling Gleam|p2a: Staraptor|[spread] p2a\n|-activate|p2b: Froslass|move: Protect\n|-damage|p2a: Staraptor|0 fnt\n|faint|p2a: Staraptor\n|\n|-weather|Snowscape|[upkeep]\n|upkeep\n|\n|t:|1788426225\n|switch|p2a: Kingambit|Kingambit, L50, M|70/100\n|turn|4\n|\n|t:|1788426239\n|move|p1a: Sneasler|Close Combat|p2a: Kingambit\n|-supereffective|p2a: Kingambit|2\n|-enditem|p2a: Kingambit|Chople Berry|[eat]\n|-enditem|p2a: Kingambit|Chople Berry|[weaken]\n|-damage|p2a: Kingambit|39/100\n|-unboost|p1a: Sneasler|def|1\n|-unboost|p1a: Sneasler|spd|1\n|move|p2b: Froslass|Blizzard|p1b: Primarina|[spread] p1a,p1b\n|-resisted|p1b: Primarina|1\n|-damage|p1a: Sneasler|0 fnt\n|-damage|p1b: Primarina|82/100\n|faint|p1a: Sneasler\n|move|p1b: Primarina|Hyper Voice|p2b: Froslass|[spread] p2a,p2b\n|-damage|p2a: Kingambit|20/100y\n|-damage|p2b: Froslass|0 fnt\n|faint|p2b: Froslass\n|move|p2a: Kingambit|Iron Head|p1b: Primarina\n|-damage|p1b: Primarina|33/100\n|\n|-weather|Snowscape|[upkeep]\n|upkeep\n|\n|t:|1788426263\n|switch|p1a: Farigiraf|Farigiraf, L50, M|100/100\n|switch|p2b: Basculegion|Basculegion, L50, M|100/100\n|turn|5\n|\n|t:|1788426277\n|move|p2b: Basculegion|Wave Crash|p1a: Farigiraf\n|-damage|p1a: Farigiraf|46/100\n|-damage|p2b: Basculegion|81/100|[from] Recoil\n|move|p1b: Primarina|Dazzling Gleam|p2b: Basculegion|[spread] p2a,p2b\n|-damage|p2a: Kingambit|0 fnt\n|-damage|p2b: Basculegion|53/100\n|faint|p2a: Kingambit\n|move|p1a: Farigiraf|Trick Room|p1a: Farigiraf\n|-fieldstart|move: Trick Room|[of] p1a: Farigiraf\n|\n|-weather|none\n|upkeep\n|turn|6\n|-message|Worstmb forfeited.\n|\n|win|HeliosAtDawn\n|raw|HeliosAtDawn's rating: 1194 &rarr; <strong>1212</strong><br />(+18 for winning)\n|raw|Worstmb's rating: 1090 &rarr; <strong>1073</strong><br />(-17 for losing)\n|l|☆Worstmb\n|player|p2|\n|l|☆HeliosAtDawn\n|player|p1|\n|j|☆HeliosAtDawn\n|player|p1|HeliosAtDawn|cynthia-gen4|\n","uploadtime":1788426351,"views":"1","formatid":"gen9championsvgc2026regmb","rating":1073,"private":0,"password":null}