{"id":"gen9championsvgc2026regmbbo3-2674278306","format":"[Gen 9 Champions] VGC 2026 Reg M-B (Bo3)","players":["toxiccroc12","mdrtcliff"],"log":"|j|☆toxiccroc12\n|j|☆mdrtcliff\n|html|<table width=\"100%\"><tr><td align=\"left\">toxiccroc12</td><td align=\"right\">mdrtcliff</tr><tr><td align=\"left\"><i class=\"fa fa-circle\"></i> <i class=\"fa fa-circle-o\"></i> </td><td align=\"right\"><i class=\"fa fa-circle-o\"></i> <i class=\"fa fa-circle\"></i> </tr></table>\n|uhtml|bestof|<h2><strong>Game 3</strong> of <a href=\"/game-bestof3-gen9championsvgc2026regmbbo3-2674275006\">a best-of-3</a></h2>\n|t:|1788329955\n|gametype|doubles\n|player|p1|toxiccroc12|169|1180\n|player|p2|mdrtcliff|266|1274\n|gen|9\n|tier|[Gen 9 Champions] VGC 2026 Reg M-B (Bo3)\n|rated|\n|rule|Species Clause: Limit one of each Pokémon\n|rule|Item Clause: Limit 1 of each item\n|clearpoke\n|poke|p1|Froslass, L50, F|\n|poke|p1|Sneasler, L50, F|\n|poke|p1|Lycanroc-Dusk, L50, M|\n|poke|p1|Scovillain, L50, F|\n|poke|p1|Kingambit, L50, F|\n|poke|p1|Basculegion, L50, M|\n|poke|p2|Blastoise, L50, F|\n|poke|p2|Sableye, L50, F|\n|poke|p2|Sneasler, L50, F|\n|poke|p2|Garchomp, L50, F|\n|poke|p2|Froslass, L50, F|\n|poke|p2|Arcanine-Hisui, L50, F|\n|teampreview|4\n|showteam|p1|Froslass||Froslassite|CursedBody|Blizzard,ShadowBall,AuroraVeil,Protect|Modest||F|||50|]Sneasler||WhiteHerb|Unburden|DireClaw,CloseCombat,FakeOut,Protect|Jolly||F|||50|]Lycanroc-Dusk||FocusSash|ToughClaws|RockSlide,Accelerock,CloseCombat,Protect|Adamant||M|||50|]Scovillain||Scovillainite|Moody|Overheat,GigaDrain,RagePowder,Protect|Bold||F|||50|]Kingambit||BlackGlasses|Defiant|KowtowCleave,SuckerPunch,SwordsDance,Protect|Adamant||F|||50|]Basculegion||SitrusBerry|Adaptability|LastRespects,WaveCrash,AquaJet,Protect|Adamant||M|||50|\n|showteam|p2|Blastoise||Blastoisinite|RainDish|AuraSphere,ShellSmash,Protect,WaterSpout|Modest||F|||50|]Sableye||FocusSash|Prankster|RainDance,FoulPlay,FakeOut,Encore|Impish||F|||50|]Sneasler||WhiteHerb|PoisonTouch|FakeOut,CloseCombat,GunkShot,Protect|Jolly||F|||50|]Garchomp||RoseliBerry|RoughSkin|DragonClaw,Earthquake,Protect,PoisonJab|Jolly||F|||50|]Froslass||Froslassite|SnowCloak|Protect,NastyPlot,Blizzard,ShadowBall|Timid||F|||50|]Arcanine-Hisui||LifeOrb|RockHead|CloseCombat,FlareBlitz,HeadSmash,Protect|Jolly||F|||50|\n|\n|t:|1788330001\n|teamsize|p1|4\n|teamsize|p2|4\n|start\n|switch|p1a: Scovillain|Scovillain, L50, F|100/100\n|switch|p1b: Kingambit|Kingambit, L50, F|100/100\n|switch|p2a: Arcanine|Arcanine-Hisui, L50, F|100/100\n|switch|p2b: Froslass|Froslass, L50, F|100/100\n|turn|1\n|inactive|Battle timer is ON: inactive players will automatically lose when time's up. (requested by mdrtcliff)\n|inactive|toxiccroc12 has 60 seconds left.\n|inactive|mdrtcliff has 60 seconds left.\n|\n|t:|1788330052\n|switch|p1b: Basculegion|Basculegion, L50, M|100/100\n|detailschange|p2b: Froslass|Froslass-Mega, L50, F\n|-mega|p2b: Froslass|Froslass|Froslassite\n|-weather|Snowscape|[from] ability: Snow Warning|[of] p2b: Froslass\n|detailschange|p1a: Scovillain|Scovillain-Mega, L50, F\n|-mega|p1a: Scovillain|Scovillain|Scovillainite\n|move|p2b: Froslass|Blizzard|p1a: Scovillain|[spread] p1a,p1b\n|-resisted|p1b: Basculegion|1\n|-crit|p1b: Basculegion\n|-damage|p1a: Scovillain|42/100\n|-damage|p1b: Basculegion|63/100\n|-status|p1b: Basculegion|frz\n|-status|p2b: Froslass|brn|[from] ability: Spicy Spray|[of] p1a: Scovillain\n|move|p2a: Arcanine|Close Combat|p1b: Basculegion\n|-immune|p1b: Basculegion\n|move|p1a: Scovillain|Overheat|p2b: Froslass|[miss]\n|-miss|p1a: Scovillain|p2b: Froslass\n|\n|-weather|Snowscape|[upkeep]\n|-damage|p2b: Froslass|93/100 brn|[from] brn\n|upkeep\n|turn|2\n|inactive|toxiccroc12 has 30 seconds left.\n|inactive|mdrtcliff has 30 seconds left.\n|inactive|toxiccroc12 has 20 seconds left.\n|inactive|toxiccroc12 has 15 seconds left.\n|inactive|toxiccroc12 has 10 seconds left.\n|inactive|toxiccroc12 has 5 seconds left.\n|\n|t:|1788330104\n|cant|p1b: Basculegion|frz\n|move|p2b: Froslass|Blizzard|p1b: Basculegion|[spread] p1a,p1b\n|-resisted|p1b: Basculegion|1\n|-damage|p1a: Scovillain|0 fnt\n|-damage|p1b: Basculegion|38/100 frz\n|-enditem|p1b: Basculegion|Sitrus Berry|[eat]\n|-heal|p1b: Basculegion|62/100 frz|[from] item: Sitrus Berry\n|faint|p1a: Scovillain\n|move|p2a: Arcanine|Head Smash|p1b: Basculegion\n|-damage|p1b: Basculegion|0 fnt\n|faint|p1b: Basculegion\n|-damage|p2a: Arcanine|90/100|[from] item: Life Orb\n|\n|-weather|Snowscape|[upkeep]\n|-damage|p2b: Froslass|87/100 brn|[from] brn\n|upkeep\n|\n|t:|1788330114\n|switch|p1b: Sneasler|Sneasler, L50, F|100/100\n|switch|p1a: Kingambit|Kingambit, L50, F|100/100\n|turn|3\n|\n|t:|1788330126\n|move|p1b: Sneasler|Fake Out|p2a: Arcanine\n|-resisted|p2a: Arcanine|1\n|-damage|p2a: Arcanine|81/100\n|move|p2b: Froslass|Blizzard|p1a: Kingambit|[spread] p1a,p1b\n|-resisted|p1a: Kingambit|1\n|-damage|p1a: Kingambit|78/100\n|-damage|p1b: Sneasler|44/100\n|cant|p2a: Arcanine|flinch\n|move|p1a: Kingambit|Swords Dance|p1a: Kingambit\n|-boost|p1a: Kingambit|atk|2\n|\n|-weather|Snowscape|[upkeep]\n|-damage|p2b: Froslass|81/100 brn|[from] brn\n|upkeep\n|turn|4\n|inactive|toxiccroc12 has 30 seconds left.\n|inactive|mdrtcliff has 30 seconds left.\n|inactive|toxiccroc12 has 20 seconds left.\n|\n|t:|1788330163\n|move|p1b: Sneasler|Protect|p1b: Sneasler\n|-singleturn|p1b: Sneasler|Protect\n|move|p1a: Kingambit|Protect|p1a: Kingambit\n|-singleturn|p1a: Kingambit|Protect\n|move|p2b: Froslass|Blizzard|p1a: Kingambit|[spread] \n|-activate|p1a: Kingambit|move: Protect\n|-activate|p1b: Sneasler|move: Protect\n|move|p2a: Arcanine|Close Combat|p1a: Kingambit\n|-activate|p1a: Kingambit|move: Protect\n|\n|-weather|Snowscape|[upkeep]\n|-damage|p2b: Froslass|75/100 brn|[from] brn\n|upkeep\n|turn|5\n|inactive|toxiccroc12 has 30 seconds left.\n|inactive|mdrtcliff has 30 seconds left.\n|inactive|toxiccroc12 has 20 seconds left.\n|inactive|toxiccroc12 has 15 seconds left.\n|\n|t:|1788330206\n|move|p1b: Sneasler|Protect|p1b: Sneasler\n|-singleturn|p1b: Sneasler|Protect\n|move|p1a: Kingambit|Protect||[still]\n|-fail|p1a: Kingambit\n|move|p2b: Froslass|Blizzard|p1a: Kingambit|[spread] p1a\n|-activate|p1b: Sneasler|move: Protect\n|-resisted|p1a: Kingambit|1\n|-damage|p1a: Kingambit|53/100\n|move|p2a: Arcanine|Flare Blitz|p1b: Sneasler\n|-activate|p1b: Sneasler|move: Protect\n|\n|-weather|none\n|-damage|p2b: Froslass|69/100 brn|[from] brn\n|upkeep\n|turn|6\n|inactive|toxiccroc12 has 30 seconds left.\n|inactive|mdrtcliff has 30 seconds left.\n|inactive|mdrtcliff has 20 seconds left.\n|\n|t:|1788330245\n|move|p1a: Kingambit|Sucker Punch|p2b: Froslass\n|-supereffective|p2b: Froslass|1\n|-damage|p2b: Froslass|0 fnt\n|faint|p2b: Froslass\n|move|p1b: Sneasler|Close Combat|p2a: Arcanine\n|-supereffective|p2a: Arcanine|1\n|-damage|p2a: Arcanine|0 fnt\n|-unboost|p1b: Sneasler|def|1\n|-unboost|p1b: Sneasler|spd|1\n|faint|p2a: Arcanine\n|-enditem|p1b: Sneasler|White Herb\n|-clearnegativeboost|p1b: Sneasler|[silent]\n|\n|upkeep\n|\n|t:|1788330257\n|switch|p2b: Sneasler|Sneasler, L50, F|100/100\n|switch|p2a: Garchomp|Garchomp, L50, F|100/100\n|turn|7\n|inactive|mdrtcliff has 30 seconds left.\n|inactive|mdrtcliff has 20 seconds left.\n|\n|t:|1788330293\n|move|p1b: Sneasler|Protect|p1b: Sneasler\n|-singleturn|p1b: Sneasler|Protect\n|move|p1a: Kingambit|Protect|p1a: Kingambit\n|-singleturn|p1a: Kingambit|Protect\n|move|p2b: Sneasler|Fake Out|p1a: Kingambit\n|-activate|p1a: Kingambit|move: Protect\n|move|p2a: Garchomp|Dragon Claw|p1b: Sneasler\n|-activate|p1b: Sneasler|move: Protect\n|\n|upkeep\n|turn|8\n|inactive|toxiccroc12 has 30 seconds left.\n|inactive|toxiccroc12 has 20 seconds left.\n|inactive|toxiccroc12 has 15 seconds left.\n|inactive|toxiccroc12 has 10 seconds left.\n|inactive|toxiccroc12 has 5 seconds left.\n|\n|t:|1788330344\n|move|p1a: Kingambit|Sucker Punch|p2b: Sneasler\n|-resisted|p2b: Sneasler|1\n|-damage|p2b: Sneasler|19/100\n|move|p1b: Sneasler|Dire Claw|p2a: Garchomp\n|-resisted|p2a: Garchomp|1\n|-damage|p2a: Garchomp|78/100\n|-status|p2a: Garchomp|slp\n|-damage|p1b: Sneasler|32/100|[from] ability: Rough Skin|[of] p2a: Garchomp\n|move|p2b: Sneasler|Close Combat|p1a: Kingambit\n|-supereffective|p1a: Kingambit|2\n|-damage|p1a: Kingambit|0 fnt\n|-unboost|p2b: Sneasler|def|1\n|-unboost|p2b: Sneasler|spd|1\n|faint|p1a: Kingambit\n|-enditem|p2b: Sneasler|White Herb\n|-clearnegativeboost|p2b: Sneasler|[silent]\n|cant|p2a: Garchomp|slp\n|\n|upkeep\n|turn|9\n|\n|t:|1788330368\n|move|p1b: Sneasler|Dire Claw|p2b: Sneasler\n|-resisted|p2b: Sneasler|1\n|-damage|p2b: Sneasler|0 fnt\n|faint|p2b: Sneasler\n|-curestatus|p2a: Garchomp|slp|[msg]\n|move|p2a: Garchomp|Dragon Claw|p1b: Sneasler\n|-damage|p1b: Sneasler|0 fnt\n|faint|p1b: Sneasler\n|\n|win|mdrtcliff\n|raw|toxiccroc12's rating: 1180 &rarr; <strong>1162</strong><br />(-18 for losing)\n|raw|mdrtcliff's rating: 1274 &rarr; <strong>1292</strong><br />(+18 for winning)\n|c|☆toxiccroc12|gg\n","uploadtime":1788330380,"views":"4","formatid":"gen9championsvgc2026regmbbo3","rating":1162,"private":0,"password":null}