{"id":"gen9championsvgc2026regmbbo3-2673943650","format":"[Gen 9 Champions] VGC 2026 Reg M-B (Bo3)","players":["food14","Nomoremetaslop"],"log":"|j|☆food14\n|j|☆Nomoremetaslop\n|html|<table width=\"100%\"><tr><td align=\"left\">food14</td><td align=\"right\">Nomoremetaslop</tr><tr><td align=\"left\"><i class=\"fa fa-circle-o\"></i> <i class=\"fa fa-circle-o\"></i> </td><td align=\"right\"><i class=\"fa fa-circle-o\"></i> <i class=\"fa fa-circle-o\"></i> </tr></table>\n|uhtml|bestof|<h2><strong>Game 1</strong> of <a href=\"/game-bestof3-gen9championsvgc2026regmbbo3-2673943649\">a best-of-3</a></h2>\n|t:|1788280085\n|gametype|doubles\n|player|p1|food14|preschooler|1125\n|player|p2|Nomoremetaslop|102|1075\n|gen|9\n|tier|[Gen 9 Champions] VGC 2026 Reg M-B (Bo3)\n|rated|\n|rule|Species Clause: Limit one of each Pokémon\n|rule|Item Clause: Limit 1 of each item\n|clearpoke\n|poke|p1|Dragonite, L50, M|\n|poke|p1|Scovillain, L50, F|\n|poke|p1|Kingambit, L50, F|\n|poke|p1|Garchomp, L50, M|\n|poke|p1|Sneasler, L50, M|\n|poke|p1|Basculegion, L50, M|\n|poke|p2|Dragalge, L50, F|\n|poke|p2|Sinistcha-Masterpiece, L50|\n|poke|p2|Aromatisse, L50, F|\n|poke|p2|Talonflame, L50, M|\n|poke|p2|Pangoro, L50, M|\n|poke|p2|Rotom-Wash, L50|\n|teampreview|4\n|showteam|p1|Dragonite||Dragoninite|Multiscale|DragonPulse,Thunderbolt,ExtremeSpeed,Protect|Modest||M|||50|]Scovillain||Scovillainite|Moody|Overheat,GigaDrain,RagePowder,Protect|Bold||F|||50|]Kingambit||LifeOrb|Defiant|KowtowCleave,IronHead,Protect,SuckerPunch|Adamant||F|||50|]Garchomp||ChoiceScarf|RoughSkin|Earthquake,StompingTantrum,DragonClaw,RockSlide|Adamant||M|||50|]Sneasler||WhiteHerb|Unburden|CloseCombat,DireClaw,FakeOut,ToxicSpikes|Jolly||M|||50|]Basculegion||MysticWater|Adaptability|WaveCrash,AquaJet,LastRespects,Protect|Jolly||M|||50|\n|showteam|p2|Dragalge||Dragalgite|Adaptability|DragonPulse,SludgeBomb,Thunderbolt,Protect|Quiet||F|||50|]Sinistcha-Masterpiece||SitrusBerry|Hospitality|MatchaGotcha,TrickRoom,RagePowder,ShadowBall|Bold|||||50|]Aromatisse||Leftovers|AromaVeil|Moonblast,Protect,AllySwitch,TrickRoom|Relaxed||F|||50|]Talonflame||SharpBeak|GaleWings|DualWingbeat,Tailwind,FlareBlitz,Protect|Jolly||M|||50|]Pangoro||LifeOrb|Scrappy|DrainPunch,Protect,DarkestLariat,BulletPunch|Brave||M|||50|]Rotom-Wash||ChoiceScarf|Levitate|VoltSwitch,HydroPump,Thunderbolt,Trick|Timid|||||50|\n|\n|t:|1788280140\n|teamsize|p1|4\n|teamsize|p2|4\n|start\n|switch|p1a: Sneasler|Sneasler, L50, M|100/100\n|switch|p1b: Garchomp|Garchomp, L50, M|100/100\n|switch|p2a: Sinistcha|Sinistcha-Masterpiece, L50|100/100\n|switch|p2b: Talonflame|Talonflame, L50, M|100/100\n|turn|1\n|\n|t:|1788280169\n|move|p2b: Talonflame|Protect|p2b: Talonflame\n|-singleturn|p2b: Talonflame|Protect\n|move|p1a: Sneasler|Fake Out|p2b: Talonflame\n|-activate|p2b: Talonflame|move: Protect\n|move|p1b: Garchomp|Rock Slide|p2b: Talonflame|[spread] p2a\n|-activate|p2b: Talonflame|move: Protect\n|-damage|p2a: Sinistcha|84/100\n|move|p2a: Sinistcha|Trick Room|p2a: Sinistcha\n|-fieldstart|move: Trick Room|[of] p2a: Sinistcha\n|\n|upkeep\n|turn|2\n|\n|t:|1788280184\n|move|p2b: Talonflame|Dual Wingbeat|p1a: Sneasler\n|-supereffective|p1a: Sneasler|1\n|-damage|p1a: Sneasler|39/100\n|-supereffective|p1a: Sneasler|1\n|-damage|p1a: Sneasler|0 fnt\n|faint|p1a: Sneasler\n|-hitcount|p1: Sneasler|2\n|move|p2a: Sinistcha|Matcha Gotcha|p1b: Garchomp\n|-damage|p1b: Garchomp|66/100\n|-heal|p2a: Sinistcha|100/100|[from] drain|[of] p1b: Garchomp\n|move|p1b: Garchomp|Rock Slide|p2a: Sinistcha|[spread] p2a,p2b\n|-supereffective|p2b: Talonflame|2\n|-damage|p2a: Sinistcha|83/100\n|-damage|p2b: Talonflame|0 fnt\n|faint|p2b: Talonflame\n|\n|upkeep\n|\n|t:|1788280201\n|switch|p1a: Kingambit|Kingambit, L50, F|100/100\n|switch|p2b: Dragalge|Dragalge, L50, F|100/100\n|turn|3\n|\n|t:|1788280220\n|detailschange|p2b: Dragalge|Dragalge-Mega, L50, F\n|-mega|p2b: Dragalge|Dragalge|Dragalgite\n|move|p2b: Dragalge|Dragon Pulse|p1b: Garchomp\n|-supereffective|p1b: Garchomp|1\n|-damage|p1b: Garchomp|0 fnt\n|faint|p1b: Garchomp\n|move|p1a: Kingambit|Kowtow Cleave|p2a: Sinistcha\n|-supereffective|p2a: Sinistcha|1\n|-damage|p2a: Sinistcha|0 fnt\n|faint|p2a: Sinistcha\n|-damage|p1a: Kingambit|90/100|[from] item: Life Orb\n|\n|upkeep\n|\n|t:|1788280230\n|switch|p2a: Pangoro|Pangoro, L50, M|100/100\n|switch|p1b: Dragonite|Dragonite, L50, M|100/100\n|turn|4\n|\n|t:|1788280243\n|move|p1a: Kingambit|Protect|p1a: Kingambit\n|-singleturn|p1a: Kingambit|Protect\n|move|p1b: Dragonite|Protect|p1b: Dragonite\n|-singleturn|p1b: Dragonite|Protect\n|move|p2b: Dragalge|Dragon Pulse|p1b: Dragonite\n|-activate|p1b: Dragonite|move: Protect\n|move|p2a: Pangoro|Drain Punch|p1a: Kingambit\n|-activate|p1a: Kingambit|move: Protect\n|\n|upkeep\n|turn|5\n|\n|t:|1788280265\n|detailschange|p1b: Dragonite|Dragonite-Mega, L50, M\n|-mega|p1b: Dragonite|Dragonite|Dragoninite\n|move|p1a: Kingambit|Sucker Punch|p2b: Dragalge\n|-damage|p2b: Dragalge|47/100\n|-damage|p1a: Kingambit|80/100|[from] item: Life Orb\n|move|p2b: Dragalge|Dragon Pulse|p1b: Dragonite\n|-supereffective|p1b: Dragonite|1\n|-damage|p1b: Dragonite|60/100\n|move|p2a: Pangoro|Drain Punch|p1a: Kingambit\n|-supereffective|p1a: Kingambit|2\n|-damage|p1a: Kingambit|0 fnt\n|faint|p1a: Kingambit\n|-damage|p2a: Pangoro|90/100|[from] item: Life Orb\n|move|p1b: Dragonite|Dragon Pulse|p2b: Dragalge\n|-supereffective|p2b: Dragalge|1\n|-damage|p2b: Dragalge|0 fnt\n|faint|p2b: Dragalge\n|\n|-fieldend|move: Trick Room\n|upkeep\n|turn|6\n|\n|t:|1788280287\n|move|p1b: Dragonite|Dragon Pulse|p2a: Pangoro\n|-damage|p2a: Pangoro|33/100\n|move|p2a: Pangoro|Darkest Lariat|p1b: Dragonite\n|-damage|p1b: Dragonite|12/100\n|-damage|p2a: Pangoro|23/100|[from] item: Life Orb\n|\n|upkeep\n|turn|7\n|\n|t:|1788280295\n|move|p1b: Dragonite|Protect|p1b: Dragonite\n|-singleturn|p1b: Dragonite|Protect\n|move|p2a: Pangoro|Bullet Punch|p1b: Dragonite\n|-activate|p1b: Dragonite|move: Protect\n|\n|upkeep\n|turn|8\n|\n|t:|1788280302\n|move|p1b: Dragonite|Extreme Speed|p2a: Pangoro\n|-crit|p2a: Pangoro\n|-damage|p2a: Pangoro|0 fnt\n|faint|p2a: Pangoro\n|\n|win|food14\n||Nomoremetaslop is ready for game 2.\n||food14 is ready for game 2.\n|uhtml|next|Next: <a href=\"/battle-gen9championsvgc2026regmbbo3-2673945522\"><strong>Game 2 of 3</strong></a>\n","uploadtime":1788280478,"views":"4","formatid":"gen9championsvgc2026regmbbo3","rating":null,"private":0,"password":null}