{"id":"gen9championsvgc2026regmbbo3-2674374667","format":"[Gen 9 Champions] VGC 2026 Reg M-B (Bo3)","players":["KiLLERFROG1987","cobyoid"],"log":"|j|☆KiLLERFROG1987\n|j|☆cobyoid\n|html|<table width=\"100%\"><tr><td align=\"left\">KiLLERFROG1987</td><td align=\"right\">cobyoid</tr><tr><td align=\"left\"><i class=\"fa fa-circle\"></i> <i class=\"fa fa-circle-o\"></i> </td><td align=\"right\"><i class=\"fa fa-circle-o\"></i> <i class=\"fa fa-circle\"></i> </tr></table>\n|uhtml|bestof|<h2><strong>Game 3</strong> of <a href=\"/game-bestof3-gen9championsvgc2026regmbbo3-2674369973\">a best-of-3</a></h2>\n|t:|1788351182\n|gametype|doubles\n|player|p1|KiLLERFROG1987|pilot|1000\n|player|p2|cobyoid|brycenman|1057\n|gen|9\n|tier|[Gen 9 Champions] VGC 2026 Reg M-B (Bo3)\n|rated|\n|rule|Species Clause: Limit one of each Pokémon\n|rule|Item Clause: Limit 1 of each item\n|clearpoke\n|poke|p1|Scolipede, L50, M|\n|poke|p1|Aurorus, L50, F|\n|poke|p1|Charizard, L50, M|\n|poke|p1|Meganium, L50, F|\n|poke|p1|Rotom-Wash, L50|\n|poke|p1|Liepard, L50, F|\n|poke|p2|Feraligatr, L50, F|\n|poke|p2|Sableye, L50, M|\n|poke|p2|Talonflame, L50, F, shiny|\n|poke|p2|Aegislash, L50, M|\n|poke|p2|Arcanine-Hisui, L50, M|\n|poke|p2|Rotom-Mow, L50|\n|teampreview|4\n|showteam|p1|Scolipede||FocusSash|SpeedBoost|LeechLife,GunkShot,Protect,RockSlide|Naughty||M|||50|]Aurorus||ExpertBelt|SnowWarning|EarthPower,AuroraVeil,Blizzard,FlashCannon|Relaxed||F|||50|]Charizard||CharizarditeX|Blaze|DragonDance,DragonClaw,FlareBlitz,Protect|Adamant||M|||50|]Meganium||Meganiumite|Overgrow|DazzlingGleam,Earthquake,EnergyBall,Protect|Quiet||F|||50|]Rotom-Wash||Leftovers|Levitate|Thunderbolt,VoltSwitch,HydroPump,ShadowBall|Serious|||||50|]Liepard||WhiteHerb|Unburden|Uturn,FakeOut,Taunt,Crunch|Adamant||F|||50|\n|showteam|p2|Feraligatr||Feraligite|SheerForce|AquaJet,BodySlam,Liquidation,Protect|Adamant||F|||50|]Sableye||MentalHerb|Prankster|FakeOut,Quash,Encore,KnockOff|Relaxed||M|||50|]Talonflame||SharpBeak|GaleWings|Tailwind,Roost,Taunt,BraveBird|Jolly||F|||50|]Aegislash||Leftovers|StanceChange|WideGuard,Poltergeist,IronHead,KingsShield|Careful||M|||50|]Arcanine-Hisui||FocusSash|RockHead|ExtremeSpeed,HeadSmash,FlareBlitz,Protect|Jolly||M|||50|]Rotom-Mow||SitrusBerry|Levitate|LeafStorm,WillOWisp,Thunderbolt,Protect|Calm|||||50|\n|\n|t:|1788351203\n|teamsize|p1|4\n|teamsize|p2|4\n|start\n|switch|p1a: Rotom|Rotom-Wash, L50|100/100\n|switch|p1b: Liepard|Liepard, L50, F|100/100\n|switch|p2a: Arcanine|Arcanine-Hisui, L50, M|100/100\n|switch|p2b: Sableye|Sableye, L50, M|100/100\n|turn|1\n|\n|t:|1788351222\n|move|p1b: Liepard|Fake Out|p2b: Sableye\n|-immune|p2b: Sableye\n|move|p2b: Sableye|Fake Out|p1a: Rotom\n|-damage|p1a: Rotom|92/100\n|move|p2a: Arcanine|Head Smash|p1a: Rotom|[miss]\n|-miss|p2a: Arcanine|p1a: Rotom\n|cant|p1a: Rotom|flinch\n|\n|-heal|p1a: Rotom|97/100|[from] item: Leftovers\n|upkeep\n|turn|2\n|c|☆KiLLERFROG1987|fuck\n|c|☆cobyoid|ahaaaha\n|c|☆KiLLERFROG1987|i know better to\n|c|☆KiLLERFROG1987|thats the part that hurts\n|\n|t:|1788351273\n|switch|p2a: Feraligatr|Feraligatr, L50, F|100/100\n|move|p1b: Liepard|U-turn|p2b: Sableye\n|-damage|p2b: Sableye|78/100\n|\n|t:|1788351278\n|switch|p1b: Scolipede|Scolipede, L50, M|100/100|[from] U-turn\n|move|p1a: Rotom|Thunderbolt|p2a: Feraligatr\n|-supereffective|p2a: Feraligatr|1\n|-damage|p2a: Feraligatr|7/100\n|move|p2b: Sableye|Knock Off|p1a: Rotom\n|-crit|p1a: Rotom\n|-damage|p1a: Rotom|52/100\n|-enditem|p1a: Rotom|Leftovers|[from] move: Knock Off|[of] p2b: Sableye\n|\n|upkeep\n|turn|3\n|c|☆cobyoid|shitt\n|c|☆KiLLERFROG1987|FACE THE THUNDER\n|\n|t:|1788351335\n|switch|p2a: Aegislash|Aegislash, L50, M|100/100\n|move|p1b: Scolipede|Protect|p1b: Scolipede\n|-singleturn|p1b: Scolipede|Protect\n|move|p2b: Sableye|Encore|p1a: Rotom\n|-start|p1a: Rotom|Encore\n|move|p1a: Rotom|Thunderbolt|p2a: Aegislash\n|-damage|p2a: Aegislash|76/100\n|\n|-heal|p2a: Aegislash|82/100|[from] item: Leftovers\n|-ability|p1b: Scolipede|Speed Boost|boost\n|-boost|p1b: Scolipede|spe|1\n|upkeep\n|turn|4\n|\n|t:|1788351360\n|switch|p1b: Liepard|Liepard, L50, F|100/100\n|switch|p1a: Charizard|Charizard, L50, M|100/100\n|move|p2b: Sableye|Encore|p1b: Liepard\n|-hint|Since gen 7, Dark is immune to Prankster moves.\n|-immune|p1b: Liepard\n|-formechange|p2a: Aegislash|Aegislash-Blade|\n|move|p2a: Aegislash|Iron Head|p1b: Liepard\n|-crit|p1b: Liepard\n|-damage|p1b: Liepard|5/100\n|\n|-heal|p2a: Aegislash|88/100|[from] item: Leftovers\n|upkeep\n|turn|5\n|c|☆cobyoid|aha\n|\n|t:|1788351388\n|detailschange|p1a: Charizard|Charizard-Mega-X, L50, M\n|-mega|p1a: Charizard|Charizard|Charizardite X\n|move|p2a: Aegislash|Wide Guard|p2a: Aegislash\n|-singleturn|p2a: Aegislash|Wide Guard\n|move|p1b: Liepard|Crunch|p2a: Aegislash\n|-supereffective|p2a: Aegislash|1\n|-damage|p2a: Aegislash|0 fnt\n|faint|p2a: Aegislash\n|move|p1a: Charizard|Dragon Claw|p2b: Sableye\n|-damage|p2b: Sableye|0 fnt\n|faint|p2b: Sableye\n|\n|upkeep\n|c|☆cobyoid|ahaaha\n|\n|t:|1788351402\n|switch|p2a: Arcanine|Arcanine-Hisui, L50, M|100/100\n|switch|p2b: Feraligatr|Feraligatr, L50, F|7/100\n|turn|6\n|c|☆KiLLERFROG1987|holy love my boys\n|\n|t:|1788351417\n|detailschange|p2b: Feraligatr|Feraligatr-Mega, L50, F\n|-mega|p2b: Feraligatr|Feraligatr|Feraligite\n|move|p1a: Charizard|Protect|p1a: Charizard\n|-singleturn|p1a: Charizard|Protect\n|move|p2a: Arcanine|Extreme Speed|p1b: Liepard\n|-damage|p1b: Liepard|0 fnt\n|faint|p1b: Liepard\n|move|p2b: Feraligatr|Aqua Jet|p1a: Charizard\n|-activate|p1a: Charizard|move: Protect\n|\n|upkeep\n|\n|t:|1788351428\n|switch|p1b: Scolipede|Scolipede, L50, M|100/100\n|turn|7\n|\n|t:|1788351439\n|move|p2b: Feraligatr|Aqua Jet|p1a: Charizard\n|-damage|p1a: Charizard|72/100\n|move|p1b: Scolipede|Rock Slide|p2b: Feraligatr|[spread] p2a,p2b\n|-supereffective|p2a: Arcanine|1\n|-damage|p2a: Arcanine|55/100\n|-damage|p2b: Feraligatr|0 fnt\n|faint|p2b: Feraligatr\n|move|p2a: Arcanine|Head Smash|p1a: Charizard\n|-supereffective|p1a: Charizard|1\n|-damage|p1a: Charizard|0 fnt\n|faint|p1a: Charizard\n|\n|-ability|p1b: Scolipede|Speed Boost|boost\n|-boost|p1b: Scolipede|spe|1\n|upkeep\n|\n|t:|1788351451\n|switch|p1a: Rotom|Rotom-Wash, L50|52/100\n|turn|8\n|\n|t:|1788351460\n|move|p1b: Scolipede|Rock Slide|p2a: Arcanine\n|-supereffective|p2a: Arcanine|1\n|-damage|p2a: Arcanine|0 fnt\n|faint|p2a: Arcanine\n|\n|win|KiLLERFROG1987\n|raw|KiLLERFROG1987's rating: 1000 &rarr; <strong>1047</strong><br />(+47 for winning)\n|raw|cobyoid's rating: 1057 &rarr; <strong>1035</strong><br />(-22 for losing)\n|c|☆cobyoid|wpwp\n|c|☆KiLLERFROG1987|greatest game i have on here friend\n","uploadtime":1788351488,"views":"1","formatid":"gen9championsvgc2026regmbbo3","rating":1035,"private":0,"password":null}