{"id":"gen9championsvgc2026regmb-2674701967","format":"[Gen 9 Champions] VGC 2026 Reg M-B","players":["ImSoCalamari","HospitalityCheck"],"log":"|j|☆ImSoCalamari\n|j|☆HospitalityCheck\n|t:|1788392833\n|gametype|doubles\n|player|p1|ImSoCalamari|aromalady|1174\n|player|p2|HospitalityCheck|102|1205\n|gen|9\n|tier|[Gen 9 Champions] VGC 2026 Reg M-B\n|rated|\n|rule|Species Clause: Limit one of each Pokémon\n|rule|Item Clause: Limit 1 of each item\n|clearpoke\n|poke|p1|Sylveon, L50, F|\n|poke|p1|Raichu, L50, M|\n|poke|p1|Staraptor, L50, F|\n|poke|p1|Arcanine-Hisui, L50, M|\n|poke|p1|Farigiraf, L50, F|\n|poke|p1|Kingambit, L50, F|\n|poke|p2|Metagross, L50|\n|poke|p2|Incineroar, L50, F|\n|poke|p2|Sinistcha, L50|\n|poke|p2|Whimsicott, L50, F|\n|poke|p2|Garchomp, L50, F|\n|poke|p2|Kingambit, L50, F|\n|teampreview|4\n|inactive|Battle timer is ON: inactive players will automatically lose when time's up. (requested by HospitalityCheck)\nHospitalityCheck has agreed to open team sheets.\nImSoCalamari has agreed to open team sheets.\n|showteam|p1|Sylveon||FairyFeather|Pixilate|HyperVoice,HyperBeam,QuickAttack,Protect|Modest||F|||50|]Raichu||RaichuniteY|LightningRod|FakeOut,ZapCannon,FocusBlast,Protect|Timid||M|||50|]Staraptor||Staraptite|Intimidate|DualWingbeat,CloseCombat,Tailwind,Protect|Jolly||F|||50|]Arcanine-Hisui||FocusSash|RockHead|FlareBlitz,ExtremeSpeed,HeadSmash,Protect|Jolly||M|||50|]Farigiraf||SitrusBerry|ArmorTail|Psychic,HelpingHand,Protect,TrickRoom|Calm||F|||50|]Kingambit||LifeOrb|Defiant|KowtowCleave,SwordsDance,SuckerPunch,Protect|Adamant||F|||50|\n|showteam|p2|Metagross||Metagrossite|ClearBody|Protect,PsychicFangs,IronHead,IcePunch|Adamant|||||50|]Incineroar||SitrusBerry|Intimidate|FakeOut,PartingShot,FlareBlitz,ThroatChop|Careful||F|||50|]Sinistcha||Leftovers|Hospitality|RagePowder,MatchaGotcha,LifeDew,TrickRoom|Bold|||||50|]Whimsicott||FocusSash|Prankster|Tailwind,Moonblast,Encore,Protect|Timid||F|||50|]Garchomp||LifeOrb|RoughSkin|DragonClaw,Earthquake,RockSlide,Protect|Jolly||F|||50|]Kingambit||BlackGlasses|Defiant|SuckerPunch,KowtowCleave,IronHead,Protect|Adamant||F|||50|\n|inactive|ImSoCalamari has 60 seconds left.\n|inactive|ImSoCalamari has 30 seconds left.\n|inactive|ImSoCalamari has 20 seconds left.\n|inactive|ImSoCalamari has 15 seconds left.\n|inactive|ImSoCalamari has 10 seconds left.\n|inactive|ImSoCalamari has 5 seconds left.\n|\n|t:|1788392920\n|teamsize|p1|4\n|teamsize|p2|4\n|start\n|switch|p1a: Staraptor|Staraptor, L50, F|100/100\n|switch|p1b: Farigiraf|Farigiraf, L50, F|100/100\n|switch|p2a: Metagross|Metagross, L50|100/100\n|switch|p2b: Incineroar|Incineroar, L50, F|100/100\n|-ability|p1a: Staraptor|Intimidate|boost\n|-fail|p2a: Metagross|unboost|[from] ability: Clear Body|[of] p2a: Metagross\n|-unboost|p2b: Incineroar|atk|1\n|-ability|p2b: Incineroar|Intimidate|boost\n|-unboost|p1a: Staraptor|atk|1\n|-unboost|p1b: Farigiraf|atk|1\n|turn|1\n|inactive|ImSoCalamari has 30 seconds left.\n|inactive|ImSoCalamari has 20 seconds left.\n|inactive|ImSoCalamari has 15 seconds left.\n|inactive|ImSoCalamari has 10 seconds left.\n|inactive|ImSoCalamari has 5 seconds left.\n|\n|t:|1788392976\n|detailschange|p1a: Staraptor|Staraptor-Mega, L50, F\n|-mega|p1a: Staraptor|Staraptor|Staraptite\n|detailschange|p2a: Metagross|Metagross-Mega, L50\n|-mega|p2a: Metagross|Metagross|Metagrossite\n|move|p1a: Staraptor|Close Combat|p2b: Incineroar\n|-supereffective|p2b: Incineroar|1\n|-damage|p2b: Incineroar|36/100\n|-boost|p1a: Staraptor|def|1\n|-boost|p1a: Staraptor|spd|1\n|-enditem|p2b: Incineroar|Sitrus Berry|[eat]\n|-heal|p2b: Incineroar|61/100|[from] item: Sitrus Berry\n|move|p2a: Metagross|Psychic Fangs|p1a: Staraptor\n|-supereffective|p1a: Staraptor|1\n|-damage|p1a: Staraptor|14/100\n|move|p2b: Incineroar|Throat Chop|p1b: Farigiraf\n|-supereffective|p1b: Farigiraf|1\n|-crit|p1b: Farigiraf\n|-damage|p1b: Farigiraf|21/100\n|-start|p1b: Farigiraf|Throat Chop|[silent]\n|-enditem|p1b: Farigiraf|Sitrus Berry|[eat]\n|-heal|p1b: Farigiraf|46/100|[from] item: Sitrus Berry\n|move|p1b: Farigiraf|Psychic|p2a: Metagross\n|-resisted|p2a: Metagross|2\n|-damage|p2a: Metagross|91/100\n|\n|upkeep\n|turn|2\n|inactive|ImSoCalamari has 30 seconds left.\n|inactive|ImSoCalamari has 20 seconds left.\n|inactive|ImSoCalamari has 15 seconds left.\n|inactive|ImSoCalamari has 10 seconds left.\n|\n|t:|1788393025\n|switch|p2b: Sinistcha|Sinistcha, L50|100/100\n|-heal|p2a: Metagross|100/100|[from] ability: Hospitality|[of] p2b: Sinistcha\n|move|p1b: Farigiraf|Protect|p1b: Farigiraf\n|-singleturn|p1b: Farigiraf|Protect\n|move|p1a: Staraptor|Dual Wingbeat|p2b: Sinistcha\n|-supereffective|p2b: Sinistcha|1\n|-damage|p2b: Sinistcha|76/100\n|-supereffective|p2b: Sinistcha|1\n|-damage|p2b: Sinistcha|55/100\n|-hitcount|p2b: Sinistcha|2\n|move|p2a: Metagross|Iron Head|p1b: Farigiraf\n|-activate|p1b: Farigiraf|move: Protect\n|\n|-heal|p2b: Sinistcha|61/100|[from] item: Leftovers\n|-end|p1b: Farigiraf|Throat Chop|[silent]\n|upkeep\n|turn|3\n|inactive|ImSoCalamari has 30 seconds left.\n|\n|t:|1788393053\n|switch|p2b: Garchomp|Garchomp, L50, F|100/100\n|move|p1b: Farigiraf|Helping Hand|p1a: Staraptor\n|-singleturn|p1a: Staraptor|Helping Hand|[of] p1b: Farigiraf\n|move|p1a: Staraptor|Dual Wingbeat|p2b: Garchomp\n|-damage|p2b: Garchomp|78/100\n|-damage|p1a: Staraptor|2/100|[from] ability: Rough Skin|[of] p2b: Garchomp\n|-damage|p2b: Garchomp|57/100\n|-damage|p1a: Staraptor|0 fnt|[from] ability: Rough Skin|[of] p2b: Garchomp\n|faint|p1a: Staraptor\n|-hitcount|p2b: Garchomp|2\n|move|p2a: Metagross|Iron Head|p1b: Farigiraf\n|-damage|p1b: Farigiraf|0 fnt\n|faint|p1b: Farigiraf\n|\n|upkeep\n|\n|t:|1788393065\n|switch|p1a: Sylveon|Sylveon, L50, F|100/100\n|switch|p1b: Arcanine|Arcanine-Hisui, L50, M|100/100\n|turn|4\n|inactive|ImSoCalamari has 30 seconds left.\n|\n|t:|1788393094\n|switch|p2b: Sinistcha|Sinistcha, L50|61/100\n|switch|p2a: Incineroar|Incineroar, L50, F|61/100\n|-ability|p2a: Incineroar|Intimidate|boost\n|-unboost|p1a: Sylveon|atk|1\n|-unboost|p1b: Arcanine|atk|1\n|move|p1b: Arcanine|Flare Blitz|p2a: Incineroar\n|-resisted|p2a: Incineroar|1\n|-damage|p2a: Incineroar|46/100\n|move|p1a: Sylveon|Hyper Voice|p2a: Incineroar|[spread] p2a,p2b\n|-damage|p2a: Incineroar|11/100\n|-damage|p2b: Sinistcha|11/100\n|\n|-heal|p2b: Sinistcha|17/100|[from] item: Leftovers\n|upkeep\n|turn|5\n|\n|t:|1788393109\n|switch|p2a: Metagross|Metagross-Mega, L50|100/100\n|move|p1b: Arcanine|Head Smash|p2a: Metagross\n|-resisted|p2a: Metagross|1\n|-damage|p2a: Metagross|80/100\n|move|p1a: Sylveon|Hyper Voice|p2b: Sinistcha|[spread] p2a,p2b\n|-resisted|p2a: Metagross|1\n|-damage|p2a: Metagross|57/100\n|-damage|p2b: Sinistcha|0 fnt\n|faint|p2b: Sinistcha\n|\n|upkeep\n|\n|t:|1788393110\n|switch|p2b: Incineroar|Incineroar, L50, F|11/100\n|-ability|p2b: Incineroar|Intimidate|boost\n|-unboost|p1a: Sylveon|atk|1\n|-unboost|p1b: Arcanine|atk|1\n|turn|6\n|\n|t:|1788393130\n|move|p2a: Metagross|Protect|p2a: Metagross\n|-singleturn|p2a: Metagross|Protect\n|move|p1a: Sylveon|Protect|p1a: Sylveon\n|-singleturn|p1a: Sylveon|Protect\n|move|p1b: Arcanine|Flare Blitz|p2a: Metagross\n|-activate|p2a: Metagross|move: Protect\n|move|p2b: Incineroar|Throat Chop|p1a: Sylveon\n|-activate|p1a: Sylveon|move: Protect\n|\n|upkeep\n|turn|7\n|\n|t:|1788393153\n|move|p2a: Metagross|Iron Head|p1a: Sylveon\n|-supereffective|p1a: Sylveon|1\n|-damage|p1a: Sylveon|0 fnt\n|faint|p1a: Sylveon\n|move|p1b: Arcanine|Flare Blitz|p2a: Metagross\n|-supereffective|p2a: Metagross|1\n|-crit|p2a: Metagross\n|-damage|p2a: Metagross|0 fnt\n|faint|p2a: Metagross\n|move|p2b: Incineroar|Throat Chop|p1b: Arcanine\n|-damage|p1b: Arcanine|60/100\n|-start|p1b: Arcanine|Throat Chop|[silent]\n|\n|upkeep\n|\n|t:|1788393154\n|switch|p2a: Garchomp|Garchomp, L50, F|57/100\n|turn|8\n|\n|t:|1788393169\n|move|p2a: Garchomp|Rock Slide|p1b: Arcanine\n|-supereffective|p1b: Arcanine|1\n|-damage|p1b: Arcanine|0 fnt\n|faint|p1b: Arcanine\n|-damage|p2a: Garchomp|47/100|[from] item: Life Orb\n|\n|win|HospitalityCheck\n|raw|ImSoCalamari's rating: 1174 &rarr; <strong>1151</strong><br />(-23 for losing)\n|raw|HospitalityCheck's rating: 1205 &rarr; <strong>1228</strong><br />(+23 for winning)\n|l|☆HospitalityCheck\n|player|p2|\n","uploadtime":1788393177,"views":"2","formatid":"gen9championsvgc2026regmb","rating":1151,"private":0,"password":null}