{"id":"gen9championsvgc2026regmbbo3-2674328838","format":"[Gen 9 Champions] VGC 2026 Reg M-B (Bo3)","players":["Tendo Pain(Nagato)","shibikanon"],"log":"|j|☆Tendo Pain(Nagato)\n|j|☆shibikanon\n|html|<table width=\"100%\"><tr><td align=\"left\">Tendo Pain(Nagato)</td><td align=\"right\">shibikanon</tr><tr><td align=\"left\"><i class=\"fa fa-circle\"></i> <i class=\"fa fa-circle-o\"></i> </td><td align=\"right\"><i class=\"fa fa-circle-o\"></i> <i class=\"fa fa-circle\"></i> </tr></table>\n|uhtml|bestof|<h2><strong>Game 3</strong> of <a href=\"/game-bestof3-gen9championsvgc2026regmbbo3-2674327715\">a best-of-3</a></h2>\n|t:|1788342130\n|gametype|doubles\n|player|p1|Tendo Pain(Nagato)|bruno|1313\n|player|p2|shibikanon|skyla-masters3|1403\n|gen|9\n|tier|[Gen 9 Champions] VGC 2026 Reg M-B (Bo3)\n|rated|\n|rule|Species Clause: Limit one of each Pokémon\n|rule|Item Clause: Limit 1 of each item\n|clearpoke\n|poke|p1|Staraptor, L50, M, shiny|\n|poke|p1|Raichu, L50, F, shiny|\n|poke|p1|Farigiraf, L50, M|\n|poke|p1|Whimsicott, L50, F|\n|poke|p1|Kingambit, L50, M, shiny|\n|poke|p1|Sylveon, L50, M, shiny|\n|poke|p2|Charizard, L50, F, shiny|\n|poke|p2|Sylveon, L50, F, shiny|\n|poke|p2|Incineroar, L50, F|\n|poke|p2|Rhyperior, L50, F|\n|poke|p2|Farigiraf, L50, M|\n|poke|p2|Basculegion, L50, M|\n|teampreview|4\n|showteam|p1|Staraptor||Staraptite|Intimidate|Protect,CloseCombat,BraveBird,Roost|Adamant||M|||50|]Raichu||RaichuniteY|LightningRod|Protect,FakeOut,ZapCannon,FocusBlast|Modest||F|||50|]Farigiraf||SitrusBerry|ArmorTail|Psychic,HelpingHand,Thunderbolt,TrickRoom|Quiet||M|||50|]Whimsicott||FocusSash|Prankster|Protect,Encore,Tailwind,Moonblast|Timid||F|||50|]Kingambit||LifeOrb|Defiant|Protect,SuckerPunch,KowtowCleave,IronHead|Adamant||M|||50|]Sylveon||FairyFeather|Pixilate|Protect,HyperVoice,HyperBeam,QuickAttack|Calm||M|||50|\n|showteam|p2|Charizard||CharizarditeY|Blaze|HeatWave,WeatherBall,SolarBeam,Protect|Modest||F|||50|]Sylveon||FairyFeather|Pixilate|HyperVoice,QuickAttack,HyperBeam,Detect|Modest||F|||50|]Incineroar||SitrusBerry|Intimidate|FlareBlitz,ThroatChop,PartingShot,FakeOut|Adamant||F|||50|]Rhyperior||LifeOrb|SolidRock|HighHorsepower,RockSlide,IcePunch,Protect|Brave||F|||50|]Farigiraf||ColburBerry|ArmorTail|Psychic,Thunderbolt,TrickRoom,Protect|Modest||M|||50|]Basculegion||ChoiceScarf|Adaptability|WaveCrash,LastRespects,AquaJet,FlipTurn|Jolly||M|||50|\n|inactive|Battle timer is ON: inactive players will automatically lose when time's up. (requested by shibikanon)\n|inactive|Tendo Pain(Nagato) has 60 seconds left.\n|\n|t:|1788342181\n|teamsize|p1|4\n|teamsize|p2|4\n|start\n|switch|p1a: Staraptor|Staraptor, L50, M, shiny|100/100\n|switch|p1b: Kingambit|Kingambit, L50, M, shiny|100/100\n|switch|p2a: Basculegion|Basculegion, L50, M|100/100\n|switch|p2b: Charizard|Charizard, L50, F, shiny|100/100\n|-ability|p1a: Staraptor|Intimidate|boost\n|-unboost|p2a: Basculegion|atk|1\n|-unboost|p2b: Charizard|atk|1\n|turn|1\n|\n|t:|1788342208\n|switch|p2a: Farigiraf|Farigiraf, L50, M|100/100\n|detailschange|p2b: Charizard|Charizard-Mega-Y, L50, F, shiny\n|-mega|p2b: Charizard|Charizard|Charizardite Y\n|-weather|SunnyDay|[from] ability: Drought|[of] p2b: Charizard\n|move|p1a: Staraptor|Protect|p1a: Staraptor\n|-singleturn|p1a: Staraptor|Protect\n|move|p1b: Kingambit|Protect|p1b: Kingambit\n|-singleturn|p1b: Kingambit|Protect\n|move|p2b: Charizard|Heat Wave|p1b: Kingambit|[spread] \n|-activate|p1a: Staraptor|move: Protect\n|-activate|p1b: Kingambit|move: Protect\n|\n|-weather|SunnyDay|[upkeep]\n|upkeep\n|turn|2\n|\n|t:|1788342227\n|switch|p1b: Sylveon|Sylveon, L50, M, shiny|100/100\n|detailschange|p1a: Staraptor|Staraptor-Mega, L50, M, shiny\n|-mega|p1a: Staraptor|Staraptor|Staraptite\n|move|p1a: Staraptor|Close Combat|p2a: Farigiraf\n|-damage|p2a: Farigiraf|36/100\n|-boost|p1a: Staraptor|def|1\n|-boost|p1a: Staraptor|spd|1\n|move|p2b: Charizard|Heat Wave|p1a: Staraptor|[spread] p1a\n|-miss|p2b: Charizard|p1b: Sylveon\n|-damage|p1a: Staraptor|53/100\n|move|p2a: Farigiraf|Trick Room|p2a: Farigiraf\n|-fieldstart|move: Trick Room|[of] p2a: Farigiraf\n|\n|-weather|SunnyDay|[upkeep]\n|upkeep\n|turn|3\n|\n|t:|1788342248\n|move|p1a: Staraptor|Protect|p1a: Staraptor\n|-singleturn|p1a: Staraptor|Protect\n|move|p2a: Farigiraf|Psychic|p1a: Staraptor\n|-activate|p1a: Staraptor|move: Protect\n|move|p1b: Sylveon|Hyper Voice|p2a: Farigiraf|[spread] p2a,p2b\n|-resisted|p2b: Charizard|1\n|-damage|p2a: Farigiraf|1/100\n|-damage|p2b: Charizard|79/100\n|move|p2b: Charizard|Heat Wave|p1a: Staraptor|[spread] p1b\n|-activate|p1a: Staraptor|move: Protect\n|-damage|p1b: Sylveon|61/100\n|-status|p1b: Sylveon|brn\n|\n|-weather|SunnyDay|[upkeep]\n|-damage|p1b: Sylveon|55/100 brn|[from] brn\n|upkeep\n|turn|4\n|inactive|Tendo Pain(Nagato) has 30 seconds left.\n|\n|t:|1788342278\n|switch|p1a: Whimsicott|Whimsicott, L50, F|100/100\n|move|p2a: Farigiraf|Psychic|p1a: Whimsicott\n|-damage|p1a: Whimsicott|32/100\n|move|p1b: Sylveon|Hyper Voice|p2b: Charizard|[spread] p2a,p2b\n|-resisted|p2b: Charizard|1\n|-damage|p2a: Farigiraf|0 fnt\n|-damage|p2b: Charizard|62/100\n|faint|p2a: Farigiraf\n|move|p2b: Charizard|Heat Wave|p1a: Whimsicott|[spread] p1a\n|-miss|p2b: Charizard|p1b: Sylveon\n|-supereffective|p1a: Whimsicott|1\n|-damage|p1a: Whimsicott|0 fnt\n|faint|p1a: Whimsicott\n|\n|-weather|SunnyDay|[upkeep]\n|-damage|p1b: Sylveon|49/100 brn|[from] brn\n|upkeep\n|\n|t:|1788342287\n|switch|p2a: Rhyperior|Rhyperior, L50, F|100/100\n|switch|p1a: Kingambit|Kingambit, L50, M, shiny|100/100\n|turn|5\n|\n|t:|1788342305\n|move|p1a: Kingambit|Protect|p1a: Kingambit\n|-singleturn|p1a: Kingambit|Protect\n|move|p1b: Sylveon|Protect|p1b: Sylveon\n|-singleturn|p1b: Sylveon|Protect\n|move|p2a: Rhyperior|High Horsepower|p1a: Kingambit\n|-activate|p1a: Kingambit|move: Protect\n|move|p2b: Charizard|Weather Ball|p1b: Sylveon\n|-activate|p1b: Sylveon|move: Protect\n|\n|-weather|none\n|-damage|p1b: Sylveon|43/100 brn|[from] brn\n|upkeep\n|turn|6\n|\n|t:|1788342332\n|switch|p2b: Basculegion|Basculegion, L50, M|100/100\n|move|p1a: Kingambit|Sucker Punch|p2a: Rhyperior\n|-damage|p2a: Rhyperior|70/100\n|-damage|p1a: Kingambit|90/100|[from] item: Life Orb\n|move|p2a: Rhyperior|Rock Slide|p1a: Kingambit|[spread] p1b\n|-miss|p2a: Rhyperior|p1a: Kingambit\n|-damage|p1b: Sylveon|0 fnt\n|faint|p1b: Sylveon\n|-damage|p2a: Rhyperior|60/100|[from] item: Life Orb\n|\n|-fieldend|move: Trick Room\n|upkeep\n|\n|t:|1788342341\n|switch|p1b: Staraptor|Staraptor-Mega, L50, M, shiny|53/100\n|turn|7\n|\n|t:|1788342355\n|move|p2b: Basculegion|Aqua Jet|p1b: Staraptor\n|-damage|p1b: Staraptor|27/100\n|move|p1a: Kingambit|Sucker Punch||[still]\n|-fail|p1a: Kingambit\n|move|p1b: Staraptor|Close Combat|p2a: Rhyperior\n|-supereffective|p2a: Rhyperior|1\n|-damage|p2a: Rhyperior|0 fnt\n|-boost|p1b: Staraptor|def|1\n|-boost|p1b: Staraptor|spd|1\n|faint|p2a: Rhyperior\n|\n|upkeep\n|\n|t:|1788342361\n|switch|p2a: Charizard|Charizard-Mega-Y, L50, F, shiny|62/100\n|-weather|SunnyDay|[from] ability: Drought|[of] p2a: Charizard\n|turn|8\n|\n|t:|1788342386\n|move|p2a: Charizard|Protect|p2a: Charizard\n|-singleturn|p2a: Charizard|Protect\n|move|p2b: Basculegion|Aqua Jet|p1b: Staraptor\n|-damage|p1b: Staraptor|18/100\n|move|p1a: Kingambit|Sucker Punch||[still]\n|-fail|p1a: Kingambit\n|move|p1b: Staraptor|Close Combat|p2a: Charizard\n|-activate|p2a: Charizard|move: Protect\n|\n|-weather|SunnyDay|[upkeep]\n|upkeep\n|turn|9\n|\n|t:|1788342397\n|move|p2a: Charizard|Protect||[still]\n|-fail|p2a: Charizard\n|move|p2b: Basculegion|Aqua Jet|p1b: Staraptor\n|-damage|p1b: Staraptor|10/100\n|move|p1a: Kingambit|Sucker Punch||[still]\n|-fail|p1a: Kingambit\n|move|p1b: Staraptor|Brave Bird|p2a: Charizard\n|-damage|p2a: Charizard|0 fnt\n|faint|p2a: Charizard\n|-damage|p1b: Staraptor|0 fnt|[from] Recoil\n|faint|p1b: Staraptor\n|\n|-weather|SunnyDay|[upkeep]\n|upkeep\n|turn|10\n|-message|shibikanon forfeited.\n|raw|Tendo Pain(Nagato)'s rating: 1313 &rarr; <strong>1338</strong><br />(+25 for winning)\n|raw|shibikanon's rating: 1403 &rarr; <strong>1378</strong><br />(-25 for losing)\n|\n|win|Tendo Pain(Nagato)\n","uploadtime":1788342408,"views":"0","formatid":"gen9championsvgc2026regmbbo3","rating":1338,"private":0,"password":null}