{"id":"gen9championsvgc2026regmbbo3-2674138036","format":"[Gen 9 Champions] VGC 2026 Reg M-B (Bo3)","players":["camala64","Carrielis"],"log":"|j|☆camala64\n|j|☆Carrielis\n|html|<table width=\"100%\"><tr><td align=\"left\">camala64</td><td align=\"right\">Carrielis</tr><tr><td align=\"left\"><i class=\"fa fa-circle-o\"></i> <i class=\"fa fa-circle-o\"></i> </td><td align=\"right\"><i class=\"fa fa-circle-o\"></i> <i class=\"fa fa-circle\"></i> </tr></table>\n|uhtml|bestof|<h2><strong>Game 2</strong> of <a href=\"/game-bestof3-gen9championsvgc2026regmbbo3-2674135907\">a best-of-3</a></h2>\n|t:|1788304756\n|gametype|doubles\n|player|p1|camala64|lance-masters2|\n|player|p2|Carrielis|erika-masters3|\n|gen|9\n|tier|[Gen 9 Champions] VGC 2026 Reg M-B (Bo3)\n|rule|Species Clause: Limit one of each Pokémon\n|rule|Item Clause: Limit 1 of each item\n|clearpoke\n|poke|p1|Charizard, L50, M, shiny|\n|poke|p1|Whimsicott, L50, M, shiny|\n|poke|p1|Kingambit, L50, F, shiny|\n|poke|p1|Kommo-o, L50, M, shiny|\n|poke|p1|Glimmora, L50, M, shiny|\n|poke|p1|Ninetales-Alola, L50, F, shiny|\n|poke|p2|Froslass, L50, F|\n|poke|p2|Basculegion, L50, M|\n|poke|p2|Arcanine-Hisui, L50, F|\n|poke|p2|Whimsicott, L50, M, shiny|\n|poke|p2|Corviknight, L50, F, shiny|\n|poke|p2|Garchomp, L50, M|\n|teampreview|4\n|showteam|p1|Charizard||CharizarditeY|Blaze|WeatherBall,HeatWave,SolarBeam,Protect|Modest||M|||50|]Whimsicott||FocusSash|Prankster|Moonblast,Tailwind,Encore,Protect|Timid||M|||50|]Kingambit||BlackGlasses|Defiant|KowtowCleave,SuckerPunch,IronHead,Protect|Adamant||F|||50|]Kommo-o||LifeOrb|Soundproof|ClangingScales,AuraSphere,VacuumWave,Protect|Modest||M|||50|]Glimmora||Glimmoranite|ToxicDebris|SludgeBomb,PowerGem,EarthPower,SpikyShield|Modest||M|||50|]Ninetales-Alola||NeverMeltIce|SnowWarning|Blizzard,FreezeDry,Disable,Protect|Timid||F|||50|\n|showteam|p2|Froslass||Froslassite|SnowCloak|Blizzard,ShadowBall,AuroraVeil,Protect|Modest||F|||50|]Basculegion||MysticWater|Adaptability|WaveCrash,LastRespects,AquaJet,Protect|Adamant||M|||50|]Arcanine-Hisui||FocusSash|RockHead|HeadSmash,FlareBlitz,ExtremeSpeed,Protect|Jolly||F|||50|]Whimsicott||FairyFeather|Prankster|Tailwind,Moonblast,Encore,Protect|Bold||M|||50|]Corviknight||OccaBerry|MirrorArmor|BulkUp,IronHead,BraveBird,Roost|Adamant||F|||50|]Garchomp||SitrusBerry|RoughSkin|DragonClaw,Earthquake,RockSlide,Protect|Adamant||M|||50|\n|\n|t:|1788304804\n|teamsize|p1|4\n|teamsize|p2|4\n|start\n|switch|p1a: Whimsicott|Whimsicott, L50, M, shiny|100/100\n|switch|p1b: Glimmora|Glimmora, L50, M, shiny|100/100\n|switch|p2a: Garchomp|Garchomp, L50, M|100/100\n|switch|p2b: Whimsicott|Whimsicott, L50, M, shiny|100/100\n|turn|1\n|\n|t:|1788304823\n|move|p1b: Glimmora|Spiky Shield|p1b: Glimmora\n|-singleturn|p1b: Glimmora|move: Protect\n|move|p2b: Whimsicott|Tailwind|p2b: Whimsicott\n|-sidestart|p2: Carrielis|move: Tailwind\n|move|p2a: Garchomp|Rock Slide|p1b: Glimmora|[spread] \n|-activate|p1b: Glimmora|move: Protect\n|-miss|p2a: Garchomp|p1a: Whimsicott\n|move|p1a: Whimsicott|Moonblast|p2a: Garchomp\n|-supereffective|p2a: Garchomp|1\n|-damage|p2a: Garchomp|34/100\n|-enditem|p2a: Garchomp|Sitrus Berry|[eat]\n|-heal|p2a: Garchomp|59/100|[from] item: Sitrus Berry\n|\n|upkeep\n|turn|2\n|\n|t:|1788304840\n|switch|p1b: Kingambit|Kingambit, L50, F, shiny|100/100\n|move|p1a: Whimsicott|Encore|p2a: Garchomp\n|-start|p2a: Garchomp|Encore\n|move|p2a: Garchomp|Rock Slide|p1b: Kingambit|[spread] p1b\n|-miss|p2a: Garchomp|p1a: Whimsicott\n|-resisted|p1b: Kingambit|1\n|-damage|p1b: Kingambit|92/100\n|move|p2b: Whimsicott|Moonblast|p1a: Whimsicott\n|-damage|p1a: Whimsicott|45/100\n|\n|upkeep\n|turn|3\n|\n|t:|1788304863\n|move|p1a: Whimsicott|Tailwind|p1a: Whimsicott\n|-sidestart|p1: camala64|move: Tailwind\n|move|p2a: Garchomp|Rock Slide|p1b: Kingambit|[spread] p1a,p1b\n|-resisted|p1b: Kingambit|1\n|-damage|p1a: Whimsicott|14/100\n|-damage|p1b: Kingambit|85/100\n|move|p2b: Whimsicott|Moonblast|p1b: Kingambit\n|-damage|p1b: Kingambit|53/100\n|move|p1b: Kingambit|Iron Head|p2b: Whimsicott\n|-supereffective|p2b: Whimsicott|1\n|-damage|p2b: Whimsicott|26/100\n|\n|upkeep\n|turn|4\n|\n|t:|1788304881\n|switch|p2b: Basculegion|Basculegion, L50, M|100/100\n|move|p1a: Whimsicott|Moonblast|p2b: Basculegion\n|-damage|p2b: Basculegion|56/100\n|move|p2a: Garchomp|Rock Slide|p1b: Kingambit|[spread] p1b\n|-miss|p2a: Garchomp|p1a: Whimsicott\n|-resisted|p1b: Kingambit|1\n|-damage|p1b: Kingambit|46/100\n|cant|p1b: Kingambit|flinch\n|\n|-end|p2a: Garchomp|Encore\n|-sideend|p2: Carrielis|move: Tailwind\n|upkeep\n|turn|5\n|\n|t:|1788304899\n|move|p1b: Kingambit|Sucker Punch|p2b: Basculegion\n|-supereffective|p2b: Basculegion|1\n|-damage|p2b: Basculegion|0 fnt\n|faint|p2b: Basculegion\n|move|p1a: Whimsicott|Moonblast|p2a: Garchomp\n|-supereffective|p2a: Garchomp|1\n|-damage|p2a: Garchomp|0 fnt\n|faint|p2a: Garchomp\n|\n|upkeep\n|\n|t:|1788304903\n|switch|p2a: Froslass|Froslass, L50, F|100/100\n|switch|p2b: Whimsicott|Whimsicott, L50, M, shiny|26/100\n|turn|6\n|\n|t:|1788304921\n|detailschange|p2a: Froslass|Froslass-Mega, L50, F\n|-mega|p2a: Froslass|Froslass|Froslassite\n|-weather|Snowscape|[from] ability: Snow Warning|[of] p2a: Froslass\n|move|p1a: Whimsicott|Protect|p1a: Whimsicott\n|-singleturn|p1a: Whimsicott|Protect\n|move|p2b: Whimsicott|Tailwind|p2b: Whimsicott\n|-sidestart|p2: Carrielis|move: Tailwind\n|move|p2a: Froslass|Aurora Veil|p2a: Froslass\n|-sidestart|p2: Carrielis|move: Aurora Veil\n|move|p1b: Kingambit|Kowtow Cleave|p2a: Froslass\n|-supereffective|p2a: Froslass|1\n|-damage|p2a: Froslass|33/100\n|\n|-weather|Snowscape|[upkeep]\n|-sideend|p1: camala64|move: Tailwind\n|upkeep\n|turn|7\n|\n|t:|1788304940\n|move|p1a: Whimsicott|Encore|p2b: Whimsicott\n|-start|p2b: Whimsicott|Encore\n|move|p2b: Whimsicott|Tailwind||[still]\n|-fail|p2b: Whimsicott\n|move|p1b: Kingambit|Sucker Punch|p2a: Froslass\n|-supereffective|p2a: Froslass|1\n|-damage|p2a: Froslass|0 fnt\n|faint|p2a: Froslass\n|\n|-weather|Snowscape|[upkeep]\n|upkeep\n|turn|8\n|-message|Carrielis forfeited.\n|\n|win|camala64\n||Carrielis is ready for game 3.\n||camala64 is ready for game 3.\n|uhtml|next|Next: <a href=\"/battle-gen9championsvgc2026regmbbo3-2674139338\"><strong>Game 3 of 3</strong></a>\n","uploadtime":1788305153,"views":"1","formatid":"gen9championsvgc2026regmbbo3","rating":null,"private":0,"password":null}