{"id":"gen9championsvgc2026regmb-2674403857","format":"[Gen 9 Champions] VGC 2026 Reg M-B","players":["kennone","Dirk_showdown"],"log":"|j|☆kennone\n|j|☆Dirk_showdown\n|t:|1788355501\n|gametype|doubles\n|player|p1|kennone|169|1088\n|player|p2|Dirk_showdown|waitress-gen4|1000\n|gen|9\n|tier|[Gen 9 Champions] VGC 2026 Reg M-B\n|rated|\n|rule|Species Clause: Limit one of each Pokémon\n|rule|Item Clause: Limit 1 of each item\n|clearpoke\n|poke|p1|Politoed, L50, F|\n|poke|p1|Incineroar, L50, F|\n|poke|p1|Sinistcha, L50|\n|poke|p1|Gengar, L50, F|\n|poke|p1|Dragapult, L50, F|\n|poke|p1|Toxapex, L50, M|\n|poke|p2|Snorlax, L50, F|\n|poke|p2|Lucario, L50, F|\n|poke|p2|Gengar, L50, F, shiny|\n|poke|p2|Farigiraf, L50, F|\n|poke|p2|Drampa, L50, F|\n|poke|p2|Bastiodon, L50, M|\n|teampreview|4\n|inactive|Battle timer is ON: inactive players will automatically lose when time's up. (requested by kennone)\n|\n|t:|1788355534\n|teamsize|p1|4\n|teamsize|p2|4\n|start\n|switch|p1a: Gengar|Gengar, L50, F|100/100\n|switch|p1b: Sinistcha|Sinistcha, L50|100/100\n|switch|p2a: Lucario|Lucario, L50, F|100/100\n|switch|p2b: Farigiraf|Farigiraf, L50, F|100/100\n|turn|1\n|inactive|Dirk_showdown has 30 seconds left.\n|\n|t:|1788355567\n|detailschange|p1a: Gengar|Gengar-Mega, L50, F\n|-mega|p1a: Gengar|Gengar|Gengarite\n|move|p2a: Lucario|Bullet Punch|p1a: Gengar\n|-crit|p1a: Gengar\n|-damage|p1a: Gengar|64/100\n|move|p1a: Gengar|Perish Song|p1a: Gengar\n|-start|p1a: Gengar|perish3|[silent]\n|-start|p1b: Sinistcha|perish3|[silent]\n|-start|p2a: Lucario|perish3|[silent]\n|-start|p2b: Farigiraf|perish3|[silent]\n|-fieldactivate|move: Perish Song\n|move|p1b: Sinistcha|Reflect|p1b: Sinistcha\n|-sidestart|p1: kennone|Reflect\n|move|p2b: Farigiraf|Beat Up|p2a: Lucario\n|-resisted|p2a: Lucario|1\n|-damage|p2a: Lucario|95/100\n|-ability|p2a: Lucario|Justified|boost\n|-boost|p2a: Lucario|atk|1\n|-resisted|p2a: Lucario|1\n|-damage|p2a: Lucario|92/100\n|-ability|p2a: Lucario|Justified|boost\n|-boost|p2a: Lucario|atk|1\n|-resisted|p2a: Lucario|1\n|-damage|p2a: Lucario|89/100\n|-ability|p2a: Lucario|Justified|boost\n|-boost|p2a: Lucario|atk|1\n|-resisted|p2a: Lucario|1\n|-damage|p2a: Lucario|87/100\n|-ability|p2a: Lucario|Justified|boost\n|-boost|p2a: Lucario|atk|1\n|-hitcount|p2a: Lucario|4\n|\n|-start|p2a: Lucario|perish3\n|-start|p1a: Gengar|perish3\n|-start|p1b: Sinistcha|perish3\n|-start|p2b: Farigiraf|perish3\n|upkeep\n|turn|2\n|inactive|kennone has 30 seconds left.\n|inactive|Dirk_showdown has 30 seconds left.\n|inactive|Dirk_showdown has 20 seconds left.\n|inactive|Dirk_showdown has 15 seconds left.\n|\n|t:|1788355610\n|move|p1a: Gengar|Protect|p1a: Gengar\n|-singleturn|p1a: Gengar|Protect\n|move|p1b: Sinistcha|Protect|p1b: Sinistcha\n|-singleturn|p1b: Sinistcha|Protect\n|move|p2a: Lucario|Bullet Punch|p1a: Gengar\n|-activate|p1a: Gengar|move: Protect\n|move|p2b: Farigiraf|Beat Up|p2a: Lucario\n|-resisted|p2a: Lucario|1\n|-damage|p2a: Lucario|82/100\n|-ability|p2a: Lucario|Justified|boost\n|-boost|p2a: Lucario|atk|1\n|-resisted|p2a: Lucario|1\n|-damage|p2a: Lucario|79/100\n|-ability|p2a: Lucario|Justified|boost\n|-boost|p2a: Lucario|atk|1\n|-resisted|p2a: Lucario|1\n|-damage|p2a: Lucario|76/100\n|-resisted|p2a: Lucario|1\n|-damage|p2a: Lucario|73/100\n|-hitcount|p2a: Lucario|4\n|\n|-start|p2a: Lucario|perish2\n|-start|p1a: Gengar|perish2\n|-start|p1b: Sinistcha|perish2\n|-start|p2b: Farigiraf|perish2\n|upkeep\n|turn|3\n|inactive|kennone has 30 seconds left.\n|inactive|kennone has 20 seconds left.\n|inactive|kennone has 15 seconds left.\n|inactive|kennone has 10 seconds left.\n|inactive|kennone has 5 seconds left.\n|\n|t:|1788355664\n|move|p1a: Gengar|Protect||[still]\n|-fail|p1a: Gengar\n|move|p2a: Lucario|Bullet Punch|p1a: Gengar\n|-damage|p1a: Gengar|9/100\n|move|p1b: Sinistcha|Matcha Gotcha|p2b: Farigiraf|[spread] p2b\n|-miss|p1b: Sinistcha|p2a: Lucario\n|-damage|p2b: Farigiraf|74/100\n|move|p2b: Farigiraf|Psychic Fangs|p1a: Gengar\n|-sideend|p1: kennone|Reflect\n|-supereffective|p1a: Gengar|1\n|-damage|p1a: Gengar|0 fnt\n|faint|p1a: Gengar\n|\n|-start|p2a: Lucario|perish1\n|-start|p1b: Sinistcha|perish1\n|-start|p2b: Farigiraf|perish1\n|upkeep\n|\n|t:|1788355681\n|switch|p1a: Toxapex|Toxapex, L50, M|100/100\n|turn|4\n|inactive|Dirk_showdown has 30 seconds left.\n|\n|t:|1788355710\n|switch|p1b: Politoed|Politoed, L50, F|100/100\n|switch|p2b: Bastiodon|Bastiodon, L50, M|100/100\n|move|p2a: Lucario|Bullet Punch|p1a: Toxapex\n|-resisted|p1a: Toxapex|1\n|-damage|p1a: Toxapex|77/100\n|move|p1a: Toxapex|Infestation|p2b: Bastiodon\n|-resisted|p2b: Bastiodon|1\n|-damage|p2b: Bastiodon|98/100\n|-activate|p2b: Bastiodon|move: Infestation|[of] p1a: Toxapex\n|\n|-heal|p1a: Toxapex|83/100|[from] item: Leftovers\n|-heal|p2b: Bastiodon|100/100|[from] item: Leftovers\n|-damage|p2b: Bastiodon|88/100|[from] move: Infestation|[partiallytrapped]\n|-start|p2a: Lucario|perish0\n|upkeep\n|faint|p2a: Lucario\n|\n|t:|1788355732\n|switch|p2a: Gengar|Gengar, L50, F, shiny|100/100\n|turn|5\n|\n|t:|1788355754\n|detailschange|p2a: Gengar|Gengar-Mega, L50, F, shiny\n|-mega|p2a: Gengar|Gengar|Gengarite\n|move|p2a: Gengar|Perish Song|p2a: Gengar\n|-start|p1a: Toxapex|perish3|[silent]\n|-start|p1b: Politoed|perish3|[silent]\n|-start|p2a: Gengar|perish3|[silent]\n|-immune|p2b: Bastiodon|[from] ability: Soundproof\n|-fieldactivate|move: Perish Song\n|move|p1b: Politoed|Perish Song|p1b: Politoed\n|-immune|p2b: Bastiodon|[from] ability: Soundproof\n|move|p1a: Toxapex|Infestation|p2a: Gengar\n|-resisted|p2a: Gengar|2\n|-damage|p2a: Gengar|99/100\n|-activate|p2a: Gengar|move: Infestation|[of] p1a: Toxapex\n|move|p2b: Bastiodon|Reflect|p2b: Bastiodon\n|-sidestart|p2: Dirk_showdown|Reflect\n|\n|-heal|p1a: Toxapex|89/100|[from] item: Leftovers\n|-heal|p2b: Bastiodon|94/100|[from] item: Leftovers\n|-damage|p2a: Gengar|86/100|[from] move: Infestation|[partiallytrapped]\n|-damage|p2b: Bastiodon|82/100|[from] move: Infestation|[partiallytrapped]\n|-start|p2a: Gengar|perish3\n|-start|p1b: Politoed|perish3\n|-start|p1a: Toxapex|perish3\n|upkeep\n|turn|6\n|inactive|kennone has 30 seconds left.\n|inactive|Dirk_showdown has 30 seconds left.\n|inactive|Dirk_showdown has 20 seconds left.\n|inactive|Dirk_showdown has 15 seconds left.\n|inactive|Dirk_showdown has 10 seconds left.\n|\n|t:|1788355801\n|move|p1b: Politoed|Protect|p1b: Politoed\n|-singleturn|p1b: Politoed|Protect\n|move|p1a: Toxapex|Baneful Bunker|p1a: Toxapex\n|-singleturn|p1a: Toxapex|move: Protect\n|move|p2a: Gengar|Sludge Wave|p1a: Toxapex|[spread] \n|-activate|p1a: Toxapex|move: Protect\n|-activate|p1b: Politoed|move: Protect\n|-immune|p2b: Bastiodon\n|move|p2b: Bastiodon|Foul Play|p1a: Toxapex\n|-activate|p1a: Toxapex|move: Protect\n|\n|-heal|p1a: Toxapex|94/100|[from] item: Leftovers\n|-heal|p2b: Bastiodon|88/100|[from] item: Leftovers\n|-damage|p2a: Gengar|74/100|[from] move: Infestation|[partiallytrapped]\n|-damage|p2b: Bastiodon|76/100|[from] move: Infestation|[partiallytrapped]\n|-start|p2a: Gengar|perish2\n|-start|p1b: Politoed|perish2\n|-start|p1a: Toxapex|perish2\n|upkeep\n|turn|7\n|inactive|kennone has 30 seconds left.\n|inactive|Dirk_showdown has 30 seconds left.\n|inactive|Dirk_showdown has 20 seconds left.\n|inactive|Dirk_showdown has 15 seconds left.\n|\n|t:|1788355842\n|move|p2a: Gengar|Sludge Wave|p1a: Toxapex|[spread] p1a,p1b\n|-immune|p2b: Bastiodon\n|-resisted|p1a: Toxapex|1\n|-damage|p1a: Toxapex|79/100\n|-damage|p1b: Politoed|63/100\n|move|p1b: Politoed|Waterfall|p2b: Bastiodon\n|-supereffective|p2b: Bastiodon|1\n|-damage|p2b: Bastiodon|61/100\n|move|p1a: Toxapex|Recover|p1a: Toxapex\n|-heal|p1a: Toxapex|100/100\n|move|p2b: Bastiodon|Foul Play|p1a: Toxapex\n|-damage|p1a: Toxapex|89/100\n|\n|-heal|p1a: Toxapex|95/100|[from] item: Leftovers\n|-heal|p2b: Bastiodon|67/100|[from] item: Leftovers\n|-damage|p2a: Gengar|62/100|[from] move: Infestation|[partiallytrapped]\n|-damage|p2b: Bastiodon|55/100|[from] move: Infestation|[partiallytrapped]\n|-start|p2a: Gengar|perish1\n|-start|p1b: Politoed|perish1\n|-start|p1a: Toxapex|perish1\n|upkeep\n|turn|8\n|inactive|kennone has 30 seconds left.\n|inactive|Dirk_showdown has 30 seconds left.\n|\n|t:|1788355870\n|move|p2a: Gengar|Protect|p2a: Gengar\n|-singleturn|p2a: Gengar|Protect\n|move|p2b: Bastiodon|Protect|p2b: Bastiodon\n|-singleturn|p2b: Bastiodon|Protect\n|move|p1b: Politoed|Waterfall|p2b: Bastiodon\n|-activate|p2b: Bastiodon|move: Protect\n|move|p1a: Toxapex|Infestation|p2a: Gengar\n|-activate|p2a: Gengar|move: Protect\n|\n|-heal|p1a: Toxapex|100/100|[from] item: Leftovers\n|-heal|p2b: Bastiodon|61/100|[from] item: Leftovers\n|-damage|p2a: Gengar|49/100|[from] move: Infestation|[partiallytrapped]\n|-end|p2b: Bastiodon|Infestation|[partiallytrapped]\n|-start|p2a: Gengar|perish0\n|-start|p1b: Politoed|perish0\n|-start|p1a: Toxapex|perish0\n|faint|p2a: Gengar\n|faint|p1b: Politoed\n|faint|p1a: Toxapex\n|upkeep\n|\n|t:|1788355887\n|switch|p2a: Farigiraf|Farigiraf, L50, F|74/100\n|switch|p1b: Sinistcha|Sinistcha, L50|100/100\n|turn|9\n|\n|t:|1788355898\n|move|p1b: Sinistcha|Matcha Gotcha|p2b: Bastiodon|[spread] p2b\n|-miss|p1b: Sinistcha|p2a: Farigiraf\n|-damage|p2b: Bastiodon|40/100\n|move|p2b: Bastiodon|Foul Play|p1b: Sinistcha\n|-supereffective|p1b: Sinistcha|1\n|-crit|p1b: Sinistcha\n|-damage|p1b: Sinistcha|70/100\n|move|p2a: Farigiraf|Trick Room|p2a: Farigiraf\n|-fieldstart|move: Trick Room|[of] p2a: Farigiraf\n|\n|-heal|p2b: Bastiodon|46/100|[from] item: Leftovers\n|-sideend|p2: Dirk_showdown|Reflect\n|upkeep\n|turn|10\n|\n|t:|1788355913\n|move|p2b: Bastiodon|Wide Guard|p2b: Bastiodon\n|-singleturn|p2b: Bastiodon|Wide Guard\n|move|p2a: Farigiraf|Beat Up|p1b: Sinistcha\n|-supereffective|p1b: Sinistcha|1\n|-damage|p1b: Sinistcha|62/100\n|-supereffective|p1b: Sinistcha|1\n|-damage|p1b: Sinistcha|57/100\n|-hitcount|p1b: Sinistcha|2\n|move|p1b: Sinistcha|Matcha Gotcha|p2a: Farigiraf|[spread] \n|-activate|p2a: Farigiraf|move: Wide Guard\n|-activate|p2b: Bastiodon|move: Wide Guard\n|\n|-heal|p2b: Bastiodon|52/100|[from] item: Leftovers\n|upkeep\n|turn|11\n|\n|t:|1788355932\n|move|p2b: Bastiodon|Foul Play|p1b: Sinistcha\n|-supereffective|p1b: Sinistcha|1\n|-damage|p1b: Sinistcha|35/100\n|move|p2a: Farigiraf|Beat Up|p1b: Sinistcha\n|-supereffective|p1b: Sinistcha|1\n|-damage|p1b: Sinistcha|28/100\n|-supereffective|p1b: Sinistcha|1\n|-damage|p1b: Sinistcha|22/100\n|-hitcount|p1b: Sinistcha|2\n|move|p1b: Sinistcha|Shadow Ball|p2b: Bastiodon\n|-damage|p2b: Bastiodon|27/100\n|\n|-heal|p2b: Bastiodon|33/100|[from] item: Leftovers\n|upkeep\n|turn|12\n|\n|t:|1788355952\n|move|p2b: Bastiodon|Foul Play|p1b: Sinistcha\n|-supereffective|p1b: Sinistcha|1\n|-damage|p1b: Sinistcha|1/100\n|move|p2a: Farigiraf|Beat Up|p1b: Sinistcha\n|-supereffective|p1b: Sinistcha|1\n|-damage|p1b: Sinistcha|0 fnt\n|faint|p1b: Sinistcha\n|-hitcount|p1: Sinistcha|1\n|\n|win|Dirk_showdown\n|raw|kennone's rating: 1088 &rarr; <strong>1059</strong><br />(-29 for losing)\n|raw|Dirk_showdown's rating: 1000 &rarr; <strong>1050</strong><br />(+50 for winning)\n|l|☆kennone\n|player|p1|\n","uploadtime":1788355961,"views":"1","formatid":"gen9championsvgc2026regmb","rating":1050,"private":0,"password":null}