{"id":"gen9championsvgc2026regmb-2674282801","format":"[Gen 9 Champions] VGC 2026 Reg M-B","players":["Darrk_Shiva","Noobiedoobie537"],"log":"|j|☆Darrk_Shiva\n|j|☆Noobiedoobie537\n|t:|1788331081\n|gametype|doubles\n|player|p1|Darrk_Shiva|fisherman-gen4|1212\n|player|p2|Noobiedoobie537|lucas-gen4pt|1172\n|gen|9\n|tier|[Gen 9 Champions] VGC 2026 Reg M-B\n|rated|\n|rule|Species Clause: Limit one of each Pokémon\n|rule|Item Clause: Limit 1 of each item\n|clearpoke\n|poke|p1|Froslass, L50, F|\n|poke|p1|Talonflame, L50, F|\n|poke|p1|Gallade, L50, M|\n|poke|p1|Rotom-Wash, L50|\n|poke|p1|Scrafty, L50, F|\n|poke|p1|Salazzle, L50, F|\n|poke|p2|Reuniclus, L50, M, shiny|\n|poke|p2|Farigiraf, L50, F|\n|poke|p2|Sneasler, L50, F|\n|poke|p2|Pelipper, L50, F|\n|poke|p2|Swampert, L50, F|\n|poke|p2|Mawile, L50, M|\n|teampreview|4\n|inactive|Battle timer is ON: inactive players will automatically lose when time's up. (requested by Noobiedoobie537)\n|\n|t:|1788331130\n|teamsize|p1|4\n|teamsize|p2|4\n|start\n|switch|p1a: Scrafty|Scrafty, L50, F|100/100\n|switch|p1b: Rotom|Rotom-Wash, L50|100/100\n|switch|p2a: Harryhardtr|Farigiraf, L50, F|100/100\n|switch|p2b: sukuna|Reuniclus, L50, M, shiny|100/100\n|-ability|p1a: Scrafty|Intimidate|boost\n|-unboost|p2a: Harryhardtr|atk|1\n|-unboost|p2b: sukuna|atk|1\n|turn|1\n|\n|t:|1788331150\n|move|p1b: Rotom|Hydro Pump|p2a: Harryhardtr\n|-damage|p2a: Harryhardtr|58/100\n|move|p1a: Scrafty|Knock Off|p2a: Harryhardtr\n|-supereffective|p2a: Harryhardtr|1\n|-damage|p2a: Harryhardtr|0 fnt\n|-enditem|p2a: Harryhardtr|Sitrus Berry|[from] move: Knock Off|[of] p1a: Scrafty\n|faint|p2a: Harryhardtr\n|move|p2b: sukuna|Focus Blast|p1a: Scrafty|[miss]\n|-miss|p2b: sukuna|p1a: Scrafty\n|\n|upkeep\n|\n|t:|1788331157\n|switch|p2a: fraud|Pelipper, L50, F|100/100\n|-weather|RainDance|[from] ability: Drizzle|[of] p2a: fraud\n|turn|2\n|inactive|Noobiedoobie537 has 30 seconds left.\n|\n|t:|1788331184\n|switch|p1a: Salazzle|Salazzle, L50, F|100/100\n|move|p2a: fraud|Protect|p2a: fraud\n|-singleturn|p2a: fraud|Protect\n|move|p1b: Rotom|Thunderbolt|p2a: fraud\n|-activate|p2a: fraud|move: Protect\n|move|p2b: sukuna|Trick Room|p2b: sukuna\n|-fieldstart|move: Trick Room|[of] p2b: sukuna\n|\n|-weather|RainDance|[upkeep]\n|upkeep\n|turn|3\n|\n|t:|1788331207\n|switch|p1a: Scrafty|Scrafty, L50, F|100/100\n|-ability|p1a: Scrafty|Intimidate|boost\n|-unboost|p2a: fraud|atk|1\n|-unboost|p2b: sukuna|atk|1\n|move|p2b: sukuna|Psychic|p1b: Rotom\n|-damage|p1b: Rotom|25/100\n|move|p2a: fraud|Weather Ball|p1a: Scrafty\n|-damage|p1a: Scrafty|31/100\n|move|p1b: Rotom|Thunderbolt|p2a: fraud\n|-supereffective|p2a: fraud|2\n|-damage|p2a: fraud|0 fnt\n|faint|p2a: fraud\n|\n|-weather|RainDance|[upkeep]\n|upkeep\n|\n|t:|1788331218\n|switch|p2a: mawilemax|Mawile, L50, M|100/100\n|-ability|p2a: mawilemax|Intimidate|boost\n|-unboost|p1a: Scrafty|atk|1\n|-unboost|p1b: Rotom|atk|1\n|turn|4\n|inactive|Darrk_Shiva has 30 seconds left.\n|inactive|Darrk_Shiva has 20 seconds left.\n|inactive|Darrk_Shiva has 15 seconds left.\n|\n|t:|1788331262\n|detailschange|p2a: mawilemax|Mawile-Mega, L50, M\n|-mega|p2a: mawilemax|Mawile|Mawilite\n|detailschange|p1a: Scrafty|Scrafty-Mega, L50, F\n|-mega|p1a: Scrafty|Scrafty|Scraftinite\n|-ability|p1a: Scrafty|Intimidate|boost\n|-unboost|p2a: mawilemax|atk|1\n|-unboost|p2b: sukuna|atk|1\n|move|p1b: Rotom|Protect|p1b: Rotom\n|-singleturn|p1b: Rotom|Protect\n|move|p1a: Scrafty|Fake Out|p2b: sukuna\n|-damage|p2b: sukuna|91/100\n|cant|p2b: sukuna|flinch\n|move|p2a: mawilemax|Play Rough|p1a: Scrafty\n|-supereffective|p1a: Scrafty|2\n|-damage|p1a: Scrafty|0 fnt\n|faint|p1a: Scrafty\n|\n|-weather|RainDance|[upkeep]\n|upkeep\n|\n|t:|1788331280\n|switch|p1a: Gallade|Gallade, L50, M|100/100\n|turn|5\n|inactive|Darrk_Shiva has 30 seconds left.\n|\n|t:|1788331309\n|move|p2b: sukuna|Psychic|p1b: Rotom\n|-damage|p1b: Rotom|0 fnt\n|faint|p1b: Rotom\n|move|p2a: mawilemax|Play Rough|p1a: Gallade\n|-supereffective|p1a: Gallade|1\n|-damage|p1a: Gallade|0 fnt\n|faint|p1a: Gallade\n|\n|-weather|RainDance|[upkeep]\n|upkeep\n|\n|t:|1788331312\n|switch|p1b: Salazzle|Salazzle, L50, F|100/100\n|turn|6\n|-message|Darrk_Shiva forfeited.\n|\n|win|Noobiedoobie537\n|raw|Darrk_Shiva's rating: 1212 &rarr; <strong>1184</strong><br />(-28 for losing)\n|raw|Noobiedoobie537's rating: 1172 &rarr; <strong>1200</strong><br />(+28 for winning)\n|l|☆Darrk_Shiva\n|player|p1|\n","uploadtime":1788331321,"views":"1","formatid":"gen9championsvgc2026regmb","rating":1184,"private":0,"password":null}