{"id":"gen9championsvgc2026regmbbo3-2673555640","format":"[Gen 9 Champions] VGC 2026 Reg M-B (Bo3)","players":["freudianbreath","Ramon1313"],"log":"|j|☆freudianbreath\n|j|☆Ramon1313\n|html|<table width=\"100%\"><tr><td align=\"left\">freudianbreath</td><td align=\"right\">Ramon1313</tr><tr><td align=\"left\"><i class=\"fa fa-circle-o\"></i> <i class=\"fa fa-circle-o\"></i> </td><td align=\"right\"><i class=\"fa fa-circle-o\"></i> <i class=\"fa fa-circle-o\"></i> </tr></table>\n|uhtml|bestof|<h2><strong>Game 1</strong> of <a href=\"/game-bestof3-gen9championsvgc2026regmbbo3-2673555639\">a best-of-3</a></h2>\n|t:|1788212594\n|gametype|doubles\n|player|p1|freudianbreath|2|1078\n|player|p2|Ramon1313|2|1000\n|gen|9\n|tier|[Gen 9 Champions] VGC 2026 Reg M-B (Bo3)\n|rated|\n|rule|Species Clause: Limit one of each Pokémon\n|rule|Item Clause: Limit 1 of each item\n|clearpoke\n|poke|p1|Sneasler, L50, F|\n|poke|p1|Incineroar, L50, F|\n|poke|p1|Gengar, L50, F|\n|poke|p1|Sinistcha-Masterpiece, L50|\n|poke|p1|Dragonite, L50, F|\n|poke|p1|Charizard, L50, F|\n|poke|p2|Garchomp, L50, F|\n|poke|p2|Hippowdon, L50, F|\n|poke|p2|Houndstone, L50, M|\n|poke|p2|Dragapult, L50, M|\n|poke|p2|Volcarona, L50, F|\n|poke|p2|Kingambit, L50, M|\n|teampreview|4\n|showteam|p1|Sneasler||SitrusBerry|PoisonTouch|FakeOut,CloseCombat,DireClaw,Uturn|Jolly||F|||50|]Incineroar||Charcoal|Intimidate|FakeOut,FlareBlitz,PartingShot,Snarl|Brave||F|||50|]Gengar||Gengarite|CursedBody|Protect,Taunt,SludgeBomb,WillOWisp|Timid||F|||50|]Sinistcha-Masterpiece||MiracleSeed|Heatproof|MatchaGotcha,ShadowBall,Scald,TrickRoom|Quiet|||||50|]Dragonite||Leftovers|Multiscale|Protect,DragonClaw,ExtremeSpeed,IceSpinner|Adamant||F|||50|]Charizard||CharizarditeY|Blaze|HeatWave,AncientPower,Overheat,Protect|Timid||F|||50|\n|showteam|p2|Garchomp||Garchompite|SandVeil|DragonClaw,Earthquake,RockSlide,Protect|Adamant||F|||50|]Hippowdon||SmoothRock|SandStream|SandTomb,SlackOff,Yawn,Protect|Careful||F|||50|]Houndstone||LifeOrb|SandRush|LastRespects,ShadowSneak,PlayRough,Protect|Adamant||M|||50|]Dragapult||DragonFang|ClearBody|DragonDarts,PhantomForce,Uturn,SuckerPunch|Jolly||M|||50|]Volcarona||SitrusBerry|FlameBody|HeatWave,RagePowder,Tailwind,Protect|Bold||F|||50|]Kingambit||BlackGlasses|Defiant|KowtowCleave,SuckerPunch,IronHead,Protect|Adamant||M|||50|\n|\n|t:|1788212719\n|teamsize|p1|4\n|teamsize|p2|4\n|start\n|switch|p1a: Gengar|Gengar, L50, F|100/100\n|switch|p1b: Sinistcha|Sinistcha-Masterpiece, L50|100/100\n|switch|p2a: Hippowdon|Hippowdon, L50, F|100/100\n|switch|p2b: Volcarona|Volcarona, L50, F|100/100\n|-weather|Sandstorm|[from] ability: Sand Stream|[of] p2a: Hippowdon\n|turn|1\n|\n|t:|1788212844\n|move|p1a: Gengar|Taunt|p2b: Volcarona\n|-start|p2b: Volcarona|move: Taunt\n|cant|p2b: Volcarona|move: Taunt|Tailwind\n|move|p1b: Sinistcha|Matcha Gotcha|p2a: Hippowdon|[spread] p2a,p2b\n|-supereffective|p2a: Hippowdon|1\n|-resisted|p2b: Volcarona|2\n|-damage|p2a: Hippowdon|38/100\n|-damage|p2b: Volcarona|91/100\n|move|p2a: Hippowdon|Sand Tomb|p1a: Gengar\n|-supereffective|p1a: Gengar|1\n|-damage|p1a: Gengar|53/100\n|-activate|p1a: Gengar|move: Sand Tomb|[of] p2a: Hippowdon\n|\n|-weather|Sandstorm|[upkeep]\n|-damage|p1a: Gengar|47/100|[from] Sandstorm\n|-damage|p2b: Volcarona|85/100|[from] Sandstorm\n|-damage|p1b: Sinistcha|93/100|[from] Sandstorm\n|-damage|p1a: Gengar|35/100|[from] move: Sand Tomb|[partiallytrapped]\n|upkeep\n|turn|2\n|\n|t:|1788212886\n|switch|p1a: Dragonite|Dragonite, L50, F|100/100\n|move|p2a: Hippowdon|Protect|p2a: Hippowdon\n|-singleturn|p2a: Hippowdon|Protect\n|move|p2b: Volcarona|Heat Wave|p1a: Dragonite|[spread] p1a,p1b\n|-resisted|p1a: Dragonite|1\n|-supereffective|p1b: Sinistcha|1\n|-damage|p1a: Dragonite|93/100\n|-damage|p1b: Sinistcha|53/100\n|move|p1b: Sinistcha|Scald|p2b: Volcarona\n|-supereffective|p2b: Volcarona|1\n|-damage|p2b: Volcarona|33/100\n|-enditem|p2b: Volcarona|Sitrus Berry|[eat]\n|-heal|p2b: Volcarona|58/100|[from] item: Sitrus Berry\n|\n|-weather|Sandstorm|[upkeep]\n|-damage|p2b: Volcarona|52/100|[from] Sandstorm\n|-damage|p1a: Dragonite|87/100|[from] Sandstorm\n|-damage|p1b: Sinistcha|47/100|[from] Sandstorm\n|-heal|p1a: Dragonite|93/100|[from] item: Leftovers\n|upkeep\n|turn|3\n|\n|t:|1788212927\n|switch|p2b: Garchomp|Garchomp, L50, F|100/100\n|move|p1a: Dragonite|Ice Spinner|p2a: Hippowdon\n|-supereffective|p2a: Hippowdon|1\n|-damage|p2a: Hippowdon|0 fnt\n|faint|p2a: Hippowdon\n|move|p1b: Sinistcha|Scald|p2b: Garchomp\n|-damage|p2b: Garchomp|68/100\n|\n|-weather|Sandstorm|[upkeep]\n|-damage|p1a: Dragonite|87/100|[from] Sandstorm\n|-damage|p1b: Sinistcha|41/100|[from] Sandstorm\n|-heal|p1a: Dragonite|93/100|[from] item: Leftovers\n|upkeep\n|\n|t:|1788212944\n|switch|p2a: Volcarona|Volcarona, L50, F|52/100\n|turn|4\n|\n|t:|1788213012\n|switch|p1b: Gengar|Gengar, L50, F|35/100\n|detailschange|p2b: Garchomp|Garchomp-Mega, L50, F\n|-mega|p2b: Garchomp|Garchomp|Garchompite\n|move|p2b: Garchomp|Rock Slide|p1b: Gengar|[spread] p1a,p1b\n|-supereffective|p1a: Dragonite|1\n|-damage|p1a: Dragonite|23/100\n|-damage|p1b: Gengar|0 fnt\n|-start|p2b: Garchomp|Disable|Rock Slide|[from] ability: Cursed Body|[of] p1b: Gengar\n|faint|p1b: Gengar\n|move|p2a: Volcarona|Heat Wave|p1a: Dragonite\n|-resisted|p1a: Dragonite|1\n|-damage|p1a: Dragonite|5/100\n|move|p1a: Dragonite|Dragon Claw|p2b: Garchomp\n|-supereffective|p2b: Garchomp|1\n|-damage|p2b: Garchomp|0 fnt\n|faint|p2b: Garchomp\n|\n|-weather|Sandstorm|[upkeep]\n|-damage|p2a: Volcarona|45/100|[from] Sandstorm\n|-damage|p1a: Dragonite|0 fnt|[from] Sandstorm\n|faint|p1a: Dragonite\n|upkeep\n|\n|t:|1788213035\n|switch|p1b: Sneasler|Sneasler, L50, F|100/100\n|switch|p2b: Houndstone|Houndstone, L50, M|100/100\n|switch|p1a: Sinistcha|Sinistcha-Masterpiece, L50|41/100\n|turn|5\n|\n|t:|1788213090\n|move|p2a: Volcarona|Protect|p2a: Volcarona\n|-singleturn|p2a: Volcarona|Protect\n|move|p1b: Sneasler|Fake Out|p2a: Volcarona\n|-activate|p2a: Volcarona|move: Protect\n|move|p2b: Houndstone|Shadow Sneak|p1a: Sinistcha\n|-supereffective|p1a: Sinistcha|1\n|-damage|p1a: Sinistcha|0 fnt\n|faint|p1a: Sinistcha\n|-damage|p2b: Houndstone|90/100|[from] item: Life Orb\n|\n|-weather|Sandstorm|[upkeep]\n|-damage|p1b: Sneasler|94/100|[from] Sandstorm\n|-damage|p2a: Volcarona|39/100|[from] Sandstorm\n|upkeep\n|turn|6\n|\n|t:|1788213116\n|move|p2b: Houndstone|Shadow Sneak|p1b: Sneasler\n|-damage|p1b: Sneasler|49/100\n|-enditem|p1b: Sneasler|Sitrus Berry|[eat]\n|-heal|p1b: Sneasler|74/100|[from] item: Sitrus Berry\n|-damage|p2b: Houndstone|81/100|[from] item: Life Orb\n|move|p1b: Sneasler|Dire Claw|p2b: Houndstone\n|-resisted|p2b: Houndstone|1\n|-damage|p2b: Houndstone|53/100\n|move|p2a: Volcarona|Heat Wave|p1b: Sneasler\n|-damage|p1b: Sneasler|18/100\n|\n|-weather|Sandstorm|[upkeep]\n|-damage|p1b: Sneasler|12/100|[from] Sandstorm\n|-damage|p2a: Volcarona|33/100|[from] Sandstorm\n|upkeep\n|turn|7\n|\n|t:|1788213133\n|move|p2b: Houndstone|Shadow Sneak|p1b: Sneasler\n|-damage|p1b: Sneasler|0 fnt\n|faint|p1b: Sneasler\n|-damage|p2b: Houndstone|44/100|[from] item: Life Orb\n|\n|win|Ramon1313\n","uploadtime":1788213136,"views":"0","formatid":"gen9championsvgc2026regmbbo3","rating":null,"private":0,"password":null}