{"id":"gen9championsvgc2026regmb-2673875636","format":"[Gen 9 Champions] VGC 2026 Reg M-B","players":["Tonedeaf0609","maxmega15"],"log":"|j|☆Tonedeaf0609\n|j|☆maxmega15\n|t:|1788271785\n|gametype|doubles\n|player|p1|Tonedeaf0609|170|1092\n|player|p2|maxmega15|marlon|1041\n|gen|9\n|tier|[Gen 9 Champions] VGC 2026 Reg M-B\n|rated|\n|rule|Species Clause: Limit one of each Pokémon\n|rule|Item Clause: Limit 1 of each item\n|clearpoke\n|poke|p1|Armarouge, L50, F|\n|poke|p1|Abomasnow, L50, F|\n|poke|p1|Sinistcha, L50|\n|poke|p1|Milotic, L50, F|\n|poke|p1|Sneasler, L50, M|\n|poke|p1|Basculegion, L50, M|\n|poke|p2|Raichu, L50, F|\n|poke|p2|Pelipper, L50, M|\n|poke|p2|Palafin, L50, F|\n|poke|p2|Basculegion, L50, M|\n|poke|p2|Toxicroak, L50, M|\n|poke|p2|Falinks, L50|\n|teampreview|4\n|\n|t:|1788271826\n|teamsize|p1|4\n|teamsize|p2|4\n|start\n|switch|p1a: Sinistcha|Sinistcha, L50|100/100\n|switch|p1b: Basculegion|Basculegion, L50, M|100/100\n|switch|p2a: Falinks|Falinks, L50|100/100\n|switch|p2b: Palafin|Palafin, L50, F|100/100\n|turn|1\n|\n|t:|1788271873\n|move|p2a: Falinks|First Impression|p1a: Sinistcha\n|-damage|p1a: Sinistcha|75/100\n|move|p1a: Sinistcha|Rage Powder|p1a: Sinistcha\n|-singleturn|p1a: Sinistcha|move: Rage Powder\n|move|p2b: Palafin|Flip Turn|p1a: Sinistcha\n|-resisted|p1a: Sinistcha|1\n|-damage|p1a: Sinistcha|65/100\n|-damage|p2b: Palafin|90/100|[from] item: Life Orb\n|\n|t:|1788271879\n|detailschange|p2b: Palafin|Palafin-Hero, L50, F\n|switch|p2b: Raichu|Raichu, L50, F|100/100|[from] Flip Turn\n|move|p1b: Basculegion|Psychic Fangs|p2a: Falinks\n|-supereffective|p2a: Falinks|1\n|-damage|p2a: Falinks|19/100\n|\n|upkeep\n|turn|2\n|\n|t:|1788271912\n|detailschange|p2b: Raichu|Raichu-Mega-Y, L50, F\n|-mega|p2b: Raichu|Raichu|Raichunite Y\n|move|p1a: Sinistcha|Rage Powder|p1a: Sinistcha\n|-singleturn|p1a: Sinistcha|move: Rage Powder\n|move|p2b: Raichu|Zap Cannon|p1a: Sinistcha\n|-resisted|p1a: Sinistcha|1\n|-damage|p1a: Sinistcha|20/100y\n|-status|p1a: Sinistcha|par\n|-enditem|p1a: Sinistcha|Sitrus Berry|[eat]\n|-heal|p1a: Sinistcha|45/100 par|[from] item: Sitrus Berry\n|move|p2a: Falinks|Knock Off|p1a: Sinistcha\n|-supereffective|p1a: Sinistcha|1\n|-damage|p1a: Sinistcha|16/100 par\n|move|p1b: Basculegion|Psychic Fangs|p2a: Falinks\n|-supereffective|p2a: Falinks|1\n|-damage|p2a: Falinks|0 fnt\n|faint|p2a: Falinks\n|\n|upkeep\n|\n|t:|1788271925\n|switch|p2a: Palafin|Palafin-Hero, L50, F|90/100\n|-activate|p2a: Palafin|ability: Zero to Hero\n|turn|3\n|\n|t:|1788271962\n|switch|p1b: Armarouge|Armarouge, L50, F|100/100\n|move|p2a: Palafin|Jet Punch|p1a: Sinistcha\n|-resisted|p1a: Sinistcha|1\n|-damage|p1a: Sinistcha|0 fnt\n|faint|p1a: Sinistcha\n|-damage|p2a: Palafin|80/100|[from] item: Life Orb\n|move|p2b: Raichu|Zap Cannon|p1b: Armarouge\n|-damage|p1b: Armarouge|20/100y\n|-status|p1b: Armarouge|par\n|\n|upkeep\n|\n|t:|1788271977\n|switch|p1a: Abomasnow|Abomasnow, L50, F|100/100\n|-weather|Snowscape|[from] ability: Snow Warning|[of] p1a: Abomasnow\n|turn|4\n|\n|t:|1788271987\n|detailschange|p1a: Abomasnow|Abomasnow-Mega, L50, F\n|-mega|p1a: Abomasnow|Abomasnow|Abomasite\n|move|p2b: Raichu|Zap Cannon|p1b: Armarouge\n|-damage|p1b: Armarouge|0 fnt\n|faint|p1b: Armarouge\n|move|p2a: Palafin|Close Combat|p1a: Abomasnow\n|-supereffective|p1a: Abomasnow|1\n|-damage|p1a: Abomasnow|24/100\n|-unboost|p2a: Palafin|def|1\n|-unboost|p2a: Palafin|spd|1\n|-damage|p2a: Palafin|71/100|[from] item: Life Orb\n|move|p1a: Abomasnow|Wood Hammer|p2a: Palafin\n|-supereffective|p2a: Palafin|1\n|-damage|p2a: Palafin|0 fnt\n|faint|p2a: Palafin\n|-damage|p1a: Abomasnow|3/100|[from] Recoil\n|\n|-weather|Snowscape|[upkeep]\n|upkeep\n|\n|t:|1788272006\n|switch|p2a: Basculegion|Basculegion, L50, M|100/100\n|switch|p1b: Basculegion|Basculegion, L50, M|100/100\n|turn|5\n|\n|t:|1788272023\n|move|p2a: Basculegion|Last Respects|p1b: Basculegion\n|-supereffective|p1b: Basculegion|1\n|-damage|p1b: Basculegion|0 fnt\n|faint|p1b: Basculegion\n|move|p2b: Raichu|Zap Cannon|p1a: Abomasnow\n|-resisted|p1a: Abomasnow|1\n|-damage|p1a: Abomasnow|0 fnt\n|faint|p1a: Abomasnow\n|\n|win|maxmega15\n|raw|Tonedeaf0609's rating: 1092 &rarr; <strong>1065</strong><br />(-27 for losing)\n|raw|maxmega15's rating: 1041 &rarr; <strong>1080</strong><br />(+39 for winning)\n|c|☆maxmega15|gg\n|l|☆Tonedeaf0609\n|player|p1|\n","uploadtime":1788272031,"views":"4","formatid":"gen9championsvgc2026regmb","rating":1065,"private":0,"password":null}