{"id":"gen9championsvgc2026regmbbo3-2673674728","format":"[Gen 9 Champions] VGC 2026 Reg M-B (Bo3)","players":["eklyst","thecrazur"],"log":"|j|☆eklyst\n|j|☆thecrazur\n|html|<table width=\"100%\"><tr><td align=\"left\">eklyst</td><td align=\"right\">thecrazur</tr><tr><td align=\"left\"><i class=\"fa fa-circle-o\"></i> <i class=\"fa fa-circle-o\"></i> </td><td align=\"right\"><i class=\"fa fa-circle-o\"></i> <i class=\"fa fa-circle\"></i> </tr></table>\n|uhtml|bestof|<h2><strong>Game 2</strong> of <a href=\"/game-bestof3-gen9championsvgc2026regmbbo3-2673672618\">a best-of-3</a></h2>\n|t:|1788231081\n|gametype|doubles\n|player|p1|eklyst|pokemaniac|1337\n|player|p2|thecrazur|265|1231\n|gen|9\n|tier|[Gen 9 Champions] VGC 2026 Reg M-B (Bo3)\n|rated|\n|rule|Species Clause: Limit one of each Pokémon\n|rule|Item Clause: Limit 1 of each item\n|clearpoke\n|poke|p1|Sinistcha, L50|\n|poke|p1|Incineroar, L50, F|\n|poke|p1|Blaziken, L50, M|\n|poke|p1|Ninetales-Alola, L50, M|\n|poke|p1|Mawile, L50, M|\n|poke|p1|Basculegion, L50, M|\n|poke|p2|Blaziken, L50, M|\n|poke|p2|Ninetales-Alola, L50, M|\n|poke|p2|Araquanid, L50, M|\n|poke|p2|Gholdengo, L50|\n|poke|p2|Whimsicott, L50, M|\n|poke|p2|Staraptor, L50, F|\n|teampreview|4\n|showteam|p1|Sinistcha||KasibBerry|Hospitality|MatchaGotcha,RagePowder,TrickRoom,Protect|Relaxed|||||50|]Incineroar||SitrusBerry|Intimidate|FlareBlitz,FakeOut,PartingShot,HelpingHand|Careful||F|||50|]Blaziken||Blazikenite|SpeedBoost|CloseCombat,FlareBlitz,RockSlide,Detect|Adamant||M|||50|]Ninetales-Alola||NeverMeltIce|SnowWarning|Blizzard,FreezeDry,Encore,Protect|Timid||M|||50|]Mawile||Mawilite|HyperCutter|PlayRough,IronHead,SuckerPunch,Protect|Adamant||M|||50|]Basculegion||LifeOrb|Adaptability|WaveCrash,LastRespects,AquaJet,Protect|Adamant||M|||50|\n|showteam|p2|Blaziken||Blazikenite|SpeedBoost|AuraSphere,HeatWave,ScorchingSands,Detect|Modest||M|||50|]Ninetales-Alola||LifeOrb|SnowWarning|Blizzard,FreezeDry,Moonblast,Protect|Timid||M|||50|]Araquanid||MysticWater|WaterBubble|Liquidation,WideGuard,LeechLife,Protect|Brave||M|||50|]Gholdengo||ChoiceScarf|GoodasGold|MakeItRain,PowerGem,ShadowBall,Trick|Timid|||||50|]Whimsicott||FocusSash|Prankster|Moonblast,Tailwind,Protect,Charm|Timid||M|||50|]Staraptor||Staraptite|Intimidate|CloseCombat,BraveBird,Protect,Roost|Jolly||F|||50|\n|inactive|Battle timer is ON: inactive players will automatically lose when time's up. (requested by eklyst)\n|inactive|eklyst has 60 seconds left.\n|inactive|thecrazur has 60 seconds left.\n|\n|t:|1788231135\n|teamsize|p1|4\n|teamsize|p2|4\n|start\n|switch|p1a: Basculegion|Basculegion, L50, M|100/100\n|switch|p1b: Sinistcha|Sinistcha, L50|100/100\n|switch|p2a: Araquanid|Araquanid, L50, M|100/100\n|switch|p2b: Staraptor|Staraptor, L50, F|100/100\n|-ability|p2b: Staraptor|Intimidate|boost\n|-unboost|p1a: Basculegion|atk|1\n|-unboost|p1b: Sinistcha|atk|1\n|turn|1\n|inactive|thecrazur has 30 seconds left.\n|\n|t:|1788231166\n|switch|p1a: Incineroar|Incineroar, L50, F|100/100\n|-ability|p1a: Incineroar|Intimidate|boost\n|-unboost|p2a: Araquanid|atk|1\n|-unboost|p2b: Staraptor|atk|1\n|detailschange|p2b: Staraptor|Staraptor-Mega, L50, F\n|-mega|p2b: Staraptor|Staraptor|Staraptite\n|move|p2b: Staraptor|Brave Bird|p1b: Sinistcha\n|-supereffective|p1b: Sinistcha|1\n|-damage|p1b: Sinistcha|25/100\n|-damage|p2b: Staraptor|72/100|[from] Recoil\n|move|p1b: Sinistcha|Matcha Gotcha|p2a: Araquanid|[spread] p2a,p2b\n|-resisted|p2b: Staraptor|1\n|-damage|p2a: Araquanid|81/100\n|-heal|p1b: Sinistcha|35/100|[from] drain|[of] p2a: Araquanid\n|-damage|p2b: Staraptor|59/100\n|-heal|p1b: Sinistcha|41/100|[from] drain|[of] p2b: Staraptor\n|move|p2a: Araquanid|Leech Life|p1b: Sinistcha\n|-crit|p1b: Sinistcha\n|-damage|p1b: Sinistcha|0 fnt\n|-heal|p2a: Araquanid|100/100|[from] drain|[of] p1b: Sinistcha\n|faint|p1b: Sinistcha\n|\n|upkeep\n|\n|t:|1788231188\n|switch|p1b: Mawile|Mawile, L50, M|100/100\n|turn|2\n|\n|t:|1788231201\n|detailschange|p1b: Mawile|Mawile-Mega, L50, M\n|-mega|p1b: Mawile|Mawile|Mawilite\n|move|p1a: Incineroar|Helping Hand|p1b: Mawile\n|-singleturn|p1b: Mawile|Helping Hand|[of] p1a: Incineroar\n|move|p2b: Staraptor|Protect|p2b: Staraptor\n|-singleturn|p2b: Staraptor|Protect\n|move|p1b: Mawile|Play Rough|p2a: Araquanid\n|-damage|p2a: Araquanid|0 fnt\n|faint|p2a: Araquanid\n|\n|upkeep\n|\n|t:|1788231212\n|switch|p2a: Blaziken|Blaziken, L50, M|100/100\n|turn|3\n|\n|t:|1788231221\n|switch|p1a: Basculegion|Basculegion, L50, M|100/100\n|move|p1b: Mawile|Protect|p1b: Mawile\n|-singleturn|p1b: Mawile|Protect\n|move|p2b: Staraptor|Close Combat|p1b: Mawile\n|-activate|p1b: Mawile|move: Protect\n|move|p2a: Blaziken|Heat Wave|p1b: Mawile|[spread] p1a\n|-activate|p1b: Mawile|move: Protect\n|-resisted|p1a: Basculegion|1\n|-damage|p1a: Basculegion|78/100\n|\n|-ability|p2a: Blaziken|Speed Boost|boost\n|-boost|p2a: Blaziken|spe|1\n|upkeep\n|turn|4\n|\n|t:|1788231241\n|switch|p1b: Incineroar|Incineroar, L50, F|100/100\n|-ability|p1b: Incineroar|Intimidate|boost\n|-unboost|p2a: Blaziken|atk|1\n|-boost|p2b: Staraptor|atk|1\n|move|p2a: Blaziken|Detect|p2a: Blaziken\n|-singleturn|p2a: Blaziken|Protect\n|move|p2b: Staraptor|Protect|p2b: Staraptor\n|-singleturn|p2b: Staraptor|Protect\n|move|p1a: Basculegion|Wave Crash|p2a: Blaziken\n|-activate|p2a: Blaziken|move: Protect\n|\n|-ability|p2a: Blaziken|Speed Boost|boost\n|-boost|p2a: Blaziken|spe|1\n|upkeep\n|turn|5\n|inactive|thecrazur has 30 seconds left.\n|\n|t:|1788231271\n|switch|p2a: Gholdengo|Gholdengo, L50|100/100\n|move|p1b: Incineroar|Fake Out|p2b: Staraptor\n|-damage|p2b: Staraptor|48/100\n|cant|p2b: Staraptor|flinch\n|move|p1a: Basculegion|Wave Crash|p2a: Gholdengo\n|-damage|p2a: Gholdengo|0 fnt\n|faint|p2a: Gholdengo\n|-damage|p1a: Basculegion|51/100|[from] Recoil\n|-damage|p1a: Basculegion|41/100|[from] item: Life Orb\n|\n|upkeep\n|\n|t:|1788231282\n|switch|p2a: Blaziken|Blaziken, L50, M|100/100\n|turn|6\n|\n|t:|1788231291\n|move|p1a: Basculegion|Aqua Jet|p2a: Blaziken\n|-supereffective|p2a: Blaziken|1\n|-damage|p2a: Blaziken|0 fnt\n|faint|p2a: Blaziken\n|-damage|p1a: Basculegion|32/100|[from] item: Life Orb\n|move|p2b: Staraptor|Brave Bird|p1a: Basculegion\n|-crit|p1a: Basculegion\n|-damage|p1a: Basculegion|0 fnt\n|faint|p1a: Basculegion\n|-damage|p2b: Staraptor|35/100|[from] Recoil\n|move|p1b: Incineroar|Flare Blitz|p2b: Staraptor\n|-damage|p2b: Staraptor|0 fnt\n|faint|p2b: Staraptor\n|-damage|p1b: Incineroar|90/100|[from] Recoil\n|\n|win|eklyst\n||thecrazur is ready for game 3.\n|inactive|eklyst has 30 seconds to confirm battle start!\n||eklyst is ready for game 3.\n|uhtml|next|Next: <a href=\"/battle-gen9championsvgc2026regmbbo3-2673676043\"><strong>Game 3 of 3</strong></a>\n|l|☆thecrazur\n|player|p2|\n","uploadtime":1788231292,"views":"3","formatid":"gen9championsvgc2026regmbbo3","rating":null,"private":0,"password":null}