{"id":"gen9championsvgc2026regmbbo3-2674667023","format":"[Gen 9 Champions] VGC 2026 Reg M-B (Bo3)","players":["314478A","tobi234"],"log":"|j|☆314478A\n|j|☆tobi234\n|html|<table width=\"100%\"><tr><td align=\"left\">314478A</td><td align=\"right\">tobi234</tr><tr><td align=\"left\"><i class=\"fa fa-circle-o\"></i> <i class=\"fa fa-circle-o\"></i> </td><td align=\"right\"><i class=\"fa fa-circle-o\"></i> <i class=\"fa fa-circle-o\"></i> </tr></table>\n|uhtml|bestof|<h2><strong>Game 1</strong> of <a href=\"/game-bestof3-gen9championsvgc2026regmbbo3-2674667022\">a best-of-3</a></h2>\n|t:|1788387529\n|gametype|doubles\n|player|p1|314478A|aromalady|1000\n|player|p2|tobi234|clown|1000\n|gen|9\n|tier|[Gen 9 Champions] VGC 2026 Reg M-B (Bo3)\n|rated|\n|rule|Species Clause: Limit one of each Pokémon\n|rule|Item Clause: Limit 1 of each item\n|clearpoke\n|poke|p1|Raichu, L50, M|\n|poke|p1|Basculegion, L50, M|\n|poke|p1|Incineroar, L50, F|\n|poke|p1|Beedrill, L50, M|\n|poke|p1|Sinistcha, L50|\n|poke|p1|Sneasler, L50, M|\n|poke|p2|Camerupt, L50, M|\n|poke|p2|Sinistcha, L50|\n|poke|p2|Palafin, L50, M|\n|poke|p2|Gengar, L50, F|\n|poke|p2|Grimmsnarl, L50, M|\n|poke|p2|Hydreigon, L50, M|\n|teampreview|4\n|showteam|p1|Raichu||RaichuniteY|Static|VoltSwitch,FakeOut,ZapCannon,Protect|Bold||M|||50|]Basculegion||FocusSash|Adaptability|WaveCrash,FlipTurn,LastRespects,Protect|Lonely||M|||50|]Incineroar||ExpertBelt|Intimidate|FakeOut,FlareBlitz,DarkestLariat,PartingShot|Careful||F|||50|]Beedrill||Beedrillite|Sniper|Uturn,PoisonJab,ToxicSpikes,Protect|Lonely||M|||50|]Sinistcha||KasibBerry|Hospitality|MatchaGotcha,PainSplit,RagePowder,Protect|Bold|||||50|]Sneasler||MentalHerb|Unburden|CloseCombat,DireClaw,FakeOut,Protect|Adamant||M|||50|\n|showteam|p2|Camerupt||Cameruptite|SolidRock|AncientPower,HeatWave,EarthPower,Protect|Quiet||M|||50|]Sinistcha||Leftovers|Hospitality|MatchaGotcha,Protect,TrickRoom,RagePowder|Relaxed|||||50|]Palafin||MysticWater|ZerotoHero|WaveCrash,FlipTurn,CloseCombat,JetPunch|Adamant||M|||50|]Gengar||LifeOrb|CursedBody|ShadowBall,SludgeBomb,EnergyBall,Thunderbolt|Timid||F|||50|]Grimmsnarl||LightClay|Prankster|SpiritBreak,Reflect,LightScreen,PartingShot|Careful||M|||50|]Hydreigon||ChoiceScarf|Levitate|DracoMeteor,DarkPulse,Flamethrower,FocusBlast|Timid||M|||50|\n|\n|t:|1788387560\n|teamsize|p1|4\n|teamsize|p2|4\n|start\n|switch|p1a: Beedrill|Beedrill, L50, M|100/100\n|switch|p1b: Sinistcha|Sinistcha, L50|100/100\n|switch|p2a: Grimmsnarl|Grimmsnarl, L50, M|100/100\n|switch|p2b: Palafin|Palafin, L50, M|100/100\n|turn|1\n|inactive|Battle timer is ON: inactive players will automatically lose when time's up. (requested by tobi234)\n|\n|t:|1788387580\n|detailschange|p1a: Beedrill|Beedrill-Mega, L50, M\n|-mega|p1a: Beedrill|Beedrill|Beedrillite\n|move|p1b: Sinistcha|Rage Powder|p1b: Sinistcha\n|-singleturn|p1b: Sinistcha|move: Rage Powder\n|move|p2a: Grimmsnarl|Reflect|p2a: Grimmsnarl\n|-sidestart|p2: tobi234|Reflect\n|move|p1a: Beedrill|Poison Jab|p2a: Grimmsnarl\n|-supereffective|p2a: Grimmsnarl|1\n|-damage|p2a: Grimmsnarl|0 fnt\n|faint|p2a: Grimmsnarl\n|move|p2b: Palafin|Flip Turn|p1b: Sinistcha\n|-resisted|p1b: Sinistcha|1\n|-damage|p1b: Sinistcha|88/100\n|\n|t:|1788387588\n|detailschange|p2b: Palafin|Palafin-Hero, L50, M\n|switch|p2b: Camerupt|Camerupt, L50, M|100/100|[from] Flip Turn\n|\n|upkeep\n|\n|t:|1788387591\n|switch|p2a: Gengar|Gengar, L50, F|100/100\n|turn|2\n|\n|t:|1788387607\n|switch|p1b: Boo|Basculegion, L50, M|100/100\n|detailschange|p2b: Camerupt|Camerupt-Mega, L50, M\n|-mega|p2b: Camerupt|Camerupt|Cameruptite\n|move|p1a: Beedrill|U-turn|p2b: Camerupt\n|-resisted|p2b: Camerupt|1\n|-damage|p2b: Camerupt|80/100\n|\n|t:|1788387617\n|switch|p1a: Incineroar|Incineroar, L50, F|100/100|[from] U-turn\n|-ability|p1a: Incineroar|Intimidate|boost\n|-unboost|p2a: Gengar|atk|1\n|-unboost|p2b: Camerupt|atk|1\n|move|p2a: Gengar|Shadow Ball|p1b: Boo\n|-supereffective|p1b: Boo|1\n|-enditem|p1b: Boo|Focus Sash\n|-damage|p1b: Boo|1/100\n|-damage|p2a: Gengar|90/100|[from] item: Life Orb\n|move|p2b: Camerupt|Heat Wave|p1a: Incineroar|[spread] p1a,p1b\n|-resisted|p1a: Incineroar|1\n|-resisted|p1b: Boo|1\n|-damage|p1a: Incineroar|70/100\n|-damage|p1b: Boo|0 fnt\n|faint|p1b: Boo\n|\n|upkeep\n|\n|t:|1788387629\n|switch|p1b: Beedrill|Beedrill-Mega, L50, M|100/100\n|turn|3\n|\n|t:|1788387649\n|switch|p2a: Palafin|Palafin-Hero, L50, M|100/100\n|-activate|p2a: Palafin|ability: Zero to Hero\n|move|p1a: Incineroar|Fake Out|p2b: Camerupt\n|-damage|p2b: Camerupt|72/100\n|move|p1b: Beedrill|U-turn|p2a: Palafin\n|-damage|p2a: Palafin|63/100\n|\n|t:|1788387663\n|switch|p1b: Sinistcha|Sinistcha, L50|88/100|[from] U-turn\n|-heal|p1a: Incineroar|94/100|[from] ability: Hospitality|[of] p1b: Sinistcha\n|cant|p2b: Camerupt|flinch\n|\n|upkeep\n|turn|4\n|\n|t:|1788387684\n|move|p1b: Sinistcha|Protect|p1b: Sinistcha\n|-singleturn|p1b: Sinistcha|Protect\n|move|p2a: Palafin|Wave Crash|p1a: Incineroar\n|-supereffective|p1a: Incineroar|1\n|-damage|p1a: Incineroar|0 fnt\n|faint|p1a: Incineroar\n|-damage|p2a: Palafin|38/100|[from] Recoil\n|move|p2b: Camerupt|Earth Power|p1b: Sinistcha\n|-activate|p1b: Sinistcha|move: Protect\n|\n|upkeep\n|\n|t:|1788387694\n|switch|p1a: Beedrill|Beedrill-Mega, L50, M|100/100\n|turn|5\n|\n|t:|1788387705\n|move|p1a: Beedrill|U-turn|p2b: Camerupt\n|-resisted|p2b: Camerupt|1\n|-damage|p2b: Camerupt|53/100\n|move|p2a: Palafin|Wave Crash|p1a: Beedrill\n|-damage|p1a: Beedrill|0 fnt\n|faint|p1a: Beedrill\n|-damage|p2a: Palafin|15/100|[from] Recoil\n|move|p1b: Sinistcha|Matcha Gotcha|p2b: Camerupt|[spread] p2a,p2b\n|-supereffective|p2a: Palafin|1\n|-damage|p2a: Palafin|0 fnt\n|-heal|p1b: Sinistcha|100/100|[from] drain|[of] p2a: Palafin\n|-damage|p2b: Camerupt|27/100\n|faint|p2a: Palafin\n|move|p2b: Camerupt|Heat Wave|p1b: Sinistcha\n|-supereffective|p1b: Sinistcha|1\n|-damage|p1b: Sinistcha|0 fnt\n|faint|p1b: Sinistcha\n|\n|win|tobi234\n||tobi234 is ready for game 2.\n|inactive|314478A has 30 seconds to confirm battle start!\n||314478A is ready for game 2.\n|uhtml|next|Next: <a href=\"/battle-gen9championsvgc2026regmbbo3-2674668248\"><strong>Game 2 of 3</strong></a>\n","uploadtime":1788388106,"views":"1","formatid":"gen9championsvgc2026regmbbo3","rating":null,"private":0,"password":null}