{"id":"gen9championsvgc2026regmb-2674739188","format":"[Gen 9 Champions] VGC 2026 Reg M-B","players":["DylanNoPancakes","vihandevansells"],"log":"|j|☆DylanNoPancakes\n|j|☆vihandevansells\n|t:|1788398627\n|gametype|doubles\n|player|p1|DylanNoPancakes|2|1400\n|player|p2|vihandevansells|170|1287\n|gen|9\n|tier|[Gen 9 Champions] VGC 2026 Reg M-B\n|rated|\n|rule|Species Clause: Limit one of each Pokémon\n|rule|Item Clause: Limit 1 of each item\n|clearpoke\n|poke|p1|Incineroar, L50, M|\n|poke|p1|Samurott-Hisui, L50, M|\n|poke|p1|Sinistcha, L50|\n|poke|p1|Sneasler, L50, M|\n|poke|p1|Floette-Eternal, L50, F|\n|poke|p1|Delphox, L50, M|\n|poke|p2|Dragonite, L50, F|\n|poke|p2|Sneasler, L50, M|\n|poke|p2|Basculegion, L50, M|\n|poke|p2|Kingambit, L50, M|\n|poke|p2|Garchomp, L50, F|\n|poke|p2|Floette-Eternal, L50, F|\n|teampreview|4\n|inactive|Battle timer is ON: inactive players will automatically lose when time's up. (requested by vihandevansells)\n|\n|t:|1788398664\n|teamsize|p1|4\n|teamsize|p2|4\n|start\n|switch|p1a: Floette|Floette-Eternal, L50, F|100/100\n|switch|p1b: Samurott|Samurott-Hisui, L50, M|100/100\n|switch|p2a: Dragonite|Dragonite, L50, F|100/100\n|switch|p2b: Basculegion|Basculegion, L50, M|100/100\n|turn|1\n|\n|t:|1788398679\n|detailschange|p2a: Dragonite|Dragonite-Mega, L50, F\n|-mega|p2a: Dragonite|Dragonite|Dragoninite\n|detailschange|p1a: Floette|Floette-Mega, L50, F\n|-mega|p1a: Floette|Floette|Floettite\n|-ability|p1a: Floette|Fairy Aura\n|move|p2b: Basculegion|Protect|p2b: Basculegion\n|-singleturn|p2b: Basculegion|Protect\n|move|p1b: Samurott|Night Slash|p2b: Basculegion\n|-activate|p2b: Basculegion|move: Protect\n|move|p2a: Dragonite|Heat Wave|p1b: Samurott|[spread] p1a,p1b\n|-resisted|p1b: Samurott|1\n|-damage|p1a: Floette|80/100\n|-damage|p1b: Samurott|76/100\n|move|p1a: Floette|Dazzling Gleam|p2b: Basculegion|[spread] p2a\n|-activate|p2b: Basculegion|move: Protect\n|-supereffective|p2a: Dragonite|1\n|-damage|p2a: Dragonite|58/100\n|\n|upkeep\n|turn|2\n|inactive|vihandevansells has 30 seconds left.\n|inactive|vihandevansells has 20 seconds left.\n|\n|t:|1788398715\n|move|p1b: Samurott|Night Slash|p2b: Basculegion\n|-supereffective|p2b: Basculegion|1\n|-damage|p2b: Basculegion|0 fnt\n|faint|p2b: Basculegion\n|move|p2a: Dragonite|Dragon Pulse|p1b: Samurott\n|-crit|p1b: Samurott\n|-damage|p1b: Samurott|0 fnt\n|faint|p1b: Samurott\n|move|p1a: Floette|Dazzling Gleam|p2a: Dragonite\n|-supereffective|p2a: Dragonite|1\n|-damage|p2a: Dragonite|0 fnt\n|faint|p2a: Dragonite\n|\n|upkeep\n|\n|t:|1788398725\n|switch|p2a: Garchomp|Garchomp, L50, F|100/100\n|switch|p1b: Incineroar|Incineroar, L50, M|100/100\n|switch|p2b: Kingambit|Kingambit, L50, M|100/100\n|-ability|p1b: Incineroar|Intimidate|boost\n|-unboost|p2a: Garchomp|atk|1\n|-unboost|p2b: Kingambit|atk|1\n|-ability|p2b: Kingambit|Defiant|boost\n|-boost|p2b: Kingambit|atk|2\n|turn|3\n|\n|t:|1788398741\n|switch|p1a: Sinistcha|Sinistcha, L50|100/100\n|move|p2a: Garchomp|Rock Slide|p1a: Sinistcha|[spread] p1a,p1b\n|-supereffective|p1b: Incineroar|1\n|-damage|p1a: Sinistcha|89/100\n|-damage|p1b: Incineroar|77/100\n|cant|p1b: Incineroar|flinch\n|move|p2b: Kingambit|Iron Head|p1a: Sinistcha\n|-damage|p1a: Sinistcha|34/100\n|\n|upkeep\n|turn|4\n|\n|t:|1788398764\n|move|p2a: Garchomp|Rock Slide|p1a: Sinistcha|[spread] p1b\n|-miss|p2a: Garchomp|p1a: Sinistcha\n|-supereffective|p1b: Incineroar|1\n|-damage|p1b: Incineroar|54/100\n|move|p1a: Sinistcha|Life Dew|p1a: Sinistcha|[spread] p1a,p1b\n|-heal|p1a: Sinistcha|60/100\n|-heal|p1b: Incineroar|79/100\n|cant|p1b: Incineroar|flinch\n|move|p2b: Kingambit|Low Kick|p1b: Incineroar\n|-supereffective|p1b: Incineroar|1\n|-damage|p1b: Incineroar|12/100\n|-enditem|p1b: Incineroar|Sitrus Berry|[eat]\n|-heal|p1b: Incineroar|37/100|[from] item: Sitrus Berry\n|\n|upkeep\n|turn|5\n|\n|t:|1788398778\n|move|p2a: Garchomp|Rock Slide|p1a: Sinistcha|[spread] p1a,p1b\n|-supereffective|p1b: Incineroar|1\n|-damage|p1a: Sinistcha|48/100\n|-damage|p1b: Incineroar|14/100\n|move|p1a: Sinistcha|Life Dew|p1a: Sinistcha|[spread] p1a,p1b\n|-heal|p1a: Sinistcha|74/100\n|-heal|p1b: Incineroar|39/100\n|cant|p1b: Incineroar|flinch\n|move|p2b: Kingambit|Low Kick|p1b: Incineroar\n|-supereffective|p1b: Incineroar|1\n|-damage|p1b: Incineroar|0 fnt\n|faint|p1b: Incineroar\n|\n|upkeep\n|\n|t:|1788398793\n|switch|p1b: Floette|Floette-Mega, L50, F|80/100\n|-ability|p1b: Floette|Fairy Aura\n|turn|6\n|\n|t:|1788398811\n|move|p1a: Sinistcha|Protect|p1a: Sinistcha\n|-singleturn|p1a: Sinistcha|Protect\n|move|p2a: Garchomp|Rock Slide|p1a: Sinistcha|[spread] p1b\n|-activate|p1a: Sinistcha|move: Protect\n|-damage|p1b: Floette|67/100\n|cant|p1b: Floette|flinch\n|move|p2b: Kingambit|Kowtow Cleave|p1a: Sinistcha\n|-activate|p1a: Sinistcha|move: Protect\n|\n|upkeep\n|turn|7\n|c|☆DylanNoPancakes|dawg\n|\n|t:|1788398826\n|move|p1a: Sinistcha|Rage Powder|p1a: Sinistcha\n|-singleturn|p1a: Sinistcha|move: Rage Powder\n|move|p2a: Garchomp|Rock Slide|p1a: Sinistcha|[spread] p1a\n|-miss|p2a: Garchomp|p1b: Floette\n|-damage|p1a: Sinistcha|63/100\n|move|p1b: Floette|Moonblast|p2b: Kingambit\n|-damage|p2b: Kingambit|34/100\n|move|p2b: Kingambit|Kowtow Cleave|p1a: Sinistcha\n|-supereffective|p1a: Sinistcha|1\n|-damage|p1a: Sinistcha|0 fnt\n|faint|p1a: Sinistcha\n|\n|upkeep\n|turn|8\n|c|☆vihandevansells|that's how pokemon is\n|\n|t:|1788398848\n|move|p2b: Kingambit|Sucker Punch|p1b: Floette\n|-resisted|p1b: Floette|1\n|-damage|p1b: Floette|42/100\n|move|p2a: Garchomp|Rock Slide|p1b: Floette\n|-damage|p1b: Floette|22/100\n|move|p1b: Floette|Moonblast|p2b: Kingambit\n|-damage|p2b: Kingambit|0 fnt\n|faint|p2b: Kingambit\n|\n|upkeep\n|turn|9\n|c|☆DylanNoPancakes|for sure\n|\n|t:|1788398872\n|move|p2a: Garchomp|Rock Slide|p1b: Floette\n|-damage|p1b: Floette|3/100\n|cant|p1b: Floette|flinch\n|\n|upkeep\n|turn|10\n|\n|t:|1788398880\n|move|p2a: Garchomp|Rock Slide|p1b: Floette\n|-crit|p1b: Floette\n|-damage|p1b: Floette|0 fnt\n|faint|p1b: Floette\n|\n|win|vihandevansells\n|raw|DylanNoPancakes's rating: 1400 &rarr; <strong>1374</strong><br />(-26 for losing)\n|raw|vihandevansells's rating: 1287 &rarr; <strong>1320</strong><br />(+33 for winning)\n|c|☆DylanNoPancakes|gg\n|c|☆vihandevansells|see gg\n|c|☆vihandevansells|did not deserve to win\n|c|☆vihandevansells|but i'll take it\n|c|☆DylanNoPancakes|it do be like that tho\n|c|☆vihandevansells|i mean its 30 percent chance\n|c|☆vihandevansells|not that bad odds\n|c|☆DylanNoPancakes|its so good\n|l|☆vihandevansells\n|player|p2|\n","uploadtime":1788399759,"views":"13","formatid":"gen9championsvgc2026regmb","rating":1320,"private":0,"password":null}