{"id":"gen9championsvgc2026regmbbo3-2674770868","format":"[Gen 9 Champions] VGC 2026 Reg M-B (Bo3)","players":["palgino","bernardomgj"],"log":"|j|☆palgino\n|j|☆bernardomgj\n|html|<table width=\"100%\"><tr><td align=\"left\">palgino</td><td align=\"right\">bernardomgj</tr><tr><td align=\"left\"><i class=\"fa fa-circle-o\"></i> <i class=\"fa fa-circle-o\"></i> </td><td align=\"right\"><i class=\"fa fa-circle-o\"></i> <i class=\"fa fa-circle-o\"></i> </tr></table>\n|uhtml|bestof|<h2><strong>Game 1</strong> of <a href=\"/game-bestof3-gen9championsvgc2026regmbbo3-2674770867\">a best-of-3</a></h2>\n|t:|1788403628\n|gametype|doubles\n|player|p1|palgino|266|1000\n|player|p2|bernardomgj|266|1038\n|gen|9\n|tier|[Gen 9 Champions] VGC 2026 Reg M-B (Bo3)\n|rated|\n|rule|Species Clause: Limit one of each Pokémon\n|rule|Item Clause: Limit 1 of each item\n|clearpoke\n|poke|p1|Dragapult, L50, M|\n|poke|p1|Incineroar, L50, M|\n|poke|p1|Chandelure, L50, M|\n|poke|p1|Scovillain, L50, F|\n|poke|p1|Garchomp, L50, F|\n|poke|p1|Whimsicott, L50, F|\n|poke|p2|Gallade, L50, M|\n|poke|p2|Staraptor, L50, M|\n|poke|p2|Mawile, L50, F|\n|poke|p2|Farigiraf, L50, F|\n|poke|p2|Lycanroc-Dusk, L50, M|\n|poke|p2|Milotic, L50, M|\n|teampreview|4\n|showteam|p1|Dragapult||FocusSash|ClearBody|DragonDarts,Protect,Uturn,PhantomForce|Jolly||M|||50|]Incineroar||SitrusBerry|Intimidate|FakeOut,PartingShot,FlareBlitz,DarkestLariat|Adamant||M|||50|]Chandelure||Chandelurite|FlameBody|EnergyBall,HeatWave,ShadowBall,Protect|Modest||M|||50|]Scovillain||Scovillainite|Moody|SunnyDay,Protect,BurningJealousy,GigaDrain|Modest||F|||50|]Garchomp||LifeOrb|RoughSkin|Earthquake,Protect,DragonClaw,RockSlide|Jolly||F|||50|]Whimsicott||Leftovers|Prankster|Taunt,Encore,Tailwind,Protect|Calm||F|||50|\n|showteam|p2|Gallade||LifeOrb|Sharpness|LeafBlade,PsychoCut,SacredSword,Protect|Adamant||M|||50|]Staraptor||Staraptite|Intimidate|CloseCombat,DualWingbeat,Tailwind,Protect|Jolly||M|||50|]Mawile||Mawilite|Intimidate|PlayRough,IronHead,SuckerPunch,Protect|Adamant||F|||50|]Farigiraf||ColburBerry|ArmorTail|Psychic,HelpingHand,TrickRoom,Protect|Calm||F|||50|]Lycanroc-Dusk||FocusSash|ToughClaws|Accelerock,CloseCombat,IronHead,Protect|Jolly||M|||50|]Milotic||Leftovers|Competitive|Scald,IceBeam,Recover,Protect|Bold||M|||50|\n|inactive|Battle timer is ON: inactive players will automatically lose when time's up. (requested by palgino)\n|inactive|palgino has 60 seconds left.\n|inactive|bernardomgj has 60 seconds left.\n|\n|t:|1788403683\n|teamsize|p1|4\n|teamsize|p2|4\n|start\n|switch|p1a: Garchomp|Garchomp, L50, F|100/100\n|switch|p1b: Scovillain|Scovillain, L50, F|100/100\n|switch|p2a: Staraptor|Staraptor, L50, M|100/100\n|switch|p2b: Milotic|Milotic, L50, M|100/100\n|-ability|p2a: Staraptor|Intimidate|boost\n|-unboost|p1a: Garchomp|atk|1\n|-unboost|p1b: Scovillain|atk|1\n|turn|1\n|\n|t:|1788403703\n|detailschange|p2a: Staraptor|Staraptor-Mega, L50, M\n|-mega|p2a: Staraptor|Staraptor|Staraptite\n|detailschange|p1b: Scovillain|Scovillain-Mega, L50, F\n|-mega|p1b: Scovillain|Scovillain|Scovillainite\n|move|p2a: Staraptor|Tailwind|p2a: Staraptor\n|-sidestart|p2: bernardomgj|move: Tailwind\n|move|p2b: Milotic|Scald|p1b: Scovillain\n|-damage|p1b: Scovillain|61/100\n|-status|p2b: Milotic|brn|[from] ability: Spicy Spray|[of] p1b: Scovillain\n|move|p1a: Garchomp|Rock Slide|p2a: Staraptor|[spread] p2b\n|-miss|p1a: Garchomp|p2a: Staraptor\n|-damage|p2b: Milotic|85/100 brn\n|-damage|p1a: Garchomp|90/100|[from] item: Life Orb\n|move|p1b: Scovillain|Sunny Day|p1b: Scovillain\n|-weather|SunnyDay\n|\n|-weather|SunnyDay|[upkeep]\n|-heal|p2b: Milotic|91/100 brn|[from] item: Leftovers\n|-damage|p2b: Milotic|85/100 brn|[from] brn\n|upkeep\n|turn|2\n|inactive|palgino has 30 seconds left.\n|\n|t:|1788403730\n|switch|p2a: Farigiraf|Farigiraf, L50, F|100/100\n|move|p1a: Garchomp|Protect|p1a: Garchomp\n|-singleturn|p1a: Garchomp|Protect\n|move|p2b: Milotic|Ice Beam|p1a: Garchomp\n|-activate|p1a: Garchomp|move: Protect\n|move|p1b: Scovillain|Burning Jealousy|p2b: Milotic|[spread] p2a,p2b\n|-resisted|p2b: Milotic|1\n|-damage|p2a: Farigiraf|63/100\n|-damage|p2b: Milotic|68/100 brn\n|\n|-weather|SunnyDay|[upkeep]\n|-heal|p2b: Milotic|74/100 brn|[from] item: Leftovers\n|-damage|p2b: Milotic|68/100 brn|[from] brn\n|upkeep\n|turn|3\n|\n|t:|1788403752\n|switch|p1a: Incineroar|Incineroar, L50, M|100/100\n|-ability|p1a: Incineroar|Intimidate|boost\n|-unboost|p2a: Farigiraf|atk|1\n|-unboost|p2b: Milotic|atk|1\n|-ability|p2b: Milotic|Competitive|boost\n|-boost|p2b: Milotic|spa|2\n|move|p2a: Farigiraf|Helping Hand|p2b: Milotic\n|-singleturn|p2b: Milotic|Helping Hand|[of] p2a: Farigiraf\n|move|p2b: Milotic|Scald|p1b: Scovillain\n|-damage|p1b: Scovillain|2/100\n|move|p1b: Scovillain|Giga Drain|p2b: Milotic\n|-supereffective|p2b: Milotic|1\n|-damage|p2b: Milotic|2/100 brn\n|-heal|p1b: Scovillain|41/100|[from] drain|[of] p2b: Milotic\n|\n|-weather|SunnyDay|[upkeep]\n|-heal|p2b: Milotic|8/100 brn|[from] item: Leftovers\n|-damage|p2b: Milotic|2/100 brn|[from] brn\n|upkeep\n|turn|4\n|inactive|palgino has 30 seconds left.\n|\n|t:|1788403782\n|move|p2a: Farigiraf|Helping Hand|p2b: Milotic\n|-singleturn|p2b: Milotic|Helping Hand|[of] p2a: Farigiraf\n|move|p1b: Scovillain|Protect|p1b: Scovillain\n|-singleturn|p1b: Scovillain|Protect\n|move|p2b: Milotic|Scald|p1a: Incineroar\n|-supereffective|p1a: Incineroar|1\n|-damage|p1a: Incineroar|4/100\n|-enditem|p1a: Incineroar|Sitrus Berry|[eat]\n|-heal|p1a: Incineroar|29/100|[from] item: Sitrus Berry\n|move|p1a: Incineroar|Darkest Lariat|p2b: Milotic\n|-damage|p2b: Milotic|0 fnt\n|faint|p2b: Milotic\n|\n|-weather|SunnyDay|[upkeep]\n|-sideend|p2: bernardomgj|move: Tailwind\n|upkeep\n|\n|t:|1788403795\n|switch|p2b: Gallade|Gallade, L50, M|100/100\n|turn|5\n|\n|t:|1788403814\n|move|p2b: Gallade|Protect|p2b: Gallade\n|-singleturn|p2b: Gallade|Protect\n|move|p1b: Scovillain|Giga Drain|p2a: Farigiraf\n|-damage|p2a: Farigiraf|25/100\n|-heal|p1b: Scovillain|65/100|[from] drain|[of] p2a: Farigiraf\n|move|p1a: Incineroar|Darkest Lariat|p2a: Farigiraf\n|-supereffective|p2a: Farigiraf|1\n|-enditem|p2a: Farigiraf|Colbur Berry|[eat]\n|-enditem|p2a: Farigiraf|Colbur Berry|[weaken]\n|-damage|p2a: Farigiraf|0 fnt\n|faint|p2a: Farigiraf\n|\n|-weather|none\n|upkeep\n|\n|t:|1788403825\n|switch|p2a: Staraptor|Staraptor-Mega, L50, M|100/100\n|turn|6\n|\n|t:|1788403849\n|move|p1b: Scovillain|Protect|p1b: Scovillain\n|-singleturn|p1b: Scovillain|Protect\n|move|p2a: Staraptor|Tailwind|p2a: Staraptor\n|-sidestart|p2: bernardomgj|move: Tailwind\n|move|p2b: Gallade|Sacred Sword|p1b: Scovillain\n|-activate|p1b: Scovillain|move: Protect\n|move|p1a: Incineroar|Darkest Lariat|p2a: Staraptor\n|-resisted|p2a: Staraptor|1\n|-damage|p2a: Staraptor|76/100\n|\n|upkeep\n|turn|7\n|\n|t:|1788403864\n|move|p2a: Staraptor|Protect|p2a: Staraptor\n|-singleturn|p2a: Staraptor|Protect\n|move|p2b: Gallade|Sacred Sword|p1b: Scovillain\n|-damage|p1b: Scovillain|0 fnt\n|-status|p2b: Gallade|brn|[from] ability: Spicy Spray|[of] p1b: Scovillain\n|faint|p1b: Scovillain\n|-damage|p2b: Gallade|90/100 brn|[from] item: Life Orb\n|move|p1a: Incineroar|Parting Shot|p2b: Gallade\n|-unboost|p2b: Gallade|atk|1\n|-unboost|p2b: Gallade|spa|1\n|\n|t:|1788403877\n|switch|p1a: Garchomp|Garchomp, L50, F|90/100|[from] Parting Shot\n|\n|-damage|p2b: Gallade|84/100 brn|[from] brn\n|upkeep\n|\n|t:|1788403883\n|switch|p1b: Whimsicott|Whimsicott, L50, F|100/100\n|turn|8\n|\n|t:|1788403905\n|move|p1b: Whimsicott|Encore|p2a: Staraptor\n|-start|p2a: Staraptor|Encore\n|move|p2a: Staraptor|Protect||[still]\n|-fail|p2a: Staraptor\n|move|p2b: Gallade|Psycho Cut|p1b: Whimsicott\n|-damage|p1b: Whimsicott|71/100\n|-damage|p2b: Gallade|74/100 brn|[from] item: Life Orb\n|move|p1a: Garchomp|Rock Slide|p2a: Staraptor|[spread] p2a\n|-miss|p1a: Garchomp|p2b: Gallade\n|-damage|p2a: Staraptor|49/100\n|-damage|p1a: Garchomp|80/100|[from] item: Life Orb\n|\n|-heal|p1b: Whimsicott|77/100|[from] item: Leftovers\n|-damage|p2b: Gallade|69/100 brn|[from] brn\n|upkeep\n|turn|9\n|\n|t:|1788403928\n|move|p2a: Staraptor|Protect|p2a: Staraptor\n|-singleturn|p2a: Staraptor|Protect\n|move|p1b: Whimsicott|Tailwind|p1b: Whimsicott\n|-sidestart|p1: palgino|move: Tailwind\n|move|p1a: Garchomp|Rock Slide|p2b: Gallade|[spread] p2b\n|-activate|p2a: Staraptor|move: Protect\n|-resisted|p2b: Gallade|1\n|-damage|p2b: Gallade|52/100 brn\n|-damage|p1a: Garchomp|70/100|[from] item: Life Orb\n|move|p2b: Gallade|Psycho Cut|p1b: Whimsicott\n|-crit|p1b: Whimsicott\n|-damage|p1b: Whimsicott|12/100\n|-damage|p2b: Gallade|42/100 brn|[from] item: Life Orb\n|\n|-heal|p1b: Whimsicott|18/100|[from] item: Leftovers\n|-damage|p2b: Gallade|37/100 brn|[from] brn\n|-sideend|p2: bernardomgj|move: Tailwind\n|upkeep\n|turn|10\n|inactive|bernardomgj has 30 seconds left.\n|\n|t:|1788403961\n|move|p1b: Whimsicott|Protect|p1b: Whimsicott\n|-singleturn|p1b: Whimsicott|Protect\n|move|p2a: Staraptor|Protect|p2a: Staraptor\n|-singleturn|p2a: Staraptor|Protect\n|move|p2b: Gallade|Protect|p2b: Gallade\n|-singleturn|p2b: Gallade|Protect\n|move|p1a: Garchomp|Earthquake|p2a: Staraptor|[spread] \n|-activate|p1b: Whimsicott|move: Protect\n|-activate|p2a: Staraptor|move: Protect\n|-activate|p2b: Gallade|move: Protect\n|\n|-heal|p1b: Whimsicott|24/100|[from] item: Leftovers\n|-damage|p2b: Gallade|31/100 brn|[from] brn\n|-end|p2a: Staraptor|Encore\n|upkeep\n|turn|11\n|\n|t:|1788403983\n|move|p1b: Whimsicott|Encore|p2a: Staraptor\n|-start|p2a: Staraptor|Encore\n|move|p2a: Staraptor|Protect||[still]\n|-fail|p2a: Staraptor\n|move|p1a: Garchomp|Earthquake|p2b: Gallade|[spread] p1b,p2b\n|-immune|p2a: Staraptor\n|-resisted|p1b: Whimsicott|1\n|-damage|p1b: Whimsicott|0 fnt\n|-damage|p2b: Gallade|0 fnt\n|faint|p1b: Whimsicott\n|faint|p2b: Gallade\n|-damage|p1a: Garchomp|61/100|[from] item: Life Orb\n|\n|upkeep\n|\n|t:|1788403996\n|switch|p1b: Incineroar|Incineroar, L50, M|29/100\n|-ability|p1b: Incineroar|Intimidate|boost\n|-boost|p2a: Staraptor|atk|1\n|turn|12\n|\n|t:|1788404004\n|move|p2a: Staraptor|Protect|p2a: Staraptor\n|-singleturn|p2a: Staraptor|Protect\n|move|p1b: Incineroar|Fake Out|p2a: Staraptor\n|-activate|p2a: Staraptor|move: Protect\n|move|p1a: Garchomp|Dragon Claw|p2a: Staraptor\n|-activate|p2a: Staraptor|move: Protect\n|\n|-sideend|p1: palgino|move: Tailwind\n|upkeep\n|turn|13\n|\n|t:|1788404012\n|move|p2a: Staraptor|Protect|p2a: Staraptor\n|-singleturn|p2a: Staraptor|Protect\n|move|p1a: Garchomp|Dragon Claw|p2a: Staraptor\n|-activate|p2a: Staraptor|move: Protect\n|move|p1b: Incineroar|Darkest Lariat|p2a: Staraptor\n|-activate|p2a: Staraptor|move: Protect\n|\n|-end|p2a: Staraptor|Encore\n|upkeep\n|turn|14\n|\n|t:|1788404024\n|move|p2a: Staraptor|Close Combat|p1b: Incineroar\n|-supereffective|p1b: Incineroar|1\n|-damage|p1b: Incineroar|0 fnt\n|-boost|p2a: Staraptor|def|1\n|-boost|p2a: Staraptor|spd|1\n|faint|p1b: Incineroar\n|move|p1a: Garchomp|Dragon Claw|p2a: Staraptor\n|-damage|p2a: Staraptor|12/100\n|-damage|p1a: Garchomp|51/100|[from] item: Life Orb\n|\n|upkeep\n|turn|15\n|\n|t:|1788404035\n|move|p2a: Staraptor|Close Combat|p1a: Garchomp\n|-damage|p1a: Garchomp|0 fnt\n|-boost|p2a: Staraptor|def|1\n|-boost|p2a: Staraptor|spd|1\n|-damage|p2a: Staraptor|1/100|[from] ability: Rough Skin|[of] p1a: Garchomp\n|faint|p1a: Garchomp\n|\n|win|bernardomgj\n||bernardomgj is ready for game 2.\n|inactive|palgino has 30 seconds to confirm battle start!\n","uploadtime":1788404050,"views":"5","formatid":"gen9championsvgc2026regmbbo3","rating":null,"private":0,"password":null}