{"id":"gen9championsvgc2026regmb-2673931007","format":"[Gen 9 Champions] VGC 2026 Reg M-B","players":["Remydow","VictoriousDancing"],"log":"|j|☆Remydow\n|j|☆VictoriousDancing\n|t:|1788278543\n|gametype|doubles\n|player|p1|Remydow|red|1117\n|player|p2|VictoriousDancing|cynthia|1220\n|gen|9\n|tier|[Gen 9 Champions] VGC 2026 Reg M-B\n|rated|\n|rule|Species Clause: Limit one of each Pokémon\n|rule|Item Clause: Limit 1 of each item\n|clearpoke\n|poke|p1|Sinistcha, L50|\n|poke|p1|Mawile, L50, F, shiny|\n|poke|p1|Incineroar, L50, M|\n|poke|p1|Farigiraf, L50, M|\n|poke|p1|Camerupt, L50, M, shiny|\n|poke|p1|Rotom-Wash, L50|\n|poke|p2|Charizard, L50, M, shiny|\n|poke|p2|Basculegion, L50, M, shiny|\n|poke|p2|Whimsicott, L50, F, shiny|\n|poke|p2|Garchomp, L50, F, shiny|\n|poke|p2|Kingambit, L50, M, shiny|\n|poke|p2|Incineroar, L50, M, shiny|\n|teampreview|4\nVictoriousDancing rejected open team sheets.\n|\n|t:|1788278561\n|teamsize|p1|4\n|teamsize|p2|4\n|start\n|switch|p1a: Farigiraf|Farigiraf, L50, M|100/100\n|switch|p1b: Camerupt|Camerupt, L50, M, shiny|100/100\n|switch|p2a: Kingambit|Kingambit, L50, M, shiny|100/100\n|switch|p2b: Incineroar|Incineroar, L50, M, shiny|100/100\n|-ability|p2b: Incineroar|Intimidate|boost\n|-unboost|p1a: Farigiraf|atk|1\n|-unboost|p1b: Camerupt|atk|1\n|turn|1\n|\n|t:|1788278581\n|detailschange|p1b: Camerupt|Camerupt-Mega, L50, M, shiny\n|-mega|p1b: Camerupt|Camerupt|Cameruptite\n|move|p2b: Incineroar|Throat Chop|p1a: Farigiraf\n|-supereffective|p1a: Farigiraf|1\n|-enditem|p1a: Farigiraf|Colbur Berry|[eat]\n|-enditem|p1a: Farigiraf|Colbur Berry|[weaken]\n|-damage|p1a: Farigiraf|74/100\n|-start|p1a: Farigiraf|Throat Chop|[silent]\n|move|p2a: Kingambit|Kowtow Cleave|p1a: Farigiraf\n|-supereffective|p1a: Farigiraf|1\n|-damage|p1a: Farigiraf|0 fnt\n|faint|p1a: Farigiraf\n|move|p1b: Camerupt|Earth Power|p2a: Kingambit\n|-supereffective|p2a: Kingambit|1\n|-damage|p2a: Kingambit|0 fnt\n|faint|p2a: Kingambit\n|\n|upkeep\n|\n|t:|1788278597\n|switch|p2a: Charizard|Charizard, L50, M, shiny|100/100\n|switch|p1a: Sinistcha|Sinistcha, L50|100/100\n|turn|2\n|\n|t:|1788278603\n|switch|p1a: Rotom|Rotom-Wash, L50|100/100\n|detailschange|p2a: Charizard|Charizard-Mega-Y, L50, M, shiny\n|-mega|p2a: Charizard|Charizard|Charizardite Y\n|-weather|SunnyDay|[from] ability: Drought|[of] p2a: Charizard\n|move|p2a: Charizard|Heat Wave|p1a: Rotom|[spread] p1a,p1b\n|-resisted|p1a: Rotom|1\n|-resisted|p1b: Camerupt|1\n|-damage|p1a: Rotom|73/100\n|-damage|p1b: Camerupt|66/100\n|move|p2b: Incineroar|Flare Blitz|p1a: Rotom\n|-resisted|p1a: Rotom|1\n|-damage|p1a: Rotom|40/100\n|-damage|p2b: Incineroar|91/100|[from] Recoil\n|move|p1b: Camerupt|Ancient Power|p2a: Charizard\n|-supereffective|p2a: Charizard|2\n|-damage|p2a: Charizard|0 fnt\n|faint|p2a: Charizard\n|\n|-weather|SunnyDay|[upkeep]\n|-heal|p1a: Rotom|46/100|[from] item: Leftovers\n|upkeep\n|\n|t:|1788278603\n|switch|p2a: Garchomp|Garchomp, L50, F, shiny|100/100\n|turn|3\n|\n|t:|1788278626\n|move|p2a: Garchomp|Dragon Claw|p1a: Rotom\n|-damage|p1a: Rotom|2/100\n|move|p1a: Rotom|Will-O-Wisp|p2a: Garchomp\n|-status|p2a: Garchomp|brn\n|move|p2b: Incineroar|Throat Chop|p1a: Rotom\n|-damage|p1a: Rotom|0 fnt\n|faint|p1a: Rotom\n|move|p1b: Camerupt|Earth Power|p2b: Incineroar\n|-supereffective|p2b: Incineroar|1\n|-damage|p2b: Incineroar|0 fnt\n|faint|p2b: Incineroar\n|\n|-weather|SunnyDay|[upkeep]\n|-damage|p2a: Garchomp|93/100 brn|[from] brn\n|upkeep\n|inactive|Battle timer is ON: inactive players will automatically lose when time's up. (requested by VictoriousDancing)\n|\n|t:|1788278641\n|switch|p1a: Sinistcha|Sinistcha, L50|100/100\n|-heal|p1b: Camerupt|91/100|[from] ability: Hospitality|[of] p1a: Sinistcha\n|turn|4\n|\n|t:|1788278653\n|move|p2a: Garchomp|Earthquake|p1b: Camerupt|[spread] p1a,p1b\n|-resisted|p1a: Sinistcha|1\n|-supereffective|p1b: Camerupt|1\n|-damage|p1a: Sinistcha|93/100\n|-damage|p1b: Camerupt|53/100\n|move|p1a: Sinistcha|Matcha Gotcha|p2a: Garchomp|[miss]\n|-miss|p1a: Sinistcha|p2a: Garchomp\n|move|p1b: Camerupt|Earth Power|p2a: Garchomp\n|-damage|p2a: Garchomp|18/100 brn\n|\n|-weather|SunnyDay|[upkeep]\n|-damage|p2a: Garchomp|12/100 brn|[from] brn\n|upkeep\n|turn|5\n|\n|t:|1788278667\n|move|p2a: Garchomp|Earthquake|p1a: Sinistcha|[spread] p1a,p1b\n|-resisted|p1a: Sinistcha|1\n|-supereffective|p1b: Camerupt|1\n|-damage|p1a: Sinistcha|86/100\n|-damage|p1b: Camerupt|17/100\n|move|p1a: Sinistcha|Matcha Gotcha|p2a: Garchomp|[miss]\n|-miss|p1a: Sinistcha|p2a: Garchomp\n|move|p1b: Camerupt|Earth Power|p2a: Garchomp\n|-damage|p2a: Garchomp|0 fnt\n|faint|p2a: Garchomp\n|\n|win|Remydow\n|raw|Remydow's rating: 1117 &rarr; <strong>1149</strong><br />(+32 for winning)\n|raw|VictoriousDancing's rating: 1220 &rarr; <strong>1188</strong><br />(-32 for losing)\n|l|☆VictoriousDancing\n|player|p2|\n","uploadtime":1788278678,"views":"2","formatid":"gen9championsvgc2026regmb","rating":1149,"private":0,"password":null}