{"id":"gen9championsvgc2026regmbbo3-2674151594","format":"[Gen 9 Champions] VGC 2026 Reg M-B (Bo3)","players":["OhLyon","ssooner"],"log":"|j|☆OhLyon\n|j|☆ssooner\n|html|<table width=\"100%\"><tr><td align=\"left\">OhLyon</td><td align=\"right\">ssooner</tr><tr><td align=\"left\"><i class=\"fa fa-circle-o\"></i> <i class=\"fa fa-circle-o\"></i> </td><td align=\"right\"><i class=\"fa fa-circle-o\"></i> <i class=\"fa fa-circle\"></i> </tr></table>\n|uhtml|bestof|<h2><strong>Game 2</strong> of <a href=\"/game-bestof3-gen9championsvgc2026regmbbo3-2674150284\">a best-of-3</a></h2>\n|t:|1788306819\n|gametype|doubles\n|player|p1|OhLyon|101|\n|player|p2|ssooner|wallace|\n|gen|9\n|tier|[Gen 9 Champions] VGC 2026 Reg M-B (Bo3)\n|rule|Species Clause: Limit one of each Pokémon\n|rule|Item Clause: Limit 1 of each item\n|clearpoke\n|poke|p1|Kingambit, L50, M|\n|poke|p1|Dragonite, L50, M|\n|poke|p1|Floette-Eternal, L50, F|\n|poke|p1|Sneasler, L50, F|\n|poke|p1|Basculegion, L50, M|\n|poke|p1|Garchomp, L50, M|\n|poke|p2|Floette-Eternal, L50, F|\n|poke|p2|Whimsicott, L50, F|\n|poke|p2|Arcanine-Hisui, L50, F, shiny|\n|poke|p2|Basculegion, L50, M|\n|poke|p2|Kingambit, L50, M|\n|poke|p2|Dragonite, L50, M|\n|teampreview|4\n|showteam|p1|Kingambit||ChopleBerry|Defiant|SuckerPunch,IronHead,KowtowCleave,LowKick|Adamant||M|||50|]Dragonite||Dragoninite|Multiscale|DragonPulse,HeatWave,ExtremeSpeed,Protect|Modest||M|||50|]Floette-Eternal||Floettite|FlowerVeil|Moonblast,DazzlingGleam,LightofRuin,Protect|Timid||F|||50|]Sneasler||FocusSash|PoisonTouch|CloseCombat,DireClaw,FakeOut,Feint|Jolly||F|||50|]Basculegion||LifeOrb|Adaptability|WaveCrash,LastRespects,AquaJet,Protect|Adamant||M|||50|]Garchomp||ChoiceScarf|RoughSkin|DragonClaw,Earthquake,RockSlide,StompingTantrum|Adamant||M|||50|\n|showteam|p2|Floette-Eternal||Floettite|FlowerVeil|Moonblast,DazzlingGleam,LightofRuin,Protect|Modest||F|||50|]Whimsicott||FocusSash|Prankster|Tailwind,Moonblast,Encore,Protect|Timid||F|||50|]Arcanine-Hisui||LifeOrb|RockHead|HeadSmash,FlareBlitz,ExtremeSpeed,Protect|Jolly||F|||50|]Basculegion||ChoiceScarf|Adaptability|WaveCrash,LastRespects,AquaJet,FlipTurn|Jolly||M|||50|]Kingambit||BlackGlasses|Defiant|KowtowCleave,SuckerPunch,IronHead,Protect|Adamant||M|||50|]Dragonite||DragonFang|InnerFocus|DragonClaw,Protect,ExtremeSpeed,LowKick|Adamant||M|||50|\n|inactive|Battle timer is ON: inactive players will automatically lose when time's up. (requested by ssooner)\n|\n|t:|1788306846\n|teamsize|p1|4\n|teamsize|p2|4\n|start\n|switch|p1a: Sneasler|Sneasler, L50, F|100/100\n|switch|p1b: Kingambit|Kingambit, L50, M|100/100\n|switch|p2a: Whimsicott|Whimsicott, L50, F|100/100\n|switch|p2b: goodest puppy|Arcanine-Hisui, L50, F, shiny|100/100\n|turn|1\n|inactive|OhLyon has 30 seconds left.\n|inactive|OhLyon has 20 seconds left.\n|inactive|OhLyon has 15 seconds left.\n|\n|t:|1788306890\n|switch|p1b: Garchomp|Garchomp, L50, M|100/100\n|move|p2b: goodest puppy|Protect|p2b: goodest puppy\n|-singleturn|p2b: goodest puppy|Protect\n|move|p1a: Sneasler|Fake Out|p2a: Whimsicott\n|-damage|p2a: Whimsicott|78/100\n|cant|p2a: Whimsicott|flinch\n|\n|upkeep\n|turn|2\n|\n|t:|1788306910\n|switch|p1a: Dragonite|Dragonite, L50, M|100/100\n|switch|p2b: hatsune miku|Floette-Eternal, L50, F|100/100\n|move|p2a: Whimsicott|Encore||[still]\n|-fail|p2a: Whimsicott\n|move|p1b: Garchomp|Earthquake|p2b: hatsune miku|[spread] p2a,p2b\n|-immune|p1a: Dragonite\n|-resisted|p2a: Whimsicott|1\n|-damage|p2a: Whimsicott|48/100\n|-damage|p2b: hatsune miku|37/100\n|\n|upkeep\n|turn|3\n|inactive|OhLyon has 30 seconds left.\n|inactive|OhLyon has 20 seconds left.\n|\n|t:|1788306948\n|switch|p1b: Sneasler|Sneasler, L50, F|100/100\n|detailschange|p2b: hatsune miku|Floette-Mega, L50, F\n|-mega|p2b: hatsune miku|Floette|Floettite\n|-ability|p2b: hatsune miku|Fairy Aura\n|detailschange|p1a: Dragonite|Dragonite-Mega, L50, M\n|-mega|p1a: Dragonite|Dragonite|Dragoninite\n|move|p1a: Dragonite|Protect|p1a: Dragonite\n|-singleturn|p1a: Dragonite|Protect\n|move|p2b: hatsune miku|Protect|p2b: hatsune miku\n|-singleturn|p2b: hatsune miku|Protect\n|move|p2a: Whimsicott|Tailwind|p2a: Whimsicott\n|-sidestart|p2: ssooner|move: Tailwind\n|\n|upkeep\n|turn|4\n|inactive|OhLyon has 30 seconds left.\n|inactive|ssooner has 30 seconds left.\n|\n|t:|1788306978\n|switch|p1a: Kingambit|Kingambit, L50, M|100/100\n|move|p1b: Sneasler|Fake Out|p2b: hatsune miku\n|-damage|p2b: hatsune miku|20/100y\n|move|p2a: Whimsicott|Encore|p1a: Kingambit\n|-hint|Since gen 7, Dark is immune to Prankster moves.\n|-immune|p1a: Kingambit\n|cant|p2b: hatsune miku|flinch\n|\n|upkeep\n|turn|5\n|\n|t:|1788307000\n|move|p2a: Whimsicott|Moonblast|p1b: Sneasler\n|-damage|p1b: Sneasler|31/100\n|move|p2b: hatsune miku|Light of Ruin|p1a: Kingambit|[miss]\n|-miss|p2b: hatsune miku|p1a: Kingambit\n|move|p1b: Sneasler|Dire Claw|p2b: hatsune miku\n|-supereffective|p2b: hatsune miku|1\n|-damage|p2b: hatsune miku|0 fnt\n|faint|p2b: hatsune miku\n|move|p1a: Kingambit|Iron Head|p2a: Whimsicott\n|-supereffective|p2a: Whimsicott|1\n|-damage|p2a: Whimsicott|0 fnt\n|faint|p2a: Whimsicott\n|\n|upkeep\n|\n|t:|1788307006\n|switch|p2a: goodest puppy|Arcanine-Hisui, L50, F, shiny|100/100\n|switch|p2b: Basculegion|Basculegion, L50, M|100/100\n|turn|6\n|\n|t:|1788307021\n|move|p1a: Kingambit|Sucker Punch|p2b: Basculegion\n|-supereffective|p2b: Basculegion|1\n|-damage|p2b: Basculegion|4/100\n|move|p2b: Basculegion|Last Respects|p1b: Sneasler\n|-damage|p1b: Sneasler|0 fnt\n|faint|p1b: Sneasler\n|move|p2a: goodest puppy|Flare Blitz|p1a: Kingambit\n|-supereffective|p1a: Kingambit|1\n|-damage|p1a: Kingambit|0 fnt\n|faint|p1a: Kingambit\n|-damage|p2a: goodest puppy|90/100|[from] item: Life Orb\n|\n|-sideend|p2: ssooner|move: Tailwind\n|upkeep\n|c|☆ssooner|i live that?\n|\n|t:|1788307033\n|switch|p1b: Garchomp|Garchomp, L50, M|100/100\n|switch|p1a: Dragonite|Dragonite-Mega, L50, M|100/100\n|turn|7\n|c|☆OhLyon|I'm kinda surprised as well ngl\n|\n|t:|1788307052\n|move|p2a: goodest puppy|Extreme Speed|p1a: Dragonite\n|-damage|p1a: Dragonite|84/100\n|-damage|p2a: goodest puppy|80/100|[from] item: Life Orb\n|move|p1b: Garchomp|Earthquake|p2a: goodest puppy|[spread] p2a,p2b\n|-immune|p1a: Dragonite\n|-supereffective|p2a: goodest puppy|2\n|-damage|p2a: goodest puppy|0 fnt\n|-damage|p2b: Basculegion|0 fnt\n|faint|p2a: goodest puppy\n|faint|p2b: Basculegion\n|\n|win|OhLyon\n","uploadtime":1788307052,"views":"1","formatid":"gen9championsvgc2026regmbbo3","rating":null,"private":0,"password":null}