{"id":"gen9championsvgc2026regmb-2674808865","format":"[Gen 9 Champions] VGC 2026 Reg M-B","players":["Kwiper","BellmanTGM"],"log":"|j|☆Kwiper\n|j|☆BellmanTGM\n|t:|1788411031\n|gametype|doubles\n|player|p1|Kwiper|sycamore|1556\n|player|p2|BellmanTGM|pokefan-gen4|1513\n|gen|9\n|tier|[Gen 9 Champions] VGC 2026 Reg M-B\n|rated|\n|rule|Species Clause: Limit one of each Pokémon\n|rule|Item Clause: Limit 1 of each item\n|clearpoke\n|poke|p1|Tyranitar, L50, F|\n|poke|p1|Excadrill, L50, M|\n|poke|p1|Milotic, L50, M|\n|poke|p1|Gholdengo, L50|\n|poke|p1|Sinistcha, L50|\n|poke|p1|Staraptor, L50, M|\n|poke|p2|Forretress, L50, M|\n|poke|p2|Grimmsnarl, L50, M|\n|poke|p2|Farigiraf, L50, M|\n|poke|p2|Camerupt, L50, F|\n|poke|p2|Sinistcha-Masterpiece, L50|\n|poke|p2|Incineroar, L50, M|\n|teampreview|4\n|inactive|Battle timer is ON: inactive players will automatically lose when time's up. (requested by BellmanTGM)\n|inactive|Kwiper also wants the timer to be on.\n|\n|t:|1788411057\n|teamsize|p1|4\n|teamsize|p2|4\n|start\n|switch|p1a: Tyranitar|Tyranitar, L50, F|100/100\n|switch|p1b: Milotic|Milotic, L50, M|100/100\n|switch|p2a: Forretress|Forretress, L50, M|100/100\n|switch|p2b: Grimmsnarl|Grimmsnarl, L50, M|100/100\n|-weather|Sandstorm|[from] ability: Sand Stream|[of] p1a: Tyranitar\n|turn|1\n|\n|t:|1788411071\n|move|p2b: Grimmsnarl|Light Screen|p2b: Grimmsnarl\n|-sidestart|p2: BellmanTGM|move: Light Screen\n|move|p1a: Tyranitar|Rock Slide|p2a: Forretress|[spread] p2a,p2b\n|-crit|p2b: Grimmsnarl\n|-damage|p2a: Forretress|80/100\n|-damage|p2b: Grimmsnarl|59/100\n|move|p1b: Milotic|Scald|p2b: Grimmsnarl\n|-damage|p2b: Grimmsnarl|38/100\n|move|p2a: Forretress|Curse|p2a: Forretress\n|-unboost|p2a: Forretress|spe|1\n|-boost|p2a: Forretress|atk|1\n|-boost|p2a: Forretress|def|1\n|\n|-weather|Sandstorm|[upkeep]\n|-damage|p1b: Milotic|94/100|[from] Sandstorm\n|-damage|p2b: Grimmsnarl|32/100|[from] Sandstorm\n|-heal|p2a: Forretress|86/100|[from] item: Leftovers\n|upkeep\n|turn|2\n|\n|t:|1788411093\n|move|p1a: Tyranitar|Knock Off|p2a: Forretress\n|-damage|p2a: Forretress|64/100\n|-enditem|p2a: Forretress|Leftovers|[from] move: Knock Off|[of] p1a: Tyranitar\n|move|p1b: Milotic|Scald|p2b: Grimmsnarl\n|-damage|p2b: Grimmsnarl|13/100\n|move|p2b: Grimmsnarl|Spirit Break|p1a: Tyranitar\n|-supereffective|p1a: Tyranitar|1\n|-damage|p1a: Tyranitar|46/100\n|-unboost|p1a: Tyranitar|spa|1\n|move|p2a: Forretress|Curse|p2a: Forretress\n|-unboost|p2a: Forretress|spe|1\n|-boost|p2a: Forretress|atk|1\n|-boost|p2a: Forretress|def|1\n|\n|-weather|Sandstorm|[upkeep]\n|-damage|p1b: Milotic|88/100|[from] Sandstorm\n|-damage|p2b: Grimmsnarl|7/100|[from] Sandstorm\n|upkeep\n|turn|3\n|\n|t:|1788411114\n|move|p2b: Grimmsnarl|Reflect|p2b: Grimmsnarl\n|-sidestart|p2: BellmanTGM|Reflect\n|move|p1a: Tyranitar|Rock Slide|p2b: Grimmsnarl|[spread] p2a,p2b\n|-damage|p2a: Forretress|57/100\n|-damage|p2b: Grimmsnarl|0 fnt\n|faint|p2b: Grimmsnarl\n|move|p1b: Milotic|Scald|p2a: Forretress\n|-damage|p2a: Forretress|37/100\n|move|p2a: Forretress|Body Press|p1b: Milotic\n|-damage|p1b: Milotic|39/100\n|-enditem|p1b: Milotic|Sitrus Berry|[eat]\n|-heal|p1b: Milotic|63/100|[from] item: Sitrus Berry\n|\n|-weather|Sandstorm|[upkeep]\n|-damage|p1b: Milotic|57/100|[from] Sandstorm\n|upkeep\n|\n|t:|1788411132\n|switch|p2b: Incineroar|Incineroar, L50, M|100/100\n|-ability|p2b: Incineroar|Intimidate|boost\n|-unboost|p1a: Tyranitar|atk|1\n|-unboost|p1b: Milotic|atk|1\n|-ability|p1b: Milotic|Competitive|boost\n|-boost|p1b: Milotic|spa|2\n|turn|4\n|\n|t:|1788411137\n|switch|p1a: Sinistcha|Sinistcha, L50|100/100\n|-heal|p1b: Milotic|82/100|[from] ability: Hospitality|[of] p1a: Sinistcha\n|move|p1b: Milotic|Protect|p1b: Milotic\n|-singleturn|p1b: Milotic|Protect\n|move|p2b: Incineroar|Fake Out|p1b: Milotic\n|-activate|p1b: Milotic|move: Protect\n|move|p2a: Forretress|Body Press|p1b: Milotic\n|-activate|p1b: Milotic|move: Protect\n|\n|-weather|Sandstorm|[upkeep]\n|-damage|p1b: Milotic|76/100|[from] Sandstorm\n|-damage|p1a: Sinistcha|94/100|[from] Sandstorm\n|-damage|p2b: Incineroar|94/100|[from] Sandstorm\n|upkeep\n|turn|5\n|\n|t:|1788411147\n|move|p2a: Forretress|Protect|p2a: Forretress\n|-singleturn|p2a: Forretress|Protect\n|move|p1b: Milotic|Scald|p2a: Forretress\n|-activate|p2a: Forretress|move: Protect\n|move|p1a: Sinistcha|Matcha Gotcha|p2b: Incineroar|[spread] p2b\n|-activate|p2a: Forretress|move: Protect\n|-resisted|p2b: Incineroar|1\n|-damage|p2b: Incineroar|86/100\n|-heal|p1a: Sinistcha|98/100|[from] drain|[of] p2b: Incineroar\n|move|p2b: Incineroar|Darkest Lariat|p1b: Milotic\n|-damage|p1b: Milotic|34/100\n|\n|-weather|none\n|upkeep\n|turn|6\n|inactive|BellmanTGM has 30 seconds left.\n|inactive|BellmanTGM has 20 seconds left.\n|\n|t:|1788411187\n|move|p1b: Milotic|Scald|p2a: Forretress\n|-damage|p2a: Forretress|0 fnt\n|faint|p2a: Forretress\n|move|p1a: Sinistcha|Matcha Gotcha|p2b: Incineroar\n|-resisted|p2b: Incineroar|1\n|-crit|p2b: Incineroar\n|-damage|p2b: Incineroar|64/100\n|-heal|p1a: Sinistcha|100/100|[from] drain|[of] p2b: Incineroar\n|move|p2b: Incineroar|Darkest Lariat|p1b: Milotic\n|-damage|p1b: Milotic|0 fnt\n|faint|p1b: Milotic\n|\n|upkeep\n|\n|t:|1788411198\n|switch|p1b: Tyranitar|Tyranitar, L50, F|46/100\n|switch|p2a: Farigiraf|Farigiraf, L50, M|100/100\n|-weather|Sandstorm|[from] ability: Sand Stream|[of] p1b: Tyranitar\n|turn|7\n|\n|t:|1788411210\n|move|p2a: Farigiraf|Protect|p2a: Farigiraf\n|-singleturn|p2a: Farigiraf|Protect\n|move|p1b: Tyranitar|Knock Off|p2a: Farigiraf\n|-activate|p2a: Farigiraf|move: Protect\n|move|p1a: Sinistcha|Matcha Gotcha|p2b: Incineroar|[spread] p2b\n|-activate|p2a: Farigiraf|move: Protect\n|-resisted|p2b: Incineroar|1\n|-damage|p2b: Incineroar|57/100\n|move|p2b: Incineroar|Close Combat|p1b: Tyranitar\n|-supereffective|p1b: Tyranitar|2\n|-damage|p1b: Tyranitar|0 fnt\n|-unboost|p2b: Incineroar|def|1\n|-unboost|p2b: Incineroar|spd|1\n|faint|p1b: Tyranitar\n|-enditem|p2b: Incineroar|White Herb\n|-clearnegativeboost|p2b: Incineroar|[silent]\n|\n|-weather|Sandstorm|[upkeep]\n|-damage|p1a: Sinistcha|94/100|[from] Sandstorm\n|-damage|p2a: Farigiraf|93/100|[from] Sandstorm\n|-damage|p2b: Incineroar|51/100|[from] Sandstorm\n|upkeep\n|\n|t:|1788411216\n|switch|p1b: Gholdengo|Gholdengo, L50|100/100\n|turn|8\n|\n|t:|1788411237\n|move|p1b: Gholdengo|Nasty Plot|p1b: Gholdengo\n|-boost|p1b: Gholdengo|spa|2\n|move|p1a: Sinistcha|Matcha Gotcha|p2b: Incineroar|[spread] p2a,p2b\n|-resisted|p2b: Incineroar|1\n|-damage|p2a: Farigiraf|82/100\n|-heal|p1a: Sinistcha|100/100|[from] drain|[of] p2a: Farigiraf\n|-damage|p2b: Incineroar|43/100\n|move|p2b: Incineroar|Flare Blitz|p1b: Gholdengo\n|-supereffective|p1b: Gholdengo|1\n|-damage|p1b: Gholdengo|0 fnt\n|faint|p1b: Gholdengo\n|-damage|p2b: Incineroar|12/100|[from] Recoil\n|move|p2a: Farigiraf|Trick Room|p2a: Farigiraf\n|-fieldstart|move: Trick Room|[of] p2a: Farigiraf\n|\n|-weather|Sandstorm|[upkeep]\n|-damage|p2b: Incineroar|6/100|[from] Sandstorm\n|-damage|p2a: Farigiraf|75/100|[from] Sandstorm\n|-damage|p1a: Sinistcha|94/100|[from] Sandstorm\n|-sideend|p2: BellmanTGM|move: Light Screen\n|upkeep\n|turn|9\n|\n|t:|1788411256\n|move|p1a: Sinistcha|Protect|p1a: Sinistcha\n|-singleturn|p1a: Sinistcha|Protect\n|move|p2b: Incineroar|Flare Blitz|p1a: Sinistcha\n|-activate|p1a: Sinistcha|move: Protect\n|move|p2a: Farigiraf|Psychic|p1a: Sinistcha\n|-activate|p1a: Sinistcha|move: Protect\n|\n|-weather|Sandstorm|[upkeep]\n|-damage|p2b: Incineroar|1/100|[from] Sandstorm\n|-damage|p2a: Farigiraf|69/100|[from] Sandstorm\n|-damage|p1a: Sinistcha|88/100|[from] Sandstorm\n|upkeep\n|turn|10\n|\n|t:|1788411260\n|move|p1a: Sinistcha|Protect||[still]\n|-fail|p1a: Sinistcha\n|move|p2b: Incineroar|Flare Blitz|p1a: Sinistcha\n|-supereffective|p1a: Sinistcha|1\n|-damage|p1a: Sinistcha|0 fnt\n|faint|p1a: Sinistcha\n|-damage|p2b: Incineroar|0 fnt|[from] Recoil\n|faint|p2b: Incineroar\n|\n|win|BellmanTGM\n|raw|Kwiper's rating: 1556 &rarr; <strong>1534</strong><br />(-22 for losing)\n|raw|BellmanTGM's rating: 1513 &rarr; <strong>1535</strong><br />(+22 for winning)\n","uploadtime":1788411260,"views":"0","formatid":"gen9championsvgc2026regmb","rating":1534,"private":0,"password":null}