{"id":"gen9championsvgc2026regmb-2674034311","format":"[Gen 9 Champions] VGC 2026 Reg M-B","players":["rothehed1234","shain gang"],"log":"|j|☆rothehed1234\n|j|☆shain gang\n|t:|1788290716\n|gametype|doubles\n|player|p1|rothehed1234|ethan|1088\n|player|p2|shain gang|lucas|1000\n|gen|9\n|tier|[Gen 9 Champions] VGC 2026 Reg M-B\n|rated|\n|rule|Species Clause: Limit one of each Pokémon\n|rule|Item Clause: Limit 1 of each item\n|clearpoke\n|poke|p1|Pyroar, L50, M|\n|poke|p1|Ninetales, L50, F|\n|poke|p1|Venusaur, L50, M|\n|poke|p1|Hatterene, L50, F|\n|poke|p1|Delphox, L50, F|\n|poke|p1|Incineroar, L50, F|\n|poke|p2|Malamar, L50, M|\n|poke|p2|Goodra-Hisui, L50, M|\n|poke|p2|Farigiraf, L50, M|\n|poke|p2|Tauros-Paldea-Blaze, L50, M, shiny|\n|poke|p2|Starmie, L50|\n|poke|p2|Sinistcha, L50|\n|teampreview|4\n|inactive|Battle timer is ON: inactive players will automatically lose when time's up. (requested by rothehed1234)\n|inactive|rothehed1234 has 60 seconds left.\n|\n|t:|1788290754\n|teamsize|p1|4\n|teamsize|p2|4\n|start\n|switch|p1a: Incineroar|Incineroar, L50, F|100/100\n|switch|p1b: Ninetales|Ninetales, L50, F|100/100\n|switch|p2a: Malamar|Malamar, L50, M|100/100\n|switch|p2b: Goodra|Goodra-Hisui, L50, M|100/100\n|-weather|SunnyDay|[from] ability: Drought|[of] p1b: Ninetales\n|-ability|p1a: Incineroar|Intimidate|boost\n|-boost|p2a: Malamar|atk|1\n|-unboost|p2b: Goodra|atk|1\n|turn|1\n|inactive|shain gang has 30 seconds left.\n|\n|t:|1788290785\n|move|p2b: Goodra|Protect|p2b: Goodra\n|-singleturn|p2b: Goodra|Protect\n|move|p1a: Incineroar|Fake Out|p2a: Malamar\n|-damage|p2a: Malamar|91/100\n|move|p1b: Ninetales|Flamethrower|p2b: Goodra\n|-activate|p2b: Goodra|move: Protect\n|cant|p2a: Malamar|flinch\n|\n|-weather|SunnyDay|[upkeep]\n|upkeep\n|turn|2\n|\n|t:|1788290810\n|switch|p2b: Tauros|Tauros-Paldea-Blaze, L50, M, shiny|100/100\n|move|p1b: Ninetales|Flamethrower|p2b: Tauros\n|-resisted|p2b: Tauros|1\n|-damage|p2b: Tauros|63/100\n|move|p2a: Malamar|Rock Slide|p1a: Incineroar|[spread] p1a,p1b\n|-supereffective|p1a: Incineroar|1\n|-supereffective|p1b: Ninetales|1\n|-damage|p1a: Incineroar|69/100\n|-damage|p1b: Ninetales|53/100\n|move|p1a: Incineroar|Parting Shot|p2b: Tauros\n|-unboost|p2b: Tauros|atk|1\n|-unboost|p2b: Tauros|spa|1\n|\n|t:|1788290828\n|switch|p1a: Venusaur|Venusaur, L50, M|100/100|[from] Parting Shot\n|\n|-weather|SunnyDay|[upkeep]\n|upkeep\n|turn|3\n|\n|t:|1788290844\n|move|p1a: Venusaur|Earth Power|p2b: Tauros\n|-supereffective|p2b: Tauros|1\n|-damage|p2b: Tauros|0 fnt\n|faint|p2b: Tauros\n|move|p1b: Ninetales|Flamethrower|p2a: Malamar\n|-damage|p2a: Malamar|34/100\n|move|p2a: Malamar|Skill Swap|p1a: Venusaur\n|-activate|p2a: Malamar|Skill Swap|Chlorophyll|Contrary|[of] p1a: Venusaur\n|\n|-weather|SunnyDay|[upkeep]\n|upkeep\n|\n|t:|1788290854\n|switch|p2b: Goodra|Goodra-Hisui, L50, M|100/100\n|turn|4\n|\n|t:|1788290861\n|move|p1b: Ninetales|Flamethrower|p2b: Goodra\n|-damage|p2b: Goodra|71/100\n|move|p2a: Malamar|Skill Swap|p2b: Goodra\n|-activate|p2a: Malamar|Skill Swap|||[of] p2b: Goodra\n|-hint|Skill Swap does not announce the abilities of the Pokémon when used between allies.\n|move|p2b: Goodra|Draco Meteor|p1b: Ninetales\n|-damage|p1b: Ninetales|0 fnt\n|-unboost|p2b: Goodra|spa|2\n|faint|p1b: Ninetales\n|move|p1a: Venusaur|Leaf Storm|p2a: Malamar\n|-ability|p2a: Malamar|Sap Sipper|boost\n|-boost|p2a: Malamar|atk|1\n|\n|-weather|SunnyDay|[upkeep]\n|-heal|p2b: Goodra|77/100|[from] item: Leftovers\n|upkeep\n|\n|t:|1788290877\n|switch|p1b: Incineroar|Incineroar, L50, F|69/100\n|-ability|p1b: Incineroar|Intimidate|boost\n|-unboost|p2a: Malamar|atk|1\n|-unboost|p2b: Goodra|atk|1\n|turn|5\n|\n|t:|1788290889\n|move|p1b: Incineroar|Fake Out|p2a: Malamar\n|-damage|p2a: Malamar|26/100\n|move|p2b: Goodra|Muddy Water|p1b: Incineroar|[spread] p1a,p1b\n|-resisted|p1a: Venusaur|1\n|-supereffective|p1b: Incineroar|1\n|-damage|p1a: Venusaur|98/100\n|-damage|p1b: Incineroar|64/100\n|-unboost|p1b: Incineroar|accuracy|1\n|move|p1a: Venusaur|Earth Power|p2b: Goodra\n|-supereffective|p2b: Goodra|1\n|-damage|p2b: Goodra|44/100\n|cant|p2a: Malamar|flinch\n|\n|-weather|none\n|-heal|p2b: Goodra|50/100g|[from] item: Leftovers\n|upkeep\n|turn|6\n|\n|t:|1788290914\n|move|p2b: Goodra|Protect|p2b: Goodra\n|-singleturn|p2b: Goodra|Protect\n|move|p1a: Venusaur|Giga Drain|p2b: Goodra\n|-activate|p2b: Goodra|move: Protect\n|move|p1b: Incineroar|Flare Blitz|p2a: Malamar\n|-damage|p2a: Malamar|0 fnt\n|faint|p2a: Malamar\n|-damage|p1b: Incineroar|55/100|[from] Recoil\n|\n|-heal|p2b: Goodra|56/100|[from] item: Leftovers\n|upkeep\n|\n|t:|1788290922\n|switch|p2a: Starmie|Starmie, L50|100/100\n|turn|7\n|\n|t:|1788290939\n|detailschange|p2a: Starmie|Starmie-Mega, L50\n|-mega|p2a: Starmie|Starmie|Starminite\n|move|p1b: Incineroar|Protect|p1b: Incineroar\n|-singleturn|p1b: Incineroar|Protect\n|move|p2a: Starmie|Zen Headbutt|p1a: Venusaur\n|-supereffective|p1a: Venusaur|1\n|-damage|p1a: Venusaur|0 fnt\n|faint|p1a: Venusaur\n|move|p2b: Goodra|Draco Meteor|p1b: Incineroar\n|-activate|p1b: Incineroar|move: Protect\n|\n|-heal|p2b: Goodra|62/100|[from] item: Leftovers\n|upkeep\n|\n|t:|1788290946\n|switch|p1a: Pyroar|Pyroar, L50, M|100/100\n|turn|8\n|\n|t:|1788290962\n|detailschange|p1a: Pyroar|Pyroar-Mega, L50, M\n|-mega|p1a: Pyroar|Pyroar|Pyroarite\n|move|p1a: Pyroar|Protect|p1a: Pyroar\n|-singleturn|p1a: Pyroar|Protect\n|move|p2a: Starmie|Liquidation|p1b: Incineroar\n|-supereffective|p1b: Incineroar|1\n|-damage|p1b: Incineroar|0 fnt\n|faint|p1b: Incineroar\n|move|p2b: Goodra|Muddy Water|p1a: Pyroar\n|-activate|p1a: Pyroar|move: Protect\n|\n|-heal|p2b: Goodra|68/100|[from] item: Leftovers\n|upkeep\n|turn|9\n|-message|rothehed1234 forfeited.\n|\n|win|shain gang\n|raw|rothehed1234's rating: 1088 &rarr; <strong>1059</strong><br />(-29 for losing)\n|raw|shain gang's rating: 1000 &rarr; <strong>1050</strong><br />(+50 for winning)\n|l|☆rothehed1234\n|player|p1|\n","uploadtime":1788290977,"views":"3","formatid":"gen9championsvgc2026regmb","rating":1050,"private":0,"password":null}