{"id":"gen9championsvgc2026regmbbo3-2673494026","format":"[Gen 9 Champions] VGC 2026 Reg M-B (Bo3)","players":["Frisk Azzy","affableCritter"],"log":"|j|☆Frisk Azzy\n|j|☆affableCritter\n|html|<table width=\"100%\"><tr><td align=\"left\">Frisk Azzy</td><td align=\"right\">affableCritter</tr><tr><td align=\"left\"><i class=\"fa fa-circle-o\"></i> <i class=\"fa fa-circle-o\"></i> </td><td align=\"right\"><i class=\"fa fa-circle-o\"></i> <i class=\"fa fa-circle\"></i> </tr></table>\n|uhtml|bestof|<h2><strong>Game 2</strong> of <a href=\"/game-bestof3-gen9championsvgc2026regmbbo3-2673492169\">a best-of-3</a></h2>\n|t:|1788204522\n|gametype|doubles\n|player|p1|Frisk Azzy|riley|\n|player|p2|affableCritter|harlequin|\n|gen|9\n|tier|[Gen 9 Champions] VGC 2026 Reg M-B (Bo3)\n|rule|Species Clause: Limit one of each Pokémon\n|rule|Item Clause: Limit 1 of each item\n|clearpoke\n|poke|p1|Charizard, L50, M, shiny|\n|poke|p1|Venusaur, L50, M|\n|poke|p1|Whimsicott, L50, M|\n|poke|p1|Luxray, L50, M, shiny|\n|poke|p1|Aegislash, L50, M|\n|poke|p1|Garchomp, L50, F, shiny|\n|poke|p2|Annihilape, L50, F|\n|poke|p2|Maushold, L50|\n|poke|p2|Ninetales-Alola, L50, M|\n|poke|p2|Delphox, L50, F|\n|poke|p2|Aerodactyl, L50, F|\n|poke|p2|Scizor, L50, F|\n|teampreview|4\n|showteam|p1|Charizard||CharizarditeY|SolarPower|AirSlash,HeatWave,Protect,SolarBeam|Timid||M|||50|]Venusaur||Venusaurite|Chlorophyll|GigaDrain,Protect,EarthPower,SludgeBomb|Bold||M|||50|]Whimsicott||FocusSash|Prankster|Taunt,Tailwind,WorrySeed,Moonblast|Timid||M|||50|]Luxray||SitrusBerry|Intimidate|WildCharge,Protect,VoltSwitch,Crunch|Sassy||M|||50|]Aegislash||SpellTag|StanceChange|ShadowSneak,KingsShield,WideGuard,IronHead|Brave||M|||50|]Garchomp||LifeOrb|RoughSkin|DragonClaw,RockSlide,Earthquake,Protect|Jolly||F|||50|\n|showteam|p2|Annihilape||SitrusBerry|Defiant|RageFist,DrainPunch,Protect,BulkUp|Adamant||F|||50|]Maushold||FocusSash|FriendGuard|BeatUp,Taunt,Protect,FollowMe|Timid|||||50|]Ninetales-Alola||LightClay|SnowWarning|Blizzard,Protect,AuroraVeil,Encore|Timid||M|||50|]Delphox||Delphoxite|Blaze|HeatWave,Psychic,Protect,NastyPlot|Timid||F|||50|]Aerodactyl||Aerodactylite|Unnerve|RockSlide,DualWingbeat,WideGuard,Tailwind|Jolly||F|||50|]Scizor||LifeOrb|Technician|BulletPunch,BugBite,Protect,SwordsDance|Adamant||F|||50|\n|inactive|Battle timer is ON: inactive players will automatically lose when time's up. (requested by affableCritter)\n|\n|t:|1788204556\n|teamsize|p1|4\n|teamsize|p2|4\n|start\n|switch|p1a: Dr While|Whimsicott, L50, M|100/100\n|switch|p1b: Bow|Garchomp, L50, F, shiny|100/100\n|switch|p2a: Annihilape|Annihilape, L50, F|100/100\n|switch|p2b: Ninetales|Ninetales-Alola, L50, M|100/100\n|-weather|Snowscape|[from] ability: Snow Warning|[of] p2b: Ninetales\n|turn|1\n|\n|t:|1788204578\n|move|p1a: Dr While|Tailwind|p1a: Dr While\n|-sidestart|p1: Frisk Azzy|move: Tailwind\n|move|p1b: Bow|Rock Slide|p2a: Annihilape|[spread] p2a,p2b\n|-resisted|p2a: Annihilape|1\n|-supereffective|p2b: Ninetales|1\n|-damage|p2a: Annihilape|86/100\n|-damage|p2b: Ninetales|45/100\n|-damage|p1b: Bow|90/100|[from] item: Life Orb\n|cant|p2b: Ninetales|flinch\n|cant|p2a: Annihilape|flinch\n|\n|-weather|Snowscape|[upkeep]\n|upkeep\n|turn|2\n|\n|t:|1788204595\n|move|p1a: Dr While|Moonblast|p2a: Annihilape\n|-supereffective|p2a: Annihilape|1\n|-damage|p2a: Annihilape|36/100\n|-enditem|p2a: Annihilape|Sitrus Berry|[eat]\n|-heal|p2a: Annihilape|61/100|[from] item: Sitrus Berry\n|move|p1b: Bow|Rock Slide|p2a: Annihilape|[spread] p2a\n|-miss|p1b: Bow|p2b: Ninetales\n|-resisted|p2a: Annihilape|1\n|-damage|p2a: Annihilape|49/100\n|-damage|p1b: Bow|80/100|[from] item: Life Orb\n|move|p2b: Ninetales|Aurora Veil|p2b: Ninetales\n|-sidestart|p2: affableCritter|move: Aurora Veil\n|move|p2a: Annihilape|Rage Fist|p1a: Dr While\n|-enditem|p1a: Dr While|Focus Sash\n|-damage|p1a: Dr While|1/100\n|\n|-weather|Snowscape|[upkeep]\n|upkeep\n|turn|3\n|\n|t:|1788204618\n|move|p2b: Ninetales|Protect|p2b: Ninetales\n|-singleturn|p2b: Ninetales|Protect\n|move|p2a: Annihilape|Protect|p2a: Annihilape\n|-singleturn|p2a: Annihilape|Protect\n|move|p1a: Dr While|Moonblast|p2a: Annihilape\n|-activate|p2a: Annihilape|move: Protect\n|move|p1b: Bow|Rock Slide|p2b: Ninetales|[spread] \n|-activate|p2a: Annihilape|move: Protect\n|-activate|p2b: Ninetales|move: Protect\n|\n|-weather|Snowscape|[upkeep]\n|upkeep\n|turn|4\n|\n|t:|1788204639\n|switch|p1a: Hexcalibern|Aegislash, L50, M|100/100\n|switch|p2b: Maushold|Maushold, L50|100/100\n|move|p1b: Bow|Protect|p1b: Bow\n|-singleturn|p1b: Bow|Protect\n|move|p2a: Annihilape|Drain Punch|p1b: Bow\n|-activate|p1b: Bow|move: Protect\n|\n|-weather|Snowscape|[upkeep]\n|-sideend|p1: Frisk Azzy|move: Tailwind\n|upkeep\n|turn|5\n|inactive|affableCritter has 30 seconds left.\n|\n|t:|1788204672\n|move|p1a: Hexcalibern|King's Shield|p1a: Hexcalibern\n|-singleturn|p1a: Hexcalibern|Protect\n|move|p2b: Maushold|Follow Me|p2b: Maushold\n|-singleturn|p2b: Maushold|move: Follow Me\n|move|p1b: Bow|Earthquake|p2b: Maushold|[spread] p2a,p2b\n|-activate|p1a: Hexcalibern|move: Protect\n|-crit|p2a: Annihilape\n|-damage|p2a: Annihilape|0 fnt\n|-damage|p2b: Maushold|59/100\n|faint|p2a: Annihilape\n|-damage|p1b: Bow|70/100|[from] item: Life Orb\n|\n|-weather|none\n|upkeep\n|\n|t:|1788204685\n|switch|p2a: Ninetales|Ninetales-Alola, L50, M|45/100\n|-weather|Snowscape|[from] ability: Snow Warning|[of] p2a: Ninetales\n|turn|6\n|\n|t:|1788204697\n|move|p1a: Hexcalibern|Wide Guard|p1a: Hexcalibern\n|-singleturn|p1a: Hexcalibern|Wide Guard\n|move|p2b: Maushold|Follow Me|p2b: Maushold\n|-singleturn|p2b: Maushold|move: Follow Me\n|move|p2a: Ninetales|Blizzard|p1a: Hexcalibern|[spread] \n|-activate|p1a: Hexcalibern|move: Wide Guard\n|-activate|p1b: Bow|move: Wide Guard\n|move|p1b: Bow|Earthquake|p2a: Ninetales|[spread] p2a,p2b\n|-activate|p1a: Hexcalibern|move: Wide Guard\n|-damage|p2a: Ninetales|17/100\n|-damage|p2b: Maushold|17/100\n|-damage|p1b: Bow|61/100|[from] item: Life Orb\n|\n|-weather|Snowscape|[upkeep]\n|upkeep\n|turn|7\n|\n|t:|1788204722\n|move|p2b: Maushold|Beat Up|p1a: Hexcalibern\n|-supereffective|p1a: Hexcalibern|1\n|-damage|p1a: Hexcalibern|94/100\n|-supereffective|p1a: Hexcalibern|1\n|-damage|p1a: Hexcalibern|90/100\n|-supereffective|p1a: Hexcalibern|1\n|-damage|p1a: Hexcalibern|84/100\n|-hitcount|p1a: Hexcalibern|3\n|move|p2a: Ninetales|Blizzard|p1b: Bow|[spread] p1a,p1b\n|-resisted|p1a: Hexcalibern|1\n|-supereffective|p1b: Bow|2\n|-damage|p1a: Hexcalibern|72/100\n|-damage|p1b: Bow|0 fnt\n|faint|p1b: Bow\n|-formechange|p1a: Hexcalibern|Aegislash-Blade|\n|move|p1a: Hexcalibern|Iron Head|p2a: Ninetales\n|-supereffective|p2a: Ninetales|2\n|-damage|p2a: Ninetales|0 fnt\n|faint|p2a: Ninetales\n|\n|-weather|Snowscape|[upkeep]\n|upkeep\n|\n|t:|1788204739\n|switch|p2a: Aerodactyl|Aerodactyl, L50, F|100/100\n|switch|p1b: Vine|Venusaur, L50, M|100/100\n|-ability|p2a: Aerodactyl|Unnerve\n|turn|8\n|\n|t:|1788204759\n|detailschange|p2a: Aerodactyl|Aerodactyl-Mega, L50, F\n|-mega|p2a: Aerodactyl|Aerodactyl|Aerodactylite\n|detailschange|p1b: Vine|Venusaur-Mega, L50, M\n|-mega|p1b: Vine|Venusaur|Venusaurite\n|-formechange|p1a: Hexcalibern|Aegislash|\n|move|p1a: Hexcalibern|King's Shield|p1a: Hexcalibern\n|-singleturn|p1a: Hexcalibern|Protect\n|move|p2b: Maushold|Follow Me|p2b: Maushold\n|-singleturn|p2b: Maushold|move: Follow Me\n|move|p2a: Aerodactyl|Rock Slide|p1a: Hexcalibern|[spread] p1b\n|-activate|p1a: Hexcalibern|move: Protect\n|-damage|p1b: Vine|78/100\n|move|p1b: Vine|Giga Drain|p2b: Maushold\n|-damage|p2b: Maushold|0 fnt\n|-heal|p1b: Vine|87/100|[from] drain|[of] p2b: Maushold\n|faint|p2b: Maushold\n|\n|-weather|Snowscape|[upkeep]\n|upkeep\n|turn|9\n|\n|t:|1788204783\n|move|p1b: Vine|Protect|p1b: Vine\n|-singleturn|p1b: Vine|Protect\n|move|p2a: Aerodactyl|Dual Wingbeat|p1b: Vine\n|-activate|p1b: Vine|move: Protect\n|-formechange|p1a: Hexcalibern|Aegislash-Blade|\n|move|p1a: Hexcalibern|Iron Head|p2a: Aerodactyl\n|-supereffective|p2a: Aerodactyl|1\n|-damage|p2a: Aerodactyl|10/100\n|\n|-weather|Snowscape|[upkeep]\n|-sideend|p2: affableCritter|move: Aurora Veil\n|upkeep\n|turn|10\n|inactive|affableCritter has 30 seconds left.\n|\n|t:|1788204809\n|move|p1a: Hexcalibern|Shadow Sneak|p2a: Aerodactyl\n|-damage|p2a: Aerodactyl|0 fnt\n|faint|p2a: Aerodactyl\n|\n|win|Frisk Azzy\n||affableCritter is ready for game 3.\n","uploadtime":1788204816,"views":"0","formatid":"gen9championsvgc2026regmbbo3","rating":null,"private":0,"password":null}