{"id":"gen9championsvgc2026regmbbo3-2673516877","format":"[Gen 9 Champions] VGC 2026 Reg M-B (Bo3)","players":["javivaarela","Lauchboy125"],"log":"|j|☆javivaarela\n|j|☆Lauchboy125\n|html|<table width=\"100%\"><tr><td align=\"left\">javivaarela</td><td align=\"right\">Lauchboy125</tr><tr><td align=\"left\"><i class=\"fa fa-circle\"></i> <i class=\"fa fa-circle-o\"></i> </td><td align=\"right\"><i class=\"fa fa-circle-o\"></i> <i class=\"fa fa-circle-o\"></i> </tr></table>\n|uhtml|bestof|<h2><strong>Game 2</strong> of <a href=\"/game-bestof3-gen9championsvgc2026regmbbo3-2673515640\">a best-of-3</a></h2>\n|t:|1788207407\n|gametype|doubles\n|player|p1|javivaarela|shadowtriad|1200\n|player|p2|Lauchboy125|schoolkid-gen4|1210\n|gen|9\n|tier|[Gen 9 Champions] VGC 2026 Reg M-B (Bo3)\n|rated|\n|rule|Species Clause: Limit one of each Pokémon\n|rule|Item Clause: Limit 1 of each item\n|clearpoke\n|poke|p1|Staraptor, L50, M, shiny|\n|poke|p1|Arcanine-Hisui, L50, F, shiny|\n|poke|p1|Kingambit, L50, F, shiny|\n|poke|p1|Sylveon, L50, F, shiny|\n|poke|p1|Raichu, L50, F, shiny|\n|poke|p1|Farigiraf, L50, F, shiny|\n|poke|p2|Mawile, L50, M, shiny|\n|poke|p2|Spiritomb, L50, M, shiny|\n|poke|p2|Gallade, L50, M|\n|poke|p2|Archaludon, L50, F|\n|poke|p2|Tyranitar, L50, F|\n|poke|p2|Volcarona, L50, M|\n|teampreview|4\n|showteam|p1|Staraptor||Staraptite|Intimidate|DualWingbeat,CloseCombat,Tailwind,Protect|Jolly||M|||50|]Arcanine-Hisui||FocusSash|RockHead|FlareBlitz,HeadSmash,ExtremeSpeed,Protect|Jolly||F|||50|]Kingambit||LifeOrb|Defiant|KowtowCleave,SuckerPunch,SwordsDance,Protect|Adamant||F|||50|]Sylveon||FairyFeather|Pixilate|HyperVoice,HyperBeam,QuickAttack,Detect|Modest||F|||50|]Raichu||RaichuniteY|LightningRod|ZapCannon,FocusBlast,FakeOut,Protect|Timid||F|||50|]Farigiraf||SitrusBerry|ArmorTail|Psychic,HelpingHand,TrickRoom,Protect|Calm||F|||50|\n|showteam|p2|Mawile||Mawilite|Intimidate|SuckerPunch,SwordsDance,PlayRough,Protect|Brave||M|||50|]Spiritomb||SitrusBerry|Infiltrator|Snarl,TrickRoom,Poltergeist,AllySwitch|Sassy||M|||50|]Gallade||LifeOrb|Sharpness|SacredSword,PsychoCut,UpperHand,WideGuard|Careful||M|||50|]Archaludon||ShucaBerry|Stamina|DragonPulse,FlashCannon,Protect,Thunderbolt|Modest||F|||50|]Tyranitar||ChopleBerry|SandStream|RockSlide,KnockOff,LowKick,Protect|Jolly||F|||50|]Volcarona||FocusSash|FlameBody|RagePowder,Tailwind,StruggleBug,HeatWave|Modest||M|||50|\n|inactive|Battle timer is ON: inactive players will automatically lose when time's up. (requested by javivaarela)\n|\n|t:|1788207427\n|teamsize|p1|4\n|teamsize|p2|4\n|start\n|switch|p1a: Flower Man|Staraptor, L50, M, shiny|100/100\n|switch|p1b: Sadie Sink|Sylveon, L50, F, shiny|100/100\n|switch|p2a: Mawile|Mawile, L50, M, shiny|100/100\n|switch|p2b: Tyranitar|Tyranitar, L50, F|100/100\n|-ability|p1a: Flower Man|Intimidate|boost\n|-unboost|p2a: Mawile|atk|1\n|-unboost|p2b: Tyranitar|atk|1\n|-weather|Sandstorm|[from] ability: Sand Stream|[of] p2b: Tyranitar\n|-ability|p2a: Mawile|Intimidate|boost\n|-unboost|p1a: Flower Man|atk|1\n|-unboost|p1b: Sadie Sink|atk|1\n|turn|1\n|\n|t:|1788207448\n|switch|p1a: Fridge|Farigiraf, L50, F, shiny|100/100\n|detailschange|p2a: Mawile|Mawile-Mega, L50, M, shiny\n|-mega|p2a: Mawile|Mawile|Mawilite\n|move|p2b: Tyranitar|Knock Off|p1b: Sadie Sink\n|-resisted|p1b: Sadie Sink|1\n|-damage|p1b: Sadie Sink|78/100\n|-enditem|p1b: Sadie Sink|Fairy Feather|[from] move: Knock Off|[of] p2b: Tyranitar\n|move|p1b: Sadie Sink|Hyper Voice|p2a: Mawile|[spread] p2a,p2b\n|-resisted|p2a: Mawile|1\n|-supereffective|p2b: Tyranitar|1\n|-damage|p2a: Mawile|76/100\n|-damage|p2b: Tyranitar|50/100g\n|move|p2a: Mawile|Play Rough|p1a: Fridge\n|-damage|p1a: Fridge|46/100\n|-enditem|p1a: Fridge|Sitrus Berry|[eat]\n|-heal|p1a: Fridge|71/100|[from] item: Sitrus Berry\n|\n|-weather|Sandstorm|[upkeep]\n|-damage|p1b: Sadie Sink|72/100|[from] Sandstorm\n|-damage|p1a: Fridge|65/100|[from] Sandstorm\n|upkeep\n|turn|2\n|\n|t:|1788207466\n|move|p1a: Fridge|Helping Hand|p1b: Sadie Sink\n|-singleturn|p1b: Sadie Sink|Helping Hand|[of] p1a: Fridge\n|move|p2b: Tyranitar|Knock Off|p1a: Fridge\n|-supereffective|p1a: Fridge|1\n|-damage|p1a: Fridge|21/100\n|move|p1b: Sadie Sink|Hyper Voice|p2b: Tyranitar|[spread] p2a,p2b\n|-resisted|p2a: Mawile|1\n|-supereffective|p2b: Tyranitar|1\n|-damage|p2a: Mawile|42/100\n|-damage|p2b: Tyranitar|0 fnt\n|faint|p2b: Tyranitar\n|move|p2a: Mawile|Play Rough|p1b: Sadie Sink\n|-damage|p1b: Sadie Sink|0 fnt\n|faint|p1b: Sadie Sink\n|\n|-weather|Sandstorm|[upkeep]\n|-damage|p1a: Fridge|15/100|[from] Sandstorm\n|upkeep\n|\n|t:|1788207478\n|switch|p2b: Volcarona|Volcarona, L50, M|100/100\n|switch|p1b: Flower Man|Staraptor, L50, M, shiny|100/100\n|-ability|p1b: Flower Man|Intimidate|boost\n|-unboost|p2a: Mawile|atk|1\n|-unboost|p2b: Volcarona|atk|1\n|turn|3\n|\n|t:|1788207489\n|switch|p1a: Wasabi|Arcanine-Hisui, L50, F, shiny|100/100\n|switch|p2a: Archaludon|Archaludon, L50, F|100/100\n|detailschange|p1b: Flower Man|Staraptor-Mega, L50, M, shiny\n|-mega|p1b: Flower Man|Staraptor|Staraptite\n|move|p1b: Flower Man|Tailwind|p1b: Flower Man\n|-sidestart|p1: javivaarela|move: Tailwind\n|move|p2b: Volcarona|Heat Wave|p1a: Wasabi|[spread] p1a,p1b\n|-resisted|p1a: Wasabi|2\n|-damage|p1a: Wasabi|92/100\n|-damage|p1b: Flower Man|61/100\n|\n|-weather|Sandstorm|[upkeep]\n|-damage|p1b: Flower Man|55/100|[from] Sandstorm\n|-damage|p2b: Volcarona|93/100|[from] Sandstorm\n|upkeep\n|turn|4\n|\n|t:|1788207503\n|move|p2a: Archaludon|Protect|p2a: Archaludon\n|-singleturn|p2a: Archaludon|Protect\n|move|p1b: Flower Man|Close Combat|p2a: Archaludon\n|-activate|p2a: Archaludon|move: Protect\n|move|p1a: Wasabi|Head Smash|p2b: Volcarona\n|-supereffective|p2b: Volcarona|2\n|-damage|p2b: Volcarona|0 fnt\n|faint|p2b: Volcarona\n|\n|-weather|Sandstorm|[upkeep]\n|-damage|p1b: Flower Man|49/100|[from] Sandstorm\n|upkeep\n|\n|t:|1788207509\n|switch|p2b: Mawile|Mawile-Mega, L50, M, shiny|42/100\n|turn|5\n|\n|t:|1788207520\n|move|p2b: Mawile|Sucker Punch|p1a: Wasabi\n|-damage|p1a: Wasabi|38/100\n|move|p1b: Flower Man|Close Combat|p2a: Archaludon\n|-supereffective|p2a: Archaludon|1\n|-damage|p2a: Archaludon|9/100\n|-boost|p1b: Flower Man|def|1\n|-boost|p1b: Flower Man|spd|1\n|-ability|p2a: Archaludon|Stamina|boost\n|-boost|p2a: Archaludon|def|1\n|move|p1a: Wasabi|Flare Blitz|p2b: Mawile\n|-supereffective|p2b: Mawile|1\n|-damage|p2b: Mawile|0 fnt\n|faint|p2b: Mawile\n|move|p2a: Archaludon|Thunderbolt|p1b: Flower Man\n|-supereffective|p1b: Flower Man|1\n|-damage|p1b: Flower Man|4/100\n|\n|-weather|none\n|upkeep\n|turn|6\n|\n|t:|1788207530\n|move|p2a: Archaludon|Protect|p2a: Archaludon\n|-singleturn|p2a: Archaludon|Protect\n|move|p1b: Flower Man|Close Combat|p2a: Archaludon\n|-activate|p2a: Archaludon|move: Protect\n|move|p1a: Wasabi|Flare Blitz|p2a: Archaludon\n|-activate|p2a: Archaludon|move: Protect\n|\n|-sideend|p1: javivaarela|move: Tailwind\n|upkeep\n|turn|7\n|\n|t:|1788207534\n|move|p1b: Flower Man|Close Combat|p2a: Archaludon\n|-supereffective|p2a: Archaludon|1\n|-damage|p2a: Archaludon|0 fnt\n|-boost|p1b: Flower Man|def|1\n|-boost|p1b: Flower Man|spd|1\n|faint|p2a: Archaludon\n|\n|win|javivaarela\n|raw|javivaarela's rating: 1200 &rarr; <strong>1226</strong><br />(+26 for winning)\n|raw|Lauchboy125's rating: 1210 &rarr; <strong>1184</strong><br />(-26 for losing)\n","uploadtime":1788207535,"views":"0","formatid":"gen9championsvgc2026regmbbo3","rating":1184,"private":0,"password":null}