{"id":"gen9championsvgc2026regmb-2673851438","format":"[Gen 9 Champions] VGC 2026 Reg M-B","players":["Sumant855","Piedi mistici"],"log":"|j|☆Sumant855\n|j|☆Piedi mistici\n|t:|1788268476\n|gametype|doubles\n|player|p1|Sumant855|bruno|1388\n|player|p2|Piedi mistici|zinnia|1366\n|gen|9\n|tier|[Gen 9 Champions] VGC 2026 Reg M-B\n|rated|\n|rule|Species Clause: Limit one of each Pokémon\n|rule|Item Clause: Limit 1 of each item\n|clearpoke\n|poke|p1|Maushold-Four, L50, shiny|\n|poke|p1|Grimmsnarl, L50, M, shiny|\n|poke|p1|Sinistcha, L50|\n|poke|p1|Pelipper, L50, F|\n|poke|p1|Swampert, L50, M|\n|poke|p1|Archaludon, L50, M|\n|poke|p2|Froslass, L50, F|\n|poke|p2|Tyranitar, L50, M|\n|poke|p2|Scovillain, L50, F|\n|poke|p2|Sneasler, L50, F|\n|poke|p2|Farigiraf, L50, F|\n|poke|p2|Sylveon, L50, M|\n|teampreview|4\n|\n|t:|1788268500\n|teamsize|p1|4\n|teamsize|p2|4\n|start\n|switch|p1a: Kaiju|Archaludon, L50, M|100/100\n|switch|p1b: Chad|Swampert, L50, M|100/100\n|switch|p2a: Sylveon|Sylveon, L50, M|100/100\n|switch|p2b: Scovillino|Scovillain, L50, F|100/100\n|turn|1\n|\n|t:|1788268510\n|detailschange|p2b: Scovillino|Scovillain-Mega, L50, F\n|-mega|p2b: Scovillino|Scovillain|Scovillainite\n|move|p1b: Chad|Protect|p1b: Chad\n|-singleturn|p1b: Chad|Protect\n|move|p2b: Scovillino|Rage Powder|p2b: Scovillino\n|-singleturn|p2b: Scovillino|move: Rage Powder\n|move|p1a: Kaiju|Flash Cannon|p2b: Scovillino\n|-resisted|p2b: Scovillino|1\n|-damage|p2b: Scovillino|80/100\n|-status|p1a: Kaiju|brn|[from] ability: Spicy Spray|[of] p2b: Scovillino\n|move|p2a: Sylveon|Calm Mind|p2a: Sylveon\n|-boost|p2a: Sylveon|spa|1\n|-boost|p2a: Sylveon|spd|1\n|\n|-damage|p1a: Kaiju|93/100 brn|[from] brn\n|upkeep\n|turn|2\n|\n|t:|1788268525\n|switch|p1a: Skyler|Pelipper, L50, F|100/100\n|-weather|RainDance|[from] ability: Drizzle|[of] p1a: Skyler\n|detailschange|p1b: Chad|Swampert-Mega, L50, M\n|-mega|p1b: Chad|Swampert|Swampertite\n|move|p2b: Scovillino|Rage Powder|p2b: Scovillino\n|-singleturn|p2b: Scovillino|move: Rage Powder\n|move|p1b: Chad|Wave Crash|p2b: Scovillino\n|-damage|p2b: Scovillino|0 fnt\n|-status|p1b: Chad|brn|[from] ability: Spicy Spray|[of] p2b: Scovillino\n|faint|p2b: Scovillino\n|-damage|p1b: Chad|75/100 brn|[from] Recoil\n|move|p2a: Sylveon|Calm Mind|p2a: Sylveon\n|-boost|p2a: Sylveon|spa|1\n|-boost|p2a: Sylveon|spd|1\n|\n|-weather|RainDance|[upkeep]\n|-damage|p1b: Chad|69/100 brn|[from] brn\n|upkeep\n|\n|t:|1788268537\n|switch|p2b: Tyranitar|Tyranitar, L50, M|100/100\n|-weather|Sandstorm|[from] ability: Sand Stream|[of] p2b: Tyranitar\n|turn|3\n|\n|t:|1788268555\n|move|p2b: Tyranitar|Protect|p2b: Tyranitar\n|-singleturn|p2b: Tyranitar|Protect\n|move|p1a: Skyler|Wide Guard|p1a: Skyler\n|-singleturn|p1a: Skyler|Wide Guard\n|move|p1b: Chad|Wave Crash|p2b: Tyranitar\n|-activate|p2b: Tyranitar|move: Protect\n|move|p2a: Sylveon|Moonblast|p1b: Chad\n|-damage|p1b: Chad|0 fnt\n|faint|p1b: Chad\n|\n|-weather|Sandstorm|[upkeep]\n|-damage|p2a: Sylveon|93/100|[from] Sandstorm\n|-damage|p1a: Skyler|94/100|[from] Sandstorm\n|upkeep\n|\n|t:|1788268563\n|switch|p1b: Kaiju|Archaludon, L50, M|93/100 brn\n|turn|4\n|\n|t:|1788268577\n|switch|p1a: Cha|Sinistcha, L50|100/100\n|-heal|p1b: Kaiju|100/100 brn|[from] ability: Hospitality|[of] p1a: Cha\n|move|p1b: Kaiju|Aura Sphere|p2b: Tyranitar\n|-supereffective|p2b: Tyranitar|2\n|-enditem|p2b: Tyranitar|Chople Berry|[eat]\n|-enditem|p2b: Tyranitar|Chople Berry|[weaken]\n|-damage|p2b: Tyranitar|70/100\n|move|p2a: Sylveon|Moonblast|p1b: Kaiju\n|-damage|p1b: Kaiju|2/100 brn\n|-ability|p1b: Kaiju|Stamina|boost\n|-boost|p1b: Kaiju|def|1\n|move|p2b: Tyranitar|Low Kick|p1b: Kaiju\n|-supereffective|p1b: Kaiju|1\n|-damage|p1b: Kaiju|0 fnt\n|faint|p1b: Kaiju\n|\n|-weather|Sandstorm|[upkeep]\n|-damage|p1a: Cha|93/100|[from] Sandstorm\n|-damage|p2a: Sylveon|87/100|[from] Sandstorm\n|upkeep\n|\n|t:|1788268592\n|switch|p1b: Skyler|Pelipper, L50, F|94/100\n|-weather|RainDance|[from] ability: Drizzle|[of] p1b: Skyler\n|turn|5\n|\n|t:|1788268602\n|move|p1a: Cha|Matcha Gotcha|p2a: Sylveon|[spread] p2a,p2b\n|-supereffective|p2b: Tyranitar|1\n|-damage|p2a: Sylveon|79/100\n|-heal|p1a: Cha|98/100|[from] drain|[of] p2a: Sylveon\n|-damage|p2b: Tyranitar|31/100\n|-heal|p1a: Cha|100/100|[from] drain|[of] p2b: Tyranitar\n|-status|p2a: Sylveon|brn\n|move|p2a: Sylveon|Moonblast|p1b: Skyler\n|-damage|p1b: Skyler|0 fnt\n|faint|p1b: Skyler\n|move|p2b: Tyranitar|Knock Off|p1a: Cha\n|-supereffective|p1a: Cha|1\n|-damage|p1a: Cha|0 fnt\n|-enditem|p1a: Cha|Sitrus Berry|[from] move: Knock Off|[of] p2b: Tyranitar\n|faint|p1a: Cha\n|\n|win|Piedi mistici\n|raw|Sumant855's rating: 1388 &rarr; <strong>1367</strong><br />(-21 for losing)\n|raw|Piedi mistici's rating: 1366 &rarr; <strong>1387</strong><br />(+21 for winning)\n|l|☆Sumant855\n|player|p1|\n","uploadtime":1788268617,"views":"4","formatid":"gen9championsvgc2026regmb","rating":1367,"private":0,"password":null}