{"id":"gen9championsvgc2026regmbbo3-2673818717","format":"[Gen 9 Champions] VGC 2026 Reg M-B (Bo3)","players":["Javichicaino","Jorge Saltamontes"],"log":"|j|☆Javichicaino\n|j|☆Jorge Saltamontes\n|html|<table width=\"100%\"><tr><td align=\"left\">Javichicaino</td><td align=\"right\">Jorge Saltamontes</tr><tr><td align=\"left\"><i class=\"fa fa-circle-o\"></i> <i class=\"fa fa-circle-o\"></i> </td><td align=\"right\"><i class=\"fa fa-circle-o\"></i> <i class=\"fa fa-circle\"></i> </tr></table>\n|uhtml|bestof|<h2><strong>Game 2</strong> of <a href=\"/game-bestof3-gen9championsvgc2026regmbbo3-2673816698\">a best-of-3</a></h2>\n|t:|1788263124\n|gametype|doubles\n|player|p1|Javichicaino|102|1271\n|player|p2|Jorge Saltamontes|marshal|1421\n|gen|9\n|tier|[Gen 9 Champions] VGC 2026 Reg M-B (Bo3)\n|rated|\n|rule|Species Clause: Limit one of each Pokémon\n|rule|Item Clause: Limit 1 of each item\n|clearpoke\n|poke|p1|Charizard, L50, F|\n|poke|p1|Swampert, L50, M|\n|poke|p1|Venusaur, L50, F|\n|poke|p1|Pelipper, L50, F|\n|poke|p1|Archaludon, L50, M|\n|poke|p1|Grimmsnarl, L50, M|\n|poke|p2|Charizard, L50, M|\n|poke|p2|Sylveon, L50, F|\n|poke|p2|Garchomp, L50, F|\n|poke|p2|Venusaur, L50, F|\n|poke|p2|Incineroar, L50, M|\n|poke|p2|Toxapex, L50, M|\n|teampreview|4\n|showteam|p1|Charizard||CharizarditeY|Blaze|HeatWave,WeatherBall,SolarBeam,Protect|Modest||F|||50|]Swampert||Swampertite|Torrent|WaveCrash,Earthquake,IcePunch,Protect|Adamant||M|||50|]Venusaur||LifeOrb|Chlorophyll|SludgeBomb,EarthPower,SleepPowder,Protect|Modest||F|||50|]Pelipper||SitrusBerry|Drizzle|Tailwind,WeatherBall,Hurricane,WideGuard|Modest||F|||50|]Archaludon||Leftovers|Stamina|ElectroShot,DragonPulse,FlashCannon,Protect|Modest||M|||50|]Grimmsnarl||LightClay|Prankster|Reflect,LightScreen,PartingShot,SpiritBreak|Careful||M|||50|\n|showteam|p2|Charizard||CharizarditeY|Blaze|WeatherBall,HeatWave,AncientPower,Protect|Modest||M|||50|]Sylveon||FairyFeather|Pixilate|HyperVoice,QuickAttack,Yawn,Detect|Modest||F|||50|]Garchomp||ChoiceScarf|RoughSkin|RockSlide,DragonClaw,Earthquake,StompingTantrum|Adamant||F|||50|]Venusaur||LifeOrb|Chlorophyll|SludgeBomb,LeafStorm,EarthPower,Protect|Modest||F|||50|]Incineroar||SitrusBerry|Intimidate|FlareBlitz,FakeOut,DarkestLariat,PartingShot|Impish||M|||50|]Toxapex||Leftovers|Regenerator|Infestation,Toxic,WideGuard,BanefulBunker|Bold||M|||50|\n|\n|t:|1788263137\n|teamsize|p1|4\n|teamsize|p2|4\n|start\n|switch|p1a: Swampert|Swampert, L50, M|100/100\n|switch|p1b: Grimmsnarl|Grimmsnarl, L50, M|100/100\n|switch|p2a: Incineroar|Incineroar, L50, M|100/100\n|switch|p2b: Venusaur|Venusaur, L50, F|100/100\n|-ability|p2a: Incineroar|Intimidate|boost\n|-unboost|p1a: Swampert|atk|1\n|-unboost|p1b: Grimmsnarl|atk|1\n|turn|1\n|\n|t:|1788263150\n|switch|p1b: Archaludon|Archaludon, L50, M|100/100\n|detailschange|p1a: Swampert|Swampert-Mega, L50, M\n|-mega|p1a: Swampert|Swampert|Swampertite\n|move|p1a: Swampert|Protect|p1a: Swampert\n|-singleturn|p1a: Swampert|Protect\n|move|p2a: Incineroar|Fake Out|p1b: Archaludon\n|-resisted|p1b: Archaludon|1\n|-damage|p1b: Archaludon|96/100\n|-ability|p1b: Archaludon|Stamina|boost\n|-boost|p1b: Archaludon|def|1\n|move|p2b: Venusaur|Sludge Bomb|p1b: Archaludon\n|-immune|p1b: Archaludon\n|\n|-heal|p1b: Archaludon|100/100|[from] item: Leftovers\n|upkeep\n|turn|2\n|inactive|Battle timer is ON: inactive players will automatically lose when time's up. (requested by Jorge Saltamontes)\n|\n|t:|1788263182\n|switch|p1a: Pelipper|Pelipper, L50, F|100/100\n|-weather|RainDance|[from] ability: Drizzle|[of] p1a: Pelipper\n|move|p2b: Venusaur|Earth Power|p1b: Archaludon\n|-supereffective|p1b: Archaludon|1\n|-damage|p1b: Archaludon|32/100\n|-ability|p1b: Archaludon|Stamina|boost\n|-boost|p1b: Archaludon|def|1\n|-damage|p2b: Venusaur|90/100|[from] item: Life Orb\n|move|p1b: Archaludon|Electro Shot||[still]\n|-prepare|p1b: Archaludon|Electro Shot\n|-boost|p1b: Archaludon|spa|1\n|-anim|p1b: Archaludon|Electro Shot|p2a: Incineroar\n|-damage|p2a: Incineroar|50/100g\n|move|p2a: Incineroar|Parting Shot|p1b: Archaludon\n|-unboost|p1b: Archaludon|atk|1\n|-unboost|p1b: Archaludon|spa|1\n|\n|t:|1788263197\n|switch|p2a: Charizard|Charizard, L50, M|100/100|[from] Parting Shot\n|\n|-weather|RainDance|[upkeep]\n|-heal|p1b: Archaludon|38/100|[from] item: Leftovers\n|upkeep\n|turn|3\n|\n|t:|1788263215\n|detailschange|p2a: Charizard|Charizard-Mega-Y, L50, M\n|-mega|p2a: Charizard|Charizard|Charizardite Y\n|-weather|SunnyDay|[from] ability: Drought|[of] p2a: Charizard\n|move|p1b: Archaludon|Protect|p1b: Archaludon\n|-singleturn|p1b: Archaludon|Protect\n|move|p2b: Venusaur|Sludge Bomb|p1a: Pelipper\n|-damage|p1a: Pelipper|39/100\n|-enditem|p1a: Pelipper|Sitrus Berry|[eat]\n|-heal|p1a: Pelipper|63/100|[from] item: Sitrus Berry\n|-damage|p2b: Venusaur|80/100|[from] item: Life Orb\n|move|p2a: Charizard|Ancient Power|p1a: Pelipper\n|-supereffective|p1a: Pelipper|1\n|-damage|p1a: Pelipper|8/100\n|move|p1a: Pelipper|Tailwind|p1a: Pelipper\n|-sidestart|p1: Javichicaino|move: Tailwind\n|\n|-weather|SunnyDay|[upkeep]\n|-heal|p1b: Archaludon|44/100|[from] item: Leftovers\n|upkeep\n|turn|4\n|inactive|Javichicaino has 30 seconds left.\n|inactive|Javichicaino has 20 seconds left.\n|inactive|Javichicaino has 15 seconds left.\n|inactive|Javichicaino has 10 seconds left.\n|\n|t:|1788263264\n|switch|p1b: Swampert|Swampert-Mega, L50, M|100/100\n|switch|p1a: Grimmsnarl|Grimmsnarl, L50, M|100/100\n|move|p2b: Venusaur|Earth Power|p1b: Swampert\n|-damage|p1b: Swampert|68/100\n|-damage|p2b: Venusaur|71/100|[from] item: Life Orb\n|move|p2a: Charizard|Ancient Power|p1a: Grimmsnarl\n|-crit|p1a: Grimmsnarl\n|-damage|p1a: Grimmsnarl|68/100\n|\n|-weather|SunnyDay|[upkeep]\n|upkeep\n|turn|5\n|\n|t:|1788263281\n|switch|p2b: Incineroar|Incineroar, L50, M|50/100g\n|-ability|p2b: Incineroar|Intimidate|boost\n|-unboost|p1a: Grimmsnarl|atk|1\n|-unboost|p1b: Swampert|atk|1\n|switch|p2a: Toxapex|Toxapex, L50, M|100/100\n|move|p1b: Swampert|Protect|p1b: Swampert\n|-singleturn|p1b: Swampert|Protect\n|move|p1a: Grimmsnarl|Light Screen|p1a: Grimmsnarl\n|-sidestart|p1: Javichicaino|move: Light Screen\n|\n|-weather|SunnyDay|[upkeep]\n|upkeep\n|turn|6\n|inactive|Javichicaino has 30 seconds left.\n|\n|t:|1788263308\n|switch|p1b: Archaludon|Archaludon, L50, M|44/100\n|move|p1a: Grimmsnarl|Spirit Break|p2b: Incineroar\n|-damage|p2b: Incineroar|36/100\n|-unboost|p2b: Incineroar|spa|1\n|-enditem|p2b: Incineroar|Sitrus Berry|[eat]\n|-heal|p2b: Incineroar|60/100|[from] item: Sitrus Berry\n|move|p2b: Incineroar|Parting Shot|p1b: Archaludon\n|-unboost|p1b: Archaludon|atk|1\n|-unboost|p1b: Archaludon|spa|1\n|\n|t:|1788263321\n|switch|p2b: Venusaur|Venusaur, L50, F|71/100|[from] Parting Shot\n|move|p2a: Toxapex|Toxic|p1a: Grimmsnarl\n|-status|p1a: Grimmsnarl|tox\n|\n|-weather|SunnyDay|[upkeep]\n|-heal|p1b: Archaludon|50/100g|[from] item: Leftovers\n|-damage|p1a: Grimmsnarl|62/100 tox|[from] psn\n|-sideend|p1: Javichicaino|move: Tailwind\n|upkeep\n|turn|7\n|inactive|Javichicaino has 30 seconds left.\n|\n|t:|1788263351\n|switch|p1b: Swampert|Swampert-Mega, L50, M|68/100\n|move|p1a: Grimmsnarl|Parting Shot|p2b: Venusaur\n|-unboost|p2b: Venusaur|atk|1\n|-unboost|p2b: Venusaur|spa|1\n|\n|t:|1788263358\n|switch|p1a: Archaludon|Archaludon, L50, M|50/100g|[from] Parting Shot\n|move|p2b: Venusaur|Earth Power|p1b: Swampert\n|-damage|p1b: Swampert|54/100\n|-damage|p2b: Venusaur|61/100|[from] item: Life Orb\n|move|p2a: Toxapex|Infestation|p1a: Archaludon\n|-resisted|p1a: Archaludon|1\n|-damage|p1a: Archaludon|49/100\n|-activate|p1a: Archaludon|move: Infestation|[of] p2a: Toxapex\n|-ability|p1a: Archaludon|Stamina|boost\n|-boost|p1a: Archaludon|def|1\n|\n|-weather|none\n|-heal|p1a: Archaludon|55/100|[from] item: Leftovers\n|-damage|p1a: Archaludon|43/100|[from] move: Infestation|[partiallytrapped]\n|upkeep\n|turn|8\n|inactive|Javichicaino has 30 seconds left.\n|inactive|Jorge Saltamontes has 30 seconds left.\n|inactive|Jorge Saltamontes has 20 seconds left.\n|inactive|Jorge Saltamontes has 15 seconds left.\n|inactive|Jorge Saltamontes has 10 seconds left.\n|inactive|Javichicaino has 20 seconds left.\n|inactive|Javichicaino has 15 seconds left.\n|\n|t:|1788263414\n|move|p2b: Venusaur|Protect|p2b: Venusaur\n|-singleturn|p2b: Venusaur|Protect\n|move|p1b: Swampert|Protect|p1b: Swampert\n|-singleturn|p1b: Swampert|Protect\n|move|p1a: Archaludon|Dragon Pulse|p2b: Venusaur\n|-activate|p2b: Venusaur|move: Protect\n|move|p2a: Toxapex|Toxic|p1b: Swampert\n|-activate|p1b: Swampert|move: Protect\n|\n|-heal|p1a: Archaludon|49/100|[from] item: Leftovers\n|-damage|p1a: Archaludon|37/100|[from] move: Infestation|[partiallytrapped]\n|upkeep\n|turn|9\n|inactive|Javichicaino has 30 seconds left.\n|\n|t:|1788263445\n|switch|p2a: Charizard|Charizard-Mega-Y, L50, M|100/100\n|-weather|SunnyDay|[from] ability: Drought|[of] p2a: Charizard\n|move|p2b: Venusaur|Leaf Storm|p1b: Swampert\n|-supereffective|p1b: Swampert|2\n|-damage|p1b: Swampert|0 fnt\n|-unboost|p2b: Venusaur|spa|2\n|faint|p1b: Swampert\n|-damage|p2b: Venusaur|52/100|[from] item: Life Orb\n|move|p1a: Archaludon|Dragon Pulse|p2b: Venusaur\n|-damage|p2b: Venusaur|7/100\n|\n|-weather|SunnyDay|[upkeep]\n|-heal|p1a: Archaludon|43/100|[from] item: Leftovers\n|-end|p1a: Archaludon|Infestation|[partiallytrapped]|[silent]\n|upkeep\n|\n|t:|1788263454\n|switch|p1b: Pelipper|Pelipper, L50, F|8/100\n|-weather|RainDance|[from] ability: Drizzle|[of] p1b: Pelipper\n|turn|10\n|\n|t:|1788263464\n|switch|p2a: Incineroar|Incineroar, L50, M|60/100\n|-ability|p2a: Incineroar|Intimidate|boost\n|-unboost|p1a: Archaludon|atk|1\n|-unboost|p1b: Pelipper|atk|1\n|switch|p1b: Grimmsnarl|Grimmsnarl, L50, M|62/100 tox\n|move|p2b: Venusaur|Sludge Bomb|p1b: Grimmsnarl\n|-supereffective|p1b: Grimmsnarl|1\n|-damage|p1b: Grimmsnarl|39/100 tox\n|-damage|p2b: Venusaur|0 fnt|[from] item: Life Orb\n|faint|p2b: Venusaur\n|move|p1a: Archaludon|Electro Shot||[still]\n|-prepare|p1a: Archaludon|Electro Shot\n|-boost|p1a: Archaludon|spa|1\n|-anim|p1a: Archaludon|Electro Shot|p2a: Incineroar\n|-damage|p2a: Incineroar|13/100\n|\n|-weather|RainDance|[upkeep]\n|-heal|p1a: Archaludon|49/100|[from] item: Leftovers\n|-damage|p1b: Grimmsnarl|33/100 tox|[from] psn\n|upkeep\n|\n|t:|1788263479\n|switch|p2b: Toxapex|Toxapex, L50, M|100/100\n|turn|11\n|\n|t:|1788263499\n|move|p2a: Incineroar|Fake Out|p1a: Archaludon\n|-resisted|p1a: Archaludon|1\n|-damage|p1a: Archaludon|47/100\n|-ability|p1a: Archaludon|Stamina|boost\n|-boost|p1a: Archaludon|def|1\n|move|p1b: Grimmsnarl|Parting Shot|p2b: Toxapex\n|-unboost|p2b: Toxapex|atk|1\n|-unboost|p2b: Toxapex|spa|1\n|\n|t:|1788263507\n|switch|p1b: Pelipper|Pelipper, L50, F|8/100|[from] Parting Shot\n|cant|p1a: Archaludon|flinch\n|move|p2b: Toxapex|Infestation|p1b: Pelipper\n|-resisted|p1b: Pelipper|1\n|-damage|p1b: Pelipper|7/100\n|-activate|p1b: Pelipper|move: Infestation|[of] p2b: Toxapex\n|\n|-weather|RainDance|[upkeep]\n|-heal|p1a: Archaludon|53/100|[from] item: Leftovers\n|-damage|p1b: Pelipper|0 fnt|[from] move: Infestation|[partiallytrapped]\n|faint|p1b: Pelipper\n|upkeep\n|\n|t:|1788263516\n|switch|p1b: Grimmsnarl|Grimmsnarl, L50, M|33/100 tox\n|turn|12\n|\n|t:|1788263533\n|switch|p2a: Charizard|Charizard-Mega-Y, L50, M|100/100\n|-weather|SunnyDay|[from] ability: Drought|[of] p2a: Charizard\n|move|p1a: Archaludon|Dragon Pulse|p2a: Charizard\n|-damage|p2a: Charizard|46/100\n|move|p1b: Grimmsnarl|Spirit Break|p2b: Toxapex\n|-resisted|p2b: Toxapex|1\n|-damage|p2b: Toxapex|89/100\n|-unboost|p2b: Toxapex|spa|1\n|move|p2b: Toxapex|Infestation|p1b: Grimmsnarl\n|-damage|p1b: Grimmsnarl|32/100 tox\n|-activate|p1b: Grimmsnarl|move: Infestation|[of] p2b: Toxapex\n|\n|-weather|SunnyDay|[upkeep]\n|-heal|p1a: Archaludon|59/100|[from] item: Leftovers\n|-heal|p2b: Toxapex|95/100|[from] item: Leftovers\n|-damage|p1b: Grimmsnarl|26/100 tox|[from] psn\n|-damage|p1b: Grimmsnarl|13/100 tox|[from] move: Infestation|[partiallytrapped]\n|-sideend|p1: Javichicaino|move: Light Screen\n|upkeep\n|turn|13\n|\n|t:|1788263552\n|move|p1b: Grimmsnarl|Parting Shot|p2a: Charizard\n|-unboost|p2a: Charizard|atk|1\n|-unboost|p2a: Charizard|spa|1\n|move|p2a: Charizard|Weather Ball|p1a: Archaludon\n|-damage|p1a: Archaludon|2/100\n|-ability|p1a: Archaludon|Stamina|boost\n|-boost|p1a: Archaludon|def|1\n|move|p1a: Archaludon|Dragon Pulse|p2a: Charizard\n|-damage|p2a: Charizard|0 fnt\n|faint|p2a: Charizard\n|move|p2b: Toxapex|Infestation|p1a: Archaludon\n|-resisted|p1a: Archaludon|1\n|-damage|p1a: Archaludon|2/100\n|-activate|p1a: Archaludon|move: Infestation|[of] p2b: Toxapex\n|-ability|p1a: Archaludon|Stamina|boost\n|-boost|p1a: Archaludon|def|1\n|\n|-weather|SunnyDay|[upkeep]\n|-heal|p1a: Archaludon|8/100|[from] item: Leftovers\n|-heal|p2b: Toxapex|100/100|[from] item: Leftovers\n|-damage|p1b: Grimmsnarl|1/100 tox|[from] psn\n|-damage|p1a: Archaludon|0 fnt|[from] move: Infestation|[partiallytrapped]\n|faint|p1a: Archaludon\n|-damage|p1b: Grimmsnarl|0 fnt|[from] move: Infestation|[partiallytrapped]\n|faint|p1b: Grimmsnarl\n|\n|win|Jorge Saltamontes\n","uploadtime":1788263129,"views":"4","formatid":"gen9championsvgc2026regmbbo3","rating":null,"private":0,"password":null}