{"id":"gen9championsvgc2026regmb-2674361785","format":"[Gen 9 Champions] VGC 2026 Reg M-B","players":["ArbysXRodwave","etersaidai"],"log":"|j|☆ArbysXRodwave\n|j|☆etersaidai\n|t:|1788348922\n|gametype|doubles\n|player|p1|ArbysXRodwave|2|1293\n|player|p2|etersaidai|swimmerf|1337\n|gen|9\n|tier|[Gen 9 Champions] VGC 2026 Reg M-B\n|rated|\n|rule|Species Clause: Limit one of each Pokémon\n|rule|Item Clause: Limit 1 of each item\n|clearpoke\n|poke|p1|Sneasler, L50, M, shiny|\n|poke|p1|Incineroar, L50, F, shiny|\n|poke|p1|Primarina, L50, M, shiny|\n|poke|p1|Kingambit, L50, M, shiny|\n|poke|p1|Venusaur, L50, F, shiny|\n|poke|p1|Farigiraf, L50, F, shiny|\n|poke|p2|Houndoom, L50, M|\n|poke|p2|Whimsicott, L50, M|\n|poke|p2|Torkoal, L50, M|\n|poke|p2|Garchomp, L50, F|\n|poke|p2|Gallade, L50, M|\n|poke|p2|Floette-Eternal, L50, F|\n|teampreview|4\n|\n|t:|1788348971\n|teamsize|p1|4\n|teamsize|p2|4\n|start\n|switch|p1a: Galatea|Venusaur, L50, F, shiny|100/100\n|switch|p1b: Top1startermon|Incineroar, L50, F, shiny|100/100\n|switch|p2a: Whimsicott|Whimsicott, L50, M|100/100\n|switch|p2b: Houndoom|Houndoom, L50, M|100/100\n|-ability|p1b: Top1startermon|Intimidate|boost\n|-unboost|p2a: Whimsicott|atk|1\n|-unboost|p2b: Houndoom|atk|1\n|turn|1\n|\n|t:|1788348993\n|detailschange|p1a: Galatea|Venusaur-Mega, L50, F, shiny\n|-mega|p1a: Galatea|Venusaur|Venusaurite\n|move|p2b: Houndoom|Protect|p2b: Houndoom\n|-singleturn|p2b: Houndoom|Protect\n|move|p1b: Top1startermon|Fake Out|p2a: Whimsicott\n|-damage|p2a: Whimsicott|74/100\n|-damage|p1b: Top1startermon|90/100|[from] item: Life Orb\n|cant|p2a: Whimsicott|flinch\n|move|p1a: Galatea|Earth Power|p2b: Houndoom\n|-activate|p2b: Houndoom|move: Protect\n|\n|upkeep\n|turn|2\n|\n|t:|1788349011\n|detailschange|p2b: Houndoom|Houndoom-Mega, L50, M\n|-mega|p2b: Houndoom|Houndoom|Houndoominite\n|move|p2a: Whimsicott|Sunny Day|p2a: Whimsicott\n|-weather|SunnyDay\n|move|p2b: Houndoom|Heat Wave|p1a: Galatea|[spread] p1a,p1b\n|-supereffective|p1a: Galatea|1\n|-resisted|p1b: Top1startermon|1\n|-damage|p1a: Galatea|29/100\n|-damage|p1b: Top1startermon|49/100\n|move|p1a: Galatea|Earth Power|p2b: Houndoom\n|-supereffective|p2b: Houndoom|1\n|-damage|p2b: Houndoom|14/100\n|move|p1b: Top1startermon|Flare Blitz|p2a: Whimsicott\n|-supereffective|p2a: Whimsicott|1\n|-damage|p2a: Whimsicott|0 fnt\n|faint|p2a: Whimsicott\n|-damage|p1b: Top1startermon|32/100|[from] Recoil\n|-damage|p1b: Top1startermon|22/100|[from] item: Life Orb\n|\n|-weather|SunnyDay|[upkeep]\n|-damage|p2b: Houndoom|1/100|[from] ability: Solar Power|[of] p2b: Houndoom\n|upkeep\n|\n|t:|1788349028\n|switch|p2a: Gallade|Gallade, L50, M|100/100\n|turn|3\n|\n|t:|1788349056\n|move|p1a: Galatea|Protect|p1a: Galatea\n|-singleturn|p1a: Galatea|Protect\n|move|p2a: Gallade|Psycho Cut|p1b: Top1startermon\n|-immune|p1b: Top1startermon\n|move|p2b: Houndoom|Heat Wave|p1a: Galatea|[spread] p1b\n|-activate|p1a: Galatea|move: Protect\n|-resisted|p1b: Top1startermon|1\n|-damage|p1b: Top1startermon|0 fnt\n|faint|p1b: Top1startermon\n|\n|-weather|SunnyDay|[upkeep]\n|-damage|p2b: Houndoom|0 fnt|[from] ability: Solar Power|[of] p2b: Houndoom\n|faint|p2b: Houndoom\n|upkeep\n|\n|t:|1788349068\n|switch|p2b: Torkoal|Torkoal, L50, M|100/100\n|switch|p1b: WolfeStatSpread|Sneasler, L50, M, shiny|100/100\n|turn|4\n|\n|t:|1788349091\n|move|p1b: WolfeStatSpread|Fake Out|p2a: Gallade\n|-damage|p2a: Gallade|78/100\n|cant|p2a: Gallade|flinch\n|move|p1a: Galatea|Earth Power|p2b: Torkoal\n|-supereffective|p2b: Torkoal|1\n|-damage|p2b: Torkoal|34/100\n|move|p2b: Torkoal|Heat Wave|p1b: WolfeStatSpread|[spread] p1a,p1b\n|-supereffective|p1a: Galatea|1\n|-damage|p1a: Galatea|3/100\n|-damage|p1b: WolfeStatSpread|59/100\n|\n|-weather|SunnyDay|[upkeep]\n|-heal|p2b: Torkoal|40/100|[from] item: Leftovers\n|upkeep\n|turn|5\n|\n|t:|1788349114\n|move|p1b: WolfeStatSpread|Protect|p1b: WolfeStatSpread\n|-singleturn|p1b: WolfeStatSpread|Protect\n|move|p2a: Gallade|Psycho Cut|p1b: WolfeStatSpread\n|-activate|p1b: WolfeStatSpread|move: Protect\n|move|p1a: Galatea|Earth Power|p2b: Torkoal\n|-supereffective|p2b: Torkoal|1\n|-damage|p2b: Torkoal|0 fnt\n|faint|p2b: Torkoal\n|\n|-weather|SunnyDay|[upkeep]\n|upkeep\n|turn|6\n|\n|t:|1788349132\n|move|p2a: Gallade|Psycho Cut|p1b: WolfeStatSpread\n|-supereffective|p1b: WolfeStatSpread|2\n|-crit|p1b: WolfeStatSpread\n|-damage|p1b: WolfeStatSpread|0 fnt\n|faint|p1b: WolfeStatSpread\n|move|p1a: Galatea|Giga Drain|p2a: Gallade\n|-damage|p2a: Gallade|32/100\n|-heal|p1a: Galatea|21/100|[from] drain|[of] p2a: Gallade\n|\n|-weather|none\n|upkeep\n|\n|t:|1788349136\n|switch|p1b: Marina|Primarina, L50, M, shiny|100/100\n|turn|7\n|\n|t:|1788349143\n|move|p2a: Gallade|Psycho Cut|p1b: Marina\n|-damage|p1b: Marina|39/100\n|move|p1a: Galatea|Sludge Bomb|p2a: Gallade\n|-damage|p2a: Gallade|0 fnt\n|faint|p2a: Gallade\n|\n|win|ArbysXRodwave\n|raw|ArbysXRodwave's rating: 1293 &rarr; <strong>1321</strong><br />(+28 for winning)\n|raw|etersaidai's rating: 1337 &rarr; <strong>1314</strong><br />(-23 for losing)\n|l|☆etersaidai\n|player|p2|\n","uploadtime":1788349165,"views":"1","formatid":"gen9championsvgc2026regmb","rating":1314,"private":0,"password":null}