{"id":"gen9championsvgc2026regmb-2674255413","format":"[Gen 9 Champions] VGC 2026 Reg M-B","players":["Thornlace48812","PoughTuff"],"log":"|j|☆Thornlace48812\n|j|☆PoughTuff\n|t:|1788324498\n|gametype|doubles\n|player|p1|Thornlace48812|1|1077\n|player|p2|PoughTuff|2|1176\n|gen|9\n|tier|[Gen 9 Champions] VGC 2026 Reg M-B\n|rated|\n|rule|Species Clause: Limit one of each Pokémon\n|rule|Item Clause: Limit 1 of each item\n|clearpoke\n|poke|p1|Garchomp, L50, F|\n|poke|p1|Charizard, L50, F|\n|poke|p1|Whimsicott, L50, F|\n|poke|p1|Sylveon, L50, M|\n|poke|p1|Kingambit, L50, F|\n|poke|p1|Basculegion, L50, M|\n|poke|p2|Infernape, L50, F|\n|poke|p2|Aerodactyl, L50, F|\n|poke|p2|Meganium, L50, F|\n|poke|p2|Aegislash, L50, F|\n|poke|p2|Meowstic, L50, M|\n|poke|p2|Ditto, L50|\n|teampreview|4\n|inactive|Battle timer is ON: inactive players will automatically lose when time's up. (requested by Thornlace48812)\nThornlace48812 rejected open team sheets.\n|inactive|PoughTuff has 60 seconds left.\n|\n|t:|1788324536\n|teamsize|p1|4\n|teamsize|p2|4\n|start\n|switch|p1a: Sylveon|Sylveon, L50, M|100/100\n|switch|p1b: Charizard|Charizard, L50, F|100/100\n|switch|p2a: Aerodactyl|Aerodactyl, L50, F|100/100\n|switch|p2b: Meowstic|Meowstic, L50, M|100/100\n|-ability|p2a: Aerodactyl|Pressure\n|turn|1\n|\n|t:|1788324558\n|detailschange|p1b: Charizard|Charizard-Mega-Y, L50, F\n|-mega|p1b: Charizard|Charizard|Charizardite Y\n|-weather|SunnyDay|[from] ability: Drought|[of] p1b: Charizard\n|move|p2b: Meowstic|Fake Out|p1b: Charizard\n|-crit|p1b: Charizard\n|-damage|p1b: Charizard|89/100\n|move|p2a: Aerodactyl|Rock Slide|p1a: Sylveon|[spread] p1a\n|-miss|p2a: Aerodactyl|p1b: Charizard\n|-damage|p1a: Sylveon|64/100\n|cant|p1b: Charizard|flinch\n|move|p1a: Sylveon|Hyper Voice|p2b: Meowstic|[spread] p2a,p2b\n|-crit|p2b: Meowstic\n|-damage|p2a: Aerodactyl|30/100\n|-damage|p2b: Meowstic|41/100\n|\n|-weather|SunnyDay|[upkeep]\n|upkeep\n|turn|2\n|\n|t:|1788324576\n|move|p1b: Charizard|Protect|p1b: Charizard\n|-singleturn|p1b: Charizard|Protect\n|move|p2b: Meowstic|Light Screen|p2b: Meowstic\n|-sidestart|p2: PoughTuff|move: Light Screen\n|move|p1a: Sylveon|Quick Attack|p2a: Aerodactyl\n|-damage|p2a: Aerodactyl|11/100\n|move|p2a: Aerodactyl|Rock Slide|p1b: Charizard|[spread] p1a\n|-activate|p1b: Charizard|move: Protect\n|-damage|p1a: Sylveon|29/100\n|\n|-weather|SunnyDay|[upkeep]\n|upkeep\n|turn|3\n|inactive|PoughTuff has 30 seconds left.\n|\n|t:|1788324603\n|move|p2a: Aerodactyl|Tailwind|p2a: Aerodactyl\n|-sidestart|p2: PoughTuff|move: Tailwind\n|move|p2b: Meowstic|Psychic|p1a: Sylveon\n|-damage|p1a: Sylveon|6/100\n|move|p1b: Charizard|Heat Wave|p2a: Aerodactyl|[spread] p2a,p2b\n|-resisted|p2a: Aerodactyl|1\n|-damage|p2a: Aerodactyl|0 fnt\n|-damage|p2b: Meowstic|1/100\n|faint|p2a: Aerodactyl\n|move|p1a: Sylveon|Hyper Beam|p2b: Meowstic\n|-damage|p2b: Meowstic|0 fnt\n|-mustrecharge|p1a: Sylveon\n|faint|p2b: Meowstic\n|\n|-weather|SunnyDay|[upkeep]\n|upkeep\n|\n|t:|1788324615\n|switch|p2a: Meganium|Meganium, L50, F|100/100\n|switch|p2b: Infernape|Infernape, L50, F|100/100\n|turn|4\n|\n|t:|1788324636\n|detailschange|p2a: Meganium|Meganium-Mega, L50, F\n|-mega|p2a: Meganium|Meganium|Meganiumite\n|move|p1b: Charizard|Protect|p1b: Charizard\n|-singleturn|p1b: Charizard|Protect\n|move|p2b: Infernape|Fake Out|p1b: Charizard\n|-activate|p1b: Charizard|move: Protect\n|move|p2a: Meganium|Dazzling Gleam|p1a: Sylveon|[spread] p1a\n|-activate|p1b: Charizard|move: Protect\n|-damage|p1a: Sylveon|0 fnt\n|faint|p1a: Sylveon\n|\n|-weather|SunnyDay|[upkeep]\n|upkeep\n|\n|t:|1788324637\n|switch|p1a: Whimsicott|Whimsicott, L50, F|100/100\n|turn|5\n|\n|t:|1788324659\n|move|p1a: Whimsicott|Tailwind|p1a: Whimsicott\n|-sidestart|p1: Thornlace48812|move: Tailwind\n|move|p2b: Infernape|Thunder Punch|p1b: Charizard\n|-supereffective|p1b: Charizard|1\n|-damage|p1b: Charizard|14/100\n|move|p2a: Meganium|Dazzling Gleam|p1a: Whimsicott|[spread] p1a,p1b\n|-crit|p1a: Whimsicott\n|-resisted|p1b: Charizard|1\n|-damage|p1a: Whimsicott|10/100\n|-damage|p1b: Charizard|0 fnt\n|faint|p1b: Charizard\n|\n|-weather|none\n|upkeep\n|\n|t:|1788324659\n|switch|p1b: Basculegion|Basculegion, L50, M|100/100\n|turn|6\n|\n|t:|1788324680\n|move|p1a: Whimsicott|Moonblast|p2a: Meganium\n|-damage|p2a: Meganium|74/100\n|move|p2b: Infernape|Thunder Punch|p1b: Basculegion\n|-supereffective|p1b: Basculegion|1\n|-damage|p1b: Basculegion|29/100\n|-status|p1b: Basculegion|par\n|move|p2a: Meganium|Dazzling Gleam|p1b: Basculegion|[spread] p1a,p1b\n|-damage|p1a: Whimsicott|0 fnt\n|-damage|p1b: Basculegion|0 fnt\n|faint|p1a: Whimsicott\n|faint|p1b: Basculegion\n|\n|win|PoughTuff\n|raw|Thornlace48812's rating: 1145 &rarr; <strong>1122</strong><br />(-23 for losing)\n|raw|PoughTuff's rating: 1176 &rarr; <strong>1199</strong><br />(+23 for winning)\n","uploadtime":1788324681,"views":"2","formatid":"gen9championsvgc2026regmb","rating":1122,"private":0,"password":null}