{"id":"gen9championsvgc2026regmb-2674323473","format":"[Gen 9 Champions] VGC 2026 Reg M-B","players":["xddh","carrotbeafsteak"],"log":"|j|☆xddh\n|j|☆carrotbeafsteak\n|t:|1788340909\n|gametype|doubles\n|player|p1|xddh|ghetsis|1318\n|player|p2|carrotbeafsteak|266|1272\n|gen|9\n|tier|[Gen 9 Champions] VGC 2026 Reg M-B\n|rated|\n|rule|Species Clause: Limit one of each Pokémon\n|rule|Item Clause: Limit 1 of each item\n|clearpoke\n|poke|p1|Staraptor, L50, M|\n|poke|p1|Arcanine-Hisui, L50, M|\n|poke|p1|Kingambit, L50, F, shiny|\n|poke|p1|Raichu, L50, M|\n|poke|p1|Farigiraf, L50, F|\n|poke|p1|Sylveon, L50, F|\n|poke|p2|Simipour, L50, F|\n|poke|p2|Simisage, L50, M|\n|poke|p2|Simisear, L50, F|\n|poke|p2|Pelipper, L50, F|\n|poke|p2|Torkoal, L50, F|\n|poke|p2|Gyarados, L50, M|\n|teampreview|4\n|inactive|Battle timer is ON: inactive players will automatically lose when time's up. (requested by xddh)\n|c|☆xddh|Uh\n|c|☆xddh|Wut\n|inactive|xddh has 60 seconds left.\n|inactive|carrotbeafsteak has 60 seconds left.\n|\n|t:|1788340950\n|teamsize|p1|4\n|teamsize|p2|4\n|start\n|switch|p1a: Birb|Staraptor, L50, M|100/100\n|switch|p1b: He is here i guess|Farigiraf, L50, F|100/100\n|switch|p2a: Simisear|Simisear, L50, F|100/100\n|switch|p2b: Torkoal|Torkoal, L50, F|100/100\n|-ability|p1a: Birb|Intimidate|boost\n|-unboost|p2a: Simisear|atk|1\n|-unboost|p2b: Torkoal|atk|1\n|-weather|SunnyDay|[from] ability: Drought|[of] p2b: Torkoal\n|turn|1\n|c|☆carrotbeafsteak|monke\n|c|☆xddh|Fairs\n|inactive|xddh has 30 seconds left.\n|c|☆carrotbeafsteak|actually decent against big 6\n|\n|t:|1788340977\n|detailschange|p1a: Birb|Staraptor-Mega, L50, M\n|-mega|p1a: Birb|Staraptor|Staraptite\n|move|p1b: He is here i guess|Helping Hand|p1a: Birb\n|-singleturn|p1a: Birb|Helping Hand|[of] p1b: He is here i guess\n|move|p2b: Torkoal|Helping Hand|p2a: Simisear\n|-singleturn|p2a: Simisear|Helping Hand|[of] p2b: Torkoal\n|move|p1a: Birb|Close Combat|p2b: Torkoal\n|-damage|p2b: Torkoal|46/100\n|-boost|p1a: Birb|def|1\n|-boost|p1a: Birb|spd|1\n|move|p2a: Simisear|Fire Blast|p1a: Birb\n|-damage|p1a: Birb|17/100\n|\n|-weather|SunnyDay|[upkeep]\n|-heal|p2b: Torkoal|53/100|[from] item: Leftovers\n|upkeep\n|turn|2\n|\n|t:|1788341001\n|move|p1a: Birb|Protect|p1a: Birb\n|-singleturn|p1a: Birb|Protect\n|move|p2a: Simisear|Heat Wave|p1a: Birb|[spread] p1b\n|-activate|p1a: Birb|move: Protect\n|-damage|p1b: He is here i guess|60/100\n|move|p1b: He is here i guess|Psychic|p2a: Simisear\n|-damage|p2a: Simisear|38/100\n|move|p2b: Torkoal|Eruption|p1a: Birb|[spread] p1b\n|-activate|p1a: Birb|move: Protect\n|-damage|p1b: He is here i guess|36/100\n|-enditem|p1b: He is here i guess|Sitrus Berry|[eat]\n|-heal|p1b: He is here i guess|61/100|[from] item: Sitrus Berry\n|\n|-weather|SunnyDay|[upkeep]\n|-heal|p2b: Torkoal|59/100|[from] item: Leftovers\n|upkeep\n|turn|3\n|c|☆xddh|Isnt big 6 in gen 7\n|\n|t:|1788341025\n|move|p1b: He is here i guess|Helping Hand|p1a: Birb\n|-singleturn|p1a: Birb|Helping Hand|[of] p1b: He is here i guess\n|move|p1a: Birb|Close Combat|p2a: Simisear\n|-damage|p2a: Simisear|0 fnt\n|-boost|p1a: Birb|def|1\n|-boost|p1a: Birb|spd|1\n|faint|p2a: Simisear\n|move|p2b: Torkoal|Yawn|p1a: Birb\n|-start|p1a: Birb|move: Yawn|[of] p2b: Torkoal\n|\n|-weather|SunnyDay|[upkeep]\n|-heal|p2b: Torkoal|65/100|[from] item: Leftovers\n|upkeep\n|\n|t:|1788341032\n|switch|p2a: Simisage|Simisage, L50, M|100/100\n|turn|4\n|\n|t:|1788341055\n|move|p1b: He is here i guess|Helping Hand|p1a: Birb\n|-singleturn|p1a: Birb|Helping Hand|[of] p1b: He is here i guess\n|move|p1a: Birb|Dual Wingbeat|p2a: Simisage|[miss]\n|-miss|p1a: Birb|p2a: Simisage\n|move|p2a: Simisage|Solar Blade||[still]\n|-prepare|p2a: Simisage|Solar Blade\n|-anim|p2a: Simisage|Solar Blade|p1b: He is here i guess\n|-damage|p1b: He is here i guess|1/100\n|-damage|p2a: Simisage|90/100|[from] item: Life Orb\n|move|p2b: Torkoal|Eruption|p1a: Birb|[spread] p1a,p1b\n|-damage|p1a: Birb|1/100\n|-damage|p1b: He is here i guess|0 fnt\n|faint|p1b: He is here i guess\n|\n|-weather|SunnyDay|[upkeep]\n|-heal|p2b: Torkoal|71/100|[from] item: Leftovers\n|-end|p1a: Birb|move: Yawn|[silent]\n|-status|p1a: Birb|slp\n|upkeep\n|c|☆xddh|Som\n|\n|t:|1788341070\n|switch|p1b: Intimidate trust|Arcanine-Hisui, L50, M|100/100\n|turn|5\n|c|☆carrotbeafsteak|monke team need luck to win\n|\n|t:|1788341080\n|cant|p1a: Birb|slp\n|move|p2a: Simisage|Rock Slide|p1a: Birb|[spread] p1a,p1b\n|-supereffective|p1b: Intimidate trust|1\n|-damage|p1a: Birb|0 fnt\n|-damage|p1b: Intimidate trust|47/100\n|faint|p1a: Birb\n|-damage|p2a: Simisage|80/100|[from] item: Life Orb\n|move|p1b: Intimidate trust|Flare Blitz|p2a: Simisage\n|-supereffective|p2a: Simisage|1\n|-damage|p2a: Simisage|0 fnt\n|faint|p2a: Simisage\n|move|p2b: Torkoal|Yawn|p1b: Intimidate trust\n|-start|p1b: Intimidate trust|move: Yawn|[of] p2b: Torkoal\n|\n|-weather|none\n|-heal|p2b: Torkoal|77/100|[from] item: Leftovers\n|upkeep\n|c|☆xddh|Yep\n|\n|t:|1788341093\n|switch|p1a: Gamble 🤑|Kingambit, L50, F, shiny|100/100\n|switch|p2a: Simipour|Simipour, L50, F|100/100\n|turn|6\n|c|☆xddh|I respect it lwk\n|c|☆xddh|S\n|inactive|xddh has 30 seconds left.\n|\n|t:|1788341124\n|move|p2a: Simipour|Hydro Pump|p1b: Intimidate trust\n|-supereffective|p1b: Intimidate trust|2\n|-damage|p1b: Intimidate trust|0 fnt\n|faint|p1b: Intimidate trust\n|move|p1a: Gamble 🤑|Kowtow Cleave|p2a: Simipour\n|-damage|p2a: Simipour|0 fnt\n|faint|p2a: Simipour\n|-damage|p1a: Gamble 🤑|90/100|[from] item: Life Orb\n|move|p2b: Torkoal|Yawn|p1a: Gamble 🤑\n|-start|p1a: Gamble 🤑|move: Yawn|[of] p2b: Torkoal\n|\n|-heal|p2b: Torkoal|84/100|[from] item: Leftovers\n|upkeep\n|turn|7\n|c|☆carrotbeafsteak|the zard-floette team they also call it big six in jp\n|c|☆xddh|Oh that\n|c|☆xddh|I use it but\n|c|☆xddh|Im tryna test teams for chqm\n|inactive|xddh has 30 seconds left.\n|c|☆xddh|Champioms\n|inactive|xddh has 20 seconds left.\n|c|☆xddh|And i dont got floettw\n|\n|t:|1788341164\n|move|p1a: Gamble 🤑|Sucker Punch|p2b: Torkoal\n|-damage|p2b: Torkoal|51/100\n|-damage|p1a: Gamble 🤑|80/100|[from] item: Life Orb\n|move|p2b: Torkoal|Eruption|p1a: Gamble 🤑\n|-supereffective|p1a: Gamble 🤑|1\n|-damage|p1a: Gamble 🤑|36/100\n|\n|-heal|p2b: Torkoal|57/100|[from] item: Leftovers\n|-end|p1a: Gamble 🤑|move: Yawn|[silent]\n|-status|p1a: Gamble 🤑|slp\n|upkeep\n|turn|8\n|c|☆carrotbeafsteak|me too XD\n|c|☆carrotbeafsteak|gg\n|c|☆xddh|Wait im faster eitherway i realised\n|c|☆xddh|Or r u max eved\n|c|☆xddh|Hmmm\n|inactive|xddh has 30 seconds left.\n|\n|t:|1788341192\n|cant|p1a: Gamble 🤑|slp\n|move|p2b: Torkoal|Eruption|p1a: Gamble 🤑\n|-supereffective|p1a: Gamble 🤑|1\n|-damage|p1a: Gamble 🤑|0 fnt\n|faint|p1a: Gamble 🤑\n|\n|win|carrotbeafsteak\n|raw|xddh's rating: 1318 &rarr; <strong>1295</strong><br />(-23 for losing)\n|raw|carrotbeafsteak's rating: 1272 &rarr; <strong>1300</strong><br />(+28 for winning)\n|c|☆xddh|Gg\n","uploadtime":1788341198,"views":"14","formatid":"gen9championsvgc2026regmb","rating":1295,"private":0,"password":null}