{"id":"gen9championsvgc2026regmbbo3-2674766417","format":"[Gen 9 Champions] VGC 2026 Reg M-B (Bo3)","players":["meiko41","lexerthanatauros"],"log":"|j|☆meiko41\n|j|☆lexerthanatauros\n|html|<table width=\"100%\"><tr><td align=\"left\">meiko41</td><td align=\"right\">lexerthanatauros</tr><tr><td align=\"left\"><i class=\"fa fa-circle\"></i> <i class=\"fa fa-circle-o\"></i> </td><td align=\"right\"><i class=\"fa fa-circle-o\"></i> <i class=\"fa fa-circle-o\"></i> </tr></table>\n|uhtml|bestof|<h2><strong>Game 2</strong> of <a href=\"/game-bestof3-gen9championsvgc2026regmbbo3-2674765731\">a best-of-3</a></h2>\n|t:|1788402888\n|gametype|doubles\n|player|p1|meiko41|ingo|1233\n|player|p2|lexerthanatauros|lucas|1199\n|gen|9\n|tier|[Gen 9 Champions] VGC 2026 Reg M-B (Bo3)\n|rated|\n|rule|Species Clause: Limit one of each Pokémon\n|rule|Item Clause: Limit 1 of each item\n|clearpoke\n|poke|p1|Kingambit, L50, M|\n|poke|p1|Charizard, L50, F|\n|poke|p1|Aerodactyl, L50, F|\n|poke|p1|Farigiraf, L50, M|\n|poke|p1|Garchomp, L50, M|\n|poke|p1|Sylveon, L50, M|\n|poke|p2|Lucario, L50, M|\n|poke|p2|Gholdengo, L50|\n|poke|p2|Pelipper, L50, F|\n|poke|p2|Basculegion, L50, M|\n|poke|p2|Incineroar, L50, F|\n|poke|p2|Dragonite, L50, M|\n|teampreview|4\n|showteam|p1|Kingambit||FocusSash|Defiant|KowtowCleave,IronHead,SuckerPunch,LowKick|Adamant||M|||50|]Charizard||CharizarditeY|Blaze|HeatWave,SolarBeam,WeatherBall,Protect|Modest||F|||50|]Aerodactyl||Aerodactylite|Unnerve|RockSlide,DualWingbeat,IceFang,Tailwind|Jolly||F|||50|]Farigiraf||SitrusBerry|ArmorTail|Psychic,Thunderbolt,TrickRoom,Protect|Bold||M|||50|]Garchomp||LifeOrb|RoughSkin|Earthquake,DragonClaw,StompingTantrum,Protect|Jolly||M|||50|]Sylveon||FairyFeather|Pixilate|HyperVoice,HyperBeam,QuickAttack,Protect|Modest||M|||50|\n|showteam|p2|Lucario||Lucarionite|Steadfast|Copycat,CloseCombat,FlashCannon,Protect|Hasty||M|||50|]Gholdengo||ChoiceScarf|GoodasGold|MakeItRain,ShadowBall,PowerGem,Thunderbolt|Timid|||||50|]Pelipper||FocusSash|Drizzle|Tailwind,WeatherBall,Hurricane,Protect|Timid||F|||50|]Basculegion||MysticWater|SwiftSwim|WaveCrash,LastRespects,AquaJet,Protect|Adamant||M|||50|]Incineroar||SitrusBerry|Intimidate|FakeOut,FlareBlitz,ThroatChop,PartingShot|Careful||F|||50|]Dragonite||Dragoninite|Multiscale|Thunder,DracoMeteor,Hurricane,Roost|Timid||M|||50|\n|inactive|Battle timer is ON: inactive players will automatically lose when time's up. (requested by lexerthanatauros)\n|\n|t:|1788402901\n|teamsize|p1|4\n|teamsize|p2|4\n|start\n|switch|p1a: Kingambit|Kingambit, L50, M|100/100\n|switch|p1b: Aerodactyl|Aerodactyl, L50, F|100/100\n|switch|p2a: Dragonite|Dragonite, L50, M|100/100\n|switch|p2b: Pelipper|Pelipper, L50, F|100/100\n|-ability|p1b: Aerodactyl|Unnerve\n|-weather|RainDance|[from] ability: Drizzle|[of] p2b: Pelipper\n|turn|1\n|\n|t:|1788402919\n|detailschange|p1b: Aerodactyl|Aerodactyl-Mega, L50, F\n|-mega|p1b: Aerodactyl|Aerodactyl|Aerodactylite\n|detailschange|p2a: Dragonite|Dragonite-Mega, L50, M\n|-mega|p2a: Dragonite|Dragonite|Dragoninite\n|move|p2b: Pelipper|Protect|p2b: Pelipper\n|-singleturn|p2b: Pelipper|Protect\n|move|p1b: Aerodactyl|Tailwind|p1b: Aerodactyl\n|-sidestart|p1: meiko41|move: Tailwind\n|move|p1a: Kingambit|Kowtow Cleave|p2b: Pelipper\n|-activate|p2b: Pelipper|move: Protect\n|move|p2a: Dragonite|Thunder|p1b: Aerodactyl\n|-supereffective|p1b: Aerodactyl|1\n|-damage|p1b: Aerodactyl|17/100\n|\n|-weather|RainDance|[upkeep]\n|upkeep\n|turn|2\n|\n|t:|1788402940\n|move|p1b: Aerodactyl|Ice Fang|p2a: Dragonite|[miss]\n|-miss|p1b: Aerodactyl|p2a: Dragonite\n|move|p1a: Kingambit|Kowtow Cleave|p2b: Pelipper\n|-damage|p2b: Pelipper|35/100\n|move|p2a: Dragonite|Thunder|p1a: Kingambit\n|-damage|p1a: Kingambit|53/100\n|-status|p1a: Kingambit|par\n|move|p2b: Pelipper|Tailwind|p2b: Pelipper\n|-sidestart|p2: lexerthanatauros|move: Tailwind\n|\n|-weather|RainDance|[upkeep]\n|upkeep\n|turn|3\n|\n|t:|1788402955\n|move|p1a: Kingambit|Sucker Punch|p2b: Pelipper\n|-damage|p2b: Pelipper|0 fnt\n|faint|p2b: Pelipper\n|move|p1b: Aerodactyl|Ice Fang|p2a: Dragonite\n|-supereffective|p2a: Dragonite|2\n|-damage|p2a: Dragonite|51/100\n|move|p2a: Dragonite|Thunder|p1b: Aerodactyl\n|-supereffective|p1b: Aerodactyl|1\n|-damage|p1b: Aerodactyl|0 fnt\n|faint|p1b: Aerodactyl\n|\n|-weather|RainDance|[upkeep]\n|upkeep\n|\n|t:|1788402973\n|switch|p1b: Garchomp|Garchomp, L50, M|100/100\n|switch|p2b: Basculegion|Basculegion, L50, M|100/100\n|turn|4\n|\n|t:|1788402981\n|switch|p2a: Incineroar|Incineroar, L50, F|100/100\n|-ability|p2a: Incineroar|Intimidate|boost\n|-unboost|p1a: Kingambit|atk|1\n|-ability|p1a: Kingambit|Defiant|boost\n|-boost|p1a: Kingambit|atk|2\n|-unboost|p1b: Garchomp|atk|1\n|move|p2b: Basculegion|Aqua Jet|p1a: Kingambit\n|-damage|p1a: Kingambit|16/100 par\n|cant|p1a: Kingambit|par\n|move|p1b: Garchomp|Dragon Claw|p2a: Incineroar\n|-damage|p2a: Incineroar|71/100\n|-damage|p1b: Garchomp|90/100|[from] item: Life Orb\n|\n|-weather|RainDance|[upkeep]\n|-sideend|p1: meiko41|move: Tailwind\n|upkeep\n|turn|5\n|inactive|meiko41 has 30 seconds left.\n|inactive|meiko41 has 20 seconds left.\n|inactive|meiko41 has 15 seconds left.\n|\n|t:|1788403023\n|move|p1b: Garchomp|Protect|p1b: Garchomp\n|-singleturn|p1b: Garchomp|Protect\n|move|p2a: Incineroar|Fake Out|p1b: Garchomp\n|-activate|p1b: Garchomp|move: Protect\n|move|p2b: Basculegion|Aqua Jet|p1a: Kingambit\n|-damage|p1a: Kingambit|0 fnt\n|faint|p1a: Kingambit\n|\n|-weather|none\n|-sideend|p2: lexerthanatauros|move: Tailwind\n|upkeep\n|\n|t:|1788403032\n|switch|p1a: Sylveon|Sylveon, L50, M|100/100\n|turn|6\n|\n|t:|1788403041\n|switch|p2a: Dragonite|Dragonite-Mega, L50, M|51/100\n|move|p2b: Basculegion|Protect|p2b: Basculegion\n|-singleturn|p2b: Basculegion|Protect\n|move|p1a: Sylveon|Protect|p1a: Sylveon\n|-singleturn|p1a: Sylveon|Protect\n|move|p1b: Garchomp|Earthquake|p2b: Basculegion|[spread] \n|-activate|p1a: Sylveon|move: Protect\n|-activate|p2b: Basculegion|move: Protect\n|-immune|p2a: Dragonite\n|\n|upkeep\n|turn|7\n|\n|t:|1788403059\n|switch|p2b: Incineroar|Incineroar, L50, F|71/100\n|-ability|p2b: Incineroar|Intimidate|boost\n|-unboost|p1a: Sylveon|atk|1\n|-unboost|p1b: Garchomp|atk|1\n|move|p1b: Garchomp|Dragon Claw|p2b: Incineroar\n|-damage|p2b: Incineroar|50/100y\n|-enditem|p2b: Incineroar|Sitrus Berry|[eat]\n|-heal|p2b: Incineroar|74/100|[from] item: Sitrus Berry\n|-damage|p1b: Garchomp|80/100|[from] item: Life Orb\n|move|p2a: Dragonite|Hurricane|p1a: Sylveon\n|-damage|p1a: Sylveon|52/100\n|move|p1a: Sylveon|Hyper Voice|p2a: Dragonite|[spread] p2a,p2b\n|-supereffective|p2a: Dragonite|1\n|-damage|p2a: Dragonite|0 fnt\n|-damage|p2b: Incineroar|36/100\n|faint|p2a: Dragonite\n|\n|upkeep\n|\n|t:|1788403069\n|switch|p2a: Basculegion|Basculegion, L50, M|100/100\n|turn|8\n|\n|t:|1788403085\n|move|p1a: Sylveon|Protect|p1a: Sylveon\n|-singleturn|p1a: Sylveon|Protect\n|move|p1b: Garchomp|Stomping Tantrum|p2b: Incineroar\n|-supereffective|p2b: Incineroar|1\n|-damage|p2b: Incineroar|0 fnt\n|faint|p2b: Incineroar\n|-damage|p1b: Garchomp|70/100|[from] item: Life Orb\n|move|p2a: Basculegion|Last Respects|p1a: Sylveon\n|-activate|p1a: Sylveon|move: Protect\n|\n|upkeep\n|turn|9\n|\n|t:|1788403107\n|move|p1a: Sylveon|Quick Attack|p2a: Basculegion\n|-damage|p2a: Basculegion|87/100\n|move|p1b: Garchomp|Dragon Claw|p2a: Basculegion\n|-damage|p2a: Basculegion|52/100\n|-damage|p1b: Garchomp|61/100|[from] item: Life Orb\n|move|p2a: Basculegion|Last Respects|p1a: Sylveon\n|-damage|p1a: Sylveon|0 fnt\n|faint|p1a: Sylveon\n|\n|upkeep\n|turn|10\n|\n|t:|1788403118\n|move|p1b: Garchomp|Dragon Claw|p2a: Basculegion\n|-damage|p2a: Basculegion|14/100\n|-damage|p1b: Garchomp|51/100|[from] item: Life Orb\n|move|p2a: Basculegion|Last Respects|p1b: Garchomp\n|-damage|p1b: Garchomp|0 fnt\n|faint|p1b: Garchomp\n|\n|win|lexerthanatauros\n||lexerthanatauros is ready for game 3.\n||meiko41 is ready for game 3.\n|uhtml|next|Next: <a href=\"/battle-gen9championsvgc2026regmbbo3-2674767821\"><strong>Game 3 of 3</strong></a>\n|l|☆lexerthanatauros\n|player|p2|\n","uploadtime":1788403354,"views":"0","formatid":"gen9championsvgc2026regmbbo3","rating":null,"private":0,"password":null}