{"id":"gen9championsvgc2026regmbbo3-2674871667","format":"[Gen 9 Champions] VGC 2026 Reg M-B (Bo3)","players":["marcuszac","Jorge Saltamontes"],"log":"|j|☆marcuszac\n|j|☆Jorge Saltamontes\n|html|<table width=\"100%\"><tr><td align=\"left\">marcuszac</td><td align=\"right\">Jorge Saltamontes</tr><tr><td align=\"left\"><i class=\"fa fa-circle\"></i> <i class=\"fa fa-circle-o\"></i> </td><td align=\"right\"><i class=\"fa fa-circle-o\"></i> <i class=\"fa fa-circle\"></i> </tr></table>\n|uhtml|bestof|<h2><strong>Game 3</strong> of <a href=\"/game-bestof3-gen9championsvgc2026regmbbo3-2674869869\">a best-of-3</a></h2>\n|t:|1788425971\n|gametype|doubles\n|player|p1|marcuszac|169|1176\n|player|p2|Jorge Saltamontes|marshal|1468\n|gen|9\n|tier|[Gen 9 Champions] VGC 2026 Reg M-B (Bo3)\n|rated|\n|rule|Species Clause: Limit one of each Pokémon\n|rule|Item Clause: Limit 1 of each item\n|clearpoke\n|poke|p1|Charizard, L50, F|\n|poke|p1|Aerodactyl, L50, M|\n|poke|p1|Sylveon, L50, F|\n|poke|p1|Kingambit, L50, F|\n|poke|p1|Garchomp, L50, F|\n|poke|p1|Farigiraf, L50, M|\n|poke|p2|Charizard, L50, F|\n|poke|p2|Garchomp, L50, F|\n|poke|p2|Incineroar, L50, F|\n|poke|p2|Venusaur, L50, M|\n|poke|p2|Toxapex, L50, F|\n|poke|p2|Sylveon, L50, M|\n|teampreview|4\n|showteam|p1|Charizard||CharizarditeY|Blaze|HeatWave,WeatherBall,SolarBeam,Protect|Modest||F|||50|]Aerodactyl||Aerodactylite|Unnerve|Tailwind,RockSlide,IceFang,DualWingbeat|Jolly||M|||50|]Sylveon||FairyFeather|Pixilate|HyperVoice,HyperBeam,QuickAttack,Detect|Modest||F|||50|]Kingambit||FocusSash|Defiant|KowtowCleave,SuckerPunch,LowKick,IronHead|Adamant||F|||50|]Garchomp||SoftSand|RoughSkin|Earthquake,Protect,DragonClaw,StompingTantrum|Jolly||F|||50|]Farigiraf||SitrusBerry|ArmorTail|Psychic,Thunderbolt,Protect,TrickRoom|Relaxed||M|||50|\n|showteam|p2|Charizard||CharizarditeY|Blaze|WeatherBall,HeatWave,AncientPower,Protect|Modest||F|||50|]Garchomp||ChoiceScarf|RoughSkin|RockSlide,DragonClaw,Earthquake,StompingTantrum|Adamant||F|||50|]Incineroar||SitrusBerry|Intimidate|FlareBlitz,FakeOut,DarkestLariat,PartingShot|Impish||F|||50|]Venusaur||FocusSash|Chlorophyll|SludgeBomb,SleepPowder,EarthPower,Protect|Modest||M|||50|]Toxapex||Leftovers|Regenerator|Infestation,Toxic,WideGuard,BanefulBunker|Bold||F|||50|]Sylveon||FairyFeather|Pixilate|HyperVoice,QuickAttack,Yawn,Detect|Modest||M|||50|\n|inactive|Battle timer is ON: inactive players will automatically lose when time's up. (requested by Jorge Saltamontes)\n|\n|t:|1788426009\n|teamsize|p1|4\n|teamsize|p2|4\n|start\n|switch|p1a: Aerodactyl|Aerodactyl, L50, M|100/100\n|switch|p1b: Charizard|Charizard, L50, F|100/100\n|switch|p2a: Charizard|Charizard, L50, F|100/100\n|switch|p2b: Toxapex|Toxapex, L50, F|100/100\n|-ability|p1a: Aerodactyl|Unnerve\n|turn|1\n|inactive|marcuszac has 30 seconds left.\n|inactive|Jorge Saltamontes has 30 seconds left.\n|inactive|marcuszac has 20 seconds left.\n|inactive|Jorge Saltamontes has 20 seconds left.\n|inactive|marcuszac has 15 seconds left.\n|inactive|Jorge Saltamontes has 15 seconds left.\n|inactive|marcuszac has 10 seconds left.\n|\n|t:|1788426055\n|detailschange|p1a: Aerodactyl|Aerodactyl-Mega, L50, M\n|-mega|p1a: Aerodactyl|Aerodactyl|Aerodactylite\n|detailschange|p2a: Charizard|Charizard-Mega-Y, L50, F\n|-mega|p2a: Charizard|Charizard|Charizardite Y\n|-weather|SunnyDay|[from] ability: Drought|[of] p2a: Charizard\n|move|p2b: Toxapex|Wide Guard|p2b: Toxapex\n|-singleturn|p2b: Toxapex|Wide Guard\n|move|p1a: Aerodactyl|Dual Wingbeat|p2a: Charizard|[miss]\n|-miss|p1a: Aerodactyl|p2a: Charizard\n|move|p2a: Charizard|Ancient Power|p1b: Charizard\n|-supereffective|p1b: Charizard|2\n|-damage|p1b: Charizard|1/100\n|move|p1b: Charizard|Heat Wave|p2a: Charizard|[spread] \n|-activate|p2a: Charizard|move: Wide Guard\n|-activate|p2b: Toxapex|move: Wide Guard\n|\n|-weather|SunnyDay|[upkeep]\n|upkeep\n|turn|2\n|inactive|marcuszac has 30 seconds left.\n|\n|t:|1788426081\n|move|p2b: Toxapex|Wide Guard|p2b: Toxapex\n|-singleturn|p2b: Toxapex|Wide Guard\n|move|p1a: Aerodactyl|Tailwind|p1a: Aerodactyl\n|-sidestart|p1: marcuszac|move: Tailwind\n|move|p1b: Charizard|Weather Ball|p2b: Toxapex\n|-resisted|p2b: Toxapex|1\n|-damage|p2b: Toxapex|64/100\n|move|p2a: Charizard|Heat Wave|p1b: Charizard|[spread] p1a,p1b\n|-resisted|p1a: Aerodactyl|1\n|-resisted|p1b: Charizard|1\n|-damage|p1a: Aerodactyl|66/100\n|-damage|p1b: Charizard|0 fnt\n|faint|p1b: Charizard\n|\n|-weather|SunnyDay|[upkeep]\n|-heal|p2b: Toxapex|70/100|[from] item: Leftovers\n|upkeep\n|\n|t:|1788426097\n|switch|p1b: Garchomp|Garchomp, L50, F|100/100\n|turn|3\n|\n|t:|1788426117\n|switch|p2a: Incineroar|Incineroar, L50, F|100/100\n|-ability|p2a: Incineroar|Intimidate|boost\n|-unboost|p1a: Aerodactyl|atk|1\n|-unboost|p1b: Garchomp|atk|1\n|move|p1a: Aerodactyl|Dual Wingbeat|p2a: Incineroar\n|-damage|p2a: Incineroar|86/100\n|-damage|p2a: Incineroar|73/100\n|-hitcount|p2a: Incineroar|2\n|move|p1b: Garchomp|Earthquake|p2a: Incineroar|[spread] p2a,p2b\n|-immune|p1a: Aerodactyl\n|-supereffective|p2a: Incineroar|1\n|-supereffective|p2b: Toxapex|1\n|-damage|p2a: Incineroar|30/100\n|-damage|p2b: Toxapex|28/100\n|-enditem|p2a: Incineroar|Sitrus Berry|[eat]\n|-heal|p2a: Incineroar|55/100|[from] item: Sitrus Berry\n|move|p2b: Toxapex|Infestation|p1a: Aerodactyl\n|-resisted|p1a: Aerodactyl|1\n|-damage|p1a: Aerodactyl|64/100\n|-activate|p1a: Aerodactyl|move: Infestation|[of] p2b: Toxapex\n|\n|-weather|SunnyDay|[upkeep]\n|-heal|p2b: Toxapex|33/100|[from] item: Leftovers\n|-damage|p1a: Aerodactyl|52/100|[from] move: Infestation|[partiallytrapped]\n|upkeep\n|turn|4\n|inactive|marcuszac has 30 seconds left.\n|\n|t:|1788426144\n|move|p2a: Incineroar|Fake Out|p1b: Garchomp\n|-damage|p1b: Garchomp|89/100\n|-damage|p2a: Incineroar|42/100|[from] ability: Rough Skin|[of] p1b: Garchomp\n|move|p1a: Aerodactyl|Rock Slide|p2b: Toxapex|[spread] p2a,p2b\n|-supereffective|p2a: Incineroar|1\n|-damage|p2a: Incineroar|14/100\n|-damage|p2b: Toxapex|21/100\n|cant|p1b: Garchomp|flinch\n|move|p2b: Toxapex|Toxic|p1a: Aerodactyl\n|-status|p1a: Aerodactyl|tox\n|\n|-weather|SunnyDay|[upkeep]\n|-heal|p2b: Toxapex|27/100|[from] item: Leftovers\n|-damage|p1a: Aerodactyl|46/100 tox|[from] psn\n|-damage|p1a: Aerodactyl|33/100 tox|[from] move: Infestation|[partiallytrapped]\n|upkeep\n|turn|5\n|\n|t:|1788426161\n|-heal|p2b: Toxapex|60/100|[from] ability: Regenerator|[silent]\n|switch|p2b: Garchomp|Garchomp, L50, F|100/100\n|move|p1a: Aerodactyl|Rock Slide|p2b: Garchomp|[spread] p2a,p2b\n|-supereffective|p2a: Incineroar|1\n|-resisted|p2b: Garchomp|1\n|-damage|p2a: Incineroar|0 fnt\n|-damage|p2b: Garchomp|91/100\n|faint|p2a: Incineroar\n|move|p1b: Garchomp|Earthquake|p2b: Garchomp|[spread] p2b\n|-immune|p1a: Aerodactyl\n|-damage|p2b: Garchomp|61/100\n|\n|-weather|none\n|-damage|p1a: Aerodactyl|21/100 tox|[from] psn\n|-end|p1a: Aerodactyl|Infestation|[partiallytrapped]|[silent]\n|-sideend|p1: marcuszac|move: Tailwind\n|upkeep\n|\n|t:|1788426169\n|switch|p2a: Toxapex|Toxapex, L50, F|60/100\n|turn|6\n|\n|t:|1788426192\n|move|p1b: Garchomp|Protect|p1b: Garchomp\n|-singleturn|p1b: Garchomp|Protect\n|move|p2b: Garchomp|Dragon Claw|p1b: Garchomp\n|-activate|p1b: Garchomp|move: Protect\n|move|p1a: Aerodactyl|Ice Fang|p2b: Garchomp|[miss]\n|-miss|p1a: Aerodactyl|p2b: Garchomp\n|move|p2a: Toxapex|Infestation|p1a: Aerodactyl\n|-resisted|p1a: Aerodactyl|1\n|-damage|p1a: Aerodactyl|19/100 tox\n|-activate|p1a: Aerodactyl|move: Infestation|[of] p2a: Toxapex\n|\n|-heal|p2a: Toxapex|66/100|[from] item: Leftovers\n|-damage|p1a: Aerodactyl|1/100 tox|[from] psn\n|-damage|p1a: Aerodactyl|0 fnt|[from] move: Infestation|[partiallytrapped]\n|faint|p1a: Aerodactyl\n|upkeep\n|\n|t:|1788426207\n|switch|p1a: Sylveon|Sylveon, L50, F|100/100\n|turn|7\n|\n|t:|1788426218\n|move|p2b: Garchomp|Dragon Claw|p1b: Garchomp\n|-supereffective|p1b: Garchomp|1\n|-damage|p1b: Garchomp|0 fnt\n|-damage|p2b: Garchomp|49/100|[from] ability: Rough Skin|[of] p1b: Garchomp\n|faint|p1b: Garchomp\n|move|p1a: Sylveon|Hyper Voice|p2b: Garchomp|[spread] p2a,p2b\n|-resisted|p2a: Toxapex|1\n|-supereffective|p2b: Garchomp|1\n|-damage|p2a: Toxapex|48/100\n|-damage|p2b: Garchomp|0 fnt\n|faint|p2b: Garchomp\n|move|p2a: Toxapex|Toxic|p1a: Sylveon\n|-status|p1a: Sylveon|tox\n|\n|-heal|p2a: Toxapex|54/100|[from] item: Leftovers\n|-damage|p1a: Sylveon|93/100 tox|[from] psn\n|upkeep\n|\n|t:|1788426222\n|switch|p2b: Charizard|Charizard-Mega-Y, L50, F|100/100\n|-weather|SunnyDay|[from] ability: Drought|[of] p2b: Charizard\n|turn|8\n|\n|t:|1788426243\n|move|p2b: Charizard|Protect|p2b: Charizard\n|-singleturn|p2b: Charizard|Protect\n|move|p2a: Toxapex|Baneful Bunker|p2a: Toxapex\n|-singleturn|p2a: Toxapex|move: Protect\n|move|p1a: Sylveon|Hyper Voice|p2a: Toxapex|[spread] \n|-activate|p2a: Toxapex|move: Protect\n|-activate|p2b: Charizard|move: Protect\n|\n|-weather|SunnyDay|[upkeep]\n|-heal|p2a: Toxapex|59/100|[from] item: Leftovers\n|-damage|p1a: Sylveon|81/100 tox|[from] psn\n|upkeep\n|turn|9\n|\n|t:|1788426257\n|move|p2b: Charizard|Weather Ball|p1a: Sylveon\n|-damage|p1a: Sylveon|13/100 tox\n|move|p1a: Sylveon|Hyper Voice|p2b: Charizard|[spread] p2a,p2b\n|-resisted|p2a: Toxapex|1\n|-resisted|p2b: Charizard|1\n|-damage|p2a: Toxapex|43/100\n|-damage|p2b: Charizard|76/100\n|move|p2a: Toxapex|Infestation|p1a: Sylveon\n|-resisted|p1a: Sylveon|1\n|-damage|p1a: Sylveon|12/100 tox\n|-activate|p1a: Sylveon|move: Infestation|[of] p2a: Toxapex\n|\n|-weather|SunnyDay|[upkeep]\n|-heal|p2a: Toxapex|49/100|[from] item: Leftovers\n|-damage|p1a: Sylveon|0 fnt|[from] psn\n|faint|p1a: Sylveon\n|\n|win|Jorge Saltamontes\n","uploadtime":1788425976,"views":"1","formatid":"gen9championsvgc2026regmbbo3","rating":null,"private":0,"password":null}