{"id":"gen9championsvgc2026regmb-2674259648","format":"[Gen 9 Champions] VGC 2026 Reg M-B","players":["Uncleb0nes","Thornlace48812"],"log":"|j|☆Uncleb0nes\n|j|☆Thornlace48812\n|t:|1788325453\n|gametype|doubles\n|player|p1|Uncleb0nes|101|1147\n|player|p2|Thornlace48812|1|1087\n|gen|9\n|tier|[Gen 9 Champions] VGC 2026 Reg M-B\n|rated|\n|rule|Species Clause: Limit one of each Pokémon\n|rule|Item Clause: Limit 1 of each item\n|clearpoke\n|poke|p1|Runerigus, L50, M|\n|poke|p1|Sneasler, L50, M|\n|poke|p1|Metagross, L50|\n|poke|p1|Grimmsnarl, L50, M|\n|poke|p1|Sinistcha, L50|\n|poke|p1|Aerodactyl, L50, M|\n|poke|p2|Garchomp, L50, F|\n|poke|p2|Charizard, L50, F|\n|poke|p2|Whimsicott, L50, M|\n|poke|p2|Sylveon, L50, M|\n|poke|p2|Kingambit, L50, F|\n|poke|p2|Basculegion, L50, M|\n|teampreview|4\n|inactive|Battle timer is ON: inactive players will automatically lose when time's up. (requested by Thornlace48812)\nThornlace48812 rejected open team sheets.\n|inactive|Uncleb0nes has 60 seconds left.\n|\n|t:|1788325484\n|teamsize|p1|4\n|teamsize|p2|4\n|start\n|switch|p1a: Aerodactyl|Aerodactyl, L50, M|100/100\n|switch|p1b: Grimmsnarl|Grimmsnarl, L50, M|100/100\n|switch|p2a: Charizard|Charizard, L50, F|100/100\n|switch|p2b: Whimsicott|Whimsicott, L50, M|100/100\n|-ability|p1a: Aerodactyl|Unnerve\n|turn|1\n|inactive|Uncleb0nes has 30 seconds left.\n|inactive|Uncleb0nes has 20 seconds left.\n|inactive|Uncleb0nes has 15 seconds left.\n|\n|t:|1788325525\n|detailschange|p2a: Charizard|Charizard-Mega-Y, L50, F\n|-mega|p2a: Charizard|Charizard|Charizardite Y\n|-weather|SunnyDay|[from] ability: Drought|[of] p2a: Charizard\n|move|p1b: Grimmsnarl|Light Screen|p1b: Grimmsnarl\n|-sidestart|p1: Uncleb0nes|move: Light Screen\n|move|p1a: Aerodactyl|Rock Slide|p2b: Whimsicott|[spread] p2a,p2b\n|-supereffective|p2a: Charizard|2\n|-damage|p2a: Charizard|0 fnt\n|-damage|p2b: Whimsicott|62/100\n|faint|p2a: Charizard\n|move|p2b: Whimsicott|Moonblast|p1a: Aerodactyl\n|-damage|p1a: Aerodactyl|68/100\n|\n|-weather|SunnyDay|[upkeep]\n|upkeep\n|\n|t:|1788325527\n|switch|p2a: Basculegion|Basculegion, L50, M|100/100\n|turn|2\n|inactive|Uncleb0nes has 30 seconds left.\n|\n|t:|1788325561\n|move|p1a: Aerodactyl|Protect|p1a: Aerodactyl\n|-singleturn|p1a: Aerodactyl|Protect\n|move|p2b: Whimsicott|Tailwind|p2b: Whimsicott\n|-sidestart|p2: Thornlace48812|move: Tailwind\n|move|p1b: Grimmsnarl|Parting Shot|p2a: Basculegion\n|-unboost|p2a: Basculegion|atk|1\n|-unboost|p2a: Basculegion|spa|1\n|\n|t:|1788325569\n|switch|p1b: Metagross|Metagross, L50|100/100|[from] Parting Shot\n|move|p2a: Basculegion|Last Respects|p1a: Aerodactyl\n|-activate|p1a: Aerodactyl|move: Protect\n|\n|-weather|SunnyDay|[upkeep]\n|upkeep\n|turn|3\n|inactive|Uncleb0nes has 30 seconds left.\n|inactive|Uncleb0nes has 20 seconds left.\n|inactive|Uncleb0nes has 15 seconds left.\n|\n|t:|1788325610\n|detailschange|p1b: Metagross|Metagross-Mega, L50\n|-mega|p1b: Metagross|Metagross|Metagrossite\n|move|p1b: Metagross|Bullet Punch|p2b: Whimsicott\n|-supereffective|p2b: Whimsicott|1\n|-crit|p2b: Whimsicott\n|-damage|p2b: Whimsicott|0 fnt\n|faint|p2b: Whimsicott\n|move|p2a: Basculegion|Last Respects|p1a: Aerodactyl\n|-damage|p1a: Aerodactyl|0 fnt\n|faint|p1a: Aerodactyl\n|\n|-weather|SunnyDay|[upkeep]\n|upkeep\n|\n|t:|1788325623\n|switch|p1a: Sneasler|Sneasler, L50, M|100/100\n|switch|p2b: Kingambit|Kingambit, L50, F|100/100\n|-activate|p2b: Kingambit|ability: Supreme Overlord\n|-start|p2b: Kingambit|fallen2|[silent]\n|turn|4\n|\n|t:|1788325639\n|move|p1a: Sneasler|Fake Out|p2b: Kingambit\n|-resisted|p2b: Kingambit|1\n|-damage|p2b: Kingambit|93/100\n|move|p2a: Basculegion|Last Respects|p1b: Metagross\n|-supereffective|p1b: Metagross|1\n|-damage|p1b: Metagross|0 fnt\n|faint|p1b: Metagross\n|cant|p2b: Kingambit|flinch\n|\n|-weather|SunnyDay|[upkeep]\n|upkeep\n|\n|t:|1788325650\n|switch|p1b: Grimmsnarl|Grimmsnarl, L50, M|100/100\n|turn|5\n|\n|t:|1788325660\n|move|p1b: Grimmsnarl|Reflect|p1b: Grimmsnarl\n|-sidestart|p1: Uncleb0nes|Reflect\n|move|p2a: Basculegion|Wave Crash|p1a: Sneasler\n|-damage|p1a: Sneasler|64/100\n|-damage|p2a: Basculegion|91/100|[from] Recoil\n|move|p2b: Kingambit|Kowtow Cleave|p1a: Sneasler\n|-resisted|p1a: Sneasler|1\n|-damage|p1a: Sneasler|25/100\n|move|p1a: Sneasler|Close Combat|p2b: Kingambit\n|-supereffective|p2b: Kingambit|2\n|-damage|p2b: Kingambit|0 fnt\n|-unboost|p1a: Sneasler|def|1\n|-unboost|p1a: Sneasler|spd|1\n|faint|p2b: Kingambit\n|-end|p2b: Kingambit|fallen2|[silent]\n|-enditem|p1a: Sneasler|White Herb\n|-clearnegativeboost|p1a: Sneasler|[silent]\n|\n|-weather|none\n|-sideend|p2: Thornlace48812|move: Tailwind\n|upkeep\n|turn|6\n|inactive|Uncleb0nes has 30 seconds left.\n|\n|t:|1788325687\n|move|p1a: Sneasler|Dire Claw|p2a: Basculegion\n|-resisted|p2a: Basculegion|1\n|-damage|p2a: Basculegion|66/100\n|move|p2a: Basculegion|Last Respects|p1a: Sneasler\n|-damage|p1a: Sneasler|0 fnt\n|faint|p1a: Sneasler\n|move|p1b: Grimmsnarl|Spirit Break|p2a: Basculegion\n|-crit|p2a: Basculegion\n|-damage|p2a: Basculegion|13/100\n|-unboost|p2a: Basculegion|spa|1\n|\n|upkeep\n|turn|7\n|\n|t:|1788325703\n|move|p2a: Basculegion|Last Respects|p1b: Grimmsnarl\n|-resisted|p1b: Grimmsnarl|1\n|-damage|p1b: Grimmsnarl|70/100\n|move|p1b: Grimmsnarl|Spirit Break|p2a: Basculegion\n|-damage|p2a: Basculegion|0 fnt\n|faint|p2a: Basculegion\n|\n|win|Uncleb0nes\n|raw|Uncleb0nes's rating: 1147 &rarr; <strong>1165</strong><br />(+18 for winning)\n|raw|Thornlace48812's rating: 1044 &rarr; <strong>1032</strong><br />(-12 for losing)\n","uploadtime":1788325703,"views":"4","formatid":"gen9championsvgc2026regmb","rating":1032,"private":0,"password":null}