{"id":"gen9championsvgc2026regmb-2674359490","format":"[Gen 9 Champions] VGC 2026 Reg M-B","players":["ssurpsm","Camy_Kaiser"],"log":"|j|☆ssurpsm\n|j|☆Camy_Kaiser\n|t:|1788348501\n|gametype|doubles\n|player|p1|ssurpsm|lucian|1040\n|player|p2|Camy_Kaiser|102|1090\n|gen|9\n|tier|[Gen 9 Champions] VGC 2026 Reg M-B\n|rated|\n|rule|Species Clause: Limit one of each Pokémon\n|rule|Item Clause: Limit 1 of each item\n|clearpoke\n|poke|p1|Volcarona, L50, M|\n|poke|p1|Aerodactyl, L50, F|\n|poke|p1|Gardevoir, L50, M|\n|poke|p1|Garchomp, L50, F|\n|poke|p1|Basculegion, L50, M|\n|poke|p1|Venusaur, L50, M|\n|poke|p2|Tyranitar, L50, F|\n|poke|p2|Excadrill, L50, F|\n|poke|p2|Gholdengo, L50|\n|poke|p2|Tinkaton, L50, F, shiny|\n|poke|p2|Scovillain, L50, F|\n|poke|p2|Kommo-o, L50, M|\n|teampreview|4\n|\n|t:|1788348547\n|teamsize|p1|4\n|teamsize|p2|4\n|start\n|switch|p1a: Garchomp|Garchomp, L50, F|100/100\n|switch|p1b: Volcarona|Volcarona, L50, M|100/100\n|switch|p2a: Neru|Gholdengo, L50|100/100\n|switch|p2b: Tinkaiser|Tinkaton, L50, F, shiny|100/100\n|-ability|p2b: Tinkaiser|Mold Breaker\n|turn|1\n|\n|t:|1788348566\n|move|p2b: Tinkaiser|Fake Out|p1b: Volcarona\n|-damage|p1b: Volcarona|91/100\n|-status|p2b: Tinkaiser|brn|[from] ability: Flame Body|[of] p1b: Volcarona\n|move|p1a: Garchomp|Stomping Tantrum|p2a: Neru\n|-supereffective|p2a: Neru|1\n|-damage|p2a: Neru|0 fnt\n|faint|p2a: Neru\n|cant|p1b: Volcarona|flinch\n|\n|-damage|p2b: Tinkaiser|93/100 brn|[from] brn\n|upkeep\n|\n|t:|1788348579\n|switch|p2a: Miku|Tyranitar, L50, F|100/100\n|-weather|Sandstorm|[from] ability: Sand Stream|[of] p2a: Miku\n|turn|2\n|\n|t:|1788348597\n|move|p1a: Garchomp|Stomping Tantrum|p2a: Miku\n|-supereffective|p2a: Miku|1\n|-damage|p2a: Miku|24/100\n|move|p2b: Tinkaiser|Play Rough|p1a: Garchomp\n|-supereffective|p1a: Garchomp|1\n|-damage|p1a: Garchomp|70/100\n|-unboost|p1a: Garchomp|atk|1\n|-damage|p2b: Tinkaiser|81/100 brn|[from] ability: Rough Skin|[of] p1a: Garchomp\n|move|p1b: Volcarona|Heat Wave|p2a: Miku|[spread] p2a,p2b\n|-resisted|p2a: Miku|1\n|-supereffective|p2b: Tinkaiser|1\n|-damage|p2a: Miku|15/100\n|-damage|p2b: Tinkaiser|20/100y brn\n|-enditem|p2b: Tinkaiser|Sitrus Berry|[eat]\n|-heal|p2b: Tinkaiser|45/100 brn|[from] item: Sitrus Berry\n|move|p2a: Miku|Rock Slide|p1a: Garchomp|[spread] p1a,p1b\n|-resisted|p1a: Garchomp|1\n|-supereffective|p1b: Volcarona|2\n|-damage|p1a: Garchomp|55/100\n|-damage|p1b: Volcarona|0 fnt\n|faint|p1b: Volcarona\n|\n|-weather|Sandstorm|[upkeep]\n|-damage|p2b: Tinkaiser|39/100 brn|[from] brn\n|upkeep\n|\n|t:|1788348610\n|switch|p1b: Gardevoir|Gardevoir, L50, M|100/100\n|turn|3\n|\n|t:|1788348623\n|detailschange|p1b: Gardevoir|Gardevoir-Mega, L50, M\n|-mega|p1b: Gardevoir|Gardevoir|Gardevoirite\n|move|p2a: Miku|Protect|p2a: Miku\n|-singleturn|p2a: Miku|Protect\n|move|p1a: Garchomp|Stomping Tantrum|p2b: Tinkaiser\n|-supereffective|p2b: Tinkaiser|1\n|-damage|p2b: Tinkaiser|0 fnt\n|faint|p2b: Tinkaiser\n|move|p1b: Gardevoir|Hyper Voice|p2a: Miku\n|-activate|p2a: Miku|move: Protect\n|\n|-weather|Sandstorm|[upkeep]\n|-damage|p1b: Gardevoir|94/100|[from] Sandstorm\n|upkeep\n|\n|t:|1788348635\n|switch|p2b: Teto|Excadrill, L50, F|100/100\n|turn|4\n|\n|t:|1788348666\n|switch|p1a: Aerodactyl|Aerodactyl, L50, F|100/100\n|move|p1b: Gardevoir|Protect|p1b: Gardevoir\n|-singleturn|p1b: Gardevoir|Protect\n|move|p2b: Teto|High Horsepower|p1a: Aerodactyl\n|-immune|p1a: Aerodactyl\n|move|p2a: Miku|Rock Slide|p1a: Aerodactyl|[spread] p1a\n|-activate|p1b: Gardevoir|move: Protect\n|-supereffective|p1a: Aerodactyl|1\n|-enditem|p1a: Aerodactyl|Focus Sash\n|-damage|p1a: Aerodactyl|1/100\n|\n|-weather|Sandstorm|[upkeep]\n|-damage|p1b: Gardevoir|88/100|[from] Sandstorm\n|upkeep\n|turn|5\n|\n|t:|1788348694\n|switch|p1b: Garchomp|Garchomp, L50, F|55/100\n|move|p2a: Miku|Protect|p2a: Miku\n|-singleturn|p2a: Miku|Protect\n|move|p2b: Teto|Rock Slide|p1a: Aerodactyl|[spread] p1a\n|-miss|p2b: Teto|p1b: Garchomp\n|-supereffective|p1a: Aerodactyl|1\n|-crit|p1a: Aerodactyl\n|-damage|p1a: Aerodactyl|0 fnt\n|faint|p1a: Aerodactyl\n|\n|-weather|Sandstorm|[upkeep]\n|upkeep\n|\n|t:|1788348696\n|switch|p1a: Gardevoir|Gardevoir-Mega, L50, M|88/100\n|turn|6\n|\n|t:|1788348723\n|move|p1a: Gardevoir|Protect|p1a: Gardevoir\n|-singleturn|p1a: Gardevoir|Protect\n|move|p2b: Teto|High Horsepower|p1b: Garchomp\n|-damage|p1b: Garchomp|1/100\n|-damage|p2b: Teto|87/100|[from] ability: Rough Skin|[of] p1b: Garchomp\n|move|p1b: Garchomp|Earthquake|p2a: Miku|[spread] p2a,p2b\n|-activate|p1a: Gardevoir|move: Protect\n|-supereffective|p2a: Miku|1\n|-supereffective|p2b: Teto|1\n|-damage|p2a: Miku|0 fnt\n|-damage|p2b: Teto|0 fnt\n|faint|p2a: Miku\n|faint|p2b: Teto\n|\n|win|ssurpsm\n|raw|ssurpsm's rating: 1040 &rarr; <strong>1079</strong><br />(+39 for winning)\n|raw|Camy_Kaiser's rating: 1090 &rarr; <strong>1063</strong><br />(-27 for losing)\n|c|☆Camy_Kaiser|gg\n|l|☆Camy_Kaiser\n|player|p2|\n","uploadtime":1788348853,"views":"20","formatid":"gen9championsvgc2026regmb","rating":1063,"private":0,"password":null}