{"id":"gen9championsvgc2026regmb-2674637786","format":"[Gen 9 Champions] VGC 2026 Reg M-B","players":["vergxxx","BlueJello44"],"log":"|j|☆vergxxx\n|j|☆BlueJello44\n|t:|1788383435\n|gametype|doubles\n|player|p1|vergxxx|koga|1104\n|player|p2|BlueJello44|170|1136\n|gen|9\n|tier|[Gen 9 Champions] VGC 2026 Reg M-B\n|rated|\n|rule|Species Clause: Limit one of each Pokémon\n|rule|Item Clause: Limit 1 of each item\n|clearpoke\n|poke|p1|Dragalge, L50, F, shiny|\n|poke|p1|Toxapex, L50, F|\n|poke|p1|Overqwil, L50, M, shiny|\n|poke|p1|Typhlosion-Hisui, L50, M|\n|poke|p1|Salazzle, L50, F, shiny|\n|poke|p1|Glimmora, L50, M, shiny|\n|poke|p2|Tyranitar, L50, M|\n|poke|p2|Excadrill, L50, M|\n|poke|p2|Milotic, L50, M|\n|poke|p2|Sinistcha, L50|\n|poke|p2|Staraptor, L50, M|\n|poke|p2|Gholdengo, L50|\n|teampreview|4\n|\n|t:|1788383450\n|teamsize|p1|4\n|teamsize|p2|4\n|start\n|switch|p1a: Dragalge|Dragalge, L50, F, shiny|100/100\n|switch|p1b: Salazzle|Salazzle, L50, F, shiny|100/100\n|switch|p2a: Tyranitar|Tyranitar, L50, M|100/100\n|switch|p2b: Excadrill|Excadrill, L50, M|100/100\n|-weather|Sandstorm|[from] ability: Sand Stream|[of] p2a: Tyranitar\n|turn|1\n|\n|t:|1788383481\n|detailschange|p2a: Tyranitar|Tyranitar-Mega, L50, M\n|-mega|p2a: Tyranitar|Tyranitar|Tyranitarite\n|detailschange|p1a: Dragalge|Dragalge-Mega, L50, F, shiny\n|-mega|p1a: Dragalge|Dragalge|Dragalgite\n|move|p2b: Excadrill|Protect|p2b: Excadrill\n|-singleturn|p2b: Excadrill|Protect\n|move|p1b: Salazzle|Overheat|p2b: Excadrill\n|-activate|p2b: Excadrill|move: Protect\n|move|p2a: Tyranitar|High Horsepower|p1b: Salazzle\n|-supereffective|p1b: Salazzle|2\n|-enditem|p1b: Salazzle|Focus Sash\n|-damage|p1b: Salazzle|1/100\n|move|p1a: Dragalge|Toxic|p2a: Tyranitar\n|-status|p2a: Tyranitar|tox\n|\n|-weather|Sandstorm|[upkeep]\n|-damage|p1b: Salazzle|0 fnt|[from] Sandstorm\n|-damage|p1a: Dragalge|94/100|[from] Sandstorm\n|faint|p1b: Salazzle\n|-damage|p2a: Tyranitar|93/100 tox|[from] psn\n|upkeep\n|\n|t:|1788383499\n|switch|p1b: Toxapex|Toxapex, L50, F|100/100\n|turn|2\n|\n|t:|1788383515\n|move|p2b: Excadrill|Protect|p2b: Excadrill\n|-singleturn|p2b: Excadrill|Protect\n|move|p2a: Tyranitar|Protect|p2a: Tyranitar\n|-singleturn|p2a: Tyranitar|Protect\n|move|p1a: Dragalge|Venoshock|p2a: Tyranitar\n|-activate|p2a: Tyranitar|move: Protect\n|move|p1b: Toxapex|Liquidation|p2a: Tyranitar\n|-activate|p2a: Tyranitar|move: Protect\n|\n|-weather|Sandstorm|[upkeep]\n|-damage|p1a: Dragalge|88/100|[from] Sandstorm\n|-damage|p1b: Toxapex|94/100|[from] Sandstorm\n|-damage|p2a: Tyranitar|81/100 tox|[from] psn\n|upkeep\n|turn|3\n|\n|t:|1788383542\n|switch|p2a: Sinistcha|Sinistcha, L50|100/100\n|move|p1a: Dragalge|Protect|p1a: Dragalge\n|-singleturn|p1a: Dragalge|Protect\n|move|p2b: Excadrill|Earthquake|p1a: Dragalge|[spread] p2a,p1b\n|-activate|p1a: Dragalge|move: Protect\n|-resisted|p2a: Sinistcha|1\n|-supereffective|p1b: Toxapex|1\n|-damage|p2a: Sinistcha|81/100\n|-damage|p1b: Toxapex|24/100\n|-enditem|p1b: Toxapex|Sitrus Berry|[eat]\n|-heal|p1b: Toxapex|49/100|[from] item: Sitrus Berry\n|move|p1b: Toxapex|Liquidation|p2a: Sinistcha\n|-resisted|p2a: Sinistcha|1\n|-damage|p2a: Sinistcha|69/100\n|-unboost|p2a: Sinistcha|def|1\n|\n|-weather|Sandstorm|[upkeep]\n|-damage|p2a: Sinistcha|64/100|[from] Sandstorm\n|-damage|p1a: Dragalge|82/100|[from] Sandstorm\n|-damage|p1b: Toxapex|43/100|[from] Sandstorm\n|upkeep\n|turn|4\n|\n|t:|1788383580\n|move|p2b: Excadrill|Protect|p2b: Excadrill\n|-singleturn|p2b: Excadrill|Protect\n|move|p2a: Sinistcha|Rage Powder|p2a: Sinistcha\n|-singleturn|p2a: Sinistcha|move: Rage Powder\n|move|p1a: Dragalge|Dragon Pulse|p2a: Sinistcha\n|-damage|p2a: Sinistcha|12/100\n|move|p1b: Toxapex|Gunk Shot|p2a: Sinistcha\n|-damage|p2a: Sinistcha|0 fnt\n|faint|p2a: Sinistcha\n|\n|-weather|Sandstorm|[upkeep]\n|-damage|p1a: Dragalge|76/100|[from] Sandstorm\n|-damage|p1b: Toxapex|37/100|[from] Sandstorm\n|upkeep\n|\n|t:|1788383585\n|switch|p2a: Gholdengo|Gholdengo, L50|100/100\n|turn|5\n|\n|t:|1788383606\n|move|p1b: Toxapex|Baneful Bunker|p1b: Toxapex\n|-singleturn|p1b: Toxapex|move: Protect\n|move|p2b: Excadrill|Rock Slide|p1a: Dragalge|[spread] \n|-activate|p1b: Toxapex|move: Protect\n|-miss|p2b: Excadrill|p1a: Dragalge\n|move|p2a: Gholdengo|Nasty Plot|p2a: Gholdengo\n|-boost|p2a: Gholdengo|spa|2\n|move|p1a: Dragalge|Dragon Pulse|p2b: Excadrill\n|-resisted|p2b: Excadrill|1\n|-crit|p2b: Excadrill\n|-damage|p2b: Excadrill|51/100\n|\n|-weather|none\n|upkeep\n|turn|6\n|\n|t:|1788383636\n|move|p2a: Gholdengo|Protect|p2a: Gholdengo\n|-singleturn|p2a: Gholdengo|Protect\n|move|p1a: Dragalge|Protect|p1a: Dragalge\n|-singleturn|p1a: Dragalge|Protect\n|move|p2b: Excadrill|Earthquake|p1b: Toxapex|[spread] p1b\n|-activate|p2a: Gholdengo|move: Protect\n|-activate|p1a: Dragalge|move: Protect\n|-supereffective|p1b: Toxapex|1\n|-damage|p1b: Toxapex|0 fnt\n|faint|p1b: Toxapex\n|\n|upkeep\n|\n|t:|1788383655\n|switch|p1b: Overqwil|Overqwil, L50, M, shiny|100/100\n|-ability|p1b: Overqwil|Intimidate|boost\n|-unboost|p2a: Gholdengo|atk|1\n|-unboost|p2b: Excadrill|atk|1\n|turn|7\n|\n|t:|1788383673\n|move|p1b: Overqwil|Throat Chop|p2a: Gholdengo\n|-supereffective|p2a: Gholdengo|1\n|-damage|p2a: Gholdengo|20/100y\n|-start|p2a: Gholdengo|Throat Chop|[silent]\n|move|p2b: Excadrill|Rock Slide|p1a: Dragalge|[spread] p1a,p1b\n|-damage|p1a: Dragalge|61/100\n|-damage|p1b: Overqwil|83/100\n|move|p2a: Gholdengo|Make It Rain|p1b: Overqwil|[spread] p1a,p1b\n|-damage|p1a: Dragalge|0 fnt\n|-damage|p1b: Overqwil|0 fnt\n|-unboost|p2a: Gholdengo|spa|2\n|faint|p1a: Dragalge\n|faint|p1b: Overqwil\n|-damage|p2a: Gholdengo|11/100|[from] item: Life Orb\n|\n|win|BlueJello44\n|raw|vergxxx's rating: 1104 &rarr; <strong>1081</strong><br />(-23 for losing)\n|raw|BlueJello44's rating: 1136 &rarr; <strong>1159</strong><br />(+23 for winning)\n|l|☆vergxxx\n|player|p1|\n","uploadtime":1788383688,"views":"5","formatid":"gen9championsvgc2026regmb","rating":1081,"private":0,"password":null}