{"id":"gen9championsvgc2026regmbbo3-2674323689","format":"[Gen 9 Champions] VGC 2026 Reg M-B (Bo3)","players":["Javichicaino","DINOLONK"],"log":"|j|☆Javichicaino\n|j|☆DINOLONK\n|html|<table width=\"100%\"><tr><td align=\"left\">Javichicaino</td><td align=\"right\">DINOLONK</tr><tr><td align=\"left\"><i class=\"fa fa-circle-o\"></i> <i class=\"fa fa-circle-o\"></i> </td><td align=\"right\"><i class=\"fa fa-circle-o\"></i> <i class=\"fa fa-circle-o\"></i> </tr></table>\n|uhtml|bestof|<h2><strong>Game 1</strong> of <a href=\"/game-bestof3-gen9championsvgc2026regmbbo3-2674323687\">a best-of-3</a></h2>\n|t:|1788340954\n|gametype|doubles\n|player|p1|Javichicaino|169|1265\n|player|p2|DINOLONK|parasollady-gen4|1362\n|gen|9\n|tier|[Gen 9 Champions] VGC 2026 Reg M-B (Bo3)\n|rated|\n|rule|Species Clause: Limit one of each Pokémon\n|rule|Item Clause: Limit 1 of each item\n|clearpoke\n|poke|p1|Charizard, L50, M|\n|poke|p1|Swampert, L50, M|\n|poke|p1|Venusaur, L50, M|\n|poke|p1|Pelipper, L50, M|\n|poke|p1|Archaludon, L50, F|\n|poke|p1|Grimmsnarl, L50, M|\n|poke|p2|Dragonite, L50, M|\n|poke|p2|Sneasler, L50, M|\n|poke|p2|Kingambit, L50, F|\n|poke|p2|Basculegion, L50, M|\n|poke|p2|Whimsicott, L50, M|\n|poke|p2|Floette-Eternal, L50, F|\n|teampreview|4\n|showteam|p1|Charizard||CharizarditeY|Blaze|HeatWave,WeatherBall,SolarBeam,Protect|Modest||M|||50|]Swampert||Swampertite|Torrent|WaveCrash,Earthquake,IcePunch,Protect|Adamant||M|||50|]Venusaur||LifeOrb|Chlorophyll|SludgeBomb,EarthPower,SleepPowder,Protect|Modest||M|||50|]Pelipper||SitrusBerry|Drizzle|Tailwind,WeatherBall,Hurricane,WideGuard|Modest||M|||50|]Archaludon||Leftovers|Stamina|ElectroShot,DragonPulse,FlashCannon,Protect|Modest||F|||50|]Grimmsnarl||LightClay|Prankster|Reflect,LightScreen,PartingShot,SpiritBreak|Careful||M|||50|\n|showteam|p2|Dragonite||Dragoninite|InnerFocus|DragonPulse,HeatWave,Thunderbolt,Protect|Modest||M|||50|]Sneasler||WhiteHerb|Unburden|DireClaw,CloseCombat,RockSlide,FakeOut|Jolly||M|||50|]Kingambit||ChopleBerry|Defiant|KowtowCleave,SuckerPunch,LowKick,IronHead|Adamant||F|||50|]Basculegion||LifeOrb|Adaptability|WaveCrash,LastRespects,AquaJet,Protect|Adamant||M|||50|]Whimsicott||FocusSash|Prankster|Moonblast,Tailwind,Encore,Protect|Timid||M|||50|]Floette-Eternal||Floettite|FlowerVeil|Moonblast,DazzlingGleam,LightofRuin,Protect|Timid||F|||50|\n|inactive|Battle timer is ON: inactive players will automatically lose when time's up. (requested by DINOLONK)\n|inactive|Javichicaino has 60 seconds left.\n|\n|t:|1788341012\n|teamsize|p1|4\n|teamsize|p2|4\n|start\n|switch|p1a: Grimmsnarl|Grimmsnarl, L50, M|100/100\n|switch|p1b: Swampert|Swampert, L50, M|100/100\n|switch|p2a: Dragonite|Dragonite, L50, M|100/100\n|switch|p2b: Sneasler|Sneasler, L50, M|100/100\n|turn|1\n|\n|t:|1788341032\n|detailschange|p2a: Dragonite|Dragonite-Mega, L50, M\n|-mega|p2a: Dragonite|Dragonite|Dragoninite\n|detailschange|p1b: Swampert|Swampert-Mega, L50, M\n|-mega|p1b: Swampert|Swampert|Swampertite\n|move|p1b: Swampert|Protect|p1b: Swampert\n|-singleturn|p1b: Swampert|Protect\n|move|p2b: Sneasler|Fake Out|p1b: Swampert\n|-activate|p1b: Swampert|move: Protect\n|move|p1a: Grimmsnarl|Reflect|p1a: Grimmsnarl\n|-sidestart|p1: Javichicaino|Reflect\n|move|p2a: Dragonite|Dragon Pulse|p1b: Swampert\n|-activate|p1b: Swampert|move: Protect\n|\n|upkeep\n|turn|2\n|inactive|Javichicaino has 30 seconds left.\n|\n|t:|1788341060\n|move|p1a: Grimmsnarl|Light Screen|p1a: Grimmsnarl\n|-sidestart|p1: Javichicaino|move: Light Screen\n|move|p2b: Sneasler|Dire Claw|p1a: Grimmsnarl\n|-supereffective|p1a: Grimmsnarl|1\n|-damage|p1a: Grimmsnarl|34/100\n|-status|p1a: Grimmsnarl|par\n|move|p2a: Dragonite|Dragon Pulse|p1b: Swampert\n|-damage|p1b: Swampert|66/100\n|move|p1b: Swampert|Wave Crash|p2b: Sneasler\n|-crit|p2b: Sneasler\n|-damage|p2b: Sneasler|0 fnt\n|faint|p2b: Sneasler\n|-damage|p1b: Swampert|36/100|[from] Recoil\n|\n|upkeep\n|\n|t:|1788341073\n|switch|p2b: Kingambit|Kingambit, L50, F|100/100\n|turn|3\n|\n|t:|1788341088\n|move|p2b: Kingambit|Sucker Punch|p1b: Swampert\n|-crit|p1b: Swampert\n|-damage|p1b: Swampert|0 fnt\n|faint|p1b: Swampert\n|move|p1a: Grimmsnarl|Parting Shot|p2a: Dragonite\n|-unboost|p2a: Dragonite|atk|1\n|-unboost|p2a: Dragonite|spa|1\n|\n|t:|1788341097\n|switch|p1a: Venusaur|Venusaur, L50, M|100/100|[from] Parting Shot\n|move|p2a: Dragonite|Thunderbolt|p1a: Venusaur\n|-resisted|p1a: Venusaur|1\n|-damage|p1a: Venusaur|90/100\n|-status|p1a: Venusaur|par\n|\n|upkeep\n|\n|t:|1788341109\n|switch|p1b: Grimmsnarl|Grimmsnarl, L50, M|34/100 par\n|turn|4\n|\n|t:|1788341123\n|move|p2a: Dragonite|Heat Wave|p1b: Grimmsnarl|[spread] p1a,p1b\n|-supereffective|p1a: Venusaur|1\n|-damage|p1a: Venusaur|57/100 par\n|-damage|p1b: Grimmsnarl|24/100 par\n|move|p2b: Kingambit|Low Kick|p1b: Grimmsnarl\n|-damage|p1b: Grimmsnarl|2/100 par\n|move|p1a: Venusaur|Earth Power|p2b: Kingambit\n|-supereffective|p2b: Kingambit|1\n|-damage|p2b: Kingambit|27/100\n|-damage|p1a: Venusaur|47/100 par|[from] item: Life Orb\n|move|p1b: Grimmsnarl|Spirit Break|p2a: Dragonite\n|-supereffective|p2a: Dragonite|1\n|-damage|p2a: Dragonite|72/100\n|-unboost|p2a: Dragonite|spa|1\n|\n|upkeep\n|turn|5\n|\n|t:|1788341145\n|move|p2a: Dragonite|Heat Wave|p1b: Grimmsnarl|[spread] p1a,p1b\n|-supereffective|p1a: Venusaur|1\n|-damage|p1a: Venusaur|24/100 par\n|-damage|p1b: Grimmsnarl|0 fnt\n|faint|p1b: Grimmsnarl\n|move|p2b: Kingambit|Kowtow Cleave|p1a: Venusaur\n|-damage|p1a: Venusaur|0 fnt\n|faint|p1a: Venusaur\n|\n|upkeep\n|\n|t:|1788341153\n|switch|p1a: Charizard|Charizard, L50, M|100/100\n|turn|6\n|\n|t:|1788341159\n|move|p2b: Kingambit|Sucker Punch|p1a: Charizard\n|-damage|p1a: Charizard|72/100\n|move|p2a: Dragonite|Thunderbolt|p1a: Charizard\n|-supereffective|p1a: Charizard|1\n|-damage|p1a: Charizard|44/100\n|move|p1a: Charizard|Heat Wave|p2b: Kingambit|[spread] p2a,p2b\n|-resisted|p2a: Dragonite|1\n|-supereffective|p2b: Kingambit|1\n|-damage|p2a: Dragonite|59/100\n|-damage|p2b: Kingambit|0 fnt\n|faint|p2b: Kingambit\n|\n|upkeep\n|\n|t:|1788341161\n|switch|p2b: Basculegion|Basculegion, L50, M|100/100\n|turn|7\n|-message|Javichicaino forfeited.\n|\n|win|DINOLONK\n","uploadtime":1788341175,"views":"3","formatid":"gen9championsvgc2026regmbbo3","rating":null,"private":0,"password":null}