{"id":"gen9championsvgc2026regmb-2674265746","format":"[Gen 9 Champions] VGC 2026 Reg M-B","players":["Thornlace48812","Durant889"],"log":"|j|☆Thornlace48812\n|j|☆Durant889\n|t:|1788326886\n|gametype|doubles\n|player|p1|Thornlace48812|1|1064\n|player|p2|Durant889|brock|1091\n|gen|9\n|tier|[Gen 9 Champions] VGC 2026 Reg M-B\n|rated|\n|rule|Species Clause: Limit one of each Pokémon\n|rule|Item Clause: Limit 1 of each item\n|clearpoke\n|poke|p1|Garchomp, L50, M|\n|poke|p1|Charizard, L50, M|\n|poke|p1|Whimsicott, L50, M|\n|poke|p1|Sylveon, L50, F|\n|poke|p1|Kingambit, L50, M|\n|poke|p1|Basculegion, L50, M|\n|poke|p2|Farigiraf, L50, F|\n|poke|p2|Zoroark-Hisui, L50, F|\n|poke|p2|Diggersby, L50, M|\n|poke|p2|Pyroar, L50, F|\n|poke|p2|Wyrdeer, L50, M|\n|poke|p2|Lopunny, L50, M|\n|teampreview|4\n|inactive|Battle timer is ON: inactive players will automatically lose when time's up. (requested by Thornlace48812)\nThornlace48812 rejected open team sheets.\n|inactive|Durant889 has 60 seconds left.\n|\n|t:|1788326928\n|teamsize|p1|4\n|teamsize|p2|4\n|start\n|switch|p1a: Sylveon|Sylveon, L50, F|100/100\n|switch|p1b: Charizard|Charizard, L50, M|100/100\n|switch|p2a: Wyrdeer|Wyrdeer, L50, M|100/100\n|switch|p2b: Lopunny|Lopunny, L50, M|100/100\n|-ability|p2a: Wyrdeer|Intimidate|boost\n|-unboost|p1a: Sylveon|atk|1\n|-unboost|p1b: Charizard|atk|1\n|turn|1\n|\n|t:|1788326948\n|move|p1b: Charizard|Protect|p1b: Charizard\n|-singleturn|p1b: Charizard|Protect\n|move|p2b: Lopunny|Fake Out|p1b: Charizard\n|-activate|p1b: Charizard|move: Protect\n|move|p1a: Sylveon|Hyper Voice|p2a: Wyrdeer|[spread] p2a,p2b\n|-damage|p2a: Wyrdeer|41/100\n|-damage|p2b: Lopunny|38/100\n|move|p2a: Wyrdeer|Trick Room|p2a: Wyrdeer\n|-fieldstart|move: Trick Room|[of] p2a: Wyrdeer\n|\n|-heal|p2b: Lopunny|43/100|[from] item: Leftovers\n|upkeep\n|turn|2\n|\n|t:|1788326970\n|detailschange|p1b: Charizard|Charizard-Mega-Y, L50, M\n|-mega|p1b: Charizard|Charizard|Charizardite Y\n|-weather|SunnyDay|[from] ability: Drought|[of] p1b: Charizard\n|move|p1a: Sylveon|Detect|p1a: Sylveon\n|-singleturn|p1a: Sylveon|Protect\n|move|p2a: Wyrdeer|Light Screen|p2a: Wyrdeer\n|-sidestart|p2: Durant889|move: Light Screen\n|move|p1b: Charizard|Heat Wave|p2a: Wyrdeer|[spread] p2a\n|-miss|p1b: Charizard|p2b: Lopunny\n|-damage|p2a: Wyrdeer|0 fnt\n|faint|p2a: Wyrdeer\n|move|p2b: Lopunny|Circle Throw|p1a: Sylveon\n|-activate|p1a: Sylveon|move: Protect\n|\n|-weather|SunnyDay|[upkeep]\n|-heal|p2b: Lopunny|49/100|[from] item: Leftovers\n|upkeep\n|\n|t:|1788326992\n|switch|p2a: Pyroar|Pyroar, L50, F|100/100\n|turn|3\n|inactive|Durant889 has 30 seconds left.\n|\n|t:|1788327018\n|detailschange|p2a: Pyroar|Pyroar-Mega, L50, F\n|-mega|p2a: Pyroar|Pyroar|Pyroarite\n|move|p1a: Sylveon|Hyper Voice|p2b: Lopunny|[spread] p2a,p2b\n|-resisted|p2a: Pyroar|1\n|-damage|p2a: Pyroar|80/100\n|-damage|p2b: Lopunny|11/100\n|move|p1b: Charizard|Heat Wave|p2a: Pyroar|[spread] p2a,p2b\n|-resisted|p2a: Pyroar|1\n|-damage|p2a: Pyroar|52/100\n|-damage|p2b: Lopunny|0 fnt\n|faint|p2b: Lopunny\n|move|p2a: Pyroar|Heat Wave|p1a: Sylveon|[spread] p1b\n|-miss|p2a: Pyroar|p1a: Sylveon\n|-resisted|p1b: Charizard|1\n|-damage|p1b: Charizard|55/100\n|\n|-weather|SunnyDay|[upkeep]\n|upkeep\n|\n|t:|1788327034\n|switch|p2b: Farigiraf|Farigiraf, L50, F|100/100\n|turn|4\n|\n|t:|1788327046\n|move|p2b: Farigiraf|Helping Hand|p2a: Pyroar\n|-singleturn|p2a: Pyroar|Helping Hand|[of] p2b: Farigiraf\n|move|p1a: Sylveon|Hyper Voice|p2a: Pyroar|[spread] p2a,p2b\n|-resisted|p2a: Pyroar|1\n|-crit|p2a: Pyroar\n|-damage|p2a: Pyroar|2/100\n|-damage|p2b: Farigiraf|66/100\n|move|p1b: Charizard|Heat Wave|p2a: Pyroar|[spread] p2a,p2b\n|-resisted|p2a: Pyroar|1\n|-damage|p2a: Pyroar|0 fnt\n|-damage|p2b: Farigiraf|19/100\n|-enditem|p2b: Farigiraf|Sitrus Berry|[eat]\n|-heal|p2b: Farigiraf|44/100|[from] item: Sitrus Berry\n|faint|p2a: Pyroar\n|\n|-weather|SunnyDay|[upkeep]\n|upkeep\n|turn|5\n|-message|Durant889 forfeited.\n|\n|win|Thornlace48812\n|raw|Thornlace48812's rating: 1154 &rarr; <strong>1175</strong><br />(+21 for winning)\n|raw|Durant889's rating: 1091 &rarr; <strong>1072</strong><br />(-19 for losing)\n|l|☆Durant889\n|player|p2|\n","uploadtime":1788327061,"views":"2","formatid":"gen9championsvgc2026regmb","rating":1072,"private":0,"password":null}