{"id":"gen9championsvgc2026regmb-2674902039","format":"[Gen 9 Champions] VGC 2026 Reg M-B","players":["halobabavgc","Thornlace48812"],"log":"|j|☆halobabavgc\n|j|☆Thornlace48812\n|t:|1788432654\n|gametype|doubles\n|player|p1|halobabavgc|266|1296\n|player|p2|Thornlace48812|102|1370\n|gen|9\n|tier|[Gen 9 Champions] VGC 2026 Reg M-B\n|rated|\n|rule|Species Clause: Limit one of each Pokémon\n|rule|Item Clause: Limit 1 of each item\n|clearpoke\n|poke|p1|Sceptile, L50, M|\n|poke|p1|Rotom-Heat, L50|\n|poke|p1|Aerodactyl, L50, F|\n|poke|p1|Clefable, L50, F|\n|poke|p1|Kingambit, L50, M|\n|poke|p1|Basculegion, L50, M|\n|poke|p2|Garchomp, L50, F|\n|poke|p2|Charizard, L50, F|\n|poke|p2|Whimsicott, L50, F|\n|poke|p2|Sylveon, L50, M|\n|poke|p2|Kingambit, L50, F|\n|poke|p2|Basculegion, L50, M|\n|teampreview|4\n|inactive|Battle timer is ON: inactive players will automatically lose when time's up. (requested by Thornlace48812)\nThornlace48812 rejected open team sheets.\n|inactive|halobabavgc has 60 seconds left.\n|\n|t:|1788432702\n|teamsize|p1|4\n|teamsize|p2|4\n|start\n|switch|p1a: Aerodactyl|Aerodactyl, L50, F|100/100\n|switch|p1b: Sceptile|Sceptile, L50, M|100/100\n|switch|p2a: Charizard|Charizard, L50, F|100/100\n|switch|p2b: Garchomp|Garchomp, L50, F|100/100\n|-ability|p1a: Aerodactyl|Unnerve\n|turn|1\n|\n|t:|1788432721\n|switch|p2a: Whimsicott|Whimsicott, L50, F|100/100\n|detailschange|p1b: Sceptile|Sceptile-Mega, L50, M\n|-mega|p1b: Sceptile|Sceptile|Sceptilite\n|move|p1b: Sceptile|Dragon Pulse|p2b: Garchomp\n|-supereffective|p2b: Garchomp|1\n|-damage|p2b: Garchomp|0 fnt\n|faint|p2b: Garchomp\n|move|p1a: Aerodactyl|Rock Slide|p2a: Whimsicott\n|-damage|p2a: Whimsicott|48/100\n|\n|upkeep\n|\n|t:|1788432723\n|switch|p2b: Basculegion|Basculegion, L50, M|100/100\n|turn|2\n|inactive|halobabavgc has 30 seconds left.\n|\n|t:|1788432755\n|move|p2a: Whimsicott|Tailwind|p2a: Whimsicott\n|-sidestart|p2: Thornlace48812|move: Tailwind\n|move|p2b: Basculegion|Last Respects|p1a: Aerodactyl\n|-enditem|p1a: Aerodactyl|Focus Sash\n|-damage|p1a: Aerodactyl|1/100\n|move|p1b: Sceptile|Energy Ball|p2b: Basculegion\n|-supereffective|p2b: Basculegion|1\n|-damage|p2b: Basculegion|0 fnt\n|faint|p2b: Basculegion\n|move|p1a: Aerodactyl|Dual Wingbeat|p2a: Whimsicott|[miss]\n|-miss|p1a: Aerodactyl|p2a: Whimsicott\n|\n|upkeep\n|\n|t:|1788432755\n|switch|p2b: Charizard|Charizard, L50, F|100/100\n|turn|3\n|inactive|halobabavgc has 30 seconds left.\n|\n|t:|1788432782\n|switch|p1b: Basculegion|Basculegion, L50, M|100/100\n|switch|p1a: Rotom|Rotom-Heat, L50|100/100\n|detailschange|p2b: Charizard|Charizard-Mega-Y, L50, F\n|-mega|p2b: Charizard|Charizard|Charizardite Y\n|-weather|SunnyDay|[from] ability: Drought|[of] p2b: Charizard\n|move|p2a: Whimsicott|Moonblast|p1a: Rotom\n|-resisted|p1a: Rotom|1\n|-damage|p1a: Rotom|74/100\n|-unboost|p1a: Rotom|spa|1\n|move|p2b: Charizard|Heat Wave|p1a: Rotom|[spread] p1a,p1b\n|-resisted|p1a: Rotom|1\n|-resisted|p1b: Basculegion|1\n|-damage|p1a: Rotom|29/100\n|-damage|p1b: Basculegion|58/100\n|\n|-weather|SunnyDay|[upkeep]\n|upkeep\n|turn|4\n|inactive|halobabavgc has 30 seconds left.\n|\n|t:|1788432812\n|move|p1b: Basculegion|Protect|p1b: Basculegion\n|-singleturn|p1b: Basculegion|Protect\n|move|p2a: Whimsicott|Moonblast|p1b: Basculegion\n|-activate|p1b: Basculegion|move: Protect\n|move|p2b: Charizard|Heat Wave|p1a: Rotom|[spread] p1a\n|-activate|p1b: Basculegion|move: Protect\n|-resisted|p1a: Rotom|1\n|-damage|p1a: Rotom|0 fnt\n|faint|p1a: Rotom\n|\n|-weather|SunnyDay|[upkeep]\n|upkeep\n|\n|t:|1788432832\n|switch|p1a: Aerodactyl|Aerodactyl, L50, F|1/100\n|-ability|p1a: Aerodactyl|Unnerve\n|turn|5\n|\n|t:|1788432849\n|move|p1b: Basculegion|Aqua Jet|p2b: Charizard\n|-supereffective|p2b: Charizard|1\n|-crit|p2b: Charizard\n|-damage|p2b: Charizard|36/100\n|-damage|p1b: Basculegion|49/100|[from] item: Life Orb\n|move|p2a: Whimsicott|Moonblast|p1a: Aerodactyl\n|-damage|p1a: Aerodactyl|0 fnt\n|faint|p1a: Aerodactyl\n|move|p2b: Charizard|Heat Wave|p1b: Basculegion\n|-resisted|p1b: Basculegion|1\n|-damage|p1b: Basculegion|0 fnt\n|faint|p1b: Basculegion\n|\n|-weather|SunnyDay|[upkeep]\n|-sideend|p2: Thornlace48812|move: Tailwind\n|upkeep\n|\n|t:|1788432864\n|switch|p1b: Sceptile|Sceptile-Mega, L50, M|100/100\n|turn|6\n|\n|t:|1788432880\n|move|p1b: Sceptile|Dragon Pulse|p2b: Charizard\n|-damage|p2b: Charizard|0 fnt\n|faint|p2b: Charizard\n|move|p2a: Whimsicott|Moonblast|p1b: Sceptile\n|-supereffective|p1b: Sceptile|1\n|-damage|p1b: Sceptile|8/100\n|\n|-weather|SunnyDay|[upkeep]\n|upkeep\n|turn|7\n|\n|t:|1788432894\n|move|p1b: Sceptile|Energy Ball|p2a: Whimsicott\n|-resisted|p2a: Whimsicott|1\n|-damage|p2a: Whimsicott|4/100\n|move|p2a: Whimsicott|Moonblast|p1b: Sceptile\n|-supereffective|p1b: Sceptile|1\n|-damage|p1b: Sceptile|0 fnt\n|faint|p1b: Sceptile\n|\n|win|Thornlace48812\n|raw|halobabavgc's rating: 1296 &rarr; <strong>1272</strong><br />(-24 for losing)\n|raw|Thornlace48812's rating: 1303 &rarr; <strong>1323</strong><br />(+20 for winning)\n","uploadtime":1788432896,"views":"0","formatid":"gen9championsvgc2026regmb","rating":1272,"private":0,"password":null}