{"id":"gen9championsvgc2026regmb-2673904023","format":"[Gen 9 Champions] VGC 2026 Reg M-B","players":["pixlrd","maxmega15"],"log":"|j|☆pixlrd\n|j|☆maxmega15\n|t:|1788275277\n|gametype|doubles\n|player|p1|pixlrd|1|1129\n|player|p2|maxmega15|marlon|1023\n|gen|9\n|tier|[Gen 9 Champions] VGC 2026 Reg M-B\n|rated|\n|rule|Species Clause: Limit one of each Pokémon\n|rule|Item Clause: Limit 1 of each item\n|clearpoke\n|poke|p1|Staraptor, L50, F|\n|poke|p1|Gourgeist-Super, L50, F|\n|poke|p1|Corviknight, L50, M|\n|poke|p1|Incineroar, L50, M|\n|poke|p1|Sinistcha, L50|\n|poke|p1|Ninetales-Alola, L50, F|\n|poke|p2|Slowbro-Galar, L50, M|\n|poke|p2|Meowstic, L50, M|\n|poke|p2|Lucario, L50, M|\n|poke|p2|Starmie, L50|\n|poke|p2|Annihilape, L50, M|\n|poke|p2|Maushold-Four, L50|\n|teampreview|4\n|\n|t:|1788275306\n|teamsize|p1|4\n|teamsize|p2|4\n|start\n|switch|p1a: Staraptor|Staraptor, L50, F|100/100\n|switch|p1b: Gourgeist|Gourgeist-Super, L50, F|100/100\n|switch|p2a: Annihilape|Annihilape, L50, M|100/100\n|switch|p2b: Maushold|Maushold-Four, L50|100/100\n|-ability|p1a: Staraptor|Intimidate|boost\n|-fail|p2a: Annihilape|unboost|Attack|[from] ability: Inner Focus|[of] p2a: Annihilape\n|-unboost|p2b: Maushold|atk|1\n|turn|1\n|\n|t:|1788275335\n|detailschange|p1a: Staraptor|Staraptor-Mega, L50, F\n|-mega|p1a: Staraptor|Staraptor|Staraptite\n|move|p2b: Maushold|Tidy Up|p2b: Maushold\n|-boost|p2b: Maushold|atk|1\n|-boost|p2b: Maushold|spe|1\n|move|p1a: Staraptor|Close Combat|p2b: Maushold\n|-supereffective|p2b: Maushold|1\n|-damage|p2b: Maushold|0 fnt\n|-boost|p1a: Staraptor|def|1\n|-boost|p1a: Staraptor|spd|1\n|faint|p2b: Maushold\n|move|p2a: Annihilape|Bulk Up|p2a: Annihilape\n|-boost|p2a: Annihilape|atk|1\n|-boost|p2a: Annihilape|def|1\n|move|p1b: Gourgeist|Trick-or-Treat|p1a: Staraptor\n|-start|p1a: Staraptor|typeadd|Ghost|[from] move: Trick-or-Treat\n|\n|upkeep\n|\n|t:|1788275346\n|switch|p2b: Starmie|Starmie, L50|100/100\n|turn|2\n|\n|t:|1788275359\n|detailschange|p2b: Starmie|Starmie-Mega, L50\n|-mega|p2b: Starmie|Starmie|Starminite\n|move|p1a: Staraptor|Protect|p1a: Staraptor\n|-singleturn|p1a: Staraptor|Protect\n|move|p1b: Gourgeist|Shadow Sneak|p2a: Annihilape\n|-supereffective|p2a: Annihilape|1\n|-damage|p2a: Annihilape|73/100\n|-damage|p1b: Gourgeist|90/100|[from] item: Life Orb\n|move|p2b: Starmie|Skill Swap|p2a: Annihilape\n|-activate|p2b: Starmie|Skill Swap|||[of] p2a: Annihilape\n|-hint|Skill Swap does not announce the abilities of the Pokémon when used between allies.\n|move|p2a: Annihilape|Rage Fist|p1a: Staraptor\n|-activate|p1a: Staraptor|move: Protect\n|\n|upkeep\n|turn|3\n|\n|t:|1788275399\n|switch|p2b: Lucario|Lucario, L50, M|100/100\n|switch|p1a: Incineroar|Incineroar, L50, M|100/100\n|-ability|p1a: Incineroar|Intimidate|boost\n|-unboost|p2a: Annihilape|atk|1\n|-fail|p2b: Lucario|unboost|Attack|[from] ability: Inner Focus|[of] p2b: Lucario\n|move|p1b: Gourgeist|Shadow Sneak|p2b: Lucario\n|-damage|p2b: Lucario|70/100\n|-damage|p1b: Gourgeist|80/100|[from] item: Life Orb\n|move|p2a: Annihilape|Rage Fist|p1a: Incineroar\n|-resisted|p1a: Incineroar|1\n|-damage|p1a: Incineroar|51/100\n|\n|upkeep\n|turn|4\n|\n|t:|1788275429\n|move|p1a: Incineroar|Fake Out|p2b: Lucario\n|-resisted|p2b: Lucario|1\n|-damage|p2b: Lucario|59/100\n|move|p2b: Lucario|Meteor Mash|p1b: Gourgeist\n|-damage|p1b: Gourgeist|43/100\n|-boost|p2b: Lucario|atk|1\n|move|p2a: Annihilape|Drain Punch|p1a: Incineroar\n|-supereffective|p1a: Incineroar|1\n|-damage|p1a: Incineroar|0 fnt\n|-heal|p2a: Annihilape|98/100|[from] drain|[of] p1a: Incineroar\n|faint|p1a: Incineroar\n|move|p1b: Gourgeist|Trick-or-Treat|p2b: Lucario\n|-start|p2b: Lucario|typeadd|Ghost|[from] move: Trick-or-Treat\n|\n|upkeep\n|\n|t:|1788275444\n|switch|p1a: Staraptor|Staraptor-Mega, L50, F|100/100\n|turn|5\n|\n|t:|1788275498\n|move|p1b: Gourgeist|Shadow Sneak|p2a: Annihilape\n|-supereffective|p2a: Annihilape|1\n|-damage|p2a: Annihilape|69/100\n|-damage|p1b: Gourgeist|33/100|[from] item: Life Orb\n|move|p2b: Lucario|Meteor Mash|p1a: Staraptor\n|-damage|p1a: Staraptor|46/100\n|move|p1a: Staraptor|Dual Wingbeat|p2a: Annihilape\n|-supereffective|p2a: Annihilape|1\n|-damage|p2a: Annihilape|43/100\n|-enditem|p2a: Annihilape|Sitrus Berry|[eat]\n|-heal|p2a: Annihilape|68/100|[from] item: Sitrus Berry\n|-supereffective|p2a: Annihilape|1\n|-damage|p2a: Annihilape|45/100\n|-hitcount|p2a: Annihilape|2\n|move|p2a: Annihilape|Rage Fist|p1a: Staraptor\n|-damage|p1a: Staraptor|0 fnt\n|faint|p1a: Staraptor\n|\n|upkeep\n|-message|pixlrd forfeited.\n|\n|win|maxmega15\n|raw|pixlrd's rating: 1129 &rarr; <strong>1097</strong><br />(-32 for losing)\n|raw|maxmega15's rating: 1023 &rarr; <strong>1070</strong><br />(+47 for winning)\n|l|☆pixlrd\n|player|p1|\n","uploadtime":1788275518,"views":"16","formatid":"gen9championsvgc2026regmb","rating":1070,"private":0,"password":null}