{"id":"gen9championsvgc2026regmb-2674548835","format":"[Gen 9 Champions] VGC 2026 Reg M-B","players":["toobionest","skoomanus"],"log":"|j|☆toobionest\n|j|☆skoomanus\n|html|<table width=\"100%\"><tr><td align=\"left\">toobionest</td><td align=\"right\">skoomanus</tr><tr><td align=\"left\"><i class=\"fa fa-circle\"></i> <i class=\"fa fa-circle-o\"></i> </td><td align=\"right\"><i class=\"fa fa-circle-o\"></i> <i class=\"fa fa-circle\"></i> </tr></table>\n|uhtml|bestof|<h2><strong>Game 3</strong> of <a href=\"/game-bestof3-gen9championsvgc2026regmb-2674541911\">a best-of-3</a></h2>\n|t:|1788372708\n|gametype|doubles\n|player|p1|toobionest|brycenman|\n|player|p2|skoomanus|169|\n|gen|9\n|tier|[Gen 9 Champions] VGC 2026 Reg M-B\n|rule|Species Clause: Limit one of each Pokémon\n|rule|Item Clause: Limit 1 of each item\n|raw|<div class=\"infobox\"><details class=\"readmore\" open><summary><strong>1 custom rule:</strong></summary> Best of = 3</details></div>\n|clearpoke\n|poke|p1|Chandelure, L50, M|\n|poke|p1|Lycanroc-Dusk, L50, M|\n|poke|p1|Torkoal, L50, M|\n|poke|p1|Tsareena, L50, F|\n|poke|p1|Floette-Eternal, L50, F|\n|poke|p1|Whimsicott, L50, F|\n|poke|p2|Sinistcha, L50|\n|poke|p2|Oranguru, L50, F|\n|poke|p2|Torkoal, L50, F|\n|poke|p2|Crabominable, L50, F|\n|poke|p2|Farigiraf, L50, F|\n|poke|p2|Araquanid, L50, M|\n|teampreview|4\n|c|☆skoomanus|the sunlight has faded\nskoomanus rejected open team sheets.\n|\n|t:|1788372777\n|teamsize|p1|4\n|teamsize|p2|4\n|start\n|switch|p1a: Lycanroc|Lycanroc-Dusk, L50, M|100/100\n|switch|p1b: Floette|Floette-Eternal, L50, F|100/100\n|switch|p2a: Araquanid|Araquanid, L50, M|100/100\n|switch|p2b: Torkoal|Torkoal, L50, F|100/100\n|-weather|SunnyDay|[from] ability: Drought|[of] p2b: Torkoal\n|turn|1\n|\n|t:|1788372851\n|detailschange|p1b: Floette|Floette-Mega, L50, F\n|-mega|p1b: Floette|Floette|Floettite\n|-ability|p1b: Floette|Fairy Aura\n|move|p1a: Lycanroc|Accelerock|p2b: Torkoal\n|-supereffective|p2b: Torkoal|1\n|-damage|p2b: Torkoal|55/100\n|move|p1b: Floette|Light of Ruin|p2a: Araquanid\n|-damage|p2a: Araquanid|0 fnt\n|faint|p2a: Araquanid\n|-damage|p1b: Floette|50/100g|[from] Recoil\n|move|p2b: Torkoal|Eruption|p1b: Floette|[spread] p1a,p1b\n|-resisted|p1a: Lycanroc|1\n|-damage|p1a: Lycanroc|59/100\n|-damage|p1b: Floette|9/100\n|\n|-weather|SunnyDay|[upkeep]\n|upkeep\n|\n|t:|1788372870\n|switch|p2a: Sinistcha|Sinistcha, L50|100/100\n|turn|2\n|c|☆toobionest|it showed that you lived in calcdex\n|c|☆toobionest|:3\n|\n|t:|1788372914\n|move|p2b: Torkoal|Protect|p2b: Torkoal\n|-singleturn|p2b: Torkoal|Protect\n|move|p1a: Lycanroc|Play Rough|p2a: Sinistcha\n|-damage|p2a: Sinistcha|48/100\n|-enditem|p2a: Sinistcha|Sitrus Berry|[eat]\n|-heal|p2a: Sinistcha|73/100|[from] item: Sitrus Berry\n|move|p1b: Floette|Light of Ruin|p2b: Torkoal\n|-activate|p2b: Torkoal|move: Protect\n|move|p2a: Sinistcha|Matcha Gotcha|p1a: Lycanroc|[spread] p1a,p1b\n|-supereffective|p1a: Lycanroc|1\n|-damage|p1a: Lycanroc|0 fnt\n|-heal|p2a: Sinistcha|98/100|[from] drain|[of] p1a: Lycanroc\n|-damage|p1b: Floette|0 fnt\n|-heal|p2a: Sinistcha|100/100|[from] drain|[of] p1b: Floette\n|faint|p1a: Lycanroc\n|faint|p1b: Floette\n|\n|-weather|SunnyDay|[upkeep]\n|upkeep\n|\n|t:|1788372923\n|switch|p1a: Chandelure|Chandelure, L50, M|100/100\n|switch|p1b: Torkoal|Torkoal, L50, M|100/100\n|turn|3\n|c|☆toobionest|your worst duo matchup post araq\n|\n|t:|1788372985\n|move|p2b: Torkoal|Protect|p2b: Torkoal\n|-singleturn|p2b: Torkoal|Protect\n|move|p1a: Chandelure|Heat Wave|p2a: Sinistcha|[spread] p2a\n|-activate|p2b: Torkoal|move: Protect\n|-supereffective|p2a: Sinistcha|1\n|-damage|p2a: Sinistcha|16/100\n|move|p1b: Torkoal|Lava Plume|p2b: Torkoal|[spread] p2a\n|-activate|p2b: Torkoal|move: Protect\n|-start|p1a: Chandelure|ability: Flash Fire\n|-supereffective|p2a: Sinistcha|1\n|-damage|p2a: Sinistcha|0 fnt\n|faint|p2a: Sinistcha\n|\n|-weather|SunnyDay|[upkeep]\n|upkeep\n|\n|t:|1788373000\n|switch|p2a: Crabominable|Crabominable, L50, F|100/100\n|turn|4\n|c|☆toobionest|james did you listen to yeats verse on eaters\n|\n|t:|1788373065\n|detailschange|p2a: Crabominable|Crabominable-Mega, L50, F\n|-mega|p2a: Crabominable|Crabominable|Crabominite\n|move|p1a: Chandelure|Heat Wave|p2a: Crabominable|[spread] p2b\n|-miss|p1a: Chandelure|p2a: Crabominable\n|-resisted|p2b: Torkoal|1\n|-damage|p2b: Torkoal|0 fnt\n|faint|p2b: Torkoal\n|move|p2a: Crabominable|Superpower|p1b: Torkoal\n|-damage|p1b: Torkoal|33/100\n|-unboost|p2a: Crabominable|atk|1\n|-unboost|p2a: Crabominable|def|1\n|move|p1b: Torkoal|Lava Plume|p2a: Crabominable|[spread] p2a\n|-immune|p1a: Chandelure|[from] ability: Flash Fire\n|-supereffective|p2a: Crabominable|1\n|-damage|p2a: Crabominable|21/100\n|\n|-weather|SunnyDay|[upkeep]\n|upkeep\n|turn|5\n|c|☆skoomanus|play buddy\n|c|☆skoomanus|you arent losing\n|c|☆skoomanus|what is eaters\n|\n|t:|1788373135\n|move|p2a: Crabominable|Protect|p2a: Crabominable\n|-singleturn|p2a: Crabominable|Protect\n|move|p1a: Chandelure|Heat Wave|p2a: Crabominable\n|-activate|p2a: Crabominable|move: Protect\n|move|p1b: Torkoal|Lava Plume|p2a: Crabominable|[spread] \n|-activate|p2a: Crabominable|move: Protect\n|-immune|p1a: Chandelure|[from] ability: Flash Fire\n|\n|-weather|none\n|upkeep\n|turn|6\n|c|☆toobionest|check gc\n|\n|t:|1788373172\n|move|p1a: Chandelure|Heat Wave|p2a: Crabominable\n|-supereffective|p2a: Crabominable|1\n|-damage|p2a: Crabominable|0 fnt\n|faint|p2a: Crabominable\n|\n|win|toobionest\n","uploadtime":1788373172,"views":"0","formatid":"gen9championsvgc2026regmb","rating":null,"private":0,"password":null}