{"id":"gen9championsvgc2026regmb-2674446766","format":"[Gen 9 Champions] VGC 2026 Reg M-B","players":["Carl Goldenface","jkjk.exe"],"log":"|j|☆Carl Goldenface\n|j|☆jkjk.exe\n|t:|1788360849\n|gametype|doubles\n|player|p1|Carl Goldenface|richboy|1094\n|player|p2|jkjk.exe|1|1139\n|gen|9\n|tier|[Gen 9 Champions] VGC 2026 Reg M-B\n|rated|\n|rule|Species Clause: Limit one of each Pokémon\n|rule|Item Clause: Limit 1 of each item\n|clearpoke\n|poke|p1|Eelektross, L50, F|\n|poke|p1|Incineroar, L50, F|\n|poke|p1|Garchomp, L50, M|\n|poke|p1|Kingambit, L50, M|\n|poke|p1|Tauros-Paldea-Aqua, L50, M|\n|poke|p1|Scizor, L50, F|\n|poke|p2|Beedrill, L50, M|\n|poke|p2|Whimsicott, L50, F|\n|poke|p2|Aerodactyl, L50, M|\n|poke|p2|Charizard, L50, M|\n|poke|p2|Gholdengo, L50|\n|poke|p2|Heliolisk, L50, F|\n|teampreview|4\n|inactive|Battle timer is ON: inactive players will automatically lose when time's up. (requested by jkjk.exe)\n|inactive|Carl Goldenface also wants the timer to be on.\n|inactive|jkjk.exe has 60 seconds left.\n|\n|t:|1788360881\n|teamsize|p1|4\n|teamsize|p2|4\n|start\n|switch|p1a: Eelektross|Eelektross, L50, F|100/100\n|switch|p1b: Incineroar|Incineroar, L50, F|100/100\n|switch|p2a: Aerodactyl|Aerodactyl, L50, M|100/100\n|switch|p2b: Charizard|Charizard, L50, M|100/100\n|-ability|p1b: Incineroar|Intimidate|boost\n|-unboost|p2a: Aerodactyl|atk|1\n|-unboost|p2b: Charizard|atk|1\n|turn|1\n|\n|t:|1788360895\n|detailschange|p1a: Eelektross|Eelektross-Mega, L50, F\n|-mega|p1a: Eelektross|Eelektross|Eelektrossite\n|move|p2b: Charizard|Protect|p2b: Charizard\n|-singleturn|p2b: Charizard|Protect\n|move|p1b: Incineroar|Fake Out|p2a: Aerodactyl\n|-resisted|p2a: Aerodactyl|1\n|-damage|p2a: Aerodactyl|93/100\n|cant|p2a: Aerodactyl|flinch\n|move|p1a: Eelektross|Thunderbolt|p2b: Charizard\n|-activate|p2b: Charizard|move: Protect\n|\n|upkeep\n|turn|2\n|\n|t:|1788360917\n|detailschange|p2b: Charizard|Charizard-Mega-Y, L50, M\n|-mega|p2b: Charizard|Charizard|Charizardite Y\n|-weather|SunnyDay|[from] ability: Drought|[of] p2b: Charizard\n|move|p2a: Aerodactyl|Tailwind|p2a: Aerodactyl\n|-sidestart|p2: jkjk.exe|move: Tailwind\n|move|p2b: Charizard|Heat Wave|p1b: Incineroar|[spread] p1a,p1b\n|-resisted|p1b: Incineroar|1\n|-damage|p1a: Eelektross|38/100\n|-damage|p1b: Incineroar|72/100\n|move|p1a: Eelektross|Thunderbolt|p2a: Aerodactyl\n|-supereffective|p2a: Aerodactyl|1\n|-damage|p2a: Aerodactyl|0 fnt\n|faint|p2a: Aerodactyl\n|-ability|p1a: Eelektross|Eelevate|boost\n|-boost|p1a: Eelektross|spa|1\n|move|p1b: Incineroar|Parting Shot|p2b: Charizard\n|-unboost|p2b: Charizard|atk|1\n|-unboost|p2b: Charizard|spa|1\n|\n|t:|1788360933\n|switch|p1b: Tauros|Tauros-Paldea-Aqua, L50, M|100/100|[from] Parting Shot\n|-ability|p1b: Tauros|Intimidate|boost\n|-unboost|p2b: Charizard|atk|1\n|\n|-weather|SunnyDay|[upkeep]\n|upkeep\n|\n|t:|1788360941\n|switch|p2a: Heliolisk|Heliolisk, L50, F|100/100\n|turn|3\n|\n|t:|1788360954\n|move|p2a: Heliolisk|Solar Beam||[still]\n|-prepare|p2a: Heliolisk|Solar Beam\n|-anim|p2a: Heliolisk|Solar Beam|p1b: Tauros\n|-supereffective|p1b: Tauros|1\n|-damage|p1b: Tauros|0 fnt\n|faint|p1b: Tauros\n|move|p2b: Charizard|Solar Beam||[still]\n|-prepare|p2b: Charizard|Solar Beam\n|-anim|p2b: Charizard|Solar Beam|p1a: Eelektross\n|-damage|p1a: Eelektross|4/100\n|move|p1a: Eelektross|Electroweb|p2b: Charizard|[spread] p2a,p2b\n|-resisted|p2a: Heliolisk|1\n|-supereffective|p2b: Charizard|1\n|-damage|p2a: Heliolisk|77/100\n|-damage|p2b: Charizard|22/100\n|-unboost|p2a: Heliolisk|spe|1\n|-unboost|p2b: Charizard|spe|1\n|\n|-weather|SunnyDay|[upkeep]\n|-damage|p2a: Heliolisk|65/100|[from] ability: Solar Power|[of] p2a: Heliolisk\n|upkeep\n|\n|t:|1788360967\n|switch|p1b: Incineroar|Incineroar, L50, F|72/100\n|-ability|p1b: Incineroar|Intimidate|boost\n|-unboost|p2a: Heliolisk|atk|1\n|-unboost|p2b: Charizard|atk|1\n|turn|4\n|\n|t:|1788360987\n|switch|p2a: Whimsicott|Whimsicott, L50, F|100/100\n|move|p2b: Charizard|Protect|p2b: Charizard\n|-singleturn|p2b: Charizard|Protect\n|move|p1b: Incineroar|Fake Out|p2a: Whimsicott\n|-damage|p2a: Whimsicott|91/100\n|move|p1a: Eelektross|Electroweb|p2b: Charizard|[spread] p2a\n|-activate|p2b: Charizard|move: Protect\n|-resisted|p2a: Whimsicott|1\n|-damage|p2a: Whimsicott|66/100\n|-unboost|p2a: Whimsicott|spe|1\n|\n|-weather|SunnyDay|[upkeep]\n|upkeep\n|turn|5\n|\n|t:|1788361011\n|move|p1a: Eelektross|Protect|p1a: Eelektross\n|-singleturn|p1a: Eelektross|Protect\n|move|p2b: Charizard|Ancient Power|p1b: Incineroar\n|-supereffective|p1b: Incineroar|1\n|-damage|p1b: Incineroar|44/100\n|-enditem|p1b: Incineroar|Sitrus Berry|[eat]\n|-heal|p1b: Incineroar|69/100|[from] item: Sitrus Berry\n|move|p2a: Whimsicott|Moonblast|p1a: Eelektross\n|-activate|p1a: Eelektross|move: Protect\n|move|p1b: Incineroar|Taunt|p2a: Whimsicott\n|-start|p2a: Whimsicott|move: Taunt\n|\n|-weather|SunnyDay|[upkeep]\n|-sideend|p2: jkjk.exe|move: Tailwind\n|upkeep\n|turn|6\n|\n|t:|1788361034\n|switch|p1a: Scizor|Scizor, L50, F|100/100\n|move|p2b: Charizard|Ancient Power|p1b: Incineroar\n|-supereffective|p1b: Incineroar|1\n|-damage|p1b: Incineroar|40/100\n|move|p2a: Whimsicott|Moonblast|p1a: Scizor\n|-resisted|p1a: Scizor|1\n|-damage|p1a: Scizor|84/100\n|move|p1b: Incineroar|Flare Blitz|p2a: Whimsicott\n|-supereffective|p2a: Whimsicott|1\n|-damage|p2a: Whimsicott|0 fnt\n|faint|p2a: Whimsicott\n|-damage|p1b: Incineroar|22/100|[from] Recoil\n|\n|-weather|none\n|-heal|p1a: Scizor|90/100|[from] item: Leftovers\n|upkeep\n|\n|t:|1788361042\n|switch|p2a: Heliolisk|Heliolisk, L50, F|65/100\n|turn|7\n|\n|t:|1788361067\n|move|p2a: Heliolisk|Volt Switch|p1a: Scizor\n|-damage|p1a: Scizor|52/100\n|move|p2b: Charizard|Heat Wave|p1a: Scizor|[spread] p1a\n|-miss|p2b: Charizard|p1b: Incineroar\n|-supereffective|p1a: Scizor|2\n|-damage|p1a: Scizor|0 fnt\n|faint|p1a: Scizor\n|move|p1b: Incineroar|Flare Blitz|p2a: Heliolisk\n|-damage|p2a: Heliolisk|0 fnt\n|faint|p2a: Heliolisk\n|-damage|p1b: Incineroar|7/100|[from] Recoil\n|\n|upkeep\n|\n|t:|1788361076\n|switch|p1a: Eelektross|Eelektross-Mega, L50, F|4/100\n|turn|8\n|l|☆jkjk.exe\n|inactive|jkjk.exe disconnected and has a minute to reconnect!\n|player|p2|\n|j|☆jkjk.exe\n|inactive|jkjk.exe reconnected.\n|player|p2|jkjk.exe|1|\n|inactive|Carl Goldenface has 30 seconds left.\n|-message|jkjk.exe forfeited.\n|\n|win|Carl Goldenface\n|raw|Carl Goldenface's rating: 1094 &rarr; <strong>1123</strong><br />(+29 for winning)\n|raw|jkjk.exe's rating: 1139 &rarr; <strong>1111</strong><br />(-28 for losing)\n|l|☆jkjk.exe\n|player|p2|\n|c|☆Carl Goldenface|heat wave my brother\n","uploadtime":1788361123,"views":"10","formatid":"gen9championsvgc2026regmb","rating":1111,"private":0,"password":null}