{"id":"gen9championsvgc2026regmb-2674993901","format":"[Gen 9 Champions] VGC 2026 Reg M-B","players":["kaleb099","jakthegreat"],"log":"|j|☆kaleb099\n|j|☆jakthegreat\n|t:|1788446421\n|gametype|doubles\n|player|p1|kaleb099|266|1104\n|player|p2|jakthegreat|102|1010\n|gen|9\n|tier|[Gen 9 Champions] VGC 2026 Reg M-B\n|rated|\n|rule|Species Clause: Limit one of each Pokémon\n|rule|Item Clause: Limit 1 of each item\n|clearpoke\n|poke|p1|Weavile, L50, F|\n|poke|p1|Garchomp, L50, M|\n|poke|p1|Chesnaught, L50, M|\n|poke|p1|Camerupt, L50, M|\n|poke|p1|Mimikyu, L50, F|\n|poke|p1|Empoleon, L50, M|\n|poke|p2|Dragalge, L50, M|\n|poke|p2|Palafin, L50, F|\n|poke|p2|Sceptile, L50, M|\n|poke|p2|Sinistcha, L50|\n|poke|p2|Incineroar, L50, F|\n|poke|p2|Gholdengo, L50|\n|teampreview|4\n|inactive|Battle timer is ON: inactive players will automatically lose when time's up. (requested by jakthegreat)\n|inactive|jakthegreat has 60 seconds left.\n|\n|t:|1788446462\n|teamsize|p1|4\n|teamsize|p2|4\n|start\n|switch|p1a: Empoleon|Empoleon, L50, M|100/100\n|switch|p1b: Weavile|Weavile, L50, F|100/100\n|switch|p2a: Palafin|Palafin, L50, F|100/100\n|switch|p2b: Sceptile|Sceptile, L50, M|100/100\n|turn|1\n|\n|t:|1788446486\n|move|p1b: Weavile|Fake Out|p2b: Sceptile\n|-damage|p2b: Sceptile|77/100\n|move|p2a: Palafin|Close Combat|p1b: Weavile\n|-supereffective|p1b: Weavile|2\n|-enditem|p1b: Weavile|Focus Sash\n|-damage|p1b: Weavile|1/100\n|-unboost|p2a: Palafin|def|1\n|-unboost|p2a: Palafin|spd|1\n|-enditem|p2a: Palafin|Choice Scarf|[silent]|[from] ability: Pickpocket|[of] p2a: Palafin\n|-item|p1b: Weavile|Choice Scarf|[from] ability: Pickpocket|[of] p2a: Palafin\n|cant|p2b: Sceptile|flinch\n|move|p1a: Empoleon|Ice Beam|p2b: Sceptile\n|-supereffective|p2b: Sceptile|1\n|-damage|p2b: Sceptile|9/100\n|-status|p2b: Sceptile|frz\n|\n|upkeep\n|turn|2\n|inactive|kaleb099 has 30 seconds left.\n|\n|t:|1788446516\n|-curestatus|p2b: Sceptile|frz|[msg]\n|move|p2b: Sceptile|Detect|p2b: Sceptile\n|-singleturn|p2b: Sceptile|Protect\n|move|p1b: Weavile|Ice Spinner|p2b: Sceptile\n|-activate|p2b: Sceptile|move: Protect\n|move|p2a: Palafin|Flip Turn|p1b: Weavile\n|-damage|p1b: Weavile|0 fnt\n|faint|p1b: Weavile\n|\n|t:|1788446533\n|detailschange|p2a: Palafin|Palafin-Hero, L50, F\n|switch|p2a: Dragalge|Dragalge, L50, M|100/100|[from] Flip Turn\n|move|p1a: Empoleon|Hydro Pump|p2a: Dragalge\n|-resisted|p2a: Dragalge|1\n|-damage|p2a: Dragalge|76/100\n|\n|upkeep\n|\n|t:|1788446540\n|switch|p1b: Garchomp|Garchomp, L50, M|100/100\n|turn|3\n|\n|t:|1788446564\n|detailschange|p2a: Dragalge|Dragalge-Mega, L50, M\n|-mega|p2a: Dragalge|Dragalge|Dragalgite\n|move|p1b: Garchomp|Rock Slide|p2a: Dragalge|[spread] p2a,p2b\n|-damage|p2a: Dragalge|53/100\n|-damage|p2b: Sceptile|0 fnt\n|faint|p2b: Sceptile\n|move|p1a: Empoleon|Ice Beam|p2a: Dragalge\n|-supereffective|p2a: Dragalge|1\n|-damage|p2a: Dragalge|11/100\n|move|p2a: Dragalge|Dragon Pulse|p1b: Garchomp\n|-supereffective|p1b: Garchomp|1\n|-damage|p1b: Garchomp|0 fnt\n|faint|p1b: Garchomp\n|\n|upkeep\n|\n|t:|1788446578\n|switch|p2b: Palafin|Palafin-Hero, L50, F|100/100\n|switch|p1b: Mimikyu|Mimikyu, L50, F|100/100\n|-activate|p2b: Palafin|ability: Zero to Hero\n|turn|4\n|\n|t:|1788446591\n|-heal|p2a: Dragalge|44/100|[from] ability: Regenerator|[silent]\n|switch|p2a: Incineroar|Incineroar, L50, F|100/100\n|-ability|p2a: Incineroar|Intimidate|boost\n|-unboost|p1a: Empoleon|atk|1\n|-ability|p1a: Empoleon|Competitive|boost\n|-boost|p1a: Empoleon|spa|2\n|-unboost|p1b: Mimikyu|atk|1\n|move|p1a: Empoleon|Protect|p1a: Empoleon\n|-singleturn|p1a: Empoleon|Protect\n|move|p2b: Palafin|Close Combat|p1a: Empoleon\n|-activate|p1a: Empoleon|move: Protect\n|move|p1b: Mimikyu|Trick Room|p1b: Mimikyu\n|-fieldstart|move: Trick Room|[of] p1b: Mimikyu\n|\n|upkeep\n|turn|5\n|inactive|kaleb099 has 30 seconds left.\n|\n|t:|1788446617\n|move|p2a: Incineroar|Fake Out|p1a: Empoleon\n|-resisted|p1a: Empoleon|1\n|-damage|p1a: Empoleon|92/100\n|cant|p1a: Empoleon|flinch\n|move|p1b: Mimikyu|Swords Dance|p1b: Mimikyu\n|-boost|p1b: Mimikyu|atk|2\n|move|p2b: Palafin|Close Combat|p1a: Empoleon\n|-supereffective|p1a: Empoleon|1\n|-damage|p1a: Empoleon|0 fnt\n|-unboost|p2b: Palafin|def|1\n|-unboost|p2b: Palafin|spd|1\n|faint|p1a: Empoleon\n|\n|upkeep\n|turn|6\n|inactive|jakthegreat has 30 seconds left.\n|\n|t:|1788446643\n|move|p2b: Palafin|Aqua Jet|p1b: Mimikyu\n|-activate|p1b: Mimikyu|ability: Disguise\n|-damage|p1b: Mimikyu|100/100\n|detailschange|p1b: Mimikyu|Mimikyu-Busted, L50, F\n|-damage|p1b: Mimikyu|87/100|[from] pokemon: Mimikyu-Busted\n|move|p2a: Incineroar|Darkest Lariat|p1b: Mimikyu\n|-damage|p1b: Mimikyu|37/100\n|move|p1b: Mimikyu|Play Rough|p2b: Palafin\n|-damage|p2b: Palafin|0 fnt\n|faint|p2b: Palafin\n|-damage|p1b: Mimikyu|27/100|[from] item: Life Orb\n|\n|upkeep\n|\n|t:|1788446651\n|switch|p2b: Dragalge|Dragalge-Mega, L50, M|44/100\n|turn|7\n|\n|t:|1788446662\n|move|p2b: Dragalge|Scald|p1b: Mimikyu\n|-damage|p1b: Mimikyu|0 fnt\n|faint|p1b: Mimikyu\n|\n|win|jakthegreat\n|raw|kaleb099's rating: 1104 &rarr; <strong>1072</strong><br />(-32 for losing)\n|raw|jakthegreat's rating: 1010 &rarr; <strong>1059</strong><br />(+49 for winning)\n","uploadtime":1788446674,"views":"9","formatid":"gen9championsvgc2026regmb","rating":1059,"private":0,"password":null}