{"id":"gen9championsvgc2026regmb-2674359682","format":"[Gen 9 Champions] VGC 2026 Reg M-B","players":["scorina","bigbadbirdvgc"],"log":"|j|☆scorina\n|j|☆bigbadbirdvgc\n|t:|1788348535\n|gametype|doubles\n|player|p1|scorina|1|1673\n|player|p2|bigbadbirdvgc|2|1638\n|gen|9\n|tier|[Gen 9 Champions] VGC 2026 Reg M-B\n|rated|\n|rule|Species Clause: Limit one of each Pokémon\n|rule|Item Clause: Limit 1 of each item\n|clearpoke\n|poke|p1|Tyranitar, L50, M|\n|poke|p1|Excadrill, L50, F|\n|poke|p1|Scovillain, L50, M|\n|poke|p1|Primarina, L50, M|\n|poke|p1|Farigiraf, L50, M|\n|poke|p1|Sneasler, L50, F|\n|poke|p2|Sableye, L50, F|\n|poke|p2|Basculegion, L50, M|\n|poke|p2|Archaludon, L50, F|\n|poke|p2|Gardevoir, L50, M|\n|poke|p2|Staraptor, L50, F|\n|poke|p2|Sinistcha, L50|\n|teampreview|4\n|inactive|Battle timer is ON: inactive players will automatically lose when time's up. (requested by scorina)\n|\n|t:|1788348570\n|teamsize|p1|4\n|teamsize|p2|4\n|start\n|switch|p1a: Excadrill|Excadrill, L50, F|100/100\n|switch|p1b: Primarina|Primarina, L50, M|100/100\n|switch|p2a: Sableye|Sableye, L50, F|100/100\n|switch|p2b: Archaludon|Archaludon, L50, F|100/100\n|turn|1\n|\n|t:|1788348591\n|switch|p1b: Farigiraf|Farigiraf, L50, M|100/100\n|move|p2b: Archaludon|Protect|p2b: Archaludon\n|-singleturn|p2b: Archaludon|Protect\n|move|p2a: Sableye|Will-O-Wisp||[still]\n|cant|p1b: Farigiraf|ability: Armor Tail|Will-O-Wisp|[of] p2a: Sableye\n|move|p1a: Excadrill|High Horsepower|p2b: Archaludon\n|-activate|p2b: Archaludon|move: Protect\n|\n|upkeep\n|turn|2\n|inactive|bigbadbirdvgc has 30 seconds left.\n|\n|t:|1788348618\n|switch|p2a: Staraptor|Staraptor, L50, F|100/100\n|-ability|p2a: Staraptor|Intimidate|boost\n|-unboost|p1a: Excadrill|atk|1\n|-unboost|p1b: Farigiraf|atk|1\n|move|p1a: Excadrill|High Horsepower|p2b: Archaludon\n|-supereffective|p2b: Archaludon|1\n|-damage|p2b: Archaludon|45/100\n|-ability|p2b: Archaludon|Stamina|boost\n|-boost|p2b: Archaludon|def|1\n|move|p2b: Archaludon|Aura Sphere|p1a: Excadrill\n|-supereffective|p1a: Excadrill|1\n|-damage|p1a: Excadrill|28/100\n|move|p1b: Farigiraf|Nasty Plot|p1b: Farigiraf\n|-boost|p1b: Farigiraf|spa|2\n|\n|-heal|p2b: Archaludon|52/100|[from] item: Leftovers\n|upkeep\n|turn|3\n|inactive|scorina has 30 seconds left.\n|inactive|bigbadbirdvgc has 30 seconds left.\n|\n|t:|1788348645\n|switch|p1a: Primarina|Primarina, L50, M|100/100\n|detailschange|p2a: Staraptor|Staraptor-Mega, L50, F\n|-mega|p2a: Staraptor|Staraptor|Staraptite\n|move|p2a: Staraptor|Close Combat|p1b: Farigiraf\n|-damage|p1b: Farigiraf|52/100\n|-boost|p2a: Staraptor|def|1\n|-boost|p2a: Staraptor|spd|1\n|move|p2b: Archaludon|Flash Cannon|p1b: Farigiraf\n|-damage|p1b: Farigiraf|20/100y\n|-enditem|p1b: Farigiraf|Sitrus Berry|[eat]\n|-heal|p1b: Farigiraf|45/100|[from] item: Sitrus Berry\n|move|p1b: Farigiraf|Trick Room|p1b: Farigiraf\n|-fieldstart|move: Trick Room|[of] p1b: Farigiraf\n|\n|-heal|p2b: Archaludon|58/100|[from] item: Leftovers\n|upkeep\n|turn|4\n|inactive|bigbadbirdvgc has 30 seconds left.\n|inactive|bigbadbirdvgc has 20 seconds left.\n|\n|t:|1788348684\n|move|p2a: Staraptor|Protect|p2a: Staraptor\n|-singleturn|p2a: Staraptor|Protect\n|move|p1a: Primarina|Calm Mind|p1a: Primarina\n|-boost|p1a: Primarina|spa|1\n|-boost|p1a: Primarina|spd|1\n|move|p1b: Farigiraf|Psychic|p2a: Staraptor\n|-activate|p2a: Staraptor|move: Protect\n|move|p2b: Archaludon|Flash Cannon|p1a: Primarina\n|-damage|p1a: Primarina|77/100\n|\n|-heal|p1a: Primarina|84/100|[from] item: Leftovers\n|-heal|p2b: Archaludon|64/100|[from] item: Leftovers\n|upkeep\n|turn|5\n|inactive|scorina has 30 seconds left.\n|j| srilegi007\n|inactive|scorina has 20 seconds left.\n|inactive|scorina has 15 seconds left.\n|\n|t:|1788348732\n|switch|p2a: Sableye|Sableye, L50, F|100/100\n|move|p1a: Primarina|Moonblast|p2b: Archaludon\n|-damage|p2b: Archaludon|0 fnt\n|faint|p2b: Archaludon\n|move|p1b: Farigiraf|Psychic|p2a: Sableye\n|-immune|p2a: Sableye\n|\n|-heal|p1a: Primarina|90/100|[from] item: Leftovers\n|upkeep\n|\n|t:|1788348742\n|switch|p2b: Staraptor|Staraptor-Mega, L50, F|100/100\n|turn|6\n|\n|t:|1788348759\n|move|p2a: Sableye|Light Screen|p2a: Sableye\n|-sidestart|p2: bigbadbirdvgc|move: Light Screen\n|move|p1a: Primarina|Moonblast|p2a: Sableye\n|-supereffective|p2a: Sableye|1\n|-enditem|p2a: Sableye|Roseli Berry|[eat]\n|-enditem|p2a: Sableye|Roseli Berry|[weaken]\n|-damage|p2a: Sableye|47/100\n|move|p1b: Farigiraf|Psychic|p2b: Staraptor\n|-supereffective|p2b: Staraptor|1\n|-damage|p2b: Staraptor|11/100\n|move|p2b: Staraptor|Close Combat|p1b: Farigiraf\n|-damage|p1b: Farigiraf|0 fnt\n|-boost|p2b: Staraptor|def|1\n|-boost|p2b: Staraptor|spd|1\n|faint|p1b: Farigiraf\n|\n|-heal|p1a: Primarina|96/100|[from] item: Leftovers\n|upkeep\n|inactive|scorina has 30 seconds left.\n|\n|t:|1788348790\n|switch|p1b: Tyranitar|Tyranitar, L50, M|100/100\n|-weather|Sandstorm|[from] ability: Sand Stream|[of] p1b: Tyranitar\n|turn|7\n|j| gibranizm\n|inactive|scorina has 30 seconds left.\n|\n|t:|1788348822\n|detailschange|p1b: Tyranitar|Tyranitar-Mega, L50, M\n|-mega|p1b: Tyranitar|Tyranitar|Tyranitarite\n|move|p2b: Staraptor|Protect|p2b: Staraptor\n|-singleturn|p2b: Staraptor|Protect\n|move|p2a: Sableye|Rain Dance|p2a: Sableye\n|-weather|RainDance\n|move|p1a: Primarina|Moonblast|p2b: Staraptor\n|-activate|p2b: Staraptor|move: Protect\n|move|p1b: Tyranitar|Dragon Dance|p1b: Tyranitar\n|-boost|p1b: Tyranitar|atk|1\n|-boost|p1b: Tyranitar|spe|1\n|\n|-weather|RainDance|[upkeep]\n|-heal|p1a: Primarina|100/100|[from] item: Leftovers\n|-fieldend|move: Trick Room\n|upkeep\n|turn|8\n|inactive|bigbadbirdvgc has 30 seconds left.\n|inactive|scorina has 30 seconds left.\n|inactive|scorina has 20 seconds left.\n|\n|t:|1788348874\n|switch|p2a: Basculegion|Basculegion, L50, M|100/100\n|move|p1b: Tyranitar|Rock Slide|p2b: Staraptor|[spread] p2b\n|-miss|p1b: Tyranitar|p2a: Basculegion\n|-damage|p2b: Staraptor|0 fnt\n|faint|p2b: Staraptor\n|move|p1a: Primarina|Moonblast|p2a: Basculegion\n|-damage|p2a: Basculegion|54/100\n|\n|-weather|RainDance|[upkeep]\n|upkeep\n|\n|t:|1788348885\n|switch|p2b: Sableye|Sableye, L50, F|47/100\n|turn|9\n|j| stehem\n|inactive|scorina has 30 seconds left.\n|\n|t:|1788348911\n|move|p1b: Tyranitar|Protect|p1b: Tyranitar\n|-singleturn|p1b: Tyranitar|Protect\n|move|p2a: Basculegion|Last Respects|p1a: Primarina\n|-damage|p1a: Primarina|18/100\n|move|p1a: Primarina|Moonblast|p2b: Sableye\n|-supereffective|p2b: Sableye|1\n|-crit|p2b: Sableye\n|-damage|p2b: Sableye|0 fnt\n|faint|p2b: Sableye\n|\n|-weather|RainDance|[upkeep]\n|-heal|p1a: Primarina|24/100|[from] item: Leftovers\n|upkeep\n|turn|10\n|-message|bigbadbirdvgc forfeited.\n|\n|win|scorina\n|raw|scorina's rating: 1673 &rarr; <strong>1691</strong><br />(+18 for winning)\n|raw|bigbadbirdvgc's rating: 1638 &rarr; <strong>1620</strong><br />(-18 for losing)\n|l|☆bigbadbirdvgc\n|player|p2|\n","uploadtime":1788348928,"views":"0","formatid":"gen9championsvgc2026regmb","rating":1620,"private":0,"password":null}