{"id":"gen9championsvgc2026regmbbo3-2674511788","format":"[Gen 9 Champions] VGC 2026 Reg M-B (Bo3)","players":["Flipsicle","bronzongbroomsvgc"],"log":"|j|☆Flipsicle\n|j|☆bronzongbroomsvgc\n|html|<table width=\"100%\"><tr><td align=\"left\">Flipsicle</td><td align=\"right\">bronzongbroomsvgc</tr><tr><td align=\"left\"><i class=\"fa fa-circle\"></i> <i class=\"fa fa-circle-o\"></i> </td><td align=\"right\"><i class=\"fa fa-circle-o\"></i> <i class=\"fa fa-circle-o\"></i> </tr></table>\n|uhtml|bestof|<h2><strong>Game 2</strong> of <a href=\"/game-bestof3-gen9championsvgc2026regmbbo3-2674508850\">a best-of-3</a></h2>\n|t:|1788368475\n|gametype|doubles\n|player|p1|Flipsicle|elesa-masters|\n|player|p2|bronzongbroomsvgc|1|\n|gen|9\n|tier|[Gen 9 Champions] VGC 2026 Reg M-B (Bo3)\n|rule|Species Clause: Limit one of each Pokémon\n|rule|Item Clause: Limit 1 of each item\n|clearpoke\n|poke|p1|Dragonite, L50, F|\n|poke|p1|Sylveon, L50, M|\n|poke|p1|Sneasler, L50, M|\n|poke|p1|Aerodactyl, L50, M|\n|poke|p1|Garchomp, L50, F|\n|poke|p1|Kingambit, L50, M|\n|poke|p2|Toxapex, L50, M|\n|poke|p2|Incineroar, L50, F|\n|poke|p2|Sinistcha, L50|\n|poke|p2|Charizard, L50, M|\n|poke|p2|Floette-Eternal, L50, F|\n|poke|p2|Garchomp, L50, F|\n|teampreview|4\n|showteam|p1|Dragonite||Dragoninite|Multiscale|DragonPulse,HeatWave,ExtremeSpeed,Protect|Modest||F|||50|]Sylveon||ChoiceScarf|Pixilate|HyperVoice,HyperBeam,Moonblast,QuickAttack|Timid||M|||50|]Sneasler||FocusSash|PoisonTouch|PoisonJab,CloseCombat,FakeOut,Protect|Adamant||M|||50|]Aerodactyl||Aerodactylite|Unnerve|DualWingbeat,Protect,WideGuard,Tailwind|Adamant||M|||50|]Garchomp||LifeOrb|RoughSkin|Earthquake,DragonClaw,RockSlide,Protect|Jolly||F|||50|]Kingambit||ChopleBerry|Defiant|KowtowCleave,SuckerPunch,IronHead,Protect|Adamant||M|||50|\n|showteam|p2|Toxapex||Leftovers|Regenerator|BanefulBunker,WideGuard,Toxic,Infestation|Relaxed||M|||50|]Incineroar||SitrusBerry|Intimidate|FakeOut,ThroatChop,FlareBlitz,PartingShot|Adamant||F|||50|]Sinistcha||ColburBerry|Hospitality|MatchaGotcha,TrickRoom,Protect,RagePowder|Quiet|||||50|]Charizard||CharizarditeY|Blaze|HeatWave,AncientPower,WeatherBall,Protect|Timid||M|||50|]Floette-Eternal||Floettite|FlowerVeil|Moonblast,DazzlingGleam,LightofRuin,Protect|Modest||F|||50|]Garchomp||ChoiceScarf|RoughSkin|Earthquake,RockSlide,DragonClaw,StompingTantrum|Adamant||F|||50|\n|c|☆Flipsicle|glhf\n|c|☆bronzongbroomsvgc|u2\n|\n|t:|1788368530\n|teamsize|p1|4\n|teamsize|p2|4\n|start\n|switch|p1a: Sneasler|Sneasler, L50, M|100/100\n|switch|p1b: Garchomp|Garchomp, L50, F|100/100\n|switch|p2a: Charizard|Charizard, L50, M|100/100\n|switch|p2b: Garchomp|Garchomp, L50, F|100/100\n|turn|1\n|\n|t:|1788368542\n|switch|p2a: Incineroar|Incineroar, L50, F|100/100\n|-ability|p2a: Incineroar|Intimidate|boost\n|-unboost|p1a: Sneasler|atk|1\n|-unboost|p1b: Garchomp|atk|1\n|move|p2b: Garchomp|Dragon Claw|p1b: Garchomp\n|-supereffective|p1b: Garchomp|1\n|-damage|p1b: Garchomp|16/100\n|-damage|p2b: Garchomp|87/100|[from] ability: Rough Skin|[of] p1b: Garchomp\n|move|p1a: Sneasler|Close Combat|p2b: Garchomp\n|-damage|p2b: Garchomp|48/100\n|-unboost|p1a: Sneasler|def|1\n|-unboost|p1a: Sneasler|spd|1\n|-damage|p1a: Sneasler|87/100|[from] ability: Rough Skin|[of] p2b: Garchomp\n|-status|p2b: Garchomp|psn|[from] ability: Poison Touch|[of] p1a: Sneasler\n|move|p1b: Garchomp|Dragon Claw|p2b: Garchomp\n|-supereffective|p2b: Garchomp|1\n|-damage|p2b: Garchomp|0 fnt\n|-damage|p1b: Garchomp|4/100|[from] ability: Rough Skin|[of] p2b: Garchomp\n|faint|p2b: Garchomp\n|-damage|p1b: Garchomp|0 fnt|[from] item: Life Orb\n|faint|p1b: Garchomp\n|\n|upkeep\n|\n|t:|1788368562\n|switch|p1b: Aerodactyl|Aerodactyl, L50, M|100/100\n|switch|p2b: Charizard|Charizard, L50, M|100/100\n|-ability|p1b: Aerodactyl|Unnerve\n|turn|2\n|c|☆bronzongbroomsvgc|nice rock slide\n|c|☆Flipsicle|bro i changed it on champions\n|c|☆bronzongbroomsvgc|lmfao\n|c|☆Flipsicle|i have the unedited version here\n|c|☆Flipsicle|i had low kick on my gambit too\n|c|☆bronzongbroomsvgc|lol\n|\n|t:|1788368626\n|detailschange|p1b: Aerodactyl|Aerodactyl-Mega, L50, M\n|-mega|p1b: Aerodactyl|Aerodactyl|Aerodactylite\n|detailschange|p2b: Charizard|Charizard-Mega-Y, L50, M\n|-mega|p2b: Charizard|Charizard|Charizardite Y\n|-weather|SunnyDay|[from] ability: Drought|[of] p2b: Charizard\n|move|p1b: Aerodactyl|Protect|p1b: Aerodactyl\n|-singleturn|p1b: Aerodactyl|Protect\n|move|p1a: Sneasler|Protect|p1a: Sneasler\n|-singleturn|p1a: Sneasler|Protect\n|move|p2b: Charizard|Weather Ball|p1a: Sneasler\n|-activate|p1a: Sneasler|move: Protect\n|move|p2a: Incineroar|Parting Shot|p1b: Aerodactyl\n|-activate|p1b: Aerodactyl|move: Protect\n|\n|-weather|SunnyDay|[upkeep]\n|upkeep\n|turn|3\n|\n|t:|1788368650\n|move|p1b: Aerodactyl|Dual Wingbeat|p2b: Charizard\n|-damage|p2b: Charizard|64/100\n|-damage|p2b: Charizard|30/100\n|-hitcount|p2b: Charizard|2\n|move|p1a: Sneasler|Close Combat|p2a: Incineroar\n|-supereffective|p2a: Incineroar|1\n|-damage|p2a: Incineroar|20/100r\n|-unboost|p1a: Sneasler|def|1\n|-unboost|p1a: Sneasler|spd|1\n|-status|p2a: Incineroar|psn|[from] ability: Poison Touch|[of] p1a: Sneasler\n|-enditem|p2a: Incineroar|Sitrus Berry|[eat]\n|-heal|p2a: Incineroar|44/100 psn|[from] item: Sitrus Berry\n|move|p2b: Charizard|Heat Wave|p1a: Sneasler|[spread] p1a,p1b\n|-resisted|p1b: Aerodactyl|1\n|-damage|p1a: Sneasler|0 fnt\n|-damage|p1b: Aerodactyl|68/100\n|-status|p1b: Aerodactyl|brn\n|faint|p1a: Sneasler\n|move|p2a: Incineroar|Parting Shot|p1b: Aerodactyl\n|-unboost|p1b: Aerodactyl|atk|1\n|-unboost|p1b: Aerodactyl|spa|1\n|c|☆Flipsicle|nice man\n|\n|t:|1788368667\n|switch|p2a: Toxapex|Toxapex, L50, M|100/100|[from] Parting Shot\n|\n|-weather|SunnyDay|[upkeep]\n|-damage|p1b: Aerodactyl|62/100 brn|[from] brn\n|upkeep\n|c|☆bronzongbroomsvgc|ya\n|\n|t:|1788368670\n|switch|p1a: Sylveon|Sylveon, L50, M|100/100\n|turn|4\n|\n|t:|1788368688\n|switch|p2b: Incineroar|Incineroar, L50, F|44/100 psn\n|-ability|p2b: Incineroar|Intimidate|boost\n|-unboost|p1a: Sylveon|atk|1\n|-unboost|p1b: Aerodactyl|atk|1\n|move|p1b: Aerodactyl|Dual Wingbeat|p2b: Incineroar\n|-damage|p2b: Incineroar|37/100 psn\n|-damage|p2b: Incineroar|31/100 psn\n|-hitcount|p2b: Incineroar|2\n|move|p1a: Sylveon|Moonblast|p2a: Toxapex\n|-resisted|p2a: Toxapex|1\n|-damage|p2a: Toxapex|82/100\n|move|p2a: Toxapex|Toxic|p1a: Sylveon\n|-status|p1a: Sylveon|tox\n|\n|-weather|SunnyDay|[upkeep]\n|-heal|p2a: Toxapex|88/100|[from] item: Leftovers\n|-damage|p1a: Sylveon|94/100 tox|[from] psn\n|-damage|p2b: Incineroar|18/100 psn|[from] psn\n|-damage|p1b: Aerodactyl|56/100 brn|[from] brn\n|upkeep\n|turn|5\n|\n|t:|1788368709\n|move|p2b: Incineroar|Fake Out|p1a: Sylveon\n|-damage|p1a: Sylveon|75/100 tox\n|move|p1b: Aerodactyl|Dual Wingbeat|p2b: Incineroar\n|-damage|p2b: Incineroar|11/100 psn\n|-damage|p2b: Incineroar|3/100 psn\n|-hitcount|p2b: Incineroar|2\n|cant|p1a: Sylveon|flinch\n|move|p2a: Toxapex|Infestation|p1b: Aerodactyl\n|-resisted|p1b: Aerodactyl|1\n|-damage|p1b: Aerodactyl|54/100 brn\n|-activate|p1b: Aerodactyl|move: Infestation|[of] p2a: Toxapex\n|\n|-weather|SunnyDay|[upkeep]\n|-heal|p2a: Toxapex|94/100|[from] item: Leftovers\n|-damage|p1a: Sylveon|63/100 tox|[from] psn\n|-damage|p2b: Incineroar|0 fnt|[from] psn\n|faint|p2b: Incineroar\n|-damage|p1b: Aerodactyl|49/100 brn|[from] brn\n|-damage|p1b: Aerodactyl|36/100 brn|[from] move: Infestation|[partiallytrapped]\n|upkeep\n|\n|t:|1788368725\n|switch|p2b: Charizard|Charizard-Mega-Y, L50, M|30/100\n|turn|6\n|\n|t:|1788368734\n|move|p2b: Charizard|Protect|p2b: Charizard\n|-singleturn|p2b: Charizard|Protect\n|move|p1b: Aerodactyl|Dual Wingbeat|p2a: Toxapex\n|-damage|p2a: Toxapex|89/100\n|-damage|p2a: Toxapex|83/100\n|-hitcount|p2a: Toxapex|2\n|move|p1a: Sylveon|Moonblast|p2a: Toxapex\n|-resisted|p2a: Toxapex|1\n|-damage|p2a: Toxapex|66/100\n|-unboost|p2a: Toxapex|spa|1\n|move|p2a: Toxapex|Infestation|p1a: Sylveon\n|-resisted|p1a: Sylveon|1\n|-damage|p1a: Sylveon|63/100 tox\n|-activate|p1a: Sylveon|move: Infestation|[of] p2a: Toxapex\n|\n|-weather|none\n|-heal|p2a: Toxapex|72/100|[from] item: Leftovers\n|-damage|p1a: Sylveon|45/100 tox|[from] psn\n|-damage|p1b: Aerodactyl|31/100 brn|[from] brn\n|-damage|p1b: Aerodactyl|19/100 brn|[from] move: Infestation|[partiallytrapped]\n|-damage|p1a: Sylveon|33/100 tox|[from] move: Infestation|[partiallytrapped]\n|upkeep\n|turn|7\n|\n|t:|1788368754\n|move|p1b: Aerodactyl|Dual Wingbeat|p2b: Charizard|[miss]\n|-miss|p1b: Aerodactyl|p2b: Charizard\n|move|p1a: Sylveon|Moonblast|p2b: Charizard\n|-resisted|p2b: Charizard|1\n|-damage|p2b: Charizard|9/100\n|move|p2b: Charizard|Ancient Power|p1b: Aerodactyl\n|-supereffective|p1b: Aerodactyl|1\n|-damage|p1b: Aerodactyl|0 fnt\n|faint|p1b: Aerodactyl\n|move|p2a: Toxapex|Infestation|p1a: Sylveon\n|-resisted|p1a: Sylveon|1\n|-damage|p1a: Sylveon|33/100 tox\n|\n|-heal|p2a: Toxapex|78/100|[from] item: Leftovers\n|-damage|p1a: Sylveon|9/100 tox|[from] psn\n|-damage|p1a: Sylveon|0 fnt|[from] move: Infestation|[partiallytrapped]\n|faint|p1a: Sylveon\n|\n|win|bronzongbroomsvgc\n||Flipsicle is ready for game 3.\n|inactive|bronzongbroomsvgc has 30 seconds to confirm battle start!\n||bronzongbroomsvgc is ready for game 3.\n|uhtml|next|Next: <a href=\"/battle-gen9championsvgc2026regmbbo3-2674514274\"><strong>Game 3 of 3</strong></a>\n|l|☆Flipsicle\n|player|p1|\n|j|☆Flipsicle\n|player|p1|Flipsicle|elesa-masters|\n","uploadtime":1788369173,"views":"2","formatid":"gen9championsvgc2026regmbbo3","rating":null,"private":0,"password":null}