{"id":"gen9championsvgc2026regmb-2674887586","format":"[Gen 9 Champions] VGC 2026 Reg M-B","players":["Tequilsaurus","void2008"],"log":"|j|☆Tequilsaurus\n|j|☆void2008\n|t:|1788429516\n|gametype|doubles\n|player|p1|Tequilsaurus|265|1104\n|player|p2|void2008|hilbert|1101\n|gen|9\n|tier|[Gen 9 Champions] VGC 2026 Reg M-B\n|rated|\n|rule|Species Clause: Limit one of each Pokémon\n|rule|Item Clause: Limit 1 of each item\n|clearpoke\n|poke|p1|Scrafty, L50, F|\n|poke|p1|Meowscarada, L50, F|\n|poke|p1|Sinistcha-Masterpiece, L50|\n|poke|p1|Lucario, L50, M|\n|poke|p1|Grimmsnarl, L50, M|\n|poke|p1|Ceruledge, L50, M|\n|poke|p2|Glalie, L50, F|\n|poke|p2|Whimsicott, L50, M|\n|poke|p2|Basculegion, L50, M|\n|poke|p2|Kingambit, L50, M|\n|poke|p2|Incineroar, L50, M|\n|poke|p2|Raichu, L50, F|\n|teampreview|4\n|\n|t:|1788429534\n|teamsize|p1|4\n|teamsize|p2|4\n|start\n|switch|p1a: Scrafty|Scrafty, L50, F|100/100\n|switch|p1b: Lucario|Lucario, L50, M|100/100\n|switch|p2a: Glalie|Glalie, L50, F|100/100\n|switch|p2b: Whimsicott|Whimsicott, L50, M|100/100\n|turn|1\n|\n|t:|1788429561\n|switch|p2a: Incineroar|Incineroar, L50, M|100/100\n|-ability|p2a: Incineroar|Intimidate|boost\n|-unboost|p1a: Scrafty|atk|1\n|-fail|p1b: Lucario|unboost|atk|[from] ability: Inner Focus|[of] p1b: Lucario\n|move|p2b: Whimsicott|Tailwind|p2b: Whimsicott\n|-sidestart|p2: void2008|move: Tailwind\n|move|p1b: Lucario|Nasty Plot|p1b: Lucario\n|-boost|p1b: Lucario|spa|2\n|move|p1a: Scrafty|Poison Jab|p2b: Whimsicott\n|-supereffective|p2b: Whimsicott|2\n|-damage|p2b: Whimsicott|12/100\n|\n|upkeep\n|turn|2\n|\n|t:|1788429584\n|switch|p1a: Ceruledge|Ceruledge, L50, M|100/100\n|move|p2b: Whimsicott|Protect|p2b: Whimsicott\n|-singleturn|p2b: Whimsicott|Protect\n|move|p1b: Lucario|Vacuum Wave|p2b: Whimsicott\n|-activate|p2b: Whimsicott|move: Protect\n|move|p2a: Incineroar|Parting Shot|p1b: Lucario\n|-unboost|p1b: Lucario|atk|1\n|-unboost|p1b: Lucario|spa|1\n|\n|t:|1788429596\n|switch|p2a: Glalie|Glalie, L50, F|100/100|[from] Parting Shot\n|\n|upkeep\n|turn|3\n|\n|t:|1788429608\n|detailschange|p2a: Glalie|Glalie-Mega, L50, F\n|-mega|p2a: Glalie|Glalie|Glalitite\n|move|p2b: Whimsicott|Helping Hand|p2a: Glalie\n|-singleturn|p2a: Glalie|Helping Hand|[of] p2b: Whimsicott\n|move|p1b: Lucario|Vacuum Wave|p2b: Whimsicott\n|-resisted|p2b: Whimsicott|1\n|-damage|p2b: Whimsicott|0 fnt\n|faint|p2b: Whimsicott\n|move|p2a: Glalie|Explosion|p1a: Ceruledge|[spread] p1a,p1b\n|-resisted|p1a: Ceruledge|1\n|-resisted|p1b: Lucario|1\n|-crit|p1b: Lucario\n|-damage|p1a: Ceruledge|0 fnt\n|-damage|p1b: Lucario|0 fnt\n|faint|p2a: Glalie\n|faint|p1a: Ceruledge\n|faint|p1b: Lucario\n|\n|upkeep\n|\n|t:|1788429623\n|switch|p2b: Basculegion|Basculegion, L50, M|100/100\n|switch|p1a: Scrafty|Scrafty, L50, F|100/100\n|switch|p2a: Incineroar|Incineroar, L50, M|100/100\n|switch|p1b: Sinistcha|Sinistcha-Masterpiece, L50|100/100\n|-ability|p2a: Incineroar|Intimidate|boost\n|-unboost|p1a: Scrafty|atk|1\n|-unboost|p1b: Sinistcha|atk|1\n|turn|4\n|\n|t:|1788429652\n|detailschange|p1a: Scrafty|Scrafty-Mega, L50, F\n|-mega|p1a: Scrafty|Scrafty|Scraftinite\n|-ability|p1a: Scrafty|Intimidate|boost\n|-unboost|p2a: Incineroar|atk|1\n|-unboost|p2b: Basculegion|atk|1\n|move|p2b: Basculegion|Last Respects|p1b: Sinistcha\n|-supereffective|p1b: Sinistcha|1\n|-damage|p1b: Sinistcha|0 fnt\n|faint|p1b: Sinistcha\n|move|p2a: Incineroar|Flare Blitz|p1a: Scrafty\n|-damage|p1a: Scrafty|74/100\n|-status|p1a: Scrafty|brn\n|-damage|p2a: Incineroar|93/100|[from] Recoil\n|move|p1a: Scrafty|Assurance|p2b: Basculegion\n|-supereffective|p2b: Basculegion|1\n|-damage|p2b: Basculegion|72/100\n|\n|-damage|p1a: Scrafty|68/100 brn|[from] brn\n|-sideend|p2: void2008|move: Tailwind\n|upkeep\n|turn|5\n|\n|t:|1788429677\n|move|p2a: Incineroar|Helping Hand|p2b: Basculegion\n|-singleturn|p2b: Basculegion|Helping Hand|[of] p2a: Incineroar\n|move|p2b: Basculegion|Last Respects|p1a: Scrafty\n|-resisted|p1a: Scrafty|1\n|-damage|p1a: Scrafty|30/100 brn\n|move|p1a: Scrafty|Assurance|p2b: Basculegion\n|-supereffective|p2b: Basculegion|1\n|-damage|p2b: Basculegion|47/100\n|\n|-damage|p1a: Scrafty|23/100 brn|[from] brn\n|upkeep\n|turn|6\n|\n|t:|1788429689\n|move|p2a: Incineroar|Helping Hand|p2b: Basculegion\n|-singleturn|p2b: Basculegion|Helping Hand|[of] p2a: Incineroar\n|move|p2b: Basculegion|Aqua Jet|p1a: Scrafty\n|-damage|p1a: Scrafty|1/100 brn\n|move|p1a: Scrafty|Drain Punch|p2a: Incineroar\n|-supereffective|p2a: Incineroar|1\n|-damage|p2a: Incineroar|67/100\n|-heal|p1a: Scrafty|17/100 brn|[from] drain|[of] p2a: Incineroar\n|\n|-damage|p1a: Scrafty|11/100 brn|[from] brn\n|upkeep\n|turn|7\n|\n|t:|1788429704\n|move|p2b: Basculegion|Aqua Jet|p1a: Scrafty\n|-damage|p1a: Scrafty|0 fnt\n|faint|p1a: Scrafty\n|\n|win|void2008\n|raw|Tequilsaurus's rating: 1104 &rarr; <strong>1079</strong><br />(-25 for losing)\n|raw|void2008's rating: 1101 &rarr; <strong>1126</strong><br />(+25 for winning)\n|l|☆Tequilsaurus\n|player|p1|\n","uploadtime":1788429714,"views":"1","formatid":"gen9championsvgc2026regmb","rating":1079,"private":0,"password":null}