{"id":"gen9championsvgc2026regmb-2674679221","format":"[Gen 9 Champions] VGC 2026 Reg M-B","players":["Tarus_Xiliuxs","benenelius"],"log":"|j|☆Tarus_Xiliuxs\n|j|☆benenelius\n|t:|1788389354\n|gametype|doubles\n|player|p1|Tarus_Xiliuxs|2|1121\n|player|p2|benenelius|101|1039\n|gen|9\n|tier|[Gen 9 Champions] VGC 2026 Reg M-B\n|rated|\n|rule|Species Clause: Limit one of each Pokémon\n|rule|Item Clause: Limit 1 of each item\n|clearpoke\n|poke|p1|Blastoise, L50, M|\n|poke|p1|Gholdengo, L50|\n|poke|p1|Sinistcha, L50|\n|poke|p1|Incineroar, L50, M|\n|poke|p1|Garchomp, L50, M|\n|poke|p1|Politoed, L50, F|\n|poke|p2|Delphox, L50, M, shiny|\n|poke|p2|Whimsicott, L50, F|\n|poke|p2|Morpeko, L50, M|\n|poke|p2|Annihilape, L50, F|\n|poke|p2|Garchomp, L50, M|\n|poke|p2|Glimmora, L50, F|\n|teampreview|4\n|\n|t:|1788389380\n|teamsize|p1|4\n|teamsize|p2|4\n|start\n|switch|p1a: Blastoise|Blastoise, L50, M|100/100\n|switch|p1b: Politoed|Politoed, L50, F|100/100\n|switch|p2a: Annihilape|Annihilape, L50, F|100/100\n|switch|p2b: Garchomp|Garchomp, L50, M|100/100\n|-weather|RainDance|[from] ability: Drizzle|[of] p1b: Politoed\n|turn|1\n|inactive|Battle timer is ON: inactive players will automatically lose when time's up. (requested by Tarus_Xiliuxs)\n|\n|t:|1788389412\n|move|p2b: Garchomp|Earthquake|p1b: Politoed|[spread] p2a,p1a,p1b\n|-damage|p2a: Annihilape|60/100\n|-damage|p1a: Blastoise|61/100\n|-damage|p1b: Politoed|55/100\n|move|p2a: Annihilape|Drain Punch|p1a: Blastoise\n|-damage|p1a: Blastoise|34/100\n|-heal|p2a: Annihilape|72/100|[from] drain|[of] p1a: Blastoise\n|move|p1a: Blastoise|Dark Pulse|p2a: Annihilape\n|-damage|p2a: Annihilape|57/100\n|move|p1b: Politoed|Muddy Water|p2a: Annihilape|[spread] p2a,p2b\n|-damage|p2a: Annihilape|27/100\n|-damage|p2b: Garchomp|52/100\n|\n|-weather|RainDance|[upkeep]\n|-heal|p1a: Blastoise|40/100|[from] ability: Rain Dish\n|-heal|p2a: Annihilape|33/100|[from] item: Leftovers\n|-heal|p1b: Politoed|61/100|[from] item: Leftovers\n|upkeep\n|turn|2\n|inactive|Tarus_Xiliuxs has 30 seconds left.\n|\n|t:|1788389439\n|switch|p1b: Sinistcha|Sinistcha, L50|100/100\n|-heal|p1a: Blastoise|65/100|[from] ability: Hospitality|[of] p1b: Sinistcha\n|move|p2b: Garchomp|Dragon Claw|p1b: Sinistcha\n|-damage|p1b: Sinistcha|57/100\n|move|p2a: Annihilape|Bulk Up|p2a: Annihilape\n|-boost|p2a: Annihilape|atk|1\n|-boost|p2a: Annihilape|def|1\n|move|p1a: Blastoise|Water Pulse|p2a: Annihilape\n|-damage|p2a: Annihilape|7/100\n|-start|p2a: Annihilape|confusion\n|\n|-weather|RainDance|[upkeep]\n|-heal|p1a: Blastoise|71/100|[from] ability: Rain Dish\n|-heal|p2a: Annihilape|13/100|[from] item: Leftovers\n|upkeep\n|turn|3\n|\n|t:|1788389462\n|switch|p1b: Politoed|Politoed, L50, F|61/100\n|-activate|p2a: Annihilape|confusion\n|move|p2a: Annihilape|Protect|p2a: Annihilape\n|-singleturn|p2a: Annihilape|Protect\n|move|p2b: Garchomp|Dragon Claw|p1a: Blastoise\n|-damage|p1a: Blastoise|25/100\n|move|p1a: Blastoise|Water Pulse|p2a: Annihilape\n|-activate|p2a: Annihilape|move: Protect\n|\n|-weather|RainDance|[upkeep]\n|-heal|p1a: Blastoise|31/100|[from] ability: Rain Dish\n|-heal|p2a: Annihilape|19/100|[from] item: Leftovers\n|-heal|p1b: Politoed|67/100|[from] item: Leftovers\n|upkeep\n|turn|4\n|\n|t:|1788389486\n|switch|p1b: Sinistcha|Sinistcha, L50|57/100\n|-heal|p1a: Blastoise|56/100|[from] ability: Hospitality|[of] p1b: Sinistcha\n|detailschange|p1a: Blastoise|Blastoise-Mega, L50, M\n|-mega|p1a: Blastoise|Blastoise|Blastoisinite\n|move|p2b: Garchomp|Dragon Claw|p1a: Blastoise\n|-damage|p1a: Blastoise|13/100\n|-activate|p2a: Annihilape|confusion\n|move|p2a: Annihilape|Rage Fist|p1b: Sinistcha\n|-supereffective|p1b: Sinistcha|1\n|-damage|p1b: Sinistcha|0 fnt\n|faint|p1b: Sinistcha\n|move|p1a: Blastoise|Dark Pulse|p2a: Annihilape\n|-damage|p2a: Annihilape|0 fnt\n|faint|p2a: Annihilape\n|\n|-weather|RainDance|[upkeep]\n|upkeep\n|\n|t:|1788389502\n|switch|p2a: Morpeko|Morpeko, L50, M|100/100\n|switch|p1b: Politoed|Politoed, L50, F|67/100\n|turn|5\n|\n|t:|1788389508\n|move|p1a: Blastoise|Protect|p1a: Blastoise\n|-singleturn|p1a: Blastoise|Protect\n|move|p1b: Politoed|Protect|p1b: Politoed\n|-singleturn|p1b: Politoed|Protect\n|move|p2b: Garchomp|Dragon Claw|p1a: Blastoise\n|-activate|p1a: Blastoise|move: Protect\n|move|p2a: Morpeko|Aura Wheel|p1b: Politoed\n|-activate|p1b: Politoed|move: Protect\n|\n|-weather|none\n|-heal|p1b: Politoed|73/100|[from] item: Leftovers\n|-formechange|p2a: Morpeko|Morpeko-Hangry|\n|upkeep\n|turn|6\n|\n|t:|1788389523\n|move|p2a: Morpeko|Protect|p2a: Morpeko\n|-singleturn|p2a: Morpeko|Protect\n|move|p2b: Garchomp|Earthquake|p1a: Blastoise|[spread] p1a,p1b\n|-activate|p2a: Morpeko|move: Protect\n|-damage|p1a: Blastoise|0 fnt\n|-damage|p1b: Politoed|34/100\n|faint|p1a: Blastoise\n|move|p1b: Politoed|Muddy Water|p2b: Garchomp|[spread] p2b\n|-activate|p2a: Morpeko|move: Protect\n|-damage|p2b: Garchomp|20/100y\n|-unboost|p2b: Garchomp|accuracy|1\n|\n|-heal|p1b: Politoed|40/100|[from] item: Leftovers\n|-formechange|p2a: Morpeko|Morpeko|\n|upkeep\n|\n|t:|1788389536\n|switch|p1a: Garchomp|Garchomp, L50, M|100/100\n|turn|7\n|\n|t:|1788389544\n|move|p2b: Garchomp|Dragon Claw|p1a: Garchomp\n|-supereffective|p1a: Garchomp|1\n|-damage|p1a: Garchomp|4/100\n|-damage|p2b: Garchomp|8/100|[from] ability: Rough Skin|[of] p1a: Garchomp\n|move|p1a: Garchomp|Dragon Claw|p2b: Garchomp\n|-supereffective|p2b: Garchomp|1\n|-damage|p2b: Garchomp|0 fnt\n|-damage|p1a: Garchomp|0 fnt|[from] ability: Rough Skin|[of] p2b: Garchomp\n|faint|p2b: Garchomp\n|faint|p1a: Garchomp\n|move|p2a: Morpeko|Aura Wheel|p1b: Politoed\n|-supereffective|p1b: Politoed|1\n|-damage|p1b: Politoed|0 fnt\n|-boost|p2a: Morpeko|spe|1\n|faint|p1b: Politoed\n|-damage|p2a: Morpeko|90/100|[from] item: Life Orb\n|\n|win|benenelius\n|raw|Tarus_Xiliuxs's rating: 1121 &rarr; <strong>1090</strong><br />(-31 for losing)\n|raw|benenelius's rating: 1039 &rarr; <strong>1081</strong><br />(+42 for winning)\n|l|☆Tarus_Xiliuxs\n|player|p1|\n","uploadtime":1788389565,"views":"0","formatid":"gen9championsvgc2026regmb","rating":1081,"private":0,"password":null}