{"id":"gen9championsvgc2026regmbbo3-2673392316","format":"[Gen 9 Champions] VGC 2026 Reg M-B (Bo3)","players":["Pawah","Yuste3_"],"log":"|j|☆Pawah\n|j|☆Yuste3_\n|html|<table width=\"100%\"><tr><td align=\"left\">Pawah</td><td align=\"right\">Yuste3_</tr><tr><td align=\"left\"><i class=\"fa fa-circle\"></i> <i class=\"fa fa-circle-o\"></i> </td><td align=\"right\"><i class=\"fa fa-circle-o\"></i> <i class=\"fa fa-circle\"></i> </tr></table>\n|uhtml|bestof|<h2><strong>Game 3</strong> of <a href=\"/game-bestof3-gen9championsvgc2026regmbbo3-2673388919\">a best-of-3</a></h2>\n|t:|1788192218\n|gametype|doubles\n|player|p1|Pawah|ethan|1336\n|player|p2|Yuste3_|lucas|1243\n|gen|9\n|tier|[Gen 9 Champions] VGC 2026 Reg M-B (Bo3)\n|rated|\n|rule|Species Clause: Limit one of each Pokémon\n|rule|Item Clause: Limit 1 of each item\n|clearpoke\n|poke|p1|Incineroar, L50, M|\n|poke|p1|Sinistcha, L50|\n|poke|p1|Floette-Eternal, L50, F|\n|poke|p1|Samurott-Hisui, L50, F|\n|poke|p1|Sneasler, L50, F|\n|poke|p1|Delphox, L50, M|\n|poke|p2|Whimsicott, L50, F|\n|poke|p2|Staraptor, L50, M|\n|poke|p2|Farigiraf, L50, M|\n|poke|p2|Glimmora, L50, M|\n|poke|p2|Torkoal, L50, F|\n|poke|p2|Sneasler, L50, F|\n|teampreview|4\n|showteam|p1|Incineroar||SitrusBerry|Intimidate|FlareBlitz,DarkestLariat,FakeOut,PartingShot|Careful||M|||50|]Sinistcha||OccaBerry|Hospitality|MatchaGotcha,LifeDew,RagePowder,Protect|Bold|||||50|]Floette-Eternal||Floettite|FlowerVeil|Protect,DazzlingGleam,Moonblast,CalmMind|Modest||F|||50|]Samurott-Hisui||ChoiceScarf|Sharpness|NightSlash,AquaCutter,SacredSword,FlipTurn|Jolly||F|||50|]Sneasler||FocusSash|PoisonTouch|PoisonJab,RockSlide,CloseCombat,FakeOut|Jolly||F|||50|]Delphox||Delphoxite|Blaze|HeatWave,Protect,Psychic,NastyPlot|Timid||M|||50|\n|showteam|p2|Whimsicott||OccaBerry|Prankster|Moonblast,Charm,FakeTears,Tailwind|Timid||F|||50|]Staraptor||Staraptite|Intimidate|CloseCombat,BraveBird,Roost,Protect|Jolly||M|||50|]Farigiraf||SitrusBerry|ArmorTail|Psychic,HelpingHand,TrickRoom,Protect|Sassy||M|||50|]Glimmora||FocusSash|ToxicDebris|SludgeBomb,PowerGem,EarthPower,SpikyShield|Modest||M|||50|]Torkoal||Charcoal|Drought|Eruption,WeatherBall,HeatWave,Protect|Quiet||F|||50|]Sneasler||LifeOrb|PoisonTouch|CloseCombat,PoisonJab,RockSlide,FakeOut|Adamant||F|||50|\n|inactive|Battle timer is ON: inactive players will automatically lose when time's up. (requested by Pawah)\n|inactive|Yuste3_ also wants the timer to be on.\n|\n|t:|1788192225\n|teamsize|p1|4\n|teamsize|p2|4\n|start\n|switch|p1a: Incineroar|Incineroar, L50, M|100/100\n|switch|p1b: Floette|Floette-Eternal, L50, F|100/100\n|switch|p2a: Whimsicott|Whimsicott, L50, F|100/100\n|switch|p2b: Glimmora|Glimmora, L50, M|100/100\n|-ability|p1a: Incineroar|Intimidate|boost\n|-unboost|p2a: Whimsicott|atk|1\n|-unboost|p2b: Glimmora|atk|1\n|turn|1\n|\n|t:|1788192230\n|detailschange|p1b: Floette|Floette-Mega, L50, F\n|-mega|p1b: Floette|Floette|Floettite\n|-ability|p1b: Floette|Fairy Aura\n|move|p1a: Incineroar|Fake Out|p2b: Glimmora\n|-resisted|p2b: Glimmora|1\n|-damage|p2b: Glimmora|94/100\n|-activate|p2b: Glimmora|ability: Toxic Debris\n|-sidestart|p1: Pawah|move: Toxic Spikes\n|move|p2a: Whimsicott|Tailwind|p2a: Whimsicott\n|-sidestart|p2: Yuste3_|move: Tailwind\n|cant|p2b: Glimmora|flinch\n|move|p1b: Floette|Calm Mind|p1b: Floette\n|-boost|p1b: Floette|spa|1\n|-boost|p1b: Floette|spd|1\n|\n|upkeep\n|turn|2\n|\n|t:|1788192239\n|move|p1b: Floette|Protect|p1b: Floette\n|-singleturn|p1b: Floette|Protect\n|move|p2a: Whimsicott|Fake Tears|p1b: Floette\n|-activate|p1b: Floette|move: Protect\n|move|p2b: Glimmora|Sludge Bomb|p1b: Floette\n|-activate|p1b: Floette|move: Protect\n|move|p1a: Incineroar|Parting Shot|p2a: Whimsicott\n|-unboost|p2a: Whimsicott|atk|1\n|-unboost|p2a: Whimsicott|spa|1\n|\n|t:|1788192248\n|switch|p1a: Samurott|Samurott-Hisui, L50, F|100/100|[from] Parting Shot\n|-status|p1a: Samurott|psn\n|\n|-damage|p1a: Samurott|88/100 psn|[from] psn\n|upkeep\n|turn|3\n|\n|t:|1788192261\n|move|p2a: Whimsicott|Fake Tears|p1b: Floette\n|-unboost|p1b: Floette|spd|2\n|move|p2b: Glimmora|Sludge Bomb|p1b: Floette\n|-supereffective|p1b: Floette|1\n|-damage|p1b: Floette|0 fnt\n|faint|p1b: Floette\n|move|p1a: Samurott|Aqua Cutter|p2b: Glimmora\n|-supereffective|p2b: Glimmora|1\n|-crit|p2b: Glimmora\n|-damage|p2b: Glimmora|0 fnt\n|-activate|p2b: Glimmora|ability: Toxic Debris\n|-sidestart|p1: Pawah|move: Toxic Spikes\n|faint|p2b: Glimmora\n|\n|-damage|p1a: Samurott|76/100 psn|[from] psn\n|upkeep\n|\n|t:|1788192272\n|switch|p1b: Incineroar|Incineroar, L50, M|100/100\n|switch|p2b: Staraptor|Staraptor, L50, M|100/100\n|-ability|p2b: Staraptor|Intimidate|boost\n|-unboost|p1a: Samurott|atk|1\n|-unboost|p1b: Incineroar|atk|1\n|-status|p1b: Incineroar|tox\n|-ability|p1b: Incineroar|Intimidate|boost\n|-unboost|p2a: Whimsicott|atk|1\n|-unboost|p2b: Staraptor|atk|1\n|turn|4\n|\n|t:|1788192289\n|switch|p1a: Sinistcha|Sinistcha, L50|100/100\n|-status|p1a: Sinistcha|tox\n|detailschange|p2b: Staraptor|Staraptor-Mega, L50, M\n|-mega|p2b: Staraptor|Staraptor|Staraptite\n|move|p2a: Whimsicott|Charm|p2b: Staraptor\n|-boost|p2b: Staraptor|atk|2\n|move|p2b: Staraptor|Close Combat|p1a: Sinistcha\n|-immune|p1a: Sinistcha\n|move|p1b: Incineroar|Parting Shot|p2a: Whimsicott\n|-unboost|p2a: Whimsicott|atk|1\n|-unboost|p2a: Whimsicott|spa|1\n|\n|t:|1788192292\n|switch|p1b: Samurott|Samurott-Hisui, L50, F|76/100 psn|[from] Parting Shot\n|\n|-damage|p1b: Samurott|64/100 psn|[from] psn\n|-damage|p1a: Sinistcha|93/100 tox|[from] psn\n|-sideend|p2: Yuste3_|move: Tailwind\n|upkeep\n|turn|5\n|\n|t:|1788192306\n|move|p1a: Sinistcha|Rage Powder|p1a: Sinistcha\n|-singleturn|p1a: Sinistcha|move: Rage Powder\n|move|p2a: Whimsicott|Charm|p2b: Staraptor\n|-boost|p2b: Staraptor|atk|2\n|move|p1b: Samurott|Aqua Cutter|p2b: Staraptor\n|-damage|p2b: Staraptor|56/100\n|move|p2b: Staraptor|Brave Bird|p1a: Sinistcha\n|-supereffective|p1a: Sinistcha|1\n|-damage|p1a: Sinistcha|0 fnt\n|faint|p1a: Sinistcha\n|-damage|p2b: Staraptor|26/100|[from] Recoil\n|\n|-damage|p1b: Samurott|52/100 psn|[from] psn\n|upkeep\n|\n|t:|1788192315\n|switch|p1a: Incineroar|Incineroar, L50, M|100/100 tox\n|-ability|p1a: Incineroar|Intimidate|boost\n|-unboost|p2a: Whimsicott|atk|1\n|-boost|p2b: Staraptor|atk|1\n|turn|6\n|\n|t:|1788192326\n|move|p2a: Whimsicott|Tailwind|p2a: Whimsicott\n|-sidestart|p2: Yuste3_|move: Tailwind\n|move|p2b: Staraptor|Roost|p2b: Staraptor\n|-heal|p2b: Staraptor|77/100\n|-singleturn|p2b: Staraptor|move: Roost\n|move|p1b: Samurott|Aqua Cutter|p2a: Whimsicott\n|-resisted|p2a: Whimsicott|1\n|-damage|p2a: Whimsicott|74/100\n|move|p1a: Incineroar|Flare Blitz|p2a: Whimsicott\n|-supereffective|p2a: Whimsicott|1\n|-enditem|p2a: Whimsicott|Occa Berry|[eat]\n|-enditem|p2a: Whimsicott|Occa Berry|[weaken]\n|-damage|p2a: Whimsicott|29/100\n|-status|p2a: Whimsicott|brn\n|-damage|p1a: Incineroar|87/100 tox|[from] Recoil\n|\n|-damage|p1b: Samurott|40/100 psn|[from] psn\n|-damage|p1a: Incineroar|81/100 tox|[from] psn\n|-damage|p2a: Whimsicott|23/100 brn|[from] brn\n|upkeep\n|turn|7\n|\n|t:|1788192341\n|move|p2b: Staraptor|Close Combat|p1a: Incineroar\n|-supereffective|p1a: Incineroar|1\n|-damage|p1a: Incineroar|0 fnt\n|-boost|p2b: Staraptor|def|1\n|-boost|p2b: Staraptor|spd|1\n|faint|p1a: Incineroar\n|move|p2a: Whimsicott|Moonblast|p1b: Samurott\n|-supereffective|p1b: Samurott|1\n|-damage|p1b: Samurott|1/100 psn\n|move|p1b: Samurott|Aqua Cutter|p2b: Staraptor\n|-damage|p2b: Staraptor|44/100\n|\n|-damage|p1b: Samurott|0 fnt|[from] psn\n|faint|p1b: Samurott\n|\n|win|Yuste3_\n|raw|Pawah's rating: 1336 &rarr; <strong>1311</strong><br />(-25 for losing)\n|raw|Yuste3_'s rating: 1243 &rarr; <strong>1275</strong><br />(+32 for winning)\n","uploadtime":1788192341,"views":"2","formatid":"gen9championsvgc2026regmbbo3","rating":1275,"private":0,"password":null}