{"id":"gen9championsvgc2026regmbbo3-2673998965","format":"[Gen 9 Champions] VGC 2026 Reg M-B (Bo3)","players":["reuman","FatherPenguin"],"log":"|j|☆reuman\n|j|☆FatherPenguin\n|html|<table width=\"100%\"><tr><td align=\"left\">reuman</td><td align=\"right\">FatherPenguin</tr><tr><td align=\"left\"><i class=\"fa fa-circle-o\"></i> <i class=\"fa fa-circle-o\"></i> </td><td align=\"right\"><i class=\"fa fa-circle-o\"></i> <i class=\"fa fa-circle-o\"></i> </tr></table>\n|uhtml|bestof|<h2><strong>Game 1</strong> of <a href=\"/game-bestof3-gen9championsvgc2026regmbbo3-2673998964\">a best-of-3</a></h2>\n|t:|1788286540\n|gametype|doubles\n|player|p1|reuman|lucas|1150\n|player|p2|FatherPenguin|acetrainersnow|1238\n|gen|9\n|tier|[Gen 9 Champions] VGC 2026 Reg M-B (Bo3)\n|rated|\n|rule|Species Clause: Limit one of each Pokémon\n|rule|Item Clause: Limit 1 of each item\n|clearpoke\n|poke|p1|Sneasler, L50, M, shiny|\n|poke|p1|Incineroar, L50, M, shiny|\n|poke|p1|Delphox, L50, F, shiny|\n|poke|p1|Rotom-Wash, L50, shiny|\n|poke|p1|Garchomp, L50, M|\n|poke|p1|Staraptor, L50, M|\n|poke|p2|Sneasler, L50, M|\n|poke|p2|Blastoise, L50, M|\n|poke|p2|Kingambit, L50, M|\n|poke|p2|Incineroar, L50, M|\n|poke|p2|Delphox, L50, F|\n|poke|p2|Sinistcha, L50|\n|teampreview|4\n|showteam|p1|Sneasler||WhiteHerb|Unburden|CloseCombat,FakeOut,DireClaw,RockSlide|Adamant||M|||50|]Incineroar||SitrusBerry|Intimidate|FlareBlitz,ThroatChop,FakeOut,PartingShot|Careful||M|||50|]Delphox||Delphoxite|Blaze|HeatWave,Psychic,Protect,Substitute|Timid||F|||50|]Rotom-Wash||Leftovers|Levitate|SunnyDay,WillOWisp,Thunderbolt,HydroPump|Modest|||||50|]Garchomp||LifeOrb|RoughSkin|Earthquake,DragonClaw,StompingTantrum,RockSlide|Jolly||M|||50|]Staraptor||Staraptite|Intimidate|CloseCombat,BraveBird,Tailwind,Protect|Jolly||M|||50|\n|showteam|p2|Sneasler||FocusSash|PoisonTouch|PoisonJab,CloseCombat,FakeOut,QuickGuard|Jolly||M|||50|]Blastoise||Blastoisinite|RainDish|DarkPulse,WaterSpout,ShellSmash,Protect|Modest||M|||50|]Kingambit||LifeOrb|Defiant|KowtowCleave,SuckerPunch,SwordsDance,Protect|Adamant||M|||50|]Incineroar||SitrusBerry|Intimidate|FlareBlitz,ThroatChop,PartingShot,FakeOut|Careful||M|||50|]Delphox||Delphoxite|Blaze|HeatWave,NastyPlot,Psychic,Protect|Timid||F|||50|]Sinistcha||ColburBerry|Hospitality|MatchaGotcha,RagePowder,TrickRoom,Protect|Bold|||||50|\n|inactive|Battle timer is ON: inactive players will automatically lose when time's up. (requested by FatherPenguin)\n|inactive|reuman has 60 seconds left.\n|inactive|FatherPenguin has 60 seconds left.\n|inactive|FatherPenguin has 30 seconds left.\n|inactive|FatherPenguin has 20 seconds left.\n|inactive|FatherPenguin has 15 seconds left.\n|inactive|FatherPenguin has 10 seconds left.\n|inactive|FatherPenguin has 5 seconds left.\n|\n|t:|1788286629\n|teamsize|p1|4\n|teamsize|p2|4\n|start\n|switch|p1a: Sneasler|Sneasler, L50, M, shiny|100/100\n|switch|p1b: Staraptor|Staraptor, L50, M|100/100\n|switch|p2a: Sneasler|Sneasler, L50, M|100/100\n|switch|p2b: Delphox|Delphox, L50, F|100/100\n|-ability|p1b: Staraptor|Intimidate|boost\n|-unboost|p2a: Sneasler|atk|1\n|-unboost|p2b: Delphox|atk|1\n|turn|1\n|inactive|FatherPenguin has 30 seconds left.\n|inactive|FatherPenguin has 20 seconds left.\n|inactive|FatherPenguin has 15 seconds left.\n|inactive|FatherPenguin has 10 seconds left.\n|\n|t:|1788286675\n|detailschange|p2b: Delphox|Delphox-Mega, L50, F\n|-mega|p2b: Delphox|Delphox|Delphoxite\n|move|p2a: Sneasler|Fake Out|p1a: Sneasler\n|-damage|p1a: Sneasler|84/100\n|move|p2b: Delphox|Psychic|p1b: Staraptor\n|-damage|p1b: Staraptor|20/100r\n|cant|p1a: Sneasler|flinch\n|move|p1b: Staraptor|Tailwind|p1b: Staraptor\n|-sidestart|p1: reuman|move: Tailwind\n|\n|upkeep\n|turn|2\n|inactive|FatherPenguin has 30 seconds left.\n|inactive|FatherPenguin has 20 seconds left.\n|inactive|FatherPenguin has 15 seconds left.\n|inactive|FatherPenguin has 10 seconds left.\n|\n|t:|1788286725\n|switch|p2b: Incineroar|Incineroar, L50, M|100/100\n|-ability|p2b: Incineroar|Intimidate|boost\n|-unboost|p1a: Sneasler|atk|1\n|-unboost|p1b: Staraptor|atk|1\n|-enditem|p1a: Sneasler|White Herb\n|-clearnegativeboost|p1a: Sneasler|[silent]\n|move|p1a: Sneasler|Rock Slide|p2a: Sneasler|[spread] p2a,p2b\n|-resisted|p2a: Sneasler|1\n|-supereffective|p2b: Incineroar|1\n|-damage|p2a: Sneasler|81/100\n|-damage|p2b: Incineroar|59/100\n|move|p1b: Staraptor|Brave Bird|p2a: Sneasler\n|-supereffective|p2a: Sneasler|1\n|-damage|p2a: Sneasler|0 fnt\n|faint|p2a: Sneasler\n|-damage|p1b: Staraptor|0 fnt|[from] Recoil\n|faint|p1b: Staraptor\n|\n|upkeep\n|\n|t:|1788286748\n|switch|p2a: Delphox|Delphox-Mega, L50, F|100/100\n|switch|p1b: Rotom|Rotom-Wash, L50, shiny|100/100\n|turn|3\n|\n|t:|1788286768\n|switch|p1a: Delphox|Delphox, L50, F, shiny|100/100\n|move|p2b: Incineroar|Fake Out|p1b: Rotom\n|-damage|p1b: Rotom|89/100\n|cant|p1b: Rotom|flinch\n|move|p2a: Delphox|Psychic|p1a: Delphox\n|-resisted|p1a: Delphox|1\n|-damage|p1a: Delphox|73/100\n|\n|-heal|p1b: Rotom|94/100|[from] item: Leftovers\n|upkeep\n|turn|4\n|inactive|FatherPenguin has 30 seconds left.\n|inactive|FatherPenguin has 20 seconds left.\n|\n|t:|1788286805\n|detailschange|p1a: Delphox|Delphox-Mega, L50, F, shiny\n|-mega|p1a: Delphox|Delphox|Delphoxite\n|move|p2a: Delphox|Protect|p2a: Delphox\n|-singleturn|p2a: Delphox|Protect\n|move|p1a: Delphox|Substitute|p1a: Delphox\n|-start|p1a: Delphox|Substitute\n|-damage|p1a: Delphox|49/100\n|move|p1b: Rotom|Hydro Pump|p2b: Incineroar|[miss]\n|-miss|p1b: Rotom|p2b: Incineroar\n|move|p2b: Incineroar|Throat Chop|p1a: Delphox\n|-supereffective|p1a: Delphox|1\n|-end|p1a: Delphox|Substitute\n|\n|-heal|p1b: Rotom|100/100|[from] item: Leftovers\n|-sideend|p1: reuman|move: Tailwind\n|upkeep\n|turn|5\n|inactive|FatherPenguin has 30 seconds left.\n|inactive|FatherPenguin has 20 seconds left.\n|inactive|FatherPenguin has 15 seconds left.\n|inactive|FatherPenguin has 10 seconds left.\n|\n|t:|1788286855\n|switch|p2a: Kingambit|Kingambit, L50, M|100/100\n|move|p1a: Delphox|Heat Wave|p2a: Kingambit|[spread] p2a,p2b\n|-supereffective|p2a: Kingambit|1\n|-resisted|p2b: Incineroar|1\n|-damage|p2a: Kingambit|11/100\n|-damage|p2b: Incineroar|40/100\n|-enditem|p2b: Incineroar|Sitrus Berry|[eat]\n|-heal|p2b: Incineroar|65/100|[from] item: Sitrus Berry\n|move|p1b: Rotom|Hydro Pump|p2a: Kingambit\n|-damage|p2a: Kingambit|0 fnt\n|faint|p2a: Kingambit\n|move|p2b: Incineroar|Parting Shot|p1b: Rotom\n|-unboost|p1b: Rotom|atk|1\n|-unboost|p1b: Rotom|spa|1\n|\n|t:|1788286868\n|switch|p2b: Delphox|Delphox-Mega, L50, F|100/100|[from] Parting Shot\n|\n|upkeep\n|\n|t:|1788286871\n|switch|p2a: Incineroar|Incineroar, L50, M|65/100\n|-ability|p2a: Incineroar|Intimidate|boost\n|-unboost|p1a: Delphox|atk|1\n|-unboost|p1b: Rotom|atk|1\n|turn|6\n|\n|t:|1788286892\n|move|p2a: Incineroar|Fake Out|p1b: Rotom\n|-damage|p1b: Rotom|88/100\n|move|p2b: Delphox|Psychic|p1b: Rotom\n|-damage|p1b: Rotom|40/100\n|move|p1a: Delphox|Heat Wave|p2a: Incineroar|[spread] p2a,p2b\n|-resisted|p2a: Incineroar|1\n|-resisted|p2b: Delphox|1\n|-damage|p2a: Incineroar|46/100\n|-damage|p2b: Delphox|81/100\n|cant|p1b: Rotom|flinch\n|\n|-heal|p1b: Rotom|45/100|[from] item: Leftovers\n|upkeep\n|turn|7\n|inactive|reuman has 30 seconds left.\n|\n|t:|1788286919\n|move|p1a: Delphox|Heat Wave|p2a: Incineroar|[spread] p2a,p2b\n|-resisted|p2a: Incineroar|1\n|-resisted|p2b: Delphox|1\n|-damage|p2a: Incineroar|30/100\n|-damage|p2b: Delphox|61/100\n|move|p2b: Delphox|Psychic|p1b: Rotom\n|-damage|p1b: Rotom|0 fnt\n|faint|p1b: Rotom\n|move|p2a: Incineroar|Throat Chop|p1a: Delphox\n|-supereffective|p1a: Delphox|1\n|-damage|p1a: Delphox|0 fnt\n|faint|p1a: Delphox\n|\n|upkeep\n|\n|t:|1788286925\n|switch|p1b: Sneasler|Sneasler, L50, M, shiny|84/100\n|turn|8\n|\n|t:|1788286941\n|move|p2b: Delphox|Psychic|p1b: Sneasler\n|-supereffective|p1b: Sneasler|2\n|-damage|p1b: Sneasler|0 fnt\n|faint|p1b: Sneasler\n|\n|win|FatherPenguin\n||reuman is ready for game 2.\n","uploadtime":1788286945,"views":"0","formatid":"gen9championsvgc2026regmbbo3","rating":null,"private":0,"password":null}