{"id":"gen9championsvgc2026regmb-2674486254","format":"[Gen 9 Champions] VGC 2026 Reg M-B","players":["YonkoLouis","endless66030"],"log":"|j|☆YonkoLouis\n|j|☆endless66030\n|t:|1788365467\n|gametype|doubles\n|player|p1|YonkoLouis|cynthia-gen4|1113\n|player|p2|endless66030|miku-flying|1074\n|gen|9\n|tier|[Gen 9 Champions] VGC 2026 Reg M-B\n|rated|\n|rule|Species Clause: Limit one of each Pokémon\n|rule|Item Clause: Limit 1 of each item\n|clearpoke\n|poke|p1|Chimecho, L50, F|\n|poke|p1|Hydreigon, L50, M|\n|poke|p1|Aerodactyl, L50, M|\n|poke|p1|Lucario, L50, F|\n|poke|p1|Espathra, L50, F|\n|poke|p1|Garchomp, L50, F|\n|poke|p2|Falinks, L50, shiny|\n|poke|p2|Incineroar, L50, F|\n|poke|p2|Garchomp, L50, F|\n|poke|p2|Basculegion, L50, M|\n|poke|p2|Sinistcha, L50|\n|poke|p2|Gardevoir, L50, M|\n|teampreview|4\n|\n|t:|1788365509\n|teamsize|p1|4\n|teamsize|p2|4\n|start\n|switch|p1a: stupid peacock|Espathra, L50, F|100/100\n|switch|p1b: Dima|Garchomp, L50, F|100/100\n|switch|p2a: Incineroar|Incineroar, L50, F|100/100\n|switch|p2b: Gardevoir|Gardevoir, L50, M|100/100\n|-ability|p2a: Incineroar|Intimidate|boost\n|-unboost|p1a: stupid peacock|atk|1\n|-unboost|p1b: Dima|atk|1\n|turn|1\n|inactive|Battle timer is ON: inactive players will automatically lose when time's up. (requested by YonkoLouis)\n|\n|t:|1788365533\n|detailschange|p2b: Gardevoir|Gardevoir-Mega, L50, M\n|-mega|p2b: Gardevoir|Gardevoir|Gardevoirite\n|move|p1a: stupid peacock|Protect|p1a: stupid peacock\n|-singleturn|p1a: stupid peacock|Protect\n|move|p2a: Incineroar|Fake Out|p1a: stupid peacock\n|-activate|p1a: stupid peacock|move: Protect\n|move|p1b: Dima|Earthquake|p2b: Gardevoir|[spread] p2a,p2b\n|-activate|p1a: stupid peacock|move: Protect\n|-supereffective|p2a: Incineroar|1\n|-damage|p2a: Incineroar|28/100\n|-damage|p2b: Gardevoir|40/100\n|-damage|p1b: Dima|90/100|[from] item: Life Orb\n|move|p2b: Gardevoir|Calm Mind|p2b: Gardevoir\n|-boost|p2b: Gardevoir|spa|1\n|-boost|p2b: Gardevoir|spd|1\n|\n|-ability|p1a: stupid peacock|Speed Boost|boost\n|-boost|p1a: stupid peacock|spe|1\n|upkeep\n|turn|2\n|\n|t:|1788365557\n|move|p2b: Gardevoir|Protect|p2b: Gardevoir\n|-singleturn|p2b: Gardevoir|Protect\n|move|p1a: stupid peacock|Calm Mind|p1a: stupid peacock\n|-boost|p1a: stupid peacock|spa|1\n|-boost|p1a: stupid peacock|spd|1\n|move|p1b: Dima|Rock Slide|p2a: Incineroar|[spread] p2a\n|-activate|p2b: Gardevoir|move: Protect\n|-supereffective|p2a: Incineroar|1\n|-damage|p2a: Incineroar|0 fnt\n|faint|p2a: Incineroar\n|-damage|p1b: Dima|80/100|[from] item: Life Orb\n|\n|-ability|p1a: stupid peacock|Speed Boost|boost\n|-boost|p1a: stupid peacock|spe|1\n|upkeep\n|\n|t:|1788365572\n|switch|p2a: Sinistcha|Sinistcha, L50|100/100\n|-heal|p2b: Gardevoir|64/100|[from] ability: Hospitality|[of] p2a: Sinistcha\n|turn|3\n|\n|t:|1788365594\n|move|p2a: Sinistcha|Rage Powder|p2a: Sinistcha\n|-singleturn|p2a: Sinistcha|move: Rage Powder\n|move|p1a: stupid peacock|Baton Pass|p1a: stupid peacock\n|\n|t:|1788365598\n|switch|p1a: Gilmour|Chimecho, L50, F|100/100|[from] Baton Pass\n|move|p1b: Dima|Rock Slide|p2b: Gardevoir|[spread] p2a,p2b\n|-damage|p2a: Sinistcha|82/100\n|-damage|p2b: Gardevoir|37/100\n|-damage|p1b: Dima|70/100|[from] item: Life Orb\n|move|p2b: Gardevoir|Hyper Voice|p1a: Gilmour|[spread] p1a,p1b\n|-supereffective|p1b: Dima|1\n|-damage|p1a: Gilmour|42/100\n|-damage|p1b: Dima|0 fnt\n|faint|p1b: Dima\n|\n|upkeep\n|\n|t:|1788365614\n|switch|p1b: stupid peacock|Espathra, L50, F|100/100\n|turn|4\n|\n|t:|1788365632\n|detailschange|p1a: Gilmour|Chimecho-Mega, L50, F\n|-mega|p1a: Gilmour|Chimecho|Chimechite\n|move|p2b: Gardevoir|Protect|p2b: Gardevoir\n|-singleturn|p2b: Gardevoir|Protect\n|move|p1b: stupid peacock|Calm Mind|p1b: stupid peacock\n|-boost|p1b: stupid peacock|spa|1\n|-boost|p1b: stupid peacock|spd|1\n|move|p1a: Gilmour|Flash Cannon|p2b: Gardevoir\n|-activate|p2b: Gardevoir|move: Protect\n|move|p2a: Sinistcha|Life Dew|p2a: Sinistcha|[spread] p2a,p2b\n|-heal|p2a: Sinistcha|100/100\n|-heal|p2b: Gardevoir|62/100\n|\n|-ability|p1b: stupid peacock|Speed Boost|boost\n|-boost|p1b: stupid peacock|spe|1\n|upkeep\n|turn|5\n|inactive|YonkoLouis has 30 seconds left.\n|inactive|endless66030 has 30 seconds left.\n|\n|t:|1788365668\n|switch|p2b: Garchomp|Garchomp, L50, F|100/100\n|move|p1b: stupid peacock|Psychic|p2a: Sinistcha\n|-damage|p2a: Sinistcha|47/100\n|-unboost|p2a: Sinistcha|spd|1\n|-enditem|p2a: Sinistcha|Sitrus Berry|[eat]\n|-heal|p2a: Sinistcha|71/100|[from] item: Sitrus Berry\n|move|p1a: Gilmour|Flash Cannon|p2b: Garchomp\n|-damage|p2b: Garchomp|23/100\n|move|p2a: Sinistcha|Matcha Gotcha|p1b: stupid peacock|[spread] p1a,p1b\n|-resisted|p1a: Gilmour|1\n|-damage|p1a: Gilmour|32/100\n|-heal|p2a: Sinistcha|77/100|[from] drain|[of] p1a: Gilmour\n|-damage|p1b: stupid peacock|73/100\n|-heal|p2a: Sinistcha|92/100|[from] drain|[of] p1b: stupid peacock\n|-status|p1b: stupid peacock|brn\n|\n|-damage|p1b: stupid peacock|67/100 brn|[from] brn\n|-ability|p1b: stupid peacock|Speed Boost|boost\n|-boost|p1b: stupid peacock|spe|1\n|upkeep\n|turn|6\n|inactive|YonkoLouis has 30 seconds left.\n|inactive|YonkoLouis has 20 seconds left.\n|inactive|YonkoLouis has 15 seconds left.\n|inactive|YonkoLouis has 10 seconds left.\n|\n|t:|1788365714\n|move|p2a: Sinistcha|Rage Powder|p2a: Sinistcha\n|-singleturn|p2a: Sinistcha|move: Rage Powder\n|move|p1b: stupid peacock|Psychic|p2a: Sinistcha\n|-damage|p2a: Sinistcha|9/100\n|move|p1a: Gilmour|Expanding Force|p2a: Sinistcha\n|-damage|p2a: Sinistcha|0 fnt\n|faint|p2a: Sinistcha\n|move|p2b: Garchomp|Rock Slide|p1b: stupid peacock|[spread] p1a,p1b\n|-resisted|p1a: Gilmour|1\n|-damage|p1a: Gilmour|23/100\n|-damage|p1b: stupid peacock|37/100 brn\n|-enditem|p1b: stupid peacock|Sitrus Berry|[eat]\n|-heal|p1b: stupid peacock|61/100 brn|[from] item: Sitrus Berry\n|-damage|p2b: Garchomp|13/100|[from] item: Life Orb\n|\n|-damage|p1b: stupid peacock|55/100 brn|[from] brn\n|-ability|p1b: stupid peacock|Speed Boost|boost\n|-boost|p1b: stupid peacock|spe|1\n|upkeep\n|\n|t:|1788365728\n|switch|p2a: Gardevoir|Gardevoir-Mega, L50, M|62/100\n|turn|7\n|\n|t:|1788365736\n|move|p1a: Gilmour|Protect|p1a: Gilmour\n|-singleturn|p1a: Gilmour|Protect\n|move|p2b: Garchomp|Protect|p2b: Garchomp\n|-singleturn|p2b: Garchomp|Protect\n|move|p1b: stupid peacock|Psychic|p2b: Garchomp\n|-activate|p2b: Garchomp|move: Protect\n|move|p2a: Gardevoir|Hyper Voice|p1a: Gilmour|[spread] p1b\n|-activate|p1a: Gilmour|move: Protect\n|-damage|p1b: stupid peacock|12/100 brn\n|\n|-damage|p1b: stupid peacock|6/100 brn|[from] brn\n|-ability|p1b: stupid peacock|Speed Boost|boost\n|-boost|p1b: stupid peacock|spe|1\n|upkeep\n|turn|8\n|inactive|endless66030 has 30 seconds left.\n|\n|t:|1788365769\n|move|p1b: stupid peacock|Psychic|p2b: Garchomp\n|-damage|p2b: Garchomp|0 fnt\n|faint|p2b: Garchomp\n|move|p1a: Gilmour|Flash Cannon|p2a: Gardevoir\n|-supereffective|p2a: Gardevoir|1\n|-damage|p2a: Gardevoir|0 fnt\n|faint|p2a: Gardevoir\n|\n|win|YonkoLouis\n|raw|YonkoLouis's rating: 1113 &rarr; <strong>1135</strong><br />(+22 for winning)\n|raw|endless66030's rating: 1074 &rarr; <strong>1055</strong><br />(-19 for losing)\n|l|☆endless66030\n|player|p2|\n","uploadtime":1788365777,"views":"4","formatid":"gen9championsvgc2026regmb","rating":1055,"private":0,"password":null}