{"id":"gen9championsvgc2026regmb-2674315663","format":"[Gen 9 Champions] VGC 2026 Reg M-B","players":["alexismydog","Lei41"],"log":"|j|☆alexismydog\n|j|☆Lei41\n|t:|1788339071\n|gametype|doubles\n|player|p1|alexismydog|265|1656\n|player|p2|Lei41|102|1617\n|gen|9\n|tier|[Gen 9 Champions] VGC 2026 Reg M-B\n|rated|\n|rule|Species Clause: Limit one of each Pokémon\n|rule|Item Clause: Limit 1 of each item\n|clearpoke\n|poke|p1|Tyranitar, L50, F|\n|poke|p1|Excadrill, L50, M|\n|poke|p1|Sinistcha, L50|\n|poke|p1|Gholdengo, L50|\n|poke|p1|Staraptor, L50, M|\n|poke|p1|Milotic, L50, F|\n|poke|p2|Venusaur, L50, M|\n|poke|p2|Charizard, L50, M|\n|poke|p2|Mawile, L50, F|\n|poke|p2|Archaludon, L50, M|\n|poke|p2|Pelipper, L50, F|\n|poke|p2|Farigiraf, L50, F|\n|teampreview|4\n|inactive|Battle timer is ON: inactive players will automatically lose when time's up. (requested by alexismydog)\n|\n|t:|1788339096\n|teamsize|p1|4\n|teamsize|p2|4\n|start\n|switch|p1a: Staraptor|Staraptor, L50, M|100/100\n|switch|p1b: Gholdengo|Gholdengo, L50|100/100\n|switch|p2a: Archaludon|Archaludon, L50, M|100/100\n|switch|p2b: Mawile|Mawile, L50, F|100/100\n|-ability|p1a: Staraptor|Intimidate|boost\n|-unboost|p2a: Archaludon|atk|1\n|-unboost|p2b: Mawile|atk|1\n|-ability|p2b: Mawile|Intimidate|boost\n|-unboost|p1a: Staraptor|atk|1\n|-unboost|p1b: Gholdengo|atk|1\n|turn|1\n|\n|t:|1788339112\n|switch|p1a: Excadrill|Excadrill, L50, M|100/100\n|switch|p2b: Pelipper|Pelipper, L50, F|100/100\n|-weather|RainDance|[from] ability: Drizzle|[of] p2b: Pelipper\n|move|p2a: Archaludon|Electro Shot||[still]\n|-prepare|p2a: Archaludon|Electro Shot\n|-boost|p2a: Archaludon|spa|1\n|-anim|p2a: Archaludon|Electro Shot|p1a: Excadrill\n|-immune|p1a: Excadrill\n|move|p1b: Gholdengo|Nasty Plot|p1b: Gholdengo\n|-boost|p1b: Gholdengo|spa|2\n|\n|-weather|RainDance|[upkeep]\n|upkeep\n|turn|2\n|\n|t:|1788339132\n|switch|p1a: Tyranitar|Tyranitar, L50, F|100/100\n|-weather|Sandstorm|[from] ability: Sand Stream|[of] p1a: Tyranitar\n|move|p2b: Pelipper|Muddy Water|p1a: Tyranitar|[spread] p1a,p1b\n|-supereffective|p1a: Tyranitar|1\n|-damage|p1a: Tyranitar|62/100\n|-damage|p1b: Gholdengo|65/100\n|-unboost|p1a: Tyranitar|accuracy|1\n|move|p2a: Archaludon|Flash Cannon|p1b: Gholdengo\n|-resisted|p1b: Gholdengo|1\n|-damage|p1b: Gholdengo|28/100\n|move|p1b: Gholdengo|Shadow Ball|p2a: Archaludon\n|-ability|p2a: Archaludon|Sturdy\n|-damage|p2a: Archaludon|1/100\n|\n|-weather|Sandstorm|[upkeep]\n|-damage|p2b: Pelipper|94/100|[from] Sandstorm\n|upkeep\n|turn|3\n|inactive|alexismydog has 30 seconds left.\n|\n|t:|1788339166\n|switch|p1a: Staraptor|Staraptor, L50, M|100/100\n|-ability|p1a: Staraptor|Intimidate|boost\n|-unboost|p2a: Archaludon|atk|1\n|-unboost|p2b: Pelipper|atk|1\n|move|p2a: Archaludon|Protect|p2a: Archaludon\n|-singleturn|p2a: Archaludon|Protect\n|move|p2b: Pelipper|Muddy Water|p1b: Gholdengo|[spread] p1a,p1b\n|-damage|p1a: Staraptor|59/100\n|-damage|p1b: Gholdengo|0 fnt\n|-unboost|p1a: Staraptor|accuracy|1\n|faint|p1b: Gholdengo\n|\n|-weather|Sandstorm|[upkeep]\n|-damage|p2b: Pelipper|88/100|[from] Sandstorm\n|-damage|p1a: Staraptor|53/100|[from] Sandstorm\n|upkeep\n|\n|t:|1788339181\n|switch|p1b: Excadrill|Excadrill, L50, M|100/100\n|turn|4\n|\n|t:|1788339191\n|switch|p2a: Mawile|Mawile, L50, F|100/100\n|-ability|p2a: Mawile|Intimidate|boost\n|-unboost|p1a: Staraptor|atk|1\n|-unboost|p1b: Excadrill|atk|1\n|detailschange|p1a: Staraptor|Staraptor-Mega, L50, M\n|-mega|p1a: Staraptor|Staraptor|Staraptite\n|move|p1b: Excadrill|High Horsepower|p2a: Mawile\n|-supereffective|p2a: Mawile|1\n|-damage|p2a: Mawile|0 fnt\n|faint|p2a: Mawile\n|-damage|p1b: Excadrill|90/100|[from] item: Life Orb\n|move|p2b: Pelipper|Muddy Water|p1b: Excadrill|[spread] p1b\n|-miss|p2b: Pelipper|p1a: Staraptor\n|-supereffective|p1b: Excadrill|1\n|-damage|p1b: Excadrill|19/100\n|-unboost|p1b: Excadrill|accuracy|1\n|move|p1a: Staraptor|Tailwind|p1a: Staraptor\n|-sidestart|p1: alexismydog|move: Tailwind\n|\n|-weather|Sandstorm|[upkeep]\n|-damage|p1a: Staraptor|46/100|[from] Sandstorm\n|-damage|p2b: Pelipper|82/100|[from] Sandstorm\n|upkeep\n|\n|t:|1788339207\n|switch|p2a: Farigiraf|Farigiraf, L50, F|100/100\n|turn|5\n|\n|t:|1788339215\n|move|p1b: Excadrill|Iron Head|p2a: Farigiraf|[miss]\n|-miss|p1b: Excadrill|p2a: Farigiraf\n|move|p1a: Staraptor|Close Combat|p2a: Farigiraf\n|-damage|p2a: Farigiraf|68/100\n|-boost|p1a: Staraptor|def|1\n|-boost|p1a: Staraptor|spd|1\n|move|p2b: Pelipper|Muddy Water|p1a: Staraptor|[spread] p1a,p1b\n|-supereffective|p1b: Excadrill|1\n|-damage|p1a: Staraptor|25/100\n|-damage|p1b: Excadrill|0 fnt\n|faint|p1b: Excadrill\n|move|p2a: Farigiraf|Psychic|p1a: Staraptor\n|-supereffective|p1a: Staraptor|1\n|-damage|p1a: Staraptor|0 fnt\n|faint|p1a: Staraptor\n|\n|-weather|Sandstorm|[upkeep]\n|-damage|p2b: Pelipper|76/100|[from] Sandstorm\n|-damage|p2a: Farigiraf|62/100|[from] Sandstorm\n|upkeep\n|\n|t:|1788339232\n|switch|p1b: Tyranitar|Tyranitar, L50, F|62/100\n|turn|6\n|\n|t:|1788339241\n|switch|p2b: Archaludon|Archaludon, L50, M|1/100\n|move|p2a: Farigiraf|Ally Switch|p2a: Farigiraf\n|swap|p2a: Farigiraf|1|[from] move: Ally Switch\n|move|p1b: Tyranitar|Knock Off|p2a: Archaludon\n|-damage|p2a: Archaludon|0 fnt\n|-enditem|p2a: Archaludon|Magnet|[from] move: Knock Off|[of] p1b: Tyranitar\n|faint|p2a: Archaludon\n|\n|-weather|none\n|upkeep\n|\n|t:|1788339252\n|switch|p2a: Pelipper|Pelipper, L50, F|76/100\n|-weather|RainDance|[from] ability: Drizzle|[of] p2a: Pelipper\n|turn|7\n|\n|t:|1788339257\n|move|p2b: Farigiraf|Helping Hand|p2a: Pelipper\n|-singleturn|p2a: Pelipper|Helping Hand|[of] p2b: Farigiraf\n|move|p1b: Tyranitar|Rock Slide|p2b: Farigiraf|[spread] p2a,p2b\n|-supereffective|p2a: Pelipper|1\n|-damage|p2a: Pelipper|0 fnt\n|-damage|p2b: Farigiraf|40/100\n|-enditem|p2b: Farigiraf|Sitrus Berry|[eat]\n|-heal|p2b: Farigiraf|65/100|[from] item: Sitrus Berry\n|faint|p2a: Pelipper\n|\n|-weather|RainDance|[upkeep]\n|-sideend|p1: alexismydog|move: Tailwind\n|upkeep\n|turn|8\n|-message|Lei41 forfeited.\n|\n|win|alexismydog\n|raw|alexismydog's rating: 1656 &rarr; <strong>1674</strong><br />(+18 for winning)\n|raw|Lei41's rating: 1617 &rarr; <strong>1599</strong><br />(-18 for losing)\n|l|☆Lei41\n|player|p2|\n","uploadtime":1788339277,"views":"1","formatid":"gen9championsvgc2026regmb","rating":1599,"private":0,"password":null}