{"id":"gen9championsvgc2026regmb-2674225364","format":"[Gen 9 Champions] VGC 2026 Reg M-B","players":["Atlantean","magicalarcher57"],"log":"|j|☆Atlantean\n|j|☆magicalarcher57\n|html|<table width=\"100%\"><tr><td align=\"left\">Atlantean</td><td align=\"right\">magicalarcher57</tr><tr><td align=\"left\"><i class=\"fa fa-circle-o\"></i> <i class=\"fa fa-circle-o\"></i> </td><td align=\"right\"><i class=\"fa fa-circle-o\"></i> <i class=\"fa fa-circle\"></i> </tr></table>\n|uhtml|bestof|<h2><strong>Game 2</strong> of <a href=\"/game-bestof3-gen9championsvgc2026regmb-2674224058\">a best-of-3</a></h2>\n|t:|1788318535\n|gametype|doubles\n|player|p1|Atlantean|ghetsis-gen5bw|\n|player|p2|magicalarcher57|cynthia-masters|\n|gen|9\n|tier|[Gen 9 Champions] VGC 2026 Reg M-B\n|rated|Tournament battle\n|rule|Species Clause: Limit one of each Pokémon\n|rule|Item Clause: Limit 1 of each item\n|raw|<div class=\"infobox\"><details class=\"readmore\" open><summary><strong>2 custom rules:</strong></summary> Force Open Team Sheets, Best of = 3</details></div>\n|clearpoke\n|poke|p1|Swampert, L50, F|\n|poke|p1|Grimmsnarl, L50, M, shiny|\n|poke|p1|Archaludon, L50, F|\n|poke|p1|Pelipper, L50, F|\n|poke|p1|Charizard, L50, M|\n|poke|p1|Venusaur, L50, M|\n|poke|p2|Raichu, L50, M, shiny|\n|poke|p2|Garchomp, L50, M, shiny|\n|poke|p2|Whimsicott, L50, F, shiny|\n|poke|p2|Kingambit, L50, F, shiny|\n|poke|p2|Charizard, L50, F, shiny|\n|poke|p2|Basculegion, L50, M|\n|teampreview|4\n|showteam|p1|Swampert||Swampertite|Damp|Protect,Earthquake,WaveCrash,IcePunch|Adamant||F|||50|]Grimmsnarl||LightClay|Prankster|Reflect,SpiritBreak,LightScreen,PartingShot|Sassy||M|||50|]Archaludon||Leftovers|Stamina|Protect,DragonPulse,ElectroShot,FlashCannon|Calm||F|||50|]Pelipper||SitrusBerry|Drizzle|WideGuard,Hurricane,WeatherBall,Tailwind|Modest||F|||50|]Charizard||CharizarditeY|Blaze|Protect,HeatWave,Hurricane,WeatherBall|Modest||M|||50|]Venusaur||FocusSash|Chlorophyll|SleepPowder,Protect,LeafStorm,SludgeBomb|Modest||M|||50|\n|showteam|p2|Raichu||RaichuniteY|LightningRod|FakeOut,FocusBlast,ZapCannon,Protect|Timid||M|||50|]Garchomp||LifeOrb|RoughSkin|DragonClaw,RockSlide,StompingTantrum,Protect|Jolly||M|||50|]Whimsicott||FocusSash|Prankster|Moonblast,Tailwind,Protect,Encore|Timid||F|||50|]Kingambit||BlackGlasses|Defiant|SuckerPunch,KowtowCleave,IronHead,Protect|Adamant||F|||50|]Charizard||CharizarditeY|Blaze|WeatherBall,AncientPower,HeatWave,Protect|Modest||F|||50|]Basculegion||MysticWater|Adaptability|WaveCrash,LastRespects,AquaJet,Protect|Adamant||M|||50|\n|inactive|Battle timer is ON: inactive players will automatically lose when time's up. (requested by Atlantean)\n|inactive|magicalarcher57 also wants the timer to be on.\n|\n|t:|1788318562\n|teamsize|p1|4\n|teamsize|p2|4\n|start\n|switch|p1a: Swampert|Swampert, L50, F|100/100\n|switch|p1b: Grimmsnarl|Grimmsnarl, L50, M, shiny|100/100\n|switch|p2a: Whimsicott|Whimsicott, L50, F, shiny|100/100\n|switch|p2b: Garchomp|Garchomp, L50, M, shiny|100/100\n|turn|1\n|j| platanopower420\n|inactive|magicalarcher57 has 30 seconds left.\n|\n|t:|1788318590\n|detailschange|p1a: Swampert|Swampert-Mega, L50, F\n|-mega|p1a: Swampert|Swampert|Swampertite\n|move|p1a: Swampert|Protect|p1a: Swampert\n|-singleturn|p1a: Swampert|Protect\n|move|p1b: Grimmsnarl|Reflect|p1b: Grimmsnarl\n|-sidestart|p1: Atlantean|Reflect\n|move|p2a: Whimsicott|Moonblast|p1b: Grimmsnarl\n|-supereffective|p1b: Grimmsnarl|1\n|-damage|p1b: Grimmsnarl|33/100\n|move|p2b: Garchomp|Stomping Tantrum|p1b: Grimmsnarl\n|-damage|p1b: Grimmsnarl|0 fnt\n|faint|p1b: Grimmsnarl\n|-damage|p2b: Garchomp|90/100|[from] item: Life Orb\n|\n|upkeep\n|\n|t:|1788318609\n|switch|p1b: Archaludon|Archaludon, L50, F|100/100\n|turn|2\n|\n|t:|1788318622\n|switch|p1a: Pelipper|Pelipper, L50, F|100/100\n|-weather|RainDance|[from] ability: Drizzle|[of] p1a: Pelipper\n|move|p2a: Whimsicott|Tailwind|p2a: Whimsicott\n|-sidestart|p2: magicalarcher57|move: Tailwind\n|move|p2b: Garchomp|Stomping Tantrum|p1b: Archaludon\n|-supereffective|p1b: Archaludon|1\n|-damage|p1b: Archaludon|54/100\n|-ability|p1b: Archaludon|Stamina|boost\n|-boost|p1b: Archaludon|def|1\n|-damage|p2b: Garchomp|80/100|[from] item: Life Orb\n|move|p1b: Archaludon|Electro Shot||[still]\n|-prepare|p1b: Archaludon|Electro Shot\n|-boost|p1b: Archaludon|spa|1\n|-anim|p1b: Archaludon|Electro Shot|p2a: Whimsicott\n|-resisted|p2a: Whimsicott|1\n|-damage|p2a: Whimsicott|58/100\n|\n|-weather|RainDance|[upkeep]\n|-heal|p1b: Archaludon|60/100|[from] item: Leftovers\n|upkeep\n|turn|3\n|inactive|Atlantean has 30 seconds left.\n|\n|t:|1788318657\n|move|p2a: Whimsicott|Moonblast|p1b: Archaludon\n|-damage|p1b: Archaludon|27/100\n|-ability|p1b: Archaludon|Stamina|boost\n|-boost|p1b: Archaludon|def|1\n|move|p2b: Garchomp|Dragon Claw|p1a: Pelipper\n|-damage|p1a: Pelipper|62/100\n|-damage|p2b: Garchomp|70/100|[from] item: Life Orb\n|move|p1b: Archaludon|Flash Cannon|p2a: Whimsicott\n|-supereffective|p2a: Whimsicott|1\n|-crit|p2a: Whimsicott\n|-damage|p2a: Whimsicott|0 fnt\n|faint|p2a: Whimsicott\n|move|p1a: Pelipper|Tailwind|p1a: Pelipper\n|-sidestart|p1: Atlantean|move: Tailwind\n|\n|-weather|RainDance|[upkeep]\n|-heal|p1b: Archaludon|34/100|[from] item: Leftovers\n|upkeep\n|\n|t:|1788318670\n|switch|p2a: Charizard|Charizard, L50, F, shiny|100/100\n|turn|4\n|j| Tindall64\n|inactive|Atlantean has 30 seconds left.\n|\n|t:|1788318696\n|move|p1b: Archaludon|Protect|p1b: Archaludon\n|-singleturn|p1b: Archaludon|Protect\n|move|p2b: Garchomp|Stomping Tantrum|p1b: Archaludon\n|-activate|p1b: Archaludon|move: Protect\n|move|p2a: Charizard|Weather Ball|p1b: Archaludon\n|-activate|p1b: Archaludon|move: Protect\n|move|p1a: Pelipper|Hurricane|p2a: Charizard\n|-damage|p2a: Charizard|41/100\n|-start|p2a: Charizard|confusion\n|\n|-weather|RainDance|[upkeep]\n|-heal|p1b: Archaludon|40/100|[from] item: Leftovers\n|upkeep\n|turn|5\n|j| SamTheGrim\n|l| SamTheGrim\n|\n|t:|1788318713\n|switch|p1a: Swampert|Swampert-Mega, L50, F|100/100\n|detailschange|p2a: Charizard|Charizard-Mega-Y, L50, F, shiny\n|-mega|p2a: Charizard|Charizard|Charizardite Y\n|-weather|SunnyDay|[from] ability: Drought|[of] p2a: Charizard\n|move|p2b: Garchomp|Stomping Tantrum|p1b: Archaludon\n|-supereffective|p1b: Archaludon|1\n|-damage|p1b: Archaludon|16/100\n|-ability|p1b: Archaludon|Stamina|boost\n|-boost|p1b: Archaludon|def|1\n|-damage|p2b: Garchomp|61/100|[from] item: Life Orb\n|-activate|p2a: Charizard|confusion\n|move|p2a: Charizard|Ancient Power|p1a: Swampert\n|-resisted|p1a: Swampert|1\n|-damage|p1a: Swampert|88/100\n|move|p1b: Archaludon|Dragon Pulse|p2a: Charizard\n|-damage|p2a: Charizard|0 fnt\n|faint|p2a: Charizard\n|\n|-weather|SunnyDay|[upkeep]\n|-heal|p1b: Archaludon|22/100|[from] item: Leftovers\n|-sideend|p2: magicalarcher57|move: Tailwind\n|upkeep\n|\n|t:|1788318722\n|switch|p2a: Basculegion|Basculegion, L50, M|100/100\n|turn|6\n|\n|t:|1788318740\n|switch|p1a: Pelipper|Pelipper, L50, F|62/100\n|-weather|RainDance|[from] ability: Drizzle|[of] p1a: Pelipper\n|move|p1b: Archaludon|Electro Shot||[still]\n|-prepare|p1b: Archaludon|Electro Shot\n|-boost|p1b: Archaludon|spa|1\n|-anim|p1b: Archaludon|Electro Shot|p2a: Basculegion\n|-supereffective|p2a: Basculegion|1\n|-damage|p2a: Basculegion|0 fnt\n|faint|p2a: Basculegion\n|move|p2b: Garchomp|Stomping Tantrum|p1b: Archaludon\n|-supereffective|p1b: Archaludon|1\n|-damage|p1b: Archaludon|1/100\n|-ability|p1b: Archaludon|Stamina|boost\n|-boost|p1b: Archaludon|def|1\n|-damage|p2b: Garchomp|51/100|[from] item: Life Orb\n|\n|-weather|RainDance|[upkeep]\n|-heal|p1b: Archaludon|7/100|[from] item: Leftovers\n|-sideend|p1: Atlantean|move: Tailwind\n|upkeep\n|turn|7\n|\n|t:|1788318763\n|move|p2b: Garchomp|Rock Slide|p1b: Archaludon|[spread] p1a,p1b\n|-supereffective|p1a: Pelipper|1\n|-resisted|p1b: Archaludon|1\n|-crit|p1b: Archaludon\n|-damage|p1a: Pelipper|28/100\n|-damage|p1b: Archaludon|0 fnt\n|-enditem|p1a: Pelipper|Sitrus Berry|[eat]\n|-heal|p1a: Pelipper|52/100|[from] item: Sitrus Berry\n|faint|p1b: Archaludon\n|-damage|p2b: Garchomp|41/100|[from] item: Life Orb\n|cant|p1a: Pelipper|flinch\n|\n|-weather|RainDance|[upkeep]\n|upkeep\n|-message|magicalarcher57 forfeited.\n|\n|win|Atlantean\n","uploadtime":1788318768,"views":"0","formatid":"gen9championsvgc2026regmb","rating":null,"private":0,"password":null}