{"id":"gen9championsvgc2026regmbbo3-2673503974","format":"[Gen 9 Champions] VGC 2026 Reg M-B (Bo3)","players":["humania1","LeNasser"],"log":"|j|☆humania1\n|j|☆LeNasser\n|html|<table width=\"100%\"><tr><td align=\"left\">humania1</td><td align=\"right\">LeNasser</tr><tr><td align=\"left\"><i class=\"fa fa-circle\"></i> <i class=\"fa fa-circle-o\"></i> </td><td align=\"right\"><i class=\"fa fa-circle-o\"></i> <i class=\"fa fa-circle-o\"></i> </tr></table>\n|uhtml|bestof|<h2><strong>Game 2</strong> of <a href=\"/game-bestof3-gen9championsvgc2026regmbbo3-2673502065\">a best-of-3</a></h2>\n|t:|1788205753\n|gametype|doubles\n|player|p1|humania1|170|1054\n|player|p2|LeNasser|266|1120\n|gen|9\n|tier|[Gen 9 Champions] VGC 2026 Reg M-B (Bo3)\n|rated|\n|rule|Species Clause: Limit one of each Pokémon\n|rule|Item Clause: Limit 1 of each item\n|clearpoke\n|poke|p1|Blastoise, L50, F|\n|poke|p1|Delphox, L50, M, shiny|\n|poke|p1|Incineroar, L50, M|\n|poke|p1|Sinistcha, L50|\n|poke|p1|Sneasler, L50, F|\n|poke|p1|Vivillon, L50, M|\n|poke|p2|Blastoise, L50, F|\n|poke|p2|Delphox, L50, M|\n|poke|p2|Sneasler, L50, F|\n|poke|p2|Incineroar, L50, F|\n|poke|p2|Sinistcha, L50|\n|poke|p2|Kingambit, L50, M|\n|teampreview|4\n|showteam|p1|Blastoise||Blastoisinite|Torrent|Protect,ShellSmash,WaterSpout,DarkPulse|Modest||F|||50|]Delphox||Delphoxite|Blaze|Protect,HeatWave,Psyshock,NastyPlot|Timid||M|||50|]Incineroar||PasshoBerry|Intimidate|FakeOut,PartingShot,FlareBlitz,ThroatChop|Impish||M|||50|]Sinistcha||SitrusBerry|Hospitality|Protect,MatchaGotcha,TrickRoom,RagePowder|Bold|||||50|]Sneasler||FocusSash|PoisonTouch|QuickGuard,FakeOut,CloseCombat,DireClaw|Jolly||F|||50|]Vivillon||ChoiceScarf|CompoundEyes|Hurricane,SleepPowder,RagePowder,Uturn|Timid||M|||50|\n|showteam|p2|Blastoise||Blastoisinite|Torrent|Protect,ShellSmash,DarkPulse,WaterSpout|Modest||F|||50|]Delphox||Delphoxite|Blaze|Protect,HeatWave,Psychic,NastyPlot|Modest||M|||50|]Sneasler||FocusSash|PoisonTouch|QuickGuard,FakeOut,CloseCombat,PoisonJab|Jolly||F|||50|]Incineroar||SitrusBerry|Intimidate|FakeOut,PartingShot,FlareBlitz,HelpingHand|Careful||F|||50|]Sinistcha||ColburBerry|Hospitality|MatchaGotcha,RagePowder,TrickRoom,LifeDew|Bold|||||50|]Kingambit||LifeOrb|Defiant|Protect,SuckerPunch,KowtowCleave,IronHead|Adamant||M|||50|\n|inactive|Battle timer is ON: inactive players will automatically lose when time's up. (requested by humania1)\n|\n|t:|1788205766\n|teamsize|p1|4\n|teamsize|p2|4\n|start\n|switch|p1a: Blastoise|Blastoise, L50, F|100/100\n|switch|p1b: Incineroar|Incineroar, L50, M|100/100\n|switch|p2a: Blastoise|Blastoise, L50, F|100/100\n|switch|p2b: Sneasler|Sneasler, L50, F|100/100\n|-ability|p1b: Incineroar|Intimidate|boost\n|-unboost|p2a: Blastoise|atk|1\n|-unboost|p2b: Sneasler|atk|1\n|turn|1\n|\n|t:|1788205785\n|detailschange|p2a: Blastoise|Blastoise-Mega, L50, F\n|-mega|p2a: Blastoise|Blastoise|Blastoisinite\n|detailschange|p1a: Blastoise|Blastoise-Mega, L50, F\n|-mega|p1a: Blastoise|Blastoise|Blastoisinite\n|move|p2b: Sneasler|Quick Guard|p2b: Sneasler\n|-singleturn|p2b: Sneasler|Quick Guard\n|move|p1b: Incineroar|Fake Out|p2b: Sneasler\n|-activate|p2b: Sneasler|move: Quick Guard\n|move|p1a: Blastoise|Water Spout|p2a: Blastoise|[spread] p2a,p2b\n|-resisted|p2a: Blastoise|1\n|-damage|p2a: Blastoise|69/100\n|-damage|p2b: Sneasler|17/100\n|move|p2a: Blastoise|Shell Smash|p2a: Blastoise\n|-unboost|p2a: Blastoise|def|1\n|-unboost|p2a: Blastoise|spd|1\n|-boost|p2a: Blastoise|atk|2\n|-boost|p2a: Blastoise|spa|2\n|-boost|p2a: Blastoise|spe|2\n|\n|upkeep\n|turn|2\n|\n|t:|1788205806\n|switch|p2b: Sinistcha|Sinistcha, L50|100/100\n|-heal|p2a: Blastoise|93/100|[from] ability: Hospitality|[of] p2b: Sinistcha\n|switch|p1b: Sinistcha|Sinistcha, L50|100/100\n|move|p2a: Blastoise|Dark Pulse|p1a: Blastoise\n|-damage|p1a: Blastoise|11/100\n|move|p1a: Blastoise|Water Spout|p2a: Blastoise|[spread] p2a,p2b\n|-resisted|p2a: Blastoise|1\n|-resisted|p2b: Sinistcha|1\n|-damage|p2a: Blastoise|87/100\n|-damage|p2b: Sinistcha|96/100\n|\n|upkeep\n|turn|3\n|inactive|humania1 has 30 seconds left.\n|inactive|LeNasser has 30 seconds left.\n|\n|t:|1788205837\n|move|p2a: Blastoise|Water Spout|p1a: Blastoise|[spread] p1a,p1b\n|-resisted|p1a: Blastoise|1\n|-resisted|p1b: Sinistcha|1\n|-damage|p1a: Blastoise|0 fnt\n|-damage|p1b: Sinistcha|47/100\n|-enditem|p1b: Sinistcha|Sitrus Berry|[eat]\n|-heal|p1b: Sinistcha|72/100|[from] item: Sitrus Berry\n|faint|p1a: Blastoise\n|move|p2b: Sinistcha|Matcha Gotcha|p1b: Sinistcha\n|-resisted|p1b: Sinistcha|1\n|-damage|p1b: Sinistcha|59/100\n|-heal|p2b: Sinistcha|100/100|[from] drain|[of] p1b: Sinistcha\n|move|p1b: Sinistcha|Matcha Gotcha|p2a: Blastoise|[spread] p2a,p2b\n|-supereffective|p2a: Blastoise|1\n|-resisted|p2b: Sinistcha|1\n|-damage|p2a: Blastoise|6/100\n|-heal|p1b: Sinistcha|94/100|[from] drain|[of] p2a: Blastoise\n|-damage|p2b: Sinistcha|89/100\n|-heal|p1b: Sinistcha|100/100|[from] drain|[of] p2b: Sinistcha\n|-status|p2a: Blastoise|brn\n|\n|-damage|p2a: Blastoise|1/100 brn|[from] brn\n|upkeep\n|\n|t:|1788205837\n|switch|p1a: Delphox|Delphox, L50, M, shiny|100/100\n|turn|4\n|inactive|LeNasser has 30 seconds left.\n|\n|t:|1788205865\n|switch|p1a: Incineroar|Incineroar, L50, M|100/100\n|-ability|p1a: Incineroar|Intimidate|boost\n|-unboost|p2a: Blastoise|atk|1\n|-unboost|p2b: Sinistcha|atk|1\n|switch|p2b: Incineroar|Incineroar, L50, F|100/100\n|-ability|p2b: Incineroar|Intimidate|boost\n|-unboost|p1a: Incineroar|atk|1\n|-unboost|p1b: Sinistcha|atk|1\n|move|p2a: Blastoise|Dark Pulse|p1b: Sinistcha\n|-supereffective|p1b: Sinistcha|1\n|-damage|p1b: Sinistcha|0 fnt\n|faint|p1b: Sinistcha\n|\n|-damage|p2a: Blastoise|0 fnt|[from] brn\n|faint|p2a: Blastoise\n|upkeep\n|\n|t:|1788205881\n|switch|p2a: Sneasler|Sneasler, L50, F|17/100\n|switch|p1b: Delphox|Delphox, L50, M, shiny|100/100\n|turn|5\n|inactive|humania1 has 30 seconds left.\n|\n|t:|1788205908\n|move|p2b: Incineroar|Fake Out|p1a: Incineroar\n|-damage|p1a: Incineroar|90/100\n|move|p2a: Sneasler|Poison Jab|p1b: Delphox\n|-damage|p1b: Delphox|37/100\n|-status|p1b: Delphox|psn\n|move|p1b: Delphox|Psyshock|p2a: Sneasler\n|-supereffective|p2a: Sneasler|2\n|-damage|p2a: Sneasler|0 fnt\n|faint|p2a: Sneasler\n|cant|p1a: Incineroar|flinch\n|\n|-damage|p1b: Delphox|25/100 psn|[from] psn\n|upkeep\n|\n|t:|1788205921\n|switch|p2a: Sinistcha|Sinistcha, L50|89/100\n|turn|6\n|\n|t:|1788205940\n|move|p2a: Sinistcha|Rage Powder|p2a: Sinistcha\n|-singleturn|p2a: Sinistcha|move: Rage Powder\n|move|p1b: Delphox|Heat Wave|p2b: Incineroar|[spread] p2a,p2b\n|-supereffective|p2a: Sinistcha|1\n|-resisted|p2b: Incineroar|1\n|-damage|p2a: Sinistcha|5/100\n|-damage|p2b: Incineroar|82/100\n|move|p1a: Incineroar|Flare Blitz|p2a: Sinistcha\n|-supereffective|p2a: Sinistcha|1\n|-damage|p2a: Sinistcha|0 fnt\n|faint|p2a: Sinistcha\n|-damage|p1a: Incineroar|89/100|[from] Recoil\n|move|p2b: Incineroar|Flare Blitz|p1a: Incineroar\n|-resisted|p1a: Incineroar|1\n|-damage|p1a: Incineroar|69/100\n|-damage|p2b: Incineroar|75/100|[from] Recoil\n|\n|-damage|p1b: Delphox|13/100 psn|[from] psn\n|upkeep\n|turn|7\n|\n|t:|1788205961\n|move|p1b: Delphox|Heat Wave|p2b: Incineroar\n|-resisted|p2b: Incineroar|1\n|-damage|p2b: Incineroar|49/100\n|-enditem|p2b: Incineroar|Sitrus Berry|[eat]\n|-heal|p2b: Incineroar|73/100|[from] item: Sitrus Berry\n|move|p2b: Incineroar|Flare Blitz|p1a: Incineroar\n|-resisted|p1a: Incineroar|1\n|-damage|p1a: Incineroar|52/100\n|-damage|p2b: Incineroar|67/100|[from] Recoil\n|move|p1a: Incineroar|Flare Blitz|p2b: Incineroar\n|-resisted|p2b: Incineroar|1\n|-damage|p2b: Incineroar|52/100\n|-damage|p1a: Incineroar|47/100|[from] Recoil\n|\n|-damage|p1b: Delphox|1/100 psn|[from] psn\n|upkeep\n|turn|8\n|\n|t:|1788205979\n|move|p1b: Delphox|Heat Wave|p2b: Incineroar\n|-resisted|p2b: Incineroar|1\n|-damage|p2b: Incineroar|26/100\n|move|p1a: Incineroar|Flare Blitz|p2b: Incineroar\n|-resisted|p2b: Incineroar|1\n|-damage|p2b: Incineroar|12/100\n|-damage|p1a: Incineroar|43/100|[from] Recoil\n|move|p2b: Incineroar|Flare Blitz|p1a: Incineroar\n|-resisted|p1a: Incineroar|1\n|-damage|p1a: Incineroar|23/100\n|-damage|p2b: Incineroar|6/100|[from] Recoil\n|\n|-damage|p1b: Delphox|0 fnt|[from] psn\n|faint|p1b: Delphox\n|upkeep\n|turn|9\n|\n|t:|1788205992\n|move|p1a: Incineroar|Throat Chop|p2b: Incineroar\n|-resisted|p2b: Incineroar|1\n|-damage|p2b: Incineroar|0 fnt\n|faint|p2b: Incineroar\n|\n|win|humania1\n|raw|humania1's rating: 1054 &rarr; <strong>1092</strong><br />(+38 for winning)\n|raw|LeNasser's rating: 1120 &rarr; <strong>1090</strong><br />(-30 for losing)\n","uploadtime":1788205993,"views":"1","formatid":"gen9championsvgc2026regmbbo3","rating":1090,"private":0,"password":null}