{"id":"gen9championsvgc2026regmb-2674240745","format":"[Gen 9 Champions] VGC 2026 Reg M-B","players":["kumsumkneeda","SpaghettiBoy25"],"log":"|j|☆kumsumkneeda\n|j|☆SpaghettiBoy25\n|t:|1788321385\n|gametype|doubles\n|player|p1|kumsumkneeda|169|1165\n|player|p2|SpaghettiBoy25|fantina|1151\n|gen|9\n|tier|[Gen 9 Champions] VGC 2026 Reg M-B\n|rated|\n|rule|Species Clause: Limit one of each Pokémon\n|rule|Item Clause: Limit 1 of each item\n|clearpoke\n|poke|p1|Farigiraf, L50, F|\n|poke|p1|Conkeldurr, L50, M|\n|poke|p1|Tyranitar, L50, M|\n|poke|p1|Corviknight, L50, F|\n|poke|p1|Rotom-Wash, L50|\n|poke|p1|Floette-Eternal, L50, F|\n|poke|p2|Excadrill, L50, M|\n|poke|p2|Staraptor, L50, M|\n|poke|p2|Gholdengo, L50|\n|poke|p2|Tyranitar, L50, M|\n|poke|p2|Milotic, L50, M, shiny|\n|poke|p2|Sinistcha-Masterpiece, L50|\n|teampreview|4\n|inactive|Battle timer is ON: inactive players will automatically lose when time's up. (requested by kumsumkneeda)\n|\n|t:|1788321436\n|teamsize|p1|4\n|teamsize|p2|4\n|start\n|switch|p1a: Conkeldurr|Conkeldurr, L50, M|100/100\n|switch|p1b: Farigiraf|Farigiraf, L50, F|100/100\n|switch|p2a: Staraptor|Staraptor, L50, M|100/100\n|switch|p2b: Tyranitar|Tyranitar, L50, M|100/100\n|-ability|p2a: Staraptor|Intimidate|boost\n|-unboost|p1a: Conkeldurr|atk|1\n|-unboost|p1b: Farigiraf|atk|1\n|-weather|Sandstorm|[from] ability: Sand Stream|[of] p2b: Tyranitar\n|turn|1\n|\n|t:|1788321461\n|switch|p1a: Corviknight|Corviknight, L50, F|100/100\n|move|p2b: Tyranitar|Protect|p2b: Tyranitar\n|-singleturn|p2b: Tyranitar|Protect\n|move|p2a: Staraptor|Brave Bird|p1a: Corviknight\n|-resisted|p1a: Corviknight|1\n|-damage|p1a: Corviknight|83/100\n|-damage|p2a: Staraptor|93/100|[from] Recoil\n|move|p1b: Farigiraf|Trick Room|p1b: Farigiraf\n|-fieldstart|move: Trick Room|[of] p1b: Farigiraf\n|\n|-weather|Sandstorm|[upkeep]\n|-damage|p1b: Farigiraf|93/100|[from] Sandstorm\n|-damage|p2a: Staraptor|87/100|[from] Sandstorm\n|-heal|p1a: Corviknight|89/100|[from] item: Leftovers\n|upkeep\n|turn|2\n|\n|t:|1788321473\n|switch|p2a: Sinistcha|Sinistcha-Masterpiece, L50|100/100\n|move|p1b: Farigiraf|Dazzling Gleam|p2a: Sinistcha|[spread] p2a,p2b\n|-crit|p2a: Sinistcha\n|-supereffective|p2b: Tyranitar|1\n|-damage|p2a: Sinistcha|79/100\n|-damage|p2b: Tyranitar|82/100\n|move|p1a: Corviknight|Iron Head|p2b: Tyranitar\n|-supereffective|p2b: Tyranitar|1\n|-damage|p2b: Tyranitar|42/100\n|move|p2b: Tyranitar|Knock Off|p1b: Farigiraf\n|-supereffective|p1b: Farigiraf|1\n|-damage|p1b: Farigiraf|0 fnt\n|-enditem|p1b: Farigiraf|Sitrus Berry|[from] move: Knock Off|[of] p2b: Tyranitar\n|faint|p1b: Farigiraf\n|\n|-weather|Sandstorm|[upkeep]\n|-damage|p2a: Sinistcha|72/100|[from] Sandstorm\n|-heal|p1a: Corviknight|95/100|[from] item: Leftovers\n|upkeep\n|\n|t:|1788321475\n|switch|p1b: Conkeldurr|Conkeldurr, L50, M|100/100\n|turn|3\n|\n|t:|1788321490\n|move|p2b: Tyranitar|Protect|p2b: Tyranitar\n|-singleturn|p2b: Tyranitar|Protect\n|move|p1b: Conkeldurr|Knock Off|p2a: Sinistcha\n|-supereffective|p2a: Sinistcha|1\n|-enditem|p2a: Sinistcha|Colbur Berry|[eat]\n|-enditem|p2a: Sinistcha|Colbur Berry|[weaken]\n|-damage|p2a: Sinistcha|32/100\n|-damage|p1b: Conkeldurr|90/100|[from] item: Life Orb\n|move|p1a: Corviknight|Brave Bird|p2a: Sinistcha\n|-supereffective|p2a: Sinistcha|1\n|-damage|p2a: Sinistcha|0 fnt\n|faint|p2a: Sinistcha\n|-damage|p1a: Corviknight|85/100|[from] Recoil\n|\n|-weather|Sandstorm|[upkeep]\n|-damage|p1b: Conkeldurr|83/100|[from] Sandstorm\n|-heal|p1a: Corviknight|91/100|[from] item: Leftovers\n|upkeep\n|\n|t:|1788321500\n|switch|p2a: Gholdengo|Gholdengo, L50|100/100\n|turn|4\n|\n|t:|1788321508\n|switch|p2a: Staraptor|Staraptor, L50, M|87/100\n|-ability|p2a: Staraptor|Intimidate|boost\n|-ability|p1a: Corviknight|Mirror Armor\n|-unboost|p2a: Staraptor|atk|1\n|-unboost|p1b: Conkeldurr|atk|1\n|move|p1b: Conkeldurr|Knock Off|p2a: Staraptor\n|-damage|p2a: Staraptor|55/100\n|-damage|p1b: Conkeldurr|74/100|[from] item: Life Orb\n|move|p1a: Corviknight|Iron Head|p2b: Tyranitar\n|-supereffective|p2b: Tyranitar|1\n|-damage|p2b: Tyranitar|0 fnt\n|faint|p2b: Tyranitar\n|\n|-weather|Sandstorm|[upkeep]\n|-damage|p1b: Conkeldurr|67/100|[from] Sandstorm\n|-damage|p2a: Staraptor|49/100|[from] Sandstorm\n|-heal|p1a: Corviknight|97/100|[from] item: Leftovers\n|upkeep\n|\n|t:|1788321518\n|switch|p2b: Gholdengo|Gholdengo, L50|100/100\n|turn|5\n|\n|t:|1788321541\n|move|p2b: Gholdengo|Protect|p2b: Gholdengo\n|-singleturn|p2b: Gholdengo|Protect\n|move|p2a: Staraptor|Protect|p2a: Staraptor\n|-singleturn|p2a: Staraptor|Protect\n|move|p1b: Conkeldurr|Knock Off|p2b: Gholdengo\n|-activate|p2b: Gholdengo|move: Protect\n|move|p1a: Corviknight|Brave Bird|p2a: Staraptor\n|-activate|p2a: Staraptor|move: Protect\n|\n|-weather|none\n|-heal|p1a: Corviknight|100/100|[from] item: Leftovers\n|-fieldend|move: Trick Room\n|upkeep\n|turn|6\n|\n|t:|1788321551\n|switch|p1b: Floette|Floette-Eternal, L50, F|100/100\n|detailschange|p2a: Staraptor|Staraptor-Mega, L50, M\n|-mega|p2a: Staraptor|Staraptor|Staraptite\n|move|p2a: Staraptor|Brave Bird|p1b: Floette\n|-damage|p1b: Floette|27/100\n|-damage|p2a: Staraptor|27/100|[from] Recoil\n|move|p2b: Gholdengo|Nasty Plot|p2b: Gholdengo\n|-boost|p2b: Gholdengo|spa|2\n|move|p1a: Corviknight|Tailwind|p1a: Corviknight\n|-sidestart|p1: kumsumkneeda|move: Tailwind\n|\n|upkeep\n|turn|7\n|\n|t:|1788321572\n|detailschange|p1b: Floette|Floette-Mega, L50, F\n|-mega|p1b: Floette|Floette|Floettite\n|-ability|p1b: Floette|Fairy Aura\n|move|p2b: Gholdengo|Protect|p2b: Gholdengo\n|-singleturn|p2b: Gholdengo|Protect\n|move|p1b: Floette|Dazzling Gleam|p2a: Staraptor|[spread] p2a\n|-activate|p2b: Gholdengo|move: Protect\n|-supereffective|p2a: Staraptor|1\n|-damage|p2a: Staraptor|0 fnt\n|faint|p2a: Staraptor\n|move|p1a: Corviknight|Brave Bird|p2b: Gholdengo\n|-activate|p2b: Gholdengo|move: Protect\n|\n|upkeep\n|turn|8\n|\n|t:|1788321581\n|move|p1b: Floette|Moonblast|p2b: Gholdengo\n|-resisted|p2b: Gholdengo|1\n|-damage|p2b: Gholdengo|59/100\n|move|p1a: Corviknight|Brave Bird|p2b: Gholdengo\n|-resisted|p2b: Gholdengo|1\n|-damage|p2b: Gholdengo|40/100\n|-damage|p1a: Corviknight|94/100|[from] Recoil\n|move|p2b: Gholdengo|Make It Rain|p1a: Corviknight|[spread] p1a,p1b\n|-resisted|p1a: Corviknight|1\n|-supereffective|p1b: Floette|1\n|-damage|p1a: Corviknight|26/100\n|-damage|p1b: Floette|0 fnt\n|-unboost|p2b: Gholdengo|spa|2\n|faint|p1b: Floette\n|-damage|p2b: Gholdengo|30/100|[from] item: Life Orb\n|\n|-heal|p1a: Corviknight|32/100|[from] item: Leftovers\n|upkeep\n|\n|t:|1788321583\n|switch|p1b: Conkeldurr|Conkeldurr, L50, M|67/100\n|turn|9\n|\n|t:|1788321590\n|move|p1a: Corviknight|Brave Bird|p2b: Gholdengo\n|-resisted|p2b: Gholdengo|1\n|-damage|p2b: Gholdengo|10/100\n|-damage|p1a: Corviknight|26/100|[from] Recoil\n|move|p2b: Gholdengo|Make It Rain|p1b: Conkeldurr|[spread] p1a,p1b\n|-resisted|p1a: Corviknight|1\n|-damage|p1a: Corviknight|0 fnt\n|-damage|p1b: Conkeldurr|0 fnt\n|-unboost|p2b: Gholdengo|spa|2\n|faint|p1a: Corviknight\n|faint|p1b: Conkeldurr\n|-damage|p2b: Gholdengo|1/100|[from] item: Life Orb\n|\n|win|SpaghettiBoy25\n|raw|kumsumkneeda's rating: 1165 &rarr; <strong>1139</strong><br />(-26 for losing)\n|raw|SpaghettiBoy25's rating: 1151 &rarr; <strong>1177</strong><br />(+26 for winning)\n|l|☆kumsumkneeda\n|player|p1|\n","uploadtime":1788322016,"views":"1","formatid":"gen9championsvgc2026regmb","rating":1139,"private":0,"password":null}