{"id":"gen9championsvgc2026regmb-2674229171","format":"[Gen 9 Champions] VGC 2026 Reg M-B","players":["C0ozer","Samsalt6363"],"log":"|j|☆C0ozer\n|j|☆Samsalt6363\n|t:|1788319203\n|gametype|doubles\n|player|p1|C0ozer|lucas|1545\n|player|p2|Samsalt6363|101|1469\n|gen|9\n|tier|[Gen 9 Champions] VGC 2026 Reg M-B\n|rated|\n|rule|Species Clause: Limit one of each Pokémon\n|rule|Item Clause: Limit 1 of each item\n|clearpoke\n|poke|p1|Scovillain, L50, M|\n|poke|p1|Froslass, L50, F, shiny|\n|poke|p1|Basculegion, L50, M|\n|poke|p1|Sneasler, L50, M, shiny|\n|poke|p1|Lycanroc-Dusk, L50, M|\n|poke|p1|Kingambit, L50, M|\n|poke|p2|Staraptor, L50, F|\n|poke|p2|Kingambit, L50, F, shiny|\n|poke|p2|Basculegion, L50, M|\n|poke|p2|Whimsicott, L50, M|\n|poke|p2|Torkoal, L50, F|\n|poke|p2|Glimmora, L50, M|\n|teampreview|4\n|inactive|Battle timer is ON: inactive players will automatically lose when time's up. (requested by C0ozer)\n|j| blazzzo\n|inactive|Samsalt6363 has 60 seconds left.\n|\n|t:|1788319251\n|teamsize|p1|4\n|teamsize|p2|4\n|start\n|switch|p1a: Froslass|Froslass, L50, F, shiny|100/100\n|switch|p1b: Sneasler|Sneasler, L50, M, shiny|100/100\n|switch|p2a: Glimmora|Glimmora, L50, M|100/100\n|switch|p2b: Whimsicott|Whimsicott, L50, M|100/100\n|turn|1\n|\n|t:|1788319266\n|move|p2b: Whimsicott|Protect|p2b: Whimsicott\n|-singleturn|p2b: Whimsicott|Protect\n|move|p1a: Froslass|Protect|p1a: Froslass\n|-singleturn|p1a: Froslass|Protect\n|move|p2a: Glimmora|Spiky Shield|p2a: Glimmora\n|-singleturn|p2a: Glimmora|move: Protect\n|move|p1b: Sneasler|Close Combat|p2a: Glimmora\n|-activate|p2a: Glimmora|move: Protect\n|-damage|p1b: Sneasler|87/100|[from] Spiky Shield|[of] p2a: Glimmora\n|\n|upkeep\n|turn|2\n|inactive|Samsalt6363 has 30 seconds left.\n|\n|t:|1788319292\n|switch|p1a: Basculegion|Basculegion, L50, M|100/100\n|detailschange|p2a: Glimmora|Glimmora-Mega, L50, M\n|-mega|p2a: Glimmora|Glimmora|Glimmoranite\n|move|p2b: Whimsicott|Tailwind|p2b: Whimsicott\n|-sidestart|p2: Samsalt6363|move: Tailwind\n|move|p2a: Glimmora|Power Gem|p1a: Basculegion\n|-damage|p1a: Basculegion|27/100\n|move|p1b: Sneasler|Close Combat|p2a: Glimmora\n|-damage|p2a: Glimmora|33/100\n|-unboost|p1b: Sneasler|def|1\n|-unboost|p1b: Sneasler|spd|1\n|-enditem|p1b: Sneasler|White Herb\n|-clearnegativeboost|p1b: Sneasler|[silent]\n|\n|upkeep\n|turn|3\n|inactive|Samsalt6363 has 30 seconds left.\n|\n|t:|1788319320\n|move|p2a: Glimmora|Spiky Shield|p2a: Glimmora\n|-singleturn|p2a: Glimmora|move: Protect\n|move|p1a: Basculegion|Protect|p1a: Basculegion\n|-singleturn|p1a: Basculegion|Protect\n|move|p2b: Whimsicott|Moonblast|p1a: Basculegion\n|-activate|p1a: Basculegion|move: Protect\n|move|p1b: Sneasler|Gunk Shot|p2b: Whimsicott\n|-supereffective|p2b: Whimsicott|2\n|-enditem|p2b: Whimsicott|Focus Sash\n|-damage|p2b: Whimsicott|1/100\n|\n|upkeep\n|turn|4\n|inactive|Samsalt6363 has 30 seconds left.\n|inactive|Samsalt6363 has 20 seconds left.\n|inactive|Samsalt6363 has 15 seconds left.\n|inactive|Samsalt6363 has 10 seconds left.\n|\n|t:|1788319367\n|switch|p2a: Basculegion|Basculegion, L50, M|100/100\n|move|p2b: Whimsicott|Protect|p2b: Whimsicott\n|-singleturn|p2b: Whimsicott|Protect\n|move|p1a: Basculegion|Aqua Jet|p2b: Whimsicott\n|-activate|p2b: Whimsicott|move: Protect\n|move|p1b: Sneasler|Close Combat|p2a: Basculegion\n|-immune|p2a: Basculegion\n|\n|upkeep\n|turn|5\n|inactive|Samsalt6363 has 30 seconds left.\n|\n|t:|1788319396\n|move|p1a: Basculegion|Protect|p1a: Basculegion\n|-singleturn|p1a: Basculegion|Protect\n|move|p2b: Whimsicott|Encore|p1a: Basculegion\n|-activate|p1a: Basculegion|move: Protect\n|move|p1b: Sneasler|Close Combat|p2b: Whimsicott\n|-resisted|p2b: Whimsicott|1\n|-damage|p2b: Whimsicott|0 fnt\n|-unboost|p1b: Sneasler|def|1\n|-unboost|p1b: Sneasler|spd|1\n|faint|p2b: Whimsicott\n|move|p2a: Basculegion|Last Respects|p1b: Sneasler\n|-damage|p1b: Sneasler|0 fnt\n|faint|p1b: Sneasler\n|\n|-sideend|p2: Samsalt6363|move: Tailwind\n|upkeep\n|\n|t:|1788319416\n|switch|p2b: Kingambit|Kingambit, L50, F, shiny|100/100\n|switch|p1b: Froslass|Froslass, L50, F, shiny|100/100\n|turn|6\n|\n|t:|1788319428\n|detailschange|p1b: Froslass|Froslass-Mega, L50, F, shiny\n|-mega|p1b: Froslass|Froslass|Froslassite\n|-weather|Snowscape|[from] ability: Snow Warning|[of] p1b: Froslass\n|move|p2b: Kingambit|Sucker Punch||[still]\n|-fail|p2b: Kingambit\n|move|p1b: Froslass|Aurora Veil|p1b: Froslass\n|-sidestart|p1: C0ozer|move: Aurora Veil\n|move|p1a: Basculegion|Wave Crash|p2b: Kingambit\n|-damage|p2b: Kingambit|5/100\n|-damage|p1a: Basculegion|0 fnt|[from] Recoil\n|faint|p1a: Basculegion\n|move|p2a: Basculegion|Last Respects|p1b: Froslass\n|-supereffective|p1b: Froslass|1\n|-damage|p1b: Froslass|7/100\n|\n|-weather|Snowscape|[upkeep]\n|upkeep\n|\n|t:|1788319442\n|switch|p1a: Kingambit|Kingambit, L50, M|100/100\n|turn|7\n|\n|t:|1788319460\n|move|p2a: Basculegion|Protect|p2a: Basculegion\n|-singleturn|p2a: Basculegion|Protect\n|move|p2b: Kingambit|Sucker Punch|p1b: Froslass\n|-supereffective|p1b: Froslass|1\n|-damage|p1b: Froslass|0 fnt\n|faint|p1b: Froslass\n|-damage|p2b: Kingambit|0 fnt|[from] item: Life Orb\n|faint|p2b: Kingambit\n|move|p1a: Kingambit|Sucker Punch||[still]\n|-fail|p1a: Kingambit\n|\n|-weather|Snowscape|[upkeep]\n|upkeep\n|\n|t:|1788319473\n|switch|p2b: Glimmora|Glimmora-Mega, L50, M|33/100\n|turn|8\n|inactive|Samsalt6363 has 30 seconds left.\n|\n|t:|1788319499\n|move|p1a: Kingambit|Protect|p1a: Kingambit\n|-singleturn|p1a: Kingambit|Protect\n|move|p2b: Glimmora|Power Gem|p1a: Kingambit\n|-activate|p1a: Kingambit|move: Protect\n|move|p2a: Basculegion|Wave Crash|p1a: Kingambit\n|-activate|p1a: Kingambit|move: Protect\n|\n|-weather|Snowscape|[upkeep]\n|upkeep\n|turn|9\n|\n|t:|1788319515\n|move|p2a: Basculegion|Protect|p2a: Basculegion\n|-singleturn|p2a: Basculegion|Protect\n|move|p1a: Kingambit|Sucker Punch||[still]\n|-fail|p1a: Kingambit\n|move|p2b: Glimmora|Power Gem|p1a: Kingambit\n|-resisted|p1a: Kingambit|1\n|-damage|p1a: Kingambit|79/100\n|\n|-weather|Snowscape|[upkeep]\n|upkeep\n|turn|10\n|\n|t:|1788319531\n|move|p2a: Basculegion|Protect|p2a: Basculegion\n|-singleturn|p2a: Basculegion|Protect\n|move|p1a: Kingambit|Sucker Punch||[still]\n|-fail|p1a: Kingambit\n|move|p2b: Glimmora|Power Gem|p1a: Kingambit\n|-resisted|p1a: Kingambit|1\n|-damage|p1a: Kingambit|58/100\n|\n|-weather|none\n|-sideend|p1: C0ozer|move: Aurora Veil\n|upkeep\n|turn|11\n|\n|t:|1788319554\n|move|p1a: Kingambit|Sucker Punch|p2a: Basculegion\n|-supereffective|p2a: Basculegion|1\n|-damage|p2a: Basculegion|1/100\n|-enditem|p2a: Basculegion|Sitrus Berry|[eat]\n|-heal|p2a: Basculegion|26/100|[from] item: Sitrus Berry\n|move|p2b: Glimmora|Power Gem|p1a: Kingambit\n|-resisted|p1a: Kingambit|1\n|-damage|p1a: Kingambit|29/100\n|move|p2a: Basculegion|Wave Crash|p1a: Kingambit\n|-damage|p1a: Kingambit|0 fnt\n|faint|p1a: Kingambit\n|-damage|p2a: Basculegion|17/100|[from] Recoil\n|\n|win|Samsalt6363\n|raw|C0ozer's rating: 1545 &rarr; <strong>1521</strong><br />(-24 for losing)\n|raw|Samsalt6363's rating: 1469 &rarr; <strong>1493</strong><br />(+24 for winning)\n|l|☆C0ozer\n|player|p1|\n|l|☆Samsalt6363\n|player|p2|\n","uploadtime":1788319565,"views":"1","formatid":"gen9championsvgc2026regmb","rating":1493,"private":0,"password":null}