{"id":"gen9championsvgc2026regmb-2675029649","format":"[Gen 9 Champions] VGC 2026 Reg M-B","players":["Ninhox","broutux"],"log":"|j|☆Ninhox\n|j|☆broutux\n|t:|1788450620\n|gametype|doubles\n|player|p1|Ninhox|ingo|1112\n|player|p2|broutux|blaine|1096\n|gen|9\n|tier|[Gen 9 Champions] VGC 2026 Reg M-B\n|rated|\n|rule|Species Clause: Limit one of each Pokémon\n|rule|Item Clause: Limit 1 of each item\n|clearpoke\n|poke|p1|Rotom-Wash, L50|\n|poke|p1|Garchomp, L50, M|\n|poke|p1|Aerodactyl, L50, M|\n|poke|p1|Sneasler, L50, M|\n|poke|p1|Basculegion, L50, M|\n|poke|p1|Metagross, L50|\n|poke|p2|Palafin, L50, M|\n|poke|p2|Sableye, L50, F|\n|poke|p2|Staraptor, L50, F|\n|poke|p2|Overqwil, L50, M|\n|poke|p2|Tsareena, L50, F|\n|poke|p2|Tinkaton, L50, F|\n|teampreview|4\n|inactive|Battle timer is ON: inactive players will automatically lose when time's up. (requested by broutux)\n|inactive|broutux has 60 seconds left.\n|\n|t:|1788450651\n|teamsize|p1|4\n|teamsize|p2|4\n|start\n|switch|p1a: Metagross|Metagross, L50|100/100\n|switch|p1b: Sneasler|Sneasler, L50, M|100/100\n|switch|p2a: Palafin|Palafin, L50, M|100/100\n|switch|p2b: Overqwil|Overqwil, L50, M|100/100\n|turn|1\n|\n|t:|1788450662\n|detailschange|p2a: Palafin|Palafin-Hero, L50, M\n|switch|p2a: Sableye|Sableye, L50, F|100/100\n|move|p1a: Metagross|Protect|p1a: Metagross\n|-singleturn|p1a: Metagross|Protect\n|move|p2b: Overqwil|Protect|p2b: Overqwil\n|-singleturn|p2b: Overqwil|Protect\n|move|p1b: Sneasler|Coaching|p1a: Metagross\n|-boost|p1a: Metagross|atk|1\n|-boost|p1a: Metagross|def|1\n|\n|upkeep\n|turn|2\n|\n|t:|1788450679\n|detailschange|p1a: Metagross|Metagross-Mega, L50\n|-mega|p1a: Metagross|Metagross|Metagrossite\n|move|p2a: Sableye|Fake Out|p1a: Metagross\n|-resisted|p1a: Metagross|1\n|-damage|p1a: Metagross|98/100\n|move|p1b: Sneasler|Coaching|p1a: Metagross\n|-boost|p1a: Metagross|atk|1\n|-boost|p1a: Metagross|def|1\n|cant|p1a: Metagross|flinch\n|move|p2b: Overqwil|Crunch|p1a: Metagross\n|-supereffective|p1a: Metagross|1\n|-damage|p1a: Metagross|66/100\n|\n|upkeep\n|turn|3\n|\n|t:|1788450696\n|move|p2a: Sableye|Rain Dance|p2a: Sableye\n|-weather|RainDance\n|move|p2b: Overqwil|Crunch|p1a: Metagross\n|-supereffective|p1a: Metagross|1\n|-damage|p1a: Metagross|31/100\n|move|p1b: Sneasler|Coaching|p1a: Metagross\n|-boost|p1a: Metagross|atk|1\n|-boost|p1a: Metagross|def|1\n|move|p1a: Metagross|Meteor Mash|p2b: Overqwil\n|-damage|p2b: Overqwil|0 fnt\n|faint|p2b: Overqwil\n|\n|-weather|RainDance|[upkeep]\n|upkeep\n|\n|t:|1788450710\n|switch|p2b: Palafin|Palafin-Hero, L50, M|100/100\n|-activate|p2b: Palafin|ability: Zero to Hero\n|turn|4\n|\n|t:|1788450718\n|move|p1a: Metagross|Protect|p1a: Metagross\n|-singleturn|p1a: Metagross|Protect\n|move|p2a: Sableye|Quash|p1a: Metagross\n|-activate|p1a: Metagross|move: Protect\n|move|p1b: Sneasler|Close Combat|p2b: Palafin\n|-damage|p2b: Palafin|41/100\n|-unboost|p1b: Sneasler|def|1\n|-unboost|p1b: Sneasler|spd|1\n|-enditem|p1b: Sneasler|White Herb\n|-clearnegativeboost|p1b: Sneasler|[silent]\n|move|p2b: Palafin|Wave Crash|p1a: Metagross\n|-activate|p1a: Metagross|move: Protect\n|\n|-weather|RainDance|[upkeep]\n|upkeep\n|turn|5\n|\n|t:|1788450742\n|move|p2a: Sableye|Encore|p1a: Metagross\n|-start|p1a: Metagross|Encore\n|move|p1a: Metagross|Protect||[still]\n|-fail|p1a: Metagross\n|move|p1b: Sneasler|Close Combat|p2b: Palafin\n|-damage|p2b: Palafin|0 fnt\n|-unboost|p1b: Sneasler|def|1\n|-unboost|p1b: Sneasler|spd|1\n|faint|p2b: Palafin\n|\n|-weather|RainDance|[upkeep]\n|upkeep\n|\n|t:|1788450749\n|switch|p2b: Staraptor|Staraptor, L50, F|100/100\n|-ability|p2b: Staraptor|Intimidate|boost\n|-unboost|p1a: Metagross|atk|1\n|-unboost|p1b: Sneasler|atk|1\n|turn|6\n|inactive|broutux has 30 seconds left.\n|\n|t:|1788450778\n|switch|p1a: Rotom|Rotom-Wash, L50|100/100\n|detailschange|p2b: Staraptor|Staraptor-Mega, L50, F\n|-mega|p2b: Staraptor|Staraptor|Staraptite\n|move|p2a: Sableye|Quash|p1b: Sneasler\n|-activate|p1b: Sneasler|move: Quash\n|move|p2b: Staraptor|Close Combat|p1b: Sneasler\n|-resisted|p1b: Sneasler|1\n|-damage|p1b: Sneasler|38/100\n|-boost|p2b: Staraptor|def|1\n|-boost|p2b: Staraptor|spd|1\n|move|p1b: Sneasler|Dire Claw|p2b: Staraptor\n|-damage|p2b: Staraptor|79/100\n|\n|-weather|RainDance|[upkeep]\n|upkeep\n|turn|7\n|inactive|broutux has 30 seconds left.\n|\n|t:|1788450806\n|switch|p1b: Metagross|Metagross-Mega, L50|31/100\n|move|p2a: Sableye|Quash||[still]\n|-fail|p2a: Sableye\n|move|p2b: Staraptor|Close Combat|p1a: Rotom\n|-damage|p1a: Rotom|44/100\n|-boost|p2b: Staraptor|def|1\n|-boost|p2b: Staraptor|spd|1\n|-enditem|p1a: Rotom|Sitrus Berry|[eat]\n|-heal|p1a: Rotom|69/100|[from] item: Sitrus Berry\n|move|p1a: Rotom|Will-O-Wisp|p2b: Staraptor\n|-status|p2b: Staraptor|brn\n|\n|-weather|none\n|-damage|p2b: Staraptor|73/100 brn|[from] brn\n|upkeep\n|turn|8\n|\n|t:|1788450825\n|move|p1b: Metagross|Protect|p1b: Metagross\n|-singleturn|p1b: Metagross|Protect\n|move|p2a: Sableye|Encore|p1a: Rotom\n|-start|p1a: Rotom|Encore\n|move|p2b: Staraptor|Close Combat|p1b: Metagross\n|-activate|p1b: Metagross|move: Protect\n|move|p1a: Rotom|Will-O-Wisp|p2a: Sableye|[miss]\n|-miss|p1a: Rotom|p2a: Sableye\n|\n|-damage|p2b: Staraptor|67/100 brn|[from] brn\n|upkeep\n|turn|9\n|\n|t:|1788450842\n|switch|p1b: Basculegion|Basculegion, L50, M|100/100\n|switch|p1a: Sneasler|Sneasler, L50, M|38/100\n|move|p2a: Sableye|Encore||[still]\n|-fail|p2a: Sableye\n|move|p2b: Staraptor|Close Combat|p1a: Sneasler\n|-resisted|p1a: Sneasler|1\n|-damage|p1a: Sneasler|16/100\n|-boost|p2b: Staraptor|def|1\n|-boost|p2b: Staraptor|spd|1\n|\n|-damage|p2b: Staraptor|61/100 brn|[from] brn\n|upkeep\n|turn|10\n|\n|t:|1788450862\n|move|p2b: Staraptor|Protect|p2b: Staraptor\n|-singleturn|p2b: Staraptor|Protect\n|move|p1a: Sneasler|Fake Out|p2b: Staraptor\n|-activate|p2b: Staraptor|move: Protect\n|move|p2a: Sableye|Quash|p1b: Basculegion\n|-activate|p1b: Basculegion|move: Quash\n|move|p1b: Basculegion|Liquidation|p2b: Staraptor\n|-activate|p2b: Staraptor|move: Protect\n|\n|-damage|p2b: Staraptor|54/100 brn|[from] brn\n|upkeep\n|turn|11\n|\n|t:|1788450878\n|switch|p1a: Metagross|Metagross-Mega, L50|31/100\n|switch|p1b: Rotom|Rotom-Wash, L50|69/100\n|move|p2a: Sableye|Quash||[still]\n|-fail|p2a: Sableye\n|move|p2b: Staraptor|Close Combat|p1a: Metagross\n|-damage|p1a: Metagross|6/100\n|-boost|p2b: Staraptor|def|1\n|-boost|p2b: Staraptor|spd|1\n|\n|-damage|p2b: Staraptor|48/100 brn|[from] brn\n|upkeep\n|turn|12\n|\n|t:|1788450895\n|move|p2a: Sableye|Quash|p1b: Rotom\n|-activate|p1b: Rotom|move: Quash\n|move|p2b: Staraptor|Close Combat|p1a: Metagross\n|-damage|p1a: Metagross|0 fnt\n|-boost|p2b: Staraptor|def|1\n|-boost|p2b: Staraptor|spd|1\n|faint|p1a: Metagross\n|move|p1b: Rotom|Electroweb|p2b: Staraptor|[spread] p2a,p2b\n|-supereffective|p2b: Staraptor|1\n|-damage|p2a: Sableye|81/100\n|-damage|p2b: Staraptor|37/100 brn\n|-unboost|p2a: Sableye|spe|1\n|-boost|p2b: Staraptor|spe|1\n|\n|-damage|p2b: Staraptor|31/100 brn|[from] brn\n|upkeep\n|\n|t:|1788450909\n|switch|p1a: Sneasler|Sneasler, L50, M|16/100\n|turn|13\n|\n|t:|1788450917\n|move|p2b: Staraptor|Protect|p2b: Staraptor\n|-singleturn|p2b: Staraptor|Protect\n|move|p2a: Sableye|Encore|p1b: Rotom\n|-start|p1b: Rotom|Encore\n|move|p1a: Sneasler|Dire Claw|p2a: Sableye\n|-resisted|p2a: Sableye|1\n|-damage|p2a: Sableye|57/100\n|-status|p2a: Sableye|slp\n|move|p1b: Rotom|Electroweb|p2a: Sableye|[spread] p2a\n|-activate|p2b: Staraptor|move: Protect\n|-damage|p2a: Sableye|38/100 slp\n|-unboost|p2a: Sableye|spe|1\n|\n|-damage|p2b: Staraptor|25/100 brn|[from] brn\n|upkeep\n|turn|14\n|\n|t:|1788450935\n|cant|p2a: Sableye|slp\n|move|p2b: Staraptor|Roost|p2b: Staraptor\n|-heal|p2b: Staraptor|75/100 brn\n|-singleturn|p2b: Staraptor|move: Roost\n|move|p1a: Sneasler|Dire Claw|p2b: Staraptor\n|-damage|p2b: Staraptor|63/100 brn\n|move|p1b: Rotom|Electroweb|p2b: Staraptor|[spread] p2a,p2b\n|-damage|p2a: Sableye|18/100 slp\n|-damage|p2b: Staraptor|58/100 brn\n|-unboost|p2a: Sableye|spe|1\n|-boost|p2b: Staraptor|spe|1\n|\n|-damage|p2b: Staraptor|51/100 brn|[from] brn\n|upkeep\n|turn|15\n|\n|t:|1788450956\n|cant|p2a: Sableye|slp\n|move|p2b: Staraptor|Close Combat|p1b: Rotom\n|-damage|p1b: Rotom|40/100\n|-boost|p2b: Staraptor|def|1\n|-boost|p2b: Staraptor|spd|1\n|move|p1a: Sneasler|Dire Claw|p2b: Staraptor\n|-damage|p2b: Staraptor|40/100 brn\n|move|p1b: Rotom|Electroweb|p2a: Sableye|[spread] p2a,p2b\n|-supereffective|p2b: Staraptor|1\n|-crit|p2b: Staraptor\n|-damage|p2a: Sableye|0 fnt\n|-damage|p2b: Staraptor|0 fnt\n|faint|p2a: Sableye\n|faint|p2b: Staraptor\n|\n|win|Ninhox\n|raw|Ninhox's rating: 1112 &rarr; <strong>1136</strong><br />(+24 for winning)\n|raw|broutux's rating: 1096 &rarr; <strong>1073</strong><br />(-23 for losing)\n","uploadtime":1788450972,"views":"9","formatid":"gen9championsvgc2026regmb","rating":1073,"private":0,"password":null}