{"id":"gen9championsvgc2026regmbbo3-2674369974","format":"[Gen 9 Champions] VGC 2026 Reg M-B (Bo3)","players":["KiLLERFROG1987","cobyoid"],"log":"|j|☆KiLLERFROG1987\n|j|☆cobyoid\n|html|<table width=\"100%\"><tr><td align=\"left\">KiLLERFROG1987</td><td align=\"right\">cobyoid</tr><tr><td align=\"left\"><i class=\"fa fa-circle-o\"></i> <i class=\"fa fa-circle-o\"></i> </td><td align=\"right\"><i class=\"fa fa-circle-o\"></i> <i class=\"fa fa-circle-o\"></i> </tr></table>\n|uhtml|bestof|<h2><strong>Game 1</strong> of <a href=\"/game-bestof3-gen9championsvgc2026regmbbo3-2674369973\">a best-of-3</a></h2>\n|t:|1788350375\n|gametype|doubles\n|player|p1|KiLLERFROG1987|pilot|1000\n|player|p2|cobyoid|brycenman|1057\n|gen|9\n|tier|[Gen 9 Champions] VGC 2026 Reg M-B (Bo3)\n|rated|\n|rule|Species Clause: Limit one of each Pokémon\n|rule|Item Clause: Limit 1 of each item\n|clearpoke\n|poke|p1|Scolipede, L50, M|\n|poke|p1|Aurorus, L50, F|\n|poke|p1|Charizard, L50, M|\n|poke|p1|Meganium, L50, F|\n|poke|p1|Rotom-Wash, L50|\n|poke|p1|Liepard, L50, M|\n|poke|p2|Feraligatr, L50, F|\n|poke|p2|Sableye, L50, M|\n|poke|p2|Talonflame, L50, F, shiny|\n|poke|p2|Aegislash, L50, M|\n|poke|p2|Arcanine-Hisui, L50, M|\n|poke|p2|Rotom-Mow, L50|\n|teampreview|4\n|showteam|p1|Scolipede||FocusSash|SpeedBoost|LeechLife,GunkShot,Protect,RockSlide|Naughty||M|||50|]Aurorus||ExpertBelt|SnowWarning|EarthPower,AuroraVeil,Blizzard,FlashCannon|Relaxed||F|||50|]Charizard||CharizarditeX|Blaze|DragonDance,DragonClaw,FlareBlitz,Protect|Adamant||M|||50|]Meganium||Meganiumite|Overgrow|DazzlingGleam,Earthquake,EnergyBall,Protect|Quiet||F|||50|]Rotom-Wash||Leftovers|Levitate|Thunderbolt,VoltSwitch,HydroPump,ShadowBall|Serious|||||50|]Liepard||WhiteHerb|Unburden|Uturn,FakeOut,Taunt,Crunch|Adamant||M|||50|\n|showteam|p2|Feraligatr||Feraligite|SheerForce|AquaJet,BodySlam,Liquidation,Protect|Adamant||F|||50|]Sableye||MentalHerb|Prankster|FakeOut,Quash,Encore,KnockOff|Relaxed||M|||50|]Talonflame||SharpBeak|GaleWings|Tailwind,Roost,Taunt,BraveBird|Jolly||F|||50|]Aegislash||Leftovers|StanceChange|WideGuard,Poltergeist,IronHead,KingsShield|Careful||M|||50|]Arcanine-Hisui||FocusSash|RockHead|ExtremeSpeed,HeadSmash,FlareBlitz,Protect|Jolly||M|||50|]Rotom-Mow||SitrusBerry|Levitate|LeafStorm,WillOWisp,Thunderbolt,Protect|Calm|||||50|\n|c|☆KiLLERFROG1987|w team\n|\n|t:|1788350411\n|teamsize|p1|4\n|teamsize|p2|4\n|start\n|switch|p1a: Scolipede|Scolipede, L50, M|100/100\n|switch|p1b: Rotom|Rotom-Wash, L50|100/100\n|switch|p2a: Sableye|Sableye, L50, M|100/100\n|switch|p2b: Feraligatr|Feraligatr, L50, F|100/100\n|turn|1\n|\n|t:|1788350431\n|detailschange|p2b: Feraligatr|Feraligatr-Mega, L50, F\n|-mega|p2b: Feraligatr|Feraligatr|Feraligite\n|move|p1a: Scolipede|Protect|p1a: Scolipede\n|-singleturn|p1a: Scolipede|Protect\n|move|p2a: Sableye|Fake Out|p1a: Scolipede\n|-activate|p1a: Scolipede|move: Protect\n|move|p1b: Rotom|Thunderbolt|p2b: Feraligatr\n|-damage|p2b: Feraligatr|59/100\n|move|p2b: Feraligatr|Body Slam|p1a: Scolipede\n|-activate|p1a: Scolipede|move: Protect\n|\n|-ability|p1a: Scolipede|Speed Boost|boost\n|-boost|p1a: Scolipede|spe|1\n|upkeep\n|turn|2\n|\n|t:|1788350458\n|move|p2b: Feraligatr|Protect|p2b: Feraligatr\n|-singleturn|p2b: Feraligatr|Protect\n|move|p2a: Sableye|Encore|p1a: Scolipede\n|-start|p1a: Scolipede|Encore\n|move|p1a: Scolipede|Protect||[still]\n|-fail|p1a: Scolipede\n|move|p1b: Rotom|Thunderbolt|p2b: Feraligatr\n|-activate|p2b: Feraligatr|move: Protect\n|\n|-ability|p1a: Scolipede|Speed Boost|boost\n|-boost|p1a: Scolipede|spe|1\n|upkeep\n|turn|3\n|c|☆KiLLERFROG1987|how did you encore me?\n|\n|t:|1788350490\n|switch|p1a: Liepard|Liepard, L50, M|100/100\n|switch|p2b: Arcanine|Arcanine-Hisui, L50, M|100/100\n|move|p1b: Rotom|Thunderbolt|p2b: Arcanine\n|-damage|p2b: Arcanine|48/100\n|move|p2a: Sableye|Knock Off|p1a: Liepard\n|-resisted|p1a: Liepard|1\n|-damage|p1a: Liepard|77/100\n|-enditem|p1a: Liepard|White Herb|[from] move: Knock Off|[of] p2a: Sableye\n|\n|upkeep\n|turn|4\n|c|☆cobyoid|prankster\n|c|☆KiLLERFROG1987|i thought prankster plus 1 and immue  to dark types?\n|\n|t:|1788350527\n|switch|p2a: Talonflame|Talonflame, L50, F, shiny|100/100\n|move|p2b: Arcanine|Protect|p2b: Arcanine\n|-singleturn|p2b: Arcanine|Protect\n|move|p1a: Liepard|Crunch|p2b: Arcanine\n|-activate|p2b: Arcanine|move: Protect\n|move|p1b: Rotom|Thunderbolt|p2b: Arcanine\n|-activate|p2b: Arcanine|move: Protect\n|\n|upkeep\n|turn|5\n|c|☆cobyoid|wdym? prankster makes status moves priority and thats why sableye moved first\n|\n|t:|1788350573\n|move|p2b: Arcanine|Extreme Speed|p1a: Liepard\n|-damage|p1a: Liepard|28/100\n|move|p2a: Talonflame|Brave Bird|p1a: Liepard\n|-crit|p1a: Liepard\n|-damage|p1a: Liepard|0 fnt\n|faint|p1a: Liepard\n|-damage|p2a: Talonflame|91/100|[from] Recoil\n|move|p1b: Rotom|Volt Switch|p2a: Talonflame\n|-supereffective|p2a: Talonflame|1\n|-damage|p2a: Talonflame|7/100\n|c|☆KiLLERFROG1987|yeah but it used fake out how did it lock me into protect\n|\n|t:|1788350597\n|switch|p1b: Charizard|Charizard, L50, M|100/100|[from] Volt Switch\n|\n|upkeep\n|\n|t:|1788350602\n|switch|p1a: Scolipede|Scolipede, L50, M|100/100\n|turn|6\n|c|☆cobyoid|because you used protect last turn\n|c|☆cobyoid|i encored on the turn u failed to protect\n|c|☆KiLLERFROG1987|oh\n|\n|t:|1788350630\n|detailschange|p1b: Charizard|Charizard-Mega-X, L50, M\n|-mega|p1b: Charizard|Charizard|Charizardite X\n|move|p1a: Scolipede|Protect|p1a: Scolipede\n|-singleturn|p1a: Scolipede|Protect\n|move|p2a: Talonflame|Brave Bird|p1a: Scolipede\n|-activate|p1a: Scolipede|move: Protect\n|move|p2b: Arcanine|Head Smash|p1b: Charizard\n|-supereffective|p1b: Charizard|1\n|-damage|p1b: Charizard|0 fnt\n|faint|p1b: Charizard\n|\n|-ability|p1a: Scolipede|Speed Boost|boost\n|-boost|p1a: Scolipede|spe|1\n|upkeep\n|\n|t:|1788350643\n|switch|p1b: Rotom|Rotom-Wash, L50|100/100\n|turn|7\n|\n|t:|1788350661\n|move|p2b: Arcanine|Extreme Speed|p1b: Rotom\n|-damage|p1b: Rotom|72/100\n|move|p1a: Scolipede|Rock Slide|p2b: Arcanine|[spread] p2a,p2b\n|-supereffective|p2a: Talonflame|2\n|-supereffective|p2b: Arcanine|1\n|-damage|p2a: Talonflame|0 fnt\n|-damage|p2b: Arcanine|2/100\n|faint|p2a: Talonflame\n|move|p1b: Rotom|Thunderbolt|p2b: Arcanine\n|-damage|p2b: Arcanine|0 fnt\n|faint|p2b: Arcanine\n|\n|-heal|p1b: Rotom|77/100|[from] item: Leftovers\n|-ability|p1a: Scolipede|Speed Boost|boost\n|-boost|p1a: Scolipede|spe|1\n|upkeep\n|\n|t:|1788350675\n|switch|p2a: Feraligatr|Feraligatr-Mega, L50, F|59/100\n|switch|p2b: Sableye|Sableye, L50, M|100/100\n|turn|8\n|\n|t:|1788350694\n|move|p2b: Sableye|Fake Out|p1b: Rotom\n|-damage|p1b: Rotom|68/100\n|move|p1a: Scolipede|Rock Slide|p2b: Sableye|[spread] \n|-miss|p1a: Scolipede|p2a: Feraligatr\n|-miss|p1a: Scolipede|p2b: Sableye\n|cant|p1b: Rotom|flinch\n|move|p2a: Feraligatr|Body Slam|p1a: Scolipede\n|-damage|p1a: Scolipede|20/100y\n|\n|-heal|p1b: Rotom|74/100|[from] item: Leftovers\n|-ability|p1a: Scolipede|Speed Boost|boost\n|-boost|p1a: Scolipede|spe|1\n|upkeep\n|turn|9\n|c|☆KiLLERFROG1987|double miss\n|c|☆KiLLERFROG1987|holy rng\n|\n|t:|1788350715\n|move|p2b: Sableye|Quash|p1b: Rotom\n|-activate|p1b: Rotom|move: Quash\n|move|p1a: Scolipede|Leech Life|p2a: Feraligatr\n|-damage|p2a: Feraligatr|33/100\n|-heal|p1a: Scolipede|36/100|[from] drain|[of] p2a: Feraligatr\n|move|p2a: Feraligatr|Body Slam|p1b: Rotom\n|-damage|p1b: Rotom|7/100\n|move|p1b: Rotom|Thunderbolt|p2b: Sableye\n|-damage|p2b: Sableye|51/100\n|\n|-heal|p1b: Rotom|13/100|[from] item: Leftovers\n|-ability|p1a: Scolipede|Speed Boost|boost\n|-boost|p1a: Scolipede|spe|1\n|upkeep\n|turn|10\n|c|☆cobyoid|ik\n|\n|t:|1788350741\n|move|p2a: Feraligatr|Protect|p2a: Feraligatr\n|-singleturn|p2a: Feraligatr|Protect\n|move|p1a: Scolipede|Rock Slide|p2b: Sableye|[spread] \n|-activate|p2a: Feraligatr|move: Protect\n|-miss|p1a: Scolipede|p2b: Sableye\n|move|p1b: Rotom|Thunderbolt|p2a: Feraligatr\n|-activate|p2a: Feraligatr|move: Protect\n|move|p2b: Sableye|Knock Off|p1a: Scolipede\n|-damage|p1a: Scolipede|3/100\n|-enditem|p1a: Scolipede|Focus Sash|[from] move: Knock Off|[of] p2b: Sableye\n|\n|-heal|p1b: Rotom|18/100|[from] item: Leftovers\n|-ability|p1a: Scolipede|Speed Boost|boost\n|-boost|p1a: Scolipede|spe|1\n|upkeep\n|turn|11\n|c|☆cobyoid|lol wtf\n|\n|t:|1788350761\n|move|p2a: Feraligatr|Aqua Jet|p1a: Scolipede\n|-damage|p1a: Scolipede|0 fnt\n|faint|p1a: Scolipede\n|move|p1b: Rotom|Thunderbolt|p2a: Feraligatr\n|-damage|p2a: Feraligatr|0 fnt\n|faint|p2a: Feraligatr\n|move|p2b: Sableye|Knock Off|p1b: Rotom\n|-damage|p1b: Rotom|0 fnt\n|-enditem|p1b: Rotom|Leftovers|[from] move: Knock Off|[of] p2b: Sableye\n|faint|p1b: Rotom\n|\n|win|cobyoid\n||cobyoid is ready for game 2.\n|c|☆KiLLERFROG1987|faster gator\n|inactive|KiLLERFROG1987 has 30 seconds to confirm battle start!\n|c|☆cobyoid|wp\n|inactive|KiLLERFROG1987 has 20 seconds to confirm battle start!\n|c|☆KiLLERFROG1987|yeah\n||KiLLERFROG1987 is ready for game 2.\n|uhtml|next|Next: <a href=\"/battle-gen9championsvgc2026regmbbo3-2674372302\"><strong>Game 2 of 3</strong></a>\n","uploadtime":1788351501,"views":"1","formatid":"gen9championsvgc2026regmbbo3","rating":null,"private":0,"password":null}