{"id":"gen9championsvgc2026regmbbo3-2673987097","format":"[Gen 9 Champions] VGC 2026 Reg M-B (Bo3)","players":["galargiant","bartcr0987"],"log":"|j|☆galargiant\n|j|☆bartcr0987\n|html|<table width=\"100%\"><tr><td align=\"left\">galargiant</td><td align=\"right\">bartcr0987</tr><tr><td align=\"left\"><i class=\"fa fa-circle\"></i> <i class=\"fa fa-circle-o\"></i> </td><td align=\"right\"><i class=\"fa fa-circle-o\"></i> <i class=\"fa fa-circle-o\"></i> </tr></table>\n|uhtml|bestof|<h2><strong>Game 2</strong> of <a href=\"/game-bestof3-gen9championsvgc2026regmbbo3-2673984967\">a best-of-3</a></h2>\n|t:|1788285166\n|gametype|doubles\n|player|p1|galargiant|jupiter|1243\n|player|p2|bartcr0987|2|1306\n|gen|9\n|tier|[Gen 9 Champions] VGC 2026 Reg M-B (Bo3)\n|rated|\n|rule|Species Clause: Limit one of each Pokémon\n|rule|Item Clause: Limit 1 of each item\n|clearpoke\n|poke|p1|Kleavor, L50, M|\n|poke|p1|Whimsicott, L50, M, shiny|\n|poke|p1|Kingambit, L50, M|\n|poke|p1|Raichu, L50, M|\n|poke|p1|Basculegion, L50, M|\n|poke|p1|Delphox, L50, M|\n|poke|p2|Charizard, L50, M, shiny|\n|poke|p2|Sneasler, L50, M, shiny|\n|poke|p2|Floette-Eternal, L50, F|\n|poke|p2|Kingambit, L50, F, shiny|\n|poke|p2|Farigiraf, L50, M|\n|poke|p2|Gliscor, L50, M|\n|teampreview|4\n|showteam|p1|Kleavor||FocusSash|Sharpness|Protect,StoneAxe,XScissor,Feint|Adamant||M|||50|]Whimsicott||FairyFeather|Prankster|Protect,Moonblast,Tailwind,Encore|Timid||M|||50|]Kingambit||ChopleBerry|Defiant|Protect,KowtowCleave,SuckerPunch,LowKick|Adamant||M|||50|]Raichu||RaichuniteY|LightningRod|Protect,ZapCannon,FocusBlast,FakeOut|Timid||M|||50|]Basculegion||LifeOrb|Adaptability|Protect,WaveCrash,LastRespects,AquaJet|Adamant||M|||50|]Delphox||Delphoxite|Blaze|HeatWave,Psychic,Protect,Substitute|Timid||M|||50|\n|showteam|p2|Charizard||CharizarditeY|SolarPower|HeatWave,SolarBeam,WeatherBall,Protect|Modest||M|||50|]Sneasler||FocusSash|Unburden|DireClaw,CloseCombat,Protect,RockSlide|Jolly||M|||50|]Floette-Eternal||Floettite|FlowerVeil|Moonblast,DazzlingGleam,LightofRuin,Protect|Modest||F|||50|]Kingambit||BlackGlasses|Defiant|KowtowCleave,SuckerPunch,LowKick,Protect|Brave||F|||50|]Farigiraf||SitrusBerry|ArmorTail|TrickRoom,Protect,Psychic,Thunderbolt|Calm||M|||50|]Gliscor||LifeOrb|HyperCutter|Protect,HighHorsepower,Tailwind,DualWingbeat|Careful||M|||50|\n|inactive|Battle timer is ON: inactive players will automatically lose when time's up. (requested by bartcr0987)\n|\n|t:|1788285209\n|teamsize|p1|4\n|teamsize|p2|4\n|start\n|switch|p1a: Delphox|Delphox, L50, M|100/100\n|switch|p1b: Kleavor|Kleavor, L50, M|100/100\n|switch|p2a: Kingambit|Kingambit, L50, F, shiny|100/100\n|switch|p2b: Sneasler|Sneasler, L50, M, shiny|100/100\n|turn|1\n|inactive|galargiant has 30 seconds left.\n|\n|t:|1788285241\n|move|p1a: Delphox|Protect|p1a: Delphox\n|-singleturn|p1a: Delphox|Protect\n|move|p2b: Sneasler|Close Combat|p1b: Kleavor\n|-damage|p1b: Kleavor|24/100\n|-unboost|p2b: Sneasler|def|1\n|-unboost|p2b: Sneasler|spd|1\n|move|p1b: Kleavor|Stone Axe|p2b: Sneasler\n|-resisted|p2b: Sneasler|1\n|-damage|p2b: Sneasler|23/100\n|-sidestart|p2: bartcr0987|move: Stealth Rock\n|move|p2a: Kingambit|Kowtow Cleave|p1a: Delphox\n|-activate|p1a: Delphox|move: Protect\n|\n|upkeep\n|turn|2\n|\n|t:|1788285262\n|detailschange|p1a: Delphox|Delphox-Mega, L50, M\n|-mega|p1a: Delphox|Delphox|Delphoxite\n|move|p1b: Kleavor|Feint|p2b: Sneasler\n|-damage|p2b: Sneasler|0 fnt\n|faint|p2b: Sneasler\n|move|p2a: Kingambit|Sucker Punch||[still]\n|-fail|p2a: Kingambit\n|move|p1a: Delphox|Substitute|p1a: Delphox\n|-start|p1a: Delphox|Substitute\n|-damage|p1a: Delphox|75/100\n|\n|upkeep\n|\n|t:|1788285272\n|switch|p2b: Floette|Floette-Eternal, L50, F|100/100\n|-damage|p2b: Floette|87/100|[from] Stealth Rock\n|turn|3\n|\n|t:|1788285291\n|detailschange|p2b: Floette|Floette-Mega, L50, F\n|-mega|p2b: Floette|Floette|Floettite\n|-ability|p2b: Floette|Fairy Aura\n|move|p2a: Kingambit|Protect|p2a: Kingambit\n|-singleturn|p2a: Kingambit|Protect\n|move|p1a: Delphox|Heat Wave|p2a: Kingambit|[spread] p2b\n|-activate|p2a: Kingambit|move: Protect\n|-damage|p2b: Floette|53/100\n|move|p2b: Floette|Dazzling Gleam|p1a: Delphox|[spread] p1a,p1b\n|-resisted|p1a: Delphox|1\n|-activate|p1a: Delphox|move: Substitute|[damage]\n|-damage|p1b: Kleavor|0 fnt\n|faint|p1b: Kleavor\n|\n|upkeep\n|\n|t:|1788285309\n|switch|p1b: Kingambit|Kingambit, L50, M|100/100\n|turn|4\n|\n|t:|1788285331\n|switch|p2a: Farigiraf|Farigiraf, L50, M|100/100\n|-damage|p2a: Farigiraf|87/100|[from] Stealth Rock\n|move|p1a: Delphox|Heat Wave|p2b: Floette|[spread] p2a,p2b\n|-crit|p2a: Farigiraf\n|-damage|p2a: Farigiraf|37/100\n|-damage|p2b: Floette|21/100\n|-enditem|p2a: Farigiraf|Sitrus Berry|[eat]\n|-heal|p2a: Farigiraf|62/100|[from] item: Sitrus Berry\n|move|p2b: Floette|Light of Ruin|p1b: Kingambit\n|-damage|p1b: Kingambit|0 fnt\n|faint|p1b: Kingambit\n|-damage|p2b: Floette|0 fnt|[from] Recoil\n|faint|p2b: Floette\n|\n|upkeep\n|\n|t:|1788285347\n|switch|p2b: Kingambit|Kingambit, L50, F, shiny|100/100\n|switch|p1b: Basculegion|Basculegion, L50, M|100/100\n|-damage|p2b: Kingambit|94/100|[from] Stealth Rock\n|turn|5\n|\n|t:|1788285366\n|move|p2b: Kingambit|Protect|p2b: Kingambit\n|-singleturn|p2b: Kingambit|Protect\n|move|p1a: Delphox|Heat Wave|p2a: Farigiraf|[spread] p2a\n|-activate|p2b: Kingambit|move: Protect\n|-damage|p2a: Farigiraf|22/100\n|move|p1b: Basculegion|Wave Crash|p2a: Farigiraf\n|-damage|p2a: Farigiraf|0 fnt\n|faint|p2a: Farigiraf\n|-damage|p1b: Basculegion|91/100|[from] Recoil\n|-damage|p1b: Basculegion|81/100|[from] item: Life Orb\n|\n|upkeep\n|turn|6\n|\n|t:|1788285377\n|move|p1b: Basculegion|Aqua Jet|p2b: Kingambit\n|-damage|p2b: Kingambit|69/100\n|-damage|p1b: Basculegion|71/100|[from] item: Life Orb\n|move|p2b: Kingambit|Sucker Punch||[still]\n|-fail|p2b: Kingambit\n|move|p1a: Delphox|Heat Wave|p2b: Kingambit\n|-supereffective|p2b: Kingambit|1\n|-damage|p2b: Kingambit|0 fnt\n|faint|p2b: Kingambit\n|\n|win|galargiant\n|raw|galargiant's rating: 1243 &rarr; <strong>1272</strong><br />(+29 for winning)\n|raw|bartcr0987's rating: 1306 &rarr; <strong>1282</strong><br />(-24 for losing)\n|l|☆bartcr0987\n|player|p2|\n","uploadtime":1788285398,"views":"0","formatid":"gen9championsvgc2026regmbbo3","rating":1272,"private":0,"password":null}