{"id":"gen9championsvgc2026regmbbo3-2674376500","format":"[Gen 9 Champions] VGC 2026 Reg M-B (Bo3)","players":["i love all turtles","Sardinian Angel"],"log":"|j|☆i love all turtles\n|j|☆Sardinian Angel\n|html|<table width=\"100%\"><tr><td align=\"left\">i love all turtles</td><td align=\"right\">Sardinian Angel</tr><tr><td align=\"left\"><i class=\"fa fa-circle-o\"></i> <i class=\"fa fa-circle-o\"></i> </td><td align=\"right\"><i class=\"fa fa-circle-o\"></i> <i class=\"fa fa-circle-o\"></i> </tr></table>\n|uhtml|bestof|<h2><strong>Game 1</strong> of <a href=\"/game-bestof3-gen9championsvgc2026regmbbo3-2674376499\">a best-of-3</a></h2>\n|t:|1788351485\n|gametype|doubles\n|player|p1|i love all turtles|ethan|1423\n|player|p2|Sardinian Angel|170|1326\n|gen|9\n|tier|[Gen 9 Champions] VGC 2026 Reg M-B (Bo3)\n|rated|\n|rule|Species Clause: Limit one of each Pokémon\n|rule|Item Clause: Limit 1 of each item\n|clearpoke\n|poke|p1|Whimsicott, L50, F|\n|poke|p1|Basculegion, L50, M|\n|poke|p1|Floette-Eternal, L50, F|\n|poke|p1|Dragonite, L50, F|\n|poke|p1|Sneasler, L50, M|\n|poke|p1|Kingambit, L50, F|\n|poke|p2|Froslass, L50, F|\n|poke|p2|Aerodactyl, L50, F|\n|poke|p2|Sinistcha, L50|\n|poke|p2|Sneasler, L50, F|\n|poke|p2|Kommo-o, L50, F|\n|poke|p2|Kingambit, L50, F|\n|teampreview|4\n|showteam|p1|Whimsicott||FocusSash|Prankster|Moonblast,Tailwind,Encore,Protect|Timid||F|||50|]Basculegion||LifeOrb|Adaptability|WaveCrash,LastRespects,AquaJet,Protect|Adamant||M|||50|]Floette-Eternal||Floettite|FlowerVeil|Moonblast,DazzlingGleam,LightofRuin,Protect|Timid||F|||50|]Dragonite||Dragoninite|InnerFocus|DragonPulse,HeatWave,Thunderbolt,Protect|Modest||F|||50|]Sneasler||WhiteHerb|Unburden|DireClaw,CloseCombat,RockSlide,FakeOut|Jolly||M|||50|]Kingambit||ChopleBerry|Defiant|KowtowCleave,IronHead,LowKick,SuckerPunch|Adamant||F|||50|\n|showteam|p2|Froslass||Froslassite|CursedBody|Blizzard,ShadowBall,AuroraVeil,Protect|Timid||F|||50|]Aerodactyl||FocusSash|Unnerve|Tailwind,RockSlide,Protect,DualWingbeat|Jolly||F|||50|]Sinistcha||KasibBerry|Hospitality|RagePowder,MatchaGotcha,Protect,LifeDew|Relaxed|||||50|]Sneasler||WhiteHerb|Unburden|FakeOut,Feint,CloseCombat,DireClaw|Jolly||F|||50|]Kommo-o||Leftovers|Soundproof|ClangorousSoul,ClangingScales,AuraSphere,Protect|Timid||F|||50|]Kingambit||LifeOrb|Defiant|SwordsDance,KowtowCleave,SuckerPunch,Protect|Adamant||F|||50|\n|inactive|Battle timer is ON: inactive players will automatically lose when time's up. (requested by i love all turtles)\n|inactive|Sardinian Angel has 60 seconds left.\n|\n|t:|1788351545\n|teamsize|p1|4\n|teamsize|p2|4\n|start\n|switch|p1a: Basculegion|Basculegion, L50, M|100/100\n|switch|p1b: Sneasler|Sneasler, L50, M|100/100\n|switch|p2a: Froslass|Froslass, L50, F|100/100\n|switch|p2b: Sneasler|Sneasler, L50, F|100/100\n|turn|1\n|inactive|i love all turtles has 30 seconds left.\n|inactive|Sardinian Angel has 30 seconds left.\n|\n|t:|1788351578\n|switch|p2b: Sinistcha|Sinistcha, L50|100/100\n|detailschange|p2a: Froslass|Froslass-Mega, L50, F\n|-mega|p2a: Froslass|Froslass|Froslassite\n|-weather|Snowscape|[from] ability: Snow Warning|[of] p2a: Froslass\n|move|p1a: Basculegion|Protect|p1a: Basculegion\n|-singleturn|p1a: Basculegion|Protect\n|move|p2a: Froslass|Aurora Veil|p2a: Froslass\n|-sidestart|p2: Sardinian Angel|move: Aurora Veil\n|move|p1b: Sneasler|Close Combat|p2b: Sinistcha\n|-immune|p2b: Sinistcha\n|\n|-weather|Snowscape|[upkeep]\n|upkeep\n|turn|2\n|\n|t:|1788351600\n|move|p2a: Froslass|Blizzard|p1b: Sneasler|[spread] p1a,p1b\n|-resisted|p1a: Basculegion|1\n|-damage|p1a: Basculegion|74/100\n|-damage|p1b: Sneasler|44/100\n|move|p1b: Sneasler|Rock Slide|p2a: Froslass|[spread] p2a,p2b\n|-supereffective|p2a: Froslass|1\n|-damage|p2a: Froslass|74/100\n|-damage|p2b: Sinistcha|89/100\n|move|p1a: Basculegion|Last Respects|p2a: Froslass\n|-supereffective|p2a: Froslass|1\n|-damage|p2a: Froslass|18/100\n|-damage|p1a: Basculegion|64/100|[from] item: Life Orb\n|move|p2b: Sinistcha|Matcha Gotcha|p1b: Sneasler|[spread] p1a\n|-miss|p2b: Sinistcha|p1b: Sneasler\n|-supereffective|p1a: Basculegion|1\n|-damage|p1a: Basculegion|6/100\n|-heal|p2b: Sinistcha|100/100|[from] drain|[of] p1a: Basculegion\n|\n|-weather|Snowscape|[upkeep]\n|upkeep\n|turn|3\n|inactive|i love all turtles has 30 seconds left.\n|\n|t:|1788351631\n|switch|p2b: Kingambit|Kingambit, L50, F|100/100\n|move|p2a: Froslass|Protect|p2a: Froslass\n|-singleturn|p2a: Froslass|Protect\n|move|p1a: Basculegion|Protect|p1a: Basculegion\n|-singleturn|p1a: Basculegion|Protect\n|move|p1b: Sneasler|Rock Slide|p2a: Froslass|[spread] p2b\n|-activate|p2a: Froslass|move: Protect\n|-resisted|p2b: Kingambit|1\n|-damage|p2b: Kingambit|95/100\n|\n|-weather|Snowscape|[upkeep]\n|upkeep\n|turn|4\n|\n|t:|1788351645\n|switch|p2b: Sinistcha|Sinistcha, L50|100/100\n|-heal|p2a: Froslass|43/100|[from] ability: Hospitality|[of] p2b: Sinistcha\n|move|p1a: Basculegion|Aqua Jet|p2a: Froslass\n|-damage|p2a: Froslass|17/100\n|-damage|p1a: Basculegion|0 fnt|[from] item: Life Orb\n|faint|p1a: Basculegion\n|move|p2a: Froslass|Blizzard|p1b: Sneasler\n|-damage|p1b: Sneasler|0 fnt\n|faint|p1b: Sneasler\n|\n|-weather|Snowscape|[upkeep]\n|upkeep\n|\n|t:|1788351648\n|switch|p1b: Floette|Floette-Eternal, L50, F|100/100\n|switch|p1a: Whimsicott|Whimsicott, L50, F|100/100\n|turn|5\n|inactive|Sardinian Angel has 30 seconds left.\n|inactive|Sardinian Angel has 20 seconds left.\n|inactive|Sardinian Angel has 15 seconds left.\n|inactive|Sardinian Angel has 10 seconds left.\n|inactive|Sardinian Angel has 5 seconds left.\n|\n|t:|1788351698\n|switch|p2b: Kingambit|Kingambit, L50, F|95/100\n|detailschange|p1b: Floette|Floette-Mega, L50, F\n|-mega|p1b: Floette|Floette|Floettite\n|-ability|p1b: Floette|Fairy Aura\n|move|p2a: Froslass|Protect|p2a: Froslass\n|-singleturn|p2a: Froslass|Protect\n|move|p1a: Whimsicott|Tailwind|p1a: Whimsicott\n|-sidestart|p1: i love all turtles|move: Tailwind\n|move|p1b: Floette|Dazzling Gleam|p2b: Kingambit|[spread] p2b\n|-activate|p2a: Froslass|move: Protect\n|-damage|p2b: Kingambit|63/100\n|\n|-weather|none\n|-sideend|p2: Sardinian Angel|move: Aurora Veil\n|upkeep\n|turn|6\n|inactive|Sardinian Angel has 30 seconds left.\n|\n|t:|1788351723\n|switch|p2a: Sinistcha|Sinistcha, L50|100/100\n|-heal|p2b: Kingambit|88/100|[from] ability: Hospitality|[of] p2a: Sinistcha\n|move|p1a: Whimsicott|Moonblast|p2a: Sinistcha\n|-damage|p2a: Sinistcha|57/100\n|move|p1b: Floette|Dazzling Gleam|p2b: Kingambit|[spread] p2a,p2b\n|-crit|p2a: Sinistcha\n|-crit|p2b: Kingambit\n|-damage|p2a: Sinistcha|0 fnt\n|-damage|p2b: Kingambit|14/100\n|faint|p2a: Sinistcha\n|move|p2b: Kingambit|Kowtow Cleave|p1a: Whimsicott\n|-resisted|p1a: Whimsicott|1\n|-damage|p1a: Whimsicott|51/100\n|-damage|p2b: Kingambit|5/100|[from] item: Life Orb\n|\n|upkeep\n|\n|t:|1788351739\n|switch|p2a: Sneasler|Sneasler, L50, F|100/100\n|turn|7\n|inactive|Sardinian Angel has 30 seconds left.\n|\n|t:|1788351772\n|move|p2a: Sneasler|Feint|p1a: Whimsicott\n|-damage|p1a: Whimsicott|35/100\n|move|p1a: Whimsicott|Moonblast|p2b: Kingambit\n|-damage|p2b: Kingambit|0 fnt\n|faint|p2b: Kingambit\n|move|p1b: Floette|Moonblast|p2a: Sneasler\n|-damage|p2a: Sneasler|0 fnt\n|faint|p2a: Sneasler\n|\n|upkeep\n|\n|t:|1788351782\n|switch|p2b: Froslass|Froslass-Mega, L50, F|17/100\n|-weather|Snowscape|[from] ability: Snow Warning|[of] p2b: Froslass\n|turn|8\n|\n|t:|1788351786\n|move|p2b: Froslass|Protect|p2b: Froslass\n|-singleturn|p2b: Froslass|Protect\n|move|p1a: Whimsicott|Moonblast|p2b: Froslass\n|-activate|p2b: Froslass|move: Protect\n|move|p1b: Floette|Moonblast|p2b: Froslass\n|-activate|p2b: Froslass|move: Protect\n|\n|-weather|Snowscape|[upkeep]\n|-sideend|p1: i love all turtles|move: Tailwind\n|upkeep\n|turn|9\n|\n|t:|1788351790\n|move|p1a: Whimsicott|Tailwind|p1a: Whimsicott\n|-sidestart|p1: i love all turtles|move: Tailwind\n|move|p1b: Floette|Moonblast|p2b: Froslass\n|-damage|p2b: Froslass|0 fnt\n|faint|p2b: Froslass\n|\n|win|i love all turtles\n","uploadtime":1788351791,"views":"3","formatid":"gen9championsvgc2026regmbbo3","rating":null,"private":0,"password":null}