{"id":"gen9championsvgc2026regmb-2674103183","format":"[Gen 9 Champions] VGC 2026 Reg M-B","players":["72mm","Mameon"],"log":"|j|☆72mm\n|j|☆Mameon\n|t:|1788299550\n|gametype|doubles\n|player|p1|72mm|lusamine-nihilego|1325\n|player|p2|Mameon|ethan|1401\n|gen|9\n|tier|[Gen 9 Champions] VGC 2026 Reg M-B\n|rated|\n|rule|Species Clause: Limit one of each Pokémon\n|rule|Item Clause: Limit 1 of each item\n|clearpoke\n|poke|p1|Kingambit, L50, F|\n|poke|p1|Garchomp, L50, F|\n|poke|p1|Farigiraf, L50, F|\n|poke|p1|Charizard, L50, M|\n|poke|p1|Sylveon, L50, F|\n|poke|p1|Aerodactyl, L50, M|\n|poke|p2|Staraptor, L50, M|\n|poke|p2|Farigiraf, L50, F|\n|poke|p2|Tyranitar, L50, M|\n|poke|p2|Whimsicott, L50, F|\n|poke|p2|Excadrill, L50, M|\n|poke|p2|Gholdengo, L50, shiny|\n|teampreview|4\n|inactive|Battle timer is ON: inactive players will automatically lose when time's up. (requested by 72mm)\n|\n|t:|1788299585\n|teamsize|p1|4\n|teamsize|p2|4\n|start\n|switch|p1a: Aerodactyl|Aerodactyl, L50, M|100/100\n|switch|p1b: Garchomp|Garchomp, L50, F|100/100\n|switch|p2a: Staraptor|Staraptor, L50, M|100/100\n|switch|p2b: Farigiraf|Farigiraf, L50, F|100/100\n|-ability|p1a: Aerodactyl|Unnerve\n|-ability|p2a: Staraptor|Intimidate|boost\n|-unboost|p1a: Aerodactyl|atk|1\n|-unboost|p1b: Garchomp|atk|1\n|turn|1\n|\n|t:|1788299603\n|switch|p1a: Sylveon|Sylveon, L50, F|100/100\n|detailschange|p2a: Staraptor|Staraptor-Mega, L50, M\n|-mega|p2a: Staraptor|Staraptor|Staraptite\n|move|p2a: Staraptor|Close Combat|p1b: Garchomp\n|-damage|p1b: Garchomp|40/100\n|-boost|p2a: Staraptor|def|1\n|-boost|p2a: Staraptor|spd|1\n|-damage|p2a: Staraptor|87/100|[from] ability: Rough Skin|[of] p1b: Garchomp\n|move|p1b: Garchomp|Dragon Claw|p2a: Staraptor\n|-damage|p2a: Staraptor|64/100\n|-damage|p1b: Garchomp|30/100|[from] item: Life Orb\n|move|p2b: Farigiraf|Psychic|p1b: Garchomp\n|-damage|p1b: Garchomp|0 fnt\n|faint|p1b: Garchomp\n|\n|upkeep\n|\n|t:|1788299617\n|switch|p1b: Kingambit|Kingambit, L50, F|100/100\n|turn|2\n|inactive|72mm has 30 seconds left.\n|\n|t:|1788299650\n|switch|p2b: Excadrill|Excadrill, L50, M|100/100\n|move|p2a: Staraptor|Protect|p2a: Staraptor\n|-singleturn|p2a: Staraptor|Protect\n|move|p1b: Kingambit|Protect|p1b: Kingambit\n|-singleturn|p1b: Kingambit|Protect\n|move|p1a: Sylveon|Hyper Beam|p2a: Staraptor\n|-activate|p2a: Staraptor|move: Protect\n|\n|upkeep\n|turn|3\n|inactive|72mm has 30 seconds left.\n|\n|t:|1788299684\n|switch|p1b: Aerodactyl|Aerodactyl, L50, M|100/100\n|-ability|p1b: Aerodactyl|Unnerve\n|move|p1a: Sylveon|Detect|p1a: Sylveon\n|-singleturn|p1a: Sylveon|Protect\n|move|p2a: Staraptor|Close Combat|p1b: Aerodactyl\n|-damage|p1b: Aerodactyl|26/100\n|-boost|p2a: Staraptor|def|1\n|-boost|p2a: Staraptor|spd|1\n|move|p2b: Excadrill|Iron Head|p1a: Sylveon\n|-activate|p1a: Sylveon|move: Protect\n|\n|upkeep\n|turn|4\n|inactive|Mameon has 30 seconds left.\n|inactive|Mameon has 20 seconds left.\n|inactive|Mameon has 15 seconds left.\n|\n|t:|1788299729\n|move|p2a: Staraptor|Protect|p2a: Staraptor\n|-singleturn|p2a: Staraptor|Protect\n|move|p1b: Aerodactyl|Tailwind|p1b: Aerodactyl\n|-sidestart|p1: 72mm|move: Tailwind\n|move|p1a: Sylveon|Hyper Beam|p2a: Staraptor\n|-activate|p2a: Staraptor|move: Protect\n|move|p2b: Excadrill|Iron Head|p1b: Aerodactyl\n|-supereffective|p1b: Aerodactyl|1\n|-damage|p1b: Aerodactyl|0 fnt\n|faint|p1b: Aerodactyl\n|\n|upkeep\n|\n|t:|1788299735\n|switch|p1b: Kingambit|Kingambit, L50, F|100/100\n|turn|5\n|\n|t:|1788299751\n|switch|p2a: Tyranitar|Tyranitar, L50, M|100/100\n|-weather|Sandstorm|[from] ability: Sand Stream|[of] p2a: Tyranitar\n|move|p2b: Excadrill|Iron Head|p1a: Sylveon\n|-supereffective|p1a: Sylveon|1\n|-damage|p1a: Sylveon|0 fnt\n|faint|p1a: Sylveon\n|move|p1b: Kingambit|Kowtow Cleave|p2b: Excadrill\n|-damage|p2b: Excadrill|25/100\n|\n|-weather|Sandstorm|[upkeep]\n|upkeep\n|turn|6\n|-message|72mm forfeited.\n|\n|win|Mameon\n|raw|72mm's rating: 1325 &rarr; <strong>1309</strong><br />(-16 for losing)\n|raw|Mameon's rating: 1401 &rarr; <strong>1417</strong><br />(+16 for winning)\n|l|☆72mm\n|player|p1|\n","uploadtime":1788299764,"views":"1","formatid":"gen9championsvgc2026regmb","rating":1309,"private":0,"password":null}