{"id":"gen9championsvgc2026regmbbo3-2673370247","format":"[Gen 9 Champions] VGC 2026 Reg M-B (Bo3)","players":["ikerros2010","Bananin4"],"log":"|j|☆ikerros2010\n|j|☆Bananin4\n|html|<table width=\"100%\"><tr><td align=\"left\">ikerros2010</td><td align=\"right\">Bananin4</tr><tr><td align=\"left\"><i class=\"fa fa-circle-o\"></i> <i class=\"fa fa-circle-o\"></i> </td><td align=\"right\"><i class=\"fa fa-circle-o\"></i> <i class=\"fa fa-circle\"></i> </tr></table>\n|uhtml|bestof|<h2><strong>Game 2</strong> of <a href=\"/game-bestof3-gen9championsvgc2026regmbbo3-2673365426\">a best-of-3</a></h2>\n|t:|1788189459\n|gametype|doubles\n|player|p1|ikerros2010|dancer|\n|player|p2|Bananin4|lucas-gen4pt|\n|gen|9\n|tier|[Gen 9 Champions] VGC 2026 Reg M-B (Bo3)\n|rule|Species Clause: Limit one of each Pokémon\n|rule|Item Clause: Limit 1 of each item\n|clearpoke\n|poke|p1|Gengar, L50, F|\n|poke|p1|Politoed, L50, F|\n|poke|p1|Vivillon-Pokeball, L50, M|\n|poke|p1|Swampert, L50, F|\n|poke|p1|Archaludon, L50, F|\n|poke|p1|Incineroar, L50, M|\n|poke|p2|Floette-Eternal, L50, F|\n|poke|p2|Basculegion, L50, M, shiny|\n|poke|p2|Kingambit, L50, M, shiny|\n|poke|p2|Sneasler, L50, M|\n|poke|p2|Dragonite, L50, F|\n|poke|p2|Garchomp, L50, F|\n|teampreview|4\n|showteam|p1|Gengar||Gengarite|CursedBody|Protect,PerishSong,Disable,ShadowBall|Timid||F|||50|]Politoed||SitrusBerry|Drizzle|WeatherBall,Encore,Protect,PerishSong|Bold||F|||50|]Vivillon-Pokeball||FocusSash|CompoundEyes|SleepPowder,Protect,RagePowder,Hurricane|Timid||M|||50|]Swampert||Swampertite|Torrent|WaveCrash,Earthquake,IcePunch,Protect|Adamant||F|||50|]Archaludon||Leftovers|Stamina|ElectroShot,DragonPulse,FlashCannon,Protect|Calm||F|||50|]Incineroar||PasshoBerry|Intimidate|FakeOut,PartingShot,DarkestLariat,Protect|Relaxed||M|||50|\n|showteam|p2|Floette-Eternal||Floettite|FlowerVeil|Moonblast,DazzlingGleam,LightofRuin,Protect|Modest||F|||50|]Basculegion||LifeOrb|Adaptability|WaveCrash,LastRespects,AquaJet,Protect|Adamant||M|||50|]Kingambit||ChopleBerry|Defiant|KowtowCleave,SuckerPunch,IronHead,LowKick|Adamant||M|||50|]Sneasler||FocusSash|PoisonTouch|DireClaw,CloseCombat,Feint,FakeOut|Jolly||M|||50|]Dragonite||Dragoninite|InnerFocus|DragonPulse,HeatWave,Thunderbolt,Protect|Modest||F|||50|]Garchomp||ChoiceScarf|RoughSkin|Earthquake,StompingTantrum,RockSlide,DragonClaw|Adamant||F|||50|\n|\n|t:|1788189498\n|teamsize|p1|4\n|teamsize|p2|4\n|start\n|switch|p1a: Gengar|Gengar, L50, F|100/100\n|switch|p1b: Incineroar|Incineroar, L50, M|100/100\n|switch|p2a: Garchomp|Garchomp, L50, F|100/100\n|switch|p2b: Kingambit|Kingambit, L50, M, shiny|100/100\n|-ability|p1b: Incineroar|Intimidate|boost\n|-unboost|p2a: Garchomp|atk|1\n|-unboost|p2b: Kingambit|atk|1\n|-ability|p2b: Kingambit|Defiant|boost\n|-boost|p2b: Kingambit|atk|2\n|turn|1\n|\n|t:|1788189540\n|detailschange|p1a: Gengar|Gengar-Mega, L50, F\n|-mega|p1a: Gengar|Gengar|Gengarite\n|move|p1b: Incineroar|Fake Out|p2b: Kingambit\n|-resisted|p2b: Kingambit|1\n|-damage|p2b: Kingambit|95/100\n|move|p2a: Garchomp|Stomping Tantrum|p1a: Gengar\n|-supereffective|p1a: Gengar|1\n|-damage|p1a: Gengar|41/100\n|move|p1a: Gengar|Perish Song|p1a: Gengar\n|-start|p1a: Gengar|perish3|[silent]\n|-start|p1b: Incineroar|perish3|[silent]\n|-start|p2a: Garchomp|perish3|[silent]\n|-start|p2b: Kingambit|perish3|[silent]\n|-fieldactivate|move: Perish Song\n|cant|p2b: Kingambit|flinch\n|\n|-start|p2a: Garchomp|perish3\n|-start|p1a: Gengar|perish3\n|-start|p2b: Kingambit|perish3\n|-start|p1b: Incineroar|perish3\n|upkeep\n|turn|2\n|\n|t:|1788189560\n|move|p1a: Gengar|Protect|p1a: Gengar\n|-singleturn|p1a: Gengar|Protect\n|move|p1b: Incineroar|Protect|p1b: Incineroar\n|-singleturn|p1b: Incineroar|Protect\n|move|p2a: Garchomp|Stomping Tantrum|p1b: Incineroar\n|-activate|p1b: Incineroar|move: Protect\n|move|p2b: Kingambit|Low Kick|p1b: Incineroar\n|-activate|p1b: Incineroar|move: Protect\n|\n|-start|p2a: Garchomp|perish2\n|-start|p1a: Gengar|perish2\n|-start|p2b: Kingambit|perish2\n|-start|p1b: Incineroar|perish2\n|upkeep\n|turn|3\n|\n|t:|1788189599\n|switch|p1a: Politoed|Politoed, L50, F|100/100\n|-weather|RainDance|[from] ability: Drizzle|[of] p1a: Politoed\n|move|p2a: Garchomp|Stomping Tantrum|p1b: Incineroar\n|-supereffective|p1b: Incineroar|1\n|-damage|p1b: Incineroar|63/100\n|move|p2b: Kingambit|Kowtow Cleave|p1b: Incineroar\n|-resisted|p1b: Incineroar|1\n|-damage|p1b: Incineroar|33/100\n|move|p1b: Incineroar|Parting Shot|p2a: Garchomp\n|-unboost|p2a: Garchomp|atk|1\n|-unboost|p2a: Garchomp|spa|1\n|\n|t:|1788189613\n|switch|p1b: Gengar|Gengar-Mega, L50, F|41/100|[from] Parting Shot\n|\n|-weather|RainDance|[upkeep]\n|-start|p2a: Garchomp|perish1\n|-start|p2b: Kingambit|perish1\n|upkeep\n|turn|4\n|\n|t:|1788189623\n|move|p1b: Gengar|Protect|p1b: Gengar\n|-singleturn|p1b: Gengar|Protect\n|move|p1a: Politoed|Protect|p1a: Politoed\n|-singleturn|p1a: Politoed|Protect\n|move|p2a: Garchomp|Stomping Tantrum|p1a: Politoed\n|-activate|p1a: Politoed|move: Protect\n|move|p2b: Kingambit|Kowtow Cleave|p1b: Gengar\n|-activate|p1b: Gengar|move: Protect\n|\n|-weather|RainDance|[upkeep]\n|-start|p2a: Garchomp|perish0\n|-start|p2b: Kingambit|perish0\n|faint|p2a: Garchomp\n|faint|p2b: Kingambit\n|upkeep\n|\n|t:|1788189636\n|switch|p2a: Floette|Floette-Eternal, L50, F|100/100\n|switch|p2b: Basculegion|Basculegion, L50, M, shiny|100/100\n|turn|5\n|\n|t:|1788189668\n|switch|p1b: Incineroar|Incineroar, L50, M|33/100\n|-ability|p1b: Incineroar|Intimidate|boost\n|-unboost|p2a: Floette|atk|1\n|-unboost|p2b: Basculegion|atk|1\n|detailschange|p2a: Floette|Floette-Mega, L50, F\n|-mega|p2a: Floette|Floette|Floettite\n|-ability|p2a: Floette|Fairy Aura\n|move|p2b: Basculegion|Aqua Jet|p1b: Incineroar\n|-supereffective|p1b: Incineroar|1\n|-enditem|p1b: Incineroar|Passho Berry|[eat]\n|-enditem|p1b: Incineroar|Passho Berry|[weaken]\n|-damage|p1b: Incineroar|7/100\n|-damage|p2b: Basculegion|90/100|[from] item: Life Orb\n|move|p2a: Floette|Moonblast|p1a: Politoed\n|-damage|p1a: Politoed|26/100\n|-enditem|p1a: Politoed|Sitrus Berry|[eat]\n|-heal|p1a: Politoed|51/100|[from] item: Sitrus Berry\n|move|p1a: Politoed|Perish Song|p1a: Politoed\n|-start|p1a: Politoed|perish3|[silent]\n|-start|p1b: Incineroar|perish3|[silent]\n|-start|p2a: Floette|perish3|[silent]\n|-start|p2b: Basculegion|perish3|[silent]\n|-fieldactivate|move: Perish Song\n|\n|-weather|RainDance|[upkeep]\n|-start|p2a: Floette|perish3\n|-start|p2b: Basculegion|perish3\n|-start|p1a: Politoed|perish3\n|-start|p1b: Incineroar|perish3\n|upkeep\n|turn|6\n|\n|t:|1788189696\n|move|p1b: Incineroar|Fake Out|p2a: Floette\n|-damage|p2a: Floette|85/100\n|cant|p2a: Floette|flinch\n|move|p2b: Basculegion|Last Respects|p1a: Politoed\n|-damage|p1a: Politoed|0 fnt\n|faint|p1a: Politoed\n|-damage|p2b: Basculegion|80/100|[from] item: Life Orb\n|\n|-weather|RainDance|[upkeep]\n|-start|p2a: Floette|perish2\n|-start|p2b: Basculegion|perish2\n|-start|p1b: Incineroar|perish2\n|upkeep\n|\n|t:|1788189702\n|switch|p1a: Gengar|Gengar-Mega, L50, F|41/100\n|turn|7\n|\n|t:|1788189714\n|move|p1a: Gengar|Protect|p1a: Gengar\n|-singleturn|p1a: Gengar|Protect\n|move|p1b: Incineroar|Protect|p1b: Incineroar\n|-singleturn|p1b: Incineroar|Protect\n|move|p2b: Basculegion|Aqua Jet|p1a: Gengar\n|-activate|p1a: Gengar|move: Protect\n|move|p2a: Floette|Dazzling Gleam|p1b: Incineroar|[spread] \n|-activate|p1a: Gengar|move: Protect\n|-activate|p1b: Incineroar|move: Protect\n|\n|-weather|none\n|-start|p2a: Floette|perish1\n|-start|p2b: Basculegion|perish1\n|-start|p1b: Incineroar|perish1\n|upkeep\n|turn|8\n|\n|t:|1788189731\n|move|p2b: Basculegion|Aqua Jet|p1a: Gengar\n|-damage|p1a: Gengar|16/100\n|-damage|p2b: Basculegion|70/100|[from] item: Life Orb\n|move|p1a: Gengar|Shadow Ball|p2b: Basculegion\n|-supereffective|p2b: Basculegion|1\n|-damage|p2b: Basculegion|0 fnt\n|faint|p2b: Basculegion\n|move|p2a: Floette|Dazzling Gleam|p1b: Incineroar|[spread] p1a,p1b\n|-resisted|p1a: Gengar|1\n|-damage|p1a: Gengar|0 fnt\n|-damage|p1b: Incineroar|0 fnt\n|faint|p1a: Gengar\n|faint|p1b: Incineroar\n|\n|-start|p2a: Floette|perish0\n|upkeep\n|faint|p2a: Floette\n|\n|win|ikerros2010\n","uploadtime":1788189731,"views":"0","formatid":"gen9championsvgc2026regmbbo3","rating":null,"private":0,"password":null}