{"id":"gen9championsvgc2026regmbbo3-2673346901","format":"[Gen 9 Champions] VGC 2026 Reg M-B (Bo3)","players":["ArielcitoTedetona","ray294"],"log":"|j|☆ArielcitoTedetona\n|j|☆ray294\n|html|<table width=\"100%\"><tr><td align=\"left\">ArielcitoTedetona</td><td align=\"right\">ray294</tr><tr><td align=\"left\"><i class=\"fa fa-circle\"></i> <i class=\"fa fa-circle-o\"></i> </td><td align=\"right\"><i class=\"fa fa-circle-o\"></i> <i class=\"fa fa-circle\"></i> </tr></table>\n|uhtml|bestof|<h2><strong>Game 3</strong> of <a href=\"/game-bestof3-gen9championsvgc2026regmbbo3-2673343061\">a best-of-3</a></h2>\n|t:|1788186517\n|gametype|doubles\n|player|p1|ArielcitoTedetona|265|1146\n|player|p2|ray294|102|1063\n|gen|9\n|tier|[Gen 9 Champions] VGC 2026 Reg M-B (Bo3)\n|rated|\n|rule|Species Clause: Limit one of each Pokémon\n|rule|Item Clause: Limit 1 of each item\n|clearpoke\n|poke|p1|Charizard, L50, F|\n|poke|p1|Incineroar, L50, M|\n|poke|p1|Venusaur, L50, F|\n|poke|p1|Garchomp, L50, F|\n|poke|p1|Sylveon, L50, F|\n|poke|p1|Annihilape, L50, M|\n|poke|p2|Chesnaught, L50, M, shiny|\n|poke|p2|Archaludon, L50, M|\n|poke|p2|Oranguru, L50, F, shiny|\n|poke|p2|Pelipper, L50, F|\n|poke|p2|Incineroar, L50, M|\n|poke|p2|Primarina, L50, M|\n|teampreview|4\n|showteam|p1|Charizard||CharizarditeY|Blaze|WeatherBall,HeatWave,AncientPower,Protect|Modest||F|||50|]Incineroar||SitrusBerry|Intimidate|FakeOut,FlareBlitz,DarkestLariat,PartingShot|Impish||M|||50|]Venusaur||LifeOrb|Chlorophyll|LeafStorm,SludgeBomb,EarthPower,Protect|Modest||F|||50|]Garchomp||ChoiceScarf|RoughSkin|Earthquake,DragonClaw,RockSlide,StompingTantrum|Adamant||F|||50|]Sylveon||FairyFeather|Pixilate|HyperVoice,Yawn,QuickAttack,Detect|Modest||F|||50|]Annihilape||FocusSash|Defiant|RockTomb,CloseCombat,RageFist,Protect|Jolly||M|||50|\n|showteam|p2|Chesnaught||Chesnaughtite|Bulletproof|SwordsDance,DrainPunch,SpikyShield,WoodHammer|Relaxed||M|||50|]Archaludon||ExpertBelt|Stalwart|Protect,DragonPulse,FlashCannon,ElectroShot|Relaxed||M|||50|]Oranguru||ColburBerry|InnerFocus|TrickRoom,Psychic,Instruct,Protect|Calm||F|||50|]Pelipper||Leftovers|Drizzle|WideGuard,WeatherBall,Hurricane,Protect|Relaxed||F|||50|]Incineroar||ChopleBerry|Intimidate|FakeOut,PartingShot,DarkestLariat,FlareBlitz|Brave||M|||50|]Primarina||LifeOrb|LiquidVoice|HyperVoice,Protect,Moonblast,RainDance|Serious||M|||50|\n|\n|t:|1788186545\n|teamsize|p1|4\n|teamsize|p2|4\n|start\n|switch|p1a: Incha river|Annihilape, L50, M|100/100\n|switch|p1b: moron|Incineroar, L50, M|100/100\n|switch|p2a: Primarina|Primarina, L50, M|100/100\n|switch|p2b: Incineroar|Incineroar, L50, M|100/100\n|-ability|p1b: moron|Intimidate|boost\n|-unboost|p2a: Primarina|atk|1\n|-unboost|p2b: Incineroar|atk|1\n|-ability|p2b: Incineroar|Intimidate|boost\n|-unboost|p1a: Incha river|atk|1\n|-ability|p1a: Incha river|Defiant|boost\n|-boost|p1a: Incha river|atk|2\n|-unboost|p1b: moron|atk|1\n|turn|1\n|\n|t:|1788186579\n|move|p1b: moron|Fake Out|p2a: Primarina\n|-damage|p2a: Primarina|91/100\n|move|p1a: Incha river|Rock Tomb|p2b: Incineroar\n|-supereffective|p2b: Incineroar|1\n|-damage|p2b: Incineroar|49/100\n|-unboost|p2b: Incineroar|spe|1\n|cant|p2a: Primarina|flinch\n|move|p2b: Incineroar|Darkest Lariat|p1a: Incha river\n|-damage|p1a: Incha river|72/100\n|\n|upkeep\n|turn|2\n|\n|t:|1788186611\n|switch|p1b: tumamigorda|Venusaur, L50, F|100/100\n|move|p1a: Incha river|Protect|p1a: Incha river\n|-singleturn|p1a: Incha river|Protect\n|move|p2a: Primarina|Moonblast|p1a: Incha river\n|-activate|p1a: Incha river|move: Protect\n|move|p2b: Incineroar|Parting Shot|p1b: tumamigorda\n|-unboost|p1b: tumamigorda|atk|1\n|-unboost|p1b: tumamigorda|spa|1\n|\n|t:|1788186620\n|switch|p2b: Oranguru|Oranguru, L50, F, shiny|100/100|[from] Parting Shot\n|\n|upkeep\n|turn|3\n|\n|t:|1788186638\n|move|p2a: Primarina|Protect|p2a: Primarina\n|-singleturn|p2a: Primarina|Protect\n|move|p1a: Incha river|Close Combat|p2b: Oranguru\n|-damage|p2b: Oranguru|29/100\n|-unboost|p1a: Incha river|def|1\n|-unboost|p1a: Incha river|spd|1\n|move|p1b: tumamigorda|Leaf Storm|p2a: Primarina\n|-activate|p2a: Primarina|move: Protect\n|move|p2b: Oranguru|Trick Room|p2b: Oranguru\n|-fieldstart|move: Trick Room|[of] p2b: Oranguru\n|\n|upkeep\n|turn|4\n|\n|t:|1788186662\n|move|p1b: tumamigorda|Protect|p1b: tumamigorda\n|-singleturn|p1b: tumamigorda|Protect\n|move|p1a: Incha river|Protect|p1a: Incha river\n|-singleturn|p1a: Incha river|Protect\n|move|p2b: Oranguru|Psychic|p1b: tumamigorda\n|-activate|p1b: tumamigorda|move: Protect\n|move|p2a: Primarina|Moonblast|p1a: Incha river\n|-activate|p1a: Incha river|move: Protect\n|\n|upkeep\n|turn|5\n|\n|t:|1788186678\n|move|p2b: Oranguru|Psychic|p1b: tumamigorda\n|-supereffective|p1b: tumamigorda|1\n|-damage|p1b: tumamigorda|33/100\n|move|p2a: Primarina|Moonblast|p1a: Incha river\n|-supereffective|p1a: Incha river|1\n|-damage|p1a: Incha river|0 fnt\n|faint|p1a: Incha river\n|-damage|p2a: Primarina|82/100|[from] item: Life Orb\n|move|p1b: tumamigorda|Sludge Bomb|p2a: Primarina\n|-supereffective|p2a: Primarina|1\n|-damage|p2a: Primarina|19/100\n|-status|p2a: Primarina|psn\n|-damage|p1b: tumamigorda|24/100|[from] item: Life Orb\n|\n|-damage|p2a: Primarina|7/100 psn|[from] psn\n|upkeep\n|\n|t:|1788186694\n|switch|p1a: moron|Incineroar, L50, M|100/100\n|-ability|p1a: moron|Intimidate|boost\n|-unboost|p2a: Primarina|atk|1\n|-fail|p2b: Oranguru|unboost|Attack|[from] ability: Inner Focus|[of] p2b: Oranguru\n|turn|6\n|\n|t:|1788186707\n|move|p1b: tumamigorda|Protect|p1b: tumamigorda\n|-singleturn|p1b: tumamigorda|Protect\n|move|p1a: moron|Fake Out|p2b: Oranguru\n|-damage|p2b: Oranguru|20/100y\n|move|p2b: Oranguru|Psychic|p1b: tumamigorda\n|-activate|p1b: tumamigorda|move: Protect\n|move|p2a: Primarina|Rain Dance|p2a: Primarina\n|-weather|RainDance\n|\n|-weather|RainDance|[upkeep]\n|-damage|p2a: Primarina|0 fnt|[from] psn\n|faint|p2a: Primarina\n|upkeep\n|\n|t:|1788186717\n|switch|p2a: Archaludon|Archaludon, L50, M|100/100\n|turn|7\n|\n|t:|1788186735\n|move|p1a: moron|Darkest Lariat|p2b: Oranguru\n|-supereffective|p2b: Oranguru|1\n|-enditem|p2b: Oranguru|Colbur Berry|[eat]\n|-enditem|p2b: Oranguru|Colbur Berry|[weaken]\n|-damage|p2b: Oranguru|0 fnt\n|faint|p2b: Oranguru\n|move|p2a: Archaludon|Electro Shot||[still]\n|-prepare|p2a: Archaludon|Electro Shot\n|-boost|p2a: Archaludon|spa|1\n|-anim|p2a: Archaludon|Electro Shot|p1a: moron\n|-damage|p1a: moron|50/100g\n|move|p1b: tumamigorda|Earth Power|p2a: Archaludon\n|-supereffective|p2a: Archaludon|1\n|-damage|p2a: Archaludon|49/100\n|-damage|p1b: tumamigorda|14/100|[from] item: Life Orb\n|\n|-weather|RainDance|[upkeep]\n|-fieldend|move: Trick Room\n|upkeep\n|\n|t:|1788186749\n|switch|p2b: Incineroar|Incineroar, L50, M|49/100\n|-ability|p2b: Incineroar|Intimidate|boost\n|-unboost|p1a: moron|atk|1\n|-unboost|p1b: tumamigorda|atk|1\n|turn|8\n|\n|t:|1788186775\n|move|p1b: tumamigorda|Protect|p1b: tumamigorda\n|-singleturn|p1b: tumamigorda|Protect\n|move|p2b: Incineroar|Fake Out|p1b: tumamigorda\n|-activate|p1b: tumamigorda|move: Protect\n|move|p2a: Archaludon|Electro Shot||[still]\n|-prepare|p2a: Archaludon|Electro Shot\n|-boost|p2a: Archaludon|spa|1\n|-anim|p2a: Archaludon|Electro Shot|p1a: moron\n|-crit|p1a: moron\n|-damage|p1a: moron|0 fnt\n|faint|p1a: moron\n|\n|-weather|RainDance|[upkeep]\n|upkeep\n|\n|t:|1788186786\n|switch|p1a: malozard|Charizard, L50, F|100/100\n|turn|9\n|\n|t:|1788186797\n|move|p1b: tumamigorda|Earth Power|p2a: Archaludon\n|-supereffective|p2a: Archaludon|1\n|-damage|p2a: Archaludon|0 fnt\n|faint|p2a: Archaludon\n|-damage|p1b: tumamigorda|5/100|[from] item: Life Orb\n|move|p1a: malozard|Weather Ball|p2b: Incineroar\n|-supereffective|p2b: Incineroar|1\n|-damage|p2b: Incineroar|0 fnt\n|faint|p2b: Incineroar\n|\n|win|ArielcitoTedetona\n|raw|ArielcitoTedetona's rating: 1146 &rarr; <strong>1165</strong><br />(+19 for winning)\n|raw|ray294's rating: 1063 &rarr; <strong>1048</strong><br />(-15 for losing)\n","uploadtime":1788186818,"views":"0","formatid":"gen9championsvgc2026regmbbo3","rating":1048,"private":0,"password":null}