{"id":"gen9championsvgc2026regmbbo3-2674749909","format":"[Gen 9 Champions] VGC 2026 Reg M-B (Bo3)","players":["disciple of blahaj","lepfep"],"log":"|j|☆disciple of blahaj\n|j|☆lepfep\n|html|<table width=\"100%\"><tr><td align=\"left\">disciple of blahaj</td><td align=\"right\">lepfep</tr><tr><td align=\"left\"><i class=\"fa fa-circle-o\"></i> <i class=\"fa fa-circle-o\"></i> </td><td align=\"right\"><i class=\"fa fa-circle-o\"></i> <i class=\"fa fa-circle-o\"></i> </tr></table>\n|uhtml|bestof|<h2><strong>Game 1</strong> of <a href=\"/game-bestof3-gen9championsvgc2026regmbbo3-2674749908\">a best-of-3</a></h2>\n|t:|1788400288\n|gametype|doubles\n|player|p1|disciple of blahaj|jacinthe|1247\n|player|p2|lepfep|touristf|1146\n|gen|9\n|tier|[Gen 9 Champions] VGC 2026 Reg M-B (Bo3)\n|rated|\n|rule|Species Clause: Limit one of each Pokémon\n|rule|Item Clause: Limit 1 of each item\n|clearpoke\n|poke|p1|Mawile, L50, M, shiny|\n|poke|p1|Farigiraf, L50, F, shiny|\n|poke|p1|Sinistcha, L50|\n|poke|p1|Pelipper, L50, F|\n|poke|p1|Kommo-o, L50, F|\n|poke|p1|Raichu, L50, F, shiny|\n|poke|p2|Swampert, L50, M|\n|poke|p2|Pelipper, L50, F|\n|poke|p2|Archaludon, L50, F|\n|poke|p2|Sinistcha, L50|\n|poke|p2|Ampharos, L50, M|\n|poke|p2|Cofagrigus, L50, F|\n|teampreview|4\n|showteam|p1|Mawile||Mawilite|Intimidate|Protect,SwordsDance,PlayRough,SuckerPunch|Adamant||M|||50|]Farigiraf||ColburBerry|ArmorTail|TrickRoom,Psychic,NastyPlot,HyperVoice|Bold||F|||50|]Sinistcha||SitrusBerry|Hospitality|Protect,MatchaGotcha,RagePowder,TrickRoom|Bold|||||50|]Pelipper||LifeOrb|Drizzle|WideGuard,WeatherBall,Hurricane,Protect|Modest||F|||50|]Kommo-o||Leftovers|Soundproof|Protect,ClangorousSoul,AuraSphere,ClangingScales|Timid||F|||50|]Raichu||RaichuniteY|LightningRod|FakeOut,Thunder,FocusBlast,VoltSwitch|Timid||F|||50|\n|showteam|p2|Swampert||Swampertite|Damp|Earthquake,WaveCrash,IcePunch,Protect|Adamant||M|||50|]Pelipper||FocusSash|Drizzle|Hurricane,WideGuard,Protect,MuddyWater|Relaxed||F|||50|]Archaludon||Leftovers|Stamina|Protect,ElectroShot,DracoMeteor,FlashCannon|Quiet||F|||50|]Sinistcha||SitrusBerry|Hospitality|MatchaGotcha,LifeDew,RagePowder,TrickRoom|Relaxed|||||50|]Ampharos||Ampharosite|Static|Thunderbolt,CottonGuard,Protect,DragonPulse|Quiet||M|||50|]Cofagrigus||ColburBerry|Mummy|ShadowBall,AllySwitch,Protect,TrickRoom|Relaxed||F|||50|\n|inactive|Battle timer is ON: inactive players will automatically lose when time's up. (requested by disciple of blahaj)\n|\n|t:|1788400379\n|teamsize|p1|4\n|teamsize|p2|4\n|start\n|switch|p1a: Sinistcha|Sinistcha, L50|100/100\n|switch|p1b: Kommo-o|Kommo-o, L50, F|100/100\n|switch|p2a: Fear|Ampharos, L50, M|100/100\n|switch|p2b: Hunger|Cofagrigus, L50, F|100/100\n|turn|1\n|inactive|disciple of blahaj has 30 seconds left.\n|\n|t:|1788400409\n|switch|p1a: Mawile|Mawile, L50, M, shiny|100/100\n|-ability|p1a: Mawile|Intimidate|boost\n|-unboost|p2a: Fear|atk|1\n|-unboost|p2b: Hunger|atk|1\n|detailschange|p2a: Fear|Ampharos-Mega, L50, M\n|-mega|p2a: Fear|Ampharos|Ampharosite\n|-ability|p2a: Fear|Mold Breaker\n|move|p1b: Kommo-o|Clanging Scales|p2b: Hunger|[spread] p2a,p2b\n|-supereffective|p2a: Fear|1\n|-crit|p2b: Hunger\n|-damage|p2a: Fear|41/100\n|-damage|p2b: Hunger|58/100\n|-unboost|p1b: Kommo-o|def|1\n|move|p2a: Fear|Dragon Pulse|p1b: Kommo-o\n|-supereffective|p1b: Kommo-o|1\n|-damage|p1b: Kommo-o|0 fnt\n|faint|p1b: Kommo-o\n|move|p2b: Hunger|Trick Room|p2b: Hunger\n|-fieldstart|move: Trick Room|[of] p2b: Hunger\n|\n|upkeep\n|\n|t:|1788400430\n|switch|p1b: Raichu|Raichu, L50, F, shiny|100/100\n|turn|2\n|inactive|lepfep has 30 seconds left.\n|\n|t:|1788400463\n|detailschange|p1a: Mawile|Mawile-Mega, L50, M, shiny\n|-mega|p1a: Mawile|Mawile|Mawilite\n|move|p2a: Fear|Protect|p2a: Fear\n|-singleturn|p2a: Fear|Protect\n|move|p1b: Raichu|Fake Out|p2b: Hunger\n|-immune|p2b: Hunger\n|move|p2b: Hunger|Shadow Ball|p1b: Raichu\n|-damage|p1b: Raichu|56/100\n|move|p1a: Mawile|Play Rough|p2b: Hunger\n|-damage|p2b: Hunger|0 fnt\n|-activate|p2b: Hunger|ability: Mummy|p1a: Mawile|[ability] Huge Power\n|faint|p2b: Hunger\n|\n|upkeep\n|\n|t:|1788400480\n|switch|p2b: Lil Eyes|Pelipper, L50, F|100/100\n|-weather|RainDance|[from] ability: Drizzle|[of] p2b: Lil Eyes\n|turn|3\n|inactive|lepfep has 30 seconds left.\n|\n|t:|1788400511\n|move|p2a: Fear|Dragon Pulse|p1b: Raichu\n|-crit|p1b: Raichu\n|-damage|p1b: Raichu|0 fnt\n|faint|p1b: Raichu\n|move|p1a: Mawile|Play Rough|p2a: Fear\n|-supereffective|p2a: Fear|1\n|-damage|p2a: Fear|0 fnt\n|faint|p2a: Fear\n|move|p2b: Lil Eyes|Hurricane|p1a: Mawile\n|-resisted|p1a: Mawile|1\n|-damage|p1a: Mawile|80/100\n|\n|-weather|RainDance|[upkeep]\n|upkeep\n|\n|t:|1788400521\n|switch|p2a: Mako|Swampert, L50, M|100/100\n|switch|p1b: Sinistcha|Sinistcha, L50|100/100\n|-heal|p1a: Mawile|100/100|[from] ability: Hospitality|[of] p1b: Sinistcha\n|turn|4\n|\n|t:|1788400543\n|move|p2a: Mako|Protect|p2a: Mako\n|-singleturn|p2a: Mako|Protect\n|move|p1a: Mawile|Play Rough|p2b: Lil Eyes|[miss]\n|-miss|p1a: Mawile|p2b: Lil Eyes\n|move|p2b: Lil Eyes|Hurricane|p1b: Sinistcha\n|-supereffective|p1b: Sinistcha|1\n|-damage|p1b: Sinistcha|11/100\n|-enditem|p1b: Sinistcha|Sitrus Berry|[eat]\n|-heal|p1b: Sinistcha|35/100|[from] item: Sitrus Berry\n|move|p1b: Sinistcha|Matcha Gotcha|p2b: Lil Eyes|[spread] \n|-activate|p2a: Mako|move: Protect\n|-miss|p1b: Sinistcha|p2b: Lil Eyes\n|\n|-weather|RainDance|[upkeep]\n|upkeep\n|turn|5\n|\n|t:|1788400565\n|move|p1b: Sinistcha|Protect|p1b: Sinistcha\n|-singleturn|p1b: Sinistcha|Protect\n|move|p2a: Mako|Protect||[still]\n|-fail|p2a: Mako\n|move|p1a: Mawile|Swords Dance|p1a: Mawile\n|-boost|p1a: Mawile|atk|2\n|move|p2b: Lil Eyes|Hurricane|p1b: Sinistcha\n|-activate|p1b: Sinistcha|move: Protect\n|\n|-weather|RainDance|[upkeep]\n|-fieldend|move: Trick Room\n|upkeep\n|turn|6\n|\n|t:|1788400581\n|move|p2a: Mako|Earthquake|p1a: Mawile|[spread] p1a,p1b\n|-immune|p2b: Lil Eyes\n|-supereffective|p1a: Mawile|1\n|-resisted|p1b: Sinistcha|1\n|-damage|p1a: Mawile|27/100\n|-damage|p1b: Sinistcha|23/100\n|move|p1b: Sinistcha|Matcha Gotcha|p2a: Mako|[spread] p2a,p2b\n|-supereffective|p2a: Mako|2\n|-damage|p2a: Mako|0 fnt\n|-heal|p1b: Sinistcha|73/100|[from] drain|[of] p2a: Mako\n|-damage|p2b: Lil Eyes|67/100\n|-heal|p1b: Sinistcha|88/100|[from] drain|[of] p2b: Lil Eyes\n|faint|p2a: Mako\n|move|p2b: Lil Eyes|Hurricane|p1b: Sinistcha\n|-supereffective|p1b: Sinistcha|1\n|-damage|p1b: Sinistcha|0 fnt\n|faint|p1b: Sinistcha\n|move|p1a: Mawile|Play Rough|p2b: Lil Eyes\n|-damage|p2b: Lil Eyes|0 fnt\n|faint|p2b: Lil Eyes\n|\n|win|disciple of blahaj\n||lepfep is ready for game 2.\n|inactive|disciple of blahaj has 30 seconds to confirm battle start!\n||disciple of blahaj is ready for game 2.\n|uhtml|next|Next: <a href=\"/battle-gen9championsvgc2026regmbbo3-2674751932\"><strong>Game 2 of 3</strong></a>\n","uploadtime":1788400990,"views":"0","formatid":"gen9championsvgc2026regmbbo3","rating":null,"private":0,"password":null}