{"id":"gen9championsvgc2026regmb-2674712438","format":"[Gen 9 Champions] VGC 2026 Reg M-B","players":["rileyjawn baby","MakeitRain10"],"log":"|j|☆rileyjawn baby\n|j|☆MakeitRain10\n|html|<table width=\"100%\"><tr><td align=\"left\">rileyjawn baby</td><td align=\"right\">MakeitRain10</tr><tr><td align=\"left\"><i class=\"fa fa-circle-o\"></i> <i class=\"fa fa-circle-o\"></i> </td><td align=\"right\"><i class=\"fa fa-circle-o\"></i> <i class=\"fa fa-circle-o\"></i> </tr></table>\n|uhtml|bestof|<h2><strong>Game 1</strong> of <a href=\"/game-bestof3-gen9championsvgc2026regmb-2674712437\">a best-of-3</a></h2>\n|t:|1788394453\n|gametype|doubles\n|player|p1|rileyjawn baby|wattson|\n|player|p2|MakeitRain10|2|\n|gen|9\n|tier|[Gen 9 Champions] VGC 2026 Reg M-B\n|rule|Species Clause: Limit one of each Pokémon\n|rule|Item Clause: Limit 1 of each item\n|raw|<div class=\"infobox\"><details class=\"readmore\" open><summary><strong>1 custom rule:</strong></summary> Best of = 3</details></div>\n|clearpoke\n|poke|p1|Mimikyu, L50, F, shiny|\n|poke|p1|Froslass, L50, F, shiny|\n|poke|p1|Hippowdon, L50, M, shiny|\n|poke|p1|Basculegion, L50, M, shiny|\n|poke|p1|Staraptor, L50, M, shiny|\n|poke|p1|Toxapex, L50, M|\n|poke|p2|Kangaskhan, L50, F|\n|poke|p2|Meowstic, L50, M|\n|poke|p2|Alakazam, L50, F|\n|poke|p2|Swampert, L50, F|\n|poke|p2|Noivern, L50, M|\n|poke|p2|Houndoom, L50, M|\n|teampreview|4\nMakeitRain10 rejected open team sheets.\n|inactive|Battle timer is ON: inactive players will automatically lose when time's up. (requested by rileyjawn baby)\n|j| ripley98\n|j| tmacp\n|j| brehio11\n|inactive|rileyjawn baby has 60 seconds left.\n|inactive|MakeitRain10 has 60 seconds left.\n|j| jackofharts9\n|j| shinypantss\n|\n|t:|1788394512\n|teamsize|p1|4\n|teamsize|p2|4\n|start\n|switch|p1a: team captain|Staraptor, L50, M, shiny|100/100\n|switch|p1b: wigwam returns|Toxapex, L50, M|100/100\n|switch|p2a: Daddy|Kangaskhan, L50, F|100/100\n|switch|p2b: Brehio|Meowstic, L50, M|100/100\n|-ability|p1a: team captain|Intimidate|boost\n|-fail|p2a: Daddy|unboost|atk|[from] ability: Scrappy|[of] p2a: Daddy\n|-unboost|p2b: Brehio|atk|1\n|turn|1\n|inactive|rileyjawn baby has 30 seconds left.\n|inactive|MakeitRain10 has 30 seconds left.\n|inactive|MakeitRain10 has 20 seconds left.\n|inactive|MakeitRain10 has 15 seconds left.\n|inactive|MakeitRain10 has 10 seconds left.\n|\n|t:|1788394558\n|move|p1a: team captain|Protect|p1a: team captain\n|-singleturn|p1a: team captain|Protect\n|move|p2b: Brehio|Fake Out|p1a: team captain\n|-activate|p1a: team captain|move: Protect\n|move|p2a: Daddy|Thunder Punch|p1b: wigwam returns\n|-supereffective|p1b: wigwam returns|1\n|-damage|p1b: wigwam returns|63/100\n|-damage|p2a: Daddy|90/100|[from] item: Life Orb\n|move|p1b: wigwam returns|Infestation|p2a: Daddy\n|-crit|p2a: Daddy\n|-damage|p2a: Daddy|84/100\n|-activate|p2a: Daddy|move: Infestation|[of] p1b: wigwam returns\n|\n|-heal|p1b: wigwam returns|69/100|[from] item: Leftovers\n|-damage|p2a: Daddy|72/100|[from] move: Infestation|[partiallytrapped]\n|upkeep\n|turn|2\n|inactive|MakeitRain10 has 30 seconds left.\n|inactive|rileyjawn baby has 30 seconds left.\n|inactive|MakeitRain10 has 20 seconds left.\n|inactive|MakeitRain10 has 15 seconds left.\n|inactive|MakeitRain10 has 10 seconds left.\n|inactive|MakeitRain10 has 5 seconds left.\n|inactive|rileyjawn baby has 20 seconds left.\n|\n|t:|1788394616\n|move|p1a: team captain|Protect|p1a: team captain\n|-singleturn|p1a: team captain|Protect\n|move|p1b: wigwam returns|Baneful Bunker|p1b: wigwam returns\n|-singleturn|p1b: wigwam returns|move: Protect\n|move|p2b: Brehio|Psychic Terrain|p2b: Brehio\n|-fieldstart|move: Psychic Terrain\n|move|p2a: Daddy|Thunder Punch|p1a: team captain\n|-activate|p1a: team captain|move: Protect\n|\n|-heal|p1b: wigwam returns|75/100|[from] item: Leftovers\n|-damage|p2a: Daddy|60/100|[from] move: Infestation|[partiallytrapped]\n|upkeep\n|turn|3\n|\n|t:|1788394639\n|switch|p1a: weatherboi|Hippowdon, L50, M, shiny|100/100\n|-weather|Sandstorm|[from] ability: Sand Stream|[of] p1a: weatherboi\n|move|p1b: wigwam returns|Wide Guard|p1b: wigwam returns\n|-singleturn|p1b: wigwam returns|Wide Guard\n|move|p2b: Brehio|Expanding Force|p1b: wigwam returns|[spread] \n|-activate|p1a: weatherboi|move: Wide Guard\n|-activate|p1b: wigwam returns|move: Wide Guard\n|move|p2a: Daddy|Thunder Punch|p1a: weatherboi\n|-immune|p1a: weatherboi\n|\n|-weather|Sandstorm|[upkeep]\n|-damage|p2b: Brehio|94/100|[from] Sandstorm\n|-damage|p2a: Daddy|54/100|[from] Sandstorm\n|-damage|p1b: wigwam returns|69/100|[from] Sandstorm\n|-heal|p1b: wigwam returns|75/100|[from] item: Leftovers\n|-damage|p2a: Daddy|42/100|[from] move: Infestation|[partiallytrapped]\n|upkeep\n|turn|4\n|inactive|rileyjawn baby has 30 seconds left.\n|\n|t:|1788394670\n|move|p1a: weatherboi|Protect|p1a: weatherboi\n|-singleturn|p1a: weatherboi|Protect\n|move|p1b: wigwam returns|Baneful Bunker||[still]\n|-fail|p1b: wigwam returns\n|move|p2b: Brehio|Rain Dance|p2b: Brehio\n|-weather|RainDance\n|move|p2a: Daddy|Thunder Punch|p1b: wigwam returns\n|-supereffective|p1b: wigwam returns|1\n|-damage|p1b: wigwam returns|38/100\n|-damage|p2a: Daddy|32/100|[from] item: Life Orb\n|\n|-weather|RainDance|[upkeep]\n|-heal|p1b: wigwam returns|44/100|[from] item: Leftovers\n|-damage|p2a: Daddy|20/100y|[from] move: Infestation|[partiallytrapped]\n|upkeep\n|turn|5\n|inactive|rileyjawn baby has 30 seconds left.\n|inactive|MakeitRain10 has 30 seconds left.\n|inactive|MakeitRain10 has 20 seconds left.\n|\n|t:|1788394706\n|move|p2b: Brehio|Expanding Force|p1b: wigwam returns|[spread] p1a,p1b\n|-supereffective|p1b: wigwam returns|1\n|-damage|p1a: weatherboi|58/100\n|-damage|p1b: wigwam returns|0 fnt\n|faint|p1b: wigwam returns\n|move|p2a: Daddy|Thunder Punch|p1a: weatherboi\n|-immune|p1a: weatherboi\n|move|p1a: weatherboi|Yawn|p2b: Brehio\n|-start|p2b: Brehio|move: Yawn|[of] p1a: weatherboi\n|\n|-weather|RainDance|[upkeep]\n|-end|p2a: Daddy|Infestation|[partiallytrapped]\n|upkeep\n|\n|t:|1788394729\n|switch|p1b: team captain|Staraptor, L50, M, shiny|100/100\n|-ability|p1b: team captain|Intimidate|boost\n|-fail|p2a: Daddy|unboost|atk|[from] ability: Scrappy|[of] p2a: Daddy\n|-unboost|p2b: Brehio|atk|1\n|turn|6\n|\n|t:|1788394748\n|detailschange|p1b: team captain|Staraptor-Mega, L50, M, shiny\n|-mega|p1b: team captain|Staraptor|Staraptite\n|move|p2b: Brehio|Expanding Force|p1a: weatherboi|[spread] p1a,p1b\n|-supereffective|p1b: team captain|1\n|-damage|p1a: weatherboi|12/100\n|-damage|p1b: team captain|4/100\n|move|p2a: Daddy|Thunder Punch|p1b: team captain\n|-supereffective|p1b: team captain|1\n|-damage|p1b: team captain|0 fnt\n|faint|p1b: team captain\n|-damage|p2a: Daddy|10/100|[from] item: Life Orb\n|move|p1a: weatherboi|Slack Off|p1a: weatherboi\n|-heal|p1a: weatherboi|63/100\n|\n|-weather|RainDance|[upkeep]\n|-end|p2b: Brehio|move: Yawn|[silent]\n|-status|p2b: Brehio|slp\n|-fieldend|move: Psychic Terrain\n|upkeep\n|\n|t:|1788394760\n|switch|p1b: uykimim|Mimikyu, L50, F, shiny|100/100\n|turn|7\n|inactive|rileyjawn baby has 30 seconds left.\n|inactive|MakeitRain10 has 30 seconds left.\n|\n|t:|1788394790\n|move|p1b: uykimim|Protect|p1b: uykimim\n|-singleturn|p1b: uykimim|Protect\n|cant|p2b: Brehio|slp\n|move|p2a: Daddy|Shadow Claw|p1b: uykimim\n|-activate|p1b: uykimim|move: Protect\n|move|p1a: weatherboi|High Horsepower|p2a: Daddy\n|-damage|p2a: Daddy|0 fnt\n|faint|p2a: Daddy\n|\n|-weather|RainDance|[upkeep]\n|upkeep\n|\n|t:|1788394806\n|switch|p2a: Popeye|Swampert, L50, F|100/100\n|turn|8\n|\n|t:|1788394824\n|detailschange|p2a: Popeye|Swampert-Mega, L50, F\n|-mega|p2a: Popeye|Swampert|Swampertite\n|move|p1a: weatherboi|Protect|p1a: weatherboi\n|-singleturn|p1a: weatherboi|Protect\n|cant|p2b: Brehio|slp\n|move|p2a: Popeye|Hard Press|p1b: uykimim\n|-activate|p1b: uykimim|ability: Disguise\n|-damage|p1b: uykimim|100/100\n|detailschange|p1b: uykimim|Mimikyu-Busted, L50, F, shiny\n|-damage|p1b: uykimim|87/100|[from] pokemon: Mimikyu-Busted\n|move|p1b: uykimim|Wood Hammer|p2a: Popeye\n|-supereffective|p2a: Popeye|2\n|-damage|p2a: Popeye|0 fnt\n|faint|p2a: Popeye\n|-damage|p1b: uykimim|39/100|[from] Recoil\n|-damage|p1b: uykimim|29/100|[from] item: Life Orb\n|\n|-weather|none\n|upkeep\n|\n|t:|1788394841\n|switch|p2a: Professor PsychO|Alakazam, L50, F|100/100\n|turn|9\n|\n|t:|1788394852\n|-curestatus|p2b: Brehio|slp|[msg]\n|move|p2b: Brehio|Psychic Terrain|p2b: Brehio\n|-fieldstart|move: Psychic Terrain\n|move|p1b: uykimim|Shadow Sneak|p2a: Professor PsychO\n|-activate|p2a: Professor PsychO|move: Psychic Terrain\n|move|p2a: Professor PsychO|Expanding Force|p1a: weatherboi|[spread] p1a,p1b\n|-damage|p1a: weatherboi|4/100\n|-damage|p1b: uykimim|0 fnt\n|faint|p1b: uykimim\n|move|p1a: weatherboi|High Horsepower|p2b: Brehio\n|-damage|p2b: Brehio|18/100\n|\n|upkeep\n|turn|10\n|\n|t:|1788394868\n|move|p2a: Professor PsychO|Expanding Force|p1a: weatherboi\n|-damage|p1a: weatherboi|0 fnt\n|faint|p1a: weatherboi\n|\n|win|MakeitRain10\n||rileyjawn baby is ready for game 2.\n","uploadtime":1788394874,"views":"13","formatid":"gen9championsvgc2026regmb","rating":null,"private":0,"password":null}