{"id":"gen9championsvgc2026regmb-2674619265","format":"[Gen 9 Champions] VGC 2026 Reg M-B","players":["Dakiri","thruxythree"],"log":"|j|☆Dakiri\n|j|☆thruxythree\n|t:|1788381086\n|gametype|doubles\n|player|p1|Dakiri|2|1692\n|player|p2|thruxythree|blue|1763\n|gen|9\n|tier|[Gen 9 Champions] VGC 2026 Reg M-B\n|rated|\n|rule|Species Clause: Limit one of each Pokémon\n|rule|Item Clause: Limit 1 of each item\n|clearpoke\n|poke|p1|Maushold, L50|\n|poke|p1|Azumarill, L50, F|\n|poke|p1|Camerupt, L50, M|\n|poke|p1|Mawile, L50, M|\n|poke|p1|Farigiraf, L50, F|\n|poke|p1|Gallade, L50, M|\n|poke|p2|Maushold-Four, L50|\n|poke|p2|Blastoise, L50, F, shiny|\n|poke|p2|Whimsicott, L50, M|\n|poke|p2|Kingambit, L50, M, shiny|\n|poke|p2|Basculegion, L50, M, shiny|\n|poke|p2|Sinistcha, L50|\n|teampreview|4\n|inactive|Battle timer is ON: inactive players will automatically lose when time's up. (requested by thruxythree)\n|inactive|Dakiri also wants the timer to be on.\n|\n|t:|1788381110\n|teamsize|p1|4\n|teamsize|p2|4\n|start\n|switch|p1a: Farigiraf|Farigiraf, L50, F|100/100\n|switch|p1b: Maushold|Maushold, L50|100/100\n|switch|p2a: Maushold|Maushold-Four, L50|100/100\n|switch|p2b: Sinistcha|Sinistcha, L50|100/100\n|turn|1\n|\n|t:|1788381117\n|move|p1b: Maushold|Population Bomb|p2a: Maushold\n|-damage|p2a: Maushold|81/100\n|-damage|p2a: Maushold|63/100\n|-crit|p2a: Maushold\n|-damage|p2a: Maushold|37/100\n|-damage|p2a: Maushold|18/100\n|-damage|p2a: Maushold|1/100\n|-damage|p2a: Maushold|0 fnt\n|faint|p2a: Maushold\n|-hitcount|p2: Maushold|6\n|move|p2b: Sinistcha|Imprison|p2b: Sinistcha\n|-start|p2b: Sinistcha|move: Imprison\n|cant|p1a: Farigiraf|move: Imprison|Trick Room\n|\n|upkeep\n|\n|t:|1788381123\n|switch|p2a: Basculegion|Basculegion, L50, M, shiny|100/100\n|turn|2\n|j| Zahnpaster\n|\n|t:|1788381132\n|move|p1b: Maushold|Follow Me|p1b: Maushold\n|-singleturn|p1b: Maushold|move: Follow Me\n|move|p2a: Basculegion|Wave Crash|p1b: Maushold\n|-damage|p1b: Maushold|0 fnt\n|faint|p1b: Maushold\n|-damage|p2a: Basculegion|74/100|[from] Recoil\n|move|p2b: Sinistcha|Matcha Gotcha|p1a: Farigiraf|[miss]\n|-miss|p2b: Sinistcha|p1a: Farigiraf\n|move|p1a: Farigiraf|Psychic|p2a: Basculegion\n|-damage|p2a: Basculegion|37/100\n|\n|upkeep\n|\n|t:|1788381144\n|switch|p1b: Gallade|Gallade, L50, M|100/100\n|turn|3\n|\n|t:|1788381154\n|move|p2b: Sinistcha|Rage Powder|p2b: Sinistcha\n|-singleturn|p2b: Sinistcha|move: Rage Powder\n|move|p2a: Basculegion|Wave Crash|p1b: Gallade\n|-enditem|p1b: Gallade|Focus Sash\n|-damage|p1b: Gallade|1/100\n|-damage|p2a: Basculegion|13/100|[from] Recoil\n|move|p1b: Gallade|Psycho Cut|p2b: Sinistcha\n|-damage|p2b: Sinistcha|51/100\n|move|p1a: Farigiraf|Psychic|p2b: Sinistcha\n|-damage|p2b: Sinistcha|14/100\n|-enditem|p2b: Sinistcha|Sitrus Berry|[eat]\n|-heal|p2b: Sinistcha|39/100|[from] item: Sitrus Berry\n|\n|upkeep\n|turn|4\n|\n|t:|1788381168\n|move|p1b: Gallade|Protect|p1b: Gallade\n|-singleturn|p1b: Gallade|Protect\n|move|p2a: Basculegion|Wave Crash|p1a: Farigiraf\n|-damage|p1a: Farigiraf|34/100\n|-damage|p2a: Basculegion|0 fnt|[from] Recoil\n|faint|p2a: Basculegion\n|move|p2b: Sinistcha|Matcha Gotcha|p1a: Farigiraf|[spread] p1a\n|-activate|p1b: Gallade|move: Protect\n|-damage|p1a: Farigiraf|13/100\n|-heal|p2b: Sinistcha|53/100|[from] drain|[of] p1a: Farigiraf\n|move|p1a: Farigiraf|Psychic|p2b: Sinistcha\n|-damage|p2b: Sinistcha|17/100\n|\n|upkeep\n|\n|t:|1788381175\n|switch|p2a: Blastoise|Blastoise, L50, F, shiny|100/100\n|turn|5\n|inactive|Dakiri has 30 seconds left.\n|\n|t:|1788381201\n|detailschange|p2a: Blastoise|Blastoise-Mega, L50, F, shiny\n|-mega|p2a: Blastoise|Blastoise|Blastoisinite\n|move|p1b: Gallade|Psycho Cut|p2a: Blastoise\n|-damage|p2a: Blastoise|50/100g\n|move|p2a: Blastoise|Dark Pulse|p1b: Gallade\n|-damage|p1b: Gallade|0 fnt\n|faint|p1b: Gallade\n|move|p2b: Sinistcha|Matcha Gotcha|p1a: Farigiraf\n|-damage|p1a: Farigiraf|0 fnt\n|-heal|p2b: Sinistcha|25/100|[from] drain|[of] p1a: Farigiraf\n|faint|p1a: Farigiraf\n|\n|upkeep\n|\n|t:|1788381211\n|switch|p1b: Mawile|Mawile, L50, M|100/100\n|turn|6\n|\n|t:|1788381224\n|detailschange|p1b: Mawile|Mawile-Mega, L50, M\n|-mega|p1b: Mawile|Mawile|Mawilite\n|move|p2b: Sinistcha|Rage Powder|p2b: Sinistcha\n|-singleturn|p2b: Sinistcha|move: Rage Powder\n|move|p1b: Mawile|Sucker Punch||[still]\n|-fail|p1b: Mawile\n|move|p2a: Blastoise|Aura Sphere|p1b: Mawile\n|-damage|p1b: Mawile|40/100\n|\n|upkeep\n|turn|7\n|-message|Dakiri forfeited.\n|\n|win|thruxythree\n|raw|Dakiri's rating: 1692 &rarr; <strong>1676</strong><br />(-16 for losing)\n|raw|thruxythree's rating: 1763 &rarr; <strong>1779</strong><br />(+16 for winning)\n|l|☆Dakiri\n|player|p1|\n","uploadtime":1788381238,"views":"10","formatid":"gen9championsvgc2026regmb","rating":1676,"private":0,"password":null}