{"id":"gen9championsvgc2026regmbbo3-2674461324","format":"[Gen 9 Champions] VGC 2026 Reg M-B (Bo3)","players":["Watawa","cippino3"],"log":"|j|☆Watawa\n|j|☆cippino3\n|html|<table width=\"100%\"><tr><td align=\"left\">Watawa</td><td align=\"right\">cippino3</tr><tr><td align=\"left\"><i class=\"fa fa-circle-o\"></i> <i class=\"fa fa-circle-o\"></i> </td><td align=\"right\"><i class=\"fa fa-circle-o\"></i> <i class=\"fa fa-circle-o\"></i> </tr></table>\n|uhtml|bestof|<h2><strong>Game 1</strong> of <a href=\"/game-bestof3-gen9championsvgc2026regmbbo3-2674461323\">a best-of-3</a></h2>\n|t:|1788362554\n|gametype|doubles\n|player|p1|Watawa|170|1102\n|player|p2|cippino3|poppy|1157\n|gen|9\n|tier|[Gen 9 Champions] VGC 2026 Reg M-B (Bo3)\n|rated|\n|rule|Species Clause: Limit one of each Pokémon\n|rule|Item Clause: Limit 1 of each item\n|clearpoke\n|poke|p1|Metagross, L50, shiny|\n|poke|p1|Farigiraf, L50, M|\n|poke|p1|Whimsicott, L50, F|\n|poke|p1|Kommo-o, L50, F, shiny|\n|poke|p1|Basculegion, L50, M|\n|poke|p1|Incineroar, L50, M, shiny|\n|poke|p2|Raichu, L50, F|\n|poke|p2|Arcanine-Hisui, L50, F|\n|poke|p2|Tsareena, L50, F|\n|poke|p2|Basculegion, L50, M|\n|poke|p2|Aerodactyl, L50, M|\n|poke|p2|Weavile, L50, M|\n|teampreview|4\n|showteam|p1|Metagross||Metagrossite|ClearBody|IronHead,PsychicFangs,StompingTantrum,Protect|Jolly|||||50|]Farigiraf||ColburBerry|ArmorTail|TwinBeam,HelpingHand,TrickRoom,Roar|Calm||M|||50|]Whimsicott||FocusSash|Prankster|Moonblast,Tailwind,Encore,Protect|Timid||F|||50|]Kommo-o||LifeOrb|Soundproof|ClangingScales,AuraSphere,VacuumWave,Protect|Timid||F|||50|]Basculegion||ChoiceScarf|Adaptability|WaveCrash,LastRespects,AquaJet,FlipTurn|Jolly||M|||50|]Incineroar||SitrusBerry|Intimidate|FakeOut,FlareBlitz,PartingShot,DarkestLariat|Impish||M|||50|\n|showteam|p2|Raichu||RaichuniteY|LightningRod|Protect,FakeOut,ZapCannon,FocusBlast|Timid||F|||50|]Arcanine-Hisui||ChoiceScarf|RockHead|FlareBlitz,HeadSmash,RockSlide,PsychicFangs|Jolly||F|||50|]Tsareena||WideLens|QueenlyMajesty|Protect,PowerWhip,LowKick,TripleAxel|Adamant||F|||50|]Basculegion||LifeOrb|Adaptability|Protect,Liquidation,LastRespects,AquaJet|Adamant||M|||50|]Aerodactyl||Aerodactylite|RockHead|Protect,Tailwind,RockSlide,DualWingbeat|Jolly||M|||50|]Weavile||FocusSash|Pressure|Protect,Taunt,IcicleCrash,KnockOff|Jolly||M|||50|\n|inactive|Battle timer is ON: inactive players will automatically lose when time's up. (requested by cippino3)\n|inactive|Watawa has 60 seconds left.\n|inactive|cippino3 has 60 seconds left.\n|\n|t:|1788362596\n|teamsize|p1|4\n|teamsize|p2|4\n|start\n|switch|p1a: Incineroar|Incineroar, L50, M, shiny|100/100\n|switch|p1b: Kommo-o|Kommo-o, L50, F, shiny|100/100\n|switch|p2a: Weavile|Weavile, L50, M|100/100\n|switch|p2b: Raichu|Raichu, L50, F|100/100\n|-ability|p2a: Weavile|Pressure\n|-ability|p1a: Incineroar|Intimidate|boost\n|-unboost|p2a: Weavile|atk|1\n|-unboost|p2b: Raichu|atk|1\n|turn|1\n|\n|t:|1788362614\n|detailschange|p2b: Raichu|Raichu-Mega-Y, L50, F\n|-mega|p2b: Raichu|Raichu|Raichunite Y\n|move|p1b: Kommo-o|Protect|p1b: Kommo-o\n|-singleturn|p1b: Kommo-o|Protect\n|move|p2b: Raichu|Fake Out|p1a: Incineroar\n|-damage|p1a: Incineroar|95/100\n|cant|p1a: Incineroar|flinch\n|move|p2a: Weavile|Icicle Crash|p1b: Kommo-o\n|-activate|p1b: Kommo-o|move: Protect\n|\n|upkeep\n|turn|2\n|inactive|Watawa has 30 seconds left.\n|\n|t:|1788362647\n|switch|p1b: Metagross|Metagross, L50, shiny|100/100\n|move|p2b: Raichu|Zap Cannon|p1a: Incineroar\n|-damage|p1a: Incineroar|42/100\n|-status|p1a: Incineroar|par\n|-enditem|p1a: Incineroar|Sitrus Berry|[eat]\n|-heal|p1a: Incineroar|66/100 par|[from] item: Sitrus Berry\n|move|p2a: Weavile|Icicle Crash|p1b: Metagross\n|-resisted|p1b: Metagross|1\n|-damage|p1b: Metagross|86/100\n|move|p1a: Incineroar|Flare Blitz|p2a: Weavile\n|-supereffective|p2a: Weavile|1\n|-enditem|p2a: Weavile|Focus Sash\n|-damage|p2a: Weavile|1/100\n|-damage|p1a: Incineroar|43/100 par|[from] Recoil\n|\n|upkeep\n|turn|3\n|inactive|Watawa has 30 seconds left.\n|\n|t:|1788362673\n|move|p2b: Raichu|Protect|p2b: Raichu\n|-singleturn|p2b: Raichu|Protect\n|move|p1b: Metagross|Protect|p1b: Metagross\n|-singleturn|p1b: Metagross|Protect\n|move|p2a: Weavile|Knock Off|p1b: Metagross\n|-activate|p1b: Metagross|move: Protect\n|move|p1a: Incineroar|Flare Blitz|p2a: Weavile\n|-supereffective|p2a: Weavile|1\n|-damage|p2a: Weavile|0 fnt\n|faint|p2a: Weavile\n|-damage|p1a: Incineroar|42/100 par|[from] Recoil\n|\n|upkeep\n|\n|t:|1788362679\n|switch|p2a: Arcanine|Arcanine-Hisui, L50, F|100/100\n|turn|4\n|\n|t:|1788362702\n|switch|p1b: Whimsicott|Whimsicott, L50, F|100/100\n|move|p2a: Arcanine|Rock Slide|p1a: Incineroar|[spread] p1a,p1b\n|-supereffective|p1a: Incineroar|1\n|-damage|p1a: Incineroar|3/100 par\n|-damage|p1b: Whimsicott|65/100\n|move|p2b: Raichu|Zap Cannon|p1b: Whimsicott\n|-resisted|p1b: Whimsicott|1\n|-damage|p1b: Whimsicott|22/100\n|-status|p1b: Whimsicott|par\n|move|p1a: Incineroar|Flare Blitz|p2b: Raichu\n|-damage|p2b: Raichu|24/100\n|-damage|p1a: Incineroar|0 fnt|[from] Recoil\n|faint|p1a: Incineroar\n|\n|upkeep\n|\n|t:|1788362716\n|switch|p1a: Kommo-o|Kommo-o, L50, F, shiny|100/100\n|turn|5\n|\n|t:|1788362730\n|move|p1b: Whimsicott|Tailwind|p1b: Whimsicott\n|-sidestart|p1: Watawa|move: Tailwind\n|move|p1a: Kommo-o|Aura Sphere|p2b: Raichu\n|-damage|p2b: Raichu|0 fnt\n|faint|p2b: Raichu\n|-damage|p1a: Kommo-o|90/100|[from] item: Life Orb\n|move|p2a: Arcanine|Rock Slide|p1b: Whimsicott|[spread] p1a,p1b\n|-resisted|p1a: Kommo-o|1\n|-damage|p1a: Kommo-o|78/100\n|-damage|p1b: Whimsicott|0 fnt\n|faint|p1b: Whimsicott\n|\n|upkeep\n|\n|t:|1788362740\n|switch|p2b: Tsareena|Tsareena, L50, F|100/100\n|switch|p1b: Metagross|Metagross, L50, shiny|86/100\n|turn|6\n|\n|t:|1788362757\n|detailschange|p1b: Metagross|Metagross-Mega, L50, shiny\n|-mega|p1b: Metagross|Metagross|Metagrossite\n|move|p1b: Metagross|Psychic Fangs|p2b: Tsareena\n|-damage|p2b: Tsareena|36/100\n|move|p1a: Kommo-o|Clanging Scales|p2a: Arcanine|[spread] p2a,p2b\n|-damage|p2a: Arcanine|43/100\n|-damage|p2b: Tsareena|0 fnt\n|faint|p2b: Tsareena\n|-unboost|p1a: Kommo-o|def|1\n|-damage|p1a: Kommo-o|68/100|[from] item: Life Orb\n|move|p2a: Arcanine|Rock Slide|p1b: Metagross|[spread] p1a,p1b\n|-resisted|p1a: Kommo-o|1\n|-resisted|p1b: Metagross|1\n|-damage|p1a: Kommo-o|48/100\n|-damage|p1b: Metagross|76/100\n|\n|upkeep\n|turn|7\n|l|☆cippino3\n|inactive|cippino3 disconnected and has a minute to reconnect!\n|player|p2|\n|inactive|cippino3 has 30 seconds left.\n|inactive|cippino3 has 20 seconds left.\n|inactive|cippino3 has 15 seconds left.\n|j|☆cippino3\n|inactive|cippino3 reconnected and has 15 seconds left.\n|player|p2|cippino3|poppy|\n|inactive|cippino3 has 10 seconds left.\n|\n|t:|1788362806\n|move|p1b: Metagross|Stomping Tantrum|p2a: Arcanine\n|-supereffective|p2a: Arcanine|2\n|-damage|p2a: Arcanine|0 fnt\n|faint|p2a: Arcanine\n|\n|win|Watawa\n||Watawa is ready for game 2.\n||cippino3 is ready for game 2.\n|uhtml|next|Next: <a href=\"/battle-gen9championsvgc2026regmbbo3-2674463522\"><strong>Game 2 of 3</strong></a>\n","uploadtime":1788362811,"views":"4","formatid":"gen9championsvgc2026regmbbo3","rating":null,"private":0,"password":null}