{"id":"gen9championsvgc2026regmbbo3-2674751300","format":"[Gen 9 Champions] VGC 2026 Reg M-B (Bo3)","players":["random_gibus","abadanriyi92"],"log":"|j|☆random_gibus\n|j|☆abadanriyi92\n|html|<table width=\"100%\"><tr><td align=\"left\">random_gibus</td><td align=\"right\">abadanriyi92</tr><tr><td align=\"left\"><i class=\"fa fa-circle\"></i> <i class=\"fa fa-circle-o\"></i> </td><td align=\"right\"><i class=\"fa fa-circle-o\"></i> <i class=\"fa fa-circle\"></i> </tr></table>\n|uhtml|bestof|<h2><strong>Game 3</strong> of <a href=\"/game-bestof3-gen9championsvgc2026regmbbo3-2674747461\">a best-of-3</a></h2>\n|t:|1788400501\n|gametype|doubles\n|player|p1|random_gibus|169|1309\n|player|p2|abadanriyi92|colress|1335\n|gen|9\n|tier|[Gen 9 Champions] VGC 2026 Reg M-B (Bo3)\n|rated|\n|rule|Species Clause: Limit one of each Pokémon\n|rule|Item Clause: Limit 1 of each item\n|clearpoke\n|poke|p1|Dragalge, L50, F|\n|poke|p1|Incineroar, L50, M|\n|poke|p1|Kingambit, L50, F|\n|poke|p1|Sinistcha, L50|\n|poke|p1|Garchomp, L50, F|\n|poke|p1|Farigiraf, L50, F|\n|poke|p2|Gengar, L50, M|\n|poke|p2|Swampert, L50, M|\n|poke|p2|Incineroar, L50, F|\n|poke|p2|Politoed, L50, F|\n|poke|p2|Archaludon, L50, F|\n|poke|p2|Vivillon, L50, M|\n|teampreview|4\n|showteam|p1|Dragalge||Dragalgite|Adaptability|Protect,SludgeBomb,DracoMeteor,FocusBlast|Modest||F|||50|]Incineroar||SitrusBerry|Intimidate|FakeOut,FlareBlitz,ThroatChop,PartingShot|Impish||M|||50|]Kingambit||BlackGlasses|Defiant|SuckerPunch,KowtowCleave,LowKick,Protect|Adamant||F|||50|]Sinistcha||OccaBerry|Hospitality|MatchaGotcha,RagePowder,TrickRoom,Protect|Relaxed|||||50|]Garchomp||ChoiceScarf|RoughSkin|StompingTantrum,DragonClaw,RockSlide,IronHead|Jolly||F|||50|]Farigiraf||ColburBerry|ArmorTail|TwinBeam,TrickRoom,Protect,HyperVoice|Relaxed||F|||50|\n|showteam|p2|Gengar||Gengarite|CursedBody|ShadowBall,PerishSong,SludgeBomb,Protect|Timid||M|||50|]Swampert||Swampertite|Torrent|WaveCrash,Earthquake,IcePunch,Protect|Adamant||M|||50|]Incineroar||PasshoBerry|Intimidate|ThroatChop,PartingShot,FakeOut,Protect|Sassy||F|||50|]Politoed||SitrusBerry|Drizzle|WeatherBall,PerishSong,Encore,Protect|Calm||F|||50|]Archaludon||Leftovers|Stamina|DragonPulse,FlashCannon,ElectroShot,Protect|Bold||F|||50|]Vivillon||FocusSash|CompoundEyes|Hurricane,SleepPowder,RagePowder,Protect|Timid||M|||50|\n|\n|t:|1788400537\n|teamsize|p1|4\n|teamsize|p2|4\n|start\n|switch|p1a: Garchomp|Garchomp, L50, F|100/100\n|switch|p1b: Sinistcha|Sinistcha, L50|100/100\n|switch|p2a: Gengar|Gengar, L50, M|100/100\n|switch|p2b: Vivillon|Vivillon, L50, M|100/100\n|turn|1\n|\n|t:|1788400563\n|detailschange|p2a: Gengar|Gengar-Mega, L50, M\n|-mega|p2a: Gengar|Gengar|Gengarite\n|move|p2a: Gengar|Protect|p2a: Gengar\n|-singleturn|p2a: Gengar|Protect\n|move|p2b: Vivillon|Protect|p2b: Vivillon\n|-singleturn|p2b: Vivillon|Protect\n|move|p1b: Sinistcha|Rage Powder|p1b: Sinistcha\n|-singleturn|p1b: Sinistcha|move: Rage Powder\n|move|p1a: Garchomp|Stomping Tantrum|p2a: Gengar\n|-activate|p2a: Gengar|move: Protect\n|\n|upkeep\n|turn|2\n|\n|t:|1788400580\n|move|p2b: Vivillon|Rage Powder|p2b: Vivillon\n|-singleturn|p2b: Vivillon|move: Rage Powder\n|move|p1b: Sinistcha|Rage Powder|p1b: Sinistcha\n|-singleturn|p1b: Sinistcha|move: Rage Powder\n|move|p1a: Garchomp|Stomping Tantrum|p2b: Vivillon\n|-immune|p2b: Vivillon\n|move|p2a: Gengar|Shadow Ball|p1b: Sinistcha\n|-supereffective|p1b: Sinistcha|1\n|-crit|p1b: Sinistcha\n|-damage|p1b: Sinistcha|0 fnt\n|faint|p1b: Sinistcha\n|\n|upkeep\n|c|☆random_gibus|oh\n|c|☆random_gibus|im a moron\n|c|☆abadanriyi92|yeah lol\n|\n|t:|1788400595\n|switch|p1b: Kingambit|Kingambit, L50, F|100/100\n|turn|3\n|c|☆abadanriyi92|but it happens\n|c|☆abadanriyi92|xD\n|c|☆abadanriyi92|i have fake out farig many times lol\n|c|☆random_gibus|I just spent like 2 hours workshopping this team\n|\n|t:|1788400636\n|move|p2a: Gengar|Protect|p2a: Gengar\n|-singleturn|p2a: Gengar|Protect\n|move|p1a: Garchomp|Stomping Tantrum|p2a: Gengar\n|-activate|p2a: Gengar|move: Protect\n|move|p2b: Vivillon|Sleep Powder|p1b: Kingambit\n|-status|p1b: Kingambit|slp|[from] move: Sleep Powder\n|cant|p1b: Kingambit|slp\n|\n|upkeep\n|turn|4\n|\n|t:|1788400649\n|switch|p2a: Archaludon|Archaludon, L50, F|100/100\n|move|p2b: Vivillon|Rage Powder|p2b: Vivillon\n|-singleturn|p2b: Vivillon|move: Rage Powder\n|move|p1a: Garchomp|Stomping Tantrum|p2b: Vivillon\n|-immune|p2b: Vivillon\n|-curestatus|p1b: Kingambit|slp|[msg]\n|move|p1b: Kingambit|Kowtow Cleave|p2b: Vivillon\n|-enditem|p2b: Vivillon|Focus Sash\n|-damage|p2b: Vivillon|1/100\n|\n|upkeep\n|turn|5\n|\n|t:|1788400684\n|move|p1b: Kingambit|Protect|p1b: Kingambit\n|-singleturn|p1b: Kingambit|Protect\n|move|p1a: Garchomp|Stomping Tantrum|p2a: Archaludon\n|-supereffective|p2a: Archaludon|1\n|-damage|p2a: Archaludon|0 fnt\n|faint|p2a: Archaludon\n|move|p2b: Vivillon|Sleep Powder|p1b: Kingambit\n|-activate|p1b: Kingambit|move: Protect\n|\n|upkeep\n|c|☆abadanriyi92|what? jolly garchomp oneshot me? didnt see that coming\n|c|☆abadanriyi92|ahhh it got double powe\n|c|☆abadanriyi92|now im stupid lol\n|\n|t:|1788400719\n|switch|p2a: Gengar|Gengar-Mega, L50, M|100/100\n|turn|6\n|\n|t:|1788400731\n|move|p2a: Gengar|Protect|p2a: Gengar\n|-singleturn|p2a: Gengar|Protect\n|move|p1a: Garchomp|Stomping Tantrum|p2a: Gengar\n|-activate|p2a: Gengar|move: Protect\n|move|p2b: Vivillon|Sleep Powder|p1b: Kingambit\n|-status|p1b: Kingambit|slp|[from] move: Sleep Powder\n|cant|p1b: Kingambit|slp\n|\n|upkeep\n|turn|7\n|\n|t:|1788400743\n|move|p2b: Vivillon|Rage Powder|p2b: Vivillon\n|-singleturn|p2b: Vivillon|move: Rage Powder\n|move|p1a: Garchomp|Stomping Tantrum|p2b: Vivillon\n|-immune|p2b: Vivillon\n|move|p2a: Gengar|Perish Song|p2a: Gengar\n|-start|p1a: Garchomp|perish3|[silent]\n|-start|p1b: Kingambit|perish3|[silent]\n|-start|p2a: Gengar|perish3|[silent]\n|-start|p2b: Vivillon|perish3|[silent]\n|-fieldactivate|move: Perish Song\n|cant|p1b: Kingambit|slp\n|\n|-start|p1a: Garchomp|perish3\n|-start|p2a: Gengar|perish3\n|-start|p2b: Vivillon|perish3\n|-start|p1b: Kingambit|perish3\n|upkeep\n|turn|8\n|\n|t:|1788400769\n|move|p2a: Gengar|Protect|p2a: Gengar\n|-singleturn|p2a: Gengar|Protect\n|move|p1a: Garchomp|Stomping Tantrum|p2a: Gengar\n|-activate|p2a: Gengar|move: Protect\n|move|p2b: Vivillon|Sleep Powder|p1a: Garchomp\n|-status|p1a: Garchomp|slp|[from] move: Sleep Powder\n|-curestatus|p1b: Kingambit|slp|[msg]\n|move|p1b: Kingambit|Kowtow Cleave|p2b: Vivillon\n|-damage|p2b: Vivillon|0 fnt\n|faint|p2b: Vivillon\n|\n|-start|p1a: Garchomp|perish2\n|-start|p2a: Gengar|perish2\n|-start|p1b: Kingambit|perish2\n|upkeep\n|\n|t:|1788400785\n|switch|p2b: Politoed|Politoed, L50, F|100/100\n|-weather|RainDance|[from] ability: Drizzle|[of] p2b: Politoed\n|turn|9\n|c|☆random_gibus|honestly, i don't hate my odds\n|\n|t:|1788400812\n|move|p2a: Gengar|Protect||[still]\n|-fail|p2a: Gengar\n|move|p2b: Politoed|Protect|p2b: Politoed\n|-singleturn|p2b: Politoed|Protect\n|cant|p1a: Garchomp|slp\n|move|p1b: Kingambit|Kowtow Cleave|p2a: Gengar\n|-supereffective|p2a: Gengar|1\n|-damage|p2a: Gengar|0 fnt\n|faint|p2a: Gengar\n|\n|-weather|RainDance|[upkeep]\n|-start|p1a: Garchomp|perish1\n|-start|p1b: Kingambit|perish1\n|upkeep\n|turn|10\n|c|☆abadanriyi92|yeah, i threw that turn with the tantrum into arch\n|\n|t:|1788400829\n|switch|p1a: Dragalge|Dragalge, L50, F|100/100\n|move|p2b: Politoed|Protect||[still]\n|-fail|p2b: Politoed\n|move|p1b: Kingambit|Kowtow Cleave|p2b: Politoed\n|-damage|p2b: Politoed|49/100\n|-enditem|p2b: Politoed|Sitrus Berry|[eat]\n|-heal|p2b: Politoed|74/100|[from] item: Sitrus Berry\n|\n|-weather|RainDance|[upkeep]\n|-start|p1b: Kingambit|perish0\n|upkeep\n|faint|p1b: Kingambit\n|c|☆abadanriyi92|ggs\n|c|☆random_gibus|gg\n|\n|t:|1788400840\n|switch|p1b: Garchomp|Garchomp, L50, F|100/100 slp\n|turn|11\n|-message|abadanriyi92 forfeited.\n|\n|win|random_gibus\n|raw|random_gibus's rating: 1309 &rarr; <strong>1330</strong><br />(+21 for winning)\n|raw|abadanriyi92's rating: 1335 &rarr; <strong>1314</strong><br />(-21 for losing)\n","uploadtime":1788400850,"views":"1","formatid":"gen9championsvgc2026regmbbo3","rating":1314,"private":0,"password":null}