{"id":"gen9championsvgc2026regmb-2674484259","format":"[Gen 9 Champions] VGC 2026 Reg M-B","players":["Quaaloods","TheCheckMatt"],"log":"|j|☆Quaaloods\n|j|☆TheCheckMatt\n|t:|1788365239\n|gametype|doubles\n|player|p1|Quaaloods|petrel|1286\n|player|p2|TheCheckMatt|265|1232\n|gen|9\n|tier|[Gen 9 Champions] VGC 2026 Reg M-B\n|rated|\n|rule|Species Clause: Limit one of each Pokémon\n|rule|Item Clause: Limit 1 of each item\n|clearpoke\n|poke|p1|Ceruledge, L50, M|\n|poke|p1|Farigiraf, L50, F|\n|poke|p1|Sinistcha, L50|\n|poke|p1|Floette-Eternal, L50, F|\n|poke|p1|Incineroar, L50, M|\n|poke|p1|Golurk, L50|\n|poke|p2|Grimmsnarl, L50, M|\n|poke|p2|Gholdengo, L50|\n|poke|p2|Zoroark-Hisui, L50, M|\n|poke|p2|Maushold, L50|\n|poke|p2|Annihilape, L50, F|\n|poke|p2|Kingambit, L50, M|\n|teampreview|4\n|\n|t:|1788365322\n|teamsize|p1|4\n|teamsize|p2|4\n|start\n|switch|p1a: Télétubbies|Farigiraf, L50, F|100/100\n|switch|p1b: Hiroshima|Floette-Eternal, L50, F|100/100\n|switch|p2a: Kingambit|Kingambit, L50, M|100/100\n|switch|p2b: Maushold|Maushold, L50|100/100\n|turn|1\n|c|☆Quaaloods|reveal yourself, trickster!\n|\n|t:|1788365342\n|detailschange|p1b: Hiroshima|Floette-Mega, L50, F\n|-mega|p1b: Hiroshima|Floette|Floettite\n|-ability|p1b: Hiroshima|Fairy Aura\n|move|p1a: Télétubbies|Helping Hand|p1b: Hiroshima\n|-singleturn|p1b: Hiroshima|Helping Hand|[of] p1a: Télétubbies\n|move|p2b: Maushold|Super Fang|p1b: Hiroshima\n|-damage|p1b: Hiroshima|50/100g\n|move|p1b: Hiroshima|Dazzling Gleam|p2a: Kingambit|[spread] p2a,p2b\n|-damage|p2a: Kingambit|50/100g\n|-damage|p2b: Maushold|18/100\n|-enditem|p2b: Maushold|Sitrus Berry|[eat]\n|-heal|p2b: Maushold|43/100|[from] item: Sitrus Berry\n|move|p2a: Kingambit|Iron Head|p1b: Hiroshima\n|-supereffective|p1b: Hiroshima|1\n|-damage|p1b: Hiroshima|0 fnt\n|faint|p1b: Hiroshima\n|-damage|p2a: Kingambit|41/100|[from] item: Life Orb\n|\n|upkeep\n|c|☆Quaaloods|No Zoroark\n|c|☆Quaaloods|dang\n|\n|t:|1788365376\n|switch|p1b: Deus Vult|Ceruledge, L50, M|100/100\n|turn|2\n|c|☆TheCheckMatt|Nope lol\n|\n|t:|1788365387\n|move|p2b: Maushold|Follow Me|p2b: Maushold\n|-singleturn|p2b: Maushold|move: Follow Me\n|move|p1b: Deus Vult|Close Combat|p2b: Maushold\n|-supereffective|p2b: Maushold|1\n|-damage|p2b: Maushold|0 fnt\n|-unboost|p1b: Deus Vult|def|1\n|-unboost|p1b: Deus Vult|spd|1\n|faint|p2b: Maushold\n|move|p2a: Kingambit|Kowtow Cleave|p1b: Deus Vult\n|-supereffective|p1b: Deus Vult|1\n|-enditem|p1b: Deus Vult|Focus Sash\n|-damage|p1b: Deus Vult|1/100\n|-damage|p2a: Kingambit|31/100|[from] item: Life Orb\n|move|p1a: Télétubbies|Trick Room|p1a: Télétubbies\n|-fieldstart|move: Trick Room|[of] p1a: Télétubbies\n|\n|upkeep\n|\n|t:|1788365405\n|switch|p2b: Annihilape|Annihilape, L50, F|100/100\n|turn|3\n|\n|t:|1788365427\n|switch|p2a: Annihilape|Annihilape, L50, F|100/100\n|move|p1a: Télétubbies|Ally Switch|p1a: Télétubbies\n|swap|p1a: Télétubbies|1|[from] move: Ally Switch\n|move|p1a: Deus Vult|Close Combat|p2a: Annihilape\n|-immune|p2a: Annihilape\n|move|p2b: Annihilape|Shadow Ball|p1b: Télétubbies\n|-immune|p1b: Télétubbies\n|\n|upkeep\n|turn|4\n|c|☆Quaaloods|:O\n|c|☆TheCheckMatt|Oops\n|c|☆TheCheckMatt|Disguised\n|\n|t:|1788365486\n|move|p1a: Deus Vult|Protect|p1a: Deus Vult\n|-singleturn|p1a: Deus Vult|Protect\n|move|p1b: Télétubbies|Psychic Noise|p2a: Annihilape\n|-supereffective|p2a: Annihilape|1\n|-damage|p2a: Annihilape|63/100\n|-start|p2a: Annihilape|move: Heal Block\n|move|p2a: Annihilape|Rage Fist|p1a: Deus Vult\n|-activate|p1a: Deus Vult|move: Protect\n|move|p2b: Annihilape|Shadow Ball|p1b: Télétubbies\n|-immune|p1b: Télétubbies\n|\n|upkeep\n|turn|5\n|\n|t:|1788365537\n|move|p2a: Annihilape|Protect|p2a: Annihilape\n|-singleturn|p2a: Annihilape|Protect\n|move|p2b: Annihilape|Protect|p2b: Annihilape\n|-singleturn|p2b: Annihilape|Protect\n|move|p1a: Deus Vult|Shadow Sneak|p2a: Annihilape\n|-activate|p2a: Annihilape|move: Protect\n|move|p1b: Télétubbies|Psychic Noise|p2a: Annihilape\n|-activate|p2a: Annihilape|move: Protect\n|\n|-end|p2a: Annihilape|move: Heal Block\n|upkeep\n|turn|6\n|\n|t:|1788365572\n|switch|p2a: Kingambit|Kingambit, L50, M|31/100\n|move|p1b: Télétubbies|Ally Switch|p1b: Télétubbies\n|swap|p1b: Télétubbies|0|[from] move: Ally Switch\n|move|p1b: Deus Vult|Close Combat|p2a: Kingambit\n|-supereffective|p2a: Kingambit|2\n|-damage|p2a: Kingambit|0 fnt\n|-unboost|p1b: Deus Vult|def|1\n|-unboost|p1b: Deus Vult|spd|1\n|faint|p2a: Kingambit\n|move|p2b: Annihilape|Shadow Ball|p1b: Deus Vult\n|-supereffective|p1b: Deus Vult|1\n|-damage|p1b: Deus Vult|0 fnt\n|faint|p1b: Deus Vult\n|\n|-fieldend|move: Trick Room\n|upkeep\n|c|☆TheCheckMatt|Double predict\n|c|☆TheCheckMatt|Nice play\n|\n|t:|1788365590\n|switch|p1b: Incineroar|Incineroar, L50, M|100/100\n|switch|p2a: Annihilape|Annihilape, L50, F|63/100\n|-ability|p1b: Incineroar|Intimidate|boost\n|-unboost|p2a: Annihilape|atk|1\n|-ability|p2a: Annihilape|Defiant|boost\n|-boost|p2a: Annihilape|atk|2\n|-unboost|p2b: Annihilape|atk|1\n|turn|7\n|c|☆Quaaloods|u2\n|c|☆TheCheckMatt|Thanks mate\n|\n|t:|1788365610\n|move|p2b: Annihilape|Hyper Voice|p1b: Incineroar|[spread] p1a,p1b\n|-damage|p1a: Télétubbies|69/100\n|-damage|p1b: Incineroar|74/100\n|move|p2a: Annihilape|Drain Punch|p1b: Incineroar\n|-supereffective|p1b: Incineroar|1\n|-enditem|p1b: Incineroar|Chople Berry|[eat]\n|-enditem|p1b: Incineroar|Chople Berry|[weaken]\n|-damage|p1b: Incineroar|40/100\n|-heal|p2a: Annihilape|79/100|[from] drain|[of] p1b: Incineroar\n|move|p1b: Incineroar|Flare Blitz|p2a: Annihilape\n|-damage|p2a: Annihilape|40/100\n|-damage|p1b: Incineroar|26/100|[from] Recoil\n|move|p1a: Télétubbies|Psychic Noise|p2a: Annihilape\n|-supereffective|p2a: Annihilape|1\n|-damage|p2a: Annihilape|1/100\n|-start|p2a: Annihilape|move: Heal Block\n|\n|upkeep\n|turn|8\n|\n|t:|1788365635\n|move|p2a: Annihilape|Protect|p2a: Annihilape\n|-singleturn|p2a: Annihilape|Protect\n|move|p2b: Annihilape|Hyper Voice|p1a: Télétubbies|[spread] p1a,p1b\n|-damage|p1a: Télétubbies|36/100\n|-damage|p1b: Incineroar|1/100\n|-enditem|p1a: Télétubbies|Sitrus Berry|[eat]\n|-heal|p1a: Télétubbies|60/100|[from] item: Sitrus Berry\n|move|p1a: Télétubbies|Psychic Noise|p2a: Annihilape\n|-activate|p2a: Annihilape|move: Protect\n|move|p1b: Incineroar|Darkest Lariat|p2b: Annihilape\n|-supereffective|p2b: Annihilape|1\n|-enditem|p2b: Annihilape|Focus Sash\n|-damage|p2b: Annihilape|1/100\n|replace|p2b: Zoroark|Zoroark-Hisui, L50, M\n|-end|p2b: Zoroark|Illusion\n|\n|-end|p2a: Annihilape|move: Heal Block\n|upkeep\n|turn|9\n|\n|t:|1788365665\n|move|p2b: Zoroark|Hyper Voice|p1b: Incineroar|[spread] p1a,p1b\n|-damage|p1a: Télétubbies|31/100\n|-damage|p1b: Incineroar|0 fnt\n|faint|p1b: Incineroar\n|move|p2a: Annihilape|Drain Punch|p1a: Télétubbies\n|-damage|p1a: Télétubbies|0 fnt\n|-heal|p2a: Annihilape|17/100|[from] drain|[of] p1a: Télétubbies\n|faint|p1a: Télétubbies\n|\n|win|TheCheckMatt\n|raw|Quaaloods's rating: 1286 &rarr; <strong>1257</strong><br />(-29 for losing)\n|raw|TheCheckMatt's rating: 1232 &rarr; <strong>1261</strong><br />(+29 for winning)\n|c|☆TheCheckMatt|gg wp\n|c|☆Quaaloods|gg\n","uploadtime":1788365674,"views":"1","formatid":"gen9championsvgc2026regmb","rating":1257,"private":0,"password":null}