{"id":"gen9championsvgc2026regmb-2674638081","format":"[Gen 9 Champions] VGC 2026 Reg M-B","players":["esonkwah","Buggy00k"],"log":"|j|☆esonkwah\n|j|☆Buggy00k\n|t:|1788383476\n|gametype|doubles\n|player|p1|esonkwah|cynthia|1317\n|player|p2|Buggy00k|101|1366\n|gen|9\n|tier|[Gen 9 Champions] VGC 2026 Reg M-B\n|rated|\n|rule|Species Clause: Limit one of each Pokémon\n|rule|Item Clause: Limit 1 of each item\n|clearpoke\n|poke|p1|Sinistcha, L50|\n|poke|p1|Altaria, L50, M|\n|poke|p1|Incineroar, L50, M|\n|poke|p1|Sneasler, L50, M|\n|poke|p1|Lucario, L50, F|\n|poke|p1|Milotic, L50, F|\n|poke|p2|Delphox, L50, F, shiny|\n|poke|p2|Garchomp, L50, M|\n|poke|p2|Floette-Eternal, L50, F|\n|poke|p2|Incineroar, L50, M|\n|poke|p2|Sinistcha, L50|\n|poke|p2|Sneasler, L50, M|\n|teampreview|4\n|inactive|Battle timer is ON: inactive players will automatically lose when time's up. (requested by esonkwah)\n|\n|t:|1788383505\n|teamsize|p1|4\n|teamsize|p2|4\n|start\n|switch|p1a: Lucario|Lucario, L50, F|100/100\n|switch|p1b: Sneasler|Sneasler, L50, M|100/100\n|switch|p2a: Floette|Floette-Eternal, L50, F|100/100\n|switch|p2b: Sneasler|Sneasler, L50, M|100/100\n|turn|1\n|c|☆Buggy00k|glhf\n|c|☆esonkwah|u2\n|\n|t:|1788383527\n|detailschange|p2a: Floette|Floette-Mega, L50, F\n|-mega|p2a: Floette|Floette|Floettite\n|-ability|p2a: Floette|Fairy Aura\n|detailschange|p1a: Lucario|Lucario-Mega, L50, F\n|-mega|p1a: Lucario|Lucario|Lucarionite\n|move|p2a: Floette|Protect|p2a: Floette\n|-singleturn|p2a: Floette|Protect\n|move|p1b: Sneasler|Fake Out|p2b: Sneasler\n|-damage|p2b: Sneasler|75/100\n|cant|p2b: Sneasler|flinch\n|move|p1a: Lucario|Meteor Mash|p2a: Floette\n|-activate|p2a: Floette|move: Protect\n|\n|upkeep\n|turn|2\n|\n|t:|1788383549\n|switch|p1a: Milotic|Milotic, L50, F|100/100\n|switch|p2a: Incineroar|Incineroar, L50, M|100/100\n|-ability|p2a: Incineroar|Intimidate|boost\n|-unboost|p1a: Milotic|atk|1\n|-ability|p1a: Milotic|Competitive|boost\n|-boost|p1a: Milotic|spa|2\n|-unboost|p1b: Sneasler|atk|1\n|-enditem|p1b: Sneasler|White Herb\n|-clearnegativeboost|p1b: Sneasler|[silent]\n|move|p1b: Sneasler|Dire Claw|p2a: Incineroar\n|-damage|p2a: Incineroar|66/100\n|-status|p2a: Incineroar|slp\n|move|p2b: Sneasler|Close Combat|p1a: Milotic\n|-damage|p1a: Milotic|25/100\n|-unboost|p2b: Sneasler|def|1\n|-unboost|p2b: Sneasler|spd|1\n|\n|-heal|p1a: Milotic|31/100|[from] item: Leftovers\n|upkeep\n|turn|3\n|c|☆Buggy00k|good play\n|c|☆esonkwah|thanks\n|inactive|Buggy00k has 30 seconds left.\n|inactive|Buggy00k has 20 seconds left.\n|\n|t:|1788383585\n|switch|p2a: Sinistcha|Sinistcha, L50|100/100\n|-heal|p2b: Sneasler|100/100|[from] ability: Hospitality|[of] p2a: Sinistcha\n|move|p1a: Milotic|Protect|p1a: Milotic\n|-singleturn|p1a: Milotic|Protect\n|move|p1b: Sneasler|Close Combat|p2b: Sneasler\n|-resisted|p2b: Sneasler|1\n|-damage|p2b: Sneasler|19/100\n|-unboost|p1b: Sneasler|def|1\n|-unboost|p1b: Sneasler|spd|1\n|move|p2b: Sneasler|Poison Jab|p1a: Milotic\n|-activate|p1a: Milotic|move: Protect\n|\n|-heal|p1a: Milotic|37/100|[from] item: Leftovers\n|upkeep\n|turn|4\n|\n|t:|1788383607\n|move|p2a: Sinistcha|Rage Powder|p2a: Sinistcha\n|-singleturn|p2a: Sinistcha|move: Rage Powder\n|move|p1b: Sneasler|Dire Claw|p2a: Sinistcha\n|-damage|p2a: Sinistcha|64/100\n|move|p2b: Sneasler|Close Combat|p1a: Milotic\n|-damage|p1a: Milotic|0 fnt\n|-unboost|p2b: Sneasler|def|1\n|-unboost|p2b: Sneasler|spd|1\n|faint|p1a: Milotic\n|\n|upkeep\n|\n|t:|1788383610\n|switch|p1a: Lucario|Lucario-Mega, L50, F|100/100\n|turn|5\n|inactive|Buggy00k has 30 seconds left.\n|\n|t:|1788383636\n|switch|p2b: Incineroar|Incineroar, L50, M|66/100 slp\n|-ability|p2b: Incineroar|Intimidate|boost\n|-unboost|p1a: Lucario|atk|1\n|-unboost|p1b: Sneasler|atk|1\n|move|p1a: Lucario|Bullet Punch|p2b: Incineroar\n|-resisted|p2b: Incineroar|1\n|-damage|p2b: Incineroar|57/100 slp\n|move|p1b: Sneasler|Dire Claw|p2a: Sinistcha\n|-damage|p2a: Sinistcha|42/100\n|move|p2a: Sinistcha|Trick Room|p2a: Sinistcha\n|-fieldstart|move: Trick Room|[of] p2a: Sinistcha\n|\n|upkeep\n|turn|6\n|\n|t:|1788383658\n|cant|p2b: Incineroar|slp\n|move|p2a: Sinistcha|Matcha Gotcha|p1a: Lucario|[spread] p1a,p1b\n|-resisted|p1a: Lucario|1\n|-resisted|p1b: Sneasler|1\n|-damage|p1a: Lucario|80/100\n|-heal|p2a: Sinistcha|50/100g|[from] drain|[of] p1a: Lucario\n|-damage|p1b: Sneasler|75/100\n|-heal|p2a: Sinistcha|61/100|[from] drain|[of] p1b: Sneasler\n|-status|p1a: Lucario|brn\n|move|p1a: Lucario|Close Combat|p2b: Incineroar\n|-supereffective|p2b: Incineroar|1\n|-damage|p2b: Incineroar|7/100 slp\n|-unboost|p1a: Lucario|def|1\n|-unboost|p1a: Lucario|spd|1\n|-enditem|p2b: Incineroar|Sitrus Berry|[eat]\n|-heal|p2b: Incineroar|32/100 slp|[from] item: Sitrus Berry\n|move|p1b: Sneasler|Dire Claw|p2a: Sinistcha\n|-damage|p2a: Sinistcha|35/100\n|\n|-damage|p1a: Lucario|74/100 brn|[from] brn\n|upkeep\n|turn|7\n|c|☆esonkwah|oof\n|inactive|Buggy00k has 30 seconds left.\n|\n|t:|1788383692\n|-curestatus|p2b: Incineroar|slp|[msg]\n|move|p2b: Incineroar|Throat Chop|p1b: Sneasler\n|-resisted|p1b: Sneasler|1\n|-damage|p1b: Sneasler|37/100\n|-start|p1b: Sneasler|Throat Chop|[silent]\n|move|p2a: Sinistcha|Matcha Gotcha|p1b: Sneasler|[spread] p1a\n|-miss|p2a: Sinistcha|p1b: Sneasler\n|-resisted|p1a: Lucario|1\n|-damage|p1a: Lucario|47/100 brn\n|-heal|p2a: Sinistcha|47/100|[from] drain|[of] p1a: Lucario\n|move|p1a: Lucario|Meteor Mash|p2a: Sinistcha\n|-damage|p2a: Sinistcha|28/100\n|move|p1b: Sneasler|Close Combat|p2b: Incineroar\n|-supereffective|p2b: Incineroar|1\n|-crit|p2b: Incineroar\n|-damage|p2b: Incineroar|0 fnt\n|-unboost|p1b: Sneasler|def|1\n|-unboost|p1b: Sneasler|spd|1\n|faint|p2b: Incineroar\n|\n|-damage|p1a: Lucario|41/100 brn|[from] brn\n|upkeep\n|\n|t:|1788383711\n|switch|p2b: Floette|Floette-Mega, L50, F|100/100\n|-ability|p2b: Floette|Fairy Aura\n|turn|8\n|c|☆esonkwah|thats probably gg\n|\n|t:|1788383728\n|move|p2a: Sinistcha|Rage Powder|p2a: Sinistcha\n|-singleturn|p2a: Sinistcha|move: Rage Powder\n|move|p1a: Lucario|Bullet Punch|p2a: Sinistcha\n|-damage|p2a: Sinistcha|19/100\n|move|p2b: Floette|Moonblast|p1b: Sneasler\n|-damage|p1b: Sneasler|0 fnt\n|faint|p1b: Sneasler\n|\n|-damage|p1a: Lucario|35/100 brn|[from] brn\n|upkeep\n|\n|t:|1788383737\n|switch|p1b: Sinistcha|Sinistcha, L50|100/100\n|-heal|p1a: Lucario|59/100 brn|[from] ability: Hospitality|[of] p1b: Sinistcha\n|turn|9\n|c|☆Buggy00k|yeah probably\n|c|☆esonkwah|shoulda taunted sinistcha\n|\n|t:|1788383761\n|move|p1b: Sinistcha|Rage Powder|p1b: Sinistcha\n|-singleturn|p1b: Sinistcha|move: Rage Powder\n|move|p2a: Sinistcha|Rage Powder|p2a: Sinistcha\n|-singleturn|p2a: Sinistcha|move: Rage Powder\n|move|p2b: Floette|Calm Mind|p2b: Floette\n|-boost|p2b: Floette|spa|1\n|-boost|p2b: Floette|spd|1\n|move|p1a: Lucario|Meteor Mash|p2a: Sinistcha\n|-crit|p2a: Sinistcha\n|-damage|p2a: Sinistcha|0 fnt\n|faint|p2a: Sinistcha\n|\n|-damage|p1a: Lucario|53/100 brn|[from] brn\n|-fieldend|move: Trick Room\n|upkeep\n|c|☆esonkwah|i just didnt expect the trickroom\n|\n|t:|1788383772\n|switch|p2a: Sneasler|Sneasler, L50, M|19/100\n|turn|10\n|c|☆Buggy00k|yeah it was a spark of the moment decision\n|\n|t:|1788383792\n|move|p2a: Sneasler|Fake Out|p1a: Lucario\n|-resisted|p1a: Lucario|1\n|-damage|p1a: Lucario|40/100 brn\n|move|p1b: Sinistcha|Rage Powder|p1b: Sinistcha\n|-singleturn|p1b: Sinistcha|move: Rage Powder\n|cant|p1a: Lucario|flinch\n|move|p2b: Floette|Moonblast|p1b: Sinistcha\n|-enditem|p1b: Sinistcha|Focus Sash\n|-damage|p1b: Sinistcha|1/100\n|\n|-damage|p1a: Lucario|34/100 brn|[from] brn\n|upkeep\n|turn|11\n|c|☆esonkwah|mine certainly doesnt run trick room\n|\n|t:|1788383808\n|move|p1b: Sinistcha|Rage Powder|p1b: Sinistcha\n|-singleturn|p1b: Sinistcha|move: Rage Powder\n|move|p2a: Sneasler|Poison Jab|p1b: Sinistcha\n|-damage|p1b: Sinistcha|0 fnt\n|faint|p1b: Sinistcha\n|move|p1a: Lucario|Meteor Mash|p2b: Floette\n|-supereffective|p2b: Floette|1\n|-damage|p2b: Floette|53/100\n|move|p2b: Floette|Moonblast|p1a: Lucario\n|-crit|p1a: Lucario\n|-damage|p1a: Lucario|0 fnt\n|faint|p1a: Lucario\n|\n|win|Buggy00k\n|raw|esonkwah's rating: 1317 &rarr; <strong>1300</strong><br />(-17 for losing)\n|raw|Buggy00k's rating: 1366 &rarr; <strong>1383</strong><br />(+17 for winning)\n|l|☆esonkwah\n|player|p1|\n|c|☆Buggy00k|its just to have a form of speed control\n","uploadtime":1788383829,"views":"2","formatid":"gen9championsvgc2026regmb","rating":1300,"private":0,"password":null}