{"id":"gen9championsvgc2026regmb-2674703066","format":"[Gen 9 Champions] VGC 2026 Reg M-B","players":["thejapbir","StinkyTroglodyte"],"log":"|j|☆thejapbir\n|j|☆StinkyTroglodyte\n|t:|1788393003\n|gametype|doubles\n|player|p1|thejapbir|101|1335\n|player|p2|StinkyTroglodyte|1|1257\n|gen|9\n|tier|[Gen 9 Champions] VGC 2026 Reg M-B\n|rated|\n|rule|Species Clause: Limit one of each Pokémon\n|rule|Item Clause: Limit 1 of each item\n|clearpoke\n|poke|p1|Froslass, L50, F|\n|poke|p1|Kingambit, L50, F|\n|poke|p1|Sneasler, L50, F|\n|poke|p1|Basculegion, L50, M|\n|poke|p1|Whimsicott, L50, M|\n|poke|p1|Raichu, L50, F|\n|poke|p2|Lucario, L50, M|\n|poke|p2|Kleavor, L50, F|\n|poke|p2|Talonflame, L50, F|\n|poke|p2|Sableye, L50, M|\n|poke|p2|Greninja, L50, M|\n|poke|p2|Incineroar, L50, M|\n|teampreview|4\n|inactive|Battle timer is ON: inactive players will automatically lose when time's up. (requested by thejapbir)\n|c|☆thejapbir|hmm\n|c|☆thejapbir|cool team\n|inactive|thejapbir has 60 seconds left.\n|\n|t:|1788393036\n|teamsize|p1|4\n|teamsize|p2|4\n|start\n|switch|p1a: Basculegion|Basculegion, L50, M|100/100\n|switch|p1b: Raichu|Raichu, L50, F|100/100\n|switch|p2a: Talonflame|Talonflame, L50, F|100/100\n|switch|p2b: Kleavor|Kleavor, L50, F|100/100\n|turn|1\n|c|☆thejapbir|hmmm\n|\n|t:|1788393053\n|detailschange|p1b: Raichu|Raichu-Mega-Y, L50, F\n|-mega|p1b: Raichu|Raichu|Raichunite Y\n|move|p2a: Talonflame|Protect|p2a: Talonflame\n|-singleturn|p2a: Talonflame|Protect\n|move|p2b: Kleavor|Protect|p2b: Kleavor\n|-singleturn|p2b: Kleavor|Protect\n|move|p1b: Raichu|Fake Out|p2a: Talonflame\n|-activate|p2a: Talonflame|move: Protect\n|move|p1a: Basculegion|Wave Crash|p2b: Kleavor\n|-activate|p2b: Kleavor|move: Protect\n|\n|upkeep\n|turn|2\n|c|☆thejapbir|nicee\n|c|☆thejapbir|hmm\n|\n|t:|1788393068\n|move|p2a: Talonflame|Tailwind|p2a: Talonflame\n|-sidestart|p2: StinkyTroglodyte|move: Tailwind\n|move|p2b: Kleavor|Stone Axe|p1b: Raichu\n|-damage|p1b: Raichu|18/100\n|-sidestart|p1: thejapbir|move: Stealth Rock\n|move|p1a: Basculegion|Wave Crash|p2b: Kleavor\n|-supereffective|p2b: Kleavor|1\n|-damage|p2b: Kleavor|0 fnt\n|faint|p2b: Kleavor\n|-damage|p1a: Basculegion|75/100|[from] Recoil\n|move|p1b: Raichu|Zap Cannon|p2a: Talonflame\n|-supereffective|p2a: Talonflame|1\n|-enditem|p2a: Talonflame|Focus Sash\n|-damage|p2a: Talonflame|1/100\n|-status|p2a: Talonflame|par\n|\n|upkeep\n|c|☆thejapbir|okkkk\n|c|☆thejapbir|so now basc is faster then that\n|\n|t:|1788393085\n|switch|p2b: Greninja|Greninja, L50, M|100/100\n|turn|3\n|c|☆thejapbir|k cool\n|\n|t:|1788393102\n|switch|p1a: Sneasler|Sneasler, L50, F|100/100\n|-damage|p1a: Sneasler|94/100|[from] Stealth Rock\n|move|p2a: Talonflame|Protect|p2a: Talonflame\n|-singleturn|p2a: Talonflame|Protect\n|move|p2b: Greninja|Dark Pulse|p1a: Sneasler\n|-start|p2b: Greninja|typechange|Dark|[from] ability: Protean\n|-resisted|p1a: Sneasler|1\n|-damage|p1a: Sneasler|61/100\n|-damage|p2b: Greninja|90/100|[from] item: Life Orb\n|move|p1b: Raichu|Zap Cannon|p2b: Greninja\n|-damage|p2b: Greninja|0 fnt\n|faint|p2b: Greninja\n|\n|upkeep\n|\n|t:|1788393116\n|switch|p2b: Lucario|Lucario, L50, M|100/100\n|turn|4\n|c|☆thejapbir|well thats js great\n|\n|t:|1788393130\n|detailschange|p2b: Lucario|Lucario-Mega, L50, M\n|-mega|p2b: Lucario|Lucario|Lucarionite\n|move|p2a: Talonflame|Quick Guard|p2a: Talonflame\n|-singleturn|p2a: Talonflame|Quick Guard\n|move|p1a: Sneasler|Fake Out|p2a: Talonflame\n|-activate|p2a: Talonflame|move: Quick Guard\n|move|p2b: Lucario|Aura Sphere|p1a: Sneasler\n|-resisted|p1a: Sneasler|1\n|-damage|p1a: Sneasler|29/100\n|move|p1b: Raichu|Focus Blast|p2b: Lucario\n|-supereffective|p2b: Lucario|1\n|-damage|p2b: Lucario|0 fnt\n|faint|p2b: Lucario\n|\n|upkeep\n|turn|5\n|c|☆thejapbir|gg\n|\n|t:|1788393145\n|move|p1b: Raichu|Protect|p1b: Raichu\n|-singleturn|p1b: Raichu|Protect\n|move|p1a: Sneasler|Protect|p1a: Sneasler\n|-singleturn|p1a: Sneasler|Protect\n|move|p2a: Talonflame|Dual Wingbeat|p1b: Raichu\n|-activate|p1b: Raichu|move: Protect\n|\n|-sideend|p2: StinkyTroglodyte|move: Tailwind\n|upkeep\n|turn|6\n|\n|t:|1788393153\n|move|p1b: Raichu|Zap Cannon|p2a: Talonflame\n|-supereffective|p2a: Talonflame|1\n|-damage|p2a: Talonflame|0 fnt\n|faint|p2a: Talonflame\n|\n|win|thejapbir\n|raw|thejapbir's rating: 1335 &rarr; <strong>1351</strong><br />(+16 for winning)\n|raw|StinkyTroglodyte's rating: 1257 &rarr; <strong>1238</strong><br />(-19 for losing)\n|c|☆thejapbir|damn not a single mon lost\n|l|☆StinkyTroglodyte\n|player|p2|\n|l|☆thejapbir\n|player|p1|\n|j|☆thejapbir\n|player|p1|thejapbir|101|\n|l|☆thejapbir\n|player|p1|\n|j|☆thejapbir\n|player|p1|thejapbir|101|\n|l|☆thejapbir\n|player|p1|\n|j|☆thejapbir\n|player|p1|thejapbir|101|\n","uploadtime":1788393165,"views":"10","formatid":"gen9championsvgc2026regmb","rating":1238,"private":0,"password":null}