{"id":"gen9championsvgc2026regmb-2674800513","format":"[Gen 9 Champions] VGC 2026 Reg M-B","players":["karmicavenger","BlindWizard"],"log":"|j|☆karmicavenger\n|j|☆BlindWizard\n|t:|1788409306\n|gametype|doubles\n|player|p1|karmicavenger|roxie|1301\n|player|p2|BlindWizard|265|1221\n|gen|9\n|tier|[Gen 9 Champions] VGC 2026 Reg M-B\n|rated|\n|rule|Species Clause: Limit one of each Pokémon\n|rule|Item Clause: Limit 1 of each item\n|clearpoke\n|poke|p1|Clefable, L50, M|\n|poke|p1|Dragonite, L50, F|\n|poke|p1|Skarmory, L50, F|\n|poke|p1|Politoed, L50, M|\n|poke|p1|Rotom-Wash, L50|\n|poke|p1|Sinistcha, L50|\n|poke|p2|Tyranitar, L50, M|\n|poke|p2|Excadrill, L50, M|\n|poke|p2|Sylveon, L50, M|\n|poke|p2|Whimsicott, L50, M|\n|poke|p2|Lopunny, L50, F|\n|poke|p2|Gholdengo, L50|\n|teampreview|4\nkarmicavenger rejected open team sheets.\n|\n|t:|1788409355\n|teamsize|p1|4\n|teamsize|p2|4\n|start\n|switch|p1a: Skarmory|Skarmory, L50, F|100/100\n|switch|p1b: Rotom|Rotom-Wash, L50|100/100\n|switch|p2a: Lopunny|Lopunny, L50, F|100/100\n|switch|p2b: Tyranitar|Tyranitar, L50, M|100/100\n|-weather|Sandstorm|[from] ability: Sand Stream|[of] p2b: Tyranitar\n|turn|1\n|\n|t:|1788409382\n|detailschange|p2a: Lopunny|Lopunny-Mega, L50, F\n|-mega|p2a: Lopunny|Lopunny|Lopunnite\n|move|p1b: Rotom|Protect|p1b: Rotom\n|-singleturn|p1b: Rotom|Protect\n|move|p1a: Skarmory|Protect|p1a: Skarmory\n|-singleturn|p1a: Skarmory|Protect\n|move|p2a: Lopunny|Fake Out|p1b: Rotom\n|-activate|p1b: Rotom|move: Protect\n|move|p2b: Tyranitar|Assurance|p1b: Rotom\n|-activate|p1b: Rotom|move: Protect\n|\n|-weather|Sandstorm|[upkeep]\n|-damage|p2a: Lopunny|94/100|[from] Sandstorm\n|-damage|p1b: Rotom|94/100|[from] Sandstorm\n|upkeep\n|turn|2\n|\n|t:|1788409417\n|switch|p2b: Gholdengo|Gholdengo, L50|100/100\n|move|p2a: Lopunny|U-turn|p1b: Rotom\n|-damage|p1b: Rotom|64/100\n|\n|t:|1788409427\n|switch|p2a: Sylveon|Sylveon, L50, M|100/100|[from] U-turn\n|move|p1b: Rotom|Will-O-Wisp|p2a: Sylveon\n|-status|p2a: Sylveon|brn\n|move|p1a: Skarmory|Iron Head|p2b: Gholdengo\n|-resisted|p2b: Gholdengo|1\n|-damage|p2b: Gholdengo|86/100\n|\n|-weather|Sandstorm|[upkeep]\n|-damage|p1b: Rotom|58/100|[from] Sandstorm\n|-damage|p2a: Sylveon|94/100 brn|[from] Sandstorm\n|-damage|p2a: Sylveon|88/100 brn|[from] brn\n|upkeep\n|turn|3\n|\n|t:|1788409464\n|detailschange|p1a: Skarmory|Skarmory-Mega, L50, F\n|-mega|p1a: Skarmory|Skarmory|Skarmorite\n|move|p1a: Skarmory|Iron Head|p2a: Sylveon\n|-supereffective|p2a: Sylveon|1\n|-damage|p2a: Sylveon|0 fnt\n|faint|p2a: Sylveon\n|move|p1b: Rotom|Thunderbolt|p2b: Gholdengo\n|-damage|p2b: Gholdengo|43/100\n|-status|p2b: Gholdengo|par\n|move|p2b: Gholdengo|Nasty Plot|p2b: Gholdengo\n|-boost|p2b: Gholdengo|spa|2\n|\n|-weather|Sandstorm|[upkeep]\n|-damage|p1b: Rotom|52/100|[from] Sandstorm\n|upkeep\n|\n|t:|1788409481\n|switch|p2a: Lopunny|Lopunny-Mega, L50, F|94/100\n|turn|4\n|\n|t:|1788409499\n|move|p1a: Skarmory|Protect|p1a: Skarmory\n|-singleturn|p1a: Skarmory|Protect\n|move|p1b: Rotom|Protect|p1b: Rotom\n|-singleturn|p1b: Rotom|Protect\n|move|p2a: Lopunny|Fake Out|p1b: Rotom\n|-activate|p1b: Rotom|move: Protect\n|move|p2b: Gholdengo|Nasty Plot|p2b: Gholdengo\n|-boost|p2b: Gholdengo|spa|2\n|\n|-weather|Sandstorm|[upkeep]\n|-damage|p2a: Lopunny|88/100|[from] Sandstorm\n|-damage|p1b: Rotom|46/100|[from] Sandstorm\n|upkeep\n|turn|5\n|\n|t:|1788409521\n|move|p2a: Lopunny|U-turn|p1b: Rotom\n|-damage|p1b: Rotom|14/100\n|\n|t:|1788409526\n|switch|p2a: Tyranitar|Tyranitar, L50, M|100/100|[from] U-turn\n|move|p1a: Skarmory|Brave Bird|p2a: Tyranitar\n|-resisted|p2a: Tyranitar|1\n|-damage|p2a: Tyranitar|72/100\n|-damage|p1a: Skarmory|90/100|[from] Recoil\n|move|p1b: Rotom|Thunderbolt|p2b: Gholdengo\n|-damage|p2b: Gholdengo|2/100 par\n|move|p2b: Gholdengo|Shadow Ball|p1a: Skarmory\n|-damage|p1a: Skarmory|0 fnt\n|faint|p1a: Skarmory\n|-damage|p2b: Gholdengo|0 fnt|[from] item: Life Orb\n|faint|p2b: Gholdengo\n|\n|-weather|none\n|upkeep\n|\n|t:|1788409548\n|switch|p1a: Politoed|Politoed, L50, M|100/100\n|switch|p2b: Lopunny|Lopunny-Mega, L50, F|88/100\n|-weather|RainDance|[from] ability: Drizzle|[of] p1a: Politoed\n|turn|6\n|\n|t:|1788409567\n|move|p1b: Rotom|Protect|p1b: Rotom\n|-singleturn|p1b: Rotom|Protect\n|move|p1a: Politoed|Protect|p1a: Politoed\n|-singleturn|p1a: Politoed|Protect\n|move|p2b: Lopunny|Fake Out|p1a: Politoed\n|-activate|p1a: Politoed|move: Protect\n|move|p2a: Tyranitar|Rock Slide|p1a: Politoed|[spread] \n|-activate|p1a: Politoed|move: Protect\n|-activate|p1b: Rotom|move: Protect\n|\n|-weather|RainDance|[upkeep]\n|upkeep\n|turn|7\n|\n|t:|1788409602\n|move|p2b: Lopunny|Close Combat|p1a: Politoed\n|-damage|p1a: Politoed|39/100\n|-unboost|p2b: Lopunny|def|1\n|-unboost|p2b: Lopunny|spd|1\n|move|p2a: Tyranitar|Rock Slide|p1a: Politoed|[spread] p1a,p1b\n|-damage|p1a: Politoed|11/100\n|-damage|p1b: Rotom|0 fnt\n|faint|p1b: Rotom\n|cant|p1a: Politoed|flinch\n|\n|-weather|RainDance|[upkeep]\n|-heal|p1a: Politoed|18/100|[from] item: Leftovers\n|upkeep\n|\n|t:|1788409614\n|switch|p1b: Sinistcha|Sinistcha, L50|100/100\n|-heal|p1a: Politoed|43/100|[from] ability: Hospitality|[of] p1b: Sinistcha\n|turn|8\n|\n|t:|1788409634\n|move|p1b: Sinistcha|Protect|p1b: Sinistcha\n|-singleturn|p1b: Sinistcha|Protect\n|move|p2b: Lopunny|Ice Punch|p1b: Sinistcha\n|-activate|p1b: Sinistcha|move: Protect\n|move|p2a: Tyranitar|Rock Slide|p1b: Sinistcha|[spread] p1a\n|-activate|p1b: Sinistcha|move: Protect\n|-damage|p1a: Politoed|16/100\n|move|p1a: Politoed|Muddy Water|p2a: Tyranitar|[spread] p2a,p2b\n|-supereffective|p2a: Tyranitar|1\n|-damage|p2a: Tyranitar|10/100\n|-damage|p2b: Lopunny|26/100\n|\n|-weather|RainDance|[upkeep]\n|-heal|p1a: Politoed|22/100|[from] item: Leftovers\n|upkeep\n|turn|9\n|\n|t:|1788409676\n|move|p1a: Politoed|Protect|p1a: Politoed\n|-singleturn|p1a: Politoed|Protect\n|move|p2b: Lopunny|Ice Punch|p1b: Sinistcha\n|-supereffective|p1b: Sinistcha|1\n|-damage|p1b: Sinistcha|58/100\n|move|p2a: Tyranitar|Rock Slide|p1b: Sinistcha|[spread] p1b\n|-activate|p1a: Politoed|move: Protect\n|-damage|p1b: Sinistcha|34/100\n|cant|p1b: Sinistcha|flinch\n|\n|-weather|RainDance|[upkeep]\n|-heal|p1a: Politoed|29/100|[from] item: Leftovers\n|upkeep\n|turn|10\n|\n|t:|1788409732\n|move|p2b: Lopunny|Close Combat|p1a: Politoed\n|-damage|p1a: Politoed|0 fnt\n|-unboost|p2b: Lopunny|def|1\n|-unboost|p2b: Lopunny|spd|1\n|faint|p1a: Politoed\n|move|p2a: Tyranitar|Rock Slide|p1b: Sinistcha\n|-damage|p1b: Sinistcha|2/100\n|move|p1b: Sinistcha|Matcha Gotcha|p2a: Tyranitar|[spread] p2a\n|-miss|p1b: Sinistcha|p2b: Lopunny\n|-supereffective|p2a: Tyranitar|1\n|-damage|p2a: Tyranitar|0 fnt\n|-heal|p1b: Sinistcha|7/100|[from] drain|[of] p2a: Tyranitar\n|faint|p2a: Tyranitar\n|\n|-weather|none\n|upkeep\n|turn|11\n|\n|t:|1788409753\n|move|p1b: Sinistcha|Protect|p1b: Sinistcha\n|-singleturn|p1b: Sinistcha|Protect\n|move|p2b: Lopunny|Ice Punch|p1b: Sinistcha\n|-activate|p1b: Sinistcha|move: Protect\n|\n|upkeep\n|turn|12\n|\n|t:|1788409764\n|move|p1b: Sinistcha|Protect|p1b: Sinistcha\n|-singleturn|p1b: Sinistcha|Protect\n|move|p2b: Lopunny|Ice Punch|p1b: Sinistcha\n|-activate|p1b: Sinistcha|move: Protect\n|\n|upkeep\n|turn|13\n|\n|t:|1788409773\n|move|p1b: Sinistcha|Protect||[still]\n|-fail|p1b: Sinistcha\n|move|p2b: Lopunny|Ice Punch|p1b: Sinistcha\n|-supereffective|p1b: Sinistcha|1\n|-damage|p1b: Sinistcha|0 fnt\n|faint|p1b: Sinistcha\n|\n|win|BlindWizard\n|raw|karmicavenger's rating: 1301 &rarr; <strong>1276</strong><br />(-25 for losing)\n|raw|BlindWizard's rating: 1221 &rarr; <strong>1252</strong><br />(+31 for winning)\n","uploadtime":1788409793,"views":"1","formatid":"gen9championsvgc2026regmb","rating":1252,"private":0,"password":null}