{"id":"gen9championsvgc2026regmbbo3-2674495774","format":"[Gen 9 Champions] VGC 2026 Reg M-B (Bo3)","players":["argshura","numaki"],"log":"|j|☆argshura\n|j|☆numaki\n|html|<table width=\"100%\"><tr><td align=\"left\">argshura</td><td align=\"right\">numaki</tr><tr><td align=\"left\"><i class=\"fa fa-circle-o\"></i> <i class=\"fa fa-circle-o\"></i> </td><td align=\"right\"><i class=\"fa fa-circle-o\"></i> <i class=\"fa fa-circle-o\"></i> </tr></table>\n|uhtml|bestof|<h2><strong>Game 1</strong> of <a href=\"/game-bestof3-gen9championsvgc2026regmbbo3-2674495773\">a best-of-3</a></h2>\n|t:|1788366594\n|gametype|doubles\n|player|p1|argshura|colress|1027\n|player|p2|numaki|170|1000\n|gen|9\n|tier|[Gen 9 Champions] VGC 2026 Reg M-B (Bo3)\n|rated|\n|rule|Species Clause: Limit one of each Pokémon\n|rule|Item Clause: Limit 1 of each item\n|clearpoke\n|poke|p1|Charizard, L50, M|\n|poke|p1|Venusaur, L50, M|\n|poke|p1|Grimmsnarl, L50, M|\n|poke|p1|Pelipper, L50, M|\n|poke|p1|Archaludon, L50, M|\n|poke|p1|Swampert, L50, M|\n|poke|p2|Araquanid, L50, F|\n|poke|p2|Slowbro, L50, F|\n|poke|p2|Toxicroak, L50, F|\n|poke|p2|Heliolisk, L50, M|\n|poke|p2|Raichu, L50, M|\n|poke|p2|Greninja, L50, F|\n|teampreview|4\n|showteam|p1|Charizard||CharizarditeY|Blaze|HeatWave,WeatherBall,Hurricane,Protect|Modest||M|||50|]Venusaur||FocusSash|Chlorophyll|LeafStorm,SludgeBomb,SleepPowder,Protect|Modest||M|||50|]Grimmsnarl||LightClay|Prankster|Reflect,LightScreen,PartingShot,SpiritBreak|Careful||M|||50|]Pelipper||SitrusBerry|Drizzle|WeatherBall,Tailwind,Hurricane,WideGuard|Modest||M|||50|]Archaludon||Leftovers|Stamina|DragonPulse,FlashCannon,ElectroShot,Protect|Calm||M|||50|]Swampert||Swampertite|Torrent|WaveCrash,Earthquake,IcePunch,Protect|Adamant||M|||50|\n|showteam|p2|Araquanid||Leftovers|WaterAbsorb|Entrainment,Liquidation,Protect,LeechLife|Impish||F|||50|]Slowbro||SitrusBerry|OwnTempo|Surf,Psychic,SlackOff,TrickRoom|Relaxed||F|||50|]Toxicroak||ShucaBerry|DrySkin|CloseCombat,PoisonJab,Flatter,FakeOut|Jolly||F|||50|]Heliolisk||DampRock|DrySkin|Thunder,RainDance,ShedTail,FocusBlast|Timid||M|||50|]Raichu||RaichuniteY|Static|AlluringVoice,ZapCannon,FocusBlast,FakeOut|Timid||M|||50|]Greninja||Greninjite|Protean|Surf,IceBeam,GrassKnot,Uturn|Timid||F|||50|\n|\n|t:|1788366633\n|teamsize|p1|4\n|teamsize|p2|4\n|start\n|switch|p1a: Barroth|Swampert, L50, M|100/100\n|switch|p1b: PukeiPukei|Pelipper, L50, M|100/100\n|switch|p2a: Heliolisk|Heliolisk, L50, M|100/100\n|switch|p2b: Greninja|Greninja, L50, F|100/100\n|-weather|RainDance|[from] ability: Drizzle|[of] p1b: PukeiPukei\n|turn|1\n|inactive|Battle timer is ON: inactive players will automatically lose when time's up. (requested by numaki)\n|\n|t:|1788366658\n|switch|p1b: Zinogre|Archaludon, L50, M|100/100\n|detailschange|p2b: Greninja|Greninja-Mega, L50, F\n|-mega|p2b: Greninja|Greninja|Greninjite\n|detailschange|p1a: Barroth|Swampert-Mega, L50, M\n|-mega|p1a: Barroth|Swampert|Swampertite\n|move|p1a: Barroth|Protect|p1a: Barroth\n|-singleturn|p1a: Barroth|Protect\n|move|p2b: Greninja|Grass Knot|p1a: Barroth\n|-start|p2b: Greninja|typechange|Grass|[from] ability: Protean\n|-activate|p1a: Barroth|move: Protect\n|move|p2a: Heliolisk|Thunder|p1b: Zinogre\n|-resisted|p1b: Zinogre|1\n|-damage|p1b: Zinogre|76/100\n|-status|p1b: Zinogre|par\n|-ability|p1b: Zinogre|Stamina|boost\n|-boost|p1b: Zinogre|def|1\n|\n|-weather|RainDance|[upkeep]\n|-heal|p1b: Zinogre|82/100 par|[from] item: Leftovers\n|upkeep\n|turn|2\n|inactive|argshura has 30 seconds left.\n|inactive|numaki has 30 seconds left.\n|\n|t:|1788366686\n|move|p1a: Barroth|Ice Punch|p2b: Greninja\n|-supereffective|p2b: Greninja|1\n|-damage|p2b: Greninja|3/100\n|move|p2b: Greninja|Surf|p1b: Zinogre|[spread] p1a,p1b\n|-immune|p2a: Heliolisk|[from] ability: Dry Skin\n|-resisted|p1b: Zinogre|1\n|-damage|p1a: Barroth|68/100\n|-damage|p1b: Zinogre|67/100 par\n|-ability|p1b: Zinogre|Stamina|boost\n|-boost|p1b: Zinogre|def|1\n|move|p2a: Heliolisk|Focus Blast|p1b: Zinogre\n|-supereffective|p1b: Zinogre|1\n|-damage|p1b: Zinogre|0 fnt\n|faint|p1b: Zinogre\n|\n|-weather|RainDance|[upkeep]\n|upkeep\n|\n|t:|1788366700\n|switch|p1b: Rajang|Grimmsnarl, L50, M|100/100\n|turn|3\n|\n|t:|1788366715\n|switch|p2b: Slowbro|Slowbro, L50, F|100/100\n|move|p1b: Rajang|Parting Shot|p2a: Heliolisk\n|-unboost|p2a: Heliolisk|atk|1\n|-unboost|p2a: Heliolisk|spa|1\n|\n|t:|1788366721\n|switch|p1b: PukeiPukei|Pelipper, L50, M|100/100|[from] Parting Shot\n|move|p1a: Barroth|Earthquake|p2b: Slowbro|[spread] p2a,p2b\n|-immune|p1b: PukeiPukei\n|-supereffective|p2a: Heliolisk|1\n|-damage|p2a: Heliolisk|0 fnt\n|-damage|p2b: Slowbro|73/100\n|faint|p2a: Heliolisk\n|\n|-weather|RainDance|[upkeep]\n|upkeep\n|\n|t:|1788366730\n|switch|p2a: Toxicroak|Toxicroak, L50, F|100/100\n|turn|4\n|\n|t:|1788366746\n|move|p2a: Toxicroak|Fake Out|p1a: Barroth\n|-damage|p1a: Barroth|57/100\n|cant|p1a: Barroth|flinch\n|move|p1b: PukeiPukei|Tailwind|p1b: PukeiPukei\n|-sidestart|p1: argshura|move: Tailwind\n|move|p2b: Slowbro|Trick Room|p2b: Slowbro\n|-fieldstart|move: Trick Room|[of] p2b: Slowbro\n|\n|-weather|RainDance|[upkeep]\n|upkeep\n|turn|5\n|inactive|argshura has 30 seconds left.\n|\n|t:|1788366773\n|move|p2b: Slowbro|Surf|p1a: Barroth|[spread] p1a,p1b\n|-immune|p2a: Toxicroak|[from] ability: Dry Skin\n|-resisted|p1b: PukeiPukei|1\n|-damage|p1a: Barroth|24/100\n|-damage|p1b: PukeiPukei|76/100\n|move|p2a: Toxicroak|Flatter|p2b: Slowbro\n|-boost|p2b: Slowbro|spa|1\n|-immune|p2b: Slowbro|confusion|[from] ability: Own Tempo\n|move|p1b: PukeiPukei|Hurricane|p2a: Toxicroak\n|-supereffective|p2a: Toxicroak|1\n|-damage|p2a: Toxicroak|0 fnt\n|faint|p2a: Toxicroak\n|move|p1a: Barroth|Earthquake|p2b: Slowbro|[spread] p2b\n|-immune|p1b: PukeiPukei\n|-damage|p2b: Slowbro|42/100\n|-enditem|p2b: Slowbro|Sitrus Berry|[eat]\n|-heal|p2b: Slowbro|66/100|[from] item: Sitrus Berry\n|\n|-weather|none\n|upkeep\n|\n|t:|1788366790\n|switch|p2a: Greninja|Greninja-Mega, L50, F|3/100\n|turn|6\n|\n|t:|1788366810\n|switch|p1b: Rajang|Grimmsnarl, L50, M|100/100\n|move|p1a: Barroth|Protect|p1a: Barroth\n|-singleturn|p1a: Barroth|Protect\n|move|p2b: Slowbro|Psychic|p1b: Rajang\n|-immune|p1b: Rajang\n|move|p2a: Greninja|Ice Beam|p1a: Barroth\n|-start|p2a: Greninja|typechange|Ice|[from] ability: Protean\n|-activate|p1a: Barroth|move: Protect\n|\n|upkeep\n|turn|7\n|inactive|numaki has 30 seconds left.\n|\n|t:|1788366842\n|switch|p1a: PukeiPukei|Pelipper, L50, M|76/100\n|-weather|RainDance|[from] ability: Drizzle|[of] p1a: PukeiPukei\n|move|p1b: Rajang|Light Screen|p1b: Rajang\n|-sidestart|p1: argshura|move: Light Screen\n|move|p2b: Slowbro|Psychic|p1a: PukeiPukei\n|-damage|p1a: PukeiPukei|30/100\n|-enditem|p1a: PukeiPukei|Sitrus Berry|[eat]\n|-heal|p1a: PukeiPukei|54/100|[from] item: Sitrus Berry\n|move|p2a: Greninja|Ice Beam|p1b: Rajang\n|-damage|p1b: Rajang|71/100\n|\n|-weather|RainDance|[upkeep]\n|-sideend|p1: argshura|move: Tailwind\n|upkeep\n|turn|8\n|\n|t:|1788366866\n|move|p2b: Slowbro|Psychic|p1a: PukeiPukei\n|-damage|p1a: PukeiPukei|6/100\n|move|p1b: Rajang|Spirit Break|p2a: Greninja\n|-damage|p2a: Greninja|0 fnt\n|faint|p2a: Greninja\n|move|p1a: PukeiPukei|Weather Ball|p2b: Slowbro\n|-resisted|p2b: Slowbro|1\n|-damage|p2b: Slowbro|31/100\n|\n|-weather|RainDance|[upkeep]\n|-fieldend|move: Trick Room\n|upkeep\n|turn|9\n|\n|t:|1788366886\n|move|p1a: PukeiPukei|Hurricane|p2b: Slowbro\n|-damage|p2b: Slowbro|0 fnt\n|faint|p2b: Slowbro\n|\n|win|argshura\n|l|☆numaki\n|player|p2|\n||argshura is ready for game 2.\n|inactive|numaki has 30 seconds to confirm battle start!\n|inactive|numaki has 20 seconds to confirm battle start!\n|inactive|numaki has 10 seconds to confirm battle start!\n|uhtml|next|Next: <a href=\"/battle-gen9championsvgc2026regmbbo3-2674498632\"><strong>Game 2 of 3</strong></a>\n","uploadtime":1788367062,"views":"14","formatid":"gen9championsvgc2026regmbbo3","rating":null,"private":0,"password":null}