{"id":"gen9championsvgc2026regmb-2674631742","format":"[Gen 9 Champions] VGC 2026 Reg M-B","players":["jjavi2","shakessy"],"log":"|j|☆jjavi2\n|j|☆shakessy\n|t:|1788382634\n|gametype|doubles\n|player|p1|jjavi2|n|1413\n|player|p2|shakessy|265|1352\n|gen|9\n|tier|[Gen 9 Champions] VGC 2026 Reg M-B\n|rated|\n|rule|Species Clause: Limit one of each Pokémon\n|rule|Item Clause: Limit 1 of each item\n|clearpoke\n|poke|p1|Dragonite, L50, M, shiny|\n|poke|p1|Sneasler, L50, M|\n|poke|p1|Basculegion, L50, M|\n|poke|p1|Kingambit, L50, M|\n|poke|p1|Garchomp, L50, M|\n|poke|p1|Floette-Eternal, L50, F|\n|poke|p2|Vivillon, L50, M|\n|poke|p2|Archaludon, L50, F|\n|poke|p2|Incineroar, L50, M|\n|poke|p2|Politoed, L50, F|\n|poke|p2|Swampert, L50, M|\n|poke|p2|Gengar, L50, F|\n|teampreview|4\n|inactive|Battle timer is ON: inactive players will automatically lose when time's up. (requested by jjavi2)\n|inactive|jjavi2 has 60 seconds left.\n|inactive|shakessy has 60 seconds left.\n|\n|t:|1788382670\n|teamsize|p1|4\n|teamsize|p2|4\n|start\n|switch|p1a: Floette|Floette-Eternal, L50, F|100/100\n|switch|p1b: Sneasler|Sneasler, L50, M|100/100\n|switch|p2a: Gengar|Gengar, L50, F|100/100\n|switch|p2b: Incineroar|Incineroar, L50, M|100/100\n|-ability|p2b: Incineroar|Intimidate|boost\n|-unboost|p1a: Floette|atk|1\n|-unboost|p1b: Sneasler|atk|1\n|turn|1\n|inactive|jjavi2 has 30 seconds left.\n|inactive|shakessy has 30 seconds left.\n|inactive|jjavi2 has 20 seconds left.\n|\n|t:|1788382709\n|switch|p1b: Basculegion|Basculegion, L50, M|100/100\n|switch|p2b: Archaludon|Archaludon, L50, F|100/100\n|detailschange|p1a: Floette|Floette-Mega, L50, F\n|-mega|p1a: Floette|Floette|Floettite\n|-ability|p1a: Floette|Fairy Aura\n|detailschange|p2a: Gengar|Gengar-Mega, L50, F\n|-mega|p2a: Gengar|Gengar|Gengarite\n|move|p2a: Gengar|Protect|p2a: Gengar\n|-singleturn|p2a: Gengar|Protect\n|move|p1a: Floette|Dazzling Gleam|p2b: Archaludon|[spread] p2b\n|-activate|p2a: Gengar|move: Protect\n|-damage|p2b: Archaludon|50/100y\n|-ability|p2b: Archaludon|Stamina|boost\n|-boost|p2b: Archaludon|def|1\n|\n|-heal|p2b: Archaludon|55/100|[from] item: Leftovers\n|upkeep\n|turn|2\n|inactive|shakessy has 30 seconds left.\n|\n|t:|1788382735\n|switch|p2a: Incineroar|Incineroar, L50, M|100/100\n|-ability|p2a: Incineroar|Intimidate|boost\n|-unboost|p1a: Floette|atk|1\n|-unboost|p1b: Basculegion|atk|1\n|move|p2b: Archaludon|Protect|p2b: Archaludon\n|-singleturn|p2b: Archaludon|Protect\n|move|p1a: Floette|Dazzling Gleam|p2a: Incineroar|[spread] p2a\n|-activate|p2b: Archaludon|move: Protect\n|-damage|p2a: Incineroar|62/100\n|move|p1b: Basculegion|Last Respects|p2a: Incineroar\n|-resisted|p2a: Incineroar|1\n|-damage|p2a: Incineroar|50/100y\n|-damage|p1b: Basculegion|90/100|[from] item: Life Orb\n|\n|-heal|p2b: Archaludon|61/100|[from] item: Leftovers\n|upkeep\n|turn|3\n|inactive|jjavi2 has 30 seconds left.\n|\n|t:|1788382770\n|switch|p1b: Sneasler|Sneasler, L50, M|100/100\n|move|p1a: Floette|Protect|p1a: Floette\n|-singleturn|p1a: Floette|Protect\n|move|p2a: Incineroar|Fake Out|p1a: Floette\n|-activate|p1a: Floette|move: Protect\n|move|p2b: Archaludon|Flash Cannon|p1a: Floette\n|-activate|p1a: Floette|move: Protect\n|\n|-heal|p2b: Archaludon|67/100|[from] item: Leftovers\n|upkeep\n|turn|4\n|inactive|jjavi2 has 30 seconds left.\n|inactive|shakessy has 30 seconds left.\n|inactive|jjavi2 has 20 seconds left.\n|inactive|shakessy has 20 seconds left.\n|\n|t:|1788382806\n|switch|p1b: Kingambit|Kingambit, L50, M|100/100\n|switch|p2a: Politoed|Politoed, L50, F|100/100\n|-weather|RainDance|[from] ability: Drizzle|[of] p2a: Politoed\n|move|p1a: Floette|Dazzling Gleam|p2a: Politoed|[spread] p2a,p2b\n|-damage|p2a: Politoed|71/100\n|-damage|p2b: Archaludon|12/100\n|-ability|p2b: Archaludon|Stamina|boost\n|-boost|p2b: Archaludon|def|1\n|move|p2b: Archaludon|Electro Shot||[still]\n|-prepare|p2b: Archaludon|Electro Shot\n|-boost|p2b: Archaludon|spa|1\n|-anim|p2b: Archaludon|Electro Shot|p1a: Floette\n|-damage|p1a: Floette|49/100\n|\n|-weather|RainDance|[upkeep]\n|-heal|p2b: Archaludon|18/100|[from] item: Leftovers\n|upkeep\n|turn|5\n|inactive|jjavi2 has 30 seconds left.\n|\n|t:|1788382832\n|move|p2b: Archaludon|Protect|p2b: Archaludon\n|-singleturn|p2b: Archaludon|Protect\n|move|p1a: Floette|Dazzling Gleam|p2b: Archaludon|[spread] p2a\n|-activate|p2b: Archaludon|move: Protect\n|-damage|p2a: Politoed|38/100\n|-enditem|p2a: Politoed|Sitrus Berry|[eat]\n|-heal|p2a: Politoed|63/100|[from] item: Sitrus Berry\n|move|p2a: Politoed|Perish Song|p2a: Politoed\n|-start|p1a: Floette|perish3|[silent]\n|-start|p1b: Kingambit|perish3|[silent]\n|-start|p2a: Politoed|perish3|[silent]\n|-start|p2b: Archaludon|perish3|[silent]\n|-fieldactivate|move: Perish Song\n|move|p1b: Kingambit|Kowtow Cleave|p2a: Politoed\n|-damage|p2a: Politoed|11/100\n|\n|-weather|RainDance|[upkeep]\n|-heal|p2b: Archaludon|24/100|[from] item: Leftovers\n|-start|p1a: Floette|perish3\n|-start|p2b: Archaludon|perish3\n|-start|p2a: Politoed|perish3\n|-start|p1b: Kingambit|perish3\n|upkeep\n|turn|6\n|inactive|jjavi2 has 30 seconds left.\n|inactive|shakessy has 30 seconds left.\n|\n|t:|1788382867\n|switch|p2a: Incineroar|Incineroar, L50, M|50/100y\n|-ability|p2a: Incineroar|Intimidate|boost\n|-unboost|p1a: Floette|atk|1\n|-unboost|p1b: Kingambit|atk|1\n|-ability|p1b: Kingambit|Defiant|boost\n|-boost|p1b: Kingambit|atk|2\n|switch|p1b: Sneasler|Sneasler, L50, M|100/100\n|move|p2b: Archaludon|Protect||[still]\n|-fail|p2b: Archaludon\n|move|p1a: Floette|Dazzling Gleam|p2b: Archaludon|[spread] p2a,p2b\n|-damage|p2a: Incineroar|12/100\n|-damage|p2b: Archaludon|0 fnt\n|faint|p2b: Archaludon\n|\n|-weather|RainDance|[upkeep]\n|-start|p1a: Floette|perish2\n|upkeep\n|\n|t:|1788382875\n|switch|p2b: Gengar|Gengar-Mega, L50, F|100/100\n|turn|7\n|inactive|shakessy has 30 seconds left.\n|\n|t:|1788382901\n|move|p2a: Incineroar|Fake Out|p1b: Sneasler\n|-damage|p1b: Sneasler|81/100\n|cant|p1b: Sneasler|flinch\n|move|p2b: Gengar|Shadow Ball|p1b: Sneasler\n|-damage|p1b: Sneasler|12/100\n|move|p1a: Floette|Dazzling Gleam|p2b: Gengar|[spread] p2a,p2b\n|-resisted|p2b: Gengar|1\n|-damage|p2a: Incineroar|0 fnt\n|-damage|p2b: Gengar|74/100\n|faint|p2a: Incineroar\n|\n|-weather|RainDance|[upkeep]\n|-start|p1a: Floette|perish1\n|upkeep\n|\n|t:|1788382909\n|switch|p2a: Politoed|Politoed, L50, F|11/100\n|turn|8\n|\n|t:|1788382921\n|move|p2b: Gengar|Protect|p2b: Gengar\n|-singleturn|p2b: Gengar|Protect\n|move|p2a: Politoed|Protect|p2a: Politoed\n|-singleturn|p2a: Politoed|Protect\n|move|p1b: Sneasler|Feint|p2a: Politoed\n|-activate|p2a: Politoed|move: Feint\n|-damage|p2a: Politoed|0 fnt\n|faint|p2a: Politoed\n|move|p1a: Floette|Dazzling Gleam|p2b: Gengar\n|-activate|p2b: Gengar|move: Protect\n|\n|-weather|none\n|-start|p1a: Floette|perish0\n|faint|p1a: Floette\n|upkeep\n|\n|t:|1788382936\n|switch|p1a: Kingambit|Kingambit, L50, M|100/100\n|turn|9\n|\n|t:|1788382950\n|move|p1b: Sneasler|Dire Claw|p2b: Gengar\n|-resisted|p2b: Gengar|2\n|-damage|p2b: Gengar|62/100\n|move|p2b: Gengar|Shadow Ball|p1a: Kingambit\n|-resisted|p1a: Kingambit|1\n|-damage|p1a: Kingambit|80/100\n|move|p1a: Kingambit|Kowtow Cleave|p2b: Gengar\n|-supereffective|p2b: Gengar|1\n|-damage|p2b: Gengar|0 fnt\n|faint|p2b: Gengar\n|\n|win|jjavi2\n|raw|jjavi2's rating: 1413 &rarr; <strong>1430</strong><br />(+17 for winning)\n|raw|shakessy's rating: 1352 &rarr; <strong>1335</strong><br />(-17 for losing)\n","uploadtime":1788382950,"views":"3","formatid":"gen9championsvgc2026regmb","rating":1335,"private":0,"password":null}