{"id":"gen9championsvgc2026regmb-2674180784","format":"[Gen 9 Champions] VGC 2026 Reg M-B","players":["truely peak","sympixal"],"log":"|j|☆truely peak\n|j|☆sympixal\n|t:|1788311323\n|gametype|doubles\n|player|p1|truely peak|dawn|1045\n|player|p2|sympixal|acetrainerf|1000\n|gen|9\n|tier|[Gen 9 Champions] VGC 2026 Reg M-B\n|rated|\n|rule|Species Clause: Limit one of each Pokémon\n|rule|Item Clause: Limit 1 of each item\n|clearpoke\n|poke|p1|Sneasler, L50, F|\n|poke|p1|Grimmsnarl, L50, M|\n|poke|p1|Charizard, L50, M|\n|poke|p1|Torkoal, L50, M|\n|poke|p1|Metagross, L50|\n|poke|p1|Aerodactyl, L50, F|\n|poke|p2|Starmie, L50, shiny|\n|poke|p2|Pelipper, L50, M|\n|poke|p2|Archaludon, L50, M|\n|poke|p2|Sinistcha, L50|\n|poke|p2|Aerodactyl, L50, M|\n|poke|p2|Sylveon, L50, F, shiny|\n|teampreview|4\nsympixal has agreed to open team sheets.\n|\n|t:|1788311359\n|teamsize|p1|4\n|teamsize|p2|4\n|start\n|switch|p1a: Sneasler|Sneasler, L50, F|100/100\n|switch|p1b: Grimmsnarl|Grimmsnarl, L50, M|100/100\n|switch|p2a: Aerodactyl|Aerodactyl, L50, M|100/100\n|switch|p2b: Sylveon|Sylveon, L50, F, shiny|100/100\n|-ability|p2a: Aerodactyl|Unnerve\n|turn|1\n|\n|t:|1788311387\n|move|p1b: Grimmsnarl|Swagger|p1a: Sneasler\n|-boost|p1a: Sneasler|atk|2\n|-start|p1a: Sneasler|confusion\n|move|p2a: Aerodactyl|Tailwind|p2a: Aerodactyl\n|-sidestart|p2: sympixal|move: Tailwind\n|-activate|p1a: Sneasler|confusion\n|move|p1a: Sneasler|Dire Claw|p2b: Sylveon\n|-supereffective|p2b: Sylveon|1\n|-crit|p2b: Sylveon\n|-damage|p2b: Sylveon|0 fnt\n|faint|p2b: Sylveon\n|\n|upkeep\n|\n|t:|1788311407\n|switch|p2b: Starmie|Starmie, L50, shiny|100/100\n|turn|2\n|\n|t:|1788311427\n|detailschange|p2b: Starmie|Starmie-Mega, L50, shiny\n|-mega|p2b: Starmie|Starmie|Starminite\n|move|p1b: Grimmsnarl|Reflect|p1b: Grimmsnarl\n|-sidestart|p1: truely peak|Reflect\n|move|p2a: Aerodactyl|Rock Slide|p1a: Sneasler|[spread] p1a,p1b\n|-resisted|p1a: Sneasler|1\n|-damage|p1a: Sneasler|85/100\n|-damage|p1b: Grimmsnarl|81/100\n|move|p2b: Starmie|Psycho Cut|p1a: Sneasler\n|-supereffective|p1a: Sneasler|2\n|-damage|p1a: Sneasler|0 fnt\n|faint|p1a: Sneasler\n|\n|upkeep\n|\n|t:|1788311441\n|switch|p1a: Metagross|Metagross, L50|100/100\n|turn|3\n|\n|t:|1788311479\n|detailschange|p1a: Metagross|Metagross-Mega, L50\n|-mega|p1a: Metagross|Metagross|Metagrossite\n|move|p2a: Aerodactyl|Protect|p2a: Aerodactyl\n|-singleturn|p2a: Aerodactyl|Protect\n|move|p2b: Starmie|Protect|p2b: Starmie\n|-singleturn|p2b: Starmie|Protect\n|move|p1a: Metagross|Bullet Punch|p2a: Aerodactyl\n|-activate|p2a: Aerodactyl|move: Protect\n|move|p1b: Grimmsnarl|Light Screen|p1b: Grimmsnarl\n|-sidestart|p1: truely peak|move: Light Screen\n|\n|upkeep\n|turn|4\n|\n|t:|1788311518\n|switch|p1b: Torkoal|Torkoal, L50, M|100/100\n|-weather|SunnyDay|[from] ability: Drought|[of] p1b: Torkoal\n|move|p1a: Metagross|Bullet Punch|p2a: Aerodactyl\n|-supereffective|p2a: Aerodactyl|1\n|-damage|p2a: Aerodactyl|4/100\n|move|p2a: Aerodactyl|Rock Slide|p1b: Torkoal|[spread] p1a,p1b\n|-resisted|p1a: Metagross|1\n|-supereffective|p1b: Torkoal|1\n|-damage|p1a: Metagross|92/100\n|-damage|p1b: Torkoal|81/100\n|move|p2b: Starmie|Liquidation|p1b: Torkoal\n|-supereffective|p1b: Torkoal|1\n|-damage|p1b: Torkoal|49/100\n|\n|-weather|SunnyDay|[upkeep]\n|-sideend|p2: sympixal|move: Tailwind\n|upkeep\n|turn|5\n|\n|t:|1788311546\n|move|p2b: Starmie|Protect|p2b: Starmie\n|-singleturn|p2b: Starmie|Protect\n|move|p1a: Metagross|Bullet Punch|p2a: Aerodactyl\n|-supereffective|p2a: Aerodactyl|1\n|-damage|p2a: Aerodactyl|0 fnt\n|faint|p2a: Aerodactyl\n|move|p1b: Torkoal|Will-O-Wisp|p2b: Starmie\n|-activate|p2b: Starmie|move: Protect\n|\n|-weather|SunnyDay|[upkeep]\n|upkeep\n|\n|t:|1788311552\n|switch|p2a: Pelipper|Pelipper, L50, M|100/100\n|-weather|RainDance|[from] ability: Drizzle|[of] p2a: Pelipper\n|turn|6\n|\n|t:|1788311567\n|switch|p1b: Grimmsnarl|Grimmsnarl, L50, M|81/100\n|move|p1a: Metagross|Psychic Fangs|p2a: Pelipper\n|-damage|p2a: Pelipper|36/100\n|-enditem|p2a: Pelipper|Sitrus Berry|[eat]\n|-heal|p2a: Pelipper|60/100|[from] item: Sitrus Berry\n|move|p2b: Starmie|Liquidation|p1b: Grimmsnarl\n|-damage|p1b: Grimmsnarl|0 fnt\n|faint|p1b: Grimmsnarl\n|move|p2a: Pelipper|Hurricane|p1a: Metagross\n|-resisted|p1a: Metagross|1\n|-damage|p1a: Metagross|80/100\n|\n|-weather|RainDance|[upkeep]\n|upkeep\n|\n|t:|1788311580\n|switch|p1b: Torkoal|Torkoal, L50, M|49/100\n|-weather|SunnyDay|[from] ability: Drought|[of] p1b: Torkoal\n|turn|7\n|\n|t:|1788311591\n|move|p2a: Pelipper|Helping Hand|p2b: Starmie\n|-singleturn|p2b: Starmie|Helping Hand|[of] p2a: Pelipper\n|move|p1a: Metagross|Psychic Fangs|p2a: Pelipper\n|-damage|p2a: Pelipper|1/100\n|move|p2b: Starmie|Psycho Cut|p1a: Metagross\n|-resisted|p1a: Metagross|2\n|-damage|p1a: Metagross|67/100\n|move|p1b: Torkoal|Will-O-Wisp|p2b: Starmie\n|-status|p2b: Starmie|brn\n|\n|-weather|SunnyDay|[upkeep]\n|-damage|p2b: Starmie|94/100 brn|[from] brn\n|upkeep\n|turn|8\n|-message|sympixal forfeited.\n|\n|win|truely peak\n|raw|truely peak's rating: 1045 &rarr; <strong>1074</strong><br />(+29 for winning)\n|raw|sympixal's rating: 1000 &rarr; <strong>1000</strong><br />(+0 for losing)\n|l|☆sympixal\n|player|p2|\n","uploadtime":1788311631,"views":"1","formatid":"gen9championsvgc2026regmb","rating":1000,"private":0,"password":null}