{"id":"gen9championsvgc2026regmb-2674899540","format":"[Gen 9 Champions] VGC 2026 Reg M-B","players":["Thornlace48812","Sci4na"],"log":"|j|☆Thornlace48812\n|j|☆Sci4na\n|t:|1788432141\n|gametype|doubles\n|player|p1|Thornlace48812|102|1213\n|player|p2|Sci4na|burglar|1251\n|gen|9\n|tier|[Gen 9 Champions] VGC 2026 Reg M-B\n|rated|\n|rule|Species Clause: Limit one of each Pokémon\n|rule|Item Clause: Limit 1 of each item\n|clearpoke\n|poke|p1|Garchomp, L50, F|\n|poke|p1|Charizard, L50, M|\n|poke|p1|Whimsicott, L50, M|\n|poke|p1|Sylveon, L50, M|\n|poke|p1|Kingambit, L50, F|\n|poke|p1|Basculegion, L50, M|\n|poke|p2|Aggron, L50, M|\n|poke|p2|Sinistcha-Masterpiece, L50|\n|poke|p2|Hatterene, L50, F|\n|poke|p2|Farigiraf, L50, F|\n|poke|p2|Drampa, L50, F, shiny|\n|poke|p2|Grimmsnarl, L50, M, shiny|\n|teampreview|4\n|inactive|Battle timer is ON: inactive players will automatically lose when time's up. (requested by Sci4na)\n|inactive|Thornlace48812 also wants the timer to be on.\nThornlace48812 rejected open team sheets.\n|inactive|Sci4na has 60 seconds left.\n|\n|t:|1788432174\n|teamsize|p1|4\n|teamsize|p2|4\n|start\n|switch|p1a: Whimsicott|Whimsicott, L50, M|100/100\n|switch|p1b: Sylveon|Sylveon, L50, M|100/100\n|switch|p2a: The W4LL|Aggron, L50, M|100/100\n|switch|p2b: Grimmsnarl|Grimmsnarl, L50, M, shiny|100/100\n|turn|1\n|\n|t:|1788432185\n|detailschange|p2a: The W4LL|Aggron-Mega, L50, M\n|-mega|p2a: The W4LL|Aggron|Aggronite\n|move|p2b: Grimmsnarl|Light Screen|p2b: Grimmsnarl\n|-sidestart|p2: Sci4na|move: Light Screen\n|move|p1a: Whimsicott|Moonblast|p2b: Grimmsnarl\n|-supereffective|p2b: Grimmsnarl|1\n|-damage|p2b: Grimmsnarl|56/100\n|move|p1b: Sylveon|Hyper Voice|p2a: The W4LL|[spread] p2a,p2b\n|-resisted|p2a: The W4LL|1\n|-supereffective|p2b: Grimmsnarl|1\n|-damage|p2a: The W4LL|80/100\n|-damage|p2b: Grimmsnarl|0 fnt\n|faint|p2b: Grimmsnarl\n|move|p2a: The W4LL|Heavy Slam|p1b: Sylveon\n|-supereffective|p1b: Sylveon|1\n|-damage|p1b: Sylveon|0 fnt\n|faint|p1b: Sylveon\n|\n|upkeep\n|\n|t:|1788432196\n|switch|p1b: Charizard|Charizard, L50, M|100/100\n|switch|p2b: Sinistcha|Sinistcha-Masterpiece, L50|100/100\n|-heal|p2a: The W4LL|100/100|[from] ability: Hospitality|[of] p2b: Sinistcha\n|turn|2\n|\n|t:|1788432203\n|switch|p2a: Hatterene|Hatterene, L50, F|100/100\n|detailschange|p1b: Charizard|Charizard-Mega-Y, L50, M\n|-mega|p1b: Charizard|Charizard|Charizardite Y\n|-weather|SunnyDay|[from] ability: Drought|[of] p1b: Charizard\n|move|p1a: Whimsicott|Tailwind|p1a: Whimsicott\n|-sidestart|p1: Thornlace48812|move: Tailwind\n|move|p1b: Charizard|Heat Wave|p2a: Hatterene|[spread] p2a,p2b\n|-supereffective|p2b: Sinistcha|1\n|-damage|p2a: Hatterene|49/100\n|-damage|p2b: Sinistcha|18/100\n|-enditem|p2b: Sinistcha|Sitrus Berry|[eat]\n|-heal|p2b: Sinistcha|43/100|[from] item: Sitrus Berry\n|move|p2b: Sinistcha|Trick Room|p2b: Sinistcha\n|-fieldstart|move: Trick Room|[of] p2b: Sinistcha\n|\n|-weather|SunnyDay|[upkeep]\n|upkeep\n|turn|3\n|\n|t:|1788432222\n|move|p2a: Hatterene|Expanding Force|p1a: Whimsicott\n|-damage|p1a: Whimsicott|1/100\n|-damage|p2a: Hatterene|39/100|[from] item: Life Orb\n|move|p2b: Sinistcha|Matcha Gotcha|p1b: Charizard|[spread] p1a,p1b\n|-resisted|p1a: Whimsicott|1\n|-resisted|p1b: Charizard|2\n|-damage|p1a: Whimsicott|0 fnt\n|-heal|p2b: Sinistcha|43/100|[from] drain|[of] p1a: Whimsicott\n|-damage|p1b: Charizard|92/100\n|-heal|p2b: Sinistcha|47/100|[from] drain|[of] p1b: Charizard\n|faint|p1a: Whimsicott\n|move|p1b: Charizard|Heat Wave|p2a: Hatterene|[spread] p2b\n|-miss|p1b: Charizard|p2a: Hatterene\n|-supereffective|p2b: Sinistcha|1\n|-damage|p2b: Sinistcha|0 fnt\n|faint|p2b: Sinistcha\n|\n|-weather|SunnyDay|[upkeep]\n|upkeep\n|\n|t:|1788432229\n|switch|p2b: The W4LL|Aggron-Mega, L50, M|100/100\n|switch|p1a: Basculegion|Basculegion, L50, M|100/100\n|turn|4\n|\n|t:|1788432234\n|move|p2a: Hatterene|Protect|p2a: Hatterene\n|-singleturn|p2a: Hatterene|Protect\n|move|p1a: Basculegion|Protect|p1a: Basculegion\n|-singleturn|p1a: Basculegion|Protect\n|move|p2b: The W4LL|Iron Defense|p2b: The W4LL\n|-boost|p2b: The W4LL|def|2\n|move|p1b: Charizard|Heat Wave|p2a: Hatterene|[spread] p2b\n|-activate|p2a: Hatterene|move: Protect\n|-supereffective|p2b: The W4LL|1\n|-damage|p2b: The W4LL|27/100\n|\n|-weather|SunnyDay|[upkeep]\n|upkeep\n|turn|5\n|\n|t:|1788432247\n|move|p2a: Hatterene|Expanding Force|p1b: Charizard\n|-damage|p1b: Charizard|27/100\n|-damage|p2a: Hatterene|29/100|[from] item: Life Orb\n|move|p2b: The W4LL|Body Press|p1b: Charizard\n|-resisted|p1b: Charizard|1\n|-damage|p1b: Charizard|0 fnt\n|faint|p1b: Charizard\n|move|p1a: Basculegion|Last Respects|p2b: The W4LL\n|-damage|p2b: The W4LL|0 fnt\n|faint|p2b: The W4LL\n|\n|-weather|SunnyDay|[upkeep]\n|-sideend|p1: Thornlace48812|move: Tailwind\n|upkeep\n|turn|6\n|\n|t:|1788432253\n|move|p1a: Basculegion|Aqua Jet|p2a: Hatterene\n|-damage|p2a: Hatterene|12/100\n|move|p2a: Hatterene|Expanding Force|p1a: Basculegion\n|-damage|p1a: Basculegion|28/100\n|-damage|p2a: Hatterene|3/100|[from] item: Life Orb\n|\n|-weather|none\n|-fieldend|move: Trick Room\n|upkeep\n|turn|7\n|\n|t:|1788432257\n|move|p1a: Basculegion|Last Respects|p2a: Hatterene\n|-supereffective|p2a: Hatterene|1\n|-damage|p2a: Hatterene|0 fnt\n|faint|p2a: Hatterene\n|\n|win|Thornlace48812\n|raw|Thornlace48812's rating: 1281 &rarr; <strong>1304</strong><br />(+23 for winning)\n|raw|Sci4na's rating: 1251 &rarr; <strong>1228</strong><br />(-23 for losing)\n","uploadtime":1788432257,"views":"0","formatid":"gen9championsvgc2026regmb","rating":1228,"private":0,"password":null}