{"id":"gen9championsvgc2026regmbbo3-2673716335","format":"[Gen 9 Champions] VGC 2026 Reg M-B (Bo3)","players":["derainer","w0rms4f1ng3rs"],"log":"|j|☆derainer\n|j|☆w0rms4f1ng3rs\n|html|<table width=\"100%\"><tr><td align=\"left\">derainer</td><td align=\"right\">w0rms4f1ng3rs</tr><tr><td align=\"left\"><i class=\"fa fa-circle\"></i> <i class=\"fa fa-circle-o\"></i> </td><td align=\"right\"><i class=\"fa fa-circle-o\"></i> <i class=\"fa fa-circle\"></i> </tr></table>\n|uhtml|bestof|<h2><strong>Game 3</strong> of <a href=\"/game-bestof3-gen9championsvgc2026regmbbo3-2673714809\">a best-of-3</a></h2>\n|t:|1788239309\n|gametype|doubles\n|player|p1|derainer|brawly|1113\n|player|p2|w0rms4f1ng3rs|zinzolin|1164\n|gen|9\n|tier|[Gen 9 Champions] VGC 2026 Reg M-B (Bo3)\n|rated|\n|rule|Species Clause: Limit one of each Pokémon\n|rule|Item Clause: Limit 1 of each item\n|clearpoke\n|poke|p1|Pelipper, L50, M|\n|poke|p1|Charizard, L50, M|\n|poke|p1|Venusaur, L50, F|\n|poke|p1|Incineroar, L50, M|\n|poke|p1|Ninetales-Alola, L50, M|\n|poke|p1|Farigiraf, L50, F|\n|poke|p2|Charizard, L50, M, shiny|\n|poke|p2|Whimsicott, L50, M|\n|poke|p2|Kingambit, L50, F|\n|poke|p2|Basculegion, L50, M|\n|poke|p2|Garchomp, L50, F|\n|poke|p2|Floette-Eternal, L50, F|\n|teampreview|4\n|showteam|p1|Pelipper||FocusSash|Drizzle|Tailwind,WeatherBall,Hurricane,Protect|Bold||M|||50|]Charizard||CharizarditeY|Blaze|WeatherBall,HeatWave,Protect,SolarBeam|Timid||M|||50|]Venusaur||LifeOrb|Chlorophyll|GigaDrain,WeatherBall,Protect,SludgeBomb|Modest||F|||50|]Incineroar||WhiteHerb|Intimidate|FakeOut,PartingShot,DarkestLariat,CloseCombat|Adamant||M|||50|]Ninetales-Alola||ChoiceScarf|SnowWarning|Blizzard,IcyWind,Moonblast,WeatherBall|Modest||M|||50|]Farigiraf||ColburBerry|ArmorTail|Imprison,Protect,Psychic,TrickRoom|Sassy||F|||50|\n|showteam|p2|Charizard||CharizarditeY|Blaze|HeatWave,WeatherBall,SolarBeam,Protect|Modest||M|||50|]Whimsicott||FocusSash|Prankster|Moonblast,Encore,Tailwind,Protect|Timid||M|||50|]Kingambit||OccaBerry|Defiant|KowtowCleave,SuckerPunch,IronHead,LowKick|Adamant||F|||50|]Basculegion||MysticWater|Adaptability|WaveCrash,LastRespects,AquaJet,Protect|Adamant||M|||50|]Garchomp||LifeOrb|RoughSkin|Earthquake,DragonClaw,RockSlide,Protect|Jolly||F|||50|]Floette-Eternal||Floettite|FlowerVeil|Moonblast,DazzlingGleam,LightofRuin,Protect|Timid||F|||50|\n|\n|t:|1788239348\n|teamsize|p1|4\n|teamsize|p2|4\n|start\n|switch|p1a: Ninetales|Ninetales-Alola, L50, M|100/100\n|switch|p1b: Charizard|Charizard, L50, M|100/100\n|switch|p2a: Whimsicott|Whimsicott, L50, M|100/100\n|switch|p2b: Charizard|Charizard, L50, M, shiny|100/100\n|-weather|Snowscape|[from] ability: Snow Warning|[of] p1a: Ninetales\n|turn|1\n|\n|t:|1788239374\n|switch|p1a: Incineroar|Incineroar, L50, M|100/100\n|-ability|p1a: Incineroar|Intimidate|boost\n|-unboost|p2a: Whimsicott|atk|1\n|-unboost|p2b: Charizard|atk|1\n|detailschange|p1b: Charizard|Charizard-Mega-Y, L50, M\n|-mega|p1b: Charizard|Charizard|Charizardite Y\n|-weather|SunnyDay|[from] ability: Drought|[of] p1b: Charizard\n|detailschange|p2b: Charizard|Charizard-Mega-Y, L50, M, shiny\n|-mega|p2b: Charizard|Charizard|Charizardite Y\n|move|p2a: Whimsicott|Tailwind|p2a: Whimsicott\n|-sidestart|p2: w0rms4f1ng3rs|move: Tailwind\n|move|p2b: Charizard|Heat Wave|p1b: Charizard|[spread] p1a,p1b\n|-resisted|p1a: Incineroar|1\n|-resisted|p1b: Charizard|1\n|-damage|p1a: Incineroar|70/100\n|-damage|p1b: Charizard|70/100\n|move|p1b: Charizard|Heat Wave|p2a: Whimsicott|[spread] p2a,p2b\n|-supereffective|p2a: Whimsicott|1\n|-resisted|p2b: Charizard|1\n|-enditem|p2a: Whimsicott|Focus Sash\n|-damage|p2a: Whimsicott|1/100\n|-damage|p2b: Charizard|73/100\n|\n|-weather|SunnyDay|[upkeep]\n|upkeep\n|turn|2\n|\n|t:|1788239407\n|move|p2b: Charizard|Protect|p2b: Charizard\n|-singleturn|p2b: Charizard|Protect\n|move|p1a: Incineroar|Fake Out|p2a: Whimsicott\n|-damage|p2a: Whimsicott|0 fnt\n|faint|p2a: Whimsicott\n|move|p1b: Charizard|Weather Ball|p2b: Charizard\n|-activate|p2b: Charizard|move: Protect\n|\n|-weather|SunnyDay|[upkeep]\n|upkeep\n|\n|t:|1788239424\n|switch|p2a: Garchomp|Garchomp, L50, F|100/100\n|turn|3\n|\n|t:|1788239437\n|move|p1b: Charizard|Protect|p1b: Charizard\n|-singleturn|p1b: Charizard|Protect\n|move|p2a: Garchomp|Rock Slide|p1b: Charizard|[spread] p1a\n|-activate|p1b: Charizard|move: Protect\n|-supereffective|p1a: Incineroar|1\n|-damage|p1a: Incineroar|17/100\n|-damage|p2a: Garchomp|90/100|[from] item: Life Orb\n|move|p2b: Charizard|Weather Ball|p1a: Incineroar\n|-resisted|p1a: Incineroar|1\n|-damage|p1a: Incineroar|0 fnt\n|faint|p1a: Incineroar\n|\n|-weather|SunnyDay|[upkeep]\n|upkeep\n|\n|t:|1788239447\n|switch|p1a: Venusaur|Venusaur, L50, F|100/100\n|turn|4\n|\n|t:|1788239461\n|move|p1a: Venusaur|Protect|p1a: Venusaur\n|-singleturn|p1a: Venusaur|Protect\n|move|p2a: Garchomp|Rock Slide|p1a: Venusaur|[spread] p1b\n|-activate|p1a: Venusaur|move: Protect\n|-supereffective|p1b: Charizard|2\n|-damage|p1b: Charizard|0 fnt\n|faint|p1b: Charizard\n|-damage|p2a: Garchomp|80/100|[from] item: Life Orb\n|move|p2b: Charizard|Heat Wave|p1a: Venusaur\n|-activate|p1a: Venusaur|move: Protect\n|\n|-weather|SunnyDay|[upkeep]\n|-sideend|p2: w0rms4f1ng3rs|move: Tailwind\n|upkeep\n|c|☆derainer|Damn I lost\n|c|☆derainer|Gg\n|\n|t:|1788239472\n|switch|p1b: Ninetales|Ninetales-Alola, L50, M|100/100\n|-weather|Snowscape|[from] ability: Snow Warning|[of] p1b: Ninetales\n|turn|5\n|\n|t:|1788239514\n|switch|p2a: Kingambit|Kingambit, L50, F|100/100\n|move|p1b: Ninetales|Icy Wind|p2a: Kingambit|[spread] p2a,p2b\n|-resisted|p2a: Kingambit|1\n|-damage|p2a: Kingambit|91/100\n|-damage|p2b: Charizard|59/100\n|-unboost|p2a: Kingambit|spe|1\n|-ability|p2a: Kingambit|Defiant|boost\n|-boost|p2a: Kingambit|atk|2\n|-unboost|p2b: Charizard|spe|1\n|move|p1a: Venusaur|Sludge Bomb|p2b: Charizard\n|-damage|p2b: Charizard|13/100\n|-damage|p1a: Venusaur|90/100|[from] item: Life Orb\n|move|p2b: Charizard|Weather Ball|p1a: Venusaur\n|-supereffective|p1a: Venusaur|1\n|-damage|p1a: Venusaur|2/100\n|\n|-weather|Snowscape|[upkeep]\n|upkeep\n|turn|6\n|-message|derainer forfeited.\n|raw|derainer's rating: 1113 &rarr; <strong>1092</strong><br />(-21 for losing)\n|raw|w0rms4f1ng3rs's rating: 1164 &rarr; <strong>1185</strong><br />(+21 for winning)\n|\n|win|w0rms4f1ng3rs\n","uploadtime":1788239534,"views":"0","formatid":"gen9championsvgc2026regmbbo3","rating":1092,"private":0,"password":null}