{"id":"gen9championsvgc2026regmb-2673898652","format":"[Gen 9 Champions] VGC 2026 Reg M-B","players":["IronSerpentFan","magicalarcher57"],"log":"|j|☆IronSerpentFan\n|j|☆magicalarcher57\n|html|<table width=\"100%\"><tr><td align=\"left\">IronSerpentFan</td><td align=\"right\">magicalarcher57</tr><tr><td align=\"left\"><i class=\"fa fa-circle-o\"></i> <i class=\"fa fa-circle-o\"></i> </td><td align=\"right\"><i class=\"fa fa-circle-o\"></i> <i class=\"fa fa-circle\"></i> </tr></table>\n|uhtml|bestof|<h2><strong>Game 2</strong> of <a href=\"/game-bestof3-gen9championsvgc2026regmb-2673895361\">a best-of-3</a></h2>\n|t:|1788274618\n|gametype|doubles\n|player|p1|IronSerpentFan|schoolkid-gen4|\n|player|p2|magicalarcher57|cynthia-masters|\n|gen|9\n|tier|[Gen 9 Champions] VGC 2026 Reg M-B\n|rated|Tournament battle\n|rule|Species Clause: Limit one of each Pokémon\n|rule|Item Clause: Limit 1 of each item\n|raw|<div class=\"infobox\"><details class=\"readmore\" open><summary><strong>2 custom rules:</strong></summary> Force Open Team Sheets, Best of = 3</details></div>\n|clearpoke\n|poke|p1|Politoed, L50, M|\n|poke|p1|Gengar, L50, M|\n|poke|p1|Incineroar, L50, M|\n|poke|p1|Sinistcha, L50|\n|poke|p1|Whimsicott, L50, M|\n|poke|p1|Staraptor, L50, M|\n|poke|p2|Raichu, L50, M, shiny|\n|poke|p2|Garchomp, L50, M, shiny|\n|poke|p2|Whimsicott, L50, M, shiny|\n|poke|p2|Kingambit, L50, F, shiny|\n|poke|p2|Charizard, L50, F, shiny|\n|poke|p2|Basculegion, L50, M|\n|teampreview|4\n|showteam|p1|Politoed||SitrusBerry|Drizzle|Protect,Encore,WeatherBall,PerishSong|Modest||M|||50|]Gengar||Gengarite|CursedBody|Protect,Disable,ShadowBall,SludgeBomb|Timid||M|||50|]Incineroar||PasshoBerry|Intimidate|Protect,FakeOut,ThroatChop,PartingShot|Sassy||M|||50|]Sinistcha||ColburBerry|Hospitality|Protect,RagePowder,MatchaGotcha,TrickRoom|Sassy|||||50|]Whimsicott||FocusSash|Prankster|Protect,Tailwind,Moonblast,Charm|Timid||M|||50|]Staraptor||Staraptite|Intimidate|Protect,Roost,CloseCombat,BraveBird|Jolly||M|||50|\n|showteam|p2|Raichu||RaichuniteY|LightningRod|FakeOut,FocusBlast,ZapCannon,Protect|Timid||M|||50|]Garchomp||LifeOrb|RoughSkin|DragonClaw,RockSlide,StompingTantrum,Protect|Jolly||M|||50|]Whimsicott||FocusSash|Prankster|Moonblast,Tailwind,Protect,Encore|Timid||M|||50|]Kingambit||BlackGlasses|Defiant|SuckerPunch,KowtowCleave,IronHead,Protect|Adamant||F|||50|]Charizard||CharizarditeY|Blaze|WeatherBall,AncientPower,HeatWave,Protect|Modest||F|||50|]Basculegion||MysticWater|Adaptability|WaveCrash,LastRespects,AquaJet,Protect|Adamant||M|||50|\n|inactive|Battle timer is ON: inactive players will automatically lose when time's up. (requested by magicalarcher57)\n|j|+Ramen Broth\n|inactive|IronSerpentFan also wants the timer to be on.\n|j| endershovel\n|j| s!dd_1\n|inactive|IronSerpentFan has 60 seconds left.\n|\n|t:|1788274656\n|teamsize|p1|4\n|teamsize|p2|4\n|start\n|switch|p1a: Staraptor|Staraptor, L50, M|100/100\n|switch|p1b: Sinistcha|Sinistcha, L50|100/100\n|switch|p2a: Whimsicott|Whimsicott, L50, M, shiny|100/100\n|switch|p2b: Raichu|Raichu, L50, M, shiny|100/100\n|-ability|p1a: Staraptor|Intimidate|boost\n|-unboost|p2a: Whimsicott|atk|1\n|-unboost|p2b: Raichu|atk|1\n|turn|1\n|j| OSSSB\n|inactive|IronSerpentFan has 30 seconds left.\n|\n|t:|1788274685\n|detailschange|p2b: Raichu|Raichu-Mega-Y, L50, M, shiny\n|-mega|p2b: Raichu|Raichu|Raichunite Y\n|detailschange|p1a: Staraptor|Staraptor-Mega, L50, M\n|-mega|p1a: Staraptor|Staraptor|Staraptite\n|move|p1b: Sinistcha|Rage Powder|p1b: Sinistcha\n|-singleturn|p1b: Sinistcha|move: Rage Powder\n|move|p2b: Raichu|Zap Cannon|p1b: Sinistcha\n|-resisted|p1b: Sinistcha|1\n|-damage|p1b: Sinistcha|71/100\n|-status|p1b: Sinistcha|par\n|move|p2a: Whimsicott|Moonblast|p1a: Staraptor\n|-supereffective|p1a: Staraptor|1\n|-damage|p1a: Staraptor|36/100\n|move|p1a: Staraptor|Close Combat|p2b: Raichu\n|-damage|p2b: Raichu|7/100\n|-boost|p1a: Staraptor|def|1\n|-boost|p1a: Staraptor|spd|1\n|\n|upkeep\n|turn|2\n|inactive|IronSerpentFan has 30 seconds left.\n|inactive|IronSerpentFan has 20 seconds left.\n|\n|t:|1788274723\n|switch|p2b: Kingambit|Kingambit, L50, F, shiny|100/100\n|move|p1a: Staraptor|Protect|p1a: Staraptor\n|-singleturn|p1a: Staraptor|Protect\n|move|p2a: Whimsicott|Moonblast|p1a: Staraptor\n|-activate|p1a: Staraptor|move: Protect\n|move|p1b: Sinistcha|Matcha Gotcha|p2a: Whimsicott|[spread] p2a,p2b\n|-resisted|p2a: Whimsicott|1\n|-resisted|p2b: Kingambit|1\n|-damage|p2a: Whimsicott|80/100\n|-heal|p1b: Sinistcha|78/100 par|[from] drain|[of] p2a: Whimsicott\n|-damage|p2b: Kingambit|87/100\n|-heal|p1b: Sinistcha|85/100 par|[from] drain|[of] p2b: Kingambit\n|\n|upkeep\n|turn|3\n|inactive|IronSerpentFan has 30 seconds left.\n|\n|t:|1788274749\n|switch|p1a: Politoed|Politoed, L50, M|100/100\n|-weather|RainDance|[from] ability: Drizzle|[of] p1a: Politoed\n|switch|p1b: Whimsicott|Whimsicott, L50, M|100/100\n|move|p2a: Whimsicott|Moonblast|p1a: Politoed\n|-damage|p1a: Politoed|67/100\n|move|p2b: Kingambit|Kowtow Cleave|p1b: Whimsicott\n|-resisted|p1b: Whimsicott|1\n|-damage|p1b: Whimsicott|52/100\n|\n|-weather|RainDance|[upkeep]\n|upkeep\n|turn|4\n|\n|t:|1788274762\n|move|p1b: Whimsicott|Protect|p1b: Whimsicott\n|-singleturn|p1b: Whimsicott|Protect\n|move|p2a: Whimsicott|Tailwind|p2a: Whimsicott\n|-sidestart|p2: magicalarcher57|move: Tailwind\n|move|p2b: Kingambit|Iron Head|p1b: Whimsicott\n|-activate|p1b: Whimsicott|move: Protect\n|move|p1a: Politoed|Encore|p2a: Whimsicott\n|-start|p2a: Whimsicott|Encore\n|\n|-weather|RainDance|[upkeep]\n|upkeep\n|turn|5\n|\n|t:|1788274775\n|switch|p2a: Garchomp|Garchomp, L50, M, shiny|100/100\n|switch|p1a: Staraptor|Staraptor-Mega, L50, M|36/100\n|move|p1b: Whimsicott|Charm|p1a: Staraptor\n|-boost|p1a: Staraptor|atk|2\n|move|p2b: Kingambit|Iron Head|p1b: Whimsicott\n|-supereffective|p1b: Whimsicott|1\n|-damage|p1b: Whimsicott|0 fnt\n|faint|p1b: Whimsicott\n|\n|-weather|RainDance|[upkeep]\n|upkeep\n|\n|t:|1788274781\n|switch|p1b: Sinistcha|Sinistcha, L50|85/100 par\n|-heal|p1a: Staraptor|61/100|[from] ability: Hospitality|[of] p1b: Sinistcha\n|turn|6\n|\n|t:|1788274797\n|move|p1b: Sinistcha|Rage Powder|p1b: Sinistcha\n|-singleturn|p1b: Sinistcha|move: Rage Powder\n|move|p2a: Garchomp|Rock Slide|p1a: Staraptor|[spread] p1a,p1b\n|-damage|p1a: Staraptor|36/100\n|-damage|p1b: Sinistcha|63/100 par\n|-damage|p2a: Garchomp|90/100|[from] item: Life Orb\n|move|p2b: Kingambit|Kowtow Cleave|p1b: Sinistcha\n|-supereffective|p1b: Sinistcha|1\n|-enditem|p1b: Sinistcha|Colbur Berry|[eat]\n|-enditem|p1b: Sinistcha|Colbur Berry|[weaken]\n|-damage|p1b: Sinistcha|6/100 par\n|move|p1a: Staraptor|Close Combat|p2b: Kingambit\n|-supereffective|p2b: Kingambit|2\n|-damage|p2b: Kingambit|0 fnt\n|-boost|p1a: Staraptor|def|1\n|-boost|p1a: Staraptor|spd|1\n|faint|p2b: Kingambit\n|\n|-weather|RainDance|[upkeep]\n|upkeep\n|\n|t:|1788274807\n|switch|p2b: Whimsicott|Whimsicott, L50, M, shiny|80/100\n|turn|7\n|inactive|IronSerpentFan has 30 seconds left.\n|\n|t:|1788274833\n|switch|p1a: Politoed|Politoed, L50, M|67/100\n|move|p2b: Whimsicott|Moonblast|p1a: Politoed\n|-damage|p1a: Politoed|36/100\n|-enditem|p1a: Politoed|Sitrus Berry|[eat]\n|-heal|p1a: Politoed|61/100|[from] item: Sitrus Berry\n|move|p2a: Garchomp|Rock Slide|p1a: Politoed|[spread] p1a\n|-miss|p2a: Garchomp|p1b: Sinistcha\n|-crit|p1a: Politoed\n|-damage|p1a: Politoed|27/100\n|-damage|p2a: Garchomp|80/100|[from] item: Life Orb\n|move|p1b: Sinistcha|Trick Room|p1b: Sinistcha\n|-fieldstart|move: Trick Room|[of] p1b: Sinistcha\n|\n|-weather|none\n|-sideend|p2: magicalarcher57|move: Tailwind\n|upkeep\n|turn|8\n|\n|t:|1788274849\n|move|p2b: Whimsicott|Encore|p1b: Sinistcha\n|-start|p1b: Sinistcha|Encore\n|move|p1a: Politoed|Perish Song|p1a: Politoed\n|-start|p1a: Politoed|perish3|[silent]\n|-start|p1b: Sinistcha|perish3|[silent]\n|-start|p2a: Garchomp|perish3|[silent]\n|-start|p2b: Whimsicott|perish3|[silent]\n|-fieldactivate|move: Perish Song\n|move|p2a: Garchomp|Rock Slide|p1b: Sinistcha|[spread] p1a,p1b\n|-damage|p1a: Politoed|1/100\n|-damage|p1b: Sinistcha|0 fnt\n|faint|p1b: Sinistcha\n|-damage|p2a: Garchomp|70/100|[from] item: Life Orb\n|\n|-start|p1a: Politoed|perish3\n|-start|p2a: Garchomp|perish3\n|-start|p2b: Whimsicott|perish3\n|upkeep\n|\n|t:|1788274853\n|switch|p1b: Staraptor|Staraptor-Mega, L50, M|36/100\n|turn|9\n|\n|t:|1788274861\n|move|p1a: Politoed|Encore||[still]\n|-fail|p1a: Politoed\n|move|p2a: Garchomp|Rock Slide|p1a: Politoed|[spread] p1a,p1b\n|-crit|p1a: Politoed\n|-damage|p1a: Politoed|0 fnt\n|-damage|p1b: Staraptor|11/100\n|faint|p1a: Politoed\n|-damage|p2a: Garchomp|61/100|[from] item: Life Orb\n|move|p1b: Staraptor|Roost|p1b: Staraptor\n|-heal|p1b: Staraptor|61/100\n|-singleturn|p1b: Staraptor|move: Roost\n|move|p2b: Whimsicott|Moonblast|p1b: Staraptor\n|-supereffective|p1b: Staraptor|1\n|-damage|p1b: Staraptor|0 fnt\n|faint|p1b: Staraptor\n|\n|win|magicalarcher57\n|c|☆magicalarcher57|gg\n|l|☆magicalarcher57\n|player|p2|\n|c|☆IronSerpentFan|gg\n","uploadtime":1788274861,"views":"1","formatid":"gen9championsvgc2026regmb","rating":null,"private":0,"password":null}