{"id":"gen9championsvgc2026regmb-2674902111","format":"[Gen 9 Champions] VGC 2026 Reg M-B","players":["Diriana","Thornlace48812"],"log":"|j|☆Diriana\n|j|☆Thornlace48812\n|t:|1788432669\n|gametype|doubles\n|player|p1|Diriana|miku-flying|1398\n|player|p2|Thornlace48812|102|1382\n|gen|9\n|tier|[Gen 9 Champions] VGC 2026 Reg M-B\n|rated|\n|rule|Species Clause: Limit one of each Pokémon\n|rule|Item Clause: Limit 1 of each item\n|clearpoke\n|poke|p1|Basculegion, L50, M|\n|poke|p1|Froslass, L50, F|\n|poke|p1|Kingambit, L50, M|\n|poke|p1|Lycanroc-Dusk, L50, M|\n|poke|p1|Scovillain, L50, M, shiny|\n|poke|p1|Sneasler, L50, M|\n|poke|p2|Garchomp, L50, F|\n|poke|p2|Charizard, L50, M|\n|poke|p2|Whimsicott, L50, F|\n|poke|p2|Sylveon, L50, M|\n|poke|p2|Kingambit, L50, M|\n|poke|p2|Basculegion, L50, M|\n|teampreview|4\n|inactive|Battle timer is ON: inactive players will automatically lose when time's up. (requested by Thornlace48812)\nThornlace48812 rejected open team sheets.\n|\n|t:|1788432687\n|teamsize|p1|4\n|teamsize|p2|4\n|start\n|switch|p1a: Oni|Froslass, L50, F|100/100\n|switch|p1b: Apostle|Lycanroc-Dusk, L50, M|100/100\n|switch|p2a: Charizard|Charizard, L50, M|100/100\n|switch|p2b: Kingambit|Kingambit, L50, M|100/100\n|turn|1\n|\n|t:|1788432698\n|detailschange|p1a: Oni|Froslass-Mega, L50, F\n|-mega|p1a: Oni|Froslass|Froslassite\n|-weather|Snowscape|[from] ability: Snow Warning|[of] p1a: Oni\n|detailschange|p2a: Charizard|Charizard-Mega-Y, L50, M\n|-mega|p2a: Charizard|Charizard|Charizardite Y\n|-weather|SunnyDay|[from] ability: Drought|[of] p2a: Charizard\n|move|p1b: Apostle|Close Combat|p2b: Kingambit\n|-supereffective|p2b: Kingambit|2\n|-damage|p2b: Kingambit|0 fnt\n|-unboost|p1b: Apostle|def|1\n|-unboost|p1b: Apostle|spd|1\n|faint|p2b: Kingambit\n|-end|p2b: Kingambit|fallenundefined|[silent]\n|move|p1a: Oni|Blizzard|p2a: Charizard\n|-damage|p2a: Charizard|42/100\n|move|p2a: Charizard|Heat Wave|p1b: Apostle|[spread] p1a,p1b\n|-supereffective|p1a: Oni|1\n|-resisted|p1b: Apostle|1\n|-damage|p1a: Oni|0 fnt\n|-damage|p1b: Apostle|11/100\n|faint|p1a: Oni\n|\n|-weather|SunnyDay|[upkeep]\n|upkeep\n|\n|t:|1788432718\n|switch|p1a: Casino|Sneasler, L50, M|100/100\n|switch|p2b: Sylveon|Sylveon, L50, M|100/100\n|turn|2\n|\n|t:|1788432725\n|move|p2a: Charizard|Protect|p2a: Charizard\n|-singleturn|p2a: Charizard|Protect\n|move|p1a: Casino|Fake Out|p2b: Sylveon\n|-damage|p2b: Sylveon|81/100\n|move|p1b: Apostle|Rock Slide|p2b: Sylveon|[spread] p2b\n|-activate|p2a: Charizard|move: Protect\n|-damage|p2b: Sylveon|44/100\n|cant|p2b: Sylveon|flinch\n|\n|-weather|SunnyDay|[upkeep]\n|upkeep\n|turn|3\n|\n|t:|1788432738\n|move|p1b: Apostle|Accelerock|p2a: Charizard\n|-supereffective|p2a: Charizard|2\n|-damage|p2a: Charizard|0 fnt\n|faint|p2a: Charizard\n|move|p1a: Casino|Dire Claw|p2b: Sylveon\n|-supereffective|p2b: Sylveon|1\n|-damage|p2b: Sylveon|0 fnt\n|faint|p2b: Sylveon\n|\n|-weather|SunnyDay|[upkeep]\n|upkeep\n|\n|t:|1788432738\n|switch|p2b: Basculegion|Basculegion, L50, M|100/100\n|turn|4\n|\n|t:|1788432752\n|move|p1b: Apostle|Accelerock|p2b: Basculegion\n|-damage|p2b: Basculegion|65/100\n|move|p1a: Casino|Dire Claw|p2b: Basculegion\n|-resisted|p2b: Basculegion|1\n|-damage|p2b: Basculegion|44/100\n|move|p2b: Basculegion|Last Respects|p1b: Apostle\n|-damage|p1b: Apostle|0 fnt\n|faint|p1b: Apostle\n|\n|-weather|SunnyDay|[upkeep]\n|upkeep\n|\n|t:|1788432761\n|switch|p1b: Shotgun|Basculegion, L50, M|100/100\n|turn|5\n|\n|t:|1788432774\n|move|p1b: Shotgun|Aqua Jet|p2b: Basculegion\n|-resisted|p2b: Basculegion|1\n|-damage|p2b: Basculegion|34/100\n|-damage|p1b: Shotgun|90/100|[from] item: Life Orb\n|move|p1a: Casino|Dire Claw|p2b: Basculegion\n|-resisted|p2b: Basculegion|1\n|-damage|p2b: Basculegion|11/100\n|move|p2b: Basculegion|Last Respects|p1b: Shotgun\n|-supereffective|p1b: Shotgun|1\n|-damage|p1b: Shotgun|0 fnt\n|faint|p1b: Shotgun\n|\n|-weather|none\n|upkeep\n|turn|6\n|\n|t:|1788432788\n|move|p1a: Casino|Dire Claw|p2b: Basculegion\n|-resisted|p2b: Basculegion|1\n|-damage|p2b: Basculegion|0 fnt\n|faint|p2b: Basculegion\n|\n|win|Diriana\n|raw|Diriana's rating: 1398 &rarr; <strong>1414</strong><br />(+16 for winning)\n|raw|Thornlace48812's rating: 1334 &rarr; <strong>1318</strong><br />(-16 for losing)\n","uploadtime":1788432789,"views":"1","formatid":"gen9championsvgc2026regmb","rating":1318,"private":0,"password":null}