{"id":"gen9championsvgc2026regmb-2674550241","format":"[Gen 9 Champions] VGC 2026 Reg M-B","players":["Sammias","elektriktoad2"],"log":"|j|☆Sammias\n|j|☆elektriktoad2\n|t:|1788372867\n|gametype|doubles\n|player|p1|Sammias|miku-ground|1647\n|player|p2|elektriktoad2|janine|1716\n|gen|9\n|tier|[Gen 9 Champions] VGC 2026 Reg M-B\n|rated|\n|rule|Species Clause: Limit one of each Pokémon\n|rule|Item Clause: Limit 1 of each item\n|clearpoke\n|poke|p1|Floette-Eternal, L50, F|\n|poke|p1|Kingambit, L50, M|\n|poke|p1|Sneasler, L50, F|\n|poke|p1|Whimsicott, L50, F, shiny|\n|poke|p1|Basculegion, L50, M|\n|poke|p1|Kommo-o, L50, F|\n|poke|p2|Victreebel, L50, M|\n|poke|p2|Sneasler, L50, F|\n|poke|p2|Corviknight, L50, M|\n|poke|p2|Sableye, L50, M|\n|poke|p2|Kingambit, L50, F|\n|poke|p2|Raichu, L50, M|\n|teampreview|4\n|inactive|Battle timer is ON: inactive players will automatically lose when time's up. (requested by Sammias)\n|inactive|Sammias has 60 seconds left.\n|\n|t:|1788372906\n|teamsize|p1|4\n|teamsize|p2|4\n|start\n|switch|p1a: Basculegion|Basculegion, L50, M|100/100\n|switch|p1b: Sneasler|Sneasler, L50, F|100/100\n|switch|p2a: Victreebel|Victreebel, L50, M|100/100\n|switch|p2b: Sneasler|Sneasler, L50, F|100/100\n|turn|1\n|\n|t:|1788372916\n|detailschange|p2a: Victreebel|Victreebel-Mega, L50, M\n|-mega|p2a: Victreebel|Victreebel|Victreebelite\n|move|p2b: Sneasler|Protect|p2b: Sneasler\n|-singleturn|p2b: Sneasler|Protect\n|move|p1b: Sneasler|Fake Out|p2a: Victreebel\n|-damage|p2a: Victreebel|85/100\n|move|p1a: Basculegion|Wave Crash|p2b: Sneasler\n|-activate|p2b: Sneasler|move: Protect\n|cant|p2a: Victreebel|flinch\n|\n|upkeep\n|turn|2\n|\n|t:|1788372929\n|move|p1a: Basculegion|Wave Crash|p2b: Sneasler\n|-enditem|p2b: Sneasler|Focus Sash\n|-damage|p2b: Sneasler|1/100\n|-damage|p1a: Basculegion|74/100|[from] Recoil\n|move|p1b: Sneasler|Dire Claw|p2b: Sneasler\n|-resisted|p2b: Sneasler|1\n|-damage|p2b: Sneasler|0 fnt\n|faint|p2b: Sneasler\n|move|p2a: Victreebel|Giga Drain|p1a: Basculegion\n|-supereffective|p1a: Basculegion|1\n|-damage|p1a: Basculegion|0 fnt\n|-heal|p2a: Victreebel|100/100|[from] drain|[of] p1a: Basculegion\n|faint|p1a: Basculegion\n|\n|upkeep\n|\n|t:|1788372940\n|switch|p2b: Sableye|Sableye, L50, M|100/100\n|switch|p1a: Kommo-o|Kommo-o, L50, F|100/100\n|turn|3\n|\n|t:|1788372951\n|move|p2b: Sableye|Disable|p1b: Sneasler\n|-start|p1b: Sneasler|Disable|Dire Claw\n|move|p1b: Sneasler|Taunt|p2b: Sableye\n|-start|p2b: Sableye|move: Taunt\n|move|p1a: Kommo-o|Clanging Scales|p2b: Sableye|[spread] p2a,p2b\n|-damage|p2a: Victreebel|41/100\n|-damage|p2b: Sableye|49/100\n|-unboost|p1a: Kommo-o|def|1\n|-damage|p1a: Kommo-o|90/100|[from] item: Life Orb\n|move|p2a: Victreebel|Sludge Bomb|p1a: Kommo-o\n|-immune|p1a: Kommo-o|[from] ability: Bulletproof\n|\n|upkeep\n|turn|4\n|inactive|elektriktoad2 has 30 seconds left.\n|\n|t:|1788372981\n|move|p2a: Victreebel|Sucker Punch|p1a: Kommo-o\n|-resisted|p1a: Kommo-o|1\n|-crit|p1a: Kommo-o\n|-damage|p1a: Kommo-o|69/100\n|move|p1b: Sneasler|Close Combat|p2a: Victreebel\n|-resisted|p2a: Victreebel|1\n|-damage|p2a: Victreebel|5/100\n|-unboost|p1b: Sneasler|def|1\n|-unboost|p1b: Sneasler|spd|1\n|-enditem|p1b: Sneasler|White Herb\n|-clearnegativeboost|p1b: Sneasler|[silent]\n|move|p1a: Kommo-o|Clanging Scales|p2a: Victreebel|[spread] p2a,p2b\n|-damage|p2a: Victreebel|0 fnt\n|-damage|p2b: Sableye|0 fnt\n|-damage|p1a: Kommo-o|62/100|[from] ability: Innards Out|[of] p2a: Victreebel\n|faint|p2a: Victreebel\n|faint|p2b: Sableye\n|-unboost|p1a: Kommo-o|def|1\n|-damage|p1a: Kommo-o|53/100|[from] item: Life Orb\n|\n|upkeep\n|\n|t:|1788372989\n|switch|p2a: Corviknight|Corviknight, L50, M|100/100\n|turn|5\n|\n|t:|1788372997\n|switch|p1a: Floette|Floette-Eternal, L50, F|100/100\n|move|p1b: Sneasler|Close Combat|p2a: Corviknight\n|-damage|p2a: Corviknight|57/100\n|-unboost|p1b: Sneasler|def|1\n|-unboost|p1b: Sneasler|spd|1\n|move|p2a: Corviknight|Body Press|p1a: Floette\n|-resisted|p1a: Floette|1\n|-damage|p1a: Floette|81/100\n|\n|-heal|p2a: Corviknight|62/100|[from] item: Leftovers\n|upkeep\n|turn|6\n|inactive|elektriktoad2 has 30 seconds left.\n|-message|elektriktoad2 forfeited.\n|\n|win|Sammias\n|raw|Sammias's rating: 1647 &rarr; <strong>1671</strong><br />(+24 for winning)\n|raw|elektriktoad2's rating: 1716 &rarr; <strong>1692</strong><br />(-24 for losing)\n|l|☆elektriktoad2\n|player|p2|\n","uploadtime":1788373030,"views":"0","formatid":"gen9championsvgc2026regmb","rating":1671,"private":0,"password":null}