{"id":"gen9championsvgc2026regmb-2674964661","format":"[Gen 9 Champions] VGC 2026 Reg M-B","players":["Gowl","TESTDIGI"],"log":"|j|☆Gowl\n|j|☆TESTDIGI\n|t:|1788442810\n|gametype|doubles\n|player|p1|Gowl|2|1335\n|player|p2|TESTDIGI|169|1334\n|gen|9\n|tier|[Gen 9 Champions] VGC 2026 Reg M-B\n|rated|\n|rule|Species Clause: Limit one of each Pokémon\n|rule|Item Clause: Limit 1 of each item\n|clearpoke\n|poke|p1|Charizard, L50, M|\n|poke|p1|Archaludon, L50, F|\n|poke|p1|Sableye, L50, M|\n|poke|p1|Rotom-Wash, L50|\n|poke|p1|Pelipper, L50, M|\n|poke|p1|Venusaur, L50, M|\n|poke|p2|Gholdengo, L50|\n|poke|p2|Staraptor, L50, F, shiny|\n|poke|p2|Tyranitar, L50, M|\n|poke|p2|Farigiraf, L50, F|\n|poke|p2|Whimsicott, L50, M, shiny|\n|poke|p2|Excadrill, L50, M|\n|teampreview|4\n|inactive|Battle timer is ON: inactive players will automatically lose when time's up. (requested by Gowl)\n|inactive|Gowl has 60 seconds left.\n|inactive|TESTDIGI has 60 seconds left.\n|\n|t:|1788442850\n|teamsize|p1|4\n|teamsize|p2|4\n|start\n|switch|p1a: Sableye|Sableye, L50, M|100/100\n|switch|p1b: Charizard|Charizard, L50, M|100/100\n|switch|p2a: Excadrill|Excadrill, L50, M|100/100\n|switch|p2b: Whimsicott|Whimsicott, L50, M, shiny|100/100\n|turn|1\n|inactive|Gowl has 30 seconds left.\n|inactive|Gowl has 20 seconds left.\n|\n|t:|1788442889\n|move|p1b: Charizard|Protect|p1b: Charizard\n|-singleturn|p1b: Charizard|Protect\n|move|p2b: Whimsicott|Tailwind|p2b: Whimsicott\n|-sidestart|p2: TESTDIGI|move: Tailwind\n|move|p2a: Excadrill|High Horsepower|p1a: Sableye\n|-damage|p1a: Sableye|52/100\n|move|p1a: Sableye|Foul Play|p2a: Excadrill\n|-damage|p2a: Excadrill|40/100\n|\n|upkeep\n|turn|2\n|\n|t:|1788442912\n|switch|p1b: Rotom|Rotom-Wash, L50|100/100\n|move|p2b: Whimsicott|Encore||[still]\n|-fail|p2b: Whimsicott\n|move|p1a: Sableye|Rain Dance|p1a: Sableye\n|-weather|RainDance\n|move|p2a: Excadrill|High Horsepower|p1a: Sableye\n|-damage|p1a: Sableye|3/100\n|\n|-weather|RainDance|[upkeep]\n|upkeep\n|turn|3\n|\n|t:|1788442929\n|move|p2b: Whimsicott|Moonblast|p1a: Sableye\n|-supereffective|p1a: Sableye|1\n|-damage|p1a: Sableye|0 fnt\n|faint|p1a: Sableye\n|move|p2a: Excadrill|Iron Head|p1b: Rotom\n|-resisted|p1b: Rotom|2\n|-damage|p1b: Rotom|89/100\n|cant|p1b: Rotom|flinch\n|\n|-weather|RainDance|[upkeep]\n|upkeep\n|\n|t:|1788442946\n|switch|p1a: Archaludon|Archaludon, L50, F|100/100\n|turn|4\n|\n|t:|1788442961\n|switch|p2b: Gholdengo|Gholdengo, L50|100/100\n|move|p1a: Archaludon|Protect|p1a: Archaludon\n|-singleturn|p1a: Archaludon|Protect\n|move|p2a: Excadrill|High Horsepower|p1a: Archaludon\n|-activate|p1a: Archaludon|move: Protect\n|move|p1b: Rotom|Hydro Pump|p2a: Excadrill\n|-supereffective|p2a: Excadrill|1\n|-damage|p2a: Excadrill|0 fnt\n|faint|p2a: Excadrill\n|\n|-weather|RainDance|[upkeep]\n|-sideend|p2: TESTDIGI|move: Tailwind\n|upkeep\n|\n|t:|1788442969\n|switch|p2a: Whimsicott|Whimsicott, L50, M, shiny|100/100\n|turn|5\n|\n|t:|1788442987\n|move|p2a: Whimsicott|Encore|p1a: Archaludon\n|-start|p1a: Archaludon|Encore\n|move|p1a: Archaludon|Protect|p1a: Archaludon\n|-singleturn|p1a: Archaludon|Protect\n|move|p2b: Gholdengo|Shadow Ball|p1b: Rotom\n|-damage|p1b: Rotom|34/100\n|-enditem|p1b: Rotom|Sitrus Berry|[eat]\n|-heal|p1b: Rotom|59/100|[from] item: Sitrus Berry\n|-damage|p2b: Gholdengo|90/100|[from] item: Life Orb\n|move|p1b: Rotom|Volt Switch|p2a: Whimsicott\n|-resisted|p2a: Whimsicott|1\n|-crit|p2a: Whimsicott\n|-damage|p2a: Whimsicott|58/100\n|\n|t:|1788443000\n|switch|p1b: Charizard|Charizard, L50, M|100/100|[from] Volt Switch\n|\n|-weather|RainDance|[upkeep]\n|upkeep\n|turn|6\n|\n|t:|1788443013\n|switch|p1a: Rotom|Rotom-Wash, L50|59/100\n|detailschange|p1b: Charizard|Charizard-Mega-Y, L50, M\n|-mega|p1b: Charizard|Charizard|Charizardite Y\n|-weather|SunnyDay|[from] ability: Drought|[of] p1b: Charizard\n|move|p2a: Whimsicott|Tailwind|p2a: Whimsicott\n|-sidestart|p2: TESTDIGI|move: Tailwind\n|move|p2b: Gholdengo|Power Gem|p1b: Charizard\n|-supereffective|p1b: Charizard|2\n|-damage|p1b: Charizard|0 fnt\n|faint|p1b: Charizard\n|-damage|p2b: Gholdengo|81/100|[from] item: Life Orb\n|\n|-weather|SunnyDay|[upkeep]\n|upkeep\n|l|☆Gowl\n|inactive|Gowl disconnected and has a minute to reconnect!\n|player|p1|\n|inactive|Gowl has 30 seconds left.\n|inactive|Gowl has 20 seconds left.\n|inactive|Gowl has 15 seconds left.\n|inactive|Gowl has 10 seconds left.\n|inactive|Gowl has 5 seconds left.\n|-message|Gowl lost due to inactivity.\n|\n|win|TESTDIGI\n","uploadtime":1788442812,"views":"4","formatid":"gen9championsvgc2026regmb","rating":null,"private":0,"password":null}