{"id":"gen9championsvgc2026regmb-2674955306","format":"[Gen 9 Champions] VGC 2026 Reg M-B","players":["OwnTiempooo","Quaaloods"],"log":"|j|‽OwnTiempooo\n|j|☆Quaaloods\n|t:|1788441537\n|gametype|doubles\n|player|p1|OwnTiempooo|palmer|1129\n|player|p2|Quaaloods|petrel|1155\n|gen|9\n|tier|[Gen 9 Champions] VGC 2026 Reg M-B\n|rated|\n|rule|Species Clause: Limit one of each Pokémon\n|rule|Item Clause: Limit 1 of each item\n|clearpoke\n|poke|p1|Gengar, L50, M|\n|poke|p1|Incineroar, L50, F|\n|poke|p1|Sneasler, L50, F|\n|poke|p1|Ninetales-Alola, L50, M|\n|poke|p1|Swampert, L50, F|\n|poke|p1|Dragonite, L50, F|\n|poke|p2|Ceruledge, L50, M|\n|poke|p2|Farigiraf, L50, F|\n|poke|p2|Sinistcha, L50|\n|poke|p2|Floette-Eternal, L50, F|\n|poke|p2|Incineroar, L50, M|\n|poke|p2|Golurk, L50|\n|teampreview|4\n|\n|t:|1788441568\n|teamsize|p1|4\n|teamsize|p2|4\n|start\n|switch|p1a: Dragonite|Dragonite, L50, F|100/100\n|switch|p1b: Gengar|Gengar, L50, M|100/100\n|switch|p2a: Deus Vult|Ceruledge, L50, M|100/100\n|switch|p2b: Télétubbies|Farigiraf, L50, F|100/100\n|turn|1\n|\n|t:|1788441602\n|detailschange|p1b: Gengar|Gengar-Mega, L50, M\n|-mega|p1b: Gengar|Gengar|Gengarite\n|move|p1b: Gengar|Shadow Ball|p2a: Deus Vult\n|-supereffective|p2a: Deus Vult|1\n|-enditem|p2a: Deus Vult|Focus Sash\n|-damage|p2a: Deus Vult|1/100\n|move|p2a: Deus Vult|Poltergeist|p1b: Gengar\n|-activate|p1b: Gengar|move: Poltergeist|Gengarite\n|-supereffective|p1b: Gengar|1\n|-damage|p1b: Gengar|0 fnt\n|faint|p1b: Gengar\n|move|p1a: Dragonite|Dragon Claw|p2b: Télétubbies\n|-damage|p2b: Télétubbies|53/100\n|-damage|p1a: Dragonite|90/100|[from] item: Life Orb\n|move|p2b: Télétubbies|Psychic Noise|p1a: Dragonite\n|-damage|p1a: Dragonite|66/100\n|-start|p1a: Dragonite|move: Heal Block\n|\n|upkeep\n|\n|t:|1788441627\n|switch|p1b: Sneasler|Sneasler, L50, F|100/100\n|turn|2\n|\n|t:|1788441641\n|switch|p2a: Incineroar|Incineroar, L50, M|100/100\n|-ability|p2a: Incineroar|Intimidate|boost\n|-fail|p1a: Dragonite|unboost|atk|[from] ability: Inner Focus|[of] p1a: Dragonite\n|-unboost|p1b: Sneasler|atk|1\n|move|p1b: Sneasler|Rock Slide|p2b: Télétubbies|[spread] p2a,p2b\n|-supereffective|p2a: Incineroar|1\n|-damage|p2a: Incineroar|76/100\n|-damage|p2b: Télétubbies|41/100\n|-enditem|p2b: Télétubbies|Sitrus Berry|[eat]\n|-heal|p2b: Télétubbies|66/100|[from] item: Sitrus Berry\n|move|p1a: Dragonite|Dragon Claw|p2b: Télétubbies\n|-damage|p2b: Télétubbies|18/100\n|-damage|p1a: Dragonite|56/100|[from] item: Life Orb\n|cant|p2b: Télétubbies|flinch\n|\n|-end|p1a: Dragonite|move: Heal Block\n|upkeep\n|turn|3\n|\n|t:|1788441673\n|move|p1b: Sneasler|Protect|p1b: Sneasler\n|-singleturn|p1b: Sneasler|Protect\n|move|p1a: Dragonite|Superpower|p2a: Incineroar\n|-supereffective|p2a: Incineroar|1\n|-enditem|p2a: Incineroar|Chople Berry|[eat]\n|-enditem|p2a: Incineroar|Chople Berry|[weaken]\n|-damage|p2a: Incineroar|23/100\n|-unboost|p1a: Dragonite|atk|1\n|-unboost|p1a: Dragonite|def|1\n|-damage|p1a: Dragonite|47/100|[from] item: Life Orb\n|move|p2a: Incineroar|Parting Shot|p1a: Dragonite\n|-unboost|p1a: Dragonite|atk|1\n|-unboost|p1a: Dragonite|spa|1\n|\n|t:|1788441684\n|switch|p2a: Tomorrowland|Golurk, L50|100/100|[from] Parting Shot\n|move|p2b: Télétubbies|Trick Room|p2b: Télétubbies\n|-fieldstart|move: Trick Room|[of] p2b: Télétubbies\n|\n|upkeep\n|turn|4\n|\n|t:|1788441712\n|detailschange|p2a: Tomorrowland|Golurk-Mega, L50\n|-mega|p2a: Tomorrowland|Golurk|Golurkite\n|move|p1a: Dragonite|Protect|p1a: Dragonite\n|-singleturn|p1a: Dragonite|Protect\n|move|p2a: Tomorrowland|Headlong Rush|p1b: Sneasler\n|-supereffective|p1b: Sneasler|1\n|-enditem|p1b: Sneasler|Focus Sash\n|-damage|p1b: Sneasler|1/100\n|-unboost|p2a: Tomorrowland|def|1\n|-unboost|p2a: Tomorrowland|spd|1\n|move|p2b: Télétubbies|Psychic Noise|p1b: Sneasler\n|-supereffective|p1b: Sneasler|2\n|-damage|p1b: Sneasler|0 fnt\n|faint|p1b: Sneasler\n|\n|upkeep\n|\n|t:|1788441726\n|switch|p1b: Swampert|Swampert, L50, F|100/100\n|turn|5\n|\n|t:|1788441737\n|move|p2b: Télétubbies|Helping Hand|p2a: Tomorrowland\n|-singleturn|p2a: Tomorrowland|Helping Hand|[of] p2b: Télétubbies\n|move|p1a: Dragonite|Extreme Speed||[still]\n|cant|p2b: Télétubbies|ability: Armor Tail|Extreme Speed|[of] p1a: Dragonite\n|move|p2a: Tomorrowland|Headlong Rush|p1b: Swampert\n|-damage|p1b: Swampert|3/100\n|-unboost|p2a: Tomorrowland|def|1\n|-unboost|p2a: Tomorrowland|spd|1\n|move|p1b: Swampert|Flip Turn|p2a: Tomorrowland\n|-supereffective|p2a: Tomorrowland|1\n|-damage|p2a: Tomorrowland|0 fnt\n|faint|p2a: Tomorrowland\n|\n|-heal|p1b: Swampert|9/100|[from] item: Leftovers\n|upkeep\n|\n|t:|1788441777\n|switch|p2a: Incineroar|Incineroar, L50, M|23/100\n|-ability|p2a: Incineroar|Intimidate|boost\n|-fail|p1a: Dragonite|unboost|atk|[from] ability: Inner Focus|[of] p1a: Dragonite\n|-unboost|p1b: Swampert|atk|1\n|turn|6\n|\n|t:|1788441789\n|move|p1b: Swampert|Protect|p1b: Swampert\n|-singleturn|p1b: Swampert|Protect\n|move|p2a: Incineroar|Fake Out|p1b: Swampert\n|-activate|p1b: Swampert|move: Protect\n|move|p2b: Télétubbies|Psychic Noise|p1a: Dragonite\n|-damage|p1a: Dragonite|22/100\n|-start|p1a: Dragonite|move: Heal Block\n|move|p1a: Dragonite|Dragon Claw|p2b: Télétubbies\n|-damage|p2b: Télétubbies|0 fnt\n|faint|p2b: Télétubbies\n|-damage|p1a: Dragonite|12/100|[from] item: Life Orb\n|\n|-heal|p1b: Swampert|15/100|[from] item: Leftovers\n|upkeep\n|\n|t:|1788441804\n|switch|p2b: Deus Vult|Ceruledge, L50, M|1/100\n|turn|7\n|\n|t:|1788441823\n|move|p1a: Dragonite|Extreme Speed|p2a: Incineroar\n|-damage|p2a: Incineroar|4/100\n|-damage|p1a: Dragonite|3/100|[from] item: Life Orb\n|move|p2b: Deus Vult|Shadow Sneak|p1a: Dragonite\n|-damage|p1a: Dragonite|0 fnt\n|faint|p1a: Dragonite\n|move|p1b: Swampert|Flip Turn|p2b: Deus Vult\n|-supereffective|p2b: Deus Vult|1\n|-damage|p2b: Deus Vult|0 fnt\n|faint|p2b: Deus Vult\n|move|p2a: Incineroar|Darkest Lariat|p1b: Swampert\n|-damage|p1b: Swampert|0 fnt\n|faint|p1b: Swampert\n|\n|win|Quaaloods\n|raw|OwnTiempooo's rating: 1129 &rarr; <strong>1106</strong><br />(-23 for losing)\n|raw|Quaaloods's rating: 1155 &rarr; <strong>1178</strong><br />(+23 for winning)\n|c|☆Quaaloods|gg\n|l|‽OwnTiempooo\n|player|p1|\n","uploadtime":1788442030,"views":"0","formatid":"gen9championsvgc2026regmb","rating":1106,"private":0,"password":null}