{"id":"gen9championsvgc2026regmbbo3-2674251565","format":"[Gen 9 Champions] VGC 2026 Reg M-B (Bo3)","players":["Joshee01","Fell Blue"],"log":"|j|☆Joshee01\n|j|☆Fell Blue\n|html|<table width=\"100%\"><tr><td align=\"left\">Joshee01</td><td align=\"right\">Fell Blue</tr><tr><td align=\"left\"><i class=\"fa fa-circle\"></i> <i class=\"fa fa-circle-o\"></i> </td><td align=\"right\"><i class=\"fa fa-circle-o\"></i> <i class=\"fa fa-circle\"></i> </tr></table>\n|uhtml|bestof|<h2><strong>Game 3</strong> of <a href=\"/game-bestof3-gen9championsvgc2026regmbbo3-2674248791\">a best-of-3</a></h2>\n|t:|1788323670\n|gametype|doubles\n|player|p1|Joshee01|2|1040\n|player|p2|Fell Blue|fantina|1164\n|gen|9\n|tier|[Gen 9 Champions] VGC 2026 Reg M-B (Bo3)\n|rated|\n|rule|Species Clause: Limit one of each Pokémon\n|rule|Item Clause: Limit 1 of each item\n|clearpoke\n|poke|p1|Gengar, L50, F|\n|poke|p1|Incineroar, L50, F|\n|poke|p1|Archaludon, L50, F|\n|poke|p1|Dragonite, L50, M|\n|poke|p1|Basculegion, L50, M|\n|poke|p1|Whimsicott, L50, M|\n|poke|p2|Incineroar, L50, M, shiny|\n|poke|p2|Farigiraf, L50, F, shiny|\n|poke|p2|Mawile, L50, F, shiny|\n|poke|p2|Basculegion, L50, M, shiny|\n|poke|p2|Ninetales-Alola, L50, F|\n|poke|p2|Raichu, L50, M, shiny|\n|teampreview|4\n|showteam|p1|Gengar||Gengarite|CursedBody|PerishSong,Protect,SludgeBomb,ShadowBall|Timid||F|||50|]Incineroar||SitrusBerry|Intimidate|DarkestLariat,FlareBlitz,FakeOut,PartingShot|Adamant||F|||50|]Archaludon||Leftovers|Stamina|DragonPulse,Protect,FlashCannon,RockSlide|Naive||F|||50|]Dragonite||Dragoninite|Multiscale|ExtremeSpeed,IceBeam,DragonPulse,Thunderbolt|Quiet||M|||50|]Basculegion||ChoiceScarf|Adaptability|FlipTurn,LastRespects,WaveCrash,PsychicFangs|Jolly||M|||50|]Whimsicott||FocusSash|Prankster|Tailwind,Encore,Moonblast,EnergyBall|Timid||M|||50|\n|showteam|p2|Incineroar||SitrusBerry|Intimidate|FakeOut,FlareBlitz,Assurance,PartingShot|Brave||M|||50|]Farigiraf||LifeOrb|ArmorTail|Protect,HyperVoice,Psychic,TrickRoom|Quiet||F|||50|]Mawile||Mawilite|HyperCutter|Protect,PlayRough,IronHead,SuckerPunch|Brave||F|||50|]Basculegion||ChoiceScarf|Adaptability|WaveCrash,LastRespects,AquaJet,FlipTurn|Jolly||M|||50|]Ninetales-Alola||FocusSash|SnowWarning|Protect,Blizzard,FreezeDry,Moonblast|Timid||F|||50|]Raichu||RaichuniteY|LightningRod|Protect,ZapCannon,FocusBlast,VoltSwitch|Timid||M|||50|\n|inactive|Battle timer is ON: inactive players will automatically lose when time's up. (requested by Joshee01)\n|inactive|Fell Blue has 60 seconds left.\n|\n|t:|1788323721\n|teamsize|p1|4\n|teamsize|p2|4\n|start\n|switch|p1a: Archaludon|Archaludon, L50, F|100/100\n|switch|p1b: Whimsicott|Whimsicott, L50, M|100/100\n|switch|p2a: Farigiraf|Farigiraf, L50, F, shiny|100/100\n|switch|p2b: Incineroar|Incineroar, L50, M, shiny|100/100\n|-ability|p2b: Incineroar|Intimidate|boost\n|-unboost|p1a: Archaludon|atk|1\n|-unboost|p1b: Whimsicott|atk|1\n|turn|1\n|\n|t:|1788323741\n|move|p2b: Incineroar|Fake Out|p1b: Whimsicott\n|-damage|p1b: Whimsicott|78/100\n|cant|p1b: Whimsicott|flinch\n|move|p1a: Archaludon|Dragon Pulse|p2a: Farigiraf\n|-damage|p2a: Farigiraf|55/100\n|move|p2a: Farigiraf|Trick Room|p2a: Farigiraf\n|-fieldstart|move: Trick Room|[of] p2a: Farigiraf\n|\n|upkeep\n|turn|2\n|\n|t:|1788323756\n|move|p2a: Farigiraf|Protect|p2a: Farigiraf\n|-singleturn|p2a: Farigiraf|Protect\n|move|p1b: Whimsicott|Encore||[still]\n|cant|p2a: Farigiraf|ability: Armor Tail|Encore|[of] p1b: Whimsicott\n|move|p2b: Incineroar|Flare Blitz|p1b: Whimsicott\n|-supereffective|p1b: Whimsicott|1\n|-damage|p1b: Whimsicott|0 fnt\n|faint|p1b: Whimsicott\n|-damage|p2b: Incineroar|82/100|[from] Recoil\n|move|p1a: Archaludon|Rock Slide|p2a: Farigiraf|[spread] p2b\n|-activate|p2a: Farigiraf|move: Protect\n|-supereffective|p2b: Incineroar|1\n|-damage|p2b: Incineroar|64/100\n|\n|upkeep\n|\n|t:|1788323772\n|switch|p1b: Dragonite|Dragonite, L50, M|100/100\n|turn|3\n|\n|t:|1788323788\n|detailschange|p1b: Dragonite|Dragonite-Mega, L50, M\n|-mega|p1b: Dragonite|Dragonite|Dragoninite\n|move|p1a: Archaludon|Protect|p1a: Archaludon\n|-singleturn|p1a: Archaludon|Protect\n|move|p2a: Farigiraf|Hyper Voice|p1a: Archaludon|[spread] p1b\n|-activate|p1a: Archaludon|move: Protect\n|-damage|p1b: Dragonite|85/100\n|-damage|p2a: Farigiraf|45/100|[from] item: Life Orb\n|move|p2b: Incineroar|Parting Shot|p1a: Archaludon\n|-activate|p1a: Archaludon|move: Protect\n|move|p1b: Dragonite|Thunderbolt|p2a: Farigiraf\n|-damage|p2a: Farigiraf|10/100\n|\n|upkeep\n|turn|4\n|\n|t:|1788323808\n|move|p2a: Farigiraf|Hyper Voice|p1a: Archaludon|[spread] p1a,p1b\n|-resisted|p1a: Archaludon|1\n|-damage|p1a: Archaludon|64/100\n|-damage|p1b: Dragonite|56/100\n|-ability|p1a: Archaludon|Stamina|boost\n|-boost|p1a: Archaludon|def|1\n|-damage|p2a: Farigiraf|1/100|[from] item: Life Orb\n|move|p2b: Incineroar|Parting Shot|p1a: Archaludon\n|-unboost|p1a: Archaludon|atk|1\n|-unboost|p1a: Archaludon|spa|1\n|\n|t:|1788323816\n|switch|p2b: Mawile|Mawile, L50, F, shiny|100/100|[from] Parting Shot\n|move|p1b: Dragonite|Thunderbolt|p2b: Mawile\n|-damage|p2b: Mawile|38/100\n|move|p1a: Archaludon|Rock Slide|p2a: Farigiraf|[spread] p2a\n|-miss|p1a: Archaludon|p2b: Mawile\n|-damage|p2a: Farigiraf|0 fnt\n|faint|p2a: Farigiraf\n|\n|-heal|p1a: Archaludon|70/100|[from] item: Leftovers\n|upkeep\n|\n|t:|1788323818\n|switch|p2a: Incineroar|Incineroar, L50, M, shiny|64/100\n|-ability|p2a: Incineroar|Intimidate|boost\n|-unboost|p1a: Archaludon|atk|1\n|-unboost|p1b: Dragonite|atk|1\n|turn|5\n|\n|t:|1788323835\n|switch|p1b: Basculegion|Basculegion, L50, M|100/100\n|detailschange|p2b: Mawile|Mawile-Mega, L50, F, shiny\n|-mega|p2b: Mawile|Mawile|Mawilite\n|move|p1a: Archaludon|Protect|p1a: Archaludon\n|-singleturn|p1a: Archaludon|Protect\n|move|p2a: Incineroar|Fake Out|p1b: Basculegion\n|-immune|p1b: Basculegion\n|move|p2b: Mawile|Play Rough|p1a: Archaludon\n|-activate|p1a: Archaludon|move: Protect\n|\n|-heal|p1a: Archaludon|76/100|[from] item: Leftovers\n|-fieldend|move: Trick Room\n|upkeep\n|turn|6\n|\n|t:|1788323856\n|move|p2b: Mawile|Sucker Punch|p1b: Basculegion\n|-supereffective|p1b: Basculegion|1\n|-damage|p1b: Basculegion|0 fnt\n|faint|p1b: Basculegion\n|move|p1a: Archaludon|Rock Slide|p2b: Mawile|[spread] p2a,p2b\n|-supereffective|p2a: Incineroar|1\n|-resisted|p2b: Mawile|1\n|-damage|p2a: Incineroar|53/100\n|-damage|p2b: Mawile|35/100\n|cant|p2a: Incineroar|flinch\n|\n|-heal|p1a: Archaludon|83/100|[from] item: Leftovers\n|upkeep\n|\n|t:|1788323867\n|switch|p1b: Dragonite|Dragonite-Mega, L50, M|56/100\n|turn|7\n|inactive|Fell Blue has 30 seconds left.\n|\n|t:|1788323895\n|move|p1a: Archaludon|Protect|p1a: Archaludon\n|-singleturn|p1a: Archaludon|Protect\n|move|p2b: Mawile|Protect|p2b: Mawile\n|-singleturn|p2b: Mawile|Protect\n|move|p1b: Dragonite|Thunderbolt|p2b: Mawile\n|-activate|p2b: Mawile|move: Protect\n|move|p2a: Incineroar|Parting Shot|p1b: Dragonite\n|-unboost|p1b: Dragonite|atk|1\n|-unboost|p1b: Dragonite|spa|1\n|\n|t:|1788323904\n|switch|p2a: Basculegion|Basculegion, L50, M, shiny|100/100|[from] Parting Shot\n|\n|-heal|p1a: Archaludon|89/100|[from] item: Leftovers\n|upkeep\n|turn|8\n|\n|t:|1788323917\n|move|p2a: Basculegion|Last Respects|p1b: Dragonite\n|-damage|p1b: Dragonite|1/100\n|move|p1a: Archaludon|Rock Slide|p2a: Basculegion|[spread] p2a,p2b\n|-resisted|p2b: Mawile|1\n|-damage|p2a: Basculegion|92/100\n|-damage|p2b: Mawile|33/100\n|move|p1b: Dragonite|Thunderbolt|p2a: Basculegion\n|-supereffective|p2a: Basculegion|1\n|-damage|p2a: Basculegion|37/100\n|cant|p2b: Mawile|flinch\n|\n|-heal|p1a: Archaludon|95/100|[from] item: Leftovers\n|upkeep\n|turn|9\n|\n|t:|1788323938\n|move|p1b: Dragonite|Extreme Speed|p2b: Mawile\n|-resisted|p2b: Mawile|1\n|-damage|p2b: Mawile|25/100\n|move|p2a: Basculegion|Last Respects|p1b: Dragonite\n|-damage|p1b: Dragonite|0 fnt\n|faint|p1b: Dragonite\n|move|p1a: Archaludon|Dragon Pulse|p2a: Basculegion\n|-damage|p2a: Basculegion|5/100\n|move|p2b: Mawile|Play Rough|p1a: Archaludon\n|-crit|p1a: Archaludon\n|-damage|p1a: Archaludon|0 fnt\n|faint|p1a: Archaludon\n|\n|win|Fell Blue\n|raw|Joshee01's rating: 1040 &rarr; <strong>1029</strong><br />(-11 for losing)\n|raw|Fell Blue's rating: 1164 &rarr; <strong>1180</strong><br />(+16 for winning)\n","uploadtime":1788323951,"views":"0","formatid":"gen9championsvgc2026regmbbo3","rating":1029,"private":0,"password":null}