{"id":"gen9championsvgc2026regmb-2674968156","format":"[Gen 9 Champions] VGC 2026 Reg M-B","players":["Ivanpmd","PlayerD2"],"log":"|j|☆Ivanpmd\n|j|☆PlayerD2\n|t:|1788443259\n|gametype|doubles\n|player|p1|Ivanpmd|cheren|1105\n|player|p2|PlayerD2|2|1009\n|gen|9\n|tier|[Gen 9 Champions] VGC 2026 Reg M-B\n|rated|\n|rule|Species Clause: Limit one of each Pokémon\n|rule|Item Clause: Limit 1 of each item\n|clearpoke\n|poke|p1|Charizard, L50, F, shiny|\n|poke|p1|Floette-Eternal, L50, F|\n|poke|p1|Hydreigon, L50, M, shiny|\n|poke|p1|Basculegion, L50, M, shiny|\n|poke|p1|Sneasler, L50, M, shiny|\n|poke|p1|Weavile, L50, F, shiny|\n|poke|p2|Glaceon, L50, F, shiny|\n|poke|p2|Staraptor, L50, F|\n|poke|p2|Ninetales-Alola, L50, F|\n|poke|p2|Jolteon, L50, F|\n|poke|p2|Espeon, L50, F, shiny|\n|poke|p2|Umbreon, L50, M|\n|teampreview|4\n|inactive|Battle timer is ON: inactive players will automatically lose when time's up. (requested by Ivanpmd)\n|c|☆PlayerD2|Hello\n|c|☆PlayerD2|gl\nIvanpmd has agreed to open team sheets.\nPlayerD2 rejected open team sheets.\n|c|☆Ivanpmd|u2\n|inactive|Ivanpmd has 60 seconds left.\n|inactive|PlayerD2 has 60 seconds left.\n|\n|t:|1788443290\n|teamsize|p1|4\n|teamsize|p2|4\n|start\n|switch|p1a: Floette|Floette-Eternal, L50, F|100/100\n|switch|p1b: Weavile|Weavile, L50, F, shiny|100/100\n|switch|p2a: Staraptor|Staraptor, L50, F|100/100\n|switch|p2b: Espeon|Espeon, L50, F, shiny|100/100\n|-ability|p1b: Weavile|Pressure\n|-ability|p2a: Staraptor|Intimidate|boost\n|-unboost|p1a: Floette|atk|1\n|-unboost|p1b: Weavile|atk|1\n|turn|1\n|\n|t:|1788443307\n|detailschange|p1a: Floette|Floette-Mega, L50, F\n|-mega|p1a: Floette|Floette|Floettite\n|-ability|p1a: Floette|Fairy Aura\n|move|p2b: Espeon|Detect|p2b: Espeon\n|-singleturn|p2b: Espeon|Protect\n|move|p1b: Weavile|Fake Out|p2a: Staraptor\n|-damage|p2a: Staraptor|85/100\n|cant|p2a: Staraptor|flinch\n|move|p1a: Floette|Calm Mind|p1a: Floette\n|-boost|p1a: Floette|spa|1\n|-boost|p1a: Floette|spd|1\n|\n|upkeep\n|turn|2\n|inactive|Ivanpmd has 30 seconds left.\n|\n|t:|1788443335\n|move|p1b: Weavile|Knock Off|p2b: Espeon\n|-supereffective|p2b: Espeon|1\n|-enditem|p2b: Espeon|Focus Sash\n|-damage|p2b: Espeon|1/100\n|move|p2b: Espeon|Dazzling Gleam|p1a: Floette|[spread] p1a,p1b\n|-supereffective|p1b: Weavile|1\n|-damage|p1a: Floette|86/100\n|-damage|p1b: Weavile|27/100\n|move|p2a: Staraptor|Tailwind|p2a: Staraptor\n|-sidestart|p2: PlayerD2|move: Tailwind\n|move|p1a: Floette|Dazzling Gleam|p2b: Espeon|[spread] p2a,p2b\n|-damage|p2a: Staraptor|0 fnt\n|-damage|p2b: Espeon|0 fnt\n|faint|p2a: Staraptor\n|faint|p2b: Espeon\n|\n|upkeep\n|\n|t:|1788443348\n|switch|p2b: Glaceon|Glaceon, L50, F, shiny|100/100\n|switch|p2a: Ninetales|Ninetales-Alola, L50, F|100/100\n|-weather|Snowscape|[from] ability: Snow Warning|[of] p2a: Ninetales\n|turn|3\n|\n|t:|1788443359\n|move|p2a: Ninetales|Aurora Veil|p2a: Ninetales\n|-sidestart|p2: PlayerD2|move: Aurora Veil\n|move|p2b: Glaceon|Blizzard|p1a: Floette|[spread] p1a,p1b\n|-resisted|p1b: Weavile|1\n|-damage|p1a: Floette|57/100\n|-damage|p1b: Weavile|0 fnt\n|faint|p1b: Weavile\n|move|p1a: Floette|Dazzling Gleam|p2b: Glaceon|[spread] p2a,p2b\n|-damage|p2a: Ninetales|50/100y\n|-damage|p2b: Glaceon|33/100\n|\n|-weather|Snowscape|[upkeep]\n|upkeep\n|\n|t:|1788443368\n|switch|p1b: Basculegion|Basculegion, L50, M, shiny|100/100\n|turn|4\n|\n|t:|1788443374\n|move|p2a: Ninetales|Helping Hand|p2b: Glaceon\n|-singleturn|p2b: Glaceon|Helping Hand|[of] p2a: Ninetales\n|move|p2b: Glaceon|Blizzard|p1a: Floette|[spread] p1a,p1b\n|-resisted|p1b: Basculegion|1\n|-damage|p1a: Floette|13/100\n|-damage|p1b: Basculegion|54/100\n|-status|p1a: Floette|frz\n|move|p1b: Basculegion|Last Respects|p2a: Ninetales\n|-crit|p2a: Ninetales\n|-damage|p2a: Ninetales|0 fnt\n|faint|p2a: Ninetales\n|-curestatus|p1a: Floette|frz|[msg]\n|move|p1a: Floette|Dazzling Gleam|p2b: Glaceon|[miss]\n|-miss|p1a: Floette|p2b: Glaceon\n|\n|-weather|Snowscape|[upkeep]\n|upkeep\n|turn|5\n|c|☆Ivanpmd|gg\n|c|☆PlayerD2|damn\n|inactive|Ivanpmd has 30 seconds left.\n|c|☆PlayerD2|im rusty\n|\n|t:|1788443402\n|move|p2b: Glaceon|Blizzard|p1a: Floette|[spread] p1a,p1b\n|-resisted|p1b: Basculegion|1\n|-damage|p1a: Floette|0 fnt\n|-damage|p1b: Basculegion|23/100\n|faint|p1a: Floette\n|move|p1b: Basculegion|Last Respects|p2b: Glaceon\n|-damage|p2b: Glaceon|0 fnt\n|faint|p2b: Glaceon\n|\n|win|Ivanpmd\n|raw|Ivanpmd's rating: 1105 &rarr; <strong>1123</strong><br />(+18 for winning)\n|raw|PlayerD2's rating: 1009 &rarr; <strong>1001</strong><br />(-8 for losing)\n|c|☆PlayerD2|gg\n|l|☆PlayerD2\n|player|p2|\n","uploadtime":1788443410,"views":"0","formatid":"gen9championsvgc2026regmb","rating":1001,"private":0,"password":null}