{"id":"gen9championsvgc2026regmb-2673890981","format":"[Gen 9 Champions] VGC 2026 Reg M-B","players":["FourouMC","notbloodmask"],"log":"|j|☆FourouMC\n|j|☆notbloodmask\n|t:|1788273677\n|gametype|doubles\n|player|p1|FourouMC|266|1182\n|player|p2|notbloodmask|unknown|1158\n|gen|9\n|tier|[Gen 9 Champions] VGC 2026 Reg M-B\n|rated|\n|rule|Species Clause: Limit one of each Pokémon\n|rule|Item Clause: Limit 1 of each item\n|clearpoke\n|poke|p1|Scovillain, L50, M|\n|poke|p1|Froslass, L50, F|\n|poke|p1|Kingambit, L50, M|\n|poke|p1|Sneasler, L50, F|\n|poke|p1|Lycanroc-Dusk, L50, F|\n|poke|p1|Basculegion, L50, M|\n|poke|p2|Absol, L50, F|\n|poke|p2|Rotom-Wash, L50|\n|poke|p2|Garchomp, L50, F|\n|poke|p2|Incineroar, L50, M|\n|poke|p2|Sinistcha, L50|\n|poke|p2|Venusaur, L50, F|\n|teampreview|4\n|inactive|Battle timer is ON: inactive players will automatically lose when time's up. (requested by FourouMC)\n|inactive|notbloodmask has 60 seconds left.\n|\n|t:|1788273721\n|teamsize|p1|4\n|teamsize|p2|4\n|start\n|switch|p1a: Scovillain|Scovillain, L50, M|100/100\n|switch|p1b: Sneasler|Sneasler, L50, F|100/100\n|switch|p2a: Absol|Absol, L50, F|100/100\n|switch|p2b: Incineroar|Incineroar, L50, M|100/100\n|-ability|p2a: Absol|Pressure\n|-ability|p2b: Incineroar|Intimidate|boost\n|-unboost|p1a: Scovillain|atk|1\n|-unboost|p1b: Sneasler|atk|1\n|-enditem|p1b: Sneasler|White Herb\n|-clearnegativeboost|p1b: Sneasler|[silent]\n|turn|1\n|inactive|notbloodmask has 30 seconds left.\n|inactive|notbloodmask has 20 seconds left.\n|inactive|notbloodmask has 15 seconds left.\n|\n|t:|1788273764\n|switch|p2a: Sinistcha|Sinistcha, L50|100/100\n|move|p1b: Sneasler|Protect|p1b: Sneasler\n|-singleturn|p1b: Sneasler|Protect\n|move|p1a: Scovillain|Protect|p1a: Scovillain\n|-singleturn|p1a: Scovillain|Protect\n|move|p2b: Incineroar|Parting Shot|p1a: Scovillain\n|-activate|p1a: Scovillain|move: Protect\n|\n|-ability|p1a: Scovillain|Moody|boost\n|-boost|p1a: Scovillain|def|2\n|-unboost|p1a: Scovillain|atk|1\n|upkeep\n|turn|2\n|\n|t:|1788273789\n|switch|p2b: Rotom|Rotom-Wash, L50|100/100\n|detailschange|p1a: Scovillain|Scovillain-Mega, L50, M\n|-mega|p1a: Scovillain|Scovillain|Scovillainite\n|move|p1a: Scovillain|Rage Powder|p1a: Scovillain\n|-singleturn|p1a: Scovillain|move: Rage Powder\n|move|p1b: Sneasler|Dire Claw|p2a: Sinistcha\n|-damage|p2a: Sinistcha|55/100\n|move|p2a: Sinistcha|Shadow Ball|p1a: Scovillain\n|-damage|p1a: Scovillain|64/100\n|-unboost|p1a: Scovillain|spd|1\n|-status|p2a: Sinistcha|brn|[from] ability: Spicy Spray|[of] p1a: Scovillain\n|\n|-damage|p2a: Sinistcha|49/100 brn|[from] brn\n|upkeep\n|turn|3\n|inactive|notbloodmask has 30 seconds left.\n|\n|t:|1788273819\n|move|p2a: Sinistcha|Protect|p2a: Sinistcha\n|-singleturn|p2a: Sinistcha|Protect\n|move|p1b: Sneasler|Dire Claw|p2a: Sinistcha\n|-activate|p2a: Sinistcha|move: Protect\n|move|p2b: Rotom|Hydro Pump|p1a: Scovillain\n|-damage|p1a: Scovillain|0 fnt\n|-status|p2b: Rotom|brn|[from] ability: Spicy Spray|[of] p1a: Scovillain\n|faint|p1a: Scovillain\n|\n|-damage|p2b: Rotom|93/100 brn|[from] brn\n|-damage|p2a: Sinistcha|43/100 brn|[from] brn\n|upkeep\n|\n|t:|1788273827\n|switch|p1a: Kingambit|Kingambit, L50, M|100/100\n|turn|4\n|\n|t:|1788273851\n|move|p1b: Sneasler|Close Combat|p2b: Rotom\n|-damage|p2b: Rotom|18/100 brn\n|-unboost|p1b: Sneasler|def|1\n|-unboost|p1b: Sneasler|spd|1\n|-enditem|p2b: Rotom|Sitrus Berry|[eat]\n|-heal|p2b: Rotom|43/100 brn|[from] item: Sitrus Berry\n|move|p2b: Rotom|Will-O-Wisp|p1a: Kingambit\n|-status|p1a: Kingambit|brn\n|move|p2a: Sinistcha|Matcha Gotcha|p1b: Sneasler|[spread] p1a,p1b\n|-resisted|p1a: Kingambit|1\n|-resisted|p1b: Sneasler|1\n|-damage|p1a: Kingambit|86/100 brn\n|-heal|p2a: Sinistcha|51/100 brn|[from] drain|[of] p1a: Kingambit\n|-damage|p1b: Sneasler|72/100\n|-heal|p2a: Sinistcha|64/100 brn|[from] drain|[of] p1b: Sneasler\n|move|p1a: Kingambit|Kowtow Cleave|p2a: Sinistcha\n|-supereffective|p2a: Sinistcha|1\n|-damage|p2a: Sinistcha|13/100 brn\n|\n|-damage|p2b: Rotom|37/100 brn|[from] brn\n|-damage|p2a: Sinistcha|7/100 brn|[from] brn\n|-damage|p1a: Kingambit|80/100 brn|[from] brn\n|upkeep\n|turn|5\n|inactive|notbloodmask has 30 seconds left.\n|inactive|notbloodmask has 20 seconds left.\n|\n|t:|1788273887\n|move|p1a: Kingambit|Sucker Punch|p2a: Sinistcha\n|-supereffective|p2a: Sinistcha|1\n|-damage|p2a: Sinistcha|0 fnt\n|faint|p2a: Sinistcha\n|move|p1b: Sneasler|Close Combat|p2b: Rotom\n|-damage|p2b: Rotom|0 fnt\n|-unboost|p1b: Sneasler|def|1\n|-unboost|p1b: Sneasler|spd|1\n|faint|p2b: Rotom\n|\n|-damage|p1a: Kingambit|74/100 brn|[from] brn\n|upkeep\n|\n|t:|1788273898\n|switch|p2b: Absol|Absol, L50, F|100/100\n|switch|p2a: Incineroar|Incineroar, L50, M|100/100\n|-ability|p2b: Absol|Pressure\n|-ability|p2a: Incineroar|Intimidate|boost\n|-unboost|p1a: Kingambit|atk|1\n|-ability|p1a: Kingambit|Defiant|boost\n|-boost|p1a: Kingambit|atk|2\n|-unboost|p1b: Sneasler|atk|1\n|turn|6\n|\n|t:|1788273920\n|detailschange|p2b: Absol|Absol-Mega, L50, F\n|-mega|p2b: Absol|Absol|Absolite\n|move|p1b: Sneasler|Protect|p1b: Sneasler\n|-singleturn|p1b: Sneasler|Protect\n|move|p1a: Kingambit|Protect|p1a: Kingambit\n|-singleturn|p1a: Kingambit|Protect\n|move|p2a: Incineroar|Fake Out|p1b: Sneasler\n|-activate|p1b: Sneasler|move: Protect\n|move|p2b: Absol|Close Combat|p1a: Kingambit\n|-activate|p1a: Kingambit|move: Protect\n|\n|-damage|p1a: Kingambit|69/100 brn|[from] brn\n|upkeep\n|turn|7\n|\n|t:|1788273939\n|move|p2b: Absol|Protect|p2b: Absol\n|-singleturn|p2b: Absol|Protect\n|move|p1b: Sneasler|Close Combat|p2a: Incineroar\n|-supereffective|p2a: Incineroar|1\n|-damage|p2a: Incineroar|21/100\n|-unboost|p1b: Sneasler|def|1\n|-unboost|p1b: Sneasler|spd|1\n|move|p2a: Incineroar|Flare Blitz|p1a: Kingambit\n|-supereffective|p1a: Kingambit|1\n|-damage|p1a: Kingambit|0 fnt\n|faint|p1a: Kingambit\n|-damage|p2a: Incineroar|0 fnt|[from] Recoil\n|faint|p2a: Incineroar\n|\n|upkeep\n|\n|t:|1788273950\n|switch|p1a: Lycanroc|Lycanroc-Dusk, L50, F|100/100\n|turn|8\n|\n|t:|1788273959\n|move|p1b: Sneasler|Close Combat|p2b: Absol\n|-supereffective|p2b: Absol|1\n|-crit|p2b: Absol\n|-damage|p2b: Absol|0 fnt\n|-unboost|p1b: Sneasler|def|1\n|-unboost|p1b: Sneasler|spd|1\n|faint|p2b: Absol\n|\n|win|FourouMC\n|raw|FourouMC's rating: 1182 &rarr; <strong>1205</strong><br />(+23 for winning)\n|raw|notbloodmask's rating: 1158 &rarr; <strong>1135</strong><br />(-23 for losing)\n|l|☆FourouMC\n|player|p1|\n","uploadtime":1788273969,"views":"0","formatid":"gen9championsvgc2026regmb","rating":1135,"private":0,"password":null}