{"id":"gen9championsvgc2026regmbbo3-2673814574","format":"[Gen 9 Champions] VGC 2026 Reg M-B (Bo3)","players":["phenixgret1234","2BStellar"],"log":"|j|☆phenixgret1234\n|j|☆2BStellar\n|html|<table width=\"100%\"><tr><td align=\"left\">phenixgret1234</td><td align=\"right\">2BStellar</tr><tr><td align=\"left\"><i class=\"fa fa-circle-o\"></i> <i class=\"fa fa-circle-o\"></i> </td><td align=\"right\"><i class=\"fa fa-circle-o\"></i> <i class=\"fa fa-circle-o\"></i> </tr></table>\n|uhtml|bestof|<h2><strong>Game 1</strong> of <a href=\"/game-bestof3-gen9championsvgc2026regmbbo3-2673814573\">a best-of-3</a></h2>\n|t:|1788262363\n|gametype|doubles\n|player|p1|phenixgret1234|169|\n|player|p2|2BStellar|hilbert|\n|gen|9\n|tier|[Gen 9 Champions] VGC 2026 Reg M-B (Bo3)\n|rule|Species Clause: Limit one of each Pokémon\n|rule|Item Clause: Limit 1 of each item\n|clearpoke\n|poke|p1|Pelipper, L50, M|\n|poke|p1|Swampert, L50, M|\n|poke|p1|Archaludon, L50, M|\n|poke|p1|Sinistcha-Masterpiece, L50|\n|poke|p1|Basculegion, L50, M|\n|poke|p1|Sneasler, L50, M|\n|poke|p2|Talonflame, L50, M, shiny|\n|poke|p2|Sylveon, L50, F, shiny|\n|poke|p2|Blastoise, L50, M|\n|poke|p2|Sinistcha, L50, shiny|\n|poke|p2|Kingambit, L50, M, shiny|\n|poke|p2|Raichu, L50, M|\n|teampreview|4\n|showteam|p1|Pelipper||FocusSash|Drizzle|Hurricane,WeatherBall,Protect,Tailwind|Timid||M|||50|]Swampert||Swampertite|Torrent|Protect,WaveCrash,IcePunch,HighHorsepower|Jolly||M|||50|]Archaludon||Leftovers|Stamina|Protect,ElectroShot,FlashCannon,DragonPulse|Bold||M|||50|]Sinistcha-Masterpiece||SitrusBerry|Hospitality|MatchaGotcha,ShadowBall,TrickRoom,RagePowder|Modest|||||50|]Basculegion||LifeOrb|SwiftSwim|WaveCrash,Protect,LastRespects,AquaJet|Jolly||M|||50|]Sneasler||WhiteHerb|Unburden|FakeOut,CloseCombat,DireClaw,BrickBreak|Jolly||M|||50|\n|showteam|p2|Talonflame||SharpBeak|GaleWings|QuickGuard,Tailwind,DualWingbeat,WillOWisp|Jolly||M|||50|]Sylveon||FairyFeather|Pixilate|Detect,LightScreen,HyperVoice,HyperBeam|Modest||F|||50|]Blastoise||Blastoisinite|RainDish|Protect,ShellSmash,WaterSpout,DarkPulse|Modest||M|||50|]Sinistcha||SitrusBerry|Hospitality|Protect,TrickRoom,RagePowder,MatchaGotcha|Relaxed|||||50|]Kingambit||BlackGlasses|Defiant|Protect,SwordsDance,SuckerPunch,KowtowCleave|Adamant||M|||50|]Raichu||RaichuniteY|LightningRod|Protect,FakeOut,ZapCannon,FocusBlast|Timid||M|||50|\n|inactive|Battle timer is ON: inactive players will automatically lose when time's up. (requested by phenixgret1234)\n|\n|t:|1788262419\n|teamsize|p1|4\n|teamsize|p2|4\n|start\n|switch|p1a: Sneasler|Sneasler, L50, M|100/100\n|switch|p1b: Archaludon|Archaludon, L50, M|100/100\n|switch|p2a: The Fastest Foe|Raichu, L50, M|100/100\n|switch|p2b: The Biggest Man|Blastoise, L50, M|100/100\n|turn|1\n|inactive|phenixgret1234 has 30 seconds left.\n|inactive|2BStellar has 30 seconds left.\n|inactive|phenixgret1234 has 20 seconds left.\n|inactive|2BStellar has 20 seconds left.\n|\n|t:|1788262456\n|detailschange|p2a: The Fastest Foe|Raichu-Mega-Y, L50, M\n|-mega|p2a: The Fastest Foe|Raichu|Raichunite Y\n|move|p2a: The Fastest Foe|Fake Out|p1b: Archaludon\n|-resisted|p1b: Archaludon|1\n|-damage|p1b: Archaludon|97/100\n|-ability|p1b: Archaludon|Stamina|boost\n|-boost|p1b: Archaludon|def|1\n|move|p1a: Sneasler|Fake Out|p2b: The Biggest Man\n|-damage|p2b: The Biggest Man|83/100\n|cant|p1b: Archaludon|flinch\n|cant|p2b: The Biggest Man|flinch\n|\n|-heal|p1b: Archaludon|100/100|[from] item: Leftovers\n|upkeep\n|turn|2\n|inactive|2BStellar has 30 seconds left.\n|\n|t:|1788262486\n|switch|p2b: The Cutest Cat|Sylveon, L50, F, shiny|100/100\n|move|p1b: Archaludon|Protect|p1b: Archaludon\n|-singleturn|p1b: Archaludon|Protect\n|move|p2a: The Fastest Foe|Zap Cannon|p1a: Sneasler\n|-damage|p1a: Sneasler|7/100\n|-status|p1a: Sneasler|par\n|move|p1a: Sneasler|Dire Claw|p2b: The Cutest Cat\n|-supereffective|p2b: The Cutest Cat|1\n|-damage|p2b: The Cutest Cat|0 fnt\n|faint|p2b: The Cutest Cat\n|\n|upkeep\n|\n|t:|1788262505\n|switch|p2b: The Biggest Man|Blastoise, L50, M|83/100\n|turn|3\n|\n|t:|1788262525\n|switch|p1b: Pelipper|Pelipper, L50, M|100/100\n|-weather|RainDance|[from] ability: Drizzle|[of] p1b: Pelipper\n|move|p2a: The Fastest Foe|Focus Blast|p1b: Pelipper\n|-resisted|p1b: Pelipper|1\n|-damage|p1b: Pelipper|62/100\n|move|p2b: The Biggest Man|Water Spout|p1a: Sneasler|[spread] p1a,p1b\n|-resisted|p1b: Pelipper|1\n|-damage|p1a: Sneasler|0 fnt\n|-damage|p1b: Pelipper|11/100\n|faint|p1a: Sneasler\n|\n|-weather|RainDance|[upkeep]\n|-heal|p2b: The Biggest Man|89/100|[from] ability: Rain Dish\n|upkeep\n|\n|t:|1788262534\n|switch|p1a: Swampert|Swampert, L50, M|100/100\n|turn|4\n|\n|t:|1788262559\n|switch|p2a: The Greenest Ghost|Sinistcha, L50, shiny|100/100\n|-heal|p2b: The Biggest Man|100/100|[from] ability: Hospitality|[of] p2a: The Greenest Ghost\n|detailschange|p1a: Swampert|Swampert-Mega, L50, M\n|-mega|p1a: Swampert|Swampert|Swampertite\n|move|p2b: The Biggest Man|Protect|p2b: The Biggest Man\n|-singleturn|p2b: The Biggest Man|Protect\n|move|p1a: Swampert|High Horsepower|p2a: The Greenest Ghost\n|-resisted|p2a: The Greenest Ghost|1\n|-damage|p2a: The Greenest Ghost|78/100\n|move|p1b: Pelipper|Hurricane|p2b: The Biggest Man\n|-activate|p2b: The Biggest Man|move: Protect\n|\n|-weather|RainDance|[upkeep]\n|upkeep\n|turn|5\n|inactive|phenixgret1234 has 30 seconds left.\n|inactive|2BStellar has 30 seconds left.\n|inactive|2BStellar has 20 seconds left.\n|inactive|2BStellar has 15 seconds left.\n|\n|t:|1788262600\n|move|p2a: The Greenest Ghost|Protect|p2a: The Greenest Ghost\n|-singleturn|p2a: The Greenest Ghost|Protect\n|move|p1a: Swampert|Ice Punch|p2a: The Greenest Ghost\n|-activate|p2a: The Greenest Ghost|move: Protect\n|move|p1b: Pelipper|Hurricane|p2a: The Greenest Ghost\n|-activate|p2a: The Greenest Ghost|move: Protect\n|move|p2b: The Biggest Man|Shell Smash|p2b: The Biggest Man\n|-unboost|p2b: The Biggest Man|def|1\n|-unboost|p2b: The Biggest Man|spd|1\n|-boost|p2b: The Biggest Man|atk|2\n|-boost|p2b: The Biggest Man|spa|2\n|-boost|p2b: The Biggest Man|spe|2\n|\n|-weather|RainDance|[upkeep]\n|upkeep\n|turn|6\n|inactive|2BStellar has 30 seconds left.\n|\n|t:|1788262629\n|switch|p1b: Archaludon|Archaludon, L50, M|100/100\n|switch|p2a: The Fastest Foe|Raichu-Mega-Y, L50, M|100/100\n|move|p1a: Swampert|Protect|p1a: Swampert\n|-singleturn|p1a: Swampert|Protect\n|move|p2b: The Biggest Man|Water Spout|p1b: Archaludon|[spread] p1b\n|-activate|p1a: Swampert|move: Protect\n|-resisted|p1b: Archaludon|1\n|-damage|p1b: Archaludon|5/100\n|-ability|p1b: Archaludon|Stamina|boost\n|-boost|p1b: Archaludon|def|1\n|\n|-weather|RainDance|[upkeep]\n|-heal|p1b: Archaludon|11/100|[from] item: Leftovers\n|upkeep\n|turn|7\n|inactive|phenixgret1234 has 30 seconds left.\n|inactive|2BStellar has 30 seconds left.\n|inactive|2BStellar has 20 seconds left.\n|inactive|2BStellar has 15 seconds left.\n|inactive|2BStellar has 10 seconds left.\n|\n|t:|1788262675\n|move|p1a: Swampert|Protect|p1a: Swampert\n|-singleturn|p1a: Swampert|Protect\n|move|p2b: The Biggest Man|Water Spout|p1b: Archaludon|[spread] p1b\n|-activate|p1a: Swampert|move: Protect\n|-resisted|p1b: Archaludon|1\n|-damage|p1b: Archaludon|0 fnt\n|faint|p1b: Archaludon\n|move|p2a: The Fastest Foe|Focus Blast|p1a: Swampert\n|-activate|p1a: Swampert|move: Protect\n|\n|-weather|none\n|upkeep\n|\n|t:|1788262679\n|switch|p1b: Pelipper|Pelipper, L50, M|11/100\n|-weather|RainDance|[from] ability: Drizzle|[of] p1b: Pelipper\n|turn|8\n|inactive|phenixgret1234 has 30 seconds left.\n|\n|t:|1788262706\n|move|p1a: Swampert|High Horsepower|p2b: The Biggest Man\n|-damage|p2b: The Biggest Man|8/100\n|move|p2b: The Biggest Man|Water Spout|p1b: Pelipper|[spread] p1a,p1b\n|-resisted|p1b: Pelipper|1\n|-damage|p1a: Swampert|89/100\n|-damage|p1b: Pelipper|2/100\n|move|p2a: The Fastest Foe|Focus Blast|p1a: Swampert\n|-damage|p1a: Swampert|51/100\n|move|p1b: Pelipper|Tailwind|p1b: Pelipper\n|-sidestart|p1: phenixgret1234|move: Tailwind\n|\n|-weather|RainDance|[upkeep]\n|-heal|p2b: The Biggest Man|13/100|[from] ability: Rain Dish\n|upkeep\n|turn|9\n|\n|t:|1788262729\n|switch|p2a: The Greenest Ghost|Sinistcha, L50, shiny|78/100\n|-heal|p2b: The Biggest Man|38/100|[from] ability: Hospitality|[of] p2a: The Greenest Ghost\n|move|p2b: The Biggest Man|Protect|p2b: The Biggest Man\n|-singleturn|p2b: The Biggest Man|Protect\n|move|p1a: Swampert|High Horsepower|p2a: The Greenest Ghost\n|-resisted|p2a: The Greenest Ghost|1\n|-damage|p2a: The Greenest Ghost|56/100\n|move|p1b: Pelipper|Weather Ball|p2a: The Greenest Ghost\n|-resisted|p2a: The Greenest Ghost|1\n|-damage|p2a: The Greenest Ghost|25/100\n|-enditem|p2a: The Greenest Ghost|Sitrus Berry|[eat]\n|-heal|p2a: The Greenest Ghost|50/100y|[from] item: Sitrus Berry\n|\n|-weather|RainDance|[upkeep]\n|-heal|p2b: The Biggest Man|44/100|[from] ability: Rain Dish\n|upkeep\n|turn|10\n|inactive|2BStellar has 30 seconds left.\n|\n|t:|1788262759\n|move|p2a: The Greenest Ghost|Rage Powder|p2a: The Greenest Ghost\n|-singleturn|p2a: The Greenest Ghost|move: Rage Powder\n|move|p1a: Swampert|Ice Punch|p2a: The Greenest Ghost\n|-supereffective|p2a: The Greenest Ghost|1\n|-damage|p2a: The Greenest Ghost|7/100\n|move|p1b: Pelipper|Hurricane|p2a: The Greenest Ghost\n|-supereffective|p2a: The Greenest Ghost|1\n|-damage|p2a: The Greenest Ghost|0 fnt\n|faint|p2a: The Greenest Ghost\n|move|p2b: The Biggest Man|Dark Pulse|p1a: Swampert\n|-damage|p1a: Swampert|6/100\n|\n|-weather|RainDance|[upkeep]\n|-heal|p2b: The Biggest Man|50/100y|[from] ability: Rain Dish\n|upkeep\n|\n|t:|1788262770\n|switch|p2a: The Fastest Foe|Raichu-Mega-Y, L50, M|100/100\n|turn|11\n|inactive|phenixgret1234 has 30 seconds left.\n|\n|t:|1788262797\n|move|p1a: Swampert|Protect|p1a: Swampert\n|-singleturn|p1a: Swampert|Protect\n|move|p2a: The Fastest Foe|Fake Out|p1b: Pelipper\n|-damage|p1b: Pelipper|0 fnt\n|faint|p1b: Pelipper\n|move|p2b: The Biggest Man|Shell Smash|p2b: The Biggest Man\n|-unboost|p2b: The Biggest Man|def|1\n|-unboost|p2b: The Biggest Man|spd|1\n|-boost|p2b: The Biggest Man|atk|2\n|-boost|p2b: The Biggest Man|spa|2\n|-boost|p2b: The Biggest Man|spe|2\n|\n|-weather|RainDance|[upkeep]\n|-heal|p2b: The Biggest Man|55/100|[from] ability: Rain Dish\n|-sideend|p1: phenixgret1234|move: Tailwind\n|upkeep\n|turn|12\n|-message|phenixgret1234 forfeited.\n|\n|win|2BStellar\n|l|☆phenixgret1234\n|player|p1|\n||phenixgret1234 is ready for game 2.\n|c|☆2BStellar|gg wp\n","uploadtime":1788262814,"views":"1","formatid":"gen9championsvgc2026regmbbo3","rating":null,"private":0,"password":null}