{"id":"gen9championsvgc2026regmb-2674817661","format":"[Gen 9 Champions] VGC 2026 Reg M-B","players":["meobeoo","lmbibitor lunae"],"log":"|j|☆meobeoo\n|j|☆lmbibitor lunae\n|t:|1788412992\n|gametype|doubles\n|player|p1|meobeoo|n|\n|player|p2|lmbibitor lunae|rika-masters|\n|gen|9\n|tier|[Gen 9 Champions] VGC 2026 Reg M-B\n|rule|Species Clause: Limit one of each Pokémon\n|rule|Item Clause: Limit 1 of each item\n|clearpoke\n|poke|p1|Vaporeon, L50, F|\n|poke|p1|Politoed, L50, M|\n|poke|p1|Heliolisk, L50, M|\n|poke|p1|Toxicroak, L50, F|\n|poke|p1|Dragonite, L50, F|\n|poke|p1|Scovillain, L50, F|\n|poke|p2|Sneasler, L50, F|\n|poke|p2|Basculegion, L50, M|\n|poke|p2|Garchomp, L50, M|\n|poke|p2|Floette-Eternal, L50, F|\n|poke|p2|Dragonite, L50, M|\n|poke|p2|Kingambit, L50, M|\n|teampreview|4\n|inactive|Battle timer is ON: inactive players will automatically lose when time's up. (requested by meobeoo)\n|inactive|meobeoo has 60 seconds left.\n|inactive|lmbibitor lunae has 60 seconds left.\n|\n|t:|1788413035\n|teamsize|p1|4\n|teamsize|p2|4\n|start\n|switch|p1a: Heliolisk|Heliolisk, L50, M|100/100\n|switch|p1b: Toxicroak|Toxicroak, L50, F|100/100\n|switch|p2a: Hoa nhài|Floette-Eternal, L50, F|100/100\n|switch|p2b: Yan mắc cạn|Garchomp, L50, M|100/100\n|turn|1\n|\n|t:|1788413051\n|detailschange|p2a: Hoa nhài|Floette-Mega, L50, F\n|-mega|p2a: Hoa nhài|Floette|Floettite\n|-ability|p2a: Hoa nhài|Fairy Aura\n|move|p2a: Hoa nhài|Protect|p2a: Hoa nhài\n|-singleturn|p2a: Hoa nhài|Protect\n|move|p1a: Heliolisk|Shed Tail|p1a: Heliolisk\n|-start|p1a: Heliolisk|Substitute|[from] move: Shed Tail\n|-damage|p1a: Heliolisk|49/100\n|\n|t:|1788413060\n|switch|p1a: Dragonite|Dragonite, L50, F|100/100|[from] Shed Tail\n|move|p2b: Yan mắc cạn|Earthquake|p1b: Toxicroak|[spread] p1b\n|-activate|p2a: Hoa nhài|move: Protect\n|-immune|p1a: Dragonite\n|-supereffective|p1b: Toxicroak|1\n|-enditem|p1b: Toxicroak|Focus Sash\n|-damage|p1b: Toxicroak|1/100\n|move|p1b: Toxicroak|Gunk Shot|p2a: Hoa nhài\n|-activate|p2a: Hoa nhài|move: Protect\n|\n|upkeep\n|turn|2\n|inactive|lmbibitor lunae has 30 seconds left.\n|\n|t:|1788413086\n|switch|p2b: Mèo đi hía|Sneasler, L50, F|100/100\n|detailschange|p1a: Dragonite|Dragonite-Mega, L50, F\n|-mega|p1a: Dragonite|Dragonite|Dragoninite\n|move|p1b: Toxicroak|Protect|p1b: Toxicroak\n|-singleturn|p1b: Toxicroak|Protect\n|move|p2a: Hoa nhài|Dazzling Gleam|p1a: Dragonite|[spread] p1a\n|-activate|p1b: Toxicroak|move: Protect\n|-supereffective|p1a: Dragonite|1\n|-end|p1a: Dragonite|Substitute\n|move|p1a: Dragonite|Dragon Pulse|p2b: Mèo đi hía\n|-damage|p2b: Mèo đi hía|21/100\n|\n|upkeep\n|turn|3\n|inactive|meobeoo has 30 seconds left.\n|\n|t:|1788413116\n|switch|p1b: Politoed|Politoed, L50, M|100/100\n|-weather|RainDance|[from] ability: Drizzle|[of] p1b: Politoed\n|move|p1a: Dragonite|Protect|p1a: Dragonite\n|-singleturn|p1a: Dragonite|Protect\n|move|p2b: Mèo đi hía|Feint|p1a: Dragonite\n|-activate|p1a: Dragonite|move: Feint\n|-damage|p1a: Dragonite|95/100\n|move|p2a: Hoa nhài|Dazzling Gleam|p1a: Dragonite|[spread] p1a,p1b\n|-supereffective|p1a: Dragonite|1\n|-damage|p1a: Dragonite|8/100\n|-damage|p1b: Politoed|49/100\n|\n|-weather|RainDance|[upkeep]\n|upkeep\n|turn|4\n|\n|t:|1788413139\n|switch|p1a: Heliolisk|Heliolisk, L50, M|49/100\n|move|p2b: Mèo đi hía|Dire Claw|p1a: Heliolisk\n|-damage|p1a: Heliolisk|0 fnt\n|faint|p1a: Heliolisk\n|move|p2a: Hoa nhài|Dazzling Gleam|p1b: Politoed\n|-damage|p1b: Politoed|0 fnt\n|faint|p1b: Politoed\n|\n|-weather|RainDance|[upkeep]\n|upkeep\n|\n|t:|1788413149\n|switch|p1a: Toxicroak|Toxicroak, L50, F|1/100\n|switch|p1b: Dragonite|Dragonite-Mega, L50, F|8/100\n|turn|5\n|\n|t:|1788413159\n|move|p1a: Toxicroak|Fake Out|p2a: Hoa nhài\n|-damage|p2a: Hoa nhài|82/100\n|move|p2b: Mèo đi hía|Feint|p1a: Toxicroak\n|-damage|p1a: Toxicroak|0 fnt\n|faint|p1a: Toxicroak\n|cant|p2a: Hoa nhài|flinch\n|move|p1b: Dragonite|Surf|p2a: Hoa nhài|[spread] p2a,p2b\n|-damage|p2a: Hoa nhài|44/100\n|-damage|p2b: Mèo đi hía|0 fnt\n|faint|p2b: Mèo đi hía\n|\n|-weather|RainDance|[upkeep]\n|upkeep\n|\n|t:|1788413173\n|switch|p2b: Yan mắc cạn|Garchomp, L50, M|100/100\n|turn|6\n|-message|meobeoo forfeited.\n|\n|win|lmbibitor lunae\n|l|☆meobeoo\n|player|p1|\n","uploadtime":1788413177,"views":"2","formatid":"gen9championsvgc2026regmb","rating":null,"private":0,"password":null}