{"id":"gen9championsvgc2026regmb-2674573028","format":"[Gen 9 Champions] VGC 2026 Reg M-B","players":["urstepslowbro","todayistom"],"log":"|j|☆urstepslowbro\n|j|☆todayistom\n|html|<table width=\"100%\"><tr><td align=\"left\">urstepslowbro</td><td align=\"right\">todayistom</tr><tr><td align=\"left\"><i class=\"fa fa-circle\"></i> <i class=\"fa fa-circle-o\"></i> </td><td align=\"right\"><i class=\"fa fa-circle-o\"></i> <i class=\"fa fa-circle-o\"></i> </tr></table>\n|uhtml|bestof|<h2><strong>Game 2</strong> of <a href=\"/game-bestof3-gen9championsvgc2026regmb-2674570799\">a best-of-3</a></h2>\n|t:|1788375480\n|gametype|doubles\n|player|p1|urstepslowbro|hilda-masters4|\n|player|p2|todayistom|170|\n|gen|9\n|tier|[Gen 9 Champions] VGC 2026 Reg M-B\n|rule|Species Clause: Limit one of each Pokémon\n|rule|Item Clause: Limit 1 of each item\n|raw|<div class=\"infobox\"><details class=\"readmore\" open><summary><strong>1 custom rule:</strong></summary> Best of = 3</details></div>\n|clearpoke\n|poke|p1|Tyranitar, L50, F|\n|poke|p1|Garchomp, L50, F|\n|poke|p1|Excadrill, L50, M|\n|poke|p1|Clefable, L50, F|\n|poke|p1|Gholdengo, L50|\n|poke|p1|Aerodactyl, L50, F|\n|poke|p2|Hippowdon, L50, F|\n|poke|p2|Excadrill, L50, M|\n|poke|p2|Rhyperior, L50, F|\n|poke|p2|Blastoise, L50, F|\n|poke|p2|Lopunny, L50, F|\n|poke|p2|Arcanine, L50, F|\n|teampreview|4\n|c|☆todayistom|fries in my ass\n|c|☆urstepslowbro|lol\n|c|☆todayistom|its ok i will land more fissures this game\n|c|☆todayistom|i believe\n|\n|t:|1788375536\n|teamsize|p1|4\n|teamsize|p2|4\n|start\n|switch|p1a: Excadrill|Excadrill, L50, M|100/100\n|switch|p1b: Garchomp|Garchomp, L50, F|100/100\n|switch|p2a: Lopunny|Lopunny, L50, F|100/100\n|switch|p2b: Rhyperior|Rhyperior, L50, F|100/100\n|turn|1\n|\n|t:|1788375553\n|switch|p1a: Clefable|Clefable, L50, F|100/100\n|detailschange|p2a: Lopunny|Lopunny-Mega, L50, F\n|-mega|p2a: Lopunny|Lopunny|Lopunnite\n|detailschange|p1b: Garchomp|Garchomp-Mega, L50, F\n|-mega|p1b: Garchomp|Garchomp|Garchompite\n|move|p2a: Lopunny|Close Combat|p1a: Clefable\n|-resisted|p1a: Clefable|1\n|-damage|p1a: Clefable|70/100\n|-unboost|p2a: Lopunny|def|1\n|-unboost|p2a: Lopunny|spd|1\n|move|p1b: Garchomp|Earth Power|p2b: Rhyperior\n|-supereffective|p2b: Rhyperior|1\n|-damage|p2b: Rhyperior|12/100\n|move|p2b: Rhyperior|Iron Defense|p2b: Rhyperior\n|-boost|p2b: Rhyperior|def|2\n|\n|upkeep\n|turn|2\n|\n|t:|1788375586\n|switch|p2a: Arcanine|Arcanine, L50, F|100/100\n|-ability|p2a: Arcanine|Intimidate|boost\n|-unboost|p1a: Clefable|atk|1\n|-unboost|p1b: Garchomp|atk|1\n|move|p1b: Garchomp|Protect|p1b: Garchomp\n|-singleturn|p1b: Garchomp|Protect\n|move|p2b: Rhyperior|Protect|p2b: Rhyperior\n|-singleturn|p2b: Rhyperior|Protect\n|move|p1a: Clefable|Moonblast|p2a: Arcanine\n|-resisted|p2a: Arcanine|1\n|-crit|p2a: Arcanine\n|-damage|p2a: Arcanine|73/100\n|\n|upkeep\n|turn|3\n|\n|t:|1788375608\n|move|p2a: Arcanine|Charm|p1b: Garchomp\n|-unboost|p1b: Garchomp|atk|2\n|move|p1b: Garchomp|Earth Power|p2b: Rhyperior\n|-supereffective|p2b: Rhyperior|1\n|-damage|p2b: Rhyperior|0 fnt\n|faint|p2b: Rhyperior\n|move|p1a: Clefable|Wish|p1a: Clefable\n|\n|upkeep\n|\n|t:|1788375617\n|switch|p2b: Lopunny|Lopunny-Mega, L50, F|100/100\n|turn|4\n|\n|t:|1788375623\n|move|p1b: Garchomp|Protect|p1b: Garchomp\n|-singleturn|p1b: Garchomp|Protect\n|move|p2b: Lopunny|Fake Out|p1a: Clefable\n|-damage|p1a: Clefable|49/100\n|move|p2a: Arcanine|Will-O-Wisp|p1b: Garchomp\n|-activate|p1b: Garchomp|move: Protect\n|cant|p1a: Clefable|flinch\n|\n|-heal|p1a: Clefable|99/100|[from] move: Wish|[wisher] Clefable\n|upkeep\n|turn|5\n|\n|t:|1788375639\n|switch|p2b: Hippowdon|Hippowdon, L50, F|100/100\n|-weather|Sandstorm|[from] ability: Sand Stream|[of] p2b: Hippowdon\n|move|p1a: Clefable|Follow Me|p1a: Clefable\n|-singleturn|p1a: Clefable|move: Follow Me\n|move|p2a: Arcanine|Hyper Voice|p1b: Garchomp|[spread] p1a,p1b\n|-damage|p1a: Clefable|88/100\n|-damage|p1b: Garchomp|85/100\n|move|p1b: Garchomp|Draco Meteor|p2b: Hippowdon\n|-damage|p2b: Hippowdon|40/100\n|-unboost|p1b: Garchomp|spa|2\n|\n|-weather|Sandstorm|[upkeep]\n|-damage|p2a: Arcanine|68/100|[from] Sandstorm\n|-damage|p1a: Clefable|82/100|[from] Sandstorm\n|-heal|p2b: Hippowdon|46/100|[from] item: Leftovers\n|upkeep\n|turn|6\n|\n|t:|1788375657\n|move|p2b: Hippowdon|Protect|p2b: Hippowdon\n|-singleturn|p2b: Hippowdon|Protect\n|move|p1a: Clefable|Follow Me|p1a: Clefable\n|-singleturn|p1a: Clefable|move: Follow Me\n|move|p2a: Arcanine|Will-O-Wisp|p1a: Clefable\n|-status|p1a: Clefable|brn\n|move|p1b: Garchomp|Earth Power|p2a: Arcanine\n|-supereffective|p2a: Arcanine|1\n|-damage|p2a: Arcanine|12/100\n|\n|-weather|Sandstorm|[upkeep]\n|-damage|p2a: Arcanine|6/100|[from] Sandstorm\n|-damage|p1a: Clefable|76/100 brn|[from] Sandstorm\n|-heal|p2b: Hippowdon|53/100|[from] item: Leftovers\n|-damage|p1a: Clefable|70/100 brn|[from] brn\n|upkeep\n|turn|7\n|\n|t:|1788375684\n|move|p2a: Arcanine|Hyper Voice|p1a: Clefable|[spread] p1a,p1b\n|-damage|p1a: Clefable|58/100 brn\n|-damage|p1b: Garchomp|71/100\n|move|p1b: Garchomp|Dragon Pulse|p2a: Arcanine\n|-damage|p2a: Arcanine|0 fnt\n|faint|p2a: Arcanine\n|move|p1a: Clefable|Wish|p1a: Clefable\n|move|p2b: Hippowdon|Fissure|p1b: Garchomp\n|-damage|p1b: Garchomp|0 fnt\n|faint|p1b: Garchomp\n|-ohko\n|\n|-weather|Sandstorm|[upkeep]\n|-damage|p1a: Clefable|52/100 brn|[from] Sandstorm\n|-heal|p2b: Hippowdon|59/100|[from] item: Leftovers\n|-damage|p1a: Clefable|46/100 brn|[from] brn\n|upkeep\n|c|☆todayistom|we finally hit one\n|\n|t:|1788375701\n|switch|p2a: Lopunny|Lopunny-Mega, L50, F|100/100\n|switch|p1b: Excadrill|Excadrill, L50, M|100/100\n|turn|8\n|\n|t:|1788375708\n|move|p1b: Excadrill|Protect|p1b: Excadrill\n|-singleturn|p1b: Excadrill|Protect\n|move|p1a: Clefable|Protect|p1a: Clefable\n|-singleturn|p1a: Clefable|Protect\n|move|p2a: Lopunny|Fake Out|p1b: Excadrill\n|-activate|p1b: Excadrill|move: Protect\n|move|p2b: Hippowdon|Fissure|p1b: Excadrill\n|-activate|p1b: Excadrill|move: Protect\n|\n|-weather|Sandstorm|[upkeep]\n|-damage|p2a: Lopunny|94/100|[from] Sandstorm\n|-damage|p1a: Clefable|40/100 brn|[from] Sandstorm\n|-heal|p1a: Clefable|90/100 brn|[from] move: Wish|[wisher] Clefable\n|-heal|p2b: Hippowdon|65/100|[from] item: Leftovers\n|-damage|p1a: Clefable|84/100 brn|[from] brn\n|upkeep\n|turn|9\n|\n|t:|1788375718\n|switch|p1b: Aerodactyl|Aerodactyl, L50, F|100/100\n|-ability|p1b: Aerodactyl|Unnerve\n|move|p2a: Lopunny|Close Combat|p1b: Aerodactyl\n|-enditem|p1b: Aerodactyl|Focus Sash\n|-damage|p1b: Aerodactyl|1/100\n|-unboost|p2a: Lopunny|def|1\n|-unboost|p2a: Lopunny|spd|1\n|move|p1a: Clefable|Moonblast|p2a: Lopunny\n|-supereffective|p2a: Lopunny|1\n|-damage|p2a: Lopunny|8/100\n|-unboost|p2a: Lopunny|spa|1\n|move|p2b: Hippowdon|Fissure|p1a: Clefable|[miss]\n|-miss|p2b: Hippowdon|p1a: Clefable\n|\n|-weather|none\n|-heal|p2b: Hippowdon|71/100|[from] item: Leftovers\n|-damage|p1a: Clefable|78/100 brn|[from] brn\n|upkeep\n|turn|10\n|\n|t:|1788375742\n|move|p2a: Lopunny|Protect|p2a: Lopunny\n|-singleturn|p2a: Lopunny|Protect\n|move|p2b: Hippowdon|Protect|p2b: Hippowdon\n|-singleturn|p2b: Hippowdon|Protect\n|move|p1a: Clefable|Follow Me|p1a: Clefable\n|-singleturn|p1a: Clefable|move: Follow Me\n|move|p1b: Aerodactyl|Rock Slide|p2b: Hippowdon|[spread] \n|-activate|p2a: Lopunny|move: Protect\n|-activate|p2b: Hippowdon|move: Protect\n|\n|-heal|p2b: Hippowdon|77/100|[from] item: Leftovers\n|-damage|p1a: Clefable|72/100 brn|[from] brn\n|upkeep\n|turn|11\n|\n|t:|1788375780\n|move|p2a: Lopunny|Protect|p2a: Lopunny\n|-singleturn|p2a: Lopunny|Protect\n|move|p1a: Clefable|Follow Me|p1a: Clefable\n|-singleturn|p1a: Clefable|move: Follow Me\n|move|p1b: Aerodactyl|Rock Slide|p2b: Hippowdon|[spread] p2b\n|-activate|p2a: Lopunny|move: Protect\n|-resisted|p2b: Hippowdon|1\n|-damage|p2b: Hippowdon|69/100\n|move|p2b: Hippowdon|Fissure|p1a: Clefable|[miss]\n|-miss|p2b: Hippowdon|p1a: Clefable\n|\n|-heal|p2b: Hippowdon|75/100|[from] item: Leftovers\n|-damage|p1a: Clefable|66/100 brn|[from] brn\n|upkeep\n|turn|12\n|c|☆todayistom|fries\n|\n|t:|1788375828\n|move|p1a: Clefable|Follow Me|p1a: Clefable\n|-singleturn|p1a: Clefable|move: Follow Me\n|move|p2a: Lopunny|Close Combat|p1a: Clefable\n|-resisted|p1a: Clefable|1\n|-damage|p1a: Clefable|38/100 brn\n|-unboost|p2a: Lopunny|def|1\n|-unboost|p2a: Lopunny|spd|1\n|move|p1b: Aerodactyl|Rock Slide|p2b: Hippowdon|[spread] p2a,p2b\n|-resisted|p2a: Lopunny|1\n|-resisted|p2b: Hippowdon|1\n|-crit|p2b: Hippowdon\n|-damage|p2a: Lopunny|0 fnt\n|-damage|p2b: Hippowdon|63/100\n|faint|p2a: Lopunny\n|move|p2b: Hippowdon|Fissure|p1a: Clefable|[miss]\n|-miss|p2b: Hippowdon|p1a: Clefable\n|\n|-heal|p2b: Hippowdon|69/100|[from] item: Leftovers\n|-damage|p1a: Clefable|32/100 brn|[from] brn\n|upkeep\n|turn|13\n|\n|t:|1788375849\n|move|p1b: Aerodactyl|Rock Slide|p2b: Hippowdon\n|-resisted|p2b: Hippowdon|1\n|-damage|p2b: Hippowdon|60/100\n|move|p1a: Clefable|Wish|p1a: Clefable\n|cant|p2b: Hippowdon|flinch\n|\n|-heal|p2b: Hippowdon|66/100|[from] item: Leftovers\n|-damage|p1a: Clefable|26/100 brn|[from] brn\n|upkeep\n|turn|14\n|\n|t:|1788375859\n|move|p1a: Clefable|Protect|p1a: Clefable\n|-singleturn|p1a: Clefable|Protect\n|move|p1b: Aerodactyl|Rock Slide|p2b: Hippowdon\n|-resisted|p2b: Hippowdon|1\n|-damage|p2b: Hippowdon|55/100\n|cant|p2b: Hippowdon|flinch\n|\n|-heal|p1a: Clefable|76/100 brn|[from] move: Wish|[wisher] Clefable\n|-heal|p2b: Hippowdon|61/100|[from] item: Leftovers\n|-damage|p1a: Clefable|70/100 brn|[from] brn\n|upkeep\n|turn|15\n|\n|t:|1788375870\n|move|p1b: Aerodactyl|Rock Slide|p2b: Hippowdon\n|-resisted|p2b: Hippowdon|1\n|-damage|p2b: Hippowdon|51/100\n|move|p1a: Clefable|Moonblast|p2b: Hippowdon\n|-damage|p2b: Hippowdon|23/100\n|move|p2b: Hippowdon|Slack Off|p2b: Hippowdon\n|-heal|p2b: Hippowdon|73/100\n|\n|-heal|p2b: Hippowdon|80/100|[from] item: Leftovers\n|-damage|p1a: Clefable|64/100 brn|[from] brn\n|upkeep\n|turn|16\n|\n|t:|1788375880\n|switch|p1b: Excadrill|Excadrill, L50, M|100/100\n|move|p1a: Clefable|Moonblast|p2b: Hippowdon\n|-damage|p2b: Hippowdon|51/100\n|move|p2b: Hippowdon|Slack Off|p2b: Hippowdon\n|-heal|p2b: Hippowdon|100/100\n|\n|-damage|p1a: Clefable|58/100 brn|[from] brn\n|upkeep\n|turn|17\n|\n|t:|1788375889\n|move|p1b: Excadrill|Iron Head|p2b: Hippowdon\n|-damage|p2b: Hippowdon|63/100\n|-damage|p1b: Excadrill|90/100|[from] item: Life Orb\n|move|p1a: Clefable|Moonblast|p2b: Hippowdon\n|-damage|p2b: Hippowdon|35/100\n|move|p2b: Hippowdon|Fissure|p1b: Excadrill|[miss]\n|-miss|p2b: Hippowdon|p1b: Excadrill\n|\n|-heal|p2b: Hippowdon|41/100|[from] item: Leftovers\n|-damage|p1a: Clefable|52/100 brn|[from] brn\n|upkeep\n|turn|18\n|c|☆todayistom|bro\n|\n|t:|1788375902\n|move|p1b: Excadrill|Iron Head|p2b: Hippowdon\n|-damage|p2b: Hippowdon|5/100\n|-damage|p1b: Excadrill|80/100|[from] item: Life Orb\n|move|p1a: Clefable|Moonblast|p2b: Hippowdon\n|-damage|p2b: Hippowdon|0 fnt\n|faint|p2b: Hippowdon\n|\n|win|urstepslowbro\n","uploadtime":1788375907,"views":"1","formatid":"gen9championsvgc2026regmb","rating":null,"private":0,"password":null}