{"id":"gen9championsvgc2026regmbbo3-2674858415","format":"[Gen 9 Champions] VGC 2026 Reg M-B (Bo3)","players":["ethalem","khangforvn"],"log":"|j|☆ethalem\n|j|☆khangforvn\n|html|<table width=\"100%\"><tr><td align=\"left\">ethalem</td><td align=\"right\">khangforvn</tr><tr><td align=\"left\"><i class=\"fa fa-circle-o\"></i> <i class=\"fa fa-circle-o\"></i> </td><td align=\"right\"><i class=\"fa fa-circle-o\"></i> <i class=\"fa fa-circle-o\"></i> </tr></table>\n|uhtml|bestof|<h2><strong>Game 1</strong> of <a href=\"/game-bestof3-gen9championsvgc2026regmbbo3-2674858414\">a best-of-3</a></h2>\n|t:|1788422843\n|gametype|doubles\n|player|p1|ethalem|acetrainer-gen4dp|1074\n|player|p2|khangforvn|lucas|1133\n|gen|9\n|tier|[Gen 9 Champions] VGC 2026 Reg M-B (Bo3)\n|rated|\n|rule|Species Clause: Limit one of each Pokémon\n|rule|Item Clause: Limit 1 of each item\n|clearpoke\n|poke|p1|Dragonite, L50, M|\n|poke|p1|Sneasler, L50, F|\n|poke|p1|Basculegion, L50, M|\n|poke|p1|Kingambit, L50, M|\n|poke|p1|Garchomp, L50, M|\n|poke|p1|Floette-Eternal, L50, F|\n|poke|p2|Staraptor, L50, M|\n|poke|p2|Whimsicott, L50, F|\n|poke|p2|Garchomp, L50, M|\n|poke|p2|Delphox, L50, F, shiny|\n|poke|p2|Milotic, L50, F, shiny|\n|poke|p2|Kingambit, L50, M|\n|teampreview|4\n|showteam|p1|Dragonite||Dragoninite|Multiscale|DragonPulse,HeatWave,ExtremeSpeed,Protect|Modest||M|||50|]Sneasler||FocusSash|PoisonTouch|CloseCombat,DireClaw,FakeOut,Feint|Jolly||F|||50|]Basculegion||LifeOrb|Adaptability|WaveCrash,LastRespects,AquaJet,Protect|Adamant||M|||50|]Kingambit||ChopleBerry|Defiant|SuckerPunch,KowtowCleave,LowKick,IronHead|Adamant||M|||50|]Garchomp||ChoiceScarf|RoughSkin|DragonClaw,StompingTantrum,Earthquake,RockSlide|Adamant||M|||50|]Floette-Eternal||Floettite|FlowerVeil|Moonblast,DazzlingGleam,LightofRuin,Protect|Timid||F|||50|\n|showteam|p2|Staraptor||Staraptite|Intimidate|CloseCombat,DualWingbeat,Protect,Roost|Serious||M|||50|]Whimsicott||FocusSash|Prankster|Tailwind,Charm,Moonblast,Encore|Timid||F|||50|]Garchomp||LifeOrb|RoughSkin|RockSlide,StompingTantrum,IronHead,Protect|Jolly||M|||50|]Delphox||Delphoxite|Magician|HeatWave,Psychic,Protect,GrassKnot|Modest||F|||50|]Milotic||Leftovers|Competitive|Scald,IcyWind,Recover,Protect|Timid||F|||50|]Kingambit||BlackGlasses|Defiant|KowtowCleave,IronHead,Protect,SuckerPunch|Jolly||M|||50|\n|inactive|Battle timer is ON: inactive players will automatically lose when time's up. (requested by ethalem)\n|\n|t:|1788422869\n|teamsize|p1|4\n|teamsize|p2|4\n|start\n|switch|p1a: Floette|Floette-Eternal, L50, F|100/100\n|switch|p1b: Kingambit|Kingambit, L50, M|100/100\n|switch|p2a: Delphox|Delphox, L50, F, shiny|100/100\n|switch|p2b: Whimsicott|Whimsicott, L50, F|100/100\n|turn|1\n|\n|t:|1788422889\n|detailschange|p2a: Delphox|Delphox-Mega, L50, F, shiny\n|-mega|p2a: Delphox|Delphox|Delphoxite\n|detailschange|p1a: Floette|Floette-Mega, L50, F\n|-mega|p1a: Floette|Floette|Floettite\n|-ability|p1a: Floette|Fairy Aura\n|move|p2a: Delphox|Protect|p2a: Delphox\n|-singleturn|p2a: Delphox|Protect\n|move|p2b: Whimsicott|Tailwind|p2b: Whimsicott\n|-sidestart|p2: khangforvn|move: Tailwind\n|move|p1b: Kingambit|Sucker Punch||[still]\n|-fail|p1b: Kingambit\n|move|p1a: Floette|Moonblast|p2b: Whimsicott\n|-enditem|p2b: Whimsicott|Focus Sash\n|-damage|p2b: Whimsicott|1/100\n|\n|upkeep\n|turn|2\n|\n|t:|1788422910\n|move|p2b: Whimsicott|Charm|p1b: Kingambit\n|-hint|Since gen 7, Dark is immune to Prankster moves.\n|-immune|p1b: Kingambit\n|move|p1b: Kingambit|Sucker Punch|p2a: Delphox\n|-supereffective|p2a: Delphox|1\n|-damage|p2a: Delphox|0 fnt\n|faint|p2a: Delphox\n|move|p1a: Floette|Dazzling Gleam|p2b: Whimsicott\n|-damage|p2b: Whimsicott|0 fnt\n|faint|p2b: Whimsicott\n|\n|upkeep\n|\n|t:|1788422918\n|switch|p2a: Garchomp|Garchomp, L50, M|100/100\n|switch|p2b: Milotic|Milotic, L50, F, shiny|100/100\n|turn|3\n|\n|t:|1788422929\n|move|p1a: Floette|Protect|p1a: Floette\n|-singleturn|p1a: Floette|Protect\n|move|p1b: Kingambit|Sucker Punch|p2a: Garchomp\n|-damage|p2a: Garchomp|57/100\n|-damage|p1b: Kingambit|87/100|[from] ability: Rough Skin|[of] p2a: Garchomp\n|move|p2a: Garchomp|Stomping Tantrum|p1b: Kingambit\n|-supereffective|p1b: Kingambit|1\n|-damage|p1b: Kingambit|12/100\n|-damage|p2a: Garchomp|48/100|[from] item: Life Orb\n|move|p2b: Milotic|Icy Wind|p1b: Kingambit|[spread] p1b\n|-activate|p1a: Floette|move: Protect\n|-resisted|p1b: Kingambit|1\n|-damage|p1b: Kingambit|8/100\n|-unboost|p1b: Kingambit|spe|1\n|-ability|p1b: Kingambit|Defiant|boost\n|-boost|p1b: Kingambit|atk|2\n|\n|upkeep\n|turn|4\n|inactive|ethalem has 30 seconds left.\n|\n|t:|1788422958\n|move|p1b: Kingambit|Sucker Punch|p2b: Milotic\n|-damage|p2b: Milotic|20/100y\n|move|p2a: Garchomp|Iron Head|p1a: Floette\n|-supereffective|p1a: Floette|1\n|-crit|p1a: Floette\n|-damage|p1a: Floette|0 fnt\n|faint|p1a: Floette\n|-damage|p2a: Garchomp|38/100|[from] item: Life Orb\n|move|p2b: Milotic|Icy Wind|p1b: Kingambit\n|-resisted|p1b: Kingambit|1\n|-damage|p1b: Kingambit|1/100\n|-unboost|p1b: Kingambit|spe|1\n|-ability|p1b: Kingambit|Defiant|boost\n|-boost|p1b: Kingambit|atk|2\n|\n|-heal|p2b: Milotic|26/100|[from] item: Leftovers\n|-sideend|p2: khangforvn|move: Tailwind\n|upkeep\n|\n|t:|1788422966\n|switch|p1a: Sneasler|Sneasler, L50, F|100/100\n|turn|5\n|\n|t:|1788422990\n|move|p2a: Garchomp|Protect|p2a: Garchomp\n|-singleturn|p2a: Garchomp|Protect\n|move|p1b: Kingambit|Sucker Punch||[still]\n|-fail|p1b: Kingambit\n|move|p1a: Sneasler|Close Combat|p2a: Garchomp\n|-activate|p2a: Garchomp|move: Protect\n|move|p2b: Milotic|Recover|p2b: Milotic\n|-heal|p2b: Milotic|76/100\n|\n|-heal|p2b: Milotic|82/100|[from] item: Leftovers\n|upkeep\n|turn|6\n|\n|t:|1788423000\n|move|p1b: Kingambit|Sucker Punch|p2b: Milotic\n|-damage|p2b: Milotic|0 fnt\n|faint|p2b: Milotic\n|move|p1a: Sneasler|Close Combat|p2a: Garchomp\n|-damage|p2a: Garchomp|0 fnt\n|-unboost|p1a: Sneasler|def|1\n|-unboost|p1a: Sneasler|spd|1\n|-damage|p1a: Sneasler|87/100|[from] ability: Rough Skin|[of] p2a: Garchomp\n|faint|p2a: Garchomp\n|\n|win|ethalem\n","uploadtime":1788423002,"views":"0","formatid":"gen9championsvgc2026regmbbo3","rating":null,"private":0,"password":null}