{"id":"gen9championsvgc2026regmbbo3-2674379149","format":"[Gen 9 Champions] VGC 2026 Reg M-B (Bo3)","players":["DavidSilesPardillo","fewfdas"],"log":"|j|☆DavidSilesPardillo\n|j|☆fewfdas\n|html|<table width=\"100%\"><tr><td align=\"left\">DavidSilesPardillo</td><td align=\"right\">fewfdas</tr><tr><td align=\"left\"><i class=\"fa fa-circle-o\"></i> <i class=\"fa fa-circle-o\"></i> </td><td align=\"right\"><i class=\"fa fa-circle-o\"></i> <i class=\"fa fa-circle-o\"></i> </tr></table>\n|uhtml|bestof|<h2><strong>Game 1</strong> of <a href=\"/game-bestof3-gen9championsvgc2026regmbbo3-2674379148\">a best-of-3</a></h2>\n|t:|1788351902\n|gametype|doubles\n|player|p1|DavidSilesPardillo|cynthia|1112\n|player|p2|fewfdas|101|1071\n|gen|9\n|tier|[Gen 9 Champions] VGC 2026 Reg M-B (Bo3)\n|rated|\n|rule|Species Clause: Limit one of each Pokémon\n|rule|Item Clause: Limit 1 of each item\n|clearpoke\n|poke|p1|Charizard, L50, F|\n|poke|p1|Aerodactyl, L50, M|\n|poke|p1|Kingambit, L50, F|\n|poke|p1|Basculegion, L50, M|\n|poke|p1|Whimsicott, L50, F|\n|poke|p1|Garchomp, L50, M|\n|poke|p2|Eelektross, L50, F|\n|poke|p2|Garchomp, L50, F|\n|poke|p2|Aerodactyl, L50, F|\n|poke|p2|Orthworm, L50, F|\n|poke|p2|Pelipper, L50, F|\n|poke|p2|Rotom-Wash, L50|\n|teampreview|4\n|showteam|p1|Charizard||CharizarditeY|SolarPower|Overheat,HeatWave,SolarBeam,Protect|Timid||F|||50|]Aerodactyl||Aerodactylite|Unnerve|RockSlide,DualWingbeat,IceFang,Protect|Jolly||M|||50|]Kingambit||FocusSash|Defiant|KowtowCleave,IronHead,SuckerPunch,LowKick|Adamant||F|||50|]Basculegion||ChoiceScarf|Adaptability|WaveCrash,LastRespects,AquaJet,FlipTurn|Jolly||M|||50|]Whimsicott||FairyFeather|Prankster|Moonblast,SunnyDay,Tailwind,Encore|Bold||F|||50|]Garchomp||LifeOrb|RoughSkin|Earthquake,DragonClaw,RockTomb,Protect|Jolly||M|||50|\n|showteam|p2|Eelektross||Eelektrossite|Levitate|Coil,SupercellSlam,Protect,KnockOff|Jolly||F|||50|]Garchomp||ChoiceScarf|RoughSkin|Earthquake,RockSlide,DracoMeteor,ShadowClaw|Lonely||F|||50|]Aerodactyl||FocusSash|Unnerve|Tailwind,Protect,RockSlide,StealthRock|Jolly||F|||50|]Orthworm||Leftovers|EarthEater|BodyPress,Protect,HeavySlam,Earthquake|Impish||F|||50|]Pelipper||ChartiBerry|Drizzle|Hurricane,Protect,WeatherBall,Tailwind|Bold||F|||50|]Rotom-Wash||LifeOrb|Levitate|Thunder,Protect,Electroweb,HydroPump|Timid|||||50|\n|inactive|Battle timer is ON: inactive players will automatically lose when time's up. (requested by fewfdas)\n|inactiveoff|Battle timer is now OFF.\n|\n|t:|1788351975\n|teamsize|p1|4\n|teamsize|p2|4\n|start\n|switch|p1a: Kingambit|Kingambit, L50, F|100/100\n|switch|p1b: Whimsicott|Whimsicott, L50, F|100/100\n|switch|p2a: Aerodactyl|Aerodactyl, L50, F|100/100\n|switch|p2b: Garchomp|Garchomp, L50, F|100/100\n|-ability|p2a: Aerodactyl|Unnerve\n|turn|1\n|\n|t:|1788352000\n|move|p2a: Aerodactyl|Stealth Rock|p1b: Whimsicott\n|-sidestart|p1: DavidSilesPardillo|move: Stealth Rock\n|move|p2b: Garchomp|Earthquake|p1b: Whimsicott|[spread] p1a,p1b\n|-immune|p2a: Aerodactyl\n|-supereffective|p1a: Kingambit|1\n|-crit|p1a: Kingambit\n|-resisted|p1b: Whimsicott|1\n|-enditem|p1a: Kingambit|Focus Sash\n|-damage|p1a: Kingambit|1/100\n|-damage|p1b: Whimsicott|78/100\n|move|p1b: Whimsicott|Moonblast|p2b: Garchomp\n|-supereffective|p2b: Garchomp|1\n|-damage|p2b: Garchomp|44/100\n|-unboost|p2b: Garchomp|spa|1\n|move|p1a: Kingambit|Iron Head|p2a: Aerodactyl\n|-supereffective|p2a: Aerodactyl|1\n|-enditem|p2a: Aerodactyl|Focus Sash\n|-damage|p2a: Aerodactyl|1/100\n|\n|upkeep\n|turn|2\n|\n|t:|1788352032\n|switch|p1b: Charizard|Charizard, L50, F|100/100\n|-damage|p1b: Charizard|50/100g|[from] Stealth Rock\n|move|p1a: Kingambit|Sucker Punch|p2b: Garchomp\n|-damage|p2b: Garchomp|1/100\n|-damage|p1a: Kingambit|0 fnt|[from] ability: Rough Skin|[of] p2b: Garchomp\n|faint|p1a: Kingambit\n|move|p2a: Aerodactyl|Tailwind|p2a: Aerodactyl\n|-sidestart|p2: fewfdas|move: Tailwind\n|move|p2b: Garchomp|Earthquake|p1b: Charizard|[spread] \n|-immune|p2a: Aerodactyl\n|-immune|p1b: Charizard\n|\n|upkeep\n|\n|t:|1788352042\n|switch|p1a: Whimsicott|Whimsicott, L50, F|78/100\n|-damage|p1a: Whimsicott|66/100|[from] Stealth Rock\n|turn|3\n|\n|t:|1788352057\n|switch|p2b: Rotom|Rotom-Wash, L50|100/100\n|move|p2a: Aerodactyl|Protect|p2a: Aerodactyl\n|-singleturn|p2a: Aerodactyl|Protect\n|move|p1b: Charizard|Protect|p1b: Charizard\n|-singleturn|p1b: Charizard|Protect\n|move|p1a: Whimsicott|Tailwind|p1a: Whimsicott\n|-sidestart|p1: DavidSilesPardillo|move: Tailwind\n|\n|upkeep\n|turn|4\n|\n|t:|1788352078\n|detailschange|p1b: Charizard|Charizard-Mega-Y, L50, F\n|-mega|p1b: Charizard|Charizard|Charizardite Y\n|-weather|SunnyDay|[from] ability: Drought|[of] p1b: Charizard\n|move|p1a: Whimsicott|Encore|p2a: Aerodactyl\n|-start|p2a: Aerodactyl|Encore\n|move|p2a: Aerodactyl|Protect|p2a: Aerodactyl\n|-singleturn|p2a: Aerodactyl|Protect\n|move|p1b: Charizard|Solar Beam||[still]\n|-prepare|p1b: Charizard|Solar Beam\n|-anim|p1b: Charizard|Solar Beam|p2b: Rotom\n|-supereffective|p2b: Rotom|1\n|-damage|p2b: Rotom|0 fnt\n|faint|p2b: Rotom\n|\n|-weather|SunnyDay|[upkeep]\n|upkeep\n|\n|t:|1788352089\n|switch|p2b: Pelipper|Pelipper, L50, F|100/100\n|-weather|RainDance|[from] ability: Drizzle|[of] p2b: Pelipper\n|turn|5\n|\n|t:|1788352102\n|switch|p2a: Garchomp|Garchomp, L50, F|1/100\n|move|p1a: Whimsicott|Sunny Day|p1a: Whimsicott\n|-weather|SunnyDay\n|move|p1b: Charizard|Heat Wave|p2b: Pelipper|[spread] p2a,p2b\n|-resisted|p2a: Garchomp|1\n|-resisted|p2b: Pelipper|1\n|-damage|p2a: Garchomp|0 fnt\n|-damage|p2b: Pelipper|55/100\n|faint|p2a: Garchomp\n|move|p2b: Pelipper|Hurricane|p1a: Whimsicott\n|-supereffective|p1a: Whimsicott|1\n|-damage|p1a: Whimsicott|0 fnt\n|faint|p1a: Whimsicott\n|\n|-weather|SunnyDay|[upkeep]\n|-sideend|p2: fewfdas|move: Tailwind\n|upkeep\n|\n|t:|1788352113\n|switch|p1a: Basculegion|Basculegion, L50, M|100/100\n|switch|p2a: Aerodactyl|Aerodactyl, L50, F|1/100\n|-ability|p2a: Aerodactyl|Unnerve\n|-damage|p1a: Basculegion|87/100|[from] Stealth Rock\n|turn|6\n|\n|t:|1788352136\n|move|p2a: Aerodactyl|Protect|p2a: Aerodactyl\n|-singleturn|p2a: Aerodactyl|Protect\n|move|p1a: Basculegion|Last Respects|p2b: Pelipper\n|-damage|p2b: Pelipper|0 fnt\n|faint|p2b: Pelipper\n|move|p1b: Charizard|Solar Beam||[still]\n|-prepare|p1b: Charizard|Solar Beam\n|-anim|p1b: Charizard|Solar Beam|p2a: Aerodactyl\n|-activate|p2a: Aerodactyl|move: Protect\n|\n|-weather|SunnyDay|[upkeep]\n|-sideend|p1: DavidSilesPardillo|move: Tailwind\n|upkeep\n|turn|7\n|inactive|Battle timer is ON: inactive players will automatically lose when time's up. (requested by DavidSilesPardillo)\n|-message|fewfdas forfeited.\n|\n|win|DavidSilesPardillo\n|l|☆fewfdas\n|player|p2|\n||fewfdas is ready for game 2.\n||DavidSilesPardillo is ready for game 2.\n|uhtml|next|Next: <a href=\"/battle-gen9championsvgc2026regmbbo3-2674380694\"><strong>Game 2 of 3</strong></a>\n","uploadtime":1788352548,"views":"2","formatid":"gen9championsvgc2026regmbbo3","rating":null,"private":0,"password":null}