{"id":"gen9championsvgc2026regmb-2674959248","format":"[Gen 9 Champions] VGC 2026 Reg M-B","players":["PedroMonteiro","RBG_LOL"],"log":"|j|☆PedroMonteiro\n|j|☆RBG_LOL\n|t:|1788442087\n|gametype|doubles\n|player|p1|PedroMonteiro|crasherwake|1085\n|player|p2|RBG_LOL|ghetsis-gen5bw|1000\n|gen|9\n|tier|[Gen 9 Champions] VGC 2026 Reg M-B\n|rated|\n|rule|Species Clause: Limit one of each Pokémon\n|rule|Item Clause: Limit 1 of each item\n|clearpoke\n|poke|p1|Froslass, L50, F|\n|poke|p1|Incineroar, L50, F|\n|poke|p1|Kingambit, L50, F|\n|poke|p1|Sneasler, L50, F|\n|poke|p1|Rotom-Frost, L50|\n|poke|p1|Arcanine-Hisui, L50, M|\n|poke|p2|Garchomp, L50, M|\n|poke|p2|Vaporeon, L50, F|\n|poke|p2|Toxicroak, L50, M|\n|poke|p2|Politoed, L50, M|\n|poke|p2|Heliolisk, L50, M|\n|poke|p2|Scovillain, L50, M|\n|teampreview|4\nPedroMonteiro rejected open team sheets.\n|\n|t:|1788442121\n|teamsize|p1|4\n|teamsize|p2|4\n|start\n|switch|p1a: Froslass|Froslass, L50, F|100/100\n|switch|p1b: Incineroar|Incineroar, L50, F|100/100\n|switch|p2a: Scovillain|Scovillain, L50, M|100/100\n|switch|p2b: Vaporeon|Vaporeon, L50, F|100/100\n|-ability|p1b: Incineroar|Intimidate|boost\n|-unboost|p2a: Scovillain|atk|1\n|-unboost|p2b: Vaporeon|atk|1\n|turn|1\n|inactive|Battle timer is ON: inactive players will automatically lose when time's up. (requested by PedroMonteiro)\n|\n|t:|1788442143\n|detailschange|p1a: Froslass|Froslass-Mega, L50, F\n|-mega|p1a: Froslass|Froslass|Froslassite\n|-weather|Snowscape|[from] ability: Snow Warning|[of] p1a: Froslass\n|detailschange|p2a: Scovillain|Scovillain-Mega, L50, M\n|-mega|p2a: Scovillain|Scovillain|Scovillainite\n|move|p1b: Incineroar|Fake Out|p2b: Vaporeon\n|-damage|p2b: Vaporeon|85/100\n|move|p1a: Froslass|Nasty Plot|p1a: Froslass\n|-boost|p1a: Froslass|spa|2\n|move|p2a: Scovillain|Leech Seed|p1a: Froslass\n|-start|p1a: Froslass|move: Leech Seed\n|cant|p2b: Vaporeon|flinch\n|\n|-weather|Snowscape|[upkeep]\n|-heal|p2b: Vaporeon|91/100|[from] item: Leftovers\n|-damage|p1a: Froslass|87/100|[from] Leech Seed|[of] p2a: Scovillain\n|upkeep\n|turn|2\n|\n|t:|1788442166\n|move|p1a: Froslass|Blizzard|p2a: Scovillain|[spread] p2a,p2b\n|-resisted|p2b: Vaporeon|1\n|-damage|p2a: Scovillain|5/100\n|-damage|p2b: Vaporeon|55/100\n|-status|p1a: Froslass|brn|[from] ability: Spicy Spray|[of] p2a: Scovillain\n|move|p2a: Scovillain|Overheat|p1a: Froslass\n|-supereffective|p1a: Froslass|1\n|-damage|p1a: Froslass|0 fnt\n|-unboost|p2a: Scovillain|spa|2\n|faint|p1a: Froslass\n|move|p2b: Vaporeon|Calm Mind|p2b: Vaporeon\n|-boost|p2b: Vaporeon|spa|1\n|-boost|p2b: Vaporeon|spd|1\n|move|p1b: Incineroar|Flare Blitz|p2a: Scovillain\n|-damage|p2a: Scovillain|0 fnt\n|faint|p2a: Scovillain\n|-damage|p1b: Incineroar|98/100|[from] Recoil\n|\n|-weather|Snowscape|[upkeep]\n|-heal|p2b: Vaporeon|62/100|[from] item: Leftovers\n|upkeep\n|\n|t:|1788442184\n|switch|p1a: Rotom|Rotom-Frost, L50|100/100\n|switch|p2a: Politoed|Politoed, L50, M|100/100\n|-weather|RainDance|[from] ability: Drizzle|[of] p2a: Politoed\n|turn|3\n|\n|t:|1788442200\n|switch|p1b: Kingambit|Kingambit, L50, F|100/100\n|move|p1a: Rotom|Thunder|p2a: Politoed\n|-supereffective|p2a: Politoed|1\n|-damage|p2a: Politoed|17/100\n|move|p2a: Politoed|Surf|p1b: Kingambit|[spread] p1a,p1b\n|-heal|p2b: Vaporeon|87/100|[from] ability: Water Absorb|[of] p2a: Politoed\n|-damage|p1a: Rotom|54/100\n|-damage|p1b: Kingambit|44/100\n|-damage|p2a: Politoed|7/100|[from] item: Life Orb\n|move|p2b: Vaporeon|Calm Mind|p2b: Vaporeon\n|-boost|p2b: Vaporeon|spa|1\n|-boost|p2b: Vaporeon|spd|1\n|\n|-weather|RainDance|[upkeep]\n|-heal|p2b: Vaporeon|93/100|[from] item: Leftovers\n|upkeep\n|turn|4\n|\n|t:|1788442218\n|move|p2a: Politoed|Protect|p2a: Politoed\n|-singleturn|p2a: Politoed|Protect\n|move|p1b: Kingambit|Sucker Punch||[still]\n|-fail|p1b: Kingambit\n|move|p1a: Rotom|Thunder|p2b: Vaporeon\n|-supereffective|p2b: Vaporeon|1\n|-damage|p2b: Vaporeon|61/100\n|move|p2b: Vaporeon|Surf|p1a: Rotom|[spread] p1a,p1b\n|-activate|p2a: Politoed|move: Protect\n|-crit|p1b: Kingambit\n|-damage|p1a: Rotom|0 fnt\n|-damage|p1b: Kingambit|0 fnt\n|faint|p1a: Rotom\n|faint|p1b: Kingambit\n|\n|-weather|RainDance|[upkeep]\n|-heal|p2b: Vaporeon|67/100|[from] item: Leftovers\n|upkeep\n|\n|t:|1788442233\n|switch|p1b: Incineroar|Incineroar, L50, F|98/100\n|-ability|p1b: Incineroar|Intimidate|boost\n|-unboost|p2a: Politoed|atk|1\n|-unboost|p2b: Vaporeon|atk|1\n|turn|5\n|\n|t:|1788442240\n|move|p2b: Vaporeon|Protect|p2b: Vaporeon\n|-singleturn|p2b: Vaporeon|Protect\n|move|p1b: Incineroar|Fake Out|p2a: Politoed\n|-crit|p2a: Politoed\n|-damage|p2a: Politoed|0 fnt\n|faint|p2a: Politoed\n|\n|-weather|RainDance|[upkeep]\n|-heal|p2b: Vaporeon|73/100|[from] item: Leftovers\n|upkeep\n|\n|t:|1788442243\n|switch|p2a: Garchomp|Garchomp, L50, M|100/100\n|turn|6\n|\n|t:|1788442253\n|move|p2a: Garchomp|Surf|p1b: Incineroar|[spread] p1b\n|-heal|p2b: Vaporeon|98/100|[from] ability: Water Absorb|[of] p2a: Garchomp\n|-supereffective|p1b: Incineroar|1\n|-damage|p1b: Incineroar|48/100\n|-enditem|p1b: Incineroar|Sitrus Berry|[eat]\n|-heal|p1b: Incineroar|72/100|[from] item: Sitrus Berry\n|move|p2b: Vaporeon|Surf|p1b: Incineroar|[spread] p2a,p1b\n|-supereffective|p1b: Incineroar|1\n|-crit|p1b: Incineroar\n|-damage|p2a: Garchomp|4/100\n|-damage|p1b: Incineroar|0 fnt\n|faint|p1b: Incineroar\n|\n|win|RBG_LOL\n|raw|PedroMonteiro's rating: 1085 &rarr; <strong>1057</strong><br />(-28 for losing)\n|raw|RBG_LOL's rating: 1000 &rarr; <strong>1050</strong><br />(+50 for winning)\n","uploadtime":1788442263,"views":"7","formatid":"gen9championsvgc2026regmb","rating":1050,"private":0,"password":null}