{"id":"gen9championsvgc2026regmbbo3-2674005354","format":"[Gen 9 Champions] VGC 2026 Reg M-B (Bo3)","players":["Tendo Pain(Nagato)","ChrisJHall"],"log":"|j|☆Tendo Pain(Nagato)\n|j|☆ChrisJHall\n|html|<table width=\"100%\"><tr><td align=\"left\">Tendo Pain(Nagato)</td><td align=\"right\">ChrisJHall</tr><tr><td align=\"left\"><i class=\"fa fa-circle-o\"></i> <i class=\"fa fa-circle-o\"></i> </td><td align=\"right\"><i class=\"fa fa-circle-o\"></i> <i class=\"fa fa-circle-o\"></i> </tr></table>\n|uhtml|bestof|<h2><strong>Game 1</strong> of <a href=\"/game-bestof3-gen9championsvgc2026regmbbo3-2674005353\">a best-of-3</a></h2>\n|t:|1788287272\n|gametype|doubles\n|player|p1|Tendo Pain(Nagato)|bruno|1351\n|player|p2|ChrisJHall|170|1375\n|gen|9\n|tier|[Gen 9 Champions] VGC 2026 Reg M-B (Bo3)\n|rated|\n|rule|Species Clause: Limit one of each Pokémon\n|rule|Item Clause: Limit 1 of each item\n|clearpoke\n|poke|p1|Staraptor, L50, F, shiny|\n|poke|p1|Raichu, L50, F, shiny|\n|poke|p1|Farigiraf, L50, F|\n|poke|p1|Whimsicott, L50, F|\n|poke|p1|Kingambit, L50, M, shiny|\n|poke|p1|Sylveon, L50, F, shiny|\n|poke|p2|Froslass, L50, F|\n|poke|p2|Scovillain, L50, M|\n|poke|p2|Kingambit, L50, F|\n|poke|p2|Basculegion, L50, M|\n|poke|p2|Lycanroc-Dusk, L50, F|\n|poke|p2|Sneasler, L50, M|\n|teampreview|4\n|showteam|p1|Staraptor||Staraptite|Intimidate|Protect,CloseCombat,BraveBird,Roost|Adamant||F|||50|]Raichu||RaichuniteY|LightningRod|Protect,FakeOut,ZapCannon,FocusBlast|Modest||F|||50|]Farigiraf||SitrusBerry|ArmorTail|Psychic,HelpingHand,Thunderbolt,TrickRoom|Quiet||F|||50|]Whimsicott||FocusSash|Prankster|Protect,Encore,Tailwind,Moonblast|Timid||F|||50|]Kingambit||LifeOrb|Defiant|Protect,SuckerPunch,KowtowCleave,IronHead|Adamant||M|||50|]Sylveon||FairyFeather|Pixilate|Protect,HyperVoice,HyperBeam,QuickAttack|Calm||F|||50|\n|showteam|p2|Froslass||Froslassite|SnowCloak|Blizzard,AuroraVeil,ShadowBall,Protect|Timid||F|||50|]Scovillain||Scovillainite|Moody|Protect,RagePowder,Overheat,GigaDrain|Bold||M|||50|]Kingambit||BlackGlasses|Defiant|SwordsDance,SuckerPunch,KowtowCleave,Protect|Adamant||F|||50|]Basculegion||LifeOrb|Adaptability|WaveCrash,LastRespects,AquaJet,Protect|Adamant||M|||50|]Lycanroc-Dusk||FocusSash|ToughClaws|Accelerock,CloseCombat,RockSlide,Protect|Adamant||F|||50|]Sneasler||WhiteHerb|Unburden|CloseCombat,DireClaw,FakeOut,Protect|Jolly||M|||50|\n|inactive|Battle timer is ON: inactive players will automatically lose when time's up. (requested by Tendo Pain(Nagato))\n|\n|t:|1788287330\n|teamsize|p1|4\n|teamsize|p2|4\n|start\n|switch|p1a: Raichu|Raichu, L50, F, shiny|100/100\n|switch|p1b: Whimsicott|Whimsicott, L50, F|100/100\n|switch|p2a: Kingambit|Kingambit, L50, F|100/100\n|switch|p2b: Scovillain|Scovillain, L50, M|100/100\n|turn|1\n|inactive|Tendo Pain(Nagato) has 30 seconds left.\n|inactive|ChrisJHall has 30 seconds left.\n|inactive|ChrisJHall has 20 seconds left.\n|inactive|ChrisJHall has 15 seconds left.\n|inactive|ChrisJHall has 10 seconds left.\n|\n|t:|1788287376\n|detailschange|p1a: Raichu|Raichu-Mega-Y, L50, F, shiny\n|-mega|p1a: Raichu|Raichu|Raichunite Y\n|detailschange|p2b: Scovillain|Scovillain-Mega, L50, M\n|-mega|p2b: Scovillain|Scovillain|Scovillainite\n|move|p2a: Kingambit|Protect|p2a: Kingambit\n|-singleturn|p2a: Kingambit|Protect\n|move|p1b: Whimsicott|Moonblast|p2a: Kingambit\n|-activate|p2a: Kingambit|move: Protect\n|move|p1a: Raichu|Focus Blast|p2b: Scovillain\n|-damage|p2b: Scovillain|43/100\n|-status|p1a: Raichu|brn|[from] ability: Spicy Spray|[of] p2b: Scovillain\n|move|p2b: Scovillain|Giga Drain|p1a: Raichu\n|-damage|p1a: Raichu|47/100 brn\n|-heal|p2b: Scovillain|63/100|[from] drain|[of] p1a: Raichu\n|\n|-damage|p1a: Raichu|41/100 brn|[from] brn\n|upkeep\n|turn|2\n|inactive|ChrisJHall has 30 seconds left.\n|inactive|ChrisJHall has 20 seconds left.\n|inactive|ChrisJHall has 15 seconds left.\n|inactive|ChrisJHall has 10 seconds left.\n|\n|t:|1788287427\n|move|p1a: Raichu|Protect|p1a: Raichu\n|-singleturn|p1a: Raichu|Protect\n|move|p2b: Scovillain|Rage Powder|p2b: Scovillain\n|-singleturn|p2b: Scovillain|move: Rage Powder\n|move|p1b: Whimsicott|Encore|p2b: Scovillain\n|-start|p2b: Scovillain|Encore\n|move|p2a: Kingambit|Swords Dance|p2a: Kingambit\n|-boost|p2a: Kingambit|atk|2\n|\n|-damage|p1a: Raichu|35/100 brn|[from] brn\n|upkeep\n|turn|3\n|\n|t:|1788287442\n|move|p2b: Scovillain|Rage Powder|p2b: Scovillain\n|-singleturn|p2b: Scovillain|move: Rage Powder\n|move|p1b: Whimsicott|Moonblast|p2a: Kingambit\n|-damage|p2a: Kingambit|72/100\n|move|p1a: Raichu|Focus Blast|p2b: Scovillain\n|-damage|p2b: Scovillain|6/100\n|move|p2a: Kingambit|Kowtow Cleave|p1a: Raichu\n|-damage|p1a: Raichu|0 fnt\n|faint|p1a: Raichu\n|\n|upkeep\n|\n|t:|1788287450\n|switch|p1a: Sylveon|Sylveon, L50, F, shiny|100/100\n|turn|4\n|\n|t:|1788287465\n|move|p2a: Kingambit|Protect|p2a: Kingambit\n|-singleturn|p2a: Kingambit|Protect\n|move|p2b: Scovillain|Rage Powder|p2b: Scovillain\n|-singleturn|p2b: Scovillain|move: Rage Powder\n|move|p1b: Whimsicott|Moonblast|p2a: Kingambit\n|-activate|p2a: Kingambit|move: Protect\n|move|p1a: Sylveon|Hyper Voice|p2b: Scovillain|[spread] p2b\n|-activate|p2a: Kingambit|move: Protect\n|-resisted|p2b: Scovillain|1\n|-damage|p2b: Scovillain|0 fnt\n|-status|p1a: Sylveon|brn|[from] ability: Spicy Spray|[of] p2b: Scovillain\n|faint|p2b: Scovillain\n|\n|-damage|p1a: Sylveon|94/100 brn|[from] brn\n|upkeep\n|\n|t:|1788287483\n|switch|p2b: Basculegion|Basculegion, L50, M|100/100\n|turn|5\n|\n|t:|1788287499\n|move|p1b: Whimsicott|Tailwind|p1b: Whimsicott\n|-sidestart|p1: Tendo Pain(Nagato)|move: Tailwind\n|move|p2b: Basculegion|Aqua Jet|p1a: Sylveon\n|-damage|p1a: Sylveon|53/100 brn\n|-damage|p2b: Basculegion|90/100|[from] item: Life Orb\n|move|p2a: Kingambit|Sucker Punch|p1a: Sylveon\n|-resisted|p1a: Sylveon|1\n|-damage|p1a: Sylveon|8/100 brn\n|move|p1a: Sylveon|Hyper Beam|p2a: Kingambit\n|-damage|p2a: Kingambit|3/100\n|-mustrecharge|p1a: Sylveon\n|\n|-damage|p1a: Sylveon|2/100 brn|[from] brn\n|upkeep\n|turn|6\n|\n|t:|1788287519\n|switch|p2a: Sneasler|Sneasler, L50, M|100/100\n|move|p1b: Whimsicott|Encore|p2b: Basculegion\n|-start|p2b: Basculegion|Encore\n|move|p2b: Basculegion|Aqua Jet|p1b: Whimsicott\n|-resisted|p1b: Whimsicott|1\n|-damage|p1b: Whimsicott|71/100\n|-damage|p2b: Basculegion|80/100|[from] item: Life Orb\n|cant|p1a: Sylveon|recharge\n|\n|-damage|p1a: Sylveon|0 fnt|[from] brn\n|faint|p1a: Sylveon\n|upkeep\n|\n|t:|1788287525\n|switch|p1a: Kingambit|Kingambit, L50, M, shiny|100/100\n|turn|7\n|inactive|ChrisJHall has 30 seconds left.\n|\n|t:|1788287558\n|switch|p2b: Kingambit|Kingambit, L50, F|3/100\n|move|p1b: Whimsicott|Moonblast|p2a: Sneasler\n|-damage|p2a: Sneasler|56/100\n|move|p2a: Sneasler|Close Combat|p1a: Kingambit\n|-supereffective|p1a: Kingambit|2\n|-damage|p1a: Kingambit|0 fnt\n|-unboost|p2a: Sneasler|def|1\n|-unboost|p2a: Sneasler|spd|1\n|faint|p1a: Kingambit\n|-enditem|p2a: Sneasler|White Herb\n|-clearnegativeboost|p2a: Sneasler|[silent]\n|\n|upkeep\n|turn|8\n|\n|t:|1788287575\n|move|p1b: Whimsicott|Moonblast|p2a: Sneasler\n|-damage|p2a: Sneasler|10/100\n|move|p2a: Sneasler|Dire Claw|p1b: Whimsicott\n|-supereffective|p1b: Whimsicott|2\n|-damage|p1b: Whimsicott|0 fnt\n|faint|p1b: Whimsicott\n|\n|win|ChrisJHall\n|l|☆Tendo Pain(Nagato)\n|player|p1|\n||ChrisJHall is ready for game 2.\n||Tendo Pain(Nagato) is ready for game 2.\n|uhtml|next|Next: <a href=\"/battle-gen9championsvgc2026regmbbo3-2674007989\"><strong>Game 2 of 3</strong></a>\n","uploadtime":1788287810,"views":"0","formatid":"gen9championsvgc2026regmbbo3","rating":null,"private":0,"password":null}