{"id":"gen9championsvgc2026regmb-2674335375","format":"[Gen 9 Champions] VGC 2026 Reg M-B","players":["esekir","P28"],"log":"|j|☆esekir\n|j|☆P28\n|t:|1788343587\n|gametype|doubles\n|player|p1|esekir|265|1173\n|player|p2|P28|101|1247\n|gen|9\n|tier|[Gen 9 Champions] VGC 2026 Reg M-B\n|rated|\n|rule|Species Clause: Limit one of each Pokémon\n|rule|Item Clause: Limit 1 of each item\n|clearpoke\n|poke|p1|Staraptor, L50, M|\n|poke|p1|Grimmsnarl, L50, M|\n|poke|p1|Ceruledge, L50, M|\n|poke|p1|Milotic, L50, M|\n|poke|p1|Wyrdeer, L50, F|\n|poke|p1|Venusaur, L50, M|\n|poke|p2|Froslass, L50, F|\n|poke|p2|Glaceon, L50, M|\n|poke|p2|Talonflame, L50, M|\n|poke|p2|Glimmora, L50, M, shiny|\n|poke|p2|Sneasler, L50, M|\n|poke|p2|Kingambit, L50, M|\n|teampreview|4\nP28 rejected open team sheets.\n|\n|t:|1788343676\n|teamsize|p1|4\n|teamsize|p2|4\n|start\n|switch|p1a: Milotic|Milotic, L50, M|100/100\n|switch|p1b: Wyrdeer|Wyrdeer, L50, F|100/100\n|switch|p2a: Froslass|Froslass, L50, F|100/100\n|switch|p2b: Kingambit|Kingambit, L50, M|100/100\n|-ability|p1b: Wyrdeer|Intimidate|boost\n|-unboost|p2a: Froslass|atk|1\n|-unboost|p2b: Kingambit|atk|1\n|-ability|p2b: Kingambit|Defiant|boost\n|-boost|p2b: Kingambit|atk|2\n|turn|1\n|\n|t:|1788343736\n|detailschange|p2a: Froslass|Froslass-Mega, L50, F\n|-mega|p2a: Froslass|Froslass|Froslassite\n|-weather|Snowscape|[from] ability: Snow Warning|[of] p2a: Froslass\n|move|p2a: Froslass|Shadow Ball|p1a: Milotic\n|-damage|p1a: Milotic|75/100\n|-unboost|p1a: Milotic|spd|1\n|-ability|p1a: Milotic|Competitive|boost\n|-boost|p1a: Milotic|spa|2\n|move|p1b: Wyrdeer|Gravity|p1b: Wyrdeer\n|-fieldstart|move: Gravity\n|move|p2b: Kingambit|Kowtow Cleave|p1a: Milotic\n|-damage|p1a: Milotic|6/100\n|move|p1a: Milotic|Hypnosis|p2b: Kingambit\n|-status|p2b: Kingambit|slp|[from] move: Hypnosis\n|\n|-weather|Snowscape|[upkeep]\n|-heal|p1a: Milotic|12/100|[from] item: Leftovers\n|upkeep\n|turn|2\n|\n|t:|1788343797\n|move|p2a: Froslass|Blizzard|p1a: Milotic|[spread] p1a,p1b\n|-resisted|p1a: Milotic|1\n|-damage|p1a: Milotic|0 fnt\n|-damage|p1b: Wyrdeer|59/100\n|-status|p1b: Wyrdeer|frz\n|faint|p1a: Milotic\n|-curestatus|p1b: Wyrdeer|frz|[msg]\n|move|p1b: Wyrdeer|Psyshield Bash|p2a: Froslass\n|-damage|p2a: Froslass|67/100\n|-boost|p1b: Wyrdeer|def|1\n|cant|p2b: Kingambit|slp\n|\n|-weather|Snowscape|[upkeep]\n|upkeep\n|\n|t:|1788343807\n|switch|p1a: Ceruledge|Ceruledge, L50, M|100/100\n|turn|3\n|\n|t:|1788343849\n|move|p2a: Froslass|Shadow Ball|p1a: Ceruledge\n|-supereffective|p1a: Ceruledge|1\n|-damage|p1a: Ceruledge|10/100\n|move|p1a: Ceruledge|Bulk Up|p1a: Ceruledge\n|-boost|p1a: Ceruledge|atk|1\n|-boost|p1a: Ceruledge|def|1\n|move|p1b: Wyrdeer|Hypnosis|p2a: Froslass\n|-status|p2a: Froslass|slp|[from] move: Hypnosis\n|-curestatus|p2b: Kingambit|slp|[msg]\n|move|p2b: Kingambit|Kowtow Cleave|p1b: Wyrdeer\n|-supereffective|p1b: Wyrdeer|1\n|-enditem|p1b: Wyrdeer|Colbur Berry|[eat]\n|-enditem|p1b: Wyrdeer|Colbur Berry|[weaken]\n|-damage|p1b: Wyrdeer|7/100\n|\n|-weather|Snowscape|[upkeep]\n|upkeep\n|turn|4\n|\n|t:|1788343897\n|move|p1a: Ceruledge|Protect|p1a: Ceruledge\n|-singleturn|p1a: Ceruledge|Protect\n|move|p2b: Kingambit|Protect|p2b: Kingambit\n|-singleturn|p2b: Kingambit|Protect\n|cant|p2a: Froslass|slp\n|move|p1b: Wyrdeer|Hypnosis|p2b: Kingambit\n|-activate|p2b: Kingambit|move: Protect\n|\n|-weather|Snowscape|[upkeep]\n|upkeep\n|turn|5\n|\n|t:|1788343922\n|move|p1a: Ceruledge|Shadow Sneak|p2a: Froslass\n|-supereffective|p2a: Froslass|1\n|-damage|p2a: Froslass|1/100 slp\n|-damage|p1a: Ceruledge|1/100|[from] item: Life Orb\n|-curestatus|p2a: Froslass|slp|[msg]\n|move|p2a: Froslass|Blizzard|p1b: Wyrdeer|[spread] p1a,p1b\n|-resisted|p1a: Ceruledge|1\n|-damage|p1a: Ceruledge|0 fnt\n|-damage|p1b: Wyrdeer|0 fnt\n|faint|p1a: Ceruledge\n|faint|p1b: Wyrdeer\n|move|p2b: Kingambit|Kowtow Cleave|p1: Ceruledge|[notarget]\n|-fail|p2b: Kingambit\n|\n|-weather|none\n|-fieldend|move: Gravity\n|upkeep\n|\n|t:|1788343933\n|switch|p1a: Staraptor|Staraptor, L50, M|100/100\n|-ability|p1a: Staraptor|Intimidate|boost\n|-unboost|p2a: Froslass|atk|1\n|-unboost|p2b: Kingambit|atk|1\n|-ability|p2b: Kingambit|Defiant|boost\n|-boost|p2b: Kingambit|atk|2\n|turn|6\n|-message|esekir forfeited.\n|\n|win|P28\n|raw|esekir's rating: 1173 &rarr; <strong>1153</strong><br />(-20 for losing)\n|raw|P28's rating: 1247 &rarr; <strong>1267</strong><br />(+20 for winning)\n|l|☆esekir\n|player|p1|\n","uploadtime":1788343944,"views":"1","formatid":"gen9championsvgc2026regmb","rating":1153,"private":0,"password":null}