{"id":"gen9championsvgc2026regmbbo3-2673384253","format":"[Gen 9 Champions] VGC 2026 Reg M-B (Bo3)","players":["ikerros2010","Bananin4"],"log":"|j|☆ikerros2010\n|j|☆Bananin4\n|html|<table width=\"100%\"><tr><td align=\"left\">ikerros2010</td><td align=\"right\">Bananin4</tr><tr><td align=\"left\"><i class=\"fa fa-circle\"></i> <i class=\"fa fa-circle-o\"></i> </td><td align=\"right\"><i class=\"fa fa-circle-o\"></i> <i class=\"fa fa-circle\"></i> </tr></table>\n|uhtml|bestof|<h2><strong>Game 3</strong> of <a href=\"/game-bestof3-gen9championsvgc2026regmbbo3-2673377179\">a best-of-3</a></h2>\n|t:|1788191192\n|gametype|doubles\n|player|p1|ikerros2010|dancer|\n|player|p2|Bananin4|lucas-gen4pt|\n|gen|9\n|tier|[Gen 9 Champions] VGC 2026 Reg M-B (Bo3)\n|rule|Species Clause: Limit one of each Pokémon\n|rule|Item Clause: Limit 1 of each item\n|clearpoke\n|poke|p1|Archaludon, L50, M|\n|poke|p1|Pelipper, L50, M|\n|poke|p1|Grimmsnarl, L50, M|\n|poke|p1|Basculegion, L50, M|\n|poke|p1|Charizard, L50, F|\n|poke|p1|Venusaur, L50, F|\n|poke|p2|Floette-Eternal, L50, F|\n|poke|p2|Basculegion, L50, M, shiny|\n|poke|p2|Kingambit, L50, M, shiny|\n|poke|p2|Sneasler, L50, F|\n|poke|p2|Dragonite, L50, F|\n|poke|p2|Garchomp, L50, M|\n|teampreview|4\n|showteam|p1|Archaludon||Leftovers|Stamina|FlashCannon,DragonPulse,ElectroShot,Protect|Calm||M|||50|]Pelipper||SitrusBerry|Drizzle|WeatherBall,Hurricane,Tailwind,WideGuard|Modest||M|||50|]Grimmsnarl||LightClay|Prankster|SpiritBreak,Reflect,LightScreen,PartingShot|Sassy||M|||50|]Basculegion||LifeOrb|Adaptability|WaveCrash,AquaJet,LastRespects,Protect|Jolly||M|||50|]Charizard||CharizarditeY|Blaze|HeatWave,WeatherBall,SolarBeam,Protect|Modest||F|||50|]Venusaur||FocusSash|Chlorophyll|SludgeBomb,EarthPower,SleepPowder,Protect|Modest||F|||50|\n|showteam|p2|Floette-Eternal||Floettite|FlowerVeil|Moonblast,DazzlingGleam,LightofRuin,Protect|Modest||F|||50|]Basculegion||LifeOrb|Adaptability|WaveCrash,LastRespects,AquaJet,Protect|Adamant||M|||50|]Kingambit||ChopleBerry|Defiant|KowtowCleave,SuckerPunch,IronHead,LowKick|Adamant||M|||50|]Sneasler||FocusSash|PoisonTouch|DireClaw,CloseCombat,Feint,FakeOut|Jolly||F|||50|]Dragonite||Dragoninite|InnerFocus|DragonPulse,HeatWave,Thunderbolt,Protect|Modest||F|||50|]Garchomp||ChoiceScarf|RoughSkin|Earthquake,StompingTantrum,RockSlide,DragonClaw|Adamant||M|||50|\n|inactive|Battle timer is ON: inactive players will automatically lose when time's up. (requested by ikerros2010)\n|inactive|Bananin4 has 60 seconds left.\n|\n|t:|1788191244\n|teamsize|p1|4\n|teamsize|p2|4\n|start\n|switch|p1a: Charizard|Charizard, L50, F|100/100\n|switch|p1b: Venusaur|Venusaur, L50, F|100/100\n|switch|p2a: Sneasler|Sneasler, L50, F|100/100\n|switch|p2b: Garchomp|Garchomp, L50, M|100/100\n|turn|1\n|inactive|Bananin4 has 30 seconds left.\n|inactive|Bananin4 has 20 seconds left.\n|inactive|Bananin4 has 15 seconds left.\n|inactive|Bananin4 has 10 seconds left.\n|\n|t:|1788191292\n|detailschange|p1a: Charizard|Charizard-Mega-Y, L50, F\n|-mega|p1a: Charizard|Charizard|Charizardite Y\n|-weather|SunnyDay|[from] ability: Drought|[of] p1a: Charizard\n|move|p2a: Sneasler|Feint|p1b: Venusaur\n|-damage|p1b: Venusaur|85/100\n|move|p1b: Venusaur|Sleep Powder|p2b: Garchomp\n|-status|p2b: Garchomp|slp|[from] move: Sleep Powder\n|cant|p2b: Garchomp|slp\n|move|p1a: Charizard|Heat Wave|p2a: Sneasler|[spread] p2a,p2b\n|-crit|p2a: Sneasler\n|-resisted|p2b: Garchomp|1\n|-enditem|p2a: Sneasler|Focus Sash\n|-damage|p2a: Sneasler|1/100\n|-damage|p2b: Garchomp|65/100 slp\n|-status|p2a: Sneasler|brn\n|\n|-weather|SunnyDay|[upkeep]\n|-damage|p2a: Sneasler|0 fnt|[from] brn\n|faint|p2a: Sneasler\n|upkeep\n|\n|t:|1788191309\n|switch|p2a: Dragonite|Dragonite, L50, F|100/100\n|turn|2\n|\n|t:|1788191329\n|detailschange|p2a: Dragonite|Dragonite-Mega, L50, F\n|-mega|p2a: Dragonite|Dragonite|Dragoninite\n|move|p1a: Charizard|Protect|p1a: Charizard\n|-singleturn|p1a: Charizard|Protect\n|move|p1b: Venusaur|Sludge Bomb|p2a: Dragonite\n|-damage|p2a: Dragonite|82/100\n|cant|p2b: Garchomp|slp\n|move|p2a: Dragonite|Heat Wave|p1b: Venusaur|[spread] p1b\n|-activate|p1a: Charizard|move: Protect\n|-supereffective|p1b: Venusaur|1\n|-damage|p1b: Venusaur|0 fnt\n|faint|p1b: Venusaur\n|\n|-weather|SunnyDay|[upkeep]\n|upkeep\n|\n|t:|1788191342\n|switch|p1b: Archaludon|Archaludon, L50, M|100/100\n|turn|3\n|\n|t:|1788191362\n|move|p1b: Archaludon|Protect|p1b: Archaludon\n|-singleturn|p1b: Archaludon|Protect\n|-curestatus|p2b: Garchomp|slp|[msg]\n|move|p2b: Garchomp|Stomping Tantrum|p1b: Archaludon\n|-activate|p1b: Archaludon|move: Protect\n|move|p2a: Dragonite|Heat Wave|p1a: Charizard|[spread] p1a\n|-activate|p1b: Archaludon|move: Protect\n|-resisted|p1a: Charizard|1\n|-damage|p1a: Charizard|79/100\n|move|p1a: Charizard|Solar Beam||[still]\n|-prepare|p1a: Charizard|Solar Beam\n|-anim|p1a: Charizard|Solar Beam|p2b: Garchomp\n|-damage|p2b: Garchomp|18/100\n|\n|-weather|SunnyDay|[upkeep]\n|upkeep\n|turn|4\n|inactive|Bananin4 has 30 seconds left.\n|\n|t:|1788191391\n|switch|p1b: Pelipper|Pelipper, L50, M|100/100\n|-weather|RainDance|[from] ability: Drizzle|[of] p1b: Pelipper\n|move|p2b: Garchomp|Stomping Tantrum|p1b: Pelipper\n|-immune|p1b: Pelipper\n|move|p2a: Dragonite|Thunderbolt|p1a: Charizard\n|-supereffective|p1a: Charizard|1\n|-damage|p1a: Charizard|7/100\n|move|p1a: Charizard|Weather Ball|p2b: Garchomp\n|-damage|p2b: Garchomp|0 fnt\n|faint|p2b: Garchomp\n|\n|-weather|RainDance|[upkeep]\n|upkeep\n|\n|t:|1788191404\n|switch|p2b: Basculegion|Basculegion, L50, M, shiny|100/100\n|turn|5\n|inactive|Bananin4 has 30 seconds left.\n|inactive|Bananin4 has 20 seconds left.\n|\n|t:|1788191442\n|switch|p1b: Archaludon|Archaludon, L50, M|100/100\n|move|p1a: Charizard|Protect|p1a: Charizard\n|-singleturn|p1a: Charizard|Protect\n|move|p2a: Dragonite|Dragon Pulse|p1a: Charizard\n|-activate|p1a: Charizard|move: Protect\n|move|p2b: Basculegion|Last Respects|p1b: Archaludon\n|-damage|p1b: Archaludon|5/100\n|-ability|p1b: Archaludon|Stamina|boost\n|-boost|p1b: Archaludon|def|1\n|-damage|p2b: Basculegion|90/100|[from] item: Life Orb\n|\n|-weather|RainDance|[upkeep]\n|-heal|p1b: Archaludon|11/100|[from] item: Leftovers\n|upkeep\n|turn|6\n|-message|ikerros2010 forfeited.\n|\n|win|Bananin4\n","uploadtime":1788191459,"views":"4","formatid":"gen9championsvgc2026regmbbo3","rating":null,"private":0,"password":null}