{"id":"gen9championsvgc2026regmbbo3-2673481008","format":"[Gen 9 Champions] VGC 2026 Reg M-B (Bo3)","players":["SP4MT0N1997","BreloomB01"],"log":"|j|☆SP4MT0N1997\n|j|☆BreloomB01\n|html|<table width=\"100%\"><tr><td align=\"left\">SP4MT0N1997</td><td align=\"right\">BreloomB01</tr><tr><td align=\"left\"><i class=\"fa fa-circle\"></i> <i class=\"fa fa-circle-o\"></i> </td><td align=\"right\"><i class=\"fa fa-circle-o\"></i> <i class=\"fa fa-circle\"></i> </tr></table>\n|uhtml|bestof|<h2><strong>Game 3</strong> of <a href=\"/game-bestof3-gen9championsvgc2026regmbbo3-2673478571\">a best-of-3</a></h2>\n|t:|1788202938\n|gametype|doubles\n|player|p1|SP4MT0N1997|unknown|1081\n|player|p2|BreloomB01|170|1328\n|gen|9\n|tier|[Gen 9 Champions] VGC 2026 Reg M-B (Bo3)\n|rated|\n|rule|Species Clause: Limit one of each Pokémon\n|rule|Item Clause: Limit 1 of each item\n|clearpoke\n|poke|p1|Pidgeot, L50, F|\n|poke|p1|Torkoal, L50, M|\n|poke|p1|Venusaur, L50, F|\n|poke|p1|Garchomp, L50, M|\n|poke|p1|Aerodactyl, L50, M|\n|poke|p1|Basculegion, L50, M|\n|poke|p2|Scovillain, L50, F|\n|poke|p2|Basculegion, L50, M|\n|poke|p2|Kingambit, L50, M|\n|poke|p2|Sneasler, L50, M|\n|poke|p2|Lycanroc-Dusk, L50, M|\n|poke|p2|Froslass, L50, F|\n|teampreview|4\n|showteam|p1|Pidgeot||Pidgeotite|KeenEye|HeatWave,Hurricane,Tailwind,Protect|Timid||F|||50|]Torkoal||Charcoal|Drought|HeatWave,EarthPower,SolarBeam,Protect|Modest||M|||50|]Venusaur||FocusSash|Chlorophyll|Protect,SolarBeam,SleepPowder,SludgeBomb|Modest||F|||50|]Garchomp||LifeOrb|RoughSkin|Earthquake,DragonClaw,RockSlide,Protect|Jolly||M|||50|]Aerodactyl||Aerodactylite|Unnerve|RockSlide,IceFang,Tailwind,DualWingbeat|Jolly||M|||50|]Basculegion||MysticWater|Adaptability|AquaJet,WaveCrash,LastRespects,Protect|Jolly||M|||50|\n|showteam|p2|Scovillain||Scovillainite|Moody|GigaDrain,Overheat,RagePowder,Protect|Bold||F|||50|]Basculegion||LifeOrb|Adaptability|WaveCrash,LastRespects,AquaJet,Protect|Adamant||M|||50|]Kingambit||BlackGlasses|Defiant|KowtowCleave,SuckerPunch,SwordsDance,Protect|Adamant||M|||50|]Sneasler||WhiteHerb|Unburden|CloseCombat,DireClaw,Protect,FakeOut|Adamant||M|||50|]Lycanroc-Dusk||FocusSash|ToughClaws|CloseCombat,Accelerock,RockSlide,Protect|Adamant||M|||50|]Froslass||Froslassite|CursedBody|Blizzard,ShadowBall,AuroraVeil,Protect|Timid||F|||50|\n|\n|t:|1788202972\n|teamsize|p1|4\n|teamsize|p2|4\n|start\n|switch|p1a: Basculegion|Basculegion, L50, M|100/100\n|switch|p1b: Venusaur|Venusaur, L50, F|100/100\n|switch|p2a: Sneasler|Sneasler, L50, M|100/100\n|switch|p2b: Froslass|Froslass, L50, F|100/100\n|turn|1\n|\n|t:|1788202985\n|detailschange|p2b: Froslass|Froslass-Mega, L50, F\n|-mega|p2b: Froslass|Froslass|Froslassite\n|-weather|Snowscape|[from] ability: Snow Warning|[of] p2b: Froslass\n|move|p1a: Basculegion|Protect|p1a: Basculegion\n|-singleturn|p1a: Basculegion|Protect\n|move|p1b: Venusaur|Protect|p1b: Venusaur\n|-singleturn|p1b: Venusaur|Protect\n|move|p2a: Sneasler|Fake Out|p1b: Venusaur\n|-activate|p1b: Venusaur|move: Protect\n|move|p2b: Froslass|Shadow Ball|p1a: Basculegion\n|-activate|p1a: Basculegion|move: Protect\n|\n|-weather|Snowscape|[upkeep]\n|upkeep\n|turn|2\n|\n|t:|1788202994\n|switch|p2b: Kingambit|Kingambit, L50, M|100/100\n|switch|p1a: Pidgeot|Pidgeot, L50, F|100/100\n|move|p2a: Sneasler|Dire Claw|p1b: Venusaur\n|-damage|p1b: Venusaur|49/100\n|-status|p1b: Venusaur|par\n|cant|p1b: Venusaur|par\n|\n|-weather|Snowscape|[upkeep]\n|upkeep\n|turn|3\n|\n|t:|1788203013\n|switch|p2a: Lycanroc|Lycanroc-Dusk, L50, M|100/100\n|detailschange|p1a: Pidgeot|Pidgeot-Mega, L50, F\n|-mega|p1a: Pidgeot|Pidgeot|Pidgeotite\n|move|p1a: Pidgeot|Tailwind|p1a: Pidgeot\n|-sidestart|p1: SP4MT0N1997|move: Tailwind\n|cant|p1b: Venusaur|par\n|move|p2b: Kingambit|Swords Dance|p2b: Kingambit\n|-boost|p2b: Kingambit|atk|2\n|\n|-weather|Snowscape|[upkeep]\n|upkeep\n|turn|4\n|\n|t:|1788203027\n|switch|p1a: Garchomp|Garchomp, L50, M|100/100\n|move|p2b: Kingambit|Sucker Punch||[still]\n|-fail|p2b: Kingambit\n|move|p2a: Lycanroc|Rock Slide|p1a: Garchomp|[spread] p1a,p1b\n|-resisted|p1a: Garchomp|1\n|-damage|p1a: Garchomp|84/100\n|-damage|p1b: Venusaur|5/100 par\n|move|p1b: Venusaur|Sleep Powder|p2b: Kingambit|[miss]\n|-miss|p1b: Venusaur|p2b: Kingambit\n|\n|-weather|Snowscape|[upkeep]\n|upkeep\n|turn|5\n|\n|t:|1788203038\n|move|p1a: Garchomp|Earthquake|p2b: Kingambit|[spread] p1b,p2a,p2b\n|-supereffective|p2a: Lycanroc|1\n|-supereffective|p2b: Kingambit|1\n|-damage|p1b: Venusaur|0 fnt\n|-enditem|p2a: Lycanroc|Focus Sash\n|-damage|p2a: Lycanroc|1/100\n|-damage|p2b: Kingambit|28/100\n|faint|p1b: Venusaur\n|-damage|p1a: Garchomp|74/100|[from] item: Life Orb\n|move|p2a: Lycanroc|Rock Slide|p1a: Garchomp\n|-resisted|p1a: Garchomp|1\n|-damage|p1a: Garchomp|54/100\n|move|p2b: Kingambit|Kowtow Cleave|p1a: Garchomp\n|-damage|p1a: Garchomp|0 fnt\n|-damage|p2b: Kingambit|16/100|[from] ability: Rough Skin|[of] p1a: Garchomp\n|faint|p1a: Garchomp\n|\n|-weather|none\n|upkeep\n|\n|t:|1788203043\n|switch|p1a: Basculegion|Basculegion, L50, M|100/100\n|switch|p1b: Pidgeot|Pidgeot-Mega, L50, F|100/100\n|turn|6\n|\n|t:|1788203049\n|move|p2a: Lycanroc|Protect|p2a: Lycanroc\n|-singleturn|p2a: Lycanroc|Protect\n|move|p2b: Kingambit|Protect|p2b: Kingambit\n|-singleturn|p2b: Kingambit|Protect\n|move|p1a: Basculegion|Aqua Jet|p2a: Lycanroc\n|-activate|p2a: Lycanroc|move: Protect\n|move|p1b: Pidgeot|Heat Wave|p2a: Lycanroc|[spread] \n|-activate|p2a: Lycanroc|move: Protect\n|-activate|p2b: Kingambit|move: Protect\n|\n|-sideend|p1: SP4MT0N1997|move: Tailwind\n|upkeep\n|turn|7\n|\n|t:|1788203056\n|move|p1a: Basculegion|Protect|p1a: Basculegion\n|-singleturn|p1a: Basculegion|Protect\n|move|p2a: Lycanroc|Accelerock|p1a: Basculegion\n|-activate|p1a: Basculegion|move: Protect\n|move|p1b: Pidgeot|Tailwind|p1b: Pidgeot\n|-sidestart|p1: SP4MT0N1997|move: Tailwind\n|move|p2b: Kingambit|Kowtow Cleave|p1a: Basculegion\n|-activate|p1a: Basculegion|move: Protect\n|\n|upkeep\n|turn|8\n|\n|t:|1788203066\n|move|p1a: Basculegion|Aqua Jet|p2a: Lycanroc\n|-supereffective|p2a: Lycanroc|1\n|-damage|p2a: Lycanroc|0 fnt\n|faint|p2a: Lycanroc\n|move|p2b: Kingambit|Sucker Punch|p1b: Pidgeot\n|-damage|p1b: Pidgeot|0 fnt\n|faint|p1b: Pidgeot\n|\n|upkeep\n|\n|t:|1788203070\n|switch|p2a: Froslass|Froslass-Mega, L50, F|100/100\n|-weather|Snowscape|[from] ability: Snow Warning|[of] p2a: Froslass\n|turn|9\n|\n|t:|1788203077\n|move|p2a: Froslass|Protect|p2a: Froslass\n|-singleturn|p2a: Froslass|Protect\n|move|p2b: Kingambit|Protect|p2b: Kingambit\n|-singleturn|p2b: Kingambit|Protect\n|move|p1a: Basculegion|Aqua Jet|p2b: Kingambit\n|-activate|p2b: Kingambit|move: Protect\n|\n|-weather|Snowscape|[upkeep]\n|upkeep\n|turn|10\n|\n|t:|1788203081\n|move|p1a: Basculegion|Last Respects|p2a: Froslass\n|-supereffective|p2a: Froslass|1\n|-damage|p2a: Froslass|0 fnt\n|faint|p2a: Froslass\n|move|p2b: Kingambit|Kowtow Cleave|p1a: Basculegion\n|-supereffective|p1a: Basculegion|1\n|-damage|p1a: Basculegion|0 fnt\n|faint|p1a: Basculegion\n|\n|win|BreloomB01\n|raw|SP4MT0N1997's rating: 1081 &rarr; <strong>1072</strong><br />(-9 for losing)\n|raw|BreloomB01's rating: 1328 &rarr; <strong>1336</strong><br />(+8 for winning)\n|c|☆BreloomB01|Ggs\n","uploadtime":1788203091,"views":"7","formatid":"gen9championsvgc2026regmbbo3","rating":1072,"private":0,"password":null}