{"id":"gen9championsvgc2026regmbbo3-2673903656","format":"[Gen 9 Champions] VGC 2026 Reg M-B (Bo3)","players":["IronSerpentFan","infamous coak"],"log":"|j|☆IronSerpentFan\n|j|☆infamous coak\n|html|<table width=\"100%\"><tr><td align=\"left\">IronSerpentFan</td><td align=\"right\">infamous coak</tr><tr><td align=\"left\"><i class=\"fa fa-circle-o\"></i> <i class=\"fa fa-circle-o\"></i> </td><td align=\"right\"><i class=\"fa fa-circle-o\"></i> <i class=\"fa fa-circle-o\"></i> </tr></table>\n|uhtml|bestof|<h2><strong>Game 1</strong> of <a href=\"/game-bestof3-gen9championsvgc2026regmbbo3-2673903655\">a best-of-3</a></h2>\n|t:|1788275231\n|gametype|doubles\n|player|p1|IronSerpentFan|schoolkid-gen4|1109\n|player|p2|infamous coak|1|1009\n|gen|9\n|tier|[Gen 9 Champions] VGC 2026 Reg M-B (Bo3)\n|rated|\n|rule|Species Clause: Limit one of each Pokémon\n|rule|Item Clause: Limit 1 of each item\n|clearpoke\n|poke|p1|Politoed, L50, F|\n|poke|p1|Gengar, L50, M|\n|poke|p1|Incineroar, L50, M|\n|poke|p1|Sinistcha, L50|\n|poke|p1|Whimsicott, L50, M|\n|poke|p1|Staraptor, L50, F|\n|poke|p2|Ampharos, L50, F|\n|poke|p2|Farigiraf, L50, F|\n|poke|p2|Mawile, L50, M|\n|poke|p2|Pelipper, L50, M|\n|poke|p2|Corviknight, L50, M|\n|poke|p2|Scrafty, L50, M|\n|teampreview|4\n|showteam|p1|Politoed||SitrusBerry|Drizzle|Protect,Encore,WeatherBall,PerishSong|Modest||F|||50|]Gengar||Gengarite|CursedBody|Protect,Disable,ShadowBall,SludgeBomb|Timid||M|||50|]Incineroar||PasshoBerry|Intimidate|Protect,FakeOut,ThroatChop,PartingShot|Sassy||M|||50|]Sinistcha||ColburBerry|Hospitality|Protect,RagePowder,MatchaGotcha,TrickRoom|Sassy|||||50|]Whimsicott||FocusSash|Prankster|Protect,Tailwind,Moonblast,Charm|Timid||M|||50|]Staraptor||Staraptite|Intimidate|Protect,Roost,CloseCombat,BraveBird|Jolly||F|||50|\n|showteam|p2|Ampharos||Ampharosite|Static|DazzlingGleam,Thunderbolt,DragonPulse,Protect|Quiet||F|||50|]Farigiraf||ColburBerry|ArmorTail|TrickRoom,PsychicNoise,Imprison,HelpingHand|Quiet||F|||50|]Mawile||Mawilite|Intimidate|SuckerPunch,PlayRough,IronHead,Protect|Adamant||M|||50|]Pelipper||LifeOrb|Drizzle|Hurricane,WideGuard,MuddyWater,Protect|Quiet||M|||50|]Corviknight||Leftovers|MirrorArmor|BulkUp,BraveBird,Roost,IronHead|Brave||M|||50|]Scrafty||RoseliBerry|Intimidate|CloseCombat,FakeOut,Encore,KnockOff|Brave||M|||50|\n|inactive|Battle timer is ON: inactive players will automatically lose when time's up. (requested by IronSerpentFan)\n|c|☆IronSerpentFan|glhf\n|c|☆infamous coak|you too\n|inactive|IronSerpentFan has 60 seconds left.\n|inactive|infamous coak has 60 seconds left.\n|\n|t:|1788275283\n|teamsize|p1|4\n|teamsize|p2|4\n|start\n|switch|p1a: Gengar|Gengar, L50, M|100/100\n|switch|p1b: Politoed|Politoed, L50, F|100/100\n|switch|p2a: Farigiraf|Farigiraf, L50, F|100/100\n|switch|p2b: Scrafty|Scrafty, L50, M|100/100\n|-weather|RainDance|[from] ability: Drizzle|[of] p1b: Politoed\n|-ability|p2b: Scrafty|Intimidate|boost\n|-unboost|p1a: Gengar|atk|1\n|-unboost|p1b: Politoed|atk|1\n|turn|1\n|inactive|IronSerpentFan has 30 seconds left.\n|\n|t:|1788275315\n|switch|p1b: Sinistcha|Sinistcha, L50|100/100\n|detailschange|p1a: Gengar|Gengar-Mega, L50, M\n|-mega|p1a: Gengar|Gengar|Gengarite\n|move|p1a: Gengar|Protect|p1a: Gengar\n|-singleturn|p1a: Gengar|Protect\n|move|p2b: Scrafty|Fake Out|p1b: Sinistcha\n|-immune|p1b: Sinistcha\n|move|p2a: Farigiraf|Trick Room|p2a: Farigiraf\n|-fieldstart|move: Trick Room|[of] p2a: Farigiraf\n|\n|-weather|RainDance|[upkeep]\n|upkeep\n|turn|2\n|inactive|infamous coak has 30 seconds left.\n|inactive|infamous coak has 20 seconds left.\n|inactive|IronSerpentFan has 30 seconds left.\n|inactive|infamous coak has 15 seconds left.\n|inactive|infamous coak has 10 seconds left.\n|inactive|infamous coak has 5 seconds left.\n|\n|t:|1788275370\n|switch|p1a: Incineroar|Incineroar, L50, M|100/100\n|-ability|p1a: Incineroar|Intimidate|boost\n|-unboost|p2a: Farigiraf|atk|1\n|-unboost|p2b: Scrafty|atk|1\n|move|p1b: Sinistcha|Protect|p1b: Sinistcha\n|-singleturn|p1b: Sinistcha|Protect\n|move|p2b: Scrafty|Close Combat|p1b: Sinistcha\n|-activate|p1b: Sinistcha|move: Protect\n|move|p2a: Farigiraf|Trick Room|p2a: Farigiraf\n|-fieldend|move: Trick Room\n|\n|-weather|RainDance|[upkeep]\n|upkeep\n|turn|3\n|\n|t:|1788275394\n|move|p1b: Sinistcha|Matcha Gotcha|p2b: Scrafty|[spread] p2a,p2b\n|-damage|p2a: Farigiraf|77/100\n|-damage|p2b: Scrafty|79/100\n|move|p1a: Incineroar|Parting Shot|p2a: Farigiraf\n|-unboost|p2a: Farigiraf|atk|1\n|-unboost|p2a: Farigiraf|spa|1\n|\n|t:|1788275402\n|switch|p1a: Gengar|Gengar-Mega, L50, M|100/100|[from] Parting Shot\n|move|p2b: Scrafty|Close Combat|p1a: Gengar\n|-immune|p1a: Gengar\n|move|p2a: Farigiraf|Trick Room|p2a: Farigiraf\n|-fieldstart|move: Trick Room|[of] p2a: Farigiraf\n|\n|-weather|RainDance|[upkeep]\n|upkeep\n|turn|4\n|\n|t:|1788275425\n|move|p1b: Sinistcha|Protect|p1b: Sinistcha\n|-singleturn|p1b: Sinistcha|Protect\n|move|p1a: Gengar|Protect|p1a: Gengar\n|-singleturn|p1a: Gengar|Protect\n|move|p2b: Scrafty|Knock Off|p1a: Gengar\n|-activate|p1a: Gengar|move: Protect\n|move|p2a: Farigiraf|Psychic Noise|p1b: Sinistcha\n|-activate|p1b: Sinistcha|move: Protect\n|\n|-weather|RainDance|[upkeep]\n|upkeep\n|turn|5\n|\n|t:|1788275434\n|move|p1b: Sinistcha|Rage Powder|p1b: Sinistcha\n|-singleturn|p1b: Sinistcha|move: Rage Powder\n|move|p2b: Scrafty|Encore|p1b: Sinistcha\n|-start|p1b: Sinistcha|Encore\n|move|p2a: Farigiraf|Psychic Noise|p1b: Sinistcha\n|-damage|p1b: Sinistcha|81/100\n|-start|p1b: Sinistcha|move: Heal Block\n|move|p1a: Gengar|Disable|p2b: Scrafty\n|-start|p2b: Scrafty|Disable|Encore\n|\n|-weather|none\n|upkeep\n|turn|6\n|inactive|IronSerpentFan has 30 seconds left.\n|\n|t:|1788275461\n|switch|p1b: Incineroar|Incineroar, L50, M|100/100\n|-ability|p1b: Incineroar|Intimidate|boost\n|-unboost|p2a: Farigiraf|atk|1\n|-unboost|p2b: Scrafty|atk|1\n|switch|p1a: Politoed|Politoed, L50, F|100/100\n|-weather|RainDance|[from] ability: Drizzle|[of] p1a: Politoed\n|move|p2b: Scrafty|Knock Off|p1a: Politoed\n|-damage|p1a: Politoed|77/100\n|-enditem|p1a: Politoed|Sitrus Berry|[from] move: Knock Off|[of] p2b: Scrafty\n|move|p2a: Farigiraf|Psychic Noise|p1a: Politoed\n|-damage|p1a: Politoed|57/100\n|-start|p1a: Politoed|move: Heal Block\n|\n|-weather|RainDance|[upkeep]\n|upkeep\n|turn|7\n|\n|t:|1788275476\n|switch|p2b: Ampharos|Ampharos, L50, F|100/100\n|switch|p2a: Pelipper|Pelipper, L50, M|100/100\n|move|p1b: Incineroar|Parting Shot|p2a: Pelipper\n|-unboost|p2a: Pelipper|atk|1\n|-unboost|p2a: Pelipper|spa|1\n|\n|t:|1788275487\n|switch|p1b: Gengar|Gengar-Mega, L50, M|100/100|[from] Parting Shot\n|move|p1a: Politoed|Perish Song|p1a: Politoed\n|-start|p1a: Politoed|perish3|[silent]\n|-start|p1b: Gengar|perish3|[silent]\n|-start|p2a: Pelipper|perish3|[silent]\n|-start|p2b: Ampharos|perish3|[silent]\n|-fieldactivate|move: Perish Song\n|\n|-weather|RainDance|[upkeep]\n|-end|p1a: Politoed|move: Heal Block\n|-start|p2b: Ampharos|perish3\n|-start|p2a: Pelipper|perish3\n|-start|p1a: Politoed|perish3\n|-start|p1b: Gengar|perish3\n|-fieldend|move: Trick Room\n|upkeep\n|turn|8\n|\n|t:|1788275494\n|detailschange|p2b: Ampharos|Ampharos-Mega, L50, F\n|-mega|p2b: Ampharos|Ampharos|Ampharosite\n|-ability|p2b: Ampharos|Mold Breaker\n|move|p1b: Gengar|Protect|p1b: Gengar\n|-singleturn|p1b: Gengar|Protect\n|move|p1a: Politoed|Protect|p1a: Politoed\n|-singleturn|p1a: Politoed|Protect\n|move|p2a: Pelipper|Hurricane|p1a: Politoed\n|-activate|p1a: Politoed|move: Protect\n|move|p2b: Ampharos|Thunderbolt|p1a: Politoed\n|-activate|p1a: Politoed|move: Protect\n|\n|-weather|RainDance|[upkeep]\n|-start|p1b: Gengar|perish2\n|-start|p1a: Politoed|perish2\n|-start|p2a: Pelipper|perish2\n|-start|p2b: Ampharos|perish2\n|upkeep\n|turn|9\n|\n|t:|1788275512\n|move|p1b: Gengar|Disable|p2b: Ampharos\n|-start|p2b: Ampharos|Disable|Thunderbolt\n|move|p1a: Politoed|Encore|p2b: Ampharos\n|-start|p2b: Ampharos|Encore\n|move|p2a: Pelipper|Hurricane|p1a: Politoed\n|-damage|p1a: Politoed|17/100\n|-start|p1a: Politoed|confusion\n|-damage|p2a: Pelipper|90/100|[from] item: Life Orb\n|cant|p2b: Ampharos|Disable|Thunderbolt\n|\n|-weather|RainDance|[upkeep]\n|-start|p1b: Gengar|perish1\n|-start|p1a: Politoed|perish1\n|-start|p2a: Pelipper|perish1\n|-start|p2b: Ampharos|perish1\n|upkeep\n|turn|10\n|\n|t:|1788275529\n|switch|p1b: Sinistcha|Sinistcha, L50|81/100\n|-heal|p1a: Politoed|42/100|[from] ability: Hospitality|[of] p1b: Sinistcha\n|switch|p1a: Incineroar|Incineroar, L50, M|100/100\n|-ability|p1a: Incineroar|Intimidate|boost\n|-unboost|p2a: Pelipper|atk|1\n|-unboost|p2b: Ampharos|atk|1\n|move|p2a: Pelipper|Hurricane|p1b: Sinistcha\n|-supereffective|p1b: Sinistcha|1\n|-damage|p1b: Sinistcha|5/100\n|-start|p1b: Sinistcha|confusion\n|-damage|p2a: Pelipper|80/100|[from] item: Life Orb\n|-activate|p2b: Ampharos|move: Struggle\n|move|p2b: Ampharos|Struggle|p1a: Incineroar\n|-damage|p1a: Incineroar|93/100\n|-damage|p2b: Ampharos|75/100|[from] recoil\n|\n|-weather|none\n|-start|p2a: Pelipper|perish0\n|-start|p2b: Ampharos|perish0\n|upkeep\n|faint|p2a: Pelipper\n|faint|p2b: Ampharos\n|\n|t:|1788275551\n|switch|p2a: Farigiraf|Farigiraf, L50, F|77/100\n|switch|p2b: Scrafty|Scrafty, L50, M|79/100\n|-ability|p2b: Scrafty|Intimidate|boost\n|-unboost|p1a: Incineroar|atk|1\n|-unboost|p1b: Sinistcha|atk|1\n|turn|11\n|\n|t:|1788275567\n|switch|p1b: Politoed|Politoed, L50, F|42/100\n|-weather|RainDance|[from] ability: Drizzle|[of] p1b: Politoed\n|move|p1a: Incineroar|Parting Shot|p2a: Farigiraf\n|-unboost|p2a: Farigiraf|atk|1\n|-unboost|p2a: Farigiraf|spa|1\n|\n|t:|1788275573\n|switch|p1a: Sinistcha|Sinistcha, L50|5/100|[from] Parting Shot\n|-heal|p1b: Politoed|67/100|[from] ability: Hospitality|[of] p1a: Sinistcha\n|move|p2b: Scrafty|Knock Off|p1a: Sinistcha\n|-supereffective|p1a: Sinistcha|1\n|-crit|p1a: Sinistcha\n|-enditem|p1a: Sinistcha|Colbur Berry|[eat]\n|-enditem|p1a: Sinistcha|Colbur Berry|[weaken]\n|-damage|p1a: Sinistcha|0 fnt\n|faint|p1a: Sinistcha\n|move|p2a: Farigiraf|Trick Room|p2a: Farigiraf\n|-fieldstart|move: Trick Room|[of] p2a: Farigiraf\n|\n|-weather|RainDance|[upkeep]\n|upkeep\n|\n|t:|1788275581\n|switch|p1a: Incineroar|Incineroar, L50, M|93/100\n|-ability|p1a: Incineroar|Intimidate|boost\n|-unboost|p2a: Farigiraf|atk|1\n|-unboost|p2b: Scrafty|atk|1\n|turn|12\n|\n|t:|1788275603\n|move|p2a: Farigiraf|Helping Hand|p2b: Scrafty\n|-singleturn|p2b: Scrafty|Helping Hand|[of] p2a: Farigiraf\n|move|p2b: Scrafty|Close Combat|p1b: Politoed\n|-damage|p1b: Politoed|18/100\n|-unboost|p2b: Scrafty|def|1\n|-unboost|p2b: Scrafty|spd|1\n|move|p1a: Incineroar|Parting Shot|p2b: Scrafty\n|-unboost|p2b: Scrafty|atk|1\n|-unboost|p2b: Scrafty|spa|1\n|\n|t:|1788275610\n|switch|p1a: Gengar|Gengar-Mega, L50, M|100/100|[from] Parting Shot\n|move|p1b: Politoed|Perish Song|p1b: Politoed\n|-start|p1a: Gengar|perish3|[silent]\n|-start|p1b: Politoed|perish3|[silent]\n|-start|p2a: Farigiraf|perish3|[silent]\n|-start|p2b: Scrafty|perish3|[silent]\n|-fieldactivate|move: Perish Song\n|\n|-weather|RainDance|[upkeep]\n|-start|p2b: Scrafty|perish3\n|-start|p2a: Farigiraf|perish3\n|-start|p1b: Politoed|perish3\n|-start|p1a: Gengar|perish3\n|upkeep\n|turn|13\n|\n|t:|1788275618\n|move|p1b: Politoed|Protect|p1b: Politoed\n|-singleturn|p1b: Politoed|Protect\n|move|p1a: Gengar|Protect|p1a: Gengar\n|-singleturn|p1a: Gengar|Protect\n|move|p2b: Scrafty|Knock Off|p1b: Politoed\n|-activate|p1b: Politoed|move: Protect\n|move|p2a: Farigiraf|Psychic Noise|p1a: Gengar\n|-activate|p1a: Gengar|move: Protect\n|\n|-weather|RainDance|[upkeep]\n|-start|p2b: Scrafty|perish2\n|-start|p2a: Farigiraf|perish2\n|-start|p1b: Politoed|perish2\n|-start|p1a: Gengar|perish2\n|upkeep\n|turn|14\n|\n|t:|1788275639\n|move|p2b: Scrafty|Knock Off|p1a: Gengar\n|-supereffective|p1a: Gengar|1\n|-damage|p1a: Gengar|56/100\n|move|p2a: Farigiraf|Psychic Noise|p1a: Gengar\n|-supereffective|p1a: Gengar|1\n|-damage|p1a: Gengar|2/100\n|-start|p1a: Gengar|move: Heal Block\n|move|p1b: Politoed|Weather Ball|p2a: Farigiraf\n|-damage|p2a: Farigiraf|29/100\n|move|p1a: Gengar|Sludge Bomb|p2a: Farigiraf\n|-damage|p2a: Farigiraf|0 fnt\n|faint|p2a: Farigiraf\n|\n|-weather|RainDance|[upkeep]\n|-start|p2b: Scrafty|perish1\n|-start|p1b: Politoed|perish1\n|-start|p1a: Gengar|perish1\n|upkeep\n|turn|15\n|c|☆IronSerpentFan|ggwp\n|inactive|infamous coak has 30 seconds left.\n|-message|infamous coak forfeited.\n|\n|win|IronSerpentFan\n|l|☆infamous coak\n|player|p2|\n||infamous coak is ready for game 2.\n","uploadtime":1788275672,"views":"0","formatid":"gen9championsvgc2026regmbbo3","rating":null,"private":0,"password":null}