{"id":"gen9championsvgc2026regmb-2674629609","format":"[Gen 9 Champions] VGC 2026 Reg M-B","players":["conngfan","Erielhonan"],"log":"|j|☆conngfan\n|j|☆Erielhonan\n|t:|1788382358\n|gametype|doubles\n|player|p1|conngfan|arven-s|1544\n|player|p2|Erielhonan|skier|1552\n|gen|9\n|tier|[Gen 9 Champions] VGC 2026 Reg M-B\n|rated|\n|rule|Species Clause: Limit one of each Pokémon\n|rule|Item Clause: Limit 1 of each item\n|clearpoke\n|poke|p1|Aerodactyl, L50, M|\n|poke|p1|Raichu, L50, F|\n|poke|p1|Sneasler, L50, M|\n|poke|p1|Sylveon, L50, M|\n|poke|p1|Kingambit, L50, M|\n|poke|p1|Tsareena, L50, F|\n|poke|p2|Tyranitar, L50, M|\n|poke|p2|Farigiraf, L50, F|\n|poke|p2|Sinistcha, L50|\n|poke|p2|Metagross, L50|\n|poke|p2|Sneasler, L50, M|\n|poke|p2|Incineroar, L50, M|\n|teampreview|4\n|inactive|Battle timer is ON: inactive players will automatically lose when time's up. (requested by conngfan)\n|\n|t:|1788382385\n|teamsize|p1|4\n|teamsize|p2|4\n|start\n|switch|p1a: Raichu|Raichu, L50, F|100/100\n|switch|p1b: Kingambit|Kingambit, L50, M|100/100\n|switch|p2a: Metagross|Metagross, L50|100/100\n|switch|p2b: Sneasler|Sneasler, L50, M|100/100\n|turn|1\n|\n|t:|1788382401\n|switch|p2b: Farigiraf|Farigiraf, L50, F|100/100\n|detailschange|p1a: Raichu|Raichu-Mega-Y, L50, F\n|-mega|p1a: Raichu|Raichu|Raichunite Y\n|detailschange|p2a: Metagross|Metagross-Mega, L50\n|-mega|p2a: Metagross|Metagross|Metagrossite\n|move|p1a: Raichu|Zap Cannon|p2b: Farigiraf\n|-crit|p2b: Farigiraf\n|-damage|p2b: Farigiraf|14/100\n|-status|p2b: Farigiraf|par\n|-enditem|p2b: Farigiraf|Sitrus Berry|[eat]\n|-heal|p2b: Farigiraf|39/100 par|[from] item: Sitrus Berry\n|move|p2a: Metagross|Cosmic Power|p2a: Metagross\n|-boost|p2a: Metagross|def|1\n|-boost|p2a: Metagross|spd|1\n|move|p1b: Kingambit|Kowtow Cleave|p2a: Metagross\n|-supereffective|p2a: Metagross|1\n|-damage|p2a: Metagross|54/100\n|-damage|p1b: Kingambit|90/100|[from] item: Life Orb\n|\n|upkeep\n|turn|2\n|inactive|Erielhonan has 30 seconds left.\n|\n|t:|1788382431\n|switch|p2b: Sinistcha|Sinistcha, L50|100/100\n|-heal|p2a: Metagross|78/100|[from] ability: Hospitality|[of] p2b: Sinistcha\n|move|p2a: Metagross|Protect|p2a: Metagross\n|-singleturn|p2a: Metagross|Protect\n|move|p1a: Raichu|Zap Cannon|p2a: Metagross\n|-activate|p2a: Metagross|move: Protect\n|move|p1b: Kingambit|Swords Dance|p1b: Kingambit\n|-boost|p1b: Kingambit|atk|2\n|\n|upkeep\n|turn|3\n|inactive|Erielhonan has 30 seconds left.\n|\n|t:|1788382458\n|switch|p1a: Sneasler|Sneasler, L50, M|100/100\n|move|p1b: Kingambit|Protect|p1b: Kingambit\n|-singleturn|p1b: Kingambit|Protect\n|move|p2b: Sinistcha|Rage Powder|p2b: Sinistcha\n|-singleturn|p2b: Sinistcha|move: Rage Powder\n|move|p2a: Metagross|Body Press|p1b: Kingambit\n|-activate|p1b: Kingambit|move: Protect\n|\n|upkeep\n|turn|4\n|\n|t:|1788382469\n|switch|p2b: Farigiraf|Farigiraf, L50, F|39/100 par\n|move|p1a: Sneasler|Feint||[still]\n|cant|p2b: Farigiraf|ability: Armor Tail|Feint|[of] p1a: Sneasler\n|move|p2a: Metagross|Body Press|p1b: Kingambit\n|-supereffective|p1b: Kingambit|2\n|-damage|p1b: Kingambit|0 fnt\n|faint|p1b: Kingambit\n|\n|upkeep\n|\n|t:|1788382476\n|switch|p1b: Raichu|Raichu-Mega-Y, L50, F|100/100\n|turn|5\n|\n|t:|1788382486\n|switch|p2b: Sinistcha|Sinistcha, L50|100/100\n|-heal|p2a: Metagross|100/100|[from] ability: Hospitality|[of] p2b: Sinistcha\n|move|p1b: Raichu|Zap Cannon|p2b: Sinistcha\n|-resisted|p2b: Sinistcha|1\n|-damage|p2b: Sinistcha|69/100\n|-status|p2b: Sinistcha|par\n|move|p1a: Sneasler|Close Combat|p2a: Metagross\n|-damage|p2a: Metagross|77/100\n|-unboost|p1a: Sneasler|def|1\n|-unboost|p1a: Sneasler|spd|1\n|-enditem|p1a: Sneasler|White Herb\n|-clearnegativeboost|p1a: Sneasler|[silent]\n|move|p2a: Metagross|Body Press|p1b: Raichu\n|-damage|p1b: Raichu|8/100\n|\n|upkeep\n|turn|6\n|-message|conngfan forfeited.\n|\n|win|Erielhonan\n|raw|conngfan's rating: 1544 &rarr; <strong>1524</strong><br />(-20 for losing)\n|raw|Erielhonan's rating: 1552 &rarr; <strong>1572</strong><br />(+20 for winning)\n","uploadtime":1788382493,"views":"0","formatid":"gen9championsvgc2026regmb","rating":1524,"private":0,"password":null}