{"id":"gen9championsvgc2026regmb-2673873380","format":"[Gen 9 Champions] VGC 2026 Reg M-B","players":["Thornlace48812","jdjdhdjf"],"log":"|j|☆Thornlace48812\n|j|☆jdjdhdjf\n|t:|1788271498\n|gametype|doubles\n|player|p1|Thornlace48812|102|1128\n|player|p2|jdjdhdjf|266|1126\n|gen|9\n|tier|[Gen 9 Champions] VGC 2026 Reg M-B\n|rated|\n|rule|Species Clause: Limit one of each Pokémon\n|rule|Item Clause: Limit 1 of each item\n|clearpoke\n|poke|p1|Garchomp, L50, M|\n|poke|p1|Charizard, L50, F|\n|poke|p1|Whimsicott, L50, M|\n|poke|p1|Sylveon, L50, F|\n|poke|p1|Kingambit, L50, M|\n|poke|p1|Basculegion, L50, M|\n|poke|p2|Rotom-Wash, L50|\n|poke|p2|Sceptile, L50, M|\n|poke|p2|Swampert, L50, M|\n|poke|p2|Hydreigon, L50, F|\n|poke|p2|Salazzle, L50, F|\n|poke|p2|Sneasler, L50, F|\n|teampreview|4\n|inactive|Battle timer is ON: inactive players will automatically lose when time's up. (requested by Thornlace48812)\nThornlace48812 rejected open team sheets.\n|\n|t:|1788271517\n|teamsize|p1|4\n|teamsize|p2|4\n|start\n|switch|p1a: Charizard|Charizard, L50, F|100/100\n|switch|p1b: Sylveon|Sylveon, L50, F|100/100\n|switch|p2a: Sneasler|Sneasler, L50, F|100/100\n|switch|p2b: Rotom|Rotom-Wash, L50|100/100\n|turn|1\n|\n|t:|1788271529\n|detailschange|p1a: Charizard|Charizard-Mega-Y, L50, F\n|-mega|p1a: Charizard|Charizard|Charizardite Y\n|-weather|SunnyDay|[from] ability: Drought|[of] p1a: Charizard\n|move|p1a: Charizard|Protect|p1a: Charizard\n|-singleturn|p1a: Charizard|Protect\n|move|p2a: Sneasler|Fake Out|p1b: Sylveon\n|-damage|p1b: Sylveon|80/100\n|move|p2b: Rotom|Discharge|p1b: Sylveon|[spread] p2a,p1b\n|-activate|p1a: Charizard|move: Protect\n|-damage|p2a: Sneasler|63/100\n|-damage|p1b: Sylveon|61/100\n|cant|p1b: Sylveon|flinch\n|\n|-weather|SunnyDay|[upkeep]\n|upkeep\n|turn|2\n|\n|t:|1788271536\n|move|p2b: Rotom|Discharge|p1b: Sylveon|[spread] p2a,p1a,p1b\n|-supereffective|p1a: Charizard|1\n|-damage|p2a: Sneasler|27/100\n|-damage|p1a: Charizard|49/100\n|-damage|p1b: Sylveon|40/100\n|move|p2a: Sneasler|Dire Claw|p1b: Sylveon\n|-supereffective|p1b: Sylveon|1\n|-damage|p1b: Sylveon|0 fnt\n|faint|p1b: Sylveon\n|move|p1a: Charizard|Heat Wave|p2b: Rotom|[spread] p2a,p2b\n|-resisted|p2b: Rotom|1\n|-damage|p2a: Sneasler|0 fnt\n|-damage|p2b: Rotom|52/100\n|faint|p2a: Sneasler\n|\n|-weather|SunnyDay|[upkeep]\n|upkeep\n|\n|t:|1788271545\n|switch|p2a: Swampert|Swampert, L50, M|100/100\n|switch|p1b: Whimsicott|Whimsicott, L50, M|100/100\n|turn|3\n|\n|t:|1788271548\n|switch|p2b: Hydreigon|Hydreigon, L50, F|100/100\n|move|p1a: Charizard|Protect|p1a: Charizard\n|-singleturn|p1a: Charizard|Protect\n|move|p2a: Swampert|Protect|p2a: Swampert\n|-singleturn|p2a: Swampert|Protect\n|move|p1b: Whimsicott|Tailwind|p1b: Whimsicott\n|-sidestart|p1: Thornlace48812|move: Tailwind\n|\n|-weather|SunnyDay|[upkeep]\n|upkeep\n|turn|4\n|\n|t:|1788271562\n|switch|p2a: Rotom|Rotom-Wash, L50|52/100\n|move|p1b: Whimsicott|Moonblast|p2b: Hydreigon\n|-supereffective|p2b: Hydreigon|2\n|-damage|p2b: Hydreigon|0 fnt\n|faint|p2b: Hydreigon\n|move|p1a: Charizard|Heat Wave|p2a: Rotom\n|-resisted|p2a: Rotom|1\n|-damage|p2a: Rotom|0 fnt\n|faint|p2a: Rotom\n|\n|-weather|SunnyDay|[upkeep]\n|upkeep\n|\n|t:|1788271567\n|switch|p2b: Swampert|Swampert, L50, M|100/100\n|turn|5\n|\n|t:|1788271569\n|detailschange|p2b: Swampert|Swampert-Mega, L50, M\n|-mega|p2b: Swampert|Swampert|Swampertite\n|move|p1b: Whimsicott|Moonblast|p2b: Swampert\n|-damage|p2b: Swampert|72/100\n|move|p1a: Charizard|Ancient Power|p2b: Swampert\n|-resisted|p2b: Swampert|1\n|-damage|p2b: Swampert|62/100\n|-boost|p1a: Charizard|atk|1\n|-boost|p1a: Charizard|def|1\n|-boost|p1a: Charizard|spa|1\n|-boost|p1a: Charizard|spd|1\n|-boost|p1a: Charizard|spe|1\n|move|p2b: Swampert|Wave Crash|p1a: Charizard\n|-supereffective|p1a: Charizard|1\n|-damage|p1a: Charizard|0 fnt\n|faint|p1a: Charizard\n|-damage|p2b: Swampert|50/100g|[from] Recoil\n|\n|-weather|none\n|upkeep\n|\n|t:|1788271569\n|switch|p1a: Basculegion|Basculegion, L50, M|100/100\n|turn|6\n|\n|t:|1788271571\n|move|p1b: Whimsicott|Moonblast|p2b: Swampert\n|-damage|p2b: Swampert|23/100\n|move|p1a: Basculegion|Last Respects|p2b: Swampert\n|-damage|p2b: Swampert|0 fnt\n|faint|p2b: Swampert\n|\n|win|Thornlace48812\n|raw|Thornlace48812's rating: 1142 &rarr; <strong>1166</strong><br />(+24 for winning)\n|raw|jdjdhdjf's rating: 1126 &rarr; <strong>1102</strong><br />(-24 for losing)\n","uploadtime":1788271571,"views":"0","formatid":"gen9championsvgc2026regmb","rating":1102,"private":0,"password":null}