{"id":"gen9championsvgc2026regmb-2674540603","format":"[Gen 9 Champions] VGC 2026 Reg M-B","players":["bruhdnigerian","phantomshane3"],"log":"|j|☆bruhdnigerian\n|j|☆phantomshane3\n|t:|1788371790\n|gametype|doubles\n|player|p1|bruhdnigerian|lance|1178\n|player|p2|phantomshane3|169|1183\n|gen|9\n|tier|[Gen 9 Champions] VGC 2026 Reg M-B\n|rated|\n|rule|Species Clause: Limit one of each Pokémon\n|rule|Item Clause: Limit 1 of each item\n|clearpoke\n|poke|p1|Pangoro, L50, M|\n|poke|p1|Chandelure, L50, M|\n|poke|p1|Spiritomb, L50, M|\n|poke|p1|Araquanid, L50, M|\n|poke|p1|Gliscor, L50, M|\n|poke|p1|Drampa, L50, F|\n|poke|p2|Pelipper, L50, F|\n|poke|p2|Swampert, L50, F|\n|poke|p2|Archaludon, L50, F|\n|poke|p2|Sneasler, L50, M|\n|poke|p2|Sinistcha, L50|\n|poke|p2|Gholdengo, L50|\n|teampreview|4\n|inactive|Battle timer is ON: inactive players will automatically lose when time's up. (requested by bruhdnigerian)\nbruhdnigerian rejected open team sheets.\n|inactive|bruhdnigerian has 60 seconds left.\n|inactive|phantomshane3 has 60 seconds left.\n|\n|t:|1788371834\n|teamsize|p1|4\n|teamsize|p2|4\n|start\n|switch|p1a: Spiritomb|Spiritomb, L50, M|100/100\n|switch|p1b: Drampa|Drampa, L50, F|100/100\n|switch|p2a: Sinistcha|Sinistcha, L50|100/100\n|switch|p2b: Swampert|Swampert, L50, F|100/100\n|-ability|p1b: Drampa|Cloud Nine\n|turn|1\n|\n|t:|1788371855\n|detailschange|p2b: Swampert|Swampert-Mega, L50, F\n|-mega|p2b: Swampert|Swampert|Swampertite\n|move|p2b: Swampert|Ice Punch|p1b: Drampa\n|-supereffective|p1b: Drampa|1\n|-damage|p1b: Drampa|26/100\n|move|p2a: Sinistcha|Imprison|p2a: Sinistcha\n|-start|p2a: Sinistcha|move: Imprison\n|move|p1b: Drampa|Dragon Pulse|p2a: Sinistcha\n|-damage|p2a: Sinistcha|52/100\n|move|p1a: Spiritomb|Will-O-Wisp|p2b: Swampert\n|-status|p2b: Swampert|brn\n|\n|-damage|p2b: Swampert|93/100 brn|[from] brn\n|upkeep\n|turn|2\n|\n|t:|1788371872\n|move|p1b: Drampa|Protect|p1b: Drampa\n|-singleturn|p1b: Drampa|Protect\n|move|p2b: Swampert|Ice Punch|p1b: Drampa\n|-activate|p1b: Drampa|move: Protect\n|move|p2a: Sinistcha|Matcha Gotcha|p1a: Spiritomb|[spread] p1a\n|-activate|p1b: Drampa|move: Protect\n|-damage|p1a: Spiritomb|80/100\n|-heal|p2a: Sinistcha|60/100|[from] drain|[of] p1a: Spiritomb\n|move|p1a: Spiritomb|Will-O-Wisp|p2a: Sinistcha\n|-status|p2a: Sinistcha|brn\n|\n|-damage|p2b: Swampert|87/100 brn|[from] brn\n|-damage|p2a: Sinistcha|54/100 brn|[from] brn\n|upkeep\n|turn|3\n|\n|t:|1788371889\n|switch|p1b: Chandelure|Chandelure, L50, M|100/100\n|move|p2b: Swampert|Ice Punch|p1b: Chandelure\n|-resisted|p1b: Chandelure|1\n|-damage|p1b: Chandelure|90/100\n|move|p2a: Sinistcha|Matcha Gotcha|p1b: Chandelure|[spread] p1a\n|-miss|p2a: Sinistcha|p1b: Chandelure\n|-damage|p1a: Spiritomb|61/100\n|-heal|p2a: Sinistcha|62/100 brn|[from] drain|[of] p1a: Spiritomb\n|move|p1a: Spiritomb|Hex|p2a: Sinistcha\n|-supereffective|p2a: Sinistcha|1\n|-damage|p2a: Sinistcha|0 fnt\n|faint|p2a: Sinistcha\n|\n|-damage|p2b: Swampert|81/100 brn|[from] brn\n|upkeep\n|\n|t:|1788371909\n|switch|p2a: Pelipper|Pelipper, L50, F|100/100\n|-weather|RainDance|[from] ability: Drizzle|[of] p2a: Pelipper\n|turn|4\n|\n|t:|1788371920\n|detailschange|p1b: Chandelure|Chandelure-Mega, L50, M\n|-mega|p1b: Chandelure|Chandelure|Chandelurite\n|move|p1b: Chandelure|Protect|p1b: Chandelure\n|-singleturn|p1b: Chandelure|Protect\n|move|p2b: Swampert|Wave Crash|p1b: Chandelure\n|-activate|p1b: Chandelure|move: Protect\n|move|p2a: Pelipper|Weather Ball|p1a: Spiritomb\n|-damage|p1a: Spiritomb|5/100\n|move|p1a: Spiritomb|Trick Room|p1a: Spiritomb\n|-fieldstart|move: Trick Room|[of] p1a: Spiritomb\n|\n|-weather|RainDance|[upkeep]\n|-damage|p2b: Swampert|75/100 brn|[from] brn\n|upkeep\n|turn|5\n|inactive|phantomshane3 has 30 seconds left.\n|\n|t:|1788371950\n|switch|p1a: Drampa|Drampa, L50, F|26/100\n|-ability|p1a: Drampa|Cloud Nine\n|move|p2b: Swampert|Protect|p2b: Swampert\n|-singleturn|p2b: Swampert|Protect\n|move|p1b: Chandelure|Energy Ball|p2b: Swampert\n|-activate|p2b: Swampert|move: Protect\n|move|p2a: Pelipper|Weather Ball|p1a: Drampa\n|-damage|p1a: Drampa|8/100\n|\n|-weather|RainDance|[upkeep]\n|-damage|p2b: Swampert|68/100 brn|[from] brn\n|upkeep\n|turn|6\n|\n|t:|1788371969\n|switch|p2b: Archaludon|Archaludon, L50, F|100/100\n|move|p1a: Drampa|Hyper Voice|p2a: Pelipper|[spread] p2a,p2b\n|-resisted|p2b: Archaludon|1\n|-damage|p2a: Pelipper|32/100\n|-damage|p2b: Archaludon|79/100\n|-ability|p2b: Archaludon|Stamina|boost\n|-boost|p2b: Archaludon|def|1\n|move|p1b: Chandelure|Energy Ball|p2b: Archaludon\n|-resisted|p2b: Archaludon|2\n|-damage|p2b: Archaludon|67/100\n|-ability|p2b: Archaludon|Stamina|boost\n|-boost|p2b: Archaludon|def|1\n|move|p2a: Pelipper|Weather Ball|p1a: Drampa\n|-damage|p1a: Drampa|0 fnt\n|faint|p1a: Drampa\n|\n|-weather|RainDance|[upkeep]\n|upkeep\n|\n|t:|1788371975\n|switch|p1a: Gliscor|Gliscor, L50, M|100/100\n|turn|7\n|\n|t:|1788371996\n|move|p1b: Chandelure|Shadow Ball|p2b: Archaludon\n|-damage|p2b: Archaludon|7/100\n|-ability|p2b: Archaludon|Stamina|boost\n|-boost|p2b: Archaludon|def|1\n|move|p1a: Gliscor|Acrobatics|p2a: Pelipper\n|-damage|p2a: Pelipper|0 fnt\n|faint|p2a: Pelipper\n|move|p2b: Archaludon|Electro Shot||[still]\n|-prepare|p2b: Archaludon|Electro Shot\n|-boost|p2b: Archaludon|spa|1\n|-anim|p2b: Archaludon|Electro Shot|p1b: Chandelure\n|-damage|p1b: Chandelure|29/100\n|\n|-weather|RainDance|[upkeep]\n|upkeep\n|\n|t:|1788372015\n|switch|p2a: Swampert|Swampert-Mega, L50, F|68/100 brn\n|turn|8\n|\n|t:|1788372033\n|move|p2b: Archaludon|Protect|p2b: Archaludon\n|-singleturn|p2b: Archaludon|Protect\n|move|p2a: Swampert|Protect|p2a: Swampert\n|-singleturn|p2a: Swampert|Protect\n|move|p1b: Chandelure|Shadow Ball|p2b: Archaludon\n|-activate|p2b: Archaludon|move: Protect\n|move|p1a: Gliscor|High Horsepower|p2b: Archaludon\n|-activate|p2b: Archaludon|move: Protect\n|\n|-weather|none\n|-damage|p2a: Swampert|62/100 brn|[from] brn\n|-fieldend|move: Trick Room\n|upkeep\n|turn|9\n|\n|t:|1788372048\n|move|p1b: Chandelure|Protect|p1b: Chandelure\n|-singleturn|p1b: Chandelure|Protect\n|move|p2a: Swampert|Ice Punch|p1a: Gliscor\n|-supereffective|p1a: Gliscor|2\n|-damage|p1a: Gliscor|46/100\n|move|p2b: Archaludon|Flash Cannon|p1b: Chandelure\n|-activate|p1b: Chandelure|move: Protect\n|move|p1a: Gliscor|High Horsepower|p2b: Archaludon\n|-supereffective|p2b: Archaludon|1\n|-enditem|p2b: Archaludon|Shuca Berry|[eat]\n|-enditem|p2b: Archaludon|Shuca Berry|[weaken]\n|-damage|p2b: Archaludon|0 fnt\n|faint|p2b: Archaludon\n|\n|-damage|p2a: Swampert|56/100 brn|[from] brn\n|upkeep\n|turn|10\n|\n|t:|1788372065\n|move|p1a: Gliscor|Protect|p1a: Gliscor\n|-singleturn|p1a: Gliscor|Protect\n|move|p2a: Swampert|High Horsepower|p1b: Chandelure\n|-supereffective|p1b: Chandelure|1\n|-damage|p1b: Chandelure|0 fnt\n|faint|p1b: Chandelure\n|\n|-damage|p2a: Swampert|50/100g brn|[from] brn\n|upkeep\n|\n|t:|1788372074\n|switch|p1b: Spiritomb|Spiritomb, L50, M|5/100\n|turn|11\n|\n|t:|1788372090\n|move|p2a: Swampert|High Horsepower|p1b: Spiritomb\n|-damage|p1b: Spiritomb|0 fnt\n|faint|p1b: Spiritomb\n|move|p1a: Gliscor|Acrobatics|p2a: Swampert\n|-damage|p2a: Swampert|3/100 brn\n|\n|-damage|p2a: Swampert|0 fnt|[from] brn\n|faint|p2a: Swampert\n|\n|win|bruhdnigerian\n|raw|bruhdnigerian's rating: 1178 &rarr; <strong>1203</strong><br />(+25 for winning)\n|raw|phantomshane3's rating: 1183 &rarr; <strong>1158</strong><br />(-25 for losing)\n|l|☆phantomshane3\n|player|p2|\n","uploadtime":1788372114,"views":"0","formatid":"gen9championsvgc2026regmb","rating":1158,"private":0,"password":null}