{"id":"gen9championsvgc2026regmbbo3-2673629088","format":"[Gen 9 Champions] VGC 2026 Reg M-B (Bo3)","players":["roodlethenoodle","mls2395"],"log":"|j|☆roodlethenoodle\n|j|☆mls2395\n|html|<table width=\"100%\"><tr><td align=\"left\">roodlethenoodle</td><td align=\"right\">mls2395</tr><tr><td align=\"left\"><i class=\"fa fa-circle\"></i> <i class=\"fa fa-circle-o\"></i> </td><td align=\"right\"><i class=\"fa fa-circle-o\"></i> <i class=\"fa fa-circle-o\"></i> </tr></table>\n|uhtml|bestof|<h2><strong>Game 2</strong> of <a href=\"/game-bestof3-gen9championsvgc2026regmbbo3-2673627796\">a best-of-3</a></h2>\n|t:|1788223798\n|gametype|doubles\n|player|p1|roodlethenoodle|102|1186\n|player|p2|mls2395|1|1163\n|gen|9\n|tier|[Gen 9 Champions] VGC 2026 Reg M-B (Bo3)\n|rated|\n|rule|Species Clause: Limit one of each Pokémon\n|rule|Item Clause: Limit 1 of each item\n|clearpoke\n|poke|p1|Charizard, L50, M|\n|poke|p1|Whimsicott, L50, F|\n|poke|p1|Kingambit, L50, F|\n|poke|p1|Basculegion, L50, M|\n|poke|p1|Garchomp, L50, M|\n|poke|p1|Floette-Eternal, L50, F|\n|poke|p2|Incineroar, L50, F|\n|poke|p2|Samurott-Hisui, L50, F|\n|poke|p2|Sinistcha, L50|\n|poke|p2|Sneasler, L50, F|\n|poke|p2|Floette-Eternal, L50, F|\n|poke|p2|Delphox, L50, F|\n|teampreview|4\n|showteam|p1|Charizard||CharizarditeY|Blaze|HeatWave,WeatherBall,AncientPower,Protect|Modest||M|||50|]Whimsicott||FocusSash|Prankster|Moonblast,Tailwind,Encore,Protect|Timid||F|||50|]Kingambit||OccaBerry|Defiant|KowtowCleave,IronHead,SuckerPunch,LowKick|Adamant||F|||50|]Basculegion||LifeOrb|Adaptability|WaveCrash,LastRespects,AquaJet,Protect|Adamant||M|||50|]Garchomp||SitrusBerry|RoughSkin|Earthquake,DragonClaw,RockSlide,Protect|Adamant||M|||50|]Floette-Eternal||Floettite|FlowerVeil|Moonblast,DazzlingGleam,LightofRuin,Protect|Modest||F|||50|\n|showteam|p2|Incineroar||SitrusBerry|Intimidate|FakeOut,FlareBlitz,DarkestLariat,PartingShot|Careful||F|||50|]Samurott-Hisui||ChoiceScarf|Sharpness|RazorShell,NightSlash,SacredSword,FlipTurn|Jolly||F|||50|]Sinistcha||OccaBerry|Hospitality|MatchaGotcha,LifeDew,RagePowder,Protect|Relaxed|||||50|]Sneasler||FocusSash|PoisonTouch|FakeOut,CloseCombat,PoisonJab,RockSlide|Jolly||F|||50|]Floette-Eternal||Floettite|FlowerVeil|Moonblast,DazzlingGleam,CalmMind,Protect|Modest||F|||50|]Delphox||Delphoxite|Blaze|Psychic,HeatWave,NastyPlot,Protect|Timid||F|||50|\n|\n|t:|1788223839\n|teamsize|p1|4\n|teamsize|p2|4\n|start\n|switch|p1a: Whimsicott|Whimsicott, L50, F|100/100\n|switch|p1b: Basculegion|Basculegion, L50, M|100/100\n|switch|p2a: Samurott|Samurott-Hisui, L50, F|100/100\n|switch|p2b: Incineroar|Incineroar, L50, F|100/100\n|-ability|p2b: Incineroar|Intimidate|boost\n|-unboost|p1a: Whimsicott|atk|1\n|-unboost|p1b: Basculegion|atk|1\n|turn|1\n|\n|t:|1788223852\n|switch|p1b: Kingambit|Kingambit, L50, F|100/100\n|move|p1a: Whimsicott|Protect|p1a: Whimsicott\n|-singleturn|p1a: Whimsicott|Protect\n|move|p2a: Samurott|Night Slash|p1b: Kingambit\n|-resisted|p1b: Kingambit|1\n|-damage|p1b: Kingambit|81/100\n|move|p2b: Incineroar|Flare Blitz|p1a: Whimsicott\n|-activate|p1a: Whimsicott|move: Protect\n|\n|upkeep\n|turn|2\n|\n|t:|1788223882\n|switch|p2a: Delphox|Delphox, L50, F|100/100\n|switch|p1a: Charizard|Charizard, L50, M|100/100\n|move|p2b: Incineroar|Flare Blitz|p1b: Kingambit\n|-supereffective|p1b: Kingambit|1\n|-enditem|p1b: Kingambit|Occa Berry|[eat]\n|-enditem|p1b: Kingambit|Occa Berry|[weaken]\n|-damage|p1b: Kingambit|45/100\n|-status|p1b: Kingambit|brn\n|-damage|p2b: Incineroar|88/100|[from] Recoil\n|move|p1b: Kingambit|Kowtow Cleave|p2a: Delphox\n|-supereffective|p2a: Delphox|1\n|-damage|p2a: Delphox|47/100\n|\n|-damage|p1b: Kingambit|39/100 brn|[from] brn\n|upkeep\n|turn|3\n|c|☆roodlethenoodle|oh come on\n|c|☆roodlethenoodle|you have to be kidding me\n|c|☆mls2395|you are playing this team, dont whinre\n|c|☆roodlethenoodle|you're acting like you aren't loosing to public enemy number one\n|c|☆roodlethenoodle|floette balance is super good\n|\n|t:|1788223953\n|detailschange|p2a: Delphox|Delphox-Mega, L50, F\n|-mega|p2a: Delphox|Delphox|Delphoxite\n|detailschange|p1a: Charizard|Charizard-Mega-Y, L50, M\n|-mega|p1a: Charizard|Charizard|Charizardite Y\n|-weather|SunnyDay|[from] ability: Drought|[of] p1a: Charizard\n|move|p2a: Delphox|Protect|p2a: Delphox\n|-singleturn|p2a: Delphox|Protect\n|move|p1a: Charizard|Ancient Power|p2b: Incineroar\n|-supereffective|p2b: Incineroar|1\n|-damage|p2b: Incineroar|55/100\n|move|p2b: Incineroar|Parting Shot|p1a: Charizard\n|-unboost|p1a: Charizard|atk|1\n|-unboost|p1a: Charizard|spa|1\n|inactive|Battle timer is ON: inactive players will automatically lose when time's up. (requested by mls2395)\n|\n|t:|1788223965\n|switch|p2b: Samurott|Samurott-Hisui, L50, F|100/100|[from] Parting Shot\n|move|p1b: Kingambit|Low Kick|p2b: Samurott\n|-supereffective|p2b: Samurott|1\n|-damage|p2b: Samurott|61/100\n|\n|-weather|SunnyDay|[upkeep]\n|-damage|p1b: Kingambit|33/100 brn|[from] brn\n|upkeep\n|turn|4\n|\n|t:|1788223983\n|switch|p2a: Sneasler|Sneasler, L50, F|100/100\n|switch|p1b: Basculegion|Basculegion, L50, M|100/100\n|move|p2b: Samurott|Sacred Sword|p1b: Basculegion\n|-immune|p1b: Basculegion\n|move|p1a: Charizard|Ancient Power|p2a: Sneasler\n|-resisted|p2a: Sneasler|1\n|-damage|p2a: Sneasler|89/100\n|\n|-weather|SunnyDay|[upkeep]\n|upkeep\n|turn|5\n|\n|t:|1788224001\n|switch|p2b: Incineroar|Incineroar, L50, F|55/100\n|-ability|p2b: Incineroar|Intimidate|boost\n|-unboost|p1a: Charizard|atk|1\n|-unboost|p1b: Basculegion|atk|1\n|switch|p1a: Kingambit|Kingambit, L50, F|33/100 brn\n|move|p2a: Sneasler|Rock Slide|p1a: Kingambit|[spread] p1a,p1b\n|-resisted|p1a: Kingambit|1\n|-damage|p1a: Kingambit|25/100 brn\n|-damage|p1b: Basculegion|75/100\n|move|p1b: Basculegion|Wave Crash|p2a: Sneasler\n|-damage|p2a: Sneasler|33/100\n|-damage|p1b: Basculegion|60/100|[from] Recoil\n|-damage|p1b: Basculegion|50/100g|[from] item: Life Orb\n|\n|-weather|SunnyDay|[upkeep]\n|-damage|p1a: Kingambit|19/100 brn|[from] brn\n|upkeep\n|turn|6\n|inactive|roodlethenoodle has 30 seconds left.\n|inactive|mls2395 has 30 seconds left.\n|\n|t:|1788224034\n|switch|p2a: Samurott|Samurott-Hisui, L50, F|61/100\n|move|p1b: Basculegion|Protect|p1b: Basculegion\n|-singleturn|p1b: Basculegion|Protect\n|move|p2b: Incineroar|Darkest Lariat|p1b: Basculegion\n|-activate|p1b: Basculegion|move: Protect\n|move|p1a: Kingambit|Low Kick|p2b: Incineroar\n|-supereffective|p2b: Incineroar|1\n|-damage|p2b: Incineroar|28/100\n|-enditem|p2b: Incineroar|Sitrus Berry|[eat]\n|-heal|p2b: Incineroar|53/100|[from] item: Sitrus Berry\n|\n|-weather|SunnyDay|[upkeep]\n|-damage|p1a: Kingambit|13/100 brn|[from] brn\n|upkeep\n|turn|7\n|inactive|roodlethenoodle has 30 seconds left.\n|inactive|mls2395 has 30 seconds left.\n|\n|t:|1788224063\n|switch|p1b: Whimsicott|Whimsicott, L50, F|100/100\n|move|p2a: Samurott|Sacred Sword|p1b: Whimsicott\n|-resisted|p1b: Whimsicott|1\n|-damage|p1b: Whimsicott|68/100\n|move|p2b: Incineroar|Parting Shot|p1a: Kingambit\n|-unboost|p1a: Kingambit|atk|1\n|-ability|p1a: Kingambit|Defiant|boost\n|-boost|p1a: Kingambit|atk|2\n|-unboost|p1a: Kingambit|spa|1\n|-ability|p1a: Kingambit|Defiant|boost\n|-boost|p1a: Kingambit|atk|2\n|\n|t:|1788224075\n|switch|p2b: Sneasler|Sneasler, L50, F|33/100|[from] Parting Shot\n|move|p1a: Kingambit|Low Kick|p2a: Samurott\n|-supereffective|p2a: Samurott|1\n|-damage|p2a: Samurott|0 fnt\n|faint|p2a: Samurott\n|\n|-weather|none\n|-damage|p1a: Kingambit|7/100 brn|[from] brn\n|upkeep\n|\n|t:|1788224086\n|switch|p2a: Incineroar|Incineroar, L50, F|53/100\n|-ability|p2a: Incineroar|Intimidate|boost\n|-unboost|p1a: Kingambit|atk|1\n|-ability|p1a: Kingambit|Defiant|boost\n|-boost|p1a: Kingambit|atk|2\n|-unboost|p1b: Whimsicott|atk|1\n|turn|8\n|\n|t:|1788224097\n|move|p2b: Sneasler|Fake Out|p1a: Kingambit\n|-resisted|p1a: Kingambit|1\n|-damage|p1a: Kingambit|2/100 brn\n|move|p1b: Whimsicott|Tailwind|p1b: Whimsicott\n|-sidestart|p1: roodlethenoodle|move: Tailwind\n|cant|p1a: Kingambit|flinch\n|move|p2a: Incineroar|Flare Blitz|p1b: Whimsicott\n|-supereffective|p1b: Whimsicott|1\n|-damage|p1b: Whimsicott|0 fnt\n|faint|p1b: Whimsicott\n|-damage|p2a: Incineroar|38/100|[from] Recoil\n|\n|-damage|p1a: Kingambit|0 fnt|[from] brn\n|faint|p1a: Kingambit\n|upkeep\n|\n|t:|1788224105\n|switch|p1b: Basculegion|Basculegion, L50, M|50/100g\n|switch|p1a: Charizard|Charizard-Mega-Y, L50, M|100/100\n|-weather|SunnyDay|[from] ability: Drought|[of] p1a: Charizard\n|turn|9\n|inactive|mls2395 has 30 seconds left.\n|\n|t:|1788224134\n|switch|p2a: Delphox|Delphox-Mega, L50, F|47/100\n|move|p1a: Charizard|Heat Wave|p2a: Delphox|[spread] p2a,p2b\n|-resisted|p2a: Delphox|1\n|-damage|p2a: Delphox|21/100\n|-damage|p2b: Sneasler|0 fnt\n|faint|p2b: Sneasler\n|move|p1b: Basculegion|Last Respects|p2a: Delphox\n|-supereffective|p2a: Delphox|1\n|-crit|p2a: Delphox\n|-damage|p2a: Delphox|0 fnt\n|faint|p2a: Delphox\n|-damage|p1b: Basculegion|41/100|[from] item: Life Orb\n|\n|-weather|SunnyDay|[upkeep]\n|upkeep\n|inactive|mls2395 has 30 seconds left.\n|\n|t:|1788224161\n|switch|p2b: Incineroar|Incineroar, L50, F|38/100\n|-ability|p2b: Incineroar|Intimidate|boost\n|-unboost|p1a: Charizard|atk|1\n|-unboost|p1b: Basculegion|atk|1\n|turn|10\n|\n|t:|1788224166\n|move|p1a: Charizard|Weather Ball|p2b: Incineroar\n|-resisted|p2b: Incineroar|1\n|-damage|p2b: Incineroar|5/100\n|move|p1b: Basculegion|Wave Crash|p2b: Incineroar\n|-supereffective|p2b: Incineroar|1\n|-damage|p2b: Incineroar|0 fnt\n|faint|p2b: Incineroar\n|-damage|p1b: Basculegion|38/100|[from] Recoil\n|-damage|p1b: Basculegion|29/100|[from] item: Life Orb\n|\n|win|roodlethenoodle\n|raw|roodlethenoodle's rating: 1186 &rarr; <strong>1209</strong><br />(+23 for winning)\n|raw|mls2395's rating: 1163 &rarr; <strong>1140</strong><br />(-23 for losing)\n|c|☆roodlethenoodle|ggs\n","uploadtime":1788224179,"views":"7","formatid":"gen9championsvgc2026regmbbo3","rating":1140,"private":0,"password":null}