{"id":"gen9championsvgc2026regmbbo3-2673417158","format":"[Gen 9 Champions] VGC 2026 Reg M-B (Bo3)","players":["rojasus","Sores"],"log":"|j|☆rojasus\n|j|☆Sores\n|html|<table width=\"100%\"><tr><td align=\"left\">rojasus</td><td align=\"right\">Sores</tr><tr><td align=\"left\"><i class=\"fa fa-circle-o\"></i> <i class=\"fa fa-circle-o\"></i> </td><td align=\"right\"><i class=\"fa fa-circle-o\"></i> <i class=\"fa fa-circle-o\"></i> </tr></table>\n|uhtml|bestof|<h2><strong>Game 1</strong> of <a href=\"/game-bestof3-gen9championsvgc2026regmbbo3-2673417155\">a best-of-3</a></h2>\n|t:|1788195270\n|gametype|doubles\n|player|p1|rojasus|ingo|1162\n|player|p2|Sores|veteran|1156\n|gen|9\n|tier|[Gen 9 Champions] VGC 2026 Reg M-B (Bo3)\n|rated|\n|rule|Species Clause: Limit one of each Pokémon\n|rule|Item Clause: Limit 1 of each item\n|clearpoke\n|poke|p1|Swampert, L50, M|\n|poke|p1|Pelipper, L50, F|\n|poke|p1|Archaludon, L50, F|\n|poke|p1|Grimmsnarl, L50, M|\n|poke|p1|Charizard, L50, F|\n|poke|p1|Venusaur, L50, F|\n|poke|p2|Feraligatr, L50, F|\n|poke|p2|Sneasler, L50, M|\n|poke|p2|Arcanine-Hisui, L50, M|\n|poke|p2|Floette-Eternal, L50, F|\n|poke|p2|Whimsicott, L50, F|\n|poke|p2|Kingambit, L50, M, shiny|\n|teampreview|4\n|showteam|p1|Swampert||Swampertite|Torrent|WaveCrash,Earthquake,IcePunch,Protect|Adamant||M|||50|]Pelipper||SitrusBerry|Drizzle|WeatherBall,Hurricane,Tailwind,WideGuard|Bold||F|||50|]Archaludon||Leftovers|Stamina|ElectroShot,DragonPulse,FlashCannon,Protect|Calm||F|||50|]Grimmsnarl||LightClay|Prankster|LightScreen,Reflect,PartingShot,SpiritBreak|Careful||M|||50|]Charizard||CharizarditeY|Blaze|WeatherBall,HeatWave,Hurricane,Protect|Modest||F|||50|]Venusaur||FocusSash|Chlorophyll|LeafStorm,SleepPowder,SludgeBomb,Protect|Modest||F|||50|\n|showteam|p2|Feraligatr||Feraligite|SheerForce|DoubleEdge,AquaJet,Liquidation,Protect|Adamant||F|||50|]Sneasler||WhiteHerb|PoisonTouch|FakeOut,DireClaw,CloseCombat,Protect|Jolly||M|||50|]Arcanine-Hisui||PasshoBerry|RockHead|FlareBlitz,HeadSmash,ExtremeSpeed,Protect|Jolly||M|||50|]Floette-Eternal||Floettite|FlowerVeil|Moonblast,DazzlingGleam,LightofRuin,Protect|Timid||F|||50|]Whimsicott||FocusSash|Prankster|Moonblast,Tailwind,Encore,Protect|Timid||F|||50|]Kingambit||ChopleBerry|Defiant|SuckerPunch,KowtowCleave,IronHead,LowKick|Adamant||M|||50|\n|inactive|Battle timer is ON: inactive players will automatically lose when time's up. (requested by rojasus)\n|\n|t:|1788195304\n|teamsize|p1|4\n|teamsize|p2|4\n|start\n|switch|p1a: Archaludon|Archaludon, L50, F|100/100\n|switch|p1b: Pelipper|Pelipper, L50, F|100/100\n|switch|p2a: Arcanine|Arcanine-Hisui, L50, M|100/100\n|switch|p2b: Whimsicott|Whimsicott, L50, F|100/100\n|-weather|RainDance|[from] ability: Drizzle|[of] p1b: Pelipper\n|turn|1\n|inactive|rojasus has 30 seconds left.\n|\n|t:|1788195329\n|move|p2b: Whimsicott|Moonblast|p1a: Archaludon\n|-damage|p1a: Archaludon|55/100\n|-ability|p1a: Archaludon|Stamina|boost\n|-boost|p1a: Archaludon|def|1\n|move|p2a: Arcanine|Head Smash|p1b: Pelipper\n|-supereffective|p1b: Pelipper|1\n|-damage|p1b: Pelipper|0 fnt\n|faint|p1b: Pelipper\n|move|p1a: Archaludon|Flash Cannon|p2b: Whimsicott\n|-supereffective|p2b: Whimsicott|1\n|-enditem|p2b: Whimsicott|Focus Sash\n|-damage|p2b: Whimsicott|1/100\n|\n|-weather|RainDance|[upkeep]\n|-heal|p1a: Archaludon|61/100|[from] item: Leftovers\n|upkeep\n|\n|t:|1788195342\n|switch|p1b: Swampert|Swampert, L50, M|100/100\n|turn|2\n|\n|t:|1788195364\n|detailschange|p1b: Swampert|Swampert-Mega, L50, M\n|-mega|p1b: Swampert|Swampert|Swampertite\n|move|p2a: Arcanine|Protect|p2a: Arcanine\n|-singleturn|p2a: Arcanine|Protect\n|move|p1a: Archaludon|Protect|p1a: Archaludon\n|-singleturn|p1a: Archaludon|Protect\n|move|p2b: Whimsicott|Tailwind|p2b: Whimsicott\n|-sidestart|p2: Sores|move: Tailwind\n|move|p1b: Swampert|Earthquake|p2b: Whimsicott|[spread] p2b\n|-activate|p1a: Archaludon|move: Protect\n|-activate|p2a: Arcanine|move: Protect\n|-resisted|p2b: Whimsicott|1\n|-damage|p2b: Whimsicott|0 fnt\n|faint|p2b: Whimsicott\n|\n|-weather|RainDance|[upkeep]\n|-heal|p1a: Archaludon|67/100|[from] item: Leftovers\n|upkeep\n|\n|t:|1788195377\n|switch|p2b: Floette|Floette-Eternal, L50, F|100/100\n|turn|3\n|\n|t:|1788195393\n|switch|p1b: Grimmsnarl|Grimmsnarl, L50, M|100/100\n|detailschange|p2b: Floette|Floette-Mega, L50, F\n|-mega|p2b: Floette|Floette|Floettite\n|-ability|p2b: Floette|Fairy Aura\n|move|p2a: Arcanine|Extreme Speed|p1b: Grimmsnarl\n|-damage|p1b: Grimmsnarl|71/100\n|move|p2b: Floette|Light of Ruin|p1b: Grimmsnarl\n|-supereffective|p1b: Grimmsnarl|1\n|-damage|p1b: Grimmsnarl|0 fnt\n|faint|p1b: Grimmsnarl\n|-damage|p2b: Floette|54/100|[from] Recoil\n|move|p1a: Archaludon|Flash Cannon|p2b: Floette\n|-supereffective|p2b: Floette|1\n|-damage|p2b: Floette|0 fnt\n|faint|p2b: Floette\n|\n|-weather|RainDance|[upkeep]\n|-heal|p1a: Archaludon|73/100|[from] item: Leftovers\n|upkeep\n|\n|t:|1788195411\n|switch|p2b: Sneasler|Sneasler, L50, M|100/100\n|switch|p1b: Swampert|Swampert-Mega, L50, M|100/100\n|turn|4\n|\n|t:|1788195423\n|move|p1b: Swampert|Protect|p1b: Swampert\n|-singleturn|p1b: Swampert|Protect\n|move|p1a: Archaludon|Protect|p1a: Archaludon\n|-singleturn|p1a: Archaludon|Protect\n|move|p2a: Arcanine|Extreme Speed|p1b: Swampert\n|-activate|p1b: Swampert|move: Protect\n|move|p2b: Sneasler|Close Combat|p1b: Swampert\n|-activate|p1b: Swampert|move: Protect\n|\n|-weather|RainDance|[upkeep]\n|-heal|p1a: Archaludon|79/100|[from] item: Leftovers\n|upkeep\n|turn|5\n|\n|t:|1788195441\n|move|p2b: Sneasler|Close Combat|p1b: Swampert\n|-damage|p1b: Swampert|39/100\n|-unboost|p2b: Sneasler|def|1\n|-unboost|p2b: Sneasler|spd|1\n|-status|p1b: Swampert|psn|[from] ability: Poison Touch|[of] p2b: Sneasler\n|-enditem|p2b: Sneasler|White Herb\n|-clearnegativeboost|p2b: Sneasler|[silent]\n|move|p2a: Arcanine|Head Smash|p1b: Swampert\n|-resisted|p1b: Swampert|1\n|-damage|p1b: Swampert|2/100 psn\n|move|p1b: Swampert|Earthquake|p2a: Arcanine|[spread] p1a,p2a,p2b\n|-supereffective|p1a: Archaludon|1\n|-supereffective|p2a: Arcanine|2\n|-crit|p2a: Arcanine\n|-supereffective|p2b: Sneasler|1\n|-damage|p1a: Archaludon|35/100\n|-damage|p2a: Arcanine|0 fnt\n|-damage|p2b: Sneasler|0 fnt\n|-ability|p1a: Archaludon|Stamina|boost\n|-boost|p1a: Archaludon|def|1\n|faint|p2a: Arcanine\n|faint|p2b: Sneasler\n|\n|win|rojasus\n|inactive|rojasus has 30 seconds to confirm battle start!\n|inactive|Sores has 30 seconds to confirm battle start!\n||Sores is ready for game 2.\n","uploadtime":1788195459,"views":"0","formatid":"gen9championsvgc2026regmbbo3","rating":null,"private":0,"password":null}