{"id":"gen9championsvgc2026regmb-2674649169","format":"[Gen 9 Champions] VGC 2026 Reg M-B","players":["survivor1000","Noobiedoobie537"],"log":"|j|☆survivor1000\n|j|☆Noobiedoobie537\n|t:|1788384985\n|gametype|doubles\n|player|p1|survivor1000|1|1195\n|player|p2|Noobiedoobie537|lucas-gen4pt|1217\n|gen|9\n|tier|[Gen 9 Champions] VGC 2026 Reg M-B\n|rated|\n|rule|Species Clause: Limit one of each Pokémon\n|rule|Item Clause: Limit 1 of each item\n|clearpoke\n|poke|p1|Annihilape, L50, M|\n|poke|p1|Gengar, L50, M|\n|poke|p1|Whimsicott, L50, M|\n|poke|p1|Incineroar, L50, F|\n|poke|p1|Sylveon, L50, F|\n|poke|p1|Aerodactyl, L50, F|\n|poke|p2|Metagross, L50, shiny|\n|poke|p2|Ceruledge, L50, F|\n|poke|p2|Kommo-o, L50, F|\n|poke|p2|Swampert, L50, F|\n|poke|p2|Weavile, L50, M|\n|poke|p2|Whimsicott, L50, M|\n|teampreview|4\n|inactive|Battle timer is ON: inactive players will automatically lose when time's up. (requested by Noobiedoobie537)\n|inactive|Noobiedoobie537 has 60 seconds left.\n|\n|t:|1788385036\n|teamsize|p1|4\n|teamsize|p2|4\n|start\n|switch|p1a: Whimsicott|Whimsicott, L50, M|100/100\n|switch|p1b: Incineroar|Incineroar, L50, F|100/100\n|switch|p2a: Metagross|Metagross, L50, shiny|100/100\n|switch|p2b: Weavile|Weavile, L50, M|100/100\n|-ability|p1b: Incineroar|Intimidate|boost\n|-fail|p2a: Metagross|unboost|[from] ability: Clear Body|[of] p2a: Metagross\n|-unboost|p2b: Weavile|atk|1\n|turn|1\n|inactive|survivor1000 has 30 seconds left.\n|\n|t:|1788385063\n|detailschange|p2a: Metagross|Metagross-Mega, L50, shiny\n|-mega|p2a: Metagross|Metagross|Metagrossite\n|move|p2b: Weavile|Fake Out|p1b: Incineroar\n|-damage|p1b: Incineroar|93/100\n|cant|p1b: Incineroar|flinch\n|move|p2a: Metagross|Body Press|p1b: Incineroar\n|-supereffective|p1b: Incineroar|1\n|-damage|p1b: Incineroar|35/100\n|-enditem|p1b: Incineroar|Sitrus Berry|[eat]\n|-heal|p1b: Incineroar|60/100|[from] item: Sitrus Berry\n|move|p1a: Whimsicott|Moonblast|p2b: Weavile\n|-supereffective|p2b: Weavile|1\n|-damage|p2b: Weavile|28/100\n|-unboost|p2b: Weavile|spa|1\n|\n|upkeep\n|turn|2\n|inactive|survivor1000 has 30 seconds left.\n|inactive|Noobiedoobie537 has 30 seconds left.\n|\n|t:|1788385094\n|switch|p1b: Gengar|Gengar, L50, M|100/100\n|move|p1a: Whimsicott|Encore|p2a: Metagross\n|-start|p2a: Metagross|Encore\n|move|p2b: Weavile|Icicle Crash|p1a: Whimsicott\n|-supereffective|p1a: Whimsicott|1\n|-damage|p1a: Whimsicott|52/100\n|move|p2a: Metagross|Body Press|p1b: Gengar\n|-immune|p1b: Gengar\n|\n|upkeep\n|turn|3\n|inactive|Noobiedoobie537 has 30 seconds left.\n|\n|t:|1788385122\n|switch|p2a: Swampert|Swampert, L50, F|100/100\n|detailschange|p1b: Gengar|Gengar-Mega, L50, M\n|-mega|p1b: Gengar|Gengar|Gengarite\n|move|p1b: Gengar|Protect|p1b: Gengar\n|-singleturn|p1b: Gengar|Protect\n|move|p1a: Whimsicott|Tailwind|p1a: Whimsicott\n|-sidestart|p1: survivor1000|move: Tailwind\n|move|p2b: Weavile|Icicle Crash|p1a: Whimsicott\n|-supereffective|p1a: Whimsicott|1\n|-damage|p1a: Whimsicott|4/100\n|\n|upkeep\n|turn|4\n|inactive|Noobiedoobie537 has 30 seconds left.\n|\n|t:|1788385149\n|move|p1a: Whimsicott|Fake Tears|p2a: Swampert\n|-unboost|p2a: Swampert|spd|2\n|move|p1b: Gengar|Shadow Ball|p2a: Swampert\n|-damage|p2a: Swampert|1/100\n|-unboost|p2a: Swampert|spd|1\n|-enditem|p2a: Swampert|Sitrus Berry|[eat]\n|-heal|p2a: Swampert|26/100|[from] item: Sitrus Berry\n|move|p2b: Weavile|Knock Off|p1a: Whimsicott\n|-resisted|p1a: Whimsicott|1\n|-damage|p1a: Whimsicott|0 fnt\n|-enditem|p1a: Whimsicott|Focus Sash|[from] move: Knock Off|[of] p2b: Weavile\n|faint|p1a: Whimsicott\n|move|p2a: Swampert|Yawn|p1b: Gengar\n|-start|p1b: Gengar|move: Yawn|[of] p2a: Swampert\n|\n|upkeep\n|\n|t:|1788385166\n|switch|p1a: Incineroar|Incineroar, L50, F|60/100\n|-ability|p1a: Incineroar|Intimidate|boost\n|-unboost|p2a: Swampert|atk|1\n|-unboost|p2b: Weavile|atk|1\n|turn|5\n|\n|t:|1788385182\n|switch|p1b: Annihilape|Annihilape, L50, M|100/100\n|move|p1a: Incineroar|Fake Out|p2b: Weavile\n|-damage|p2b: Weavile|11/100\n|cant|p2b: Weavile|flinch\n|move|p2a: Swampert|Wave Crash|p1b: Annihilape\n|-damage|p1b: Annihilape|36/100\n|-damage|p2a: Swampert|6/100|[from] Recoil\n|\n|upkeep\n|turn|6\n|\n|t:|1788385204\n|move|p1b: Annihilape|U-turn|p2b: Weavile\n|-supereffective|p2b: Weavile|1\n|-damage|p2b: Weavile|0 fnt\n|faint|p2b: Weavile\n|\n|t:|1788385208\n|switch|p1b: Gengar|Gengar-Mega, L50, M|100/100|[from] U-turn\n|move|p1a: Incineroar|Parting Shot|p2a: Swampert\n|-unboost|p2a: Swampert|atk|1\n|-unboost|p2a: Swampert|spa|1\n|\n|t:|1788385215\n|switch|p1a: Annihilape|Annihilape, L50, M|36/100|[from] Parting Shot\n|move|p2a: Swampert|Wave Crash|p1b: Gengar\n|-damage|p1b: Gengar|34/100\n|-damage|p2a: Swampert|0 fnt|[from] Recoil\n|faint|p2a: Swampert\n|\n|-sideend|p1: survivor1000|move: Tailwind\n|upkeep\n|\n|t:|1788385221\n|switch|p2b: Whimsicott|Whimsicott, L50, M|100/100\n|switch|p2a: Metagross|Metagross-Mega, L50, shiny|100/100\n|turn|7\n|inactive|Noobiedoobie537 has 30 seconds left.\n|\n|t:|1788385258\n|switch|p1a: Incineroar|Incineroar, L50, F|60/100\n|-ability|p1a: Incineroar|Intimidate|boost\n|-unboost|p2a: Metagross|atk|1\n|-unboost|p2b: Whimsicott|atk|1\n|move|p1b: Gengar|Protect|p1b: Gengar\n|-singleturn|p1b: Gengar|Protect\n|move|p2b: Whimsicott|Tailwind|p2b: Whimsicott\n|-sidestart|p2: Noobiedoobie537|move: Tailwind\n|move|p2a: Metagross|Psychic Fangs|p1a: Incineroar\n|-immune|p1a: Incineroar\n|\n|upkeep\n|turn|8\n|\n|t:|1788385279\n|move|p1a: Incineroar|Fake Out|p2a: Metagross\n|-resisted|p2a: Metagross|1\n|-damage|p2a: Metagross|96/100\n|move|p2b: Whimsicott|Tickle|p1a: Incineroar\n|-hint|Since gen 7, Dark is immune to Prankster moves.\n|-immune|p1a: Incineroar\n|cant|p2a: Metagross|flinch\n|move|p1b: Gengar|Sludge Bomb|p2b: Whimsicott\n|-supereffective|p2b: Whimsicott|2\n|-damage|p2b: Whimsicott|0 fnt\n|faint|p2b: Whimsicott\n|\n|upkeep\n|turn|9\n|\n|t:|1788385297\n|move|p2a: Metagross|Body Press|p1a: Incineroar\n|-supereffective|p1a: Incineroar|1\n|-damage|p1a: Incineroar|7/100\n|move|p1b: Gengar|Shadow Ball|p2a: Metagross\n|-supereffective|p2a: Metagross|1\n|-damage|p2a: Metagross|0 fnt\n|faint|p2a: Metagross\n|\n|win|survivor1000\n|raw|survivor1000's rating: 1195 &rarr; <strong>1222</strong><br />(+27 for winning)\n|raw|Noobiedoobie537's rating: 1217 &rarr; <strong>1190</strong><br />(-27 for losing)\n","uploadtime":1788385300,"views":"8","formatid":"gen9championsvgc2026regmb","rating":1190,"private":0,"password":null}