{"id":"gen9championsvgc2026regmbbo3-2673712487","format":"[Gen 9 Champions] VGC 2026 Reg M-B (Bo3)","players":["urstepslowbro","orkay"],"log":"|j|☆urstepslowbro\n|j|☆orkay\n|html|<table width=\"100%\"><tr><td align=\"left\">urstepslowbro</td><td align=\"right\">orkay</tr><tr><td align=\"left\"><i class=\"fa fa-circle-o\"></i> <i class=\"fa fa-circle-o\"></i> </td><td align=\"right\"><i class=\"fa fa-circle-o\"></i> <i class=\"fa fa-circle-o\"></i> </tr></table>\n|uhtml|bestof|<h2><strong>Game 1</strong> of <a href=\"/game-bestof3-gen9championsvgc2026regmbbo3-2673712486\">a best-of-3</a></h2>\n|t:|1788238430\n|gametype|doubles\n|player|p1|urstepslowbro|hilda-masters4|1256\n|player|p2|orkay|boarder|1124\n|gen|9\n|tier|[Gen 9 Champions] VGC 2026 Reg M-B (Bo3)\n|rated|\n|rule|Species Clause: Limit one of each Pokémon\n|rule|Item Clause: Limit 1 of each item\n|clearpoke\n|poke|p1|Staraptor, L50, M|\n|poke|p1|Sinistcha, L50|\n|poke|p1|Gholdengo, L50|\n|poke|p1|Milotic, L50, M|\n|poke|p1|Excadrill, L50, F|\n|poke|p1|Tyranitar, L50, F|\n|poke|p2|Floette-Eternal, L50, F|\n|poke|p2|Charizard, L50, M|\n|poke|p2|Whimsicott, L50, M|\n|poke|p2|Garchomp, L50, M|\n|poke|p2|Basculegion, L50, M|\n|poke|p2|Kingambit, L50, F|\n|teampreview|4\n|showteam|p1|Staraptor||Staraptite|Intimidate|CloseCombat,BraveBird,Tailwind,Protect|Jolly||M|||50|]Sinistcha||ColburBerry|Hospitality|MatchaGotcha,TrickRoom,Protect,RagePowder|Bold|||||50|]Gholdengo||LifeOrb|GoodasGold|MakeItRain,ShadowBall,NastyPlot,Protect|Modest|||||50|]Milotic||SitrusBerry|Competitive|Scald,IcyWind,IceBeam,Protect|Calm||M|||50|]Excadrill||FocusSash|SandRush|HighHorsepower,IronHead,RockSlide,Protect|Jolly||F|||50|]Tyranitar||Tyranitarite|SandStream|KnockOff,RockSlide,LowKick,Protect|Jolly||F|||50|\n|showteam|p2|Floette-Eternal||Floettite|FlowerVeil|Moonblast,DazzlingGleam,LightofRuin,Protect|Modest||F|||50|]Charizard||CharizarditeY|Blaze|HeatWave,WeatherBall,SolarBeam,Protect|Modest||M|||50|]Whimsicott||FocusSash|Prankster|Moonblast,Encore,Tailwind,Protect|Timid||M|||50|]Garchomp||RoseliBerry|RoughSkin|DragonClaw,StompingTantrum,PoisonJab,RockSlide|Jolly||M|||50|]Basculegion||MysticWater|Adaptability|WaveCrash,LastRespects,AquaJet,Protect|Adamant||M|||50|]Kingambit||OccaBerry|Defiant|KowtowCleave,IronHead,SuckerPunch,Protect|Adamant||F|||50|\n|\n|t:|1788238464\n|teamsize|p1|4\n|teamsize|p2|4\n|start\n|switch|p1a: Gholdengo|Gholdengo, L50|100/100\n|switch|p1b: Tyranitar|Tyranitar, L50, F|100/100\n|switch|p2a: Basculegion|Basculegion, L50, M|100/100\n|switch|p2b: Whimsicott|Whimsicott, L50, M|100/100\n|-weather|Sandstorm|[from] ability: Sand Stream|[of] p1b: Tyranitar\n|turn|1\n|\n|t:|1788238494\n|switch|p1b: Staraptor|Staraptor, L50, M|100/100\n|-ability|p1b: Staraptor|Intimidate|boost\n|-unboost|p2a: Basculegion|atk|1\n|-unboost|p2b: Whimsicott|atk|1\n|move|p2b: Whimsicott|Tailwind|p2b: Whimsicott\n|-sidestart|p2: orkay|move: Tailwind\n|move|p2a: Basculegion|Wave Crash|p1b: Staraptor\n|-damage|p1b: Staraptor|14/100\n|-damage|p2a: Basculegion|73/100|[from] Recoil\n|move|p1a: Gholdengo|Shadow Ball|p2a: Basculegion\n|-supereffective|p2a: Basculegion|1\n|-damage|p2a: Basculegion|0 fnt\n|faint|p2a: Basculegion\n|-damage|p1a: Gholdengo|90/100|[from] item: Life Orb\n|\n|-weather|Sandstorm|[upkeep]\n|-damage|p2b: Whimsicott|94/100|[from] Sandstorm\n|-damage|p1b: Staraptor|8/100|[from] Sandstorm\n|upkeep\n|\n|t:|1788238509\n|switch|p2a: Kingambit|Kingambit, L50, F|100/100\n|turn|2\n|\n|t:|1788238529\n|switch|p1a: Sinistcha|Sinistcha, L50|100/100\n|-heal|p1b: Staraptor|33/100|[from] ability: Hospitality|[of] p1a: Sinistcha\n|move|p1b: Staraptor|Protect|p1b: Staraptor\n|-singleturn|p1b: Staraptor|Protect\n|move|p2a: Kingambit|Sucker Punch||[still]\n|-fail|p2a: Kingambit\n|move|p2b: Whimsicott|Moonblast|p1a: Sinistcha\n|-damage|p1a: Sinistcha|65/100\n|-unboost|p1a: Sinistcha|spa|1\n|\n|-weather|Sandstorm|[upkeep]\n|-damage|p2b: Whimsicott|88/100|[from] Sandstorm\n|-damage|p1b: Staraptor|27/100|[from] Sandstorm\n|-damage|p1a: Sinistcha|59/100|[from] Sandstorm\n|upkeep\n|turn|3\n|\n|t:|1788238551\n|detailschange|p1b: Staraptor|Staraptor-Mega, L50, M\n|-mega|p1b: Staraptor|Staraptor|Staraptite\n|move|p1a: Sinistcha|Rage Powder|p1a: Sinistcha\n|-singleturn|p1a: Sinistcha|move: Rage Powder\n|move|p2b: Whimsicott|Encore|p1b: Staraptor\n|-start|p1b: Staraptor|Encore\n|move|p1b: Staraptor|Protect||[still]\n|-fail|p1b: Staraptor\n|move|p2a: Kingambit|Kowtow Cleave|p1a: Sinistcha\n|-supereffective|p1a: Sinistcha|1\n|-enditem|p1a: Sinistcha|Colbur Berry|[eat]\n|-enditem|p1a: Sinistcha|Colbur Berry|[weaken]\n|-damage|p1a: Sinistcha|17/100\n|\n|-weather|Sandstorm|[upkeep]\n|-damage|p2b: Whimsicott|82/100|[from] Sandstorm\n|-damage|p1b: Staraptor|21/100|[from] Sandstorm\n|-damage|p1a: Sinistcha|12/100|[from] Sandstorm\n|upkeep\n|turn|4\n|\n|t:|1788238578\n|switch|p1a: Tyranitar|Tyranitar, L50, F|100/100\n|move|p1b: Staraptor|Protect|p1b: Staraptor\n|-singleturn|p1b: Staraptor|Protect\n|move|p2b: Whimsicott|Moonblast|p1a: Tyranitar\n|-supereffective|p1a: Tyranitar|1\n|-damage|p1a: Tyranitar|52/100\n|move|p2a: Kingambit|Iron Head|p1b: Staraptor\n|-activate|p1b: Staraptor|move: Protect\n|\n|-weather|Sandstorm|[upkeep]\n|-damage|p2b: Whimsicott|76/100|[from] Sandstorm\n|-damage|p1b: Staraptor|15/100|[from] Sandstorm\n|-sideend|p2: orkay|move: Tailwind\n|upkeep\n|turn|5\n|\n|t:|1788238596\n|switch|p1b: Sinistcha|Sinistcha, L50|12/100\n|-heal|p1a: Tyranitar|77/100|[from] ability: Hospitality|[of] p1b: Sinistcha\n|move|p2b: Whimsicott|Tailwind|p2b: Whimsicott\n|-sidestart|p2: orkay|move: Tailwind\n|move|p2a: Kingambit|Iron Head|p1b: Sinistcha\n|-damage|p1b: Sinistcha|0 fnt\n|faint|p1b: Sinistcha\n|move|p1a: Tyranitar|Low Kick|p2a: Kingambit\n|-supereffective|p2a: Kingambit|2\n|-damage|p2a: Kingambit|3/100\n|\n|-weather|none\n|upkeep\n|\n|t:|1788238615\n|switch|p1b: Gholdengo|Gholdengo, L50|90/100\n|turn|6\n|\n|t:|1788238636\n|move|p2b: Whimsicott|Protect|p2b: Whimsicott\n|-singleturn|p2b: Whimsicott|Protect\n|move|p1b: Gholdengo|Protect|p1b: Gholdengo\n|-singleturn|p1b: Gholdengo|Protect\n|move|p2a: Kingambit|Iron Head|p1a: Tyranitar\n|-supereffective|p1a: Tyranitar|1\n|-damage|p1a: Tyranitar|0 fnt\n|faint|p1a: Tyranitar\n|\n|upkeep\n|\n|t:|1788238640\n|switch|p1a: Staraptor|Staraptor-Mega, L50, M|15/100\n|turn|7\n|\n|t:|1788238660\n|move|p1a: Staraptor|Protect|p1a: Staraptor\n|-singleturn|p1a: Staraptor|Protect\n|move|p2b: Whimsicott|Encore|p1b: Gholdengo\n|-immune|p1b: Gholdengo|[from] ability: Good as Gold\n|move|p2a: Kingambit|Sucker Punch||[still]\n|-fail|p2a: Kingambit\n|move|p1b: Gholdengo|Make It Rain|p2b: Whimsicott|[spread] p2b\n|-miss|p1b: Gholdengo|p2a: Kingambit\n|-supereffective|p2b: Whimsicott|1\n|-damage|p2b: Whimsicott|0 fnt\n|-unboost|p1b: Gholdengo|spa|2\n|faint|p2b: Whimsicott\n|-damage|p1b: Gholdengo|80/100|[from] item: Life Orb\n|\n|upkeep\n|\n|t:|1788238670\n|switch|p2b: Floette|Floette-Eternal, L50, F|100/100\n|turn|8\n|\n|t:|1788238685\n|detailschange|p2b: Floette|Floette-Mega, L50, F\n|-mega|p2b: Floette|Floette|Floettite\n|-ability|p2b: Floette|Fairy Aura\n|move|p1a: Staraptor|Protect||[still]\n|-fail|p1a: Staraptor\n|move|p2a: Kingambit|Protect|p2a: Kingambit\n|-singleturn|p2a: Kingambit|Protect\n|move|p1b: Gholdengo|Protect|p1b: Gholdengo\n|-singleturn|p1b: Gholdengo|Protect\n|move|p2b: Floette|Dazzling Gleam|p1b: Gholdengo|[spread] p1a\n|-activate|p1b: Gholdengo|move: Protect\n|-supereffective|p1a: Staraptor|1\n|-damage|p1a: Staraptor|0 fnt\n|faint|p1a: Staraptor\n|\n|-sideend|p2: orkay|move: Tailwind\n|upkeep\n|turn|9\n|\n|t:|1788238706\n|move|p2b: Floette|Light of Ruin|p1b: Gholdengo\n|-resisted|p1b: Gholdengo|1\n|-damage|p1b: Gholdengo|30/100\n|-damage|p2b: Floette|69/100|[from] Recoil\n|move|p1b: Gholdengo|Make It Rain|p2b: Floette|[spread] p2a,p2b\n|-resisted|p2a: Kingambit|1\n|-supereffective|p2b: Floette|1\n|-damage|p2a: Kingambit|0 fnt\n|-damage|p2b: Floette|24/100\n|-unboost|p1b: Gholdengo|spa|2\n|faint|p2a: Kingambit\n|-damage|p1b: Gholdengo|21/100|[from] item: Life Orb\n|\n|upkeep\n|turn|10\n|\n|t:|1788238722\n|move|p2b: Floette|Light of Ruin|p1b: Gholdengo\n|-resisted|p1b: Gholdengo|1\n|-damage|p1b: Gholdengo|0 fnt\n|faint|p1b: Gholdengo\n|-damage|p2b: Floette|12/100|[from] Recoil\n|\n|win|orkay\n","uploadtime":1788238724,"views":"2","formatid":"gen9championsvgc2026regmbbo3","rating":null,"private":0,"password":null}