{"id":"gen9championsvgc2026regmb-2674222326","format":"[Gen 9 Champions] VGC 2026 Reg M-B","players":["cheddarcheese16","MRVITR"],"log":"|j|☆cheddarcheese16\n|j|☆MRVITR\n|t:|1788318009\n|gametype|doubles\n|player|p1|cheddarcheese16|265|1097\n|player|p2|MRVITR|101|1000\n|gen|9\n|tier|[Gen 9 Champions] VGC 2026 Reg M-B\n|rated|\n|rule|Species Clause: Limit one of each Pokémon\n|rule|Item Clause: Limit 1 of each item\n|clearpoke\n|poke|p1|Swampert, L50, F|\n|poke|p1|Archaludon, L50, M|\n|poke|p1|Pelipper, L50, F|\n|poke|p1|Heliolisk, L50, F|\n|poke|p1|Starmie, L50|\n|poke|p1|Sinistcha, L50|\n|poke|p2|Abomasnow, L50, F|\n|poke|p2|Farigiraf, L50, M|\n|poke|p2|Clawitzer, L50, M, shiny|\n|poke|p2|Incineroar, L50, F|\n|poke|p2|Sinistcha-Masterpiece, L50|\n|poke|p2|Mawile, L50, F|\n|teampreview|4\n|inactive|Battle timer is ON: inactive players will automatically lose when time's up. (requested by cheddarcheese16)\n|\n|t:|1788318027\n|teamsize|p1|4\n|teamsize|p2|4\n|start\n|switch|p1a: Archaludon|Archaludon, L50, M|100/100\n|switch|p1b: Pelipper|Pelipper, L50, F|100/100\n|switch|p2a: Farigiraf|Farigiraf, L50, M|100/100\n|switch|p2b: Clawitzer|Clawitzer, L50, M, shiny|100/100\n|-weather|RainDance|[from] ability: Drizzle|[of] p1b: Pelipper\n|turn|1\n|\n|t:|1788318036\n|move|p2b: Clawitzer|Protect|p2b: Clawitzer\n|-singleturn|p2b: Clawitzer|Protect\n|move|p1b: Pelipper|Hurricane|p2a: Farigiraf\n|-damage|p2a: Farigiraf|70/100\n|move|p1a: Archaludon|Electro Shot||[still]\n|-prepare|p1a: Archaludon|Electro Shot\n|-boost|p1a: Archaludon|spa|1\n|-anim|p1a: Archaludon|Electro Shot|p2b: Clawitzer\n|-activate|p2b: Clawitzer|move: Protect\n|move|p2a: Farigiraf|Trick Room|p2a: Farigiraf\n|-fieldstart|move: Trick Room|[of] p2a: Farigiraf\n|\n|-weather|RainDance|[upkeep]\n|upkeep\n|turn|2\n|\n|t:|1788318050\n|move|p2b: Clawitzer|Aura Sphere|p1a: Archaludon\n|-supereffective|p1a: Archaludon|1\n|-damage|p1a: Archaludon|0 fnt\n|faint|p1a: Archaludon\n|-damage|p2b: Clawitzer|90/100|[from] item: Life Orb\n|move|p2a: Farigiraf|Thunderbolt|p1b: Pelipper\n|-supereffective|p1b: Pelipper|2\n|-enditem|p1b: Pelipper|Focus Sash\n|-damage|p1b: Pelipper|1/100\n|-status|p1b: Pelipper|par\n|move|p1b: Pelipper|Hurricane|p2b: Clawitzer\n|-damage|p2b: Clawitzer|51/100\n|\n|-weather|RainDance|[upkeep]\n|upkeep\n|\n|t:|1788318057\n|switch|p1a: Swampert|Swampert, L50, F|100/100\n|turn|3\n|\n|t:|1788318079\n|detailschange|p1a: Swampert|Swampert-Mega, L50, F\n|-mega|p1a: Swampert|Swampert|Swampertite\n|move|p1b: Pelipper|Protect|p1b: Pelipper\n|-singleturn|p1b: Pelipper|Protect\n|move|p2b: Clawitzer|Water Pulse|p1a: Swampert\n|-damage|p1a: Swampert|13/100\n|-damage|p2b: Clawitzer|41/100|[from] item: Life Orb\n|move|p2a: Farigiraf|Thunderbolt|p1b: Pelipper\n|-activate|p1b: Pelipper|move: Protect\n|move|p1a: Swampert|Earthquake|p2b: Clawitzer|[spread] p2a,p2b\n|-activate|p1b: Pelipper|move: Protect\n|-damage|p2a: Farigiraf|33/100\n|-damage|p2b: Clawitzer|0 fnt\n|-enditem|p2a: Farigiraf|Sitrus Berry|[eat]\n|-heal|p2a: Farigiraf|58/100|[from] item: Sitrus Berry\n|faint|p2b: Clawitzer\n|\n|-weather|RainDance|[upkeep]\n|upkeep\n|inactive|MRVITR has 30 seconds left.\n|inactive|MRVITR has 20 seconds left.\n|inactive|MRVITR has 15 seconds left.\n|inactive|MRVITR has 10 seconds left.\n|inactive|MRVITR has 5 seconds left.\n|\n|t:|1788318134\n|switch|p2b: Abomasnow|Abomasnow, L50, F|100/100\n|-weather|Snowscape|[from] ability: Snow Warning|[of] p2b: Abomasnow\n|turn|4\n|\n|t:|1788318154\n|switch|p1a: Sinistcha|Sinistcha, L50|100/100\n|-heal|p1b: Pelipper|25/100 par|[from] ability: Hospitality|[of] p1a: Sinistcha\n|move|p1b: Pelipper|Weather Ball|p2a: Farigiraf\n|-damage|p2a: Farigiraf|40/100\n|move|p2b: Abomasnow|Giga Drain|p1a: Sinistcha\n|-resisted|p1a: Sinistcha|1\n|-damage|p1a: Sinistcha|80/100\n|move|p2a: Farigiraf|Thunderbolt|p1b: Pelipper\n|-supereffective|p1b: Pelipper|2\n|-damage|p1b: Pelipper|0 fnt\n|faint|p1b: Pelipper\n|\n|-weather|Snowscape|[upkeep]\n|upkeep\n|\n|t:|1788318156\n|switch|p1b: Swampert|Swampert-Mega, L50, F|13/100\n|turn|5\n|\n|t:|1788318164\n|detailschange|p2b: Abomasnow|Abomasnow-Mega, L50, F\n|-mega|p2b: Abomasnow|Abomasnow|Abomasite\n|move|p2a: Farigiraf|Helping Hand|p2b: Abomasnow\n|-singleturn|p2b: Abomasnow|Helping Hand|[of] p2a: Farigiraf\n|move|p1a: Sinistcha|Rage Powder|p1a: Sinistcha\n|-singleturn|p1a: Sinistcha|move: Rage Powder\n|move|p2b: Abomasnow|Blizzard|p1a: Sinistcha|[spread] p1a,p1b\n|-supereffective|p1a: Sinistcha|1\n|-damage|p1a: Sinistcha|0 fnt\n|-damage|p1b: Swampert|0 fnt\n|faint|p1a: Sinistcha\n|faint|p1b: Swampert\n|\n|win|MRVITR\n|raw|cheddarcheese16's rating: 1097 &rarr; <strong>1066</strong><br />(-31 for losing)\n|raw|MRVITR's rating: 1000 &rarr; <strong>1051</strong><br />(+51 for winning)\n|l|☆cheddarcheese16\n|player|p1|\n","uploadtime":1788318437,"views":"0","formatid":"gen9championsvgc2026regmb","rating":1051,"private":0,"password":null}