{"id":"gen9championsvgc2026regmbbo3-2675034737","format":"[Gen 9 Champions] VGC 2026 Reg M-B (Bo3)","players":["ZURUYO","Qalumngg"],"log":"|j|☆ZURUYO\n|j|☆Qalumngg\n|html|<table width=\"100%\"><tr><td align=\"left\">ZURUYO</td><td align=\"right\">Qalumngg</tr><tr><td align=\"left\"><i class=\"fa fa-circle-o\"></i> <i class=\"fa fa-circle-o\"></i> </td><td align=\"right\"><i class=\"fa fa-circle-o\"></i> <i class=\"fa fa-circle-o\"></i> </tr></table>\n|uhtml|bestof|<h2><strong>Game 1</strong> of <a href=\"/game-bestof3-gen9championsvgc2026regmbbo3-2675034736\">a best-of-3</a></h2>\n|t:|1788451220\n|gametype|doubles\n|player|p1|ZURUYO|roxie|1133\n|player|p2|Qalumngg|richboy|1122\n|gen|9\n|tier|[Gen 9 Champions] VGC 2026 Reg M-B (Bo3)\n|rated|\n|rule|Species Clause: Limit one of each Pokémon\n|rule|Item Clause: Limit 1 of each item\n|clearpoke\n|poke|p1|Charizard, L50, F|\n|poke|p1|Whimsicott, L50, M|\n|poke|p1|Garchomp, L50, F|\n|poke|p1|Floette-Eternal, L50, F|\n|poke|p1|Basculegion, L50, M|\n|poke|p1|Kingambit, L50, F|\n|poke|p2|Swampert, L50, M|\n|poke|p2|Pelipper, L50, F|\n|poke|p2|Archaludon, L50, F|\n|poke|p2|Meganium, L50, M|\n|poke|p2|Overqwil, L50, M|\n|poke|p2|Clefable, L50, M|\n|teampreview|4\n|showteam|p1|Charizard||CharizarditeY|Blaze|HeatWave,WeatherBall,AncientPower,Protect|Timid||F|||50|]Whimsicott||FocusSash|Prankster|Moonblast,Tailwind,Encore,Protect|Timid||M|||50|]Garchomp||SitrusBerry|RoughSkin|DragonClaw,Earthquake,RockSlide,Protect|Jolly||F|||50|]Floette-Eternal||Floettite|FlowerVeil|Moonblast,DazzlingGleam,LightofRuin,Protect|Modest||F|||50|]Basculegion||LifeOrb|Adaptability|WaveCrash,LastRespects,AquaJet,Protect|Adamant||M|||50|]Kingambit||OccaBerry|Defiant|KowtowCleave,SuckerPunch,IronHead,LowKick|Adamant||F|||50|\n|showteam|p2|Swampert||Swampertite|Torrent|WaveCrash,Earthquake,HighHorsepower,Protect|Jolly||M|||50|]Pelipper||DampRock|Drizzle|Tailwind,WideGuard,RainDance,Hurricane|Bold||F|||50|]Archaludon||Leftovers|Stamina|ElectroShot,Protect,FlashCannon,DragonPulse|Modest||F|||50|]Meganium||Meganiumite|Overgrow|SolarBeam,Synthesis,Protect,WeatherBall|Timid||M|||50|]Overqwil||PoisonBarb|SwiftSwim|Waterfall,BarbBarrage,ThroatChop,Protect|Adamant||M|||50|]Clefable||SitrusBerry|Unaware|FollowMe,Moonblast,Protect,HelpingHand|Bold||M|||50|\n|\n|t:|1788451254\n|teamsize|p1|4\n|teamsize|p2|4\n|start\n|switch|p1a: Charizard|Charizard, L50, F|100/100\n|switch|p1b: Whimsicott|Whimsicott, L50, M|100/100\n|switch|p2a: Pelipper|Pelipper, L50, F|100/100\n|switch|p2b: Swampert|Swampert, L50, M|100/100\n|-weather|RainDance|[from] ability: Drizzle|[of] p2a: Pelipper\n|turn|1\n|\n|t:|1788451277\n|detailschange|p1a: Charizard|Charizard-Mega-Y, L50, F\n|-mega|p1a: Charizard|Charizard|Charizardite Y\n|-weather|SunnyDay|[from] ability: Drought|[of] p1a: Charizard\n|detailschange|p2b: Swampert|Swampert-Mega, L50, M\n|-mega|p2b: Swampert|Swampert|Swampertite\n|move|p2b: Swampert|Protect|p2b: Swampert\n|-singleturn|p2b: Swampert|Protect\n|move|p1b: Whimsicott|Tailwind|p1b: Whimsicott\n|-sidestart|p1: ZURUYO|move: Tailwind\n|move|p1a: Charizard|Heat Wave|p2b: Swampert|[spread] p2a\n|-activate|p2b: Swampert|move: Protect\n|-resisted|p2a: Pelipper|1\n|-crit|p2a: Pelipper\n|-damage|p2a: Pelipper|48/100\n|move|p2a: Pelipper|Rain Dance|p2a: Pelipper\n|-weather|RainDance\n|\n|-weather|RainDance|[upkeep]\n|upkeep\n|turn|2\n|\n|t:|1788451295\n|switch|p2a: Clefable|Clefable, L50, M|100/100\n|move|p1b: Whimsicott|Encore|p2b: Swampert\n|-start|p2b: Swampert|Encore\n|move|p2b: Swampert|Protect|p2b: Swampert\n|-singleturn|p2b: Swampert|Protect\n|move|p1a: Charizard|Ancient Power|p2a: Clefable\n|-damage|p2a: Clefable|80/100\n|\n|-weather|RainDance|[upkeep]\n|upkeep\n|turn|3\n|\n|t:|1788451313\n|switch|p2b: Archaludon|Archaludon, L50, F|100/100\n|move|p1b: Whimsicott|Moonblast|p2b: Archaludon\n|-damage|p2b: Archaludon|63/100\n|-ability|p2b: Archaludon|Stamina|boost\n|-boost|p2b: Archaludon|def|1\n|move|p1a: Charizard|Weather Ball|p2b: Archaludon\n|-resisted|p2b: Archaludon|1\n|-damage|p2b: Archaludon|38/100\n|-ability|p2b: Archaludon|Stamina|boost\n|-boost|p2b: Archaludon|def|1\n|move|p2a: Clefable|Moonblast|p1b: Whimsicott\n|-damage|p1b: Whimsicott|46/100\n|\n|-weather|RainDance|[upkeep]\n|-heal|p2b: Archaludon|44/100|[from] item: Leftovers\n|upkeep\n|turn|4\n|\n|t:|1788451339\n|switch|p1a: Kingambit|Kingambit, L50, F|100/100\n|move|p1b: Whimsicott|Protect|p1b: Whimsicott\n|-singleturn|p1b: Whimsicott|Protect\n|move|p2b: Archaludon|Electro Shot||[still]\n|-prepare|p2b: Archaludon|Electro Shot\n|-boost|p2b: Archaludon|spa|1\n|-anim|p2b: Archaludon|Electro Shot|p1a: Kingambit\n|-damage|p1a: Kingambit|27/100\n|move|p2a: Clefable|Moonblast|p1a: Kingambit\n|-damage|p1a: Kingambit|0 fnt\n|faint|p1a: Kingambit\n|\n|-weather|RainDance|[upkeep]\n|-heal|p2b: Archaludon|50/100g|[from] item: Leftovers\n|-sideend|p1: ZURUYO|move: Tailwind\n|upkeep\n|\n|t:|1788451352\n|switch|p1a: Garchomp|Garchomp, L50, F|100/100\n|turn|5\n|\n|t:|1788451370\n|move|p1a: Garchomp|Protect|p1a: Garchomp\n|-singleturn|p1a: Garchomp|Protect\n|move|p1b: Whimsicott|Tailwind|p1b: Whimsicott\n|-sidestart|p1: ZURUYO|move: Tailwind\n|move|p2b: Archaludon|Dragon Pulse|p1a: Garchomp\n|-activate|p1a: Garchomp|move: Protect\n|move|p2a: Clefable|Moonblast|p1a: Garchomp\n|-activate|p1a: Garchomp|move: Protect\n|\n|-weather|RainDance|[upkeep]\n|-heal|p2b: Archaludon|56/100|[from] item: Leftovers\n|upkeep\n|turn|6\n|\n|t:|1788451383\n|switch|p1a: Charizard|Charizard-Mega-Y, L50, F|100/100\n|-weather|SunnyDay|[from] ability: Drought|[of] p1a: Charizard\n|move|p1b: Whimsicott|Encore|p2b: Archaludon\n|-start|p2b: Archaludon|Encore\n|move|p2b: Archaludon|Dragon Pulse|p1a: Charizard\n|-damage|p1a: Charizard|45/100\n|move|p2a: Clefable|Moonblast|p1a: Charizard\n|-resisted|p1a: Charizard|1\n|-damage|p1a: Charizard|30/100\n|\n|-weather|SunnyDay|[upkeep]\n|-heal|p2b: Archaludon|62/100|[from] item: Leftovers\n|upkeep\n|turn|7\n|\n|t:|1788451408\n|switch|p2a: Pelipper|Pelipper, L50, F|48/100\n|-weather|RainDance|[from] ability: Drizzle|[of] p2a: Pelipper\n|move|p1b: Whimsicott|Moonblast|p2a: Pelipper\n|-damage|p2a: Pelipper|10/100\n|move|p1a: Charizard|Ancient Power|p2a: Pelipper\n|-supereffective|p2a: Pelipper|1\n|-damage|p2a: Pelipper|0 fnt\n|faint|p2a: Pelipper\n|move|p2b: Archaludon|Dragon Pulse|p1a: Charizard\n|-damage|p1a: Charizard|0 fnt\n|faint|p1a: Charizard\n|\n|-weather|RainDance|[upkeep]\n|-heal|p2b: Archaludon|68/100|[from] item: Leftovers\n|upkeep\n|\n|t:|1788451419\n|switch|p1a: Garchomp|Garchomp, L50, F|100/100\n|switch|p2a: Swampert|Swampert-Mega, L50, M|100/100\n|turn|8\n|\n|t:|1788451427\n|move|p1b: Whimsicott|Protect|p1b: Whimsicott\n|-singleturn|p1b: Whimsicott|Protect\n|move|p1a: Garchomp|Earthquake|p2a: Swampert|[spread] p2a,p2b\n|-activate|p1b: Whimsicott|move: Protect\n|-supereffective|p2b: Archaludon|1\n|-damage|p2a: Swampert|67/100\n|-damage|p2b: Archaludon|43/100\n|-ability|p2b: Archaludon|Stamina|boost\n|-boost|p2b: Archaludon|def|1\n|move|p2a: Swampert|Wave Crash|p1b: Whimsicott\n|-activate|p1b: Whimsicott|move: Protect\n|move|p2b: Archaludon|Dragon Pulse|p1a: Garchomp\n|-supereffective|p1a: Garchomp|1\n|-damage|p1a: Garchomp|0 fnt\n|faint|p1a: Garchomp\n|\n|-weather|RainDance|[upkeep]\n|-heal|p2b: Archaludon|49/100|[from] item: Leftovers\n|-end|p2b: Archaludon|Encore\n|-sideend|p1: ZURUYO|move: Tailwind\n|upkeep\n|turn|9\n|\n|t:|1788451442\n|move|p2a: Swampert|Wave Crash|p1b: Whimsicott\n|-resisted|p1b: Whimsicott|1\n|-damage|p1b: Whimsicott|0 fnt\n|faint|p1b: Whimsicott\n|-damage|p2a: Swampert|55/100|[from] Recoil\n|\n|win|Qalumngg\n|inactive|ZURUYO has 30 seconds to confirm battle start!\n|inactive|Qalumngg has 30 seconds to confirm battle start!\n||ZURUYO is ready for game 2.\n||Qalumngg is ready for game 2.\n|uhtml|next|Next: <a href=\"/battle-gen9championsvgc2026regmbbo3-2675036750\"><strong>Game 2 of 3</strong></a>\n","uploadtime":1788451449,"views":"0","formatid":"gen9championsvgc2026regmbbo3","rating":null,"private":0,"password":null}