{"id":"gen9championsvgc2026regmb-2674236571","format":"[Gen 9 Champions] VGC 2026 Reg M-B","players":["sum1dum","onitake90"],"log":"|j|☆sum1dum\n|j|☆onitake90\n|t:|1788320571\n|gametype|doubles\n|player|p1|sum1dum|rosa|1433\n|player|p2|onitake90|101|1359\n|gen|9\n|tier|[Gen 9 Champions] VGC 2026 Reg M-B\n|rated|\n|rule|Species Clause: Limit one of each Pokémon\n|rule|Item Clause: Limit 1 of each item\n|clearpoke\n|poke|p1|Primarina, L50, M|\n|poke|p1|Scovillain, L50, F|\n|poke|p1|Slowking-Galar, L50, M|\n|poke|p1|Incineroar, L50, M|\n|poke|p1|Chesnaught, L50, M|\n|poke|p1|Kingambit, L50, M|\n|poke|p2|Kingambit, L50, M|\n|poke|p2|Whimsicott, L50, F|\n|poke|p2|Garchomp, L50, M|\n|poke|p2|Ceruledge, L50, M|\n|poke|p2|Gholdengo, L50|\n|poke|p2|Staraptor, L50, F|\n|teampreview|4\n|inactive|Battle timer is ON: inactive players will automatically lose when time's up. (requested by sum1dum)\nonitake90 has agreed to open team sheets.\n|inactive|sum1dum has 60 seconds left.\n|inactive|onitake90 has 60 seconds left.\n|inactive|onitake90 has 30 seconds left.\n|inactive|onitake90 has 20 seconds left.\n|inactive|onitake90 has 15 seconds left.\n|inactive|onitake90 has 10 seconds left.\n|\n|t:|1788320653\n|teamsize|p1|4\n|teamsize|p2|4\n|start\n|switch|p1a: Scovillain|Scovillain, L50, F|100/100\n|switch|p1b: Slowking|Slowking-Galar, L50, M|100/100\n|switch|p2a: Kingambit|Kingambit, L50, M|100/100\n|switch|p2b: Ceruledge|Ceruledge, L50, M|100/100\n|turn|1\n|inactive|sum1dum has 30 seconds left.\n|inactive|onitake90 has 30 seconds left.\n|inactive|sum1dum has 20 seconds left.\n|\n|t:|1788320692\n|switch|p1b: Primarina|Primarina, L50, M|100/100\n|detailschange|p1a: Scovillain|Scovillain-Mega, L50, F\n|-mega|p1a: Scovillain|Scovillain|Scovillainite\n|move|p1a: Scovillain|Protect|p1a: Scovillain\n|-singleturn|p1a: Scovillain|Protect\n|move|p2b: Ceruledge|Bulk Up|p2b: Ceruledge\n|-boost|p2b: Ceruledge|atk|1\n|-boost|p2b: Ceruledge|def|1\n|move|p2a: Kingambit|Kowtow Cleave|p1b: Primarina\n|-resisted|p1b: Primarina|1\n|-crit|p1b: Primarina\n|-damage|p1b: Primarina|61/100\n|\n|-heal|p1b: Primarina|67/100|[from] item: Leftovers\n|upkeep\n|turn|2\n|inactive|onitake90 has 30 seconds left.\n|inactive|onitake90 has 20 seconds left.\n|inactive|onitake90 has 15 seconds left.\n|inactive|onitake90 has 10 seconds left.\n|\n|t:|1788320742\n|move|p1a: Scovillain|Rage Powder|p1a: Scovillain\n|-singleturn|p1a: Scovillain|move: Rage Powder\n|move|p2b: Ceruledge|Shadow Sneak|p1a: Scovillain\n|-damage|p1a: Scovillain|68/100\n|move|p2a: Kingambit|Iron Head|p1a: Scovillain\n|-resisted|p1a: Scovillain|1\n|-damage|p1a: Scovillain|47/100\n|-status|p2a: Kingambit|brn|[from] ability: Spicy Spray|[of] p1a: Scovillain\n|move|p1b: Primarina|Hyper Voice|p2b: Ceruledge|[spread] p2a,p2b\n|-supereffective|p2b: Ceruledge|1\n|-damage|p2a: Kingambit|65/100 brn\n|-damage|p2b: Ceruledge|29/100\n|\n|-heal|p1b: Primarina|73/100|[from] item: Leftovers\n|-damage|p2a: Kingambit|59/100 brn|[from] brn\n|upkeep\n|turn|3\n|\n|t:|1788320766\n|move|p2b: Ceruledge|Bitter Blade|p1a: Scovillain\n|-crit|p1a: Scovillain\n|-damage|p1a: Scovillain|0 fnt\n|-heal|p2b: Ceruledge|52/100|[from] drain|[of] p1a: Scovillain\n|faint|p1a: Scovillain\n|move|p2a: Kingambit|Kowtow Cleave|p1b: Primarina\n|-resisted|p1b: Primarina|1\n|-damage|p1b: Primarina|61/100\n|move|p1b: Primarina|Hyper Voice|p2a: Kingambit|[spread] p2a,p2b\n|-supereffective|p2b: Ceruledge|1\n|-damage|p2a: Kingambit|23/100 brn\n|-damage|p2b: Ceruledge|0 fnt\n|faint|p2b: Ceruledge\n|\n|-heal|p1b: Primarina|67/100|[from] item: Leftovers\n|-damage|p2a: Kingambit|17/100 brn|[from] brn\n|upkeep\n|\n|t:|1788320784\n|switch|p2b: Staraptor|Staraptor, L50, F|100/100\n|switch|p1a: Slowking|Slowking-Galar, L50, M|100/100\n|-ability|p2b: Staraptor|Intimidate|boost\n|-unboost|p1a: Slowking|atk|1\n|-unboost|p1b: Primarina|atk|1\n|turn|4\n|\n|t:|1788320793\n|detailschange|p2b: Staraptor|Staraptor-Mega, L50, F\n|-mega|p2b: Staraptor|Staraptor|Staraptite\n|move|p2b: Staraptor|Brave Bird|p1b: Primarina\n|-damage|p1b: Primarina|11/100\n|-damage|p2b: Staraptor|82/100|[from] Recoil\n|move|p2a: Kingambit|Iron Head|p1b: Primarina\n|-crit|p1b: Primarina\n|-damage|p1b: Primarina|0 fnt\n|faint|p1b: Primarina\n|move|p1a: Slowking|Trick Room|p1a: Slowking\n|-fieldstart|move: Trick Room|[of] p1a: Slowking\n|\n|-damage|p2a: Kingambit|11/100 brn|[from] brn\n|upkeep\n|\n|t:|1788320798\n|switch|p1b: Incineroar|Incineroar, L50, M|100/100\n|-ability|p1b: Incineroar|Intimidate|boost\n|-unboost|p2a: Kingambit|atk|1\n|-ability|p2a: Kingambit|Defiant|boost\n|-boost|p2a: Kingambit|atk|2\n|-boost|p2b: Staraptor|atk|1\n|turn|5\n|\n|t:|1788320816\n|move|p1b: Incineroar|Fake Out|p2a: Kingambit\n|-resisted|p2a: Kingambit|1\n|-damage|p2a: Kingambit|7/100 brn\n|move|p1a: Slowking|Psychic Noise|p2b: Staraptor\n|-supereffective|p2b: Staraptor|1\n|-damage|p2b: Staraptor|26/100\n|-start|p2b: Staraptor|move: Heal Block\n|cant|p2a: Kingambit|flinch\n|move|p2b: Staraptor|Close Combat|p1b: Incineroar\n|-supereffective|p1b: Incineroar|1\n|-damage|p1b: Incineroar|0 fnt\n|-boost|p2b: Staraptor|def|1\n|-boost|p2b: Staraptor|spd|1\n|faint|p1b: Incineroar\n|\n|-damage|p2a: Kingambit|1/100 brn|[from] brn\n|upkeep\n|turn|6\n|\n|t:|1788320839\n|move|p2b: Staraptor|Protect|p2b: Staraptor\n|-singleturn|p2b: Staraptor|Protect\n|move|p1a: Slowking|Psychic Noise|p2b: Staraptor\n|-activate|p2b: Staraptor|move: Protect\n|move|p2a: Kingambit|Kowtow Cleave|p1a: Slowking\n|-supereffective|p1a: Slowking|1\n|-damage|p1a: Slowking|31/100\n|-enditem|p1a: Slowking|Sitrus Berry|[eat]\n|-heal|p1a: Slowking|55/100|[from] item: Sitrus Berry\n|\n|-damage|p2a: Kingambit|0 fnt|[from] brn\n|faint|p2a: Kingambit\n|-end|p2b: Staraptor|move: Heal Block\n|upkeep\n|\n|t:|1788320853\n|switch|p2a: Whimsicott|Whimsicott, L50, F|100/100\n|turn|7\n|\n|t:|1788320868\n|move|p1a: Slowking|Psychic Noise|p2b: Staraptor\n|-supereffective|p2b: Staraptor|1\n|-damage|p2b: Staraptor|0 fnt\n|faint|p2b: Staraptor\n|move|p2a: Whimsicott|Moonblast|p1a: Slowking\n|-resisted|p1a: Slowking|1\n|-damage|p1a: Slowking|45/100\n|\n|upkeep\n|turn|8\n|\n|t:|1788320877\n|move|p2a: Whimsicott|Protect|p2a: Whimsicott\n|-singleturn|p2a: Whimsicott|Protect\n|move|p1a: Slowking|Acid Spray|p2a: Whimsicott\n|-activate|p2a: Whimsicott|move: Protect\n|\n|-fieldend|move: Trick Room\n|upkeep\n|turn|9\n|\n|t:|1788320884\n|move|p2a: Whimsicott|Moonblast|p1a: Slowking\n|-resisted|p1a: Slowking|1\n|-damage|p1a: Slowking|33/100\n|move|p1a: Slowking|Acid Spray|p2a: Whimsicott\n|-supereffective|p2a: Whimsicott|2\n|-enditem|p2a: Whimsicott|Focus Sash\n|-damage|p2a: Whimsicott|1/100\n|-unboost|p2a: Whimsicott|spd|2\n|\n|upkeep\n|turn|10\n|\n|t:|1788320893\n|move|p2a: Whimsicott|Moonblast|p1a: Slowking\n|-resisted|p1a: Slowking|1\n|-damage|p1a: Slowking|21/100\n|move|p1a: Slowking|Acid Spray|p2a: Whimsicott\n|-supereffective|p2a: Whimsicott|2\n|-damage|p2a: Whimsicott|0 fnt\n|faint|p2a: Whimsicott\n|\n|win|sum1dum\n|raw|sum1dum's rating: 1433 &rarr; <strong>1449</strong><br />(+16 for winning)\n|raw|onitake90's rating: 1359 &rarr; <strong>1343</strong><br />(-16 for losing)\n","uploadtime":1788320894,"views":"0","formatid":"gen9championsvgc2026regmb","rating":1343,"private":0,"password":null}