{"id":"gen9championsvgc2026regmb-2673900719","format":"[Gen 9 Champions] VGC 2026 Reg M-B","players":["fomonono","brtsz"],"log":"|j|☆fomonono\n|j|☆brtsz\n|html|<table width=\"100%\"><tr><td align=\"left\">fomonono</td><td align=\"right\">brtsz</tr><tr><td align=\"left\"><i class=\"fa fa-circle\"></i> <i class=\"fa fa-circle-o\"></i> </td><td align=\"right\"><i class=\"fa fa-circle-o\"></i> <i class=\"fa fa-circle-o\"></i> </tr></table>\n|uhtml|bestof|<h2><strong>Game 2</strong> of <a href=\"/game-bestof3-gen9championsvgc2026regmb-2673897608\">a best-of-3</a></h2>\n|t:|1788274877\n|gametype|doubles\n|player|p1|fomonono|101|\n|player|p2|brtsz|leon-masters|\n|gen|9\n|tier|[Gen 9 Champions] VGC 2026 Reg M-B\n|rule|Species Clause: Limit one of each Pokémon\n|rule|Item Clause: Limit 1 of each item\n|raw|<div class=\"infobox\"><details class=\"readmore\" open><summary><strong>1 custom rule:</strong></summary> Best of = 3</details></div>\n|clearpoke\n|poke|p1|Annihilape, L50, F|\n|poke|p1|Aerodactyl, L50, M|\n|poke|p1|Zoroark-Hisui, L50, M|\n|poke|p1|Weavile, L50, M|\n|poke|p1|Serperior, L50, F|\n|poke|p1|Typhlosion, L50, M|\n|poke|p2|Basculegion, L50, M|\n|poke|p2|Kangaskhan, L50, F|\n|poke|p2|Venusaur, L50, F|\n|poke|p2|Klefki, L50, M|\n|poke|p2|Rotom-Heat, L50|\n|poke|p2|Noivern, L50, F|\n|teampreview|4\n|j| quasmosis\nbrtsz rejected open team sheets.\n|\n|t:|1788274921\n|teamsize|p1|4\n|teamsize|p2|4\n|start\n|switch|p1a: Aerodactyl|Aerodactyl, L50, M|100/100\n|switch|p1b: Weavile|Weavile, L50, M|100/100\n|switch|p2a: Kangaskhan|Kangaskhan, L50, F|100/100\n|switch|p2b: Klefki|Klefki, L50, M|100/100\n|-ability|p1b: Weavile|Pressure\n|turn|1\n|\n|t:|1788274952\n|switch|p1b: Annihilape|Annihilape, L50, F|100/100\n|detailschange|p1a: Aerodactyl|Aerodactyl-Mega, L50, M\n|-mega|p1a: Aerodactyl|Aerodactyl|Aerodactylite\n|move|p2a: Kangaskhan|Fake Out|p1a: Aerodactyl\n|-resisted|p1a: Aerodactyl|1\n|-damage|p1a: Aerodactyl|91/100\n|cant|p1a: Aerodactyl|flinch\n|move|p2b: Klefki|Trick Room|p2b: Klefki\n|-fieldstart|move: Trick Room|[of] p2b: Klefki\n|\n|upkeep\n|turn|2\n|\n|t:|1788274984\n|switch|p2a: Rotom|Rotom-Heat, L50|100/100\n|switch|p1a: Serperior|Serperior, L50, F|100/100\n|move|p2b: Klefki|Dazzling Gleam|p1a: Serperior|[spread] p1a,p1b\n|-supereffective|p1b: Annihilape|1\n|-damage|p1a: Serperior|74/100\n|-damage|p1b: Annihilape|47/100\n|move|p1b: Annihilape|Close Combat|p2a: Rotom\n|-damage|p2a: Rotom|28/100\n|-unboost|p1b: Annihilape|def|1\n|-unboost|p1b: Annihilape|spd|1\n|-enditem|p2a: Rotom|Sitrus Berry|[eat]\n|-heal|p2a: Rotom|52/100|[from] item: Sitrus Berry\n|-damage|p1b: Annihilape|37/100|[from] item: Life Orb\n|\n|-heal|p1a: Serperior|80/100|[from] item: Leftovers\n|upkeep\n|turn|3\n|\n|t:|1788275010\n|move|p1b: Annihilape|Protect|p1b: Annihilape\n|-singleturn|p1b: Annihilape|Protect\n|move|p1a: Serperior|Protect|p1a: Serperior\n|-singleturn|p1a: Serperior|Protect\n|move|p2b: Klefki|Dazzling Gleam|p1a: Serperior|[spread] \n|-activate|p1a: Serperior|move: Protect\n|-activate|p1b: Annihilape|move: Protect\n|move|p2a: Rotom|Overheat|p1a: Serperior\n|-activate|p1a: Serperior|move: Protect\n|\n|-heal|p1a: Serperior|86/100|[from] item: Leftovers\n|upkeep\n|turn|4\n|\n|t:|1788275046\n|switch|p1a: Aerodactyl|Aerodactyl-Mega, L50, M|91/100\n|move|p2b: Klefki|Dazzling Gleam|p1b: Annihilape|[spread] p1a,p1b\n|-supereffective|p1b: Annihilape|1\n|-damage|p1a: Aerodactyl|65/100\n|-damage|p1b: Annihilape|0 fnt\n|faint|p1b: Annihilape\n|move|p2a: Rotom|Overheat|p1a: Aerodactyl\n|-resisted|p1a: Aerodactyl|1\n|-damage|p1a: Aerodactyl|35/100\n|-unboost|p2a: Rotom|spa|2\n|\n|upkeep\n|\n|t:|1788275056\n|switch|p1b: Serperior|Serperior, L50, F|86/100\n|turn|5\n|\n|t:|1788275070\n|move|p1b: Serperior|Protect|p1b: Serperior\n|-singleturn|p1b: Serperior|Protect\n|move|p2b: Klefki|Reflect|p2b: Klefki\n|-sidestart|p2: brtsz|Reflect\n|move|p2a: Rotom|Will-O-Wisp|p1a: Aerodactyl\n|-status|p1a: Aerodactyl|brn\n|move|p1a: Aerodactyl|Rock Slide|p2b: Klefki|[spread] p2a,p2b\n|-supereffective|p2a: Rotom|1\n|-resisted|p2b: Klefki|1\n|-damage|p2a: Rotom|33/100\n|-damage|p2b: Klefki|95/100\n|\n|-heal|p1b: Serperior|92/100|[from] item: Leftovers\n|-damage|p1a: Aerodactyl|28/100 brn|[from] brn\n|-fieldend|move: Trick Room\n|upkeep\n|turn|6\n|\n|t:|1788275108\n|move|p2a: Rotom|Protect|p2a: Rotom\n|-singleturn|p2a: Rotom|Protect\n|move|p1a: Aerodactyl|Dual Wingbeat|p2b: Klefki\n|-resisted|p2b: Klefki|1\n|-damage|p2b: Klefki|91/100\n|-resisted|p2b: Klefki|1\n|-damage|p2b: Klefki|87/100\n|-hitcount|p2b: Klefki|2\n|move|p1b: Serperior|Leaf Storm|p2b: Klefki\n|-resisted|p2b: Klefki|1\n|-damage|p2b: Klefki|69/100\n|-boost|p1b: Serperior|spa|2\n|move|p2b: Klefki|Trick Room|p2b: Klefki\n|-fieldstart|move: Trick Room|[of] p2b: Klefki\n|\n|-heal|p1b: Serperior|98/100|[from] item: Leftovers\n|-damage|p1a: Aerodactyl|22/100 brn|[from] brn\n|upkeep\n|turn|7\n|\n|t:|1788275132\n|switch|p2a: Kangaskhan|Kangaskhan, L50, F|100/100\n|move|p2b: Klefki|Light Screen|p2b: Klefki\n|-sidestart|p2: brtsz|move: Light Screen\n|move|p1b: Serperior|Glare|p2b: Klefki\n|-status|p2b: Klefki|par\n|move|p1a: Aerodactyl|Tailwind|p1a: Aerodactyl\n|-sidestart|p1: fomonono|move: Tailwind\n|\n|-heal|p1b: Serperior|100/100|[from] item: Leftovers\n|-damage|p1a: Aerodactyl|16/100 brn|[from] brn\n|upkeep\n|turn|8\n|j| SneakyEne\n|\n|t:|1788275177\n|detailschange|p2a: Kangaskhan|Kangaskhan-Mega, L50, F\n|-mega|p2a: Kangaskhan|Kangaskhan|Kangaskhanite\n|move|p1b: Serperior|Protect|p1b: Serperior\n|-singleturn|p1b: Serperior|Protect\n|move|p2a: Kangaskhan|Fake Out|p1a: Aerodactyl\n|-resisted|p1a: Aerodactyl|1\n|-damage|p1a: Aerodactyl|5/100 brn\n|-resisted|p1a: Aerodactyl|1\n|-crit|p1a: Aerodactyl\n|-damage|p1a: Aerodactyl|1/100 brn\n|-hitcount|p1a: Aerodactyl|2\n|move|p2b: Klefki|Dazzling Gleam|p1b: Serperior|[spread] p1a\n|-activate|p1b: Serperior|move: Protect\n|-damage|p1a: Aerodactyl|0 fnt\n|faint|p1a: Aerodactyl\n|\n|upkeep\n|\n|t:|1788275190\n|switch|p1a: Weavile|Weavile, L50, M|100/100\n|-ability|p1a: Weavile|Pressure\n|turn|9\n|\n|t:|1788275224\n|move|p2b: Klefki|Dazzling Gleam|p1b: Serperior|[spread] p1a,p1b\n|-supereffective|p1a: Weavile|1\n|-damage|p1a: Weavile|26/100\n|-damage|p1b: Serperior|76/100\n|move|p2a: Kangaskhan|Low Kick|p1a: Weavile\n|-supereffective|p1a: Weavile|2\n|-damage|p1a: Weavile|0 fnt\n|faint|p1a: Weavile\n|move|p1b: Serperior|Leaf Storm|p2b: Klefki\n|-resisted|p2b: Klefki|1\n|-damage|p2b: Klefki|42/100 par\n|-boost|p1b: Serperior|spa|2\n|\n|-heal|p1b: Serperior|82/100|[from] item: Leftovers\n|-sideend|p2: brtsz|Reflect\n|upkeep\n|turn|10\n|\n|t:|1788275240\n|move|p2b: Klefki|Dazzling Gleam|p1b: Serperior\n|-damage|p1b: Serperior|48/100\n|move|p2a: Kangaskhan|Double-Edge|p1b: Serperior\n|-damage|p1b: Serperior|0 fnt\n|faint|p1b: Serperior\n|-damage|p2a: Kangaskhan|86/100|[from] Recoil\n|\n|win|brtsz\n||fomonono is ready for game 3.\n||brtsz is ready for game 3.\n|uhtml|next|Next: <a href=\"/battle-gen9championsvgc2026regmb-2673903770\"><strong>Game 3 of 3</strong></a>\n|l| SneakyEne\n|l|☆fomonono\n|player|p1|\n|l| quasmosis\n","uploadtime":1788275241,"views":"6","formatid":"gen9championsvgc2026regmb","rating":null,"private":0,"password":null}