{"id":"gen9championsvgc2026regmb-2674751195","format":"[Gen 9 Champions] VGC 2026 Reg M-B","players":["WrstEGirl","69swagman"],"log":"|j|☆WrstEGirl\n|j|☆69swagman\n|t:|1788400485\n|gametype|doubles\n|player|p1|WrstEGirl|dawn|1376\n|player|p2|69swagman|266|1416\n|gen|9\n|tier|[Gen 9 Champions] VGC 2026 Reg M-B\n|rated|\n|rule|Species Clause: Limit one of each Pokémon\n|rule|Item Clause: Limit 1 of each item\n|clearpoke\n|poke|p1|Basculegion, L50, M|\n|poke|p1|Meganium, L50, F|\n|poke|p1|Aerodactyl, L50, M|\n|poke|p1|Gholdengo, L50|\n|poke|p1|Tyranitar, L50, F|\n|poke|p1|Gallade, L50, M|\n|poke|p2|Froslass, L50, F|\n|poke|p2|Chesnaught, L50, F|\n|poke|p2|Sneasler, L50, F|\n|poke|p2|Kingambit, L50, F|\n|poke|p2|Lycanroc-Dusk, L50, F|\n|poke|p2|Basculegion, L50, M|\n|teampreview|4\nWrstEGirl rejected open team sheets.\n|inactive|Battle timer is ON: inactive players will automatically lose when time's up. (requested by WrstEGirl)\n|inactive|WrstEGirl has 60 seconds left.\n|inactive|69swagman has 60 seconds left.\n|\n|t:|1788400528\n|teamsize|p1|4\n|teamsize|p2|4\n|start\n|switch|p1a: Aerodactyl|Aerodactyl, L50, M|100/100\n|switch|p1b: Basculegion|Basculegion, L50, M|100/100\n|switch|p2a: Sneasler|Sneasler, L50, F|100/100\n|switch|p2b: Basculegion|Basculegion, L50, M|100/100\n|-ability|p1a: Aerodactyl|Unnerve\n|turn|1\n|\n|t:|1788400549\n|move|p1a: Aerodactyl|Protect|p1a: Aerodactyl\n|-singleturn|p1a: Aerodactyl|Protect\n|move|p2a: Sneasler|Fake Out|p1a: Aerodactyl\n|-activate|p1a: Aerodactyl|move: Protect\n|move|p2b: Basculegion|Aqua Jet|p1a: Aerodactyl\n|-activate|p1a: Aerodactyl|move: Protect\n|move|p1b: Basculegion|Last Respects|p2b: Basculegion\n|-supereffective|p2b: Basculegion|1\n|-damage|p2b: Basculegion|0 fnt\n|faint|p2b: Basculegion\n|-damage|p1b: Basculegion|90/100|[from] item: Life Orb\n|\n|upkeep\n|\n|t:|1788400566\n|switch|p2b: Lycanroc|Lycanroc-Dusk, L50, F|100/100\n|turn|2\n|\n|t:|1788400573\n|move|p1a: Aerodactyl|Tailwind|p1a: Aerodactyl\n|-sidestart|p1: WrstEGirl|move: Tailwind\n|move|p1b: Basculegion|Flip Turn|p2a: Sneasler\n|-damage|p2a: Sneasler|15/100\n|-damage|p1b: Basculegion|80/100|[from] item: Life Orb\n|\n|t:|1788400580\n|switch|p1b: Meganium|Meganium, L50, F|100/100|[from] Flip Turn\n|move|p2a: Sneasler|Close Combat|p1a: Aerodactyl\n|-enditem|p1a: Aerodactyl|Focus Sash\n|-damage|p1a: Aerodactyl|1/100\n|-unboost|p2a: Sneasler|def|1\n|-unboost|p2a: Sneasler|spd|1\n|-enditem|p2a: Sneasler|White Herb\n|-clearnegativeboost|p2a: Sneasler|[silent]\n|move|p2b: Lycanroc|Rock Slide|p1b: Meganium|[spread] p1a,p1b\n|-supereffective|p1a: Aerodactyl|1\n|-damage|p1a: Aerodactyl|0 fnt\n|-damage|p1b: Meganium|67/100\n|faint|p1a: Aerodactyl\n|\n|upkeep\n|\n|t:|1788400594\n|switch|p1a: Basculegion|Basculegion, L50, M|80/100\n|turn|3\n|\n|t:|1788400605\n|detailschange|p1b: Meganium|Meganium-Mega, L50, F\n|-mega|p1b: Meganium|Meganium|Meganiumite\n|move|p2a: Sneasler|Protect|p2a: Sneasler\n|-singleturn|p2a: Sneasler|Protect\n|move|p1a: Basculegion|Aqua Jet|p2a: Sneasler\n|-activate|p2a: Sneasler|move: Protect\n|move|p1b: Meganium|Solar Beam||[still]\n|-prepare|p1b: Meganium|Solar Beam\n|-activate|p1b: Meganium|ability: Mega Sol\n|-anim|p1b: Meganium|Solar Beam|p2b: Lycanroc\n|-supereffective|p2b: Lycanroc|1\n|-enditem|p2b: Lycanroc|Focus Sash\n|-damage|p2b: Lycanroc|1/100\n|move|p2b: Lycanroc|Rock Slide|p1a: Basculegion|[spread] \n|-miss|p2b: Lycanroc|p1a: Basculegion\n|-miss|p2b: Lycanroc|p1b: Meganium\n|\n|upkeep\n|turn|4\n|\n|t:|1788400628\n|move|p1a: Basculegion|Aqua Jet|p2a: Sneasler\n|-damage|p2a: Sneasler|0 fnt\n|faint|p2a: Sneasler\n|-damage|p1a: Basculegion|71/100|[from] item: Life Orb\n|move|p2b: Lycanroc|Accelerock|p1a: Basculegion\n|-damage|p1a: Basculegion|37/100\n|move|p1b: Meganium|Dazzling Gleam|p2b: Lycanroc\n|-damage|p2b: Lycanroc|0 fnt\n|faint|p2b: Lycanroc\n|\n|upkeep\n|\n|t:|1788400652\n|switch|p2b: Froslass|Froslass, L50, F|100/100\n|turn|5\n|\n|t:|1788400658\n|move|p2b: Froslass|Protect|p2b: Froslass\n|-singleturn|p2b: Froslass|Protect\n|move|p1a: Basculegion|Last Respects|p2b: Froslass\n|-activate|p2b: Froslass|move: Protect\n|move|p1b: Meganium|Weather Ball|p2b: Froslass\n|-activate|p2b: Froslass|move: Protect\n|\n|-sideend|p1: WrstEGirl|move: Tailwind\n|upkeep\n|turn|6\n|\n|t:|1788400670\n|detailschange|p2b: Froslass|Froslass-Mega, L50, F\n|-mega|p2b: Froslass|Froslass|Froslassite\n|-weather|Snowscape|[from] ability: Snow Warning|[of] p2b: Froslass\n|move|p2b: Froslass|Blizzard|p1b: Meganium|[spread] p1a,p1b\n|-resisted|p1a: Basculegion|1\n|-supereffective|p1b: Meganium|1\n|-damage|p1a: Basculegion|7/100\n|-damage|p1b: Meganium|0 fnt\n|faint|p1b: Meganium\n|move|p1a: Basculegion|Last Respects|p2b: Froslass\n|-supereffective|p2b: Froslass|1\n|-damage|p2b: Froslass|0 fnt\n|faint|p2b: Froslass\n|-damage|p1a: Basculegion|0 fnt|[from] item: Life Orb\n|faint|p1a: Basculegion\n|\n|win|WrstEGirl\n|raw|WrstEGirl's rating: 1376 &rarr; <strong>1398</strong><br />(+22 for winning)\n|raw|69swagman's rating: 1416 &rarr; <strong>1394</strong><br />(-22 for losing)\n|l|☆69swagman\n|player|p2|\n","uploadtime":1788400685,"views":"4","formatid":"gen9championsvgc2026regmb","rating":1394,"private":0,"password":null}