{"id":"gen9championsvgc2026regmb-2674095305","format":"[Gen 9 Champions] VGC 2026 Reg M-B","players":["oberficker123","cinarguncavdi2231"],"log":"|j|☆oberficker123\n|j|‽cinarguncavdi2231\n|t:|1788298471\n|gametype|doubles\n|player|p1|oberficker123|gambler|1387\n|player|p2|cinarguncavdi2231|101|1470\n|gen|9\n|tier|[Gen 9 Champions] VGC 2026 Reg M-B\n|rated|\n|rule|Species Clause: Limit one of each Pokémon\n|rule|Item Clause: Limit 1 of each item\n|clearpoke\n|poke|p1|Floette-Eternal, L50, F|\n|poke|p1|Incineroar, L50, F|\n|poke|p1|Sinistcha-Masterpiece, L50|\n|poke|p1|Sneasler, L50, M|\n|poke|p1|Aerodactyl, L50, M|\n|poke|p1|Kingambit, L50, F|\n|poke|p2|Raichu, L50, M|\n|poke|p2|Scolipede, L50, M|\n|poke|p2|Ceruledge, L50, M|\n|poke|p2|Weavile, L50, F|\n|poke|p2|Milotic, L50, F|\n|poke|p2|Sinistcha, L50|\n|teampreview|4\n|inactive|Battle timer is ON: inactive players will automatically lose when time's up. (requested by cinarguncavdi2231)\n|inactive|oberficker123 has 60 seconds left.\n|inactive|cinarguncavdi2231 has 60 seconds left.\n|inactive|oberficker123 has 30 seconds left.\n|\n|t:|1788298542\n|teamsize|p1|4\n|teamsize|p2|4\n|start\n|switch|p1a: Aerodactyl|Aerodactyl, L50, M|100/100\n|switch|p1b: Kingambit|Kingambit, L50, F|100/100\n|switch|p2a: Raichu|Raichu, L50, M|100/100\n|switch|p2b: Ceruledge|Ceruledge, L50, M|100/100\n|-ability|p1a: Aerodactyl|Unnerve\n|turn|1\n|inactive|oberficker123 has 30 seconds left.\n|inactive|cinarguncavdi2231 has 30 seconds left.\n|\n|t:|1788298571\n|switch|p1b: Sneasler|Sneasler, L50, M|100/100\n|detailschange|p2a: Raichu|Raichu-Mega-Y, L50, M\n|-mega|p2a: Raichu|Raichu|Raichunite Y\n|move|p1a: Aerodactyl|Protect|p1a: Aerodactyl\n|-singleturn|p1a: Aerodactyl|Protect\n|move|p2a: Raichu|Zap Cannon|p1a: Aerodactyl\n|-activate|p1a: Aerodactyl|move: Protect\n|move|p2b: Ceruledge|Bitter Blade|p1b: Sneasler\n|-damage|p1b: Sneasler|41/100\n|\n|upkeep\n|turn|2\n|\n|t:|1788298590\n|move|p2a: Raichu|Protect|p2a: Raichu\n|-singleturn|p2a: Raichu|Protect\n|move|p1b: Sneasler|Fake Out|p2a: Raichu\n|-activate|p2a: Raichu|move: Protect\n|move|p1a: Aerodactyl|Tailwind|p1a: Aerodactyl\n|-sidestart|p1: oberficker123|move: Tailwind\n|move|p2b: Ceruledge|Bulk Up|p2b: Ceruledge\n|-boost|p2b: Ceruledge|atk|1\n|-boost|p2b: Ceruledge|def|1\n|\n|upkeep\n|turn|3\n|\n|t:|1788298607\n|switch|p2a: Milotic|Milotic, L50, F|100/100\n|move|p1a: Aerodactyl|Rock Slide|p2b: Ceruledge|[spread] p2a\n|-miss|p1a: Aerodactyl|p2b: Ceruledge\n|-damage|p2a: Milotic|76/100\n|move|p1b: Sneasler|Close Combat|p2a: Milotic\n|-damage|p2a: Milotic|20/100y\n|-unboost|p1b: Sneasler|def|1\n|-unboost|p1b: Sneasler|spd|1\n|-enditem|p1b: Sneasler|White Herb\n|-clearnegativeboost|p1b: Sneasler|[silent]\n|move|p2b: Ceruledge|Bitter Blade|p1a: Aerodactyl\n|-resisted|p1a: Aerodactyl|1\n|-damage|p1a: Aerodactyl|44/100\n|\n|-heal|p2a: Milotic|26/100|[from] item: Leftovers\n|upkeep\n|turn|4\n|inactive|oberficker123 has 30 seconds left.\n|inactive|oberficker123 has 20 seconds left.\n|inactive|oberficker123 has 15 seconds left.\n|inactive|oberficker123 has 10 seconds left.\n|\n|t:|1788298652\n|move|p2b: Ceruledge|Shadow Sneak|p1a: Aerodactyl\n|-damage|p1a: Aerodactyl|0 fnt\n|faint|p1a: Aerodactyl\n|move|p1b: Sneasler|Close Combat|p2a: Milotic\n|-damage|p2a: Milotic|0 fnt\n|-unboost|p1b: Sneasler|def|1\n|-unboost|p1b: Sneasler|spd|1\n|faint|p2a: Milotic\n|\n|upkeep\n|\n|t:|1788298666\n|switch|p1a: Kingambit|Kingambit, L50, F|100/100\n|switch|p2a: Raichu|Raichu-Mega-Y, L50, M|100/100\n|turn|5\n|\n|t:|1788298688\n|switch|p1b: Floette|Floette-Eternal, L50, F|100/100\n|move|p1a: Kingambit|Protect|p1a: Kingambit\n|-singleturn|p1a: Kingambit|Protect\n|move|p2a: Raichu|Fake Out|p1a: Kingambit\n|-activate|p1a: Kingambit|move: Protect\n|move|p2b: Ceruledge|Shadow Sneak|p1b: Floette\n|-damage|p1b: Floette|66/100\n|\n|-sideend|p1: oberficker123|move: Tailwind\n|upkeep\n|turn|6\n|inactive|oberficker123 has 30 seconds left.\n|\n|t:|1788298715\n|detailschange|p1b: Floette|Floette-Mega, L50, F\n|-mega|p1b: Floette|Floette|Floettite\n|-ability|p1b: Floette|Fairy Aura\n|move|p1a: Kingambit|Sucker Punch|p2b: Ceruledge\n|-supereffective|p2b: Ceruledge|1\n|-enditem|p2b: Ceruledge|Colbur Berry|[eat]\n|-enditem|p2b: Ceruledge|Colbur Berry|[weaken]\n|-damage|p2b: Ceruledge|59/100\n|-damage|p1a: Kingambit|90/100|[from] item: Life Orb\n|move|p2a: Raichu|Zap Cannon|p1b: Floette\n|-damage|p1b: Floette|19/100\n|-status|p1b: Floette|par\n|move|p2b: Ceruledge|Bitter Blade|p1a: Kingambit\n|-supereffective|p1a: Kingambit|1\n|-damage|p1a: Kingambit|0 fnt\n|-heal|p2b: Ceruledge|100/100|[from] drain|[of] p1a: Kingambit\n|faint|p1a: Kingambit\n|move|p1b: Floette|Draining Kiss|p2a: Raichu\n|-damage|p2a: Raichu|56/100\n|-heal|p1b: Floette|49/100 par|[from] drain|[of] p2a: Raichu\n|\n|upkeep\n|\n|t:|1788298738\n|switch|p1a: Sneasler|Sneasler, L50, M|41/100\n|turn|7\n|-message|oberficker123 forfeited.\n|\n|win|cinarguncavdi2231\n|raw|oberficker123's rating: 1387 &rarr; <strong>1372</strong><br />(-15 for losing)\n|raw|cinarguncavdi2231's rating: 1470 &rarr; <strong>1485</strong><br />(+15 for winning)\n|l|☆oberficker123\n|player|p1|\n","uploadtime":1788298748,"views":"0","formatid":"gen9championsvgc2026regmb","rating":1372,"private":0,"password":null}