{"id":"gen9championsvgc2026regmbbo3-2673826886","format":"[Gen 9 Champions] VGC 2026 Reg M-B (Bo3)","players":["oliva sigma mode","Magixally"],"log":"|j|☆oliva sigma mode\n|j|☆Magixally\n|html|<table width=\"100%\"><tr><td align=\"left\">oliva sigma mode</td><td align=\"right\">Magixally</tr><tr><td align=\"left\"><i class=\"fa fa-circle-o\"></i> <i class=\"fa fa-circle-o\"></i> </td><td align=\"right\"><i class=\"fa fa-circle-o\"></i> <i class=\"fa fa-circle\"></i> </tr></table>\n|uhtml|bestof|<h2><strong>Game 2</strong> of <a href=\"/game-bestof3-gen9championsvgc2026regmbbo3-2673825429\">a best-of-3</a></h2>\n|t:|1788264593\n|gametype|doubles\n|player|p1|oliva sigma mode|crasherwake|1175\n|player|p2|Magixally|102|1261\n|gen|9\n|tier|[Gen 9 Champions] VGC 2026 Reg M-B (Bo3)\n|rated|\n|rule|Species Clause: Limit one of each Pokémon\n|rule|Item Clause: Limit 1 of each item\n|clearpoke\n|poke|p1|Gardevoir, L50, M, shiny|\n|poke|p1|Maushold-Four, L50|\n|poke|p1|Basculegion, L50, M|\n|poke|p1|Talonflame, L50, F|\n|poke|p1|Kingambit, L50, F|\n|poke|p1|Garchomp, L50, M|\n|poke|p2|Slowbro, L50, M|\n|poke|p2|Pelipper, L50, F|\n|poke|p2|Sinistcha, L50|\n|poke|p2|Archaludon, L50, F|\n|poke|p2|Swampert, L50, F|\n|poke|p2|Klefki, L50, M|\n|teampreview|4\n|showteam|p1|Gardevoir||Gardevoirite|Telepathy|HyperVoice,Psyshock,Protect,TrickRoom|Modest||M|||50|]Maushold-Four||FocusSash|FriendGuard|FollowMe,Protect,SuperFang,Encore|Timid|||||50|]Basculegion||SitrusBerry|Adaptability|AquaJet,WaveCrash,LastRespects,Protect|Adamant||M|||50|]Talonflame|||GaleWings|Tailwind,Acrobatics,WillOWisp,Protect|Jolly||F|||50|]Kingambit||ChopleBerry|Defiant|SuckerPunch,KowtowCleave,IronHead,Protect|Adamant||F|||50|]Garchomp||WhiteHerb|RoughSkin|Earthquake,RockSlide,DragonClaw,Protect|Adamant||M|||50|\n|showteam|p2|Slowbro||Slowbronite|Regenerator|CalmMind,Rest,Snore,Scald|Sassy||M|||50|]Pelipper||FocusSash|Drizzle|Tailwind,Hurricane,WeatherBall,WideGuard|Timid||F|||50|]Sinistcha||SitrusBerry|Hospitality|MatchaGotcha,RagePowder,TrickRoom,Protect|Sassy|||||50|]Archaludon||Leftovers|Stamina|ElectroShot,DragonPulse,Protect,FlashCannon|Calm||F|||50|]Swampert||Swampertite|Torrent|WaveCrash,StompingTantrum,Protect,IcePunch|Adamant||F|||50|]Klefki||MentalHerb|Prankster|FoulPlay,LightScreen,Safeguard,RainDance|Bold||M|||50|\n|inactive|Battle timer is ON: inactive players will automatically lose when time's up. (requested by oliva sigma mode)\n|\n|t:|1788264623\n|teamsize|p1|4\n|teamsize|p2|4\n|start\n|switch|p1a: Maushold|Maushold-Four, L50|100/100\n|switch|p1b: Garchomp|Garchomp, L50, M|100/100\n|switch|p2a: Pelipper|Pelipper, L50, F|100/100\n|switch|p2b: Slowbro|Slowbro, L50, M|100/100\n|-weather|RainDance|[from] ability: Drizzle|[of] p2a: Pelipper\n|turn|1\n|\n|t:|1788264644\n|detailschange|p2b: Slowbro|Slowbro-Mega, L50, M\n|-mega|p2b: Slowbro|Slowbro|Slowbronite\n|move|p1a: Maushold|Super Fang|p2a: Pelipper\n|-damage|p2a: Pelipper|50/100g\n|move|p1b: Garchomp|Rock Slide|p2a: Pelipper|[spread] p2a,p2b\n|-supereffective|p2a: Pelipper|1\n|-damage|p2a: Pelipper|0 fnt\n|-damage|p2b: Slowbro|89/100\n|faint|p2a: Pelipper\n|move|p2b: Slowbro|Calm Mind|p2b: Slowbro\n|-boost|p2b: Slowbro|spa|1\n|-boost|p2b: Slowbro|spd|1\n|\n|-weather|RainDance|[upkeep]\n|upkeep\n|\n|t:|1788264650\n|switch|p2a: Sinistcha|Sinistcha, L50|100/100\n|-heal|p2b: Slowbro|100/100|[from] ability: Hospitality|[of] p2a: Sinistcha\n|turn|2\n|\n|t:|1788264665\n|switch|p1a: Basculegion|Basculegion, L50, M|100/100\n|move|p1b: Garchomp|Dragon Claw|p2b: Slowbro\n|-damage|p2b: Slowbro|77/100\n|move|p2b: Slowbro|Scald|p1b: Garchomp\n|-damage|p1b: Garchomp|14/100\n|move|p2a: Sinistcha|Trick Room|p2a: Sinistcha\n|-fieldstart|move: Trick Room|[of] p2a: Sinistcha\n|\n|-weather|RainDance|[upkeep]\n|upkeep\n|turn|3\n|\n|t:|1788264680\n|switch|p1b: Maushold|Maushold-Four, L50|100/100\n|move|p2b: Slowbro|Scald|p1a: Basculegion\n|-resisted|p1a: Basculegion|1\n|-damage|p1a: Basculegion|73/100\n|move|p2a: Sinistcha|Matcha Gotcha|p1a: Basculegion|[spread] p1a,p1b\n|-supereffective|p1a: Basculegion|1\n|-damage|p1a: Basculegion|36/100\n|-damage|p1b: Maushold|71/100\n|-status|p1a: Basculegion|brn\n|-status|p1b: Maushold|brn\n|-enditem|p1a: Basculegion|Sitrus Berry|[eat]\n|-heal|p1a: Basculegion|61/100 brn|[from] item: Sitrus Berry\n|move|p1a: Basculegion|Last Respects|p2b: Slowbro\n|-supereffective|p2b: Slowbro|1\n|-damage|p2b: Slowbro|59/100\n|\n|-weather|RainDance|[upkeep]\n|-damage|p1a: Basculegion|55/100 brn|[from] brn\n|-damage|p1b: Maushold|65/100 brn|[from] brn\n|upkeep\n|turn|4\n|c|☆oliva sigma mode|br\n|inactive|oliva sigma mode has 30 seconds left.\n|c|☆oliva sigma mode|u are so luck\n|inactive|Magixally has 30 seconds left.\n|inactive|oliva sigma mode has 20 seconds left.\n|\n|t:|1788264718\n|switch|p2a: Archaludon|Archaludon, L50, F|100/100\n|move|p2b: Slowbro|Scald|p1a: Basculegion\n|-resisted|p1a: Basculegion|1\n|-damage|p1a: Basculegion|26/100 brn\n|move|p1a: Basculegion|Last Respects|p2b: Slowbro\n|-supereffective|p2b: Slowbro|1\n|-damage|p2b: Slowbro|41/100\n|move|p1b: Maushold|Super Fang|p2b: Slowbro\n|-damage|p2b: Slowbro|20/100y\n|\n|-weather|RainDance|[upkeep]\n|-damage|p1a: Basculegion|20/100y brn|[from] brn\n|-damage|p1b: Maushold|59/100 brn|[from] brn\n|upkeep\n|turn|5\n|\n|t:|1788264741\n|move|p2b: Slowbro|Rest|p2b: Slowbro\n|-status|p2b: Slowbro|slp|[from] move: Rest\n|-heal|p2b: Slowbro|100/100 slp|[silent]\n|move|p1a: Basculegion|Last Respects|p2b: Slowbro\n|-supereffective|p2b: Slowbro|1\n|-damage|p2b: Slowbro|81/100 slp\n|move|p2a: Archaludon|Electro Shot||[still]\n|-prepare|p2a: Archaludon|Electro Shot\n|-boost|p2a: Archaludon|spa|1\n|-anim|p2a: Archaludon|Electro Shot|p1b: Maushold\n|-damage|p1b: Maushold|0 fnt\n|faint|p1b: Maushold\n|\n|-weather|none\n|-damage|p1a: Basculegion|14/100 brn|[from] brn\n|upkeep\n|\n|t:|1788264754\n|switch|p1b: Gardevoir|Gardevoir, L50, M, shiny|100/100\n|turn|6\n|\n|t:|1788264761\n|detailschange|p1b: Gardevoir|Gardevoir-Mega, L50, M, shiny\n|-mega|p1b: Gardevoir|Gardevoir|Gardevoirite\n|cant|p2b: Slowbro|slp\n|move|p2b: Slowbro|Snore|p1b: Gardevoir\n|-damage|p1b: Gardevoir|81/100\n|move|p1a: Basculegion|Last Respects|p2b: Slowbro\n|-supereffective|p2b: Slowbro|1\n|-damage|p2b: Slowbro|47/100 slp\n|move|p2a: Archaludon|Flash Cannon|p1b: Gardevoir\n|-supereffective|p1b: Gardevoir|1\n|-damage|p1b: Gardevoir|0 fnt\n|faint|p1b: Gardevoir\n|\n|-damage|p1a: Basculegion|8/100 brn|[from] brn\n|-fieldend|move: Trick Room\n|upkeep\n|-message|oliva sigma mode forfeited.\n|\n|win|Magixally\n|raw|oliva sigma mode's rating: 1175 &rarr; <strong>1156</strong><br />(-19 for losing)\n|raw|Magixally's rating: 1261 &rarr; <strong>1280</strong><br />(+19 for winning)\n|c|☆oliva sigma mode|rematch\n","uploadtime":1788264780,"views":"18","formatid":"gen9championsvgc2026regmbbo3","rating":1156,"private":0,"password":null}