{"id":"gen9championsvgc2026regmbbo3-2674560078","format":"[Gen 9 Champions] VGC 2026 Reg M-B (Bo3)","players":["Akhy_LOQ28","R1ply"],"log":"|j|☆Akhy_LOQ28\n|j|☆R1ply\n|html|<table width=\"100%\"><tr><td align=\"left\">Akhy_LOQ28</td><td align=\"right\">R1ply</tr><tr><td align=\"left\"><i class=\"fa fa-circle-o\"></i> <i class=\"fa fa-circle-o\"></i> </td><td align=\"right\"><i class=\"fa fa-circle-o\"></i> <i class=\"fa fa-circle\"></i> </tr></table>\n|uhtml|bestof|<h2><strong>Game 2</strong> of <a href=\"/game-bestof3-gen9championsvgc2026regmbbo3-2674557395\">a best-of-3</a></h2>\n|t:|1788373979\n|gametype|doubles\n|player|p1|Akhy_LOQ28|veteran|\n|player|p2|R1ply|acetrainer-gen4dp|\n|gen|9\n|tier|[Gen 9 Champions] VGC 2026 Reg M-B (Bo3)\n|rule|Species Clause: Limit one of each Pokémon\n|rule|Item Clause: Limit 1 of each item\n|clearpoke\n|poke|p1|Delphox, L50, F, shiny|\n|poke|p1|Weavile, L50, F|\n|poke|p1|Sinistcha-Masterpiece, L50, shiny|\n|poke|p1|Kommo-o, L50, M|\n|poke|p1|Incineroar, L50, M, shiny|\n|poke|p1|Floette-Eternal, L50, F|\n|poke|p2|Raichu, L50, F|\n|poke|p2|Staraptor, L50, F|\n|poke|p2|Kingambit, L50, F|\n|poke|p2|Sylveon, L50, M|\n|poke|p2|Farigiraf, L50, F|\n|poke|p2|Arcanine-Hisui, L50, M|\n|teampreview|4\n|showteam|p1|Delphox||Delphoxite|Blaze|Protect,Psychic,HeatWave,NastyPlot|Timid||F|||50|]Weavile||FocusSash|Pressure|KnockOff,TripleAxel,FakeOut,UpperHand|Jolly||F|||50|]Sinistcha-Masterpiece||KasibBerry|Hospitality|Protect,RagePowder,MatchaGotcha,TrickRoom|Bold|||||50|]Kommo-o||Leftovers|Soundproof|Protect,AuraSphere,ClangingScales,ClangorousSoul|Timid||M|||50|]Incineroar||SitrusBerry|Intimidate|DarkestLariat,HelpingHand,PartingShot,FakeOut|Impish||M|||50|]Floette-Eternal||Floettite|FlowerVeil|Protect,DazzlingGleam,Moonblast,CalmMind|Timid||F|||50|\n|showteam|p2|Raichu||RaichuniteY|LightningRod|FakeOut,ZapCannon,FocusBlast,Protect|Timid||F|||50|]Staraptor||Staraptite|Intimidate|DualWingbeat,CloseCombat,Tailwind,Protect|Jolly||F|||50|]Kingambit||LifeOrb|Defiant|SuckerPunch,KowtowCleave,SwordsDance,Protect|Adamant||F|||50|]Sylveon||FairyFeather|Pixilate|QuickAttack,HyperVoice,HyperBeam,Detect|Modest||M|||50|]Farigiraf||SitrusBerry|ArmorTail|Psychic,TrickRoom,HelpingHand,Protect|Calm||F|||50|]Arcanine-Hisui||FocusSash|RockHead|ExtremeSpeed,FlareBlitz,HeadSmash,Protect|Jolly||M|||50|\n|inactive|Battle timer is ON: inactive players will automatically lose when time's up. (requested by R1ply)\n|\n|t:|1788373998\n|teamsize|p1|4\n|teamsize|p2|4\n|start\n|switch|p1a: Delphox|Delphox, L50, F, shiny|100/100\n|switch|p1b: Incineroar|Incineroar, L50, M, shiny|100/100\n|switch|p2a: Staraptor|Staraptor, L50, F|100/100\n|switch|p2b: Arcanine|Arcanine-Hisui, L50, M|100/100\n|-ability|p2a: Staraptor|Intimidate|boost\n|-unboost|p1a: Delphox|atk|1\n|-unboost|p1b: Incineroar|atk|1\n|-ability|p1b: Incineroar|Intimidate|boost\n|-unboost|p2a: Staraptor|atk|1\n|-unboost|p2b: Arcanine|atk|1\n|turn|1\n|inactive|R1ply has 30 seconds left.\n|\n|t:|1788374026\n|detailschange|p1a: Delphox|Delphox-Mega, L50, F, shiny\n|-mega|p1a: Delphox|Delphox|Delphoxite\n|move|p1a: Delphox|Protect|p1a: Delphox\n|-singleturn|p1a: Delphox|Protect\n|move|p2a: Staraptor|Tailwind|p2a: Staraptor\n|-sidestart|p2: R1ply|move: Tailwind\n|move|p2b: Arcanine|Head Smash|p1a: Delphox\n|-activate|p1a: Delphox|move: Protect\n|move|p1b: Incineroar|Parting Shot|p2b: Arcanine\n|-unboost|p2b: Arcanine|atk|1\n|-unboost|p2b: Arcanine|spa|1\n|\n|t:|1788374048\n|switch|p1b: Sinistcha|Sinistcha-Masterpiece, L50, shiny|100/100|[from] Parting Shot\n|\n|upkeep\n|turn|2\n|inactive|R1ply has 30 seconds left.\n|\n|t:|1788374077\n|switch|p2b: Farigiraf|Farigiraf, L50, F|100/100\n|move|p1b: Sinistcha|Rage Powder|p1b: Sinistcha\n|-singleturn|p1b: Sinistcha|move: Rage Powder\n|move|p2a: Staraptor|Dual Wingbeat|p1b: Sinistcha|[miss]\n|-miss|p2a: Staraptor|p1b: Sinistcha\n|move|p1a: Delphox|Nasty Plot|p1a: Delphox\n|-boost|p1a: Delphox|spa|2\n|\n|upkeep\n|turn|3\n|\n|t:|1788374099\n|switch|p2a: Arcanine|Arcanine-Hisui, L50, M|100/100\n|move|p1b: Sinistcha|Rage Powder|p1b: Sinistcha\n|-singleturn|p1b: Sinistcha|move: Rage Powder\n|move|p1a: Delphox|Heat Wave|p2a: Arcanine|[spread] p2b\n|-miss|p1a: Delphox|p2a: Arcanine\n|-damage|p2b: Farigiraf|41/100\n|-enditem|p2b: Farigiraf|Sitrus Berry|[eat]\n|-heal|p2b: Farigiraf|66/100|[from] item: Sitrus Berry\n|move|p2b: Farigiraf|Psychic|p1b: Sinistcha\n|-damage|p1b: Sinistcha|64/100\n|-unboost|p1b: Sinistcha|spd|1\n|\n|upkeep\n|turn|4\n|inactive|Akhy_LOQ28 has 30 seconds left.\n|inactive|R1ply has 30 seconds left.\n|\n|t:|1788374129\n|move|p1a: Delphox|Protect|p1a: Delphox\n|-singleturn|p1a: Delphox|Protect\n|move|p2a: Arcanine|Flare Blitz|p1b: Sinistcha\n|-supereffective|p1b: Sinistcha|1\n|-damage|p1b: Sinistcha|0 fnt\n|faint|p1b: Sinistcha\n|move|p2b: Farigiraf|Trick Room|p2b: Farigiraf\n|-fieldstart|move: Trick Room|[of] p2b: Farigiraf\n|\n|-sideend|p2: R1ply|move: Tailwind\n|upkeep\n|\n|t:|1788374143\n|switch|p1b: Incineroar|Incineroar, L50, M, shiny|100/100\n|-ability|p1b: Incineroar|Intimidate|boost\n|-unboost|p2a: Arcanine|atk|1\n|-unboost|p2b: Farigiraf|atk|1\n|turn|5\n|\n|t:|1788374157\n|move|p2b: Farigiraf|Helping Hand|p2a: Arcanine\n|-singleturn|p2a: Arcanine|Helping Hand|[of] p2b: Farigiraf\n|move|p1b: Incineroar|Darkest Lariat|p2a: Arcanine\n|-crit|p2a: Arcanine\n|-damage|p2a: Arcanine|33/100\n|move|p2a: Arcanine|Head Smash|p1a: Delphox\n|-supereffective|p1a: Delphox|1\n|-damage|p1a: Delphox|0 fnt\n|faint|p1a: Delphox\n|\n|upkeep\n|\n|t:|1788374168\n|switch|p1a: Weavile|Weavile, L50, F|100/100\n|-ability|p1a: Weavile|Pressure\n|turn|6\n|\n|t:|1788374192\n|move|p2b: Farigiraf|Helping Hand|p2a: Arcanine\n|-singleturn|p2a: Arcanine|Helping Hand|[of] p2b: Farigiraf\n|move|p1b: Incineroar|Darkest Lariat|p2a: Arcanine\n|-damage|p2a: Arcanine|0 fnt\n|faint|p2a: Arcanine\n|move|p1a: Weavile|Knock Off|p2b: Farigiraf\n|-supereffective|p2b: Farigiraf|1\n|-damage|p2b: Farigiraf|15/100\n|\n|upkeep\n|\n|t:|1788374201\n|switch|p2a: Sylveon|Sylveon, L50, M|100/100\n|turn|7\n|\n|t:|1788374214\n|move|p2b: Farigiraf|Helping Hand|p2a: Sylveon\n|-singleturn|p2a: Sylveon|Helping Hand|[of] p2b: Farigiraf\n|move|p1b: Incineroar|Helping Hand|p1a: Weavile\n|-singleturn|p1a: Weavile|Helping Hand|[of] p1b: Incineroar\n|move|p2a: Sylveon|Hyper Voice|p1a: Weavile|[spread] p1a,p1b\n|-supereffective|p1a: Weavile|1\n|-enditem|p1a: Weavile|Focus Sash\n|-damage|p1a: Weavile|1/100\n|-damage|p1b: Incineroar|37/100\n|-enditem|p1b: Incineroar|Sitrus Berry|[eat]\n|-heal|p1b: Incineroar|62/100|[from] item: Sitrus Berry\n|move|p1a: Weavile|Triple Axel|p2a: Sylveon\n|-damage|p2a: Sylveon|84/100\n|-damage|p2a: Sylveon|53/100\n|-damage|p2a: Sylveon|3/100\n|-hitcount|p2a: Sylveon|3\n|\n|upkeep\n|turn|8\n|inactive|Akhy_LOQ28 has 30 seconds left.\n|inactive|R1ply has 30 seconds left.\n|\n|t:|1788374241\n|move|p2b: Farigiraf|Helping Hand|p2a: Sylveon\n|-singleturn|p2a: Sylveon|Helping Hand|[of] p2b: Farigiraf\n|move|p2a: Sylveon|Quick Attack|p1a: Weavile\n|-supereffective|p1a: Weavile|1\n|-damage|p1a: Weavile|0 fnt\n|faint|p1a: Weavile\n|move|p1b: Incineroar|Darkest Lariat|p2a: Sylveon\n|-resisted|p2a: Sylveon|1\n|-damage|p2a: Sylveon|0 fnt\n|faint|p2a: Sylveon\n|\n|-fieldend|move: Trick Room\n|upkeep\n|\n|t:|1788374250\n|switch|p2a: Staraptor|Staraptor, L50, F|100/100\n|-ability|p2a: Staraptor|Intimidate|boost\n|-unboost|p1b: Incineroar|atk|1\n|turn|9\n|\n|t:|1788374259\n|detailschange|p2a: Staraptor|Staraptor-Mega, L50, F\n|-mega|p2a: Staraptor|Staraptor|Staraptite\n|move|p2b: Farigiraf|Helping Hand|p2a: Staraptor\n|-singleturn|p2a: Staraptor|Helping Hand|[of] p2b: Farigiraf\n|move|p2a: Staraptor|Close Combat|p1b: Incineroar\n|-supereffective|p1b: Incineroar|1\n|-damage|p1b: Incineroar|0 fnt\n|-boost|p2a: Staraptor|def|1\n|-boost|p2a: Staraptor|spd|1\n|faint|p1b: Incineroar\n|\n|win|R1ply\n|l|☆Akhy_LOQ28\n|player|p1|\n","uploadtime":1788374385,"views":"3","formatid":"gen9championsvgc2026regmbbo3","rating":null,"private":0,"password":null}