{"id":"gen9championsvgc2026regmbbo3-2673615615","format":"[Gen 9 Champions] VGC 2026 Reg M-B (Bo3)","players":["Link6166","lunekike98"],"log":"|j|☆Link6166\n|j|☆lunekike98\n|html|<table width=\"100%\"><tr><td align=\"left\">Link6166</td><td align=\"right\">lunekike98</tr><tr><td align=\"left\"><i class=\"fa fa-circle-o\"></i> <i class=\"fa fa-circle-o\"></i> </td><td align=\"right\"><i class=\"fa fa-circle-o\"></i> <i class=\"fa fa-circle-o\"></i> </tr></table>\n|uhtml|bestof|<h2><strong>Game 1</strong> of <a href=\"/game-bestof3-gen9championsvgc2026regmbbo3-2673615614\">a best-of-3</a></h2>\n|t:|1788221707\n|gametype|doubles\n|player|p1|Link6166|2|\n|player|p2|lunekike98|266|\n|gen|9\n|tier|[Gen 9 Champions] VGC 2026 Reg M-B (Bo3)\n|rule|Species Clause: Limit one of each Pokémon\n|rule|Item Clause: Limit 1 of each item\n|clearpoke\n|poke|p1|Sylveon, L50, F|\n|poke|p1|Rotom-Wash, L50|\n|poke|p1|Samurott-Hisui, L50, M|\n|poke|p1|Krookodile, L50, F|\n|poke|p1|Aerodactyl, L50, F|\n|poke|p1|Farigiraf, L50, M|\n|poke|p2|Metagross, L50|\n|poke|p2|Whimsicott, L50, M|\n|poke|p2|Aerodactyl, L50, M|\n|poke|p2|Arcanine, L50, F|\n|poke|p2|Greninja, L50, M|\n|poke|p2|Raichu, L50, M|\n|teampreview|4\n|showteam|p1|Sylveon||FairyFeather|Pixilate|Moonblast,HyperVoice,ShadowBall,Protect|Modest||F|||50|]Rotom-Wash||SitrusBerry|Levitate|Thunderbolt,WillOWisp,HydroPump,Protect|Modest|||||50|]Samurott-Hisui||FocusSash|Sharpness|RazorShell,CeaselessEdge,SacredSword,Protect|Adamant||M|||50|]Krookodile||ChopleBerry|Intimidate|HighHorsepower,KnockOff,Taunt,Protect|Adamant||F|||50|]Aerodactyl||Aerodactylite|Unnerve|RockSlide,DualWingbeat,Tailwind,Protect|Jolly||F|||50|]Farigiraf||MentalHerb|ArmorTail|Psychic,ShadowBall,TrickRoom,Protect|Modest||M|||50|\n|showteam|p2|Metagross||Metagrossite|ClearBody|BodyPress,IcePunch,IronHead,Protect|Jolly|||||50|]Whimsicott||FocusSash|Prankster|Moonblast,SunnyDay,Tailwind,Tickle|Timid||M|||50|]Aerodactyl||WideLens|RockHead|RockSlide,Protect,Tailwind,WideGuard|Jolly||M|||50|]Arcanine||SitrusBerry|Intimidate|FlareBlitz,Protect,Snarl,WillOWisp|Adamant||F|||50|]Greninja||LifeOrb|Torrent|DarkPulse,HydroPump,IceBeam,Protect|Timid||M|||50|]Raichu||ShucaBerry|Static|FakeOut,VoltSwitch,Protect,Thunderbolt|Timid||M|||50|\n|j| PorygonTheBot\n|c| PorygonTheBot|I hope I win!\n|j| EGG_dude\n|\n|t:|1788221763\n|teamsize|p1|4\n|teamsize|p2|4\n|start\n|switch|p1a: Aerodactyl|Aerodactyl, L50, F|100/100\n|switch|p1b: Rotom|Rotom-Wash, L50|100/100\n|switch|p2a: Whimsicott|Whimsicott, L50, M|100/100\n|switch|p2b: Raichu|Raichu, L50, M|100/100\n|-ability|p1a: Aerodactyl|Unnerve\n|turn|1\n|j| biboom\n|c| biboom|SEXOOOOOO\n|c| EGG_dude|OOOOOOXES\n|c| biboom|gogogogo\n|\n|t:|1788221827\n|switch|p1b: Sylveon|Sylveon, L50, F|100/100\n|detailschange|p1a: Aerodactyl|Aerodactyl-Mega, L50, F\n|-mega|p1a: Aerodactyl|Aerodactyl|Aerodactylite\n|move|p2b: Raichu|Fake Out|p1a: Aerodactyl\n|-resisted|p1a: Aerodactyl|1\n|-damage|p1a: Aerodactyl|94/100\n|move|p2a: Whimsicott|Tailwind|p2a: Whimsicott\n|-sidestart|p2: lunekike98|move: Tailwind\n|cant|p1a: Aerodactyl|flinch\n|\n|upkeep\n|turn|2\n|c| biboom|dense pito\n|c| biboom|dice majo\n|\n|t:|1788221851\n|move|p2a: Whimsicott|Moonblast|p1a: Aerodactyl\n|-damage|p1a: Aerodactyl|50/100g\n|move|p2b: Raichu|Thunderbolt|p1a: Aerodactyl\n|-supereffective|p1a: Aerodactyl|1\n|-crit|p1a: Aerodactyl\n|-damage|p1a: Aerodactyl|0 fnt\n|faint|p1a: Aerodactyl\n|move|p1b: Sylveon|Hyper Voice|p2b: Raichu|[spread] p2a,p2b\n|-damage|p2a: Whimsicott|18/100\n|-damage|p2b: Raichu|23/100\n|\n|upkeep\n|\n|t:|1788221863\n|switch|p1a: Rotom|Rotom-Wash, L50|100/100\n|turn|3\n|\n|t:|1788221883\n|move|p1b: Sylveon|Protect|p1b: Sylveon\n|-singleturn|p1b: Sylveon|Protect\n|move|p2a: Whimsicott|Moonblast|p1b: Sylveon\n|-activate|p1b: Sylveon|move: Protect\n|move|p2b: Raichu|Thunderbolt|p1a: Rotom\n|-damage|p1a: Rotom|57/100\n|move|p1a: Rotom|Hydro Pump|p2b: Raichu|[miss]\n|-miss|p1a: Rotom|p2b: Raichu\n|\n|upkeep\n|turn|4\n|\n|t:|1788221908\n|move|p1a: Rotom|Protect|p1a: Rotom\n|-singleturn|p1a: Rotom|Protect\n|move|p2a: Whimsicott|Moonblast|p1b: Sylveon\n|-damage|p1b: Sylveon|77/100\n|move|p2b: Raichu|Thunderbolt|p1b: Sylveon\n|-damage|p1b: Sylveon|52/100\n|move|p1b: Sylveon|Hyper Voice|p2a: Whimsicott|[spread] p2a,p2b\n|-damage|p2a: Whimsicott|0 fnt\n|-damage|p2b: Raichu|0 fnt\n|faint|p2a: Whimsicott\n|faint|p2b: Raichu\n|\n|-sideend|p2: lunekike98|move: Tailwind\n|upkeep\n|\n|t:|1788221921\n|switch|p2a: Aerodactyl|Aerodactyl, L50, M|100/100\n|switch|p2b: Metagross|Metagross, L50|100/100\n|turn|5\n|\n|t:|1788221941\n|detailschange|p2b: Metagross|Metagross-Mega, L50\n|-mega|p2b: Metagross|Metagross|Metagrossite\n|move|p2a: Aerodactyl|Tailwind|p2a: Aerodactyl\n|-sidestart|p2: lunekike98|move: Tailwind\n|move|p2b: Metagross|Iron Head|p1b: Sylveon\n|-supereffective|p1b: Sylveon|1\n|-damage|p1b: Sylveon|0 fnt\n|faint|p1b: Sylveon\n|move|p1a: Rotom|Thunderbolt|p2a: Aerodactyl\n|-supereffective|p2a: Aerodactyl|1\n|-damage|p2a: Aerodactyl|0 fnt\n|faint|p2a: Aerodactyl\n|\n|upkeep\n|\n|t:|1788221953\n|switch|p1b: Samurott|Samurott-Hisui, L50, M|100/100\n|turn|6\n|\n|t:|1788221964\n|move|p2b: Metagross|Body Press|p1b: Samurott\n|-supereffective|p1b: Samurott|1\n|-enditem|p1b: Samurott|Focus Sash\n|-damage|p1b: Samurott|1/100\n|move|p1b: Samurott|Ceaseless Edge|p2b: Metagross\n|-supereffective|p2b: Metagross|1\n|-damage|p2b: Metagross|44/100\n|-sidestart|p2: lunekike98|Spikes\n|move|p1a: Rotom|Will-O-Wisp|p2b: Metagross\n|-status|p2b: Metagross|brn\n|\n|-damage|p2b: Metagross|38/100 brn|[from] brn\n|upkeep\n|turn|7\n|\n|t:|1788221988\n|move|p2b: Metagross|Protect|p2b: Metagross\n|-singleturn|p2b: Metagross|Protect\n|move|p1b: Samurott|Protect|p1b: Samurott\n|-singleturn|p1b: Samurott|Protect\n|move|p1a: Rotom|Hydro Pump|p2b: Metagross\n|-activate|p2b: Metagross|move: Protect\n|\n|-damage|p2b: Metagross|32/100 brn|[from] brn\n|upkeep\n|turn|8\n|\n|t:|1788222004\n|move|p1b: Samurott|Protect||[still]\n|-fail|p1b: Samurott\n|move|p2b: Metagross|Body Press|p1b: Samurott\n|-supereffective|p1b: Samurott|1\n|-damage|p1b: Samurott|0 fnt\n|faint|p1b: Samurott\n|move|p1a: Rotom|Thunderbolt|p2b: Metagross\n|-damage|p2b: Metagross|0 fnt\n|faint|p2b: Metagross\n|\n|win|Link6166\n","uploadtime":1788222004,"views":"2","formatid":"gen9championsvgc2026regmbbo3","rating":null,"private":0,"password":null}