{"id":"gen9championsvgc2026regmbbo3-2674442644","format":"[Gen 9 Champions] VGC 2026 Reg M-B (Bo3)","players":["glofer","raksbach"],"log":"|j|☆glofer\n|j|☆raksbach\n|html|<table width=\"100%\"><tr><td align=\"left\">glofer</td><td align=\"right\">raksbach</tr><tr><td align=\"left\"><i class=\"fa fa-circle-o\"></i> <i class=\"fa fa-circle-o\"></i> </td><td align=\"right\"><i class=\"fa fa-circle-o\"></i> <i class=\"fa fa-circle\"></i> </tr></table>\n|uhtml|bestof|<h2><strong>Game 2</strong> of <a href=\"/game-bestof3-gen9championsvgc2026regmbbo3-2674441390\">a best-of-3</a></h2>\n|t:|1788360355\n|gametype|doubles\n|player|p1|glofer|hiker-gen4|1099\n|player|p2|raksbach|doubleteam|1211\n|gen|9\n|tier|[Gen 9 Champions] VGC 2026 Reg M-B (Bo3)\n|rated|\n|rule|Species Clause: Limit one of each Pokémon\n|rule|Item Clause: Limit 1 of each item\n|clearpoke\n|poke|p1|Meowstic-F, L50, F|\n|poke|p1|Alakazam, L50, F|\n|poke|p1|Farigiraf, L50, M|\n|poke|p1|Metagross, L50|\n|poke|p1|Gallade, L50, M|\n|poke|p1|Gardevoir, L50, F|\n|poke|p2|Dragonite, L50, F|\n|poke|p2|Sneasler, L50, M|\n|poke|p2|Basculegion, L50, M|\n|poke|p2|Kingambit, L50, M|\n|poke|p2|Garchomp, L50, F|\n|poke|p2|Floette-Eternal, L50, F|\n|teampreview|4\n|showteam|p1|Meowstic-F||Meowsticite|Competitive|ExpandingForce,DarkPulse,Thunderbolt,FakeOut|Modest||F|||50|]Alakazam||Alakazite|Synchronize|Psychic,SkillSwap,SpeedSwap,Protect|Timid||F|||50|]Farigiraf||SitrusBerry|ArmorTail|TwinBeam,HyperVoice,PsychicTerrain,TrickRoom|Quiet||M|||50|]Metagross||WideLens|ClearBody|ZenHeadbutt,MeteorMash,Earthquake,Protect|Brave|||||50|]Gallade||FocusSash|Sharpness|PsychoCut,SacredSword,NightSlash,Protect|Adamant||M|||50|]Gardevoir||LifeOrb|Telepathy|Psyshock,DazzlingGleam,MysticalFire,Protect|Serious||F|||50|\n|showteam|p2|Dragonite||Dragoninite|Multiscale|DragonPulse,HeatWave,ExtremeSpeed,Protect|Modest||F|||50|]Sneasler||FocusSash|PoisonTouch|CloseCombat,DireClaw,FakeOut,Feint|Jolly||M|||50|]Basculegion||LifeOrb|Adaptability|WaveCrash,LastRespects,AquaJet,Protect|Adamant||M|||50|]Kingambit||ChopleBerry|Defiant|SuckerPunch,KowtowCleave,LowKick,IronHead|Adamant||M|||50|]Garchomp||ChoiceScarf|RoughSkin|DragonClaw,StompingTantrum,Earthquake,RockSlide|Adamant||F|||50|]Floette-Eternal||Floettite|FlowerVeil|Moonblast,DazzlingGleam,LightofRuin,Protect|Timid||F|||50|\n|inactive|Battle timer is ON: inactive players will automatically lose when time's up. (requested by raksbach)\n|\n|t:|1788360370\n|teamsize|p1|4\n|teamsize|p2|4\n|start\n|switch|p1a: Meowstic|Meowstic-F, L50, F|100/100\n|switch|p1b: Gallade|Gallade, L50, M|100/100\n|switch|p2a: Garchomp|Garchomp, L50, F|100/100\n|switch|p2b: Kingambit|Kingambit, L50, M|100/100\n|turn|1\n|\n|t:|1788360389\n|detailschange|p1a: Meowstic|Meowstic-F-Mega, L50, F\n|-mega|p1a: Meowstic|Meowstic|Meowsticite\n|-ability|p1a: Meowstic|Rough Skin|Trace|[from] ability: Trace|[of] p2a: Garchomp\n|move|p1a: Meowstic|Fake Out|p2a: Garchomp\n|-damage|p2a: Garchomp|95/100\n|-damage|p1a: Meowstic|88/100|[from] ability: Rough Skin|[of] p2a: Garchomp\n|move|p2b: Kingambit|Sucker Punch|p1b: Gallade\n|-damage|p1b: Gallade|35/100\n|cant|p2a: Garchomp|flinch\n|move|p1b: Gallade|Sacred Sword|p2b: Kingambit\n|-supereffective|p2b: Kingambit|2\n|-enditem|p2b: Kingambit|Chople Berry|[eat]\n|-enditem|p2b: Kingambit|Chople Berry|[weaken]\n|-damage|p2b: Kingambit|0 fnt\n|faint|p2b: Kingambit\n|\n|upkeep\n|\n|t:|1788360405\n|switch|p2b: Basculegion|Basculegion, L50, M|100/100\n|turn|2\n|\n|t:|1788360427\n|move|p1b: Gallade|Protect|p1b: Gallade\n|-singleturn|p1b: Gallade|Protect\n|move|p2a: Garchomp|Stomping Tantrum|p1a: Meowstic\n|-damage|p1a: Meowstic|0 fnt\n|-damage|p2a: Garchomp|82/100|[from] ability: Rough Skin|[of] p1a: Meowstic\n|faint|p1a: Meowstic\n|move|p2b: Basculegion|Last Respects|p1b: Gallade\n|-activate|p1b: Gallade|move: Protect\n|\n|upkeep\n|\n|t:|1788360444\n|switch|p1a: Farigiraf|Farigiraf, L50, M|100/100\n|turn|3\n|\n|t:|1788360453\n|move|p1b: Gallade|Protect|p1b: Gallade\n|-singleturn|p1b: Gallade|Protect\n|move|p2a: Garchomp|Stomping Tantrum|p1b: Gallade\n|-activate|p1b: Gallade|move: Protect\n|move|p2b: Basculegion|Wave Crash|p1a: Farigiraf\n|-damage|p1a: Farigiraf|1/100\n|-enditem|p1a: Farigiraf|Sitrus Berry|[eat]\n|-heal|p1a: Farigiraf|25/100|[from] item: Sitrus Berry\n|-damage|p2b: Basculegion|62/100|[from] Recoil\n|-damage|p2b: Basculegion|53/100|[from] item: Life Orb\n|move|p1a: Farigiraf|Trick Room|p1a: Farigiraf\n|-fieldstart|move: Trick Room|[of] p1a: Farigiraf\n|\n|upkeep\n|turn|4\n|c|☆raksbach|BRO DOUBLE\n|\n|t:|1788360476\n|move|p2b: Basculegion|Protect|p2b: Basculegion\n|-singleturn|p2b: Basculegion|Protect\n|move|p1a: Farigiraf|Twin Beam|p2b: Basculegion\n|-activate|p2b: Basculegion|move: Protect\n|move|p1b: Gallade|Psycho Cut|p2b: Basculegion\n|-activate|p2b: Basculegion|move: Protect\n|move|p2a: Garchomp|Stomping Tantrum|p1b: Gallade\n|-damage|p1b: Gallade|0 fnt\n|faint|p1b: Gallade\n|\n|upkeep\n|\n|t:|1788360482\n|switch|p1b: Gardevoir|Gardevoir, L50, F|100/100\n|turn|5\n|\n|t:|1788360497\n|move|p1a: Farigiraf|Twin Beam|p2b: Basculegion\n|-damage|p2b: Basculegion|33/100\n|-damage|p2b: Basculegion|12/100\n|-hitcount|p2b: Basculegion|2\n|move|p1b: Gardevoir|Dazzling Gleam|p2b: Basculegion|[spread] p2a,p2b\n|-supereffective|p2a: Garchomp|1\n|-damage|p2a: Garchomp|2/100\n|-damage|p2b: Basculegion|0 fnt\n|faint|p2b: Basculegion\n|-damage|p1b: Gardevoir|90/100|[from] item: Life Orb\n|move|p2a: Garchomp|Stomping Tantrum|p1a: Farigiraf\n|-damage|p1a: Farigiraf|0 fnt\n|faint|p1a: Farigiraf\n|\n|upkeep\n|\n|t:|1788360504\n|switch|p2b: Dragonite|Dragonite, L50, F|100/100\n|turn|6\n|\n|t:|1788360517\n|detailschange|p2b: Dragonite|Dragonite-Mega, L50, F\n|-mega|p2b: Dragonite|Dragonite|Dragoninite\n|move|p2b: Dragonite|Extreme Speed|p1b: Gardevoir\n|-damage|p1b: Gardevoir|60/100\n|move|p1b: Gardevoir|Dazzling Gleam|p2b: Dragonite|[spread] p2a,p2b\n|-supereffective|p2a: Garchomp|1\n|-supereffective|p2b: Dragonite|1\n|-damage|p2a: Garchomp|0 fnt\n|-damage|p2b: Dragonite|63/100\n|faint|p2a: Garchomp\n|-damage|p1b: Gardevoir|50/100g|[from] item: Life Orb\n|\n|upkeep\n|turn|7\n|c|☆glofer|This garchomp is imortal\n|c|☆raksbach|Bro double protect I would have won\n|inactive|raksbach has 30 seconds left.\n|\n|t:|1788360544\n|move|p2b: Dragonite|Extreme Speed|p1b: Gardevoir\n|-damage|p1b: Gardevoir|23/100\n|move|p1b: Gardevoir|Dazzling Gleam|p2b: Dragonite\n|-supereffective|p2b: Dragonite|1\n|-damage|p2b: Dragonite|0 fnt\n|faint|p2b: Dragonite\n|-damage|p1b: Gardevoir|13/100|[from] item: Life Orb\n|\n|win|glofer\n","uploadtime":1788360545,"views":"0","formatid":"gen9championsvgc2026regmbbo3","rating":null,"private":0,"password":null}