{"id":"gen9championsvgc2026regmbbo3-2673592057","format":"[Gen 9 Champions] VGC 2026 Reg M-B (Bo3)","players":["stevenage fc","daniiivgc"],"log":"|j|☆stevenage fc\n|j|☆daniiivgc\n|html|<table width=\"100%\"><tr><td align=\"left\">stevenage fc</td><td align=\"right\">daniiivgc</tr><tr><td align=\"left\"><i class=\"fa fa-circle\"></i> <i class=\"fa fa-circle-o\"></i> </td><td align=\"right\"><i class=\"fa fa-circle-o\"></i> <i class=\"fa fa-circle-o\"></i> </tr></table>\n|uhtml|bestof|<h2><strong>Game 2</strong> of <a href=\"/game-bestof3-gen9championsvgc2026regmbbo3-2673590238\">a best-of-3</a></h2>\n|t:|1788218042\n|gametype|doubles\n|player|p1|stevenage fc|byron|1310\n|player|p2|daniiivgc|giovanni|1261\n|gen|9\n|tier|[Gen 9 Champions] VGC 2026 Reg M-B (Bo3)\n|rated|\n|rule|Species Clause: Limit one of each Pokémon\n|rule|Item Clause: Limit 1 of each item\n|clearpoke\n|poke|p1|Camerupt, L50, F|\n|poke|p1|Farigiraf, L50, M|\n|poke|p1|Kangaskhan, L50, F|\n|poke|p1|Kingambit, L50, M|\n|poke|p1|Aerodactyl, L50, F|\n|poke|p1|Sylveon, L50, M|\n|poke|p2|Houndoom, L50, M|\n|poke|p2|Torkoal, L50, M|\n|poke|p2|Venusaur, L50, M|\n|poke|p2|Annihilape, L50, M|\n|poke|p2|Aerodactyl, L50, M|\n|poke|p2|Garchomp, L50, M|\n|teampreview|4\n|showteam|p1|Camerupt||Cameruptite|MagmaArmor|HeatWave,EarthPower,AncientPower,Protect|Quiet||F|||50|]Farigiraf||SitrusBerry|ArmorTail|Psychic,Thunderbolt,TrickRoom,HelpingHand|Calm||M|||50|]Kangaskhan||LifeOrb|Scrappy|DoubleEdge,FakeOut,HammerArm,IcePunch|Brave||F|||50|]Kingambit||ExpertBelt|Defiant|KowtowCleave,SuckerPunch,IronHead,LowKick|Adamant||M|||50|]Aerodactyl||Aerodactylite|RockHead|RockSlide,IceFang,Tailwind,DualWingbeat|Jolly||F|||50|]Sylveon||FairyFeather|Pixilate|HyperVoice,HyperBeam,QuickAttack,Protect|Modest||M|||50|\n|showteam|p2|Houndoom||Houndoominite|FlashFire|HeatWave,DarkPulse,Overheat,Protect|Timid||M|||50|]Torkoal||Charcoal|Drought|Eruption,WeatherBall,HelpingHand,Protect|Quiet||M|||50|]Venusaur||LifeOrb|Chlorophyll|LeafStorm,SludgeBomb,EarthPower,Protect|Modest||M|||50|]Annihilape||ChoiceScarf|Defiant|CloseCombat,ShadowClaw,IcePunch,Uturn|Adamant||M|||50|]Aerodactyl||FocusSash|Unnerve|RockSlide,SunnyDay,Tailwind,Protect|Jolly||M|||50|]Garchomp||SitrusBerry|RoughSkin|Earthquake,DragonClaw,RockSlide,Protect|Adamant||M|||50|\n|\n|t:|1788218061\n|teamsize|p1|4\n|teamsize|p2|4\n|start\n|switch|p1a: Farigiraf|Farigiraf, L50, M|100/100\n|switch|p1b: Kangaskhan|Kangaskhan, L50, F|100/100\n|switch|p2a: Aerodactyl|Aerodactyl, L50, M|100/100\n|switch|p2b: Garchomp|Garchomp, L50, M|100/100\n|-ability|p2a: Aerodactyl|Unnerve\n|turn|1\n|\n|t:|1788218084\n|switch|p2a: Torkoal|Torkoal, L50, M|100/100\n|-weather|SunnyDay|[from] ability: Drought|[of] p2a: Torkoal\n|move|p1b: Kangaskhan|Fake Out|p2b: Garchomp\n|-damage|p2b: Garchomp|79/100\n|-damage|p1b: Kangaskhan|87/100|[from] ability: Rough Skin|[of] p2b: Garchomp\n|-damage|p1b: Kangaskhan|77/100|[from] item: Life Orb\n|cant|p2b: Garchomp|flinch\n|move|p1a: Farigiraf|Psychic|p2a: Torkoal\n|-damage|p2a: Torkoal|58/100\n|\n|-weather|SunnyDay|[upkeep]\n|upkeep\n|turn|2\n|c|☆daniiivgc|hahahaha sure u do that in a tournament\n|c|☆daniiivgc|sure\n|\n|t:|1788218115\n|move|p2a: Torkoal|Protect|p2a: Torkoal\n|-singleturn|p2a: Torkoal|Protect\n|move|p2b: Garchomp|Earthquake|p1b: Kangaskhan|[spread] p1a,p1b\n|-activate|p2a: Torkoal|move: Protect\n|-damage|p1a: Farigiraf|68/100\n|-damage|p1b: Kangaskhan|36/100\n|move|p1b: Kangaskhan|Ice Punch|p2b: Garchomp\n|-supereffective|p2b: Garchomp|2\n|-damage|p2b: Garchomp|0 fnt\n|-damage|p1b: Kangaskhan|24/100|[from] ability: Rough Skin|[of] p2b: Garchomp\n|faint|p2b: Garchomp\n|-damage|p1b: Kangaskhan|14/100|[from] item: Life Orb\n|move|p1a: Farigiraf|Trick Room|p1a: Farigiraf\n|-fieldstart|move: Trick Room|[of] p1a: Farigiraf\n|\n|-weather|SunnyDay|[upkeep]\n|upkeep\n|\n|t:|1788218131\n|switch|p2b: Houndoom|Houndoom, L50, M|100/100\n|turn|3\n|\n|t:|1788218139\n|move|p2a: Torkoal|Eruption|p1a: Farigiraf|[spread] p1a,p1b\n|-damage|p1a: Farigiraf|24/100\n|-damage|p1b: Kangaskhan|0 fnt\n|-enditem|p1a: Farigiraf|Sitrus Berry|[eat]\n|-heal|p1a: Farigiraf|49/100|[from] item: Sitrus Berry\n|faint|p1b: Kangaskhan\n|move|p1a: Farigiraf|Psychic|p2a: Torkoal\n|-damage|p2a: Torkoal|16/100\n|move|p2b: Houndoom|Dark Pulse|p1a: Farigiraf\n|-supereffective|p1a: Farigiraf|1\n|-damage|p1a: Farigiraf|0 fnt\n|faint|p1a: Farigiraf\n|\n|-weather|SunnyDay|[upkeep]\n|upkeep\n|\n|t:|1788218150\n|switch|p1a: Sylveon|Sylveon, L50, M|100/100\n|switch|p1b: Camerupt|Camerupt, L50, F|100/100\n|turn|4\n|\n|t:|1788218175\n|detailschange|p1b: Camerupt|Camerupt-Mega, L50, F\n|-mega|p1b: Camerupt|Camerupt|Cameruptite\n|move|p2b: Houndoom|Protect|p2b: Houndoom\n|-singleturn|p2b: Houndoom|Protect\n|move|p2a: Torkoal|Weather Ball|p1a: Sylveon\n|-damage|p1a: Sylveon|44/100\n|move|p1b: Camerupt|Ancient Power|p2b: Houndoom\n|-activate|p2b: Houndoom|move: Protect\n|move|p1a: Sylveon|Hyper Voice|p2b: Houndoom|[spread] p2a\n|-activate|p2b: Houndoom|move: Protect\n|-resisted|p2a: Torkoal|1\n|-damage|p2a: Torkoal|0 fnt\n|faint|p2a: Torkoal\n|\n|-weather|SunnyDay|[upkeep]\n|upkeep\n|\n|t:|1788218185\n|switch|p2a: Aerodactyl|Aerodactyl, L50, M|100/100\n|-ability|p2a: Aerodactyl|Unnerve\n|turn|5\n|\n|t:|1788218200\n|move|p2b: Houndoom|Protect||[still]\n|-fail|p2b: Houndoom\n|move|p1b: Camerupt|Ancient Power|p2b: Houndoom\n|-supereffective|p2b: Houndoom|1\n|-damage|p2b: Houndoom|5/100\n|move|p1a: Sylveon|Hyper Voice|p2b: Houndoom|[spread] p2a,p2b\n|-damage|p2a: Aerodactyl|31/100\n|-damage|p2b: Houndoom|0 fnt\n|faint|p2b: Houndoom\n|move|p2a: Aerodactyl|Rock Slide|p1a: Sylveon|[spread] p1a\n|-miss|p2a: Aerodactyl|p1b: Camerupt\n|-damage|p1a: Sylveon|17/100\n|\n|-weather|none\n|upkeep\n|turn|6\n|c|☆daniiivgc|come on\n|c|☆daniiivgc|this game is terrible\n|c|☆daniiivgc|i outplayed you in the first game and u got lucky\n|c|☆daniiivgc|and now this\n|\n|t:|1788218231\n|move|p2a: Aerodactyl|Protect|p2a: Aerodactyl\n|-singleturn|p2a: Aerodactyl|Protect\n|move|p1b: Camerupt|Ancient Power|p2a: Aerodactyl\n|-activate|p2a: Aerodactyl|move: Protect\n|move|p1a: Sylveon|Hyper Voice|p2a: Aerodactyl\n|-activate|p2a: Aerodactyl|move: Protect\n|\n|-fieldend|move: Trick Room\n|upkeep\n|turn|7\n|\n|t:|1788218237\n|move|p2a: Aerodactyl|Rock Slide|p1b: Camerupt|[spread] p1a,p1b\n|-damage|p1a: Sylveon|0 fnt\n|-damage|p1b: Camerupt|74/100\n|faint|p1a: Sylveon\n|move|p1b: Camerupt|Ancient Power|p2a: Aerodactyl\n|-supereffective|p2a: Aerodactyl|1\n|-damage|p2a: Aerodactyl|0 fnt\n|faint|p2a: Aerodactyl\n|\n|win|stevenage fc\n|raw|stevenage fc's rating: 1310 &rarr; <strong>1327</strong><br />(+17 for winning)\n|raw|daniiivgc's rating: 1261 &rarr; <strong>1240</strong><br />(-21 for losing)\n|c|☆daniiivgc|no flicnhes of course\n|c|☆daniiivgc|this is not fair\n","uploadtime":1788218279,"views":"2","formatid":"gen9championsvgc2026regmbbo3","rating":1240,"private":0,"password":null}