{"id":"gen9championsvgc2026regmb-2673865529","format":"[Gen 9 Champions] VGC 2026 Reg M-B","players":["Thornlace48812","mxnxkzk"],"log":"|j|☆Thornlace48812\n|j|☆mxnxkzk\n|t:|1788270455\n|gametype|doubles\n|player|p1|Thornlace48812|102|1089\n|player|p2|mxnxkzk|265|1176\n|gen|9\n|tier|[Gen 9 Champions] VGC 2026 Reg M-B\n|rated|\n|rule|Species Clause: Limit one of each Pokémon\n|rule|Item Clause: Limit 1 of each item\n|clearpoke\n|poke|p1|Garchomp, L50, M|\n|poke|p1|Charizard, L50, F|\n|poke|p1|Whimsicott, L50, M|\n|poke|p1|Sylveon, L50, F|\n|poke|p1|Kingambit, L50, F|\n|poke|p1|Basculegion, L50, M|\n|poke|p2|Gallade, L50, M|\n|poke|p2|Rotom-Wash, L50|\n|poke|p2|Incineroar, L50, M|\n|poke|p2|Tyranitar, L50, M|\n|poke|p2|Tsareena, L50, F|\n|poke|p2|Staraptor, L50, F|\n|teampreview|4\n|inactive|Battle timer is ON: inactive players will automatically lose when time's up. (requested by Thornlace48812)\nThornlace48812 rejected open team sheets.\n|\n|t:|1788270484\n|teamsize|p1|4\n|teamsize|p2|4\n|start\n|switch|p1a: Whimsicott|Whimsicott, L50, M|100/100\n|switch|p1b: Sylveon|Sylveon, L50, F|100/100\n|switch|p2a: Rotom|Rotom-Wash, L50|100/100\n|switch|p2b: Incineroar|Incineroar, L50, M|100/100\n|-ability|p2b: Incineroar|Intimidate|boost\n|-unboost|p1a: Whimsicott|atk|1\n|-unboost|p1b: Sylveon|atk|1\n|turn|1\n|\n|t:|1788270495\n|move|p1a: Whimsicott|Moonblast|p2a: Rotom\n|-damage|p2a: Rotom|63/100\n|move|p2a: Rotom|Thunderbolt|p1b: Sylveon\n|-damage|p1b: Sylveon|67/100\n|move|p1b: Sylveon|Hyper Voice|p2b: Incineroar|[spread] p2a,p2b\n|-damage|p2a: Rotom|15/100\n|-damage|p2b: Incineroar|57/100\n|move|p2b: Incineroar|Flare Blitz|p1a: Whimsicott\n|-supereffective|p1a: Whimsicott|1\n|-enditem|p1a: Whimsicott|Focus Sash\n|-damage|p1a: Whimsicott|1/100\n|-damage|p2b: Incineroar|35/100|[from] Recoil\n|\n|-heal|p2a: Rotom|21/100|[from] item: Leftovers\n|upkeep\n|turn|2\n|\n|t:|1788270511\n|move|p1a: Whimsicott|Tailwind|p1a: Whimsicott\n|-sidestart|p1: Thornlace48812|move: Tailwind\n|move|p1b: Sylveon|Hyper Beam|p2b: Incineroar\n|-damage|p2b: Incineroar|0 fnt\n|-mustrecharge|p1b: Sylveon\n|faint|p2b: Incineroar\n|move|p2a: Rotom|Thunderbolt|p1b: Sylveon\n|-damage|p1b: Sylveon|34/100\n|\n|-heal|p2a: Rotom|26/100|[from] item: Leftovers\n|upkeep\n|\n|t:|1788270517\n|switch|p2b: Tsareena|Tsareena, L50, F|100/100\n|turn|3\n|\n|t:|1788270522\n|move|p2a: Rotom|Protect|p2a: Rotom\n|-singleturn|p2a: Rotom|Protect\n|move|p1a: Whimsicott|Moonblast|p2a: Rotom\n|-activate|p2a: Rotom|move: Protect\n|move|p2b: Tsareena|Power Whip|p1b: Sylveon\n|-damage|p1b: Sylveon|0 fnt\n|faint|p1b: Sylveon\n|\n|-heal|p2a: Rotom|32/100|[from] item: Leftovers\n|upkeep\n|\n|t:|1788270522\n|switch|p1b: Charizard|Charizard, L50, F|100/100\n|turn|4\n|\n|t:|1788270531\n|detailschange|p1b: Charizard|Charizard-Mega-Y, L50, F\n|-mega|p1b: Charizard|Charizard|Charizardite Y\n|-weather|SunnyDay|[from] ability: Drought|[of] p1b: Charizard\n|move|p1a: Whimsicott|Moonblast|p2b: Tsareena\n|-damage|p2b: Tsareena|59/100\n|move|p1b: Charizard|Heat Wave|p2a: Rotom|[spread] p2a\n|-miss|p1b: Charizard|p2b: Tsareena\n|-resisted|p2a: Rotom|1\n|-damage|p2a: Rotom|0 fnt\n|faint|p2a: Rotom\n|move|p2b: Tsareena|Power Whip|p1a: Whimsicott\n|-resisted|p1a: Whimsicott|1\n|-damage|p1a: Whimsicott|0 fnt\n|faint|p1a: Whimsicott\n|\n|-weather|SunnyDay|[upkeep]\n|upkeep\n|\n|t:|1788270533\n|switch|p1a: Basculegion|Basculegion, L50, M|100/100\n|switch|p2a: Gallade|Gallade, L50, M|100/100\n|turn|5\n|\n|t:|1788270540\n|move|p1b: Charizard|Heat Wave|p2b: Tsareena|[spread] p2a,p2b\n|-supereffective|p2b: Tsareena|1\n|-damage|p2a: Gallade|27/100\n|-damage|p2b: Tsareena|0 fnt\n|faint|p2b: Tsareena\n|move|p1a: Basculegion|Last Respects|p2a: Gallade\n|-supereffective|p2a: Gallade|1\n|-damage|p2a: Gallade|0 fnt\n|faint|p2a: Gallade\n|\n|win|Thornlace48812\n|raw|Thornlace48812's rating: 1079 &rarr; <strong>1115</strong><br />(+36 for winning)\n|raw|mxnxkzk's rating: 1176 &rarr; <strong>1144</strong><br />(-32 for losing)\n","uploadtime":1788270540,"views":"1","formatid":"gen9championsvgc2026regmb","rating":1115,"private":0,"password":null}