{"id":"gen9championsvgc2026regmb-2674113333","format":"[Gen 9 Champions] VGC 2026 Reg M-B","players":["Mr.peolple","pubaladdering"],"log":"|j|☆Mr.peolple\n|j|☆pubaladdering\n|t:|1788301023\n|gametype|doubles\n|player|p1|Mr.peolple|hooligans|1086\n|player|p2|pubaladdering|iono|1048\n|gen|9\n|tier|[Gen 9 Champions] VGC 2026 Reg M-B\n|rated|\n|rule|Species Clause: Limit one of each Pokémon\n|rule|Item Clause: Limit 1 of each item\n|clearpoke\n|poke|p1|Sableye, L50, M|\n|poke|p1|Charizard, L50, F|\n|poke|p1|Meowstic, L50, M|\n|poke|p1|Incineroar, L50, M|\n|poke|p1|Whimsicott, L50, M|\n|poke|p1|Vileplume, L50, M|\n|poke|p2|Bellibolt, L50, M|\n|poke|p2|Gliscor, L50, M|\n|poke|p2|Garchomp, L50, F|\n|poke|p2|Eelektross, L50, F|\n|poke|p2|Meowscarada, L50, M|\n|poke|p2|Liepard, L50, M|\n|teampreview|4\n|inactive|Battle timer is ON: inactive players will automatically lose when time's up. (requested by pubaladdering)\n|inactive|Mr.peolple has 60 seconds left.\n|\n|t:|1788301073\n|teamsize|p1|4\n|teamsize|p2|4\n|start\n|switch|p1a: Whimsicott|Whimsicott, L50, M|100/100\n|switch|p1b: Meowstic|Meowstic, L50, M|100/100\n|switch|p2a: Meowscarada|Meowscarada, L50, M|100/100\n|switch|p2b: Liepard|Liepard, L50, M|100/100\n|turn|1\n|inactive|Mr.peolple has 30 seconds left.\n|inactive|Mr.peolple has 20 seconds left.\n|\n|t:|1788301112\n|move|p1a: Whimsicott|Tailwind|p1a: Whimsicott\n|-sidestart|p1: Mr.peolple|move: Tailwind\n|move|p1b: Meowstic|Gravity|p1b: Meowstic\n|-fieldstart|move: Gravity\n|move|p2b: Liepard|Copycat|p2b: Liepard\n|move|p2b: Liepard|Gravity||[from] move: Copycat|[still]\n|-fail|p2b: Liepard\n|move|p2a: Meowscarada|Triple Axel|p1a: Whimsicott\n|-start|p2a: Meowscarada|typechange|Ice|[from] ability: Protean\n|-supereffective|p1a: Whimsicott|1\n|-damage|p1a: Whimsicott|85/100\n|-supereffective|p1a: Whimsicott|1\n|-damage|p1a: Whimsicott|56/100\n|-supereffective|p1a: Whimsicott|1\n|-damage|p1a: Whimsicott|19/100\n|-hitcount|p1a: Whimsicott|3\n|\n|upkeep\n|turn|2\n|inactive|pubaladdering has 30 seconds left.\n|inactive|Mr.peolple has 30 seconds left.\n|\n|t:|1788301144\n|switch|p1a: Charizard|Charizard, L50, F|100/100\n|move|p1b: Meowstic|Thunder Wave|p2b: Liepard\n|-hint|Since gen 7, Dark is immune to Prankster moves.\n|-immune|p2b: Liepard\n|move|p2b: Liepard|Screech|p1b: Meowstic\n|-unboost|p1b: Meowstic|def|2\n|move|p2a: Meowscarada|Triple Axel|p1b: Meowstic\n|-damage|p1b: Meowstic|82/100\n|-damage|p1b: Meowstic|45/100\n|-damage|p1b: Meowstic|0 fnt\n|faint|p1b: Meowstic\n|-hitcount|p1: Meowstic|3\n|\n|upkeep\n|\n|t:|1788301156\n|switch|p1b: Vileplume|Vileplume, L50, M|100/100\n|turn|3\n|\n|t:|1788301167\n|switch|p2a: Garchomp|Garchomp, L50, F|100/100\n|detailschange|p1a: Charizard|Charizard-Mega-Y, L50, F\n|-mega|p1a: Charizard|Charizard|Charizardite Y\n|-weather|SunnyDay|[from] ability: Drought|[of] p1a: Charizard\n|move|p2b: Liepard|Screech|p1a: Charizard\n|-unboost|p1a: Charizard|def|2\n|move|p1b: Vileplume|Leech Seed|p2b: Liepard\n|-start|p2b: Liepard|move: Leech Seed\n|move|p1a: Charizard|Inferno|p2a: Garchomp\n|-resisted|p2a: Garchomp|1\n|-damage|p2a: Garchomp|42/100\n|-status|p2a: Garchomp|brn\n|\n|-weather|SunnyDay|[upkeep]\n|-damage|p2b: Liepard|87/100|[from] Leech Seed|[of] p1b: Vileplume\n|-damage|p2a: Garchomp|36/100 brn|[from] brn\n|upkeep\n|turn|4\n|inactive|Mr.peolple has 30 seconds left.\n|\n|t:|1788301195\n|switch|p1a: Whimsicott|Whimsicott, L50, M|19/100\n|move|p2b: Liepard|Copycat|p2b: Liepard\n|move|p2b: Liepard|Inferno|p1b: Vileplume|[from] move: Copycat\n|-supereffective|p1b: Vileplume|1\n|-damage|p1b: Vileplume|37/100\n|-status|p1b: Vileplume|brn\n|move|p1b: Vileplume|Teeter Dance|p2b: Liepard|[spread] p1a,p2a,p2b\n|-start|p1a: Whimsicott|confusion\n|-start|p2a: Garchomp|confusion\n|-start|p2b: Liepard|confusion\n|-activate|p2a: Garchomp|confusion\n|-damage|p2a: Garchomp|22/100 brn|[from] confusion\n|\n|-weather|SunnyDay|[upkeep]\n|-damage|p2b: Liepard|75/100|[from] Leech Seed|[of] p1b: Vileplume\n|-heal|p1b: Vileplume|55/100 brn|[silent]\n|-damage|p1b: Vileplume|49/100 brn|[from] brn\n|-damage|p2a: Garchomp|16/100 brn|[from] brn\n|-sideend|p1: Mr.peolple|move: Tailwind\n|upkeep\n|turn|5\n|\n|t:|1788301218\n|switch|p1a: Charizard|Charizard-Mega-Y, L50, F|100/100\n|-activate|p2b: Liepard|confusion\n|-damage|p2b: Liepard|65/100|[from] confusion\n|move|p1b: Vileplume|Giga Drain|p2b: Liepard\n|-damage|p2b: Liepard|11/100\n|-heal|p1b: Vileplume|90/100 brn|[from] drain|[of] p2b: Liepard\n|-activate|p2a: Garchomp|confusion\n|move|p2a: Garchomp|Rock Slide|p1a: Charizard|[spread] p1a,p1b\n|-supereffective|p1a: Charizard|2\n|-damage|p1a: Charizard|32/100\n|-damage|p1b: Vileplume|73/100 brn\n|-damage|p2a: Garchomp|6/100 brn|[from] item: Life Orb\n|\n|-weather|SunnyDay|[upkeep]\n|-damage|p2b: Liepard|0 fnt|[from] Leech Seed|[of] p1b: Vileplume\n|-heal|p1b: Vileplume|90/100 brn|[silent]\n|faint|p2b: Liepard\n|-damage|p1b: Vileplume|84/100 brn|[from] brn\n|-damage|p2a: Garchomp|1/100 brn|[from] brn\n|-fieldend|move: Gravity\n|upkeep\n|\n|t:|1788301238\n|switch|p2b: Meowscarada|Meowscarada, L50, M|100/100\n|turn|6\n|\n|t:|1788301249\n|move|p1a: Charizard|Protect|p1a: Charizard\n|-singleturn|p1a: Charizard|Protect\n|move|p2b: Meowscarada|Power Gem|p1a: Charizard\n|-start|p2b: Meowscarada|typechange|Rock|[from] ability: Protean\n|-activate|p1a: Charizard|move: Protect\n|move|p1b: Vileplume|Teeter Dance|p2a: Garchomp|[spread] p2a,p2b\n|-activate|p1a: Charizard|move: Protect\n|-start|p2b: Meowscarada|confusion\n|-activate|p2a: Garchomp|confusion\n|move|p2a: Garchomp|Iron Head|p1b: Vileplume\n|-damage|p1b: Vileplume|60/100 brn\n|-damage|p2a: Garchomp|0 fnt|[from] item: Life Orb\n|faint|p2a: Garchomp\n|\n|-weather|SunnyDay|[upkeep]\n|-damage|p1b: Vileplume|54/100 brn|[from] brn\n|upkeep\n|\n|t:|1788301259\n|switch|p2a: Eelektross|Eelektross, L50, F|100/100\n|turn|7\n|\n|t:|1788301270\n|switch|p1a: Whimsicott|Whimsicott, L50, M|19/100\n|detailschange|p2a: Eelektross|Eelektross-Mega, L50, F\n|-mega|p2a: Eelektross|Eelektross|Eelektrossite\n|-activate|p2b: Meowscarada|confusion\n|move|p2b: Meowscarada|Power Gem|p1a: Whimsicott\n|-damage|p1a: Whimsicott|0 fnt\n|faint|p1a: Whimsicott\n|move|p1b: Vileplume|Giga Drain|p2b: Meowscarada\n|-supereffective|p2b: Meowscarada|1\n|-damage|p2b: Meowscarada|0 fnt\n|-heal|p1b: Vileplume|100/100 brn|[from] drain|[of] p2b: Meowscarada\n|faint|p2b: Meowscarada\n|move|p2a: Eelektross|Flamethrower|p1b: Vileplume\n|-supereffective|p1b: Vileplume|1\n|-damage|p1b: Vileplume|0 fnt\n|faint|p1b: Vileplume\n|-ability|p2a: Eelektross|Eelevate|boost\n|-boost|p2a: Eelektross|spa|1\n|\n|-weather|none\n|upkeep\n|\n|t:|1788301286\n|switch|p1b: Charizard|Charizard-Mega-Y, L50, F|32/100\n|-weather|SunnyDay|[from] ability: Drought|[of] p1b: Charizard\n|turn|8\n|\n|t:|1788301299\n|move|p1b: Charizard|Heat Wave|p2a: Eelektross\n|-damage|p2a: Eelektross|9/100\n|move|p2a: Eelektross|Discharge|p1b: Charizard\n|-supereffective|p1b: Charizard|1\n|-damage|p1b: Charizard|0 fnt\n|faint|p1b: Charizard\n|\n|win|pubaladdering\n|raw|Mr.peolple's rating: 1086 &rarr; <strong>1061</strong><br />(-25 for losing)\n|raw|pubaladdering's rating: 1048 &rarr; <strong>1084</strong><br />(+36 for winning)\n","uploadtime":1788301306,"views":"7","formatid":"gen9championsvgc2026regmb","rating":1061,"private":0,"password":null}