{"id":"gen9championsvgc2026regmb-2674200933","format":"[Gen 9 Champions] VGC 2026 Reg M-B","players":["strifesada","geardox"],"log":"|j|☆strifesada\n|j|☆geardox\n|html|<table width=\"100%\"><tr><td align=\"left\">strifesada</td><td align=\"right\">geardox</tr><tr><td align=\"left\"><i class=\"fa fa-circle\"></i> <i class=\"fa fa-circle-o\"></i> </td><td align=\"right\"><i class=\"fa fa-circle-o\"></i> <i class=\"fa fa-circle-o\"></i> </tr></table>\n|uhtml|bestof|<h2><strong>Game 2</strong> of <a href=\"/game-bestof3-gen9championsvgc2026regmb-2674198509\">a best-of-3</a></h2>\n|t:|1788314502\n|gametype|doubles\n|player|p1|strifesada|piers|\n|player|p2|geardox|1|\n|gen|9\n|tier|[Gen 9 Champions] VGC 2026 Reg M-B\n|rule|Species Clause: Limit one of each Pokémon\n|rule|Item Clause: Limit 1 of each item\n|raw|<div class=\"infobox\"><details class=\"readmore\" open><summary><strong>1 custom rule:</strong></summary> Best of = 3</details></div>\n|clearpoke\n|poke|p1|Froslass, L50, F|\n|poke|p1|Clefable, L50, M|\n|poke|p1|Scrafty, L50, F|\n|poke|p1|Tsareena, L50, F|\n|poke|p1|Chandelure, L50, M|\n|poke|p1|Garchomp, L50, M|\n|poke|p2|Heliolisk, L50, F|\n|poke|p2|Sneasler, L50, F|\n|poke|p2|Whimsicott, L50, M|\n|poke|p2|Espeon, L50, M|\n|poke|p2|Staraptor, L50, F|\n|poke|p2|Dragonite, L50, M|\n|teampreview|4\ngeardox rejected open team sheets.\n|inactive|Battle timer is ON: inactive players will automatically lose when time's up. (requested by geardox)\n|inactive|geardox has 60 seconds left.\n|\n|t:|1788314565\n|teamsize|p1|4\n|teamsize|p2|4\n|start\n|switch|p1a: Chandelure|Chandelure, L50, M|100/100\n|switch|p1b: Scrafty|Scrafty, L50, F|100/100\n|switch|p2a: Sneasler|Sneasler, L50, F|100/100\n|switch|p2b: Dragonite|Dragonite, L50, M|100/100\n|-ability|p1b: Scrafty|Intimidate|boost\n|-unboost|p2a: Sneasler|atk|1\n|-fail|p2b: Dragonite|unboost|atk|[from] ability: Inner Focus|[of] p2b: Dragonite\n|-enditem|p2a: Sneasler|White Herb\n|-clearnegativeboost|p2a: Sneasler|[silent]\n|turn|1\n|inactive|geardox has 30 seconds left.\n|inactive|strifesada has 30 seconds left.\n|inactive|geardox has 20 seconds left.\n|inactive|geardox has 15 seconds left.\n|\n|t:|1788314606\n|switch|p1b: Garchomp|Garchomp, L50, M|100/100\n|move|p2a: Sneasler|Protect|p2a: Sneasler\n|-singleturn|p2a: Sneasler|Protect\n|move|p2b: Dragonite|Protect|p2b: Dragonite\n|-singleturn|p2b: Dragonite|Protect\n|move|p1a: Chandelure|Trick Room|p1a: Chandelure\n|-fieldstart|move: Trick Room|[of] p1a: Chandelure\n|\n|upkeep\n|turn|2\n|\n|t:|1788314624\n|detailschange|p2b: Dragonite|Dragonite-Mega, L50, M\n|-mega|p2b: Dragonite|Dragonite|Dragoninite\n|move|p1a: Chandelure|Burning Jealousy|p2b: Dragonite|[spread] p2a,p2b\n|-resisted|p2b: Dragonite|1\n|-damage|p2a: Sneasler|65/100\n|-damage|p2b: Dragonite|94/100\n|move|p1b: Garchomp|Dragon Claw|p2b: Dragonite\n|-supereffective|p2b: Dragonite|1\n|-damage|p2b: Dragonite|8/100\n|move|p2b: Dragonite|Surf|p1a: Chandelure|[spread] p2a,p1a,p1b\n|-supereffective|p1a: Chandelure|1\n|-damage|p2a: Sneasler|26/100\n|-damage|p1a: Chandelure|58/100\n|-damage|p1b: Garchomp|74/100\n|move|p2a: Sneasler|Rain Dance|p2a: Sneasler\n|-weather|RainDance\n|\n|-weather|RainDance|[upkeep]\n|upkeep\n|turn|3\n|\n|t:|1788314646\n|move|p2a: Sneasler|Protect|p2a: Sneasler\n|-singleturn|p2a: Sneasler|Protect\n|move|p1a: Chandelure|Shadow Ball|p2a: Sneasler\n|-activate|p2a: Sneasler|move: Protect\n|move|p1b: Garchomp|Dragon Claw|p2b: Dragonite\n|-supereffective|p2b: Dragonite|1\n|-damage|p2b: Dragonite|0 fnt\n|faint|p2b: Dragonite\n|\n|-weather|RainDance|[upkeep]\n|upkeep\n|\n|t:|1788314658\n|switch|p2b: Espeon|Espeon, L50, M|100/100\n|turn|4\n|\n|t:|1788314672\n|move|p2b: Espeon|Protect|p2b: Espeon\n|-singleturn|p2b: Espeon|Protect\n|move|p2a: Sneasler|Protect||[still]\n|-fail|p2a: Sneasler\n|move|p1a: Chandelure|Shadow Ball|p2b: Espeon\n|-activate|p2b: Espeon|move: Protect\n|move|p1b: Garchomp|Stomping Tantrum|p2a: Sneasler\n|-supereffective|p2a: Sneasler|1\n|-damage|p2a: Sneasler|0 fnt\n|faint|p2a: Sneasler\n|\n|-weather|RainDance|[upkeep]\n|upkeep\n|\n|t:|1788314686\n|switch|p2a: Heliolisk|Heliolisk, L50, F|100/100\n|turn|5\n|\n|t:|1788314702\n|move|p1a: Chandelure|Shadow Ball|p2b: Espeon\n|-supereffective|p2b: Espeon|1\n|-damage|p2b: Espeon|27/100\n|move|p1b: Garchomp|Stomping Tantrum|p2a: Heliolisk\n|-supereffective|p2a: Heliolisk|1\n|-damage|p2a: Heliolisk|0 fnt\n|faint|p2a: Heliolisk\n|move|p2b: Espeon|Psychic|p1a: Chandelure\n|-damage|p1a: Chandelure|15/100\n|-damage|p2b: Espeon|17/100|[from] item: Life Orb\n|\n|-weather|RainDance|[upkeep]\n|-fieldend|move: Trick Room\n|upkeep\n|turn|6\n|c|☆geardox|GGS!\n|\n|t:|1788314723\n|move|p2b: Espeon|Psychic|p1a: Chandelure\n|-damage|p1a: Chandelure|0 fnt\n|faint|p1a: Chandelure\n|-damage|p2b: Espeon|7/100|[from] item: Life Orb\n|move|p1b: Garchomp|Dragon Claw|p2b: Espeon\n|-damage|p2b: Espeon|0 fnt\n|faint|p2b: Espeon\n|\n|win|strifesada\n|c|☆strifesada|gg!\n|l|☆strifesada\n|player|p1|\n","uploadtime":1788314723,"views":"0","formatid":"gen9championsvgc2026regmb","rating":null,"private":0,"password":null}