{"id":"gen9championsvgc2026regmbbo3-2674718337","format":"[Gen 9 Champions] VGC 2026 Reg M-B (Bo3)","players":["DaviDXrt","absurdjoseph"],"log":"|j|☆DaviDXrt\n|j|☆absurdjoseph\n|html|<table width=\"100%\"><tr><td align=\"left\">DaviDXrt</td><td align=\"right\">absurdjoseph</tr><tr><td align=\"left\"><i class=\"fa fa-circle-o\"></i> <i class=\"fa fa-circle-o\"></i> </td><td align=\"right\"><i class=\"fa fa-circle-o\"></i> <i class=\"fa fa-circle-o\"></i> </tr></table>\n|uhtml|bestof|<h2><strong>Game 1</strong> of <a href=\"/game-bestof3-gen9championsvgc2026regmbbo3-2674718336\">a best-of-3</a></h2>\n|t:|1788395372\n|gametype|doubles\n|player|p1|DaviDXrt|hilbert|1300\n|player|p2|absurdjoseph|cheren-masters|1259\n|gen|9\n|tier|[Gen 9 Champions] VGC 2026 Reg M-B (Bo3)\n|rated|\n|rule|Species Clause: Limit one of each Pokémon\n|rule|Item Clause: Limit 1 of each item\n|clearpoke\n|poke|p1|Pelipper, L50, M|\n|poke|p1|Archaludon, L50, M|\n|poke|p1|Basculegion, L50, M|\n|poke|p1|Floette-Eternal, L50, F|\n|poke|p1|Sableye, L50, F|\n|poke|p1|Tsareena, L50, F|\n|poke|p2|Camerupt, L50, F, shiny|\n|poke|p2|Sylveon, L50, M, shiny|\n|poke|p2|Kingambit, L50, M, shiny|\n|poke|p2|Farigiraf, L50, F, shiny|\n|poke|p2|Sneasler, L50, M, shiny|\n|poke|p2|Dragonite, L50, M, shiny|\n|teampreview|4\n|showteam|p1|Pelipper||SitrusBerry|Drizzle|Protect,Tailwind,WeatherBall,Hurricane|Modest||M|||50|]Archaludon||QuickClaw|Stamina|Protect,ElectroShot,DracoMeteor,FlashCannon|Modest||M|||50|]Basculegion||LifeOrb|SwiftSwim|Protect,AquaJet,WaveCrash,LastRespects|Adamant||M|||50|]Floette-Eternal||Floettite|FlowerVeil|Protect,Moonblast,DazzlingGleam,LightofRuin|Modest||F|||50|]Sableye||LightClay|Prankster|RainDance,Reflect,LightScreen,Encore|Sassy||F|||50|]Tsareena||WideLens|QueenlyMajesty|HighJumpKick,PowerWhip,TripleAxel,Protect|Adamant||F|||50|\n|showteam|p2|Camerupt||Cameruptite|MagmaArmor|HeatWave,EarthPower,AncientPower,Protect|Quiet||F|||50|]Sylveon||FairyFeather|Pixilate|HyperVoice,HyperBeam,QuickAttack,Protect|Quiet||M|||50|]Kingambit||LifeOrb|Defiant|KowtowCleave,SuckerPunch,IronHead,LowKick|Brave||M|||50|]Farigiraf||SitrusBerry|ArmorTail|Psychic,Thunderbolt,TrickRoom,HelpingHand|Modest||F|||50|]Sneasler||FocusSash|PoisonTouch|CloseCombat,DireClaw,FakeOut,Protect|Jolly||M|||50|]Dragonite||Dragoninite|InnerFocus|DragonPulse,HeatWave,ExtremeSpeed,Protect|Timid||M|||50|\n|inactive|Battle timer is ON: inactive players will automatically lose when time's up. (requested by absurdjoseph)\n|inactive|DaviDXrt also wants the timer to be on.\n|inactive|DaviDXrt has 60 seconds left.\n|inactive|absurdjoseph has 60 seconds left.\n|\n|t:|1788395426\n|teamsize|p1|4\n|teamsize|p2|4\n|start\n|switch|p1a: Archaludon|Archaludon, L50, M|100/100\n|switch|p1b: Basculegion|Basculegion, L50, M|100/100\n|switch|p2a: Chili Powder|Sneasler, L50, M, shiny|100/100\n|switch|p2b: REDACTED|Kingambit, L50, M, shiny|100/100\n|turn|1\n|\n|t:|1788395447\n|switch|p1b: Pelipper|Pelipper, L50, M|100/100\n|-weather|RainDance|[from] ability: Drizzle|[of] p1b: Pelipper\n|move|p2a: Chili Powder|Close Combat|p1a: Archaludon\n|-supereffective|p1a: Archaludon|1\n|-damage|p1a: Archaludon|15/100\n|-unboost|p2a: Chili Powder|def|1\n|-unboost|p2a: Chili Powder|spd|1\n|-ability|p1a: Archaludon|Stamina|boost\n|-boost|p1a: Archaludon|def|1\n|move|p1a: Archaludon|Electro Shot||[still]\n|-prepare|p1a: Archaludon|Electro Shot\n|-boost|p1a: Archaludon|spa|1\n|-anim|p1a: Archaludon|Electro Shot|p2b: REDACTED\n|-damage|p2b: REDACTED|40/100\n|move|p2b: REDACTED|Kowtow Cleave|p1b: Pelipper\n|-damage|p1b: Pelipper|30/100\n|-enditem|p1b: Pelipper|Sitrus Berry|[eat]\n|-heal|p1b: Pelipper|55/100|[from] item: Sitrus Berry\n|-damage|p2b: REDACTED|30/100|[from] item: Life Orb\n|\n|-weather|RainDance|[upkeep]\n|upkeep\n|turn|2\n|inactive|DaviDXrt has 30 seconds left.\n|inactive|absurdjoseph has 30 seconds left.\n|\n|t:|1788395475\n|move|p1a: Archaludon|Protect|p1a: Archaludon\n|-singleturn|p1a: Archaludon|Protect\n|move|p2b: REDACTED|Sucker Punch||[still]\n|-fail|p2b: REDACTED\n|move|p2a: Chili Powder|Dire Claw|p1b: Pelipper\n|-damage|p1b: Pelipper|1/100\n|move|p1b: Pelipper|Tailwind|p1b: Pelipper\n|-sidestart|p1: DaviDXrt|move: Tailwind\n|\n|-weather|RainDance|[upkeep]\n|upkeep\n|turn|3\n|inactive|absurdjoseph has 30 seconds left.\n|\n|t:|1788395504\n|move|p2b: REDACTED|Sucker Punch|p1b: Pelipper\n|-damage|p1b: Pelipper|0 fnt\n|faint|p1b: Pelipper\n|-damage|p2b: REDACTED|21/100|[from] item: Life Orb\n|move|p1a: Archaludon|Electro Shot||[still]\n|-prepare|p1a: Archaludon|Electro Shot\n|-boost|p1a: Archaludon|spa|1\n|-anim|p1a: Archaludon|Electro Shot|p2a: Chili Powder\n|-enditem|p2a: Chili Powder|Focus Sash\n|-damage|p2a: Chili Powder|1/100\n|move|p2a: Chili Powder|Close Combat|p1a: Archaludon\n|-supereffective|p1a: Archaludon|1\n|-damage|p1a: Archaludon|0 fnt\n|-unboost|p2a: Chili Powder|def|1\n|-unboost|p2a: Chili Powder|spd|1\n|faint|p1a: Archaludon\n|\n|-weather|RainDance|[upkeep]\n|upkeep\n|\n|t:|1788395517\n|switch|p1a: Basculegion|Basculegion, L50, M|100/100\n|switch|p1b: Floette|Floette-Eternal, L50, F|100/100\n|turn|4\n|\n|t:|1788395541\n|detailschange|p1b: Floette|Floette-Mega, L50, F\n|-mega|p1b: Floette|Floette|Floettite\n|-ability|p1b: Floette|Fairy Aura\n|move|p2a: Chili Powder|Protect|p2a: Chili Powder\n|-singleturn|p2a: Chili Powder|Protect\n|move|p1a: Basculegion|Aqua Jet|p2a: Chili Powder\n|-activate|p2a: Chili Powder|move: Protect\n|move|p2b: REDACTED|Sucker Punch||[still]\n|-fail|p2b: REDACTED\n|move|p1b: Floette|Moonblast|p2b: REDACTED\n|-damage|p2b: REDACTED|0 fnt\n|faint|p2b: REDACTED\n|\n|-weather|RainDance|[upkeep]\n|upkeep\n|inactive|absurdjoseph has 30 seconds left.\n|\n|t:|1788395569\n|switch|p2b: Dale|Dragonite, L50, M, shiny|100/100\n|turn|5\n|\n|t:|1788395593\n|switch|p2a: HHGregg|Sylveon, L50, M, shiny|100/100\n|detailschange|p2b: Dale|Dragonite-Mega, L50, M, shiny\n|-mega|p2b: Dale|Dragonite|Dragoninite\n|move|p1a: Basculegion|Aqua Jet|p2a: HHGregg\n|-damage|p2a: HHGregg|56/100\n|-damage|p1a: Basculegion|90/100|[from] item: Life Orb\n|move|p1b: Floette|Light of Ruin|p2b: Dale\n|-supereffective|p2b: Dale|1\n|-damage|p2b: Dale|5/100\n|-damage|p1b: Floette|56/100|[from] Recoil\n|move|p2b: Dale|Dragon Pulse|p1a: Basculegion\n|-damage|p1a: Basculegion|44/100\n|\n|-weather|none\n|-sideend|p1: DaviDXrt|move: Tailwind\n|upkeep\n|turn|6\n|inactive|absurdjoseph has 30 seconds left.\n|\n|t:|1788395621\n|move|p2b: Dale|Extreme Speed|p1b: Floette\n|-damage|p1b: Floette|37/100\n|move|p1a: Basculegion|Aqua Jet|p2b: Dale\n|-resisted|p2b: Dale|1\n|-damage|p2b: Dale|0 fnt\n|faint|p2b: Dale\n|-damage|p1a: Basculegion|35/100|[from] item: Life Orb\n|move|p1b: Floette|Light of Ruin|p2a: HHGregg\n|-damage|p2a: HHGregg|0 fnt\n|faint|p2a: HHGregg\n|-damage|p1b: Floette|7/100|[from] Recoil\n|\n|upkeep\n|\n|t:|1788395633\n|switch|p2b: Chili Powder|Sneasler, L50, M, shiny|1/100\n|turn|7\n|\n|t:|1788395640\n|move|p2b: Chili Powder|Fake Out|p1b: Floette\n|-damage|p1b: Floette|0 fnt\n|faint|p1b: Floette\n|move|p1a: Basculegion|Aqua Jet|p2b: Chili Powder\n|-damage|p2b: Chili Powder|0 fnt\n|faint|p2b: Chili Powder\n|-damage|p1a: Basculegion|25/100|[from] item: Life Orb\n|\n|win|DaviDXrt\n","uploadtime":1788395643,"views":"3","formatid":"gen9championsvgc2026regmbbo3","rating":null,"private":0,"password":null}