{"id":"gen9championsvgc2026regmbbo3-2674382177","format":"[Gen 9 Champions] VGC 2026 Reg M-B (Bo3)","players":["IBstudios","shugaiv"],"log":"|j|☆IBstudios\n|j|☆shugaiv\n|html|<table width=\"100%\"><tr><td align=\"left\">IBstudios</td><td align=\"right\">shugaiv</tr><tr><td align=\"left\"><i class=\"fa fa-circle\"></i> <i class=\"fa fa-circle-o\"></i> </td><td align=\"right\"><i class=\"fa fa-circle-o\"></i> <i class=\"fa fa-circle-o\"></i> </tr></table>\n|uhtml|bestof|<h2><strong>Game 2</strong> of <a href=\"/game-bestof3-gen9championsvgc2026regmbbo3-2674380529\">a best-of-3</a></h2>\n|t:|1788352386\n|gametype|doubles\n|player|p1|IBstudios|266|1268\n|player|p2|shugaiv|170|1195\n|gen|9\n|tier|[Gen 9 Champions] VGC 2026 Reg M-B (Bo3)\n|rated|\n|rule|Species Clause: Limit one of each Pokémon\n|rule|Item Clause: Limit 1 of each item\n|clearpoke\n|poke|p1|Incineroar, L50, F|\n|poke|p1|Dragonite, L50, F|\n|poke|p1|Metagross, L50|\n|poke|p1|Sneasler, L50, F|\n|poke|p1|Primarina, L50, M|\n|poke|p1|Sinistcha-Masterpiece, L50|\n|poke|p2|Froslass, L50, F|\n|poke|p2|Sneasler, L50, M|\n|poke|p2|Lycanroc-Dusk, L50, F|\n|poke|p2|Basculegion, L50, M|\n|poke|p2|Kingambit, L50, F|\n|poke|p2|Scovillain, L50, F|\n|teampreview|4\n|showteam|p1|Incineroar||SitrusBerry|Intimidate|FakeOut,FlareBlitz,ThroatChop,PartingShot|Adamant||F|||50|]Dragonite||Dragoninite|Multiscale|DragonPulse,HeatWave,Tailwind,Protect|Modest||F|||50|]Metagross||Metagrossite|ClearBody|PsychicFangs,BulletPunch,BodyPress,Protect|Jolly|||||50|]Sneasler||FocusSash|PoisonTouch|CloseCombat,PoisonJab,FakeOut,Protect|Jolly||F|||50|]Primarina||LifeOrb|LiquidVoice|HyperVoice,Moonblast,CalmMind,Protect|Modest||M|||50|]Sinistcha-Masterpiece||KasibBerry|Hospitality|MatchaGotcha,TrickRoom,RagePowder,Protect|Bold|||||50|\n|showteam|p2|Froslass||Froslassite|CursedBody|Blizzard,ShadowBall,AuroraVeil,Protect|Timid||F|||50|]Sneasler||WhiteHerb|Unburden|CloseCombat,GunkShot,FakeOut,Protect|Adamant||M|||50|]Lycanroc-Dusk||FocusSash|ToughClaws|RockSlide,CloseCombat,Accelerock,Protect|Adamant||F|||50|]Basculegion||LifeOrb|Adaptability|WaveCrash,LastRespects,AquaJet,Protect|Jolly||M|||50|]Kingambit||BlackGlasses|Defiant|KowtowCleave,SuckerPunch,SwordsDance,Protect|Adamant||F|||50|]Scovillain||Scovillainite|Moody|Overheat,GigaDrain,RagePowder,Protect|Bold||F|||50|\n|\n|t:|1788352448\n|teamsize|p1|4\n|teamsize|p2|4\n|start\n|switch|p1a: Dragonite|Dragonite, L50, F|100/100\n|switch|p1b: Sneasler|Sneasler, L50, F|100/100\n|switch|p2a: Scovillain|Scovillain, L50, F|100/100\n|switch|p2b: Basculegion|Basculegion, L50, M|100/100\n|turn|1\n|\n|t:|1788352461\n|detailschange|p1a: Dragonite|Dragonite-Mega, L50, F\n|-mega|p1a: Dragonite|Dragonite|Dragoninite\n|move|p2a: Scovillain|Protect|p2a: Scovillain\n|-singleturn|p2a: Scovillain|Protect\n|move|p1b: Sneasler|Poison Jab|p2a: Scovillain\n|-activate|p2a: Scovillain|move: Protect\n|move|p1a: Dragonite|Tailwind|p1a: Dragonite\n|-sidestart|p1: IBstudios|move: Tailwind\n|move|p2b: Basculegion|Wave Crash|p1b: Sneasler\n|-enditem|p1b: Sneasler|Focus Sash\n|-damage|p1b: Sneasler|1/100\n|-damage|p2b: Basculegion|73/100|[from] Recoil\n|-damage|p2b: Basculegion|63/100|[from] item: Life Orb\n|\n|-ability|p2a: Scovillain|Moody|boost\n|-boost|p2a: Scovillain|spe|2\n|-unboost|p2a: Scovillain|def|1\n|upkeep\n|turn|2\n|\n|t:|1788352485\n|detailschange|p2a: Scovillain|Scovillain-Mega, L50, F\n|-mega|p2a: Scovillain|Scovillain|Scovillainite\n|move|p1b: Sneasler|Protect|p1b: Sneasler\n|-singleturn|p1b: Sneasler|Protect\n|move|p2a: Scovillain|Rage Powder|p2a: Scovillain\n|-singleturn|p2a: Scovillain|move: Rage Powder\n|move|p2b: Basculegion|Aqua Jet|p1b: Sneasler\n|-activate|p1b: Sneasler|move: Protect\n|move|p1a: Dragonite|Dragon Pulse|p2a: Scovillain\n|-damage|p2a: Scovillain|38/100\n|-status|p1a: Dragonite|brn|[from] ability: Spicy Spray|[of] p2a: Scovillain\n|\n|-damage|p1a: Dragonite|94/100 brn|[from] brn\n|upkeep\n|turn|3\n|\n|t:|1788352514\n|switch|p1b: Primarina|Primarina, L50, M|100/100\n|move|p2a: Scovillain|Protect|p2a: Scovillain\n|-singleturn|p2a: Scovillain|Protect\n|move|p1a: Dragonite|Dragon Pulse|p2a: Scovillain\n|-activate|p2a: Scovillain|move: Protect\n|move|p2b: Basculegion|Last Respects|p1b: Primarina\n|-damage|p1b: Primarina|51/100\n|-damage|p2b: Basculegion|54/100|[from] item: Life Orb\n|\n|-damage|p1a: Dragonite|88/100 brn|[from] brn\n|upkeep\n|turn|4\n|\n|t:|1788352547\n|move|p2b: Basculegion|Protect|p2b: Basculegion\n|-singleturn|p2b: Basculegion|Protect\n|move|p1a: Dragonite|Dragon Pulse|p2a: Scovillain\n|-damage|p2a: Scovillain|0 fnt\n|faint|p2a: Scovillain\n|move|p1b: Primarina|Moonblast|p2b: Basculegion\n|-activate|p2b: Basculegion|move: Protect\n|\n|-damage|p1a: Dragonite|82/100 brn|[from] brn\n|-sideend|p1: IBstudios|move: Tailwind\n|upkeep\n|\n|t:|1788352557\n|switch|p2a: Sneasler|Sneasler, L50, M|100/100\n|turn|5\n|\n|t:|1788352565\n|move|p1a: Dragonite|Protect|p1a: Dragonite\n|-singleturn|p1a: Dragonite|Protect\n|move|p1b: Primarina|Protect|p1b: Primarina\n|-singleturn|p1b: Primarina|Protect\n|move|p2a: Sneasler|Fake Out|p1a: Dragonite\n|-activate|p1a: Dragonite|move: Protect\n|move|p2b: Basculegion|Last Respects|p1b: Primarina\n|-activate|p1b: Primarina|move: Protect\n|\n|-damage|p1a: Dragonite|76/100 brn|[from] brn\n|upkeep\n|turn|6\n|\n|t:|1788352593\n|switch|p1b: Sinistcha|Sinistcha-Masterpiece, L50|100/100\n|-heal|p1a: Dragonite|100/100 brn|[from] ability: Hospitality|[of] p1b: Sinistcha\n|move|p2a: Sneasler|Gunk Shot|p1a: Dragonite\n|-damage|p1a: Dragonite|70/100 brn\n|move|p1a: Dragonite|Tailwind|p1a: Dragonite\n|-sidestart|p1: IBstudios|move: Tailwind\n|move|p2b: Basculegion|Last Respects|p1b: Sinistcha\n|-supereffective|p1b: Sinistcha|1\n|-enditem|p1b: Sinistcha|Kasib Berry|[eat]\n|-enditem|p1b: Sinistcha|Kasib Berry|[weaken]\n|-damage|p1b: Sinistcha|43/100\n|-damage|p2b: Basculegion|44/100|[from] item: Life Orb\n|\n|-damage|p1a: Dragonite|64/100 brn|[from] brn\n|upkeep\n|turn|7\n|\n|t:|1788352613\n|move|p2b: Basculegion|Protect|p2b: Basculegion\n|-singleturn|p2b: Basculegion|Protect\n|move|p1a: Dragonite|Dragon Pulse|p2a: Sneasler\n|-damage|p2a: Sneasler|40/100\n|move|p1b: Sinistcha|Matcha Gotcha|p2a: Sneasler|[spread] \n|-activate|p2b: Basculegion|move: Protect\n|-miss|p1b: Sinistcha|p2a: Sneasler\n|move|p2a: Sneasler|Gunk Shot|p1a: Dragonite\n|-damage|p1a: Dragonite|5/100 brn\n|\n|-damage|p1a: Dragonite|0 fnt|[from] brn\n|faint|p1a: Dragonite\n|upkeep\n|\n|t:|1788352630\n|switch|p1a: Primarina|Primarina, L50, M|51/100\n|turn|8\n|\n|t:|1788352641\n|switch|p2b: Kingambit|Kingambit, L50, F|100/100\n|move|p2a: Sneasler|Protect|p2a: Sneasler\n|-singleturn|p2a: Sneasler|Protect\n|move|p1b: Sinistcha|Matcha Gotcha|p2a: Sneasler|[spread] \n|-activate|p2a: Sneasler|move: Protect\n|-miss|p1b: Sinistcha|p2b: Kingambit\n|move|p1a: Primarina|Hyper Voice|p2a: Sneasler|[spread] p2b\n|-activate|p2a: Sneasler|move: Protect\n|-damage|p2b: Kingambit|54/100\n|-damage|p1a: Primarina|41/100|[from] item: Life Orb\n|\n|upkeep\n|turn|9\n|\n|t:|1788352672\n|switch|p1b: Sneasler|Sneasler, L50, F|1/100\n|move|p1a: Primarina|Hyper Voice|p2b: Kingambit|[spread] p2a,p2b\n|-damage|p2a: Sneasler|0 fnt\n|-damage|p2b: Kingambit|10/100\n|faint|p2a: Sneasler\n|-damage|p1a: Primarina|31/100|[from] item: Life Orb\n|move|p2b: Kingambit|Kowtow Cleave|p1b: Sneasler\n|-resisted|p1b: Sneasler|1\n|-damage|p1b: Sneasler|0 fnt\n|faint|p1b: Sneasler\n|\n|-sideend|p1: IBstudios|move: Tailwind\n|upkeep\n|\n|t:|1788352684\n|switch|p1b: Sinistcha|Sinistcha-Masterpiece, L50|43/100\n|switch|p2a: Basculegion|Basculegion, L50, M|44/100\n|-heal|p1a: Primarina|56/100|[from] ability: Hospitality|[of] p1b: Sinistcha\n|turn|10\n|\n|t:|1788352714\n|move|p1b: Sinistcha|Rage Powder|p1b: Sinistcha\n|-singleturn|p1b: Sinistcha|move: Rage Powder\n|move|p2a: Basculegion|Last Respects|p1b: Sinistcha\n|-supereffective|p1b: Sinistcha|1\n|-damage|p1b: Sinistcha|0 fnt\n|faint|p1b: Sinistcha\n|-damage|p2a: Basculegion|35/100|[from] item: Life Orb\n|move|p1a: Primarina|Moonblast|p2a: Basculegion\n|-damage|p2a: Basculegion|0 fnt\n|faint|p2a: Basculegion\n|-damage|p1a: Primarina|46/100|[from] item: Life Orb\n|move|p2b: Kingambit|Swords Dance|p2b: Kingambit\n|-boost|p2b: Kingambit|atk|2\n|\n|upkeep\n|turn|11\n|\n|t:|1788352733\n|move|p2b: Kingambit|Sucker Punch||[still]\n|-fail|p2b: Kingambit\n|move|p1a: Primarina|Calm Mind|p1a: Primarina\n|-boost|p1a: Primarina|spa|1\n|-boost|p1a: Primarina|spd|1\n|\n|upkeep\n|turn|12\n|\n|t:|1788352740\n|move|p1a: Primarina|Protect|p1a: Primarina\n|-singleturn|p1a: Primarina|Protect\n|move|p2b: Kingambit|Sucker Punch||[still]\n|-fail|p2b: Kingambit\n|\n|upkeep\n|turn|13\n|\n|t:|1788352753\n|move|p2b: Kingambit|Protect|p2b: Kingambit\n|-singleturn|p2b: Kingambit|Protect\n|move|p1a: Primarina|Moonblast|p2b: Kingambit\n|-activate|p2b: Kingambit|move: Protect\n|\n|upkeep\n|turn|14\n|\n|t:|1788352760\n|move|p1a: Primarina|Protect|p1a: Primarina\n|-singleturn|p1a: Primarina|Protect\n|move|p2b: Kingambit|Sucker Punch||[still]\n|-fail|p2b: Kingambit\n|\n|upkeep\n|turn|15\n|\n|t:|1788352773\n|move|p2b: Kingambit|Sucker Punch|p1a: Primarina\n|-resisted|p1a: Primarina|1\n|-damage|p1a: Primarina|0 fnt\n|faint|p1a: Primarina\n|\n|win|shugaiv\n","uploadtime":1788352779,"views":"1","formatid":"gen9championsvgc2026regmbbo3","rating":null,"private":0,"password":null}