{"id":"gen9championsvgc2026regmbbo3-2673912252","format":"[Gen 9 Champions] VGC 2026 Reg M-B (Bo3)","players":["shadow193","Ralph-LM"],"log":"|j|☆shadow193\n|j|☆Ralph-LM\n|html|<table width=\"100%\"><tr><td align=\"left\">shadow193</td><td align=\"right\">Ralph-LM</tr><tr><td align=\"left\"><i class=\"fa fa-circle\"></i> <i class=\"fa fa-circle-o\"></i> </td><td align=\"right\"><i class=\"fa fa-circle-o\"></i> <i class=\"fa fa-circle\"></i> </tr></table>\n|uhtml|bestof|<h2><strong>Game 3</strong> of <a href=\"/game-bestof3-gen9championsvgc2026regmbbo3-2673910047\">a best-of-3</a></h2>\n|t:|1788276284\n|gametype|doubles\n|player|p1|shadow193|veteran|\n|player|p2|Ralph-LM|proton|\n|gen|9\n|tier|[Gen 9 Champions] VGC 2026 Reg M-B (Bo3)\n|rule|Species Clause: Limit one of each Pokémon\n|rule|Item Clause: Limit 1 of each item\n|clearpoke\n|poke|p1|Bellibolt, L50, M|\n|poke|p1|Grimmsnarl, L50, M|\n|poke|p1|Oranguru, L50, M|\n|poke|p1|Raichu, L50, F|\n|poke|p1|Drampa, L50, M|\n|poke|p1|Sinistcha, L50|\n|poke|p2|Garchomp, L50, F|\n|poke|p2|Delphox, L50, M, shiny|\n|poke|p2|Rotom-Wash, L50, shiny|\n|poke|p2|Whimsicott, L50, F|\n|poke|p2|Staraptor, L50, M|\n|poke|p2|Kleavor, L50, M|\n|teampreview|4\n|showteam|p1|Bellibolt||SitrusBerry|Electromorphosis|ParabolicCharge,Protect,Soak,Thunderbolt|Modest||M|||50|]Grimmsnarl||LightClay|Prankster|LightScreen,Reflect,PartingShot,FoulPlay|Calm||M|||50|]Oranguru||ColburBerry|Telepathy|TrickRoom,Instruct,Protect,Psychic|Sassy||M|||50|]Raichu||RaichuniteY|Static|ZapCannon,FakeOut,Protect,FocusBlast|Hasty||F|||50|]Drampa||Drampanite|Berserk|IceBeam,HyperVoice,EarthPower,Protect|Modest||M|||50|]Sinistcha||OccaBerry|Hospitality|RagePowder,MatchaGotcha,StrengthSap,TrickRoom|Relaxed|||||50|\n|showteam|p2|Garchomp||FocusSash|RoughSkin|Earthquake,DragonClaw,PoisonJab,Protect|Adamant||F|||50|]Delphox||Delphoxite|Blaze|Psychic,HeatWave,NastyPlot,Protect|Timid||M|||50|]Rotom-Wash||Magnet|Levitate|VoltSwitch,HydroPump,Reflect,Protect|Quiet|||||50|]Whimsicott||OccaBerry|Prankster|LightScreen,Tailwind,Charm,EnergyBall|Bold||F|||50|]Staraptor||Staraptite|Intimidate|CloseCombat,DualWingbeat,Roost,Protect|Adamant||M|||50|]Kleavor||SilkScarf|Sharpness|XScissor,StoneAxe,QuickAttack,Protect|Adamant||M|||50|\n|\n|t:|1788276322\n|teamsize|p1|4\n|teamsize|p2|4\n|start\n|switch|p1a: Oranguru|Oranguru, L50, M|100/100\n|switch|p1b: Bellibolt|Bellibolt, L50, M|100/100\n|switch|p2a: Kleavor|Kleavor, L50, M|100/100\n|switch|p2b: Staraptor|Staraptor, L50, M|100/100\n|-ability|p2b: Staraptor|Intimidate|boost\n|-unboost|p1a: Oranguru|atk|1\n|-unboost|p1b: Bellibolt|atk|1\n|turn|1\n|\n|t:|1788276340\n|detailschange|p2b: Staraptor|Staraptor-Mega, L50, M\n|-mega|p2b: Staraptor|Staraptor|Staraptite\n|move|p2b: Staraptor|Close Combat|p1b: Bellibolt\n|-damage|p1b: Bellibolt|36/100\n|-boost|p2b: Staraptor|def|1\n|-boost|p2b: Staraptor|spd|1\n|-start|p1b: Bellibolt|Charge|Close Combat|[from] ability: Electromorphosis\n|-enditem|p1b: Bellibolt|Sitrus Berry|[eat]\n|-heal|p1b: Bellibolt|61/100|[from] item: Sitrus Berry\n|move|p2a: Kleavor|X-Scissor|p1a: Oranguru\n|-supereffective|p1a: Oranguru|1\n|-damage|p1a: Oranguru|0 fnt\n|faint|p1a: Oranguru\n|move|p1b: Bellibolt|Parabolic Charge|p2a: Kleavor|[spread] p2a,p2b\n|-supereffective|p2b: Staraptor|1\n|-damage|p2a: Kleavor|39/100\n|-heal|p1b: Bellibolt|84/100|[from] drain|[of] p2a: Kleavor\n|-damage|p2b: Staraptor|33/100\n|-heal|p1b: Bellibolt|100/100|[from] drain|[of] p2b: Staraptor\n|-end|p1b: Bellibolt|Charge|[silent]\n|\n|upkeep\n|\n|t:|1788276360\n|switch|p1a: Sinistcha|Sinistcha, L50|100/100\n|turn|2\n|\n|t:|1788276380\n|move|p2b: Staraptor|Dual Wingbeat|p1a: Sinistcha\n|-supereffective|p1a: Sinistcha|1\n|-damage|p1a: Sinistcha|69/100\n|-supereffective|p1a: Sinistcha|1\n|-damage|p1a: Sinistcha|39/100\n|-hitcount|p1a: Sinistcha|2\n|move|p2a: Kleavor|X-Scissor|p1b: Bellibolt\n|-damage|p1b: Bellibolt|38/100\n|-start|p1b: Bellibolt|Charge|X-Scissor|[from] ability: Electromorphosis\n|move|p1b: Bellibolt|Thunderbolt|p2b: Staraptor\n|-supereffective|p2b: Staraptor|1\n|-damage|p2b: Staraptor|0 fnt\n|faint|p2b: Staraptor\n|-end|p1b: Bellibolt|Charge|[silent]\n|move|p1a: Sinistcha|Trick Room|p1a: Sinistcha\n|-fieldstart|move: Trick Room|[of] p1a: Sinistcha\n|\n|upkeep\n|\n|t:|1788276385\n|switch|p2b: Garchomp|Garchomp, L50, F|100/100\n|turn|3\n|\n|t:|1788276393\n|move|p1b: Bellibolt|Parabolic Charge|p2b: Garchomp|[spread] p1a,p2a\n|-immune|p2b: Garchomp\n|-resisted|p1a: Sinistcha|1\n|-damage|p1a: Sinistcha|24/100\n|-heal|p1b: Bellibolt|44/100|[from] drain|[of] p1a: Sinistcha\n|-damage|p2a: Kleavor|7/100\n|-heal|p1b: Bellibolt|56/100|[from] drain|[of] p2a: Kleavor\n|move|p1a: Sinistcha|Strength Sap|p2b: Garchomp\n|-unboost|p2b: Garchomp|atk|1\n|-heal|p1a: Sinistcha|100/100\n|move|p2a: Kleavor|X-Scissor|p1a: Sinistcha\n|-damage|p1a: Sinistcha|52/100\n|move|p2b: Garchomp|Earthquake|p1a: Sinistcha|[spread] p2a,p1a,p1b\n|-resisted|p1a: Sinistcha|1\n|-supereffective|p1b: Bellibolt|1\n|-damage|p2a: Kleavor|0 fnt\n|-damage|p1a: Sinistcha|42/100\n|-damage|p1b: Bellibolt|6/100\n|-start|p1b: Bellibolt|Charge|Earthquake|[from] ability: Electromorphosis\n|faint|p2a: Kleavor\n|\n|upkeep\n|\n|t:|1788276415\n|switch|p2a: Whimsicott|Whimsicott, L50, F|100/100\n|turn|4\n|\n|t:|1788276432\n|switch|p1a: Drampa|Drampa, L50, M|100/100\n|move|p1b: Bellibolt|Thunderbolt|p2a: Whimsicott\n|-resisted|p2a: Whimsicott|1\n|-damage|p2a: Whimsicott|48/100\n|-end|p1b: Bellibolt|Charge|[silent]\n|move|p2a: Whimsicott|Energy Ball|p1b: Bellibolt\n|-damage|p1b: Bellibolt|0 fnt\n|faint|p1b: Bellibolt\n|move|p2b: Garchomp|Dragon Claw|p1a: Drampa\n|-supereffective|p1a: Drampa|1\n|-damage|p1a: Drampa|37/100\n|-ability|p1a: Drampa|Berserk|boost\n|-boost|p1a: Drampa|spa|1\n|\n|upkeep\n|\n|t:|1788276438\n|switch|p1b: Sinistcha|Sinistcha, L50|42/100\n|-heal|p1a: Drampa|62/100|[from] ability: Hospitality|[of] p1b: Sinistcha\n|turn|5\n|\n|t:|1788276458\n|detailschange|p1a: Drampa|Drampa-Mega, L50, M\n|-mega|p1a: Drampa|Drampa|Drampanite\n|move|p2b: Garchomp|Protect|p2b: Garchomp\n|-singleturn|p2b: Garchomp|Protect\n|move|p2a: Whimsicott|Light Screen|p2a: Whimsicott\n|-sidestart|p2: Ralph-LM|move: Light Screen\n|move|p1a: Drampa|Ice Beam|p2b: Garchomp\n|-activate|p2b: Garchomp|move: Protect\n|move|p1b: Sinistcha|Matcha Gotcha|p2a: Whimsicott|[spread] p2a\n|-activate|p2b: Garchomp|move: Protect\n|-resisted|p2a: Whimsicott|1\n|-damage|p2a: Whimsicott|39/100\n|-heal|p1b: Sinistcha|47/100|[from] drain|[of] p2a: Whimsicott\n|\n|upkeep\n|turn|6\n|\n|t:|1788276485\n|move|p2a: Whimsicott|Tailwind|p2a: Whimsicott\n|-sidestart|p2: Ralph-LM|move: Tailwind\n|move|p1a: Drampa|Ice Beam|p2b: Garchomp\n|-supereffective|p2b: Garchomp|2\n|-enditem|p2b: Garchomp|Focus Sash\n|-damage|p2b: Garchomp|1/100\n|move|p1b: Sinistcha|Matcha Gotcha|p2a: Whimsicott|[spread] p2a,p2b\n|-resisted|p2a: Whimsicott|1\n|-damage|p2a: Whimsicott|30/100\n|-heal|p1b: Sinistcha|51/100|[from] drain|[of] p2a: Whimsicott\n|-damage|p2b: Garchomp|0 fnt\n|-heal|p1b: Sinistcha|51/100|[from] drain|[of] p2b: Garchomp\n|faint|p2b: Garchomp\n|\n|-fieldend|move: Trick Room\n|upkeep\n|turn|7\n|\n|t:|1788276500\n|move|p2a: Whimsicott|Charm|p1b: Sinistcha\n|-unboost|p1b: Sinistcha|atk|2\n|move|p1a: Drampa|Hyper Voice|p2a: Whimsicott\n|-damage|p2a: Whimsicott|0 fnt\n|faint|p2a: Whimsicott\n|\n|win|shadow193\n","uploadtime":1788276501,"views":"0","formatid":"gen9championsvgc2026regmbbo3","rating":null,"private":0,"password":null}