{"id":"gen9championsvgc2026regmb-2673854677","format":"[Gen 9 Champions] VGC 2026 Reg M-B","players":["Thornlace48812","ufefefhhh"],"log":"|j|☆Thornlace48812\n|j|☆ufefefhhh\n|t:|1788268950\n|gametype|doubles\n|player|p1|Thornlace48812|102|1183\n|player|p2|ufefefhhh|266|1117\n|gen|9\n|tier|[Gen 9 Champions] VGC 2026 Reg M-B\n|rated|\n|rule|Species Clause: Limit one of each Pokémon\n|rule|Item Clause: Limit 1 of each item\n|clearpoke\n|poke|p1|Garchomp, L50, F|\n|poke|p1|Charizard, L50, F|\n|poke|p1|Whimsicott, L50, M|\n|poke|p1|Sylveon, L50, M|\n|poke|p1|Kingambit, L50, M|\n|poke|p1|Basculegion, L50, M|\n|poke|p2|Lopunny, L50, M|\n|poke|p2|Sylveon, L50, F|\n|poke|p2|Basculegion, L50, M|\n|poke|p2|Talonflame, L50, F|\n|poke|p2|Garchomp, L50, M|\n|poke|p2|Glimmora, L50, M|\n|teampreview|4\n|inactive|Battle timer is ON: inactive players will automatically lose when time's up. (requested by Thornlace48812)\nThornlace48812 rejected open team sheets.\n|\n|t:|1788268971\n|teamsize|p1|4\n|teamsize|p2|4\n|start\n|switch|p1a: Charizard|Charizard, L50, F|100/100\n|switch|p1b: Whimsicott|Whimsicott, L50, M|100/100\n|switch|p2a: Talonflame|Talonflame, L50, F|100/100\n|switch|p2b: Glimmora|Glimmora, L50, M|100/100\n|turn|1\n|\n|t:|1788268992\n|detailschange|p1a: Charizard|Charizard-Mega-Y, L50, F\n|-mega|p1a: Charizard|Charizard|Charizardite Y\n|-weather|SunnyDay|[from] ability: Drought|[of] p1a: Charizard\n|move|p2b: Glimmora|Spiky Shield|p2b: Glimmora\n|-singleturn|p2b: Glimmora|move: Protect\n|move|p1b: Whimsicott|Tailwind|p1b: Whimsicott\n|-sidestart|p1: Thornlace48812|move: Tailwind\n|move|p2a: Talonflame|Tailwind|p2a: Talonflame\n|-sidestart|p2: ufefefhhh|move: Tailwind\n|move|p1a: Charizard|Heat Wave|p2b: Glimmora|[spread] \n|-activate|p2b: Glimmora|move: Protect\n|-miss|p1a: Charizard|p2a: Talonflame\n|\n|-weather|SunnyDay|[upkeep]\n|upkeep\n|turn|2\n|\n|t:|1788269001\n|detailschange|p2b: Glimmora|Glimmora-Mega, L50, M\n|-mega|p2b: Glimmora|Glimmora|Glimmoranite\n|move|p1b: Whimsicott|Encore|p2a: Talonflame\n|-start|p2a: Talonflame|Encore\n|move|p2a: Talonflame|Tailwind||[still]\n|-fail|p2a: Talonflame\n|move|p2b: Glimmora|Power Gem|p1a: Charizard\n|-supereffective|p1a: Charizard|2\n|-damage|p1a: Charizard|0 fnt\n|faint|p1a: Charizard\n|\n|-weather|SunnyDay|[upkeep]\n|upkeep\n|\n|t:|1788269002\n|switch|p1a: Sylveon|Sylveon, L50, M|100/100\n|turn|3\n|\n|t:|1788269012\n|switch|p2a: Basculegion|Basculegion, L50, M|100/100\n|move|p1b: Whimsicott|Protect|p1b: Whimsicott\n|-singleturn|p1b: Whimsicott|Protect\n|move|p2b: Glimmora|Sludge Bomb|p1a: Sylveon\n|-supereffective|p1a: Sylveon|1\n|-damage|p1a: Sylveon|0 fnt\n|faint|p1a: Sylveon\n|\n|-weather|SunnyDay|[upkeep]\n|upkeep\n|\n|t:|1788269012\n|switch|p1a: Basculegion|Basculegion, L50, M|100/100\n|turn|4\n|\n|t:|1788269026\n|move|p2a: Basculegion|Protect|p2a: Basculegion\n|-singleturn|p2a: Basculegion|Protect\n|move|p1b: Whimsicott|Moonblast|p2a: Basculegion\n|-activate|p2a: Basculegion|move: Protect\n|move|p2b: Glimmora|Sludge Bomb|p1b: Whimsicott\n|-supereffective|p1b: Whimsicott|2\n|-enditem|p1b: Whimsicott|Focus Sash\n|-damage|p1b: Whimsicott|1/100\n|-status|p1b: Whimsicott|psn\n|move|p1a: Basculegion|Last Respects|p2a: Basculegion\n|-activate|p2a: Basculegion|move: Protect\n|\n|-weather|SunnyDay|[upkeep]\n|-damage|p1b: Whimsicott|0 fnt|[from] psn\n|faint|p1b: Whimsicott\n|-sideend|p2: ufefefhhh|move: Tailwind\n|-sideend|p1: Thornlace48812|move: Tailwind\n|upkeep\n|turn|5\n|\n|t:|1788269037\n|switch|p2a: Sylveon|Sylveon, L50, F|100/100\n|move|p2b: Glimmora|Power Gem|p1a: Basculegion\n|-damage|p1a: Basculegion|32/100\n|move|p1a: Basculegion|Last Respects|p2a: Sylveon\n|-damage|p2a: Sylveon|0 fnt\n|faint|p2a: Sylveon\n|\n|-weather|none\n|upkeep\n|\n|t:|1788269040\n|switch|p2a: Talonflame|Talonflame, L50, F|100/100\n|turn|6\n|\n|t:|1788269044\n|move|p2a: Talonflame|Tailwind|p2a: Talonflame\n|-sidestart|p2: ufefefhhh|move: Tailwind\n|move|p2b: Glimmora|Power Gem|p1a: Basculegion\n|-damage|p1a: Basculegion|0 fnt\n|faint|p1a: Basculegion\n|\n|win|ufefefhhh\n|raw|Thornlace48812's rating: 1159 &rarr; <strong>1131</strong><br />(-28 for losing)\n|raw|ufefefhhh's rating: 1117 &rarr; <strong>1145</strong><br />(+28 for winning)\n","uploadtime":1788269045,"views":"0","formatid":"gen9championsvgc2026regmb","rating":1131,"private":0,"password":null}