{"id":"gen9championsvgc2026regmbbo3-2674680346","format":"[Gen 9 Champions] VGC 2026 Reg M-B (Bo3)","players":["disciple of blahaj","Descugi"],"log":"|j|☆disciple of blahaj\n|j|☆Descugi\n|html|<table width=\"100%\"><tr><td align=\"left\">disciple of blahaj</td><td align=\"right\">Descugi</tr><tr><td align=\"left\"><i class=\"fa fa-circle-o\"></i> <i class=\"fa fa-circle-o\"></i> </td><td align=\"right\"><i class=\"fa fa-circle-o\"></i> <i class=\"fa fa-circle\"></i> </tr></table>\n|uhtml|bestof|<h2><strong>Game 2</strong> of <a href=\"/game-bestof3-gen9championsvgc2026regmbbo3-2674678029\">a best-of-3</a></h2>\n|t:|1788389528\n|gametype|doubles\n|player|p1|disciple of blahaj|jacinthe|1218\n|player|p2|Descugi|265|1268\n|gen|9\n|tier|[Gen 9 Champions] VGC 2026 Reg M-B (Bo3)\n|rated|\n|rule|Species Clause: Limit one of each Pokémon\n|rule|Item Clause: Limit 1 of each item\n|clearpoke\n|poke|p1|Eelektross, L50, F|\n|poke|p1|Garchomp, L50, F|\n|poke|p1|Aerodactyl, L50, F|\n|poke|p1|Sinistcha, L50|\n|poke|p1|Toxapex, L50, F|\n|poke|p1|Froslass, L50, F, shiny|\n|poke|p2|Staraptor, L50, M|\n|poke|p2|Arcanine-Hisui, L50, F|\n|poke|p2|Kingambit, L50, M|\n|poke|p2|Sylveon, L50, F|\n|poke|p2|Raichu, L50, F|\n|poke|p2|Farigiraf, L50, M|\n|teampreview|4\n|showteam|p1|Eelektross||Eelektrossite|Levitate|Protect,Discharge,VoltSwitch,Flamethrower|Modest||F|||50|]Garchomp||ChoiceScarf|RoughSkin|Earthquake,RockSlide,DragonClaw,StompingTantrum|Adamant||F|||50|]Aerodactyl||FocusSash|Unnerve|Protect,RockSlide,DualWingbeat,Tailwind|Jolly||F|||50|]Sinistcha||SitrusBerry|Hospitality|Protect,MatchaGotcha,ShadowBall,TrickRoom|Calm|||||50|]Toxapex||Leftovers|Regenerator|BanefulBunker,Toxic,Infestation,WideGuard|Sassy||F|||50|]Froslass||Froslassite|CursedBody|AuroraVeil,Blizzard,ShadowBall,Taunt|Modest||F|||50|\n|showteam|p2|Staraptor||Staraptite|Intimidate|DualWingbeat,CloseCombat,Tailwind,Protect|Jolly||M|||50|]Arcanine-Hisui||FocusSash|RockHead|FlareBlitz,HeadSmash,ExtremeSpeed,Protect|Jolly||F|||50|]Kingambit||LifeOrb|Defiant|KowtowCleave,SuckerPunch,SwordsDance,Protect|Adamant||M|||50|]Sylveon||FairyFeather|Pixilate|HyperVoice,HyperBeam,QuickAttack,Detect|Modest||F|||50|]Raichu||RaichuniteY|LightningRod|ZapCannon,FocusBlast,FakeOut,Protect|Timid||F|||50|]Farigiraf||SitrusBerry|ArmorTail|Psychic,HelpingHand,TrickRoom,Protect|Calm||M|||50|\n|inactive|Battle timer is ON: inactive players will automatically lose when time's up. (requested by disciple of blahaj)\n|\n|t:|1788389551\n|teamsize|p1|4\n|teamsize|p2|4\n|start\n|switch|p1a: Chai Tea|Sinistcha, L50|100/100\n|switch|p1b: Noelle|Froslass, L50, F, shiny|100/100\n|switch|p2a: Raichu|Raichu, L50, F|100/100\n|switch|p2b: Farigiraf|Farigiraf, L50, M|100/100\n|turn|1\n|\n|t:|1788389570\n|detailschange|p2a: Raichu|Raichu-Mega-Y, L50, F\n|-mega|p2a: Raichu|Raichu|Raichunite Y\n|detailschange|p1b: Noelle|Froslass-Mega, L50, F, shiny\n|-mega|p1b: Noelle|Froslass|Froslassite\n|-weather|Snowscape|[from] ability: Snow Warning|[of] p1b: Noelle\n|move|p2b: Farigiraf|Helping Hand|p2a: Raichu\n|-singleturn|p2a: Raichu|Helping Hand|[of] p2b: Farigiraf\n|move|p2a: Raichu|Zap Cannon|p1b: Noelle\n|-damage|p1b: Noelle|7/100\n|-status|p1b: Noelle|par\n|move|p1a: Chai Tea|Matcha Gotcha|p2b: Farigiraf|[spread] p2a,p2b\n|-damage|p2a: Raichu|70/100\n|-damage|p2b: Farigiraf|79/100\n|move|p1b: Noelle|Blizzard|p2a: Raichu|[spread] p2a,p2b\n|-crit|p2a: Raichu\n|-damage|p2a: Raichu|0 fnt\n|-damage|p2b: Farigiraf|41/100\n|-enditem|p2b: Farigiraf|Sitrus Berry|[eat]\n|-heal|p2b: Farigiraf|66/100|[from] item: Sitrus Berry\n|faint|p2a: Raichu\n|\n|-weather|Snowscape|[upkeep]\n|upkeep\n|\n|t:|1788389591\n|switch|p2a: Sylveon|Sylveon, L50, F|100/100\n|turn|2\n|\n|t:|1788389609\n|move|p2a: Sylveon|Quick Attack|p1b: Noelle\n|-damage|p1b: Noelle|0 fnt\n|faint|p1b: Noelle\n|move|p1a: Chai Tea|Matcha Gotcha|p2a: Sylveon|[spread] p2a,p2b\n|-damage|p2a: Sylveon|82/100\n|-damage|p2b: Farigiraf|46/100\n|-status|p2a: Sylveon|brn\n|-status|p2b: Farigiraf|brn\n|move|p2b: Farigiraf|Psychic|p1a: Chai Tea\n|-damage|p1a: Chai Tea|69/100\n|-unboost|p1a: Chai Tea|spd|1\n|\n|-weather|Snowscape|[upkeep]\n|-damage|p2a: Sylveon|76/100 brn|[from] brn\n|-damage|p2b: Farigiraf|40/100 brn|[from] brn\n|upkeep\n|\n|t:|1788389624\n|switch|p1b: Eskeelators|Eelektross, L50, F|100/100\n|turn|3\n|\n|t:|1788389636\n|move|p2b: Farigiraf|Helping Hand|p2a: Sylveon\n|-singleturn|p2a: Sylveon|Helping Hand|[of] p2b: Farigiraf\n|move|p2a: Sylveon|Hyper Voice|p1a: Chai Tea|[spread] p1a,p1b\n|-damage|p1a: Chai Tea|0 fnt\n|-damage|p1b: Eskeelators|16/100\n|faint|p1a: Chai Tea\n|move|p1b: Eskeelators|Discharge|p2a: Sylveon|[spread] p2a,p2b\n|-damage|p2a: Sylveon|56/100 brn\n|-damage|p2b: Farigiraf|17/100 brn\n|\n|-weather|Snowscape|[upkeep]\n|-damage|p2a: Sylveon|50/100g brn|[from] brn\n|-damage|p2b: Farigiraf|11/100 brn|[from] brn\n|upkeep\n|\n|t:|1788389649\n|switch|p1a: Blåhaj|Garchomp, L50, F|100/100\n|turn|4\n|\n|t:|1788389672\n|move|p2a: Sylveon|Detect|p2a: Sylveon\n|-singleturn|p2a: Sylveon|Protect\n|move|p2b: Farigiraf|Protect|p2b: Farigiraf\n|-singleturn|p2b: Farigiraf|Protect\n|move|p1a: Blåhaj|Rock Slide|p2b: Farigiraf|[spread] \n|-activate|p2a: Sylveon|move: Protect\n|-activate|p2b: Farigiraf|move: Protect\n|move|p1b: Eskeelators|Discharge|p2b: Farigiraf|[spread] \n|-activate|p2a: Sylveon|move: Protect\n|-activate|p2b: Farigiraf|move: Protect\n|-immune|p1a: Blåhaj\n|\n|-weather|Snowscape|[upkeep]\n|-damage|p2a: Sylveon|45/100 brn|[from] brn\n|-damage|p2b: Farigiraf|4/100 brn|[from] brn\n|upkeep\n|turn|5\n|\n|t:|1788389688\n|move|p2b: Farigiraf|Helping Hand|p2a: Sylveon\n|-singleturn|p2a: Sylveon|Helping Hand|[of] p2b: Farigiraf\n|move|p2a: Sylveon|Quick Attack|p1b: Eskeelators\n|-damage|p1b: Eskeelators|6/100\n|move|p1a: Blåhaj|Rock Slide|p2b: Farigiraf|[spread] p2a,p2b\n|-damage|p2a: Sylveon|18/100 brn\n|-damage|p2b: Farigiraf|0 fnt\n|faint|p2b: Farigiraf\n|move|p1b: Eskeelators|Discharge|p2a: Sylveon|[spread] p2a\n|-immune|p1a: Blåhaj\n|-damage|p2a: Sylveon|0 fnt\n|faint|p2a: Sylveon\n|\n|-weather|none\n|upkeep\n|\n|t:|1788389694\n|switch|p2b: Staraptor|Staraptor, L50, M|100/100\n|-ability|p2b: Staraptor|Intimidate|boost\n|-unboost|p1a: Blåhaj|atk|1\n|-unboost|p1b: Eskeelators|atk|1\n|turn|6\n|\n|t:|1788389709\n|move|p1a: Blåhaj|Rock Slide|p2b: Staraptor\n|-supereffective|p2b: Staraptor|1\n|-damage|p2b: Staraptor|51/100\n|cant|p2b: Staraptor|flinch\n|move|p1b: Eskeelators|Discharge|p2b: Staraptor|[spread] p2b\n|-immune|p1a: Blåhaj\n|-supereffective|p2b: Staraptor|1\n|-damage|p2b: Staraptor|0 fnt\n|faint|p2b: Staraptor\n|\n|win|disciple of blahaj\n||Descugi is ready for game 3.\n|inactive|disciple of blahaj has 30 seconds to confirm battle start!\n||disciple of blahaj is ready for game 3.\n|uhtml|next|Next: <a href=\"/battle-gen9championsvgc2026regmbbo3-2674681689\"><strong>Game 3 of 3</strong></a>\n|l|☆Descugi\n|player|p2|\n","uploadtime":1788390031,"views":"4","formatid":"gen9championsvgc2026regmbbo3","rating":null,"private":0,"password":null}