{"id":"gen9championsvgc2026regmb-2674253140","format":"[Gen 9 Champions] VGC 2026 Reg M-B","players":["neogoldfish","ShrimpGun"],"log":"|j|☆neogoldfish\n|j|☆ShrimpGun\n|t:|1788324009\n|gametype|doubles\n|player|p1|neogoldfish|266|1346\n|player|p2|ShrimpGun|fisherman-gen4|1286\n|gen|9\n|tier|[Gen 9 Champions] VGC 2026 Reg M-B\n|rated|\n|rule|Species Clause: Limit one of each Pokémon\n|rule|Item Clause: Limit 1 of each item\n|clearpoke\n|poke|p1|Basculegion, L50, M|\n|poke|p1|Sneasler, L50, M|\n|poke|p1|Kingambit, L50, F|\n|poke|p1|Ceruledge, L50, F|\n|poke|p1|Froslass, L50, F|\n|poke|p1|Dragonite, L50, F|\n|poke|p2|Staraptor, L50, M|\n|poke|p2|Farigiraf, L50, F, shiny|\n|poke|p2|Clawitzer, L50, M|\n|poke|p2|Arcanine-Hisui, L50, F|\n|poke|p2|Sylveon, L50, F|\n|poke|p2|Vivillon, L50, F|\n|teampreview|4\n|\n|t:|1788324041\n|teamsize|p1|4\n|teamsize|p2|4\n|start\n|switch|p1a: Basculegion|Basculegion, L50, M|100/100\n|switch|p1b: Sneasler|Sneasler, L50, M|100/100\n|switch|p2a: Vivillon|Vivillon, L50, F|100/100\n|switch|p2b: Farigiraf|Farigiraf, L50, F, shiny|100/100\n|turn|1\n|inactive|Battle timer is ON: inactive players will automatically lose when time's up. (requested by neogoldfish)\n|\n|t:|1788324058\n|move|p2a: Vivillon|Sleep Powder|p1a: Basculegion\n|-status|p1a: Basculegion|slp|[from] move: Sleep Powder\n|cant|p1a: Basculegion|slp\n|move|p1b: Sneasler|Dire Claw|p2b: Farigiraf\n|-damage|p2b: Farigiraf|59/100\n|-status|p2b: Farigiraf|psn\n|move|p2b: Farigiraf|Nasty Plot|p2b: Farigiraf\n|-boost|p2b: Farigiraf|spa|2\n|\n|-damage|p2b: Farigiraf|46/100 psn|[from] psn\n|upkeep\n|-enditem|p2b: Farigiraf|Sitrus Berry|[eat]\n|-heal|p2b: Farigiraf|71/100 psn|[from] item: Sitrus Berry\n|turn|2\n|\n|t:|1788324077\n|move|p2a: Vivillon|Sleep Powder|p1b: Sneasler\n|-status|p1b: Sneasler|slp|[from] move: Sleep Powder\n|-curestatus|p1a: Basculegion|slp|[msg]\n|move|p1a: Basculegion|Wave Crash|p2b: Farigiraf\n|-damage|p2b: Farigiraf|0 fnt\n|faint|p2b: Farigiraf\n|-damage|p1a: Basculegion|73/100|[from] Recoil\n|cant|p1b: Sneasler|slp\n|\n|upkeep\n|\n|t:|1788324081\n|switch|p2b: Staraptor|Staraptor, L50, M|100/100\n|-ability|p2b: Staraptor|Intimidate|boost\n|-unboost|p1a: Basculegion|atk|1\n|-unboost|p1b: Sneasler|atk|1\n|turn|3\n|\n|t:|1788324104\n|switch|p1b: Ceruledge|Ceruledge, L50, F|100/100\n|detailschange|p2b: Staraptor|Staraptor-Mega, L50, M\n|-mega|p2b: Staraptor|Staraptor|Staraptite\n|move|p2a: Vivillon|Sleep Powder|p1a: Basculegion\n|-status|p1a: Basculegion|slp|[from] move: Sleep Powder\n|cant|p1a: Basculegion|slp\n|move|p2b: Staraptor|Tailwind|p2b: Staraptor\n|-sidestart|p2: ShrimpGun|move: Tailwind\n|\n|upkeep\n|turn|4\n|\n|t:|1788324119\n|switch|p2a: Clawitzer|Clawitzer, L50, M|100/100\n|move|p1b: Ceruledge|Shadow Sneak|p2a: Clawitzer\n|-damage|p2a: Clawitzer|72/100\n|move|p2b: Staraptor|Brave Bird|p1a: Basculegion\n|-damage|p1a: Basculegion|0 fnt\n|faint|p1a: Basculegion\n|-damage|p2b: Staraptor|74/100|[from] Recoil\n|\n|upkeep\n|\n|t:|1788324128\n|switch|p1a: Sneasler|Sneasler, L50, M|100/100 slp\n|turn|5\n|\n|t:|1788324136\n|move|p1b: Ceruledge|Protect|p1b: Ceruledge\n|-singleturn|p1b: Ceruledge|Protect\n|cant|p1a: Sneasler|slp\n|move|p2b: Staraptor|Close Combat|p1a: Sneasler\n|-resisted|p1a: Sneasler|1\n|-damage|p1a: Sneasler|49/100 slp\n|-boost|p2b: Staraptor|def|1\n|-boost|p2b: Staraptor|spd|1\n|move|p2a: Clawitzer|Water Pulse|p1b: Ceruledge\n|-activate|p1b: Ceruledge|move: Protect\n|\n|upkeep\n|turn|6\n|inactive|neogoldfish has 30 seconds left.\n|inactive|neogoldfish has 20 seconds left.\n|\n|t:|1788324172\n|move|p1b: Ceruledge|Shadow Sneak|p2b: Staraptor\n|-damage|p2b: Staraptor|62/100\n|move|p2b: Staraptor|Close Combat|p1a: Sneasler\n|-resisted|p1a: Sneasler|1\n|-damage|p1a: Sneasler|6/100 slp\n|-boost|p2b: Staraptor|def|1\n|-boost|p2b: Staraptor|spd|1\n|move|p2a: Clawitzer|Water Pulse|p1b: Ceruledge\n|-supereffective|p1b: Ceruledge|1\n|-damage|p1b: Ceruledge|0 fnt\n|faint|p1b: Ceruledge\n|-damage|p2a: Clawitzer|63/100|[from] item: Life Orb\n|-curestatus|p1a: Sneasler|slp|[msg]\n|move|p1a: Sneasler|Dire Claw|p2b: Staraptor\n|-damage|p2b: Staraptor|41/100\n|-status|p2b: Staraptor|par\n|\n|-sideend|p2: ShrimpGun|move: Tailwind\n|upkeep\n|\n|t:|1788324188\n|switch|p1b: Froslass|Froslass, L50, F|100/100\n|turn|7\n|\n|t:|1788324203\n|detailschange|p1b: Froslass|Froslass-Mega, L50, F\n|-mega|p1b: Froslass|Froslass|Froslassite\n|-weather|Snowscape|[from] ability: Snow Warning|[of] p1b: Froslass\n|move|p1a: Sneasler|Protect|p1a: Sneasler\n|-singleturn|p1a: Sneasler|Protect\n|move|p2a: Clawitzer|Protect|p2a: Clawitzer\n|-singleturn|p2a: Clawitzer|Protect\n|move|p1b: Froslass|Blizzard|p2b: Staraptor|[spread] p2b\n|-activate|p2a: Clawitzer|move: Protect\n|-supereffective|p2b: Staraptor|1\n|-damage|p2b: Staraptor|0 fnt\n|faint|p2b: Staraptor\n|\n|-weather|Snowscape|[upkeep]\n|upkeep\n|\n|t:|1788324209\n|switch|p2b: Vivillon|Vivillon, L50, F|100/100\n|turn|8\n|\n|t:|1788324228\n|move|p2b: Vivillon|Pollen Puff|p1a: Sneasler\n|-resisted|p1a: Sneasler|2\n|-damage|p1a: Sneasler|0 fnt\n|faint|p1a: Sneasler\n|move|p1b: Froslass|Blizzard|p2b: Vivillon|[spread] p2a,p2b\n|-resisted|p2a: Clawitzer|1\n|-supereffective|p2b: Vivillon|1\n|-damage|p2a: Clawitzer|35/100\n|-damage|p2b: Vivillon|0 fnt\n|faint|p2b: Vivillon\n|move|p2a: Clawitzer|Dark Pulse|p1b: Froslass\n|-supereffective|p1b: Froslass|1\n|-damage|p1b: Froslass|0 fnt\n|faint|p1b: Froslass\n|-damage|p2a: Clawitzer|25/100|[from] item: Life Orb\n|\n|win|ShrimpGun\n|raw|neogoldfish's rating: 1346 &rarr; <strong>1323</strong><br />(-23 for losing)\n|raw|ShrimpGun's rating: 1286 &rarr; <strong>1315</strong><br />(+29 for winning)\n","uploadtime":1788324235,"views":"16","formatid":"gen9championsvgc2026regmb","rating":1315,"private":0,"password":null}