{"id":"gen9championsvgc2026regmb-2674019529","format":"[Gen 9 Champions] VGC 2026 Reg M-B","players":["robby k 360","tamshikh"],"log":"|j|☆robby k 360\n|j|☆tamshikh\n|t:|1788288945\n|gametype|doubles\n|player|p1|robby k 360|red|1430\n|player|p2|tamshikh|170|1323\n|gen|9\n|tier|[Gen 9 Champions] VGC 2026 Reg M-B\n|rated|\n|rule|Species Clause: Limit one of each Pokémon\n|rule|Item Clause: Limit 1 of each item\n|clearpoke\n|poke|p1|Scizor, L50, F|\n|poke|p1|Azumarill, L50, M|\n|poke|p1|Sinistcha, L50|\n|poke|p1|Raichu, L50, F|\n|poke|p1|Kommo-o, L50, M|\n|poke|p1|Meowstic, L50, M|\n|poke|p2|Vivillon, L50, F|\n|poke|p2|Volcarona, L50, M|\n|poke|p2|Kleavor, L50, F|\n|poke|p2|Scizor, L50, F|\n|poke|p2|Scolipede, L50, F|\n|poke|p2|Araquanid, L50, M|\n|teampreview|4\n|inactive|Battle timer is ON: inactive players will automatically lose when time's up. (requested by robby k 360)\n|\n|t:|1788288975\n|teamsize|p1|4\n|teamsize|p2|4\n|start\n|switch|p1a: Raichu|Raichu, L50, F|100/100\n|switch|p1b: Azumarill|Azumarill, L50, M|100/100\n|switch|p2a: Kleavor|Kleavor, L50, F|100/100\n|switch|p2b: Volcarona|Volcarona, L50, M|100/100\n|turn|1\n|\n|t:|1788288990\n|detailschange|p1a: Raichu|Raichu-Mega-Y, L50, F\n|-mega|p1a: Raichu|Raichu|Raichunite Y\n|move|p1a: Raichu|Fake Out|p2a: Kleavor\n|-resisted|p2a: Kleavor|1\n|-damage|p2a: Kleavor|95/100\n|cant|p2a: Kleavor|flinch\n|move|p2b: Volcarona|Quiver Dance|p2b: Volcarona\n|-boost|p2b: Volcarona|spa|1\n|-boost|p2b: Volcarona|spd|1\n|-boost|p2b: Volcarona|spe|1\n|move|p1b: Azumarill|Belly Drum|p1b: Azumarill\n|-damage|p1b: Azumarill|50/100y\n|-setboost|p1b: Azumarill|atk|6|[from] move: Belly Drum\n|-enditem|p1b: Azumarill|Sitrus Berry|[eat]\n|-heal|p1b: Azumarill|74/100|[from] item: Sitrus Berry\n|\n|upkeep\n|turn|2\n|\n|t:|1788289008\n|move|p2a: Kleavor|Quick Guard|p2a: Kleavor\n|-singleturn|p2a: Kleavor|Quick Guard\n|move|p1b: Azumarill|Aqua Jet|p2b: Volcarona\n|-activate|p2b: Volcarona|move: Quick Guard\n|move|p2b: Volcarona|Will-O-Wisp|p1b: Azumarill\n|-status|p1b: Azumarill|brn\n|move|p1a: Raichu|Zap Cannon|p2a: Kleavor\n|-damage|p2a: Kleavor|11/100\n|-status|p2a: Kleavor|par\n|\n|-damage|p1b: Azumarill|68/100 brn|[from] brn\n|upkeep\n|turn|3\n|\n|t:|1788289022\n|move|p2a: Kleavor|Quick Guard|p2a: Kleavor\n|-singleturn|p2a: Kleavor|Quick Guard\n|move|p1b: Azumarill|Aqua Jet|p2b: Volcarona\n|-activate|p2b: Volcarona|move: Quick Guard\n|move|p2b: Volcarona|Heat Wave|p1a: Raichu|[spread] p1a,p1b\n|-resisted|p1b: Azumarill|1\n|-damage|p1a: Raichu|16/100\n|-damage|p1b: Azumarill|37/100 brn\n|move|p1a: Raichu|Zap Cannon|p2a: Kleavor\n|-damage|p2a: Kleavor|0 fnt\n|faint|p2a: Kleavor\n|\n|-damage|p1b: Azumarill|31/100 brn|[from] brn\n|upkeep\n|\n|t:|1788289036\n|switch|p2a: Vivillon|Vivillon, L50, F|100/100\n|turn|4\n|\n|t:|1788289050\n|switch|p1a: Sinistcha|Sinistcha, L50|100/100\n|-heal|p1b: Azumarill|56/100 brn|[from] ability: Hospitality|[of] p1a: Sinistcha\n|move|p1b: Azumarill|Protect|p1b: Azumarill\n|-singleturn|p1b: Azumarill|Protect\n|move|p2a: Vivillon|Rage Powder|p2a: Vivillon\n|-singleturn|p2a: Vivillon|move: Rage Powder\n|move|p2b: Volcarona|Heat Wave|p1a: Sinistcha|[spread] p1a\n|-activate|p1b: Azumarill|move: Protect\n|-supereffective|p1a: Sinistcha|1\n|-damage|p1a: Sinistcha|0 fnt\n|faint|p1a: Sinistcha\n|\n|-damage|p1b: Azumarill|50/100g brn|[from] brn\n|upkeep\n|\n|t:|1788289063\n|switch|p1a: Raichu|Raichu-Mega-Y, L50, F|16/100\n|turn|5\n|\n|t:|1788289070\n|switch|p2b: Scolipede|Scolipede, L50, F|100/100\n|move|p1a: Raichu|Fake Out|p2a: Vivillon\n|-damage|p2a: Vivillon|86/100\n|move|p1b: Azumarill|Aqua Jet|p2b: Scolipede\n|-damage|p2b: Scolipede|29/100\n|cant|p2a: Vivillon|flinch\n|\n|-damage|p1b: Azumarill|44/100 brn|[from] brn\n|upkeep\n|turn|6\n|\n|t:|1788289097\n|detailschange|p2b: Scolipede|Scolipede-Mega, L50, F\n|-mega|p2b: Scolipede|Scolipede|Scolipite\n|move|p2a: Vivillon|Rage Powder|p2a: Vivillon\n|-singleturn|p2a: Vivillon|move: Rage Powder\n|move|p1b: Azumarill|Aqua Jet|p2a: Vivillon\n|-damage|p2a: Vivillon|0 fnt\n|faint|p2a: Vivillon\n|move|p1a: Raichu|Zap Cannon|p2b: Scolipede\n|-damage|p2b: Scolipede|0 fnt\n|faint|p2b: Scolipede\n|\n|-damage|p1b: Azumarill|38/100 brn|[from] brn\n|upkeep\n|\n|t:|1788289106\n|switch|p2b: Volcarona|Volcarona, L50, M|100/100\n|turn|7\n|\n|t:|1788289113\n|move|p1b: Azumarill|Aqua Jet|p2b: Volcarona\n|-supereffective|p2b: Volcarona|1\n|-damage|p2b: Volcarona|0 fnt\n|faint|p2b: Volcarona\n|\n|win|robby k 360\n|raw|robby k 360's rating: 1430 &rarr; <strong>1444</strong><br />(+14 for winning)\n|raw|tamshikh's rating: 1323 &rarr; <strong>1309</strong><br />(-14 for losing)\n|l|☆tamshikh\n|player|p2|\n","uploadtime":1788289131,"views":"8","formatid":"gen9championsvgc2026regmb","rating":1309,"private":0,"password":null}