{"id":"gen9championsvgc2026regmb-2674042667","format":"[Gen 9 Champions] VGC 2026 Reg M-B","players":["m3troGoonin","mrbananoe"],"log":"|j|☆m3troGoonin\n|j|☆mrbananoe\n|t:|1788291713\n|gametype|doubles\n|player|p1|m3troGoonin|101|1442\n|player|p2|mrbananoe|dawn-gen4pt|1503\n|gen|9\n|tier|[Gen 9 Champions] VGC 2026 Reg M-B\n|rated|\n|rule|Species Clause: Limit one of each Pokémon\n|rule|Item Clause: Limit 1 of each item\n|clearpoke\n|poke|p1|Scovillain, L50, F, shiny|\n|poke|p1|Basculegion, L50, M|\n|poke|p1|Kingambit, L50, M|\n|poke|p1|Sneasler, L50, M|\n|poke|p1|Lycanroc-Dusk, L50, M|\n|poke|p1|Froslass, L50, F|\n|poke|p2|Raichu, L50, M|\n|poke|p2|Milotic, L50, F, shiny|\n|poke|p2|Kingambit, L50, F|\n|poke|p2|Noivern, L50, M|\n|poke|p2|Scizor, L50, F, shiny|\n|poke|p2|Incineroar, L50, F|\n|teampreview|4\n|inactive|Battle timer is ON: inactive players will automatically lose when time's up. (requested by mrbananoe)\n|\n|t:|1788291776\n|teamsize|p1|4\n|teamsize|p2|4\n|start\n|switch|p1a: Scovillain|Scovillain, L50, F, shiny|100/100\n|switch|p1b: Kingambit|Kingambit, L50, M|100/100\n|switch|p2a: Noivern|Noivern, L50, M|100/100\n|switch|p2b: Incineroar|Incineroar, L50, F|100/100\n|-item|p1a: Scovillain|Scovillainite|[from] ability: Frisk|[of] p2a: Noivern\n|-item|p1b: Kingambit|Black Glasses|[from] ability: Frisk|[of] p2a: Noivern\n|-ability|p2b: Incineroar|Intimidate|boost\n|-unboost|p1a: Scovillain|atk|1\n|-unboost|p1b: Kingambit|atk|1\n|-ability|p1b: Kingambit|Defiant|boost\n|-boost|p1b: Kingambit|atk|2\n|turn|1\n|inactive|m3troGoonin has 30 seconds left.\n|\n|t:|1788291803\n|move|p1a: Scovillain|Protect|p1a: Scovillain\n|-singleturn|p1a: Scovillain|Protect\n|move|p2a: Noivern|Air Slash|p1a: Scovillain\n|-activate|p1a: Scovillain|move: Protect\n|move|p2b: Incineroar|Flare Blitz|p1b: Kingambit\n|-supereffective|p1b: Kingambit|1\n|-damage|p1b: Kingambit|30/100\n|-damage|p2b: Incineroar|74/100|[from] Recoil\n|move|p1b: Kingambit|Swords Dance|p1b: Kingambit\n|-boost|p1b: Kingambit|atk|2\n|\n|-ability|p1a: Scovillain|Moody|boost\n|-boost|p1a: Scovillain|spe|2\n|-unboost|p1a: Scovillain|spd|1\n|upkeep\n|turn|2\n|inactive|m3troGoonin has 30 seconds left.\n|\n|t:|1788291832\n|switch|p2a: Kingambit|Kingambit, L50, F|100/100\n|detailschange|p1a: Scovillain|Scovillain-Mega, L50, F, shiny\n|-mega|p1a: Scovillain|Scovillain|Scovillainite\n|move|p1a: Scovillain|Rage Powder|p1a: Scovillain\n|-singleturn|p1a: Scovillain|move: Rage Powder\n|move|p1b: Kingambit|Sucker Punch||[still]\n|-fail|p1b: Kingambit\n|move|p2b: Incineroar|Flare Blitz|p1a: Scovillain\n|-damage|p1a: Scovillain|54/100\n|-damage|p2b: Incineroar|61/100|[from] Recoil\n|\n|upkeep\n|turn|3\n|inactive|m3troGoonin has 30 seconds left.\n|inactive|mrbananoe has 30 seconds left.\n|\n|t:|1788291866\n|move|p2a: Kingambit|Protect|p2a: Kingambit\n|-singleturn|p2a: Kingambit|Protect\n|move|p1b: Kingambit|Sucker Punch||[still]\n|-fail|p1b: Kingambit\n|move|p1a: Scovillain|Overheat|p2a: Kingambit\n|-activate|p2a: Kingambit|move: Protect\n|move|p2b: Incineroar|Parting Shot|p1a: Scovillain\n|-unboost|p1a: Scovillain|atk|1\n|-unboost|p1a: Scovillain|spa|1\n|\n|t:|1788291874\n|switch|p2b: Noivern|Noivern, L50, M|100/100|[from] Parting Shot\n|-item|p1a: Scovillain|Scovillainite|[from] ability: Frisk|[of] p2b: Noivern\n|-item|p1b: Kingambit|Black Glasses|[from] ability: Frisk|[of] p2b: Noivern\n|\n|upkeep\n|turn|4\n|\n|t:|1788291890\n|switch|p2a: Incineroar|Incineroar, L50, F|61/100\n|-ability|p2a: Incineroar|Intimidate|boost\n|-unboost|p1a: Scovillain|atk|1\n|-unboost|p1b: Kingambit|atk|1\n|-ability|p1b: Kingambit|Defiant|boost\n|-boost|p1b: Kingambit|atk|2\n|move|p1a: Scovillain|Rage Powder|p1a: Scovillain\n|-singleturn|p1a: Scovillain|move: Rage Powder\n|move|p1b: Kingambit|Sucker Punch||[still]\n|-fail|p1b: Kingambit\n|move|p2b: Noivern|Switcheroo||[still]\n|-fail|p2b: Noivern\n|\n|upkeep\n|turn|5\n|inactive|mrbananoe has 30 seconds left.\n|inactive|m3troGoonin has 30 seconds left.\n|inactive|m3troGoonin has 20 seconds left.\n|\n|t:|1788291931\n|switch|p2b: Kingambit|Kingambit, L50, F|100/100\n|move|p1a: Scovillain|Protect|p1a: Scovillain\n|-singleturn|p1a: Scovillain|Protect\n|move|p1b: Kingambit|Protect|p1b: Kingambit\n|-singleturn|p1b: Kingambit|Protect\n|move|p2a: Incineroar|Flare Blitz|p1b: Kingambit\n|-activate|p1b: Kingambit|move: Protect\n|\n|upkeep\n|turn|6\n|\n|t:|1788291954\n|move|p2b: Kingambit|Protect|p2b: Kingambit\n|-singleturn|p2b: Kingambit|Protect\n|move|p1b: Kingambit|Sucker Punch|p2a: Incineroar\n|-resisted|p2a: Incineroar|1\n|-damage|p2a: Incineroar|1/100\n|-enditem|p2a: Incineroar|Sitrus Berry|[eat]\n|-heal|p2a: Incineroar|25/100|[from] item: Sitrus Berry\n|move|p1a: Scovillain|Overheat|p2b: Kingambit\n|-activate|p2b: Kingambit|move: Protect\n|move|p2a: Incineroar|Flare Blitz|p1b: Kingambit\n|-supereffective|p1b: Kingambit|1\n|-damage|p1b: Kingambit|0 fnt\n|faint|p1b: Kingambit\n|-damage|p2a: Incineroar|15/100|[from] Recoil\n|\n|upkeep\n|\n|t:|1788291969\n|switch|p1b: Sneasler|Sneasler, L50, M|100/100\n|turn|7\n|c|☆m3troGoonin|brother\n|c|☆mrbananoe|damn\n|inactive|m3troGoonin has 30 seconds left.\n|inactive|m3troGoonin has 20 seconds left.\n|inactive|m3troGoonin has 15 seconds left.\n|\n|t:|1788292009\n|switch|p2b: Noivern|Noivern, L50, M|100/100\n|-item|p1a: Scovillain|Scovillainite|[from] ability: Frisk|[of] p2b: Noivern\n|-item|p1b: Sneasler|White Herb|[from] ability: Frisk|[of] p2b: Noivern\n|move|p1b: Sneasler|Fake Out|p2a: Incineroar\n|-damage|p2a: Incineroar|3/100\n|move|p1a: Scovillain|Overheat|p2b: Noivern\n|-resisted|p2b: Noivern|1\n|-damage|p2b: Noivern|74/100\n|-unboost|p1a: Scovillain|spa|2\n|cant|p2a: Incineroar|flinch\n|\n|upkeep\n|turn|8\n|inactive|m3troGoonin has 30 seconds left.\n|\n|t:|1788292035\n|switch|p1b: Basculegion|Basculegion, L50, M|100/100\n|move|p2b: Noivern|Air Slash|p1b: Basculegion\n|-damage|p1b: Basculegion|56/100\n|move|p1a: Scovillain|Overheat|p2a: Incineroar\n|-resisted|p2a: Incineroar|1\n|-damage|p2a: Incineroar|0 fnt\n|-unboost|p1a: Scovillain|spa|2\n|faint|p2a: Incineroar\n|\n|upkeep\n|\n|t:|1788292044\n|switch|p2a: Kingambit|Kingambit, L50, F|100/100\n|turn|9\n|inactive|m3troGoonin has 30 seconds left.\n|\n|t:|1788292078\n|move|p1a: Scovillain|Rage Powder|p1a: Scovillain\n|-singleturn|p1a: Scovillain|move: Rage Powder\n|move|p2b: Noivern|Air Slash|p1a: Scovillain\n|-supereffective|p1a: Scovillain|1\n|-damage|p1a: Scovillain|0 fnt\n|-status|p2b: Noivern|brn|[from] ability: Spicy Spray|[of] p1a: Scovillain\n|faint|p1a: Scovillain\n|move|p1b: Basculegion|Wave Crash|p2a: Kingambit\n|-damage|p2a: Kingambit|19/100\n|-damage|p1b: Basculegion|28/100|[from] Recoil\n|-damage|p1b: Basculegion|19/100|[from] item: Life Orb\n|move|p2a: Kingambit|Kowtow Cleave|p1b: Basculegion\n|-supereffective|p1b: Basculegion|1\n|-damage|p1b: Basculegion|0 fnt\n|faint|p1b: Basculegion\n|\n|-damage|p2b: Noivern|68/100 brn|[from] brn\n|upkeep\n|\n|t:|1788292088\n|switch|p1b: Sneasler|Sneasler, L50, M|100/100\n|turn|10\n|c|☆mrbananoe|WHAT A READ\n|\n|t:|1788292099\n|switch|p2b: Scizor|Scizor, L50, F, shiny|100/100\n|move|p2a: Kingambit|Protect|p2a: Kingambit\n|-singleturn|p2a: Kingambit|Protect\n|move|p1b: Sneasler|Dire Claw|p2b: Scizor\n|-immune|p2b: Scizor\n|\n|upkeep\n|turn|11\n|c|☆m3troGoonin|?\n|c|☆mrbananoe|instead of going for the sucker\n|inactive|m3troGoonin has 30 seconds left.\n|c|☆mrbananoe|i went for the kowtow\n|inactive|m3troGoonin has 20 seconds left.\n|inactive|m3troGoonin has 15 seconds left.\n|inactive|m3troGoonin has 10 seconds left.\n|inactive|m3troGoonin has 5 seconds left.\n|c|☆mrbananoe|i really hate scovillian\n|\n|t:|1788292154\n|detailschange|p2b: Scizor|Scizor-Mega, L50, F, shiny\n|-mega|p2b: Scizor|Scizor|Scizorite\n|move|p2b: Scizor|Bullet Punch|p1b: Sneasler\n|-damage|p1b: Sneasler|43/100\n|move|p2a: Kingambit|Sucker Punch|p1b: Sneasler\n|-resisted|p1b: Sneasler|1\n|-damage|p1b: Sneasler|12/100\n|move|p1b: Sneasler|Close Combat|p2a: Kingambit\n|-supereffective|p2a: Kingambit|2\n|-enditem|p2a: Kingambit|Chople Berry|[eat]\n|-enditem|p2a: Kingambit|Chople Berry|[weaken]\n|-damage|p2a: Kingambit|0 fnt\n|-unboost|p1b: Sneasler|def|1\n|-unboost|p1b: Sneasler|spd|1\n|faint|p2a: Kingambit\n|-enditem|p1b: Sneasler|White Herb\n|-clearnegativeboost|p1b: Sneasler|[silent]\n|\n|upkeep\n|\n|t:|1788292167\n|switch|p2a: Noivern|Noivern, L50, M|68/100 brn\n|turn|12\n|-message|m3troGoonin forfeited.\n|\n|win|mrbananoe\n|raw|m3troGoonin's rating: 1442 &rarr; <strong>1425</strong><br />(-17 for losing)\n|raw|mrbananoe's rating: 1503 &rarr; <strong>1520</strong><br />(+17 for winning)\n|l|☆m3troGoonin\n|player|p1|\n|c|☆mrbananoe|GGS\n","uploadtime":1788292173,"views":"4","formatid":"gen9championsvgc2026regmb","rating":1425,"private":0,"password":null}