{"id":"gen9championsvgc2026regmb-2674422027","format":"[Gen 9 Champions] VGC 2026 Reg M-B","players":["notbloodmask","lordpokes"],"log":"|j|☆notbloodmask\n|j|☆lordpokes\n|t:|1788357867\n|gametype|doubles\n|player|p1|notbloodmask|unknown|1057\n|player|p2|lordpokes|2|1059\n|gen|9\n|tier|[Gen 9 Champions] VGC 2026 Reg M-B\n|rated|\n|rule|Species Clause: Limit one of each Pokémon\n|rule|Item Clause: Limit 1 of each item\n|clearpoke\n|poke|p1|Scizor, L50, M|\n|poke|p1|Kommo-o, L50, F|\n|poke|p1|Whimsicott, L50, F|\n|poke|p1|Vanilluxe, L50, F|\n|poke|p1|Glimmora, L50, F|\n|poke|p1|Starmie, L50|\n|poke|p2|Excadrill, L50, F|\n|poke|p2|Whimsicott, L50, M|\n|poke|p2|Staraptor, L50, M|\n|poke|p2|Tyranitar, L50, M|\n|poke|p2|Greninja, L50, M|\n|poke|p2|Garchomp, L50, M|\n|teampreview|4\n|inactive|Battle timer is ON: inactive players will automatically lose when time's up. (requested by lordpokes)\n|\n|t:|1788357916\n|teamsize|p1|4\n|teamsize|p2|4\n|start\n|switch|p1a: Whimsicott|Whimsicott, L50, F|100/100\n|switch|p1b: Vanilluxe|Vanilluxe, L50, F|100/100\n|switch|p2a: Tyranitar|Tyranitar, L50, M|100/100\n|switch|p2b: Greninja|Greninja, L50, M|100/100\n|-weather|Snowscape|[from] ability: Snow Warning|[of] p1b: Vanilluxe\n|-weather|Sandstorm|[from] ability: Sand Stream|[of] p2a: Tyranitar\n|turn|1\n|inactive|notbloodmask has 30 seconds left.\n|\n|t:|1788357942\n|switch|p1b: Kommo-o|Kommo-o, L50, F|100/100\n|move|p1a: Whimsicott|Protect|p1a: Whimsicott\n|-singleturn|p1a: Whimsicott|Protect\n|move|p2b: Greninja|Weather Ball|p1b: Kommo-o\n|-start|p2b: Greninja|typechange|Rock|[from] ability: Protean\n|-resisted|p1b: Kommo-o|1\n|-damage|p1b: Kommo-o|75/100\n|move|p2a: Tyranitar|Dragon Dance|p2a: Tyranitar\n|-boost|p2a: Tyranitar|atk|1\n|-boost|p2a: Tyranitar|spe|1\n|\n|-weather|Sandstorm|[upkeep]\n|-damage|p1a: Whimsicott|94/100|[from] Sandstorm\n|upkeep\n|turn|2\n|inactive|notbloodmask has 30 seconds left.\n|inactive|lordpokes has 30 seconds left.\n|inactive|notbloodmask has 20 seconds left.\n|inactive|notbloodmask has 15 seconds left.\n|inactive|notbloodmask has 10 seconds left.\n|\n|t:|1788357991\n|detailschange|p2b: Greninja|Greninja-Mega, L50, M\n|-mega|p2b: Greninja|Greninja|Greninjite\n|move|p1a: Whimsicott|Tailwind|p1a: Whimsicott\n|-sidestart|p1: notbloodmask|move: Tailwind\n|move|p1b: Kommo-o|Aura Sphere|p2a: Tyranitar\n|-supereffective|p2a: Tyranitar|2\n|-damage|p2a: Tyranitar|6/100\n|move|p2b: Greninja|Extrasensory|p1b: Kommo-o\n|-start|p2b: Greninja|typechange|Psychic|[from] ability: Protean\n|-supereffective|p1b: Kommo-o|1\n|-damage|p1b: Kommo-o|0 fnt\n|faint|p1b: Kommo-o\n|move|p2a: Tyranitar|Rock Slide|p1a: Whimsicott\n|-damage|p1a: Whimsicott|8/100\n|\n|-weather|Sandstorm|[upkeep]\n|-damage|p1a: Whimsicott|2/100|[from] Sandstorm\n|-damage|p2b: Greninja|93/100|[from] Sandstorm\n|upkeep\n|\n|t:|1788358014\n|switch|p1b: Vanilluxe|Vanilluxe, L50, F|100/100\n|-weather|Snowscape|[from] ability: Snow Warning|[of] p1b: Vanilluxe\n|turn|3\n|inactive|notbloodmask has 30 seconds left.\n|inactive|lordpokes has 30 seconds left.\n|\n|t:|1788358043\n|move|p2a: Tyranitar|Protect|p2a: Tyranitar\n|-singleturn|p2a: Tyranitar|Protect\n|move|p1a: Whimsicott|Encore|p2a: Tyranitar\n|-activate|p2a: Tyranitar|move: Protect\n|move|p1b: Vanilluxe|Blizzard|p2b: Greninja|[spread] p2b\n|-activate|p2a: Tyranitar|move: Protect\n|-damage|p2b: Greninja|45/100\n|-status|p2b: Greninja|frz\n|cant|p2b: Greninja|frz\n|\n|-weather|Snowscape|[upkeep]\n|upkeep\n|turn|4\n|c|☆lordpokes|bruh\n|inactive|lordpokes has 30 seconds left.\n|inactive|lordpokes has 20 seconds left.\n|inactive|lordpokes has 15 seconds left.\n|inactive|lordpokes has 10 seconds left.\n|\n|t:|1788358092\n|switch|p2a: Excadrill|Excadrill, L50, F|100/100\n|cant|p2b: Greninja|frz\n|move|p1b: Vanilluxe|Blizzard|p2a: Excadrill|[spread] p2a,p2b\n|-damage|p2a: Excadrill|53/100\n|-damage|p2b: Greninja|0 fnt\n|faint|p2b: Greninja\n|move|p1a: Whimsicott|Moonblast|p2a: Excadrill\n|-resisted|p2a: Excadrill|1\n|-damage|p2a: Excadrill|27/100\n|\n|-weather|Snowscape|[upkeep]\n|upkeep\n|\n|t:|1788358104\n|switch|p2b: Tyranitar|Tyranitar, L50, M|6/100\n|-weather|Sandstorm|[from] ability: Sand Stream|[of] p2b: Tyranitar\n|turn|5\n|inactive|notbloodmask has 30 seconds left.\n|\n|t:|1788358137\n|move|p1b: Vanilluxe|Blizzard|p2b: Tyranitar|[spread] p2a\n|-miss|p1b: Vanilluxe|p2b: Tyranitar\n|-damage|p2a: Excadrill|0 fnt\n|faint|p2a: Excadrill\n|move|p1a: Whimsicott|Moonblast|p2b: Tyranitar\n|-supereffective|p2b: Tyranitar|1\n|-damage|p2b: Tyranitar|0 fnt\n|faint|p2b: Tyranitar\n|\n|-weather|Sandstorm|[upkeep]\n|-damage|p1b: Vanilluxe|94/100|[from] Sandstorm\n|-damage|p1a: Whimsicott|0 fnt|[from] Sandstorm\n|faint|p1a: Whimsicott\n|-sideend|p1: notbloodmask|move: Tailwind\n|upkeep\n|c|☆lordpokes|oh scarf..\n|\n|t:|1788358154\n|switch|p1a: Glimmora|Glimmora, L50, F|100/100\n|switch|p2b: Garchomp|Garchomp, L50, M|100/100\n|turn|6\n|\n|t:|1788358172\n|detailschange|p1a: Glimmora|Glimmora-Mega, L50, F\n|-mega|p1a: Glimmora|Glimmora|Glimmoranite\n|move|p1b: Vanilluxe|Blizzard|p2b: Garchomp\n|-supereffective|p2b: Garchomp|2\n|-damage|p2b: Garchomp|0 fnt\n|faint|p2b: Garchomp\n|\n|win|notbloodmask\n|raw|notbloodmask's rating: 1057 &rarr; <strong>1089</strong><br />(+32 for winning)\n|raw|lordpokes's rating: 1059 &rarr; <strong>1040</strong><br />(-19 for losing)\n|l|☆lordpokes\n|player|p2|\n","uploadtime":1788358180,"views":"9","formatid":"gen9championsvgc2026regmb","rating":1040,"private":0,"password":null}