{"id":"gen9championsvgc2026regmbbo3-2674755168","format":"[Gen 9 Champions] VGC 2026 Reg M-B (Bo3)","players":["Pomini","Pangardi"],"log":"|j|☆Pomini\n|j|☆Pangardi\n|html|<table width=\"100%\"><tr><td align=\"left\">Pomini</td><td align=\"right\">Pangardi</tr><tr><td align=\"left\"><i class=\"fa fa-circle-o\"></i> <i class=\"fa fa-circle-o\"></i> </td><td align=\"right\"><i class=\"fa fa-circle-o\"></i> <i class=\"fa fa-circle-o\"></i> </tr></table>\n|uhtml|bestof|<h2><strong>Game 1</strong> of <a href=\"/game-bestof3-gen9championsvgc2026regmbbo3-2674755167\">a best-of-3</a></h2>\n|t:|1788401090\n|gametype|doubles\n|player|p1|Pomini|pokekid|\n|player|p2|Pangardi|170|\n|gen|9\n|tier|[Gen 9 Champions] VGC 2026 Reg M-B (Bo3)\n|rule|Species Clause: Limit one of each Pokémon\n|rule|Item Clause: Limit 1 of each item\n|clearpoke\n|poke|p1|Charizard, L50, F|\n|poke|p1|Whimsicott, L50, M|\n|poke|p1|Garchomp, L50, F|\n|poke|p1|Floette-Eternal, L50, F|\n|poke|p1|Basculegion, L50, M|\n|poke|p1|Kingambit, L50, F|\n|poke|p2|Gengar, L50, M|\n|poke|p2|Incineroar, L50, F|\n|poke|p2|Politoed, L50, M|\n|poke|p2|Archaludon, L50, M|\n|poke|p2|Vivillon, L50, M|\n|poke|p2|Swampert, L50, F|\n|teampreview|4\n|showteam|p1|Charizard||CharizarditeY|Blaze|HeatWave,WeatherBall,AncientPower,Protect|Timid||F|||50|]Whimsicott||FocusSash|Prankster|Moonblast,Tailwind,Encore,Protect|Timid||M|||50|]Garchomp||SitrusBerry|RoughSkin|DragonClaw,Earthquake,RockSlide,Protect|Jolly||F|||50|]Floette-Eternal||Floettite|FlowerVeil|Moonblast,DazzlingGleam,LightofRuin,Protect|Modest||F|||50|]Basculegion||LifeOrb|Adaptability|WaveCrash,LastRespects,AquaJet,Protect|Adamant||M|||50|]Kingambit||OccaBerry|Defiant|KowtowCleave,SuckerPunch,IronHead,LowKick|Adamant||F|||50|\n|showteam|p2|Gengar||Gengarite|CursedBody|ShadowBall,SludgeBomb,PerishSong,Protect|Modest||M|||50|]Incineroar||PayapaBerry|Intimidate|ThroatChop,FakeOut,PartingShot,Protect|Adamant||F|||50|]Politoed||SitrusBerry|Drizzle|WeatherBall,Hypnosis,PerishSong,Protect|Modest||M|||50|]Archaludon||Leftovers|Stamina|DragonPulse,Protect,FlashCannon,ElectroShot|Timid||M|||50|]Vivillon||FocusSash|CompoundEyes|Hurricane,SleepPowder,RagePowder,Protect|Timid||M|||50|]Swampert||Swampertite|Damp|WaveCrash,HighHorsepower,IcePunch,Protect|Adamant||F|||50|\n|\n|t:|1788401138\n|teamsize|p1|4\n|teamsize|p2|4\n|start\n|switch|p1a: Basculegion|Basculegion, L50, M|100/100\n|switch|p1b: Floette|Floette-Eternal, L50, F|100/100\n|switch|p2a: Vivillon|Vivillon, L50, M|100/100\n|switch|p2b: Swampert|Swampert, L50, F|100/100\n|turn|1\n|\n|t:|1788401164\n|detailschange|p1b: Floette|Floette-Mega, L50, F\n|-mega|p1b: Floette|Floette|Floettite\n|-ability|p1b: Floette|Fairy Aura\n|move|p2b: Swampert|Protect|p2b: Swampert\n|-singleturn|p2b: Swampert|Protect\n|move|p2a: Vivillon|Sleep Powder|p1b: Floette\n|-status|p1b: Floette|slp|[from] move: Sleep Powder\n|cant|p1b: Floette|slp\n|move|p1a: Basculegion|Wave Crash|p2a: Vivillon\n|-enditem|p2a: Vivillon|Focus Sash\n|-damage|p2a: Vivillon|1/100\n|-damage|p1a: Basculegion|74/100|[from] Recoil\n|-damage|p1a: Basculegion|64/100|[from] item: Life Orb\n|\n|upkeep\n|turn|2\n|\n|t:|1788401183\n|switch|p2a: Politoed|Politoed, L50, M|100/100\n|-weather|RainDance|[from] ability: Drizzle|[of] p2a: Politoed\n|detailschange|p2b: Swampert|Swampert-Mega, L50, F\n|-mega|p2b: Swampert|Swampert|Swampertite\n|move|p1a: Basculegion|Aqua Jet|p2a: Politoed\n|-resisted|p2a: Politoed|1\n|-damage|p2a: Politoed|73/100\n|-damage|p1a: Basculegion|55/100|[from] item: Life Orb\n|move|p2b: Swampert|Wave Crash|p1b: Floette\n|-damage|p1b: Floette|0 fnt\n|faint|p1b: Floette\n|-damage|p2b: Swampert|70/100|[from] Recoil\n|\n|-weather|RainDance|[upkeep]\n|upkeep\n|\n|t:|1788401198\n|switch|p1b: Whimsicott|Whimsicott, L50, M|100/100\n|turn|3\n|\n|t:|1788401236\n|move|p2b: Swampert|Protect|p2b: Swampert\n|-singleturn|p2b: Swampert|Protect\n|move|p1b: Whimsicott|Tailwind|p1b: Whimsicott\n|-sidestart|p1: Pomini|move: Tailwind\n|move|p1a: Basculegion|Last Respects|p2b: Swampert\n|-activate|p2b: Swampert|move: Protect\n|move|p2a: Politoed|Hypnosis|p1a: Basculegion|[miss]\n|-miss|p2a: Politoed|p1a: Basculegion\n|\n|-weather|RainDance|[upkeep]\n|upkeep\n|turn|4\n|\n|t:|1788401257\n|move|p1b: Whimsicott|Encore|p2b: Swampert\n|-start|p2b: Swampert|Encore\n|move|p2b: Swampert|Protect||[still]\n|-fail|p2b: Swampert\n|move|p1a: Basculegion|Last Respects|p2a: Politoed\n|-damage|p2a: Politoed|0 fnt\n|faint|p2a: Politoed\n|-damage|p1a: Basculegion|45/100|[from] item: Life Orb\n|\n|-weather|RainDance|[upkeep]\n|upkeep\n|\n|t:|1788401267\n|switch|p2a: Archaludon|Archaludon, L50, M|100/100\n|turn|5\n|\n|t:|1788401281\n|switch|p2b: Vivillon|Vivillon, L50, M|1/100\n|move|p1b: Whimsicott|Moonblast|p2b: Vivillon\n|-damage|p2b: Vivillon|0 fnt\n|faint|p2b: Vivillon\n|move|p1a: Basculegion|Last Respects|p2a: Archaludon\n|-damage|p2a: Archaludon|29/100\n|-ability|p2a: Archaludon|Stamina|boost\n|-boost|p2a: Archaludon|def|1\n|-damage|p1a: Basculegion|36/100|[from] item: Life Orb\n|move|p2a: Archaludon|Electro Shot||[still]\n|-prepare|p2a: Archaludon|Electro Shot\n|-boost|p2a: Archaludon|spa|1\n|-anim|p2a: Archaludon|Electro Shot|p1a: Basculegion\n|-supereffective|p1a: Basculegion|1\n|-damage|p1a: Basculegion|0 fnt\n|faint|p1a: Basculegion\n|\n|-weather|RainDance|[upkeep]\n|-heal|p2a: Archaludon|36/100|[from] item: Leftovers\n|upkeep\n|\n|t:|1788401304\n|switch|p2b: Swampert|Swampert-Mega, L50, F|70/100\n|switch|p1a: Garchomp|Garchomp, L50, F|100/100\n|turn|6\n|\n|t:|1788401331\n|move|p1b: Whimsicott|Protect|p1b: Whimsicott\n|-singleturn|p1b: Whimsicott|Protect\n|move|p2a: Archaludon|Protect|p2a: Archaludon\n|-singleturn|p2a: Archaludon|Protect\n|move|p1a: Garchomp|Earthquake|p2b: Swampert|[spread] p2b\n|-activate|p1b: Whimsicott|move: Protect\n|-activate|p2a: Archaludon|move: Protect\n|-damage|p2b: Swampert|41/100\n|move|p2b: Swampert|Ice Punch|p1a: Garchomp\n|-supereffective|p1a: Garchomp|2\n|-damage|p1a: Garchomp|0 fnt\n|-damage|p2b: Swampert|29/100|[from] ability: Rough Skin|[of] p1a: Garchomp\n|faint|p1a: Garchomp\n|\n|-weather|none\n|-heal|p2a: Archaludon|42/100|[from] item: Leftovers\n|-sideend|p1: Pomini|move: Tailwind\n|upkeep\n|turn|7\n|\n|t:|1788401352\n|move|p1b: Whimsicott|Moonblast|p2a: Archaludon\n|-damage|p2a: Archaludon|0 fnt\n|faint|p2a: Archaludon\n|move|p2b: Swampert|Ice Punch|p1b: Whimsicott\n|-supereffective|p1b: Whimsicott|1\n|-damage|p1b: Whimsicott|10/100\n|-status|p1b: Whimsicott|frz\n|\n|upkeep\n|turn|8\n|\n|t:|1788401371\n|-curestatus|p1b: Whimsicott|frz|[msg]\n|move|p1b: Whimsicott|Moonblast|p2b: Swampert\n|-crit|p2b: Swampert\n|-damage|p2b: Swampert|0 fnt\n|faint|p2b: Swampert\n|\n|win|Pomini\n|inactive|Pomini has 30 seconds to confirm battle start!\n|inactive|Pangardi has 30 seconds to confirm battle start!\n||Pangardi is ready for game 2.\n||Pomini is ready for game 2.\n|uhtml|next|Next: <a href=\"/battle-gen9championsvgc2026regmbbo3-2674757077\"><strong>Game 2 of 3</strong></a>\n","uploadtime":1788401095,"views":"0","formatid":"gen9championsvgc2026regmbbo3","rating":null,"private":0,"password":null}