{"id":"gen9championsvgc2026regmb-2674156531","format":"[Gen 9 Champions] VGC 2026 Reg M-B","players":["TalonMasterJ","VivillonHunter"],"log":"|j|☆TalonMasterJ\n|j|☆VivillonHunter\n|html|<table width=\"100%\"><tr><td align=\"left\">TalonMasterJ</td><td align=\"right\">VivillonHunter</tr><tr><td align=\"left\"><i class=\"fa fa-circle-o\"></i> <i class=\"fa fa-circle-o\"></i> </td><td align=\"right\"><i class=\"fa fa-circle-o\"></i> <i class=\"fa fa-circle-o\"></i> </tr></table>\n|uhtml|bestof|<h2><strong>Game 1</strong> of <a href=\"/game-bestof3-gen9championsvgc2026regmb-2674156530\">a best-of-3</a></h2>\n|t:|1788307569\n|gametype|doubles\n|player|p1|TalonMasterJ|steven|\n|player|p2|VivillonHunter|youngcouple-gen4dp|\n|gen|9\n|tier|[Gen 9 Champions] VGC 2026 Reg M-B\n|rule|Species Clause: Limit one of each Pokémon\n|rule|Item Clause: Limit 1 of each item\n|raw|<div class=\"infobox\"><details class=\"readmore\" open><summary><strong>1 custom rule:</strong></summary> Best of = 3</details></div>\n|clearpoke\n|poke|p1|Sharpedo, L50, F|\n|poke|p1|Wyrdeer, L50, M|\n|poke|p1|Chandelure, L50, M|\n|poke|p1|Ampharos, L50, M|\n|poke|p1|Floette-Eternal, L50, F|\n|poke|p1|Krookodile, L50, M|\n|poke|p2|Scizor, L50, M|\n|poke|p2|Tinkaton, L50, F|\n|poke|p2|Pelipper, L50, M|\n|poke|p2|Swampert, L50, M|\n|poke|p2|Zoroark, L50, M|\n|poke|p2|Greninja, L50, F|\n|teampreview|4\nTalonMasterJ rejected open team sheets.\n|c|☆VivillonHunter|gl my dude and hf\n|j| JammVGC\n|c|☆TalonMasterJ|glhf gamer\n|l| JammVGC\n|j| brzysama\n|\n|t:|1788307658\n|teamsize|p1|4\n|teamsize|p2|4\n|start\n|switch|p1a: Sharpedo|Sharpedo, L50, F|100/100\n|switch|p1b: Chandelure|Chandelure, L50, M|100/100\n|switch|p2a: MINE|Pelipper, L50, M|100/100\n|switch|p2b: Metalmorph|Scizor, L50, M|100/100\n|-weather|RainDance|[from] ability: Drizzle|[of] p2a: MINE\n|turn|1\n|\n|t:|1788307705\n|move|p1a: Sharpedo|Protect|p1a: Sharpedo\n|-singleturn|p1a: Sharpedo|Protect\n|move|p2b: Metalmorph|Night Daze|p1b: Chandelure\n|-supereffective|p1b: Chandelure|1\n|-enditem|p1b: Chandelure|Focus Sash\n|-damage|p1b: Chandelure|1/100\n|move|p1b: Chandelure|Will-O-Wisp|p2b: Metalmorph\n|-status|p2b: Metalmorph|brn\n|move|p2a: MINE|Tailwind|p2a: MINE\n|-sidestart|p2: VivillonHunter|move: Tailwind\n|\n|-weather|RainDance|[upkeep]\n|-damage|p2b: Metalmorph|94/100 brn|[from] brn\n|-ability|p1a: Sharpedo|Speed Boost|boost\n|-boost|p1a: Sharpedo|spe|1\n|upkeep\n|turn|2\n|\n|t:|1788307759\n|switch|p1b: Ampharos|Ampharos, L50, M|100/100\n|move|p2b: Metalmorph|Grass Knot|p1a: Sharpedo\n|-supereffective|p1a: Sharpedo|1\n|-crit|p1a: Sharpedo\n|-damage|p1a: Sharpedo|0 fnt\n|faint|p1a: Sharpedo\n|move|p2a: MINE|Hurricane|p1b: Ampharos\n|-resisted|p1b: Ampharos|1\n|-damage|p1b: Ampharos|81/100\n|\n|-weather|RainDance|[upkeep]\n|-damage|p2b: Metalmorph|88/100 brn|[from] brn\n|upkeep\n|\n|t:|1788307772\n|switch|p1a: Wyrdeer|Wyrdeer, L50, M|100/100\n|-ability|p1a: Wyrdeer|Intimidate|boost\n|-unboost|p2a: MINE|atk|1\n|-unboost|p2b: Metalmorph|atk|1\n|turn|3\n|\n|t:|1788307782\n|detailschange|p1b: Ampharos|Ampharos-Mega, L50, M\n|-mega|p1b: Ampharos|Ampharos|Ampharosite\n|-ability|p1b: Ampharos|Mold Breaker\n|move|p2b: Metalmorph|Night Daze|p1a: Wyrdeer\n|-supereffective|p1a: Wyrdeer|1\n|-damage|p1a: Wyrdeer|0 fnt\n|faint|p1a: Wyrdeer\n|move|p2a: MINE|Weather Ball|p1b: Ampharos\n|-resisted|p1b: Ampharos|1\n|-damage|p1b: Ampharos|62/100\n|move|p1b: Ampharos|Thunderbolt|p2a: MINE\n|-supereffective|p2a: MINE|2\n|-enditem|p2a: MINE|Focus Sash\n|-damage|p2a: MINE|1/100\n|\n|-weather|RainDance|[upkeep]\n|-damage|p2b: Metalmorph|82/100 brn|[from] brn\n|upkeep\n|\n|t:|1788307819\n|switch|p1a: Chandelure|Chandelure, L50, M|1/100\n|turn|4\n|\n|t:|1788307834\n|move|p2b: Metalmorph|Night Daze|p1b: Ampharos\n|-damage|p1b: Ampharos|12/100\n|-unboost|p1b: Ampharos|accuracy|1\n|move|p2a: MINE|Hurricane|p1b: Ampharos\n|-resisted|p1b: Ampharos|1\n|-damage|p1b: Ampharos|0 fnt\n|faint|p1b: Ampharos\n|move|p1a: Chandelure|Psychic|p2b: Metalmorph\n|-immune|p2b: Metalmorph\n|\n|-weather|RainDance|[upkeep]\n|-damage|p2b: Metalmorph|76/100 brn|[from] brn\n|-sideend|p2: VivillonHunter|move: Tailwind\n|upkeep\n|turn|5\n|\n|t:|1788307849\n|move|p2b: Metalmorph|Grass Knot|p1a: Chandelure\n|-resisted|p1a: Chandelure|1\n|-damage|p1a: Chandelure|0 fnt\n|faint|p1a: Chandelure\n|\n|win|VivillonHunter\n||TalonMasterJ is ready for game 2.\n","uploadtime":1788307855,"views":"11","formatid":"gen9championsvgc2026regmb","rating":null,"private":0,"password":null}