{"id":"gen9championsvgc2026regmb-2674308325","format":"[Gen 9 Champions] VGC 2026 Reg M-B","players":["cubeaoz","Quaaloods"],"log":"|j|☆cubeaoz\n|j|☆Quaaloods\n|t:|1788337347\n|gametype|doubles\n|player|p1|cubeaoz|ghetsis-gen5bw|1234\n|player|p2|Quaaloods|petrel|1238\n|gen|9\n|tier|[Gen 9 Champions] VGC 2026 Reg M-B\n|rated|\n|rule|Species Clause: Limit one of each Pokémon\n|rule|Item Clause: Limit 1 of each item\n|clearpoke\n|poke|p1|Sneasler, L50, F|\n|poke|p1|Basculegion, L50, M|\n|poke|p1|Dragonite, L50, F|\n|poke|p1|Floette-Eternal, L50, F|\n|poke|p1|Kingambit, L50, F|\n|poke|p1|Garchomp, L50, F|\n|poke|p2|Ceruledge, L50, M|\n|poke|p2|Farigiraf, L50, F|\n|poke|p2|Sinistcha, L50|\n|poke|p2|Floette-Eternal, L50, F|\n|poke|p2|Incineroar, L50, M|\n|poke|p2|Golurk, L50|\n|teampreview|4\n|\n|t:|1788337384\n|teamsize|p1|4\n|teamsize|p2|4\n|start\n|switch|p1a: Floette|Floette-Eternal, L50, F|100/100\n|switch|p1b: Kingambit|Kingambit, L50, F|100/100\n|switch|p2a: Deus Vult|Ceruledge, L50, M|100/100\n|switch|p2b: Télétubbies|Farigiraf, L50, F|100/100\n|turn|1\n|\n|t:|1788337447\n|detailschange|p1a: Floette|Floette-Mega, L50, F\n|-mega|p1a: Floette|Floette|Floettite\n|-ability|p1a: Floette|Fairy Aura\n|move|p1a: Floette|Dazzling Gleam|p2a: Deus Vult|[spread] p2a,p2b\n|-resisted|p2a: Deus Vult|1\n|-damage|p2a: Deus Vult|71/100\n|-damage|p2b: Télétubbies|53/100\n|move|p2a: Deus Vult|Close Combat|p1b: Kingambit\n|-supereffective|p1b: Kingambit|2\n|-crit|p1b: Kingambit\n|-enditem|p1b: Kingambit|Chople Berry|[eat]\n|-enditem|p1b: Kingambit|Chople Berry|[weaken]\n|-damage|p1b: Kingambit|4/100\n|-unboost|p2a: Deus Vult|def|1\n|-unboost|p2a: Deus Vult|spd|1\n|move|p1b: Kingambit|Kowtow Cleave|p2b: Télétubbies\n|-supereffective|p2b: Télétubbies|1\n|-damage|p2b: Télétubbies|0 fnt\n|faint|p2b: Télétubbies\n|\n|upkeep\n|\n|t:|1788337470\n|switch|p2b: Hiroshima|Floette-Eternal, L50, F|100/100\n|turn|2\n|\n|t:|1788337482\n|detailschange|p2b: Hiroshima|Floette-Mega, L50, F\n|-mega|p2b: Hiroshima|Floette|Floettite\n|-ability|p2b: Hiroshima|Fairy Aura\n|move|p2a: Deus Vult|Shadow Sneak|p1b: Kingambit\n|-resisted|p1b: Kingambit|1\n|-damage|p1b: Kingambit|0 fnt\n|faint|p1b: Kingambit\n|move|p2b: Hiroshima|Light of Ruin|p1a: Floette\n|-damage|p1a: Floette|9/100\n|-damage|p2b: Hiroshima|54/100|[from] Recoil\n|move|p1a: Floette|Dazzling Gleam|p2b: Hiroshima|[spread] p2a,p2b\n|-resisted|p2a: Deus Vult|1\n|-damage|p2a: Deus Vult|28/100\n|-damage|p2b: Hiroshima|6/100\n|\n|upkeep\n|\n|t:|1788337495\n|switch|p1b: Basculegion|Basculegion, L50, M|100/100\n|turn|3\n|\n|t:|1788337523\n|switch|p2b: Mojito|Sinistcha, L50|100/100\n|-heal|p2a: Deus Vult|52/100|[from] ability: Hospitality|[of] p2b: Mojito\n|move|p2a: Deus Vult|Protect|p2a: Deus Vult\n|-singleturn|p2a: Deus Vult|Protect\n|move|p1b: Basculegion|Aqua Jet|p2b: Mojito\n|-resisted|p2b: Mojito|1\n|-damage|p2b: Mojito|87/100\n|-damage|p1b: Basculegion|90/100|[from] item: Life Orb\n|move|p1a: Floette|Dazzling Gleam|p2b: Mojito|[spread] p2b\n|-activate|p2a: Deus Vult|move: Protect\n|-damage|p2b: Mojito|32/100\n|\n|upkeep\n|turn|4\n|\n|t:|1788337565\n|move|p1b: Basculegion|Protect|p1b: Basculegion\n|-singleturn|p1b: Basculegion|Protect\n|move|p2b: Mojito|Rage Powder|p2b: Mojito\n|-singleturn|p2b: Mojito|move: Rage Powder\n|move|p2a: Deus Vult|Shadow Sneak|p1a: Floette\n|-damage|p1a: Floette|0 fnt\n|faint|p1a: Floette\n|\n|upkeep\n|\n|t:|1788337571\n|switch|p1a: Sneasler|Sneasler, L50, F|100/100\n|turn|5\n|\n|t:|1788337590\n|move|p2b: Mojito|Rage Powder|p2b: Mojito\n|-singleturn|p2b: Mojito|move: Rage Powder\n|move|p1a: Sneasler|Poison Jab|p2b: Mojito\n|-damage|p2b: Mojito|0 fnt\n|faint|p2b: Mojito\n|move|p2a: Deus Vult|Poltergeist|p1b: Basculegion\n|-activate|p1b: Basculegion|move: Poltergeist|Life Orb\n|-supereffective|p1b: Basculegion|1\n|-damage|p1b: Basculegion|0 fnt\n|faint|p1b: Basculegion\n|\n|upkeep\n|\n|t:|1788337600\n|switch|p2b: Hiroshima|Floette-Mega, L50, F|6/100\n|-ability|p2b: Hiroshima|Fairy Aura\n|turn|6\n|\n|t:|1788337618\n|move|p1a: Sneasler|Feint|p2b: Hiroshima\n|-damage|p2b: Hiroshima|0 fnt\n|faint|p2b: Hiroshima\n|move|p2a: Deus Vult|Poltergeist|p1a: Sneasler\n|-activate|p1a: Sneasler|move: Poltergeist|Focus Sash\n|-enditem|p1a: Sneasler|Focus Sash\n|-damage|p1a: Sneasler|1/100\n|\n|upkeep\n|turn|7\n|\n|t:|1788337627\n|move|p2a: Deus Vult|Shadow Sneak|p1a: Sneasler\n|-damage|p1a: Sneasler|0 fnt\n|faint|p1a: Sneasler\n|\n|win|Quaaloods\n|raw|cubeaoz's rating: 1234 &rarr; <strong>1209</strong><br />(-25 for losing)\n|raw|Quaaloods's rating: 1238 &rarr; <strong>1263</strong><br />(+25 for winning)\n","uploadtime":1788337632,"views":"2","formatid":"gen9championsvgc2026regmb","rating":1209,"private":0,"password":null}