{"id":"gen9championsvgc2026regmbbo3-2675023011","format":"[Gen 9 Champions] VGC 2026 Reg M-B (Bo3)","players":["robstopheruzi","IBstudios"],"log":"|j|☆robstopheruzi\n|j|☆IBstudios\n|html|<table width=\"100%\"><tr><td align=\"left\">robstopheruzi</td><td align=\"right\">IBstudios</tr><tr><td align=\"left\"><i class=\"fa fa-circle-o\"></i> <i class=\"fa fa-circle-o\"></i> </td><td align=\"right\"><i class=\"fa fa-circle-o\"></i> <i class=\"fa fa-circle\"></i> </tr></table>\n|uhtml|bestof|<h2><strong>Game 2</strong> of <a href=\"/game-bestof3-gen9championsvgc2026regmbbo3-2675019759\">a best-of-3</a></h2>\n|t:|1788449831\n|gametype|doubles\n|player|p1|robstopheruzi|burglar|1150\n|player|p2|IBstudios|265|1234\n|gen|9\n|tier|[Gen 9 Champions] VGC 2026 Reg M-B (Bo3)\n|rated|\n|rule|Species Clause: Limit one of each Pokémon\n|rule|Item Clause: Limit 1 of each item\n|clearpoke\n|poke|p1|Whimsicott, L50, F|\n|poke|p1|Sneasler, L50, F|\n|poke|p1|Charizard, L50, F|\n|poke|p1|Garchomp, L50, M|\n|poke|p1|Kingambit, L50, M|\n|poke|p1|Farigiraf, L50, F|\n|poke|p2|Incineroar, L50, M|\n|poke|p2|Dragonite, L50, M|\n|poke|p2|Metagross, L50|\n|poke|p2|Ninetales-Alola, L50, M|\n|poke|p2|Sneasler, L50, F|\n|poke|p2|Milotic, L50, F|\n|teampreview|4\n|showteam|p1|Whimsicott||FocusSash|Prankster|Tailwind,Moonblast,Encore,SunnyDay|Timid||F|||50|]Sneasler||WhiteHerb|PoisonTouch|CloseCombat,Feint,DireClaw,FakeOut|Adamant||F|||50|]Charizard||CharizarditeY|Blaze|Protect,HeatWave,WeatherBall,SolarBeam|Modest||F|||50|]Garchomp||ChoiceScarf|RoughSkin|Earthquake,DragonClaw,RockSlide,StompingTantrum|Adamant||M|||50|]Kingambit||LifeOrb|Defiant|KowtowCleave,SuckerPunch,LowKick,Protect|Adamant||M|||50|]Farigiraf||SitrusBerry|ArmorTail|Psychic,Reflect,LightScreen,TrickRoom|Quiet||F|||50|\n|showteam|p2|Incineroar||SitrusBerry|Intimidate|FakeOut,FlareBlitz,ThroatChop,PartingShot|Adamant||M|||50|]Dragonite||Dragoninite|Multiscale|DragonPulse,HeatWave,Tailwind,Protect|Modest||M|||50|]Metagross||Metagrossite|ClearBody|PsychicFangs,BulletPunch,BodyPress,Protect|Jolly|||||50|]Ninetales-Alola||NeverMeltIce|SnowWarning|FreezeDry,Blizzard,AuroraVeil,Protect|Timid||M|||50|]Sneasler||WhiteHerb|Unburden|CloseCombat,DireClaw,FakeOut,Protect|Jolly||F|||50|]Milotic||Leftovers|Competitive|Scald,LifeDew,HelpingHand,Protect|Modest||F|||50|\n|inactive|Battle timer is ON: inactive players will automatically lose when time's up. (requested by robstopheruzi)\n|inactive|IBstudios has 60 seconds left.\n|\n|t:|1788449901\n|teamsize|p1|4\n|teamsize|p2|4\n|start\n|switch|p1a: Sneasler|Sneasler, L50, F|100/100\n|switch|p1b: Garchomp|Garchomp, L50, M|100/100\n|switch|p2a: Dragonite|Dragonite, L50, M|100/100\n|switch|p2b: Sneasler|Sneasler, L50, F|100/100\n|turn|1\n|\n|t:|1788449919\n|switch|p1b: Whimsicott|Whimsicott, L50, F|100/100\n|detailschange|p2a: Dragonite|Dragonite-Mega, L50, M\n|-mega|p2a: Dragonite|Dragonite|Dragoninite\n|move|p2b: Sneasler|Fake Out|p1a: Sneasler\n|-damage|p1a: Sneasler|73/100\n|cant|p1a: Sneasler|flinch\n|move|p2a: Dragonite|Tailwind|p2a: Dragonite\n|-sidestart|p2: IBstudios|move: Tailwind\n|\n|upkeep\n|turn|2\n|inactive|IBstudios has 30 seconds left.\n|\n|t:|1788449944\n|switch|p2a: Milotic|Milotic, L50, F|100/100\n|switch|p1a: Charizard|Charizard, L50, F|100/100\n|move|p1b: Whimsicott|Encore|p2b: Sneasler\n|-start|p2b: Sneasler|Encore\n|move|p2b: Sneasler|Fake Out||[still]\n|-hint|Fake Out only works on your first turn out.\n|-fail|p2b: Sneasler\n|\n|upkeep\n|turn|3\n|\n|t:|1788449968\n|switch|p2b: Dragonite|Dragonite-Mega, L50, M|100/100\n|detailschange|p1a: Charizard|Charizard-Mega-Y, L50, F\n|-mega|p1a: Charizard|Charizard|Charizardite Y\n|-weather|SunnyDay|[from] ability: Drought|[of] p1a: Charizard\n|move|p1b: Whimsicott|Tailwind|p1b: Whimsicott\n|-sidestart|p1: robstopheruzi|move: Tailwind\n|move|p1a: Charizard|Solar Beam||[still]\n|-prepare|p1a: Charizard|Solar Beam\n|-anim|p1a: Charizard|Solar Beam|p2a: Milotic\n|-supereffective|p2a: Milotic|1\n|-damage|p2a: Milotic|27/100\n|move|p2a: Milotic|Scald|p1a: Charizard\n|-supereffective|p1a: Charizard|1\n|-damage|p1a: Charizard|64/100\n|\n|-weather|SunnyDay|[upkeep]\n|-heal|p2a: Milotic|33/100|[from] item: Leftovers\n|upkeep\n|turn|4\n|inactive|robstopheruzi has 30 seconds left.\n|inactive|IBstudios has 30 seconds left.\n|\n|t:|1788449998\n|move|p2a: Milotic|Helping Hand|p2b: Dragonite\n|-singleturn|p2b: Dragonite|Helping Hand|[of] p2a: Milotic\n|move|p1a: Charizard|Protect|p1a: Charizard\n|-singleturn|p1a: Charizard|Protect\n|move|p1b: Whimsicott|Moonblast|p2b: Dragonite\n|-supereffective|p2b: Dragonite|1\n|-damage|p2b: Dragonite|67/100\n|move|p2b: Dragonite|Dragon Pulse|p1a: Charizard\n|-activate|p1a: Charizard|move: Protect\n|\n|-weather|SunnyDay|[upkeep]\n|-heal|p2a: Milotic|39/100|[from] item: Leftovers\n|-sideend|p2: IBstudios|move: Tailwind\n|upkeep\n|turn|5\n|inactive|IBstudios has 30 seconds left.\n|inactive|IBstudios has 20 seconds left.\n|\n|t:|1788450037\n|move|p1b: Whimsicott|Moonblast|p2b: Dragonite\n|-supereffective|p2b: Dragonite|1\n|-damage|p2b: Dragonite|1/100\n|move|p1a: Charizard|Solar Beam||[still]\n|-prepare|p1a: Charizard|Solar Beam\n|-anim|p1a: Charizard|Solar Beam|p2a: Milotic\n|-supereffective|p2a: Milotic|1\n|-damage|p2a: Milotic|0 fnt\n|faint|p2a: Milotic\n|move|p2b: Dragonite|Heat Wave|p1b: Whimsicott|[spread] p1a,p1b\n|-resisted|p1a: Charizard|1\n|-supereffective|p1b: Whimsicott|1\n|-damage|p1a: Charizard|43/100\n|-enditem|p1b: Whimsicott|Focus Sash\n|-damage|p1b: Whimsicott|1/100\n|-status|p1b: Whimsicott|brn\n|\n|-weather|SunnyDay|[upkeep]\n|-damage|p1b: Whimsicott|0 fnt|[from] brn\n|faint|p1b: Whimsicott\n|upkeep\n|\n|t:|1788450054\n|switch|p1b: Sneasler|Sneasler, L50, F|73/100\n|switch|p2a: Ninetales|Ninetales-Alola, L50, M|100/100\n|-weather|Snowscape|[from] ability: Snow Warning|[of] p2a: Ninetales\n|turn|6\n|inactive|IBstudios has 30 seconds left.\n|inactive|IBstudios has 20 seconds left.\n|\n|t:|1788450090\n|move|p2a: Ninetales|Protect|p2a: Ninetales\n|-singleturn|p2a: Ninetales|Protect\n|move|p1b: Sneasler|Feint|p2a: Ninetales\n|-activate|p2a: Ninetales|move: Feint\n|-damage|p2a: Ninetales|88/100\n|move|p1a: Charizard|Heat Wave|p2a: Ninetales|[spread] p2a,p2b\n|-supereffective|p2a: Ninetales|1\n|-resisted|p2b: Dragonite|1\n|-damage|p2a: Ninetales|0 fnt\n|-damage|p2b: Dragonite|0 fnt\n|faint|p2a: Ninetales\n|faint|p2b: Dragonite\n|\n|-weather|Snowscape|[upkeep]\n|-sideend|p1: robstopheruzi|move: Tailwind\n|upkeep\n|\n|t:|1788450099\n|switch|p2b: Sneasler|Sneasler, L50, F|100/100\n|turn|7\n|\n|t:|1788450110\n|move|p2b: Sneasler|Dire Claw|p1a: Charizard\n|-damage|p1a: Charizard|0 fnt\n|faint|p1a: Charizard\n|move|p1b: Sneasler|Dire Claw|p2b: Sneasler\n|-resisted|p2b: Sneasler|1\n|-damage|p2b: Sneasler|62/100\n|\n|-weather|Snowscape|[upkeep]\n|upkeep\n|\n|t:|1788450117\n|switch|p1a: Garchomp|Garchomp, L50, M|100/100\n|turn|8\n|\n|t:|1788450125\n|move|p1a: Garchomp|Stomping Tantrum|p2b: Sneasler\n|-supereffective|p2b: Sneasler|1\n|-damage|p2b: Sneasler|0 fnt\n|faint|p2b: Sneasler\n|\n|win|robstopheruzi\n||IBstudios is ready for game 3.\n||robstopheruzi is ready for game 3.\n|uhtml|next|Next: <a href=\"/battle-gen9championsvgc2026regmbbo3-2675025490\"><strong>Game 3 of 3</strong></a>\n|l|☆robstopheruzi\n|player|p1|\n","uploadtime":1788450605,"views":"4","formatid":"gen9championsvgc2026regmbbo3","rating":null,"private":0,"password":null}