{"id":"gen9championsvgc2026regmb-2674439684","format":"[Gen 9 Champions] VGC 2026 Reg M-B","players":["Crotolamo67","Robin67678"],"log":"|j|☆Crotolamo67\n|j|‽Robin67678\n|t:|1788360004\n|gametype|doubles\n|player|p1|Crotolamo67|mina-lgpe|1334\n|player|p2|Robin67678|red|1408\n|gen|9\n|tier|[Gen 9 Champions] VGC 2026 Reg M-B\n|rated|\n|rule|Species Clause: Limit one of each Pokémon\n|rule|Item Clause: Limit 1 of each item\n|clearpoke\n|poke|p1|Raichu, L50, M, shiny|\n|poke|p1|Aerodactyl, L50, M|\n|poke|p1|Kingambit, L50, M, shiny|\n|poke|p1|Basculegion, L50, M, shiny|\n|poke|p1|Ninetales-Alola, L50, F|\n|poke|p1|Tsareena, L50, F, shiny|\n|poke|p2|Basculegion, L50, M|\n|poke|p2|Raichu, L50, F|\n|poke|p2|Kingambit, L50, M|\n|poke|p2|Metagross, L50, shiny|\n|poke|p2|Kleavor, L50, M|\n|poke|p2|Whimsicott, L50, M|\n|teampreview|4\n|inactive|Battle timer is ON: inactive players will automatically lose when time's up. (requested by Robin67678)\n|inactive|Crotolamo67 has 60 seconds left.\n|inactive|Robin67678 has 60 seconds left.\n|\n|t:|1788360064\n|teamsize|p1|4\n|teamsize|p2|4\n|start\n|switch|p1a: Aerodactyl|Aerodactyl, L50, M|100/100\n|switch|p1b: Tsareena|Tsareena, L50, F, shiny|100/100\n|switch|p2a: Kleavor|Kleavor, L50, M|100/100\n|switch|p2b: Metagross|Metagross, L50, shiny|100/100\n|-ability|p1a: Aerodactyl|Unnerve\n|turn|1\n|inactive|Crotolamo67 has 30 seconds left.\n|inactive|Crotolamo67 has 20 seconds left.\n|inactive|Crotolamo67 has 15 seconds left.\n|\n|t:|1788360107\n|detailschange|p2b: Metagross|Metagross-Mega, L50, shiny\n|-mega|p2b: Metagross|Metagross|Metagrossite\n|move|p1a: Aerodactyl|Tailwind|p1a: Aerodactyl\n|-sidestart|p1: Crotolamo67|move: Tailwind\n|move|p1b: Tsareena|Triple Axel|p2a: Kleavor\n|-damage|p2a: Kleavor|89/100\n|-damage|p2a: Kleavor|70/100\n|-damage|p2a: Kleavor|44/100\n|-hitcount|p2a: Kleavor|3\n|move|p2b: Metagross|Iron Head|p1a: Aerodactyl\n|-supereffective|p1a: Aerodactyl|1\n|-damage|p1a: Aerodactyl|0 fnt\n|faint|p1a: Aerodactyl\n|move|p2a: Kleavor|X-Scissor|p1b: Tsareena\n|-supereffective|p1b: Tsareena|1\n|-damage|p1b: Tsareena|0 fnt\n|faint|p1b: Tsareena\n|\n|upkeep\n|\n|t:|1788360121\n|switch|p1a: Raichu|Raichu, L50, M, shiny|100/100\n|switch|p1b: Basculegion|Basculegion, L50, M, shiny|100/100\n|turn|2\n|inactive|Robin67678 has 30 seconds left.\n|\n|t:|1788360147\n|detailschange|p1a: Raichu|Raichu-Mega-Y, L50, M, shiny\n|-mega|p1a: Raichu|Raichu|Raichunite Y\n|move|p2b: Metagross|Protect|p2b: Metagross\n|-singleturn|p2b: Metagross|Protect\n|move|p2a: Kleavor|Feint|p1a: Raichu\n|-damage|p1a: Raichu|83/100\n|move|p1a: Raichu|Focus Blast|p2a: Kleavor\n|-damage|p2a: Kleavor|0 fnt\n|faint|p2a: Kleavor\n|move|p1b: Basculegion|Last Respects|p2b: Metagross\n|-activate|p2b: Metagross|move: Protect\n|\n|upkeep\n|inactive|Robin67678 has 30 seconds left.\n|inactive|Robin67678 has 20 seconds left.\n|inactive|Robin67678 has 15 seconds left.\n|inactive|Robin67678 has 10 seconds left.\n|inactive|Robin67678 has 5 seconds left.\n|\n|t:|1788360198\n|switch|p2a: Kingambit|Kingambit, L50, M|100/100\n|turn|3\n|inactive|Crotolamo67 has 30 seconds left.\n|inactive|Robin67678 has 30 seconds left.\n|\n|t:|1788360231\n|move|p1b: Basculegion|Aqua Jet|p2a: Kingambit\n|-damage|p2a: Kingambit|72/100\n|-damage|p1b: Basculegion|90/100|[from] item: Life Orb\n|move|p2a: Kingambit|Sucker Punch|p1a: Raichu\n|-damage|p1a: Raichu|22/100\n|move|p1a: Raichu|Focus Blast|p2a: Kingambit\n|-supereffective|p2a: Kingambit|2\n|-enditem|p2a: Kingambit|Chople Berry|[eat]\n|-enditem|p2a: Kingambit|Chople Berry|[weaken]\n|-damage|p2a: Kingambit|0 fnt\n|faint|p2a: Kingambit\n|move|p2b: Metagross|Psychic Fangs|p1b: Basculegion\n|-damage|p1b: Basculegion|14/100\n|\n|upkeep\n|\n|t:|1788360250\n|switch|p2a: Basculegion|Basculegion, L50, M|100/100\n|turn|4\n|\n|t:|1788360267\n|move|p2b: Metagross|Protect|p2b: Metagross\n|-singleturn|p2b: Metagross|Protect\n|move|p2a: Basculegion|Protect|p2a: Basculegion\n|-singleturn|p2a: Basculegion|Protect\n|move|p1a: Raichu|Zap Cannon|p2b: Metagross\n|-activate|p2b: Metagross|move: Protect\n|move|p1b: Basculegion|Last Respects|p2a: Basculegion\n|-activate|p2a: Basculegion|move: Protect\n|\n|-sideend|p1: Crotolamo67|move: Tailwind\n|upkeep\n|turn|5\n|\n|t:|1788360291\n|move|p2a: Basculegion|Aqua Jet|p1a: Raichu\n|-damage|p1a: Raichu|0 fnt\n|faint|p1a: Raichu\n|-damage|p2a: Basculegion|90/100|[from] item: Life Orb\n|move|p2b: Metagross|Psychic Fangs|p1b: Basculegion\n|-damage|p1b: Basculegion|0 fnt\n|faint|p1b: Basculegion\n|\n|win|Robin67678\n","uploadtime":1788360006,"views":"2","formatid":"gen9championsvgc2026regmb","rating":null,"private":0,"password":null}