{"id":"gen9championsvgc2026regmbbo3-2674516732","format":"[Gen 9 Champions] VGC 2026 Reg M-B (Bo3)","players":["Aikong","FatherPenguin"],"log":"|j|☆Aikong\n|j|☆FatherPenguin\n|html|<table width=\"100%\"><tr><td align=\"left\">Aikong</td><td align=\"right\">FatherPenguin</tr><tr><td align=\"left\"><i class=\"fa fa-circle-o\"></i> <i class=\"fa fa-circle-o\"></i> </td><td align=\"right\"><i class=\"fa fa-circle-o\"></i> <i class=\"fa fa-circle-o\"></i> </tr></table>\n|uhtml|bestof|<h2><strong>Game 1</strong> of <a href=\"/game-bestof3-gen9championsvgc2026regmbbo3-2674516731\">a best-of-3</a></h2>\n|t:|1788369047\n|gametype|doubles\n|player|p1|Aikong|102|1269\n|player|p2|FatherPenguin|acetrainersnow|1218\n|gen|9\n|tier|[Gen 9 Champions] VGC 2026 Reg M-B (Bo3)\n|rated|\n|rule|Species Clause: Limit one of each Pokémon\n|rule|Item Clause: Limit 1 of each item\n|clearpoke\n|poke|p1|Umbreon, L50, M, shiny|\n|poke|p1|Feraligatr, L50, F, shiny|\n|poke|p1|Sneasler, L50, M, shiny|\n|poke|p1|Incineroar, L50, M|\n|poke|p1|Metagross, L50, shiny|\n|poke|p1|Sinistcha-Masterpiece, L50|\n|poke|p2|Sneasler, L50, M|\n|poke|p2|Blastoise, L50, M|\n|poke|p2|Kingambit, L50, M|\n|poke|p2|Incineroar, L50, M|\n|poke|p2|Delphox, L50, F|\n|poke|p2|Sinistcha, L50|\n|teampreview|4\n|showteam|p1|Umbreon||Leftovers|InnerFocus|Detect,FoulPlay,Snarl,Yawn|Bold||M|||50|]Feraligatr||Feraligite|SheerForce|DragonDance,Liquidation,Facade,Protect|Adamant||F|||50|]Sneasler||FocusSash|Unburden|FakeOut,Coaching,CloseCombat,DireClaw|Jolly||M|||50|]Incineroar||LifeOrb|Intimidate|FakeOut,FlareBlitz,PartingShot,DarkestLariat|Adamant||M|||50|]Metagross||Metagrossite|ClearBody|CosmicPower,BodyPress,PsychicFangs,Protect|Impish|||||50|]Sinistcha-Masterpiece||SitrusBerry|Hospitality|MatchaGotcha,TrickRoom,Protect,RagePowder|Bold|||||50|\n|showteam|p2|Sneasler||FocusSash|PoisonTouch|PoisonJab,CloseCombat,FakeOut,QuickGuard|Jolly||M|||50|]Blastoise||Blastoisinite|RainDish|DarkPulse,WaterSpout,ShellSmash,Protect|Modest||M|||50|]Kingambit||LifeOrb|Defiant|KowtowCleave,SuckerPunch,SwordsDance,Protect|Adamant||M|||50|]Incineroar||SitrusBerry|Intimidate|FlareBlitz,ThroatChop,PartingShot,FakeOut|Careful||M|||50|]Delphox||Delphoxite|Blaze|HeatWave,NastyPlot,Psychic,Protect|Timid||F|||50|]Sinistcha||ColburBerry|Hospitality|MatchaGotcha,RagePowder,TrickRoom,Protect|Bold|||||50|\n|inactive|Battle timer is ON: inactive players will automatically lose when time's up. (requested by FatherPenguin)\n|inactive|FatherPenguin has 60 seconds left.\n|inactive|FatherPenguin has 30 seconds left.\n|\n|t:|1788369109\n|teamsize|p1|4\n|teamsize|p2|4\n|start\n|switch|p1a: Sneasler|Sneasler, L50, M, shiny|100/100\n|switch|p1b: Feraligatr|Feraligatr, L50, F, shiny|100/100\n|switch|p2a: Sneasler|Sneasler, L50, M|100/100\n|switch|p2b: Delphox|Delphox, L50, F|100/100\n|turn|1\n|inactive|FatherPenguin has 30 seconds left.\n|\n|t:|1788369139\n|detailschange|p2b: Delphox|Delphox-Mega, L50, F\n|-mega|p2b: Delphox|Delphox|Delphoxite\n|detailschange|p1b: Feraligatr|Feraligatr-Mega, L50, F, shiny\n|-mega|p1b: Feraligatr|Feraligatr|Feraligite\n|move|p2a: Sneasler|Fake Out|p1b: Feraligatr\n|-damage|p1b: Feraligatr|87/100\n|move|p1a: Sneasler|Fake Out|p2b: Delphox\n|-damage|p2b: Delphox|82/100\n|cant|p2b: Delphox|flinch\n|cant|p1b: Feraligatr|flinch\n|\n|upkeep\n|turn|2\n|inactive|Aikong has 30 seconds left.\n|\n|t:|1788369166\n|move|p2b: Delphox|Psychic|p1b: Feraligatr\n|-damage|p1b: Feraligatr|31/100\n|move|p2a: Sneasler|Poison Jab|p1b: Feraligatr\n|-damage|p1b: Feraligatr|0 fnt\n|faint|p1b: Feraligatr\n|move|p1a: Sneasler|Coaching|p1: Feraligatr|[notarget]\n|-fail|p1a: Sneasler\n|\n|upkeep\n|\n|t:|1788369174\n|switch|p1b: Umbreon|Umbreon, L50, M, shiny|100/100\n|turn|3\n|inactive|FatherPenguin has 30 seconds left.\n|\n|t:|1788369207\n|switch|p2b: Kingambit|Kingambit, L50, M|100/100\n|move|p2a: Sneasler|Close Combat|p1b: Umbreon\n|-supereffective|p1b: Umbreon|1\n|-damage|p1b: Umbreon|15/100\n|-unboost|p2a: Sneasler|def|1\n|-unboost|p2a: Sneasler|spd|1\n|move|p1a: Sneasler|Dire Claw|p2a: Sneasler\n|-resisted|p2a: Sneasler|1\n|-damage|p2a: Sneasler|50/100g\n|-status|p2a: Sneasler|par\n|move|p1b: Umbreon|Snarl|p2b: Kingambit|[spread] p2a,p2b\n|-resisted|p2a: Sneasler|1\n|-resisted|p2b: Kingambit|1\n|-damage|p2a: Sneasler|40/100 par\n|-damage|p2b: Kingambit|95/100\n|-unboost|p2a: Sneasler|spa|1\n|-unboost|p2b: Kingambit|spa|1\n|-ability|p2b: Kingambit|Defiant|boost\n|-boost|p2b: Kingambit|atk|2\n|\n|-heal|p1b: Umbreon|21/100|[from] item: Leftovers\n|upkeep\n|turn|4\n|inactive|FatherPenguin has 30 seconds left.\n|\n|t:|1788369236\n|move|p2b: Kingambit|Sucker Punch|p1a: Sneasler\n|-resisted|p1a: Sneasler|1\n|-damage|p1a: Sneasler|14/100\n|-damage|p2b: Kingambit|85/100|[from] item: Life Orb\n|move|p1a: Sneasler|Close Combat|p2b: Kingambit\n|-supereffective|p2b: Kingambit|2\n|-damage|p2b: Kingambit|0 fnt\n|-unboost|p1a: Sneasler|def|1\n|-unboost|p1a: Sneasler|spd|1\n|faint|p2b: Kingambit\n|move|p2a: Sneasler|Poison Jab|p1a: Sneasler\n|-resisted|p1a: Sneasler|1\n|-damage|p1a: Sneasler|0 fnt\n|faint|p1a: Sneasler\n|move|p1b: Umbreon|Yawn||[still]\n|-fail|p1b: Umbreon\n|\n|-heal|p1b: Umbreon|27/100|[from] item: Leftovers\n|upkeep\n|\n|t:|1788369260\n|switch|p1a: Sinistcha|Sinistcha-Masterpiece, L50|100/100\n|switch|p2b: Incineroar|Incineroar, L50, M|100/100\n|-ability|p2b: Incineroar|Intimidate|boost\n|-unboost|p1a: Sinistcha|atk|1\n|-fail|p1b: Umbreon|unboost|atk|[from] ability: Inner Focus|[of] p1b: Umbreon\n|-heal|p1b: Umbreon|52/100|[from] ability: Hospitality|[of] p1a: Sinistcha\n|turn|5\n|inactive|FatherPenguin has 30 seconds left.\n|\n|t:|1788369295\n|move|p2b: Incineroar|Flare Blitz|p1a: Sinistcha\n|-supereffective|p1a: Sinistcha|1\n|-damage|p1a: Sinistcha|32/100\n|-enditem|p1a: Sinistcha|Sitrus Berry|[eat]\n|-heal|p1a: Sinistcha|57/100|[from] item: Sitrus Berry\n|-damage|p2b: Incineroar|79/100|[from] Recoil\n|move|p2a: Sneasler|Poison Jab|p1b: Umbreon\n|-damage|p1b: Umbreon|27/100\n|move|p1b: Umbreon|Foul Play|p2a: Sneasler\n|-resisted|p2a: Sneasler|1\n|-damage|p2a: Sneasler|0 fnt\n|faint|p2a: Sneasler\n|move|p1a: Sinistcha|Trick Room|p1a: Sinistcha\n|-fieldstart|move: Trick Room|[of] p1a: Sinistcha\n|\n|-heal|p1b: Umbreon|33/100|[from] item: Leftovers\n|upkeep\n|\n|t:|1788369309\n|switch|p2a: Delphox|Delphox-Mega, L50, F|82/100\n|turn|6\n|\n|t:|1788369322\n|move|p2a: Delphox|Protect|p2a: Delphox\n|-singleturn|p2a: Delphox|Protect\n|move|p1b: Umbreon|Snarl|p2a: Delphox|[spread] p2b\n|-activate|p2a: Delphox|move: Protect\n|-resisted|p2b: Incineroar|1\n|-damage|p2b: Incineroar|75/100\n|-unboost|p2b: Incineroar|spa|1\n|move|p1a: Sinistcha|Matcha Gotcha|p2a: Delphox|[spread] p2b\n|-activate|p2a: Delphox|move: Protect\n|-resisted|p2b: Incineroar|1\n|-damage|p2b: Incineroar|66/100\n|-heal|p1a: Sinistcha|62/100|[from] drain|[of] p2b: Incineroar\n|move|p2b: Incineroar|Flare Blitz|p1b: Umbreon\n|-damage|p1b: Umbreon|4/100\n|-damage|p2b: Incineroar|56/100|[from] Recoil\n|\n|-heal|p1b: Umbreon|10/100|[from] item: Leftovers\n|upkeep\n|turn|7\n|inactive|FatherPenguin has 30 seconds left.\n|\n|t:|1788369349\n|move|p1b: Umbreon|Snarl|p2b: Incineroar|[spread] p2a,p2b\n|-supereffective|p2a: Delphox|1\n|-resisted|p2b: Incineroar|1\n|-damage|p2a: Delphox|63/100\n|-damage|p2b: Incineroar|52/100\n|-unboost|p2a: Delphox|spa|1\n|-unboost|p2b: Incineroar|spa|1\n|move|p1a: Sinistcha|Matcha Gotcha|p2b: Incineroar|[spread] p2b\n|-miss|p1a: Sinistcha|p2a: Delphox\n|-resisted|p2b: Incineroar|1\n|-damage|p2b: Incineroar|41/100\n|-heal|p1a: Sinistcha|69/100|[from] drain|[of] p2b: Incineroar\n|-enditem|p2b: Incineroar|Sitrus Berry|[eat]\n|-heal|p2b: Incineroar|66/100|[from] item: Sitrus Berry\n|move|p2b: Incineroar|Flare Blitz|p1b: Umbreon\n|-damage|p1b: Umbreon|0 fnt\n|faint|p1b: Umbreon\n|-damage|p2b: Incineroar|63/100|[from] Recoil\n|move|p2a: Delphox|Heat Wave|p1a: Sinistcha\n|-supereffective|p1a: Sinistcha|1\n|-crit|p1a: Sinistcha\n|-damage|p1a: Sinistcha|0 fnt\n|faint|p1a: Sinistcha\n|\n|win|FatherPenguin\n||Aikong is ready for game 2.\n|inactive|FatherPenguin has 30 seconds to confirm battle start!\n|inactive|FatherPenguin has 20 seconds to confirm battle start!\n","uploadtime":1788369370,"views":"0","formatid":"gen9championsvgc2026regmbbo3","rating":null,"private":0,"password":null}