{"id":"gen9championsvgc2026regmb-2673859605","format":"[Gen 9 Champions] VGC 2026 Reg M-B","players":["Thornlace48812","6uno人"],"log":"|j|☆Thornlace48812\n|j|☆6uno人\n|t:|1788269645\n|gametype|doubles\n|player|p1|Thornlace48812|102|1129\n|player|p2|6uno人|swimmerf|1172\n|gen|9\n|tier|[Gen 9 Champions] VGC 2026 Reg M-B\n|rated|\n|rule|Species Clause: Limit one of each Pokémon\n|rule|Item Clause: Limit 1 of each item\n|clearpoke\n|poke|p1|Garchomp, L50, M|\n|poke|p1|Charizard, L50, M|\n|poke|p1|Whimsicott, L50, F|\n|poke|p1|Sylveon, L50, M|\n|poke|p1|Kingambit, L50, M|\n|poke|p1|Basculegion, L50, M|\n|poke|p2|Blaziken, L50, F|\n|poke|p2|Palafin, L50, F|\n|poke|p2|Annihilape, L50, F|\n|poke|p2|Garchomp, L50, F|\n|poke|p2|Meowscarada, L50, M|\n|poke|p2|Clefable, L50, F|\n|teampreview|4\n|inactive|Battle timer is ON: inactive players will automatically lose when time's up. (requested by Thornlace48812)\nThornlace48812 rejected open team sheets.\n|inactive|6uno人 has 60 seconds left.\n|\n|t:|1788269688\n|teamsize|p1|4\n|teamsize|p2|4\n|start\n|switch|p1a: Sylveon|Sylveon, L50, M|100/100\n|switch|p1b: Whimsicott|Whimsicott, L50, F|100/100\n|switch|p2a: Palafin|Palafin, L50, F|100/100\n|switch|p2b: Clefable|Clefable, L50, F|100/100\n|turn|1\n|\n|t:|1788269704\n|detailschange|p2a: Palafin|Palafin-Hero, L50, F\n|switch|p2a: Blaziken|Blaziken, L50, F|100/100\n|move|p1b: Whimsicott|Protect|p1b: Whimsicott\n|-singleturn|p1b: Whimsicott|Protect\n|move|p1a: Sylveon|Detect|p1a: Sylveon\n|-singleturn|p1a: Sylveon|Protect\n|move|p2b: Clefable|Thunder Wave|p1a: Sylveon\n|-activate|p1a: Sylveon|move: Protect\n|\n|upkeep\n|turn|2\n|\n|t:|1788269721\n|detailschange|p2a: Blaziken|Blaziken-Mega, L50, F\n|-mega|p2a: Blaziken|Blaziken|Blazikenite\n|move|p2a: Blaziken|Protect|p2a: Blaziken\n|-singleturn|p2a: Blaziken|Protect\n|move|p1b: Whimsicott|Moonblast|p2a: Blaziken\n|-activate|p2a: Blaziken|move: Protect\n|move|p1a: Sylveon|Hyper Voice|p2a: Blaziken|[spread] p2b\n|-activate|p2a: Blaziken|move: Protect\n|-crit|p2b: Clefable\n|-damage|p2b: Clefable|33/100\n|move|p2b: Clefable|Thunderbolt|p1a: Sylveon\n|-damage|p1a: Sylveon|70/100\n|\n|-ability|p2a: Blaziken|Speed Boost|boost\n|-boost|p2a: Blaziken|spe|1\n|upkeep\n|turn|3\n|\n|t:|1788269739\n|move|p1b: Whimsicott|Encore|p2a: Blaziken\n|-start|p2a: Blaziken|Encore\n|move|p2a: Blaziken|Protect||[still]\n|-fail|p2a: Blaziken\n|move|p1a: Sylveon|Hyper Beam|p2a: Blaziken\n|-damage|p2a: Blaziken|0 fnt\n|-mustrecharge|p1a: Sylveon\n|faint|p2a: Blaziken\n|move|p2b: Clefable|Moonlight|p2b: Clefable\n|-heal|p2b: Clefable|83/100\n|\n|upkeep\n|\n|t:|1788269753\n|switch|p2a: Palafin|Palafin-Hero, L50, F|100/100\n|-activate|p2a: Palafin|ability: Zero to Hero\n|turn|4\n|\n|t:|1788269765\n|move|p1b: Whimsicott|Tailwind|p1b: Whimsicott\n|-sidestart|p1: Thornlace48812|move: Tailwind\n|cant|p1a: Sylveon|recharge\n|move|p2a: Palafin|Ice Punch|p1b: Whimsicott\n|-supereffective|p1b: Whimsicott|1\n|-damage|p1b: Whimsicott|5/100\n|move|p2b: Clefable|Thunder Wave|p1a: Sylveon\n|-status|p1a: Sylveon|par\n|\n|upkeep\n|turn|5\n|\n|t:|1788269779\n|move|p2a: Palafin|Jet Punch|p1b: Whimsicott\n|-resisted|p1b: Whimsicott|1\n|-damage|p1b: Whimsicott|0 fnt\n|faint|p1b: Whimsicott\n|move|p1a: Sylveon|Hyper Voice|p2a: Palafin|[spread] p2a,p2b\n|-damage|p2a: Palafin|53/100\n|-damage|p2b: Clefable|36/100\n|move|p2b: Clefable|Moonblast|p1a: Sylveon\n|-damage|p1a: Sylveon|23/100 par\n|\n|upkeep\n|\n|t:|1788269780\n|switch|p1b: Charizard|Charizard, L50, M|100/100\n|turn|6\n|\n|t:|1788269800\n|detailschange|p1b: Charizard|Charizard-Mega-Y, L50, M\n|-mega|p1b: Charizard|Charizard|Charizardite Y\n|-weather|SunnyDay|[from] ability: Drought|[of] p1b: Charizard\n|move|p2a: Palafin|Jet Punch|p1b: Charizard\n|-supereffective|p1b: Charizard|1\n|-damage|p1b: Charizard|56/100\n|-heal|p2a: Palafin|57/100|[from] item: Shell Bell|[of] p1b: Charizard\n|move|p1b: Charizard|Heat Wave|p2b: Clefable|[spread] p2a,p2b\n|-resisted|p2a: Palafin|1\n|-damage|p2a: Palafin|28/100\n|-damage|p2b: Clefable|0 fnt\n|faint|p2b: Clefable\n|move|p1a: Sylveon|Hyper Voice|p2a: Palafin\n|-damage|p2a: Palafin|0 fnt\n|faint|p2a: Palafin\n|\n|-weather|SunnyDay|[upkeep]\n|upkeep\n|\n|t:|1788269816\n|switch|p2b: Garchomp|Garchomp, L50, F|100/100\n|turn|7\n|\n|t:|1788269821\n|move|p1b: Charizard|Ancient Power|p2b: Garchomp\n|-resisted|p2b: Garchomp|1\n|-damage|p2b: Garchomp|84/100\n|move|p2b: Garchomp|Outrage|p1b: Charizard\n|-damage|p1b: Charizard|0 fnt\n|faint|p1b: Charizard\n|move|p1a: Sylveon|Hyper Beam|p2b: Garchomp\n|-supereffective|p2b: Garchomp|1\n|-damage|p2b: Garchomp|0 fnt\n|-mustrecharge|p1a: Sylveon\n|faint|p2b: Garchomp\n|\n|win|Thornlace48812\n|raw|Thornlace48812's rating: 1055 &rarr; <strong>1097</strong><br />(+42 for winning)\n|raw|6uno人's rating: 1172 &rarr; <strong>1139</strong><br />(-33 for losing)\n","uploadtime":1788269823,"views":"1","formatid":"gen9championsvgc2026regmb","rating":1097,"private":0,"password":null}