{"id":"gen9championsvgc2026regmb-2674628745","format":"[Gen 9 Champions] VGC 2026 Reg M-B","players":["LanternComic","PandaMan7567"],"log":"|j|☆LanternComic\n|j|☆PandaMan7567\n|html|<table width=\"100%\"><tr><td align=\"left\">LanternComic</td><td align=\"right\">PandaMan7567</tr><tr><td align=\"left\"><i class=\"fa fa-circle-o\"></i> <i class=\"fa fa-circle-o\"></i> </td><td align=\"right\"><i class=\"fa fa-circle-o\"></i> <i class=\"fa fa-circle-o\"></i> </tr></table>\n|uhtml|bestof|<h2><strong>Game 1</strong> of <a href=\"/game-bestof3-gen9championsvgc2026regmb-2674628744\">a best-of-3</a></h2>\n|t:|1788382247\n|gametype|doubles\n|player|p1|LanternComic|1|\n|player|p2|PandaMan7567|ghetsis|\n|gen|9\n|tier|[Gen 9 Champions] VGC 2026 Reg M-B\n|rated|Tournament battle\n|rule|Species Clause: Limit one of each Pokémon\n|rule|Item Clause: Limit 1 of each item\n|raw|<div class=\"infobox\"><details class=\"readmore\" open><summary><strong>2 custom rules:</strong></summary> Force Open Team Sheets, Best of = 3</details></div>\n|clearpoke\n|poke|p1|Delphox, L50, M|\n|poke|p1|Staraptor, L50, M, shiny|\n|poke|p1|Whimsicott, L50, M|\n|poke|p1|Kingambit, L50, F, shiny|\n|poke|p1|Sneasler, L50, M, shiny|\n|poke|p1|Rotom-Wash, L50|\n|poke|p2|Dragonite, L50, M, shiny|\n|poke|p2|Kingambit, L50, F|\n|poke|p2|Floette-Eternal, L50, F|\n|poke|p2|Garchomp, L50, M|\n|poke|p2|Talonflame, L50, M|\n|poke|p2|Sneasler, L50, F|\n|teampreview|4\n|showteam|p1|Delphox||Delphoxite|Blaze|HeatWave,Psychic,Encore,Protect|Timid||M|||50|]Staraptor||Staraptite|Intimidate|BraveBird,CloseCombat,Roost,Protect|Adamant||M|||50|]Whimsicott||CobaBerry|Prankster|Moonblast,Charm,Tailwind,LightScreen|Bold||M|||50|]Kingambit||LifeOrb|Defiant|KowtowCleave,SuckerPunch,IronHead,Protect|Adamant||F|||50|]Sneasler||FocusSash|PoisonTouch|CloseCombat,PoisonJab,FakeOut,QuickGuard|Jolly||M|||50|]Rotom-Wash||SitrusBerry|Levitate|Thunderbolt,HydroPump,WillOWisp,Protect|Modest|||||50|\n|showteam|p2|Dragonite||Dragoninite|Multiscale|DragonPulse,HeatWave,Thunderbolt,Protect|Modest||M|||50|]Kingambit||FocusSash|Defiant|IronHead,SuckerPunch,KowtowCleave,Protect|Adamant||F|||50|]Floette-Eternal||Floettite|FlowerVeil|LightofRuin,DazzlingGleam,Moonblast,Protect|Modest||F|||50|]Garchomp||LifeOrb|RoughSkin|RockSlide,Earthquake,DragonClaw,Protect|Jolly||M|||50|]Talonflame||SharpBeak|GaleWings|DualWingbeat,FlareBlitz,Tailwind,Protect|Jolly||M|||50|]Sneasler||WhiteHerb|Unburden|DireClaw,CloseCombat,FakeOut,Protect|Jolly||F|||50|\n|j| Just-A-Colress\n|j| Pokecraft15\n|\n|t:|1788382341\n|teamsize|p1|4\n|teamsize|p2|4\n|start\n|switch|p1a: Millie|Delphox, L50, M|100/100\n|switch|p1b: Ghostmaker|Sneasler, L50, M, shiny|100/100\n|switch|p2a: Talonflame|Talonflame, L50, M|100/100\n|switch|p2b: Kingambit|Kingambit, L50, F|100/100\n|turn|1\n|\n|t:|1788382364\n|detailschange|p1a: Millie|Delphox-Mega, L50, M\n|-mega|p1a: Millie|Delphox|Delphoxite\n|move|p1b: Ghostmaker|Fake Out|p2a: Talonflame\n|-damage|p2a: Talonflame|81/100\n|move|p1a: Millie|Heat Wave|p2a: Talonflame|[spread] p2a,p2b\n|-resisted|p2a: Talonflame|1\n|-supereffective|p2b: Kingambit|1\n|-damage|p2a: Talonflame|50/100g\n|-damage|p2b: Kingambit|11/100\n|cant|p2a: Talonflame|flinch\n|move|p2b: Kingambit|Kowtow Cleave|p1a: Millie\n|-supereffective|p1a: Millie|1\n|-damage|p1a: Millie|0 fnt\n|faint|p1a: Millie\n|\n|upkeep\n|j| Yache Burberry\n|l| Yache Burberry\n|\n|t:|1788382380\n|switch|p1a: Tatsu|Kingambit, L50, F, shiny|100/100\n|turn|2\n|\n|t:|1788382387\n|move|p1a: Tatsu|Sucker Punch||[still]\n|-fail|p1a: Tatsu\n|move|p2a: Talonflame|Tailwind|p2a: Talonflame\n|-sidestart|p2: PandaMan7567|move: Tailwind\n|move|p2b: Kingambit|Iron Head|p1b: Ghostmaker\n|-damage|p1b: Ghostmaker|25/100\n|cant|p1b: Ghostmaker|flinch\n|\n|upkeep\n|turn|3\n|j| Siyume\n|\n|t:|1788382414\n|switch|p1b: Spin Cycle|Rotom-Wash, L50|100/100\n|move|p1a: Tatsu|Sucker Punch|p2b: Kingambit\n|-resisted|p2b: Kingambit|1\n|-damage|p2b: Kingambit|0 fnt\n|faint|p2b: Kingambit\n|-damage|p1a: Tatsu|90/100|[from] item: Life Orb\n|move|p2a: Talonflame|Flare Blitz|p1a: Tatsu\n|-supereffective|p1a: Tatsu|1\n|-damage|p1a: Tatsu|25/100\n|-damage|p2a: Talonflame|23/100|[from] Recoil\n|\n|upkeep\n|\n|t:|1788382434\n|switch|p2b: Dragonite|Dragonite, L50, M, shiny|100/100\n|turn|4\n|inactive|Battle timer is ON: inactive players will automatically lose when time's up. (requested by PandaMan7567)\n|\n|t:|1788382452\n|switch|p2a: Sneasler|Sneasler, L50, F|100/100\n|detailschange|p2b: Dragonite|Dragonite-Mega, L50, M, shiny\n|-mega|p2b: Dragonite|Dragonite|Dragoninite\n|move|p1a: Tatsu|Sucker Punch||[still]\n|-fail|p1a: Tatsu\n|move|p2b: Dragonite|Dragon Pulse|p1b: Spin Cycle\n|-damage|p1b: Spin Cycle|41/100\n|-enditem|p1b: Spin Cycle|Sitrus Berry|[eat]\n|-heal|p1b: Spin Cycle|66/100|[from] item: Sitrus Berry\n|move|p1b: Spin Cycle|Thunderbolt|p2b: Dragonite\n|-damage|p2b: Dragonite|82/100\n|\n|upkeep\n|turn|5\n|inactive|PandaMan7567 has 30 seconds left.\n|\n|t:|1788382479\n|move|p1b: Spin Cycle|Protect|p1b: Spin Cycle\n|-singleturn|p1b: Spin Cycle|Protect\n|move|p1a: Tatsu|Protect|p1a: Tatsu\n|-singleturn|p1a: Tatsu|Protect\n|move|p2a: Sneasler|Close Combat|p1b: Spin Cycle\n|-activate|p1b: Spin Cycle|move: Protect\n|move|p2b: Dragonite|Heat Wave|p1a: Tatsu|[spread] \n|-activate|p1a: Tatsu|move: Protect\n|-activate|p1b: Spin Cycle|move: Protect\n|\n|-sideend|p2: PandaMan7567|move: Tailwind\n|upkeep\n|turn|6\n|inactive|LanternComic has 30 seconds left.\n|\n|t:|1788382506\n|move|p1a: Tatsu|Sucker Punch|p2a: Sneasler\n|-resisted|p2a: Sneasler|1\n|-damage|p2a: Sneasler|66/100\n|-damage|p1a: Tatsu|15/100|[from] item: Life Orb\n|move|p2a: Sneasler|Close Combat|p1b: Spin Cycle\n|-damage|p1b: Spin Cycle|2/100\n|-unboost|p2a: Sneasler|def|1\n|-unboost|p2a: Sneasler|spd|1\n|-enditem|p2a: Sneasler|White Herb\n|-clearnegativeboost|p2a: Sneasler|[silent]\n|move|p2b: Dragonite|Heat Wave|p1a: Tatsu|[spread] p1a,p1b\n|-supereffective|p1a: Tatsu|1\n|-resisted|p1b: Spin Cycle|1\n|-damage|p1a: Tatsu|0 fnt\n|-damage|p1b: Spin Cycle|0 fnt\n|faint|p1a: Tatsu\n|faint|p1b: Spin Cycle\n|\n|upkeep\n|\n|t:|1788382514\n|switch|p1b: Ghostmaker|Sneasler, L50, M, shiny|25/100\n|turn|7\n|\n|t:|1788382526\n|move|p2a: Sneasler|Close Combat|p1b: Ghostmaker\n|-resisted|p1b: Ghostmaker|1\n|-damage|p1b: Ghostmaker|0 fnt\n|-unboost|p2a: Sneasler|def|1\n|-unboost|p2a: Sneasler|spd|1\n|faint|p1b: Ghostmaker\n|\n|win|PandaMan7567\n","uploadtime":1788382527,"views":"0","formatid":"gen9championsvgc2026regmb","rating":null,"private":0,"password":null}