{"id":"gen9championsvgc2026regmbbo3-2674634444","format":"[Gen 9 Champions] VGC 2026 Reg M-B (Bo3)","players":["Mashuno","VGCPancakes"],"log":"|j|☆Mashuno\n|j|☆VGCPancakes\n|html|<table width=\"100%\"><tr><td align=\"left\">Mashuno</td><td align=\"right\">VGCPancakes</tr><tr><td align=\"left\"><i class=\"fa fa-circle-o\"></i> <i class=\"fa fa-circle-o\"></i> </td><td align=\"right\"><i class=\"fa fa-circle-o\"></i> <i class=\"fa fa-circle\"></i> </tr></table>\n|uhtml|bestof|<h2><strong>Game 2</strong> of <a href=\"/game-bestof3-gen9championsvgc2026regmbbo3-2674632092\">a best-of-3</a></h2>\n|t:|1788382987\n|gametype|doubles\n|player|p1|Mashuno|harlequin|1220\n|player|p2|VGCPancakes|266|1288\n|gen|9\n|tier|[Gen 9 Champions] VGC 2026 Reg M-B (Bo3)\n|rated|\n|rule|Species Clause: Limit one of each Pokémon\n|rule|Item Clause: Limit 1 of each item\n|clearpoke\n|poke|p1|Pelipper, L50, M|\n|poke|p1|Archaludon, L50, M|\n|poke|p1|Blastoise, L50, F|\n|poke|p1|Sinistcha, L50|\n|poke|p1|Sableye, L50, M|\n|poke|p1|Sneasler, L50, F|\n|poke|p2|Charizard, L50, M|\n|poke|p2|Sylveon, L50, M|\n|poke|p2|Aerodactyl, L50, F|\n|poke|p2|Incineroar, L50, M|\n|poke|p2|Venusaur, L50, M|\n|poke|p2|Garchomp, L50, F|\n|teampreview|4\n|showteam|p1|Pelipper||FocusSash|Drizzle|WeatherBall,Hurricane,Tailwind,RainDance|Timid||M|||50|]Archaludon||Leftovers|Stamina|Protect,DracoMeteor,FlashCannon,ElectroShot|Modest||M|||50|]Blastoise||Blastoisinite|RainDish|Protect,WaterSpout,DarkPulse,IceBeam|Modest||F|||50|]Sinistcha||SitrusBerry|Hospitality|MatchaGotcha,RagePowder,LifeDew,TrickRoom|Bold|||||50|]Sableye||LightClay|Prankster|FoulPlay,LightScreen,Reflect,RainDance|Impish||M|||50|]Sneasler||WhiteHerb|Unburden|FakeOut,DireClaw,CloseCombat,RockSlide|Jolly||F|||50|\n|showteam|p2|Charizard||CharizarditeY|Blaze|Protect,WeatherBall,HeatWave,DragonPulse|Modest||M|||50|]Sylveon||LifeOrb|Pixilate|Protect,HyperVoice,HyperBeam,WeatherBall|Modest||M|||50|]Aerodactyl||FocusSash|Unnerve|Protect,RockSlide,Tailwind,SunnyDay|Jolly||F|||50|]Incineroar||SitrusBerry|Intimidate|FakeOut,ThroatChop,Taunt,PartingShot|Careful||M|||50|]Venusaur||Leftovers|Chlorophyll|Protect,GigaDrain,SludgeBomb,SleepPowder|Modest||M|||50|]Garchomp||ChoiceScarf|RoughSkin|RockSlide,BreakingSwipe,DragonClaw,StompingTantrum|Adamant||F|||50|\n|\n|t:|1788383001\n|teamsize|p1|4\n|teamsize|p2|4\n|start\n|switch|p1a: Kocho|Sneasler, L50, F|100/100\n|switch|p1b: Go! Go! Zeppeli|Sableye, L50, M|100/100\n|switch|p2a: Ignis|Charizard, L50, M|100/100\n|switch|p2b: Terra|Venusaur, L50, M|100/100\n|turn|1\n|\n|t:|1788383023\n|switch|p2a: Tyberos|Garchomp, L50, F|100/100\n|move|p1a: Kocho|Fake Out|p2b: Terra\n|-damage|p2b: Terra|86/100\n|move|p1b: Go! Go! Zeppeli|Rain Dance|p1b: Go! Go! Zeppeli\n|-weather|RainDance\n|cant|p2b: Terra|flinch\n|\n|-weather|RainDance|[upkeep]\n|-heal|p2b: Terra|92/100|[from] item: Leftovers\n|upkeep\n|turn|2\n|\n|t:|1788383043\n|switch|p1a: Junketsu|Archaludon, L50, M|100/100\n|move|p1b: Go! Go! Zeppeli|Reflect|p1b: Go! Go! Zeppeli\n|-sidestart|p1: Mashuno|Reflect\n|move|p2a: Tyberos|Stomping Tantrum|p1a: Junketsu\n|-supereffective|p1a: Junketsu|1\n|-damage|p1a: Junketsu|59/100\n|-ability|p1a: Junketsu|Stamina|boost\n|-boost|p1a: Junketsu|def|1\n|move|p2b: Terra|Sleep Powder|p1b: Go! Go! Zeppeli\n|-status|p1b: Go! Go! Zeppeli|slp|[from] move: Sleep Powder\n|\n|-weather|RainDance|[upkeep]\n|-heal|p1a: Junketsu|66/100|[from] item: Leftovers\n|-heal|p2b: Terra|98/100|[from] item: Leftovers\n|upkeep\n|turn|3\n|\n|t:|1788383059\n|switch|p1b: Dai News|Pelipper, L50, M|100/100\n|move|p1a: Junketsu|Protect|p1a: Junketsu\n|-singleturn|p1a: Junketsu|Protect\n|move|p2a: Tyberos|Stomping Tantrum|p1a: Junketsu\n|-activate|p1a: Junketsu|move: Protect\n|move|p2b: Terra|Sleep Powder|p1a: Junketsu\n|-activate|p1a: Junketsu|move: Protect\n|\n|-weather|RainDance|[upkeep]\n|-heal|p1a: Junketsu|72/100|[from] item: Leftovers\n|-heal|p2b: Terra|100/100|[from] item: Leftovers\n|upkeep\n|turn|4\n|\n|t:|1788383082\n|move|p2a: Tyberos|Stomping Tantrum|p1a: Junketsu\n|-supereffective|p1a: Junketsu|1\n|-damage|p1a: Junketsu|42/100\n|-ability|p1a: Junketsu|Stamina|boost\n|-boost|p1a: Junketsu|def|1\n|move|p1a: Junketsu|Electro Shot||[still]\n|-prepare|p1a: Junketsu|Electro Shot\n|-boost|p1a: Junketsu|spa|1\n|-anim|p1a: Junketsu|Electro Shot|p2b: Terra\n|-resisted|p2b: Terra|1\n|-damage|p2b: Terra|68/100\n|move|p1b: Dai News|Hurricane|p2b: Terra\n|-supereffective|p2b: Terra|1\n|-damage|p2b: Terra|0 fnt\n|faint|p2b: Terra\n|\n|-weather|RainDance|[upkeep]\n|-heal|p1a: Junketsu|48/100|[from] item: Leftovers\n|upkeep\n|\n|t:|1788383099\n|switch|p2b: Ignis|Charizard, L50, M|100/100\n|turn|5\n|\n|t:|1788383131\n|switch|p2a: Dylan|Aerodactyl, L50, F|100/100\n|-ability|p2a: Dylan|Unnerve\n|detailschange|p2b: Ignis|Charizard-Mega-Y, L50, M\n|-mega|p2b: Ignis|Charizard|Charizardite Y\n|-weather|SunnyDay|[from] ability: Drought|[of] p2b: Ignis\n|move|p1a: Junketsu|Protect|p1a: Junketsu\n|-singleturn|p1a: Junketsu|Protect\n|move|p1b: Dai News|Tailwind|p1b: Dai News\n|-sidestart|p1: Mashuno|move: Tailwind\n|move|p2b: Ignis|Weather Ball|p1b: Dai News\n|-resisted|p1b: Dai News|1\n|-damage|p1b: Dai News|18/100\n|\n|-weather|SunnyDay|[upkeep]\n|-heal|p1a: Junketsu|55/100|[from] item: Leftovers\n|upkeep\n|turn|6\n|\n|t:|1788383179\n|switch|p1b: Kocho|Sneasler, L50, F|100/100\n|move|p2b: Ignis|Protect|p2b: Ignis\n|-singleturn|p2b: Ignis|Protect\n|move|p1a: Junketsu|Draco Meteor|p2b: Ignis\n|-activate|p2b: Ignis|move: Protect\n|move|p2a: Dylan|Tailwind|p2a: Dylan\n|-sidestart|p2: VGCPancakes|move: Tailwind\n|\n|-weather|SunnyDay|[upkeep]\n|-heal|p1a: Junketsu|61/100|[from] item: Leftovers\n|upkeep\n|turn|7\n|\n|t:|1788383208\n|move|p1b: Kocho|Fake Out|p2b: Ignis\n|-damage|p2b: Ignis|85/100\n|move|p2a: Dylan|Sunny Day||[still]\n|-fail|p2a: Dylan\n|move|p1a: Junketsu|Flash Cannon|p2a: Dylan\n|-supereffective|p2a: Dylan|1\n|-enditem|p2a: Dylan|Focus Sash\n|-damage|p2a: Dylan|1/100\n|cant|p2b: Ignis|flinch\n|\n|-weather|SunnyDay|[upkeep]\n|-heal|p1a: Junketsu|67/100|[from] item: Leftovers\n|upkeep\n|turn|8\n|\n|t:|1788383222\n|move|p2a: Dylan|Protect|p2a: Dylan\n|-singleturn|p2a: Dylan|Protect\n|move|p1a: Junketsu|Protect|p1a: Junketsu\n|-singleturn|p1a: Junketsu|Protect\n|move|p2b: Ignis|Protect|p2b: Ignis\n|-singleturn|p2b: Ignis|Protect\n|move|p1b: Kocho|Rock Slide|p2a: Dylan|[spread] \n|-activate|p2a: Dylan|move: Protect\n|-activate|p2b: Ignis|move: Protect\n|\n|-weather|SunnyDay|[upkeep]\n|-heal|p1a: Junketsu|73/100|[from] item: Leftovers\n|-sideend|p1: Mashuno|move: Tailwind\n|upkeep\n|turn|9\n|\n|t:|1788383270\n|switch|p1a: Dai News|Pelipper, L50, M|18/100\n|-weather|RainDance|[from] ability: Drizzle|[of] p1a: Dai News\n|move|p2a: Dylan|Rock Slide|p1b: Kocho|[spread] p1a,p1b\n|-supereffective|p1a: Dai News|1\n|-resisted|p1b: Kocho|1\n|-damage|p1a: Dai News|0 fnt\n|-damage|p1b: Kocho|85/100\n|faint|p1a: Dai News\n|move|p2b: Ignis|Heat Wave|p1b: Kocho\n|-damage|p1b: Kocho|47/100\n|cant|p1b: Kocho|flinch\n|\n|-weather|RainDance|[upkeep]\n|-sideend|p1: Mashuno|Reflect\n|-sideend|p2: VGCPancakes|move: Tailwind\n|upkeep\n|\n|t:|1788383293\n|switch|p1a: Junketsu|Archaludon, L50, M|73/100\n|turn|10\n|\n|t:|1788383313\n|move|p1a: Junketsu|Protect|p1a: Junketsu\n|-singleturn|p1a: Junketsu|Protect\n|move|p2a: Dylan|Sunny Day|p2a: Dylan\n|-weather|SunnyDay\n|move|p1b: Kocho|Rock Slide|p2a: Dylan|[spread] p2a,p2b\n|-supereffective|p2a: Dylan|1\n|-supereffective|p2b: Ignis|2\n|-crit|p2b: Ignis\n|-damage|p2a: Dylan|0 fnt\n|-damage|p2b: Ignis|0 fnt\n|faint|p2a: Dylan\n|faint|p2b: Ignis\n|\n|-weather|SunnyDay|[upkeep]\n|-heal|p1a: Junketsu|80/100|[from] item: Leftovers\n|upkeep\n|\n|t:|1788383316\n|switch|p2b: Tyberos|Garchomp, L50, F|100/100\n|turn|11\n|\n|t:|1788383393\n|move|p2b: Tyberos|Stomping Tantrum|p1b: Kocho\n|-supereffective|p1b: Kocho|1\n|-damage|p1b: Kocho|0 fnt\n|faint|p1b: Kocho\n|move|p1a: Junketsu|Flash Cannon|p2b: Tyberos\n|-damage|p2b: Tyberos|56/100\n|\n|-weather|SunnyDay|[upkeep]\n|-heal|p1a: Junketsu|86/100|[from] item: Leftovers\n|upkeep\n|inactive|Battle timer is ON: inactive players will automatically lose when time's up. (requested by VGCPancakes)\n|\n|t:|1788383402\n|switch|p1b: Go! Go! Zeppeli|Sableye, L50, M|100/100 slp\n|turn|12\n|\n|t:|1788383407\n|move|p1a: Junketsu|Protect|p1a: Junketsu\n|-singleturn|p1a: Junketsu|Protect\n|cant|p1b: Go! Go! Zeppeli|slp\n|move|p2b: Tyberos|Stomping Tantrum|p1a: Junketsu\n|-activate|p1a: Junketsu|move: Protect\n|\n|-weather|SunnyDay|[upkeep]\n|-heal|p1a: Junketsu|92/100|[from] item: Leftovers\n|upkeep\n|turn|13\n|\n|t:|1788383416\n|cant|p1b: Go! Go! Zeppeli|slp\n|move|p2b: Tyberos|Stomping Tantrum|p1a: Junketsu\n|-supereffective|p1a: Junketsu|1\n|-damage|p1a: Junketsu|30/100\n|-ability|p1a: Junketsu|Stamina|boost\n|-boost|p1a: Junketsu|def|1\n|move|p1a: Junketsu|Flash Cannon|p2b: Tyberos\n|-crit|p2b: Tyberos\n|-damage|p2b: Tyberos|0 fnt\n|faint|p2b: Tyberos\n|\n|win|Mashuno\n||VGCPancakes is ready for game 3.\n|inactive|Mashuno has 29 seconds to confirm battle start!\n||Mashuno is ready for game 3.\n|uhtml|next|Next: <a href=\"/battle-gen9championsvgc2026regmbbo3-2674637726\"><strong>Game 3 of 3</strong></a>\n","uploadtime":1788383918,"views":"0","formatid":"gen9championsvgc2026regmbbo3","rating":null,"private":0,"password":null}