{"id":"gen9championsvgc2026regmb-2674364954","format":"[Gen 9 Champions] VGC 2026 Reg M-B","players":["i fkin hate incin","pookitypookie"],"log":"|j|☆i fkin hate incin\n|j|☆pookitypookie\n|t:|1788349496\n|gametype|doubles\n|player|p1|i fkin hate incin|birdkeeper|1090\n|player|p2|pookitypookie|cynthia|1022\n|gen|9\n|tier|[Gen 9 Champions] VGC 2026 Reg M-B\n|rated|\n|rule|Species Clause: Limit one of each Pokémon\n|rule|Item Clause: Limit 1 of each item\n|clearpoke\n|poke|p1|Gengar, L50, M, shiny|\n|poke|p1|Garchomp, L50, M, shiny|\n|poke|p1|Whimsicott, L50, M|\n|poke|p1|Lucario, L50, M, shiny|\n|poke|p1|Basculegion, L50, M|\n|poke|p1|Absol, L50, M|\n|poke|p2|Dragapult, L50, M, shiny|\n|poke|p2|Sylveon, L50, F, shiny|\n|poke|p2|Sinistcha-Masterpiece, L50|\n|poke|p2|Incineroar, L50, F|\n|poke|p2|Pelipper, L50, M, shiny|\n|poke|p2|Drampa, L50, M|\n|teampreview|4\n|inactive|Battle timer is ON: inactive players will automatically lose when time's up. (requested by i fkin hate incin)\n|c|☆pookitypookie|aww\n|inactive|pookitypookie has 60 seconds left.\n|c|☆i fkin hate incin|what\n|\n|t:|1788349545\n|teamsize|p1|4\n|teamsize|p2|4\n|start\n|switch|p1a: Whimsicott|Whimsicott, L50, M|100/100\n|switch|p1b: Gengar|Gengar, L50, M, shiny|100/100\n|switch|p2a: Radioactive Waste|Sinistcha-Masterpiece, L50|100/100\n|switch|p2b: Fallen Glory|Incineroar, L50, F|100/100\n|-ability|p2b: Fallen Glory|Intimidate|boost\n|-unboost|p1a: Whimsicott|atk|1\n|-unboost|p1b: Gengar|atk|1\n|turn|1\n|c|☆pookitypookie|incin hate :(\n|c|☆pookitypookie|jk\n|\n|t:|1788349565\n|detailschange|p1b: Gengar|Gengar-Mega, L50, M, shiny\n|-mega|p1b: Gengar|Gengar|Gengarite\n|move|p1a: Whimsicott|Protect|p1a: Whimsicott\n|-singleturn|p1a: Whimsicott|Protect\n|move|p1b: Gengar|Shadow Ball|p2a: Radioactive Waste\n|-supereffective|p2a: Radioactive Waste|1\n|-damage|p2a: Radioactive Waste|0 fnt\n|faint|p2a: Radioactive Waste\n|move|p2b: Fallen Glory|Darkest Lariat|p1b: Gengar\n|-supereffective|p1b: Gengar|1\n|-damage|p1b: Gengar|0 fnt\n|faint|p1b: Gengar\n|\n|upkeep\n|c|☆i fkin hate incin|incin is bullshit\n|c|☆i fkin hate incin|lfg\n|c|☆i fkin hate incin|dumb shit sinista down\n|inactive|pookitypookie has 30 seconds left.\n|c|☆pookitypookie|you lost your mega\n|\n|t:|1788349595\n|switch|p1b: Lucario|Lucario, L50, M, shiny|100/100\n|switch|p2a: Knots|Sylveon, L50, F, shiny|100/100\n|turn|2\n|\n|t:|1788349617\n|move|p2b: Fallen Glory|Helping Hand|p2a: Knots\n|-singleturn|p2a: Knots|Helping Hand|[of] p2b: Fallen Glory\n|move|p1a: Whimsicott|Encore|p2b: Fallen Glory\n|-hint|Since gen 7, Dark is immune to Prankster moves.\n|-immune|p2b: Fallen Glory\n|move|p1b: Lucario|Meteor Mash|p2a: Knots\n|-supereffective|p2a: Knots|1\n|-damage|p2a: Knots|0 fnt\n|faint|p2a: Knots\n|\n|upkeep\n|\n|t:|1788349627\n|switch|p2a: Dramps|Drampa, L50, M|100/100\n|-ability|p2a: Dramps|Cloud Nine\n|turn|3\n|c|☆i fkin hate incin|u wana see my magic trick\n|c|☆pookitypookie|nah\n|c|☆i fkin hate incin|a lil tomfoolery\n|\n|t:|1788349642\n|detailschange|p2a: Dramps|Drampa-Mega, L50, M\n|-mega|p2a: Dramps|Drampa|Drampanite\n|move|p2a: Dramps|Protect|p2a: Dramps\n|-singleturn|p2a: Dramps|Protect\n|move|p1a: Whimsicott|Beat Up|p1b: Lucario\n|-resisted|p1b: Lucario|1\n|-damage|p1b: Lucario|99/100\n|-ability|p1b: Lucario|Justified|boost\n|-boost|p1b: Lucario|atk|1\n|-resisted|p1b: Lucario|1\n|-damage|p1b: Lucario|98/100\n|-ability|p1b: Lucario|Justified|boost\n|-boost|p1b: Lucario|atk|1\n|-resisted|p1b: Lucario|1\n|-damage|p1b: Lucario|96/100\n|-ability|p1b: Lucario|Justified|boost\n|-boost|p1b: Lucario|atk|1\n|-hitcount|p1b: Lucario|3\n|move|p1b: Lucario|Meteor Mash|p2a: Dramps\n|-activate|p2a: Dramps|move: Protect\n|move|p2b: Fallen Glory|Parting Shot|p1b: Lucario\n|-unboost|p1b: Lucario|atk|1\n|-unboost|p1b: Lucario|spa|1\n|\n|upkeep\n|turn|4\n|c|☆pookitypookie|:0\n|c|☆i fkin hate incin|ur drag is dead\n|c|☆pookitypookie|cool trick\n|c|☆pookitypookie|I like it\n|inactive|pookitypookie has 30 seconds left.\n|c|☆i fkin hate incin|my luc speed is 183 whims speed is 184\n|inactive|pookitypookie has 20 seconds left.\n|c|☆i fkin hate incin|outspeed and ko\n|c|☆pookitypookie|well, gg\n|inactive|pookitypookie has 15 seconds left.\n|\n|t:|1788349687\n|move|p2a: Dramps|Protect||[still]\n|-fail|p2a: Dramps\n|move|p1a: Whimsicott|Beat Up|p1b: Lucario\n|-resisted|p1b: Lucario|1\n|-damage|p1b: Lucario|96/100\n|-ability|p1b: Lucario|Justified|boost\n|-boost|p1b: Lucario|atk|1\n|-resisted|p1b: Lucario|1\n|-damage|p1b: Lucario|94/100\n|-ability|p1b: Lucario|Justified|boost\n|-boost|p1b: Lucario|atk|1\n|-resisted|p1b: Lucario|1\n|-damage|p1b: Lucario|93/100\n|-ability|p1b: Lucario|Justified|boost\n|-boost|p1b: Lucario|atk|1\n|-hitcount|p1b: Lucario|3\n|move|p1b: Lucario|Meteor Mash|p2a: Dramps\n|-damage|p2a: Dramps|0 fnt\n|-boost|p1b: Lucario|atk|1\n|faint|p2a: Dramps\n|move|p2b: Fallen Glory|Parting Shot|p1b: Lucario\n|-unboost|p1b: Lucario|atk|1\n|-unboost|p1b: Lucario|spa|1\n|\n|upkeep\n|turn|5\n|c|☆i fkin hate incin|its gikiy tho\n|c|☆pookitypookie|jest end my suffering already\n|c|☆i fkin hate incin|alr\n|c|☆i fkin hate incin|yes sir\n|\n|t:|1788349710\n|move|p2b: Fallen Glory|Helping Hand|p2: Dramps|[notarget]\n|-fail|p2b: Fallen Glory\n|move|p1a: Whimsicott|Beat Up|p1b: Lucario\n|-resisted|p1b: Lucario|1\n|-damage|p1b: Lucario|92/100\n|-ability|p1b: Lucario|Justified|boost\n|-boost|p1b: Lucario|atk|1\n|-resisted|p1b: Lucario|1\n|-damage|p1b: Lucario|91/100\n|-resisted|p1b: Lucario|1\n|-damage|p1b: Lucario|90/100\n|-hitcount|p1b: Lucario|3\n|move|p1b: Lucario|Meteor Mash|p2b: Fallen Glory\n|-resisted|p2b: Fallen Glory|1\n|-damage|p2b: Fallen Glory|22/100\n|\n|upkeep\n|turn|6\n|c|☆pookitypookie|JUST FUCKING KILL ME\n|\n|t:|1788349728\n|move|p1a: Whimsicott|Encore|p1b: Lucario\n|-start|p1b: Lucario|Encore\n|move|p1b: Lucario|Meteor Mash|p2b: Fallen Glory\n|-resisted|p2b: Fallen Glory|1\n|-damage|p2b: Fallen Glory|0 fnt\n|faint|p2b: Fallen Glory\n|\n|win|i fkin hate incin\n","uploadtime":1788349584,"views":"1","formatid":"gen9championsvgc2026regmb","rating":null,"private":0,"password":null}