{"id":"gen9championsvgc2026regmb-2674294283","format":"[Gen 9 Champions] VGC 2026 Reg M-B","players":["zeguy099","Kwiper"],"log":"|j|☆zeguy099\n|j|☆Kwiper\n|t:|1788333949\n|gametype|doubles\n|player|p1|zeguy099|morty|1455\n|player|p2|Kwiper|sycamore|1576\n|gen|9\n|tier|[Gen 9 Champions] VGC 2026 Reg M-B\n|rated|\n|rule|Species Clause: Limit one of each Pokémon\n|rule|Item Clause: Limit 1 of each item\n|clearpoke\n|poke|p1|Pelipper, L50, M|\n|poke|p1|Swampert, L50, F|\n|poke|p1|Archaludon, L50, M, shiny|\n|poke|p1|Sneasler, L50, M|\n|poke|p1|Meowscarada, L50, M, shiny|\n|poke|p1|Whimsicott, L50, F, shiny|\n|poke|p2|Tyranitar, L50, F|\n|poke|p2|Excadrill, L50, M|\n|poke|p2|Milotic, L50, F|\n|poke|p2|Gholdengo, L50|\n|poke|p2|Sinistcha, L50|\n|poke|p2|Staraptor, L50, F|\n|teampreview|4\n|inactive|Battle timer is ON: inactive players will automatically lose when time's up. (requested by Kwiper)\n|inactive|zeguy099 also wants the timer to be on.\n|inactive|zeguy099 has 60 seconds left.\n|\n|t:|1788333992\n|teamsize|p1|4\n|teamsize|p2|4\n|start\n|switch|p1a: Meowscarada|Meowscarada, L50, M, shiny|100/100\n|switch|p1b: Whimsicott|Whimsicott, L50, F, shiny|100/100\n|switch|p2a: Gholdengo|Gholdengo, L50|100/100\n|switch|p2b: Sinistcha|Sinistcha, L50|100/100\n|turn|1\n|\n|t:|1788334006\n|move|p2a: Gholdengo|Protect|p2a: Gholdengo\n|-singleturn|p2a: Gholdengo|Protect\n|move|p1b: Whimsicott|Light Screen|p1b: Whimsicott\n|-sidestart|p1: zeguy099|move: Light Screen\n|move|p1a: Meowscarada|Knock Off|p2a: Gholdengo\n|-start|p1a: Meowscarada|typechange|Dark|[from] ability: Protean\n|-activate|p2a: Gholdengo|move: Protect\n|move|p2b: Sinistcha|Matcha Gotcha|p1a: Meowscarada|[spread] \n|-miss|p2b: Sinistcha|p1a: Meowscarada\n|-miss|p2b: Sinistcha|p1b: Whimsicott\n|\n|upkeep\n|turn|2\n|\n|t:|1788334016\n|move|p2b: Sinistcha|Rage Powder|p2b: Sinistcha\n|-singleturn|p2b: Sinistcha|move: Rage Powder\n|move|p1b: Whimsicott|Encore|p2b: Sinistcha\n|-start|p2b: Sinistcha|Encore\n|move|p1a: Meowscarada|Knock Off|p2b: Sinistcha\n|-supereffective|p2b: Sinistcha|1\n|-enditem|p2b: Sinistcha|Colbur Berry|[eat]\n|-enditem|p2b: Sinistcha|Colbur Berry|[weaken]\n|-damage|p2b: Sinistcha|62/100\n|move|p2a: Gholdengo|Make It Rain|p1a: Meowscarada|[spread] p1a,p1b\n|-supereffective|p1b: Whimsicott|1\n|-damage|p1a: Meowscarada|51/100\n|-enditem|p1b: Whimsicott|Focus Sash\n|-damage|p1b: Whimsicott|1/100\n|-unboost|p2a: Gholdengo|spa|2\n|-damage|p2a: Gholdengo|90/100|[from] item: Life Orb\n|\n|upkeep\n|turn|3\n|\n|t:|1788334040\n|switch|p1a: Pelipper|Pelipper, L50, M|100/100\n|-weather|RainDance|[from] ability: Drizzle|[of] p1a: Pelipper\n|switch|p2a: Tyranitar|Tyranitar, L50, F|100/100\n|-weather|Sandstorm|[from] ability: Sand Stream|[of] p2a: Tyranitar\n|switch|p2b: Staraptor|Staraptor, L50, F|100/100\n|-ability|p2b: Staraptor|Intimidate|boost\n|-unboost|p1a: Pelipper|atk|1\n|-unboost|p1b: Whimsicott|atk|1\n|move|p1b: Whimsicott|Tailwind|p1b: Whimsicott\n|-sidestart|p1: zeguy099|move: Tailwind\n|\n|-weather|Sandstorm|[upkeep]\n|-damage|p1b: Whimsicott|0 fnt|[from] Sandstorm\n|-damage|p1a: Pelipper|94/100|[from] Sandstorm\n|-damage|p2b: Staraptor|94/100|[from] Sandstorm\n|faint|p1b: Whimsicott\n|upkeep\n|\n|t:|1788334046\n|switch|p1b: Meowscarada|Meowscarada, L50, M, shiny|51/100\n|turn|4\n|\n|t:|1788334057\n|switch|p1a: Archaludon|Archaludon, L50, M, shiny|100/100\n|switch|p2a: Sinistcha|Sinistcha, L50|62/100\n|-heal|p2b: Staraptor|100/100|[from] ability: Hospitality|[of] p2a: Sinistcha\n|detailschange|p2b: Staraptor|Staraptor-Mega, L50, F\n|-mega|p2b: Staraptor|Staraptor|Staraptite\n|move|p1b: Meowscarada|U-turn|p2a: Sinistcha\n|-start|p1b: Meowscarada|typechange|Bug|[from] ability: Protean\n|-damage|p2a: Sinistcha|34/100\n|\n|t:|1788334068\n|switch|p1b: Pelipper|Pelipper, L50, M|94/100|[from] U-turn\n|-weather|RainDance|[from] ability: Drizzle|[of] p1b: Pelipper\n|move|p2b: Staraptor|Tailwind|p2b: Staraptor\n|-sidestart|p2: Kwiper|move: Tailwind\n|\n|-weather|RainDance|[upkeep]\n|upkeep\n|turn|5\n|\n|t:|1788334076\n|switch|p2a: Tyranitar|Tyranitar, L50, F|100/100\n|-weather|Sandstorm|[from] ability: Sand Stream|[of] p2a: Tyranitar\n|move|p2b: Staraptor|Close Combat|p1a: Archaludon\n|-supereffective|p1a: Archaludon|1\n|-damage|p1a: Archaludon|0 fnt\n|-boost|p2b: Staraptor|def|1\n|-boost|p2b: Staraptor|spd|1\n|faint|p1a: Archaludon\n|move|p1b: Pelipper|Hurricane|p2a: Tyranitar|[miss]\n|-miss|p1b: Pelipper|p2a: Tyranitar\n|\n|-weather|Sandstorm|[upkeep]\n|-damage|p2b: Staraptor|94/100|[from] Sandstorm\n|-damage|p1b: Pelipper|88/100|[from] Sandstorm\n|-sideend|p1: zeguy099|move: Light Screen\n|upkeep\n|\n|t:|1788334079\n|switch|p1a: Meowscarada|Meowscarada, L50, M, shiny|51/100\n|turn|6\n|\n|t:|1788334087\n|switch|p2a: Gholdengo|Gholdengo, L50|90/100\n|move|p2b: Staraptor|Protect|p2b: Staraptor\n|-singleturn|p2b: Staraptor|Protect\n|move|p1b: Pelipper|Wide Guard|p1b: Pelipper\n|-singleturn|p1b: Pelipper|Wide Guard\n|move|p1a: Meowscarada|Play Rough|p2b: Staraptor\n|-start|p1a: Meowscarada|typechange|Fairy|[from] ability: Protean\n|-activate|p2b: Staraptor|move: Protect\n|\n|-weather|Sandstorm|[upkeep]\n|-damage|p1a: Meowscarada|45/100|[from] Sandstorm\n|-damage|p2b: Staraptor|88/100|[from] Sandstorm\n|-damage|p1b: Pelipper|82/100|[from] Sandstorm\n|-sideend|p1: zeguy099|move: Tailwind\n|upkeep\n|turn|7\n|-message|zeguy099 forfeited.\n|\n|win|Kwiper\n|raw|zeguy099's rating: 1455 &rarr; <strong>1442</strong><br />(-13 for losing)\n|raw|Kwiper's rating: 1576 &rarr; <strong>1589</strong><br />(+13 for winning)\n","uploadtime":1788334094,"views":"2","formatid":"gen9championsvgc2026regmb","rating":1442,"private":0,"password":null}