{"id":"gen9championsvgc2026regmbbo3-2673534611","format":"[Gen 9 Champions] VGC 2026 Reg M-B (Bo3)","players":["Pokecraft15","reshiee"],"log":"|j|☆Pokecraft15\n|j|☆reshiee\n|html|<table width=\"100%\"><tr><td align=\"left\">Pokecraft15</td><td align=\"right\">reshiee</tr><tr><td align=\"left\"><i class=\"fa fa-circle-o\"></i> <i class=\"fa fa-circle-o\"></i> </td><td align=\"right\"><i class=\"fa fa-circle-o\"></i> <i class=\"fa fa-circle-o\"></i> </tr></table>\n|uhtml|bestof|<h2><strong>Game 1</strong> of <a href=\"/game-bestof3-gen9championsvgc2026regmbbo3-2673534610\">a best-of-3</a></h2>\n|t:|1788209685\n|gametype|doubles\n|player|p1|Pokecraft15|hilbert-wonderlauncher|1289\n|player|p2|reshiee|gwynn|1183\n|gen|9\n|tier|[Gen 9 Champions] VGC 2026 Reg M-B (Bo3)\n|rated|\n|rule|Species Clause: Limit one of each Pokémon\n|rule|Item Clause: Limit 1 of each item\n|clearpoke\n|poke|p1|Staraptor, L50, M|\n|poke|p1|Whimsicott, L50, F, shiny|\n|poke|p1|Delphox, L50, F|\n|poke|p1|Basculegion, L50, M|\n|poke|p1|Garchomp, L50, F|\n|poke|p1|Sneasler, L50, F|\n|poke|p2|Charizard, L50, F, shiny|\n|poke|p2|Pelipper, L50, M, shiny|\n|poke|p2|Archaludon, L50, F, shiny|\n|poke|p2|Venusaur, L50, M|\n|poke|p2|Swampert, L50, F|\n|poke|p2|Grimmsnarl, L50, M, shiny|\n|teampreview|4\n|showteam|p1|Staraptor||Staraptite|Intimidate|BraveBird,CloseCombat,Roost,Protect|Jolly||M|||50|]Whimsicott||FocusSash|Prankster|Moonblast,Tailwind,Charm,Encore|Timid||F|||50|]Delphox||Delphoxite|Blaze|HeatWave,Psyshock,NastyPlot,Protect|Timid||F|||50|]Basculegion||ChoiceScarf|Adaptability|WaveCrash,LastRespects,FlipTurn,AquaJet|Jolly||M|||50|]Garchomp||LifeOrb|RoughSkin|DragonClaw,RockSlide,Earthquake,Protect|Jolly||F|||50|]Sneasler||WhiteHerb|Unburden|CloseCombat,DireClaw,FakeOut,QuickGuard|Adamant||F|||50|\n|showteam|p2|Charizard||CharizarditeY|Blaze|Protect,HeatWave,WeatherBall,Hurricane|Modest||F|||50|]Pelipper||SitrusBerry|Drizzle|Hurricane,WeatherBall,Tailwind,WideGuard|Modest||M|||50|]Archaludon||Leftovers|Stamina|Protect,ElectroShot,DragonPulse,FlashCannon|Calm||F|||50|]Venusaur||FocusSash|Chlorophyll|Protect,SleepPowder,SludgeBomb,LeafStorm|Modest||M|||50|]Swampert||Swampertite|Torrent|Protect,WaveCrash,Earthquake,IcePunch|Adamant||F|||50|]Grimmsnarl||LightClay|Prankster|SpiritBreak,Reflect,LightScreen,PartingShot|Sassy||M|||50|\n|c|☆Pokecraft15|gkhf\n|c|☆reshiee|glhf\n|c|☆reshiee|omg you got to say it b4 me\n|c|☆Pokecraft15|lol\n|\n|t:|1788209747\n|teamsize|p1|4\n|teamsize|p2|4\n|start\n|switch|p1a: Whimsicott|Whimsicott, L50, F, shiny|100/100\n|switch|p1b: Garchomp|Garchomp, L50, F|100/100\n|switch|p2a: Grimmsnarl|Grimmsnarl, L50, M, shiny|100/100\n|switch|p2b: Pelipper|Pelipper, L50, M, shiny|100/100\n|-weather|RainDance|[from] ability: Drizzle|[of] p2b: Pelipper\n|turn|1\n|\n|t:|1788209803\n|move|p1a: Whimsicott|Tailwind|p1a: Whimsicott\n|-sidestart|p1: Pokecraft15|move: Tailwind\n|move|p2a: Grimmsnarl|Reflect|p2a: Grimmsnarl\n|-sidestart|p2: reshiee|Reflect\n|move|p1b: Garchomp|Rock Slide|p2a: Grimmsnarl|[spread] p2a,p2b\n|-supereffective|p2b: Pelipper|1\n|-damage|p2a: Grimmsnarl|81/100\n|-damage|p2b: Pelipper|66/100\n|-damage|p1b: Garchomp|90/100|[from] item: Life Orb\n|move|p2b: Pelipper|Tailwind|p2b: Pelipper\n|-sidestart|p2: reshiee|move: Tailwind\n|\n|-weather|RainDance|[upkeep]\n|upkeep\n|turn|2\n|\n|t:|1788209839\n|move|p1b: Garchomp|Protect|p1b: Garchomp\n|-singleturn|p1b: Garchomp|Protect\n|move|p2b: Pelipper|Wide Guard|p2b: Pelipper\n|-singleturn|p2b: Pelipper|Wide Guard\n|move|p2a: Grimmsnarl|Parting Shot|p1b: Garchomp\n|-activate|p1b: Garchomp|move: Protect\n|move|p1a: Whimsicott|Moonblast|p2a: Grimmsnarl\n|-supereffective|p2a: Grimmsnarl|1\n|-crit|p2a: Grimmsnarl\n|-damage|p2a: Grimmsnarl|0 fnt\n|faint|p2a: Grimmsnarl\n|\n|-weather|RainDance|[upkeep]\n|upkeep\n|\n|t:|1788209853\n|switch|p2a: Swampert|Swampert, L50, F|100/100\n|turn|3\n|\n|t:|1788209882\n|switch|p1b: Basculegion|Basculegion, L50, M|100/100\n|detailschange|p2a: Swampert|Swampert-Mega, L50, F\n|-mega|p2a: Swampert|Swampert|Swampertite\n|move|p2a: Swampert|Ice Punch|p1b: Basculegion\n|-resisted|p1b: Basculegion|1\n|-damage|p1b: Basculegion|79/100\n|move|p1a: Whimsicott|Moonblast|p2b: Pelipper\n|-damage|p2b: Pelipper|25/100\n|-enditem|p2b: Pelipper|Sitrus Berry|[eat]\n|-heal|p2b: Pelipper|50/100y|[from] item: Sitrus Berry\n|move|p2b: Pelipper|Hurricane|p1a: Whimsicott\n|-supereffective|p1a: Whimsicott|1\n|-enditem|p1a: Whimsicott|Focus Sash\n|-damage|p1a: Whimsicott|1/100\n|\n|-weather|RainDance|[upkeep]\n|upkeep\n|turn|4\n|\n|t:|1788209926\n|switch|p2b: Archaludon|Archaludon, L50, F, shiny|100/100\n|move|p1a: Whimsicott|Encore|p2a: Swampert\n|-start|p2a: Swampert|Encore\n|move|p1b: Basculegion|Wave Crash|p2b: Archaludon\n|-resisted|p2b: Archaludon|1\n|-damage|p2b: Archaludon|71/100\n|-ability|p2b: Archaludon|Stamina|boost\n|-boost|p2b: Archaludon|def|1\n|-damage|p1b: Basculegion|70/100|[from] Recoil\n|move|p2a: Swampert|Ice Punch|p1a: Whimsicott\n|-supereffective|p1a: Whimsicott|1\n|-damage|p1a: Whimsicott|0 fnt\n|faint|p1a: Whimsicott\n|\n|-weather|RainDance|[upkeep]\n|-heal|p2b: Archaludon|77/100|[from] item: Leftovers\n|-sideend|p2: reshiee|move: Tailwind\n|-sideend|p1: Pokecraft15|move: Tailwind\n|upkeep\n|\n|t:|1788209935\n|switch|p1a: Staraptor|Staraptor, L50, M|100/100\n|-ability|p1a: Staraptor|Intimidate|boost\n|-unboost|p2a: Swampert|atk|1\n|-unboost|p2b: Archaludon|atk|1\n|turn|5\n|\n|t:|1788210009\n|move|p1a: Staraptor|Protect|p1a: Staraptor\n|-singleturn|p1a: Staraptor|Protect\n|move|p1b: Basculegion|Wave Crash|p2a: Swampert\n|-crit|p2a: Swampert\n|-damage|p2a: Swampert|0 fnt\n|faint|p2a: Swampert\n|-damage|p1b: Basculegion|37/100|[from] Recoil\n|move|p2b: Archaludon|Dragon Pulse|p1b: Basculegion\n|-damage|p1b: Basculegion|0 fnt\n|faint|p1b: Basculegion\n|\n|-weather|none\n|-heal|p2b: Archaludon|83/100|[from] item: Leftovers\n|upkeep\n|c|☆reshiee|dangggg\n|c|☆Pokecraft15|ikr\n|\n|t:|1788210024\n|switch|p1b: Garchomp|Garchomp, L50, F|90/100\n|switch|p2a: Pelipper|Pelipper, L50, M, shiny|50/100y\n|-weather|RainDance|[from] ability: Drizzle|[of] p2a: Pelipper\n|turn|6\n|c|☆reshiee|maybe i should have kept my og spread\n|c|☆reshiee|but dang did not know it ohkos\n|c|☆Pokecraft15|that was a crit\n|c|☆reshiee|ah\n|c|☆reshiee|didnt see the crit part\n|\n|t:|1788210069\n|detailschange|p1a: Staraptor|Staraptor-Mega, L50, M\n|-mega|p1a: Staraptor|Staraptor|Staraptite\n|move|p2a: Pelipper|Wide Guard|p2a: Pelipper\n|-singleturn|p2a: Pelipper|Wide Guard\n|move|p1a: Staraptor|Brave Bird|p2a: Pelipper\n|-damage|p2a: Pelipper|2/100\n|-damage|p1a: Staraptor|83/100|[from] Recoil\n|move|p1b: Garchomp|Dragon Claw|p2a: Pelipper\n|-damage|p2a: Pelipper|0 fnt\n|faint|p2a: Pelipper\n|-damage|p1b: Garchomp|80/100|[from] item: Life Orb\n|move|p2b: Archaludon|Electro Shot||[still]\n|-prepare|p2b: Archaludon|Electro Shot\n|-boost|p2b: Archaludon|spa|1\n|-anim|p2b: Archaludon|Electro Shot|p1a: Staraptor\n|-supereffective|p1a: Staraptor|1\n|-damage|p1a: Staraptor|0 fnt\n|faint|p1a: Staraptor\n|\n|-weather|RainDance|[upkeep]\n|-heal|p2b: Archaludon|89/100|[from] item: Leftovers\n|upkeep\n|turn|7\n|c|☆Pokecraft15|time for another crit lmao\n|\n|t:|1788210092\n|move|p1b: Garchomp|Earthquake|p2b: Archaludon\n|-supereffective|p2b: Archaludon|1\n|-damage|p2b: Archaludon|47/100\n|-ability|p2b: Archaludon|Stamina|boost\n|-boost|p2b: Archaludon|def|1\n|-damage|p1b: Garchomp|70/100|[from] item: Life Orb\n|move|p2b: Archaludon|Dragon Pulse|p1b: Garchomp\n|-supereffective|p1b: Garchomp|1\n|-damage|p1b: Garchomp|0 fnt\n|faint|p1b: Garchomp\n|\n|win|reshiee\n||Pokecraft15 is ready for game 2.\n|c|☆reshiee|with my luck it would\n|c|☆Pokecraft15|dammit\n|inactive|reshiee has 30 seconds to confirm battle start!\n|c|☆reshiee|im at 51000 encounters for a shiny hunt\n|c|☆Pokecraft15|OOF\n|inactive|reshiee has 20 seconds to confirm battle start!\n||reshiee is ready for game 2.\n|uhtml|next|Next: <a href=\"/battle-gen9championsvgc2026regmbbo3-2673537754\"><strong>Game 2 of 3</strong></a>\n|l|☆Pokecraft15\n|player|p1|\n|j|☆Pokecraft15\n|player|p1|Pokecraft15|hilbert-wonderlauncher|\n|l|☆Pokecraft15\n|player|p1|\n|j|☆Pokecraft15\n|player|p1|Pokecraft15|hilbert-wonderlauncher|\n","uploadtime":1788210107,"views":"0","formatid":"gen9championsvgc2026regmbbo3","rating":null,"private":0,"password":null}