{"id":"gen9championsvgc2026regmb-2674594088","format":"[Gen 9 Champions] VGC 2026 Reg M-B","players":["mismanette","Xavien"],"log":"|j|☆mismanette\n|j|☆Xavien\n|t:|1788377996\n|gametype|doubles\n|player|p1|mismanette|dawn|1076\n|player|p2|Xavien|169|1005\n|gen|9\n|tier|[Gen 9 Champions] VGC 2026 Reg M-B\n|rated|\n|rule|Species Clause: Limit one of each Pokémon\n|rule|Item Clause: Limit 1 of each item\n|clearpoke\n|poke|p1|Sableye, L50, M|\n|poke|p1|Swampert, L50, M|\n|poke|p1|Archaludon, L50, F|\n|poke|p1|Overqwil, L50, F|\n|poke|p1|Sinistcha, L50|\n|poke|p1|Dragonite, L50, M|\n|poke|p2|Swampert, L50, M|\n|poke|p2|Gengar, L50, F|\n|poke|p2|Sinistcha-Masterpiece, L50|\n|poke|p2|Archaludon, L50, M|\n|poke|p2|Pelipper, L50, F|\n|poke|p2|Incineroar, L50, F|\n|teampreview|4\n|c|☆mismanette|glhf\n|c|☆Xavien|u too\n|\n|t:|1788378022\n|teamsize|p1|4\n|teamsize|p2|4\n|start\n|switch|p1a: Sableye|Sableye, L50, M|100/100\n|switch|p1b: Archaludon|Archaludon, L50, F|100/100\n|switch|p2a: Archaludon|Archaludon, L50, M|100/100\n|switch|p2b: Incineroar|Incineroar, L50, F|100/100\n|-ability|p2b: Incineroar|Intimidate|boost\n|-unboost|p1a: Sableye|atk|1\n|-unboost|p1b: Archaludon|atk|1\n|turn|1\n|\n|t:|1788378041\n|move|p2b: Incineroar|Fake Out|p1b: Archaludon\n|-resisted|p1b: Archaludon|1\n|-damage|p1b: Archaludon|92/100\n|-ability|p1b: Archaludon|Stamina|boost\n|-boost|p1b: Archaludon|def|1\n|-damage|p2b: Incineroar|90/100|[from] item: Life Orb\n|move|p1a: Sableye|Fake Out|p2b: Incineroar\n|-damage|p2b: Incineroar|84/100\n|move|p2a: Archaludon|Electro Shot||[still]\n|-prepare|p2a: Archaludon|Electro Shot\n|-boost|p2a: Archaludon|spa|1\n|cant|p1b: Archaludon|flinch\n|\n|-heal|p1b: Archaludon|98/100|[from] item: Leftovers\n|upkeep\n|turn|2\n|\n|t:|1788378059\n|switch|p1b: Swampert|Swampert, L50, M|100/100\n|move|p1a: Sableye|Will-O-Wisp|p2a: Archaludon\n|-status|p2a: Archaludon|brn\n|move|p2a: Archaludon|Electro Shot|p1a: Sableye|[from] lockedmove\n|-damage|p1a: Sableye|27/100\n|move|p2b: Incineroar|Darkest Lariat|p1b: Swampert\n|-damage|p1b: Swampert|45/100\n|-damage|p2b: Incineroar|74/100|[from] item: Life Orb\n|\n|-damage|p2a: Archaludon|93/100 brn|[from] brn\n|upkeep\n|turn|3\n|\n|t:|1788378079\n|switch|p2b: Pelipper|Pelipper, L50, F|100/100\n|-weather|RainDance|[from] ability: Drizzle|[of] p2b: Pelipper\n|detailschange|p1b: Swampert|Swampert-Mega, L50, M\n|-mega|p1b: Swampert|Swampert|Swampertite\n|move|p1a: Sableye|Rain Dance||[still]\n|-fail|p1a: Sableye\n|move|p1b: Swampert|High Horsepower|p2a: Archaludon\n|-supereffective|p2a: Archaludon|1\n|-damage|p2a: Archaludon|0 fnt\n|faint|p2a: Archaludon\n|\n|-weather|RainDance|[upkeep]\n|upkeep\n|\n|t:|1788378090\n|switch|p2a: Incineroar|Incineroar, L50, F|74/100\n|-ability|p2a: Incineroar|Intimidate|boost\n|-unboost|p1a: Sableye|atk|1\n|-unboost|p1b: Swampert|atk|1\n|turn|4\n|\n|t:|1788378104\n|switch|p1b: Sinistcha|Sinistcha, L50|100/100\n|-heal|p1a: Sableye|52/100|[from] ability: Hospitality|[of] p1b: Sinistcha\n|move|p2b: Pelipper|Protect|p2b: Pelipper\n|-singleturn|p2b: Pelipper|Protect\n|move|p1a: Sableye|Will-O-Wisp|p2b: Pelipper\n|-activate|p2b: Pelipper|move: Protect\n|move|p2a: Incineroar|Darkest Lariat|p1b: Sinistcha\n|-supereffective|p1b: Sinistcha|1\n|-damage|p1b: Sinistcha|19/100\n|-damage|p2a: Incineroar|64/100|[from] item: Life Orb\n|\n|-weather|RainDance|[upkeep]\n|upkeep\n|turn|5\n|\n|t:|1788378140\n|switch|p1b: Archaludon|Archaludon, L50, F|98/100\n|move|p2b: Pelipper|Weather Ball|p1a: Sableye\n|-damage|p1a: Sableye|0 fnt\n|faint|p1a: Sableye\n|move|p2a: Incineroar|Darkest Lariat|p1b: Archaludon\n|-damage|p1b: Archaludon|46/100\n|-ability|p1b: Archaludon|Stamina|boost\n|-boost|p1b: Archaludon|def|1\n|-damage|p2a: Incineroar|54/100|[from] item: Life Orb\n|\n|-weather|RainDance|[upkeep]\n|-heal|p1b: Archaludon|52/100|[from] item: Leftovers\n|upkeep\n|\n|t:|1788378152\n|switch|p1a: Swampert|Swampert-Mega, L50, M|45/100\n|turn|6\n|\n|t:|1788378168\n|move|p1a: Swampert|High Horsepower|p2a: Incineroar\n|-supereffective|p2a: Incineroar|1\n|-damage|p2a: Incineroar|0 fnt\n|faint|p2a: Incineroar\n|move|p1b: Archaludon|Electro Shot||[still]\n|-prepare|p1b: Archaludon|Electro Shot\n|-boost|p1b: Archaludon|spa|1\n|-anim|p1b: Archaludon|Electro Shot|p2b: Pelipper\n|-supereffective|p2b: Pelipper|2\n|-enditem|p2b: Pelipper|Wacan Berry|[eat]\n|-enditem|p2b: Pelipper|Wacan Berry|[weaken]\n|-damage|p2b: Pelipper|0 fnt\n|faint|p2b: Pelipper\n|\n|-weather|RainDance|[upkeep]\n|-heal|p1b: Archaludon|58/100|[from] item: Leftovers\n|upkeep\n|\n|t:|1788378188\n|switch|p2a: Gengar|Gengar, L50, F|100/100\n|turn|7\n|\n|t:|1788378197\n|detailschange|p2a: Gengar|Gengar-Mega, L50, F\n|-mega|p2a: Gengar|Gengar|Gengarite\n|move|p1a: Swampert|High Horsepower|p2a: Gengar\n|-supereffective|p2a: Gengar|1\n|-damage|p2a: Gengar|0 fnt\n|faint|p2a: Gengar\n|\n|win|mismanette\n|raw|mismanette's rating: 1076 &rarr; <strong>1099</strong><br />(+23 for winning)\n|raw|Xavien's rating: 1005 &rarr; <strong>1000</strong><br />(-5 for losing)\n|l|☆Xavien\n|player|p2|\n","uploadtime":1788378232,"views":"0","formatid":"gen9championsvgc2026regmb","rating":1000,"private":0,"password":null}