{"id":"gen9championsvgc2026regmbbo3-2673784825","format":"[Gen 9 Champions] VGC 2026 Reg M-B (Bo3)","players":["Jorge Saltamontes","skratt_lol"],"log":"|j|☆Jorge Saltamontes\n|j|☆skratt_lol\n|html|<table width=\"100%\"><tr><td align=\"left\">Jorge Saltamontes</td><td align=\"right\">skratt_lol</tr><tr><td align=\"left\"><i class=\"fa fa-circle-o\"></i> <i class=\"fa fa-circle-o\"></i> </td><td align=\"right\"><i class=\"fa fa-circle-o\"></i> <i class=\"fa fa-circle-o\"></i> </tr></table>\n|uhtml|bestof|<h2><strong>Game 1</strong> of <a href=\"/game-bestof3-gen9championsvgc2026regmbbo3-2673784823\">a best-of-3</a></h2>\n|t:|1788255989\n|gametype|doubles\n|player|p1|Jorge Saltamontes|marshal|1446\n|player|p2|skratt_lol|ethan|1320\n|gen|9\n|tier|[Gen 9 Champions] VGC 2026 Reg M-B (Bo3)\n|rated|\n|rule|Species Clause: Limit one of each Pokémon\n|rule|Item Clause: Limit 1 of each item\n|clearpoke\n|poke|p1|Charizard, L50, M|\n|poke|p1|Sylveon, L50, M|\n|poke|p1|Garchomp, L50, F|\n|poke|p1|Venusaur, L50, F|\n|poke|p1|Incineroar, L50, F|\n|poke|p1|Toxapex, L50, M|\n|poke|p2|Gengar, L50, M, shiny|\n|poke|p2|Politoed, L50, M, shiny|\n|poke|p2|Incineroar, L50, M|\n|poke|p2|Archaludon, L50, M|\n|poke|p2|Vivillon-Pokeball, L50, F|\n|poke|p2|Swampert, L50, M|\n|teampreview|4\n|showteam|p1|Charizard||CharizarditeY|Blaze|WeatherBall,HeatWave,AncientPower,Protect|Modest||M|||50|]Sylveon||FairyFeather|Pixilate|HyperVoice,QuickAttack,Yawn,Detect|Modest||M|||50|]Garchomp||ChoiceScarf|RoughSkin|RockSlide,DragonClaw,Earthquake,StompingTantrum|Adamant||F|||50|]Venusaur||LifeOrb|Chlorophyll|SludgeBomb,LeafStorm,EarthPower,Protect|Modest||F|||50|]Incineroar||SitrusBerry|Intimidate|FlareBlitz,FakeOut,DarkestLariat,PartingShot|Impish||F|||50|]Toxapex||Leftovers|Regenerator|Infestation,Toxic,WideGuard,BanefulBunker|Bold||M|||50|\n|showteam|p2|Gengar||Gengarite|CursedBody|ShadowBall,PerishSong,SludgeBomb,Protect|Timid||M|||50|]Politoed||SitrusBerry|Drizzle|WeatherBall,Protect,PerishSong,Encore|Calm||M|||50|]Incineroar||PasshoBerry|Intimidate|FakeOut,PartingShot,Protect,DarkestLariat|Impish||M|||50|]Archaludon||Leftovers|Stamina|DracoMeteor,Protect,ElectroShot,FlashCannon|Calm||M|||50|]Vivillon-Pokeball||FocusSash|CompoundEyes|SleepPowder,Hurricane,Protect,RagePowder|Timid||F|||50|]Swampert||Swampertite|Torrent|HighHorsepower,WaveCrash,IcePunch,Protect|Adamant||M|||50|\n|\n|t:|1788256036\n|teamsize|p1|4\n|teamsize|p2|4\n|start\n|switch|p1a: Incineroar|Incineroar, L50, F|100/100\n|switch|p1b: Garchomp|Garchomp, L50, F|100/100\n|switch|p2a: Vivillon|Vivillon-Pokeball, L50, F|100/100\n|switch|p2b: Gengar|Gengar, L50, M, shiny|100/100\n|-ability|p1a: Incineroar|Intimidate|boost\n|-unboost|p2a: Vivillon|atk|1\n|-unboost|p2b: Gengar|atk|1\n|turn|1\n|inactive|Battle timer is ON: inactive players will automatically lose when time's up. (requested by skratt_lol)\n|\n|t:|1788256080\n|detailschange|p2b: Gengar|Gengar-Mega, L50, M, shiny\n|-mega|p2b: Gengar|Gengar|Gengarite\n|move|p2b: Gengar|Protect|p2b: Gengar\n|-singleturn|p2b: Gengar|Protect\n|move|p2a: Vivillon|Protect|p2a: Vivillon\n|-singleturn|p2a: Vivillon|Protect\n|move|p1a: Incineroar|Fake Out|p2a: Vivillon\n|-activate|p2a: Vivillon|move: Protect\n|move|p1b: Garchomp|Rock Slide|p2b: Gengar|[spread] \n|-activate|p2a: Vivillon|move: Protect\n|-activate|p2b: Gengar|move: Protect\n|\n|upkeep\n|turn|2\n|inactive|skratt_lol has 30 seconds left.\n|inactive|skratt_lol has 20 seconds left.\n|inactive|skratt_lol has 15 seconds left.\n|inactive|skratt_lol has 10 seconds left.\n|\n|t:|1788256129\n|switch|p2b: Politoed|Politoed, L50, M, shiny|100/100\n|-weather|RainDance|[from] ability: Drizzle|[of] p2b: Politoed\n|move|p1b: Garchomp|Rock Slide|p2b: Politoed|[spread] p2a,p2b\n|-supereffective|p2a: Vivillon|2\n|-crit|p2b: Politoed\n|-enditem|p2a: Vivillon|Focus Sash\n|-damage|p2a: Vivillon|1/100\n|-damage|p2b: Politoed|64/100\n|move|p2a: Vivillon|Sleep Powder|p1b: Garchomp\n|-status|p1b: Garchomp|slp|[from] move: Sleep Powder\n|move|p1a: Incineroar|Darkest Lariat|p2b: Politoed\n|-damage|p2b: Politoed|35/100\n|-enditem|p2b: Politoed|Sitrus Berry|[eat]\n|-heal|p2b: Politoed|60/100|[from] item: Sitrus Berry\n|\n|-weather|RainDance|[upkeep]\n|upkeep\n|turn|3\n|\n|t:|1788256148\n|switch|p2b: Gengar|Gengar-Mega, L50, M, shiny|100/100\n|cant|p1b: Garchomp|slp\n|move|p2a: Vivillon|Sleep Powder|p1a: Incineroar\n|-status|p1a: Incineroar|slp|[from] move: Sleep Powder\n|cant|p1a: Incineroar|slp\n|\n|-weather|RainDance|[upkeep]\n|upkeep\n|turn|4\n|\n|t:|1788256160\n|switch|p2a: Archaludon|Archaludon, L50, M|100/100\n|-curestatus|p1b: Garchomp|slp|[msg]\n|move|p1b: Garchomp|Rock Slide|p2a: Archaludon|[spread] p2a,p2b\n|-resisted|p2a: Archaludon|1\n|-damage|p2a: Archaludon|92/100\n|-damage|p2b: Gengar|67/100\n|-ability|p2a: Archaludon|Stamina|boost\n|-boost|p2a: Archaludon|def|1\n|move|p2b: Gengar|Perish Song|p2b: Gengar\n|-start|p1a: Incineroar|perish3|[silent]\n|-start|p1b: Garchomp|perish3|[silent]\n|-start|p2a: Archaludon|perish3|[silent]\n|-start|p2b: Gengar|perish3|[silent]\n|-fieldactivate|move: Perish Song\n|cant|p1a: Incineroar|slp\n|\n|-weather|RainDance|[upkeep]\n|-heal|p2a: Archaludon|98/100|[from] item: Leftovers\n|-start|p1b: Garchomp|perish3\n|-start|p2b: Gengar|perish3\n|-start|p2a: Archaludon|perish3\n|-start|p1a: Incineroar|perish3\n|upkeep\n|turn|5\n|inactive|skratt_lol has 30 seconds left.\n|inactive|skratt_lol has 20 seconds left.\n|inactive|skratt_lol has 15 seconds left.\n|inactive|skratt_lol has 10 seconds left.\n|\n|t:|1788256209\n|move|p1b: Garchomp|Rock Slide|p2b: Gengar|[spread] p2a\n|-miss|p1b: Garchomp|p2b: Gengar\n|-resisted|p2a: Archaludon|1\n|-damage|p2a: Archaludon|93/100\n|-ability|p2a: Archaludon|Stamina|boost\n|-boost|p2a: Archaludon|def|1\n|move|p2b: Gengar|Sludge Bomb|p1a: Incineroar\n|-damage|p1a: Incineroar|54/100 slp\n|cant|p2a: Archaludon|flinch\n|-curestatus|p1a: Incineroar|slp|[msg]\n|move|p1a: Incineroar|Parting Shot|p2a: Archaludon\n|-unboost|p2a: Archaludon|atk|1\n|-unboost|p2a: Archaludon|spa|1\n|\n|t:|1788256227\n|switch|p1a: Toxapex|Toxapex, L50, M|100/100|[from] Parting Shot\n|\n|-weather|RainDance|[upkeep]\n|-heal|p2a: Archaludon|99/100|[from] item: Leftovers\n|-start|p1b: Garchomp|perish2\n|-start|p2b: Gengar|perish2\n|-start|p2a: Archaludon|perish2\n|upkeep\n|turn|6\n|\n|t:|1788256238\n|switch|p2b: Politoed|Politoed, L50, M, shiny|60/100\n|move|p1b: Garchomp|Rock Slide|p2b: Politoed|[spread] p2a,p2b\n|-resisted|p2a: Archaludon|1\n|-damage|p2a: Archaludon|95/100\n|-damage|p2b: Politoed|37/100\n|-ability|p2a: Archaludon|Stamina|boost\n|-boost|p2a: Archaludon|def|1\n|move|p2a: Archaludon|Electro Shot||[still]\n|-prepare|p2a: Archaludon|Electro Shot\n|-boost|p2a: Archaludon|spa|1\n|-anim|p2a: Archaludon|Electro Shot|p1a: Toxapex\n|-supereffective|p1a: Toxapex|1\n|-damage|p1a: Toxapex|49/100\n|move|p1a: Toxapex|Infestation|p2b: Politoed\n|-damage|p2b: Politoed|35/100\n|-activate|p2b: Politoed|move: Infestation|[of] p1a: Toxapex\n|\n|-weather|none\n|-heal|p2a: Archaludon|100/100|[from] item: Leftovers\n|-heal|p1a: Toxapex|54/100|[from] item: Leftovers\n|-damage|p2b: Politoed|22/100|[from] move: Infestation|[partiallytrapped]\n|-start|p1b: Garchomp|perish1\n|-start|p2a: Archaludon|perish1\n|upkeep\n|turn|7\n|inactive|skratt_lol has 30 seconds left.\n|\n|t:|1788256266\n|switch|p1b: Incineroar|Incineroar, L50, F|54/100\n|-ability|p1b: Incineroar|Intimidate|boost\n|-unboost|p2a: Archaludon|atk|1\n|-unboost|p2b: Politoed|atk|1\n|switch|p2a: Vivillon|Vivillon-Pokeball, L50, F|1/100\n|move|p2b: Politoed|Protect|p2b: Politoed\n|-singleturn|p2b: Politoed|Protect\n|move|p1a: Toxapex|Toxic|p2b: Politoed\n|-activate|p2b: Politoed|move: Protect\n|\n|-heal|p1a: Toxapex|60/100|[from] item: Leftovers\n|-damage|p2b: Politoed|10/100|[from] move: Infestation|[partiallytrapped]\n|upkeep\n|turn|8\n|\n|t:|1788256282\n|-heal|p1a: Toxapex|93/100|[from] ability: Regenerator|[silent]\n|switch|p1a: Garchomp|Garchomp, L50, F|100/100\n|move|p2a: Vivillon|Protect|p2a: Vivillon\n|-singleturn|p2a: Vivillon|Protect\n|move|p2b: Politoed|Perish Song|p2b: Politoed\n|-start|p1a: Garchomp|perish3|[silent]\n|-start|p1b: Incineroar|perish3|[silent]\n|-start|p2a: Vivillon|perish3|[silent]\n|-start|p2b: Politoed|perish3|[silent]\n|-fieldactivate|move: Perish Song\n|move|p1b: Incineroar|Darkest Lariat|p2b: Politoed\n|-damage|p2b: Politoed|0 fnt\n|faint|p2b: Politoed\n|\n|-start|p1a: Garchomp|perish3\n|-start|p2a: Vivillon|perish3\n|-start|p1b: Incineroar|perish3\n|upkeep\n|\n|t:|1788256296\n|switch|p2b: Gengar|Gengar-Mega, L50, M, shiny|67/100\n|turn|9\n|\n|t:|1788256317\n|move|p2b: Gengar|Protect|p2b: Gengar\n|-singleturn|p2b: Gengar|Protect\n|move|p1a: Garchomp|Earthquake|p2b: Gengar|[spread] p1b\n|-activate|p2b: Gengar|move: Protect\n|-immune|p2a: Vivillon\n|-supereffective|p1b: Incineroar|1\n|-damage|p1b: Incineroar|0 fnt\n|faint|p1b: Incineroar\n|move|p2a: Vivillon|Sleep Powder|p1a: Garchomp\n|-status|p1a: Garchomp|slp|[from] move: Sleep Powder\n|\n|-start|p1a: Garchomp|perish2\n|-start|p2a: Vivillon|perish2\n|upkeep\n|\n|t:|1788256333\n|switch|p1b: Charizard|Charizard, L50, M|100/100\n|turn|10\n|\n|t:|1788256358\n|move|p1b: Charizard|Protect|p1b: Charizard\n|-singleturn|p1b: Charizard|Protect\n|cant|p1a: Garchomp|slp\n|move|p2b: Gengar|Perish Song|p2b: Gengar\n|-start|p1b: Charizard|perish3|[silent]\n|-start|p2b: Gengar|perish3|[silent]\n|-fieldactivate|move: Perish Song\n|move|p2a: Vivillon|Sleep Powder|p1b: Charizard\n|-activate|p1b: Charizard|move: Protect\n|\n|-start|p1a: Garchomp|perish1\n|-start|p2b: Gengar|perish3\n|-start|p2a: Vivillon|perish1\n|-start|p1b: Charizard|perish3\n|upkeep\n|turn|11\n|\n|t:|1788256379\n|switch|p2b: Archaludon|Archaludon, L50, M|100/100\n|detailschange|p1b: Charizard|Charizard-Mega-Y, L50, M\n|-mega|p1b: Charizard|Charizard|Charizardite Y\n|-weather|SunnyDay|[from] ability: Drought|[of] p1b: Charizard\n|cant|p1a: Garchomp|slp\n|move|p2a: Vivillon|Sleep Powder|p1b: Charizard\n|-status|p1b: Charizard|slp|[from] move: Sleep Powder\n|cant|p1b: Charizard|slp\n|\n|-weather|SunnyDay|[upkeep]\n|-start|p1a: Garchomp|perish0\n|-start|p2a: Vivillon|perish0\n|-start|p1b: Charizard|perish2\n|faint|p1a: Garchomp\n|faint|p2a: Vivillon\n|upkeep\n|\n|t:|1788256393\n|switch|p2a: Gengar|Gengar-Mega, L50, M, shiny|67/100\n|switch|p1a: Toxapex|Toxapex, L50, M|93/100\n|turn|12\n|inactive|skratt_lol has 30 seconds left.\n|\n|t:|1788256421\n|move|p2a: Gengar|Shadow Ball|p1a: Toxapex\n|-damage|p1a: Toxapex|54/100\n|-curestatus|p1b: Charizard|slp|[msg]\n|move|p1b: Charizard|Heat Wave|p2a: Gengar|[spread] p2a,p2b\n|-crit|p2b: Archaludon\n|-damage|p2a: Gengar|0 fnt\n|-damage|p2b: Archaludon|12/100\n|-ability|p2b: Archaludon|Stamina|boost\n|-boost|p2b: Archaludon|def|1\n|faint|p2a: Gengar\n|move|p2b: Archaludon|Electro Shot||[still]\n|-prepare|p2b: Archaludon|Electro Shot\n|-boost|p2b: Archaludon|spa|1\n|move|p1a: Toxapex|Infestation|p2b: Archaludon\n|-resisted|p2b: Archaludon|1\n|-damage|p2b: Archaludon|10/100\n|-activate|p2b: Archaludon|move: Infestation|[of] p1a: Toxapex\n|-ability|p2b: Archaludon|Stamina|boost\n|-boost|p2b: Archaludon|def|1\n|\n|-weather|SunnyDay|[upkeep]\n|-heal|p2b: Archaludon|16/100|[from] item: Leftovers\n|-heal|p1a: Toxapex|60/100|[from] item: Leftovers\n|-damage|p2b: Archaludon|4/100|[from] move: Infestation|[partiallytrapped]\n|-start|p1b: Charizard|perish1\n|upkeep\n|turn|13\n|inactive|Jorge Saltamontes has 30 seconds left.\n|\n|t:|1788256451\n|move|p1b: Charizard|Weather Ball|p2b: Archaludon\n|-damage|p2b: Archaludon|0 fnt\n|faint|p2b: Archaludon\n|\n|win|Jorge Saltamontes\n||Jorge Saltamontes is ready for game 2.\n||skratt_lol is ready for game 2.\n|uhtml|next|Next: <a href=\"/battle-gen9championsvgc2026regmbbo3-2673786857\"><strong>Game 2 of 3</strong></a>\n","uploadtime":1788255991,"views":"10","formatid":"gen9championsvgc2026regmbbo3","rating":null,"private":0,"password":null}