{"id":"gen9championsvgc2026regmb-2673979519","format":"[Gen 9 Champions] VGC 2026 Reg M-B","players":["BombsOverBeedrill","secnico"],"log":"|j|☆BombsOverBeedrill\n|j|☆secnico\n|t:|1788284288\n|gametype|doubles\n|player|p1|BombsOverBeedrill|ltsurge|1224\n|player|p2|secnico|drayden|1192\n|gen|9\n|tier|[Gen 9 Champions] VGC 2026 Reg M-B\n|rated|\n|rule|Species Clause: Limit one of each Pokémon\n|rule|Item Clause: Limit 1 of each item\n|clearpoke\n|poke|p1|Sinistcha, L50|\n|poke|p1|Raichu, L50, M|\n|poke|p1|Araquanid, L50, F|\n|poke|p1|Archaludon, L50, M|\n|poke|p1|Incineroar, L50, M|\n|poke|p1|Pelipper, L50, F|\n|poke|p2|Scrafty, L50, M|\n|poke|p2|Farigiraf, L50, F|\n|poke|p2|Staraptor, L50, F|\n|poke|p2|Torkoal, L50, F|\n|poke|p2|Vileplume, L50, F|\n|poke|p2|Drampa, L50, F|\n|teampreview|4\n|inactive|Battle timer is ON: inactive players will automatically lose when time's up. (requested by BombsOverBeedrill)\n|inactive|BombsOverBeedrill has 60 seconds left.\n|\n|t:|1788284342\n|teamsize|p1|4\n|teamsize|p2|4\n|start\n|switch|p1a: Raichu|Raichu, L50, M|100/100\n|switch|p1b: Araquanid|Araquanid, L50, F|100/100\n|switch|p2a: Farigiraf|Farigiraf, L50, F|100/100\n|switch|p2b: Scrafty|Scrafty, L50, M|100/100\n|-ability|p2b: Scrafty|Intimidate|boost\n|-unboost|p1a: Raichu|atk|1\n|-unboost|p1b: Araquanid|atk|1\n|turn|1\n|\n|t:|1788284361\n|detailschange|p1a: Raichu|Raichu-Mega-Y, L50, M\n|-mega|p1a: Raichu|Raichu|Raichunite Y\n|move|p2b: Scrafty|Fake Out|p1b: Araquanid\n|-damage|p1b: Araquanid|89/100\n|move|p1a: Raichu|Zap Cannon|p2a: Farigiraf\n|-damage|p2a: Farigiraf|38/100\n|-status|p2a: Farigiraf|par\n|-enditem|p2a: Farigiraf|Sitrus Berry|[eat]\n|-heal|p2a: Farigiraf|63/100 par|[from] item: Sitrus Berry\n|cant|p1b: Araquanid|flinch\n|move|p2a: Farigiraf|Trick Room|p2a: Farigiraf\n|-fieldstart|move: Trick Room|[of] p2a: Farigiraf\n|\n|upkeep\n|turn|2\n|inactive|secnico has 30 seconds left.\n|\n|t:|1788284394\n|move|p2a: Farigiraf|Helping Hand|p2b: Scrafty\n|-singleturn|p2b: Scrafty|Helping Hand|[of] p2a: Farigiraf\n|move|p1a: Raichu|Protect|p1a: Raichu\n|-singleturn|p1a: Raichu|Protect\n|move|p1b: Araquanid|Leech Life|p2a: Farigiraf\n|-supereffective|p2a: Farigiraf|1\n|-damage|p2a: Farigiraf|38/100 par\n|-heal|p1b: Araquanid|100/100|[from] drain|[of] p2a: Farigiraf\n|move|p2b: Scrafty|Close Combat|p1a: Raichu\n|-activate|p1a: Raichu|move: Protect\n|\n|upkeep\n|turn|3\n|inactive|BombsOverBeedrill has 30 seconds left.\n|inactive|BombsOverBeedrill has 20 seconds left.\n|inactive|BombsOverBeedrill has 15 seconds left.\n|\n|t:|1788284435\n|switch|p1a: Pelipper|Pelipper, L50, F|100/100\n|-weather|RainDance|[from] ability: Drizzle|[of] p1a: Pelipper\n|move|p2a: Farigiraf|Helping Hand|p2b: Scrafty\n|-singleturn|p2b: Scrafty|Helping Hand|[of] p2a: Farigiraf\n|move|p1b: Araquanid|Protect|p1b: Araquanid\n|-singleturn|p1b: Araquanid|Protect\n|move|p2b: Scrafty|Knock Off|p1b: Araquanid\n|-activate|p1b: Araquanid|move: Protect\n|\n|-weather|RainDance|[upkeep]\n|upkeep\n|turn|4\n|\n|t:|1788284458\n|move|p2a: Farigiraf|Helping Hand|p2b: Scrafty\n|-singleturn|p2b: Scrafty|Helping Hand|[of] p2a: Farigiraf\n|move|p1b: Araquanid|Leech Life|p2a: Farigiraf\n|-supereffective|p2a: Farigiraf|1\n|-damage|p2a: Farigiraf|14/100 par\n|move|p2b: Scrafty|Knock Off|p1b: Araquanid\n|-damage|p1b: Araquanid|45/100\n|-enditem|p1b: Araquanid|Mystic Water|[from] move: Knock Off|[of] p2b: Scrafty\n|move|p1a: Pelipper|Hurricane|p2b: Scrafty\n|-supereffective|p2b: Scrafty|1\n|-damage|p2b: Scrafty|30/100\n|\n|-weather|RainDance|[upkeep]\n|upkeep\n|turn|5\n|inactive|secnico has 30 seconds left.\n|\n|t:|1788284485\n|move|p1b: Araquanid|Protect|p1b: Araquanid\n|-singleturn|p1b: Araquanid|Protect\n|move|p2a: Farigiraf|Twin Beam|p1a: Pelipper\n|-damage|p1a: Pelipper|85/100\n|-damage|p1a: Pelipper|71/100\n|-hitcount|p1a: Pelipper|2\n|move|p2b: Scrafty|Poison Jab|p1b: Araquanid\n|-activate|p1b: Araquanid|move: Protect\n|move|p1a: Pelipper|Tailwind|p1a: Pelipper\n|-sidestart|p1: BombsOverBeedrill|move: Tailwind\n|\n|-weather|RainDance|[upkeep]\n|-fieldend|move: Trick Room\n|upkeep\n|turn|6\n|\n|t:|1788284504\n|switch|p2b: Drampa|Drampa, L50, F|100/100\n|-ability|p2b: Drampa|Cloud Nine\n|move|p1a: Pelipper|Hurricane|p2b: Drampa\n|-damage|p2b: Drampa|64/100\n|move|p1b: Araquanid|Leech Life|p2a: Farigiraf\n|-supereffective|p2a: Farigiraf|1\n|-damage|p2a: Farigiraf|0 fnt\n|-heal|p1b: Araquanid|54/100|[from] drain|[of] p2a: Farigiraf\n|faint|p2a: Farigiraf\n|\n|-weather|RainDance|[upkeep]\n|upkeep\n|\n|t:|1788284516\n|switch|p2a: Scrafty|Scrafty, L50, M|30/100\n|-ability|p2a: Scrafty|Intimidate|boost\n|-unboost|p1a: Pelipper|atk|1\n|-unboost|p1b: Araquanid|atk|1\n|turn|7\n|\n|t:|1788284534\n|switch|p1a: Archaludon|Archaludon, L50, M|100/100\n|move|p2a: Scrafty|Fake Out|p1b: Araquanid\n|-damage|p1b: Araquanid|43/100\n|cant|p1b: Araquanid|flinch\n|move|p2b: Drampa|Thunderbolt|p1a: Archaludon\n|-resisted|p1a: Archaludon|1\n|-damage|p1a: Archaludon|80/100\n|-ability|p1a: Archaludon|Stamina|boost\n|-boost|p1a: Archaludon|def|1\n|\n|-weather|none\n|-heal|p1a: Archaludon|86/100|[from] item: Leftovers\n|upkeep\n|turn|8\n|inactive|BombsOverBeedrill has 30 seconds left.\n|inactive|BombsOverBeedrill has 20 seconds left.\n|\n|t:|1788284570\n|switch|p1b: Raichu|Raichu-Mega-Y, L50, M|100/100\n|move|p2b: Drampa|Protect|p2b: Drampa\n|-singleturn|p2b: Drampa|Protect\n|move|p1a: Archaludon|Draco Meteor|p2b: Drampa\n|-activate|p2b: Drampa|move: Protect\n|move|p2a: Scrafty|Close Combat|p1a: Archaludon\n|-supereffective|p1a: Archaludon|1\n|-damage|p1a: Archaludon|21/100\n|-unboost|p2a: Scrafty|def|1\n|-unboost|p2a: Scrafty|spd|1\n|-ability|p1a: Archaludon|Stamina|boost\n|-boost|p1a: Archaludon|def|1\n|\n|-heal|p1a: Archaludon|27/100|[from] item: Leftovers\n|-sideend|p1: BombsOverBeedrill|move: Tailwind\n|upkeep\n|turn|9\n|inactive|BombsOverBeedrill has 30 seconds left.\n|inactive|secnico has 30 seconds left.\n|\n|t:|1788284598\n|move|p2b: Drampa|Protect||[still]\n|-fail|p2b: Drampa\n|move|p1b: Raichu|Focus Blast|p2a: Scrafty\n|-supereffective|p2a: Scrafty|1\n|-damage|p2a: Scrafty|0 fnt\n|faint|p2a: Scrafty\n|move|p1a: Archaludon|Draco Meteor|p2b: Drampa\n|-supereffective|p2b: Drampa|1\n|-damage|p2b: Drampa|0 fnt\n|-unboost|p1a: Archaludon|spa|2\n|faint|p2b: Drampa\n|\n|-heal|p1a: Archaludon|33/100|[from] item: Leftovers\n|upkeep\n|-message|secnico forfeited.\n|\n|win|BombsOverBeedrill\n|raw|BombsOverBeedrill's rating: 1224 &rarr; <strong>1247</strong><br />(+23 for winning)\n|raw|secnico's rating: 1192 &rarr; <strong>1169</strong><br />(-23 for losing)\n|l|☆secnico\n|player|p2|\n","uploadtime":1788284622,"views":"0","formatid":"gen9championsvgc2026regmb","rating":1169,"private":0,"password":null}