{"id":"gen9championsvgc2026regmb-2674123724","format":"[Gen 9 Champions] VGC 2026 Reg M-B","players":["littleladyjaane","JHONUZI"],"log":"|j|☆littleladyjaane\n|j|☆JHONUZI\n|t:|1788302568\n|gametype|doubles\n|player|p1|littleladyjaane|caitlin|1070\n|player|p2|JHONUZI|ethan|1181\n|gen|9\n|tier|[Gen 9 Champions] VGC 2026 Reg M-B\n|rated|\n|rule|Species Clause: Limit one of each Pokémon\n|rule|Item Clause: Limit 1 of each item\n|clearpoke\n|poke|p1|Altaria, L50, M|\n|poke|p1|Delphox, L50, F|\n|poke|p1|Ariados, L50, M|\n|poke|p1|Weavile, L50, F|\n|poke|p1|Aerodactyl, L50, M|\n|poke|p1|Tsareena, L50, F|\n|poke|p2|Charizard, L50, M, shiny|\n|poke|p2|Venusaur, L50, M|\n|poke|p2|Pelipper, L50, M|\n|poke|p2|Archaludon, L50, M, shiny|\n|poke|p2|Grimmsnarl, L50, M, shiny|\n|poke|p2|Basculegion, L50, M, shiny|\n|teampreview|4\n|inactive|Battle timer is ON: inactive players will automatically lose when time's up. (requested by JHONUZI)\n|inactive|littleladyjaane has 60 seconds left.\n|\n|t:|1788302622\n|teamsize|p1|4\n|teamsize|p2|4\n|start\n|switch|p1a: Aerodactyl|Aerodactyl, L50, M|100/100\n|switch|p1b: Altaria|Altaria, L50, M|100/100\n|switch|p2a: Pelipper|Pelipper, L50, M|100/100\n|switch|p2b: Grimmsnarl|Grimmsnarl, L50, M, shiny|100/100\n|-ability|p1a: Aerodactyl|Unnerve\n|-ability|p1b: Altaria|Cloud Nine\n|-weather|RainDance|[from] ability: Drizzle|[of] p2a: Pelipper\n|turn|1\n|\n|t:|1788302647\n|move|p2a: Pelipper|Wide Guard|p2a: Pelipper\n|-singleturn|p2a: Pelipper|Wide Guard\n|move|p2b: Grimmsnarl|Light Screen|p2b: Grimmsnarl\n|-sidestart|p2: JHONUZI|move: Light Screen\n|move|p1a: Aerodactyl|Tailwind|p1a: Aerodactyl\n|-sidestart|p1: littleladyjaane|move: Tailwind\n|move|p1b: Altaria|Dragon Dance|p1b: Altaria\n|-boost|p1b: Altaria|atk|1\n|-boost|p1b: Altaria|spe|1\n|\n|-weather|RainDance|[upkeep]\n|upkeep\n|turn|2\n|\n|t:|1788302664\n|switch|p2a: Charizard|Charizard, L50, M, shiny|100/100\n|detailschange|p1b: Altaria|Altaria-Mega, L50, M\n|-mega|p1b: Altaria|Altaria|Altarianite\n|move|p2b: Grimmsnarl|Parting Shot|p1a: Aerodactyl\n|-unboost|p1a: Aerodactyl|atk|1\n|-unboost|p1a: Aerodactyl|spa|1\n|\n|t:|1788302674\n|switch|p2b: Pelipper|Pelipper, L50, M|100/100|[from] Parting Shot\n|move|p1a: Aerodactyl|Dual Wingbeat|p2b: Pelipper\n|-damage|p2b: Pelipper|84/100\n|-damage|p2b: Pelipper|67/100\n|-hitcount|p2b: Pelipper|2\n|move|p1b: Altaria|Body Slam|p2b: Pelipper\n|-damage|p2b: Pelipper|0 fnt\n|faint|p2b: Pelipper\n|\n|-weather|RainDance|[upkeep]\n|upkeep\n|\n|t:|1788302686\n|switch|p2b: Grimmsnarl|Grimmsnarl, L50, M, shiny|100/100\n|turn|3\n|\n|t:|1788302698\n|detailschange|p2a: Charizard|Charizard-Mega-Y, L50, M, shiny\n|-mega|p2a: Charizard|Charizard|Charizardite Y\n|-weather|SunnyDay|[from] ability: Drought|[of] p2a: Charizard\n|move|p2b: Grimmsnarl|Reflect|p2b: Grimmsnarl\n|-sidestart|p2: JHONUZI|Reflect\n|move|p1a: Aerodactyl|Rock Slide|p2a: Charizard|[spread] p2a,p2b\n|-supereffective|p2a: Charizard|2\n|-damage|p2a: Charizard|28/100\n|-damage|p2b: Grimmsnarl|85/100\n|move|p1b: Altaria|Body Slam|p2b: Grimmsnarl\n|-supereffective|p2b: Grimmsnarl|1\n|-damage|p2b: Grimmsnarl|0 fnt\n|faint|p2b: Grimmsnarl\n|cant|p2a: Charizard|flinch\n|\n|-weather|SunnyDay|[upkeep]\n|upkeep\n|\n|t:|1788302715\n|switch|p2b: Basculegion|Basculegion, L50, M, shiny|100/100\n|turn|4\n|\n|t:|1788302725\n|switch|p1a: Tsareena|Tsareena, L50, F|100/100\n|move|p1b: Altaria|Body Slam|p2b: Basculegion\n|-damage|p2b: Basculegion|39/100\n|move|p2b: Basculegion|Last Respects|p1b: Altaria\n|-damage|p1b: Altaria|11/100\n|move|p2a: Charizard|Weather Ball|p1b: Altaria\n|-resisted|p1b: Altaria|1\n|-damage|p1b: Altaria|0 fnt\n|faint|p1b: Altaria\n|\n|-weather|SunnyDay|[upkeep]\n|-sideend|p1: littleladyjaane|move: Tailwind\n|upkeep\n|\n|t:|1788302737\n|switch|p1b: Aerodactyl|Aerodactyl, L50, M|100/100\n|-ability|p1b: Aerodactyl|Unnerve\n|turn|5\n|\n|t:|1788302750\n|move|p2b: Basculegion|Last Respects|p1a: Tsareena\n|-crit|p1a: Tsareena\n|-damage|p1a: Tsareena|0 fnt\n|faint|p1a: Tsareena\n|move|p1b: Aerodactyl|Tailwind|p1b: Aerodactyl\n|-sidestart|p1: littleladyjaane|move: Tailwind\n|move|p2a: Charizard|Heat Wave|p1b: Aerodactyl\n|-resisted|p1b: Aerodactyl|1\n|-damage|p1b: Aerodactyl|38/100\n|\n|-weather|SunnyDay|[upkeep]\n|upkeep\n|\n|t:|1788302757\n|switch|p1a: Ariados|Ariados, L50, M|100/100\n|turn|6\n|\n|t:|1788302769\n|move|p1a: Ariados|Rage Powder|p1a: Ariados\n|-singleturn|p1a: Ariados|move: Rage Powder\n|move|p1b: Aerodactyl|Rock Slide|p2a: Charizard|[spread] p2a\n|-miss|p1b: Aerodactyl|p2b: Basculegion\n|-supereffective|p2a: Charizard|2\n|-damage|p2a: Charizard|0 fnt\n|faint|p2a: Charizard\n|move|p2b: Basculegion|Last Respects|p1a: Ariados\n|-damage|p1a: Ariados|0 fnt\n|faint|p1a: Ariados\n|\n|-weather|SunnyDay|[upkeep]\n|upkeep\n|turn|7\n|\n|t:|1788302786\n|move|p1b: Aerodactyl|Dual Wingbeat|p2b: Basculegion\n|-damage|p2b: Basculegion|22/100\n|-damage|p2b: Basculegion|7/100\n|-hitcount|p2b: Basculegion|2\n|move|p2b: Basculegion|Last Respects|p1b: Aerodactyl\n|-crit|p1b: Aerodactyl\n|-damage|p1b: Aerodactyl|0 fnt\n|faint|p1b: Aerodactyl\n|\n|win|JHONUZI\n|raw|littleladyjaane's rating: 1070 &rarr; <strong>1056</strong><br />(-14 for losing)\n|raw|JHONUZI's rating: 1181 &rarr; <strong>1198</strong><br />(+17 for winning)\n|l|☆littleladyjaane\n|player|p1|\n","uploadtime":1788302798,"views":"1","formatid":"gen9championsvgc2026regmb","rating":1056,"private":0,"password":null}