{"id":"gen9championsvgc2026regmb-2674349644","format":"[Gen 9 Champions] VGC 2026 Reg M-B","players":["Iamsupermegacool","audino316"],"log":"|j|☆Iamsupermegacool\n|j|☆audino316\n|t:|1788346626\n|gametype|doubles\n|player|p1|Iamsupermegacool|101|1520\n|player|p2|audino316|byron|1596\n|gen|9\n|tier|[Gen 9 Champions] VGC 2026 Reg M-B\n|rated|\n|rule|Species Clause: Limit one of each Pokémon\n|rule|Item Clause: Limit 1 of each item\n|clearpoke\n|poke|p1|Froslass, L50, F|\n|poke|p1|Lycanroc-Dusk, L50, F|\n|poke|p1|Kingambit, L50, F|\n|poke|p1|Scovillain, L50, M|\n|poke|p1|Sneasler, L50, F|\n|poke|p1|Basculegion, L50, M|\n|poke|p2|Whimsicott, L50, F|\n|poke|p2|Delphox, L50, F|\n|poke|p2|Staraptor, L50, M|\n|poke|p2|Glimmora, L50, M|\n|poke|p2|Garchomp, L50, F|\n|poke|p2|Kingambit, L50, M|\n|teampreview|4\n|inactive|Battle timer is ON: inactive players will automatically lose when time's up. (requested by Iamsupermegacool)\n|inactive|Iamsupermegacool has 60 seconds left.\n|inactive|Iamsupermegacool has 30 seconds left.\n|inactive|Iamsupermegacool has 20 seconds left.\n|inactive|Iamsupermegacool has 15 seconds left.\n|inactive|Iamsupermegacool has 10 seconds left.\n|\n|t:|1788346713\n|teamsize|p1|4\n|teamsize|p2|4\n|start\n|switch|p1a: Scovillain|Scovillain, L50, M|100/100\n|switch|p1b: Kingambit|Kingambit, L50, F|100/100\n|switch|p2a: Kingambit|Kingambit, L50, M|100/100\n|switch|p2b: Whimsicott|Whimsicott, L50, F|100/100\n|turn|1\n|inactive|Iamsupermegacool has 30 seconds left.\n|\n|t:|1788346744\n|switch|p2a: Delphox|Delphox, L50, F|100/100\n|detailschange|p1a: Scovillain|Scovillain-Mega, L50, M\n|-mega|p1a: Scovillain|Scovillain|Scovillainite\n|move|p2b: Whimsicott|Moonblast|p1b: Kingambit\n|-damage|p1b: Kingambit|63/100\n|move|p1a: Scovillain|Overheat|p2a: Delphox\n|-resisted|p2a: Delphox|1\n|-damage|p2a: Delphox|63/100\n|-unboost|p1a: Scovillain|spa|2\n|move|p1b: Kingambit|Iron Head|p2b: Whimsicott\n|-supereffective|p2b: Whimsicott|1\n|-damage|p2b: Whimsicott|0 fnt\n|faint|p2b: Whimsicott\n|\n|upkeep\n|\n|t:|1788346754\n|switch|p2b: Glimmora|Glimmora, L50, M|100/100\n|turn|2\n|inactive|Iamsupermegacool has 30 seconds left.\n|\n|t:|1788346780\n|detailschange|p2a: Delphox|Delphox-Mega, L50, F\n|-mega|p2a: Delphox|Delphox|Delphoxite\n|move|p1a: Scovillain|Protect|p1a: Scovillain\n|-singleturn|p1a: Scovillain|Protect\n|move|p1b: Kingambit|Protect|p1b: Kingambit\n|-singleturn|p1b: Kingambit|Protect\n|move|p2a: Delphox|Substitute|p2a: Delphox\n|-start|p2a: Delphox|Substitute\n|-damage|p2a: Delphox|38/100\n|move|p2b: Glimmora|Earth Power|p1b: Kingambit\n|-activate|p1b: Kingambit|move: Protect\n|\n|upkeep\n|turn|3\n|inactive|Iamsupermegacool has 30 seconds left.\n|\n|t:|1788346811\n|move|p2a: Delphox|Protect|p2a: Delphox\n|-singleturn|p2a: Delphox|Protect\n|move|p1b: Kingambit|Sucker Punch|p2b: Glimmora\n|-damage|p2b: Glimmora|51/100\n|-activate|p2b: Glimmora|ability: Toxic Debris\n|-sidestart|p1: Iamsupermegacool|move: Toxic Spikes\n|move|p2b: Glimmora|Earth Power|p1b: Kingambit\n|-supereffective|p1b: Kingambit|1\n|-damage|p1b: Kingambit|0 fnt\n|faint|p1b: Kingambit\n|move|p1a: Scovillain|Overheat|p2b: Glimmora\n|-resisted|p2b: Glimmora|1\n|-damage|p2b: Glimmora|32/100\n|-unboost|p1a: Scovillain|spa|2\n|\n|upkeep\n|\n|t:|1788346834\n|switch|p1b: Sneasler|Sneasler, L50, F|100/100\n|-sideend|p1: Iamsupermegacool|move: Toxic Spikes|[of] p1b: Sneasler\n|turn|4\n|inactive|Iamsupermegacool has 30 seconds left.\n|inactive|Iamsupermegacool has 20 seconds left.\n|\n|t:|1788346873\n|move|p1b: Sneasler|Fake Out|p2a: Delphox\n|-activate|p2a: Delphox|move: Substitute|[damage]\n|move|p2a: Delphox|Psychic|p1b: Sneasler\n|-supereffective|p1b: Sneasler|2\n|-damage|p1b: Sneasler|0 fnt\n|faint|p1b: Sneasler\n|move|p2b: Glimmora|Sludge Bomb|p1a: Scovillain\n|-supereffective|p1a: Scovillain|1\n|-damage|p1a: Scovillain|0 fnt\n|-status|p2b: Glimmora|brn|[from] ability: Spicy Spray|[of] p1a: Scovillain\n|faint|p1a: Scovillain\n|\n|-damage|p2b: Glimmora|26/100 brn|[from] brn\n|upkeep\n|\n|t:|1788346882\n|switch|p1a: Basculegion|Basculegion, L50, M|100/100\n|turn|5\n|\n|t:|1788346889\n|move|p1a: Basculegion|Protect|p1a: Basculegion\n|-singleturn|p1a: Basculegion|Protect\n|move|p2a: Delphox|Psychic|p1a: Basculegion\n|-activate|p1a: Basculegion|move: Protect\n|move|p2b: Glimmora|Sludge Bomb|p1a: Basculegion\n|-activate|p1a: Basculegion|move: Protect\n|\n|-damage|p2b: Glimmora|20/100r brn|[from] brn\n|upkeep\n|turn|6\n|\n|t:|1788346904\n|move|p1a: Basculegion|Aqua Jet|p2a: Delphox\n|-supereffective|p2a: Delphox|1\n|-end|p2a: Delphox|Substitute\n|move|p2a: Delphox|Psychic|p1a: Basculegion\n|-damage|p1a: Basculegion|46/100\n|-enditem|p1a: Basculegion|Sitrus Berry|[eat]\n|-heal|p1a: Basculegion|70/100|[from] item: Sitrus Berry\n|move|p2b: Glimmora|Power Gem|p1a: Basculegion\n|-damage|p1a: Basculegion|23/100\n|\n|-damage|p2b: Glimmora|13/100 brn|[from] brn\n|upkeep\n|turn|7\n|\n|t:|1788346918\n|move|p1a: Basculegion|Protect|p1a: Basculegion\n|-singleturn|p1a: Basculegion|Protect\n|move|p2a: Delphox|Psychic|p1a: Basculegion\n|-activate|p1a: Basculegion|move: Protect\n|move|p2b: Glimmora|Power Gem|p1a: Basculegion\n|-activate|p1a: Basculegion|move: Protect\n|\n|-damage|p2b: Glimmora|7/100 brn|[from] brn\n|upkeep\n|turn|8\n|inactive|audino316 has 30 seconds left.\n|inactive|audino316 has 20 seconds left.\n|inactive|audino316 has 15 seconds left.\n|inactive|audino316 has 10 seconds left.\n|inactive|audino316 has 5 seconds left.\n|\n|t:|1788346973\n|move|p1a: Basculegion|Protect||[still]\n|-fail|p1a: Basculegion\n|move|p2a: Delphox|Heat Wave|p1a: Basculegion\n|-resisted|p1a: Basculegion|1\n|-damage|p1a: Basculegion|0 fnt\n|faint|p1a: Basculegion\n|\n|win|audino316\n|raw|Iamsupermegacool's rating: 1520 &rarr; <strong>1504</strong><br />(-16 for losing)\n|raw|audino316's rating: 1596 &rarr; <strong>1612</strong><br />(+16 for winning)\n","uploadtime":1788346978,"views":"3","formatid":"gen9championsvgc2026regmb","rating":1504,"private":0,"password":null}