{"id":"gen9championsvgc2026regmb-2674893520","format":"[Gen 9 Champions] VGC 2026 Reg M-B","players":["peepeeyro","NotRedRaven"],"log":"|j|☆peepeeyro\n|j|☆NotRedRaven\n|t:|1788430832\n|gametype|doubles\n|player|p1|peepeeyro|2|1083\n|player|p2|NotRedRaven|wallace|1098\n|gen|9\n|tier|[Gen 9 Champions] VGC 2026 Reg M-B\n|rated|\n|rule|Species Clause: Limit one of each Pokémon\n|rule|Item Clause: Limit 1 of each item\n|clearpoke\n|poke|p1|Gardevoir, L50, F|\n|poke|p1|Greninja, L50, M|\n|poke|p1|Oranguru, L50, F|\n|poke|p1|Venusaur, L50, F|\n|poke|p1|Annihilape, L50, F|\n|poke|p1|Liepard, L50, F|\n|poke|p2|Blaziken, L50, F|\n|poke|p2|Kingambit, L50, M|\n|poke|p2|Basculegion, L50, M|\n|poke|p2|Ninetales-Alola, L50, F|\n|poke|p2|Gengar, L50, M|\n|poke|p2|Incineroar, L50, F|\n|teampreview|4\n|c|☆peepeeyro|glhf\n|c|☆NotRedRaven|u2!\n|\n|t:|1788430870\n|teamsize|p1|4\n|teamsize|p2|4\n|start\n|switch|p1a: Annihilape|Annihilape, L50, F|100/100\n|switch|p1b: Liepard|Liepard, L50, F|100/100\n|switch|p2a: Ninetales|Ninetales-Alola, L50, F|100/100\n|switch|p2b: Blaziken|Blaziken, L50, F|100/100\n|-weather|Snowscape|[from] ability: Snow Warning|[of] p2a: Ninetales\n|turn|1\n|\n|t:|1788430883\n|detailschange|p2b: Blaziken|Blaziken-Mega, L50, F\n|-mega|p2b: Blaziken|Blaziken|Blazikenite\n|move|p2b: Blaziken|Detect|p2b: Blaziken\n|-singleturn|p2b: Blaziken|Protect\n|move|p1b: Liepard|Sunny Day|p1b: Liepard\n|-weather|SunnyDay\n|move|p1a: Annihilape|Close Combat|p2b: Blaziken\n|-activate|p2b: Blaziken|move: Protect\n|move|p2a: Ninetales|Blizzard|p1a: Annihilape|[spread] p1b\n|-miss|p2a: Ninetales|p1a: Annihilape\n|-damage|p1b: Liepard|20/100y\n|\n|-weather|SunnyDay|[upkeep]\n|-ability|p2b: Blaziken|Speed Boost|boost\n|-boost|p2b: Blaziken|spe|1\n|upkeep\n|turn|2\n|\n|t:|1788430904\n|move|p1b: Liepard|Thunder Wave|p2b: Blaziken\n|-status|p2b: Blaziken|par\n|move|p1a: Annihilape|Close Combat|p2b: Blaziken\n|-damage|p2b: Blaziken|14/100 par\n|-unboost|p1a: Annihilape|def|1\n|-unboost|p1a: Annihilape|spd|1\n|move|p2a: Ninetales|Blizzard|p1a: Annihilape|[spread] p1b\n|-miss|p2a: Ninetales|p1a: Annihilape\n|-damage|p1b: Liepard|0 fnt\n|faint|p1b: Liepard\n|move|p2b: Blaziken|Flare Blitz|p1a: Annihilape\n|-crit|p1a: Annihilape\n|-damage|p1a: Annihilape|0 fnt\n|faint|p1a: Annihilape\n|-damage|p2b: Blaziken|0 fnt|[from] Recoil\n|faint|p2b: Blaziken\n|\n|-weather|SunnyDay|[upkeep]\n|upkeep\n|\n|t:|1788430921\n|switch|p1b: Oranguru|Oranguru, L50, F|100/100\n|switch|p1a: Greninja|Greninja, L50, M|100/100\n|switch|p2b: Incineroar|Incineroar, L50, F|100/100\n|-ability|p2b: Incineroar|Intimidate|boost\n|-unboost|p1a: Greninja|atk|1\n|-fail|p1b: Oranguru|unboost|atk|[from] ability: Inner Focus|[of] p1b: Oranguru\n|turn|3\n|\n|t:|1788430933\n|move|p1a: Greninja|Protect|p1a: Greninja\n|-start|p1a: Greninja|typechange|Normal|[from] ability: Protean\n|-singleturn|p1a: Greninja|Protect\n|move|p2a: Ninetales|Freeze-Dry|p1a: Greninja\n|-activate|p1a: Greninja|move: Protect\n|move|p1b: Oranguru|Psychic|p2a: Ninetales\n|-damage|p2a: Ninetales|68/100\n|move|p2b: Incineroar|Parting Shot|p1a: Greninja\n|-activate|p1a: Greninja|move: Protect\n|\n|-weather|SunnyDay|[upkeep]\n|upkeep\n|turn|4\n|\n|t:|1788430947\n|detailschange|p1a: Greninja|Greninja-Mega, L50, M\n|-mega|p1a: Greninja|Greninja|Greninjite\n|move|p1a: Greninja|Weather Ball|p2a: Ninetales\n|-start|p1a: Greninja|typechange|Fire|[from] ability: Protean\n|-supereffective|p2a: Ninetales|1\n|-damage|p2a: Ninetales|0 fnt\n|faint|p2a: Ninetales\n|move|p1b: Oranguru|Instruct|p1a: Greninja\n|-singleturn|p1a: Greninja|move: Instruct|[of] p1b: Oranguru\n|move|p1a: Greninja|Weather Ball|p2b: Incineroar\n|-resisted|p2b: Incineroar|1\n|-damage|p2b: Incineroar|61/100\n|move|p2b: Incineroar|Flare Blitz|p1a: Greninja\n|-resisted|p1a: Greninja|1\n|-damage|p1a: Greninja|48/100\n|-damage|p2b: Incineroar|49/100|[from] Recoil\n|\n|-weather|SunnyDay|[upkeep]\n|upkeep\n|\n|t:|1788430971\n|switch|p2a: Basculegion|Basculegion, L50, M|100/100\n|turn|5\n|\n|t:|1788430977\n|move|p1a: Greninja|Dark Pulse|p2a: Basculegion\n|-supereffective|p2a: Basculegion|1\n|-damage|p2a: Basculegion|33/100\n|cant|p2a: Basculegion|flinch\n|move|p1b: Oranguru|Instruct|p1a: Greninja\n|-singleturn|p1a: Greninja|move: Instruct|[of] p1b: Oranguru\n|move|p1a: Greninja|Dark Pulse|p2a: Basculegion\n|-supereffective|p2a: Basculegion|1\n|-damage|p2a: Basculegion|0 fnt\n|faint|p2a: Basculegion\n|move|p2b: Incineroar|Parting Shot|p1a: Greninja\n|-unboost|p1a: Greninja|atk|1\n|-unboost|p1a: Greninja|spa|1\n|\n|-weather|none\n|upkeep\n|turn|6\n|\n|t:|1788430994\n|move|p1a: Greninja|Water Shuriken|p2b: Incineroar\n|-supereffective|p2b: Incineroar|1\n|-enditem|p2b: Incineroar|Passho Berry|[eat]\n|-enditem|p2b: Incineroar|Passho Berry|[weaken]\n|-damage|p2b: Incineroar|45/100\n|-supereffective|p2b: Incineroar|1\n|-damage|p2b: Incineroar|37/100\n|-supereffective|p2b: Incineroar|1\n|-damage|p2b: Incineroar|29/100\n|-hitcount|p2b: Incineroar|3\n|move|p1b: Oranguru|Instruct|p1a: Greninja\n|-singleturn|p1a: Greninja|move: Instruct|[of] p1b: Oranguru\n|move|p1a: Greninja|Water Shuriken|p2b: Incineroar\n|-supereffective|p2b: Incineroar|1\n|-damage|p2b: Incineroar|21/100\n|-supereffective|p2b: Incineroar|1\n|-damage|p2b: Incineroar|14/100\n|-supereffective|p2b: Incineroar|1\n|-damage|p2b: Incineroar|6/100\n|-hitcount|p2b: Incineroar|3\n|move|p2b: Incineroar|Flare Blitz|p1a: Greninja\n|-resisted|p1a: Greninja|1\n|-damage|p1a: Greninja|15/100\n|-damage|p2b: Incineroar|0 fnt|[from] Recoil\n|faint|p2b: Incineroar\n|\n|win|peepeeyro\n|raw|peepeeyro's rating: 1083 &rarr; <strong>1112</strong><br />(+29 for winning)\n|raw|NotRedRaven's rating: 1098 &rarr; <strong>1072</strong><br />(-26 for losing)\n|l|☆NotRedRaven\n|player|p2|\n|c|☆peepeeyro|ggs\n","uploadtime":1788431019,"views":"18","formatid":"gen9championsvgc2026regmb","rating":1072,"private":0,"password":null}