{"id":"gen9championsvgc2026regmbbo3-2674008106","format":"[Gen 9 Champions] VGC 2026 Reg M-B (Bo3)","players":["BtC37","spacesnake11"],"log":"|j|☆BtC37\n|j|☆spacesnake11\n|html|<table width=\"100%\"><tr><td align=\"left\">BtC37</td><td align=\"right\">spacesnake11</tr><tr><td align=\"left\"><i class=\"fa fa-circle-o\"></i> <i class=\"fa fa-circle-o\"></i> </td><td align=\"right\"><i class=\"fa fa-circle-o\"></i> <i class=\"fa fa-circle\"></i> </tr></table>\n|uhtml|bestof|<h2><strong>Game 2</strong> of <a href=\"/game-bestof3-gen9championsvgc2026regmbbo3-2674005315\">a best-of-3</a></h2>\n|t:|1788287594\n|gametype|doubles\n|player|p1|BtC37|ghetsis|1266\n|player|p2|spacesnake11|ghetsis|1291\n|gen|9\n|tier|[Gen 9 Champions] VGC 2026 Reg M-B (Bo3)\n|rated|\n|rule|Species Clause: Limit one of each Pokémon\n|rule|Item Clause: Limit 1 of each item\n|clearpoke\n|poke|p1|Gengar, L50, M|\n|poke|p1|Maushold-Four, L50|\n|poke|p1|Garchomp, L50, F|\n|poke|p1|Whimsicott, L50, F, shiny|\n|poke|p1|Incineroar, L50, F|\n|poke|p1|Rotom-Wash, L50|\n|poke|p2|Aerodactyl, L50, M|\n|poke|p2|Pangoro, L50, M|\n|poke|p2|Sylveon, L50, F|\n|poke|p2|Farigiraf, L50, M|\n|poke|p2|Incineroar, L50, M|\n|poke|p2|Camerupt, L50, F|\n|teampreview|4\n|showteam|p1|Gengar||Gengarite|CursedBody|ShadowBall,SludgeBomb,Disable,Protect|Timid||M|||50|]Maushold-Four||ChopleBerry|FriendGuard|FollowMe,Encore,HelpingHand,Protect|Timid|||||50|]Garchomp||LifeOrb|RoughSkin|StompingTantrum,RockSlide,DragonClaw,Protect|Jolly||F|||50|]Whimsicott||FocusSash|Prankster|Tailwind,Moonblast,Encore,Protect|Timid||F|||50|]Incineroar||SitrusBerry|Intimidate|FlareBlitz,FakeOut,PartingShot,ThroatChop|Careful||F|||50|]Rotom-Wash||Leftovers|Levitate|HydroPump,VoltSwitch,WillOWisp,Protect|Bold|||||50|\n|showteam|p2|Aerodactyl||Aerodactylite|Unnerve|RockSlide,DualWingbeat,IceFang,Tailwind|Jolly||M|||50|]Pangoro||LifeOrb|Scrappy|CloseCombat,DarkestLariat,GunkShot,Protect|Adamant||M|||50|]Sylveon||FairyFeather|Pixilate|HyperVoice,HyperBeam,QuickAttack,Detect|Modest||F|||50|]Farigiraf||ColburBerry|ArmorTail|TwinBeam,HelpingHand,TrickRoom,Protect|Calm||M|||50|]Incineroar||SitrusBerry|Intimidate|FakeOut,FlareBlitz,ThroatChop,PartingShot|Impish||M|||50|]Camerupt||Cameruptite|SolidRock|HeatWave,EarthPower,AncientPower,Protect|Quiet||F|||50|\n|\n|t:|1788287633\n|teamsize|p1|4\n|teamsize|p2|4\n|start\n|switch|p1a: Gengar|Gengar, L50, M|100/100\n|switch|p1b: Rotom|Rotom-Wash, L50|100/100\n|switch|p2a: Farigiraf|Farigiraf, L50, M|100/100\n|switch|p2b: Sylveon|Sylveon, L50, F|100/100\n|turn|1\n|\n|t:|1788287678\n|detailschange|p1a: Gengar|Gengar-Mega, L50, M\n|-mega|p1a: Gengar|Gengar|Gengarite\n|move|p1a: Gengar|Sludge Bomb|p2a: Farigiraf\n|-damage|p2a: Farigiraf|55/100\n|-status|p2a: Farigiraf|psn\n|move|p1b: Rotom|Hydro Pump|p2a: Farigiraf\n|-damage|p2a: Farigiraf|23/100 psn\n|move|p2b: Sylveon|Hyper Beam|p1b: Rotom\n|-damage|p1b: Rotom|1/100\n|-mustrecharge|p2b: Sylveon\n|move|p2a: Farigiraf|Trick Room|p2a: Farigiraf\n|-fieldstart|move: Trick Room|[of] p2a: Farigiraf\n|\n|-heal|p1b: Rotom|6/100|[from] item: Leftovers\n|-damage|p2a: Farigiraf|11/100 psn|[from] psn\n|upkeep\n|turn|2\n|\n|t:|1788287724\n|move|p2a: Farigiraf|Twin Beam|p1a: Gengar\n|-supereffective|p1a: Gengar|1\n|-crit|p1a: Gengar\n|-damage|p1a: Gengar|48/100\n|-supereffective|p1a: Gengar|1\n|-damage|p1a: Gengar|14/100\n|-hitcount|p1a: Gengar|2\n|cant|p2b: Sylveon|recharge\n|move|p1b: Rotom|Volt Switch|p2a: Farigiraf\n|-damage|p2a: Farigiraf|0 fnt\n|faint|p2a: Farigiraf\n|\n|t:|1788287737\n|switch|p1b: Incineroar|Incineroar, L50, F|100/100|[from] Volt Switch\n|-ability|p1b: Incineroar|Intimidate|boost\n|-unboost|p2b: Sylveon|atk|1\n|move|p1a: Gengar|Sludge Bomb|p2b: Sylveon\n|-supereffective|p2b: Sylveon|1\n|-damage|p2b: Sylveon|29/100\n|-status|p2b: Sylveon|psn\n|\n|-damage|p2b: Sylveon|17/100 psn|[from] psn\n|upkeep\n|\n|t:|1788287750\n|switch|p2a: Camerupt|Camerupt, L50, F|100/100\n|turn|3\n|\n|t:|1788287789\n|detailschange|p2a: Camerupt|Camerupt-Mega, L50, F\n|-mega|p2a: Camerupt|Camerupt|Cameruptite\n|move|p1a: Gengar|Protect|p1a: Gengar\n|-singleturn|p1a: Gengar|Protect\n|move|p1b: Incineroar|Fake Out|p2a: Camerupt\n|-damage|p2a: Camerupt|89/100\n|cant|p2a: Camerupt|flinch\n|move|p2b: Sylveon|Hyper Voice|p1a: Gengar|[spread] p1b\n|-activate|p1a: Gengar|move: Protect\n|-damage|p1b: Incineroar|68/100\n|\n|-damage|p2b: Sylveon|5/100 psn|[from] psn\n|upkeep\n|turn|4\n|\n|t:|1788287829\n|switch|p1b: Rotom|Rotom-Wash, L50|6/100\n|move|p1a: Gengar|Protect|p1a: Gengar\n|-singleturn|p1a: Gengar|Protect\n|move|p2a: Camerupt|Earth Power|p1b: Rotom\n|-immune|p1b: Rotom|[from] ability: Levitate\n|move|p2b: Sylveon|Hyper Voice|p1b: Rotom|[spread] p1b\n|-activate|p1a: Gengar|move: Protect\n|-damage|p1b: Rotom|0 fnt\n|faint|p1b: Rotom\n|\n|-damage|p2b: Sylveon|0 fnt|[from] psn\n|faint|p2b: Sylveon\n|upkeep\n|\n|t:|1788287843\n|switch|p2b: Pangoro|Pangoro, L50, M|100/100\n|switch|p1b: Incineroar|Incineroar, L50, F|68/100\n|-ability|p1b: Incineroar|Intimidate|boost\n|-unboost|p2a: Camerupt|atk|1\n|-fail|p2b: Pangoro|unboost|Attack|[from] ability: Scrappy|[of] p2b: Pangoro\n|turn|5\n|\n|t:|1788287871\n|switch|p1a: Garchomp|Garchomp, L50, F|100/100\n|move|p1b: Incineroar|Fake Out|p2a: Camerupt\n|-damage|p2a: Camerupt|79/100\n|cant|p2a: Camerupt|flinch\n|move|p2b: Pangoro|Darkest Lariat|p1a: Garchomp\n|-damage|p1a: Garchomp|38/100\n|-damage|p2b: Pangoro|87/100|[from] ability: Rough Skin|[of] p1a: Garchomp\n|-damage|p2b: Pangoro|77/100|[from] item: Life Orb\n|\n|-fieldend|move: Trick Room\n|upkeep\n|turn|6\n|\n|t:|1788287907\n|move|p2a: Camerupt|Protect|p2a: Camerupt\n|-singleturn|p2a: Camerupt|Protect\n|move|p1a: Garchomp|Stomping Tantrum|p2a: Camerupt\n|-activate|p2a: Camerupt|move: Protect\n|move|p2b: Pangoro|Darkest Lariat|p1a: Garchomp\n|-damage|p1a: Garchomp|0 fnt\n|-damage|p2b: Pangoro|65/100|[from] ability: Rough Skin|[of] p1a: Garchomp\n|faint|p1a: Garchomp\n|-damage|p2b: Pangoro|55/100|[from] item: Life Orb\n|move|p1b: Incineroar|Flare Blitz|p2b: Pangoro\n|-damage|p2b: Pangoro|0 fnt\n|faint|p2b: Pangoro\n|-damage|p1b: Incineroar|52/100|[from] Recoil\n|\n|upkeep\n|\n|t:|1788287922\n|switch|p1a: Gengar|Gengar-Mega, L50, M|14/100\n|turn|7\n|\n|t:|1788287932\n|move|p1a: Gengar|Shadow Ball|p2a: Camerupt\n|-damage|p2a: Camerupt|32/100\n|move|p1b: Incineroar|Throat Chop|p2a: Camerupt\n|-crit|p2a: Camerupt\n|-damage|p2a: Camerupt|0 fnt\n|faint|p2a: Camerupt\n|\n|win|BtC37\n|l|☆spacesnake11\n|player|p2|\n||BtC37 is ready for game 3.\n|inactive|spacesnake11 has 30 seconds to confirm battle start!\n||spacesnake11 is ready for game 3.\n|uhtml|next|Next: <a href=\"/battle-gen9championsvgc2026regmbbo3-2674011134\"><strong>Game 3 of 3</strong></a>\n","uploadtime":1788288252,"views":"0","formatid":"gen9championsvgc2026regmbbo3","rating":null,"private":0,"password":null}