{"id":"gen9championsvgc2026regmb-2674472051","format":"[Gen 9 Champions] VGC 2026 Reg M-B","players":["goldd_player","jetpokemon"],"log":"|j|☆goldd_player\n|j|☆jetpokemon\n|t:|1788363795\n|gametype|doubles\n|player|p1|goldd_player|ethan|1066\n|player|p2|jetpokemon|hilbert|1096\n|gen|9\n|tier|[Gen 9 Champions] VGC 2026 Reg M-B\n|rated|\n|rule|Species Clause: Limit one of each Pokémon\n|rule|Item Clause: Limit 1 of each item\n|clearpoke\n|poke|p1|Blastoise, L50, M|\n|poke|p1|Swampert, L50, M|\n|poke|p1|Pelipper, L50, F|\n|poke|p1|Sinistcha, L50|\n|poke|p1|Farigiraf, L50, F, shiny|\n|poke|p1|Kingambit, L50, M|\n|poke|p2|Sinistcha-Masterpiece, L50|\n|poke|p2|Grimmsnarl, L50, M, shiny|\n|poke|p2|Garchomp, L50, F, shiny|\n|poke|p2|Metagross, L50, shiny|\n|poke|p2|Staraptor, L50, F, shiny|\n|poke|p2|Ceruledge, L50, F, shiny|\n|teampreview|4\n|\n|t:|1788363818\n|teamsize|p1|4\n|teamsize|p2|4\n|start\n|switch|p1a: funel|Pelipper, L50, F|100/100\n|switch|p1b: big man blasty|Blastoise, L50, M|100/100\n|switch|p2a: Garchomp|Garchomp, L50, F, shiny|100/100\n|switch|p2b: Sinistcha|Sinistcha-Masterpiece, L50|100/100\n|-weather|RainDance|[from] ability: Drizzle|[of] p1a: funel\n|turn|1\n|\n|t:|1788363850\n|switch|p1b: chai tea|Sinistcha, L50|100/100\n|move|p2a: Garchomp|Rock Slide|p1b: chai tea|[spread] p1a,p1b\n|-supereffective|p1a: funel|1\n|-damage|p1a: funel|59/100\n|-damage|p1b: chai tea|73/100\n|-damage|p2a: Garchomp|90/100|[from] item: Life Orb\n|move|p2b: Sinistcha|Matcha Gotcha|p1a: funel|[spread] p1a,p1b\n|-resisted|p1b: chai tea|1\n|-damage|p1a: funel|24/100\n|-damage|p1b: chai tea|59/100\n|move|p1a: funel|Hurricane|p2b: Sinistcha\n|-supereffective|p2b: Sinistcha|1\n|-damage|p2b: Sinistcha|29/100\n|\n|-weather|RainDance|[upkeep]\n|-heal|p2b: Sinistcha|35/100|[from] item: Leftovers\n|upkeep\n|turn|2\n|\n|t:|1788363879\n|switch|p2b: Metagross|Metagross, L50, shiny|100/100\n|move|p1a: funel|Protect|p1a: funel\n|-singleturn|p1a: funel|Protect\n|move|p2a: Garchomp|Rock Slide|p1b: chai tea|[spread] p1b\n|-activate|p1a: funel|move: Protect\n|-damage|p1b: chai tea|32/100\n|-enditem|p1b: chai tea|Sitrus Berry|[eat]\n|-heal|p1b: chai tea|57/100|[from] item: Sitrus Berry\n|-damage|p2a: Garchomp|80/100|[from] item: Life Orb\n|move|p1b: chai tea|Trick Room|p1b: chai tea\n|-fieldstart|move: Trick Room|[of] p1b: chai tea\n|\n|-weather|RainDance|[upkeep]\n|upkeep\n|turn|3\n|\n|t:|1788363910\n|move|p1a: funel|Weather Ball|p2a: Garchomp\n|-damage|p2a: Garchomp|20/100r\n|move|p2b: Metagross|Psychic Fangs|p1b: chai tea\n|-crit|p1b: chai tea\n|-damage|p1b: chai tea|0 fnt\n|faint|p1b: chai tea\n|move|p2a: Garchomp|Rock Slide|p1a: funel\n|-supereffective|p1a: funel|1\n|-damage|p1a: funel|0 fnt\n|faint|p1a: funel\n|-damage|p2a: Garchomp|10/100|[from] item: Life Orb\n|\n|-weather|RainDance|[upkeep]\n|upkeep\n|\n|t:|1788363916\n|switch|p1a: big man blasty|Blastoise, L50, M|100/100\n|switch|p1b: Kingambit|Kingambit, L50, M|100/100\n|turn|4\n|\n|t:|1788363930\n|switch|p2b: Sinistcha|Sinistcha-Masterpiece, L50|35/100\n|-heal|p2a: Garchomp|35/100|[from] ability: Hospitality|[of] p2b: Sinistcha\n|detailschange|p1a: big man blasty|Blastoise-Mega, L50, M\n|-mega|p1a: big man blasty|Blastoise|Blastoisinite\n|move|p1b: Kingambit|Sucker Punch||[still]\n|-fail|p1b: Kingambit\n|move|p1a: big man blasty|Water Spout|p2a: Garchomp|[spread] p2a,p2b\n|-resisted|p2b: Sinistcha|1\n|-damage|p2a: Garchomp|0 fnt\n|-damage|p2b: Sinistcha|0 fnt\n|faint|p2a: Garchomp\n|faint|p2b: Sinistcha\n|\n|-weather|RainDance|[upkeep]\n|upkeep\n|\n|t:|1788363947\n|switch|p2b: Grimmsnarl|Grimmsnarl, L50, M, shiny|100/100\n|switch|p2a: Metagross|Metagross, L50, shiny|100/100\n|turn|5\n|\n|t:|1788363961\n|detailschange|p2a: Metagross|Metagross-Mega, L50, shiny\n|-mega|p2a: Metagross|Metagross|Metagrossite\n|move|p1b: Kingambit|Kowtow Cleave|p2a: Metagross\n|-supereffective|p2a: Metagross|1\n|-damage|p2a: Metagross|0 fnt\n|faint|p2a: Metagross\n|-damage|p1b: Kingambit|90/100|[from] item: Life Orb\n|move|p2b: Grimmsnarl|Spirit Break|p1a: big man blasty\n|-damage|p1a: big man blasty|66/100\n|-unboost|p1a: big man blasty|spa|1\n|move|p1a: big man blasty|Water Spout|p2b: Grimmsnarl\n|-damage|p2b: Grimmsnarl|38/100\n|\n|-weather|none\n|upkeep\n|turn|6\n|\n|t:|1788363983\n|move|p1b: Kingambit|Iron Head|p2b: Grimmsnarl\n|-supereffective|p2b: Grimmsnarl|1\n|-damage|p2b: Grimmsnarl|0 fnt\n|faint|p2b: Grimmsnarl\n|-damage|p1b: Kingambit|80/100|[from] item: Life Orb\n|\n|win|goldd_player\n|raw|goldd_player's rating: 1066 &rarr; <strong>1099</strong><br />(+33 for winning)\n|raw|jetpokemon's rating: 1096 &rarr; <strong>1069</strong><br />(-27 for losing)\n","uploadtime":1788364088,"views":"1","formatid":"gen9championsvgc2026regmb","rating":1069,"private":0,"password":null}