{"id":"gen9championsvgc2026regmb-2673948239","format":"[Gen 9 Champions] VGC 2026 Reg M-B","players":["Aditya10B","Rk Pokemons"],"log":"|j|☆Aditya10B\n|j|☆Rk Pokemons\n|t:|1788280633\n|gametype|doubles\n|player|p1|Aditya10B|n|\n|player|p2|Rk Pokemons|101|\n|gen|9\n|tier|[Gen 9 Champions] VGC 2026 Reg M-B\n|rule|Species Clause: Limit one of each Pokémon\n|rule|Item Clause: Limit 1 of each item\n|clearpoke\n|poke|p1|Charizard, L50, F|\n|poke|p1|Gengar, L50, F|\n|poke|p1|Incineroar, L50, M|\n|poke|p1|Dragonite, L50, F|\n|poke|p1|Sneasler, L50, F|\n|poke|p1|Garchomp, L50, F|\n|poke|p2|Charizard, L50, F|\n|poke|p2|Grimmsnarl, L50, M|\n|poke|p2|Pelipper, L50, M|\n|poke|p2|Archaludon, L50, F|\n|poke|p2|Basculegion, L50, M|\n|poke|p2|Venusaur, L50, M|\n|teampreview|4\n|inactive|Battle timer is ON: inactive players will automatically lose when time's up. (requested by Rk Pokemons)\n|c|☆Aditya10B|Link daldo iska\nRk Pokemons has agreed to open team sheets.\n|inactiveoff|Battle timer is now OFF.\nAditya10B has agreed to open team sheets.\n|showteam|p1|Charizard||CharizarditeY|Blaze|HeatWave,WeatherBall,AncientPower,Protect|Modest||F|||50|]Gengar||Gengarite|CursedBody|SludgeBomb,ShadowBall,Substitute,Protect|Modest||F|||50|]Incineroar||SitrusBerry|Intimidate|FlareBlitz,ThroatChop,FakeOut,PartingShot|Impish||M|||50|]Dragonite||LifeOrb|InnerFocus|DragonClaw,Superpower,ExtremeSpeed,Protect|Adamant||F|||50|]Sneasler||WhiteHerb|Unburden|CloseCombat,DireClaw,FakeOut,Protect|Jolly||F|||50|]Garchomp||ChoiceScarf|RoughSkin|Earthquake,DragonClaw,RockSlide,StompingTantrum|Adamant||F|||50|\n|showteam|p2|Charizard||CharizarditeY|Blaze|Protect,HeatWave,WeatherBall,SolarBeam|Modest||F|||50|]Grimmsnarl||LightClay|Prankster|SpiritBreak,Reflect,LightScreen,PartingShot|Sassy||M|||50|]Pelipper||SitrusBerry|Drizzle|Hurricane,WeatherBall,Tailwind,WideGuard|Modest||M|||50|]Archaludon||Leftovers|Stamina|Protect,ElectroShot,DragonPulse,FlashCannon|Calm||F|||50|]Basculegion||ChoiceScarf|Adaptability|FlipTurn,WaveCrash,AquaJet,LastRespects|Jolly||M|||50|]Venusaur||FocusSash|Chlorophyll|Protect,SleepPowder,SludgeBomb,EarthPower|Modest||M|||50|\n|c|☆Rk Pokemons|Battle timer off\n|l|☆Rk Pokemons\n|player|p2|\n|j|☆Rk Pokemons\n|player|p2|Rk Pokemons|101|\n|inactive|Battle timer is ON: inactive players will automatically lose when time's up. (requested by Rk Pokemons)\n|\n|t:|1788280734\n|teamsize|p1|4\n|teamsize|p2|4\n|start\n|switch|p1a: Incineroar|Incineroar, L50, M|100/100\n|switch|p1b: Gengar|Gengar, L50, F|100/100\n|switch|p2a: Charizard|Charizard, L50, F|100/100\n|switch|p2b: Venusaur|Venusaur, L50, M|100/100\n|-ability|p1a: Incineroar|Intimidate|boost\n|-unboost|p2a: Charizard|atk|1\n|-unboost|p2b: Venusaur|atk|1\n|turn|1\n|j| AyushXD\n|inactive|Aditya10B has 30 seconds left.\n|inactive|Aditya10B has 20 seconds left.\n|\n|t:|1788280773\n|switch|p1b: Sneasler|Sneasler, L50, F|100/100\n|detailschange|p2a: Charizard|Charizard-Mega-Y, L50, F\n|-mega|p2a: Charizard|Charizard|Charizardite Y\n|-weather|SunnyDay|[from] ability: Drought|[of] p2a: Charizard\n|move|p2b: Venusaur|Earth Power|p1b: Sneasler\n|-supereffective|p1b: Sneasler|1\n|-damage|p1b: Sneasler|31/100\n|move|p2a: Charizard|Heat Wave|p1b: Sneasler|[spread] p1a,p1b\n|-resisted|p1a: Incineroar|1\n|-crit|p1b: Sneasler\n|-damage|p1a: Incineroar|71/100\n|-damage|p1b: Sneasler|0 fnt\n|faint|p1b: Sneasler\n|move|p1a: Incineroar|Flare Blitz|p2b: Venusaur\n|-supereffective|p2b: Venusaur|1\n|-enditem|p2b: Venusaur|Focus Sash\n|-damage|p2b: Venusaur|1/100\n|-damage|p1a: Incineroar|46/100|[from] Recoil\n|-enditem|p1a: Incineroar|Sitrus Berry|[eat]\n|-heal|p1a: Incineroar|71/100|[from] item: Sitrus Berry\n|\n|-weather|SunnyDay|[upkeep]\n|upkeep\n|\n|t:|1788280786\n|switch|p1b: Dragonite|Dragonite, L50, F|100/100\n|turn|2\n|\n|t:|1788280806\n|switch|p2b: Basculegion|Basculegion, L50, M|100/100\n|move|p2a: Charizard|Heat Wave|p1b: Dragonite|[spread] p1a\n|-miss|p2a: Charizard|p1b: Dragonite\n|-resisted|p1a: Incineroar|1\n|-damage|p1a: Incineroar|39/100\n|move|p1b: Dragonite|Dragon Claw|p2a: Charizard\n|-damage|p2a: Charizard|16/100\n|-damage|p1b: Dragonite|90/100|[from] item: Life Orb\n|move|p1a: Incineroar|Parting Shot|p2a: Charizard\n|-unboost|p2a: Charizard|atk|1\n|-unboost|p2a: Charizard|spa|1\n|\n|t:|1788280814\n|switch|p1a: Gengar|Gengar, L50, F|100/100|[from] Parting Shot\n|\n|-weather|SunnyDay|[upkeep]\n|upkeep\n|turn|3\n|inactive|Aditya10B has 30 seconds left.\n|\n|t:|1788280843\n|detailschange|p1a: Gengar|Gengar-Mega, L50, F\n|-mega|p1a: Gengar|Gengar|Gengarite\n|move|p1a: Gengar|Protect|p1a: Gengar\n|-singleturn|p1a: Gengar|Protect\n|move|p2b: Basculegion|Flip Turn|p1a: Gengar\n|-activate|p1a: Gengar|move: Protect\n|move|p2a: Charizard|Heat Wave|p1b: Dragonite|[spread] p1b\n|-activate|p1a: Gengar|move: Protect\n|-resisted|p1b: Dragonite|1\n|-damage|p1b: Dragonite|70/100\n|move|p1b: Dragonite|Dragon Claw|p2b: Basculegion\n|-damage|p2b: Basculegion|25/100\n|-damage|p1b: Dragonite|60/100|[from] item: Life Orb\n|\n|-weather|SunnyDay|[upkeep]\n|upkeep\n|turn|4\n|inactive|Aditya10B has 30 seconds left.\n|inactive|Aditya10B has 20 seconds left.\n|\n|t:|1788280882\n|move|p1b: Dragonite|Extreme Speed|p2a: Charizard\n|-damage|p2a: Charizard|0 fnt\n|faint|p2a: Charizard\n|-damage|p1b: Dragonite|51/100|[from] item: Life Orb\n|move|p2b: Basculegion|Flip Turn|p1a: Gengar\n|-damage|p1a: Gengar|78/100\n|\n|t:|1788280886\n|switch|p2b: Grimmsnarl|Grimmsnarl, L50, M|100/100|[from] Flip Turn\n|move|p1a: Gengar|Sludge Bomb|p2b: Grimmsnarl\n|-supereffective|p2b: Grimmsnarl|1\n|-damage|p2b: Grimmsnarl|7/100\n|\n|-weather|SunnyDay|[upkeep]\n|upkeep\n|\n|t:|1788280887\n|switch|p2a: Venusaur|Venusaur, L50, M|1/100\n|turn|5\n|inactive|Rk Pokemons has 30 seconds left.\n|inactive|Rk Pokemons has 20 seconds left.\n|inactive|Rk Pokemons has 15 seconds left.\n|\n|t:|1788280929\n|move|p2a: Venusaur|Protect|p2a: Venusaur\n|-singleturn|p2a: Venusaur|Protect\n|move|p1a: Gengar|Protect|p1a: Gengar\n|-singleturn|p1a: Gengar|Protect\n|move|p1b: Dragonite|Protect|p1b: Dragonite\n|-singleturn|p1b: Dragonite|Protect\n|move|p2b: Grimmsnarl|Reflect|p2b: Grimmsnarl\n|-sidestart|p2: Rk Pokemons|Reflect\n|\n|-weather|none\n|upkeep\n|turn|6\n|inactive|Rk Pokemons has 30 seconds left.\n|\n|t:|1788280960\n|move|p1b: Dragonite|Extreme Speed|p2a: Venusaur\n|-damage|p2a: Venusaur|0 fnt\n|faint|p2a: Venusaur\n|-damage|p1b: Dragonite|41/100|[from] item: Life Orb\n|move|p1a: Gengar|Substitute|p1a: Gengar\n|-start|p1a: Gengar|Substitute\n|-damage|p1a: Gengar|53/100\n|move|p2b: Grimmsnarl|Spirit Break|p1b: Dragonite\n|-supereffective|p1b: Dragonite|1\n|-damage|p1b: Dragonite|0 fnt\n|faint|p1b: Dragonite\n|\n|upkeep\n|\n|t:|1788280971\n|switch|p2a: Basculegion|Basculegion, L50, M|25/100\n|switch|p1b: Incineroar|Incineroar, L50, M|39/100\n|-ability|p1b: Incineroar|Intimidate|boost\n|-unboost|p2a: Basculegion|atk|1\n|-unboost|p2b: Grimmsnarl|atk|1\n|turn|7\n|\n|t:|1788280987\n|move|p1b: Incineroar|Fake Out|p2b: Grimmsnarl\n|-crit|p2b: Grimmsnarl\n|-damage|p2b: Grimmsnarl|0 fnt\n|faint|p2b: Grimmsnarl\n|move|p2a: Basculegion|Wave Crash|p1b: Incineroar\n|-supereffective|p1b: Incineroar|1\n|-damage|p1b: Incineroar|0 fnt\n|faint|p1b: Incineroar\n|-damage|p2a: Basculegion|12/100|[from] Recoil\n|move|p1a: Gengar|Shadow Ball|p2a: Basculegion\n|-supereffective|p2a: Basculegion|1\n|-damage|p2a: Basculegion|0 fnt\n|faint|p2a: Basculegion\n|\n|win|Aditya10B\n|c|☆Rk Pokemons|Ggs\n|c|☆Aditya10B|Gg\n","uploadtime":1788281013,"views":"0","formatid":"gen9championsvgc2026regmb","rating":null,"private":0,"password":null}