{"id":"gen9championsvgc2026regmbbo3-2673386402","format":"[Gen 9 Champions] VGC 2026 Reg M-B (Bo3)","players":["redjaguar","zugga"],"log":"|j|☆redjaguar\n|j|☆zugga\n|html|<table width=\"100%\"><tr><td align=\"left\">redjaguar</td><td align=\"right\">zugga</tr><tr><td align=\"left\"><i class=\"fa fa-circle-o\"></i> <i class=\"fa fa-circle-o\"></i> </td><td align=\"right\"><i class=\"fa fa-circle-o\"></i> <i class=\"fa fa-circle-o\"></i> </tr></table>\n|uhtml|bestof|<h2><strong>Game 1</strong> of <a href=\"/game-bestof3-gen9championsvgc2026regmbbo3-2673386401\">a best-of-3</a></h2>\n|t:|1788191464\n|gametype|doubles\n|player|p1|redjaguar|gambler|1116\n|player|p2|zugga|169|1081\n|gen|9\n|tier|[Gen 9 Champions] VGC 2026 Reg M-B (Bo3)\n|rated|\n|rule|Species Clause: Limit one of each Pokémon\n|rule|Item Clause: Limit 1 of each item\n|clearpoke\n|poke|p1|Farigiraf, L50, F|\n|poke|p1|Aerodactyl, L50, F|\n|poke|p1|Gardevoir, L50, M|\n|poke|p1|Basculegion, L50, M|\n|poke|p1|Infernape, L50, F|\n|poke|p1|Garchomp, L50, M|\n|poke|p2|Charizard, L50, M, shiny|\n|poke|p2|Whimsicott, L50, M, shiny|\n|poke|p2|Sinistcha-Masterpiece, L50, shiny|\n|poke|p2|Staraptor, L50, M, shiny|\n|poke|p2|Garchomp, L50, F|\n|poke|p2|Basculegion, L50, M|\n|teampreview|4\n|showteam|p1|Farigiraf||SitrusBerry|ArmorTail|Psychic,Thunderbolt,Protect,HelpingHand|Bold||F|||50|]Aerodactyl||FocusSash|Unnerve|Tailwind,RockSlide,WideGuard,Protect|Jolly||F|||50|]Gardevoir||Gardevoirite|Telepathy|HyperVoice,Psychic,CalmMind,Protect|Timid||M|||50|]Basculegion||MysticWater|Adaptability|AquaJet,LastRespects,WaveCrash,Protect|Adamant||M|||50|]Infernape||WhiteHerb|IronFist|CloseCombat,Feint,FakeOut,StoneEdge|Jolly||F|||50|]Garchomp||LifeOrb|RoughSkin|Earthquake,RockSlide,DragonClaw,Protect|Jolly||M|||50|\n|showteam|p2|Charizard||CharizarditeY|Blaze|HeatWave,SolarBeam,Protect,WeatherBall|Modest||M|||50|]Whimsicott||FocusSash|Prankster|Moonblast,Encore,Tailwind,Charm|Timid||M|||50|]Sinistcha-Masterpiece||SitrusBerry|Hospitality|MatchaGotcha,LifeDew,TrickRoom,RagePowder|Calm|||||50|]Staraptor||Staraptite|Intimidate|CloseCombat,BraveBird,Protect,Roost|Jolly||M|||50|]Garchomp||LifeOrb|RoughSkin|DragonClaw,RockSlide,Earthquake,Protect|Adamant||F|||50|]Basculegion||ExpertBelt|Adaptability|WaveCrash,AquaJet,LastRespects,Protect|Adamant||M|||50|\n|inactive|Battle timer is ON: inactive players will automatically lose when time's up. (requested by zugga)\n|inactive|redjaguar has 60 seconds left.\n|\n|t:|1788191518\n|teamsize|p1|4\n|teamsize|p2|4\n|start\n|switch|p1a: Aerodactyl|Aerodactyl, L50, F|100/100\n|switch|p1b: Garchomp|Garchomp, L50, M|100/100\n|switch|p2a: Mộc Dương|Whimsicott, L50, M, shiny|100/100\n|switch|p2b: Giác Điểu|Staraptor, L50, M, shiny|100/100\n|-ability|p1a: Aerodactyl|Unnerve\n|-ability|p2b: Giác Điểu|Intimidate|boost\n|-unboost|p1a: Aerodactyl|atk|1\n|-unboost|p1b: Garchomp|atk|1\n|turn|1\n|inactive|zugga has 30 seconds left.\n|\n|t:|1788191552\n|detailschange|p2b: Giác Điểu|Staraptor-Mega, L50, M, shiny\n|-mega|p2b: Giác Điểu|Staraptor|Staraptite\n|move|p2a: Mộc Dương|Tailwind|p2a: Mộc Dương\n|-sidestart|p2: zugga|move: Tailwind\n|move|p2b: Giác Điểu|Close Combat|p1b: Garchomp\n|-damage|p1b: Garchomp|34/100\n|-boost|p2b: Giác Điểu|def|1\n|-boost|p2b: Giác Điểu|spd|1\n|-damage|p2b: Giác Điểu|87/100|[from] ability: Rough Skin|[of] p1b: Garchomp\n|move|p1a: Aerodactyl|Tailwind|p1a: Aerodactyl\n|-sidestart|p1: redjaguar|move: Tailwind\n|move|p1b: Garchomp|Rock Slide|p2a: Mộc Dương|[spread] p2a,p2b\n|-damage|p2a: Mộc Dương|75/100\n|-damage|p2b: Giác Điểu|75/100\n|-damage|p1b: Garchomp|24/100|[from] item: Life Orb\n|\n|upkeep\n|turn|2\n|inactive|redjaguar has 30 seconds left.\n|inactive|redjaguar has 20 seconds left.\n|inactive|redjaguar has 15 seconds left.\n|inactive|redjaguar has 10 seconds left.\n|\n|t:|1788191599\n|switch|p1b: Basculegion|Basculegion, L50, M|100/100\n|move|p2a: Mộc Dương|Encore|p1a: Aerodactyl\n|-start|p1a: Aerodactyl|Encore\n|move|p1a: Aerodactyl|Tailwind||[still]\n|-fail|p1a: Aerodactyl\n|move|p2b: Giác Điểu|Close Combat|p1b: Basculegion\n|-immune|p1b: Basculegion\n|\n|upkeep\n|turn|3\n|\n|t:|1788191622\n|switch|p1a: Gardevoir|Gardevoir, L50, M|100/100\n|move|p2a: Mộc Dương|Charm|p2b: Giác Điểu\n|-boost|p2b: Giác Điểu|atk|2\n|move|p2b: Giác Điểu|Close Combat|p1a: Gardevoir\n|-resisted|p1a: Gardevoir|2\n|-damage|p1a: Gardevoir|42/100\n|-boost|p2b: Giác Điểu|def|1\n|-boost|p2b: Giác Điểu|spd|1\n|move|p1b: Basculegion|Wave Crash|p2b: Giác Điểu\n|-damage|p2b: Giác Điểu|20/100y\n|-damage|p1b: Basculegion|86/100|[from] Recoil\n|\n|upkeep\n|turn|4\n|inactive|redjaguar has 30 seconds left.\n|inactive|redjaguar has 20 seconds left.\n|\n|t:|1788191660\n|detailschange|p1a: Gardevoir|Gardevoir-Mega, L50, M\n|-mega|p1a: Gardevoir|Gardevoir|Gardevoirite\n|move|p2a: Mộc Dương|Charm|p2b: Giác Điểu\n|-boost|p2b: Giác Điểu|atk|2\n|move|p1b: Basculegion|Aqua Jet|p2b: Giác Điểu\n|-damage|p2b: Giác Điểu|1/100\n|move|p2b: Giác Điểu|Roost|p2b: Giác Điểu\n|-heal|p2b: Giác Điểu|50/100g\n|-singleturn|p2b: Giác Điểu|move: Roost\n|move|p1a: Gardevoir|Calm Mind|p1a: Gardevoir\n|-boost|p1a: Gardevoir|spa|1\n|-boost|p1a: Gardevoir|spd|1\n|\n|-sideend|p1: redjaguar|move: Tailwind\n|-sideend|p2: zugga|move: Tailwind\n|upkeep\n|turn|5\n|\n|t:|1788191681\n|move|p2a: Mộc Dương|Tailwind|p2a: Mộc Dương\n|-sidestart|p2: zugga|move: Tailwind\n|move|p1b: Basculegion|Aqua Jet|p2b: Giác Điểu\n|-damage|p2b: Giác Điểu|32/100\n|move|p2b: Giác Điểu|Close Combat|p1a: Gardevoir\n|-resisted|p1a: Gardevoir|2\n|-damage|p1a: Gardevoir|0 fnt\n|-boost|p2b: Giác Điểu|def|1\n|-boost|p2b: Giác Điểu|spd|1\n|faint|p1a: Gardevoir\n|\n|upkeep\n|\n|t:|1788191694\n|switch|p1a: Aerodactyl|Aerodactyl, L50, F|100/100\n|-ability|p1a: Aerodactyl|Unnerve\n|turn|6\n|\n|t:|1788191709\n|switch|p2a: Linh Trà|Sinistcha-Masterpiece, L50, shiny|100/100\n|-heal|p2b: Giác Điểu|56/100|[from] ability: Hospitality|[of] p2a: Linh Trà\n|move|p2b: Giác Điểu|Roost|p2b: Giác Điểu\n|-heal|p2b: Giác Điểu|100/100\n|-singleturn|p2b: Giác Điểu|move: Roost\n|move|p1a: Aerodactyl|Tailwind|p1a: Aerodactyl\n|-sidestart|p1: redjaguar|move: Tailwind\n|move|p1b: Basculegion|Wave Crash|p2b: Giác Điểu\n|-damage|p2b: Giác Điểu|53/100\n|-damage|p1b: Basculegion|75/100|[from] Recoil\n|\n|upkeep\n|turn|7\n|\n|t:|1788191727\n|move|p1a: Aerodactyl|Rock Slide|p2a: Linh Trà|[spread] p2a,p2b\n|-damage|p2a: Linh Trà|73/100\n|-damage|p2b: Giác Điểu|43/100\n|move|p2b: Giác Điểu|Close Combat|p1a: Aerodactyl\n|-enditem|p1a: Aerodactyl|Focus Sash\n|-damage|p1a: Aerodactyl|1/100\n|-boost|p2b: Giác Điểu|def|1\n|-boost|p2b: Giác Điểu|spd|1\n|move|p1b: Basculegion|Last Respects|p2a: Linh Trà\n|-supereffective|p2a: Linh Trà|1\n|-damage|p2a: Linh Trà|0 fnt\n|faint|p2a: Linh Trà\n|\n|upkeep\n|\n|t:|1788191747\n|switch|p2a: Long Sa|Garchomp, L50, F|100/100\n|turn|8\n|\n|t:|1788191758\n|move|p1a: Aerodactyl|Wide Guard|p1a: Aerodactyl\n|-singleturn|p1a: Aerodactyl|Wide Guard\n|move|p2b: Giác Điểu|Roost|p2b: Giác Điểu\n|-heal|p2b: Giác Điểu|93/100\n|-singleturn|p2b: Giác Điểu|move: Roost\n|move|p2a: Long Sa|Rock Slide|p1b: Basculegion|[spread] \n|-activate|p1a: Aerodactyl|move: Wide Guard\n|-activate|p1b: Basculegion|move: Wide Guard\n|move|p1b: Basculegion|Wave Crash|p2a: Long Sa\n|-damage|p2a: Long Sa|4/100\n|-damage|p1b: Basculegion|63/100|[from] ability: Rough Skin|[of] p2a: Long Sa\n|-damage|p1b: Basculegion|37/100|[from] Recoil\n|\n|-sideend|p2: zugga|move: Tailwind\n|upkeep\n|turn|9\n|\n|t:|1788191780\n|move|p1a: Aerodactyl|Protect|p1a: Aerodactyl\n|-singleturn|p1a: Aerodactyl|Protect\n|move|p2b: Giác Điểu|Protect|p2b: Giác Điểu\n|-singleturn|p2b: Giác Điểu|Protect\n|move|p2a: Long Sa|Protect|p2a: Long Sa\n|-singleturn|p2a: Long Sa|Protect\n|move|p1b: Basculegion|Aqua Jet|p2a: Long Sa\n|-activate|p2a: Long Sa|move: Protect\n|\n|-sideend|p1: redjaguar|move: Tailwind\n|upkeep\n|turn|10\n|\n|t:|1788191801\n|move|p1b: Basculegion|Aqua Jet|p2a: Long Sa\n|-crit|p2a: Long Sa\n|-damage|p2a: Long Sa|0 fnt\n|-damage|p1b: Basculegion|25/100|[from] ability: Rough Skin|[of] p2a: Long Sa\n|faint|p2a: Long Sa\n|move|p1a: Aerodactyl|Rock Slide|p2b: Giác Điểu\n|-damage|p2b: Giác Điểu|81/100\n|move|p2b: Giác Điểu|Close Combat|p1a: Aerodactyl\n|-damage|p1a: Aerodactyl|0 fnt\n|-boost|p2b: Giác Điểu|def|1\n|-boost|p2b: Giác Điểu|spd|1\n|faint|p1a: Aerodactyl\n|\n|upkeep\n|\n|t:|1788191815\n|switch|p1a: Garchomp|Garchomp, L50, M|24/100\n|switch|p2a: Mộc Dương|Whimsicott, L50, M, shiny|75/100\n|turn|11\n|\n|t:|1788191839\n|move|p2a: Mộc Dương|Encore|p1b: Basculegion\n|-start|p1b: Basculegion|Encore\n|move|p1b: Basculegion|Aqua Jet|p2b: Giác Điểu\n|-damage|p2b: Giác Điểu|70/100\n|move|p2b: Giác Điểu|Close Combat|p1a: Garchomp\n|-crit|p1a: Garchomp\n|-damage|p1a: Garchomp|0 fnt\n|-boost|p2b: Giác Điểu|def|1\n|-boost|p2b: Giác Điểu|spd|1\n|-damage|p2b: Giác Điểu|58/100|[from] ability: Rough Skin|[of] p1a: Garchomp\n|faint|p1a: Garchomp\n|\n|upkeep\n|turn|12\n|\n|t:|1788191859\n|move|p2a: Mộc Dương|Charm|p2b: Giác Điểu\n|-boost|p2b: Giác Điểu|atk|2\n|move|p1b: Basculegion|Aqua Jet|p2b: Giác Điểu\n|-damage|p2b: Giác Điểu|49/100\n|move|p2b: Giác Điểu|Roost|p2b: Giác Điểu\n|-heal|p2b: Giác Điểu|99/100\n|-singleturn|p2b: Giác Điểu|move: Roost\n|\n|upkeep\n|turn|13\n|\n|t:|1788191876\n|move|p2a: Mộc Dương|Tailwind|p2a: Mộc Dương\n|-sidestart|p2: zugga|move: Tailwind\n|move|p1b: Basculegion|Aqua Jet|p2b: Giác Điểu\n|-damage|p2b: Giác Điểu|90/100\n|move|p2b: Giác Điểu|Roost|p2b: Giác Điểu\n|-heal|p2b: Giác Điểu|100/100\n|-singleturn|p2b: Giác Điểu|move: Roost\n|\n|-end|p1b: Basculegion|Encore\n|upkeep\n|turn|14\n|\n|t:|1788191888\n|move|p2a: Mộc Dương|Moonblast|p1b: Basculegion\n|-damage|p1b: Basculegion|0 fnt\n|faint|p1b: Basculegion\n|\n|win|zugga\n||redjaguar is ready for game 2.\n||zugga is ready for game 2.\n|uhtml|next|Next: <a href=\"/battle-gen9championsvgc2026regmbbo3-2673389798\"><strong>Game 2 of 3</strong></a>\n|l|☆zugga\n|player|p2|\n","uploadtime":1788192151,"views":"1","formatid":"gen9championsvgc2026regmbbo3","rating":null,"private":0,"password":null}