{"id":"gen9championsvgc2026regmbbo3-2673398538","format":"[Gen 9 Champions] VGC 2026 Reg M-B (Bo3)","players":["humania1","redjaguar"],"log":"|j|☆humania1\n|j|☆redjaguar\n|html|<table width=\"100%\"><tr><td align=\"left\">humania1</td><td align=\"right\">redjaguar</tr><tr><td align=\"left\"><i class=\"fa fa-circle-o\"></i> <i class=\"fa fa-circle-o\"></i> </td><td align=\"right\"><i class=\"fa fa-circle-o\"></i> <i class=\"fa fa-circle\"></i> </tr></table>\n|uhtml|bestof|<h2><strong>Game 2</strong> of <a href=\"/game-bestof3-gen9championsvgc2026regmbbo3-2673397179\">a best-of-3</a></h2>\n|t:|1788193010\n|gametype|doubles\n|player|p1|humania1|170|1084\n|player|p2|redjaguar|gambler|1063\n|gen|9\n|tier|[Gen 9 Champions] VGC 2026 Reg M-B (Bo3)\n|rated|\n|rule|Species Clause: Limit one of each Pokémon\n|rule|Item Clause: Limit 1 of each item\n|clearpoke\n|poke|p1|Blastoise, L50, M|\n|poke|p1|Delphox, L50, F, shiny|\n|poke|p1|Incineroar, L50, F|\n|poke|p1|Sinistcha, L50|\n|poke|p1|Sneasler, L50, M|\n|poke|p1|Vivillon, L50, F|\n|poke|p2|Farigiraf, L50, F|\n|poke|p2|Aerodactyl, L50, M|\n|poke|p2|Gardevoir, L50, M|\n|poke|p2|Basculegion, L50, M|\n|poke|p2|Infernape, L50, M|\n|poke|p2|Garchomp, L50, F|\n|teampreview|4\n|showteam|p1|Blastoise||Blastoisinite|Torrent|Protect,ShellSmash,WaterSpout,DarkPulse|Modest||M|||50|]Delphox||Delphoxite|Blaze|Protect,HeatWave,Psyshock,NastyPlot|Timid||F|||50|]Incineroar||PasshoBerry|Intimidate|FakeOut,PartingShot,FlareBlitz,ThroatChop|Impish||F|||50|]Sinistcha||SitrusBerry|Hospitality|Protect,MatchaGotcha,TrickRoom,RagePowder|Bold|||||50|]Sneasler||FocusSash|PoisonTouch|QuickGuard,FakeOut,CloseCombat,DireClaw|Jolly||M|||50|]Vivillon||ChoiceScarf|CompoundEyes|Hurricane,SleepPowder,RagePowder,Uturn|Timid||F|||50|\n|showteam|p2|Farigiraf||SitrusBerry|ArmorTail|Psychic,Thunderbolt,Protect,HelpingHand|Bold||F|||50|]Aerodactyl||FocusSash|Unnerve|Tailwind,RockSlide,WideGuard,Protect|Jolly||M|||50|]Gardevoir||Gardevoirite|Telepathy|HyperVoice,Psychic,CalmMind,Protect|Timid||M|||50|]Basculegion||MysticWater|Adaptability|AquaJet,LastRespects,WaveCrash,Protect|Adamant||M|||50|]Infernape||WhiteHerb|IronFist|CloseCombat,Feint,FakeOut,StoneEdge|Jolly||M|||50|]Garchomp||LifeOrb|RoughSkin|Earthquake,RockSlide,DragonClaw,Protect|Jolly||F|||50|\n|inactive|Battle timer is ON: inactive players will automatically lose when time's up. (requested by humania1)\n|inactive|redjaguar has 60 seconds left.\n|\n|t:|1788193062\n|teamsize|p1|4\n|teamsize|p2|4\n|start\n|switch|p1a: Blastoise|Blastoise, L50, M|100/100\n|switch|p1b: Sinistcha|Sinistcha, L50|100/100\n|switch|p2a: Garchomp|Garchomp, L50, F|100/100\n|switch|p2b: Gardevoir|Gardevoir, L50, M|100/100\n|turn|1\n|inactive|redjaguar has 30 seconds left.\n|\n|t:|1788193089\n|switch|p1a: Incineroar|Incineroar, L50, F|100/100\n|-ability|p1a: Incineroar|Intimidate|boost\n|-unboost|p2a: Garchomp|atk|1\n|-unboost|p2b: Gardevoir|atk|1\n|move|p2a: Garchomp|Earthquake|p1a: Incineroar|[spread] p1a,p1b\n|-activate|p2b: Gardevoir|ability: Telepathy\n|-supereffective|p1a: Incineroar|1\n|-resisted|p1b: Sinistcha|1\n|-damage|p1a: Incineroar|44/100\n|-damage|p1b: Sinistcha|85/100\n|-damage|p2a: Garchomp|90/100|[from] item: Life Orb\n|move|p2b: Gardevoir|Calm Mind|p2b: Gardevoir\n|-boost|p2b: Gardevoir|spa|1\n|-boost|p2b: Gardevoir|spd|1\n|move|p1b: Sinistcha|Trick Room|p1b: Sinistcha\n|-fieldstart|move: Trick Room|[of] p1b: Sinistcha\n|\n|upkeep\n|turn|2\n|inactive|redjaguar has 30 seconds left.\n|\n|t:|1788193124\n|switch|p2a: Farigiraf|Farigiraf, L50, F|100/100\n|detailschange|p2b: Gardevoir|Gardevoir-Mega, L50, M\n|-mega|p2b: Gardevoir|Gardevoir|Gardevoirite\n|move|p1b: Sinistcha|Matcha Gotcha|p2a: Farigiraf|[spread] p2a,p2b\n|-damage|p2a: Farigiraf|78/100\n|-heal|p1b: Sinistcha|98/100|[from] drain|[of] p2a: Farigiraf\n|-damage|p2b: Gardevoir|85/100\n|-heal|p1b: Sinistcha|100/100|[from] drain|[of] p2b: Gardevoir\n|-status|p2b: Gardevoir|brn\n|move|p1a: Incineroar|Throat Chop|p2b: Gardevoir\n|-damage|p2b: Gardevoir|33/100 brn\n|-start|p2b: Gardevoir|Throat Chop|[silent]\n|cant|p2b: Gardevoir|move: Throat Chop\n|\n|-damage|p2b: Gardevoir|26/100 brn|[from] brn\n|upkeep\n|turn|3\n|inactive|redjaguar has 30 seconds left.\n|inactive|redjaguar has 20 seconds left.\n|inactive|redjaguar has 15 seconds left.\n|\n|t:|1788193166\n|move|p2b: Gardevoir|Protect|p2b: Gardevoir\n|-singleturn|p2b: Gardevoir|Protect\n|move|p2a: Farigiraf|Thunderbolt|p1a: Incineroar\n|-damage|p1a: Incineroar|20/100y\n|move|p1b: Sinistcha|Matcha Gotcha|p2a: Farigiraf|[spread] p2a\n|-activate|p2b: Gardevoir|move: Protect\n|-damage|p2a: Farigiraf|56/100\n|move|p1a: Incineroar|Flare Blitz|p2b: Gardevoir\n|-activate|p2b: Gardevoir|move: Protect\n|\n|-damage|p2b: Gardevoir|20/100y brn|[from] brn\n|-end|p2b: Gardevoir|Throat Chop|[silent]\n|upkeep\n|turn|4\n|inactive|redjaguar has 30 seconds left.\n|\n|t:|1788193198\n|move|p2a: Farigiraf|Thunderbolt|p1a: Incineroar\n|-damage|p1a: Incineroar|0 fnt\n|faint|p1a: Incineroar\n|move|p1b: Sinistcha|Matcha Gotcha|p2a: Farigiraf|[spread] p2a,p2b\n|-damage|p2a: Farigiraf|36/100\n|-damage|p2b: Gardevoir|4/100 brn\n|-enditem|p2a: Farigiraf|Sitrus Berry|[eat]\n|-heal|p2a: Farigiraf|60/100|[from] item: Sitrus Berry\n|move|p2b: Gardevoir|Hyper Voice|p1b: Sinistcha\n|-damage|p1b: Sinistcha|5/100\n|-enditem|p1b: Sinistcha|Sitrus Berry|[eat]\n|-heal|p1b: Sinistcha|30/100|[from] item: Sitrus Berry\n|\n|-damage|p2b: Gardevoir|0 fnt|[from] brn\n|faint|p2b: Gardevoir\n|upkeep\n|\n|t:|1788193221\n|switch|p1a: Delphox|Delphox, L50, F, shiny|100/100\n|switch|p2b: Basculegion|Basculegion, L50, M|100/100\n|turn|5\n|\n|t:|1788193245\n|switch|p1b: Blastoise|Blastoise, L50, M|100/100\n|detailschange|p1a: Delphox|Delphox-Mega, L50, F, shiny\n|-mega|p1a: Delphox|Delphox|Delphoxite\n|move|p2a: Farigiraf|Psychic|p1b: Blastoise\n|-damage|p1b: Blastoise|62/100\n|move|p2b: Basculegion|Last Respects|p1b: Blastoise\n|-damage|p1b: Blastoise|0 fnt\n|faint|p1b: Blastoise\n|move|p1a: Delphox|Psyshock|p2b: Basculegion\n|-damage|p2b: Basculegion|49/100\n|\n|-fieldend|move: Trick Room\n|upkeep\n|\n|t:|1788193245\n|switch|p1b: Sinistcha|Sinistcha, L50|30/100\n|turn|6\n|\n|t:|1788193262\n|move|p2a: Farigiraf|Helping Hand|p2b: Basculegion\n|-singleturn|p2b: Basculegion|Helping Hand|[of] p2a: Farigiraf\n|move|p2b: Basculegion|Aqua Jet|p1a: Delphox\n|-supereffective|p1a: Delphox|1\n|-damage|p1a: Delphox|0 fnt\n|faint|p1a: Delphox\n|move|p1b: Sinistcha|Matcha Gotcha|p2b: Basculegion|[spread] p2a,p2b\n|-supereffective|p2b: Basculegion|1\n|-damage|p2a: Farigiraf|37/100\n|-heal|p1b: Sinistcha|45/100|[from] drain|[of] p2a: Farigiraf\n|-damage|p2b: Basculegion|0 fnt\n|-heal|p1b: Sinistcha|77/100|[from] drain|[of] p2b: Basculegion\n|-status|p2a: Farigiraf|brn\n|faint|p2b: Basculegion\n|\n|-damage|p2a: Farigiraf|31/100 brn|[from] brn\n|upkeep\n|\n|t:|1788193278\n|switch|p2b: Garchomp|Garchomp, L50, F|90/100\n|turn|7\n|\n|t:|1788193286\n|move|p2a: Farigiraf|Helping Hand|p2b: Garchomp\n|-singleturn|p2b: Garchomp|Helping Hand|[of] p2a: Farigiraf\n|move|p2b: Garchomp|Dragon Claw|p1b: Sinistcha\n|-damage|p1b: Sinistcha|8/100\n|-damage|p2b: Garchomp|80/100|[from] item: Life Orb\n|move|p1b: Sinistcha|Trick Room|p1b: Sinistcha\n|-fieldstart|move: Trick Room|[of] p1b: Sinistcha\n|\n|-damage|p2a: Farigiraf|25/100 brn|[from] brn\n|upkeep\n|turn|8\n|\n|t:|1788193305\n|move|p1b: Sinistcha|Protect|p1b: Sinistcha\n|-singleturn|p1b: Sinistcha|Protect\n|move|p2a: Farigiraf|Psychic|p1b: Sinistcha\n|-activate|p1b: Sinistcha|move: Protect\n|move|p2b: Garchomp|Dragon Claw|p1b: Sinistcha\n|-activate|p1b: Sinistcha|move: Protect\n|\n|-damage|p2a: Farigiraf|19/100 brn|[from] brn\n|upkeep\n|turn|9\n|\n|t:|1788193316\n|move|p2a: Farigiraf|Psychic|p1b: Sinistcha\n|-damage|p1b: Sinistcha|0 fnt\n|faint|p1b: Sinistcha\n|\n|win|redjaguar\n|raw|humania1's rating: 1084 &rarr; <strong>1060</strong><br />(-24 for losing)\n|raw|redjaguar's rating: 1063 &rarr; <strong>1095</strong><br />(+32 for winning)\n|l|☆humania1\n|player|p1|\n","uploadtime":1788193316,"views":"1","formatid":"gen9championsvgc2026regmbbo3","rating":1060,"private":0,"password":null}