{"id":"gen9championsvgc2026regmb-2674320025","format":"[Gen 9 Champions] VGC 2026 Reg M-B","players":["howtobreatheair","alexismydog"],"log":"|j|☆howtobreatheair\n|j|☆alexismydog\n|t:|1788340107\n|gametype|doubles\n|player|p1|howtobreatheair|170|1538\n|player|p2|alexismydog|265|1598\n|gen|9\n|tier|[Gen 9 Champions] VGC 2026 Reg M-B\n|rated|\n|rule|Species Clause: Limit one of each Pokémon\n|rule|Item Clause: Limit 1 of each item\n|clearpoke\n|poke|p1|Sneasler, L50, M|\n|poke|p1|Blastoise, L50, M|\n|poke|p1|Kingambit, L50, M|\n|poke|p1|Incineroar, L50, M|\n|poke|p1|Delphox, L50, F|\n|poke|p1|Sinistcha, L50|\n|poke|p2|Tyranitar, L50, M|\n|poke|p2|Excadrill, L50, M|\n|poke|p2|Sinistcha, L50|\n|poke|p2|Gholdengo, L50|\n|poke|p2|Staraptor, L50, M|\n|poke|p2|Milotic, L50, M|\n|teampreview|4\n|inactive|Battle timer is ON: inactive players will automatically lose when time's up. (requested by alexismydog)\n|inactive|howtobreatheair has 60 seconds left.\n|inactive|howtobreatheair has 30 seconds left.\n|inactive|howtobreatheair has 20 seconds left.\n|inactive|howtobreatheair has 15 seconds left.\n|\n|t:|1788340192\n|teamsize|p1|4\n|teamsize|p2|4\n|start\n|switch|p1a: W.D BLASTER|Blastoise, L50, M|100/100\n|switch|p1b: TALL FOR NO REASON|Sneasler, L50, M|100/100\n|switch|p2a: Tyranitar|Tyranitar, L50, M|100/100\n|switch|p2b: Sinistcha|Sinistcha, L50|100/100\n|-weather|Sandstorm|[from] ability: Sand Stream|[of] p2a: Tyranitar\n|turn|1\n|inactive|howtobreatheair has 30 seconds left.\n|inactive|howtobreatheair has 20 seconds left.\n|inactive|howtobreatheair has 15 seconds left.\n|inactive|howtobreatheair has 10 seconds left.\n|inactive|howtobreatheair has 5 seconds left.\n|\n|t:|1788340243\n|switch|p2a: Staraptor|Staraptor, L50, M|100/100\n|-ability|p2a: Staraptor|Intimidate|boost\n|-unboost|p1a: W.D BLASTER|atk|1\n|-unboost|p1b: TALL FOR NO REASON|atk|1\n|detailschange|p1a: W.D BLASTER|Blastoise-Mega, L50, M\n|-mega|p1a: W.D BLASTER|Blastoise|Blastoisinite\n|move|p1a: W.D BLASTER|Protect|p1a: W.D BLASTER\n|-singleturn|p1a: W.D BLASTER|Protect\n|move|p1b: TALL FOR NO REASON|Poison Jab|p2b: Sinistcha\n|-damage|p2b: Sinistcha|72/100\n|-status|p2b: Sinistcha|psn\n|move|p2b: Sinistcha|Matcha Gotcha|p1a: W.D BLASTER|[spread] p1b\n|-activate|p1a: W.D BLASTER|move: Protect\n|-resisted|p1b: TALL FOR NO REASON|1\n|-damage|p1b: TALL FOR NO REASON|84/100\n|-heal|p2b: Sinistcha|81/100 psn|[from] drain|[of] p1b: TALL FOR NO REASON\n|\n|-weather|Sandstorm|[upkeep]\n|-damage|p1b: TALL FOR NO REASON|78/100|[from] Sandstorm\n|-damage|p2a: Staraptor|93/100|[from] Sandstorm\n|-damage|p1a: W.D BLASTER|94/100|[from] Sandstorm\n|-damage|p2b: Sinistcha|75/100 psn|[from] Sandstorm\n|-heal|p2b: Sinistcha|81/100 psn|[from] item: Leftovers\n|-damage|p2b: Sinistcha|68/100 psn|[from] psn\n|upkeep\n|turn|2\n|inactive|howtobreatheair has 30 seconds left.\n|inactive|alexismydog has 30 seconds left.\n|inactive|howtobreatheair has 20 seconds left.\n|inactive|howtobreatheair has 15 seconds left.\n|\n|t:|1788340285\n|switch|p1b: FURRY 1|Incineroar, L50, M|100/100\n|-ability|p1b: FURRY 1|Intimidate|boost\n|-unboost|p2a: Staraptor|atk|1\n|-unboost|p2b: Sinistcha|atk|1\n|detailschange|p2a: Staraptor|Staraptor-Mega, L50, M\n|-mega|p2a: Staraptor|Staraptor|Staraptite\n|move|p2a: Staraptor|Tailwind|p2a: Staraptor\n|-sidestart|p2: alexismydog|move: Tailwind\n|move|p2b: Sinistcha|Matcha Gotcha|p1a: W.D BLASTER|[spread] p1a,p1b\n|-supereffective|p1a: W.D BLASTER|1\n|-resisted|p1b: FURRY 1|1\n|-damage|p1a: W.D BLASTER|42/100\n|-heal|p2b: Sinistcha|95/100 psn|[from] drain|[of] p1a: W.D BLASTER\n|-damage|p1b: FURRY 1|91/100\n|-heal|p2b: Sinistcha|100/100 psn|[from] drain|[of] p1b: FURRY 1\n|move|p1a: W.D BLASTER|Dark Pulse|p2b: Sinistcha\n|-supereffective|p2b: Sinistcha|1\n|-damage|p2b: Sinistcha|5/100 psn\n|\n|-weather|Sandstorm|[upkeep]\n|-damage|p2a: Staraptor|87/100|[from] Sandstorm\n|-damage|p2b: Sinistcha|0 fnt|[from] Sandstorm\n|-damage|p1a: W.D BLASTER|36/100|[from] Sandstorm\n|-damage|p1b: FURRY 1|85/100|[from] Sandstorm\n|faint|p2b: Sinistcha\n|upkeep\n|\n|t:|1788340307\n|switch|p2b: Tyranitar|Tyranitar, L50, M|100/100\n|turn|3\n|inactive|howtobreatheair has 30 seconds left.\n|\n|t:|1788340334\n|switch|p1b: KOOL AID|Sinistcha, L50|100/100\n|-heal|p1a: W.D BLASTER|61/100|[from] ability: Hospitality|[of] p1b: KOOL AID\n|move|p1a: W.D BLASTER|Protect|p1a: W.D BLASTER\n|-singleturn|p1a: W.D BLASTER|Protect\n|move|p2a: Staraptor|Close Combat|p1a: W.D BLASTER\n|-activate|p1a: W.D BLASTER|move: Protect\n|move|p2b: Tyranitar|Dragon Dance|p2b: Tyranitar\n|-boost|p2b: Tyranitar|atk|1\n|-boost|p2b: Tyranitar|spe|1\n|\n|-weather|Sandstorm|[upkeep]\n|-damage|p2a: Staraptor|81/100|[from] Sandstorm\n|-damage|p1a: W.D BLASTER|55/100|[from] Sandstorm\n|-damage|p1b: KOOL AID|93/100|[from] Sandstorm\n|upkeep\n|turn|4\n|inactive|howtobreatheair has 30 seconds left.\n|inactive|howtobreatheair has 20 seconds left.\n|inactive|howtobreatheair has 15 seconds left.\n|inactive|howtobreatheair has 10 seconds left.\n|\n|t:|1788340382\n|switch|p1a: TALL FOR NO REASON|Sneasler, L50, M|78/100\n|move|p1b: KOOL AID|Protect|p1b: KOOL AID\n|-singleturn|p1b: KOOL AID|Protect\n|move|p2b: Tyranitar|Rock Slide|p1b: KOOL AID|[spread] p1a\n|-activate|p1b: KOOL AID|move: Protect\n|-resisted|p1a: TALL FOR NO REASON|1\n|-damage|p1a: TALL FOR NO REASON|37/100\n|move|p2a: Staraptor|Brave Bird|p1b: KOOL AID\n|-activate|p1b: KOOL AID|move: Protect\n|\n|-weather|Sandstorm|[upkeep]\n|-damage|p2a: Staraptor|75/100|[from] Sandstorm\n|-damage|p1a: TALL FOR NO REASON|31/100|[from] Sandstorm\n|-damage|p1b: KOOL AID|87/100|[from] Sandstorm\n|upkeep\n|turn|5\n|inactive|howtobreatheair has 30 seconds left.\n|\n|t:|1788340409\n|move|p1a: TALL FOR NO REASON|Fake Out|p2b: Tyranitar\n|-resisted|p2b: Tyranitar|1\n|-damage|p2b: Tyranitar|93/100\n|cant|p2b: Tyranitar|flinch\n|move|p2a: Staraptor|Brave Bird|p1a: TALL FOR NO REASON\n|-supereffective|p1a: TALL FOR NO REASON|1\n|-damage|p1a: TALL FOR NO REASON|0 fnt\n|faint|p1a: TALL FOR NO REASON\n|-damage|p2a: Staraptor|66/100|[from] Recoil\n|move|p1b: KOOL AID|Trick Room|p1b: KOOL AID\n|-fieldstart|move: Trick Room|[of] p1b: KOOL AID\n|\n|-weather|none\n|-sideend|p2: alexismydog|move: Tailwind\n|upkeep\n|\n|t:|1788340434\n|switch|p1a: W.D BLASTER|Blastoise-Mega, L50, M|55/100\n|turn|6\n|inactive|howtobreatheair has 30 seconds left.\n|inactive|alexismydog has 30 seconds left.\n|\n|t:|1788340465\n|move|p2a: Staraptor|Protect|p2a: Staraptor\n|-singleturn|p2a: Staraptor|Protect\n|move|p1b: KOOL AID|Matcha Gotcha|p2b: Tyranitar|[spread] p2b\n|-activate|p2a: Staraptor|move: Protect\n|-supereffective|p2b: Tyranitar|1\n|-damage|p2b: Tyranitar|45/100\n|-heal|p1b: KOOL AID|100/100|[from] drain|[of] p2b: Tyranitar\n|move|p1a: W.D BLASTER|Water Spout|p2a: Staraptor|[spread] p2b\n|-activate|p2a: Staraptor|move: Protect\n|-supereffective|p2b: Tyranitar|1\n|-damage|p2b: Tyranitar|0 fnt\n|faint|p2b: Tyranitar\n|\n|upkeep\n|\n|t:|1788340479\n|switch|p2b: Excadrill|Excadrill, L50, M|100/100\n|turn|7\n|\n|t:|1788340497\n|move|p1b: KOOL AID|Matcha Gotcha|p2a: Staraptor|[spread] p2a,p2b\n|-resisted|p2a: Staraptor|1\n|-damage|p2a: Staraptor|53/100\n|-damage|p2b: Excadrill|64/100\n|move|p1a: W.D BLASTER|Water Spout|p2a: Staraptor|[spread] p2a,p2b\n|-supereffective|p2b: Excadrill|1\n|-damage|p2a: Staraptor|14/100\n|-damage|p2b: Excadrill|0 fnt\n|faint|p2b: Excadrill\n|move|p2a: Staraptor|Brave Bird|p1b: KOOL AID\n|-supereffective|p1b: KOOL AID|1\n|-damage|p1b: KOOL AID|19/100\n|-damage|p2a: Staraptor|0 fnt|[from] Recoil\n|faint|p2a: Staraptor\n|\n|win|howtobreatheair\n|raw|howtobreatheair's rating: 1538 &rarr; <strong>1561</strong><br />(+23 for winning)\n|raw|alexismydog's rating: 1598 &rarr; <strong>1575</strong><br />(-23 for losing)\n|l|☆alexismydog\n|player|p2|\n","uploadtime":1788340513,"views":"2","formatid":"gen9championsvgc2026regmb","rating":1561,"private":0,"password":null}