{"id":"gen9championsvgc2026regmbbo3-2673976254","format":"[Gen 9 Champions] VGC 2026 Reg M-B (Bo3)","players":["humania1","Iacorati Z2"],"log":"|j|☆humania1\n|j|☆Iacorati Z2\n|html|<table width=\"100%\"><tr><td align=\"left\">humania1</td><td align=\"right\">Iacorati Z2</tr><tr><td align=\"left\"><i class=\"fa fa-circle-o\"></i> <i class=\"fa fa-circle-o\"></i> </td><td align=\"right\"><i class=\"fa fa-circle-o\"></i> <i class=\"fa fa-circle-o\"></i> </tr></table>\n|uhtml|bestof|<h2><strong>Game 1</strong> of <a href=\"/game-bestof3-gen9championsvgc2026regmbbo3-2673976253\">a best-of-3</a></h2>\n|t:|1788283909\n|gametype|doubles\n|player|p1|humania1|266|1004\n|player|p2|Iacorati Z2|twins-gen4dp|1021\n|gen|9\n|tier|[Gen 9 Champions] VGC 2026 Reg M-B (Bo3)\n|rated|\n|rule|Species Clause: Limit one of each Pokémon\n|rule|Item Clause: Limit 1 of each item\n|clearpoke\n|poke|p1|Blastoise, L50, F|\n|poke|p1|Delphox, L50, F, shiny|\n|poke|p1|Incineroar, L50, M|\n|poke|p1|Sinistcha, L50|\n|poke|p1|Sneasler, L50, M|\n|poke|p1|Vivillon, L50, F|\n|poke|p2|Gengar, L50, F|\n|poke|p2|Archaludon, L50, M|\n|poke|p2|Politoed, L50, F|\n|poke|p2|Swampert, L50, M|\n|poke|p2|Vivillon, L50, F|\n|poke|p2|Incineroar, L50, M|\n|teampreview|4\n|showteam|p1|Blastoise||Blastoisinite|Torrent|Protect,ShellSmash,WaterSpout,DarkPulse|Modest||F|||50|]Delphox||Delphoxite|Blaze|Protect,HeatWave,Psyshock,NastyPlot|Timid||F|||50|]Incineroar||PasshoBerry|Intimidate|FakeOut,PartingShot,FlareBlitz,ThroatChop|Impish||M|||50|]Sinistcha||SitrusBerry|Hospitality|Protect,MatchaGotcha,TrickRoom,RagePowder|Bold|||||50|]Sneasler||FocusSash|PoisonTouch|QuickGuard,FakeOut,CloseCombat,DireClaw|Jolly||M|||50|]Vivillon||ChoiceScarf|CompoundEyes|Hurricane,SleepPowder,RagePowder,Uturn|Timid||F|||50|\n|showteam|p2|Gengar||Gengarite|CursedBody|ShadowBall,SludgeBomb,FocusBlast,Protect|Timid||F|||50|]Archaludon||Leftovers|Stamina|ElectroShot,FlashCannon,DracoMeteor,Protect|Modest||M|||50|]Politoed||SitrusBerry|Drizzle|Surf,IcyWind,HelpingHand,Protect|Bold||F|||50|]Swampert||Swampertite|Torrent|Earthquake,IcePunch,Protect,Liquidation|Adamant||M|||50|]Vivillon||FocusSash|CompoundEyes|SleepPowder,Hurricane,BugBuzz,Protect|Timid||F|||50|]Incineroar||ChopleBerry|Intimidate|FakeOut,PartingShot,FlareBlitz,ThroatChop|Careful||M|||50|\n|inactive|Battle timer is ON: inactive players will automatically lose when time's up. (requested by humania1)\n|\n|t:|1788283926\n|teamsize|p1|4\n|teamsize|p2|4\n|start\n|switch|p1a: Blastoise|Blastoise, L50, F|100/100\n|switch|p1b: Incineroar|Incineroar, L50, M|100/100\n|switch|p2a: Politoed|Politoed, L50, F|100/100\n|switch|p2b: Archaludon|Archaludon, L50, M|100/100\n|-ability|p1b: Incineroar|Intimidate|boost\n|-unboost|p2a: Politoed|atk|1\n|-unboost|p2b: Archaludon|atk|1\n|-weather|RainDance|[from] ability: Drizzle|[of] p2a: Politoed\n|turn|1\n|\n|t:|1788283946\n|switch|p2a: Incineroar|Incineroar, L50, M|100/100\n|-ability|p2a: Incineroar|Intimidate|boost\n|-unboost|p1a: Blastoise|atk|1\n|-unboost|p1b: Incineroar|atk|1\n|move|p1a: Blastoise|Protect|p1a: Blastoise\n|-singleturn|p1a: Blastoise|Protect\n|move|p2b: Archaludon|Electro Shot||[still]\n|-prepare|p2b: Archaludon|Electro Shot\n|-boost|p2b: Archaludon|spa|1\n|-anim|p2b: Archaludon|Electro Shot|p1a: Blastoise\n|-activate|p1a: Blastoise|move: Protect\n|move|p1b: Incineroar|Throat Chop|p2a: Incineroar\n|-resisted|p2a: Incineroar|1\n|-damage|p2a: Incineroar|91/100\n|-start|p2a: Incineroar|Throat Chop|[silent]\n|\n|-weather|RainDance|[upkeep]\n|upkeep\n|turn|2\n|inactive|Iacorati Z2 has 30 seconds left.\n|\n|t:|1788283974\n|switch|p1b: Sinistcha|Sinistcha, L50|100/100\n|detailschange|p1a: Blastoise|Blastoise-Mega, L50, F\n|-mega|p1a: Blastoise|Blastoise|Blastoisinite\n|move|p2a: Incineroar|Fake Out|p1a: Blastoise\n|-damage|p1a: Blastoise|89/100\n|cant|p1a: Blastoise|flinch\n|move|p2b: Archaludon|Electro Shot||[still]\n|-prepare|p2b: Archaludon|Electro Shot\n|-boost|p2b: Archaludon|spa|1\n|-anim|p2b: Archaludon|Electro Shot|p1b: Sinistcha\n|-resisted|p1b: Sinistcha|1\n|-damage|p1b: Sinistcha|54/100\n|\n|-weather|RainDance|[upkeep]\n|-end|p2a: Incineroar|Throat Chop|[silent]\n|upkeep\n|turn|3\n|inactive|Iacorati Z2 has 30 seconds left.\n|\n|t:|1788284005\n|move|p1b: Sinistcha|Protect|p1b: Sinistcha\n|-singleturn|p1b: Sinistcha|Protect\n|move|p1a: Blastoise|Water Spout|p2a: Incineroar|[spread] p2a,p2b\n|-supereffective|p2a: Incineroar|1\n|-resisted|p2b: Archaludon|1\n|-damage|p2a: Incineroar|0 fnt\n|-damage|p2b: Archaludon|47/100\n|-ability|p2b: Archaludon|Stamina|boost\n|-boost|p2b: Archaludon|def|1\n|faint|p2a: Incineroar\n|move|p2b: Archaludon|Electro Shot||[still]\n|-prepare|p2b: Archaludon|Electro Shot\n|-boost|p2b: Archaludon|spa|1\n|-anim|p2b: Archaludon|Electro Shot|p1a: Blastoise\n|-supereffective|p1a: Blastoise|1\n|-damage|p1a: Blastoise|0 fnt\n|faint|p1a: Blastoise\n|\n|-weather|RainDance|[upkeep]\n|-heal|p2b: Archaludon|53/100|[from] item: Leftovers\n|upkeep\n|\n|t:|1788284015\n|switch|p1a: Incineroar|Incineroar, L50, M|100/100\n|switch|p2a: Vivillon|Vivillon, L50, F|100/100\n|-ability|p1a: Incineroar|Intimidate|boost\n|-unboost|p2a: Vivillon|atk|1\n|-unboost|p2b: Archaludon|atk|1\n|turn|4\n|\n|t:|1788284021\n|move|p2a: Vivillon|Protect|p2a: Vivillon\n|-singleturn|p2a: Vivillon|Protect\n|move|p2b: Archaludon|Protect|p2b: Archaludon\n|-singleturn|p2b: Archaludon|Protect\n|move|p1a: Incineroar|Flare Blitz|p2a: Vivillon\n|-activate|p2a: Vivillon|move: Protect\n|move|p1b: Sinistcha|Trick Room|p1b: Sinistcha\n|-fieldstart|move: Trick Room|[of] p1b: Sinistcha\n|\n|-weather|RainDance|[upkeep]\n|-heal|p2b: Archaludon|59/100|[from] item: Leftovers\n|upkeep\n|turn|5\n|\n|t:|1788284041\n|switch|p1a: Sneasler|Sneasler, L50, M|100/100\n|move|p1b: Sinistcha|Protect|p1b: Sinistcha\n|-singleturn|p1b: Sinistcha|Protect\n|move|p2b: Archaludon|Draco Meteor|p1a: Sneasler\n|-enditem|p1a: Sneasler|Focus Sash\n|-damage|p1a: Sneasler|1/100\n|-unboost|p2b: Archaludon|spa|2\n|move|p2a: Vivillon|Hurricane|p1b: Sinistcha\n|-activate|p1b: Sinistcha|move: Protect\n|\n|-weather|none\n|-heal|p2b: Archaludon|65/100|[from] item: Leftovers\n|upkeep\n|turn|6\n|\n|t:|1788284063\n|switch|p1b: Incineroar|Incineroar, L50, M|100/100\n|-ability|p1b: Incineroar|Intimidate|boost\n|-unboost|p2a: Vivillon|atk|1\n|-unboost|p2b: Archaludon|atk|1\n|move|p2b: Archaludon|Flash Cannon|p1a: Sneasler\n|-damage|p1a: Sneasler|0 fnt\n|faint|p1a: Sneasler\n|move|p2a: Vivillon|Bug Buzz|p1b: Incineroar\n|-damage|p1b: Incineroar|62/100\n|\n|-heal|p2b: Archaludon|72/100|[from] item: Leftovers\n|upkeep\n|\n|t:|1788284063\n|switch|p1a: Sinistcha|Sinistcha, L50|54/100\n|-heal|p1b: Incineroar|87/100|[from] ability: Hospitality|[of] p1a: Sinistcha\n|turn|7\n|\n|t:|1788284079\n|move|p1a: Sinistcha|Protect|p1a: Sinistcha\n|-singleturn|p1a: Sinistcha|Protect\n|move|p2a: Vivillon|Protect|p2a: Vivillon\n|-singleturn|p2a: Vivillon|Protect\n|move|p1b: Incineroar|Flare Blitz|p2a: Vivillon\n|-activate|p2a: Vivillon|move: Protect\n|move|p2b: Archaludon|Flash Cannon|p1a: Sinistcha\n|-activate|p1a: Sinistcha|move: Protect\n|\n|-heal|p2b: Archaludon|78/100|[from] item: Leftovers\n|upkeep\n|turn|8\n|\n|t:|1788284093\n|move|p1a: Sinistcha|Rage Powder|p1a: Sinistcha\n|-singleturn|p1a: Sinistcha|move: Rage Powder\n|move|p1b: Incineroar|Throat Chop|p2a: Vivillon\n|-damage|p2a: Vivillon|41/100\n|-start|p2a: Vivillon|Throat Chop|[silent]\n|move|p2b: Archaludon|Draco Meteor|p1a: Sinistcha\n|-damage|p1a: Sinistcha|0 fnt\n|-unboost|p2b: Archaludon|spa|2\n|faint|p1a: Sinistcha\n|move|p2a: Vivillon|Hurricane|p1b: Incineroar\n|-damage|p1b: Incineroar|41/100\n|\n|-heal|p2b: Archaludon|84/100|[from] item: Leftovers\n|-fieldend|move: Trick Room\n|upkeep\n|turn|9\n|\n|t:|1788284107\n|move|p2a: Vivillon|Hurricane|p1b: Incineroar\n|-damage|p1b: Incineroar|1/100\n|move|p2b: Archaludon|Draco Meteor|p1b: Incineroar\n|-damage|p1b: Incineroar|0 fnt\n|-unboost|p2b: Archaludon|spa|2\n|faint|p1b: Incineroar\n|\n|win|Iacorati Z2\n","uploadtime":1788284107,"views":"0","formatid":"gen9championsvgc2026regmbbo3","rating":null,"private":0,"password":null}