{"id":"gen9championsvgc2026regmb-2674703886","format":"[Gen 9 Champions] VGC 2026 Reg M-B","players":["hey we can","Eggplant god"],"log":"|j|☆hey we can\n|j|☆Eggplant god\n|html|<table width=\"100%\"><tr><td align=\"left\">hey we can</td><td align=\"right\">Eggplant god</tr><tr><td align=\"left\"><i class=\"fa fa-circle-o\"></i> <i class=\"fa fa-circle-o\"></i> </td><td align=\"right\"><i class=\"fa fa-circle-o\"></i> <i class=\"fa fa-circle-o\"></i> </tr></table>\n|uhtml|bestof|<h2><strong>Game 1</strong> of <a href=\"/game-bestof3-gen9championsvgc2026regmb-2674703885\">a best-of-3</a></h2>\n|t:|1788393127\n|gametype|doubles\n|player|p1|hey we can|clown|\n|player|p2|Eggplant god|brycenman|\n|gen|9\n|tier|[Gen 9 Champions] VGC 2026 Reg M-B\n|rule|Species Clause: Limit one of each Pokémon\n|rule|Item Clause: Limit 1 of each item\n|raw|<div class=\"infobox\"><details class=\"readmore\" open><summary><strong>1 custom rule:</strong></summary> Best of = 3</details></div>\n|clearpoke\n|poke|p1|Espeon, L50, M|\n|poke|p1|Floette-Eternal, L50, F|\n|poke|p1|Serperior, L50, M|\n|poke|p1|Tyranitar, L50, M|\n|poke|p1|Aerodactyl, L50, M|\n|poke|p1|Tauros-Paldea-Combat, L50, M|\n|poke|p2|Kingambit, L50, M|\n|poke|p2|Farigiraf, L50, F|\n|poke|p2|Azumarill, L50, F|\n|poke|p2|Drampa, L50, F|\n|poke|p2|Clawitzer, L50, M|\n|poke|p2|Machamp, L50, F|\n|teampreview|4\n|\n|t:|1788393202\n|teamsize|p1|4\n|teamsize|p2|4\n|start\n|switch|p1a: Espeon|Espeon, L50, M|100/100\n|switch|p1b: Tyranitar|Tyranitar, L50, M|100/100\n|switch|p2a: Kingambit|Kingambit, L50, M|100/100\n|switch|p2b: Drampa|Drampa, L50, F|100/100\n|-weather|Sandstorm|[from] ability: Sand Stream|[of] p1b: Tyranitar\n|turn|1\n|\n|t:|1788393235\n|detailschange|p1b: Tyranitar|Tyranitar-Mega, L50, M\n|-mega|p1b: Tyranitar|Tyranitar|Tyranitarite\n|detailschange|p2b: Drampa|Drampa-Mega, L50, F\n|-mega|p2b: Drampa|Drampa|Drampanite\n|move|p1a: Espeon|Protect|p1a: Espeon\n|-singleturn|p1a: Espeon|Protect\n|move|p1b: Tyranitar|Low Kick|p2a: Kingambit\n|-supereffective|p2a: Kingambit|2\n|-damage|p2a: Kingambit|0 fnt\n|faint|p2a: Kingambit\n|move|p2b: Drampa|Earth Power|p1b: Tyranitar\n|-supereffective|p1b: Tyranitar|1\n|-damage|p1b: Tyranitar|62/100\n|\n|-weather|Sandstorm|[upkeep]\n|-damage|p1a: Espeon|94/100|[from] Sandstorm\n|-damage|p2b: Drampa|94/100|[from] Sandstorm\n|upkeep\n|j| admiralroman\n|\n|t:|1788393249\n|switch|p2a: Farigiraf|Farigiraf, L50, F|100/100\n|turn|2\n|\n|t:|1788393290\n|switch|p2a: Azumarill|Azumarill, L50, F|100/100\n|move|p1a: Espeon|Dazzling Gleam|p2a: Azumarill|[spread] p2a,p2b\n|-supereffective|p2b: Drampa|1\n|-damage|p2a: Azumarill|83/100\n|-damage|p2b: Drampa|64/100\n|move|p1b: Tyranitar|Rock Slide|p2a: Azumarill|[spread] p2a,p2b\n|-damage|p2a: Azumarill|46/100\n|-damage|p2b: Drampa|30/100\n|-ability|p2b: Drampa|Berserk|boost\n|-boost|p2b: Drampa|spa|1\n|move|p2b: Drampa|Hyper Voice|p1a: Espeon|[spread] p1a,p1b\n|-resisted|p1b: Tyranitar|1\n|-damage|p1a: Espeon|15/100\n|-damage|p1b: Tyranitar|44/100\n|\n|-weather|Sandstorm|[upkeep]\n|-damage|p1a: Espeon|9/100|[from] Sandstorm\n|-damage|p2a: Azumarill|41/100|[from] Sandstorm\n|-damage|p2b: Drampa|24/100|[from] Sandstorm\n|upkeep\n|turn|3\n|\n|t:|1788393395\n|move|p1a: Espeon|Protect|p1a: Espeon\n|-singleturn|p1a: Espeon|Protect\n|move|p2b: Drampa|Protect|p2b: Drampa\n|-singleturn|p2b: Drampa|Protect\n|move|p1b: Tyranitar|Rock Slide|p2a: Azumarill|[spread] p2a\n|-activate|p2b: Drampa|move: Protect\n|-damage|p2a: Azumarill|1/100\n|move|p2a: Azumarill|Liquidation|p1b: Tyranitar\n|-supereffective|p1b: Tyranitar|1\n|-damage|p1b: Tyranitar|0 fnt\n|faint|p1b: Tyranitar\n|-damage|p2a: Azumarill|0 fnt|[from] item: Life Orb\n|faint|p2a: Azumarill\n|\n|-weather|Sandstorm|[upkeep]\n|-damage|p1a: Espeon|4/100|[from] Sandstorm\n|-damage|p2b: Drampa|18/100|[from] Sandstorm\n|upkeep\n|\n|t:|1788393436\n|switch|p1b: Serperior|Serperior, L50, M|100/100\n|switch|p2a: Farigiraf|Farigiraf, L50, F|100/100\n|turn|4\n|\n|t:|1788393451\n|move|p2b: Drampa|Protect||[still]\n|-fail|p2b: Drampa\n|move|p1b: Serperior|Leaf Storm|p2a: Farigiraf\n|-damage|p2a: Farigiraf|75/100\n|-boost|p1b: Serperior|spa|2\n|move|p1a: Espeon|Dazzling Gleam|p2a: Farigiraf|[spread] p2a,p2b\n|-supereffective|p2b: Drampa|1\n|-damage|p2a: Farigiraf|63/100\n|-damage|p2b: Drampa|0 fnt\n|faint|p2b: Drampa\n|move|p2a: Farigiraf|Trick Room|p2a: Farigiraf\n|-fieldstart|move: Trick Room|[of] p2a: Farigiraf\n|\n|-weather|Sandstorm|[upkeep]\n|-damage|p2a: Farigiraf|57/100|[from] Sandstorm\n|-damage|p1a: Espeon|0 fnt|[from] Sandstorm\n|-damage|p1b: Serperior|93/100|[from] Sandstorm\n|faint|p1a: Espeon\n|upkeep\n|\n|t:|1788393467\n|switch|p1a: Tauros|Tauros-Paldea-Combat, L50, M|100/100\n|turn|5\n|\n|t:|1788393478\n|move|p1a: Tauros|Protect|p1a: Tauros\n|-singleturn|p1a: Tauros|Protect\n|move|p2a: Farigiraf|Psychic|p1a: Tauros\n|-activate|p1a: Tauros|move: Protect\n|move|p1b: Serperior|Leaf Storm|p2a: Farigiraf\n|-crit|p2a: Farigiraf\n|-damage|p2a: Farigiraf|0 fnt\n|-boost|p1b: Serperior|spa|2\n|faint|p2a: Farigiraf\n|\n|win|hey we can\n||Eggplant god is ready for game 2.\n|inactive|hey we can has 30 seconds to confirm battle start!\n|l|☆Eggplant god\n|player|p2|\n|inactive|hey we can has 20 seconds to confirm battle start!\n|inactive|hey we can has 10 seconds to confirm battle start!\n|uhtml|next|Next: <a href=\"/battle-gen9championsvgc2026regmb-2674706357\"><strong>Game 2 of 3</strong></a>\n|l| admiralroman\n","uploadtime":1788393895,"views":"14","formatid":"gen9championsvgc2026regmb","rating":null,"private":0,"password":null}