{"id":"gen9championsvgc2026regmbbo3-2674375930","format":"[Gen 9 Champions] VGC 2026 Reg M-B (Bo3)","players":["metvgc","reshiramvg"],"log":"|j|☆metvgc\n|j|☆reshiramvg\n|html|<table width=\"100%\"><tr><td align=\"left\">metvgc</td><td align=\"right\">reshiramvg</tr><tr><td align=\"left\"><i class=\"fa fa-circle\"></i> <i class=\"fa fa-circle-o\"></i> </td><td align=\"right\"><i class=\"fa fa-circle-o\"></i> <i class=\"fa fa-circle\"></i> </tr></table>\n|uhtml|bestof|<h2><strong>Game 3</strong> of <a href=\"/game-bestof3-gen9championsvgc2026regmbbo3-2674373988\">a best-of-3</a></h2>\n|t:|1788351395\n|gametype|doubles\n|player|p1|metvgc|linebacker|1220\n|player|p2|reshiramvg|hilbert|1306\n|gen|9\n|tier|[Gen 9 Champions] VGC 2026 Reg M-B (Bo3)\n|rated|\n|rule|Species Clause: Limit one of each Pokémon\n|rule|Item Clause: Limit 1 of each item\n|clearpoke\n|poke|p1|Staraptor, L50, M|\n|poke|p1|Raichu, L50, M|\n|poke|p1|Arcanine-Hisui, L50, F|\n|poke|p1|Kingambit, L50, F|\n|poke|p1|Sylveon, L50, M|\n|poke|p1|Farigiraf, L50, F|\n|poke|p2|Farigiraf, L50, F|\n|poke|p2|Arcanine-Hisui, L50, F|\n|poke|p2|Sylveon, L50, F|\n|poke|p2|Staraptor, L50, F, shiny|\n|poke|p2|Raichu, L50, M|\n|poke|p2|Kingambit, L50, M|\n|teampreview|4\n|showteam|p1|Staraptor||Staraptite|Intimidate|Protect,Tailwind,CloseCombat,DualWingbeat|Jolly||M|||50|]Raichu||RaichuniteY|LightningRod|Protect,FakeOut,FocusBlast,ZapCannon|Timid||M|||50|]Arcanine-Hisui||FocusSash|RockHead|Protect,HeadSmash,FlareBlitz,ExtremeSpeed|Jolly||F|||50|]Kingambit||BlackGlasses|Defiant|Protect,SwordsDance,KowtowCleave,SuckerPunch|Adamant||F|||50|]Sylveon||FairyFeather|Pixilate|Protect,QuickAttack,HyperVoice,HyperBeam|Modest||M|||50|]Farigiraf||SitrusBerry|ArmorTail|Protect,TrickRoom,HelpingHand,Psychic|Calm||F|||50|\n|showteam|p2|Farigiraf||SitrusBerry|ArmorTail|Psychic,HelpingHand,TrickRoom,Protect|Calm||F|||50|]Arcanine-Hisui||FocusSash|RockHead|FlareBlitz,ExtremeSpeed,HeadSmash,Protect|Jolly||F|||50|]Sylveon||FairyFeather|Pixilate|HyperVoice,HyperBeam,QuickAttack,Protect|Modest||F|||50|]Staraptor||Staraptite|Intimidate|DualWingbeat,CloseCombat,Tailwind,Protect|Jolly||F|||50|]Raichu||RaichuniteY|Static|FakeOut,ZapCannon,FocusBlast,Protect|Timid||M|||50|]Kingambit||LifeOrb|Defiant|KowtowCleave,SwordsDance,SuckerPunch,Protect|Adamant||M|||50|\n|inactive|Battle timer is ON: inactive players will automatically lose when time's up. (requested by metvgc)\n|inactive|reshiramvg has 60 seconds left.\n|\n|t:|1788351431\n|teamsize|p1|4\n|teamsize|p2|4\n|start\n|switch|p1a: Staraptor|Staraptor, L50, M|100/100\n|switch|p1b: Arcanine|Arcanine-Hisui, L50, F|100/100\n|switch|p2a: Raichu|Raichu, L50, M|100/100\n|switch|p2b: Arcanine|Arcanine-Hisui, L50, F|100/100\n|-ability|p1a: Staraptor|Intimidate|boost\n|-unboost|p2a: Raichu|atk|1\n|-unboost|p2b: Arcanine|atk|1\n|turn|1\n|l|☆reshiramvg\n|inactive|reshiramvg disconnected and has a minute to reconnect!\n|player|p2|\n|j|☆reshiramvg\n|inactive|reshiramvg reconnected and has 35 seconds left.\n|player|p2|reshiramvg|hilbert|\n|inactive|reshiramvg has 30 seconds left.\n|\n|t:|1788351464\n|switch|p1b: Raichu|Raichu, L50, M|100/100\n|detailschange|p2a: Raichu|Raichu-Mega-Y, L50, M\n|-mega|p2a: Raichu|Raichu|Raichunite Y\n|detailschange|p1a: Staraptor|Staraptor-Mega, L50, M\n|-mega|p1a: Staraptor|Staraptor|Staraptite\n|move|p2a: Raichu|Protect|p2a: Raichu\n|-singleturn|p2a: Raichu|Protect\n|move|p2b: Arcanine|Protect|p2b: Arcanine\n|-singleturn|p2b: Arcanine|Protect\n|move|p1a: Staraptor|Close Combat|p2a: Raichu\n|-activate|p2a: Raichu|move: Protect\n|\n|upkeep\n|turn|2\n|\n|t:|1788351485\n|switch|p2b: Farigiraf|Farigiraf, L50, F|100/100\n|move|p2a: Raichu|Zap Cannon|p1b: Raichu\n|-activate|p1b: Raichu|ability: Lightning Rod\n|-ability|p1b: Raichu|Lightning Rod|boost\n|-boost|p1b: Raichu|spa|1\n|move|p1a: Staraptor|Close Combat|p2a: Raichu\n|-damage|p2a: Raichu|5/100\n|-boost|p1a: Staraptor|def|1\n|-boost|p1a: Staraptor|spd|1\n|move|p1b: Raichu|Focus Blast|p2a: Raichu\n|-damage|p2a: Raichu|0 fnt\n|faint|p2a: Raichu\n|\n|upkeep\n|\n|t:|1788351502\n|switch|p2a: Sylveon|Sylveon, L50, F|100/100\n|turn|3\n|\n|t:|1788351510\n|move|p2a: Sylveon|Protect|p2a: Sylveon\n|-singleturn|p2a: Sylveon|Protect\n|move|p1a: Staraptor|Dual Wingbeat|p2b: Farigiraf\n|-damage|p2b: Farigiraf|83/100\n|-damage|p2b: Farigiraf|67/100\n|-hitcount|p2b: Farigiraf|2\n|move|p1b: Raichu|Zap Cannon|p2b: Farigiraf|[miss]\n|-miss|p1b: Raichu|p2b: Farigiraf\n|move|p2b: Farigiraf|Trick Room|p2b: Farigiraf\n|-fieldstart|move: Trick Room|[of] p2b: Farigiraf\n|\n|upkeep\n|turn|4\n|\n|t:|1788351525\n|move|p2b: Farigiraf|Helping Hand|p2a: Sylveon\n|-singleturn|p2a: Sylveon|Helping Hand|[of] p2b: Farigiraf\n|move|p2a: Sylveon|Hyper Voice|p1b: Raichu|[spread] p1a,p1b\n|-supereffective|p1a: Staraptor|1\n|-damage|p1a: Staraptor|0 fnt\n|-damage|p1b: Raichu|6/100\n|faint|p1a: Staraptor\n|move|p1b: Raichu|Zap Cannon|p2b: Farigiraf|[miss]\n|-miss|p1b: Raichu|p2b: Farigiraf\n|\n|upkeep\n|\n|t:|1788351531\n|switch|p1a: Sylveon|Sylveon, L50, M|100/100\n|turn|5\n|\n|t:|1788351539\n|move|p2b: Farigiraf|Helping Hand|p2a: Sylveon\n|-singleturn|p2a: Sylveon|Helping Hand|[of] p2b: Farigiraf\n|move|p2a: Sylveon|Hyper Voice|p1b: Raichu|[spread] p1a,p1b\n|-damage|p1a: Sylveon|49/100\n|-damage|p1b: Raichu|0 fnt\n|faint|p1b: Raichu\n|move|p1a: Sylveon|Hyper Voice|p2b: Farigiraf|[spread] p2a,p2b\n|-damage|p2a: Sylveon|63/100\n|-damage|p2b: Farigiraf|26/100\n|-enditem|p2b: Farigiraf|Sitrus Berry|[eat]\n|-heal|p2b: Farigiraf|51/100|[from] item: Sitrus Berry\n|\n|upkeep\n|\n|t:|1788351548\n|switch|p1b: Arcanine|Arcanine-Hisui, L50, F|100/100\n|turn|6\n|\n|t:|1788351558\n|move|p2b: Farigiraf|Helping Hand|p2a: Sylveon\n|-singleturn|p2a: Sylveon|Helping Hand|[of] p2b: Farigiraf\n|move|p1a: Sylveon|Protect|p1a: Sylveon\n|-singleturn|p1a: Sylveon|Protect\n|move|p2a: Sylveon|Hyper Voice|p1b: Arcanine|[spread] p1b\n|-activate|p1a: Sylveon|move: Protect\n|-resisted|p1b: Arcanine|1\n|-crit|p1b: Arcanine\n|-damage|p1b: Arcanine|32/100\n|move|p1b: Arcanine|Flare Blitz|p2a: Sylveon\n|-damage|p2a: Sylveon|0 fnt\n|faint|p2a: Sylveon\n|\n|upkeep\n|\n|t:|1788351573\n|switch|p2a: Arcanine|Arcanine-Hisui, L50, F|100/100\n|turn|7\n|\n|t:|1788351586\n|move|p2a: Arcanine|Extreme Speed|p1b: Arcanine\n|-resisted|p1b: Arcanine|1\n|-damage|p1b: Arcanine|17/100\n|move|p2b: Farigiraf|Psychic|p1b: Arcanine\n|-damage|p1b: Arcanine|0 fnt\n|faint|p1b: Arcanine\n|move|p1a: Sylveon|Hyper Voice|p2a: Arcanine|[spread] p2a,p2b\n|-resisted|p2a: Arcanine|1\n|-crit|p2b: Farigiraf\n|-damage|p2a: Arcanine|73/100\n|-damage|p2b: Farigiraf|0 fnt\n|faint|p2b: Farigiraf\n|\n|-fieldend|move: Trick Room\n|upkeep\n|turn|8\n|\n|t:|1788351596\n|move|p2a: Arcanine|Flare Blitz|p1a: Sylveon\n|-damage|p1a: Sylveon|0 fnt\n|faint|p1a: Sylveon\n|\n|win|reshiramvg\n|raw|metvgc's rating: 1220 &rarr; <strong>1201</strong><br />(-19 for losing)\n|raw|reshiramvg's rating: 1306 &rarr; <strong>1321</strong><br />(+15 for winning)\n","uploadtime":1788351599,"views":"1","formatid":"gen9championsvgc2026regmbbo3","rating":1201,"private":0,"password":null}