{"id":"gen9championsvgc2026regmbbo3-2673434865","format":"[Gen 9 Champions] VGC 2026 Reg M-B (Bo3)","players":["SuperOinge22","Pawah"],"log":"|j|☆SuperOinge22\n|j|☆Pawah\n|html|<table width=\"100%\"><tr><td align=\"left\">SuperOinge22</td><td align=\"right\">Pawah</tr><tr><td align=\"left\"><i class=\"fa fa-circle\"></i> <i class=\"fa fa-circle-o\"></i> </td><td align=\"right\"><i class=\"fa fa-circle-o\"></i> <i class=\"fa fa-circle\"></i> </tr></table>\n|uhtml|bestof|<h2><strong>Game 3</strong> of <a href=\"/game-bestof3-gen9championsvgc2026regmbbo3-2673431609\">a best-of-3</a></h2>\n|t:|1788197401\n|gametype|doubles\n|player|p1|SuperOinge22|mars|1210\n|player|p2|Pawah|ethan|1307\n|gen|9\n|tier|[Gen 9 Champions] VGC 2026 Reg M-B (Bo3)\n|rated|\n|rule|Species Clause: Limit one of each Pokémon\n|rule|Item Clause: Limit 1 of each item\n|clearpoke\n|poke|p1|Morpeko, L50, M|\n|poke|p1|Clefable, L50, F|\n|poke|p1|Garchomp, L50, F|\n|poke|p1|Orthworm, L50, M|\n|poke|p1|Scolipede, L50, M|\n|poke|p1|Rotom-Wash, L50|\n|poke|p2|Incineroar, L50, M|\n|poke|p2|Sinistcha, L50|\n|poke|p2|Floette-Eternal, L50, F|\n|poke|p2|Samurott-Hisui, L50, F|\n|poke|p2|Sneasler, L50, F|\n|poke|p2|Delphox, L50, M|\n|teampreview|4\n|showteam|p1|Morpeko||FocusSash|HungerSwitch|FakeOut,AuraWheel,KnockOff,Protect|Adamant||M|||50|]Clefable||Clefablite|CuteCharm|Moonblast,AirSlash,FollowMe,Protect|Modest||F|||50|]Garchomp||SoftSand|RoughSkin|Earthquake,ScaleShot,SwordsDance,Protect|Jolly||F|||50|]Orthworm||SitrusBerry|EarthEater|ShedTail,HeavySlam,BodyPress,StealthRock|Impish||M|||50|]Scolipede||Scolipite|SpeedBoost|GunkShot,LeechLife,SwordsDance,Protect|Jolly||M|||50|]Rotom-Wash||Leftovers|Levitate|Thunderbolt,HydroPump,WillOWisp,LightScreen|Bold|||||50|\n|showteam|p2|Incineroar||SitrusBerry|Intimidate|FlareBlitz,DarkestLariat,FakeOut,PartingShot|Careful||M|||50|]Sinistcha||OccaBerry|Hospitality|MatchaGotcha,LifeDew,RagePowder,Protect|Bold|||||50|]Floette-Eternal||Floettite|FlowerVeil|Protect,DazzlingGleam,Moonblast,CalmMind|Modest||F|||50|]Samurott-Hisui||ChoiceScarf|Sharpness|NightSlash,AquaCutter,SacredSword,FlipTurn|Jolly||F|||50|]Sneasler||FocusSash|PoisonTouch|PoisonJab,RockSlide,CloseCombat,FakeOut|Jolly||F|||50|]Delphox||Delphoxite|Blaze|HeatWave,Protect,Psychic,NastyPlot|Timid||M|||50|\n|inactive|Battle timer is ON: inactive players will automatically lose when time's up. (requested by SuperOinge22)\n|inactive|Pawah also wants the timer to be on.\n|inactive|SuperOinge22 has 60 seconds left.\n|\n|t:|1788197454\n|teamsize|p1|4\n|teamsize|p2|4\n|start\n|switch|p1a: Rotom|Rotom-Wash, L50|100/100\n|switch|p1b: Morpeko|Morpeko, L50, M|100/100\n|switch|p2a: Sneasler|Sneasler, L50, F|100/100\n|switch|p2b: Floette|Floette-Eternal, L50, F|100/100\n|turn|1\n|\n|t:|1788197464\n|switch|p1b: Scolipede|Scolipede, L50, M|100/100\n|detailschange|p2b: Floette|Floette-Mega, L50, F\n|-mega|p2b: Floette|Floette|Floettite\n|-ability|p2b: Floette|Fairy Aura\n|move|p2a: Sneasler|Fake Out|p1b: Scolipede\n|-damage|p1b: Scolipede|82/100\n|move|p2b: Floette|Calm Mind|p2b: Floette\n|-boost|p2b: Floette|spa|1\n|-boost|p2b: Floette|spd|1\n|move|p1a: Rotom|Will-O-Wisp|p2a: Sneasler\n|-status|p2a: Sneasler|brn\n|\n|-damage|p2a: Sneasler|94/100 brn|[from] brn\n|upkeep\n|turn|2\n|inactive|SuperOinge22 has 30 seconds left.\n|inactive|Pawah has 30 seconds left.\n|\n|t:|1788197497\n|move|p2b: Floette|Protect|p2b: Floette\n|-singleturn|p2b: Floette|Protect\n|move|p2a: Sneasler|Rock Slide|p1a: Rotom|[spread] p1a,p1b\n|-supereffective|p1b: Scolipede|1\n|-damage|p1a: Rotom|91/100\n|-damage|p1b: Scolipede|60/100\n|move|p1b: Scolipede|Swords Dance|p1b: Scolipede\n|-boost|p1b: Scolipede|atk|2\n|cant|p1a: Rotom|flinch\n|\n|-heal|p1a: Rotom|97/100|[from] item: Leftovers\n|-damage|p2a: Sneasler|88/100 brn|[from] brn\n|-ability|p1b: Scolipede|Speed Boost|boost\n|-boost|p1b: Scolipede|spe|1\n|upkeep\n|turn|3\n|\n|t:|1788197521\n|switch|p2a: Incineroar|Incineroar, L50, M|100/100\n|-ability|p2a: Incineroar|Intimidate|boost\n|-unboost|p1a: Rotom|atk|1\n|-unboost|p1b: Scolipede|atk|1\n|move|p1b: Scolipede|Gunk Shot|p2b: Floette\n|-supereffective|p2b: Floette|1\n|-damage|p2b: Floette|0 fnt\n|faint|p2b: Floette\n|move|p1a: Rotom|Hydro Pump|p2a: Incineroar|[miss]\n|-miss|p1a: Rotom|p2a: Incineroar\n|\n|-heal|p1a: Rotom|100/100|[from] item: Leftovers\n|-ability|p1b: Scolipede|Speed Boost|boost\n|-boost|p1b: Scolipede|spe|1\n|upkeep\n|\n|t:|1788197528\n|switch|p2b: Sneasler|Sneasler, L50, F|88/100 brn\n|turn|4\n|\n|t:|1788197538\n|switch|p1a: Garchomp|Garchomp, L50, F|100/100\n|move|p1b: Scolipede|Protect|p1b: Scolipede\n|-singleturn|p1b: Scolipede|Protect\n|move|p2b: Sneasler|Poison Jab|p1a: Garchomp\n|-resisted|p1a: Garchomp|1\n|-damage|p1a: Garchomp|90/100\n|-status|p1a: Garchomp|psn\n|-damage|p2b: Sneasler|76/100 brn|[from] ability: Rough Skin|[of] p1a: Garchomp\n|move|p2a: Incineroar|Flare Blitz|p1b: Scolipede\n|-activate|p1b: Scolipede|move: Protect\n|\n|-damage|p1a: Garchomp|78/100 psn|[from] psn\n|-damage|p2b: Sneasler|70/100 brn|[from] brn\n|-ability|p1b: Scolipede|Speed Boost|boost\n|-boost|p1b: Scolipede|spe|1\n|upkeep\n|turn|5\n|\n|t:|1788197553\n|switch|p2b: Sinistcha|Sinistcha, L50|100/100\n|detailschange|p1b: Scolipede|Scolipede-Mega, L50, M\n|-mega|p1b: Scolipede|Scolipede|Scolipite\n|move|p1b: Scolipede|Leech Life|p2a: Incineroar\n|-damage|p2a: Incineroar|44/100\n|-heal|p1b: Scolipede|94/100|[from] drain|[of] p2a: Incineroar\n|-enditem|p2a: Incineroar|Sitrus Berry|[eat]\n|-heal|p2a: Incineroar|69/100|[from] item: Sitrus Berry\n|move|p1a: Garchomp|Swords Dance|p1a: Garchomp\n|-boost|p1a: Garchomp|atk|2\n|move|p2a: Incineroar|Darkest Lariat|p1a: Garchomp\n|-damage|p1a: Garchomp|47/100 psn\n|-damage|p2a: Incineroar|56/100|[from] ability: Rough Skin|[of] p1a: Garchomp\n|\n|-damage|p1a: Garchomp|34/100 psn|[from] psn\n|upkeep\n|turn|6\n|\n|t:|1788197573\n|move|p1b: Scolipede|Leech Life|p2b: Sinistcha\n|-damage|p2b: Sinistcha|48/100\n|-heal|p1b: Scolipede|100/100|[from] drain|[of] p2b: Sinistcha\n|move|p1a: Garchomp|Scale Shot|p2b: Sinistcha\n|-damage|p2b: Sinistcha|28/100\n|-damage|p2b: Sinistcha|9/100\n|-damage|p2b: Sinistcha|0 fnt\n|faint|p2b: Sinistcha\n|-hitcount|p2: Sinistcha|3\n|-unboost|p1a: Garchomp|def|1\n|-boost|p1a: Garchomp|spe|1\n|move|p2a: Incineroar|Parting Shot|p1b: Scolipede\n|-unboost|p1b: Scolipede|atk|1\n|-unboost|p1b: Scolipede|spa|1\n|\n|t:|1788197581\n|switch|p2a: Sneasler|Sneasler, L50, F|70/100 brn|[from] Parting Shot\n|\n|-damage|p1a: Garchomp|22/100 psn|[from] psn\n|-damage|p2a: Sneasler|64/100 brn|[from] brn\n|upkeep\n|\n|t:|1788197583\n|switch|p2b: Incineroar|Incineroar, L50, M|56/100\n|-ability|p2b: Incineroar|Intimidate|boost\n|-unboost|p1a: Garchomp|atk|1\n|-unboost|p1b: Scolipede|atk|1\n|turn|7\n|\n|t:|1788197592\n|move|p1b: Scolipede|Protect|p1b: Scolipede\n|-singleturn|p1b: Scolipede|Protect\n|move|p2b: Incineroar|Fake Out|p1a: Garchomp\n|-damage|p1a: Garchomp|8/100 psn\n|-damage|p2b: Incineroar|44/100|[from] ability: Rough Skin|[of] p1a: Garchomp\n|cant|p1a: Garchomp|flinch\n|move|p2a: Sneasler|Rock Slide|p1a: Garchomp|[spread] p1a\n|-activate|p1b: Scolipede|move: Protect\n|-resisted|p1a: Garchomp|1\n|-damage|p1a: Garchomp|1/100 psn\n|\n|-damage|p1a: Garchomp|0 fnt|[from] psn\n|faint|p1a: Garchomp\n|-damage|p2a: Sneasler|58/100 brn|[from] brn\n|upkeep\n|\n|t:|1788197598\n|switch|p1a: Morpeko|Morpeko, L50, M|100/100\n|turn|8\n|\n|t:|1788197608\n|move|p1a: Morpeko|Fake Out|p2b: Incineroar\n|-damage|p2b: Incineroar|33/100\n|move|p1b: Scolipede|Swords Dance|p1b: Scolipede\n|-boost|p1b: Scolipede|atk|2\n|move|p2a: Sneasler|Close Combat|p1a: Morpeko\n|-supereffective|p1a: Morpeko|1\n|-enditem|p1a: Morpeko|Focus Sash\n|-damage|p1a: Morpeko|1/100\n|-unboost|p2a: Sneasler|def|1\n|-unboost|p2a: Sneasler|spd|1\n|cant|p2b: Incineroar|flinch\n|\n|-damage|p2a: Sneasler|53/100 brn|[from] brn\n|-formechange|p1a: Morpeko|Morpeko-Hangry|\n|upkeep\n|turn|9\n|\n|t:|1788197617\n|move|p1b: Scolipede|Protect|p1b: Scolipede\n|-singleturn|p1b: Scolipede|Protect\n|move|p1a: Morpeko|Protect|p1a: Morpeko\n|-singleturn|p1a: Morpeko|Protect\n|move|p2a: Sneasler|Rock Slide|p1b: Scolipede|[spread] \n|-activate|p1a: Morpeko|move: Protect\n|-activate|p1b: Scolipede|move: Protect\n|move|p2b: Incineroar|Flare Blitz|p1b: Scolipede\n|-activate|p1b: Scolipede|move: Protect\n|\n|-damage|p2a: Sneasler|47/100 brn|[from] brn\n|-formechange|p1a: Morpeko|Morpeko|\n|upkeep\n|turn|10\n|\n|t:|1788197628\n|move|p1b: Scolipede|Leech Life|p2a: Sneasler\n|-resisted|p2a: Sneasler|2\n|-damage|p2a: Sneasler|8/100 brn\n|move|p2a: Sneasler|Rock Slide|p1a: Morpeko|[spread] p1b\n|-miss|p2a: Sneasler|p1a: Morpeko\n|-supereffective|p1b: Scolipede|1\n|-damage|p1b: Scolipede|85/100\n|move|p1a: Morpeko|Aura Wheel|p2b: Incineroar\n|-damage|p2b: Incineroar|0 fnt\n|-boost|p1a: Morpeko|spe|1\n|faint|p2b: Incineroar\n|\n|-damage|p2a: Sneasler|3/100 brn|[from] brn\n|-formechange|p1a: Morpeko|Morpeko-Hangry|\n|upkeep\n|turn|11\n|-message|Pawah forfeited.\n|\n|win|SuperOinge22\n|raw|SuperOinge22's rating: 1210 &rarr; <strong>1242</strong><br />(+32 for winning)\n|raw|Pawah's rating: 1307 &rarr; <strong>1282</strong><br />(-25 for losing)\n","uploadtime":1788197635,"views":"0","formatid":"gen9championsvgc2026regmbbo3","rating":1242,"private":0,"password":null}