{"id":"gen9championsvgc2026regmb-2673996237","format":"[Gen 9 Champions] VGC 2026 Reg M-B","players":["Endoll","rmalhada"],"log":"|j|☆Endoll\n|j|☆rmalhada\n|t:|1788286225\n|gametype|doubles\n|player|p1|Endoll|102|1492\n|player|p2|rmalhada|blue|1436\n|gen|9\n|tier|[Gen 9 Champions] VGC 2026 Reg M-B\n|rated|\n|rule|Species Clause: Limit one of each Pokémon\n|rule|Item Clause: Limit 1 of each item\n|clearpoke\n|poke|p1|Dragonite, L50, M|\n|poke|p1|Toxapex, L50, M|\n|poke|p1|Blaziken, L50, M|\n|poke|p1|Kingambit, L50, M|\n|poke|p1|Froslass, L50, F|\n|poke|p1|Sneasler, L50, F|\n|poke|p2|Froslass, L50, F|\n|poke|p2|Scovillain, L50, M|\n|poke|p2|Kingambit, L50, F|\n|poke|p2|Basculegion, L50, M|\n|poke|p2|Sneasler, L50, F|\n|poke|p2|Lycanroc-Dusk, L50, F|\n|teampreview|4\n|inactive|Battle timer is ON: inactive players will automatically lose when time's up. (requested by Endoll)\n|inactive|rmalhada has 60 seconds left.\n|\n|t:|1788286285\n|teamsize|p1|4\n|teamsize|p2|4\n|start\n|switch|p1a: Blaziken|Blaziken, L50, M|100/100\n|switch|p1b: Sneasler|Sneasler, L50, F|100/100\n|switch|p2a: Scovillain|Scovillain, L50, M|100/100\n|switch|p2b: Sneasler|Sneasler, L50, F|100/100\n|turn|1\n|inactive|rmalhada has 30 seconds left.\n|inactive|rmalhada has 20 seconds left.\n|\n|t:|1788286324\n|switch|p2a: Lycanroc|Lycanroc-Dusk, L50, F|100/100\n|detailschange|p1a: Blaziken|Blaziken-Mega, L50, M\n|-mega|p1a: Blaziken|Blaziken|Blazikenite\n|move|p2b: Sneasler|Protect|p2b: Sneasler\n|-singleturn|p2b: Sneasler|Protect\n|move|p1b: Sneasler|Fake Out|p2b: Sneasler\n|-activate|p2b: Sneasler|move: Protect\n|move|p1a: Blaziken|Rock Slide|p2a: Lycanroc|[spread] p2a\n|-activate|p2b: Sneasler|move: Protect\n|-damage|p2a: Lycanroc|57/100\n|\n|-ability|p1a: Blaziken|Speed Boost|boost\n|-boost|p1a: Blaziken|spe|1\n|upkeep\n|turn|2\n|inactive|Endoll has 30 seconds left.\n|inactive|rmalhada has 30 seconds left.\n|inactive|rmalhada has 20 seconds left.\n|inactive|rmalhada has 15 seconds left.\n|\n|t:|1788286369\n|switch|p2a: Basculegion|Basculegion, L50, M|100/100\n|move|p1a: Blaziken|Flare Blitz|p2b: Sneasler\n|-damage|p2b: Sneasler|0 fnt\n|faint|p2b: Sneasler\n|-damage|p1a: Blaziken|68/100|[from] Recoil\n|move|p1b: Sneasler|Close Combat|p2a: Basculegion\n|-immune|p2a: Basculegion\n|\n|-ability|p1a: Blaziken|Speed Boost|boost\n|-boost|p1a: Blaziken|spe|1\n|upkeep\n|\n|t:|1788286385\n|switch|p2b: Lycanroc|Lycanroc-Dusk, L50, F|57/100\n|turn|3\n|\n|t:|1788286399\n|move|p1a: Blaziken|Detect|p1a: Blaziken\n|-singleturn|p1a: Blaziken|Protect\n|move|p2a: Basculegion|Aqua Jet|p1a: Blaziken\n|-activate|p1a: Blaziken|move: Protect\n|move|p1b: Sneasler|Poison Jab|p2a: Basculegion\n|-resisted|p2a: Basculegion|1\n|-damage|p2a: Basculegion|77/100\n|move|p2b: Lycanroc|Rock Slide|p1b: Sneasler|[spread] p1b\n|-activate|p1a: Blaziken|move: Protect\n|-resisted|p1b: Sneasler|1\n|-damage|p1b: Sneasler|76/100\n|\n|-ability|p1a: Blaziken|Speed Boost|boost\n|-boost|p1a: Blaziken|spe|1\n|upkeep\n|turn|4\n|inactive|rmalhada has 30 seconds left.\n|\n|t:|1788286426\n|switch|p1a: Dragonite|Dragonite, L50, M|100/100\n|move|p2b: Lycanroc|Accelerock|p1b: Sneasler\n|-resisted|p1b: Sneasler|1\n|-crit|p1b: Sneasler\n|-damage|p1b: Sneasler|42/100\n|move|p2a: Basculegion|Aqua Jet|p1b: Sneasler\n|-damage|p1b: Sneasler|0 fnt\n|faint|p1b: Sneasler\n|-damage|p2a: Basculegion|67/100|[from] item: Life Orb\n|\n|upkeep\n|\n|t:|1788286437\n|switch|p1b: Kingambit|Kingambit, L50, M|100/100\n|turn|5\n|\n|t:|1788286450\n|move|p2a: Basculegion|Protect|p2a: Basculegion\n|-singleturn|p2a: Basculegion|Protect\n|move|p2b: Lycanroc|Close Combat|p1b: Kingambit\n|-supereffective|p1b: Kingambit|2\n|-damage|p1b: Kingambit|0 fnt\n|-unboost|p2b: Lycanroc|def|1\n|-unboost|p2b: Lycanroc|spd|1\n|faint|p1b: Kingambit\n|move|p1a: Dragonite|Dragon Claw|p2b: Lycanroc\n|-damage|p2b: Lycanroc|0 fnt\n|faint|p2b: Lycanroc\n|-damage|p1a: Dragonite|90/100|[from] item: Life Orb\n|\n|upkeep\n|\n|t:|1788286462\n|switch|p2b: Scovillain|Scovillain, L50, M|100/100\n|switch|p1b: Blaziken|Blaziken-Mega, L50, M|68/100\n|turn|6\n|inactive|rmalhada has 30 seconds left.\n|inactive|Endoll has 30 seconds left.\n|inactive|rmalhada has 20 seconds left.\n|\n|t:|1788286499\n|detailschange|p2b: Scovillain|Scovillain-Mega, L50, M\n|-mega|p2b: Scovillain|Scovillain|Scovillainite\n|move|p2b: Scovillain|Rage Powder|p2b: Scovillain\n|-singleturn|p2b: Scovillain|move: Rage Powder\n|move|p2a: Basculegion|Aqua Jet|p1b: Blaziken\n|-supereffective|p1b: Blaziken|1\n|-damage|p1b: Blaziken|0 fnt\n|faint|p1b: Blaziken\n|-damage|p2a: Basculegion|58/100|[from] item: Life Orb\n|move|p1a: Dragonite|Dragon Claw|p2b: Scovillain\n|-damage|p2b: Scovillain|47/100\n|-status|p1a: Dragonite|brn|[from] ability: Spicy Spray|[of] p2b: Scovillain\n|-damage|p1a: Dragonite|80/100 brn|[from] item: Life Orb\n|\n|-damage|p1a: Dragonite|74/100 brn|[from] brn\n|upkeep\n|turn|7\n|\n|t:|1788286523\n|move|p1a: Dragonite|Extreme Speed|p2a: Basculegion\n|-immune|p2a: Basculegion\n|move|p2b: Scovillain|Rage Powder|p2b: Scovillain\n|-singleturn|p2b: Scovillain|move: Rage Powder\n|move|p2a: Basculegion|Last Respects|p1a: Dragonite\n|-damage|p1a: Dragonite|0 fnt\n|faint|p1a: Dragonite\n|-damage|p2a: Basculegion|48/100|[from] item: Life Orb\n|\n|win|rmalhada\n|raw|Endoll's rating: 1492 &rarr; <strong>1469</strong><br />(-23 for losing)\n|raw|rmalhada's rating: 1436 &rarr; <strong>1459</strong><br />(+23 for winning)\n|l|☆Endoll\n|player|p1|\n","uploadtime":1788286537,"views":"1","formatid":"gen9championsvgc2026regmb","rating":1459,"private":0,"password":null}