{"id":"gen9championsvgc2026regmb-2674738875","format":"[Gen 9 Champions] VGC 2026 Reg M-B","players":["asdfpilot","zomemrok"],"log":"|j|☆asdfpilot\n|j|☆zomemrok\n|html|<table width=\"100%\"><tr><td align=\"left\">asdfpilot</td><td align=\"right\">zomemrok</tr><tr><td align=\"left\"><i class=\"fa fa-circle-o\"></i> <i class=\"fa fa-circle-o\"></i> </td><td align=\"right\"><i class=\"fa fa-circle-o\"></i> <i class=\"fa fa-circle\"></i> </tr></table>\n|uhtml|bestof|<h2><strong>Game 2</strong> of <a href=\"/game-bestof3-gen9championsvgc2026regmb-2674736069\">a best-of-3</a></h2>\n|t:|1788398574\n|gametype|doubles\n|player|p1|asdfpilot|101|\n|player|p2|zomemrok|clown|\n|gen|9\n|tier|[Gen 9 Champions] VGC 2026 Reg M-B\n|rule|Species Clause: Limit one of each Pokémon\n|rule|Item Clause: Limit 1 of each item\n|raw|<div class=\"infobox\"><details class=\"readmore\" open><summary><strong>1 custom rule:</strong></summary> Best of = 3</details></div>\n|clearpoke\n|poke|p1|Archaludon, L50, F|\n|poke|p1|Sableye, L50, M|\n|poke|p1|Dragonite, L50, F|\n|poke|p1|Pelipper, L50, F|\n|poke|p1|Lycanroc-Dusk, L50, M|\n|poke|p1|Swampert, L50, F|\n|poke|p2|Metagross, L50, shiny|\n|poke|p2|Sylveon, L50, F, shiny|\n|poke|p2|Manectric, L50, F, shiny|\n|poke|p2|Talonflame, L50, F|\n|poke|p2|Zoroark-Hisui, L50, F|\n|poke|p2|Hydreigon, L50, F|\n|teampreview|4\n|j| pokemonomekop\nzomemrok rejected open team sheets.\n|inactive|Battle timer is ON: inactive players will automatically lose when time's up. (requested by zomemrok)\n|inactive|asdfpilot has 60 seconds left.\n|\n|t:|1788398664\n|teamsize|p1|4\n|teamsize|p2|4\n|start\n|switch|p1a: Lycanroc|Lycanroc-Dusk, L50, M|100/100\n|switch|p1b: Dragonite|Dragonite, L50, F|100/100\n|switch|p2a: 張り切っていこう!|Talonflame, L50, F|100/100\n|switch|p2b: バクシンバクシンバクシン バクシン|Manectric, L50, F, shiny|100/100\n|turn|1\n|inactive|asdfpilot has 30 seconds left.\n|\n|t:|1788398695\n|switch|p1b: Pelipper|Pelipper, L50, F|100/100\n|-weather|RainDance|[from] ability: Drizzle|[of] p1b: Pelipper\n|move|p2a: 張り切っていこう!|Tailwind|p2a: 張り切っていこう!\n|-sidestart|p2: zomemrok|move: Tailwind\n|move|p2b: バクシンバクシンバクシン バクシン|Volt Switch|p1b: Pelipper\n|-supereffective|p1b: Pelipper|2\n|-enditem|p1b: Pelipper|Focus Sash\n|-damage|p1b: Pelipper|1/100\n|\n|t:|1788398713\n|switch|p2b: テイオーテイオーテイオーテイオー|Hydreigon, L50, F|100/100|[from] Volt Switch\n|move|p1a: Lycanroc|Close Combat|p2b: テイオーテイオーテイオーテイオー\n|-supereffective|p2b: テイオーテイオーテイオーテイオー|1\n|-damage|p2b: テイオーテイオーテイオーテイオー|0 fnt\n|-unboost|p1a: Lycanroc|def|1\n|-unboost|p1a: Lycanroc|spd|1\n|faint|p2b: テイオーテイオーテイオーテイオー\n|-damage|p1a: Lycanroc|90/100|[from] item: Life Orb\n|\n|-weather|RainDance|[upkeep]\n|upkeep\n|\n|t:|1788398725\n|switch|p2b: バクシンバクシンバクシン バクシン|Manectric, L50, F, shiny|100/100\n|turn|2\n|inactive|asdfpilot has 30 seconds left.\n|inactive|zomemrok has 30 seconds left.\n|inactive|asdfpilot has 20 seconds left.\n|inactive|asdfpilot has 15 seconds left.\n|inactive|asdfpilot has 10 seconds left.\n|inactive|asdfpilot has 5 seconds left.\n|\n|t:|1788398776\n|switch|p1a: Archaludon|Archaludon, L50, F|100/100\n|move|p2a: 張り切っていこう!|Upper Hand||[still]\n|-fail|p2a: 張り切っていこう!\n|move|p2b: バクシンバクシンバクシン バクシン|Volt Switch|p1b: Pelipper\n|-supereffective|p1b: Pelipper|2\n|-damage|p1b: Pelipper|0 fnt\n|faint|p1b: Pelipper\n|\n|t:|1788398787\n|switch|p2b: これが諦めないってことだトカイテイオ|Metagross, L50, shiny|100/100|[from] Volt Switch\n|\n|-weather|RainDance|[upkeep]\n|upkeep\n|\n|t:|1788398808\n|switch|p1b: Lycanroc|Lycanroc-Dusk, L50, M|90/100\n|turn|3\n|inactive|asdfpilot has 30 seconds left.\n|inactive|zomemrok has 30 seconds left.\n|inactive|asdfpilot has 20 seconds left.\n|inactive|zomemrok has 20 seconds left.\n|\n|t:|1788398847\n|move|p2a: 張り切っていこう!|Protect|p2a: 張り切っていこう!\n|-singleturn|p2a: 張り切っていこう!|Protect\n|move|p2b: これが諦めないってことだトカイテイオ|Protect|p2b: これが諦めないってことだトカイテイオ\n|-singleturn|p2b: これが諦めないってことだトカイテイオ|Protect\n|move|p1b: Lycanroc|Rock Slide|p2b: これが諦めないってことだトカイテイオ|[spread] \n|-activate|p2a: 張り切っていこう!|move: Protect\n|-activate|p2b: これが諦めないってことだトカイテイオ|move: Protect\n|move|p1a: Archaludon|Dragon Pulse|p2a: 張り切っていこう!\n|-activate|p2a: 張り切っていこう!|move: Protect\n|\n|-weather|RainDance|[upkeep]\n|upkeep\n|turn|4\n|inactive|asdfpilot has 30 seconds left.\n|inactive|zomemrok has 30 seconds left.\n|\n|t:|1788398880\n|switch|p1b: Dragonite|Dragonite, L50, F|100/100\n|detailschange|p2b: これが諦めないってことだトカイテイオ|Metagross-Mega, L50, shiny\n|-mega|p2b: これが諦めないってことだトカイテイオ|Metagross|Metagrossite\n|move|p2a: 張り切っていこう!|Brave Bird|p1a: Archaludon\n|-resisted|p1a: Archaludon|1\n|-damage|p1a: Archaludon|77/100\n|-ability|p1a: Archaludon|Stamina|boost\n|-boost|p1a: Archaludon|def|1\n|-damage|p2a: 張り切っていこう!|92/100|[from] Recoil\n|move|p2b: これが諦めないってことだトカイテイオ|Earthquake|p1b: Dragonite|[spread] p1a\n|-immune|p2a: 張り切っていこう!\n|-immune|p1b: Dragonite\n|-supereffective|p1a: Archaludon|1\n|-damage|p1a: Archaludon|45/100\n|-ability|p1a: Archaludon|Stamina|boost\n|-boost|p1a: Archaludon|def|1\n|move|p1a: Archaludon|Electro Shot||[still]\n|-prepare|p1a: Archaludon|Electro Shot\n|-boost|p1a: Archaludon|spa|1\n|-anim|p1a: Archaludon|Electro Shot|p2a: 張り切っていこう!\n|-supereffective|p2a: 張り切っていこう!|1\n|-damage|p2a: 張り切っていこう!|0 fnt\n|faint|p2a: 張り切っていこう!\n|\n|-weather|RainDance|[upkeep]\n|-heal|p1a: Archaludon|51/100|[from] item: Leftovers\n|-sideend|p2: zomemrok|move: Tailwind\n|upkeep\n|\n|t:|1788398903\n|switch|p2a: バクシンバクシンバクシン バクシン|Manectric, L50, F, shiny|100/100\n|turn|5\n|inactive|asdfpilot has 30 seconds left.\n|inactive|asdfpilot has 20 seconds left.\n|inactive|asdfpilot has 15 seconds left.\n|\n|t:|1788398948\n|detailschange|p1b: Dragonite|Dragonite-Mega, L50, F\n|-mega|p1b: Dragonite|Dragonite|Dragoninite\n|move|p1b: Dragonite|Protect|p1b: Dragonite\n|-singleturn|p1b: Dragonite|Protect\n|move|p1a: Archaludon|Protect|p1a: Archaludon\n|-singleturn|p1a: Archaludon|Protect\n|move|p2a: バクシンバクシンバクシン バクシン|Snarl|p1a: Archaludon|[spread] \n|-activate|p1a: Archaludon|move: Protect\n|-activate|p1b: Dragonite|move: Protect\n|move|p2b: これが諦めないってことだトカイテイオ|Grass Knot|p1a: Archaludon\n|-activate|p1a: Archaludon|move: Protect\n|\n|-weather|none\n|-heal|p1a: Archaludon|57/100|[from] item: Leftovers\n|upkeep\n|turn|6\n|inactive|zomemrok has 30 seconds left.\n|inactive|zomemrok has 20 seconds left.\n|\n|t:|1788398986\n|move|p2a: バクシンバクシンバクシン バクシン|Protect|p2a: バクシンバクシンバクシン バクシン\n|-singleturn|p2a: バクシンバクシンバクシン バクシン|Protect\n|move|p2b: これが諦めないってことだトカイテイオ|Protect|p2b: これが諦めないってことだトカイテイオ\n|-singleturn|p2b: これが諦めないってことだトカイテイオ|Protect\n|move|p1b: Dragonite|Flamethrower|p2b: これが諦めないってことだトカイテイオ\n|-activate|p2b: これが諦めないってことだトカイテイオ|move: Protect\n|move|p1a: Archaludon|Dragon Pulse|p2a: バクシンバクシンバクシン バクシン\n|-activate|p2a: バクシンバクシンバクシン バクシン|move: Protect\n|\n|-heal|p1a: Archaludon|63/100|[from] item: Leftovers\n|upkeep\n|turn|7\n|\n|t:|1788399004\n|move|p2a: バクシンバクシンバクシン バクシン|Snarl|p1a: Archaludon|[spread] p1a,p1b\n|-damage|p1a: Archaludon|45/100\n|-damage|p1b: Dragonite|94/100\n|-unboost|p1a: Archaludon|spa|1\n|-unboost|p1b: Dragonite|spa|1\n|-ability|p1a: Archaludon|Stamina|boost\n|-boost|p1a: Archaludon|def|1\n|move|p2b: これが諦めないってことだトカイテイオ|Grass Knot|p1a: Archaludon\n|-resisted|p1a: Archaludon|2\n|-damage|p1a: Archaludon|35/100\n|-ability|p1a: Archaludon|Stamina|boost\n|-boost|p1a: Archaludon|def|1\n|move|p1b: Dragonite|Flamethrower|p2b: これが諦めないってことだトカイテイオ\n|-supereffective|p2b: これが諦めないってことだトカイテイオ|1\n|-damage|p2b: これが諦めないってことだトカイテイオ|45/100\n|move|p1a: Archaludon|Dragon Pulse|p2a: バクシンバクシンバクシン バクシン\n|-damage|p2a: バクシンバクシンバクシン バクシン|18/100\n|\n|-heal|p1a: Archaludon|41/100|[from] item: Leftovers\n|upkeep\n|turn|8\n|inactive|asdfpilot has 30 seconds left.\n|inactive|zomemrok has 30 seconds left.\n|\n|t:|1788399034\n|move|p2b: これが諦めないってことだトカイテイオ|Protect|p2b: これが諦めないってことだトカイテイオ\n|-singleturn|p2b: これが諦めないってことだトカイテイオ|Protect\n|move|p2a: バクシンバクシンバクシン バクシン|Snarl|p1b: Dragonite|[spread] p1a,p1b\n|-crit|p1b: Dragonite\n|-damage|p1a: Archaludon|24/100\n|-damage|p1b: Dragonite|76/100\n|-unboost|p1a: Archaludon|spa|1\n|-unboost|p1b: Dragonite|spa|1\n|-ability|p1a: Archaludon|Stamina|boost\n|-boost|p1a: Archaludon|def|1\n|move|p1b: Dragonite|Flamethrower|p2b: これが諦めないってことだトカイテイオ\n|-activate|p2b: これが諦めないってことだトカイテイオ|move: Protect\n|move|p1a: Archaludon|Dragon Pulse|p2a: バクシンバクシンバクシン バクシン\n|-damage|p2a: バクシンバクシンバクシン バクシン|0 fnt\n|faint|p2a: バクシンバクシンバクシン バクシン\n|\n|-heal|p1a: Archaludon|30/100|[from] item: Leftovers\n|upkeep\n|turn|9\n|\n|t:|1788399054\n|move|p2b: これが諦めないってことだトカイテイオ|Earthquake|p1b: Dragonite|[spread] p1a\n|-immune|p1b: Dragonite\n|-supereffective|p1a: Archaludon|1\n|-damage|p1a: Archaludon|16/100\n|-ability|p1a: Archaludon|Stamina|boost\n|-boost|p1a: Archaludon|def|1\n|move|p1b: Dragonite|Flamethrower|p2b: これが諦めないってことだトカイテイオ\n|-supereffective|p2b: これが諦めないってことだトカイテイオ|1\n|-damage|p2b: これが諦めないってことだトカイテイオ|3/100\n|move|p1a: Archaludon|Dragon Pulse|p2b: これが諦めないってことだトカイテイオ\n|-resisted|p2b: これが諦めないってことだトカイテイオ|1\n|-damage|p2b: これが諦めないってことだトカイテイオ|0 fnt\n|faint|p2b: これが諦めないってことだトカイテイオ\n|\n|win|asdfpilot\n|inactive|asdfpilot has 30 seconds to confirm battle start!\n|inactive|zomemrok has 30 seconds to confirm battle start!\n||asdfpilot is ready for game 3.\n||zomemrok is ready for game 3.\n|uhtml|next|Next: <a href=\"/battle-gen9championsvgc2026regmb-2674741988\"><strong>Game 3 of 3</strong></a>\n|l| pokemonomekop\n","uploadtime":1788399520,"views":"3","formatid":"gen9championsvgc2026regmb","rating":null,"private":0,"password":null}