{"id":"gen9championsvgc2026regmbbo3-2674153355","format":"[Gen 9 Champions] VGC 2026 Reg M-B (Bo3)","players":["kushida3416","ArielcitoTeDetona"],"log":"|j|☆kushida3416\n|j|☆ArielcitoTeDetona\n|html|<table width=\"100%\"><tr><td align=\"left\">kushida3416</td><td align=\"right\">ArielcitoTeDetona</tr><tr><td align=\"left\"><i class=\"fa fa-circle-o\"></i> <i class=\"fa fa-circle-o\"></i> </td><td align=\"right\"><i class=\"fa fa-circle-o\"></i> <i class=\"fa fa-circle-o\"></i> </tr></table>\n|uhtml|bestof|<h2><strong>Game 1</strong> of <a href=\"/game-bestof3-gen9championsvgc2026regmbbo3-2674153354\">a best-of-3</a></h2>\n|t:|1788307088\n|gametype|doubles\n|player|p1|kushida3416|1|1149\n|player|p2|ArielcitoTeDetona|101|1165\n|gen|9\n|tier|[Gen 9 Champions] VGC 2026 Reg M-B (Bo3)\n|rated|\n|rule|Species Clause: Limit one of each Pokémon\n|rule|Item Clause: Limit 1 of each item\n|clearpoke\n|poke|p1|Froslass, L50, F|\n|poke|p1|Sneasler, L50, F|\n|poke|p1|Basculegion, L50, M|\n|poke|p1|Dragonite, L50, M|\n|poke|p1|Garchomp, L50, M|\n|poke|p1|Kingambit, L50, F|\n|poke|p2|Charizard, L50, F|\n|poke|p2|Incineroar, L50, M|\n|poke|p2|Venusaur, L50, F|\n|poke|p2|Garchomp, L50, F|\n|poke|p2|Sylveon, L50, M|\n|poke|p2|Annihilape, L50, M, shiny|\n|teampreview|4\n|showteam|p1|Froslass||Froslassite|CursedBody|Blizzard,ShadowBall,AuroraVeil,Protect|Modest||F|||50|]Sneasler||FocusSash|Unburden|FakeOut,CloseCombat,DireClaw,Feint|Jolly||F|||50|]Basculegion||MysticWater|Adaptability|WaveCrash,AquaJet,LastRespects,Protect|Adamant||M|||50|]Dragonite||Dragoninite|Multiscale|DragonPulse,HeatWave,Tailwind,Protect|Modest||M|||50|]Garchomp||RoseliBerry|RoughSkin|Earthquake,DragonClaw,RockSlide,PoisonJab|Jolly||M|||50|]Kingambit||ChopleBerry|Defiant|KowtowCleave,SuckerPunch,IronHead,LowKick|Adamant||F|||50|\n|showteam|p2|Charizard||CharizarditeY|Blaze|WeatherBall,HeatWave,AncientPower,Protect|Modest||F|||50|]Incineroar||SitrusBerry|Intimidate|FakeOut,FlareBlitz,DarkestLariat,PartingShot|Impish||M|||50|]Venusaur||LifeOrb|Chlorophyll|LeafStorm,SludgeBomb,EarthPower,Protect|Modest||F|||50|]Garchomp||ChoiceScarf|RoughSkin|Earthquake,DragonClaw,RockSlide,StompingTantrum|Adamant||F|||50|]Sylveon||FairyFeather|Pixilate|HyperVoice,Yawn,QuickAttack,Detect|Modest||M|||50|]Annihilape||FocusSash|Defiant|CloseCombat,RageFist,RockTomb,Protect|Jolly||M|||50|\n|\n|t:|1788307140\n|teamsize|p1|4\n|teamsize|p2|4\n|start\n|switch|p1a: Froslass|Froslass, L50, F|100/100\n|switch|p1b: Sneasler|Sneasler, L50, F|100/100\n|switch|p2a: Sylveon|Sylveon, L50, M|100/100\n|switch|p2b: Garchomp|Garchomp, L50, F|100/100\n|turn|1\n|\n|t:|1788307190\n|switch|p2b: Charizard|Charizard, L50, F|100/100\n|detailschange|p1a: Froslass|Froslass-Mega, L50, F\n|-mega|p1a: Froslass|Froslass|Froslassite\n|-weather|Snowscape|[from] ability: Snow Warning|[of] p1a: Froslass\n|move|p2a: Sylveon|Detect|p2a: Sylveon\n|-singleturn|p2a: Sylveon|Protect\n|move|p1b: Sneasler|Fake Out|p2a: Sylveon\n|-activate|p2a: Sylveon|move: Protect\n|move|p1a: Froslass|Blizzard|p2b: Charizard|[spread] p2b\n|-activate|p2a: Sylveon|move: Protect\n|-damage|p2b: Charizard|45/100\n|\n|-weather|Snowscape|[upkeep]\n|upkeep\n|turn|2\n|\n|t:|1788307214\n|switch|p1a: Basculegion|Basculegion, L50, M|100/100\n|detailschange|p2b: Charizard|Charizard-Mega-Y, L50, F\n|-mega|p2b: Charizard|Charizard|Charizardite Y\n|-weather|SunnyDay|[from] ability: Drought|[of] p2b: Charizard\n|move|p1b: Sneasler|Dire Claw|p2b: Charizard\n|-damage|p2b: Charizard|3/100\n|move|p2b: Charizard|Weather Ball|p1a: Basculegion\n|-resisted|p1a: Basculegion|1\n|-damage|p1a: Basculegion|56/100\n|move|p2a: Sylveon|Yawn|p1b: Sneasler\n|-start|p1b: Sneasler|move: Yawn|[of] p2a: Sylveon\n|\n|-weather|SunnyDay|[upkeep]\n|upkeep\n|turn|3\n|\n|t:|1788307253\n|move|p2b: Charizard|Protect|p2b: Charizard\n|-singleturn|p2b: Charizard|Protect\n|move|p2a: Sylveon|Detect|p2a: Sylveon\n|-singleturn|p2a: Sylveon|Protect\n|move|p1a: Basculegion|Aqua Jet|p2b: Charizard\n|-activate|p2b: Charizard|move: Protect\n|move|p1b: Sneasler|Dire Claw|p2a: Sylveon\n|-activate|p2a: Sylveon|move: Protect\n|\n|-weather|SunnyDay|[upkeep]\n|-end|p1b: Sneasler|move: Yawn|[silent]\n|-status|p1b: Sneasler|slp\n|upkeep\n|turn|4\n|\n|t:|1788307270\n|switch|p2b: Venusaur|Venusaur, L50, F|100/100\n|move|p1a: Basculegion|Aqua Jet|p2b: Venusaur\n|-resisted|p2b: Venusaur|1\n|-crit|p2b: Venusaur\n|-damage|p2b: Venusaur|84/100\n|cant|p1b: Sneasler|slp\n|move|p2a: Sylveon|Hyper Voice|p1a: Basculegion|[spread] p1a,p1b\n|-damage|p1a: Basculegion|16/100\n|-damage|p1b: Sneasler|44/100 slp\n|\n|-weather|SunnyDay|[upkeep]\n|upkeep\n|turn|5\n|\n|t:|1788307291\n|move|p1a: Basculegion|Protect|p1a: Basculegion\n|-singleturn|p1a: Basculegion|Protect\n|move|p2b: Venusaur|Earth Power|p1b: Sneasler\n|-supereffective|p1b: Sneasler|1\n|-damage|p1b: Sneasler|0 fnt\n|faint|p1b: Sneasler\n|-damage|p2b: Venusaur|75/100|[from] item: Life Orb\n|move|p2a: Sylveon|Hyper Voice|p1a: Basculegion\n|-activate|p1a: Basculegion|move: Protect\n|\n|-weather|SunnyDay|[upkeep]\n|upkeep\n|\n|t:|1788307303\n|switch|p1b: Kingambit|Kingambit, L50, F|100/100\n|turn|6\n|\n|t:|1788307329\n|switch|p1a: Froslass|Froslass-Mega, L50, F|100/100\n|-weather|Snowscape|[from] ability: Snow Warning|[of] p1a: Froslass\n|switch|p2a: Garchomp|Garchomp, L50, F|100/100\n|move|p1b: Kingambit|Sucker Punch|p2b: Venusaur\n|-damage|p2b: Venusaur|23/100\n|move|p2b: Venusaur|Earth Power|p1a: Froslass\n|-damage|p1a: Froslass|55/100\n|-damage|p2b: Venusaur|14/100|[from] item: Life Orb\n|\n|-weather|Snowscape|[upkeep]\n|upkeep\n|turn|7\n|\n|t:|1788307348\n|switch|p2b: Charizard|Charizard-Mega-Y, L50, F|3/100\n|-weather|SunnyDay|[from] ability: Drought|[of] p2b: Charizard\n|move|p1b: Kingambit|Sucker Punch||[still]\n|-fail|p1b: Kingambit\n|move|p2a: Garchomp|Earthquake|p1a: Froslass|[spread] p1a,p1b\n|-immune|p2b: Charizard\n|-supereffective|p1b: Kingambit|1\n|-damage|p1a: Froslass|0 fnt\n|-damage|p1b: Kingambit|36/100\n|faint|p1a: Froslass\n|\n|-weather|SunnyDay|[upkeep]\n|upkeep\n|-message|kushida3416 forfeited.\n|\n|win|ArielcitoTeDetona\n|l|☆kushida3416\n|player|p1|\n||kushida3416 is ready for game 2.\n||ArielcitoTeDetona is ready for game 2.\n|uhtml|next|Next: <a href=\"/battle-gen9championsvgc2026regmbbo3-2674155189\"><strong>Game 2 of 3</strong></a>\n","uploadtime":1788307361,"views":"1","formatid":"gen9championsvgc2026regmbbo3","rating":null,"private":0,"password":null}