{"id":"gen9championsvgc2026regmbbo3-2674668248","format":"[Gen 9 Champions] VGC 2026 Reg M-B (Bo3)","players":["314478A","tobi234"],"log":"|j|☆314478A\n|j|☆tobi234\n|html|<table width=\"100%\"><tr><td align=\"left\">314478A</td><td align=\"right\">tobi234</tr><tr><td align=\"left\"><i class=\"fa fa-circle-o\"></i> <i class=\"fa fa-circle-o\"></i> </td><td align=\"right\"><i class=\"fa fa-circle-o\"></i> <i class=\"fa fa-circle\"></i> </tr></table>\n|uhtml|bestof|<h2><strong>Game 2</strong> of <a href=\"/game-bestof3-gen9championsvgc2026regmbbo3-2674667022\">a best-of-3</a></h2>\n|t:|1788387717\n|gametype|doubles\n|player|p1|314478A|aromalady|1000\n|player|p2|tobi234|clown|1000\n|gen|9\n|tier|[Gen 9 Champions] VGC 2026 Reg M-B (Bo3)\n|rated|\n|rule|Species Clause: Limit one of each Pokémon\n|rule|Item Clause: Limit 1 of each item\n|clearpoke\n|poke|p1|Raichu, L50, F|\n|poke|p1|Basculegion, L50, M|\n|poke|p1|Incineroar, L50, F|\n|poke|p1|Beedrill, L50, F|\n|poke|p1|Sinistcha, L50|\n|poke|p1|Sneasler, L50, F|\n|poke|p2|Camerupt, L50, M|\n|poke|p2|Sinistcha, L50|\n|poke|p2|Palafin, L50, F|\n|poke|p2|Gengar, L50, F|\n|poke|p2|Grimmsnarl, L50, M|\n|poke|p2|Hydreigon, L50, F|\n|teampreview|4\n|showteam|p1|Raichu||RaichuniteY|Static|VoltSwitch,FakeOut,ZapCannon,Protect|Bold||F|||50|]Basculegion||FocusSash|Adaptability|WaveCrash,FlipTurn,LastRespects,Protect|Lonely||M|||50|]Incineroar||ExpertBelt|Intimidate|FakeOut,FlareBlitz,DarkestLariat,PartingShot|Careful||F|||50|]Beedrill||Beedrillite|Sniper|Uturn,PoisonJab,ToxicSpikes,Protect|Lonely||F|||50|]Sinistcha||KasibBerry|Hospitality|MatchaGotcha,PainSplit,RagePowder,Protect|Bold|||||50|]Sneasler||MentalHerb|Unburden|CloseCombat,DireClaw,FakeOut,Protect|Adamant||F|||50|\n|showteam|p2|Camerupt||Cameruptite|SolidRock|AncientPower,HeatWave,EarthPower,Protect|Quiet||M|||50|]Sinistcha||Leftovers|Hospitality|MatchaGotcha,Protect,TrickRoom,RagePowder|Relaxed|||||50|]Palafin||MysticWater|ZerotoHero|WaveCrash,FlipTurn,CloseCombat,JetPunch|Adamant||F|||50|]Gengar||LifeOrb|CursedBody|ShadowBall,SludgeBomb,EnergyBall,Thunderbolt|Timid||F|||50|]Grimmsnarl||LightClay|Prankster|SpiritBreak,Reflect,LightScreen,PartingShot|Careful||M|||50|]Hydreigon||ChoiceScarf|Levitate|DracoMeteor,DarkPulse,Flamethrower,FocusBlast|Timid||F|||50|\n|inactive|Battle timer is ON: inactive players will automatically lose when time's up. (requested by tobi234)\n|\n|t:|1788387738\n|teamsize|p1|4\n|teamsize|p2|4\n|start\n|switch|p1a: Boo|Basculegion, L50, M|100/100\n|switch|p1b: Sinistcha|Sinistcha, L50|100/100\n|switch|p2a: Palafin|Palafin, L50, F|100/100\n|switch|p2b: Grimmsnarl|Grimmsnarl, L50, M|100/100\n|turn|1\n|\n|t:|1788387760\n|move|p2b: Grimmsnarl|Reflect|p2b: Grimmsnarl\n|-sidestart|p2: tobi234|Reflect\n|move|p2a: Palafin|Flip Turn|p1a: Boo\n|-resisted|p1a: Boo|1\n|-crit|p1a: Boo\n|-damage|p1a: Boo|79/100\n|\n|t:|1788387767\n|detailschange|p2a: Palafin|Palafin-Hero, L50, F\n|switch|p2a: Camerupt|Camerupt, L50, M|100/100|[from] Flip Turn\n|move|p1a: Boo|Wave Crash|p2b: Grimmsnarl\n|-damage|p2b: Grimmsnarl|43/100\n|-damage|p1a: Boo|62/100|[from] Recoil\n|move|p1b: Sinistcha|Matcha Gotcha|p2b: Grimmsnarl|[spread] p2a,p2b\n|-damage|p2a: Camerupt|67/100\n|-damage|p2b: Grimmsnarl|20/100y\n|\n|upkeep\n|turn|2\n|\n|t:|1788387792\n|detailschange|p2a: Camerupt|Camerupt-Mega, L50, M\n|-mega|p2a: Camerupt|Camerupt|Cameruptite\n|move|p2a: Camerupt|Protect|p2a: Camerupt\n|-singleturn|p2a: Camerupt|Protect\n|move|p2b: Grimmsnarl|Light Screen|p2b: Grimmsnarl\n|-sidestart|p2: tobi234|move: Light Screen\n|move|p1a: Boo|Flip Turn|p2a: Camerupt\n|-activate|p2a: Camerupt|move: Protect\n|move|p1b: Sinistcha|Matcha Gotcha|p2b: Grimmsnarl|[spread] p2b\n|-activate|p2a: Camerupt|move: Protect\n|-damage|p2b: Grimmsnarl|5/100\n|\n|upkeep\n|turn|3\n|\n|t:|1788387810\n|switch|p2a: Palafin|Palafin-Hero, L50, F|100/100\n|-activate|p2a: Palafin|ability: Zero to Hero\n|move|p2b: Grimmsnarl|Parting Shot|p1a: Boo\n|-unboost|p1a: Boo|atk|1\n|-unboost|p1a: Boo|spa|1\n|\n|t:|1788387817\n|switch|p2b: Gengar|Gengar, L50, F|100/100|[from] Parting Shot\n|move|p1a: Boo|Wave Crash|p2a: Palafin\n|-resisted|p2a: Palafin|1\n|-damage|p2a: Palafin|85/100\n|-damage|p1a: Boo|58/100|[from] Recoil\n|move|p1b: Sinistcha|Matcha Gotcha|p2a: Palafin|[spread] p2a,p2b\n|-supereffective|p2a: Palafin|1\n|-resisted|p2b: Gengar|1\n|-damage|p2a: Palafin|53/100\n|-damage|p2b: Gengar|84/100\n|\n|upkeep\n|turn|4\n|\n|t:|1788387833\n|move|p1b: Sinistcha|Rage Powder|p1b: Sinistcha\n|-singleturn|p1b: Sinistcha|move: Rage Powder\n|move|p2b: Gengar|Shadow Ball|p1b: Sinistcha\n|-supereffective|p1b: Sinistcha|1\n|-enditem|p1b: Sinistcha|Kasib Berry|[eat]\n|-enditem|p1b: Sinistcha|Kasib Berry|[weaken]\n|-damage|p1b: Sinistcha|37/100\n|-damage|p2b: Gengar|75/100|[from] item: Life Orb\n|move|p2a: Palafin|Flip Turn|p1b: Sinistcha\n|-resisted|p1b: Sinistcha|1\n|-damage|p1b: Sinistcha|19/100\n|\n|t:|1788387844\n|switch|p2a: Camerupt|Camerupt-Mega, L50, M|67/100|[from] Flip Turn\n|move|p1a: Boo|Flip Turn|p2b: Gengar\n|-damage|p2b: Gengar|45/100\n|\n|t:|1788387852\n|switch|p1a: Incineroar|Incineroar, L50, F|100/100|[from] Flip Turn\n|-ability|p1a: Incineroar|Intimidate|boost\n|-unboost|p2a: Camerupt|atk|1\n|-unboost|p2b: Gengar|atk|1\n|\n|upkeep\n|turn|5\n|\n|t:|1788387872\n|move|p1b: Sinistcha|Protect|p1b: Sinistcha\n|-singleturn|p1b: Sinistcha|Protect\n|move|p2a: Camerupt|Protect|p2a: Camerupt\n|-singleturn|p2a: Camerupt|Protect\n|move|p2b: Gengar|Shadow Ball|p1b: Sinistcha\n|-activate|p1b: Sinistcha|move: Protect\n|move|p1a: Incineroar|Darkest Lariat|p2b: Gengar\n|-supereffective|p2b: Gengar|1\n|-damage|p2b: Gengar|0 fnt\n|-start|p1a: Incineroar|Disable|Darkest Lariat|[from] ability: Cursed Body|[of] p2b: Gengar\n|faint|p2b: Gengar\n|\n|upkeep\n|\n|t:|1788387885\n|switch|p2b: Palafin|Palafin-Hero, L50, F|53/100\n|turn|6\n|\n|t:|1788387898\n|move|p2b: Palafin|Wave Crash|p1b: Sinistcha\n|-resisted|p1b: Sinistcha|1\n|-damage|p1b: Sinistcha|0 fnt\n|faint|p1b: Sinistcha\n|-damage|p2b: Palafin|49/100|[from] Recoil\n|move|p1a: Incineroar|Parting Shot|p2a: Camerupt\n|-unboost|p2a: Camerupt|atk|1\n|-unboost|p2a: Camerupt|spa|1\n|\n|t:|1788387906\n|switch|p1a: Beedrill|Beedrill, L50, F|100/100|[from] Parting Shot\n|move|p2a: Camerupt|Ancient Power|p1a: Beedrill\n|-supereffective|p1a: Beedrill|1\n|-damage|p1a: Beedrill|37/100\n|\n|upkeep\n|\n|t:|1788387911\n|switch|p1b: Boo|Basculegion, L50, M|58/100\n|turn|7\n|inactive|314478A has 30 seconds left.\n|\n|t:|1788387941\n|detailschange|p1a: Beedrill|Beedrill-Mega, L50, F\n|-mega|p1a: Beedrill|Beedrill|Beedrillite\n|move|p1a: Beedrill|Protect|p1a: Beedrill\n|-singleturn|p1a: Beedrill|Protect\n|move|p2a: Camerupt|Protect|p2a: Camerupt\n|-singleturn|p2a: Camerupt|Protect\n|move|p2b: Palafin|Wave Crash|p1b: Boo\n|-resisted|p1b: Boo|1\n|-damage|p1b: Boo|11/100\n|-damage|p2b: Palafin|32/100|[from] Recoil\n|move|p1b: Boo|Wave Crash|p2a: Camerupt\n|-activate|p2a: Camerupt|move: Protect\n|\n|upkeep\n|turn|8\n|\n|t:|1788387957\n|move|p2b: Palafin|Jet Punch|p1b: Boo\n|-resisted|p1b: Boo|1\n|-damage|p1b: Boo|0 fnt\n|faint|p1b: Boo\n|move|p1a: Beedrill|U-turn|p2b: Palafin\n|-damage|p2b: Palafin|0 fnt\n|faint|p2b: Palafin\n|\n|t:|1788387960\n|switch|p1a: Incineroar|Incineroar, L50, F|100/100|[from] U-turn\n|-ability|p1a: Incineroar|Intimidate|boost\n|-unboost|p2a: Camerupt|atk|1\n|move|p2a: Camerupt|Ancient Power|p1a: Incineroar\n|-supereffective|p1a: Incineroar|1\n|-damage|p1a: Incineroar|55/100\n|\n|-sideend|p2: tobi234|Reflect\n|upkeep\n|\n|t:|1788387971\n|switch|p2b: Grimmsnarl|Grimmsnarl, L50, M|5/100\n|switch|p1b: Beedrill|Beedrill-Mega, L50, F|37/100\n|turn|9\n|\n|t:|1788387986\n|move|p1a: Incineroar|Fake Out|p2a: Camerupt\n|-damage|p2a: Camerupt|54/100\n|move|p2b: Grimmsnarl|Reflect|p2b: Grimmsnarl\n|-sidestart|p2: tobi234|Reflect\n|move|p1b: Beedrill|Poison Jab|p2b: Grimmsnarl\n|-supereffective|p2b: Grimmsnarl|1\n|-damage|p2b: Grimmsnarl|0 fnt\n|faint|p2b: Grimmsnarl\n|cant|p2a: Camerupt|flinch\n|\n|-sideend|p2: tobi234|move: Light Screen\n|upkeep\n|turn|10\n|\n|t:|1788388001\n|move|p1b: Beedrill|U-turn|p2a: Camerupt\n|-resisted|p2a: Camerupt|1\n|-damage|p2a: Camerupt|33/100\n|move|p1a: Incineroar|Darkest Lariat|p2a: Camerupt\n|-damage|p2a: Camerupt|5/100\n|move|p2a: Camerupt|Heat Wave|p1a: Incineroar|[spread] p1b\n|-miss|p2a: Camerupt|p1a: Incineroar\n|-supereffective|p1b: Beedrill|1\n|-damage|p1b: Beedrill|0 fnt\n|faint|p1b: Beedrill\n|\n|upkeep\n|turn|11\n|\n|t:|1788388013\n|move|p1a: Incineroar|Flare Blitz|p2a: Camerupt\n|-resisted|p2a: Camerupt|1\n|-damage|p2a: Camerupt|0 fnt\n|faint|p2a: Camerupt\n|-damage|p1a: Incineroar|53/100|[from] Recoil\n|\n|win|314478A\n||tobi234 is ready for game 3.\n||314478A is ready for game 3.\n|uhtml|next|Next: <a href=\"/battle-gen9championsvgc2026regmbbo3-2674670256\"><strong>Game 3 of 3</strong></a>\n","uploadtime":1788388127,"views":"4","formatid":"gen9championsvgc2026regmbbo3","rating":null,"private":0,"password":null}