{"id":"gen9championsvgc2026regmbbo3-2673479753","format":"[Gen 9 Champions] VGC 2026 Reg M-B (Bo3)","players":["SP4MT0N1997","BreloomB01"],"log":"|j|☆SP4MT0N1997\n|j|☆BreloomB01\n|html|<table width=\"100%\"><tr><td align=\"left\">SP4MT0N1997</td><td align=\"right\">BreloomB01</tr><tr><td align=\"left\"><i class=\"fa fa-circle\"></i> <i class=\"fa fa-circle-o\"></i> </td><td align=\"right\"><i class=\"fa fa-circle-o\"></i> <i class=\"fa fa-circle-o\"></i> </tr></table>\n|uhtml|bestof|<h2><strong>Game 2</strong> of <a href=\"/game-bestof3-gen9championsvgc2026regmbbo3-2673478571\">a best-of-3</a></h2>\n|t:|1788202776\n|gametype|doubles\n|player|p1|SP4MT0N1997|unknown|1081\n|player|p2|BreloomB01|170|1328\n|gen|9\n|tier|[Gen 9 Champions] VGC 2026 Reg M-B (Bo3)\n|rated|\n|rule|Species Clause: Limit one of each Pokémon\n|rule|Item Clause: Limit 1 of each item\n|clearpoke\n|poke|p1|Pidgeot, L50, F|\n|poke|p1|Torkoal, L50, F|\n|poke|p1|Venusaur, L50, M|\n|poke|p1|Garchomp, L50, M|\n|poke|p1|Aerodactyl, L50, M|\n|poke|p1|Basculegion, L50, M|\n|poke|p2|Scovillain, L50, M|\n|poke|p2|Basculegion, L50, M|\n|poke|p2|Kingambit, L50, F|\n|poke|p2|Sneasler, L50, M|\n|poke|p2|Lycanroc-Dusk, L50, M|\n|poke|p2|Froslass, L50, F|\n|teampreview|4\n|showteam|p1|Pidgeot||Pidgeotite|KeenEye|HeatWave,Hurricane,Tailwind,Protect|Timid||F|||50|]Torkoal||Charcoal|Drought|HeatWave,EarthPower,SolarBeam,Protect|Modest||F|||50|]Venusaur||FocusSash|Chlorophyll|Protect,SolarBeam,SleepPowder,SludgeBomb|Modest||M|||50|]Garchomp||LifeOrb|RoughSkin|Earthquake,DragonClaw,RockSlide,Protect|Jolly||M|||50|]Aerodactyl||Aerodactylite|Unnerve|RockSlide,IceFang,Tailwind,DualWingbeat|Jolly||M|||50|]Basculegion||MysticWater|Adaptability|AquaJet,WaveCrash,LastRespects,Protect|Jolly||M|||50|\n|showteam|p2|Scovillain||Scovillainite|Moody|GigaDrain,Overheat,RagePowder,Protect|Bold||M|||50|]Basculegion||LifeOrb|Adaptability|WaveCrash,LastRespects,AquaJet,Protect|Adamant||M|||50|]Kingambit||BlackGlasses|Defiant|KowtowCleave,SuckerPunch,SwordsDance,Protect|Adamant||F|||50|]Sneasler||WhiteHerb|Unburden|CloseCombat,DireClaw,Protect,FakeOut|Adamant||M|||50|]Lycanroc-Dusk||FocusSash|ToughClaws|CloseCombat,Accelerock,RockSlide,Protect|Adamant||M|||50|]Froslass||Froslassite|CursedBody|Blizzard,ShadowBall,AuroraVeil,Protect|Timid||F|||50|\n|\n|t:|1788202795\n|teamsize|p1|4\n|teamsize|p2|4\n|start\n|switch|p1a: Pidgeot|Pidgeot, L50, F|100/100\n|switch|p1b: Garchomp|Garchomp, L50, M|100/100\n|switch|p2a: Sneasler|Sneasler, L50, M|100/100\n|switch|p2b: Froslass|Froslass, L50, F|100/100\n|turn|1\n|\n|t:|1788202826\n|detailschange|p1a: Pidgeot|Pidgeot-Mega, L50, F\n|-mega|p1a: Pidgeot|Pidgeot|Pidgeotite\n|move|p2a: Sneasler|Fake Out|p1a: Pidgeot\n|-damage|p1a: Pidgeot|80/100\n|cant|p1a: Pidgeot|flinch\n|move|p2b: Froslass|Blizzard|p1a: Pidgeot|[spread] p1a\n|-miss|p2b: Froslass|p1b: Garchomp\n|-supereffective|p1a: Pidgeot|1\n|-damage|p1a: Pidgeot|11/100\n|move|p1b: Garchomp|Earthquake|p2b: Froslass|[spread] p2a,p2b\n|-immune|p1a: Pidgeot\n|-supereffective|p2a: Sneasler|1\n|-damage|p2a: Sneasler|0 fnt\n|-damage|p2b: Froslass|23/100\n|faint|p2a: Sneasler\n|-damage|p1b: Garchomp|90/100|[from] item: Life Orb\n|\n|upkeep\n|\n|t:|1788202836\n|switch|p2a: Lycanroc|Lycanroc-Dusk, L50, M|100/100\n|turn|2\n|\n|t:|1788202853\n|switch|p1a: Basculegion|Basculegion, L50, M|100/100\n|move|p1b: Garchomp|Protect|p1b: Garchomp\n|-singleturn|p1b: Garchomp|Protect\n|move|p2a: Lycanroc|Accelerock|p1a: Basculegion\n|-damage|p1a: Basculegion|64/100\n|move|p2b: Froslass|Blizzard|p1a: Basculegion|[spread] p1a\n|-activate|p1b: Garchomp|move: Protect\n|-resisted|p1a: Basculegion|1\n|-damage|p1a: Basculegion|50/100g\n|\n|upkeep\n|turn|3\n|\n|t:|1788202868\n|move|p2b: Froslass|Protect|p2b: Froslass\n|-singleturn|p2b: Froslass|Protect\n|move|p2a: Lycanroc|Accelerock|p1a: Basculegion\n|-damage|p1a: Basculegion|16/100\n|move|p1a: Basculegion|Aqua Jet|p2b: Froslass\n|-activate|p2b: Froslass|move: Protect\n|move|p1b: Garchomp|Dragon Claw|p2a: Lycanroc\n|-damage|p2a: Lycanroc|2/100\n|-damage|p1b: Garchomp|80/100|[from] item: Life Orb\n|\n|upkeep\n|turn|4\n|\n|t:|1788202878\n|detailschange|p2b: Froslass|Froslass-Mega, L50, F\n|-mega|p2b: Froslass|Froslass|Froslassite\n|-weather|Snowscape|[from] ability: Snow Warning|[of] p2b: Froslass\n|move|p1a: Basculegion|Protect|p1a: Basculegion\n|-singleturn|p1a: Basculegion|Protect\n|move|p2a: Lycanroc|Accelerock|p1a: Basculegion\n|-activate|p1a: Basculegion|move: Protect\n|move|p2b: Froslass|Blizzard|p1b: Garchomp|[spread] p1b\n|-activate|p1a: Basculegion|move: Protect\n|-supereffective|p1b: Garchomp|2\n|-damage|p1b: Garchomp|0 fnt\n|faint|p1b: Garchomp\n|\n|-weather|Snowscape|[upkeep]\n|upkeep\n|\n|t:|1788202885\n|switch|p1b: Venusaur|Venusaur, L50, M|100/100\n|turn|5\n|\n|t:|1788202896\n|switch|p1a: Pidgeot|Pidgeot-Mega, L50, F|11/100\n|move|p2a: Lycanroc|Accelerock|p1a: Pidgeot\n|-supereffective|p1a: Pidgeot|1\n|-damage|p1a: Pidgeot|0 fnt\n|faint|p1a: Pidgeot\n|move|p2b: Froslass|Blizzard|p1b: Venusaur\n|-supereffective|p1b: Venusaur|1\n|-crit|p1b: Venusaur\n|-enditem|p1b: Venusaur|Focus Sash\n|-damage|p1b: Venusaur|1/100\n|move|p1b: Venusaur|Sludge Bomb|p2a: Lycanroc\n|-resisted|p2a: Lycanroc|1\n|-damage|p2a: Lycanroc|0 fnt\n|faint|p2a: Lycanroc\n|\n|-weather|Snowscape|[upkeep]\n|upkeep\n|\n|t:|1788202901\n|switch|p1a: Basculegion|Basculegion, L50, M|16/100\n|switch|p2a: Kingambit|Kingambit, L50, F|100/100\n|turn|6\n|\n|t:|1788202910\n|move|p2b: Froslass|Protect|p2b: Froslass\n|-singleturn|p2b: Froslass|Protect\n|move|p1a: Basculegion|Aqua Jet|p2b: Froslass\n|-activate|p2b: Froslass|move: Protect\n|move|p1b: Venusaur|Sleep Powder|p2a: Kingambit\n|-status|p2a: Kingambit|slp|[from] move: Sleep Powder\n|cant|p2a: Kingambit|slp\n|\n|-weather|Snowscape|[upkeep]\n|upkeep\n|turn|7\n|\n|t:|1788202918\n|move|p1a: Basculegion|Aqua Jet|p2b: Froslass\n|-damage|p2b: Froslass|0 fnt\n|faint|p2b: Froslass\n|move|p1b: Venusaur|Sludge Bomb|p2a: Kingambit\n|-immune|p2a: Kingambit\n|cant|p2a: Kingambit|slp\n|\n|-weather|Snowscape|[upkeep]\n|upkeep\n|turn|8\n|\n|t:|1788202926\n|-curestatus|p2a: Kingambit|slp|[msg]\n|move|p2a: Kingambit|Sucker Punch|p1a: Basculegion\n|-supereffective|p1a: Basculegion|1\n|-damage|p1a: Basculegion|0 fnt\n|faint|p1a: Basculegion\n|move|p1b: Venusaur|Solar Beam||[still]\n|-prepare|p1b: Venusaur|Solar Beam\n|\n|-weather|none\n|upkeep\n|turn|9\n|\n|t:|1788202933\n|move|p1b: Venusaur|Solar Beam|p2a: Kingambit|[from] lockedmove\n|-resisted|p2a: Kingambit|1\n|-damage|p2a: Kingambit|69/100\n|move|p2a: Kingambit|Kowtow Cleave|p1b: Venusaur\n|-damage|p1b: Venusaur|0 fnt\n|faint|p1b: Venusaur\n|\n|win|BreloomB01\n||BreloomB01 is ready for game 3.\n||SP4MT0N1997 is ready for game 3.\n|uhtml|next|Next: <a href=\"/battle-gen9championsvgc2026regmbbo3-2673481008\"><strong>Game 3 of 3</strong></a>\n","uploadtime":1788203100,"views":"4","formatid":"gen9championsvgc2026regmbbo3","rating":null,"private":0,"password":null}