{"id":"gen9championsvgc2026regmb-2673887516","format":"[Gen 9 Champions] VGC 2026 Reg M-B","players":["Yvarski","Nayumi_VT"],"log":"|j|☆Yvarski\n|j|☆Nayumi_VT\n|t:|1788273254\n|gametype|doubles\n|player|p1|Yvarski|colress|1138\n|player|p2|Nayumi_VT|dahlia|1065\n|gen|9\n|tier|[Gen 9 Champions] VGC 2026 Reg M-B\n|rated|\n|rule|Species Clause: Limit one of each Pokémon\n|rule|Item Clause: Limit 1 of each item\n|clearpoke\n|poke|p1|Sneasler, L50, M|\n|poke|p1|Sinistcha, L50|\n|poke|p1|Talonflame, L50, M|\n|poke|p1|Steelix, L50, M|\n|poke|p1|Rotom-Wash, L50|\n|poke|p1|Tyranitar, L50, F|\n|poke|p2|Overqwil, L50, F, shiny|\n|poke|p2|Sneasler, L50, M, shiny|\n|poke|p2|Meowstic, L50, M, shiny|\n|poke|p2|Klefki, L50, M, shiny|\n|poke|p2|Sableye, L50, F, shiny|\n|poke|p2|Delphox, L50, F, shiny|\n|teampreview|4\n|inactive|Battle timer is ON: inactive players will automatically lose when time's up. (requested by Yvarski)\n|inactive|Yvarski has 60 seconds left.\n|inactive|Nayumi_VT has 60 seconds left.\n|\n|t:|1788273302\n|teamsize|p1|4\n|teamsize|p2|4\n|start\n|switch|p1a: Tyranitar|Tyranitar, L50, F|100/100\n|switch|p1b: Steelix|Steelix, L50, M|100/100\n|switch|p2a: Meowstic|Meowstic, L50, M, shiny|100/100\n|switch|p2b: Fisteur Fou|Overqwil, L50, F, shiny|100/100\n|-ability|p2b: Fisteur Fou|Intimidate|boost\n|-unboost|p1a: Tyranitar|atk|1\n|-unboost|p1b: Steelix|atk|1\n|-weather|Sandstorm|[from] ability: Sand Stream|[of] p1a: Tyranitar\n|turn|1\n|inactive|Yvarski has 30 seconds left.\n|\n|t:|1788273327\n|detailschange|p1b: Steelix|Steelix-Mega, L50, M\n|-mega|p1b: Steelix|Steelix|Steelixite\n|move|p2a: Meowstic|Skill Swap|p2b: Fisteur Fou\n|-activate|p2a: Meowstic|Skill Swap|||[of] p2b: Fisteur Fou\n|-hint|Skill Swap does not announce the abilities of the Pokémon when used between allies.\n|-ability|p2a: Meowstic|Intimidate|boost\n|-unboost|p1a: Tyranitar|atk|1\n|-unboost|p1b: Steelix|atk|1\n|move|p2b: Fisteur Fou|Minimize|p2b: Fisteur Fou\n|-boost|p2b: Fisteur Fou|evasion|2\n|move|p1a: Tyranitar|Rock Slide|p2b: Fisteur Fou|[spread] p2b\n|-miss|p1a: Tyranitar|p2a: Meowstic\n|-damage|p2b: Fisteur Fou|83/100\n|move|p1b: Steelix|Heavy Slam|p2a: Meowstic\n|-damage|p2a: Meowstic|52/100\n|\n|-weather|Sandstorm|[upkeep]\n|-damage|p2b: Fisteur Fou|76/100|[from] Sandstorm\n|-damage|p2a: Meowstic|46/100|[from] Sandstorm\n|-heal|p2b: Fisteur Fou|83/100|[from] item: Leftovers\n|upkeep\n|turn|2\n|inactive|Nayumi_VT has 30 seconds left.\n|\n|t:|1788273354\n|switch|p1b: Sinistcha|Sinistcha, L50|100/100\n|move|p1a: Tyranitar|Protect|p1a: Tyranitar\n|-singleturn|p1a: Tyranitar|Protect\n|move|p2b: Fisteur Fou|Minimize|p2b: Fisteur Fou\n|-boost|p2b: Fisteur Fou|evasion|2\n|move|p2a: Meowstic|Yawn|p1b: Sinistcha\n|-start|p1b: Sinistcha|move: Yawn|[of] p2a: Meowstic\n|\n|-weather|Sandstorm|[upkeep]\n|-damage|p2b: Fisteur Fou|76/100|[from] Sandstorm\n|-damage|p2a: Meowstic|40/100|[from] Sandstorm\n|-damage|p1b: Sinistcha|93/100|[from] Sandstorm\n|-heal|p2b: Fisteur Fou|83/100|[from] item: Leftovers\n|upkeep\n|turn|3\n|\n|t:|1788273378\n|switch|p1a: Steelix|Steelix-Mega, L50, M|100/100\n|move|p1b: Sinistcha|Rage Powder|p1b: Sinistcha\n|-singleturn|p1b: Sinistcha|move: Rage Powder\n|move|p2b: Fisteur Fou|Minimize|p2b: Fisteur Fou\n|-boost|p2b: Fisteur Fou|evasion|2\n|move|p2a: Meowstic|Yawn||[still]\n|-fail|p2a: Meowstic\n|\n|-weather|Sandstorm|[upkeep]\n|-damage|p2b: Fisteur Fou|76/100|[from] Sandstorm\n|-damage|p2a: Meowstic|34/100|[from] Sandstorm\n|-damage|p1b: Sinistcha|87/100|[from] Sandstorm\n|-heal|p2b: Fisteur Fou|83/100|[from] item: Leftovers\n|-end|p1b: Sinistcha|move: Yawn|[silent]\n|-status|p1b: Sinistcha|slp\n|upkeep\n|turn|4\n|inactive|Nayumi_VT has 30 seconds left.\n|\n|t:|1788273405\n|cant|p1b: Sinistcha|slp\n|move|p2b: Fisteur Fou|Stockpile|p2b: Fisteur Fou\n|-start|p2b: Fisteur Fou|stockpile1\n|-boost|p2b: Fisteur Fou|def|1\n|-boost|p2b: Fisteur Fou|spd|1\n|move|p2a: Meowstic|Yawn|p1a: Steelix\n|-start|p1a: Steelix|move: Yawn|[of] p2a: Meowstic\n|move|p1a: Steelix|Heavy Slam|p2a: Meowstic\n|-damage|p2a: Meowstic|0 fnt\n|faint|p2a: Meowstic\n|\n|-weather|Sandstorm|[upkeep]\n|-damage|p2b: Fisteur Fou|76/100|[from] Sandstorm\n|-damage|p1b: Sinistcha|81/100 slp|[from] Sandstorm\n|-heal|p2b: Fisteur Fou|83/100|[from] item: Leftovers\n|upkeep\n|\n|t:|1788273420\n|switch|p2a: Sableye|Sableye, L50, F, shiny|100/100\n|turn|5\n|inactive|Nayumi_VT has 30 seconds left.\n|\n|t:|1788273446\n|move|p2b: Fisteur Fou|Stockpile|p2b: Fisteur Fou\n|-start|p2b: Fisteur Fou|stockpile2\n|-boost|p2b: Fisteur Fou|def|1\n|-boost|p2b: Fisteur Fou|spd|1\n|move|p2a: Sableye|Disable|p1a: Steelix\n|-start|p1a: Steelix|Disable|Heavy Slam\n|cant|p1b: Sinistcha|slp\n|cant|p1a: Steelix|Disable|Heavy Slam\n|\n|-weather|none\n|-heal|p2b: Fisteur Fou|89/100|[from] item: Leftovers\n|-end|p1a: Steelix|move: Yawn|[silent]\n|-status|p1a: Steelix|slp\n|upkeep\n|turn|6\n|\n|t:|1788273466\n|switch|p1a: Tyranitar|Tyranitar, L50, F|100/100\n|-weather|Sandstorm|[from] ability: Sand Stream|[of] p1a: Tyranitar\n|move|p2b: Fisteur Fou|Stockpile|p2b: Fisteur Fou\n|-start|p2b: Fisteur Fou|stockpile3\n|-boost|p2b: Fisteur Fou|def|1\n|-boost|p2b: Fisteur Fou|spd|1\n|-curestatus|p1b: Sinistcha|slp|[msg]\n|move|p1b: Sinistcha|Matcha Gotcha|p2b: Fisteur Fou|[spread] p2a\n|-miss|p1b: Sinistcha|p2b: Fisteur Fou\n|-damage|p2a: Sableye|73/100\n|-heal|p1b: Sinistcha|93/100|[from] drain|[of] p2a: Sableye\n|move|p2a: Sableye|Foul Play|p1b: Sinistcha\n|-supereffective|p1b: Sinistcha|1\n|-damage|p1b: Sinistcha|66/100\n|\n|-weather|Sandstorm|[upkeep]\n|-damage|p2b: Fisteur Fou|83/100|[from] Sandstorm\n|-damage|p1b: Sinistcha|60/100|[from] Sandstorm\n|-damage|p2a: Sableye|67/100|[from] Sandstorm\n|-heal|p2b: Fisteur Fou|89/100|[from] item: Leftovers\n|upkeep\n|turn|7\n|inactive|Nayumi_VT has 30 seconds left.\n|\n|t:|1788273491\n|move|p2a: Sableye|Psych Up|p2b: Fisteur Fou\n|-copyboost|p2a: Sableye|p2b: Fisteur Fou|[from] move: Psych Up\n|move|p2b: Fisteur Fou|Barb Barrage|p1b: Sinistcha\n|-damage|p1b: Sinistcha|41/100\n|-enditem|p1b: Sinistcha|Sitrus Berry|[eat]\n|-heal|p1b: Sinistcha|66/100|[from] item: Sitrus Berry\n|move|p1b: Sinistcha|Matcha Gotcha|p2b: Fisteur Fou|[spread] \n|-miss|p1b: Sinistcha|p2a: Sableye\n|-miss|p1b: Sinistcha|p2b: Fisteur Fou\n|move|p1a: Tyranitar|Knock Off|p2b: Fisteur Fou|[miss]\n|-miss|p1a: Tyranitar|p2b: Fisteur Fou\n|\n|-weather|Sandstorm|[upkeep]\n|-damage|p2b: Fisteur Fou|83/100|[from] Sandstorm\n|-damage|p1b: Sinistcha|60/100|[from] Sandstorm\n|-damage|p2a: Sableye|61/100|[from] Sandstorm\n|-heal|p2b: Fisteur Fou|89/100|[from] item: Leftovers\n|upkeep\n|turn|8\n|inactive|Nayumi_VT has 30 seconds left.\n|\n|t:|1788273520\n|move|p1b: Sinistcha|Rage Powder|p1b: Sinistcha\n|-singleturn|p1b: Sinistcha|move: Rage Powder\n|move|p2a: Sableye|Disable|p1b: Sinistcha\n|-start|p1b: Sinistcha|Disable|Rage Powder\n|move|p2b: Fisteur Fou|Barb Barrage|p1b: Sinistcha\n|-damage|p1b: Sinistcha|42/100\n|move|p1a: Tyranitar|Knock Off|p2b: Fisteur Fou|[miss]\n|-miss|p1a: Tyranitar|p2b: Fisteur Fou\n|\n|-weather|Sandstorm|[upkeep]\n|-damage|p2b: Fisteur Fou|83/100|[from] Sandstorm\n|-damage|p1b: Sinistcha|36/100|[from] Sandstorm\n|-damage|p2a: Sableye|56/100|[from] Sandstorm\n|-heal|p2b: Fisteur Fou|89/100|[from] item: Leftovers\n|upkeep\n|turn|9\n|inactive|Nayumi_VT has 30 seconds left.\n|inactive|Yvarski has 30 seconds left.\n|\n|t:|1788273552\n|switch|p1b: Steelix|Steelix-Mega, L50, M|100/100 slp\n|move|p2b: Fisteur Fou|Barb Barrage|p1b: Steelix\n|-immune|p1b: Steelix\n|move|p1a: Tyranitar|Knock Off|p2b: Fisteur Fou|[miss]\n|-miss|p1a: Tyranitar|p2b: Fisteur Fou\n|move|p2a: Sableye|Foul Play|p1b: Steelix\n|-damage|p1b: Steelix|73/100 slp\n|\n|-weather|Sandstorm|[upkeep]\n|-damage|p2b: Fisteur Fou|83/100|[from] Sandstorm\n|-damage|p2a: Sableye|50/100g|[from] Sandstorm\n|-heal|p2b: Fisteur Fou|89/100|[from] item: Leftovers\n|upkeep\n|turn|10\n|\n|t:|1788273577\n|move|p2a: Sableye|Disable|p1a: Tyranitar\n|-hint|Since gen 7, Dark is immune to Prankster moves.\n|-immune|p1a: Tyranitar\n|move|p2b: Fisteur Fou|Barb Barrage|p1a: Tyranitar\n|-resisted|p1a: Tyranitar|1\n|-damage|p1a: Tyranitar|90/100\n|-status|p1a: Tyranitar|psn\n|move|p1a: Tyranitar|Knock Off|p2b: Fisteur Fou\n|-resisted|p2b: Fisteur Fou|1\n|-damage|p2b: Fisteur Fou|76/100\n|-enditem|p2b: Fisteur Fou|Leftovers|[from] move: Knock Off|[of] p1a: Tyranitar\n|cant|p1b: Steelix|slp\n|\n|-weather|none\n|-damage|p1a: Tyranitar|78/100 psn|[from] psn\n|upkeep\n|turn|11\n|inactive|Nayumi_VT has 30 seconds left.\n|\n|t:|1788273611\n|switch|p1a: Sinistcha|Sinistcha, L50|36/100\n|-heal|p1b: Steelix|98/100 slp|[from] ability: Hospitality|[of] p1a: Sinistcha\n|move|p2b: Fisteur Fou|Barb Barrage|p1a: Sinistcha\n|-damage|p1a: Sinistcha|19/100\n|move|p2a: Sableye|Foul Play|p1a: Sinistcha\n|-supereffective|p1a: Sinistcha|1\n|-damage|p1a: Sinistcha|0 fnt\n|faint|p1a: Sinistcha\n|cant|p1b: Steelix|slp\n|\n|upkeep\n|\n|t:|1788273623\n|switch|p1a: Tyranitar|Tyranitar, L50, F|78/100 psn\n|-weather|Sandstorm|[from] ability: Sand Stream|[of] p1a: Tyranitar\n|turn|12\n|\n|t:|1788273639\n|switch|p1a: Sneasler|Sneasler, L50, M|100/100\n|move|p2b: Fisteur Fou|Barb Barrage|p1a: Sneasler\n|-resisted|p1a: Sneasler|1\n|-damage|p1a: Sneasler|80/100\n|move|p2a: Sableye|Foul Play|p1a: Sneasler\n|-resisted|p1a: Sneasler|1\n|-damage|p1a: Sneasler|36/100\n|-curestatus|p1b: Steelix|slp|[msg]\n|move|p1b: Steelix|Heavy Slam|p2a: Sableye|[miss]\n|-miss|p1b: Steelix|p2a: Sableye\n|\n|-weather|Sandstorm|[upkeep]\n|-damage|p1a: Sneasler|31/100|[from] Sandstorm\n|-damage|p2b: Fisteur Fou|70/100|[from] Sandstorm\n|-damage|p2a: Sableye|44/100|[from] Sandstorm\n|upkeep\n|turn|13\n|inactive|Yvarski has 30 seconds left.\n|inactive|Nayumi_VT has 30 seconds left.\n|\n|t:|1788273668\n|move|p1a: Sneasler|Protect|p1a: Sneasler\n|-singleturn|p1a: Sneasler|Protect\n|move|p1b: Steelix|Protect|p1b: Steelix\n|-singleturn|p1b: Steelix|Protect\n|move|p2a: Sableye|Encore|p1b: Steelix\n|-activate|p1b: Steelix|move: Protect\n|move|p2b: Fisteur Fou|Barb Barrage|p1a: Sneasler\n|-activate|p1a: Sneasler|move: Protect\n|\n|-weather|Sandstorm|[upkeep]\n|-damage|p1a: Sneasler|25/100|[from] Sandstorm\n|-damage|p2b: Fisteur Fou|63/100|[from] Sandstorm\n|-damage|p2a: Sableye|38/100|[from] Sandstorm\n|upkeep\n|turn|14\n|inactive|Yvarski has 30 seconds left.\n|inactive|Yvarski has 20 seconds left.\n|\n|t:|1788273704\n|move|p2a: Sableye|Encore|p1b: Steelix\n|-start|p1b: Steelix|Encore\n|move|p1b: Steelix|Protect||[still]\n|-fail|p1b: Steelix\n|move|p1a: Sneasler|Close Combat|p2b: Fisteur Fou|[miss]\n|-miss|p1a: Sneasler|p2b: Fisteur Fou\n|move|p2b: Fisteur Fou|Barb Barrage|p1a: Sneasler\n|-resisted|p1a: Sneasler|1\n|-damage|p1a: Sneasler|4/100\n|\n|-weather|Sandstorm|[upkeep]\n|-damage|p1a: Sneasler|0 fnt|[from] Sandstorm\n|-damage|p2b: Fisteur Fou|57/100|[from] Sandstorm\n|-damage|p2a: Sableye|33/100|[from] Sandstorm\n|faint|p1a: Sneasler\n|upkeep\n|\n|t:|1788273708\n|switch|p1a: Tyranitar|Tyranitar, L50, F|78/100 psn\n|turn|15\n|\n|t:|1788273724\n|move|p1a: Tyranitar|Protect|p1a: Tyranitar\n|-singleturn|p1a: Tyranitar|Protect\n|move|p1b: Steelix|Protect|p1b: Steelix\n|-singleturn|p1b: Steelix|Protect\n|move|p2a: Sableye|Disable|p1b: Steelix\n|-activate|p1b: Steelix|move: Protect\n|move|p2b: Fisteur Fou|Barb Barrage|p1a: Tyranitar\n|-activate|p1a: Tyranitar|move: Protect\n|\n|-weather|Sandstorm|[upkeep]\n|-damage|p2b: Fisteur Fou|51/100|[from] Sandstorm\n|-damage|p2a: Sableye|27/100|[from] Sandstorm\n|-damage|p1a: Tyranitar|66/100 psn|[from] psn\n|upkeep\n|turn|16\n|\n|t:|1788273744\n|move|p1b: Steelix|Protect||[still]\n|-fail|p1b: Steelix\n|move|p2a: Sableye|Encore||[still]\n|-fail|p2a: Sableye\n|move|p2b: Fisteur Fou|Barb Barrage|p1a: Tyranitar\n|-resisted|p1a: Tyranitar|1\n|-damage|p1a: Tyranitar|46/100 psn\n|move|p1a: Tyranitar|Rock Slide|p2b: Fisteur Fou|[spread] p2b\n|-miss|p1a: Tyranitar|p2a: Sableye\n|-damage|p2b: Fisteur Fou|36/100\n|\n|-weather|none\n|-damage|p1a: Tyranitar|34/100 psn|[from] psn\n|-end|p1b: Steelix|Encore\n|upkeep\n|turn|17\n|\n|t:|1788273769\n|move|p2a: Sableye|Encore|p1b: Steelix\n|-start|p1b: Steelix|Encore\n|move|p1b: Steelix|Protect|p1b: Steelix\n|-singleturn|p1b: Steelix|Protect\n|move|p2b: Fisteur Fou|Barb Barrage|p1a: Tyranitar\n|-resisted|p1a: Tyranitar|1\n|-damage|p1a: Tyranitar|15/100 psn\n|move|p1a: Tyranitar|Rock Slide|p2b: Fisteur Fou|[spread] p2b\n|-miss|p1a: Tyranitar|p2a: Sableye\n|-damage|p2b: Fisteur Fou|20/100y\n|\n|-damage|p1a: Tyranitar|3/100 psn|[from] psn\n|upkeep\n|turn|18\n|\n|t:|1788273788\n|move|p1b: Steelix|Protect|p1b: Steelix\n|-singleturn|p1b: Steelix|Protect\n|move|p2b: Fisteur Fou|Rest|p2b: Fisteur Fou\n|-status|p2b: Fisteur Fou|slp|[from] move: Rest\n|-heal|p2b: Fisteur Fou|100/100 slp|[silent]\n|move|p2a: Sableye|Disable|p1b: Steelix\n|-activate|p1b: Steelix|move: Protect\n|move|p1a: Tyranitar|Rock Slide|p2a: Sableye|[spread] p2a,p2b\n|-crit|p2b: Fisteur Fou\n|-damage|p2a: Sableye|9/100\n|-damage|p2b: Fisteur Fou|49/100 slp\n|\n|-damage|p1a: Tyranitar|0 fnt|[from] psn\n|faint|p1a: Tyranitar\n|upkeep\n|turn|19\n|inactive|Nayumi_VT has 30 seconds left.\n|inactive|Nayumi_VT has 20 seconds left.\n|inactive|Nayumi_VT has 15 seconds left.\n|\n|t:|1788273809\n|move|p1b: Steelix|Protect||[still]\n|-fail|p1b: Steelix\n|cant|p2b: Fisteur Fou|slp\n|move|p2a: Sableye|Foul Play|p1b: Steelix\n|-damage|p1b: Steelix|75/100\n|\n|-end|p1b: Steelix|Encore\n|upkeep\n|turn|20\n|inactive|Nayumi_VT has 15 seconds left this turn.\n|inactive|Nayumi_VT has 10 seconds left.\n|\n|t:|1788273816\n|cant|p2b: Fisteur Fou|slp\n|move|p2a: Sableye|Encore|p1b: Steelix\n|-start|p1b: Steelix|Encore\n|move|p1b: Steelix|Protect||[still]\n|-fail|p1b: Steelix\n|\n|-end|p1b: Steelix|Encore\n|upkeep\n|turn|21\n|inactive|Nayumi_VT has 10 seconds left this turn.\n|\n|t:|1788273823\n|switch|p2a: Delphox|Delphox, L50, F, shiny|100/100\n|-curestatus|p2b: Fisteur Fou|slp|[msg]\n|move|p2b: Fisteur Fou|Stockpile||[still]\n|-fail|p2b: Fisteur Fou\n|move|p1b: Steelix|High Horsepower|p2b: Fisteur Fou|[miss]\n|-miss|p1b: Steelix|p2b: Fisteur Fou\n|\n|upkeep\n|turn|22\n|inactive|Nayumi_VT has 10 seconds left this turn.\n|\n|t:|1788273831\n|move|p2b: Fisteur Fou|Stockpile||[still]\n|-fail|p2b: Fisteur Fou\n|move|p2a: Delphox|Fire Blast|p1b: Steelix\n|-supereffective|p1b: Steelix|1\n|-damage|p1b: Steelix|0 fnt\n|faint|p1b: Steelix\n|\n|win|Nayumi_VT\n|raw|Yvarski's rating: 1138 &rarr; <strong>1108</strong><br />(-30 for losing)\n|raw|Nayumi_VT's rating: 1065 &rarr; <strong>1102</strong><br />(+37 for winning)\n|l|☆Yvarski\n|player|p1|\n","uploadtime":1788273839,"views":"6","formatid":"gen9championsvgc2026regmb","rating":1102,"private":0,"password":null}