{"id":"gen9championsvgc2026regmb-2674289371","format":"[Gen 9 Champions] VGC 2026 Reg M-B","players":["netbeanswag","xiaoyang2004"],"log":"|j|☆netbeanswag\n|j|☆xiaoyang2004\n|t:|1788332752\n|gametype|doubles\n|player|p1|netbeanswag|clerkf|1422\n|player|p2|xiaoyang2004|102|1364\n|gen|9\n|tier|[Gen 9 Champions] VGC 2026 Reg M-B\n|rated|\n|rule|Species Clause: Limit one of each Pokémon\n|rule|Item Clause: Limit 1 of each item\n|clearpoke\n|poke|p1|Raichu, L50, M|\n|poke|p1|Ceruledge, L50, M|\n|poke|p1|Sinistcha-Masterpiece, L50|\n|poke|p1|Ninetales-Alola, L50, F|\n|poke|p1|Incineroar, L50, F|\n|poke|p1|Hydreigon, L50, F|\n|poke|p2|Charizard, L50, M, shiny|\n|poke|p2|Garchomp, L50, M, shiny|\n|poke|p2|Rotom-Wash, L50, shiny|\n|poke|p2|Whimsicott, L50, F, shiny|\n|poke|p2|Incineroar, L50, M, shiny|\n|poke|p2|Hydreigon, L50, M, shiny|\n|teampreview|4\n|inactive|Battle timer is ON: inactive players will automatically lose when time's up. (requested by netbeanswag)\n|inactive|netbeanswag has 60 seconds left.\n|\n|t:|1788332785\n|teamsize|p1|4\n|teamsize|p2|4\n|start\n|switch|p1a: Raichu|Raichu, L50, M|100/100\n|switch|p1b: Ninetales|Ninetales-Alola, L50, F|100/100\n|switch|p2a: Charizard|Charizard, L50, M, shiny|100/100\n|switch|p2b: Incineroar|Incineroar, L50, M, shiny|100/100\n|-weather|Snowscape|[from] ability: Snow Warning|[of] p1b: Ninetales\n|-ability|p2b: Incineroar|Intimidate|boost\n|-unboost|p1a: Raichu|atk|1\n|-unboost|p1b: Ninetales|atk|1\n|turn|1\n|inactive|xiaoyang2004 has 30 seconds left.\n|\n|t:|1788332815\n|switch|p1b: Incineroar|Incineroar, L50, F|100/100\n|-ability|p1b: Incineroar|Intimidate|boost\n|-unboost|p2a: Charizard|atk|1\n|-unboost|p2b: Incineroar|atk|1\n|detailschange|p1a: Raichu|Raichu-Mega-Y, L50, M\n|-mega|p1a: Raichu|Raichu|Raichunite Y\n|detailschange|p2a: Charizard|Charizard-Mega-Y, L50, M, shiny\n|-mega|p2a: Charizard|Charizard|Charizardite Y\n|-weather|SunnyDay|[from] ability: Drought|[of] p2a: Charizard\n|move|p1a: Raichu|Fake Out|p2b: Incineroar\n|-damage|p2b: Incineroar|94/100\n|move|p2a: Charizard|Heat Wave|p1b: Incineroar|[spread] p1a,p1b\n|-resisted|p1b: Incineroar|1\n|-damage|p1a: Raichu|9/100\n|-damage|p1b: Incineroar|72/100\n|cant|p2b: Incineroar|flinch\n|\n|-weather|SunnyDay|[upkeep]\n|upkeep\n|turn|2\n|inactive|xiaoyang2004 has 30 seconds left.\n|\n|t:|1788332849\n|switch|p2a: Garchomp|Garchomp, L50, M, shiny|100/100\n|move|p1a: Raichu|Protect|p1a: Raichu\n|-singleturn|p1a: Raichu|Protect\n|move|p1b: Incineroar|Parting Shot|p2b: Incineroar\n|-unboost|p2b: Incineroar|atk|1\n|-unboost|p2b: Incineroar|spa|1\n|\n|t:|1788332874\n|switch|p1b: Ceruledge|Ceruledge, L50, M|100/100|[from] Parting Shot\n|move|p2b: Incineroar|Parting Shot|p1b: Ceruledge\n|-unboost|p1b: Ceruledge|atk|1\n|-unboost|p1b: Ceruledge|spa|1\n|\n|t:|1788332881\n|switch|p2b: Hydreigon|Hydreigon, L50, M, shiny|100/100|[from] Parting Shot\n|\n|-weather|SunnyDay|[upkeep]\n|upkeep\n|turn|3\n|\n|t:|1788332899\n|switch|p1a: Incineroar|Incineroar, L50, F|72/100\n|-ability|p1a: Incineroar|Intimidate|boost\n|-unboost|p2a: Garchomp|atk|1\n|-unboost|p2b: Hydreigon|atk|1\n|move|p1b: Ceruledge|Protect|p1b: Ceruledge\n|-singleturn|p1b: Ceruledge|Protect\n|move|p2b: Hydreigon|Flamethrower|p1a: Incineroar\n|-resisted|p1a: Incineroar|1\n|-damage|p1a: Incineroar|54/100\n|move|p2a: Garchomp|Earthquake|p1a: Incineroar|[spread] p1a\n|-activate|p1b: Ceruledge|move: Protect\n|-immune|p2b: Hydreigon|[from] ability: Levitate\n|-supereffective|p1a: Incineroar|1\n|-damage|p1a: Incineroar|0 fnt\n|faint|p1a: Incineroar\n|-damage|p2a: Garchomp|90/100|[from] item: Life Orb\n|\n|-weather|SunnyDay|[upkeep]\n|upkeep\n|\n|t:|1788332917\n|switch|p1a: Raichu|Raichu-Mega-Y, L50, M|9/100\n|turn|4\n|\n|t:|1788332935\n|switch|p2a: Incineroar|Incineroar, L50, M, shiny|94/100\n|-ability|p2a: Incineroar|Intimidate|boost\n|-unboost|p1a: Raichu|atk|1\n|-unboost|p1b: Ceruledge|atk|1\n|move|p1a: Raichu|Fake Out|p2a: Incineroar\n|-damage|p2a: Incineroar|88/100\n|move|p2b: Hydreigon|Flamethrower|p1a: Raichu\n|-damage|p1a: Raichu|0 fnt\n|faint|p1a: Raichu\n|move|p1b: Ceruledge|Bulk Up|p1b: Ceruledge\n|-boost|p1b: Ceruledge|atk|1\n|-boost|p1b: Ceruledge|def|1\n|\n|-weather|SunnyDay|[upkeep]\n|upkeep\n|\n|t:|1788332943\n|switch|p1a: Ninetales|Ninetales-Alola, L50, F|100/100\n|-weather|Snowscape|[from] ability: Snow Warning|[of] p1a: Ninetales\n|turn|5\n|\n|t:|1788332963\n|switch|p2a: Charizard|Charizard-Mega-Y, L50, M, shiny|100/100\n|-weather|SunnyDay|[from] ability: Drought|[of] p2a: Charizard\n|move|p2b: Hydreigon|Flamethrower|p1a: Ninetales\n|-supereffective|p1a: Ninetales|1\n|-damage|p1a: Ninetales|1/100\n|move|p1a: Ninetales|Blizzard|p2b: Hydreigon|[spread] p2a,p2b\n|-supereffective|p2b: Hydreigon|1\n|-damage|p2a: Charizard|75/100\n|-damage|p2b: Hydreigon|31/100\n|move|p1b: Ceruledge|Bulk Up|p1b: Ceruledge\n|-boost|p1b: Ceruledge|atk|1\n|-boost|p1b: Ceruledge|def|1\n|\n|-weather|SunnyDay|[upkeep]\n|upkeep\n|turn|6\n|\n|t:|1788332985\n|switch|p2b: Incineroar|Incineroar, L50, M, shiny|88/100\n|-ability|p2b: Incineroar|Intimidate|boost\n|-unboost|p1a: Ninetales|atk|1\n|-unboost|p1b: Ceruledge|atk|1\n|move|p1a: Ninetales|Protect|p1a: Ninetales\n|-singleturn|p1a: Ninetales|Protect\n|move|p2a: Charizard|Solar Beam||[still]\n|-prepare|p2a: Charizard|Solar Beam\n|-anim|p2a: Charizard|Solar Beam|p1a: Ninetales\n|-activate|p1a: Ninetales|move: Protect\n|move|p1b: Ceruledge|Bitter Blade|p2b: Incineroar\n|-resisted|p2b: Incineroar|1\n|-damage|p2b: Incineroar|64/100\n|\n|-weather|SunnyDay|[upkeep]\n|upkeep\n|turn|7\n|\n|t:|1788333010\n|move|p1a: Ninetales|Protect||[still]\n|-fail|p1a: Ninetales\n|move|p2a: Charizard|Solar Beam||[still]\n|-prepare|p2a: Charizard|Solar Beam\n|-anim|p2a: Charizard|Solar Beam|p1b: Ceruledge\n|-resisted|p1b: Ceruledge|1\n|-damage|p1b: Ceruledge|72/100\n|move|p1b: Ceruledge|Bulk Up|p1b: Ceruledge\n|-boost|p1b: Ceruledge|atk|1\n|-boost|p1b: Ceruledge|def|1\n|move|p2b: Incineroar|Throat Chop|p1a: Ninetales\n|-resisted|p1a: Ninetales|1\n|-damage|p1a: Ninetales|0 fnt\n|faint|p1a: Ninetales\n|\n|-weather|SunnyDay|[upkeep]\n|upkeep\n|turn|8\n|inactive|xiaoyang2004 has 30 seconds left.\n|\n|t:|1788333035\n|move|p1b: Ceruledge|Protect|p1b: Ceruledge\n|-singleturn|p1b: Ceruledge|Protect\n|move|p2a: Charizard|Solar Beam||[still]\n|-prepare|p2a: Charizard|Solar Beam\n|-anim|p2a: Charizard|Solar Beam|p1b: Ceruledge\n|-activate|p1b: Ceruledge|move: Protect\n|move|p2b: Incineroar|Parting Shot|p1b: Ceruledge\n|-activate|p1b: Ceruledge|move: Protect\n|\n|-weather|SunnyDay|[upkeep]\n|upkeep\n|turn|9\n|\n|t:|1788333050\n|move|p2a: Charizard|Solar Beam||[still]\n|-prepare|p2a: Charizard|Solar Beam\n|-anim|p2a: Charizard|Solar Beam|p1b: Ceruledge\n|-resisted|p1b: Ceruledge|1\n|-damage|p1b: Ceruledge|45/100\n|move|p1b: Ceruledge|Bitter Blade|p2a: Charizard\n|-resisted|p2a: Charizard|1\n|-damage|p2a: Charizard|32/100\n|-heal|p1b: Ceruledge|65/100|[from] drain|[of] p2a: Charizard\n|move|p2b: Incineroar|Parting Shot|p1b: Ceruledge\n|-unboost|p1b: Ceruledge|atk|1\n|-unboost|p1b: Ceruledge|spa|1\n|\n|t:|1788333062\n|switch|p2b: Hydreigon|Hydreigon, L50, M, shiny|31/100|[from] Parting Shot\n|\n|-weather|none\n|upkeep\n|turn|10\n|\n|t:|1788333072\n|switch|p2a: Incineroar|Incineroar, L50, M, shiny|64/100\n|-ability|p2a: Incineroar|Intimidate|boost\n|-unboost|p1b: Ceruledge|atk|1\n|move|p2b: Hydreigon|Dark Pulse|p1b: Ceruledge\n|-supereffective|p1b: Ceruledge|1\n|-crit|p1b: Ceruledge\n|-enditem|p1b: Ceruledge|Colbur Berry|[eat]\n|-enditem|p1b: Ceruledge|Colbur Berry|[weaken]\n|-damage|p1b: Ceruledge|7/100\n|move|p1b: Ceruledge|Bitter Blade|p2b: Hydreigon\n|-resisted|p2b: Hydreigon|1\n|-damage|p2b: Hydreigon|18/100\n|-heal|p1b: Ceruledge|13/100|[from] drain|[of] p2b: Hydreigon\n|\n|upkeep\n|turn|11\n|\n|t:|1788333089\n|move|p1b: Ceruledge|Protect|p1b: Ceruledge\n|-singleturn|p1b: Ceruledge|Protect\n|move|p2b: Hydreigon|Dark Pulse|p1b: Ceruledge\n|-activate|p1b: Ceruledge|move: Protect\n|move|p2a: Incineroar|Throat Chop|p1b: Ceruledge\n|-activate|p1b: Ceruledge|move: Protect\n|\n|upkeep\n|turn|12\n|\n|t:|1788333101\n|move|p1b: Ceruledge|Shadow Sneak|p2b: Hydreigon\n|-resisted|p2b: Hydreigon|1\n|-damage|p2b: Hydreigon|13/100\n|move|p2b: Hydreigon|Dark Pulse|p1b: Ceruledge\n|-supereffective|p1b: Ceruledge|1\n|-crit|p1b: Ceruledge\n|-damage|p1b: Ceruledge|0 fnt\n|faint|p1b: Ceruledge\n|\n|win|xiaoyang2004\n|raw|netbeanswag's rating: 1422 &rarr; <strong>1399</strong><br />(-23 for losing)\n|raw|xiaoyang2004's rating: 1364 &rarr; <strong>1387</strong><br />(+23 for winning)\n","uploadtime":1788333111,"views":"4","formatid":"gen9championsvgc2026regmb","rating":1387,"private":0,"password":null}