{"id":"gen9championsvgc2026regmbbo3-2674079262","format":"[Gen 9 Champions] VGC 2026 Reg M-B (Bo3)","players":["Amonio","DINOLONK"],"log":"|j|☆Amonio\n|j|☆DINOLONK\n|html|<table width=\"100%\"><tr><td align=\"left\">Amonio</td><td align=\"right\">DINOLONK</tr><tr><td align=\"left\"><i class=\"fa fa-circle-o\"></i> <i class=\"fa fa-circle-o\"></i> </td><td align=\"right\"><i class=\"fa fa-circle-o\"></i> <i class=\"fa fa-circle-o\"></i> </tr></table>\n|uhtml|bestof|<h2><strong>Game 1</strong> of <a href=\"/game-bestof3-gen9championsvgc2026regmbbo3-2674079261\">a best-of-3</a></h2>\n|t:|1788296262\n|gametype|doubles\n|player|p1|Amonio|102|1326\n|player|p2|DINOLONK|parasollady-gen4|1349\n|gen|9\n|tier|[Gen 9 Champions] VGC 2026 Reg M-B (Bo3)\n|rated|\n|rule|Species Clause: Limit one of each Pokémon\n|rule|Item Clause: Limit 1 of each item\n|clearpoke\n|poke|p1|Scovillain, L50, F|\n|poke|p1|Froslass, L50, F|\n|poke|p1|Lycanroc-Dusk, L50, M|\n|poke|p1|Sneasler, L50, M|\n|poke|p1|Kingambit, L50, M|\n|poke|p1|Basculegion, L50, M|\n|poke|p2|Dragonite, L50, M|\n|poke|p2|Sneasler, L50, M|\n|poke|p2|Kingambit, L50, F|\n|poke|p2|Basculegion, L50, M|\n|poke|p2|Whimsicott, L50, M|\n|poke|p2|Floette-Eternal, L50, F|\n|teampreview|4\n|showteam|p1|Scovillain||Scovillainite|Moody|Protect,RagePowder,GigaDrain,Overheat|Bold||F|||50|]Froslass||Froslassite|CursedBody|Protect,AuroraVeil,ShadowBall,Blizzard|Timid||F|||50|]Lycanroc-Dusk||FocusSash|ToughClaws|Protect,Accelerock,RockSlide,CloseCombat|Adamant||M|||50|]Sneasler||WhiteHerb|Unburden|Protect,FakeOut,CloseCombat,DireClaw|Jolly||M|||50|]Kingambit||BlackGlasses|Defiant|SuckerPunch,SwordsDance,Protect,KowtowCleave|Adamant||M|||50|]Basculegion||LifeOrb|Adaptability|WaveCrash,Protect,AquaJet,LastRespects|Adamant||M|||50|\n|showteam|p2|Dragonite||Dragoninite|InnerFocus|DragonPulse,HeatWave,Thunderbolt,Protect|Modest||M|||50|]Sneasler||WhiteHerb|Unburden|DireClaw,CloseCombat,RockSlide,FakeOut|Jolly||M|||50|]Kingambit||ChopleBerry|Defiant|KowtowCleave,SuckerPunch,LowKick,IronHead|Adamant||F|||50|]Basculegion||LifeOrb|Adaptability|WaveCrash,LastRespects,AquaJet,Protect|Adamant||M|||50|]Whimsicott||FocusSash|Prankster|Moonblast,Tailwind,Encore,Protect|Timid||M|||50|]Floette-Eternal||Floettite|FlowerVeil|Moonblast,DazzlingGleam,LightofRuin,Protect|Timid||F|||50|\n|inactive|Battle timer is ON: inactive players will automatically lose when time's up. (requested by DINOLONK)\n|\n|t:|1788296290\n|teamsize|p1|4\n|teamsize|p2|4\n|start\n|switch|p1a: Scovillain|Scovillain, L50, F|100/100\n|switch|p1b: Lycanroc|Lycanroc-Dusk, L50, M|100/100\n|switch|p2a: Sneasler|Sneasler, L50, M|100/100\n|switch|p2b: Floette|Floette-Eternal, L50, F|100/100\n|turn|1\n|\n|t:|1788296311\n|move|p1b: Lycanroc|Protect|p1b: Lycanroc\n|-singleturn|p1b: Lycanroc|Protect\n|move|p2b: Floette|Protect|p2b: Floette\n|-singleturn|p2b: Floette|Protect\n|move|p1a: Scovillain|Protect|p1a: Scovillain\n|-singleturn|p1a: Scovillain|Protect\n|move|p2a: Sneasler|Dire Claw|p1a: Scovillain\n|-activate|p1a: Scovillain|move: Protect\n|\n|-ability|p1a: Scovillain|Moody|boost\n|-boost|p1a: Scovillain|spa|2\n|-unboost|p1a: Scovillain|spe|1\n|upkeep\n|turn|2\n|\n|t:|1788296330\n|detailschange|p2b: Floette|Floette-Mega, L50, F\n|-mega|p2b: Floette|Floette|Floettite\n|-ability|p2b: Floette|Fairy Aura\n|detailschange|p1a: Scovillain|Scovillain-Mega, L50, F\n|-mega|p1a: Scovillain|Scovillain|Scovillainite\n|move|p2a: Sneasler|Dire Claw|p1a: Scovillain\n|-supereffective|p1a: Scovillain|1\n|-damage|p1a: Scovillain|25/100\n|-status|p2a: Sneasler|brn|[from] ability: Spicy Spray|[of] p1a: Scovillain\n|move|p2b: Floette|Dazzling Gleam|p1a: Scovillain|[spread] p1a,p1b\n|-resisted|p1a: Scovillain|1\n|-damage|p1a: Scovillain|0 fnt\n|-damage|p1b: Lycanroc|26/100\n|-status|p2b: Floette|brn|[from] ability: Spicy Spray|[of] p1a: Scovillain\n|faint|p1a: Scovillain\n|move|p1b: Lycanroc|Rock Slide|p2a: Sneasler|[spread] p2a,p2b\n|-resisted|p2a: Sneasler|1\n|-damage|p2a: Sneasler|74/100 brn\n|-damage|p2b: Floette|61/100 brn\n|\n|-damage|p2a: Sneasler|68/100 brn|[from] brn\n|-damage|p2b: Floette|55/100 brn|[from] brn\n|upkeep\n|\n|t:|1788296342\n|switch|p1a: Sneasler|Sneasler, L50, M|100/100\n|turn|3\n|inactive|Amonio has 30 seconds left.\n|inactive|Amonio has 20 seconds left.\n|\n|t:|1788296381\n|move|p2b: Floette|Protect|p2b: Floette\n|-singleturn|p2b: Floette|Protect\n|move|p1b: Lycanroc|Accelerock|p2a: Sneasler\n|-resisted|p2a: Sneasler|1\n|-damage|p2a: Sneasler|46/100 brn\n|move|p1a: Sneasler|Close Combat|p2a: Sneasler\n|-resisted|p2a: Sneasler|1\n|-damage|p2a: Sneasler|0 fnt\n|-unboost|p1a: Sneasler|def|1\n|-unboost|p1a: Sneasler|spd|1\n|faint|p2a: Sneasler\n|-enditem|p1a: Sneasler|White Herb\n|-clearnegativeboost|p1a: Sneasler|[silent]\n|\n|-damage|p2b: Floette|49/100 brn|[from] brn\n|upkeep\n|\n|t:|1788296391\n|switch|p2a: Whimsicott|Whimsicott, L50, M|100/100\n|turn|4\n|inactive|Amonio has 30 seconds left.\n|\n|t:|1788296425\n|move|p2a: Whimsicott|Encore|p1a: Sneasler\n|-start|p1a: Sneasler|Encore\n|move|p1a: Sneasler|Close Combat|p2b: Floette\n|-resisted|p2b: Floette|1\n|-damage|p2b: Floette|6/100 brn\n|-unboost|p1a: Sneasler|def|1\n|-unboost|p1a: Sneasler|spd|1\n|move|p2b: Floette|Dazzling Gleam|p1a: Sneasler|[spread] p1a,p1b\n|-damage|p1a: Sneasler|0 fnt\n|-damage|p1b: Lycanroc|0 fnt\n|faint|p1a: Sneasler\n|faint|p1b: Lycanroc\n|\n|-damage|p2b: Floette|1/100 brn|[from] brn\n|upkeep\n|\n|t:|1788296430\n|switch|p1b: Basculegion|Basculegion, L50, M|100/100\n|turn|5\n|\n|t:|1788296437\n|move|p1b: Basculegion|Protect|p1b: Basculegion\n|-singleturn|p1b: Basculegion|Protect\n|move|p2a: Whimsicott|Moonblast|p1b: Basculegion\n|-activate|p1b: Basculegion|move: Protect\n|move|p2b: Floette|Light of Ruin|p1b: Basculegion\n|-activate|p1b: Basculegion|move: Protect\n|\n|-damage|p2b: Floette|0 fnt|[from] brn\n|faint|p2b: Floette\n|upkeep\n|\n|t:|1788296445\n|switch|p2b: Kingambit|Kingambit, L50, F|100/100\n|turn|6\n|\n|t:|1788296456\n|move|p2a: Whimsicott|Encore|p1b: Basculegion\n|-start|p1b: Basculegion|Encore\n|move|p1b: Basculegion|Protect|p1b: Basculegion\n|-singleturn|p1b: Basculegion|Protect\n|move|p2b: Kingambit|Kowtow Cleave|p1b: Basculegion\n|-activate|p1b: Basculegion|move: Protect\n|\n|upkeep\n|turn|7\n|-message|Amonio forfeited.\n|\n|win|DINOLONK\n","uploadtime":1788296463,"views":"0","formatid":"gen9championsvgc2026regmbbo3","rating":null,"private":0,"password":null}