{"id":"gen9championsvgc2026regmb-2674523416","format":"[Gen 9 Champions] VGC 2026 Reg M-B","players":["testuzo","magicalarcher57"],"log":"|j|☆testuzo\n|j|☆magicalarcher57\n|t:|1788369798\n|gametype|doubles\n|player|p1|testuzo|169|\n|player|p2|magicalarcher57|cynthia-masters|\n|gen|9\n|tier|[Gen 9 Champions] VGC 2026 Reg M-B\n|rated|Tournament battle\n|rule|Species Clause: Limit one of each Pokémon\n|rule|Item Clause: Limit 1 of each item\n|raw|<div class=\"infobox\"><details class=\"readmore\" open><summary><strong>1 custom rule:</strong></summary> Force Open Team Sheets</details></div>\n|clearpoke\n|poke|p1|Whimsicott, L50, M, shiny|\n|poke|p1|Charizard, L50, M|\n|poke|p1|Basculegion, L50, M|\n|poke|p1|Kingambit, L50, M|\n|poke|p1|Sneasler, L50, M|\n|poke|p1|Garchomp, L50, M|\n|poke|p2|Raichu, L50, M, shiny|\n|poke|p2|Garchomp, L50, M, shiny|\n|poke|p2|Whimsicott, L50, M, shiny|\n|poke|p2|Kingambit, L50, F, shiny|\n|poke|p2|Charizard, L50, F, shiny|\n|poke|p2|Basculegion, L50, M|\n|teampreview|4\n|showteam|p1|Whimsicott||FocusSash|Prankster|Protect,Encore,Moonblast,Tailwind|Timid||M|||50|]Charizard||CharizarditeY|Blaze|WeatherBall,Protect,HeatWave,SolarBeam|Modest||M|||50|]Basculegion||MysticWater|Adaptability|WaveCrash,LastRespects,AquaJet,Protect|Adamant||M|||50|]Kingambit||ChopleBerry|Defiant|SuckerPunch,IronHead,KowtowCleave,LowKick|Adamant||M|||50|]Sneasler||WhiteHerb|Unburden|CloseCombat,DireClaw,RockTomb,Protect|Adamant||M|||50|]Garchomp||LifeOrb|RoughSkin|RockSlide,Earthquake,DragonClaw,Protect|Jolly||M|||50|\n|showteam|p2|Raichu||RaichuniteY|LightningRod|FakeOut,FocusBlast,ZapCannon,Protect|Timid||M|||50|]Garchomp||LifeOrb|RoughSkin|DragonClaw,RockSlide,StompingTantrum,Protect|Jolly||M|||50|]Whimsicott||FocusSash|Prankster|Moonblast,Tailwind,Protect,Encore|Timid||M|||50|]Kingambit||BlackGlasses|Defiant|SuckerPunch,KowtowCleave,IronHead,Protect|Adamant||F|||50|]Charizard||CharizarditeY|Blaze|WeatherBall,AncientPower,HeatWave,Protect|Modest||F|||50|]Basculegion||MysticWater|Adaptability|WaveCrash,LastRespects,AquaJet,Protect|Adamant||M|||50|\n|inactive|Battle timer is ON: inactive players will automatically lose when time's up. (requested by magicalarcher57)\n|j| robinmuister\n|l| robinmuister\n|j|@Therazer456\n|inactive|testuzo has 60 seconds left.\n|inactive|magicalarcher57 has 60 seconds left.\n|j| FranekBucz\n|inactive|testuzo has 30 seconds left.\n|\n|t:|1788369864\n|teamsize|p1|4\n|teamsize|p2|4\n|start\n|switch|p1a: Garchomp|Garchomp, L50, M|100/100\n|switch|p1b: Charizard|Charizard, L50, M|100/100\n|switch|p2a: Whimsicott|Whimsicott, L50, M, shiny|100/100\n|switch|p2b: Raichu|Raichu, L50, M, shiny|100/100\n|turn|1\n|\n|t:|1788369883\n|detailschange|p2b: Raichu|Raichu-Mega-Y, L50, M, shiny\n|-mega|p2b: Raichu|Raichu|Raichunite Y\n|detailschange|p1b: Charizard|Charizard-Mega-Y, L50, M\n|-mega|p1b: Charizard|Charizard|Charizardite Y\n|-weather|SunnyDay|[from] ability: Drought|[of] p1b: Charizard\n|move|p2b: Raichu|Protect|p2b: Raichu\n|-singleturn|p2b: Raichu|Protect\n|move|p2a: Whimsicott|Tailwind|p2a: Whimsicott\n|-sidestart|p2: magicalarcher57|move: Tailwind\n|move|p1a: Garchomp|Earthquake|p2b: Raichu|[spread] p2a\n|-activate|p2b: Raichu|move: Protect\n|-immune|p1b: Charizard\n|-resisted|p2a: Whimsicott|1\n|-damage|p2a: Whimsicott|62/100\n|-damage|p1a: Garchomp|90/100|[from] item: Life Orb\n|move|p1b: Charizard|Heat Wave|p2b: Raichu|[spread] p2a\n|-activate|p2b: Raichu|move: Protect\n|-supereffective|p2a: Whimsicott|1\n|-damage|p2a: Whimsicott|0 fnt\n|faint|p2a: Whimsicott\n|\n|-weather|SunnyDay|[upkeep]\n|upkeep\n|\n|t:|1788369886\n|switch|p2a: Garchomp|Garchomp, L50, M, shiny|100/100\n|turn|2\n|inactive|testuzo has 30 seconds left.\n|\n|t:|1788369917\n|move|p1b: Charizard|Protect|p1b: Charizard\n|-singleturn|p1b: Charizard|Protect\n|move|p2b: Raichu|Zap Cannon|p1b: Charizard\n|-activate|p1b: Charizard|move: Protect\n|move|p2a: Garchomp|Dragon Claw|p1a: Garchomp\n|-supereffective|p1a: Garchomp|1\n|-damage|p1a: Garchomp|0 fnt\n|-damage|p2a: Garchomp|87/100|[from] ability: Rough Skin|[of] p1a: Garchomp\n|faint|p1a: Garchomp\n|-damage|p2a: Garchomp|77/100|[from] item: Life Orb\n|\n|-weather|SunnyDay|[upkeep]\n|upkeep\n|\n|t:|1788369926\n|switch|p1a: Kingambit|Kingambit, L50, M|100/100\n|turn|3\n|\n|t:|1788369948\n|move|p1a: Kingambit|Sucker Punch|p2a: Garchomp\n|-damage|p2a: Garchomp|33/100\n|-damage|p1a: Kingambit|87/100|[from] ability: Rough Skin|[of] p2a: Garchomp\n|move|p2b: Raichu|Focus Blast|p1a: Kingambit\n|-supereffective|p1a: Kingambit|2\n|-enditem|p1a: Kingambit|Chople Berry|[eat]\n|-enditem|p1a: Kingambit|Chople Berry|[weaken]\n|-damage|p1a: Kingambit|0 fnt\n|faint|p1a: Kingambit\n|move|p2a: Garchomp|Rock Slide|p1b: Charizard\n|-supereffective|p1b: Charizard|2\n|-damage|p1b: Charizard|0 fnt\n|faint|p1b: Charizard\n|-damage|p2a: Garchomp|23/100|[from] item: Life Orb\n|\n|-weather|SunnyDay|[upkeep]\n|upkeep\n|\n|t:|1788369960\n|switch|p1b: Sneasler|Sneasler, L50, M|100/100\n|turn|4\n|c|☆testuzo|gg\n|l|@Therazer456\n|c| FranekBucz|hold up\n|\n|t:|1788369972\n|move|p1b: Sneasler|Protect|p1b: Sneasler\n|-singleturn|p1b: Sneasler|Protect\n|move|p2b: Raichu|Zap Cannon|p1b: Sneasler\n|-activate|p1b: Sneasler|move: Protect\n|move|p2a: Garchomp|Stomping Tantrum|p1b: Sneasler\n|-activate|p1b: Sneasler|move: Protect\n|\n|-weather|SunnyDay|[upkeep]\n|-sideend|p2: magicalarcher57|move: Tailwind\n|upkeep\n|turn|5\n|c|☆magicalarcher57|gg\n|\n|t:|1788369988\n|move|p2b: Raichu|Zap Cannon|p1b: Sneasler\n|-damage|p1b: Sneasler|19/100\n|-status|p1b: Sneasler|par\n|move|p2a: Garchomp|Stomping Tantrum|p1b: Sneasler\n|-supereffective|p1b: Sneasler|1\n|-damage|p1b: Sneasler|0 fnt\n|faint|p1b: Sneasler\n|-damage|p2a: Garchomp|14/100|[from] item: Life Orb\n|\n|win|magicalarcher57\n|n|☆testuzo|testuzo\n|n|☆magicalarcher57|magicalarcher57\n|n| FranekBucz|franekbucz\n","uploadtime":1788369989,"views":"0","formatid":"gen9championsvgc2026regmb","rating":null,"private":0,"password":null}