{"id":"gen9championsvgc2026regmbbo3-2674925071","format":"[Gen 9 Champions] VGC 2026 Reg M-B (Bo3)","players":["MinasDevilCrobats","Nonnyvibrant"],"log":"|j|☆MinasDevilCrobats\n|j|☆Nonnyvibrant\n|html|<table width=\"100%\"><tr><td align=\"left\">MinasDevilCrobats</td><td align=\"right\">Nonnyvibrant</tr><tr><td align=\"left\"><i class=\"fa fa-circle-o\"></i> <i class=\"fa fa-circle-o\"></i> </td><td align=\"right\"><i class=\"fa fa-circle-o\"></i> <i class=\"fa fa-circle-o\"></i> </tr></table>\n|uhtml|bestof|<h2><strong>Game 1</strong> of <a href=\"/game-bestof3-gen9championsvgc2026regmbbo3-2674925069\">a best-of-3</a></h2>\n|t:|1788436924\n|gametype|doubles\n|player|p1|MinasDevilCrobats|darach-caitlin|1229\n|player|p2|Nonnyvibrant|169|1179\n|gen|9\n|tier|[Gen 9 Champions] VGC 2026 Reg M-B (Bo3)\n|rated|\n|rule|Species Clause: Limit one of each Pokémon\n|rule|Item Clause: Limit 1 of each item\n|clearpoke\n|poke|p1|Grimmsnarl, L50, M|\n|poke|p1|Staraptor, L50, F|\n|poke|p1|Tyranitar, L50, F|\n|poke|p1|Excadrill, L50, M|\n|poke|p1|Milotic, L50, F|\n|poke|p1|Wyrdeer, L50, M|\n|poke|p2|Blastoise, L50, M|\n|poke|p2|Delphox, L50, M|\n|poke|p2|Sinistcha-Masterpiece, L50|\n|poke|p2|Sneasler, L50, F|\n|poke|p2|Kingambit, L50, M|\n|poke|p2|Incineroar, L50, M|\n|teampreview|4\n|showteam|p1|Grimmsnarl||LightClay|Prankster|DazzlingGleam,LightScreen,Reflect,PartingShot|Calm||M|||50|]Staraptor||Staraptite|Intimidate|CloseCombat,BraveBird,Tailwind,Protect|Jolly||F|||50|]Tyranitar||PasshoBerry|SandStream|RockSlide,LashOut,Superpower,Protect|Adamant||F|||50|]Excadrill||LifeOrb|SandRush|HighHorsepower,IronHead,RockSlide,Protect|Adamant||M|||50|]Milotic||Leftovers|Competitive|Scald,IceBeam,WeatherBall,Protect|Quiet||F|||50|]Wyrdeer||SitrusBerry|Intimidate|Psychic,EnergyBall,TrickRoom,SkillSwap|Calm||M|||50|\n|showteam|p2|Blastoise||Blastoisinite|RainDish|WaterSpout,DarkPulse,ShellSmash,Protect|Modest||M|||50|]Delphox||Delphoxite|Blaze|HeatWave,Psychic,NastyPlot,Protect|Timid||M|||50|]Sinistcha-Masterpiece||ColburBerry|Hospitality|MatchaGotcha,RagePowder,TrickRoom,Protect|Bold|||||50|]Sneasler||FocusSash|PoisonTouch|FakeOut,PoisonJab,CloseCombat,QuickGuard|Jolly||F|||50|]Kingambit||LifeOrb|Defiant|KowtowCleave,SuckerPunch,SwordsDance,Protect|Adamant||M|||50|]Incineroar||SitrusBerry|Intimidate|FakeOut,FlareBlitz,ThroatChop,PartingShot|Careful||M|||50|\n|\n|t:|1788436970\n|teamsize|p1|4\n|teamsize|p2|4\n|start\n|switch|p1a: Tyranitar|Tyranitar, L50, F|100/100\n|switch|p1b: Excadrill|Excadrill, L50, M|100/100\n|switch|p2a: Blastoise|Blastoise, L50, M|100/100\n|switch|p2b: Sinistcha|Sinistcha-Masterpiece, L50|100/100\n|-weather|Sandstorm|[from] ability: Sand Stream|[of] p1a: Tyranitar\n|turn|1\n|\n|t:|1788436990\n|detailschange|p2a: Blastoise|Blastoise-Mega, L50, M\n|-mega|p2a: Blastoise|Blastoise|Blastoisinite\n|move|p2b: Sinistcha|Rage Powder|p2b: Sinistcha\n|-singleturn|p2b: Sinistcha|move: Rage Powder\n|move|p1b: Excadrill|Rock Slide|p2a: Blastoise|[spread] p2a,p2b\n|-damage|p2a: Blastoise|76/100\n|-damage|p2b: Sinistcha|77/100\n|-damage|p1b: Excadrill|90/100|[from] item: Life Orb\n|move|p2a: Blastoise|Shell Smash|p2a: Blastoise\n|-unboost|p2a: Blastoise|def|1\n|-unboost|p2a: Blastoise|spd|1\n|-boost|p2a: Blastoise|atk|2\n|-boost|p2a: Blastoise|spa|2\n|-boost|p2a: Blastoise|spe|2\n|move|p1a: Tyranitar|Rock Slide|p2a: Blastoise|[spread] p2b\n|-miss|p1a: Tyranitar|p2a: Blastoise\n|-damage|p2b: Sinistcha|50/100g\n|\n|-weather|Sandstorm|[upkeep]\n|-damage|p2a: Blastoise|69/100|[from] Sandstorm\n|-damage|p2b: Sinistcha|44/100|[from] Sandstorm\n|upkeep\n|turn|2\n|\n|t:|1788437010\n|switch|p2b: Incineroar|Incineroar, L50, M|100/100\n|-ability|p2b: Incineroar|Intimidate|boost\n|-unboost|p1a: Tyranitar|atk|1\n|-unboost|p1b: Excadrill|atk|1\n|move|p2a: Blastoise|Protect|p2a: Blastoise\n|-singleturn|p2a: Blastoise|Protect\n|move|p1b: Excadrill|Rock Slide|p2a: Blastoise|[spread] p2b\n|-activate|p2a: Blastoise|move: Protect\n|-supereffective|p2b: Incineroar|1\n|-damage|p2b: Incineroar|64/100\n|-damage|p1b: Excadrill|80/100|[from] item: Life Orb\n|move|p1a: Tyranitar|Rock Slide|p2b: Incineroar|[spread] p2b\n|-activate|p2a: Blastoise|move: Protect\n|-supereffective|p2b: Incineroar|1\n|-damage|p2b: Incineroar|18/100\n|-enditem|p2b: Incineroar|Sitrus Berry|[eat]\n|-heal|p2b: Incineroar|42/100|[from] item: Sitrus Berry\n|\n|-weather|Sandstorm|[upkeep]\n|-damage|p2a: Blastoise|63/100|[from] Sandstorm\n|-damage|p2b: Incineroar|36/100|[from] Sandstorm\n|upkeep\n|turn|3\n|\n|t:|1788437038\n|move|p1b: Excadrill|Protect|p1b: Excadrill\n|-singleturn|p1b: Excadrill|Protect\n|move|p2b: Incineroar|Fake Out|p1b: Excadrill\n|-activate|p1b: Excadrill|move: Protect\n|move|p2a: Blastoise|Water Spout|p1b: Excadrill|[spread] p1a\n|-activate|p1b: Excadrill|move: Protect\n|-supereffective|p1a: Tyranitar|1\n|-crit|p1a: Tyranitar\n|-enditem|p1a: Tyranitar|Passho Berry|[eat]\n|-enditem|p1a: Tyranitar|Passho Berry|[weaken]\n|-damage|p1a: Tyranitar|29/100\n|move|p1a: Tyranitar|Lash Out|p2a: Blastoise\n|-damage|p2a: Blastoise|23/100\n|\n|-weather|Sandstorm|[upkeep]\n|-damage|p2a: Blastoise|17/100|[from] Sandstorm\n|-damage|p2b: Incineroar|30/100|[from] Sandstorm\n|upkeep\n|turn|4\n|\n|t:|1788437063\n|switch|p2b: Sinistcha|Sinistcha-Masterpiece, L50|44/100\n|-heal|p2a: Blastoise|42/100|[from] ability: Hospitality|[of] p2b: Sinistcha\n|move|p2a: Blastoise|Protect|p2a: Blastoise\n|-singleturn|p2a: Blastoise|Protect\n|move|p1b: Excadrill|Rock Slide|p2a: Blastoise|[spread] p2b\n|-activate|p2a: Blastoise|move: Protect\n|-damage|p2b: Sinistcha|29/100\n|-damage|p1b: Excadrill|71/100|[from] item: Life Orb\n|move|p1a: Tyranitar|Rock Slide|p2b: Sinistcha|[spread] p2b\n|-activate|p2a: Blastoise|move: Protect\n|-damage|p2b: Sinistcha|13/100\n|\n|-weather|Sandstorm|[upkeep]\n|-damage|p2a: Blastoise|36/100|[from] Sandstorm\n|-damage|p2b: Sinistcha|7/100|[from] Sandstorm\n|upkeep\n|turn|5\n|inactive|Battle timer is ON: inactive players will automatically lose when time's up. (requested by Nonnyvibrant)\n|\n|t:|1788437084\n|switch|p2b: Incineroar|Incineroar, L50, M|30/100\n|-ability|p2b: Incineroar|Intimidate|boost\n|-unboost|p1a: Tyranitar|atk|1\n|-unboost|p1b: Excadrill|atk|1\n|move|p1b: Excadrill|Rock Slide|p2a: Blastoise|[spread] p2a,p2b\n|-supereffective|p2b: Incineroar|1\n|-damage|p2a: Blastoise|18/100\n|-damage|p2b: Incineroar|3/100\n|-damage|p1b: Excadrill|61/100|[from] item: Life Orb\n|move|p2a: Blastoise|Dark Pulse|p1b: Excadrill\n|-damage|p1b: Excadrill|0 fnt\n|faint|p1b: Excadrill\n|move|p1a: Tyranitar|Rock Slide|p2b: Incineroar|[spread] p2a,p2b\n|-supereffective|p2b: Incineroar|1\n|-damage|p2a: Blastoise|0 fnt\n|-damage|p2b: Incineroar|0 fnt\n|faint|p2a: Blastoise\n|faint|p2b: Incineroar\n|\n|-weather|none\n|upkeep\n|\n|t:|1788437101\n|switch|p1b: Grimmsnarl|Grimmsnarl, L50, M|100/100\n|switch|p2a: Sinistcha|Sinistcha-Masterpiece, L50|7/100\n|switch|p2b: Kingambit|Kingambit, L50, M|100/100\n|turn|6\n|\n|t:|1788437121\n|move|p1b: Grimmsnarl|Reflect|p1b: Grimmsnarl\n|-sidestart|p1: MinasDevilCrobats|Reflect\n|move|p2a: Sinistcha|Matcha Gotcha|p1b: Grimmsnarl|[spread] p1a,p1b\n|-supereffective|p1a: Tyranitar|1\n|-damage|p1a: Tyranitar|0 fnt\n|-heal|p2a: Sinistcha|24/100|[from] drain|[of] p1a: Tyranitar\n|-damage|p1b: Grimmsnarl|80/100\n|-heal|p2a: Sinistcha|35/100|[from] drain|[of] p1b: Grimmsnarl\n|faint|p1a: Tyranitar\n|move|p2b: Kingambit|Swords Dance|p2b: Kingambit\n|-boost|p2b: Kingambit|atk|2\n|\n|upkeep\n|\n|t:|1788437126\n|switch|p1a: Staraptor|Staraptor, L50, F|100/100\n|-ability|p1a: Staraptor|Intimidate|boost\n|-unboost|p2a: Sinistcha|atk|1\n|-unboost|p2b: Kingambit|atk|1\n|-ability|p2b: Kingambit|Defiant|boost\n|-boost|p2b: Kingambit|atk|2\n|turn|7\n|inactive|Nonnyvibrant has 30 seconds left.\n|\n|t:|1788437159\n|detailschange|p1a: Staraptor|Staraptor-Mega, L50, F\n|-mega|p1a: Staraptor|Staraptor|Staraptite\n|move|p2b: Kingambit|Protect|p2b: Kingambit\n|-singleturn|p2b: Kingambit|Protect\n|move|p1a: Staraptor|Brave Bird|p2a: Sinistcha\n|-supereffective|p2a: Sinistcha|1\n|-damage|p2a: Sinistcha|0 fnt\n|faint|p2a: Sinistcha\n|-damage|p1a: Staraptor|86/100|[from] Recoil\n|move|p1b: Grimmsnarl|Dazzling Gleam|p2b: Kingambit\n|-activate|p2b: Kingambit|move: Protect\n|\n|upkeep\n|turn|8\n|\n|t:|1788437173\n|move|p1b: Grimmsnarl|Parting Shot|p1a: Staraptor\n|-boost|p1a: Staraptor|atk|1\n|-boost|p1a: Staraptor|spa|1\n|move|p2b: Kingambit|Sucker Punch|p1a: Staraptor\n|-resisted|p1a: Staraptor|1\n|-damage|p1a: Staraptor|37/100\n|-damage|p2b: Kingambit|90/100|[from] item: Life Orb\n|move|p1a: Staraptor|Close Combat|p2b: Kingambit\n|-supereffective|p2b: Kingambit|2\n|-damage|p2b: Kingambit|0 fnt\n|-boost|p1a: Staraptor|def|1\n|-boost|p1a: Staraptor|spd|1\n|faint|p2b: Kingambit\n|\n|win|MinasDevilCrobats\n","uploadtime":1788437178,"views":"1","formatid":"gen9championsvgc2026regmbbo3","rating":null,"private":0,"password":null}