{"id":"gen9championsvgc2026regmbbo3-2673384130","format":"[Gen 9 Champions] VGC 2026 Reg M-B (Bo3)","players":["spodermees","the newkbomb"],"log":"|j|☆spodermees\n|j|☆the newkbomb\n|html|<table width=\"100%\"><tr><td align=\"left\">spodermees</td><td align=\"right\">the newkbomb</tr><tr><td align=\"left\"><i class=\"fa fa-circle-o\"></i> <i class=\"fa fa-circle-o\"></i> </td><td align=\"right\"><i class=\"fa fa-circle-o\"></i> <i class=\"fa fa-circle\"></i> </tr></table>\n|uhtml|bestof|<h2><strong>Game 2</strong> of <a href=\"/game-bestof3-gen9championsvgc2026regmbbo3-2673382011\">a best-of-3</a></h2>\n|t:|1788191175\n|gametype|doubles\n|player|p1|spodermees|sailor|1154\n|player|p2|the newkbomb|1|1098\n|gen|9\n|tier|[Gen 9 Champions] VGC 2026 Reg M-B (Bo3)\n|rated|\n|rule|Species Clause: Limit one of each Pokémon\n|rule|Item Clause: Limit 1 of each item\n|clearpoke\n|poke|p1|Kingambit, L50, F|\n|poke|p1|Farigiraf, L50, F|\n|poke|p1|Charizard, L50, M|\n|poke|p1|Aerodactyl, L50, F|\n|poke|p1|Garchomp, L50, M|\n|poke|p1|Sylveon, L50, M|\n|poke|p2|Staraptor, L50, F|\n|poke|p2|Sinistcha, L50|\n|poke|p2|Tyranitar, L50, F|\n|poke|p2|Excadrill, L50, F|\n|poke|p2|Incineroar, L50, F|\n|poke|p2|Blastoise, L50, M|\n|teampreview|4\n|showteam|p1|Kingambit||FocusSash|Defiant|KowtowCleave,IronHead,LowKick,SuckerPunch|Adamant||F|||50|]Farigiraf||SitrusBerry|ArmorTail|TrickRoom,Thunderbolt,HelpingHand,SunnyDay|Serious||F|||50|]Charizard||CharizarditeY|Blaze|HeatWave,WeatherBall,SolarBeam,Protect|Modest||M|||50|]Aerodactyl||Aerodactylite|Unnerve|RockSlide,DualWingbeat,IceFang,Tailwind|Jolly||F|||50|]Garchomp||LifeOrb|RoughSkin|Protect,Earthquake,DragonClaw,StompingTantrum|Jolly||M|||50|]Sylveon||FairyFeather|Pixilate|HyperBeam,HyperVoice,QuickAttack,Protect|Modest||M|||50|\n|showteam|p2|Staraptor||Staraptite|Intimidate|CloseCombat,Protect,BraveBird,Roost|Adamant||F|||50|]Sinistcha||Leftovers|Hospitality|RagePowder,MatchaGotcha,Protect,TrickRoom|Sassy|||||50|]Tyranitar||Tyranitarite|SandStream|Protect,DragonDance,RockSlide,KnockOff|Adamant||F|||50|]Excadrill||LifeOrb|SandRush|Protect,HighHorsepower,IronHead,RockTomb|Adamant||F|||50|]Incineroar||SitrusBerry|Intimidate|FakeOut,FlareBlitz,DarkestLariat,PartingShot|Sassy||F|||50|]Blastoise||ChoiceScarf|Torrent|MuddyWater,IceBeam,DarkPulse,IcyWind|Modest||M|||50|\n|inactive|Battle timer is ON: inactive players will automatically lose when time's up. (requested by spodermees)\n|\n|t:|1788191201\n|teamsize|p1|4\n|teamsize|p2|4\n|start\n|switch|p1a: Sylveon|Sylveon, L50, M|100/100\n|switch|p1b: Charizard|Charizard, L50, M|100/100\n|switch|p2a: Staraptor|Staraptor, L50, F|100/100\n|switch|p2b: Incineroar|Incineroar, L50, F|100/100\n|-ability|p2a: Staraptor|Intimidate|boost\n|-unboost|p1a: Sylveon|atk|1\n|-unboost|p1b: Charizard|atk|1\n|-ability|p2b: Incineroar|Intimidate|boost\n|-unboost|p1a: Sylveon|atk|1\n|-unboost|p1b: Charizard|atk|1\n|turn|1\n|inactive|the newkbomb has 30 seconds left.\n|\n|t:|1788191230\n|switch|p1a: Farigiraf|Farigiraf, L50, F|100/100\n|detailschange|p1b: Charizard|Charizard-Mega-Y, L50, M\n|-mega|p1b: Charizard|Charizard|Charizardite Y\n|-weather|SunnyDay|[from] ability: Drought|[of] p1b: Charizard\n|detailschange|p2a: Staraptor|Staraptor-Mega, L50, F\n|-mega|p2a: Staraptor|Staraptor|Staraptite\n|move|p2b: Incineroar|Fake Out||[still]\n|cant|p1a: Farigiraf|ability: Armor Tail|Fake Out|[of] p2b: Incineroar\n|move|p2a: Staraptor|Close Combat|p1b: Charizard\n|-resisted|p1b: Charizard|1\n|-damage|p1b: Charizard|50/100g\n|-boost|p2a: Staraptor|def|1\n|-boost|p2a: Staraptor|spd|1\n|move|p1b: Charizard|Heat Wave|p2b: Incineroar|[spread] p2a,p2b\n|-resisted|p2b: Incineroar|1\n|-damage|p2a: Staraptor|40/100\n|-damage|p2b: Incineroar|73/100\n|\n|-weather|SunnyDay|[upkeep]\n|upkeep\n|turn|2\n|inactive|the newkbomb has 30 seconds left.\n|\n|t:|1788191257\n|switch|p1b: Garchomp|Garchomp, L50, M|100/100\n|switch|p2b: Tyranitar|Tyranitar, L50, F|100/100\n|-weather|Sandstorm|[from] ability: Sand Stream|[of] p2b: Tyranitar\n|move|p2a: Staraptor|Close Combat|p1a: Farigiraf\n|-damage|p1a: Farigiraf|33/100\n|-boost|p2a: Staraptor|def|1\n|-boost|p2a: Staraptor|spd|1\n|-enditem|p1a: Farigiraf|Sitrus Berry|[eat]\n|-heal|p1a: Farigiraf|58/100|[from] item: Sitrus Berry\n|move|p1a: Farigiraf|Thunderbolt|p2a: Staraptor\n|-supereffective|p2a: Staraptor|1\n|-damage|p2a: Staraptor|9/100\n|\n|-weather|Sandstorm|[upkeep]\n|-damage|p2a: Staraptor|3/100|[from] Sandstorm\n|-damage|p1a: Farigiraf|52/100|[from] Sandstorm\n|upkeep\n|turn|3\n|\n|t:|1788191280\n|switch|p2b: Incineroar|Incineroar, L50, F|73/100\n|-ability|p2b: Incineroar|Intimidate|boost\n|-unboost|p1a: Farigiraf|atk|1\n|-unboost|p1b: Garchomp|atk|1\n|move|p1b: Garchomp|Stomping Tantrum|p2b: Incineroar\n|-supereffective|p2b: Incineroar|1\n|-damage|p2b: Incineroar|7/100\n|-enditem|p2b: Incineroar|Sitrus Berry|[eat]\n|-heal|p2b: Incineroar|32/100|[from] item: Sitrus Berry\n|-damage|p1b: Garchomp|90/100|[from] item: Life Orb\n|move|p2a: Staraptor|Roost|p2a: Staraptor\n|-heal|p2a: Staraptor|53/100\n|-singleturn|p2a: Staraptor|move: Roost\n|move|p1a: Farigiraf|Thunderbolt|p2a: Staraptor\n|-damage|p2a: Staraptor|38/100\n|\n|-weather|Sandstorm|[upkeep]\n|-damage|p2a: Staraptor|32/100|[from] Sandstorm\n|-damage|p1a: Farigiraf|46/100|[from] Sandstorm\n|-damage|p2b: Incineroar|26/100|[from] Sandstorm\n|upkeep\n|turn|4\n|inactive|the newkbomb has 30 seconds left.\n|inactive|the newkbomb has 20 seconds left.\n|inactive|the newkbomb has 15 seconds left.\n|\n|t:|1788191322\n|move|p1a: Farigiraf|Helping Hand|p1b: Garchomp\n|-singleturn|p1b: Garchomp|Helping Hand|[of] p1a: Farigiraf\n|move|p2a: Staraptor|Protect|p2a: Staraptor\n|-singleturn|p2a: Staraptor|Protect\n|move|p1b: Garchomp|Dragon Claw|p2a: Staraptor\n|-activate|p2a: Staraptor|move: Protect\n|move|p2b: Incineroar|Darkest Lariat|p1a: Farigiraf\n|-supereffective|p1a: Farigiraf|1\n|-damage|p1a: Farigiraf|0 fnt\n|faint|p1a: Farigiraf\n|\n|-weather|Sandstorm|[upkeep]\n|-damage|p2a: Staraptor|26/100|[from] Sandstorm\n|-damage|p2b: Incineroar|20/100y|[from] Sandstorm\n|upkeep\n|\n|t:|1788191327\n|switch|p1a: Sylveon|Sylveon, L50, M|100/100\n|turn|5\n|\n|t:|1788191348\n|move|p1b: Garchomp|Dragon Claw|p2a: Staraptor\n|-damage|p2a: Staraptor|4/100\n|-damage|p1b: Garchomp|80/100|[from] item: Life Orb\n|move|p2a: Staraptor|Close Combat|p1b: Garchomp\n|-damage|p1b: Garchomp|12/100\n|-boost|p2a: Staraptor|def|1\n|-boost|p2a: Staraptor|spd|1\n|-damage|p2a: Staraptor|0 fnt|[from] ability: Rough Skin|[of] p1b: Garchomp\n|faint|p2a: Staraptor\n|move|p1a: Sylveon|Hyper Voice|p2b: Incineroar\n|-damage|p2b: Incineroar|0 fnt\n|faint|p2b: Incineroar\n|\n|-weather|Sandstorm|[upkeep]\n|-damage|p1a: Sylveon|94/100|[from] Sandstorm\n|upkeep\n|\n|t:|1788191361\n|switch|p2a: Tyranitar|Tyranitar, L50, F|100/100\n|switch|p2b: Blastoise|Blastoise, L50, M|100/100\n|turn|6\n|\n|t:|1788191381\n|move|p1b: Garchomp|Protect|p1b: Garchomp\n|-singleturn|p1b: Garchomp|Protect\n|move|p2b: Blastoise|Icy Wind|p1b: Garchomp|[spread] p1a\n|-activate|p1b: Garchomp|move: Protect\n|-damage|p1a: Sylveon|84/100\n|-unboost|p1a: Sylveon|spe|1\n|move|p2a: Tyranitar|Rock Slide|p1a: Sylveon|[spread] p1a\n|-activate|p1b: Garchomp|move: Protect\n|-damage|p1a: Sylveon|55/100\n|move|p1a: Sylveon|Hyper Voice|p2a: Tyranitar|[spread] p2a,p2b\n|-supereffective|p2a: Tyranitar|1\n|-damage|p2a: Tyranitar|46/100\n|-damage|p2b: Blastoise|52/100\n|\n|-weather|none\n|upkeep\n|turn|7\n|\n|t:|1788191401\n|move|p2b: Blastoise|Icy Wind|p1b: Garchomp|[spread] p1a,p1b\n|-crit|p1a: Sylveon\n|-supereffective|p1b: Garchomp|2\n|-damage|p1a: Sylveon|41/100\n|-damage|p1b: Garchomp|0 fnt\n|-unboost|p1a: Sylveon|spe|1\n|faint|p1b: Garchomp\n|move|p2a: Tyranitar|Rock Slide|p1a: Sylveon|[miss]\n|-miss|p2a: Tyranitar|p1a: Sylveon\n|move|p1a: Sylveon|Hyper Voice|p2b: Blastoise|[spread] p2a,p2b\n|-supereffective|p2a: Tyranitar|1\n|-damage|p2a: Tyranitar|0 fnt\n|-damage|p2b: Blastoise|8/100\n|faint|p2a: Tyranitar\n|\n|upkeep\n|\n|t:|1788191408\n|switch|p1b: Charizard|Charizard-Mega-Y, L50, M|50/100g\n|-weather|SunnyDay|[from] ability: Drought|[of] p1b: Charizard\n|turn|8\n|-message|the newkbomb forfeited.\n|\n|win|spodermees\n","uploadtime":1788191414,"views":"1","formatid":"gen9championsvgc2026regmbbo3","rating":null,"private":0,"password":null}