{"id":"gen9championsvgc2026regmb-2673872752","format":"[Gen 9 Champions] VGC 2026 Reg M-B","players":["Remydow","Nayumi_VT"],"log":"|j|☆Remydow\n|j|☆Nayumi_VT\n|t:|1788271416\n|gametype|doubles\n|player|p1|Remydow|red|1122\n|player|p2|Nayumi_VT|dahlia|1068\n|gen|9\n|tier|[Gen 9 Champions] VGC 2026 Reg M-B\n|rated|\n|rule|Species Clause: Limit one of each Pokémon\n|rule|Item Clause: Limit 1 of each item\n|clearpoke\n|poke|p1|Sinistcha, L50|\n|poke|p1|Mawile, L50, F, shiny|\n|poke|p1|Incineroar, L50, M|\n|poke|p1|Farigiraf, L50, M|\n|poke|p1|Camerupt, L50, F, shiny|\n|poke|p1|Rotom-Wash, L50|\n|poke|p2|Clefable, L50, M, shiny|\n|poke|p2|Sneasler, L50, F, shiny|\n|poke|p2|Maushold-Four, L50, shiny|\n|poke|p2|Raichu, L50, M, shiny|\n|poke|p2|Sinistcha, L50|\n|poke|p2|Incineroar, L50, M, shiny|\n|teampreview|4\n|inactive|Battle timer is ON: inactive players will automatically lose when time's up. (requested by Remydow)\n|\n|t:|1788271460\n|teamsize|p1|4\n|teamsize|p2|4\n|start\n|switch|p1a: Farigiraf|Farigiraf, L50, M|100/100\n|switch|p1b: Camerupt|Camerupt, L50, F, shiny|100/100\n|switch|p2a: Pétincable|Clefable, L50, M, shiny|100/100\n|switch|p2b: Les Alloc|Maushold-Four, L50, shiny|100/100\n|turn|1\n|\n|t:|1788271477\n|detailschange|p1b: Camerupt|Camerupt-Mega, L50, F, shiny\n|-mega|p1b: Camerupt|Camerupt|Cameruptite\n|move|p1b: Camerupt|Protect|p1b: Camerupt\n|-singleturn|p1b: Camerupt|Protect\n|move|p2b: Les Alloc|Population Bomb|p1a: Farigiraf\n|-damage|p1a: Farigiraf|92/100\n|-damage|p1a: Farigiraf|84/100\n|-damage|p1a: Farigiraf|76/100\n|-damage|p1a: Farigiraf|68/100\n|-damage|p1a: Farigiraf|59/100\n|-damage|p1a: Farigiraf|51/100\n|-damage|p1a: Farigiraf|43/100\n|-damage|p1a: Farigiraf|35/100\n|-damage|p1a: Farigiraf|27/100\n|-damage|p1a: Farigiraf|18/100\n|-hitcount|p1a: Farigiraf|10\n|move|p2a: Pétincable|Gravity|p2a: Pétincable\n|-fieldstart|move: Gravity\n|cant|p1a: Farigiraf|flinch\n|\n|upkeep\n|turn|2\n|inactive|Remydow has 30 seconds left.\n|inactive|Nayumi_VT has 30 seconds left.\n|inactive|Nayumi_VT has 20 seconds left.\n|\n|t:|1788271513\n|switch|p1a: Performative|Sinistcha, L50|100/100\n|move|p2b: Les Alloc|Population Bomb|p1b: Camerupt\n|-damage|p1b: Camerupt|93/100\n|-damage|p1b: Camerupt|85/100\n|-damage|p1b: Camerupt|77/100\n|-damage|p1b: Camerupt|70/100\n|-damage|p1b: Camerupt|62/100\n|-damage|p1b: Camerupt|55/100\n|-damage|p1b: Camerupt|48/100\n|-damage|p1b: Camerupt|40/100\n|-damage|p1b: Camerupt|33/100\n|-damage|p1b: Camerupt|25/100\n|-hitcount|p1b: Camerupt|10\n|move|p2a: Pétincable|Moonblast|p1a: Performative\n|-damage|p1a: Performative|64/100\n|cant|p1b: Camerupt|flinch\n|\n|upkeep\n|turn|3\n|inactive|Nayumi_VT has 30 seconds left.\n|inactive|Nayumi_VT has 20 seconds left.\n|\n|t:|1788271549\n|move|p1b: Camerupt|Protect|p1b: Camerupt\n|-singleturn|p1b: Camerupt|Protect\n|move|p2b: Les Alloc|Population Bomb|p1b: Camerupt\n|-activate|p1b: Camerupt|move: Protect\n|move|p2a: Pétincable|Moonblast|p1a: Performative\n|-damage|p1a: Performative|29/100\n|-unboost|p1a: Performative|spa|1\n|-enditem|p1a: Performative|Sitrus Berry|[eat]\n|-heal|p1a: Performative|53/100|[from] item: Sitrus Berry\n|move|p1a: Performative|Trick Room|p1a: Performative\n|-fieldstart|move: Trick Room|[of] p1a: Performative\n|\n|upkeep\n|turn|4\n|inactive|Remydow has 30 seconds left.\n|\n|t:|1788271579\n|move|p2a: Pétincable|Protect|p2a: Pétincable\n|-singleturn|p2a: Pétincable|Protect\n|move|p2b: Les Alloc|Protect|p2b: Les Alloc\n|-singleturn|p2b: Les Alloc|Protect\n|move|p1b: Camerupt|Earth Power|p2b: Les Alloc\n|-activate|p2b: Les Alloc|move: Protect\n|move|p1a: Performative|Matcha Gotcha|p2a: Pétincable|[spread] \n|-activate|p2a: Pétincable|move: Protect\n|-activate|p2b: Les Alloc|move: Protect\n|\n|upkeep\n|turn|5\n|\n|t:|1788271597\n|move|p2a: Pétincable|Follow Me|p2a: Pétincable\n|-singleturn|p2a: Pétincable|move: Follow Me\n|move|p1b: Camerupt|Earth Power|p2a: Pétincable\n|-damage|p2a: Pétincable|58/100\n|move|p1a: Performative|Matcha Gotcha|p2a: Pétincable|[spread] p2a,p2b\n|-damage|p2a: Pétincable|41/100\n|-heal|p1a: Performative|62/100|[from] drain|[of] p2a: Pétincable\n|-damage|p2b: Les Alloc|73/100\n|-heal|p1a: Performative|73/100|[from] drain|[of] p2b: Les Alloc\n|move|p2b: Les Alloc|Population Bomb|p1b: Camerupt\n|-damage|p1b: Camerupt|18/100\n|-damage|p1b: Camerupt|11/100\n|-damage|p1b: Camerupt|4/100\n|-damage|p1b: Camerupt|0 fnt\n|faint|p1b: Camerupt\n|-hitcount|p1: Camerupt|4\n|\n|-heal|p2a: Pétincable|47/100|[from] item: Leftovers\n|-fieldend|move: Gravity\n|upkeep\n|\n|t:|1788271611\n|switch|p1b: Rotom|Rotom-Wash, L50|100/100\n|turn|6\n|\n|t:|1788271623\n|move|p2a: Pétincable|Follow Me|p2a: Pétincable\n|-singleturn|p2a: Pétincable|move: Follow Me\n|move|p1a: Performative|Matcha Gotcha|p2b: Les Alloc|[spread] p2a,p2b\n|-damage|p2a: Pétincable|29/100\n|-heal|p1a: Performative|82/100|[from] drain|[of] p2a: Pétincable\n|-damage|p2b: Les Alloc|48/100\n|-heal|p1a: Performative|93/100|[from] drain|[of] p2b: Les Alloc\n|-status|p2a: Pétincable|brn\n|move|p1b: Rotom|Hydro Pump|p2a: Pétincable\n|-damage|p2a: Pétincable|2/100 brn\n|move|p2b: Les Alloc|Population Bomb|p1b: Rotom\n|-damage|p1b: Rotom|93/100\n|-damage|p1b: Rotom|85/100\n|-damage|p1b: Rotom|78/100\n|-damage|p1b: Rotom|70/100\n|-hitcount|p1b: Rotom|4\n|\n|-heal|p2a: Pétincable|8/100 brn|[from] item: Leftovers\n|-heal|p1b: Rotom|76/100|[from] item: Leftovers\n|-damage|p2a: Pétincable|2/100 brn|[from] brn\n|upkeep\n|turn|7\n|inactive|Nayumi_VT has 30 seconds left.\n|\n|t:|1788271649\n|move|p2b: Les Alloc|Protect|p2b: Les Alloc\n|-singleturn|p2b: Les Alloc|Protect\n|move|p2a: Pétincable|Gravity|p2a: Pétincable\n|-fieldstart|move: Gravity\n|move|p1a: Performative|Matcha Gotcha|p2a: Pétincable|[spread] p2a\n|-activate|p2b: Les Alloc|move: Protect\n|-damage|p2a: Pétincable|0 fnt\n|-heal|p1a: Performative|95/100|[from] drain|[of] p2a: Pétincable\n|faint|p2a: Pétincable\n|move|p1b: Rotom|Hydro Pump|p2b: Les Alloc\n|-activate|p2b: Les Alloc|move: Protect\n|\n|-heal|p1b: Rotom|82/100|[from] item: Leftovers\n|-fieldend|move: Trick Room\n|upkeep\n|inactive|Nayumi_VT has 30 seconds left.\n|inactive|Nayumi_VT has 20 seconds left.\n|inactive|Nayumi_VT has 15 seconds left.\n|\n|t:|1788271690\n|switch|p2a: Sinistcha|Sinistcha, L50|100/100\n|-heal|p2b: Les Alloc|73/100|[from] ability: Hospitality|[of] p2a: Sinistcha\n|turn|8\n|inactive|Nayumi_VT has 30 seconds left.\n|\n|t:|1788271723\n|move|p2a: Sinistcha|Rage Powder|p2a: Sinistcha\n|-singleturn|p2a: Sinistcha|move: Rage Powder\n|move|p2b: Les Alloc|Population Bomb|p1b: Rotom\n|-damage|p1b: Rotom|75/100\n|-damage|p1b: Rotom|68/100\n|-damage|p1b: Rotom|60/100\n|-damage|p1b: Rotom|52/100\n|-damage|p1b: Rotom|45/100\n|-damage|p1b: Rotom|38/100\n|-damage|p1b: Rotom|31/100\n|-damage|p1b: Rotom|24/100\n|-damage|p1b: Rotom|17/100\n|-damage|p1b: Rotom|9/100\n|-hitcount|p1b: Rotom|10\n|cant|p1b: Rotom|flinch\n|move|p1a: Performative|Matcha Gotcha|p2b: Les Alloc|[spread] p2a,p2b\n|-resisted|p2a: Sinistcha|1\n|-damage|p2a: Sinistcha|94/100\n|-heal|p1a: Performative|98/100|[from] drain|[of] p2a: Sinistcha\n|-damage|p2b: Les Alloc|49/100\n|-heal|p1a: Performative|100/100|[from] drain|[of] p2b: Les Alloc\n|\n|-heal|p1b: Rotom|15/100|[from] item: Leftovers\n|upkeep\n|turn|9\n|-message|Remydow forfeited.\n|\n|win|Nayumi_VT\n|raw|Remydow's rating: 1122 &rarr; <strong>1093</strong><br />(-29 for losing)\n|raw|Nayumi_VT's rating: 1068 &rarr; <strong>1102</strong><br />(+34 for winning)\n|l|☆Remydow\n|player|p1|\n","uploadtime":1788271750,"views":"8","formatid":"gen9championsvgc2026regmb","rating":1093,"private":0,"password":null}