{"id":"gen9championsvgc2026regmb-2674647224","format":"[Gen 9 Champions] VGC 2026 Reg M-B","players":["disciple of blahaj","CHUCHUSMOTE"],"log":"|j|☆disciple of blahaj\n|j|☆CHUCHUSMOTE\n|t:|1788384718\n|gametype|doubles\n|player|p1|disciple of blahaj|jacinthe|1268\n|player|p2|CHUCHUSMOTE|266|1350\n|gen|9\n|tier|[Gen 9 Champions] VGC 2026 Reg M-B\n|rated|\n|rule|Species Clause: Limit one of each Pokémon\n|rule|Item Clause: Limit 1 of each item\n|clearpoke\n|poke|p1|Mawile, L50, M, shiny|\n|poke|p1|Farigiraf, L50, F, shiny|\n|poke|p1|Sinistcha, L50|\n|poke|p1|Pelipper, L50, M|\n|poke|p1|Kommo-o, L50, F|\n|poke|p1|Raichu, L50, F, shiny|\n|poke|p2|Annihilape, L50, M|\n|poke|p2|Charizard, L50, M|\n|poke|p2|Toxapex, L50, F|\n|poke|p2|Metagross, L50|\n|poke|p2|Incineroar, L50, M|\n|poke|p2|Hydreigon, L50, M|\n|teampreview|4\n|\n|t:|1788384815\n|teamsize|p1|4\n|teamsize|p2|4\n|start\n|switch|p1a: Kommo-o|Kommo-o, L50, F|100/100\n|switch|p1b: Raichu|Raichu, L50, F, shiny|100/100\n|switch|p2a: Annihilape|Annihilape, L50, M|100/100\n|switch|p2b: Toxapex|Toxapex, L50, F|100/100\n|turn|1\n|\n|t:|1788384831\n|move|p2b: Toxapex|Baneful Bunker|p2b: Toxapex\n|-singleturn|p2b: Toxapex|move: Protect\n|move|p1b: Raichu|Fake Out|p2b: Toxapex\n|-activate|p2b: Toxapex|move: Protect\n|-status|p1b: Raichu|psn\n|move|p2a: Annihilape|Phantom Force||[still]\n|-prepare|p2a: Annihilape|Phantom Force\n|move|p1a: Kommo-o|Clangorous Soul|p1a: Kommo-o\n|-boost|p1a: Kommo-o|atk|1\n|-boost|p1a: Kommo-o|def|1\n|-boost|p1a: Kommo-o|spa|1\n|-boost|p1a: Kommo-o|spd|1\n|-boost|p1a: Kommo-o|spe|1\n|-damage|p1a: Kommo-o|67/100\n|\n|-heal|p1a: Kommo-o|73/100|[from] item: Leftovers\n|-damage|p1b: Raichu|87/100 psn|[from] psn\n|upkeep\n|turn|2\n|\n|t:|1788384848\n|move|p1a: Kommo-o|Clangorous Soul|p1a: Kommo-o\n|-boost|p1a: Kommo-o|atk|1\n|-boost|p1a: Kommo-o|def|1\n|-boost|p1a: Kommo-o|spa|1\n|-boost|p1a: Kommo-o|spd|1\n|-boost|p1a: Kommo-o|spe|1\n|-damage|p1a: Kommo-o|40/100\n|move|p1b: Raichu|Thunder|p2b: Toxapex\n|-supereffective|p2b: Toxapex|1\n|-damage|p2b: Toxapex|46/100\n|move|p2a: Annihilape|Phantom Force|p1b: Raichu|[from] lockedmove\n|-damage|p1b: Raichu|16/100 psn\n|move|p2b: Toxapex|Toxic|p1a: Kommo-o\n|-status|p1a: Kommo-o|tox\n|\n|-heal|p1a: Kommo-o|46/100 tox|[from] item: Leftovers\n|-heal|p2b: Toxapex|52/100|[from] item: Leftovers\n|-damage|p1a: Kommo-o|40/100 tox|[from] psn\n|-damage|p1b: Raichu|4/100 psn|[from] psn\n|upkeep\n|turn|3\n|\n|t:|1788384876\n|switch|p2a: Incineroar|Incineroar, L50, M|100/100\n|-ability|p2a: Incineroar|Intimidate|boost\n|-unboost|p1a: Kommo-o|atk|1\n|-unboost|p1b: Raichu|atk|1\n|move|p2b: Toxapex|Baneful Bunker|p2b: Toxapex\n|-singleturn|p2b: Toxapex|move: Protect\n|move|p1a: Kommo-o|Clanging Scales|p2b: Toxapex|[spread] p2a\n|-activate|p2b: Toxapex|move: Protect\n|-damage|p2a: Incineroar|39/100\n|-enditem|p2a: Incineroar|Sitrus Berry|[eat]\n|-heal|p2a: Incineroar|63/100|[from] item: Sitrus Berry\n|-unboost|p1a: Kommo-o|def|1\n|move|p1b: Raichu|Thunder|p2a: Incineroar\n|-damage|p2a: Incineroar|32/100\n|\n|-heal|p1a: Kommo-o|46/100 tox|[from] item: Leftovers\n|-heal|p2b: Toxapex|57/100|[from] item: Leftovers\n|-damage|p1a: Kommo-o|34/100 tox|[from] psn\n|-damage|p1b: Raichu|0 fnt|[from] psn\n|faint|p1b: Raichu\n|upkeep\n|\n|t:|1788384895\n|switch|p1b: Mawile|Mawile, L50, M, shiny|100/100\n|-ability|p1b: Mawile|Intimidate|boost\n|-unboost|p2a: Incineroar|atk|1\n|-unboost|p2b: Toxapex|atk|1\n|turn|4\n|l|☆disciple of blahaj\n|player|p1|\n|j|☆disciple of blahaj\n|player|p1|disciple of blahaj|jacinthe|\n|\n|t:|1788384946\n|detailschange|p1b: Mawile|Mawile-Mega, L50, M, shiny\n|-mega|p1b: Mawile|Mawile|Mawilite\n|move|p1a: Kommo-o|Protect|p1a: Kommo-o\n|-singleturn|p1a: Kommo-o|Protect\n|move|p2a: Incineroar|Fake Out|p1a: Kommo-o\n|-activate|p1a: Kommo-o|move: Protect\n|move|p1b: Mawile|Play Rough|p2a: Incineroar\n|-damage|p2a: Incineroar|0 fnt\n|faint|p2a: Incineroar\n|move|p2b: Toxapex|Infestation|p1b: Mawile\n|-resisted|p1b: Mawile|2\n|-damage|p1b: Mawile|99/100\n|-activate|p1b: Mawile|move: Infestation|[of] p2b: Toxapex\n|\n|-heal|p1a: Kommo-o|40/100 tox|[from] item: Leftovers\n|-heal|p2b: Toxapex|63/100|[from] item: Leftovers\n|-damage|p1a: Kommo-o|21/100 tox|[from] psn\n|-damage|p1b: Mawile|87/100|[from] move: Infestation|[partiallytrapped]\n|upkeep\n|\n|t:|1788384955\n|switch|p2a: Annihilape|Annihilape, L50, M|100/100\n|turn|5\n|c|☆CHUCHUSMOTE|Bro literraly I Win\n|c|☆CHUCHUSMOTE|u Dont need to play more bro\n|\n|t:|1788384988\n|move|p2b: Toxapex|Baneful Bunker|p2b: Toxapex\n|-singleturn|p2b: Toxapex|move: Protect\n|move|p1b: Mawile|Sucker Punch|p2a: Annihilape\n|-damage|p2a: Annihilape|49/100\n|move|p1a: Kommo-o|Clanging Scales|p2a: Annihilape|[spread] p2a\n|-activate|p2b: Toxapex|move: Protect\n|-damage|p2a: Annihilape|0 fnt\n|faint|p2a: Annihilape\n|-unboost|p1a: Kommo-o|def|1\n|\n|-heal|p1a: Kommo-o|28/100 tox|[from] item: Leftovers\n|-heal|p2b: Toxapex|69/100|[from] item: Leftovers\n|-damage|p1a: Kommo-o|3/100 tox|[from] psn\n|-damage|p1b: Mawile|75/100|[from] move: Infestation|[partiallytrapped]\n|upkeep\n|\n|t:|1788385000\n|switch|p2a: Metagross|Metagross, L50|100/100\n|turn|6\n|\n|t:|1788385041\n|detailschange|p2a: Metagross|Metagross-Mega, L50\n|-mega|p2a: Metagross|Metagross|Metagrossite\n|move|p2a: Metagross|Bullet Punch|p1a: Kommo-o\n|-damage|p1a: Kommo-o|0 fnt\n|faint|p1a: Kommo-o\n|move|p1b: Mawile|Swords Dance|p1b: Mawile\n|-boost|p1b: Mawile|atk|2\n|move|p2b: Toxapex|Infestation|p1b: Mawile\n|-resisted|p1b: Mawile|2\n|-damage|p1b: Mawile|74/100\n|\n|-heal|p2b: Toxapex|75/100|[from] item: Leftovers\n|-damage|p1b: Mawile|62/100|[from] move: Infestation|[partiallytrapped]\n|upkeep\n|\n|t:|1788385054\n|switch|p1a: Pelipper|Pelipper, L50, M|100/100\n|-weather|RainDance|[from] ability: Drizzle|[of] p1a: Pelipper\n|turn|7\n|\n|t:|1788385073\n|move|p1b: Mawile|Protect|p1b: Mawile\n|-singleturn|p1b: Mawile|Protect\n|move|p2a: Metagross|Stomping Tantrum|p1b: Mawile\n|-activate|p1b: Mawile|move: Protect\n|move|p1a: Pelipper|Weather Ball|p2a: Metagross\n|-damage|p2a: Metagross|15/100\n|-damage|p1a: Pelipper|90/100|[from] item: Life Orb\n|move|p2b: Toxapex|Toxic|p1a: Pelipper\n|-status|p1a: Pelipper|tox\n|\n|-weather|RainDance|[upkeep]\n|-heal|p2b: Toxapex|80/100|[from] item: Leftovers\n|-damage|p1a: Pelipper|84/100 tox|[from] psn\n|-damage|p1b: Mawile|50/100g|[from] move: Infestation|[partiallytrapped]\n|upkeep\n|turn|8\n|\n|t:|1788385103\n|move|p2a: Metagross|Protect|p2a: Metagross\n|-singleturn|p2a: Metagross|Protect\n|move|p1b: Mawile|Sucker Punch||[still]\n|-fail|p1b: Mawile\n|move|p1a: Pelipper|Hurricane|p2b: Toxapex\n|-damage|p2b: Toxapex|28/100\n|-damage|p1a: Pelipper|74/100 tox|[from] item: Life Orb\n|move|p2b: Toxapex|Infestation|p1a: Pelipper\n|-resisted|p1a: Pelipper|1\n|-damage|p1a: Pelipper|72/100 tox\n|-activate|p1a: Pelipper|move: Infestation|[of] p2b: Toxapex\n|\n|-weather|RainDance|[upkeep]\n|-heal|p2b: Toxapex|33/100|[from] item: Leftovers\n|-damage|p1a: Pelipper|60/100 tox|[from] psn\n|-damage|p1a: Pelipper|48/100 tox|[from] move: Infestation|[partiallytrapped]\n|-damage|p1b: Mawile|38/100|[from] move: Infestation|[partiallytrapped]\n|upkeep\n|turn|9\n|\n|t:|1788385119\n|move|p2a: Metagross|Protect||[still]\n|-fail|p2a: Metagross\n|move|p1b: Mawile|Protect|p1b: Mawile\n|-singleturn|p1b: Mawile|Protect\n|move|p1a: Pelipper|Weather Ball|p2a: Metagross\n|-damage|p2a: Metagross|0 fnt\n|faint|p2a: Metagross\n|-damage|p1a: Pelipper|38/100 tox|[from] item: Life Orb\n|move|p2b: Toxapex|Infestation|p1b: Mawile\n|-activate|p1b: Mawile|move: Protect\n|\n|-weather|RainDance|[upkeep]\n|-heal|p2b: Toxapex|39/100|[from] item: Leftovers\n|-damage|p1a: Pelipper|20/100y tox|[from] psn\n|-damage|p1a: Pelipper|8/100 tox|[from] move: Infestation|[partiallytrapped]\n|-end|p1b: Mawile|Infestation|[partiallytrapped]\n|upkeep\n|turn|10\n|-message|CHUCHUSMOTE forfeited.\n|\n|win|disciple of blahaj\n|raw|disciple of blahaj's rating: 1268 &rarr; <strong>1299</strong><br />(+31 for winning)\n|raw|CHUCHUSMOTE's rating: 1350 &rarr; <strong>1325</strong><br />(-25 for losing)\n|l|☆CHUCHUSMOTE\n|player|p2|\n","uploadtime":1788385160,"views":"0","formatid":"gen9championsvgc2026regmb","rating":1299,"private":0,"password":null}