{"id":"gen9championsvgc2026regmbbo3-2673525699","format":"[Gen 9 Champions] VGC 2026 Reg M-B (Bo3)","players":["ANightmareProbably","UwJU"],"log":"|j|☆ANightmareProbably\n|j|☆UwJU\n|html|<table width=\"100%\"><tr><td align=\"left\">ANightmareProbably</td><td align=\"right\">UwJU</tr><tr><td align=\"left\"><i class=\"fa fa-circle\"></i> <i class=\"fa fa-circle-o\"></i> </td><td align=\"right\"><i class=\"fa fa-circle-o\"></i> <i class=\"fa fa-circle-o\"></i> </tr></table>\n|uhtml|bestof|<h2><strong>Game 2</strong> of <a href=\"/game-bestof3-gen9championsvgc2026regmbbo3-2673523417\">a best-of-3</a></h2>\n|t:|1788208526\n|gametype|doubles\n|player|p1|ANightmareProbably|169|1094\n|player|p2|UwJU|1|1000\n|gen|9\n|tier|[Gen 9 Champions] VGC 2026 Reg M-B (Bo3)\n|rated|\n|rule|Species Clause: Limit one of each Pokémon\n|rule|Item Clause: Limit 1 of each item\n|clearpoke\n|poke|p1|Furfrou, L50, M, shiny|\n|poke|p1|Staraptor, L50, F|\n|poke|p1|Aerodactyl, L50, F|\n|poke|p1|Gholdengo, L50|\n|poke|p1|Vanilluxe, L50, M, shiny|\n|poke|p1|Garchomp, L50, M|\n|poke|p2|Staraptor, L50, F|\n|poke|p2|Gholdengo, L50|\n|poke|p2|Whimsicott, L50, F|\n|poke|p2|Floette-Eternal, L50, F|\n|poke|p2|Garchomp, L50, M|\n|poke|p2|Glimmora, L50, M|\n|teampreview|4\n|showteam|p1|Furfrou||ChopleBerry|FurCoat|SuckerPunch,Charm,HelpingHand,PsychicFangs|Adamant||M|||50|]Staraptor||Staraptite|Intimidate|BraveBird,CloseCombat,Uturn,Protect|Adamant||F|||50|]Aerodactyl||FocusSash|Unnerve|RockSlide,WideGuard,Protect,Tailwind|Jolly||F|||50|]Gholdengo||LifeOrb|GoodasGold|Protect,ShadowBall,MakeItRain,PowerGem|Modest|||||50|]Vanilluxe||NeverMeltIce|SnowWarning|Blizzard,FreezeDry,Protect,IceShard|Modest||M|||50|]Garchomp||ChoiceScarf|RoughSkin|DragonClaw,Earthquake,RockSlide,StompingTantrum|Adamant||M|||50|\n|showteam|p2|Staraptor||Staraptite|Intimidate|Protect,CloseCombat,BraveBird,Roost|Adamant||F|||50|]Gholdengo||LifeOrb|GoodasGold|Protect,MakeItRain,ShadowBall,NastyPlot|Timid|||||50|]Whimsicott||FairyFeather|Prankster|Moonblast,Tailwind,Encore,Charm|Timid||F|||50|]Floette-Eternal||Floettite|FlowerVeil|Protect,DazzlingGleam,Moonblast,LightofRuin|Timid||F|||50|]Garchomp||SitrusBerry|RoughSkin|Protect,StompingTantrum,RockSlide,DragonClaw|Jolly||M|||50|]Glimmora||FocusSash|ToxicDebris|SpikyShield,SludgeBomb,EarthPower,PowerGem|Timid||M|||50|\n|\n|t:|1788208556\n|teamsize|p1|4\n|teamsize|p2|4\n|start\n|switch|p1a: Gholdengo|Gholdengo, L50|100/100\n|switch|p1b: Aerodactyl|Aerodactyl, L50, F|100/100\n|switch|p2a: Garchomp|Garchomp, L50, M|100/100\n|switch|p2b: Whimsicott|Whimsicott, L50, F|100/100\n|-ability|p1b: Aerodactyl|Unnerve\n|turn|1\n|\n|t:|1788208573\n|move|p1a: Gholdengo|Protect|p1a: Gholdengo\n|-singleturn|p1a: Gholdengo|Protect\n|move|p2b: Whimsicott|Tailwind|p2b: Whimsicott\n|-sidestart|p2: UwJU|move: Tailwind\n|move|p2a: Garchomp|Stomping Tantrum|p1a: Gholdengo\n|-activate|p1a: Gholdengo|move: Protect\n|move|p1b: Aerodactyl|Tailwind|p1b: Aerodactyl\n|-sidestart|p1: ANightmareProbably|move: Tailwind\n|\n|upkeep\n|turn|2\n|\n|t:|1788208599\n|switch|p1a: Staraptor|Staraptor, L50, F|100/100\n|-ability|p1a: Staraptor|Intimidate|boost\n|-unboost|p2a: Garchomp|atk|1\n|-unboost|p2b: Whimsicott|atk|1\n|move|p1b: Aerodactyl|Rock Slide|p2b: Whimsicott|[spread] p2a,p2b\n|-resisted|p2a: Garchomp|1\n|-damage|p2a: Garchomp|87/100\n|-damage|p2b: Whimsicott|69/100\n|move|p2b: Whimsicott|Moonblast|p1b: Aerodactyl\n|-damage|p1b: Aerodactyl|52/100\n|cant|p2a: Garchomp|flinch\n|\n|upkeep\n|turn|3\n|\n|t:|1788208619\n|detailschange|p1a: Staraptor|Staraptor-Mega, L50, F\n|-mega|p1a: Staraptor|Staraptor|Staraptite\n|move|p1b: Aerodactyl|Rock Slide|p2b: Whimsicott|[spread] p2a,p2b\n|-resisted|p2a: Garchomp|1\n|-damage|p2a: Garchomp|74/100\n|-damage|p2b: Whimsicott|37/100\n|move|p2b: Whimsicott|Moonblast|p1a: Staraptor\n|-supereffective|p1a: Staraptor|1\n|-damage|p1a: Staraptor|33/100\n|move|p2a: Garchomp|Rock Slide|p1a: Staraptor|[spread] p1a,p1b\n|-crit|p1a: Staraptor\n|-supereffective|p1b: Aerodactyl|1\n|-damage|p1a: Staraptor|1/100\n|-damage|p1b: Aerodactyl|12/100\n|move|p1a: Staraptor|Close Combat|p2a: Garchomp\n|-damage|p2a: Garchomp|1/100\n|-boost|p1a: Staraptor|def|1\n|-boost|p1a: Staraptor|spd|1\n|-damage|p1a: Staraptor|0 fnt|[from] ability: Rough Skin|[of] p2a: Garchomp\n|faint|p1a: Staraptor\n|\n|upkeep\n|j| Desirety\n|l| Desirety\n|\n|t:|1788208644\n|switch|p1a: Gholdengo|Gholdengo, L50|100/100\n|turn|4\n|\n|t:|1788208656\n|move|p2a: Garchomp|Protect|p2a: Garchomp\n|-singleturn|p2a: Garchomp|Protect\n|move|p1a: Gholdengo|Protect|p1a: Gholdengo\n|-singleturn|p1a: Gholdengo|Protect\n|move|p1b: Aerodactyl|Rock Slide|p2a: Garchomp|[spread] p2b\n|-activate|p2a: Garchomp|move: Protect\n|-damage|p2b: Whimsicott|2/100\n|move|p2b: Whimsicott|Moonblast|p1b: Aerodactyl\n|-damage|p1b: Aerodactyl|0 fnt\n|-enditem|p2a: Garchomp|Sitrus Berry|[eat]\n|-heal|p2a: Garchomp|26/100|[from] item: Sitrus Berry\n|faint|p1b: Aerodactyl\n|\n|-sideend|p2: UwJU|move: Tailwind\n|-sideend|p1: ANightmareProbably|move: Tailwind\n|upkeep\n|\n|t:|1788208670\n|switch|p1b: Vanilluxe|Vanilluxe, L50, M, shiny|100/100\n|-weather|Snowscape|[from] ability: Snow Warning|[of] p1b: Vanilluxe\n|turn|5\n|\n|t:|1788208688\n|move|p1b: Vanilluxe|Ice Shard|p2a: Garchomp\n|-supereffective|p2a: Garchomp|2\n|-damage|p2a: Garchomp|0 fnt\n|faint|p2a: Garchomp\n|move|p2b: Whimsicott|Moonblast|p1b: Vanilluxe\n|-damage|p1b: Vanilluxe|64/100\n|-unboost|p1b: Vanilluxe|spa|1\n|move|p1a: Gholdengo|Shadow Ball|p2b: Whimsicott\n|-damage|p2b: Whimsicott|0 fnt\n|faint|p2b: Whimsicott\n|-damage|p1a: Gholdengo|90/100|[from] item: Life Orb\n|\n|-weather|Snowscape|[upkeep]\n|upkeep\n|\n|t:|1788208701\n|switch|p2b: Glimmora|Glimmora, L50, M|100/100\n|switch|p2a: Staraptor|Staraptor, L50, F|100/100\n|-ability|p2a: Staraptor|Intimidate|boost\n|-unboost|p1a: Gholdengo|atk|1\n|-unboost|p1b: Vanilluxe|atk|1\n|turn|6\n|\n|t:|1788208720\n|detailschange|p2a: Staraptor|Staraptor-Mega, L50, F\n|-mega|p2a: Staraptor|Staraptor|Staraptite\n|move|p1b: Vanilluxe|Protect|p1b: Vanilluxe\n|-singleturn|p1b: Vanilluxe|Protect\n|move|p2a: Staraptor|Close Combat|p1b: Vanilluxe\n|-activate|p1b: Vanilluxe|move: Protect\n|move|p2b: Glimmora|Earth Power|p1a: Gholdengo\n|-supereffective|p1a: Gholdengo|1\n|-damage|p1a: Gholdengo|23/100\n|move|p1a: Gholdengo|Make It Rain|p2b: Glimmora|[spread] p2b\n|-miss|p1a: Gholdengo|p2a: Staraptor\n|-supereffective|p2b: Glimmora|1\n|-enditem|p2b: Glimmora|Focus Sash\n|-damage|p2b: Glimmora|1/100\n|-unboost|p1a: Gholdengo|spa|2\n|-damage|p1a: Gholdengo|13/100|[from] item: Life Orb\n|\n|-weather|Snowscape|[upkeep]\n|upkeep\n|turn|7\n|\n|t:|1788208751\n|move|p1b: Vanilluxe|Ice Shard|p2b: Glimmora\n|-damage|p2b: Glimmora|0 fnt\n|-activate|p2b: Glimmora|ability: Toxic Debris\n|-sidestart|p1: ANightmareProbably|move: Toxic Spikes\n|faint|p2b: Glimmora\n|move|p2a: Staraptor|Close Combat|p1b: Vanilluxe\n|-supereffective|p1b: Vanilluxe|1\n|-damage|p1b: Vanilluxe|0 fnt\n|-boost|p2a: Staraptor|def|1\n|-boost|p2a: Staraptor|spd|1\n|faint|p1b: Vanilluxe\n|move|p1a: Gholdengo|Shadow Ball|p2a: Staraptor\n|-damage|p2a: Staraptor|77/100\n|-damage|p1a: Gholdengo|3/100|[from] item: Life Orb\n|\n|-weather|Snowscape|[upkeep]\n|upkeep\n|turn|8\n|-message|ANightmareProbably forfeited.\n|\n|win|UwJU\n|l|☆ANightmareProbably\n|player|p1|\n||ANightmareProbably is ready for game 3.\n||UwJU is ready for game 3.\n|uhtml|next|Next: <a href=\"/battle-gen9championsvgc2026regmbbo3-2673527617\"><strong>Game 3 of 3</strong></a>\n","uploadtime":1788208983,"views":"3","formatid":"gen9championsvgc2026regmbbo3","rating":null,"private":0,"password":null}