{"id":"gen9championsvgc2026regmbbo3-2673853267","format":"[Gen 9 Champions] VGC 2026 Reg M-B (Bo3)","players":["gorizq","IronSerpentFan"],"log":"|j|☆gorizq\n|j|☆IronSerpentFan\n|html|<table width=\"100%\"><tr><td align=\"left\">gorizq</td><td align=\"right\">IronSerpentFan</tr><tr><td align=\"left\"><i class=\"fa fa-circle-o\"></i> <i class=\"fa fa-circle-o\"></i> </td><td align=\"right\"><i class=\"fa fa-circle-o\"></i> <i class=\"fa fa-circle\"></i> </tr></table>\n|uhtml|bestof|<h2><strong>Game 2</strong> of <a href=\"/game-bestof3-gen9championsvgc2026regmbbo3-2673851541\">a best-of-3</a></h2>\n|t:|1788268746\n|gametype|doubles\n|player|p1|gorizq|2|1005\n|player|p2|IronSerpentFan|schoolkid-gen4|1089\n|gen|9\n|tier|[Gen 9 Champions] VGC 2026 Reg M-B (Bo3)\n|rated|\n|rule|Species Clause: Limit one of each Pokémon\n|rule|Item Clause: Limit 1 of each item\n|clearpoke\n|poke|p1|Basculegion, L50, M|\n|poke|p1|Charizard, L50, M|\n|poke|p1|Archaludon, L50, M|\n|poke|p1|Pelipper, L50, F|\n|poke|p1|Venusaur, L50, M|\n|poke|p1|Grimmsnarl, L50, M|\n|poke|p2|Politoed, L50, F|\n|poke|p2|Gengar, L50, F|\n|poke|p2|Incineroar, L50, M|\n|poke|p2|Sinistcha, L50|\n|poke|p2|Whimsicott, L50, M|\n|poke|p2|Staraptor, L50, M|\n|teampreview|4\n|showteam|p1|Basculegion||LifeOrb|Adaptability|WaveCrash,LastRespects,FlipTurn,AquaJet|Jolly||M|||50|]Charizard||CharizarditeY|Blaze|HeatWave,SolarBeam,WeatherBall,Protect|Timid||M|||50|]Archaludon||Leftovers|Stamina|ElectroShot,DragonPulse,FlashCannon,Protect|Timid||M|||50|]Pelipper||SitrusBerry|Drizzle|WeatherBall,Hurricane,Tailwind,WideGuard|Modest||F|||50|]Venusaur||Venusaurite|Chlorophyll|GigaDrain,EarthPower,SludgeBomb,SleepPowder|Modest||M|||50|]Grimmsnarl||LightClay|Prankster|SpiritBreak,PartingShot,Reflect,LightScreen|Careful||M|||50|\n|showteam|p2|Politoed||SitrusBerry|Drizzle|Protect,Encore,WeatherBall,PerishSong|Modest||F|||50|]Gengar||Gengarite|CursedBody|Protect,Disable,ShadowBall,SludgeBomb|Timid||F|||50|]Incineroar||PasshoBerry|Intimidate|Protect,FakeOut,ThroatChop,PartingShot|Sassy||M|||50|]Sinistcha||ColburBerry|Hospitality|Protect,RagePowder,MatchaGotcha,TrickRoom|Sassy|||||50|]Whimsicott||FocusSash|Prankster|Protect,Tailwind,Moonblast,Charm|Timid||M|||50|]Staraptor||Staraptite|Intimidate|Protect,Roost,CloseCombat,BraveBird|Jolly||M|||50|\n|inactive|Battle timer is ON: inactive players will automatically lose when time's up. (requested by IronSerpentFan)\n|j| HamneKamon\n|l| HamneKamon\n|c|☆IronSerpentFan|glhf\n|inactive|gorizq has 60 seconds left.\n|inactive|IronSerpentFan has 60 seconds left.\n|\n|t:|1788268786\n|teamsize|p1|4\n|teamsize|p2|4\n|start\n|switch|p1a: Pelipper|Pelipper, L50, F|100/100\n|switch|p1b: Archaludon|Archaludon, L50, M|100/100\n|switch|p2a: Whimsicott|Whimsicott, L50, M|100/100\n|switch|p2b: Staraptor|Staraptor, L50, M|100/100\n|-ability|p2b: Staraptor|Intimidate|boost\n|-unboost|p1a: Pelipper|atk|1\n|-unboost|p1b: Archaludon|atk|1\n|-weather|RainDance|[from] ability: Drizzle|[of] p1a: Pelipper\n|turn|1\n|inactive|IronSerpentFan has 30 seconds left.\n|\n|t:|1788268816\n|switch|p2a: Sinistcha|Sinistcha, L50|100/100\n|detailschange|p2b: Staraptor|Staraptor-Mega, L50, M\n|-mega|p2b: Staraptor|Staraptor|Staraptite\n|move|p2b: Staraptor|Protect|p2b: Staraptor\n|-singleturn|p2b: Staraptor|Protect\n|move|p1b: Archaludon|Protect|p1b: Archaludon\n|-singleturn|p1b: Archaludon|Protect\n|move|p1a: Pelipper|Hurricane|p2b: Staraptor\n|-activate|p2b: Staraptor|move: Protect\n|\n|-weather|RainDance|[upkeep]\n|upkeep\n|turn|2\n|\n|t:|1788268828\n|switch|p1b: Venusaur|Venusaur, L50, M|100/100\n|move|p2a: Sinistcha|Rage Powder|p2a: Sinistcha\n|-singleturn|p2a: Sinistcha|move: Rage Powder\n|move|p2b: Staraptor|Close Combat|p1a: Pelipper\n|-resisted|p1a: Pelipper|1\n|-damage|p1a: Pelipper|68/100\n|-boost|p2b: Staraptor|def|1\n|-boost|p2b: Staraptor|spd|1\n|move|p1a: Pelipper|Tailwind|p1a: Pelipper\n|-sidestart|p1: gorizq|move: Tailwind\n|\n|-weather|RainDance|[upkeep]\n|upkeep\n|turn|3\n|\n|t:|1788268849\n|move|p2b: Staraptor|Protect|p2b: Staraptor\n|-singleturn|p2b: Staraptor|Protect\n|move|p1b: Venusaur|Sludge Bomb|p2a: Sinistcha\n|-damage|p2a: Sinistcha|59/100\n|-status|p2a: Sinistcha|psn\n|move|p1a: Pelipper|Hurricane|p2b: Staraptor\n|-activate|p2b: Staraptor|move: Protect\n|move|p2a: Sinistcha|Trick Room|p2a: Sinistcha\n|-fieldstart|move: Trick Room|[of] p2a: Sinistcha\n|\n|-weather|RainDance|[upkeep]\n|-damage|p2a: Sinistcha|46/100 psn|[from] psn\n|upkeep\n|turn|4\n|\n|t:|1788268872\n|move|p2a: Sinistcha|Rage Powder|p2a: Sinistcha\n|-singleturn|p2a: Sinistcha|move: Rage Powder\n|move|p2b: Staraptor|Brave Bird|p1b: Venusaur\n|-supereffective|p1b: Venusaur|1\n|-damage|p1b: Venusaur|0 fnt\n|faint|p1b: Venusaur\n|-damage|p2b: Staraptor|72/100|[from] Recoil\n|move|p1a: Pelipper|Hurricane|p2a: Sinistcha\n|-supereffective|p2a: Sinistcha|1\n|-damage|p2a: Sinistcha|0 fnt\n|faint|p2a: Sinistcha\n|\n|-weather|RainDance|[upkeep]\n|upkeep\n|\n|t:|1788268892\n|switch|p2a: Whimsicott|Whimsicott, L50, M|100/100\n|switch|p1b: Archaludon|Archaludon, L50, M|100/100\n|turn|5\n|\n|t:|1788268912\n|move|p2a: Whimsicott|Charm|p2b: Staraptor\n|-boost|p2b: Staraptor|atk|2\n|move|p2b: Staraptor|Close Combat|p1a: Pelipper\n|-resisted|p1a: Pelipper|1\n|-damage|p1a: Pelipper|7/100\n|-boost|p2b: Staraptor|def|1\n|-boost|p2b: Staraptor|spd|1\n|-enditem|p1a: Pelipper|Sitrus Berry|[eat]\n|-heal|p1a: Pelipper|32/100|[from] item: Sitrus Berry\n|move|p1a: Pelipper|Hurricane|p2b: Staraptor\n|-supereffective|p2b: Staraptor|1\n|-damage|p2b: Staraptor|20/100y\n|-start|p2b: Staraptor|confusion\n|move|p1b: Archaludon|Electro Shot||[still]\n|-prepare|p1b: Archaludon|Electro Shot\n|-boost|p1b: Archaludon|spa|1\n|-anim|p1b: Archaludon|Electro Shot|p2b: Staraptor\n|-supereffective|p2b: Staraptor|1\n|-damage|p2b: Staraptor|0 fnt\n|faint|p2b: Staraptor\n|\n|-weather|none\n|-sideend|p1: gorizq|move: Tailwind\n|upkeep\n|\n|t:|1788268926\n|switch|p2b: Politoed|Politoed, L50, F|100/100\n|-weather|RainDance|[from] ability: Drizzle|[of] p2b: Politoed\n|turn|6\n|c|☆IronSerpentFan|ggwp\n|inactive|IronSerpentFan has 30 seconds left.\n|-message|IronSerpentFan forfeited.\n|\n|win|gorizq\n","uploadtime":1788268957,"views":"0","formatid":"gen9championsvgc2026regmbbo3","rating":null,"private":0,"password":null}