{"id":"gen9championsvgc2026regmb-2674232634","format":"[Gen 9 Champions] VGC 2026 Reg M-B","players":["bullgod4ever","Lei41"],"log":"|j|☆bullgod4ever\n|j|☆Lei41\n|t:|1788319830\n|gametype|doubles\n|player|p1|bullgod4ever|266|1724\n|player|p2|Lei41|2|1587\n|gen|9\n|tier|[Gen 9 Champions] VGC 2026 Reg M-B\n|rated|\n|rule|Species Clause: Limit one of each Pokémon\n|rule|Item Clause: Limit 1 of each item\n|clearpoke\n|poke|p1|Talonflame, L50, M|\n|poke|p1|Archaludon, L50, F|\n|poke|p1|Blastoise, L50, M|\n|poke|p1|Sylveon, L50, M|\n|poke|p1|Gengar, L50, M|\n|poke|p1|Pelipper, L50, M|\n|poke|p2|Venusaur, L50, M|\n|poke|p2|Charizard, L50, M|\n|poke|p2|Mawile, L50, M|\n|poke|p2|Archaludon, L50, M|\n|poke|p2|Pelipper, L50, F|\n|poke|p2|Farigiraf, L50, F|\n|teampreview|4\n|\n|t:|1788319846\n|teamsize|p1|4\n|teamsize|p2|4\n|start\n|switch|p1a: Blastoise|Blastoise, L50, M|100/100\n|switch|p1b: Gengar|Gengar, L50, M|100/100\n|switch|p2a: Pelipper|Pelipper, L50, F|100/100\n|switch|p2b: Archaludon|Archaludon, L50, M|100/100\n|-weather|RainDance|[from] ability: Drizzle|[of] p2a: Pelipper\n|turn|1\n|\n|t:|1788319862\n|detailschange|p1a: Blastoise|Blastoise-Mega, L50, M\n|-mega|p1a: Blastoise|Blastoise|Blastoisinite\n|move|p1a: Blastoise|Fake Out|p2b: Archaludon\n|-resisted|p2b: Archaludon|1\n|-damage|p2b: Archaludon|95/100\n|move|p2a: Pelipper|Muddy Water|p1a: Blastoise|[spread] p1a,p1b\n|-resisted|p1a: Blastoise|1\n|-damage|p1a: Blastoise|82/100\n|-damage|p1b: Gengar|41/100\n|-unboost|p1a: Blastoise|accuracy|1\n|cant|p2b: Archaludon|flinch\n|move|p1b: Gengar|Trick Room|p1b: Gengar\n|-fieldstart|move: Trick Room|[of] p1b: Gengar\n|\n|-weather|RainDance|[upkeep]\n|upkeep\n|turn|2\n|\n|t:|1788319890\n|move|p1a: Blastoise|Aura Sphere|p2b: Archaludon\n|-supereffective|p2b: Archaludon|1\n|-damage|p2b: Archaludon|0 fnt\n|faint|p2b: Archaludon\n|move|p1b: Gengar|Sludge Bomb|p2a: Pelipper\n|-damage|p2a: Pelipper|12/100\n|move|p2a: Pelipper|Muddy Water|p1a: Blastoise|[spread] p1b\n|-miss|p2a: Pelipper|p1a: Blastoise\n|-damage|p1b: Gengar|0 fnt\n|faint|p1b: Gengar\n|\n|-weather|RainDance|[upkeep]\n|upkeep\n|\n|t:|1788319911\n|switch|p1b: Sylveon|Sylveon, L50, M|100/100\n|switch|p2b: Mawile|Mawile, L50, M|100/100\n|-ability|p2b: Mawile|Intimidate|boost\n|-unboost|p1a: Blastoise|atk|1\n|-unboost|p1b: Sylveon|atk|1\n|turn|3\n|\n|t:|1788319932\n|switch|p1b: Pelipper|Pelipper, L50, M|100/100\n|switch|p2a: Farigiraf|Farigiraf, L50, F|100/100\n|detailschange|p2b: Mawile|Mawile-Mega, L50, M\n|-mega|p2b: Mawile|Mawile|Mawilite\n|move|p2b: Mawile|Swords Dance|p2b: Mawile\n|-boost|p2b: Mawile|atk|2\n|move|p1a: Blastoise|Water Spout|p2b: Mawile|[spread] p2b\n|-miss|p1a: Blastoise|p2a: Farigiraf\n|-damage|p2b: Mawile|9/100\n|\n|-weather|RainDance|[upkeep]\n|upkeep\n|turn|4\n|\n|t:|1788319957\n|move|p2a: Farigiraf|Helping Hand|p2b: Mawile\n|-singleturn|p2b: Mawile|Helping Hand|[of] p2a: Farigiraf\n|move|p2b: Mawile|Rock Slide|p1b: Pelipper|[spread] p1a,p1b\n|-supereffective|p1b: Pelipper|1\n|-damage|p1a: Blastoise|0 fnt\n|-damage|p1b: Pelipper|0 fnt\n|faint|p1a: Blastoise\n|faint|p1b: Pelipper\n|\n|-weather|RainDance|[upkeep]\n|upkeep\n|\n|t:|1788319967\n|switch|p1b: Sylveon|Sylveon, L50, M|100/100\n|turn|5\n|\n|t:|1788319974\n|move|p2b: Mawile|Play Rough|p1b: Sylveon\n|-damage|p1b: Sylveon|0 fnt\n|faint|p1b: Sylveon\n|\n|win|Lei41\n|raw|bullgod4ever's rating: 1724 &rarr; <strong>1696</strong><br />(-28 for losing)\n|raw|Lei41's rating: 1587 &rarr; <strong>1615</strong><br />(+28 for winning)\n|c|☆bullgod4ever|Gg\n","uploadtime":1788319979,"views":"32","formatid":"gen9championsvgc2026regmb","rating":1615,"private":0,"password":null}