{"id":"gen9championsvgc2026regmbbo3-2673705730","format":"[Gen 9 Champions] VGC 2026 Reg M-B (Bo3)","players":["khowii0","kingsrowbajax"],"log":"|j|☆khowii0\n|j|☆kingsrowbajax\n|html|<table width=\"100%\"><tr><td align=\"left\">khowii0</td><td align=\"right\">kingsrowbajax</tr><tr><td align=\"left\"><i class=\"fa fa-circle-o\"></i> <i class=\"fa fa-circle-o\"></i> </td><td align=\"right\"><i class=\"fa fa-circle-o\"></i> <i class=\"fa fa-circle-o\"></i> </tr></table>\n|uhtml|bestof|<h2><strong>Game 1</strong> of <a href=\"/game-bestof3-gen9championsvgc2026regmbbo3-2673705729\">a best-of-3</a></h2>\n|t:|1788236959\n|gametype|doubles\n|player|p1|khowii0|caitlin|1081\n|player|p2|kingsrowbajax|170|1207\n|gen|9\n|tier|[Gen 9 Champions] VGC 2026 Reg M-B (Bo3)\n|rated|\n|rule|Species Clause: Limit one of each Pokémon\n|rule|Item Clause: Limit 1 of each item\n|clearpoke\n|poke|p1|Garchomp, L50, M|\n|poke|p1|Starmie, L50|\n|poke|p1|Aerodactyl, L50, M|\n|poke|p1|Ninetales-Alola, L50, F|\n|poke|p1|Slowking-Galar, L50, F|\n|poke|p1|Basculegion, L50, M|\n|poke|p2|Blastoise, L50, M|\n|poke|p2|Delphox, L50, F|\n|poke|p2|Sinistcha, L50|\n|poke|p2|Kingambit, L50, F|\n|poke|p2|Sneasler, L50, M|\n|poke|p2|Incineroar, L50, M|\n|teampreview|4\n|showteam|p1|Garchomp||SoftSand|RoughSkin|Earthquake,RockSlide,Protect,SwordsDance|Jolly||M|||50|]Starmie||Starminite|NaturalCure|SkillSwap,AllySwitch,ThunderWave,Gravity|Timid|||||50|]Aerodactyl||MetalCoat|Unnerve|ThunderFang,Tailwind,Protect,IronHead|Jolly||M|||50|]Ninetales-Alola||LightClay|SnowWarning|AuroraVeil,Blizzard,Protect,Hypnosis|Timid||F|||50|]Slowking-Galar||Leftovers|Regenerator|TrickRoom,Toxic,HydroPump,SludgeBomb|Sassy||F|||50|]Basculegion||LifeOrb|Adaptability|LastRespects,AquaJet,WaveCrash,HeadSmash|Jolly||M|||50|\n|showteam|p2|Blastoise||Blastoisinite|RainDish|WaterSpout,DarkPulse,ShellSmash,Protect|Modest||M|||50|]Delphox||Delphoxite|Blaze|HeatWave,Psychic,NastyPlot,Protect|Timid||F|||50|]Sinistcha||ColburBerry|Hospitality|MatchaGotcha,RagePowder,TrickRoom,Protect|Bold|||||50|]Kingambit||LifeOrb|Defiant|KowtowCleave,SuckerPunch,SwordsDance,Protect|Adamant||F|||50|]Sneasler||FocusSash|PoisonTouch|FakeOut,PoisonJab,CloseCombat,QuickGuard|Jolly||M|||50|]Incineroar||SitrusBerry|Intimidate|FakeOut,FlareBlitz,ThroatChop,PartingShot|Careful||M|||50|\n|\n|t:|1788237001\n|teamsize|p1|4\n|teamsize|p2|4\n|start\n|switch|p1a: Starmie|Starmie, L50|100/100\n|switch|p1b: Ninetales|Ninetales-Alola, L50, F|100/100\n|switch|p2a: Kingambit|Kingambit, L50, F|100/100\n|switch|p2b: Incineroar|Incineroar, L50, M|100/100\n|-weather|Snowscape|[from] ability: Snow Warning|[of] p1b: Ninetales\n|-ability|p2b: Incineroar|Intimidate|boost\n|-unboost|p1a: Starmie|atk|1\n|-unboost|p1b: Ninetales|atk|1\n|turn|1\n|\n|t:|1788237045\n|move|p2b: Incineroar|Fake Out|p1a: Starmie\n|-damage|p1a: Starmie|86/100\n|cant|p1a: Starmie|flinch\n|move|p1b: Ninetales|Aurora Veil|p1b: Ninetales\n|-sidestart|p1: khowii0|move: Aurora Veil\n|move|p2a: Kingambit|Kowtow Cleave|p1b: Ninetales\n|-resisted|p1b: Ninetales|1\n|-damage|p1b: Ninetales|80/100\n|-damage|p2a: Kingambit|90/100|[from] item: Life Orb\n|\n|-weather|Snowscape|[upkeep]\n|upkeep\n|turn|2\n|\n|t:|1788237063\n|switch|p1b: Garchomp|Garchomp, L50, M|100/100\n|detailschange|p1a: Starmie|Starmie-Mega, L50\n|-mega|p1a: Starmie|Starmie|Starminite\n|move|p1a: Starmie|Skill Swap|p1b: Garchomp\n|-activate|p1a: Starmie|Skill Swap|||[of] p1b: Garchomp\n|-hint|Skill Swap does not announce the abilities of the Pokémon when used between allies.\n|move|p2b: Incineroar|Flare Blitz|p1b: Garchomp\n|-resisted|p1b: Garchomp|1\n|-damage|p1b: Garchomp|83/100\n|-damage|p2b: Incineroar|94/100|[from] Recoil\n|move|p2a: Kingambit|Swords Dance|p2a: Kingambit\n|-boost|p2a: Kingambit|atk|2\n|\n|-weather|Snowscape|[upkeep]\n|upkeep\n|turn|3\n|\n|t:|1788237098\n|switch|p2b: Sneasler|Sneasler, L50, M|100/100\n|move|p2a: Kingambit|Protect|p2a: Kingambit\n|-singleturn|p2a: Kingambit|Protect\n|move|p1a: Starmie|Ally Switch|p1a: Starmie\n|swap|p1a: Starmie|1|[from] move: Ally Switch\n|move|p1a: Garchomp|Earthquake|p2b: Sneasler|[spread] p1b,p2b\n|-activate|p2a: Kingambit|move: Protect\n|-supereffective|p2b: Sneasler|1\n|-damage|p1b: Starmie|22/100\n|-enditem|p2b: Sneasler|Focus Sash\n|-damage|p2b: Sneasler|1/100\n|\n|-weather|Snowscape|[upkeep]\n|upkeep\n|turn|4\n|\n|t:|1788237135\n|move|p1a: Garchomp|Protect|p1a: Garchomp\n|-singleturn|p1a: Garchomp|Protect\n|move|p2b: Sneasler|Fake Out|p1a: Garchomp\n|-activate|p1a: Garchomp|move: Protect\n|move|p1b: Starmie|Thunder Wave|p2b: Sneasler\n|-status|p2b: Sneasler|par\n|move|p2a: Kingambit|Swords Dance|p2a: Kingambit\n|-boost|p2a: Kingambit|atk|2\n|\n|-weather|Snowscape|[upkeep]\n|upkeep\n|turn|5\n|\n|t:|1788237169\n|switch|p2b: Incineroar|Incineroar, L50, M|94/100\n|-ability|p2b: Incineroar|Intimidate|boost\n|-unboost|p1a: Garchomp|atk|1\n|-unboost|p1b: Starmie|atk|1\n|move|p2a: Kingambit|Protect|p2a: Kingambit\n|-singleturn|p2a: Kingambit|Protect\n|move|p1b: Starmie|Ally Switch|p1b: Starmie\n|swap|p1b: Starmie|0|[from] move: Ally Switch\n|move|p1b: Garchomp|Earthquake|p2b: Incineroar|[spread] p1a,p2b\n|-activate|p2a: Kingambit|move: Protect\n|-supereffective|p2b: Incineroar|1\n|-damage|p1a: Starmie|0 fnt\n|-damage|p2b: Incineroar|0 fnt\n|faint|p1a: Starmie\n|faint|p2b: Incineroar\n|\n|-weather|none\n|upkeep\n|\n|t:|1788237190\n|switch|p1a: Slowking|Slowking-Galar, L50, F|100/100\n|switch|p2b: Sneasler|Sneasler, L50, M|1/100 par\n|turn|6\n|\n|t:|1788237212\n|move|p2b: Sneasler|Fake Out|p1b: Garchomp\n|-damage|p1b: Garchomp|74/100\n|cant|p1b: Garchomp|flinch\n|move|p2a: Kingambit|Kowtow Cleave|p1b: Garchomp\n|-damage|p1b: Garchomp|0 fnt\n|faint|p1b: Garchomp\n|-damage|p2a: Kingambit|80/100|[from] item: Life Orb\n|move|p1a: Slowking|Hydro Pump|p2a: Kingambit\n|-damage|p2a: Kingambit|50/100g\n|\n|upkeep\n|\n|t:|1788237227\n|switch|p1b: Ninetales|Ninetales-Alola, L50, F|80/100\n|-weather|Snowscape|[from] ability: Snow Warning|[of] p1b: Ninetales\n|turn|7\n|\n|t:|1788237243\n|switch|p2b: Sinistcha|Sinistcha, L50|100/100\n|-heal|p2a: Kingambit|75/100|[from] ability: Hospitality|[of] p2b: Sinistcha\n|move|p1b: Ninetales|Hypnosis|p2a: Kingambit\n|-status|p2a: Kingambit|slp|[from] move: Hypnosis\n|cant|p2a: Kingambit|slp\n|move|p1a: Slowking|Hydro Pump|p2b: Sinistcha\n|-resisted|p2b: Sinistcha|1\n|-damage|p2b: Sinistcha|86/100\n|\n|-weather|Snowscape|[upkeep]\n|upkeep\n|turn|8\n|\n|t:|1788237268\n|switch|p2b: Sneasler|Sneasler, L50, M|1/100 par\n|move|p1b: Ninetales|Blizzard|p2a: Kingambit|[spread] p2a,p2b\n|-resisted|p2a: Kingambit|1\n|-damage|p2a: Kingambit|61/100 slp\n|-damage|p2b: Sneasler|0 fnt\n|faint|p2b: Sneasler\n|cant|p2a: Kingambit|slp\n|move|p1a: Slowking|Hydro Pump|p2a: Kingambit\n|-crit|p2a: Kingambit\n|-damage|p2a: Kingambit|17/100 slp\n|\n|-weather|Snowscape|[upkeep]\n|-sideend|p1: khowii0|move: Aurora Veil\n|upkeep\n|\n|t:|1788237280\n|switch|p2b: Sinistcha|Sinistcha, L50|86/100\n|-heal|p2a: Kingambit|42/100 slp|[from] ability: Hospitality|[of] p2b: Sinistcha\n|turn|9\n|\n|t:|1788237292\n|move|p2b: Sinistcha|Rage Powder|p2b: Sinistcha\n|-singleturn|p2b: Sinistcha|move: Rage Powder\n|move|p1b: Ninetales|Blizzard|p2a: Kingambit|[spread] p2a,p2b\n|-resisted|p2a: Kingambit|1\n|-supereffective|p2b: Sinistcha|1\n|-damage|p2a: Kingambit|30/100 slp\n|-damage|p2b: Sinistcha|39/100\n|-curestatus|p2a: Kingambit|slp|[msg]\n|move|p2a: Kingambit|Kowtow Cleave|p1b: Ninetales\n|-resisted|p1b: Ninetales|1\n|-damage|p1b: Ninetales|2/100\n|-damage|p2a: Kingambit|20/100y|[from] item: Life Orb\n|move|p1a: Slowking|Hydro Pump|p2b: Sinistcha\n|-resisted|p2b: Sinistcha|1\n|-damage|p2b: Sinistcha|24/100\n|\n|-weather|Snowscape|[upkeep]\n|upkeep\n|turn|10\n|\n|t:|1788237321\n|move|p2a: Kingambit|Sucker Punch|p1b: Ninetales\n|-resisted|p1b: Ninetales|1\n|-damage|p1b: Ninetales|0 fnt\n|faint|p1b: Ninetales\n|-damage|p2a: Kingambit|10/100|[from] item: Life Orb\n|move|p2b: Sinistcha|Matcha Gotcha|p1a: Slowking\n|-resisted|p1a: Slowking|1\n|-damage|p1a: Slowking|89/100\n|-heal|p2b: Sinistcha|30/100|[from] drain|[of] p1a: Slowking\n|move|p1a: Slowking|Hydro Pump|p2a: Kingambit\n|-damage|p2a: Kingambit|0 fnt\n|faint|p2a: Kingambit\n|\n|-weather|Snowscape|[upkeep]\n|-heal|p1a: Slowking|95/100|[from] item: Leftovers\n|upkeep\n|turn|11\n|\n|t:|1788237342\n|move|p2b: Sinistcha|Matcha Gotcha|p1a: Slowking\n|-resisted|p1a: Slowking|1\n|-damage|p1a: Slowking|85/100\n|-heal|p2b: Sinistcha|36/100|[from] drain|[of] p1a: Slowking\n|move|p1a: Slowking|Sludge Bomb|p2b: Sinistcha\n|-damage|p2b: Sinistcha|1/100\n|\n|-weather|none\n|-heal|p1a: Slowking|91/100|[from] item: Leftovers\n|upkeep\n|turn|12\n|\n|t:|1788237357\n|move|p2b: Sinistcha|Matcha Gotcha|p1a: Slowking\n|-resisted|p1a: Slowking|1\n|-damage|p1a: Slowking|82/100\n|-heal|p2b: Sinistcha|6/100|[from] drain|[of] p1a: Slowking\n|move|p1a: Slowking|Toxic|p2b: Sinistcha\n|-status|p2b: Sinistcha|tox\n|\n|-heal|p1a: Slowking|88/100|[from] item: Leftovers\n|-damage|p2b: Sinistcha|0 fnt|[from] psn\n|faint|p2b: Sinistcha\n|\n|win|khowii0\n","uploadtime":1788237358,"views":"0","formatid":"gen9championsvgc2026regmbbo3","rating":null,"private":0,"password":null}