{"id":"gen9championsvgc2026regmb-2674489596","format":"[Gen 9 Champions] VGC 2026 Reg M-B","players":["trekorh","P28"],"log":"|j|☆trekorh\n|j|☆P28\n|t:|1788365863\n|gametype|doubles\n|player|p1|trekorh|1|1295\n|player|p2|P28|170|1287\n|gen|9\n|tier|[Gen 9 Champions] VGC 2026 Reg M-B\n|rated|\n|rule|Species Clause: Limit one of each Pokémon\n|rule|Item Clause: Limit 1 of each item\n|clearpoke\n|poke|p1|Pelipper, L50, F|\n|poke|p1|Swampert, L50, F|\n|poke|p1|Archaludon, L50, M|\n|poke|p1|Sinistcha, L50|\n|poke|p1|Sylveon, L50, M|\n|poke|p1|Sableye, L50, M|\n|poke|p2|Froslass, L50, F|\n|poke|p2|Glaceon, L50, M|\n|poke|p2|Talonflame, L50, M|\n|poke|p2|Glimmora, L50, F, shiny|\n|poke|p2|Sneasler, L50, F|\n|poke|p2|Kingambit, L50, M|\n|teampreview|4\nP28 rejected open team sheets.\n|inactive|Battle timer is ON: inactive players will automatically lose when time's up. (requested by trekorh)\n|\n|t:|1788365953\n|teamsize|p1|4\n|teamsize|p2|4\n|start\n|switch|p1a: Sableye|Sableye, L50, M|100/100\n|switch|p1b: Swampert|Swampert, L50, F|100/100\n|switch|p2a: Talonflame|Talonflame, L50, M|100/100\n|switch|p2b: Glaceon|Glaceon, L50, M|100/100\n|turn|1\n|inactive|trekorh has 30 seconds left.\n|inactive|P28 has 30 seconds left.\n|inactive|P28 has 20 seconds left.\n|\n|t:|1788365989\n|detailschange|p1b: Swampert|Swampert-Mega, L50, F\n|-mega|p1b: Swampert|Swampert|Swampertite\n|move|p2a: Talonflame|Protect|p2a: Talonflame\n|-singleturn|p2a: Talonflame|Protect\n|move|p2b: Glaceon|Protect|p2b: Glaceon\n|-singleturn|p2b: Glaceon|Protect\n|move|p1a: Sableye|Fake Out|p2b: Glaceon\n|-activate|p2b: Glaceon|move: Protect\n|move|p1b: Swampert|Wave Crash|p2a: Talonflame\n|-activate|p2a: Talonflame|move: Protect\n|\n|upkeep\n|turn|2\n|\n|t:|1788366006\n|switch|p1b: Archaludon|Archaludon, L50, M|100/100\n|move|p2a: Talonflame|Tailwind|p2a: Talonflame\n|-sidestart|p2: P28|move: Tailwind\n|move|p1a: Sableye|Rain Dance|p1a: Sableye\n|-weather|RainDance\n|move|p2b: Glaceon|Freeze-Dry|p1b: Archaludon\n|-damage|p1b: Archaludon|49/100\n|-ability|p1b: Archaludon|Stamina|boost\n|-boost|p1b: Archaludon|def|1\n|\n|-weather|RainDance|[upkeep]\n|-heal|p1b: Archaludon|55/100|[from] item: Leftovers\n|upkeep\n|turn|3\n|inactive|P28 has 30 seconds left.\n|inactive|P28 has 20 seconds left.\n|inactive|P28 has 15 seconds left.\n|inactive|P28 has 10 seconds left.\n|\n|t:|1788366051\n|move|p1b: Archaludon|Protect|p1b: Archaludon\n|-singleturn|p1b: Archaludon|Protect\n|move|p2a: Talonflame|Brave Bird|p1b: Archaludon\n|-activate|p1b: Archaludon|move: Protect\n|move|p1a: Sableye|Swagger|p2b: Glaceon\n|-boost|p2b: Glaceon|atk|2\n|-start|p2b: Glaceon|confusion\n|-activate|p2b: Glaceon|confusion\n|move|p2b: Glaceon|Freeze-Dry|p1b: Archaludon\n|-activate|p1b: Archaludon|move: Protect\n|\n|-weather|RainDance|[upkeep]\n|-heal|p1b: Archaludon|61/100|[from] item: Leftovers\n|upkeep\n|turn|4\n|inactive|trekorh has 30 seconds left.\n|inactive|P28 has 30 seconds left.\n|inactive|trekorh has 20 seconds left.\n|inactive|P28 has 20 seconds left.\n|inactive|P28 has 15 seconds left.\n|\n|t:|1788366094\n|move|p1a: Sableye|Helping Hand|p1b: Archaludon\n|-singleturn|p1b: Archaludon|Helping Hand|[of] p1a: Sableye\n|move|p2a: Talonflame|Brave Bird|p1b: Archaludon\n|-resisted|p1b: Archaludon|1\n|-damage|p1b: Archaludon|48/100\n|-ability|p1b: Archaludon|Stamina|boost\n|-boost|p1b: Archaludon|def|1\n|-damage|p2a: Talonflame|94/100|[from] Recoil\n|-damage|p2a: Talonflame|84/100|[from] item: Life Orb\n|-activate|p2b: Glaceon|confusion\n|-damage|p2b: Glaceon|89/100|[from] confusion\n|move|p1b: Archaludon|Electro Shot||[still]\n|-prepare|p1b: Archaludon|Electro Shot\n|-boost|p1b: Archaludon|spa|1\n|-anim|p1b: Archaludon|Electro Shot|p2b: Glaceon\n|-damage|p2b: Glaceon|0 fnt\n|faint|p2b: Glaceon\n|\n|-weather|RainDance|[upkeep]\n|-heal|p1b: Archaludon|54/100|[from] item: Leftovers\n|upkeep\n|inactive|P28 has 30 seconds left.\n|\n|t:|1788366127\n|switch|p2b: Froslass|Froslass, L50, F|100/100\n|turn|5\n|inactive|P28 has 30 seconds left.\n|inactive|P28 has 20 seconds left.\n|inactive|P28 has 15 seconds left.\n|\n|t:|1788366172\n|move|p1a: Sableye|Rain Dance||[still]\n|-fail|p1a: Sableye\n|move|p2a: Talonflame|Brave Bird|p1a: Sableye\n|-damage|p1a: Sableye|33/100\n|-damage|p2a: Talonflame|61/100|[from] Recoil\n|-damage|p2a: Talonflame|52/100|[from] item: Life Orb\n|move|p2b: Froslass|Taunt|p1a: Sableye\n|-start|p1a: Sableye|move: Taunt\n|-enditem|p1a: Sableye|Mental Herb\n|-end|p1a: Sableye|move: Taunt\n|move|p1b: Archaludon|Electro Shot||[still]\n|-prepare|p1b: Archaludon|Electro Shot\n|-boost|p1b: Archaludon|spa|1\n|-anim|p1b: Archaludon|Electro Shot|p2a: Talonflame\n|-supereffective|p2a: Talonflame|1\n|-damage|p2a: Talonflame|0 fnt\n|faint|p2a: Talonflame\n|\n|-weather|RainDance|[upkeep]\n|-heal|p1b: Archaludon|60/100|[from] item: Leftovers\n|-sideend|p2: P28|move: Tailwind\n|upkeep\n|\n|t:|1788366186\n|switch|p2a: Sneasler|Sneasler, L50, F|100/100\n|turn|6\n|inactive|P28 has 30 seconds left.\n|\n|t:|1788366217\n|switch|p1a: Sinistcha|Sinistcha, L50|100/100\n|-heal|p1b: Archaludon|85/100|[from] ability: Hospitality|[of] p1a: Sinistcha\n|move|p1b: Archaludon|Protect|p1b: Archaludon\n|-singleturn|p1b: Archaludon|Protect\n|move|p2a: Sneasler|Fake Out|p1b: Archaludon\n|-activate|p1b: Archaludon|move: Protect\n|move|p2b: Froslass|Shadow Ball|p1a: Sinistcha\n|-supereffective|p1a: Sinistcha|1\n|-damage|p1a: Sinistcha|42/100\n|-unboost|p1a: Sinistcha|spd|1\n|-enditem|p1a: Sinistcha|Sitrus Berry|[eat]\n|-heal|p1a: Sinistcha|67/100|[from] item: Sitrus Berry\n|\n|-weather|none\n|-heal|p1b: Archaludon|91/100|[from] item: Leftovers\n|upkeep\n|turn|7\n|inactive|trekorh has 30 seconds left.\n|inactive|P28 has 30 seconds left.\n|\n|t:|1788366251\n|detailschange|p2b: Froslass|Froslass-Mega, L50, F\n|-mega|p2b: Froslass|Froslass|Froslassite\n|-weather|Snowscape|[from] ability: Snow Warning|[of] p2b: Froslass\n|move|p1a: Sinistcha|Rage Powder|p1a: Sinistcha\n|-singleturn|p1a: Sinistcha|move: Rage Powder\n|move|p2a: Sneasler|Close Combat|p1a: Sinistcha\n|-immune|p1a: Sinistcha\n|move|p2b: Froslass|Blizzard|p1a: Sinistcha|[spread] p1a,p1b\n|-supereffective|p1a: Sinistcha|1\n|-damage|p1a: Sinistcha|0 fnt\n|-damage|p1b: Archaludon|31/100\n|-ability|p1b: Archaludon|Stamina|boost\n|-boost|p1b: Archaludon|def|1\n|faint|p1a: Sinistcha\n|move|p1b: Archaludon|Dragon Pulse|p2a: Sneasler\n|-enditem|p2a: Sneasler|Focus Sash\n|-damage|p2a: Sneasler|1/100\n|\n|-weather|Snowscape|[upkeep]\n|-heal|p1b: Archaludon|38/100|[from] item: Leftovers\n|upkeep\n|\n|t:|1788366268\n|switch|p1a: Sableye|Sableye, L50, M|33/100\n|turn|8\n|inactive|P28 has 30 seconds left.\n|inactive|P28 has 20 seconds left.\n|inactive|P28 has 15 seconds left.\n|inactive|P28 has 10 seconds left.\n|\n|t:|1788366314\n|move|p2a: Sneasler|Protect|p2a: Sneasler\n|-singleturn|p2a: Sneasler|Protect\n|move|p1b: Archaludon|Protect|p1b: Archaludon\n|-singleturn|p1b: Archaludon|Protect\n|move|p1a: Sableye|Rain Dance|p1a: Sableye\n|-weather|RainDance\n|move|p2b: Froslass|Shadow Ball|p1b: Archaludon\n|-activate|p1b: Archaludon|move: Protect\n|\n|-weather|RainDance|[upkeep]\n|-heal|p1b: Archaludon|44/100|[from] item: Leftovers\n|upkeep\n|turn|9\n|inactive|trekorh has 30 seconds left.\n|inactive|P28 has 30 seconds left.\n|\n|t:|1788366347\n|switch|p1a: Swampert|Swampert-Mega, L50, F|100/100\n|move|p2a: Sneasler|Close Combat|p1b: Archaludon\n|-supereffective|p1b: Archaludon|1\n|-damage|p1b: Archaludon|3/100\n|-unboost|p2a: Sneasler|def|1\n|-unboost|p2a: Sneasler|spd|1\n|-ability|p1b: Archaludon|Stamina|boost\n|-boost|p1b: Archaludon|def|1\n|move|p2b: Froslass|Blizzard|p1a: Swampert|[spread] p1b\n|-miss|p2b: Froslass|p1a: Swampert\n|-damage|p1b: Archaludon|0 fnt\n|faint|p1b: Archaludon\n|\n|-weather|RainDance|[upkeep]\n|upkeep\n|\n|t:|1788366368\n|switch|p1b: Sableye|Sableye, L50, M|33/100\n|turn|10\n|\n|t:|1788366390\n|move|p2a: Sneasler|Protect|p2a: Sneasler\n|-singleturn|p2a: Sneasler|Protect\n|move|p2b: Froslass|Protect|p2b: Froslass\n|-singleturn|p2b: Froslass|Protect\n|move|p1b: Sableye|Fake Out|p2a: Sneasler\n|-activate|p2a: Sneasler|move: Protect\n|move|p1a: Swampert|Wave Crash|p2b: Froslass\n|-activate|p2b: Froslass|move: Protect\n|\n|-weather|RainDance|[upkeep]\n|upkeep\n|turn|11\n|\n|t:|1788366414\n|move|p1b: Sableye|Helping Hand|p1a: Swampert\n|-singleturn|p1a: Swampert|Helping Hand|[of] p1b: Sableye\n|move|p2b: Froslass|Protect|p2b: Froslass\n|-singleturn|p2b: Froslass|Protect\n|move|p2a: Sneasler|Close Combat|p1a: Swampert\n|-damage|p1a: Swampert|36/100\n|-unboost|p2a: Sneasler|def|1\n|-unboost|p2a: Sneasler|spd|1\n|move|p1a: Swampert|Wave Crash|p2b: Froslass\n|-activate|p2b: Froslass|move: Protect\n|\n|-weather|RainDance|[upkeep]\n|upkeep\n|turn|12\n|inactive|P28 has 30 seconds left.\n|inactive|P28 has 20 seconds left.\n|inactive|P28 has 15 seconds left.\n|inactive|trekorh has 30 seconds left.\n|inactive|P28 has 10 seconds left.\n|inactive|P28 has 5 seconds left.\n|\n|t:|1788366446\n|move|p1b: Sableye|Helping Hand|p1a: Swampert\n|-singleturn|p1a: Swampert|Helping Hand|[of] p1b: Sableye\n|move|p2a: Sneasler|Protect|p2a: Sneasler\n|-singleturn|p2a: Sneasler|Protect\n|move|p1a: Swampert|Wave Crash|p2b: Froslass\n|-damage|p2b: Froslass|0 fnt\n|faint|p2b: Froslass\n|-damage|p1a: Swampert|9/100|[from] Recoil\n|\n|-weather|none\n|upkeep\n|turn|13\n|inactive|P28 has 5 seconds left this turn.\n|-message|P28 lost due to inactivity.\n|\n|win|trekorh\n|raw|trekorh's rating: 1295 &rarr; <strong>1319</strong><br />(+24 for winning)\n|raw|P28's rating: 1287 &rarr; <strong>1263</strong><br />(-24 for losing)\n","uploadtime":1788366458,"views":"0","formatid":"gen9championsvgc2026regmb","rating":1263,"private":0,"password":null}