{"id":"gen9championsvgc2026regmb-2674393505","format":"[Gen 9 Champions] VGC 2026 Reg M-B","players":["tgdvr","Others sides"],"log":"|j|☆tgdvr\n|j|☆Others sides\n|t:|1788354096\n|gametype|doubles\n|player|p1|tgdvr|li|1081\n|player|p2|Others sides|1|1051\n|gen|9\n|tier|[Gen 9 Champions] VGC 2026 Reg M-B\n|rated|\n|rule|Species Clause: Limit one of each Pokémon\n|rule|Item Clause: Limit 1 of each item\n|clearpoke\n|poke|p1|Victreebel, L50, F, shiny|\n|poke|p1|Ninetales, L50, F, shiny|\n|poke|p1|Sinistcha, L50, shiny|\n|poke|p1|Sneasler, L50, M, shiny|\n|poke|p1|Aerodactyl, L50, F, shiny|\n|poke|p1|Basculegion-F, L50, F, shiny|\n|poke|p2|Staraptor, L50, M|\n|poke|p2|Whimsicott, L50, M|\n|poke|p2|Garchomp, L50, F|\n|poke|p2|Grimmsnarl, L50, M|\n|poke|p2|Sinistcha-Masterpiece, L50|\n|poke|p2|Lucario, L50, M|\n|teampreview|4\n|inactive|Battle timer is ON: inactive players will automatically lose when time's up. (requested by Others sides)\n|inactive|tgdvr also wants the timer to be on.\n|inactive|tgdvr has 60 seconds left.\n|inactive|Others sides has 60 seconds left.\n|\n|t:|1788354136\n|teamsize|p1|4\n|teamsize|p2|4\n|start\n|switch|p1a: Victreebel|Victreebel, L50, F, shiny|100/100\n|switch|p1b: Ninetales|Ninetales, L50, F, shiny|100/100\n|switch|p2a: Staraptor|Staraptor, L50, M|100/100\n|switch|p2b: Grimmsnarl|Grimmsnarl, L50, M|100/100\n|-weather|SunnyDay|[from] ability: Drought|[of] p1b: Ninetales\n|-ability|p2a: Staraptor|Intimidate|boost\n|-unboost|p1a: Victreebel|atk|1\n|-unboost|p1b: Ninetales|atk|1\n|turn|1\n|\n|t:|1788354153\n|detailschange|p2a: Staraptor|Staraptor-Mega, L50, M\n|-mega|p2a: Staraptor|Staraptor|Staraptite\n|move|p2b: Grimmsnarl|Fake Out|p1a: Victreebel\n|-damage|p1a: Victreebel|77/100\n|cant|p1a: Victreebel|flinch\n|move|p2a: Staraptor|Close Combat|p1b: Ninetales\n|-damage|p1b: Ninetales|6/100\n|-boost|p2a: Staraptor|def|1\n|-boost|p2a: Staraptor|spd|1\n|move|p1b: Ninetales|Heat Wave|p2a: Staraptor|[spread] p2a,p2b\n|-damage|p2a: Staraptor|62/100\n|-damage|p2b: Grimmsnarl|50/100g\n|\n|-weather|SunnyDay|[upkeep]\n|-heal|p2b: Grimmsnarl|56/100|[from] item: Leftovers\n|upkeep\n|turn|2\n|\n|t:|1788354178\n|move|p2b: Grimmsnarl|Parting Shot|p2a: Staraptor\n|-boost|p2a: Staraptor|atk|1\n|-boost|p2a: Staraptor|spa|1\n|\n|t:|1788354183\n|switch|p2b: Garchomp|Garchomp, L50, F|100/100|[from] Parting Shot\n|move|p1a: Victreebel|Sleep Powder|p2a: Staraptor\n|-status|p2a: Staraptor|slp|[from] move: Sleep Powder\n|cant|p2a: Staraptor|slp\n|move|p1b: Ninetales|Heat Wave|p2a: Staraptor|[spread] p2a,p2b\n|-resisted|p2b: Garchomp|1\n|-damage|p2a: Staraptor|24/100 slp\n|-damage|p2b: Garchomp|74/100\n|\n|-weather|SunnyDay|[upkeep]\n|upkeep\n|turn|3\n|\n|t:|1788354203\n|detailschange|p1a: Victreebel|Victreebel-Mega, L50, F, shiny\n|-mega|p1a: Victreebel|Victreebel|Victreebelite\n|-curestatus|p2a: Staraptor|slp|[msg]\n|move|p2a: Staraptor|Protect|p2a: Staraptor\n|-singleturn|p2a: Staraptor|Protect\n|move|p2b: Garchomp|Earthquake|p1b: Ninetales|[spread] p1a,p1b\n|-activate|p2a: Staraptor|move: Protect\n|-supereffective|p1b: Ninetales|1\n|-damage|p1a: Victreebel|14/100\n|-damage|p1b: Ninetales|0 fnt\n|faint|p1b: Ninetales\n|-damage|p2b: Garchomp|64/100|[from] item: Life Orb\n|move|p1a: Victreebel|Energy Ball|p2b: Garchomp\n|-damage|p2b: Garchomp|5/100\n|\n|-weather|SunnyDay|[upkeep]\n|upkeep\n|\n|t:|1788354219\n|switch|p1b: Basculegion|Basculegion-F, L50, F, shiny|100/100\n|turn|4\n|\n|t:|1788354235\n|move|p1b: Basculegion|Protect|p1b: Basculegion\n|-singleturn|p1b: Basculegion|Protect\n|move|p2a: Staraptor|Roost|p2a: Staraptor\n|-heal|p2a: Staraptor|74/100\n|-singleturn|p2a: Staraptor|move: Roost\n|move|p2b: Garchomp|Earthquake|p1a: Victreebel|[spread] p2a,p1a\n|-activate|p1b: Basculegion|move: Protect\n|-damage|p2a: Staraptor|38/100\n|-damage|p1a: Victreebel|0 fnt\n|-damage|p2b: Garchomp|0 fnt|[from] ability: Innards Out|[of] p1a: Victreebel\n|faint|p1a: Victreebel\n|faint|p2b: Garchomp\n|\n|-weather|SunnyDay|[upkeep]\n|upkeep\n|\n|t:|1788354249\n|switch|p2b: Lucario|Lucario, L50, M|100/100\n|switch|p1a: Sinistcha|Sinistcha, L50, shiny|100/100\n|turn|5\n|\n|t:|1788354263\n|move|p1a: Sinistcha|Rage Powder|p1a: Sinistcha\n|-singleturn|p1a: Sinistcha|move: Rage Powder\n|move|p2a: Staraptor|Roost|p2a: Staraptor\n|-heal|p2a: Staraptor|88/100\n|-singleturn|p2a: Staraptor|move: Roost\n|move|p2b: Lucario|Psych Up|p1a: Sinistcha\n|-copyboost|p2b: Lucario|p1a: Sinistcha|[from] move: Psych Up\n|move|p1b: Basculegion|Ice Beam|p2a: Staraptor\n|-damage|p2a: Staraptor|61/100\n|-damage|p1b: Basculegion|90/100|[from] item: Life Orb\n|\n|-weather|none\n|upkeep\n|turn|6\n|\n|t:|1788354284\n|move|p1a: Sinistcha|Rage Powder|p1a: Sinistcha\n|-singleturn|p1a: Sinistcha|move: Rage Powder\n|move|p2a: Staraptor|Brave Bird|p1a: Sinistcha\n|-supereffective|p1a: Sinistcha|1\n|-damage|p1a: Sinistcha|0 fnt\n|faint|p1a: Sinistcha\n|-damage|p2a: Staraptor|25/100|[from] Recoil\n|move|p2b: Lucario|Rock Slide|p1b: Basculegion\n|-damage|p1b: Basculegion|58/100\n|cant|p1b: Basculegion|flinch\n|\n|upkeep\n|turn|7\n|-message|tgdvr forfeited.\n|\n|win|Others sides\n|raw|tgdvr's rating: 1081 &rarr; <strong>1057</strong><br />(-24 for losing)\n|raw|Others sides's rating: 1051 &rarr; <strong>1086</strong><br />(+35 for winning)\n|l|☆tgdvr\n|player|p1|\n","uploadtime":1788354329,"views":"13","formatid":"gen9championsvgc2026regmb","rating":1057,"private":0,"password":null}