{"id":"gen9championsvgc2026regmb-2674721245","format":"[Gen 9 Champions] VGC 2026 Reg M-B","players":["duck duck gosling","RegILiker2308"],"log":"|j|☆duck duck gosling\n|j|☆RegILiker2308\n|t:|1788395820\n|gametype|doubles\n|player|p1|duck duck gosling|101|1228\n|player|p2|RegILiker2308|falkner|1154\n|gen|9\n|tier|[Gen 9 Champions] VGC 2026 Reg M-B\n|rated|\n|rule|Species Clause: Limit one of each Pokémon\n|rule|Item Clause: Limit 1 of each item\n|clearpoke\n|poke|p1|Slowbro, L50, F|\n|poke|p1|Meowstic, L50, M|\n|poke|p1|Overqwil, L50, F|\n|poke|p1|Sinistcha, L50|\n|poke|p1|Mudsdale, L50, M|\n|poke|p1|Grimmsnarl, L50, M|\n|poke|p2|Tyranitar, L50, F|\n|poke|p2|Excadrill, L50, F|\n|poke|p2|Staraptor, L50, M|\n|poke|p2|Passimian, L50, M|\n|poke|p2|Farigiraf, L50, M|\n|poke|p2|Steelix, L50, M|\n|teampreview|4\n|inactive|Battle timer is ON: inactive players will automatically lose when time's up. (requested by duck duck gosling)\n|inactive|RegILiker2308 also wants the timer to be on.\n|inactive|duck duck gosling has 60 seconds left.\n|inactive|RegILiker2308 has 60 seconds left.\n|\n|t:|1788395871\n|teamsize|p1|4\n|teamsize|p2|4\n|start\n|switch|p1a: Overqwil|Overqwil, L50, F|100/100\n|switch|p1b: Meowstic|Meowstic, L50, M|100/100\n|switch|p2a: Tyranitar|Tyranitar, L50, F|100/100\n|switch|p2b: Steelix|Steelix, L50, M|100/100\n|-ability|p1a: Overqwil|Intimidate|boost\n|-unboost|p2a: Tyranitar|atk|1\n|-unboost|p2b: Steelix|atk|1\n|-weather|Sandstorm|[from] ability: Sand Stream|[of] p2a: Tyranitar\n|turn|1\n|inactive|RegILiker2308 has 30 seconds left.\n|\n|t:|1788395899\n|move|p1b: Meowstic|Fake Out|p2a: Tyranitar\n|-resisted|p2a: Tyranitar|1\n|-damage|p2a: Tyranitar|97/100\n|move|p1a: Overqwil|Minimize|p1a: Overqwil\n|-boost|p1a: Overqwil|evasion|2\n|cant|p2a: Tyranitar|flinch\n|move|p2b: Steelix|High Horsepower|p1a: Overqwil|[miss]\n|-miss|p2b: Steelix|p1a: Overqwil\n|\n|-weather|Sandstorm|[upkeep]\n|-damage|p1b: Meowstic|93/100|[from] Sandstorm\n|-damage|p1a: Overqwil|93/100|[from] Sandstorm\n|-heal|p1a: Overqwil|100/100|[from] item: Leftovers\n|upkeep\n|turn|2\n|inactive|RegILiker2308 has 30 seconds left.\n|\n|t:|1788395928\n|detailschange|p2a: Tyranitar|Tyranitar-Mega, L50, F\n|-mega|p2a: Tyranitar|Tyranitar|Tyranitarite\n|move|p1b: Meowstic|Skill Swap|p1a: Overqwil\n|-activate|p1b: Meowstic|Skill Swap|||[of] p1a: Overqwil\n|-hint|Skill Swap does not announce the abilities of the Pokémon when used between allies.\n|-ability|p1b: Meowstic|Intimidate|boost\n|-unboost|p2a: Tyranitar|atk|1\n|-unboost|p2b: Steelix|atk|1\n|move|p1a: Overqwil|Minimize|p1a: Overqwil\n|-boost|p1a: Overqwil|evasion|2\n|move|p2a: Tyranitar|Rock Slide|p1b: Meowstic|[spread] p1b\n|-miss|p2a: Tyranitar|p1a: Overqwil\n|-damage|p1b: Meowstic|75/100\n|move|p2b: Steelix|High Horsepower|p1a: Overqwil|[miss]\n|-miss|p2b: Steelix|p1a: Overqwil\n|\n|-weather|Sandstorm|[upkeep]\n|-damage|p1b: Meowstic|69/100|[from] Sandstorm\n|-damage|p1a: Overqwil|93/100|[from] Sandstorm\n|-heal|p1a: Overqwil|100/100|[from] item: Leftovers\n|upkeep\n|turn|3\n|\n|t:|1788395952\n|move|p1a: Overqwil|Stockpile|p1a: Overqwil\n|-start|p1a: Overqwil|stockpile1\n|-boost|p1a: Overqwil|def|1\n|-boost|p1a: Overqwil|spd|1\n|move|p1b: Meowstic|Yawn|p2a: Tyranitar\n|-start|p2a: Tyranitar|move: Yawn|[of] p1b: Meowstic\n|move|p2a: Tyranitar|Rock Slide|p1a: Overqwil|[spread] p1b\n|-miss|p2a: Tyranitar|p1a: Overqwil\n|-damage|p1b: Meowstic|49/100\n|move|p2b: Steelix|High Horsepower|p1a: Overqwil|[miss]\n|-miss|p2b: Steelix|p1a: Overqwil\n|\n|-weather|Sandstorm|[upkeep]\n|-damage|p1b: Meowstic|43/100|[from] Sandstorm\n|-damage|p1a: Overqwil|93/100|[from] Sandstorm\n|-heal|p1a: Overqwil|100/100|[from] item: Leftovers\n|upkeep\n|turn|4\n|inactive|RegILiker2308 has 30 seconds left.\n|\n|t:|1788395980\n|switch|p2b: Passimian|Passimian, L50, M|100/100\n|move|p1a: Overqwil|Minimize|p1a: Overqwil\n|-boost|p1a: Overqwil|evasion|2\n|move|p2a: Tyranitar|Knock Off|p1b: Meowstic\n|-supereffective|p1b: Meowstic|1\n|-enditem|p1b: Meowstic|Colbur Berry|[eat]\n|-enditem|p1b: Meowstic|Colbur Berry|[weaken]\n|-damage|p1b: Meowstic|9/100\n|move|p1b: Meowstic|Trick Room|p1b: Meowstic\n|-fieldstart|move: Trick Room|[of] p1b: Meowstic\n|\n|-weather|Sandstorm|[upkeep]\n|-damage|p1a: Overqwil|93/100|[from] Sandstorm\n|-damage|p1b: Meowstic|3/100|[from] Sandstorm\n|-damage|p2b: Passimian|93/100|[from] Sandstorm\n|-heal|p1a: Overqwil|100/100|[from] item: Leftovers\n|-end|p2a: Tyranitar|move: Yawn|[silent]\n|-status|p2a: Tyranitar|slp\n|upkeep\n|turn|5\n|inactive|duck duck gosling has 30 seconds left.\n|\n|t:|1788396009\n|switch|p2a: Steelix|Steelix, L50, M|100/100\n|switch|p1b: Sinistcha|Sinistcha, L50|100/100\n|move|p1a: Overqwil|Stockpile|p1a: Overqwil\n|-start|p1a: Overqwil|stockpile2\n|-boost|p1a: Overqwil|def|1\n|-boost|p1a: Overqwil|spd|1\n|move|p2b: Passimian|Close Combat|p1a: Overqwil|[miss]\n|-miss|p2b: Passimian|p1a: Overqwil\n|\n|-weather|none\n|upkeep\n|turn|6\n|\n|t:|1788396032\n|switch|p2b: Tyranitar|Tyranitar-Mega, L50, F|97/100 slp\n|-weather|Sandstorm|[from] ability: Sand Stream|[of] p2b: Tyranitar\n|move|p1a: Overqwil|Stockpile|p1a: Overqwil\n|-start|p1a: Overqwil|stockpile3\n|-boost|p1a: Overqwil|def|1\n|-boost|p1a: Overqwil|spd|1\n|move|p2a: Steelix|Heavy Slam|p1b: Sinistcha\n|-damage|p1b: Sinistcha|45/100\n|-damage|p2a: Steelix|90/100|[from] item: Life Orb\n|move|p1b: Sinistcha|Psych Up|p1a: Overqwil\n|-copyboost|p1b: Sinistcha|p1a: Overqwil|[from] move: Psych Up\n|\n|-weather|Sandstorm|[upkeep]\n|-damage|p1b: Sinistcha|39/100|[from] Sandstorm\n|-damage|p1a: Overqwil|93/100|[from] Sandstorm\n|-heal|p1a: Overqwil|100/100|[from] item: Leftovers\n|upkeep\n|turn|7\n|\n|t:|1788396053\n|move|p2a: Steelix|Heavy Slam|p1b: Sinistcha\n|-damage|p1b: Sinistcha|15/100\n|-damage|p2a: Steelix|80/100|[from] item: Life Orb\n|move|p1b: Sinistcha|Matcha Gotcha|p2b: Tyranitar|[spread] p2a,p2b\n|-supereffective|p2b: Tyranitar|1\n|-damage|p2a: Steelix|43/100\n|-heal|p1b: Sinistcha|33/100|[from] drain|[of] p2a: Steelix\n|-damage|p2b: Tyranitar|73/100 slp\n|-heal|p1b: Sinistcha|47/100|[from] drain|[of] p2b: Tyranitar\n|-status|p2a: Steelix|brn\n|cant|p2b: Tyranitar|slp\n|move|p1a: Overqwil|Barb Barrage|p2b: Tyranitar\n|-resisted|p2b: Tyranitar|1\n|-damage|p2b: Tyranitar|65/100 slp\n|\n|-weather|Sandstorm|[upkeep]\n|-damage|p1b: Sinistcha|41/100|[from] Sandstorm\n|-damage|p1a: Overqwil|93/100|[from] Sandstorm\n|-heal|p1a: Overqwil|100/100|[from] item: Leftovers\n|-damage|p2a: Steelix|37/100 brn|[from] brn\n|upkeep\n|turn|8\n|c|☆RegILiker2308|Toxic piece of du\n|c|☆RegILiker2308|Shit\n|inactive|RegILiker2308 has 30 seconds left.\n|inactive|RegILiker2308 has 20 seconds left.\n|\n|t:|1788396090\n|move|p2a: Steelix|High Horsepower|p1a: Overqwil|[miss]\n|-miss|p2a: Steelix|p1a: Overqwil\n|-curestatus|p2b: Tyranitar|slp|[msg]\n|move|p2b: Tyranitar|Rock Slide|p1a: Overqwil|[spread] p1a\n|-miss|p2b: Tyranitar|p1b: Sinistcha\n|-damage|p1a: Overqwil|88/100\n|move|p1b: Sinistcha|Matcha Gotcha|p2a: Steelix|[spread] p2b\n|-miss|p1b: Sinistcha|p2a: Steelix\n|-supereffective|p2b: Tyranitar|1\n|-damage|p2b: Tyranitar|42/100\n|-heal|p1b: Sinistcha|55/100|[from] drain|[of] p2b: Tyranitar\n|move|p1a: Overqwil|Barb Barrage|p2b: Tyranitar\n|-resisted|p2b: Tyranitar|1\n|-damage|p2b: Tyranitar|34/100\n|-status|p2b: Tyranitar|psn\n|\n|-weather|Sandstorm|[upkeep]\n|-damage|p1b: Sinistcha|48/100|[from] Sandstorm\n|-damage|p1a: Overqwil|82/100|[from] Sandstorm\n|-heal|p1a: Overqwil|88/100|[from] item: Leftovers\n|-damage|p2b: Tyranitar|22/100 psn|[from] psn\n|-damage|p2a: Steelix|31/100 brn|[from] brn\n|-fieldend|move: Trick Room\n|upkeep\n|turn|9\n|c|☆duck duck gosling|i'm toxic but ur the one calling names?\n|c|☆duck duck gosling|lol\n|inactive|RegILiker2308 has 30 seconds left.\n|inactive|RegILiker2308 has 20 seconds left.\n|c|☆RegILiker2308|Na fu disgusting ugly creature\n|inactive|RegILiker2308 has 15 seconds left.\n|c|☆RegILiker2308|K\n|c|☆RegILiker2308|Y\n|inactive|RegILiker2308 has 10 seconds left.\n|c|☆RegILiker2308|S\n|-message|RegILiker2308 forfeited.\n|\n|win|duck duck gosling\n|raw|duck duck gosling's rating: 1228 &rarr; <strong>1248</strong><br />(+20 for winning)\n|raw|RegILiker2308's rating: 1154 &rarr; <strong>1134</strong><br />(-20 for losing)\n|l|☆RegILiker2308\n|player|p2|\n|c|☆duck duck gosling|my life is great and i'm hot\n","uploadtime":1788396175,"views":"0","formatid":"gen9championsvgc2026regmb","rating":1134,"private":0,"password":null}