{"id":"gen9championsvgc2026regmbbo3-2674927182","format":"[Gen 9 Champions] VGC 2026 Reg M-B (Bo3)","players":["marcio1428","wild1wildwild"],"log":"|j|☆marcio1428\n|j|☆wild1wildwild\n|html|<table width=\"100%\"><tr><td align=\"left\">marcio1428</td><td align=\"right\">wild1wildwild</tr><tr><td align=\"left\"><i class=\"fa fa-circle-o\"></i> <i class=\"fa fa-circle-o\"></i> </td><td align=\"right\"><i class=\"fa fa-circle-o\"></i> <i class=\"fa fa-circle-o\"></i> </tr></table>\n|uhtml|bestof|<h2><strong>Game 1</strong> of <a href=\"/game-bestof3-gen9championsvgc2026regmbbo3-2674927181\">a best-of-3</a></h2>\n|t:|1788437275\n|gametype|doubles\n|player|p1|marcio1428|169|1084\n|player|p2|wild1wildwild|lucas|1000\n|gen|9\n|tier|[Gen 9 Champions] VGC 2026 Reg M-B (Bo3)\n|rated|\n|rule|Species Clause: Limit one of each Pokémon\n|rule|Item Clause: Limit 1 of each item\n|clearpoke\n|poke|p1|Scrafty, L50, F|\n|poke|p1|Whimsicott, L50, F|\n|poke|p1|Mimikyu, L50, F|\n|poke|p1|Pelipper, L50, M|\n|poke|p1|Staraptor, L50, F|\n|poke|p1|Raichu, L50, F|\n|poke|p2|Palafin, L50, F, shiny|\n|poke|p2|Incineroar, L50, M|\n|poke|p2|Pelipper, L50, M|\n|poke|p2|Blastoise, L50, M|\n|poke|p2|Dragapult, L50, M|\n|poke|p2|Archaludon, L50, M|\n|teampreview|4\n|showteam|p1|Scrafty||SitrusBerry|Intimidate|KnockOff,DrainPunch,FakeOut,Protect|Jolly||F|||50|]Whimsicott||FairyFeather|Prankster|Moonblast,Charm,Tailwind,Encore|Timid||F|||50|]Mimikyu||LifeOrb|Disguise|PhantomForce,PlayRough,ShadowSneak,TrickRoom|Brave||F|||50|]Pelipper||MysticWater|Drizzle|Hurricane,WeatherBall,WideGuard,Tailwind|Bold||M|||50|]Staraptor||WhiteHerb|Intimidate|BraveBird,CloseCombat,Tailwind,Protect|Jolly||F|||50|]Raichu||FocusSash|LightningRod|Thunderbolt,VoltSwitch,FakeOut,Protect|Timid||F|||50|\n|showteam|p2|Palafin||MysticWater|ZerotoHero|Haze,WaveCrash,JetPunch,Protect|Jolly||F|||50|]Incineroar||ChestoBerry|Intimidate|FakeOut,Roar,FlareBlitz,PartingShot|Jolly||M|||50|]Pelipper||Leftovers|Drizzle|Roost,Protect,Hurricane,Tailwind|Modest||M|||50|]Blastoise||Blastoisinite|RainDish|AuraSphere,HydroPump,IcyWind,FakeOut|Serious||M|||50|]Dragapult||DragonFang|ClearBody|DragonDance,DragonDarts,ThunderWave,HelpingHand|Serious||M|||50|]Archaludon||LifeOrb|Stamina|ElectroShot,Thunderbolt,ThunderWave,SteelBeam|Modest||M|||50|\n|\n|t:|1788437308\n|teamsize|p1|4\n|teamsize|p2|4\n|start\n|switch|p1a: Mimikyu|Mimikyu, L50, F|100/100\n|switch|p1b: Scrafty|Scrafty, L50, F|100/100\n|switch|p2a: Archaludon|Archaludon, L50, M|100/100\n|switch|p2b: Pelipper|Pelipper, L50, M|100/100\n|-ability|p1b: Scrafty|Intimidate|boost\n|-unboost|p2a: Archaludon|atk|1\n|-unboost|p2b: Pelipper|atk|1\n|-weather|RainDance|[from] ability: Drizzle|[of] p2b: Pelipper\n|turn|1\n|\n|t:|1788437327\n|move|p1b: Scrafty|Fake Out|p2b: Pelipper\n|-damage|p2b: Pelipper|83/100\n|cant|p2b: Pelipper|flinch\n|move|p2a: Archaludon|Electro Shot||[still]\n|-prepare|p2a: Archaludon|Electro Shot\n|-boost|p2a: Archaludon|spa|1\n|-anim|p2a: Archaludon|Electro Shot|p1b: Scrafty\n|-damage|p1b: Scrafty|5/100\n|-enditem|p1b: Scrafty|Sitrus Berry|[eat]\n|-heal|p1b: Scrafty|30/100|[from] item: Sitrus Berry\n|-damage|p2a: Archaludon|90/100|[from] item: Life Orb\n|move|p1a: Mimikyu|Trick Room|p1a: Mimikyu\n|-fieldstart|move: Trick Room|[of] p1a: Mimikyu\n|\n|-weather|RainDance|[upkeep]\n|-heal|p2b: Pelipper|89/100|[from] item: Leftovers\n|upkeep\n|turn|2\n|\n|t:|1788437356\n|switch|p1b: Raichu|Raichu, L50, F|100/100\n|move|p1a: Mimikyu|Phantom Force||[still]\n|-prepare|p1a: Mimikyu|Phantom Force\n|move|p2a: Archaludon|Electro Shot||[still]\n|-prepare|p2a: Archaludon|Electro Shot\n|-boost|p2a: Archaludon|spa|1\n|-anim|p2a: Archaludon|Electro Shot|p1b: Raichu\n|-ability|p1b: Raichu|Lightning Rod|boost\n|-boost|p1b: Raichu|spa|1\n|move|p2b: Pelipper|Hurricane|p1a: Mimikyu|[miss]\n|-miss|p2b: Pelipper|p1a: Mimikyu\n|\n|-weather|RainDance|[upkeep]\n|-heal|p2b: Pelipper|95/100|[from] item: Leftovers\n|upkeep\n|turn|3\n|\n|t:|1788437377\n|switch|p2b: Palafin|Palafin, L50, F, shiny|100/100\n|move|p1a: Mimikyu|Phantom Force|p2b: Palafin|[from] lockedmove\n|-damage|p2b: Palafin|43/100\n|-damage|p1a: Mimikyu|90/100|[from] item: Life Orb\n|move|p2a: Archaludon|Steel Beam|p1b: Raichu|[miss]\n|-miss|p2a: Archaludon|p1b: Raichu\n|-damage|p2a: Archaludon|40/100|[from] steelbeam\n|move|p1b: Raichu|Thunderbolt|p2a: Archaludon\n|-resisted|p2a: Archaludon|1\n|-damage|p2a: Archaludon|9/100\n|-ability|p2a: Archaludon|Stamina|boost\n|-boost|p2a: Archaludon|def|1\n|\n|-weather|RainDance|[upkeep]\n|upkeep\n|turn|4\n|\n|t:|1788437401\n|move|p2b: Palafin|Jet Punch|p1b: Raichu\n|-damage|p1b: Raichu|30/100\n|move|p1a: Mimikyu|Play Rough|p2a: Archaludon\n|-damage|p2a: Archaludon|0 fnt\n|faint|p2a: Archaludon\n|-damage|p1a: Mimikyu|80/100|[from] item: Life Orb\n|move|p1b: Raichu|Thunderbolt|p2b: Palafin\n|-supereffective|p2b: Palafin|1\n|-damage|p2b: Palafin|0 fnt\n|faint|p2b: Palafin\n|\n|-weather|RainDance|[upkeep]\n|upkeep\n|\n|t:|1788437413\n|switch|p2a: Blastoise|Blastoise, L50, M|100/100\n|switch|p2b: Pelipper|Pelipper, L50, M|95/100\n|turn|5\n|\n|t:|1788437428\n|detailschange|p2a: Blastoise|Blastoise-Mega, L50, M\n|-mega|p2a: Blastoise|Blastoise|Blastoisinite\n|move|p1b: Raichu|Protect|p1b: Raichu\n|-singleturn|p1b: Raichu|Protect\n|move|p2a: Blastoise|Icy Wind|p1a: Mimikyu|[spread] p1a\n|-activate|p1b: Raichu|move: Protect\n|-activate|p1a: Mimikyu|ability: Disguise\n|-damage|p1a: Mimikyu|80/100\n|-unboost|p1a: Mimikyu|spe|1\n|detailschange|p1a: Mimikyu|Mimikyu-Busted, L50, F\n|-damage|p1a: Mimikyu|67/100|[from] pokemon: Mimikyu-Busted\n|move|p1a: Mimikyu|Play Rough|p2a: Blastoise\n|-crit|p2a: Blastoise\n|-damage|p2a: Blastoise|23/100\n|-unboost|p2a: Blastoise|atk|1\n|-damage|p1a: Mimikyu|58/100|[from] item: Life Orb\n|move|p2b: Pelipper|Hurricane|p1a: Mimikyu\n|-damage|p1a: Mimikyu|11/100\n|-start|p1a: Mimikyu|confusion\n|\n|-weather|none\n|-heal|p2b: Pelipper|100/100|[from] item: Leftovers\n|-fieldend|move: Trick Room\n|upkeep\n|turn|6\n|\n|t:|1788437461\n|switch|p1b: Scrafty|Scrafty, L50, F|30/100\n|-ability|p1b: Scrafty|Intimidate|boost\n|-unboost|p2a: Blastoise|atk|1\n|-unboost|p2b: Pelipper|atk|1\n|-activate|p1a: Mimikyu|confusion\n|move|p1a: Mimikyu|Shadow Sneak|p2a: Blastoise\n|-damage|p2a: Blastoise|0 fnt\n|faint|p2a: Blastoise\n|-damage|p1a: Mimikyu|1/100|[from] item: Life Orb\n|move|p2b: Pelipper|Hurricane|p1b: Scrafty\n|-supereffective|p1b: Scrafty|1\n|-damage|p1b: Scrafty|0 fnt\n|faint|p1b: Scrafty\n|\n|upkeep\n|\n|t:|1788437476\n|switch|p1b: Raichu|Raichu, L50, F|30/100\n|turn|7\n|\n|t:|1788437484\n|switch|p1a: Whimsicott|Whimsicott, L50, F|100/100\n|move|p1b: Raichu|Fake Out|p2b: Pelipper\n|-damage|p2b: Pelipper|89/100\n|cant|p2b: Pelipper|flinch\n|\n|-heal|p2b: Pelipper|95/100|[from] item: Leftovers\n|upkeep\n|turn|8\n|\n|t:|1788437498\n|move|p1a: Whimsicott|Tailwind|p1a: Whimsicott\n|-sidestart|p1: marcio1428|move: Tailwind\n|move|p1b: Raichu|Thunderbolt|p2b: Pelipper\n|-supereffective|p2b: Pelipper|2\n|-damage|p2b: Pelipper|0 fnt\n|faint|p2b: Pelipper\n|\n|win|marcio1428\n","uploadtime":1788437505,"views":"6","formatid":"gen9championsvgc2026regmbbo3","rating":null,"private":0,"password":null}