{"id":"gen9championsvgc2026regmbbo3-2674983103","format":"[Gen 9 Champions] VGC 2026 Reg M-B (Bo3)","players":["humania1","bearlover997"],"log":"|j|☆humania1\n|j|☆bearlover997\n|html|<table width=\"100%\"><tr><td align=\"left\">humania1</td><td align=\"right\">bearlover997</tr><tr><td align=\"left\"><i class=\"fa fa-circle\"></i> <i class=\"fa fa-circle-o\"></i> </td><td align=\"right\"><i class=\"fa fa-circle-o\"></i> <i class=\"fa fa-circle\"></i> </tr></table>\n|uhtml|bestof|<h2><strong>Game 3</strong> of <a href=\"/game-bestof3-gen9championsvgc2026regmbbo3-2674980669\">a best-of-3</a></h2>\n|t:|1788445127\n|gametype|doubles\n|player|p1|humania1|265|1117\n|player|p2|bearlover997|sage|1171\n|gen|9\n|tier|[Gen 9 Champions] VGC 2026 Reg M-B (Bo3)\n|rated|\n|rule|Species Clause: Limit one of each Pokémon\n|rule|Item Clause: Limit 1 of each item\n|clearpoke\n|poke|p1|Charizard, L50, M|\n|poke|p1|Whimsicott, L50, F|\n|poke|p1|Basculegion, L50, M|\n|poke|p1|Farigiraf, L50, F|\n|poke|p1|Kangaskhan, L50, F|\n|poke|p1|Sneasler, L50, M|\n|poke|p2|Lopunny, L50, F|\n|poke|p2|Volcarona, L50, F|\n|poke|p2|Ninetales-Alola, L50, F|\n|poke|p2|Toxapex, L50, M|\n|poke|p2|Grimmsnarl, L50, M|\n|poke|p2|Sinistcha, L50|\n|teampreview|4\n|showteam|p1|Charizard||CharizarditeY|SolarPower|WeatherBall,HeatWave,SolarBeam,Protect|Timid||M|||50|]Whimsicott||FocusSash|Prankster|Moonblast,Tailwind,SunnyDay,Encore|Timid||F|||50|]Basculegion||ChoiceScarf|Adaptability|WaveCrash,AquaJet,LastRespects,FlipTurn|Adamant||M|||50|]Farigiraf||SitrusBerry|ArmorTail|Psychic,HyperVoice,HelpingHand,TrickRoom|Modest||F|||50|]Kangaskhan||Kangaskhanite|Scrappy|FakeOut,DoubleEdge,DrainPunch,SuckerPunch|Adamant||F|||50|]Sneasler||WhiteHerb|Unburden|FakeOut,CloseCombat,DireClaw,RockTomb|Adamant||M|||50|\n|showteam|p2|Lopunny||Lopunnite|Limber|FakeOut,Uturn,CloseCombat,Encore|Jolly||F|||50|]Volcarona||Leftovers|FlameBody|HeatWave,BugBuzz,Protect,QuiverDance|Modest||F|||50|]Ninetales-Alola||FocusSash|SnowWarning|Encore,Disable,Protect,FreezeDry|Timid||F|||50|]Toxapex||BrightPowder|Regenerator|WideGuard,BanefulBunker,Toxic,Infestation|Bold||M|||50|]Grimmsnarl||LightClay|Prankster|LightScreen,Reflect,PartingShot,SpiritBreak|Careful||M|||50|]Sinistcha||SitrusBerry|Hospitality|RagePowder,Curse,MatchaGotcha,Protect|Bold|||||50|\n|inactive|Battle timer is ON: inactive players will automatically lose when time's up. (requested by humania1)\n|inactive|bearlover997 also wants the timer to be on.\n|\n|t:|1788445143\n|teamsize|p1|4\n|teamsize|p2|4\n|start\n|switch|p1a: Charizard|Charizard, L50, M|100/100\n|switch|p1b: Sneasler|Sneasler, L50, M|100/100\n|switch|p2a: Lopunny|Lopunny, L50, F|100/100\n|switch|p2b: Volcarona|Volcarona, L50, F|100/100\n|turn|1\n|\n|t:|1788445147\n|detailschange|p2a: Lopunny|Lopunny-Mega, L50, F\n|-mega|p2a: Lopunny|Lopunny|Lopunnite\n|move|p1a: Charizard|Protect|p1a: Charizard\n|-singleturn|p1a: Charizard|Protect\n|move|p2a: Lopunny|Fake Out|p1b: Sneasler\n|-damage|p1b: Sneasler|63/100\n|cant|p1b: Sneasler|flinch\n|move|p2b: Volcarona|Quiver Dance|p2b: Volcarona\n|-boost|p2b: Volcarona|spa|1\n|-boost|p2b: Volcarona|spd|1\n|-boost|p2b: Volcarona|spe|1\n|\n|upkeep\n|turn|2\n|\n|t:|1788445162\n|switch|p1a: Basculegion|Basculegion, L50, M|100/100\n|move|p2b: Volcarona|Quiver Dance|p2b: Volcarona\n|-boost|p2b: Volcarona|spa|1\n|-boost|p2b: Volcarona|spd|1\n|-boost|p2b: Volcarona|spe|1\n|move|p2a: Lopunny|U-turn|p1b: Sneasler\n|-resisted|p1b: Sneasler|2\n|-crit|p1b: Sneasler\n|-damage|p1b: Sneasler|48/100\n|\n|t:|1788445175\n|switch|p2a: Toxapex|Toxapex, L50, M|100/100|[from] U-turn\n|move|p1b: Sneasler|Rock Tomb|p2b: Volcarona\n|-supereffective|p2b: Volcarona|2\n|-damage|p2b: Volcarona|0 fnt\n|faint|p2b: Volcarona\n|\n|upkeep\n|\n|t:|1788445177\n|switch|p2b: Lopunny|Lopunny-Mega, L50, F|100/100\n|turn|3\n|\n|t:|1788445182\n|move|p2b: Lopunny|Fake Out|p1b: Sneasler\n|-damage|p1b: Sneasler|11/100\n|move|p1a: Basculegion|Last Respects|p2a: Toxapex\n|-damage|p2a: Toxapex|79/100\n|cant|p1b: Sneasler|flinch\n|move|p2a: Toxapex|Toxic|p1a: Basculegion\n|-status|p1a: Basculegion|tox\n|\n|-damage|p1a: Basculegion|93/100 tox|[from] psn\n|upkeep\n|turn|4\n|\n|t:|1788445199\n|move|p2b: Lopunny|U-turn|p1b: Sneasler\n|-resisted|p1b: Sneasler|2\n|-damage|p1b: Sneasler|1/100\n|\n|t:|1788445202\n|switch|p2b: Grimmsnarl|Grimmsnarl, L50, M|100/100|[from] U-turn\n|move|p1a: Basculegion|Last Respects|p2a: Toxapex|[miss]\n|-miss|p1a: Basculegion|p2a: Toxapex\n|move|p1b: Sneasler|Close Combat|p2b: Grimmsnarl\n|-damage|p2b: Grimmsnarl|18/100\n|-unboost|p1b: Sneasler|def|1\n|-unboost|p1b: Sneasler|spd|1\n|-enditem|p1b: Sneasler|White Herb\n|-clearnegativeboost|p1b: Sneasler|[silent]\n|move|p2a: Toxapex|Infestation|p1a: Basculegion\n|-resisted|p1a: Basculegion|1\n|-crit|p1a: Basculegion\n|-damage|p1a: Basculegion|91/100 tox\n|-activate|p1a: Basculegion|move: Infestation|[of] p2a: Toxapex\n|\n|-damage|p1a: Basculegion|78/100 tox|[from] psn\n|-damage|p1a: Basculegion|66/100 tox|[from] move: Infestation|[partiallytrapped]\n|upkeep\n|turn|5\n|\n|t:|1788445224\n|switch|p1a: Charizard|Charizard, L50, M|100/100\n|move|p2b: Grimmsnarl|Light Screen|p2b: Grimmsnarl\n|-sidestart|p2: bearlover997|move: Light Screen\n|move|p1b: Sneasler|Close Combat|p2b: Grimmsnarl\n|-damage|p2b: Grimmsnarl|0 fnt\n|-unboost|p1b: Sneasler|def|1\n|-unboost|p1b: Sneasler|spd|1\n|faint|p2b: Grimmsnarl\n|move|p2a: Toxapex|Infestation|p1b: Sneasler\n|-resisted|p1b: Sneasler|2\n|-damage|p1b: Sneasler|0 fnt\n|faint|p1b: Sneasler\n|\n|upkeep\n|\n|t:|1788445231\n|switch|p1b: Basculegion|Basculegion, L50, M|66/100 tox\n|switch|p2b: Lopunny|Lopunny-Mega, L50, F|100/100\n|turn|6\n|\n|t:|1788445236\n|detailschange|p1a: Charizard|Charizard-Mega-Y, L50, M\n|-mega|p1a: Charizard|Charizard|Charizardite Y\n|-weather|SunnyDay|[from] ability: Drought|[of] p1a: Charizard\n|move|p2b: Lopunny|Fake Out|p1b: Basculegion\n|-damage|p1b: Basculegion|37/100 tox\n|cant|p1b: Basculegion|flinch\n|move|p1a: Charizard|Heat Wave|p2a: Toxapex|[spread] p2b\n|-miss|p1a: Charizard|p2a: Toxapex\n|-damage|p2b: Lopunny|48/100\n|move|p2a: Toxapex|Toxic|p1a: Charizard\n|-status|p1a: Charizard|tox\n|\n|-weather|SunnyDay|[upkeep]\n|-damage|p1b: Basculegion|31/100 tox|[from] psn\n|-damage|p1a: Charizard|94/100 tox|[from] psn\n|upkeep\n|turn|7\n|\n|t:|1788445256\n|move|p2a: Toxapex|Wide Guard|p2a: Toxapex\n|-singleturn|p2a: Toxapex|Wide Guard\n|move|p2b: Lopunny|Close Combat|p1b: Basculegion\n|-damage|p1b: Basculegion|0 fnt\n|-unboost|p2b: Lopunny|def|1\n|-unboost|p2b: Lopunny|spd|1\n|faint|p1b: Basculegion\n|move|p1a: Charizard|Weather Ball|p2b: Lopunny\n|-damage|p2b: Lopunny|0 fnt\n|faint|p2b: Lopunny\n|\n|-weather|SunnyDay|[upkeep]\n|-damage|p1a: Charizard|82/100 tox|[from] psn\n|upkeep\n|\n|t:|1788445256\n|switch|p1b: Farigiraf|Farigiraf, L50, F|100/100\n|turn|8\n|\n|t:|1788445271\n|move|p1a: Charizard|Heat Wave|p2a: Toxapex\n|-resisted|p2a: Toxapex|1\n|-damage|p2a: Toxapex|54/100\n|move|p1b: Farigiraf|Psychic|p2a: Toxapex\n|-supereffective|p2a: Toxapex|1\n|-damage|p2a: Toxapex|13/100\n|move|p2a: Toxapex|Infestation|p1a: Charizard\n|-resisted|p1a: Charizard|2\n|-damage|p1a: Charizard|81/100 tox\n|-activate|p1a: Charizard|move: Infestation|[of] p2a: Toxapex\n|\n|-weather|SunnyDay|[upkeep]\n|-damage|p1a: Charizard|64/100 tox|[from] psn\n|-damage|p1a: Charizard|52/100 tox|[from] move: Infestation|[partiallytrapped]\n|upkeep\n|turn|9\n|\n|t:|1788445274\n|move|p2a: Toxapex|Baneful Bunker|p2a: Toxapex\n|-singleturn|p2a: Toxapex|move: Protect\n|move|p1a: Charizard|Solar Beam||[still]\n|-prepare|p1a: Charizard|Solar Beam\n|-anim|p1a: Charizard|Solar Beam|p2a: Toxapex\n|-activate|p2a: Toxapex|move: Protect\n|move|p1b: Farigiraf|Psychic|p2a: Toxapex\n|-activate|p2a: Toxapex|move: Protect\n|\n|-weather|SunnyDay|[upkeep]\n|-damage|p1a: Charizard|29/100 tox|[from] psn\n|-damage|p1a: Charizard|16/100 tox|[from] move: Infestation|[partiallytrapped]\n|upkeep\n|turn|10\n|l|☆bearlover997\n|inactive|bearlover997 disconnected and has a minute to reconnect!\n|player|p2|\n|inactive|bearlover997 has 30 seconds left.\n|inactive|bearlover997 has 20 seconds left.\n|inactive|bearlover997 has 15 seconds left.\n|inactive|bearlover997 has 10 seconds left.\n|inactive|bearlover997 has 5 seconds left.\n|-message|bearlover997 lost due to inactivity.\n|\n|win|humania1\n|raw|humania1's rating: 1117 &rarr; <strong>1146</strong><br />(+29 for winning)\n|raw|bearlover997's rating: 1171 &rarr; <strong>1142</strong><br />(-29 for losing)\n","uploadtime":1788445329,"views":"1","formatid":"gen9championsvgc2026regmbbo3","rating":1142,"private":0,"password":null}