{"id":"gen9championsvgc2026regmb-2673892222","format":"[Gen 9 Champions] VGC 2026 Reg M-B","players":["jpto5","SnowieSoul"],"log":"|j|☆jpto5\n|j|☆SnowieSoul\n|t:|1788273828\n|gametype|doubles\n|player|p1|jpto5|169|1208\n|player|p2|SnowieSoul|cynthia-gen4|1250\n|gen|9\n|tier|[Gen 9 Champions] VGC 2026 Reg M-B\n|rated|\n|rule|Species Clause: Limit one of each Pokémon\n|rule|Item Clause: Limit 1 of each item\n|clearpoke\n|poke|p1|Whimsicott, L50, M|\n|poke|p1|Archaludon, L50, F|\n|poke|p1|Pelipper, L50, F|\n|poke|p1|Floette-Eternal, L50, F|\n|poke|p1|Heracross, L50, M|\n|poke|p1|Maushold, L50|\n|poke|p2|Charizard, L50, F|\n|poke|p2|Floette-Eternal, L50, F|\n|poke|p2|Whimsicott, L50, M, shiny|\n|poke|p2|Garchomp, L50, M|\n|poke|p2|Kingambit, L50, F|\n|poke|p2|Basculegion, L50, M|\n|teampreview|4\n|inactive|Battle timer is ON: inactive players will automatically lose when time's up. (requested by jpto5)\n|inactive|jpto5 has 60 seconds left.\n|inactive|SnowieSoul has 60 seconds left.\n|inactive|SnowieSoul has 30 seconds left.\n|inactive|SnowieSoul has 20 seconds left.\n|inactive|SnowieSoul has 15 seconds left.\n|inactive|SnowieSoul has 10 seconds left.\n|inactive|SnowieSoul has 5 seconds left.\n|\n|t:|1788273917\n|teamsize|p1|4\n|teamsize|p2|4\n|start\n|switch|p1a: Whimsicott|Whimsicott, L50, M|100/100\n|switch|p1b: Floette|Floette-Eternal, L50, F|100/100\n|switch|p2a: Gholdencott|Whimsicott, L50, M, shiny|100/100\n|switch|p2b: Gholdengo 2|Floette-Eternal, L50, F|100/100\n|turn|1\n|\n|t:|1788273941\n|detailschange|p2b: Gholdengo 2|Floette-Mega, L50, F\n|-mega|p2b: Gholdengo 2|Floette|Floettite\n|-ability|p2b: Gholdengo 2|Fairy Aura\n|move|p1a: Whimsicott|Light Screen|p1a: Whimsicott\n|-sidestart|p1: jpto5|move: Light Screen\n|move|p2a: Gholdencott|Tailwind|p2a: Gholdencott\n|-sidestart|p2: SnowieSoul|move: Tailwind\n|move|p2b: Gholdengo 2|Dazzling Gleam|p1a: Whimsicott|[spread] p1a,p1b\n|-crit|p1a: Whimsicott\n|-damage|p1a: Whimsicott|0 fnt\n|-damage|p1b: Floette|66/100\n|faint|p1a: Whimsicott\n|move|p1b: Floette|Calm Mind|p1b: Floette\n|-boost|p1b: Floette|spa|1\n|-boost|p1b: Floette|spd|1\n|\n|upkeep\n|\n|t:|1788273959\n|switch|p1a: Pelipper|Pelipper, L50, F|100/100\n|-weather|RainDance|[from] ability: Drizzle|[of] p1a: Pelipper\n|turn|2\n|\n|t:|1788273970\n|detailschange|p1b: Floette|Floette-Mega, L50, F\n|-mega|p1b: Floette|Floette|Floettite\n|-ability|p1b: Floette|Fairy Aura\n|move|p2a: Gholdencott|Encore|p1b: Floette\n|-start|p1b: Floette|Encore\n|move|p2b: Gholdengo 2|Dazzling Gleam|p1a: Pelipper|[spread] p1a,p1b\n|-damage|p1a: Pelipper|40/100\n|-damage|p1b: Floette|48/100\n|move|p1b: Floette|Calm Mind|p1b: Floette\n|-boost|p1b: Floette|spa|1\n|-boost|p1b: Floette|spd|1\n|move|p1a: Pelipper|Tailwind|p1a: Pelipper\n|-sidestart|p1: jpto5|move: Tailwind\n|\n|-weather|RainDance|[upkeep]\n|upkeep\n|turn|3\n|\n|t:|1788273991\n|move|p1a: Pelipper|Wide Guard|p1a: Pelipper\n|-singleturn|p1a: Pelipper|Wide Guard\n|move|p2a: Gholdencott|Encore|p1a: Pelipper\n|-start|p1a: Pelipper|Encore\n|move|p1b: Floette|Calm Mind|p1b: Floette\n|-boost|p1b: Floette|spa|1\n|-boost|p1b: Floette|spd|1\n|move|p2b: Gholdengo 2|Dazzling Gleam|p1a: Pelipper|[spread] \n|-activate|p1a: Pelipper|move: Wide Guard\n|-activate|p1b: Floette|move: Wide Guard\n|\n|-weather|RainDance|[upkeep]\n|upkeep\n|turn|4\n|\n|t:|1788274005\n|switch|p1a: Archaludon|Archaludon, L50, F|100/100\n|move|p2a: Gholdencott|Moonblast|p1a: Archaludon\n|-damage|p1a: Archaludon|41/100\n|-unboost|p1a: Archaludon|spa|1\n|-ability|p1a: Archaludon|Stamina|boost\n|-boost|p1a: Archaludon|def|1\n|move|p1b: Floette|Calm Mind|p1b: Floette\n|-boost|p1b: Floette|spa|1\n|-boost|p1b: Floette|spd|1\n|move|p2b: Gholdengo 2|Moonblast|p1b: Floette\n|-damage|p1b: Floette|32/100\n|\n|-weather|RainDance|[upkeep]\n|-heal|p1a: Archaludon|47/100|[from] item: Leftovers\n|-end|p1b: Floette|Encore\n|-sideend|p2: SnowieSoul|move: Tailwind\n|upkeep\n|turn|5\n|\n|t:|1788274027\n|move|p1a: Archaludon|Protect|p1a: Archaludon\n|-singleturn|p1a: Archaludon|Protect\n|move|p2a: Gholdencott|Encore|p1b: Floette\n|-start|p1b: Floette|Encore\n|move|p1b: Floette|Calm Mind|p1b: Floette\n|-boost|p1b: Floette|spa|1\n|-boost|p1b: Floette|spd|1\n|move|p2b: Gholdengo 2|Moonblast|p1a: Archaludon\n|-activate|p1a: Archaludon|move: Protect\n|\n|-weather|RainDance|[upkeep]\n|-heal|p1a: Archaludon|53/100|[from] item: Leftovers\n|-sideend|p1: jpto5|move: Light Screen\n|-sideend|p1: jpto5|move: Tailwind\n|upkeep\n|turn|6\n|inactive|jpto5 has 30 seconds left.\n|\n|t:|1788274053\n|switch|p1a: Pelipper|Pelipper, L50, F|40/100\n|move|p2a: Gholdencott|Moonblast|p1b: Floette\n|-damage|p1b: Floette|18/100\n|move|p1b: Floette|Calm Mind|p1b: Floette\n|-boost|p1b: Floette|spa|1\n|-boost|p1b: Floette|spd|1\n|move|p2b: Gholdengo 2|Light of Ruin|p1a: Pelipper\n|-damage|p1a: Pelipper|0 fnt\n|faint|p1a: Pelipper\n|-damage|p2b: Gholdengo 2|81/100|[from] Recoil\n|\n|-weather|none\n|upkeep\n|\n|t:|1788274055\n|switch|p1a: Archaludon|Archaludon, L50, F|53/100\n|turn|7\n|\n|t:|1788274077\n|move|p2a: Gholdencott|Moonblast|p1a: Archaludon\n|-damage|p1a: Archaludon|0 fnt\n|faint|p1a: Archaludon\n|move|p1b: Floette|Calm Mind|p1b: Floette\n|-boost|p1b: Floette|spa|0\n|-boost|p1b: Floette|spd|0\n|move|p2b: Gholdengo 2|Dazzling Gleam|p1b: Floette\n|-damage|p1b: Floette|5/100\n|\n|-end|p1b: Floette|Encore\n|upkeep\n|turn|8\n|\n|t:|1788274092\n|move|p2a: Gholdencott|Tailwind|p2a: Gholdencott\n|-sidestart|p2: SnowieSoul|move: Tailwind\n|move|p2b: Gholdengo 2|Light of Ruin|p1b: Floette\n|-damage|p1b: Floette|0 fnt\n|faint|p1b: Floette\n|-damage|p2b: Gholdengo 2|77/100|[from] Recoil\n|\n|win|SnowieSoul\n|raw|jpto5's rating: 1208 &rarr; <strong>1186</strong><br />(-22 for losing)\n|raw|SnowieSoul's rating: 1250 &rarr; <strong>1272</strong><br />(+22 for winning)\n","uploadtime":1788274107,"views":"12","formatid":"gen9championsvgc2026regmb","rating":1186,"private":0,"password":null}