{"id":"gen9championsvgc2026regmb-2674533318","format":"[Gen 9 Champions] VGC 2026 Reg M-B","players":["Amawiw","Vem no X1"],"log":"|j|☆Amawiw\n|j|☆Vem no X1\n|t:|1788370955\n|gametype|doubles\n|player|p1|Amawiw|roxie|1311\n|player|p2|Vem no X1|265|1363\n|gen|9\n|tier|[Gen 9 Champions] VGC 2026 Reg M-B\n|rated|\n|rule|Species Clause: Limit one of each Pokémon\n|rule|Item Clause: Limit 1 of each item\n|clearpoke\n|poke|p1|Volcarona, L50, F|\n|poke|p1|Heliolisk, L50, M|\n|poke|p1|Pelipper, L50, M|\n|poke|p1|Swampert, L50, M|\n|poke|p1|Tsareena, L50, F|\n|poke|p1|Sableye, L50, F|\n|poke|p2|Staraptor, L50, F|\n|poke|p2|Whimsicott, L50, F|\n|poke|p2|Grimmsnarl, L50, M|\n|poke|p2|Sinistcha-Masterpiece, L50|\n|poke|p2|Gengar, L50, M|\n|poke|p2|Kingambit, L50, F|\n|teampreview|4\n|inactive|Battle timer is ON: inactive players will automatically lose when time's up. (requested by Vem no X1)\n|inactive|Vem no X1 has 60 seconds left.\n|\n|t:|1788370991\n|teamsize|p1|4\n|teamsize|p2|4\n|start\n|switch|p1a: Volcarona|Volcarona, L50, F|100/100\n|switch|p1b: Pelipper|Pelipper, L50, M|100/100\n|switch|p2a: Grimmsnarl|Grimmsnarl, L50, M|100/100\n|switch|p2b: Kingambit|Kingambit, L50, F|100/100\n|-weather|RainDance|[from] ability: Drizzle|[of] p1b: Pelipper\n|turn|1\n|\n|t:|1788371010\n|move|p2a: Grimmsnarl|Fake Out|p1a: Volcarona\n|-damage|p1a: Volcarona|91/100\n|cant|p1a: Volcarona|flinch\n|move|p1b: Pelipper|Weather Ball|p2a: Grimmsnarl\n|-damage|p2a: Grimmsnarl|42/100\n|move|p2b: Kingambit|Kowtow Cleave|p1a: Volcarona\n|-damage|p1a: Volcarona|42/100\n|\n|-weather|RainDance|[upkeep]\n|-heal|p1a: Volcarona|48/100|[from] item: Leftovers\n|upkeep\n|turn|2\n|\n|t:|1788371023\n|move|p2a: Grimmsnarl|Light Screen|p2a: Grimmsnarl\n|-sidestart|p2: Vem no X1|move: Light Screen\n|move|p1a: Volcarona|Quiver Dance|p1a: Volcarona\n|-boost|p1a: Volcarona|spa|1\n|-boost|p1a: Volcarona|spd|1\n|-boost|p1a: Volcarona|spe|1\n|move|p1b: Pelipper|Weather Ball|p2a: Grimmsnarl\n|-damage|p2a: Grimmsnarl|8/100\n|move|p2b: Kingambit|Kowtow Cleave|p1b: Pelipper\n|-damage|p1b: Pelipper|26/100\n|\n|-weather|RainDance|[upkeep]\n|-heal|p1a: Volcarona|55/100|[from] item: Leftovers\n|upkeep\n|turn|3\n|inactive|Vem no X1 has 30 seconds left.\n|\n|t:|1788371052\n|move|p2a: Grimmsnarl|Parting Shot|p1b: Pelipper\n|-unboost|p1b: Pelipper|atk|1\n|-unboost|p1b: Pelipper|spa|1\n|\n|t:|1788371053\n|switch|p2a: Whimsicott|Whimsicott, L50, F|100/100|[from] Parting Shot\n|move|p1a: Volcarona|Fiery Dance|p2a: Whimsicott\n|-supereffective|p2a: Whimsicott|1\n|-damage|p2a: Whimsicott|45/100\n|move|p1b: Pelipper|Weather Ball|p2b: Kingambit\n|-damage|p2b: Kingambit|69/100\n|move|p2b: Kingambit|Kowtow Cleave|p1a: Volcarona\n|-damage|p1a: Volcarona|3/100\n|-status|p2b: Kingambit|brn|[from] ability: Flame Body|[of] p1a: Volcarona\n|\n|-weather|RainDance|[upkeep]\n|-heal|p1a: Volcarona|9/100|[from] item: Leftovers\n|-damage|p2b: Kingambit|63/100 brn|[from] brn\n|upkeep\n|turn|4\n|\n|t:|1788371072\n|move|p1a: Volcarona|Protect|p1a: Volcarona\n|-singleturn|p1a: Volcarona|Protect\n|move|p2a: Whimsicott|Tailwind|p2a: Whimsicott\n|-sidestart|p2: Vem no X1|move: Tailwind\n|move|p2b: Kingambit|Kowtow Cleave|p1a: Volcarona\n|-activate|p1a: Volcarona|move: Protect\n|move|p1b: Pelipper|Hurricane|p2a: Whimsicott\n|-supereffective|p2a: Whimsicott|1\n|-damage|p2a: Whimsicott|0 fnt\n|faint|p2a: Whimsicott\n|\n|-weather|RainDance|[upkeep]\n|-heal|p1a: Volcarona|15/100|[from] item: Leftovers\n|-damage|p2b: Kingambit|57/100 brn|[from] brn\n|upkeep\n|\n|t:|1788371094\n|switch|p2a: Staraptor|Staraptor, L50, F|100/100\n|-ability|p2a: Staraptor|Intimidate|boost\n|-unboost|p1a: Volcarona|atk|1\n|-unboost|p1b: Pelipper|atk|1\n|turn|5\n|\n|t:|1788371108\n|switch|p1b: Tsareena|Tsareena, L50, F|100/100\n|detailschange|p2a: Staraptor|Staraptor-Mega, L50, F\n|-mega|p2a: Staraptor|Staraptor|Staraptite\n|move|p2a: Staraptor|Close Combat|p1b: Tsareena\n|-damage|p1b: Tsareena|19/100\n|-boost|p2a: Staraptor|def|1\n|-boost|p2a: Staraptor|spd|1\n|move|p1a: Volcarona|Hurricane|p2a: Staraptor\n|-supereffective|p2a: Staraptor|1\n|-damage|p2a: Staraptor|58/100\n|move|p2b: Kingambit|Kowtow Cleave|p1a: Volcarona\n|-damage|p1a: Volcarona|0 fnt\n|faint|p1a: Volcarona\n|\n|-weather|none\n|-damage|p2b: Kingambit|51/100 brn|[from] brn\n|upkeep\n|\n|t:|1788371121\n|switch|p1a: Pelipper|Pelipper, L50, M|26/100\n|-weather|RainDance|[from] ability: Drizzle|[of] p1a: Pelipper\n|turn|6\n|\n|t:|1788371141\n|move|p2a: Staraptor|Close Combat|p1b: Tsareena\n|-damage|p1b: Tsareena|0 fnt\n|-boost|p2a: Staraptor|def|1\n|-boost|p2a: Staraptor|spd|1\n|faint|p1b: Tsareena\n|move|p2b: Kingambit|Kowtow Cleave|p1a: Pelipper\n|-damage|p1a: Pelipper|0 fnt\n|faint|p1a: Pelipper\n|\n|-weather|RainDance|[upkeep]\n|-damage|p2b: Kingambit|45/100 brn|[from] brn\n|upkeep\n|\n|t:|1788371145\n|switch|p1b: Swampert|Swampert, L50, M|100/100\n|turn|7\n|inactive|Vem no X1 has 30 seconds left.\n|inactive|Vem no X1 has 20 seconds left.\n|inactive|Vem no X1 has 15 seconds left.\n|inactive|Vem no X1 has 10 seconds left.\n|\n|t:|1788371194\n|move|p2a: Staraptor|Protect|p2a: Staraptor\n|-singleturn|p2a: Staraptor|Protect\n|move|p1b: Swampert|Protect|p1b: Swampert\n|-singleturn|p1b: Swampert|Protect\n|move|p2b: Kingambit|Sucker Punch||[still]\n|-fail|p2b: Kingambit\n|\n|-weather|RainDance|[upkeep]\n|-damage|p2b: Kingambit|40/100 brn|[from] brn\n|-sideend|p2: Vem no X1|move: Tailwind\n|upkeep\n|turn|8\n|\n|t:|1788371204\n|detailschange|p1b: Swampert|Swampert-Mega, L50, M\n|-mega|p1b: Swampert|Swampert|Swampertite\n|move|p2b: Kingambit|Sucker Punch|p1b: Swampert\n|-damage|p1b: Swampert|81/100\n|move|p1b: Swampert|Wave Crash|p2a: Staraptor\n|-damage|p2a: Staraptor|4/100\n|-damage|p1b: Swampert|64/100|[from] Recoil\n|move|p2a: Staraptor|Roost|p2a: Staraptor\n|-heal|p2a: Staraptor|54/100\n|-singleturn|p2a: Staraptor|move: Roost\n|\n|-weather|RainDance|[upkeep]\n|-damage|p2b: Kingambit|34/100 brn|[from] brn\n|upkeep\n|turn|9\n|\n|t:|1788371217\n|move|p2a: Staraptor|Protect|p2a: Staraptor\n|-singleturn|p2a: Staraptor|Protect\n|move|p2b: Kingambit|Sucker Punch|p1b: Swampert\n|-damage|p1b: Swampert|44/100\n|move|p1b: Swampert|Wave Crash|p2a: Staraptor\n|-activate|p2a: Staraptor|move: Protect\n|\n|-weather|RainDance|[upkeep]\n|-damage|p2b: Kingambit|28/100 brn|[from] brn\n|-sideend|p2: Vem no X1|move: Light Screen\n|upkeep\n|turn|10\n|\n|t:|1788371236\n|move|p2b: Kingambit|Sucker Punch|p1b: Swampert\n|-damage|p1b: Swampert|26/100\n|move|p1b: Swampert|Wave Crash|p2a: Staraptor\n|-damage|p2a: Staraptor|4/100\n|-damage|p1b: Swampert|10/100|[from] Recoil\n|move|p2a: Staraptor|Roost|p2a: Staraptor\n|-heal|p2a: Staraptor|54/100\n|-singleturn|p2a: Staraptor|move: Roost\n|\n|-weather|none\n|-damage|p2b: Kingambit|22/100 brn|[from] brn\n|upkeep\n|turn|11\n|-message|Amawiw forfeited.\n|\n|win|Vem no X1\n|raw|Amawiw's rating: 1311 &rarr; <strong>1293</strong><br />(-18 for losing)\n|raw|Vem no X1's rating: 1345 &rarr; <strong>1363</strong><br />(+18 for winning)\n|l|☆Amawiw\n|player|p1|\n","uploadtime":1788371243,"views":"2","formatid":"gen9championsvgc2026regmb","rating":1293,"private":0,"password":null}