{"id":"gen9championsvgc2026regmbbo3-2673787164","format":"[Gen 9 Champions] VGC 2026 Reg M-B (Bo3)","players":["NemoAK","olciax34"],"log":"|j|☆NemoAK\n|j|☆olciax34\n|html|<table width=\"100%\"><tr><td align=\"left\">NemoAK</td><td align=\"right\">olciax34</tr><tr><td align=\"left\"><i class=\"fa fa-circle-o\"></i> <i class=\"fa fa-circle-o\"></i> </td><td align=\"right\"><i class=\"fa fa-circle-o\"></i> <i class=\"fa fa-circle-o\"></i> </tr></table>\n|uhtml|bestof|<h2><strong>Game 1</strong> of <a href=\"/game-bestof3-gen9championsvgc2026regmbbo3-2673787163\">a best-of-3</a></h2>\n|t:|1788256523\n|gametype|doubles\n|player|p1|NemoAK|265|1345\n|player|p2|olciax34|266|1348\n|gen|9\n|tier|[Gen 9 Champions] VGC 2026 Reg M-B (Bo3)\n|rated|\n|rule|Species Clause: Limit one of each Pokémon\n|rule|Item Clause: Limit 1 of each item\n|clearpoke\n|poke|p1|Staraptor, L50, M|\n|poke|p1|Kingambit, L50, M|\n|poke|p1|Basculegion, L50, M|\n|poke|p1|Farigiraf, L50, M|\n|poke|p1|Garchomp, L50, M|\n|poke|p1|Scovillain, L50, M|\n|poke|p2|Floette-Eternal, L50, F|\n|poke|p2|Sinistcha, L50|\n|poke|p2|Incineroar, L50, F|\n|poke|p2|Basculegion, L50, M|\n|poke|p2|Sneasler, L50, M|\n|poke|p2|Dragonite, L50, M|\n|teampreview|4\n|showteam|p1|Staraptor||Staraptite|Intimidate|CloseCombat,BraveBird,Tailwind,Protect|Jolly||M|||50|]Kingambit||FocusSash|Defiant|KowtowCleave,IronHead,SuckerPunch,LowKick|Adamant||M|||50|]Basculegion||ChoiceScarf|Adaptability|WaveCrash,LastRespects,AquaJet,FlipTurn|Adamant||M|||50|]Farigiraf||SitrusBerry|ArmorTail|Psychic,HyperVoice,TrickRoom,HelpingHand|Quiet||M|||50|]Garchomp||LifeOrb|RoughSkin|Earthquake,RockSlide,DragonClaw,Protect|Jolly||M|||50|]Scovillain||Scovillainite|Moody|Overheat,LeechSeed,RagePowder,Protect|Modest||M|||50|\n|showteam|p2|Floette-Eternal||Floettite|FlowerVeil|DazzlingGleam,DrainingKiss,CalmMind,Protect|Modest||F|||50|]Sinistcha||ColburBerry|Hospitality|MatchaGotcha,TrickRoom,RagePowder,Protect|Calm|||||50|]Incineroar||SitrusBerry|Intimidate|FlareBlitz,ThroatChop,PartingShot,FakeOut|Careful||F|||50|]Basculegion||ChoiceScarf|Adaptability|WaveCrash,FlipTurn,AquaJet,LastRespects|Jolly||M|||50|]Sneasler||FocusSash|PoisonTouch|FakeOut,PoisonJab,CloseCombat,Coaching|Jolly||M|||50|]Dragonite||Dragoninite|Multiscale|DragonPulse,HeatWave,ExtremeSpeed,Protect|Modest||M|||50|\n|inactive|Battle timer is ON: inactive players will automatically lose when time's up. (requested by olciax34)\n|inactive|olciax34 has 60 seconds left.\n|inactive|olciax34 has 30 seconds left.\n|inactive|olciax34 has 20 seconds left.\n|inactive|olciax34 has 15 seconds left.\n|inactive|olciax34 has 10 seconds left.\n|\n|t:|1788256613\n|teamsize|p1|4\n|teamsize|p2|4\n|start\n|switch|p1a: The Biggest Bird|Staraptor, L50, M|100/100\n|switch|p1b: Checkmate|Kingambit, L50, M|100/100\n|switch|p2a: Floette|Floette-Eternal, L50, F|100/100\n|switch|p2b: Incineroar|Incineroar, L50, F|100/100\n|-ability|p1a: The Biggest Bird|Intimidate|boost\n|-unboost|p2a: Floette|atk|1\n|-unboost|p2b: Incineroar|atk|1\n|-ability|p2b: Incineroar|Intimidate|boost\n|-unboost|p1a: The Biggest Bird|atk|1\n|-unboost|p1b: Checkmate|atk|1\n|-ability|p1b: Checkmate|Defiant|boost\n|-boost|p1b: Checkmate|atk|2\n|turn|1\n|\n|t:|1788256629\n|switch|p1a: 6”3|Farigiraf, L50, M|100/100\n|detailschange|p2a: Floette|Floette-Mega, L50, F\n|-mega|p2a: Floette|Floette|Floettite\n|-ability|p2a: Floette|Fairy Aura\n|move|p2a: Floette|Dazzling Gleam|p1b: Checkmate|[spread] p1a,p1b\n|-damage|p1a: 6”3|61/100\n|-damage|p1b: Checkmate|48/100\n|move|p1b: Checkmate|Iron Head|p2a: Floette\n|-supereffective|p2a: Floette|1\n|-damage|p2a: Floette|0 fnt\n|faint|p2a: Floette\n|move|p2b: Incineroar|Flare Blitz|p1b: Checkmate\n|-supereffective|p1b: Checkmate|1\n|-damage|p1b: Checkmate|0 fnt\n|faint|p1b: Checkmate\n|-damage|p2b: Incineroar|86/100|[from] Recoil\n|\n|upkeep\n|\n|t:|1788256648\n|switch|p2a: Basculegion|Basculegion, L50, M|100/100\n|switch|p1b: The Biggest Bird|Staraptor, L50, M|100/100\n|-ability|p1b: The Biggest Bird|Intimidate|boost\n|-unboost|p2a: Basculegion|atk|1\n|-unboost|p2b: Incineroar|atk|1\n|turn|2\n|\n|t:|1788256659\n|detailschange|p1b: The Biggest Bird|Staraptor-Mega, L50, M\n|-mega|p1b: The Biggest Bird|Staraptor|Staraptite\n|move|p2a: Basculegion|Flip Turn|p1a: 6”3\n|-crit|p1a: 6”3\n|-damage|p1a: 6”3|11/100\n|-enditem|p1a: 6”3|Sitrus Berry|[eat]\n|-heal|p1a: 6”3|36/100|[from] item: Sitrus Berry\n|\n|t:|1788256665\n|switch|p2a: Sinistcha|Sinistcha, L50|100/100|[from] Flip Turn\n|-heal|p2b: Incineroar|100/100|[from] ability: Hospitality|[of] p2a: Sinistcha\n|move|p1b: The Biggest Bird|Close Combat|p2b: Incineroar\n|-supereffective|p2b: Incineroar|1\n|-damage|p2b: Incineroar|0 fnt\n|-boost|p1b: The Biggest Bird|def|1\n|-boost|p1b: The Biggest Bird|spd|1\n|faint|p2b: Incineroar\n|move|p1a: 6”3|Psychic|p2a: Sinistcha\n|-damage|p2a: Sinistcha|67/100\n|\n|upkeep\n|\n|t:|1788256678\n|switch|p2b: Basculegion|Basculegion, L50, M|100/100\n|turn|3\n|\n|t:|1788256691\n|move|p2b: Basculegion|Last Respects|p1b: The Biggest Bird\n|-damage|p1b: The Biggest Bird|28/100\n|move|p1b: The Biggest Bird|Tailwind|p1b: The Biggest Bird\n|-sidestart|p1: NemoAK|move: Tailwind\n|move|p2a: Sinistcha|Matcha Gotcha|p1a: 6”3|[spread] p1a,p1b\n|-resisted|p1b: The Biggest Bird|1\n|-damage|p1a: 6”3|15/100\n|-heal|p2a: Sinistcha|79/100|[from] drain|[of] p1a: 6”3\n|-damage|p1b: The Biggest Bird|18/100\n|-heal|p2a: Sinistcha|83/100|[from] drain|[of] p1b: The Biggest Bird\n|-status|p1b: The Biggest Bird|brn\n|move|p1a: 6”3|Trick Room|p1a: 6”3\n|-fieldstart|move: Trick Room|[of] p1a: 6”3\n|\n|-damage|p1b: The Biggest Bird|12/100 brn|[from] brn\n|upkeep\n|turn|4\n|c|☆NemoAK|Holy Misclick\n|\n|t:|1788256714\n|move|p1b: The Biggest Bird|Protect|p1b: The Biggest Bird\n|-singleturn|p1b: The Biggest Bird|Protect\n|move|p2a: Sinistcha|Matcha Gotcha|p1b: The Biggest Bird|[spread] p1a\n|-activate|p1b: The Biggest Bird|move: Protect\n|-damage|p1a: 6”3|0 fnt\n|-heal|p2a: Sinistcha|92/100|[from] drain|[of] p1a: 6”3\n|faint|p1a: 6”3\n|move|p2b: Basculegion|Last Respects|p1b: The Biggest Bird\n|-activate|p1b: The Biggest Bird|move: Protect\n|\n|-damage|p1b: The Biggest Bird|6/100 brn|[from] brn\n|upkeep\n|\n|t:|1788256716\n|switch|p1a: Toothless|Garchomp, L50, M|100/100\n|turn|5\n|\n|t:|1788256731\n|move|p2a: Sinistcha|Matcha Gotcha|p1b: The Biggest Bird|[spread] p1a,p1b\n|-resisted|p1b: The Biggest Bird|1\n|-damage|p1a: Toothless|74/100\n|-heal|p2a: Sinistcha|100/100|[from] drain|[of] p1a: Toothless\n|-damage|p1b: The Biggest Bird|0 fnt\n|faint|p1b: The Biggest Bird\n|move|p2b: Basculegion|Last Respects|p1a: Toothless\n|-damage|p1a: Toothless|0 fnt\n|faint|p1a: Toothless\n|\n|win|olciax34\n||olciax34 is ready for game 2.\n|inactive|NemoAK has 30 seconds to confirm battle start!\n||NemoAK is ready for game 2.\n|uhtml|next|Next: <a href=\"/battle-gen9championsvgc2026regmbbo3-2673788124\"><strong>Game 2 of 3</strong></a>\n|l|☆NemoAK\n|player|p1|\n","uploadtime":1788256888,"views":"11","formatid":"gen9championsvgc2026regmbbo3","rating":null,"private":0,"password":null}