{"id":"gen9championsvgc2026regmbbo3-2674493191","format":"[Gen 9 Champions] VGC 2026 Reg M-B (Bo3)","players":["Bananin4","bronzongbroomsvgc"],"log":"|j|☆Bananin4\n|j|☆bronzongbroomsvgc\n|html|<table width=\"100%\"><tr><td align=\"left\">Bananin4</td><td align=\"right\">bronzongbroomsvgc</tr><tr><td align=\"left\"><i class=\"fa fa-circle-o\"></i> <i class=\"fa fa-circle-o\"></i> </td><td align=\"right\"><i class=\"fa fa-circle-o\"></i> <i class=\"fa fa-circle-o\"></i> </tr></table>\n|uhtml|bestof|<h2><strong>Game 1</strong> of <a href=\"/game-bestof3-gen9championsvgc2026regmbbo3-2674493190\">a best-of-3</a></h2>\n|t:|1788366283\n|gametype|doubles\n|player|p1|Bananin4|lucas-gen4pt|1233\n|player|p2|bronzongbroomsvgc|1|1291\n|gen|9\n|tier|[Gen 9 Champions] VGC 2026 Reg M-B (Bo3)\n|rated|\n|rule|Species Clause: Limit one of each Pokémon\n|rule|Item Clause: Limit 1 of each item\n|clearpoke\n|poke|p1|Charizard, L50, M, shiny|\n|poke|p1|Floette-Eternal, L50, F|\n|poke|p1|Basculegion, L50, M, shiny|\n|poke|p1|Kingambit, L50, M, shiny|\n|poke|p1|Whimsicott, L50, M, shiny|\n|poke|p1|Garchomp, L50, M, shiny|\n|poke|p2|Toxapex, L50, M|\n|poke|p2|Incineroar, L50, F|\n|poke|p2|Sinistcha, L50|\n|poke|p2|Charizard, L50, F|\n|poke|p2|Floette-Eternal, L50, F|\n|poke|p2|Garchomp, L50, F|\n|teampreview|4\n|showteam|p1|Charizard||CharizarditeY|Blaze|HeatWave,WeatherBall,SolarBeam,Protect|Modest||M|||50|]Floette-Eternal||Floettite|FlowerVeil|Moonblast,DazzlingGleam,LightofRuin,Protect|Modest||F|||50|]Basculegion||LifeOrb|Adaptability|WaveCrash,LastRespects,AquaJet,Protect|Adamant||M|||50|]Kingambit||ChopleBerry|Defiant|KowtowCleave,SuckerPunch,IronHead,LowKick|Adamant||M|||50|]Whimsicott||FocusSash|Prankster|Moonblast,Encore,Tailwind,Protect|Timid||M|||50|]Garchomp||SitrusBerry|RoughSkin|Protect,RockSlide,DragonClaw,Earthquake|Jolly||M|||50|\n|showteam|p2|Toxapex||Leftovers|Regenerator|BanefulBunker,WideGuard,Toxic,Infestation|Relaxed||M|||50|]Incineroar||SitrusBerry|Intimidate|FakeOut,ThroatChop,FlareBlitz,PartingShot|Adamant||F|||50|]Sinistcha||ColburBerry|Hospitality|MatchaGotcha,TrickRoom,Protect,RagePowder|Quiet|||||50|]Charizard||CharizarditeY|Blaze|HeatWave,AncientPower,WeatherBall,Protect|Timid||F|||50|]Floette-Eternal||Floettite|FlowerVeil|Moonblast,DazzlingGleam,LightofRuin,Protect|Modest||F|||50|]Garchomp||ChoiceScarf|RoughSkin|Earthquake,RockSlide,DragonClaw,StompingTantrum|Adamant||F|||50|\n|\n|t:|1788366340\n|teamsize|p1|4\n|teamsize|p2|4\n|start\n|switch|p1a: Whimsicott|Whimsicott, L50, M, shiny|100/100\n|switch|p1b: Basculegion|Basculegion, L50, M, shiny|100/100\n|switch|p2a: Charizard|Charizard, L50, F|100/100\n|switch|p2b: Incineroar|Incineroar, L50, F|100/100\n|-ability|p2b: Incineroar|Intimidate|boost\n|-unboost|p1a: Whimsicott|atk|1\n|-unboost|p1b: Basculegion|atk|1\n|turn|1\n|\n|t:|1788366357\n|switch|p1b: Garchomp|Garchomp, L50, M, shiny|100/100\n|detailschange|p2a: Charizard|Charizard-Mega-Y, L50, F\n|-mega|p2a: Charizard|Charizard|Charizardite Y\n|-weather|SunnyDay|[from] ability: Drought|[of] p2a: Charizard\n|move|p1a: Whimsicott|Protect|p1a: Whimsicott\n|-singleturn|p1a: Whimsicott|Protect\n|move|p2a: Charizard|Heat Wave|p1b: Garchomp|[spread] p1b\n|-activate|p1a: Whimsicott|move: Protect\n|-resisted|p1b: Garchomp|1\n|-damage|p1b: Garchomp|68/100\n|move|p2b: Incineroar|Throat Chop|p1b: Garchomp\n|-damage|p1b: Garchomp|37/100\n|-start|p1b: Garchomp|Throat Chop|[silent]\n|-damage|p2b: Incineroar|87/100|[from] ability: Rough Skin|[of] p1b: Garchomp\n|-enditem|p1b: Garchomp|Sitrus Berry|[eat]\n|-heal|p1b: Garchomp|61/100|[from] item: Sitrus Berry\n|\n|-weather|SunnyDay|[upkeep]\n|upkeep\n|turn|2\n|\n|t:|1788366385\n|switch|p2a: Garchomp|Garchomp, L50, F|100/100\n|move|p1a: Whimsicott|Moonblast|p2b: Incineroar\n|-damage|p2b: Incineroar|55/100\n|move|p1b: Garchomp|Earthquake|p2a: Garchomp|[spread] p1a,p2a,p2b\n|-resisted|p1a: Whimsicott|1\n|-supereffective|p2b: Incineroar|1\n|-damage|p1a: Whimsicott|70/100\n|-damage|p2a: Garchomp|63/100\n|-damage|p2b: Incineroar|0 fnt\n|faint|p2b: Incineroar\n|\n|-weather|SunnyDay|[upkeep]\n|-end|p1b: Garchomp|Throat Chop|[silent]\n|upkeep\n|\n|t:|1788366394\n|switch|p2b: Toxapex|Toxapex, L50, M|100/100\n|turn|3\n|inactive|Battle timer is ON: inactive players will automatically lose when time's up. (requested by Bananin4)\n|\n|t:|1788366418\n|switch|p2a: Charizard|Charizard-Mega-Y, L50, F|100/100\n|move|p1a: Whimsicott|Tailwind|p1a: Whimsicott\n|-sidestart|p1: Bananin4|move: Tailwind\n|move|p1b: Garchomp|Dragon Claw|p2a: Charizard\n|-damage|p2a: Charizard|49/100\n|move|p2b: Toxapex|Infestation|p1b: Garchomp\n|-damage|p1b: Garchomp|57/100\n|-activate|p1b: Garchomp|move: Infestation|[of] p2b: Toxapex\n|-damage|p2b: Toxapex|87/100|[from] ability: Rough Skin|[of] p1b: Garchomp\n|\n|-weather|SunnyDay|[upkeep]\n|-heal|p2b: Toxapex|93/100|[from] item: Leftovers\n|-damage|p1b: Garchomp|45/100|[from] move: Infestation|[partiallytrapped]\n|upkeep\n|turn|4\n|\n|t:|1788366441\n|switch|p2a: Garchomp|Garchomp, L50, F|63/100\n|move|p1a: Whimsicott|Encore|p2b: Toxapex\n|-start|p2b: Toxapex|Encore\n|move|p1b: Garchomp|Dragon Claw|p2a: Garchomp\n|-supereffective|p2a: Garchomp|1\n|-damage|p2a: Garchomp|0 fnt\n|-damage|p1b: Garchomp|33/100|[from] ability: Rough Skin|[of] p2a: Garchomp\n|faint|p2a: Garchomp\n|move|p2b: Toxapex|Infestation|p1a: Whimsicott\n|-damage|p1a: Whimsicott|65/100\n|-activate|p1a: Whimsicott|move: Infestation|[of] p2b: Toxapex\n|\n|-weather|SunnyDay|[upkeep]\n|-heal|p2b: Toxapex|99/100|[from] item: Leftovers\n|-damage|p1a: Whimsicott|53/100|[from] move: Infestation|[partiallytrapped]\n|-damage|p1b: Garchomp|21/100|[from] move: Infestation|[partiallytrapped]\n|upkeep\n|\n|t:|1788366448\n|switch|p2a: Charizard|Charizard-Mega-Y, L50, F|49/100\n|turn|5\n|\n|t:|1788366459\n|move|p2a: Charizard|Protect|p2a: Charizard\n|-singleturn|p2a: Charizard|Protect\n|move|p1a: Whimsicott|Moonblast|p2b: Toxapex\n|-resisted|p2b: Toxapex|1\n|-damage|p2b: Toxapex|85/100\n|move|p1b: Garchomp|Dragon Claw|p2a: Charizard\n|-activate|p2a: Charizard|move: Protect\n|move|p2b: Toxapex|Infestation|p1b: Garchomp\n|-damage|p1b: Garchomp|17/100\n|-damage|p2b: Toxapex|73/100|[from] ability: Rough Skin|[of] p1b: Garchomp\n|\n|-weather|none\n|-heal|p2b: Toxapex|79/100|[from] item: Leftovers\n|-damage|p1a: Whimsicott|40/100|[from] move: Infestation|[partiallytrapped]\n|-damage|p1b: Garchomp|5/100|[from] move: Infestation|[partiallytrapped]\n|upkeep\n|turn|6\n|-message|bronzongbroomsvgc forfeited.\n|\n|win|Bananin4\n","uploadtime":1788366477,"views":"1","formatid":"gen9championsvgc2026regmbbo3","rating":null,"private":0,"password":null}