{"id":"gen9championsvgc2026regmbbo3-2674525858","format":"[Gen 9 Champions] VGC 2026 Reg M-B (Bo3)","players":["LordKameni","g1g1o"],"log":"|j|☆LordKameni\n|j|☆g1g1o\n|html|<table width=\"100%\"><tr><td align=\"left\">LordKameni</td><td align=\"right\">g1g1o</tr><tr><td align=\"left\"><i class=\"fa fa-circle-o\"></i> <i class=\"fa fa-circle-o\"></i> </td><td align=\"right\"><i class=\"fa fa-circle-o\"></i> <i class=\"fa fa-circle-o\"></i> </tr></table>\n|uhtml|bestof|<h2><strong>Game 1</strong> of <a href=\"/game-bestof3-gen9championsvgc2026regmbbo3-2674525857\">a best-of-3</a></h2>\n|t:|1788370079\n|gametype|doubles\n|player|p1|LordKameni|265|1180\n|player|p2|g1g1o|giovanni|1203\n|gen|9\n|tier|[Gen 9 Champions] VGC 2026 Reg M-B (Bo3)\n|rated|\n|rule|Species Clause: Limit one of each Pokémon\n|rule|Item Clause: Limit 1 of each item\n|clearpoke\n|poke|p1|Blastoise, L50, M|\n|poke|p1|Sneasler, L50, M|\n|poke|p1|Incineroar, L50, M|\n|poke|p1|Delphox, L50, M|\n|poke|p1|Sinistcha, L50|\n|poke|p1|Kingambit, L50, M|\n|poke|p2|Aegislash, L50, F, shiny|\n|poke|p2|Politoed, L50, M|\n|poke|p2|Dragonite, L50, M, shiny|\n|poke|p2|Tsareena, L50, F|\n|poke|p2|Grimmsnarl, L50, M|\n|poke|p2|Blaziken, L50, F|\n|teampreview|4\n|showteam|p1|Blastoise||Blastoisinite|RainDish|ShellSmash,Protect,WaterSpout,DarkPulse|Modest||M|||50|]Sneasler||FocusSash|PoisonTouch|FakeOut,CloseCombat,PoisonJab,QuickGuard|Jolly||M|||50|]Incineroar||SitrusBerry|Intimidate|DarkestLariat,FakeOut,PartingShot,FlareBlitz|Impish||M|||50|]Delphox||Delphoxite|Blaze|Protect,Psychic,NastyPlot,HeatWave|Timid||M|||50|]Sinistcha||OccaBerry|Hospitality|Protect,MatchaGotcha,RagePowder,LifeDew|Serious|||||50|]Kingambit||BlackGlasses|Defiant|SuckerPunch,KowtowCleave,Protect,SwordsDance|Adamant||M|||50|\n|showteam|p2|Aegislash||Leftovers|StanceChange|KingsShield,FlashCannon,ShadowBall,Substitute|Quiet||F|||50|]Politoed||MysticWater|Drizzle|HelpingHand,IcyWind,MuddyWater,Protect|Modest||M|||50|]Dragonite||Dragoninite|InnerFocus|Hurricane,DracoMeteor,Thunder,Tailwind|Timid||M|||50|]Tsareena||SitrusBerry|QueenlyMajesty|TripleAxel,TropKick,Protect,KnockOff|Adamant||F|||50|]Grimmsnarl||LightClay|Prankster|SpiritBreak,SuckerPunch,Reflect,LightScreen|Adamant||M|||50|]Blaziken||Blazikenite|SpeedBoost|RockSlide,Detect,CloseCombat,FlareBlitz|Adamant||F|||50|\n|inactive|Battle timer is ON: inactive players will automatically lose when time's up. (requested by g1g1o)\n|inactive|LordKameni has 60 seconds left.\n|\n|t:|1788370118\n|teamsize|p1|4\n|teamsize|p2|4\n|start\n|switch|p1a: Blastoise|Blastoise, L50, M|100/100\n|switch|p1b: Sneasler|Sneasler, L50, M|100/100\n|switch|p2a: Dragonite|Dragonite, L50, M, shiny|100/100\n|switch|p2b: Grimmsnarl|Grimmsnarl, L50, M|100/100\n|turn|1\n|inactive|g1g1o has 30 seconds left.\n|inactive|g1g1o has 20 seconds left.\n|inactive|g1g1o has 15 seconds left.\n|inactive|g1g1o has 10 seconds left.\n|inactive|g1g1o has 5 seconds left.\n|\n|t:|1788370173\n|detailschange|p1a: Blastoise|Blastoise-Mega, L50, M\n|-mega|p1a: Blastoise|Blastoise|Blastoisinite\n|move|p1b: Sneasler|Fake Out|p2a: Dragonite\n|-damage|p2a: Dragonite|85/100\n|move|p2a: Dragonite|Hurricane|p1b: Sneasler|[miss]\n|-miss|p2a: Dragonite|p1b: Sneasler\n|move|p1a: Blastoise|Shell Smash|p1a: Blastoise\n|-unboost|p1a: Blastoise|def|1\n|-unboost|p1a: Blastoise|spd|1\n|-boost|p1a: Blastoise|atk|2\n|-boost|p1a: Blastoise|spa|2\n|-boost|p1a: Blastoise|spe|2\n|move|p2b: Grimmsnarl|Spirit Break|p1b: Sneasler\n|-damage|p1b: Sneasler|42/100\n|-unboost|p1b: Sneasler|spa|1\n|\n|upkeep\n|turn|2\n|inactive|LordKameni has 30 seconds left.\n|inactive|LordKameni has 20 seconds left.\n|\n|t:|1788370208\n|detailschange|p2a: Dragonite|Dragonite-Mega, L50, M, shiny\n|-mega|p2a: Dragonite|Dragonite|Dragoninite\n|move|p1b: Sneasler|Quick Guard|p1b: Sneasler\n|-singleturn|p1b: Sneasler|Quick Guard\n|move|p2b: Grimmsnarl|Light Screen|p2b: Grimmsnarl\n|-sidestart|p2: g1g1o|move: Light Screen\n|move|p1a: Blastoise|Dark Pulse|p2a: Dragonite\n|-damage|p2a: Dragonite|42/100\n|move|p2a: Dragonite|Thunder|p1a: Blastoise|[miss]\n|-miss|p2a: Dragonite|p1a: Blastoise\n|\n|upkeep\n|turn|3\n|inactive|LordKameni has 30 seconds left.\n|\n|t:|1788370242\n|move|p2b: Grimmsnarl|Sucker Punch|p1a: Blastoise\n|-damage|p1a: Blastoise|48/100\n|move|p1a: Blastoise|Water Spout|p2a: Dragonite|[spread] p2a,p2b\n|-resisted|p2a: Dragonite|1\n|-crit|p2b: Grimmsnarl\n|-damage|p2a: Dragonite|28/100\n|-damage|p2b: Grimmsnarl|9/100\n|move|p1b: Sneasler|Poison Jab|p2a: Dragonite\n|-damage|p2a: Dragonite|0 fnt\n|faint|p2a: Dragonite\n|\n|upkeep\n|\n|t:|1788370252\n|switch|p2a: Aegislash|Aegislash, L50, F, shiny|100/100\n|turn|4\n|\n|t:|1788370265\n|switch|p1b: Sinistcha|Sinistcha, L50|100/100\n|-heal|p1a: Blastoise|73/100|[from] ability: Hospitality|[of] p1b: Sinistcha\n|move|p1a: Blastoise|Protect|p1a: Blastoise\n|-singleturn|p1a: Blastoise|Protect\n|move|p2b: Grimmsnarl|Sucker Punch||[still]\n|-fail|p2b: Grimmsnarl\n|-formechange|p2a: Aegislash|Aegislash-Blade|\n|move|p2a: Aegislash|Shadow Ball|p1a: Blastoise\n|-activate|p1a: Blastoise|move: Protect\n|\n|upkeep\n|turn|5\n|\n|t:|1788370286\n|-formechange|p2a: Aegislash|Aegislash|\n|move|p2a: Aegislash|King's Shield|p2a: Aegislash\n|-singleturn|p2a: Aegislash|Protect\n|move|p1b: Sinistcha|Rage Powder|p1b: Sinistcha\n|-singleturn|p1b: Sinistcha|move: Rage Powder\n|move|p2b: Grimmsnarl|Reflect|p2b: Grimmsnarl\n|-sidestart|p2: g1g1o|Reflect\n|move|p1a: Blastoise|Water Spout|p2b: Grimmsnarl|[spread] p2b\n|-activate|p2a: Aegislash|move: Protect\n|-damage|p2b: Grimmsnarl|0 fnt\n|faint|p2b: Grimmsnarl\n|\n|upkeep\n|\n|t:|1788370293\n|switch|p2b: Tsareena|Tsareena, L50, F|100/100\n|turn|6\n|inactive|LordKameni has 30 seconds left.\n|\n|t:|1788370320\n|move|p1a: Blastoise|Protect|p1a: Blastoise\n|-singleturn|p1a: Blastoise|Protect\n|move|p2b: Tsareena|Knock Off|p1b: Sinistcha\n|-supereffective|p1b: Sinistcha|1\n|-damage|p1b: Sinistcha|48/100\n|-enditem|p1b: Sinistcha|Occa Berry|[from] move: Knock Off|[of] p2b: Tsareena\n|move|p1b: Sinistcha|Life Dew|p1b: Sinistcha|[spread] p1a,p1b\n|-heal|p1a: Blastoise|98/100\n|-heal|p1b: Sinistcha|73/100\n|-formechange|p2a: Aegislash|Aegislash-Blade|\n|move|p2a: Aegislash|Shadow Ball|p1a: Blastoise\n|-activate|p1a: Blastoise|move: Protect\n|\n|upkeep\n|turn|7\n|inactive|LordKameni has 30 seconds left.\n|\n|t:|1788370347\n|-formechange|p2a: Aegislash|Aegislash|\n|move|p2a: Aegislash|King's Shield|p2a: Aegislash\n|-singleturn|p2a: Aegislash|Protect\n|move|p1b: Sinistcha|Rage Powder|p1b: Sinistcha\n|-singleturn|p1b: Sinistcha|move: Rage Powder\n|move|p1a: Blastoise|Dark Pulse|p2b: Tsareena\n|-damage|p2b: Tsareena|37/100\n|-enditem|p2b: Tsareena|Sitrus Berry|[eat]\n|-heal|p2b: Tsareena|62/100|[from] item: Sitrus Berry\n|cant|p2b: Tsareena|flinch\n|\n|upkeep\n|turn|8\n|-message|g1g1o forfeited.\n|\n|win|LordKameni\n|l|☆g1g1o\n|player|p2|\n||g1g1o is ready for game 2.\n","uploadtime":1788370364,"views":"3","formatid":"gen9championsvgc2026regmbbo3","rating":null,"private":0,"password":null}