{"id":"gen9championsvgc2026regmbbo3-2674864729","format":"[Gen 9 Champions] VGC 2026 Reg M-B (Bo3)","players":["okkia3","davke"],"log":"|j|☆okkia3\n|j|☆davke\n|html|<table width=\"100%\"><tr><td align=\"left\">okkia3</td><td align=\"right\">davke</tr><tr><td align=\"left\"><i class=\"fa fa-circle-o\"></i> <i class=\"fa fa-circle-o\"></i> </td><td align=\"right\"><i class=\"fa fa-circle-o\"></i> <i class=\"fa fa-circle-o\"></i> </tr></table>\n|uhtml|bestof|<h2><strong>Game 1</strong> of <a href=\"/game-bestof3-gen9championsvgc2026regmbbo3-2674864728\">a best-of-3</a></h2>\n|t:|1788424341\n|gametype|doubles\n|player|p1|okkia3|102|1048\n|player|p2|davke|pokemaniac|1000\n|gen|9\n|tier|[Gen 9 Champions] VGC 2026 Reg M-B (Bo3)\n|rated|\n|rule|Species Clause: Limit one of each Pokémon\n|rule|Item Clause: Limit 1 of each item\n|clearpoke\n|poke|p1|Charizard, L50, M|\n|poke|p1|Whimsicott, L50, M|\n|poke|p1|Basculegion, L50, M|\n|poke|p1|Farigiraf, L50, M|\n|poke|p1|Kangaskhan, L50, F|\n|poke|p1|Sneasler, L50, M|\n|poke|p2|Sceptile, L50, F|\n|poke|p2|Rotom-Wash, L50|\n|poke|p2|Tyranitar, L50, F|\n|poke|p2|Excadrill, L50, M|\n|poke|p2|Sneasler, L50, F|\n|poke|p2|Talonflame, L50, M|\n|teampreview|4\n|showteam|p1|Charizard||CharizarditeY|SolarPower|WeatherBall,HeatWave,SolarBeam,Protect|Timid||M|||50|]Whimsicott||FocusSash|Prankster|Moonblast,Tailwind,SunnyDay,Encore|Timid||M|||50|]Basculegion||ChoiceScarf|Adaptability|WaveCrash,AquaJet,LastRespects,FlipTurn|Adamant||M|||50|]Farigiraf||SitrusBerry|ArmorTail|Psychic,HyperVoice,HelpingHand,TrickRoom|Modest||M|||50|]Kangaskhan||Kangaskhanite|Scrappy|FakeOut,DoubleEdge,DrainPunch,SuckerPunch|Adamant||F|||50|]Sneasler||WhiteHerb|Unburden|FakeOut,CloseCombat,DireClaw,RockTomb|Adamant||M|||50|\n|showteam|p2|Sceptile||Sceptilite|Overgrow|DragonPulse,EarthPower,EnergyBall,Detect|Timid||F|||50|]Rotom-Wash||SitrusBerry|Levitate|HydroPump,WillOWisp,Discharge,Protect|Bold|||||50|]Tyranitar||ChoiceScarf|SandStream|RockSlide,KnockOff,Protect,LowKick|Adamant||F|||50|]Excadrill||FocusSash|SandRush|IronHead,Protect,RockSlide,HighHorsepower|Adamant||M|||50|]Sneasler||WhiteHerb|Unburden|CloseCombat,FakeOut,DireClaw,Protect|Adamant||F|||50|]Talonflame||SharpBeak|GaleWings|Tailwind,BraveBird,Protect,Taunt|Jolly||M|||50|\n|inactive|Battle timer is ON: inactive players will automatically lose when time's up. (requested by okkia3)\n|inactive|okkia3 has 60 seconds left.\n|inactive|okkia3 has 30 seconds left.\n|inactive|okkia3 has 20 seconds left.\n|inactive|okkia3 has 15 seconds left.\n|inactive|okkia3 has 10 seconds left.\n|inactive|okkia3 has 5 seconds left.\n|\n|t:|1788424440\n|teamsize|p1|4\n|teamsize|p2|4\n|start\n|switch|p1a: Charizard|Charizard, L50, M|100/100\n|switch|p1b: Whimsicott|Whimsicott, L50, M|100/100\n|switch|p2a: Talonflame|Talonflame, L50, M|100/100\n|switch|p2b: Rotom|Rotom-Wash, L50|100/100\n|turn|1\n|\n|t:|1788424457\n|switch|p1a: Basculegion|Basculegion, L50, M|100/100\n|move|p2a: Talonflame|Tailwind|p2a: Talonflame\n|-sidestart|p2: davke|move: Tailwind\n|move|p2b: Rotom|Hydro Pump|p1a: Basculegion|[miss]\n|-miss|p2b: Rotom|p1a: Basculegion\n|move|p1b: Whimsicott|Moonblast|p2b: Rotom\n|-damage|p2b: Rotom|52/100\n|\n|upkeep\n|turn|2\n|\n|t:|1788424470\n|move|p2a: Talonflame|Protect|p2a: Talonflame\n|-singleturn|p2a: Talonflame|Protect\n|move|p2b: Rotom|Discharge|p1a: Basculegion|[spread] p1a,p1b\n|-activate|p2a: Talonflame|move: Protect\n|-supereffective|p1a: Basculegion|1\n|-resisted|p1b: Whimsicott|1\n|-damage|p1a: Basculegion|40/100\n|-damage|p1b: Whimsicott|78/100\n|move|p1a: Basculegion|Wave Crash|p2a: Talonflame\n|-activate|p2a: Talonflame|move: Protect\n|move|p1b: Whimsicott|Moonblast|p2b: Rotom\n|-damage|p2b: Rotom|5/100\n|-unboost|p2b: Rotom|spa|1\n|-enditem|p2b: Rotom|Sitrus Berry|[eat]\n|-heal|p2b: Rotom|29/100|[from] item: Sitrus Berry\n|\n|upkeep\n|turn|3\n|inactive|davke has 30 seconds left.\n|\n|t:|1788424500\n|move|p2a: Talonflame|Brave Bird|p1b: Whimsicott\n|-supereffective|p1b: Whimsicott|1\n|-damage|p1b: Whimsicott|0 fnt\n|faint|p1b: Whimsicott\n|-damage|p2a: Talonflame|77/100|[from] Recoil\n|move|p2b: Rotom|Will-O-Wisp|p1a: Basculegion\n|-status|p1a: Basculegion|brn\n|move|p1a: Basculegion|Wave Crash|p2a: Talonflame\n|-supereffective|p2a: Talonflame|1\n|-crit|p2a: Talonflame\n|-damage|p2a: Talonflame|0 fnt\n|faint|p2a: Talonflame\n|-damage|p1a: Basculegion|20/100r brn|[from] Recoil\n|\n|-damage|p1a: Basculegion|13/100 brn|[from] brn\n|upkeep\n|\n|t:|1788424517\n|switch|p2a: Sceptile|Sceptile, L50, F|100/100\n|switch|p1b: Farigiraf|Farigiraf, L50, M|100/100\n|turn|4\n|\n|t:|1788424529\n|detailschange|p2a: Sceptile|Sceptile-Mega, L50, F\n|-mega|p2a: Sceptile|Sceptile|Sceptilite\n|move|p2a: Sceptile|Dragon Pulse|p1b: Farigiraf\n|-damage|p1b: Farigiraf|60/100\n|move|p2b: Rotom|Discharge|p1a: Basculegion|[spread] p1a,p1b\n|-ability|p2a: Sceptile|Lightning Rod|boost\n|-boost|p2a: Sceptile|spa|1\n|-supereffective|p1a: Basculegion|1\n|-damage|p1a: Basculegion|0 fnt\n|-damage|p1b: Farigiraf|44/100\n|-enditem|p1b: Farigiraf|Sitrus Berry|[eat]\n|-heal|p1b: Farigiraf|69/100|[from] item: Sitrus Berry\n|faint|p1a: Basculegion\n|move|p1b: Farigiraf|Hyper Voice|p2b: Rotom|[spread] p2a,p2b\n|-damage|p2a: Sceptile|59/100\n|-damage|p2b: Rotom|0 fnt\n|faint|p2b: Rotom\n|\n|-sideend|p2: davke|move: Tailwind\n|upkeep\n|\n|t:|1788424552\n|switch|p2b: Tyranitar|Tyranitar, L50, F|100/100\n|switch|p1a: Charizard|Charizard, L50, M|100/100\n|-weather|Sandstorm|[from] ability: Sand Stream|[of] p2b: Tyranitar\n|turn|5\n|\n|t:|1788424573\n|move|p1a: Charizard|Protect|p1a: Charizard\n|-singleturn|p1a: Charizard|Protect\n|move|p2a: Sceptile|Dragon Pulse|p1a: Charizard\n|-activate|p1a: Charizard|move: Protect\n|move|p2b: Tyranitar|Rock Slide|p1a: Charizard|[spread] p1b\n|-activate|p1a: Charizard|move: Protect\n|-damage|p1b: Farigiraf|35/100\n|move|p1b: Farigiraf|Trick Room|p1b: Farigiraf\n|-fieldstart|move: Trick Room|[of] p1b: Farigiraf\n|\n|-weather|Sandstorm|[upkeep]\n|-damage|p1b: Farigiraf|29/100|[from] Sandstorm\n|-damage|p1a: Charizard|94/100|[from] Sandstorm\n|-damage|p2a: Sceptile|53/100|[from] Sandstorm\n|upkeep\n|turn|6\n|\n|t:|1788424591\n|detailschange|p1a: Charizard|Charizard-Mega-Y, L50, M\n|-mega|p1a: Charizard|Charizard|Charizardite Y\n|-weather|SunnyDay|[from] ability: Drought|[of] p1a: Charizard\n|move|p2a: Sceptile|Detect|p2a: Sceptile\n|-singleturn|p2a: Sceptile|Protect\n|move|p1b: Farigiraf|Hyper Voice|p2b: Tyranitar|[spread] p2b\n|-activate|p2a: Sceptile|move: Protect\n|-resisted|p2b: Tyranitar|1\n|-damage|p2b: Tyranitar|84/100\n|move|p1a: Charizard|Heat Wave|p2a: Sceptile|[spread] p2b\n|-activate|p2a: Sceptile|move: Protect\n|-resisted|p2b: Tyranitar|1\n|-damage|p2b: Tyranitar|52/100\n|move|p2b: Tyranitar|Rock Slide|p1a: Charizard|[spread] p1a,p1b\n|-supereffective|p1a: Charizard|2\n|-crit|p1b: Farigiraf\n|-damage|p1a: Charizard|0 fnt\n|-damage|p1b: Farigiraf|0 fnt\n|faint|p1a: Charizard\n|faint|p1b: Farigiraf\n|\n|win|davke\n","uploadtime":1788424591,"views":"3","formatid":"gen9championsvgc2026regmbbo3","rating":null,"private":0,"password":null}