{"id":"gen9championsvgc2026regmb-2674223011","format":"[Gen 9 Champions] VGC 2026 Reg M-B","players":["rorycan","LasermanZ11"],"log":"|j|☆rorycan\n|j|☆LasermanZ11\n|t:|1788318125\n|gametype|doubles\n|player|p1|rorycan|102|1145\n|player|p2|LasermanZ11|ash|1209\n|gen|9\n|tier|[Gen 9 Champions] VGC 2026 Reg M-B\n|rated|\n|rule|Species Clause: Limit one of each Pokémon\n|rule|Item Clause: Limit 1 of each item\n|clearpoke\n|poke|p1|Primarina, L50, F|\n|poke|p1|Kommo-o, L50, M|\n|poke|p1|Pelipper, L50, M|\n|poke|p1|Gengar, L50, M|\n|poke|p1|Whimsicott, L50, F|\n|poke|p1|Raichu, L50, F|\n|poke|p2|Scovillain, L50, M|\n|poke|p2|Starmie, L50|\n|poke|p2|Aerodactyl, L50, M|\n|poke|p2|Sylveon, L50, M|\n|poke|p2|Kingambit, L50, M|\n|poke|p2|Kommo-o, L50, M|\n|teampreview|4\n|inactive|Battle timer is ON: inactive players will automatically lose when time's up. (requested by rorycan)\n|inactive|LasermanZ11 has 60 seconds left.\n|inactive|LasermanZ11 has 30 seconds left.\n|inactive|LasermanZ11 has 20 seconds left.\n|inactive|LasermanZ11 has 15 seconds left.\n|inactive|LasermanZ11 has 10 seconds left.\n|\n|t:|1788318259\n|teamsize|p1|4\n|teamsize|p2|4\n|start\n|switch|p1a: Primarina|Primarina, L50, F|100/100\n|switch|p1b: Kommo-o|Kommo-o, L50, M|100/100\n|switch|p2a: Kingambit|Kingambit, L50, M|100/100\n|switch|p2b: Sylveon|Sylveon, L50, M|100/100\n|turn|1\n|inactive|rorycan has 30 seconds left.\n|inactive|LasermanZ11 has 30 seconds left.\n|\n|t:|1788318287\n|switch|p1b: Pelipper|Pelipper, L50, M|100/100\n|-weather|RainDance|[from] ability: Drizzle|[of] p1b: Pelipper\n|move|p2a: Kingambit|Protect|p2a: Kingambit\n|-singleturn|p2a: Kingambit|Protect\n|move|p1a: Primarina|Hyper Voice|p2a: Kingambit|[spread] p2b\n|-activate|p2a: Kingambit|move: Protect\n|-damage|p2b: Sylveon|47/100\n|move|p2b: Sylveon|Hyper Voice|p1b: Pelipper|[spread] p1a,p1b\n|-damage|p1a: Primarina|49/100\n|-damage|p1b: Pelipper|33/100\n|\n|-weather|RainDance|[upkeep]\n|upkeep\n|turn|2\n|inactive|LasermanZ11 has 30 seconds left.\n|\n|t:|1788318316\n|move|p2a: Kingambit|Sucker Punch||[still]\n|-fail|p2a: Kingambit\n|move|p1a: Primarina|Hyper Voice|p2b: Sylveon|[spread] p2a,p2b\n|-damage|p2a: Kingambit|26/100\n|-damage|p2b: Sylveon|0 fnt\n|faint|p2b: Sylveon\n|move|p1b: Pelipper|Tailwind|p1b: Pelipper\n|-sidestart|p1: rorycan|move: Tailwind\n|\n|-weather|RainDance|[upkeep]\n|upkeep\n|\n|t:|1788318324\n|switch|p2b: Starmie|Starmie, L50|100/100\n|turn|3\n|\n|t:|1788318342\n|detailschange|p2b: Starmie|Starmie-Mega, L50\n|-mega|p2b: Starmie|Starmie|Starminite\n|move|p2a: Kingambit|Protect|p2a: Kingambit\n|-singleturn|p2a: Kingambit|Protect\n|move|p2b: Starmie|Psycho Cut|p1a: Primarina\n|-damage|p1a: Primarina|0 fnt\n|faint|p1a: Primarina\n|move|p1b: Pelipper|Hurricane|p2b: Starmie\n|-damage|p2b: Starmie|29/100\n|-start|p2b: Starmie|confusion\n|\n|-weather|RainDance|[upkeep]\n|upkeep\n|\n|t:|1788318353\n|switch|p1a: Raichu|Raichu, L50, F|100/100\n|turn|4\n|\n|t:|1788318373\n|switch|p2b: Kommo-o|Kommo-o, L50, M|100/100\n|detailschange|p1a: Raichu|Raichu-Mega-Y, L50, F\n|-mega|p1a: Raichu|Raichu|Raichunite Y\n|move|p2a: Kingambit|Sucker Punch|p1b: Pelipper\n|-damage|p1b: Pelipper|0 fnt\n|faint|p1b: Pelipper\n|move|p1a: Raichu|Zap Cannon|p2b: Kommo-o\n|-resisted|p2b: Kommo-o|1\n|-damage|p2b: Kommo-o|53/100\n|-status|p2b: Kommo-o|par\n|\n|-weather|RainDance|[upkeep]\n|upkeep\n|\n|t:|1788318384\n|switch|p1b: Kommo-o|Kommo-o, L50, M|100/100\n|turn|5\n|\n|t:|1788318405\n|move|p1a: Raichu|Protect|p1a: Raichu\n|-singleturn|p1a: Raichu|Protect\n|move|p2a: Kingambit|Protect|p2a: Kingambit\n|-singleturn|p2a: Kingambit|Protect\n|move|p2b: Kommo-o|Protect|p2b: Kommo-o\n|-singleturn|p2b: Kommo-o|Protect\n|move|p1b: Kommo-o|Aura Sphere|p2a: Kingambit\n|-activate|p2a: Kingambit|move: Protect\n|\n|-weather|RainDance|[upkeep]\n|-sideend|p1: rorycan|move: Tailwind\n|upkeep\n|turn|6\n|\n|t:|1788318427\n|move|p2a: Kingambit|Sucker Punch|p1a: Raichu\n|-damage|p1a: Raichu|18/100\n|move|p1a: Raichu|Focus Blast|p2b: Kommo-o\n|-damage|p2b: Kommo-o|0 fnt\n|faint|p2b: Kommo-o\n|move|p1b: Kommo-o|Aura Sphere|p2a: Kingambit\n|-supereffective|p2a: Kingambit|2\n|-enditem|p2a: Kingambit|Chople Berry|[eat]\n|-enditem|p2a: Kingambit|Chople Berry|[weaken]\n|-damage|p2a: Kingambit|0 fnt\n|faint|p2a: Kingambit\n|\n|-weather|RainDance|[upkeep]\n|upkeep\n|\n|t:|1788318443\n|switch|p2a: Starmie|Starmie-Mega, L50|29/100\n|turn|7\n|\n|t:|1788318467\n|move|p2a: Starmie|Liquidation|p1a: Raichu\n|-damage|p1a: Raichu|0 fnt\n|faint|p1a: Raichu\n|move|p1b: Kommo-o|Clanging Scales|p2a: Starmie\n|-damage|p2a: Starmie|0 fnt\n|faint|p2a: Starmie\n|\n|win|rorycan\n|raw|rorycan's rating: 1145 &rarr; <strong>1175</strong><br />(+30 for winning)\n|raw|LasermanZ11's rating: 1209 &rarr; <strong>1179</strong><br />(-30 for losing)\n","uploadtime":1788318474,"views":"0","formatid":"gen9championsvgc2026regmb","rating":1175,"private":0,"password":null}