{"id":"gen9championsvgc2026regmb-2674955775","format":"[Gen 9 Champions] VGC 2026 Reg M-B","players":["ThatSteelOwl","Mell0Tea"],"log":"|j|☆ThatSteelOwl\n|j|‽Mell0Tea\n|t:|1788441602\n|gametype|doubles\n|player|p1|ThatSteelOwl|depotagent|1812\n|player|p2|Mell0Tea|265|1855\n|gen|9\n|tier|[Gen 9 Champions] VGC 2026 Reg M-B\n|rated|\n|rule|Species Clause: Limit one of each Pokémon\n|rule|Item Clause: Limit 1 of each item\n|clearpoke\n|poke|p1|Blaziken, L50, F|\n|poke|p1|Sneasler, L50, F|\n|poke|p1|Tsareena, L50, F|\n|poke|p1|Basculegion-F, L50, F|\n|poke|p1|Kingambit, L50, M|\n|poke|p1|Metagross, L50|\n|poke|p2|Incineroar, L50, M|\n|poke|p2|Sneasler, L50, M|\n|poke|p2|Blastoise, L50, M|\n|poke|p2|Delphox, L50, M|\n|poke|p2|Sinistcha-Masterpiece, L50|\n|poke|p2|Kingambit, L50, F|\n|teampreview|4\n|\n|t:|1788441617\n|teamsize|p1|4\n|teamsize|p2|4\n|start\n|switch|p1a: Sneasler|Sneasler, L50, F|100/100\n|switch|p1b: Basculegion|Basculegion-F, L50, F|100/100\n|switch|p2a: Delphox|Delphox, L50, M|100/100\n|switch|p2b: Kingambit|Kingambit, L50, F|100/100\n|turn|1\n|inactive|Battle timer is ON: inactive players will automatically lose when time's up. (requested by Mell0Tea)\n|\n|t:|1788441623\n|switch|p2a: Sinistcha|Sinistcha-Masterpiece, L50|100/100\n|move|p2b: Kingambit|Protect|p2b: Kingambit\n|-singleturn|p2b: Kingambit|Protect\n|move|p1a: Sneasler|Fake Out|p2b: Kingambit\n|-activate|p2b: Kingambit|move: Protect\n|move|p1b: Basculegion|Muddy Water|p2b: Kingambit|[spread] p2a\n|-activate|p2b: Kingambit|move: Protect\n|-resisted|p2a: Sinistcha|1\n|-damage|p2a: Sinistcha|79/100\n|-unboost|p2a: Sinistcha|accuracy|1\n|\n|upkeep\n|turn|2\n|\n|t:|1788441633\n|switch|p1b: Tsareena|Tsareena, L50, F|100/100\n|move|p2a: Sinistcha|Rage Powder|p2a: Sinistcha\n|-singleturn|p2a: Sinistcha|move: Rage Powder\n|move|p1a: Sneasler|Close Combat|p2a: Sinistcha\n|-immune|p2a: Sinistcha\n|move|p2b: Kingambit|Kowtow Cleave|p1b: Tsareena\n|-damage|p1b: Tsareena|43/100\n|-damage|p2b: Kingambit|90/100|[from] item: Life Orb\n|\n|upkeep\n|turn|3\n|\n|t:|1788441645\n|switch|p2b: Delphox|Delphox, L50, M|100/100\n|move|p1b: Tsareena|Protect|p1b: Tsareena\n|-singleturn|p1b: Tsareena|Protect\n|move|p1a: Sneasler|Dire Claw|p2a: Sinistcha\n|-damage|p2a: Sinistcha|46/100\n|move|p2a: Sinistcha|Matcha Gotcha|p1b: Tsareena|[spread] p1a\n|-activate|p1b: Tsareena|move: Protect\n|-resisted|p1a: Sneasler|1\n|-damage|p1a: Sneasler|84/100\n|-heal|p2a: Sinistcha|54/100|[from] drain|[of] p1a: Sneasler\n|-status|p1a: Sneasler|brn\n|\n|-damage|p1a: Sneasler|78/100 brn|[from] brn\n|upkeep\n|turn|4\n|\n|t:|1788441667\n|switch|p2a: Kingambit|Kingambit, L50, F|90/100\n|detailschange|p2b: Delphox|Delphox-Mega, L50, M\n|-mega|p2b: Delphox|Delphox|Delphoxite\n|move|p2b: Delphox|Psychic|p1b: Tsareena\n|-damage|p1b: Tsareena|0 fnt\n|faint|p1b: Tsareena\n|move|p1a: Sneasler|Close Combat|p2b: Delphox\n|-resisted|p2b: Delphox|1\n|-damage|p2b: Delphox|80/100\n|-unboost|p1a: Sneasler|def|1\n|-unboost|p1a: Sneasler|spd|1\n|-enditem|p1a: Sneasler|White Herb\n|-clearnegativeboost|p1a: Sneasler|[silent]\n|\n|-damage|p1a: Sneasler|72/100 brn|[from] brn\n|upkeep\n|\n|t:|1788441671\n|switch|p1b: Blaziken|Blaziken, L50, F|100/100\n|turn|5\n|\n|t:|1788441688\n|detailschange|p1b: Blaziken|Blaziken-Mega, L50, F\n|-mega|p1b: Blaziken|Blaziken|Blazikenite\n|move|p1a: Sneasler|Protect|p1a: Sneasler\n|-singleturn|p1a: Sneasler|Protect\n|move|p2b: Delphox|Protect|p2b: Delphox\n|-singleturn|p2b: Delphox|Protect\n|move|p1b: Blaziken|Detect|p1b: Blaziken\n|-singleturn|p1b: Blaziken|Protect\n|move|p2a: Kingambit|Protect||[still]\n|-fail|p2a: Kingambit\n|\n|-damage|p1a: Sneasler|66/100 brn|[from] brn\n|-ability|p1b: Blaziken|Speed Boost|boost\n|-boost|p1b: Blaziken|spe|1\n|upkeep\n|turn|6\n|\n|t:|1788441702\n|switch|p2a: Sinistcha|Sinistcha-Masterpiece, L50|54/100\n|-heal|p2b: Delphox|100/100|[from] ability: Hospitality|[of] p2a: Sinistcha\n|move|p1a: Sneasler|Dire Claw|p2b: Delphox\n|-damage|p2b: Delphox|71/100\n|move|p1b: Blaziken|Rock Slide|p2b: Delphox|[spread] p2a,p2b\n|-supereffective|p2b: Delphox|1\n|-damage|p2a: Sinistcha|34/100\n|-damage|p2b: Delphox|8/100\n|move|p2b: Delphox|Psychic|p1b: Blaziken\n|-supereffective|p1b: Blaziken|1\n|-damage|p1b: Blaziken|0 fnt\n|faint|p1b: Blaziken\n|\n|-damage|p1a: Sneasler|61/100 brn|[from] brn\n|upkeep\n|\n|t:|1788441709\n|switch|p1b: Basculegion|Basculegion-F, L50, F|100/100\n|turn|7\n|\n|t:|1788441717\n|move|p1a: Sneasler|Dire Claw|p2a: Sinistcha\n|-damage|p2a: Sinistcha|18/100\n|move|p1b: Basculegion|Muddy Water|p2b: Delphox|[spread] p2a,p2b\n|-resisted|p2a: Sinistcha|1\n|-supereffective|p2b: Delphox|1\n|-damage|p2a: Sinistcha|0 fnt\n|-damage|p2b: Delphox|0 fnt\n|faint|p2a: Sinistcha\n|faint|p2b: Delphox\n|\n|-damage|p1a: Sneasler|55/100 brn|[from] brn\n|upkeep\n|\n|t:|1788441724\n|switch|p2b: Kingambit|Kingambit, L50, F|90/100\n|switch|p2a: Sneasler|Sneasler, L50, M|100/100\n|turn|8\n|\n|t:|1788441730\n|move|p2a: Sneasler|Fake Out|p1a: Sneasler\n|-damage|p1a: Sneasler|32/100 brn\n|move|p2b: Kingambit|Sucker Punch|p1b: Basculegion\n|-supereffective|p1b: Basculegion|1\n|-damage|p1b: Basculegion|0 fnt\n|faint|p1b: Basculegion\n|-damage|p2b: Kingambit|80/100|[from] item: Life Orb\n|cant|p1a: Sneasler|flinch\n|\n|-damage|p1a: Sneasler|26/100 brn|[from] brn\n|upkeep\n|turn|9\n|-message|ThatSteelOwl forfeited.\n|\n|win|Mell0Tea\n|raw|ThatSteelOwl's rating: 1812 &rarr; <strong>1794</strong><br />(-18 for losing)\n|raw|Mell0Tea's rating: 1855 &rarr; <strong>1873</strong><br />(+18 for winning)\n|l|☆ThatSteelOwl\n|player|p1|\n","uploadtime":1788441742,"views":"5","formatid":"gen9championsvgc2026regmb","rating":1794,"private":0,"password":null}