{"id":"gen9championsvgc2026regmbbo3-2674996332","format":"[Gen 9 Champions] VGC 2026 Reg M-B (Bo3)","players":["redfour","Bananin4"],"log":"|j|☆redfour\n|j|☆Bananin4\n|html|<table width=\"100%\"><tr><td align=\"left\">redfour</td><td align=\"right\">Bananin4</tr><tr><td align=\"left\"><i class=\"fa fa-circle-o\"></i> <i class=\"fa fa-circle-o\"></i> </td><td align=\"right\"><i class=\"fa fa-circle-o\"></i> <i class=\"fa fa-circle-o\"></i> </tr></table>\n|uhtml|bestof|<h2><strong>Game 1</strong> of <a href=\"/game-bestof3-gen9championsvgc2026regmbbo3-2674996331\">a best-of-3</a></h2>\n|t:|1788446704\n|gametype|doubles\n|player|p1|redfour|169|1148\n|player|p2|Bananin4|lucas-gen4pt|1181\n|gen|9\n|tier|[Gen 9 Champions] VGC 2026 Reg M-B (Bo3)\n|rated|\n|rule|Species Clause: Limit one of each Pokémon\n|rule|Item Clause: Limit 1 of each item\n|clearpoke\n|poke|p1|Charizard, L50, F|\n|poke|p1|Kingambit, L50, F|\n|poke|p1|Garchomp, L50, M|\n|poke|p1|Whimsicott, L50, F|\n|poke|p1|Sneasler, L50, M|\n|poke|p1|Basculegion, L50, M|\n|poke|p2|Delphox, L50, M, shiny|\n|poke|p2|Blastoise, L50, F|\n|poke|p2|Sinistcha, L50|\n|poke|p2|Sneasler, L50, M|\n|poke|p2|Incineroar, L50, M, shiny|\n|poke|p2|Kingambit, L50, M|\n|teampreview|4\n|showteam|p1|Charizard||CharizarditeY|Blaze|SolarBeam,WeatherBall,HeatWave,Protect|Modest||F|||50|]Kingambit||ChopleBerry|Defiant|SuckerPunch,IronHead,KowtowCleave,LowKick|Adamant||F|||50|]Garchomp||LifeOrb|RoughSkin|RockSlide,Earthquake,DragonClaw,Protect|Jolly||M|||50|]Whimsicott||FocusSash|Prankster|Encore,Moonblast,Protect,Tailwind|Timid||F|||50|]Sneasler||WhiteHerb|Unburden|DireClaw,CloseCombat,Protect,FakeOut|Adamant||M|||50|]Basculegion||MysticWater|Adaptability|AquaJet,LastRespects,Protect,WaveCrash|Adamant||M|||50|\n|showteam|p2|Delphox||Delphoxite|Blaze|HeatWave,Psychic,NastyPlot,Protect|Timid||M|||50|]Blastoise||Blastoisinite|RainDish|WaterSpout,DarkPulse,ShellSmash,Protect|Modest||F|||50|]Sinistcha||ColburBerry|Hospitality|MatchaGotcha,RagePowder,TrickRoom,Protect|Bold|||||50|]Sneasler||FocusSash|PoisonTouch|FakeOut,PoisonJab,CloseCombat,QuickGuard|Jolly||M|||50|]Incineroar||SitrusBerry|Intimidate|FakeOut,FlareBlitz,ThroatChop,PartingShot|Careful||M|||50|]Kingambit|||Defiant|KowtowCleave,SuckerPunch,SwordsDance,Protect|Adamant||M|||50|\n|\n|t:|1788446766\n|teamsize|p1|4\n|teamsize|p2|4\n|start\n|switch|p1a: Charizard|Charizard, L50, F|100/100\n|switch|p1b: Whimsicott|Whimsicott, L50, F|100/100\n|switch|p2a: Sneasler|Sneasler, L50, M|100/100\n|switch|p2b: Blastoise|Blastoise, L50, F|100/100\n|turn|1\n|inactive|Battle timer is ON: inactive players will automatically lose when time's up. (requested by Bananin4)\n|inactive|Bananin4 has 60 seconds left.\n|\n|t:|1788446817\n|detailschange|p2b: Blastoise|Blastoise-Mega, L50, F\n|-mega|p2b: Blastoise|Blastoise|Blastoisinite\n|move|p1b: Whimsicott|Protect|p1b: Whimsicott\n|-singleturn|p1b: Whimsicott|Protect\n|move|p1a: Charizard|Protect|p1a: Charizard\n|-singleturn|p1a: Charizard|Protect\n|move|p2a: Sneasler|Fake Out|p1a: Charizard\n|-activate|p1a: Charizard|move: Protect\n|move|p2b: Blastoise|Water Spout|p1a: Charizard|[spread] \n|-activate|p1a: Charizard|move: Protect\n|-activate|p1b: Whimsicott|move: Protect\n|\n|upkeep\n|turn|2\n|inactive|Bananin4 has 30 seconds left.\n|inactive|Bananin4 has 20 seconds left.\n|inactive|Bananin4 has 15 seconds left.\n|\n|t:|1788446859\n|switch|p2a: Incineroar|Incineroar, L50, M, shiny|100/100\n|-ability|p2a: Incineroar|Intimidate|boost\n|-unboost|p1a: Charizard|atk|1\n|-unboost|p1b: Whimsicott|atk|1\n|detailschange|p1a: Charizard|Charizard-Mega-Y, L50, F\n|-mega|p1a: Charizard|Charizard|Charizardite Y\n|-weather|SunnyDay|[from] ability: Drought|[of] p1a: Charizard\n|move|p2b: Blastoise|Protect|p2b: Blastoise\n|-singleturn|p2b: Blastoise|Protect\n|move|p1b: Whimsicott|Tailwind|p1b: Whimsicott\n|-sidestart|p1: redfour|move: Tailwind\n|move|p1a: Charizard|Solar Beam||[still]\n|-prepare|p1a: Charizard|Solar Beam\n|-anim|p1a: Charizard|Solar Beam|p2b: Blastoise\n|-activate|p2b: Blastoise|move: Protect\n|\n|-weather|SunnyDay|[upkeep]\n|upkeep\n|turn|3\n|inactive|redfour has 30 seconds left.\n|inactive|Bananin4 has 30 seconds left.\n|inactive|Bananin4 has 20 seconds left.\n|inactive|Bananin4 has 15 seconds left.\n|inactive|Bananin4 has 10 seconds left.\n|\n|t:|1788446904\n|move|p1b: Whimsicott|Protect|p1b: Whimsicott\n|-singleturn|p1b: Whimsicott|Protect\n|move|p1a: Charizard|Protect|p1a: Charizard\n|-singleturn|p1a: Charizard|Protect\n|move|p2a: Incineroar|Fake Out|p1b: Whimsicott\n|-activate|p1b: Whimsicott|move: Protect\n|move|p2b: Blastoise|Shell Smash|p2b: Blastoise\n|-unboost|p2b: Blastoise|def|1\n|-unboost|p2b: Blastoise|spd|1\n|-boost|p2b: Blastoise|atk|2\n|-boost|p2b: Blastoise|spa|2\n|-boost|p2b: Blastoise|spe|2\n|\n|-weather|SunnyDay|[upkeep]\n|upkeep\n|turn|4\n|inactive|redfour has 30 seconds left.\n|inactive|Bananin4 has 30 seconds left.\n|\n|t:|1788446934\n|move|p2b: Blastoise|Protect|p2b: Blastoise\n|-singleturn|p2b: Blastoise|Protect\n|move|p1b: Whimsicott|Encore|p2a: Incineroar\n|-hint|Since gen 7, Dark is immune to Prankster moves.\n|-immune|p2a: Incineroar\n|move|p1a: Charizard|Solar Beam||[still]\n|-prepare|p1a: Charizard|Solar Beam\n|-anim|p1a: Charizard|Solar Beam|p2b: Blastoise\n|-activate|p2b: Blastoise|move: Protect\n|move|p2a: Incineroar|Parting Shot|p1a: Charizard\n|-unboost|p1a: Charizard|atk|1\n|-unboost|p1a: Charizard|spa|1\n|\n|t:|1788446944\n|switch|p2a: Sneasler|Sneasler, L50, M|100/100|[from] Parting Shot\n|\n|-weather|SunnyDay|[upkeep]\n|upkeep\n|turn|5\n|\n|t:|1788446963\n|move|p1a: Charizard|Protect|p1a: Charizard\n|-singleturn|p1a: Charizard|Protect\n|move|p2a: Sneasler|Fake Out|p1a: Charizard\n|-activate|p1a: Charizard|move: Protect\n|move|p1b: Whimsicott|Encore|p2b: Blastoise\n|-start|p2b: Blastoise|Encore\n|move|p2b: Blastoise|Protect||[still]\n|-fail|p2b: Blastoise\n|\n|-weather|SunnyDay|[upkeep]\n|-sideend|p1: redfour|move: Tailwind\n|upkeep\n|turn|6\n|inactive|Bananin4 has 30 seconds left.\n|\n|t:|1788446996\n|switch|p2a: Incineroar|Incineroar, L50, M, shiny|100/100\n|-ability|p2a: Incineroar|Intimidate|boost\n|-unboost|p1a: Charizard|atk|1\n|-unboost|p1b: Whimsicott|atk|1\n|move|p2b: Blastoise|Protect|p2b: Blastoise\n|-singleturn|p2b: Blastoise|Protect\n|move|p1b: Whimsicott|Moonblast|p2a: Incineroar\n|-damage|p2a: Incineroar|70/100\n|move|p1a: Charizard|Weather Ball|p2a: Incineroar\n|-resisted|p2a: Incineroar|1\n|-damage|p2a: Incineroar|45/100\n|-enditem|p2a: Incineroar|Sitrus Berry|[eat]\n|-heal|p2a: Incineroar|70/100|[from] item: Sitrus Berry\n|\n|-weather|none\n|upkeep\n|turn|7\n|inactive|Bananin4 has 30 seconds left.\n|inactive|Bananin4 has 20 seconds left.\n|\n|t:|1788447039\n|switch|p2b: Sinistcha|Sinistcha, L50|100/100\n|-heal|p2a: Incineroar|94/100|[from] ability: Hospitality|[of] p2b: Sinistcha\n|switch|p1a: Garchomp|Garchomp, L50, M|100/100\n|move|p2a: Incineroar|Fake Out|p1b: Whimsicott\n|-damage|p1b: Whimsicott|83/100\n|cant|p1b: Whimsicott|flinch\n|\n|upkeep\n|turn|8\n|\n|t:|1788447062\n|move|p1b: Whimsicott|Tailwind|p1b: Whimsicott\n|-sidestart|p1: redfour|move: Tailwind\n|move|p1a: Garchomp|Rock Slide|p2a: Incineroar|[spread] p2a,p2b\n|-supereffective|p2a: Incineroar|1\n|-damage|p2a: Incineroar|46/100\n|-damage|p2b: Sinistcha|77/100\n|-damage|p1a: Garchomp|90/100|[from] item: Life Orb\n|move|p2a: Incineroar|Parting Shot|p1a: Garchomp\n|-unboost|p1a: Garchomp|atk|1\n|-unboost|p1a: Garchomp|spa|1\n|\n|t:|1788447071\n|switch|p2a: Blastoise|Blastoise-Mega, L50, F|100/100|[from] Parting Shot\n|move|p2b: Sinistcha|Matcha Gotcha|p1b: Whimsicott|[spread] p1a,p1b\n|-resisted|p1b: Whimsicott|1\n|-damage|p1a: Garchomp|62/100\n|-heal|p2b: Sinistcha|92/100|[from] drain|[of] p1a: Garchomp\n|-damage|p1b: Whimsicott|64/100\n|-heal|p2b: Sinistcha|100/100|[from] drain|[of] p1b: Whimsicott\n|-status|p1b: Whimsicott|brn\n|\n|-damage|p1b: Whimsicott|58/100 brn|[from] brn\n|upkeep\n|turn|9\n|inactive|Bananin4 has 30 seconds left.\n|inactive|Bananin4 has 20 seconds left.\n|inactive|Bananin4 has 15 seconds left.\n|inactive|Bananin4 has 10 seconds left.\n|\n|t:|1788447119\n|move|p1b: Whimsicott|Encore|p2b: Sinistcha\n|-start|p2b: Sinistcha|Encore\n|move|p1a: Garchomp|Earthquake|p2b: Sinistcha|[spread] p1b,p2a,p2b\n|-resisted|p1b: Whimsicott|1\n|-resisted|p2b: Sinistcha|1\n|-damage|p1b: Whimsicott|30/100 brn\n|-damage|p2a: Blastoise|70/100\n|-damage|p2b: Sinistcha|87/100\n|-damage|p1a: Garchomp|52/100|[from] item: Life Orb\n|move|p2a: Blastoise|Dark Pulse|p1a: Garchomp\n|-damage|p1a: Garchomp|5/100\n|move|p2b: Sinistcha|Matcha Gotcha|p1a: Garchomp|[spread] p1a,p1b\n|-resisted|p1b: Whimsicott|1\n|-damage|p1a: Garchomp|0 fnt\n|-heal|p2b: Sinistcha|90/100|[from] drain|[of] p1a: Garchomp\n|-damage|p1b: Whimsicott|10/100 brn\n|-heal|p2b: Sinistcha|98/100|[from] drain|[of] p1b: Whimsicott\n|faint|p1a: Garchomp\n|\n|-damage|p1b: Whimsicott|4/100 brn|[from] brn\n|upkeep\n|\n|t:|1788447125\n|switch|p1a: Charizard|Charizard-Mega-Y, L50, F|100/100\n|-weather|SunnyDay|[from] ability: Drought|[of] p1a: Charizard\n|turn|10\n|inactive|redfour has 30 seconds left.\n|\n|t:|1788447154\n|switch|p1b: Sneasler|Sneasler, L50, M|100/100\n|switch|p2b: Incineroar|Incineroar, L50, M, shiny|46/100\n|-ability|p2b: Incineroar|Intimidate|boost\n|-unboost|p1a: Charizard|atk|1\n|-unboost|p1b: Sneasler|atk|1\n|-enditem|p1b: Sneasler|White Herb\n|-clearnegativeboost|p1b: Sneasler|[silent]\n|move|p2a: Blastoise|Protect|p2a: Blastoise\n|-singleturn|p2a: Blastoise|Protect\n|move|p1a: Charizard|Weather Ball|p2b: Incineroar\n|-resisted|p2b: Incineroar|1\n|-damage|p2b: Incineroar|5/100\n|\n|-weather|SunnyDay|[upkeep]\n|upkeep\n|turn|11\n|inactive|Bananin4 has 30 seconds left.\n|inactive|Bananin4 has 20 seconds left.\n|\n|t:|1788447191\n|move|p1b: Sneasler|Fake Out|p2b: Incineroar\n|-damage|p2b: Incineroar|0 fnt\n|faint|p2b: Incineroar\n|move|p1a: Charizard|Solar Beam||[still]\n|-prepare|p1a: Charizard|Solar Beam\n|-anim|p1a: Charizard|Solar Beam|p2a: Blastoise\n|-supereffective|p2a: Blastoise|1\n|-damage|p2a: Blastoise|0 fnt\n|faint|p2a: Blastoise\n|\n|-weather|SunnyDay|[upkeep]\n|-sideend|p1: redfour|move: Tailwind\n|upkeep\n|\n|t:|1788447200\n|switch|p2a: Sneasler|Sneasler, L50, M|100/100\n|switch|p2b: Sinistcha|Sinistcha, L50|98/100\n|turn|12\n|\n|t:|1788447215\n|move|p1a: Charizard|Protect|p1a: Charizard\n|-singleturn|p1a: Charizard|Protect\n|move|p2a: Sneasler|Fake Out|p1a: Charizard\n|-activate|p1a: Charizard|move: Protect\n|move|p1b: Sneasler|Dire Claw|p2b: Sinistcha\n|-damage|p2b: Sinistcha|62/100\n|-status|p2b: Sinistcha|par\n|move|p2b: Sinistcha|Matcha Gotcha|p1b: Sneasler|[spread] p1b\n|-activate|p1a: Charizard|move: Protect\n|-resisted|p1b: Sneasler|1\n|-damage|p1b: Sneasler|84/100\n|-heal|p2b: Sinistcha|69/100 par|[from] drain|[of] p1b: Sneasler\n|\n|-weather|SunnyDay|[upkeep]\n|upkeep\n|turn|13\n|\n|t:|1788447238\n|move|p2b: Sinistcha|Protect|p2b: Sinistcha\n|-singleturn|p2b: Sinistcha|Protect\n|move|p1b: Sneasler|Dire Claw|p2b: Sinistcha\n|-activate|p2b: Sinistcha|move: Protect\n|move|p2a: Sneasler|Poison Jab|p1a: Charizard\n|-damage|p1a: Charizard|40/100\n|move|p1a: Charizard|Heat Wave|p2b: Sinistcha|[spread] p2a\n|-activate|p2b: Sinistcha|move: Protect\n|-crit|p2a: Sneasler\n|-enditem|p2a: Sneasler|Focus Sash\n|-damage|p2a: Sneasler|1/100\n|\n|-weather|SunnyDay|[upkeep]\n|upkeep\n|turn|14\n|\n|t:|1788447261\n|move|p1b: Sneasler|Dire Claw|p2a: Sneasler\n|-resisted|p2a: Sneasler|1\n|-damage|p2a: Sneasler|0 fnt\n|faint|p2a: Sneasler\n|move|p1a: Charizard|Weather Ball|p2b: Sinistcha\n|-supereffective|p2b: Sinistcha|1\n|-damage|p2b: Sinistcha|0 fnt\n|faint|p2b: Sinistcha\n|\n|win|redfour\n","uploadtime":1788447261,"views":"0","formatid":"gen9championsvgc2026regmbbo3","rating":null,"private":0,"password":null}