{"id":"gen9championsvgc2026regmb-2674420872","format":"[Gen 9 Champions] VGC 2026 Reg M-B","players":["centruledge","chrollolucilfer24"],"log":"|j|☆centruledge\n|j|☆chrollolucilfer24\n|t:|1788357728\n|gametype|doubles\n|player|p1|centruledge|2|1332\n|player|p2|chrollolucilfer24|swimmerf|1432\n|gen|9\n|tier|[Gen 9 Champions] VGC 2026 Reg M-B\n|rated|\n|rule|Species Clause: Limit one of each Pokémon\n|rule|Item Clause: Limit 1 of each item\n|clearpoke\n|poke|p1|Tyranitar, L50, M|\n|poke|p1|Whimsicott, L50, M|\n|poke|p1|Froslass, L50, F|\n|poke|p1|Excadrill, L50, M|\n|poke|p1|Basculegion, L50, M|\n|poke|p1|Sneasler, L50, F|\n|poke|p2|Gholdengo, L50|\n|poke|p2|Raichu, L50, M|\n|poke|p2|Sinistcha-Masterpiece, L50|\n|poke|p2|Weavile, L50, M|\n|poke|p2|Ceruledge, L50, F|\n|poke|p2|Milotic, L50, M|\n|teampreview|4\n|inactive|Battle timer is ON: inactive players will automatically lose when time's up. (requested by chrollolucilfer24)\n|inactive|centruledge also wants the timer to be on.\n|inactive|centruledge has 60 seconds left.\n|\n|t:|1788357759\n|teamsize|p1|4\n|teamsize|p2|4\n|start\n|switch|p1a: Basculegion|Basculegion, L50, M|100/100\n|switch|p1b: Whimsicott|Whimsicott, L50, M|100/100\n|switch|p2a: Gholdengo|Gholdengo, L50|100/100\n|switch|p2b: Weavile|Weavile, L50, M|100/100\n|turn|1\n|inactive|chrollolucilfer24 has 30 seconds left.\n|\n|t:|1788357790\n|move|p1b: Whimsicott|Protect|p1b: Whimsicott\n|-singleturn|p1b: Whimsicott|Protect\n|move|p1a: Basculegion|Flip Turn|p2a: Gholdengo\n|-damage|p2a: Gholdengo|56/100\n|\n|t:|1788357798\n|switch|p1a: Tyranitar|Tyranitar, L50, M|100/100|[from] Flip Turn\n|-weather|Sandstorm|[from] ability: Sand Stream|[of] p1a: Tyranitar\n|move|p2b: Weavile|Knock Off|p1a: Tyranitar\n|-resisted|p1a: Tyranitar|1\n|-damage|p1a: Tyranitar|84/100\n|move|p2a: Gholdengo|Nasty Plot|p2a: Gholdengo\n|-boost|p2a: Gholdengo|spa|2\n|\n|-weather|Sandstorm|[upkeep]\n|-damage|p2b: Weavile|93/100|[from] Sandstorm\n|-damage|p1b: Whimsicott|94/100|[from] Sandstorm\n|upkeep\n|turn|2\n|\n|t:|1788357820\n|move|p1a: Tyranitar|Protect|p1a: Tyranitar\n|-singleturn|p1a: Tyranitar|Protect\n|move|p2b: Weavile|Low Kick|p1a: Tyranitar\n|-activate|p1a: Tyranitar|move: Protect\n|move|p1b: Whimsicott|Moonblast|p2b: Weavile\n|-supereffective|p2b: Weavile|1\n|-damage|p2b: Weavile|0 fnt\n|faint|p2b: Weavile\n|move|p2a: Gholdengo|Make It Rain|p1a: Tyranitar|[spread] p1b\n|-activate|p1a: Tyranitar|move: Protect\n|-supereffective|p1b: Whimsicott|1\n|-damage|p1b: Whimsicott|0 fnt\n|-unboost|p2a: Gholdengo|spa|2\n|faint|p1b: Whimsicott\n|-damage|p2a: Gholdengo|46/100|[from] item: Life Orb\n|\n|-weather|Sandstorm|[upkeep]\n|upkeep\n|\n|t:|1788357840\n|switch|p2b: Sinistcha|Sinistcha-Masterpiece, L50|100/100\n|switch|p1b: Excadrill|Excadrill, L50, M|100/100\n|-heal|p2a: Gholdengo|71/100|[from] ability: Hospitality|[of] p2b: Sinistcha\n|turn|3\n|\n|t:|1788357857\n|detailschange|p1a: Tyranitar|Tyranitar-Mega, L50, M\n|-mega|p1a: Tyranitar|Tyranitar|Tyranitarite\n|move|p2a: Gholdengo|Protect|p2a: Gholdengo\n|-singleturn|p2a: Gholdengo|Protect\n|move|p1b: Excadrill|High Horsepower|p2b: Sinistcha\n|-resisted|p2b: Sinistcha|1\n|-damage|p2b: Sinistcha|78/100\n|move|p1a: Tyranitar|Knock Off|p2a: Gholdengo\n|-activate|p2a: Gholdengo|move: Protect\n|move|p2b: Sinistcha|Matcha Gotcha|p1b: Excadrill|[spread] p1a,p1b\n|-supereffective|p1a: Tyranitar|1\n|-damage|p1a: Tyranitar|54/100\n|-heal|p2b: Sinistcha|93/100|[from] drain|[of] p1a: Tyranitar\n|-damage|p1b: Excadrill|67/100\n|-heal|p2b: Sinistcha|100/100|[from] drain|[of] p1b: Excadrill\n|-status|p1b: Excadrill|brn\n|\n|-weather|Sandstorm|[upkeep]\n|-damage|p2b: Sinistcha|93/100|[from] Sandstorm\n|-damage|p1b: Excadrill|62/100 brn|[from] brn\n|upkeep\n|turn|4\n|inactive|centruledge has 30 seconds left.\n|\n|t:|1788357883\n|move|p2b: Sinistcha|Rage Powder|p2b: Sinistcha\n|-singleturn|p2b: Sinistcha|move: Rage Powder\n|move|p1b: Excadrill|Rock Slide|p2a: Gholdengo|[spread] p2a,p2b\n|-resisted|p2a: Gholdengo|1\n|-damage|p2a: Gholdengo|66/100\n|-damage|p2b: Sinistcha|84/100\n|move|p1a: Tyranitar|Knock Off|p2b: Sinistcha\n|-supereffective|p2b: Sinistcha|1\n|-damage|p2b: Sinistcha|0 fnt\n|-enditem|p2b: Sinistcha|Kasib Berry|[from] move: Knock Off|[of] p1a: Tyranitar\n|faint|p2b: Sinistcha\n|move|p2a: Gholdengo|Make It Rain|p1a: Tyranitar|[spread] p1a,p1b\n|-supereffective|p1a: Tyranitar|1\n|-resisted|p1b: Excadrill|1\n|-damage|p1a: Tyranitar|0 fnt\n|-damage|p1b: Excadrill|13/100 brn\n|-unboost|p2a: Gholdengo|spa|2\n|faint|p1a: Tyranitar\n|-damage|p2a: Gholdengo|56/100|[from] item: Life Orb\n|\n|-weather|Sandstorm|[upkeep]\n|-damage|p1b: Excadrill|8/100 brn|[from] brn\n|upkeep\n|\n|t:|1788357901\n|switch|p1a: Basculegion|Basculegion, L50, M|100/100\n|switch|p2b: Ceruledge|Ceruledge, L50, F|100/100\n|turn|5\n|inactive|centruledge has 30 seconds left.\n|\n|t:|1788357929\n|move|p2b: Ceruledge|Protect|p2b: Ceruledge\n|-singleturn|p2b: Ceruledge|Protect\n|move|p2a: Gholdengo|Protect|p2a: Gholdengo\n|-singleturn|p2a: Gholdengo|Protect\n|move|p1b: Excadrill|High Horsepower|p2b: Ceruledge\n|-activate|p2b: Ceruledge|move: Protect\n|move|p1a: Basculegion|Last Respects|p2a: Gholdengo\n|-activate|p2a: Gholdengo|move: Protect\n|\n|-weather|none\n|-damage|p1b: Excadrill|2/100 brn|[from] brn\n|upkeep\n|turn|6\n|\n|t:|1788357951\n|move|p2b: Ceruledge|Shadow Sneak|p1b: Excadrill\n|-damage|p1b: Excadrill|0 fnt\n|faint|p1b: Excadrill\n|move|p1a: Basculegion|Last Respects|p2a: Gholdengo\n|-supereffective|p2a: Gholdengo|1\n|-damage|p2a: Gholdengo|0 fnt\n|faint|p2a: Gholdengo\n|\n|upkeep\n|turn|7\n|\n|t:|1788357961\n|move|p2b: Ceruledge|Shadow Sneak|p1a: Basculegion\n|-supereffective|p1a: Basculegion|1\n|-damage|p1a: Basculegion|43/100\n|move|p1a: Basculegion|Last Respects|p2b: Ceruledge\n|-supereffective|p2b: Ceruledge|1\n|-damage|p2b: Ceruledge|0 fnt\n|faint|p2b: Ceruledge\n|\n|win|centruledge\n|raw|centruledge's rating: 1332 &rarr; <strong>1358</strong><br />(+26 for winning)\n|raw|chrollolucilfer24's rating: 1432 &rarr; <strong>1406</strong><br />(-26 for losing)\n|l|☆centruledge\n|player|p1|\n","uploadtime":1788357968,"views":"0","formatid":"gen9championsvgc2026regmb","rating":1358,"private":0,"password":null}