{"id":"gen9championsvgc2026regmb-2674459299","format":"[Gen 9 Champions] VGC 2026 Reg M-B","players":["maduracalientea5km","zetarin"],"log":"|j|☆maduracalientea5km\n|j|☆zetarin\n|t:|1788362322\n|gametype|doubles\n|player|p1|maduracalientea5km|2|1056\n|player|p2|zetarin|102|1000\n|gen|9\n|tier|[Gen 9 Champions] VGC 2026 Reg M-B\n|rated|\n|rule|Species Clause: Limit one of each Pokémon\n|rule|Item Clause: Limit 1 of each item\n|clearpoke\n|poke|p1|Archaludon, L50, M, shiny|\n|poke|p1|Pelipper, L50, M, shiny|\n|poke|p1|Sceptile, L50, M, shiny|\n|poke|p1|Rotom-Wash, L50, shiny|\n|poke|p1|Swampert, L50, F, shiny|\n|poke|p1|Sableye, L50, M, shiny|\n|poke|p2|Espathra, L50, M|\n|poke|p2|Maushold, L50|\n|poke|p2|Floette-Eternal, L50, F|\n|poke|p2|Incineroar, L50, M|\n|poke|p2|Milotic, L50, M|\n|poke|p2|Staraptor, L50, M|\n|teampreview|4\n|inactive|Battle timer is ON: inactive players will automatically lose when time's up. (requested by zetarin)\n|\n|t:|1788362383\n|teamsize|p1|4\n|teamsize|p2|4\n|start\n|switch|p1a: Rotom|Rotom-Wash, L50, shiny|100/100\n|switch|p1b: Sceptile|Sceptile, L50, M, shiny|100/100\n|switch|p2a: Espathra|Espathra, L50, M|100/100\n|switch|p2b: Incineroar|Incineroar, L50, M|100/100\n|-ability|p2b: Incineroar|Intimidate|boost\n|-unboost|p1a: Rotom|atk|1\n|-unboost|p1b: Sceptile|atk|1\n|turn|1\n|inactive|maduracalientea5km has 30 seconds left.\n|\n|t:|1788362411\n|detailschange|p1b: Sceptile|Sceptile-Mega, L50, M, shiny\n|-mega|p1b: Sceptile|Sceptile|Sceptilite\n|move|p2b: Incineroar|Fake Out|p1a: Rotom\n|-damage|p1a: Rotom|81/100\n|move|p1b: Sceptile|Dragon Pulse|p2a: Espathra\n|-damage|p2a: Espathra|29/100\n|cant|p1a: Rotom|flinch\n|move|p2a: Espathra|Substitute|p2a: Espathra\n|-start|p2a: Espathra|Substitute\n|-damage|p2a: Espathra|4/100\n|\n|-heal|p2a: Espathra|10/100|[from] item: Leftovers\n|-ability|p2a: Espathra|Speed Boost|boost\n|-boost|p2a: Espathra|spe|1\n|upkeep\n|turn|2\n|inactive|zetarin has 30 seconds left.\n|\n|t:|1788362446\n|move|p2a: Espathra|Protect|p2a: Espathra\n|-singleturn|p2a: Espathra|Protect\n|move|p1b: Sceptile|Earth Power|p2b: Incineroar\n|-supereffective|p2b: Incineroar|1\n|-damage|p2b: Incineroar|30/100\n|move|p1a: Rotom|Discharge|p2b: Incineroar|[spread] p2b\n|-activate|p2a: Espathra|move: Protect\n|-ability|p1b: Sceptile|Lightning Rod|boost\n|-boost|p1b: Sceptile|spa|1\n|-damage|p2b: Incineroar|5/100\n|move|p2b: Incineroar|Flare Blitz|p1b: Sceptile\n|-damage|p1b: Sceptile|0 fnt\n|faint|p1b: Sceptile\n|-damage|p2b: Incineroar|0 fnt|[from] Recoil\n|faint|p2b: Incineroar\n|\n|-heal|p2a: Espathra|16/100|[from] item: Leftovers\n|-ability|p2a: Espathra|Speed Boost|boost\n|-boost|p2a: Espathra|spe|1\n|upkeep\n|\n|t:|1788362464\n|switch|p1b: Archaludon|Archaludon, L50, M, shiny|100/100\n|switch|p2b: Maushold|Maushold, L50|100/100\n|turn|3\n|\n|t:|1788362486\n|switch|p1a: Pelipper|Pelipper, L50, M, shiny|100/100\n|-weather|RainDance|[from] ability: Drizzle|[of] p1a: Pelipper\n|move|p2a: Espathra|Baton Pass|p2a: Espathra\n|\n|t:|1788362492\n|switch|p2a: Floette|Floette-Eternal, L50, F|100/100|[from] Baton Pass\n|move|p1b: Archaludon|Electro Shot||[still]\n|-prepare|p1b: Archaludon|Electro Shot\n|-boost|p1b: Archaludon|spa|1\n|-anim|p1b: Archaludon|Electro Shot|p2b: Maushold\n|-damage|p2b: Maushold|4/100\n|move|p2b: Maushold|Population Bomb|p1a: Pelipper\n|-crit|p1a: Pelipper\n|-damage|p1a: Pelipper|73/100\n|-crit|p1a: Pelipper\n|-damage|p1a: Pelipper|47/100\n|-damage|p1a: Pelipper|31/100\n|-damage|p1a: Pelipper|13/100\n|-damage|p1a: Pelipper|0 fnt\n|faint|p1a: Pelipper\n|-hitcount|p1: Pelipper|5\n|\n|-weather|RainDance|[upkeep]\n|upkeep\n|\n|t:|1788362497\n|switch|p1a: Rotom|Rotom-Wash, L50, shiny|81/100\n|turn|4\n|inactive|zetarin has 30 seconds left.\n|\n|t:|1788362528\n|detailschange|p2a: Floette|Floette-Mega, L50, F\n|-mega|p2a: Floette|Floette|Floettite\n|-ability|p2a: Floette|Fairy Aura\n|move|p2b: Maushold|Protect|p2b: Maushold\n|-singleturn|p2b: Maushold|Protect\n|move|p2a: Floette|Calm Mind|p2a: Floette\n|-boost|p2a: Floette|spa|1\n|-boost|p2a: Floette|spd|1\n|move|p1a: Rotom|Electroweb|p2a: Floette|[spread] p2a\n|-activate|p2b: Maushold|move: Protect\n|-activate|p2a: Floette|move: Substitute|[damage]\n|move|p1b: Archaludon|Electro Shot||[still]\n|-prepare|p1b: Archaludon|Electro Shot\n|-boost|p1b: Archaludon|spa|1\n|-anim|p1b: Archaludon|Electro Shot|p2a: Floette\n|-end|p2a: Floette|Substitute\n|\n|-weather|RainDance|[upkeep]\n|upkeep\n|turn|5\n|inactive|maduracalientea5km has 30 seconds left.\n|inactive|zetarin has 30 seconds left.\n|inactive|maduracalientea5km has 20 seconds left.\n|\n|t:|1788362566\n|move|p2b: Maushold|Follow Me|p2b: Maushold\n|-singleturn|p2b: Maushold|move: Follow Me\n|move|p2a: Floette|Light of Ruin|p1b: Archaludon\n|-crit|p1b: Archaludon\n|-damage|p1b: Archaludon|0 fnt\n|faint|p1b: Archaludon\n|-damage|p2a: Floette|44/100|[from] Recoil\n|move|p1a: Rotom|Electroweb|p2b: Maushold|[spread] p2a,p2b\n|-damage|p2a: Floette|33/100\n|-damage|p2b: Maushold|0 fnt\n|-unboost|p2a: Floette|spe|1\n|faint|p2b: Maushold\n|\n|-weather|RainDance|[upkeep]\n|upkeep\n|c|☆zetarin|!dt electroweb\n|c|☆zetarin|/raw <ul class=\"utilichart\"><li class=\"result\"><span class=\"col movenamecol\"><a href=\"https://dex.pokemonshowdown.com/moves/electroweb\">Electroweb</a></span> <span class=\"col typecol\"><img src=\"//play.pokemonshowdown.com/sprites/types/Electric.png\" alt=\"Electric\" width=\"32\" height=\"14\"><img src=\"//play.pokemonshowdown.com/sprites/categories/Special.png\" alt=\"Special\" width=\"32\" height=\"14\"></span> <span class=\"col labelcol\"><em>Power</em><br>55</span> <span class=\"col widelabelcol\"><em>Accuracy</em><br>95%</span> <span class=\"col pplabelcol\"><em>PP</em><br>16</span> </li><li style=\"clear:both\"></li></ul>\n|c|☆zetarin|/raw Has a 100% chance to lower the target&apos;s Speed by 1 stage.\n|c|☆zetarin|/raw <font size=\"1\"><span class=\"gray\">Priority:</span> 0&nbsp;|&ThickSpace;<span class=\"gray\">Generation:</span> 5&nbsp;|&ThickSpace;&#10003; Boosted by Sheer Force&nbsp;|&ThickSpace;<span class=\"gray\">Z-Power:</span> 100&nbsp;|&ThickSpace;<span class=\"gray\">Target:</span> Hits adjacent foes</font>\n\n|\n|t:|1788362578\n|switch|p2b: Espathra|Espathra, L50, M|16/100\n|turn|6\n|\n|t:|1788362590\n|move|p2a: Floette|Light of Ruin|p1a: Rotom\n|-damage|p1a: Rotom|0 fnt\n|faint|p1a: Rotom\n|-damage|p2a: Floette|0 fnt|[from] Recoil\n|faint|p2a: Floette\n|\n|win|zetarin\n|raw|maduracalientea5km's rating: 1056 &rarr; <strong>1035</strong><br />(-21 for losing)\n|raw|zetarin's rating: 1000 &rarr; <strong>1046</strong><br />(+46 for winning)\n","uploadtime":1788362598,"views":"0","formatid":"gen9championsvgc2026regmb","rating":1035,"private":0,"password":null}