{"id":"gen9championsvgc2026regmbbo3-2674054333","format":"[Gen 9 Champions] VGC 2026 Reg M-B (Bo3)","players":["euic","That_Leek"],"log":"|j|☆euic\n|j|☆That_Leek\n|html|<table width=\"100%\"><tr><td align=\"left\">euic</td><td align=\"right\">That_Leek</tr><tr><td align=\"left\"><i class=\"fa fa-circle-o\"></i> <i class=\"fa fa-circle-o\"></i> </td><td align=\"right\"><i class=\"fa fa-circle-o\"></i> <i class=\"fa fa-circle\"></i> </tr></table>\n|uhtml|bestof|<h2><strong>Game 2</strong> of <a href=\"/game-bestof3-gen9championsvgc2026regmbbo3-2674050852\">a best-of-3</a></h2>\n|t:|1788293126\n|gametype|doubles\n|player|p1|euic|1|1000\n|player|p2|That_Leek|blue-masters|1138\n|gen|9\n|tier|[Gen 9 Champions] VGC 2026 Reg M-B (Bo3)\n|rated|\n|rule|Species Clause: Limit one of each Pokémon\n|rule|Item Clause: Limit 1 of each item\n|clearpoke\n|poke|p1|Floette-Eternal, L50, F|\n|poke|p1|Incineroar, L50, M|\n|poke|p1|Garchomp, L50, F|\n|poke|p1|Sinistcha, L50|\n|poke|p1|Kingambit, L50, M|\n|poke|p1|Sneasler, L50, F|\n|poke|p2|Raichu, L50, F|\n|poke|p2|Kingambit, L50, M|\n|poke|p2|Dragonite, L50, F|\n|poke|p2|Ninetales-Alola, L50, F|\n|poke|p2|Sylveon, L50, F|\n|poke|p2|Incineroar, L50, F|\n|teampreview|4\n|showteam|p1|Floette-Eternal||Floettite|FlowerVeil|DrainingKiss,DazzlingGleam,CalmMind,Protect|Timid||F|||50|]Incineroar||Leftovers|Intimidate|HelpingHand,FlareBlitz,FakeOut,PartingShot|Careful||M|||50|]Garchomp||Garchompite|RoughSkin|RockSlide,StompingTantrum,Earthquake,Protect|Jolly||F|||50|]Sinistcha||SitrusBerry|Hospitality|MatchaGotcha,RagePowder,Protect,TrickRoom|Calm|||||50|]Kingambit||ChopleBerry|Defiant|KowtowCleave,Protect,IronHead,SuckerPunch|Adamant||M|||50|]Sneasler||FocusSash|PoisonTouch|DireClaw,Coaching,FakeOut,CloseCombat|Jolly||F|||50|\n|showteam|p2|Raichu||RaichuniteY|LightningRod|FakeOut,ZapCannon,FocusBlast,Protect|Timid||F|||50|]Kingambit||BlackGlasses|Defiant|KowtowCleave,SuckerPunch,Protect,SwordsDance|Adamant||M|||50|]Dragonite||LifeOrb|InnerFocus|DragonClaw,Tailwind,Superpower,Protect|Adamant||F|||50|]Ninetales-Alola||FocusSash|SnowWarning|Blizzard,IcyWind,Protect,FreezeDry|Timid||F|||50|]Sylveon||FairyFeather|Pixilate|HyperVoice,QuickAttack,CalmMind,Detect|Modest||F|||50|]Incineroar||LumBerry|Intimidate|FakeOut,FlareBlitz,PartingShot,ThroatChop|Impish||F|||50|\n|\n|t:|1788293155\n|teamsize|p1|4\n|teamsize|p2|4\n|start\n|switch|p1a: Floette|Floette-Eternal, L50, F|100/100\n|switch|p1b: Sneasler|Sneasler, L50, F|100/100\n|switch|p2a: Raichu|Raichu, L50, F|100/100\n|switch|p2b: Sylveon|Sylveon, L50, F|100/100\n|turn|1\n|\n|t:|1788293172\n|detailschange|p2a: Raichu|Raichu-Mega-Y, L50, F\n|-mega|p2a: Raichu|Raichu|Raichunite Y\n|detailschange|p1a: Floette|Floette-Mega, L50, F\n|-mega|p1a: Floette|Floette|Floettite\n|-ability|p1a: Floette|Fairy Aura\n|move|p2a: Raichu|Fake Out|p1b: Sneasler\n|-damage|p1b: Sneasler|85/100\n|cant|p1b: Sneasler|flinch\n|move|p1a: Floette|Calm Mind|p1a: Floette\n|-boost|p1a: Floette|spa|1\n|-boost|p1a: Floette|spd|1\n|move|p2b: Sylveon|Calm Mind|p2b: Sylveon\n|-boost|p2b: Sylveon|spa|1\n|-boost|p2b: Sylveon|spd|1\n|\n|upkeep\n|turn|2\n|\n|t:|1788293221\n|switch|p1b: Incineroar|Incineroar, L50, M|100/100\n|-ability|p1b: Incineroar|Intimidate|boost\n|-unboost|p2a: Raichu|atk|1\n|-unboost|p2b: Sylveon|atk|1\n|move|p2a: Raichu|Zap Cannon|p1b: Incineroar\n|-damage|p1b: Incineroar|50/100g\n|-status|p1b: Incineroar|par\n|move|p1a: Floette|Calm Mind|p1a: Floette\n|-boost|p1a: Floette|spa|1\n|-boost|p1a: Floette|spd|1\n|move|p2b: Sylveon|Hyper Voice|p1a: Floette|[spread] p1a,p1b\n|-damage|p1a: Floette|66/100\n|-damage|p1b: Incineroar|0 fnt\n|faint|p1b: Incineroar\n|\n|upkeep\n|\n|t:|1788293236\n|switch|p1b: Kingambit|Kingambit, L50, M|100/100\n|turn|3\n|\n|t:|1788293250\n|move|p1b: Kingambit|Protect|p1b: Kingambit\n|-singleturn|p1b: Kingambit|Protect\n|move|p2a: Raichu|Zap Cannon|p1b: Kingambit\n|-activate|p1b: Kingambit|move: Protect\n|move|p1a: Floette|Draining Kiss|p2a: Raichu\n|-damage|p2a: Raichu|14/100\n|-heal|p1a: Floette|100/100|[from] drain|[of] p2a: Raichu\n|move|p2b: Sylveon|Hyper Voice|p1a: Floette|[spread] p1a\n|-activate|p1b: Kingambit|move: Protect\n|-damage|p1a: Floette|66/100\n|\n|upkeep\n|turn|4\n|\n|t:|1788293280\n|move|p2a: Raichu|Protect|p2a: Raichu\n|-singleturn|p2a: Raichu|Protect\n|move|p1b: Kingambit|Sucker Punch||[still]\n|-fail|p1b: Kingambit\n|move|p1a: Floette|Dazzling Gleam|p2b: Sylveon|[spread] p2b\n|-activate|p2a: Raichu|move: Protect\n|-damage|p2b: Sylveon|53/100\n|move|p2b: Sylveon|Calm Mind|p2b: Sylveon\n|-boost|p2b: Sylveon|spa|1\n|-boost|p2b: Sylveon|spd|1\n|\n|upkeep\n|turn|5\n|\n|t:|1788293300\n|move|p2a: Raichu|Zap Cannon|p1b: Kingambit\n|-damage|p1b: Kingambit|35/100\n|-status|p1b: Kingambit|par\n|move|p1a: Floette|Dazzling Gleam|p2b: Sylveon|[spread] p2a,p2b\n|-damage|p2a: Raichu|0 fnt\n|-damage|p2b: Sylveon|20/100r\n|faint|p2a: Raichu\n|move|p2b: Sylveon|Hyper Voice|p1a: Floette|[spread] p1a,p1b\n|-damage|p1a: Floette|21/100\n|-damage|p1b: Kingambit|0 fnt\n|faint|p1b: Kingambit\n|\n|upkeep\n|\n|t:|1788293315\n|switch|p2a: Ninetales|Ninetales-Alola, L50, F|100/100\n|switch|p1b: Sneasler|Sneasler, L50, F|85/100\n|-weather|Snowscape|[from] ability: Snow Warning|[of] p2a: Ninetales\n|turn|6\n|\n|t:|1788293330\n|move|p2a: Ninetales|Protect|p2a: Ninetales\n|-singleturn|p2a: Ninetales|Protect\n|move|p1b: Sneasler|Dire Claw|p2b: Sylveon\n|-supereffective|p2b: Sylveon|1\n|-damage|p2b: Sylveon|0 fnt\n|faint|p2b: Sylveon\n|move|p1a: Floette|Draining Kiss|p2a: Ninetales\n|-activate|p2a: Ninetales|move: Protect\n|\n|-weather|Snowscape|[upkeep]\n|upkeep\n|\n|t:|1788293334\n|switch|p2b: Incineroar|Incineroar, L50, F|100/100\n|-ability|p2b: Incineroar|Intimidate|boost\n|-unboost|p1a: Floette|atk|1\n|-unboost|p1b: Sneasler|atk|1\n|turn|7\n|\n|t:|1788293351\n|move|p1a: Floette|Protect|p1a: Floette\n|-singleturn|p1a: Floette|Protect\n|move|p2b: Incineroar|Fake Out|p1b: Sneasler\n|-damage|p1b: Sneasler|67/100\n|cant|p1b: Sneasler|flinch\n|move|p2a: Ninetales|Blizzard|p1a: Floette|[spread] p1b\n|-activate|p1a: Floette|move: Protect\n|-damage|p1b: Sneasler|26/100\n|\n|-weather|Snowscape|[upkeep]\n|upkeep\n|turn|8\n|\n|t:|1788293373\n|move|p1b: Sneasler|Dire Claw|p2a: Ninetales\n|-supereffective|p2a: Ninetales|1\n|-damage|p2a: Ninetales|39/100\n|-status|p2a: Ninetales|slp\n|cant|p2a: Ninetales|slp\n|move|p1a: Floette|Draining Kiss|p2b: Incineroar\n|-damage|p2b: Incineroar|43/100\n|-heal|p1a: Floette|71/100|[from] drain|[of] p2b: Incineroar\n|move|p2b: Incineroar|Flare Blitz|p1a: Floette\n|-damage|p1a: Floette|28/100\n|-damage|p2b: Incineroar|31/100|[from] Recoil\n|\n|-weather|Snowscape|[upkeep]\n|upkeep\n|turn|9\n|c|☆That_Leek|damn\n|\n|t:|1788293389\n|move|p1b: Sneasler|Dire Claw|p2a: Ninetales\n|-supereffective|p2a: Ninetales|1\n|-damage|p2a: Ninetales|0 fnt\n|faint|p2a: Ninetales\n|move|p1a: Floette|Dazzling Gleam|p2b: Incineroar\n|-damage|p2b: Incineroar|0 fnt\n|faint|p2b: Incineroar\n|\n|win|euic\n||That_Leek is ready for game 3.\n||euic is ready for game 3.\n|uhtml|next|Next: <a href=\"/battle-gen9championsvgc2026regmbbo3-2674056560\"><strong>Game 3 of 3</strong></a>\n|l|☆That_Leek\n|player|p2|\n","uploadtime":1788294279,"views":"0","formatid":"gen9championsvgc2026regmbbo3","rating":null,"private":0,"password":null}