{"id":"gen9championsvgc2026regmb-2674990524","format":"[Gen 9 Champions] VGC 2026 Reg M-B","players":["gogozeppeli190","rushima"],"log":"|j|☆gogozeppeli190\n|j|☆rushima\n|t:|1788446026\n|gametype|doubles\n|player|p1|gogozeppeli190|170|1391\n|player|p2|rushima|hugh|1288\n|gen|9\n|tier|[Gen 9 Champions] VGC 2026 Reg M-B\n|rated|\n|rule|Species Clause: Limit one of each Pokémon\n|rule|Item Clause: Limit 1 of each item\n|clearpoke\n|poke|p1|Scovillain, L50, F, shiny|\n|poke|p1|Basculegion, L50, M|\n|poke|p1|Kingambit, L50, F|\n|poke|p1|Sneasler, L50, F|\n|poke|p1|Lycanroc-Dusk, L50, F|\n|poke|p1|Froslass, L50, F|\n|poke|p2|Samurott-Hisui, L50, M, shiny|\n|poke|p2|Garchomp, L50, F|\n|poke|p2|Sinistcha-Masterpiece, L50|\n|poke|p2|Sneasler, L50, F|\n|poke|p2|Delphox, L50, F, shiny|\n|poke|p2|Whimsicott, L50, F, shiny|\n|teampreview|4\n|inactive|Battle timer is ON: inactive players will automatically lose when time's up. (requested by rushima)\n|inactive|gogozeppeli190 has 60 seconds left.\n|inactive|gogozeppeli190 has 30 seconds left.\n|inactive|gogozeppeli190 has 20 seconds left.\n|\n|t:|1788446098\n|teamsize|p1|4\n|teamsize|p2|4\n|start\n|switch|p1a: Scovillain|Scovillain, L50, F, shiny|100/100\n|switch|p1b: Kingambit|Kingambit, L50, F|100/100\n|switch|p2a: Sara|Delphox, L50, F, shiny|100/100\n|switch|p2b: Patricia|Sneasler, L50, F|100/100\n|turn|1\n|inactive|gogozeppeli190 has 30 seconds left.\n|inactive|gogozeppeli190 has 20 seconds left.\n|\n|t:|1788446135\n|switch|p1b: Basculegion|Basculegion, L50, M|100/100\n|detailschange|p2a: Sara|Delphox-Mega, L50, F, shiny\n|-mega|p2a: Sara|Delphox|Delphoxite\n|detailschange|p1a: Scovillain|Scovillain-Mega, L50, F, shiny\n|-mega|p1a: Scovillain|Scovillain|Scovillainite\n|move|p2b: Patricia|Fake Out|p1b: Basculegion\n|-immune|p1b: Basculegion\n|move|p2a: Sara|Heat Wave|p1b: Basculegion|[spread] p1b\n|-miss|p2a: Sara|p1a: Scovillain\n|-resisted|p1b: Basculegion|1\n|-damage|p1b: Basculegion|75/100\n|move|p1a: Scovillain|Overheat|p2b: Patricia\n|-damage|p2b: Patricia|17/100\n|-unboost|p1a: Scovillain|spa|2\n|\n|upkeep\n|turn|2\n|inactive|gogozeppeli190 has 30 seconds left.\n|\n|t:|1788446168\n|move|p2a: Sara|Protect|p2a: Sara\n|-singleturn|p2a: Sara|Protect\n|move|p1a: Scovillain|Rage Powder|p1a: Scovillain\n|-singleturn|p1a: Scovillain|move: Rage Powder\n|move|p1b: Basculegion|Aqua Jet|p2a: Sara\n|-activate|p2a: Sara|move: Protect\n|move|p2b: Patricia|Dire Claw|p1a: Scovillain\n|-supereffective|p1a: Scovillain|1\n|-damage|p1a: Scovillain|15/100\n|-status|p1a: Scovillain|psn\n|-status|p2b: Patricia|brn|[from] ability: Spicy Spray|[of] p1a: Scovillain\n|\n|-damage|p1a: Scovillain|3/100 psn|[from] psn\n|-damage|p2b: Patricia|11/100 brn|[from] brn\n|upkeep\n|turn|3\n|\n|t:|1788446190\n|switch|p2a: Simón|Samurott-Hisui, L50, M, shiny|100/100\n|move|p2b: Patricia|Close Combat|p1a: Scovillain\n|-damage|p1a: Scovillain|0 fnt\n|-unboost|p2b: Patricia|def|1\n|-unboost|p2b: Patricia|spd|1\n|faint|p1a: Scovillain\n|-enditem|p2b: Patricia|White Herb\n|-clearnegativeboost|p2b: Patricia|[silent]\n|move|p1b: Basculegion|Wave Crash|p2a: Simón\n|-resisted|p2a: Simón|1\n|-damage|p2a: Simón|43/100\n|-damage|p1b: Basculegion|57/100|[from] Recoil\n|-damage|p1b: Basculegion|47/100|[from] item: Life Orb\n|\n|-damage|p2b: Patricia|5/100 brn|[from] brn\n|upkeep\n|\n|t:|1788446208\n|switch|p1a: Sneasler|Sneasler, L50, F|100/100\n|turn|4\n|\n|t:|1788446227\n|switch|p2b: Grace|Garchomp, L50, F|100/100\n|switch|p1b: Kingambit|Kingambit, L50, F|100/100\n|move|p2a: Simón|Protect|p2a: Simón\n|-singleturn|p2a: Simón|Protect\n|move|p1a: Sneasler|Dire Claw|p2a: Simón\n|-activate|p2a: Simón|move: Protect\n|\n|upkeep\n|turn|5\n|inactive|gogozeppeli190 has 30 seconds left.\n|inactive|gogozeppeli190 has 20 seconds left.\n|inactive|gogozeppeli190 has 15 seconds left.\n|inactive|gogozeppeli190 has 10 seconds left.\n|inactive|gogozeppeli190 has 5 seconds left.\n|\n|t:|1788446277\n|switch|p2a: Sara|Delphox-Mega, L50, F, shiny|100/100\n|move|p1a: Sneasler|Close Combat|p2b: Grace\n|-damage|p2b: Grace|37/100\n|-unboost|p1a: Sneasler|def|1\n|-unboost|p1a: Sneasler|spd|1\n|-damage|p1a: Sneasler|87/100|[from] ability: Rough Skin|[of] p2b: Grace\n|-enditem|p1a: Sneasler|White Herb\n|-clearnegativeboost|p1a: Sneasler|[silent]\n|move|p2b: Grace|Earthquake|p1b: Kingambit|[spread] p1a,p1b\n|-immune|p2a: Sara|[from] ability: Levitate\n|-supereffective|p1a: Sneasler|1\n|-supereffective|p1b: Kingambit|1\n|-damage|p1a: Sneasler|0 fnt\n|-damage|p1b: Kingambit|30/100\n|faint|p1a: Sneasler\n|move|p1b: Kingambit|Swords Dance|p1b: Kingambit\n|-boost|p1b: Kingambit|atk|2\n|\n|upkeep\n|\n|t:|1788446285\n|switch|p1a: Basculegion|Basculegion, L50, M|47/100\n|turn|6\n|inactive|rushima has 30 seconds left.\n|\n|t:|1788446311\n|switch|p2b: Simón|Samurott-Hisui, L50, M, shiny|43/100\n|move|p1a: Basculegion|Aqua Jet|p2a: Sara\n|-supereffective|p2a: Sara|1\n|-damage|p2a: Sara|0 fnt\n|faint|p2a: Sara\n|-damage|p1a: Basculegion|38/100|[from] item: Life Orb\n|move|p1b: Kingambit|Sucker Punch||[still]\n|-fail|p1b: Kingambit\n|\n|upkeep\n|\n|t:|1788446323\n|switch|p2a: Patricia|Sneasler, L50, F|5/100 brn\n|turn|7\n|inactive|gogozeppeli190 has 30 seconds left.\n|\n|t:|1788446349\n|move|p1a: Basculegion|Protect|p1a: Basculegion\n|-singleturn|p1a: Basculegion|Protect\n|move|p1b: Kingambit|Protect|p1b: Kingambit\n|-singleturn|p1b: Kingambit|Protect\n|move|p2a: Patricia|Fake Out|p1b: Kingambit\n|-activate|p1b: Kingambit|move: Protect\n|move|p2b: Simón|Night Slash|p1a: Basculegion\n|-activate|p1a: Basculegion|move: Protect\n|\n|-damage|p2a: Patricia|0 fnt|[from] brn\n|faint|p2a: Patricia\n|upkeep\n|\n|t:|1788446366\n|switch|p2a: Grace|Garchomp, L50, F|37/100\n|turn|8\n|\n|t:|1788446384\n|move|p2a: Grace|Protect|p2a: Grace\n|-singleturn|p2a: Grace|Protect\n|move|p1b: Kingambit|Sucker Punch||[still]\n|-fail|p1b: Kingambit\n|move|p1a: Basculegion|Wave Crash|p2b: Simón\n|-resisted|p2b: Simón|1\n|-damage|p2b: Simón|0 fnt\n|faint|p2b: Simón\n|-damage|p1a: Basculegion|24/100|[from] Recoil\n|-damage|p1a: Basculegion|14/100|[from] item: Life Orb\n|\n|upkeep\n|turn|9\n|\n|t:|1788446399\n|move|p1b: Kingambit|Sucker Punch|p2a: Grace\n|-damage|p2a: Grace|0 fnt\n|-damage|p1b: Kingambit|18/100|[from] ability: Rough Skin|[of] p2a: Grace\n|faint|p2a: Grace\n|\n|win|gogozeppeli190\n|raw|gogozeppeli190's rating: 1391 &rarr; <strong>1405</strong><br />(+14 for winning)\n|raw|rushima's rating: 1288 &rarr; <strong>1270</strong><br />(-18 for losing)\n|l|☆rushima\n|player|p2|\n","uploadtime":1788446427,"views":"14","formatid":"gen9championsvgc2026regmb","rating":1270,"private":0,"password":null}