{"id":"gen9championsvgc2026regmb-2673859844","format":"[Gen 9 Champions] VGC 2026 Reg M-B","players":["zero to hero rand","Thornlace48812"],"log":"|j|☆zero to hero rand\n|j|☆Thornlace48812\n|t:|1788269681\n|gametype|doubles\n|player|p1|zero to hero rand|265|1144\n|player|p2|Thornlace48812|102|1086\n|gen|9\n|tier|[Gen 9 Champions] VGC 2026 Reg M-B\n|rated|\n|rule|Species Clause: Limit one of each Pokémon\n|rule|Item Clause: Limit 1 of each item\n|clearpoke\n|poke|p1|Skarmory, L50, M|\n|poke|p1|Froslass, L50, F|\n|poke|p1|Kommo-o, L50, F|\n|poke|p1|Milotic, L50, M|\n|poke|p1|Whimsicott, L50, M|\n|poke|p1|Lycanroc-Dusk, L50, F|\n|poke|p2|Garchomp, L50, F|\n|poke|p2|Charizard, L50, F|\n|poke|p2|Whimsicott, L50, F|\n|poke|p2|Sylveon, L50, M|\n|poke|p2|Kingambit, L50, F|\n|poke|p2|Basculegion, L50, M|\n|teampreview|4\n|inactive|Battle timer is ON: inactive players will automatically lose when time's up. (requested by Thornlace48812)\nThornlace48812 rejected open team sheets.\n|inactive|zero to hero rand has 60 seconds left.\n|\n|t:|1788269724\n|teamsize|p1|4\n|teamsize|p2|4\n|start\n|switch|p1a: Skarmory|Skarmory, L50, M|100/100\n|switch|p1b: Whimsicott|Whimsicott, L50, M|100/100\n|switch|p2a: Charizard|Charizard, L50, F|100/100\n|switch|p2b: Sylveon|Sylveon, L50, M|100/100\n|turn|1\n|\n|t:|1788269735\n|detailschange|p2a: Charizard|Charizard-Mega-Y, L50, F\n|-mega|p2a: Charizard|Charizard|Charizardite Y\n|-weather|SunnyDay|[from] ability: Drought|[of] p2a: Charizard\n|detailschange|p1a: Skarmory|Skarmory-Mega, L50, M\n|-mega|p1a: Skarmory|Skarmory|Skarmorite\n|move|p1b: Whimsicott|Moonblast|p2b: Sylveon\n|-damage|p2b: Sylveon|64/100\n|move|p1a: Skarmory|Rock Slide|p2a: Charizard|[spread] p2a,p2b\n|-supereffective|p2a: Charizard|2\n|-damage|p2a: Charizard|0 fnt\n|-damage|p2b: Sylveon|35/100\n|faint|p2a: Charizard\n|move|p2b: Sylveon|Hyper Voice|p1b: Whimsicott|[spread] p1a,p1b\n|-resisted|p1a: Skarmory|1\n|-damage|p1a: Skarmory|70/100\n|-damage|p1b: Whimsicott|14/100\n|\n|-weather|SunnyDay|[upkeep]\n|upkeep\n|\n|t:|1788269736\n|switch|p2a: Basculegion|Basculegion, L50, M|100/100\n|turn|2\n|\n|t:|1788269754\n|move|p2b: Sylveon|Detect|p2b: Sylveon\n|-singleturn|p2b: Sylveon|Protect\n|move|p1b: Whimsicott|Energy Ball|p2a: Basculegion\n|-supereffective|p2a: Basculegion|1\n|-damage|p2a: Basculegion|28/100\n|move|p1a: Skarmory|Iron Head|p2b: Sylveon\n|-activate|p2b: Sylveon|move: Protect\n|move|p2a: Basculegion|Last Respects|p1a: Skarmory\n|-damage|p1a: Skarmory|0 fnt\n|faint|p1a: Skarmory\n|\n|-weather|SunnyDay|[upkeep]\n|upkeep\n|\n|t:|1788269769\n|switch|p1a: Lycanroc|Lycanroc-Dusk, L50, F|100/100\n|turn|3\n|\n|t:|1788269780\n|move|p2a: Basculegion|Protect|p2a: Basculegion\n|-singleturn|p2a: Basculegion|Protect\n|move|p1b: Whimsicott|Encore|p2b: Sylveon\n|-start|p2b: Sylveon|Encore\n|move|p2b: Sylveon|Detect||[still]\n|-fail|p2b: Sylveon\n|move|p1a: Lycanroc|Rock Slide|p2b: Sylveon|[spread] \n|-activate|p2a: Basculegion|move: Protect\n|-miss|p1a: Lycanroc|p2b: Sylveon\n|\n|-weather|SunnyDay|[upkeep]\n|upkeep\n|turn|4\n|\n|t:|1788269793\n|move|p1a: Lycanroc|Protect|p1a: Lycanroc\n|-singleturn|p1a: Lycanroc|Protect\n|move|p2b: Sylveon|Detect|p2b: Sylveon\n|-singleturn|p2b: Sylveon|Protect\n|move|p1b: Whimsicott|Energy Ball|p2a: Basculegion\n|-supereffective|p2a: Basculegion|1\n|-damage|p2a: Basculegion|0 fnt\n|faint|p2a: Basculegion\n|\n|-weather|SunnyDay|[upkeep]\n|upkeep\n|\n|t:|1788269793\n|switch|p2a: Kingambit|Kingambit, L50, F|100/100\n|-activate|p2a: Kingambit|ability: Supreme Overlord\n|-start|p2a: Kingambit|fallen2|[silent]\n|turn|5\n|\n|t:|1788269802\n|move|p2b: Sylveon|Detect|p2b: Sylveon\n|-singleturn|p2b: Sylveon|Protect\n|move|p1b: Whimsicott|Moonblast|p2b: Sylveon\n|-activate|p2b: Sylveon|move: Protect\n|move|p1a: Lycanroc|Close Combat|p2a: Kingambit\n|-supereffective|p2a: Kingambit|2\n|-damage|p2a: Kingambit|0 fnt\n|-unboost|p1a: Lycanroc|def|1\n|-unboost|p1a: Lycanroc|spd|1\n|faint|p2a: Kingambit\n|-end|p2a: Kingambit|fallen2|[silent]\n|\n|-weather|none\n|-end|p2b: Sylveon|Encore\n|upkeep\n|turn|6\n|\n|t:|1788269819\n|move|p1a: Lycanroc|Accelerock|p2b: Sylveon\n|-damage|p2b: Sylveon|0 fnt\n|faint|p2b: Sylveon\n|\n|win|zero to hero rand\n|raw|zero to hero rand's rating: 1144 &rarr; <strong>1164</strong><br />(+20 for winning)\n|raw|Thornlace48812's rating: 1071 &rarr; <strong>1055</strong><br />(-16 for losing)\n","uploadtime":1788269819,"views":"1","formatid":"gen9championsvgc2026regmb","rating":1055,"private":0,"password":null}