{"id":"gen9championsvgc2026regmb-2674101209","format":"[Gen 9 Champions] VGC 2026 Reg M-B","players":["Snibreon","chk tble"],"log":"|j|☆Snibreon\n|j|☆chk tble\n|t:|1788299277\n|gametype|doubles\n|player|p1|Snibreon|265|\n|player|p2|chk tble|169|\n|gen|9\n|tier|[Gen 9 Champions] VGC 2026 Reg M-B\n|rule|Species Clause: Limit one of each Pokémon\n|rule|Item Clause: Limit 1 of each item\n|clearpoke\n|poke|p1|Politoed, L50, M|\n|poke|p1|Swampert, L50, M|\n|poke|p1|Incineroar, L50, F|\n|poke|p1|Vivillon-Monsoon, L50, M|\n|poke|p1|Archaludon, L50, M|\n|poke|p1|Gengar, L50, F|\n|poke|p2|Staraptor, L50, F|\n|poke|p2|Charizard, L50, F|\n|poke|p2|Clefable, L50, F|\n|poke|p2|Grimmsnarl, L50, M|\n|poke|p2|Dragapult, L50, F|\n|poke|p2|Rotom-Wash, L50|\n|teampreview|4\n|\n|t:|1788299379\n|teamsize|p1|4\n|teamsize|p2|4\n|start\n|switch|p1a: Archaludon|Archaludon, L50, M|100/100\n|switch|p1b: Politoed|Politoed, L50, M|100/100\n|switch|p2a: Grimmsnarl|Grimmsnarl, L50, M|100/100\n|switch|p2b: Staraptor|Staraptor, L50, F|100/100\n|-ability|p2b: Staraptor|Intimidate|boost\n|-unboost|p1a: Archaludon|atk|1\n|-unboost|p1b: Politoed|atk|1\n|-weather|RainDance|[from] ability: Drizzle|[of] p1b: Politoed\n|turn|1\n|\n|t:|1788299411\n|detailschange|p2b: Staraptor|Staraptor-Mega, L50, F\n|-mega|p2b: Staraptor|Staraptor|Staraptite\n|move|p2a: Grimmsnarl|Light Screen|p2a: Grimmsnarl\n|-sidestart|p2: chk tble|move: Light Screen\n|move|p2b: Staraptor|Close Combat|p1a: Archaludon\n|-supereffective|p1a: Archaludon|1\n|-damage|p1a: Archaludon|7/100\n|-boost|p2b: Staraptor|def|1\n|-boost|p2b: Staraptor|spd|1\n|-ability|p1a: Archaludon|Stamina|boost\n|-boost|p1a: Archaludon|def|1\n|move|p1a: Archaludon|Electro Shot||[still]\n|-prepare|p1a: Archaludon|Electro Shot\n|-boost|p1a: Archaludon|spa|1\n|-anim|p1a: Archaludon|Electro Shot|p2b: Staraptor\n|-supereffective|p2b: Staraptor|1\n|-damage|p2b: Staraptor|36/100\n|move|p1b: Politoed|Encore|p2a: Grimmsnarl\n|-start|p2a: Grimmsnarl|Encore\n|\n|-weather|RainDance|[upkeep]\n|-heal|p1a: Archaludon|13/100|[from] item: Leftovers\n|upkeep\n|turn|2\n|\n|t:|1788299448\n|switch|p2a: Clefable|Clefable, L50, F|100/100\n|move|p1a: Archaludon|Protect|p1a: Archaludon\n|-singleturn|p1a: Archaludon|Protect\n|move|p2b: Staraptor|Close Combat|p1a: Archaludon\n|-activate|p1a: Archaludon|move: Protect\n|move|p1b: Politoed|Weather Ball|p2b: Staraptor\n|-damage|p2b: Staraptor|9/100\n|\n|-weather|RainDance|[upkeep]\n|-heal|p1a: Archaludon|19/100|[from] item: Leftovers\n|upkeep\n|turn|3\n|\n|t:|1788299477\n|move|p2b: Staraptor|Protect|p2b: Staraptor\n|-singleturn|p2b: Staraptor|Protect\n|move|p1a: Archaludon|Flash Cannon|p2a: Clefable\n|-supereffective|p2a: Clefable|1\n|-enditem|p2a: Clefable|Babiri Berry|[eat]\n|-enditem|p2a: Clefable|Babiri Berry|[weaken]\n|-damage|p2a: Clefable|72/100\n|-unboost|p2a: Clefable|spd|1\n|move|p1b: Politoed|Weather Ball|p2b: Staraptor\n|-activate|p2b: Staraptor|move: Protect\n|move|p2a: Clefable|Life Dew|p2a: Clefable|[spread] p2a,p2b\n|-heal|p2a: Clefable|97/100\n|-heal|p2b: Staraptor|34/100\n|\n|-weather|RainDance|[upkeep]\n|-heal|p1a: Archaludon|25/100|[from] item: Leftovers\n|upkeep\n|turn|4\n|\n|t:|1788299509\n|move|p1a: Archaludon|Protect|p1a: Archaludon\n|-singleturn|p1a: Archaludon|Protect\n|move|p2a: Clefable|Follow Me|p2a: Clefable\n|-singleturn|p2a: Clefable|move: Follow Me\n|move|p2b: Staraptor|Close Combat|p1a: Archaludon\n|-activate|p1a: Archaludon|move: Protect\n|move|p1b: Politoed|Weather Ball|p2a: Clefable\n|-damage|p2a: Clefable|64/100\n|\n|-weather|RainDance|[upkeep]\n|-heal|p1a: Archaludon|31/100|[from] item: Leftovers\n|upkeep\n|turn|5\n|\n|t:|1788299536\n|move|p2a: Clefable|Follow Me|p2a: Clefable\n|-singleturn|p2a: Clefable|move: Follow Me\n|move|p2b: Staraptor|Close Combat|p1a: Archaludon\n|-supereffective|p1a: Archaludon|1\n|-damage|p1a: Archaludon|0 fnt\n|-boost|p2b: Staraptor|def|1\n|-boost|p2b: Staraptor|spd|1\n|faint|p1a: Archaludon\n|move|p1b: Politoed|Weather Ball|p2a: Clefable\n|-damage|p2a: Clefable|29/100\n|\n|-weather|none\n|upkeep\n|\n|t:|1788299548\n|switch|p1a: Swampert|Swampert, L50, M|100/100\n|turn|6\n|\n|t:|1788299567\n|detailschange|p1a: Swampert|Swampert-Mega, L50, M\n|-mega|p1a: Swampert|Swampert|Swampertite\n|move|p2a: Clefable|Follow Me|p2a: Clefable\n|-singleturn|p2a: Clefable|move: Follow Me\n|move|p2b: Staraptor|Close Combat|p1a: Swampert\n|-damage|p1a: Swampert|40/100\n|-boost|p2b: Staraptor|def|1\n|-boost|p2b: Staraptor|spd|1\n|move|p1a: Swampert|Wave Crash|p2a: Clefable\n|-damage|p2a: Clefable|0 fnt\n|faint|p2a: Clefable\n|-damage|p1a: Swampert|28/100|[from] Recoil\n|move|p1b: Politoed|Weather Ball|p2b: Staraptor\n|-damage|p2b: Staraptor|30/100\n|\n|upkeep\n|\n|t:|1788299586\n|switch|p2a: Grimmsnarl|Grimmsnarl, L50, M|100/100\n|turn|7\n|\n|t:|1788299604\n|switch|p1b: Incineroar|Incineroar, L50, F|100/100\n|-ability|p1b: Incineroar|Intimidate|boost\n|-unboost|p2a: Grimmsnarl|atk|1\n|-boost|p2b: Staraptor|atk|1\n|move|p1a: Swampert|Protect|p1a: Swampert\n|-singleturn|p1a: Swampert|Protect\n|move|p2a: Grimmsnarl|Reflect|p2a: Grimmsnarl\n|-sidestart|p2: chk tble|Reflect\n|move|p2b: Staraptor|Close Combat|p1a: Swampert\n|-activate|p1a: Swampert|move: Protect\n|\n|upkeep\n|turn|8\n|\n|t:|1788299621\n|switch|p1a: Politoed|Politoed, L50, M|100/100\n|-weather|RainDance|[from] ability: Drizzle|[of] p1a: Politoed\n|move|p1b: Incineroar|Fake Out|p2b: Staraptor\n|-damage|p2b: Staraptor|27/100\n|move|p2a: Grimmsnarl|Light Screen||[still]\n|-fail|p2a: Grimmsnarl\n|cant|p2b: Staraptor|flinch\n|\n|-weather|RainDance|[upkeep]\n|-sideend|p2: chk tble|move: Light Screen\n|upkeep\n|turn|9\n|\n|t:|1788299644\n|move|p2b: Staraptor|Close Combat|p1b: Incineroar\n|-supereffective|p1b: Incineroar|1\n|-damage|p1b: Incineroar|0 fnt\n|-boost|p2b: Staraptor|def|1\n|-boost|p2b: Staraptor|spd|1\n|faint|p1b: Incineroar\n|move|p1a: Politoed|Weather Ball|p2b: Staraptor\n|-damage|p2b: Staraptor|7/100\n|move|p2a: Grimmsnarl|Throat Chop|p1a: Politoed\n|-damage|p1a: Politoed|73/100\n|-start|p1a: Politoed|Throat Chop|[silent]\n|\n|-weather|RainDance|[upkeep]\n|upkeep\n|\n|t:|1788299653\n|switch|p1b: Swampert|Swampert-Mega, L50, M|28/100\n|turn|10\n|\n|t:|1788299678\n|move|p1b: Swampert|Protect|p1b: Swampert\n|-singleturn|p1b: Swampert|Protect\n|move|p2b: Staraptor|Close Combat|p1b: Swampert\n|-activate|p1b: Swampert|move: Protect\n|move|p1a: Politoed|Weather Ball|p2b: Staraptor\n|-damage|p2b: Staraptor|0 fnt\n|faint|p2b: Staraptor\n|move|p2a: Grimmsnarl|Throat Chop|p1a: Politoed\n|-damage|p1a: Politoed|48/100\n|-enditem|p1a: Politoed|Sitrus Berry|[eat]\n|-heal|p1a: Politoed|73/100|[from] item: Sitrus Berry\n|\n|-weather|RainDance|[upkeep]\n|-end|p1a: Politoed|Throat Chop|[silent]\n|upkeep\n|\n|t:|1788299690\n|switch|p2b: Dragapult|Dragapult, L50, F|100/100\n|turn|11\n|\n|t:|1788299711\n|move|p1b: Swampert|Protect|p1b: Swampert\n|-singleturn|p1b: Swampert|Protect\n|move|p2b: Dragapult|Dragon Pulse|p1b: Swampert\n|-activate|p1b: Swampert|move: Protect\n|move|p1a: Politoed|Weather Ball|p2a: Grimmsnarl\n|-damage|p2a: Grimmsnarl|46/100\n|move|p2a: Grimmsnarl|Throat Chop|p1b: Swampert\n|-activate|p1b: Swampert|move: Protect\n|\n|-weather|RainDance|[upkeep]\n|upkeep\n|turn|12\n|\n|t:|1788299727\n|move|p1b: Swampert|Ice Punch|p2b: Dragapult\n|-supereffective|p2b: Dragapult|1\n|-damage|p2b: Dragapult|41/100\n|move|p2b: Dragapult|Dragon Pulse|p1b: Swampert\n|-damage|p1b: Swampert|0 fnt\n|faint|p1b: Swampert\n|-damage|p2b: Dragapult|31/100|[from] item: Life Orb\n|move|p1a: Politoed|Weather Ball|p2a: Grimmsnarl\n|-damage|p2a: Grimmsnarl|0 fnt\n|faint|p2a: Grimmsnarl\n|\n|-weather|none\n|upkeep\n|turn|13\n|\n|t:|1788299745\n|move|p2b: Dragapult|Dragon Pulse|p1a: Politoed\n|-damage|p1a: Politoed|39/100\n|-damage|p2b: Dragapult|21/100|[from] item: Life Orb\n|move|p1a: Politoed|Perish Song|p1a: Politoed\n|-start|p1a: Politoed|perish3|[silent]\n|-start|p2b: Dragapult|perish3|[silent]\n|-fieldactivate|move: Perish Song\n|\n|-start|p2b: Dragapult|perish3\n|-start|p1a: Politoed|perish3\n|upkeep\n|turn|14\n|\n|t:|1788299755\n|move|p1a: Politoed|Protect|p1a: Politoed\n|-singleturn|p1a: Politoed|Protect\n|move|p2b: Dragapult|Dragon Pulse|p1a: Politoed\n|-activate|p1a: Politoed|move: Protect\n|\n|-start|p2b: Dragapult|perish2\n|-start|p1a: Politoed|perish2\n|-sideend|p2: chk tble|Reflect\n|upkeep\n|turn|15\n|\n|t:|1788299766\n|move|p1a: Politoed|Protect||[still]\n|-fail|p1a: Politoed\n|move|p2b: Dragapult|Dragon Pulse|p1a: Politoed\n|-damage|p1a: Politoed|1/100\n|-damage|p2b: Dragapult|12/100|[from] item: Life Orb\n|\n|-start|p2b: Dragapult|perish1\n|-start|p1a: Politoed|perish1\n|upkeep\n|turn|16\n|\n|t:|1788299776\n|move|p1a: Politoed|Protect|p1a: Politoed\n|-singleturn|p1a: Politoed|Protect\n|move|p2b: Dragapult|Flamethrower|p1a: Politoed\n|-activate|p1a: Politoed|move: Protect\n|\n|-start|p2b: Dragapult|perish0\n|-start|p1a: Politoed|perish0\n|faint|p2b: Dragapult\n|faint|p1a: Politoed\n|\n|win|Snibreon\n","uploadtime":1788299792,"views":"4","formatid":"gen9championsvgc2026regmb","rating":null,"private":0,"password":null}