{"id":"gen9championsvgc2026regmbbo3-2673848954","format":"[Gen 9 Champions] VGC 2026 Reg M-B (Bo3)","players":["humania1","Kk1pper1314"],"log":"|j|☆humania1\n|j|☆Kk1pper1314\n|html|<table width=\"100%\"><tr><td align=\"left\">humania1</td><td align=\"right\">Kk1pper1314</tr><tr><td align=\"left\"><i class=\"fa fa-circle-o\"></i> <i class=\"fa fa-circle-o\"></i> </td><td align=\"right\"><i class=\"fa fa-circle-o\"></i> <i class=\"fa fa-circle\"></i> </tr></table>\n|uhtml|bestof|<h2><strong>Game 2</strong> of <a href=\"/game-bestof3-gen9championsvgc2026regmbbo3-2673847721\">a best-of-3</a></h2>\n|t:|1788268111\n|gametype|doubles\n|player|p1|humania1|265|1056\n|player|p2|Kk1pper1314|102|1151\n|gen|9\n|tier|[Gen 9 Champions] VGC 2026 Reg M-B (Bo3)\n|rated|\n|rule|Species Clause: Limit one of each Pokémon\n|rule|Item Clause: Limit 1 of each item\n|clearpoke\n|poke|p1|Blastoise, L50, M|\n|poke|p1|Delphox, L50, F, shiny|\n|poke|p1|Incineroar, L50, M|\n|poke|p1|Sinistcha, L50|\n|poke|p1|Sneasler, L50, F|\n|poke|p1|Vivillon, L50, M|\n|poke|p2|Swampert, L50, F|\n|poke|p2|Grimmsnarl, L50, M|\n|poke|p2|Pelipper, L50, M|\n|poke|p2|Archaludon, L50, F|\n|poke|p2|Venusaur, L50, F|\n|poke|p2|Charizard, L50, F|\n|teampreview|4\n|showteam|p1|Blastoise||Blastoisinite|Torrent|Protect,ShellSmash,WaterSpout,DarkPulse|Modest||M|||50|]Delphox||Delphoxite|Blaze|Protect,HeatWave,Psyshock,NastyPlot|Timid||F|||50|]Incineroar||PasshoBerry|Intimidate|FakeOut,PartingShot,FlareBlitz,ThroatChop|Impish||M|||50|]Sinistcha||SitrusBerry|Hospitality|Protect,MatchaGotcha,TrickRoom,RagePowder|Bold|||||50|]Sneasler||FocusSash|PoisonTouch|QuickGuard,FakeOut,CloseCombat,DireClaw|Jolly||F|||50|]Vivillon||ChoiceScarf|CompoundEyes|Hurricane,SleepPowder,RagePowder,Uturn|Timid||M|||50|\n|showteam|p2|Swampert||Swampertite|Torrent|WaveCrash,Earthquake,IcePunch,Protect|Adamant||F|||50|]Grimmsnarl||LightClay|Prankster|PartingShot,SpiritBreak,LightScreen,Reflect|Careful||M|||50|]Pelipper||SitrusBerry|Drizzle|Hurricane,Tailwind,WeatherBall,Protect|Modest||M|||50|]Archaludon||Leftovers|Stamina|ElectroShot,FlashCannon,DragonPulse,Protect|Calm||F|||50|]Venusaur||FocusSash|Chlorophyll|LeafStorm,SludgeBomb,SleepPowder,Protect|Timid||F|||50|]Charizard||CharizarditeY|Blaze|HeatWave,WeatherBall,SolarBeam,Protect|Modest||F|||50|\n|inactive|Battle timer is ON: inactive players will automatically lose when time's up. (requested by humania1)\n|inactive|Kk1pper1314 also wants the timer to be on.\n|inactive|Kk1pper1314 has 60 seconds left.\n|\n|t:|1788268155\n|teamsize|p1|4\n|teamsize|p2|4\n|start\n|switch|p1a: Delphox|Delphox, L50, F, shiny|100/100\n|switch|p1b: Incineroar|Incineroar, L50, M|100/100\n|switch|p2a: Swampert|Swampert, L50, F|100/100\n|switch|p2b: Grimmsnarl|Grimmsnarl, L50, M|100/100\n|-ability|p1b: Incineroar|Intimidate|boost\n|-unboost|p2a: Swampert|atk|1\n|-unboost|p2b: Grimmsnarl|atk|1\n|turn|1\n|\n|t:|1788268172\n|detailschange|p1a: Delphox|Delphox-Mega, L50, F, shiny\n|-mega|p1a: Delphox|Delphox|Delphoxite\n|detailschange|p2a: Swampert|Swampert-Mega, L50, F\n|-mega|p2a: Swampert|Swampert|Swampertite\n|move|p2b: Grimmsnarl|Light Screen|p2b: Grimmsnarl\n|-sidestart|p2: Kk1pper1314|move: Light Screen\n|move|p1a: Delphox|Heat Wave|p2a: Swampert|[spread] p2a,p2b\n|-resisted|p2a: Swampert|1\n|-damage|p2a: Swampert|88/100\n|-damage|p2b: Grimmsnarl|77/100\n|-status|p2a: Swampert|brn\n|move|p2a: Swampert|Wave Crash|p1b: Incineroar\n|-supereffective|p1b: Incineroar|1\n|-enditem|p1b: Incineroar|Passho Berry|[eat]\n|-enditem|p1b: Incineroar|Passho Berry|[weaken]\n|-damage|p1b: Incineroar|82/100\n|-damage|p2a: Swampert|82/100 brn|[from] Recoil\n|move|p1b: Incineroar|Flare Blitz|p2b: Grimmsnarl\n|-damage|p2b: Grimmsnarl|27/100\n|-status|p2b: Grimmsnarl|brn\n|-damage|p1b: Incineroar|65/100|[from] Recoil\n|\n|-damage|p2a: Swampert|75/100 brn|[from] brn\n|-damage|p2b: Grimmsnarl|21/100 brn|[from] brn\n|upkeep\n|turn|2\n|inactive|Kk1pper1314 has 30 seconds left.\n|\n|t:|1788268203\n|move|p1a: Delphox|Protect|p1a: Delphox\n|-singleturn|p1a: Delphox|Protect\n|move|p2b: Grimmsnarl|Parting Shot|p1a: Delphox\n|-activate|p1a: Delphox|move: Protect\n|move|p2a: Swampert|Wave Crash|p1b: Incineroar\n|-supereffective|p1b: Incineroar|1\n|-damage|p1b: Incineroar|30/100\n|-damage|p2a: Swampert|63/100 brn|[from] Recoil\n|move|p1b: Incineroar|Flare Blitz|p2b: Grimmsnarl\n|-crit|p2b: Grimmsnarl\n|-damage|p2b: Grimmsnarl|0 fnt\n|faint|p2b: Grimmsnarl\n|-damage|p1b: Incineroar|23/100|[from] Recoil\n|\n|-damage|p2a: Swampert|57/100 brn|[from] brn\n|upkeep\n|\n|t:|1788268205\n|switch|p2b: Pelipper|Pelipper, L50, M|100/100\n|-weather|RainDance|[from] ability: Drizzle|[of] p2b: Pelipper\n|turn|3\n|\n|t:|1788268217\n|move|p2a: Swampert|Wave Crash|p1a: Delphox\n|-supereffective|p1a: Delphox|1\n|-damage|p1a: Delphox|5/100\n|-damage|p2a: Swampert|31/100 brn|[from] Recoil\n|move|p1a: Delphox|Psyshock|p2b: Pelipper\n|-damage|p2b: Pelipper|68/100\n|move|p1b: Incineroar|Throat Chop|p2b: Pelipper\n|-damage|p2b: Pelipper|33/100\n|-start|p2b: Pelipper|Throat Chop|[silent]\n|-enditem|p2b: Pelipper|Sitrus Berry|[eat]\n|-heal|p2b: Pelipper|57/100|[from] item: Sitrus Berry\n|move|p2b: Pelipper|Hurricane|p1a: Delphox\n|-damage|p1a: Delphox|0 fnt\n|faint|p1a: Delphox\n|\n|-weather|RainDance|[upkeep]\n|-damage|p2a: Swampert|25/100 brn|[from] brn\n|upkeep\n|\n|t:|1788268217\n|switch|p1a: Sneasler|Sneasler, L50, F|100/100\n|turn|4\n|\n|t:|1788268236\n|switch|p2b: Archaludon|Archaludon, L50, F|100/100\n|move|p2a: Swampert|Earthquake|p1b: Incineroar|[spread] p2b,p1a,p1b\n|-supereffective|p2b: Archaludon|1\n|-supereffective|p1a: Sneasler|1\n|-supereffective|p1b: Incineroar|1\n|-damage|p2b: Archaludon|76/100\n|-damage|p1a: Sneasler|49/100\n|-damage|p1b: Incineroar|1/100\n|-ability|p2b: Archaludon|Stamina|boost\n|-boost|p2b: Archaludon|def|1\n|move|p1a: Sneasler|Dire Claw|p2b: Archaludon\n|-immune|p2b: Archaludon\n|move|p1b: Incineroar|Throat Chop|p2a: Swampert\n|-damage|p2a: Swampert|0 fnt\n|faint|p2a: Swampert\n|\n|-weather|RainDance|[upkeep]\n|-heal|p2b: Archaludon|82/100|[from] item: Leftovers\n|upkeep\n|\n|t:|1788268240\n|switch|p2a: Pelipper|Pelipper, L50, M|57/100\n|turn|5\n|\n|t:|1788268260\n|switch|p1b: Sinistcha|Sinistcha, L50|100/100\n|-heal|p1a: Sneasler|74/100|[from] ability: Hospitality|[of] p1b: Sinistcha\n|move|p1a: Sneasler|Dire Claw|p2a: Pelipper\n|-damage|p2a: Pelipper|14/100\n|-status|p2a: Pelipper|slp\n|move|p2b: Archaludon|Electro Shot||[still]\n|-prepare|p2b: Archaludon|Electro Shot\n|-boost|p2b: Archaludon|spa|1\n|-anim|p2b: Archaludon|Electro Shot|p1a: Sneasler\n|-damage|p1a: Sneasler|0 fnt\n|faint|p1a: Sneasler\n|cant|p2a: Pelipper|slp\n|\n|-weather|RainDance|[upkeep]\n|-heal|p2b: Archaludon|89/100|[from] item: Leftovers\n|upkeep\n|\n|t:|1788268261\n|switch|p1a: Incineroar|Incineroar, L50, M|1/100\n|-ability|p1a: Incineroar|Intimidate|boost\n|-unboost|p2a: Pelipper|atk|1\n|-unboost|p2b: Archaludon|atk|1\n|turn|6\n|\n|t:|1788268281\n|move|p2b: Archaludon|Flash Cannon|p1a: Incineroar\n|-resisted|p1a: Incineroar|1\n|-damage|p1a: Incineroar|0 fnt\n|faint|p1a: Incineroar\n|cant|p2a: Pelipper|slp\n|move|p1b: Sinistcha|Matcha Gotcha|p2b: Archaludon|[spread] p2a,p2b\n|-resisted|p2b: Archaludon|2\n|-damage|p2a: Pelipper|0 fnt\n|-damage|p2b: Archaludon|85/100\n|-ability|p2b: Archaludon|Stamina|boost\n|-boost|p2b: Archaludon|def|1\n|faint|p2a: Pelipper\n|\n|-weather|RainDance|[upkeep]\n|-heal|p2b: Archaludon|91/100|[from] item: Leftovers\n|upkeep\n|turn|7\n|\n|t:|1788268284\n|move|p1b: Sinistcha|Protect|p1b: Sinistcha\n|-singleturn|p1b: Sinistcha|Protect\n|move|p2b: Archaludon|Electro Shot||[still]\n|-prepare|p2b: Archaludon|Electro Shot\n|-boost|p2b: Archaludon|spa|1\n|-anim|p2b: Archaludon|Electro Shot|p1b: Sinistcha\n|-activate|p1b: Sinistcha|move: Protect\n|\n|-weather|none\n|-heal|p2b: Archaludon|97/100|[from] item: Leftovers\n|upkeep\n|turn|8\n|\n|t:|1788268296\n|move|p2b: Archaludon|Dragon Pulse|p1b: Sinistcha\n|-damage|p1b: Sinistcha|26/100\n|-enditem|p1b: Sinistcha|Sitrus Berry|[eat]\n|-heal|p1b: Sinistcha|51/100|[from] item: Sitrus Berry\n|move|p1b: Sinistcha|Trick Room|p1b: Sinistcha\n|-fieldstart|move: Trick Room|[of] p1b: Sinistcha\n|\n|-heal|p2b: Archaludon|100/100|[from] item: Leftovers\n|-sideend|p2: Kk1pper1314|move: Light Screen\n|upkeep\n|turn|9\n|\n|t:|1788268300\n|move|p1b: Sinistcha|Protect|p1b: Sinistcha\n|-singleturn|p1b: Sinistcha|Protect\n|move|p2b: Archaludon|Dragon Pulse|p1b: Sinistcha\n|-activate|p1b: Sinistcha|move: Protect\n|\n|upkeep\n|turn|10\n|\n|t:|1788268303\n|move|p1b: Sinistcha|Matcha Gotcha|p2b: Archaludon|[miss]\n|-miss|p1b: Sinistcha|p2b: Archaludon\n|move|p2b: Archaludon|Dragon Pulse|p1b: Sinistcha\n|-damage|p1b: Sinistcha|0 fnt\n|faint|p1b: Sinistcha\n|\n|win|Kk1pper1314\n|raw|humania1's rating: 1056 &rarr; <strong>1043</strong><br />(-13 for losing)\n|raw|Kk1pper1314's rating: 1151 &rarr; <strong>1169</strong><br />(+18 for winning)\n","uploadtime":1788268303,"views":"0","formatid":"gen9championsvgc2026regmbbo3","rating":1043,"private":0,"password":null}