{"id":"gen9championsvgc2026regmb-2674914154","format":"[Gen 9 Champions] VGC 2026 Reg M-B","players":["Yamifist","Thornlace48812"],"log":"|j|☆Yamifist\n|j|☆Thornlace48812\n|t:|1788435005\n|gametype|doubles\n|player|p1|Yamifist|ingo|1137\n|player|p2|Thornlace48812|102|1150\n|gen|9\n|tier|[Gen 9 Champions] VGC 2026 Reg M-B\n|rated|\n|rule|Species Clause: Limit one of each Pokémon\n|rule|Item Clause: Limit 1 of each item\n|clearpoke\n|poke|p1|Charizard, L50, M, shiny|\n|poke|p1|Garchomp, L50, M, shiny|\n|poke|p1|Feraligatr, L50, M|\n|poke|p1|Sinistcha, L50|\n|poke|p1|Farigiraf, L50, M|\n|poke|p1|Maushold, L50|\n|poke|p2|Garchomp, L50, M|\n|poke|p2|Charizard, L50, M|\n|poke|p2|Whimsicott, L50, M|\n|poke|p2|Sylveon, L50, F|\n|poke|p2|Kingambit, L50, F|\n|poke|p2|Basculegion, L50, M|\n|teampreview|4\n|inactive|Battle timer is ON: inactive players will automatically lose when time's up. (requested by Thornlace48812)\nThornlace48812 rejected open team sheets.\n|inactive|Yamifist has 60 seconds left.\n|\n|t:|1788435043\n|teamsize|p1|4\n|teamsize|p2|4\n|start\n|switch|p1a: Feraligatr|Feraligatr, L50, M|100/100\n|switch|p1b: Maushold|Maushold, L50|100/100\n|switch|p2a: Charizard|Charizard, L50, M|100/100\n|switch|p2b: Garchomp|Garchomp, L50, M|100/100\n|turn|1\n|\n|t:|1788435052\n|detailschange|p2a: Charizard|Charizard-Mega-Y, L50, M\n|-mega|p2a: Charizard|Charizard|Charizardite Y\n|-weather|SunnyDay|[from] ability: Drought|[of] p2a: Charizard\n|move|p1b: Maushold|Super Fang|p2a: Charizard\n|-damage|p2a: Charizard|50/100g\n|move|p2b: Garchomp|Rock Slide|p1a: Feraligatr|[spread] p1a,p1b\n|-damage|p1a: Feraligatr|80/100\n|-damage|p1b: Maushold|56/100\n|-damage|p2b: Garchomp|90/100|[from] item: Life Orb\n|move|p2a: Charizard|Heat Wave|p1b: Maushold|[spread] p1a,p1b\n|-resisted|p1a: Feraligatr|1\n|-damage|p1a: Feraligatr|54/100\n|-damage|p1b: Maushold|0 fnt\n|faint|p1b: Maushold\n|move|p1a: Feraligatr|Liquidation|p2a: Charizard\n|-supereffective|p2a: Charizard|1\n|-damage|p2a: Charizard|0 fnt\n|faint|p2a: Charizard\n|\n|-weather|SunnyDay|[upkeep]\n|upkeep\n|\n|t:|1788435071\n|switch|p1b: Sinistcha|Sinistcha, L50|100/100\n|switch|p2a: Whimsicott|Whimsicott, L50, M|100/100\n|-heal|p1a: Feraligatr|79/100|[from] ability: Hospitality|[of] p1b: Sinistcha\n|turn|2\n|\n|t:|1788435084\n|move|p2a: Whimsicott|Moonblast|p1a: Feraligatr\n|-damage|p1a: Feraligatr|43/100\n|move|p2b: Garchomp|Rock Slide|p1b: Sinistcha|[spread] p1a,p1b\n|-crit|p1a: Feraligatr\n|-damage|p1a: Feraligatr|8/100\n|-damage|p1b: Sinistcha|79/100\n|-damage|p2b: Garchomp|80/100|[from] item: Life Orb\n|move|p1a: Feraligatr|Body Slam|p2b: Garchomp\n|-crit|p2b: Garchomp\n|-damage|p2b: Garchomp|5/100\n|-damage|p1a: Feraligatr|0 fnt|[from] ability: Rough Skin|[of] p2b: Garchomp\n|faint|p1a: Feraligatr\n|move|p1b: Sinistcha|Life Dew|p1b: Sinistcha\n|-heal|p1b: Sinistcha|100/100\n|\n|-weather|SunnyDay|[upkeep]\n|upkeep\n|\n|t:|1788435096\n|switch|p1a: Charizard|Charizard, L50, M, shiny|100/100\n|turn|3\n|\n|t:|1788435099\n|move|p1a: Charizard|Protect|p1a: Charizard\n|-singleturn|p1a: Charizard|Protect\n|move|p2a: Whimsicott|Tailwind|p2a: Whimsicott\n|-sidestart|p2: Thornlace48812|move: Tailwind\n|move|p2b: Garchomp|Rock Slide|p1a: Charizard|[spread] \n|-activate|p1a: Charizard|move: Protect\n|-miss|p2b: Garchomp|p1b: Sinistcha\n|move|p1b: Sinistcha|Matcha Gotcha|p2a: Whimsicott|[spread] p2a\n|-miss|p1b: Sinistcha|p2b: Garchomp\n|-resisted|p2a: Whimsicott|1\n|-damage|p2a: Whimsicott|81/100\n|\n|-weather|SunnyDay|[upkeep]\n|upkeep\n|turn|4\n|\n|t:|1788435118\n|detailschange|p1a: Charizard|Charizard-Mega-X, L50, M, shiny\n|-mega|p1a: Charizard|Charizard|Charizardite X\n|move|p2a: Whimsicott|Moonblast|p1b: Sinistcha\n|-damage|p1b: Sinistcha|66/100\n|move|p2b: Garchomp|Rock Slide|p1a: Charizard|[spread] p1a,p1b\n|-supereffective|p1a: Charizard|1\n|-damage|p1a: Charizard|50/100g\n|-damage|p1b: Sinistcha|44/100\n|-damage|p2b: Garchomp|0 fnt|[from] item: Life Orb\n|faint|p2b: Garchomp\n|cant|p1a: Charizard|flinch\n|move|p1b: Sinistcha|Matcha Gotcha|p2a: Whimsicott\n|-resisted|p2a: Whimsicott|1\n|-damage|p2a: Whimsicott|55/100\n|-heal|p1b: Sinistcha|55/100|[from] drain|[of] p2a: Whimsicott\n|-status|p2a: Whimsicott|brn\n|\n|-weather|SunnyDay|[upkeep]\n|-damage|p2a: Whimsicott|49/100 brn|[from] brn\n|upkeep\n|\n|t:|1788435118\n|switch|p2b: Basculegion|Basculegion, L50, M|100/100\n|turn|5\n|inactive|Yamifist has 30 seconds left.\n|\n|t:|1788435150\n|move|p1b: Sinistcha|Rage Powder|p1b: Sinistcha\n|-singleturn|p1b: Sinistcha|move: Rage Powder\n|move|p2a: Whimsicott|Moonblast|p1a: Charizard\n|-damage|p1a: Charizard|11/100\n|move|p2b: Basculegion|Last Respects|p1b: Sinistcha\n|-supereffective|p1b: Sinistcha|1\n|-damage|p1b: Sinistcha|0 fnt\n|faint|p1b: Sinistcha\n|move|p1a: Charizard|Dragon Claw|p2b: Basculegion\n|-damage|p2b: Basculegion|30/100\n|\n|-weather|none\n|-damage|p2a: Whimsicott|43/100 brn|[from] brn\n|upkeep\n|turn|6\n|-message|Yamifist forfeited.\n|\n|win|Thornlace48812\n|raw|Yamifist's rating: 1137 &rarr; <strong>1118</strong><br />(-19 for losing)\n|raw|Thornlace48812's rating: 1222 &rarr; <strong>1241</strong><br />(+19 for winning)\n","uploadtime":1788435162,"views":"1","formatid":"gen9championsvgc2026regmb","rating":1118,"private":0,"password":null}