{"id":"gen9championsvgc2026regmbbo3-2673386044","format":"[Gen 9 Champions] VGC 2026 Reg M-B (Bo3)","players":["spodermees","the newkbomb"],"log":"|j|☆spodermees\n|j|☆the newkbomb\n|html|<table width=\"100%\"><tr><td align=\"left\">spodermees</td><td align=\"right\">the newkbomb</tr><tr><td align=\"left\"><i class=\"fa fa-circle\"></i> <i class=\"fa fa-circle-o\"></i> </td><td align=\"right\"><i class=\"fa fa-circle-o\"></i> <i class=\"fa fa-circle\"></i> </tr></table>\n|uhtml|bestof|<h2><strong>Game 3</strong> of <a href=\"/game-bestof3-gen9championsvgc2026regmbbo3-2673382011\">a best-of-3</a></h2>\n|t:|1788191418\n|gametype|doubles\n|player|p1|spodermees|sailor|1154\n|player|p2|the newkbomb|1|1098\n|gen|9\n|tier|[Gen 9 Champions] VGC 2026 Reg M-B (Bo3)\n|rated|\n|rule|Species Clause: Limit one of each Pokémon\n|rule|Item Clause: Limit 1 of each item\n|clearpoke\n|poke|p1|Kingambit, L50, M|\n|poke|p1|Farigiraf, L50, F|\n|poke|p1|Charizard, L50, F|\n|poke|p1|Aerodactyl, L50, F|\n|poke|p1|Garchomp, L50, F|\n|poke|p1|Sylveon, L50, F|\n|poke|p2|Staraptor, L50, F|\n|poke|p2|Sinistcha, L50|\n|poke|p2|Tyranitar, L50, F|\n|poke|p2|Excadrill, L50, F|\n|poke|p2|Incineroar, L50, F|\n|poke|p2|Blastoise, L50, F|\n|teampreview|4\n|showteam|p1|Kingambit||FocusSash|Defiant|KowtowCleave,IronHead,LowKick,SuckerPunch|Adamant||M|||50|]Farigiraf||SitrusBerry|ArmorTail|TrickRoom,Thunderbolt,HelpingHand,SunnyDay|Serious||F|||50|]Charizard||CharizarditeY|Blaze|HeatWave,WeatherBall,SolarBeam,Protect|Modest||F|||50|]Aerodactyl||Aerodactylite|Unnerve|RockSlide,DualWingbeat,IceFang,Tailwind|Jolly||F|||50|]Garchomp||LifeOrb|RoughSkin|Protect,Earthquake,DragonClaw,StompingTantrum|Jolly||F|||50|]Sylveon||FairyFeather|Pixilate|HyperBeam,HyperVoice,QuickAttack,Protect|Modest||F|||50|\n|showteam|p2|Staraptor||Staraptite|Intimidate|CloseCombat,Protect,BraveBird,Roost|Adamant||F|||50|]Sinistcha||Leftovers|Hospitality|RagePowder,MatchaGotcha,Protect,TrickRoom|Sassy|||||50|]Tyranitar||Tyranitarite|SandStream|Protect,DragonDance,RockSlide,KnockOff|Adamant||F|||50|]Excadrill||LifeOrb|SandRush|Protect,HighHorsepower,IronHead,RockTomb|Adamant||F|||50|]Incineroar||SitrusBerry|Intimidate|FakeOut,FlareBlitz,DarkestLariat,PartingShot|Sassy||F|||50|]Blastoise||ChoiceScarf|Torrent|MuddyWater,IceBeam,DarkPulse,IcyWind|Modest||F|||50|\n|inactive|Battle timer is ON: inactive players will automatically lose when time's up. (requested by spodermees)\n|\n|t:|1788191439\n|teamsize|p1|4\n|teamsize|p2|4\n|start\n|switch|p1a: Sylveon|Sylveon, L50, F|100/100\n|switch|p1b: Garchomp|Garchomp, L50, F|100/100\n|switch|p2a: Incineroar|Incineroar, L50, F|100/100\n|switch|p2b: Blastoise|Blastoise, L50, F|100/100\n|-ability|p2a: Incineroar|Intimidate|boost\n|-unboost|p1a: Sylveon|atk|1\n|-unboost|p1b: Garchomp|atk|1\n|turn|1\n|\n|t:|1788191447\n|switch|p1b: Farigiraf|Farigiraf, L50, F|100/100\n|move|p2a: Incineroar|Fake Out||[still]\n|cant|p1b: Farigiraf|ability: Armor Tail|Fake Out|[of] p2a: Incineroar\n|move|p2b: Blastoise|Ice Beam|p1b: Farigiraf\n|-damage|p1b: Farigiraf|74/100\n|move|p1a: Sylveon|Hyper Voice|p2b: Blastoise|[spread] p2a,p2b\n|-damage|p2a: Incineroar|66/100\n|-damage|p2b: Blastoise|54/100\n|\n|upkeep\n|turn|2\n|\n|t:|1788191458\n|switch|p2b: Excadrill|Excadrill, L50, F|100/100\n|move|p1b: Farigiraf|Helping Hand|p1a: Sylveon\n|-singleturn|p1a: Sylveon|Helping Hand|[of] p1b: Farigiraf\n|move|p1a: Sylveon|Hyper Voice|p2a: Incineroar|[spread] p2a,p2b\n|-resisted|p2b: Excadrill|1\n|-damage|p2a: Incineroar|17/100\n|-damage|p2b: Excadrill|54/100\n|-enditem|p2a: Incineroar|Sitrus Berry|[eat]\n|-heal|p2a: Incineroar|42/100|[from] item: Sitrus Berry\n|move|p2a: Incineroar|Parting Shot|p1a: Sylveon\n|-unboost|p1a: Sylveon|atk|1\n|-unboost|p1a: Sylveon|spa|1\n|\n|t:|1788191470\n|switch|p2a: Blastoise|Blastoise, L50, F|54/100|[from] Parting Shot\n|\n|upkeep\n|turn|3\n|\n|t:|1788191477\n|move|p1a: Sylveon|Protect|p1a: Sylveon\n|-singleturn|p1a: Sylveon|Protect\n|move|p2a: Blastoise|Muddy Water|p1b: Farigiraf|[spread] p1b\n|-activate|p1a: Sylveon|move: Protect\n|-damage|p1b: Farigiraf|48/100\n|-unboost|p1b: Farigiraf|accuracy|1\n|-enditem|p1b: Farigiraf|Sitrus Berry|[eat]\n|-heal|p1b: Farigiraf|73/100|[from] item: Sitrus Berry\n|move|p2b: Excadrill|Iron Head|p1a: Sylveon\n|-activate|p1a: Sylveon|move: Protect\n|move|p1b: Farigiraf|Thunderbolt|p2a: Blastoise\n|-supereffective|p2a: Blastoise|1\n|-damage|p2a: Blastoise|10/100\n|\n|upkeep\n|turn|4\n|\n|t:|1788191503\n|switch|p1a: Garchomp|Garchomp, L50, F|100/100\n|move|p2a: Blastoise|Muddy Water|p1b: Farigiraf|[spread] p1a,p1b\n|-damage|p1a: Garchomp|56/100\n|-damage|p1b: Farigiraf|31/100\n|move|p2b: Excadrill|Iron Head|p1b: Farigiraf\n|-damage|p1b: Farigiraf|0 fnt\n|faint|p1b: Farigiraf\n|-damage|p2b: Excadrill|44/100|[from] item: Life Orb\n|\n|upkeep\n|\n|t:|1788191511\n|switch|p1b: Aerodactyl|Aerodactyl, L50, F|100/100\n|-ability|p1b: Aerodactyl|Unnerve\n|turn|5\n|\n|t:|1788191524\n|detailschange|p1b: Aerodactyl|Aerodactyl-Mega, L50, F\n|-mega|p1b: Aerodactyl|Aerodactyl|Aerodactylite\n|move|p2b: Excadrill|Protect|p2b: Excadrill\n|-singleturn|p2b: Excadrill|Protect\n|move|p1b: Aerodactyl|Tailwind|p1b: Aerodactyl\n|-sidestart|p1: spodermees|move: Tailwind\n|move|p1a: Garchomp|Earthquake|p2b: Excadrill|[spread] p2a\n|-activate|p2b: Excadrill|move: Protect\n|-immune|p1b: Aerodactyl\n|-damage|p2a: Blastoise|0 fnt\n|faint|p2a: Blastoise\n|-damage|p1a: Garchomp|46/100|[from] item: Life Orb\n|\n|upkeep\n|\n|t:|1788191531\n|switch|p2a: Incineroar|Incineroar, L50, F|42/100\n|-ability|p2a: Incineroar|Intimidate|boost\n|-unboost|p1a: Garchomp|atk|1\n|-unboost|p1b: Aerodactyl|atk|1\n|turn|6\n|\n|t:|1788191546\n|move|p2a: Incineroar|Fake Out|p1a: Garchomp\n|-damage|p1a: Garchomp|34/100\n|-damage|p2a: Incineroar|29/100|[from] ability: Rough Skin|[of] p1a: Garchomp\n|move|p1b: Aerodactyl|Rock Slide|p2a: Incineroar|[spread] p2a,p2b\n|-supereffective|p2a: Incineroar|1\n|-resisted|p2b: Excadrill|2\n|-damage|p2a: Incineroar|0 fnt\n|-damage|p2b: Excadrill|37/100\n|faint|p2a: Incineroar\n|cant|p1a: Garchomp|flinch\n|move|p2b: Excadrill|Iron Head|p1b: Aerodactyl\n|-supereffective|p1b: Aerodactyl|1\n|-damage|p1b: Aerodactyl|0 fnt\n|faint|p1b: Aerodactyl\n|-damage|p2b: Excadrill|28/100|[from] item: Life Orb\n|\n|upkeep\n|\n|t:|1788191562\n|switch|p1b: Sylveon|Sylveon, L50, F|100/100\n|switch|p2a: Tyranitar|Tyranitar, L50, F|100/100\n|-weather|Sandstorm|[from] ability: Sand Stream|[of] p2a: Tyranitar\n|turn|7\n|inactive|the newkbomb has 30 seconds left.\n|\n|t:|1788191594\n|detailschange|p2a: Tyranitar|Tyranitar-Mega, L50, F\n|-mega|p2a: Tyranitar|Tyranitar|Tyranitarite\n|move|p2b: Excadrill|Protect|p2b: Excadrill\n|-singleturn|p2b: Excadrill|Protect\n|move|p2a: Tyranitar|Protect|p2a: Tyranitar\n|-singleturn|p2a: Tyranitar|Protect\n|move|p1a: Garchomp|Stomping Tantrum|p2b: Excadrill\n|-activate|p2b: Excadrill|move: Protect\n|move|p1b: Sylveon|Hyper Voice|p2b: Excadrill|[spread] \n|-activate|p2a: Tyranitar|move: Protect\n|-activate|p2b: Excadrill|move: Protect\n|\n|-weather|Sandstorm|[upkeep]\n|-damage|p1b: Sylveon|94/100|[from] Sandstorm\n|upkeep\n|turn|8\n|inactive|the newkbomb has 30 seconds left.\n|\n|t:|1788191622\n|move|p2b: Excadrill|Protect||[still]\n|-fail|p2b: Excadrill\n|move|p1a: Garchomp|Earthquake|p2b: Excadrill|[spread] p1b,p2a,p2b\n|-supereffective|p2a: Tyranitar|1\n|-supereffective|p2b: Excadrill|1\n|-damage|p1b: Sylveon|57/100\n|-damage|p2a: Tyranitar|53/100\n|-damage|p2b: Excadrill|0 fnt\n|faint|p2b: Excadrill\n|-damage|p1a: Garchomp|25/100|[from] item: Life Orb\n|move|p1b: Sylveon|Hyper Beam|p2a: Tyranitar\n|-supereffective|p2a: Tyranitar|1\n|-damage|p2a: Tyranitar|0 fnt\n|-mustrecharge|p1b: Sylveon\n|faint|p2a: Tyranitar\n|\n|win|spodermees\n|raw|spodermees's rating: 1154 &rarr; <strong>1175</strong><br />(+21 for winning)\n|raw|the newkbomb's rating: 1098 &rarr; <strong>1077</strong><br />(-21 for losing)\n","uploadtime":1788191622,"views":"0","formatid":"gen9championsvgc2026regmbbo3","rating":1077,"private":0,"password":null}