{"id":"gen9championsvgc2026regmbbo3-2673589521","format":"[Gen 9 Champions] VGC 2026 Reg M-B (Bo3)","players":["rojasus","tras44"],"log":"|j|☆rojasus\n|j|☆tras44\n|html|<table width=\"100%\"><tr><td align=\"left\">rojasus</td><td align=\"right\">tras44</tr><tr><td align=\"left\"><i class=\"fa fa-circle-o\"></i> <i class=\"fa fa-circle-o\"></i> </td><td align=\"right\"><i class=\"fa fa-circle-o\"></i> <i class=\"fa fa-circle-o\"></i> </tr></table>\n|uhtml|bestof|<h2><strong>Game 1</strong> of <a href=\"/game-bestof3-gen9championsvgc2026regmbbo3-2673589520\">a best-of-3</a></h2>\n|t:|1788217640\n|gametype|doubles\n|player|p1|rojasus|ingo|1128\n|player|p2|tras44|hiker-gen4|1107\n|gen|9\n|tier|[Gen 9 Champions] VGC 2026 Reg M-B (Bo3)\n|rated|\n|rule|Species Clause: Limit one of each Pokémon\n|rule|Item Clause: Limit 1 of each item\n|clearpoke\n|poke|p1|Swampert, L50, F|\n|poke|p1|Pelipper, L50, F|\n|poke|p1|Archaludon, L50, F|\n|poke|p1|Grimmsnarl, L50, M|\n|poke|p1|Charizard, L50, F|\n|poke|p1|Venusaur, L50, F|\n|poke|p2|Kingambit, L50, F|\n|poke|p2|Aerodactyl, L50, F|\n|poke|p2|Sylveon, L50, M|\n|poke|p2|Farigiraf, L50, M|\n|poke|p2|Charizard, L50, F|\n|poke|p2|Garchomp, L50, F|\n|teampreview|4\n|showteam|p1|Swampert||Swampertite|Torrent|WaveCrash,Earthquake,IcePunch,Protect|Adamant||F|||50|]Pelipper||SitrusBerry|Drizzle|WeatherBall,Hurricane,Tailwind,WideGuard|Bold||F|||50|]Archaludon||Leftovers|Stamina|ElectroShot,DragonPulse,FlashCannon,Protect|Calm||F|||50|]Grimmsnarl||LightClay|Prankster|LightScreen,Reflect,PartingShot,SpiritBreak|Careful||M|||50|]Charizard||CharizarditeY|Blaze|WeatherBall,HeatWave,Hurricane,Protect|Modest||F|||50|]Venusaur||FocusSash|Chlorophyll|LeafStorm,SleepPowder,SludgeBomb,Protect|Modest||F|||50|\n|showteam|p2|Kingambit||FocusSash|Defiant|KowtowCleave,IronHead,SuckerPunch,LowKick|Adamant||F|||50|]Aerodactyl||Aerodactylite|Unnerve|RockSlide,DualWingbeat,IceFang,Tailwind|Jolly||F|||50|]Sylveon||FairyFeather|Pixilate|HyperVoice,HyperBeam,QuickAttack,Protect|Sassy||M|||50|]Farigiraf||SitrusBerry|ArmorTail|Psychic,Thunderbolt,TrickRoom,Protect|Sassy||M|||50|]Charizard||CharizarditeY|Blaze|HeatWave,SolarBeam,WeatherBall,Protect|Timid||F|||50|]Garchomp||LifeOrb|RoughSkin|Earthquake,DragonClaw,StompingTantrum,Protect|Jolly||F|||50|\n|inactive|Battle timer is ON: inactive players will automatically lose when time's up. (requested by rojasus)\n|inactive|tras44 has 60 seconds left.\n|\n|t:|1788217680\n|teamsize|p1|4\n|teamsize|p2|4\n|start\n|switch|p1a: Swampert|Swampert, L50, F|100/100\n|switch|p1b: Grimmsnarl|Grimmsnarl, L50, M|100/100\n|switch|p2a: Farigiraf|Farigiraf, L50, M|100/100\n|switch|p2b: Charizard|Charizard, L50, F|100/100\n|turn|1\n|\n|t:|1788217700\n|detailschange|p2b: Charizard|Charizard-Mega-Y, L50, F\n|-mega|p2b: Charizard|Charizard|Charizardite Y\n|-weather|SunnyDay|[from] ability: Drought|[of] p2b: Charizard\n|detailschange|p1a: Swampert|Swampert-Mega, L50, F\n|-mega|p1a: Swampert|Swampert|Swampertite\n|move|p1a: Swampert|Protect|p1a: Swampert\n|-singleturn|p1a: Swampert|Protect\n|move|p2a: Farigiraf|Protect|p2a: Farigiraf\n|-singleturn|p2a: Farigiraf|Protect\n|move|p1b: Grimmsnarl|Light Screen|p1b: Grimmsnarl\n|-sidestart|p1: rojasus|move: Light Screen\n|move|p2b: Charizard|Solar Beam||[still]\n|-prepare|p2b: Charizard|Solar Beam\n|-anim|p2b: Charizard|Solar Beam|p1a: Swampert\n|-activate|p1a: Swampert|move: Protect\n|\n|-weather|SunnyDay|[upkeep]\n|upkeep\n|turn|2\n|\n|t:|1788217725\n|switch|p1b: Pelipper|Pelipper, L50, F|100/100\n|-weather|RainDance|[from] ability: Drizzle|[of] p1b: Pelipper\n|move|p1a: Swampert|Wave Crash|p2b: Charizard\n|-supereffective|p2b: Charizard|1\n|-damage|p2b: Charizard|0 fnt\n|faint|p2b: Charizard\n|-damage|p1a: Swampert|70/100|[from] Recoil\n|move|p2a: Farigiraf|Psychic|p1a: Swampert\n|-damage|p1a: Swampert|52/100\n|\n|-weather|RainDance|[upkeep]\n|upkeep\n|\n|t:|1788217742\n|switch|p2b: Sylveon|Sylveon, L50, M|100/100\n|turn|3\n|\n|t:|1788217756\n|switch|p1b: Archaludon|Archaludon, L50, F|100/100\n|move|p1a: Swampert|Protect|p1a: Swampert\n|-singleturn|p1a: Swampert|Protect\n|move|p2b: Sylveon|Protect|p2b: Sylveon\n|-singleturn|p2b: Sylveon|Protect\n|move|p2a: Farigiraf|Trick Room|p2a: Farigiraf\n|-fieldstart|move: Trick Room|[of] p2a: Farigiraf\n|\n|-weather|RainDance|[upkeep]\n|upkeep\n|turn|4\n|inactive|rojasus has 30 seconds left.\n|\n|t:|1788217790\n|switch|p1a: Grimmsnarl|Grimmsnarl, L50, M|100/100\n|move|p2a: Farigiraf|Psychic|p1a: Grimmsnarl\n|-immune|p1a: Grimmsnarl\n|move|p2b: Sylveon|Hyper Voice|p1b: Archaludon|[spread] p1a,p1b\n|-supereffective|p1a: Grimmsnarl|1\n|-damage|p1a: Grimmsnarl|57/100\n|-damage|p1b: Archaludon|69/100\n|-ability|p1b: Archaludon|Stamina|boost\n|-boost|p1b: Archaludon|def|1\n|move|p1b: Archaludon|Electro Shot||[still]\n|-prepare|p1b: Archaludon|Electro Shot\n|-boost|p1b: Archaludon|spa|1\n|-anim|p1b: Archaludon|Electro Shot|p2b: Sylveon\n|-damage|p2b: Sylveon|65/100\n|\n|-weather|RainDance|[upkeep]\n|-heal|p1b: Archaludon|75/100|[from] item: Leftovers\n|upkeep\n|turn|5\n|inactive|tras44 has 30 seconds left.\n|inactive|rojasus has 30 seconds left.\n|inactive|rojasus has 20 seconds left.\n|\n|t:|1788217831\n|move|p1b: Archaludon|Protect|p1b: Archaludon\n|-singleturn|p1b: Archaludon|Protect\n|move|p2a: Farigiraf|Thunderbolt|p1b: Archaludon\n|-activate|p1b: Archaludon|move: Protect\n|move|p2b: Sylveon|Hyper Beam|p1b: Archaludon\n|-activate|p1b: Archaludon|move: Protect\n|move|p1a: Grimmsnarl|Spirit Break|p2b: Sylveon\n|-damage|p2b: Sylveon|26/100\n|-unboost|p2b: Sylveon|spa|1\n|\n|-weather|RainDance|[upkeep]\n|-heal|p1b: Archaludon|81/100|[from] item: Leftovers\n|upkeep\n|turn|6\n|inactive|tras44 has 30 seconds left.\n|inactive|rojasus has 30 seconds left.\n|inactive|rojasus has 20 seconds left.\n|inactive|tras44 has 20 seconds left.\n|\n|t:|1788217873\n|switch|p1b: Swampert|Swampert-Mega, L50, F|52/100\n|move|p2b: Sylveon|Hyper Voice|p1a: Grimmsnarl|[spread] p1a,p1b\n|-supereffective|p1a: Grimmsnarl|1\n|-damage|p1a: Grimmsnarl|30/100\n|-damage|p1b: Swampert|40/100\n|move|p2a: Farigiraf|Thunderbolt|p1b: Swampert\n|-immune|p1b: Swampert\n|move|p1a: Grimmsnarl|Spirit Break|p2a: Farigiraf\n|-damage|p2a: Farigiraf|69/100\n|-unboost|p2a: Farigiraf|spa|1\n|\n|-weather|none\n|upkeep\n|turn|7\n|\n|t:|1788217894\n|switch|p1a: Pelipper|Pelipper, L50, F|100/100\n|-weather|RainDance|[from] ability: Drizzle|[of] p1a: Pelipper\n|move|p1b: Swampert|Protect|p1b: Swampert\n|-singleturn|p1b: Swampert|Protect\n|move|p2b: Sylveon|Hyper Voice|p1b: Swampert|[spread] p1a\n|-activate|p1b: Swampert|move: Protect\n|-damage|p1a: Pelipper|80/100\n|move|p2a: Farigiraf|Psychic|p1b: Swampert\n|-activate|p1b: Swampert|move: Protect\n|\n|-weather|RainDance|[upkeep]\n|-fieldend|move: Trick Room\n|upkeep\n|turn|8\n|\n|t:|1788217914\n|move|p2b: Sylveon|Protect|p2b: Sylveon\n|-singleturn|p2b: Sylveon|Protect\n|move|p1b: Swampert|Wave Crash|p2a: Farigiraf\n|-damage|p2a: Farigiraf|0 fnt\n|faint|p2a: Farigiraf\n|-damage|p1b: Swampert|10/100|[from] Recoil\n|move|p1a: Pelipper|Hurricane|p2b: Sylveon\n|-activate|p2b: Sylveon|move: Protect\n|\n|-weather|RainDance|[upkeep]\n|-sideend|p1: rojasus|move: Light Screen\n|upkeep\n|\n|t:|1788217920\n|switch|p2a: Kingambit|Kingambit, L50, F|100/100\n|turn|9\n|\n|t:|1788217933\n|move|p2a: Kingambit|Sucker Punch|p1b: Swampert\n|-damage|p1b: Swampert|0 fnt\n|faint|p1b: Swampert\n|move|p1a: Pelipper|Weather Ball|p2a: Kingambit\n|-damage|p2a: Kingambit|40/100\n|move|p2b: Sylveon|Hyper Voice|p1a: Pelipper\n|-damage|p1a: Pelipper|34/100\n|-enditem|p1a: Pelipper|Sitrus Berry|[eat]\n|-heal|p1a: Pelipper|59/100|[from] item: Sitrus Berry\n|\n|-weather|RainDance|[upkeep]\n|upkeep\n|\n|t:|1788217944\n|switch|p1b: Archaludon|Archaludon, L50, F|81/100\n|turn|10\n|\n|t:|1788217965\n|move|p2a: Kingambit|Sucker Punch|p1a: Pelipper\n|-damage|p1a: Pelipper|17/100\n|move|p1b: Archaludon|Flash Cannon|p2b: Sylveon\n|-supereffective|p2b: Sylveon|1\n|-damage|p2b: Sylveon|0 fnt\n|faint|p2b: Sylveon\n|move|p1a: Pelipper|Weather Ball|p2a: Kingambit\n|-damage|p2a: Kingambit|0 fnt\n|faint|p2a: Kingambit\n|\n|win|rojasus\n","uploadtime":1788217973,"views":"1","formatid":"gen9championsvgc2026regmbbo3","rating":null,"private":0,"password":null}