{"id":"gen9championsvgc2026regmbbo3-2674019865","format":"[Gen 9 Champions] VGC 2026 Reg M-B (Bo3)","players":["humania1","Orowa"],"log":"|j|☆humania1\n|j|☆Orowa\n|html|<table width=\"100%\"><tr><td align=\"left\">humania1</td><td align=\"right\">Orowa</tr><tr><td align=\"left\"><i class=\"fa fa-circle-o\"></i> <i class=\"fa fa-circle-o\"></i> </td><td align=\"right\"><i class=\"fa fa-circle-o\"></i> <i class=\"fa fa-circle-o\"></i> </tr></table>\n|uhtml|bestof|<h2><strong>Game 1</strong> of <a href=\"/game-bestof3-gen9championsvgc2026regmbbo3-2674019864\">a best-of-3</a></h2>\n|t:|1788288986\n|gametype|doubles\n|player|p1|humania1|266|1082\n|player|p2|Orowa|2|1093\n|gen|9\n|tier|[Gen 9 Champions] VGC 2026 Reg M-B (Bo3)\n|rated|\n|rule|Species Clause: Limit one of each Pokémon\n|rule|Item Clause: Limit 1 of each item\n|clearpoke\n|poke|p1|Blastoise, L50, F|\n|poke|p1|Delphox, L50, F, shiny|\n|poke|p1|Incineroar, L50, F|\n|poke|p1|Sinistcha, L50|\n|poke|p1|Sneasler, L50, F|\n|poke|p1|Vivillon, L50, F|\n|poke|p2|Swampert, L50, M|\n|poke|p2|Pelipper, L50, F|\n|poke|p2|Sneasler, L50, M|\n|poke|p2|Garchomp, L50, M|\n|poke|p2|Sinistcha, L50|\n|poke|p2|Raichu, L50, F|\n|teampreview|4\n|showteam|p1|Blastoise||Blastoisinite|Torrent|Protect,ShellSmash,WaterSpout,DarkPulse|Modest||F|||50|]Delphox||Delphoxite|Blaze|Protect,HeatWave,Psyshock,NastyPlot|Timid||F|||50|]Incineroar||PasshoBerry|Intimidate|FakeOut,PartingShot,FlareBlitz,ThroatChop|Impish||F|||50|]Sinistcha||SitrusBerry|Hospitality|Protect,MatchaGotcha,TrickRoom,RagePowder|Bold|||||50|]Sneasler||FocusSash|PoisonTouch|QuickGuard,FakeOut,CloseCombat,DireClaw|Jolly||F|||50|]Vivillon||ChoiceScarf|CompoundEyes|Hurricane,SleepPowder,RagePowder,Uturn|Timid||F|||50|\n|showteam|p2|Swampert||Swampertite|Damp|BulkUp,Earthquake,WaveCrash,Protect|Adamant||M|||50|]Pelipper||FocusSash|Drizzle|WideGuard,Hurricane,Tailwind,WeatherBall|Modest||F|||50|]Sneasler||WhiteHerb|Unburden|DireClaw,Feint,CloseCombat,RockSlide|Adamant||M|||50|]Garchomp||ChoiceScarf|RoughSkin|RockSlide,StompingTantrum,DragonClaw,IronHead|Adamant||M|||50|]Sinistcha||KasibBerry|Hospitality|TrickRoom,ShadowBall,RagePowder,LifeDew|Relaxed|||||50|]Raichu||RaichuniteY|LightningRod|FakeOut,Protect,FocusBlast,ZapCannon|Timid||F|||50|\n|inactive|Battle timer is ON: inactive players will automatically lose when time's up. (requested by humania1)\n|inactive|Orowa also wants the timer to be on.\n|\n|t:|1788289011\n|teamsize|p1|4\n|teamsize|p2|4\n|start\n|switch|p1a: Blastoise|Blastoise, L50, F|100/100\n|switch|p1b: Sinistcha|Sinistcha, L50|100/100\n|switch|p2a: Sneasler|Sneasler, L50, M|100/100\n|switch|p2b: Garchomp|Garchomp, L50, M|100/100\n|turn|1\n|\n|t:|1788289028\n|move|p1a: Blastoise|Protect|p1a: Blastoise\n|-singleturn|p1a: Blastoise|Protect\n|move|p2b: Garchomp|Dragon Claw|p1a: Blastoise\n|-activate|p1a: Blastoise|move: Protect\n|move|p2a: Sneasler|Dire Claw|p1b: Sinistcha\n|-damage|p1b: Sinistcha|63/100\n|move|p1b: Sinistcha|Trick Room|p1b: Sinistcha\n|-fieldstart|move: Trick Room|[of] p1b: Sinistcha\n|\n|upkeep\n|turn|2\n|inactive|Orowa has 30 seconds left.\n|\n|t:|1788289054\n|switch|p2a: Sinistcha|Sinistcha, L50|100/100\n|detailschange|p1a: Blastoise|Blastoise-Mega, L50, F\n|-mega|p1a: Blastoise|Blastoise|Blastoisinite\n|move|p1b: Sinistcha|Matcha Gotcha|p2a: Sinistcha|[spread] p2a,p2b\n|-resisted|p2a: Sinistcha|1\n|-damage|p2a: Sinistcha|87/100\n|-heal|p1b: Sinistcha|69/100|[from] drain|[of] p2a: Sinistcha\n|-damage|p2b: Garchomp|70/100\n|-heal|p1b: Sinistcha|85/100|[from] drain|[of] p2b: Garchomp\n|move|p1a: Blastoise|Shell Smash|p1a: Blastoise\n|-unboost|p1a: Blastoise|def|1\n|-unboost|p1a: Blastoise|spd|1\n|-boost|p1a: Blastoise|atk|2\n|-boost|p1a: Blastoise|spa|2\n|-boost|p1a: Blastoise|spe|2\n|move|p2b: Garchomp|Dragon Claw|p1a: Blastoise\n|-damage|p1a: Blastoise|29/100\n|\n|upkeep\n|turn|3\n|inactive|Orowa has 30 seconds left.\n|\n|t:|1788289080\n|switch|p1b: Sneasler|Sneasler, L50, F|100/100\n|move|p1a: Blastoise|Protect|p1a: Blastoise\n|-singleturn|p1a: Blastoise|Protect\n|move|p2a: Sinistcha|Shadow Ball|p1b: Sneasler\n|-damage|p1b: Sneasler|51/100\n|move|p2b: Garchomp|Dragon Claw|p1a: Blastoise\n|-activate|p1a: Blastoise|move: Protect\n|\n|upkeep\n|turn|4\n|\n|t:|1788289103\n|move|p2a: Sinistcha|Shadow Ball|p1a: Blastoise\n|-damage|p1a: Blastoise|0 fnt\n|faint|p1a: Blastoise\n|move|p1b: Sneasler|Close Combat|p2a: Sinistcha\n|-immune|p2a: Sinistcha\n|move|p2b: Garchomp|Dragon Claw|p1b: Sneasler\n|-damage|p1b: Sneasler|0 fnt\n|faint|p1b: Sneasler\n|\n|upkeep\n|\n|t:|1788289103\n|switch|p1a: Sinistcha|Sinistcha, L50|85/100\n|switch|p1b: Vivillon|Vivillon, L50, F|100/100\n|turn|5\n|\n|t:|1788289120\n|move|p1a: Sinistcha|Protect|p1a: Sinistcha\n|-singleturn|p1a: Sinistcha|Protect\n|move|p2a: Sinistcha|Shadow Ball|p1a: Sinistcha\n|-activate|p1a: Sinistcha|move: Protect\n|move|p2b: Garchomp|Dragon Claw|p1b: Vivillon\n|-damage|p1b: Vivillon|15/100\n|move|p1b: Vivillon|Hurricane|p2a: Sinistcha\n|-supereffective|p2a: Sinistcha|1\n|-crit|p2a: Sinistcha\n|-damage|p2a: Sinistcha|0 fnt\n|faint|p2a: Sinistcha\n|\n|-fieldend|move: Trick Room\n|upkeep\n|\n|t:|1788289137\n|switch|p2a: Sneasler|Sneasler, L50, M|100/100\n|turn|6\n|\n|t:|1788289145\n|move|p1b: Vivillon|Hurricane|p2a: Sneasler\n|-supereffective|p2a: Sneasler|1\n|-damage|p2a: Sneasler|0 fnt\n|faint|p2a: Sneasler\n|move|p2b: Garchomp|Dragon Claw|p1a: Sinistcha\n|-damage|p1a: Sinistcha|46/100\n|-enditem|p1a: Sinistcha|Sitrus Berry|[eat]\n|-heal|p1a: Sinistcha|71/100|[from] item: Sitrus Berry\n|move|p1a: Sinistcha|Trick Room|p1a: Sinistcha\n|-fieldstart|move: Trick Room|[of] p1a: Sinistcha\n|\n|upkeep\n|\n|t:|1788289152\n|switch|p2a: Raichu|Raichu, L50, F|100/100\n|turn|7\n|\n|t:|1788289158\n|detailschange|p2a: Raichu|Raichu-Mega-Y, L50, F\n|-mega|p2a: Raichu|Raichu|Raichunite Y\n|move|p1a: Sinistcha|Protect|p1a: Sinistcha\n|-singleturn|p1a: Sinistcha|Protect\n|move|p2a: Raichu|Fake Out|p1b: Vivillon\n|-damage|p1b: Vivillon|1/100\n|move|p2b: Garchomp|Dragon Claw|p1a: Sinistcha\n|-activate|p1a: Sinistcha|move: Protect\n|cant|p1b: Vivillon|flinch\n|\n|upkeep\n|turn|8\n|\n|t:|1788289172\n|move|p1a: Sinistcha|Matcha Gotcha|p2b: Garchomp|[spread] p2a,p2b\n|-damage|p2a: Raichu|64/100\n|-heal|p1a: Sinistcha|85/100|[from] drain|[of] p2a: Raichu\n|-damage|p2b: Garchomp|41/100\n|-heal|p1a: Sinistcha|100/100|[from] drain|[of] p2b: Garchomp\n|move|p2a: Raichu|Zap Cannon|p1a: Sinistcha\n|-resisted|p1a: Sinistcha|1\n|-damage|p1a: Sinistcha|66/100\n|-status|p1a: Sinistcha|par\n|move|p2b: Garchomp|Dragon Claw|p1b: Vivillon\n|-damage|p1b: Vivillon|0 fnt\n|faint|p1b: Vivillon\n|\n|upkeep\n|turn|9\n|\n|t:|1788289189\n|move|p1a: Sinistcha|Protect|p1a: Sinistcha\n|-singleturn|p1a: Sinistcha|Protect\n|move|p2a: Raichu|Zap Cannon|p1a: Sinistcha\n|-activate|p1a: Sinistcha|move: Protect\n|move|p2b: Garchomp|Dragon Claw|p1a: Sinistcha\n|-activate|p1a: Sinistcha|move: Protect\n|\n|upkeep\n|turn|10\n|\n|t:|1788289196\n|move|p1a: Sinistcha|Matcha Gotcha|p2b: Garchomp|[spread] p2a,p2b\n|-damage|p2a: Raichu|24/100\n|-heal|p1a: Sinistcha|82/100 par|[from] drain|[of] p2a: Raichu\n|-damage|p2b: Garchomp|15/100\n|-heal|p1a: Sinistcha|96/100 par|[from] drain|[of] p2b: Garchomp\n|move|p2a: Raichu|Zap Cannon|p1a: Sinistcha\n|-resisted|p1a: Sinistcha|1\n|-damage|p1a: Sinistcha|63/100 par\n|move|p2b: Garchomp|Dragon Claw|p1a: Sinistcha\n|-damage|p1a: Sinistcha|22/100 par\n|\n|-fieldend|move: Trick Room\n|upkeep\n|turn|11\n|\n|t:|1788289212\n|move|p2b: Garchomp|Dragon Claw|p1a: Sinistcha\n|-damage|p1a: Sinistcha|0 fnt\n|faint|p1a: Sinistcha\n|\n|win|Orowa\n","uploadtime":1788289212,"views":"0","formatid":"gen9championsvgc2026regmbbo3","rating":null,"private":0,"password":null}