{"id":"gen9championsvgc2026regmbbo3-2674857855","format":"[Gen 9 Champions] VGC 2026 Reg M-B (Bo3)","players":["humania1","Giovannalacapanna"],"log":"|j|☆humania1\n|j|☆Giovannalacapanna\n|html|<table width=\"100%\"><tr><td align=\"left\">humania1</td><td align=\"right\">Giovannalacapanna</tr><tr><td align=\"left\"><i class=\"fa fa-circle\"></i> <i class=\"fa fa-circle-o\"></i> </td><td align=\"right\"><i class=\"fa fa-circle-o\"></i> <i class=\"fa fa-circle\"></i> </tr></table>\n|uhtml|bestof|<h2><strong>Game 3</strong> of <a href=\"/game-bestof3-gen9championsvgc2026regmbbo3-2674856474\">a best-of-3</a></h2>\n|t:|1788422716\n|gametype|doubles\n|player|p1|humania1|265|1052\n|player|p2|Giovannalacapanna|169|1046\n|gen|9\n|tier|[Gen 9 Champions] VGC 2026 Reg M-B (Bo3)\n|rated|\n|rule|Species Clause: Limit one of each Pokémon\n|rule|Item Clause: Limit 1 of each item\n|clearpoke\n|poke|p1|Charizard, L50, M|\n|poke|p1|Whimsicott, L50, M|\n|poke|p1|Basculegion, L50, M|\n|poke|p1|Farigiraf, L50, F|\n|poke|p1|Kangaskhan, L50, F|\n|poke|p1|Sneasler, L50, M|\n|poke|p2|Chimecho, L50, F|\n|poke|p2|Aggron, L50, M|\n|poke|p2|Incineroar, L50, F|\n|poke|p2|Sinistcha, L50|\n|poke|p2|Toxapex, L50, M|\n|poke|p2|Tyranitar, L50, F|\n|teampreview|4\n|showteam|p1|Charizard||CharizarditeY|SolarPower|WeatherBall,HeatWave,SolarBeam,Protect|Timid||M|||50|]Whimsicott||FocusSash|Prankster|Moonblast,Tailwind,SunnyDay,Encore|Timid||M|||50|]Basculegion||ChoiceScarf|Adaptability|WaveCrash,AquaJet,LastRespects,FlipTurn|Adamant||M|||50|]Farigiraf||SitrusBerry|ArmorTail|Psychic,HyperVoice,HelpingHand,TrickRoom|Modest||F|||50|]Kangaskhan||Kangaskhanite|Scrappy|FakeOut,DoubleEdge,DrainPunch,SuckerPunch|Adamant||F|||50|]Sneasler||WhiteHerb|Unburden|FakeOut,CloseCombat,DireClaw,RockTomb|Adamant||M|||50|\n|showteam|p2|Chimecho||Chimechite|Levitate|Protect,Snarl,SkillSwap,PsychicNoise|Calm||F|||50|]Aggron||Aggronite|Sturdy|Protect,BodyPress,SandTomb,Endeavor|Impish||M|||50|]Incineroar||SitrusBerry|Intimidate|Protect,PartingShot,ThroatChop,FakeOut|Careful||F|||50|]Sinistcha||ColburBerry|Hospitality|Protect,MatchaGotcha,StrengthSap,RagePowder|Bold|||||50|]Toxapex||Leftovers|Regenerator|BanefulBunker,Toxic,Infestation,WideGuard|Impish||M|||50|]Tyranitar||ChoiceScarf|SandStream|RockSlide,Earthquake,KnockOff,IcePunch|Jolly||F|||50|\n|inactive|Battle timer is ON: inactive players will automatically lose when time's up. (requested by humania1)\n|\n|t:|1788422725\n|teamsize|p1|4\n|teamsize|p2|4\n|start\n|switch|p1a: Charizard|Charizard, L50, M|100/100\n|switch|p1b: Sneasler|Sneasler, L50, M|100/100\n|switch|p2a: Incineroar|Incineroar, L50, F|100/100\n|switch|p2b: Toxapex|Toxapex, L50, M|100/100\n|-ability|p2a: Incineroar|Intimidate|boost\n|-unboost|p1a: Charizard|atk|1\n|-unboost|p1b: Sneasler|atk|1\n|-enditem|p1b: Sneasler|White Herb\n|-clearnegativeboost|p1b: Sneasler|[silent]\n|turn|1\n|\n|t:|1788422732\n|move|p1a: Charizard|Protect|p1a: Charizard\n|-singleturn|p1a: Charizard|Protect\n|move|p2a: Incineroar|Fake Out|p1b: Sneasler\n|-damage|p1b: Sneasler|80/100\n|cant|p1b: Sneasler|flinch\n|move|p2b: Toxapex|Infestation|p1b: Sneasler\n|-resisted|p1b: Sneasler|2\n|-damage|p1b: Sneasler|80/100\n|-activate|p1b: Sneasler|move: Infestation|[of] p2b: Toxapex\n|\n|-damage|p1b: Sneasler|68/100|[from] move: Infestation|[partiallytrapped]\n|upkeep\n|turn|2\n|\n|t:|1788422744\n|switch|p1a: Basculegion|Basculegion, L50, M|100/100\n|move|p2a: Incineroar|Protect|p2a: Incineroar\n|-singleturn|p2a: Incineroar|Protect\n|move|p1b: Sneasler|Close Combat|p2a: Incineroar\n|-activate|p2a: Incineroar|move: Protect\n|move|p2b: Toxapex|Toxic|p1a: Basculegion\n|-status|p1a: Basculegion|tox\n|\n|-damage|p1a: Basculegion|93/100 tox|[from] psn\n|-damage|p1b: Sneasler|56/100|[from] move: Infestation|[partiallytrapped]\n|upkeep\n|turn|3\n|\n|t:|1788422752\n|move|p1b: Sneasler|Close Combat|p2a: Incineroar\n|-supereffective|p2a: Incineroar|1\n|-damage|p2a: Incineroar|0 fnt\n|-unboost|p1b: Sneasler|def|1\n|-unboost|p1b: Sneasler|spd|1\n|faint|p2a: Incineroar\n|move|p1a: Basculegion|Wave Crash|p2b: Toxapex\n|-resisted|p2b: Toxapex|1\n|-damage|p2b: Toxapex|75/100\n|-damage|p1a: Basculegion|87/100 tox|[from] Recoil\n|move|p2b: Toxapex|Infestation|p1a: Basculegion\n|-resisted|p1a: Basculegion|1\n|-damage|p1a: Basculegion|85/100 tox\n|-activate|p1a: Basculegion|move: Infestation|[of] p2b: Toxapex\n|\n|-heal|p2b: Toxapex|80/100|[from] item: Leftovers\n|-damage|p1a: Basculegion|73/100 tox|[from] psn\n|-damage|p1b: Sneasler|43/100|[from] move: Infestation|[partiallytrapped]\n|-damage|p1a: Basculegion|61/100 tox|[from] move: Infestation|[partiallytrapped]\n|upkeep\n|\n|t:|1788422758\n|switch|p2a: Aggron|Aggron, L50, M|100/100\n|turn|4\n|\n|t:|1788422776\n|switch|p1a: Charizard|Charizard, L50, M|100/100\n|detailschange|p2a: Aggron|Aggron-Mega, L50, M\n|-mega|p2a: Aggron|Aggron|Aggronite\n|move|p2b: Toxapex|Baneful Bunker|p2b: Toxapex\n|-singleturn|p2b: Toxapex|move: Protect\n|move|p1b: Sneasler|Close Combat|p2a: Aggron\n|-supereffective|p2a: Aggron|1\n|-damage|p2a: Aggron|61/100\n|-unboost|p1b: Sneasler|def|1\n|-unboost|p1b: Sneasler|spd|1\n|move|p2a: Aggron|Sand Tomb|p1b: Sneasler\n|-supereffective|p1b: Sneasler|1\n|-damage|p1b: Sneasler|0 fnt\n|faint|p1b: Sneasler\n|\n|-heal|p2b: Toxapex|86/100|[from] item: Leftovers\n|upkeep\n|\n|t:|1788422776\n|switch|p1b: Farigiraf|Farigiraf, L50, F|100/100\n|turn|5\n|inactive|Giovannalacapanna has 30 seconds left.\n|inactive|Giovannalacapanna has 20 seconds left.\n|inactive|Giovannalacapanna has 15 seconds left.\n|\n|t:|1788422820\n|detailschange|p1a: Charizard|Charizard-Mega-Y, L50, M\n|-mega|p1a: Charizard|Charizard|Charizardite Y\n|-weather|SunnyDay|[from] ability: Drought|[of] p1a: Charizard\n|move|p2b: Toxapex|Wide Guard|p2b: Toxapex\n|-singleturn|p2b: Toxapex|Wide Guard\n|move|p1a: Charizard|Heat Wave|p2b: Toxapex|[spread] \n|-activate|p2a: Aggron|move: Wide Guard\n|-activate|p2b: Toxapex|move: Wide Guard\n|move|p1b: Farigiraf|Psychic|p2b: Toxapex\n|-supereffective|p2b: Toxapex|1\n|-damage|p2b: Toxapex|20/100y\n|move|p2a: Aggron|Endeavor|p1b: Farigiraf\n|-damage|p1b: Farigiraf|47/100\n|-enditem|p1b: Farigiraf|Sitrus Berry|[eat]\n|-heal|p1b: Farigiraf|72/100|[from] item: Sitrus Berry\n|\n|-weather|SunnyDay|[upkeep]\n|-heal|p2b: Toxapex|26/100|[from] item: Leftovers\n|upkeep\n|turn|6\n|\n|t:|1788422840\n|-heal|p2b: Toxapex|59/100|[from] ability: Regenerator|[silent]\n|switch|p2b: Tyranitar|Tyranitar, L50, F|100/100\n|-weather|Sandstorm|[from] ability: Sand Stream|[of] p2b: Tyranitar\n|move|p1a: Charizard|Weather Ball|p2a: Aggron\n|-resisted|p2a: Aggron|1\n|-damage|p2a: Aggron|35/100\n|move|p1b: Farigiraf|Psychic|p2b: Tyranitar\n|-immune|p2b: Tyranitar\n|move|p2a: Aggron|Sand Tomb|p1b: Farigiraf\n|-damage|p1b: Farigiraf|60/100\n|-activate|p1b: Farigiraf|move: Sand Tomb|[of] p2a: Aggron\n|\n|-weather|Sandstorm|[upkeep]\n|-damage|p1a: Charizard|94/100|[from] Sandstorm\n|-damage|p1b: Farigiraf|53/100|[from] Sandstorm\n|-damage|p1b: Farigiraf|41/100|[from] move: Sand Tomb|[partiallytrapped]\n|upkeep\n|turn|7\n|\n|t:|1788422858\n|move|p2b: Tyranitar|Rock Slide|p1a: Charizard|[spread] p1a,p1b\n|-supereffective|p1a: Charizard|2\n|-damage|p1a: Charizard|0 fnt\n|-damage|p1b: Farigiraf|11/100\n|faint|p1a: Charizard\n|move|p2a: Aggron|Body Press|p1b: Farigiraf\n|-damage|p1b: Farigiraf|0 fnt\n|faint|p1b: Farigiraf\n|\n|-weather|Sandstorm|[upkeep]\n|upkeep\n|\n|t:|1788422858\n|switch|p1a: Basculegion|Basculegion, L50, M|61/100 tox\n|turn|8\n|\n|t:|1788422867\n|move|p1a: Basculegion|Wave Crash|p2b: Tyranitar\n|-supereffective|p2b: Tyranitar|1\n|-damage|p2b: Tyranitar|0 fnt\n|faint|p2b: Tyranitar\n|-damage|p1a: Basculegion|31/100 tox|[from] Recoil\n|move|p2a: Aggron|Sand Tomb|p1a: Basculegion\n|-damage|p1a: Basculegion|15/100 tox\n|-activate|p1a: Basculegion|move: Sand Tomb|[of] p2a: Aggron\n|\n|-weather|Sandstorm|[upkeep]\n|-damage|p1a: Basculegion|9/100 tox|[from] Sandstorm\n|-damage|p1a: Basculegion|3/100 tox|[from] psn\n|-damage|p1a: Basculegion|0 fnt|[from] move: Sand Tomb|[partiallytrapped]\n|faint|p1a: Basculegion\n|\n|win|Giovannalacapanna\n|raw|humania1's rating: 1052 &rarr; <strong>1034</strong><br />(-18 for losing)\n|raw|Giovannalacapanna's rating: 1046 &rarr; <strong>1080</strong><br />(+34 for winning)\n","uploadtime":1788422868,"views":"0","formatid":"gen9championsvgc2026regmbbo3","rating":1034,"private":0,"password":null}