{"id":"gen9championsvgc2026regmb-2674073049","format":"[Gen 9 Champions] VGC 2026 Reg M-B","players":["makoyouidiot","Justdock"],"log":"|j|☆makoyouidiot\n|j|☆Justdock\n|t:|1788295447\n|gametype|doubles\n|player|p1|makoyouidiot|biker-gen4|1223\n|player|p2|Justdock|1|1160\n|gen|9\n|tier|[Gen 9 Champions] VGC 2026 Reg M-B\n|rated|\n|rule|Species Clause: Limit one of each Pokémon\n|rule|Item Clause: Limit 1 of each item\n|clearpoke\n|poke|p1|Sylveon, L50, F|\n|poke|p1|Floette-Eternal, L50, F|\n|poke|p1|Basculegion, L50, M|\n|poke|p1|Charizard, L50, M|\n|poke|p1|Whimsicott, L50, M|\n|poke|p1|Garchomp, L50, M|\n|poke|p2|Basculegion, L50, M|\n|poke|p2|Incineroar, L50, M|\n|poke|p2|Sceptile, L50, M|\n|poke|p2|Rotom-Frost, L50|\n|poke|p2|Gardevoir, L50, F|\n|poke|p2|Sneasler, L50, F|\n|teampreview|4\n|inactive|Battle timer is ON: inactive players will automatically lose when time's up. (requested by makoyouidiot)\n|\n|t:|1788295465\n|teamsize|p1|4\n|teamsize|p2|4\n|start\n|switch|p1a: Whimsicott|Whimsicott, L50, M|100/100\n|switch|p1b: Basculegion|Basculegion, L50, M|100/100\n|switch|p2a: Rotom|Rotom-Frost, L50|100/100\n|switch|p2b: Incineroar|Incineroar, L50, M|100/100\n|-ability|p2b: Incineroar|Intimidate|boost\n|-unboost|p1a: Whimsicott|atk|1\n|-unboost|p1b: Basculegion|atk|1\n|turn|1\n|inactive|makoyouidiot has 30 seconds left.\n|\n|t:|1788295493\n|switch|p1a: Garchomp|Garchomp, L50, M|100/100\n|move|p2b: Incineroar|Fake Out|p1a: Garchomp\n|-damage|p1a: Garchomp|89/100\n|-damage|p2b: Incineroar|87/100|[from] ability: Rough Skin|[of] p1a: Garchomp\n|move|p2a: Rotom|Blizzard|p1b: Basculegion|[spread] p1a\n|-miss|p2a: Rotom|p1b: Basculegion\n|-supereffective|p1a: Garchomp|2\n|-damage|p1a: Garchomp|0 fnt\n|faint|p1a: Garchomp\n|move|p1b: Basculegion|Wave Crash|p2b: Incineroar\n|-supereffective|p2b: Incineroar|1\n|-damage|p2b: Incineroar|0 fnt\n|faint|p2b: Incineroar\n|-damage|p1b: Basculegion|72/100|[from] Recoil\n|-damage|p1b: Basculegion|62/100|[from] item: Life Orb\n|\n|upkeep\n|\n|t:|1788295512\n|switch|p1a: Whimsicott|Whimsicott, L50, M|100/100\n|switch|p2b: Sceptile|Sceptile, L50, M|100/100\n|turn|2\n|\n|t:|1788295527\n|detailschange|p2b: Sceptile|Sceptile-Mega, L50, M\n|-mega|p2b: Sceptile|Sceptile|Sceptilite\n|move|p1a: Whimsicott|Encore|p2a: Rotom\n|-start|p2a: Rotom|Encore\n|move|p2b: Sceptile|Substitute|p2b: Sceptile\n|-start|p2b: Sceptile|Substitute\n|-damage|p2b: Sceptile|75/100\n|move|p2a: Rotom|Blizzard|p1b: Basculegion|[spread] p1b\n|-miss|p2a: Rotom|p1a: Whimsicott\n|-resisted|p1b: Basculegion|1\n|-damage|p1b: Basculegion|44/100\n|move|p1b: Basculegion|Last Respects|p2b: Sceptile\n|-end|p2b: Sceptile|Substitute\n|-damage|p1b: Basculegion|35/100|[from] item: Life Orb\n|\n|upkeep\n|turn|3\n|inactive|makoyouidiot has 30 seconds left.\n|\n|t:|1788295557\n|move|p1a: Whimsicott|Tailwind|p1a: Whimsicott\n|-sidestart|p1: makoyouidiot|move: Tailwind\n|move|p2b: Sceptile|Energy Ball|p1b: Basculegion\n|-supereffective|p1b: Basculegion|1\n|-damage|p1b: Basculegion|0 fnt\n|faint|p1b: Basculegion\n|move|p2a: Rotom|Blizzard|p1a: Whimsicott\n|-supereffective|p1a: Whimsicott|1\n|-enditem|p1a: Whimsicott|Focus Sash\n|-damage|p1a: Whimsicott|1/100\n|\n|upkeep\n|\n|t:|1788295568\n|switch|p1b: Charizard|Charizard, L50, M|100/100\n|turn|4\n|\n|t:|1788295588\n|detailschange|p1b: Charizard|Charizard-Mega-Y, L50, M\n|-mega|p1b: Charizard|Charizard|Charizardite Y\n|-weather|SunnyDay|[from] ability: Drought|[of] p1b: Charizard\n|move|p1a: Whimsicott|Encore|p2b: Sceptile\n|-start|p2b: Sceptile|Encore\n|move|p1b: Charizard|Heat Wave|p2a: Rotom|[spread] p2a,p2b\n|-supereffective|p2a: Rotom|1\n|-enditem|p2a: Rotom|Focus Sash\n|-damage|p2a: Rotom|1/100\n|-damage|p2b: Sceptile|1/100\n|-status|p2b: Sceptile|brn\n|move|p2b: Sceptile|Energy Ball|p1b: Charizard\n|-resisted|p1b: Charizard|2\n|-damage|p1b: Charizard|89/100\n|move|p2a: Rotom|Blizzard|p1b: Charizard|[spread] p1a,p1b\n|-supereffective|p1a: Whimsicott|1\n|-damage|p1a: Whimsicott|0 fnt\n|-damage|p1b: Charizard|52/100\n|faint|p1a: Whimsicott\n|\n|-weather|SunnyDay|[upkeep]\n|-damage|p2b: Sceptile|0 fnt|[from] brn\n|faint|p2b: Sceptile\n|-end|p2a: Rotom|Encore\n|upkeep\n|\n|t:|1788295601\n|switch|p2b: Sneasler|Sneasler, L50, F|100/100\n|turn|5\n|\n|t:|1788295619\n|move|p1b: Charizard|Protect|p1b: Charizard\n|-singleturn|p1b: Charizard|Protect\n|move|p2b: Sneasler|Feint|p1b: Charizard\n|-activate|p1b: Charizard|move: Feint\n|-damage|p1b: Charizard|39/100\n|move|p2a: Rotom|Electroweb|p1b: Charizard\n|-supereffective|p1b: Charizard|1\n|-damage|p1b: Charizard|0 fnt\n|faint|p1b: Charizard\n|\n|win|Justdock\n|raw|makoyouidiot's rating: 1223 &rarr; <strong>1194</strong><br />(-29 for losing)\n|raw|Justdock's rating: 1160 &rarr; <strong>1189</strong><br />(+29 for winning)\n|l|☆Justdock\n|player|p2|\n","uploadtime":1788295641,"views":"14","formatid":"gen9championsvgc2026regmb","rating":1189,"private":0,"password":null}