{"id":"gen9championsvgc2026regmbbo3-2674450098","format":"[Gen 9 Champions] VGC 2026 Reg M-B (Bo3)","players":["Infinity7410","looger02"],"log":"|j|☆Infinity7410\n|j|☆looger02\n|html|<table width=\"100%\"><tr><td align=\"left\">Infinity7410</td><td align=\"right\">looger02</tr><tr><td align=\"left\"><i class=\"fa fa-circle\"></i> <i class=\"fa fa-circle-o\"></i> </td><td align=\"right\"><i class=\"fa fa-circle-o\"></i> <i class=\"fa fa-circle\"></i> </tr></table>\n|uhtml|bestof|<h2><strong>Game 3</strong> of <a href=\"/game-bestof3-gen9championsvgc2026regmbbo3-2674443656\">a best-of-3</a></h2>\n|t:|1788361250\n|gametype|doubles\n|player|p1|Infinity7410|1|1133\n|player|p2|looger02|gardenia|1071\n|gen|9\n|tier|[Gen 9 Champions] VGC 2026 Reg M-B (Bo3)\n|rated|\n|rule|Species Clause: Limit one of each Pokémon\n|rule|Item Clause: Limit 1 of each item\n|clearpoke\n|poke|p1|Whimsicott, L50, F, shiny|\n|poke|p1|Charizard, L50, F, shiny|\n|poke|p1|Kingambit, L50, M, shiny|\n|poke|p1|Basculegion, L50, M, shiny|\n|poke|p1|Garchomp, L50, F|\n|poke|p1|Floette-Eternal, L50, F|\n|poke|p2|Gyarados, L50, F, shiny|\n|poke|p2|Sinistcha, L50|\n|poke|p2|Weavile, L50, M|\n|poke|p2|Toxapex, L50, F, shiny|\n|poke|p2|Metagross, L50, shiny|\n|poke|p2|Kommo-o, L50, M, shiny|\n|teampreview|4\n|showteam|p1|Whimsicott||FocusSash|Prankster|Encore,Tailwind,Protect,Moonblast|Timid||F|||50|]Charizard||CharizarditeY|Blaze|WeatherBall,Protect,AncientPower,SolarBeam|Timid||F|||50|]Kingambit||OccaBerry|Defiant|SuckerPunch,IronHead,KowtowCleave,LowKick|Adamant||M|||50|]Basculegion||LifeOrb|Adaptability|WaveCrash,AquaJet,Protect,LastRespects|Adamant||M|||50|]Garchomp||SitrusBerry|RoughSkin|Protect,Earthquake,RockSlide,DragonClaw|Jolly||F|||50|]Floette-Eternal||Floettite|FlowerVeil|Protect,CalmMind,DazzlingGleam,LightofRuin|Modest||F|||50|\n|showteam|p2|Gyarados||Gyaradosite|Intimidate|Waterfall,LashOut,DragonDance,Protect|Adamant||F|||50|]Sinistcha||SitrusBerry|Hospitality|MatchaGotcha,RagePowder,StrengthSap,Protect|Calm|||||50|]Weavile||FocusSash|Pickpocket|FakeOut,KnockOff,TripleAxel,Protect|Jolly||M|||50|]Toxapex||Leftovers|Regenerator|Infestation,Toxic,BanefulBunker,WideGuard|Bold||F|||50|]Metagross||Metagrossite|ClearBody|PsychicFangs,BodyPress,BulletPunch,Protect|Jolly|||||50|]Kommo-o||HabanBerry|Bulletproof|AuraSphere,ClangingScales,VacuumWave,Protect|Modest||M|||50|\n|inactive|Battle timer is ON: inactive players will automatically lose when time's up. (requested by looger02)\n|inactive|Infinity7410 has 60 seconds left.\n|\n|t:|1788361309\n|teamsize|p1|4\n|teamsize|p2|4\n|start\n|switch|p1a: Charizard|Charizard, L50, F, shiny|100/100\n|switch|p1b: Garchomp|Garchomp, L50, F|100/100\n|switch|p2a: Weavile|Weavile, L50, M|100/100\n|switch|p2b: Toxapex|Toxapex, L50, F, shiny|100/100\n|turn|1\n|inactive|Infinity7410 has 30 seconds left.\n|\n|t:|1788361342\n|detailschange|p1a: Charizard|Charizard-Mega-Y, L50, F, shiny\n|-mega|p1a: Charizard|Charizard|Charizardite Y\n|-weather|SunnyDay|[from] ability: Drought|[of] p1a: Charizard\n|move|p2a: Weavile|Protect|p2a: Weavile\n|-singleturn|p2a: Weavile|Protect\n|move|p2b: Toxapex|Baneful Bunker|p2b: Toxapex\n|-singleturn|p2b: Toxapex|move: Protect\n|move|p1b: Garchomp|Earthquake|p2b: Toxapex|[spread] \n|-activate|p2a: Weavile|move: Protect\n|-activate|p2b: Toxapex|move: Protect\n|-immune|p1a: Charizard\n|move|p1a: Charizard|Solar Beam||[still]\n|-prepare|p1a: Charizard|Solar Beam\n|-anim|p1a: Charizard|Solar Beam|p2b: Toxapex\n|-activate|p2b: Toxapex|move: Protect\n|\n|-weather|SunnyDay|[upkeep]\n|upkeep\n|turn|2\n|inactive|Infinity7410 has 30 seconds left.\n|inactive|looger02 has 30 seconds left.\n|inactive|looger02 has 20 seconds left.\n|\n|t:|1788361380\n|switch|p2a: Kommo-o|Kommo-o, L50, M, shiny|100/100\n|switch|p1b: Kingambit|Kingambit, L50, M, shiny|100/100\n|move|p1a: Charizard|Weather Ball|p2a: Kommo-o\n|-immune|p2a: Kommo-o|[from] ability: Bulletproof\n|move|p2b: Toxapex|Infestation|p1a: Charizard\n|-resisted|p1a: Charizard|2\n|-damage|p1a: Charizard|99/100\n|-activate|p1a: Charizard|move: Infestation|[of] p2b: Toxapex\n|\n|-weather|SunnyDay|[upkeep]\n|-damage|p1a: Charizard|87/100|[from] move: Infestation|[partiallytrapped]\n|upkeep\n|turn|3\n|inactive|Infinity7410 has 30 seconds left.\n|inactive|looger02 has 30 seconds left.\n|\n|t:|1788361413\n|switch|p1b: Whimsicott|Whimsicott, L50, F, shiny|100/100\n|move|p2a: Kommo-o|Vacuum Wave|p1b: Whimsicott\n|-resisted|p1b: Whimsicott|1\n|-damage|p1b: Whimsicott|86/100\n|move|p1a: Charizard|Solar Beam||[still]\n|-prepare|p1a: Charizard|Solar Beam\n|-anim|p1a: Charizard|Solar Beam|p2b: Toxapex\n|-damage|p2b: Toxapex|68/100\n|move|p2b: Toxapex|Toxic|p1a: Charizard\n|-status|p1a: Charizard|tox\n|\n|-weather|SunnyDay|[upkeep]\n|-heal|p2b: Toxapex|74/100|[from] item: Leftovers\n|-damage|p1a: Charizard|81/100 tox|[from] psn\n|-damage|p1a: Charizard|69/100 tox|[from] move: Infestation|[partiallytrapped]\n|upkeep\n|turn|4\n|inactive|Infinity7410 has 30 seconds left.\n|inactive|looger02 has 30 seconds left.\n|inactive|Infinity7410 has 20 seconds left.\n|inactive|Infinity7410 has 15 seconds left.\n|inactive|Infinity7410 has 10 seconds left.\n|\n|t:|1788361460\n|move|p2a: Kommo-o|Protect|p2a: Kommo-o\n|-singleturn|p2a: Kommo-o|Protect\n|move|p1b: Whimsicott|Moonblast|p2a: Kommo-o\n|-activate|p2a: Kommo-o|move: Protect\n|move|p1a: Charizard|Solar Beam||[still]\n|-prepare|p1a: Charizard|Solar Beam\n|-anim|p1a: Charizard|Solar Beam|p2b: Toxapex\n|-damage|p2b: Toxapex|43/100\n|move|p2b: Toxapex|Toxic|p1b: Whimsicott\n|-status|p1b: Whimsicott|tox\n|\n|-weather|SunnyDay|[upkeep]\n|-heal|p2b: Toxapex|49/100|[from] item: Leftovers\n|-damage|p1b: Whimsicott|80/100 tox|[from] psn\n|-damage|p1a: Charizard|56/100 tox|[from] psn\n|-damage|p1a: Charizard|44/100 tox|[from] move: Infestation|[partiallytrapped]\n|upkeep\n|turn|5\n|inactive|Infinity7410 has 30 seconds left.\n|inactive|looger02 has 30 seconds left.\n|\n|t:|1788361492\n|switch|p1b: Kingambit|Kingambit, L50, M, shiny|100/100\n|switch|p2a: Metagross|Metagross, L50, shiny|100/100\n|move|p1a: Charizard|Solar Beam||[still]\n|-prepare|p1a: Charizard|Solar Beam\n|-anim|p1a: Charizard|Solar Beam|p2b: Toxapex\n|-damage|p2b: Toxapex|16/100\n|move|p2b: Toxapex|Infestation|p1b: Kingambit\n|-damage|p1b: Kingambit|97/100\n|-activate|p1b: Kingambit|move: Infestation|[of] p2b: Toxapex\n|\n|-weather|none\n|-heal|p2b: Toxapex|22/100|[from] item: Leftovers\n|-damage|p1a: Charizard|26/100 tox|[from] psn\n|-damage|p1a: Charizard|14/100 tox|[from] move: Infestation|[partiallytrapped]\n|-damage|p1b: Kingambit|85/100|[from] move: Infestation|[partiallytrapped]\n|upkeep\n|turn|6\n|inactive|looger02 has 30 seconds left.\n|\n|t:|1788361519\n|detailschange|p2a: Metagross|Metagross-Mega, L50, shiny\n|-mega|p2a: Metagross|Metagross|Metagrossite\n|move|p2a: Metagross|Protect|p2a: Metagross\n|-singleturn|p2a: Metagross|Protect\n|move|p2b: Toxapex|Baneful Bunker|p2b: Toxapex\n|-singleturn|p2b: Toxapex|move: Protect\n|move|p1a: Charizard|Ancient Power|p2b: Toxapex\n|-activate|p2b: Toxapex|move: Protect\n|move|p1b: Kingambit|Kowtow Cleave|p2b: Toxapex\n|-activate|p2b: Toxapex|move: Protect\n|\n|-heal|p2b: Toxapex|28/100|[from] item: Leftovers\n|-damage|p1a: Charizard|0 fnt|[from] psn\n|faint|p1a: Charizard\n|-damage|p1b: Kingambit|73/100|[from] move: Infestation|[partiallytrapped]\n|upkeep\n|\n|t:|1788361533\n|switch|p1a: Garchomp|Garchomp, L50, F|100/100\n|turn|7\n|\n|t:|1788361548\n|move|p2b: Toxapex|Wide Guard|p2b: Toxapex\n|-singleturn|p2b: Toxapex|Wide Guard\n|move|p1b: Kingambit|Sucker Punch|p2a: Metagross\n|-supereffective|p2a: Metagross|1\n|-damage|p2a: Metagross|31/100\n|move|p2a: Metagross|Body Press|p1b: Kingambit\n|-supereffective|p1b: Kingambit|2\n|-damage|p1b: Kingambit|0 fnt\n|faint|p1b: Kingambit\n|move|p1a: Garchomp|Dragon Claw|p2b: Toxapex\n|-damage|p2b: Toxapex|2/100\n|\n|-heal|p2b: Toxapex|8/100|[from] item: Leftovers\n|upkeep\n|\n|t:|1788361557\n|switch|p1b: Whimsicott|Whimsicott, L50, F, shiny|80/100 tox\n|turn|8\n|inactive|Infinity7410 has 30 seconds left.\n|\n|t:|1788361586\n|move|p2b: Toxapex|Baneful Bunker||[still]\n|-fail|p2b: Toxapex\n|move|p2a: Metagross|Bullet Punch|p1b: Whimsicott\n|-supereffective|p1b: Whimsicott|1\n|-damage|p1b: Whimsicott|0 fnt\n|faint|p1b: Whimsicott\n|move|p1a: Garchomp|Rock Slide|p2b: Toxapex|[spread] p2a,p2b\n|-resisted|p2a: Metagross|1\n|-crit|p2a: Metagross\n|-damage|p2a: Metagross|21/100\n|-damage|p2b: Toxapex|0 fnt\n|faint|p2b: Toxapex\n|\n|upkeep\n|\n|t:|1788361602\n|switch|p2b: Weavile|Weavile, L50, M|100/100\n|turn|9\n|\n|t:|1788361613\n|move|p1a: Garchomp|Protect|p1a: Garchomp\n|-singleturn|p1a: Garchomp|Protect\n|move|p2b: Weavile|Fake Out|p1a: Garchomp\n|-activate|p1a: Garchomp|move: Protect\n|move|p2a: Metagross|Psychic Fangs|p1a: Garchomp\n|-activate|p1a: Garchomp|move: Protect\n|\n|upkeep\n|turn|10\n|\n|t:|1788361626\n|move|p2b: Weavile|Triple Axel|p1a: Garchomp\n|-supereffective|p1a: Garchomp|2\n|-damage|p1a: Garchomp|63/100\n|-damage|p2b: Weavile|87/100|[from] ability: Rough Skin|[of] p1a: Garchomp\n|-supereffective|p1a: Garchomp|2\n|-damage|p1a: Garchomp|0 fnt\n|-damage|p2b: Weavile|75/100|[from] ability: Rough Skin|[of] p1a: Garchomp\n|faint|p1a: Garchomp\n|-hitcount|p1: Garchomp|2\n|\n|win|looger02\n|raw|Infinity7410's rating: 1133 &rarr; <strong>1104</strong><br />(-29 for losing)\n|raw|looger02's rating: 1071 &rarr; <strong>1106</strong><br />(+35 for winning)\n","uploadtime":1788361628,"views":"0","formatid":"gen9championsvgc2026regmbbo3","rating":1104,"private":0,"password":null}