{"id":"gen9championsvgc2026regmbbo3-2673483186","format":"[Gen 9 Champions] VGC 2026 Reg M-B (Bo3)","players":["its just mat","probandoteammvp"],"log":"|j|☆its just mat\n|j|☆probandoteammvp\n|html|<table width=\"100%\"><tr><td align=\"left\">its just mat</td><td align=\"right\">probandoteammvp</tr><tr><td align=\"left\"><i class=\"fa fa-circle-o\"></i> <i class=\"fa fa-circle-o\"></i> </td><td align=\"right\"><i class=\"fa fa-circle-o\"></i> <i class=\"fa fa-circle-o\"></i> </tr></table>\n|uhtml|bestof|<h2><strong>Game 1</strong> of <a href=\"/game-bestof3-gen9championsvgc2026regmbbo3-2673483185\">a best-of-3</a></h2>\n|t:|1788203207\n|gametype|doubles\n|player|p1|its just mat|unknown|1240\n|player|p2|probandoteammvp|102|1324\n|gen|9\n|tier|[Gen 9 Champions] VGC 2026 Reg M-B (Bo3)\n|rated|\n|rule|Species Clause: Limit one of each Pokémon\n|rule|Item Clause: Limit 1 of each item\n|clearpoke\n|poke|p1|Charizard, L50, M, shiny|\n|poke|p1|Floette-Eternal, L50, F|\n|poke|p1|Kingambit, L50, M, shiny|\n|poke|p1|Basculegion, L50, M, shiny|\n|poke|p1|Garchomp, L50, F|\n|poke|p1|Whimsicott, L50, M, shiny|\n|poke|p2|Dragonite, L50, M, shiny|\n|poke|p2|Pelipper, L50, M, shiny|\n|poke|p2|Archaludon, L50, M, shiny|\n|poke|p2|Charizard, L50, M, shiny|\n|poke|p2|Torkoal, L50, M, shiny|\n|poke|p2|Kingambit, L50, M, shiny|\n|teampreview|4\n|showteam|p1|Charizard||CharizarditeY|Blaze|HeatWave,WeatherBall,AncientPower,Protect|Timid||M|||50|]Floette-Eternal||Floettite|FlowerVeil|Moonblast,DazzlingGleam,LightofRuin,Protect|Modest||F|||50|]Kingambit||OccaBerry|Defiant|KowtowCleave,SuckerPunch,IronHead,LowKick|Adamant||M|||50|]Basculegion||LifeOrb|Adaptability|WaveCrash,LastRespects,AquaJet,Protect|Adamant||M|||50|]Garchomp||SitrusBerry|RoughSkin|Earthquake,DragonClaw,RockSlide,Protect|Jolly||F|||50|]Whimsicott||FocusSash|Prankster|Moonblast,Tailwind,Encore,Protect|Timid||M|||50|\n|showteam|p2|Dragonite||Dragoninite|Multiscale|Hurricane,HeatWave,DragonPulse,Protect|Modest||M|||50|]Pelipper||FocusSash|Drizzle|Tailwind,WeatherBall,HelpingHand,Protect|Timid||M|||50|]Archaludon||Leftovers|Stamina|ElectroShot,FlashCannon,DragonPulse,Protect|Modest||M|||50|]Charizard||LifeOrb|SolarPower|HeatWave,AncientPower,WeatherBall,Protect|Serious||M|||50|]Torkoal||Charcoal|Drought|Eruption,HeatWave,HelpingHand,Protect|Quiet||M|||50|]Kingambit||OccaBerry|Defiant|KowtowCleave,SuckerPunch,IronHead,Protect|Adamant||M|||50|\n|inactive|Battle timer is ON: inactive players will automatically lose when time's up. (requested by its just mat)\n|inactive|its just mat has 60 seconds left.\n|inactive|its just mat has 30 seconds left.\n|inactive|its just mat has 20 seconds left.\n|\n|t:|1788203287\n|teamsize|p1|4\n|teamsize|p2|4\n|start\n|switch|p1a: Garchomp|Garchomp, L50, F|100/100\n|switch|p1b: Whimsicott|Whimsicott, L50, M, shiny|100/100\n|switch|p2a: Dragonite|Dragonite, L50, M, shiny|100/100\n|switch|p2b: Archaludon|Archaludon, L50, M, shiny|100/100\n|turn|1\n|\n|t:|1788203309\n|detailschange|p2a: Dragonite|Dragonite-Mega, L50, M, shiny\n|-mega|p2a: Dragonite|Dragonite|Dragoninite\n|move|p2b: Archaludon|Protect|p2b: Archaludon\n|-singleturn|p2b: Archaludon|Protect\n|move|p1b: Whimsicott|Tailwind|p1b: Whimsicott\n|-sidestart|p1: its just mat|move: Tailwind\n|move|p1a: Garchomp|Rock Slide|p2b: Archaludon|[spread] p2a\n|-activate|p2b: Archaludon|move: Protect\n|-supereffective|p2a: Dragonite|1\n|-damage|p2a: Dragonite|83/100\n|cant|p2a: Dragonite|flinch\n|\n|upkeep\n|turn|2\n|\n|t:|1788203327\n|move|p1a: Garchomp|Protect|p1a: Garchomp\n|-singleturn|p1a: Garchomp|Protect\n|move|p1b: Whimsicott|Encore||[still]\n|-fail|p1b: Whimsicott\n|move|p2a: Dragonite|Dragon Pulse|p1a: Garchomp\n|-activate|p1a: Garchomp|move: Protect\n|move|p2b: Archaludon|Dragon Pulse|p1a: Garchomp\n|-activate|p1a: Garchomp|move: Protect\n|\n|upkeep\n|turn|3\n|inactive|probandoteammvp has 30 seconds left.\n|inactive|probandoteammvp has 20 seconds left.\n|inactive|probandoteammvp has 15 seconds left.\n|\n|t:|1788203368\n|switch|p1a: Kingambit|Kingambit, L50, M, shiny|100/100\n|move|p2a: Dragonite|Protect|p2a: Dragonite\n|-singleturn|p2a: Dragonite|Protect\n|move|p1b: Whimsicott|Moonblast|p2a: Dragonite\n|-activate|p2a: Dragonite|move: Protect\n|move|p2b: Archaludon|Dragon Pulse|p1a: Kingambit\n|-resisted|p1a: Kingambit|1\n|-damage|p1a: Kingambit|81/100\n|\n|upkeep\n|turn|4\n|\n|t:|1788203384\n|switch|p2a: Pelipper|Pelipper, L50, M, shiny|100/100\n|-weather|RainDance|[from] ability: Drizzle|[of] p2a: Pelipper\n|move|p1b: Whimsicott|Moonblast|p2b: Archaludon\n|-damage|p2b: Archaludon|64/100\n|-ability|p2b: Archaludon|Stamina|boost\n|-boost|p2b: Archaludon|def|1\n|move|p1a: Kingambit|Low Kick|p2b: Archaludon\n|-supereffective|p2b: Archaludon|1\n|-damage|p2b: Archaludon|26/100\n|-ability|p2b: Archaludon|Stamina|boost\n|-boost|p2b: Archaludon|def|1\n|move|p2b: Archaludon|Electro Shot||[still]\n|-prepare|p2b: Archaludon|Electro Shot\n|-boost|p2b: Archaludon|spa|1\n|-anim|p2b: Archaludon|Electro Shot|p1a: Kingambit\n|-damage|p1a: Kingambit|21/100\n|\n|-weather|RainDance|[upkeep]\n|-heal|p2b: Archaludon|32/100|[from] item: Leftovers\n|-sideend|p1: its just mat|move: Tailwind\n|upkeep\n|turn|5\n|inactive|its just mat has 30 seconds left.\n|inactive|probandoteammvp has 30 seconds left.\n|inactive|probandoteammvp has 20 seconds left.\n|\n|t:|1788203420\n|move|p2b: Archaludon|Protect|p2b: Archaludon\n|-singleturn|p2b: Archaludon|Protect\n|move|p1b: Whimsicott|Moonblast|p2b: Archaludon\n|-activate|p2b: Archaludon|move: Protect\n|move|p2a: Pelipper|Weather Ball|p1a: Kingambit\n|-damage|p1a: Kingambit|0 fnt\n|faint|p1a: Kingambit\n|\n|-weather|RainDance|[upkeep]\n|-heal|p2b: Archaludon|39/100|[from] item: Leftovers\n|upkeep\n|\n|t:|1788203431\n|switch|p1a: Garchomp|Garchomp, L50, F|100/100\n|turn|6\n|\n|t:|1788203447\n|switch|p2b: Dragonite|Dragonite-Mega, L50, M, shiny|83/100\n|move|p1b: Whimsicott|Moonblast|p2b: Dragonite\n|-supereffective|p2b: Dragonite|1\n|-damage|p2b: Dragonite|25/100\n|move|p1a: Garchomp|Dragon Claw|p2b: Dragonite\n|-supereffective|p2b: Dragonite|1\n|-damage|p2b: Dragonite|0 fnt\n|faint|p2b: Dragonite\n|move|p2a: Pelipper|Tailwind|p2a: Pelipper\n|-sidestart|p2: probandoteammvp|move: Tailwind\n|\n|-weather|RainDance|[upkeep]\n|upkeep\n|\n|t:|1788203459\n|switch|p2b: Archaludon|Archaludon, L50, M, shiny|39/100\n|turn|7\n|\n|t:|1788203473\n|move|p2b: Archaludon|Protect|p2b: Archaludon\n|-singleturn|p2b: Archaludon|Protect\n|move|p1b: Whimsicott|Tailwind|p1b: Whimsicott\n|-sidestart|p1: its just mat|move: Tailwind\n|move|p1a: Garchomp|Earthquake|p2a: Pelipper|[spread] p1b\n|-activate|p2b: Archaludon|move: Protect\n|-immune|p2a: Pelipper\n|-resisted|p1b: Whimsicott|1\n|-damage|p1b: Whimsicott|68/100\n|move|p2a: Pelipper|Weather Ball|p1a: Garchomp\n|-damage|p1a: Garchomp|31/100\n|-enditem|p1a: Garchomp|Sitrus Berry|[eat]\n|-heal|p1a: Garchomp|56/100|[from] item: Sitrus Berry\n|\n|-weather|RainDance|[upkeep]\n|-heal|p2b: Archaludon|45/100|[from] item: Leftovers\n|upkeep\n|turn|8\n|\n|t:|1788203495\n|move|p1b: Whimsicott|Moonblast|p2a: Pelipper\n|-damage|p2a: Pelipper|44/100\n|move|p1a: Garchomp|Earthquake|p2a: Pelipper|[spread] p1b,p2b\n|-immune|p2a: Pelipper\n|-resisted|p1b: Whimsicott|1\n|-supereffective|p2b: Archaludon|1\n|-damage|p1b: Whimsicott|40/100\n|-damage|p2b: Archaludon|0 fnt\n|faint|p2b: Archaludon\n|move|p2a: Pelipper|Weather Ball|p1a: Garchomp\n|-damage|p1a: Garchomp|0 fnt\n|faint|p1a: Garchomp\n|\n|-weather|none\n|upkeep\n|\n|t:|1788203503\n|switch|p1a: Basculegion|Basculegion, L50, M, shiny|100/100\n|switch|p2b: Kingambit|Kingambit, L50, M, shiny|100/100\n|turn|9\n|inactive|its just mat has 30 seconds left.\n|inactive|probandoteammvp has 30 seconds left.\n|inactive|probandoteammvp has 20 seconds left.\n|inactive|probandoteammvp has 15 seconds left.\n|\n|t:|1788203544\n|move|p1b: Whimsicott|Moonblast|p2b: Kingambit\n|-damage|p2b: Kingambit|67/100\n|move|p2a: Pelipper|Weather Ball|p1b: Whimsicott\n|-crit|p1b: Whimsicott\n|-damage|p1b: Whimsicott|2/100\n|move|p1a: Basculegion|Last Respects|p2a: Pelipper\n|-damage|p2a: Pelipper|0 fnt\n|faint|p2a: Pelipper\n|-damage|p1a: Basculegion|90/100|[from] item: Life Orb\n|move|p2b: Kingambit|Kowtow Cleave|p1a: Basculegion\n|-supereffective|p1a: Basculegion|1\n|-damage|p1a: Basculegion|0 fnt\n|faint|p1a: Basculegion\n|\n|-sideend|p2: probandoteammvp|move: Tailwind\n|upkeep\n|turn|10\n|\n|t:|1788203558\n|move|p2b: Kingambit|Sucker Punch|p1b: Whimsicott\n|-resisted|p1b: Whimsicott|1\n|-damage|p1b: Whimsicott|0 fnt\n|faint|p1b: Whimsicott\n|\n|win|probandoteammvp\n||probandoteammvp is ready for game 2.\n|inactive|its just mat has 30 seconds to confirm battle start!\n||its just mat is ready for game 2.\n|uhtml|next|Next: <a href=\"/battle-gen9championsvgc2026regmbbo3-2673486169\"><strong>Game 2 of 3</strong></a>\n","uploadtime":1788203807,"views":"5","formatid":"gen9championsvgc2026regmbbo3","rating":null,"private":0,"password":null}