{"id":"gen9championsvgc2026regmbbo3-2674142516","format":"[Gen 9 Champions] VGC 2026 Reg M-B (Bo3)","players":["dubdecer","moicito"],"log":"|j|☆dubdecer\n|j|☆moicito\n|html|<table width=\"100%\"><tr><td align=\"left\">dubdecer</td><td align=\"right\">moicito</tr><tr><td align=\"left\"><i class=\"fa fa-circle-o\"></i> <i class=\"fa fa-circle-o\"></i> </td><td align=\"right\"><i class=\"fa fa-circle-o\"></i> <i class=\"fa fa-circle-o\"></i> </tr></table>\n|uhtml|bestof|<h2><strong>Game 1</strong> of <a href=\"/game-bestof3-gen9championsvgc2026regmbbo3-2674142515\">a best-of-3</a></h2>\n|t:|1788305447\n|gametype|doubles\n|player|p1|dubdecer|2|1261\n|player|p2|moicito|caitlin|1152\n|gen|9\n|tier|[Gen 9 Champions] VGC 2026 Reg M-B (Bo3)\n|rated|\n|rule|Species Clause: Limit one of each Pokémon\n|rule|Item Clause: Limit 1 of each item\n|clearpoke\n|poke|p1|Grimmsnarl, L50, M|\n|poke|p1|Tyranitar, L50, F|\n|poke|p1|Kommo-o, L50, F|\n|poke|p1|Sinistcha, L50|\n|poke|p1|Staraptor, L50, F|\n|poke|p1|Gholdengo, L50|\n|poke|p2|Whimsicott, L50, F|\n|poke|p2|Garchomp, L50, F|\n|poke|p2|Basculegion, L50, M|\n|poke|p2|Kingambit, L50, F|\n|poke|p2|Floette-Eternal, L50, F|\n|poke|p2|Charizard, L50, M|\n|teampreview|4\n|showteam|p1|Grimmsnarl||LightClay|Prankster|PartingShot,LightScreen,Reflect,FakeOut|Impish||M|||50|]Tyranitar||Tyranitarite|SandStream|KnockOff,RockSlide,DragonDance,Protect|Jolly||F|||50|]Kommo-o||Leftovers|Overcoat|BodyPress,ClangingScales,IronDefense,Protect|Modest||F|||50|]Sinistcha||SitrusBerry|Hospitality|MatchaGotcha,RagePowder,LifeDew,TrickRoom|Calm|||||50|]Staraptor||Staraptite|Intimidate|BraveBird,CloseCombat,Tailwind,Protect|Jolly||F|||50|]Gholdengo||ColburBerry|GoodasGold|MakeItRain,ShadowBall,NastyPlot,Protect|Modest|||||50|\n|showteam|p2|Whimsicott||FocusSash|Prankster|Moonblast,Tailwind,Encore,Protect|Timid||F|||50|]Garchomp||SitrusBerry|RoughSkin|DragonClaw,StompingTantrum,RockSlide,Protect|Adamant||F|||50|]Basculegion||LifeOrb|Adaptability|WaveCrash,LastRespects,AquaJet,Protect|Adamant||M|||50|]Kingambit||ChopleBerry|Defiant|KowtowCleave,IronHead,LowKick,SuckerPunch|Adamant||F|||50|]Floette-Eternal||Floettite|FlowerVeil|Moonblast,DazzlingGleam,LightofRuin,Protect|Timid||F|||50|]Charizard||CharizarditeY|Blaze|HeatWave,AncientPower,WeatherBall,Protect|Modest||M|||50|\n|inactive|Battle timer is ON: inactive players will automatically lose when time's up. (requested by dubdecer)\n|inactive|dubdecer has 60 seconds left.\n|inactive|moicito has 60 seconds left.\n|inactive|dubdecer has 30 seconds left.\n|inactive|moicito has 30 seconds left.\n|inactive|moicito has 20 seconds left.\n|inactive|moicito has 15 seconds left.\n|\n|t:|1788305523\n|teamsize|p1|4\n|teamsize|p2|4\n|start\n|switch|p1a: Tyranitar|Tyranitar, L50, F|100/100\n|switch|p1b: Grimmsnarl|Grimmsnarl, L50, M|100/100\n|switch|p2a: Floette|Floette-Eternal, L50, F|100/100\n|switch|p2b: Kingambit|Kingambit, L50, F|100/100\n|-weather|Sandstorm|[from] ability: Sand Stream|[of] p1a: Tyranitar\n|turn|1\n|inactive|dubdecer has 30 seconds left.\n|\n|t:|1788305551\n|detailschange|p2a: Floette|Floette-Mega, L50, F\n|-mega|p2a: Floette|Floette|Floettite\n|-ability|p2a: Floette|Fairy Aura\n|move|p1a: Tyranitar|Protect|p1a: Tyranitar\n|-singleturn|p1a: Tyranitar|Protect\n|move|p1b: Grimmsnarl|Light Screen|p1b: Grimmsnarl\n|-sidestart|p1: dubdecer|move: Light Screen\n|move|p2a: Floette|Dazzling Gleam|p1b: Grimmsnarl|[spread] p1b\n|-activate|p1a: Tyranitar|move: Protect\n|-supereffective|p1b: Grimmsnarl|1\n|-damage|p1b: Grimmsnarl|41/100\n|move|p2b: Kingambit|Low Kick|p1a: Tyranitar\n|-activate|p1a: Tyranitar|move: Protect\n|\n|-weather|Sandstorm|[upkeep]\n|-damage|p2a: Floette|94/100|[from] Sandstorm\n|-damage|p1b: Grimmsnarl|35/100|[from] Sandstorm\n|upkeep\n|turn|2\n|inactive|moicito has 30 seconds left.\n|inactive|dubdecer has 30 seconds left.\n|\n|t:|1788305582\n|switch|p1a: Gholdengo|Gholdengo, L50|100/100\n|move|p1b: Grimmsnarl|Reflect|p1b: Grimmsnarl\n|-sidestart|p1: dubdecer|Reflect\n|move|p2a: Floette|Dazzling Gleam|p1b: Grimmsnarl|[spread] p1a,p1b\n|-resisted|p1a: Gholdengo|1\n|-supereffective|p1b: Grimmsnarl|1\n|-damage|p1a: Gholdengo|83/100\n|-damage|p1b: Grimmsnarl|0 fnt\n|faint|p1b: Grimmsnarl\n|move|p2b: Kingambit|Iron Head|p1a: Gholdengo\n|-resisted|p1a: Gholdengo|1\n|-damage|p1a: Gholdengo|71/100\n|\n|-weather|Sandstorm|[upkeep]\n|-damage|p2a: Floette|88/100|[from] Sandstorm\n|upkeep\n|\n|t:|1788305588\n|switch|p1b: Sinistcha|Sinistcha, L50|100/100\n|-heal|p1a: Gholdengo|96/100|[from] ability: Hospitality|[of] p1b: Sinistcha\n|turn|3\n|\n|t:|1788305606\n|switch|p1b: Tyranitar|Tyranitar, L50, F|100/100\n|move|p2a: Floette|Protect|p2a: Floette\n|-singleturn|p2a: Floette|Protect\n|move|p1a: Gholdengo|Nasty Plot|p1a: Gholdengo\n|-boost|p1a: Gholdengo|spa|2\n|move|p2b: Kingambit|Kowtow Cleave|p1b: Tyranitar\n|-resisted|p1b: Tyranitar|1\n|-damage|p1b: Tyranitar|85/100\n|\n|-weather|Sandstorm|[upkeep]\n|-damage|p2a: Floette|82/100|[from] Sandstorm\n|upkeep\n|turn|4\n|\n|t:|1788305622\n|move|p2a: Floette|Light of Ruin|p1b: Tyranitar\n|-supereffective|p1b: Tyranitar|1\n|-damage|p1b: Tyranitar|0 fnt\n|faint|p1b: Tyranitar\n|-damage|p2a: Floette|31/100|[from] Recoil\n|move|p1a: Gholdengo|Make It Rain|p2b: Kingambit|[spread] p2a,p2b\n|-supereffective|p2a: Floette|1\n|-resisted|p2b: Kingambit|1\n|-damage|p2a: Floette|0 fnt\n|-damage|p2b: Kingambit|62/100\n|-unboost|p1a: Gholdengo|spa|2\n|faint|p2a: Floette\n|move|p2b: Kingambit|Kowtow Cleave|p1a: Gholdengo\n|-supereffective|p1a: Gholdengo|1\n|-enditem|p1a: Gholdengo|Colbur Berry|[eat]\n|-enditem|p1a: Gholdengo|Colbur Berry|[weaken]\n|-damage|p1a: Gholdengo|70/100\n|\n|-weather|Sandstorm|[upkeep]\n|upkeep\n|inactive|moicito has 30 seconds left.\n|\n|t:|1788305648\n|switch|p2a: Basculegion|Basculegion, L50, M|100/100\n|switch|p1b: Sinistcha|Sinistcha, L50|100/100\n|-heal|p1a: Gholdengo|95/100|[from] ability: Hospitality|[of] p1b: Sinistcha\n|turn|5\n|inactive|moicito has 30 seconds left.\n|\n|t:|1788305681\n|move|p2a: Basculegion|Last Respects|p1b: Sinistcha\n|-supereffective|p1b: Sinistcha|1\n|-damage|p1b: Sinistcha|3/100\n|-enditem|p1b: Sinistcha|Sitrus Berry|[eat]\n|-heal|p1b: Sinistcha|28/100|[from] item: Sitrus Berry\n|-damage|p2a: Basculegion|90/100|[from] item: Life Orb\n|move|p1a: Gholdengo|Shadow Ball|p2a: Basculegion\n|-supereffective|p2a: Basculegion|1\n|-damage|p2a: Basculegion|0 fnt\n|faint|p2a: Basculegion\n|move|p1b: Sinistcha|Life Dew|p1b: Sinistcha|[spread] p1b\n|-immune|p1a: Gholdengo|[from] ability: Good as Gold\n|-heal|p1b: Sinistcha|53/100\n|move|p2b: Kingambit|Kowtow Cleave|p1b: Sinistcha\n|-supereffective|p1b: Sinistcha|1\n|-damage|p1b: Sinistcha|5/100\n|\n|-weather|none\n|upkeep\n|\n|t:|1788305698\n|switch|p2a: Whimsicott|Whimsicott, L50, F|100/100\n|turn|6\n|inactive|dubdecer has 30 seconds left.\n|\n|t:|1788305725\n|move|p2a: Whimsicott|Moonblast|p1b: Sinistcha\n|-damage|p1b: Sinistcha|0 fnt\n|faint|p1b: Sinistcha\n|move|p1a: Gholdengo|Nasty Plot|p1a: Gholdengo\n|-boost|p1a: Gholdengo|spa|2\n|move|p2b: Kingambit|Kowtow Cleave|p1a: Gholdengo\n|-supereffective|p1a: Gholdengo|1\n|-damage|p1a: Gholdengo|36/100\n|\n|upkeep\n|turn|7\n|\n|t:|1788305744\n|move|p2a: Whimsicott|Protect|p2a: Whimsicott\n|-singleturn|p2a: Whimsicott|Protect\n|move|p1a: Gholdengo|Shadow Ball|p2b: Kingambit\n|-resisted|p2b: Kingambit|1\n|-damage|p2b: Kingambit|28/100\n|move|p2b: Kingambit|Kowtow Cleave|p1a: Gholdengo\n|-supereffective|p1a: Gholdengo|1\n|-damage|p1a: Gholdengo|0 fnt\n|faint|p1a: Gholdengo\n|\n|win|moicito\n||moicito is ready for game 2.\n|inactive|dubdecer has 30 seconds to confirm battle start!\n||dubdecer is ready for game 2.\n|uhtml|next|Next: <a href=\"/battle-gen9championsvgc2026regmbbo3-2674144527\"><strong>Game 2 of 3</strong></a>\n|l|☆dubdecer\n|player|p1|\n","uploadtime":1788306096,"views":"7","formatid":"gen9championsvgc2026regmbbo3","rating":null,"private":0,"password":null}