{"id":"gen9championsvgc2026regmb-2674990767","format":"[Gen 9 Champions] VGC 2026 Reg M-B","players":["beast4.01","bagr3tropical"],"log":"|j|☆beast4.01\n|j|☆bagr3tropical\n|t:|1788446054\n|gametype|doubles\n|player|p1|beast4.01|brycenman|1077\n|player|p2|bagr3tropical|kieran-masters|1047\n|gen|9\n|tier|[Gen 9 Champions] VGC 2026 Reg M-B\n|rated|\n|rule|Species Clause: Limit one of each Pokémon\n|rule|Item Clause: Limit 1 of each item\n|clearpoke\n|poke|p1|Chimecho, L50, F, shiny|\n|poke|p1|Audino, L50, M|\n|poke|p1|Klefki, L50, M, shiny|\n|poke|p1|Torterra, L50, F, shiny|\n|poke|p1|Toucannon, L50, M|\n|poke|p1|Chesnaught, L50, M|\n|poke|p2|Meganium, L50, M|\n|poke|p2|Pelipper, L50, M|\n|poke|p2|Basculegion, L50, M|\n|poke|p2|Swampert, L50, M, shiny|\n|poke|p2|Archaludon, L50, F|\n|poke|p2|Incineroar, L50, F|\n|teampreview|4\n|inactive|Battle timer is ON: inactive players will automatically lose when time's up. (requested by beast4.01)\n|inactive|bagr3tropical also wants the timer to be on.\n|inactive|bagr3tropical has 60 seconds left.\n|\n|t:|1788446095\n|teamsize|p1|4\n|teamsize|p2|4\n|start\n|switch|p1a: Chimecho|Chimecho, L50, F, shiny|100/100\n|switch|p1b: Audino|Audino, L50, M|100/100\n|switch|p2a: Satan|Incineroar, L50, F|100/100\n|switch|p2b: Bazooka|Archaludon, L50, F|100/100\n|-ability|p2a: Satan|Intimidate|boost\n|-unboost|p1a: Chimecho|atk|1\n|-unboost|p1b: Audino|atk|1\n|turn|1\n|inactive|bagr3tropical has 30 seconds left.\n|\n|t:|1788446123\n|detailschange|p1a: Chimecho|Chimecho-Mega, L50, F, shiny\n|-mega|p1a: Chimecho|Chimecho|Chimechite\n|move|p2b: Bazooka|Protect|p2b: Bazooka\n|-singleturn|p2b: Bazooka|Protect\n|move|p2a: Satan|Fake Out|p1a: Chimecho\n|-resisted|p1a: Chimecho|1\n|-damage|p1a: Chimecho|94/100\n|move|p1b: Audino|Simple Beam|p1a: Chimecho\n|-ability|p1a: Chimecho|Simple|Levitate|[from] move: Simple Beam\n|cant|p1a: Chimecho|flinch\n|\n|upkeep\n|turn|2\n|\n|t:|1788446146\n|switch|p2b: Fat Fuck|Pelipper, L50, M|100/100\n|-weather|RainDance|[from] ability: Drizzle|[of] p2b: Fat Fuck\n|move|p2a: Satan|Parting Shot|p1a: Chimecho\n|-unboost|p1a: Chimecho|atk|2\n|-unboost|p1a: Chimecho|spa|2\n|\n|t:|1788446157\n|switch|p2a: Bazooka|Archaludon, L50, F|100/100|[from] Parting Shot\n|move|p1b: Audino|Yawn|p2a: Bazooka\n|-start|p2a: Bazooka|move: Yawn|[of] p1b: Audino\n|move|p1a: Chimecho|Cosmic Power|p1a: Chimecho\n|-boost|p1a: Chimecho|def|2\n|-boost|p1a: Chimecho|spd|2\n|\n|-weather|RainDance|[upkeep]\n|upkeep\n|turn|3\n|inactive|bagr3tropical has 30 seconds left.\n|\n|t:|1788446188\n|switch|p2a: Flowery|Meganium, L50, M|100/100\n|move|p1b: Audino|Ally Switch|p1b: Audino\n|swap|p1b: Audino|0|[from] move: Ally Switch\n|move|p2b: Fat Fuck|Tailwind|p2b: Fat Fuck\n|-sidestart|p2: bagr3tropical|move: Tailwind\n|move|p1b: Chimecho|Cosmic Power|p1b: Chimecho\n|-boost|p1b: Chimecho|def|2\n|-boost|p1b: Chimecho|spd|2\n|\n|-weather|RainDance|[upkeep]\n|upkeep\n|turn|4\n|inactive|beast4.01 has 30 seconds left.\n|\n|t:|1788446214\n|detailschange|p2a: Flowery|Meganium-Mega, L50, M\n|-mega|p2a: Flowery|Meganium|Meganiumite\n|move|p2b: Fat Fuck|Hurricane|p1a: Audino\n|-crit|p1a: Audino\n|-damage|p1a: Audino|40/100\n|move|p2a: Flowery|Weather Ball|p1b: Chimecho\n|-supereffective|p1b: Chimecho|1\n|-damage|p1b: Chimecho|61/100\n|move|p1a: Audino|Yawn|p2a: Flowery\n|-start|p2a: Flowery|move: Yawn|[of] p1a: Audino\n|move|p1b: Chimecho|Cosmic Power|p1b: Chimecho\n|-boost|p1b: Chimecho|def|2\n|-boost|p1b: Chimecho|spd|2\n|\n|-weather|RainDance|[upkeep]\n|upkeep\n|turn|5\n|c|☆bagr3tropical|funny strat\n|c|☆bagr3tropical|i like\n|inactive|bagr3tropical has 30 seconds left.\n|inactive|bagr3tropical has 20 seconds left.\n|\n|t:|1788446253\n|switch|p2a: Bazooka|Archaludon, L50, F|100/100\n|move|p2b: Fat Fuck|Weather Ball|p1b: Chimecho\n|-damage|p1b: Chimecho|47/100\n|move|p1a: Audino|Heal Pulse|p1b: Chimecho\n|-heal|p1b: Chimecho|97/100\n|move|p1b: Chimecho|Stored Power|p2b: Fat Fuck\n|-enditem|p2b: Fat Fuck|Focus Sash\n|-damage|p2b: Fat Fuck|1/100\n|\n|-weather|RainDance|[upkeep]\n|upkeep\n|turn|6\n|inactive|beast4.01 has 30 seconds left.\n|\n|t:|1788446287\n|move|p2b: Fat Fuck|Protect|p2b: Fat Fuck\n|-singleturn|p2b: Fat Fuck|Protect\n|move|p2a: Bazooka|Flash Cannon|p1a: Audino\n|-damage|p1a: Audino|9/100\n|move|p1a: Audino|Yawn|p2a: Bazooka\n|-start|p2a: Bazooka|move: Yawn|[of] p1a: Audino\n|move|p1b: Chimecho|Stored Power|p2a: Bazooka\n|-resisted|p2a: Bazooka|1\n|-damage|p2a: Bazooka|71/100\n|-ability|p2a: Bazooka|Stamina|boost\n|-boost|p2a: Bazooka|def|1\n|\n|-weather|none\n|-heal|p2a: Bazooka|77/100|[from] item: Leftovers\n|-sideend|p2: bagr3tropical|move: Tailwind\n|upkeep\n|turn|7\n|inactive|bagr3tropical has 30 seconds left.\n|\n|t:|1788446317\n|switch|p2b: Flowery|Meganium-Mega, L50, M|100/100\n|switch|p2a: Satan|Incineroar, L50, F|100/100\n|-ability|p2a: Satan|Intimidate|boost\n|-unboost|p1a: Audino|atk|1\n|-unboost|p1b: Chimecho|atk|2\n|move|p1a: Audino|Yawn|p2a: Satan\n|-start|p2a: Satan|move: Yawn|[of] p1a: Audino\n|move|p1b: Chimecho|Stored Power|p2b: Flowery\n|-damage|p2b: Flowery|52/100\n|\n|upkeep\n|turn|8\n|\n|t:|1788446335\n|move|p2b: Flowery|Dazzling Gleam|p1b: Chimecho|[spread] p1a,p1b\n|-resisted|p1b: Chimecho|1\n|-damage|p1a: Audino|0 fnt\n|-damage|p1b: Chimecho|94/100\n|faint|p1a: Audino\n|move|p2a: Satan|Parting Shot|p1b: Chimecho\n|-unboost|p1b: Chimecho|atk|1\n|-unboost|p1b: Chimecho|spa|2\n|\n|t:|1788446343\n|switch|p2a: Fat Fuck|Pelipper, L50, M|1/100|[from] Parting Shot\n|-weather|RainDance|[from] ability: Drizzle|[of] p2a: Fat Fuck\n|move|p1b: Chimecho|Stored Power|p2b: Flowery\n|-damage|p2b: Flowery|20/100y\n|\n|-weather|RainDance|[upkeep]\n|upkeep\n|\n|t:|1788446351\n|switch|p1a: Klefki|Klefki, L50, M, shiny|100/100\n|turn|9\n|\n|t:|1788446365\n|move|p2a: Fat Fuck|Protect|p2a: Fat Fuck\n|-singleturn|p2a: Fat Fuck|Protect\n|move|p1a: Klefki|Psych Up|p1b: Chimecho\n|-copyboost|p1a: Klefki|p1b: Chimecho|[from] move: Psych Up\n|move|p2b: Flowery|Weather Ball|p1a: Klefki\n|-supereffective|p1a: Klefki|1\n|-damage|p1a: Klefki|62/100\n|move|p1b: Chimecho|Stored Power|p2a: Fat Fuck\n|-activate|p2a: Fat Fuck|move: Protect\n|\n|-weather|RainDance|[upkeep]\n|-heal|p1a: Klefki|68/100|[from] item: Leftovers\n|upkeep\n|turn|10\n|c|☆bagr3tropical|omg thats genius\n|\n|t:|1788446389\n|switch|p2a: Bazooka|Archaludon, L50, F|77/100\n|move|p1a: Klefki|Calm Mind|p1a: Klefki\n|-boost|p1a: Klefki|spa|1\n|-boost|p1a: Klefki|spd|0\n|move|p2b: Flowery|Weather Ball|p1a: Klefki\n|-supereffective|p1a: Klefki|1\n|-damage|p1a: Klefki|29/100\n|move|p1b: Chimecho|Stored Power|p2b: Flowery\n|-damage|p2b: Flowery|0 fnt\n|faint|p2b: Flowery\n|\n|-weather|RainDance|[upkeep]\n|-heal|p2a: Bazooka|83/100|[from] item: Leftovers\n|-heal|p1a: Klefki|35/100|[from] item: Leftovers\n|upkeep\n|c|☆beast4.01|I know right\n|\n|t:|1788446411\n|switch|p2b: Fat Fuck|Pelipper, L50, M|1/100\n|turn|11\n|\n|t:|1788446432\n|move|p2b: Fat Fuck|Weather Ball|p1a: Klefki\n|-damage|p1a: Klefki|14/100\n|move|p2a: Bazooka|Electro Shot||[still]\n|-prepare|p2a: Bazooka|Electro Shot\n|-boost|p2a: Bazooka|spa|1\n|-anim|p2a: Bazooka|Electro Shot|p1b: Chimecho\n|-damage|p1b: Chimecho|82/100\n|move|p1a: Klefki|Stored Power|p2b: Fat Fuck\n|-damage|p2b: Fat Fuck|0 fnt\n|faint|p2b: Fat Fuck\n|move|p1b: Chimecho|Stored Power|p2a: Bazooka\n|-resisted|p2a: Bazooka|1\n|-damage|p2a: Bazooka|64/100\n|-ability|p2a: Bazooka|Stamina|boost\n|-boost|p2a: Bazooka|def|1\n|\n|-weather|RainDance|[upkeep]\n|-heal|p2a: Bazooka|71/100|[from] item: Leftovers\n|-heal|p1a: Klefki|20/100y|[from] item: Leftovers\n|upkeep\n|\n|t:|1788446445\n|switch|p2b: Satan|Incineroar, L50, F|100/100\n|-ability|p2b: Satan|Intimidate|boost\n|-unboost|p1a: Klefki|atk|0\n|-unboost|p1b: Chimecho|atk|0\n|turn|12\n|c|☆beast4.01|wait until you see the torterra\n|\n|t:|1788446463\n|move|p2a: Bazooka|Electro Shot||[still]\n|-prepare|p2a: Bazooka|Electro Shot\n|-boost|p2a: Bazooka|spa|1\n|-anim|p2a: Bazooka|Electro Shot|p1a: Klefki\n|-damage|p1a: Klefki|0 fnt\n|faint|p1a: Klefki\n|move|p2b: Satan|Parting Shot|p1b: Chimecho\n|-unboost|p1b: Chimecho|atk|0\n|-unboost|p1b: Chimecho|spa|2\n|move|p1b: Chimecho|Stored Power|p2a: Bazooka\n|-resisted|p2a: Bazooka|1\n|-damage|p2a: Bazooka|57/100\n|-ability|p2a: Bazooka|Stamina|boost\n|-boost|p2a: Bazooka|def|1\n|\n|-weather|none\n|-heal|p2a: Bazooka|63/100|[from] item: Leftovers\n|upkeep\n|\n|t:|1788446478\n|switch|p1a: Torterra|Torterra, L50, F, shiny|100/100\n|turn|13\n|\n|t:|1788446502\n|move|p1a: Torterra|Protect|p1a: Torterra\n|-singleturn|p1a: Torterra|Protect\n|move|p2a: Bazooka|Draco Meteor|p1a: Torterra\n|-activate|p1a: Torterra|move: Protect\n|move|p2b: Satan|Darkest Lariat|p1b: Chimecho\n|-supereffective|p1b: Chimecho|1\n|-damage|p1b: Chimecho|15/100\n|move|p1b: Chimecho|Stored Power|p2a: Bazooka\n|-resisted|p2a: Bazooka|1\n|-damage|p2a: Bazooka|50/100g\n|-ability|p2a: Bazooka|Stamina|boost\n|-boost|p2a: Bazooka|def|1\n|\n|-heal|p2a: Bazooka|56/100|[from] item: Leftovers\n|upkeep\n|turn|14\n|c|☆bagr3tropical|i just realized what darkest lariat does omg\n|\n|t:|1788446525\n|move|p1b: Chimecho|Protect|p1b: Chimecho\n|-singleturn|p1b: Chimecho|Protect\n|move|p2a: Bazooka|Draco Meteor|p1a: Torterra\n|-damage|p1a: Torterra|10/100\n|-unboost|p2a: Bazooka|spa|2\n|move|p2b: Satan|Darkest Lariat|p1b: Chimecho\n|-activate|p1b: Chimecho|move: Protect\n|move|p1a: Torterra|Earthquake|p2b: Satan|[spread] p2a,p2b\n|-activate|p1b: Chimecho|move: Protect\n|-supereffective|p2a: Bazooka|1\n|-supereffective|p2b: Satan|1\n|-damage|p2a: Bazooka|40/100\n|-damage|p2b: Satan|40/100\n|-ability|p2a: Bazooka|Stamina|boost\n|-boost|p2a: Bazooka|def|1\n|-enditem|p2b: Satan|Sitrus Berry|[eat]\n|-heal|p2b: Satan|65/100|[from] item: Sitrus Berry\n|\n|-heal|p2a: Bazooka|46/100|[from] item: Leftovers\n|upkeep\n|turn|15\n|c|☆bagr3tropical|im new at the game i didnt know it ignored stats whaaaat\n|inactive|beast4.01 has 30 seconds left.\n|inactive|bagr3tropical has 30 seconds left.\n|\n|t:|1788446559\n|move|p1b: Chimecho|Protect||[still]\n|-fail|p1b: Chimecho\n|move|p2a: Bazooka|Flash Cannon|p1a: Torterra\n|-damage|p1a: Torterra|0 fnt\n|faint|p1a: Torterra\n|move|p2b: Satan|Darkest Lariat|p1b: Chimecho\n|-supereffective|p1b: Chimecho|1\n|-crit|p1b: Chimecho\n|-damage|p1b: Chimecho|0 fnt\n|faint|p1b: Chimecho\n|\n|win|bagr3tropical\n|raw|beast4.01's rating: 1077 &rarr; <strong>1054</strong><br />(-23 for losing)\n|raw|bagr3tropical's rating: 1047 &rarr; <strong>1083</strong><br />(+36 for winning)\n|c|☆bagr3tropical|gg\n|c|☆beast4.01|gg\n|c|☆bagr3tropical|love the team\n","uploadtime":1788446572,"views":"0","formatid":"gen9championsvgc2026regmb","rating":1054,"private":0,"password":null}