{"id":"gen9championsvgc2026regmb-2674023613","format":"[Gen 9 Champions] VGC 2026 Reg M-B","players":["AchillesTOW","iliasdelm"],"log":"|j|☆AchillesTOW\n|j|☆iliasdelm\n|t:|1788289435\n|gametype|doubles\n|player|p1|AchillesTOW|veteran|1353\n|player|p2|iliasdelm|gambler|1337\n|gen|9\n|tier|[Gen 9 Champions] VGC 2026 Reg M-B\n|rated|\n|rule|Species Clause: Limit one of each Pokémon\n|rule|Item Clause: Limit 1 of each item\n|clearpoke\n|poke|p1|Raichu, L50, F|\n|poke|p1|Staraptor, L50, F|\n|poke|p1|Arcanine-Hisui, L50, M|\n|poke|p1|Farigiraf, L50, M|\n|poke|p1|Sylveon, L50, F|\n|poke|p1|Kingambit, L50, M|\n|poke|p2|Dragonite, L50, F|\n|poke|p2|Archaludon, L50, M|\n|poke|p2|Pelipper, L50, M|\n|poke|p2|Swampert, L50, M|\n|poke|p2|Sinistcha-Masterpiece, L50|\n|poke|p2|Kingambit, L50, F|\n|teampreview|4\n|inactive|Battle timer is ON: inactive players will automatically lose when time's up. (requested by AchillesTOW)\n|inactive|iliasdelm has 60 seconds left.\n|\n|t:|1788289485\n|teamsize|p1|4\n|teamsize|p2|4\n|start\n|switch|p1a: Staraptor|Staraptor, L50, F|100/100\n|switch|p1b: Arcanine|Arcanine-Hisui, L50, M|100/100\n|switch|p2a: Dragonite|Dragonite, L50, F|100/100\n|switch|p2b: Pelipper|Pelipper, L50, M|100/100\n|-ability|p1a: Staraptor|Intimidate|boost\n|-unboost|p2a: Dragonite|atk|1\n|-unboost|p2b: Pelipper|atk|1\n|-weather|RainDance|[from] ability: Drizzle|[of] p2b: Pelipper\n|turn|1\n|inactive|AchillesTOW has 30 seconds left.\n|inactive|AchillesTOW has 20 seconds left.\n|inactive|AchillesTOW has 15 seconds left.\n|inactive|AchillesTOW has 10 seconds left.\n|\n|t:|1788289531\n|switch|p1a: Kingambit|Kingambit, L50, M|100/100\n|detailschange|p2a: Dragonite|Dragonite-Mega, L50, F\n|-mega|p2a: Dragonite|Dragonite|Dragoninite\n|move|p2a: Dragonite|Protect|p2a: Dragonite\n|-singleturn|p2a: Dragonite|Protect\n|move|p1b: Arcanine|Head Smash|p2a: Dragonite\n|-activate|p2a: Dragonite|move: Protect\n|move|p2b: Pelipper|Weather Ball|p1b: Arcanine\n|-supereffective|p1b: Arcanine|2\n|-enditem|p1b: Arcanine|Focus Sash\n|-damage|p1b: Arcanine|1/100\n|\n|-weather|RainDance|[upkeep]\n|upkeep\n|turn|2\n|\n|t:|1788289548\n|switch|p1b: Sylveon|Sylveon, L50, F|100/100\n|move|p2a: Dragonite|Extreme Speed|p1b: Sylveon\n|-damage|p1b: Sylveon|86/100\n|move|p2b: Pelipper|Weather Ball|p1a: Kingambit\n|-damage|p1a: Kingambit|32/100\n|move|p1a: Kingambit|Swords Dance|p1a: Kingambit\n|-boost|p1a: Kingambit|atk|2\n|\n|-weather|RainDance|[upkeep]\n|upkeep\n|turn|3\n|\n|t:|1788289564\n|switch|p2a: Archaludon|Archaludon, L50, M|100/100\n|move|p1a: Kingambit|Protect|p1a: Kingambit\n|-singleturn|p1a: Kingambit|Protect\n|move|p2b: Pelipper|Weather Ball|p1a: Kingambit\n|-activate|p1a: Kingambit|move: Protect\n|move|p1b: Sylveon|Hyper Voice|p2a: Archaludon|[spread] p2a,p2b\n|-damage|p2a: Archaludon|37/100\n|-damage|p2b: Pelipper|13/100\n|-ability|p2a: Archaludon|Stamina|boost\n|-boost|p2a: Archaludon|def|1\n|-enditem|p2a: Archaludon|Sitrus Berry|[eat]\n|-heal|p2a: Archaludon|62/100|[from] item: Sitrus Berry\n|\n|-weather|RainDance|[upkeep]\n|upkeep\n|turn|4\n|\n|t:|1788289578\n|switch|p2b: Sinistcha|Sinistcha-Masterpiece, L50|100/100\n|-heal|p2a: Archaludon|87/100|[from] ability: Hospitality|[of] p2b: Sinistcha\n|move|p1b: Sylveon|Quick Attack|p2b: Sinistcha\n|-damage|p2b: Sinistcha|89/100\n|move|p1a: Kingambit|Sucker Punch|p2a: Archaludon\n|-damage|p2a: Archaludon|26/100\n|-ability|p2a: Archaludon|Stamina|boost\n|-boost|p2a: Archaludon|def|1\n|-damage|p1a: Kingambit|23/100|[from] item: Life Orb\n|move|p2a: Archaludon|Electro Shot||[still]\n|-prepare|p2a: Archaludon|Electro Shot\n|-boost|p2a: Archaludon|spa|1\n|-anim|p2a: Archaludon|Electro Shot|p1a: Kingambit\n|-damage|p1a: Kingambit|0 fnt\n|faint|p1a: Kingambit\n|\n|-weather|RainDance|[upkeep]\n|upkeep\n|\n|t:|1788289586\n|switch|p1a: Arcanine|Arcanine-Hisui, L50, M|1/100\n|turn|5\n|\n|t:|1788289598\n|move|p2b: Sinistcha|Protect|p2b: Sinistcha\n|-singleturn|p2b: Sinistcha|Protect\n|move|p1a: Arcanine|Flare Blitz|p2b: Sinistcha\n|-activate|p2b: Sinistcha|move: Protect\n|move|p2a: Archaludon|Flash Cannon|p1b: Sylveon\n|-supereffective|p1b: Sylveon|1\n|-damage|p1b: Sylveon|0 fnt\n|faint|p1b: Sylveon\n|\n|-weather|none\n|upkeep\n|\n|t:|1788289601\n|switch|p1b: Staraptor|Staraptor, L50, F|100/100\n|-ability|p1b: Staraptor|Intimidate|boost\n|-unboost|p2a: Archaludon|atk|1\n|-unboost|p2b: Sinistcha|atk|1\n|turn|6\n|\n|t:|1788289614\n|switch|p2b: Pelipper|Pelipper, L50, M|13/100\n|-weather|RainDance|[from] ability: Drizzle|[of] p2b: Pelipper\n|detailschange|p1b: Staraptor|Staraptor-Mega, L50, F\n|-mega|p1b: Staraptor|Staraptor|Staraptite\n|move|p2a: Archaludon|Protect|p2a: Archaludon\n|-singleturn|p2a: Archaludon|Protect\n|move|p1b: Staraptor|Close Combat|p2a: Archaludon\n|-activate|p2a: Archaludon|move: Protect\n|move|p1a: Arcanine|Flare Blitz|p2b: Pelipper\n|-resisted|p2b: Pelipper|1\n|-damage|p2b: Pelipper|0 fnt\n|faint|p2b: Pelipper\n|\n|-weather|RainDance|[upkeep]\n|upkeep\n|\n|t:|1788289626\n|switch|p2b: Sinistcha|Sinistcha-Masterpiece, L50|89/100\n|-heal|p2a: Archaludon|50/100g|[from] ability: Hospitality|[of] p2b: Sinistcha\n|turn|7\n|\n|t:|1788289631\n|move|p1b: Staraptor|Dual Wingbeat|p2b: Sinistcha\n|-supereffective|p2b: Sinistcha|1\n|-damage|p2b: Sinistcha|58/100\n|-supereffective|p2b: Sinistcha|1\n|-damage|p2b: Sinistcha|26/100\n|-hitcount|p2b: Sinistcha|2\n|move|p1a: Arcanine|Flare Blitz|p2b: Sinistcha\n|-supereffective|p2b: Sinistcha|1\n|-damage|p2b: Sinistcha|0 fnt\n|faint|p2b: Sinistcha\n|move|p2a: Archaludon|Electro Shot||[still]\n|-prepare|p2a: Archaludon|Electro Shot\n|-boost|p2a: Archaludon|spa|1\n|-anim|p2a: Archaludon|Electro Shot|p1b: Staraptor\n|-supereffective|p1b: Staraptor|1\n|-damage|p1b: Staraptor|0 fnt\n|faint|p1b: Staraptor\n|\n|-weather|RainDance|[upkeep]\n|upkeep\n|-message|AchillesTOW forfeited.\n|\n|win|iliasdelm\n|raw|AchillesTOW's rating: 1353 &rarr; <strong>1332</strong><br />(-21 for losing)\n|raw|iliasdelm's rating: 1337 &rarr; <strong>1358</strong><br />(+21 for winning)\n","uploadtime":1788289634,"views":"4","formatid":"gen9championsvgc2026regmb","rating":1332,"private":0,"password":null}