{"id":"gen9championsvgc2026regmbbo3-2674064088","format":"[Gen 9 Champions] VGC 2026 Reg M-B (Bo3)","players":["Treecko25","threekfive"],"log":"|j|☆Treecko25\n|j|☆threekfive\n|html|<table width=\"100%\"><tr><td align=\"left\">Treecko25</td><td align=\"right\">threekfive</tr><tr><td align=\"left\"><i class=\"fa fa-circle-o\"></i> <i class=\"fa fa-circle-o\"></i> </td><td align=\"right\"><i class=\"fa fa-circle-o\"></i> <i class=\"fa fa-circle-o\"></i> </tr></table>\n|uhtml|bestof|<h2><strong>Game 1</strong> of <a href=\"/game-bestof3-gen9championsvgc2026regmbbo3-2674064087\">a best-of-3</a></h2>\n|t:|1788294320\n|gametype|doubles\n|player|p1|Treecko25|hilda|1193\n|player|p2|threekfive|266|1284\n|gen|9\n|tier|[Gen 9 Champions] VGC 2026 Reg M-B (Bo3)\n|rated|\n|rule|Species Clause: Limit one of each Pokémon\n|rule|Item Clause: Limit 1 of each item\n|clearpoke\n|poke|p1|Sinistcha, L50|\n|poke|p1|Grimmsnarl, L50, M|\n|poke|p1|Floette-Eternal, L50, F|\n|poke|p1|Incineroar, L50, F|\n|poke|p1|Staraptor, L50, M|\n|poke|p1|Gholdengo, L50|\n|poke|p2|Charizard, L50, M|\n|poke|p2|Venusaur, L50, M|\n|poke|p2|Grimmsnarl, L50, M|\n|poke|p2|Archaludon, L50, F|\n|poke|p2|Swampert, L50, M|\n|poke|p2|Pelipper, L50, M|\n|teampreview|4\n|showteam|p1|Sinistcha||SitrusBerry|Hospitality|MatchaGotcha,RagePowder,TrickRoom,Protect|Relaxed|||||50|]Grimmsnarl||LightClay|Prankster|FakeOut,SpiritBreak,LightScreen,Reflect|Careful||M|||50|]Floette-Eternal||Floettite|FlowerVeil|DrainingKiss,DazzlingGleam,CalmMind,Protect|Modest||F|||50|]Incineroar||PasshoBerry|Intimidate|FakeOut,FlareBlitz,DarkestLariat,PartingShot|Impish||F|||50|]Staraptor||Staraptite|Intimidate|DualWingbeat,CloseCombat,Roost,Protect|Jolly||M|||50|]Gholdengo||LifeOrb|GoodasGold|MakeItRain,ShadowBall,NastyPlot,Protect|Modest|||||50|\n|showteam|p2|Charizard||CharizarditeY|Blaze|Protect,Hurricane,HeatWave,WeatherBall|Modest||M|||50|]Venusaur||FocusSash|Chlorophyll|Protect,SludgeBomb,LeafStorm,SleepPowder|Modest||M|||50|]Grimmsnarl||LightClay|Prankster|SpiritBreak,PartingShot,Reflect,LightScreen|Sassy||M|||50|]Archaludon||Leftovers|Stamina|Protect,FlashCannon,ElectroShot,DracoMeteor|Calm||F|||50|]Swampert||Swampertite|Torrent|Protect,WaveCrash,Earthquake,IcePunch|Adamant||M|||50|]Pelipper||SitrusBerry|Drizzle|Hurricane,Tailwind,WeatherBall,WideGuard|Modest||M|||50|\n|inactive|Battle timer is ON: inactive players will automatically lose when time's up. (requested by threekfive)\n|inactive|Treecko25 has 60 seconds left.\n|inactive|threekfive has 60 seconds left.\n|\n|t:|1788294362\n|teamsize|p1|4\n|teamsize|p2|4\n|start\n|switch|p1a: Knox|Gholdengo, L50|100/100\n|switch|p1b: Grimmsnarl|Grimmsnarl, L50, M|100/100\n|switch|p2a: Charizard|Charizard, L50, M|100/100\n|switch|p2b: Venusaur|Venusaur, L50, M|100/100\n|turn|1\n|inactive|threekfive has 30 seconds left.\n|inactive|threekfive has 20 seconds left.\n|inactive|threekfive has 15 seconds left.\n|inactive|threekfive has 10 seconds left.\n|\n|t:|1788294410\n|detailschange|p2a: Charizard|Charizard-Mega-Y, L50, M\n|-mega|p2a: Charizard|Charizard|Charizardite Y\n|-weather|SunnyDay|[from] ability: Drought|[of] p2a: Charizard\n|move|p2b: Venusaur|Protect|p2b: Venusaur\n|-singleturn|p2b: Venusaur|Protect\n|move|p1b: Grimmsnarl|Light Screen|p1b: Grimmsnarl\n|-sidestart|p1: Treecko25|move: Light Screen\n|move|p2a: Charizard|Weather Ball|p1a: Knox\n|-supereffective|p1a: Knox|1\n|-damage|p1a: Knox|0 fnt\n|faint|p1a: Knox\n|\n|-weather|SunnyDay|[upkeep]\n|upkeep\n|\n|t:|1788294418\n|switch|p1a: Floette|Floette-Eternal, L50, F|100/100\n|turn|2\n|\n|t:|1788294428\n|detailschange|p1a: Floette|Floette-Mega, L50, F\n|-mega|p1a: Floette|Floette|Floettite\n|-ability|p1a: Floette|Fairy Aura\n|move|p2b: Venusaur|Sludge Bomb|p1a: Floette\n|-supereffective|p1a: Floette|1\n|-damage|p1a: Floette|58/100\n|move|p2a: Charizard|Heat Wave|p1a: Floette|[spread] p1a,p1b\n|-damage|p1a: Floette|24/100\n|-damage|p1b: Grimmsnarl|57/100\n|move|p1a: Floette|Calm Mind|p1a: Floette\n|-boost|p1a: Floette|spa|1\n|-boost|p1a: Floette|spd|1\n|move|p1b: Grimmsnarl|Spirit Break|p2a: Charizard\n|-resisted|p2a: Charizard|1\n|-crit|p2a: Charizard\n|-damage|p2a: Charizard|62/100\n|-unboost|p2a: Charizard|spa|1\n|\n|-weather|SunnyDay|[upkeep]\n|upkeep\n|turn|3\n|inactive|threekfive has 30 seconds left.\n|inactive|threekfive has 20 seconds left.\n|inactive|threekfive has 15 seconds left.\n|\n|t:|1788294471\n|switch|p2a: Archaludon|Archaludon, L50, F|100/100\n|switch|p1b: Sinistcha|Sinistcha, L50|100/100\n|-heal|p1a: Floette|49/100|[from] ability: Hospitality|[of] p1b: Sinistcha\n|move|p1a: Floette|Protect|p1a: Floette\n|-singleturn|p1a: Floette|Protect\n|move|p2b: Venusaur|Sludge Bomb|p1b: Sinistcha\n|-damage|p1b: Sinistcha|67/100\n|\n|-weather|SunnyDay|[upkeep]\n|upkeep\n|turn|4\n|\n|t:|1788294495\n|switch|p1b: Grimmsnarl|Grimmsnarl, L50, M|57/100\n|move|p2b: Venusaur|Sludge Bomb|p1a: Floette\n|-supereffective|p1a: Floette|1\n|-damage|p1a: Floette|21/100\n|-status|p1a: Floette|psn\n|move|p1a: Floette|Draining Kiss|p2a: Archaludon\n|-damage|p2a: Archaludon|42/100\n|-heal|p1a: Floette|70/100 psn|[from] drain|[of] p2a: Archaludon\n|-ability|p2a: Archaludon|Stamina|boost\n|-boost|p2a: Archaludon|def|1\n|move|p2a: Archaludon|Flash Cannon|p1a: Floette\n|-supereffective|p1a: Floette|1\n|-damage|p1a: Floette|47/100 psn\n|\n|-weather|SunnyDay|[upkeep]\n|-heal|p2a: Archaludon|48/100|[from] item: Leftovers\n|-damage|p1a: Floette|35/100 psn|[from] psn\n|upkeep\n|turn|5\n|inactive|threekfive has 30 seconds left.\n|inactive|threekfive has 20 seconds left.\n|\n|t:|1788294533\n|switch|p2a: Pelipper|Pelipper, L50, M|100/100\n|-weather|RainDance|[from] ability: Drizzle|[of] p2a: Pelipper\n|move|p1b: Grimmsnarl|Fake Out|p2b: Venusaur\n|-crit|p2b: Venusaur\n|-damage|p2b: Venusaur|80/100\n|cant|p2b: Venusaur|flinch\n|move|p1a: Floette|Dazzling Gleam|p2a: Pelipper|[spread] p2a,p2b\n|-resisted|p2b: Venusaur|1\n|-damage|p2a: Pelipper|17/100\n|-damage|p2b: Venusaur|39/100\n|-enditem|p2a: Pelipper|Sitrus Berry|[eat]\n|-heal|p2a: Pelipper|41/100|[from] item: Sitrus Berry\n|\n|-weather|RainDance|[upkeep]\n|-damage|p1a: Floette|23/100 psn|[from] psn\n|upkeep\n|turn|6\n|inactive|Treecko25 has 30 seconds left.\n|inactive|threekfive has 30 seconds left.\n|\n|t:|1788294567\n|switch|p1b: Sinistcha|Sinistcha, L50|67/100\n|-heal|p1a: Floette|47/100 psn|[from] ability: Hospitality|[of] p1b: Sinistcha\n|move|p2a: Pelipper|Wide Guard|p2a: Pelipper\n|-singleturn|p2a: Pelipper|Wide Guard\n|move|p2b: Venusaur|Sludge Bomb|p1a: Floette\n|-supereffective|p1a: Floette|1\n|-damage|p1a: Floette|20/100y psn\n|move|p1a: Floette|Draining Kiss|p2a: Pelipper\n|-damage|p2a: Pelipper|0 fnt\n|-heal|p1a: Floette|50/100y psn|[from] drain|[of] p2a: Pelipper\n|faint|p2a: Pelipper\n|\n|-weather|RainDance|[upkeep]\n|-damage|p1a: Floette|37/100 psn|[from] psn\n|upkeep\n|\n|t:|1788294582\n|switch|p2a: Charizard|Charizard-Mega-Y, L50, M|62/100\n|-weather|SunnyDay|[from] ability: Drought|[of] p2a: Charizard\n|turn|7\n|inactive|threekfive has 30 seconds left.\n|inactive|threekfive has 20 seconds left.\n|\n|t:|1788294619\n|move|p2b: Venusaur|Protect|p2b: Venusaur\n|-singleturn|p2b: Venusaur|Protect\n|move|p1a: Floette|Protect|p1a: Floette\n|-singleturn|p1a: Floette|Protect\n|move|p2a: Charizard|Heat Wave|p1b: Sinistcha|[spread] p1b\n|-activate|p1a: Floette|move: Protect\n|-supereffective|p1b: Sinistcha|1\n|-damage|p1b: Sinistcha|0 fnt\n|faint|p1b: Sinistcha\n|\n|-weather|SunnyDay|[upkeep]\n|-damage|p1a: Floette|25/100 psn|[from] psn\n|upkeep\n|\n|t:|1788294631\n|switch|p1b: Grimmsnarl|Grimmsnarl, L50, M|57/100\n|turn|8\n|\n|t:|1788294638\n|switch|p2b: Archaludon|Archaludon, L50, F|48/100\n|move|p2a: Charizard|Protect|p2a: Charizard\n|-singleturn|p2a: Charizard|Protect\n|move|p1b: Grimmsnarl|Fake Out|p2b: Archaludon\n|-resisted|p2b: Archaludon|1\n|-damage|p2b: Archaludon|44/100\n|-ability|p2b: Archaludon|Stamina|boost\n|-boost|p2b: Archaludon|def|1\n|move|p1a: Floette|Dazzling Gleam|p2b: Archaludon|[spread] p2b\n|-activate|p2a: Charizard|move: Protect\n|-damage|p2b: Archaludon|0 fnt\n|faint|p2b: Archaludon\n|\n|-weather|SunnyDay|[upkeep]\n|-damage|p1a: Floette|12/100 psn|[from] psn\n|-sideend|p1: Treecko25|move: Light Screen\n|upkeep\n|\n|t:|1788294653\n|switch|p2b: Venusaur|Venusaur, L50, M|39/100\n|turn|9\n|\n|t:|1788294671\n|move|p1b: Grimmsnarl|Light Screen|p1b: Grimmsnarl\n|-sidestart|p1: Treecko25|move: Light Screen\n|move|p2b: Venusaur|Sludge Bomb|p1b: Grimmsnarl\n|-supereffective|p1b: Grimmsnarl|1\n|-damage|p1b: Grimmsnarl|9/100\n|move|p2a: Charizard|Heat Wave|p1a: Floette|[spread] p1b\n|-miss|p2a: Charizard|p1a: Floette\n|-damage|p1b: Grimmsnarl|0 fnt\n|faint|p1b: Grimmsnarl\n|move|p1a: Floette|Dazzling Gleam|p2a: Charizard|[spread] p2a,p2b\n|-resisted|p2a: Charizard|1\n|-resisted|p2b: Venusaur|1\n|-damage|p2a: Charizard|27/100\n|-damage|p2b: Venusaur|0 fnt\n|faint|p2b: Venusaur\n|\n|-weather|SunnyDay|[upkeep]\n|-damage|p1a: Floette|1/100 psn|[from] psn\n|upkeep\n|turn|10\n|\n|t:|1788294686\n|move|p2a: Charizard|Protect|p2a: Charizard\n|-singleturn|p2a: Charizard|Protect\n|move|p1a: Floette|Draining Kiss|p2a: Charizard\n|-activate|p2a: Charizard|move: Protect\n|\n|-weather|SunnyDay|[upkeep]\n|-damage|p1a: Floette|0 fnt|[from] psn\n|faint|p1a: Floette\n|\n|win|threekfive\n||Treecko25 is ready for game 2.\n|inactive|threekfive has 30 seconds to confirm battle start!\n||threekfive is ready for game 2.\n|uhtml|next|Next: <a href=\"/battle-gen9championsvgc2026regmbbo3-2674067107\"><strong>Game 2 of 3</strong></a>\n|l|☆threekfive\n|player|p2|\n","uploadtime":1788295521,"views":"1","formatid":"gen9championsvgc2026regmbbo3","rating":null,"private":0,"password":null}