{"id":"gen9championsvgc2026regmbbo3-2673390312","format":"[Gen 9 Champions] VGC 2026 Reg M-B (Bo3)","players":["Master M-rada","humania1"],"log":"|j|☆Master M-rada\n|j|☆humania1\n|html|<table width=\"100%\"><tr><td align=\"left\">Master M-rada</td><td align=\"right\">humania1</tr><tr><td align=\"left\"><i class=\"fa fa-circle-o\"></i> <i class=\"fa fa-circle-o\"></i> </td><td align=\"right\"><i class=\"fa fa-circle-o\"></i> <i class=\"fa fa-circle-o\"></i> </tr></table>\n|uhtml|bestof|<h2><strong>Game 1</strong> of <a href=\"/game-bestof3-gen9championsvgc2026regmbbo3-2673390311\">a best-of-3</a></h2>\n|t:|1788191961\n|gametype|doubles\n|player|p1|Master M-rada|miku-ice|1248\n|player|p2|humania1|170|1097\n|gen|9\n|tier|[Gen 9 Champions] VGC 2026 Reg M-B (Bo3)\n|rated|\n|rule|Species Clause: Limit one of each Pokémon\n|rule|Item Clause: Limit 1 of each item\n|clearpoke\n|poke|p1|Gengar, L50, F, shiny|\n|poke|p1|Snorlax, L50, F|\n|poke|p1|Incineroar, L50, F|\n|poke|p1|Scrafty, L50, M, shiny|\n|poke|p1|Dragonite, L50, F|\n|poke|p1|Altaria, L50, M, shiny|\n|poke|p2|Blastoise, L50, F|\n|poke|p2|Delphox, L50, M, shiny|\n|poke|p2|Incineroar, L50, M|\n|poke|p2|Sinistcha, L50|\n|poke|p2|Sneasler, L50, F|\n|poke|p2|Vivillon, L50, F|\n|teampreview|4\n|showteam|p1|Gengar||Gengarite|CursedBody|PerishSong,ShadowBall,SludgeBomb,Protect|Modest||F|||50|]Snorlax||Leftovers|ThickFat|Yawn,Encore,Fissure,Protect|Relaxed||F|||50|]Incineroar||SitrusBerry|Intimidate|FlareBlitz,PartingShot,FakeOut,Protect|Relaxed||F|||50|]Scrafty||FocusSash|Intimidate|CloseCombat,KnockOff,FakeOut,Protect|Impish||M|||50|]Dragonite||LifeOrb|InnerFocus|DragonClaw,LowKick,ExtremeSpeed,Protect|Adamant||F|||50|]Altaria||HabanBerry|CloudNine|FireSpin,Roost,PerishSong,Protect|Calm||M|||50|\n|showteam|p2|Blastoise||Blastoisinite|Torrent|Protect,ShellSmash,WaterSpout,DarkPulse|Modest||F|||50|]Delphox||Delphoxite|Blaze|Protect,HeatWave,Psyshock,NastyPlot|Timid||M|||50|]Incineroar||PasshoBerry|Intimidate|FakeOut,PartingShot,FlareBlitz,ThroatChop|Impish||M|||50|]Sinistcha||SitrusBerry|Hospitality|Protect,MatchaGotcha,TrickRoom,RagePowder|Bold|||||50|]Sneasler||FocusSash|PoisonTouch|QuickGuard,FakeOut,CloseCombat,DireClaw|Jolly||F|||50|]Vivillon||ChoiceScarf|CompoundEyes|Hurricane,SleepPowder,RagePowder,Uturn|Timid||F|||50|\n|inactive|Battle timer is ON: inactive players will automatically lose when time's up. (requested by humania1)\n|inactive|Master M-rada also wants the timer to be on.\n|inactive|Master M-rada has 60 seconds left.\n|\n|t:|1788192002\n|teamsize|p1|4\n|teamsize|p2|4\n|start\n|switch|p1a: Gengar|Gengar, L50, F, shiny|100/100\n|switch|p1b: Dragonite|Dragonite, L50, F|100/100\n|switch|p2a: Blastoise|Blastoise, L50, F|100/100\n|switch|p2b: Incineroar|Incineroar, L50, M|100/100\n|-ability|p2b: Incineroar|Intimidate|boost\n|-unboost|p1a: Gengar|atk|1\n|-fail|p1b: Dragonite|unboost|Attack|[from] ability: Inner Focus|[of] p1b: Dragonite\n|turn|1\n|inactive|Master M-rada has 30 seconds left.\n|inactive|Master M-rada has 20 seconds left.\n|\n|t:|1788192039\n|detailschange|p1a: Gengar|Gengar-Mega, L50, F, shiny\n|-mega|p1a: Gengar|Gengar|Gengarite\n|detailschange|p2a: Blastoise|Blastoise-Mega, L50, F\n|-mega|p2a: Blastoise|Blastoise|Blastoisinite\n|move|p1a: Gengar|Protect|p1a: Gengar\n|-singleturn|p1a: Gengar|Protect\n|move|p2a: Blastoise|Water Spout|p1a: Gengar|[spread] p1b\n|-activate|p1a: Gengar|move: Protect\n|-resisted|p1b: Dragonite|1\n|-damage|p1b: Dragonite|71/100\n|move|p1b: Dragonite|Dragon Claw|p2a: Blastoise\n|-damage|p2a: Blastoise|37/100\n|-damage|p1b: Dragonite|61/100|[from] item: Life Orb\n|move|p2b: Incineroar|Throat Chop|p1a: Gengar\n|-activate|p1a: Gengar|move: Protect\n|\n|upkeep\n|turn|2\n|\n|t:|1788192060\n|move|p1a: Gengar|Sludge Bomb|p2b: Incineroar\n|-damage|p2b: Incineroar|50/100g\n|move|p2a: Blastoise|Water Spout|p1b: Dragonite|[spread] p1a,p1b\n|-resisted|p1b: Dragonite|1\n|-damage|p1a: Gengar|74/100\n|-damage|p1b: Dragonite|49/100\n|move|p1b: Dragonite|Low Kick|p2b: Incineroar\n|-supereffective|p2b: Incineroar|1\n|-damage|p2b: Incineroar|0 fnt\n|faint|p2b: Incineroar\n|-damage|p1b: Dragonite|40/100|[from] item: Life Orb\n|\n|upkeep\n|\n|t:|1788192060\n|switch|p2b: Sinistcha|Sinistcha, L50|100/100\n|-heal|p2a: Blastoise|62/100|[from] ability: Hospitality|[of] p2b: Sinistcha\n|turn|3\n|\n|t:|1788192080\n|switch|p1a: Incineroar|Incineroar, L50, F|100/100\n|-ability|p1a: Incineroar|Intimidate|boost\n|-unboost|p2a: Blastoise|atk|1\n|-unboost|p2b: Sinistcha|atk|1\n|move|p1b: Dragonite|Extreme Speed|p2a: Blastoise\n|-damage|p2a: Blastoise|24/100\n|-damage|p1b: Dragonite|30/100|[from] item: Life Orb\n|move|p2b: Sinistcha|Rage Powder|p2b: Sinistcha\n|-singleturn|p2b: Sinistcha|move: Rage Powder\n|move|p2a: Blastoise|Water Spout|p1b: Dragonite|[spread] p1a,p1b\n|-supereffective|p1a: Incineroar|1\n|-resisted|p1b: Dragonite|1\n|-damage|p1a: Incineroar|70/100\n|-damage|p1b: Dragonite|23/100\n|\n|upkeep\n|turn|4\n|\n|t:|1788192095\n|move|p2b: Sinistcha|Protect|p2b: Sinistcha\n|-singleturn|p2b: Sinistcha|Protect\n|move|p1b: Dragonite|Extreme Speed|p2a: Blastoise\n|-damage|p2a: Blastoise|0 fnt\n|faint|p2a: Blastoise\n|-damage|p1b: Dragonite|13/100|[from] item: Life Orb\n|move|p1a: Incineroar|Parting Shot|p2b: Sinistcha\n|-activate|p2b: Sinistcha|move: Protect\n|\n|upkeep\n|\n|t:|1788192095\n|switch|p2a: Delphox|Delphox, L50, M, shiny|100/100\n|turn|5\n|\n|t:|1788192114\n|move|p1b: Dragonite|Extreme Speed|p2a: Delphox\n|-damage|p2a: Delphox|40/100\n|-damage|p1b: Dragonite|4/100|[from] item: Life Orb\n|move|p2b: Sinistcha|Rage Powder|p2b: Sinistcha\n|-singleturn|p2b: Sinistcha|move: Rage Powder\n|move|p2a: Delphox|Heat Wave|p1a: Incineroar|[spread] p1b\n|-miss|p2a: Delphox|p1a: Incineroar\n|-resisted|p1b: Dragonite|1\n|-damage|p1b: Dragonite|0 fnt\n|faint|p1b: Dragonite\n|move|p1a: Incineroar|Parting Shot|p2b: Sinistcha\n|-unboost|p2b: Sinistcha|atk|1\n|-unboost|p2b: Sinistcha|spa|1\n|inactive|Master M-rada has 30 seconds left.\n|inactive|Master M-rada has 20 seconds left.\n|inactive|Master M-rada has 15 seconds left.\n|\n|t:|1788192156\n|switch|p1a: Snorlax|Snorlax, L50, F|100/100|[from] Parting Shot\n|\n|upkeep\n|\n|t:|1788192174\n|switch|p1b: Incineroar|Incineroar, L50, F|70/100\n|-ability|p1b: Incineroar|Intimidate|boost\n|-unboost|p2a: Delphox|atk|1\n|-unboost|p2b: Sinistcha|atk|1\n|turn|6\n|\n|t:|1788192183\n|switch|p1a: Gengar|Gengar-Mega, L50, F, shiny|74/100\n|move|p1b: Incineroar|Fake Out|p2a: Delphox\n|-damage|p2a: Delphox|25/100\n|move|p2b: Sinistcha|Rage Powder|p2b: Sinistcha\n|-singleturn|p2b: Sinistcha|move: Rage Powder\n|cant|p2a: Delphox|flinch\n|\n|upkeep\n|turn|7\n|\n|t:|1788192201\n|move|p2a: Delphox|Psyshock|p1a: Gengar\n|-supereffective|p1a: Gengar|1\n|-damage|p1a: Gengar|0 fnt\n|faint|p1a: Gengar\n|move|p2b: Sinistcha|Matcha Gotcha|p1b: Incineroar\n|-resisted|p1b: Incineroar|1\n|-damage|p1b: Incineroar|61/100\n|move|p1b: Incineroar|Flare Blitz|p2b: Sinistcha\n|-supereffective|p2b: Sinistcha|1\n|-damage|p2b: Sinistcha|18/100\n|-enditem|p2b: Sinistcha|Sitrus Berry|[eat]\n|-heal|p2b: Sinistcha|43/100|[from] item: Sitrus Berry\n|-damage|p1b: Incineroar|37/100|[from] Recoil\n|-enditem|p1b: Incineroar|Sitrus Berry|[eat]\n|-heal|p1b: Incineroar|62/100|[from] item: Sitrus Berry\n|\n|upkeep\n|\n|t:|1788192216\n|switch|p1a: Snorlax|Snorlax, L50, F|100/100\n|turn|8\n|\n|t:|1788192221\n|move|p2b: Sinistcha|Rage Powder|p2b: Sinistcha\n|-singleturn|p2b: Sinistcha|move: Rage Powder\n|move|p2a: Delphox|Nasty Plot|p2a: Delphox\n|-boost|p2a: Delphox|spa|2\n|move|p1b: Incineroar|Flare Blitz|p2b: Sinistcha\n|-supereffective|p2b: Sinistcha|1\n|-damage|p2b: Sinistcha|0 fnt\n|faint|p2b: Sinistcha\n|-damage|p1b: Incineroar|50/100y|[from] Recoil\n|move|p1a: Snorlax|Yawn|p2a: Delphox\n|-start|p2a: Delphox|move: Yawn|[of] p1a: Snorlax\n|\n|upkeep\n|turn|9\n|\n|t:|1788192233\n|move|p1b: Incineroar|Protect|p1b: Incineroar\n|-singleturn|p1b: Incineroar|Protect\n|move|p1a: Snorlax|Protect|p1a: Snorlax\n|-singleturn|p1a: Snorlax|Protect\n|move|p2a: Delphox|Nasty Plot|p2a: Delphox\n|-boost|p2a: Delphox|spa|2\n|\n|-end|p2a: Delphox|move: Yawn|[silent]\n|-status|p2a: Delphox|slp\n|upkeep\n|turn|10\n|\n|t:|1788192243\n|cant|p2a: Delphox|slp\n|move|p1b: Incineroar|Flare Blitz|p2a: Delphox\n|-resisted|p2a: Delphox|1\n|-damage|p2a: Delphox|0 fnt\n|faint|p2a: Delphox\n|-damage|p1b: Incineroar|43/100|[from] Recoil\n|\n|win|Master M-rada\n","uploadtime":1788192243,"views":"8","formatid":"gen9championsvgc2026regmbbo3","rating":null,"private":0,"password":null}