{"id":"gen9championsvgc2026regmb-2673855338","format":"[Gen 9 Champions] VGC 2026 Reg M-B","players":["MartinJStark","Theburgerking14"],"log":"|j|☆MartinJStark\n|j|☆Theburgerking14\n|t:|1788269048\n|gametype|doubles\n|player|p1|MartinJStark|102|1476\n|player|p2|Theburgerking14|byron|1404\n|gen|9\n|tier|[Gen 9 Champions] VGC 2026 Reg M-B\n|rated|\n|rule|Species Clause: Limit one of each Pokémon\n|rule|Item Clause: Limit 1 of each item\n|clearpoke\n|poke|p1|Floette-Eternal, L50, F|\n|poke|p1|Incineroar, L50, M|\n|poke|p1|Garchomp, L50, F|\n|poke|p1|Sinistcha, L50|\n|poke|p1|Kingambit, L50, M|\n|poke|p1|Sneasler, L50, F|\n|poke|p2|Whimsicott, L50, F|\n|poke|p2|Charizard, L50, M|\n|poke|p2|Weavile, L50, F|\n|poke|p2|Meowscarada, L50, F|\n|poke|p2|Arcanine-Hisui, L50, F|\n|poke|p2|Garchomp, L50, F|\n|teampreview|4\n|inactive|Battle timer is ON: inactive players will automatically lose when time's up. (requested by Theburgerking14)\n|inactive|MartinJStark also wants the timer to be on.\n|inactive|Theburgerking14 has 60 seconds left.\n|\n|t:|1788269107\n|teamsize|p1|4\n|teamsize|p2|4\n|start\n|switch|p1a: Incineroar|Incineroar, L50, M|100/100\n|switch|p1b: Sneasler|Sneasler, L50, F|100/100\n|switch|p2a: Charizard|Charizard, L50, M|100/100\n|switch|p2b: Whimsicott|Whimsicott, L50, F|100/100\n|-ability|p1a: Incineroar|Intimidate|boost\n|-unboost|p2a: Charizard|atk|1\n|-unboost|p2b: Whimsicott|atk|1\n|turn|1\n|inactive|Theburgerking14 has 30 seconds left.\n|\n|t:|1788269134\n|detailschange|p2a: Charizard|Charizard-Mega-Y, L50, M\n|-mega|p2a: Charizard|Charizard|Charizardite Y\n|-weather|SunnyDay|[from] ability: Drought|[of] p2a: Charizard\n|move|p2b: Whimsicott|Tailwind|p2b: Whimsicott\n|-sidestart|p2: Theburgerking14|move: Tailwind\n|move|p2a: Charizard|Heat Wave|p1b: Sneasler|[spread] p1a\n|-miss|p2a: Charizard|p1b: Sneasler\n|-resisted|p1a: Incineroar|1\n|-damage|p1a: Incineroar|76/100\n|move|p1b: Sneasler|Dire Claw|p2b: Whimsicott\n|-supereffective|p2b: Whimsicott|2\n|-enditem|p2b: Whimsicott|Focus Sash\n|-damage|p2b: Whimsicott|1/100\n|move|p1a: Incineroar|Parting Shot|p2a: Charizard\n|-unboost|p2a: Charizard|atk|1\n|-unboost|p2a: Charizard|spa|1\n|\n|t:|1788269149\n|switch|p1a: Garchomp|Garchomp, L50, F|100/100|[from] Parting Shot\n|\n|-weather|SunnyDay|[upkeep]\n|upkeep\n|turn|2\n|\n|t:|1788269163\n|switch|p1b: Incineroar|Incineroar, L50, M|76/100\n|-ability|p1b: Incineroar|Intimidate|boost\n|-unboost|p2a: Charizard|atk|1\n|-unboost|p2b: Whimsicott|atk|1\n|move|p1a: Garchomp|Protect|p1a: Garchomp\n|-singleturn|p1a: Garchomp|Protect\n|move|p2b: Whimsicott|Moonblast|p1a: Garchomp\n|-activate|p1a: Garchomp|move: Protect\n|move|p2a: Charizard|Heat Wave|p1b: Incineroar|[spread] p1b\n|-activate|p1a: Garchomp|move: Protect\n|-resisted|p1b: Incineroar|1\n|-damage|p1b: Incineroar|61/100\n|\n|-weather|SunnyDay|[upkeep]\n|-heal|p1b: Incineroar|67/100|[from] item: Leftovers\n|upkeep\n|turn|3\n|inactive|Theburgerking14 has 30 seconds left.\n|inactive|Theburgerking14 has 20 seconds left.\n|inactive|Theburgerking14 has 15 seconds left.\n|\n|t:|1788269204\n|switch|p2b: Weavile|Weavile, L50, F|100/100\n|move|p2a: Charizard|Protect|p2a: Charizard\n|-singleturn|p2a: Charizard|Protect\n|move|p1b: Incineroar|Fake Out|p2b: Weavile\n|-damage|p2b: Weavile|80/100\n|move|p1a: Garchomp|Rock Slide|p2b: Weavile|[spread] p2b\n|-activate|p2a: Charizard|move: Protect\n|-supereffective|p2b: Weavile|1\n|-enditem|p2b: Weavile|Charti Berry|[eat]\n|-enditem|p2b: Weavile|Charti Berry|[weaken]\n|-damage|p2b: Weavile|45/100\n|\n|-weather|SunnyDay|[upkeep]\n|-heal|p1b: Incineroar|73/100|[from] item: Leftovers\n|upkeep\n|turn|4\n|inactive|Theburgerking14 has 30 seconds left.\n|inactive|MartinJStark has 30 seconds left.\n|inactive|Theburgerking14 has 20 seconds left.\n|inactive|Theburgerking14 has 15 seconds left.\n|inactive|Theburgerking14 has 10 seconds left.\n|\n|t:|1788269249\n|move|p1a: Garchomp|Protect|p1a: Garchomp\n|-singleturn|p1a: Garchomp|Protect\n|move|p2b: Weavile|Triple Axel|p1a: Garchomp\n|-activate|p1a: Garchomp|move: Protect\n|move|p2a: Charizard|Heat Wave|p1a: Garchomp|[spread] p1b\n|-activate|p1a: Garchomp|move: Protect\n|-resisted|p1b: Incineroar|1\n|-damage|p1b: Incineroar|56/100\n|move|p1b: Incineroar|Parting Shot|p2a: Charizard\n|-unboost|p2a: Charizard|atk|1\n|-unboost|p2a: Charizard|spa|1\n|\n|t:|1788269258\n|switch|p1b: Sneasler|Sneasler, L50, F|100/100|[from] Parting Shot\n|\n|-weather|SunnyDay|[upkeep]\n|-sideend|p2: Theburgerking14|move: Tailwind\n|upkeep\n|turn|5\n|\n|t:|1788269270\n|switch|p2a: Whimsicott|Whimsicott, L50, F|1/100\n|move|p2b: Weavile|Protect|p2b: Weavile\n|-singleturn|p2b: Weavile|Protect\n|move|p1b: Sneasler|Fake Out|p2b: Weavile\n|-activate|p2b: Weavile|move: Protect\n|move|p1a: Garchomp|Rock Slide|p2b: Weavile|[spread] p2a\n|-activate|p2b: Weavile|move: Protect\n|-damage|p2a: Whimsicott|0 fnt\n|faint|p2a: Whimsicott\n|\n|-weather|none\n|upkeep\n|\n|t:|1788269281\n|switch|p2a: Charizard|Charizard-Mega-Y, L50, M|100/100\n|-weather|SunnyDay|[from] ability: Drought|[of] p2a: Charizard\n|turn|6\n|inactive|Theburgerking14 has 30 seconds left.\n|\n|t:|1788269316\n|move|p1a: Garchomp|Protect|p1a: Garchomp\n|-singleturn|p1a: Garchomp|Protect\n|move|p2b: Weavile|Triple Axel|p1a: Garchomp\n|-activate|p1a: Garchomp|move: Protect\n|move|p1b: Sneasler|Close Combat|p2b: Weavile\n|-supereffective|p2b: Weavile|2\n|-damage|p2b: Weavile|0 fnt\n|-unboost|p1b: Sneasler|def|1\n|-unboost|p1b: Sneasler|spd|1\n|faint|p2b: Weavile\n|move|p2a: Charizard|Heat Wave|p1b: Sneasler|[spread] p1b\n|-activate|p1a: Garchomp|move: Protect\n|-enditem|p1b: Sneasler|Focus Sash\n|-damage|p1b: Sneasler|1/100\n|\n|-weather|SunnyDay|[upkeep]\n|upkeep\n|\n|t:|1788269320\n|switch|p2b: Arcanine|Arcanine-Hisui, L50, F|100/100\n|-ability|p2b: Arcanine|Intimidate|boost\n|-unboost|p1a: Garchomp|atk|1\n|-unboost|p1b: Sneasler|atk|1\n|turn|7\n|\n|t:|1788269341\n|switch|p1b: Incineroar|Incineroar, L50, M|56/100\n|-ability|p1b: Incineroar|Intimidate|boost\n|-unboost|p2a: Charizard|atk|1\n|-unboost|p2b: Arcanine|atk|1\n|switch|p1a: Sinistcha|Sinistcha, L50|100/100\n|-heal|p1b: Incineroar|81/100|[from] ability: Hospitality|[of] p1a: Sinistcha\n|move|p2b: Arcanine|Close Combat|p1a: Sinistcha\n|-immune|p1a: Sinistcha\n|move|p2a: Charizard|Heat Wave|p1a: Sinistcha|[spread] p1a\n|-miss|p2a: Charizard|p1b: Incineroar\n|-supereffective|p1a: Sinistcha|1\n|-crit|p1a: Sinistcha\n|-damage|p1a: Sinistcha|0 fnt\n|faint|p1a: Sinistcha\n|\n|-weather|SunnyDay|[upkeep]\n|-heal|p1b: Incineroar|87/100|[from] item: Leftovers\n|upkeep\n|\n|t:|1788269358\n|switch|p1a: Garchomp|Garchomp, L50, F|100/100\n|turn|8\n|-message|Theburgerking14 forfeited.\n|\n|win|MartinJStark\n|raw|MartinJStark's rating: 1476 &rarr; <strong>1492</strong><br />(+16 for winning)\n|raw|Theburgerking14's rating: 1404 &rarr; <strong>1388</strong><br />(-16 for losing)\n|l|☆Theburgerking14\n|player|p2|\n","uploadtime":1788269364,"views":"1","formatid":"gen9championsvgc2026regmb","rating":1388,"private":0,"password":null}