{"id":"gen9championsvgc2026regmbbo3-2674254357","format":"[Gen 9 Champions] VGC 2026 Reg M-B (Bo3)","players":["showerpiss","johneltonsbrother"],"log":"|j|☆showerpiss\n|j|☆johneltonsbrother\n|html|<table width=\"100%\"><tr><td align=\"left\">showerpiss</td><td align=\"right\">johneltonsbrother</tr><tr><td align=\"left\"><i class=\"fa fa-circle\"></i> <i class=\"fa fa-circle-o\"></i> </td><td align=\"right\"><i class=\"fa fa-circle-o\"></i> <i class=\"fa fa-circle-o\"></i> </tr></table>\n|uhtml|bestof|<h2><strong>Game 2</strong> of <a href=\"/game-bestof3-gen9championsvgc2026regmbbo3-2674253336\">a best-of-3</a></h2>\n|t:|1788324272\n|gametype|doubles\n|player|p1|showerpiss|clerk|1261\n|player|p2|johneltonsbrother|miku-water|1193\n|gen|9\n|tier|[Gen 9 Champions] VGC 2026 Reg M-B (Bo3)\n|rated|\n|rule|Species Clause: Limit one of each Pokémon\n|rule|Item Clause: Limit 1 of each item\n|clearpoke\n|poke|p1|Delphox, L50, F, shiny|\n|poke|p1|Blastoise, L50, M|\n|poke|p1|Sinistcha, L50|\n|poke|p1|Incineroar, L50, F|\n|poke|p1|Kingambit, L50, F|\n|poke|p1|Sneasler, L50, M|\n|poke|p2|Blastoise, L50, F|\n|poke|p2|Delphox, L50, F, shiny|\n|poke|p2|Kingambit, L50, F|\n|poke|p2|Incineroar, L50, M|\n|poke|p2|Sneasler, L50, M|\n|poke|p2|Sinistcha, L50|\n|teampreview|4\n|showteam|p1|Delphox||Delphoxite|Blaze|HeatWave,Psychic,NastyPlot,Protect|Timid||F|||50|]Blastoise||Blastoisinite|Torrent|WaterSpout,DarkPulse,ShellSmash,Protect|Modest||M|||50|]Sinistcha||ColburBerry|Hospitality|MatchaGotcha,LifeDew,RagePowder,TrickRoom|Sassy|||||50|]Incineroar||SitrusBerry|Intimidate|FlareBlitz,DarkestLariat,FakeOut,PartingShot|Adamant||F|||50|]Kingambit||LifeOrb|Defiant|KowtowCleave,SuckerPunch,SwordsDance,Protect|Adamant||F|||50|]Sneasler||FocusSash|PoisonTouch|DireClaw,CloseCombat,FakeOut,QuickGuard|Jolly||M|||50|\n|showteam|p2|Blastoise||Blastoisinite|RainDish|WaterSpout,DarkPulse,ShellSmash,Protect|Modest||F|||50|]Delphox||Delphoxite|Blaze|HeatWave,Psychic,NastyPlot,Protect|Timid||F|||50|]Kingambit||LifeOrb|Defiant|KowtowCleave,SuckerPunch,SwordsDance,Protect|Adamant||F|||50|]Incineroar||SitrusBerry|Intimidate|FakeOut,FlareBlitz,ThroatChop,PartingShot|Impish||M|||50|]Sneasler||FocusSash|PoisonTouch|FakeOut,CloseCombat,PoisonJab,QuickGuard|Jolly||M|||50|]Sinistcha||ColburBerry|Hospitality|MatchaGotcha,RagePowder,TrickRoom,Protect|Bold|||||50|\n|inactive|Battle timer is ON: inactive players will automatically lose when time's up. (requested by johneltonsbrother)\n|inactive|showerpiss also wants the timer to be on.\n|\n|t:|1788324299\n|teamsize|p1|4\n|teamsize|p2|4\n|start\n|switch|p1a: Incineroar|Incineroar, L50, F|100/100\n|switch|p1b: Sneasler|Sneasler, L50, M|100/100\n|switch|p2a: Sinistcha|Sinistcha, L50|100/100\n|switch|p2b: Sneasler|Sneasler, L50, M|100/100\n|-ability|p1a: Incineroar|Intimidate|boost\n|-unboost|p2a: Sinistcha|atk|1\n|-unboost|p2b: Sneasler|atk|1\n|turn|1\n|\n|t:|1788324320\n|move|p2a: Sinistcha|Protect|p2a: Sinistcha\n|-singleturn|p2a: Sinistcha|Protect\n|move|p1a: Incineroar|Fake Out|p2b: Sneasler\n|-damage|p2b: Sneasler|77/100\n|move|p1b: Sneasler|Dire Claw|p2a: Sinistcha\n|-activate|p2a: Sinistcha|move: Protect\n|cant|p2b: Sneasler|flinch\n|\n|upkeep\n|turn|2\n|\n|t:|1788324338\n|switch|p2a: Kingambit|Kingambit, L50, F|100/100\n|move|p1b: Sneasler|Dire Claw|p2b: Sneasler\n|-resisted|p2b: Sneasler|1\n|-damage|p2b: Sneasler|43/100\n|move|p2b: Sneasler|Poison Jab|p1a: Incineroar\n|-damage|p1a: Incineroar|74/100\n|move|p1a: Incineroar|Flare Blitz|p2a: Kingambit\n|-supereffective|p2a: Kingambit|1\n|-damage|p2a: Kingambit|15/100\n|-damage|p1a: Incineroar|47/100|[from] Recoil\n|-enditem|p1a: Incineroar|Sitrus Berry|[eat]\n|-heal|p1a: Incineroar|71/100|[from] item: Sitrus Berry\n|\n|upkeep\n|turn|3\n|\n|t:|1788324361\n|switch|p2b: Delphox|Delphox, L50, F, shiny|100/100\n|move|p1b: Sneasler|Close Combat|p2a: Kingambit\n|-supereffective|p2a: Kingambit|2\n|-damage|p2a: Kingambit|0 fnt\n|-unboost|p1b: Sneasler|def|1\n|-unboost|p1b: Sneasler|spd|1\n|faint|p2a: Kingambit\n|move|p1a: Incineroar|Parting Shot|p2b: Delphox\n|-unboost|p2b: Delphox|atk|1\n|-unboost|p2b: Delphox|spa|1\n|\n|t:|1788324368\n|switch|p1a: Delphox|Delphox, L50, F, shiny|100/100|[from] Parting Shot\n|\n|upkeep\n|\n|t:|1788324375\n|switch|p2a: Sneasler|Sneasler, L50, M|43/100\n|turn|4\n|\n|t:|1788324381\n|detailschange|p1a: Delphox|Delphox-Mega, L50, F, shiny\n|-mega|p1a: Delphox|Delphox|Delphoxite\n|move|p1b: Sneasler|Quick Guard|p1b: Sneasler\n|-singleturn|p1b: Sneasler|Quick Guard\n|move|p2a: Sneasler|Fake Out|p1a: Delphox\n|-activate|p1a: Delphox|move: Quick Guard\n|move|p1a: Delphox|Heat Wave|p2a: Sneasler|[spread] p2a,p2b\n|-resisted|p2b: Delphox|1\n|-damage|p2a: Sneasler|0 fnt\n|-damage|p2b: Delphox|73/100\n|faint|p2a: Sneasler\n|move|p2b: Delphox|Nasty Plot|p2b: Delphox\n|-boost|p2b: Delphox|spa|2\n|\n|upkeep\n|\n|t:|1788324386\n|switch|p2a: Sinistcha|Sinistcha, L50|100/100\n|-heal|p2b: Delphox|98/100|[from] ability: Hospitality|[of] p2a: Sinistcha\n|turn|5\n|\n|t:|1788324404\n|detailschange|p2b: Delphox|Delphox-Mega, L50, F, shiny\n|-mega|p2b: Delphox|Delphox|Delphoxite\n|move|p2a: Sinistcha|Protect|p2a: Sinistcha\n|-singleturn|p2a: Sinistcha|Protect\n|move|p2b: Delphox|Nasty Plot|p2b: Delphox\n|-boost|p2b: Delphox|spa|2\n|move|p1a: Delphox|Nasty Plot|p1a: Delphox\n|-boost|p1a: Delphox|spa|2\n|move|p1b: Sneasler|Dire Claw|p2b: Delphox\n|-damage|p2b: Delphox|40/100\n|-status|p2b: Delphox|psn|[from] ability: Poison Touch|[of] p1b: Sneasler\n|\n|-damage|p2b: Delphox|28/100 psn|[from] psn\n|upkeep\n|turn|6\n|\n|t:|1788324421\n|move|p2a: Sinistcha|Rage Powder|p2a: Sinistcha\n|-singleturn|p2a: Sinistcha|move: Rage Powder\n|move|p2b: Delphox|Heat Wave|p1b: Sneasler|[spread] p1b\n|-miss|p2b: Delphox|p1a: Delphox\n|-enditem|p1b: Sneasler|Focus Sash\n|-damage|p1b: Sneasler|1/100\n|move|p1a: Delphox|Heat Wave|p2b: Delphox|[spread] p2b\n|-miss|p1a: Delphox|p2a: Sinistcha\n|-resisted|p2b: Delphox|1\n|-damage|p2b: Delphox|0 fnt\n|faint|p2b: Delphox\n|move|p1b: Sneasler|Dire Claw|p2a: Sinistcha\n|-damage|p2a: Sinistcha|66/100\n|-status|p2a: Sinistcha|psn\n|\n|-damage|p2a: Sinistcha|53/100 psn|[from] psn\n|upkeep\n|turn|7\n|-message|johneltonsbrother forfeited.\n|raw|showerpiss's rating: 1261 &rarr; <strong>1281</strong><br />(+20 for winning)\n|raw|johneltonsbrother's rating: 1193 &rarr; <strong>1173</strong><br />(-20 for losing)\n|\n|win|showerpiss\n","uploadtime":1788324428,"views":"1","formatid":"gen9championsvgc2026regmbbo3","rating":1173,"private":0,"password":null}