{"id":"gen9championsvgc2026regmb-2674407969","format":"[Gen 9 Champions] VGC 2026 Reg M-B","players":["audino316","On the wave now"],"log":"|j|☆audino316\n|j|☆On the wave now\n|t:|1788356062\n|gametype|doubles\n|player|p1|audino316|byron|1589\n|player|p2|On the wave now|ruinmaniac|1537\n|gen|9\n|tier|[Gen 9 Champions] VGC 2026 Reg M-B\n|rated|\n|rule|Species Clause: Limit one of each Pokémon\n|rule|Item Clause: Limit 1 of each item\n|clearpoke\n|poke|p1|Whimsicott, L50, F|\n|poke|p1|Delphox, L50, M|\n|poke|p1|Staraptor, L50, M|\n|poke|p1|Glimmora, L50, M|\n|poke|p1|Garchomp, L50, F|\n|poke|p1|Kingambit, L50, M|\n|poke|p2|Staraptor, L50, F|\n|poke|p2|Hippowdon, L50, F|\n|poke|p2|Glimmora, L50, M|\n|poke|p2|Gholdengo, L50|\n|poke|p2|Mimikyu, L50, M|\n|poke|p2|Tyrantrum, L50, M|\n|teampreview|4\n|inactive|Battle timer is ON: inactive players will automatically lose when time's up. (requested by audino316)\n|\n|t:|1788356092\n|teamsize|p1|4\n|teamsize|p2|4\n|start\n|switch|p1a: Staraptor|Staraptor, L50, M|100/100\n|switch|p1b: Whimsicott|Whimsicott, L50, F|100/100\n|switch|p2a: Glimmora|Glimmora, L50, M|100/100\n|switch|p2b: Gholdengo|Gholdengo, L50|100/100\n|-ability|p1a: Staraptor|Intimidate|boost\n|-unboost|p2a: Glimmora|atk|1\n|-unboost|p2b: Gholdengo|atk|1\n|turn|1\n|\n|t:|1788356112\n|detailschange|p1a: Staraptor|Staraptor-Mega, L50, M\n|-mega|p1a: Staraptor|Staraptor|Staraptite\n|move|p1b: Whimsicott|Charm|p1a: Staraptor\n|-boost|p1a: Staraptor|atk|2\n|move|p1a: Staraptor|Close Combat|p2a: Glimmora\n|-enditem|p2a: Glimmora|Focus Sash\n|-damage|p2a: Glimmora|1/100\n|-boost|p1a: Staraptor|def|1\n|-boost|p1a: Staraptor|spd|1\n|-activate|p2a: Glimmora|ability: Toxic Debris\n|-sidestart|p1: audino316|move: Toxic Spikes\n|move|p2a: Glimmora|Mortal Spin|p1b: Whimsicott|[spread] p1a,p1b\n|-supereffective|p1b: Whimsicott|2\n|-damage|p1a: Staraptor|97/100\n|-damage|p1b: Whimsicott|82/100\n|-status|p1a: Staraptor|psn\n|-status|p1b: Whimsicott|psn\n|move|p2b: Gholdengo|Substitute|p2b: Gholdengo\n|-start|p2b: Gholdengo|Substitute\n|-damage|p2b: Gholdengo|75/100\n|\n|-heal|p2b: Gholdengo|81/100|[from] item: Leftovers\n|-damage|p1b: Whimsicott|70/100 psn|[from] psn\n|-damage|p1a: Staraptor|85/100 psn|[from] psn\n|upkeep\n|turn|2\n|\n|t:|1788356128\n|move|p2a: Glimmora|Spiky Shield|p2a: Glimmora\n|-singleturn|p2a: Glimmora|move: Protect\n|move|p1b: Whimsicott|Moonblast|p2a: Glimmora\n|-activate|p2a: Glimmora|move: Protect\n|move|p1a: Staraptor|Brave Bird|p2b: Gholdengo\n|-resisted|p2b: Gholdengo|1\n|-end|p2b: Gholdengo|Substitute\n|-damage|p1a: Staraptor|75/100 psn|[from] Recoil\n|move|p2b: Gholdengo|Shadow Ball|p1a: Staraptor\n|-damage|p1a: Staraptor|45/100 psn\n|\n|-heal|p2b: Gholdengo|87/100|[from] item: Leftovers\n|-damage|p1b: Whimsicott|57/100 psn|[from] psn\n|-damage|p1a: Staraptor|32/100 psn|[from] psn\n|upkeep\n|turn|3\n|\n|t:|1788356142\n|switch|p2a: Hippowdon|Hippowdon, L50, F|100/100\n|-weather|Sandstorm|[from] ability: Sand Stream|[of] p2a: Hippowdon\n|move|p1b: Whimsicott|Moonblast|p2a: Hippowdon\n|-damage|p2a: Hippowdon|67/100\n|move|p1a: Staraptor|Roost|p1a: Staraptor\n|-heal|p1a: Staraptor|82/100 psn\n|-singleturn|p1a: Staraptor|move: Roost\n|move|p2b: Gholdengo|Shadow Ball|p1a: Staraptor\n|-crit|p1a: Staraptor\n|-damage|p1a: Staraptor|6/100 psn\n|\n|-weather|Sandstorm|[upkeep]\n|-damage|p1b: Whimsicott|51/100 psn|[from] Sandstorm\n|-damage|p1a: Staraptor|1/100 psn|[from] Sandstorm\n|-heal|p2b: Gholdengo|93/100|[from] item: Leftovers\n|-damage|p1b: Whimsicott|39/100 psn|[from] psn\n|-damage|p1a: Staraptor|0 fnt|[from] psn\n|faint|p1a: Staraptor\n|upkeep\n|\n|t:|1788356151\n|switch|p1a: Garchomp|Garchomp, L50, F|100/100\n|-status|p1a: Garchomp|psn\n|turn|4\n|\n|t:|1788356175\n|move|p1a: Garchomp|Protect|p1a: Garchomp\n|-singleturn|p1a: Garchomp|Protect\n|move|p2b: Gholdengo|Protect|p2b: Gholdengo\n|-singleturn|p2b: Gholdengo|Protect\n|move|p1b: Whimsicott|Moonblast|p2a: Hippowdon\n|-damage|p2a: Hippowdon|38/100\n|-enditem|p2a: Hippowdon|Sitrus Berry|[eat]\n|-heal|p2a: Hippowdon|63/100|[from] item: Sitrus Berry\n|move|p2a: Hippowdon|High Horsepower|p1b: Whimsicott\n|-resisted|p1b: Whimsicott|1\n|-damage|p1b: Whimsicott|7/100 psn\n|\n|-weather|Sandstorm|[upkeep]\n|-damage|p1b: Whimsicott|1/100 psn|[from] Sandstorm\n|-heal|p2b: Gholdengo|100/100|[from] item: Leftovers\n|-damage|p1b: Whimsicott|0 fnt|[from] psn\n|faint|p1b: Whimsicott\n|-damage|p1a: Garchomp|87/100 psn|[from] psn\n|upkeep\n|\n|t:|1788356186\n|switch|p1b: Kingambit|Kingambit, L50, M|100/100\n|turn|5\n|\n|t:|1788356194\n|switch|p2b: Glimmora|Glimmora, L50, M|1/100\n|move|p1b: Kingambit|Protect|p1b: Kingambit\n|-singleturn|p1b: Kingambit|Protect\n|move|p1a: Garchomp|Earthquake|p2b: Glimmora|[spread] p2a,p2b\n|-activate|p1b: Kingambit|move: Protect\n|-supereffective|p2b: Glimmora|2\n|-damage|p2a: Hippowdon|26/100\n|-damage|p2b: Glimmora|0 fnt\n|-activate|p2b: Glimmora|ability: Toxic Debris\n|-sidestart|p1: audino316|move: Toxic Spikes\n|faint|p2b: Glimmora\n|-damage|p1a: Garchomp|77/100 psn|[from] item: Life Orb\n|move|p2a: Hippowdon|High Horsepower|p1b: Kingambit\n|-activate|p1b: Kingambit|move: Protect\n|\n|-weather|Sandstorm|[upkeep]\n|-damage|p1a: Garchomp|65/100 psn|[from] psn\n|upkeep\n|\n|t:|1788356204\n|switch|p2b: Gholdengo|Gholdengo, L50|100/100\n|turn|6\n|\n|t:|1788356215\n|move|p2a: Hippowdon|Protect|p2a: Hippowdon\n|-singleturn|p2a: Hippowdon|Protect\n|move|p1a: Garchomp|Dragon Claw|p2a: Hippowdon\n|-activate|p2a: Hippowdon|move: Protect\n|move|p2b: Gholdengo|Focus Blast|p1b: Kingambit\n|-supereffective|p1b: Kingambit|2\n|-damage|p1b: Kingambit|0 fnt\n|faint|p1b: Kingambit\n|\n|-weather|Sandstorm|[upkeep]\n|-damage|p1a: Garchomp|52/100 psn|[from] psn\n|upkeep\n|turn|7\n|\n|t:|1788356225\n|move|p1a: Garchomp|Earthquake|p2b: Gholdengo|[spread] p2a,p2b\n|-supereffective|p2b: Gholdengo|1\n|-damage|p2a: Hippowdon|0 fnt\n|-damage|p2b: Gholdengo|7/100\n|faint|p2a: Hippowdon\n|-damage|p1a: Garchomp|43/100 psn|[from] item: Life Orb\n|move|p2b: Gholdengo|Shadow Ball|p1a: Garchomp\n|-damage|p1a: Garchomp|0 fnt\n|faint|p1a: Garchomp\n|\n|win|On the wave now\n|raw|audino316's rating: 1589 &rarr; <strong>1566</strong><br />(-23 for losing)\n|raw|On the wave now's rating: 1537 &rarr; <strong>1560</strong><br />(+23 for winning)\n","uploadtime":1788356229,"views":"0","formatid":"gen9championsvgc2026regmb","rating":1560,"private":0,"password":null}