{"id":"gen9championsvgc2026regmb-2674350584","format":"[Gen 9 Champions] VGC 2026 Reg M-B","players":["kazi101","Novicebest"],"log":"|j|‽kazi101\n|j|☆Novicebest\n|t:|1788346816\n|gametype|doubles\n|player|p1|kazi101|steven|1477\n|player|p2|Novicebest|dawn|1753\n|gen|9\n|tier|[Gen 9 Champions] VGC 2026 Reg M-B\n|rated|\n|rule|Species Clause: Limit one of each Pokémon\n|rule|Item Clause: Limit 1 of each item\n|clearpoke\n|poke|p1|Steelix, L50, M|\n|poke|p1|Tyranitar, L50, F|\n|poke|p1|Sneasler, L50, F|\n|poke|p1|Talonflame, L50, M|\n|poke|p1|Rotom-Wash, L50|\n|poke|p1|Sinistcha, L50|\n|poke|p2|Staraptor, L50, F|\n|poke|p2|Whimsicott, L50, M|\n|poke|p2|Glimmora, L50, M|\n|poke|p2|Farigiraf, L50, M|\n|poke|p2|Garchomp, L50, M|\n|poke|p2|Torkoal, L50, M|\n|teampreview|4\n|inactive|Battle timer is ON: inactive players will automatically lose when time's up. (requested by kazi101)\n|inactive|Novicebest has 60 seconds left.\n|\n|t:|1788346875\n|teamsize|p1|4\n|teamsize|p2|4\n|start\n|switch|p1a: Sneasler|Sneasler, L50, F|100/100\n|switch|p1b: Rotom|Rotom-Wash, L50|100/100\n|switch|p2a: Staraptor|Staraptor, L50, F|100/100\n|switch|p2b: Whimsicott|Whimsicott, L50, M|100/100\n|-ability|p2a: Staraptor|Intimidate|boost\n|-unboost|p1a: Sneasler|atk|1\n|-unboost|p1b: Rotom|atk|1\n|-enditem|p1a: Sneasler|White Herb\n|-clearnegativeboost|p1a: Sneasler|[silent]\n|turn|1\n|\n|t:|1788346897\n|move|p2a: Staraptor|Protect|p2a: Staraptor\n|-singleturn|p2a: Staraptor|Protect\n|move|p2b: Whimsicott|Tailwind|p2b: Whimsicott\n|-sidestart|p2: Novicebest|move: Tailwind\n|move|p1a: Sneasler|Dire Claw|p2b: Whimsicott\n|-supereffective|p2b: Whimsicott|2\n|-crit|p2b: Whimsicott\n|-damage|p2b: Whimsicott|0 fnt\n|faint|p2b: Whimsicott\n|move|p1b: Rotom|Will-O-Wisp|p2a: Staraptor\n|-activate|p2a: Staraptor|move: Protect\n|\n|upkeep\n|\n|t:|1788346909\n|switch|p2b: Garchomp|Garchomp, L50, M|100/100\n|turn|2\n|\n|t:|1788346924\n|detailschange|p2a: Staraptor|Staraptor-Mega, L50, F\n|-mega|p2a: Staraptor|Staraptor|Staraptite\n|move|p1a: Sneasler|Protect|p1a: Sneasler\n|-singleturn|p1a: Sneasler|Protect\n|move|p2a: Staraptor|Close Combat|p1b: Rotom\n|-damage|p1b: Rotom|53/100\n|-boost|p2a: Staraptor|def|1\n|-boost|p2a: Staraptor|spd|1\n|move|p2b: Garchomp|Stomping Tantrum|p1a: Sneasler\n|-activate|p1a: Sneasler|move: Protect\n|move|p1b: Rotom|Will-O-Wisp|p2b: Garchomp\n|-status|p2b: Garchomp|brn\n|\n|-heal|p1b: Rotom|59/100|[from] item: Leftovers\n|-damage|p2b: Garchomp|94/100 brn|[from] brn\n|upkeep\n|turn|3\n|inactive|Novicebest has 30 seconds left.\n|\n|t:|1788346951\n|switch|p1a: Sinistcha|Sinistcha, L50|100/100\n|-heal|p1b: Rotom|84/100|[from] ability: Hospitality|[of] p1a: Sinistcha\n|move|p2a: Staraptor|Close Combat|p1b: Rotom\n|-damage|p1b: Rotom|37/100\n|-boost|p2a: Staraptor|def|1\n|-boost|p2a: Staraptor|spd|1\n|move|p2b: Garchomp|Dragon Claw|p1b: Rotom\n|-damage|p1b: Rotom|15/100\n|-damage|p2b: Garchomp|84/100 brn|[from] item: Life Orb\n|move|p1b: Rotom|Thunderbolt|p2a: Staraptor\n|-supereffective|p2a: Staraptor|1\n|-damage|p2a: Staraptor|68/100\n|\n|-heal|p1b: Rotom|21/100|[from] item: Leftovers\n|-damage|p2b: Garchomp|78/100 brn|[from] brn\n|upkeep\n|turn|4\n|inactive|kazi101 has 30 seconds left.\n|inactive|Novicebest has 30 seconds left.\n|inactive|kazi101 has 20 seconds left.\n|\n|t:|1788346987\n|move|p1a: Sinistcha|Rage Powder|p1a: Sinistcha\n|-singleturn|p1a: Sinistcha|move: Rage Powder\n|move|p2a: Staraptor|Brave Bird|p1a: Sinistcha\n|-supereffective|p1a: Sinistcha|1\n|-damage|p1a: Sinistcha|25/100\n|-enditem|p1a: Sinistcha|Sitrus Berry|[eat]\n|-heal|p1a: Sinistcha|50/100g|[from] item: Sitrus Berry\n|-damage|p2a: Staraptor|45/100|[from] Recoil\n|move|p2b: Garchomp|Dragon Claw|p1a: Sinistcha\n|-damage|p1a: Sinistcha|33/100\n|-damage|p2b: Garchomp|68/100 brn|[from] item: Life Orb\n|move|p1b: Rotom|Thunderbolt|p2a: Staraptor\n|-supereffective|p2a: Staraptor|1\n|-damage|p2a: Staraptor|11/100\n|\n|-heal|p1b: Rotom|27/100|[from] item: Leftovers\n|-damage|p2b: Garchomp|62/100 brn|[from] brn\n|-sideend|p2: Novicebest|move: Tailwind\n|upkeep\n|turn|5\n|\n|t:|1788347009\n|move|p2a: Staraptor|Roost|p2a: Staraptor\n|-heal|p2a: Staraptor|61/100\n|-singleturn|p2a: Staraptor|move: Roost\n|move|p2b: Garchomp|Rock Slide|p1a: Sinistcha|[spread] p1a,p1b\n|-damage|p1a: Sinistcha|25/100\n|-damage|p1b: Rotom|18/100\n|-damage|p2b: Garchomp|52/100 brn|[from] item: Life Orb\n|move|p1b: Rotom|Thunderbolt|p2a: Staraptor\n|-damage|p2a: Staraptor|45/100\n|move|p1a: Sinistcha|Matcha Gotcha|p2a: Staraptor|[spread] p2b\n|-miss|p1a: Sinistcha|p2a: Staraptor\n|-damage|p2b: Garchomp|28/100 brn\n|-heal|p1a: Sinistcha|38/100|[from] drain|[of] p2b: Garchomp\n|\n|-heal|p1b: Rotom|24/100|[from] item: Leftovers\n|-damage|p2b: Garchomp|22/100 brn|[from] brn\n|upkeep\n|turn|6\n|inactive|kazi101 has 30 seconds left.\n|\n|t:|1788347042\n|move|p2a: Staraptor|Roost|p2a: Staraptor\n|-heal|p2a: Staraptor|95/100\n|-singleturn|p2a: Staraptor|move: Roost\n|move|p2b: Garchomp|Rock Slide|p1b: Rotom|[spread] p1b\n|-miss|p2b: Garchomp|p1a: Sinistcha\n|-damage|p1b: Rotom|15/100\n|-damage|p2b: Garchomp|12/100 brn|[from] item: Life Orb\n|move|p1b: Rotom|Thunderbolt|p2a: Staraptor\n|-damage|p2a: Staraptor|80/100\n|move|p1a: Sinistcha|Matcha Gotcha|p2b: Garchomp|[spread] p2a,p2b\n|-damage|p2a: Staraptor|67/100\n|-heal|p1a: Sinistcha|46/100|[from] drain|[of] p2a: Staraptor\n|-damage|p2b: Garchomp|0 fnt\n|-heal|p1a: Sinistcha|53/100|[from] drain|[of] p2b: Garchomp\n|faint|p2b: Garchomp\n|\n|-heal|p1b: Rotom|21/100|[from] item: Leftovers\n|upkeep\n|\n|t:|1788347061\n|switch|p2b: Farigiraf|Farigiraf, L50, M|100/100\n|turn|7\n|\n|t:|1788347083\n|move|p2a: Staraptor|Brave Bird|p1a: Sinistcha\n|-supereffective|p1a: Sinistcha|1\n|-damage|p1a: Sinistcha|0 fnt\n|faint|p1a: Sinistcha\n|-damage|p2a: Staraptor|51/100|[from] Recoil\n|move|p1b: Rotom|Thunderbolt|p2a: Staraptor\n|-supereffective|p2a: Staraptor|1\n|-damage|p2a: Staraptor|19/100\n|move|p2b: Farigiraf|Thunderbolt|p1b: Rotom\n|-damage|p1b: Rotom|0 fnt\n|faint|p1b: Rotom\n|\n|upkeep\n|\n|t:|1788347096\n|switch|p1b: Sneasler|Sneasler, L50, F|100/100\n|switch|p1a: Tyranitar|Tyranitar, L50, F|100/100\n|-weather|Sandstorm|[from] ability: Sand Stream|[of] p1a: Tyranitar\n|turn|8\n|\n|t:|1788347112\n|detailschange|p1a: Tyranitar|Tyranitar-Mega, L50, F\n|-mega|p1a: Tyranitar|Tyranitar|Tyranitarite\n|move|p2a: Staraptor|Protect|p2a: Staraptor\n|-singleturn|p2a: Staraptor|Protect\n|move|p1b: Sneasler|Dire Claw|p2a: Staraptor\n|-activate|p2a: Staraptor|move: Protect\n|move|p1a: Tyranitar|Rock Slide|p2b: Farigiraf|[spread] p2b\n|-activate|p2a: Staraptor|move: Protect\n|-damage|p2b: Farigiraf|67/100\n|move|p2b: Farigiraf|Twin Beam|p1b: Sneasler\n|-supereffective|p1b: Sneasler|2\n|-damage|p1b: Sneasler|20/100y\n|-supereffective|p1b: Sneasler|2\n|-damage|p1b: Sneasler|0 fnt\n|faint|p1b: Sneasler\n|-hitcount|p1: Sneasler|2\n|\n|-weather|Sandstorm|[upkeep]\n|-damage|p2a: Staraptor|13/100|[from] Sandstorm\n|-damage|p2b: Farigiraf|61/100|[from] Sandstorm\n|upkeep\n|turn|9\n|\n|t:|1788347135\n|move|p1a: Tyranitar|Protect|p1a: Tyranitar\n|-singleturn|p1a: Tyranitar|Protect\n|move|p2a: Staraptor|Roost|p2a: Staraptor\n|-heal|p2a: Staraptor|63/100\n|-singleturn|p2a: Staraptor|move: Roost\n|move|p2b: Farigiraf|Thunderbolt|p1a: Tyranitar\n|-activate|p1a: Tyranitar|move: Protect\n|\n|-weather|Sandstorm|[upkeep]\n|-damage|p2a: Staraptor|57/100|[from] Sandstorm\n|-damage|p2b: Farigiraf|55/100|[from] Sandstorm\n|upkeep\n|turn|10\n|-message|kazi101 forfeited.\n|\n|win|Novicebest\n|raw|kazi101's rating: 1477 &rarr; <strong>1470</strong><br />(-7 for losing)\n|raw|Novicebest's rating: 1753 &rarr; <strong>1760</strong><br />(+7 for winning)\n|l|‽kazi101\n|player|p1|\n","uploadtime":1788347157,"views":"0","formatid":"gen9championsvgc2026regmb","rating":1470,"private":0,"password":null}