{"id":"gen9championsvgc2026regmbbo3-2674869484","format":"[Gen 9 Champions] VGC 2026 Reg M-B (Bo3)","players":["ArmorOfBerserk","okkia3"],"log":"|j|☆ArmorOfBerserk\n|j|☆okkia3\n|html|<table width=\"100%\"><tr><td align=\"left\">ArmorOfBerserk</td><td align=\"right\">okkia3</tr><tr><td align=\"left\"><i class=\"fa fa-circle\"></i> <i class=\"fa fa-circle-o\"></i> </td><td align=\"right\"><i class=\"fa fa-circle-o\"></i> <i class=\"fa fa-circle-o\"></i> </tr></table>\n|uhtml|bestof|<h2><strong>Game 2</strong> of <a href=\"/game-bestof3-gen9championsvgc2026regmbbo3-2674867137\">a best-of-3</a></h2>\n|t:|1788425458\n|gametype|doubles\n|player|p1|ArmorOfBerserk|102|1138\n|player|p2|okkia3|102|1101\n|gen|9\n|tier|[Gen 9 Champions] VGC 2026 Reg M-B (Bo3)\n|rated|\n|rule|Species Clause: Limit one of each Pokémon\n|rule|Item Clause: Limit 1 of each item\n|clearpoke\n|poke|p1|Swampert, L50, M|\n|poke|p1|Sableye, L50, F|\n|poke|p1|Pelipper, L50, M|\n|poke|p1|Archaludon, L50, F|\n|poke|p1|Basculegion, L50, M|\n|poke|p1|Venusaur, L50, F|\n|poke|p2|Charizard, L50, M|\n|poke|p2|Whimsicott, L50, F|\n|poke|p2|Basculegion, L50, M|\n|poke|p2|Farigiraf, L50, M|\n|poke|p2|Kangaskhan, L50, F|\n|poke|p2|Sneasler, L50, F|\n|teampreview|4\n|showteam|p1|Swampert||Swampertite|Damp|WaveCrash,Earthquake,IcePunch,Protect|Adamant||M|||50|]Sableye||RoseliBerry|Prankster|Encore,RainDance,WillOWisp,LightScreen|Careful||F|||50|]Pelipper||SitrusBerry|Drizzle|Hurricane,Tailwind,WeatherBall,WideGuard|Bold||M|||50|]Archaludon||Leftovers|Stamina|ElectroShot,DragonPulse,FlashCannon,Protect|Modest||F|||50|]Basculegion||ChoiceScarf|Adaptability|LastRespects,WaveCrash,AquaJet,FlipTurn|Jolly||M|||50|]Venusaur||Venusaurite|Chlorophyll|Protect,GigaDrain,SludgeBomb,EarthPower|Modest||F|||50|\n|showteam|p2|Charizard||CharizarditeY|SolarPower|WeatherBall,HeatWave,SolarBeam,Protect|Timid||M|||50|]Whimsicott||FocusSash|Prankster|Moonblast,Tailwind,SunnyDay,Encore|Timid||F|||50|]Basculegion||ChoiceScarf|Adaptability|WaveCrash,AquaJet,LastRespects,FlipTurn|Adamant||M|||50|]Farigiraf||SitrusBerry|ArmorTail|Psychic,HyperVoice,HelpingHand,TrickRoom|Modest||M|||50|]Kangaskhan||Kangaskhanite|Scrappy|FakeOut,DoubleEdge,DrainPunch,SuckerPunch|Adamant||F|||50|]Sneasler||WhiteHerb|Unburden|FakeOut,CloseCombat,DireClaw,RockTomb|Adamant||F|||50|\n|inactive|Battle timer is ON: inactive players will automatically lose when time's up. (requested by okkia3)\n|inactive|ArmorOfBerserk has 60 seconds left.\n|\n|t:|1788425514\n|teamsize|p1|4\n|teamsize|p2|4\n|start\n|switch|p1a: Swampert|Swampert, L50, M|100/100\n|switch|p1b: Sableye|Sableye, L50, F|100/100\n|switch|p2a: Charizard|Charizard, L50, M|100/100\n|switch|p2b: Sneasler|Sneasler, L50, F|100/100\n|turn|1\n|\n|t:|1788425531\n|move|p2a: Charizard|Protect|p2a: Charizard\n|-singleturn|p2a: Charizard|Protect\n|move|p1a: Swampert|Protect|p1a: Swampert\n|-singleturn|p1a: Swampert|Protect\n|move|p1b: Sableye|Will-O-Wisp|p2b: Sneasler\n|-status|p2b: Sneasler|brn\n|move|p2b: Sneasler|Rock Tomb|p1b: Sableye\n|-damage|p1b: Sableye|84/100\n|-unboost|p1b: Sableye|spe|1\n|\n|-damage|p2b: Sneasler|94/100 brn|[from] brn\n|upkeep\n|turn|2\n|inactive|ArmorOfBerserk has 30 seconds left.\n|\n|t:|1788425561\n|switch|p2b: Farigiraf|Farigiraf, L50, M|100/100\n|detailschange|p2a: Charizard|Charizard-Mega-Y, L50, M\n|-mega|p2a: Charizard|Charizard|Charizardite Y\n|-weather|SunnyDay|[from] ability: Drought|[of] p2a: Charizard\n|detailschange|p1a: Swampert|Swampert-Mega, L50, M\n|-mega|p1a: Swampert|Swampert|Swampertite\n|move|p1b: Sableye|Encore||[still]\n|cant|p2b: Farigiraf|ability: Armor Tail|Encore|[of] p1b: Sableye\n|move|p2a: Charizard|Heat Wave|p1a: Swampert|[spread] p1a,p1b\n|-resisted|p1a: Swampert|1\n|-crit|p1b: Sableye\n|-damage|p1a: Swampert|72/100\n|-damage|p1b: Sableye|0 fnt\n|faint|p1b: Sableye\n|move|p1a: Swampert|Earthquake|p2b: Farigiraf|[spread] p2b\n|-immune|p2a: Charizard\n|-damage|p2b: Farigiraf|58/100\n|\n|-weather|SunnyDay|[upkeep]\n|upkeep\n|inactive|ArmorOfBerserk has 30 seconds left.\n|\n|t:|1788425588\n|switch|p1b: Pelipper|Pelipper, L50, M|100/100\n|-weather|RainDance|[from] ability: Drizzle|[of] p1b: Pelipper\n|turn|3\n|inactive|ArmorOfBerserk has 30 seconds left.\n|\n|t:|1788425616\n|switch|p2b: Sneasler|Sneasler, L50, F|94/100 brn\n|move|p2a: Charizard|Protect|p2a: Charizard\n|-singleturn|p2a: Charizard|Protect\n|move|p1a: Swampert|Wave Crash|p2a: Charizard\n|-activate|p2a: Charizard|move: Protect\n|move|p1b: Pelipper|Weather Ball|p2b: Sneasler\n|-damage|p2b: Sneasler|19/100 brn\n|\n|-weather|RainDance|[upkeep]\n|-damage|p2b: Sneasler|13/100 brn|[from] brn\n|upkeep\n|turn|4\n|inactive|ArmorOfBerserk has 30 seconds left.\n|\n|t:|1788425648\n|switch|p2a: Farigiraf|Farigiraf, L50, M|58/100\n|move|p1b: Pelipper|Wide Guard|p1b: Pelipper\n|-singleturn|p1b: Pelipper|Wide Guard\n|move|p1a: Swampert|Earthquake|p2a: Farigiraf|[spread] p2a,p2b\n|-activate|p1b: Pelipper|move: Wide Guard\n|-supereffective|p2b: Sneasler|1\n|-damage|p2a: Farigiraf|14/100\n|-damage|p2b: Sneasler|0 fnt\n|-enditem|p2a: Farigiraf|Sitrus Berry|[eat]\n|-heal|p2a: Farigiraf|39/100|[from] item: Sitrus Berry\n|faint|p2b: Sneasler\n|\n|-weather|RainDance|[upkeep]\n|upkeep\n|\n|t:|1788425648\n|switch|p2b: Whimsicott|Whimsicott, L50, F|100/100\n|turn|5\n|inactive|ArmorOfBerserk has 30 seconds left.\n|inactive|ArmorOfBerserk has 20 seconds left.\n|\n|t:|1788425684\n|move|p1a: Swampert|Ice Punch|p2b: Whimsicott\n|-supereffective|p2b: Whimsicott|1\n|-damage|p2b: Whimsicott|9/100\n|move|p2b: Whimsicott|Moonblast|p1b: Pelipper\n|-damage|p1b: Pelipper|49/100\n|-enditem|p1b: Pelipper|Sitrus Berry|[eat]\n|-heal|p1b: Pelipper|74/100|[from] item: Sitrus Berry\n|move|p1b: Pelipper|Tailwind|p1b: Pelipper\n|-sidestart|p1: ArmorOfBerserk|move: Tailwind\n|move|p2a: Farigiraf|Psychic|p1b: Pelipper\n|-damage|p1b: Pelipper|19/100\n|-unboost|p1b: Pelipper|spd|1\n|\n|-weather|RainDance|[upkeep]\n|upkeep\n|turn|6\n|inactive|ArmorOfBerserk has 30 seconds left.\n|\n|t:|1788425709\n|switch|p1b: Basculegion|Basculegion, L50, M|100/100\n|move|p1a: Swampert|Ice Punch|p2b: Whimsicott\n|-supereffective|p2b: Whimsicott|1\n|-damage|p2b: Whimsicott|0 fnt\n|faint|p2b: Whimsicott\n|move|p2a: Farigiraf|Psychic|p1b: Basculegion\n|-damage|p1b: Basculegion|51/100\n|-unboost|p1b: Basculegion|spd|1\n|\n|-weather|RainDance|[upkeep]\n|upkeep\n|\n|t:|1788425709\n|switch|p2b: Charizard|Charizard-Mega-Y, L50, M|100/100\n|-weather|SunnyDay|[from] ability: Drought|[of] p2b: Charizard\n|turn|7\n|\n|t:|1788425733\n|switch|p1a: Pelipper|Pelipper, L50, M|19/100\n|-weather|RainDance|[from] ability: Drizzle|[of] p1a: Pelipper\n|move|p1b: Basculegion|Wave Crash|p2a: Farigiraf\n|-damage|p2a: Farigiraf|0 fnt\n|faint|p2a: Farigiraf\n|-damage|p1b: Basculegion|37/100|[from] Recoil\n|move|p2b: Charizard|Solar Beam||[still]\n|-prepare|p2b: Charizard|Solar Beam\n|\n|-weather|RainDance|[upkeep]\n|upkeep\n|turn|8\n|\n|t:|1788425747\n|move|p1b: Basculegion|Wave Crash|p2b: Charizard\n|-supereffective|p2b: Charizard|1\n|-damage|p2b: Charizard|0 fnt\n|faint|p2b: Charizard\n|-damage|p1b: Basculegion|11/100|[from] Recoil\n|\n|win|ArmorOfBerserk\n|raw|ArmorOfBerserk's rating: 1138 &rarr; <strong>1158</strong><br />(+20 for winning)\n|raw|okkia3's rating: 1074 &rarr; <strong>1057</strong><br />(-17 for losing)\n","uploadtime":1788425747,"views":"1","formatid":"gen9championsvgc2026regmbbo3","rating":1057,"private":0,"password":null}