{"id":"gen9championsvgc2026regmbbo3-2674944304","format":"[Gen 9 Champions] VGC 2026 Reg M-B (Bo3)","players":["jomivgc","beeetch"],"log":"|j|☆jomivgc\n|j|☆beeetch\n|html|<table width=\"100%\"><tr><td align=\"left\">jomivgc</td><td align=\"right\">beeetch</tr><tr><td align=\"left\"><i class=\"fa fa-circle-o\"></i> <i class=\"fa fa-circle-o\"></i> </td><td align=\"right\"><i class=\"fa fa-circle-o\"></i> <i class=\"fa fa-circle-o\"></i> </tr></table>\n|uhtml|bestof|<h2><strong>Game 1</strong> of <a href=\"/game-bestof3-gen9championsvgc2026regmbbo3-2674944303\">a best-of-3</a></h2>\n|t:|1788439950\n|gametype|doubles\n|player|p1|jomivgc|emmet|1311\n|player|p2|beeetch|265|1268\n|gen|9\n|tier|[Gen 9 Champions] VGC 2026 Reg M-B (Bo3)\n|rated|\n|rule|Species Clause: Limit one of each Pokémon\n|rule|Item Clause: Limit 1 of each item\n|clearpoke\n|poke|p1|Raichu, L50, M|\n|poke|p1|Staraptor, L50, F|\n|poke|p1|Arcanine-Hisui, L50, M, shiny|\n|poke|p1|Farigiraf, L50, M|\n|poke|p1|Sylveon, L50, F|\n|poke|p1|Kingambit, L50, M|\n|poke|p2|Gholdengo, L50|\n|poke|p2|Staraptor, L50, M|\n|poke|p2|Tyranitar, L50, F|\n|poke|p2|Farigiraf, L50, F|\n|poke|p2|Whimsicott, L50, F, shiny|\n|poke|p2|Excadrill, L50, M, shiny|\n|teampreview|4\n|showteam|p1|Raichu||RaichuniteY|LightningRod|ZapCannon,FocusBlast,FakeOut,Protect|Timid||M|||50|]Staraptor||Staraptite|Intimidate|CloseCombat,BraveBird,Tailwind,Protect|Jolly||F|||50|]Arcanine-Hisui||FocusSash|RockHead|FlareBlitz,HeadSmash,ExtremeSpeed,Protect|Jolly||M|||50|]Farigiraf||SitrusBerry|ArmorTail|Psychic,HelpingHand,TrickRoom,Protect|Calm||M|||50|]Sylveon||FairyFeather|Pixilate|HyperVoice,QuickAttack,HyperBeam,Detect|Modest||F|||50|]Kingambit||LifeOrb|Defiant|KowtowCleave,SuckerPunch,SwordsDance,Protect|Adamant||M|||50|\n|showteam|p2|Gholdengo||LifeOrb|GoodasGold|Protect,ShadowBall,MakeItRain,PowerGem|Timid|||||50|]Staraptor||Staraptite|Intimidate|Protect,BraveBird,CloseCombat,Tailwind|Jolly||M|||50|]Tyranitar||ChopleBerry|SandStream|Protect,KnockOff,RockSlide,LowKick|Adamant||F|||50|]Farigiraf||SitrusBerry|ArmorTail|Psychic,Thunderbolt,NastyPlot,TrickRoom|Bold||F|||50|]Whimsicott||FocusSash|Prankster|Tailwind,Moonblast,Encore,Charm|Timid||F|||50|]Excadrill||ExpertBelt|SandRush|Protect,IronHead,HighHorsepower,Earthquake|Adamant||M|||50|\n|inactive|Battle timer is ON: inactive players will automatically lose when time's up. (requested by jomivgc)\n|inactive|jomivgc has 60 seconds left.\n|inactive|beeetch has 60 seconds left.\n|\n|t:|1788439990\n|teamsize|p1|4\n|teamsize|p2|4\n|start\n|switch|p1a: Arcanine|Arcanine-Hisui, L50, M, shiny|100/100\n|switch|p1b: Staraptor|Staraptor, L50, F|100/100\n|switch|p2a: Gholdengo|Gholdengo, L50|100/100\n|switch|p2b: Whimsicott|Whimsicott, L50, F, shiny|100/100\n|-ability|p1b: Staraptor|Intimidate|boost\n|-unboost|p2a: Gholdengo|atk|1\n|-unboost|p2b: Whimsicott|atk|1\n|turn|1\n|inactive|jomivgc has 30 seconds left.\n|\n|t:|1788440025\n|switch|p2a: Staraptor|Staraptor, L50, M|100/100\n|-ability|p2a: Staraptor|Intimidate|boost\n|-unboost|p1a: Arcanine|atk|1\n|-unboost|p1b: Staraptor|atk|1\n|detailschange|p1b: Staraptor|Staraptor-Mega, L50, F\n|-mega|p1b: Staraptor|Staraptor|Staraptite\n|move|p2b: Whimsicott|Tailwind|p2b: Whimsicott\n|-sidestart|p2: beeetch|move: Tailwind\n|move|p1b: Staraptor|Tailwind|p1b: Staraptor\n|-sidestart|p1: jomivgc|move: Tailwind\n|move|p1a: Arcanine|Flare Blitz|p2a: Staraptor\n|-damage|p2a: Staraptor|55/100\n|\n|upkeep\n|turn|2\n|\n|t:|1788440045\n|detailschange|p2a: Staraptor|Staraptor-Mega, L50, M\n|-mega|p2a: Staraptor|Staraptor|Staraptite\n|move|p1a: Arcanine|Extreme Speed|p2a: Staraptor\n|-damage|p2a: Staraptor|39/100\n|move|p2b: Whimsicott|Charm|p2a: Staraptor\n|-boost|p2a: Staraptor|atk|2\n|move|p1b: Staraptor|Close Combat|p2a: Staraptor\n|-resisted|p2a: Staraptor|1\n|-damage|p2a: Staraptor|18/100\n|-boost|p1b: Staraptor|def|1\n|-boost|p1b: Staraptor|spd|1\n|move|p2a: Staraptor|Close Combat|p1a: Arcanine\n|-supereffective|p1a: Arcanine|1\n|-enditem|p1a: Arcanine|Focus Sash\n|-damage|p1a: Arcanine|1/100\n|-boost|p2a: Staraptor|def|1\n|-boost|p2a: Staraptor|spd|1\n|\n|upkeep\n|turn|3\n|inactive|jomivgc has 30 seconds left.\n|inactive|jomivgc has 20 seconds left.\n|inactive|jomivgc has 15 seconds left.\n|inactive|jomivgc has 10 seconds left.\n|inactive|jomivgc has 5 seconds left.\n|inactive|beeetch has 30 seconds left.\n|inactive|beeetch has 20 seconds left.\n|\n|t:|1788440113\n|switch|p2a: Excadrill|Excadrill, L50, M, shiny|100/100\n|move|p1a: Arcanine|Extreme Speed|p2a: Excadrill\n|-resisted|p2a: Excadrill|1\n|-damage|p2a: Excadrill|90/100\n|move|p2b: Whimsicott|Encore|p1b: Staraptor\n|-start|p1b: Staraptor|Encore\n|move|p1b: Staraptor|Close Combat|p2a: Excadrill\n|-supereffective|p2a: Excadrill|1\n|-damage|p2a: Excadrill|0 fnt\n|-boost|p1b: Staraptor|def|1\n|-boost|p1b: Staraptor|spd|1\n|faint|p2a: Excadrill\n|\n|upkeep\n|\n|t:|1788440124\n|switch|p2a: Gholdengo|Gholdengo, L50|100/100\n|turn|4\n|\n|t:|1788440143\n|move|p1a: Arcanine|Extreme Speed|p2b: Whimsicott\n|-damage|p2b: Whimsicott|75/100\n|move|p2b: Whimsicott|Moonblast|p1a: Arcanine\n|-resisted|p1a: Arcanine|1\n|-damage|p1a: Arcanine|0 fnt\n|faint|p1a: Arcanine\n|move|p1b: Staraptor|Close Combat|p2b: Whimsicott\n|-resisted|p2b: Whimsicott|1\n|-crit|p2b: Whimsicott\n|-damage|p2b: Whimsicott|10/100\n|-boost|p1b: Staraptor|def|1\n|-boost|p1b: Staraptor|spd|1\n|move|p2a: Gholdengo|Make It Rain|p1b: Staraptor\n|-damage|p1b: Staraptor|62/100\n|-unboost|p2a: Gholdengo|spa|2\n|-damage|p2a: Gholdengo|90/100|[from] item: Life Orb\n|\n|-sideend|p1: jomivgc|move: Tailwind\n|-sideend|p2: beeetch|move: Tailwind\n|upkeep\n|\n|t:|1788440159\n|switch|p1a: Farigiraf|Farigiraf, L50, M|100/100\n|turn|5\n|inactive|jomivgc has 30 seconds left.\n|\n|t:|1788440187\n|switch|p2a: Staraptor|Staraptor-Mega, L50, M|18/100\n|move|p2b: Whimsicott|Moonblast|p1b: Staraptor\n|-supereffective|p1b: Staraptor|1\n|-damage|p1b: Staraptor|30/100\n|move|p1b: Staraptor|Close Combat|p2b: Whimsicott\n|-resisted|p2b: Whimsicott|1\n|-damage|p2b: Whimsicott|0 fnt\n|-boost|p1b: Staraptor|def|1\n|-boost|p1b: Staraptor|spd|1\n|faint|p2b: Whimsicott\n|move|p1a: Farigiraf|Psychic|p2a: Staraptor\n|-supereffective|p2a: Staraptor|1\n|-damage|p2a: Staraptor|0 fnt\n|faint|p2a: Staraptor\n|\n|-end|p1b: Staraptor|Encore\n|upkeep\n|\n|t:|1788440197\n|switch|p2b: Gholdengo|Gholdengo, L50|90/100\n|turn|6\n|inactive|jomivgc has 30 seconds left.\n|inactive|jomivgc has 20 seconds left.\n|inactive|jomivgc has 15 seconds left.\n|\n|t:|1788440238\n|move|p2b: Gholdengo|Protect|p2b: Gholdengo\n|-singleturn|p2b: Gholdengo|Protect\n|move|p1b: Staraptor|Tailwind|p1b: Staraptor\n|-sidestart|p1: jomivgc|move: Tailwind\n|move|p1a: Farigiraf|Psychic|p2b: Gholdengo\n|-activate|p2b: Gholdengo|move: Protect\n|\n|upkeep\n|turn|7\n|\n|t:|1788440247\n|move|p1b: Staraptor|Brave Bird|p2b: Gholdengo\n|-resisted|p2b: Gholdengo|1\n|-damage|p2b: Gholdengo|66/100\n|-damage|p1b: Staraptor|22/100|[from] Recoil\n|move|p1a: Farigiraf|Psychic|p2b: Gholdengo\n|-resisted|p2b: Gholdengo|1\n|-damage|p2b: Gholdengo|47/100\n|move|p2b: Gholdengo|Power Gem|p1a: Farigiraf\n|-damage|p1a: Farigiraf|70/100\n|-damage|p2b: Gholdengo|38/100|[from] item: Life Orb\n|\n|upkeep\n|turn|8\n|\n|t:|1788440262\n|move|p2b: Gholdengo|Protect|p2b: Gholdengo\n|-singleturn|p2b: Gholdengo|Protect\n|move|p1b: Staraptor|Brave Bird|p2b: Gholdengo\n|-activate|p2b: Gholdengo|move: Protect\n|move|p1a: Farigiraf|Psychic|p2b: Gholdengo\n|-activate|p2b: Gholdengo|move: Protect\n|\n|upkeep\n|turn|9\n|\n|t:|1788440276\n|move|p1b: Staraptor|Brave Bird|p2b: Gholdengo\n|-resisted|p2b: Gholdengo|1\n|-damage|p2b: Gholdengo|17/100\n|-damage|p1b: Staraptor|15/100|[from] Recoil\n|move|p2b: Gholdengo|Power Gem|p1a: Farigiraf\n|-damage|p1a: Farigiraf|41/100\n|-enditem|p1a: Farigiraf|Sitrus Berry|[eat]\n|-heal|p1a: Farigiraf|66/100|[from] item: Sitrus Berry\n|-damage|p2b: Gholdengo|7/100|[from] item: Life Orb\n|move|p1a: Farigiraf|Trick Room|p1a: Farigiraf\n|-fieldstart|move: Trick Room|[of] p1a: Farigiraf\n|\n|-sideend|p1: jomivgc|move: Tailwind\n|upkeep\n|turn|10\n|\n|t:|1788440289\n|move|p1a: Farigiraf|Psychic|p2b: Gholdengo\n|-resisted|p2b: Gholdengo|1\n|-damage|p2b: Gholdengo|0 fnt\n|faint|p2b: Gholdengo\n|\n|win|jomivgc\n","uploadtime":1788440290,"views":"0","formatid":"gen9championsvgc2026regmbbo3","rating":null,"private":0,"password":null}