{"id":"gen9championsvgc2026regmb-2673860173","format":"[Gen 9 Champions] VGC 2026 Reg M-B","players":["Thornlace48812","uhgbvb"],"log":"|j|☆Thornlace48812\n|j|☆uhgbvb\n|t:|1788269724\n|gametype|doubles\n|player|p1|Thornlace48812|102|1094\n|player|p2|uhgbvb|ghetsis|1026\n|gen|9\n|tier|[Gen 9 Champions] VGC 2026 Reg M-B\n|rated|\n|rule|Species Clause: Limit one of each Pokémon\n|rule|Item Clause: Limit 1 of each item\n|clearpoke\n|poke|p1|Garchomp, L50, M|\n|poke|p1|Charizard, L50, M|\n|poke|p1|Whimsicott, L50, F|\n|poke|p1|Sylveon, L50, M|\n|poke|p1|Kingambit, L50, F|\n|poke|p1|Basculegion, L50, M|\n|poke|p2|Floette-Eternal, L50, F|\n|poke|p2|Garchomp, L50, M|\n|poke|p2|Gholdengo, L50|\n|poke|p2|Scovillain, L50, M|\n|poke|p2|Kangaskhan, L50, F|\n|poke|p2|Ceruledge, L50, F|\n|teampreview|4\n|inactive|Battle timer is ON: inactive players will automatically lose when time's up. (requested by Thornlace48812)\nThornlace48812 rejected open team sheets.\n|inactive|uhgbvb has 60 seconds left.\n|\n|t:|1788269757\n|teamsize|p1|4\n|teamsize|p2|4\n|start\n|switch|p1a: Charizard|Charizard, L50, M|100/100\n|switch|p1b: Whimsicott|Whimsicott, L50, F|100/100\n|switch|p2a: Garchomp|Garchomp, L50, M|100/100\n|switch|p2b: Kangaskhan|Kangaskhan, L50, F|100/100\n|turn|1\n|\n|t:|1788269767\n|detailschange|p1a: Charizard|Charizard-Mega-Y, L50, M\n|-mega|p1a: Charizard|Charizard|Charizardite Y\n|-weather|SunnyDay|[from] ability: Drought|[of] p1a: Charizard\n|move|p1a: Charizard|Protect|p1a: Charizard\n|-singleturn|p1a: Charizard|Protect\n|move|p2b: Kangaskhan|Fake Out|p1b: Whimsicott\n|-damage|p1b: Whimsicott|72/100\n|cant|p1b: Whimsicott|flinch\n|move|p2a: Garchomp|Rock Slide|p1b: Whimsicott|[spread] p1b\n|-activate|p1a: Charizard|move: Protect\n|-damage|p1b: Whimsicott|35/100\n|-damage|p2a: Garchomp|90/100|[from] item: Life Orb\n|\n|-weather|SunnyDay|[upkeep]\n|upkeep\n|turn|2\n|\n|t:|1788269786\n|switch|p2b: Ceruledge|Ceruledge, L50, F|100/100\n|move|p1b: Whimsicott|Tailwind|p1b: Whimsicott\n|-sidestart|p1: Thornlace48812|move: Tailwind\n|move|p1a: Charizard|Heat Wave|p2b: Ceruledge|[spread] p2a\n|-start|p2b: Ceruledge|ability: Flash Fire\n|-resisted|p2a: Garchomp|1\n|-damage|p2a: Garchomp|52/100\n|move|p2a: Garchomp|Rock Slide|p1b: Whimsicott|[spread] p1a,p1b\n|-supereffective|p1a: Charizard|2\n|-damage|p1a: Charizard|0 fnt\n|-damage|p1b: Whimsicott|0 fnt\n|faint|p1a: Charizard\n|faint|p1b: Whimsicott\n|-damage|p2a: Garchomp|42/100|[from] item: Life Orb\n|\n|-weather|SunnyDay|[upkeep]\n|upkeep\n|\n|t:|1788269787\n|switch|p1b: Sylveon|Sylveon, L50, M|100/100\n|switch|p1a: Basculegion|Basculegion, L50, M|100/100\n|turn|3\n|inactive|uhgbvb has 30 seconds left.\n|inactive|uhgbvb has 20 seconds left.\n|inactive|uhgbvb has 15 seconds left.\n|inactive|uhgbvb has 10 seconds left.\n|inactive|uhgbvb has 5 seconds left.\n|\n|t:|1788269839\n|move|p2b: Ceruledge|Protect|p2b: Ceruledge\n|-singleturn|p2b: Ceruledge|Protect\n|move|p1a: Basculegion|Last Respects|p2b: Ceruledge\n|-activate|p2b: Ceruledge|move: Protect\n|move|p1b: Sylveon|Hyper Voice|p2b: Ceruledge|[spread] p2a\n|-activate|p2b: Ceruledge|move: Protect\n|-supereffective|p2a: Garchomp|1\n|-damage|p2a: Garchomp|0 fnt\n|faint|p2a: Garchomp\n|\n|-weather|SunnyDay|[upkeep]\n|upkeep\n|\n|t:|1788269849\n|switch|p2a: Kangaskhan|Kangaskhan, L50, F|100/100\n|turn|4\n|\n|t:|1788269853\n|move|p2a: Kangaskhan|Fake Out|p1a: Basculegion\n|-damage|p1a: Basculegion|77/100\n|move|p2b: Ceruledge|Shadow Sneak|p1a: Basculegion\n|-supereffective|p1a: Basculegion|1\n|-damage|p1a: Basculegion|26/100\n|cant|p1a: Basculegion|flinch\n|move|p1b: Sylveon|Hyper Voice|p2a: Kangaskhan|[spread] p2a,p2b\n|-resisted|p2b: Ceruledge|1\n|-damage|p2a: Kangaskhan|51/100\n|-damage|p2b: Ceruledge|72/100\n|\n|-weather|SunnyDay|[upkeep]\n|upkeep\n|turn|5\n|\n|t:|1788269870\n|move|p2a: Kangaskhan|Sucker Punch|p1a: Basculegion\n|-supereffective|p1a: Basculegion|1\n|-damage|p1a: Basculegion|0 fnt\n|faint|p1a: Basculegion\n|move|p1b: Sylveon|Hyper Voice|p2b: Ceruledge|[spread] p2a,p2b\n|-resisted|p2b: Ceruledge|1\n|-damage|p2a: Kangaskhan|5/100\n|-damage|p2b: Ceruledge|42/100\n|-enditem|p2a: Kangaskhan|Sitrus Berry|[eat]\n|-heal|p2a: Kangaskhan|30/100|[from] item: Sitrus Berry\n|move|p2b: Ceruledge|Bitter Blade|p1b: Sylveon\n|-damage|p1b: Sylveon|0 fnt\n|-heal|p2b: Ceruledge|100/100|[from] drain|[of] p1b: Sylveon\n|faint|p1b: Sylveon\n|\n|win|uhgbvb\n|raw|Thornlace48812's rating: 1126 &rarr; <strong>1094</strong><br />(-32 for losing)\n|raw|uhgbvb's rating: 1026 &rarr; <strong>1072</strong><br />(+46 for winning)\n","uploadtime":1788269871,"views":"4","formatid":"gen9championsvgc2026regmb","rating":1072,"private":0,"password":null}