{"id":"gen9championsvgc2026regmb-2674131791","format":"[Gen 9 Champions] VGC 2026 Reg M-B","players":["verd1squo","emi504"],"log":"|j|☆verd1squo\n|j|☆emi504\n|t:|1788303793\n|gametype|doubles\n|player|p1|verd1squo|steven|1121\n|player|p2|emi504|red|1035\n|gen|9\n|tier|[Gen 9 Champions] VGC 2026 Reg M-B\n|rated|\n|rule|Species Clause: Limit one of each Pokémon\n|rule|Item Clause: Limit 1 of each item\n|clearpoke\n|poke|p1|Dragonite, L50, M, shiny|\n|poke|p1|Floette-Eternal, L50, F|\n|poke|p1|Basculegion, L50, M, shiny|\n|poke|p1|Garchomp, L50, M, shiny|\n|poke|p1|Kingambit, L50, M, shiny|\n|poke|p1|Sneasler, L50, M, shiny|\n|poke|p2|Staraptor, L50, M, shiny|\n|poke|p2|Arcanine-Hisui, L50, M|\n|poke|p2|Whimsicott, L50, F|\n|poke|p2|Garchomp, L50, M|\n|poke|p2|Basculegion, L50, M, shiny|\n|poke|p2|Sinistcha-Masterpiece, L50|\n|teampreview|4\n|inactive|Battle timer is ON: inactive players will automatically lose when time's up. (requested by verd1squo)\nverd1squo rejected open team sheets.\n|\n|t:|1788303824\n|teamsize|p1|4\n|teamsize|p2|4\n|start\n|switch|p1a: Floette|Floette-Eternal, L50, F|100/100\n|switch|p1b: Sneasler|Sneasler, L50, M, shiny|100/100\n|switch|p2a: Whimsicott|Whimsicott, L50, F|100/100\n|switch|p2b: Angry Bird|Staraptor, L50, M, shiny|100/100\n|-ability|p2b: Angry Bird|Intimidate|boost\n|-unboost|p1a: Floette|atk|1\n|-unboost|p1b: Sneasler|atk|1\n|turn|1\n|\n|t:|1788303843\n|detailschange|p1a: Floette|Floette-Mega, L50, F\n|-mega|p1a: Floette|Floette|Floettite\n|-ability|p1a: Floette|Fairy Aura\n|detailschange|p2b: Angry Bird|Staraptor-Mega, L50, M, shiny\n|-mega|p2b: Angry Bird|Staraptor|Staraptite\n|move|p2a: Whimsicott|Protect|p2a: Whimsicott\n|-singleturn|p2a: Whimsicott|Protect\n|move|p1b: Sneasler|Fake Out|p2b: Angry Bird\n|-damage|p2b: Angry Bird|91/100\n|move|p1a: Floette|Dazzling Gleam|p2a: Whimsicott|[spread] p2b\n|-activate|p2a: Whimsicott|move: Protect\n|-supereffective|p2b: Angry Bird|1\n|-damage|p2b: Angry Bird|0 fnt\n|faint|p2b: Angry Bird\n|\n|upkeep\n|\n|t:|1788303863\n|switch|p2b: Basculegion|Basculegion, L50, M, shiny|100/100\n|turn|2\n|\n|t:|1788303878\n|switch|p1b: Kingambit|Kingambit, L50, M, shiny|100/100\n|move|p2a: Whimsicott|Encore|p1b: Kingambit\n|-hint|Since gen 7, Dark is immune to Prankster moves.\n|-immune|p1b: Kingambit\n|move|p1a: Floette|Dazzling Gleam|p2b: Basculegion|[spread] p2a,p2b\n|-damage|p2a: Whimsicott|30/100\n|-damage|p2b: Basculegion|49/100\n|move|p2b: Basculegion|Wave Crash|p1a: Floette\n|-damage|p1a: Floette|5/100\n|-damage|p2b: Basculegion|24/100|[from] Recoil\n|\n|upkeep\n|turn|3\n|\n|t:|1788303902\n|move|p2a: Whimsicott|Protect|p2a: Whimsicott\n|-singleturn|p2a: Whimsicott|Protect\n|move|p2b: Basculegion|Aqua Jet|p1a: Floette\n|-damage|p1a: Floette|0 fnt\n|faint|p1a: Floette\n|move|p1b: Kingambit|Iron Head|p2a: Whimsicott\n|-activate|p2a: Whimsicott|move: Protect\n|\n|upkeep\n|\n|t:|1788303912\n|switch|p1a: Basculegion|Basculegion, L50, M, shiny|100/100\n|turn|4\n|\n|t:|1788303926\n|switch|p2a: Sinistcha|Sinistcha-Masterpiece, L50|100/100\n|-heal|p2b: Basculegion|49/100|[from] ability: Hospitality|[of] p2a: Sinistcha\n|move|p2b: Basculegion|Last Respects|p1a: Basculegion\n|-supereffective|p1a: Basculegion|1\n|-damage|p1a: Basculegion|0 fnt\n|faint|p1a: Basculegion\n|move|p1b: Kingambit|Iron Head|p2a: Sinistcha\n|-damage|p2a: Sinistcha|56/100\n|\n|upkeep\n|\n|t:|1788303936\n|switch|p1a: Sneasler|Sneasler, L50, M, shiny|100/100\n|turn|5\n|\n|t:|1788303953\n|move|p2a: Sinistcha|Protect|p2a: Sinistcha\n|-singleturn|p2a: Sinistcha|Protect\n|move|p1a: Sneasler|Dire Claw|p2a: Sinistcha\n|-activate|p2a: Sinistcha|move: Protect\n|move|p2b: Basculegion|Wave Crash|p1b: Kingambit\n|-damage|p1b: Kingambit|43/100\n|-damage|p2b: Basculegion|29/100|[from] Recoil\n|move|p1b: Kingambit|Kowtow Cleave|p2b: Basculegion\n|-supereffective|p2b: Basculegion|1\n|-damage|p2b: Basculegion|0 fnt\n|faint|p2b: Basculegion\n|\n|upkeep\n|\n|t:|1788303967\n|switch|p2b: Whimsicott|Whimsicott, L50, F|30/100\n|turn|6\n|\n|t:|1788303978\n|move|p2b: Whimsicott|Protect|p2b: Whimsicott\n|-singleturn|p2b: Whimsicott|Protect\n|move|p2a: Sinistcha|Rage Powder|p2a: Sinistcha\n|-singleturn|p2a: Sinistcha|move: Rage Powder\n|move|p1a: Sneasler|Dire Claw|p2a: Sinistcha\n|-damage|p2a: Sinistcha|12/100\n|-status|p2a: Sinistcha|psn|[from] ability: Poison Touch|[of] p1a: Sneasler\n|move|p1b: Kingambit|Kowtow Cleave|p2a: Sinistcha\n|-supereffective|p2a: Sinistcha|1\n|-damage|p2a: Sinistcha|0 fnt\n|faint|p2a: Sinistcha\n|\n|upkeep\n|turn|7\n|\n|t:|1788303995\n|move|p1a: Sneasler|Dire Claw|p2b: Whimsicott\n|-supereffective|p2b: Whimsicott|2\n|-damage|p2b: Whimsicott|0 fnt\n|faint|p2b: Whimsicott\n|\n|win|verd1squo\n|raw|verd1squo's rating: 1121 &rarr; <strong>1140</strong><br />(+19 for winning)\n|raw|emi504's rating: 1035 &rarr; <strong>1023</strong><br />(-12 for losing)\n|l|☆emi504\n|player|p2|\n|c|☆verd1squo|gg\n","uploadtime":1788304003,"views":"1","formatid":"gen9championsvgc2026regmb","rating":1023,"private":0,"password":null}