{"id":"gen9championsvgc2026regmbbo3-2674197868","format":"[Gen 9 Champions] VGC 2026 Reg M-B (Bo3)","players":["we all love urshf","eldanger10"],"log":"|j|☆we all love urshf\n|j|☆eldanger10\n|html|<table width=\"100%\"><tr><td align=\"left\">we all love urshf</td><td align=\"right\">eldanger10</tr><tr><td align=\"left\"><i class=\"fa fa-circle-o\"></i> <i class=\"fa fa-circle-o\"></i> </td><td align=\"right\"><i class=\"fa fa-circle-o\"></i> <i class=\"fa fa-circle-o\"></i> </tr></table>\n|uhtml|bestof|<h2><strong>Game 1</strong> of <a href=\"/game-bestof3-gen9championsvgc2026regmbbo3-2674197867\">a best-of-3</a></h2>\n|t:|1788314016\n|gametype|doubles\n|player|p1|we all love urshf|ingo|1268\n|player|p2|eldanger10|hilda|1292\n|gen|9\n|tier|[Gen 9 Champions] VGC 2026 Reg M-B (Bo3)\n|rated|\n|rule|Species Clause: Limit one of each Pokémon\n|rule|Item Clause: Limit 1 of each item\n|clearpoke\n|poke|p1|Charizard, L50, F|\n|poke|p1|Venusaur, L50, F|\n|poke|p1|Toxapex, L50, M|\n|poke|p1|Hydreigon, L50, M|\n|poke|p1|Metagross, L50|\n|poke|p1|Incineroar, L50, F|\n|poke|p2|Charizard, L50, F|\n|poke|p2|Whimsicott, L50, F|\n|poke|p2|Floette-Eternal, L50, F|\n|poke|p2|Garchomp, L50, M|\n|poke|p2|Basculegion, L50, M|\n|poke|p2|Kingambit, L50, F|\n|teampreview|4\n|showteam|p1|Charizard||CharizarditeY|Blaze|HeatWave,WeatherBall,AncientPower,Protect|Timid||F|||50|]Venusaur||FocusSash|Chlorophyll|LeafStorm,SludgeBomb,SleepPowder,Protect|Modest||F|||50|]Toxapex||Leftovers|Regenerator|Toxic,Infestation,WideGuard,BanefulBunker|Bold||M|||50|]Hydreigon||ChoiceScarf|Levitate|DarkPulse,Snarl,DracoMeteor,HeatWave|Modest||M|||50|]Metagross||Metagrossite|ClearBody|IronHead,PsychicFangs,IcePunch,Protect|Jolly|||||50|]Incineroar||SitrusBerry|Intimidate|FakeOut,PartingShot,FlareBlitz,ThroatChop|Impish||F|||50|\n|showteam|p2|Charizard||CharizarditeY|Blaze|HeatWave,WeatherBall,AncientPower,Protect|Timid||F|||50|]Whimsicott||FocusSash|Prankster|Moonblast,Tailwind,Encore,Protect|Timid||F|||50|]Floette-Eternal||Floettite|FlowerVeil|Moonblast,DazzlingGleam,LightofRuin,Protect|Modest||F|||50|]Garchomp||LifeOrb|RoughSkin|DragonClaw,Earthquake,RockSlide,Protect|Jolly||M|||50|]Basculegion||ColburBerry|SwiftSwim|WaveCrash,LastRespects,AquaJet,Protect|Adamant||M|||50|]Kingambit||OccaBerry|Defiant|KowtowCleave,SuckerPunch,IronHead,LowKick|Adamant||F|||50|\n|inactive|Battle timer is ON: inactive players will automatically lose when time's up. (requested by we all love urshf)\n|inactive|eldanger10 has 60 seconds left.\n|\n|t:|1788314068\n|teamsize|p1|4\n|teamsize|p2|4\n|start\n|switch|p1a: Charizard|Charizard, L50, F|100/100\n|switch|p1b: Hydreigon|Hydreigon, L50, M|100/100\n|switch|p2a: Garchomp|Garchomp, L50, M|100/100\n|switch|p2b: Kingambit|Kingambit, L50, F|100/100\n|turn|1\n|\n|t:|1788314087\n|detailschange|p1a: Charizard|Charizard-Mega-Y, L50, F\n|-mega|p1a: Charizard|Charizard|Charizardite Y\n|-weather|SunnyDay|[from] ability: Drought|[of] p1a: Charizard\n|move|p2a: Garchomp|Protect|p2a: Garchomp\n|-singleturn|p2a: Garchomp|Protect\n|move|p1b: Hydreigon|Heat Wave|p2b: Kingambit|[spread] \n|-activate|p2a: Garchomp|move: Protect\n|-miss|p1b: Hydreigon|p2b: Kingambit\n|move|p1a: Charizard|Heat Wave|p2a: Garchomp|[spread] p2b\n|-activate|p2a: Garchomp|move: Protect\n|-supereffective|p2b: Kingambit|1\n|-crit|p2b: Kingambit\n|-enditem|p2b: Kingambit|Occa Berry|[eat]\n|-enditem|p2b: Kingambit|Occa Berry|[weaken]\n|-damage|p2b: Kingambit|4/100\n|move|p2b: Kingambit|Low Kick|p1b: Hydreigon\n|-supereffective|p1b: Hydreigon|1\n|-damage|p1b: Hydreigon|11/100\n|\n|-weather|SunnyDay|[upkeep]\n|upkeep\n|turn|2\n|\n|t:|1788314106\n|switch|p1b: Toxapex|Toxapex, L50, M|100/100\n|move|p1a: Charizard|Protect|p1a: Charizard\n|-singleturn|p1a: Charizard|Protect\n|move|p2b: Kingambit|Sucker Punch||[still]\n|-fail|p2b: Kingambit\n|move|p2a: Garchomp|Rock Slide|p1a: Charizard|[spread] p1b\n|-activate|p1a: Charizard|move: Protect\n|-damage|p1b: Toxapex|84/100\n|-damage|p2a: Garchomp|90/100|[from] item: Life Orb\n|\n|-weather|SunnyDay|[upkeep]\n|-heal|p1b: Toxapex|89/100|[from] item: Leftovers\n|upkeep\n|turn|3\n|inactive|eldanger10 has 30 seconds left.\n|\n|t:|1788314135\n|switch|p1a: Incineroar|Incineroar, L50, F|100/100\n|-ability|p1a: Incineroar|Intimidate|boost\n|-unboost|p2a: Garchomp|atk|1\n|-unboost|p2b: Kingambit|atk|1\n|-ability|p2b: Kingambit|Defiant|boost\n|-boost|p2b: Kingambit|atk|2\n|move|p2a: Garchomp|Dragon Claw|p1b: Toxapex\n|-damage|p1b: Toxapex|67/100\n|-damage|p2a: Garchomp|80/100|[from] item: Life Orb\n|move|p2b: Kingambit|Kowtow Cleave|p1b: Toxapex\n|-damage|p1b: Toxapex|21/100\n|move|p1b: Toxapex|Infestation|p2b: Kingambit\n|-damage|p2b: Kingambit|1/100\n|-activate|p2b: Kingambit|move: Infestation|[of] p1b: Toxapex\n|\n|-weather|SunnyDay|[upkeep]\n|-heal|p1b: Toxapex|26/100|[from] item: Leftovers\n|-damage|p2b: Kingambit|0 fnt|[from] move: Infestation|[partiallytrapped]\n|faint|p2b: Kingambit\n|upkeep\n|\n|t:|1788314159\n|switch|p2b: Charizard|Charizard, L50, F|100/100\n|turn|4\n|\n|t:|1788314181\n|detailschange|p2b: Charizard|Charizard-Mega-Y, L50, F\n|-mega|p2b: Charizard|Charizard|Charizardite Y\n|move|p1a: Incineroar|Fake Out|p2a: Garchomp\n|-damage|p2a: Garchomp|71/100\n|-damage|p1a: Incineroar|87/100|[from] ability: Rough Skin|[of] p2a: Garchomp\n|cant|p2a: Garchomp|flinch\n|move|p2b: Charizard|Weather Ball|p1b: Toxapex\n|-resisted|p1b: Toxapex|1\n|-damage|p1b: Toxapex|0 fnt\n|faint|p1b: Toxapex\n|\n|-weather|SunnyDay|[upkeep]\n|upkeep\n|\n|t:|1788314197\n|switch|p1b: Hydreigon|Hydreigon, L50, M|11/100\n|turn|5\n|\n|t:|1788314210\n|switch|p1b: Charizard|Charizard-Mega-Y, L50, F|100/100\n|switch|p2a: Whimsicott|Whimsicott, L50, F|100/100\n|move|p2b: Charizard|Protect|p2b: Charizard\n|-singleturn|p2b: Charizard|Protect\n|move|p1a: Incineroar|Parting Shot|p2b: Charizard\n|-activate|p2b: Charizard|move: Protect\n|\n|-weather|none\n|upkeep\n|turn|6\n|inactive|eldanger10 has 30 seconds left.\n|\n|t:|1788314240\n|move|p2a: Whimsicott|Protect|p2a: Whimsicott\n|-singleturn|p2a: Whimsicott|Protect\n|move|p2b: Charizard|Ancient Power|p1b: Charizard\n|-supereffective|p1b: Charizard|2\n|-damage|p1b: Charizard|12/100\n|move|p1b: Charizard|Ancient Power|p2b: Charizard\n|-supereffective|p2b: Charizard|2\n|-damage|p2b: Charizard|0 fnt\n|faint|p2b: Charizard\n|move|p1a: Incineroar|Throat Chop|p2a: Whimsicott\n|-activate|p2a: Whimsicott|move: Protect\n|\n|upkeep\n|\n|t:|1788314249\n|switch|p2b: Garchomp|Garchomp, L50, M|71/100\n|turn|7\n|\n|t:|1788314259\n|move|p2b: Garchomp|Protect|p2b: Garchomp\n|-singleturn|p2b: Garchomp|Protect\n|move|p1b: Charizard|Protect|p1b: Charizard\n|-singleturn|p1b: Charizard|Protect\n|move|p2a: Whimsicott|Encore|p1b: Charizard\n|-activate|p1b: Charizard|move: Protect\n|move|p1a: Incineroar|Parting Shot|p2b: Garchomp\n|-activate|p2b: Garchomp|move: Protect\n|\n|upkeep\n|turn|8\n|\n|t:|1788314270\n|move|p2a: Whimsicott|Moonblast|p1a: Incineroar\n|-damage|p1a: Incineroar|57/100\n|move|p2b: Garchomp|Rock Slide|p1a: Incineroar|[spread] p1a,p1b\n|-supereffective|p1a: Incineroar|1\n|-supereffective|p1b: Charizard|2\n|-damage|p1a: Incineroar|20/100y\n|-damage|p1b: Charizard|0 fnt\n|-enditem|p1a: Incineroar|Sitrus Berry|[eat]\n|-heal|p1a: Incineroar|45/100|[from] item: Sitrus Berry\n|faint|p1b: Charizard\n|-damage|p2b: Garchomp|61/100|[from] item: Life Orb\n|move|p1a: Incineroar|Parting Shot|p2b: Garchomp\n|-unboost|p2b: Garchomp|atk|1\n|-unboost|p2b: Garchomp|spa|1\n|\n|t:|1788314276\n|switch|p1a: Hydreigon|Hydreigon, L50, M|11/100|[from] Parting Shot\n|\n|upkeep\n|\n|t:|1788314278\n|switch|p1b: Incineroar|Incineroar, L50, F|45/100\n|-ability|p1b: Incineroar|Intimidate|boost\n|-unboost|p2a: Whimsicott|atk|1\n|-unboost|p2b: Garchomp|atk|1\n|turn|9\n|\n|t:|1788314286\n|move|p2a: Whimsicott|Protect|p2a: Whimsicott\n|-singleturn|p2a: Whimsicott|Protect\n|move|p2b: Garchomp|Protect|p2b: Garchomp\n|-singleturn|p2b: Garchomp|Protect\n|move|p1b: Incineroar|Fake Out|p2a: Whimsicott\n|-activate|p2a: Whimsicott|move: Protect\n|move|p1a: Hydreigon|Heat Wave|p2b: Garchomp|[spread] \n|-activate|p2a: Whimsicott|move: Protect\n|-activate|p2b: Garchomp|move: Protect\n|\n|upkeep\n|turn|10\n|\n|t:|1788314301\n|move|p2a: Whimsicott|Tailwind|p2a: Whimsicott\n|-sidestart|p2: eldanger10|move: Tailwind\n|move|p2b: Garchomp|Dragon Claw|p1a: Hydreigon\n|-supereffective|p1a: Hydreigon|1\n|-damage|p1a: Hydreigon|0 fnt\n|faint|p1a: Hydreigon\n|-damage|p2b: Garchomp|52/100|[from] item: Life Orb\n|move|p1b: Incineroar|Throat Chop|p2b: Garchomp\n|-damage|p2b: Garchomp|26/100\n|-start|p2b: Garchomp|Throat Chop|[silent]\n|-damage|p1b: Incineroar|33/100|[from] ability: Rough Skin|[of] p2b: Garchomp\n|\n|upkeep\n|turn|11\n|\n|t:|1788314315\n|move|p2a: Whimsicott|Moonblast|p1b: Incineroar\n|-damage|p1b: Incineroar|3/100\n|-unboost|p1b: Incineroar|spa|1\n|move|p2b: Garchomp|Dragon Claw|p1b: Incineroar\n|-damage|p1b: Incineroar|0 fnt\n|faint|p1b: Incineroar\n|-damage|p2b: Garchomp|16/100|[from] item: Life Orb\n|\n|win|eldanger10\n||we all love urshf is ready for game 2.\n||eldanger10 is ready for game 2.\n|uhtml|next|Next: <a href=\"/battle-gen9championsvgc2026regmbbo3-2674199844\"><strong>Game 2 of 3</strong></a>\n","uploadtime":1788314693,"views":"1","formatid":"gen9championsvgc2026regmbbo3","rating":null,"private":0,"password":null}