{"id":"gen9championsvgc2026regmb-2674028351","format":"[Gen 9 Champions] VGC 2026 Reg M-B","players":["iceberg149","Yveltql"],"log":"|j|☆iceberg149\n|j|☆Yveltql\n|html|<table width=\"100%\"><tr><td align=\"left\">iceberg149</td><td align=\"right\">Yveltql</tr><tr><td align=\"left\"><i class=\"fa fa-circle-o\"></i> <i class=\"fa fa-circle-o\"></i> </td><td align=\"right\"><i class=\"fa fa-circle-o\"></i> <i class=\"fa fa-circle-o\"></i> </tr></table>\n|uhtml|bestof|<h2><strong>Game 1</strong> of <a href=\"/game-bestof3-gen9championsvgc2026regmb-2674028350\">a best-of-3</a></h2>\n|t:|1788290011\n|gametype|doubles\n|player|p1|iceberg149|ethan|\n|player|p2|Yveltql|ghetsis|\n|gen|9\n|tier|[Gen 9 Champions] VGC 2026 Reg M-B\n|rule|Species Clause: Limit one of each Pokémon\n|rule|Item Clause: Limit 1 of each item\n|raw|<div class=\"infobox\"><details class=\"readmore\" open><summary><strong>1 custom rule:</strong></summary> Best of = 3</details></div>\n|clearpoke\n|poke|p1|Staraptor, L50, F, shiny|\n|poke|p1|Gholdengo, L50, shiny|\n|poke|p1|Maushold-Four, L50, shiny|\n|poke|p1|Meowstic, L50, M|\n|poke|p1|Raichu, L50, F|\n|poke|p1|Rotom-Frost, L50, shiny|\n|poke|p2|Archaludon, L50, M, shiny|\n|poke|p2|Basculegion, L50, M, shiny|\n|poke|p2|Pelipper, L50, F, shiny|\n|poke|p2|Swampert, L50, F, shiny|\n|poke|p2|Jolteon, L50, M, shiny|\n|poke|p2|Espathra, L50, M, shiny|\n|teampreview|4\niceberg149 rejected open team sheets.\n|c|☆iceberg149|hf\n|\n|t:|1788290186\n|teamsize|p1|4\n|teamsize|p2|4\n|start\n|switch|p1a: All Might|Gholdengo, L50, shiny|100/100\n|switch|p1b: Ren|Rotom-Frost, L50, shiny|100/100\n|switch|p2a: Its Raining Men|Pelipper, L50, F, shiny|100/100\n|switch|p2b: Red + White|Swampert, L50, F, shiny|100/100\n|-weather|RainDance|[from] ability: Drizzle|[of] p2a: Its Raining Men\n|turn|1\n|\n|t:|1788290329\n|switch|p1a: Shoto|Staraptor, L50, F, shiny|100/100\n|-ability|p1a: Shoto|Intimidate|boost\n|-unboost|p2a: Its Raining Men|atk|1\n|-unboost|p2b: Red + White|atk|1\n|switch|p2a: Brooklyn Bridge|Archaludon, L50, M, shiny|100/100\n|detailschange|p2b: Red + White|Swampert-Mega, L50, F, shiny\n|-mega|p2b: Red + White|Swampert|Swampertite\n|move|p2b: Red + White|Flip Turn|p1b: Ren\n|-damage|p1b: Ren|54/100\n|c|☆iceberg149|great bridge name for the timing\n|j| Aaron_Naps\n|\n|t:|1788290396\n|switch|p2b: Its Raining Men|Pelipper, L50, F, shiny|100/100|[from] Flip Turn\n|move|p1b: Ren|Volt Switch|p2a: Brooklyn Bridge\n|-resisted|p2a: Brooklyn Bridge|1\n|-damage|p2a: Brooklyn Bridge|77/100\n|\n|t:|1788290418\n|switch|p1b: Goku|Raichu, L50, F|100/100|[from] Volt Switch\n|\n|-weather|RainDance|[upkeep]\n|upkeep\n|turn|2\n|\n|t:|1788290505\n|switch|p2b: Red + White|Swampert-Mega, L50, F, shiny|100/100\n|detailschange|p1a: Shoto|Staraptor-Mega, L50, F, shiny\n|-mega|p1a: Shoto|Staraptor|Staraptite\n|move|p2a: Brooklyn Bridge|Protect|p2a: Brooklyn Bridge\n|-singleturn|p2a: Brooklyn Bridge|Protect\n|move|p1a: Shoto|Tailwind|p1a: Shoto\n|-sidestart|p1: iceberg149|move: Tailwind\n|move|p1b: Goku|Thunderbolt|p2b: Red + White\n|-immune|p2b: Red + White\n|\n|-weather|RainDance|[upkeep]\n|upkeep\n|turn|3\n|l| Aaron_Naps\n|\n|t:|1788290604\n|move|p1a: Shoto|Close Combat|p2b: Red + White\n|-damage|p2b: Red + White|40/100\n|-boost|p1a: Shoto|def|1\n|-boost|p1a: Shoto|spd|1\n|move|p1b: Goku|Grass Knot|p2b: Red + White\n|-supereffective|p2b: Red + White|2\n|-damage|p2b: Red + White|0 fnt\n|faint|p2b: Red + White\n|move|p2a: Brooklyn Bridge|Electro Shot||[still]\n|-prepare|p2a: Brooklyn Bridge|Electro Shot\n|-boost|p2a: Brooklyn Bridge|spa|1\n|-anim|p2a: Brooklyn Bridge|Electro Shot|p1a: Shoto\n|-supereffective|p1a: Shoto|1\n|-damage|p1a: Shoto|0 fnt\n|faint|p1a: Shoto\n|\n|-weather|RainDance|[upkeep]\n|upkeep\n|\n|t:|1788290688\n|switch|p1a: All Might|Gholdengo, L50, shiny|100/100\n|switch|p2b: Damn Daniel|Basculegion, L50, M, shiny|100/100\n|turn|4\n|\n|t:|1788290728\n|switch|p2b: Its Raining Men|Pelipper, L50, F, shiny|100/100\n|move|p1b: Goku|Electroweb|p2a: Brooklyn Bridge|[spread] p2a,p2b\n|-resisted|p2a: Brooklyn Bridge|1\n|-supereffective|p2b: Its Raining Men|2\n|-damage|p2a: Brooklyn Bridge|61/100\n|-damage|p2b: Its Raining Men|0 fnt\n|-unboost|p2a: Brooklyn Bridge|spe|1\n|faint|p2b: Its Raining Men\n|move|p1a: All Might|Shadow Ball|p2a: Brooklyn Bridge\n|-damage|p2a: Brooklyn Bridge|0 fnt\n|faint|p2a: Brooklyn Bridge\n|\n|-weather|RainDance|[upkeep]\n|upkeep\n|\n|t:|1788290744\n|switch|p2a: Damn Daniel|Basculegion, L50, M, shiny|100/100\n|turn|5\n|\n|t:|1788290761\n|move|p1b: Goku|Thunderbolt|p2a: Damn Daniel\n|-supereffective|p2a: Damn Daniel|1\n|-damage|p2a: Damn Daniel|4/100\n|move|p1a: All Might|Shadow Ball|p2a: Damn Daniel\n|-supereffective|p2a: Damn Daniel|1\n|-damage|p2a: Damn Daniel|0 fnt\n|faint|p2a: Damn Daniel\n|\n|win|iceberg149\n||iceberg149 is ready for game 2.\n||Yveltql is ready for game 2.\n|uhtml|next|Next: <a href=\"/battle-gen9championsvgc2026regmb-2674034757\"><strong>Game 2 of 3</strong></a>\n|j| Chris V9\n|j| DarkeKnight\n|l| Chris V9\n|l|☆iceberg149\n|player|p1|\n|l| DarkeKnight\n","uploadtime":1788291832,"views":"14","formatid":"gen9championsvgc2026regmb","rating":null,"private":0,"password":null}