{"id":"gen9championsvgc2026regmb-2674811246","format":"[Gen 9 Champions] VGC 2026 Reg M-B","players":["nvc go bkk","Bkiubnn"],"log":"|j|☆nvc go bkk\n|j|‽Bkiubnn\n|t:|1788411537\n|gametype|doubles\n|player|p1|nvc go bkk|265|1069\n|player|p2|Bkiubnn|102|1041\n|gen|9\n|tier|[Gen 9 Champions] VGC 2026 Reg M-B\n|rated|\n|rule|Species Clause: Limit one of each Pokémon\n|rule|Item Clause: Limit 1 of each item\n|clearpoke\n|poke|p1|Froslass, L50, F|\n|poke|p1|Dragonite, L50, M, shiny|\n|poke|p1|Garchomp, L50, M|\n|poke|p1|Basculegion, L50, M|\n|poke|p1|Kingambit, L50, M|\n|poke|p1|Sneasler, L50, M|\n|poke|p2|Politoed, L50, M|\n|poke|p2|Venusaur, L50, F|\n|poke|p2|Tinkaton, L50, F|\n|poke|p2|Grimmsnarl, L50, M|\n|poke|p2|Bellibolt, L50, F|\n|poke|p2|Runerigus, L50, M|\n|teampreview|4\n|inactive|Battle timer is ON: inactive players will automatically lose when time's up. (requested by Bkiubnn)\n|\n|t:|1788411570\n|teamsize|p1|4\n|teamsize|p2|4\n|start\n|switch|p1a: Sneasler|Sneasler, L50, M|100/100\n|switch|p1b: Froslass|Froslass, L50, F|100/100\n|switch|p2a: Grimmsnarl|Grimmsnarl, L50, M|100/100\n|switch|p2b: Venusaur|Venusaur, L50, F|100/100\n|turn|1\n|inactive|Bkiubnn has 30 seconds left.\n|\n|t:|1788411598\n|detailschange|p1b: Froslass|Froslass-Mega, L50, F\n|-mega|p1b: Froslass|Froslass|Froslassite\n|-weather|Snowscape|[from] ability: Snow Warning|[of] p1b: Froslass\n|detailschange|p2b: Venusaur|Venusaur-Mega, L50, F\n|-mega|p2b: Venusaur|Venusaur|Venusaurite\n|move|p1a: Sneasler|Fake Out|p2b: Venusaur\n|-damage|p2b: Venusaur|88/100\n|move|p2a: Grimmsnarl|Parting Shot|p1b: Froslass\n|-unboost|p1b: Froslass|atk|1\n|-unboost|p1b: Froslass|spa|1\n|\n|t:|1788411610\n|switch|p2a: Bellibolt|Bellibolt, L50, F|100/100|[from] Parting Shot\n|move|p1b: Froslass|Blizzard|p2a: Bellibolt|[spread] p2a,p2b\n|-supereffective|p2b: Venusaur|1\n|-damage|p2a: Bellibolt|71/100\n|-damage|p2b: Venusaur|65/100\n|-start|p2a: Bellibolt|Charge|Blizzard|[from] ability: Electromorphosis\n|cant|p2b: Venusaur|flinch\n|\n|-weather|Snowscape|[upkeep]\n|-heal|p2a: Bellibolt|77/100|[from] item: Leftovers\n|upkeep\n|turn|2\n|\n|t:|1788411625\n|switch|p2b: Tinkaton|Tinkaton, L50, F|100/100\n|-ability|p2b: Tinkaton|Mold Breaker\n|move|p2a: Bellibolt|Protect|p2a: Bellibolt\n|-singleturn|p2a: Bellibolt|Protect\n|move|p1a: Sneasler|Dire Claw|p2b: Tinkaton\n|-immune|p2b: Tinkaton\n|move|p1b: Froslass|Aurora Veil|p1b: Froslass\n|-sidestart|p1: nvc go bkk|move: Aurora Veil\n|\n|-weather|Snowscape|[upkeep]\n|-heal|p2a: Bellibolt|83/100|[from] item: Leftovers\n|upkeep\n|turn|3\n|inactive|Bkiubnn has 30 seconds left.\n|\n|t:|1788411653\n|switch|p1b: Basculegion|Basculegion, L50, M|100/100\n|move|p2b: Tinkaton|Fake Out|p1a: Sneasler\n|-damage|p1a: Sneasler|90/100\n|cant|p1a: Sneasler|flinch\n|move|p2a: Bellibolt|Parabolic Charge|p1a: Sneasler|[spread] p2b,p1a,p1b\n|-crit|p2b: Tinkaton\n|-supereffective|p1b: Basculegion|1\n|-damage|p2b: Tinkaton|32/100\n|-heal|p2a: Bellibolt|100/100|[from] drain|[of] p2b: Tinkaton\n|-damage|p1a: Sneasler|43/100\n|-damage|p1b: Basculegion|40/100\n|-end|p2a: Bellibolt|Charge|[silent]\n|\n|-weather|Snowscape|[upkeep]\n|upkeep\n|turn|4\n|\n|t:|1788411671\n|switch|p2b: Grimmsnarl|Grimmsnarl, L50, M|100/100\n|move|p1b: Basculegion|Protect|p1b: Basculegion\n|-singleturn|p1b: Basculegion|Protect\n|move|p2a: Bellibolt|Protect|p2a: Bellibolt\n|-singleturn|p2a: Bellibolt|Protect\n|move|p1a: Sneasler|Close Combat|p2b: Grimmsnarl\n|-damage|p2b: Grimmsnarl|45/100\n|-unboost|p1a: Sneasler|def|1\n|-unboost|p1a: Sneasler|spd|1\n|\n|-weather|Snowscape|[upkeep]\n|upkeep\n|turn|5\n|\n|t:|1788411692\n|switch|p1b: Froslass|Froslass-Mega, L50, F|100/100\n|move|p2b: Grimmsnarl|Parting Shot|p1b: Froslass\n|-unboost|p1b: Froslass|atk|1\n|-unboost|p1b: Froslass|spa|1\n|\n|t:|1788411699\n|switch|p2b: Venusaur|Venusaur-Mega, L50, F|65/100|[from] Parting Shot\n|move|p1a: Sneasler|Dire Claw|p2b: Venusaur\n|-damage|p2b: Venusaur|31/100\n|move|p2a: Bellibolt|Parabolic Charge|p1a: Sneasler|[spread] p2b,p1a,p1b\n|-resisted|p2b: Venusaur|1\n|-damage|p2b: Venusaur|22/100\n|-damage|p1a: Sneasler|7/100\n|-damage|p1b: Froslass|83/100\n|\n|-weather|none\n|upkeep\n|turn|6\n|inactive|Bkiubnn has 30 seconds left.\n|\n|t:|1788411727\n|move|p2b: Venusaur|Protect|p2b: Venusaur\n|-singleturn|p2b: Venusaur|Protect\n|move|p1a: Sneasler|Feint|p2b: Venusaur\n|-activate|p2b: Venusaur|move: Feint\n|-damage|p2b: Venusaur|13/100\n|move|p1b: Froslass|Shadow Ball|p2b: Venusaur\n|-damage|p2b: Venusaur|0 fnt\n|faint|p2b: Venusaur\n|move|p2a: Bellibolt|Parabolic Charge|p1a: Sneasler|[spread] p1a,p1b\n|-crit|p1a: Sneasler\n|-damage|p1a: Sneasler|0 fnt\n|-damage|p1b: Froslass|64/100\n|faint|p1a: Sneasler\n|\n|-sideend|p1: nvc go bkk|move: Aurora Veil\n|upkeep\n|inactive|nvc go bkk has 30 seconds left.\n|\n|t:|1788411762\n|switch|p1a: Basculegion|Basculegion, L50, M|40/100\n|switch|p2b: Grimmsnarl|Grimmsnarl, L50, M|45/100\n|turn|7\n|\n|t:|1788411780\n|switch|p1b: Kingambit|Kingambit, L50, M|100/100\n|move|p1a: Basculegion|Protect|p1a: Basculegion\n|-singleturn|p1a: Basculegion|Protect\n|move|p2b: Grimmsnarl|Parting Shot|p1a: Basculegion\n|-activate|p1a: Basculegion|move: Protect\n|move|p2a: Bellibolt|Parabolic Charge|p1b: Kingambit|[spread] p2b,p1b\n|-activate|p1a: Basculegion|move: Protect\n|-damage|p2b: Grimmsnarl|22/100\n|-damage|p1b: Kingambit|76/100\n|\n|upkeep\n|turn|8\n|\n|t:|1788411794\n|move|p1a: Basculegion|Aqua Jet|p2b: Grimmsnarl\n|-damage|p2b: Grimmsnarl|0 fnt\n|faint|p2b: Grimmsnarl\n|move|p1b: Kingambit|Kowtow Cleave|p2a: Bellibolt\n|-damage|p2a: Bellibolt|57/100\n|-start|p2a: Bellibolt|Charge|Kowtow Cleave|[from] ability: Electromorphosis\n|move|p2a: Bellibolt|Parabolic Charge|p1a: Basculegion|[spread] p1a,p1b\n|-supereffective|p1a: Basculegion|1\n|-damage|p1a: Basculegion|0 fnt\n|-heal|p2a: Bellibolt|77/100|[from] drain|[of] p1a: Basculegion\n|-damage|p1b: Kingambit|28/100\n|-heal|p2a: Bellibolt|99/100|[from] drain|[of] p1b: Kingambit\n|faint|p1a: Basculegion\n|-end|p2a: Bellibolt|Charge|[silent]\n|\n|-heal|p2a: Bellibolt|100/100|[from] item: Leftovers\n|upkeep\n|\n|t:|1788411808\n|switch|p1a: Froslass|Froslass-Mega, L50, F|64/100\n|switch|p2b: Tinkaton|Tinkaton, L50, F|32/100\n|-weather|Snowscape|[from] ability: Snow Warning|[of] p1a: Froslass\n|-ability|p2b: Tinkaton|Mold Breaker\n|turn|9\n|\n|t:|1788411831\n|move|p2b: Tinkaton|Fake Out|p1b: Kingambit\n|-resisted|p1b: Kingambit|1\n|-damage|p1b: Kingambit|25/100\n|cant|p1b: Kingambit|flinch\n|move|p1a: Froslass|Blizzard|p2a: Bellibolt|[spread] p2a,p2b\n|-resisted|p2b: Tinkaton|1\n|-damage|p2a: Bellibolt|53/100\n|-damage|p2b: Tinkaton|10/100\n|-start|p2a: Bellibolt|Charge|Blizzard|[from] ability: Electromorphosis\n|move|p2a: Bellibolt|Volt Switch|p1a: Froslass\n|-damage|p1a: Froslass|0 fnt\n|faint|p1a: Froslass\n|-end|p2a: Bellibolt|Charge|[silent]\n|\n|-weather|Snowscape|[upkeep]\n|-heal|p2a: Bellibolt|59/100|[from] item: Leftovers\n|upkeep\n|turn|10\n|\n|t:|1788411856\n|move|p2a: Bellibolt|Protect|p2a: Bellibolt\n|-singleturn|p2a: Bellibolt|Protect\n|move|p2b: Tinkaton|Gigaton Hammer|p1b: Kingambit\n|-resisted|p1b: Kingambit|1\n|-damage|p1b: Kingambit|6/100\n|move|p1b: Kingambit|Kowtow Cleave|p2a: Bellibolt\n|-activate|p2a: Bellibolt|move: Protect\n|\n|-weather|Snowscape|[upkeep]\n|-heal|p2a: Bellibolt|65/100|[from] item: Leftovers\n|upkeep\n|turn|11\n|\n|t:|1788411873\n|move|p2b: Tinkaton|Encore|p1b: Kingambit\n|-start|p1b: Kingambit|Encore\n|move|p1b: Kingambit|Kowtow Cleave|p2a: Bellibolt\n|-damage|p2a: Bellibolt|22/100\n|-start|p2a: Bellibolt|Charge|Kowtow Cleave|[from] ability: Electromorphosis\n|move|p2a: Bellibolt|Volt Switch|p1b: Kingambit\n|-damage|p1b: Kingambit|0 fnt\n|faint|p1b: Kingambit\n|-end|p2a: Bellibolt|Charge|[silent]\n|\n|win|Bkiubnn\n|raw|nvc go bkk's rating: 1069 &rarr; <strong>1047</strong><br />(-22 for losing)\n|raw|Bkiubnn's rating: 1041 &rarr; <strong>1078</strong><br />(+37 for winning)\n","uploadtime":1788411894,"views":"5","formatid":"gen9championsvgc2026regmb","rating":1047,"private":0,"password":null}