{"id":"gen9championsvgc2026regmb-2674733669","format":"[Gen 9 Champions] VGC 2026 Reg M-B","players":["fittyjason","xJacKaz"],"log":"|j|☆fittyjason\n|j|☆xJacKaz\n|html|<table width=\"100%\"><tr><td align=\"left\">fittyjason</td><td align=\"right\">xJacKaz</tr><tr><td align=\"left\"><i class=\"fa fa-circle\"></i> <i class=\"fa fa-circle\"></i> <i class=\"fa fa-circle-o\"></i> </td><td align=\"right\"><i class=\"fa fa-circle-o\"></i> <i class=\"fa fa-circle\"></i> <i class=\"fa fa-circle\"></i> </tr></table>\n|uhtml|bestof|<h2><strong>Game 5</strong> of <a href=\"/game-bestof5-gen9championsvgc2026regmb-2674725644\">a best-of-5</a></h2>\n|t:|1788397752\n|gametype|doubles\n|player|p1|fittyjason|169|\n|player|p2|xJacKaz|flannery|\n|gen|9\n|tier|[Gen 9 Champions] VGC 2026 Reg M-B\n|rule|Species Clause: Limit one of each Pokémon\n|rule|Item Clause: Limit 1 of each item\n|raw|<div class=\"infobox\"><details class=\"readmore\" open><summary><strong>1 custom rule:</strong></summary> Best of = 5</details></div>\n|clearpoke\n|poke|p1|Metagross, L50|\n|poke|p1|Swampert, L50, F|\n|poke|p1|Pelipper, L50, M|\n|poke|p1|Sinistcha, L50|\n|poke|p1|Archaludon, L50, F|\n|poke|p1|Incineroar, L50, M|\n|poke|p2|Lycanroc-Dusk, L50, F|\n|poke|p2|Basculegion, L50, M|\n|poke|p2|Scovillain, L50, M|\n|poke|p2|Sneasler, L50, M|\n|poke|p2|Kingambit, L50, M|\n|poke|p2|Froslass, L50, F|\n|teampreview|4\n|j| silverdwarf\n|j| Mashed Potoooooooo\n|inactive|Battle timer is ON: inactive players will automatically lose when time's up. (requested by fittyjason)\n|inactive|fittyjason has 60 seconds left.\n|inactive|xJacKaz has 60 seconds left.\n|\n|t:|1788397793\n|teamsize|p1|4\n|teamsize|p2|4\n|start\n|switch|p1a: Swampert|Swampert, L50, F|100/100\n|switch|p1b: Pelipper|Pelipper, L50, M|100/100\n|switch|p2a: Skyline Chili|Sneasler, L50, M|100/100\n|switch|p2b: Mambo #5|Scovillain, L50, M|100/100\n|-weather|RainDance|[from] ability: Drizzle|[of] p1b: Pelipper\n|turn|1\n|inactive|fittyjason has 30 seconds left.\n|inactive|xJacKaz has 30 seconds left.\n|\n|t:|1788397827\n|detailschange|p2b: Mambo #5|Scovillain-Mega, L50, M\n|-mega|p2b: Mambo #5|Scovillain|Scovillainite\n|detailschange|p1a: Swampert|Swampert-Mega, L50, F\n|-mega|p1a: Swampert|Swampert|Swampertite\n|move|p1a: Swampert|Protect|p1a: Swampert\n|-singleturn|p1a: Swampert|Protect\n|move|p2a: Skyline Chili|Fake Out|p1a: Swampert\n|-activate|p1a: Swampert|move: Protect\n|move|p2b: Mambo #5|Giga Drain|p1a: Swampert\n|-activate|p1a: Swampert|move: Protect\n|move|p1b: Pelipper|Hurricane|p2b: Mambo #5\n|-supereffective|p2b: Mambo #5|1\n|-damage|p2b: Mambo #5|8/100\n|-status|p1b: Pelipper|brn|[from] ability: Spicy Spray|[of] p2b: Mambo #5\n|\n|-weather|RainDance|[upkeep]\n|-damage|p1b: Pelipper|94/100 brn|[from] brn\n|upkeep\n|turn|2\n|inactive|fittyjason has 30 seconds left.\n|inactive|xJacKaz has 30 seconds left.\n|inactive|xJacKaz has 20 seconds left.\n|inactive|xJacKaz has 15 seconds left.\n|inactive|xJacKaz has 10 seconds left.\n|\n|t:|1788397876\n|switch|p1a: Sinistcha|Sinistcha, L50|100/100\n|-heal|p1b: Pelipper|100/100 brn|[from] ability: Hospitality|[of] p1a: Sinistcha\n|move|p2a: Skyline Chili|Protect|p2a: Skyline Chili\n|-singleturn|p2a: Skyline Chili|Protect\n|move|p2b: Mambo #5|Protect|p2b: Mambo #5\n|-singleturn|p2b: Mambo #5|Protect\n|move|p1b: Pelipper|Hurricane|p2b: Mambo #5\n|-activate|p2b: Mambo #5|move: Protect\n|\n|-weather|RainDance|[upkeep]\n|-damage|p1b: Pelipper|94/100 brn|[from] brn\n|upkeep\n|turn|3\n|inactive|fittyjason has 30 seconds left.\n|inactive|xJacKaz has 30 seconds left.\n|inactive|fittyjason has 20 seconds left.\n|inactive|fittyjason has 15 seconds left.\n|inactive|xJacKaz has 20 seconds left.\n|inactive|fittyjason has 10 seconds left.\n|inactive|xJacKaz has 15 seconds left.\n|inactive|xJacKaz has 10 seconds left.\n|\n|t:|1788397927\n|move|p1a: Sinistcha|Rage Powder|p1a: Sinistcha\n|-singleturn|p1a: Sinistcha|move: Rage Powder\n|move|p2a: Skyline Chili|Dire Claw|p1a: Sinistcha\n|-damage|p1a: Sinistcha|64/100\n|move|p2b: Mambo #5|Giga Drain|p1b: Pelipper\n|-damage|p1b: Pelipper|55/100 brn\n|-heal|p2b: Mambo #5|26/100|[from] drain|[of] p1b: Pelipper\n|move|p1b: Pelipper|Hurricane|p2b: Mambo #5\n|-supereffective|p2b: Mambo #5|1\n|-damage|p2b: Mambo #5|0 fnt\n|faint|p2b: Mambo #5\n|\n|-weather|RainDance|[upkeep]\n|-damage|p1b: Pelipper|49/100 brn|[from] brn\n|upkeep\n|-enditem|p1b: Pelipper|Sitrus Berry|[eat]\n|-heal|p1b: Pelipper|74/100 brn|[from] item: Sitrus Berry\n|\n|t:|1788397948\n|switch|p2b: Zard Police|Lycanroc-Dusk, L50, F|100/100\n|turn|4\n|\n|t:|1788397971\n|switch|p1a: Swampert|Swampert-Mega, L50, F|100/100\n|move|p2b: Zard Police|Accelerock|p1b: Pelipper\n|-supereffective|p1b: Pelipper|1\n|-damage|p1b: Pelipper|22/100 brn\n|move|p2a: Skyline Chili|Dire Claw|p1b: Pelipper\n|-damage|p1b: Pelipper|0 fnt\n|faint|p1b: Pelipper\n|\n|-weather|RainDance|[upkeep]\n|upkeep\n|\n|t:|1788397994\n|switch|p1b: Sinistcha|Sinistcha, L50|64/100\n|turn|5\n|inactive|fittyjason has 30 seconds left.\n|\n|t:|1788398026\n|move|p2a: Skyline Chili|Protect|p2a: Skyline Chili\n|-singleturn|p2a: Skyline Chili|Protect\n|move|p2b: Zard Police|Protect|p2b: Zard Police\n|-singleturn|p2b: Zard Police|Protect\n|move|p1a: Swampert|Earthquake|p2b: Zard Police|[spread] p1b\n|-activate|p2a: Skyline Chili|move: Protect\n|-activate|p2b: Zard Police|move: Protect\n|-resisted|p1b: Sinistcha|1\n|-damage|p1b: Sinistcha|43/100\n|move|p1b: Sinistcha|Matcha Gotcha|p2a: Skyline Chili|[spread] \n|-activate|p2a: Skyline Chili|move: Protect\n|-activate|p2b: Zard Police|move: Protect\n|\n|-weather|none\n|upkeep\n|turn|6\n|\n|t:|1788398046\n|move|p2b: Zard Police|Sucker Punch|p1b: Sinistcha\n|-supereffective|p1b: Sinistcha|1\n|-damage|p1b: Sinistcha|0 fnt\n|faint|p1b: Sinistcha\n|move|p2a: Skyline Chili|Close Combat|p1a: Swampert\n|-damage|p1a: Swampert|28/100\n|-unboost|p2a: Skyline Chili|def|1\n|-unboost|p2a: Skyline Chili|spd|1\n|-status|p1a: Swampert|psn|[from] ability: Poison Touch|[of] p2a: Skyline Chili\n|move|p1a: Swampert|Earthquake|p2b: Zard Police|[spread] p2a,p2b\n|-supereffective|p2a: Skyline Chili|1\n|-supereffective|p2b: Zard Police|1\n|-damage|p2a: Skyline Chili|0 fnt\n|-enditem|p2b: Zard Police|Focus Sash\n|-damage|p2b: Zard Police|1/100\n|faint|p2a: Skyline Chili\n|\n|-damage|p1a: Swampert|16/100 psn|[from] psn\n|upkeep\n|\n|t:|1788398062\n|switch|p2a: Yorokobe|Kingambit, L50, M|100/100\n|switch|p1b: Archaludon|Archaludon, L50, F|100/100\n|turn|7\n|inactive|xJacKaz has 30 seconds left.\n|\n|t:|1788398093\n|move|p1b: Archaludon|Protect|p1b: Archaludon\n|-singleturn|p1b: Archaludon|Protect\n|move|p2a: Yorokobe|Protect|p2a: Yorokobe\n|-singleturn|p2a: Yorokobe|Protect\n|move|p2b: Zard Police|Close Combat|p1b: Archaludon\n|-activate|p1b: Archaludon|move: Protect\n|move|p1a: Swampert|Earthquake|p2a: Yorokobe|[spread] p2b\n|-activate|p1b: Archaludon|move: Protect\n|-activate|p2a: Yorokobe|move: Protect\n|-supereffective|p2b: Zard Police|1\n|-damage|p2b: Zard Police|0 fnt\n|faint|p2b: Zard Police\n|\n|-damage|p1a: Swampert|4/100 psn|[from] psn\n|upkeep\n|turn|8\n|inactive|fittyjason has 30 seconds left.\n|inactive|xJacKaz has 30 seconds left.\n|inactive|fittyjason has 20 seconds left.\n|inactive|xJacKaz has 20 seconds left.\n|inactive|fittyjason has 15 seconds left.\n|\n|t:|1788398136\n|move|p2a: Yorokobe|Sucker Punch|p1b: Archaludon\n|-crit|p1b: Archaludon\n|-damage|p1b: Archaludon|47/100\n|-ability|p1b: Archaludon|Stamina|boost\n|-boost|p1b: Archaludon|def|1\n|move|p1b: Archaludon|Electro Shot||[still]\n|-prepare|p1b: Archaludon|Electro Shot\n|-boost|p1b: Archaludon|spa|1\n|move|p1a: Swampert|Wave Crash|p2a: Yorokobe\n|-damage|p2a: Yorokobe|42/100\n|-damage|p1a: Swampert|0 fnt|[from] Recoil\n|faint|p1a: Swampert\n|\n|-heal|p1b: Archaludon|54/100|[from] item: Leftovers\n|upkeep\n|turn|9\n|inactive|xJacKaz has 30 seconds left.\n|\n|t:|1788398162\n|move|p2a: Yorokobe|Sucker Punch|p1b: Archaludon\n|-damage|p1b: Archaludon|27/100\n|-ability|p1b: Archaludon|Stamina|boost\n|-boost|p1b: Archaludon|def|1\n|move|p1b: Archaludon|Electro Shot|p2a: Yorokobe|[from] lockedmove\n|-damage|p2a: Yorokobe|0 fnt\n|faint|p2a: Yorokobe\n|\n|win|fittyjason\n|l| silverdwarf\n","uploadtime":1788398241,"views":"1","formatid":"gen9championsvgc2026regmb","rating":null,"private":0,"password":null}