{"id":"gen9championsvgc2026regmb-2674809226","format":"[Gen 9 Champions] VGC 2026 Reg M-B","players":["carrotbeafsteak","tastyfloop"],"log":"|j|☆carrotbeafsteak\n|j|☆tastyfloop\n|t:|1788411105\n|gametype|doubles\n|player|p1|carrotbeafsteak|170|1293\n|player|p2|tastyfloop|leon|1263\n|gen|9\n|tier|[Gen 9 Champions] VGC 2026 Reg M-B\n|rated|\n|rule|Species Clause: Limit one of each Pokémon\n|rule|Item Clause: Limit 1 of each item\n|clearpoke\n|poke|p1|Simipour, L50, M|\n|poke|p1|Simisage, L50, M|\n|poke|p1|Simisear, L50, F|\n|poke|p1|Pelipper, L50, M|\n|poke|p1|Torkoal, L50, M|\n|poke|p1|Gyarados, L50, F|\n|poke|p2|Floette-Eternal, L50, F|\n|poke|p2|Charizard, L50, F|\n|poke|p2|Kingambit, L50, M|\n|poke|p2|Whimsicott, L50, F|\n|poke|p2|Basculegion, L50, M|\n|poke|p2|Garchomp, L50, M|\n|teampreview|4\n|\n|t:|1788411154\n|teamsize|p1|4\n|teamsize|p2|4\n|start\n|switch|p1a: Simisear|Simisear, L50, F|100/100\n|switch|p1b: Simisage|Simisage, L50, M|100/100\n|switch|p2a: Garchomp|Garchomp, L50, M|100/100\n|switch|p2b: Whimsicott|Whimsicott, L50, F|100/100\n|turn|1\n|\n|t:|1788411179\n|switch|p1b: Gyarados|Gyarados, L50, F|100/100\n|-ability|p1b: Gyarados|Intimidate|boost\n|-unboost|p2a: Garchomp|atk|1\n|-unboost|p2b: Whimsicott|atk|1\n|move|p2b: Whimsicott|Tailwind|p2b: Whimsicott\n|-sidestart|p2: tastyfloop|move: Tailwind\n|move|p2a: Garchomp|Rock Slide|p1a: Simisear|[spread] p1a,p1b\n|-supereffective|p1a: Simisear|1\n|-supereffective|p1b: Gyarados|1\n|-damage|p1a: Simisear|46/100\n|-damage|p1b: Gyarados|63/100\n|-damage|p2a: Garchomp|90/100|[from] item: Life Orb\n|move|p1a: Simisear|Heat Wave|p2b: Whimsicott|[spread] p2a,p2b\n|-resisted|p2a: Garchomp|1\n|-supereffective|p2b: Whimsicott|1\n|-damage|p2a: Garchomp|71/100\n|-damage|p2b: Whimsicott|2/100\n|\n|upkeep\n|turn|2\n|\n|t:|1788411213\n|switch|p1a: Simipour|Simipour, L50, M|100/100\n|move|p1b: Gyarados|Protect|p1b: Gyarados\n|-singleturn|p1b: Gyarados|Protect\n|move|p2b: Whimsicott|Moonblast|p1b: Gyarados\n|-activate|p1b: Gyarados|move: Protect\n|move|p2a: Garchomp|Rock Slide|p1a: Simipour|[spread] p1a\n|-activate|p1b: Gyarados|move: Protect\n|-damage|p1a: Simipour|73/100\n|-damage|p2a: Garchomp|62/100|[from] item: Life Orb\n|\n|upkeep\n|turn|3\n|\n|t:|1788411240\n|switch|p2a: Basculegion|Basculegion, L50, M|100/100\n|detailschange|p1b: Gyarados|Gyarados-Mega, L50, F\n|-mega|p1b: Gyarados|Gyarados|Gyaradosite\n|-ability|p1b: Gyarados|Mold Breaker\n|move|p2b: Whimsicott|Encore|p1b: Gyarados\n|-hint|Since gen 7, Dark is immune to Prankster moves.\n|-immune|p1b: Gyarados\n|move|p1a: Simipour|Ice Beam|p2a: Basculegion\n|-resisted|p2a: Basculegion|1\n|-damage|p2a: Basculegion|86/100\n|move|p1b: Gyarados|Waterfall|p2b: Whimsicott\n|-resisted|p2b: Whimsicott|1\n|-damage|p2b: Whimsicott|0 fnt\n|faint|p2b: Whimsicott\n|\n|upkeep\n|\n|t:|1788411254\n|switch|p2b: Garchomp|Garchomp, L50, M|62/100\n|turn|4\n|\n|t:|1788411269\n|switch|p1a: Simisear|Simisear, L50, F|46/100\n|move|p2b: Garchomp|Earthquake|p1b: Gyarados|[spread] p2a,p1a,p1b\n|-supereffective|p1a: Simisear|1\n|-damage|p2a: Basculegion|30/100\n|-damage|p1a: Simisear|0 fnt\n|-damage|p1b: Gyarados|23/100\n|faint|p1a: Simisear\n|-damage|p2b: Garchomp|52/100|[from] item: Life Orb\n|move|p2a: Basculegion|Last Respects|p1b: Gyarados\n|-resisted|p1b: Gyarados|1\n|-damage|p1b: Gyarados|0 fnt\n|faint|p1b: Gyarados\n|\n|-sideend|p2: tastyfloop|move: Tailwind\n|upkeep\n|\n|t:|1788411276\n|switch|p1a: Simipour|Simipour, L50, M|73/100\n|switch|p1b: Simisage|Simisage, L50, M|100/100\n|turn|5\n|\n|t:|1788411300\n|move|p2a: Basculegion|Protect|p2a: Basculegion\n|-singleturn|p2a: Basculegion|Protect\n|move|p1a: Simipour|Ice Beam|p2b: Garchomp\n|-supereffective|p2b: Garchomp|2\n|-damage|p2b: Garchomp|0 fnt\n|faint|p2b: Garchomp\n|move|p1b: Simisage|Rock Slide|p2a: Basculegion\n|-activate|p2a: Basculegion|move: Protect\n|\n|upkeep\n|\n|t:|1788411310\n|switch|p2b: Charizard|Charizard, L50, F|100/100\n|turn|6\n|\n|t:|1788411330\n|detailschange|p2b: Charizard|Charizard-Mega-Y, L50, F\n|-mega|p2b: Charizard|Charizard|Charizardite Y\n|-weather|SunnyDay|[from] ability: Drought|[of] p2b: Charizard\n|move|p1a: Simipour|Ice Beam|p2a: Basculegion\n|-resisted|p2a: Basculegion|1\n|-damage|p2a: Basculegion|15/100\n|move|p1b: Simisage|Rock Slide|p2b: Charizard|[spread] p2a,p2b\n|-supereffective|p2b: Charizard|2\n|-damage|p2a: Basculegion|0 fnt\n|-damage|p2b: Charizard|1/100\n|faint|p2a: Basculegion\n|-damage|p1b: Simisage|90/100|[from] item: Life Orb\n|cant|p2b: Charizard|flinch\n|\n|-weather|SunnyDay|[upkeep]\n|upkeep\n|turn|7\n|c|☆tastyfloop|ouu shii\n|c|☆tastyfloop|tuff team\n|c|☆tastyfloop|ggwp\n|c|☆carrotbeafsteak|gg\n|-message|tastyfloop forfeited.\n|\n|win|carrotbeafsteak\n|raw|carrotbeafsteak's rating: 1293 &rarr; <strong>1316</strong><br />(+23 for winning)\n|raw|tastyfloop's rating: 1263 &rarr; <strong>1240</strong><br />(-23 for losing)\n","uploadtime":1788411357,"views":"1","formatid":"gen9championsvgc2026regmb","rating":1240,"private":0,"password":null}