{"id":"gen9championsvgc2026regmbbo3-2674147682","format":"[Gen 9 Champions] VGC 2026 Reg M-B (Bo3)","players":["AirZingis","platanoso"],"log":"|j|☆AirZingis\n|j|☆platanoso\n|html|<table width=\"100%\"><tr><td align=\"left\">AirZingis</td><td align=\"right\">platanoso</tr><tr><td align=\"left\"><i class=\"fa fa-circle-o\"></i> <i class=\"fa fa-circle-o\"></i> </td><td align=\"right\"><i class=\"fa fa-circle-o\"></i> <i class=\"fa fa-circle\"></i> </tr></table>\n|uhtml|bestof|<h2><strong>Game 2</strong> of <a href=\"/game-bestof3-gen9championsvgc2026regmbbo3-2674145187\">a best-of-3</a></h2>\n|t:|1788306230\n|gametype|doubles\n|player|p1|AirZingis|steven|1106\n|player|p2|platanoso|madame-gen4|1242\n|gen|9\n|tier|[Gen 9 Champions] VGC 2026 Reg M-B (Bo3)\n|rated|\n|rule|Species Clause: Limit one of each Pokémon\n|rule|Item Clause: Limit 1 of each item\n|clearpoke\n|poke|p1|Floette-Eternal, L50, F|\n|poke|p1|Kingambit, L50, F|\n|poke|p1|Aerodactyl, L50, F|\n|poke|p1|Garchomp, L50, F|\n|poke|p1|Milotic, L50, M|\n|poke|p1|Charizard, L50, F|\n|poke|p2|Floette-Eternal, L50, F|\n|poke|p2|Sneasler, L50, M|\n|poke|p2|Incineroar, L50, F|\n|poke|p2|Sinistcha, L50|\n|poke|p2|Delphox, L50, M|\n|poke|p2|Garchomp, L50, F|\n|teampreview|4\n|showteam|p1|Floette-Eternal||Floettite|FlowerVeil|DazzlingGleam,Moonblast,CalmMind,Protect|Modest||F|||50|]Kingambit||ChopleBerry|Defiant|KowtowCleave,SuckerPunch,IronHead,Protect|Adamant||F|||50|]Aerodactyl||FocusSash|Unnerve|RockSlide,DualWingbeat,Tailwind,Protect|Jolly||F|||50|]Garchomp||LifeOrb|RoughSkin|DragonClaw,Earthquake,RockSlide,Protect|Jolly||F|||50|]Milotic||SitrusBerry|Competitive|Scald,IceBeam,LifeDew,Protect|Bold||M|||50|]Charizard||CharizarditeY|Blaze|WeatherBall,HeatWave,HelpingHand,Protect|Timid||F|||50|\n|showteam|p2|Floette-Eternal||Floettite|FlowerVeil|DazzlingGleam,DrainingKiss,CalmMind,Protect|Timid||F|||50|]Sneasler||FocusSash|PoisonTouch|CloseCombat,PoisonJab,FakeOut,Coaching|Jolly||M|||50|]Incineroar||SitrusBerry|Intimidate|FlareBlitz,DarkestLariat,PartingShot,FakeOut|Impish||F|||50|]Sinistcha||OccaBerry|Hospitality|MatchaGotcha,RagePowder,TrickRoom,Protect|Bold|||||50|]Delphox||Delphoxite|Blaze|Psychic,HeatWave,NastyPlot,Protect|Timid||M|||50|]Garchomp||ChoiceScarf|RoughSkin|DragonClaw,StompingTantrum,Earthquake,RockSlide|Adamant||F|||50|\n|inactive|Battle timer is ON: inactive players will automatically lose when time's up. (requested by AirZingis)\n|inactive|AirZingis has 60 seconds left.\n|inactive|AirZingis has 30 seconds left.\n|inactive|AirZingis has 20 seconds left.\n|inactive|AirZingis has 15 seconds left.\n|\n|t:|1788306310\n|teamsize|p1|4\n|teamsize|p2|4\n|start\n|switch|p1a: Garchomp|Garchomp, L50, F|100/100\n|switch|p1b: Charizard|Charizard, L50, F|100/100\n|switch|p2a: Floette|Floette-Eternal, L50, F|100/100\n|switch|p2b: Sneasler|Sneasler, L50, M|100/100\n|turn|1\n|inactive|AirZingis has 30 seconds left.\n|inactive|platanoso has 30 seconds left.\n|inactive|AirZingis has 20 seconds left.\n|inactive|platanoso has 20 seconds left.\n|\n|t:|1788306349\n|detailschange|p1b: Charizard|Charizard-Mega-Y, L50, F\n|-mega|p1b: Charizard|Charizard|Charizardite Y\n|-weather|SunnyDay|[from] ability: Drought|[of] p1b: Charizard\n|detailschange|p2a: Floette|Floette-Mega, L50, F\n|-mega|p2a: Floette|Floette|Floettite\n|-ability|p2a: Floette|Fairy Aura\n|move|p2b: Sneasler|Coaching|p2a: Floette\n|-boost|p2a: Floette|atk|1\n|-boost|p2a: Floette|def|1\n|move|p1a: Garchomp|Earthquake|p2b: Sneasler|[spread] p2a,p2b\n|-immune|p1b: Charizard\n|-supereffective|p2b: Sneasler|1\n|-damage|p2a: Floette|67/100\n|-enditem|p2b: Sneasler|Focus Sash\n|-damage|p2b: Sneasler|1/100\n|-damage|p1a: Garchomp|90/100|[from] item: Life Orb\n|move|p1b: Charizard|Weather Ball|p2a: Floette\n|-damage|p2a: Floette|0 fnt\n|faint|p2a: Floette\n|\n|-weather|SunnyDay|[upkeep]\n|upkeep\n|\n|t:|1788306369\n|switch|p2a: Garchomp|Garchomp, L50, F|100/100\n|turn|2\n|\n|t:|1788306392\n|switch|p1a: Milotic|Milotic, L50, M|100/100\n|move|p1b: Charizard|Protect|p1b: Charizard\n|-singleturn|p1b: Charizard|Protect\n|move|p2a: Garchomp|Dragon Claw|p1a: Milotic\n|-damage|p1a: Milotic|67/100\n|move|p2b: Sneasler|Coaching|p2a: Garchomp\n|-boost|p2a: Garchomp|atk|1\n|-boost|p2a: Garchomp|def|1\n|\n|-weather|SunnyDay|[upkeep]\n|upkeep\n|turn|3\n|inactive|platanoso has 30 seconds left.\n|\n|t:|1788306419\n|switch|p1b: Kingambit|Kingambit, L50, F|100/100\n|move|p2a: Garchomp|Dragon Claw|p1a: Milotic\n|-damage|p1a: Milotic|20/100y\n|-enditem|p1a: Milotic|Sitrus Berry|[eat]\n|-heal|p1a: Milotic|45/100|[from] item: Sitrus Berry\n|move|p2b: Sneasler|Poison Jab|p1a: Milotic\n|-damage|p1a: Milotic|12/100\n|move|p1a: Milotic|Ice Beam|p2a: Garchomp\n|-supereffective|p2a: Garchomp|2\n|-damage|p2a: Garchomp|6/100\n|\n|-weather|SunnyDay|[upkeep]\n|upkeep\n|turn|4\n|inactive|AirZingis has 30 seconds left.\n|inactive|AirZingis has 20 seconds left.\n|inactive|AirZingis has 15 seconds left.\n|inactive|AirZingis has 10 seconds left.\n|\n|t:|1788306468\n|switch|p2a: Sinistcha|Sinistcha, L50|100/100\n|-heal|p2b: Sneasler|25/100|[from] ability: Hospitality|[of] p2a: Sinistcha\n|move|p1b: Kingambit|Sucker Punch||[still]\n|-fail|p1b: Kingambit\n|move|p2b: Sneasler|Close Combat|p1b: Kingambit\n|-supereffective|p1b: Kingambit|2\n|-enditem|p1b: Kingambit|Chople Berry|[eat]\n|-enditem|p1b: Kingambit|Chople Berry|[weaken]\n|-damage|p1b: Kingambit|0 fnt\n|-unboost|p2b: Sneasler|def|1\n|-unboost|p2b: Sneasler|spd|1\n|faint|p1b: Kingambit\n|move|p1a: Milotic|Life Dew|p1a: Milotic\n|-heal|p1a: Milotic|37/100\n|\n|-weather|SunnyDay|[upkeep]\n|upkeep\n|\n|t:|1788306486\n|switch|p1b: Charizard|Charizard-Mega-Y, L50, F|100/100\n|turn|5\n|\n|t:|1788306508\n|move|p2b: Sneasler|Poison Jab|p1b: Charizard\n|-damage|p1b: Charizard|41/100\n|-status|p1b: Charizard|psn\n|move|p1b: Charizard|Heat Wave|p2a: Sinistcha|[spread] p2a,p2b\n|-supereffective|p2a: Sinistcha|1\n|-enditem|p2a: Sinistcha|Occa Berry|[eat]\n|-enditem|p2a: Sinistcha|Occa Berry|[weaken]\n|-damage|p2a: Sinistcha|37/100\n|-damage|p2b: Sneasler|0 fnt\n|faint|p2b: Sneasler\n|move|p1a: Milotic|Ice Beam|p2a: Sinistcha\n|-supereffective|p2a: Sinistcha|1\n|-damage|p2a: Sinistcha|0 fnt\n|faint|p2a: Sinistcha\n|\n|-weather|none\n|-damage|p1b: Charizard|29/100 psn|[from] psn\n|upkeep\n|\n|t:|1788306523\n|switch|p2b: Garchomp|Garchomp, L50, F|6/100\n|turn|6\n|inactive|AirZingis has 30 seconds left.\n|\n|t:|1788306557\n|move|p2b: Garchomp|Rock Slide|p1b: Charizard|[spread] p1a,p1b\n|-supereffective|p1b: Charizard|2\n|-damage|p1a: Milotic|21/100\n|-damage|p1b: Charizard|0 fnt\n|faint|p1b: Charizard\n|cant|p1a: Milotic|flinch\n|\n|upkeep\n|\n|t:|1788306564\n|switch|p1b: Garchomp|Garchomp, L50, F|90/100\n|turn|7\n|\n|t:|1788306570\n|move|p2b: Garchomp|Rock Slide|p1a: Milotic|[spread] p1a,p1b\n|-resisted|p1b: Garchomp|1\n|-damage|p1a: Milotic|6/100\n|-damage|p1b: Garchomp|80/100\n|cant|p1b: Garchomp|flinch\n|move|p1a: Milotic|Ice Beam|p2b: Garchomp\n|-supereffective|p2b: Garchomp|2\n|-damage|p2b: Garchomp|0 fnt\n|faint|p2b: Garchomp\n|\n|win|AirZingis\n","uploadtime":1788306235,"views":"3","formatid":"gen9championsvgc2026regmbbo3","rating":null,"private":0,"password":null}