{"id":"gen9championsvgc2026regmb-2674007715","format":"[Gen 9 Champions] VGC 2026 Reg M-B","players":["animonmaster GO","Breadst1k"],"log":"|j|☆animonmaster GO\n|j|☆Breadst1k\n|html|<table width=\"100%\"><tr><td align=\"left\">animonmaster GO</td><td align=\"right\">Breadst1k</tr><tr><td align=\"left\"><i class=\"fa fa-circle\"></i> <i class=\"fa fa-circle-o\"></i> </td><td align=\"right\"><i class=\"fa fa-circle-o\"></i> <i class=\"fa fa-circle\"></i> </tr></table>\n|uhtml|bestof|<h2><strong>Game 3</strong> of <a href=\"/game-bestof3-gen9championsvgc2026regmb-2673999695\">a best-of-3</a></h2>\n|t:|1788287549\n|gametype|doubles\n|player|p1|animonmaster GO|266|\n|player|p2|Breadst1k|265|\n|gen|9\n|tier|[Gen 9 Champions] VGC 2026 Reg M-B\n|rule|Species Clause: Limit one of each Pokémon\n|rule|Item Clause: Limit 1 of each item\n|raw|<div class=\"infobox\"><details class=\"readmore\" open><summary><strong>1 custom rule:</strong></summary> Best of = 3</details></div>\n|clearpoke\n|poke|p1|Staraptor, L50, M|\n|poke|p1|Mawile, L50, F|\n|poke|p1|Umbreon, L50, M|\n|poke|p1|Zoroark-Hisui, L50, F|\n|poke|p1|Meowstic, L50, M|\n|poke|p1|Infernape, L50, F|\n|poke|p2|Swampert, L50, M|\n|poke|p2|Garbodor, L50, M|\n|poke|p2|Sableye, L50, F|\n|poke|p2|Gardevoir, L50, M|\n|poke|p2|Manectric, L50, F|\n|poke|p2|Eelektross, L50, M|\n|teampreview|4\n|j| getjiggy49\nanimonmaster GO rejected open team sheets.\n|\n|t:|1788287595\n|teamsize|p1|4\n|teamsize|p2|4\n|start\n|switch|p1a: Umbreon|Umbreon, L50, M|100/100\n|switch|p1b: Infernape|Infernape, L50, F|100/100\n|switch|p2a: Sableye|Sableye, L50, F|100/100\n|switch|p2b: Eelektross|Eelektross, L50, M|100/100\n|turn|1\n|\n|t:|1788287620\n|move|p2a: Sableye|Fake Out|p1b: Infernape\n|-immune|p1b: Infernape\n|move|p1b: Infernape|Bitter Malice|p2b: Eelektross\n|-damage|p2b: Eelektross|43/100\n|-unboost|p2b: Eelektross|atk|1\n|move|p2b: Eelektross|Psychic Fangs|p1b: Infernape\n|-damage|p1b: Infernape|71/100\n|replace|p1b: Zoroark|Zoroark-Hisui, L50, F\n|-end|p1b: Zoroark|Illusion\n|move|p1a: Umbreon|Snarl|p2a: Sableye|[spread] p2a,p2b\n|-damage|p2a: Sableye|89/100\n|-damage|p2b: Eelektross|30/100\n|-unboost|p2a: Sableye|spa|1\n|-unboost|p2b: Eelektross|spa|1\n|\n|upkeep\n|turn|2\n|\n|t:|1788287675\n|switch|p2a: Manectric|Manectric, L50, F|100/100\n|move|p1b: Zoroark|Bitter Malice|p2b: Eelektross\n|-damage|p2b: Eelektross|0 fnt\n|faint|p2b: Eelektross\n|move|p1a: Umbreon|Snarl|p2a: Manectric\n|-damage|p2a: Manectric|79/100\n|-unboost|p2a: Manectric|spa|1\n|\n|upkeep\n|\n|t:|1788287686\n|switch|p2b: Gardevoir|Gardevoir, L50, M|100/100\n|turn|3\n|\n|t:|1788287704\n|move|p2b: Gardevoir|Moonblast|p1b: Zoroark\n|-damage|p1b: Zoroark|0 fnt\n|faint|p1b: Zoroark\n|move|p2a: Manectric|Volt Switch|p1a: Umbreon\n|-damage|p1a: Umbreon|78/100\n|-damage|p2a: Manectric|69/100|[from] item: Life Orb\n|\n|t:|1788287715\n|switch|p2a: Sableye|Sableye, L50, F|89/100|[from] Volt Switch\n|move|p1a: Umbreon|Snarl|p2a: Sableye|[spread] p2a,p2b\n|-damage|p2a: Sableye|77/100\n|-damage|p2b: Gardevoir|89/100\n|-unboost|p2a: Sableye|spa|1\n|-unboost|p2b: Gardevoir|spa|1\n|\n|upkeep\n|\n|t:|1788287726\n|switch|p1b: Mawile|Mawile, L50, F|100/100\n|turn|4\n|\n|t:|1788287752\n|detailschange|p1b: Mawile|Mawile-Mega, L50, F\n|-mega|p1b: Mawile|Mawile|Mawilite\n|move|p2a: Sableye|Fake Out|p1b: Mawile\n|-resisted|p1b: Mawile|1\n|-damage|p1b: Mawile|96/100\n|cant|p1b: Mawile|flinch\n|move|p2b: Gardevoir|Moonblast|p1a: Umbreon\n|-supereffective|p1a: Umbreon|1\n|-damage|p1a: Umbreon|35/100\n|-enditem|p1a: Umbreon|Sitrus Berry|[eat]\n|-heal|p1a: Umbreon|60/100|[from] item: Sitrus Berry\n|move|p1a: Umbreon|Snarl|p2a: Sableye|[spread] p2a,p2b\n|-damage|p2a: Sableye|65/100\n|-damage|p2b: Gardevoir|79/100\n|-unboost|p2a: Sableye|spa|1\n|-unboost|p2b: Gardevoir|spa|1\n|\n|upkeep\n|turn|5\n|\n|t:|1788287775\n|switch|p2b: Manectric|Manectric, L50, F|69/100\n|move|p2a: Sableye|Will-O-Wisp|p1b: Mawile\n|-status|p1b: Mawile|brn\n|move|p1a: Umbreon|Snarl|p2a: Sableye|[spread] p2a,p2b\n|-damage|p2a: Sableye|55/100\n|-damage|p2b: Manectric|55/100\n|-unboost|p2a: Sableye|spa|1\n|-unboost|p2b: Manectric|spa|1\n|move|p1b: Mawile|Iron Head|p2b: Manectric\n|-resisted|p2b: Manectric|1\n|-damage|p2b: Manectric|24/100\n|\n|-damage|p1b: Mawile|91/100 brn|[from] brn\n|upkeep\n|turn|6\n|\n|t:|1788287802\n|move|p1b: Mawile|Sucker Punch|p2b: Manectric\n|-damage|p2b: Manectric|0 fnt\n|faint|p2b: Manectric\n|move|p2a: Sableye|Encore|p1b: Mawile\n|-start|p1b: Mawile|Encore\n|move|p1a: Umbreon|Snarl|p2a: Sableye\n|-crit|p2a: Sableye\n|-damage|p2a: Sableye|31/100\n|-unboost|p2a: Sableye|spa|1\n|\n|-damage|p1b: Mawile|85/100 brn|[from] brn\n|upkeep\n|\n|t:|1788287813\n|switch|p2b: Gardevoir|Gardevoir, L50, M|79/100\n|turn|7\n|\n|t:|1788287840\n|switch|p1b: Infernape|Infernape, L50, F|100/100\n|move|p2a: Sableye|Will-O-Wisp|p1a: Umbreon\n|-hint|Since gen 7, Dark is immune to Prankster moves.\n|-immune|p1a: Umbreon\n|move|p2b: Gardevoir|Aura Sphere|p1b: Infernape\n|-damage|p1b: Infernape|54/100\n|move|p1a: Umbreon|Snarl|p2a: Sableye|[spread] p2a,p2b\n|-damage|p2a: Sableye|19/100\n|-damage|p2b: Gardevoir|70/100\n|-unboost|p2a: Sableye|spa|1\n|-unboost|p2b: Gardevoir|spa|1\n|\n|upkeep\n|turn|8\n|\n|t:|1788287858\n|move|p1b: Infernape|Fake Out|p2b: Gardevoir\n|-damage|p2b: Gardevoir|55/100\n|move|p2a: Sableye|Rain Dance|p2a: Sableye\n|-weather|RainDance\n|cant|p2b: Gardevoir|flinch\n|move|p1a: Umbreon|Snarl|p2a: Sableye|[spread] p2a,p2b\n|-damage|p2a: Sableye|8/100\n|-damage|p2b: Gardevoir|45/100\n|-unboost|p2a: Sableye|spa|1\n|-unboost|p2b: Gardevoir|spa|1\n|\n|-weather|RainDance|[upkeep]\n|upkeep\n|turn|9\n|\n|t:|1788287875\n|move|p2a: Sableye|Encore|p1b: Infernape\n|-start|p1b: Infernape|Encore\n|move|p1b: Infernape|Fake Out||[still]\n|-hint|Fake Out only works on your first turn out.\n|-fail|p1b: Infernape\n|move|p2b: Gardevoir|Aura Sphere|p1a: Umbreon\n|-supereffective|p1a: Umbreon|1\n|-damage|p1a: Umbreon|41/100\n|move|p1a: Umbreon|Foul Play|p2a: Sableye\n|-damage|p2a: Sableye|0 fnt\n|faint|p2a: Sableye\n|\n|-weather|RainDance|[upkeep]\n|upkeep\n|turn|10\n|\n|t:|1788287894\n|switch|p1b: Mawile|Mawile-Mega, L50, F|85/100 brn\n|move|p2b: Gardevoir|Aura Sphere|p1a: Umbreon\n|-supereffective|p1a: Umbreon|1\n|-damage|p1a: Umbreon|20/100y\n|move|p1a: Umbreon|Snarl|p2b: Gardevoir\n|-crit|p2b: Gardevoir\n|-damage|p2b: Gardevoir|26/100\n|-unboost|p2b: Gardevoir|spa|1\n|\n|-weather|RainDance|[upkeep]\n|-damage|p1b: Mawile|79/100 brn|[from] brn\n|upkeep\n|turn|11\n|\n|t:|1788287913\n|move|p1b: Mawile|Sucker Punch|p2b: Gardevoir\n|-damage|p2b: Gardevoir|0 fnt\n|faint|p2b: Gardevoir\n|\n|win|animonmaster GO\n|c|☆animonmaster GO|Gg\n|c|☆Breadst1k|GGs\n|l| getjiggy49\n|c|☆animonmaster GO|Your team is tough\n|c|☆Breadst1k|ty ty\n|c|☆Breadst1k|screwed myself furst turn\n|c|☆Breadst1k|shouldve expected zoro\n","uploadtime":1788287994,"views":"22","formatid":"gen9championsvgc2026regmb","rating":null,"private":0,"password":null}