{"id":"gen9championsvgc2026regmb-2674615976","format":"[Gen 9 Champions] VGC 2026 Reg M-B","players":["Buggy00k","Tangentation"],"log":"|j|☆Buggy00k\n|j|☆Tangentation\n|t:|1788380683\n|gametype|doubles\n|player|p1|Buggy00k|101|1319\n|player|p2|Tangentation|169|1357\n|gen|9\n|tier|[Gen 9 Champions] VGC 2026 Reg M-B\n|rated|\n|rule|Species Clause: Limit one of each Pokémon\n|rule|Item Clause: Limit 1 of each item\n|clearpoke\n|poke|p1|Delphox, L50, F, shiny|\n|poke|p1|Garchomp, L50, F|\n|poke|p1|Floette-Eternal, L50, F|\n|poke|p1|Incineroar, L50, F|\n|poke|p1|Sinistcha, L50|\n|poke|p1|Sneasler, L50, F|\n|poke|p2|Archaludon, L50, M|\n|poke|p2|Pelipper, L50, M|\n|poke|p2|Milotic, L50, M|\n|poke|p2|Farigiraf, L50, M|\n|poke|p2|Raichu, L50, M|\n|poke|p2|Incineroar, L50, F|\n|teampreview|4\n|\n|t:|1788380718\n|teamsize|p1|4\n|teamsize|p2|4\n|start\n|switch|p1a: Floette|Floette-Eternal, L50, F|100/100\n|switch|p1b: Sneasler|Sneasler, L50, F|100/100\n|switch|p2a: Raichu|Raichu, L50, M|100/100\n|switch|p2b: Milotic|Milotic, L50, M|100/100\n|turn|1\n|c|☆Buggy00k|glhf\n|\n|t:|1788380738\n|switch|p1b: Sinistcha|Sinistcha, L50|100/100\n|detailschange|p2a: Raichu|Raichu-Mega-Y, L50, M\n|-mega|p2a: Raichu|Raichu|Raichunite Y\n|detailschange|p1a: Floette|Floette-Mega, L50, F\n|-mega|p1a: Floette|Floette|Floettite\n|-ability|p1a: Floette|Fairy Aura\n|move|p2a: Raichu|Fake Out|p1a: Floette\n|-damage|p1a: Floette|91/100\n|cant|p1a: Floette|flinch\n|move|p2b: Milotic|Scald|p1b: Sinistcha\n|-resisted|p1b: Sinistcha|1\n|-damage|p1b: Sinistcha|86/100\n|\n|upkeep\n|turn|2\n|\n|t:|1788380762\n|switch|p2a: Archaludon|Archaludon, L50, M|100/100\n|move|p1b: Sinistcha|Rage Powder|p1b: Sinistcha\n|-singleturn|p1b: Sinistcha|move: Rage Powder\n|move|p1a: Floette|Calm Mind|p1a: Floette\n|-boost|p1a: Floette|spa|1\n|-boost|p1a: Floette|spd|1\n|move|p2b: Milotic|Ice Beam|p1b: Sinistcha\n|-supereffective|p1b: Sinistcha|1\n|-damage|p1b: Sinistcha|32/100\n|\n|upkeep\n|turn|3\n|\n|t:|1788380787\n|switch|p1b: Sneasler|Sneasler, L50, F|100/100\n|move|p1a: Floette|Moonblast|p2a: Archaludon\n|-damage|p2a: Archaludon|0 fnt\n|faint|p2a: Archaludon\n|move|p2b: Milotic|Ice Beam|p1b: Sneasler\n|-damage|p1b: Sneasler|70/100\n|\n|upkeep\n|\n|t:|1788380796\n|switch|p2a: Raichu|Raichu-Mega-Y, L50, M|100/100\n|turn|4\n|\n|t:|1788380808\n|move|p1a: Floette|Protect|p1a: Floette\n|-singleturn|p1a: Floette|Protect\n|move|p2a: Raichu|Fake Out|p1a: Floette\n|-activate|p1a: Floette|move: Protect\n|move|p1b: Sneasler|Fake Out|p2b: Milotic\n|-damage|p2b: Milotic|84/100\n|cant|p2b: Milotic|flinch\n|\n|upkeep\n|turn|5\n|\n|t:|1788380837\n|move|p2a: Raichu|Zap Cannon|p1a: Floette\n|-damage|p1a: Floette|51/100\n|-status|p1a: Floette|par\n|move|p1b: Sneasler|Close Combat|p2a: Raichu\n|-damage|p2a: Raichu|0 fnt\n|-unboost|p1b: Sneasler|def|1\n|-unboost|p1b: Sneasler|spd|1\n|faint|p2a: Raichu\n|move|p2b: Milotic|Scald|p1b: Sneasler\n|-damage|p1b: Sneasler|12/100\n|-status|p1b: Sneasler|brn\n|move|p1a: Floette|Moonblast|p2b: Milotic\n|-damage|p2b: Milotic|25/100\n|\n|-damage|p1b: Sneasler|7/100 brn|[from] brn\n|upkeep\n|\n|t:|1788380853\n|switch|p2a: Pelipper|Pelipper, L50, M|100/100\n|-weather|RainDance|[from] ability: Drizzle|[of] p2a: Pelipper\n|turn|6\n|\n|t:|1788380870\n|switch|p1b: Sinistcha|Sinistcha, L50|32/100\n|-heal|p1a: Floette|76/100 par|[from] ability: Hospitality|[of] p1b: Sinistcha\n|move|p2a: Pelipper|Weather Ball|p1a: Floette\n|-crit|p1a: Floette\n|-damage|p1a: Floette|2/100 par\n|move|p2b: Milotic|Life Dew||[still]|[spread] p2a,p2b\n|-fail|p2a: Pelipper|heal\n|-heal|p2b: Milotic|50/100g\n|move|p1a: Floette|Draining Kiss|p2b: Milotic\n|-damage|p2b: Milotic|18/100\n|-heal|p1a: Floette|32/100 par|[from] drain|[of] p2b: Milotic\n|\n|-weather|RainDance|[upkeep]\n|upkeep\n|turn|7\n|\n|t:|1788380894\n|move|p1b: Sinistcha|Rage Powder|p1b: Sinistcha\n|-singleturn|p1b: Sinistcha|move: Rage Powder\n|move|p2a: Pelipper|Hurricane|p1b: Sinistcha\n|-supereffective|p1b: Sinistcha|1\n|-damage|p1b: Sinistcha|0 fnt\n|faint|p1b: Sinistcha\n|move|p2b: Milotic|Scald|p1a: Floette\n|-damage|p1a: Floette|7/100 par\n|move|p1a: Floette|Draining Kiss|p2a: Pelipper\n|-damage|p2a: Pelipper|3/100\n|-heal|p1a: Floette|69/100 par|[from] drain|[of] p2a: Pelipper\n|\n|-weather|RainDance|[upkeep]\n|upkeep\n|\n|t:|1788380906\n|switch|p1b: Sneasler|Sneasler, L50, F|7/100 brn\n|turn|8\n|\n|t:|1788380912\n|move|p2a: Pelipper|Protect|p2a: Pelipper\n|-singleturn|p2a: Pelipper|Protect\n|move|p1b: Sneasler|Fake Out|p2a: Pelipper\n|-activate|p2a: Pelipper|move: Protect\n|move|p2b: Milotic|Life Dew|p2b: Milotic|[spread] p2a,p2b\n|-heal|p2a: Pelipper|28/100\n|-heal|p2b: Milotic|43/100\n|move|p1a: Floette|Moonblast|p2b: Milotic\n|-damage|p2b: Milotic|0 fnt\n|faint|p2b: Milotic\n|\n|-weather|RainDance|[upkeep]\n|-damage|p1b: Sneasler|1/100 brn|[from] brn\n|upkeep\n|turn|9\n|\n|t:|1788380929\n|move|p2a: Pelipper|Protect|p2a: Pelipper\n|-singleturn|p2a: Pelipper|Protect\n|move|p1b: Sneasler|Dire Claw|p2a: Pelipper\n|-activate|p2a: Pelipper|move: Protect\n|move|p1a: Floette|Moonblast|p2a: Pelipper\n|-activate|p2a: Pelipper|move: Protect\n|\n|-weather|RainDance|[upkeep]\n|-damage|p1b: Sneasler|0 fnt|[from] brn\n|faint|p1b: Sneasler\n|upkeep\n|\n|t:|1788380933\n|switch|p1b: Garchomp|Garchomp, L50, F|100/100\n|turn|10\n|\n|t:|1788380943\n|move|p1b: Garchomp|Dragon Claw|p2a: Pelipper\n|-damage|p2a: Pelipper|0 fnt\n|faint|p2a: Pelipper\n|-damage|p1b: Garchomp|90/100|[from] item: Life Orb\n|\n|win|Buggy00k\n|raw|Buggy00k's rating: 1319 &rarr; <strong>1341</strong><br />(+22 for winning)\n|raw|Tangentation's rating: 1357 &rarr; <strong>1335</strong><br />(-22 for losing)\n|l|☆Tangentation\n|player|p2|\n|c|☆Buggy00k|gg\n","uploadtime":1788380951,"views":"1","formatid":"gen9championsvgc2026regmb","rating":1335,"private":0,"password":null}