{"id":"gen9championsvgc2026regmb-2674977000","format":"[Gen 9 Champions] VGC 2026 Reg M-B","players":["Imbad67676767","victorhm92"],"log":"|j|☆Imbad67676767\n|j|☆victorhm92\n|t:|1788444383\n|gametype|doubles\n|player|p1|Imbad67676767|265|1324\n|player|p2|victorhm92|101|1435\n|gen|9\n|tier|[Gen 9 Champions] VGC 2026 Reg M-B\n|rated|\n|rule|Species Clause: Limit one of each Pokémon\n|rule|Item Clause: Limit 1 of each item\n|clearpoke\n|poke|p1|Floette-Eternal, L50, F|\n|poke|p1|Charizard, L50, M|\n|poke|p1|Whimsicott, L50, F|\n|poke|p1|Garchomp, L50, M|\n|poke|p1|Basculegion, L50, M|\n|poke|p1|Kingambit, L50, M|\n|poke|p2|Garchomp, L50, M|\n|poke|p2|Scovillain, L50, M|\n|poke|p2|Annihilape, L50, M|\n|poke|p2|Grimmsnarl, L50, M|\n|poke|p2|Pelipper, L50, M|\n|poke|p2|Basculegion, L50, M|\n|teampreview|4\n|inactive|Battle timer is ON: inactive players will automatically lose when time's up. (requested by victorhm92)\n|\n|t:|1788444410\n|teamsize|p1|4\n|teamsize|p2|4\n|start\n|switch|p1a: Charizard|Charizard, L50, M|100/100\n|switch|p1b: Whimsicott|Whimsicott, L50, F|100/100\n|switch|p2a: Scovillain|Scovillain, L50, M|100/100\n|switch|p2b: Garchomp|Garchomp, L50, M|100/100\n|turn|1\n|\n|t:|1788444424\n|detailschange|p2a: Scovillain|Scovillain-Mega, L50, M\n|-mega|p2a: Scovillain|Scovillain|Scovillainite\n|move|p1a: Charizard|Protect|p1a: Charizard\n|-singleturn|p1a: Charizard|Protect\n|move|p2b: Garchomp|Rock Slide|p1a: Charizard|[spread] p1b\n|-activate|p1a: Charizard|move: Protect\n|-damage|p1b: Whimsicott|65/100\n|move|p1b: Whimsicott|Moonblast|p2b: Garchomp\n|-supereffective|p2b: Garchomp|1\n|-crit|p2b: Garchomp\n|-damage|p2b: Garchomp|0 fnt\n|faint|p2b: Garchomp\n|move|p2a: Scovillain|Overheat|p1b: Whimsicott\n|-supereffective|p1b: Whimsicott|1\n|-damage|p1b: Whimsicott|0 fnt\n|-unboost|p2a: Scovillain|spa|2\n|faint|p1b: Whimsicott\n|\n|upkeep\n|\n|t:|1788444444\n|switch|p1b: Garchomp|Garchomp, L50, M|100/100\n|switch|p2b: Annihilape|Annihilape, L50, M|100/100\n|turn|2\n|\n|t:|1788444461\n|switch|p2b: Pelipper|Pelipper, L50, M|100/100\n|-weather|RainDance|[from] ability: Drizzle|[of] p2b: Pelipper\n|detailschange|p1a: Charizard|Charizard-Mega-Y, L50, M\n|-mega|p1a: Charizard|Charizard|Charizardite Y\n|-weather|SunnyDay|[from] ability: Drought|[of] p1a: Charizard\n|move|p2a: Scovillain|Rage Powder|p2a: Scovillain\n|-singleturn|p2a: Scovillain|move: Rage Powder\n|move|p1a: Charizard|Ancient Power|p2a: Scovillain\n|-supereffective|p2a: Scovillain|1\n|-damage|p2a: Scovillain|54/100\n|move|p1b: Garchomp|Earthquake|p2a: Scovillain|[spread] p2a\n|-immune|p1a: Charizard\n|-immune|p2b: Pelipper\n|-damage|p2a: Scovillain|9/100\n|-status|p1b: Garchomp|brn|[from] ability: Spicy Spray|[of] p2a: Scovillain\n|\n|-weather|SunnyDay|[upkeep]\n|-damage|p1b: Garchomp|94/100 brn|[from] brn\n|upkeep\n|turn|3\n|inactive|Imbad67676767 has 30 seconds left.\n|\n|t:|1788444488\n|switch|p2a: Annihilape|Annihilape, L50, M|100/100\n|move|p1a: Charizard|Ancient Power|p2b: Pelipper\n|-supereffective|p2b: Pelipper|1\n|-damage|p2b: Pelipper|31/100\n|-enditem|p2b: Pelipper|Sitrus Berry|[eat]\n|-heal|p2b: Pelipper|56/100|[from] item: Sitrus Berry\n|move|p1b: Garchomp|Rock Slide|p2b: Pelipper|[spread] p2a,p2b\n|-resisted|p2a: Annihilape|1\n|-supereffective|p2b: Pelipper|1\n|-damage|p2a: Annihilape|96/100\n|-damage|p2b: Pelipper|37/100\n|cant|p2b: Pelipper|flinch\n|\n|-weather|SunnyDay|[upkeep]\n|-damage|p1b: Garchomp|88/100 brn|[from] brn\n|upkeep\n|turn|4\n|inactive|Imbad67676767 has 30 seconds left.\n|\n|t:|1788444513\n|switch|p2b: Scovillain|Scovillain-Mega, L50, M|9/100\n|move|p1a: Charizard|Weather Ball|p2a: Annihilape\n|-damage|p2a: Annihilape|17/100\n|move|p1b: Garchomp|Dragon Claw|p2b: Scovillain\n|-damage|p2b: Scovillain|0 fnt\n|faint|p2b: Scovillain\n|move|p2a: Annihilape|Bulk Up|p2a: Annihilape\n|-boost|p2a: Annihilape|atk|1\n|-boost|p2a: Annihilape|def|1\n|\n|-weather|SunnyDay|[upkeep]\n|-damage|p1b: Garchomp|82/100 brn|[from] brn\n|upkeep\n|\n|t:|1788444529\n|switch|p2b: Pelipper|Pelipper, L50, M|37/100\n|-weather|RainDance|[from] ability: Drizzle|[of] p2b: Pelipper\n|turn|5\n|\n|t:|1788444539\n|move|p1a: Charizard|Weather Ball|p2a: Annihilape\n|-damage|p2a: Annihilape|0 fnt\n|faint|p2a: Annihilape\n|move|p1b: Garchomp|Dragon Claw|p2b: Pelipper\n|-damage|p2b: Pelipper|17/100\n|move|p2b: Pelipper|Ice Beam|p1b: Garchomp\n|-supereffective|p1b: Garchomp|2\n|-damage|p1b: Garchomp|0 fnt\n|faint|p1b: Garchomp\n|\n|-weather|RainDance|[upkeep]\n|upkeep\n|\n|t:|1788444546\n|switch|p1b: Basculegion|Basculegion, L50, M|100/100\n|turn|6\n|-message|victorhm92 forfeited.\n|\n|win|Imbad67676767\n|raw|Imbad67676767's rating: 1324 &rarr; <strong>1350</strong><br />(+26 for winning)\n|raw|victorhm92's rating: 1435 &rarr; <strong>1409</strong><br />(-26 for losing)\n|l|☆victorhm92\n|player|p2|\n","uploadtime":1788444562,"views":"4","formatid":"gen9championsvgc2026regmb","rating":1350,"private":0,"password":null}