{"id":"gen9championsvgc2026regmb-2674843641","format":"[Gen 9 Champions] VGC 2026 Reg M-B","players":["annawott","Vulpisfoglia"],"log":"|j|☆annawott\n|j|☆Vulpisfoglia\n|t:|1788419330\n|gametype|doubles\n|player|p1|annawott|2|1411\n|player|p2|Vulpisfoglia|gwynn|1498\n|gen|9\n|tier|[Gen 9 Champions] VGC 2026 Reg M-B\n|rated|\n|rule|Species Clause: Limit one of each Pokémon\n|rule|Item Clause: Limit 1 of each item\n|clearpoke\n|poke|p1|Lycanroc-Dusk, L50, F|\n|poke|p1|Sinistcha, L50|\n|poke|p1|Kingambit, L50, F|\n|poke|p1|Scovillain, L50, M|\n|poke|p1|Vanilluxe, L50, F, shiny|\n|poke|p1|Primarina, L50, F|\n|poke|p2|Wyrdeer, L50, F|\n|poke|p2|Milotic, L50, M|\n|poke|p2|Torkoal, L50, M|\n|poke|p2|Drampa, L50, M|\n|poke|p2|Sinistcha-Masterpiece, L50|\n|poke|p2|Mawile, L50, F|\n|teampreview|4\n|inactive|Battle timer is ON: inactive players will automatically lose when time's up. (requested by annawott)\n|inactive|Vulpisfoglia has 60 seconds left.\n|\n|t:|1788419394\n|teamsize|p1|4\n|teamsize|p2|4\n|start\n|switch|p1a: Kingambit|Kingambit, L50, F|100/100\n|switch|p1b: Vanilluxe|Vanilluxe, L50, F, shiny|100/100\n|switch|p2a: Milotic|Milotic, L50, M|100/100\n|switch|p2b: Sinistcha|Sinistcha-Masterpiece, L50|100/100\n|-weather|Snowscape|[from] ability: Snow Warning|[of] p1b: Vanilluxe\n|turn|1\n|\n|t:|1788419403\n|switch|p2b: Torkoal|Torkoal, L50, M|100/100\n|-weather|SunnyDay|[from] ability: Drought|[of] p2b: Torkoal\n|move|p1b: Vanilluxe|Freeze-Dry|p2a: Milotic\n|-supereffective|p2a: Milotic|1\n|-damage|p2a: Milotic|54/100\n|move|p2a: Milotic|Muddy Water|p1a: Kingambit|[spread] p1a,p1b\n|-damage|p1a: Kingambit|89/100\n|-damage|p1b: Vanilluxe|83/100\n|-unboost|p1a: Kingambit|accuracy|1\n|-ability|p1a: Kingambit|Defiant|boost\n|-boost|p1a: Kingambit|atk|2\n|-unboost|p1b: Vanilluxe|accuracy|1\n|move|p1a: Kingambit|Kowtow Cleave|p2b: Torkoal\n|-damage|p2b: Torkoal|0 fnt\n|faint|p2b: Torkoal\n|-damage|p1a: Kingambit|80/100|[from] item: Life Orb\n|\n|-weather|SunnyDay|[upkeep]\n|-heal|p2a: Milotic|60/100|[from] item: Leftovers\n|upkeep\n|\n|t:|1788419418\n|switch|p2b: Drampa|Drampa, L50, M|100/100\n|-ability|p2b: Drampa|Cloud Nine\n|turn|2\n|\n|t:|1788419426\n|switch|p1b: Primarina|Primarina, L50, F|100/100\n|detailschange|p2b: Drampa|Drampa-Mega, L50, M\n|-mega|p2b: Drampa|Drampa|Drampanite\n|move|p2a: Milotic|Muddy Water|p1b: Primarina|[spread] p1a,p1b\n|-resisted|p1b: Primarina|1\n|-damage|p1a: Kingambit|69/100\n|-damage|p1b: Primarina|95/100\n|-unboost|p1b: Primarina|accuracy|1\n|move|p1a: Kingambit|Kowtow Cleave|p2a: Milotic\n|-damage|p2a: Milotic|0 fnt\n|faint|p2a: Milotic\n|-damage|p1a: Kingambit|60/100|[from] item: Life Orb\n|move|p2b: Drampa|Earth Power|p1a: Kingambit\n|-supereffective|p1a: Kingambit|1\n|-damage|p1a: Kingambit|0 fnt\n|faint|p1a: Kingambit\n|\n|-weather|SunnyDay|[upkeep]\n|-heal|p1b: Primarina|100/100|[from] item: Leftovers\n|upkeep\n|\n|t:|1788419440\n|switch|p2a: Sinistcha|Sinistcha-Masterpiece, L50|100/100\n|switch|p1a: Vanilluxe|Vanilluxe, L50, F, shiny|83/100\n|-weather|Snowscape|[from] ability: Snow Warning|[of] p1a: Vanilluxe\n|turn|3\n|\n|t:|1788419448\n|switch|p1b: Scovillain|Scovillain, L50, M|100/100\n|move|p2b: Drampa|Protect|p2b: Drampa\n|-singleturn|p2b: Drampa|Protect\n|move|p1a: Vanilluxe|Blizzard|p2a: Sinistcha|[spread] p2a\n|-activate|p2b: Drampa|move: Protect\n|-supereffective|p2a: Sinistcha|1\n|-damage|p2a: Sinistcha|22/100\n|move|p2a: Sinistcha|Matcha Gotcha|p1b: Scovillain|[spread] p1a,p1b\n|-resisted|p1b: Scovillain|2\n|-damage|p1a: Vanilluxe|50/100g\n|-heal|p2a: Sinistcha|35/100|[from] drain|[of] p1a: Vanilluxe\n|-damage|p1b: Scovillain|92/100\n|-heal|p2a: Sinistcha|39/100|[from] drain|[of] p1b: Scovillain\n|\n|-weather|Snowscape|[upkeep]\n|-ability|p1b: Scovillain|Moody|boost\n|-boost|p1b: Scovillain|def|2\n|-unboost|p1b: Scovillain|atk|1\n|upkeep\n|turn|4\n|\n|t:|1788419469\n|detailschange|p1b: Scovillain|Scovillain-Mega, L50, M\n|-mega|p1b: Scovillain|Scovillain|Scovillainite\n|move|p2a: Sinistcha|Protect|p2a: Sinistcha\n|-singleturn|p2a: Sinistcha|Protect\n|move|p1a: Vanilluxe|Blizzard|p2b: Drampa|[spread] p2b\n|-activate|p2a: Sinistcha|move: Protect\n|-supereffective|p2b: Drampa|1\n|-damage|p2b: Drampa|38/100\n|-ability|p2b: Drampa|Berserk|boost\n|-boost|p2b: Drampa|spa|1\n|move|p1b: Scovillain|Leech Seed|p2b: Drampa|[miss]\n|-miss|p1b: Scovillain|p2b: Drampa\n|move|p2b: Drampa|Hyper Voice|p1b: Scovillain|[spread] p1a,p1b\n|-crit|p1b: Scovillain\n|-damage|p1a: Vanilluxe|0 fnt\n|-damage|p1b: Scovillain|0 fnt\n|-status|p2b: Drampa|brn|[from] ability: Spicy Spray|[of] p1b: Scovillain\n|faint|p1a: Vanilluxe\n|faint|p1b: Scovillain\n|\n|-weather|Snowscape|[upkeep]\n|-damage|p2b: Drampa|32/100 brn|[from] brn\n|upkeep\n|\n|t:|1788419481\n|switch|p1b: Primarina|Primarina, L50, F|100/100\n|turn|5\n|\n|t:|1788419490\n|move|p2a: Sinistcha|Matcha Gotcha|p1b: Primarina\n|-supereffective|p1b: Primarina|1\n|-damage|p1b: Primarina|44/100\n|-heal|p2a: Sinistcha|68/100|[from] drain|[of] p1b: Primarina\n|move|p1b: Primarina|Moonblast|p2a: Sinistcha\n|-damage|p2a: Sinistcha|34/100\n|move|p2b: Drampa|Hyper Voice|p1b: Primarina\n|-damage|p1b: Primarina|0 fnt\n|faint|p1b: Primarina\n|\n|win|Vulpisfoglia\n|raw|annawott's rating: 1411 &rarr; <strong>1396</strong><br />(-15 for losing)\n|raw|Vulpisfoglia's rating: 1498 &rarr; <strong>1513</strong><br />(+15 for winning)\n|l|☆annawott\n|player|p1|\n","uploadtime":1788419502,"views":"5","formatid":"gen9championsvgc2026regmb","rating":1396,"private":0,"password":null}