{"id":"gen9championsvgc2026regmb-2674898909","format":"[Gen 9 Champions] VGC 2026 Reg M-B","players":["Thornlace48812","MaxUtrecht"],"log":"|j|☆Thornlace48812\n|j|☆MaxUtrecht\n|t:|1788432004\n|gametype|doubles\n|player|p1|Thornlace48812|102|1194\n|player|p2|MaxUtrecht|lucas|1141\n|gen|9\n|tier|[Gen 9 Champions] VGC 2026 Reg M-B\n|rated|\n|rule|Species Clause: Limit one of each Pokémon\n|rule|Item Clause: Limit 1 of each item\n|clearpoke\n|poke|p1|Garchomp, L50, M|\n|poke|p1|Charizard, L50, M|\n|poke|p1|Whimsicott, L50, F|\n|poke|p1|Sylveon, L50, M|\n|poke|p1|Kingambit, L50, M|\n|poke|p1|Basculegion, L50, M|\n|poke|p2|Pikachu, L50, F|\n|poke|p2|Raichu, L50, F|\n|poke|p2|Whimsicott, L50, F|\n|poke|p2|Toxapex, L50, M|\n|poke|p2|Sneasler, L50, F|\n|poke|p2|Basculegion, L50, M|\n|teampreview|4\n|inactive|Battle timer is ON: inactive players will automatically lose when time's up. (requested by Thornlace48812)\nThornlace48812 rejected open team sheets.\n|inactive|MaxUtrecht has 60 seconds left.\n|\n|t:|1788432049\n|teamsize|p1|4\n|teamsize|p2|4\n|start\n|switch|p1a: Charizard|Charizard, L50, M|100/100\n|switch|p1b: Basculegion|Basculegion, L50, M|100/100\n|switch|p2a: Whimsicott|Whimsicott, L50, F|100/100\n|switch|p2b: Raichu|Raichu, L50, F|100/100\n|turn|1\n|\n|t:|1788432074\n|detailschange|p2b: Raichu|Raichu-Mega-X, L50, F\n|-mega|p2b: Raichu|Raichu|Raichunite X\n|-fieldstart|move: Electric Terrain|[from] ability: Electric Surge|[of] p2b: Raichu\n|move|p1a: Charizard|Protect|p1a: Charizard\n|-singleturn|p1a: Charizard|Protect\n|move|p2a: Whimsicott|Tailwind|p2a: Whimsicott\n|-sidestart|p2: MaxUtrecht|move: Tailwind\n|move|p2b: Raichu|Nuzzle|p1a: Charizard\n|-activate|p1a: Charizard|move: Protect\n|move|p1b: Basculegion|Last Respects|p2a: Whimsicott\n|-damage|p2a: Whimsicott|44/100\n|\n|upkeep\n|turn|2\n|\n|t:|1788432091\n|detailschange|p1a: Charizard|Charizard-Mega-Y, L50, M\n|-mega|p1a: Charizard|Charizard|Charizardite Y\n|-weather|SunnyDay|[from] ability: Drought|[of] p1a: Charizard\n|move|p2a: Whimsicott|Fake Tears|p1b: Basculegion\n|-unboost|p1b: Basculegion|spd|2\n|move|p2b: Raichu|Discharge|p1b: Basculegion|[spread] p2a,p1a,p1b\n|-resisted|p2a: Whimsicott|1\n|-supereffective|p1a: Charizard|1\n|-supereffective|p1b: Basculegion|1\n|-damage|p2a: Whimsicott|18/100\n|-damage|p1a: Charizard|33/100\n|-damage|p1b: Basculegion|0 fnt\n|-status|p2a: Whimsicott|par\n|faint|p1b: Basculegion\n|move|p1a: Charizard|Heat Wave|p2a: Whimsicott|[spread] p2a,p2b\n|-supereffective|p2a: Whimsicott|1\n|-damage|p2a: Whimsicott|0 fnt\n|-damage|p2b: Raichu|1/100\n|faint|p2a: Whimsicott\n|\n|-weather|SunnyDay|[upkeep]\n|upkeep\n|\n|t:|1788432109\n|switch|p2a: Sneasler|Sneasler, L50, F|100/100\n|switch|p1b: Garchomp|Garchomp, L50, M|100/100\n|turn|3\n|\n|t:|1788432123\n|move|p1b: Garchomp|Protect|p1b: Garchomp\n|-singleturn|p1b: Garchomp|Protect\n|move|p1a: Charizard|Protect|p1a: Charizard\n|-singleturn|p1a: Charizard|Protect\n|move|p2b: Raichu|Nuzzle|p1a: Charizard\n|-activate|p1a: Charizard|move: Protect\n|move|p2a: Sneasler|Dire Claw|p1b: Garchomp\n|-activate|p1b: Garchomp|move: Protect\n|\n|-weather|SunnyDay|[upkeep]\n|upkeep\n|turn|4\n|\n|t:|1788432139\n|move|p2b: Raichu|Nuzzle|p1a: Charizard\n|-supereffective|p1a: Charizard|1\n|-damage|p1a: Charizard|7/100\n|-status|p1a: Charizard|par\n|move|p2a: Sneasler|Close Combat|p1b: Garchomp\n|-damage|p1b: Garchomp|33/100\n|-unboost|p2a: Sneasler|def|1\n|-unboost|p2a: Sneasler|spd|1\n|-damage|p2a: Sneasler|87/100|[from] ability: Rough Skin|[of] p1b: Garchomp\n|-enditem|p2a: Sneasler|White Herb\n|-clearnegativeboost|p2a: Sneasler|[silent]\n|move|p1b: Garchomp|Earthquake|p2b: Raichu|[spread] p2a,p2b\n|-immune|p1a: Charizard\n|-supereffective|p2a: Sneasler|1\n|-supereffective|p2b: Raichu|1\n|-damage|p2a: Sneasler|0 fnt\n|-damage|p2b: Raichu|0 fnt\n|faint|p2a: Sneasler\n|faint|p2b: Raichu\n|-damage|p1b: Garchomp|23/100|[from] item: Life Orb\n|move|p1a: Charizard|Ancient Power|p2: Sneasler|[notarget]\n|-fail|p1a: Charizard\n|\n|-weather|SunnyDay|[upkeep]\n|-sideend|p2: MaxUtrecht|move: Tailwind\n|upkeep\n|\n|t:|1788432159\n|switch|p2a: Pikachu|Pikachu, L50, F|100/100\n|turn|5\n|\n|t:|1788432163\n|move|p2a: Pikachu|Fake Out|p1b: Garchomp\n|-damage|p1b: Garchomp|12/100\n|-damage|p2a: Pikachu|87/100|[from] ability: Rough Skin|[of] p1b: Garchomp\n|cant|p1b: Garchomp|flinch\n|move|p1a: Charizard|Heat Wave|p2a: Pikachu\n|-damage|p2a: Pikachu|0 fnt\n|faint|p2a: Pikachu\n|\n|win|Thornlace48812\n|raw|Thornlace48812's rating: 1213 &rarr; <strong>1233</strong><br />(+20 for winning)\n|raw|MaxUtrecht's rating: 1141 &rarr; <strong>1121</strong><br />(-20 for losing)\n","uploadtime":1788432163,"views":"0","formatid":"gen9championsvgc2026regmb","rating":1121,"private":0,"password":null}