{"id":"gen9championsvgc2026regmb-2674470637","format":"[Gen 9 Champions] VGC 2026 Reg M-B","players":["baconator04","bruhdnigerian"],"log":"|j|☆baconator04\n|j|☆bruhdnigerian\n|t:|1788363627\n|gametype|doubles\n|player|p1|baconator04|cynthia-gen4|1090\n|player|p2|bruhdnigerian|lance|1165\n|gen|9\n|tier|[Gen 9 Champions] VGC 2026 Reg M-B\n|rated|\n|rule|Species Clause: Limit one of each Pokémon\n|rule|Item Clause: Limit 1 of each item\n|clearpoke\n|poke|p1|Whimsicott, L50, M, shiny|\n|poke|p1|Kangaskhan, L50, F, shiny|\n|poke|p1|Azumarill, L50, F, shiny|\n|poke|p1|Sinistcha-Masterpiece, L50, shiny|\n|poke|p1|Excadrill, L50, M, shiny|\n|poke|p1|Incineroar, L50, F, shiny|\n|poke|p2|Pangoro, L50, M|\n|poke|p2|Crabominable, L50, F|\n|poke|p2|Chandelure, L50, F|\n|poke|p2|Spiritomb, L50, M|\n|poke|p2|Bastiodon, L50, M|\n|poke|p2|Sneasler, L50, M|\n|teampreview|4\n|inactive|Battle timer is ON: inactive players will automatically lose when time's up. (requested by baconator04)\n|inactive|bruhdnigerian also wants the timer to be on.\nbruhdnigerian rejected open team sheets.\n|inactive|bruhdnigerian has 60 seconds left.\n|\n|t:|1788363670\n|teamsize|p1|4\n|teamsize|p2|4\n|start\n|switch|p1a: Whimsicott|Whimsicott, L50, M, shiny|100/100\n|switch|p1b: Kangaskhan|Kangaskhan, L50, F, shiny|100/100\n|switch|p2a: Sneasler|Sneasler, L50, M|100/100\n|switch|p2b: Spiritomb|Spiritomb, L50, M|100/100\n|-ability|p2a: Sneasler|Pressure\n|turn|1\n|\n|t:|1788363687\n|move|p1a: Whimsicott|Protect|p1a: Whimsicott\n|-singleturn|p1a: Whimsicott|Protect\n|move|p2a: Sneasler|Fake Out|p1b: Kangaskhan\n|-damage|p1b: Kangaskhan|83/100\n|cant|p1b: Kangaskhan|flinch\n|move|p2b: Spiritomb|Will-O-Wisp|p1a: Whimsicott\n|-activate|p1a: Whimsicott|move: Protect\n|\n|upkeep\n|turn|2\n|\n|t:|1788363700\n|move|p1a: Whimsicott|Tailwind|p1a: Whimsicott\n|-sidestart|p1: baconator04|move: Tailwind\n|move|p1b: Kangaskhan|Body Slam|p2a: Sneasler\n|-damage|p2a: Sneasler|42/100\n|move|p2a: Sneasler|Dire Claw|p1a: Whimsicott\n|-supereffective|p1a: Whimsicott|2\n|-enditem|p1a: Whimsicott|Focus Sash\n|-damage|p1a: Whimsicott|1/100\n|move|p2b: Spiritomb|Hex|p1a: Whimsicott\n|-damage|p1a: Whimsicott|0 fnt\n|faint|p1a: Whimsicott\n|\n|upkeep\n|\n|t:|1788363714\n|switch|p1a: Incineroar|Incineroar, L50, F, shiny|100/100\n|-ability|p1a: Incineroar|Intimidate|boost\n|-unboost|p2a: Sneasler|atk|1\n|-unboost|p2b: Spiritomb|atk|1\n|-enditem|p2a: Sneasler|White Herb\n|-clearnegativeboost|p2a: Sneasler|[silent]\n|turn|3\n|\n|t:|1788363725\n|move|p2a: Sneasler|Protect|p2a: Sneasler\n|-singleturn|p2a: Sneasler|Protect\n|move|p1a: Incineroar|Fake Out|p2a: Sneasler\n|-activate|p2a: Sneasler|move: Protect\n|move|p1b: Kangaskhan|Drain Punch|p2b: Spiritomb\n|-supereffective|p2b: Spiritomb|1\n|-damage|p2b: Spiritomb|54/100\n|-heal|p1b: Kangaskhan|100/100|[from] drain|[of] p2b: Spiritomb\n|move|p2b: Spiritomb|Trick Room|p2b: Spiritomb\n|-fieldstart|move: Trick Room|[of] p2b: Spiritomb\n|\n|upkeep\n|turn|4\n|\n|t:|1788363741\n|switch|p2a: Chandelure|Chandelure, L50, F|100/100\n|move|p2b: Spiritomb|Will-O-Wisp|p1b: Kangaskhan\n|-status|p1b: Kangaskhan|brn\n|move|p1a: Incineroar|Parting Shot|p2a: Chandelure\n|-unboost|p2a: Chandelure|atk|1\n|-unboost|p2a: Chandelure|spa|1\n|\n|t:|1788363755\n|switch|p1a: Azumarill|Azumarill, L50, F, shiny|100/100|[from] Parting Shot\n|move|p1b: Kangaskhan|Drain Punch|p2b: Spiritomb\n|-supereffective|p2b: Spiritomb|1\n|-crit|p2b: Spiritomb\n|-damage|p2b: Spiritomb|22/100\n|\n|-damage|p1b: Kangaskhan|93/100 brn|[from] brn\n|upkeep\n|turn|5\n|\n|t:|1788363770\n|switch|p2a: Sneasler|Sneasler, L50, M|42/100\n|-ability|p2a: Sneasler|Pressure\n|move|p2b: Spiritomb|Will-O-Wisp|p1a: Azumarill\n|-status|p1a: Azumarill|brn\n|move|p1a: Azumarill|Belly Drum|p1a: Azumarill\n|-damage|p1a: Azumarill|50/100y brn\n|-setboost|p1a: Azumarill|atk|6|[from] move: Belly Drum\n|-enditem|p1a: Azumarill|Sitrus Berry|[eat]\n|-heal|p1a: Azumarill|74/100 brn|[from] item: Sitrus Berry\n|move|p1b: Kangaskhan|Drain Punch|p2b: Spiritomb\n|-supereffective|p2b: Spiritomb|1\n|-damage|p2b: Spiritomb|0 fnt\n|-heal|p1b: Kangaskhan|100/100 brn|[from] drain|[of] p2b: Spiritomb\n|faint|p2b: Spiritomb\n|\n|-damage|p1a: Azumarill|68/100 brn|[from] brn\n|-damage|p1b: Kangaskhan|93/100 brn|[from] brn\n|-sideend|p1: baconator04|move: Tailwind\n|upkeep\n|\n|t:|1788363779\n|switch|p2b: Pangoro|Pangoro, L50, M|100/100\n|turn|6\n|\n|t:|1788363800\n|switch|p1b: Incineroar|Incineroar, L50, F, shiny|100/100\n|-ability|p1b: Incineroar|Intimidate|boost\n|-unboost|p2a: Sneasler|atk|1\n|-fail|p2b: Pangoro|unboost|atk|[from] ability: Scrappy|[of] p2b: Pangoro\n|move|p1a: Azumarill|Protect|p1a: Azumarill\n|-singleturn|p1a: Azumarill|Protect\n|move|p2a: Sneasler|Fake Out|p1a: Azumarill\n|-activate|p1a: Azumarill|move: Protect\n|move|p2b: Pangoro|Storm Throw|p1b: Incineroar\n|-supereffective|p1b: Incineroar|1\n|-crit|p1b: Incineroar\n|-enditem|p1b: Incineroar|Chople Berry|[eat]\n|-enditem|p1b: Incineroar|Chople Berry|[weaken]\n|-damage|p1b: Incineroar|53/100\n|\n|-damage|p1a: Azumarill|63/100 brn|[from] brn\n|upkeep\n|turn|7\n|\n|t:|1788363810\n|move|p2a: Sneasler|Protect|p2a: Sneasler\n|-singleturn|p2a: Sneasler|Protect\n|move|p1b: Incineroar|Fake Out|p2a: Sneasler\n|-activate|p2a: Sneasler|move: Protect\n|move|p2b: Pangoro|Poison Jab|p1a: Azumarill\n|-supereffective|p1a: Azumarill|1\n|-damage|p1a: Azumarill|4/100 brn\n|move|p1a: Azumarill|Play Rough|p2b: Pangoro\n|-supereffective|p2b: Pangoro|2\n|-enditem|p2b: Pangoro|Focus Sash\n|-damage|p2b: Pangoro|1/100\n|\n|-damage|p1a: Azumarill|0 fnt|[from] brn\n|faint|p1a: Azumarill\n|-fieldend|move: Trick Room\n|upkeep\n|\n|t:|1788363812\n|switch|p1a: Kangaskhan|Kangaskhan, L50, F, shiny|93/100 brn\n|turn|8\n|\n|t:|1788363830\n|move|p2b: Pangoro|Protect|p2b: Pangoro\n|-singleturn|p2b: Pangoro|Protect\n|move|p1a: Kangaskhan|Fake Out|p2b: Pangoro\n|-activate|p2b: Pangoro|move: Protect\n|move|p2a: Sneasler|Close Combat|p1b: Incineroar\n|-supereffective|p1b: Incineroar|1\n|-damage|p1b: Incineroar|0 fnt\n|-unboost|p2a: Sneasler|def|1\n|-unboost|p2a: Sneasler|spd|1\n|faint|p1b: Incineroar\n|\n|-damage|p1a: Kangaskhan|87/100 brn|[from] brn\n|upkeep\n|turn|9\n|\n|t:|1788363841\n|move|p1a: Kangaskhan|Sucker Punch|p2b: Pangoro\n|-resisted|p2b: Pangoro|2\n|-damage|p2b: Pangoro|0 fnt\n|faint|p2b: Pangoro\n|move|p2a: Sneasler|Close Combat|p1a: Kangaskhan\n|-supereffective|p1a: Kangaskhan|1\n|-damage|p1a: Kangaskhan|0 fnt\n|-unboost|p2a: Sneasler|def|1\n|-unboost|p2a: Sneasler|spd|1\n|faint|p1a: Kangaskhan\n|\n|win|bruhdnigerian\n|raw|baconator04's rating: 1090 &rarr; <strong>1071</strong><br />(-19 for losing)\n|raw|bruhdnigerian's rating: 1165 &rarr; <strong>1185</strong><br />(+20 for winning)\n|l|☆baconator04\n|player|p1|\n","uploadtime":1788363910,"views":"3","formatid":"gen9championsvgc2026regmb","rating":1071,"private":0,"password":null}