{"id":"gen9championsvgc2026regmbbo3-2673557488","format":"[Gen 9 Champions] VGC 2026 Reg M-B (Bo3)","players":["reshiee","MrPoop27"],"log":"|j|☆reshiee\n|j|☆MrPoop27\n|html|<table width=\"100%\"><tr><td align=\"left\">reshiee</td><td align=\"right\">MrPoop27</tr><tr><td align=\"left\"><i class=\"fa fa-circle\"></i> <i class=\"fa fa-circle-o\"></i> </td><td align=\"right\"><i class=\"fa fa-circle-o\"></i> <i class=\"fa fa-circle-o\"></i> </tr></table>\n|uhtml|bestof|<h2><strong>Game 2</strong> of <a href=\"/game-bestof3-gen9championsvgc2026regmbbo3-2673555671\">a best-of-3</a></h2>\n|t:|1788212847\n|gametype|doubles\n|player|p1|reshiee|gwynn|1145\n|player|p2|MrPoop27|tuber|1160\n|gen|9\n|tier|[Gen 9 Champions] VGC 2026 Reg M-B (Bo3)\n|rated|\n|rule|Species Clause: Limit one of each Pokémon\n|rule|Item Clause: Limit 1 of each item\n|clearpoke\n|poke|p1|Charizard, L50, F, shiny|\n|poke|p1|Pelipper, L50, F, shiny|\n|poke|p1|Archaludon, L50, M, shiny|\n|poke|p1|Venusaur, L50, F|\n|poke|p1|Swampert, L50, M|\n|poke|p1|Grimmsnarl, L50, M, shiny|\n|poke|p2|Excadrill, L50, M|\n|poke|p2|Tyranitar, L50, M|\n|poke|p2|Incineroar, L50, F|\n|poke|p2|Farigiraf, L50, M|\n|poke|p2|Primarina, L50, F|\n|poke|p2|Staraptor, L50, M|\n|teampreview|4\n|showteam|p1|Charizard||CharizarditeY|Blaze|Protect,HeatWave,WeatherBall,Hurricane|Modest||F|||50|]Pelipper||SitrusBerry|Drizzle|Hurricane,WeatherBall,Tailwind,WideGuard|Modest||F|||50|]Archaludon||Leftovers|Stamina|Protect,ElectroShot,DragonPulse,FlashCannon|Calm||M|||50|]Venusaur||FocusSash|Chlorophyll|Protect,SleepPowder,SludgeBomb,LeafStorm|Modest||F|||50|]Swampert||Swampertite|Torrent|Protect,WaveCrash,Earthquake,IcePunch|Adamant||M|||50|]Grimmsnarl||LightClay|Prankster|SpiritBreak,Reflect,LightScreen,PartingShot|Sassy||M|||50|\n|showteam|p2|Excadrill||FocusSash|SandRush|RockSlide,IronHead,Protect,Earthquake|Adamant||M|||50|]Tyranitar||Tyranitarite|SandStream|LowKick,KnockOff,RockSlide,Protect|Adamant||M|||50|]Incineroar||PasshoBerry|Intimidate|FlareBlitz,FakeOut,DarkestLariat,Protect|Impish||F|||50|]Farigiraf||SitrusBerry|ArmorTail|TrickRoom,Protect,Psychic,Thunderbolt|Sassy||M|||50|]Primarina||LifeOrb|LiquidVoice|HyperVoice,Moonblast,Haze,Protect|Calm||F|||50|]Staraptor||Staraptite|Intimidate|BraveBird,Tailwind,CloseCombat,Protect|Jolly||M|||50|\n|j| Failure toxic\n|j| Pokecraft15\n|inactive|Battle timer is ON: inactive players will automatically lose when time's up. (requested by MrPoop27)\n|c| Failure toxic|i hate arch\n|\n|t:|1788212866\n|teamsize|p1|4\n|teamsize|p2|4\n|start\n|switch|p1a: Grimmsnarl|Grimmsnarl, L50, M, shiny|100/100\n|switch|p1b: Archaludon|Archaludon, L50, M, shiny|100/100\n|switch|p2a: Incineroar|Incineroar, L50, F|100/100\n|switch|p2b: Staraptor|Staraptor, L50, M|100/100\n|-ability|p2b: Staraptor|Intimidate|boost\n|-unboost|p1a: Grimmsnarl|atk|1\n|-unboost|p1b: Archaludon|atk|1\n|-ability|p2a: Incineroar|Intimidate|boost\n|-unboost|p1a: Grimmsnarl|atk|1\n|-unboost|p1b: Archaludon|atk|1\n|turn|1\n|c| Pokecraft15|i love arch\n|c| Pokecraft15|arch is awesome\n|c| Failure toxic|archfckyoudon\n|inactive|reshiee has 30 seconds left.\n|c| Pokecraft15|dang bro\n|\n|t:|1788212899\n|switch|p1a: Pelipper|Pelipper, L50, F, shiny|100/100\n|-weather|RainDance|[from] ability: Drizzle|[of] p1a: Pelipper\n|detailschange|p2b: Staraptor|Staraptor-Mega, L50, M\n|-mega|p2b: Staraptor|Staraptor|Staraptite\n|move|p2a: Incineroar|Fake Out|p1a: Pelipper\n|-damage|p1a: Pelipper|89/100\n|move|p2b: Staraptor|Close Combat|p1b: Archaludon\n|-supereffective|p1b: Archaludon|1\n|-damage|p1b: Archaludon|11/100\n|-boost|p2b: Staraptor|def|1\n|-boost|p2b: Staraptor|spd|1\n|-ability|p1b: Archaludon|Stamina|boost\n|-boost|p1b: Archaludon|def|1\n|move|p1b: Archaludon|Electro Shot||[still]\n|-prepare|p1b: Archaludon|Electro Shot\n|-boost|p1b: Archaludon|spa|1\n|-anim|p1b: Archaludon|Electro Shot|p2b: Staraptor\n|-supereffective|p2b: Staraptor|1\n|-damage|p2b: Staraptor|18/100\n|\n|-weather|RainDance|[upkeep]\n|-heal|p1b: Archaludon|17/100|[from] item: Leftovers\n|upkeep\n|turn|2\n|c| Failure toxic|:3\n|inactive|reshiee has 30 seconds left.\n|inactive|reshiee has 20 seconds left.\n|inactive|MrPoop27 has 30 seconds left.\n|inactive|reshiee has 15 seconds left.\n|\n|t:|1788212940\n|switch|p2b: Excadrill|Excadrill, L50, M|100/100\n|switch|p2a: Tyranitar|Tyranitar, L50, M|100/100\n|-weather|Sandstorm|[from] ability: Sand Stream|[of] p2a: Tyranitar\n|move|p1b: Archaludon|Protect|p1b: Archaludon\n|-singleturn|p1b: Archaludon|Protect\n|move|p1a: Pelipper|Weather Ball|p2b: Excadrill\n|-resisted|p2b: Excadrill|2\n|-damage|p2b: Excadrill|91/100\n|\n|-weather|Sandstorm|[upkeep]\n|-damage|p1a: Pelipper|83/100|[from] Sandstorm\n|-heal|p1b: Archaludon|23/100|[from] item: Leftovers\n|upkeep\n|turn|3\n|c| Pokecraft15|why is dat incin running pasho on a rain team?\n|c| Pokecraft15|i'm sorry\n|c| Pokecraft15|on a sand team\n|inactive|reshiee has 30 seconds left.\n|inactive|MrPoop27 has 30 seconds left.\n|c| Failure toxic|cus he wants to\n|inactive|MrPoop27 has 20 seconds left.\n|\n|t:|1788212977\n|switch|p1b: Grimmsnarl|Grimmsnarl, L50, M, shiny|100/100\n|move|p1a: Pelipper|Wide Guard|p1a: Pelipper\n|-singleturn|p1a: Pelipper|Wide Guard\n|move|p2b: Excadrill|Iron Head|p1a: Pelipper\n|-resisted|p1a: Pelipper|1\n|-damage|p1a: Pelipper|58/100\n|move|p2a: Tyranitar|Low Kick|p1b: Grimmsnarl\n|-damage|p1b: Grimmsnarl|72/100\n|\n|-weather|Sandstorm|[upkeep]\n|-damage|p1a: Pelipper|52/100|[from] Sandstorm\n|-damage|p1b: Grimmsnarl|66/100|[from] Sandstorm\n|upkeep\n|turn|4\n|inactive|reshiee has 30 seconds left.\n|\n|t:|1788213003\n|switch|p1a: Archaludon|Archaludon, L50, M, shiny|23/100\n|move|p1b: Grimmsnarl|Parting Shot|p2b: Excadrill\n|-unboost|p2b: Excadrill|atk|1\n|-unboost|p2b: Excadrill|spa|1\n|\n|t:|1788213009\n|switch|p1b: Pelipper|Pelipper, L50, F, shiny|52/100|[from] Parting Shot\n|-weather|RainDance|[from] ability: Drizzle|[of] p1b: Pelipper\n|move|p2b: Excadrill|Iron Head|p1b: Pelipper\n|-resisted|p1b: Pelipper|1\n|-damage|p1b: Pelipper|34/100\n|-enditem|p1b: Pelipper|Sitrus Berry|[eat]\n|-heal|p1b: Pelipper|59/100|[from] item: Sitrus Berry\n|move|p2a: Tyranitar|Knock Off|p1a: Archaludon\n|-damage|p1a: Archaludon|0 fnt\n|-enditem|p1a: Archaludon|Leftovers|[from] move: Knock Off|[of] p2a: Tyranitar\n|faint|p1a: Archaludon\n|\n|-weather|RainDance|[upkeep]\n|upkeep\n|\n|t:|1788213022\n|switch|p1a: Swampert|Swampert, L50, M|100/100\n|turn|5\n|inactive|reshiee has 30 seconds left.\n|\n|t:|1788213053\n|switch|p2b: Staraptor|Staraptor-Mega, L50, M|18/100\n|switch|p2a: Incineroar|Incineroar, L50, F|100/100\n|-ability|p2a: Incineroar|Intimidate|boost\n|-unboost|p1a: Swampert|atk|1\n|-unboost|p1b: Pelipper|atk|1\n|detailschange|p1a: Swampert|Swampert-Mega, L50, M\n|-mega|p1a: Swampert|Swampert|Swampertite\n|move|p1a: Swampert|Earthquake|p2a: Incineroar|[spread] p2a\n|-immune|p1b: Pelipper\n|-immune|p2b: Staraptor\n|-supereffective|p2a: Incineroar|1\n|-damage|p2a: Incineroar|57/100\n|move|p1b: Pelipper|Hurricane|p2a: Incineroar\n|-damage|p2a: Incineroar|23/100\n|\n|-weather|RainDance|[upkeep]\n|upkeep\n|turn|6\n|j| Alsteer\n|l| Alsteer\n|j| Alsteer\n|inactive|MrPoop27 has 30 seconds left.\n|c|☆reshiee|why is there so many people lmao\n|inactive|MrPoop27 has 20 seconds left.\n|inactive|MrPoop27 has 15 seconds left.\n|c|☆reshiee|we all here to see me fail\n|inactive|MrPoop27 has 10 seconds left.\n|\n|t:|1788213100\n|switch|p1b: Grimmsnarl|Grimmsnarl, L50, M, shiny|66/100\n|move|p1a: Swampert|Protect|p1a: Swampert\n|-singleturn|p1a: Swampert|Protect\n|move|p2a: Incineroar|Fake Out|p1a: Swampert\n|-activate|p1a: Swampert|move: Protect\n|move|p2b: Staraptor|Brave Bird|p1b: Grimmsnarl\n|-damage|p1b: Grimmsnarl|3/100\n|-damage|p2b: Staraptor|0 fnt|[from] Recoil\n|faint|p2b: Staraptor\n|\n|-weather|RainDance|[upkeep]\n|upkeep\n|c| Alsteer|Yo\n|c| Pokecraft15|bro alsteer tf you doing here bro\n|\n|t:|1788213112\n|switch|p2b: Tyranitar|Tyranitar, L50, M|100/100\n|-weather|Sandstorm|[from] ability: Sand Stream|[of] p2b: Tyranitar\n|turn|7\n|c| Failure toxic|fr\n|c| Alsteer|I dont know\n|\n|t:|1788213120\n|switch|p1b: Pelipper|Pelipper, L50, F, shiny|59/100\n|-weather|RainDance|[from] ability: Drizzle|[of] p1b: Pelipper\n|move|p2b: Tyranitar|Protect|p2b: Tyranitar\n|-singleturn|p2b: Tyranitar|Protect\n|move|p2a: Incineroar|Protect|p2a: Incineroar\n|-singleturn|p2a: Incineroar|Protect\n|move|p1a: Swampert|Earthquake|p2a: Incineroar|[spread] \n|-activate|p2a: Incineroar|move: Protect\n|-activate|p2b: Tyranitar|move: Protect\n|-immune|p1b: Pelipper\n|\n|-weather|RainDance|[upkeep]\n|upkeep\n|turn|8\n|c| Failure toxic|i got to go to sleep\n|c| Alsteer|Goodnight\n|c| Failure toxic|gn\n|c| Pokecraft15|why do we got all my friends that are online pulling up\n|c| Pokecraft15|gn bro\n|inactive|reshiee has 30 seconds left.\n|inactive|MrPoop27 has 30 seconds left.\n|l| Failure toxic\n|\n|t:|1788213154\n|move|p1a: Swampert|Earthquake|p2a: Incineroar|[spread] p2a,p2b\n|-immune|p1b: Pelipper\n|-supereffective|p2a: Incineroar|1\n|-supereffective|p2b: Tyranitar|1\n|-damage|p2a: Incineroar|0 fnt\n|-damage|p2b: Tyranitar|49/100\n|faint|p2a: Incineroar\n|move|p1b: Pelipper|Weather Ball|p2b: Tyranitar\n|-supereffective|p2b: Tyranitar|1\n|-damage|p2b: Tyranitar|0 fnt\n|faint|p2b: Tyranitar\n|\n|-weather|RainDance|[upkeep]\n|upkeep\n|c|☆reshiee|ggwp\n|c| Pokecraft15|i literally just am watching for a skill assessment meanwhile\n|c|☆reshiee|wait\n|-message|MrPoop27 forfeited.\n|raw|reshiee's rating: 1145 &rarr; <strong>1171</strong><br />(+26 for winning)\n|raw|MrPoop27's rating: 1160 &rarr; <strong>1134</strong><br />(-26 for losing)\n|\n|win|reshiee\n|l|☆MrPoop27\n|player|p2|\n","uploadtime":1788213176,"views":"6","formatid":"gen9championsvgc2026regmbbo3","rating":1134,"private":0,"password":null}