{"id":"gen9championsvgc2026regmb-2674208208","format":"[Gen 9 Champions] VGC 2026 Reg M-B","players":["metayarrak","BuffGyarados"],"log":"|j|☆metayarrak\n|j|☆BuffGyarados\n|t:|1788315663\n|gametype|doubles\n|player|p1|metayarrak|wally|1240\n|player|p2|BuffGyarados|cyrus|1199\n|gen|9\n|tier|[Gen 9 Champions] VGC 2026 Reg M-B\n|rated|\n|rule|Species Clause: Limit one of each Pokémon\n|rule|Item Clause: Limit 1 of each item\n|clearpoke\n|poke|p1|Froslass, L50, F|\n|poke|p1|Sneasler, L50, F|\n|poke|p1|Kingambit, L50, F|\n|poke|p1|Basculegion, L50, M|\n|poke|p1|Scovillain, L50, M|\n|poke|p1|Lycanroc-Dusk, L50, M|\n|poke|p2|Floette-Eternal, L50, F|\n|poke|p2|Basculegion, L50, M|\n|poke|p2|Kingambit, L50, F|\n|poke|p2|Dragonite, L50, F|\n|poke|p2|Garchomp, L50, F|\n|poke|p2|Sneasler, L50, F|\n|teampreview|4\n|inactive|Battle timer is ON: inactive players will automatically lose when time's up. (requested by BuffGyarados)\n|inactive|BuffGyarados has 60 seconds left.\n|inactive|BuffGyarados has 30 seconds left.\n|\n|t:|1788315733\n|teamsize|p1|4\n|teamsize|p2|4\n|start\n|switch|p1a: Froslass|Froslass, L50, F|100/100\n|switch|p1b: Sneasler|Sneasler, L50, F|100/100\n|switch|p2a: Basculegion|Basculegion, L50, M|100/100\n|switch|p2b: Dragonite|Dragonite, L50, F|100/100\n|turn|1\n|\n|t:|1788315744\n|detailschange|p1a: Froslass|Froslass-Mega, L50, F\n|-mega|p1a: Froslass|Froslass|Froslassite\n|-weather|Snowscape|[from] ability: Snow Warning|[of] p1a: Froslass\n|move|p2b: Dragonite|Protect|p2b: Dragonite\n|-singleturn|p2b: Dragonite|Protect\n|move|p1b: Sneasler|Fake Out|p2b: Dragonite\n|-activate|p2b: Dragonite|move: Protect\n|move|p1a: Froslass|Blizzard|p2b: Dragonite|[spread] p2a\n|-activate|p2b: Dragonite|move: Protect\n|-resisted|p2a: Basculegion|1\n|-damage|p2a: Basculegion|75/100\n|move|p2a: Basculegion|Last Respects|p1a: Froslass\n|-supereffective|p1a: Froslass|1\n|-damage|p1a: Froslass|40/100\n|-damage|p2a: Basculegion|65/100|[from] item: Life Orb\n|\n|-weather|Snowscape|[upkeep]\n|upkeep\n|turn|2\n|inactive|metayarrak has 30 seconds left.\n|inactive|BuffGyarados has 30 seconds left.\n|\n|t:|1788315772\n|detailschange|p2b: Dragonite|Dragonite-Mega, L50, F\n|-mega|p2b: Dragonite|Dragonite|Dragoninite\n|move|p2a: Basculegion|Aqua Jet|p1a: Froslass\n|-damage|p1a: Froslass|14/100\n|-damage|p2a: Basculegion|56/100|[from] item: Life Orb\n|move|p1a: Froslass|Blizzard|p2a: Basculegion|[spread] p2a,p2b\n|-resisted|p2a: Basculegion|1\n|-supereffective|p2b: Dragonite|2\n|-damage|p2a: Basculegion|30/100\n|-damage|p2b: Dragonite|28/100\n|move|p1b: Sneasler|Gunk Shot|p2b: Dragonite\n|-damage|p2b: Dragonite|0 fnt\n|faint|p2b: Dragonite\n|\n|-weather|Snowscape|[upkeep]\n|upkeep\n|\n|t:|1788315787\n|switch|p2b: Garchomp|Garchomp, L50, F|100/100\n|turn|3\n|\n|t:|1788315796\n|move|p1a: Froslass|Protect|p1a: Froslass\n|-singleturn|p1a: Froslass|Protect\n|move|p2a: Basculegion|Aqua Jet|p1a: Froslass\n|-activate|p1a: Froslass|move: Protect\n|move|p2b: Garchomp|Stomping Tantrum|p1b: Sneasler\n|-supereffective|p1b: Sneasler|1\n|-damage|p1b: Sneasler|1/100\n|move|p1b: Sneasler|Gunk Shot|p2a: Basculegion|[miss]\n|-miss|p1b: Sneasler|p2a: Basculegion\n|\n|-weather|Snowscape|[upkeep]\n|upkeep\n|turn|4\n|\n|t:|1788315814\n|switch|p1a: Kingambit|Kingambit, L50, F|100/100\n|move|p2a: Basculegion|Aqua Jet|p1a: Kingambit\n|-damage|p1a: Kingambit|78/100\n|-damage|p2a: Basculegion|20/100y|[from] item: Life Orb\n|move|p2b: Garchomp|Stomping Tantrum|p1b: Sneasler\n|-supereffective|p1b: Sneasler|1\n|-damage|p1b: Sneasler|0 fnt\n|faint|p1b: Sneasler\n|\n|-weather|Snowscape|[upkeep]\n|upkeep\n|\n|t:|1788315826\n|switch|p1b: Froslass|Froslass-Mega, L50, F|14/100\n|turn|5\n|\n|t:|1788315842\n|move|p2a: Basculegion|Protect|p2a: Basculegion\n|-singleturn|p2a: Basculegion|Protect\n|move|p1a: Kingambit|Sucker Punch||[still]\n|-fail|p1a: Kingambit\n|move|p2b: Garchomp|Stomping Tantrum|p1a: Kingambit\n|-supereffective|p1a: Kingambit|1\n|-damage|p1a: Kingambit|11/100\n|move|p1b: Froslass|Blizzard|p2b: Garchomp|[spread] p2b\n|-activate|p2a: Basculegion|move: Protect\n|-supereffective|p2b: Garchomp|2\n|-damage|p2b: Garchomp|0 fnt\n|faint|p2b: Garchomp\n|\n|-weather|none\n|upkeep\n|\n|t:|1788315852\n|switch|p2b: Sneasler|Sneasler, L50, F|100/100\n|turn|6\n|inactive|BuffGyarados has 30 seconds left.\n|\n|t:|1788315882\n|move|p1b: Froslass|Protect|p1b: Froslass\n|-singleturn|p1b: Froslass|Protect\n|move|p1a: Kingambit|Protect|p1a: Kingambit\n|-singleturn|p1a: Kingambit|Protect\n|move|p2a: Basculegion|Aqua Jet|p1a: Kingambit\n|-activate|p1a: Kingambit|move: Protect\n|move|p2b: Sneasler|Dire Claw|p1b: Froslass\n|-activate|p1b: Froslass|move: Protect\n|\n|upkeep\n|turn|7\n|\n|t:|1788315895\n|move|p2a: Basculegion|Protect|p2a: Basculegion\n|-singleturn|p2a: Basculegion|Protect\n|move|p1a: Kingambit|Sucker Punch||[still]\n|-fail|p1a: Kingambit\n|move|p2b: Sneasler|Close Combat|p1a: Kingambit\n|-supereffective|p1a: Kingambit|2\n|-damage|p1a: Kingambit|0 fnt\n|-unboost|p2b: Sneasler|def|1\n|-unboost|p2b: Sneasler|spd|1\n|faint|p1a: Kingambit\n|move|p1b: Froslass|Blizzard|p2a: Basculegion|[spread] \n|-activate|p2a: Basculegion|move: Protect\n|-miss|p1b: Froslass|p2b: Sneasler\n|\n|upkeep\n|\n|t:|1788315900\n|switch|p1a: Lycanroc|Lycanroc-Dusk, L50, M|100/100\n|turn|8\n|\n|t:|1788315913\n|move|p1a: Lycanroc|Accelerock|p2a: Basculegion\n|-damage|p2a: Basculegion|0 fnt\n|faint|p2a: Basculegion\n|move|p2b: Sneasler|Close Combat|p1a: Lycanroc\n|-supereffective|p1a: Lycanroc|1\n|-enditem|p1a: Lycanroc|Focus Sash\n|-damage|p1a: Lycanroc|1/100\n|-unboost|p2b: Sneasler|def|1\n|-unboost|p2b: Sneasler|spd|1\n|-status|p1a: Lycanroc|psn|[from] ability: Poison Touch|[of] p2b: Sneasler\n|move|p1b: Froslass|Shadow Ball|p2b: Sneasler\n|-enditem|p2b: Sneasler|Focus Sash\n|-damage|p2b: Sneasler|1/100\n|\n|-damage|p1a: Lycanroc|0 fnt|[from] psn\n|faint|p1a: Lycanroc\n|upkeep\n|turn|9\n|\n|t:|1788315929\n|move|p2b: Sneasler|Dire Claw|p1b: Froslass\n|-resisted|p1b: Froslass|1\n|-damage|p1b: Froslass|0 fnt\n|faint|p1b: Froslass\n|\n|win|BuffGyarados\n|raw|metayarrak's rating: 1240 &rarr; <strong>1212</strong><br />(-28 for losing)\n|raw|BuffGyarados's rating: 1199 &rarr; <strong>1227</strong><br />(+28 for winning)\n","uploadtime":1788315934,"views":"0","formatid":"gen9championsvgc2026regmb","rating":1212,"private":0,"password":null}