{"id":"gen9championsvgc2026regmb-2674420340","format":"[Gen 9 Champions] VGC 2026 Reg M-B","players":["zmchih","supergrokmax999"],"log":"|j|☆zmchih\n|j|☆supergrokmax999\n|t:|1788357659\n|gametype|doubles\n|player|p1|zmchih|102|1049\n|player|p2|supergrokmax999|170|1069\n|gen|9\n|tier|[Gen 9 Champions] VGC 2026 Reg M-B\n|rated|\n|rule|Species Clause: Limit one of each Pokémon\n|rule|Item Clause: Limit 1 of each item\n|clearpoke\n|poke|p1|Basculegion, L50, M|\n|poke|p1|Dragonite, L50, F|\n|poke|p1|Floette-Eternal, L50, F|\n|poke|p1|Garchomp, L50, F|\n|poke|p1|Incineroar, L50, M|\n|poke|p1|Toxapex, L50, M|\n|poke|p2|Milotic, L50, F|\n|poke|p2|Staraptor, L50, M|\n|poke|p2|Excadrill, L50, F|\n|poke|p2|Gholdengo, L50|\n|poke|p2|Sinistcha, L50|\n|poke|p2|Tyranitar, L50, M|\n|teampreview|4\nzmchih rejected open team sheets.\n|inactive|Battle timer is ON: inactive players will automatically lose when time's up. (requested by zmchih)\n|inactive|supergrokmax999 has 60 seconds left.\n|inactive|supergrokmax999 has 30 seconds left.\n|inactive|supergrokmax999 has 20 seconds left.\n|inactive|supergrokmax999 has 15 seconds left.\n|n|☆supergrokmax999|supergrokmax999\n|inactive|supergrokmax999 has 10 seconds left.\n|inactive|supergrokmax999 has 5 seconds left.\n|\n|t:|1788357822\n|teamsize|p1|4\n|teamsize|p2|4\n|start\n|switch|p1a: Incineroar|Incineroar, L50, M|100/100\n|switch|p1b: Dragonite|Dragonite, L50, F|100/100\n|switch|p2a: Milotic|Milotic, L50, F|100/100\n|switch|p2b: Staraptor|Staraptor, L50, M|100/100\n|-ability|p2b: Staraptor|Intimidate|boost\n|-unboost|p1a: Incineroar|atk|1\n|-unboost|p1b: Dragonite|atk|1\n|-ability|p1a: Incineroar|Intimidate|boost\n|-unboost|p2a: Milotic|atk|1\n|-ability|p2a: Milotic|Competitive|boost\n|-boost|p2a: Milotic|spa|2\n|-unboost|p2b: Staraptor|atk|1\n|turn|1\n|inactive|supergrokmax999 has 30 seconds left.\n|inactive|zmchih has 30 seconds left.\n|inactive|supergrokmax999 has 20 seconds left.\n|inactive|supergrokmax999 has 15 seconds left.\n|inactive|supergrokmax999 has 10 seconds left.\n|inactive|supergrokmax999 has 5 seconds left.\n|\n|t:|1788357877\n|detailschange|p1b: Dragonite|Dragonite-Mega, L50, F\n|-mega|p1b: Dragonite|Dragonite|Dragoninite\n|move|p1a: Incineroar|Fake Out|p2a: Milotic\n|-damage|p2a: Milotic|93/100\n|move|p2b: Staraptor|Brave Bird|p1b: Dragonite\n|-damage|p1b: Dragonite|78/100\n|-damage|p2b: Staraptor|92/100|[from] Recoil\n|move|p1b: Dragonite|Dragon Pulse|p2a: Milotic\n|-damage|p2a: Milotic|55/100\n|cant|p2a: Milotic|flinch\n|\n|upkeep\n|turn|2\n|inactive|supergrokmax999 has 30 seconds left.\n|inactive|supergrokmax999 has 20 seconds left.\n|inactive|zmchih has 30 seconds left.\n|inactive|supergrokmax999 has 15 seconds left.\n|inactive|supergrokmax999 has 10 seconds left.\n|inactive|supergrokmax999 has 5 seconds left.\n|\n|t:|1788357932\n|move|p2b: Staraptor|Brave Bird|p1a: Incineroar\n|-damage|p1a: Incineroar|62/100\n|-damage|p2b: Staraptor|77/100|[from] Recoil\n|move|p1b: Dragonite|Dragon Pulse|p2b: Staraptor\n|-damage|p2b: Staraptor|0 fnt\n|faint|p2b: Staraptor\n|move|p2a: Milotic|Scald|p1b: Dragonite\n|-resisted|p1b: Dragonite|1\n|-damage|p1b: Dragonite|53/100\n|move|p1a: Incineroar|Parting Shot|p2a: Milotic\n|-unboost|p2a: Milotic|atk|1\n|-ability|p2a: Milotic|Competitive|boost\n|-boost|p2a: Milotic|spa|2\n|-unboost|p2a: Milotic|spa|1\n|-ability|p2a: Milotic|Competitive|boost\n|-boost|p2a: Milotic|spa|2\n|inactive|zmchih has 30 seconds left.\n|\n|t:|1788357959\n|switch|p1a: Basculegion|Basculegion, L50, M|100/100|[from] Parting Shot\n|\n|upkeep\n|n|☆supergrokmax999|supergrokmax999\n|inactive|supergrokmax999 has 30 seconds left.\n|inactive|supergrokmax999 has 20 seconds left.\n|inactive|supergrokmax999 has 15 seconds left.\n|inactive|supergrokmax999 has 10 seconds left.\n|inactive|supergrokmax999 has 5 seconds left.\n|\n|t:|1788358014\n|switch|p2b: Excadrill|Excadrill, L50, F|100/100\n|turn|3\n|n|☆supergrokmax999|supergrokmax999\n|inactive|zmchih has 30 seconds left.\n|inactive|supergrokmax999 has 30 seconds left.\n|inactive|zmchih has 20 seconds left.\n|inactive|supergrokmax999 has 20 seconds left.\n|inactive|supergrokmax999 has 15 seconds left.\n|inactive|supergrokmax999 has 10 seconds left.\n|inactive|supergrokmax999 has 5 seconds left.\n|\n|t:|1788358069\n|move|p1b: Dragonite|Extreme Speed|p2a: Milotic\n|-damage|p2a: Milotic|43/100\n|-enditem|p2a: Milotic|Sitrus Berry|[eat]\n|-heal|p2a: Milotic|68/100|[from] item: Sitrus Berry\n|move|p1a: Basculegion|Wave Crash|p2a: Milotic\n|-resisted|p2a: Milotic|1\n|-damage|p2a: Milotic|40/100\n|-damage|p1a: Basculegion|90/100|[from] Recoil\n|move|p2b: Excadrill|High Horsepower|p1a: Basculegion\n|-damage|p1a: Basculegion|20/100y\n|move|p2a: Milotic|Scald|p1a: Basculegion\n|-resisted|p1a: Basculegion|1\n|-damage|p1a: Basculegion|0 fnt\n|faint|p1a: Basculegion\n|\n|upkeep\n|\n|t:|1788358080\n|switch|p1a: Garchomp|Garchomp, L50, F|100/100\n|turn|4\n|inactive|supergrokmax999 also wants the timer to be on.\n|\n|t:|1788358094\n|move|p1a: Garchomp|Dragon Claw|p2a: Milotic\n|-damage|p2a: Milotic|0 fnt\n|faint|p2a: Milotic\n|-damage|p1a: Garchomp|90/100|[from] item: Life Orb\n|move|p2b: Excadrill|Rock Slide|p1a: Garchomp|[spread] p1a,p1b\n|-resisted|p1a: Garchomp|1\n|-supereffective|p1b: Dragonite|1\n|-damage|p1a: Garchomp|80/100\n|-damage|p1b: Dragonite|12/100\n|move|p1b: Dragonite|Dragon Pulse|p2b: Excadrill\n|-resisted|p2b: Excadrill|1\n|-damage|p2b: Excadrill|65/100\n|\n|upkeep\n|\n|t:|1788358095\n|switch|p2a: Gholdengo|Gholdengo, L50|100/100\n|turn|5\n|\n|t:|1788358117\n|move|p2b: Excadrill|Protect|p2b: Excadrill\n|-singleturn|p2b: Excadrill|Protect\n|move|p1b: Dragonite|Protect|p1b: Dragonite\n|-singleturn|p1b: Dragonite|Protect\n|move|p2a: Gholdengo|Protect|p2a: Gholdengo\n|-singleturn|p2a: Gholdengo|Protect\n|move|p1a: Garchomp|Stomping Tantrum|p2b: Excadrill\n|-activate|p2b: Excadrill|move: Protect\n|\n|upkeep\n|turn|6\n|\n|t:|1788358139\n|switch|p1b: Incineroar|Incineroar, L50, M|62/100\n|-ability|p1b: Incineroar|Intimidate|boost\n|-unboost|p2a: Gholdengo|atk|1\n|-unboost|p2b: Excadrill|atk|1\n|move|p1a: Garchomp|Stomping Tantrum|p2b: Excadrill\n|-supereffective|p2b: Excadrill|1\n|-damage|p2b: Excadrill|0 fnt\n|faint|p2b: Excadrill\n|-damage|p1a: Garchomp|70/100|[from] item: Life Orb\n|move|p2a: Gholdengo|Shadow Ball|p1b: Incineroar\n|-resisted|p1b: Incineroar|1\n|-damage|p1b: Incineroar|39/100\n|-enditem|p1b: Incineroar|Sitrus Berry|[eat]\n|-heal|p1b: Incineroar|63/100|[from] item: Sitrus Berry\n|-damage|p2a: Gholdengo|90/100|[from] item: Life Orb\n|\n|upkeep\n|turn|7\n|\n|t:|1788358158\n|move|p2a: Gholdengo|Protect|p2a: Gholdengo\n|-singleturn|p2a: Gholdengo|Protect\n|move|p1a: Garchomp|Stomping Tantrum|p2a: Gholdengo\n|-activate|p2a: Gholdengo|move: Protect\n|move|p1b: Incineroar|Flare Blitz|p2a: Gholdengo\n|-activate|p2a: Gholdengo|move: Protect\n|\n|upkeep\n|turn|8\n|c|☆zmchih|gg\n|\n|t:|1788358171\n|move|p1a: Garchomp|Stomping Tantrum|p2a: Gholdengo\n|-supereffective|p2a: Gholdengo|1\n|-damage|p2a: Gholdengo|0 fnt\n|faint|p2a: Gholdengo\n|-damage|p1a: Garchomp|61/100|[from] item: Life Orb\n|\n|win|zmchih\n|raw|zmchih's rating: 1049 &rarr; <strong>1079</strong><br />(+30 for winning)\n|raw|supergrokmax999's rating: 1021 &rarr; <strong>1009</strong><br />(-12 for losing)\n","uploadtime":1788358177,"views":"9","formatid":"gen9championsvgc2026regmb","rating":1009,"private":0,"password":null}