{"id":"gen9championsvgc2026regmb-2673983946","format":"[Gen 9 Champions] VGC 2026 Reg M-B","players":["Wh4teva","ScribbleScribble"],"log":"|j|☆Wh4teva\n|j|☆ScribbleScribble\n|t:|1788284801\n|gametype|doubles\n|player|p1|Wh4teva|266|1769\n|player|p2|ScribbleScribble|mina-lgpe|1669\n|gen|9\n|tier|[Gen 9 Champions] VGC 2026 Reg M-B\n|rated|\n|rule|Species Clause: Limit one of each Pokémon\n|rule|Item Clause: Limit 1 of each item\n|clearpoke\n|poke|p1|Pyroar, L50, M|\n|poke|p1|Ninetales, L50, F|\n|poke|p1|Farigiraf, L50, M|\n|poke|p1|Whimsicott, L50, M|\n|poke|p1|Basculegion, L50, M|\n|poke|p1|Floette-Eternal, L50, F|\n|poke|p2|Gholdengo, L50|\n|poke|p2|Garchomp, L50, F|\n|poke|p2|Charizard, L50, M, shiny|\n|poke|p2|Farigiraf, L50, F|\n|poke|p2|Whimsicott, L50, M, shiny|\n|poke|p2|Basculegion, L50, M, shiny|\n|teampreview|4\n|inactive|Battle timer is ON: inactive players will automatically lose when time's up. (requested by ScribbleScribble)\n|\n|t:|1788284821\n|teamsize|p1|4\n|teamsize|p2|4\n|start\n|switch|p1a: Whimsicott|Whimsicott, L50, M|100/100\n|switch|p1b: Basculegion|Basculegion, L50, M|100/100\n|switch|p2a: Whimsicott|Whimsicott, L50, M, shiny|100/100\n|switch|p2b: Garchomp|Garchomp, L50, F|100/100\n|turn|1\n|j| thisoldmanheplayed\n|inactive|ScribbleScribble has 30 seconds left.\n|inactive|ScribbleScribble has 20 seconds left.\n|inactive|ScribbleScribble has 15 seconds left.\n|inactive|ScribbleScribble has 10 seconds left.\n|inactive|ScribbleScribble has 5 seconds left.\n|\n|t:|1788284874\n|move|p2a: Whimsicott|Tailwind|p2a: Whimsicott\n|-sidestart|p2: ScribbleScribble|move: Tailwind\n|move|p1a: Whimsicott|Tailwind|p1a: Whimsicott\n|-sidestart|p1: Wh4teva|move: Tailwind\n|move|p2b: Garchomp|Dragon Claw|p1b: Basculegion\n|-damage|p1b: Basculegion|36/100\n|-damage|p2b: Garchomp|90/100|[from] item: Life Orb\n|move|p1b: Basculegion|Wave Crash|p2b: Garchomp\n|-damage|p2b: Garchomp|0 fnt\n|-damage|p1b: Basculegion|23/100|[from] ability: Rough Skin|[of] p2b: Garchomp\n|faint|p2b: Garchomp\n|-damage|p1b: Basculegion|0 fnt|[from] Recoil\n|faint|p1b: Basculegion\n|\n|upkeep\n|\n|t:|1788284891\n|switch|p2b: Basculegion|Basculegion, L50, M, shiny|100/100\n|switch|p1b: Pyroar|Pyroar, L50, M|100/100\n|-ability|p1b: Pyroar|Unnerve\n|turn|2\n|inactive|ScribbleScribble has 30 seconds left.\n|inactive|ScribbleScribble has 20 seconds left.\n|inactive|ScribbleScribble has 15 seconds left.\n|inactive|ScribbleScribble has 10 seconds left.\n|\n|t:|1788284936\n|switch|p1a: Ninetales|Ninetales, L50, F|100/100\n|-weather|SunnyDay|[from] ability: Drought|[of] p1a: Ninetales\n|detailschange|p1b: Pyroar|Pyroar-Mega, L50, M\n|-mega|p1b: Pyroar|Pyroar|Pyroarite\n|move|p2a: Whimsicott|Encore||[still]\n|-fail|p2a: Whimsicott\n|move|p2b: Basculegion|Wave Crash|p1b: Pyroar\n|-supereffective|p1b: Pyroar|1\n|-damage|p1b: Pyroar|9/100\n|-damage|p2b: Basculegion|75/100|[from] Recoil\n|move|p1b: Pyroar|Heat Wave|p2a: Whimsicott|[spread] p2a,p2b\n|-supereffective|p2a: Whimsicott|1\n|-resisted|p2b: Basculegion|1\n|-enditem|p2a: Whimsicott|Focus Sash\n|-damage|p2a: Whimsicott|1/100\n|-damage|p2b: Basculegion|26/100\n|-status|p2a: Whimsicott|brn\n|\n|-weather|SunnyDay|[upkeep]\n|-damage|p2a: Whimsicott|0 fnt|[from] brn\n|faint|p2a: Whimsicott\n|upkeep\n|\n|t:|1788284938\n|switch|p2a: Charizard|Charizard, L50, M, shiny|100/100\n|turn|3\n|j| kalevipoeg\n|inactive|Wh4teva has 30 seconds left.\n|\n|t:|1788284969\n|detailschange|p2a: Charizard|Charizard-Mega-Y, L50, M, shiny\n|-mega|p2a: Charizard|Charizard|Charizardite Y\n|move|p1b: Pyroar|Protect|p1b: Pyroar\n|-singleturn|p1b: Pyroar|Protect\n|move|p1a: Ninetales|Solar Beam||[still]\n|-prepare|p1a: Ninetales|Solar Beam\n|-anim|p1a: Ninetales|Solar Beam|p2b: Basculegion\n|-supereffective|p2b: Basculegion|1\n|-damage|p2b: Basculegion|0 fnt\n|faint|p2b: Basculegion\n|move|p2a: Charizard|Heat Wave|p1a: Ninetales|[spread] p1a\n|-activate|p1b: Pyroar|move: Protect\n|-resisted|p1a: Ninetales|1\n|-damage|p1a: Ninetales|62/100\n|\n|-weather|SunnyDay|[upkeep]\n|upkeep\n|turn|4\n|inactive|Wh4teva has 30 seconds left.\n|\n|t:|1788284995\n|switch|p1a: Whimsicott|Whimsicott, L50, M|100/100\n|move|p1b: Pyroar|Overheat|p2a: Charizard\n|-resisted|p2a: Charizard|1\n|-damage|p2a: Charizard|29/100\n|-unboost|p1b: Pyroar|spa|2\n|move|p2a: Charizard|Heat Wave|p1a: Whimsicott|[spread] p1a,p1b\n|-supereffective|p1a: Whimsicott|1\n|-resisted|p1b: Pyroar|1\n|-enditem|p1a: Whimsicott|Focus Sash\n|-damage|p1a: Whimsicott|1/100\n|-damage|p1b: Pyroar|0 fnt\n|faint|p1b: Pyroar\n|\n|-weather|SunnyDay|[upkeep]\n|-sideend|p1: Wh4teva|move: Tailwind\n|-sideend|p2: ScribbleScribble|move: Tailwind\n|upkeep\n|\n|t:|1788284997\n|switch|p1b: Ninetales|Ninetales, L50, F|62/100\n|turn|5\n|inactive|Wh4teva has 30 seconds left.\n|inactive|ScribbleScribble has 30 seconds left.\n|\n|t:|1788285029\n|move|p1a: Whimsicott|Protect|p1a: Whimsicott\n|-singleturn|p1a: Whimsicott|Protect\n|move|p1b: Ninetales|Fake Tears|p2a: Charizard\n|-unboost|p2a: Charizard|spd|2\n|move|p2a: Charizard|Heat Wave|p1b: Ninetales|[spread] p1b\n|-activate|p1a: Whimsicott|move: Protect\n|-resisted|p1b: Ninetales|1\n|-damage|p1b: Ninetales|23/100\n|\n|-weather|SunnyDay|[upkeep]\n|upkeep\n|turn|6\n|\n|t:|1788285034\n|move|p1b: Ninetales|Fake Tears|p2a: Charizard\n|-unboost|p2a: Charizard|spd|2\n|move|p1a: Whimsicott|Moonblast|p2a: Charizard\n|-resisted|p2a: Charizard|1\n|-damage|p2a: Charizard|0 fnt\n|faint|p2a: Charizard\n|\n|win|Wh4teva\n|raw|Wh4teva's rating: 1769 &rarr; <strong>1783</strong><br />(+14 for winning)\n|raw|ScribbleScribble's rating: 1667 &rarr; <strong>1653</strong><br />(-14 for losing)\n|c|☆Wh4teva|ggs\n|l|☆ScribbleScribble\n|player|p2|\n|c|☆Wh4teva|always the same pyroar team xD\n","uploadtime":1788285055,"views":"8","formatid":"gen9championsvgc2026regmb","rating":1653,"private":0,"password":null}