{"id":"gen9championsvgc2026regmb-2674466336","format":"[Gen 9 Champions] VGC 2026 Reg M-B","players":["sticki2004","AlexSakiba"],"log":"|j|☆sticki2004\n|j|☆AlexSakiba\n|t:|1788363138\n|gametype|doubles\n|player|p1|sticki2004|265|1103\n|player|p2|AlexSakiba|1|1000\n|gen|9\n|tier|[Gen 9 Champions] VGC 2026 Reg M-B\n|rated|\n|rule|Species Clause: Limit one of each Pokémon\n|rule|Item Clause: Limit 1 of each item\n|clearpoke\n|poke|p1|Blastoise, L50, F|\n|poke|p1|Mawile, L50, F|\n|poke|p1|Pelipper, L50, F|\n|poke|p1|Sinistcha-Masterpiece, L50|\n|poke|p1|Farigiraf, L50, F|\n|poke|p1|Incineroar, L50, M|\n|poke|p2|Dragapult, L50, M|\n|poke|p2|Milotic, L50, M|\n|poke|p2|Sneasler, L50, M|\n|poke|p2|Lycanroc-Dusk, L50, M|\n|poke|p2|Gardevoir, L50, F|\n|poke|p2|Whimsicott, L50, M|\n|teampreview|4\n|inactive|Battle timer is ON: inactive players will automatically lose when time's up. (requested by sticki2004)\nAlexSakiba rejected open team sheets.\n|inactive|AlexSakiba has 60 seconds left.\n|\n|t:|1788363189\n|teamsize|p1|4\n|teamsize|p2|4\n|start\n|switch|p1a: Blastoise|Blastoise, L50, F|100/100\n|switch|p1b: Sinistcha|Sinistcha-Masterpiece, L50|100/100\n|switch|p2a: Milotic|Milotic, L50, M|100/100\n|switch|p2b: Dragapult|Dragapult, L50, M|100/100\n|turn|1\n|inactive|AlexSakiba has 30 seconds left.\n|\n|t:|1788363216\n|detailschange|p1a: Blastoise|Blastoise-Mega, L50, F\n|-mega|p1a: Blastoise|Blastoise|Blastoisinite\n|move|p1b: Sinistcha|Rage Powder|p1b: Sinistcha\n|-singleturn|p1b: Sinistcha|move: Rage Powder\n|move|p2b: Dragapult|Phantom Force||[still]\n|-prepare|p2b: Dragapult|Phantom Force\n|move|p2a: Milotic|Icy Wind|p1a: Blastoise|[spread] p1a,p1b\n|-resisted|p1a: Blastoise|1\n|-supereffective|p1b: Sinistcha|1\n|-damage|p1a: Blastoise|96/100\n|-damage|p1b: Sinistcha|79/100\n|-unboost|p1a: Blastoise|spe|1\n|-unboost|p1b: Sinistcha|spe|1\n|move|p1a: Blastoise|Shell Smash|p1a: Blastoise\n|-unboost|p1a: Blastoise|def|1\n|-unboost|p1a: Blastoise|spd|1\n|-boost|p1a: Blastoise|atk|2\n|-boost|p1a: Blastoise|spa|2\n|-boost|p1a: Blastoise|spe|2\n|\n|upkeep\n|turn|2\n|inactive|AlexSakiba has 30 seconds left.\n|\n|t:|1788363243\n|move|p1a: Blastoise|Protect|p1a: Blastoise\n|-singleturn|p1a: Blastoise|Protect\n|move|p2b: Dragapult|Phantom Force|p1b: Sinistcha|[from] lockedmove\n|-supereffective|p1b: Sinistcha|1\n|-damage|p1b: Sinistcha|0 fnt\n|faint|p1b: Sinistcha\n|-damage|p2b: Dragapult|90/100|[from] item: Life Orb\n|move|p2a: Milotic|Icy Wind|p1a: Blastoise\n|-activate|p1a: Blastoise|move: Protect\n|\n|upkeep\n|\n|t:|1788363254\n|switch|p1b: Pelipper|Pelipper, L50, F|100/100\n|-weather|RainDance|[from] ability: Drizzle|[of] p1b: Pelipper\n|turn|3\n|\n|t:|1788363264\n|move|p2b: Dragapult|Phantom Force||[still]\n|-prepare|p2b: Dragapult|Phantom Force\n|move|p1a: Blastoise|Water Spout|p2b: Dragapult|[spread] p2a\n|-miss|p1a: Blastoise|p2b: Dragapult\n|-resisted|p2a: Milotic|1\n|-damage|p2a: Milotic|42/100\n|move|p1b: Pelipper|Hurricane|p2a: Milotic\n|-damage|p2a: Milotic|10/100\n|-start|p2a: Milotic|confusion\n|-activate|p2a: Milotic|confusion\n|move|p2a: Milotic|Icy Wind|p1a: Blastoise|[spread] p1a,p1b\n|-resisted|p1a: Blastoise|1\n|-damage|p1a: Blastoise|89/100\n|-damage|p1b: Pelipper|83/100\n|-unboost|p1a: Blastoise|spe|1\n|-unboost|p1b: Pelipper|spe|1\n|\n|-weather|RainDance|[upkeep]\n|-heal|p2a: Milotic|15/100|[from] item: Leftovers\n|upkeep\n|turn|4\n|inactive|AlexSakiba has 30 seconds left.\n|inactive|sticki2004 has 30 seconds left.\n|\n|t:|1788363297\n|move|p2b: Dragapult|Phantom Force|p1a: Blastoise|[from] lockedmove\n|-damage|p1a: Blastoise|22/100\n|-damage|p2b: Dragapult|80/100|[from] item: Life Orb\n|-activate|p2a: Milotic|confusion\n|move|p2a: Milotic|Icy Wind|p1a: Blastoise|[spread] p1a,p1b\n|-resisted|p1a: Blastoise|1\n|-damage|p1a: Blastoise|16/100\n|-damage|p1b: Pelipper|65/100\n|-unboost|p1a: Blastoise|spe|1\n|-unboost|p1b: Pelipper|spe|1\n|move|p1a: Blastoise|Dark Pulse|p2b: Dragapult\n|-supereffective|p2b: Dragapult|1\n|-damage|p2b: Dragapult|0 fnt\n|faint|p2b: Dragapult\n|move|p1b: Pelipper|Hurricane|p2a: Milotic\n|-damage|p2a: Milotic|0 fnt\n|faint|p2a: Milotic\n|\n|-weather|RainDance|[upkeep]\n|upkeep\n|\n|t:|1788363315\n|switch|p2b: Gardevoir|Gardevoir, L50, F|100/100\n|switch|p2a: Sneasler|Sneasler, L50, M|100/100\n|-ability|p2b: Gardevoir|Mega Launcher|Trace|[from] ability: Trace|[of] p1a: Blastoise\n|turn|5\n|\n|t:|1788363336\n|switch|p1b: Incineroar|Incineroar, L50, M|100/100\n|-ability|p1b: Incineroar|Intimidate|boost\n|-unboost|p2a: Sneasler|atk|1\n|-unboost|p2b: Gardevoir|atk|1\n|-enditem|p2a: Sneasler|White Herb\n|-clearnegativeboost|p2a: Sneasler|[silent]\n|detailschange|p2b: Gardevoir|Gardevoir-Mega, L50, F\n|-mega|p2b: Gardevoir|Gardevoir|Gardevoirite\n|move|p1a: Blastoise|Protect|p1a: Blastoise\n|-singleturn|p1a: Blastoise|Protect\n|move|p2a: Sneasler|Fake Out|p1b: Incineroar\n|-damage|p1b: Incineroar|86/100\n|move|p2b: Gardevoir|Thunderbolt|p1a: Blastoise\n|-activate|p1a: Blastoise|move: Protect\n|\n|-weather|RainDance|[upkeep]\n|upkeep\n|turn|6\n|inactive|sticki2004 has 30 seconds left.\n|\n|t:|1788363370\n|move|p2b: Gardevoir|Protect|p2b: Gardevoir\n|-singleturn|p2b: Gardevoir|Protect\n|move|p1b: Incineroar|Fake Out|p2b: Gardevoir\n|-activate|p2b: Gardevoir|move: Protect\n|move|p2a: Sneasler|Rock Slide|p1a: Blastoise|[spread] \n|-miss|p2a: Sneasler|p1a: Blastoise\n|-miss|p2a: Sneasler|p1b: Incineroar\n|move|p1a: Blastoise|Dark Pulse|p2b: Gardevoir\n|-activate|p2b: Gardevoir|move: Protect\n|\n|-weather|RainDance|[upkeep]\n|upkeep\n|turn|7\n|inactive|AlexSakiba has 30 seconds left.\n|\n|t:|1788363402\n|switch|p1b: Pelipper|Pelipper, L50, F|65/100\n|move|p2a: Sneasler|Dire Claw|p1a: Blastoise\n|-crit|p1a: Blastoise\n|-damage|p1a: Blastoise|0 fnt\n|faint|p1a: Blastoise\n|move|p2b: Gardevoir|Hyper Voice|p1b: Pelipper\n|-damage|p1b: Pelipper|0 fnt\n|faint|p1b: Pelipper\n|\n|-weather|none\n|upkeep\n|-message|sticki2004 forfeited.\n|\n|win|AlexSakiba\n|raw|sticki2004's rating: 1103 &rarr; <strong>1071</strong><br />(-32 for losing)\n|raw|AlexSakiba's rating: 1000 &rarr; <strong>1052</strong><br />(+52 for winning)\n|l|☆sticki2004\n|player|p1|\n","uploadtime":1788363436,"views":"6","formatid":"gen9championsvgc2026regmb","rating":1052,"private":0,"password":null}