{"id":"gen9championsvgc2026regmb-2674137751","format":"[Gen 9 Champions] VGC 2026 Reg M-B","players":["MacheteMcGoo","tipsypastels"],"log":"|j|☆MacheteMcGoo\n|j|☆tipsypastels\n|t:|1788304711\n|gametype|doubles\n|player|p1|MacheteMcGoo|gwynn|1290\n|player|p2|tipsypastels|elesa-gen5bw2|1224\n|gen|9\n|tier|[Gen 9 Champions] VGC 2026 Reg M-B\n|rated|\n|rule|Species Clause: Limit one of each Pokémon\n|rule|Item Clause: Limit 1 of each item\n|clearpoke\n|poke|p1|Garchomp, L50, M|\n|poke|p1|Swampert, L50, F|\n|poke|p1|Pelipper, L50, M|\n|poke|p1|Meganium, L50, F|\n|poke|p1|Aegislash, L50, M|\n|poke|p1|Scrafty, L50, M|\n|poke|p2|Farigiraf, L50, F|\n|poke|p2|Mawile, L50, M|\n|poke|p2|Torkoal, L50, F|\n|poke|p2|Sinistcha, L50|\n|poke|p2|Maushold, L50|\n|poke|p2|Staraptor, L50, M|\n|teampreview|4\n|inactive|Battle timer is ON: inactive players will automatically lose when time's up. (requested by tipsypastels)\n|inactive|MacheteMcGoo has 60 seconds left.\n|\n|t:|1788304750\n|teamsize|p1|4\n|teamsize|p2|4\n|start\n|switch|p1a: Scrafty|Scrafty, L50, M|100/100\n|switch|p1b: Meganium|Meganium, L50, F|100/100\n|switch|p2a: Maushold|Maushold, L50|100/100\n|switch|p2b: Staraptor|Staraptor, L50, M|100/100\n|-ability|p2b: Staraptor|Intimidate|boost\n|-unboost|p1a: Scrafty|atk|1\n|-unboost|p1b: Meganium|atk|1\n|-ability|p1a: Scrafty|Intimidate|boost\n|-unboost|p2a: Maushold|atk|1\n|-unboost|p2b: Staraptor|atk|1\n|turn|1\n|\n|t:|1788304772\n|detailschange|p2b: Staraptor|Staraptor-Mega, L50, M\n|-mega|p2b: Staraptor|Staraptor|Staraptite\n|detailschange|p1b: Meganium|Meganium-Mega, L50, F\n|-mega|p1b: Meganium|Meganium|Meganiumite\n|move|p1a: Scrafty|Fake Out|p2a: Maushold\n|-damage|p2a: Maushold|91/100\n|move|p2b: Staraptor|Brave Bird|p1b: Meganium\n|-supereffective|p1b: Meganium|1\n|-damage|p1b: Meganium|26/100\n|-damage|p2b: Staraptor|80/100|[from] Recoil\n|move|p1b: Meganium|Dazzling Gleam|p2b: Staraptor|[spread] p2a,p2b\n|-supereffective|p2b: Staraptor|1\n|-damage|p2a: Maushold|59/100\n|-damage|p2b: Staraptor|28/100\n|cant|p2a: Maushold|flinch\n|\n|upkeep\n|turn|2\n|\n|t:|1788304796\n|switch|p2a: Sinistcha|Sinistcha, L50|100/100\n|-heal|p2b: Staraptor|53/100|[from] ability: Hospitality|[of] p2a: Sinistcha\n|move|p1b: Meganium|Protect|p1b: Meganium\n|-singleturn|p1b: Meganium|Protect\n|move|p2b: Staraptor|Close Combat|p1b: Meganium\n|-activate|p1b: Meganium|move: Protect\n|move|p1a: Scrafty|Close Combat|p2a: Sinistcha\n|-immune|p2a: Sinistcha\n|\n|upkeep\n|turn|3\n|\n|t:|1788304812\n|switch|p1b: Garchomp|Garchomp, L50, M|100/100\n|move|p2b: Staraptor|Close Combat|p1b: Garchomp\n|-damage|p1b: Garchomp|57/100\n|-boost|p2b: Staraptor|def|1\n|-boost|p2b: Staraptor|spd|1\n|-damage|p2b: Staraptor|41/100|[from] ability: Rough Skin|[of] p1b: Garchomp\n|move|p2a: Sinistcha|Life Dew||[still]|[spread] p2a,p2b\n|-fail|p2a: Sinistcha|heal\n|-heal|p2b: Staraptor|66/100\n|move|p1a: Scrafty|Coaching|p1b: Garchomp\n|-boost|p1b: Garchomp|atk|1\n|-boost|p1b: Garchomp|def|1\n|\n|upkeep\n|turn|4\n|\n|t:|1788304831\n|move|p1a: Scrafty|Helping Hand|p1b: Garchomp\n|-singleturn|p1b: Garchomp|Helping Hand|[of] p1a: Scrafty\n|move|p2a: Sinistcha|Rage Powder|p2a: Sinistcha\n|-singleturn|p2a: Sinistcha|move: Rage Powder\n|move|p1b: Garchomp|Rock Slide|p2b: Staraptor|[spread] p2a,p2b\n|-damage|p2a: Sinistcha|56/100\n|-damage|p2b: Staraptor|31/100\n|-damage|p1b: Garchomp|48/100|[from] item: Life Orb\n|cant|p2b: Staraptor|flinch\n|\n|upkeep\n|turn|5\n|\n|t:|1788304842\n|move|p1a: Scrafty|Helping Hand|p1b: Garchomp\n|-singleturn|p1b: Garchomp|Helping Hand|[of] p1a: Scrafty\n|move|p2a: Sinistcha|Rage Powder|p2a: Sinistcha\n|-singleturn|p2a: Sinistcha|move: Rage Powder\n|move|p1b: Garchomp|Rock Slide|p2b: Staraptor|[spread] p2b\n|-miss|p1b: Garchomp|p2a: Sinistcha\n|-damage|p2b: Staraptor|0 fnt\n|faint|p2b: Staraptor\n|-damage|p1b: Garchomp|38/100|[from] item: Life Orb\n|\n|upkeep\n|\n|t:|1788304851\n|switch|p2b: Torkoal|Torkoal, L50, F|100/100\n|-weather|SunnyDay|[from] ability: Drought|[of] p2b: Torkoal\n|turn|6\n|\n|t:|1788304862\n|move|p1b: Garchomp|Poison Jab|p2a: Sinistcha\n|-damage|p2a: Sinistcha|14/100\n|-damage|p1b: Garchomp|28/100|[from] item: Life Orb\n|move|p2a: Sinistcha|Matcha Gotcha|p1b: Garchomp|[spread] p1a,p1b\n|-damage|p1a: Scrafty|77/100\n|-heal|p2a: Sinistcha|25/100|[from] drain|[of] p1a: Scrafty\n|-damage|p1b: Garchomp|1/100\n|-heal|p2a: Sinistcha|39/100|[from] drain|[of] p1b: Garchomp\n|move|p1a: Scrafty|Close Combat|p2b: Torkoal\n|-damage|p2b: Torkoal|74/100\n|-unboost|p1a: Scrafty|def|1\n|-unboost|p1a: Scrafty|spd|1\n|move|p2b: Torkoal|Eruption|p1a: Scrafty|[spread] p1a,p1b\n|-resisted|p1b: Garchomp|1\n|-damage|p1a: Scrafty|0 fnt\n|-damage|p1b: Garchomp|0 fnt\n|faint|p1a: Scrafty\n|faint|p1b: Garchomp\n|\n|-weather|SunnyDay|[upkeep]\n|upkeep\n|\n|t:|1788304870\n|switch|p1b: Meganium|Meganium-Mega, L50, F|26/100\n|switch|p1a: Aegislash|Aegislash, L50, M|100/100\n|turn|7\n|\n|t:|1788304887\n|move|p1a: Aegislash|Wide Guard|p1a: Aegislash\n|-singleturn|p1a: Aegislash|Wide Guard\n|move|p2a: Sinistcha|Rage Powder|p2a: Sinistcha\n|-singleturn|p2a: Sinistcha|move: Rage Powder\n|move|p1b: Meganium|Synthesis|p1b: Meganium\n|-heal|p1b: Meganium|92/100\n|move|p2b: Torkoal|Eruption|p1b: Meganium|[spread] \n|-activate|p1a: Aegislash|move: Wide Guard\n|-activate|p1b: Meganium|move: Wide Guard\n|\n|-weather|SunnyDay|[upkeep]\n|upkeep\n|turn|8\n|inactive|MacheteMcGoo has 30 seconds left.\n|\n|t:|1788304914\n|move|p2a: Sinistcha|Rage Powder|p2a: Sinistcha\n|-singleturn|p2a: Sinistcha|move: Rage Powder\n|move|p1b: Meganium|Solar Beam||[still]\n|-prepare|p1b: Meganium|Solar Beam\n|-anim|p1b: Meganium|Solar Beam|p2b: Torkoal\n|-resisted|p2b: Torkoal|1\n|-damage|p2b: Torkoal|27/100\n|-formechange|p1a: Aegislash|Aegislash-Blade|\n|move|p1a: Aegislash|Poltergeist|p2a: Sinistcha\n|-activate|p2a: Sinistcha|move: Poltergeist|Colbur Berry\n|-supereffective|p2a: Sinistcha|1\n|-damage|p2a: Sinistcha|0 fnt\n|faint|p2a: Sinistcha\n|move|p2b: Torkoal|Eruption|p1a: Aegislash|[spread] p1a,p1b\n|-supereffective|p1a: Aegislash|1\n|-enditem|p1a: Aegislash|Occa Berry|[eat]\n|-enditem|p1a: Aegislash|Occa Berry|[weaken]\n|-supereffective|p1b: Meganium|1\n|-damage|p1a: Aegislash|72/100\n|-damage|p1b: Meganium|42/100\n|\n|-weather|SunnyDay|[upkeep]\n|upkeep\n|\n|t:|1788304931\n|switch|p2a: Maushold|Maushold, L50|59/100\n|turn|9\n|\n|t:|1788304938\n|-formechange|p1a: Aegislash|Aegislash|\n|move|p1a: Aegislash|King's Shield|p1a: Aegislash\n|-singleturn|p1a: Aegislash|Protect\n|move|p2a: Maushold|Follow Me|p2a: Maushold\n|-singleturn|p2a: Maushold|move: Follow Me\n|move|p1b: Meganium|Synthesis|p1b: Meganium\n|-heal|p1b: Meganium|100/100\n|move|p2b: Torkoal|Eruption|p1b: Meganium|[spread] p1b\n|-activate|p1a: Aegislash|move: Protect\n|-supereffective|p1b: Meganium|1\n|-damage|p1b: Meganium|54/100\n|\n|-weather|SunnyDay|[upkeep]\n|upkeep\n|turn|10\n|\n|t:|1788304957\n|move|p1b: Meganium|Synthesis|p1b: Meganium\n|-heal|p1b: Meganium|100/100\n|move|p2a: Maushold|Taunt|p1b: Meganium\n|-start|p1b: Meganium|move: Taunt\n|-formechange|p1a: Aegislash|Aegislash-Blade|\n|move|p1a: Aegislash|Sacred Sword|p2a: Maushold\n|-supereffective|p2a: Maushold|1\n|-damage|p2a: Maushold|0 fnt\n|faint|p2a: Maushold\n|move|p2b: Torkoal|Eruption|p1b: Meganium|[spread] p1a,p1b\n|-supereffective|p1a: Aegislash|1\n|-supereffective|p1b: Meganium|1\n|-damage|p1a: Aegislash|7/100\n|-damage|p1b: Meganium|50/100g\n|\n|-weather|none\n|upkeep\n|turn|11\n|\n|t:|1788304972\n|move|p1b: Meganium|Solar Beam||[still]\n|-prepare|p1b: Meganium|Solar Beam\n|-activate|p1b: Meganium|ability: Mega Sol\n|-anim|p1b: Meganium|Solar Beam|p2b: Torkoal\n|-resisted|p2b: Torkoal|1\n|-damage|p2b: Torkoal|0 fnt\n|faint|p2b: Torkoal\n|\n|win|MacheteMcGoo\n|raw|MacheteMcGoo's rating: 1290 &rarr; <strong>1310</strong><br />(+20 for winning)\n|raw|tipsypastels's rating: 1224 &rarr; <strong>1204</strong><br />(-20 for losing)\n|l|☆tipsypastels\n|player|p2|\n","uploadtime":1788304980,"views":"14","formatid":"gen9championsvgc2026regmb","rating":1204,"private":0,"password":null}