{"id":"gen9championsvgc2026regmbbo3-2674561724","format":"[Gen 9 Champions] VGC 2026 Reg M-B (Bo3)","players":["juanfran66","steelag0"],"log":"|j|☆juanfran66\n|j|☆steelag0\n|html|<table width=\"100%\"><tr><td align=\"left\">juanfran66</td><td align=\"right\">steelag0</tr><tr><td align=\"left\"><i class=\"fa fa-circle\"></i> <i class=\"fa fa-circle-o\"></i> </td><td align=\"right\"><i class=\"fa fa-circle-o\"></i> <i class=\"fa fa-circle\"></i> </tr></table>\n|uhtml|bestof|<h2><strong>Game 3</strong> of <a href=\"/game-bestof3-gen9championsvgc2026regmbbo3-2674556909\">a best-of-3</a></h2>\n|t:|1788374163\n|gametype|doubles\n|player|p1|juanfran66|1|\n|player|p2|steelag0|2|\n|gen|9\n|tier|[Gen 9 Champions] VGC 2026 Reg M-B (Bo3)\n|rule|Species Clause: Limit one of each Pokémon\n|rule|Item Clause: Limit 1 of each item\n|clearpoke\n|poke|p1|Sinistcha, L50|\n|poke|p1|Maushold, L50|\n|poke|p1|Delphox, L50, F|\n|poke|p1|Floette-Eternal, L50, F|\n|poke|p1|Incineroar, L50, M|\n|poke|p1|Grimmsnarl, L50, M|\n|poke|p2|Whimsicott, L50, F|\n|poke|p2|Floette-Eternal, L50, F|\n|poke|p2|Kingambit, L50, M|\n|poke|p2|Charizard, L50, F|\n|poke|p2|Basculegion, L50, M|\n|poke|p2|Garchomp, L50, F|\n|teampreview|4\n|showteam|p1|Sinistcha||KasibBerry|Hospitality|MatchaGotcha,RagePowder,LifeDew,Protect|Bold|||||50|]Maushold||ChopleBerry|FriendGuard|FollowMe,SuperFang,Feint,Protect|Impish|||||50|]Delphox||Delphoxite|Blaze|HeatWave,Psychic,NastyPlot,Protect|Modest||F|||50|]Floette-Eternal||Floettite|FlowerVeil|Moonblast,DrainingKiss,CalmMind,Protect|Modest||F|||50|]Incineroar||PasshoBerry|Intimidate|PartingShot,FakeOut,ThroatChop,FlareBlitz|Careful||M|||50|]Grimmsnarl||LightClay|Prankster|FakeOut,Reflect,LightScreen,PartingShot|Careful||M|||50|\n|showteam|p2|Whimsicott||FocusSash|Prankster|Moonblast,Tailwind,Encore,Protect|Timid||F|||50|]Floette-Eternal||Floettite|FlowerVeil|Moonblast,DazzlingGleam,LightofRuin,Protect|Modest||F|||50|]Kingambit||ChopleBerry|Defiant|KowtowCleave,SuckerPunch,IronHead,LowKick|Adamant||M|||50|]Charizard||CharizarditeY|SolarPower|HeatWave,WeatherBall,SolarBeam,Protect|Modest||F|||50|]Basculegion||MysticWater|Adaptability|WaveCrash,LastRespects,AquaJet,Protect|Adamant||M|||50|]Garchomp||LifeOrb|SandVeil|DragonClaw,Earthquake,RockSlide,Protect|Jolly||F|||50|\n|inactive|Battle timer is ON: inactive players will automatically lose when time's up. (requested by juanfran66)\n|\n|t:|1788374184\n|teamsize|p1|4\n|teamsize|p2|4\n|start\n|switch|p1a: Zorrita|Delphox, L50, F|100/100\n|switch|p1b: Familia Pogui|Maushold, L50|100/100\n|switch|p2a: Whimsicott|Whimsicott, L50, F|100/100\n|switch|p2b: Kingambit|Kingambit, L50, M|100/100\n|turn|1\n|inactive|juanfran66 has 30 seconds left.\n|\n|t:|1788374214\n|detailschange|p1a: Zorrita|Delphox-Mega, L50, F\n|-mega|p1a: Zorrita|Delphox|Delphoxite\n|move|p1a: Zorrita|Protect|p1a: Zorrita\n|-singleturn|p1a: Zorrita|Protect\n|move|p2a: Whimsicott|Tailwind|p2a: Whimsicott\n|-sidestart|p2: steelag0|move: Tailwind\n|move|p2b: Kingambit|Kowtow Cleave|p1a: Zorrita\n|-activate|p1a: Zorrita|move: Protect\n|move|p1b: Familia Pogui|Super Fang|p2b: Kingambit\n|-damage|p2b: Kingambit|50/100g\n|\n|upkeep\n|turn|2\n|\n|t:|1788374237\n|move|p1b: Familia Pogui|Follow Me|p1b: Familia Pogui\n|-singleturn|p1b: Familia Pogui|move: Follow Me\n|move|p2a: Whimsicott|Encore|p1b: Familia Pogui\n|-start|p1b: Familia Pogui|Encore\n|move|p1a: Zorrita|Heat Wave|p2b: Kingambit|[spread] p2a,p2b\n|-supereffective|p2a: Whimsicott|1\n|-supereffective|p2b: Kingambit|1\n|-enditem|p2a: Whimsicott|Focus Sash\n|-damage|p2a: Whimsicott|1/100\n|-damage|p2b: Kingambit|0 fnt\n|faint|p2b: Kingambit\n|\n|upkeep\n|\n|t:|1788374249\n|switch|p2b: Basculegion|Basculegion, L50, M|100/100\n|turn|3\n|inactive|juanfran66 has 30 seconds left.\n|\n|t:|1788374278\n|move|p1b: Familia Pogui|Follow Me|p1b: Familia Pogui\n|-singleturn|p1b: Familia Pogui|move: Follow Me\n|move|p2a: Whimsicott|Moonblast|p1b: Familia Pogui\n|-damage|p1b: Familia Pogui|58/100\n|move|p2b: Basculegion|Wave Crash|p1b: Familia Pogui\n|-damage|p1b: Familia Pogui|0 fnt\n|faint|p1b: Familia Pogui\n|-damage|p2b: Basculegion|82/100|[from] Recoil\n|move|p1a: Zorrita|Psychic|p2b: Basculegion\n|-damage|p2b: Basculegion|15/100\n|-unboost|p2b: Basculegion|spd|1\n|\n|upkeep\n|\n|t:|1788374290\n|switch|p1b: Wolfe|Incineroar, L50, M|100/100\n|-ability|p1b: Wolfe|Intimidate|boost\n|-unboost|p2a: Whimsicott|atk|1\n|-unboost|p2b: Basculegion|atk|1\n|turn|4\n|\n|t:|1788374306\n|move|p2a: Whimsicott|Protect|p2a: Whimsicott\n|-singleturn|p2a: Whimsicott|Protect\n|move|p2b: Basculegion|Protect|p2b: Basculegion\n|-singleturn|p2b: Basculegion|Protect\n|move|p1b: Wolfe|Fake Out|p2a: Whimsicott\n|-activate|p2a: Whimsicott|move: Protect\n|move|p1a: Zorrita|Psychic|p2b: Basculegion\n|-activate|p2b: Basculegion|move: Protect\n|\n|-sideend|p2: steelag0|move: Tailwind\n|upkeep\n|turn|5\n|inactive|steelag0 has 30 seconds left.\n|\n|t:|1788374335\n|switch|p1b: Tesito|Sinistcha, L50|100/100\n|move|p1a: Zorrita|Protect|p1a: Zorrita\n|-singleturn|p1a: Zorrita|Protect\n|move|p2a: Whimsicott|Tailwind|p2a: Whimsicott\n|-sidestart|p2: steelag0|move: Tailwind\n|move|p2b: Basculegion|Last Respects|p1a: Zorrita\n|-activate|p1a: Zorrita|move: Protect\n|\n|upkeep\n|turn|6\n|\n|t:|1788374359\n|switch|p2b: Floette|Floette-Eternal, L50, F|100/100\n|switch|p1a: Wolfe|Incineroar, L50, M|100/100\n|-ability|p1a: Wolfe|Intimidate|boost\n|-block|p2a: Whimsicott|ability: Flower Veil|[of] p2b: Floette\n|-unboost|p2b: Floette|atk|1\n|move|p2a: Whimsicott|Moonblast|p1b: Tesito\n|-damage|p1b: Tesito|59/100\n|move|p1b: Tesito|Matcha Gotcha|p2a: Whimsicott|[spread] p2b\n|-miss|p1b: Tesito|p2a: Whimsicott\n|-crit|p2b: Floette\n|-damage|p2b: Floette|67/100\n|-heal|p1b: Tesito|74/100|[from] drain|[of] p2b: Floette\n|-status|p2b: Floette|brn\n|\n|-damage|p2b: Floette|61/100 brn|[from] brn\n|upkeep\n|turn|7\n|inactive|juanfran66 has 30 seconds left.\n|inactive|steelag0 has 30 seconds left.\n|\n|t:|1788374386\n|detailschange|p2b: Floette|Floette-Mega, L50, F\n|-mega|p2b: Floette|Floette|Floettite\n|-ability|p2b: Floette|Fairy Aura\n|move|p2b: Floette|Protect|p2b: Floette\n|-singleturn|p2b: Floette|Protect\n|move|p1a: Wolfe|Fake Out|p2b: Floette\n|-activate|p2b: Floette|move: Protect\n|move|p2a: Whimsicott|Moonblast|p1b: Tesito\n|-damage|p1b: Tesito|26/100\n|move|p1b: Tesito|Matcha Gotcha|p2b: Floette|[spread] p2a\n|-activate|p2b: Floette|move: Protect\n|-resisted|p2a: Whimsicott|1\n|-damage|p2a: Whimsicott|0 fnt\n|-heal|p1b: Tesito|27/100|[from] drain|[of] p2a: Whimsicott\n|faint|p2a: Whimsicott\n|\n|-damage|p2b: Floette|55/100 brn|[from] brn\n|upkeep\n|\n|t:|1788374404\n|switch|p2a: Basculegion|Basculegion, L50, M|15/100\n|turn|8\n|\n|t:|1788374417\n|move|p2a: Basculegion|Protect|p2a: Basculegion\n|-singleturn|p2a: Basculegion|Protect\n|move|p1b: Tesito|Rage Powder|p1b: Tesito\n|-singleturn|p1b: Tesito|move: Rage Powder\n|move|p2b: Floette|Dazzling Gleam|p1a: Wolfe|[spread] p1a,p1b\n|-damage|p1a: Wolfe|65/100\n|-damage|p1b: Tesito|0 fnt\n|faint|p1b: Tesito\n|move|p1a: Wolfe|Flare Blitz|p2b: Floette\n|-damage|p2b: Floette|10/100 brn\n|-damage|p1a: Wolfe|53/100|[from] Recoil\n|\n|-damage|p2b: Floette|4/100 brn|[from] brn\n|-sideend|p2: steelag0|move: Tailwind\n|upkeep\n|\n|t:|1788374429\n|switch|p1b: Zorrita|Delphox-Mega, L50, F|100/100\n|turn|9\n|\n|t:|1788374448\n|move|p1b: Zorrita|Protect|p1b: Zorrita\n|-singleturn|p1b: Zorrita|Protect\n|move|p2b: Floette|Protect|p2b: Floette\n|-singleturn|p2b: Floette|Protect\n|move|p2a: Basculegion|Aqua Jet|p1b: Zorrita\n|-activate|p1b: Zorrita|move: Protect\n|move|p1a: Wolfe|Throat Chop|p2a: Basculegion\n|-supereffective|p2a: Basculegion|1\n|-damage|p2a: Basculegion|0 fnt\n|faint|p2a: Basculegion\n|\n|-damage|p2b: Floette|0 fnt|[from] brn\n|faint|p2b: Floette\n|\n|win|juanfran66\n","uploadtime":1788374461,"views":"4","formatid":"gen9championsvgc2026regmbbo3","rating":null,"private":0,"password":null}