{"id":"gen9championsvgc2026regmbbo3-2673619824","format":"[Gen 9 Champions] VGC 2026 Reg M-B (Bo3)","players":["Philly Turtles","Fayz Sharpie"],"log":"|j|☆Philly Turtles\n|j|☆Fayz Sharpie\n|html|<table width=\"100%\"><tr><td align=\"left\">Philly Turtles</td><td align=\"right\">Fayz Sharpie</tr><tr><td align=\"left\"><i class=\"fa fa-circle-o\"></i> <i class=\"fa fa-circle-o\"></i> </td><td align=\"right\"><i class=\"fa fa-circle-o\"></i> <i class=\"fa fa-circle-o\"></i> </tr></table>\n|uhtml|bestof|<h2><strong>Game 1</strong> of <a href=\"/game-bestof3-gen9championsvgc2026regmbbo3-2673619823\">a best-of-3</a></h2>\n|t:|1788222367\n|gametype|doubles\n|player|p1|Philly Turtles|candice|\n|player|p2|Fayz Sharpie|koga|\n|gen|9\n|tier|[Gen 9 Champions] VGC 2026 Reg M-B (Bo3)\n|rule|Species Clause: Limit one of each Pokémon\n|rule|Item Clause: Limit 1 of each item\n|raw|<div class=\"infobox\"><details class=\"readmore\" open><summary><strong>1 custom rule:</strong></summary> !Force Open Team Sheets</details></div>\n|clearpoke\n|poke|p1|Froslass, L50, F|\n|poke|p1|Primarina, L50, M|\n|poke|p1|Crabominable, L50, M, shiny|\n|poke|p1|Slowking-Galar, L50, M|\n|poke|p1|Tsareena, L50, F|\n|poke|p1|Sableye, L50, M|\n|poke|p2|Charizard, L50, F|\n|poke|p2|Scrafty, L50, F|\n|poke|p2|Cofagrigus, L50, M|\n|poke|p2|Orthworm, L50, M|\n|poke|p2|Raichu, L50, M|\n|poke|p2|Vileplume, L50, F|\n|teampreview|4\n|c|☆Fayz Sharpie|gl hf\n|c|☆Philly Turtles|glhf\n|c|☆Fayz Sharpie|I had heat crash instead of wave\n|\n|t:|1788222390\n|teamsize|p1|4\n|teamsize|p2|4\n|start\n|switch|p1a: Tsareena|Tsareena, L50, F|100/100\n|switch|p1b: Slowking|Slowking-Galar, L50, M|100/100\n|switch|p2a: Charizard|Charizard, L50, F|100/100\n|switch|p2b: Vileplume|Vileplume, L50, F|100/100\n|turn|1\n|c|☆Philly Turtles|write that down write that down\n|\n|t:|1788222431\n|detailschange|p2a: Charizard|Charizard-Mega-Y, L50, F\n|-mega|p2a: Charizard|Charizard|Charizardite Y\n|-weather|SunnyDay|[from] ability: Drought|[of] p2a: Charizard\n|move|p1a: Tsareena|Protect|p1a: Tsareena\n|-singleturn|p1a: Tsareena|Protect\n|move|p2b: Vileplume|Sleep Powder|p1b: Slowking\n|-status|p1b: Slowking|slp|[from] move: Sleep Powder\n|move|p2a: Charizard|Heat Wave|p1a: Tsareena|[spread] p1b\n|-activate|p1a: Tsareena|move: Protect\n|-damage|p1b: Slowking|46/100 slp\n|cant|p1b: Slowking|slp\n|\n|-weather|SunnyDay|[upkeep]\n|-heal|p1b: Slowking|52/100 slp|[from] item: Leftovers\n|upkeep\n|turn|2\n|\n|t:|1788222492\n|-heal|p1b: Slowking|85/100 slp|[from] ability: Regenerator|[silent]\n|switch|p1b: Primarina|Primarina, L50, M|100/100\n|move|p2b: Vileplume|Sludge Bomb|p1a: Tsareena\n|-supereffective|p1a: Tsareena|1\n|-damage|p1a: Tsareena|12/100\n|-status|p1a: Tsareena|psn\n|move|p2a: Charizard|Weather Ball|p1b: Primarina\n|-resisted|p1b: Primarina|1\n|-damage|p1b: Primarina|60/100\n|move|p1a: Tsareena|Triple Axel|p2b: Vileplume\n|-supereffective|p2b: Vileplume|1\n|-enditem|p2b: Vileplume|Yache Berry|[eat]\n|-enditem|p2b: Vileplume|Yache Berry|[weaken]\n|-damage|p2b: Vileplume|91/100\n|-supereffective|p2b: Vileplume|1\n|-damage|p2b: Vileplume|57/100\n|-supereffective|p2b: Vileplume|1\n|-damage|p2b: Vileplume|6/100\n|-hitcount|p2b: Vileplume|3\n|\n|-weather|SunnyDay|[upkeep]\n|-damage|p1a: Tsareena|1/100 psn|[from] psn\n|upkeep\n|turn|3\n|\n|t:|1788222540\n|move|p2b: Vileplume|Sludge Bomb|p1b: Primarina\n|-supereffective|p1b: Primarina|1\n|-damage|p1b: Primarina|0 fnt\n|faint|p1b: Primarina\n|move|p2a: Charizard|Weather Ball|p1a: Tsareena\n|-supereffective|p1a: Tsareena|1\n|-damage|p1a: Tsareena|0 fnt\n|faint|p1a: Tsareena\n|\n|-weather|SunnyDay|[upkeep]\n|upkeep\n|\n|t:|1788222549\n|switch|p1a: Crabominable|Crabominable, L50, M, shiny|100/100\n|switch|p1b: Slowking|Slowking-Galar, L50, M|85/100 slp\n|turn|4\n|\n|t:|1788222561\n|detailschange|p1a: Crabominable|Crabominable-Mega, L50, M, shiny\n|-mega|p1a: Crabominable|Crabominable|Crabominite\n|move|p1a: Crabominable|Mach Punch|p2b: Vileplume\n|-resisted|p2b: Vileplume|1\n|-damage|p2b: Vileplume|0 fnt\n|faint|p2b: Vileplume\n|move|p2a: Charizard|Weather Ball|p1a: Crabominable\n|-supereffective|p1a: Crabominable|1\n|-damage|p1a: Crabominable|0 fnt\n|faint|p1a: Crabominable\n|cant|p1b: Slowking|slp\n|\n|-weather|SunnyDay|[upkeep]\n|-heal|p1b: Slowking|91/100 slp|[from] item: Leftovers\n|upkeep\n|\n|t:|1788222566\n|switch|p2b: Scrafty|Scrafty, L50, F|100/100\n|-ability|p2b: Scrafty|Intimidate|boost\n|-unboost|p1b: Slowking|atk|1\n|turn|5\n|c|☆Philly Turtles|gg\n|\n|t:|1788222576\n|move|p2b: Scrafty|Fake Out|p1b: Slowking\n|-damage|p1b: Slowking|83/100 slp\n|move|p2a: Charizard|Weather Ball|p1b: Slowking\n|-damage|p1b: Slowking|7/100 slp\n|-curestatus|p1b: Slowking|slp|[msg]\n|cant|p1b: Slowking|flinch\n|\n|-weather|none\n|-heal|p1b: Slowking|13/100|[from] item: Leftovers\n|upkeep\n|turn|6\n|c|☆Fayz Sharpie|gg\n|\n|t:|1788222595\n|move|p2a: Charizard|Scorching Sands|p1b: Slowking\n|-supereffective|p1b: Slowking|1\n|-crit|p1b: Slowking\n|-damage|p1b: Slowking|0 fnt\n|faint|p1b: Slowking\n|\n|win|Fayz Sharpie\n||Philly Turtles is ready for game 2.\n||Fayz Sharpie is ready for game 2.\n|uhtml|next|Next: <a href=\"/battle-gen9championsvgc2026regmbbo3-2673621382\"><strong>Game 2 of 3</strong></a>\n|l|☆Philly Turtles\n|player|p1|\n","uploadtime":1788222772,"views":"9","formatid":"gen9championsvgc2026regmbbo3","rating":null,"private":0,"password":null}