{"id":"gen9championsvgc2026regmb-2674725954","format":"[Gen 9 Champions] VGC 2026 Reg M-B","players":["lalapikls","MacheteMcGoo"],"log":"|j|☆lalapikls\n|j|☆MacheteMcGoo\n|t:|1788396551\n|gametype|doubles\n|player|p1|lalapikls|266|\n|player|p2|MacheteMcGoo|gwynn|\n|gen|9\n|tier|[Gen 9 Champions] VGC 2026 Reg M-B\n|rule|Species Clause: Limit one of each Pokémon\n|rule|Item Clause: Limit 1 of each item\n|clearpoke\n|poke|p1|Floette-Eternal, L50, F|\n|poke|p1|Basculegion, L50, M|\n|poke|p1|Kingambit, L50, M|\n|poke|p1|Dragonite, L50, M|\n|poke|p1|Garchomp, L50, F, shiny|\n|poke|p1|Sneasler, L50, M|\n|poke|p2|Garchomp, L50, M|\n|poke|p2|Scovillain, L50, F|\n|poke|p2|Pelipper, L50, F|\n|poke|p2|Basculegion, L50, M|\n|poke|p2|Incineroar, L50, F|\n|poke|p2|Archaludon, L50, M|\n|teampreview|4\n|c|☆MacheteMcGoo|bo3\nlalapikls has agreed to open team sheets.\nMacheteMcGoo has agreed to open team sheets.\n|showteam|p1|Floette-Eternal||Floettite|FlowerVeil|Moonblast,DazzlingGleam,LightofRuin,Protect|Timid||F|||50|]Basculegion||LifeOrb|Adaptability|WaveCrash,AquaJet,LastRespects,Protect|Adamant||M|||50|]Kingambit||ChopleBerry|Defiant|SuckerPunch,LowKick,KowtowCleave,IronHead|Adamant||M|||50|]Dragonite||Dragoninite|Multiscale|DragonPulse,ExtremeSpeed,HeatWave,Protect|Modest||M|||50|]Garchomp||ChoiceScarf|RoughSkin|DragonClaw,Earthquake,StompingTantrum,RockSlide|Adamant||F|||50|]Sneasler||FocusSash|PoisonTouch|CloseCombat,FakeOut,DireClaw,Feint|Jolly||M|||50|\n|showteam|p2|Garchomp||ChoiceScarf|RoughSkin|Earthquake,RockSlide,PoisonJab,DragonClaw|Adamant||M|||50|]Scovillain||Scovillainite|Moody|RagePowder,Flamethrower,GigaDrain,Protect|Calm||F|||50|]Pelipper||FocusSash|Drizzle|WeatherBall,Hurricane,Tailwind,Protect|Bold||F|||50|]Basculegion||LifeOrb|SwiftSwim|WaveCrash,FlipTurn,LastRespects,Protect|Jolly||M|||50|]Incineroar||Leftovers|Intimidate|FakeOut,PartingShot,DarkestLariat,Protect|Adamant||F|||50|]Archaludon||ChopleBerry|Stamina|ElectroShot,Protect,DragonPulse,FlashCannon|Calm||M|||50|\n|\n|t:|1788396611\n|teamsize|p1|4\n|teamsize|p2|4\n|start\n|switch|p1a: Dragonite|Dragonite, L50, M|100/100\n|switch|p1b: Garchomp|Garchomp, L50, F, shiny|100/100\n|switch|p2a: Archaludon|Archaludon, L50, M|100/100\n|switch|p2b: Pelipper|Pelipper, L50, F|100/100\n|-weather|RainDance|[from] ability: Drizzle|[of] p2b: Pelipper\n|turn|1\n|inactive|Battle timer is ON: inactive players will automatically lose when time's up. (requested by lalapikls)\n|inactive|lalapikls has 60 seconds left.\n|\n|t:|1788396649\n|detailschange|p1a: Dragonite|Dragonite-Mega, L50, M\n|-mega|p1a: Dragonite|Dragonite|Dragoninite\n|move|p1a: Dragonite|Protect|p1a: Dragonite\n|-singleturn|p1a: Dragonite|Protect\n|move|p1b: Garchomp|Stomping Tantrum|p2a: Archaludon\n|-supereffective|p2a: Archaludon|1\n|-damage|p2a: Archaludon|35/100\n|-ability|p2a: Archaludon|Stamina|boost\n|-boost|p2a: Archaludon|def|1\n|move|p2a: Archaludon|Dragon Pulse|p1b: Garchomp\n|-supereffective|p1b: Garchomp|1\n|-damage|p1b: Garchomp|0 fnt\n|faint|p1b: Garchomp\n|move|p2b: Pelipper|Tailwind|p2b: Pelipper\n|-sidestart|p2: MacheteMcGoo|move: Tailwind\n|\n|-weather|RainDance|[upkeep]\n|upkeep\n|\n|t:|1788396667\n|switch|p1b: Sneasler|Sneasler, L50, M|100/100\n|turn|2\n|\n|t:|1788396680\n|move|p2a: Archaludon|Protect|p2a: Archaludon\n|-singleturn|p2a: Archaludon|Protect\n|move|p1b: Sneasler|Fake Out|p2a: Archaludon\n|-activate|p2a: Archaludon|move: Protect\n|move|p2b: Pelipper|Hurricane|p1b: Sneasler\n|-supereffective|p1b: Sneasler|1\n|-enditem|p1b: Sneasler|Focus Sash\n|-damage|p1b: Sneasler|1/100\n|move|p1a: Dragonite|Dragon Pulse|p2b: Pelipper\n|-damage|p2b: Pelipper|37/100\n|\n|-weather|RainDance|[upkeep]\n|upkeep\n|turn|3\n|inactive|MacheteMcGoo has 30 seconds left.\n|\n|t:|1788396705\n|switch|p2b: Basculegion|Basculegion, L50, M|100/100\n|move|p2a: Archaludon|Electro Shot||[still]\n|-prepare|p2a: Archaludon|Electro Shot\n|-boost|p2a: Archaludon|spa|1\n|-anim|p2a: Archaludon|Electro Shot|p1b: Sneasler\n|-damage|p1b: Sneasler|0 fnt\n|faint|p1b: Sneasler\n|move|p1a: Dragonite|Dragon Pulse|p2b: Basculegion\n|-damage|p2b: Basculegion|46/100\n|\n|-weather|RainDance|[upkeep]\n|upkeep\n|\n|t:|1788396717\n|switch|p1b: Kingambit|Kingambit, L50, M|100/100\n|turn|4\n|\n|t:|1788396731\n|switch|p2b: Garchomp|Garchomp, L50, M|100/100\n|move|p1a: Dragonite|Protect|p1a: Dragonite\n|-singleturn|p1a: Dragonite|Protect\n|move|p2a: Archaludon|Electro Shot||[still]\n|-prepare|p2a: Archaludon|Electro Shot\n|-boost|p2a: Archaludon|spa|1\n|-anim|p2a: Archaludon|Electro Shot|p1b: Kingambit\n|-crit|p1b: Kingambit\n|-damage|p1b: Kingambit|0 fnt\n|faint|p1b: Kingambit\n|\n|-weather|RainDance|[upkeep]\n|-sideend|p2: MacheteMcGoo|move: Tailwind\n|upkeep\n|turn|5\n|c|☆lalapikls|gg\n|\n|t:|1788396748\n|move|p2b: Garchomp|Rock Slide|p1a: Dragonite\n|-supereffective|p1a: Dragonite|1\n|-damage|p1a: Dragonite|70/100\n|move|p1a: Dragonite|Dragon Pulse|p2b: Garchomp\n|-supereffective|p2b: Garchomp|1\n|-damage|p2b: Garchomp|5/100\n|move|p2a: Archaludon|Dragon Pulse|p1a: Dragonite\n|-supereffective|p1a: Dragonite|1\n|-damage|p1a: Dragonite|0 fnt\n|faint|p1a: Dragonite\n|\n|win|MacheteMcGoo\n|c|☆MacheteMcGoo|ggwp\n","uploadtime":1788396762,"views":"3","formatid":"gen9championsvgc2026regmb","rating":null,"private":0,"password":null}