{"id":"gen9championsvgc2026regmbbo3-2674117303","format":"[Gen 9 Champions] VGC 2026 Reg M-B (Bo3)","players":["kc06195","ohmelia"],"log":"|j|☆kc06195\n|j|☆ohmelia\n|html|<table width=\"100%\"><tr><td align=\"left\">kc06195</td><td align=\"right\">ohmelia</tr><tr><td align=\"left\"><i class=\"fa fa-circle-o\"></i> <i class=\"fa fa-circle-o\"></i> </td><td align=\"right\"><i class=\"fa fa-circle-o\"></i> <i class=\"fa fa-circle\"></i> </tr></table>\n|uhtml|bestof|<h2><strong>Game 2</strong> of <a href=\"/game-bestof3-gen9championsvgc2026regmbbo3-2674114386\">a best-of-3</a></h2>\n|t:|1788301612\n|gametype|doubles\n|player|p1|kc06195|102|1000\n|player|p2|ohmelia|bugcatcher-gen4dp|1141\n|gen|9\n|tier|[Gen 9 Champions] VGC 2026 Reg M-B (Bo3)\n|rated|\n|rule|Species Clause: Limit one of each Pokémon\n|rule|Item Clause: Limit 1 of each item\n|clearpoke\n|poke|p1|Raichu, L50, F|\n|poke|p1|Kommo-o, L50, M|\n|poke|p1|Ninetales-Alola, L50, F|\n|poke|p1|Gengar, L50, M|\n|poke|p1|Volcarona, L50, M|\n|poke|p1|Incineroar, L50, F|\n|poke|p2|Whimsicott, L50, F|\n|poke|p2|Garchomp, L50, M|\n|poke|p2|Charizard, L50, M|\n|poke|p2|Basculegion, L50, M|\n|poke|p2|Kingambit, L50, F|\n|poke|p2|Floette-Eternal, L50, F|\n|teampreview|4\n|showteam|p1|Raichu||RaichuniteX|LightningRod|VoltTackle,VoltSwitch,Protect,FakeOut|Jolly||F|||50|]Kommo-o||HabanBerry|Soundproof|ClangorousSoul,ClangingScales,AuraSphere,Protect|Modest||M|||50|]Ninetales-Alola||ChoiceScarf|SnowWarning|FreezeDry,Moonblast,Blizzard,IcyWind|Timid||F|||50|]Gengar||Gengarite|CursedBody|Substitute,Protect,SludgeBomb,ShadowBall|Modest||M|||50|]Volcarona||SitrusBerry|FlameBody|RagePowder,StruggleBug,Flamethrower,Protect|Bold||M|||50|]Incineroar||PasshoBerry|Intimidate|FlareBlitz,FakeOut,PartingShot,ThroatChop|Adamant||F|||50|\n|showteam|p2|Whimsicott||FocusSash|Prankster|Moonblast,Tailwind,Encore,Protect|Timid||F|||50|]Garchomp||LifeOrb|RoughSkin|DragonClaw,StompingTantrum,RockSlide,Protect|Jolly||M|||50|]Charizard||CharizarditeY|SolarPower|HeatWave,WeatherBall,AncientPower,Protect|Timid||M|||50|]Basculegion||MysticWater|Adaptability|WaveCrash,LastRespects,AquaJet,Protect|Adamant||M|||50|]Kingambit||OccaBerry|Defiant|KowtowCleave,SuckerPunch,LowKick,IronHead|Adamant||F|||50|]Floette-Eternal||Floettite|FlowerVeil|Moonblast,DazzlingGleam,LightofRuin,Protect|Timid||F|||50|\n|\n|t:|1788301648\n|teamsize|p1|4\n|teamsize|p2|4\n|start\n|switch|p1a: Volcarona|Volcarona, L50, M|100/100\n|switch|p1b: Kommo-o|Kommo-o, L50, M|100/100\n|switch|p2a: Garchomp|Garchomp, L50, M|100/100\n|switch|p2b: Charizard|Charizard, L50, M|100/100\n|turn|1\n|\n|t:|1788301679\n|detailschange|p2b: Charizard|Charizard-Mega-Y, L50, M\n|-mega|p2b: Charizard|Charizard|Charizardite Y\n|-weather|SunnyDay|[from] ability: Drought|[of] p2b: Charizard\n|move|p1a: Volcarona|Rage Powder|p1a: Volcarona\n|-singleturn|p1a: Volcarona|move: Rage Powder\n|move|p2a: Garchomp|Dragon Claw|p1a: Volcarona\n|-damage|p1a: Volcarona|51/100\n|-damage|p2a: Garchomp|90/100|[from] item: Life Orb\n|move|p2b: Charizard|Weather Ball|p1a: Volcarona\n|-damage|p1a: Volcarona|0 fnt\n|faint|p1a: Volcarona\n|move|p1b: Kommo-o|Clangorous Soul|p1b: Kommo-o\n|-boost|p1b: Kommo-o|atk|1\n|-boost|p1b: Kommo-o|def|1\n|-boost|p1b: Kommo-o|spa|1\n|-boost|p1b: Kommo-o|spd|1\n|-boost|p1b: Kommo-o|spe|1\n|-damage|p1b: Kommo-o|67/100\n|\n|-weather|SunnyDay|[upkeep]\n|upkeep\n|\n|t:|1788301704\n|switch|p1a: Ninetales|Ninetales-Alola, L50, F|100/100\n|-weather|Snowscape|[from] ability: Snow Warning|[of] p1a: Ninetales\n|turn|2\n|\n|t:|1788301723\n|switch|p2a: Basculegion|Basculegion, L50, M|100/100\n|move|p1a: Ninetales|Blizzard|p2a: Basculegion|[spread] p2a,p2b\n|-resisted|p2a: Basculegion|1\n|-damage|p2a: Basculegion|81/100\n|-damage|p2b: Charizard|73/100\n|-status|p2b: Charizard|frz\n|move|p1b: Kommo-o|Clanging Scales|p2b: Charizard|[spread] p2a,p2b\n|-damage|p2a: Basculegion|21/100\n|-damage|p2b: Charizard|17/100 frz\n|-unboost|p1b: Kommo-o|def|1\n|cant|p2b: Charizard|frz\n|\n|-weather|Snowscape|[upkeep]\n|upkeep\n|turn|3\n|\n|t:|1788301744\n|move|p2a: Basculegion|Protect|p2a: Basculegion\n|-singleturn|p2a: Basculegion|Protect\n|move|p1a: Ninetales|Blizzard|p2a: Basculegion|[spread] p2b\n|-activate|p2a: Basculegion|move: Protect\n|-damage|p2b: Charizard|0 fnt\n|faint|p2b: Charizard\n|move|p1b: Kommo-o|Clanging Scales|p2a: Basculegion\n|-activate|p2a: Basculegion|move: Protect\n|\n|-weather|Snowscape|[upkeep]\n|upkeep\n|\n|t:|1788301751\n|switch|p2b: Whimsicott|Whimsicott, L50, F|100/100\n|turn|4\n|\n|t:|1788301798\n|move|p2b: Whimsicott|Tailwind|p2b: Whimsicott\n|-sidestart|p2: ohmelia|move: Tailwind\n|move|p1a: Ninetales|Blizzard|p2b: Whimsicott|[spread] p2a,p2b\n|-resisted|p2a: Basculegion|1\n|-supereffective|p2b: Whimsicott|1\n|-damage|p2a: Basculegion|3/100\n|-enditem|p2b: Whimsicott|Focus Sash\n|-damage|p2b: Whimsicott|1/100\n|move|p2a: Basculegion|Wave Crash|p1a: Ninetales\n|-damage|p1a: Ninetales|7/100\n|-damage|p2a: Basculegion|0 fnt|[from] Recoil\n|faint|p2a: Basculegion\n|move|p1b: Kommo-o|Aura Sphere|p2b: Whimsicott\n|-resisted|p2b: Whimsicott|1\n|-damage|p2b: Whimsicott|0 fnt\n|faint|p2b: Whimsicott\n|\n|-weather|Snowscape|[upkeep]\n|upkeep\n|\n|t:|1788301801\n|switch|p2b: Garchomp|Garchomp, L50, M|90/100\n|turn|5\n|inactive|Battle timer is ON: inactive players will automatically lose when time's up. (requested by ohmelia)\n|\n|t:|1788301840\n|switch|p1a: Raichu|Raichu, L50, F|100/100\n|move|p1b: Kommo-o|Protect|p1b: Kommo-o\n|-singleturn|p1b: Kommo-o|Protect\n|move|p2b: Garchomp|Rock Slide|p1b: Kommo-o|[spread] p1a\n|-activate|p1b: Kommo-o|move: Protect\n|-damage|p1a: Raichu|52/100\n|-damage|p2b: Garchomp|80/100|[from] item: Life Orb\n|\n|-weather|Snowscape|[upkeep]\n|upkeep\n|turn|6\n|\n|t:|1788301864\n|detailschange|p1a: Raichu|Raichu-Mega-X, L50, F\n|-mega|p1a: Raichu|Raichu|Raichunite X\n|-fieldstart|move: Electric Terrain|[from] ability: Electric Surge|[of] p1a: Raichu\n|move|p1a: Raichu|Fake Out|p2b: Garchomp\n|-damage|p2b: Garchomp|67/100\n|-damage|p1a: Raichu|40/100|[from] ability: Rough Skin|[of] p2b: Garchomp\n|cant|p2b: Garchomp|flinch\n|move|p1b: Kommo-o|Clanging Scales|p2b: Garchomp\n|-supereffective|p2b: Garchomp|1\n|-damage|p2b: Garchomp|0 fnt\n|faint|p2b: Garchomp\n|\n|win|kc06195\n","uploadtime":1788301871,"views":"11","formatid":"gen9championsvgc2026regmbbo3","rating":null,"private":0,"password":null}