{"id":"gen9championsvgc2026regmb-2674982691","format":"[Gen 9 Champions] VGC 2026 Reg M-B","players":["BtC37","mas asido"],"log":"|j|☆BtC37\n|j|☆mas asido\n|t:|1788445077\n|gametype|doubles\n|player|p1|BtC37|ghetsis|1285\n|player|p2|mas asido|giovanni|1209\n|gen|9\n|tier|[Gen 9 Champions] VGC 2026 Reg M-B\n|rated|\n|rule|Species Clause: Limit one of each Pokémon\n|rule|Item Clause: Limit 1 of each item\n|clearpoke\n|poke|p1|Blaziken, L50, M|\n|poke|p1|Venusaur, L50, F|\n|poke|p1|Kingambit, L50, F|\n|poke|p1|Farigiraf, L50, M|\n|poke|p1|Torkoal, L50, F|\n|poke|p1|Primarina, L50, F|\n|poke|p2|Whimsicott, L50, F|\n|poke|p2|Zoroark-Hisui, L50, F|\n|poke|p2|Dragapult, L50, F|\n|poke|p2|Raichu, L50, F|\n|poke|p2|Milotic, L50, F|\n|poke|p2|Delphox, L50, F|\n|teampreview|4\n|inactive|Battle timer is ON: inactive players will automatically lose when time's up. (requested by BtC37)\n|inactive|BtC37 has 60 seconds left.\n|inactive|mas asido has 60 seconds left.\n|inactive|BtC37 has 30 seconds left.\n|\n|t:|1788445146\n|teamsize|p1|4\n|teamsize|p2|4\n|start\n|switch|p1a: Kingambit|Kingambit, L50, F|100/100\n|switch|p1b: Venusaur|Venusaur, L50, F|100/100\n|switch|p2a: Whimsicott|Whimsicott, L50, F|100/100\n|switch|p2b: Milotic|Milotic, L50, F|100/100\n|turn|1\n|\n|t:|1788445165\n|move|p2a: Whimsicott|Flamethrower|p1a: Kingambit\n|-supereffective|p1a: Kingambit|1\n|-damage|p1a: Kingambit|40/100\n|move|p1b: Venusaur|Sleep Powder|p2b: Milotic\n|-status|p2b: Milotic|slp|[from] move: Sleep Powder\n|cant|p2b: Milotic|slp\n|move|p1a: Kingambit|Iron Head|p2a: Whimsicott\n|-damage|p2a: Whimsicott|9/100\n|replace|p2a: Zoroark|Zoroark-Hisui, L50, F\n|-end|p2a: Zoroark|Illusion\n|\n|upkeep\n|turn|2\n|\n|t:|1788445186\n|move|p1a: Kingambit|Sucker Punch|p2a: Zoroark\n|-supereffective|p2a: Zoroark|1\n|-damage|p2a: Zoroark|0 fnt\n|faint|p2a: Zoroark\n|move|p1b: Venusaur|Leaf Storm|p2b: Milotic\n|-supereffective|p2b: Milotic|1\n|-damage|p2b: Milotic|33/100 slp\n|-unboost|p1b: Venusaur|spa|2\n|cant|p2b: Milotic|slp\n|\n|-heal|p2b: Milotic|39/100 slp|[from] item: Leftovers\n|upkeep\n|\n|t:|1788445192\n|switch|p2a: Whimsicott|Whimsicott, L50, F|100/100\n|turn|3\n|\n|t:|1788445208\n|switch|p1b: Farigiraf|Farigiraf, L50, M|100/100\n|-curestatus|p2b: Milotic|slp|[msg]\n|move|p2b: Milotic|Protect|p2b: Milotic\n|-singleturn|p2b: Milotic|Protect\n|move|p2a: Whimsicott|Moonblast|p1a: Kingambit\n|-damage|p1a: Kingambit|6/100\n|move|p1a: Kingambit|Iron Head|p2a: Whimsicott\n|-supereffective|p2a: Whimsicott|1\n|-enditem|p2a: Whimsicott|Focus Sash\n|-damage|p2a: Whimsicott|1/100\n|\n|-heal|p2b: Milotic|45/100|[from] item: Leftovers\n|upkeep\n|turn|4\n|inactive|BtC37 has 30 seconds left.\n|\n|t:|1788445239\n|move|p1a: Kingambit|Sucker Punch|p2b: Milotic\n|-damage|p2b: Milotic|7/100\n|move|p2a: Whimsicott|Moonblast|p1b: Farigiraf\n|-damage|p1b: Farigiraf|67/100\n|move|p2b: Milotic|Scald|p1a: Kingambit\n|-damage|p1a: Kingambit|0 fnt\n|faint|p1a: Kingambit\n|move|p1b: Farigiraf|Trick Room|p1b: Farigiraf\n|-fieldstart|move: Trick Room|[of] p1b: Farigiraf\n|\n|-heal|p2b: Milotic|13/100|[from] item: Leftovers\n|upkeep\n|\n|t:|1788445252\n|switch|p1a: Torkoal|Torkoal, L50, F|100/100\n|-weather|SunnyDay|[from] ability: Drought|[of] p1a: Torkoal\n|turn|5\n|inactive|mas asido has 30 seconds left.\n|l|☆mas asido\n|inactive|mas asido disconnected and has a minute to reconnect!\n|player|p2|\n|inactive|mas asido has 20 seconds left.\n|inactive|mas asido has 15 seconds left.\n|inactive|mas asido has 10 seconds left.\n|inactive|mas asido has 5 seconds left.\n|-message|mas asido lost due to inactivity.\n|\n|win|BtC37\n|raw|BtC37's rating: 1285 &rarr; <strong>1305</strong><br />(+20 for winning)\n|raw|mas asido's rating: 1209 &rarr; <strong>1189</strong><br />(-20 for losing)\n","uploadtime":1788445311,"views":"1","formatid":"gen9championsvgc2026regmb","rating":1189,"private":0,"password":null}