{"id":"gen9championsvgc2026regmbbo3-2673967280","format":"[Gen 9 Champions] VGC 2026 Reg M-B (Bo3)","players":["OccultistApe","Kk1pper1314"],"log":"|j|☆OccultistApe\n|j|☆Kk1pper1314\n|html|<table width=\"100%\"><tr><td align=\"left\">OccultistApe</td><td align=\"right\">Kk1pper1314</tr><tr><td align=\"left\"><i class=\"fa fa-circle\"></i> <i class=\"fa fa-circle-o\"></i> </td><td align=\"right\"><i class=\"fa fa-circle-o\"></i> <i class=\"fa fa-circle\"></i> </tr></table>\n|uhtml|bestof|<h2><strong>Game 3</strong> of <a href=\"/game-bestof3-gen9championsvgc2026regmbbo3-2673964083\">a best-of-3</a></h2>\n|t:|1788282860\n|gametype|doubles\n|player|p1|OccultistApe|ethan|1232\n|player|p2|Kk1pper1314|2|1181\n|gen|9\n|tier|[Gen 9 Champions] VGC 2026 Reg M-B (Bo3)\n|rated|\n|rule|Species Clause: Limit one of each Pokémon\n|rule|Item Clause: Limit 1 of each item\n|clearpoke\n|poke|p1|Tyranitar, L50, F|\n|poke|p1|Excadrill, L50, M|\n|poke|p1|Farigiraf, L50, F|\n|poke|p1|Sinistcha, L50|\n|poke|p1|Sylveon, L50, M|\n|poke|p1|Araquanid, L50, M|\n|poke|p2|Swampert, L50, M|\n|poke|p2|Grimmsnarl, L50, M|\n|poke|p2|Pelipper, L50, F|\n|poke|p2|Archaludon, L50, F|\n|poke|p2|Venusaur, L50, F|\n|poke|p2|Charizard, L50, F|\n|teampreview|4\n|showteam|p1|Tyranitar||Tyranitarite|SandStream|KnockOff,RockSlide,LowKick,Protect|Adamant||F|||50|]Excadrill||FocusSash|SandRush|HighHorsepower,IronHead,RockSlide,Protect|Adamant||M|||50|]Farigiraf||ColburBerry|ArmorTail|TrickRoom,TwinBeam,Thunderbolt,ThunderWave|Calm||F|||50|]Sinistcha||Leftovers|Hospitality|MatchaGotcha,ShadowBall,RagePowder,LifeDew|Modest|||||50|]Sylveon||FairyFeather|Pixilate|HyperVoice,HyperBeam,QuickAttack,Protect|Modest||M|||50|]Araquanid||MysticWater|WaterBubble|Liquidation,LeechLife,WideGuard,Stockpile|Adamant||M|||50|\n|showteam|p2|Swampert||Swampertite|Torrent|WaveCrash,Earthquake,IcePunch,Protect|Adamant||M|||50|]Grimmsnarl||LightClay|Prankster|PartingShot,SpiritBreak,LightScreen,Reflect|Careful||M|||50|]Pelipper||SitrusBerry|Drizzle|Hurricane,Tailwind,WeatherBall,Protect|Modest||F|||50|]Archaludon||Leftovers|Stamina|ElectroShot,FlashCannon,DragonPulse,Protect|Calm||F|||50|]Venusaur||FocusSash|Chlorophyll|LeafStorm,SludgeBomb,SleepPowder,Protect|Timid||F|||50|]Charizard||CharizarditeY|Blaze|HeatWave,WeatherBall,SolarBeam,Protect|Modest||F|||50|\n|inactive|Battle timer is ON: inactive players will automatically lose when time's up. (requested by Kk1pper1314)\n|inactive|OccultistApe has 60 seconds left.\n|inactive|Kk1pper1314 has 60 seconds left.\n|\n|t:|1788282910\n|teamsize|p1|4\n|teamsize|p2|4\n|start\n|switch|p1a: Excadrill|Excadrill, L50, M|100/100\n|switch|p1b: Tyranitar|Tyranitar, L50, F|100/100\n|switch|p2a: Venusaur|Venusaur, L50, F|100/100\n|switch|p2b: Charizard|Charizard, L50, F|100/100\n|-weather|Sandstorm|[from] ability: Sand Stream|[of] p1b: Tyranitar\n|turn|1\n|\n|t:|1788282932\n|detailschange|p1b: Tyranitar|Tyranitar-Mega, L50, F\n|-mega|p1b: Tyranitar|Tyranitar|Tyranitarite\n|move|p2b: Charizard|Protect|p2b: Charizard\n|-singleturn|p2b: Charizard|Protect\n|move|p1a: Excadrill|High Horsepower|p2a: Venusaur\n|-damage|p2a: Venusaur|30/100\n|move|p2a: Venusaur|Sleep Powder|p1a: Excadrill\n|-status|p1a: Excadrill|slp|[from] move: Sleep Powder\n|move|p1b: Tyranitar|Rock Slide|p2b: Charizard|[spread] p2a\n|-activate|p2b: Charizard|move: Protect\n|-damage|p2a: Venusaur|0 fnt\n|faint|p2a: Venusaur\n|\n|-weather|Sandstorm|[upkeep]\n|-damage|p2b: Charizard|94/100|[from] Sandstorm\n|upkeep\n|\n|t:|1788282946\n|switch|p2a: Pelipper|Pelipper, L50, F|100/100\n|-weather|RainDance|[from] ability: Drizzle|[of] p2a: Pelipper\n|turn|2\n|\n|t:|1788282961\n|switch|p1b: Farigiraf|Farigiraf, L50, F|100/100\n|cant|p1a: Excadrill|slp\n|move|p2b: Charizard|Weather Ball|p1b: Farigiraf\n|-damage|p1b: Farigiraf|64/100\n|move|p2a: Pelipper|Weather Ball|p1b: Farigiraf\n|-damage|p1b: Farigiraf|17/100\n|\n|-weather|RainDance|[upkeep]\n|upkeep\n|turn|3\n|\n|t:|1788282977\n|detailschange|p2b: Charizard|Charizard-Mega-Y, L50, F\n|-mega|p2b: Charizard|Charizard|Charizardite Y\n|-weather|SunnyDay|[from] ability: Drought|[of] p2b: Charizard\n|-curestatus|p1a: Excadrill|slp|[msg]\n|move|p1a: Excadrill|Protect|p1a: Excadrill\n|-singleturn|p1a: Excadrill|Protect\n|move|p2b: Charizard|Heat Wave|p1b: Farigiraf|[spread] p1b\n|-activate|p1a: Excadrill|move: Protect\n|-damage|p1b: Farigiraf|0 fnt\n|faint|p1b: Farigiraf\n|move|p2a: Pelipper|Tailwind|p2a: Pelipper\n|-sidestart|p2: Kk1pper1314|move: Tailwind\n|\n|-weather|SunnyDay|[upkeep]\n|upkeep\n|\n|t:|1788282989\n|switch|p1b: Tyranitar|Tyranitar-Mega, L50, F|100/100\n|-weather|Sandstorm|[from] ability: Sand Stream|[of] p1b: Tyranitar\n|turn|4\n|\n|t:|1788282999\n|switch|p2a: Archaludon|Archaludon, L50, F|100/100\n|move|p2b: Charizard|Protect|p2b: Charizard\n|-singleturn|p2b: Charizard|Protect\n|move|p1a: Excadrill|Rock Slide|p2b: Charizard|[spread] p2a\n|-activate|p2b: Charizard|move: Protect\n|-resisted|p2a: Archaludon|1\n|-damage|p2a: Archaludon|92/100\n|-ability|p2a: Archaludon|Stamina|boost\n|-boost|p2a: Archaludon|def|1\n|move|p1b: Tyranitar|Rock Slide|p2a: Archaludon|[spread] p2a\n|-activate|p2b: Charizard|move: Protect\n|-resisted|p2a: Archaludon|1\n|-damage|p2a: Archaludon|82/100\n|-ability|p2a: Archaludon|Stamina|boost\n|-boost|p2a: Archaludon|def|1\n|\n|-weather|Sandstorm|[upkeep]\n|-damage|p2b: Charizard|88/100|[from] Sandstorm\n|-heal|p2a: Archaludon|89/100|[from] item: Leftovers\n|upkeep\n|turn|5\n|\n|t:|1788283013\n|switch|p2b: Pelipper|Pelipper, L50, F|100/100\n|-weather|RainDance|[from] ability: Drizzle|[of] p2b: Pelipper\n|move|p2a: Archaludon|Electro Shot||[still]\n|-prepare|p2a: Archaludon|Electro Shot\n|-boost|p2a: Archaludon|spa|1\n|-anim|p2a: Archaludon|Electro Shot|p1b: Tyranitar\n|-damage|p1b: Tyranitar|59/100\n|move|p1a: Excadrill|High Horsepower|p2a: Archaludon\n|-supereffective|p2a: Archaludon|1\n|-damage|p2a: Archaludon|50/100g\n|-ability|p2a: Archaludon|Stamina|boost\n|-boost|p2a: Archaludon|def|1\n|move|p1b: Tyranitar|Rock Slide|p2a: Archaludon|[spread] p2a,p2b\n|-resisted|p2a: Archaludon|1\n|-supereffective|p2b: Pelipper|1\n|-damage|p2a: Archaludon|45/100\n|-damage|p2b: Pelipper|13/100\n|-ability|p2a: Archaludon|Stamina|boost\n|-boost|p2a: Archaludon|def|1\n|-enditem|p2b: Pelipper|Sitrus Berry|[eat]\n|-heal|p2b: Pelipper|37/100|[from] item: Sitrus Berry\n|\n|-weather|RainDance|[upkeep]\n|-heal|p2a: Archaludon|52/100|[from] item: Leftovers\n|upkeep\n|turn|6\n|\n|t:|1788283035\n|switch|p1b: Sylveon|Sylveon, L50, M|100/100\n|move|p2a: Archaludon|Flash Cannon|p1b: Sylveon\n|-supereffective|p1b: Sylveon|1\n|-damage|p1b: Sylveon|24/100\n|move|p2b: Pelipper|Weather Ball|p1a: Excadrill\n|-supereffective|p1a: Excadrill|1\n|-enditem|p1a: Excadrill|Focus Sash\n|-damage|p1a: Excadrill|1/100\n|move|p1a: Excadrill|Rock Slide|p2a: Archaludon|[spread] p2a,p2b\n|-resisted|p2a: Archaludon|1\n|-supereffective|p2b: Pelipper|1\n|-damage|p2a: Archaludon|48/100\n|-damage|p2b: Pelipper|0 fnt\n|-ability|p2a: Archaludon|Stamina|boost\n|-boost|p2a: Archaludon|def|1\n|faint|p2b: Pelipper\n|\n|-weather|RainDance|[upkeep]\n|-heal|p2a: Archaludon|55/100|[from] item: Leftovers\n|-sideend|p2: Kk1pper1314|move: Tailwind\n|upkeep\n|\n|t:|1788283046\n|switch|p2b: Charizard|Charizard-Mega-Y, L50, F|88/100\n|-weather|SunnyDay|[from] ability: Drought|[of] p2b: Charizard\n|turn|7\n|\n|t:|1788283071\n|move|p1a: Excadrill|Rock Slide|p2b: Charizard|[spread] p2a,p2b\n|-resisted|p2a: Archaludon|1\n|-supereffective|p2b: Charizard|2\n|-damage|p2a: Archaludon|53/100\n|-damage|p2b: Charizard|0 fnt\n|-ability|p2a: Archaludon|Stamina|boost\n|-boost|p2a: Archaludon|def|1\n|faint|p2b: Charizard\n|move|p2a: Archaludon|Flash Cannon|p1b: Sylveon\n|-supereffective|p1b: Sylveon|1\n|-damage|p1b: Sylveon|0 fnt\n|faint|p1b: Sylveon\n|\n|-weather|SunnyDay|[upkeep]\n|-heal|p2a: Archaludon|59/100|[from] item: Leftovers\n|upkeep\n|\n|t:|1788283080\n|switch|p1b: Tyranitar|Tyranitar-Mega, L50, F|59/100\n|-weather|Sandstorm|[from] ability: Sand Stream|[of] p1b: Tyranitar\n|turn|8\n|inactive|Kk1pper1314 has 30 seconds left.\n|\n|t:|1788283108\n|move|p2a: Archaludon|Protect|p2a: Archaludon\n|-singleturn|p2a: Archaludon|Protect\n|move|p1a: Excadrill|High Horsepower|p2a: Archaludon\n|-activate|p2a: Archaludon|move: Protect\n|move|p1b: Tyranitar|Knock Off|p2a: Archaludon\n|-activate|p2a: Archaludon|move: Protect\n|\n|-weather|Sandstorm|[upkeep]\n|-heal|p2a: Archaludon|65/100|[from] item: Leftovers\n|upkeep\n|turn|9\n|\n|t:|1788283119\n|move|p1a: Excadrill|High Horsepower|p2a: Archaludon\n|-supereffective|p2a: Archaludon|1\n|-damage|p2a: Archaludon|43/100\n|move|p2a: Archaludon|Flash Cannon|p1a: Excadrill\n|-resisted|p1a: Excadrill|1\n|-damage|p1a: Excadrill|0 fnt\n|faint|p1a: Excadrill\n|move|p1b: Tyranitar|Knock Off|p2a: Archaludon\n|-damage|p2a: Archaludon|32/100\n|-enditem|p2a: Archaludon|Leftovers|[from] move: Knock Off|[of] p1b: Tyranitar\n|\n|-weather|Sandstorm|[upkeep]\n|upkeep\n|turn|10\n|\n|t:|1788283127\n|move|p2a: Archaludon|Protect|p2a: Archaludon\n|-singleturn|p2a: Archaludon|Protect\n|move|p1b: Tyranitar|Knock Off|p2a: Archaludon\n|-activate|p2a: Archaludon|move: Protect\n|\n|-weather|Sandstorm|[upkeep]\n|upkeep\n|turn|11\n|\n|t:|1788283129\n|move|p2a: Archaludon|Flash Cannon|p1b: Tyranitar\n|-supereffective|p1b: Tyranitar|1\n|-damage|p1b: Tyranitar|12/100\n|move|p1b: Tyranitar|Knock Off|p2a: Archaludon\n|-damage|p2a: Archaludon|23/100\n|\n|-weather|Sandstorm|[upkeep]\n|upkeep\n|turn|12\n|n|!OccultistApe|occultistape\n|-message|OccultistApe forfeited.\n|\n|win|Kk1pper1314\n","uploadtime":1788283138,"views":"0","formatid":"gen9championsvgc2026regmbbo3","rating":null,"private":0,"password":null}