{"id":"gen9championsvgc2026regmbbo3-2673654516","format":"[Gen 9 Champions] VGC 2026 Reg M-B (Bo3)","players":["bernardomgj","longbloom"],"log":"|j|☆bernardomgj\n|j|☆longbloom\n|html|<table width=\"100%\"><tr><td align=\"left\">bernardomgj</td><td align=\"right\">longbloom</tr><tr><td align=\"left\"><i class=\"fa fa-circle\"></i> <i class=\"fa fa-circle-o\"></i> </td><td align=\"right\"><i class=\"fa fa-circle-o\"></i> <i class=\"fa fa-circle-o\"></i> </tr></table>\n|uhtml|bestof|<h2><strong>Game 2</strong> of <a href=\"/game-bestof3-gen9championsvgc2026regmbbo3-2673652509\">a best-of-3</a></h2>\n|t:|1788227817\n|gametype|doubles\n|player|p1|bernardomgj|169|1034\n|player|p2|longbloom|sabrina|1121\n|gen|9\n|tier|[Gen 9 Champions] VGC 2026 Reg M-B (Bo3)\n|rated|\n|rule|Species Clause: Limit one of each Pokémon\n|rule|Item Clause: Limit 1 of each item\n|clearpoke\n|poke|p1|Gallade, L50, M, shiny|\n|poke|p1|Maushold, L50|\n|poke|p1|Raichu, L50, F|\n|poke|p1|Weavile, L50, F|\n|poke|p1|Empoleon, L50, M, shiny|\n|poke|p1|Grimmsnarl, L50, M, shiny|\n|poke|p2|Whimsicott, L50, M|\n|poke|p2|Charizard, L50, M|\n|poke|p2|Garchomp, L50, F|\n|poke|p2|Floette-Eternal, L50, F|\n|poke|p2|Basculegion, L50, M|\n|poke|p2|Kingambit, L50, M|\n|teampreview|4\n|showteam|p1|Gallade||Galladite|Justified|DrainPunch,RockSlide,ShadowSneak,Protect|Jolly||M|||50|]Maushold||FocusSash|FriendGuard|BeatUp,FollowMe,SuperFang,Protect|Bold|||||50|]Raichu||RaichuniteY|LightningRod|FocusBlast,ZapCannon,Feint,FakeOut|Timid||F|||50|]Weavile||WideLens|Pressure|TripleAxel,KnockOff,FakeOut,LowKick|Jolly||F|||50|]Empoleon||Leftovers|Competitive|HydroPump,FlashCannon,IceBeam,Protect|Bold||M|||50|]Grimmsnarl||LightClay|Prankster|SpiritBreak,LightScreen,Reflect,PartingShot|Careful||M|||50|\n|showteam|p2|Whimsicott||FocusSash|Prankster|Moonblast,Tailwind,Encore,Protect|Timid||M|||50|]Charizard||CharizarditeY|Blaze|HeatWave,WeatherBall,SolarBeam,Protect|Modest||M|||50|]Garchomp||LifeOrb|RoughSkin|DragonClaw,StompingTantrum,RockSlide,Earthquake|Jolly||F|||50|]Floette-Eternal||Floettite|FlowerVeil|Moonblast,DazzlingGleam,LightofRuin,Protect|Timid||F|||50|]Basculegion||MysticWater|Adaptability|WaveCrash,AquaJet,LastRespects,Protect|Adamant||M|||50|]Kingambit||BlackGlasses|Defiant|SuckerPunch,KowtowCleave,IronHead,Protect|Adamant||M|||50|\n|\n|t:|1788227838\n|teamsize|p1|4\n|teamsize|p2|4\n|start\n|switch|p1a: Empoleon|Empoleon, L50, M, shiny|100/100\n|switch|p1b: Maushold|Maushold, L50|100/100\n|switch|p2a: Charizard|Charizard, L50, M|100/100\n|switch|p2b: Whimsicott|Whimsicott, L50, M|100/100\n|turn|1\n|\n|t:|1788227862\n|detailschange|p2a: Charizard|Charizard-Mega-Y, L50, M\n|-mega|p2a: Charizard|Charizard|Charizardite Y\n|-weather|SunnyDay|[from] ability: Drought|[of] p2a: Charizard\n|move|p2b: Whimsicott|Tailwind|p2b: Whimsicott\n|-sidestart|p2: longbloom|move: Tailwind\n|move|p2a: Charizard|Weather Ball|p1a: Empoleon\n|-damage|p1a: Empoleon|42/100\n|move|p1b: Maushold|Super Fang|p2b: Whimsicott\n|-damage|p2b: Whimsicott|50/100g\n|move|p1a: Empoleon|Hydro Pump|p2a: Charizard|[miss]\n|-miss|p1a: Empoleon|p2a: Charizard\n|\n|-weather|SunnyDay|[upkeep]\n|-heal|p1a: Empoleon|48/100|[from] item: Leftovers\n|upkeep\n|turn|2\n|\n|t:|1788227898\n|switch|p1b: Grimmsnarl|Grimmsnarl, L50, M, shiny|100/100\n|move|p2a: Charizard|Protect|p2a: Charizard\n|-singleturn|p2a: Charizard|Protect\n|move|p2b: Whimsicott|Encore|p1b: Grimmsnarl\n|-hint|Since gen 7, Dark is immune to Prankster moves.\n|-immune|p1b: Grimmsnarl\n|move|p1a: Empoleon|Hydro Pump|p2a: Charizard\n|-activate|p2a: Charizard|move: Protect\n|\n|-weather|SunnyDay|[upkeep]\n|-heal|p1a: Empoleon|53/100|[from] item: Leftovers\n|upkeep\n|turn|3\n|\n|t:|1788227915\n|switch|p2a: Basculegion|Basculegion, L50, M|100/100\n|move|p1b: Grimmsnarl|Light Screen|p1b: Grimmsnarl\n|-sidestart|p1: bernardomgj|move: Light Screen\n|move|p2b: Whimsicott|Moonblast|p1b: Grimmsnarl\n|-supereffective|p1b: Grimmsnarl|1\n|-crit|p1b: Grimmsnarl\n|-damage|p1b: Grimmsnarl|1/100\n|move|p1a: Empoleon|Flash Cannon|p2b: Whimsicott\n|-supereffective|p2b: Whimsicott|1\n|-damage|p2b: Whimsicott|0 fnt\n|faint|p2b: Whimsicott\n|\n|-weather|SunnyDay|[upkeep]\n|-heal|p1a: Empoleon|59/100|[from] item: Leftovers\n|upkeep\n|\n|t:|1788227928\n|switch|p2b: Kingambit|Kingambit, L50, M|100/100\n|turn|4\n|\n|t:|1788227942\n|move|p2a: Basculegion|Aqua Jet|p1b: Grimmsnarl\n|-damage|p1b: Grimmsnarl|0 fnt\n|faint|p1b: Grimmsnarl\n|move|p2b: Kingambit|Kowtow Cleave|p1a: Empoleon\n|-damage|p1a: Empoleon|10/100\n|move|p1a: Empoleon|Ice Beam|p2b: Kingambit\n|-resisted|p2b: Kingambit|1\n|-damage|p2b: Kingambit|88/100\n|\n|-weather|SunnyDay|[upkeep]\n|-heal|p1a: Empoleon|16/100|[from] item: Leftovers\n|-sideend|p2: longbloom|move: Tailwind\n|upkeep\n|\n|t:|1788227953\n|switch|p1b: Maushold|Maushold, L50|100/100\n|turn|5\n|\n|t:|1788227975\n|switch|p1a: Gallade|Gallade, L50, M, shiny|100/100\n|move|p2b: Kingambit|Sucker Punch||[still]\n|-fail|p2b: Kingambit\n|move|p1b: Maushold|Beat Up|p1a: Gallade\n|-damage|p1a: Gallade|96/100\n|-ability|p1a: Gallade|Justified|boost\n|-boost|p1a: Gallade|atk|1\n|-damage|p1a: Gallade|94/100\n|-ability|p1a: Gallade|Justified|boost\n|-boost|p1a: Gallade|atk|1\n|-damage|p1a: Gallade|92/100\n|-ability|p1a: Gallade|Justified|boost\n|-boost|p1a: Gallade|atk|1\n|-hitcount|p1a: Gallade|3\n|move|p2a: Basculegion|Wave Crash|p1b: Maushold\n|-damage|p1b: Maushold|55/100\n|-damage|p2a: Basculegion|87/100|[from] Recoil\n|\n|-weather|none\n|upkeep\n|turn|6\n|\n|t:|1788228013\n|detailschange|p1a: Gallade|Gallade-Mega, L50, M, shiny\n|-mega|p1a: Gallade|Gallade|Galladite\n|move|p1b: Maushold|Follow Me|p1b: Maushold\n|-singleturn|p1b: Maushold|move: Follow Me\n|move|p1a: Gallade|Shadow Sneak|p2a: Basculegion\n|-supereffective|p2a: Basculegion|1\n|-damage|p2a: Basculegion|0 fnt\n|faint|p2a: Basculegion\n|move|p2b: Kingambit|Kowtow Cleave|p1b: Maushold\n|-damage|p1b: Maushold|0 fnt\n|faint|p1b: Maushold\n|\n|upkeep\n|\n|t:|1788228023\n|switch|p1b: Empoleon|Empoleon, L50, M, shiny|16/100\n|switch|p2a: Charizard|Charizard-Mega-Y, L50, M|100/100\n|-weather|SunnyDay|[from] ability: Drought|[of] p2a: Charizard\n|turn|7\n|\n|t:|1788228046\n|move|p1b: Empoleon|Protect|p1b: Empoleon\n|-singleturn|p1b: Empoleon|Protect\n|move|p1a: Gallade|Rock Slide|p2b: Kingambit|[spread] p2a,p2b\n|-supereffective|p2a: Charizard|2\n|-resisted|p2b: Kingambit|1\n|-damage|p2a: Charizard|0 fnt\n|-damage|p2b: Kingambit|66/100\n|faint|p2a: Charizard\n|move|p2b: Kingambit|Kowtow Cleave|p1a: Gallade\n|-damage|p1a: Gallade|32/100\n|\n|-weather|SunnyDay|[upkeep]\n|-heal|p1b: Empoleon|22/100|[from] item: Leftovers\n|upkeep\n|turn|8\n|c|☆longbloom|ur bald\n|-message|longbloom forfeited.\n|\n|win|bernardomgj\n|raw|bernardomgj's rating: 1034 &rarr; <strong>1077</strong><br />(+43 for winning)\n|raw|longbloom's rating: 1121 &rarr; <strong>1090</strong><br />(-31 for losing)\n|l|☆longbloom\n|player|p2|\n","uploadtime":1788228069,"views":"0","formatid":"gen9championsvgc2026regmbbo3","rating":1077,"private":0,"password":null}