{"id":"gen9championsvgc2026regmb-2673937591","format":"[Gen 9 Champions] VGC 2026 Reg M-B","players":["perishnerd","Adroxido"],"log":"|j|☆perishnerd\n|j|☆Adroxido\n|t:|1788279355\n|gametype|doubles\n|player|p1|perishnerd|265|1001\n|player|p2|Adroxido|101|1043\n|gen|9\n|tier|[Gen 9 Champions] VGC 2026 Reg M-B\n|rated|\n|rule|Species Clause: Limit one of each Pokémon\n|rule|Item Clause: Limit 1 of each item\n|clearpoke\n|poke|p1|Meganium, L50, M|\n|poke|p1|Meowscarada, L50, M|\n|poke|p1|Palafin, L50, F|\n|poke|p1|Politoed, L50, F|\n|poke|p1|Gengar, L50, M|\n|poke|p1|Sinistcha, L50|\n|poke|p2|Raichu, L50, M|\n|poke|p2|Sneasler, L50, M|\n|poke|p2|Aerodactyl, L50, M|\n|poke|p2|Sylveon, L50, M|\n|poke|p2|Kingambit, L50, M, shiny|\n|poke|p2|Basculegion, L50, M|\n|teampreview|4\n|inactive|Battle timer is ON: inactive players will automatically lose when time's up. (requested by perishnerd)\n|\n|t:|1788279386\n|teamsize|p1|4\n|teamsize|p2|4\n|start\n|switch|p1a: Gengar|Gengar, L50, M|100/100\n|switch|p1b: Meowscarada|Meowscarada, L50, M|100/100\n|switch|p2a: Sneasler|Sneasler, L50, M|100/100\n|switch|p2b: Kingambit|Kingambit, L50, M, shiny|100/100\n|turn|1\n|\n|t:|1788279402\n|move|p1a: Gengar|Protect|p1a: Gengar\n|-singleturn|p1a: Gengar|Protect\n|move|p2a: Sneasler|Fake Out|p1b: Meowscarada\n|-damage|p1b: Meowscarada|79/100\n|-status|p1b: Meowscarada|psn|[from] ability: Poison Touch|[of] p2a: Sneasler\n|cant|p1b: Meowscarada|flinch\n|move|p2b: Kingambit|Kowtow Cleave|p1a: Gengar\n|-activate|p1a: Gengar|move: Protect\n|\n|-damage|p1b: Meowscarada|67/100 psn|[from] psn\n|upkeep\n|turn|2\n|\n|t:|1788279419\n|detailschange|p1a: Gengar|Gengar-Mega, L50, M\n|-mega|p1a: Gengar|Gengar|Gengarite\n|move|p1b: Meowscarada|Low Kick|p2b: Kingambit\n|-start|p1b: Meowscarada|typechange|Fighting|[from] ability: Protean\n|-supereffective|p2b: Kingambit|2\n|-damage|p2b: Kingambit|0 fnt\n|faint|p2b: Kingambit\n|move|p2a: Sneasler|Dire Claw|p1b: Meowscarada\n|-damage|p1b: Meowscarada|11/100 psn\n|move|p1a: Gengar|Substitute|p1a: Gengar\n|-start|p1a: Gengar|Substitute\n|-damage|p1a: Gengar|75/100\n|\n|-damage|p1b: Meowscarada|0 fnt|[from] psn\n|faint|p1b: Meowscarada\n|upkeep\n|\n|t:|1788279434\n|switch|p1b: Politoed|Politoed, L50, F|100/100\n|switch|p2b: Raichu|Raichu, L50, M|100/100\n|-weather|RainDance|[from] ability: Drizzle|[of] p1b: Politoed\n|turn|3\n|inactive|perishnerd has 30 seconds left.\n|\n|t:|1788279461\n|switch|p1b: Sinistcha|Sinistcha, L50|100/100\n|-heal|p1a: Gengar|100/100|[from] ability: Hospitality|[of] p1b: Sinistcha\n|detailschange|p2b: Raichu|Raichu-Mega-Y, L50, M\n|-mega|p2b: Raichu|Raichu|Raichunite Y\n|move|p2b: Raichu|Zap Cannon|p1b: Sinistcha\n|-resisted|p1b: Sinistcha|1\n|-crit|p1b: Sinistcha\n|-damage|p1b: Sinistcha|48/100\n|-status|p1b: Sinistcha|par\n|move|p2a: Sneasler|Dire Claw|p1a: Gengar\n|-resisted|p1a: Gengar|2\n|-activate|p1a: Gengar|move: Substitute|[damage]\n|move|p1a: Gengar|Perish Song|p1a: Gengar\n|-start|p1a: Gengar|perish3|[silent]\n|-start|p1b: Sinistcha|perish3|[silent]\n|-start|p2a: Sneasler|perish3|[silent]\n|-start|p2b: Raichu|perish3|[silent]\n|-fieldactivate|move: Perish Song\n|\n|-weather|RainDance|[upkeep]\n|-start|p2b: Raichu|perish3\n|-start|p2a: Sneasler|perish3\n|-start|p1a: Gengar|perish3\n|-start|p1b: Sinistcha|perish3\n|upkeep\n|turn|4\n|inactive|Adroxido has 30 seconds left.\n|\n|t:|1788279494\n|move|p1a: Gengar|Protect|p1a: Gengar\n|-singleturn|p1a: Gengar|Protect\n|move|p1b: Sinistcha|Protect|p1b: Sinistcha\n|-singleturn|p1b: Sinistcha|Protect\n|move|p2b: Raichu|Zap Cannon|p1a: Gengar\n|-activate|p1a: Gengar|move: Protect\n|move|p2a: Sneasler|Dire Claw|p1b: Sinistcha\n|-activate|p1b: Sinistcha|move: Protect\n|\n|-weather|RainDance|[upkeep]\n|-start|p2b: Raichu|perish2\n|-start|p2a: Sneasler|perish2\n|-start|p1a: Gengar|perish2\n|-start|p1b: Sinistcha|perish2\n|upkeep\n|turn|5\n|\n|t:|1788279514\n|switch|p1b: Politoed|Politoed, L50, F|100/100\n|move|p2b: Raichu|Zap Cannon|p1a: Gengar\n|-end|p1a: Gengar|Substitute\n|move|p2a: Sneasler|Dire Claw|p1b: Politoed\n|-damage|p1b: Politoed|61/100\n|move|p1a: Gengar|Substitute|p1a: Gengar\n|-start|p1a: Gengar|Substitute\n|-damage|p1a: Gengar|75/100\n|\n|-weather|RainDance|[upkeep]\n|-start|p2b: Raichu|perish1\n|-start|p2a: Sneasler|perish1\n|-start|p1a: Gengar|perish1\n|upkeep\n|turn|6\n|inactive|Adroxido has 30 seconds left.\n|\n|t:|1788279547\n|switch|p1a: Sinistcha|Sinistcha, L50|48/100 par\n|-heal|p1b: Politoed|86/100|[from] ability: Hospitality|[of] p1a: Sinistcha\n|move|p1b: Politoed|Protect|p1b: Politoed\n|-singleturn|p1b: Politoed|Protect\n|move|p2b: Raichu|Zap Cannon|p1b: Politoed\n|-activate|p1b: Politoed|move: Protect\n|move|p2a: Sneasler|Dire Claw|p1a: Sinistcha\n|-damage|p1a: Sinistcha|10/100 par\n|\n|-weather|RainDance|[upkeep]\n|-start|p2b: Raichu|perish0\n|-start|p2a: Sneasler|perish0\n|faint|p2b: Raichu\n|faint|p2a: Sneasler\n|upkeep\n|inactive|Adroxido has 30 seconds left.\n|inactive|Adroxido has 20 seconds left.\n|inactive|Adroxido has 15 seconds left.\n|\n|t:|1788279591\n|switch|p2a: Sylveon|Sylveon, L50, M|100/100\n|turn|7\n|\n|t:|1788279603\n|move|p1a: Sinistcha|Rage Powder|p1a: Sinistcha\n|-singleturn|p1a: Sinistcha|move: Rage Powder\n|move|p2a: Sylveon|Hyper Voice|p1a: Sinistcha|[spread] p1a,p1b\n|-damage|p1a: Sinistcha|0 fnt\n|-damage|p1b: Politoed|45/100\n|faint|p1a: Sinistcha\n|move|p1b: Politoed|Perish Song|p1b: Politoed\n|-start|p1b: Politoed|perish3|[silent]\n|-start|p2a: Sylveon|perish3|[silent]\n|-fieldactivate|move: Perish Song\n|\n|-weather|none\n|-start|p2a: Sylveon|perish3\n|-start|p1b: Politoed|perish3\n|upkeep\n|\n|t:|1788279607\n|switch|p1a: Gengar|Gengar-Mega, L50, M|75/100\n|turn|8\n|\n|t:|1788279621\n|move|p1b: Politoed|Protect|p1b: Politoed\n|-singleturn|p1b: Politoed|Protect\n|move|p1a: Gengar|Substitute|p1a: Gengar\n|-start|p1a: Gengar|Substitute\n|-damage|p1a: Gengar|50/100g\n|move|p2a: Sylveon|Hyper Voice|p1b: Politoed|[spread] p1a\n|-activate|p1b: Politoed|move: Protect\n|-resisted|p1a: Gengar|1\n|-damage|p1a: Gengar|19/100\n|\n|-start|p2a: Sylveon|perish2\n|-start|p1b: Politoed|perish2\n|upkeep\n|turn|9\n|\n|t:|1788279636\n|move|p1a: Gengar|Protect|p1a: Gengar\n|-singleturn|p1a: Gengar|Protect\n|move|p2a: Sylveon|Hyper Voice|p1b: Politoed|[spread] p1b\n|-activate|p1a: Gengar|move: Protect\n|-crit|p1b: Politoed\n|-damage|p1b: Politoed|0 fnt\n|faint|p1b: Politoed\n|\n|-start|p2a: Sylveon|perish1\n|upkeep\n|turn|10\n|\n|t:|1788279648\n|move|p1a: Gengar|Protect||[still]\n|-fail|p1a: Gengar\n|move|p2a: Sylveon|Hyper Beam|p1a: Gengar\n|-resisted|p1a: Gengar|1\n|-end|p1a: Gengar|Substitute\n|-mustrecharge|p2a: Sylveon\n|\n|-start|p2a: Sylveon|perish0\n|faint|p2a: Sylveon\n|\n|win|perishnerd\n|raw|perishnerd's rating: 1001 &rarr; <strong>1046</strong><br />(+45 for winning)\n|raw|Adroxido's rating: 1043 &rarr; <strong>1025</strong><br />(-18 for losing)\n|l|☆perishnerd\n|player|p1|\n","uploadtime":1788279713,"views":"3","formatid":"gen9championsvgc2026regmb","rating":1025,"private":0,"password":null}