{"id":"gen9championsvgc2026regmbbo3-2674089162","format":"[Gen 9 Champions] VGC 2026 Reg M-B (Bo3)","players":["freshveggies2","StollenAF"],"log":"|j|☆freshveggies2\n|j|☆StollenAF\n|html|<table width=\"100%\"><tr><td align=\"left\">freshveggies2</td><td align=\"right\">StollenAF</tr><tr><td align=\"left\"><i class=\"fa fa-circle\"></i> <i class=\"fa fa-circle-o\"></i> </td><td align=\"right\"><i class=\"fa fa-circle-o\"></i> <i class=\"fa fa-circle-o\"></i> </tr></table>\n|uhtml|bestof|<h2><strong>Game 2</strong> of <a href=\"/game-bestof3-gen9championsvgc2026regmbbo3-2674086739\">a best-of-3</a></h2>\n|t:|1788297629\n|gametype|doubles\n|player|p1|freshveggies2|102|\n|player|p2|StollenAF|red|\n|gen|9\n|tier|[Gen 9 Champions] VGC 2026 Reg M-B (Bo3)\n|rule|Species Clause: Limit one of each Pokémon\n|rule|Item Clause: Limit 1 of each item\n|raw|<div class=\"infobox\"><details class=\"readmore\" open><summary><strong>1 custom rule:</strong></summary> !Force Open Team Sheets</details></div>\n|clearpoke\n|poke|p1|Delphox, L50, F|\n|poke|p1|Meowscarada, L50, F|\n|poke|p1|Staraptor, L50, M|\n|poke|p1|Vivillon, L50, F|\n|poke|p1|Goodra-Hisui, L50, F|\n|poke|p1|Diggersby, L50, F|\n|poke|p2|Kingambit, L50, M, shiny|\n|poke|p2|Sneasler, L50, M, shiny|\n|poke|p2|Dragonite, L50, M, shiny|\n|poke|p2|Froslass, L50, F, shiny|\n|poke|p2|Kleavor, L50, M, shiny|\n|poke|p2|Slowking, L50, M, shiny|\n|teampreview|4\n|inactive|Battle timer is ON: inactive players will automatically lose when time's up. (requested by StollenAF)\n|j| Criee\n|inactive|freshveggies2 has 60 seconds left.\n|inactive|freshveggies2 has 30 seconds left.\n|\n|t:|1788297692\n|teamsize|p1|4\n|teamsize|p2|4\n|start\n|switch|p1a: Meowscarada|Meowscarada, L50, F|100/100\n|switch|p1b: Delphox|Delphox, L50, F|100/100\n|switch|p2a: Dragonite|Dragonite, L50, M, shiny|100/100\n|switch|p2b: Slowking|Slowking, L50, M, shiny|100/100\n|turn|1\n|inactive|freshveggies2 has 30 seconds left.\n|inactive|freshveggies2 has 20 seconds left.\n|\n|t:|1788297729\n|detailschange|p1b: Delphox|Delphox-Mega, L50, F\n|-mega|p1b: Delphox|Delphox|Delphoxite\n|detailschange|p2a: Dragonite|Dragonite-Mega, L50, M, shiny\n|-mega|p2a: Dragonite|Dragonite|Dragoninite\n|move|p1a: Meowscarada|Triple Axel|p2a: Dragonite\n|-start|p1a: Meowscarada|typechange|Ice|[from] ability: Protean\n|-supereffective|p2a: Dragonite|2\n|-damage|p2a: Dragonite|76/100\n|-supereffective|p2a: Dragonite|2\n|-damage|p2a: Dragonite|2/100\n|-supereffective|p2a: Dragonite|2\n|-damage|p2a: Dragonite|0 fnt\n|faint|p2a: Dragonite\n|-hitcount|p2: Dragonite|3\n|-damage|p1a: Meowscarada|90/100|[from] item: Life Orb\n|move|p1b: Delphox|Substitute|p1b: Delphox\n|-start|p1b: Delphox|Substitute\n|-damage|p1b: Delphox|75/100\n|move|p2b: Slowking|Surf|p1a: Meowscarada|[spread] p1a,p1b\n|-supereffective|p1b: Delphox|1\n|-end|p1b: Delphox|Substitute\n|-damage|p1a: Meowscarada|50/100g\n|\n|upkeep\n|\n|t:|1788297738\n|switch|p2a: Sneasler|Sneasler, L50, M, shiny|100/100\n|turn|2\n|inactive|freshveggies2 has 30 seconds left.\n|inactive|freshveggies2 has 20 seconds left.\n|inactive|freshveggies2 has 15 seconds left.\n|\n|t:|1788297782\n|switch|p1a: Vivillon|Vivillon, L50, F|100/100\n|move|p1b: Delphox|Protect|p1b: Delphox\n|-singleturn|p1b: Delphox|Protect\n|move|p2a: Sneasler|Close Combat|p1a: Vivillon\n|-resisted|p1a: Vivillon|2\n|-damage|p1a: Vivillon|67/100\n|-unboost|p2a: Sneasler|def|1\n|-unboost|p2a: Sneasler|spd|1\n|-enditem|p2a: Sneasler|White Herb\n|-clearnegativeboost|p2a: Sneasler|[silent]\n|move|p2b: Slowking|Surf|p1b: Delphox|[spread] p2a,p1a\n|-activate|p1b: Delphox|move: Protect\n|-damage|p2a: Sneasler|69/100\n|-damage|p1a: Vivillon|21/100\n|\n|upkeep\n|turn|3\n|inactive|freshveggies2 has 30 seconds left.\n|\n|t:|1788297815\n|move|p2a: Sneasler|Protect|p2a: Sneasler\n|-singleturn|p2a: Sneasler|Protect\n|move|p1b: Delphox|Psyshock|p2a: Sneasler\n|-activate|p2a: Sneasler|move: Protect\n|move|p1a: Vivillon|Sleep Powder|p2b: Slowking\n|-status|p2b: Slowking|slp|[from] move: Sleep Powder\n|cant|p2b: Slowking|slp\n|\n|upkeep\n|turn|4\n|inactive|freshveggies2 has 30 seconds left.\n|\n|t:|1788297841\n|move|p2a: Sneasler|Close Combat|p1a: Vivillon\n|-resisted|p1a: Vivillon|2\n|-damage|p1a: Vivillon|0 fnt\n|-unboost|p2a: Sneasler|def|1\n|-unboost|p2a: Sneasler|spd|1\n|faint|p1a: Vivillon\n|move|p1b: Delphox|Heat Wave|p2b: Slowking|[spread] p2a,p2b\n|-resisted|p2b: Slowking|1\n|-damage|p2a: Sneasler|0 fnt\n|-damage|p2b: Slowking|83/100 slp\n|faint|p2a: Sneasler\n|cant|p2b: Slowking|slp\n|\n|upkeep\n|\n|t:|1788297851\n|switch|p1a: Diggersby|Diggersby, L50, F|100/100\n|switch|p2a: Kingambit|Kingambit, L50, M, shiny|100/100\n|turn|5\n|\n|t:|1788297866\n|move|p1a: Diggersby|Earthquake|p2b: Slowking|[spread] p2a,p2b\n|-immune|p1b: Delphox|[from] ability: Levitate\n|-supereffective|p2a: Kingambit|1\n|-damage|p2a: Kingambit|17/100\n|-damage|p2b: Slowking|40/100 slp\n|move|p1b: Delphox|Heat Wave|p2a: Kingambit|[spread] p2a,p2b\n|-supereffective|p2a: Kingambit|1\n|-resisted|p2b: Slowking|1\n|-damage|p2a: Kingambit|0 fnt\n|-damage|p2b: Slowking|23/100 slp\n|faint|p2a: Kingambit\n|-curestatus|p2b: Slowking|slp|[msg]\n|move|p2b: Slowking|Surf|p1b: Delphox|[spread] p1a,p1b\n|-supereffective|p1a: Diggersby|1\n|-supereffective|p1b: Delphox|1\n|-damage|p1a: Diggersby|29/100\n|-damage|p1b: Delphox|27/100\n|\n|upkeep\n|turn|6\n|\n|t:|1788297875\n|move|p1a: Diggersby|Earthquake|p2b: Slowking|[spread] p2b\n|-immune|p1b: Delphox|[from] ability: Levitate\n|-damage|p2b: Slowking|0 fnt\n|faint|p2b: Slowking\n|\n|win|freshveggies2\n|c|☆freshveggies2|gg\n|c|☆StollenAF|gg\n|l|☆StollenAF\n|player|p2|\n","uploadtime":1788297916,"views":"21","formatid":"gen9championsvgc2026regmbbo3","rating":null,"private":0,"password":null}