{"id":"gen9championsvgc2026regmbbo3-2674924574","format":"[Gen 9 Champions] VGC 2026 Reg M-B (Bo3)","players":["marcio1428","WindyNyt"],"log":"|j|☆marcio1428\n|j|☆WindyNyt\n|html|<table width=\"100%\"><tr><td align=\"left\">marcio1428</td><td align=\"right\">WindyNyt</tr><tr><td align=\"left\"><i class=\"fa fa-circle\"></i> <i class=\"fa fa-circle-o\"></i> </td><td align=\"right\"><i class=\"fa fa-circle-o\"></i> <i class=\"fa fa-circle\"></i> </tr></table>\n|uhtml|bestof|<h2><strong>Game 3</strong> of <a href=\"/game-bestof3-gen9championsvgc2026regmbbo3-2674921133\">a best-of-3</a></h2>\n|t:|1788436839\n|gametype|doubles\n|player|p1|marcio1428|169|1046\n|player|p2|WindyNyt|lucas|1101\n|gen|9\n|tier|[Gen 9 Champions] VGC 2026 Reg M-B (Bo3)\n|rated|\n|rule|Species Clause: Limit one of each Pokémon\n|rule|Item Clause: Limit 1 of each item\n|clearpoke\n|poke|p1|Scrafty, L50, F|\n|poke|p1|Whimsicott, L50, F|\n|poke|p1|Mimikyu, L50, F|\n|poke|p1|Pelipper, L50, M|\n|poke|p1|Staraptor, L50, M|\n|poke|p1|Raichu, L50, F|\n|poke|p2|Kingambit, L50, F|\n|poke|p2|Incineroar, L50, M|\n|poke|p2|Aerodactyl, L50, F|\n|poke|p2|Froslass, L50, F|\n|poke|p2|Garchomp, L50, M|\n|poke|p2|Grimmsnarl, L50, M|\n|teampreview|4\n|showteam|p1|Scrafty||SitrusBerry|Intimidate|KnockOff,DrainPunch,FakeOut,Protect|Jolly||F|||50|]Whimsicott||FairyFeather|Prankster|Moonblast,Charm,Tailwind,Encore|Timid||F|||50|]Mimikyu||LifeOrb|Disguise|PhantomForce,PlayRough,ShadowSneak,TrickRoom|Brave||F|||50|]Pelipper||MysticWater|Drizzle|Hurricane,WeatherBall,WideGuard,Tailwind|Bold||M|||50|]Staraptor||WhiteHerb|Intimidate|BraveBird,CloseCombat,Tailwind,Protect|Jolly||M|||50|]Raichu||FocusSash|LightningRod|Thunderbolt,VoltSwitch,FakeOut,Protect|Timid||F|||50|\n|showteam|p2|Kingambit||LifeOrb|Defiant|SuckerPunch,KowtowCleave,IronHead,LowKick|Adamant||F|||50|]Incineroar||SitrusBerry|Intimidate|FakeOut,CloseCombat,FlareBlitz,PartingShot|Impish||M|||50|]Aerodactyl||FocusSash|Unnerve|RockSlide,DualWingbeat,Tailwind,Taunt|Jolly||F|||50|]Froslass||Froslassite|CursedBody|Blizzard,NastyPlot,ShadowBall,Protect|Modest||F|||50|]Garchomp||ChoiceScarf|RoughSkin|StompingTantrum,DragonClaw,RockSlide,Earthquake|Adamant||M|||50|]Grimmsnarl||LightClay|Prankster|Reflect,LightScreen,PartingShot,SpiritBreak|Impish||M|||50|\n|\n|t:|1788436868\n|teamsize|p1|4\n|teamsize|p2|4\n|start\n|switch|p1a: Mimikyu|Mimikyu, L50, F|100/100\n|switch|p1b: Scrafty|Scrafty, L50, F|100/100\n|switch|p2a: Grimmsnarl|Grimmsnarl, L50, M|100/100\n|switch|p2b: Aerodactyl|Aerodactyl, L50, F|100/100\n|-ability|p2b: Aerodactyl|Unnerve\n|-ability|p1b: Scrafty|Intimidate|boost\n|-unboost|p2a: Grimmsnarl|atk|1\n|-unboost|p2b: Aerodactyl|atk|1\n|turn|1\n|\n|t:|1788436883\n|switch|p2b: Incineroar|Incineroar, L50, M|100/100\n|-ability|p2b: Incineroar|Intimidate|boost\n|-unboost|p1a: Mimikyu|atk|1\n|-unboost|p1b: Scrafty|atk|1\n|move|p1b: Scrafty|Fake Out|p2b: Incineroar\n|-damage|p2b: Incineroar|93/100\n|move|p2a: Grimmsnarl|Spirit Break|p1b: Scrafty\n|-supereffective|p1b: Scrafty|2\n|-damage|p1b: Scrafty|5/100\n|-unboost|p1b: Scrafty|spa|1\n|-enditem|p1b: Scrafty|Sitrus Berry|[eat]\n|-heal|p1b: Scrafty|30/100|[from] item: Sitrus Berry\n|move|p1a: Mimikyu|Trick Room|p1a: Mimikyu\n|-fieldstart|move: Trick Room|[of] p1a: Mimikyu\n|\n|upkeep\n|turn|2\n|\n|t:|1788436914\n|move|p1b: Scrafty|Protect|p1b: Scrafty\n|-singleturn|p1b: Scrafty|Protect\n|move|p2b: Incineroar|Fake Out|p1b: Scrafty\n|-activate|p1b: Scrafty|move: Protect\n|move|p2a: Grimmsnarl|Reflect|p2a: Grimmsnarl\n|-sidestart|p2: WindyNyt|Reflect\n|move|p1a: Mimikyu|Play Rough|p2a: Grimmsnarl\n|-supereffective|p2a: Grimmsnarl|1\n|-damage|p2a: Grimmsnarl|60/100\n|-damage|p1a: Mimikyu|90/100|[from] item: Life Orb\n|\n|upkeep\n|turn|3\n|\n|t:|1788436943\n|switch|p1a: Pelipper|Pelipper, L50, M|100/100\n|-weather|RainDance|[from] ability: Drizzle|[of] p1a: Pelipper\n|switch|p1b: Whimsicott|Whimsicott, L50, F|100/100\n|move|p2a: Grimmsnarl|Parting Shot|p1a: Pelipper\n|-unboost|p1a: Pelipper|atk|1\n|-unboost|p1a: Pelipper|spa|1\n|\n|t:|1788436952\n|switch|p2a: Froslass|Froslass, L50, F|100/100|[from] Parting Shot\n|move|p2b: Incineroar|Flare Blitz|p1b: Whimsicott\n|-supereffective|p1b: Whimsicott|1\n|-damage|p1b: Whimsicott|25/100\n|-damage|p2b: Incineroar|76/100|[from] Recoil\n|\n|-weather|RainDance|[upkeep]\n|upkeep\n|turn|4\n|\n|t:|1788436987\n|switch|p1b: Mimikyu|Mimikyu, L50, F|90/100\n|detailschange|p2a: Froslass|Froslass-Mega, L50, F\n|-mega|p2a: Froslass|Froslass|Froslassite\n|-weather|Snowscape|[from] ability: Snow Warning|[of] p2a: Froslass\n|move|p2b: Incineroar|Parting Shot|p1a: Pelipper\n|-unboost|p1a: Pelipper|atk|1\n|-unboost|p1a: Pelipper|spa|1\n|\n|t:|1788436998\n|switch|p2b: Grimmsnarl|Grimmsnarl, L50, M|60/100|[from] Parting Shot\n|move|p1a: Pelipper|Weather Ball|p2b: Grimmsnarl\n|-damage|p2b: Grimmsnarl|45/100\n|move|p2a: Froslass|Shadow Ball|p1b: Mimikyu\n|-activate|p1b: Mimikyu|ability: Disguise\n|-damage|p1b: Mimikyu|90/100\n|detailschange|p1b: Mimikyu|Mimikyu-Busted, L50, F\n|-damage|p1b: Mimikyu|77/100|[from] pokemon: Mimikyu-Busted\n|\n|-weather|Snowscape|[upkeep]\n|upkeep\n|turn|5\n|\n|t:|1788437021\n|switch|p1a: Scrafty|Scrafty, L50, F|30/100\n|-ability|p1a: Scrafty|Intimidate|boost\n|-unboost|p2a: Froslass|atk|1\n|-unboost|p2b: Grimmsnarl|atk|1\n|move|p2a: Froslass|Protect|p2a: Froslass\n|-singleturn|p2a: Froslass|Protect\n|move|p2b: Grimmsnarl|Parting Shot|p1b: Mimikyu\n|-unboost|p1b: Mimikyu|atk|1\n|-unboost|p1b: Mimikyu|spa|1\n|\n|t:|1788437032\n|switch|p2b: Aerodactyl|Aerodactyl, L50, F|100/100|[from] Parting Shot\n|-ability|p2b: Aerodactyl|Unnerve\n|move|p1b: Mimikyu|Phantom Force||[still]\n|-prepare|p1b: Mimikyu|Phantom Force\n|\n|-weather|Snowscape|[upkeep]\n|-fieldend|move: Trick Room\n|upkeep\n|turn|6\n|\n|t:|1788437053\n|move|p1a: Scrafty|Fake Out|p2b: Aerodactyl\n|-resisted|p2b: Aerodactyl|1\n|-damage|p2b: Aerodactyl|94/100\n|cant|p2b: Aerodactyl|flinch\n|move|p2a: Froslass|Blizzard|p1a: Scrafty|[spread] p1a\n|-miss|p2a: Froslass|p1b: Mimikyu\n|-crit|p1a: Scrafty\n|-damage|p1a: Scrafty|0 fnt\n|faint|p1a: Scrafty\n|move|p1b: Mimikyu|Phantom Force|p2a: Froslass|[from] lockedmove\n|-supereffective|p2a: Froslass|1\n|-damage|p2a: Froslass|52/100\n|-damage|p1b: Mimikyu|67/100|[from] item: Life Orb\n|\n|-weather|Snowscape|[upkeep]\n|upkeep\n|\n|t:|1788437068\n|switch|p1a: Pelipper|Pelipper, L50, M|100/100\n|-weather|RainDance|[from] ability: Drizzle|[of] p1a: Pelipper\n|turn|7\n|\n|t:|1788437085\n|switch|p1b: Whimsicott|Whimsicott, L50, F|25/100\n|move|p2a: Froslass|Protect|p2a: Froslass\n|-singleturn|p2a: Froslass|Protect\n|move|p1a: Pelipper|Wide Guard|p1a: Pelipper\n|-singleturn|p1a: Pelipper|Wide Guard\n|move|p2b: Aerodactyl|Taunt|p1a: Pelipper\n|-start|p1a: Pelipper|move: Taunt\n|\n|-weather|RainDance|[upkeep]\n|upkeep\n|turn|8\n|\n|t:|1788437115\n|switch|p2b: Grimmsnarl|Grimmsnarl, L50, M|45/100\n|switch|p2a: Incineroar|Incineroar, L50, M|76/100\n|-ability|p2a: Incineroar|Intimidate|boost\n|-unboost|p1a: Pelipper|atk|1\n|-unboost|p1b: Whimsicott|atk|1\n|move|p1b: Whimsicott|Tailwind|p1b: Whimsicott\n|-sidestart|p1: marcio1428|move: Tailwind\n|move|p1a: Pelipper|Weather Ball|p2b: Grimmsnarl\n|-damage|p2b: Grimmsnarl|0 fnt\n|faint|p2b: Grimmsnarl\n|\n|-weather|RainDance|[upkeep]\n|upkeep\n|\n|t:|1788437136\n|switch|p2b: Froslass|Froslass-Mega, L50, F|52/100\n|-weather|Snowscape|[from] ability: Snow Warning|[of] p2b: Froslass\n|turn|9\n|\n|t:|1788437154\n|switch|p1a: Mimikyu|Mimikyu-Busted, L50, F|67/100\n|move|p2a: Incineroar|Fake Out|p1a: Mimikyu\n|-immune|p1a: Mimikyu\n|move|p1b: Whimsicott|Moonblast|p2b: Froslass\n|-damage|p2b: Froslass|4/100\n|move|p2b: Froslass|Blizzard|p1b: Whimsicott|[spread] p1a,p1b\n|-supereffective|p1b: Whimsicott|1\n|-damage|p1a: Mimikyu|13/100\n|-damage|p1b: Whimsicott|0 fnt\n|faint|p1b: Whimsicott\n|\n|-weather|Snowscape|[upkeep]\n|-sideend|p2: WindyNyt|Reflect\n|upkeep\n|\n|t:|1788437166\n|switch|p1b: Pelipper|Pelipper, L50, M|100/100\n|-weather|RainDance|[from] ability: Drizzle|[of] p1b: Pelipper\n|turn|10\n|\n|t:|1788437176\n|switch|p2a: Aerodactyl|Aerodactyl, L50, F|94/100\n|-ability|p2a: Aerodactyl|Unnerve\n|move|p2b: Froslass|Protect|p2b: Froslass\n|-singleturn|p2b: Froslass|Protect\n|move|p1a: Mimikyu|Shadow Sneak|p2b: Froslass\n|-activate|p2b: Froslass|move: Protect\n|move|p1b: Pelipper|Weather Ball|p2a: Aerodactyl\n|-supereffective|p2a: Aerodactyl|1\n|-damage|p2a: Aerodactyl|0 fnt\n|faint|p2a: Aerodactyl\n|\n|-weather|RainDance|[upkeep]\n|upkeep\n|\n|t:|1788437188\n|switch|p2a: Incineroar|Incineroar, L50, M|76/100\n|-ability|p2a: Incineroar|Intimidate|boost\n|-unboost|p1a: Mimikyu|atk|1\n|-unboost|p1b: Pelipper|atk|1\n|turn|11\n|\n|t:|1788437203\n|move|p2a: Incineroar|Fake Out|p1b: Pelipper\n|-damage|p1b: Pelipper|89/100\n|move|p1a: Mimikyu|Shadow Sneak|p2b: Froslass\n|-supereffective|p2b: Froslass|1\n|-damage|p2b: Froslass|0 fnt\n|faint|p2b: Froslass\n|-damage|p1a: Mimikyu|3/100|[from] item: Life Orb\n|cant|p1b: Pelipper|flinch\n|\n|-weather|RainDance|[upkeep]\n|-sideend|p1: marcio1428|move: Tailwind\n|upkeep\n|turn|12\n|\n|t:|1788437218\n|move|p1a: Mimikyu|Play Rough|p2a: Incineroar\n|-damage|p2a: Incineroar|49/100\n|-enditem|p2a: Incineroar|Sitrus Berry|[eat]\n|-heal|p2a: Incineroar|73/100|[from] item: Sitrus Berry\n|-damage|p1a: Mimikyu|0 fnt|[from] item: Life Orb\n|faint|p1a: Mimikyu\n|move|p1b: Pelipper|Weather Ball|p2a: Incineroar\n|-supereffective|p2a: Incineroar|1\n|-damage|p2a: Incineroar|0 fnt\n|faint|p2a: Incineroar\n|\n|win|marcio1428\n|raw|marcio1428's rating: 1046 &rarr; <strong>1084</strong><br />(+38 for winning)\n|raw|WindyNyt's rating: 1101 &rarr; <strong>1072</strong><br />(-29 for losing)\n","uploadtime":1788437229,"views":"11","formatid":"gen9championsvgc2026regmbbo3","rating":1072,"private":0,"password":null}