{"id":"gen9championsvgc2026regmb-2673856529","format":"[Gen 9 Champions] VGC 2026 Reg M-B","players":["Thornlace48812","NickyJJ"],"log":"|j|☆Thornlace48812\n|j|☆NickyJJ\n|t:|1788269216\n|gametype|doubles\n|player|p1|Thornlace48812|102|1121\n|player|p2|NickyJJ|ghetsis-gen5bw|1075\n|gen|9\n|tier|[Gen 9 Champions] VGC 2026 Reg M-B\n|rated|\n|rule|Species Clause: Limit one of each Pokémon\n|rule|Item Clause: Limit 1 of each item\n|clearpoke\n|poke|p1|Garchomp, L50, F|\n|poke|p1|Charizard, L50, M|\n|poke|p1|Whimsicott, L50, F|\n|poke|p1|Sylveon, L50, M|\n|poke|p1|Kingambit, L50, M|\n|poke|p1|Basculegion, L50, M|\n|poke|p2|Starmie, L50|\n|poke|p2|Annihilape, L50, F|\n|poke|p2|Maushold-Four, L50|\n|poke|p2|Mr. Rime, L50, M|\n|poke|p2|Talonflame, L50, M|\n|poke|p2|Sableye, L50, M|\n|teampreview|4\n|inactive|Battle timer is ON: inactive players will automatically lose when time's up. (requested by Thornlace48812)\nThornlace48812 rejected open team sheets.\n|\n|t:|1788269231\n|teamsize|p1|4\n|teamsize|p2|4\n|start\n|switch|p1a: Garchomp|Garchomp, L50, F|100/100\n|switch|p1b: Sylveon|Sylveon, L50, M|100/100\n|switch|p2a: Starmie|Starmie, L50|100/100\n|switch|p2b: Sableye|Sableye, L50, M|100/100\n|turn|1\n|\n|t:|1788269252\n|detailschange|p2a: Starmie|Starmie-Mega, L50\n|-mega|p2a: Starmie|Starmie|Starminite\n|move|p2b: Sableye|Rain Dance|p2b: Sableye\n|-weather|RainDance\n|move|p2a: Starmie|Liquidation|p1b: Sylveon\n|-damage|p1b: Sylveon|0 fnt\n|faint|p1b: Sylveon\n|move|p1a: Garchomp|Rock Slide|p2b: Sableye|[spread] p2a,p2b\n|-damage|p2a: Starmie|68/100\n|-damage|p2b: Sableye|71/100\n|-damage|p1a: Garchomp|90/100|[from] item: Life Orb\n|\n|-weather|RainDance|[upkeep]\n|upkeep\n|\n|t:|1788269253\n|switch|p1b: Basculegion|Basculegion, L50, M|100/100\n|turn|2\n|\n|t:|1788269276\n|move|p2a: Starmie|Liquidation|p1a: Garchomp\n|-damage|p1a: Garchomp|0 fnt\n|-damage|p2a: Starmie|56/100|[from] ability: Rough Skin|[of] p1a: Garchomp\n|faint|p1a: Garchomp\n|move|p1b: Basculegion|Wave Crash|p2b: Sableye\n|-damage|p2b: Sableye|0 fnt\n|faint|p2b: Sableye\n|-damage|p1b: Basculegion|81/100|[from] Recoil\n|\n|-weather|RainDance|[upkeep]\n|upkeep\n|\n|t:|1788269285\n|switch|p1a: Charizard|Charizard, L50, M|100/100\n|switch|p2b: Mr. Rime|Mr. Rime, L50, M|100/100\n|turn|3\n|\n|t:|1788269293\n|detailschange|p1a: Charizard|Charizard-Mega-Y, L50, M\n|-mega|p1a: Charizard|Charizard|Charizardite Y\n|-weather|SunnyDay|[from] ability: Drought|[of] p1a: Charizard\n|move|p2b: Mr. Rime|Fake Out|p1a: Charizard\n|-damage|p1a: Charizard|91/100\n|move|p2a: Starmie|Liquidation|p1a: Charizard\n|-supereffective|p1a: Charizard|1\n|-damage|p1a: Charizard|7/100\n|cant|p1a: Charizard|flinch\n|move|p1b: Basculegion|Last Respects|p2a: Starmie\n|-supereffective|p2a: Starmie|1\n|-damage|p2a: Starmie|0 fnt\n|faint|p2a: Starmie\n|\n|-weather|SunnyDay|[upkeep]\n|upkeep\n|\n|t:|1788269304\n|switch|p2a: Talonflame|Talonflame, L50, M|100/100\n|turn|4\n|\n|t:|1788269309\n|move|p2a: Talonflame|Brave Bird|p1a: Charizard\n|-damage|p1a: Charizard|0 fnt\n|faint|p1a: Charizard\n|-damage|p2a: Talonflame|97/100|[from] Recoil\n|move|p1b: Basculegion|Last Respects|p2a: Talonflame\n|-crit|p2a: Talonflame\n|-damage|p2a: Talonflame|0 fnt\n|faint|p2a: Talonflame\n|move|p2b: Mr. Rime|Freeze-Dry|p1b: Basculegion\n|-supereffective|p1b: Basculegion|1\n|-damage|p1b: Basculegion|24/100\n|\n|-weather|SunnyDay|[upkeep]\n|upkeep\n|turn|5\n|\n|t:|1788269321\n|move|p1b: Basculegion|Wave Crash|p2b: Mr. Rime\n|-damage|p2b: Mr. Rime|55/100\n|-damage|p1b: Basculegion|10/100|[from] Recoil\n|move|p2b: Mr. Rime|Freeze-Dry|p1b: Basculegion\n|-supereffective|p1b: Basculegion|1\n|-damage|p1b: Basculegion|0 fnt\n|faint|p1b: Basculegion\n|\n|win|NickyJJ\n|raw|Thornlace48812's rating: 1109 &rarr; <strong>1082</strong><br />(-27 for losing)\n|raw|NickyJJ's rating: 1075 &rarr; <strong>1107</strong><br />(+32 for winning)\n","uploadtime":1788269321,"views":"4","formatid":"gen9championsvgc2026regmb","rating":1082,"private":0,"password":null}