{"id":"gen9championsvgc2026regmb-2674364090","format":"[Gen 9 Champions] VGC 2026 Reg M-B","players":["a123as","recoba"],"log":"|j|☆a123as\n|j|☆recoba\n|t:|1788349345\n|gametype|doubles\n|player|p1|a123as|102|1556\n|player|p2|recoba|steven|1563\n|gen|9\n|tier|[Gen 9 Champions] VGC 2026 Reg M-B\n|rated|\n|rule|Species Clause: Limit one of each Pokémon\n|rule|Item Clause: Limit 1 of each item\n|clearpoke\n|poke|p1|Espathra, L50, M|\n|poke|p1|Scovillain, L50, M|\n|poke|p1|Sableye, L50, F|\n|poke|p1|Archaludon, L50, F|\n|poke|p1|Milotic, L50, F|\n|poke|p1|Dragapult, L50, M|\n|poke|p2|Scovillain, L50, M|\n|poke|p2|Torkoal, L50, F|\n|poke|p2|Farigiraf, L50, M|\n|poke|p2|Kleavor, L50, M|\n|poke|p2|Milotic, L50, M|\n|poke|p2|Pyroar, L50, M, shiny|\n|teampreview|4\n|inactive|Battle timer is ON: inactive players will automatically lose when time's up. (requested by a123as)\n|inactive|recoba has 60 seconds left.\n|j| yummyrhino555\n|\n|t:|1788349390\n|teamsize|p1|4\n|teamsize|p2|4\n|start\n|switch|p1a: Sableye|Sableye, L50, F|100/100\n|switch|p1b: Espathra|Espathra, L50, M|100/100\n|switch|p2a: Kleavor|Kleavor, L50, M|100/100\n|switch|p2b: Milotic|Milotic, L50, M|100/100\n|turn|1\n|\n|t:|1788349410\n|move|p1b: Espathra|Protect|p1b: Espathra\n|-singleturn|p1b: Espathra|Protect\n|move|p1a: Sableye|Reflect|p1a: Sableye\n|-sidestart|p1: a123as|Reflect\n|move|p2b: Milotic|Muddy Water|p1b: Espathra|[spread] p1a\n|-activate|p1b: Espathra|move: Protect\n|-damage|p1a: Sableye|65/100\n|move|p2a: Kleavor|Stone Axe|p1a: Sableye\n|-damage|p1a: Sableye|22/100\n|-sidestart|p1: a123as|move: Stealth Rock\n|\n|-ability|p1b: Espathra|Speed Boost|boost\n|-boost|p1b: Espathra|spe|1\n|upkeep\n|turn|2\n|inactive|recoba has 30 seconds left.\n|inactive|recoba has 20 seconds left.\n|inactive|recoba has 15 seconds left.\n|inactive|recoba has 10 seconds left.\n|\n|t:|1788349456\n|switch|p2a: Pyroar|Pyroar, L50, M, shiny|100/100\n|move|p1a: Sableye|Light Screen|p1a: Sableye\n|-sidestart|p1: a123as|move: Light Screen\n|move|p1b: Espathra|Calm Mind|p1b: Espathra\n|-boost|p1b: Espathra|spa|1\n|-boost|p1b: Espathra|spd|1\n|move|p2b: Milotic|Muddy Water|p1b: Espathra|[spread] p1a,p1b\n|-damage|p1a: Sableye|0 fnt\n|-damage|p1b: Espathra|82/100\n|faint|p1a: Sableye\n|\n|-ability|p1b: Espathra|Speed Boost|boost\n|-boost|p1b: Espathra|spe|1\n|upkeep\n|\n|t:|1788349465\n|switch|p1a: Milotic|Milotic, L50, F|100/100\n|-damage|p1a: Milotic|87/100|[from] Stealth Rock\n|turn|3\n|inactive|recoba has 30 seconds left.\n|\n|t:|1788349497\n|move|p2a: Pyroar|Protect|p2a: Pyroar\n|-singleturn|p2a: Pyroar|Protect\n|move|p1b: Espathra|Baton Pass|p1b: Espathra\n|\n|t:|1788349501\n|switch|p1b: Archaludon|Archaludon, L50, F|100/100|[from] Baton Pass\n|-damage|p1b: Archaludon|93/100|[from] Stealth Rock\n|move|p2b: Milotic|Muddy Water|p1a: Milotic|[spread] p1a,p1b\n|-resisted|p1a: Milotic|1\n|-resisted|p1b: Archaludon|1\n|-damage|p1a: Milotic|80/100\n|-damage|p1b: Archaludon|86/100\n|-ability|p1b: Archaludon|Stamina|boost\n|-boost|p1b: Archaludon|def|1\n|move|p1a: Milotic|Psych Up|p1b: Archaludon\n|-copyboost|p1a: Milotic|p1b: Archaludon|[from] move: Psych Up\n|\n|-heal|p1b: Archaludon|92/100|[from] item: Leftovers\n|upkeep\n|turn|4\n|inactive|a123as has 30 seconds left.\n|\n|t:|1788349531\n|switch|p2b: Torkoal|Torkoal, L50, F|100/100\n|-weather|SunnyDay|[from] ability: Drought|[of] p2b: Torkoal\n|detailschange|p2a: Pyroar|Pyroar-Mega, L50, M, shiny\n|-mega|p2a: Pyroar|Pyroar|Pyroarite\n|move|p1b: Archaludon|Dragon Pulse|p2a: Pyroar\n|-damage|p2a: Pyroar|26/100\n|move|p1a: Milotic|Rain Dance|p1a: Milotic\n|-weather|RainDance\n|move|p2a: Pyroar|Overheat|p1b: Archaludon\n|-damage|p1b: Archaludon|72/100\n|-unboost|p2a: Pyroar|spa|2\n|-ability|p1b: Archaludon|Stamina|boost\n|-boost|p1b: Archaludon|def|1\n|\n|-weather|RainDance|[upkeep]\n|-heal|p1b: Archaludon|78/100|[from] item: Leftovers\n|upkeep\n|turn|5\n|\n|t:|1788349551\n|switch|p2b: Milotic|Milotic, L50, M|100/100\n|move|p2a: Pyroar|Protect|p2a: Pyroar\n|-singleturn|p2a: Pyroar|Protect\n|move|p1b: Archaludon|Electro Shot||[still]\n|-prepare|p1b: Archaludon|Electro Shot\n|-boost|p1b: Archaludon|spa|1\n|-anim|p1b: Archaludon|Electro Shot|p2a: Pyroar\n|-activate|p2a: Pyroar|move: Protect\n|move|p1a: Milotic|Scald|p2b: Milotic\n|-resisted|p2b: Milotic|1\n|-damage|p2b: Milotic|73/100\n|-status|p2b: Milotic|brn\n|\n|-weather|RainDance|[upkeep]\n|-heal|p1b: Archaludon|84/100|[from] item: Leftovers\n|-damage|p2b: Milotic|68/100 brn|[from] brn\n|upkeep\n|turn|6\n|\n|t:|1788349574\n|switch|p2a: Torkoal|Torkoal, L50, F|100/100\n|-weather|SunnyDay|[from] ability: Drought|[of] p2a: Torkoal\n|move|p2b: Milotic|Haze|p2b: Milotic\n|-clearallboost\n|move|p1b: Archaludon|Dragon Pulse|p2a: Torkoal\n|-damage|p2a: Torkoal|33/100\n|move|p1a: Milotic|Rain Dance|p1a: Milotic\n|-weather|RainDance\n|\n|-weather|RainDance|[upkeep]\n|-heal|p1b: Archaludon|90/100|[from] item: Leftovers\n|-damage|p2b: Milotic|62/100 brn|[from] brn\n|upkeep\n|turn|7\n|inactive|recoba has 30 seconds left.\n|\n|t:|1788349603\n|switch|p2b: Pyroar|Pyroar-Mega, L50, M, shiny|26/100\n|move|p2a: Torkoal|Protect|p2a: Torkoal\n|-singleturn|p2a: Torkoal|Protect\n|move|p1b: Archaludon|Electro Shot||[still]\n|-prepare|p1b: Archaludon|Electro Shot\n|-boost|p1b: Archaludon|spa|1\n|-anim|p1b: Archaludon|Electro Shot|p2b: Pyroar\n|-damage|p2b: Pyroar|0 fnt\n|faint|p2b: Pyroar\n|move|p1a: Milotic|Scald|p2a: Torkoal\n|-activate|p2a: Torkoal|move: Protect\n|\n|-weather|RainDance|[upkeep]\n|-heal|p1b: Archaludon|96/100|[from] item: Leftovers\n|upkeep\n|\n|t:|1788349621\n|switch|p2b: Kleavor|Kleavor, L50, M|100/100\n|turn|8\n|\n|t:|1788349641\n|move|p2a: Torkoal|Helping Hand|p2b: Kleavor\n|-singleturn|p2b: Kleavor|Helping Hand|[of] p2a: Torkoal\n|move|p2b: Kleavor|Close Combat|p1b: Archaludon\n|-supereffective|p1b: Archaludon|1\n|-damage|p1b: Archaludon|35/100\n|-unboost|p2b: Kleavor|def|1\n|-unboost|p2b: Kleavor|spd|1\n|-ability|p1b: Archaludon|Stamina|boost\n|-boost|p1b: Archaludon|def|1\n|move|p1b: Archaludon|Electro Shot||[still]\n|-prepare|p1b: Archaludon|Electro Shot\n|-boost|p1b: Archaludon|spa|1\n|-anim|p1b: Archaludon|Electro Shot|p2a: Torkoal\n|-damage|p2a: Torkoal|0 fnt\n|faint|p2a: Torkoal\n|move|p1a: Milotic|Scald|p2b: Kleavor\n|-supereffective|p2b: Kleavor|1\n|-enditem|p2b: Kleavor|Focus Sash\n|-damage|p2b: Kleavor|1/100\n|-status|p2b: Kleavor|brn\n|\n|-weather|RainDance|[upkeep]\n|-heal|p1b: Archaludon|41/100|[from] item: Leftovers\n|-damage|p2b: Kleavor|0 fnt|[from] brn\n|faint|p2b: Kleavor\n|-sideend|p1: a123as|Reflect\n|upkeep\n|-message|recoba forfeited.\n|\n|win|a123as\n|raw|a123as's rating: 1556 &rarr; <strong>1576</strong><br />(+20 for winning)\n|raw|recoba's rating: 1563 &rarr; <strong>1543</strong><br />(-20 for losing)\n|l|☆recoba\n|player|p2|\n","uploadtime":1788349664,"views":"11","formatid":"gen9championsvgc2026regmb","rating":1543,"private":0,"password":null}