{"id":"gen9championsvgc2026regmbbo3-2674053888","format":"[Gen 9 Champions] VGC 2026 Reg M-B (Bo3)","players":["Madzisbadz","Bacon122"],"log":"|j|☆Madzisbadz\n|j|☆Bacon122\n|html|<table width=\"100%\"><tr><td align=\"left\">Madzisbadz</td><td align=\"right\">Bacon122</tr><tr><td align=\"left\"><i class=\"fa fa-circle\"></i> <i class=\"fa fa-circle-o\"></i> </td><td align=\"right\"><i class=\"fa fa-circle-o\"></i> <i class=\"fa fa-circle-o\"></i> </tr></table>\n|uhtml|bestof|<h2><strong>Game 2</strong> of <a href=\"/game-bestof3-gen9championsvgc2026regmbbo3-2674051739\">a best-of-3</a></h2>\n|t:|1788293068\n|gametype|doubles\n|player|p1|Madzisbadz|102|1249\n|player|p2|Bacon122|shauntal|1310\n|gen|9\n|tier|[Gen 9 Champions] VGC 2026 Reg M-B (Bo3)\n|rated|\n|rule|Species Clause: Limit one of each Pokémon\n|rule|Item Clause: Limit 1 of each item\n|clearpoke\n|poke|p1|Froslass, L50, F|\n|poke|p1|Basculegion, L50, M, shiny|\n|poke|p1|Sneasler, L50, M|\n|poke|p1|Lycanroc-Dusk, L50, M|\n|poke|p1|Talonflame, L50, M|\n|poke|p1|Kingambit, L50, F|\n|poke|p2|Kleavor, L50, M|\n|poke|p2|Sneasler, L50, M|\n|poke|p2|Farigiraf, L50, F|\n|poke|p2|Mawile, L50, M|\n|poke|p2|Froslass, L50, F|\n|poke|p2|Basculegion, L50, M|\n|teampreview|4\n|showteam|p1|Froslass||Froslassite|CursedBody|Blizzard,ShadowBall,Taunt,Protect|Timid||F|||50|]Basculegion||ChoiceScarf|Adaptability|WaveCrash,LastRespects,AquaJet,FlipTurn|Jolly||M|||50|]Sneasler||WhiteHerb|Unburden|DireClaw,CloseCombat,FakeOut,Protect|Adamant||M|||50|]Lycanroc-Dusk||FocusSash|ToughClaws|Protect,Accelerock,RockSlide,CloseCombat|Adamant||M|||50|]Talonflame||LifeOrb|GaleWings|Protect,Tailwind,BraveBird,Overheat|Naive||M|||50|]Kingambit||ChopleBerry|Defiant|Protect,IronHead,KowtowCleave,SuckerPunch|Adamant||F|||50|\n|showteam|p2|Kleavor||ChoiceScarf|Sharpness|StoneAxe,CloseCombat,XScissor,Tailwind|Jolly||M|||50|]Sneasler||FocusSash|PoisonTouch|FakeOut,Feint,DireClaw,CloseCombat|Adamant||M|||50|]Farigiraf||SitrusBerry|ArmorTail|HelpingHand,TrickRoom,Psychic,Protect|Bold||F|||50|]Mawile||Mawilite|Intimidate|PlayRough,IronHead,SuckerPunch,Protect|Adamant||M|||50|]Froslass||Froslassite|CursedBody|AuroraVeil,Blizzard,Thunderbolt,Protect|Modest||F|||50|]Basculegion||LifeOrb|Adaptability|WaveCrash,AquaJet,LastRespects,Protect|Adamant||M|||50|\n|\n|t:|1788293109\n|teamsize|p1|4\n|teamsize|p2|4\n|start\n|switch|p1a: Talonflame|Talonflame, L50, M|100/100\n|switch|p1b: Sneasler|Sneasler, L50, M|100/100\n|switch|p2a: 13 o'clock Sharp|Kleavor, L50, M|100/100\n|switch|p2b: Wile Thing|Mawile, L50, M|100/100\n|-ability|p2b: Wile Thing|Intimidate|boost\n|-unboost|p1a: Talonflame|atk|1\n|-unboost|p1b: Sneasler|atk|1\n|-enditem|p1b: Sneasler|White Herb\n|-clearnegativeboost|p1b: Sneasler|[silent]\n|turn|1\n|\n|t:|1788293141\n|switch|p2b: MF ROOM|Farigiraf, L50, F|100/100\n|move|p1b: Sneasler|Close Combat|p2a: 13 o'clock Sharp\n|-damage|p2a: 13 o'clock Sharp|18/100\n|-unboost|p1b: Sneasler|def|1\n|-unboost|p1b: Sneasler|spd|1\n|move|p2a: 13 o'clock Sharp|Stone Axe|p1a: Talonflame\n|-supereffective|p1a: Talonflame|2\n|-crit|p1a: Talonflame\n|-damage|p1a: Talonflame|0 fnt\n|-sidestart|p1: Madzisbadz|move: Stealth Rock\n|faint|p1a: Talonflame\n|\n|upkeep\n|\n|t:|1788293155\n|switch|p1a: Kingambit|Kingambit, L50, F|100/100\n|-damage|p1a: Kingambit|94/100|[from] Stealth Rock\n|turn|2\n|\n|t:|1788293195\n|move|p2b: MF ROOM|Protect|p2b: MF ROOM\n|-singleturn|p2b: MF ROOM|Protect\n|move|p1b: Sneasler|Close Combat|p2b: MF ROOM\n|-activate|p2b: MF ROOM|move: Protect\n|move|p2a: 13 o'clock Sharp|Stone Axe|p1b: Sneasler\n|-resisted|p1b: Sneasler|1\n|-damage|p1b: Sneasler|56/100\n|move|p1a: Kingambit|Kowtow Cleave|p2b: MF ROOM\n|-activate|p2b: MF ROOM|move: Protect\n|\n|upkeep\n|turn|3\n|\n|t:|1788293230\n|switch|p2b: Wile Thing|Mawile, L50, M|100/100\n|-ability|p2b: Wile Thing|Intimidate|boost\n|-unboost|p1a: Kingambit|atk|1\n|-ability|p1a: Kingambit|Defiant|boost\n|-boost|p1a: Kingambit|atk|2\n|-unboost|p1b: Sneasler|atk|1\n|move|p1b: Sneasler|Close Combat|p2b: Wile Thing\n|-damage|p2b: Wile Thing|49/100\n|-unboost|p1b: Sneasler|def|1\n|-unboost|p1b: Sneasler|spd|1\n|move|p2a: 13 o'clock Sharp|Stone Axe|p1b: Sneasler\n|-resisted|p1b: Sneasler|1\n|-damage|p1b: Sneasler|0 fnt\n|faint|p1b: Sneasler\n|move|p1a: Kingambit|Kowtow Cleave|p2b: Wile Thing\n|-resisted|p2b: Wile Thing|1\n|-damage|p2b: Wile Thing|0 fnt\n|faint|p2b: Wile Thing\n|\n|upkeep\n|\n|t:|1788293250\n|switch|p1b: Froslass|Froslass, L50, F|100/100\n|switch|p2b: Wilfred Jr.|Basculegion, L50, M|100/100\n|-damage|p1b: Froslass|75/100|[from] Stealth Rock\n|turn|4\n|\n|t:|1788293313\n|switch|p2a: MF ROOM|Farigiraf, L50, F|100/100\n|move|p1b: Froslass|Protect|p1b: Froslass\n|-singleturn|p1b: Froslass|Protect\n|move|p2b: Wilfred Jr.|Wave Crash|p1a: Kingambit\n|-damage|p1a: Kingambit|16/100\n|-damage|p2b: Wilfred Jr.|74/100|[from] Recoil\n|-damage|p2b: Wilfred Jr.|65/100|[from] item: Life Orb\n|move|p1a: Kingambit|Kowtow Cleave|p2b: Wilfred Jr.\n|-supereffective|p2b: Wilfred Jr.|1\n|-damage|p2b: Wilfred Jr.|0 fnt\n|faint|p2b: Wilfred Jr.\n|\n|upkeep\n|\n|t:|1788293321\n|switch|p2b: 13 o'clock Sharp|Kleavor, L50, M|18/100\n|turn|5\n|\n|t:|1788293376\n|detailschange|p1b: Froslass|Froslass-Mega, L50, F\n|-mega|p1b: Froslass|Froslass|Froslassite\n|-weather|Snowscape|[from] ability: Snow Warning|[of] p1b: Froslass\n|move|p2a: MF ROOM|Protect|p2a: MF ROOM\n|-singleturn|p2a: MF ROOM|Protect\n|move|p2b: 13 o'clock Sharp|Stone Axe|p1b: Froslass\n|-supereffective|p1b: Froslass|1\n|-damage|p1b: Froslass|0 fnt\n|faint|p1b: Froslass\n|move|p1a: Kingambit|Kowtow Cleave|p2b: 13 o'clock Sharp\n|-damage|p2b: 13 o'clock Sharp|0 fnt\n|faint|p2b: 13 o'clock Sharp\n|\n|-weather|Snowscape|[upkeep]\n|upkeep\n|turn|6\n|-message|Bacon122 forfeited.\n|\n|win|Madzisbadz\n|raw|Madzisbadz's rating: 1249 &rarr; <strong>1278</strong><br />(+29 for winning)\n|raw|Bacon122's rating: 1310 &rarr; <strong>1287</strong><br />(-23 for losing)\n|l|☆Bacon122\n|player|p2|\n","uploadtime":1788293402,"views":"0","formatid":"gen9championsvgc2026regmbbo3","rating":1278,"private":0,"password":null}