{"id":"gen9championsvgc2026regmb-2674460742","format":"[Gen 9 Champions] VGC 2026 Reg M-B","players":["asd12121sz","youknowit0701"],"log":"|j|☆asd12121sz\n|j|☆youknowit0701\n|t:|1788362490\n|gametype|doubles\n|player|p1|asd12121sz|265|1072\n|player|p2|youknowit0701|red|1155\n|gen|9\n|tier|[Gen 9 Champions] VGC 2026 Reg M-B\n|rated|\n|rule|Species Clause: Limit one of each Pokémon\n|rule|Item Clause: Limit 1 of each item\n|clearpoke\n|poke|p1|Aerodactyl, L50, M|\n|poke|p1|Kingambit, L50, M, shiny|\n|poke|p1|Sylveon, L50, M|\n|poke|p1|Garchomp, L50, M|\n|poke|p1|Charizard, L50, M, shiny|\n|poke|p1|Incineroar, L50, M, shiny|\n|poke|p2|Metagross, L50|\n|poke|p2|Garchomp, L50, F|\n|poke|p2|Volcarona, L50, M|\n|poke|p2|Ninetales-Alola, L50, F|\n|poke|p2|Gengar, L50, M|\n|poke|p2|Grimmsnarl, L50, M|\n|teampreview|4\n|inactive|Battle timer is ON: inactive players will automatically lose when time's up. (requested by youknowit0701)\n|\n|t:|1788362513\n|teamsize|p1|4\n|teamsize|p2|4\n|start\n|switch|p1a: Aerodactyl|Aerodactyl, L50, M|100/100\n|switch|p1b: Incineroar|Incineroar, L50, M, shiny|100/100\n|switch|p2a: Garchomp|Garchomp, L50, F|100/100\n|switch|p2b: Grimmsnarl|Grimmsnarl, L50, M|100/100\n|-ability|p1a: Aerodactyl|Unnerve\n|-ability|p1b: Incineroar|Intimidate|boost\n|-unboost|p2a: Garchomp|atk|1\n|-unboost|p2b: Grimmsnarl|atk|1\n|turn|1\n|\n|t:|1788362529\n|move|p2b: Grimmsnarl|Fake Out|p1b: Incineroar\n|-damage|p1b: Incineroar|92/100\n|cant|p1b: Incineroar|flinch\n|move|p1a: Aerodactyl|Tailwind|p1a: Aerodactyl\n|-sidestart|p1: asd12121sz|move: Tailwind\n|move|p2a: Garchomp|Swords Dance|p2a: Garchomp\n|-boost|p2a: Garchomp|atk|2\n|\n|upkeep\n|turn|2\n|\n|t:|1788362544\n|move|p2b: Grimmsnarl|Bulk Up|p2b: Grimmsnarl\n|-boost|p2b: Grimmsnarl|atk|1\n|-boost|p2b: Grimmsnarl|def|1\n|move|p1a: Aerodactyl|Ice Fang|p2a: Garchomp\n|-supereffective|p2a: Garchomp|2\n|-damage|p2a: Garchomp|28/100\n|-damage|p1a: Aerodactyl|87/100|[from] ability: Rough Skin|[of] p2a: Garchomp\n|move|p2a: Garchomp|Thunder Fang|p1a: Aerodactyl\n|-supereffective|p1a: Aerodactyl|1\n|-damage|p1a: Aerodactyl|0 fnt\n|faint|p1a: Aerodactyl\n|-damage|p2a: Garchomp|18/100|[from] item: Life Orb\n|move|p1b: Incineroar|Parting Shot|p2a: Garchomp\n|-unboost|p2a: Garchomp|atk|1\n|-unboost|p2a: Garchomp|spa|1\n|\n|t:|1788362559\n|switch|p1b: Charizard|Charizard, L50, M, shiny|100/100|[from] Parting Shot\n|\n|upkeep\n|\n|t:|1788362562\n|switch|p1a: Incineroar|Incineroar, L50, M, shiny|92/100\n|-ability|p1a: Incineroar|Intimidate|boost\n|-unboost|p2a: Garchomp|atk|1\n|-unboost|p2b: Grimmsnarl|atk|1\n|turn|3\n|\n|t:|1788362579\n|detailschange|p1b: Charizard|Charizard-Mega-Y, L50, M, shiny\n|-mega|p1b: Charizard|Charizard|Charizardite Y\n|-weather|SunnyDay|[from] ability: Drought|[of] p1b: Charizard\n|move|p1a: Incineroar|Fake Out|p2a: Garchomp\n|-damage|p2a: Garchomp|8/100\n|-damage|p1a: Incineroar|80/100|[from] ability: Rough Skin|[of] p2a: Garchomp\n|move|p2b: Grimmsnarl|Bulk Up|p2b: Grimmsnarl\n|-boost|p2b: Grimmsnarl|atk|1\n|-boost|p2b: Grimmsnarl|def|1\n|move|p1b: Charizard|Weather Ball|p2b: Grimmsnarl\n|-damage|p2b: Grimmsnarl|4/100\n|cant|p2a: Garchomp|flinch\n|\n|-weather|SunnyDay|[upkeep]\n|-heal|p2b: Grimmsnarl|10/100|[from] item: Leftovers\n|upkeep\n|turn|4\n|inactive|asd12121sz has 30 seconds left.\n|\n|t:|1788362604\n|move|p2b: Grimmsnarl|Sucker Punch|p1b: Charizard\n|-damage|p1b: Charizard|61/100\n|move|p1b: Charizard|Heat Wave|p2a: Garchomp|[spread] p2a,p2b\n|-resisted|p2a: Garchomp|1\n|-crit|p2a: Garchomp\n|-damage|p2a: Garchomp|0 fnt\n|-damage|p2b: Grimmsnarl|0 fnt\n|faint|p2a: Garchomp\n|faint|p2b: Grimmsnarl\n|move|p1a: Incineroar|Darkest Lariat|p2: Garchomp|[notarget]\n|-fail|p1a: Incineroar\n|\n|-weather|SunnyDay|[upkeep]\n|-sideend|p1: asd12121sz|move: Tailwind\n|upkeep\n|\n|t:|1788362611\n|switch|p2a: Metagross|Metagross, L50|100/100\n|switch|p2b: Volcarona|Volcarona, L50, M|100/100\n|turn|5\n|\n|t:|1788362634\n|switch|p1b: Garchomp|Garchomp, L50, M|100/100\n|detailschange|p2a: Metagross|Metagross-Mega, L50\n|-mega|p2a: Metagross|Metagross|Metagrossite\n|move|p2a: Metagross|Psychic Fangs|p1b: Garchomp\n|-damage|p1b: Garchomp|43/100\n|-damage|p2a: Metagross|87/100|[from] ability: Rough Skin|[of] p1b: Garchomp\n|move|p2b: Volcarona|Quiver Dance|p2b: Volcarona\n|-boost|p2b: Volcarona|spa|1\n|-boost|p2b: Volcarona|spd|1\n|-boost|p2b: Volcarona|spe|1\n|move|p1a: Incineroar|Parting Shot|p2a: Metagross\n|-unboost|p2a: Metagross|atk|1\n|-unboost|p2a: Metagross|spa|1\n|\n|t:|1788362647\n|switch|p1a: Charizard|Charizard-Mega-Y, L50, M, shiny|61/100|[from] Parting Shot\n|\n|-weather|SunnyDay|[upkeep]\n|upkeep\n|turn|6\n|\n|t:|1788362662\n|switch|p1a: Incineroar|Incineroar, L50, M, shiny|80/100\n|-ability|p1a: Incineroar|Intimidate|boost\n|-unboost|p2a: Metagross|atk|1\n|-unboost|p2b: Volcarona|atk|1\n|move|p1b: Garchomp|Protect|p1b: Garchomp\n|-singleturn|p1b: Garchomp|Protect\n|move|p2b: Volcarona|Fiery Dance|p1a: Incineroar\n|-resisted|p1a: Incineroar|1\n|-damage|p1a: Incineroar|26/100\n|-boost|p2b: Volcarona|spa|1\n|-enditem|p1a: Incineroar|Sitrus Berry|[eat]\n|-heal|p1a: Incineroar|51/100|[from] item: Sitrus Berry\n|move|p2a: Metagross|Ice Punch|p1b: Garchomp\n|-activate|p1b: Garchomp|move: Protect\n|\n|-weather|SunnyDay|[upkeep]\n|upkeep\n|turn|7\n|\n|t:|1788362683\n|move|p1a: Incineroar|Fake Out|p2a: Metagross\n|-resisted|p2a: Metagross|1\n|-damage|p2a: Metagross|84/100\n|move|p2b: Volcarona|Fiery Dance|p1a: Incineroar\n|-resisted|p1a: Incineroar|1\n|-damage|p1a: Incineroar|0 fnt\n|faint|p1a: Incineroar\n|cant|p2a: Metagross|flinch\n|move|p1b: Garchomp|Earthquake|p2b: Volcarona|[spread] p2a,p2b\n|-supereffective|p2a: Metagross|1\n|-damage|p2a: Metagross|9/100\n|-damage|p2b: Volcarona|20/100y\n|-damage|p1b: Garchomp|33/100|[from] item: Life Orb\n|\n|-weather|none\n|upkeep\n|\n|t:|1788362696\n|switch|p1a: Charizard|Charizard-Mega-Y, L50, M, shiny|61/100\n|-weather|SunnyDay|[from] ability: Drought|[of] p1a: Charizard\n|turn|8\n|\n|t:|1788362703\n|move|p2b: Volcarona|Fiery Dance|p1a: Charizard\n|-resisted|p1a: Charizard|1\n|-damage|p1a: Charizard|0 fnt\n|faint|p1a: Charizard\n|move|p2a: Metagross|Ice Punch|p1b: Garchomp\n|-supereffective|p1b: Garchomp|2\n|-damage|p1b: Garchomp|0 fnt\n|-damage|p2a: Metagross|0 fnt|[from] ability: Rough Skin|[of] p1b: Garchomp\n|faint|p1b: Garchomp\n|faint|p2a: Metagross\n|\n|win|youknowit0701\n|raw|asd12121sz's rating: 1072 &rarr; <strong>1056</strong><br />(-16 for losing)\n|raw|youknowit0701's rating: 1155 &rarr; <strong>1174</strong><br />(+19 for winning)\n|c|☆youknowit0701|cinema\n|c|☆youknowit0701|ggs\n|l|☆asd12121sz\n|player|p1|\n","uploadtime":1788362739,"views":"2","formatid":"gen9championsvgc2026regmb","rating":1056,"private":0,"password":null}