{"id":"gen9championsvgc2026regmbbo3-2673974523","format":"[Gen 9 Champions] VGC 2026 Reg M-B (Bo3)","players":["KingZeusVGC","Pawah"],"log":"|j|☆KingZeusVGC\n|j|☆Pawah\n|html|<table width=\"100%\"><tr><td align=\"left\">KingZeusVGC</td><td align=\"right\">Pawah</tr><tr><td align=\"left\"><i class=\"fa fa-circle-o\"></i> <i class=\"fa fa-circle-o\"></i> </td><td align=\"right\"><i class=\"fa fa-circle-o\"></i> <i class=\"fa fa-circle-o\"></i> </tr></table>\n|uhtml|bestof|<h2><strong>Game 1</strong> of <a href=\"/game-bestof3-gen9championsvgc2026regmbbo3-2673974522\">a best-of-3</a></h2>\n|t:|1788283703\n|gametype|doubles\n|player|p1|KingZeusVGC|blackbelt-gen4dp|1161\n|player|p2|Pawah|ethan|1234\n|gen|9\n|tier|[Gen 9 Champions] VGC 2026 Reg M-B (Bo3)\n|rated|\n|rule|Species Clause: Limit one of each Pokémon\n|rule|Item Clause: Limit 1 of each item\n|clearpoke\n|poke|p1|Farigiraf, L50, F|\n|poke|p1|Rhyperior, L50, M|\n|poke|p1|Blastoise, L50, F|\n|poke|p1|Hatterene, L50, F|\n|poke|p1|Pelipper, L50, M|\n|poke|p1|Kingambit, L50, F|\n|poke|p2|Froslass, L50, F|\n|poke|p2|Scovillain, L50, F, shiny|\n|poke|p2|Basculegion, L50, M|\n|poke|p2|Kingambit, L50, F|\n|poke|p2|Sneasler, L50, M|\n|poke|p2|Lycanroc-Dusk, L50, F|\n|teampreview|4\n|showteam|p1|Farigiraf||ColburBerry|ArmorTail|TrickRoom,Thunderbolt,TwinBeam,LightScreen|Relaxed||F|||50|]Rhyperior||LifeOrb|LightningRod|Protect,RockSlide,HighHorsepower,PoisonJab|Brave||M|||50|]Blastoise||Blastoisinite|RainDish|WaterSpout,FakeOut,DarkPulse,AuraSphere|Quiet||F|||50|]Hatterene||FocusSash|MagicBounce|TrickRoom,Psychic,DazzlingGleam,Protect|Quiet||F|||50|]Pelipper||SitrusBerry|Drizzle|Hurricane,WeatherBall,KnockOff,WideGuard|Quiet||M|||50|]Kingambit||ExpertBelt|Defiant|LowKick,KowtowCleave,IronHead,Protect|Brave||F|||50|\n|showteam|p2|Froslass||Froslassite|CursedBody|Blizzard,ShadowBall,AuroraVeil,Protect|Modest||F|||50|]Scovillain||Scovillainite|Moody|GigaDrain,Overheat,RagePowder,Protect|Bold||F|||50|]Basculegion||SitrusBerry|Adaptability|WaveCrash,LastRespects,AquaJet,Protect|Adamant||M|||50|]Kingambit||BlackGlasses|Defiant|KowtowCleave,SuckerPunch,SwordsDance,Protect|Adamant||F|||50|]Sneasler||WhiteHerb|Unburden|CloseCombat,GunkShot,Protect,FakeOut|Adamant||M|||50|]Lycanroc-Dusk||FocusSash|ToughClaws|CloseCombat,Accelerock,RockSlide,Protect|Adamant||F|||50|\n|inactive|Battle timer is ON: inactive players will automatically lose when time's up. (requested by Pawah)\n|inactive|KingZeusVGC has 60 seconds left.\n|\n|t:|1788283735\n|teamsize|p1|4\n|teamsize|p2|4\n|start\n|switch|p1a: Blastoise|Blastoise, L50, F|100/100\n|switch|p1b: Hatterene|Hatterene, L50, F|100/100\n|switch|p2a: Froslass|Froslass, L50, F|100/100\n|switch|p2b: Scovillain|Scovillain, L50, F, shiny|100/100\n|turn|1\n|inactive|KingZeusVGC has 30 seconds left.\n|inactive|KingZeusVGC has 20 seconds left.\n|inactive|KingZeusVGC has 15 seconds left.\n|inactive|KingZeusVGC has 10 seconds left.\n|\n|t:|1788283783\n|detailschange|p2a: Froslass|Froslass-Mega, L50, F\n|-mega|p2a: Froslass|Froslass|Froslassite\n|-weather|Snowscape|[from] ability: Snow Warning|[of] p2a: Froslass\n|detailschange|p1a: Blastoise|Blastoise-Mega, L50, F\n|-mega|p1a: Blastoise|Blastoise|Blastoisinite\n|move|p2b: Scovillain|Rage Powder|p2b: Scovillain\n|-singleturn|p2b: Scovillain|move: Rage Powder\n|move|p2a: Froslass|Aurora Veil|p2a: Froslass\n|-sidestart|p2: Pawah|move: Aurora Veil\n|move|p1a: Blastoise|Dark Pulse|p2b: Scovillain\n|-damage|p2b: Scovillain|63/100\n|move|p1b: Hatterene|Trick Room|p1b: Hatterene\n|-fieldstart|move: Trick Room|[of] p1b: Hatterene\n|\n|-weather|Snowscape|[upkeep]\n|-ability|p2b: Scovillain|Moody|boost\n|-boost|p2b: Scovillain|atk|2\n|-unboost|p2b: Scovillain|spe|1\n|upkeep\n|turn|2\n|inactive|KingZeusVGC has 30 seconds left.\n|inactive|KingZeusVGC has 20 seconds left.\n|inactive|KingZeusVGC has 15 seconds left.\n|\n|t:|1788283827\n|move|p1b: Hatterene|Psychic|p2b: Scovillain\n|-damage|p2b: Scovillain|16/100\n|move|p2b: Scovillain|Giga Drain|p1a: Blastoise\n|-supereffective|p1a: Blastoise|1\n|-crit|p1a: Blastoise\n|-damage|p1a: Blastoise|25/100\n|-heal|p2b: Scovillain|56/100|[from] drain|[of] p1a: Blastoise\n|move|p1a: Blastoise|Dark Pulse|p2a: Froslass\n|-supereffective|p2a: Froslass|1\n|-damage|p2a: Froslass|33/100\n|move|p2a: Froslass|Shadow Ball|p1b: Hatterene\n|-supereffective|p1b: Hatterene|1\n|-damage|p1b: Hatterene|10/100\n|-unboost|p1b: Hatterene|spd|1\n|\n|-weather|Snowscape|[upkeep]\n|-ability|p2b: Scovillain|Moody|boost\n|-boost|p2b: Scovillain|def|2\n|-unboost|p2b: Scovillain|spa|1\n|upkeep\n|turn|3\n|inactive|KingZeusVGC has 30 seconds left.\n|\n|t:|1788283862\n|switch|p1a: Farigiraf|Farigiraf, L50, F|100/100\n|move|p2a: Froslass|Protect|p2a: Froslass\n|-singleturn|p2a: Froslass|Protect\n|move|p1b: Hatterene|Psychic|p2a: Froslass\n|-activate|p2a: Froslass|move: Protect\n|move|p2b: Scovillain|Giga Drain|p1a: Farigiraf\n|-damage|p1a: Farigiraf|84/100\n|-heal|p2b: Scovillain|67/100|[from] drain|[of] p1a: Farigiraf\n|\n|-weather|Snowscape|[upkeep]\n|-ability|p2b: Scovillain|Moody|boost\n|-boost|p2b: Scovillain|def|2\n|-unboost|p2b: Scovillain|spa|1\n|upkeep\n|turn|4\n|inactive|KingZeusVGC has 30 seconds left.\n|inactive|KingZeusVGC has 20 seconds left.\n|inactive|KingZeusVGC has 15 seconds left.\n|inactive|KingZeusVGC has 10 seconds left.\n|\n|t:|1788283909\n|switch|p2a: Basculegion|Basculegion, L50, M|100/100\n|move|p1b: Hatterene|Psychic|p2b: Scovillain\n|-damage|p2b: Scovillain|25/100\n|-unboost|p2b: Scovillain|spd|1\n|move|p2b: Scovillain|Giga Drain|p1b: Hatterene\n|-damage|p1b: Hatterene|0 fnt\n|-heal|p2b: Scovillain|30/100|[from] drain|[of] p1b: Hatterene\n|faint|p1b: Hatterene\n|move|p1a: Farigiraf|Twin Beam|p2b: Scovillain\n|-damage|p2b: Scovillain|12/100\n|-crit|p2b: Scovillain\n|-damage|p2b: Scovillain|0 fnt\n|faint|p2b: Scovillain\n|-hitcount|p2: Scovillain|2\n|\n|-weather|Snowscape|[upkeep]\n|upkeep\n|\n|t:|1788283924\n|switch|p1b: Rhyperior|Rhyperior, L50, M|100/100\n|switch|p2b: Froslass|Froslass-Mega, L50, F|33/100\n|turn|5\n|\n|t:|1788283933\n|switch|p1b: Blastoise|Blastoise-Mega, L50, F|25/100\n|move|p2a: Basculegion|Protect|p2a: Basculegion\n|-singleturn|p2a: Basculegion|Protect\n|move|p2b: Froslass|Protect|p2b: Froslass\n|-singleturn|p2b: Froslass|Protect\n|move|p1a: Farigiraf|Twin Beam|p2b: Froslass\n|-activate|p2b: Froslass|move: Protect\n|\n|-weather|none\n|-sideend|p2: Pawah|move: Aurora Veil\n|-fieldend|move: Trick Room\n|upkeep\n|turn|6\n|\n|t:|1788283943\n|move|p2b: Froslass|Blizzard|p1a: Farigiraf|[spread] p1a,p1b\n|-resisted|p1b: Blastoise|1\n|-damage|p1a: Farigiraf|43/100\n|-damage|p1b: Blastoise|7/100\n|-status|p1a: Farigiraf|frz\n|move|p2a: Basculegion|Wave Crash|p1a: Farigiraf\n|-damage|p1a: Farigiraf|0 fnt\n|faint|p1a: Farigiraf\n|-damage|p2a: Basculegion|85/100|[from] Recoil\n|move|p1b: Blastoise|Dark Pulse|p2a: Basculegion\n|-supereffective|p2a: Basculegion|1\n|-damage|p2a: Basculegion|0 fnt\n|faint|p2a: Basculegion\n|\n|upkeep\n|\n|t:|1788283954\n|switch|p2a: Sneasler|Sneasler, L50, M|100/100\n|switch|p1a: Rhyperior|Rhyperior, L50, M|100/100\n|turn|7\n|inactive|KingZeusVGC has 30 seconds left.\n|\n|t:|1788283986\n|move|p2a: Sneasler|Fake Out|p1a: Rhyperior\n|-resisted|p1a: Rhyperior|1\n|-damage|p1a: Rhyperior|95/100\n|move|p2b: Froslass|Shadow Ball|p1b: Blastoise\n|-damage|p1b: Blastoise|0 fnt\n|faint|p1b: Blastoise\n|cant|p1a: Rhyperior|flinch\n|\n|upkeep\n|turn|8\n|\n|t:|1788283993\n|move|p2b: Froslass|Shadow Ball|p1a: Rhyperior\n|-damage|p1a: Rhyperior|49/100\n|move|p2a: Sneasler|Close Combat|p1a: Rhyperior\n|-supereffective|p1a: Rhyperior|1\n|-crit|p1a: Rhyperior\n|-damage|p1a: Rhyperior|0 fnt\n|-unboost|p2a: Sneasler|def|1\n|-unboost|p2a: Sneasler|spd|1\n|faint|p1a: Rhyperior\n|\n|win|Pawah\n","uploadtime":1788283993,"views":"0","formatid":"gen9championsvgc2026regmbbo3","rating":null,"private":0,"password":null}