{"id":"gen9championsvgc2026regmbbo3-2674096879","format":"[Gen 9 Champions] VGC 2026 Reg M-B (Bo3)","players":["humania1","Ellisqwan"],"log":"|j|☆humania1\n|j|☆Ellisqwan\n|html|<table width=\"100%\"><tr><td align=\"left\">humania1</td><td align=\"right\">Ellisqwan</tr><tr><td align=\"left\"><i class=\"fa fa-circle-o\"></i> <i class=\"fa fa-circle-o\"></i> </td><td align=\"right\"><i class=\"fa fa-circle-o\"></i> <i class=\"fa fa-circle\"></i> </tr></table>\n|uhtml|bestof|<h2><strong>Game 2</strong> of <a href=\"/game-bestof3-gen9championsvgc2026regmbbo3-2674095570\">a best-of-3</a></h2>\n|t:|1788298686\n|gametype|doubles\n|player|p1|humania1|266|1000\n|player|p2|Ellisqwan|2|1000\n|gen|9\n|tier|[Gen 9 Champions] VGC 2026 Reg M-B (Bo3)\n|rated|\n|rule|Species Clause: Limit one of each Pokémon\n|rule|Item Clause: Limit 1 of each item\n|clearpoke\n|poke|p1|Blastoise, L50, F|\n|poke|p1|Delphox, L50, M, shiny|\n|poke|p1|Incineroar, L50, M|\n|poke|p1|Sinistcha, L50|\n|poke|p1|Sneasler, L50, F|\n|poke|p1|Vivillon, L50, M|\n|poke|p2|Sceptile, L50, F|\n|poke|p2|Heliolisk, L50, M|\n|poke|p2|Charizard, L50, F|\n|poke|p2|Whimsicott, L50, M|\n|poke|p2|Sneasler, L50, F|\n|poke|p2|Garchomp, L50, M|\n|teampreview|4\n|showteam|p1|Blastoise||Blastoisinite|Torrent|Protect,ShellSmash,WaterSpout,DarkPulse|Modest||F|||50|]Delphox||Delphoxite|Blaze|Protect,HeatWave,Psyshock,NastyPlot|Timid||M|||50|]Incineroar||PasshoBerry|Intimidate|FakeOut,PartingShot,FlareBlitz,ThroatChop|Impish||M|||50|]Sinistcha||SitrusBerry|Hospitality|Protect,MatchaGotcha,TrickRoom,RagePowder|Bold|||||50|]Sneasler||FocusSash|PoisonTouch|QuickGuard,FakeOut,CloseCombat,DireClaw|Jolly||F|||50|]Vivillon||ChoiceScarf|CompoundEyes|Hurricane,SleepPowder,RagePowder,Uturn|Timid||M|||50|\n|showteam|p2|Sceptile||Sceptilite|Overgrow|DragonPulse,EnergyBall,Detect,EarthPower|Modest||F|||50|]Heliolisk||ChoiceScarf|SolarPower|Discharge,VoltSwitch,HyperVoice,ShedTail|Modest||M|||50|]Charizard||CharizarditeY|SolarPower|HeatWave,Protect,SolarBeam,WeatherBall|Timid||F|||50|]Whimsicott||FocusSash|Prankster|Tailwind,Protect,Encore,Moonblast|Timid||M|||50|]Sneasler||WhiteHerb|Unburden|FakeOut,DireClaw,CloseCombat,ThroatChop|Jolly||F|||50|]Garchomp||LifeOrb|RoughSkin|Earthquake,RockSlide,Protect,StompingTantrum|Jolly||M|||50|\n|inactive|Battle timer is ON: inactive players will automatically lose when time's up. (requested by humania1)\n|\n|t:|1788298712\n|teamsize|p1|4\n|teamsize|p2|4\n|start\n|switch|p1a: Delphox|Delphox, L50, M, shiny|100/100\n|switch|p1b: Incineroar|Incineroar, L50, M|100/100\n|switch|p2a: Heliolisk|Heliolisk, L50, M|100/100\n|switch|p2b: Charizard|Charizard, L50, F|100/100\n|-ability|p1b: Incineroar|Intimidate|boost\n|-unboost|p2a: Heliolisk|atk|1\n|-unboost|p2b: Charizard|atk|1\n|turn|1\n|\n|t:|1788298737\n|detailschange|p1a: Delphox|Delphox-Mega, L50, M, shiny\n|-mega|p1a: Delphox|Delphox|Delphoxite\n|detailschange|p2b: Charizard|Charizard-Mega-Y, L50, F\n|-mega|p2b: Charizard|Charizard|Charizardite Y\n|-weather|SunnyDay|[from] ability: Drought|[of] p2b: Charizard\n|move|p2b: Charizard|Protect|p2b: Charizard\n|-singleturn|p2b: Charizard|Protect\n|move|p2a: Heliolisk|Discharge|p1b: Incineroar|[spread] p1a,p1b\n|-activate|p2b: Charizard|move: Protect\n|-damage|p1a: Delphox|59/100\n|-damage|p1b: Incineroar|53/100\n|-status|p1b: Incineroar|par\n|move|p1a: Delphox|Psyshock|p2a: Heliolisk\n|-damage|p2a: Heliolisk|2/100\n|move|p1b: Incineroar|Flare Blitz|p2a: Heliolisk\n|-damage|p2a: Heliolisk|0 fnt\n|faint|p2a: Heliolisk\n|-damage|p1b: Incineroar|53/100 par|[from] Recoil\n|\n|-weather|SunnyDay|[upkeep]\n|upkeep\n|\n|t:|1788298742\n|switch|p2a: Garchomp|Garchomp, L50, M|100/100\n|turn|2\n|\n|t:|1788298752\n|switch|p1b: Sinistcha|Sinistcha, L50|100/100\n|-heal|p1a: Delphox|84/100|[from] ability: Hospitality|[of] p1b: Sinistcha\n|move|p1a: Delphox|Psyshock|p2b: Charizard\n|-damage|p2b: Charizard|36/100\n|move|p2a: Garchomp|Rock Slide|p1a: Delphox|[spread] p1a\n|-miss|p2a: Garchomp|p1b: Sinistcha\n|-supereffective|p1a: Delphox|1\n|-damage|p1a: Delphox|8/100\n|-damage|p2a: Garchomp|90/100|[from] item: Life Orb\n|move|p2b: Charizard|Heat Wave|p1a: Delphox|[spread] \n|-miss|p2b: Charizard|p1a: Delphox\n|-miss|p2b: Charizard|p1b: Sinistcha\n|\n|-weather|SunnyDay|[upkeep]\n|upkeep\n|turn|3\n|\n|t:|1788298776\n|switch|p1b: Incineroar|Incineroar, L50, M|53/100 par\n|-ability|p1b: Incineroar|Intimidate|boost\n|-unboost|p2a: Garchomp|atk|1\n|-unboost|p2b: Charizard|atk|1\n|move|p1a: Delphox|Protect|p1a: Delphox\n|-singleturn|p1a: Delphox|Protect\n|move|p2a: Garchomp|Rock Slide|p1a: Delphox|[spread] p1b\n|-activate|p1a: Delphox|move: Protect\n|-supereffective|p1b: Incineroar|1\n|-damage|p1b: Incineroar|23/100 par\n|-damage|p2a: Garchomp|80/100|[from] item: Life Orb\n|move|p2b: Charizard|Weather Ball|p1b: Incineroar\n|-resisted|p1b: Incineroar|1\n|-damage|p1b: Incineroar|0 fnt\n|faint|p1b: Incineroar\n|\n|-weather|SunnyDay|[upkeep]\n|upkeep\n|\n|t:|1788298776\n|switch|p1b: Sneasler|Sneasler, L50, F|100/100\n|turn|4\n|\n|t:|1788298785\n|switch|p2a: Sneasler|Sneasler, L50, F|100/100\n|move|p2b: Charizard|Protect|p2b: Charizard\n|-singleturn|p2b: Charizard|Protect\n|move|p1a: Delphox|Psyshock|p2b: Charizard\n|-activate|p2b: Charizard|move: Protect\n|move|p1b: Sneasler|Dire Claw|p2b: Charizard\n|-activate|p2b: Charizard|move: Protect\n|\n|-weather|SunnyDay|[upkeep]\n|upkeep\n|turn|5\n|inactive|Ellisqwan has 30 seconds left.\n|\n|t:|1788298816\n|move|p1a: Delphox|Protect|p1a: Delphox\n|-singleturn|p1a: Delphox|Protect\n|move|p2a: Sneasler|Fake Out|p1b: Sneasler\n|-damage|p1b: Sneasler|75/100\n|cant|p1b: Sneasler|flinch\n|move|p2b: Charizard|Heat Wave|p1a: Delphox|[spread] p1b\n|-activate|p1a: Delphox|move: Protect\n|-damage|p1b: Sneasler|0 fnt\n|faint|p1b: Sneasler\n|\n|-weather|none\n|upkeep\n|\n|t:|1788298817\n|switch|p1b: Sinistcha|Sinistcha, L50|100/100\n|-heal|p1a: Delphox|33/100|[from] ability: Hospitality|[of] p1b: Sinistcha\n|turn|6\n|\n|t:|1788298824\n|move|p1b: Sinistcha|Protect|p1b: Sinistcha\n|-singleturn|p1b: Sinistcha|Protect\n|move|p1a: Delphox|Psyshock|p2a: Sneasler\n|-supereffective|p2a: Sneasler|2\n|-damage|p2a: Sneasler|0 fnt\n|faint|p2a: Sneasler\n|move|p2b: Charizard|Heat Wave|p1a: Delphox|[spread] p1a\n|-activate|p1b: Sinistcha|move: Protect\n|-resisted|p1a: Delphox|1\n|-damage|p1a: Delphox|11/100\n|\n|upkeep\n|\n|t:|1788298827\n|switch|p2a: Garchomp|Garchomp, L50, M|80/100\n|turn|7\n|\n|t:|1788298831\n|move|p1a: Delphox|Psyshock|p2b: Charizard\n|-damage|p2b: Charizard|0 fnt\n|faint|p2b: Charizard\n|move|p2a: Garchomp|Rock Slide|p1a: Delphox|[spread] p1a,p1b\n|-supereffective|p1a: Delphox|1\n|-damage|p1a: Delphox|0 fnt\n|-damage|p1b: Sinistcha|75/100\n|faint|p1a: Delphox\n|-damage|p2a: Garchomp|70/100|[from] item: Life Orb\n|move|p1b: Sinistcha|Trick Room|p1b: Sinistcha\n|-fieldstart|move: Trick Room|[of] p1b: Sinistcha\n|\n|upkeep\n|turn|8\n|\n|t:|1788298839\n|move|p2a: Garchomp|Protect|p2a: Garchomp\n|-singleturn|p2a: Garchomp|Protect\n|move|p1b: Sinistcha|Matcha Gotcha|p2a: Garchomp\n|-activate|p2a: Garchomp|move: Protect\n|\n|upkeep\n|turn|9\n|\n|t:|1788298844\n|move|p1b: Sinistcha|Matcha Gotcha|p2a: Garchomp\n|-damage|p2a: Garchomp|36/100\n|-heal|p1b: Sinistcha|93/100|[from] drain|[of] p2a: Garchomp\n|-status|p2a: Garchomp|brn\n|move|p2a: Garchomp|Rock Slide|p1b: Sinistcha\n|-damage|p1b: Sinistcha|78/100\n|-damage|p2a: Garchomp|26/100 brn|[from] item: Life Orb\n|\n|-damage|p2a: Garchomp|20/100y brn|[from] brn\n|upkeep\n|turn|10\n|\n|t:|1788298849\n|move|p2a: Garchomp|Protect|p2a: Garchomp\n|-singleturn|p2a: Garchomp|Protect\n|move|p1b: Sinistcha|Matcha Gotcha|p2a: Garchomp\n|-activate|p2a: Garchomp|move: Protect\n|\n|-damage|p2a: Garchomp|14/100 brn|[from] brn\n|upkeep\n|turn|11\n|\n|t:|1788298850\n|move|p1b: Sinistcha|Matcha Gotcha|p2a: Garchomp\n|-damage|p2a: Garchomp|0 fnt\n|-heal|p1b: Sinistcha|86/100|[from] drain|[of] p2a: Garchomp\n|faint|p2a: Garchomp\n|\n|win|humania1\n","uploadtime":1788298850,"views":"0","formatid":"gen9championsvgc2026regmbbo3","rating":null,"private":0,"password":null}