{"id":"gen9championsvgc2026regmb-2674132120","format":"[Gen 9 Champions] VGC 2026 Reg M-B","players":["abhinavb","HondourPoker"],"log":"|j|☆abhinavb\n|j|☆HondourPoker\n|t:|1788303844\n|gametype|doubles\n|player|p1|abhinavb|266|\n|player|p2|HondourPoker|170|\n|gen|9\n|tier|[Gen 9 Champions] VGC 2026 Reg M-B\n|rule|Species Clause: Limit one of each Pokémon\n|rule|Item Clause: Limit 1 of each item\n|clearpoke\n|poke|p1|Kangaskhan, L50, F|\n|poke|p1|Kommo-o, L50, F|\n|poke|p1|Sinistcha, L50|\n|poke|p1|Talonflame, L50, M|\n|poke|p1|Pinsir, L50, M|\n|poke|p1|Hatterene, L50, F|\n|poke|p2|Sableye, L50, F|\n|poke|p2|Gengar, L50, M|\n|poke|p2|Dragapult, L50, M|\n|poke|p2|Tinkaton, L50, F|\n|poke|p2|Incineroar, L50, M|\n|poke|p2|Primarina, L50, M|\n|teampreview|4\n|\n|t:|1788303932\n|teamsize|p1|4\n|teamsize|p2|4\n|start\n|switch|p1a: Sinistcha|Sinistcha, L50|100/100\n|switch|p1b: Talonflame|Talonflame, L50, M|100/100\n|switch|p2a: Primarina|Primarina, L50, M|100/100\n|switch|p2b: Incineroar|Incineroar, L50, M|100/100\n|-ability|p2b: Incineroar|Intimidate|boost\n|-unboost|p1a: Sinistcha|atk|1\n|-unboost|p1b: Talonflame|atk|1\n|turn|1\n|\n|t:|1788303984\n|switch|p1b: Kommo-o|Kommo-o, L50, F|100/100\n|move|p2b: Incineroar|Fake Out|p1b: Kommo-o\n|-damage|p1b: Kommo-o|88/100\n|move|p1a: Sinistcha|Matcha Gotcha|p2a: Primarina|[spread] p2a,p2b\n|-supereffective|p2a: Primarina|1\n|-resisted|p2b: Incineroar|1\n|-damage|p2a: Primarina|44/100\n|-damage|p2b: Incineroar|85/100\n|-status|p2a: Primarina|brn\n|move|p2a: Primarina|Hyper Voice|p1a: Sinistcha|[spread] p1a,p1b\n|-resisted|p1a: Sinistcha|1\n|-crit|p1a: Sinistcha\n|-resisted|p1b: Kommo-o|1\n|-damage|p1a: Sinistcha|70/100\n|-damage|p1b: Kommo-o|66/100\n|\n|-heal|p1b: Kommo-o|72/100|[from] item: Leftovers\n|-heal|p2a: Primarina|50/100g brn|[from] item: Leftovers\n|-damage|p2a: Primarina|44/100 brn|[from] brn\n|upkeep\n|turn|2\n|\n|t:|1788304040\n|switch|p2a: Tinkaton|Tinkaton, L50, F|100/100\n|-ability|p2a: Tinkaton|Mold Breaker\n|move|p1a: Sinistcha|Rage Powder|p1a: Sinistcha\n|-singleturn|p1a: Sinistcha|move: Rage Powder\n|move|p1b: Kommo-o|Boomburst|p2b: Incineroar|[spread] p2a,p2b\n|-immune|p1a: Sinistcha\n|-resisted|p2a: Tinkaton|1\n|-damage|p2a: Tinkaton|86/100\n|-damage|p2b: Incineroar|58/100\n|move|p2b: Incineroar|Throat Chop|p1a: Sinistcha\n|-supereffective|p1a: Sinistcha|1\n|-damage|p1a: Sinistcha|10/100\n|-start|p1a: Sinistcha|Throat Chop|[silent]\n|-enditem|p1a: Sinistcha|Sitrus Berry|[eat]\n|-heal|p1a: Sinistcha|34/100|[from] item: Sitrus Berry\n|\n|-heal|p1b: Kommo-o|78/100|[from] item: Leftovers\n|upkeep\n|turn|3\n|\n|t:|1788304103\n|switch|p1b: Kangaskhan|Kangaskhan, L50, F|100/100\n|move|p2a: Tinkaton|Fake Out|p1b: Kangaskhan\n|-damage|p1b: Kangaskhan|90/100\n|move|p1a: Sinistcha|Shadow Ball|p2b: Incineroar\n|-resisted|p2b: Incineroar|1\n|-damage|p2b: Incineroar|41/100\n|-unboost|p2b: Incineroar|spd|1\n|-enditem|p2b: Incineroar|Sitrus Berry|[eat]\n|-heal|p2b: Incineroar|66/100|[from] item: Sitrus Berry\n|move|p2b: Incineroar|Throat Chop|p1a: Sinistcha\n|-supereffective|p1a: Sinistcha|1\n|-damage|p1a: Sinistcha|0 fnt\n|faint|p1a: Sinistcha\n|\n|upkeep\n|\n|t:|1788304125\n|switch|p1a: Talonflame|Talonflame, L50, M|100/100\n|turn|4\n|\n|t:|1788304160\n|detailschange|p1b: Kangaskhan|Kangaskhan-Mega, L50, F\n|-mega|p1b: Kangaskhan|Kangaskhan|Kangaskhanite\n|move|p2a: Tinkaton|Protect|p2a: Tinkaton\n|-singleturn|p2a: Tinkaton|Protect\n|move|p1a: Talonflame|Flare Blitz|p2a: Tinkaton\n|-activate|p2a: Tinkaton|move: Protect\n|move|p1b: Kangaskhan|Hammer Arm|p2b: Incineroar\n|-supereffective|p2b: Incineroar|1\n|-damage|p2b: Incineroar|17/100\n|-unboost|p1b: Kangaskhan|spe|1\n|-supereffective|p2b: Incineroar|1\n|-damage|p2b: Incineroar|5/100\n|-unboost|p1b: Kangaskhan|spe|1\n|-hitcount|p2b: Incineroar|2\n|move|p2b: Incineroar|Parting Shot|p1b: Kangaskhan\n|-unboost|p1b: Kangaskhan|atk|1\n|-unboost|p1b: Kangaskhan|spa|1\n|\n|t:|1788304193\n|switch|p2b: Gengar|Gengar, L50, M|100/100|[from] Parting Shot\n|\n|upkeep\n|turn|5\n|\n|t:|1788304220\n|switch|p2a: Primarina|Primarina, L50, M|44/100 brn\n|detailschange|p2b: Gengar|Gengar-Mega, L50, M\n|-mega|p2b: Gengar|Gengar|Gengarite\n|move|p1a: Talonflame|Flare Blitz|p2a: Primarina\n|-resisted|p2a: Primarina|1\n|-crit|p2a: Primarina\n|-damage|p2a: Primarina|9/100 brn\n|-damage|p1a: Talonflame|85/100|[from] Recoil\n|move|p2b: Gengar|Perish Song|p2b: Gengar\n|-start|p1a: Talonflame|perish3|[silent]\n|-start|p1b: Kangaskhan|perish3|[silent]\n|-start|p2a: Primarina|perish3|[silent]\n|-start|p2b: Gengar|perish3|[silent]\n|-fieldactivate|move: Perish Song\n|move|p1b: Kangaskhan|Last Resort||[still]\n|-fail|p1b: Kangaskhan\n|\n|-heal|p2a: Primarina|14/100 brn|[from] item: Leftovers\n|-damage|p2a: Primarina|9/100 brn|[from] brn\n|-start|p1a: Talonflame|perish3\n|-start|p2b: Gengar|perish3\n|-start|p1b: Kangaskhan|perish3\n|-start|p2a: Primarina|perish3\n|upkeep\n|turn|6\n|\n|t:|1788304289\n|move|p2b: Gengar|Protect|p2b: Gengar\n|-singleturn|p2b: Gengar|Protect\n|move|p2a: Primarina|Protect|p2a: Primarina\n|-singleturn|p2a: Primarina|Protect\n|move|p1a: Talonflame|Brave Bird|p2b: Gengar\n|-activate|p2b: Gengar|move: Protect\n|move|p1b: Kangaskhan|Ice Punch|p2a: Primarina\n|-activate|p2a: Primarina|move: Protect\n|\n|-heal|p2a: Primarina|14/100 brn|[from] item: Leftovers\n|-damage|p2a: Primarina|9/100 brn|[from] brn\n|-start|p1a: Talonflame|perish2\n|-start|p2b: Gengar|perish2\n|-start|p1b: Kangaskhan|perish2\n|-start|p2a: Primarina|perish2\n|upkeep\n|turn|7\n|\n|t:|1788304328\n|switch|p2b: Tinkaton|Tinkaton, L50, F|86/100\n|-ability|p2b: Tinkaton|Mold Breaker\n|move|p1a: Talonflame|Brave Bird|p2a: Primarina\n|-crit|p2a: Primarina\n|-damage|p2a: Primarina|0 fnt\n|faint|p2a: Primarina\n|-damage|p1a: Talonflame|81/100|[from] Recoil\n|move|p1b: Kangaskhan|Ice Punch|p2b: Tinkaton\n|-resisted|p2b: Tinkaton|1\n|-crit|p2b: Tinkaton\n|-damage|p2b: Tinkaton|68/100\n|-resisted|p2b: Tinkaton|1\n|-damage|p2b: Tinkaton|66/100\n|-hitcount|p2b: Tinkaton|2\n|\n|-start|p1a: Talonflame|perish1\n|-start|p1b: Kangaskhan|perish1\n|upkeep\n|\n|t:|1788304339\n|switch|p2a: Gengar|Gengar-Mega, L50, M|100/100\n|turn|8\n|\n|t:|1788304364\n|move|p2a: Gengar|Protect|p2a: Gengar\n|-singleturn|p2a: Gengar|Protect\n|move|p2b: Tinkaton|Protect|p2b: Tinkaton\n|-singleturn|p2b: Tinkaton|Protect\n|move|p1a: Talonflame|Flare Blitz|p2b: Tinkaton\n|-activate|p2b: Tinkaton|move: Protect\n|move|p1b: Kangaskhan|Ice Punch|p2a: Gengar\n|-activate|p2a: Gengar|move: Protect\n|\n|-start|p1a: Talonflame|perish0\n|-start|p1b: Kangaskhan|perish0\n|faint|p1a: Talonflame\n|faint|p1b: Kangaskhan\n|upkeep\n|\n|t:|1788304378\n|switch|p1b: Kommo-o|Kommo-o, L50, F|78/100\n|turn|9\n|\n|t:|1788304395\n|switch|p2b: Incineroar|Incineroar, L50, M|5/100\n|-ability|p2b: Incineroar|Intimidate|boost\n|-unboost|p1b: Kommo-o|atk|1\n|move|p2a: Gengar|Perish Song|p2a: Gengar\n|-start|p1b: Kommo-o|perish3|[silent]\n|-start|p2a: Gengar|perish3|[silent]\n|-start|p2b: Incineroar|perish3|[silent]\n|-fieldactivate|move: Perish Song\n|move|p1b: Kommo-o|Clangorous Soul|p1b: Kommo-o\n|-boost|p1b: Kommo-o|atk|1\n|-boost|p1b: Kommo-o|def|1\n|-boost|p1b: Kommo-o|spa|1\n|-boost|p1b: Kommo-o|spd|1\n|-boost|p1b: Kommo-o|spe|1\n|-damage|p1b: Kommo-o|46/100\n|\n|-heal|p1b: Kommo-o|52/100|[from] item: Leftovers\n|-start|p1b: Kommo-o|perish3\n|-start|p2a: Gengar|perish3\n|-start|p2b: Incineroar|perish3\n|upkeep\n|turn|10\n|\n|t:|1788304411\n|move|p2a: Gengar|Protect|p2a: Gengar\n|-singleturn|p2a: Gengar|Protect\n|move|p2b: Incineroar|Protect|p2b: Incineroar\n|-singleturn|p2b: Incineroar|Protect\n|move|p1b: Kommo-o|Clanging Scales|p2a: Gengar|[spread] \n|-activate|p2a: Gengar|move: Protect\n|-activate|p2b: Incineroar|move: Protect\n|\n|-heal|p1b: Kommo-o|58/100|[from] item: Leftovers\n|-start|p1b: Kommo-o|perish2\n|-start|p2a: Gengar|perish2\n|-start|p2b: Incineroar|perish2\n|upkeep\n|turn|11\n|\n|t:|1788304430\n|switch|p2a: Tinkaton|Tinkaton, L50, F|66/100\n|-ability|p2a: Tinkaton|Mold Breaker\n|move|p1b: Kommo-o|Clanging Scales|p2b: Incineroar|[spread] p2b\n|-immune|p2a: Tinkaton\n|-damage|p2b: Incineroar|0 fnt\n|faint|p2b: Incineroar\n|-unboost|p1b: Kommo-o|def|1\n|\n|-heal|p1b: Kommo-o|64/100|[from] item: Leftovers\n|-start|p1b: Kommo-o|perish1\n|upkeep\n|\n|t:|1788304437\n|switch|p2b: Gengar|Gengar-Mega, L50, M|100/100\n|turn|12\n|\n|t:|1788304445\n|move|p2b: Gengar|Protect|p2b: Gengar\n|-singleturn|p2b: Gengar|Protect\n|move|p2a: Tinkaton|Protect|p2a: Tinkaton\n|-singleturn|p2a: Tinkaton|Protect\n|move|p1b: Kommo-o|Throat Chop|p2b: Gengar\n|-activate|p2b: Gengar|move: Protect\n|\n|-heal|p1b: Kommo-o|70/100|[from] item: Leftovers\n|-start|p1b: Kommo-o|perish0\n|faint|p1b: Kommo-o\n|\n|win|HondourPoker\n|l|☆abhinavb\n|player|p1|\n","uploadtime":1788304521,"views":"0","formatid":"gen9championsvgc2026regmb","rating":null,"private":0,"password":null}