{"id":"gen9championsvgc2026regmbbo3-2673962511","format":"[Gen 9 Champions] VGC 2026 Reg M-B (Bo3)","players":["Hiboy67235","humania1"],"log":"|j|☆Hiboy67235\n|j|☆humania1\n|html|<table width=\"100%\"><tr><td align=\"left\">Hiboy67235</td><td align=\"right\">humania1</tr><tr><td align=\"left\"><i class=\"fa fa-circle-o\"></i> <i class=\"fa fa-circle-o\"></i> </td><td align=\"right\"><i class=\"fa fa-circle-o\"></i> <i class=\"fa fa-circle-o\"></i> </tr></table>\n|uhtml|bestof|<h2><strong>Game 1</strong> of <a href=\"/game-bestof3-gen9championsvgc2026regmbbo3-2673962509\">a best-of-3</a></h2>\n|t:|1788282293\n|gametype|doubles\n|player|p1|Hiboy67235|101|1000\n|player|p2|humania1|266|1000\n|gen|9\n|tier|[Gen 9 Champions] VGC 2026 Reg M-B (Bo3)\n|rated|\n|rule|Species Clause: Limit one of each Pokémon\n|rule|Item Clause: Limit 1 of each item\n|clearpoke\n|poke|p1|Garchomp, L50, F|\n|poke|p1|Sinistcha, L50|\n|poke|p1|Incineroar, L50, M|\n|poke|p1|Glimmora, L50, M|\n|poke|p1|Hippowdon, L50, F|\n|poke|p1|Farigiraf, L50, M|\n|poke|p2|Blastoise, L50, M|\n|poke|p2|Delphox, L50, M, shiny|\n|poke|p2|Incineroar, L50, M|\n|poke|p2|Sinistcha, L50|\n|poke|p2|Sneasler, L50, F|\n|poke|p2|Vivillon, L50, F|\n|teampreview|4\n|showteam|p1|Garchomp||Garchompite|RoughSkin|DragonClaw,Earthquake,RockSlide,Protect|Brave||F|||50|]Sinistcha||SitrusBerry|Hospitality|RagePowder,Protect,MatchaGotcha,TrickRoom|Relaxed|||||50|]Incineroar||ChopleBerry|Intimidate|PartingShot,FakeOut,WillOWisp,DarkestLariat|Sassy||M|||50|]Glimmora||FocusSash|ToxicDebris|SludgeBomb,SpikyShield,EarthPower,PowerGem|Quiet||M|||50|]Hippowdon||Leftovers|SandStream|Curse,HighHorsepower,SlackOff,IceFang|Relaxed||F|||50|]Farigiraf||LightClay|ArmorTail|TrickRoom,LightScreen,Reflect,HyperVoice|Relaxed||M|||50|\n|showteam|p2|Blastoise||Blastoisinite|Torrent|Protect,ShellSmash,WaterSpout,DarkPulse|Modest||M|||50|]Delphox||Delphoxite|Blaze|Protect,HeatWave,Psyshock,NastyPlot|Timid||M|||50|]Incineroar||PasshoBerry|Intimidate|FakeOut,PartingShot,FlareBlitz,ThroatChop|Impish||M|||50|]Sinistcha||SitrusBerry|Hospitality|Protect,MatchaGotcha,TrickRoom,RagePowder|Bold|||||50|]Sneasler||FocusSash|PoisonTouch|QuickGuard,FakeOut,CloseCombat,DireClaw|Jolly||F|||50|]Vivillon||ChoiceScarf|CompoundEyes|Hurricane,SleepPowder,RagePowder,Uturn|Timid||F|||50|\n|inactive|Battle timer is ON: inactive players will automatically lose when time's up. (requested by humania1)\n|inactive|Hiboy67235 has 60 seconds left.\n|\n|t:|1788282351\n|teamsize|p1|4\n|teamsize|p2|4\n|start\n|switch|p1a: Farigiraf|Farigiraf, L50, M|100/100\n|switch|p1b: Hippowdon|Hippowdon, L50, F|100/100\n|switch|p2a: Incineroar|Incineroar, L50, M|100/100\n|switch|p2b: Sinistcha|Sinistcha, L50|100/100\n|-ability|p2a: Incineroar|Intimidate|boost\n|-unboost|p1a: Farigiraf|atk|1\n|-unboost|p1b: Hippowdon|atk|1\n|-weather|Sandstorm|[from] ability: Sand Stream|[of] p1b: Hippowdon\n|turn|1\n|inactive|Hiboy67235 has 30 seconds left.\n|\n|t:|1788282385\n|switch|p1b: Garchomp|Garchomp, L50, F|100/100\n|move|p2b: Sinistcha|Rage Powder|p2b: Sinistcha\n|-singleturn|p2b: Sinistcha|move: Rage Powder\n|move|p2a: Incineroar|Throat Chop|p1a: Farigiraf\n|-supereffective|p1a: Farigiraf|1\n|-damage|p1a: Farigiraf|50/100g\n|-start|p1a: Farigiraf|Throat Chop|[silent]\n|move|p1a: Farigiraf|Trick Room|p1a: Farigiraf\n|-fieldstart|move: Trick Room|[of] p1a: Farigiraf\n|\n|-weather|Sandstorm|[upkeep]\n|-damage|p1a: Farigiraf|44/100|[from] Sandstorm\n|-damage|p2b: Sinistcha|93/100|[from] Sandstorm\n|-damage|p2a: Incineroar|94/100|[from] Sandstorm\n|upkeep\n|turn|2\n|inactive|Hiboy67235 has 30 seconds left.\n|inactive|Hiboy67235 has 20 seconds left.\n|inactive|Hiboy67235 has 15 seconds left.\n|\n|t:|1788282425\n|detailschange|p1b: Garchomp|Garchomp-Mega, L50, F\n|-mega|p1b: Garchomp|Garchomp|Garchompite\n|move|p1b: Garchomp|Protect|p1b: Garchomp\n|-singleturn|p1b: Garchomp|Protect\n|move|p1a: Farigiraf|Reflect|p1a: Farigiraf\n|-sidestart|p1: Hiboy67235|Reflect\n|move|p2b: Sinistcha|Matcha Gotcha|p1a: Farigiraf|[spread] p1a\n|-activate|p1b: Garchomp|move: Protect\n|-damage|p1a: Farigiraf|22/100\n|-heal|p2b: Sinistcha|100/100|[from] drain|[of] p1a: Farigiraf\n|move|p2a: Incineroar|Throat Chop|p1a: Farigiraf\n|-supereffective|p1a: Farigiraf|1\n|-damage|p1a: Farigiraf|0 fnt\n|faint|p1a: Farigiraf\n|\n|-weather|Sandstorm|[upkeep]\n|-damage|p2b: Sinistcha|93/100|[from] Sandstorm\n|-damage|p2a: Incineroar|88/100|[from] Sandstorm\n|upkeep\n|\n|t:|1788282442\n|switch|p1a: Hippowdon|Hippowdon, L50, F|100/100\n|turn|3\n|\n|t:|1788282454\n|move|p1a: Hippowdon|Ice Fang|p2b: Sinistcha\n|-supereffective|p2b: Sinistcha|1\n|-damage|p2b: Sinistcha|61/100\n|-status|p2b: Sinistcha|frz\n|-curestatus|p2b: Sinistcha|frz|[from] move: Matcha Gotcha\n|move|p2b: Sinistcha|Matcha Gotcha|p1b: Garchomp|[spread] p1a,p1b\n|-supereffective|p1a: Hippowdon|1\n|-damage|p1a: Hippowdon|43/100\n|-heal|p2b: Sinistcha|94/100|[from] drain|[of] p1a: Hippowdon\n|-damage|p1b: Garchomp|77/100\n|-heal|p2b: Sinistcha|100/100|[from] drain|[of] p1b: Garchomp\n|-status|p1b: Garchomp|brn\n|move|p1b: Garchomp|Rock Slide|p2a: Incineroar|[spread] p2a,p2b\n|-supereffective|p2a: Incineroar|1\n|-damage|p2a: Incineroar|60/100\n|-damage|p2b: Sinistcha|85/100\n|move|p2a: Incineroar|Flare Blitz|p1a: Hippowdon\n|-damage|p1a: Hippowdon|26/100\n|-damage|p2a: Incineroar|54/100|[from] Recoil\n|\n|-weather|Sandstorm|[upkeep]\n|-damage|p2b: Sinistcha|79/100|[from] Sandstorm\n|-damage|p2a: Incineroar|48/100|[from] Sandstorm\n|-heal|p1a: Hippowdon|32/100|[from] item: Leftovers\n|-damage|p1b: Garchomp|71/100 brn|[from] brn\n|upkeep\n|turn|4\n|inactive|Hiboy67235 has 30 seconds left.\n|\n|t:|1788282486\n|move|p1a: Hippowdon|Slack Off|p1a: Hippowdon\n|-heal|p1a: Hippowdon|82/100\n|move|p2b: Sinistcha|Matcha Gotcha|p1a: Hippowdon|[spread] p1a,p1b\n|-supereffective|p1a: Hippowdon|1\n|-damage|p1a: Hippowdon|27/100\n|-heal|p2b: Sinistcha|100/100|[from] drain|[of] p1a: Hippowdon\n|-damage|p1b: Garchomp|51/100 brn\n|move|p1b: Garchomp|Rock Slide|p2b: Sinistcha|[spread] p2a,p2b\n|-supereffective|p2a: Incineroar|1\n|-damage|p2a: Incineroar|19/100\n|-damage|p2b: Sinistcha|84/100\n|move|p2a: Incineroar|Flare Blitz|p1a: Hippowdon\n|-damage|p1a: Hippowdon|9/100\n|-damage|p2a: Incineroar|13/100|[from] Recoil\n|\n|-weather|Sandstorm|[upkeep]\n|-damage|p2b: Sinistcha|78/100|[from] Sandstorm\n|-damage|p2a: Incineroar|7/100|[from] Sandstorm\n|-heal|p1a: Hippowdon|15/100|[from] item: Leftovers\n|-damage|p1b: Garchomp|45/100 brn|[from] brn\n|upkeep\n|turn|5\n|inactive|Hiboy67235 has 30 seconds left.\n|\n|t:|1788282521\n|switch|p2a: Sneasler|Sneasler, L50, F|100/100\n|move|p1a: Hippowdon|High Horsepower|p2a: Sneasler\n|-supereffective|p2a: Sneasler|1\n|-enditem|p2a: Sneasler|Focus Sash\n|-damage|p2a: Sneasler|1/100\n|move|p2b: Sinistcha|Matcha Gotcha|p1b: Garchomp|[spread] p1a,p1b\n|-supereffective|p1a: Hippowdon|1\n|-damage|p1a: Hippowdon|0 fnt\n|-heal|p2b: Sinistcha|87/100|[from] drain|[of] p1a: Hippowdon\n|-damage|p1b: Garchomp|23/100 brn\n|-heal|p2b: Sinistcha|100/100|[from] drain|[of] p1b: Garchomp\n|faint|p1a: Hippowdon\n|move|p1b: Garchomp|Dragon Claw|p2b: Sinistcha\n|-damage|p2b: Sinistcha|76/100\n|\n|-weather|none\n|-damage|p1b: Garchomp|17/100 brn|[from] brn\n|-fieldend|move: Trick Room\n|upkeep\n|\n|t:|1788282537\n|switch|p1a: Sinistcha|Sinistcha, L50|100/100\n|-heal|p1b: Garchomp|42/100 brn|[from] ability: Hospitality|[of] p1a: Sinistcha\n|turn|6\n|\n|t:|1788282542\n|move|p1b: Garchomp|Protect|p1b: Garchomp\n|-singleturn|p1b: Garchomp|Protect\n|move|p2a: Sneasler|Close Combat|p1b: Garchomp\n|-activate|p1b: Garchomp|move: Protect\n|move|p2b: Sinistcha|Trick Room|p2b: Sinistcha\n|-fieldstart|move: Trick Room|[of] p2b: Sinistcha\n|move|p1a: Sinistcha|Trick Room|p1a: Sinistcha\n|-fieldend|move: Trick Room\n|\n|-damage|p1b: Garchomp|36/100 brn|[from] brn\n|upkeep\n|turn|7\n|\n|t:|1788282559\n|move|p1a: Sinistcha|Rage Powder|p1a: Sinistcha\n|-singleturn|p1a: Sinistcha|move: Rage Powder\n|move|p2a: Sneasler|Close Combat|p1a: Sinistcha\n|-immune|p1a: Sinistcha\n|move|p1b: Garchomp|Rock Slide|p2a: Sneasler|[spread] p2a,p2b\n|-resisted|p2a: Sneasler|1\n|-damage|p2a: Sneasler|0 fnt\n|-damage|p2b: Sinistcha|64/100\n|faint|p2a: Sneasler\n|cant|p2b: Sinistcha|flinch\n|\n|-damage|p1b: Garchomp|30/100 brn|[from] brn\n|upkeep\n|\n|t:|1788282559\n|switch|p2a: Incineroar|Incineroar, L50, M|7/100\n|-ability|p2a: Incineroar|Intimidate|boost\n|-unboost|p1a: Sinistcha|atk|1\n|-unboost|p1b: Garchomp|atk|1\n|turn|8\n|inactive|Hiboy67235 has 30 seconds left.\n|\n|t:|1788282589\n|move|p1a: Sinistcha|Rage Powder|p1a: Sinistcha\n|-singleturn|p1a: Sinistcha|move: Rage Powder\n|move|p2a: Incineroar|Throat Chop|p1a: Sinistcha\n|-supereffective|p1a: Sinistcha|1\n|-damage|p1a: Sinistcha|65/100\n|-start|p1a: Sinistcha|Throat Chop|[silent]\n|move|p1b: Garchomp|Rock Slide|p2a: Incineroar|[spread] p2a,p2b\n|-supereffective|p2a: Incineroar|1\n|-damage|p2a: Incineroar|0 fnt\n|-damage|p2b: Sinistcha|57/100\n|faint|p2a: Incineroar\n|move|p2b: Sinistcha|Matcha Gotcha|p1b: Garchomp|[spread] p1b\n|-miss|p2b: Sinistcha|p1a: Sinistcha\n|-damage|p1b: Garchomp|8/100 brn\n|-heal|p2b: Sinistcha|69/100|[from] drain|[of] p1b: Garchomp\n|\n|-damage|p1b: Garchomp|2/100 brn|[from] brn\n|upkeep\n|\n|t:|1788282589\n|switch|p2a: Vivillon|Vivillon, L50, F|100/100\n|turn|9\n|inactive|Hiboy67235 has 30 seconds left.\n|\n|t:|1788282617\n|move|p2a: Vivillon|Hurricane|p1a: Sinistcha\n|-supereffective|p1a: Sinistcha|1\n|-damage|p1a: Sinistcha|0 fnt\n|faint|p1a: Sinistcha\n|move|p1b: Garchomp|Rock Slide|p2b: Sinistcha|[spread] p2a,p2b\n|-supereffective|p2a: Vivillon|2\n|-crit|p2b: Sinistcha\n|-damage|p2a: Vivillon|28/100\n|-damage|p2b: Sinistcha|53/100\n|cant|p2b: Sinistcha|flinch\n|\n|-damage|p1b: Garchomp|0 fnt|[from] brn\n|faint|p1b: Garchomp\n|\n|win|humania1\n","uploadtime":1788282617,"views":"3","formatid":"gen9championsvgc2026regmbbo3","rating":null,"private":0,"password":null}