{"id":"gen9championsvgc2026regmb-2674796409","format":"[Gen 9 Champions] VGC 2026 Reg M-B","players":["ASapHerb","MPelton02"],"log":"|j|☆ASapHerb\n|j|☆MPelton02\n|html|<table width=\"100%\"><tr><td align=\"left\">ASapHerb</td><td align=\"right\">MPelton02</tr><tr><td align=\"left\"><i class=\"fa fa-circle\"></i> <i class=\"fa fa-circle\"></i> <i class=\"fa fa-circle-o\"></i> </td><td align=\"right\"><i class=\"fa fa-circle-o\"></i> <i class=\"fa fa-circle\"></i> <i class=\"fa fa-circle\"></i> </tr></table>\n|uhtml|bestof|<h2><strong>Game 5</strong> of <a href=\"/game-bestof5-gen9championsvgc2026regmb-2674786758\">a best-of-5</a></h2>\n|t:|1788408508\n|gametype|doubles\n|player|p1|ASapHerb|169|\n|player|p2|MPelton02|265|\n|gen|9\n|tier|[Gen 9 Champions] VGC 2026 Reg M-B\n|rule|Species Clause: Limit one of each Pokémon\n|rule|Item Clause: Limit 1 of each item\n|raw|<div class=\"infobox\"><details class=\"readmore\" open><summary><strong>1 custom rule:</strong></summary> Best of = 5</details></div>\n|clearpoke\n|poke|p1|Blaziken, L50, F|\n|poke|p1|Froslass, L50, F|\n|poke|p1|Dragonite, L50, F|\n|poke|p1|Sneasler, L50, F, shiny|\n|poke|p1|Kingambit, L50, F|\n|poke|p1|Toxapex, L50, F|\n|poke|p2|Raichu, L50, M, shiny|\n|poke|p2|Pelipper, L50, F|\n|poke|p2|Swampert, L50, M|\n|poke|p2|Sinistcha-Masterpiece, L50|\n|poke|p2|Farigiraf, L50, M|\n|poke|p2|Whimsicott, L50, F|\n|teampreview|4\n|j| fittyjason\n|j| danwilt\n|inactive|Battle timer is ON: inactive players will automatically lose when time's up. (requested by ASapHerb)\n|inactive|ASapHerb has 60 seconds left.\n|inactive|MPelton02 has 60 seconds left.\n|\n|t:|1788408569\n|teamsize|p1|4\n|teamsize|p2|4\n|start\n|switch|p1a: Look at dat Fross|Froslass, L50, F|100/100\n|switch|p1b: Toxic Tendencies|Sneasler, L50, F, shiny|100/100\n|switch|p2a: NevrainsCalifornia|Pelipper, L50, F|100/100\n|switch|p2b: Shrek is love|Swampert, L50, M|100/100\n|-weather|RainDance|[from] ability: Drizzle|[of] p2a: NevrainsCalifornia\n|turn|1\n|inactive|ASapHerb has 30 seconds left.\n|inactive|MPelton02 has 30 seconds left.\n|inactive|ASapHerb has 20 seconds left.\n|inactive|MPelton02 has 20 seconds left.\n|inactive|ASapHerb has 15 seconds left.\n|inactive|MPelton02 has 15 seconds left.\n|inactive|MPelton02 has 10 seconds left.\n|\n|t:|1788408615\n|detailschange|p1a: Look at dat Fross|Froslass-Mega, L50, F\n|-mega|p1a: Look at dat Fross|Froslass|Froslassite\n|-weather|Snowscape|[from] ability: Snow Warning|[of] p1a: Look at dat Fross\n|detailschange|p2b: Shrek is love|Swampert-Mega, L50, M\n|-mega|p2b: Shrek is love|Swampert|Swampertite\n|move|p2a: NevrainsCalifornia|Wide Guard|p2a: NevrainsCalifornia\n|-singleturn|p2a: NevrainsCalifornia|Wide Guard\n|move|p1a: Look at dat Fross|Aurora Veil|p1a: Look at dat Fross\n|-sidestart|p1: ASapHerb|move: Aurora Veil\n|move|p1b: Toxic Tendencies|Close Combat|p2b: Shrek is love\n|-damage|p2b: Shrek is love|38/100\n|-unboost|p1b: Toxic Tendencies|def|1\n|-unboost|p1b: Toxic Tendencies|spd|1\n|move|p2b: Shrek is love|Wave Crash|p1a: Look at dat Fross\n|-damage|p1a: Look at dat Fross|61/100\n|-damage|p2b: Shrek is love|27/100|[from] Recoil\n|\n|-weather|Snowscape|[upkeep]\n|upkeep\n|turn|2\n|inactive|ASapHerb has 30 seconds left.\n|inactive|MPelton02 has 30 seconds left.\n|j| xJacKaz\n|inactive|ASapHerb has 20 seconds left.\n|inactive|ASapHerb has 15 seconds left.\n|inactive|ASapHerb has 10 seconds left.\n|inactive|ASapHerb has 5 seconds left.\n|\n|t:|1788408665\n|switch|p2a: Sinistcha|Sinistcha-Masterpiece, L50|100/100\n|-heal|p2b: Shrek is love|51/100|[from] ability: Hospitality|[of] p2a: Sinistcha\n|move|p2b: Shrek is love|Protect|p2b: Shrek is love\n|-singleturn|p2b: Shrek is love|Protect\n|move|p1a: Look at dat Fross|Shadow Ball|p2b: Shrek is love\n|-activate|p2b: Shrek is love|move: Protect\n|move|p1b: Toxic Tendencies|Dire Claw|p2a: Sinistcha\n|-damage|p2a: Sinistcha|58/100\n|\n|-weather|Snowscape|[upkeep]\n|upkeep\n|turn|3\n|inactive|ASapHerb has 30 seconds left.\n|inactive|MPelton02 has 30 seconds left.\n|inactive|ASapHerb has 20 seconds left.\n|inactive|MPelton02 has 20 seconds left.\n|inactive|ASapHerb has 15 seconds left.\n|inactive|MPelton02 has 15 seconds left.\n|inactive|MPelton02 has 10 seconds left.\n|inactive|MPelton02 has 5 seconds left.\n|\n|t:|1788408719\n|switch|p2a: NevrainsCalifornia|Pelipper, L50, F|100/100\n|-weather|RainDance|[from] ability: Drizzle|[of] p2a: NevrainsCalifornia\n|move|p2b: Shrek is love|Earthquake|p1b: Toxic Tendencies|[spread] p1a,p1b\n|-immune|p2a: NevrainsCalifornia\n|-supereffective|p1b: Toxic Tendencies|1\n|-damage|p1a: Look at dat Fross|24/100\n|-enditem|p1b: Toxic Tendencies|Focus Sash\n|-damage|p1b: Toxic Tendencies|1/100\n|move|p1a: Look at dat Fross|Blizzard|p2a: NevrainsCalifornia|[spread] p2a,p2b\n|-damage|p2a: NevrainsCalifornia|49/100\n|-damage|p2b: Shrek is love|14/100\n|move|p1b: Toxic Tendencies|Dire Claw|p2b: Shrek is love\n|-resisted|p2b: Shrek is love|1\n|-damage|p2b: Shrek is love|0 fnt\n|faint|p2b: Shrek is love\n|\n|-weather|RainDance|[upkeep]\n|upkeep\n|\n|t:|1788408739\n|switch|p2b: Raichu|Raichu, L50, M, shiny|100/100\n|turn|4\n|inactive|MPelton02 has 30 seconds left.\n|\n|t:|1788408772\n|move|p1b: Toxic Tendencies|Protect|p1b: Toxic Tendencies\n|-singleturn|p1b: Toxic Tendencies|Protect\n|move|p2b: Raichu|Fake Out|p1b: Toxic Tendencies\n|-activate|p1b: Toxic Tendencies|move: Protect\n|move|p1a: Look at dat Fross|Shadow Ball|p2a: NevrainsCalifornia\n|-damage|p2a: NevrainsCalifornia|0 fnt\n|faint|p2a: NevrainsCalifornia\n|\n|-weather|RainDance|[upkeep]\n|upkeep\n|\n|t:|1788408776\n|switch|p2a: Sinistcha|Sinistcha-Masterpiece, L50|58/100\n|turn|5\n|inactive|MPelton02 has 30 seconds left.\n|\n|t:|1788408802\n|move|p2b: Raichu|Protect|p2b: Raichu\n|-singleturn|p2b: Raichu|Protect\n|move|p1a: Look at dat Fross|Blizzard|p2b: Raichu|[spread] p2a\n|-activate|p2b: Raichu|move: Protect\n|-supereffective|p2a: Sinistcha|1\n|-damage|p2a: Sinistcha|0 fnt\n|faint|p2a: Sinistcha\n|move|p1b: Toxic Tendencies|Dire Claw|p2b: Raichu\n|-activate|p2b: Raichu|move: Protect\n|\n|-weather|RainDance|[upkeep]\n|-sideend|p1: ASapHerb|move: Aurora Veil\n|upkeep\n|turn|6\n|inactive|ASapHerb has 30 seconds left.\n|inactive|MPelton02 has 30 seconds left.\n|inactive|ASapHerb has 20 seconds left.\n|inactive|ASapHerb has 15 seconds left.\n|\n|t:|1788408843\n|move|p1a: Look at dat Fross|Shadow Ball|p2b: Raichu\n|-damage|p2b: Raichu|37/100\n|-unboost|p2b: Raichu|spd|1\n|move|p2b: Raichu|Zap Cannon|p1b: Toxic Tendencies\n|-damage|p1b: Toxic Tendencies|0 fnt\n|faint|p1b: Toxic Tendencies\n|\n|-weather|RainDance|[upkeep]\n|upkeep\n|\n|t:|1788408852\n|switch|p1b: King Deez|Kingambit, L50, F|100/100\n|turn|7\n|\n|t:|1788408861\n|move|p1b: King Deez|Sucker Punch|p2b: Raichu\n|-damage|p2b: Raichu|0 fnt\n|faint|p2b: Raichu\n|\n|win|ASapHerb\n|l|☆MPelton02\n|player|p2|\n|l| danwilt\n","uploadtime":1788408876,"views":"12","formatid":"gen9championsvgc2026regmb","rating":null,"private":0,"password":null}