{"id":"gen9championsvgc2026regmb-2673882560","format":"[Gen 9 Champions] VGC 2026 Reg M-B","players":["NeveraBosch","ShrimpGun"],"log":"|j|☆NeveraBosch\n|j|☆ShrimpGun\n|t:|1788272637\n|gametype|doubles\n|player|p1|NeveraBosch|eusine|1000\n|player|p2|ShrimpGun|fisherman-gen4|1069\n|gen|9\n|tier|[Gen 9 Champions] VGC 2026 Reg M-B\n|rated|\n|rule|Species Clause: Limit one of each Pokémon\n|rule|Item Clause: Limit 1 of each item\n|clearpoke\n|poke|p1|Greninja, L50, F|\n|poke|p1|Raichu-Alola, L50, F|\n|poke|p1|Tauros-Paldea-Blaze, L50, M|\n|poke|p1|Gholdengo, L50|\n|poke|p1|Maushold-Four, L50|\n|poke|p1|Whimsicott, L50, F|\n|poke|p2|Staraptor, L50, F|\n|poke|p2|Farigiraf, L50, F, shiny|\n|poke|p2|Clawitzer, L50, F|\n|poke|p2|Arcanine-Hisui, L50, M|\n|poke|p2|Sylveon, L50, F|\n|poke|p2|Kingambit, L50, M|\n|teampreview|4\n|inactive|Battle timer is ON: inactive players will automatically lose when time's up. (requested by ShrimpGun)\n|\n|t:|1788272704\n|teamsize|p1|4\n|teamsize|p2|4\n|start\n|switch|p1a: Greninja|Greninja, L50, F|100/100\n|switch|p1b: Gholdengo|Gholdengo, L50|100/100\n|switch|p2a: Clawitzer|Clawitzer, L50, F|100/100\n|switch|p2b: Farigiraf|Farigiraf, L50, F, shiny|100/100\n|turn|1\n|inactive|NeveraBosch has 30 seconds left.\n|\n|t:|1788272730\n|switch|p2b: Kingambit|Kingambit, L50, M|100/100\n|detailschange|p1a: Greninja|Greninja-Mega, L50, F\n|-mega|p1a: Greninja|Greninja|Greninjite\n|move|p1a: Greninja|Dark Pulse|p2b: Kingambit\n|-start|p1a: Greninja|typechange|Dark|[from] ability: Protean\n|-resisted|p2b: Kingambit|1\n|-damage|p2b: Kingambit|79/100\n|move|p1b: Gholdengo|Shadow Ball|p2b: Kingambit\n|-resisted|p2b: Kingambit|1\n|-damage|p2b: Kingambit|56/100\n|move|p2a: Clawitzer|Dark Pulse|p1b: Gholdengo\n|-supereffective|p1b: Gholdengo|1\n|-damage|p1b: Gholdengo|0 fnt\n|faint|p1b: Gholdengo\n|-damage|p2a: Clawitzer|90/100|[from] item: Life Orb\n|\n|upkeep\n|\n|t:|1788272735\n|switch|p1b: Maushold|Maushold-Four, L50|100/100\n|turn|2\n|\n|t:|1788272751\n|move|p1b: Maushold|Follow Me|p1b: Maushold\n|-singleturn|p1b: Maushold|move: Follow Me\n|move|p1a: Greninja|Dark Pulse|p2b: Kingambit\n|-resisted|p2b: Kingambit|1\n|-damage|p2b: Kingambit|33/100\n|move|p2a: Clawitzer|Aura Sphere|p1b: Maushold\n|-supereffective|p1b: Maushold|1\n|-enditem|p1b: Maushold|Chople Berry|[eat]\n|-enditem|p1b: Maushold|Chople Berry|[weaken]\n|-damage|p1b: Maushold|29/100\n|-damage|p2a: Clawitzer|81/100|[from] item: Life Orb\n|move|p2b: Kingambit|Kowtow Cleave|p1b: Maushold\n|-damage|p1b: Maushold|0 fnt\n|faint|p1b: Maushold\n|\n|upkeep\n|\n|t:|1788272766\n|switch|p1b: Tauros|Tauros-Paldea-Blaze, L50, M|100/100\n|-ability|p1b: Tauros|Intimidate|boost\n|-unboost|p2a: Clawitzer|atk|1\n|-unboost|p2b: Kingambit|atk|1\n|-ability|p2b: Kingambit|Defiant|boost\n|-boost|p2b: Kingambit|atk|2\n|turn|3\n|\n|t:|1788272783\n|move|p2b: Kingambit|Sucker Punch|p1a: Greninja\n|-resisted|p1a: Greninja|1\n|-damage|p1a: Greninja|48/100\n|move|p1a: Greninja|Dark Pulse|p2a: Clawitzer\n|-damage|p2a: Clawitzer|24/100\n|move|p1b: Tauros|Close Combat|p2b: Kingambit\n|-supereffective|p2b: Kingambit|2\n|-damage|p2b: Kingambit|0 fnt\n|-unboost|p1b: Tauros|def|1\n|-unboost|p1b: Tauros|spd|1\n|faint|p2b: Kingambit\n|-damage|p1b: Tauros|90/100|[from] item: Life Orb\n|cant|p2a: Clawitzer|flinch\n|\n|upkeep\n|\n|t:|1788272793\n|switch|p2b: Staraptor|Staraptor, L50, F|100/100\n|-ability|p2b: Staraptor|Intimidate|boost\n|-unboost|p1a: Greninja|atk|1\n|-unboost|p1b: Tauros|atk|1\n|turn|4\n|\n|t:|1788272806\n|detailschange|p2b: Staraptor|Staraptor-Mega, L50, F\n|-mega|p2b: Staraptor|Staraptor|Staraptite\n|move|p2a: Clawitzer|Protect|p2a: Clawitzer\n|-singleturn|p2a: Clawitzer|Protect\n|move|p1a: Greninja|Dark Pulse|p2a: Clawitzer\n|-activate|p2a: Clawitzer|move: Protect\n|move|p2b: Staraptor|Tailwind|p2b: Staraptor\n|-sidestart|p2: ShrimpGun|move: Tailwind\n|move|p1b: Tauros|Rock Slide|p2a: Clawitzer|[spread] p2b\n|-activate|p2a: Clawitzer|move: Protect\n|-damage|p2b: Staraptor|83/100\n|-damage|p1b: Tauros|80/100|[from] item: Life Orb\n|\n|upkeep\n|turn|5\n|\n|t:|1788272829\n|move|p2b: Staraptor|Close Combat|p1a: Greninja\n|-supereffective|p1a: Greninja|1\n|-damage|p1a: Greninja|0 fnt\n|-boost|p2b: Staraptor|def|1\n|-boost|p2b: Staraptor|spd|1\n|faint|p1a: Greninja\n|move|p2a: Clawitzer|Water Pulse|p1b: Tauros\n|-supereffective|p1b: Tauros|1\n|-damage|p1b: Tauros|0 fnt\n|faint|p1b: Tauros\n|-damage|p2a: Clawitzer|14/100|[from] item: Life Orb\n|\n|win|ShrimpGun\n|raw|NeveraBosch's rating: 1000 &rarr; <strong>1000</strong><br />(+0 for losing)\n|raw|ShrimpGun's rating: 1069 &rarr; <strong>1093</strong><br />(+24 for winning)\n|l|☆NeveraBosch\n|player|p1|\n","uploadtime":1788272838,"views":"4","formatid":"gen9championsvgc2026regmb","rating":1000,"private":0,"password":null}