{"id":"gen9championsvgc2026regmb-2674816770","format":"[Gen 9 Champions] VGC 2026 Reg M-B","players":["ajp2352352433","firewood87"],"log":"|j|☆ajp2352352433\n|j|☆firewood87\n|t:|1788412784\n|gametype|doubles\n|player|p1|ajp2352352433|alder|1043\n|player|p2|firewood87|iono|1145\n|gen|9\n|tier|[Gen 9 Champions] VGC 2026 Reg M-B\n|rated|\n|rule|Species Clause: Limit one of each Pokémon\n|rule|Item Clause: Limit 1 of each item\n|clearpoke\n|poke|p1|Floette-Eternal, L50, F|\n|poke|p1|Basculegion, L50, M|\n|poke|p1|Kingambit, L50, M|\n|poke|p1|Dragonite, L50, F|\n|poke|p1|Garchomp, L50, F|\n|poke|p1|Sneasler, L50, M|\n|poke|p2|Raichu, L50, F|\n|poke|p2|Stunfisk-Galar, L50, F|\n|poke|p2|Gourgeist-Super, L50, M|\n|poke|p2|Annihilape, L50, M|\n|poke|p2|Whimsicott, L50, M|\n|poke|p2|Floette-Eternal, L50, F|\n|teampreview|4\najp2352352433 rejected open team sheets.\n|inactive|Battle timer is ON: inactive players will automatically lose when time's up. (requested by ajp2352352433)\n|\n|t:|1788412845\n|teamsize|p1|4\n|teamsize|p2|4\n|start\n|switch|p1a: Floette|Floette-Eternal, L50, F|100/100\n|switch|p1b: Sneasler|Sneasler, L50, M|100/100\n|switch|p2a: Raichu|Raichu, L50, F|100/100\n|switch|p2b: Annihilape|Annihilape, L50, M|100/100\n|turn|1\n|\n|t:|1788412858\n|detailschange|p1a: Floette|Floette-Mega, L50, F\n|-mega|p1a: Floette|Floette|Floettite\n|-ability|p1a: Floette|Fairy Aura\n|move|p2a: Raichu|Protect|p2a: Raichu\n|-singleturn|p2a: Raichu|Protect\n|move|p1b: Sneasler|Fake Out|p2a: Raichu\n|-activate|p2a: Raichu|move: Protect\n|move|p2b: Annihilape|Gunk Shot|p1a: Floette|[miss]\n|-miss|p2b: Annihilape|p1a: Floette\n|move|p1a: Floette|Dazzling Gleam|p2a: Raichu|[spread] p2b\n|-activate|p2a: Raichu|move: Protect\n|-supereffective|p2b: Annihilape|1\n|-damage|p2b: Annihilape|10/100\n|\n|upkeep\n|turn|2\n|\n|t:|1788412879\n|switch|p2a: Stunfisk|Stunfisk-Galar, L50, F|100/100\n|move|p2b: Annihilape|Gunk Shot|p1a: Floette\n|-supereffective|p1a: Floette|1\n|-damage|p1a: Floette|4/100\n|move|p1b: Sneasler|Dire Claw|p2a: Stunfisk\n|-immune|p2a: Stunfisk\n|move|p1a: Floette|Dazzling Gleam|p2b: Annihilape|[spread] p2a,p2b\n|-resisted|p2a: Stunfisk|1\n|-supereffective|p2b: Annihilape|1\n|-damage|p2a: Stunfisk|81/100\n|-damage|p2b: Annihilape|0 fnt\n|faint|p2b: Annihilape\n|\n|upkeep\n|\n|t:|1788412893\n|switch|p2b: Gourgeist|Gourgeist-Super, L50, M|100/100\n|-item|p1a: Floette|Floettite|[from] ability: Frisk|[of] p2b: Gourgeist\n|-item|p1b: Sneasler|Focus Sash|[from] ability: Frisk|[of] p2b: Gourgeist\n|turn|3\n|\n|t:|1788412906\n|move|p2a: Stunfisk|Sucker Punch|p1a: Floette\n|-resisted|p1a: Floette|1\n|-damage|p1a: Floette|0 fnt\n|faint|p1a: Floette\n|move|p1b: Sneasler|Close Combat|p2a: Stunfisk\n|-supereffective|p2a: Stunfisk|1\n|-damage|p2a: Stunfisk|3/100\n|-unboost|p1b: Sneasler|def|1\n|-unboost|p1b: Sneasler|spd|1\n|-enditem|p2a: Stunfisk|Sitrus Berry|[eat]\n|-heal|p2a: Stunfisk|28/100|[from] item: Sitrus Berry\n|move|p2b: Gourgeist|Trick Room|p2b: Gourgeist\n|-fieldstart|move: Trick Room|[of] p2b: Gourgeist\n|\n|upkeep\n|\n|t:|1788412910\n|switch|p1a: Kingambit|Kingambit, L50, M|100/100\n|turn|4\n|\n|t:|1788412929\n|move|p2b: Gourgeist|Ally Switch|p2b: Gourgeist\n|swap|p2b: Gourgeist|0|[from] move: Ally Switch\n|move|p2b: Stunfisk|Dig||[still]\n|-prepare|p2b: Stunfisk|Dig\n|move|p1a: Kingambit|Kowtow Cleave|p2b: Stunfisk|[miss]\n|-miss|p1a: Kingambit|p2b: Stunfisk\n|move|p1b: Sneasler|Close Combat|p2a: Gourgeist\n|-immune|p2a: Gourgeist\n|\n|upkeep\n|turn|5\n|\n|t:|1788412945\n|move|p2b: Stunfisk|Dig|p1a: Kingambit|[from] lockedmove\n|-supereffective|p1a: Kingambit|1\n|-damage|p1a: Kingambit|48/100\n|move|p2a: Gourgeist|Poltergeist|p1b: Sneasler\n|-activate|p1b: Sneasler|move: Poltergeist|Focus Sash\n|-damage|p1b: Sneasler|7/100\n|move|p1a: Kingambit|Kowtow Cleave|p2a: Gourgeist\n|-supereffective|p2a: Gourgeist|1\n|-damage|p2a: Gourgeist|37/100\n|move|p1b: Sneasler|Close Combat|p2b: Stunfisk\n|-supereffective|p2b: Stunfisk|1\n|-damage|p2b: Stunfisk|0 fnt\n|-unboost|p1b: Sneasler|def|1\n|-unboost|p1b: Sneasler|spd|1\n|faint|p2b: Stunfisk\n|\n|-heal|p2a: Gourgeist|43/100|[from] item: Leftovers\n|upkeep\n|\n|t:|1788412961\n|switch|p2b: Raichu|Raichu, L50, F|100/100\n|turn|6\n|\n|t:|1788412975\n|detailschange|p2b: Raichu|Raichu-Mega-X, L50, F\n|-mega|p2b: Raichu|Raichu|Raichunite X\n|-fieldstart|move: Electric Terrain|[from] ability: Electric Surge|[of] p2b: Raichu\n|move|p2b: Raichu|Fake Out|p1a: Kingambit\n|-resisted|p1a: Kingambit|1\n|-damage|p1a: Kingambit|41/100\n|cant|p1a: Kingambit|flinch\n|move|p2a: Gourgeist|Poltergeist|p1b: Sneasler\n|-activate|p1b: Sneasler|move: Poltergeist|Focus Sash\n|-damage|p1b: Sneasler|0 fnt\n|faint|p1b: Sneasler\n|\n|-heal|p2a: Gourgeist|50/100y|[from] item: Leftovers\n|upkeep\n|\n|t:|1788412982\n|switch|p1b: Basculegion|Basculegion, L50, M|100/100\n|turn|7\n|\n|t:|1788412996\n|move|p1a: Kingambit|Sucker Punch|p2a: Gourgeist\n|-supereffective|p2a: Gourgeist|1\n|-damage|p2a: Gourgeist|2/100\n|move|p2a: Gourgeist|Poltergeist|p1b: Basculegion\n|-activate|p1b: Basculegion|move: Poltergeist|Life Orb\n|-supereffective|p1b: Basculegion|1\n|-damage|p1b: Basculegion|0 fnt\n|faint|p1b: Basculegion\n|move|p2b: Raichu|Volt Tackle|p1a: Kingambit\n|-damage|p1a: Kingambit|0 fnt\n|faint|p1a: Kingambit\n|-damage|p2b: Raichu|84/100|[from] Recoil\n|\n|win|firewood87\n|raw|ajp2352352433's rating: 1043 &rarr; <strong>1031</strong><br />(-12 for losing)\n|raw|firewood87's rating: 1145 &rarr; <strong>1163</strong><br />(+18 for winning)\n|l|☆ajp2352352433\n|player|p1|\n","uploadtime":1788413022,"views":"0","formatid":"gen9championsvgc2026regmb","rating":1031,"private":0,"password":null}