{"id":"gen9championsvgc2026regmb-2674810469","format":"[Gen 9 Champions] VGC 2026 Reg M-B","players":["pokepeiff","SpaghettiBoy25"],"log":"|j|☆pokepeiff\n|j|☆SpaghettiBoy25\n|t:|1788411364\n|gametype|doubles\n|player|p1|pokepeiff|li|1333\n|player|p2|SpaghettiBoy25|fantina|1208\n|gen|9\n|tier|[Gen 9 Champions] VGC 2026 Reg M-B\n|rated|\n|rule|Species Clause: Limit one of each Pokémon\n|rule|Item Clause: Limit 1 of each item\n|clearpoke\n|poke|p1|Staraptor, L50, M|\n|poke|p1|Arcanine-Hisui, L50, F|\n|poke|p1|Basculegion, L50, M|\n|poke|p1|Zoroark-Hisui, L50, F|\n|poke|p1|Froslass, L50, F|\n|poke|p1|Dragonite, L50, M|\n|poke|p2|Excadrill, L50, M|\n|poke|p2|Staraptor, L50, F|\n|poke|p2|Gholdengo, L50|\n|poke|p2|Tyranitar, L50, M|\n|poke|p2|Milotic, L50, M, shiny|\n|poke|p2|Sinistcha-Masterpiece, L50|\n|teampreview|4\n|inactive|Battle timer is ON: inactive players will automatically lose when time's up. (requested by pokepeiff)\n|inactive|pokepeiff has 60 seconds left.\n|inactive|SpaghettiBoy25 has 60 seconds left.\n|\n|t:|1788411419\n|teamsize|p1|4\n|teamsize|p2|4\n|start\n|switch|p1a: Staraptor|Staraptor, L50, M|100/100\n|switch|p1b: Froslass|Froslass, L50, F|100/100\n|switch|p2a: Tyranitar|Tyranitar, L50, M|100/100\n|switch|p2b: Excadrill|Excadrill, L50, M|100/100\n|-ability|p1a: Staraptor|Intimidate|boost\n|-unboost|p2a: Tyranitar|atk|1\n|-unboost|p2b: Excadrill|atk|1\n|-weather|Sandstorm|[from] ability: Sand Stream|[of] p2a: Tyranitar\n|turn|1\n|inactive|pokepeiff has 30 seconds left.\n|\n|t:|1788411448\n|move|p2b: Excadrill|Protect|p2b: Excadrill\n|-singleturn|p2b: Excadrill|Protect\n|move|p2a: Tyranitar|Protect|p2a: Tyranitar\n|-singleturn|p2a: Tyranitar|Protect\n|move|p1a: Staraptor|Close Combat|p2b: Excadrill\n|-activate|p2b: Excadrill|move: Protect\n|move|p1b: Froslass|Will-O-Wisp|p2a: Tyranitar\n|-activate|p2a: Tyranitar|move: Protect\n|\n|-weather|Sandstorm|[upkeep]\n|-damage|p1a: Staraptor|93/100|[from] Sandstorm\n|-damage|p1b: Froslass|93/100|[from] Sandstorm\n|upkeep\n|turn|2\n|inactive|SpaghettiBoy25 has 30 seconds left.\n|\n|t:|1788411477\n|switch|p2a: Milotic|Milotic, L50, M, shiny|100/100\n|move|p2b: Excadrill|Rock Slide|p1a: Staraptor|[spread] p1a,p1b\n|-supereffective|p1a: Staraptor|1\n|-supereffective|p1b: Froslass|1\n|-damage|p1a: Staraptor|58/100\n|-damage|p1b: Froslass|53/100\n|cant|p1a: Staraptor|flinch\n|move|p1b: Froslass|Destiny Bond|p1b: Froslass\n|-singlemove|p1b: Froslass|Destiny Bond\n|\n|-weather|Sandstorm|[upkeep]\n|-damage|p1a: Staraptor|52/100|[from] Sandstorm\n|-damage|p1b: Froslass|46/100|[from] Sandstorm\n|-damage|p2a: Milotic|93/100|[from] Sandstorm\n|upkeep\n|turn|3\n|inactive|pokepeiff has 30 seconds left.\n|\n|t:|1788411509\n|switch|p1a: Basculegion|Basculegion, L50, M|100/100\n|move|p2b: Excadrill|Iron Head|p1a: Basculegion\n|-resisted|p1a: Basculegion|1\n|-damage|p1a: Basculegion|81/100\n|move|p1b: Froslass|Will-O-Wisp|p2b: Excadrill|[miss]\n|-miss|p1b: Froslass|p2b: Excadrill\n|move|p2a: Milotic|Icy Wind|p1a: Basculegion|[spread] p1a,p1b\n|-resisted|p1a: Basculegion|1\n|-resisted|p1b: Froslass|1\n|-damage|p1a: Basculegion|76/100\n|-damage|p1b: Froslass|40/100\n|-unboost|p1a: Basculegion|spe|1\n|-unboost|p1b: Froslass|spe|1\n|-start|p2a: Milotic|Disable|Icy Wind|[from] ability: Cursed Body|[of] p1b: Froslass\n|\n|-weather|Sandstorm|[upkeep]\n|-damage|p1b: Froslass|34/100|[from] Sandstorm\n|-damage|p2a: Milotic|87/100|[from] Sandstorm\n|-damage|p1a: Basculegion|70/100|[from] Sandstorm\n|upkeep\n|turn|4\n|\n|t:|1788411531\n|move|p1a: Basculegion|Protect|p1a: Basculegion\n|-singleturn|p1a: Basculegion|Protect\n|move|p2b: Excadrill|High Horsepower|p1a: Basculegion\n|-activate|p1a: Basculegion|move: Protect\n|move|p1b: Froslass|Destiny Bond|p1b: Froslass\n|-singlemove|p1b: Froslass|Destiny Bond\n|move|p2a: Milotic|Scald|p1b: Froslass\n|-damage|p1b: Froslass|0 fnt\n|faint|p1b: Froslass\n|-activate|p1b: Froslass|move: Destiny Bond\n|faint|p2a: Milotic\n|\n|-weather|Sandstorm|[upkeep]\n|-damage|p1a: Basculegion|63/100|[from] Sandstorm\n|upkeep\n|\n|t:|1788411538\n|switch|p1b: Staraptor|Staraptor, L50, M|52/100\n|switch|p2a: Staraptor|Staraptor, L50, F|100/100\n|-ability|p1b: Staraptor|Intimidate|boost\n|-unboost|p2a: Staraptor|atk|1\n|-unboost|p2b: Excadrill|atk|1\n|-ability|p2a: Staraptor|Intimidate|boost\n|-unboost|p1a: Basculegion|atk|1\n|-unboost|p1b: Staraptor|atk|1\n|turn|5\n|\n|t:|1788411558\n|switch|p1a: Arcanine|Arcanine-Hisui, L50, F|100/100\n|move|p2b: Excadrill|Rock Slide|p1b: Staraptor|[spread] \n|-miss|p2b: Excadrill|p1a: Arcanine\n|-miss|p2b: Excadrill|p1b: Staraptor\n|move|p1b: Staraptor|Brave Bird|p2a: Staraptor\n|-damage|p2a: Staraptor|53/100\n|-damage|p1b: Staraptor|39/100|[from] Recoil\n|move|p2a: Staraptor|Tailwind|p2a: Staraptor\n|-sidestart|p2: SpaghettiBoy25|move: Tailwind\n|\n|-weather|none\n|upkeep\n|turn|6\n|inactive|pokepeiff has 30 seconds left.\n|inactive|SpaghettiBoy25 has 30 seconds left.\n|inactive|SpaghettiBoy25 has 20 seconds left.\n|inactive|SpaghettiBoy25 has 15 seconds left.\n|\n|t:|1788411599\n|move|p2a: Staraptor|Close Combat|p1b: Staraptor\n|-damage|p1b: Staraptor|6/100\n|-unboost|p2a: Staraptor|def|1\n|-unboost|p2a: Staraptor|spd|1\n|move|p2b: Excadrill|High Horsepower|p1a: Arcanine\n|-supereffective|p1a: Arcanine|2\n|-damage|p1a: Arcanine|0 fnt\n|faint|p1a: Arcanine\n|move|p1b: Staraptor|Brave Bird|p2a: Staraptor\n|-damage|p2a: Staraptor|0 fnt\n|faint|p2a: Staraptor\n|-damage|p1b: Staraptor|0 fnt|[from] Recoil\n|faint|p1b: Staraptor\n|\n|upkeep\n|\n|t:|1788411606\n|switch|p2a: Tyranitar|Tyranitar, L50, M|100/100\n|switch|p1b: Basculegion|Basculegion, L50, M|63/100\n|-weather|Sandstorm|[from] ability: Sand Stream|[of] p2a: Tyranitar\n|turn|7\n|-message|pokepeiff forfeited.\n|\n|win|SpaghettiBoy25\n|raw|pokepeiff's rating: 1333 &rarr; <strong>1306</strong><br />(-27 for losing)\n|raw|SpaghettiBoy25's rating: 1208 &rarr; <strong>1242</strong><br />(+34 for winning)\n|l|☆pokepeiff\n|player|p1|\n","uploadtime":1788411699,"views":"1","formatid":"gen9championsvgc2026regmb","rating":1242,"private":0,"password":null}