{"id":"gen9championsvgc2026regmb-2674442097","format":"[Gen 9 Champions] VGC 2026 Reg M-B","players":["JAM Goated","Ivanpmd"],"log":"|j|☆JAM Goated\n|j|☆Ivanpmd\n|t:|1788360289\n|gametype|doubles\n|player|p1|JAM Goated|1|1078\n|player|p2|Ivanpmd|cheren|1000\n|gen|9\n|tier|[Gen 9 Champions] VGC 2026 Reg M-B\n|rated|\n|rule|Species Clause: Limit one of each Pokémon\n|rule|Item Clause: Limit 1 of each item\n|clearpoke\n|poke|p1|Dragonite, L50, M, shiny|\n|poke|p1|Basculegion, L50, M, shiny|\n|poke|p1|Sneasler, L50, F|\n|poke|p1|Floette-Eternal, L50, F|\n|poke|p1|Kingambit, L50, F, shiny|\n|poke|p1|Garchomp, L50, M, shiny|\n|poke|p2|Gholdengo, L50, shiny|\n|poke|p2|Hydreigon, L50, M, shiny|\n|poke|p2|Charizard, L50, F, shiny|\n|poke|p2|Basculegion, L50, M, shiny|\n|poke|p2|Sneasler, L50, M, shiny|\n|poke|p2|Weavile, L50, F, shiny|\n|teampreview|4\n|inactive|Battle timer is ON: inactive players will automatically lose when time's up. (requested by Ivanpmd)\nIvanpmd rejected open team sheets.\n|c|☆Ivanpmd|glhf\n|c|☆JAM Goated|u2\n|inactive|Ivanpmd has 60 seconds left.\n|\n|t:|1788360326\n|teamsize|p1|4\n|teamsize|p2|4\n|start\n|switch|p1a: Kingambit|Kingambit, L50, F, shiny|100/100\n|switch|p1b: Floette|Floette-Eternal, L50, F|100/100\n|switch|p2a: Sneasler|Sneasler, L50, M, shiny|100/100\n|switch|p2b: Weavile|Weavile, L50, F, shiny|100/100\n|-ability|p2b: Weavile|Pressure\n|turn|1\n|inactive|Ivanpmd has 30 seconds left.\n|inactive|Ivanpmd has 20 seconds left.\n|inactive|Ivanpmd has 15 seconds left.\n|\n|t:|1788360369\n|detailschange|p1b: Floette|Floette-Mega, L50, F\n|-mega|p1b: Floette|Floette|Floettite\n|-ability|p1b: Floette|Fairy Aura\n|move|p1b: Floette|Protect|p1b: Floette\n|-singleturn|p1b: Floette|Protect\n|move|p2b: Weavile|Fake Out|p1a: Kingambit\n|-resisted|p1a: Kingambit|1\n|-damage|p1a: Kingambit|95/100\n|move|p2a: Sneasler|Dire Claw|p1b: Floette\n|-activate|p1b: Floette|move: Protect\n|cant|p1a: Kingambit|flinch\n|\n|upkeep\n|turn|2\n|inactive|Ivanpmd has 30 seconds left.\n|\n|t:|1788360401\n|switch|p1b: Garchomp|Garchomp, L50, M, shiny|100/100\n|move|p2b: Weavile|Protect|p2b: Weavile\n|-singleturn|p2b: Weavile|Protect\n|move|p2a: Sneasler|Close Combat|p1a: Kingambit\n|-supereffective|p1a: Kingambit|2\n|-enditem|p1a: Kingambit|Chople Berry|[eat]\n|-enditem|p1a: Kingambit|Chople Berry|[weaken]\n|-damage|p1a: Kingambit|0 fnt\n|-unboost|p2a: Sneasler|def|1\n|-unboost|p2a: Sneasler|spd|1\n|faint|p1a: Kingambit\n|-enditem|p2a: Sneasler|White Herb\n|-clearnegativeboost|p2a: Sneasler|[silent]\n|\n|upkeep\n|\n|t:|1788360422\n|switch|p1a: Basculegion|Basculegion, L50, M, shiny|100/100\n|turn|3\n|inactive|Ivanpmd has 30 seconds left.\n|inactive|Ivanpmd has 20 seconds left.\n|\n|t:|1788360461\n|move|p2a: Sneasler|Dire Claw|p1a: Basculegion\n|-resisted|p1a: Basculegion|1\n|-damage|p1a: Basculegion|76/100\n|-status|p1a: Basculegion|par\n|move|p1b: Garchomp|Rock Slide|p2a: Sneasler|[spread] p2a,p2b\n|-resisted|p2a: Sneasler|1\n|-supereffective|p2b: Weavile|1\n|-damage|p2a: Sneasler|81/100\n|-damage|p2b: Weavile|25/100\n|cant|p2b: Weavile|flinch\n|move|p1a: Basculegion|Last Respects|p2a: Sneasler\n|-damage|p2a: Sneasler|0 fnt\n|faint|p2a: Sneasler\n|-damage|p1a: Basculegion|67/100 par|[from] item: Life Orb\n|\n|upkeep\n|inactive|Ivanpmd has 30 seconds left.\n|\n|t:|1788360488\n|switch|p2a: Hydreigon|Hydreigon, L50, M, shiny|100/100\n|turn|4\n|\n|t:|1788360499\n|switch|p1b: Floette|Floette-Mega, L50, F|100/100\n|-ability|p1b: Floette|Fairy Aura\n|move|p2b: Weavile|Protect|p2b: Weavile\n|-singleturn|p2b: Weavile|Protect\n|move|p1a: Basculegion|Aqua Jet|p2b: Weavile\n|-activate|p2b: Weavile|move: Protect\n|move|p2a: Hydreigon|Snarl|p1a: Basculegion|[spread] p1a,p1b\n|-supereffective|p1a: Basculegion|1\n|-resisted|p1b: Floette|1\n|-damage|p1a: Basculegion|22/100 par\n|-damage|p1b: Floette|92/100\n|-unboost|p1a: Basculegion|spa|1\n|-unboost|p1b: Floette|spa|1\n|\n|upkeep\n|turn|5\n|\n|t:|1788360523\n|switch|p1b: Garchomp|Garchomp, L50, M, shiny|100/100\n|switch|p2a: Basculegion|Basculegion, L50, M, shiny|100/100\n|move|p1a: Basculegion|Aqua Jet|p2b: Weavile\n|-damage|p2b: Weavile|0 fnt\n|faint|p2b: Weavile\n|-damage|p1a: Basculegion|12/100 par|[from] item: Life Orb\n|\n|upkeep\n|\n|t:|1788360532\n|switch|p2b: Hydreigon|Hydreigon, L50, M, shiny|100/100\n|turn|6\n|\n|t:|1788360547\n|move|p1a: Basculegion|Protect|p1a: Basculegion\n|-singleturn|p1a: Basculegion|Protect\n|move|p1b: Garchomp|Dragon Claw|p2b: Hydreigon\n|-supereffective|p2b: Hydreigon|1\n|-damage|p2b: Hydreigon|3/100\n|move|p2a: Basculegion|Last Respects|p1b: Garchomp\n|-damage|p1b: Garchomp|1/100\n|move|p2b: Hydreigon|Snarl|p1b: Garchomp|[spread] p1b\n|-activate|p1a: Basculegion|move: Protect\n|-damage|p1b: Garchomp|0 fnt\n|faint|p1b: Garchomp\n|\n|upkeep\n|\n|t:|1788360556\n|switch|p1b: Floette|Floette-Mega, L50, F|92/100\n|-ability|p1b: Floette|Fairy Aura\n|turn|7\n|\n|t:|1788360576\n|move|p2a: Basculegion|Last Respects|p1b: Floette\n|-damage|p1b: Floette|0 fnt\n|faint|p1b: Floette\n|move|p2b: Hydreigon|Snarl|p1a: Basculegion\n|-supereffective|p1a: Basculegion|1\n|-damage|p1a: Basculegion|0 fnt\n|faint|p1a: Basculegion\n|\n|win|Ivanpmd\n|raw|JAM Goated's rating: 1078 &rarr; <strong>1052</strong><br />(-26 for losing)\n|raw|Ivanpmd's rating: 1000 &rarr; <strong>1049</strong><br />(+49 for winning)\n|l|☆JAM Goated\n|player|p1|\n|c|☆Ivanpmd|gg\n","uploadtime":1788360585,"views":"1","formatid":"gen9championsvgc2026regmb","rating":1049,"private":0,"password":null}