{"id":"gen9championsvgc2026regmb-2674142800","format":"[Gen 9 Champions] VGC 2026 Reg M-B","players":["magopat","JHONUZI"],"log":"|j|☆magopat\n|j|☆JHONUZI\n|t:|1788305490\n|gametype|doubles\n|player|p1|magopat|265|1124\n|player|p2|JHONUZI|ethan|1130\n|gen|9\n|tier|[Gen 9 Champions] VGC 2026 Reg M-B\n|rated|\n|rule|Species Clause: Limit one of each Pokémon\n|rule|Item Clause: Limit 1 of each item\n|clearpoke\n|poke|p1|Raichu, L50, M|\n|poke|p1|Farigiraf, L50, M|\n|poke|p1|Kingambit, L50, F|\n|poke|p1|Armarouge, L50, F|\n|poke|p1|Gholdengo, L50|\n|poke|p1|Garchomp, L50, F|\n|poke|p2|Charizard, L50, M, shiny|\n|poke|p2|Venusaur, L50, M|\n|poke|p2|Pelipper, L50, M|\n|poke|p2|Archaludon, L50, M, shiny|\n|poke|p2|Grimmsnarl, L50, M, shiny|\n|poke|p2|Basculegion, L50, M, shiny|\n|teampreview|4\n|inactive|Battle timer is ON: inactive players will automatically lose when time's up. (requested by JHONUZI)\n|\n|t:|1788305526\n|teamsize|p1|4\n|teamsize|p2|4\n|start\n|switch|p1a: Raichu|Raichu, L50, M|100/100\n|switch|p1b: Farigiraf|Farigiraf, L50, M|100/100\n|switch|p2a: Pelipper|Pelipper, L50, M|100/100\n|switch|p2b: Archaludon|Archaludon, L50, M, shiny|100/100\n|-weather|RainDance|[from] ability: Drizzle|[of] p2a: Pelipper\n|turn|1\n|inactive|magopat has 30 seconds left.\n|\n|t:|1788305555\n|switch|p2a: Grimmsnarl|Grimmsnarl, L50, M, shiny|100/100\n|detailschange|p1a: Raichu|Raichu-Mega-Y, L50, M\n|-mega|p1a: Raichu|Raichu|Raichunite Y\n|move|p2b: Archaludon|Protect|p2b: Archaludon\n|-singleturn|p2b: Archaludon|Protect\n|move|p1a: Raichu|Focus Blast|p2b: Archaludon\n|-activate|p2b: Archaludon|move: Protect\n|move|p1b: Farigiraf|Trick Room|p1b: Farigiraf\n|-fieldstart|move: Trick Room|[of] p1b: Farigiraf\n|\n|-weather|RainDance|[upkeep]\n|upkeep\n|turn|2\n|\n|t:|1788305577\n|switch|p1a: Armarouge|Armarouge, L50, F|100/100\n|move|p2a: Grimmsnarl|Reflect|p2a: Grimmsnarl\n|-sidestart|p2: JHONUZI|Reflect\n|move|p1b: Farigiraf|Nasty Plot|p1b: Farigiraf\n|-boost|p1b: Farigiraf|spa|2\n|move|p2b: Archaludon|Electro Shot||[still]\n|-prepare|p2b: Archaludon|Electro Shot\n|-boost|p2b: Archaludon|spa|1\n|-anim|p2b: Archaludon|Electro Shot|p1b: Farigiraf\n|-damage|p1b: Farigiraf|47/100\n|-enditem|p1b: Farigiraf|Sitrus Berry|[eat]\n|-heal|p1b: Farigiraf|71/100|[from] item: Sitrus Berry\n|\n|-weather|RainDance|[upkeep]\n|upkeep\n|turn|3\n|\n|t:|1788305601\n|move|p2b: Archaludon|Protect|p2b: Archaludon\n|-singleturn|p2b: Archaludon|Protect\n|move|p2a: Grimmsnarl|Light Screen|p2a: Grimmsnarl\n|-sidestart|p2: JHONUZI|move: Light Screen\n|move|p1a: Armarouge|Psychic Terrain|p1a: Armarouge\n|-fieldstart|move: Psychic Terrain\n|move|p1b: Farigiraf|Expanding Force|p2b: Archaludon|[spread] \n|-activate|p2b: Archaludon|move: Protect\n|-immune|p2a: Grimmsnarl\n|\n|-weather|RainDance|[upkeep]\n|upkeep\n|turn|4\n|\n|t:|1788305621\n|switch|p2b: Pelipper|Pelipper, L50, M|100/100\n|move|p2a: Grimmsnarl|Spirit Break|p1b: Farigiraf\n|-damage|p1b: Farigiraf|43/100\n|-unboost|p1b: Farigiraf|spa|1\n|move|p1a: Armarouge|Expanding Force|p2a: Grimmsnarl|[spread] p2b\n|-immune|p2a: Grimmsnarl\n|-damage|p2b: Pelipper|9/100\n|-damage|p1a: Armarouge|90/100|[from] item: Life Orb\n|move|p1b: Farigiraf|Expanding Force|p2b: Pelipper|[spread] p2b\n|-immune|p2a: Grimmsnarl\n|-damage|p2b: Pelipper|0 fnt\n|faint|p2b: Pelipper\n|\n|-weather|RainDance|[upkeep]\n|upkeep\n|\n|t:|1788305644\n|switch|p2b: Archaludon|Archaludon, L50, M, shiny|100/100\n|turn|5\n|\n|t:|1788305658\n|switch|p1a: Raichu|Raichu-Mega-Y, L50, M|100/100\n|switch|p1b: Gholdengo|Gholdengo, L50|100/100\n|move|p2a: Grimmsnarl|Spirit Break|p1b: Gholdengo\n|-resisted|p1b: Gholdengo|1\n|-damage|p1b: Gholdengo|82/100\n|-unboost|p1b: Gholdengo|spa|1\n|move|p2b: Archaludon|Electro Shot||[still]\n|-prepare|p2b: Archaludon|Electro Shot\n|-boost|p2b: Archaludon|spa|1\n|-anim|p2b: Archaludon|Electro Shot|p1b: Gholdengo\n|-damage|p1b: Gholdengo|21/100\n|\n|-weather|none\n|-fieldend|move: Trick Room\n|upkeep\n|turn|6\n|inactive|JHONUZI has 30 seconds left.\n|\n|t:|1788305686\n|move|p1a: Raichu|Focus Blast|p2b: Archaludon\n|-supereffective|p2b: Archaludon|1\n|-damage|p2b: Archaludon|29/100\n|-ability|p2b: Archaludon|Stamina|boost\n|-boost|p2b: Archaludon|def|1\n|move|p1b: Gholdengo|Make It Rain|p2b: Archaludon|[spread] p2a,p2b\n|-supereffective|p2a: Grimmsnarl|1\n|-resisted|p2b: Archaludon|1\n|-damage|p2a: Grimmsnarl|66/100\n|-damage|p2b: Archaludon|18/100\n|-unboost|p1b: Gholdengo|spa|2\n|-ability|p2b: Archaludon|Stamina|boost\n|-boost|p2b: Archaludon|def|1\n|move|p2b: Archaludon|Dragon Pulse|p1a: Raichu\n|-damage|p1a: Raichu|21/100\n|move|p2a: Grimmsnarl|Spirit Break|p1a: Raichu\n|-damage|p1a: Raichu|0 fnt\n|faint|p1a: Raichu\n|\n|-heal|p2b: Archaludon|24/100|[from] item: Leftovers\n|upkeep\n|\n|t:|1788305711\n|switch|p1a: Armarouge|Armarouge, L50, F|90/100\n|turn|7\n|\n|t:|1788305723\n|switch|p1b: Farigiraf|Farigiraf, L50, M|43/100\n|move|p2a: Grimmsnarl|Parting Shot||[still]\n|cant|p1b: Farigiraf|ability: Armor Tail|Parting Shot|[of] p2a: Grimmsnarl\n|move|p2b: Archaludon|Dragon Pulse|p1a: Armarouge\n|-damage|p1a: Armarouge|34/100\n|move|p1a: Armarouge|Heat Wave|p2b: Archaludon|[spread] p2a,p2b\n|-damage|p2a: Grimmsnarl|40/100\n|-damage|p2b: Archaludon|0 fnt\n|faint|p2b: Archaludon\n|-damage|p1a: Armarouge|25/100|[from] item: Life Orb\n|\n|-fieldend|move: Psychic Terrain\n|upkeep\n|\n|t:|1788305742\n|switch|p2b: Basculegion|Basculegion, L50, M, shiny|100/100\n|turn|8\n|inactive|magopat has 30 seconds left.\n|\n|t:|1788305771\n|move|p1a: Armarouge|Protect|p1a: Armarouge\n|-singleturn|p1a: Armarouge|Protect\n|move|p2b: Basculegion|Wave Crash|p1a: Armarouge\n|-activate|p1a: Armarouge|move: Protect\n|move|p1b: Farigiraf|Expanding Force|p2b: Basculegion\n|-damage|p2b: Basculegion|72/100\n|move|p2a: Grimmsnarl|Spirit Break|p1b: Farigiraf\n|-damage|p1b: Farigiraf|11/100\n|-unboost|p1b: Farigiraf|spa|1\n|\n|upkeep\n|turn|9\n|\n|t:|1788305794\n|move|p1b: Farigiraf|Protect|p1b: Farigiraf\n|-singleturn|p1b: Farigiraf|Protect\n|move|p2b: Basculegion|Wave Crash|p1a: Armarouge\n|-supereffective|p1a: Armarouge|1\n|-damage|p1a: Armarouge|0 fnt\n|faint|p1a: Armarouge\n|-damage|p2b: Basculegion|63/100|[from] Recoil\n|move|p2a: Grimmsnarl|Spirit Break|p1b: Farigiraf\n|-activate|p1b: Farigiraf|move: Protect\n|\n|-sideend|p2: JHONUZI|Reflect\n|upkeep\n|\n|t:|1788305807\n|switch|p1a: Gholdengo|Gholdengo, L50|21/100\n|turn|10\n|\n|t:|1788305820\n|move|p1b: Farigiraf|Protect||[still]\n|-fail|p1b: Farigiraf\n|move|p2b: Basculegion|Wave Crash|p1a: Gholdengo\n|-damage|p1a: Gholdengo|0 fnt\n|faint|p1a: Gholdengo\n|-damage|p2b: Basculegion|57/100|[from] Recoil\n|move|p2a: Grimmsnarl|Spirit Break|p1b: Farigiraf\n|-damage|p1b: Farigiraf|0 fnt\n|faint|p1b: Farigiraf\n|\n|win|JHONUZI\n|raw|magopat's rating: 1124 &rarr; <strong>1099</strong><br />(-25 for losing)\n|raw|JHONUZI's rating: 1130 &rarr; <strong>1155</strong><br />(+25 for winning)\n|l|☆magopat\n|player|p1|\n","uploadtime":1788305848,"views":"2","formatid":"gen9championsvgc2026regmb","rating":1099,"private":0,"password":null}