{"id":"gen9championsvgc2026regmb-2673863077","format":"[Gen 9 Champions] VGC 2026 Reg M-B","players":["benenelius","Thornlace48812"],"log":"|j|☆benenelius\n|j|☆Thornlace48812\n|t:|1788270122\n|gametype|doubles\n|player|p1|benenelius|dancer|1124\n|player|p2|Thornlace48812|102|1193\n|gen|9\n|tier|[Gen 9 Champions] VGC 2026 Reg M-B\n|rated|\n|rule|Species Clause: Limit one of each Pokémon\n|rule|Item Clause: Limit 1 of each item\n|clearpoke\n|poke|p1|Delphox, L50, M, shiny|\n|poke|p1|Whimsicott, L50, F|\n|poke|p1|Morpeko, L50, M|\n|poke|p1|Annihilape, L50, F|\n|poke|p1|Garchomp, L50, F|\n|poke|p1|Glimmora, L50, M|\n|poke|p2|Garchomp, L50, F|\n|poke|p2|Charizard, L50, M|\n|poke|p2|Whimsicott, L50, M|\n|poke|p2|Sylveon, L50, M|\n|poke|p2|Kingambit, L50, M|\n|poke|p2|Basculegion, L50, M|\n|teampreview|4\n|inactive|Battle timer is ON: inactive players will automatically lose when time's up. (requested by Thornlace48812)\nThornlace48812 rejected open team sheets.\n|inactive|benenelius has 60 seconds left.\n|\n|t:|1788270159\n|teamsize|p1|4\n|teamsize|p2|4\n|start\n|switch|p1a: Whimsicott|Whimsicott, L50, F|100/100\n|switch|p1b: Garchomp|Garchomp, L50, F|100/100\n|switch|p2a: Charizard|Charizard, L50, M|100/100\n|switch|p2b: Whimsicott|Whimsicott, L50, M|100/100\n|turn|1\n|\n|t:|1788270165\n|detailschange|p2a: Charizard|Charizard-Mega-Y, L50, M\n|-mega|p2a: Charizard|Charizard|Charizardite Y\n|-weather|SunnyDay|[from] ability: Drought|[of] p2a: Charizard\n|move|p1a: Whimsicott|Taunt|p2b: Whimsicott\n|-start|p2b: Whimsicott|move: Taunt\n|move|p2b: Whimsicott|Moonblast|p1b: Garchomp\n|-supereffective|p1b: Garchomp|1\n|-damage|p1b: Garchomp|25/100\n|move|p1b: Garchomp|Rock Slide|p2a: Charizard|[spread] p2a,p2b\n|-supereffective|p2a: Charizard|2\n|-damage|p2a: Charizard|3/100\n|-damage|p2b: Whimsicott|71/100\n|move|p2a: Charizard|Heat Wave|p1a: Whimsicott|[spread] p1a,p1b\n|-supereffective|p1a: Whimsicott|1\n|-resisted|p1b: Garchomp|1\n|-enditem|p1a: Whimsicott|Focus Sash\n|-damage|p1a: Whimsicott|1/100\n|-damage|p1b: Garchomp|0 fnt\n|faint|p1b: Garchomp\n|\n|-weather|SunnyDay|[upkeep]\n|upkeep\n|\n|t:|1788270187\n|switch|p1b: Harry Potter|Delphox, L50, M, shiny|100/100\n|turn|2\n|\n|t:|1788270195\n|detailschange|p1b: Harry Potter|Delphox-Mega, L50, M, shiny\n|-mega|p1b: Harry Potter|Delphox|Delphoxite\n|move|p1a: Whimsicott|Tailwind|p1a: Whimsicott\n|-sidestart|p1: benenelius|move: Tailwind\n|move|p1b: Harry Potter|Heat Wave|p2b: Whimsicott|[spread] p2b\n|-miss|p1b: Harry Potter|p2a: Charizard\n|-supereffective|p2b: Whimsicott|1\n|-damage|p2b: Whimsicott|0 fnt\n|faint|p2b: Whimsicott\n|move|p2a: Charizard|Heat Wave|p1b: Harry Potter|[spread] p1a,p1b\n|-supereffective|p1a: Whimsicott|1\n|-resisted|p1b: Harry Potter|1\n|-damage|p1a: Whimsicott|0 fnt\n|-damage|p1b: Harry Potter|67/100\n|faint|p1a: Whimsicott\n|\n|-weather|SunnyDay|[upkeep]\n|upkeep\n|\n|t:|1788270205\n|switch|p2b: Basculegion|Basculegion, L50, M|100/100\n|switch|p1a: Glimmora|Glimmora, L50, M|100/100\n|turn|3\n|\n|t:|1788270211\n|move|p2a: Charizard|Protect|p2a: Charizard\n|-singleturn|p2a: Charizard|Protect\n|move|p1a: Glimmora|Energy Ball|p2b: Basculegion\n|-supereffective|p2b: Basculegion|1\n|-damage|p2b: Basculegion|28/100\n|move|p1b: Harry Potter|Heat Wave|p2b: Basculegion|[spread] p2b\n|-activate|p2a: Charizard|move: Protect\n|-resisted|p2b: Basculegion|1\n|-damage|p2b: Basculegion|0 fnt\n|faint|p2b: Basculegion\n|\n|-weather|SunnyDay|[upkeep]\n|upkeep\n|\n|t:|1788270211\n|switch|p2b: Sylveon|Sylveon, L50, M|100/100\n|turn|4\n|\n|t:|1788270226\n|move|p2a: Charizard|Protect||[still]\n|-fail|p2a: Charizard\n|move|p1a: Glimmora|Energy Ball|p2b: Sylveon\n|-damage|p2b: Sylveon|71/100\n|move|p1b: Harry Potter|Heat Wave|p2a: Charizard|[spread] p2a,p2b\n|-resisted|p2a: Charizard|1\n|-damage|p2a: Charizard|0 fnt\n|-damage|p2b: Sylveon|23/100\n|faint|p2a: Charizard\n|move|p2b: Sylveon|Hyper Beam|p1a: Glimmora\n|-resisted|p1a: Glimmora|1\n|-crit|p1a: Glimmora\n|-damage|p1a: Glimmora|0 fnt\n|-mustrecharge|p2b: Sylveon\n|faint|p1a: Glimmora\n|\n|-weather|SunnyDay|[upkeep]\n|upkeep\n|turn|5\n|\n|t:|1788270233\n|move|p1b: Harry Potter|Psychic|p2b: Sylveon\n|-damage|p2b: Sylveon|0 fnt\n|faint|p2b: Sylveon\n|\n|win|benenelius\n|raw|benenelius's rating: 1124 &rarr; <strong>1151</strong><br />(+27 for winning)\n|raw|Thornlace48812's rating: 1146 &rarr; <strong>1119</strong><br />(-27 for losing)\n|l|☆Thornlace48812\n|player|p2|\n","uploadtime":1788270233,"views":"1","formatid":"gen9championsvgc2026regmb","rating":1119,"private":0,"password":null}