{"id":"gen9championsvgc2026regmb-2674500517","format":"[Gen 9 Champions] VGC 2026 Reg M-B","players":["Zapdos79","Aguss_Deluxe"],"log":"|j|☆Zapdos79\n|j|☆Aguss_Deluxe\n|t:|1788367144\n|gametype|doubles\n|player|p1|Zapdos79|flannery|1182\n|player|p2|Aguss_Deluxe|cyrus|1274\n|gen|9\n|tier|[Gen 9 Champions] VGC 2026 Reg M-B\n|rated|\n|rule|Species Clause: Limit one of each Pokémon\n|rule|Item Clause: Limit 1 of each item\n|clearpoke\n|poke|p1|Espathra, L50, F|\n|poke|p1|Floette-Eternal, L50, F|\n|poke|p1|Charizard, L50, F|\n|poke|p1|Zoroark-Hisui, L50, F|\n|poke|p1|Sneasler, L50, M|\n|poke|p1|Kingambit, L50, F|\n|poke|p2|Froslass, L50, F|\n|poke|p2|Sneasler, L50, F|\n|poke|p2|Basculegion, L50, M|\n|poke|p2|Dragonite, L50, F, shiny|\n|poke|p2|Garchomp, L50, M|\n|poke|p2|Kingambit, L50, F, shiny|\n|teampreview|4\n|inactive|Battle timer is ON: inactive players will automatically lose when time's up. (requested by Aguss_Deluxe)\n|inactive|Zapdos79 has 60 seconds left.\n|inactive|Zapdos79 has 30 seconds left.\n|\n|t:|1788367279\n|teamsize|p1|4\n|teamsize|p2|4\n|start\n|switch|p1a: Espathra|Espathra, L50, F|100/100\n|switch|p1b: Floette|Floette-Eternal, L50, F|100/100\n|switch|p2a: Sneasler|Sneasler, L50, F|100/100\n|switch|p2b: Kingambit|Kingambit, L50, F, shiny|100/100\n|turn|1\n|\n|t:|1788367295\n|move|p2a: Sneasler|Fake Out|p1a: Espathra\n|-damage|p1a: Espathra|88/100\n|move|p1b: Floette|Will-O-Wisp|p2b: Kingambit\n|-status|p2b: Kingambit|brn\n|cant|p1a: Espathra|flinch\n|move|p2b: Kingambit|Iron Head|p1b: Floette\n|-damage|p1b: Floette|50/100y\n|replace|p1b: Zoroark|Zoroark-Hisui, L50, F\n|-end|p1b: Zoroark|Illusion\n|\n|-damage|p2b: Kingambit|94/100 brn|[from] brn\n|-ability|p1a: Espathra|Speed Boost|boost\n|-boost|p1a: Espathra|spe|1\n|upkeep\n|turn|2\n|\n|t:|1788367317\n|switch|p2a: Dragonite|Dragonite, L50, F, shiny|100/100\n|move|p1a: Espathra|Calm Mind|p1a: Espathra\n|-boost|p1a: Espathra|spa|1\n|-boost|p1a: Espathra|spd|1\n|move|p1b: Zoroark|Will-O-Wisp|p2a: Dragonite\n|-status|p2a: Dragonite|brn\n|move|p2b: Kingambit|Kowtow Cleave|p1a: Espathra\n|-supereffective|p1a: Espathra|1\n|-damage|p1a: Espathra|44/100\n|-enditem|p1a: Espathra|Sitrus Berry|[eat]\n|-heal|p1a: Espathra|69/100|[from] item: Sitrus Berry\n|\n|-damage|p2a: Dragonite|94/100 brn|[from] brn\n|-damage|p2b: Kingambit|88/100 brn|[from] brn\n|-ability|p1a: Espathra|Speed Boost|boost\n|-boost|p1a: Espathra|spe|1\n|upkeep\n|turn|3\n|inactive|Zapdos79 has 30 seconds left.\n|inactive|Zapdos79 has 20 seconds left.\n|\n|t:|1788367352\n|detailschange|p2a: Dragonite|Dragonite-Mega, L50, F, shiny\n|-mega|p2a: Dragonite|Dragonite|Dragoninite\n|move|p1b: Zoroark|Protect|p1b: Zoroark\n|-singleturn|p1b: Zoroark|Protect\n|move|p1a: Espathra|Baton Pass|p1a: Espathra\n|\n|t:|1788367357\n|switch|p1a: Floette|Floette-Eternal, L50, F|100/100|[from] Baton Pass\n|move|p2a: Dragonite|Heat Wave|p1a: Floette|[spread] p1a\n|-activate|p1b: Zoroark|move: Protect\n|-damage|p1a: Floette|84/100\n|-status|p1a: Floette|brn\n|move|p2b: Kingambit|Kowtow Cleave|p1a: Floette\n|-resisted|p1a: Floette|1\n|-damage|p1a: Floette|70/100 brn\n|\n|-damage|p1a: Floette|64/100 brn|[from] brn\n|-damage|p2a: Dragonite|88/100 brn|[from] brn\n|-damage|p2b: Kingambit|82/100 brn|[from] brn\n|upkeep\n|turn|4\n|\n|t:|1788367384\n|detailschange|p1a: Floette|Floette-Mega, L50, F\n|-mega|p1a: Floette|Floette|Floettite\n|-ability|p1a: Floette|Fairy Aura\n|move|p1a: Floette|Draining Kiss|p2b: Kingambit\n|-damage|p2b: Kingambit|20/100r brn\n|-heal|p1a: Floette|100/100 brn|[from] drain|[of] p2b: Kingambit\n|move|p1b: Zoroark|Hyper Voice|p2b: Kingambit|[spread] p2a,p2b\n|-resisted|p2b: Kingambit|1\n|-damage|p2a: Dragonite|58/100 brn\n|-damage|p2b: Kingambit|3/100 brn\n|move|p2a: Dragonite|Dragon Pulse|p1b: Zoroark\n|-damage|p1b: Zoroark|0 fnt\n|faint|p1b: Zoroark\n|move|p2b: Kingambit|Iron Head|p1a: Floette\n|-supereffective|p1a: Floette|1\n|-damage|p1a: Floette|52/100 brn\n|\n|-damage|p1a: Floette|46/100 brn|[from] brn\n|-damage|p2a: Dragonite|52/100 brn|[from] brn\n|-damage|p2b: Kingambit|0 fnt|[from] brn\n|faint|p2b: Kingambit\n|upkeep\n|\n|t:|1788367409\n|switch|p1b: Espathra|Espathra, L50, F|69/100\n|switch|p2b: Sneasler|Sneasler, L50, F|100/100\n|turn|5\n|\n|t:|1788367419\n|move|p1a: Floette|Protect|p1a: Floette\n|-singleturn|p1a: Floette|Protect\n|move|p1b: Espathra|Protect|p1b: Espathra\n|-singleturn|p1b: Espathra|Protect\n|move|p2b: Sneasler|Dire Claw|p1a: Floette\n|-activate|p1a: Floette|move: Protect\n|move|p2a: Dragonite|Dragon Pulse|p1b: Espathra\n|-activate|p1b: Espathra|move: Protect\n|\n|-damage|p1a: Floette|40/100 brn|[from] brn\n|-damage|p2a: Dragonite|47/100 brn|[from] brn\n|-ability|p1b: Espathra|Speed Boost|boost\n|-boost|p1b: Espathra|spe|1\n|upkeep\n|turn|6\n|\n|t:|1788367429\n|move|p1a: Floette|Dazzling Gleam|p2a: Dragonite|[spread] p2a,p2b\n|-supereffective|p2a: Dragonite|1\n|-damage|p2a: Dragonite|0 fnt\n|-damage|p2b: Sneasler|6/100\n|faint|p2a: Dragonite\n|move|p1b: Espathra|Lumina Crash|p2b: Sneasler\n|-supereffective|p2b: Sneasler|2\n|-damage|p2b: Sneasler|0 fnt\n|faint|p2b: Sneasler\n|\n|-damage|p1a: Floette|34/100 brn|[from] brn\n|-ability|p1b: Espathra|Speed Boost|boost\n|-boost|p1b: Espathra|spe|1\n|upkeep\n|-message|Aguss_Deluxe forfeited.\n|\n|win|Zapdos79\n|raw|Zapdos79's rating: 1182 &rarr; <strong>1213</strong><br />(+31 for winning)\n|raw|Aguss_Deluxe's rating: 1274 &rarr; <strong>1243</strong><br />(-31 for losing)\n|l|☆Aguss_Deluxe\n|player|p2|\n|c|☆Zapdos79|gg\n","uploadtime":1788367442,"views":"7","formatid":"gen9championsvgc2026regmb","rating":1213,"private":0,"password":null}