{"id":"gen9championsvgc2026regmb-2674283017","format":"[Gen 9 Champions] VGC 2026 Reg M-B","players":["Phantom Omega","mdzzu0"],"log":"|j|☆Phantom Omega\n|j|☆mdzzu0\n|t:|1788331133\n|gametype|doubles\n|player|p1|Phantom Omega|265|1496\n|player|p2|mdzzu0|170|1442\n|gen|9\n|tier|[Gen 9 Champions] VGC 2026 Reg M-B\n|rated|\n|rule|Species Clause: Limit one of each Pokémon\n|rule|Item Clause: Limit 1 of each item\n|clearpoke\n|poke|p1|Lucario, L50, F|\n|poke|p1|Basculegion, L50, M|\n|poke|p1|Charizard, L50, F|\n|poke|p1|Garchomp, L50, M|\n|poke|p1|Farigiraf, L50, F|\n|poke|p1|Aerodactyl, L50, F|\n|poke|p2|Ninetales-Alola, L50, F|\n|poke|p2|Kingambit, L50, M|\n|poke|p2|Glimmora, L50, F|\n|poke|p2|Kommo-o, L50, M|\n|poke|p2|Whimsicott, L50, F|\n|poke|p2|Basculegion, L50, M|\n|teampreview|4\n|inactive|Battle timer is ON: inactive players will automatically lose when time's up. (requested by Phantom Omega)\n|inactive|Phantom Omega has 60 seconds left.\n|\n|t:|1788331169\n|teamsize|p1|4\n|teamsize|p2|4\n|start\n|switch|p1a: Aerodactyl|Aerodactyl, L50, F|100/100\n|switch|p1b: Lucario|Lucario, L50, F|100/100\n|switch|p2a: Glimmora|Glimmora, L50, F|100/100\n|switch|p2b: Basculegion|Basculegion, L50, M|100/100\n|-ability|p1a: Aerodactyl|Unnerve\n|turn|1\n|\n|t:|1788331193\n|switch|p1b: Garchomp|Garchomp, L50, M|100/100\n|detailschange|p2a: Glimmora|Glimmora-Mega, L50, F\n|-mega|p2a: Glimmora|Glimmora|Glimmoranite\n|move|p2b: Basculegion|Flip Turn|p1a: Aerodactyl\n|-supereffective|p1a: Aerodactyl|1\n|-enditem|p1a: Aerodactyl|Focus Sash\n|-damage|p1a: Aerodactyl|1/100\n|\n|t:|1788331209\n|switch|p2b: Whimsicott|Whimsicott, L50, F|100/100|[from] Flip Turn\n|move|p1a: Aerodactyl|Tailwind|p1a: Aerodactyl\n|-sidestart|p1: Phantom Omega|move: Tailwind\n|move|p2a: Glimmora|Power Gem|p1a: Aerodactyl\n|-supereffective|p1a: Aerodactyl|1\n|-damage|p1a: Aerodactyl|0 fnt\n|faint|p1a: Aerodactyl\n|\n|upkeep\n|\n|t:|1788331220\n|switch|p1a: Lucario|Lucario, L50, F|100/100\n|turn|2\n|inactive|mdzzu0 has 30 seconds left.\n|\n|t:|1788331246\n|detailschange|p1a: Lucario|Lucario-Mega, L50, F\n|-mega|p1a: Lucario|Lucario|Lucarionite\n|move|p2a: Glimmora|Spiky Shield|p2a: Glimmora\n|-singleturn|p2a: Glimmora|move: Protect\n|move|p2b: Whimsicott|Tailwind|p2b: Whimsicott\n|-sidestart|p2: mdzzu0|move: Tailwind\n|move|p1a: Lucario|Meteor Mash|p2b: Whimsicott\n|-supereffective|p2b: Whimsicott|1\n|-enditem|p2b: Whimsicott|Focus Sash\n|-damage|p2b: Whimsicott|1/100\n|move|p1b: Garchomp|Rock Slide|p2b: Whimsicott|[spread] \n|-activate|p2a: Glimmora|move: Protect\n|-miss|p1b: Garchomp|p2b: Whimsicott\n|\n|upkeep\n|turn|3\n|inactive|mdzzu0 has 30 seconds left.\n|inactive|mdzzu0 has 20 seconds left.\n|inactive|mdzzu0 has 15 seconds left.\n|\n|t:|1788331287\n|switch|p2a: Basculegion|Basculegion, L50, M|100/100\n|move|p2b: Whimsicott|Protect|p2b: Whimsicott\n|-singleturn|p2b: Whimsicott|Protect\n|move|p1a: Lucario|Protect|p1a: Lucario\n|-singleturn|p1a: Lucario|Protect\n|move|p1b: Garchomp|Earthquake|p2b: Whimsicott|[spread] p2a\n|-activate|p1a: Lucario|move: Protect\n|-activate|p2b: Whimsicott|move: Protect\n|-crit|p2a: Basculegion\n|-damage|p2a: Basculegion|10/100\n|-damage|p1b: Garchomp|90/100|[from] item: Life Orb\n|\n|upkeep\n|turn|4\n|inactive|mdzzu0 has 30 seconds left.\n|\n|t:|1788331322\n|switch|p1a: Farigiraf|Farigiraf, L50, F|100/100\n|move|p2b: Whimsicott|Encore||[still]\n|cant|p1a: Farigiraf|ability: Armor Tail|Encore|[of] p2b: Whimsicott\n|move|p2a: Basculegion|Wave Crash|p1a: Farigiraf\n|-damage|p1a: Farigiraf|42/100\n|-enditem|p1a: Farigiraf|Sitrus Berry|[eat]\n|-heal|p1a: Farigiraf|67/100|[from] item: Sitrus Berry\n|-damage|p2a: Basculegion|0 fnt|[from] Recoil\n|faint|p2a: Basculegion\n|move|p1b: Garchomp|Earthquake|p2b: Whimsicott|[spread] p1a,p2b\n|-resisted|p2b: Whimsicott|1\n|-damage|p1a: Farigiraf|30/100\n|-damage|p2b: Whimsicott|0 fnt\n|faint|p2b: Whimsicott\n|-damage|p1b: Garchomp|80/100|[from] item: Life Orb\n|\n|-sideend|p1: Phantom Omega|move: Tailwind\n|upkeep\n|\n|t:|1788331330\n|switch|p2b: Ninetales|Ninetales-Alola, L50, F|100/100\n|switch|p2a: Glimmora|Glimmora-Mega, L50, F|100/100\n|-weather|Snowscape|[from] ability: Snow Warning|[of] p2b: Ninetales\n|turn|5\n|\n|t:|1788331343\n|move|p1b: Garchomp|Protect|p1b: Garchomp\n|-singleturn|p1b: Garchomp|Protect\n|move|p1a: Farigiraf|Protect|p1a: Farigiraf\n|-singleturn|p1a: Farigiraf|Protect\n|move|p2b: Ninetales|Blizzard|p1a: Farigiraf|[spread] \n|-activate|p1a: Farigiraf|move: Protect\n|-activate|p1b: Garchomp|move: Protect\n|move|p2a: Glimmora|Power Gem|p1a: Farigiraf\n|-activate|p1a: Farigiraf|move: Protect\n|\n|-weather|Snowscape|[upkeep]\n|-sideend|p2: mdzzu0|move: Tailwind\n|upkeep\n|turn|6\n|\n|t:|1788331362\n|move|p2b: Ninetales|Blizzard|p1a: Farigiraf|[spread] p1a,p1b\n|-supereffective|p1b: Garchomp|2\n|-damage|p1a: Farigiraf|0 fnt\n|-damage|p1b: Garchomp|0 fnt\n|faint|p1a: Farigiraf\n|faint|p1b: Garchomp\n|move|p2a: Glimmora|Earth Power|p1: Farigiraf|[notarget]\n|-fail|p2a: Glimmora\n|\n|-weather|Snowscape|[upkeep]\n|upkeep\n|\n|t:|1788331370\n|switch|p1b: Lucario|Lucario-Mega, L50, F|100/100\n|turn|7\n|\n|t:|1788331384\n|move|p2b: Ninetales|Protect|p2b: Ninetales\n|-singleturn|p2b: Ninetales|Protect\n|move|p2a: Glimmora|Spiky Shield|p2a: Glimmora\n|-singleturn|p2a: Glimmora|move: Protect\n|move|p1b: Lucario|Meteor Mash|p2a: Glimmora\n|-activate|p2a: Glimmora|move: Protect\n|-damage|p1b: Lucario|87/100|[from] Spiky Shield|[of] p2a: Glimmora\n|\n|-weather|Snowscape|[upkeep]\n|upkeep\n|turn|8\n|\n|t:|1788331403\n|move|p2b: Ninetales|Blizzard|p1b: Lucario\n|-resisted|p1b: Lucario|1\n|-damage|p1b: Lucario|48/100\n|move|p1b: Lucario|Meteor Mash|p2a: Glimmora\n|-supereffective|p2a: Glimmora|1\n|-damage|p2a: Glimmora|0 fnt\n|faint|p2a: Glimmora\n|\n|-weather|Snowscape|[upkeep]\n|upkeep\n|turn|9\n|\n|t:|1788331411\n|move|p2b: Ninetales|Blizzard|p1b: Lucario\n|-resisted|p1b: Lucario|1\n|-damage|p1b: Lucario|5/100\n|move|p1b: Lucario|Meteor Mash|p2b: Ninetales\n|-supereffective|p2b: Ninetales|2\n|-damage|p2b: Ninetales|0 fnt\n|faint|p2b: Ninetales\n|\n|win|Phantom Omega\n|raw|Phantom Omega's rating: 1496 &rarr; <strong>1513</strong><br />(+17 for winning)\n|raw|mdzzu0's rating: 1442 &rarr; <strong>1425</strong><br />(-17 for losing)\n|l|☆mdzzu0\n|player|p2|\n","uploadtime":1788331419,"views":"11","formatid":"gen9championsvgc2026regmb","rating":1425,"private":0,"password":null}