{"id":"gen9championsvgc2026regmbbo3-2674025177","format":"[Gen 9 Champions] VGC 2026 Reg M-B (Bo3)","players":["bever13","Alvinplays12"],"log":"|j|☆bever13\n|j|☆Alvinplays12\n|html|<table width=\"100%\"><tr><td align=\"left\">bever13</td><td align=\"right\">Alvinplays12</tr><tr><td align=\"left\"><i class=\"fa fa-circle-o\"></i> <i class=\"fa fa-circle-o\"></i> </td><td align=\"right\"><i class=\"fa fa-circle-o\"></i> <i class=\"fa fa-circle-o\"></i> </tr></table>\n|uhtml|bestof|<h2><strong>Game 1</strong> of <a href=\"/game-bestof3-gen9championsvgc2026regmbbo3-2674025176\">a best-of-3</a></h2>\n|t:|1788289627\n|gametype|doubles\n|player|p1|bever13|pryce|1075\n|player|p2|Alvinplays12|102|1093\n|gen|9\n|tier|[Gen 9 Champions] VGC 2026 Reg M-B (Bo3)\n|rated|\n|rule|Species Clause: Limit one of each Pokémon\n|rule|Item Clause: Limit 1 of each item\n|clearpoke\n|poke|p1|Lucario, L50, F|\n|poke|p1|Clefable, L50, M|\n|poke|p1|Palafin, L50, M|\n|poke|p1|Sinistcha, L50|\n|poke|p1|Blaziken, L50, F|\n|poke|p1|Manectric, L50, M|\n|poke|p2|Garchomp, L50, M|\n|poke|p2|Kingambit, L50, F|\n|poke|p2|Basculegion, L50, M|\n|poke|p2|Dragonite, L50, M|\n|poke|p2|Sneasler, L50, F|\n|poke|p2|Gardevoir, L50, M|\n|teampreview|4\n|showteam|p1|Lucario||Lucarionite|Steadfast|MeteorMash,CloseCombat,ExtremeSpeed,Protect|Jolly||F|||50|]Clefable||Leftovers|MagicGuard|Encore,IcyWind,FollowMe,Moonblast|Modest||M|||50|]Palafin||LifeOrb|ZerotoHero|DrainPunch,JetPunch,WaveCrash,Protect|Jolly||M|||50|]Sinistcha||SitrusBerry|Hospitality|CalmMind,MatchaGotcha,ShadowBall,RagePowder|Calm|||||50|]Blaziken||Blazikenite|SpeedBoost|CloseCombat,FlareBlitz,RockSlide,Protect|Jolly||F|||50|]Manectric||ChoiceScarf|LightningRod|Discharge,Flamethrower,Switcheroo,VoltSwitch|Modest||M|||50|\n|showteam|p2|Garchomp||SitrusBerry|RoughSkin|DragonClaw,Protect,Earthquake,RockSlide|Jolly||M|||50|]Kingambit||ChopleBerry|Defiant|SuckerPunch,KowtowCleave,Protect,IronHead|Adamant||F|||50|]Basculegion||LifeOrb|Adaptability|LastRespects,AquaJet,WaveCrash,Protect|Adamant||M|||50|]Dragonite||Dragoninite|Multiscale|Protect,ExtremeSpeed,HeatWave,DragonPulse|Modest||M|||50|]Sneasler||FocusSash|PoisonTouch|CloseCombat,FakeOut,DireClaw,Protect|Jolly||F|||50|]Gardevoir||Gardevoirite|Trace|Protect,HyperVoice,Psychic,Moonblast|Modest||M|||50|\n|inactive|Battle timer is ON: inactive players will automatically lose when time's up. (requested by bever13)\n|\n|t:|1788289665\n|teamsize|p1|4\n|teamsize|p2|4\n|start\n|switch|p1a: Blaziken|Blaziken, L50, F|100/100\n|switch|p1b: Palafin|Palafin, L50, M|100/100\n|switch|p2a: Dragonite|Dragonite, L50, M|100/100\n|switch|p2b: Garchomp|Garchomp, L50, M|100/100\n|turn|1\n|inactive|bever13 has 30 seconds left.\n|inactive|bever13 has 20 seconds left.\n|inactive|bever13 has 15 seconds left.\n|\n|t:|1788289710\n|detailschange|p1b: Palafin|Palafin-Hero, L50, M\n|switch|p1b: Clefable|Clefable, L50, M|100/100\n|detailschange|p1a: Blaziken|Blaziken-Mega, L50, F\n|-mega|p1a: Blaziken|Blaziken|Blazikenite\n|detailschange|p2a: Dragonite|Dragonite-Mega, L50, M\n|-mega|p2a: Dragonite|Dragonite|Dragoninite\n|move|p1a: Blaziken|Protect|p1a: Blaziken\n|-singleturn|p1a: Blaziken|Protect\n|move|p2b: Garchomp|Earthquake|p1a: Blaziken|[spread] p1b\n|-activate|p1a: Blaziken|move: Protect\n|-immune|p2a: Dragonite\n|-damage|p1b: Clefable|60/100\n|move|p2a: Dragonite|Dragon Pulse|p1b: Clefable\n|-immune|p1b: Clefable\n|\n|-heal|p1b: Clefable|66/100|[from] item: Leftovers\n|-ability|p1a: Blaziken|Speed Boost|boost\n|-boost|p1a: Blaziken|spe|1\n|upkeep\n|turn|2\n|inactive|bever13 has 30 seconds left.\n|inactive|Alvinplays12 has 30 seconds left.\n|\n|t:|1788289738\n|move|p2a: Dragonite|Extreme Speed|p1b: Clefable\n|-damage|p1b: Clefable|45/100\n|move|p1a: Blaziken|Rock Slide|p2a: Dragonite|[spread] p2a\n|-miss|p1a: Blaziken|p2b: Garchomp\n|-supereffective|p2a: Dragonite|1\n|-damage|p2a: Dragonite|77/100\n|move|p2b: Garchomp|Earthquake|p1a: Blaziken|[spread] p1a,p1b\n|-immune|p2a: Dragonite\n|-supereffective|p1a: Blaziken|1\n|-damage|p1a: Blaziken|0 fnt\n|-damage|p1b: Clefable|10/100\n|faint|p1a: Blaziken\n|move|p1b: Clefable|Icy Wind|p2a: Dragonite|[spread] p2a,p2b\n|-supereffective|p2a: Dragonite|2\n|-supereffective|p2b: Garchomp|2\n|-crit|p2b: Garchomp\n|-damage|p2a: Dragonite|39/100\n|-damage|p2b: Garchomp|27/100\n|-unboost|p2a: Dragonite|spe|1\n|-unboost|p2b: Garchomp|spe|1\n|-enditem|p2b: Garchomp|Sitrus Berry|[eat]\n|-heal|p2b: Garchomp|52/100|[from] item: Sitrus Berry\n|\n|-heal|p1b: Clefable|16/100|[from] item: Leftovers\n|upkeep\n|inactive|bever13 has 30 seconds left.\n|inactive|bever13 has 20 seconds left.\n|inactive|bever13 has 15 seconds left.\n|\n|t:|1788289778\n|switch|p1a: Palafin|Palafin-Hero, L50, M|100/100\n|-activate|p1a: Palafin|ability: Zero to Hero\n|turn|3\n|\n|t:|1788289794\n|move|p2a: Dragonite|Extreme Speed|p1b: Clefable\n|-damage|p1b: Clefable|0 fnt\n|faint|p1b: Clefable\n|move|p1a: Palafin|Wave Crash|p2b: Garchomp\n|-damage|p2b: Garchomp|0 fnt\n|-damage|p1a: Palafin|87/100|[from] ability: Rough Skin|[of] p2b: Garchomp\n|faint|p2b: Garchomp\n|-damage|p1a: Palafin|69/100|[from] Recoil\n|-damage|p1a: Palafin|59/100|[from] item: Life Orb\n|\n|upkeep\n|inactive|bever13 has 30 seconds left.\n|\n|t:|1788289823\n|switch|p2b: Basculegion|Basculegion, L50, M|100/100\n|switch|p1b: Sinistcha|Sinistcha, L50|100/100\n|-heal|p1a: Palafin|84/100|[from] ability: Hospitality|[of] p1b: Sinistcha\n|turn|4\n|\n|t:|1788289839\n|move|p2a: Dragonite|Protect|p2a: Dragonite\n|-singleturn|p2a: Dragonite|Protect\n|move|p1a: Palafin|Wave Crash|p2b: Basculegion\n|-resisted|p2b: Basculegion|1\n|-damage|p2b: Basculegion|36/100\n|-damage|p1a: Palafin|61/100|[from] Recoil\n|-damage|p1a: Palafin|51/100|[from] item: Life Orb\n|move|p2b: Basculegion|Last Respects|p1b: Sinistcha\n|-supereffective|p1b: Sinistcha|1\n|-damage|p1b: Sinistcha|0 fnt\n|faint|p1b: Sinistcha\n|-damage|p2b: Basculegion|26/100|[from] item: Life Orb\n|\n|upkeep\n|turn|5\n|\n|t:|1788289856\n|move|p1a: Palafin|Wave Crash|p2b: Basculegion\n|-resisted|p2b: Basculegion|1\n|-damage|p2b: Basculegion|0 fnt\n|faint|p2b: Basculegion\n|-damage|p1a: Palafin|41/100|[from] Recoil\n|-damage|p1a: Palafin|32/100|[from] item: Life Orb\n|move|p2a: Dragonite|Dragon Pulse|p1a: Palafin\n|-damage|p1a: Palafin|0 fnt\n|faint|p1a: Palafin\n|\n|win|Alvinplays12\n||bever13 is ready for game 2.\n|l|☆bever13\n|player|p1|\n|inactive|Alvinplays12 has 30 seconds to confirm battle start!\n","uploadtime":1788289868,"views":"0","formatid":"gen9championsvgc2026regmbbo3","rating":null,"private":0,"password":null}