{"id":"gen9championsvgc2026regmb-2674383441","format":"[Gen 9 Champions] VGC 2026 Reg M-B","players":["kurumi1006","ssurpsm"],"log":"|j|☆kurumi1006\n|j|☆ssurpsm\n|t:|1788352576\n|gametype|doubles\n|player|p1|kurumi1006|170|1310\n|player|p2|ssurpsm|lucian|1243\n|gen|9\n|tier|[Gen 9 Champions] VGC 2026 Reg M-B\n|rated|\n|rule|Species Clause: Limit one of each Pokémon\n|rule|Item Clause: Limit 1 of each item\n|clearpoke\n|poke|p1|Charizard, L50, F, shiny|\n|poke|p1|Sneasler, L50, M|\n|poke|p1|Sinistcha, L50|\n|poke|p1|Milotic, L50, F|\n|poke|p1|Incineroar, L50, F|\n|poke|p1|Aegislash, L50, M|\n|poke|p2|Volcarona, L50, M|\n|poke|p2|Aerodactyl, L50, M|\n|poke|p2|Gardevoir, L50, F|\n|poke|p2|Garchomp, L50, M|\n|poke|p2|Basculegion, L50, M|\n|poke|p2|Venusaur, L50, F|\n|teampreview|4\n|\n|t:|1788352616\n|teamsize|p1|4\n|teamsize|p2|4\n|start\n|switch|p1a: Charizard|Charizard, L50, F, shiny|100/100\n|switch|p1b: Aegislash|Aegislash, L50, M|100/100\n|switch|p2a: Aerodactyl|Aerodactyl, L50, M|100/100\n|switch|p2b: Garchomp|Garchomp, L50, M|100/100\n|turn|1\n|\n|t:|1788352629\n|move|p1b: Aegislash|Wide Guard|p1b: Aegislash\n|-singleturn|p1b: Aegislash|Wide Guard\n|move|p2b: Garchomp|Stomping Tantrum|p1b: Aegislash\n|-supereffective|p1b: Aegislash|1\n|-damage|p1b: Aegislash|35/100\n|move|p2a: Aerodactyl|Rock Slide|p1b: Aegislash|[spread] \n|-activate|p1a: Charizard|move: Wide Guard\n|-activate|p1b: Aegislash|move: Wide Guard\n|move|p1a: Charizard|Dragon Dance|p1a: Charizard\n|-boost|p1a: Charizard|atk|1\n|-boost|p1a: Charizard|spe|1\n|\n|upkeep\n|turn|2\n|\n|t:|1788352650\n|detailschange|p1a: Charizard|Charizard-Mega-X, L50, F, shiny\n|-mega|p1a: Charizard|Charizard|Charizardite X\n|move|p2b: Garchomp|Stomping Tantrum|p1b: Aegislash\n|-supereffective|p1b: Aegislash|1\n|-damage|p1b: Aegislash|0 fnt\n|faint|p1b: Aegislash\n|move|p1a: Charizard|Dragon Claw|p2b: Garchomp\n|-supereffective|p2b: Garchomp|1\n|-damage|p2b: Garchomp|0 fnt\n|-damage|p1a: Charizard|87/100|[from] ability: Rough Skin|[of] p2b: Garchomp\n|faint|p2b: Garchomp\n|move|p2a: Aerodactyl|Rock Slide|p1a: Charizard\n|-supereffective|p1a: Charizard|1\n|-damage|p1a: Charizard|21/100\n|\n|upkeep\n|\n|t:|1788352664\n|switch|p2b: Volcarona|Volcarona, L50, M|100/100\n|switch|p1b: Sinistcha|Sinistcha, L50|100/100\n|-heal|p1a: Charizard|46/100|[from] ability: Hospitality|[of] p1b: Sinistcha\n|turn|3\n|\n|t:|1788352689\n|move|p1b: Sinistcha|Rage Powder|p1b: Sinistcha\n|-singleturn|p1b: Sinistcha|move: Rage Powder\n|move|p1a: Charizard|Dragon Claw|p2a: Aerodactyl\n|-crit|p2a: Aerodactyl\n|-enditem|p2a: Aerodactyl|Focus Sash\n|-damage|p2a: Aerodactyl|1/100\n|move|p2a: Aerodactyl|Rock Slide|p1b: Sinistcha|[spread] p1a,p1b\n|-supereffective|p1a: Charizard|1\n|-damage|p1a: Charizard|1/100\n|-damage|p1b: Sinistcha|79/100\n|move|p2b: Volcarona|Heat Wave|p1a: Charizard|[spread] p1a,p1b\n|-resisted|p1a: Charizard|2\n|-supereffective|p1b: Sinistcha|1\n|-damage|p1a: Charizard|0 fnt\n|-damage|p1b: Sinistcha|14/100\n|faint|p1a: Charizard\n|\n|upkeep\n|\n|t:|1788352698\n|switch|p1a: Incineroar|Incineroar, L50, F|100/100\n|-ability|p1a: Incineroar|Intimidate|boost\n|-unboost|p2a: Aerodactyl|atk|1\n|-unboost|p2b: Volcarona|atk|1\n|turn|4\n|\n|t:|1788352707\n|move|p2a: Aerodactyl|Protect|p2a: Aerodactyl\n|-singleturn|p2a: Aerodactyl|Protect\n|move|p1a: Incineroar|Fake Out|p2b: Volcarona\n|-damage|p2b: Volcarona|90/100\n|cant|p2b: Volcarona|flinch\n|move|p1b: Sinistcha|Trick Room|p1b: Sinistcha\n|-fieldstart|move: Trick Room|[of] p1b: Sinistcha\n|\n|upkeep\n|turn|5\n|\n|t:|1788352721\n|move|p1a: Incineroar|Darkest Lariat|p2b: Volcarona\n|-damage|p2b: Volcarona|61/100\n|move|p1b: Sinistcha|Matcha Gotcha|p2b: Volcarona|[spread] p2a,p2b\n|-resisted|p2b: Volcarona|2\n|-damage|p2a: Aerodactyl|0 fnt\n|-heal|p1b: Sinistcha|15/100|[from] drain|[of] p2a: Aerodactyl\n|-damage|p2b: Volcarona|56/100\n|-heal|p1b: Sinistcha|17/100|[from] drain|[of] p2b: Volcarona\n|faint|p2a: Aerodactyl\n|move|p2b: Volcarona|Heat Wave|p1b: Sinistcha|[spread] p1a,p1b\n|-resisted|p1a: Incineroar|1\n|-supereffective|p1b: Sinistcha|1\n|-damage|p1a: Incineroar|87/100\n|-damage|p1b: Sinistcha|0 fnt\n|faint|p1b: Sinistcha\n|\n|upkeep\n|\n|t:|1788352725\n|switch|p2a: Venusaur|Venusaur, L50, F|100/100\n|turn|6\n|l|☆ssurpsm\n|player|p2|\n|j|☆ssurpsm\n|player|p2|ssurpsm|lucian|\n|\n|t:|1788352752\n|detailschange|p2a: Venusaur|Venusaur-Mega, L50, F\n|-mega|p2a: Venusaur|Venusaur|Venusaurite\n|move|p2a: Venusaur|Protect|p2a: Venusaur\n|-singleturn|p2a: Venusaur|Protect\n|move|p2b: Volcarona|Protect|p2b: Volcarona\n|-singleturn|p2b: Volcarona|Protect\n|move|p1a: Incineroar|Darkest Lariat|p2b: Volcarona\n|-activate|p2b: Volcarona|move: Protect\n|\n|upkeep\n|turn|7\n|\n|t:|1788352762\n|move|p2b: Volcarona|Rage Powder|p2b: Volcarona\n|-singleturn|p2b: Volcarona|move: Rage Powder\n|move|p1a: Incineroar|Flare Blitz|p2b: Volcarona\n|-damage|p2b: Volcarona|15/100\n|-damage|p1a: Incineroar|74/100|[from] Recoil\n|move|p2a: Venusaur|Earth Power|p1a: Incineroar\n|-supereffective|p1a: Incineroar|1\n|-damage|p1a: Incineroar|24/100\n|-enditem|p1a: Incineroar|Sitrus Berry|[eat]\n|-heal|p1a: Incineroar|49/100|[from] item: Sitrus Berry\n|\n|upkeep\n|turn|8\n|\n|t:|1788352771\n|move|p2a: Venusaur|Protect|p2a: Venusaur\n|-singleturn|p2a: Venusaur|Protect\n|move|p2b: Volcarona|Protect|p2b: Volcarona\n|-singleturn|p2b: Volcarona|Protect\n|move|p1a: Incineroar|Flare Blitz|p2b: Volcarona\n|-activate|p2b: Volcarona|move: Protect\n|\n|-fieldend|move: Trick Room\n|upkeep\n|turn|9\n|-message|kurumi1006 forfeited.\n|\n|win|ssurpsm\n|raw|kurumi1006's rating: 1310 &rarr; <strong>1286</strong><br />(-24 for losing)\n|raw|ssurpsm's rating: 1243 &rarr; <strong>1273</strong><br />(+30 for winning)\n|l|☆kurumi1006\n|player|p1|\n","uploadtime":1788352795,"views":"1","formatid":"gen9championsvgc2026regmb","rating":1273,"private":0,"password":null}