{"id":"gen9championsvgc2026regmb-2674286459","format":"[Gen 9 Champions] VGC 2026 Reg M-B","players":["Skayloft_1er","135b"],"log":"|j|☆Skayloft_1er\n|j|☆135b\n|t:|1788332002\n|gametype|doubles\n|player|p1|Skayloft_1er|ethan|1106\n|player|p2|135b|dragontamer|1217\n|gen|9\n|tier|[Gen 9 Champions] VGC 2026 Reg M-B\n|rated|\n|rule|Species Clause: Limit one of each Pokémon\n|rule|Item Clause: Limit 1 of each item\n|clearpoke\n|poke|p1|Farigiraf, L50, F|\n|poke|p1|Decidueye-Hisui, L50, M|\n|poke|p1|Floette-Eternal, L50, F|\n|poke|p1|Scizor, L50, M|\n|poke|p1|Pelipper, L50, F|\n|poke|p1|Sinistcha, L50|\n|poke|p2|Gengar, L50, M|\n|poke|p2|Staraptor, L50, M|\n|poke|p2|Sinistcha, L50|\n|poke|p2|Aerodactyl, L50, M|\n|poke|p2|Garchomp, L50, F|\n|poke|p2|Kingambit, L50, M|\n|teampreview|4\n|inactive|Battle timer is ON: inactive players will automatically lose when time's up. (requested by 135b)\n135b rejected open team sheets.\n|inactive|135b has 60 seconds left.\n|\n|t:|1788332044\n|teamsize|p1|4\n|teamsize|p2|4\n|start\n|switch|p1a: Farigiraf|Farigiraf, L50, F|100/100\n|switch|p1b: Decidueye|Decidueye-Hisui, L50, M|100/100\n|switch|p2a: Gengar|Gengar, L50, M|100/100\n|switch|p2b: Staraptor|Staraptor, L50, M|100/100\n|-ability|p2b: Staraptor|Intimidate|boost\n|-unboost|p1a: Farigiraf|atk|1\n|-fail|p1b: Decidueye|unboost|atk|[from] ability: Scrappy|[of] p1b: Decidueye\n|turn|1\n|inactive|135b has 30 seconds left.\n|\n|t:|1788332073\n|detailschange|p2b: Staraptor|Staraptor-Mega, L50, M\n|-mega|p2b: Staraptor|Staraptor|Staraptite\n|move|p2a: Gengar|Protect|p2a: Gengar\n|-singleturn|p2a: Gengar|Protect\n|move|p2b: Staraptor|Close Combat|p1a: Farigiraf\n|-damage|p1a: Farigiraf|43/100\n|-boost|p2b: Staraptor|def|1\n|-boost|p2b: Staraptor|spd|1\n|-enditem|p1a: Farigiraf|Sitrus Berry|[eat]\n|-heal|p1a: Farigiraf|68/100|[from] item: Sitrus Berry\n|move|p1b: Decidueye|Knock Off|p2a: Gengar\n|-activate|p2a: Gengar|move: Protect\n|move|p1a: Farigiraf|Trick Room|p1a: Farigiraf\n|-fieldstart|move: Trick Room|[of] p1a: Farigiraf\n|\n|upkeep\n|turn|2\n|inactive|Skayloft_1er has 30 seconds left.\n|inactive|135b has 30 seconds left.\n|\n|t:|1788332108\n|switch|p1a: Sinistcha|Sinistcha, L50|100/100\n|move|p1b: Decidueye|Knock Off|p2a: Gengar\n|-supereffective|p2a: Gengar|1\n|-enditem|p2a: Gengar|Focus Sash\n|-damage|p2a: Gengar|1/100\n|move|p2b: Staraptor|Close Combat|p1a: Sinistcha\n|-immune|p1a: Sinistcha\n|move|p2a: Gengar|Thunder Wave|p1b: Decidueye\n|-status|p1b: Decidueye|par\n|\n|upkeep\n|turn|3\n|inactive|Skayloft_1er has 30 seconds left.\n|\n|t:|1788332138\n|move|p2a: Gengar|Protect|p2a: Gengar\n|-singleturn|p2a: Gengar|Protect\n|move|p1b: Decidueye|Triple Arrows|p2b: Staraptor\n|-resisted|p2b: Staraptor|1\n|-damage|p2b: Staraptor|86/100\n|-boost|p2b: Staraptor|def|1\n|move|p1a: Sinistcha|Matcha Gotcha|p2b: Staraptor|[spread] p2b\n|-activate|p2a: Gengar|move: Protect\n|-resisted|p2b: Staraptor|1\n|-damage|p2b: Staraptor|78/100\n|-status|p2b: Staraptor|brn\n|cant|p2b: Staraptor|flinch\n|\n|-damage|p2b: Staraptor|72/100 brn|[from] brn\n|upkeep\n|turn|4\n|inactive|Skayloft_1er has 30 seconds left.\n|\n|t:|1788332171\n|switch|p1b: Farigiraf|Farigiraf, L50, F|68/100\n|move|p1a: Sinistcha|Matcha Gotcha|p2b: Staraptor|[spread] p2a\n|-miss|p1a: Sinistcha|p2b: Staraptor\n|-resisted|p2a: Gengar|1\n|-damage|p2a: Gengar|0 fnt\n|faint|p2a: Gengar\n|move|p2b: Staraptor|Dual Wingbeat|p1b: Farigiraf\n|-damage|p1b: Farigiraf|57/100\n|-damage|p1b: Farigiraf|46/100\n|-hitcount|p1b: Farigiraf|2\n|\n|-damage|p2b: Staraptor|67/100 brn|[from] brn\n|upkeep\n|\n|t:|1788332184\n|switch|p2a: Aerodactyl|Aerodactyl, L50, M|100/100\n|turn|5\n|\n|t:|1788332193\n|move|p2a: Aerodactyl|Wide Guard|p2a: Aerodactyl\n|-singleturn|p2a: Aerodactyl|Wide Guard\n|move|p1b: Farigiraf|Twin Beam|p2b: Staraptor\n|-supereffective|p2b: Staraptor|1\n|-damage|p2b: Staraptor|45/100 brn\n|-supereffective|p2b: Staraptor|1\n|-damage|p2b: Staraptor|25/100 brn\n|-hitcount|p2b: Staraptor|2\n|move|p1a: Sinistcha|Matcha Gotcha|p2b: Staraptor|[spread] \n|-activate|p2a: Aerodactyl|move: Wide Guard\n|-activate|p2b: Staraptor|move: Wide Guard\n|move|p2b: Staraptor|Thief|p1b: Farigiraf\n|-supereffective|p1b: Farigiraf|1\n|-damage|p1b: Farigiraf|27/100\n|\n|-damage|p2b: Staraptor|19/100 brn|[from] brn\n|-fieldend|move: Trick Room\n|upkeep\n|turn|6\n|\n|t:|1788332217\n|move|p2a: Aerodactyl|Dual Wingbeat|p1b: Farigiraf\n|-damage|p1b: Farigiraf|7/100\n|-damage|p1b: Farigiraf|0 fnt\n|faint|p1b: Farigiraf\n|-hitcount|p1: Farigiraf|2\n|-damage|p2a: Aerodactyl|90/100|[from] item: Life Orb\n|move|p2b: Staraptor|Roost|p2b: Staraptor\n|-heal|p2b: Staraptor|69/100 brn\n|-singleturn|p2b: Staraptor|move: Roost\n|move|p1a: Sinistcha|Trick Room|p1a: Sinistcha\n|-fieldstart|move: Trick Room|[of] p1a: Sinistcha\n|\n|-damage|p2b: Staraptor|63/100 brn|[from] brn\n|upkeep\n|\n|t:|1788332235\n|switch|p1b: Floette|Floette-Eternal, L50, F|100/100\n|turn|7\n|inactive|Skayloft_1er has 30 seconds left.\n|\n|t:|1788332261\n|detailschange|p1b: Floette|Floette-Mega, L50, F\n|-mega|p1b: Floette|Floette|Floettite\n|-ability|p1b: Floette|Fairy Aura\n|move|p1a: Sinistcha|Matcha Gotcha|p2b: Staraptor|[spread] p2a,p2b\n|-resisted|p2b: Staraptor|1\n|-damage|p2a: Aerodactyl|57/100\n|-damage|p2b: Staraptor|56/100 brn\n|move|p2b: Staraptor|Roost|p2b: Staraptor\n|-heal|p2b: Staraptor|100/100 brn\n|-singleturn|p2b: Staraptor|move: Roost\n|move|p1b: Floette|Moonblast|p2b: Staraptor\n|-supereffective|p2b: Staraptor|1\n|-damage|p2b: Staraptor|5/100 brn\n|-boost|p2b: Staraptor|spa|1\n|move|p2a: Aerodactyl|Dual Wingbeat|p1a: Sinistcha|[miss]\n|-miss|p2a: Aerodactyl|p1a: Sinistcha\n|\n|-damage|p2b: Staraptor|0 fnt|[from] brn\n|faint|p2b: Staraptor\n|upkeep\n|-message|135b forfeited.\n|\n|win|Skayloft_1er\n|raw|Skayloft_1er's rating: 1106 &rarr; <strong>1139</strong><br />(+33 for winning)\n|raw|135b's rating: 1217 &rarr; <strong>1184</strong><br />(-33 for losing)\n|l|☆135b\n|player|p2|\n|l|☆Skayloft_1er\n|player|p1|\n|j|☆Skayloft_1er\n|player|p1|Skayloft_1er|ethan|\n","uploadtime":1788333481,"views":"10","formatid":"gen9championsvgc2026regmb","rating":1139,"private":0,"password":null}