{"id":"gen9championsvgc2026regmb-2674080973","format":"[Gen 9 Champions] VGC 2026 Reg M-B","players":["jsyd7","m3troGoonin"],"log":"|j|☆jsyd7\n|j|☆m3troGoonin\n|t:|1788296499\n|gametype|doubles\n|player|p1|jsyd7|guitarist|1424\n|player|p2|m3troGoonin|101|1460\n|gen|9\n|tier|[Gen 9 Champions] VGC 2026 Reg M-B\n|rated|\n|rule|Species Clause: Limit one of each Pokémon\n|rule|Item Clause: Limit 1 of each item\n|clearpoke\n|poke|p1|Tyranitar, L50, F|\n|poke|p1|Excadrill, L50, M|\n|poke|p1|Milotic, L50, F|\n|poke|p1|Sinistcha, L50|\n|poke|p1|Staraptor, L50, M|\n|poke|p1|Gholdengo, L50|\n|poke|p2|Scovillain, L50, F, shiny|\n|poke|p2|Basculegion, L50, M|\n|poke|p2|Kingambit, L50, M|\n|poke|p2|Sneasler, L50, F|\n|poke|p2|Lycanroc-Dusk, L50, M|\n|poke|p2|Froslass, L50, F|\n|teampreview|4\n|\n|t:|1788296537\n|teamsize|p1|4\n|teamsize|p2|4\n|start\n|switch|p1a: Gholdengo|Gholdengo, L50|100/100\n|switch|p1b: Staraptor|Staraptor, L50, M|100/100\n|switch|p2a: Kingambit|Kingambit, L50, M|100/100\n|switch|p2b: Froslass|Froslass, L50, F|100/100\n|-ability|p1b: Staraptor|Intimidate|boost\n|-unboost|p2a: Kingambit|atk|1\n|-ability|p2a: Kingambit|Defiant|boost\n|-boost|p2a: Kingambit|atk|2\n|-unboost|p2b: Froslass|atk|1\n|turn|1\n|\n|t:|1788296581\n|detailschange|p2b: Froslass|Froslass-Mega, L50, F\n|-mega|p2b: Froslass|Froslass|Froslassite\n|-weather|Snowscape|[from] ability: Snow Warning|[of] p2b: Froslass\n|move|p2a: Kingambit|Sucker Punch||[still]\n|-fail|p2a: Kingambit\n|move|p2b: Froslass|Blizzard|p1a: Gholdengo|[spread] p1a,p1b\n|-resisted|p1a: Gholdengo|1\n|-supereffective|p1b: Staraptor|1\n|-damage|p1a: Gholdengo|84/100\n|-damage|p1b: Staraptor|1/100\n|move|p1b: Staraptor|Tailwind|p1b: Staraptor\n|-sidestart|p1: jsyd7|move: Tailwind\n|move|p1a: Gholdengo|Nasty Plot|p1a: Gholdengo\n|-boost|p1a: Gholdengo|spa|2\n|\n|-weather|Snowscape|[upkeep]\n|upkeep\n|turn|2\n|\n|t:|1788296647\n|switch|p1b: Tyranitar|Tyranitar, L50, F|100/100\n|-weather|Sandstorm|[from] ability: Sand Stream|[of] p1b: Tyranitar\n|move|p1a: Gholdengo|Protect|p1a: Gholdengo\n|-singleturn|p1a: Gholdengo|Protect\n|move|p2a: Kingambit|Sucker Punch||[still]\n|-fail|p2a: Kingambit\n|move|p2b: Froslass|Aurora Veil||[still]\n|-fail|p2b: Froslass\n|\n|-weather|Sandstorm|[upkeep]\n|-damage|p2b: Froslass|94/100|[from] Sandstorm\n|upkeep\n|turn|3\n|\n|t:|1788296672\n|switch|p2b: Sneasler|Sneasler, L50, F|100/100\n|move|p2a: Kingambit|Sucker Punch||[still]\n|-fail|p2a: Kingambit\n|move|p1b: Tyranitar|Low Kick|p2a: Kingambit\n|-supereffective|p2a: Kingambit|2\n|-damage|p2a: Kingambit|6/100\n|move|p1a: Gholdengo|Nasty Plot|p1a: Gholdengo\n|-boost|p1a: Gholdengo|spa|2\n|\n|-weather|Sandstorm|[upkeep]\n|-damage|p2b: Sneasler|94/100|[from] Sandstorm\n|upkeep\n|turn|4\n|\n|t:|1788296728\n|switch|p1b: Sinistcha|Sinistcha, L50|100/100\n|-heal|p1a: Gholdengo|100/100|[from] ability: Hospitality|[of] p1b: Sinistcha\n|move|p1a: Gholdengo|Protect|p1a: Gholdengo\n|-singleturn|p1a: Gholdengo|Protect\n|move|p2b: Sneasler|Protect|p2b: Sneasler\n|-singleturn|p2b: Sneasler|Protect\n|move|p2a: Kingambit|Protect||[still]\n|-fail|p2a: Kingambit\n|\n|-weather|Sandstorm|[upkeep]\n|-damage|p1b: Sinistcha|94/100|[from] Sandstorm\n|-damage|p2b: Sneasler|88/100|[from] Sandstorm\n|-sideend|p1: jsyd7|move: Tailwind\n|upkeep\n|turn|5\n|\n|t:|1788296771\n|move|p2a: Kingambit|Sucker Punch||[still]\n|-fail|p2a: Kingambit\n|move|p2b: Sneasler|Dire Claw|p1b: Sinistcha\n|-damage|p1b: Sinistcha|63/100\n|move|p1a: Gholdengo|Nasty Plot|p1a: Gholdengo\n|-boost|p1a: Gholdengo|spa|2\n|move|p1b: Sinistcha|Matcha Gotcha|p2a: Kingambit|[spread] p2a,p2b\n|-resisted|p2a: Kingambit|1\n|-resisted|p2b: Sneasler|1\n|-damage|p2a: Kingambit|0 fnt\n|-heal|p1b: Sinistcha|67/100|[from] drain|[of] p2a: Kingambit\n|-damage|p2b: Sneasler|72/100\n|-heal|p1b: Sinistcha|75/100|[from] drain|[of] p2b: Sneasler\n|faint|p2a: Kingambit\n|\n|-weather|Sandstorm|[upkeep]\n|-damage|p2b: Sneasler|67/100|[from] Sandstorm\n|-damage|p1b: Sinistcha|69/100|[from] Sandstorm\n|upkeep\n|inactive|Battle timer is ON: inactive players will automatically lose when time's up. (requested by jsyd7)\n|\n|t:|1788296804\n|switch|p2a: Froslass|Froslass-Mega, L50, F|94/100\n|-weather|Snowscape|[from] ability: Snow Warning|[of] p2a: Froslass\n|turn|6\n|\n|t:|1788296814\n|move|p1b: Sinistcha|Rage Powder|p1b: Sinistcha\n|-singleturn|p1b: Sinistcha|move: Rage Powder\n|move|p2a: Froslass|Shadow Ball|p1b: Sinistcha\n|-supereffective|p1b: Sinistcha|1\n|-damage|p1b: Sinistcha|0 fnt\n|faint|p1b: Sinistcha\n|move|p2b: Sneasler|Dire Claw|p1a: Gholdengo\n|-immune|p1a: Gholdengo\n|move|p1a: Gholdengo|Make It Rain|p2a: Froslass|[spread] p2a,p2b\n|-supereffective|p2a: Froslass|1\n|-damage|p2a: Froslass|0 fnt\n|-damage|p2b: Sneasler|0 fnt\n|-unboost|p1a: Gholdengo|spa|2\n|faint|p2a: Froslass\n|faint|p2b: Sneasler\n|-damage|p1a: Gholdengo|90/100|[from] item: Life Orb\n|\n|-weather|Snowscape|[upkeep]\n|upkeep\n|-message|m3troGoonin forfeited.\n|\n|win|jsyd7\n|raw|jsyd7's rating: 1424 &rarr; <strong>1446</strong><br />(+22 for winning)\n|raw|m3troGoonin's rating: 1460 &rarr; <strong>1438</strong><br />(-22 for losing)\n","uploadtime":1788296819,"views":"4","formatid":"gen9championsvgc2026regmb","rating":1438,"private":0,"password":null}