{"id":"gen9championsvgc2026regmb-2673983291","format":"[Gen 9 Champions] VGC 2026 Reg M-B","players":["conngfan","seidifiori"],"log":"|j|☆conngfan\n|j|☆seidifiori\n|t:|1788284724\n|gametype|doubles\n|player|p1|conngfan|arven-s|1499\n|player|p2|seidifiori|n-masters|1448\n|gen|9\n|tier|[Gen 9 Champions] VGC 2026 Reg M-B\n|rated|\n|rule|Species Clause: Limit one of each Pokémon\n|rule|Item Clause: Limit 1 of each item\n|clearpoke\n|poke|p1|Aerodactyl, L50, M|\n|poke|p1|Raichu, L50, F|\n|poke|p1|Sneasler, L50, M|\n|poke|p1|Sylveon, L50, M|\n|poke|p1|Kingambit, L50, M|\n|poke|p1|Tsareena, L50, F|\n|poke|p2|Sylveon, L50, F|\n|poke|p2|Kingambit, L50, M|\n|poke|p2|Raichu, L50, F|\n|poke|p2|Farigiraf, L50, M|\n|poke|p2|Staraptor, L50, M, shiny|\n|poke|p2|Arcanine-Hisui, L50, F, shiny|\n|teampreview|4\n|inactive|Battle timer is ON: inactive players will automatically lose when time's up. (requested by seidifiori)\n|inactive|conngfan also wants the timer to be on.\n|inactive|conngfan has 60 seconds left.\n|inactive|seidifiori has 60 seconds left.\n|\n|t:|1788284771\n|teamsize|p1|4\n|teamsize|p2|4\n|start\n|switch|p1a: Raichu|Raichu, L50, F|100/100\n|switch|p1b: Kingambit|Kingambit, L50, M|100/100\n|switch|p2a: Farigiraf|Farigiraf, L50, M|100/100\n|switch|p2b: Arcanine|Arcanine-Hisui, L50, F, shiny|100/100\n|turn|1\n|\n|t:|1788284791\n|detailschange|p1a: Raichu|Raichu-Mega-Y, L50, F\n|-mega|p1a: Raichu|Raichu|Raichunite Y\n|move|p2a: Farigiraf|Helping Hand|p2b: Arcanine\n|-singleturn|p2b: Arcanine|Helping Hand|[of] p2a: Farigiraf\n|move|p1a: Raichu|Zap Cannon|p2b: Arcanine\n|-damage|p2b: Arcanine|27/100\n|-status|p2b: Arcanine|par\n|move|p2b: Arcanine|Head Smash|p1a: Raichu\n|-damage|p1a: Raichu|0 fnt\n|faint|p1a: Raichu\n|move|p1b: Kingambit|Kowtow Cleave|p2b: Arcanine\n|-damage|p2b: Arcanine|0 fnt\n|faint|p2b: Arcanine\n|-damage|p1b: Kingambit|90/100|[from] item: Life Orb\n|\n|upkeep\n|\n|t:|1788284803\n|switch|p1a: Sylveon|Sylveon, L50, M|100/100\n|switch|p2b: Izanagi|Raichu, L50, F|100/100\n|turn|2\n|\n|t:|1788284818\n|detailschange|p2b: Izanagi|Raichu-Mega-Y, L50, F\n|-mega|p2b: Izanagi|Raichu|Raichunite Y\n|move|p1b: Kingambit|Protect|p1b: Kingambit\n|-singleturn|p1b: Kingambit|Protect\n|move|p2b: Izanagi|Focus Blast|p1b: Kingambit\n|-activate|p1b: Kingambit|move: Protect\n|move|p1a: Sylveon|Yawn|p2b: Izanagi\n|-start|p2b: Izanagi|move: Yawn|[of] p1a: Sylveon\n|move|p2a: Farigiraf|Twin Beam|p1a: Sylveon\n|-damage|p1a: Sylveon|86/100\n|-damage|p1a: Sylveon|74/100\n|-hitcount|p1a: Sylveon|2\n|\n|upkeep\n|turn|3\n|\n|t:|1788284832\n|switch|p1b: Sneasler|Sneasler, L50, M|100/100\n|move|p1a: Sylveon|Protect|p1a: Sylveon\n|-singleturn|p1a: Sylveon|Protect\n|move|p2b: Izanagi|Focus Blast|p1b: Sneasler\n|-resisted|p1b: Sneasler|1\n|-crit|p1b: Sneasler\n|-damage|p1b: Sneasler|63/100\n|move|p2a: Farigiraf|Roar|p2b: Izanagi\n|drag|p2b: Kingambit|Kingambit, L50, M|100/100\n|\n|upkeep\n|turn|4\n|\n|t:|1788284851\n|move|p2b: Kingambit|Protect|p2b: Kingambit\n|-singleturn|p2b: Kingambit|Protect\n|move|p1b: Sneasler|Close Combat|p2a: Farigiraf\n|-damage|p2a: Farigiraf|41/100\n|-unboost|p1b: Sneasler|def|1\n|-unboost|p1b: Sneasler|spd|1\n|-enditem|p2a: Farigiraf|Sitrus Berry|[eat]\n|-heal|p2a: Farigiraf|66/100|[from] item: Sitrus Berry\n|-enditem|p1b: Sneasler|White Herb\n|-clearnegativeboost|p1b: Sneasler|[silent]\n|move|p1a: Sylveon|Hyper Voice|p2a: Farigiraf|[spread] p2a\n|-activate|p2b: Kingambit|move: Protect\n|-damage|p2a: Farigiraf|31/100\n|move|p2a: Farigiraf|Twin Beam|p1b: Sneasler\n|-supereffective|p1b: Sneasler|2\n|-damage|p1b: Sneasler|0 fnt\n|faint|p1b: Sneasler\n|-hitcount|p1: Sneasler|1\n|\n|upkeep\n|\n|t:|1788284856\n|switch|p1b: Kingambit|Kingambit, L50, M|90/100\n|turn|5\n|\n|t:|1788284877\n|move|p2a: Farigiraf|Helping Hand|p2b: Kingambit\n|-singleturn|p2b: Kingambit|Helping Hand|[of] p2a: Farigiraf\n|move|p1a: Sylveon|Hyper Voice|p2a: Farigiraf|[spread] p2a,p2b\n|-crit|p2a: Farigiraf\n|-damage|p2a: Farigiraf|0 fnt\n|-damage|p2b: Kingambit|54/100\n|faint|p2a: Farigiraf\n|move|p1b: Kingambit|Swords Dance|p1b: Kingambit\n|-boost|p1b: Kingambit|atk|2\n|move|p2b: Kingambit|Iron Head|p1a: Sylveon\n|-supereffective|p1a: Sylveon|1\n|-damage|p1a: Sylveon|0 fnt\n|faint|p1a: Sylveon\n|\n|upkeep\n|\n|t:|1788284881\n|switch|p2a: Izanagi|Raichu-Mega-Y, L50, F|100/100\n|turn|6\n|\n|t:|1788284895\n|move|p2a: Izanagi|Protect|p2a: Izanagi\n|-singleturn|p2a: Izanagi|Protect\n|move|p1b: Kingambit|Protect|p1b: Kingambit\n|-singleturn|p1b: Kingambit|Protect\n|move|p2b: Kingambit|Kowtow Cleave|p1b: Kingambit\n|-activate|p1b: Kingambit|move: Protect\n|\n|upkeep\n|turn|7\n|\n|t:|1788284903\n|move|p2a: Izanagi|Protect|p2a: Izanagi\n|-singleturn|p2a: Izanagi|Protect\n|move|p1b: Kingambit|Sucker Punch||[still]\n|-fail|p1b: Kingambit\n|move|p2b: Kingambit|Kowtow Cleave|p1b: Kingambit\n|-resisted|p1b: Kingambit|1\n|-damage|p1b: Kingambit|71/100\n|\n|upkeep\n|turn|8\n|\n|t:|1788284916\n|move|p2a: Izanagi|Focus Blast|p1b: Kingambit\n|-supereffective|p1b: Kingambit|2\n|-damage|p1b: Kingambit|0 fnt\n|faint|p1b: Kingambit\n|\n|win|seidifiori\n|raw|conngfan's rating: 1499 &rarr; <strong>1476</strong><br />(-23 for losing)\n|raw|seidifiori's rating: 1448 &rarr; <strong>1471</strong><br />(+23 for winning)\n","uploadtime":1788284916,"views":"0","formatid":"gen9championsvgc2026regmb","rating":1471,"private":0,"password":null}