{"id":"gen9championsvgc2026regmbbo3-2673969768","format":"[Gen 9 Champions] VGC 2026 Reg M-B (Bo3)","players":["bola696","Cfoowl"],"log":"|j|☆bola696\n|j|☆Cfoowl\n|html|<table width=\"100%\"><tr><td align=\"left\">bola696</td><td align=\"right\">Cfoowl</tr><tr><td align=\"left\"><i class=\"fa fa-circle\"></i> <i class=\"fa fa-circle-o\"></i> </td><td align=\"right\"><i class=\"fa fa-circle-o\"></i> <i class=\"fa fa-circle-o\"></i> </tr></table>\n|uhtml|bestof|<h2><strong>Game 2</strong> of <a href=\"/game-bestof3-gen9championsvgc2026regmbbo3-2673967968\">a best-of-3</a></h2>\n|t:|1788283149\n|gametype|doubles\n|player|p1|bola696|red|1196\n|player|p2|Cfoowl|265|1223\n|gen|9\n|tier|[Gen 9 Champions] VGC 2026 Reg M-B (Bo3)\n|rated|\n|rule|Species Clause: Limit one of each Pokémon\n|rule|Item Clause: Limit 1 of each item\n|clearpoke\n|poke|p1|Staraptor, L50, M|\n|poke|p1|Whimsicott, L50, M|\n|poke|p1|Raichu, L50, M|\n|poke|p1|Farigiraf, L50, M|\n|poke|p1|Kingambit, L50, M|\n|poke|p1|Gholdengo, L50|\n|poke|p2|Scovillain, L50, F, shiny|\n|poke|p2|Basculegion, L50, M|\n|poke|p2|Kingambit, L50, F|\n|poke|p2|Sneasler, L50, F|\n|poke|p2|Lycanroc-Dusk, L50, F|\n|poke|p2|Froslass, L50, F, shiny|\n|teampreview|4\n|showteam|p1|Staraptor||Staraptite|Intimidate|BraveBird,CloseCombat,Protect,Roost|Adamant||M|||50|]Whimsicott||FocusSash|Prankster|Encore,Charm,Moonblast,Tailwind|Timid||M|||50|]Raichu||RaichuniteX|LightningRod|FakeOut,PlayRough,VoltTackle,Protect|Jolly||M|||50|]Farigiraf||ColburBerry|ArmorTail|TrickRoom,HyperVoice,Psychic,HelpingHand|Modest||M|||50|]Kingambit||ChopleBerry|Defiant|LowKick,Protect,SuckerPunch,KowtowCleave|Adamant||M|||50|]Gholdengo||LifeOrb|GoodasGold|Protect,ShadowBall,NastyPlot,MakeItRain|Timid|||||50|\n|showteam|p2|Scovillain||Scovillainite|Moody|GigaDrain,Overheat,RagePowder,Protect|Bold||F|||50|]Basculegion||LifeOrb|Adaptability|WaveCrash,LastRespects,AquaJet,Protect|Adamant||M|||50|]Kingambit||BlackGlasses|Defiant|KowtowCleave,SuckerPunch,SwordsDance,Protect|Adamant||F|||50|]Sneasler||WhiteHerb|Unburden|CloseCombat,DireClaw,Protect,FakeOut|Adamant||F|||50|]Lycanroc-Dusk||FocusSash|ToughClaws|CloseCombat,Accelerock,RockSlide,Protect|Adamant||F|||50|]Froslass||Froslassite|CursedBody|Blizzard,ShadowBall,AuroraVeil,Protect|Timid||F|||50|\n|inactive|Battle timer is ON: inactive players will automatically lose when time's up. (requested by Cfoowl)\n|j| paxecuversus\n|\n|t:|1788283176\n|teamsize|p1|4\n|teamsize|p2|4\n|start\n|switch|p1a: Kingambit|Kingambit, L50, M|100/100\n|switch|p1b: Farigiraf|Farigiraf, L50, M|100/100\n|switch|p2a: Froslass|Froslass, L50, F, shiny|100/100\n|switch|p2b: Sneasler|Sneasler, L50, F|100/100\n|turn|1\n|inactive|Cfoowl has 30 seconds left.\n|inactive|Cfoowl has 20 seconds left.\n|\n|t:|1788283214\n|detailschange|p2a: Froslass|Froslass-Mega, L50, F, shiny\n|-mega|p2a: Froslass|Froslass|Froslassite\n|-weather|Snowscape|[from] ability: Snow Warning|[of] p2a: Froslass\n|move|p1a: Kingambit|Protect|p1a: Kingambit\n|-singleturn|p1a: Kingambit|Protect\n|move|p2a: Froslass|Aurora Veil|p2a: Froslass\n|-sidestart|p2: Cfoowl|move: Aurora Veil\n|move|p2b: Sneasler|Close Combat|p1a: Kingambit\n|-activate|p1a: Kingambit|move: Protect\n|move|p1b: Farigiraf|Trick Room|p1b: Farigiraf\n|-fieldstart|move: Trick Room|[of] p1b: Farigiraf\n|\n|-weather|Snowscape|[upkeep]\n|upkeep\n|turn|2\n|\n|t:|1788283242\n|switch|p2b: Basculegion|Basculegion, L50, M|100/100\n|move|p2a: Froslass|Protect|p2a: Froslass\n|-singleturn|p2a: Froslass|Protect\n|move|p1a: Kingambit|Kowtow Cleave|p2a: Froslass\n|-activate|p2a: Froslass|move: Protect\n|move|p1b: Farigiraf|Psychic|p2b: Basculegion\n|-damage|p2b: Basculegion|73/100\n|\n|-weather|Snowscape|[upkeep]\n|upkeep\n|turn|3\n|inactive|bola696 has 30 seconds left.\n|inactive|Cfoowl has 30 seconds left.\n|\n|t:|1788283274\n|switch|p2a: Kingambit|Kingambit, L50, F|100/100\n|move|p1a: Kingambit|Kowtow Cleave|p2b: Basculegion\n|-supereffective|p2b: Basculegion|1\n|-damage|p2b: Basculegion|0 fnt\n|faint|p2b: Basculegion\n|move|p1b: Farigiraf|Psychic|p2a: Kingambit\n|-immune|p2a: Kingambit\n|\n|-weather|Snowscape|[upkeep]\n|upkeep\n|\n|t:|1788283281\n|switch|p2b: Froslass|Froslass-Mega, L50, F, shiny|100/100\n|turn|4\n|\n|t:|1788283293\n|move|p2b: Froslass|Protect|p2b: Froslass\n|-singleturn|p2b: Froslass|Protect\n|move|p1a: Kingambit|Low Kick|p2a: Kingambit\n|-supereffective|p2a: Kingambit|2\n|-damage|p2a: Kingambit|20/100y\n|move|p2a: Kingambit|Kowtow Cleave|p1b: Farigiraf\n|-supereffective|p1b: Farigiraf|1\n|-enditem|p1b: Farigiraf|Colbur Berry|[eat]\n|-enditem|p1b: Farigiraf|Colbur Berry|[weaken]\n|-damage|p1b: Farigiraf|51/100\n|move|p1b: Farigiraf|Psychic|p2b: Froslass\n|-activate|p2b: Froslass|move: Protect\n|\n|-weather|Snowscape|[upkeep]\n|upkeep\n|turn|5\n|\n|t:|1788283313\n|switch|p2a: Sneasler|Sneasler, L50, F|100/100\n|move|p1b: Farigiraf|Helping Hand|p1a: Kingambit\n|-singleturn|p1a: Kingambit|Helping Hand|[of] p1b: Farigiraf\n|move|p1a: Kingambit|Kowtow Cleave|p2b: Froslass\n|-supereffective|p2b: Froslass|1\n|-damage|p2b: Froslass|7/100\n|move|p2b: Froslass|Blizzard|p1a: Kingambit|[spread] p1a,p1b\n|-resisted|p1a: Kingambit|1\n|-damage|p1a: Kingambit|80/100\n|-damage|p1b: Farigiraf|17/100\n|\n|-weather|none\n|-sideend|p2: Cfoowl|move: Aurora Veil\n|-fieldend|move: Trick Room\n|upkeep\n|turn|6\n|\n|t:|1788283335\n|switch|p2b: Kingambit|Kingambit, L50, F|20/100y\n|move|p1a: Kingambit|Protect|p1a: Kingambit\n|-singleturn|p1a: Kingambit|Protect\n|move|p2a: Sneasler|Dire Claw|p1b: Farigiraf\n|-damage|p1b: Farigiraf|0 fnt\n|faint|p1b: Farigiraf\n|\n|upkeep\n|\n|t:|1788283343\n|switch|p1b: Staraptor|Staraptor, L50, M|100/100\n|-ability|p1b: Staraptor|Intimidate|boost\n|-unboost|p2a: Sneasler|atk|1\n|-unboost|p2b: Kingambit|atk|1\n|-ability|p2b: Kingambit|Defiant|boost\n|-boost|p2b: Kingambit|atk|2\n|-enditem|p2a: Sneasler|White Herb\n|-clearnegativeboost|p2a: Sneasler|[silent]\n|turn|7\n|\n|t:|1788283366\n|switch|p1a: Gholdengo|Gholdengo, L50|100/100\n|detailschange|p1b: Staraptor|Staraptor-Mega, L50, M\n|-mega|p1b: Staraptor|Staraptor|Staraptite\n|move|p2b: Kingambit|Protect|p2b: Kingambit\n|-singleturn|p2b: Kingambit|Protect\n|move|p2a: Sneasler|Close Combat|p1a: Gholdengo\n|-immune|p1a: Gholdengo\n|move|p1b: Staraptor|Brave Bird|p2a: Sneasler\n|-supereffective|p2a: Sneasler|1\n|-damage|p2a: Sneasler|0 fnt\n|faint|p2a: Sneasler\n|-damage|p1b: Staraptor|70/100|[from] Recoil\n|\n|upkeep\n|\n|t:|1788283369\n|switch|p2a: Froslass|Froslass-Mega, L50, F, shiny|7/100\n|-weather|Snowscape|[from] ability: Snow Warning|[of] p2a: Froslass\n|turn|8\n|inactive|bola696 has 30 seconds left.\n|\n|t:|1788283396\n|switch|p1b: Kingambit|Kingambit, L50, M|80/100\n|move|p1a: Gholdengo|Protect|p1a: Gholdengo\n|-singleturn|p1a: Gholdengo|Protect\n|move|p2b: Kingambit|Sucker Punch||[still]\n|-fail|p2b: Kingambit\n|move|p2a: Froslass|Blizzard|p1b: Kingambit|[spread] p1b\n|-activate|p1a: Gholdengo|move: Protect\n|-resisted|p1b: Kingambit|1\n|-damage|p1b: Kingambit|63/100\n|\n|-weather|Snowscape|[upkeep]\n|upkeep\n|turn|9\n|\n|t:|1788283409\n|move|p2b: Kingambit|Protect|p2b: Kingambit\n|-singleturn|p2b: Kingambit|Protect\n|move|p2a: Froslass|Blizzard|p1a: Gholdengo|[spread] p1a,p1b\n|-resisted|p1a: Gholdengo|1\n|-resisted|p1b: Kingambit|1\n|-damage|p1a: Gholdengo|76/100\n|-damage|p1b: Kingambit|44/100\n|-status|p1a: Gholdengo|frz\n|cant|p1a: Gholdengo|frz\n|move|p1b: Kingambit|Low Kick|p2b: Kingambit\n|-activate|p2b: Kingambit|move: Protect\n|\n|-weather|Snowscape|[upkeep]\n|upkeep\n|turn|10\n|\n|t:|1788283422\n|move|p2b: Kingambit|Sucker Punch|p1b: Kingambit\n|-resisted|p1b: Kingambit|1\n|-damage|p1b: Kingambit|16/100\n|move|p2a: Froslass|Blizzard|p1b: Kingambit|[spread] p1a,p1b\n|-resisted|p1a: Gholdengo|1\n|-resisted|p1b: Kingambit|1\n|-damage|p1a: Gholdengo|53/100 frz\n|-damage|p1b: Kingambit|0 fnt\n|faint|p1b: Kingambit\n|cant|p1a: Gholdengo|frz\n|\n|-weather|Snowscape|[upkeep]\n|upkeep\n|\n|t:|1788283426\n|switch|p1b: Staraptor|Staraptor-Mega, L50, M|70/100\n|turn|11\n|\n|t:|1788283431\n|move|p1b: Staraptor|Protect|p1b: Staraptor\n|-singleturn|p1b: Staraptor|Protect\n|move|p2b: Kingambit|Sucker Punch|p1a: Gholdengo\n|-supereffective|p1a: Gholdengo|1\n|-damage|p1a: Gholdengo|0 fnt\n|faint|p1a: Gholdengo\n|move|p2a: Froslass|Blizzard|p1b: Staraptor\n|-activate|p1b: Staraptor|move: Protect\n|\n|-weather|Snowscape|[upkeep]\n|upkeep\n|turn|12\n|-message|bola696 forfeited.\n|\n|win|Cfoowl\n||Cfoowl is ready for game 3.\n","uploadtime":1788283444,"views":"0","formatid":"gen9championsvgc2026regmbbo3","rating":null,"private":0,"password":null}