{"id":"gen9championsvgc2026regmb-2674897980","format":"[Gen 9 Champions] VGC 2026 Reg M-B","players":["ryanwooftw","SycrasisEU"],"log":"|j|☆ryanwooftw\n|j|☆SycrasisEU\n|t:|1788431795\n|gametype|doubles\n|player|p1|ryanwooftw|dawn|1412\n|player|p2|SycrasisEU|backpacker|1418\n|gen|9\n|tier|[Gen 9 Champions] VGC 2026 Reg M-B\n|rated|\n|rule|Species Clause: Limit one of each Pokémon\n|rule|Item Clause: Limit 1 of each item\n|clearpoke\n|poke|p1|Whimsicott, L50, M|\n|poke|p1|Garchomp, L50, F|\n|poke|p1|Basculegion, L50, M|\n|poke|p1|Kingambit, L50, F|\n|poke|p1|Floette-Eternal, L50, F|\n|poke|p1|Charizard, L50, M|\n|poke|p2|Ninetales-Alola, L50, F|\n|poke|p2|Froslass, L50, F|\n|poke|p2|Incineroar, L50, M, shiny|\n|poke|p2|Toxapex, L50, F|\n|poke|p2|Floette-Eternal, L50, F|\n|poke|p2|Whimsicott, L50, M|\n|teampreview|4\n|inactive|Battle timer is ON: inactive players will automatically lose when time's up. (requested by SycrasisEU)\n|\n|t:|1788431829\n|teamsize|p1|4\n|teamsize|p2|4\n|start\n|switch|p1a: Whimsicott|Whimsicott, L50, M|100/100\n|switch|p1b: Charizard|Charizard, L50, M|100/100\n|switch|p2a: Whimsicott|Whimsicott, L50, M|100/100\n|switch|p2b: Froslass|Froslass, L50, F|100/100\n|turn|1\n|\n|t:|1788431849\n|detailschange|p1b: Charizard|Charizard-Mega-Y, L50, M\n|-mega|p1b: Charizard|Charizard|Charizardite Y\n|-weather|SunnyDay|[from] ability: Drought|[of] p1b: Charizard\n|move|p2b: Froslass|Protect|p2b: Froslass\n|-singleturn|p2b: Froslass|Protect\n|move|p2a: Whimsicott|Tailwind|p2a: Whimsicott\n|-sidestart|p2: SycrasisEU|move: Tailwind\n|move|p1a: Whimsicott|Moonblast|p2a: Whimsicott\n|-damage|p2a: Whimsicott|37/100\n|move|p1b: Charizard|Heat Wave|p2a: Whimsicott|[spread] p2a\n|-activate|p2b: Froslass|move: Protect\n|-supereffective|p2a: Whimsicott|1\n|-damage|p2a: Whimsicott|0 fnt\n|faint|p2a: Whimsicott\n|\n|-weather|SunnyDay|[upkeep]\n|upkeep\n|\n|t:|1788431858\n|switch|p2a: Incineroar|Incineroar, L50, M, shiny|100/100\n|-ability|p2a: Incineroar|Intimidate|boost\n|-unboost|p1a: Whimsicott|atk|1\n|-unboost|p1b: Charizard|atk|1\n|turn|2\n|\n|t:|1788431873\n|switch|p1b: Kingambit|Kingambit, L50, F|100/100\n|detailschange|p2b: Froslass|Froslass-Mega, L50, F\n|-mega|p2b: Froslass|Froslass|Froslassite\n|-weather|Snowscape|[from] ability: Snow Warning|[of] p2b: Froslass\n|move|p1a: Whimsicott|Protect|p1a: Whimsicott\n|-singleturn|p1a: Whimsicott|Protect\n|move|p2a: Incineroar|Fake Out|p1a: Whimsicott\n|-activate|p1a: Whimsicott|move: Protect\n|move|p2b: Froslass|Blizzard|p1b: Kingambit|[spread] p1b\n|-activate|p1a: Whimsicott|move: Protect\n|-resisted|p1b: Kingambit|1\n|-damage|p1b: Kingambit|83/100\n|\n|-weather|Snowscape|[upkeep]\n|upkeep\n|turn|3\n|inactive|ryanwooftw has 30 seconds left.\n|\n|t:|1788431907\n|switch|p2b: Toxapex|Toxapex, L50, F|100/100\n|switch|p1a: Charizard|Charizard-Mega-Y, L50, M|100/100\n|-weather|SunnyDay|[from] ability: Drought|[of] p1a: Charizard\n|move|p2a: Incineroar|Flare Blitz|p1b: Kingambit\n|-supereffective|p1b: Kingambit|1\n|-damage|p1b: Kingambit|0 fnt\n|faint|p1b: Kingambit\n|-damage|p2a: Incineroar|72/100|[from] Recoil\n|\n|-weather|SunnyDay|[upkeep]\n|upkeep\n|\n|t:|1788431930\n|switch|p1b: Garchomp|Garchomp, L50, F|100/100\n|turn|4\n|\n|t:|1788431942\n|switch|p1a: Whimsicott|Whimsicott, L50, M|100/100\n|move|p2b: Toxapex|Wide Guard|p2b: Toxapex\n|-singleturn|p2b: Toxapex|Wide Guard\n|move|p2a: Incineroar|Parting Shot|p1a: Whimsicott\n|-unboost|p1a: Whimsicott|atk|1\n|-unboost|p1a: Whimsicott|spa|1\n|\n|t:|1788431949\n|switch|p2a: Froslass|Froslass-Mega, L50, F|100/100|[from] Parting Shot\n|-weather|Snowscape|[from] ability: Snow Warning|[of] p2a: Froslass\n|move|p1b: Garchomp|Rock Slide|p2b: Toxapex|[spread] \n|-activate|p2a: Froslass|move: Wide Guard\n|-activate|p2b: Toxapex|move: Wide Guard\n|\n|-weather|Snowscape|[upkeep]\n|-sideend|p2: SycrasisEU|move: Tailwind\n|upkeep\n|turn|5\n|j| beerdrunkee\n|inactive|ryanwooftw has 30 seconds left.\n|\n|t:|1788431975\n|switch|p1a: Charizard|Charizard-Mega-Y, L50, M|100/100\n|-weather|SunnyDay|[from] ability: Drought|[of] p1a: Charizard\n|move|p2a: Froslass|Blizzard|p1b: Garchomp|[spread] p1b\n|-miss|p2a: Froslass|p1a: Charizard\n|-supereffective|p1b: Garchomp|2\n|-damage|p1b: Garchomp|0 fnt\n|faint|p1b: Garchomp\n|move|p2b: Toxapex|Icy Wind|p1a: Charizard\n|-damage|p1a: Charizard|91/100\n|-unboost|p1a: Charizard|spe|1\n|\n|-weather|SunnyDay|[upkeep]\n|upkeep\n|\n|t:|1788431983\n|switch|p1b: Whimsicott|Whimsicott, L50, M|100/100\n|turn|6\n|\n|t:|1788432001\n|switch|p2a: Incineroar|Incineroar, L50, M, shiny|72/100\n|-ability|p2a: Incineroar|Intimidate|boost\n|-unboost|p1a: Charizard|atk|1\n|-unboost|p1b: Whimsicott|atk|1\n|move|p1b: Whimsicott|Moonblast|p2a: Incineroar\n|-damage|p2a: Incineroar|46/100\n|-enditem|p2a: Incineroar|Sitrus Berry|[eat]\n|-heal|p2a: Incineroar|71/100|[from] item: Sitrus Berry\n|move|p1a: Charizard|Heat Wave|p2a: Incineroar|[spread] p2a,p2b\n|-resisted|p2a: Incineroar|1\n|-resisted|p2b: Toxapex|1\n|-damage|p2a: Incineroar|48/100\n|-damage|p2b: Toxapex|82/100\n|-status|p2b: Toxapex|brn\n|move|p2b: Toxapex|Icy Wind|p1b: Whimsicott|[spread] p1a,p1b\n|-supereffective|p1b: Whimsicott|1\n|-damage|p1a: Charizard|85/100\n|-damage|p1b: Whimsicott|79/100\n|-unboost|p1a: Charizard|spe|1\n|-unboost|p1b: Whimsicott|spe|1\n|\n|-weather|SunnyDay|[upkeep]\n|-heal|p2b: Toxapex|87/100 brn|[from] item: Leftovers\n|-damage|p2b: Toxapex|82/100 brn|[from] brn\n|upkeep\n|turn|7\n|l| beerdrunkee\n|inactive|ryanwooftw has 30 seconds left.\n|inactive|SycrasisEU has 30 seconds left.\n|\n|t:|1788432030\n|move|p2a: Incineroar|Fake Out|p1a: Charizard\n|-damage|p1a: Charizard|76/100\n|move|p1b: Whimsicott|Moonblast|p2a: Incineroar\n|-damage|p2a: Incineroar|26/100\n|cant|p1a: Charizard|flinch\n|move|p2b: Toxapex|Icy Wind|p1a: Charizard|[spread] p1a,p1b\n|-supereffective|p1b: Whimsicott|1\n|-damage|p1a: Charizard|71/100\n|-damage|p1b: Whimsicott|60/100\n|-unboost|p1a: Charizard|spe|1\n|-unboost|p1b: Whimsicott|spe|1\n|\n|-weather|SunnyDay|[upkeep]\n|-heal|p2b: Toxapex|87/100 brn|[from] item: Leftovers\n|-damage|p2b: Toxapex|82/100 brn|[from] brn\n|upkeep\n|turn|8\n|\n|t:|1788432044\n|move|p2b: Toxapex|Wide Guard|p2b: Toxapex\n|-singleturn|p2b: Toxapex|Wide Guard\n|move|p1b: Whimsicott|Moonblast|p2a: Incineroar\n|-damage|p2a: Incineroar|1/100\n|move|p2a: Incineroar|Parting Shot|p1a: Charizard\n|-unboost|p1a: Charizard|atk|1\n|-unboost|p1a: Charizard|spa|1\n|\n|t:|1788432051\n|switch|p2a: Froslass|Froslass-Mega, L50, F|100/100|[from] Parting Shot\n|-weather|Snowscape|[from] ability: Snow Warning|[of] p2a: Froslass\n|move|p1a: Charizard|Heat Wave|p2a: Froslass|[spread] \n|-activate|p2a: Froslass|move: Wide Guard\n|-activate|p2b: Toxapex|move: Wide Guard\n|\n|-weather|Snowscape|[upkeep]\n|-heal|p2b: Toxapex|87/100 brn|[from] item: Leftovers\n|-damage|p2b: Toxapex|82/100 brn|[from] brn\n|upkeep\n|turn|9\n|-message|ryanwooftw forfeited.\n|\n|win|SycrasisEU\n|raw|ryanwooftw's rating: 1412 &rarr; <strong>1392</strong><br />(-20 for losing)\n|raw|SycrasisEU's rating: 1418 &rarr; <strong>1438</strong><br />(+20 for winning)\n|l|☆ryanwooftw\n|player|p1|\n","uploadtime":1788432062,"views":"0","formatid":"gen9championsvgc2026regmb","rating":1392,"private":0,"password":null}