{"id":"gen9championsvgc2026regmb-2674248812","format":"[Gen 9 Champions] VGC 2026 Reg M-B","players":["winronronwin","Thornlace48812"],"log":"|j|☆winronronwin\n|j|☆Thornlace48812\n|t:|1788323085\n|gametype|doubles\n|player|p1|winronronwin|hilda|1076\n|player|p2|Thornlace48812|1|1049\n|gen|9\n|tier|[Gen 9 Champions] VGC 2026 Reg M-B\n|rated|\n|rule|Species Clause: Limit one of each Pokémon\n|rule|Item Clause: Limit 1 of each item\n|clearpoke\n|poke|p1|Pikachu, L50, F, shiny|\n|poke|p1|Grimmsnarl, L50, M, shiny|\n|poke|p1|Staraptor, L50, F, shiny|\n|poke|p1|Sinistcha, L50, shiny|\n|poke|p1|Gholdengo, L50, shiny|\n|poke|p1|Incineroar, L50, F, shiny|\n|poke|p2|Garchomp, L50, F|\n|poke|p2|Charizard, L50, F|\n|poke|p2|Whimsicott, L50, M|\n|poke|p2|Sylveon, L50, M|\n|poke|p2|Kingambit, L50, M|\n|poke|p2|Basculegion, L50, M|\n|teampreview|4\n|inactive|Battle timer is ON: inactive players will automatically lose when time's up. (requested by Thornlace48812)\nThornlace48812 rejected open team sheets.\n|\n|t:|1788323113\n|teamsize|p1|4\n|teamsize|p2|4\n|start\n|switch|p1a: Grimmsnarl|Grimmsnarl, L50, M, shiny|100/100\n|switch|p1b: Incineroar|Incineroar, L50, F, shiny|100/100\n|switch|p2a: Charizard|Charizard, L50, F|100/100\n|switch|p2b: Sylveon|Sylveon, L50, M|100/100\n|-ability|p1b: Incineroar|Intimidate|boost\n|-unboost|p2a: Charizard|atk|1\n|-unboost|p2b: Sylveon|atk|1\n|turn|1\n|\n|t:|1788323122\n|detailschange|p2a: Charizard|Charizard-Mega-Y, L50, F\n|-mega|p2a: Charizard|Charizard|Charizardite Y\n|-weather|SunnyDay|[from] ability: Drought|[of] p2a: Charizard\n|move|p1b: Incineroar|Fake Out|p2a: Charizard\n|-damage|p2a: Charizard|84/100\n|move|p1a: Grimmsnarl|Light Screen|p1a: Grimmsnarl\n|-sidestart|p1: winronronwin|move: Light Screen\n|cant|p2a: Charizard|flinch\n|move|p2b: Sylveon|Hyper Voice|p1a: Grimmsnarl|[spread] p1a,p1b\n|-supereffective|p1a: Grimmsnarl|1\n|-damage|p1a: Grimmsnarl|36/100\n|-damage|p1b: Incineroar|72/100\n|\n|-weather|SunnyDay|[upkeep]\n|upkeep\n|turn|2\n|\n|t:|1788323140\n|move|p1a: Grimmsnarl|Parting Shot|p2a: Charizard\n|-unboost|p2a: Charizard|atk|1\n|-unboost|p2a: Charizard|spa|1\n|\n|t:|1788323144\n|switch|p1a: Sinistcha|Sinistcha, L50, shiny|100/100|[from] Parting Shot\n|-heal|p1b: Incineroar|97/100|[from] ability: Hospitality|[of] p1a: Sinistcha\n|move|p2a: Charizard|Heat Wave|p1a: Sinistcha|[spread] p1a,p1b\n|-supereffective|p1a: Sinistcha|1\n|-resisted|p1b: Incineroar|1\n|-damage|p1a: Sinistcha|43/100\n|-damage|p1b: Incineroar|83/100\n|move|p2b: Sylveon|Hyper Voice|p1b: Incineroar|[spread] p1a,p1b\n|-damage|p1a: Sinistcha|7/100\n|-damage|p1b: Incineroar|55/100\n|move|p1b: Incineroar|Parting Shot|p2b: Sylveon\n|-unboost|p2b: Sylveon|atk|1\n|-unboost|p2b: Sylveon|spa|1\n|\n|t:|1788323152\n|switch|p1b: Staraptor|Staraptor, L50, F, shiny|100/100|[from] Parting Shot\n|-ability|p1b: Staraptor|Intimidate|boost\n|-unboost|p2a: Charizard|atk|1\n|-unboost|p2b: Sylveon|atk|1\n|\n|-weather|SunnyDay|[upkeep]\n|upkeep\n|turn|3\n|inactive|winronronwin has 30 seconds left.\n|\n|t:|1788323185\n|detailschange|p1b: Staraptor|Staraptor-Mega, L50, F, shiny\n|-mega|p1b: Staraptor|Staraptor|Staraptite\n|move|p1b: Staraptor|Brave Bird|p2a: Charizard\n|-crit|p2a: Charizard\n|-damage|p2a: Charizard|0 fnt\n|faint|p2a: Charizard\n|-damage|p1b: Staraptor|72/100|[from] Recoil\n|move|p2b: Sylveon|Hyper Voice|p1a: Sinistcha|[spread] p1a,p1b\n|-supereffective|p1b: Staraptor|1\n|-damage|p1a: Sinistcha|0 fnt\n|-damage|p1b: Staraptor|16/100\n|faint|p1a: Sinistcha\n|\n|-weather|SunnyDay|[upkeep]\n|upkeep\n|\n|t:|1788323192\n|switch|p2a: Basculegion|Basculegion, L50, M|100/100\n|switch|p1a: Incineroar|Incineroar, L50, F, shiny|55/100\n|-ability|p1a: Incineroar|Intimidate|boost\n|-unboost|p2a: Basculegion|atk|1\n|-unboost|p2b: Sylveon|atk|1\n|turn|4\n|\n|t:|1788323199\n|move|p1a: Incineroar|Fake Out|p2b: Sylveon\n|-damage|p2b: Sylveon|81/100\n|move|p1b: Staraptor|Roost|p1b: Staraptor\n|-heal|p1b: Staraptor|66/100\n|-singleturn|p1b: Staraptor|move: Roost\n|move|p2a: Basculegion|Wave Crash|p1b: Staraptor\n|-damage|p1b: Staraptor|29/100\n|-damage|p2a: Basculegion|90/100|[from] Recoil\n|cant|p2b: Sylveon|flinch\n|\n|-weather|SunnyDay|[upkeep]\n|upkeep\n|turn|5\n|\n|t:|1788323210\n|move|p1b: Staraptor|Protect|p1b: Staraptor\n|-singleturn|p1b: Staraptor|Protect\n|move|p2a: Basculegion|Aqua Jet|p1a: Incineroar\n|-supereffective|p1a: Incineroar|1\n|-damage|p1a: Incineroar|35/100\n|-enditem|p1a: Incineroar|Sitrus Berry|[eat]\n|-heal|p1a: Incineroar|60/100|[from] item: Sitrus Berry\n|move|p2b: Sylveon|Hyper Voice|p1b: Staraptor|[spread] p1a\n|-activate|p1b: Staraptor|move: Protect\n|-damage|p1a: Incineroar|41/100\n|move|p1a: Incineroar|Parting Shot|p2a: Basculegion\n|-unboost|p2a: Basculegion|atk|1\n|-unboost|p2a: Basculegion|spa|1\n|\n|t:|1788323221\n|switch|p1a: Grimmsnarl|Grimmsnarl, L50, M, shiny|36/100|[from] Parting Shot\n|\n|-weather|none\n|upkeep\n|turn|6\n|\n|t:|1788323228\n|move|p1a: Grimmsnarl|Reflect|p1a: Grimmsnarl\n|-sidestart|p1: winronronwin|Reflect\n|move|p1b: Staraptor|Roost|p1b: Staraptor\n|-heal|p1b: Staraptor|79/100\n|-singleturn|p1b: Staraptor|move: Roost\n|move|p2a: Basculegion|Last Respects|p1a: Grimmsnarl\n|-resisted|p1a: Grimmsnarl|1\n|-damage|p1a: Grimmsnarl|24/100\n|move|p2b: Sylveon|Hyper Voice|p1a: Grimmsnarl|[spread] p1a,p1b\n|-supereffective|p1a: Grimmsnarl|1\n|-supereffective|p1b: Staraptor|1\n|-damage|p1a: Grimmsnarl|0 fnt\n|-damage|p1b: Staraptor|29/100\n|faint|p1a: Grimmsnarl\n|\n|upkeep\n|\n|t:|1788323239\n|switch|p1a: Incineroar|Incineroar, L50, F, shiny|41/100\n|-ability|p1a: Incineroar|Intimidate|boost\n|-unboost|p2a: Basculegion|atk|1\n|-unboost|p2b: Sylveon|atk|1\n|turn|7\n|\n|t:|1788323245\n|move|p1a: Incineroar|Fake Out|p2b: Sylveon\n|-damage|p2b: Sylveon|64/100\n|move|p1b: Staraptor|Roost|p1b: Staraptor\n|-heal|p1b: Staraptor|79/100\n|-singleturn|p1b: Staraptor|move: Roost\n|move|p2a: Basculegion|Wave Crash|p1a: Incineroar\n|-supereffective|p1a: Incineroar|1\n|-damage|p1a: Incineroar|0 fnt\n|faint|p1a: Incineroar\n|-damage|p2a: Basculegion|76/100|[from] Recoil\n|cant|p2b: Sylveon|flinch\n|\n|upkeep\n|turn|8\n|\n|t:|1788323264\n|move|p1b: Staraptor|Brave Bird|p2b: Sylveon\n|-damage|p2b: Sylveon|0 fnt\n|faint|p2b: Sylveon\n|-damage|p1b: Staraptor|54/100|[from] Recoil\n|move|p2a: Basculegion|Wave Crash|p1b: Staraptor\n|-damage|p1b: Staraptor|27/100\n|-damage|p2a: Basculegion|69/100|[from] Recoil\n|\n|-sideend|p1: winronronwin|move: Light Screen\n|upkeep\n|\n|t:|1788323264\n|switch|p2b: Kingambit|Kingambit, L50, M|100/100\n|-activate|p2b: Kingambit|ability: Supreme Overlord\n|-start|p2b: Kingambit|fallen2|[silent]\n|turn|9\n|\n|t:|1788323268\n|move|p1b: Staraptor|Protect|p1b: Staraptor\n|-singleturn|p1b: Staraptor|Protect\n|move|p2b: Kingambit|Sucker Punch||[still]\n|-fail|p2b: Kingambit\n|move|p2a: Basculegion|Last Respects|p1b: Staraptor\n|-activate|p1b: Staraptor|move: Protect\n|\n|upkeep\n|turn|10\n|\n|t:|1788323275\n|move|p1b: Staraptor|Roost|p1b: Staraptor\n|-heal|p1b: Staraptor|77/100\n|-singleturn|p1b: Staraptor|move: Roost\n|move|p2a: Basculegion|Last Respects|p1b: Staraptor\n|-damage|p1b: Staraptor|47/100\n|move|p2b: Kingambit|Iron Head|p1b: Staraptor\n|-damage|p1b: Staraptor|1/100\n|\n|upkeep\n|turn|11\n|\n|t:|1788323281\n|move|p2b: Kingambit|Sucker Punch||[still]\n|-fail|p2b: Kingambit\n|move|p1b: Staraptor|Roost|p1b: Staraptor\n|-heal|p1b: Staraptor|51/100\n|-singleturn|p1b: Staraptor|move: Roost\n|move|p2a: Basculegion|Wave Crash|p1b: Staraptor\n|-damage|p1b: Staraptor|21/100\n|-damage|p2a: Basculegion|61/100|[from] Recoil\n|\n|upkeep\n|turn|12\n|\n|t:|1788323284\n|move|p1b: Staraptor|Roost|p1b: Staraptor\n|-heal|p1b: Staraptor|71/100\n|-singleturn|p1b: Staraptor|move: Roost\n|move|p2a: Basculegion|Last Respects|p1b: Staraptor\n|-damage|p1b: Staraptor|40/100\n|move|p2b: Kingambit|Iron Head|p1b: Staraptor\n|-crit|p1b: Staraptor\n|-damage|p1b: Staraptor|0 fnt\n|faint|p1b: Staraptor\n|\n|win|Thornlace48812\n|raw|winronronwin's rating: 1076 &rarr; <strong>1055</strong><br />(-21 for losing)\n|raw|Thornlace48812's rating: 1080 &rarr; <strong>1108</strong><br />(+28 for winning)\n","uploadtime":1788323285,"views":"2","formatid":"gen9championsvgc2026regmb","rating":1055,"private":0,"password":null}