{"id":"gen9championsvgc2026regmb-2673919917","format":"[Gen 9 Champions] VGC 2026 Reg M-B","players":["gadhadga","Worldender2021"],"log":"|j|☆gadhadga\n|j|☆Worldender2021\n|t:|1788277195\n|gametype|doubles\n|player|p1|gadhadga|1|1082\n|player|p2|Worldender2021|101|1189\n|gen|9\n|tier|[Gen 9 Champions] VGC 2026 Reg M-B\n|rated|\n|rule|Species Clause: Limit one of each Pokémon\n|rule|Item Clause: Limit 1 of each item\n|clearpoke\n|poke|p1|Palafin, L50, F, shiny|\n|poke|p1|Incineroar, L50, M|\n|poke|p1|Sinistcha, L50|\n|poke|p1|Aerodactyl, L50, M|\n|poke|p1|Floette-Eternal, L50, F|\n|poke|p1|Sneasler, L50, F|\n|poke|p2|Floette-Eternal, L50, F|\n|poke|p2|Garchomp, L50, F|\n|poke|p2|Incineroar, L50, F|\n|poke|p2|Toxapex, L50, F|\n|poke|p2|Sylveon, L50, M|\n|poke|p2|Kingambit, L50, F|\n|teampreview|4\n|inactive|Battle timer is ON: inactive players will automatically lose when time's up. (requested by gadhadga)\n|inactive|gadhadga has 60 seconds left.\n|inactive|Worldender2021 has 60 seconds left.\n|\n|t:|1788277242\n|teamsize|p1|4\n|teamsize|p2|4\n|start\n|switch|p1a: Palafin|Palafin, L50, F, shiny|100/100\n|switch|p1b: Sneasler|Sneasler, L50, F|100/100\n|switch|p2a: Garchomp|Garchomp, L50, F|100/100\n|switch|p2b: Toxapex|Toxapex, L50, F|100/100\n|turn|1\n|\n|t:|1788277258\n|detailschange|p1a: Palafin|Palafin-Hero, L50, F, shiny\n|switch|p1a: Floette|Floette-Eternal, L50, F|100/100\n|move|p2a: Garchomp|Protect|p2a: Garchomp\n|-singleturn|p2a: Garchomp|Protect\n|move|p1b: Sneasler|Fake Out|p2a: Garchomp\n|-activate|p2a: Garchomp|move: Protect\n|move|p2b: Toxapex|Toxic|p1a: Floette\n|-status|p1a: Floette|tox\n|\n|-damage|p1a: Floette|94/100 tox|[from] psn\n|upkeep\n|turn|2\n|\n|t:|1788277280\n|switch|p2a: Incineroar|Incineroar, L50, F|100/100\n|-ability|p2a: Incineroar|Intimidate|boost\n|-unboost|p1a: Floette|atk|1\n|-unboost|p1b: Sneasler|atk|1\n|-enditem|p1b: Sneasler|White Herb\n|-clearnegativeboost|p1b: Sneasler|[silent]\n|detailschange|p1a: Floette|Floette-Mega, L50, F\n|-mega|p1a: Floette|Floette|Floettite\n|-ability|p1a: Floette|Fairy Aura\n|move|p1b: Sneasler|Dire Claw|p2b: Toxapex\n|-resisted|p2b: Toxapex|1\n|-damage|p2b: Toxapex|83/100\n|move|p1a: Floette|Dazzling Gleam|p2a: Incineroar|[spread] p2a,p2b\n|-resisted|p2b: Toxapex|1\n|-damage|p2a: Incineroar|65/100\n|-damage|p2b: Toxapex|67/100\n|move|p2b: Toxapex|Infestation|p1a: Floette\n|-resisted|p1a: Floette|1\n|-damage|p1a: Floette|92/100 tox\n|-activate|p1a: Floette|move: Infestation|[of] p2b: Toxapex\n|\n|-heal|p2b: Toxapex|72/100|[from] item: Leftovers\n|-damage|p1a: Floette|80/100 tox|[from] psn\n|-damage|p1a: Floette|68/100 tox|[from] move: Infestation|[partiallytrapped]\n|upkeep\n|turn|3\n|inactive|Worldender2021 has 30 seconds left.\n|\n|t:|1788277313\n|move|p2a: Incineroar|Fake Out|p1b: Sneasler\n|-damage|p1b: Sneasler|81/100\n|cant|p1b: Sneasler|flinch\n|move|p1a: Floette|Light of Ruin|p2b: Toxapex\n|-resisted|p2b: Toxapex|1\n|-damage|p2b: Toxapex|32/100\n|-damage|p1a: Floette|47/100 tox|[from] Recoil\n|move|p2b: Toxapex|Infestation|p1a: Floette\n|-resisted|p1a: Floette|1\n|-damage|p1a: Floette|46/100 tox\n|\n|-heal|p2b: Toxapex|38/100|[from] item: Leftovers\n|-damage|p1a: Floette|28/100 tox|[from] psn\n|-damage|p1a: Floette|16/100 tox|[from] move: Infestation|[partiallytrapped]\n|upkeep\n|turn|4\n|inactive|gadhadga has 30 seconds left.\n|\n|t:|1788277345\n|switch|p2a: Garchomp|Garchomp, L50, F|100/100\n|move|p1b: Sneasler|Close Combat|p2a: Garchomp\n|-damage|p2a: Garchomp|35/100\n|-unboost|p1b: Sneasler|def|1\n|-unboost|p1b: Sneasler|spd|1\n|-damage|p1b: Sneasler|69/100|[from] ability: Rough Skin|[of] p2a: Garchomp\n|move|p1a: Floette|Light of Ruin|p2b: Toxapex\n|-resisted|p2b: Toxapex|1\n|-damage|p2b: Toxapex|0 fnt\n|faint|p2b: Toxapex\n|-damage|p1a: Floette|0 fnt|[from] Recoil\n|faint|p1a: Floette\n|\n|upkeep\n|\n|t:|1788277359\n|switch|p1a: Palafin|Palafin-Hero, L50, F, shiny|100/100\n|switch|p2b: Incineroar|Incineroar, L50, F|65/100\n|-activate|p1a: Palafin|ability: Zero to Hero\n|-ability|p2b: Incineroar|Intimidate|boost\n|-unboost|p1a: Palafin|atk|1\n|-unboost|p1b: Sneasler|atk|1\n|turn|5\n|\n|t:|1788277376\n|move|p1b: Sneasler|Protect|p1b: Sneasler\n|-singleturn|p1b: Sneasler|Protect\n|move|p1a: Palafin|Protect|p1a: Palafin\n|-singleturn|p1a: Palafin|Protect\n|move|p2b: Incineroar|Fake Out|p1a: Palafin\n|-activate|p1a: Palafin|move: Protect\n|move|p2a: Garchomp|Earthquake|p1a: Palafin|[spread] p2b\n|-activate|p1a: Palafin|move: Protect\n|-activate|p1b: Sneasler|move: Protect\n|-supereffective|p2b: Incineroar|1\n|-damage|p2b: Incineroar|0 fnt\n|faint|p2b: Incineroar\n|\n|upkeep\n|\n|t:|1788277389\n|switch|p2b: Kingambit|Kingambit, L50, F|100/100\n|turn|6\n|\n|t:|1788277396\n|move|p2b: Kingambit|Protect|p2b: Kingambit\n|-singleturn|p2b: Kingambit|Protect\n|move|p1b: Sneasler|Close Combat|p2a: Garchomp\n|-damage|p2a: Garchomp|0 fnt\n|-unboost|p1b: Sneasler|def|1\n|-unboost|p1b: Sneasler|spd|1\n|-damage|p1b: Sneasler|57/100|[from] ability: Rough Skin|[of] p2a: Garchomp\n|faint|p2a: Garchomp\n|move|p1a: Palafin|Close Combat|p2b: Kingambit\n|-activate|p2b: Kingambit|move: Protect\n|\n|upkeep\n|turn|7\n|-message|Worldender2021 forfeited.\n|\n|win|gadhadga\n|raw|gadhadga's rating: 1062 &rarr; <strong>1103</strong><br />(+41 for winning)\n|raw|Worldender2021's rating: 1189 &rarr; <strong>1155</strong><br />(-34 for losing)\n|l|☆Worldender2021\n|player|p2|\n","uploadtime":1788277412,"views":"9","formatid":"gen9championsvgc2026regmb","rating":1103,"private":0,"password":null}