{"id":"gen9championsvgc2026regmb-2674332486","format":"[Gen 9 Champions] VGC 2026 Reg M-B","players":["GPHyoma","dung VIET NAM 88"],"log":"|j|☆GPHyoma\n|j|☆dung VIET NAM 88\n|t:|1788342929\n|gametype|doubles\n|player|p1|GPHyoma|pryce|1215\n|player|p2|dung VIET NAM 88|swimmerf-gen4|1133\n|gen|9\n|tier|[Gen 9 Champions] VGC 2026 Reg M-B\n|rated|\n|rule|Species Clause: Limit one of each Pokémon\n|rule|Item Clause: Limit 1 of each item\n|clearpoke\n|poke|p1|Kingambit, L50, F|\n|poke|p1|Jolteon, L50, M|\n|poke|p1|Froslass, L50, F|\n|poke|p1|Rotom-Frost, L50|\n|poke|p1|Sneasler, L50, M, shiny|\n|poke|p1|Milotic, L50, M|\n|poke|p2|Milotic, L50, F, shiny|\n|poke|p2|Incineroar, L50, F, shiny|\n|poke|p2|Chandelure, L50, M, shiny|\n|poke|p2|Scizor, L50, M, shiny|\n|poke|p2|Whimsicott, L50, F, shiny|\n|poke|p2|Staraptor, L50, M, shiny|\n|teampreview|4\n|inactive|Battle timer is ON: inactive players will automatically lose when time's up. (requested by dung VIET NAM 88)\n|inactive|GPHyoma has 60 seconds left.\n|\n|t:|1788342962\n|teamsize|p1|4\n|teamsize|p2|4\n|start\n|switch|p1a: Cryotherapy|Froslass, L50, F|100/100\n|switch|p1b: Analgesics|Milotic, L50, M|100/100\n|switch|p2a: Whimsicott|Whimsicott, L50, F, shiny|100/100\n|switch|p2b: Chandelure|Chandelure, L50, M, shiny|100/100\n|turn|1\n|\n|t:|1788342987\n|move|p1a: Cryotherapy|Protect|p1a: Cryotherapy\n|-singleturn|p1a: Cryotherapy|Protect\n|move|p2a: Whimsicott|Tailwind|p2a: Whimsicott\n|-sidestart|p2: dung VIET NAM 88|move: Tailwind\n|move|p2b: Chandelure|Heat Wave|p1b: Analgesics|[spread] p1b\n|-activate|p1a: Cryotherapy|move: Protect\n|-resisted|p1b: Analgesics|1\n|-damage|p1b: Analgesics|83/100\n|move|p1b: Analgesics|Icy Wind|p2a: Whimsicott|[spread] p2a,p2b\n|-supereffective|p2a: Whimsicott|1\n|-resisted|p2b: Chandelure|1\n|-damage|p2a: Whimsicott|72/100\n|-damage|p2b: Chandelure|92/100\n|-unboost|p2a: Whimsicott|spe|1\n|-unboost|p2b: Chandelure|spe|1\n|\n|-heal|p1b: Analgesics|90/100|[from] item: Leftovers\n|upkeep\n|turn|2\n|\n|t:|1788343005\n|detailschange|p1a: Cryotherapy|Froslass-Mega, L50, F\n|-mega|p1a: Cryotherapy|Froslass|Froslassite\n|-weather|Snowscape|[from] ability: Snow Warning|[of] p1a: Cryotherapy\n|move|p2a: Whimsicott|Encore|p1a: Cryotherapy\n|-start|p1a: Cryotherapy|Encore\n|move|p1a: Cryotherapy|Protect||[still]\n|-fail|p1a: Cryotherapy\n|move|p2b: Chandelure|Energy Ball|p1b: Analgesics\n|-supereffective|p1b: Analgesics|1\n|-damage|p1b: Analgesics|36/100\n|move|p1b: Analgesics|Icy Wind|p2b: Chandelure|[spread] p2a,p2b\n|-supereffective|p2a: Whimsicott|1\n|-resisted|p2b: Chandelure|1\n|-damage|p2a: Whimsicott|44/100\n|-damage|p2b: Chandelure|85/100\n|-unboost|p2a: Whimsicott|spe|1\n|-unboost|p2b: Chandelure|spe|1\n|\n|-weather|Snowscape|[upkeep]\n|-heal|p1b: Analgesics|43/100|[from] item: Leftovers\n|upkeep\n|turn|3\n|\n|t:|1788343025\n|switch|p1a: Electrotherapy|Jolteon, L50, M|100/100\n|move|p2a: Whimsicott|Moonblast|p1a: Electrotherapy\n|-damage|p1a: Electrotherapy|63/100\n|move|p2b: Chandelure|Energy Ball|p1b: Analgesics\n|-supereffective|p1b: Analgesics|1\n|-damage|p1b: Analgesics|0 fnt\n|faint|p1b: Analgesics\n|\n|-weather|Snowscape|[upkeep]\n|upkeep\n|\n|t:|1788343027\n|switch|p1b: Cryotherapy|Froslass-Mega, L50, F|100/100\n|turn|4\n|inactive|dung VIET NAM 88 has 30 seconds left.\n|\n|t:|1788343056\n|switch|p2a: Incineroar|Incineroar, L50, F, shiny|100/100\n|-ability|p2a: Incineroar|Intimidate|boost\n|-unboost|p1a: Electrotherapy|atk|1\n|-unboost|p1b: Cryotherapy|atk|1\n|switch|p2b: Staraptor|Staraptor, L50, M, shiny|100/100\n|-ability|p2b: Staraptor|Intimidate|boost\n|-unboost|p1a: Electrotherapy|atk|1\n|-unboost|p1b: Cryotherapy|atk|1\n|move|p1a: Electrotherapy|Thunderbolt|p2b: Staraptor\n|-supereffective|p2b: Staraptor|1\n|-damage|p2b: Staraptor|0 fnt\n|faint|p2b: Staraptor\n|move|p1b: Cryotherapy|Blizzard|p2a: Incineroar\n|-resisted|p2a: Incineroar|1\n|-damage|p2a: Incineroar|80/100\n|\n|-weather|Snowscape|[upkeep]\n|-sideend|p2: dung VIET NAM 88|move: Tailwind\n|upkeep\n|\n|t:|1788343070\n|switch|p2b: Whimsicott|Whimsicott, L50, F, shiny|44/100\n|turn|5\n|\n|t:|1788343079\n|move|p2b: Whimsicott|Tailwind|p2b: Whimsicott\n|-sidestart|p2: dung VIET NAM 88|move: Tailwind\n|move|p1a: Electrotherapy|Electroweb|p2a: Incineroar|[spread] p2a,p2b\n|-resisted|p2b: Whimsicott|1\n|-damage|p2a: Incineroar|67/100\n|-damage|p2b: Whimsicott|32/100\n|-unboost|p2a: Incineroar|spe|1\n|-unboost|p2b: Whimsicott|spe|1\n|move|p1b: Cryotherapy|Blizzard|p2b: Whimsicott|[spread] p2a,p2b\n|-resisted|p2a: Incineroar|1\n|-supereffective|p2b: Whimsicott|1\n|-damage|p2a: Incineroar|50/100g\n|-damage|p2b: Whimsicott|0 fnt\n|faint|p2b: Whimsicott\n|move|p2a: Incineroar|Flare Blitz|p1a: Electrotherapy\n|-damage|p1a: Electrotherapy|0 fnt\n|faint|p1a: Electrotherapy\n|-damage|p2a: Incineroar|36/100|[from] Recoil\n|-enditem|p2a: Incineroar|Sitrus Berry|[eat]\n|-heal|p2a: Incineroar|60/100|[from] item: Sitrus Berry\n|\n|-weather|Snowscape|[upkeep]\n|upkeep\n|\n|t:|1788343092\n|switch|p1a: Prolotherapy|Sneasler, L50, M, shiny|100/100\n|switch|p2b: Chandelure|Chandelure, L50, M, shiny|85/100\n|turn|6\n|\n|t:|1788343100\n|detailschange|p2b: Chandelure|Chandelure-Mega, L50, M, shiny\n|-mega|p2b: Chandelure|Chandelure|Chandelurite\n|move|p1b: Cryotherapy|Protect|p1b: Cryotherapy\n|-singleturn|p1b: Cryotherapy|Protect\n|move|p2b: Chandelure|Heat Wave|p1b: Cryotherapy|[spread] p1a\n|-activate|p1b: Cryotherapy|move: Protect\n|-damage|p1a: Prolotherapy|34/100\n|move|p1a: Prolotherapy|Close Combat|p2a: Incineroar\n|-supereffective|p2a: Incineroar|1\n|-damage|p2a: Incineroar|0 fnt\n|-unboost|p1a: Prolotherapy|def|1\n|-unboost|p1a: Prolotherapy|spd|1\n|faint|p2a: Incineroar\n|-enditem|p1a: Prolotherapy|White Herb\n|-clearnegativeboost|p1a: Prolotherapy|[silent]\n|\n|-weather|none\n|upkeep\n|turn|7\n|\n|t:|1788343112\n|move|p1a: Prolotherapy|Dire Claw|p2b: Chandelure\n|-resisted|p2b: Chandelure|1\n|-damage|p2b: Chandelure|57/100\n|move|p2b: Chandelure|Heat Wave|p1b: Cryotherapy|[spread] p1a,p1b\n|-supereffective|p1b: Cryotherapy|1\n|-damage|p1a: Prolotherapy|0 fnt\n|-damage|p1b: Cryotherapy|0 fnt\n|faint|p1a: Prolotherapy\n|faint|p1b: Cryotherapy\n|\n|win|dung VIET NAM 88\n|raw|GPHyoma's rating: 1215 &rarr; <strong>1184</strong><br />(-31 for losing)\n|raw|dung VIET NAM 88's rating: 1133 &rarr; <strong>1164</strong><br />(+31 for winning)\n","uploadtime":1788343114,"views":"1","formatid":"gen9championsvgc2026regmb","rating":1164,"private":0,"password":null}