{"id":"gen9championsvgc2026regmbbo3-2674945056","format":"[Gen 9 Champions] VGC 2026 Reg M-B (Bo3)","players":["EDJPP","Chavo666"],"log":"|j|☆EDJPP\n|j|☆Chavo666\n|html|<table width=\"100%\"><tr><td align=\"left\">EDJPP</td><td align=\"right\">Chavo666</tr><tr><td align=\"left\"><i class=\"fa fa-circle\"></i> <i class=\"fa fa-circle-o\"></i> </td><td align=\"right\"><i class=\"fa fa-circle-o\"></i> <i class=\"fa fa-circle\"></i> </tr></table>\n|uhtml|bestof|<h2><strong>Game 3</strong> of <a href=\"/game-bestof3-gen9championsvgc2026regmbbo3-2674941628\">a best-of-3</a></h2>\n|t:|1788440061\n|gametype|doubles\n|player|p1|EDJPP|volkner|1058\n|player|p2|Chavo666|101|1129\n|gen|9\n|tier|[Gen 9 Champions] VGC 2026 Reg M-B (Bo3)\n|rated|\n|rule|Species Clause: Limit one of each Pokémon\n|rule|Item Clause: Limit 1 of each item\n|clearpoke\n|poke|p1|Froslass, L50, F|\n|poke|p1|Lycanroc-Dusk, L50, F|\n|poke|p1|Incineroar, L50, F|\n|poke|p1|Farigiraf, L50, F|\n|poke|p1|Sinistcha, L50|\n|poke|p1|Sylveon, L50, M|\n|poke|p2|Tyranitar, L50, M|\n|poke|p2|Scizor, L50, F|\n|poke|p2|Venusaur, L50, F|\n|poke|p2|Farigiraf, L50, M|\n|poke|p2|Primarina, L50, F|\n|poke|p2|Ceruledge, L50, F|\n|teampreview|4\n|showteam|p1|Froslass||Froslassite|SnowCloak|Blizzard,Protect,ShadowBall,AuroraVeil|Timid||F|||50|]Lycanroc-Dusk||FocusSash|ToughClaws|Accelerock,CloseCombat,Protect,RockSlide|Adamant||F|||50|]Incineroar||PasshoBerry|Intimidate|FakeOut,PartingShot,FlareBlitz,ThroatChop|Adamant||F|||50|]Farigiraf||ColburBerry|ArmorTail|Roar,Thunderbolt,Psychic,Protect|Timid||F|||50|]Sinistcha||KasibBerry|Hospitality|MatchaGotcha,RagePowder,TrickRoom,Protect|Sassy|||||50|]Sylveon||FairyFeather|Pixilate|HyperVoice,QuickAttack,HyperBeam,Detect|Modest||M|||50|\n|showteam|p2|Tyranitar||ChopleBerry|SandStream|RockSlide,Protect,KnockOff,LowKick|Adamant||M|||50|]Scizor||MetalCoat|Technician|SwordsDance,BugBite,BulletPunch,Protect|Adamant||F|||50|]Venusaur||Venusaurite|Chlorophyll|EarthPower,SludgeBomb,GigaDrain,Protect|Modest||F|||50|]Farigiraf||SitrusBerry|ArmorTail|DazzlingGleam,Psychic,TrickRoom,HelpingHand|Sassy||M|||50|]Primarina||LifeOrb|LiquidVoice|Moonblast,DazzlingGleam,HyperVoice,Protect|Modest||F|||50|]Ceruledge||ColburBerry|FlashFire|BitterBlade,BulkUp,ShadowSneak,Protect|Adamant||F|||50|\n|inactive|Battle timer is ON: inactive players will automatically lose when time's up. (requested by EDJPP)\n|\n|t:|1788440089\n|teamsize|p1|4\n|teamsize|p2|4\n|start\n|switch|p1a: Incineroar|Incineroar, L50, F|100/100\n|switch|p1b: Farigiraf|Farigiraf, L50, F|100/100\n|switch|p2a: Farigiraf|Farigiraf, L50, M|100/100\n|switch|p2b: Primarina|Primarina, L50, F|100/100\n|-ability|p1a: Incineroar|Intimidate|boost\n|-unboost|p2a: Farigiraf|atk|1\n|-unboost|p2b: Primarina|atk|1\n|turn|1\n|\n|t:|1788440105\n|switch|p2a: Tyranitar|Tyranitar, L50, M|100/100\n|-weather|Sandstorm|[from] ability: Sand Stream|[of] p2a: Tyranitar\n|move|p2b: Primarina|Hyper Voice|p1b: Farigiraf|[spread] p1a,p1b\n|-supereffective|p1a: Incineroar|1\n|-enditem|p1a: Incineroar|Passho Berry|[eat]\n|-enditem|p1a: Incineroar|Passho Berry|[weaken]\n|-damage|p1a: Incineroar|56/100\n|-damage|p1b: Farigiraf|36/100\n|-damage|p2b: Primarina|90/100|[from] item: Life Orb\n|move|p1a: Incineroar|Parting Shot|p2b: Primarina\n|-unboost|p2b: Primarina|atk|1\n|-unboost|p2b: Primarina|spa|1\n|\n|t:|1788440113\n|switch|p1a: Lycanroc|Lycanroc-Dusk, L50, F|100/100|[from] Parting Shot\n|move|p1b: Farigiraf|Roar|p2a: Tyranitar\n|drag|p2a: Farigiraf|Farigiraf, L50, M|100/100\n|\n|-weather|Sandstorm|[upkeep]\n|-damage|p1b: Farigiraf|29/100|[from] Sandstorm\n|-damage|p2b: Primarina|84/100|[from] Sandstorm\n|-damage|p2a: Farigiraf|93/100|[from] Sandstorm\n|upkeep\n|turn|2\n|inactive|EDJPP has 30 seconds left.\n|inactive|Chavo666 has 30 seconds left.\n|inactive|EDJPP has 20 seconds left.\n|inactive|EDJPP has 15 seconds left.\n|inactive|EDJPP has 10 seconds left.\n|inactive|EDJPP has 5 seconds left.\n|\n|t:|1788440168\n|move|p1a: Lycanroc|Accelerock||[still]\n|cant|p2a: Farigiraf|ability: Armor Tail|Accelerock|[of] p1a: Lycanroc\n|move|p2b: Primarina|Moonblast|p1a: Lycanroc\n|-damage|p1a: Lycanroc|45/100\n|-damage|p2b: Primarina|75/100|[from] item: Life Orb\n|move|p1b: Farigiraf|Roar|p2a: Farigiraf\n|drag|p2a: Scizor|Scizor, L50, F|100/100\n|\n|-weather|Sandstorm|[upkeep]\n|-damage|p1b: Farigiraf|23/100|[from] Sandstorm\n|-damage|p2b: Primarina|69/100|[from] Sandstorm\n|upkeep\n|turn|3\n|inactive|EDJPP has 30 seconds left.\n|inactive|EDJPP has 20 seconds left.\n|inactive|EDJPP has 15 seconds left.\n|inactive|EDJPP has 10 seconds left.\n|inactive|EDJPP has 5 seconds left.\n|\n|t:|1788440218\n|move|p1a: Lycanroc|Close Combat|p2a: Scizor\n|-damage|p2a: Scizor|49/100\n|-unboost|p1a: Lycanroc|def|1\n|-unboost|p1a: Lycanroc|spd|1\n|move|p1b: Farigiraf|Thunderbolt|p2b: Primarina\n|-supereffective|p2b: Primarina|1\n|-damage|p2b: Primarina|15/100\n|-status|p2b: Primarina|par\n|move|p2a: Scizor|Swords Dance|p2a: Scizor\n|-boost|p2a: Scizor|atk|2\n|move|p2b: Primarina|Hyper Voice|p1b: Farigiraf|[spread] p1a,p1b\n|-supereffective|p1a: Lycanroc|1\n|-damage|p1a: Lycanroc|0 fnt\n|-damage|p1b: Farigiraf|0 fnt\n|faint|p1a: Lycanroc\n|faint|p1b: Farigiraf\n|-damage|p2b: Primarina|6/100 par|[from] item: Life Orb\n|\n|-weather|Sandstorm|[upkeep]\n|-damage|p2b: Primarina|1/100 par|[from] Sandstorm\n|upkeep\n|\n|t:|1788440223\n|switch|p1a: Froslass|Froslass, L50, F|100/100\n|switch|p1b: Incineroar|Incineroar, L50, F|56/100\n|-ability|p1b: Incineroar|Intimidate|boost\n|-unboost|p2a: Scizor|atk|1\n|-unboost|p2b: Primarina|atk|1\n|turn|4\n|inactive|EDJPP has 30 seconds left.\n|inactive|EDJPP has 20 seconds left.\n|inactive|EDJPP has 15 seconds left.\n|inactive|EDJPP has 10 seconds left.\n|inactive|EDJPP has 5 seconds left.\n|\n|t:|1788440275\n|detailschange|p1a: Froslass|Froslass-Mega, L50, F\n|-mega|p1a: Froslass|Froslass|Froslassite\n|-weather|Snowscape|[from] ability: Snow Warning|[of] p1a: Froslass\n|move|p2a: Scizor|Protect|p2a: Scizor\n|-singleturn|p2a: Scizor|Protect\n|move|p1a: Froslass|Blizzard|p2b: Primarina|[spread] p2b\n|-activate|p2a: Scizor|move: Protect\n|-resisted|p2b: Primarina|1\n|-damage|p2b: Primarina|0 fnt\n|faint|p2b: Primarina\n|move|p1b: Incineroar|Flare Blitz|p2a: Scizor\n|-activate|p2a: Scizor|move: Protect\n|\n|-weather|Snowscape|[upkeep]\n|upkeep\n|\n|t:|1788440284\n|switch|p2b: Tyranitar|Tyranitar, L50, M|100/100\n|-weather|Sandstorm|[from] ability: Sand Stream|[of] p2b: Tyranitar\n|turn|5\n|\n|t:|1788440293\n|move|p1a: Froslass|Protect|p1a: Froslass\n|-singleturn|p1a: Froslass|Protect\n|move|p2a: Scizor|Bug Bite|p1b: Incineroar\n|-damage|p1b: Incineroar|0 fnt\n|faint|p1b: Incineroar\n|move|p2b: Tyranitar|Rock Slide|p1a: Froslass\n|-activate|p1a: Froslass|move: Protect\n|\n|-weather|Sandstorm|[upkeep]\n|-damage|p1a: Froslass|93/100|[from] Sandstorm\n|upkeep\n|turn|6\n|-message|EDJPP forfeited.\n|raw|EDJPP's rating: 1058 &rarr; <strong>1043</strong><br />(-15 for losing)\n|raw|Chavo666's rating: 1129 &rarr; <strong>1149</strong><br />(+20 for winning)\n|\n|win|Chavo666\n","uploadtime":1788440302,"views":"1","formatid":"gen9championsvgc2026regmbbo3","rating":1043,"private":0,"password":null}