{"id":"gen9championsvgc2026regmb-2674735384","format":"[Gen 9 Champions] VGC 2026 Reg M-B","players":["rodbeingshy","NewBurru"],"log":"|j|☆rodbeingshy\n|j|☆NewBurru\n|html|<table width=\"100%\"><tr><td align=\"left\">rodbeingshy</td><td align=\"right\">NewBurru</tr><tr><td align=\"left\"><i class=\"fa fa-circle\"></i> <i class=\"fa fa-circle-o\"></i> </td><td align=\"right\"><i class=\"fa fa-circle-o\"></i> <i class=\"fa fa-circle-o\"></i> </tr></table>\n|uhtml|bestof|<h2><strong>Game 2</strong> of <a href=\"/game-bestof3-gen9championsvgc2026regmb-2674732294\">a best-of-3</a></h2>\n|t:|1788398025\n|gametype|doubles\n|player|p1|rodbeingshy|roxie|\n|player|p2|NewBurru|1|\n|gen|9\n|tier|[Gen 9 Champions] VGC 2026 Reg M-B\n|rule|Species Clause: Limit one of each Pokémon\n|rule|Item Clause: Limit 1 of each item\n|raw|<div class=\"infobox\"><details class=\"readmore\" open><summary><strong>1 custom rule:</strong></summary> Best of = 3</details></div>\n|clearpoke\n|poke|p1|Sneasler, L50, M|\n|poke|p1|Froslass, L50, F|\n|poke|p1|Grimmsnarl, L50, M|\n|poke|p1|Primarina, L50, M|\n|poke|p1|Aerodactyl, L50, F|\n|poke|p1|Krookodile, L50, F|\n|poke|p2|Incineroar, L50, M|\n|poke|p2|Rotom-Wash, L50|\n|poke|p2|Sceptile, L50, M|\n|poke|p2|Tinkaton, L50, F|\n|poke|p2|Ninetales-Alola, L50, M|\n|poke|p2|Gliscor, L50, M|\n|teampreview|4\n|\n|t:|1788398069\n|teamsize|p1|4\n|teamsize|p2|4\n|start\n|switch|p1a: Ice Queen devil|Froslass, L50, F|100/100\n|switch|p1b: Venom rogue|Sneasler, L50, M|100/100\n|switch|p2a: Minubi|Rotom-Wash, L50|100/100\n|switch|p2b: Roclee|Gliscor, L50, M|100/100\n|turn|1\n|j| Laushz\n|\n|t:|1788398097\n|detailschange|p1a: Ice Queen devil|Froslass-Mega, L50, F\n|-mega|p1a: Ice Queen devil|Froslass|Froslassite\n|-weather|Snowscape|[from] ability: Snow Warning|[of] p1a: Ice Queen devil\n|move|p2b: Roclee|Protect|p2b: Roclee\n|-singleturn|p2b: Roclee|Protect\n|move|p1b: Venom rogue|Fake Out|p2b: Roclee\n|-activate|p2b: Roclee|move: Protect\n|move|p1a: Ice Queen devil|Taunt|p2a: Minubi\n|-start|p2a: Minubi|move: Taunt\n|cant|p2a: Minubi|move: Taunt|Will-O-Wisp\n|\n|-weather|Snowscape|[upkeep]\n|upkeep\n|turn|2\n|\n|t:|1788398137\n|move|p1a: Ice Queen devil|Blizzard|p2b: Roclee|[spread] p2a,p2b\n|-resisted|p2a: Minubi|1\n|-supereffective|p2b: Roclee|2\n|-damage|p2a: Minubi|78/100\n|-enditem|p2b: Roclee|Focus Sash\n|-damage|p2b: Roclee|1/100\n|move|p1b: Venom rogue|Close Combat|p2a: Minubi\n|-damage|p2a: Minubi|14/100\n|-unboost|p1b: Venom rogue|def|1\n|-unboost|p1b: Venom rogue|spd|1\n|-enditem|p2a: Minubi|Sitrus Berry|[eat]\n|-heal|p2a: Minubi|39/100|[from] item: Sitrus Berry\n|-enditem|p1b: Venom rogue|White Herb\n|-clearnegativeboost|p1b: Venom rogue|[silent]\n|move|p2b: Roclee|Earthquake|p1b: Venom rogue|[spread] p1a,p1b\n|-immune|p2a: Minubi|[from] ability: Levitate\n|-supereffective|p1b: Venom rogue|1\n|-damage|p1a: Ice Queen devil|64/100\n|-damage|p1b: Venom rogue|0 fnt\n|faint|p1b: Venom rogue\n|move|p2a: Minubi|Discharge|p1a: Ice Queen devil|[spread] p1a\n|-immune|p2b: Roclee\n|-damage|p1a: Ice Queen devil|29/100\n|\n|-weather|Snowscape|[upkeep]\n|upkeep\n|\n|t:|1788398172\n|switch|p1b: Alluring mermaid|Primarina, L50, M|100/100\n|turn|3\n|\n|t:|1788398211\n|move|p2b: Roclee|Protect|p2b: Roclee\n|-singleturn|p2b: Roclee|Protect\n|move|p1a: Ice Queen devil|Blizzard|p2a: Minubi|[spread] p2a\n|-activate|p2b: Roclee|move: Protect\n|-resisted|p2a: Minubi|1\n|-damage|p2a: Minubi|18/100\n|move|p2a: Minubi|Discharge|p1a: Ice Queen devil|[spread] p1a,p1b\n|-activate|p2b: Roclee|move: Protect\n|-supereffective|p1b: Alluring mermaid|1\n|-damage|p1a: Ice Queen devil|0 fnt\n|-damage|p1b: Alluring mermaid|54/100\n|faint|p1a: Ice Queen devil\n|move|p1b: Alluring mermaid|Moonblast|p2a: Minubi\n|-damage|p2a: Minubi|0 fnt\n|faint|p2a: Minubi\n|\n|-weather|Snowscape|[upkeep]\n|-heal|p1b: Alluring mermaid|60/100|[from] item: Leftovers\n|upkeep\n|j| Br4ndonR\n|c| Br4ndonR|Shy what happen\n|\n|t:|1788398240\n|switch|p1a: Desert thug|Krookodile, L50, F|100/100\n|switch|p2a: Golda|Tinkaton, L50, F|100/100\n|-ability|p1a: Desert thug|Intimidate|boost\n|-unboost|p2a: Golda|atk|1\n|-fail|p2b: Roclee|unboost|atk|[from] ability: Hyper Cutter|[of] p2b: Roclee\n|-ability|p2a: Golda|Mold Breaker\n|turn|4\n|c| Br4ndonR|Ese w perdió contra una lombriz\n|\n|t:|1788398317\n|move|p2a: Golda|Fake Out|p1a: Desert thug\n|-damage|p1a: Desert thug|90/100\n|cant|p1a: Desert thug|flinch\n|move|p2b: Roclee|Dual Wingbeat|p1b: Alluring mermaid\n|-damage|p1b: Alluring mermaid|38/100\n|-damage|p1b: Alluring mermaid|17/100\n|-hitcount|p1b: Alluring mermaid|2\n|move|p1b: Alluring mermaid|Hyper Voice|p2a: Golda|[spread] p2a,p2b\n|-crit|p2a: Golda\n|-supereffective|p2b: Roclee|1\n|-damage|p2a: Golda|47/100\n|-damage|p2b: Roclee|0 fnt\n|faint|p2b: Roclee\n|\n|-weather|Snowscape|[upkeep]\n|-heal|p1b: Alluring mermaid|23/100|[from] item: Leftovers\n|upkeep\n|\n|t:|1788398332\n|switch|p2b: Eustaquio|Sceptile, L50, M|100/100\n|turn|5\n|\n|t:|1788398375\n|move|p1a: Desert thug|Rock Slide|p2a: Golda|[spread] p2a,p2b\n|-resisted|p2a: Golda|1\n|-crit|p2a: Golda\n|-damage|p2a: Golda|30/100\n|-damage|p2b: Eustaquio|68/100\n|move|p2b: Eustaquio|Energy Ball|p1b: Alluring mermaid\n|-supereffective|p1b: Alluring mermaid|1\n|-damage|p1b: Alluring mermaid|0 fnt\n|faint|p1b: Alluring mermaid\n|move|p2a: Golda|Play Rough|p1a: Desert thug\n|-supereffective|p1a: Desert thug|1\n|-damage|p1a: Desert thug|26/100\n|\n|-weather|none\n|upkeep\n|turn|6\n|c|☆rodbeingshy|Gg\n|\n|t:|1788398410\n|move|p1a: Desert thug|Rock Slide|p2a: Golda|[spread] p2a,p2b\n|-resisted|p2a: Golda|1\n|-crit|p2a: Golda\n|-damage|p2a: Golda|11/100\n|-damage|p2b: Eustaquio|34/100\n|move|p2b: Eustaquio|Energy Ball|p1a: Desert thug\n|-supereffective|p1a: Desert thug|1\n|-damage|p1a: Desert thug|0 fnt\n|faint|p1a: Desert thug\n|\n|win|NewBurru\n|j| Vikin\n||rodbeingshy is ready for game 3.\n|l| Vikin\n|c|☆NewBurru|Como estamsos con los criticos\n|inactive|NewBurru has 30 seconds to confirm battle start!\n||NewBurru is ready for game 3.\n|uhtml|next|Next: <a href=\"/battle-gen9championsvgc2026regmb-2674737899\"><strong>Game 3 of 3</strong></a>\n|c| Br4ndonR|Ggs\n|l|☆rodbeingshy\n|player|p1|\n|l|☆NewBurru\n|player|p2|\n|l| Br4ndonR\n|l| Laushz\n|j|☆rodbeingshy\n|player|p1|rodbeingshy|roxie|\n","uploadtime":1788399013,"views":"1","formatid":"gen9championsvgc2026regmb","rating":null,"private":0,"password":null}