{"id":"gen9championsvgc2026regmbbo3-2674258148","format":"[Gen 9 Champions] VGC 2026 Reg M-B (Bo3)","players":["showerpiss","lunalotll"],"log":"|j|☆showerpiss\n|j|☆lunalotll\n|html|<table width=\"100%\"><tr><td align=\"left\">showerpiss</td><td align=\"right\">lunalotll</tr><tr><td align=\"left\"><i class=\"fa fa-circle\"></i> <i class=\"fa fa-circle-o\"></i> </td><td align=\"right\"><i class=\"fa fa-circle-o\"></i> <i class=\"fa fa-circle\"></i> </tr></table>\n|uhtml|bestof|<h2><strong>Game 3</strong> of <a href=\"/game-bestof3-gen9championsvgc2026regmbbo3-2674255741\">a best-of-3</a></h2>\n|t:|1788325102\n|gametype|doubles\n|player|p1|showerpiss|clerk|1281\n|player|p2|lunalotll|lana|1314\n|gen|9\n|tier|[Gen 9 Champions] VGC 2026 Reg M-B (Bo3)\n|rated|\n|rule|Species Clause: Limit one of each Pokémon\n|rule|Item Clause: Limit 1 of each item\n|clearpoke\n|poke|p1|Delphox, L50, M, shiny|\n|poke|p1|Blastoise, L50, M|\n|poke|p1|Sinistcha, L50|\n|poke|p1|Incineroar, L50, F|\n|poke|p1|Kingambit, L50, M|\n|poke|p1|Sneasler, L50, M|\n|poke|p2|Venusaur, L50, F|\n|poke|p2|Primarina, L50, F|\n|poke|p2|Kingambit, L50, M|\n|poke|p2|Farigiraf, L50, M|\n|poke|p2|Torkoal, L50, F|\n|poke|p2|Blaziken, L50, M|\n|teampreview|4\n|showteam|p1|Delphox||Delphoxite|Blaze|HeatWave,Psychic,NastyPlot,Protect|Timid||M|||50|]Blastoise||Blastoisinite|Torrent|WaterSpout,DarkPulse,ShellSmash,Protect|Modest||M|||50|]Sinistcha||ColburBerry|Hospitality|MatchaGotcha,LifeDew,RagePowder,TrickRoom|Sassy|||||50|]Incineroar||SitrusBerry|Intimidate|FlareBlitz,DarkestLariat,FakeOut,PartingShot|Adamant||F|||50|]Kingambit||LifeOrb|Defiant|KowtowCleave,SuckerPunch,SwordsDance,Protect|Adamant||M|||50|]Sneasler||FocusSash|PoisonTouch|DireClaw,CloseCombat,FakeOut,QuickGuard|Jolly||M|||50|\n|showteam|p2|Venusaur||OccaBerry|Chlorophyll|LeafStorm,SludgeBomb,SleepPowder,Protect|Timid||F|||50|]Primarina||LifeOrb|LiquidVoice|HyperVoice,Moonblast,AquaJet,Protect|Quiet||F|||50|]Kingambit||FocusSash|Defiant|KowtowCleave,IronHead,SuckerPunch,Protect|Adamant||M|||50|]Farigiraf||SitrusBerry|ArmorTail|Psychic,Thunderbolt,TrickRoom,Protect|Bold||M|||50|]Torkoal||Charcoal|Drought|Eruption,WeatherBall,HelpingHand,Protect|Quiet||F|||50|]Blaziken||Blazikenite|SpeedBoost|FlareBlitz,CloseCombat,RockSlide,Detect|Adamant||M|||50|\n|inactive|Battle timer is ON: inactive players will automatically lose when time's up. (requested by showerpiss)\n|inactive|lunalotll also wants the timer to be on.\n|\n|t:|1788325130\n|teamsize|p1|4\n|teamsize|p2|4\n|start\n|switch|p1a: Delphox|Delphox, L50, M, shiny|100/100\n|switch|p1b: Incineroar|Incineroar, L50, F|100/100\n|switch|p2a: Kingambit|Kingambit, L50, M|100/100\n|switch|p2b: Blaziken|Blaziken, L50, M|100/100\n|-ability|p1b: Incineroar|Intimidate|boost\n|-unboost|p2a: Kingambit|atk|1\n|-ability|p2a: Kingambit|Defiant|boost\n|-boost|p2a: Kingambit|atk|2\n|-unboost|p2b: Blaziken|atk|1\n|turn|1\n|inactive|showerpiss has 30 seconds left.\n|inactive|showerpiss has 20 seconds left.\n|inactive|showerpiss has 15 seconds left.\n|\n|t:|1788325172\n|switch|p2b: Farigiraf|Farigiraf, L50, M|100/100\n|detailschange|p1a: Delphox|Delphox-Mega, L50, M, shiny\n|-mega|p1a: Delphox|Delphox|Delphoxite\n|move|p1a: Delphox|Heat Wave|p2a: Kingambit|[spread] p2a\n|-miss|p1a: Delphox|p2b: Farigiraf\n|-supereffective|p2a: Kingambit|1\n|-damage|p2a: Kingambit|12/100\n|-status|p2a: Kingambit|brn\n|move|p1b: Incineroar|Flare Blitz|p2a: Kingambit\n|-supereffective|p2a: Kingambit|1\n|-damage|p2a: Kingambit|0 fnt\n|faint|p2a: Kingambit\n|-damage|p1b: Incineroar|96/100|[from] Recoil\n|\n|upkeep\n|\n|t:|1788325187\n|switch|p2a: Primarina|Primarina, L50, F|100/100\n|turn|2\n|inactive|lunalotll has 30 seconds left.\n|inactive|showerpiss has 30 seconds left.\n|\n|t:|1788325217\n|move|p1a: Delphox|Psychic|p2a: Primarina\n|-damage|p2a: Primarina|51/100\n|move|p1b: Incineroar|Parting Shot|p2b: Farigiraf\n|-unboost|p2b: Farigiraf|atk|1\n|-unboost|p2b: Farigiraf|spa|1\n|\n|t:|1788325220\n|switch|p1b: Sinistcha|Sinistcha, L50|100/100|[from] Parting Shot\n|move|p2b: Farigiraf|Thunderbolt|p1a: Delphox\n|-damage|p1a: Delphox|85/100\n|move|p2a: Primarina|Hyper Voice|p1a: Delphox|[spread] p1a,p1b\n|-supereffective|p1a: Delphox|1\n|-resisted|p1b: Sinistcha|1\n|-damage|p1a: Delphox|0 fnt\n|-damage|p1b: Sinistcha|79/100\n|faint|p1a: Delphox\n|-damage|p2a: Primarina|42/100|[from] item: Life Orb\n|\n|upkeep\n|\n|t:|1788325229\n|switch|p1a: Incineroar|Incineroar, L50, F|96/100\n|-ability|p1a: Incineroar|Intimidate|boost\n|-unboost|p2a: Primarina|atk|1\n|-unboost|p2b: Farigiraf|atk|1\n|turn|3\n|\n|t:|1788325247\n|switch|p2a: Blaziken|Blaziken, L50, M|100/100\n|move|p2b: Farigiraf|Protect|p2b: Farigiraf\n|-singleturn|p2b: Farigiraf|Protect\n|move|p1a: Incineroar|Darkest Lariat|p2b: Farigiraf\n|-activate|p2b: Farigiraf|move: Protect\n|move|p1b: Sinistcha|Matcha Gotcha|p2b: Farigiraf|[spread] p2a\n|-activate|p2b: Farigiraf|move: Protect\n|-resisted|p2a: Blaziken|1\n|-damage|p2a: Blaziken|82/100\n|-heal|p1b: Sinistcha|87/100|[from] drain|[of] p2a: Blaziken\n|\n|upkeep\n|turn|4\n|inactive|showerpiss has 30 seconds left.\n|\n|t:|1788325281\n|switch|p1b: Sneasler|Sneasler, L50, M|100/100\n|switch|p2b: Primarina|Primarina, L50, F|42/100\n|detailschange|p2a: Blaziken|Blaziken-Mega, L50, M\n|-mega|p2a: Blaziken|Blaziken|Blazikenite\n|move|p2a: Blaziken|Flare Blitz|p1b: Sneasler\n|-enditem|p1b: Sneasler|Focus Sash\n|-damage|p1b: Sneasler|1/100\n|-damage|p2a: Blaziken|49/100|[from] Recoil\n|move|p1a: Incineroar|Parting Shot|p2a: Blaziken\n|-unboost|p2a: Blaziken|atk|1\n|-unboost|p2a: Blaziken|spa|1\n|\n|t:|1788325287\n|switch|p1a: Sinistcha|Sinistcha, L50|87/100|[from] Parting Shot\n|-heal|p1b: Sneasler|25/100|[from] ability: Hospitality|[of] p1a: Sinistcha\n|\n|-ability|p2a: Blaziken|Speed Boost|boost\n|-boost|p2a: Blaziken|spe|1\n|upkeep\n|turn|5\n|\n|t:|1788325309\n|switch|p2b: Farigiraf|Farigiraf, L50, M|100/100\n|move|p1a: Sinistcha|Rage Powder|p1a: Sinistcha\n|-singleturn|p1a: Sinistcha|move: Rage Powder\n|move|p2a: Blaziken|Flare Blitz|p1a: Sinistcha\n|-supereffective|p1a: Sinistcha|1\n|-damage|p1a: Sinistcha|0 fnt\n|faint|p1a: Sinistcha\n|-damage|p2a: Blaziken|17/100|[from] Recoil\n|move|p1b: Sneasler|Dire Claw|p2b: Farigiraf\n|-damage|p2b: Farigiraf|66/100\n|-status|p2b: Farigiraf|slp\n|\n|-ability|p2a: Blaziken|Speed Boost|boost\n|-boost|p2a: Blaziken|spe|1\n|upkeep\n|\n|t:|1788325311\n|switch|p1a: Incineroar|Incineroar, L50, F|96/100\n|-ability|p1a: Incineroar|Intimidate|boost\n|-unboost|p2a: Blaziken|atk|1\n|-unboost|p2b: Farigiraf|atk|1\n|turn|6\n|\n|t:|1788325337\n|cant|p2b: Farigiraf|slp\n|move|p2a: Blaziken|Flare Blitz|p1b: Sneasler\n|-damage|p1b: Sneasler|0 fnt\n|faint|p1b: Sneasler\n|-damage|p2a: Blaziken|8/100|[from] Recoil\n|move|p1a: Incineroar|Darkest Lariat|p2b: Farigiraf\n|-supereffective|p2b: Farigiraf|1\n|-damage|p2b: Farigiraf|11/100 slp\n|-enditem|p2b: Farigiraf|Sitrus Berry|[eat]\n|-heal|p2b: Farigiraf|35/100 slp|[from] item: Sitrus Berry\n|\n|-ability|p2a: Blaziken|Speed Boost|boost\n|-boost|p2a: Blaziken|spe|1\n|upkeep\n|turn|7\n|\n|t:|1788325356\n|move|p2a: Blaziken|Close Combat|p1a: Incineroar\n|-supereffective|p1a: Incineroar|1\n|-damage|p1a: Incineroar|21/100\n|-unboost|p2a: Blaziken|def|1\n|-unboost|p2a: Blaziken|spd|1\n|-enditem|p1a: Incineroar|Sitrus Berry|[eat]\n|-heal|p1a: Incineroar|46/100|[from] item: Sitrus Berry\n|move|p1a: Incineroar|Darkest Lariat|p2b: Farigiraf\n|-supereffective|p2b: Farigiraf|1\n|-damage|p2b: Farigiraf|0 fnt\n|faint|p2b: Farigiraf\n|\n|-ability|p2a: Blaziken|Speed Boost|boost\n|-boost|p2a: Blaziken|spe|1\n|upkeep\n|\n|t:|1788325365\n|switch|p2b: Primarina|Primarina, L50, F|42/100\n|turn|8\n|\n|t:|1788325370\n|move|p2a: Blaziken|Close Combat|p1a: Incineroar\n|-supereffective|p1a: Incineroar|1\n|-damage|p1a: Incineroar|0 fnt\n|-unboost|p2a: Blaziken|def|1\n|-unboost|p2a: Blaziken|spd|1\n|faint|p1a: Incineroar\n|\n|win|lunalotll\n|raw|showerpiss's rating: 1281 &rarr; <strong>1258</strong><br />(-23 for losing)\n|raw|lunalotll's rating: 1314 &rarr; <strong>1332</strong><br />(+18 for winning)\n","uploadtime":1788325370,"views":"0","formatid":"gen9championsvgc2026regmbbo3","rating":1258,"private":0,"password":null}