{"id":"gen9championsvgc2026regmbbo3-2674492727","format":"[Gen 9 Champions] VGC 2026 Reg M-B (Bo3)","players":["trevyah","i love all turtles"],"log":"|j|☆trevyah\n|j|☆i love all turtles\n|html|<table width=\"100%\"><tr><td align=\"left\">trevyah</td><td align=\"right\">i love all turtles</tr><tr><td align=\"left\"><i class=\"fa fa-circle\"></i> <i class=\"fa fa-circle-o\"></i> </td><td align=\"right\"><i class=\"fa fa-circle-o\"></i> <i class=\"fa fa-circle\"></i> </tr></table>\n|uhtml|bestof|<h2><strong>Game 3</strong> of <a href=\"/game-bestof3-gen9championsvgc2026regmbbo3-2674489991\">a best-of-3</a></h2>\n|t:|1788366231\n|gametype|doubles\n|player|p1|trevyah|1|1470\n|player|p2|i love all turtles|ethan|1445\n|gen|9\n|tier|[Gen 9 Champions] VGC 2026 Reg M-B (Bo3)\n|rated|\n|rule|Species Clause: Limit one of each Pokémon\n|rule|Item Clause: Limit 1 of each item\n|clearpoke\n|poke|p1|Blaziken, L50, M|\n|poke|p1|Venusaur, L50, F|\n|poke|p1|Torkoal, L50, M|\n|poke|p1|Kingambit, L50, M|\n|poke|p1|Farigiraf, L50, F|\n|poke|p1|Primarina, L50, M|\n|poke|p2|Whimsicott, L50, F|\n|poke|p2|Basculegion, L50, M|\n|poke|p2|Floette-Eternal, L50, F|\n|poke|p2|Dragonite, L50, M|\n|poke|p2|Sneasler, L50, M|\n|poke|p2|Kingambit, L50, M|\n|teampreview|4\n|showteam|p1|Blaziken||Blazikenite|SpeedBoost|CloseCombat,FlareBlitz,RockSlide,Detect|Adamant||M|||50|]Venusaur||Venusaurite|Chlorophyll|SludgeBomb,EarthPower,GigaDrain,SleepPowder|Modest||F|||50|]Torkoal||Charcoal|Drought|Eruption,HeatWave,HelpingHand,Protect|Quiet||M|||50|]Kingambit||FocusSash|Defiant|KowtowCleave,IronHead,SuckerPunch,Protect|Adamant||M|||50|]Farigiraf||SitrusBerry|ArmorTail|Psychic,Thunderbolt,TrickRoom,Protect|Bold||F|||50|]Primarina||LifeOrb|LiquidVoice|Moonblast,HyperVoice,AquaJet,Protect|Quiet||M|||50|\n|showteam|p2|Whimsicott||FocusSash|Prankster|Moonblast,Tailwind,Encore,Protect|Timid||F|||50|]Basculegion||LifeOrb|Adaptability|WaveCrash,LastRespects,AquaJet,Protect|Adamant||M|||50|]Floette-Eternal||Floettite|FlowerVeil|Moonblast,DazzlingGleam,LightofRuin,Protect|Timid||F|||50|]Dragonite||Dragoninite|InnerFocus|DragonPulse,HeatWave,Thunderbolt,Protect|Modest||M|||50|]Sneasler||WhiteHerb|Unburden|DireClaw,CloseCombat,RockSlide,FakeOut|Jolly||M|||50|]Kingambit||ChopleBerry|Defiant|KowtowCleave,IronHead,LowKick,SuckerPunch|Adamant||M|||50|\n|inactive|Battle timer is ON: inactive players will automatically lose when time's up. (requested by i love all turtles)\n|\n|t:|1788366260\n|teamsize|p1|4\n|teamsize|p2|4\n|start\n|switch|p1a: Venusaur|Venusaur, L50, F|100/100\n|switch|p1b: Farigiraf|Farigiraf, L50, F|100/100\n|switch|p2a: Dragonite|Dragonite, L50, M|100/100\n|switch|p2b: Sneasler|Sneasler, L50, M|100/100\n|turn|1\n|\n|t:|1788366274\n|detailschange|p2a: Dragonite|Dragonite-Mega, L50, M\n|-mega|p2a: Dragonite|Dragonite|Dragoninite\n|detailschange|p1a: Venusaur|Venusaur-Mega, L50, F\n|-mega|p1a: Venusaur|Venusaur|Venusaurite\n|move|p2b: Sneasler|Rock Slide|p1b: Farigiraf|[spread] p1a,p1b\n|-damage|p1a: Venusaur|84/100\n|-damage|p1b: Farigiraf|85/100\n|move|p2a: Dragonite|Heat Wave|p1a: Venusaur|[spread] p1a,p1b\n|-supereffective|p1a: Venusaur|1\n|-damage|p1a: Venusaur|60/100\n|-damage|p1b: Farigiraf|56/100\n|move|p1a: Venusaur|Earth Power|p2b: Sneasler\n|-supereffective|p2b: Sneasler|1\n|-damage|p2b: Sneasler|14/100\n|move|p1b: Farigiraf|Trick Room|p1b: Farigiraf\n|-fieldstart|move: Trick Room|[of] p1b: Farigiraf\n|\n|upkeep\n|turn|2\n|inactive|i love all turtles has 30 seconds left.\n|\n|t:|1788366301\n|switch|p1a: Primarina|Primarina, L50, M|100/100\n|move|p1b: Farigiraf|Thunderbolt|p2b: Sneasler\n|-damage|p2b: Sneasler|0 fnt\n|faint|p2b: Sneasler\n|move|p2a: Dragonite|Heat Wave|p1b: Farigiraf|[spread] p1a,p1b\n|-resisted|p1a: Primarina|1\n|-damage|p1a: Primarina|88/100\n|-damage|p1b: Farigiraf|25/100\n|-enditem|p1b: Farigiraf|Sitrus Berry|[eat]\n|-heal|p1b: Farigiraf|50/100g|[from] item: Sitrus Berry\n|\n|upkeep\n|\n|t:|1788366314\n|switch|p2b: Kingambit|Kingambit, L50, M|100/100\n|turn|3\n|\n|t:|1788366323\n|switch|p1b: Torkoal|Torkoal, L50, M|100/100\n|-weather|SunnyDay|[from] ability: Drought|[of] p1b: Torkoal\n|move|p1a: Primarina|Moonblast|p2a: Dragonite\n|-supereffective|p2a: Dragonite|1\n|-damage|p2a: Dragonite|41/100\n|-damage|p1a: Primarina|79/100|[from] item: Life Orb\n|move|p2b: Kingambit|Iron Head|p1a: Primarina\n|-damage|p1a: Primarina|28/100\n|move|p2a: Dragonite|Thunderbolt|p1a: Primarina\n|-supereffective|p1a: Primarina|1\n|-damage|p1a: Primarina|0 fnt\n|faint|p1a: Primarina\n|\n|-weather|SunnyDay|[upkeep]\n|upkeep\n|\n|t:|1788366336\n|switch|p1a: Venusaur|Venusaur-Mega, L50, F|60/100\n|turn|4\n|\n|t:|1788366347\n|move|p2a: Dragonite|Protect|p2a: Dragonite\n|-singleturn|p2a: Dragonite|Protect\n|move|p2b: Kingambit|Sucker Punch|p1a: Venusaur\n|-damage|p1a: Venusaur|28/100\n|move|p1b: Torkoal|Eruption|p2b: Kingambit|[spread] p2b\n|-activate|p2a: Dragonite|move: Protect\n|-supereffective|p2b: Kingambit|1\n|-damage|p2b: Kingambit|0 fnt\n|faint|p2b: Kingambit\n|move|p1a: Venusaur|Sludge Bomb|p2a: Dragonite\n|-activate|p2a: Dragonite|move: Protect\n|\n|-weather|SunnyDay|[upkeep]\n|upkeep\n|\n|t:|1788366349\n|switch|p2b: Basculegion|Basculegion, L50, M|100/100\n|turn|5\n|\n|t:|1788366354\n|move|p2b: Basculegion|Protect|p2b: Basculegion\n|-singleturn|p2b: Basculegion|Protect\n|move|p2a: Dragonite|Protect||[still]\n|-fail|p2a: Dragonite\n|move|p1b: Torkoal|Eruption|p2b: Basculegion|[spread] p2a\n|-activate|p2b: Basculegion|move: Protect\n|-resisted|p2a: Dragonite|1\n|-damage|p2a: Dragonite|5/100\n|move|p1a: Venusaur|Giga Drain|p2a: Dragonite\n|-resisted|p2a: Dragonite|2\n|-damage|p2a: Dragonite|0 fnt\n|-heal|p1a: Venusaur|31/100|[from] drain|[of] p2a: Dragonite\n|faint|p2a: Dragonite\n|\n|-weather|SunnyDay|[upkeep]\n|-fieldend|move: Trick Room\n|upkeep\n|turn|6\n|\n|t:|1788366371\n|move|p2b: Basculegion|Last Respects|p1a: Venusaur\n|-damage|p1a: Venusaur|0 fnt\n|faint|p1a: Venusaur\n|-damage|p2b: Basculegion|90/100|[from] item: Life Orb\n|move|p1b: Torkoal|Eruption|p2b: Basculegion\n|-resisted|p2b: Basculegion|1\n|-damage|p2b: Basculegion|20/100y\n|\n|-weather|SunnyDay|[upkeep]\n|upkeep\n|\n|t:|1788366374\n|switch|p1a: Farigiraf|Farigiraf, L50, F|50/100g\n|turn|7\n|\n|t:|1788366378\n|move|p2b: Basculegion|Last Respects|p1b: Torkoal\n|-damage|p1b: Torkoal|0 fnt\n|faint|p1b: Torkoal\n|-damage|p2b: Basculegion|10/100|[from] item: Life Orb\n|move|p1a: Farigiraf|Trick Room|p1a: Farigiraf\n|-fieldstart|move: Trick Room|[of] p1a: Farigiraf\n|\n|-weather|none\n|upkeep\n|turn|8\n|\n|t:|1788366383\n|move|p2b: Basculegion|Protect|p2b: Basculegion\n|-singleturn|p2b: Basculegion|Protect\n|move|p1a: Farigiraf|Thunderbolt|p2b: Basculegion\n|-activate|p2b: Basculegion|move: Protect\n|\n|upkeep\n|turn|9\n|\n|t:|1788366387\n|move|p2b: Basculegion|Protect|p2b: Basculegion\n|-singleturn|p2b: Basculegion|Protect\n|move|p1a: Farigiraf|Psychic|p2b: Basculegion\n|-activate|p2b: Basculegion|move: Protect\n|\n|upkeep\n|turn|10\n|\n|t:|1788366390\n|move|p2b: Basculegion|Protect||[still]\n|-fail|p2b: Basculegion\n|move|p1a: Farigiraf|Psychic|p2b: Basculegion\n|-damage|p2b: Basculegion|0 fnt\n|faint|p2b: Basculegion\n|\n|win|trevyah\n|raw|trevyah's rating: 1470 &rarr; <strong>1489</strong><br />(+19 for winning)\n|raw|i love all turtles's rating: 1445 &rarr; <strong>1426</strong><br />(-19 for losing)\n","uploadtime":1788366390,"views":"2","formatid":"gen9championsvgc2026regmbbo3","rating":1426,"private":0,"password":null}