{"id":"gen9championsvgc2026regmbbo3-2673318685","format":"[Gen 9 Champions] VGC 2026 Reg M-B (Bo3)","players":["riccardofano","humania1"],"log":"|j|☆riccardofano\n|j|☆humania1\n|html|<table width=\"100%\"><tr><td align=\"left\">riccardofano</td><td align=\"right\">humania1</tr><tr><td align=\"left\"><i class=\"fa fa-circle\"></i> <i class=\"fa fa-circle-o\"></i> </td><td align=\"right\"><i class=\"fa fa-circle-o\"></i> <i class=\"fa fa-circle-o\"></i> </tr></table>\n|uhtml|bestof|<h2><strong>Game 2</strong> of <a href=\"/game-bestof3-gen9championsvgc2026regmbbo3-2673317587\">a best-of-3</a></h2>\n|t:|1788182604\n|gametype|doubles\n|player|p1|riccardofano|ruinmaniac|1108\n|player|p2|humania1|170|1018\n|gen|9\n|tier|[Gen 9 Champions] VGC 2026 Reg M-B (Bo3)\n|rated|\n|rule|Species Clause: Limit one of each Pokémon\n|rule|Item Clause: Limit 1 of each item\n|clearpoke\n|poke|p1|Charizard, L50, F|\n|poke|p1|Venusaur, L50, M|\n|poke|p1|Garchomp, L50, M|\n|poke|p1|Sylveon, L50, M|\n|poke|p1|Incineroar, L50, F|\n|poke|p1|Toxapex, L50, M|\n|poke|p2|Blastoise, L50, F|\n|poke|p2|Delphox, L50, M, shiny|\n|poke|p2|Incineroar, L50, F|\n|poke|p2|Sinistcha, L50|\n|poke|p2|Sneasler, L50, M|\n|poke|p2|Vivillon, L50, F|\n|teampreview|4\n|showteam|p1|Charizard||CharizarditeY|SolarPower|HeatWave,WeatherBall,AncientPower,Protect|Modest||F|||50|]Venusaur||LifeOrb|Chlorophyll|SolarBeam,EarthPower,SludgeBomb,Protect|Modest||M|||50|]Garchomp||ChoiceScarf|RoughSkin|DragonClaw,StompingTantrum,Earthquake,RockSlide|Adamant||M|||50|]Sylveon||FairyFeather|Pixilate|HyperVoice,QuickAttack,Yawn,Detect|Modest||M|||50|]Incineroar||SitrusBerry|Intimidate|FlareBlitz,ThroatChop,FakeOut,PartingShot|Impish||F|||50|]Toxapex||Leftovers|Regenerator|Infestation,Toxic,WideGuard,BanefulBunker|Impish||M|||50|\n|showteam|p2|Blastoise||Blastoisinite|Torrent|Protect,ShellSmash,WaterSpout,DarkPulse|Modest||F|||50|]Delphox||Delphoxite|Blaze|Protect,HeatWave,Psyshock,NastyPlot|Timid||M|||50|]Incineroar||PasshoBerry|Intimidate|FakeOut,PartingShot,FlareBlitz,ThroatChop|Impish||F|||50|]Sinistcha||SitrusBerry|Hospitality|Protect,MatchaGotcha,TrickRoom,RagePowder|Bold|||||50|]Sneasler||FocusSash|PoisonTouch|QuickGuard,FakeOut,CloseCombat,DireClaw|Jolly||M|||50|]Vivillon||ChoiceScarf|CompoundEyes|Hurricane,SleepPowder,RagePowder,Uturn|Timid||F|||50|\n|inactive|Battle timer is ON: inactive players will automatically lose when time's up. (requested by humania1)\n|\n|t:|1788182615\n|teamsize|p1|4\n|teamsize|p2|4\n|start\n|switch|p1a: Charizard|Charizard, L50, F|100/100\n|switch|p1b: Garchomp|Garchomp, L50, M|100/100\n|switch|p2a: Blastoise|Blastoise, L50, F|100/100\n|switch|p2b: Delphox|Delphox, L50, M, shiny|100/100\n|turn|1\n|\n|t:|1788182640\n|detailschange|p1a: Charizard|Charizard-Mega-Y, L50, F\n|-mega|p1a: Charizard|Charizard|Charizardite Y\n|-weather|SunnyDay|[from] ability: Drought|[of] p1a: Charizard\n|move|p2b: Delphox|Protect|p2b: Delphox\n|-singleturn|p2b: Delphox|Protect\n|move|p1a: Charizard|Protect|p1a: Charizard\n|-singleturn|p1a: Charizard|Protect\n|move|p1b: Garchomp|Rock Slide|p2a: Blastoise|[spread] p2a\n|-activate|p2b: Delphox|move: Protect\n|-damage|p2a: Blastoise|76/100\n|move|p2a: Blastoise|Water Spout|p1a: Charizard|[spread] p1b\n|-activate|p1a: Charizard|move: Protect\n|-damage|p1b: Garchomp|83/100\n|\n|-weather|SunnyDay|[upkeep]\n|upkeep\n|turn|2\n|\n|t:|1788182660\n|switch|p2b: Incineroar|Incineroar, L50, F|100/100\n|-ability|p2b: Incineroar|Intimidate|boost\n|-unboost|p1a: Charizard|atk|1\n|-unboost|p1b: Garchomp|atk|1\n|move|p1b: Garchomp|Rock Slide|p2b: Incineroar|[spread] p2a,p2b\n|-supereffective|p2b: Incineroar|1\n|-damage|p2a: Blastoise|61/100\n|-damage|p2b: Incineroar|77/100\n|cant|p2a: Blastoise|flinch\n|move|p1a: Charizard|Heat Wave|p2b: Incineroar|[spread] p2b\n|-miss|p1a: Charizard|p2a: Blastoise\n|-resisted|p2b: Incineroar|1\n|-damage|p2b: Incineroar|45/100\n|\n|-weather|SunnyDay|[upkeep]\n|upkeep\n|turn|3\n|j| gugugaga23\n|\n|t:|1788182680\n|switch|p1b: Toxapex|Toxapex, L50, M|100/100\n|move|p2a: Blastoise|Water Spout|p1b: Toxapex|[spread] p1a,p1b\n|-supereffective|p1a: Charizard|1\n|-resisted|p1b: Toxapex|1\n|-damage|p1a: Charizard|77/100\n|-damage|p1b: Toxapex|94/100\n|move|p1a: Charizard|Heat Wave|p2b: Incineroar|[spread] p2a,p2b\n|-resisted|p2a: Blastoise|1\n|-resisted|p2b: Incineroar|1\n|-damage|p2a: Blastoise|27/100\n|-damage|p2b: Incineroar|16/100\n|move|p2b: Incineroar|Flare Blitz|p1a: Charizard\n|-resisted|p1a: Charizard|1\n|-damage|p1a: Charizard|44/100\n|-damage|p2b: Incineroar|6/100|[from] Recoil\n|\n|-weather|SunnyDay|[upkeep]\n|-heal|p1b: Toxapex|100/100|[from] item: Leftovers\n|upkeep\n|turn|4\n|\n|t:|1788182700\n|switch|p2b: Delphox|Delphox, L50, M, shiny|100/100\n|move|p2a: Blastoise|Water Spout|p1b: Toxapex|[spread] p1a,p1b\n|-supereffective|p1a: Charizard|1\n|-resisted|p1b: Toxapex|1\n|-damage|p1a: Charizard|27/100\n|-damage|p1b: Toxapex|96/100\n|move|p1a: Charizard|Heat Wave|p2b: Delphox|[spread] p2a,p2b\n|-resisted|p2a: Blastoise|1\n|-resisted|p2b: Delphox|1\n|-damage|p2a: Blastoise|0 fnt\n|-damage|p2b: Delphox|63/100\n|faint|p2a: Blastoise\n|move|p1b: Toxapex|Infestation|p2b: Delphox\n|-damage|p2b: Delphox|60/100\n|-activate|p2b: Delphox|move: Infestation|[of] p1b: Toxapex\n|\n|-weather|SunnyDay|[upkeep]\n|-heal|p1b: Toxapex|100/100|[from] item: Leftovers\n|-damage|p2b: Delphox|48/100|[from] move: Infestation|[partiallytrapped]\n|upkeep\n|\n|t:|1788182700\n|switch|p2a: Incineroar|Incineroar, L50, F|6/100\n|-ability|p2a: Incineroar|Intimidate|boost\n|-unboost|p1a: Charizard|atk|1\n|-unboost|p1b: Toxapex|atk|1\n|turn|5\n|\n|t:|1788182720\n|switch|p1a: Incineroar|Incineroar, L50, F|100/100\n|-ability|p1a: Incineroar|Intimidate|boost\n|-unboost|p2a: Incineroar|atk|1\n|-unboost|p2b: Delphox|atk|1\n|move|p1b: Toxapex|Baneful Bunker|p1b: Toxapex\n|-singleturn|p1b: Toxapex|move: Protect\n|move|p2b: Delphox|Psyshock|p1b: Toxapex\n|-activate|p1b: Toxapex|move: Protect\n|move|p2a: Incineroar|Flare Blitz|p1a: Incineroar\n|-resisted|p1a: Incineroar|1\n|-damage|p1a: Incineroar|83/100\n|-damage|p2a: Incineroar|1/100|[from] Recoil\n|\n|-weather|none\n|-damage|p2b: Delphox|36/100|[from] move: Infestation|[partiallytrapped]\n|upkeep\n|turn|6\n|\n|t:|1788182741\n|switch|p2a: Sinistcha|Sinistcha, L50|100/100\n|-heal|p2b: Delphox|61/100|[from] ability: Hospitality|[of] p2a: Sinistcha\n|move|p1a: Incineroar|Fake Out|p2b: Delphox\n|-damage|p2b: Delphox|47/100\n|cant|p2b: Delphox|flinch\n|move|p1b: Toxapex|Infestation|p2a: Sinistcha\n|-damage|p2a: Sinistcha|96/100\n|-activate|p2a: Sinistcha|move: Infestation|[of] p1b: Toxapex\n|\n|-damage|p2b: Delphox|35/100|[from] move: Infestation|[partiallytrapped]\n|-damage|p2a: Sinistcha|84/100|[from] move: Infestation|[partiallytrapped]\n|upkeep\n|turn|7\n|\n|t:|1788182758\n|move|p2a: Sinistcha|Protect|p2a: Sinistcha\n|-singleturn|p2a: Sinistcha|Protect\n|move|p1b: Toxapex|Baneful Bunker|p1b: Toxapex\n|-singleturn|p1b: Toxapex|move: Protect\n|move|p2b: Delphox|Psyshock|p1b: Toxapex\n|-activate|p1b: Toxapex|move: Protect\n|move|p1a: Incineroar|Flare Blitz|p2a: Sinistcha\n|-activate|p2a: Sinistcha|move: Protect\n|\n|-damage|p2b: Delphox|23/100|[from] move: Infestation|[partiallytrapped]\n|-damage|p2a: Sinistcha|71/100|[from] move: Infestation|[partiallytrapped]\n|upkeep\n|turn|8\n|\n|t:|1788182774\n|switch|p2a: Incineroar|Incineroar, L50, F|1/100\n|-ability|p2a: Incineroar|Intimidate|boost\n|-unboost|p1a: Incineroar|atk|1\n|-unboost|p1b: Toxapex|atk|1\n|switch|p1b: Charizard|Charizard-Mega-Y, L50, F|27/100\n|-weather|SunnyDay|[from] ability: Drought|[of] p1b: Charizard\n|move|p2b: Delphox|Psyshock|p1b: Charizard\n|-damage|p1b: Charizard|0 fnt\n|faint|p1b: Charizard\n|move|p1a: Incineroar|Throat Chop|p2b: Delphox\n|-supereffective|p2b: Delphox|1\n|-damage|p2b: Delphox|0 fnt\n|faint|p2b: Delphox\n|\n|-weather|SunnyDay|[upkeep]\n|upkeep\n|\n|t:|1788182790\n|switch|p2b: Sinistcha|Sinistcha, L50|71/100\n|switch|p1b: Garchomp|Garchomp, L50, M|83/100\n|-heal|p2a: Incineroar|25/100|[from] ability: Hospitality|[of] p2b: Sinistcha\n|turn|9\n|\n|t:|1788182799\n|move|p1b: Garchomp|Stomping Tantrum|p2a: Incineroar\n|-supereffective|p2a: Incineroar|1\n|-damage|p2a: Incineroar|0 fnt\n|faint|p2a: Incineroar\n|move|p1a: Incineroar|Flare Blitz|p2b: Sinistcha\n|-supereffective|p2b: Sinistcha|1\n|-damage|p2b: Sinistcha|0 fnt\n|faint|p2b: Sinistcha\n|-damage|p1a: Incineroar|62/100|[from] Recoil\n|\n|win|riccardofano\n|raw|riccardofano's rating: 1108 &rarr; <strong>1127</strong><br />(+19 for winning)\n|raw|humania1's rating: 1018 &rarr; <strong>1009</strong><br />(-9 for losing)\n","uploadtime":1788182799,"views":"1","formatid":"gen9championsvgc2026regmbbo3","rating":1009,"private":0,"password":null}