{"id":"gen9championsvgc2026regmbbo3-2675039205","format":"[Gen 9 Champions] VGC 2026 Reg M-B (Bo3)","players":["okkia3","dynopin15"],"log":"|j|☆okkia3\n|j|☆dynopin15\n|html|<table width=\"100%\"><tr><td align=\"left\">okkia3</td><td align=\"right\">dynopin15</tr><tr><td align=\"left\"><i class=\"fa fa-circle-o\"></i> <i class=\"fa fa-circle-o\"></i> </td><td align=\"right\"><i class=\"fa fa-circle-o\"></i> <i class=\"fa fa-circle-o\"></i> </tr></table>\n|uhtml|bestof|<h2><strong>Game 1</strong> of <a href=\"/game-bestof3-gen9championsvgc2026regmbbo3-2675039204\">a best-of-3</a></h2>\n|t:|1788451746\n|gametype|doubles\n|player|p1|okkia3|102|1169\n|player|p2|dynopin15|ghetsis|1065\n|gen|9\n|tier|[Gen 9 Champions] VGC 2026 Reg M-B (Bo3)\n|rated|\n|rule|Species Clause: Limit one of each Pokémon\n|rule|Item Clause: Limit 1 of each item\n|clearpoke\n|poke|p1|Charizard, L50, M|\n|poke|p1|Whimsicott, L50, F|\n|poke|p1|Basculegion, L50, M|\n|poke|p1|Farigiraf, L50, F|\n|poke|p1|Kangaskhan, L50, F|\n|poke|p1|Sneasler, L50, M|\n|poke|p2|Tyranitar, L50, M|\n|poke|p2|Excadrill, L50, F|\n|poke|p2|Milotic, L50, F|\n|poke|p2|Sinistcha, L50|\n|poke|p2|Staraptor, L50, M|\n|poke|p2|Gholdengo, L50|\n|teampreview|4\n|showteam|p1|Charizard||CharizarditeY|SolarPower|WeatherBall,HeatWave,SolarBeam,Protect|Timid||M|||50|]Whimsicott||FocusSash|Prankster|Moonblast,Tailwind,SunnyDay,Encore|Timid||F|||50|]Basculegion||ChoiceScarf|Adaptability|WaveCrash,AquaJet,LastRespects,FlipTurn|Adamant||M|||50|]Farigiraf||SitrusBerry|ArmorTail|Psychic,HyperVoice,HelpingHand,TrickRoom|Modest||F|||50|]Kangaskhan||Kangaskhanite|Scrappy|FakeOut,DoubleEdge,DrainPunch,SuckerPunch|Adamant||F|||50|]Sneasler||WhiteHerb|Unburden|FakeOut,CloseCombat,DireClaw,RockTomb|Adamant||M|||50|\n|showteam|p2|Tyranitar||Tyranitarite|SandStream|RockSlide,KnockOff,HighHorsepower,Protect|Jolly||M|||50|]Excadrill||FocusSash|SandRush|IronHead,HighHorsepower,RockSlide,Protect|Jolly||F|||50|]Milotic||SitrusBerry|Competitive|Scald,IceBeam,IcyWind,Protect|Calm||F|||50|]Sinistcha||ColburBerry|Hospitality|MatchaGotcha,TrickRoom,Protect,RagePowder|Bold|||||50|]Staraptor||Staraptite|Intimidate|CloseCombat,BraveBird,Tailwind,Protect|Jolly||M|||50|]Gholdengo||LifeOrb|GoodasGold|ShadowBall,MakeItRain,NastyPlot,Protect|Modest|||||50|\n|inactive|Battle timer is ON: inactive players will automatically lose when time's up. (requested by dynopin15)\n|inactive|okkia3 also wants the timer to be on.\n|inactive|dynopin15 has 60 seconds left.\n|\n|t:|1788451777\n|teamsize|p1|4\n|teamsize|p2|4\n|start\n|switch|p1a: Charizard|Charizard, L50, M|100/100\n|switch|p1b: Basculegion|Basculegion, L50, M|100/100\n|switch|p2a: Tyranitar|Tyranitar, L50, M|100/100\n|switch|p2b: Sinistcha|Sinistcha, L50|100/100\n|-weather|Sandstorm|[from] ability: Sand Stream|[of] p2a: Tyranitar\n|turn|1\n|\n|t:|1788451800\n|switch|p1a: Whimsicott|Whimsicott, L50, F|100/100\n|detailschange|p2a: Tyranitar|Tyranitar-Mega, L50, M\n|-mega|p2a: Tyranitar|Tyranitar|Tyranitarite\n|move|p2b: Sinistcha|Rage Powder|p2b: Sinistcha\n|-singleturn|p2b: Sinistcha|move: Rage Powder\n|move|p1b: Basculegion|Wave Crash|p2b: Sinistcha\n|-resisted|p2b: Sinistcha|1\n|-damage|p2b: Sinistcha|65/100\n|-damage|p1b: Basculegion|89/100|[from] Recoil\n|move|p2a: Tyranitar|Rock Slide|p1a: Whimsicott|[spread] p1a,p1b\n|-damage|p1a: Whimsicott|48/100\n|-damage|p1b: Basculegion|52/100\n|\n|-weather|Sandstorm|[upkeep]\n|-damage|p1b: Basculegion|46/100|[from] Sandstorm\n|-damage|p1a: Whimsicott|43/100|[from] Sandstorm\n|-damage|p2b: Sinistcha|59/100|[from] Sandstorm\n|upkeep\n|turn|2\n|\n|t:|1788451822\n|switch|p2a: Gholdengo|Gholdengo, L50|100/100\n|move|p1b: Basculegion|Wave Crash|p2a: Gholdengo\n|-damage|p2a: Gholdengo|30/100\n|-damage|p1b: Basculegion|23/100|[from] Recoil\n|move|p1a: Whimsicott|Moonblast|p2a: Gholdengo\n|-resisted|p2a: Gholdengo|1\n|-damage|p2a: Gholdengo|14/100\n|move|p2b: Sinistcha|Trick Room|p2b: Sinistcha\n|-fieldstart|move: Trick Room|[of] p2b: Sinistcha\n|\n|-weather|Sandstorm|[upkeep]\n|-damage|p2b: Sinistcha|53/100|[from] Sandstorm\n|-damage|p1a: Whimsicott|37/100|[from] Sandstorm\n|-damage|p1b: Basculegion|17/100|[from] Sandstorm\n|upkeep\n|turn|3\n|inactive|dynopin15 has 30 seconds left.\n|\n|t:|1788451853\n|switch|p2b: Staraptor|Staraptor, L50, M|100/100\n|-ability|p2b: Staraptor|Intimidate|boost\n|-unboost|p1a: Whimsicott|atk|1\n|-unboost|p1b: Basculegion|atk|1\n|switch|p1b: Farigiraf|Farigiraf, L50, F|100/100\n|move|p2a: Gholdengo|Make It Rain|p1b: Farigiraf|[spread] p1a,p1b\n|-supereffective|p1a: Whimsicott|1\n|-damage|p1a: Whimsicott|0 fnt\n|-damage|p1b: Farigiraf|52/100\n|-unboost|p2a: Gholdengo|spa|2\n|faint|p1a: Whimsicott\n|-damage|p2a: Gholdengo|5/100|[from] item: Life Orb\n|\n|-weather|Sandstorm|[upkeep]\n|-damage|p1b: Farigiraf|46/100|[from] Sandstorm\n|-damage|p2b: Staraptor|94/100|[from] Sandstorm\n|-enditem|p1b: Farigiraf|Sitrus Berry|[eat]\n|-heal|p1b: Farigiraf|71/100|[from] item: Sitrus Berry\n|upkeep\n|\n|t:|1788451853\n|switch|p1a: Basculegion|Basculegion, L50, M|17/100\n|turn|4\n|inactive|dynopin15 has 30 seconds left.\n|\n|t:|1788451886\n|move|p2a: Gholdengo|Protect|p2a: Gholdengo\n|-singleturn|p2a: Gholdengo|Protect\n|move|p1b: Farigiraf|Psychic|p2a: Gholdengo\n|-activate|p2a: Gholdengo|move: Protect\n|move|p2b: Staraptor|Brave Bird|p1a: Basculegion\n|-damage|p1a: Basculegion|0 fnt\n|faint|p1a: Basculegion\n|-damage|p2b: Staraptor|88/100|[from] Recoil\n|\n|-weather|Sandstorm|[upkeep]\n|-damage|p1b: Farigiraf|65/100|[from] Sandstorm\n|-damage|p2b: Staraptor|82/100|[from] Sandstorm\n|upkeep\n|\n|t:|1788451886\n|switch|p1a: Charizard|Charizard, L50, M|100/100\n|turn|5\n|inactive|dynopin15 has 30 seconds left.\n|\n|t:|1788451916\n|detailschange|p1a: Charizard|Charizard-Mega-Y, L50, M\n|-mega|p1a: Charizard|Charizard|Charizardite Y\n|-weather|SunnyDay|[from] ability: Drought|[of] p1a: Charizard\n|move|p2b: Staraptor|Protect|p2b: Staraptor\n|-singleturn|p2b: Staraptor|Protect\n|move|p1b: Farigiraf|Psychic|p2a: Gholdengo\n|-resisted|p2a: Gholdengo|1\n|-damage|p2a: Gholdengo|0 fnt\n|faint|p2a: Gholdengo\n|move|p1a: Charizard|Weather Ball|p2b: Staraptor\n|-activate|p2b: Staraptor|move: Protect\n|\n|-weather|SunnyDay|[upkeep]\n|upkeep\n|\n|t:|1788451932\n|switch|p2a: Tyranitar|Tyranitar-Mega, L50, M|100/100\n|-weather|Sandstorm|[from] ability: Sand Stream|[of] p2a: Tyranitar\n|turn|6\n|\n|t:|1788451942\n|move|p1a: Charizard|Protect|p1a: Charizard\n|-singleturn|p1a: Charizard|Protect\n|move|p1b: Farigiraf|Hyper Voice|p2b: Staraptor|[spread] p2a,p2b\n|-resisted|p2a: Tyranitar|1\n|-damage|p2a: Tyranitar|91/100\n|-damage|p2b: Staraptor|40/100\n|move|p2a: Tyranitar|Rock Slide|p1b: Farigiraf|[spread] p1b\n|-activate|p1a: Charizard|move: Protect\n|-damage|p1b: Farigiraf|35/100\n|move|p2b: Staraptor|Tailwind|p2b: Staraptor\n|-sidestart|p2: dynopin15|move: Tailwind\n|\n|-weather|Sandstorm|[upkeep]\n|-damage|p1b: Farigiraf|29/100|[from] Sandstorm\n|-damage|p1a: Charizard|94/100|[from] Sandstorm\n|-damage|p2b: Staraptor|34/100|[from] Sandstorm\n|-fieldend|move: Trick Room\n|upkeep\n|turn|7\n|\n|t:|1788451961\n|move|p2b: Staraptor|Brave Bird|p1a: Charizard\n|-damage|p1a: Charizard|23/100\n|-damage|p2b: Staraptor|15/100|[from] Recoil\n|move|p2a: Tyranitar|Rock Slide|p1a: Charizard|[spread] p1b\n|-miss|p2a: Tyranitar|p1a: Charizard\n|-damage|p1b: Farigiraf|0 fnt\n|faint|p1b: Farigiraf\n|move|p1a: Charizard|Weather Ball|p2b: Staraptor\n|-supereffective|p2b: Staraptor|1\n|-damage|p2b: Staraptor|0 fnt\n|faint|p2b: Staraptor\n|\n|-weather|Sandstorm|[upkeep]\n|-damage|p1a: Charizard|18/100|[from] Sandstorm\n|upkeep\n|\n|t:|1788451969\n|switch|p2b: Sinistcha|Sinistcha, L50|53/100\n|-heal|p2a: Tyranitar|100/100|[from] ability: Hospitality|[of] p2b: Sinistcha\n|turn|8\n|\n|t:|1788451973\n|move|p1a: Charizard|Protect|p1a: Charizard\n|-singleturn|p1a: Charizard|Protect\n|move|p2b: Sinistcha|Rage Powder|p2b: Sinistcha\n|-singleturn|p2b: Sinistcha|move: Rage Powder\n|move|p2a: Tyranitar|Knock Off|p1a: Charizard\n|-activate|p1a: Charizard|move: Protect\n|\n|-weather|Sandstorm|[upkeep]\n|-damage|p2b: Sinistcha|48/100|[from] Sandstorm\n|-damage|p1a: Charizard|12/100|[from] Sandstorm\n|upkeep\n|turn|9\n|\n|t:|1788451978\n|move|p2b: Sinistcha|Rage Powder|p2b: Sinistcha\n|-singleturn|p2b: Sinistcha|move: Rage Powder\n|move|p2a: Tyranitar|Knock Off|p1a: Charizard\n|-damage|p1a: Charizard|0 fnt\n|faint|p1a: Charizard\n|\n|win|dynopin15\n","uploadtime":1788451978,"views":"0","formatid":"gen9championsvgc2026regmbbo3","rating":null,"private":0,"password":null}