{"id":"gen9championsvgc2026regmb-2673853491","format":"[Gen 9 Champions] VGC 2026 Reg M-B","players":["Thornlace48812","daiceguy"],"log":"|j|☆Thornlace48812\n|j|☆daiceguy\n|t:|1788268777\n|gametype|doubles\n|player|p1|Thornlace48812|102|1138\n|player|p2|daiceguy|266|1125\n|gen|9\n|tier|[Gen 9 Champions] VGC 2026 Reg M-B\n|rated|\n|rule|Species Clause: Limit one of each Pokémon\n|rule|Item Clause: Limit 1 of each item\n|clearpoke\n|poke|p1|Garchomp, L50, F|\n|poke|p1|Charizard, L50, M|\n|poke|p1|Whimsicott, L50, M|\n|poke|p1|Sylveon, L50, M|\n|poke|p1|Kingambit, L50, F|\n|poke|p1|Basculegion, L50, M|\n|poke|p2|Sinistcha-Masterpiece, L50|\n|poke|p2|Farigiraf, L50, F|\n|poke|p2|Dragalge, L50, M|\n|poke|p2|Incineroar, L50, M|\n|poke|p2|Primarina, L50, F|\n|poke|p2|Mawile, L50, M|\n|teampreview|4\n|inactive|Battle timer is ON: inactive players will automatically lose when time's up. (requested by Thornlace48812)\nThornlace48812 rejected open team sheets.\n|\n|t:|1788268800\n|teamsize|p1|4\n|teamsize|p2|4\n|start\n|switch|p1a: Sylveon|Sylveon, L50, M|100/100\n|switch|p1b: Charizard|Charizard, L50, M|100/100\n|switch|p2a: Incineroar|Incineroar, L50, M|100/100\n|switch|p2b: Dragalge|Dragalge, L50, M|100/100\n|-ability|p2a: Incineroar|Intimidate|boost\n|-unboost|p1a: Sylveon|atk|1\n|-unboost|p1b: Charizard|atk|1\n|turn|1\n|\n|t:|1788268821\n|detailschange|p1b: Charizard|Charizard-Mega-Y, L50, M\n|-mega|p1b: Charizard|Charizard|Charizardite Y\n|-weather|SunnyDay|[from] ability: Drought|[of] p1b: Charizard\n|detailschange|p2b: Dragalge|Dragalge-Mega, L50, M\n|-mega|p2b: Dragalge|Dragalge|Dragalgite\n|move|p2a: Incineroar|Fake Out|p1a: Sylveon\n|-damage|p1a: Sylveon|86/100\n|move|p1b: Charizard|Heat Wave|p2b: Dragalge|[spread] p2a,p2b\n|-resisted|p2a: Incineroar|1\n|-resisted|p2b: Dragalge|1\n|-damage|p2a: Incineroar|75/100\n|-damage|p2b: Dragalge|77/100\n|cant|p1a: Sylveon|flinch\n|move|p2b: Dragalge|Thunderbolt|p1b: Charizard\n|-supereffective|p1b: Charizard|1\n|-damage|p1b: Charizard|35/100\n|\n|-weather|SunnyDay|[upkeep]\n|upkeep\n|turn|2\n|\n|t:|1788268844\n|move|p1b: Charizard|Heat Wave|p2b: Dragalge|[spread] p2a,p2b\n|-resisted|p2a: Incineroar|1\n|-crit|p2a: Incineroar\n|-resisted|p2b: Dragalge|1\n|-crit|p2b: Dragalge\n|-damage|p2a: Incineroar|38/100\n|-damage|p2b: Dragalge|45/100\n|move|p1a: Sylveon|Hyper Voice|p2b: Dragalge|[spread] p2a,p2b\n|-damage|p2a: Incineroar|3/100\n|-damage|p2b: Dragalge|12/100\n|move|p2a: Incineroar|Flare Blitz|p1a: Sylveon\n|-damage|p1a: Sylveon|0 fnt\n|faint|p1a: Sylveon\n|-damage|p2a: Incineroar|0 fnt|[from] Recoil\n|faint|p2a: Incineroar\n|move|p2b: Dragalge|Sludge Bomb|p1b: Charizard\n|-damage|p1b: Charizard|0 fnt\n|faint|p1b: Charizard\n|\n|-weather|SunnyDay|[upkeep]\n|upkeep\n|\n|t:|1788268864\n|switch|p1b: Basculegion|Basculegion, L50, M|100/100\n|switch|p1a: Whimsicott|Whimsicott, L50, M|100/100\n|switch|p2a: Farigiraf|Farigiraf, L50, F|100/100\n|turn|3\n|\n|t:|1788268885\n|move|p1a: Whimsicott|Moonblast|p2a: Farigiraf\n|-damage|p2a: Farigiraf|73/100\n|move|p1b: Basculegion|Last Respects|p2a: Farigiraf\n|-immune|p2a: Farigiraf\n|move|p2b: Dragalge|Thunderbolt|p1b: Basculegion\n|-supereffective|p1b: Basculegion|1\n|-damage|p1b: Basculegion|20/100y\n|move|p2a: Farigiraf|Trick Room|p2a: Farigiraf\n|-fieldstart|move: Trick Room|[of] p2a: Farigiraf\n|\n|-weather|SunnyDay|[upkeep]\n|upkeep\n|turn|4\n|\n|t:|1788268901\n|move|p2b: Dragalge|Flip Turn|p1a: Whimsicott\n|-resisted|p1a: Whimsicott|1\n|-damage|p1a: Whimsicott|96/100\n|\n|t:|1788268905\n|-heal|p2b: Dragalge|45/100|[from] ability: Regenerator|[silent]\n|switch|p2b: Primarina|Primarina, L50, F|100/100|[from] Flip Turn\n|move|p2a: Farigiraf|Reflect|p2a: Farigiraf\n|-sidestart|p2: daiceguy|Reflect\n|move|p1b: Basculegion|Last Respects|p2a: Farigiraf\n|-immune|p2a: Farigiraf\n|move|p1a: Whimsicott|Moonblast|p2a: Farigiraf\n|-damage|p2a: Farigiraf|49/100\n|\n|-weather|SunnyDay|[upkeep]\n|upkeep\n|turn|5\n|\n|t:|1788268924\n|move|p2a: Farigiraf|Psychic|p1a: Whimsicott\n|-damage|p1a: Whimsicott|37/100\n|move|p2b: Primarina|Draining Kiss|p1b: Basculegion\n|-damage|p1b: Basculegion|0 fnt\n|faint|p1b: Basculegion\n|move|p1a: Whimsicott|Moonblast|p2a: Farigiraf\n|-damage|p2a: Farigiraf|24/100\n|-unboost|p2a: Farigiraf|spa|1\n|\n|-weather|none\n|upkeep\n|turn|6\n|\n|t:|1788268936\n|move|p1a: Whimsicott|Protect|p1a: Whimsicott\n|-singleturn|p1a: Whimsicott|Protect\n|move|p2a: Farigiraf|Psychic|p1a: Whimsicott\n|-activate|p1a: Whimsicott|move: Protect\n|move|p2b: Primarina|Draining Kiss|p1a: Whimsicott\n|-activate|p1a: Whimsicott|move: Protect\n|\n|upkeep\n|turn|7\n|\n|t:|1788268948\n|move|p2a: Farigiraf|Psychic|p1a: Whimsicott\n|-damage|p1a: Whimsicott|2/100\n|move|p2b: Primarina|Draining Kiss|p1a: Whimsicott\n|-damage|p1a: Whimsicott|0 fnt\n|faint|p1a: Whimsicott\n|\n|win|daiceguy\n|raw|Thornlace48812's rating: 1214 &rarr; <strong>1183</strong><br />(-31 for losing)\n|raw|daiceguy's rating: 1125 &rarr; <strong>1156</strong><br />(+31 for winning)\n","uploadtime":1788268948,"views":"0","formatid":"gen9championsvgc2026regmb","rating":1156,"private":0,"password":null}