{"id":"gen9championsvgc2026regmb-2674106568","format":"[Gen 9 Champions] VGC 2026 Reg M-B","players":["Gatrsmol","boward edward"],"log":"|j|☆Gatrsmol\n|j|☆boward edward\n|t:|1788300027\n|gametype|doubles\n|player|p1|Gatrsmol|102|1159\n|player|p2|boward edward|101|1245\n|gen|9\n|tier|[Gen 9 Champions] VGC 2026 Reg M-B\n|rated|\n|rule|Species Clause: Limit one of each Pokémon\n|rule|Item Clause: Limit 1 of each item\n|clearpoke\n|poke|p1|Feraligatr, L50, F, shiny|\n|poke|p1|Ninetales-Alola, L50, M|\n|poke|p1|Incineroar, L50, F|\n|poke|p1|Sinistcha, L50|\n|poke|p1|Sneasler, L50, F, shiny|\n|poke|p1|Corviknight, L50, F, shiny|\n|poke|p2|Primarina, L50, F|\n|poke|p2|Sinistcha, L50|\n|poke|p2|Dragalge, L50, F|\n|poke|p2|Kingambit, L50, F|\n|poke|p2|Farigiraf, L50, F|\n|poke|p2|Blaziken, L50, M|\n|teampreview|4\n|\n|t:|1788300077\n|teamsize|p1|4\n|teamsize|p2|4\n|start\n|switch|p1a: Incineroar|Incineroar, L50, F|100/100\n|switch|p1b: Sneasler|Sneasler, L50, F, shiny|100/100\n|switch|p2a: Blaziken|Blaziken, L50, M|100/100\n|switch|p2b: Sinistcha|Sinistcha, L50|100/100\n|-ability|p1a: Incineroar|Intimidate|boost\n|-unboost|p2a: Blaziken|atk|1\n|-unboost|p2b: Sinistcha|atk|1\n|turn|1\n|\n|t:|1788300104\n|detailschange|p2a: Blaziken|Blaziken-Mega, L50, M\n|-mega|p2a: Blaziken|Blaziken|Blazikenite\n|move|p2a: Blaziken|Protect|p2a: Blaziken\n|-singleturn|p2a: Blaziken|Protect\n|move|p2b: Sinistcha|Protect|p2b: Sinistcha\n|-singleturn|p2b: Sinistcha|Protect\n|move|p1b: Sneasler|Dire Claw|p2a: Blaziken\n|-activate|p2a: Blaziken|move: Protect\n|move|p1a: Incineroar|Flare Blitz|p2b: Sinistcha\n|-activate|p2b: Sinistcha|move: Protect\n|\n|-ability|p2a: Blaziken|Speed Boost|boost\n|-boost|p2a: Blaziken|spe|1\n|upkeep\n|turn|2\n|\n|t:|1788300145\n|switch|p1a: Feraligatr|Feraligatr, L50, F, shiny|100/100\n|move|p2b: Sinistcha|Rage Powder|p2b: Sinistcha\n|-singleturn|p2b: Sinistcha|move: Rage Powder\n|move|p2a: Blaziken|Close Combat|p1a: Feraligatr\n|-damage|p1a: Feraligatr|49/100\n|-unboost|p2a: Blaziken|def|1\n|-unboost|p2a: Blaziken|spd|1\n|move|p1b: Sneasler|Coaching|p1a: Feraligatr\n|-boost|p1a: Feraligatr|atk|1\n|-boost|p1a: Feraligatr|def|1\n|\n|-ability|p2a: Blaziken|Speed Boost|boost\n|-boost|p2a: Blaziken|spe|1\n|upkeep\n|turn|3\n|\n|t:|1788300176\n|switch|p1b: Sinistcha|Sinistcha, L50|100/100\n|-heal|p1a: Feraligatr|74/100|[from] ability: Hospitality|[of] p1b: Sinistcha\n|detailschange|p1a: Feraligatr|Feraligatr-Mega, L50, F, shiny\n|-mega|p1a: Feraligatr|Feraligatr|Feraligite\n|move|p2a: Blaziken|Protect|p2a: Blaziken\n|-singleturn|p2a: Blaziken|Protect\n|move|p1a: Feraligatr|Body Slam|p2b: Sinistcha\n|-enditem|p2b: Sinistcha|Focus Sash\n|-damage|p2b: Sinistcha|1/100\n|move|p2b: Sinistcha|Matcha Gotcha|p1a: Feraligatr|[spread] p1a,p1b\n|-resisted|p1b: Sinistcha|1\n|-damage|p1a: Feraligatr|36/100\n|-heal|p2b: Sinistcha|21/100|[from] drain|[of] p1a: Feraligatr\n|-damage|p1b: Sinistcha|83/100\n|-heal|p2b: Sinistcha|31/100|[from] drain|[of] p1b: Sinistcha\n|-status|p1a: Feraligatr|brn\n|-status|p1b: Sinistcha|brn\n|\n|-heal|p1b: Sinistcha|89/100 brn|[from] item: Leftovers\n|-damage|p1a: Feraligatr|30/100 brn|[from] brn\n|-damage|p1b: Sinistcha|83/100 brn|[from] brn\n|-ability|p2a: Blaziken|Speed Boost|boost\n|-boost|p2a: Blaziken|spe|1\n|upkeep\n|turn|4\n|\n|t:|1788300209\n|move|p2b: Sinistcha|Rage Powder|p2b: Sinistcha\n|-singleturn|p2b: Sinistcha|move: Rage Powder\n|move|p2a: Blaziken|Flare Blitz|p1b: Sinistcha\n|-supereffective|p1b: Sinistcha|1\n|-damage|p1b: Sinistcha|5/100 brn\n|-damage|p2a: Blaziken|70/100|[from] Recoil\n|move|p1a: Feraligatr|Liquidation|p2b: Sinistcha\n|-resisted|p2b: Sinistcha|1\n|-damage|p2b: Sinistcha|10/100\n|move|p1b: Sinistcha|Life Dew|p1b: Sinistcha|[spread] p1a,p1b\n|-heal|p1a: Feraligatr|55/100 brn\n|-heal|p1b: Sinistcha|30/100 brn\n|\n|-heal|p1b: Sinistcha|37/100 brn|[from] item: Leftovers\n|-damage|p1a: Feraligatr|49/100 brn|[from] brn\n|-damage|p1b: Sinistcha|30/100 brn|[from] brn\n|-ability|p2a: Blaziken|Speed Boost|boost\n|-boost|p2a: Blaziken|spe|1\n|upkeep\n|turn|5\n|\n|t:|1788300235\n|move|p2a: Blaziken|Protect|p2a: Blaziken\n|-singleturn|p2a: Blaziken|Protect\n|move|p1b: Sinistcha|Protect|p1b: Sinistcha\n|-singleturn|p1b: Sinistcha|Protect\n|move|p1a: Feraligatr|Body Slam|p2b: Sinistcha\n|-damage|p2b: Sinistcha|0 fnt\n|faint|p2b: Sinistcha\n|\n|-heal|p1b: Sinistcha|37/100 brn|[from] item: Leftovers\n|-damage|p1a: Feraligatr|43/100 brn|[from] brn\n|-damage|p1b: Sinistcha|30/100 brn|[from] brn\n|-ability|p2a: Blaziken|Speed Boost|boost\n|-boost|p2a: Blaziken|spe|1\n|upkeep\n|\n|t:|1788300244\n|switch|p2b: Kingambit|Kingambit, L50, F|100/100\n|turn|6\n|\n|t:|1788300266\n|move|p2a: Blaziken|Close Combat|p1a: Feraligatr\n|-damage|p1a: Feraligatr|13/100 brn\n|-unboost|p2a: Blaziken|def|1\n|-unboost|p2a: Blaziken|spd|1\n|move|p1a: Feraligatr|Liquidation|p2a: Blaziken\n|-supereffective|p2a: Blaziken|1\n|-damage|p2a: Blaziken|0 fnt\n|faint|p2a: Blaziken\n|move|p1b: Sinistcha|Life Dew|p1b: Sinistcha|[spread] p1a,p1b\n|-heal|p1a: Feraligatr|38/100 brn\n|-heal|p1b: Sinistcha|56/100 brn\n|move|p2b: Kingambit|Kowtow Cleave|p1b: Sinistcha\n|-supereffective|p1b: Sinistcha|1\n|-damage|p1b: Sinistcha|0 fnt\n|faint|p1b: Sinistcha\n|\n|-damage|p1a: Feraligatr|32/100 brn|[from] brn\n|upkeep\n|\n|t:|1788300286\n|switch|p2a: Primarina|Primarina, L50, F|100/100\n|switch|p1b: Sneasler|Sneasler, L50, F, shiny|100/100\n|turn|7\n|\n|t:|1788300308\n|move|p1a: Feraligatr|Protect|p1a: Feraligatr\n|-singleturn|p1a: Feraligatr|Protect\n|move|p2a: Primarina|Protect|p2a: Primarina\n|-singleturn|p2a: Primarina|Protect\n|move|p2b: Kingambit|Sucker Punch|p1b: Sneasler\n|-resisted|p1b: Sneasler|1\n|-damage|p1b: Sneasler|69/100\n|move|p1b: Sneasler|Dire Claw|p2a: Primarina\n|-activate|p2a: Primarina|move: Protect\n|\n|-damage|p1a: Feraligatr|26/100 brn|[from] brn\n|upkeep\n|turn|8\n|\n|t:|1788300336\n|move|p1b: Sneasler|Dire Claw|p2a: Primarina\n|-supereffective|p2a: Primarina|1\n|-damage|p2a: Primarina|5/100\n|move|p1a: Feraligatr|Liquidation|p2b: Kingambit\n|-damage|p2b: Kingambit|71/100\n|move|p2a: Primarina|Moonblast|p1a: Feraligatr\n|-supereffective|p1a: Feraligatr|1\n|-damage|p1a: Feraligatr|0 fnt\n|faint|p1a: Feraligatr\n|-damage|p2a: Primarina|0 fnt|[from] item: Life Orb\n|faint|p2a: Primarina\n|move|p2b: Kingambit|Iron Head|p1b: Sneasler\n|-damage|p1b: Sneasler|1/100\n|\n|upkeep\n|\n|t:|1788300352\n|switch|p1a: Incineroar|Incineroar, L50, F|100/100\n|-ability|p1a: Incineroar|Intimidate|boost\n|-unboost|p2b: Kingambit|atk|1\n|-ability|p2b: Kingambit|Defiant|boost\n|-boost|p2b: Kingambit|atk|2\n|turn|9\n|c|☆boward edward|no way\n|\n|t:|1788300368\n|move|p1a: Incineroar|Fake Out|p2b: Kingambit\n|-resisted|p2b: Kingambit|1\n|-damage|p2b: Kingambit|66/100\n|cant|p2b: Kingambit|flinch\n|move|p1b: Sneasler|Close Combat|p2b: Kingambit\n|-supereffective|p2b: Kingambit|2\n|-enditem|p2b: Kingambit|Chople Berry|[eat]\n|-enditem|p2b: Kingambit|Chople Berry|[weaken]\n|-damage|p2b: Kingambit|0 fnt\n|-unboost|p1b: Sneasler|def|1\n|-unboost|p1b: Sneasler|spd|1\n|faint|p2b: Kingambit\n|\n|win|Gatrsmol\n|raw|Gatrsmol's rating: 1159 &rarr; <strong>1190</strong><br />(+31 for winning)\n|raw|boward edward's rating: 1245 &rarr; <strong>1214</strong><br />(-31 for losing)\n|l|☆boward edward\n|player|p2|\n","uploadtime":1788300402,"views":"12","formatid":"gen9championsvgc2026regmb","rating":1190,"private":0,"password":null}