{"id":"gen9championsvgc2026regmb-2674730057","format":"[Gen 9 Champions] VGC 2026 Reg M-B","players":["ImSoCalamari","drake a oak"],"log":"|j|☆ImSoCalamari\n|j|☆drake a oak\n|t:|1788397193\n|gametype|doubles\n|player|p1|ImSoCalamari|aromalady|1221\n|player|p2|drake a oak|teamrocket|1313\n|gen|9\n|tier|[Gen 9 Champions] VGC 2026 Reg M-B\n|rated|\n|rule|Species Clause: Limit one of each Pokémon\n|rule|Item Clause: Limit 1 of each item\n|clearpoke\n|poke|p1|Sylveon, L50, M|\n|poke|p1|Raichu, L50, F|\n|poke|p1|Staraptor, L50, M|\n|poke|p1|Arcanine-Hisui, L50, F|\n|poke|p1|Farigiraf, L50, F|\n|poke|p1|Kingambit, L50, M|\n|poke|p2|Dragonite, L50, F, shiny|\n|poke|p2|Sneasler, L50, M, shiny|\n|poke|p2|Basculegion, L50, M, shiny|\n|poke|p2|Kingambit, L50, M, shiny|\n|poke|p2|Garchomp, L50, F, shiny|\n|poke|p2|Floette-Eternal, L50, F|\n|teampreview|4\n|inactive|Battle timer is ON: inactive players will automatically lose when time's up. (requested by drake a oak)\ndrake a oak rejected open team sheets.\n|inactive|ImSoCalamari has 60 seconds left.\n|inactive|ImSoCalamari has 30 seconds left.\n|\n|t:|1788397265\n|teamsize|p1|4\n|teamsize|p2|4\n|start\n|switch|p1a: Farigiraf|Farigiraf, L50, F|100/100\n|switch|p1b: Arcanine|Arcanine-Hisui, L50, F|100/100\n|switch|p2a: Garchomp|Garchomp, L50, F, shiny|100/100\n|switch|p2b: Basculegion|Basculegion, L50, M, shiny|100/100\n|turn|1\n|\n|t:|1788397286\n|move|p1a: Farigiraf|Helping Hand|p1b: Arcanine\n|-singleturn|p1b: Arcanine|Helping Hand|[of] p1a: Farigiraf\n|move|p2a: Garchomp|Stomping Tantrum|p1b: Arcanine\n|-supereffective|p1b: Arcanine|2\n|-enditem|p1b: Arcanine|Focus Sash\n|-damage|p1b: Arcanine|1/100\n|move|p1b: Arcanine|Head Smash|p2b: Basculegion|[miss]\n|-miss|p1b: Arcanine|p2b: Basculegion\n|move|p2b: Basculegion|Wave Crash|p1a: Farigiraf\n|-damage|p1a: Farigiraf|12/100\n|-enditem|p1a: Farigiraf|Sitrus Berry|[eat]\n|-heal|p1a: Farigiraf|37/100|[from] item: Sitrus Berry\n|-damage|p2b: Basculegion|67/100|[from] Recoil\n|-damage|p2b: Basculegion|58/100|[from] item: Life Orb\n|\n|upkeep\n|turn|2\n|\n|t:|1788397309\n|move|p1a: Farigiraf|Protect|p1a: Farigiraf\n|-singleturn|p1a: Farigiraf|Protect\n|move|p1b: Arcanine|Extreme Speed|p2a: Garchomp\n|-damage|p2a: Garchomp|77/100\n|-damage|p1b: Arcanine|0 fnt|[from] ability: Rough Skin|[of] p2a: Garchomp\n|faint|p1b: Arcanine\n|move|p2b: Basculegion|Aqua Jet||[still]\n|cant|p1a: Farigiraf|ability: Armor Tail|Aqua Jet|[of] p2b: Basculegion\n|move|p2a: Garchomp|Stomping Tantrum|p1a: Farigiraf\n|-activate|p1a: Farigiraf|move: Protect\n|\n|upkeep\n|\n|t:|1788397329\n|switch|p1b: Kingambit|Kingambit, L50, M|100/100\n|turn|3\n|\n|t:|1788397346\n|move|p1a: Farigiraf|Helping Hand|p1b: Kingambit\n|-singleturn|p1b: Kingambit|Helping Hand|[of] p1a: Farigiraf\n|move|p2b: Basculegion|Protect|p2b: Basculegion\n|-singleturn|p2b: Basculegion|Protect\n|move|p1b: Kingambit|Sucker Punch|p2a: Garchomp\n|-damage|p2a: Garchomp|1/100\n|-damage|p1b: Kingambit|87/100|[from] ability: Rough Skin|[of] p2a: Garchomp\n|-damage|p1b: Kingambit|78/100|[from] item: Life Orb\n|move|p2a: Garchomp|Stomping Tantrum|p1b: Kingambit\n|-supereffective|p1b: Kingambit|1\n|-damage|p1b: Kingambit|16/100\n|\n|upkeep\n|turn|4\n|inactive|ImSoCalamari has 30 seconds left.\n|inactive|ImSoCalamari has 20 seconds left.\n|\n|t:|1788397387\n|move|p1b: Kingambit|Protect|p1b: Kingambit\n|-singleturn|p1b: Kingambit|Protect\n|move|p2a: Garchomp|Stomping Tantrum|p1b: Kingambit\n|-activate|p1b: Kingambit|move: Protect\n|move|p2b: Basculegion|Wave Crash|p1a: Farigiraf\n|-damage|p1a: Farigiraf|0 fnt\n|faint|p1a: Farigiraf\n|-damage|p2b: Basculegion|44/100|[from] Recoil\n|-damage|p2b: Basculegion|34/100|[from] item: Life Orb\n|\n|upkeep\n|\n|t:|1788397395\n|switch|p1a: Sylveon|Sylveon, L50, M|100/100\n|turn|5\n|\n|t:|1788397410\n|move|p2b: Basculegion|Aqua Jet|p1b: Kingambit\n|-crit|p1b: Kingambit\n|-damage|p1b: Kingambit|0 fnt\n|faint|p1b: Kingambit\n|-damage|p2b: Basculegion|25/100|[from] item: Life Orb\n|move|p1a: Sylveon|Quick Attack|p2a: Garchomp\n|-supereffective|p2a: Garchomp|1\n|-damage|p2a: Garchomp|0 fnt\n|-damage|p1a: Sylveon|87/100|[from] ability: Rough Skin|[of] p2a: Garchomp\n|faint|p2a: Garchomp\n|\n|upkeep\n|\n|t:|1788397416\n|switch|p2a: Sneasler|Sneasler, L50, M, shiny|100/100\n|turn|6\n|-message|ImSoCalamari forfeited.\n|\n|win|drake a oak\n|raw|ImSoCalamari's rating: 1221 &rarr; <strong>1202</strong><br />(-19 for losing)\n|raw|drake a oak's rating: 1313 &rarr; <strong>1328</strong><br />(+15 for winning)\n","uploadtime":1788397425,"views":"5","formatid":"gen9championsvgc2026regmb","rating":1202,"private":0,"password":null}