{"id":"gen9championsvgc2026regmb-2674310598","format":"[Gen 9 Champions] VGC 2026 Reg M-B","players":["Pikafanatic","severthesun"],"log":"|j|☆Pikafanatic\n|j|☆severthesun\n|html|<table width=\"100%\"><tr><td align=\"left\">Pikafanatic</td><td align=\"right\">severthesun</tr><tr><td align=\"left\"><i class=\"fa fa-circle\"></i> <i class=\"fa fa-circle-o\"></i> </td><td align=\"right\"><i class=\"fa fa-circle-o\"></i> <i class=\"fa fa-circle-o\"></i> </tr></table>\n|uhtml|bestof|<h2><strong>Game 2</strong> of <a href=\"/game-bestof3-gen9championsvgc2026regmb-2674308963\">a best-of-3</a></h2>\n|t:|1788337908\n|gametype|doubles\n|player|p1|Pikafanatic|pokekid|\n|player|p2|severthesun|caitlin|\n|gen|9\n|tier|[Gen 9 Champions] VGC 2026 Reg M-B\n|rule|Species Clause: Limit one of each Pokémon\n|rule|Item Clause: Limit 1 of each item\n|raw|<div class=\"infobox\"><details class=\"readmore\" open><summary><strong>1 custom rule:</strong></summary> Best of = 3</details></div>\n|clearpoke\n|poke|p1|Gholdengo, L50|\n|poke|p1|Arcanine, L50, M|\n|poke|p1|Starmie, L50|\n|poke|p1|Raichu, L50, M|\n|poke|p1|Floette-Eternal, L50, F|\n|poke|p1|Noivern, L50, F|\n|poke|p2|Staraptor, L50, F|\n|poke|p2|Sableye, L50, F, shiny|\n|poke|p2|Sylveon, L50, F, shiny|\n|poke|p2|Metagross, L50|\n|poke|p2|Rotom-Wash, L50|\n|poke|p2|Araquanid, L50, M|\n|teampreview|4\n|j| granite blast\n|j| realkokoman\n|c| granite blast|dengo try to hit make it rain challenge\n|c|☆Pikafanatic|Gholdengo is not locking in I see\n|c| granite blast|been spending too much time with ttar\n|c|☆Pikafanatic|Fr\n|\n|t:|1788337986\n|teamsize|p1|4\n|teamsize|p2|4\n|start\n|switch|p1a: Floette|Floette-Eternal, L50, F|100/100\n|switch|p1b: Raichu|Raichu, L50, M|100/100\n|switch|p2a: its mumei look she|Staraptor, L50, F|100/100\n|switch|p2b: microtransaction|Sableye, L50, F, shiny|100/100\n|-ability|p2a: its mumei look she|Intimidate|boost\n|-unboost|p1a: Floette|atk|1\n|-unboost|p1b: Raichu|atk|1\n|turn|1\n|\n|t:|1788338024\n|switch|p2a: mikuhumancentipede|Metagross, L50|100/100\n|move|p2b: microtransaction|Detect|p2b: microtransaction\n|-singleturn|p2b: microtransaction|Protect\n|move|p1b: Raichu|Fake Out|p2a: mikuhumancentipede\n|-resisted|p2a: mikuhumancentipede|1\n|-damage|p2a: mikuhumancentipede|97/100\n|move|p1a: Floette|Trick|p2b: microtransaction\n|-activate|p2b: microtransaction|move: Protect\n|\n|upkeep\n|turn|2\n|\n|t:|1788338065\n|switch|p2b: doing laundry|Rotom-Wash, L50|100/100\n|move|p1a: Floette|Trick|p2b: doing laundry\n|-activate|p1a: Floette|move: Trick|[of] p2b: doing laundry\n|-item|p2b: doing laundry|Choice Scarf|[from] move: Trick\n|-item|p1a: Floette|Leftovers|[from] move: Trick\n|move|p1b: Raichu|Nuzzle|p2a: mikuhumancentipede\n|-damage|p2a: mikuhumancentipede|92/100\n|-status|p2a: mikuhumancentipede|par\n|move|p2a: mikuhumancentipede|Iron Head|p1a: Floette\n|-supereffective|p1a: Floette|1\n|-damage|p1a: Floette|0 fnt\n|faint|p1a: Floette\n|\n|upkeep\n|\n|t:|1788338078\n|switch|p1a: Gholdengo|Gholdengo, L50|100/100\n|turn|3\n|c|☆severthesun|ah thanks\n|\n|t:|1788338123\n|move|p2a: mikuhumancentipede|Protect|p2a: mikuhumancentipede\n|-singleturn|p2a: mikuhumancentipede|Protect\n|move|p2b: doing laundry|Hex|p1a: Gholdengo\n|-supereffective|p1a: Gholdengo|1\n|-damage|p1a: Gholdengo|68/100\n|move|p1b: Raichu|Volt Tackle|p2b: doing laundry\n|-damage|p2b: doing laundry|70/100\n|-damage|p1b: Raichu|91/100|[from] Recoil\n|move|p1a: Gholdengo|Shadow Ball|p2b: doing laundry\n|-damage|p2b: doing laundry|7/100\n|-damage|p1a: Gholdengo|58/100|[from] item: Life Orb\n|\n|upkeep\n|turn|4\n|\n|t:|1788338148\n|switch|p2a: microtransaction|Sableye, L50, F, shiny|100/100\n|move|p2b: doing laundry|Hex|p1a: Gholdengo\n|-supereffective|p1a: Gholdengo|1\n|-damage|p1a: Gholdengo|24/100\n|move|p1b: Raichu|Volt Tackle|p2b: doing laundry\n|-damage|p2b: doing laundry|0 fnt\n|faint|p2b: doing laundry\n|-damage|p1b: Raichu|88/100|[from] Recoil\n|move|p1a: Gholdengo|Recover|p1a: Gholdengo\n|-heal|p1a: Gholdengo|75/100\n|\n|upkeep\n|\n|t:|1788338166\n|switch|p2b: its mumei look she|Staraptor, L50, F|100/100\n|-ability|p2b: its mumei look she|Intimidate|boost\n|-unboost|p1a: Gholdengo|atk|1\n|-unboost|p1b: Raichu|atk|1\n|turn|5\n|\n|t:|1788338186\n|move|p2a: microtransaction|Skill Swap|p1b: Raichu\n|-activate|p2a: microtransaction|Skill Swap|Lightning Rod|Prankster|[of] p1b: Raichu\n|move|p1b: Raichu|Nuzzle|p2a: microtransaction\n|-activate|p2a: microtransaction|ability: Lightning Rod\n|-ability|p2a: microtransaction|Lightning Rod|boost\n|-boost|p2a: microtransaction|spa|1\n|move|p1a: Gholdengo|Make It Rain|p2b: its mumei look she|[spread] p2a,p2b\n|-damage|p2a: microtransaction|27/100\n|-damage|p2b: its mumei look she|18/100\n|-unboost|p1a: Gholdengo|spa|2\n|-damage|p1a: Gholdengo|65/100|[from] item: Life Orb\n|move|p2b: its mumei look she|Tailwind|p2b: its mumei look she\n|-sidestart|p2: severthesun|move: Tailwind\n|\n|upkeep\n|turn|6\n|c|☆severthesun|oh man lmao\n|c|☆severthesun|not very. good but\n|c|☆Pikafanatic|Damn\n|c|☆Pikafanatic|heat tech lol\n|\n|t:|1788338237\n|switch|p2b: mikuhumancentipede|Metagross, L50|92/100 par\n|move|p1b: Raichu|Protect|p1b: Raichu\n|-singleturn|p1b: Raichu|Protect\n|move|p2a: microtransaction|Detect|p2a: microtransaction\n|-singleturn|p2a: microtransaction|Protect\n|move|p1a: Gholdengo|Make It Rain|p2b: mikuhumancentipede|[spread] p2b\n|-activate|p2a: microtransaction|move: Protect\n|-resisted|p2b: mikuhumancentipede|1\n|-damage|p2b: mikuhumancentipede|74/100 par\n|-unboost|p1a: Gholdengo|spa|2\n|-damage|p1a: Gholdengo|56/100|[from] item: Life Orb\n|\n|upkeep\n|turn|7\n|c| granite blast|that was fire haha\n|\n|t:|1788338295\n|switch|p1b: Starmie|Starmie, L50|100/100\n|detailschange|p2b: mikuhumancentipede|Metagross-Mega, L50\n|-mega|p2b: mikuhumancentipede|Metagross|Metagrossite\n|move|p2a: microtransaction|Sucker Punch||[still]\n|-fail|p2a: microtransaction\n|move|p2b: mikuhumancentipede|Psychic Fangs|p1a: Gholdengo\n|-resisted|p1a: Gholdengo|1\n|-damage|p1a: Gholdengo|23/100\n|move|p1a: Gholdengo|Recover|p1a: Gholdengo\n|-heal|p1a: Gholdengo|73/100\n|\n|upkeep\n|turn|8\n|\n|t:|1788338328\n|switch|p1a: Raichu|Raichu, L50, M|88/100\n|move|p1b: Starmie|Protect|p1b: Starmie\n|-singleturn|p1b: Starmie|Protect\n|move|p2b: mikuhumancentipede|Iron Head|p1a: Raichu\n|-resisted|p1a: Raichu|1\n|-damage|p1a: Raichu|37/100\n|move|p2a: microtransaction|Skill Swap|p1b: Starmie\n|-activate|p1b: Starmie|move: Protect\n|\n|-sideend|p2: severthesun|move: Tailwind\n|upkeep\n|turn|9\n|\n|t:|1788338348\n|detailschange|p1b: Starmie|Starmie-Mega, L50\n|-mega|p1b: Starmie|Starmie|Starminite\n|move|p1a: Raichu|Fake Out|p2b: mikuhumancentipede\n|-resisted|p2b: mikuhumancentipede|1\n|-damage|p2b: mikuhumancentipede|70/100 par\n|move|p1b: Starmie|Aqua Jet|p2a: microtransaction\n|-damage|p2a: microtransaction|0 fnt\n|faint|p2a: microtransaction\n|cant|p2b: mikuhumancentipede|flinch\n|\n|upkeep\n|\n|t:|1788338357\n|switch|p2a: its mumei look she|Staraptor, L50, F|18/100\n|-ability|p2a: its mumei look she|Intimidate|boost\n|-unboost|p1a: Raichu|atk|1\n|-unboost|p1b: Starmie|atk|1\n|turn|10\n|\n|t:|1788338370\n|move|p1b: Starmie|Liquidation|p2b: mikuhumancentipede\n|-damage|p2b: mikuhumancentipede|31/100 par\n|move|p1a: Raichu|Volt Tackle|p2a: its mumei look she\n|-supereffective|p2a: its mumei look she|1\n|-damage|p2a: its mumei look she|0 fnt\n|faint|p2a: its mumei look she\n|-damage|p1a: Raichu|30/100|[from] Recoil\n|move|p2b: mikuhumancentipede|Psychic Fangs|p1a: Raichu\n|-damage|p1a: Raichu|0 fnt\n|faint|p1a: Raichu\n|\n|upkeep\n|c|☆severthesun|gg\n|\n|t:|1788338381\n|switch|p1a: Gholdengo|Gholdengo, L50|73/100\n|turn|11\n|c|☆Pikafanatic|gg\n|\n|t:|1788338388\n|move|p1b: Starmie|Protect|p1b: Starmie\n|-singleturn|p1b: Starmie|Protect\n|move|p1a: Gholdengo|Shadow Ball|p2b: mikuhumancentipede\n|-supereffective|p2b: mikuhumancentipede|1\n|-damage|p2b: mikuhumancentipede|0 fnt\n|faint|p2b: mikuhumancentipede\n|-damage|p1a: Gholdengo|64/100|[from] item: Life Orb\n|\n|win|Pikafanatic\n|c|☆severthesun|sigh...\n|l|☆severthesun\n|player|p2|\n|l| realkokoman\n|l| granite blast\n","uploadtime":1788338429,"views":"10","formatid":"gen9championsvgc2026regmb","rating":null,"private":0,"password":null}