{"id":"gen9championsvgc2026regmbbo3-2674562845","format":"[Gen 9 Champions] VGC 2026 Reg M-B (Bo3)","players":["kalaluwi","bronzongbroomsvgc"],"log":"|j|☆kalaluwi\n|j|☆bronzongbroomsvgc\n|html|<table width=\"100%\"><tr><td align=\"left\">kalaluwi</td><td align=\"right\">bronzongbroomsvgc</tr><tr><td align=\"left\"><i class=\"fa fa-circle-o\"></i> <i class=\"fa fa-circle-o\"></i> </td><td align=\"right\"><i class=\"fa fa-circle-o\"></i> <i class=\"fa fa-circle\"></i> </tr></table>\n|uhtml|bestof|<h2><strong>Game 2</strong> of <a href=\"/game-bestof3-gen9championsvgc2026regmbbo3-2674560274\">a best-of-3</a></h2>\n|t:|1788374289\n|gametype|doubles\n|player|p1|kalaluwi|265|1303\n|player|p2|bronzongbroomsvgc|1|1337\n|gen|9\n|tier|[Gen 9 Champions] VGC 2026 Reg M-B (Bo3)\n|rated|\n|rule|Species Clause: Limit one of each Pokémon\n|rule|Item Clause: Limit 1 of each item\n|clearpoke\n|poke|p1|Farigiraf, L50, F|\n|poke|p1|Incineroar, L50, M|\n|poke|p1|Camerupt, L50, F|\n|poke|p1|Vanilluxe, L50, M|\n|poke|p1|Kingambit, L50, F|\n|poke|p1|Golurk, L50|\n|poke|p2|Toxapex, L50, F|\n|poke|p2|Incineroar, L50, M|\n|poke|p2|Farigiraf, L50, F|\n|poke|p2|Charizard, L50, F|\n|poke|p2|Floette-Eternal, L50, F|\n|poke|p2|Garchomp, L50, M|\n|teampreview|4\n|showteam|p1|Farigiraf||ColburBerry|ArmorTail|TrickRoom,Psychic,HelpingHand,Thunderbolt|Modest||F|||50|]Incineroar||LifeOrb|Blaze|FakeOut,CloseCombat,FlareBlitz,DarkestLariat|Adamant||M|||50|]Camerupt||Cameruptite|MagmaArmor|EarthPower,HeatWave,AncientPower,Protect|Modest||F|||50|]Vanilluxe||ChoiceScarf|SnowWarning|Blizzard,IcyWind,FreezeDry,SheerCold|Modest||M|||50|]Kingambit||BlackGlasses|Defiant|LowKick,KowtowCleave,SuckerPunch,Protect|Adamant||F|||50|]Golurk||Golurkite|IronFist|HeadlongRush,Poltergeist,Curse,Protect|Adamant|||||50|\n|showteam|p2|Toxapex||Leftovers|Regenerator|BanefulBunker,WideGuard,Toxic,Infestation|Relaxed||F|||50|]Incineroar||SitrusBerry|Intimidate|FakeOut,ThroatChop,FlareBlitz,PartingShot|Adamant||M|||50|]Farigiraf||ColburBerry|CudChew|TrickRoom,Psychic,HelpingHand,Protect|Calm||F|||50|]Charizard||CharizarditeY|Blaze|HeatWave,AncientPower,WeatherBall,Protect|Timid||F|||50|]Floette-Eternal||Floettite|FlowerVeil|Moonblast,DazzlingGleam,LightofRuin,Protect|Modest||F|||50|]Garchomp||ChoiceScarf|RoughSkin|Earthquake,RockSlide,DragonClaw,StompingTantrum|Adamant||M|||50|\n|\n|t:|1788374324\n|teamsize|p1|4\n|teamsize|p2|4\n|start\n|switch|p1a: Farigiraf|Farigiraf, L50, F|100/100\n|switch|p1b: Vanilluxe|Vanilluxe, L50, M|100/100\n|switch|p2a: Garchomp|Garchomp, L50, M|100/100\n|switch|p2b: Charizard|Charizard, L50, F|100/100\n|-weather|Snowscape|[from] ability: Snow Warning|[of] p1b: Vanilluxe\n|turn|1\n|\n|t:|1788374348\n|detailschange|p2b: Charizard|Charizard-Mega-Y, L50, F\n|-mega|p2b: Charizard|Charizard|Charizardite Y\n|-weather|SunnyDay|[from] ability: Drought|[of] p2b: Charizard\n|move|p2a: Garchomp|Earthquake|p1a: Farigiraf|[spread] p1a,p1b\n|-immune|p2b: Charizard\n|-damage|p1a: Farigiraf|61/100\n|-damage|p1b: Vanilluxe|52/100\n|move|p1b: Vanilluxe|Blizzard|p2b: Charizard|[spread] p2a\n|-miss|p1b: Vanilluxe|p2b: Charizard\n|-supereffective|p2a: Garchomp|2\n|-damage|p2a: Garchomp|0 fnt\n|faint|p2a: Garchomp\n|move|p2b: Charizard|Heat Wave|p1a: Farigiraf|[spread] p1a,p1b\n|-supereffective|p1b: Vanilluxe|1\n|-damage|p1a: Farigiraf|9/100\n|-damage|p1b: Vanilluxe|0 fnt\n|faint|p1b: Vanilluxe\n|move|p1a: Farigiraf|Trick Room|p1a: Farigiraf\n|-fieldstart|move: Trick Room|[of] p1a: Farigiraf\n|\n|-weather|SunnyDay|[upkeep]\n|upkeep\n|\n|t:|1788374363\n|switch|p1b: Camerupt|Camerupt, L50, F|100/100\n|switch|p2a: Farigiraf|Farigiraf, L50, F|100/100\n|turn|2\n|\n|t:|1788374376\n|detailschange|p1b: Camerupt|Camerupt-Mega, L50, F\n|-mega|p1b: Camerupt|Camerupt|Cameruptite\n|move|p2b: Charizard|Protect|p2b: Charizard\n|-singleturn|p2b: Charizard|Protect\n|move|p1b: Camerupt|Heat Wave|p2a: Farigiraf|[spread] p2a\n|-activate|p2b: Charizard|move: Protect\n|-damage|p2a: Farigiraf|26/100\n|move|p1a: Farigiraf|Trick Room|p1a: Farigiraf\n|-fieldend|move: Trick Room\n|move|p2a: Farigiraf|Trick Room|p2a: Farigiraf\n|-fieldstart|move: Trick Room|[of] p2a: Farigiraf\n|\n|-weather|SunnyDay|[upkeep]\n|upkeep\n|turn|3\n|\n|t:|1788374390\n|switch|p2a: Incineroar|Incineroar, L50, M|100/100\n|-ability|p2a: Incineroar|Intimidate|boost\n|-unboost|p1a: Farigiraf|atk|1\n|-unboost|p1b: Camerupt|atk|1\n|move|p1b: Camerupt|Heat Wave|p2a: Incineroar|[spread] p2a,p2b\n|-resisted|p2a: Incineroar|1\n|-resisted|p2b: Charizard|1\n|-damage|p2a: Incineroar|61/100\n|-damage|p2b: Charizard|55/100\n|move|p1a: Farigiraf|Thunderbolt|p2b: Charizard\n|-supereffective|p2b: Charizard|1\n|-damage|p2b: Charizard|4/100\n|move|p2b: Charizard|Heat Wave|p1a: Farigiraf|[spread] p1a,p1b\n|-resisted|p1b: Camerupt|1\n|-crit|p1b: Camerupt\n|-damage|p1a: Farigiraf|0 fnt\n|-damage|p1b: Camerupt|54/100\n|faint|p1a: Farigiraf\n|\n|-weather|SunnyDay|[upkeep]\n|upkeep\n|\n|t:|1788374401\n|switch|p1a: Incineroar|Incineroar, L50, M|100/100\n|turn|4\n|\n|t:|1788374413\n|switch|p2b: Farigiraf|Farigiraf, L50, F|26/100\n|move|p2a: Incineroar|Fake Out|p1b: Camerupt\n|-damage|p1b: Camerupt|42/100\n|cant|p1b: Camerupt|flinch\n|move|p1a: Incineroar|Darkest Lariat|p2a: Incineroar\n|-resisted|p2a: Incineroar|1\n|-damage|p2a: Incineroar|35/100\n|-enditem|p2a: Incineroar|Sitrus Berry|[eat]\n|-heal|p2a: Incineroar|60/100|[from] item: Sitrus Berry\n|-damage|p1a: Incineroar|90/100|[from] item: Life Orb\n|\n|-weather|SunnyDay|[upkeep]\n|upkeep\n|turn|5\n|\n|t:|1788374437\n|move|p2b: Farigiraf|Protect|p2b: Farigiraf\n|-singleturn|p2b: Farigiraf|Protect\n|move|p1b: Camerupt|Earth Power|p2a: Incineroar\n|-supereffective|p2a: Incineroar|1\n|-damage|p2a: Incineroar|0 fnt\n|faint|p2a: Incineroar\n|move|p1a: Incineroar|Darkest Lariat|p2b: Farigiraf\n|-activate|p2b: Farigiraf|move: Protect\n|\n|-weather|none\n|upkeep\n|\n|t:|1788374446\n|switch|p2a: Charizard|Charizard-Mega-Y, L50, F|4/100\n|-weather|SunnyDay|[from] ability: Drought|[of] p2a: Charizard\n|turn|6\n|\n|t:|1788374456\n|move|p2b: Farigiraf|Protect||[still]\n|-fail|p2b: Farigiraf\n|move|p2a: Charizard|Protect|p2a: Charizard\n|-singleturn|p2a: Charizard|Protect\n|move|p1b: Camerupt|Earth Power|p2b: Farigiraf\n|-damage|p2b: Farigiraf|0 fnt\n|faint|p2b: Farigiraf\n|move|p1a: Incineroar|Darkest Lariat|p2a: Charizard\n|-activate|p2a: Charizard|move: Protect\n|\n|-weather|SunnyDay|[upkeep]\n|-fieldend|move: Trick Room\n|upkeep\n|turn|7\n|\n|t:|1788374467\n|move|p2a: Charizard|Heat Wave|p1b: Camerupt|[spread] p1b\n|-miss|p2a: Charizard|p1a: Incineroar\n|-resisted|p1b: Camerupt|1\n|-damage|p1b: Camerupt|12/100\n|move|p1a: Incineroar|Darkest Lariat|p2a: Charizard\n|-damage|p2a: Charizard|0 fnt\n|faint|p2a: Charizard\n|-damage|p1a: Incineroar|80/100|[from] item: Life Orb\n|\n|win|kalaluwi\n","uploadtime":1788374467,"views":"4","formatid":"gen9championsvgc2026regmbbo3","rating":null,"private":0,"password":null}