{"id":"gen9championsvgc2026regmbbo3-2675008749","format":"[Gen 9 Champions] VGC 2026 Reg M-B (Bo3)","players":["humania1","spruce trapdoor"],"log":"|j|☆humania1\n|j|☆spruce trapdoor\n|html|<table width=\"100%\"><tr><td align=\"left\">humania1</td><td align=\"right\">spruce trapdoor</tr><tr><td align=\"left\"><i class=\"fa fa-circle-o\"></i> <i class=\"fa fa-circle-o\"></i> </td><td align=\"right\"><i class=\"fa fa-circle-o\"></i> <i class=\"fa fa-circle-o\"></i> </tr></table>\n|uhtml|bestof|<h2><strong>Game 1</strong> of <a href=\"/game-bestof3-gen9championsvgc2026regmbbo3-2675008748\">a best-of-3</a></h2>\n|t:|1788448172\n|gametype|doubles\n|player|p1|humania1|265|1128\n|player|p2|spruce trapdoor|alder|1176\n|gen|9\n|tier|[Gen 9 Champions] VGC 2026 Reg M-B (Bo3)\n|rated|\n|rule|Species Clause: Limit one of each Pokémon\n|rule|Item Clause: Limit 1 of each item\n|clearpoke\n|poke|p1|Charizard, L50, M|\n|poke|p1|Whimsicott, L50, M|\n|poke|p1|Basculegion, L50, M|\n|poke|p1|Farigiraf, L50, F|\n|poke|p1|Kangaskhan, L50, F|\n|poke|p1|Sneasler, L50, M|\n|poke|p2|Blastoise, L50, M|\n|poke|p2|Delphox, L50, M|\n|poke|p2|Sinistcha, L50|\n|poke|p2|Sneasler, L50, F|\n|poke|p2|Kingambit, L50, M|\n|poke|p2|Incineroar, L50, F|\n|teampreview|4\n|showteam|p1|Charizard||CharizarditeY|SolarPower|WeatherBall,HeatWave,SolarBeam,Protect|Timid||M|||50|]Whimsicott||FocusSash|Prankster|Moonblast,Tailwind,SunnyDay,Encore|Timid||M|||50|]Basculegion||ChoiceScarf|Adaptability|WaveCrash,AquaJet,LastRespects,FlipTurn|Adamant||M|||50|]Farigiraf||SitrusBerry|ArmorTail|Psychic,HyperVoice,HelpingHand,TrickRoom|Modest||F|||50|]Kangaskhan||Kangaskhanite|Scrappy|FakeOut,DoubleEdge,DrainPunch,SuckerPunch|Adamant||F|||50|]Sneasler||WhiteHerb|Unburden|FakeOut,CloseCombat,DireClaw,RockTomb|Adamant||M|||50|\n|showteam|p2|Blastoise||Blastoisinite|RainDish|WaterSpout,DarkPulse,ShellSmash,Protect|Modest||M|||50|]Delphox||Delphoxite|Blaze|HeatWave,Psychic,NastyPlot,Protect|Timid||M|||50|]Sinistcha||ColburBerry|Hospitality|MatchaGotcha,RagePowder,TrickRoom,Protect|Bold|||||50|]Sneasler||FocusSash|PoisonTouch|FakeOut,PoisonJab,CloseCombat,QuickGuard|Jolly||F|||50|]Kingambit||LifeOrb|Defiant|KowtowCleave,SuckerPunch,SwordsDance,Protect|Adamant||M|||50|]Incineroar||PasshoBerry|Intimidate|FakeOut,ThroatChop,FlareBlitz,PartingShot|Careful||F|||50|\n|inactive|Battle timer is ON: inactive players will automatically lose when time's up. (requested by humania1)\n|inactive|spruce trapdoor has 60 seconds left.\n|\n|t:|1788448212\n|teamsize|p1|4\n|teamsize|p2|4\n|start\n|switch|p1a: Basculegion|Basculegion, L50, M|100/100\n|switch|p1b: Sneasler|Sneasler, L50, M|100/100\n|switch|p2a: Kingambit|Kingambit, L50, M|100/100\n|switch|p2b: Sneasler|Sneasler, L50, F|100/100\n|turn|1\n|\n|t:|1788448226\n|switch|p1a: Kangaskhan|Kangaskhan, L50, F|100/100\n|switch|p2b: Incineroar|Incineroar, L50, F|100/100\n|-ability|p2b: Incineroar|Intimidate|boost\n|-fail|p1a: Kangaskhan|unboost|atk|[from] ability: Scrappy|[of] p1a: Kangaskhan\n|-unboost|p1b: Sneasler|atk|1\n|-enditem|p1b: Sneasler|White Herb\n|-clearnegativeboost|p1b: Sneasler|[silent]\n|move|p2a: Kingambit|Protect|p2a: Kingambit\n|-singleturn|p2a: Kingambit|Protect\n|move|p1b: Sneasler|Close Combat|p2a: Kingambit\n|-activate|p2a: Kingambit|move: Protect\n|\n|upkeep\n|turn|2\n|\n|t:|1788448247\n|detailschange|p1a: Kangaskhan|Kangaskhan-Mega, L50, F\n|-mega|p1a: Kangaskhan|Kangaskhan|Kangaskhanite\n|move|p2b: Incineroar|Fake Out|p1b: Sneasler\n|-damage|p1b: Sneasler|82/100\n|cant|p1b: Sneasler|flinch\n|move|p1a: Kangaskhan|Drain Punch|p2a: Kingambit\n|-supereffective|p2a: Kingambit|2\n|-damage|p2a: Kingambit|14/100\n|-supereffective|p2a: Kingambit|2\n|-damage|p2a: Kingambit|0 fnt\n|faint|p2a: Kingambit\n|-hitcount|p2: Kingambit|2\n|\n|upkeep\n|\n|t:|1788448254\n|switch|p2a: Sneasler|Sneasler, L50, F|100/100\n|turn|3\n|\n|t:|1788448265\n|switch|p1a: Basculegion|Basculegion, L50, M|100/100\n|move|p2a: Sneasler|Fake Out|p1b: Sneasler\n|-damage|p1b: Sneasler|57/100\n|cant|p1b: Sneasler|flinch\n|move|p2b: Incineroar|Parting Shot|p1b: Sneasler\n|-unboost|p1b: Sneasler|atk|1\n|-unboost|p1b: Sneasler|spa|1\n|\n|t:|1788448273\n|switch|p2b: Delphox|Delphox, L50, M|100/100|[from] Parting Shot\n|\n|upkeep\n|turn|4\n|\n|t:|1788448285\n|switch|p1b: Farigiraf|Farigiraf, L50, F|100/100\n|switch|p2b: Incineroar|Incineroar, L50, F|100/100\n|-ability|p2b: Incineroar|Intimidate|boost\n|-unboost|p1a: Basculegion|atk|1\n|-unboost|p1b: Farigiraf|atk|1\n|move|p1a: Basculegion|Wave Crash|p2b: Incineroar\n|-supereffective|p2b: Incineroar|1\n|-enditem|p2b: Incineroar|Passho Berry|[eat]\n|-enditem|p2b: Incineroar|Passho Berry|[weaken]\n|-damage|p2b: Incineroar|43/100\n|-damage|p1a: Basculegion|81/100|[from] Recoil\n|move|p2a: Sneasler|Close Combat|p1b: Farigiraf\n|-damage|p1b: Farigiraf|34/100\n|-unboost|p2a: Sneasler|def|1\n|-unboost|p2a: Sneasler|spd|1\n|-enditem|p1b: Farigiraf|Sitrus Berry|[eat]\n|-heal|p1b: Farigiraf|59/100|[from] item: Sitrus Berry\n|\n|upkeep\n|turn|5\n|\n|t:|1788448303\n|move|p1a: Basculegion|Wave Crash|p2b: Incineroar\n|-supereffective|p2b: Incineroar|1\n|-damage|p2b: Incineroar|0 fnt\n|faint|p2b: Incineroar\n|-damage|p1a: Basculegion|66/100|[from] Recoil\n|move|p2a: Sneasler|Poison Jab|p1a: Basculegion\n|-resisted|p1a: Basculegion|1\n|-damage|p1a: Basculegion|37/100\n|move|p1b: Farigiraf|Psychic|p2a: Sneasler\n|-supereffective|p2a: Sneasler|2\n|-enditem|p2a: Sneasler|Focus Sash\n|-damage|p2a: Sneasler|1/100\n|-unboost|p2a: Sneasler|spd|1\n|\n|upkeep\n|\n|t:|1788448305\n|switch|p2b: Delphox|Delphox, L50, M|100/100\n|turn|6\n|\n|t:|1788448310\n|detailschange|p2b: Delphox|Delphox-Mega, L50, M\n|-mega|p2b: Delphox|Delphox|Delphoxite\n|move|p2a: Sneasler|Quick Guard|p2a: Sneasler\n|-singleturn|p2a: Sneasler|Quick Guard\n|move|p2b: Delphox|Psychic|p1a: Basculegion\n|-damage|p1a: Basculegion|0 fnt\n|faint|p1a: Basculegion\n|move|p1b: Farigiraf|Psychic|p2a: Sneasler\n|-supereffective|p2a: Sneasler|2\n|-damage|p2a: Sneasler|0 fnt\n|faint|p2a: Sneasler\n|\n|upkeep\n|\n|t:|1788448310\n|switch|p1a: Sneasler|Sneasler, L50, M|57/100\n|turn|7\n|\n|t:|1788448318\n|move|p2b: Delphox|Heat Wave|p1a: Sneasler|[spread] p1a,p1b\n|-damage|p1a: Sneasler|9/100\n|-damage|p1b: Farigiraf|24/100\n|move|p1a: Sneasler|Dire Claw|p2b: Delphox\n|-damage|p2b: Delphox|42/100\n|-status|p2b: Delphox|slp\n|move|p1b: Farigiraf|Hyper Voice|p2b: Delphox\n|-crit|p2b: Delphox\n|-damage|p2b: Delphox|0 fnt\n|faint|p2b: Delphox\n|\n|win|humania1\n","uploadtime":1788448318,"views":"0","formatid":"gen9championsvgc2026regmbbo3","rating":null,"private":0,"password":null}