{"id":"gen9championsvgc2026regmb-2674025113","format":"[Gen 9 Champions] VGC 2026 Reg M-B","players":["pooping duck","ethalem77"],"log":"|j|‽pooping duck\n|j|☆ethalem77\n|t:|1788289620\n|gametype|doubles\n|player|p1|pooping duck|lusamine-nihilego|1601\n|player|p2|ethalem77|acetrainer-gen4dp|1549\n|gen|9\n|tier|[Gen 9 Champions] VGC 2026 Reg M-B\n|rated|\n|rule|Species Clause: Limit one of each Pokémon\n|rule|Item Clause: Limit 1 of each item\n|clearpoke\n|poke|p1|Gyarados, L50, M, shiny|\n|poke|p1|Sinistcha, L50|\n|poke|p1|Weavile, L50, M, shiny|\n|poke|p1|Kommo-o, L50, M|\n|poke|p1|Metagross, L50, shiny|\n|poke|p1|Toxapex, L50, M, shiny|\n|poke|p2|Dragonite, L50, M|\n|poke|p2|Sneasler, L50, M|\n|poke|p2|Basculegion, L50, M|\n|poke|p2|Kingambit, L50, F|\n|poke|p2|Garchomp, L50, F|\n|poke|p2|Floette-Eternal, L50, F|\n|teampreview|4\n|inactive|Battle timer is ON: inactive players will automatically lose when time's up. (requested by ethalem77)\n|inactive|pooping duck also wants the timer to be on.\n|inactive|pooping duck has 60 seconds left.\n|inactive|ethalem77 has 60 seconds left.\n|\n|t:|1788289657\n|teamsize|p1|4\n|teamsize|p2|4\n|start\n|switch|p1a: Weavile|Weavile, L50, M, shiny|100/100\n|switch|p1b: Kommo-o|Kommo-o, L50, M|100/100\n|switch|p2a: Sneasler|Sneasler, L50, M|100/100\n|switch|p2b: Kingambit|Kingambit, L50, F|100/100\n|turn|1\n|\n|t:|1788289677\n|move|p1a: Weavile|Fake Out|p2a: Sneasler\n|-damage|p2a: Sneasler|76/100\n|cant|p2a: Sneasler|flinch\n|move|p1b: Kommo-o|Aura Sphere|p2b: Kingambit\n|-supereffective|p2b: Kingambit|2\n|-enditem|p2b: Kingambit|Chople Berry|[eat]\n|-enditem|p2b: Kingambit|Chople Berry|[weaken]\n|-damage|p2b: Kingambit|43/100\n|move|p2b: Kingambit|Low Kick|p1a: Weavile\n|-supereffective|p1a: Weavile|2\n|-enditem|p1a: Weavile|Focus Sash\n|-damage|p1a: Weavile|1/100\n|\n|upkeep\n|turn|2\n|\n|t:|1788289699\n|switch|p2b: Basculegion|Basculegion, L50, M|100/100\n|move|p2a: Sneasler|Feint|p1a: Weavile\n|-damage|p1a: Weavile|0 fnt\n|faint|p1a: Weavile\n|move|p1b: Kommo-o|Vacuum Wave|p2b: Basculegion\n|-immune|p2b: Basculegion\n|\n|upkeep\n|\n|t:|1788289709\n|switch|p1a: Toxapex|Toxapex, L50, M, shiny|100/100\n|turn|3\n|\n|t:|1788289721\n|switch|p2b: Floette|Floette-Eternal, L50, F|100/100\n|move|p2a: Sneasler|Dire Claw|p1b: Kommo-o\n|-damage|p1b: Kommo-o|65/100\n|move|p1b: Kommo-o|Clanging Scales|p2b: Floette|[spread] p2a\n|-immune|p2b: Floette\n|-damage|p2a: Sneasler|26/100\n|-unboost|p1b: Kommo-o|def|1\n|move|p1a: Toxapex|Toxic|p2b: Floette\n|-status|p2b: Floette|tox\n|\n|-damage|p2b: Floette|94/100 tox|[from] psn\n|upkeep\n|turn|4\n|\n|t:|1788289743\n|switch|p1b: Metagross|Metagross, L50, shiny|100/100\n|detailschange|p2b: Floette|Floette-Mega, L50, F\n|-mega|p2b: Floette|Floette|Floettite\n|-ability|p2b: Floette|Fairy Aura\n|move|p2a: Sneasler|Close Combat|p1b: Metagross\n|-crit|p1b: Metagross\n|-damage|p1b: Metagross|19/100\n|-unboost|p2a: Sneasler|def|1\n|-unboost|p2a: Sneasler|spd|1\n|move|p2b: Floette|Dazzling Gleam|p1b: Metagross|[spread] p1a,p1b\n|-resisted|p1a: Toxapex|1\n|-resisted|p1b: Metagross|1\n|-damage|p1a: Toxapex|82/100\n|-damage|p1b: Metagross|0 fnt\n|faint|p1b: Metagross\n|move|p1a: Toxapex|Infestation|p2b: Floette\n|-resisted|p2b: Floette|1\n|-damage|p2b: Floette|92/100 tox\n|-activate|p2b: Floette|move: Infestation|[of] p1a: Toxapex\n|\n|-heal|p1a: Toxapex|87/100|[from] item: Leftovers\n|-damage|p2b: Floette|81/100 tox|[from] psn\n|-damage|p2b: Floette|68/100 tox|[from] move: Infestation|[partiallytrapped]\n|upkeep\n|\n|t:|1788289754\n|switch|p1b: Kommo-o|Kommo-o, L50, M|65/100\n|turn|5\n|\n|t:|1788289767\n|move|p1b: Kommo-o|Protect|p1b: Kommo-o\n|-singleturn|p1b: Kommo-o|Protect\n|move|p2a: Sneasler|Feint|p1b: Kommo-o\n|-activate|p1b: Kommo-o|move: Feint\n|-damage|p1b: Kommo-o|57/100\n|move|p2b: Floette|Dazzling Gleam|p1a: Toxapex|[spread] p1a,p1b\n|-resisted|p1a: Toxapex|1\n|-supereffective|p1b: Kommo-o|2\n|-damage|p1a: Toxapex|70/100\n|-damage|p1b: Kommo-o|0 fnt\n|faint|p1b: Kommo-o\n|move|p1a: Toxapex|Infestation|p2a: Sneasler\n|-resisted|p2a: Sneasler|2\n|-damage|p2a: Sneasler|24/100\n|-activate|p2a: Sneasler|move: Infestation|[of] p1a: Toxapex\n|\n|-heal|p1a: Toxapex|76/100|[from] item: Leftovers\n|-damage|p2b: Floette|50/100g tox|[from] psn\n|-damage|p2a: Sneasler|12/100|[from] move: Infestation|[partiallytrapped]\n|-damage|p2b: Floette|38/100 tox|[from] move: Infestation|[partiallytrapped]\n|upkeep\n|turn|6\n|-message|pooping duck forfeited.\n|\n|win|ethalem77\n|raw|pooping duck's rating: 1601 &rarr; <strong>1578</strong><br />(-23 for losing)\n|raw|ethalem77's rating: 1549 &rarr; <strong>1572</strong><br />(+23 for winning)\n|l|‽pooping duck\n|player|p1|\n","uploadtime":1788289779,"views":"0","formatid":"gen9championsvgc2026regmb","rating":1572,"private":0,"password":null}