{"id":"gen9championsvgc2026regmbbo3-2674102961","format":"[Gen 9 Champions] VGC 2026 Reg M-B (Bo3)","players":["bartcr0987","Mashuno"],"log":"|j|☆bartcr0987\n|j|☆Mashuno\n|html|<table width=\"100%\"><tr><td align=\"left\">bartcr0987</td><td align=\"right\">Mashuno</tr><tr><td align=\"left\"><i class=\"fa fa-circle-o\"></i> <i class=\"fa fa-circle-o\"></i> </td><td align=\"right\"><i class=\"fa fa-circle-o\"></i> <i class=\"fa fa-circle\"></i> </tr></table>\n|uhtml|bestof|<h2><strong>Game 2</strong> of <a href=\"/game-bestof3-gen9championsvgc2026regmbbo3-2674101060\">a best-of-3</a></h2>\n|t:|1788299518\n|gametype|doubles\n|player|p1|bartcr0987|2|1270\n|player|p2|Mashuno|harlequin|1206\n|gen|9\n|tier|[Gen 9 Champions] VGC 2026 Reg M-B (Bo3)\n|rated|\n|rule|Species Clause: Limit one of each Pokémon\n|rule|Item Clause: Limit 1 of each item\n|clearpoke\n|poke|p1|Charizard, L50, M, shiny|\n|poke|p1|Sneasler, L50, M, shiny|\n|poke|p1|Floette-Eternal, L50, F|\n|poke|p1|Kingambit, L50, F, shiny|\n|poke|p1|Farigiraf, L50, M|\n|poke|p1|Gliscor, L50, M|\n|poke|p2|Pelipper, L50, M|\n|poke|p2|Archaludon, L50, M|\n|poke|p2|Blastoise, L50, M|\n|poke|p2|Sinistcha, L50|\n|poke|p2|Sableye, L50, M|\n|poke|p2|Sneasler, L50, F|\n|teampreview|4\n|showteam|p1|Charizard||CharizarditeY|SolarPower|HeatWave,SolarBeam,WeatherBall,Protect|Modest||M|||50|]Sneasler||FocusSash|Unburden|DireClaw,CloseCombat,Protect,RockSlide|Jolly||M|||50|]Floette-Eternal||Floettite|FlowerVeil|Moonblast,DazzlingGleam,LightofRuin,Protect|Modest||F|||50|]Kingambit||ChopleBerry|Defiant|KowtowCleave,SuckerPunch,LowKick,Protect|Brave||F|||50|]Farigiraf||SitrusBerry|ArmorTail|TrickRoom,Protect,Psychic,Thunderbolt|Calm||M|||50|]Gliscor||LifeOrb|HyperCutter|Protect,HighHorsepower,Tailwind,DualWingbeat|Careful||M|||50|\n|showteam|p2|Pelipper||FocusSash|Drizzle|WeatherBall,Hurricane,Tailwind,RainDance|Timid||M|||50|]Archaludon||Leftovers|Stamina|Protect,DracoMeteor,FlashCannon,ElectroShot|Modest||M|||50|]Blastoise||Blastoisinite|RainDish|Protect,WaterSpout,DarkPulse,IceBeam|Modest||M|||50|]Sinistcha||SitrusBerry|Hospitality|MatchaGotcha,RagePowder,LifeDew,TrickRoom|Bold|||||50|]Sableye||LightClay|Prankster|FoulPlay,LightScreen,Reflect,RainDance|Impish||M|||50|]Sneasler||WhiteHerb|Unburden|FakeOut,DireClaw,CloseCombat,RockSlide|Jolly||F|||50|\n|inactive|Battle timer is ON: inactive players will automatically lose when time's up. (requested by bartcr0987)\n|\n|t:|1788299565\n|teamsize|p1|4\n|teamsize|p2|4\n|start\n|switch|p1a: Kingambit|Kingambit, L50, F, shiny|100/100\n|switch|p1b: Sneasler|Sneasler, L50, M, shiny|100/100\n|switch|p2a: Kocho|Sneasler, L50, F|100/100\n|switch|p2b: Sableye|Sableye, L50, M|100/100\n|turn|1\n|\n|t:|1788299578\n|move|p1a: Kingambit|Protect|p1a: Kingambit\n|-singleturn|p1a: Kingambit|Protect\n|move|p2a: Kocho|Fake Out|p1a: Kingambit\n|-activate|p1a: Kingambit|move: Protect\n|move|p2b: Sableye|Reflect|p2b: Sableye\n|-sidestart|p2: Mashuno|Reflect\n|move|p1b: Sneasler|Close Combat|p2a: Kocho\n|-resisted|p2a: Kocho|1\n|-crit|p2a: Kocho\n|-damage|p2a: Kocho|19/100\n|-unboost|p1b: Sneasler|def|1\n|-unboost|p1b: Sneasler|spd|1\n|\n|upkeep\n|turn|2\n|inactive|bartcr0987 has 30 seconds left.\n|\n|t:|1788299607\n|move|p1b: Sneasler|Close Combat|p2a: Kocho\n|-resisted|p2a: Kocho|1\n|-damage|p2a: Kocho|0 fnt\n|-unboost|p1b: Sneasler|def|1\n|-unboost|p1b: Sneasler|spd|1\n|faint|p2a: Kocho\n|move|p2b: Sableye|Foul Play|p1b: Sneasler\n|-resisted|p1b: Sneasler|1\n|-damage|p1b: Sneasler|9/100\n|move|p1a: Kingambit|Kowtow Cleave|p2b: Sableye\n|-damage|p2b: Sableye|57/100\n|\n|upkeep\n|\n|t:|1788299627\n|switch|p2a: Dai News|Pelipper, L50, M|100/100\n|-weather|RainDance|[from] ability: Drizzle|[of] p2a: Dai News\n|turn|3\n|\n|t:|1788299639\n|move|p1b: Sneasler|Dire Claw|p2b: Sableye\n|-resisted|p2b: Sableye|1\n|-damage|p2b: Sableye|39/100\n|move|p2a: Dai News|Weather Ball|p1a: Kingambit\n|-damage|p1a: Kingambit|42/100\n|move|p2b: Sableye|Foul Play|p1b: Sneasler\n|-resisted|p1b: Sneasler|1\n|-damage|p1b: Sneasler|0 fnt\n|faint|p1b: Sneasler\n|move|p1a: Kingambit|Kowtow Cleave|p2b: Sableye\n|-damage|p2b: Sableye|0 fnt\n|faint|p2b: Sableye\n|\n|-weather|RainDance|[upkeep]\n|upkeep\n|\n|t:|1788299653\n|switch|p1b: Farigiraf|Farigiraf, L50, M|100/100\n|switch|p2b: Blastoise|Blastoise, L50, M|100/100\n|turn|4\n|\n|t:|1788299669\n|detailschange|p2b: Blastoise|Blastoise-Mega, L50, M\n|-mega|p2b: Blastoise|Blastoise|Blastoisinite\n|move|p1a: Kingambit|Sucker Punch|p2a: Dai News\n|-damage|p2a: Dai News|62/100\n|move|p2a: Dai News|Weather Ball|p1b: Farigiraf\n|-damage|p1b: Farigiraf|45/100\n|-enditem|p1b: Farigiraf|Sitrus Berry|[eat]\n|-heal|p1b: Farigiraf|70/100|[from] item: Sitrus Berry\n|move|p2b: Blastoise|Dark Pulse|p1b: Farigiraf\n|-supereffective|p1b: Farigiraf|1\n|-crit|p1b: Farigiraf\n|-damage|p1b: Farigiraf|0 fnt\n|faint|p1b: Farigiraf\n|\n|-weather|RainDance|[upkeep]\n|upkeep\n|\n|t:|1788299683\n|switch|p1b: Charizard|Charizard, L50, M, shiny|100/100\n|turn|5\n|inactive|Mashuno has 30 seconds left.\n|\n|t:|1788299712\n|move|p1b: Charizard|Protect|p1b: Charizard\n|-singleturn|p1b: Charizard|Protect\n|move|p2b: Blastoise|Protect|p2b: Blastoise\n|-singleturn|p2b: Blastoise|Protect\n|move|p1a: Kingambit|Protect|p1a: Kingambit\n|-singleturn|p1a: Kingambit|Protect\n|move|p2a: Dai News|Rain Dance||[still]\n|-fail|p2a: Dai News\n|\n|-weather|RainDance|[upkeep]\n|upkeep\n|turn|6\n|inactive|Mashuno has 30 seconds left.\n|inactive|Mashuno has 20 seconds left.\n|\n|t:|1788299750\n|detailschange|p1b: Charizard|Charizard-Mega-Y, L50, M, shiny\n|-mega|p1b: Charizard|Charizard|Charizardite Y\n|-weather|SunnyDay|[from] ability: Drought|[of] p1b: Charizard\n|move|p1a: Kingambit|Sucker Punch|p2b: Blastoise\n|-damage|p2b: Blastoise|77/100\n|move|p1b: Charizard|Solar Beam||[still]\n|-prepare|p1b: Charizard|Solar Beam\n|-anim|p1b: Charizard|Solar Beam|p2b: Blastoise\n|-supereffective|p2b: Blastoise|1\n|-damage|p2b: Blastoise|2/100\n|move|p2a: Dai News|Rain Dance|p2a: Dai News\n|-weather|RainDance\n|move|p2b: Blastoise|Water Spout|p1a: Kingambit|[spread] p1a,p1b\n|-supereffective|p1b: Charizard|1\n|-damage|p1a: Kingambit|41/100\n|-damage|p1b: Charizard|95/100\n|\n|-weather|RainDance|[upkeep]\n|upkeep\n|turn|7\n|inactive|bartcr0987 has 30 seconds left.\n|inactive|Mashuno has 30 seconds left.\n|inactive|bartcr0987 has 20 seconds left.\n|inactive|bartcr0987 has 15 seconds left.\n|\n|t:|1788299792\n|move|p1b: Charizard|Protect|p1b: Charizard\n|-singleturn|p1b: Charizard|Protect\n|move|p1a: Kingambit|Sucker Punch|p2a: Dai News\n|-damage|p2a: Dai News|26/100\n|move|p2a: Dai News|Weather Ball|p1a: Kingambit\n|-damage|p1a: Kingambit|0 fnt\n|faint|p1a: Kingambit\n|move|p2b: Blastoise|Dark Pulse|p1b: Charizard\n|-activate|p1b: Charizard|move: Protect\n|\n|-weather|RainDance|[upkeep]\n|upkeep\n|turn|8\n|inactive|bartcr0987 has 30 seconds left.\n|inactive|Mashuno has 30 seconds left.\n|inactive|Mashuno has 20 seconds left.\n|\n|t:|1788299833\n|move|p1b: Charizard|Weather Ball|p2a: Dai News\n|-resisted|p2a: Dai News|1\n|-damage|p2a: Dai News|0 fnt\n|faint|p2a: Dai News\n|move|p2b: Blastoise|Dark Pulse|p1b: Charizard\n|-damage|p1b: Charizard|54/100\n|\n|-weather|RainDance|[upkeep]\n|-sideend|p2: Mashuno|Reflect\n|upkeep\n|turn|9\n|-message|Mashuno forfeited.\n|\n|win|bartcr0987\n||Mashuno is ready for game 3.\n||bartcr0987 is ready for game 3.\n|uhtml|next|Next: <a href=\"/battle-gen9championsvgc2026regmbbo3-2674105320\"><strong>Game 3 of 3</strong></a>\n|l|☆Mashuno\n|player|p2|\n","uploadtime":1788300063,"views":"11","formatid":"gen9championsvgc2026regmbbo3","rating":null,"private":0,"password":null}