{"id":"gen9championsvgc2026regmb-2674012230","format":"[Gen 9 Champions] VGC 2026 Reg M-B","players":["CasualitoGaming","joefootball5"],"log":"|j|☆CasualitoGaming\n|j|☆joefootball5\n|t:|1788288065\n|gametype|doubles\n|player|p1|CasualitoGaming|266|1149\n|player|p2|joefootball5|170|1131\n|gen|9\n|tier|[Gen 9 Champions] VGC 2026 Reg M-B\n|rated|\n|rule|Species Clause: Limit one of each Pokémon\n|rule|Item Clause: Limit 1 of each item\n|clearpoke\n|poke|p1|Froslass, L50, F|\n|poke|p1|Dragapult, L50, F|\n|poke|p1|Dragonite, L50, F|\n|poke|p1|Bellibolt, L50, M|\n|poke|p1|Sinistcha, L50|\n|poke|p1|Araquanid, L50, F|\n|poke|p2|Sinistcha, L50|\n|poke|p2|Kingambit, L50, M|\n|poke|p2|Sneasler, L50, M|\n|poke|p2|Blastoise, L50, F|\n|poke|p2|Delphox, L50, M|\n|poke|p2|Kangaskhan, L50, F|\n|teampreview|4\n|\n|t:|1788288116\n|teamsize|p1|4\n|teamsize|p2|4\n|start\n|switch|p1a: Dragapult|Dragapult, L50, F|100/100\n|switch|p1b: Araquanid|Araquanid, L50, F|100/100\n|switch|p2a: Kangaskhan|Kangaskhan, L50, F|100/100\n|switch|p2b: Delphox|Delphox, L50, M|100/100\n|turn|1\n|\n|t:|1788288147\n|detailschange|p2b: Delphox|Delphox-Mega, L50, M\n|-mega|p2b: Delphox|Delphox|Delphoxite\n|move|p2a: Kangaskhan|Fake Out|p1a: Dragapult\n|-damage|p1a: Dragapult|75/100\n|-start|p2a: Kangaskhan|Disable|Fake Out|[from] ability: Cursed Body|[of] p1a: Dragapult\n|move|p2b: Delphox|Nasty Plot|p2b: Delphox\n|-boost|p2b: Delphox|spa|2\n|cant|p1a: Dragapult|flinch\n|move|p1b: Araquanid|Liquidation|p2b: Delphox\n|-supereffective|p2b: Delphox|1\n|-damage|p2b: Delphox|0 fnt\n|faint|p2b: Delphox\n|\n|upkeep\n|\n|t:|1788288160\n|switch|p2b: Kingambit|Kingambit, L50, M|100/100\n|turn|2\n|\n|t:|1788288201\n|move|p1a: Dragapult|Reflect|p1a: Dragapult\n|-sidestart|p1: CasualitoGaming|Reflect\n|move|p2a: Kangaskhan|Last Resort|p1b: Araquanid\n|-damage|p1b: Araquanid|45/100\n|move|p2b: Kingambit|Kowtow Cleave|p1a: Dragapult\n|-supereffective|p1a: Dragapult|1\n|-damage|p1a: Dragapult|3/100\n|move|p1b: Araquanid|Liquidation|p2b: Kingambit\n|-damage|p2b: Kingambit|47/100\n|\n|upkeep\n|turn|3\n|\n|t:|1788288225\n|move|p2b: Kingambit|Sucker Punch||[still]\n|-fail|p2b: Kingambit\n|move|p1a: Dragapult|Will-O-Wisp|p2a: Kangaskhan|[miss]\n|-miss|p1a: Dragapult|p2a: Kangaskhan\n|move|p2a: Kangaskhan|Last Resort|p1b: Araquanid\n|-damage|p1b: Araquanid|0 fnt\n|faint|p1b: Araquanid\n|\n|upkeep\n|\n|t:|1788288237\n|switch|p1b: Dragonite|Dragonite, L50, F|100/100\n|turn|4\n|\n|t:|1788288246\n|switch|p2a: Sinistcha|Sinistcha, L50|100/100\n|-heal|p2b: Kingambit|72/100|[from] ability: Hospitality|[of] p2a: Sinistcha\n|detailschange|p1b: Dragonite|Dragonite-Mega, L50, F\n|-mega|p1b: Dragonite|Dragonite|Dragoninite\n|move|p2b: Kingambit|Protect|p2b: Kingambit\n|-singleturn|p2b: Kingambit|Protect\n|move|p1a: Dragapult|Will-O-Wisp|p2a: Sinistcha\n|-status|p2a: Sinistcha|brn\n|move|p1b: Dragonite|Heat Wave|p2a: Sinistcha|[spread] p2a\n|-activate|p2b: Kingambit|move: Protect\n|-supereffective|p2a: Sinistcha|1\n|-damage|p2a: Sinistcha|49/100 brn\n|-enditem|p2a: Sinistcha|Sitrus Berry|[eat]\n|-heal|p2a: Sinistcha|74/100 brn|[from] item: Sitrus Berry\n|\n|-damage|p2a: Sinistcha|67/100 brn|[from] brn\n|upkeep\n|turn|5\n|\n|t:|1788288291\n|move|p1a: Dragapult|Will-O-Wisp|p2b: Kingambit\n|-status|p2b: Kingambit|brn\n|move|p1b: Dragonite|Heat Wave|p2b: Kingambit|[spread] p2a,p2b\n|-supereffective|p2a: Sinistcha|1\n|-supereffective|p2b: Kingambit|1\n|-damage|p2a: Sinistcha|9/100 brn\n|-damage|p2b: Kingambit|23/100 brn\n|move|p2b: Kingambit|Kowtow Cleave|p1a: Dragapult\n|-supereffective|p1a: Dragapult|1\n|-damage|p1a: Dragapult|0 fnt\n|faint|p1a: Dragapult\n|move|p2a: Sinistcha|Trick Room|p2a: Sinistcha\n|-fieldstart|move: Trick Room|[of] p2a: Sinistcha\n|\n|-damage|p2b: Kingambit|17/100 brn|[from] brn\n|-damage|p2a: Sinistcha|3/100 brn|[from] brn\n|upkeep\n|\n|t:|1788288304\n|switch|p1a: Sinistcha|Sinistcha, L50|100/100\n|turn|6\n|\n|t:|1788288319\n|move|p2b: Kingambit|Kowtow Cleave|p1a: Sinistcha\n|-supereffective|p1a: Sinistcha|1\n|-damage|p1a: Sinistcha|74/100\n|move|p2a: Sinistcha|Life Dew|p2a: Sinistcha|[spread] p2a,p2b\n|-heal|p2a: Sinistcha|28/100 brn\n|-heal|p2b: Kingambit|42/100 brn\n|move|p1b: Dragonite|Heat Wave|p2b: Kingambit|[spread] p2a,p2b\n|-supereffective|p2a: Sinistcha|1\n|-supereffective|p2b: Kingambit|1\n|-damage|p2a: Sinistcha|0 fnt\n|-damage|p2b: Kingambit|0 fnt\n|faint|p2a: Sinistcha\n|faint|p2b: Kingambit\n|move|p1a: Sinistcha|Trick Room|p1a: Sinistcha\n|-fieldend|move: Trick Room\n|\n|upkeep\n|-message|joefootball5 forfeited.\n|\n|win|CasualitoGaming\n|raw|CasualitoGaming's rating: 1149 &rarr; <strong>1173</strong><br />(+24 for winning)\n|raw|joefootball5's rating: 1131 &rarr; <strong>1107</strong><br />(-24 for losing)\n|l|☆joefootball5\n|player|p2|\n","uploadtime":1788288341,"views":"7","formatid":"gen9championsvgc2026regmb","rating":1107,"private":0,"password":null}