{"id":"gen9championsvgc2026regmb-2674256743","format":"[Gen 9 Champions] VGC 2026 Reg M-B","players":["meobeoo","yanpoke5566"],"log":"|j|☆meobeoo\n|j|☆yanpoke5566\n|t:|1788324801\n|gametype|doubles\n|player|p1|meobeoo|n|\n|player|p2|yanpoke5566|volkner|\n|gen|9\n|tier|[Gen 9 Champions] VGC 2026 Reg M-B\n|rule|Species Clause: Limit one of each Pokémon\n|rule|Item Clause: Limit 1 of each item\n|clearpoke\n|poke|p1|Froslass, L50, F|\n|poke|p1|Sneasler, L50, F|\n|poke|p1|Basculegion, L50, M|\n|poke|p1|Dragonite, L50, F|\n|poke|p1|Garchomp, L50, F|\n|poke|p1|Kingambit, L50, M|\n|poke|p2|Delphox, L50, M|\n|poke|p2|Blastoise, L50, M|\n|poke|p2|Incineroar, L50, M|\n|poke|p2|Kingambit, L50, F|\n|poke|p2|Sinistcha, L50|\n|poke|p2|Sneasler, L50, F|\n|teampreview|4\n|inactive|Battle timer is ON: inactive players will automatically lose when time's up. (requested by meobeoo)\n|inactive|meobeoo has 60 seconds left.\n|\n|t:|1788324839\n|teamsize|p1|4\n|teamsize|p2|4\n|start\n|switch|p1a: Basculegion|Basculegion, L50, M|100/100\n|switch|p1b: Sneasler|Sneasler, L50, F|100/100\n|switch|p2a: Sinistcha|Sinistcha, L50|100/100\n|switch|p2b: Sneasler|Sneasler, L50, F|100/100\n|turn|1\n|\n|t:|1788324847\n|move|p2b: Sneasler|Fake Out|p1b: Sneasler\n|-damage|p1b: Sneasler|73/100\n|cant|p1b: Sneasler|flinch\n|move|p1a: Basculegion|Last Respects|p2a: Sinistcha\n|-supereffective|p2a: Sinistcha|1\n|-damage|p2a: Sinistcha|50/100g\n|move|p2a: Sinistcha|Trick Room|p2a: Sinistcha\n|-fieldstart|move: Trick Room|[of] p2a: Sinistcha\n|\n|upkeep\n|turn|2\n|\n|t:|1788324864\n|move|p2a: Sinistcha|Matcha Gotcha|p1b: Sneasler|[spread] p1a\n|-miss|p2a: Sinistcha|p1b: Sneasler\n|-supereffective|p1a: Basculegion|1\n|-damage|p1a: Basculegion|48/100\n|-heal|p2a: Sinistcha|79/100|[from] drain|[of] p1a: Basculegion\n|move|p1a: Basculegion|Last Respects|p2a: Sinistcha\n|-supereffective|p2a: Sinistcha|1\n|-damage|p2a: Sinistcha|34/100\n|move|p1b: Sneasler|Close Combat|p2b: Sneasler\n|-resisted|p2b: Sneasler|1\n|-damage|p2b: Sneasler|50/100g\n|-unboost|p1b: Sneasler|def|1\n|-unboost|p1b: Sneasler|spd|1\n|move|p2b: Sneasler|Close Combat|p1b: Sneasler\n|-resisted|p1b: Sneasler|1\n|-damage|p1b: Sneasler|0 fnt\n|-unboost|p2b: Sneasler|def|1\n|-unboost|p2b: Sneasler|spd|1\n|faint|p1b: Sneasler\n|\n|upkeep\n|\n|t:|1788324880\n|switch|p1b: Dragonite|Dragonite, L50, F|100/100\n|turn|3\n|\n|t:|1788324895\n|detailschange|p1b: Dragonite|Dragonite-Mega, L50, F\n|-mega|p1b: Dragonite|Dragonite|Dragoninite\n|move|p1a: Basculegion|Protect|p1a: Basculegion\n|-singleturn|p1a: Basculegion|Protect\n|move|p2a: Sinistcha|Matcha Gotcha|p1a: Basculegion|[spread] p1b\n|-activate|p1a: Basculegion|move: Protect\n|-resisted|p1b: Dragonite|2\n|-damage|p1b: Dragonite|97/100\n|-heal|p2a: Sinistcha|35/100|[from] drain|[of] p1b: Dragonite\n|move|p1b: Dragonite|Heat Wave|p2b: Sneasler|[spread] p2a\n|-miss|p1b: Dragonite|p2b: Sneasler\n|-supereffective|p2a: Sinistcha|1\n|-damage|p2a: Sinistcha|0 fnt\n|faint|p2a: Sinistcha\n|move|p2b: Sneasler|Close Combat|p1b: Dragonite\n|-resisted|p1b: Dragonite|1\n|-damage|p1b: Dragonite|68/100\n|-unboost|p2b: Sneasler|def|1\n|-unboost|p2b: Sneasler|spd|1\n|\n|upkeep\n|\n|t:|1788324908\n|switch|p2a: Blastoise|Blastoise, L50, M|100/100\n|turn|4\n|inactive|meobeoo has 30 seconds left.\n|inactive|yanpoke5566 has 30 seconds left.\n|\n|t:|1788324940\n|detailschange|p2a: Blastoise|Blastoise-Mega, L50, M\n|-mega|p2a: Blastoise|Blastoise|Blastoisinite\n|move|p1a: Basculegion|Last Respects|p2a: Blastoise\n|-damage|p2a: Blastoise|37/100\n|move|p2a: Blastoise|Dark Pulse|p1a: Basculegion\n|-supereffective|p1a: Basculegion|1\n|-damage|p1a: Basculegion|0 fnt\n|faint|p1a: Basculegion\n|move|p1b: Dragonite|Dragon Pulse|p2b: Sneasler\n|-damage|p2b: Sneasler|0 fnt\n|faint|p2b: Sneasler\n|\n|upkeep\n|\n|t:|1788324953\n|switch|p1a: Garchomp|Garchomp, L50, F|100/100\n|switch|p2b: Kingambit|Kingambit, L50, F|100/100\n|turn|5\n|inactive|meobeoo has 30 seconds left.\n|inactive|yanpoke5566 has 30 seconds left.\n|inactive|meobeoo has 20 seconds left.\n|inactive|yanpoke5566 has 20 seconds left.\n|\n|t:|1788324998\n|move|p2b: Kingambit|Kowtow Cleave|p1a: Garchomp\n|-damage|p1a: Garchomp|38/100\n|-damage|p2b: Kingambit|87/100|[from] ability: Rough Skin|[of] p1a: Garchomp\n|-damage|p2b: Kingambit|78/100|[from] item: Life Orb\n|move|p2a: Blastoise|Dark Pulse|p1a: Garchomp\n|-damage|p1a: Garchomp|0 fnt\n|faint|p1a: Garchomp\n|move|p1b: Dragonite|Dragon Pulse|p2a: Blastoise\n|-damage|p2a: Blastoise|0 fnt\n|faint|p2a: Blastoise\n|\n|-fieldend|move: Trick Room\n|upkeep\n|turn|6\n|\n|t:|1788325017\n|move|p2b: Kingambit|Sucker Punch|p1b: Dragonite\n|-damage|p1b: Dragonite|17/100\n|-damage|p2b: Kingambit|68/100|[from] item: Life Orb\n|move|p1b: Dragonite|Heat Wave|p2b: Kingambit\n|-supereffective|p2b: Kingambit|1\n|-damage|p2b: Kingambit|0 fnt\n|faint|p2b: Kingambit\n|\n|win|meobeoo\n","uploadtime":1788325019,"views":"7","formatid":"gen9championsvgc2026regmb","rating":null,"private":0,"password":null}