{"id":"gen9championsvgc2026regmbbo3-2674177155","format":"[Gen 9 Champions] VGC 2026 Reg M-B (Bo3)","players":["Ggyjjh","Cjpremo"],"log":"|j|☆Ggyjjh\n|j|☆Cjpremo\n|html|<table width=\"100%\"><tr><td align=\"left\">Ggyjjh</td><td align=\"right\">Cjpremo</tr><tr><td align=\"left\"><i class=\"fa fa-circle-o\"></i> <i class=\"fa fa-circle-o\"></i> </td><td align=\"right\"><i class=\"fa fa-circle-o\"></i> <i class=\"fa fa-circle-o\"></i> </tr></table>\n|uhtml|bestof|<h2><strong>Game 1</strong> of <a href=\"/game-bestof3-gen9championsvgc2026regmbbo3-2674177154\">a best-of-3</a></h2>\n|t:|1788310760\n|gametype|doubles\n|player|p1|Ggyjjh|265|1080\n|player|p2|Cjpremo|265|1030\n|gen|9\n|tier|[Gen 9 Champions] VGC 2026 Reg M-B (Bo3)\n|rated|\n|rule|Species Clause: Limit one of each Pokémon\n|rule|Item Clause: Limit 1 of each item\n|clearpoke\n|poke|p1|Aerodactyl, L50, M|\n|poke|p1|Mawile, L50, F|\n|poke|p1|Sneasler, L50, F|\n|poke|p1|Garchomp, L50, F|\n|poke|p1|Hydreigon, L50, M|\n|poke|p1|Charizard, L50, M|\n|poke|p2|Whimsicott, L50, F|\n|poke|p2|Garchomp, L50, F|\n|poke|p2|Basculegion, L50, M|\n|poke|p2|Kingambit, L50, M|\n|poke|p2|Raichu, L50, F|\n|poke|p2|Sylveon, L50, F|\n|teampreview|4\n|showteam|p1|Aerodactyl||FocusSash|Unnerve|RockSlide,WideGuard,Tailwind,Protect|Jolly||M|||50|]Mawile||Mawilite|Intimidate|IronHead,PlayRough,SuckerPunch,Protect|Adamant||F|||50|]Sneasler||LifeOrb|PoisonTouch|CloseCombat,PoisonJab,FakeOut,Protect|Jolly||F|||50|]Garchomp||SitrusBerry|RoughSkin|DragonClaw,Earthquake,RockSlide,Protect|Adamant||F|||50|]Hydreigon||HabanBerry|Levitate|DracoMeteor,DarkPulse,EarthPower,Protect|Modest||M|||50|]Charizard||CharizarditeY|Blaze|HeatWave,SolarBeam,WeatherBall,Protect|Modest||M|||50|\n|showteam|p2|Whimsicott||FocusSash|Prankster|Moonblast,Tailwind,Encore,Protect|Timid||F|||50|]Garchomp||SitrusBerry|RoughSkin|DragonClaw,StompingTantrum,RockSlide,Protect|Adamant||F|||50|]Basculegion||LifeOrb|Adaptability|WaveCrash,LastRespects,AquaJet,Protect|Adamant||M|||50|]Kingambit||BlackGlasses|Defiant|KowtowCleave,SuckerPunch,SwordsDance,Protect|Adamant||M|||50|]Raichu||RaichuniteY|LightningRod|FocusBlast,FakeOut,ZapCannon,Protect|Timid||F|||50|]Sylveon||FairyFeather|Pixilate|HyperVoice,HyperBeam,Detect,QuickAttack|Modest||F|||50|\n|inactive|Battle timer is ON: inactive players will automatically lose when time's up. (requested by Cjpremo)\n|inactive|Ggyjjh has 60 seconds left.\n|l|☆Cjpremo\n|inactive|Cjpremo disconnected and has a minute to reconnect!\n|player|p2|\n|\n|t:|1788310797\n|teamsize|p1|4\n|teamsize|p2|4\n|start\n|switch|p1a: Garchomp|Garchomp, L50, F|100/100\n|switch|p1b: Sneasler|Sneasler, L50, F|100/100\n|switch|p2a: Raichu|Raichu, L50, F|100/100\n|switch|p2b: Whimsicott|Whimsicott, L50, F|100/100\n|turn|1\n|j|☆Cjpremo\n|inactive|Cjpremo reconnected and has 50 seconds left.\n|player|p2|Cjpremo|265|\n|inactive|Ggyjjh has 30 seconds left.\n|inactive|Cjpremo has 30 seconds left.\n|\n|t:|1788310831\n|switch|p1b: Aerodactyl|Aerodactyl, L50, M|100/100\n|-ability|p1b: Aerodactyl|Unnerve\n|switch|p2b: Kingambit|Kingambit, L50, M|100/100\n|detailschange|p2a: Raichu|Raichu-Mega-Y, L50, F\n|-mega|p2a: Raichu|Raichu|Raichunite Y\n|move|p2a: Raichu|Fake Out|p1a: Garchomp\n|-damage|p1a: Garchomp|91/100\n|-damage|p2a: Raichu|87/100|[from] ability: Rough Skin|[of] p1a: Garchomp\n|cant|p1a: Garchomp|flinch\n|\n|upkeep\n|turn|2\n|\n|t:|1788310856\n|switch|p2a: Whimsicott|Whimsicott, L50, F|100/100\n|move|p2b: Kingambit|Protect|p2b: Kingambit\n|-singleturn|p2b: Kingambit|Protect\n|move|p1b: Aerodactyl|Tailwind|p1b: Aerodactyl\n|-sidestart|p1: Ggyjjh|move: Tailwind\n|move|p1a: Garchomp|Earthquake|p2a: Whimsicott|[spread] p2a\n|-activate|p2b: Kingambit|move: Protect\n|-immune|p1b: Aerodactyl\n|-resisted|p2a: Whimsicott|1\n|-damage|p2a: Whimsicott|69/100\n|\n|upkeep\n|turn|3\n|\n|t:|1788310877\n|switch|p2b: Garchomp|Garchomp, L50, F|100/100\n|move|p2a: Whimsicott|Tailwind|p2a: Whimsicott\n|-sidestart|p2: Cjpremo|move: Tailwind\n|move|p1b: Aerodactyl|Rock Slide|p2a: Whimsicott|[spread] p2a,p2b\n|-resisted|p2b: Garchomp|1\n|-damage|p2a: Whimsicott|33/100\n|-damage|p2b: Garchomp|87/100\n|move|p1a: Garchomp|Earthquake|p2a: Whimsicott|[spread] p2a,p2b\n|-immune|p1b: Aerodactyl\n|-resisted|p2a: Whimsicott|1\n|-damage|p2a: Whimsicott|5/100\n|-damage|p2b: Garchomp|47/100\n|\n|upkeep\n|turn|4\n|inactive|Cjpremo has 30 seconds left.\n|\n|t:|1788310908\n|move|p2a: Whimsicott|Encore|p1a: Garchomp\n|-start|p1a: Garchomp|Encore\n|move|p1b: Aerodactyl|Rock Slide|p2b: Garchomp|[spread] p2a,p2b\n|-resisted|p2b: Garchomp|1\n|-damage|p2a: Whimsicott|0 fnt\n|-damage|p2b: Garchomp|34/100\n|faint|p2a: Whimsicott\n|move|p2b: Garchomp|Rock Slide|p1a: Garchomp|[spread] \n|-miss|p2b: Garchomp|p1a: Garchomp\n|-miss|p2b: Garchomp|p1b: Aerodactyl\n|move|p1a: Garchomp|Earthquake|p2b: Garchomp|[spread] p2b\n|-immune|p1b: Aerodactyl\n|-crit|p2b: Garchomp\n|-damage|p2b: Garchomp|0 fnt\n|faint|p2b: Garchomp\n|\n|upkeep\n|\n|t:|1788310919\n|switch|p2a: Raichu|Raichu-Mega-Y, L50, F|87/100\n|switch|p2b: Kingambit|Kingambit, L50, M|100/100\n|turn|5\n|\n|t:|1788310929\n|move|p2a: Raichu|Fake Out|p1a: Garchomp\n|-damage|p1a: Garchomp|84/100\n|-damage|p2a: Raichu|75/100|[from] ability: Rough Skin|[of] p1a: Garchomp\n|move|p1b: Aerodactyl|Rock Slide|p2b: Kingambit|[spread] p2a,p2b\n|-resisted|p2b: Kingambit|1\n|-damage|p2a: Raichu|21/100\n|-damage|p2b: Kingambit|91/100\n|cant|p1a: Garchomp|flinch\n|cant|p2b: Kingambit|flinch\n|\n|-sideend|p1: Ggyjjh|move: Tailwind\n|upkeep\n|turn|6\n|\n|t:|1788310944\n|move|p2b: Kingambit|Sucker Punch||[still]\n|-fail|p2b: Kingambit\n|move|p2a: Raichu|Zap Cannon|p1b: Aerodactyl\n|-supereffective|p1b: Aerodactyl|1\n|-enditem|p1b: Aerodactyl|Focus Sash\n|-damage|p1b: Aerodactyl|1/100\n|-status|p1b: Aerodactyl|par\n|move|p1a: Garchomp|Earthquake|p2a: Raichu|[spread] p2a,p2b\n|-immune|p1b: Aerodactyl\n|-supereffective|p2a: Raichu|1\n|-supereffective|p2b: Kingambit|1\n|-damage|p2a: Raichu|0 fnt\n|-damage|p2b: Kingambit|35/100\n|faint|p2a: Raichu\n|move|p1b: Aerodactyl|Tailwind|p1b: Aerodactyl\n|-sidestart|p1: Ggyjjh|move: Tailwind\n|\n|-end|p1a: Garchomp|Encore\n|-sideend|p2: Cjpremo|move: Tailwind\n|upkeep\n|turn|7\n|\n|t:|1788310963\n|move|p1b: Aerodactyl|Protect|p1b: Aerodactyl\n|-singleturn|p1b: Aerodactyl|Protect\n|move|p2b: Kingambit|Sucker Punch|p1a: Garchomp\n|-damage|p1a: Garchomp|46/100\n|-damage|p2b: Kingambit|23/100|[from] ability: Rough Skin|[of] p1a: Garchomp\n|-enditem|p1a: Garchomp|Sitrus Berry|[eat]\n|-heal|p1a: Garchomp|71/100|[from] item: Sitrus Berry\n|move|p1a: Garchomp|Earthquake|p2b: Kingambit|[spread] p2b\n|-activate|p1b: Aerodactyl|move: Protect\n|-supereffective|p2b: Kingambit|1\n|-damage|p2b: Kingambit|0 fnt\n|faint|p2b: Kingambit\n|\n|win|Ggyjjh\n|l|☆Cjpremo\n|player|p2|\n","uploadtime":1788310967,"views":"1","formatid":"gen9championsvgc2026regmbbo3","rating":null,"private":0,"password":null}