{"id":"gen9championsvgc2026regmbbo3-2673664127","format":"[Gen 9 Champions] VGC 2026 Reg M-B (Bo3)","players":["eabbo","Dusk_Volca"],"log":"|j|☆eabbo\n|j|☆Dusk_Volca\n|html|<table width=\"100%\"><tr><td align=\"left\">eabbo</td><td align=\"right\">Dusk_Volca</tr><tr><td align=\"left\"><i class=\"fa fa-circle\"></i> <i class=\"fa fa-circle-o\"></i> </td><td align=\"right\"><i class=\"fa fa-circle-o\"></i> <i class=\"fa fa-circle\"></i> </tr></table>\n|uhtml|bestof|<h2><strong>Game 3</strong> of <a href=\"/game-bestof3-gen9championsvgc2026regmbbo3-2673661117\">a best-of-3</a></h2>\n|t:|1788229363\n|gametype|doubles\n|player|p1|eabbo|2|\n|player|p2|Dusk_Volca|roxanne-masters|\n|gen|9\n|tier|[Gen 9 Champions] VGC 2026 Reg M-B (Bo3)\n|rule|Species Clause: Limit one of each Pokémon\n|rule|Item Clause: Limit 1 of each item\n|clearpoke\n|poke|p1|Whimsicott, L50, M|\n|poke|p1|Garchomp, L50, F|\n|poke|p1|Basculegion, L50, M|\n|poke|p1|Kingambit, L50, F|\n|poke|p1|Sylveon, L50, F|\n|poke|p1|Charizard, L50, M|\n|poke|p2|Gardevoir, L50, F, shiny|\n|poke|p2|Basculegion, L50, M, shiny|\n|poke|p2|Talonflame, L50, F, shiny|\n|poke|p2|Maushold-Four, L50, shiny|\n|poke|p2|Kingambit, L50, F, shiny|\n|poke|p2|Kommo-o, L50, M, shiny|\n|teampreview|4\n|showteam|p1|Whimsicott||FocusSash|Prankster|Moonblast,Tailwind,Encore,Protect|Timid||M|||50|]Garchomp||LifeOrb|RoughSkin|DragonClaw,StompingTantrum,RockSlide,Protect|Adamant||F|||50|]Basculegion||ChoiceScarf|Adaptability|WaveCrash,LastRespects,AquaJet,FlipTurn|Adamant||M|||50|]Kingambit||ChopleBerry|Defiant|KowtowCleave,Protect,LowKick,SuckerPunch|Adamant||F|||50|]Sylveon||FairyFeather|Pixilate|HyperBeam,HyperVoice,QuickAttack,Protect|Calm||F|||50|]Charizard||CharizarditeY|Blaze|HeatWave,SolarBeam,WeatherBall,Protect|Bold||M|||50|\n|showteam|p2|Gardevoir||Gardevoirite|Synchronize|HyperVoice,Protect,Psychic,Thunderbolt|Modest||F|||50|]Basculegion||ChoiceScarf|Adaptability|AquaJet,FlipTurn,LastRespects,WaveCrash|Jolly||M|||50|]Talonflame||SharpBeak|GaleWings|DualWingbeat,FlareBlitz,Protect,Tailwind|Jolly||F|||50|]Maushold-Four||FocusSash|FriendGuard|Feint,FollowMe,Protect,SuperFang|Jolly|||||50|]Kingambit||ExpertBelt|Defiant|KowtowCleave,IronHead,LowKick,SuckerPunch|Jolly||F|||50|]Kommo-o||LifeOrb|Soundproof|AuraSphere,ClangingScales,DracoMeteor,Protect|Modest||M|||50|\n|\n|t:|1788229382\n|teamsize|p1|4\n|teamsize|p2|4\n|start\n|switch|p1a: Charizard|Charizard, L50, M|100/100\n|switch|p1b: Whimsicott|Whimsicott, L50, M|100/100\n|switch|p2a: Idol|Gardevoir, L50, F, shiny|100/100\n|switch|p2b: Pilot|Talonflame, L50, F, shiny|100/100\n|turn|1\n|\n|t:|1788229405\n|detailschange|p1a: Charizard|Charizard-Mega-Y, L50, M\n|-mega|p1a: Charizard|Charizard|Charizardite Y\n|-weather|SunnyDay|[from] ability: Drought|[of] p1a: Charizard\n|detailschange|p2a: Idol|Gardevoir-Mega, L50, F, shiny\n|-mega|p2a: Idol|Gardevoir|Gardevoirite\n|move|p1b: Whimsicott|Protect|p1b: Whimsicott\n|-singleturn|p1b: Whimsicott|Protect\n|move|p2b: Pilot|Tailwind|p2b: Pilot\n|-sidestart|p2: Dusk_Volca|move: Tailwind\n|move|p2a: Idol|Thunderbolt|p1a: Charizard\n|-supereffective|p1a: Charizard|1\n|-damage|p1a: Charizard|30/100\n|move|p1a: Charizard|Heat Wave|p2a: Idol|[spread] p2a,p2b\n|-resisted|p2b: Pilot|1\n|-damage|p2a: Idol|49/100\n|-damage|p2b: Pilot|52/100\n|\n|-weather|SunnyDay|[upkeep]\n|upkeep\n|turn|2\n|\n|t:|1788229452\n|switch|p1a: Sylveon|Sylveon, L50, F|100/100\n|move|p1b: Whimsicott|Tailwind|p1b: Whimsicott\n|-sidestart|p1: eabbo|move: Tailwind\n|move|p2b: Pilot|Dual Wingbeat|p1b: Whimsicott\n|-supereffective|p1b: Whimsicott|1\n|-damage|p1b: Whimsicott|46/100\n|-supereffective|p1b: Whimsicott|1\n|-damage|p1b: Whimsicott|0 fnt\n|faint|p1b: Whimsicott\n|-hitcount|p1: Whimsicott|2\n|move|p2a: Idol|Thunderbolt|p1a: Sylveon\n|-damage|p1a: Sylveon|73/100\n|\n|-weather|SunnyDay|[upkeep]\n|upkeep\n|\n|t:|1788229465\n|switch|p1b: Charizard|Charizard-Mega-Y, L50, M|30/100\n|turn|3\n|\n|t:|1788229477\n|switch|p2a: Expeditioner|Kommo-o, L50, M, shiny|100/100\n|move|p2b: Pilot|Flare Blitz|p1a: Sylveon\n|-damage|p1a: Sylveon|0 fnt\n|faint|p1a: Sylveon\n|-damage|p2b: Pilot|24/100|[from] Recoil\n|move|p1b: Charizard|Heat Wave|p2b: Pilot|[spread] p2a,p2b\n|-resisted|p2a: Expeditioner|1\n|-resisted|p2b: Pilot|1\n|-damage|p2a: Expeditioner|67/100\n|-damage|p2b: Pilot|0 fnt\n|faint|p2b: Pilot\n|\n|-weather|SunnyDay|[upkeep]\n|upkeep\n|\n|t:|1788229491\n|switch|p2b: Coach|Maushold-Four, L50, shiny|100/100\n|switch|p1a: Kingambit|Kingambit, L50, F|100/100\n|turn|4\n|\n|t:|1788229509\n|move|p1b: Charizard|Protect|p1b: Charizard\n|-singleturn|p1b: Charizard|Protect\n|move|p2b: Coach|Follow Me|p2b: Coach\n|-singleturn|p2b: Coach|move: Follow Me\n|move|p2a: Expeditioner|Clanging Scales|p1a: Kingambit|[spread] p1a\n|-activate|p1b: Charizard|move: Protect\n|-resisted|p1a: Kingambit|1\n|-damage|p1a: Kingambit|78/100\n|-unboost|p2a: Expeditioner|def|1\n|-damage|p2a: Expeditioner|57/100|[from] item: Life Orb\n|move|p1a: Kingambit|Low Kick|p2b: Coach\n|-supereffective|p2b: Coach|1\n|-damage|p2b: Coach|82/100\n|\n|-weather|SunnyDay|[upkeep]\n|-sideend|p2: Dusk_Volca|move: Tailwind\n|upkeep\n|turn|5\n|\n|t:|1788229533\n|move|p2b: Coach|Protect|p2b: Coach\n|-singleturn|p2b: Coach|Protect\n|move|p2a: Expeditioner|Protect|p2a: Expeditioner\n|-singleturn|p2a: Expeditioner|Protect\n|move|p1b: Charizard|Heat Wave|p2b: Coach|[spread] \n|-activate|p2a: Expeditioner|move: Protect\n|-activate|p2b: Coach|move: Protect\n|move|p1a: Kingambit|Kowtow Cleave|p2b: Coach\n|-activate|p2b: Coach|move: Protect\n|\n|-weather|none\n|-sideend|p1: eabbo|move: Tailwind\n|upkeep\n|turn|6\n|\n|t:|1788229563\n|move|p2b: Coach|Follow Me|p2b: Coach\n|-singleturn|p2b: Coach|move: Follow Me\n|move|p2a: Expeditioner|Clanging Scales|p1b: Charizard|[spread] p1a,p1b\n|-resisted|p1a: Kingambit|1\n|-damage|p1a: Kingambit|59/100\n|-damage|p1b: Charizard|0 fnt\n|faint|p1b: Charizard\n|-unboost|p2a: Expeditioner|def|1\n|-damage|p2a: Expeditioner|47/100|[from] item: Life Orb\n|move|p1a: Kingambit|Kowtow Cleave|p2b: Coach\n|-damage|p2b: Coach|25/100\n|\n|upkeep\n|turn|7\n|\n|t:|1788229576\n|move|p2b: Coach|Follow Me|p2b: Coach\n|-singleturn|p2b: Coach|move: Follow Me\n|move|p1a: Kingambit|Sucker Punch||[still]\n|-fail|p1a: Kingambit\n|move|p2a: Expeditioner|Aura Sphere|p1a: Kingambit\n|-supereffective|p1a: Kingambit|2\n|-enditem|p1a: Kingambit|Chople Berry|[eat]\n|-enditem|p1a: Kingambit|Chople Berry|[weaken]\n|-damage|p1a: Kingambit|0 fnt\n|faint|p1a: Kingambit\n|-damage|p2a: Expeditioner|37/100|[from] item: Life Orb\n|\n|win|Dusk_Volca\n|c|☆Dusk_Volca|ggs\n","uploadtime":1788229609,"views":"9","formatid":"gen9championsvgc2026regmbbo3","rating":null,"private":0,"password":null}