{"id":"gen9championsvgc2026regmbbo3-2674101502","format":"[Gen 9 Champions] VGC 2026 Reg M-B (Bo3)","players":["ben 10 brasileiro","trikkroomm"],"log":"|j|☆ben 10 brasileiro\n|j|☆trikkroomm\n|html|<table width=\"100%\"><tr><td align=\"left\">ben 10 brasileiro</td><td align=\"right\">trikkroomm</tr><tr><td align=\"left\"><i class=\"fa fa-circle-o\"></i> <i class=\"fa fa-circle-o\"></i> </td><td align=\"right\"><i class=\"fa fa-circle-o\"></i> <i class=\"fa fa-circle-o\"></i> </tr></table>\n|uhtml|bestof|<h2><strong>Game 1</strong> of <a href=\"/game-bestof3-gen9championsvgc2026regmbbo3-2674101501\">a best-of-3</a></h2>\n|t:|1788299321\n|gametype|doubles\n|player|p1|ben 10 brasileiro|n|1074\n|player|p2|trikkroomm|266|1154\n|gen|9\n|tier|[Gen 9 Champions] VGC 2026 Reg M-B (Bo3)\n|rated|\n|rule|Species Clause: Limit one of each Pokémon\n|rule|Item Clause: Limit 1 of each item\n|clearpoke\n|poke|p1|Froslass, L50, F|\n|poke|p1|Kingambit, L50, F|\n|poke|p1|Sneasler, L50, F|\n|poke|p1|Lycanroc-Dusk, L50, F|\n|poke|p1|Basculegion, L50, M|\n|poke|p1|Scovillain, L50, F|\n|poke|p2|Vivillon-Ocean, L50, F|\n|poke|p2|Charizard, L50, M|\n|poke|p2|Maushold-Four, L50|\n|poke|p2|Garchomp, L50, M|\n|poke|p2|Whimsicott, L50, F|\n|poke|p2|Blastoise, L50, M|\n|teampreview|4\n|showteam|p1|Froslass||Froslassite|CursedBody|Blizzard,ShadowBall,AuroraVeil,Protect|Timid||F|||50|]Kingambit||BlackGlasses|Defiant|KowtowCleave,SuckerPunch,SwordsDance,Protect|Adamant||F|||50|]Sneasler||WhiteHerb|Unburden|FakeOut,CloseCombat,DireClaw,Protect|Adamant||F|||50|]Lycanroc-Dusk||FocusSash|ToughClaws|Accelerock,CloseCombat,RockSlide,Protect|Jolly||F|||50|]Basculegion||LifeOrb|Adaptability|WaveCrash,LastRespects,AquaJet,Protect|Jolly||M|||50|]Scovillain||Scovillainite|Moody|Overheat,GigaDrain,RagePowder,Protect|Calm||F|||50|\n|showteam|p2|Vivillon-Ocean||ChoiceScarf|CompoundEyes|SleepPowder,Hurricane,Tailwind,RagePowder|Timid||F|||50|]Charizard||CharizarditeY|Blaze|HeatWave,SolarBeam,AncientPower,Protect|Modest||M|||50|]Maushold-Four||WideLens|Technician|PopulationBomb,FollowMe,Feint,Protect|Jolly|||||50|]Garchomp||LifeOrb|RoughSkin|Earthquake,DragonClaw,StompingTantrum,RockSlide|Jolly||M|||50|]Whimsicott||FocusSash|Prankster|Moonblast,Encore,Tailwind,Protect|Timid||F|||50|]Blastoise||Blastoisinite|RainDish|WaterSpout,DarkPulse,FakeOut,ShellSmash|Modest||M|||50|\n|inactive|Battle timer is ON: inactive players will automatically lose when time's up. (requested by ben 10 brasileiro)\n|\n|t:|1788299341\n|teamsize|p1|4\n|teamsize|p2|4\n|start\n|switch|p1a: Lycanroc|Lycanroc-Dusk, L50, F|100/100\n|switch|p1b: Sneasler|Sneasler, L50, F|100/100\n|switch|p2a: Blastoise|Blastoise, L50, M|100/100\n|switch|p2b: Vivillon|Vivillon-Ocean, L50, F|100/100\n|turn|1\n|inactive|trikkroomm has 30 seconds left.\n|\n|t:|1788299366\n|switch|p2b: Garchomp|Garchomp, L50, M|100/100\n|detailschange|p2a: Blastoise|Blastoise-Mega, L50, M\n|-mega|p2a: Blastoise|Blastoise|Blastoisinite\n|move|p1b: Sneasler|Fake Out|p2a: Blastoise\n|-damage|p2a: Blastoise|83/100\n|cant|p2a: Blastoise|flinch\n|move|p1a: Lycanroc|Accelerock|p2b: Garchomp\n|-resisted|p2b: Garchomp|1\n|-damage|p2b: Garchomp|86/100\n|-damage|p1a: Lycanroc|88/100|[from] ability: Rough Skin|[of] p2b: Garchomp\n|\n|upkeep\n|turn|2\n|\n|t:|1788299391\n|switch|p2a: Vivillon|Vivillon-Ocean, L50, F|100/100\n|move|p1a: Lycanroc|Protect|p1a: Lycanroc\n|-singleturn|p1a: Lycanroc|Protect\n|move|p1b: Sneasler|Close Combat|p2a: Vivillon\n|-resisted|p2a: Vivillon|2\n|-damage|p2a: Vivillon|74/100\n|-unboost|p1b: Sneasler|def|1\n|-unboost|p1b: Sneasler|spd|1\n|-enditem|p1b: Sneasler|White Herb\n|-clearnegativeboost|p1b: Sneasler|[silent]\n|move|p2b: Garchomp|Earthquake|p1a: Lycanroc|[spread] p1b\n|-activate|p1a: Lycanroc|move: Protect\n|-immune|p2a: Vivillon\n|-supereffective|p1b: Sneasler|1\n|-damage|p1b: Sneasler|0 fnt\n|faint|p1b: Sneasler\n|-damage|p2b: Garchomp|76/100|[from] item: Life Orb\n|\n|upkeep\n|\n|t:|1788299397\n|switch|p1b: Scovillain|Scovillain, L50, F|100/100\n|turn|3\n|\n|t:|1788299417\n|switch|p2a: Maushold|Maushold-Four, L50|100/100\n|detailschange|p1b: Scovillain|Scovillain-Mega, L50, F\n|-mega|p1b: Scovillain|Scovillain|Scovillainite\n|move|p1b: Scovillain|Rage Powder|p1b: Scovillain\n|-singleturn|p1b: Scovillain|move: Rage Powder\n|move|p1a: Lycanroc|Rock Slide|p2b: Garchomp|[spread] p2a,p2b\n|-resisted|p2b: Garchomp|1\n|-damage|p2a: Maushold|58/100\n|-damage|p2b: Garchomp|62/100\n|cant|p2b: Garchomp|flinch\n|\n|upkeep\n|turn|4\n|\n|t:|1788299433\n|move|p2a: Maushold|Protect|p2a: Maushold\n|-singleturn|p2a: Maushold|Protect\n|move|p1a: Lycanroc|Close Combat|p2a: Maushold\n|-activate|p2a: Maushold|move: Protect\n|move|p2b: Garchomp|Earthquake|p1a: Lycanroc|[spread] p1a,p1b\n|-activate|p2a: Maushold|move: Protect\n|-supereffective|p1a: Lycanroc|1\n|-damage|p1a: Lycanroc|0 fnt\n|-damage|p1b: Scovillain|43/100\n|-status|p2b: Garchomp|brn|[from] ability: Spicy Spray|[of] p1b: Scovillain\n|faint|p1a: Lycanroc\n|-damage|p2b: Garchomp|53/100 brn|[from] item: Life Orb\n|move|p1b: Scovillain|Giga Drain|p2b: Garchomp\n|-damage|p2b: Garchomp|14/100 brn\n|-heal|p1b: Scovillain|63/100|[from] drain|[of] p2b: Garchomp\n|\n|-damage|p2b: Garchomp|8/100 brn|[from] brn\n|upkeep\n|\n|t:|1788299436\n|switch|p1a: Basculegion|Basculegion, L50, M|100/100\n|turn|5\n|inactive|ben 10 brasileiro has 30 seconds left.\n|\n|t:|1788299469\n|move|p1a: Basculegion|Aqua Jet|p2b: Garchomp\n|-damage|p2b: Garchomp|0 fnt\n|-damage|p1a: Basculegion|87/100|[from] ability: Rough Skin|[of] p2b: Garchomp\n|faint|p2b: Garchomp\n|-damage|p1a: Basculegion|78/100|[from] item: Life Orb\n|move|p2a: Maushold|Population Bomb|p1b: Scovillain\n|-damage|p1b: Scovillain|49/100\n|-status|p2a: Maushold|brn|[from] ability: Spicy Spray|[of] p1b: Scovillain\n|-crit|p1b: Scovillain\n|-damage|p1b: Scovillain|39/100\n|-damage|p1b: Scovillain|33/100\n|-damage|p1b: Scovillain|27/100\n|-damage|p1b: Scovillain|21/100\n|-damage|p1b: Scovillain|14/100\n|-damage|p1b: Scovillain|7/100\n|-damage|p1b: Scovillain|1/100\n|-damage|p1b: Scovillain|0 fnt\n|faint|p1b: Scovillain\n|-hitcount|p1: Scovillain|9\n|\n|-damage|p2a: Maushold|52/100 brn|[from] brn\n|upkeep\n|\n|t:|1788299488\n|switch|p2b: Vivillon|Vivillon-Ocean, L50, F|74/100\n|turn|6\n|\n|t:|1788299502\n|switch|p2a: Blastoise|Blastoise-Mega, L50, M|83/100\n|move|p1a: Basculegion|Aqua Jet|p2b: Vivillon\n|-crit|p2b: Vivillon\n|-damage|p2b: Vivillon|2/100\n|-damage|p1a: Basculegion|68/100|[from] item: Life Orb\n|move|p2b: Vivillon|Sleep Powder|p1a: Basculegion\n|-status|p1a: Basculegion|slp|[from] move: Sleep Powder\n|\n|upkeep\n|turn|7\n|\n|t:|1788299508\n|move|p2b: Vivillon|Sleep Powder|p1a: Basculegion\n|-fail|p1a: Basculegion|slp\n|cant|p1a: Basculegion|slp\n|move|p2a: Blastoise|Dark Pulse|p1a: Basculegion\n|-supereffective|p1a: Basculegion|1\n|-damage|p1a: Basculegion|0 fnt\n|faint|p1a: Basculegion\n|\n|win|trikkroomm\n||ben 10 brasileiro is ready for game 2.\n||trikkroomm is ready for game 2.\n|uhtml|next|Next: <a href=\"/battle-gen9championsvgc2026regmbbo3-2674102908\"><strong>Game 2 of 3</strong></a>\n","uploadtime":1788299726,"views":"3","formatid":"gen9championsvgc2026regmbbo3","rating":null,"private":0,"password":null}