{"id":"gen9championsvgc2026regmb-2674508017","format":"[Gen 9 Champions] VGC 2026 Reg M-B","players":["shxdownxnja23","bruhdnigerian"],"log":"|j|☆shxdownxnja23\n|j|☆bruhdnigerian\n|t:|1788368025\n|gametype|doubles\n|player|p1|shxdownxnja23|steven|1076\n|player|p2|bruhdnigerian|lance|1159\n|gen|9\n|tier|[Gen 9 Champions] VGC 2026 Reg M-B\n|rated|\n|rule|Species Clause: Limit one of each Pokémon\n|rule|Item Clause: Limit 1 of each item\n|clearpoke\n|poke|p1|Staraptor, L50, F|\n|poke|p1|Whimsicott, L50, F|\n|poke|p1|Meowscarada, L50, F|\n|poke|p1|Milotic, L50, M|\n|poke|p1|Incineroar, L50, F|\n|poke|p1|Raichu, L50, M|\n|poke|p2|Pangoro, L50, M|\n|poke|p2|Chandelure, L50, F|\n|poke|p2|Spiritomb, L50, F|\n|poke|p2|Bastiodon, L50, M|\n|poke|p2|Sneasler, L50, F|\n|poke|p2|Espeon, L50, F|\n|teampreview|4\n|inactive|Battle timer is ON: inactive players will automatically lose when time's up. (requested by bruhdnigerian)\n|inactive|shxdownxnja23 also wants the timer to be on.\nbruhdnigerian rejected open team sheets.\n|inactive|shxdownxnja23 has 60 seconds left.\n|\n|t:|1788368058\n|teamsize|p1|4\n|teamsize|p2|4\n|start\n|switch|p1a: Staraptor|Staraptor, L50, F|100/100\n|switch|p1b: Milotic|Milotic, L50, M|100/100\n|switch|p2a: Sneasler|Sneasler, L50, F|100/100\n|switch|p2b: Chandelure|Chandelure, L50, F|100/100\n|-ability|p2a: Sneasler|Pressure\n|turn|1\n|\n|t:|1788368074\n|detailschange|p2b: Chandelure|Chandelure-Mega, L50, F\n|-mega|p2b: Chandelure|Chandelure|Chandelurite\n|move|p1a: Staraptor|Protect|p1a: Staraptor\n|-singleturn|p1a: Staraptor|Protect\n|move|p1b: Milotic|Protect|p1b: Milotic\n|-singleturn|p1b: Milotic|Protect\n|move|p2a: Sneasler|Fake Out|p1b: Milotic\n|-activate|p1b: Milotic|move: Protect\n|move|p2b: Chandelure|Flamethrower|p1a: Staraptor\n|-activate|p1a: Staraptor|move: Protect\n|\n|upkeep\n|turn|2\n|inactive|bruhdnigerian has 30 seconds left.\n|inactive|bruhdnigerian has 20 seconds left.\n|inactive|bruhdnigerian has 15 seconds left.\n|\n|t:|1788368116\n|move|p2a: Sneasler|Close Combat|p1a: Staraptor\n|-damage|p1a: Staraptor|28/100\n|-unboost|p2a: Sneasler|def|1\n|-unboost|p2a: Sneasler|spd|1\n|-enditem|p2a: Sneasler|White Herb\n|-clearnegativeboost|p2a: Sneasler|[silent]\n|move|p1a: Staraptor|Brave Bird|p2a: Sneasler\n|-supereffective|p2a: Sneasler|1\n|-damage|p2a: Sneasler|0 fnt\n|faint|p2a: Sneasler\n|-damage|p1a: Staraptor|1/100|[from] Recoil\n|move|p1b: Milotic|Scald|p2b: Chandelure\n|-supereffective|p2b: Chandelure|1\n|-damage|p2b: Chandelure|48/100\n|move|p2b: Chandelure|Flamethrower|p1a: Staraptor\n|-crit|p1a: Staraptor\n|-damage|p1a: Staraptor|0 fnt\n|faint|p1a: Staraptor\n|\n|upkeep\n|\n|t:|1788368135\n|switch|p2a: Spiritomb|Spiritomb, L50, F|100/100\n|switch|p1a: Whimsicott|Whimsicott, L50, F|100/100\n|turn|3\n|\n|t:|1788368148\n|move|p1a: Whimsicott|Moonblast|p2a: Spiritomb\n|-supereffective|p2a: Spiritomb|1\n|-damage|p2a: Spiritomb|56/100\n|-unboost|p2a: Spiritomb|spa|1\n|move|p1b: Milotic|Scald|p2b: Chandelure\n|-supereffective|p2b: Chandelure|1\n|-damage|p2b: Chandelure|0 fnt\n|faint|p2b: Chandelure\n|move|p2a: Spiritomb|Will-O-Wisp|p1a: Whimsicott\n|-status|p1a: Whimsicott|brn\n|\n|-damage|p1a: Whimsicott|94/100 brn|[from] brn\n|upkeep\n|\n|t:|1788368156\n|switch|p2b: Pangoro|Pangoro, L50, M|100/100\n|turn|4\n|\n|t:|1788368168\n|move|p2b: Pangoro|Protect|p2b: Pangoro\n|-singleturn|p2b: Pangoro|Protect\n|move|p1a: Whimsicott|Moonblast|p2b: Pangoro\n|-activate|p2b: Pangoro|move: Protect\n|move|p1b: Milotic|Scald|p2a: Spiritomb\n|-damage|p2a: Spiritomb|33/100\n|move|p2a: Spiritomb|Trick Room|p2a: Spiritomb\n|-fieldstart|move: Trick Room|[of] p2a: Spiritomb\n|\n|-damage|p1a: Whimsicott|88/100 brn|[from] brn\n|upkeep\n|turn|5\n|inactive|shxdownxnja23 has 30 seconds left.\n|\n|t:|1788368194\n|move|p1a: Whimsicott|Protect|p1a: Whimsicott\n|-singleturn|p1a: Whimsicott|Protect\n|move|p2a: Spiritomb|Destiny Bond|p2a: Spiritomb\n|-singlemove|p2a: Spiritomb|Destiny Bond\n|move|p2b: Pangoro|Poison Jab|p1a: Whimsicott\n|-activate|p1a: Whimsicott|move: Protect\n|move|p1b: Milotic|Scald|p2b: Pangoro\n|-damage|p2b: Pangoro|64/100\n|\n|-damage|p1a: Whimsicott|82/100 brn|[from] brn\n|upkeep\n|turn|6\n|inactive|bruhdnigerian has 30 seconds left.\n|\n|t:|1788368221\n|switch|p1a: Incineroar|Incineroar, L50, F|100/100\n|-ability|p1a: Incineroar|Intimidate|boost\n|-unboost|p2a: Spiritomb|atk|1\n|-fail|p2b: Pangoro|unboost|atk|[from] ability: Scrappy|[of] p2b: Pangoro\n|move|p2a: Spiritomb|Will-O-Wisp|p1b: Milotic\n|-status|p1b: Milotic|brn\n|move|p2b: Pangoro|Poison Jab|p1a: Incineroar\n|-damage|p1a: Incineroar|70/100\n|move|p1b: Milotic|Scald|p2b: Pangoro\n|-damage|p2b: Pangoro|28/100\n|\n|-damage|p1b: Milotic|94/100 brn|[from] brn\n|upkeep\n|turn|7\n|\n|t:|1788368245\n|move|p2b: Pangoro|Protect|p2b: Pangoro\n|-singleturn|p2b: Pangoro|Protect\n|move|p1a: Incineroar|Fake Out|p2b: Pangoro\n|-activate|p2b: Pangoro|move: Protect\n|move|p2a: Spiritomb|Hex|p1b: Milotic\n|-damage|p1b: Milotic|74/100 brn\n|move|p1b: Milotic|Scald|p2a: Spiritomb\n|-damage|p2a: Spiritomb|12/100\n|\n|-heal|p1b: Milotic|80/100 brn|[from] item: Leftovers\n|-damage|p1b: Milotic|74/100 brn|[from] brn\n|upkeep\n|turn|8\n|\n|t:|1788368263\n|move|p2a: Spiritomb|Destiny Bond|p2a: Spiritomb\n|-singlemove|p2a: Spiritomb|Destiny Bond\n|move|p2b: Pangoro|Storm Throw|p1a: Incineroar\n|-supereffective|p1a: Incineroar|1\n|-crit|p1a: Incineroar\n|-damage|p1a: Incineroar|0 fnt\n|faint|p1a: Incineroar\n|move|p1b: Milotic|Scald|p2b: Pangoro\n|-damage|p2b: Pangoro|0 fnt\n|faint|p2b: Pangoro\n|\n|-heal|p1b: Milotic|80/100 brn|[from] item: Leftovers\n|-damage|p1b: Milotic|74/100 brn|[from] brn\n|-fieldend|move: Trick Room\n|upkeep\n|\n|t:|1788368276\n|switch|p1a: Whimsicott|Whimsicott, L50, F|82/100 brn\n|turn|9\n|\n|t:|1788368282\n|move|p1a: Whimsicott|Moonblast|p2a: Spiritomb\n|-supereffective|p2a: Spiritomb|1\n|-damage|p2a: Spiritomb|0 fnt\n|faint|p2a: Spiritomb\n|-activate|p2a: Spiritomb|move: Destiny Bond\n|faint|p1a: Whimsicott\n|\n|win|shxdownxnja23\n|raw|shxdownxnja23's rating: 1076 &rarr; <strong>1111</strong><br />(+35 for winning)\n|raw|bruhdnigerian's rating: 1159 &rarr; <strong>1128</strong><br />(-31 for losing)\n","uploadtime":1788368289,"views":"0","formatid":"gen9championsvgc2026regmb","rating":1111,"private":0,"password":null}