{"id":"gen9championsvgc2026regmb-2674185483","format":"[Gen 9 Champions] VGC 2026 Reg M-B","players":["Lokona Mokona","ghozt99"],"log":"|j|☆Lokona Mokona\n|j|☆ghozt99\n|html|<table width=\"100%\"><tr><td align=\"left\">Lokona Mokona</td><td align=\"right\">ghozt99</tr><tr><td align=\"left\"><i class=\"fa fa-circle-o\"></i> <i class=\"fa fa-circle-o\"></i> </td><td align=\"right\"><i class=\"fa fa-circle-o\"></i> <i class=\"fa fa-circle-o\"></i> </tr></table>\n|uhtml|bestof|<h2><strong>Game 1</strong> of <a href=\"/game-bestof3-gen9championsvgc2026regmb-2674185482\">a best-of-3</a></h2>\n|t:|1788312055\n|gametype|doubles\n|player|p1|Lokona Mokona|marley|\n|player|p2|ghozt99|byron|\n|gen|9\n|tier|[Gen 9 Champions] VGC 2026 Reg M-B\n|rule|Species Clause: Limit one of each Pokémon\n|rule|Item Clause: Limit 1 of each item\n|raw|<div class=\"infobox\"><details class=\"readmore\" open><summary><strong>1 custom rule:</strong></summary> Best of = 3</details></div>\n|clearpoke\n|poke|p1|Rotom-Wash, L50|\n|poke|p1|Noivern, L50, M|\n|poke|p1|Decidueye-Hisui, L50, M|\n|poke|p1|Florges, L50, F|\n|poke|p1|Tyranitar, L50, F|\n|poke|p1|Glimmora, L50, M|\n|poke|p2|Overqwil, L50, M|\n|poke|p2|Sableye, L50, M|\n|poke|p2|Basculegion, L50, M, shiny|\n|poke|p2|Starmie, L50|\n|poke|p2|Annihilape, L50, M|\n|poke|p2|Greninja, L50, F|\n|teampreview|4\n|c|☆ghozt99|There we go\n|c|☆Lokona Mokona|yo o/\n|j| a_0602\n|c| a_0602|game time\n|j| crowsjester\n|\n|t:|1788312184\n|teamsize|p1|4\n|teamsize|p2|4\n|start\n|switch|p1a: Dishwasher|Rotom-Wash, L50|100/100\n|switch|p1b: Bat|Noivern, L50, M|100/100\n|switch|p2a: Annihilape|Annihilape, L50, M|100/100\n|switch|p2b: Greninja|Greninja, L50, F|100/100\n|-item|p2a: Annihilape|Sitrus Berry|[from] ability: Frisk|[of] p1b: Bat\n|-item|p2b: Greninja|Mystic Water|[from] ability: Frisk|[of] p1b: Bat\n|turn|1\n|\n|t:|1788312227\n|move|p1a: Dishwasher|Trick|p2a: Annihilape\n|-activate|p1a: Dishwasher|move: Trick|[of] p2a: Annihilape\n|-item|p2a: Annihilape|Choice Scarf|[from] move: Trick\n|-item|p1a: Dishwasher|Sitrus Berry|[from] move: Trick\n|move|p1b: Bat|Tailwind|p1b: Bat\n|-sidestart|p1: Lokona Mokona|move: Tailwind\n|move|p2b: Greninja|Grass Knot|p1a: Dishwasher\n|-start|p2b: Greninja|typechange|Grass|[from] ability: Protean\n|-supereffective|p1a: Dishwasher|1\n|-damage|p1a: Dishwasher|76/100\n|move|p2a: Annihilape|Drain Punch|p1a: Dishwasher\n|-damage|p1a: Dishwasher|38/100\n|-enditem|p1a: Dishwasher|Sitrus Berry|[eat]\n|-heal|p1a: Dishwasher|62/100|[from] item: Sitrus Berry\n|\n|upkeep\n|turn|2\n|\n|t:|1788312248\n|move|p1b: Bat|Air Slash|p2a: Annihilape\n|-supereffective|p2a: Annihilape|1\n|-damage|p2a: Annihilape|60/100\n|move|p1a: Dishwasher|Will-O-Wisp|p2a: Annihilape\n|-status|p2a: Annihilape|brn\n|move|p2b: Greninja|Ice Beam|p1b: Bat\n|-supereffective|p1b: Bat|2\n|-enditem|p1b: Bat|Focus Sash\n|-damage|p1b: Bat|1/100\n|move|p2a: Annihilape|Drain Punch|p1a: Dishwasher\n|-damage|p1a: Dishwasher|43/100\n|-heal|p2a: Annihilape|66/100 brn|[from] drain|[of] p1a: Dishwasher\n|\n|-damage|p2a: Annihilape|60/100 brn|[from] brn\n|upkeep\n|turn|3\n|\n|t:|1788312280\n|switch|p1b: Buque|Florges, L50, F|100/100\n|switch|p1a: Robin Hood|Decidueye-Hisui, L50, M|100/100\n|move|p2b: Greninja|Grass Knot|p1a: Robin Hood\n|-resisted|p1a: Robin Hood|1\n|-damage|p1a: Robin Hood|87/100\n|move|p2a: Annihilape|Drain Punch|p1b: Buque\n|-resisted|p1b: Buque|1\n|-damage|p1b: Buque|93/100\n|-heal|p2a: Annihilape|63/100 brn|[from] drain|[of] p1b: Buque\n|\n|-heal|p1b: Buque|99/100|[from] item: Leftovers\n|-damage|p2a: Annihilape|57/100 brn|[from] brn\n|upkeep\n|turn|4\n|\n|t:|1788312310\n|move|p2b: Greninja|Ice Beam|p1a: Robin Hood\n|-supereffective|p1a: Robin Hood|1\n|-damage|p1a: Robin Hood|33/100\n|-enditem|p1a: Robin Hood|Sitrus Berry|[eat]\n|-heal|p1a: Robin Hood|57/100|[from] item: Sitrus Berry\n|move|p1b: Buque|Calm Mind|p1b: Buque\n|-boost|p1b: Buque|spa|1\n|-boost|p1b: Buque|spd|1\n|move|p1a: Robin Hood|Leaf Blade|p2a: Annihilape\n|-crit|p2a: Annihilape\n|-damage|p2a: Annihilape|0 fnt\n|faint|p2a: Annihilape\n|\n|-heal|p1b: Buque|100/100|[from] item: Leftovers\n|-sideend|p1: Lokona Mokona|move: Tailwind\n|upkeep\n|\n|t:|1788312329\n|switch|p2a: Starmie|Starmie, L50|100/100\n|turn|5\n|\n|t:|1788312351\n|detailschange|p2a: Starmie|Starmie-Mega, L50\n|-mega|p2a: Starmie|Starmie|Starminite\n|move|p2b: Greninja|Ice Beam|p1a: Robin Hood\n|-supereffective|p1a: Robin Hood|1\n|-damage|p1a: Robin Hood|4/100\n|move|p2a: Starmie|Zen Headbutt|p1a: Robin Hood\n|-supereffective|p1a: Robin Hood|1\n|-crit|p1a: Robin Hood\n|-damage|p1a: Robin Hood|0 fnt\n|faint|p1a: Robin Hood\n|move|p1b: Buque|Moonblast|p2a: Starmie\n|-damage|p2a: Starmie|29/100\n|\n|upkeep\n|\n|t:|1788312363\n|switch|p1a: Bat|Noivern, L50, M|1/100\n|-item|p2a: Starmie|Starminite|[from] ability: Frisk|[of] p1a: Bat\n|-item|p2b: Greninja|Mystic Water|[from] ability: Frisk|[of] p1a: Bat\n|turn|6\n|\n|t:|1788312378\n|switch|p2b: Basculegion|Basculegion, L50, M, shiny|100/100\n|move|p1a: Bat|Draco Meteor|p2b: Basculegion\n|-damage|p2b: Basculegion|35/100\n|-unboost|p1a: Bat|spa|2\n|move|p2a: Starmie|Self-Destruct|p1b: Buque|[spread] p1a,p1b\n|-immune|p2b: Basculegion\n|-damage|p1a: Bat|0 fnt\n|-damage|p1b: Buque|17/100\n|faint|p2a: Starmie\n|faint|p1a: Bat\n|move|p1b: Buque|Moonblast|p2b: Basculegion\n|-damage|p2b: Basculegion|0 fnt\n|faint|p2b: Basculegion\n|\n|-heal|p1b: Buque|23/100|[from] item: Leftovers\n|upkeep\n|c| a_0602|that was unexpected\n|\n|t:|1788312401\n|switch|p1a: Dishwasher|Rotom-Wash, L50|43/100\n|switch|p2a: Greninja|Greninja, L50, F|100/100\n|turn|7\n|\n|t:|1788312425\n|move|p2a: Greninja|Grass Knot|p1b: Buque\n|-start|p2a: Greninja|typechange|Grass|[from] ability: Protean\n|-damage|p1b: Buque|15/100\n|move|p1a: Dishwasher|Thunderbolt|p2a: Greninja\n|-resisted|p2a: Greninja|1\n|-damage|p2a: Greninja|61/100\n|move|p1b: Buque|Wish|p1b: Buque\n|\n|-heal|p1b: Buque|21/100|[from] item: Leftovers\n|upkeep\n|turn|8\n|\n|t:|1788312450\n|move|p1b: Buque|Protect|p1b: Buque\n|-singleturn|p1b: Buque|Protect\n|move|p2a: Greninja|Hydro Pump|p1b: Buque\n|-activate|p1b: Buque|move: Protect\n|move|p1a: Dishwasher|Thunderbolt|p2a: Greninja\n|-resisted|p2a: Greninja|1\n|-damage|p2a: Greninja|23/100\n|\n|-heal|p1b: Buque|70/100|[from] move: Wish|[wisher] Buque\n|-heal|p1b: Buque|76/100|[from] item: Leftovers\n|upkeep\n|turn|9\n|\n|t:|1788312465\n|move|p2a: Greninja|Dark Pulse|p1a: Dishwasher\n|-damage|p1a: Dishwasher|12/100\n|move|p1a: Dishwasher|Thunderbolt|p2a: Greninja\n|-resisted|p2a: Greninja|1\n|-damage|p2a: Greninja|0 fnt\n|faint|p2a: Greninja\n|\n|win|Lokona Mokona\n|inactive|Lokona Mokona has 30 seconds to confirm battle start!\n|inactive|ghozt99 has 30 seconds to confirm battle start!\n||Lokona Mokona is ready for game 2.\n||ghozt99 is ready for game 2.\n|uhtml|next|Next: <a href=\"/battle-gen9championsvgc2026regmb-2674188139\"><strong>Game 2 of 3</strong></a>\n|l| crowsjester\n","uploadtime":1788312890,"views":"2","formatid":"gen9championsvgc2026regmb","rating":null,"private":0,"password":null}