{"id":"gen9championsvgc2026regmbbo3-2674995779","format":"[Gen 9 Champions] VGC 2026 Reg M-B (Bo3)","players":["SetoAKaiba","pickleman 385"],"log":"|j|☆SetoAKaiba\n|j|☆pickleman 385\n|html|<table width=\"100%\"><tr><td align=\"left\">SetoAKaiba</td><td align=\"right\">pickleman 385</tr><tr><td align=\"left\"><i class=\"fa fa-circle-o\"></i> <i class=\"fa fa-circle-o\"></i> </td><td align=\"right\"><i class=\"fa fa-circle-o\"></i> <i class=\"fa fa-circle\"></i> </tr></table>\n|uhtml|bestof|<h2><strong>Game 2</strong> of <a href=\"/game-bestof3-gen9championsvgc2026regmbbo3-2674993163\">a best-of-3</a></h2>\n|t:|1788446640\n|gametype|doubles\n|player|p1|SetoAKaiba|volkner|\n|player|p2|pickleman 385|archer|\n|gen|9\n|tier|[Gen 9 Champions] VGC 2026 Reg M-B (Bo3)\n|rule|Species Clause: Limit one of each Pokémon\n|rule|Item Clause: Limit 1 of each item\n|clearpoke\n|poke|p1|Archaludon, L50, M|\n|poke|p1|Pelipper, L50, M|\n|poke|p1|Starmie, L50|\n|poke|p1|Scizor, L50, F|\n|poke|p1|Rotom-Mow, L50|\n|poke|p1|Grimmsnarl, L50, M|\n|poke|p2|Aurorus, L50, F|\n|poke|p2|Talonflame, L50, F|\n|poke|p2|Raichu, L50, F|\n|poke|p2|Garchomp, L50, F|\n|poke|p2|Vaporeon, L50, F|\n|poke|p2|Floette-Eternal, L50, F|\n|teampreview|4\n|showteam|p1|Archaludon||Leftovers|Stamina|Protect,DragonPulse,ElectroShot,FlashCannon|Modest||M|||50|]Pelipper||FocusSash|Drizzle|WideGuard,Tailwind,Protect,WeatherBall|Timid||M|||50|]Starmie||Starminite|Illuminate|FlipTurn,Protect,IceSpinner,Liquidation|Jolly|||||50|]Scizor||OccaBerry|Technician|BulletPunch,BugBite,Protect,SwordsDance|Adamant||F|||50|]Rotom-Mow||SitrusBerry|Levitate|LeafStorm,Protect,HelpingHand,Thunderbolt|Timid|||||50|]Grimmsnarl||LightClay|Prankster|Reflect,LightScreen,PartingShot,SpiritBreak|Careful||M|||50|\n|showteam|p2|Aurorus||BabiriBerry|SnowWarning|Blizzard,AuroraVeil,ThunderWave,Protect|Quiet||F|||50|]Talonflame||FocusSash|GaleWings|FlareBlitz,DualWingbeat,QuickGuard,Tailwind|Jolly||F|||50|]Raichu||RaichuniteY|Static|ZapCannon,FocusBlast,VoltSwitch,Protect|Timid||F|||50|]Garchomp||YacheBerry|RoughSkin|BrickBreak,FireFang,StompingTantrum,Protect|Adamant||F|||50|]Vaporeon||SitrusBerry|WaterAbsorb|FlipTurn,Yawn,Charm,Protect|Calm||F|||50|]Floette-Eternal||Floettite|FlowerVeil|CalmMind,DazzlingGleam,DrainingKiss,Protect|Modest||F|||50|\n|inactive|Battle timer is ON: inactive players will automatically lose when time's up. (requested by pickleman 385)\n|inactive|SetoAKaiba has 60 seconds left.\n|inactive|pickleman 385 has 60 seconds left.\n|inactive|pickleman 385 has 30 seconds left.\n|\n|t:|1788446714\n|teamsize|p1|4\n|teamsize|p2|4\n|start\n|switch|p1a: Grimmsnarl|Grimmsnarl, L50, M|100/100\n|switch|p1b: Archaludon|Archaludon, L50, M|100/100\n|switch|p2a: Aurorus|Aurorus, L50, F|100/100\n|switch|p2b: Floette|Floette-Eternal, L50, F|100/100\n|-weather|Snowscape|[from] ability: Snow Warning|[of] p2a: Aurorus\n|turn|1\n|\n|t:|1788446728\n|detailschange|p2b: Floette|Floette-Mega, L50, F\n|-mega|p2b: Floette|Floette|Floettite\n|-ability|p2b: Floette|Fairy Aura\n|move|p1a: Grimmsnarl|Light Screen|p1a: Grimmsnarl\n|-sidestart|p1: SetoAKaiba|move: Light Screen\n|move|p2b: Floette|Calm Mind|p2b: Floette\n|-boost|p2b: Floette|spa|1\n|-boost|p2b: Floette|spd|1\n|move|p1b: Archaludon|Flash Cannon|p2a: Aurorus\n|-supereffective|p2a: Aurorus|2\n|-enditem|p2a: Aurorus|Babiri Berry|[eat]\n|-enditem|p2a: Aurorus|Babiri Berry|[weaken]\n|-damage|p2a: Aurorus|42/100\n|move|p2a: Aurorus|Aurora Veil|p2a: Aurorus\n|-sidestart|p2: pickleman 385|move: Aurora Veil\n|\n|-weather|Snowscape|[upkeep]\n|upkeep\n|turn|2\n|inactive|SetoAKaiba has 30 seconds left.\n|inactive|pickleman 385 has 30 seconds left.\n|inactive|SetoAKaiba has 20 seconds left.\n|inactive|pickleman 385 has 20 seconds left.\n|\n|t:|1788446767\n|switch|p2a: Garchomp|Garchomp, L50, F|100/100\n|move|p2b: Floette|Protect|p2b: Floette\n|-singleturn|p2b: Floette|Protect\n|move|p1b: Archaludon|Dragon Pulse|p2a: Garchomp\n|-supereffective|p2a: Garchomp|1\n|-damage|p2a: Garchomp|46/100\n|move|p1a: Grimmsnarl|Spirit Break|p2b: Floette\n|-activate|p2b: Floette|move: Protect\n|\n|-weather|Snowscape|[upkeep]\n|upkeep\n|turn|3\n|\n|t:|1788446786\n|move|p1b: Archaludon|Protect|p1b: Archaludon\n|-singleturn|p1b: Archaludon|Protect\n|move|p1a: Grimmsnarl|Parting Shot|p2b: Floette\n|-unboost|p2b: Floette|atk|1\n|-unboost|p2b: Floette|spa|1\n|\n|t:|1788446794\n|switch|p1a: Rotom|Rotom-Mow, L50|100/100|[from] Parting Shot\n|move|p2a: Garchomp|Brick Break|p1b: Archaludon\n|-activate|p1b: Archaludon|move: Protect\n|move|p2b: Floette|Dazzling Gleam|p1b: Archaludon|[spread] p1a\n|-activate|p1b: Archaludon|move: Protect\n|-damage|p1a: Rotom|64/100\n|\n|-weather|Snowscape|[upkeep]\n|upkeep\n|turn|4\n|inactive|pickleman 385 has 30 seconds left.\n|\n|t:|1788446825\n|move|p1a: Rotom|Leaf Storm|p2a: Garchomp\n|-damage|p2a: Garchomp|15/100\n|-unboost|p1a: Rotom|spa|2\n|move|p2b: Floette|Calm Mind|p2b: Floette\n|-boost|p2b: Floette|spa|1\n|-boost|p2b: Floette|spd|1\n|move|p2a: Garchomp|Brick Break|p1b: Archaludon\n|-sideend|p1: SetoAKaiba|move: Light Screen\n|-supereffective|p1b: Archaludon|1\n|-damage|p1b: Archaludon|57/100\n|-ability|p1b: Archaludon|Stamina|boost\n|-boost|p1b: Archaludon|def|1\n|move|p1b: Archaludon|Flash Cannon|p2b: Floette\n|-supereffective|p2b: Floette|1\n|-damage|p2b: Floette|79/100\n|\n|-weather|Snowscape|[upkeep]\n|-heal|p1b: Archaludon|63/100|[from] item: Leftovers\n|upkeep\n|turn|5\n|\n|t:|1788446849\n|move|p2a: Garchomp|Protect|p2a: Garchomp\n|-singleturn|p2a: Garchomp|Protect\n|move|p1b: Archaludon|Protect|p1b: Archaludon\n|-singleturn|p1b: Archaludon|Protect\n|move|p1a: Rotom|Thunderbolt|p2b: Floette\n|-damage|p2b: Floette|74/100\n|move|p2b: Floette|Dazzling Gleam|p1b: Archaludon|[spread] p1a\n|-activate|p1b: Archaludon|move: Protect\n|-damage|p1a: Rotom|0 fnt\n|faint|p1a: Rotom\n|\n|-weather|none\n|-heal|p1b: Archaludon|69/100|[from] item: Leftovers\n|-sideend|p2: pickleman 385|move: Aurora Veil\n|upkeep\n|\n|t:|1788446863\n|switch|p1a: Grimmsnarl|Grimmsnarl, L50, M|100/100\n|turn|6\n|\n|t:|1788446884\n|switch|p2a: Vaporeon|Vaporeon, L50, F|100/100\n|move|p1a: Grimmsnarl|Parting Shot|p2b: Floette\n|-unboost|p2b: Floette|atk|1\n|-unboost|p2b: Floette|spa|1\n|\n|t:|1788446890\n|switch|p1a: Scizor|Scizor, L50, F|100/100|[from] Parting Shot\n|move|p2b: Floette|Draining Kiss|p1b: Archaludon\n|-damage|p1b: Archaludon|26/100\n|-heal|p2b: Floette|100/100|[from] drain|[of] p1b: Archaludon\n|-ability|p1b: Archaludon|Stamina|boost\n|-boost|p1b: Archaludon|def|1\n|move|p1b: Archaludon|Dragon Pulse|p2a: Vaporeon\n|-damage|p2a: Vaporeon|70/100\n|\n|-heal|p1b: Archaludon|32/100|[from] item: Leftovers\n|upkeep\n|turn|7\n|inactive|pickleman 385 has 30 seconds left.\n|inactive|pickleman 385 has 20 seconds left.\n|\n|t:|1788446927\n|switch|p1b: Grimmsnarl|Grimmsnarl, L50, M|100/100\n|move|p2b: Floette|Protect|p2b: Floette\n|-singleturn|p2b: Floette|Protect\n|move|p1a: Scizor|Bug Bite|p2a: Vaporeon\n|-damage|p2a: Vaporeon|25/100\n|-enditem|p2a: Vaporeon|Sitrus Berry|[from] stealeat|[move] Bug Bite|[of] p1a: Scizor\n|move|p2a: Vaporeon|Charm|p1a: Scizor\n|-unboost|p1a: Scizor|atk|2\n|\n|upkeep\n|turn|8\n|inactive|pickleman 385 has 30 seconds left.\n|inactive|pickleman 385 has 20 seconds left.\n|inactive|pickleman 385 has 15 seconds left.\n|inactive|pickleman 385 has 10 seconds left.\n|\n|t:|1788446975\n|move|p1b: Grimmsnarl|Light Screen|p1b: Grimmsnarl\n|-sidestart|p1: SetoAKaiba|move: Light Screen\n|move|p2b: Floette|Dazzling Gleam|p1b: Grimmsnarl|[spread] p1a,p1b\n|-resisted|p1a: Scizor|1\n|-supereffective|p1b: Grimmsnarl|1\n|-damage|p1a: Scizor|80/100\n|-damage|p1b: Grimmsnarl|48/100\n|move|p2a: Vaporeon|Yawn|p1a: Scizor\n|-start|p1a: Scizor|move: Yawn|[of] p2a: Vaporeon\n|move|p1a: Scizor|Swords Dance|p1a: Scizor\n|-boost|p1a: Scizor|atk|2\n|\n|upkeep\n|turn|9\n|\n|t:|1788447000\n|switch|p2a: Aurorus|Aurorus, L50, F|42/100\n|-weather|Snowscape|[from] ability: Snow Warning|[of] p2a: Aurorus\n|move|p1a: Scizor|Bullet Punch|p2a: Aurorus\n|-supereffective|p2a: Aurorus|2\n|-damage|p2a: Aurorus|0 fnt\n|faint|p2a: Aurorus\n|move|p1b: Grimmsnarl|Reflect|p1b: Grimmsnarl\n|-sidestart|p1: SetoAKaiba|Reflect\n|move|p2b: Floette|Dazzling Gleam|p1b: Grimmsnarl|[spread] p1a,p1b\n|-resisted|p1a: Scizor|1\n|-supereffective|p1b: Grimmsnarl|1\n|-damage|p1a: Scizor|61/100\n|-damage|p1b: Grimmsnarl|0 fnt\n|faint|p1b: Grimmsnarl\n|\n|-weather|Snowscape|[upkeep]\n|-end|p1a: Scizor|move: Yawn|[silent]\n|-status|p1a: Scizor|slp\n|upkeep\n|\n|t:|1788447016\n|switch|p1b: Archaludon|Archaludon, L50, M|32/100\n|switch|p2a: Garchomp|Garchomp, L50, F|15/100\n|turn|10\n|\n|t:|1788447021\n|move|p1b: Archaludon|Protect|p1b: Archaludon\n|-singleturn|p1b: Archaludon|Protect\n|cant|p1a: Scizor|slp\n|move|p2b: Floette|Dazzling Gleam|p1b: Archaludon|[spread] p1a\n|-activate|p1b: Archaludon|move: Protect\n|-resisted|p1a: Scizor|1\n|-damage|p1a: Scizor|42/100 slp\n|move|p2a: Garchomp|Brick Break|p1a: Scizor\n|-sideend|p1: SetoAKaiba|Reflect\n|-sideend|p1: SetoAKaiba|move: Light Screen\n|-damage|p1a: Scizor|7/100 slp\n|\n|-weather|Snowscape|[upkeep]\n|-heal|p1b: Archaludon|37/100|[from] item: Leftovers\n|upkeep\n|turn|11\n|\n|t:|1788447038\n|cant|p1a: Scizor|slp\n|move|p2b: Floette|Dazzling Gleam|p1b: Archaludon|[spread] p1a,p1b\n|-resisted|p1a: Scizor|1\n|-crit|p1b: Archaludon\n|-damage|p1a: Scizor|0 fnt\n|-damage|p1b: Archaludon|0 fnt\n|faint|p1a: Scizor\n|faint|p1b: Archaludon\n|\n|win|pickleman 385\n|c|☆SetoAKaiba|Damn ggs\n|c|☆pickleman 385|gg\n|c|☆SetoAKaiba|Unfort sleep luck man\n|l|☆SetoAKaiba\n|player|p1|\n|c|☆pickleman 385|bullet Punch wouldn't have done much I think\n","uploadtime":1788447099,"views":"6","formatid":"gen9championsvgc2026regmbbo3","rating":null,"private":0,"password":null}