{"id":"gen9championsvgc2026regmb-2674353181","format":"[Gen 9 Champions] VGC 2026 Reg M-B","players":["whizero","Daniel Purple"],"log":"|j|☆whizero\n|j|☆Daniel Purple\n|t:|1788347326\n|gametype|doubles\n|player|p1|whizero|266|1098\n|player|p2|Daniel Purple|steven|1000\n|gen|9\n|tier|[Gen 9 Champions] VGC 2026 Reg M-B\n|rated|\n|rule|Species Clause: Limit one of each Pokémon\n|rule|Item Clause: Limit 1 of each item\n|clearpoke\n|poke|p1|Pelipper, L50, F|\n|poke|p1|Blastoise, L50, M, shiny|\n|poke|p1|Swampert, L50, M|\n|poke|p1|Milotic, L50, F, shiny|\n|poke|p1|Basculegion, L50, M|\n|poke|p1|Toxapex, L50, F, shiny|\n|poke|p2|Charizard, L50, M, shiny|\n|poke|p2|Aerodactyl, L50, M, shiny|\n|poke|p2|Gholdengo, L50|\n|poke|p2|Staraptor, L50, M, shiny|\n|poke|p2|Grimmsnarl, L50, M|\n|poke|p2|Annihilape, L50, M, shiny|\n|teampreview|4\n|inactive|Battle timer is ON: inactive players will automatically lose when time's up. (requested by whizero)\n|\n|t:|1788347355\n|teamsize|p1|4\n|teamsize|p2|4\n|start\n|switch|p1a: Pelipper|Pelipper, L50, F|100/100\n|switch|p1b: Blastoise|Blastoise, L50, M, shiny|100/100\n|switch|p2a: Gholdengo|Gholdengo, L50|100/100\n|switch|p2b: Charizard|Charizard, L50, M, shiny|100/100\n|-weather|RainDance|[from] ability: Drizzle|[of] p1a: Pelipper\n|turn|1\n|\n|t:|1788347379\n|detailschange|p2b: Charizard|Charizard-Mega-Y, L50, M, shiny\n|-mega|p2b: Charizard|Charizard|Charizardite Y\n|-weather|SunnyDay|[from] ability: Drought|[of] p2b: Charizard\n|move|p1a: Pelipper|Wide Guard|p1a: Pelipper\n|-singleturn|p1a: Pelipper|Wide Guard\n|move|p2b: Charizard|Solar Beam||[still]\n|-prepare|p2b: Charizard|Solar Beam\n|-anim|p2b: Charizard|Solar Beam|p1b: Blastoise\n|-supereffective|p1b: Blastoise|1\n|-damage|p1b: Blastoise|36/100\n|move|p2a: Gholdengo|Thunderbolt|p1a: Pelipper\n|-supereffective|p1a: Pelipper|2\n|-enditem|p1a: Pelipper|Focus Sash\n|-damage|p1a: Pelipper|1/100\n|-damage|p2a: Gholdengo|90/100|[from] item: Life Orb\n|move|p1b: Blastoise|Yawn|p2b: Charizard\n|-start|p2b: Charizard|move: Yawn|[of] p1b: Blastoise\n|\n|-weather|SunnyDay|[upkeep]\n|-heal|p1b: Blastoise|42/100|[from] item: Leftovers\n|upkeep\n|turn|2\n|inactive|Daniel Purple has 30 seconds left.\n|\n|t:|1788347411\n|switch|p2b: Grimmsnarl|Grimmsnarl, L50, M|100/100\n|switch|p1a: Toxapex|Toxapex, L50, F, shiny|100/100\n|move|p1b: Blastoise|Protect|p1b: Blastoise\n|-singleturn|p1b: Blastoise|Protect\n|move|p2a: Gholdengo|Make It Rain|p1b: Blastoise|[spread] \n|-activate|p1b: Blastoise|move: Protect\n|-miss|p2a: Gholdengo|p1a: Toxapex\n|\n|-weather|SunnyDay|[upkeep]\n|-heal|p1b: Blastoise|48/100|[from] item: Leftovers\n|upkeep\n|turn|3\n|\n|t:|1788347436\n|move|p2b: Grimmsnarl|Fake Out|p1a: Toxapex\n|-damage|p1a: Toxapex|92/100\n|move|p2a: Gholdengo|Make It Rain|p1b: Blastoise|[spread] p1a,p1b\n|-resisted|p1a: Toxapex|1\n|-resisted|p1b: Blastoise|1\n|-damage|p1a: Toxapex|72/100\n|-damage|p1b: Blastoise|32/100\n|-unboost|p2a: Gholdengo|spa|2\n|-damage|p2a: Gholdengo|80/100|[from] item: Life Orb\n|move|p1b: Blastoise|Life Dew|p1b: Blastoise|[spread] p1a,p1b\n|-heal|p1a: Toxapex|97/100\n|-heal|p1b: Blastoise|57/100\n|cant|p1a: Toxapex|flinch\n|\n|-weather|SunnyDay|[upkeep]\n|-heal|p1b: Blastoise|63/100|[from] item: Leftovers\n|upkeep\n|turn|4\n|inactive|Daniel Purple has 30 seconds left.\n|\n|t:|1788347463\n|switch|p2a: Annihilape|Annihilape, L50, M, shiny|100/100\n|move|p2b: Grimmsnarl|Misty Terrain|p2b: Grimmsnarl\n|-fieldstart|move: Misty Terrain\n|move|p1b: Blastoise|Life Dew|p1b: Blastoise|[spread] p1a,p1b\n|-heal|p1a: Toxapex|100/100\n|-heal|p1b: Blastoise|88/100\n|move|p1a: Toxapex|Toxic|p2b: Grimmsnarl\n|-activate|p2b: Grimmsnarl|move: Misty Terrain\n|\n|-weather|SunnyDay|[upkeep]\n|-heal|p1b: Blastoise|94/100|[from] item: Leftovers\n|upkeep\n|turn|5\n|inactive|Daniel Purple has 30 seconds left.\n|\n|t:|1788347491\n|move|p1a: Toxapex|Baneful Bunker|p1a: Toxapex\n|-singleturn|p1a: Toxapex|move: Protect\n|move|p2a: Annihilape|Taunt|p1b: Blastoise\n|-start|p1b: Blastoise|move: Taunt\n|move|p1b: Blastoise|Water Spout|p2a: Annihilape|[spread] p2a,p2b\n|-damage|p2a: Annihilape|85/100\n|-damage|p2b: Grimmsnarl|85/100\n|move|p2b: Grimmsnarl|Spirit Break|p1b: Blastoise\n|-damage|p1b: Blastoise|65/100\n|-unboost|p1b: Blastoise|spa|1\n|\n|-weather|none\n|-heal|p1b: Blastoise|71/100|[from] item: Leftovers\n|upkeep\n|turn|6\n|\n|t:|1788347515\n|switch|p1b: Swampert|Swampert, L50, M|100/100\n|switch|p1a: Pelipper|Pelipper, L50, F|1/100\n|-weather|RainDance|[from] ability: Drizzle|[of] p1a: Pelipper\n|move|p2a: Annihilape|Taunt|p1a: Pelipper\n|-start|p1a: Pelipper|move: Taunt\n|move|p2b: Grimmsnarl|Spirit Break|p1b: Swampert\n|-damage|p1b: Swampert|71/100\n|-unboost|p1b: Swampert|spa|1\n|\n|-weather|RainDance|[upkeep]\n|upkeep\n|turn|7\n|inactive|whizero has 30 seconds left.\n|\n|t:|1788347540\n|switch|p2a: Charizard|Charizard-Mega-Y, L50, M, shiny|100/100\n|-weather|SunnyDay|[from] ability: Drought|[of] p2a: Charizard\n|detailschange|p1b: Swampert|Swampert-Mega, L50, M\n|-mega|p1b: Swampert|Swampert|Swampertite\n|move|p1b: Swampert|Earthquake|p2a: Charizard|[spread] p2b\n|-immune|p1a: Pelipper\n|-immune|p2a: Charizard\n|-damage|p2b: Grimmsnarl|33/100\n|-enditem|p2b: Grimmsnarl|Sitrus Berry|[eat]\n|-heal|p2b: Grimmsnarl|58/100|[from] item: Sitrus Berry\n|move|p1a: Pelipper|Hurricane|p2a: Charizard|[miss]\n|-miss|p1a: Pelipper|p2a: Charizard\n|move|p2b: Grimmsnarl|Spirit Break|p1a: Pelipper\n|-damage|p1a: Pelipper|0 fnt\n|faint|p1a: Pelipper\n|\n|-weather|SunnyDay|[upkeep]\n|upkeep\n|\n|t:|1788347562\n|switch|p1a: Blastoise|Blastoise, L50, M, shiny|71/100\n|turn|8\n|\n|t:|1788347576\n|move|p2a: Charizard|Solar Beam||[still]\n|-prepare|p2a: Charizard|Solar Beam\n|-anim|p2a: Charizard|Solar Beam|p1b: Swampert\n|-supereffective|p1b: Swampert|2\n|-damage|p1b: Swampert|0 fnt\n|faint|p1b: Swampert\n|move|p1a: Blastoise|Yawn|p2a: Charizard\n|-start|p2a: Charizard|move: Yawn|[of] p1a: Blastoise\n|move|p2b: Grimmsnarl|Spirit Break|p1a: Blastoise\n|-damage|p1a: Blastoise|44/100\n|-unboost|p1a: Blastoise|spa|1\n|\n|-weather|SunnyDay|[upkeep]\n|-heal|p1a: Blastoise|50/100y|[from] item: Leftovers\n|-fieldend|Misty Terrain\n|upkeep\n|-message|whizero forfeited.\n|\n|win|Daniel Purple\n|raw|whizero's rating: 1098 &rarr; <strong>1067</strong><br />(-31 for losing)\n|raw|Daniel Purple's rating: 1000 &rarr; <strong>1051</strong><br />(+51 for winning)\n|l|☆whizero\n|player|p1|\n","uploadtime":1788347599,"views":"0","formatid":"gen9championsvgc2026regmb","rating":1051,"private":0,"password":null}