{"id":"gen9championsvgc2026regmb-2674731788","format":"[Gen 9 Champions] VGC 2026 Reg M-B","players":["fittyjason","xJacKaz"],"log":"|j|☆fittyjason\n|j|☆xJacKaz\n|html|<table width=\"100%\"><tr><td align=\"left\">fittyjason</td><td align=\"right\">xJacKaz</tr><tr><td align=\"left\"><i class=\"fa fa-circle\"></i> <i class=\"fa fa-circle-o\"></i> <i class=\"fa fa-circle-o\"></i> </td><td align=\"right\"><i class=\"fa fa-circle-o\"></i> <i class=\"fa fa-circle\"></i> <i class=\"fa fa-circle\"></i> </tr></table>\n|uhtml|bestof|<h2><strong>Game 4</strong> of <a href=\"/game-bestof5-gen9championsvgc2026regmb-2674725644\">a best-of-5</a></h2>\n|t:|1788397460\n|gametype|doubles\n|player|p1|fittyjason|169|\n|player|p2|xJacKaz|flannery|\n|gen|9\n|tier|[Gen 9 Champions] VGC 2026 Reg M-B\n|rule|Species Clause: Limit one of each Pokémon\n|rule|Item Clause: Limit 1 of each item\n|raw|<div class=\"infobox\"><details class=\"readmore\" open><summary><strong>1 custom rule:</strong></summary> Best of = 5</details></div>\n|clearpoke\n|poke|p1|Metagross, L50|\n|poke|p1|Swampert, L50, M|\n|poke|p1|Pelipper, L50, M|\n|poke|p1|Sinistcha, L50|\n|poke|p1|Archaludon, L50, F|\n|poke|p1|Incineroar, L50, M|\n|poke|p2|Lycanroc-Dusk, L50, F|\n|poke|p2|Basculegion, L50, M|\n|poke|p2|Scovillain, L50, M|\n|poke|p2|Sneasler, L50, M|\n|poke|p2|Kingambit, L50, M|\n|poke|p2|Froslass, L50, F|\n|teampreview|4\n|j| silverdwarf\n|inactive|Battle timer is ON: inactive players will automatically lose when time's up. (requested by fittyjason)\n|\n|t:|1788397508\n|teamsize|p1|4\n|teamsize|p2|4\n|start\n|switch|p1a: Swampert|Swampert, L50, M|100/100\n|switch|p1b: Incineroar|Incineroar, L50, M|100/100\n|switch|p2a: Mambo #5|Scovillain, L50, M|100/100\n|switch|p2b: Skyline Chili|Sneasler, L50, M|100/100\n|-ability|p1b: Incineroar|Intimidate|boost\n|-unboost|p2a: Mambo #5|atk|1\n|-unboost|p2b: Skyline Chili|atk|1\n|turn|1\n|inactive|fittyjason has 30 seconds left.\n|inactive|xJacKaz has 30 seconds left.\n|inactive|fittyjason has 20 seconds left.\n|inactive|xJacKaz has 20 seconds left.\n|inactive|fittyjason has 15 seconds left.\n|inactive|xJacKaz has 15 seconds left.\n|inactive|fittyjason has 10 seconds left.\n|inactive|fittyjason has 5 seconds left.\n|inactive|xJacKaz has 10 seconds left.\n|\n|t:|1788397562\n|detailschange|p2a: Mambo #5|Scovillain-Mega, L50, M\n|-mega|p2a: Mambo #5|Scovillain|Scovillainite\n|move|p1b: Incineroar|Fake Out|p2a: Mambo #5\n|-damage|p2a: Mambo #5|91/100\n|move|p2b: Skyline Chili|Close Combat|p1b: Incineroar\n|-supereffective|p1b: Incineroar|1\n|-damage|p1b: Incineroar|6/100\n|-unboost|p2b: Skyline Chili|def|1\n|-unboost|p2b: Skyline Chili|spd|1\n|-status|p1b: Incineroar|psn|[from] ability: Poison Touch|[of] p2b: Skyline Chili\n|cant|p2a: Mambo #5|flinch\n|move|p1a: Swampert|Earthquake|p2a: Mambo #5|[spread] p1b,p2a,p2b\n|-supereffective|p1b: Incineroar|1\n|-supereffective|p2b: Skyline Chili|1\n|-damage|p1b: Incineroar|0 fnt\n|-damage|p2a: Mambo #5|59/100\n|-damage|p2b: Skyline Chili|0 fnt\n|-status|p1a: Swampert|brn|[from] ability: Spicy Spray|[of] p2a: Mambo #5\n|faint|p1b: Incineroar\n|faint|p2b: Skyline Chili\n|\n|-damage|p1a: Swampert|93/100 brn|[from] brn\n|upkeep\n|inactive|fittyjason has 30 seconds left.\n|inactive|xJacKaz has 30 seconds left.\n|\n|t:|1788397595\n|switch|p2b: Kanye|Basculegion, L50, M|100/100\n|switch|p1b: Pelipper|Pelipper, L50, M|100/100\n|-weather|RainDance|[from] ability: Drizzle|[of] p1b: Pelipper\n|turn|2\n|j| Mashed Potoooooooo\n|\n|t:|1788397611\n|detailschange|p1a: Swampert|Swampert-Mega, L50, M\n|-mega|p1a: Swampert|Swampert|Swampertite\n|move|p1a: Swampert|Protect|p1a: Swampert\n|-singleturn|p1a: Swampert|Protect\n|move|p2b: Kanye|Last Respects|p1b: Pelipper\n|-damage|p1b: Pelipper|32/100\n|-enditem|p1b: Pelipper|Sitrus Berry|[eat]\n|-heal|p1b: Pelipper|57/100|[from] item: Sitrus Berry\n|move|p2a: Mambo #5|Giga Drain|p1a: Swampert\n|-activate|p1a: Swampert|move: Protect\n|move|p1b: Pelipper|Hurricane|p2a: Mambo #5\n|-supereffective|p2a: Mambo #5|1\n|-damage|p2a: Mambo #5|0 fnt\n|-status|p1b: Pelipper|brn|[from] ability: Spicy Spray|[of] p2a: Mambo #5\n|faint|p2a: Mambo #5\n|\n|-weather|RainDance|[upkeep]\n|-damage|p1a: Swampert|87/100 brn|[from] brn\n|-damage|p1b: Pelipper|51/100 brn|[from] brn\n|upkeep\n|\n|t:|1788397631\n|switch|p2a: Yorokobe|Kingambit, L50, M|100/100\n|turn|3\n|inactive|xJacKaz has 30 seconds left.\n|\n|t:|1788397657\n|move|p2b: Kanye|Aqua Jet|p1a: Swampert\n|-damage|p1a: Swampert|43/100 brn\n|move|p2a: Yorokobe|Sucker Punch|p1a: Swampert\n|-crit|p1a: Swampert\n|-damage|p1a: Swampert|0 fnt\n|faint|p1a: Swampert\n|move|p1b: Pelipper|Tailwind|p1b: Pelipper\n|-sidestart|p1: fittyjason|move: Tailwind\n|\n|-weather|RainDance|[upkeep]\n|-damage|p1b: Pelipper|45/100 brn|[from] brn\n|upkeep\n|\n|t:|1788397666\n|switch|p1a: Archaludon|Archaludon, L50, F|100/100\n|turn|4\n|\n|t:|1788397688\n|move|p2b: Kanye|Protect|p2b: Kanye\n|-singleturn|p2b: Kanye|Protect\n|move|p1a: Archaludon|Electro Shot||[still]\n|-prepare|p1a: Archaludon|Electro Shot\n|-boost|p1a: Archaludon|spa|1\n|-anim|p1a: Archaludon|Electro Shot|p2b: Kanye\n|-activate|p2b: Kanye|move: Protect\n|move|p1b: Pelipper|Weather Ball|p2a: Yorokobe\n|-damage|p2a: Yorokobe|47/100\n|move|p2a: Yorokobe|Kowtow Cleave|p1b: Pelipper\n|-damage|p1b: Pelipper|0 fnt\n|faint|p1b: Pelipper\n|\n|-weather|RainDance|[upkeep]\n|upkeep\n|turn|5\n|inactive|xJacKaz has 30 seconds left.\n|\n|t:|1788397719\n|move|p1a: Archaludon|Electro Shot||[still]\n|-prepare|p1a: Archaludon|Electro Shot\n|-boost|p1a: Archaludon|spa|1\n|-anim|p1a: Archaludon|Electro Shot|p2b: Kanye\n|-supereffective|p2b: Kanye|1\n|-damage|p2b: Kanye|0 fnt\n|faint|p2b: Kanye\n|move|p2a: Yorokobe|Kowtow Cleave|p1a: Archaludon\n|-damage|p1a: Archaludon|54/100\n|-ability|p1a: Archaludon|Stamina|boost\n|-boost|p1a: Archaludon|def|1\n|\n|-weather|RainDance|[upkeep]\n|-heal|p1a: Archaludon|60/100|[from] item: Leftovers\n|upkeep\n|turn|6\n|\n|t:|1788397741\n|move|p2a: Yorokobe|Sucker Punch|p1a: Archaludon\n|-damage|p1a: Archaludon|34/100\n|-ability|p1a: Archaludon|Stamina|boost\n|-boost|p1a: Archaludon|def|1\n|move|p1a: Archaludon|Electro Shot||[still]\n|-prepare|p1a: Archaludon|Electro Shot\n|-boost|p1a: Archaludon|spa|1\n|-anim|p1a: Archaludon|Electro Shot|p2a: Yorokobe\n|-damage|p2a: Yorokobe|0 fnt\n|faint|p2a: Yorokobe\n|\n|win|fittyjason\n||xJacKaz is ready for game 5.\n|inactive|fittyjason has 30 seconds to confirm battle start!\n||fittyjason is ready for game 5.\n|uhtml|next|Next: <a href=\"/battle-gen9championsvgc2026regmb-2674733669\"><strong>Game 5 of 5</strong></a>\n","uploadtime":1788397752,"views":"3","formatid":"gen9championsvgc2026regmb","rating":null,"private":0,"password":null}