{"id":"gen9championsvgc2026regmbbo3-2674377268","format":"[Gen 9 Champions] VGC 2026 Reg M-B (Bo3)","players":["Junction7","thismaybeisabot"],"log":"|j|☆Junction7\n|j|☆thismaybeisabot\n|html|<table width=\"100%\"><tr><td align=\"left\">Junction7</td><td align=\"right\">thismaybeisabot</tr><tr><td align=\"left\"><i class=\"fa fa-circle-o\"></i> <i class=\"fa fa-circle-o\"></i> </td><td align=\"right\"><i class=\"fa fa-circle-o\"></i> <i class=\"fa fa-circle-o\"></i> </tr></table>\n|uhtml|bestof|<h2><strong>Game 1</strong> of <a href=\"/game-bestof3-gen9championsvgc2026regmbbo3-2674377267\">a best-of-3</a></h2>\n|t:|1788351612\n|gametype|doubles\n|player|p1|Junction7|drayden|1083\n|player|p2|thismaybeisabot|170|1051\n|gen|9\n|tier|[Gen 9 Champions] VGC 2026 Reg M-B (Bo3)\n|rated|\n|rule|Species Clause: Limit one of each Pokémon\n|rule|Item Clause: Limit 1 of each item\n|clearpoke\n|poke|p1|Charizard, L50, F, shiny|\n|poke|p1|Venusaur, L50, F, shiny|\n|poke|p1|Sinistcha, L50|\n|poke|p1|Garchomp, L50, F, shiny|\n|poke|p1|Blastoise, L50, F, shiny|\n|poke|p1|Aerodactyl, L50, M|\n|poke|p2|Azumarill, L50, M|\n|poke|p2|Clefable, L50, M|\n|poke|p2|Gengar, L50, F|\n|poke|p2|Palafin, L50, F|\n|poke|p2|Gholdengo, L50|\n|poke|p2|Garchomp, L50, M|\n|teampreview|4\n|showteam|p1|Charizard||CharizarditeY|SolarPower|HeatWave,SolarBeam,ScorchingSands,Protect|Timid||F|||50|]Venusaur||LifeOrb|Chlorophyll|SolarBeam,SludgeBomb,EnergyBall,Synthesis|Modest||F|||50|]Sinistcha||Leftovers|Hospitality|MatchaGotcha,RagePowder,Hex,StrengthSap|Modest|||||50|]Garchomp||ChoiceScarf|RoughSkin|PoisonJab,Earthquake,DragonClaw,RockSlide|Adamant||F|||50|]Blastoise||Blastoisinite|RainDish|AuraSphere,DarkPulse,WaterPulse,Protect|Modest||F|||50|]Aerodactyl||FocusSash|Unnerve|DualWingbeat,RockSlide,Protect,Tailwind|Jolly||M|||50|\n|showteam|p2|Azumarill||SitrusBerry|HugePower|AquaJet,BellyDrum,FocusPunch,Protect|Adamant||M|||50|]Clefable||BabiriBerry|Unaware|FollowMe,Encore,Moonblast,Protect|Bold||M|||50|]Gengar||Gengarite|CursedBody|ShadowBall,SludgeBomb,Taunt,Protect|Timid||F|||50|]Palafin||FocusSash|ZerotoHero|JetPunch,FlipTurn,CloseCombat,Protect|Jolly||F|||50|]Gholdengo||MetalCoat|GoodasGold|MakeItRain,NastyPlot,Protect,PowerGem|Modest|||||50|]Garchomp||LifeOrb|RoughSkin|Earthquake,Protect,BreakingSwipe,DragonClaw|Jolly||M|||50|\n|inactive|Battle timer is ON: inactive players will automatically lose when time's up. (requested by Junction7)\n|\n|t:|1788351633\n|teamsize|p1|4\n|teamsize|p2|4\n|start\n|switch|p1a: Charizard|Charizard, L50, F, shiny|100/100\n|switch|p1b: Venusaur|Venusaur, L50, F, shiny|100/100\n|switch|p2a: Azumarill|Azumarill, L50, M|100/100\n|switch|p2b: Clefable|Clefable, L50, M|100/100\n|turn|1\n|c|☆thismaybeisabot|focus punch\n|\n|t:|1788351654\n|detailschange|p1a: Charizard|Charizard-Mega-Y, L50, F, shiny\n|-mega|p1a: Charizard|Charizard|Charizardite Y\n|-weather|SunnyDay|[from] ability: Drought|[of] p1a: Charizard\n|move|p1a: Charizard|Protect|p1a: Charizard\n|-singleturn|p1a: Charizard|Protect\n|move|p2b: Clefable|Follow Me|p2b: Clefable\n|-singleturn|p2b: Clefable|move: Follow Me\n|move|p1b: Venusaur|Solar Beam||[still]\n|-prepare|p1b: Venusaur|Solar Beam\n|-anim|p1b: Venusaur|Solar Beam|p2b: Clefable\n|-damage|p2b: Clefable|32/100\n|-damage|p1b: Venusaur|90/100|[from] item: Life Orb\n|move|p2a: Azumarill|Belly Drum|p2a: Azumarill\n|-damage|p2a: Azumarill|50/100g\n|-setboost|p2a: Azumarill|atk|6|[from] move: Belly Drum\n|\n|-weather|SunnyDay|[upkeep]\n|upkeep\n|turn|2\n|inactive|Junction7 has 30 seconds left.\n|\n|t:|1788351682\n|-singleturn|p2a: Azumarill|move: Focus Punch\n|move|p2b: Clefable|Follow Me|p2b: Clefable\n|-singleturn|p2b: Clefable|move: Follow Me\n|move|p1b: Venusaur|Solar Beam||[still]\n|-prepare|p1b: Venusaur|Solar Beam\n|-anim|p1b: Venusaur|Solar Beam|p2b: Clefable\n|-damage|p2b: Clefable|0 fnt\n|faint|p2b: Clefable\n|-damage|p1b: Venusaur|80/100|[from] item: Life Orb\n|move|p1a: Charizard|Heat Wave|p2a: Azumarill|[miss]\n|-miss|p1a: Charizard|p2a: Azumarill\n|move|p2a: Azumarill|Focus Punch|p1a: Charizard\n|-resisted|p1a: Charizard|1\n|-damage|p1a: Charizard|0 fnt\n|faint|p1a: Charizard\n|\n|-weather|SunnyDay|[upkeep]\n|upkeep\n|c|☆thismaybeisabot|I PULLED THAT OFF\n|\n|t:|1788351703\n|switch|p1a: Sinistcha|Sinistcha, L50|100/100\n|switch|p2b: Garchomp|Garchomp, L50, M|100/100\n|-heal|p1b: Venusaur|100/100|[from] ability: Hospitality|[of] p1a: Sinistcha\n|turn|3\n|\n|t:|1788351720\n|move|p2a: Azumarill|Protect|p2a: Azumarill\n|-singleturn|p2a: Azumarill|Protect\n|move|p1a: Sinistcha|Rage Powder|p1a: Sinistcha\n|-singleturn|p1a: Sinistcha|move: Rage Powder\n|move|p1b: Venusaur|Solar Beam||[still]\n|-prepare|p1b: Venusaur|Solar Beam\n|-anim|p1b: Venusaur|Solar Beam|p2a: Azumarill\n|-activate|p2a: Azumarill|move: Protect\n|move|p2b: Garchomp|Breaking Swipe|p1b: Venusaur|[spread] p1a,p1b\n|-crit|p1a: Sinistcha\n|-damage|p1a: Sinistcha|58/100\n|-damage|p1b: Venusaur|60/100\n|-unboost|p1a: Sinistcha|atk|1\n|-unboost|p1b: Venusaur|atk|1\n|-damage|p2b: Garchomp|90/100|[from] item: Life Orb\n|\n|-weather|SunnyDay|[upkeep]\n|-heal|p1a: Sinistcha|64/100|[from] item: Leftovers\n|upkeep\n|turn|4\n|inactive|thismaybeisabot has 30 seconds left.\n|\n|t:|1788351753\n|move|p2a: Azumarill|Aqua Jet|p1b: Venusaur\n|-resisted|p1b: Venusaur|1\n|-damage|p1b: Venusaur|29/100\n|move|p1b: Venusaur|Solar Beam||[still]\n|-prepare|p1b: Venusaur|Solar Beam\n|-anim|p1b: Venusaur|Solar Beam|p2a: Azumarill\n|-supereffective|p2a: Azumarill|1\n|-damage|p2a: Azumarill|0 fnt\n|faint|p2a: Azumarill\n|-damage|p1b: Venusaur|19/100|[from] item: Life Orb\n|move|p2b: Garchomp|Breaking Swipe|p1b: Venusaur|[spread] p1a,p1b\n|-damage|p1a: Sinistcha|37/100\n|-damage|p1b: Venusaur|0 fnt\n|-unboost|p1a: Sinistcha|atk|1\n|faint|p1b: Venusaur\n|-damage|p2b: Garchomp|80/100|[from] item: Life Orb\n|move|p1a: Sinistcha|Strength Sap|p2b: Garchomp\n|-unboost|p2b: Garchomp|atk|1\n|-heal|p1a: Sinistcha|100/100\n|\n|-weather|SunnyDay|[upkeep]\n|upkeep\n|c|☆Junction7|I can't believe i missed\n|c|☆thismaybeisabot|me too mate\n|c|☆thismaybeisabot|me too\n|\n|t:|1788351776\n|switch|p1b: Garchomp|Garchomp, L50, F, shiny|100/100\n|switch|p2a: Gengar|Gengar, L50, F|100/100\n|turn|5\n|inactive|thismaybeisabot has 30 seconds left.\n|\n|t:|1788351807\n|detailschange|p2a: Gengar|Gengar-Mega, L50, F\n|-mega|p2a: Gengar|Gengar|Gengarite\n|move|p1b: Garchomp|Dragon Claw|p2b: Garchomp\n|-supereffective|p2b: Garchomp|1\n|-damage|p2b: Garchomp|0 fnt\n|-damage|p1b: Garchomp|87/100|[from] ability: Rough Skin|[of] p2b: Garchomp\n|faint|p2b: Garchomp\n|move|p2a: Gengar|Taunt|p1a: Sinistcha\n|-start|p1a: Sinistcha|move: Taunt\n|move|p1a: Sinistcha|Hex|p2a: Gengar\n|-supereffective|p2a: Gengar|1\n|-damage|p2a: Gengar|0 fnt\n|faint|p2a: Gengar\n|\n|win|Junction7\n|inactive|Junction7 has 30 seconds to confirm battle start!\n|inactive|thismaybeisabot has 30 seconds to confirm battle start!\n||thismaybeisabot is ready for game 2.\n||Junction7 is ready for game 2.\n|uhtml|next|Next: <a href=\"/battle-gen9championsvgc2026regmbbo3-2674378665\"><strong>Game 2 of 3</strong></a>\n","uploadtime":1788351981,"views":"2","formatid":"gen9championsvgc2026regmbbo3","rating":null,"private":0,"password":null}