{"id":"gen9championsvgc2026regmb-2674258211","format":"[Gen 9 Champions] VGC 2026 Reg M-B","players":["Thornlace48812","idkwhatdoidolol"],"log":"|j|☆Thornlace48812\n|j|☆idkwhatdoidolol\n|t:|1788325116\n|gametype|doubles\n|player|p1|Thornlace48812|1|1105\n|player|p2|idkwhatdoidolol|benga|1024\n|gen|9\n|tier|[Gen 9 Champions] VGC 2026 Reg M-B\n|rated|\n|rule|Species Clause: Limit one of each Pokémon\n|rule|Item Clause: Limit 1 of each item\n|clearpoke\n|poke|p1|Garchomp, L50, M|\n|poke|p1|Charizard, L50, M|\n|poke|p1|Whimsicott, L50, M|\n|poke|p1|Sylveon, L50, M|\n|poke|p1|Kingambit, L50, M|\n|poke|p1|Basculegion, L50, M|\n|poke|p2|Ampharos, L50, M, shiny|\n|poke|p2|Sableye, L50, M|\n|poke|p2|Delphox, L50, F|\n|poke|p2|Samurott-Hisui, L50, M|\n|poke|p2|Sinistcha, L50|\n|poke|p2|Sneasler, L50, F|\n|teampreview|4\n|inactive|Battle timer is ON: inactive players will automatically lose when time's up. (requested by Thornlace48812)\nThornlace48812 rejected open team sheets.\n|\n|t:|1788325135\n|teamsize|p1|4\n|teamsize|p2|4\n|start\n|switch|p1a: Charizard|Charizard, L50, M|100/100\n|switch|p1b: Whimsicott|Whimsicott, L50, M|100/100\n|switch|p2a: Sableye|Sableye, L50, M|100/100\n|switch|p2b: Sneasler|Sneasler, L50, F|100/100\n|turn|1\n|\n|t:|1788325150\n|detailschange|p1a: Charizard|Charizard-Mega-Y, L50, M\n|-mega|p1a: Charizard|Charizard|Charizardite Y\n|-weather|SunnyDay|[from] ability: Drought|[of] p1a: Charizard\n|move|p2b: Sneasler|Fake Out|p1a: Charizard\n|-damage|p1a: Charizard|81/100\n|move|p2a: Sableye|Fake Out|p1b: Whimsicott\n|-damage|p1b: Whimsicott|88/100\n|cant|p1b: Whimsicott|flinch\n|cant|p1a: Charizard|flinch\n|\n|-weather|SunnyDay|[upkeep]\n|upkeep\n|turn|2\n|\n|t:|1788325174\n|move|p1b: Whimsicott|Tailwind|p1b: Whimsicott\n|-sidestart|p1: Thornlace48812|move: Tailwind\n|move|p2a: Sableye|Taunt|p1b: Whimsicott\n|-start|p1b: Whimsicott|move: Taunt\n|move|p1a: Charizard|Heat Wave|p2a: Sableye|[spread] \n|-miss|p1a: Charizard|p2a: Sableye\n|-miss|p1a: Charizard|p2b: Sneasler\n|move|p2b: Sneasler|Dire Claw|p1a: Charizard\n|-damage|p1a: Charizard|29/100\n|-status|p1a: Charizard|psn|[from] ability: Poison Touch|[of] p2b: Sneasler\n|\n|-weather|SunnyDay|[upkeep]\n|-damage|p1a: Charizard|17/100 psn|[from] psn\n|upkeep\n|turn|3\n|inactive|idkwhatdoidolol has 30 seconds left.\n|\n|t:|1788325206\n|move|p2a: Sableye|Encore|p1b: Whimsicott\n|-start|p1b: Whimsicott|Encore\n|cant|p1b: Whimsicott|move: Taunt|Tailwind\n|move|p1a: Charizard|Heat Wave|p2a: Sableye|[spread] p2a,p2b\n|-damage|p2a: Sableye|7/100\n|-damage|p2b: Sneasler|14/100\n|-status|p2b: Sneasler|brn\n|move|p2b: Sneasler|Dire Claw|p1a: Charizard\n|-damage|p1a: Charizard|0 fnt\n|faint|p1a: Charizard\n|\n|-weather|SunnyDay|[upkeep]\n|-damage|p2b: Sneasler|8/100 brn|[from] brn\n|upkeep\n|\n|t:|1788325206\n|switch|p1a: Kingambit|Kingambit, L50, M|100/100\n|-activate|p1a: Kingambit|ability: Supreme Overlord\n|-start|p1a: Kingambit|fallen1|[silent]\n|turn|4\n|inactive|idkwhatdoidolol has 30 seconds left.\n|\n|t:|1788325237\n|move|p2b: Sneasler|Feint|p1a: Kingambit\n|-resisted|p1a: Kingambit|1\n|-damage|p1a: Kingambit|97/100\n|move|p2a: Sableye|Gravity|p2a: Sableye\n|-fieldstart|move: Gravity\n|-activate|p1b: Whimsicott|move: Struggle\n|move|p1b: Whimsicott|Struggle|p2b: Sneasler\n|-damage|p2b: Sneasler|0 fnt\n|faint|p2b: Sneasler\n|-damage|p1b: Whimsicott|63/100|[from] recoil\n|move|p1a: Kingambit|Kowtow Cleave|p2a: Sableye\n|-damage|p2a: Sableye|0 fnt\n|faint|p2a: Sableye\n|\n|-weather|SunnyDay|[upkeep]\n|upkeep\n|\n|t:|1788325249\n|switch|p2b: Ampharos|Ampharos, L50, M, shiny|100/100\n|switch|p2a: Samurott|Samurott-Hisui, L50, M|100/100\n|turn|5\n|\n|t:|1788325273\n|detailschange|p2b: Ampharos|Ampharos-Mega, L50, M, shiny\n|-mega|p2b: Ampharos|Ampharos|Ampharosite\n|-ability|p2b: Ampharos|Mold Breaker\n|-activate|p1b: Whimsicott|move: Struggle\n|move|p1b: Whimsicott|Struggle|p2b: Ampharos\n|-damage|p2b: Ampharos|94/100\n|-damage|p1b: Whimsicott|38/100|[from] recoil\n|move|p2a: Samurott|Ceaseless Edge|p1b: Whimsicott\n|-resisted|p1b: Whimsicott|1\n|-damage|p1b: Whimsicott|5/100\n|-sidestart|p1: Thornlace48812|Spikes\n|move|p1a: Kingambit|Low Kick|p2b: Ampharos\n|-damage|p2b: Ampharos|67/100\n|move|p2b: Ampharos|Focus Blast|p1a: Kingambit\n|-supereffective|p1a: Kingambit|2\n|-damage|p1a: Kingambit|0 fnt\n|faint|p1a: Kingambit\n|-end|p1a: Kingambit|fallen1|[silent]\n|\n|-weather|none\n|-end|p1b: Whimsicott|move: Taunt\n|-end|p1b: Whimsicott|Encore\n|-sideend|p1: Thornlace48812|move: Tailwind\n|upkeep\n|\n|t:|1788325274\n|switch|p1a: Basculegion|Basculegion, L50, M|100/100\n|-damage|p1a: Basculegion|87/100|[from] Spikes\n|turn|6\n|inactive|idkwhatdoidolol has 30 seconds left.\n|\n|t:|1788325307\n|move|p1b: Whimsicott|Tailwind|p1b: Whimsicott\n|-sidestart|p1: Thornlace48812|move: Tailwind\n|move|p1a: Basculegion|Wave Crash|p2a: Samurott\n|-resisted|p2a: Samurott|1\n|-damage|p2a: Samurott|40/100\n|-damage|p1a: Basculegion|71/100|[from] Recoil\n|move|p2a: Samurott|Ceaseless Edge|p1a: Basculegion\n|-supereffective|p1a: Basculegion|1\n|-damage|p1a: Basculegion|0 fnt\n|-sidestart|p1: Thornlace48812|Spikes\n|faint|p1a: Basculegion\n|move|p2b: Ampharos|Thunder|p1b: Whimsicott\n|-resisted|p1b: Whimsicott|1\n|-damage|p1b: Whimsicott|0 fnt\n|faint|p1b: Whimsicott\n|\n|win|idkwhatdoidolol\n|raw|Thornlace48812's rating: 1115 &rarr; <strong>1084</strong><br />(-31 for losing)\n|raw|idkwhatdoidolol's rating: 1024 &rarr; <strong>1070</strong><br />(+46 for winning)\n","uploadtime":1788325308,"views":"1","formatid":"gen9championsvgc2026regmb","rating":1070,"private":0,"password":null}