{"id":"gen9championsvgc2026regmbbo3-2674573759","format":"[Gen 9 Champions] VGC 2026 Reg M-B (Bo3)","players":["fvevfvfv","hugoggg"],"log":"|j|☆fvevfvfv\n|j|☆hugoggg\n|html|<table width=\"100%\"><tr><td align=\"left\">fvevfvfv</td><td align=\"right\">hugoggg</tr><tr><td align=\"left\"><i class=\"fa fa-circle-o\"></i> <i class=\"fa fa-circle-o\"></i> </td><td align=\"right\"><i class=\"fa fa-circle-o\"></i> <i class=\"fa fa-circle\"></i> </tr></table>\n|uhtml|bestof|<h2><strong>Game 2</strong> of <a href=\"/game-bestof3-gen9championsvgc2026regmbbo3-2674571408\">a best-of-3</a></h2>\n|t:|1788375567\n|gametype|doubles\n|player|p1|fvevfvfv|265|\n|player|p2|hugoggg|102|\n|gen|9\n|tier|[Gen 9 Champions] VGC 2026 Reg M-B (Bo3)\n|rule|Species Clause: Limit one of each Pokémon\n|rule|Item Clause: Limit 1 of each item\n|clearpoke\n|poke|p1|Charizard, L50, F, shiny|\n|poke|p1|Whimsicott, L50, M, shiny|\n|poke|p1|Garchomp, L50, F, shiny|\n|poke|p1|Floette-Eternal, L50, F|\n|poke|p1|Basculegion, L50, M, shiny|\n|poke|p1|Kingambit, L50, F, shiny|\n|poke|p2|Froslass, L50, F|\n|poke|p2|Dragonite, L50, F, shiny|\n|poke|p2|Sneasler, L50, M|\n|poke|p2|Arcanine-Hisui, L50, F|\n|poke|p2|Gholdengo, L50|\n|poke|p2|Kingambit, L50, M|\n|teampreview|4\n|showteam|p1|Charizard||CharizarditeY|Blaze|HeatWave,WeatherBall,AncientPower,Protect|Timid||F|||50|]Whimsicott||FocusSash|Prankster|Moonblast,Tailwind,Encore,Protect|Timid||M|||50|]Garchomp||SitrusBerry|RoughSkin|DragonClaw,Earthquake,RockSlide,Protect|Jolly||F|||50|]Floette-Eternal||Floettite|FlowerVeil|Moonblast,DazzlingGleam,LightofRuin,Protect|Modest||F|||50|]Basculegion||LifeOrb|Adaptability|WaveCrash,LastRespects,AquaJet,Protect|Adamant||M|||50|]Kingambit||OccaBerry|Defiant|KowtowCleave,SuckerPunch,IronHead,LowKick|Adamant||F|||50|\n|showteam|p2|Froslass||Froslassite|CursedBody|Blizzard,ShadowBall,AuroraVeil,Protect|Modest||F|||50|]Dragonite||Dragoninite|InnerFocus|DragonPulse,Flamethrower,Tailwind,Protect|Modest||F|||50|]Sneasler||WhiteHerb|Unburden|CloseCombat,GunkShot,FakeOut,Protect|Adamant||M|||50|]Arcanine-Hisui||FocusSash|RockHead|HeadSmash,FlareBlitz,ExtremeSpeed,Protect|Adamant||F|||50|]Gholdengo||ChoiceScarf|GoodasGold|MakeItRain,ShadowBall,Thunderbolt,Trick|Modest|||||50|]Kingambit||LifeOrb|Defiant|KowtowCleave,SuckerPunch,SwordsDance,Protect|Adamant||M|||50|\n|\n|t:|1788375581\n|teamsize|p1|4\n|teamsize|p2|4\n|start\n|switch|p1a: Whimsicott|Whimsicott, L50, M, shiny|100/100\n|switch|p1b: Basculegion|Basculegion, L50, M, shiny|100/100\n|switch|p2a: Streetcat|Sneasler, L50, M|100/100\n|switch|p2b: Villain|Kingambit, L50, M|100/100\n|turn|1\n|\n|t:|1788375620\n|switch|p1b: Garchomp|Garchomp, L50, F, shiny|100/100\n|move|p1a: Whimsicott|Protect|p1a: Whimsicott\n|-singleturn|p1a: Whimsicott|Protect\n|move|p2b: Villain|Sucker Punch||[still]\n|-fail|p2b: Villain\n|move|p2a: Streetcat|Gunk Shot|p1a: Whimsicott\n|-activate|p1a: Whimsicott|move: Protect\n|\n|upkeep\n|turn|2\n|\n|t:|1788375637\n|move|p1a: Whimsicott|Tailwind|p1a: Whimsicott\n|-sidestart|p1: fvevfvfv|move: Tailwind\n|move|p1b: Garchomp|Earthquake|p2a: Streetcat|[spread] p1a,p2a,p2b\n|-resisted|p1a: Whimsicott|1\n|-supereffective|p2a: Streetcat|1\n|-supereffective|p2b: Villain|1\n|-damage|p1a: Whimsicott|75/100\n|-damage|p2a: Streetcat|10/100\n|-damage|p2b: Villain|46/100\n|move|p2a: Streetcat|Gunk Shot|p1a: Whimsicott\n|-supereffective|p1a: Whimsicott|2\n|-damage|p1a: Whimsicott|0 fnt\n|faint|p1a: Whimsicott\n|move|p2b: Villain|Swords Dance|p2b: Villain\n|-boost|p2b: Villain|atk|2\n|\n|upkeep\n|\n|t:|1788375654\n|switch|p1a: Basculegion|Basculegion, L50, M, shiny|100/100\n|turn|3\n|\n|t:|1788375684\n|move|p2b: Villain|Sucker Punch|p1a: Basculegion\n|-supereffective|p1a: Basculegion|1\n|-damage|p1a: Basculegion|0 fnt\n|faint|p1a: Basculegion\n|-damage|p2b: Villain|37/100|[from] item: Life Orb\n|move|p1b: Garchomp|Earthquake|p2a: Streetcat|[spread] p2a,p2b\n|-supereffective|p2a: Streetcat|1\n|-supereffective|p2b: Villain|1\n|-damage|p2a: Streetcat|0 fnt\n|-damage|p2b: Villain|0 fnt\n|faint|p2a: Streetcat\n|faint|p2b: Villain\n|\n|upkeep\n|\n|t:|1788375694\n|switch|p2a: Stuckmoth|Froslass, L50, F|100/100\n|switch|p1a: Charizard|Charizard, L50, F, shiny|100/100\n|switch|p2b: Animal|Arcanine-Hisui, L50, F|100/100\n|turn|4\n|\n|t:|1788375714\n|detailschange|p1a: Charizard|Charizard-Mega-Y, L50, F, shiny\n|-mega|p1a: Charizard|Charizard|Charizardite Y\n|-weather|SunnyDay|[from] ability: Drought|[of] p1a: Charizard\n|detailschange|p2a: Stuckmoth|Froslass-Mega, L50, F\n|-mega|p2a: Stuckmoth|Froslass|Froslassite\n|-weather|Snowscape|[from] ability: Snow Warning|[of] p2a: Stuckmoth\n|move|p1b: Garchomp|Earthquake|p2b: Animal|[spread] p2a,p2b\n|-immune|p1a: Charizard\n|-crit|p2a: Stuckmoth\n|-supereffective|p2b: Animal|2\n|-damage|p2a: Stuckmoth|52/100\n|-enditem|p2b: Animal|Focus Sash\n|-damage|p2b: Animal|1/100\n|move|p1a: Charizard|Heat Wave|p2b: Animal|[spread] p2b\n|-miss|p1a: Charizard|p2a: Stuckmoth\n|-resisted|p2b: Animal|2\n|-damage|p2b: Animal|0 fnt\n|faint|p2b: Animal\n|move|p2a: Stuckmoth|Blizzard|p1a: Charizard|[spread] p1a,p1b\n|-supereffective|p1b: Garchomp|2\n|-crit|p1b: Garchomp\n|-damage|p1a: Charizard|59/100\n|-damage|p1b: Garchomp|0 fnt\n|faint|p1b: Garchomp\n|\n|-weather|Snowscape|[upkeep]\n|upkeep\n|turn|5\n|c|☆fvevfvfv|gng\n|\n|t:|1788375744\n|move|p1a: Charizard|Heat Wave|p2a: Stuckmoth\n|-supereffective|p2a: Stuckmoth|1\n|-damage|p2a: Stuckmoth|0 fnt\n|faint|p2a: Stuckmoth\n|\n|win|fvevfvfv\n||hugoggg is ready for game 3.\n|c|☆hugoggg|gulp\n||fvevfvfv is ready for game 3.\n|uhtml|next|Next: <a href=\"/battle-gen9championsvgc2026regmbbo3-2674575323\"><strong>Game 3 of 3</strong></a>\n","uploadtime":1788376272,"views":"8","formatid":"gen9championsvgc2026regmbbo3","rating":null,"private":0,"password":null}