{"id":"gen9championsvgc2026regmb-2674475466","format":"[Gen 9 Champions] VGC 2026 Reg M-B","players":["cancelo","Hoopester"],"log":"|j|☆cancelo\n|j|☆Hoopester\n|t:|1788364194\n|gametype|doubles\n|player|p1|cancelo|170|1311\n|player|p2|Hoopester|101|1336\n|gen|9\n|tier|[Gen 9 Champions] VGC 2026 Reg M-B\n|rated|\n|rule|Species Clause: Limit one of each Pokémon\n|rule|Item Clause: Limit 1 of each item\n|clearpoke\n|poke|p1|Garchomp, L50, M|\n|poke|p1|Kingambit, L50, M|\n|poke|p1|Sneasler, L50, M|\n|poke|p1|Sinistcha, L50|\n|poke|p1|Incineroar, L50, M|\n|poke|p1|Floette-Eternal, L50, F|\n|poke|p2|Staraptor, L50, M|\n|poke|p2|Sinistcha, L50|\n|poke|p2|Whimsicott, L50, F|\n|poke|p2|Farigiraf, L50, M|\n|poke|p2|Kingambit, L50, F|\n|poke|p2|Tyranitar, L50, M|\n|teampreview|4\n|inactive|Battle timer is ON: inactive players will automatically lose when time's up. (requested by Hoopester)\n|\n|t:|1788364221\n|teamsize|p1|4\n|teamsize|p2|4\n|start\n|switch|p1a: Incineroar|Incineroar, L50, M|100/100\n|switch|p1b: Floette|Floette-Eternal, L50, F|100/100\n|switch|p2a: Kingambit|Kingambit, L50, F|100/100\n|switch|p2b: Farigiraf|Farigiraf, L50, M|100/100\n|-ability|p1a: Incineroar|Intimidate|boost\n|-unboost|p2a: Kingambit|atk|1\n|-ability|p2a: Kingambit|Defiant|boost\n|-boost|p2a: Kingambit|atk|2\n|-unboost|p2b: Farigiraf|atk|1\n|turn|1\n|\n|t:|1788364242\n|detailschange|p1b: Floette|Floette-Mega, L50, F\n|-mega|p1b: Floette|Floette|Floettite\n|-ability|p1b: Floette|Fairy Aura\n|move|p1b: Floette|Calm Mind|p1b: Floette\n|-boost|p1b: Floette|spa|1\n|-boost|p1b: Floette|spd|1\n|move|p1a: Incineroar|Flare Blitz|p2a: Kingambit\n|-supereffective|p2a: Kingambit|1\n|-crit|p2a: Kingambit\n|-damage|p2a: Kingambit|0 fnt\n|faint|p2a: Kingambit\n|-damage|p1a: Incineroar|66/100|[from] Recoil\n|move|p2b: Farigiraf|Trick Room|p2b: Farigiraf\n|-fieldstart|move: Trick Room|[of] p2b: Farigiraf\n|\n|-heal|p1a: Incineroar|72/100|[from] item: Leftovers\n|upkeep\n|\n|t:|1788364259\n|switch|p2a: Tyranitar|Tyranitar, L50, M|100/100\n|-weather|Sandstorm|[from] ability: Sand Stream|[of] p2a: Tyranitar\n|turn|2\n|\n|t:|1788364270\n|detailschange|p2a: Tyranitar|Tyranitar-Mega, L50, M\n|-mega|p2a: Tyranitar|Tyranitar|Tyranitarite\n|move|p1b: Floette|Protect|p1b: Floette\n|-singleturn|p1b: Floette|Protect\n|move|p1a: Incineroar|Parting Shot|p2a: Tyranitar\n|-unboost|p2a: Tyranitar|atk|1\n|-unboost|p2a: Tyranitar|spa|1\n|\n|t:|1788364281\n|switch|p1a: Sinistcha|Sinistcha, L50|100/100|[from] Parting Shot\n|move|p2b: Farigiraf|Psychic|p1b: Floette\n|-activate|p1b: Floette|move: Protect\n|move|p2a: Tyranitar|Rock Slide|p1b: Floette|[spread] p1a\n|-activate|p1b: Floette|move: Protect\n|-damage|p1a: Sinistcha|79/100\n|\n|-weather|Sandstorm|[upkeep]\n|-damage|p2b: Farigiraf|93/100|[from] Sandstorm\n|-damage|p1a: Sinistcha|73/100|[from] Sandstorm\n|-damage|p1b: Floette|94/100|[from] Sandstorm\n|upkeep\n|turn|3\n|\n|t:|1788364306\n|move|p2b: Farigiraf|Psychic|p1b: Floette\n|-damage|p1b: Floette|76/100\n|move|p2a: Tyranitar|Rock Slide|p1b: Floette|[spread] p1a,p1b\n|-crit|p1b: Floette\n|-damage|p1a: Sinistcha|52/100\n|-damage|p1b: Floette|14/100\n|move|p1b: Floette|Calm Mind|p1b: Floette\n|-boost|p1b: Floette|spa|1\n|-boost|p1b: Floette|spd|1\n|cant|p1a: Sinistcha|flinch\n|\n|-weather|Sandstorm|[upkeep]\n|-damage|p2b: Farigiraf|87/100|[from] Sandstorm\n|-damage|p1a: Sinistcha|46/100|[from] Sandstorm\n|-damage|p1b: Floette|8/100|[from] Sandstorm\n|-enditem|p1a: Sinistcha|Sitrus Berry|[eat]\n|-heal|p1a: Sinistcha|71/100|[from] item: Sitrus Berry\n|upkeep\n|turn|4\n|inactive|cancelo has 30 seconds left.\n|\n|t:|1788364335\n|move|p1b: Floette|Protect|p1b: Floette\n|-singleturn|p1b: Floette|Protect\n|move|p2b: Farigiraf|Psychic|p1a: Sinistcha\n|-damage|p1a: Sinistcha|37/100\n|-unboost|p1a: Sinistcha|spd|1\n|move|p2a: Tyranitar|Rock Slide|p1a: Sinistcha|[spread] p1a\n|-activate|p1b: Floette|move: Protect\n|-damage|p1a: Sinistcha|16/100\n|move|p1a: Sinistcha|Trick Room|p1a: Sinistcha\n|-fieldend|move: Trick Room\n|\n|-weather|Sandstorm|[upkeep]\n|-damage|p1b: Floette|3/100|[from] Sandstorm\n|-damage|p1a: Sinistcha|10/100|[from] Sandstorm\n|-damage|p2b: Farigiraf|81/100|[from] Sandstorm\n|upkeep\n|turn|5\n|\n|t:|1788364358\n|switch|p1a: Incineroar|Incineroar, L50, M|72/100\n|-ability|p1a: Incineroar|Intimidate|boost\n|-unboost|p2a: Tyranitar|atk|1\n|-unboost|p2b: Farigiraf|atk|1\n|move|p2a: Tyranitar|Protect|p2a: Tyranitar\n|-singleturn|p2a: Tyranitar|Protect\n|move|p1b: Floette|Draining Kiss|p1a: Incineroar\n|-damage|p1a: Incineroar|23/100\n|-heal|p1b: Floette|49/100|[from] drain|[of] p1a: Incineroar\n|move|p2b: Farigiraf|Psychic|p1b: Floette\n|-damage|p1b: Floette|35/100\n|\n|-weather|Sandstorm|[upkeep]\n|-damage|p1b: Floette|30/100|[from] Sandstorm\n|-damage|p2b: Farigiraf|75/100|[from] Sandstorm\n|-damage|p1a: Incineroar|17/100|[from] Sandstorm\n|-heal|p1a: Incineroar|23/100|[from] item: Leftovers\n|upkeep\n|turn|6\n|\n|t:|1788364383\n|switch|p2a: Sinistcha|Sinistcha, L50|100/100\n|-heal|p2b: Farigiraf|100/100|[from] ability: Hospitality|[of] p2a: Sinistcha\n|switch|p1a: Sinistcha|Sinistcha, L50|10/100\n|-heal|p1b: Floette|54/100|[from] ability: Hospitality|[of] p1a: Sinistcha\n|move|p1b: Floette|Dazzling Gleam|p2a: Sinistcha|[spread] p2a,p2b\n|-damage|p2a: Sinistcha|25/100\n|-damage|p2b: Farigiraf|26/100\n|-enditem|p2a: Sinistcha|Sitrus Berry|[eat]\n|-heal|p2a: Sinistcha|50/100y|[from] item: Sitrus Berry\n|move|p2b: Farigiraf|Trick Room|p2b: Farigiraf\n|-fieldstart|move: Trick Room|[of] p2b: Farigiraf\n|\n|-weather|none\n|upkeep\n|turn|7\n|inactive|cancelo has 30 seconds left.\n|\n|t:|1788364412\n|move|p1a: Sinistcha|Protect|p1a: Sinistcha\n|-singleturn|p1a: Sinistcha|Protect\n|move|p2b: Farigiraf|Psychic|p1b: Floette\n|-damage|p1b: Floette|40/100\n|move|p2a: Sinistcha|Shadow Ball|p1a: Sinistcha\n|-activate|p1a: Sinistcha|move: Protect\n|move|p1b: Floette|Draining Kiss|p2a: Sinistcha\n|-damage|p2a: Sinistcha|0 fnt\n|-heal|p1b: Floette|83/100|[from] drain|[of] p2a: Sinistcha\n|faint|p2a: Sinistcha\n|\n|upkeep\n|\n|t:|1788364426\n|switch|p2a: Tyranitar|Tyranitar-Mega, L50, M|100/100\n|-weather|Sandstorm|[from] ability: Sand Stream|[of] p2a: Tyranitar\n|turn|8\n|\n|t:|1788364438\n|switch|p1a: Incineroar|Incineroar, L50, M|23/100\n|-ability|p1a: Incineroar|Intimidate|boost\n|-unboost|p2a: Tyranitar|atk|1\n|-unboost|p2b: Farigiraf|atk|1\n|move|p2b: Farigiraf|Psychic|p1b: Floette\n|-damage|p1b: Floette|67/100\n|-unboost|p1b: Floette|spd|1\n|move|p2a: Tyranitar|Rock Slide|p1a: Incineroar|[spread] p1a,p1b\n|-supereffective|p1a: Incineroar|1\n|-damage|p1a: Incineroar|0 fnt\n|-damage|p1b: Floette|40/100\n|faint|p1a: Incineroar\n|move|p1b: Floette|Draining Kiss|p2a: Tyranitar\n|-supereffective|p2a: Tyranitar|1\n|-damage|p2a: Tyranitar|35/100\n|-heal|p1b: Floette|100/100|[from] drain|[of] p2a: Tyranitar\n|\n|-weather|Sandstorm|[upkeep]\n|-damage|p2b: Farigiraf|20/100y|[from] Sandstorm\n|-damage|p1b: Floette|94/100|[from] Sandstorm\n|upkeep\n|\n|t:|1788364458\n|switch|p1a: Sinistcha|Sinistcha, L50|10/100\n|-heal|p1b: Floette|100/100|[from] ability: Hospitality|[of] p1a: Sinistcha\n|turn|9\n|\n|t:|1788364467\n|move|p2b: Farigiraf|Psychic|p1b: Floette\n|-damage|p1b: Floette|83/100\n|move|p2a: Tyranitar|Rock Slide|p1b: Floette|[spread] p1a,p1b\n|-damage|p1a: Sinistcha|0 fnt\n|-damage|p1b: Floette|55/100\n|faint|p1a: Sinistcha\n|move|p1b: Floette|Dazzling Gleam|p2b: Farigiraf|[spread] p2a,p2b\n|-supereffective|p2a: Tyranitar|1\n|-damage|p2a: Tyranitar|0 fnt\n|-damage|p2b: Farigiraf|0 fnt\n|faint|p2a: Tyranitar\n|faint|p2b: Farigiraf\n|\n|win|cancelo\n|raw|cancelo's rating: 1311 &rarr; <strong>1332</strong><br />(+21 for winning)\n|raw|Hoopester's rating: 1336 &rarr; <strong>1315</strong><br />(-21 for losing)\n|c|☆cancelo|Gg\n|l|☆Hoopester\n|player|p2|\n","uploadtime":1788364571,"views":"13","formatid":"gen9championsvgc2026regmb","rating":1315,"private":0,"password":null}