{"id":"gen9championsvgc2026regmb-2674141338","format":"[Gen 9 Champions] VGC 2026 Reg M-B","players":["swolecatdad","cockky icarus"],"log":"|j|☆swolecatdad\n|j|☆cockky icarus\n|html|<table width=\"100%\"><tr><td align=\"left\">swolecatdad</td><td align=\"right\">cockky icarus</tr><tr><td align=\"left\"><i class=\"fa fa-circle-o\"></i> <i class=\"fa fa-circle-o\"></i> </td><td align=\"right\"><i class=\"fa fa-circle-o\"></i> <i class=\"fa fa-circle\"></i> </tr></table>\n|uhtml|bestof|<h2><strong>Game 2</strong> of <a href=\"/game-bestof3-gen9championsvgc2026regmb-2674138387\">a best-of-3</a></h2>\n|t:|1788305266\n|gametype|doubles\n|player|p1|swolecatdad|266|\n|player|p2|cockky icarus|shauntal|\n|gen|9\n|tier|[Gen 9 Champions] VGC 2026 Reg M-B\n|rule|Species Clause: Limit one of each Pokémon\n|rule|Item Clause: Limit 1 of each item\n|raw|<div class=\"infobox\"><details class=\"readmore\" open><summary><strong>1 custom rule:</strong></summary> Best of = 3</details></div>\n|clearpoke\n|poke|p1|Swampert, L50, M|\n|poke|p1|Chesnaught, L50, F|\n|poke|p1|Charizard, L50, F|\n|poke|p1|Sableye, L50, M|\n|poke|p1|Garchomp, L50, M|\n|poke|p1|Staraptor, L50, F|\n|poke|p2|Rhyperior, L50, F|\n|poke|p2|Farigiraf, L50, M|\n|poke|p2|Incineroar, L50, F|\n|poke|p2|Vanilluxe, L50, M|\n|poke|p2|Dragapult, L50, M|\n|poke|p2|Vivillon, L50, F|\n|teampreview|4\n|\n|t:|1788305302\n|teamsize|p1|4\n|teamsize|p2|4\n|start\n|switch|p1a: Sableye|Sableye, L50, M|100/100\n|switch|p1b: Charizard|Charizard, L50, F|100/100\n|switch|p2a: Vivillon|Vivillon, L50, F|100/100\n|switch|p2b: Dragapult|Dragapult, L50, M|100/100\n|turn|1\n|\n|t:|1788305334\n|detailschange|p1b: Charizard|Charizard-Mega-Y, L50, F\n|-mega|p1b: Charizard|Charizard|Charizardite Y\n|-weather|SunnyDay|[from] ability: Drought|[of] p1b: Charizard\n|move|p2a: Vivillon|Protect|p2a: Vivillon\n|-singleturn|p2a: Vivillon|Protect\n|move|p2b: Dragapult|Thunderbolt|p1b: Charizard\n|-supereffective|p1b: Charizard|1\n|-damage|p1b: Charizard|37/100\n|move|p1b: Charizard|Hurricane|p2a: Vivillon\n|-activate|p2a: Vivillon|move: Protect\n|move|p1a: Sableye|Rain Dance|p1a: Sableye\n|-weather|RainDance\n|\n|-weather|RainDance|[upkeep]\n|upkeep\n|turn|2\n|\n|t:|1788305357\n|switch|p1b: Swampert|Swampert, L50, M|100/100\n|move|p2b: Dragapult|Thunderbolt|p1b: Swampert\n|-immune|p1b: Swampert\n|move|p2a: Vivillon|Hurricane|p1a: Sableye\n|-damage|p1a: Sableye|28/100\n|move|p1a: Sableye|Foul Play|p2b: Dragapult\n|-supereffective|p2b: Dragapult|1\n|-damage|p2b: Dragapult|28/100\n|\n|-weather|RainDance|[upkeep]\n|upkeep\n|turn|3\n|\n|t:|1788305386\n|switch|p1a: Charizard|Charizard-Mega-Y, L50, F|37/100\n|-weather|SunnyDay|[from] ability: Drought|[of] p1a: Charizard\n|move|p2a: Vivillon|Rage Powder|p2a: Vivillon\n|-singleturn|p2a: Vivillon|move: Rage Powder\n|move|p2b: Dragapult|Shadow Ball|p1b: Swampert\n|-damage|p1b: Swampert|62/100\n|move|p1b: Swampert|Rock Slide|p2b: Dragapult|[spread] p2a,p2b\n|-supereffective|p2a: Vivillon|2\n|-enditem|p2a: Vivillon|Focus Sash\n|-damage|p2a: Vivillon|1/100\n|-damage|p2b: Dragapult|9/100\n|\n|-weather|SunnyDay|[upkeep]\n|upkeep\n|turn|4\n|\n|t:|1788305408\n|move|p2a: Vivillon|Protect|p2a: Vivillon\n|-singleturn|p2a: Vivillon|Protect\n|move|p1a: Charizard|Protect|p1a: Charizard\n|-singleturn|p1a: Charizard|Protect\n|move|p2b: Dragapult|Thunderbolt|p1a: Charizard\n|-activate|p1a: Charizard|move: Protect\n|move|p1b: Swampert|Rock Slide|p2a: Vivillon|[spread] \n|-activate|p2a: Vivillon|move: Protect\n|-miss|p1b: Swampert|p2b: Dragapult\n|\n|-weather|SunnyDay|[upkeep]\n|upkeep\n|turn|5\n|\n|t:|1788305425\n|switch|p1a: Chesnaught|Chesnaught, L50, F|100/100\n|move|p2b: Dragapult|Thunderbolt|p1a: Chesnaught\n|-resisted|p1a: Chesnaught|1\n|-damage|p1a: Chesnaught|83/100\n|move|p2a: Vivillon|Hurricane|p1b: Swampert\n|-damage|p1b: Swampert|21/100\n|move|p1b: Swampert|Rock Slide|p2b: Dragapult|[spread] p2a,p2b\n|-supereffective|p2a: Vivillon|2\n|-damage|p2a: Vivillon|0 fnt\n|-damage|p2b: Dragapult|0 fnt\n|faint|p2a: Vivillon\n|faint|p2b: Dragapult\n|\n|-weather|SunnyDay|[upkeep]\n|upkeep\n|\n|t:|1788305429\n|switch|p2b: Incineroar|Incineroar, L50, F|100/100\n|switch|p2a: Vanilluxe|Vanilluxe, L50, M|100/100\n|-weather|Snowscape|[from] ability: Snow Warning|[of] p2a: Vanilluxe\n|-ability|p2b: Incineroar|Intimidate|boost\n|-unboost|p1a: Chesnaught|atk|1\n|-unboost|p1b: Swampert|atk|1\n|turn|6\n|\n|t:|1788305454\n|move|p1b: Swampert|Protect|p1b: Swampert\n|-singleturn|p1b: Swampert|Protect\n|move|p1a: Chesnaught|Spiky Shield|p1a: Chesnaught\n|-singleturn|p1a: Chesnaught|move: Protect\n|move|p2b: Incineroar|Fake Out|p1b: Swampert\n|-activate|p1b: Swampert|move: Protect\n|move|p2a: Vanilluxe|Freeze-Dry|p1a: Chesnaught\n|-activate|p1a: Chesnaught|move: Protect\n|\n|-weather|Snowscape|[upkeep]\n|upkeep\n|turn|7\n|\n|t:|1788305493\n|switch|p1b: Sableye|Sableye, L50, M|28/100\n|move|p2a: Vanilluxe|Freeze-Dry|p1b: Sableye\n|-damage|p1b: Sableye|0 fnt\n|faint|p1b: Sableye\n|move|p2b: Incineroar|Flare Blitz|p1a: Chesnaught\n|-supereffective|p1a: Chesnaught|1\n|-damage|p1a: Chesnaught|14/100\n|-damage|p2b: Incineroar|78/100|[from] Recoil\n|move|p1a: Chesnaught|Body Press|p2a: Vanilluxe\n|-supereffective|p2a: Vanilluxe|1\n|-damage|p2a: Vanilluxe|17/100\n|\n|-weather|Snowscape|[upkeep]\n|upkeep\n|l|☆swolecatdad\n|player|p1|\n|inactive|Battle timer is ON: inactive players will automatically lose when time's up. (requested by cockky icarus)\n|inactiveoff|Battle timer is now OFF.\n|j|☆swolecatdad\n|player|p1|swolecatdad|266|\n|\n|t:|1788305596\n|switch|p1b: Swampert|Swampert, L50, M|21/100\n|turn|8\n|\n|t:|1788305611\n|switch|p1a: Charizard|Charizard-Mega-Y, L50, F|37/100\n|-weather|SunnyDay|[from] ability: Drought|[of] p1a: Charizard\n|move|p2a: Vanilluxe|Freeze-Dry|p1b: Swampert\n|-supereffective|p1b: Swampert|2\n|-enditem|p1b: Swampert|Yache Berry|[eat]\n|-enditem|p1b: Swampert|Yache Berry|[weaken]\n|-damage|p1b: Swampert|0 fnt\n|faint|p1b: Swampert\n|move|p2b: Incineroar|Flare Blitz|p1a: Charizard\n|-resisted|p1a: Charizard|1\n|-damage|p1a: Charizard|0 fnt\n|faint|p1a: Charizard\n|-damage|p2b: Incineroar|66/100|[from] Recoil\n|\n|-weather|SunnyDay|[upkeep]\n|upkeep\n|c|☆cockky icarus|gg\n|c|☆swolecatdad|gg\n|\n|t:|1788305626\n|switch|p1b: Chesnaught|Chesnaught, L50, F|14/100\n|turn|9\n|\n|t:|1788305638\n|move|p2a: Vanilluxe|Freeze-Dry|p1b: Chesnaught\n|-supereffective|p1b: Chesnaught|1\n|-damage|p1b: Chesnaught|0 fnt\n|faint|p1b: Chesnaught\n|\n|win|cockky icarus\n|l|☆swolecatdad\n|player|p1|\n|l|☆cockky icarus\n|player|p2|\n|j|☆cockky icarus\n|player|p2|cockky icarus|shauntal|\n","uploadtime":1788305685,"views":"10","formatid":"gen9championsvgc2026regmb","rating":null,"private":0,"password":null}