{"id":"gen9championsvgc2026regmb-2674689161","format":"[Gen 9 Champions] VGC 2026 Reg M-B","players":["Da Nobb","Yohlex"],"log":"|j|☆Da Nobb\n|j|☆Yohlex\n|t:|1788390877\n|gametype|doubles\n|player|p1|Da Nobb|265|1112\n|player|p2|Yohlex|169|1114\n|gen|9\n|tier|[Gen 9 Champions] VGC 2026 Reg M-B\n|rated|\n|rule|Species Clause: Limit one of each Pokémon\n|rule|Item Clause: Limit 1 of each item\n|clearpoke\n|poke|p1|Zoroark-Hisui, L50, F|\n|poke|p1|Aegislash, L50, M|\n|poke|p1|Musharna, L50, F|\n|poke|p1|Sinistcha-Masterpiece, L50|\n|poke|p1|Lucario, L50, M|\n|poke|p1|Meowscarada, L50, M|\n|poke|p2|Pelipper, L50, F|\n|poke|p2|Basculegion, L50, M|\n|poke|p2|Archaludon, L50, M|\n|poke|p2|Swampert, L50, M|\n|poke|p2|Weavile, L50, F|\n|poke|p2|Dragonite, L50, F|\n|teampreview|4\n|\n|t:|1788390917\n|teamsize|p1|4\n|teamsize|p2|4\n|start\n|switch|p1a: Musharna|Musharna, L50, F|100/100\n|switch|p1b: Lucario|Lucario, L50, M|100/100\n|switch|p2a: Pelipper|Pelipper, L50, F|100/100\n|switch|p2b: Dragonite|Dragonite, L50, F|100/100\n|-weather|RainDance|[from] ability: Drizzle|[of] p2a: Pelipper\n|turn|1\n|\n|t:|1788390937\n|switch|p1b: Meowscarada|Meowscarada, L50, M|100/100\n|move|p1a: Musharna|Ally Switch|p1a: Musharna\n|swap|p1a: Musharna|1|[from] move: Ally Switch\n|move|p2a: Pelipper|Tailwind|p2a: Pelipper\n|-sidestart|p2: Yohlex|move: Tailwind\n|move|p2b: Dragonite|Hurricane|p1b: Musharna\n|-damage|p1b: Musharna|56/100\n|-start|p1b: Musharna|confusion\n|-damage|p2b: Dragonite|90/100|[from] item: Life Orb\n|\n|-weather|RainDance|[upkeep]\n|upkeep\n|turn|2\n|\n|t:|1788390968\n|move|p1a: Meowscarada|Ally Switch|p1a: Meowscarada\n|-start|p1a: Meowscarada|typechange|Psychic|[from] ability: Protean\n|swap|p1a: Meowscarada|1|[from] move: Ally Switch\n|move|p2a: Pelipper|Hurricane|p1a: Musharna\n|-damage|p1a: Musharna|25/100\n|-enditem|p1a: Musharna|Sitrus Berry|[eat]\n|-heal|p1a: Musharna|50/100g|[from] item: Sitrus Berry\n|move|p2b: Dragonite|Hurricane|p1a: Musharna\n|-damage|p1a: Musharna|11/100\n|-damage|p2b: Dragonite|80/100|[from] item: Life Orb\n|-activate|p1a: Musharna|confusion\n|-damage|p1a: Musharna|5/100|[from] confusion\n|\n|-weather|RainDance|[upkeep]\n|upkeep\n|turn|3\n|c|☆Da Nobb|tricky tricks\n|\n|t:|1788390998\n|switch|p2a: Weavile|Weavile, L50, F|100/100\n|-activate|p1a: Musharna|confusion\n|move|p1a: Musharna|Helping Hand|p1b: Meowscarada\n|-singleturn|p1b: Meowscarada|Helping Hand|[of] p1a: Musharna\n|move|p2b: Dragonite|Hurricane|p1a: Musharna\n|-damage|p1a: Musharna|0 fnt\n|faint|p1a: Musharna\n|-damage|p2b: Dragonite|71/100|[from] item: Life Orb\n|move|p1b: Meowscarada|Triple Axel|p2b: Dragonite\n|-supereffective|p2b: Dragonite|2\n|-damage|p2b: Dragonite|29/100\n|-supereffective|p2b: Dragonite|2\n|-damage|p2b: Dragonite|0 fnt\n|faint|p2b: Dragonite\n|-hitcount|p2: Dragonite|2\n|\n|-weather|RainDance|[upkeep]\n|upkeep\n|\n|t:|1788391021\n|switch|p2b: Basculegion|Basculegion, L50, M|100/100\n|switch|p1a: Lucario|Lucario, L50, M|100/100\n|turn|4\n|\n|t:|1788391038\n|switch|p1b: Meowscarada|Meowscarada, L50, M|100/100\n|detailschange|p1a: Lucario|Lucario-Mega, L50, M\n|-mega|p1a: Lucario|Lucario|Lucarionite\n|move|p2a: Weavile|Fake Out|p1b: Meowscarada\n|-immune|p1b: Meowscarada\n|move|p2b: Basculegion|Last Respects|p1b: Meowscarada\n|-immune|p1b: Meowscarada\n|move|p1a: Lucario|Aura Sphere|p2a: Weavile\n|-supereffective|p2a: Weavile|2\n|-damage|p2a: Weavile|0 fnt\n|faint|p2a: Weavile\n|\n|-weather|RainDance|[upkeep]\n|-sideend|p2: Yohlex|move: Tailwind\n|upkeep\n|\n|t:|1788391055\n|switch|p2a: Pelipper|Pelipper, L50, F|100/100\n|turn|5\n|c|☆Da Nobb|man these tricks are really tricking\n|\n|t:|1788391085\n|move|p2b: Basculegion|Last Respects|p1a: Lucario\n|-damage|p1a: Lucario|0 fnt\n|faint|p1a: Lucario\n|move|p1b: Meowscarada|Bitter Malice|p2b: Basculegion\n|-supereffective|p2b: Basculegion|1\n|-damage|p2b: Basculegion|6/100\n|-unboost|p2b: Basculegion|atk|1\n|move|p2a: Pelipper|Hurricane|p1b: Meowscarada\n|-damage|p1b: Meowscarada|4/100\n|replace|p1b: Zoroark|Zoroark-Hisui, L50, F\n|-end|p1b: Zoroark|Illusion\n|\n|-weather|none\n|upkeep\n|\n|t:|1788391100\n|switch|p1a: Meowscarada|Meowscarada, L50, M|100/100\n|turn|6\n|c|☆Da Nobb|welp the trickery tricked its last trick\n|\n|t:|1788391122\n|move|p2b: Basculegion|Last Respects|p1a: Meowscarada\n|-resisted|p1a: Meowscarada|1\n|-damage|p1a: Meowscarada|49/100\n|move|p1a: Meowscarada|Flower Trick|p2b: Basculegion\n|-start|p1a: Meowscarada|typechange|Grass|[from] ability: Protean\n|-supereffective|p2b: Basculegion|1\n|-crit|p2b: Basculegion\n|-damage|p2b: Basculegion|0 fnt\n|faint|p2b: Basculegion\n|move|p1b: Zoroark|Bitter Malice|p2a: Pelipper\n|-damage|p2a: Pelipper|29/100\n|-unboost|p2a: Pelipper|atk|1\n|move|p2a: Pelipper|Hurricane|p1a: Meowscarada|[miss]\n|-miss|p2a: Pelipper|p1a: Meowscarada\n|\n|upkeep\n|turn|7\n|c|☆Da Nobb|oof thats sad\n|c|☆Da Nobb|welp ggs that was fun\n|\n|t:|1788391164\n|move|p1a: Meowscarada|Flower Trick|p2a: Pelipper\n|-crit|p2a: Pelipper\n|-damage|p2a: Pelipper|0 fnt\n|faint|p2a: Pelipper\n|\n|win|Da Nobb\n|raw|Da Nobb's rating: 1112 &rarr; <strong>1137</strong><br />(+25 for winning)\n|raw|Yohlex's rating: 1114 &rarr; <strong>1089</strong><br />(-25 for losing)\n|l|☆Yohlex\n|player|p2|\n","uploadtime":1788391179,"views":"5","formatid":"gen9championsvgc2026regmb","rating":1089,"private":0,"password":null}