{"id":"gen9championsvgc2026regmbbo3-2675038369","format":"[Gen 9 Champions] VGC 2026 Reg M-B (Bo3)","players":["vinicio499","IBstudios"],"log":"|j|☆vinicio499\n|j|☆IBstudios\n|html|<table width=\"100%\"><tr><td align=\"left\">vinicio499</td><td align=\"right\">IBstudios</tr><tr><td align=\"left\"><i class=\"fa fa-circle-o\"></i> <i class=\"fa fa-circle-o\"></i> </td><td align=\"right\"><i class=\"fa fa-circle-o\"></i> <i class=\"fa fa-circle-o\"></i> </tr></table>\n|uhtml|bestof|<h2><strong>Game 1</strong> of <a href=\"/game-bestof3-gen9championsvgc2026regmbbo3-2675038368\">a best-of-3</a></h2>\n|t:|1788451652\n|gametype|doubles\n|player|p1|vinicio499|miku-ghost|1210\n|player|p2|IBstudios|265|1253\n|gen|9\n|tier|[Gen 9 Champions] VGC 2026 Reg M-B (Bo3)\n|rated|\n|rule|Species Clause: Limit one of each Pokémon\n|rule|Item Clause: Limit 1 of each item\n|clearpoke\n|poke|p1|Palafin, L50, M, shiny|\n|poke|p1|Archaludon, L50, M|\n|poke|p1|Audino, L50, F, shiny|\n|poke|p1|Pelipper, L50, F|\n|poke|p1|Swampert, L50, F|\n|poke|p1|Incineroar, L50, F|\n|poke|p2|Incineroar, L50, M|\n|poke|p2|Dragonite, L50, M|\n|poke|p2|Metagross, L50|\n|poke|p2|Ninetales-Alola, L50, M|\n|poke|p2|Sneasler, L50, M|\n|poke|p2|Milotic, L50, M|\n|teampreview|4\n|showteam|p1|Palafin||MysticWater|ZerotoHero|BulkUp,JetPunch,WaveCrash,Protect|Adamant||M|||50|]Archaludon||Leftovers|Stamina|Protect,ElectroShot,FlashCannon,DragonPulse|Modest||M|||50|]Audino||Audinite|Regenerator|LightScreen,DazzlingGleam,AllySwitch,LifeDew|Bold||F|||50|]Pelipper||SitrusBerry|Drizzle|Hurricane,WeatherBall,Tailwind,Protect|Modest||F|||50|]Swampert||Swampertite|Torrent|WaveCrash,Earthquake,IcePunch,Protect|Adamant||F|||50|]Incineroar||ChopleBerry|Intimidate|FakeOut,PartingShot,BurningJealousy,ThroatChop|Impish||F|||50|\n|showteam|p2|Incineroar||SitrusBerry|Intimidate|FakeOut,FlareBlitz,ThroatChop,PartingShot|Adamant||M|||50|]Dragonite||Dragoninite|Multiscale|DragonPulse,HeatWave,Tailwind,Protect|Modest||M|||50|]Metagross||Metagrossite|ClearBody|PsychicFangs,BulletPunch,BodyPress,Protect|Jolly|||||50|]Ninetales-Alola||NeverMeltIce|SnowWarning|FreezeDry,Blizzard,AuroraVeil,Protect|Timid||M|||50|]Sneasler||WhiteHerb|Unburden|CloseCombat,DireClaw,FakeOut,Protect|Jolly||M|||50|]Milotic||Leftovers|Competitive|Scald,LifeDew,HelpingHand,Protect|Modest||M|||50|\n|inactive|Battle timer is ON: inactive players will automatically lose when time's up. (requested by vinicio499)\n|j| cillianvgc\n|inactive|IBstudios has 60 seconds left.\n|\n|t:|1788451707\n|teamsize|p1|4\n|teamsize|p2|4\n|start\n|switch|p1a: Palafin|Palafin, L50, M, shiny|100/100\n|switch|p1b: Audino|Audino, L50, F, shiny|100/100\n|switch|p2a: Dragonite|Dragonite, L50, M|100/100\n|switch|p2b: Sneasler|Sneasler, L50, M|100/100\n|turn|1\n|inactive|IBstudios has 30 seconds left.\n|\n|t:|1788451741\n|detailschange|p1a: Palafin|Palafin-Hero, L50, M, shiny\n|switch|p1a: Archaludon|Archaludon, L50, M|100/100\n|detailschange|p2a: Dragonite|Dragonite-Mega, L50, M\n|-mega|p2a: Dragonite|Dragonite|Dragoninite\n|detailschange|p1b: Audino|Audino-Mega, L50, F, shiny\n|-mega|p1b: Audino|Audino|Audinite\n|move|p2b: Sneasler|Close Combat|p1b: Audino\n|-damage|p1b: Audino|66/100\n|-unboost|p2b: Sneasler|def|1\n|-unboost|p2b: Sneasler|spd|1\n|-enditem|p2b: Sneasler|White Herb\n|-clearnegativeboost|p2b: Sneasler|[silent]\n|move|p2a: Dragonite|Tailwind|p2a: Dragonite\n|-sidestart|p2: IBstudios|move: Tailwind\n|move|p1b: Audino|Life Dew||[still]|[spread] p1a,p1b\n|-fail|p1a: Archaludon|heal\n|-heal|p1b: Audino|91/100\n|\n|upkeep\n|turn|2\n|inactive|vinicio499 has 30 seconds left.\n|inactive|IBstudios has 30 seconds left.\n|inactive|IBstudios has 20 seconds left.\n|inactive|IBstudios has 15 seconds left.\n|inactive|IBstudios has 10 seconds left.\n|inactive|IBstudios has 5 seconds left.\n|\n|t:|1788451794\n|move|p1b: Audino|Ally Switch|p1b: Audino\n|swap|p1b: Audino|0|[from] move: Ally Switch\n|move|p2b: Sneasler|Close Combat|p1a: Audino\n|-damage|p1a: Audino|60/100\n|-unboost|p2b: Sneasler|def|1\n|-unboost|p2b: Sneasler|spd|1\n|move|p2a: Dragonite|Dragon Pulse|p1a: Audino\n|-immune|p1a: Audino\n|move|p1b: Archaludon|Dragon Pulse|p2b: Sneasler\n|-damage|p2b: Sneasler|15/100\n|\n|upkeep\n|turn|3\n|\n|t:|1788451817\n|move|p2b: Sneasler|Dire Claw|p1a: Audino\n|-supereffective|p1a: Audino|1\n|-damage|p1a: Audino|16/100\n|-status|p1a: Audino|psn\n|move|p2a: Dragonite|Heat Wave|p1a: Audino|[spread] p1a,p1b\n|-damage|p1a: Audino|0 fnt\n|-damage|p1b: Archaludon|64/100\n|-ability|p1b: Archaludon|Stamina|boost\n|-boost|p1b: Archaludon|def|1\n|faint|p1a: Audino\n|move|p1b: Archaludon|Dragon Pulse|p2b: Sneasler\n|-damage|p2b: Sneasler|0 fnt\n|faint|p2b: Sneasler\n|\n|-heal|p1b: Archaludon|70/100|[from] item: Leftovers\n|upkeep\n|\n|t:|1788451836\n|switch|p2b: Metagross|Metagross, L50|100/100\n|switch|p1a: Palafin|Palafin-Hero, L50, M, shiny|100/100\n|-activate|p1a: Palafin|ability: Zero to Hero\n|turn|4\n|\n|t:|1788451852\n|switch|p1a: Pelipper|Pelipper, L50, F|100/100\n|-weather|RainDance|[from] ability: Drizzle|[of] p1a: Pelipper\n|move|p2a: Dragonite|Dragon Pulse|p1b: Archaludon\n|-damage|p1b: Archaludon|12/100\n|-ability|p1b: Archaludon|Stamina|boost\n|-boost|p1b: Archaludon|def|1\n|move|p2b: Metagross|Body Press|p1b: Archaludon\n|-supereffective|p1b: Archaludon|1\n|-damage|p1b: Archaludon|0 fnt\n|faint|p1b: Archaludon\n|\n|-weather|RainDance|[upkeep]\n|-sideend|p2: IBstudios|move: Tailwind\n|upkeep\n|\n|t:|1788451854\n|switch|p1b: Palafin|Palafin-Hero, L50, M, shiny|100/100\n|turn|5\n|inactive|IBstudios has 30 seconds left.\n|inactive|IBstudios has 20 seconds left.\n|\n|t:|1788451890\n|move|p2a: Dragonite|Dragon Pulse|p1b: Palafin\n|-damage|p1b: Palafin|45/100\n|move|p2b: Metagross|Psychic Fangs|p1b: Palafin\n|-damage|p1b: Palafin|9/100\n|move|p1b: Palafin|Bulk Up|p1b: Palafin\n|-boost|p1b: Palafin|atk|1\n|-boost|p1b: Palafin|def|1\n|move|p1a: Pelipper|Hurricane|p2a: Dragonite\n|-damage|p2a: Dragonite|80/100\n|\n|-weather|RainDance|[upkeep]\n|upkeep\n|turn|6\n|inactive|IBstudios has 30 seconds left.\n|inactive|IBstudios has 20 seconds left.\n|inactive|IBstudios has 15 seconds left.\n|inactive|IBstudios has 10 seconds left.\n|inactive|IBstudios has 5 seconds left.\n|\n|t:|1788451940\n|move|p1b: Palafin|Protect|p1b: Palafin\n|-singleturn|p1b: Palafin|Protect\n|move|p2b: Metagross|Bullet Punch|p1b: Palafin\n|-activate|p1b: Palafin|move: Protect\n|move|p2a: Dragonite|Dragon Pulse|p1a: Pelipper\n|-damage|p1a: Pelipper|36/100\n|-enditem|p1a: Pelipper|Sitrus Berry|[eat]\n|-heal|p1a: Pelipper|61/100|[from] item: Sitrus Berry\n|move|p1a: Pelipper|Hurricane|p2a: Dragonite\n|-damage|p2a: Dragonite|42/100\n|-start|p2a: Dragonite|confusion\n|\n|-weather|RainDance|[upkeep]\n|upkeep\n|turn|7\n|\n|t:|1788451958\n|move|p2b: Metagross|Bullet Punch|p1b: Palafin\n|-resisted|p1b: Palafin|1\n|-damage|p1b: Palafin|2/100\n|move|p1b: Palafin|Jet Punch|p2b: Metagross\n|-damage|p2b: Metagross|11/100\n|-activate|p2a: Dragonite|confusion\n|move|p2a: Dragonite|Dragon Pulse|p1a: Pelipper\n|-damage|p1a: Pelipper|0 fnt\n|faint|p1a: Pelipper\n|\n|-weather|RainDance|[upkeep]\n|upkeep\n|turn|8\n|-message|vinicio499 forfeited.\n|\n|win|IBstudios\n|l|☆vinicio499\n|player|p1|\n||vinicio499 is ready for game 2.\n||IBstudios is ready for game 2.\n|uhtml|next|Next: <a href=\"/battle-gen9championsvgc2026regmbbo3-2675041131\"><strong>Game 2 of 3</strong></a>\n|l| cillianvgc\n","uploadtime":1788452477,"views":"2","formatid":"gen9championsvgc2026regmbbo3","rating":null,"private":0,"password":null}