{"id":"gen9championsvgc2026regmbbo3-2673312969","format":"[Gen 9 Champions] VGC 2026 Reg M-B (Bo3)","players":["hufehofofsp","humania1"],"log":"|j|☆hufehofofsp\n|j|☆humania1\n|html|<table width=\"100%\"><tr><td align=\"left\">hufehofofsp</td><td align=\"right\">humania1</tr><tr><td align=\"left\"><i class=\"fa fa-circle-o\"></i> <i class=\"fa fa-circle-o\"></i> </td><td align=\"right\"><i class=\"fa fa-circle-o\"></i> <i class=\"fa fa-circle-o\"></i> </tr></table>\n|uhtml|bestof|<h2><strong>Game 1</strong> of <a href=\"/game-bestof3-gen9championsvgc2026regmbbo3-2673312968\">a best-of-3</a></h2>\n|t:|1788181735\n|gametype|doubles\n|player|p1|hufehofofsp|266|1041\n|player|p2|humania1|170|1004\n|gen|9\n|tier|[Gen 9 Champions] VGC 2026 Reg M-B (Bo3)\n|rated|\n|rule|Species Clause: Limit one of each Pokémon\n|rule|Item Clause: Limit 1 of each item\n|clearpoke\n|poke|p1|Whimsicott, L50, M|\n|poke|p1|Charizard, L50, F|\n|poke|p1|Venusaur, L50, F|\n|poke|p1|Basculegion, L50, M|\n|poke|p1|Sneasler, L50, F|\n|poke|p1|Gholdengo, L50|\n|poke|p2|Blastoise, L50, M|\n|poke|p2|Delphox, L50, F, shiny|\n|poke|p2|Incineroar, L50, M|\n|poke|p2|Sinistcha, L50|\n|poke|p2|Sneasler, L50, M|\n|poke|p2|Vivillon, L50, F|\n|teampreview|4\n|showteam|p1|Whimsicott||FocusSash|Prankster|Tailwind,Moonblast,SunnyDay,TrickRoom|Timid||M|||50|]Charizard||CharizarditeY|SolarPower|HeatWave,AirSlash,Protect,WillOWisp|Calm||F|||50|]Venusaur||Venusaurite|Chlorophyll|EarthPower,SleepPowder,SolarBeam,Protect|Modest||F|||50|]Basculegion||ExpertBelt|Adaptability|Liquidation,LastRespects,Protect,IceFang|Adamant||M|||50|]Sneasler||WhiteHerb|Unburden|DireClaw,FakeOut,Toxic,Uturn|Serious||F|||50|]Gholdengo||Gyaradosite|GoodasGold|MakeItRain,ShadowBall,Trick,PowerGem|Serious|||||50|\n|showteam|p2|Blastoise||Blastoisinite|Torrent|Protect,ShellSmash,WaterSpout,DarkPulse|Modest||M|||50|]Delphox||Delphoxite|Blaze|Protect,HeatWave,Psyshock,NastyPlot|Timid||F|||50|]Incineroar||PasshoBerry|Intimidate|FakeOut,PartingShot,FlareBlitz,ThroatChop|Impish||M|||50|]Sinistcha||SitrusBerry|Hospitality|Protect,MatchaGotcha,TrickRoom,RagePowder|Bold|||||50|]Sneasler||FocusSash|PoisonTouch|QuickGuard,FakeOut,CloseCombat,DireClaw|Jolly||M|||50|]Vivillon||ChoiceScarf|CompoundEyes|Hurricane,SleepPowder,RagePowder,Uturn|Timid||F|||50|\n|inactive|Battle timer is ON: inactive players will automatically lose when time's up. (requested by humania1)\n|inactive|hufehofofsp has 60 seconds left.\n|\n|t:|1788181771\n|teamsize|p1|4\n|teamsize|p2|4\n|start\n|switch|p1a: Whimsicott|Whimsicott, L50, M|100/100\n|switch|p1b: Charizard|Charizard, L50, F|100/100\n|switch|p2a: Blastoise|Blastoise, L50, M|100/100\n|switch|p2b: Delphox|Delphox, L50, F, shiny|100/100\n|turn|1\n|\n|t:|1788181790\n|detailschange|p1b: Charizard|Charizard-Mega-Y, L50, F\n|-mega|p1b: Charizard|Charizard|Charizardite Y\n|-weather|SunnyDay|[from] ability: Drought|[of] p1b: Charizard\n|move|p1a: Whimsicott|Tailwind|p1a: Whimsicott\n|-sidestart|p1: hufehofofsp|move: Tailwind\n|move|p1b: Charizard|Air Slash|p2a: Blastoise\n|-damage|p2a: Blastoise|51/100\n|move|p2b: Delphox|Heat Wave|p1a: Whimsicott|[spread] p1a,p1b\n|-supereffective|p1a: Whimsicott|1\n|-resisted|p1b: Charizard|1\n|-enditem|p1a: Whimsicott|Focus Sash\n|-damage|p1a: Whimsicott|1/100\n|-damage|p1b: Charizard|77/100\n|move|p2a: Blastoise|Water Spout|p1b: Charizard|[spread] p1a,p1b\n|-resisted|p1a: Whimsicott|1\n|-supereffective|p1b: Charizard|1\n|-damage|p1a: Whimsicott|0 fnt\n|-damage|p1b: Charizard|54/100\n|faint|p1a: Whimsicott\n|\n|-weather|SunnyDay|[upkeep]\n|upkeep\n|\n|t:|1788181808\n|switch|p1a: Gholdengo|Gholdengo, L50|100/100\n|turn|2\n|\n|t:|1788181821\n|move|p1b: Charizard|Protect|p1b: Charizard\n|-singleturn|p1b: Charizard|Protect\n|move|p1a: Gholdengo|Trick||[still]\n|-fail|p1a: Gholdengo\n|move|p2b: Delphox|Heat Wave|p1b: Charizard|[spread] p1a\n|-activate|p1b: Charizard|move: Protect\n|-supereffective|p1a: Gholdengo|1\n|-damage|p1a: Gholdengo|0 fnt\n|faint|p1a: Gholdengo\n|move|p2a: Blastoise|Water Spout|p1b: Charizard\n|-activate|p1b: Charizard|move: Protect\n|\n|-weather|SunnyDay|[upkeep]\n|upkeep\n|\n|t:|1788181834\n|switch|p1a: Basculegion|Basculegion, L50, M|100/100\n|turn|3\n|\n|t:|1788181849\n|switch|p2b: Incineroar|Incineroar, L50, M|100/100\n|-ability|p2b: Incineroar|Intimidate|boost\n|-unboost|p1a: Basculegion|atk|1\n|-unboost|p1b: Charizard|atk|1\n|move|p1a: Basculegion|Last Respects|p2b: Incineroar\n|-resisted|p2b: Incineroar|1\n|-damage|p2b: Incineroar|72/100\n|move|p1b: Charizard|Air Slash|p2a: Blastoise\n|-damage|p2a: Blastoise|2/100\n|cant|p2a: Blastoise|flinch\n|\n|-weather|SunnyDay|[upkeep]\n|upkeep\n|turn|4\n|\n|t:|1788181865\n|move|p1a: Basculegion|Liquidation|p2b: Incineroar\n|-supereffective|p2b: Incineroar|1\n|-enditem|p2b: Incineroar|Passho Berry|[eat]\n|-enditem|p2b: Incineroar|Passho Berry|[weaken]\n|-damage|p2b: Incineroar|53/100\n|move|p1b: Charizard|Air Slash|p2a: Blastoise\n|-damage|p2a: Blastoise|0 fnt\n|faint|p2a: Blastoise\n|move|p2b: Incineroar|Throat Chop|p1a: Basculegion\n|-supereffective|p1a: Basculegion|1\n|-crit|p1a: Basculegion\n|-damage|p1a: Basculegion|0 fnt\n|faint|p1a: Basculegion\n|\n|-weather|SunnyDay|[upkeep]\n|-sideend|p1: hufehofofsp|move: Tailwind\n|upkeep\n|\n|t:|1788181865\n|switch|p2a: Sinistcha|Sinistcha, L50|100/100\n|-heal|p2b: Incineroar|78/100|[from] ability: Hospitality|[of] p2a: Sinistcha\n|turn|5\n|\n|t:|1788181887\n|switch|p2b: Delphox|Delphox, L50, F, shiny|100/100\n|move|p1b: Charizard|Heat Wave|p2a: Sinistcha|[spread] p2a,p2b\n|-supereffective|p2a: Sinistcha|1\n|-resisted|p2b: Delphox|1\n|-damage|p2a: Sinistcha|0 fnt\n|-damage|p2b: Delphox|62/100\n|faint|p2a: Sinistcha\n|\n|-weather|none\n|upkeep\n|\n|t:|1788181887\n|switch|p2a: Incineroar|Incineroar, L50, M|78/100\n|-ability|p2a: Incineroar|Intimidate|boost\n|-unboost|p1b: Charizard|atk|1\n|turn|6\n|\n|t:|1788181906\n|move|p2b: Delphox|Psyshock|p1b: Charizard\n|-damage|p1b: Charizard|13/100\n|move|p1b: Charizard|Heat Wave|p2b: Delphox|[spread] p2b\n|-miss|p1b: Charizard|p2a: Incineroar\n|-resisted|p2b: Delphox|1\n|-damage|p2b: Delphox|37/100\n|move|p2a: Incineroar|Parting Shot|p1b: Charizard\n|-unboost|p1b: Charizard|atk|1\n|-unboost|p1b: Charizard|spa|1\n|\n|upkeep\n|turn|7\n|\n|t:|1788181918\n|move|p2b: Delphox|Psyshock|p1b: Charizard\n|-damage|p1b: Charizard|0 fnt\n|faint|p1b: Charizard\n|\n|win|humania1\n","uploadtime":1788181918,"views":"0","formatid":"gen9championsvgc2026regmbbo3","rating":null,"private":0,"password":null}