{"id":"gen9championsvgc2026regmbbo3-2674548244","format":"[Gen 9 Champions] VGC 2026 Reg M-B (Bo3)","players":["Pokecraft15","mechabicho_14"],"log":"|j|☆Pokecraft15\n|j|☆mechabicho_14\n|html|<table width=\"100%\"><tr><td align=\"left\">Pokecraft15</td><td align=\"right\">mechabicho_14</tr><tr><td align=\"left\"><i class=\"fa fa-circle-o\"></i> <i class=\"fa fa-circle-o\"></i> </td><td align=\"right\"><i class=\"fa fa-circle-o\"></i> <i class=\"fa fa-circle-o\"></i> </tr></table>\n|uhtml|bestof|<h2><strong>Game 1</strong> of <a href=\"/game-bestof3-gen9championsvgc2026regmbbo3-2674548242\">a best-of-3</a></h2>\n|t:|1788372640\n|gametype|doubles\n|player|p1|Pokecraft15|hilbert-wonderlauncher|1297\n|player|p2|mechabicho_14|170|1413\n|gen|9\n|tier|[Gen 9 Champions] VGC 2026 Reg M-B (Bo3)\n|rated|\n|rule|Species Clause: Limit one of each Pokémon\n|rule|Item Clause: Limit 1 of each item\n|clearpoke\n|poke|p1|Staraptor, L50, M|\n|poke|p1|Whimsicott, L50, F, shiny|\n|poke|p1|Delphox, L50, M|\n|poke|p1|Basculegion, L50, M|\n|poke|p1|Garchomp, L50, F|\n|poke|p1|Sneasler, L50, M|\n|poke|p2|Gengar, L50, M|\n|poke|p2|Vivillon, L50, F|\n|poke|p2|Politoed, L50, F|\n|poke|p2|Swampert, L50, F|\n|poke|p2|Incineroar, L50, F|\n|poke|p2|Archaludon, L50, M|\n|teampreview|4\n|showteam|p1|Staraptor||Staraptite|Intimidate|BraveBird,CloseCombat,Roost,Protect|Jolly||M|||50|]Whimsicott||FocusSash|Prankster|Moonblast,Tailwind,Charm,Encore|Timid||F|||50|]Delphox||Delphoxite|Blaze|HeatWave,Psyshock,NastyPlot,Protect|Timid||M|||50|]Basculegion||ChoiceScarf|Adaptability|WaveCrash,LastRespects,FlipTurn,AquaJet|Jolly||M|||50|]Garchomp||LifeOrb|RoughSkin|DragonClaw,Earthquake,RockSlide,Protect|Jolly||F|||50|]Sneasler||WhiteHerb|Unburden|CloseCombat,DireClaw,FakeOut,QuickGuard|Adamant||M|||50|\n|showteam|p2|Gengar||Gengarite|CursedBody|Protect,PerishSong,ShadowBall,SludgeBomb|Timid||M|||50|]Vivillon||FocusSash|CompoundEyes|Protect,Hurricane,RagePowder,SleepPowder|Timid||F|||50|]Politoed||SitrusBerry|Drizzle|Protect,PerishSong,WeatherBall,Encore|Calm||F|||50|]Swampert||Swampertite|Torrent|Protect,Earthquake,WaveCrash,IcePunch|Adamant||F|||50|]Incineroar||PasshoBerry|Intimidate|Protect,PartingShot,ThroatChop,FakeOut|Careful||F|||50|]Archaludon||Leftovers|Stamina|Protect,ElectroShot,DragonPulse,FlashCannon|Modest||M|||50|\n|c|☆Pokecraft15|glhf\n|\n|t:|1788372721\n|teamsize|p1|4\n|teamsize|p2|4\n|start\n|switch|p1a: Garchomp|Garchomp, L50, F|100/100\n|switch|p1b: Legio|Basculegion, L50, M|100/100\n|switch|p2a: Incineroar|Incineroar, L50, F|100/100\n|switch|p2b: Archaludon|Archaludon, L50, M|100/100\n|-ability|p2a: Incineroar|Intimidate|boost\n|-unboost|p1a: Garchomp|atk|1\n|-unboost|p1b: Legio|atk|1\n|turn|1\n|\n|t:|1788372747\n|move|p1a: Garchomp|Protect|p1a: Garchomp\n|-singleturn|p1a: Garchomp|Protect\n|move|p2a: Incineroar|Fake Out|p1a: Garchomp\n|-activate|p1a: Garchomp|move: Protect\n|move|p1b: Legio|Flip Turn|p2a: Incineroar\n|-supereffective|p2a: Incineroar|1\n|-enditem|p2a: Incineroar|Passho Berry|[eat]\n|-enditem|p2a: Incineroar|Passho Berry|[weaken]\n|-damage|p2a: Incineroar|76/100\n|\n|t:|1788372755\n|switch|p1b: Staraptor|Staraptor, L50, M|100/100|[from] Flip Turn\n|-ability|p1b: Staraptor|Intimidate|boost\n|-unboost|p2a: Incineroar|atk|1\n|-unboost|p2b: Archaludon|atk|1\n|move|p2b: Archaludon|Dragon Pulse|p1b: Staraptor\n|-damage|p1b: Staraptor|30/100\n|\n|upkeep\n|turn|2\n|\n|t:|1788372787\n|switch|p2a: Politoed|Politoed, L50, F|100/100\n|-weather|RainDance|[from] ability: Drizzle|[of] p2a: Politoed\n|detailschange|p1b: Staraptor|Staraptor-Mega, L50, M\n|-mega|p1b: Staraptor|Staraptor|Staraptite\n|move|p1b: Staraptor|Close Combat|p2b: Archaludon\n|-supereffective|p2b: Archaludon|1\n|-damage|p2b: Archaludon|5/100\n|-boost|p1b: Staraptor|def|1\n|-boost|p1b: Staraptor|spd|1\n|-ability|p2b: Archaludon|Stamina|boost\n|-boost|p2b: Archaludon|def|1\n|move|p1a: Garchomp|Earthquake|p2a: Politoed|[spread] p2a,p2b\n|-immune|p1b: Staraptor\n|-supereffective|p2b: Archaludon|1\n|-damage|p2a: Politoed|66/100\n|-damage|p2b: Archaludon|0 fnt\n|faint|p2b: Archaludon\n|-damage|p1a: Garchomp|90/100|[from] item: Life Orb\n|\n|-weather|RainDance|[upkeep]\n|upkeep\n|\n|t:|1788372796\n|switch|p2b: Swampert|Swampert, L50, F|100/100\n|turn|3\n|\n|t:|1788372814\n|switch|p2a: Incineroar|Incineroar, L50, F|76/100\n|-ability|p2a: Incineroar|Intimidate|boost\n|-unboost|p1a: Garchomp|atk|1\n|-boost|p1b: Staraptor|atk|1\n|detailschange|p2b: Swampert|Swampert-Mega, L50, F\n|-mega|p2b: Swampert|Swampert|Swampertite\n|move|p1b: Staraptor|Protect|p1b: Staraptor\n|-singleturn|p1b: Staraptor|Protect\n|move|p2b: Swampert|Wave Crash|p1b: Staraptor\n|-activate|p1b: Staraptor|move: Protect\n|move|p1a: Garchomp|Earthquake|p2a: Incineroar|[spread] p2a,p2b\n|-activate|p1b: Staraptor|move: Protect\n|-supereffective|p2a: Incineroar|1\n|-damage|p2a: Incineroar|29/100\n|-damage|p2b: Swampert|77/100\n|-damage|p1a: Garchomp|80/100|[from] item: Life Orb\n|\n|-weather|RainDance|[upkeep]\n|upkeep\n|turn|4\n|\n|t:|1788372839\n|switch|p1b: Whimsicorps|Whimsicott, L50, F, shiny|100/100\n|move|p2b: Swampert|Wave Crash|p1b: Whimsicorps\n|-resisted|p1b: Whimsicorps|1\n|-damage|p1b: Whimsicorps|18/100\n|-damage|p2b: Swampert|57/100|[from] Recoil\n|move|p1a: Garchomp|Earthquake|p2a: Incineroar|[spread] p1b,p2a,p2b\n|-resisted|p1b: Whimsicorps|1\n|-supereffective|p2a: Incineroar|1\n|-crit|p2a: Incineroar\n|-damage|p1b: Whimsicorps|1/100\n|-damage|p2a: Incineroar|0 fnt\n|-damage|p2b: Swampert|33/100\n|faint|p2a: Incineroar\n|-damage|p1a: Garchomp|70/100|[from] item: Life Orb\n|\n|-weather|RainDance|[upkeep]\n|upkeep\n|\n|t:|1788372849\n|switch|p2a: Politoed|Politoed, L50, F|66/100\n|turn|5\n|c|☆Pokecraft15|w whims\n|\n|t:|1788372867\n|move|p1a: Garchomp|Protect|p1a: Garchomp\n|-singleturn|p1a: Garchomp|Protect\n|move|p1b: Whimsicorps|Tailwind|p1b: Whimsicorps\n|-sidestart|p1: Pokecraft15|move: Tailwind\n|move|p2b: Swampert|Ice Punch|p1a: Garchomp\n|-activate|p1a: Garchomp|move: Protect\n|move|p2a: Politoed|Weather Ball|p1b: Whimsicorps\n|-resisted|p1b: Whimsicorps|1\n|-damage|p1b: Whimsicorps|0 fnt\n|faint|p1b: Whimsicorps\n|\n|-weather|RainDance|[upkeep]\n|upkeep\n|\n|t:|1788372880\n|switch|p1b: Legio|Basculegion, L50, M|100/100\n|turn|6\n|\n|t:|1788372903\n|move|p1b: Legio|Last Respects|p2a: Politoed\n|-damage|p2a: Politoed|5/100\n|-enditem|p2a: Politoed|Sitrus Berry|[eat]\n|-heal|p2a: Politoed|30/100|[from] item: Sitrus Berry\n|move|p1a: Garchomp|Dragon Claw|p2b: Swampert\n|-damage|p2b: Swampert|10/100\n|-damage|p1a: Garchomp|61/100|[from] item: Life Orb\n|move|p2b: Swampert|Ice Punch|p1a: Garchomp\n|-supereffective|p1a: Garchomp|2\n|-damage|p1a: Garchomp|0 fnt\n|-damage|p2b: Swampert|0 fnt|[from] ability: Rough Skin|[of] p1a: Garchomp\n|faint|p1a: Garchomp\n|faint|p2b: Swampert\n|move|p2a: Politoed|Weather Ball|p1b: Legio\n|-resisted|p1b: Legio|1\n|-damage|p1b: Legio|75/100\n|\n|-weather|none\n|upkeep\n|\n|t:|1788372907\n|switch|p1a: Staraptor|Staraptor-Mega, L50, M|30/100\n|turn|7\n|-message|mechabicho_14 forfeited.\n|\n|win|Pokecraft15\n|l|☆mechabicho_14\n|player|p2|\n||mechabicho_14 is ready for game 2.\n||Pokecraft15 is ready for game 2.\n|uhtml|next|Next: <a href=\"/battle-gen9championsvgc2026regmbbo3-2674550683\"><strong>Game 2 of 3</strong></a>\n|l|☆Pokecraft15\n|player|p1|\n|j|☆Pokecraft15\n|player|p1|Pokecraft15|hilbert-wonderlauncher|\n","uploadtime":1788373266,"views":"7","formatid":"gen9championsvgc2026regmbbo3","rating":null,"private":0,"password":null}