{"id":"gen9championsvgc2026regmbbo3-2674028049","format":"[Gen 9 Champions] VGC 2026 Reg M-B (Bo3)","players":["TrevasVGC","KeterVGC"],"log":"|j|☆TrevasVGC\n|j|‽KeterVGC\n|html|<table width=\"100%\"><tr><td align=\"left\">TrevasVGC</td><td align=\"right\">KeterVGC</tr><tr><td align=\"left\"><i class=\"fa fa-circle\"></i> <i class=\"fa fa-circle-o\"></i> </td><td align=\"right\"><i class=\"fa fa-circle-o\"></i> <i class=\"fa fa-circle\"></i> </tr></table>\n|uhtml|bestof|<h2><strong>Game 3</strong> of <a href=\"/game-bestof3-gen9championsvgc2026regmbbo3-2674023438\">a best-of-3</a></h2>\n|t:|1788289973\n|gametype|doubles\n|player|p1|TrevasVGC|blaine|1228\n|player|p2|KeterVGC|266|1331\n|gen|9\n|tier|[Gen 9 Champions] VGC 2026 Reg M-B (Bo3)\n|rated|\n|rule|Species Clause: Limit one of each Pokémon\n|rule|Item Clause: Limit 1 of each item\n|clearpoke\n|poke|p1|Scovillain, L50, F, shiny|\n|poke|p1|Basculegion, L50, M|\n|poke|p1|Kingambit, L50, F|\n|poke|p1|Sneasler, L50, F|\n|poke|p1|Lycanroc-Dusk, L50, M|\n|poke|p1|Froslass, L50, F|\n|poke|p2|Staraptor, L50, F|\n|poke|p2|Raichu, L50, M|\n|poke|p2|Arcanine-Hisui, L50, M|\n|poke|p2|Sylveon, L50, M|\n|poke|p2|Kingambit, L50, M|\n|poke|p2|Farigiraf, L50, M|\n|teampreview|4\n|showteam|p1|Scovillain||Scovillainite|Moody|GigaDrain,Overheat,RagePowder,Protect|Bold||F|||50|]Basculegion||LifeOrb|Adaptability|WaveCrash,LastRespects,AquaJet,Protect|Adamant||M|||50|]Kingambit||BlackGlasses|Defiant|KowtowCleave,SuckerPunch,SwordsDance,Protect|Adamant||F|||50|]Sneasler||WhiteHerb|Unburden|CloseCombat,DireClaw,Protect,FakeOut|Adamant||F|||50|]Lycanroc-Dusk||FocusSash|ToughClaws|CloseCombat,Accelerock,RockSlide,Protect|Adamant||M|||50|]Froslass||Froslassite|CursedBody|Blizzard,ShadowBall,AuroraVeil,Protect|Timid||F|||50|\n|showteam|p2|Staraptor||Staraptite|Intimidate|CloseCombat,DualWingbeat,Tailwind,Protect|Jolly||F|||50|]Raichu||RaichuniteY|Static|ZapCannon,FocusBlast,FakeOut,Protect|Timid||M|||50|]Arcanine-Hisui||FocusSash|RockHead|FlareBlitz,HeadSmash,ExtremeSpeed,Protect|Timid||M|||50|]Sylveon||FairyFeather|Pixilate|HyperVoice,HyperBeam,QuickAttack,Detect|Modest||M|||50|]Kingambit||LifeOrb|Defiant|KowtowCleave,SuckerPunch,SwordsDance,Protect|Adamant||M|||50|]Farigiraf||SitrusBerry|ArmorTail|Psychic,HelpingHand,TrickRoom,Protect|Calm||M|||50|\n|inactive|Battle timer is ON: inactive players will automatically lose when time's up. (requested by TrevasVGC)\n|\n|t:|1788289993\n|teamsize|p1|4\n|teamsize|p2|4\n|start\n|switch|p1a: John Dogs|Scovillain, L50, F, shiny|100/100\n|switch|p1b: Cisco|Sneasler, L50, F|100/100\n|switch|p2a: Staraptor|Staraptor, L50, F|100/100\n|switch|p2b: Arcanine|Arcanine-Hisui, L50, M|100/100\n|-ability|p2a: Staraptor|Intimidate|boost\n|-unboost|p1a: John Dogs|atk|1\n|-unboost|p1b: Cisco|atk|1\n|-enditem|p1b: Cisco|White Herb\n|-clearnegativeboost|p1b: Cisco|[silent]\n|turn|1\n|inactive|TrevasVGC has 30 seconds left.\n|\n|t:|1788290019\n|switch|p1b: SlycedBread|Basculegion, L50, M|100/100\n|switch|p2a: Farigiraf|Farigiraf, L50, M|100/100\n|move|p1a: John Dogs|Protect|p1a: John Dogs\n|-singleturn|p1a: John Dogs|Protect\n|move|p2b: Arcanine|Head Smash|p1a: John Dogs\n|-activate|p1a: John Dogs|move: Protect\n|\n|-ability|p1a: John Dogs|Moody|boost\n|-boost|p1a: John Dogs|spd|2\n|-unboost|p1a: John Dogs|def|1\n|upkeep\n|turn|2\n|inactive|TrevasVGC has 30 seconds left.\n|\n|t:|1788290051\n|switch|p1b: DDee|Lycanroc-Dusk, L50, M|100/100\n|move|p2b: Arcanine|Head Smash|p1a: John Dogs|[miss]\n|-miss|p2b: Arcanine|p1a: John Dogs\n|move|p1a: John Dogs|Giga Drain|p2b: Arcanine\n|-damage|p2b: Arcanine|65/100\n|move|p2a: Farigiraf|Psychic|p1a: John Dogs\n|-damage|p1a: John Dogs|80/100\n|\n|-ability|p1a: John Dogs|Moody|boost\n|-boost|p1a: John Dogs|def|2\n|-unboost|p1a: John Dogs|spa|1\n|upkeep\n|turn|3\n|inactive|TrevasVGC has 30 seconds left.\n|inactive|KeterVGC has 30 seconds left.\n|inactive|TrevasVGC has 20 seconds left.\n|\n|t:|1788290087\n|switch|p2b: Sylveon|Sylveon, L50, M|100/100\n|move|p1b: DDee|Rock Slide|p2a: Farigiraf|[spread] p2a,p2b\n|-damage|p2a: Farigiraf|75/100\n|-damage|p2b: Sylveon|63/100\n|move|p1a: John Dogs|Giga Drain|p2a: Farigiraf\n|-damage|p2a: Farigiraf|59/100\n|-heal|p1a: John Dogs|90/100|[from] drain|[of] p2a: Farigiraf\n|move|p2a: Farigiraf|Trick Room|p2a: Farigiraf\n|-fieldstart|move: Trick Room|[of] p2a: Farigiraf\n|\n|-ability|p1a: John Dogs|Moody|boost\n|-boost|p1a: John Dogs|spd|2\n|-unboost|p1a: John Dogs|def|1\n|upkeep\n|turn|4\n|inactive|TrevasVGC has 30 seconds left.\n|\n|t:|1788290120\n|switch|p2a: Arcanine|Arcanine-Hisui, L50, M|65/100\n|move|p1b: DDee|Protect|p1b: DDee\n|-singleturn|p1b: DDee|Protect\n|move|p2b: Sylveon|Hyper Voice|p1a: John Dogs|[spread] p1a\n|-activate|p1b: DDee|move: Protect\n|-resisted|p1a: John Dogs|1\n|-damage|p1a: John Dogs|80/100\n|move|p1a: John Dogs|Giga Drain|p2a: Arcanine\n|-damage|p2a: Arcanine|41/100\n|-heal|p1a: John Dogs|92/100|[from] drain|[of] p2a: Arcanine\n|\n|-ability|p1a: John Dogs|Moody|boost\n|-boost|p1a: John Dogs|spd|2\n|-unboost|p1a: John Dogs|def|1\n|upkeep\n|turn|5\n|\n|t:|1788290143\n|move|p1a: John Dogs|Protect|p1a: John Dogs\n|-singleturn|p1a: John Dogs|Protect\n|move|p2b: Sylveon|Hyper Voice|p1b: DDee|[spread] p1b\n|-activate|p1a: John Dogs|move: Protect\n|-damage|p1b: DDee|21/100\n|move|p2a: Arcanine|Head Smash|p1b: DDee|[miss]\n|-miss|p2a: Arcanine|p1b: DDee\n|move|p1b: DDee|Close Combat|p2a: Arcanine\n|-supereffective|p2a: Arcanine|1\n|-damage|p2a: Arcanine|0 fnt\n|-unboost|p1b: DDee|def|1\n|-unboost|p1b: DDee|spd|1\n|faint|p2a: Arcanine\n|\n|-ability|p1a: John Dogs|Moody|boost\n|-boost|p1a: John Dogs|spa|2\n|-unboost|p1a: John Dogs|spe|1\n|upkeep\n|c|☆TrevasVGC|,,,\n|\n|t:|1788290165\n|switch|p2a: Staraptor|Staraptor, L50, F|100/100\n|-ability|p2a: Staraptor|Intimidate|boost\n|-unboost|p1a: John Dogs|atk|1\n|-unboost|p1b: DDee|atk|1\n|turn|6\n|c|☆TrevasVGC|mb\n|\n|t:|1788290180\n|detailschange|p1a: John Dogs|Scovillain-Mega, L50, F, shiny\n|-mega|p1a: John Dogs|Scovillain|Scovillainite\n|detailschange|p2a: Staraptor|Staraptor-Mega, L50, F\n|-mega|p2a: Staraptor|Staraptor|Staraptite\n|move|p1b: DDee|Accelerock|p2a: Staraptor\n|-damage|p2a: Staraptor|80/100\n|move|p1a: John Dogs|Overheat|p2a: Staraptor\n|-damage|p2a: Staraptor|0 fnt\n|-unboost|p1a: John Dogs|spa|2\n|faint|p2a: Staraptor\n|move|p2b: Sylveon|Hyper Voice|p1a: John Dogs|[spread] p1a,p1b\n|-resisted|p1a: John Dogs|1\n|-damage|p1a: John Dogs|85/100\n|-damage|p1b: DDee|0 fnt\n|-status|p2b: Sylveon|brn|[from] ability: Spicy Spray|[of] p1a: John Dogs\n|faint|p1b: DDee\n|\n|-damage|p2b: Sylveon|57/100 brn|[from] brn\n|upkeep\n|\n|t:|1788290192\n|switch|p1b: SlycedBread|Basculegion, L50, M|100/100\n|switch|p2a: Farigiraf|Farigiraf, L50, M|59/100\n|turn|7\n|\n|t:|1788290205\n|move|p1a: John Dogs|Giga Drain|p2a: Farigiraf\n|-damage|p2a: Farigiraf|38/100\n|-heal|p1a: John Dogs|99/100|[from] drain|[of] p2a: Farigiraf\n|-enditem|p2a: Farigiraf|Sitrus Berry|[eat]\n|-heal|p2a: Farigiraf|63/100|[from] item: Sitrus Berry\n|move|p2a: Farigiraf|Psychic|p1b: SlycedBread\n|-damage|p1b: SlycedBread|63/100\n|move|p2b: Sylveon|Hyper Voice|p1b: SlycedBread|[spread] p1a,p1b\n|-resisted|p1a: John Dogs|1\n|-damage|p1a: John Dogs|93/100\n|-damage|p1b: SlycedBread|12/100\n|move|p1b: SlycedBread|Wave Crash|p2a: Farigiraf\n|-damage|p2a: Farigiraf|0 fnt\n|faint|p2a: Farigiraf\n|-damage|p1b: SlycedBread|0 fnt|[from] Recoil\n|faint|p1b: SlycedBread\n|\n|-damage|p2b: Sylveon|51/100 brn|[from] brn\n|-fieldend|move: Trick Room\n|upkeep\n|-message|KeterVGC forfeited.\n|\n|win|TrevasVGC\n|raw|TrevasVGC's rating: 1228 &rarr; <strong>1258</strong><br />(+30 for winning)\n|raw|KeterVGC's rating: 1305 &rarr; <strong>1281</strong><br />(-24 for losing)\n","uploadtime":1788290224,"views":"5","formatid":"gen9championsvgc2026regmbbo3","rating":1258,"private":0,"password":null}