{"id":"gen9championsvgc2026regmb-2674164662","format":"[Gen 9 Champions] VGC 2026 Reg M-B","players":["maflamike","Emili-Alter"],"log":"|j|☆maflamike\n|j|☆Emili-Alter\n|html|<table width=\"100%\"><tr><td align=\"left\">maflamike</td><td align=\"right\">Emili-Alter</tr><tr><td align=\"left\"><i class=\"fa fa-circle\"></i> <i class=\"fa fa-circle-o\"></i> </td><td align=\"right\"><i class=\"fa fa-circle-o\"></i> <i class=\"fa fa-circle-o\"></i> </tr></table>\n|uhtml|bestof|<h2><strong>Game 2</strong> of <a href=\"/game-bestof3-gen9championsvgc2026regmb-2674163148\">a best-of-3</a></h2>\n|t:|1788308826\n|gametype|doubles\n|player|p1|maflamike|li|\n|player|p2|Emili-Alter|dawn-masters3|\n|gen|9\n|tier|[Gen 9 Champions] VGC 2026 Reg M-B\n|rated|Tournament battle\n|rule|Species Clause: Limit one of each Pokémon\n|rule|Item Clause: Limit 1 of each item\n|raw|<div class=\"infobox\"><details class=\"readmore\" open><summary><strong>2 custom rules:</strong></summary> Force Open Team Sheets, Best of = 3</details></div>\n|clearpoke\n|poke|p1|Weavile, L50, M|\n|poke|p1|Incineroar, L50, M|\n|poke|p1|Barbaracle, L50, M|\n|poke|p1|Zoroark-Hisui, L50, M|\n|poke|p1|Gholdengo, L50|\n|poke|p1|Sinistcha, L50|\n|poke|p2|Aerodactyl, L50, F|\n|poke|p2|Basculegion, L50, M|\n|poke|p2|Kingambit, L50, M|\n|poke|p2|Dragonite, L50, M|\n|poke|p2|Sneasler, L50, M|\n|poke|p2|Sylveon, L50, M|\n|teampreview|4\n|showteam|p1|Weavile||FocusSash|Pickpocket|TripleAxel,Protect,FakeOut,KnockOff|Jolly||M|||50|]Incineroar||SitrusBerry|Intimidate|FlareBlitz,FakeOut,PartingShot,ThroatChop|Brave||M|||50|]Barbaracle||Barbaracite|Sniper|ShellSmash,RockSlide,CloseCombat,Protect|Adamant||M|||50|]Zoroark-Hisui||ChoiceScarf|Illusion|BitterMalice,HyperVoice,IcyWind,Flamethrower|Modest||M|||50|]Gholdengo||LifeOrb|GoodasGold|NastyPlot,MakeItRain,ShadowBall,Protect|Modest|||||50|]Sinistcha||ColburBerry|Hospitality|MatchaGotcha,LifeDew,TrickRoom,RagePowder|Bold|||||50|\n|showteam|p2|Aerodactyl||Aerodactylite|Unnerve|RockSlide,Tailwind,DualWingbeat,Protect|Jolly||F|||50|]Basculegion||MysticWater|Adaptability|LastRespects,Protect,WaveCrash,AquaJet|Adamant||M|||50|]Kingambit||ChopleBerry|Defiant|KowtowCleave,SuckerPunch,LowKick,IronHead|Adamant||M|||50|]Dragonite||Dragoninite|Multiscale|Protect,ExtremeSpeed,DragonPulse,HeatWave|Modest||M|||50|]Sneasler||FocusSash|PoisonTouch|FakeOut,Protect,DireClaw,CloseCombat|Jolly||M|||50|]Sylveon||FairyFeather|Pixilate|Detect,QuickAttack,HyperBeam,HyperVoice|Modest||M|||50|\n|\n|t:|1788308877\n|teamsize|p1|4\n|teamsize|p2|4\n|start\n|switch|p1a: Weavile|Weavile, L50, M|100/100\n|switch|p1b: Barbaracle|Barbaracle, L50, M|100/100\n|switch|p2a: Sneasler|Sneasler, L50, M|100/100\n|switch|p2b: Dragonite|Dragonite, L50, M|100/100\n|turn|1\n|\n|t:|1788308913\n|detailschange|p2b: Dragonite|Dragonite-Mega, L50, M\n|-mega|p2b: Dragonite|Dragonite|Dragoninite\n|detailschange|p1b: Barbaracle|Barbaracle-Mega, L50, M\n|-mega|p1b: Barbaracle|Barbaracle|Barbaracite\n|move|p1a: Weavile|Fake Out|p2a: Sneasler\n|-damage|p2a: Sneasler|78/100\n|cant|p2a: Sneasler|flinch\n|move|p2b: Dragonite|Dragon Pulse|p1b: Barbaracle\n|-damage|p1b: Barbaracle|40/100\n|move|p1b: Barbaracle|Shell Smash|p1b: Barbaracle\n|-unboost|p1b: Barbaracle|def|1\n|-unboost|p1b: Barbaracle|spd|1\n|-boost|p1b: Barbaracle|atk|2\n|-boost|p1b: Barbaracle|spa|2\n|-boost|p1b: Barbaracle|spe|2\n|\n|upkeep\n|turn|2\n|\n|t:|1788308946\n|move|p2b: Dragonite|Extreme Speed|p1b: Barbaracle\n|-resisted|p1b: Barbaracle|1\n|-damage|p1b: Barbaracle|25/100\n|move|p1b: Barbaracle|Rock Slide|p2a: Sneasler|[spread] p2a,p2b\n|-resisted|p2a: Sneasler|1\n|-supereffective|p2b: Dragonite|1\n|-damage|p2a: Sneasler|19/100\n|-damage|p2b: Dragonite|33/100\n|move|p1a: Weavile|Triple Axel|p2a: Sneasler\n|-damage|p2a: Sneasler|2/100\n|-damage|p2a: Sneasler|0 fnt\n|faint|p2a: Sneasler\n|-hitcount|p2: Sneasler|2\n|\n|upkeep\n|\n|t:|1788308968\n|switch|p2a: Basculegion|Basculegion, L50, M|100/100\n|turn|3\n|\n|t:|1788308983\n|move|p1b: Barbaracle|Protect|p1b: Barbaracle\n|-singleturn|p1b: Barbaracle|Protect\n|move|p2a: Basculegion|Protect|p2a: Basculegion\n|-singleturn|p2a: Basculegion|Protect\n|move|p2b: Dragonite|Extreme Speed|p1a: Weavile\n|-damage|p1a: Weavile|63/100\n|move|p1a: Weavile|Knock Off|p2a: Basculegion\n|-activate|p2a: Basculegion|move: Protect\n|\n|upkeep\n|turn|4\n|j| miradonaod\n|\n|t:|1788309003\n|move|p2b: Dragonite|Extreme Speed|p1a: Weavile\n|-damage|p1a: Weavile|30/100\n|move|p2a: Basculegion|Aqua Jet|p1b: Barbaracle\n|-supereffective|p1b: Barbaracle|1\n|-damage|p1b: Barbaracle|0 fnt\n|faint|p1b: Barbaracle\n|move|p1a: Weavile|Knock Off|p2a: Basculegion\n|-supereffective|p2a: Basculegion|1\n|-damage|p2a: Basculegion|4/100\n|-enditem|p2a: Basculegion|Mystic Water|[from] move: Knock Off|[of] p1a: Weavile\n|\n|upkeep\n|\n|t:|1788309009\n|switch|p1b: Incineroar|Incineroar, L50, M|100/100\n|-ability|p1b: Incineroar|Intimidate|boost\n|-unboost|p2a: Basculegion|atk|1\n|-unboost|p2b: Dragonite|atk|1\n|turn|5\n|c| miradonaod|i have that barbaricle team\n|c|☆maflamike|you probably pilot it better than me\n|c|☆maflamike|ive used it like 5 times\n|c| miradonaod|iv barly used it to\n|\n|t:|1788309060\n|switch|p2b: Aerodactyl|Aerodactyl, L50, F|100/100\n|-ability|p2b: Aerodactyl|Unnerve\n|move|p1a: Weavile|Protect|p1a: Weavile\n|-singleturn|p1a: Weavile|Protect\n|move|p2a: Basculegion|Protect|p2a: Basculegion\n|-singleturn|p2a: Basculegion|Protect\n|move|p1b: Incineroar|Throat Chop|p2a: Basculegion\n|-activate|p2a: Basculegion|move: Protect\n|\n|upkeep\n|turn|6\n|j| QueerCrocodile\n|\n|t:|1788309075\n|switch|p1a: Gholdengo|Gholdengo, L50|100/100\n|move|p2a: Basculegion|Aqua Jet|p1a: Gholdengo\n|-damage|p1a: Gholdengo|79/100\n|move|p2b: Aerodactyl|Tailwind|p2b: Aerodactyl\n|-sidestart|p2: Emili-Alter|move: Tailwind\n|move|p1b: Incineroar|Throat Chop|p2a: Basculegion\n|-supereffective|p2a: Basculegion|1\n|-damage|p2a: Basculegion|0 fnt\n|faint|p2a: Basculegion\n|\n|upkeep\n|c| miradonaod|i used it for a bit when it released but not realy after\n|\n|t:|1788309087\n|switch|p2a: Dragonite|Dragonite-Mega, L50, M|33/100\n|turn|7\n|\n|t:|1788309094\n|switch|p1b: Weavile|Weavile, L50, M|30/100\n|move|p1a: Gholdengo|Protect|p1a: Gholdengo\n|-singleturn|p1a: Gholdengo|Protect\n|move|p2b: Aerodactyl|Rock Slide|p1a: Gholdengo|[spread] p1b\n|-activate|p1a: Gholdengo|move: Protect\n|-supereffective|p1b: Weavile|1\n|-damage|p1b: Weavile|0 fnt\n|faint|p1b: Weavile\n|move|p2a: Dragonite|Heat Wave|p1a: Gholdengo\n|-activate|p1a: Gholdengo|move: Protect\n|\n|upkeep\n|\n|t:|1788309099\n|switch|p1b: Incineroar|Incineroar, L50, M|100/100\n|-ability|p1b: Incineroar|Intimidate|boost\n|-unboost|p2a: Dragonite|atk|1\n|-unboost|p2b: Aerodactyl|atk|1\n|turn|8\n|\n|t:|1788309113\n|move|p1b: Incineroar|Fake Out|p2a: Dragonite\n|-damage|p2a: Dragonite|21/100\n|move|p2b: Aerodactyl|Rock Slide|p1b: Incineroar|[spread] p1a,p1b\n|-resisted|p1a: Gholdengo|1\n|-supereffective|p1b: Incineroar|1\n|-crit|p1b: Incineroar\n|-damage|p1a: Gholdengo|69/100\n|-damage|p1b: Incineroar|30/100\n|cant|p2a: Dragonite|flinch\n|cant|p1a: Gholdengo|flinch\n|\n|upkeep\n|turn|9\n|c|☆maflamike|hell yeah\n|\n|t:|1788309129\n|move|p2b: Aerodactyl|Rock Slide|p1b: Incineroar|[spread] p1a,p1b\n|-resisted|p1a: Gholdengo|1\n|-supereffective|p1b: Incineroar|1\n|-damage|p1a: Gholdengo|60/100\n|-damage|p1b: Incineroar|0 fnt\n|faint|p1b: Incineroar\n|move|p2a: Dragonite|Heat Wave|p1a: Gholdengo\n|-supereffective|p1a: Gholdengo|1\n|-damage|p1a: Gholdengo|0 fnt\n|faint|p1a: Gholdengo\n|\n|win|Emili-Alter\n||maflamike is ready for game 3.\n|inactive|Emili-Alter has 30 seconds to confirm battle start!\n","uploadtime":1788309141,"views":"0","formatid":"gen9championsvgc2026regmb","rating":null,"private":0,"password":null}