{"id":"gen9championsvgc2026regmb-2674798157","format":"[Gen 9 Champions] VGC 2026 Reg M-B","players":["ethalem99","bogur"],"log":"|j|☆ethalem99\n|j|☆bogur\n|t:|1788408846\n|gametype|doubles\n|player|p1|ethalem99|acetrainer-gen4dp|1286\n|player|p2|bogur|266|1171\n|gen|9\n|tier|[Gen 9 Champions] VGC 2026 Reg M-B\n|rated|\n|rule|Species Clause: Limit one of each Pokémon\n|rule|Item Clause: Limit 1 of each item\n|clearpoke\n|poke|p1|Dragonite, L50, F|\n|poke|p1|Sneasler, L50, M|\n|poke|p1|Basculegion, L50, M|\n|poke|p1|Kingambit, L50, F|\n|poke|p1|Garchomp, L50, M|\n|poke|p1|Floette-Eternal, L50, F|\n|poke|p2|Mawile, L50, M|\n|poke|p2|Farigiraf, L50, M|\n|poke|p2|Passimian, L50, M|\n|poke|p2|Pelipper, L50, F|\n|poke|p2|Arcanine-Hisui, L50, F|\n|poke|p2|Torkoal, L50, F|\n|teampreview|4\n|inactive|Battle timer is ON: inactive players will automatically lose when time's up. (requested by ethalem99)\n|\n|t:|1788408868\n|teamsize|p1|4\n|teamsize|p2|4\n|start\n|switch|p1a: Garchomp|Garchomp, L50, M|100/100\n|switch|p1b: Sneasler|Sneasler, L50, M|100/100\n|switch|p2a: Farigiraf|Farigiraf, L50, M|100/100\n|switch|p2b: Mawile|Mawile, L50, M|100/100\n|turn|1\n|inactive|ethalem99 has 30 seconds left.\n|inactive|ethalem99 has 20 seconds left.\n|\n|t:|1788408904\n|move|p2b: Mawile|Protect|p2b: Mawile\n|-singleturn|p2b: Mawile|Protect\n|move|p1a: Garchomp|Rock Slide|p2b: Mawile|[spread] p2a\n|-activate|p2b: Mawile|move: Protect\n|-damage|p2a: Farigiraf|77/100\n|move|p1b: Sneasler|Dire Claw|p2a: Farigiraf\n|-damage|p2a: Farigiraf|35/100\n|-status|p2a: Farigiraf|psn\n|move|p2a: Farigiraf|Psychic Noise|p1b: Sneasler\n|-supereffective|p1b: Sneasler|2\n|-enditem|p1b: Sneasler|Focus Sash\n|-damage|p1b: Sneasler|1/100\n|-start|p1b: Sneasler|move: Heal Block\n|\n|-damage|p2a: Farigiraf|22/100 psn|[from] psn\n|upkeep\n|turn|2\n|inactive|bogur has 30 seconds left.\n|\n|t:|1788408931\n|switch|p1b: Kingambit|Kingambit, L50, F|100/100\n|detailschange|p2b: Mawile|Mawile-Mega, L50, M\n|-mega|p2b: Mawile|Mawile|Mawilite\n|move|p2b: Mawile|Sucker Punch||[still]\n|-fail|p2b: Mawile\n|move|p1a: Garchomp|Rock Slide|p2a: Farigiraf|[spread] p2b\n|-miss|p1a: Garchomp|p2a: Farigiraf\n|-resisted|p2b: Mawile|1\n|-damage|p2b: Mawile|90/100\n|move|p2a: Farigiraf|Trick Room|p2a: Farigiraf\n|-fieldstart|move: Trick Room|[of] p2a: Farigiraf\n|\n|-damage|p2a: Farigiraf|10/100 psn|[from] psn\n|upkeep\n|turn|3\n|inactive|ethalem99 has 30 seconds left.\n|\n|t:|1788408960\n|switch|p2a: Torkoal|Torkoal, L50, F|100/100\n|-weather|SunnyDay|[from] ability: Drought|[of] p2a: Torkoal\n|switch|p1a: Sneasler|Sneasler, L50, M|1/100\n|move|p2b: Mawile|Play Rough|p1a: Sneasler\n|-damage|p1a: Sneasler|0 fnt\n|faint|p1a: Sneasler\n|move|p1b: Kingambit|Iron Head|p2b: Mawile\n|-crit|p2b: Mawile\n|-damage|p2b: Mawile|28/100\n|\n|-weather|SunnyDay|[upkeep]\n|upkeep\n|\n|t:|1788408980\n|switch|p1a: Garchomp|Garchomp, L50, M|100/100\n|turn|4\n|inactive|ethalem99 has 30 seconds left.\n|\n|t:|1788409007\n|move|p1b: Kingambit|Sucker Punch|p2a: Torkoal\n|-damage|p2a: Torkoal|74/100\n|move|p2a: Torkoal|Eruption|p1b: Kingambit|[spread] p1a,p1b\n|-resisted|p1a: Garchomp|1\n|-supereffective|p1b: Kingambit|1\n|-damage|p1a: Garchomp|65/100\n|-damage|p1b: Kingambit|0 fnt\n|faint|p1b: Kingambit\n|move|p2b: Mawile|Play Rough|p1a: Garchomp\n|-supereffective|p1a: Garchomp|1\n|-damage|p1a: Garchomp|0 fnt\n|-damage|p2b: Mawile|16/100|[from] ability: Rough Skin|[of] p1a: Garchomp\n|faint|p1a: Garchomp\n|\n|-weather|SunnyDay|[upkeep]\n|upkeep\n|\n|t:|1788409017\n|switch|p1b: Basculegion|Basculegion, L50, M|100/100\n|turn|5\n|\n|t:|1788409029\n|move|p1b: Basculegion|Protect|p1b: Basculegion\n|-singleturn|p1b: Basculegion|Protect\n|move|p2b: Mawile|Sucker Punch||[still]\n|-fail|p2b: Mawile\n|move|p2a: Torkoal|Solar Beam||[still]\n|-prepare|p2a: Torkoal|Solar Beam\n|-anim|p2a: Torkoal|Solar Beam|p1b: Basculegion\n|-activate|p1b: Basculegion|move: Protect\n|\n|-weather|SunnyDay|[upkeep]\n|upkeep\n|turn|6\n|inactive|ethalem99 has 30 seconds left.\n|\n|t:|1788409062\n|move|p1b: Basculegion|Protect||[still]\n|-fail|p1b: Basculegion\n|move|p2b: Mawile|Sucker Punch||[still]\n|-fail|p2b: Mawile\n|move|p2a: Torkoal|Solar Beam||[still]\n|-prepare|p2a: Torkoal|Solar Beam\n|-anim|p2a: Torkoal|Solar Beam|p1b: Basculegion\n|-supereffective|p1b: Basculegion|1\n|-damage|p1b: Basculegion|28/100\n|\n|-weather|SunnyDay|[upkeep]\n|-fieldend|move: Trick Room\n|upkeep\n|turn|7\n|\n|t:|1788409073\n|move|p1b: Basculegion|Protect|p1b: Basculegion\n|-singleturn|p1b: Basculegion|Protect\n|move|p2b: Mawile|Sucker Punch||[still]\n|-fail|p2b: Mawile\n|move|p2a: Torkoal|Solar Beam||[still]\n|-prepare|p2a: Torkoal|Solar Beam\n|-anim|p2a: Torkoal|Solar Beam|p1b: Basculegion\n|-activate|p1b: Basculegion|move: Protect\n|\n|-weather|none\n|upkeep\n|turn|8\n|\n|t:|1788409087\n|move|p1b: Basculegion|Aqua Jet|p2b: Mawile\n|-damage|p2b: Mawile|0 fnt\n|faint|p2b: Mawile\n|-damage|p1b: Basculegion|19/100|[from] item: Life Orb\n|move|p2a: Torkoal|Earth Power|p1b: Basculegion\n|-damage|p1b: Basculegion|0 fnt\n|faint|p1b: Basculegion\n|\n|win|bogur\n|raw|ethalem99's rating: 1286 &rarr; <strong>1253</strong><br />(-33 for losing)\n|raw|bogur's rating: 1171 &rarr; <strong>1204</strong><br />(+33 for winning)\n|l|☆bogur\n|player|p2|\n","uploadtime":1788409094,"views":"0","formatid":"gen9championsvgc2026regmb","rating":1204,"private":0,"password":null}