{"id":"gen9championsvgc2026regmb-2674263295","format":"[Gen 9 Champions] VGC 2026 Reg M-B","players":["axodragz","Thornlace48812"],"log":"|j|☆axodragz\n|j|☆Thornlace48812\n|t:|1788326301\n|gametype|doubles\n|player|p1|axodragz|265|1017\n|player|p2|Thornlace48812|1|1030\n|gen|9\n|tier|[Gen 9 Champions] VGC 2026 Reg M-B\n|rated|\n|rule|Species Clause: Limit one of each Pokémon\n|rule|Item Clause: Limit 1 of each item\n|clearpoke\n|poke|p1|Steelix, L50, M, shiny|\n|poke|p1|Tyranitar, L50, M, shiny|\n|poke|p1|Sinistcha, L50, shiny|\n|poke|p1|Sneasler, L50, M, shiny|\n|poke|p1|Rotom-Wash, L50, shiny|\n|poke|p1|Talonflame, L50, M, shiny|\n|poke|p2|Garchomp, L50, F|\n|poke|p2|Charizard, L50, M|\n|poke|p2|Whimsicott, L50, M|\n|poke|p2|Sylveon, L50, F|\n|poke|p2|Kingambit, L50, F|\n|poke|p2|Basculegion, L50, M|\n|teampreview|4\n|inactive|Battle timer is ON: inactive players will automatically lose when time's up. (requested by Thornlace48812)\nThornlace48812 rejected open team sheets.\n|inactive|axodragz has 60 seconds left.\n|\n|t:|1788326346\n|teamsize|p1|4\n|teamsize|p2|4\n|start\n|switch|p1a: Zizimaya|Rotom-Wash, L50, shiny|100/100\n|switch|p1b: Don't kill me pls|Sinistcha, L50, shiny|100/100\n|switch|p2a: Charizard|Charizard, L50, M|100/100\n|switch|p2b: Sylveon|Sylveon, L50, F|100/100\n|turn|1\n|inactive|axodragz has 30 seconds left.\n|\n|t:|1788326380\n|move|p2a: Charizard|Protect|p2a: Charizard\n|-singleturn|p2a: Charizard|Protect\n|move|p1b: Don't kill me pls|Protect|p1b: Don't kill me pls\n|-singleturn|p1b: Don't kill me pls|Protect\n|move|p1a: Zizimaya|Hydro Pump|p2a: Charizard\n|-activate|p2a: Charizard|move: Protect\n|move|p2b: Sylveon|Hyper Voice|p1b: Don't kill me pls|[spread] p1a\n|-activate|p1b: Don't kill me pls|move: Protect\n|-damage|p1a: Zizimaya|52/100\n|\n|-heal|p1a: Zizimaya|57/100|[from] item: Leftovers\n|upkeep\n|turn|2\n|\n|t:|1788326396\n|detailschange|p2a: Charizard|Charizard-Mega-Y, L50, M\n|-mega|p2a: Charizard|Charizard|Charizardite Y\n|-weather|SunnyDay|[from] ability: Drought|[of] p2a: Charizard\n|move|p2a: Charizard|Heat Wave|p1a: Zizimaya|[spread] p1a,p1b\n|-resisted|p1a: Zizimaya|1\n|-supereffective|p1b: Don't kill me pls|1\n|-damage|p1a: Zizimaya|23/100\n|-damage|p1b: Don't kill me pls|0 fnt\n|faint|p1b: Don't kill me pls\n|move|p1a: Zizimaya|Hydro Pump|p2a: Charizard\n|-supereffective|p2a: Charizard|1\n|-damage|p2a: Charizard|61/100\n|move|p2b: Sylveon|Hyper Voice|p1a: Zizimaya\n|-damage|p1a: Zizimaya|0 fnt\n|faint|p1a: Zizimaya\n|\n|-weather|SunnyDay|[upkeep]\n|upkeep\n|\n|t:|1788326410\n|switch|p1a: DD|Tyranitar, L50, M, shiny|100/100\n|switch|p1b: Zidan Prime|Sneasler, L50, M, shiny|100/100\n|-weather|Sandstorm|[from] ability: Sand Stream|[of] p1a: DD\n|turn|3\n|\n|t:|1788326424\n|move|p2a: Charizard|Protect|p2a: Charizard\n|-singleturn|p2a: Charizard|Protect\n|move|p2b: Sylveon|Detect|p2b: Sylveon\n|-singleturn|p2b: Sylveon|Protect\n|move|p1b: Zidan Prime|Fake Out|p2a: Charizard\n|-activate|p2a: Charizard|move: Protect\n|move|p1a: DD|Rock Slide|p2a: Charizard|[spread] \n|-activate|p2a: Charizard|move: Protect\n|-activate|p2b: Sylveon|move: Protect\n|\n|-weather|Sandstorm|[upkeep]\n|-damage|p1b: Zidan Prime|94/100|[from] Sandstorm\n|-damage|p2a: Charizard|56/100|[from] Sandstorm\n|-damage|p2b: Sylveon|94/100|[from] Sandstorm\n|upkeep\n|turn|4\n|\n|t:|1788326446\n|move|p1b: Zidan Prime|Dire Claw|p2b: Sylveon\n|-supereffective|p2b: Sylveon|1\n|-damage|p2b: Sylveon|4/100\n|move|p2a: Charizard|Heat Wave|p1b: Zidan Prime|[spread] p1a,p1b\n|-resisted|p1a: DD|1\n|-damage|p1a: DD|83/100\n|-damage|p1b: Zidan Prime|37/100\n|move|p2b: Sylveon|Hyper Beam|p1b: Zidan Prime\n|-damage|p1b: Zidan Prime|0 fnt\n|-mustrecharge|p2b: Sylveon\n|faint|p1b: Zidan Prime\n|move|p1a: DD|Rock Slide|p2b: Sylveon|[spread] p2a,p2b\n|-supereffective|p2a: Charizard|2\n|-crit|p2a: Charizard\n|-damage|p2a: Charizard|0 fnt\n|-damage|p2b: Sylveon|0 fnt\n|faint|p2a: Charizard\n|faint|p2b: Sylveon\n|\n|-weather|Sandstorm|[upkeep]\n|upkeep\n|\n|t:|1788326446\n|switch|p2a: Kingambit|Kingambit, L50, F|100/100\n|switch|p2b: Basculegion|Basculegion, L50, M|100/100\n|-activate|p2a: Kingambit|ability: Supreme Overlord\n|-start|p2a: Kingambit|fallen2|[silent]\n|turn|5\n|inactive|axodragz has 30 seconds left.\n|\n|t:|1788326474\n|move|p2b: Basculegion|Last Respects|p1a: DD\n|-resisted|p1a: DD|1\n|-damage|p1a: DD|44/100\n|move|p2a: Kingambit|Iron Head|p1a: DD\n|-supereffective|p1a: DD|1\n|-damage|p1a: DD|0 fnt\n|faint|p1a: DD\n|\n|win|Thornlace48812\n|raw|axodragz's rating: 1017 &rarr; <strong>1007</strong><br />(-10 for losing)\n|raw|Thornlace48812's rating: 1090 &rarr; <strong>1111</strong><br />(+21 for winning)\n","uploadtime":1788326475,"views":"1","formatid":"gen9championsvgc2026regmb","rating":1007,"private":0,"password":null}