{"id":"gen9championsvgc2026regmb-2674395145","format":"[Gen 9 Champions] VGC 2026 Reg M-B","players":["blackdevil1","abishekSCRAFTY2"],"log":"|j|☆blackdevil1\n|j|☆abishekSCRAFTY2\n|t:|1788354329\n|gametype|doubles\n|player|p1|blackdevil1|170|\n|player|p2|abishekSCRAFTY2|266|\n|gen|9\n|tier|[Gen 9 Champions] VGC 2026 Reg M-B\n|rated|Tournament battle\n|rule|Species Clause: Limit one of each Pokémon\n|rule|Item Clause: Limit 1 of each item\n|raw|<div class=\"infobox\"><details class=\"readmore\" open><summary><strong>1 custom rule:</strong></summary> Force Open Team Sheets</details></div>\n|clearpoke\n|poke|p1|Starmie, L50|\n|poke|p1|Sneasler, L50, F|\n|poke|p1|Pelipper, L50, F|\n|poke|p1|Archaludon, L50, F|\n|poke|p1|Sinistcha-Masterpiece, L50|\n|poke|p1|Kingambit, L50, M|\n|poke|p2|Cofagrigus, L50, F|\n|poke|p2|Crabominable, L50, F|\n|poke|p2|Scrafty, L50, M|\n|poke|p2|Camerupt, L50, F|\n|poke|p2|Tyranitar, L50, M|\n|poke|p2|Scizor, L50, M|\n|teampreview|4\n|showteam|p1|Starmie||Starminite|NaturalCure|Liquidation,ZenHeadbutt,AquaJet,Protect|Jolly|||||50|]Sneasler||FocusSash|PoisonTouch|CloseCombat,DireClaw,Coaching,FakeOut|Jolly||F|||50|]Pelipper||SitrusBerry|Drizzle|Hurricane,MuddyWater,Tailwind,WideGuard|Modest||F|||50|]Archaludon||Leftovers|Stamina|ElectroShot,FlashCannon,DragonPulse,Protect|Modest||F|||50|]Sinistcha-Masterpiece||ColburBerry|Hospitality|MatchaGotcha,RagePowder,TrickRoom,Protect|Calm|||||50|]Kingambit||LifeOrb|Defiant|KowtowCleave,SuckerPunch,IronHead,Protect|Adamant||M|||50|\n|showteam|p2|Cofagrigus||MentalHerb|Mummy|TrickRoom,WillOWisp,ShadowBall,Haze|Sassy||F|||50|]Crabominable||Crabominite|HyperCutter|IcePunch,DrainPunch,ThunderPunch,Protect|Adamant||F|||50|]Scrafty||IronBall|Intimidate|FakeOut,Coaching,CloseCombat,AcidSpray|Relaxed||M|||50|]Camerupt||Cameruptite|MagmaArmor|EarthPower,HeatWave,AncientPower,Protect|Modest||F|||50|]Tyranitar||HardStone|SandStream|RockSlide,KnockOff,LowKick,Protect|Adamant||M|||50|]Scizor||LifeOrb|Technician|BulletPunch,BugBite,AerialAce,Protect|Adamant||M|||50|\n|inactive|Battle timer is ON: inactive players will automatically lose when time's up. (requested by abishekSCRAFTY2)\n|j| endershovel\n|inactive|blackdevil1 has 60 seconds left.\n|\n|t:|1788354384\n|teamsize|p1|4\n|teamsize|p2|4\n|start\n|switch|p1a: Sneasler|Sneasler, L50, F|100/100\n|switch|p1b: Archaludon|Archaludon, L50, F|100/100\n|switch|p2a: Cofagrigus|Cofagrigus, L50, F|100/100\n|switch|p2b: Tyranitar|Tyranitar, L50, M|100/100\n|-weather|Sandstorm|[from] ability: Sand Stream|[of] p2b: Tyranitar\n|turn|1\n|inactive|blackdevil1 has 30 seconds left.\n|inactive|blackdevil1 has 20 seconds left.\n|inactive|blackdevil1 has 15 seconds left.\n|\n|t:|1788354429\n|switch|p1a: Pelipper|Pelipper, L50, F|100/100\n|-weather|RainDance|[from] ability: Drizzle|[of] p1a: Pelipper\n|move|p2b: Tyranitar|Protect|p2b: Tyranitar\n|-singleturn|p2b: Tyranitar|Protect\n|move|p1b: Archaludon|Electro Shot||[still]\n|-prepare|p1b: Archaludon|Electro Shot\n|-boost|p1b: Archaludon|spa|1\n|-anim|p1b: Archaludon|Electro Shot|p2b: Tyranitar\n|-activate|p2b: Tyranitar|move: Protect\n|move|p2a: Cofagrigus|Trick Room|p2a: Cofagrigus\n|-fieldstart|move: Trick Room|[of] p2a: Cofagrigus\n|\n|-weather|RainDance|[upkeep]\n|upkeep\n|turn|2\n|j| mythofoxical\n|inactive|blackdevil1 has 30 seconds left.\n|inactive|abishekSCRAFTY2 has 30 seconds left.\n|inactive|blackdevil1 has 20 seconds left.\n|\n|t:|1788354467\n|move|p2a: Cofagrigus|Shadow Ball|p1b: Archaludon\n|-damage|p1b: Archaludon|67/100\n|-ability|p1b: Archaludon|Stamina|boost\n|-boost|p1b: Archaludon|def|1\n|move|p2b: Tyranitar|Knock Off|p1a: Pelipper\n|-damage|p1a: Pelipper|38/100\n|-enditem|p1a: Pelipper|Sitrus Berry|[from] move: Knock Off|[of] p2b: Tyranitar\n|move|p1a: Pelipper|Muddy Water|p2a: Cofagrigus|[spread] p2a,p2b\n|-supereffective|p2b: Tyranitar|1\n|-damage|p2a: Cofagrigus|61/100\n|-damage|p2b: Tyranitar|33/100\n|-unboost|p2b: Tyranitar|accuracy|1\n|move|p1b: Archaludon|Electro Shot||[still]\n|-prepare|p1b: Archaludon|Electro Shot\n|-boost|p1b: Archaludon|spa|1\n|-anim|p1b: Archaludon|Electro Shot|p2b: Tyranitar\n|-crit|p2b: Tyranitar\n|-damage|p2b: Tyranitar|0 fnt\n|faint|p2b: Tyranitar\n|\n|-weather|RainDance|[upkeep]\n|-heal|p1b: Archaludon|73/100|[from] item: Leftovers\n|upkeep\n|\n|t:|1788354477\n|switch|p2b: Camerupt|Camerupt, L50, F|100/100\n|turn|3\n|inactive|blackdevil1 has 30 seconds left.\n|\n|t:|1788354502\n|detailschange|p2b: Camerupt|Camerupt-Mega, L50, F\n|-mega|p2b: Camerupt|Camerupt|Cameruptite\n|move|p1b: Archaludon|Protect|p1b: Archaludon\n|-singleturn|p1b: Archaludon|Protect\n|move|p2b: Camerupt|Earth Power|p1b: Archaludon\n|-activate|p1b: Archaludon|move: Protect\n|move|p2a: Cofagrigus|Shadow Ball|p1a: Pelipper\n|-damage|p1a: Pelipper|0 fnt\n|faint|p1a: Pelipper\n|\n|-weather|RainDance|[upkeep]\n|-heal|p1b: Archaludon|79/100|[from] item: Leftovers\n|upkeep\n|\n|t:|1788354514\n|switch|p1a: Sneasler|Sneasler, L50, F|100/100\n|turn|4\n|\n|t:|1788354528\n|move|p2b: Camerupt|Protect|p2b: Camerupt\n|-singleturn|p2b: Camerupt|Protect\n|move|p1a: Sneasler|Fake Out|p2b: Camerupt\n|-activate|p2b: Camerupt|move: Protect\n|move|p2a: Cofagrigus|Will-O-Wisp|p1a: Sneasler|[miss]\n|-miss|p2a: Cofagrigus|p1a: Sneasler\n|move|p1b: Archaludon|Electro Shot||[still]\n|-prepare|p1b: Archaludon|Electro Shot\n|-boost|p1b: Archaludon|spa|1\n|-anim|p1b: Archaludon|Electro Shot|p2a: Cofagrigus\n|-damage|p2a: Cofagrigus|0 fnt\n|faint|p2a: Cofagrigus\n|\n|-weather|RainDance|[upkeep]\n|-heal|p1b: Archaludon|85/100|[from] item: Leftovers\n|upkeep\n|\n|t:|1788354538\n|switch|p2a: Scizor|Scizor, L50, M|100/100\n|turn|5\n|\n|t:|1788354553\n|move|p2b: Camerupt|Earth Power|p1b: Archaludon\n|-supereffective|p1b: Archaludon|1\n|-damage|p1b: Archaludon|0 fnt\n|faint|p1b: Archaludon\n|move|p2a: Scizor|Aerial Ace|p1a: Sneasler\n|-supereffective|p1a: Sneasler|1\n|-crit|p1a: Sneasler\n|-enditem|p1a: Sneasler|Focus Sash\n|-damage|p1a: Sneasler|1/100\n|-damage|p2a: Scizor|90/100|[from] item: Life Orb\n|move|p1a: Sneasler|Close Combat|p2b: Camerupt\n|-damage|p2b: Camerupt|42/100\n|-unboost|p1a: Sneasler|def|1\n|-unboost|p1a: Sneasler|spd|1\n|-status|p2b: Camerupt|psn|[from] ability: Poison Touch|[of] p1a: Sneasler\n|\n|-weather|none\n|-damage|p2b: Camerupt|29/100 psn|[from] psn\n|-fieldend|move: Trick Room\n|upkeep\n|\n|t:|1788354564\n|switch|p1b: Starmie|Starmie, L50|100/100\n|turn|6\n|\n|t:|1788354586\n|detailschange|p1b: Starmie|Starmie-Mega, L50\n|-mega|p1b: Starmie|Starmie|Starminite\n|move|p2a: Scizor|Bullet Punch|p1a: Sneasler\n|-damage|p1a: Sneasler|0 fnt\n|faint|p1a: Sneasler\n|-damage|p2a: Scizor|80/100|[from] item: Life Orb\n|move|p1b: Starmie|Liquidation|p2a: Scizor\n|-damage|p2a: Scizor|6/100\n|move|p2b: Camerupt|Earth Power|p1b: Starmie\n|-damage|p1b: Starmie|18/100\n|\n|-damage|p2b: Camerupt|17/100 psn|[from] psn\n|upkeep\n|turn|7\n|c|☆blackdevil1|ahahaha\n|c|☆blackdevil1|i lost\n|\n|t:|1788354603\n|move|p1b: Starmie|Protect|p1b: Starmie\n|-singleturn|p1b: Starmie|Protect\n|move|p2a: Scizor|Bullet Punch|p1b: Starmie\n|-activate|p1b: Starmie|move: Protect\n|move|p2b: Camerupt|Ancient Power|p1b: Starmie\n|-activate|p1b: Starmie|move: Protect\n|\n|-damage|p2b: Camerupt|5/100 psn|[from] psn\n|upkeep\n|turn|8\n|c| endershovel|dam\n|\n|t:|1788354612\n|move|p1b: Starmie|Protect|p1b: Starmie\n|-singleturn|p1b: Starmie|Protect\n|move|p2a: Scizor|Bullet Punch|p1b: Starmie\n|-activate|p1b: Starmie|move: Protect\n|move|p2b: Camerupt|Ancient Power|p1b: Starmie\n|-activate|p1b: Starmie|move: Protect\n|\n|-damage|p2b: Camerupt|0 fnt|[from] psn\n|faint|p2b: Camerupt\n|upkeep\n|turn|9\n|\n|t:|1788354618\n|move|p1b: Starmie|Aqua Jet|p2a: Scizor\n|-damage|p2a: Scizor|0 fnt\n|faint|p2a: Scizor\n|\n|win|blackdevil1\n|n|☆blackdevil1|blackdevil1\n|n|☆abishekSCRAFTY2|abishekscrafty2\n|n| endershovel|endershovel\n|n| mythofoxical|mythofoxical\n|c|☆blackdevil1|gg\n|l| endershovel\n","uploadtime":1788354624,"views":"0","formatid":"gen9championsvgc2026regmb","rating":null,"private":0,"password":null}