{"id":"gen9championsvgc2026regmbbo3-2674145089","format":"[Gen 9 Champions] VGC 2026 Reg M-B (Bo3)","players":["camala64","Carrielis"],"log":"|j|☆camala64\n|j|☆Carrielis\n|html|<table width=\"100%\"><tr><td align=\"left\">camala64</td><td align=\"right\">Carrielis</tr><tr><td align=\"left\"><i class=\"fa fa-circle\"></i> <i class=\"fa fa-circle-o\"></i> </td><td align=\"right\"><i class=\"fa fa-circle-o\"></i> <i class=\"fa fa-circle-o\"></i> </tr></table>\n|uhtml|bestof|<h2><strong>Game 2</strong> of <a href=\"/game-bestof3-gen9championsvgc2026regmbbo3-2674143700\">a best-of-3</a></h2>\n|t:|1788305834\n|gametype|doubles\n|player|p1|camala64|lance-masters2|\n|player|p2|Carrielis|erika-masters3|\n|gen|9\n|tier|[Gen 9 Champions] VGC 2026 Reg M-B (Bo3)\n|rule|Species Clause: Limit one of each Pokémon\n|rule|Item Clause: Limit 1 of each item\n|clearpoke\n|poke|p1|Staraptor, L50, F, shiny|\n|poke|p1|Ceruledge, L50, M|\n|poke|p1|Whimsicott, L50, F, shiny|\n|poke|p1|Raichu, L50, M, shiny|\n|poke|p1|Empoleon, L50, M|\n|poke|p1|Weavile, L50, F|\n|poke|p2|Torkoal, L50, M|\n|poke|p2|Venusaur, L50, M|\n|poke|p2|Sinistcha-Masterpiece, L50|\n|poke|p2|Incineroar, L50, F|\n|poke|p2|Floette-Eternal, L50, F|\n|poke|p2|Aerodactyl, L50, M|\n|teampreview|4\n|showteam|p1|Staraptor||Staraptite|Intimidate|CloseCombat,BraveBird,Roost,Protect|Jolly||F|||50|]Ceruledge||ColburBerry|FlashFire|BitterBlade,ShadowSneak,BulkUp,Protect|Adamant||M|||50|]Whimsicott||OccaBerry|Prankster|Moonblast,Tailwind,Charm,LightScreen|Timid||F|||50|]Raichu||RaichuniteY|LightningRod|ZapCannon,FocusBlast,FakeOut,Protect|Timid||M|||50|]Empoleon||SitrusBerry|Competitive|HydroPump,FlashCannon,VacuumWave,Protect|Modest||M|||50|]Weavile||FocusSash|Pickpocket|IcicleCrash,KnockOff,FakeOut,IceShard|Jolly||F|||50|\n|showteam|p2|Torkoal||Charcoal|Drought|HelpingHand,Eruption,WeatherBall,Protect|Quiet||M|||50|]Venusaur||LifeOrb|Chlorophyll|LeafStorm,SludgeBomb,EarthPower,Protect|Modest||M|||50|]Sinistcha-Masterpiece||KasibBerry|Hospitality|RagePowder,MatchaGotcha,TrickRoom,Protect|Sassy|||||50|]Incineroar||SitrusBerry|Intimidate|FakeOut,FlareBlitz,Taunt,PartingShot|Jolly||F|||50|]Floette-Eternal||Floettite|FlowerVeil|Moonblast,DazzlingGleam,CalmMind,Protect|Modest||F|||50|]Aerodactyl||Aerodactylite|RockHead|RockSlide,DualWingbeat,IceFang,Tailwind|Jolly||M|||50|\n|\n|t:|1788305863\n|teamsize|p1|4\n|teamsize|p2|4\n|start\n|switch|p1a: Ceruledge|Ceruledge, L50, M|100/100\n|switch|p1b: Empoleon|Empoleon, L50, M|100/100\n|switch|p2a: Floette|Floette-Eternal, L50, F|100/100\n|switch|p2b: Venusaur|Venusaur, L50, M|100/100\n|turn|1\n|\n|t:|1788305883\n|switch|p2a: Torkoal|Torkoal, L50, M|100/100\n|-weather|SunnyDay|[from] ability: Drought|[of] p2a: Torkoal\n|move|p1a: Ceruledge|Protect|p1a: Ceruledge\n|-singleturn|p1a: Ceruledge|Protect\n|move|p2b: Venusaur|Earth Power|p1a: Ceruledge\n|-activate|p1a: Ceruledge|move: Protect\n|move|p1b: Empoleon|Flash Cannon|p2a: Torkoal\n|-resisted|p2a: Torkoal|1\n|-damage|p2a: Torkoal|74/100\n|-unboost|p2a: Torkoal|spd|1\n|\n|-weather|SunnyDay|[upkeep]\n|upkeep\n|turn|2\n|\n|t:|1788305902\n|move|p2a: Torkoal|Helping Hand|p2b: Venusaur\n|-singleturn|p2b: Venusaur|Helping Hand|[of] p2a: Torkoal\n|move|p2b: Venusaur|Sludge Bomb|p1a: Ceruledge\n|-resisted|p1a: Ceruledge|1\n|-damage|p1a: Ceruledge|56/100\n|-status|p1a: Ceruledge|psn\n|-damage|p2b: Venusaur|90/100|[from] item: Life Orb\n|move|p1a: Ceruledge|Bitter Blade|p2b: Venusaur\n|-supereffective|p2b: Venusaur|1\n|-damage|p2b: Venusaur|0 fnt\n|-heal|p1a: Ceruledge|95/100 psn|[from] drain|[of] p2b: Venusaur\n|faint|p2b: Venusaur\n|move|p1b: Empoleon|Hydro Pump|p2a: Torkoal\n|-supereffective|p2a: Torkoal|1\n|-damage|p2a: Torkoal|0 fnt\n|faint|p2a: Torkoal\n|\n|-weather|SunnyDay|[upkeep]\n|-damage|p1a: Ceruledge|83/100 psn|[from] psn\n|upkeep\n|\n|t:|1788305919\n|switch|p2b: Aerodactyl|Aerodactyl, L50, M|100/100\n|switch|p2a: Floette|Floette-Eternal, L50, F|100/100\n|turn|3\n|\n|t:|1788305928\n|detailschange|p2a: Floette|Floette-Mega, L50, F\n|-mega|p2a: Floette|Floette|Floettite\n|-ability|p2a: Floette|Fairy Aura\n|move|p2b: Aerodactyl|Rock Slide|p1a: Ceruledge|[spread] p1a,p1b\n|-supereffective|p1a: Ceruledge|1\n|-resisted|p1b: Empoleon|1\n|-damage|p1a: Ceruledge|27/100 psn\n|-damage|p1b: Empoleon|87/100\n|move|p2a: Floette|Moonblast|p1b: Empoleon\n|-resisted|p1b: Empoleon|1\n|-damage|p1b: Empoleon|50/100g\n|cant|p1a: Ceruledge|flinch\n|move|p1b: Empoleon|Flash Cannon|p2b: Aerodactyl\n|-supereffective|p2b: Aerodactyl|1\n|-damage|p2b: Aerodactyl|6/100\n|\n|-weather|SunnyDay|[upkeep]\n|-damage|p1a: Ceruledge|14/100 psn|[from] psn\n|upkeep\n|turn|4\n|\n|t:|1788305946\n|move|p1b: Empoleon|Vacuum Wave|p2b: Aerodactyl\n|-damage|p2b: Aerodactyl|0 fnt\n|faint|p2b: Aerodactyl\n|move|p2a: Floette|Calm Mind|p2a: Floette\n|-boost|p2a: Floette|spa|1\n|-boost|p2a: Floette|spd|1\n|move|p1a: Ceruledge|Bitter Blade|p2a: Floette\n|-damage|p2a: Floette|33/100\n|-heal|p1a: Ceruledge|48/100 psn|[from] drain|[of] p2a: Floette\n|\n|-weather|SunnyDay|[upkeep]\n|-damage|p1a: Ceruledge|36/100 psn|[from] psn\n|upkeep\n|turn|5\n|c|☆camala64|Gg\n|\n|t:|1788305965\n|move|p2a: Floette|Protect|p2a: Floette\n|-singleturn|p2a: Floette|Protect\n|move|p1a: Ceruledge|Bitter Blade|p2a: Floette\n|-activate|p2a: Floette|move: Protect\n|move|p1b: Empoleon|Flash Cannon|p2a: Floette\n|-activate|p2a: Floette|move: Protect\n|\n|-weather|none\n|-damage|p1a: Ceruledge|24/100 psn|[from] psn\n|upkeep\n|turn|6\n|-message|Carrielis forfeited.\n|\n|win|camala64\n|c|☆Carrielis|Gg\n|l|☆Carrielis\n|player|p2|\n","uploadtime":1788305996,"views":"3","formatid":"gen9championsvgc2026regmbbo3","rating":null,"private":0,"password":null}