{"id":"gen9championsvgc2026regmb-2674487823","format":"[Gen 9 Champions] VGC 2026 Reg M-B","players":["bruhdnigerian","Golem_xXx"],"log":"|j|☆bruhdnigerian\n|j|☆Golem_xXx\n|t:|1788365653\n|gametype|doubles\n|player|p1|bruhdnigerian|lance|1206\n|player|p2|Golem_xXx|pokefan|1215\n|gen|9\n|tier|[Gen 9 Champions] VGC 2026 Reg M-B\n|rated|\n|rule|Species Clause: Limit one of each Pokémon\n|rule|Item Clause: Limit 1 of each item\n|clearpoke\n|poke|p1|Pangoro, L50, M|\n|poke|p1|Crabominable, L50, M|\n|poke|p1|Chandelure, L50, M|\n|poke|p1|Spiritomb, L50, F|\n|poke|p1|Bastiodon, L50, F|\n|poke|p1|Sneasler, L50, M|\n|poke|p2|Hippowdon, L50, F|\n|poke|p2|Arcanine, L50, M, shiny|\n|poke|p2|Tsareena, L50, F|\n|poke|p2|Kingambit, L50, F|\n|poke|p2|Glimmora, L50, F|\n|poke|p2|Altaria, L50, F|\n|teampreview|4\n|inactive|Battle timer is ON: inactive players will automatically lose when time's up. (requested by bruhdnigerian)\n|inactive|Golem_xXx also wants the timer to be on.\nbruhdnigerian rejected open team sheets.\n|\n|t:|1788365680\n|teamsize|p1|4\n|teamsize|p2|4\n|start\n|switch|p1a: Spiritomb|Spiritomb, L50, F|100/100\n|switch|p1b: Sneasler|Sneasler, L50, M|100/100\n|switch|p2a: Hippowdon|Hippowdon, L50, F|100/100\n|switch|p2b: Altaria|Altaria, L50, F|100/100\n|-ability|p1b: Sneasler|Pressure\n|-ability|p2b: Altaria|Cloud Nine\n|-weather|Sandstorm|[from] ability: Sand Stream|[of] p2a: Hippowdon\n|turn|1\n|inactive|bruhdnigerian has 30 seconds left.\n|\n|t:|1788365708\n|detailschange|p2b: Altaria|Altaria-Mega, L50, F\n|-mega|p2b: Altaria|Altaria|Altarianite\n|move|p2b: Altaria|Protect|p2b: Altaria\n|-singleturn|p2b: Altaria|Protect\n|move|p1b: Sneasler|Dire Claw|p2b: Altaria\n|-activate|p2b: Altaria|move: Protect\n|move|p2a: Hippowdon|Earthquake|p1a: Spiritomb|[spread] p1a,p1b\n|-activate|p2b: Altaria|move: Protect\n|-supereffective|p1b: Sneasler|1\n|-damage|p1a: Spiritomb|59/100\n|-damage|p1b: Sneasler|0 fnt\n|faint|p1b: Sneasler\n|move|p1a: Spiritomb|Will-O-Wisp|p2a: Hippowdon\n|-status|p2a: Hippowdon|brn\n|\n|-weather|Sandstorm|[upkeep]\n|-damage|p2b: Altaria|94/100|[from] Sandstorm\n|-damage|p1a: Spiritomb|54/100|[from] Sandstorm\n|-damage|p2a: Hippowdon|93/100 brn|[from] brn\n|upkeep\n|\n|t:|1788365723\n|switch|p1b: Chandelure|Chandelure, L50, M|100/100\n|turn|2\n|\n|t:|1788365739\n|move|p1b: Chandelure|Protect|p1b: Chandelure\n|-singleturn|p1b: Chandelure|Protect\n|move|p2b: Altaria|Hyper Voice|p1b: Chandelure|[spread] p1a\n|-activate|p1b: Chandelure|move: Protect\n|-supereffective|p1a: Spiritomb|1\n|-damage|p1a: Spiritomb|0 fnt\n|faint|p1a: Spiritomb\n|move|p2a: Hippowdon|Earthquake|p1b: Chandelure|[spread] p2b\n|-activate|p1b: Chandelure|move: Protect\n|-damage|p2b: Altaria|72/100\n|\n|-weather|Sandstorm|[upkeep]\n|-damage|p2b: Altaria|66/100|[from] Sandstorm\n|-damage|p1b: Chandelure|94/100|[from] Sandstorm\n|-damage|p2a: Hippowdon|87/100 brn|[from] brn\n|upkeep\n|\n|t:|1788365747\n|switch|p1a: Pangoro|Pangoro, L50, M|100/100\n|turn|3\n|\n|t:|1788365764\n|switch|p2a: Tsareena|Tsareena, L50, F|100/100\n|move|p2b: Altaria|Hyper Voice|p1a: Pangoro|[spread] p1a,p1b\n|-supereffective|p1a: Pangoro|2\n|-resisted|p1b: Chandelure|1\n|-enditem|p1a: Pangoro|Focus Sash\n|-damage|p1a: Pangoro|1/100\n|-damage|p1b: Chandelure|72/100\n|move|p1b: Chandelure|Energy Ball|p2a: Tsareena\n|-resisted|p2a: Tsareena|1\n|-damage|p2a: Tsareena|77/100\n|move|p1a: Pangoro|Poison Jab|p2b: Altaria\n|-supereffective|p2b: Altaria|1\n|-damage|p2b: Altaria|1/100\n|\n|-weather|Sandstorm|[upkeep]\n|-damage|p2b: Altaria|0 fnt|[from] Sandstorm\n|-damage|p2a: Tsareena|71/100|[from] Sandstorm\n|-damage|p1b: Chandelure|66/100|[from] Sandstorm\n|-damage|p1a: Pangoro|0 fnt|[from] Sandstorm\n|faint|p2b: Altaria\n|faint|p1a: Pangoro\n|upkeep\n|\n|t:|1788365784\n|switch|p2b: Arcanine|Arcanine, L50, M, shiny|100/100\n|-ability|p2b: Arcanine|Intimidate|boost\n|-unboost|p1b: Chandelure|atk|1\n|turn|4\n|\n|t:|1788365805\n|move|p2a: Tsareena|Protect|p2a: Tsareena\n|-singleturn|p2a: Tsareena|Protect\n|move|p2b: Arcanine|Play Rough|p1b: Chandelure\n|-resisted|p1b: Chandelure|1\n|-damage|p1b: Chandelure|48/100\n|move|p1b: Chandelure|Flamethrower|p2a: Tsareena\n|-activate|p2a: Tsareena|move: Protect\n|\n|-weather|Sandstorm|[upkeep]\n|-damage|p2a: Tsareena|65/100|[from] Sandstorm\n|-damage|p2b: Arcanine|93/100|[from] Sandstorm\n|-damage|p1b: Chandelure|42/100|[from] Sandstorm\n|-heal|p2b: Arcanine|100/100|[from] item: Leftovers\n|upkeep\n|turn|5\n|l|☆Golem_xXx\n|inactive|Golem_xXx disconnected and has a minute to reconnect!\n|player|p2|\n|inactive|Golem_xXx has 30 seconds left.\n|inactive|Golem_xXx has 20 seconds left.\n|inactive|Golem_xXx has 15 seconds left.\n|inactive|Golem_xXx has 10 seconds left.\n|inactive|Golem_xXx has 5 seconds left.\n|-message|Golem_xXx lost due to inactivity.\n|\n|win|bruhdnigerian\n|raw|bruhdnigerian's rating: 1206 &rarr; <strong>1232</strong><br />(+26 for winning)\n|raw|Golem_xXx's rating: 1215 &rarr; <strong>1189</strong><br />(-26 for losing)\n","uploadtime":1788365872,"views":"1","formatid":"gen9championsvgc2026regmb","rating":1189,"private":0,"password":null}