{"id":"gen9championsvgc2026regmb-2673851077","format":"[Gen 9 Champions] VGC 2026 Reg M-B","players":["mabcmabcmabc","Thornlace48812"],"log":"|j|☆mabcmabcmabc\n|j|☆Thornlace48812\n|t:|1788268428\n|gametype|doubles\n|player|p1|mabcmabcmabc|1|1088\n|player|p2|Thornlace48812|102|1131\n|gen|9\n|tier|[Gen 9 Champions] VGC 2026 Reg M-B\n|rated|\n|rule|Species Clause: Limit one of each Pokémon\n|rule|Item Clause: Limit 1 of each item\n|clearpoke\n|poke|p1|Venusaur, L50, M|\n|poke|p1|Charizard, L50, M|\n|poke|p1|Grimmsnarl, L50, M|\n|poke|p1|Archaludon, L50, F|\n|poke|p1|Basculegion, L50, M|\n|poke|p1|Pelipper, L50, F|\n|poke|p2|Garchomp, L50, F|\n|poke|p2|Charizard, L50, F|\n|poke|p2|Whimsicott, L50, M|\n|poke|p2|Sylveon, L50, F|\n|poke|p2|Kingambit, L50, F|\n|poke|p2|Basculegion, L50, M|\n|teampreview|4\n|inactive|Battle timer is ON: inactive players will automatically lose when time's up. (requested by Thornlace48812)\nThornlace48812 rejected open team sheets.\n|inactive|mabcmabcmabc has 60 seconds left.\n|inactive|mabcmabcmabc has 30 seconds left.\n|inactive|mabcmabcmabc has 20 seconds left.\n|inactive|mabcmabcmabc has 15 seconds left.\n|inactive|mabcmabcmabc has 10 seconds left.\n|\n|t:|1788268513\n|teamsize|p1|4\n|teamsize|p2|4\n|start\n|switch|p1a: Venusaur|Venusaur, L50, M|100/100\n|switch|p1b: Charizard|Charizard, L50, M|100/100\n|switch|p2a: Garchomp|Garchomp, L50, F|100/100\n|switch|p2b: Charizard|Charizard, L50, F|100/100\n|turn|1\n|inactive|mabcmabcmabc has 30 seconds left.\n|\n|t:|1788268548\n|detailschange|p2b: Charizard|Charizard-Mega-Y, L50, F\n|-mega|p2b: Charizard|Charizard|Charizardite Y\n|-weather|SunnyDay|[from] ability: Drought|[of] p2b: Charizard\n|move|p1b: Charizard|Protect|p1b: Charizard\n|-singleturn|p1b: Charizard|Protect\n|move|p1a: Venusaur|Sleep Powder|p2b: Charizard\n|-status|p2b: Charizard|slp|[from] move: Sleep Powder\n|move|p2a: Garchomp|Rock Slide|p1a: Venusaur|[spread] p1a\n|-activate|p1b: Charizard|move: Protect\n|-damage|p1a: Venusaur|66/100\n|-damage|p2a: Garchomp|90/100|[from] item: Life Orb\n|cant|p2b: Charizard|slp\n|\n|-weather|SunnyDay|[upkeep]\n|upkeep\n|turn|2\n|inactive|mabcmabcmabc has 30 seconds left.\n|inactive|mabcmabcmabc has 20 seconds left.\n|inactive|mabcmabcmabc has 15 seconds left.\n|inactive|mabcmabcmabc has 10 seconds left.\n|inactive|mabcmabcmabc has 5 seconds left.\n|\n|t:|1788268601\n|-curestatus|p2b: Charizard|slp|[msg]\n|move|p2b: Charizard|Protect|p2b: Charizard\n|-singleturn|p2b: Charizard|Protect\n|move|p1a: Venusaur|Sleep Powder|p2a: Garchomp\n|-status|p2a: Garchomp|slp|[from] move: Sleep Powder\n|cant|p2a: Garchomp|slp\n|move|p1b: Charizard|Weather Ball|p2a: Garchomp\n|-resisted|p2a: Garchomp|1\n|-damage|p2a: Garchomp|56/100 slp\n|\n|-weather|SunnyDay|[upkeep]\n|upkeep\n|turn|3\n|inactive|mabcmabcmabc has 30 seconds left.\n|inactive|mabcmabcmabc has 20 seconds left.\n|inactive|mabcmabcmabc has 15 seconds left.\n|inactive|mabcmabcmabc has 10 seconds left.\n|\n|t:|1788268646\n|detailschange|p1b: Charizard|Charizard-Mega-Y, L50, M\n|-mega|p1b: Charizard|Charizard|Charizardite Y\n|move|p1a: Venusaur|Sleep Powder|p2b: Charizard|[miss]\n|-miss|p1a: Venusaur|p2b: Charizard\n|cant|p2a: Garchomp|slp\n|move|p2b: Charizard|Heat Wave|p1a: Venusaur|[spread] p1a,p1b\n|-supereffective|p1a: Venusaur|1\n|-resisted|p1b: Charizard|1\n|-damage|p1a: Venusaur|0 fnt\n|-damage|p1b: Charizard|70/100\n|faint|p1a: Venusaur\n|move|p1b: Charizard|Solar Beam||[still]\n|-prepare|p1b: Charizard|Solar Beam\n|-anim|p1b: Charizard|Solar Beam|p2a: Garchomp\n|-damage|p2a: Garchomp|1/100 slp\n|\n|-weather|SunnyDay|[upkeep]\n|upkeep\n|\n|t:|1788268666\n|switch|p1a: Basculegion|Basculegion, L50, M|100/100\n|turn|4\n|\n|t:|1788268673\n|-curestatus|p2a: Garchomp|slp|[msg]\n|move|p2a: Garchomp|Protect|p2a: Garchomp\n|-singleturn|p2a: Garchomp|Protect\n|move|p1a: Basculegion|Flip Turn|p2a: Garchomp\n|-activate|p2a: Garchomp|move: Protect\n|move|p2b: Charizard|Heat Wave|p1a: Basculegion|[spread] p1a\n|-miss|p2b: Charizard|p1b: Charizard\n|-resisted|p1a: Basculegion|1\n|-damage|p1a: Basculegion|59/100\n|move|p1b: Charizard|Weather Ball|p2b: Charizard\n|-resisted|p2b: Charizard|1\n|-damage|p2b: Charizard|53/100\n|\n|-weather|SunnyDay|[upkeep]\n|upkeep\n|turn|5\n|\n|t:|1788268698\n|move|p1a: Basculegion|Flip Turn|p2a: Garchomp\n|-damage|p2a: Garchomp|0 fnt\n|-damage|p1a: Basculegion|47/100|[from] ability: Rough Skin|[of] p2a: Garchomp\n|faint|p2a: Garchomp\n|\n|t:|1788268703\n|switch|p1a: Pelipper|Pelipper, L50, F|100/100|[from] Flip Turn\n|-weather|RainDance|[from] ability: Drizzle|[of] p1a: Pelipper\n|move|p2b: Charizard|Heat Wave|p1b: Charizard|[spread] p1a,p1b\n|-resisted|p1a: Pelipper|1\n|-resisted|p1b: Charizard|1\n|-damage|p1a: Pelipper|84/100\n|-damage|p1b: Charizard|60/100\n|move|p1b: Charizard|Weather Ball|p2b: Charizard\n|-supereffective|p2b: Charizard|1\n|-damage|p2b: Charizard|0 fnt\n|faint|p2b: Charizard\n|\n|-weather|RainDance|[upkeep]\n|upkeep\n|\n|t:|1788268705\n|switch|p2a: Basculegion|Basculegion, L50, M|100/100\n|switch|p2b: Sylveon|Sylveon, L50, F|100/100\n|turn|6\n|inactive|mabcmabcmabc has 30 seconds left.\n|inactive|mabcmabcmabc has 20 seconds left.\n|inactive|mabcmabcmabc has 15 seconds left.\n|inactive|mabcmabcmabc has 10 seconds left.\n|inactive|mabcmabcmabc has 5 seconds left.\n|\n|t:|1788268756\n|move|p1b: Charizard|Weather Ball|p2b: Sylveon\n|-damage|p2b: Sylveon|52/100\n|move|p2a: Basculegion|Last Respects|p1b: Charizard\n|-damage|p1b: Charizard|0 fnt\n|faint|p1b: Charizard\n|move|p1a: Pelipper|Tailwind|p1a: Pelipper\n|-sidestart|p1: mabcmabcmabc|move: Tailwind\n|move|p2b: Sylveon|Hyper Voice|p1a: Pelipper\n|-damage|p1a: Pelipper|0 fnt\n|faint|p1a: Pelipper\n|\n|-weather|RainDance|[upkeep]\n|upkeep\n|\n|t:|1788268771\n|switch|p1a: Basculegion|Basculegion, L50, M|47/100\n|turn|7\n|\n|t:|1788268775\n|move|p1a: Basculegion|Last Respects|p2a: Basculegion\n|-supereffective|p2a: Basculegion|1\n|-damage|p2a: Basculegion|0 fnt\n|faint|p2a: Basculegion\n|move|p2b: Sylveon|Hyper Beam|p1a: Basculegion\n|-damage|p1a: Basculegion|0 fnt\n|-mustrecharge|p2b: Sylveon\n|faint|p1a: Basculegion\n|\n|win|Thornlace48812\n|raw|mabcmabcmabc's rating: 1088 &rarr; <strong>1067</strong><br />(-21 for losing)\n|raw|Thornlace48812's rating: 1115 &rarr; <strong>1138</strong><br />(+23 for winning)\n","uploadtime":1788268775,"views":"3","formatid":"gen9championsvgc2026regmb","rating":1067,"private":0,"password":null}