{"id":"gen9championsvgc2026regmbbo3-2674673090","format":"[Gen 9 Champions] VGC 2026 Reg M-B (Bo3)","players":["busterbunner","Pawah"],"log":"|j|☆busterbunner\n|j|☆Pawah\n|html|<table width=\"100%\"><tr><td align=\"left\">busterbunner</td><td align=\"right\">Pawah</tr><tr><td align=\"left\"><i class=\"fa fa-circle-o\"></i> <i class=\"fa fa-circle-o\"></i> </td><td align=\"right\"><i class=\"fa fa-circle-o\"></i> <i class=\"fa fa-circle-o\"></i> </tr></table>\n|uhtml|bestof|<h2><strong>Game 1</strong> of <a href=\"/game-bestof3-gen9championsvgc2026regmbbo3-2674673089\">a best-of-3</a></h2>\n|t:|1788388436\n|gametype|doubles\n|player|p1|busterbunner|emmet|1214\n|player|p2|Pawah|ethan|1235\n|gen|9\n|tier|[Gen 9 Champions] VGC 2026 Reg M-B (Bo3)\n|rated|\n|rule|Species Clause: Limit one of each Pokémon\n|rule|Item Clause: Limit 1 of each item\n|clearpoke\n|poke|p1|Metagross, L50|\n|poke|p1|Whimsicott, L50, M|\n|poke|p1|Raichu, L50, F|\n|poke|p1|Basculegion, L50, M|\n|poke|p1|Garchomp, L50, F|\n|poke|p1|Kingambit, L50, M|\n|poke|p2|Staraptor, L50, M|\n|poke|p2|Milotic, L50, F|\n|poke|p2|Tyranitar, L50, M|\n|poke|p2|Gholdengo, L50|\n|poke|p2|Excadrill, L50, M|\n|poke|p2|Sinistcha, L50|\n|teampreview|4\n|showteam|p1|Metagross||Metagrossite|ClearBody|IronHead,IcePunch,Protect,PsychicFangs|Jolly|||||50|]Whimsicott||FocusSash|Prankster|Moonblast,Tailwind,Encore,Protect|Timid||M|||50|]Raichu||RaichuniteY|Static|FakeOut,FocusBlast,ZapCannon,Protect|Timid||F|||50|]Basculegion||LifeOrb|Adaptability|AquaJet,LastRespects,WaveCrash,Protect|Jolly||M|||50|]Garchomp||SitrusBerry|RoughSkin|DragonClaw,RockSlide,Protect,StompingTantrum|Jolly||F|||50|]Kingambit||ChopleBerry|Defiant|KowtowCleave,SuckerPunch,LowKick,Protect|Adamant||M|||50|\n|showteam|p2|Staraptor||Staraptite|Intimidate|BraveBird,CloseCombat,Tailwind,Protect|Jolly||M|||50|]Milotic||SitrusBerry|Competitive|Scald,IceBeam,IcyWind,Recover|Modest||F|||50|]Tyranitar||Tyranitarite|SandStream|RockSlide,KnockOff,LowKick,Protect|Adamant||M|||50|]Gholdengo||LifeOrb|GoodasGold|ShadowBall,MakeItRain,NastyPlot,Protect|Modest|||||50|]Excadrill||FocusSash|SandRush|HighHorsepower,IronHead,RockSlide,Protect|Adamant||M|||50|]Sinistcha||ColburBerry|Hospitality|MatchaGotcha,RagePowder,TrickRoom,Protect|Bold|||||50|\n|inactive|Battle timer is ON: inactive players will automatically lose when time's up. (requested by busterbunner)\n|inactive|Pawah also wants the timer to be on.\n|inactive|busterbunner has 60 seconds left.\n|inactive|Pawah has 60 seconds left.\n|\n|t:|1788388490\n|teamsize|p1|4\n|teamsize|p2|4\n|start\n|switch|p1a: Whimsicott|Whimsicott, L50, M|100/100\n|switch|p1b: Raichu|Raichu, L50, F|100/100\n|switch|p2a: Tyranitar|Tyranitar, L50, M|100/100\n|switch|p2b: Excadrill|Excadrill, L50, M|100/100\n|-weather|Sandstorm|[from] ability: Sand Stream|[of] p2a: Tyranitar\n|turn|1\n|inactive|busterbunner has 30 seconds left.\n|\n|t:|1788388516\n|switch|p2a: Gholdengo|Gholdengo, L50|100/100\n|detailschange|p1b: Raichu|Raichu-Mega-Y, L50, F\n|-mega|p1b: Raichu|Raichu|Raichunite Y\n|move|p1b: Raichu|Fake Out|p2b: Excadrill\n|-resisted|p2b: Excadrill|1\n|-damage|p2b: Excadrill|93/100\n|cant|p2b: Excadrill|flinch\n|move|p1a: Whimsicott|Moonblast|p2a: Gholdengo\n|-resisted|p2a: Gholdengo|1\n|-damage|p2a: Gholdengo|81/100\n|\n|-weather|Sandstorm|[upkeep]\n|-damage|p1b: Raichu|94/100|[from] Sandstorm\n|-damage|p1a: Whimsicott|94/100|[from] Sandstorm\n|upkeep\n|turn|2\n|\n|t:|1788388539\n|switch|p2a: Sinistcha|Sinistcha, L50|100/100\n|-heal|p2b: Excadrill|100/100|[from] ability: Hospitality|[of] p2a: Sinistcha\n|move|p1b: Raichu|Protect|p1b: Raichu\n|-singleturn|p1b: Raichu|Protect\n|move|p1a: Whimsicott|Tailwind|p1a: Whimsicott\n|-sidestart|p1: busterbunner|move: Tailwind\n|move|p2b: Excadrill|High Horsepower|p1b: Raichu\n|-activate|p1b: Raichu|move: Protect\n|\n|-weather|Sandstorm|[upkeep]\n|-damage|p1b: Raichu|88/100|[from] Sandstorm\n|-damage|p1a: Whimsicott|88/100|[from] Sandstorm\n|-damage|p2a: Sinistcha|93/100|[from] Sandstorm\n|upkeep\n|turn|3\n|\n|t:|1788388555\n|move|p2a: Sinistcha|Rage Powder|p2a: Sinistcha\n|-singleturn|p2a: Sinistcha|move: Rage Powder\n|move|p1b: Raichu|Focus Blast|p2a: Sinistcha\n|-immune|p2a: Sinistcha\n|move|p1a: Whimsicott|Moonblast|p2a: Sinistcha\n|-damage|p2a: Sinistcha|63/100\n|-unboost|p2a: Sinistcha|spa|1\n|move|p2b: Excadrill|Rock Slide|p1b: Raichu|[spread] p1a,p1b\n|-damage|p1a: Whimsicott|57/100\n|-damage|p1b: Raichu|55/100\n|\n|-weather|Sandstorm|[upkeep]\n|-damage|p1b: Raichu|49/100|[from] Sandstorm\n|-damage|p1a: Whimsicott|51/100|[from] Sandstorm\n|-damage|p2a: Sinistcha|57/100|[from] Sandstorm\n|upkeep\n|turn|4\n|\n|t:|1788388574\n|switch|p1b: Basculegion|Basculegion, L50, M|100/100\n|move|p2a: Sinistcha|Rage Powder|p2a: Sinistcha\n|-singleturn|p2a: Sinistcha|move: Rage Powder\n|move|p1a: Whimsicott|Encore|p2a: Sinistcha\n|-start|p2a: Sinistcha|Encore\n|move|p2b: Excadrill|Rock Slide|p1a: Whimsicott|[spread] p1a\n|-miss|p2b: Excadrill|p1b: Basculegion\n|-damage|p1a: Whimsicott|17/100\n|\n|-weather|Sandstorm|[upkeep]\n|-damage|p1a: Whimsicott|11/100|[from] Sandstorm\n|-damage|p1b: Basculegion|94/100|[from] Sandstorm\n|-damage|p2a: Sinistcha|51/100|[from] Sandstorm\n|upkeep\n|turn|5\n|\n|t:|1788388594\n|switch|p2a: Tyranitar|Tyranitar, L50, M|100/100\n|move|p1a: Whimsicott|Protect|p1a: Whimsicott\n|-singleturn|p1a: Whimsicott|Protect\n|move|p1b: Basculegion|Wave Crash|p2a: Tyranitar\n|-supereffective|p2a: Tyranitar|1\n|-damage|p2a: Tyranitar|0 fnt\n|faint|p2a: Tyranitar\n|-damage|p1b: Basculegion|62/100|[from] Recoil\n|-damage|p1b: Basculegion|52/100|[from] item: Life Orb\n|move|p2b: Excadrill|High Horsepower|p1b: Basculegion\n|-damage|p1b: Basculegion|0 fnt\n|faint|p1b: Basculegion\n|\n|-weather|none\n|-sideend|p1: busterbunner|move: Tailwind\n|upkeep\n|\n|t:|1788388608\n|switch|p1b: Raichu|Raichu-Mega-Y, L50, F|49/100\n|switch|p2a: Sinistcha|Sinistcha, L50|51/100\n|turn|6\n|\n|t:|1788388616\n|move|p2a: Sinistcha|Rage Powder|p2a: Sinistcha\n|-singleturn|p2a: Sinistcha|move: Rage Powder\n|move|p1b: Raichu|Zap Cannon|p2a: Sinistcha\n|-resisted|p2a: Sinistcha|1\n|-damage|p2a: Sinistcha|22/100\n|-status|p2a: Sinistcha|par\n|move|p1a: Whimsicott|Moonblast|p2a: Sinistcha\n|-damage|p2a: Sinistcha|0 fnt\n|faint|p2a: Sinistcha\n|move|p2b: Excadrill|Rock Slide|p1b: Raichu|[spread] p1a,p1b\n|-damage|p1a: Whimsicott|0 fnt\n|-damage|p1b: Raichu|18/100\n|faint|p1a: Whimsicott\n|\n|upkeep\n|\n|t:|1788388627\n|switch|p1a: Kingambit|Kingambit, L50, M|100/100\n|switch|p2a: Gholdengo|Gholdengo, L50|81/100\n|turn|7\n|\n|t:|1788388639\n|move|p1a: Kingambit|Sucker Punch|p2b: Excadrill\n|-damage|p2b: Excadrill|42/100\n|move|p1b: Raichu|Focus Blast|p2b: Excadrill\n|-supereffective|p2b: Excadrill|1\n|-damage|p2b: Excadrill|0 fnt\n|faint|p2b: Excadrill\n|move|p2a: Gholdengo|Nasty Plot|p2a: Gholdengo\n|-boost|p2a: Gholdengo|spa|2\n|\n|upkeep\n|turn|8\n|\n|t:|1788388645\n|move|p1a: Kingambit|Sucker Punch|p2a: Gholdengo\n|-supereffective|p2a: Gholdengo|1\n|-damage|p2a: Gholdengo|6/100\n|move|p1b: Raichu|Zap Cannon|p2a: Gholdengo\n|-damage|p2a: Gholdengo|0 fnt\n|faint|p2a: Gholdengo\n|\n|win|busterbunner\n","uploadtime":1788388646,"views":"0","formatid":"gen9championsvgc2026regmbbo3","rating":null,"private":0,"password":null}