{"id":"gen9championsvgc2026regmb-2674300238","format":"[Gen 9 Champions] VGC 2026 Reg M-B","players":["MiniMaestro","123a123a1"],"log":"|j|☆MiniMaestro\n|j|☆123a123a1\n|t:|1788335407\n|gametype|doubles\n|player|p1|MiniMaestro|miku-flying|1318\n|player|p2|123a123a1|lucas|1432\n|gen|9\n|tier|[Gen 9 Champions] VGC 2026 Reg M-B\n|rated|\n|rule|Species Clause: Limit one of each Pokémon\n|rule|Item Clause: Limit 1 of each item\n|clearpoke\n|poke|p1|Sinistcha, L50|\n|poke|p1|Incineroar, L50, M|\n|poke|p1|Blaziken, L50, F|\n|poke|p1|Ninetales-Alola, L50, F|\n|poke|p1|Mawile, L50, F|\n|poke|p1|Basculegion, L50, M|\n|poke|p2|Venusaur, L50, M|\n|poke|p2|Blaziken, L50, M|\n|poke|p2|Torkoal, L50, M|\n|poke|p2|Farigiraf, L50, M|\n|poke|p2|Sylveon, L50, M|\n|poke|p2|Basculegion, L50, M|\n|teampreview|4\nMiniMaestro has agreed to open team sheets.\n|\n|t:|1788335447\n|teamsize|p1|4\n|teamsize|p2|4\n|start\n|switch|p1a: Basculegion|Basculegion, L50, M|100/100\n|switch|p1b: Incineroar|Incineroar, L50, M|100/100\n|switch|p2a: Venusaur|Venusaur, L50, M|100/100\n|switch|p2b: Torkoal|Torkoal, L50, M|100/100\n|-ability|p1b: Incineroar|Intimidate|boost\n|-unboost|p2a: Venusaur|atk|1\n|-unboost|p2b: Torkoal|atk|1\n|-weather|SunnyDay|[from] ability: Drought|[of] p2b: Torkoal\n|turn|1\n|inactive|Battle timer is ON: inactive players will automatically lose when time's up. (requested by 123a123a1)\n|\n|t:|1788335513\n|switch|p2a: Farigiraf|Farigiraf, L50, M|100/100\n|move|p2b: Torkoal|Protect|p2b: Torkoal\n|-singleturn|p2b: Torkoal|Protect\n|move|p1a: Basculegion|Aqua Jet||[still]\n|cant|p2a: Farigiraf|ability: Armor Tail|Aqua Jet|[of] p1a: Basculegion\n|move|p1b: Incineroar|Flare Blitz|p2a: Farigiraf\n|-damage|p2a: Farigiraf|44/100\n|-damage|p1b: Incineroar|79/100|[from] Recoil\n|\n|-weather|SunnyDay|[upkeep]\n|upkeep\n|turn|2\n|\n|t:|1788335529\n|switch|p2b: Venusaur|Venusaur, L50, M|100/100\n|move|p2a: Farigiraf|Protect|p2a: Farigiraf\n|-singleturn|p2a: Farigiraf|Protect\n|move|p1a: Basculegion|Wave Crash|p2b: Venusaur\n|-resisted|p2b: Venusaur|1\n|-damage|p2b: Venusaur|69/100\n|-damage|p1a: Basculegion|91/100|[from] Recoil\n|-damage|p1a: Basculegion|81/100|[from] item: Life Orb\n|move|p1b: Incineroar|Flare Blitz|p2a: Farigiraf\n|-activate|p2a: Farigiraf|move: Protect\n|\n|-weather|SunnyDay|[upkeep]\n|upkeep\n|turn|3\n|\n|t:|1788335541\n|move|p2b: Venusaur|Sleep Powder|p1b: Incineroar\n|-status|p1b: Incineroar|slp|[from] move: Sleep Powder\n|move|p1a: Basculegion|Wave Crash|p2a: Farigiraf\n|-damage|p2a: Farigiraf|0 fnt\n|faint|p2a: Farigiraf\n|-damage|p1a: Basculegion|65/100|[from] Recoil\n|-damage|p1a: Basculegion|55/100|[from] item: Life Orb\n|cant|p1b: Incineroar|slp\n|\n|-weather|SunnyDay|[upkeep]\n|upkeep\n|\n|t:|1788335548\n|switch|p2a: Basculegion|Basculegion, L50, M|100/100\n|turn|4\n|\n|t:|1788335554\n|switch|p1b: Ninetales|Ninetales-Alola, L50, F|100/100\n|-weather|Snowscape|[from] ability: Snow Warning|[of] p1b: Ninetales\n|move|p1a: Basculegion|Protect|p1a: Basculegion\n|-singleturn|p1a: Basculegion|Protect\n|move|p2a: Basculegion|Wave Crash|p1b: Ninetales\n|-damage|p1b: Ninetales|12/100\n|-damage|p2a: Basculegion|76/100|[from] Recoil\n|-damage|p2a: Basculegion|67/100|[from] item: Life Orb\n|move|p2b: Venusaur|Giga Drain|p1a: Basculegion\n|-activate|p1a: Basculegion|move: Protect\n|\n|-weather|Snowscape|[upkeep]\n|upkeep\n|turn|5\n|\n|t:|1788335583\n|switch|p2a: Torkoal|Torkoal, L50, M|100/100\n|-weather|SunnyDay|[from] ability: Drought|[of] p2a: Torkoal\n|switch|p1a: Incineroar|Incineroar, L50, M|79/100 slp\n|-ability|p1a: Incineroar|Intimidate|boost\n|-unboost|p2a: Torkoal|atk|1\n|-unboost|p2b: Venusaur|atk|1\n|move|p1b: Ninetales|Protect|p1b: Ninetales\n|-singleturn|p1b: Ninetales|Protect\n|move|p2b: Venusaur|Giga Drain|p1b: Ninetales\n|-activate|p1b: Ninetales|move: Protect\n|\n|-weather|SunnyDay|[upkeep]\n|upkeep\n|turn|6\n|inactive|MiniMaestro has 30 seconds left.\n|inactive|MiniMaestro has 20 seconds left.\n|\n|t:|1788335619\n|move|p2b: Venusaur|Earth Power|p1a: Incineroar\n|-supereffective|p1a: Incineroar|1\n|-damage|p1a: Incineroar|36/100 slp\n|-enditem|p1a: Incineroar|Sitrus Berry|[eat]\n|-heal|p1a: Incineroar|61/100 slp|[from] item: Sitrus Berry\n|move|p1b: Ninetales|Blizzard|p2a: Torkoal|[spread] p2a,p2b\n|-resisted|p2a: Torkoal|1\n|-supereffective|p2b: Venusaur|1\n|-damage|p2a: Torkoal|81/100\n|-damage|p2b: Venusaur|2/100\n|cant|p1a: Incineroar|slp\n|move|p2a: Torkoal|Eruption|p1b: Ninetales|[spread] p1a,p1b\n|-resisted|p1a: Incineroar|1\n|-supereffective|p1b: Ninetales|1\n|-damage|p1a: Incineroar|40/100 slp\n|-damage|p1b: Ninetales|0 fnt\n|faint|p1b: Ninetales\n|\n|-weather|SunnyDay|[upkeep]\n|upkeep\n|\n|t:|1788335632\n|switch|p1b: Mawile|Mawile, L50, F|100/100\n|turn|7\n|\n|t:|1788335660\n|detailschange|p1b: Mawile|Mawile-Mega, L50, F\n|-mega|p1b: Mawile|Mawile|Mawilite\n|move|p1b: Mawile|Protect|p1b: Mawile\n|-singleturn|p1b: Mawile|Protect\n|move|p2b: Venusaur|Sleep Powder|p1b: Mawile\n|-activate|p1b: Mawile|move: Protect\n|-curestatus|p1a: Incineroar|slp|[msg]\n|move|p1a: Incineroar|Parting Shot|p2a: Torkoal\n|-unboost|p2a: Torkoal|atk|1\n|-unboost|p2a: Torkoal|spa|1\n|\n|t:|1788335669\n|switch|p1a: Basculegion|Basculegion, L50, M|55/100|[from] Parting Shot\n|move|p2a: Torkoal|Weather Ball|p1b: Mawile\n|-activate|p1b: Mawile|move: Protect\n|\n|-weather|SunnyDay|[upkeep]\n|upkeep\n|turn|8\n|\n|t:|1788335690\n|switch|p2b: Basculegion|Basculegion, L50, M|67/100\n|switch|p1b: Incineroar|Incineroar, L50, M|40/100\n|-ability|p1b: Incineroar|Intimidate|boost\n|-unboost|p2a: Torkoal|atk|1\n|-unboost|p2b: Basculegion|atk|1\n|move|p1a: Basculegion|Aqua Jet|p2b: Basculegion\n|-resisted|p2b: Basculegion|1\n|-damage|p2b: Basculegion|56/100\n|-damage|p1a: Basculegion|46/100|[from] item: Life Orb\n|move|p2a: Torkoal|Weather Ball|p1b: Incineroar\n|-resisted|p1b: Incineroar|1\n|-damage|p1b: Incineroar|25/100\n|\n|-weather|SunnyDay|[upkeep]\n|upkeep\n|turn|9\n|inactive|MiniMaestro has 30 seconds left.\n|inactive|123a123a1 has 30 seconds left.\n|inactive|MiniMaestro has 20 seconds left.\n|inactive|MiniMaestro has 15 seconds left.\n|\n|t:|1788335732\n|switch|p2a: Venusaur|Venusaur, L50, M|2/100\n|move|p1b: Incineroar|Fake Out|p2a: Venusaur\n|-damage|p2a: Venusaur|0 fnt\n|faint|p2a: Venusaur\n|move|p2b: Basculegion|Aqua Jet|p1b: Incineroar\n|-supereffective|p1b: Incineroar|1\n|-damage|p1b: Incineroar|9/100\n|-damage|p2b: Basculegion|46/100|[from] item: Life Orb\n|move|p1a: Basculegion|Wave Crash|p2b: Basculegion\n|-resisted|p2b: Basculegion|1\n|-damage|p2b: Basculegion|11/100\n|-damage|p1a: Basculegion|34/100|[from] Recoil\n|-damage|p1a: Basculegion|25/100|[from] item: Life Orb\n|\n|-weather|none\n|upkeep\n|\n|t:|1788335735\n|switch|p2a: Torkoal|Torkoal, L50, M|81/100\n|-weather|SunnyDay|[from] ability: Drought|[of] p2a: Torkoal\n|turn|10\n|inactive|MiniMaestro has 30 seconds left.\n|inactive|MiniMaestro has 20 seconds left.\n|inactive|MiniMaestro has 15 seconds left.\n|inactive|123a123a1 has 30 seconds left.\n|\n|t:|1788335776\n|move|p2b: Basculegion|Last Respects|p1a: Basculegion\n|-supereffective|p1a: Basculegion|1\n|-damage|p1a: Basculegion|0 fnt\n|faint|p1a: Basculegion\n|-damage|p2b: Basculegion|2/100|[from] item: Life Orb\n|move|p1b: Incineroar|Parting Shot|p2b: Basculegion\n|-unboost|p2b: Basculegion|atk|1\n|-unboost|p2b: Basculegion|spa|1\n|\n|t:|1788335780\n|switch|p1b: Mawile|Mawile-Mega, L50, F|100/100|[from] Parting Shot\n|move|p2a: Torkoal|Eruption|p1b: Mawile\n|-supereffective|p1b: Mawile|1\n|-damage|p1b: Mawile|0 fnt\n|faint|p1b: Mawile\n|\n|-weather|SunnyDay|[upkeep]\n|upkeep\n|\n|t:|1788335783\n|switch|p1b: Incineroar|Incineroar, L50, M|9/100\n|-ability|p1b: Incineroar|Intimidate|boost\n|-unboost|p2a: Torkoal|atk|1\n|-unboost|p2b: Basculegion|atk|1\n|turn|11\n|\n|t:|1788335789\n|move|p2a: Torkoal|Helping Hand|p2b: Basculegion\n|-singleturn|p2b: Basculegion|Helping Hand|[of] p2a: Torkoal\n|move|p2b: Basculegion|Aqua Jet|p1b: Incineroar\n|-supereffective|p1b: Incineroar|1\n|-damage|p1b: Incineroar|0 fnt\n|faint|p1b: Incineroar\n|-damage|p2b: Basculegion|0 fnt|[from] item: Life Orb\n|faint|p2b: Basculegion\n|\n|win|123a123a1\n|raw|MiniMaestro's rating: 1318 &rarr; <strong>1304</strong><br />(-14 for losing)\n|raw|123a123a1's rating: 1432 &rarr; <strong>1446</strong><br />(+14 for winning)\n|l|☆123a123a1\n|player|p2|\n","uploadtime":1788335796,"views":"1","formatid":"gen9championsvgc2026regmb","rating":1304,"private":0,"password":null}