{"id":"gen9championsvgc2026regmbbo3-2674309508","format":"[Gen 9 Champions] VGC 2026 Reg M-B (Bo3)","players":["lost_bob","M4T7Y8"],"log":"|j|☆lost_bob\n|j|☆M4T7Y8\n|html|<table width=\"100%\"><tr><td align=\"left\">lost_bob</td><td align=\"right\">M4T7Y8</tr><tr><td align=\"left\"><i class=\"fa fa-circle\"></i> <i class=\"fa fa-circle-o\"></i> </td><td align=\"right\"><i class=\"fa fa-circle-o\"></i> <i class=\"fa fa-circle-o\"></i> </tr></table>\n|uhtml|bestof|<h2><strong>Game 2</strong> of <a href=\"/game-bestof3-gen9championsvgc2026regmbbo3-2674307920\">a best-of-3</a></h2>\n|t:|1788337645\n|gametype|doubles\n|player|p1|lost_bob|102|1000\n|player|p2|M4T7Y8|lucas|1078\n|gen|9\n|tier|[Gen 9 Champions] VGC 2026 Reg M-B (Bo3)\n|rated|\n|rule|Species Clause: Limit one of each Pokémon\n|rule|Item Clause: Limit 1 of each item\n|clearpoke\n|poke|p1|Swampert, L50, M|\n|poke|p1|Sableye, L50, F|\n|poke|p1|Archaludon, L50, M|\n|poke|p1|Rotom-Wash, L50|\n|poke|p1|Basculegion, L50, M|\n|poke|p1|Sinistcha, L50|\n|poke|p2|Whimsicott, L50, F|\n|poke|p2|Garchomp, L50, F|\n|poke|p2|Charizard, L50, M, shiny|\n|poke|p2|Maushold-Four, L50|\n|poke|p2|Floette-Eternal, L50, F|\n|poke|p2|Annihilape, L50, M, shiny|\n|teampreview|4\n|showteam|p1|Swampert||Swampertite|Torrent|WaveCrash,HighHorsepower,IcePunch,Protect|Jolly||M|||50|]Sableye||LightClay|Prankster|RainDance,WillOWisp,LightScreen,Reflect|Calm||F|||50|]Archaludon||Leftovers|Stamina|ElectroShot,DragonPulse,FlashCannon,Protect|Timid||M|||50|]Rotom-Wash||SitrusBerry|Levitate|Discharge,HydroPump,Thunder,Protect|Timid|||||50|]Basculegion||LifeOrb|SwiftSwim|AquaJet,LastRespects,WaveCrash,Protect|Adamant||M|||50|]Sinistcha||KasibBerry|Hospitality|MatchaGotcha,RagePowder,LifeDew,Protect|Bold|||||50|\n|showteam|p2|Whimsicott||FocusSash|Prankster|Protect,EnergyBall,Tailwind,Encore|Timid||F|||50|]Garchomp||SitrusBerry|RoughSkin|Protect,DragonClaw,Earthquake,RockSlide|Adamant||F|||50|]Charizard||CharizarditeY|SolarPower|Protect,HeatWave,Flamethrower,SolarBeam|Timid||M|||50|]Maushold-Four||WideLens|Technician|PopulationBomb,Bite,FollowMe,Protect|Jolly|||||50|]Floette-Eternal||Floettite|FlowerVeil|Protect,CalmMind,Moonblast,DrainingKiss|Modest||F|||50|]Annihilape||ChoiceScarf|Defiant|ShadowClaw,CloseCombat,Taunt,Coaching|Jolly||M|||50|\n|inactive|Battle timer is ON: inactive players will automatically lose when time's up. (requested by M4T7Y8)\n|inactive|M4T7Y8 has 60 seconds left.\n|inactive|M4T7Y8 has 30 seconds left.\n|\n|t:|1788337716\n|teamsize|p1|4\n|teamsize|p2|4\n|start\n|switch|p1a: Skipper|Sableye, L50, F|100/100\n|switch|p1b: Simon|Swampert, L50, M|100/100\n|switch|p2a: Whimsicott|Whimsicott, L50, F|100/100\n|switch|p2b: Garchomp|Garchomp, L50, F|100/100\n|turn|1\n|\n|t:|1788337736\n|detailschange|p1b: Simon|Swampert-Mega, L50, M\n|-mega|p1b: Simon|Swampert|Swampertite\n|move|p2a: Whimsicott|Tailwind|p2a: Whimsicott\n|-sidestart|p2: M4T7Y8|move: Tailwind\n|move|p1a: Skipper|Rain Dance|p1a: Skipper\n|-weather|RainDance\n|move|p2b: Garchomp|Dragon Claw|p1b: Simon\n|-damage|p1b: Simon|63/100\n|move|p1b: Simon|Ice Punch|p2a: Whimsicott\n|-supereffective|p2a: Whimsicott|1\n|-damage|p2a: Whimsicott|5/100\n|\n|-weather|RainDance|[upkeep]\n|upkeep\n|turn|2\n|\n|t:|1788337764\n|move|p1b: Simon|Protect|p1b: Simon\n|-singleturn|p1b: Simon|Protect\n|move|p1a: Skipper|Will-O-Wisp|p2a: Whimsicott\n|-status|p2a: Whimsicott|brn\n|move|p2a: Whimsicott|Energy Ball|p1b: Simon\n|-activate|p1b: Simon|move: Protect\n|move|p2b: Garchomp|Dragon Claw|p1a: Skipper\n|-damage|p1a: Skipper|44/100\n|\n|-weather|RainDance|[upkeep]\n|-damage|p2a: Whimsicott|0 fnt|[from] brn\n|faint|p2a: Whimsicott\n|upkeep\n|\n|t:|1788337771\n|switch|p2a: Floette|Floette-Eternal, L50, F|100/100\n|turn|3\n|\n|t:|1788337792\n|switch|p1a: Selene Dion|Sinistcha, L50|100/100\n|-heal|p1b: Simon|88/100|[from] ability: Hospitality|[of] p1a: Selene Dion\n|move|p2a: Floette|Protect|p2a: Floette\n|-singleturn|p2a: Floette|Protect\n|move|p2b: Garchomp|Dragon Claw|p1b: Simon\n|-damage|p1b: Simon|48/100\n|move|p1b: Simon|Ice Punch|p2b: Garchomp\n|-supereffective|p2b: Garchomp|2\n|-damage|p2b: Garchomp|7/100\n|-damage|p1b: Simon|36/100|[from] ability: Rough Skin|[of] p2b: Garchomp\n|-enditem|p2b: Garchomp|Sitrus Berry|[eat]\n|-heal|p2b: Garchomp|32/100|[from] item: Sitrus Berry\n|\n|-weather|RainDance|[upkeep]\n|upkeep\n|turn|4\n|\n|t:|1788337810\n|detailschange|p2a: Floette|Floette-Mega, L50, F\n|-mega|p2a: Floette|Floette|Floettite\n|-ability|p2a: Floette|Fairy Aura\n|move|p2b: Garchomp|Protect|p2b: Garchomp\n|-singleturn|p2b: Garchomp|Protect\n|move|p1b: Simon|Protect|p1b: Simon\n|-singleturn|p1b: Simon|Protect\n|move|p2a: Floette|Moonblast|p1b: Simon\n|-activate|p1b: Simon|move: Protect\n|move|p1a: Selene Dion|Life Dew||[still]|[spread] p1a,p1b\n|-fail|p1a: Selene Dion|heal\n|-heal|p1b: Simon|61/100\n|\n|-weather|RainDance|[upkeep]\n|-sideend|p2: M4T7Y8|move: Tailwind\n|upkeep\n|turn|5\n|\n|t:|1788337828\n|move|p2a: Floette|Protect|p2a: Floette\n|-singleturn|p2a: Floette|Protect\n|move|p1b: Simon|Wave Crash|p2a: Floette\n|-activate|p2a: Floette|move: Protect\n|move|p2b: Garchomp|Dragon Claw|p1b: Simon\n|-damage|p1b: Simon|21/100\n|move|p1a: Selene Dion|Matcha Gotcha|p2a: Floette|[spread] p2b\n|-activate|p2a: Floette|move: Protect\n|-damage|p2b: Garchomp|7/100\n|\n|-weather|none\n|upkeep\n|turn|6\n|inactive|lost_bob has 30 seconds left.\n|inactive|M4T7Y8 has 30 seconds left.\n|\n|t:|1788337856\n|switch|p1b: Skipper|Sableye, L50, F|44/100\n|move|p1a: Selene Dion|Protect|p1a: Selene Dion\n|-singleturn|p1a: Selene Dion|Protect\n|move|p2b: Garchomp|Earthquake|p1a: Selene Dion|[spread] p2a,p1b\n|-activate|p1a: Selene Dion|move: Protect\n|-damage|p2a: Floette|64/100\n|-damage|p1b: Skipper|0 fnt\n|faint|p1b: Skipper\n|move|p2a: Floette|Moonblast|p1a: Selene Dion\n|-activate|p1a: Selene Dion|move: Protect\n|\n|upkeep\n|\n|t:|1788337869\n|switch|p1b: Big Al|Archaludon, L50, M|100/100\n|turn|7\n|inactive|M4T7Y8 has 30 seconds left.\n|\n|t:|1788337898\n|move|p1b: Big Al|Protect|p1b: Big Al\n|-singleturn|p1b: Big Al|Protect\n|move|p2b: Garchomp|Protect|p2b: Garchomp\n|-singleturn|p2b: Garchomp|Protect\n|move|p2a: Floette|Calm Mind|p2a: Floette\n|-boost|p2a: Floette|spa|1\n|-boost|p2a: Floette|spd|1\n|move|p1a: Selene Dion|Matcha Gotcha|p2a: Floette|[spread] p2a\n|-activate|p2b: Garchomp|move: Protect\n|-damage|p2a: Floette|53/100\n|\n|upkeep\n|turn|8\n|\n|t:|1788337918\n|move|p1a: Selene Dion|Rage Powder|p1a: Selene Dion\n|-singleturn|p1a: Selene Dion|move: Rage Powder\n|move|p1b: Big Al|Flash Cannon|p2a: Floette\n|-supereffective|p2a: Floette|1\n|-damage|p2a: Floette|16/100\n|move|p2b: Garchomp|Dragon Claw|p1a: Selene Dion\n|-damage|p1a: Selene Dion|69/100\n|move|p2a: Floette|Moonblast|p1a: Selene Dion\n|-damage|p1a: Selene Dion|0 fnt\n|faint|p1a: Selene Dion\n|\n|upkeep\n|\n|t:|1788337928\n|switch|p1a: Simon|Swampert-Mega, L50, M|21/100\n|turn|9\n|\n|t:|1788337937\n|move|p1a: Simon|Protect|p1a: Simon\n|-singleturn|p1a: Simon|Protect\n|move|p2a: Floette|Protect|p2a: Floette\n|-singleturn|p2a: Floette|Protect\n|move|p1b: Big Al|Flash Cannon|p2a: Floette\n|-activate|p2a: Floette|move: Protect\n|move|p2b: Garchomp|Earthquake|p1a: Simon|[spread] p1b\n|-activate|p2a: Floette|move: Protect\n|-activate|p1a: Simon|move: Protect\n|-supereffective|p1b: Big Al|1\n|-damage|p1b: Big Al|38/100\n|-ability|p1b: Big Al|Stamina|boost\n|-boost|p1b: Big Al|def|1\n|\n|-heal|p1b: Big Al|44/100|[from] item: Leftovers\n|upkeep\n|turn|10\n|\n|t:|1788337958\n|switch|p2a: Charizard|Charizard, L50, M, shiny|100/100\n|move|p1a: Simon|Protect||[still]\n|-fail|p1a: Simon\n|move|p1b: Big Al|Flash Cannon|p2a: Charizard\n|-resisted|p2a: Charizard|1\n|-damage|p2a: Charizard|70/100\n|-unboost|p2a: Charizard|spd|1\n|move|p2b: Garchomp|Earthquake|p1b: Big Al|[spread] p1a,p1b\n|-immune|p2a: Charizard\n|-supereffective|p1b: Big Al|1\n|-damage|p1a: Simon|0 fnt\n|-damage|p1b: Big Al|0 fnt\n|faint|p1a: Simon\n|faint|p1b: Big Al\n|\n|win|M4T7Y8\n|l|☆lost_bob\n|player|p1|\n||M4T7Y8 is ready for game 3.\n||lost_bob is ready for game 3.\n|uhtml|next|Next: <a href=\"/battle-gen9championsvgc2026regmbbo3-2674310857\"><strong>Game 3 of 3</strong></a>\n","uploadtime":1788338167,"views":"0","formatid":"gen9championsvgc2026regmbbo3","rating":null,"private":0,"password":null}