{"id":"gen9championsvgc2026regmb-2674282016","format":"[Gen 9 Champions] VGC 2026 Reg M-B","players":["Crispy Will","Very Sinistea"],"log":"|j|☆Crispy Will\n|j|☆Very Sinistea\n|t:|1788330890\n|gametype|doubles\n|player|p1|Crispy Will|pokekid|\n|player|p2|Very Sinistea|lillie-masters3|\n|gen|9\n|tier|[Gen 9 Champions] VGC 2026 Reg M-B\n|rule|Species Clause: Limit one of each Pokémon\n|rule|Item Clause: Limit 1 of each item\n|clearpoke\n|poke|p1|Basculegion, L50, M|\n|poke|p1|Incineroar, L50, F|\n|poke|p1|Gengar, L50, M|\n|poke|p1|Maushold-Four, L50|\n|poke|p1|Gliscor, L50, M|\n|poke|p1|Toxapex, L50, F|\n|poke|p2|Garchomp, L50, F|\n|poke|p2|Talonflame, L50, M|\n|poke|p2|Sinistcha-Masterpiece, L50|\n|poke|p2|Espathra, L50, F|\n|poke|p2|Morpeko, L50, F|\n|poke|p2|Dragonite, L50, F, shiny|\n|teampreview|4\nVery Sinistea rejected open team sheets.\n|\n|t:|1788330910\n|teamsize|p1|4\n|teamsize|p2|4\n|start\n|switch|p1a: Incineroar|Incineroar, L50, F|100/100\n|switch|p1b: Maushold|Maushold-Four, L50|100/100\n|switch|p2a: guy who kills you|Garchomp, L50, F|100/100\n|switch|p2b: bones .. tasty|Talonflame, L50, M|100/100\n|-ability|p1a: Incineroar|Intimidate|boost\n|-unboost|p2a: guy who kills you|atk|1\n|-unboost|p2b: bones .. tasty|atk|1\n|-enditem|p2a: guy who kills you|White Herb\n|-clearnegativeboost|p2a: guy who kills you|[silent]\n|turn|1\n|\n|t:|1788330927\n|move|p1a: Incineroar|Fake Out|p2b: bones .. tasty\n|-damage|p2b: bones .. tasty|85/100\n|cant|p2b: bones .. tasty|flinch\n|move|p1b: Maushold|Population Bomb|p2b: bones .. tasty\n|-damage|p2b: bones .. tasty|68/100\n|-damage|p2b: bones .. tasty|52/100\n|-damage|p2b: bones .. tasty|36/100\n|-damage|p2b: bones .. tasty|20/100r\n|-damage|p2b: bones .. tasty|4/100\n|-damage|p2b: bones .. tasty|0 fnt\n|faint|p2b: bones .. tasty\n|-hitcount|p2: bones .. tasty|6\n|move|p2a: guy who kills you|Earthquake|p1a: Incineroar|[spread] p1a,p1b\n|-supereffective|p1a: Incineroar|1\n|-damage|p1a: Incineroar|42/100\n|-damage|p1b: Maushold|40/100\n|-enditem|p1a: Incineroar|Sitrus Berry|[eat]\n|-heal|p1a: Incineroar|67/100|[from] item: Sitrus Berry\n|\n|upkeep\n|\n|t:|1788330948\n|switch|p2b: the grink|Sinistcha-Masterpiece, L50|100/100\n|turn|2\n|\n|t:|1788330969\n|move|p1b: Maushold|Protect|p1b: Maushold\n|-singleturn|p1b: Maushold|Protect\n|move|p2a: guy who kills you|Earthquake|p1b: Maushold|[spread] p2b,p1a\n|-activate|p1b: Maushold|move: Protect\n|-resisted|p2b: the grink|1\n|-supereffective|p1a: Incineroar|1\n|-damage|p2b: the grink|83/100\n|-damage|p1a: Incineroar|16/100\n|move|p2b: the grink|Strength Sap|p1a: Incineroar\n|-unboost|p1a: Incineroar|atk|1\n|-heal|p2b: the grink|100/100\n|move|p1a: Incineroar|Flare Blitz|p2b: the grink\n|-supereffective|p2b: the grink|1\n|-damage|p2b: the grink|55/100\n|-damage|p1a: Incineroar|3/100|[from] Recoil\n|\n|upkeep\n|turn|3\n|\n|t:|1788330991\n|move|p2b: the grink|Rage Powder|p2b: the grink\n|-singleturn|p2b: the grink|move: Rage Powder\n|move|p1b: Maushold|Taunt|p2b: the grink\n|-start|p2b: the grink|move: Taunt\n|move|p2a: guy who kills you|Earthquake|p1b: Maushold|[spread] p2b,p1a,p1b\n|-resisted|p2b: the grink|1\n|-supereffective|p1a: Incineroar|1\n|-damage|p2b: the grink|39/100\n|-damage|p1a: Incineroar|0 fnt\n|-damage|p1b: Maushold|0 fnt\n|faint|p1a: Incineroar\n|faint|p1b: Maushold\n|\n|upkeep\n|\n|t:|1788330994\n|switch|p1b: Basculegion|Basculegion, L50, M|100/100\n|switch|p1a: Gengar|Gengar, L50, M|100/100\n|turn|4\n|\n|t:|1788331014\n|detailschange|p1a: Gengar|Gengar-Mega, L50, M\n|-mega|p1a: Gengar|Gengar|Gengarite\n|move|p1a: Gengar|Icy Wind|p2a: guy who kills you|[spread] p2b\n|-miss|p1a: Gengar|p2a: guy who kills you\n|-supereffective|p2b: the grink|1\n|-damage|p2b: the grink|4/100\n|-unboost|p2b: the grink|spe|1\n|move|p1b: Basculegion|Last Respects|p2b: the grink\n|-supereffective|p2b: the grink|1\n|-enditem|p2b: the grink|Kasib Berry|[eat]\n|-enditem|p2b: the grink|Kasib Berry|[weaken]\n|-damage|p2b: the grink|0 fnt\n|faint|p2b: the grink\n|move|p2a: guy who kills you|Earthquake|p1a: Gengar|[spread] p1a,p1b\n|-supereffective|p1a: Gengar|1\n|-damage|p1a: Gengar|0 fnt\n|-damage|p1b: Basculegion|49/100\n|faint|p1a: Gengar\n|\n|upkeep\n|\n|t:|1788331029\n|switch|p2b: bones .. yucky|Espathra, L50, F|100/100\n|turn|5\n|\n|t:|1788331044\n|move|p1b: Basculegion|Last Respects|p2a: guy who kills you\n|-damage|p2a: guy who kills you|0 fnt\n|faint|p2a: guy who kills you\n|move|p2b: bones .. yucky|Shadow Ball|p1b: Basculegion\n|-supereffective|p1b: Basculegion|1\n|-damage|p1b: Basculegion|0 fnt\n|faint|p1b: Basculegion\n|\n|win|Very Sinistea\n|l|☆Crispy Will\n|player|p1|\n","uploadtime":1788331094,"views":"23","formatid":"gen9championsvgc2026regmb","rating":null,"private":0,"password":null}