{"id":"gen9championsvgc2026regmb-2674819989","format":"[Gen 9 Champions] VGC 2026 Reg M-B","players":["2daygon","CTE Jimbo"],"log":"|j|☆2daygon\n|j|☆CTE Jimbo\n|t:|1788413550\n|gametype|doubles\n|player|p1|2daygon|gwynn|1416\n|player|p2|CTE Jimbo|crasherwake|1426\n|gen|9\n|tier|[Gen 9 Champions] VGC 2026 Reg M-B\n|rated|\n|rule|Species Clause: Limit one of each Pokémon\n|rule|Item Clause: Limit 1 of each item\n|clearpoke\n|poke|p1|Charizard, L50, F|\n|poke|p1|Garchomp, L50, F|\n|poke|p1|Floette-Eternal, L50, F|\n|poke|p1|Whimsicott, L50, M|\n|poke|p1|Kingambit, L50, F|\n|poke|p1|Basculegion, L50, M|\n|poke|p2|Charizard, L50, F|\n|poke|p2|Whimsicott, L50, M|\n|poke|p2|Kingambit, L50, F|\n|poke|p2|Basculegion, L50, M|\n|poke|p2|Garchomp, L50, M|\n|poke|p2|Floette-Eternal, L50, F|\n|teampreview|4\n|inactive|Battle timer is ON: inactive players will automatically lose when time's up. (requested by 2daygon)\n|inactive|CTE Jimbo has 60 seconds left.\n|\n|t:|1788413612\n|teamsize|p1|4\n|teamsize|p2|4\n|start\n|switch|p1a: Garchomp|Garchomp, L50, F|100/100\n|switch|p1b: Whimsicott|Whimsicott, L50, M|100/100\n|switch|p2a: Whimsicott|Whimsicott, L50, M|100/100\n|switch|p2b: Floette|Floette-Eternal, L50, F|100/100\n|turn|1\n|\n|t:|1788413636\n|detailschange|p2b: Floette|Floette-Mega, L50, F\n|-mega|p2b: Floette|Floette|Floettite\n|-ability|p2b: Floette|Fairy Aura\n|move|p1b: Whimsicott|Tailwind|p1b: Whimsicott\n|-sidestart|p1: 2daygon|move: Tailwind\n|move|p2a: Whimsicott|Tailwind|p2a: Whimsicott\n|-sidestart|p2: CTE Jimbo|move: Tailwind\n|move|p1a: Garchomp|Earthquake|p2a: Whimsicott|[spread] p1b,p2a,p2b\n|-resisted|p1b: Whimsicott|1\n|-resisted|p2a: Whimsicott|1\n|-damage|p1b: Whimsicott|64/100\n|-damage|p2a: Whimsicott|64/100\n|-damage|p2b: Floette|40/100\n|-damage|p1a: Garchomp|90/100|[from] item: Life Orb\n|move|p2b: Floette|Dazzling Gleam|p1a: Garchomp|[spread] p1a,p1b\n|-supereffective|p1a: Garchomp|1\n|-damage|p1a: Garchomp|0 fnt\n|-damage|p1b: Whimsicott|0 fnt\n|faint|p1a: Garchomp\n|faint|p1b: Whimsicott\n|\n|upkeep\n|\n|t:|1788413651\n|switch|p1b: Charizard|Charizard, L50, F|100/100\n|switch|p1a: Kingambit|Kingambit, L50, F|100/100\n|turn|2\n|\n|t:|1788413660\n|detailschange|p1b: Charizard|Charizard-Mega-Y, L50, F\n|-mega|p1b: Charizard|Charizard|Charizardite Y\n|-weather|SunnyDay|[from] ability: Drought|[of] p1b: Charizard\n|move|p2a: Whimsicott|Protect|p2a: Whimsicott\n|-singleturn|p2a: Whimsicott|Protect\n|move|p2b: Floette|Protect|p2b: Floette\n|-singleturn|p2b: Floette|Protect\n|move|p1b: Charizard|Heat Wave|p2b: Floette|[spread] \n|-activate|p2a: Whimsicott|move: Protect\n|-activate|p2b: Floette|move: Protect\n|move|p1a: Kingambit|Iron Head|p2b: Floette\n|-activate|p2b: Floette|move: Protect\n|\n|-weather|SunnyDay|[upkeep]\n|upkeep\n|turn|3\n|inactive|CTE Jimbo has 30 seconds left.\n|\n|t:|1788413692\n|switch|p2a: Garchomp|Garchomp, L50, M|100/100\n|move|p1b: Charizard|Heat Wave|p2b: Floette|[spread] p2a,p2b\n|-resisted|p2a: Garchomp|1\n|-damage|p2a: Garchomp|69/100\n|-damage|p2b: Floette|0 fnt\n|faint|p2b: Floette\n|move|p1a: Kingambit|Kowtow Cleave|p2a: Garchomp\n|-damage|p2a: Garchomp|26/100\n|-damage|p1a: Kingambit|87/100|[from] ability: Rough Skin|[of] p2a: Garchomp\n|-enditem|p2a: Garchomp|Sitrus Berry|[eat]\n|-heal|p2a: Garchomp|50/100g|[from] item: Sitrus Berry\n|\n|-weather|SunnyDay|[upkeep]\n|upkeep\n|\n|t:|1788413709\n|switch|p2b: Whimsicott|Whimsicott, L50, M|64/100\n|turn|4\n|\n|t:|1788413715\n|move|p2b: Whimsicott|Protect|p2b: Whimsicott\n|-singleturn|p2b: Whimsicott|Protect\n|move|p2a: Garchomp|Protect|p2a: Garchomp\n|-singleturn|p2a: Garchomp|Protect\n|move|p1a: Kingambit|Sucker Punch||[still]\n|-fail|p1a: Kingambit\n|move|p1b: Charizard|Heat Wave|p2a: Garchomp|[spread] \n|-activate|p2a: Garchomp|move: Protect\n|-activate|p2b: Whimsicott|move: Protect\n|\n|-weather|SunnyDay|[upkeep]\n|-sideend|p2: CTE Jimbo|move: Tailwind\n|-sideend|p1: 2daygon|move: Tailwind\n|upkeep\n|turn|5\n|\n|t:|1788413728\n|move|p2b: Whimsicott|Tailwind|p2b: Whimsicott\n|-sidestart|p2: CTE Jimbo|move: Tailwind\n|move|p1a: Kingambit|Sucker Punch|p2a: Garchomp\n|-damage|p2a: Garchomp|18/100\n|-damage|p1a: Kingambit|75/100|[from] ability: Rough Skin|[of] p2a: Garchomp\n|move|p2a: Garchomp|Rock Slide|p1a: Kingambit|[spread] p1a\n|-miss|p2a: Garchomp|p1b: Charizard\n|-resisted|p1a: Kingambit|1\n|-damage|p1a: Kingambit|68/100\n|move|p1b: Charizard|Weather Ball|p2b: Whimsicott\n|-supereffective|p2b: Whimsicott|1\n|-damage|p2b: Whimsicott|0 fnt\n|faint|p2b: Whimsicott\n|\n|-weather|SunnyDay|[upkeep]\n|upkeep\n|\n|t:|1788413740\n|switch|p2b: Kingambit|Kingambit, L50, F|100/100\n|turn|6\n|\n|t:|1788413749\n|move|p2a: Garchomp|Protect|p2a: Garchomp\n|-singleturn|p2a: Garchomp|Protect\n|move|p1a: Kingambit|Sucker Punch||[still]\n|-fail|p1a: Kingambit\n|move|p1b: Charizard|Weather Ball|p2b: Kingambit\n|-supereffective|p2b: Kingambit|1\n|-enditem|p2b: Kingambit|Occa Berry|[eat]\n|-enditem|p2b: Kingambit|Occa Berry|[weaken]\n|-damage|p2b: Kingambit|18/100\n|move|p2b: Kingambit|Low Kick|p1a: Kingambit\n|-supereffective|p1a: Kingambit|2\n|-enditem|p1a: Kingambit|Chople Berry|[eat]\n|-enditem|p1a: Kingambit|Chople Berry|[weaken]\n|-damage|p1a: Kingambit|8/100\n|\n|-weather|none\n|upkeep\n|turn|7\n|\n|t:|1788413773\n|move|p2b: Kingambit|Sucker Punch|p1a: Kingambit\n|-resisted|p1a: Kingambit|1\n|-damage|p1a: Kingambit|0 fnt\n|faint|p1a: Kingambit\n|move|p2a: Garchomp|Rock Slide|p1b: Charizard|[miss]\n|-miss|p2a: Garchomp|p1b: Charizard\n|move|p1b: Charizard|Heat Wave|p2b: Kingambit|[spread] p2a,p2b\n|-resisted|p2a: Garchomp|1\n|-supereffective|p2b: Kingambit|1\n|-damage|p2a: Garchomp|0 fnt\n|-damage|p2b: Kingambit|0 fnt\n|faint|p2a: Garchomp\n|faint|p2b: Kingambit\n|\n|win|2daygon\n|raw|2daygon's rating: 1416 &rarr; <strong>1437</strong><br />(+21 for winning)\n|raw|CTE Jimbo's rating: 1426 &rarr; <strong>1405</strong><br />(-21 for losing)\n|c|☆CTE Jimbo|dude\n|c|☆2daygon|W zard\n|c|☆CTE Jimbo|L rock slide\n","uploadtime":1788413807,"views":"1","formatid":"gen9championsvgc2026regmb","rating":1405,"private":0,"password":null}