{"id":"gen9championsvgc2026regmbbo3-2674003635","format":"[Gen 9 Champions] VGC 2026 Reg M-B (Bo3)","players":["LT134TT Name","humania1"],"log":"|j|☆LT134TT Name\n|j|☆humania1\n|html|<table width=\"100%\"><tr><td align=\"left\">LT134TT Name</td><td align=\"right\">humania1</tr><tr><td align=\"left\"><i class=\"fa fa-circle-o\"></i> <i class=\"fa fa-circle-o\"></i> </td><td align=\"right\"><i class=\"fa fa-circle-o\"></i> <i class=\"fa fa-circle\"></i> </tr></table>\n|uhtml|bestof|<h2><strong>Game 2</strong> of <a href=\"/game-bestof3-gen9championsvgc2026regmbbo3-2674001906\">a best-of-3</a></h2>\n|t:|1788287074\n|gametype|doubles\n|player|p1|LT134TT Name|cyclistf|1130\n|player|p2|humania1|266|1022\n|gen|9\n|tier|[Gen 9 Champions] VGC 2026 Reg M-B (Bo3)\n|rated|\n|rule|Species Clause: Limit one of each Pokémon\n|rule|Item Clause: Limit 1 of each item\n|clearpoke\n|poke|p1|Whimsicott, L50, F|\n|poke|p1|Gholdengo, L50|\n|poke|p1|Staraptor, L50, F|\n|poke|p1|Garchomp, L50, M|\n|poke|p1|Delphox, L50, M|\n|poke|p1|Rotom-Wash, L50|\n|poke|p2|Blastoise, L50, M|\n|poke|p2|Delphox, L50, M, shiny|\n|poke|p2|Incineroar, L50, M|\n|poke|p2|Sinistcha, L50|\n|poke|p2|Sneasler, L50, M|\n|poke|p2|Vivillon, L50, M|\n|teampreview|4\n|showteam|p1|Whimsicott||FocusSash|Prankster|Tailwind,Encore,Protect,Moonblast|Timid||F|||50|]Gholdengo||ShucaBerry|GoodasGold|PowerGem,Protect,MakeItRain,ShadowBall|Modest|||||50|]Staraptor||Staraptite|Intimidate|Tailwind,Protect,CloseCombat,BraveBird|Jolly||F|||50|]Garchomp||LifeOrb|RoughSkin|RockSlide,StompingTantrum,Protect,DragonClaw|Jolly||M|||50|]Delphox||Delphoxite|Blaze|HeatWave,Psyshock,Protect,NastyPlot|Timid||M|||50|]Rotom-Wash||SitrusBerry|Levitate|Protect,WillOWisp,HydroPump,Thunderbolt|Calm|||||50|\n|showteam|p2|Blastoise||Blastoisinite|Torrent|Protect,ShellSmash,WaterSpout,DarkPulse|Modest||M|||50|]Delphox||Delphoxite|Blaze|Protect,HeatWave,Psyshock,NastyPlot|Timid||M|||50|]Incineroar||PasshoBerry|Intimidate|FakeOut,PartingShot,FlareBlitz,ThroatChop|Impish||M|||50|]Sinistcha||SitrusBerry|Hospitality|Protect,MatchaGotcha,TrickRoom,RagePowder|Bold|||||50|]Sneasler||FocusSash|PoisonTouch|QuickGuard,FakeOut,CloseCombat,DireClaw|Jolly||M|||50|]Vivillon||ChoiceScarf|CompoundEyes|Hurricane,SleepPowder,RagePowder,Uturn|Timid||M|||50|\n|inactive|Battle timer is ON: inactive players will automatically lose when time's up. (requested by humania1)\n|\n|t:|1788287101\n|teamsize|p1|4\n|teamsize|p2|4\n|start\n|switch|p1a: Gholdengo|Gholdengo, L50|100/100\n|switch|p1b: Staraptor|Staraptor, L50, F|100/100\n|switch|p2a: Blastoise|Blastoise, L50, M|100/100\n|switch|p2b: Incineroar|Incineroar, L50, M|100/100\n|-ability|p1b: Staraptor|Intimidate|boost\n|-unboost|p2a: Blastoise|atk|1\n|-unboost|p2b: Incineroar|atk|1\n|-ability|p2b: Incineroar|Intimidate|boost\n|-unboost|p1a: Gholdengo|atk|1\n|-unboost|p1b: Staraptor|atk|1\n|turn|1\n|\n|t:|1788287109\n|detailschange|p1b: Staraptor|Staraptor-Mega, L50, F\n|-mega|p1b: Staraptor|Staraptor|Staraptite\n|detailschange|p2a: Blastoise|Blastoise-Mega, L50, M\n|-mega|p2a: Blastoise|Blastoise|Blastoisinite\n|move|p2b: Incineroar|Fake Out|p1b: Staraptor\n|-damage|p1b: Staraptor|91/100\n|cant|p1b: Staraptor|flinch\n|move|p1a: Gholdengo|Shadow Ball|p2a: Blastoise\n|-damage|p2a: Blastoise|50/100g\n|move|p2a: Blastoise|Water Spout|p1b: Staraptor|[spread] p1a,p1b\n|-damage|p1a: Gholdengo|62/100\n|-damage|p1b: Staraptor|55/100\n|\n|upkeep\n|turn|2\n|inactive|LT134TT Name has 30 seconds left.\n|\n|t:|1788287136\n|move|p1a: Gholdengo|Protect|p1a: Gholdengo\n|-singleturn|p1a: Gholdengo|Protect\n|move|p1b: Staraptor|Close Combat|p2b: Incineroar\n|-supereffective|p2b: Incineroar|1\n|-damage|p2b: Incineroar|27/100\n|-boost|p1b: Staraptor|def|1\n|-boost|p1b: Staraptor|spd|1\n|move|p2a: Blastoise|Water Spout|p1b: Staraptor|[spread] p1b\n|-activate|p1a: Gholdengo|move: Protect\n|-damage|p1b: Staraptor|29/100\n|move|p2b: Incineroar|Flare Blitz|p1a: Gholdengo\n|-activate|p1a: Gholdengo|move: Protect\n|\n|upkeep\n|turn|3\n|\n|t:|1788287151\n|move|p1b: Staraptor|Close Combat|p2b: Incineroar\n|-supereffective|p2b: Incineroar|1\n|-damage|p2b: Incineroar|0 fnt\n|-boost|p1b: Staraptor|def|1\n|-boost|p1b: Staraptor|spd|1\n|faint|p2b: Incineroar\n|move|p1a: Gholdengo|Shadow Ball|p2a: Blastoise\n|-crit|p2a: Blastoise\n|-damage|p2a: Blastoise|0 fnt\n|faint|p2a: Blastoise\n|\n|upkeep\n|\n|t:|1788287151\n|switch|p2a: Sinistcha|Sinistcha, L50|100/100\n|switch|p2b: Sneasler|Sneasler, L50, M|100/100\n|turn|4\n|\n|t:|1788287170\n|move|p2b: Sneasler|Dire Claw|p1b: Staraptor\n|-damage|p1b: Staraptor|5/100\n|-status|p1b: Staraptor|slp\n|cant|p1b: Staraptor|slp\n|move|p1a: Gholdengo|Shadow Ball|p2a: Sinistcha\n|-supereffective|p2a: Sinistcha|1\n|-damage|p2a: Sinistcha|14/100\n|-enditem|p2a: Sinistcha|Sitrus Berry|[eat]\n|-heal|p2a: Sinistcha|39/100|[from] item: Sitrus Berry\n|move|p2a: Sinistcha|Trick Room|p2a: Sinistcha\n|-fieldstart|move: Trick Room|[of] p2a: Sinistcha\n|\n|upkeep\n|turn|5\n|\n|t:|1788287189\n|move|p2a: Sinistcha|Protect|p2a: Sinistcha\n|-singleturn|p2a: Sinistcha|Protect\n|move|p1a: Gholdengo|Make It Rain|p2b: Sneasler|[spread] p2b\n|-activate|p2a: Sinistcha|move: Protect\n|-damage|p2b: Sneasler|30/100\n|-unboost|p1a: Gholdengo|spa|2\n|-curestatus|p1b: Staraptor|slp|[msg]\n|move|p1b: Staraptor|Brave Bird|p2b: Sneasler\n|-supereffective|p2b: Sneasler|1\n|-damage|p2b: Sneasler|0 fnt\n|faint|p2b: Sneasler\n|-damage|p1b: Staraptor|0 fnt|[from] Recoil\n|faint|p1b: Staraptor\n|\n|upkeep\n|\n|t:|1788287201\n|switch|p1b: Garchomp|Garchomp, L50, M|100/100\n|turn|6\n|\n|t:|1788287208\n|switch|p1a: Rotom|Rotom-Wash, L50|100/100\n|move|p2a: Sinistcha|Matcha Gotcha|p1b: Garchomp|[spread] p1a,p1b\n|-supereffective|p1a: Rotom|1\n|-damage|p1a: Rotom|65/100\n|-heal|p2a: Sinistcha|55/100|[from] drain|[of] p1a: Rotom\n|-damage|p1b: Garchomp|70/100\n|-heal|p2a: Sinistcha|71/100|[from] drain|[of] p1b: Garchomp\n|move|p1b: Garchomp|Dragon Claw|p2a: Sinistcha\n|-crit|p2a: Sinistcha\n|-damage|p2a: Sinistcha|0 fnt\n|faint|p2a: Sinistcha\n|-damage|p1b: Garchomp|60/100|[from] item: Life Orb\n|\n|win|LT134TT Name\n","uploadtime":1788287208,"views":"0","formatid":"gen9championsvgc2026regmbbo3","rating":null,"private":0,"password":null}