{"id":"gen9championsvgc2026regmbbo3-2673281329","format":"[Gen 9 Champions] VGC 2026 Reg M-B (Bo3)","players":["Incinthegoat","humania1"],"log":"|j|☆Incinthegoat\n|j|☆humania1\n|html|<table width=\"100%\"><tr><td align=\"left\">Incinthegoat</td><td align=\"right\">humania1</tr><tr><td align=\"left\"><i class=\"fa fa-circle\"></i> <i class=\"fa fa-circle-o\"></i> </td><td align=\"right\"><i class=\"fa fa-circle-o\"></i> <i class=\"fa fa-circle-o\"></i> </tr></table>\n|uhtml|bestof|<h2><strong>Game 2</strong> of <a href=\"/game-bestof3-gen9championsvgc2026regmbbo3-2673280402\">a best-of-3</a></h2>\n|t:|1788176185\n|gametype|doubles\n|player|p1|Incinthegoat|lucas|1062\n|player|p2|humania1|170|1000\n|gen|9\n|tier|[Gen 9 Champions] VGC 2026 Reg M-B (Bo3)\n|rated|\n|rule|Species Clause: Limit one of each Pokémon\n|rule|Item Clause: Limit 1 of each item\n|clearpoke\n|poke|p1|Garganacl, L50, F, shiny|\n|poke|p1|Toxapex, L50, F, shiny|\n|poke|p1|Swampert, L50, M|\n|poke|p1|Basculegion, L50, M, shiny|\n|poke|p1|Pelipper, L50, M|\n|poke|p1|Hydrapple, L50, F, shiny|\n|poke|p2|Blastoise, L50, F|\n|poke|p2|Delphox, L50, F, shiny|\n|poke|p2|Incineroar, L50, F|\n|poke|p2|Sinistcha, L50|\n|poke|p2|Sneasler, L50, M|\n|poke|p2|Vivillon, L50, M|\n|teampreview|4\n|showteam|p1|Garganacl||Leftovers|PurifyingSalt|SaltCure,WideGuard,Recover,Protect|Sassy||F|||50|]Toxapex||MentalHerb|Regenerator|Toxic,Infestation,BanefulBunker,Recover|Relaxed||F|||50|]Swampert||Swampertite|Damp|HighHorsepower,Protect,IcePunch,Liquidation|Adamant||M|||50|]Basculegion||ChoiceScarf|SwiftSwim|FlipTurn,LastRespects,AquaJet,WaveCrash|Timid||M|||50|]Pelipper||FocusSash|Drizzle|WeatherBall,Hurricane,Protect,Tailwind|Timid||M|||50|]Hydrapple||HabanBerry|Regenerator|FickleBeam,EarthPower,Infestation,GigaDrain|Modest||F|||50|\n|showteam|p2|Blastoise||Blastoisinite|Torrent|Protect,ShellSmash,WaterSpout,DarkPulse|Modest||F|||50|]Delphox||Delphoxite|Blaze|Protect,HeatWave,Psyshock,NastyPlot|Timid||F|||50|]Incineroar||PasshoBerry|Intimidate|FakeOut,PartingShot,FlareBlitz,ThroatChop|Impish||F|||50|]Sinistcha||SitrusBerry|Hospitality|Protect,MatchaGotcha,TrickRoom,RagePowder|Bold|||||50|]Sneasler||FocusSash|PoisonTouch|QuickGuard,FakeOut,CloseCombat,DireClaw|Jolly||M|||50|]Vivillon||ChoiceScarf|CompoundEyes|Hurricane,SleepPowder,RagePowder,Uturn|Timid||M|||50|\n|\n|t:|1788176194\n|teamsize|p1|4\n|teamsize|p2|4\n|start\n|switch|p1a: Toxapex|Toxapex, L50, F, shiny|100/100\n|switch|p1b: Basculegion|Basculegion, L50, M, shiny|100/100\n|switch|p2a: Blastoise|Blastoise, L50, F|100/100\n|switch|p2b: Delphox|Delphox, L50, F, shiny|100/100\n|turn|1\n|\n|t:|1788176210\n|move|p1b: Basculegion|Flip Turn|p2a: Blastoise\n|-resisted|p2a: Blastoise|1\n|-damage|p2a: Blastoise|85/100\n|\n|t:|1788176214\n|switch|p1b: Pelipper|Pelipper, L50, M|100/100|[from] Flip Turn\n|-weather|RainDance|[from] ability: Drizzle|[of] p1b: Pelipper\n|move|p2b: Delphox|Psyshock|p1a: Toxapex\n|-supereffective|p1a: Toxapex|1\n|-damage|p1a: Toxapex|50/100g\n|move|p2a: Blastoise|Shell Smash|p2a: Blastoise\n|-unboost|p2a: Blastoise|def|1\n|-unboost|p2a: Blastoise|spd|1\n|-boost|p2a: Blastoise|atk|2\n|-boost|p2a: Blastoise|spa|2\n|-boost|p2a: Blastoise|spe|2\n|move|p1a: Toxapex|Toxic|p2a: Blastoise\n|-status|p2a: Blastoise|tox\n|\n|-weather|RainDance|[upkeep]\n|-damage|p2a: Blastoise|78/100 tox|[from] psn\n|upkeep\n|turn|2\n|\n|t:|1788176245\n|-heal|p1a: Toxapex|83/100|[from] ability: Regenerator|[silent]\n|switch|p1a: Basculegion|Basculegion, L50, M, shiny|100/100\n|move|p2a: Blastoise|Water Spout|p1a: Basculegion|[spread] p1a,p1b\n|-resisted|p1a: Basculegion|1\n|-resisted|p1b: Pelipper|1\n|-damage|p1a: Basculegion|34/100\n|-damage|p1b: Pelipper|10/100\n|move|p2b: Delphox|Psyshock|p1a: Basculegion\n|-damage|p1a: Basculegion|0 fnt\n|faint|p1a: Basculegion\n|move|p1b: Pelipper|Weather Ball|p2b: Delphox\n|-supereffective|p2b: Delphox|1\n|-damage|p2b: Delphox|0 fnt\n|faint|p2b: Delphox\n|\n|-weather|RainDance|[upkeep]\n|-damage|p2a: Blastoise|66/100 tox|[from] psn\n|upkeep\n|\n|t:|1788176263\n|switch|p2b: Sinistcha|Sinistcha, L50|100/100\n|switch|p1a: Swampert|Swampert, L50, M|100/100\n|-heal|p2a: Blastoise|91/100 tox|[from] ability: Hospitality|[of] p2b: Sinistcha\n|turn|3\n|\n|t:|1788176273\n|detailschange|p1a: Swampert|Swampert-Mega, L50, M\n|-mega|p1a: Swampert|Swampert|Swampertite\n|move|p2a: Blastoise|Water Spout|p1a: Swampert|[spread] p1a,p1b\n|-resisted|p1b: Pelipper|1\n|-damage|p1a: Swampert|0 fnt\n|-damage|p1b: Pelipper|0 fnt\n|faint|p1a: Swampert\n|faint|p1b: Pelipper\n|move|p2b: Sinistcha|Matcha Gotcha|p1: Swampert|[notarget]\n|-fail|p2b: Sinistcha\n|\n|-weather|RainDance|[upkeep]\n|-damage|p2a: Blastoise|72/100 tox|[from] psn\n|upkeep\n|\n|t:|1788176284\n|switch|p1b: Toxapex|Toxapex, L50, F, shiny|83/100\n|turn|4\n|\n|t:|1788176288\n|switch|p2b: Incineroar|Incineroar, L50, F|100/100\n|-ability|p2b: Incineroar|Intimidate|boost\n|-unboost|p1b: Toxapex|atk|1\n|move|p2a: Blastoise|Water Spout|p1b: Toxapex\n|-resisted|p1b: Toxapex|1\n|-damage|p1b: Toxapex|29/100\n|move|p1b: Toxapex|Recover|p1b: Toxapex\n|-heal|p1b: Toxapex|80/100\n|\n|-weather|RainDance|[upkeep]\n|-damage|p2a: Blastoise|47/100 tox|[from] psn\n|upkeep\n|turn|5\n|\n|t:|1788176303\n|move|p1b: Toxapex|Baneful Bunker|p1b: Toxapex\n|-singleturn|p1b: Toxapex|move: Protect\n|move|p2a: Blastoise|Water Spout|p1b: Toxapex\n|-activate|p1b: Toxapex|move: Protect\n|move|p2b: Incineroar|Parting Shot|p1b: Toxapex\n|-activate|p1b: Toxapex|move: Protect\n|\n|-weather|none\n|-damage|p2a: Blastoise|16/100 tox|[from] psn\n|upkeep\n|turn|6\n|\n|t:|1788176321\n|move|p2a: Blastoise|Water Spout|p1b: Toxapex\n|-resisted|p1b: Toxapex|1\n|-crit|p1b: Toxapex\n|-damage|p1b: Toxapex|61/100\n|move|p2b: Incineroar|Flare Blitz|p1b: Toxapex\n|-resisted|p1b: Toxapex|1\n|-damage|p1b: Toxapex|46/100\n|-damage|p2b: Incineroar|96/100|[from] Recoil\n|move|p1b: Toxapex|Recover|p1b: Toxapex\n|-heal|p1b: Toxapex|96/100\n|\n|-damage|p2a: Blastoise|0 fnt|[from] psn\n|faint|p2a: Blastoise\n|upkeep\n|\n|t:|1788176321\n|switch|p2a: Sinistcha|Sinistcha, L50|100/100\n|-heal|p2b: Incineroar|100/100|[from] ability: Hospitality|[of] p2a: Sinistcha\n|turn|7\n|\n|t:|1788176339\n|move|p2b: Incineroar|Parting Shot|p1b: Toxapex\n|-unboost|p1b: Toxapex|atk|1\n|-unboost|p1b: Toxapex|spa|1\n|move|p1b: Toxapex|Toxic|p2a: Sinistcha\n|-status|p2a: Sinistcha|tox\n|move|p2a: Sinistcha|Trick Room|p2a: Sinistcha\n|-fieldstart|move: Trick Room|[of] p2a: Sinistcha\n|\n|-damage|p2a: Sinistcha|93/100 tox|[from] psn\n|upkeep\n|turn|8\n|\n|t:|1788176352\n|move|p1b: Toxapex|Infestation|p2a: Sinistcha\n|-damage|p2a: Sinistcha|91/100 tox\n|-activate|p2a: Sinistcha|move: Infestation|[of] p1b: Toxapex\n|move|p2a: Sinistcha|Matcha Gotcha|p1b: Toxapex|[miss]\n|-miss|p2a: Sinistcha|p1b: Toxapex\n|move|p2b: Incineroar|Parting Shot|p1b: Toxapex\n|-unboost|p1b: Toxapex|atk|1\n|-unboost|p1b: Toxapex|spa|1\n|\n|-damage|p2a: Sinistcha|78/100 tox|[from] psn\n|-damage|p2a: Sinistcha|66/100 tox|[from] move: Infestation|[partiallytrapped]\n|upkeep\n|turn|9\n|\n|t:|1788176365\n|move|p1b: Toxapex|Toxic|p2b: Incineroar\n|-status|p2b: Incineroar|tox\n|move|p2a: Sinistcha|Matcha Gotcha|p1b: Toxapex\n|-damage|p1b: Toxapex|73/100\n|-heal|p2a: Sinistcha|77/100 tox|[from] drain|[of] p1b: Toxapex\n|move|p2b: Incineroar|Parting Shot|p1b: Toxapex\n|-unboost|p1b: Toxapex|atk|1\n|-unboost|p1b: Toxapex|spa|1\n|\n|-damage|p2a: Sinistcha|58/100 tox|[from] psn\n|-damage|p2b: Incineroar|94/100 tox|[from] psn\n|-damage|p2a: Sinistcha|46/100 tox|[from] move: Infestation|[partiallytrapped]\n|upkeep\n|-enditem|p2a: Sinistcha|Sitrus Berry|[eat]\n|-heal|p2a: Sinistcha|71/100 tox|[from] item: Sitrus Berry\n|turn|10\n|\n|t:|1788176383\n|move|p1b: Toxapex|Infestation|p2b: Incineroar\n|-damage|p2b: Incineroar|92/100 tox\n|-activate|p2b: Incineroar|move: Infestation|[of] p1b: Toxapex\n|move|p2a: Sinistcha|Matcha Gotcha|p1b: Toxapex\n|-damage|p1b: Toxapex|48/100\n|-heal|p2a: Sinistcha|82/100 tox|[from] drain|[of] p1b: Toxapex\n|-status|p1b: Toxapex|brn\n|move|p2b: Incineroar|Parting Shot|p1b: Toxapex\n|-unboost|p1b: Toxapex|atk|1\n|-unboost|p1b: Toxapex|spa|1\n|\n|-damage|p2a: Sinistcha|57/100 tox|[from] psn\n|-damage|p2b: Incineroar|80/100 tox|[from] psn\n|-damage|p1b: Toxapex|42/100 brn|[from] brn\n|-damage|p2a: Sinistcha|44/100 tox|[from] move: Infestation|[partiallytrapped]\n|-damage|p2b: Incineroar|67/100 tox|[from] move: Infestation|[partiallytrapped]\n|upkeep\n|turn|11\n|\n|t:|1788176398\n|move|p1b: Toxapex|Recover|p1b: Toxapex\n|-heal|p1b: Toxapex|92/100 brn\n|move|p2a: Sinistcha|Matcha Gotcha|p1b: Toxapex\n|-damage|p1b: Toxapex|69/100 brn\n|-heal|p2a: Sinistcha|55/100 tox|[from] drain|[of] p1b: Toxapex\n|move|p2b: Incineroar|Throat Chop|p1b: Toxapex\n|-damage|p1b: Toxapex|47/100 brn\n|-start|p1b: Toxapex|Throat Chop|[silent]\n|\n|-damage|p2a: Sinistcha|24/100 tox|[from] psn\n|-damage|p2b: Incineroar|50/100y tox|[from] psn\n|-damage|p1b: Toxapex|42/100 brn|[from] brn\n|-damage|p2a: Sinistcha|11/100 tox|[from] move: Infestation|[partiallytrapped]\n|-damage|p2b: Incineroar|37/100 tox|[from] move: Infestation|[partiallytrapped]\n|-fieldend|move: Trick Room\n|upkeep\n|turn|12\n|\n|t:|1788176412\n|move|p2a: Sinistcha|Protect|p2a: Sinistcha\n|-singleturn|p2a: Sinistcha|Protect\n|move|p1b: Toxapex|Baneful Bunker|p1b: Toxapex\n|-singleturn|p1b: Toxapex|move: Protect\n|move|p2b: Incineroar|Throat Chop|p1b: Toxapex\n|-activate|p1b: Toxapex|move: Protect\n|\n|-damage|p2b: Incineroar|13/100 tox|[from] psn\n|-damage|p2a: Sinistcha|0 fnt|[from] psn\n|faint|p2a: Sinistcha\n|-damage|p1b: Toxapex|36/100 brn|[from] brn\n|-damage|p2b: Incineroar|1/100 tox|[from] move: Infestation|[partiallytrapped]\n|-end|p1b: Toxapex|Throat Chop|[silent]\n|upkeep\n|turn|13\n|\n|t:|1788176424\n|move|p2b: Incineroar|Parting Shot|p1b: Toxapex\n|-unboost|p1b: Toxapex|atk|1\n|-unboost|p1b: Toxapex|spa|1\n|move|p1b: Toxapex|Recover|p1b: Toxapex\n|-heal|p1b: Toxapex|86/100 brn\n|\n|-damage|p2b: Incineroar|0 fnt|[from] psn\n|faint|p2b: Incineroar\n|\n|win|Incinthegoat\n|raw|Incinthegoat's rating: 1062 &rarr; <strong>1087</strong><br />(+25 for winning)\n|raw|humania1's rating: 1000 &rarr; <strong>1000</strong><br />(+0 for losing)\n","uploadtime":1788176424,"views":"1","formatid":"gen9championsvgc2026regmbbo3","rating":1000,"private":0,"password":null}