{"id":"gen9championsvgc2026regmbbo3-2674888285","format":"[Gen 9 Champions] VGC 2026 Reg M-B (Bo3)","players":["bl4ckdri","DINOLONK"],"log":"|j|☆bl4ckdri\n|j|☆DINOLONK\n|html|<table width=\"100%\"><tr><td align=\"left\">bl4ckdri</td><td align=\"right\">DINOLONK</tr><tr><td align=\"left\"><i class=\"fa fa-circle-o\"></i> <i class=\"fa fa-circle-o\"></i> </td><td align=\"right\"><i class=\"fa fa-circle-o\"></i> <i class=\"fa fa-circle-o\"></i> </tr></table>\n|uhtml|bestof|<h2><strong>Game 1</strong> of <a href=\"/game-bestof3-gen9championsvgc2026regmbbo3-2674888283\">a best-of-3</a></h2>\n|t:|1788429672\n|gametype|doubles\n|player|p1|bl4ckdri|2|1367\n|player|p2|DINOLONK|parasollady-gen4|1471\n|gen|9\n|tier|[Gen 9 Champions] VGC 2026 Reg M-B (Bo3)\n|rated|\n|rule|Species Clause: Limit one of each Pokémon\n|rule|Item Clause: Limit 1 of each item\n|clearpoke\n|poke|p1|Charizard, L50, F|\n|poke|p1|Garchomp, L50, M|\n|poke|p1|Toxapex, L50, M|\n|poke|p1|Venusaur, L50, M|\n|poke|p1|Sylveon, L50, F|\n|poke|p1|Incineroar, L50, F|\n|poke|p2|Dragonite, L50, M|\n|poke|p2|Sneasler, L50, M|\n|poke|p2|Kingambit, L50, F|\n|poke|p2|Basculegion, L50, M|\n|poke|p2|Whimsicott, L50, M|\n|poke|p2|Floette-Eternal, L50, F|\n|teampreview|4\n|showteam|p1|Charizard||CharizarditeY|Blaze|WeatherBall,SolarBeam,HeatWave,Protect|Modest||F|||50|]Garchomp||ChoiceScarf|RoughSkin|DragonClaw,Earthquake,RockSlide,StompingTantrum|Adamant||M|||50|]Toxapex||Leftovers|Regenerator|BanefulBunker,Toxic,Infestation,WideGuard|Bold||M|||50|]Venusaur||FocusSash|Chlorophyll|SleepPowder,Protect,SludgeBomb,EarthPower|Timid||M|||50|]Sylveon||FairyFeather|Pixilate|HyperBeam,HyperVoice,QuickAttack,Protect|Modest||F|||50|]Incineroar||SitrusBerry|Intimidate|FakeOut,Protect,PartingShot,FlareBlitz|Careful||F|||50|\n|showteam|p2|Dragonite||Dragoninite|InnerFocus|DragonPulse,HeatWave,Thunderbolt,Protect|Modest||M|||50|]Sneasler||WhiteHerb|Unburden|DireClaw,CloseCombat,RockSlide,FakeOut|Jolly||M|||50|]Kingambit||ChopleBerry|Defiant|KowtowCleave,SuckerPunch,LowKick,IronHead|Adamant||F|||50|]Basculegion||LifeOrb|Adaptability|WaveCrash,LastRespects,AquaJet,Protect|Adamant||M|||50|]Whimsicott||FocusSash|Prankster|Moonblast,Tailwind,Encore,Protect|Timid||M|||50|]Floette-Eternal||Floettite|FlowerVeil|Moonblast,DazzlingGleam,LightofRuin,Protect|Timid||F|||50|\n|inactive|Battle timer is ON: inactive players will automatically lose when time's up. (requested by DINOLONK)\n|inactive|bl4ckdri has 60 seconds left.\n|\n|t:|1788429720\n|teamsize|p1|4\n|teamsize|p2|4\n|start\n|switch|p1a: Toxapex|Toxapex, L50, M|100/100\n|switch|p1b: Sylveon|Sylveon, L50, F|100/100\n|switch|p2a: Dragonite|Dragonite, L50, M|100/100\n|switch|p2b: Sneasler|Sneasler, L50, M|100/100\n|turn|1\n|inactive|bl4ckdri has 30 seconds left.\n|\n|t:|1788429749\n|move|p2a: Dragonite|Protect|p2a: Dragonite\n|-singleturn|p2a: Dragonite|Protect\n|move|p2b: Sneasler|Dire Claw|p1b: Sylveon\n|-supereffective|p1b: Sylveon|1\n|-damage|p1b: Sylveon|0 fnt\n|faint|p1b: Sylveon\n|move|p1a: Toxapex|Toxic|p2a: Dragonite\n|-activate|p2a: Dragonite|move: Protect\n|\n|upkeep\n|\n|t:|1788429761\n|switch|p1b: Charizard|Charizard, L50, F|100/100\n|turn|2\n|\n|t:|1788429773\n|detailschange|p2a: Dragonite|Dragonite-Mega, L50, M\n|-mega|p2a: Dragonite|Dragonite|Dragoninite\n|move|p1b: Charizard|Protect|p1b: Charizard\n|-singleturn|p1b: Charizard|Protect\n|move|p2b: Sneasler|Dire Claw|p1b: Charizard\n|-activate|p1b: Charizard|move: Protect\n|move|p2a: Dragonite|Thunderbolt|p1b: Charizard\n|-activate|p1b: Charizard|move: Protect\n|move|p1a: Toxapex|Toxic|p2a: Dragonite\n|-status|p2a: Dragonite|tox\n|\n|-damage|p2a: Dragonite|94/100 tox|[from] psn\n|upkeep\n|turn|3\n|inactive|bl4ckdri has 30 seconds left.\n|\n|t:|1788429801\n|detailschange|p1b: Charizard|Charizard-Mega-Y, L50, F\n|-mega|p1b: Charizard|Charizard|Charizardite Y\n|-weather|SunnyDay|[from] ability: Drought|[of] p1b: Charizard\n|move|p2b: Sneasler|Dire Claw|p1b: Charizard\n|-damage|p1b: Charizard|53/100\n|move|p2a: Dragonite|Thunderbolt|p1b: Charizard\n|-supereffective|p1b: Charizard|1\n|-damage|p1b: Charizard|0 fnt\n|faint|p1b: Charizard\n|move|p1a: Toxapex|Infestation|p2b: Sneasler\n|-resisted|p2b: Sneasler|2\n|-damage|p2b: Sneasler|99/100\n|-activate|p2b: Sneasler|move: Infestation|[of] p1a: Toxapex\n|\n|-weather|SunnyDay|[upkeep]\n|-damage|p2a: Dragonite|82/100 tox|[from] psn\n|-damage|p2b: Sneasler|87/100|[from] move: Infestation|[partiallytrapped]\n|upkeep\n|\n|t:|1788429816\n|switch|p1b: Venusaur|Venusaur, L50, M|100/100\n|turn|4\n|\n|t:|1788429829\n|move|p1b: Venusaur|Sleep Powder|p2b: Sneasler\n|-status|p2b: Sneasler|slp|[from] move: Sleep Powder\n|cant|p2b: Sneasler|slp\n|move|p2a: Dragonite|Dragon Pulse|p1b: Venusaur\n|-damage|p1b: Venusaur|36/100\n|move|p1a: Toxapex|Infestation|p2a: Dragonite\n|-resisted|p2a: Dragonite|1\n|-damage|p2a: Dragonite|80/100 tox\n|-activate|p2a: Dragonite|move: Infestation|[of] p1a: Toxapex\n|\n|-weather|SunnyDay|[upkeep]\n|-damage|p2a: Dragonite|62/100 tox|[from] psn\n|-damage|p2b: Sneasler|75/100 slp|[from] move: Infestation|[partiallytrapped]\n|-damage|p2a: Dragonite|50/100g tox|[from] move: Infestation|[partiallytrapped]\n|upkeep\n|turn|5\n|\n|t:|1788429851\n|move|p1a: Toxapex|Baneful Bunker|p1a: Toxapex\n|-singleturn|p1a: Toxapex|move: Protect\n|move|p1b: Venusaur|Sludge Bomb|p2a: Dragonite\n|-damage|p2a: Dragonite|14/100 tox\n|cant|p2b: Sneasler|slp\n|move|p2a: Dragonite|Thunderbolt|p1a: Toxapex\n|-activate|p1a: Toxapex|move: Protect\n|\n|-weather|SunnyDay|[upkeep]\n|-damage|p2a: Dragonite|0 fnt|[from] psn\n|faint|p2a: Dragonite\n|-damage|p2b: Sneasler|63/100 slp|[from] move: Infestation|[partiallytrapped]\n|upkeep\n|\n|t:|1788429855\n|switch|p2a: Whimsicott|Whimsicott, L50, M|100/100\n|turn|6\n|\n|t:|1788429876\n|move|p2a: Whimsicott|Encore|p1a: Toxapex\n|-start|p1a: Toxapex|Encore\n|move|p1a: Toxapex|Baneful Bunker||[still]\n|-fail|p1a: Toxapex\n|move|p1b: Venusaur|Earth Power|p2b: Sneasler\n|-supereffective|p2b: Sneasler|1\n|-damage|p2b: Sneasler|0 fnt\n|faint|p2b: Sneasler\n|\n|-weather|SunnyDay|[upkeep]\n|upkeep\n|\n|t:|1788429883\n|switch|p2b: Basculegion|Basculegion, L50, M|100/100\n|turn|7\n|\n|t:|1788429890\n|move|p1a: Toxapex|Baneful Bunker|p1a: Toxapex\n|-singleturn|p1a: Toxapex|move: Protect\n|move|p2a: Whimsicott|Encore|p1b: Venusaur\n|-start|p1b: Venusaur|Encore\n|move|p1b: Venusaur|Earth Power|p2b: Basculegion\n|-damage|p2b: Basculegion|70/100\n|move|p2b: Basculegion|Last Respects|p1b: Venusaur\n|-damage|p1b: Venusaur|0 fnt\n|faint|p1b: Venusaur\n|-damage|p2b: Basculegion|60/100|[from] item: Life Orb\n|\n|-weather|none\n|upkeep\n|turn|8\n|-message|bl4ckdri forfeited.\n|\n|win|DINOLONK\n","uploadtime":1788429906,"views":"3","formatid":"gen9championsvgc2026regmbbo3","rating":null,"private":0,"password":null}