{"id":"gen9championsvgc2026regmb-2674459624","format":"[Gen 9 Champions] VGC 2026 Reg M-B","players":["InkleeKong","Bigoleg"],"log":"|j|☆InkleeKong\n|j|☆Bigoleg\n|t:|1788362358\n|gametype|doubles\n|player|p1|InkleeKong|colress|1625\n|player|p2|Bigoleg|hilbert|1715\n|gen|9\n|tier|[Gen 9 Champions] VGC 2026 Reg M-B\n|rated|\n|rule|Species Clause: Limit one of each Pokémon\n|rule|Item Clause: Limit 1 of each item\n|clearpoke\n|poke|p1|Primarina, L50, F|\n|poke|p1|Scrafty, L50, M|\n|poke|p1|Mawile, L50, F|\n|poke|p1|Mimikyu, L50, M, shiny|\n|poke|p1|Tyranitar, L50, M|\n|poke|p1|Corviknight, L50, F, shiny|\n|poke|p2|Farigiraf, L50, M|\n|poke|p2|Zoroark-Hisui, L50, F|\n|poke|p2|Sylveon, L50, M|\n|poke|p2|Charizard, L50, F|\n|poke|p2|Swampert, L50, F|\n|poke|p2|Pelipper, L50, M|\n|teampreview|4\n|j| fulimba\n|inactive|Battle timer is ON: inactive players will automatically lose when time's up. (requested by Bigoleg)\n|\n|t:|1788362390\n|teamsize|p1|4\n|teamsize|p2|4\n|start\n|switch|p1a: Somebody To Love|Primarina, L50, F|100/100\n|switch|p1b: Down Payment Blues|Scrafty, L50, M|100/100\n|switch|p2a: Farigiraf|Farigiraf, L50, M|100/100\n|switch|p2b: Sylveon|Sylveon, L50, M|100/100\n|-ability|p1b: Down Payment Blues|Intimidate|boost\n|-unboost|p2a: Farigiraf|atk|1\n|-unboost|p2b: Sylveon|atk|1\n|turn|1\n|\n|t:|1788362402\n|move|p1b: Down Payment Blues|Fake Out|p2b: Sylveon\n|-damage|p2b: Sylveon|83/100\n|move|p2a: Farigiraf|Round|p1a: Somebody To Love\n|-damage|p1a: Somebody To Love|73/100\n|cant|p2b: Sylveon|flinch\n|move|p1a: Somebody To Love|Hyper Voice|p2a: Farigiraf|[spread] p2a,p2b\n|-damage|p2a: Farigiraf|6/100\n|-damage|p2b: Sylveon|53/100\n|replace|p2a: Zoroark|Zoroark-Hisui, L50, F\n|-end|p2a: Zoroark|Illusion\n|\n|upkeep\n|turn|2\n|c|☆Bigoleg|Cheap shit\n|\n|t:|1788362417\n|move|p1a: Somebody To Love|Protect|p1a: Somebody To Love\n|-singleturn|p1a: Somebody To Love|Protect\n|move|p2a: Zoroark|Round|p1a: Somebody To Love\n|-activate|p1a: Somebody To Love|move: Protect\n|move|p2b: Sylveon|Round|p1b: Down Payment Blues|[from] move: Round\n|-supereffective|p1b: Down Payment Blues|2\n|-damage|p1b: Down Payment Blues|0 fnt\n|faint|p1b: Down Payment Blues\n|\n|upkeep\n|\n|t:|1788362428\n|switch|p1b: Love Bites|Mimikyu, L50, M, shiny|100/100\n|turn|3\n|j| benzgeg\n|\n|t:|1788362433\n|switch|p2a: Farigiraf|Farigiraf, L50, M|100/100\n|move|p1a: Somebody To Love|Aqua Jet||[still]\n|cant|p2a: Farigiraf|ability: Armor Tail|Aqua Jet|[of] p1a: Somebody To Love\n|move|p2b: Sylveon|Hyper Voice|p1b: Love Bites|[spread] p1a,p1b\n|-damage|p1a: Somebody To Love|34/100\n|-activate|p1b: Love Bites|ability: Disguise\n|-damage|p1b: Love Bites|100/100\n|detailschange|p1b: Love Bites|Mimikyu-Busted, L50, M, shiny\n|-damage|p1b: Love Bites|87/100|[from] pokemon: Mimikyu-Busted\n|move|p1b: Love Bites|Trick Room|p1b: Love Bites\n|-fieldstart|move: Trick Room|[of] p1b: Love Bites\n|\n|upkeep\n|turn|4\n|\n|t:|1788362451\n|move|p1a: Somebody To Love|Hyper Voice|p2a: Farigiraf|[spread] p2a,p2b\n|-crit|p2b: Sylveon\n|-damage|p2a: Farigiraf|70/100\n|-damage|p2b: Sylveon|5/100\n|move|p2b: Sylveon|Hyper Voice|p1b: Love Bites|[spread] p1a,p1b\n|-damage|p1a: Somebody To Love|0 fnt\n|-damage|p1b: Love Bites|38/100\n|faint|p1a: Somebody To Love\n|move|p2a: Farigiraf|Psyshock|p1b: Love Bites\n|-damage|p1b: Love Bites|0 fnt\n|faint|p1b: Love Bites\n|\n|-heal|p2a: Farigiraf|76/100|[from] item: Leftovers\n|upkeep\n|\n|t:|1788362457\n|switch|p1b: Blue Oyster Cult|Tyranitar, L50, M|100/100\n|-weather|Sandstorm|[from] ability: Sand Stream|[of] p1b: Blue Oyster Cult\n|turn|5\n|\n|t:|1788362465\n|move|p2a: Farigiraf|Hyper Voice|p1b: Blue Oyster Cult\n|-resisted|p1b: Blue Oyster Cult|1\n|-crit|p1b: Blue Oyster Cult\n|-damage|p1b: Blue Oyster Cult|85/100\n|move|p2b: Sylveon|Hyper Voice|p1b: Blue Oyster Cult\n|-supereffective|p1b: Blue Oyster Cult|1\n|-damage|p1b: Blue Oyster Cult|13/100\n|move|p1b: Blue Oyster Cult|Knock Off|p2a: Farigiraf\n|-supereffective|p2a: Farigiraf|1\n|-damage|p2a: Farigiraf|0 fnt\n|-enditem|p2a: Farigiraf|Leftovers|[from] move: Knock Off|[of] p1b: Blue Oyster Cult\n|faint|p2a: Farigiraf\n|\n|-weather|Sandstorm|[upkeep]\n|-damage|p2b: Sylveon|0 fnt|[from] Sandstorm\n|faint|p2b: Sylveon\n|upkeep\n|\n|t:|1788362471\n|switch|p2b: Charizard|Charizard, L50, F|100/100\n|switch|p2a: Charizard|Charizard, L50, F|6/100\n|turn|6\n|\n|t:|1788362482\n|detailschange|p2b: Charizard|Charizard-Mega-Y, L50, F\n|-mega|p2b: Charizard|Charizard|Charizardite Y\n|-weather|SunnyDay|[from] ability: Drought|[of] p2b: Charizard\n|move|p1b: Blue Oyster Cult|Rock Slide|p2b: Charizard|[spread] p2a,p2b\n|-supereffective|p2b: Charizard|2\n|-damage|p2a: Charizard|0 fnt\n|-damage|p2b: Charizard|0 fnt\n|replace|p2a: Zoroark|Zoroark-Hisui, L50, F\n|-end|p2a: Zoroark|Illusion\n|faint|p2a: Zoroark\n|faint|p2b: Charizard\n|\n|win|InkleeKong\n|raw|InkleeKong's rating: 1625 &rarr; <strong>1651</strong><br />(+26 for winning)\n|raw|Bigoleg's rating: 1731 &rarr; <strong>1705</strong><br />(-26 for losing)\n|l|☆Bigoleg\n|player|p2|\n","uploadtime":1788362502,"views":"12","formatid":"gen9championsvgc2026regmb","rating":1651,"private":0,"password":null}