{"id":"gen9championsvgc2026regmb-2674585427","format":"[Gen 9 Champions] VGC 2026 Reg M-B","players":["IndigoCha0s","shaedygirlo"],"log":"|j|☆IndigoCha0s\n|j|☆shaedygirlo\n|html|<table width=\"100%\"><tr><td align=\"left\">IndigoCha0s</td><td align=\"right\">shaedygirlo</tr><tr><td align=\"left\"><i class=\"fa fa-circle\"></i> <i class=\"fa fa-circle-o\"></i> </td><td align=\"right\"><i class=\"fa fa-circle-o\"></i> <i class=\"fa fa-circle-o\"></i> </tr></table>\n|uhtml|bestof|<h2><strong>Game 2</strong> of <a href=\"/game-bestof3-gen9championsvgc2026regmb-2674582801\">a best-of-3</a></h2>\n|t:|1788376949\n|gametype|doubles\n|player|p1|IndigoCha0s|colress|\n|player|p2|shaedygirlo|cynthia-gen4|\n|gen|9\n|tier|[Gen 9 Champions] VGC 2026 Reg M-B\n|rule|Species Clause: Limit one of each Pokémon\n|rule|Item Clause: Limit 1 of each item\n|raw|<div class=\"infobox\"><details class=\"readmore\" open><summary><strong>2 custom rules:</strong></summary> !open team sheets, best of=3</details></div>\n|clearpoke\n|poke|p1|Gengar, L50, M|\n|poke|p1|Eelektross, L50, F|\n|poke|p1|Whimsicott, L50, M|\n|poke|p1|Meowscarada, L50, F|\n|poke|p1|Kangaskhan, L50, F|\n|poke|p1|Milotic, L50, F|\n|poke|p2|Staraptor, L50, F, shiny|\n|poke|p2|Pelipper, L50, M, shiny|\n|poke|p2|Garchomp, L50, M, shiny|\n|poke|p2|Grimmsnarl, L50, M, shiny|\n|poke|p2|Armarouge, L50, F, shiny|\n|poke|p2|Politoed, L50, M, shiny|\n|teampreview|4\n|\n|t:|1788377065\n|teamsize|p1|4\n|teamsize|p2|4\n|start\n|switch|p1a: Gengar|Gengar, L50, M|100/100\n|switch|p1b: Whimsicott|Whimsicott, L50, M|100/100\n|switch|p2a: Sally|Staraptor, L50, F, shiny|100/100\n|switch|p2b: Pally|Pelipper, L50, M, shiny|100/100\n|-ability|p2a: Sally|Intimidate|boost\n|-unboost|p1a: Gengar|atk|1\n|-unboost|p1b: Whimsicott|atk|1\n|-weather|RainDance|[from] ability: Drizzle|[of] p2b: Pally\n|turn|1\n|\n|t:|1788377090\n|switch|p2a: Gally|Garchomp, L50, M, shiny|100/100\n|move|p1b: Whimsicott|Tailwind|p1b: Whimsicott\n|-sidestart|p1: IndigoCha0s|move: Tailwind\n|move|p1a: Gengar|Thunder|p2a: Gally\n|-immune|p2a: Gally\n|move|p2b: Pally|Hurricane|p1b: Whimsicott\n|-supereffective|p1b: Whimsicott|1\n|-enditem|p1b: Whimsicott|Focus Sash\n|-damage|p1b: Whimsicott|1/100\n|\n|-weather|RainDance|[upkeep]\n|upkeep\n|turn|2\n|\n|t:|1788377136\n|detailschange|p1a: Gengar|Gengar-Mega, L50, M\n|-mega|p1a: Gengar|Gengar|Gengarite\n|move|p1b: Whimsicott|Moonblast|p2a: Gally\n|-supereffective|p2a: Gally|1\n|-damage|p2a: Gally|18/100\n|move|p1a: Gengar|Thunder|p2b: Pally\n|-supereffective|p2b: Pally|2\n|-enditem|p2b: Pally|Focus Sash\n|-damage|p2b: Pally|1/100\n|move|p2a: Gally|Earthquake|p1b: Whimsicott|[spread] p1a,p1b\n|-immune|p2b: Pally\n|-supereffective|p1a: Gengar|1\n|-resisted|p1b: Whimsicott|1\n|-damage|p1a: Gengar|0 fnt\n|-damage|p1b: Whimsicott|0 fnt\n|faint|p1a: Gengar\n|faint|p1b: Whimsicott\n|-damage|p2a: Gally|9/100|[from] item: Life Orb\n|move|p2b: Pally|Tailwind|p2b: Pally\n|-sidestart|p2: shaedygirlo|move: Tailwind\n|\n|-weather|RainDance|[upkeep]\n|upkeep\n|\n|t:|1788377155\n|switch|p1b: Meowscarada|Meowscarada, L50, F|100/100\n|switch|p1a: Milotic|Milotic, L50, F|100/100\n|turn|3\n|\n|t:|1788377213\n|move|p1b: Meowscarada|Play Rough|p2b: Pally\n|-start|p1b: Meowscarada|typechange|Fairy|[from] ability: Protean\n|-damage|p2b: Pally|0 fnt\n|faint|p2b: Pally\n|-damage|p1b: Meowscarada|90/100|[from] item: Life Orb\n|move|p2a: Gally|Rock Slide|p1b: Meowscarada|[spread] p1a,p1b\n|-damage|p1a: Milotic|75/100\n|-damage|p1b: Meowscarada|55/100\n|-damage|p2a: Gally|0 fnt|[from] item: Life Orb\n|faint|p2a: Gally\n|move|p1a: Milotic|Ice Beam|p2: Gally|[notarget]\n|-fail|p1a: Milotic\n|\n|-weather|RainDance|[upkeep]\n|upkeep\n|\n|t:|1788377228\n|switch|p2a: Sally|Staraptor, L50, F, shiny|100/100\n|switch|p2b: Grally|Grimmsnarl, L50, M, shiny|100/100\n|-ability|p2a: Sally|Intimidate|boost\n|-unboost|p1a: Milotic|atk|1\n|-ability|p1a: Milotic|Competitive|boost\n|-boost|p1a: Milotic|spa|2\n|-unboost|p1b: Meowscarada|atk|1\n|turn|4\n|\n|t:|1788377276\n|detailschange|p2a: Sally|Staraptor-Mega, L50, F, shiny\n|-mega|p2a: Sally|Staraptor|Staraptite\n|move|p2b: Grally|Light Screen|p2b: Grally\n|-sidestart|p2: shaedygirlo|move: Light Screen\n|move|p1b: Meowscarada|Play Rough|p2b: Grally\n|-supereffective|p2b: Grally|1\n|-damage|p2b: Grally|29/100\n|-damage|p1b: Meowscarada|46/100|[from] item: Life Orb\n|move|p2a: Sally|Close Combat|p1a: Milotic\n|-damage|p1a: Milotic|17/100\n|-boost|p2a: Sally|def|1\n|-boost|p2a: Sally|spd|1\n|-enditem|p1a: Milotic|Sitrus Berry|[eat]\n|-heal|p1a: Milotic|42/100|[from] item: Sitrus Berry\n|move|p1a: Milotic|Ice Beam|p2a: Sally\n|-supereffective|p2a: Sally|1\n|-damage|p2a: Sally|46/100\n|\n|-weather|RainDance|[upkeep]\n|-sideend|p1: IndigoCha0s|move: Tailwind\n|upkeep\n|turn|5\n|\n|t:|1788377312\n|move|p1b: Meowscarada|Protect|p1b: Meowscarada\n|-singleturn|p1b: Meowscarada|Protect\n|move|p1a: Milotic|Protect|p1a: Milotic\n|-singleturn|p1a: Milotic|Protect\n|move|p2b: Grally|Reflect|p2b: Grally\n|-sidestart|p2: shaedygirlo|Reflect\n|move|p2a: Sally|Close Combat|p1a: Milotic\n|-activate|p1a: Milotic|move: Protect\n|\n|-weather|none\n|-sideend|p2: shaedygirlo|move: Tailwind\n|upkeep\n|turn|6\n|\n|t:|1788377369\n|move|p2b: Grally|Parting Shot|p1a: Milotic\n|-unboost|p1a: Milotic|atk|1\n|-ability|p1a: Milotic|Competitive|boost\n|-boost|p1a: Milotic|spa|2\n|-unboost|p1a: Milotic|spa|1\n|-ability|p1a: Milotic|Competitive|boost\n|-boost|p1a: Milotic|spa|2\n|move|p1b: Meowscarada|Triple Axel|p2a: Sally|[miss]\n|-miss|p1b: Meowscarada|p2a: Sally\n|move|p2a: Sally|Roost|p2a: Sally\n|-heal|p2a: Sally|96/100\n|-singleturn|p2a: Sally|move: Roost\n|move|p1a: Milotic|Scald|p2b: Grally\n|-damage|p2b: Grally|0 fnt\n|faint|p2b: Grally\n|\n|upkeep\n|turn|7\n|\n|t:|1788377389\n|move|p1b: Meowscarada|Triple Axel|p2a: Sally\n|-supereffective|p2a: Sally|1\n|-damage|p2a: Sally|90/100\n|-supereffective|p2a: Sally|1\n|-damage|p2a: Sally|78/100\n|-supereffective|p2a: Sally|1\n|-damage|p2a: Sally|63/100\n|-hitcount|p2a: Sally|3\n|-damage|p1b: Meowscarada|36/100|[from] item: Life Orb\n|move|p2a: Sally|Close Combat|p1a: Milotic\n|-damage|p1a: Milotic|0 fnt\n|-boost|p2a: Sally|def|1\n|-boost|p2a: Sally|spd|1\n|faint|p1a: Milotic\n|\n|upkeep\n|turn|8\n|\n|t:|1788377435\n|move|p1b: Meowscarada|Protect|p1b: Meowscarada\n|-singleturn|p1b: Meowscarada|Protect\n|move|p2a: Sally|Brave Bird|p1b: Meowscarada\n|-activate|p1b: Meowscarada|move: Protect\n|\n|upkeep\n|turn|9\n|\n|t:|1788377446\n|move|p1b: Meowscarada|Protect|p1b: Meowscarada\n|-singleturn|p1b: Meowscarada|Protect\n|move|p2a: Sally|Brave Bird|p1b: Meowscarada\n|-activate|p1b: Meowscarada|move: Protect\n|\n|upkeep\n|turn|10\n|\n|t:|1788377469\n|move|p1b: Meowscarada|Triple Axel|p2a: Sally\n|-supereffective|p2a: Sally|1\n|-damage|p2a: Sally|59/100\n|-supereffective|p2a: Sally|1\n|-damage|p2a: Sally|50/100g\n|-supereffective|p2a: Sally|1\n|-damage|p2a: Sally|37/100\n|-hitcount|p2a: Sally|3\n|-damage|p1b: Meowscarada|26/100|[from] item: Life Orb\n|move|p2a: Sally|Close Combat|p1b: Meowscarada\n|-resisted|p1b: Meowscarada|1\n|-damage|p1b: Meowscarada|0 fnt\n|-boost|p2a: Sally|def|1\n|-boost|p2a: Sally|spd|1\n|faint|p1b: Meowscarada\n|\n|win|shaedygirlo\n||shaedygirlo is ready for game 3.\n|inactive|IndigoCha0s has 30 seconds to confirm battle start!\n|inactive|IndigoCha0s has 20 seconds to confirm battle start!\n||IndigoCha0s is ready for game 3.\n|uhtml|next|Next: <a href=\"/battle-gen9championsvgc2026regmb-2674589963\"><strong>Game 3 of 3</strong></a>\n|l|☆IndigoCha0s\n|player|p1|\n","uploadtime":1788377962,"views":"19","formatid":"gen9championsvgc2026regmb","rating":null,"private":0,"password":null}