{"id":"gen9championsvgc2026regmbbo3-2673917246","format":"[Gen 9 Champions] VGC 2026 Reg M-B (Bo3)","players":["bartcr0987","Kk1pper1314"],"log":"|j|☆bartcr0987\n|j|☆Kk1pper1314\n|html|<table width=\"100%\"><tr><td align=\"left\">bartcr0987</td><td align=\"right\">Kk1pper1314</tr><tr><td align=\"left\"><i class=\"fa fa-circle-o\"></i> <i class=\"fa fa-circle-o\"></i> </td><td align=\"right\"><i class=\"fa fa-circle-o\"></i> <i class=\"fa fa-circle-o\"></i> </tr></table>\n|uhtml|bestof|<h2><strong>Game 1</strong> of <a href=\"/game-bestof3-gen9championsvgc2026regmbbo3-2673917245\">a best-of-3</a></h2>\n|t:|1788276881\n|gametype|doubles\n|player|p1|bartcr0987|2|1289\n|player|p2|Kk1pper1314|2|1179\n|gen|9\n|tier|[Gen 9 Champions] VGC 2026 Reg M-B (Bo3)\n|rated|\n|rule|Species Clause: Limit one of each Pokémon\n|rule|Item Clause: Limit 1 of each item\n|clearpoke\n|poke|p1|Charizard, L50, M, shiny|\n|poke|p1|Sneasler, L50, M, shiny|\n|poke|p1|Floette-Eternal, L50, F|\n|poke|p1|Kingambit, L50, F, shiny|\n|poke|p1|Farigiraf, L50, M|\n|poke|p1|Gliscor, L50, F|\n|poke|p2|Swampert, L50, M|\n|poke|p2|Grimmsnarl, L50, M|\n|poke|p2|Pelipper, L50, F|\n|poke|p2|Archaludon, L50, F|\n|poke|p2|Venusaur, L50, F|\n|poke|p2|Charizard, L50, F|\n|teampreview|4\n|showteam|p1|Charizard||CharizarditeY|SolarPower|HeatWave,SolarBeam,WeatherBall,Protect|Modest||M|||50|]Sneasler||FocusSash|Unburden|DireClaw,CloseCombat,Protect,RockSlide|Jolly||M|||50|]Floette-Eternal||Floettite|FlowerVeil|Moonblast,DazzlingGleam,LightofRuin,Protect|Modest||F|||50|]Kingambit||BlackGlasses|Defiant|KowtowCleave,SuckerPunch,LowKick,Protect|Brave||F|||50|]Farigiraf||SitrusBerry|ArmorTail|TrickRoom,Protect,Psychic,Thunderbolt|Calm||M|||50|]Gliscor||LifeOrb|HyperCutter|Protect,HighHorsepower,Tailwind,DualWingbeat|Careful||F|||50|\n|showteam|p2|Swampert||Swampertite|Torrent|WaveCrash,Earthquake,IcePunch,Protect|Adamant||M|||50|]Grimmsnarl||LightClay|Prankster|PartingShot,SpiritBreak,LightScreen,Reflect|Careful||M|||50|]Pelipper||SitrusBerry|Drizzle|Hurricane,Tailwind,WeatherBall,Protect|Modest||F|||50|]Archaludon||Leftovers|Stamina|ElectroShot,FlashCannon,DragonPulse,Protect|Calm||F|||50|]Venusaur||FocusSash|Chlorophyll|LeafStorm,SludgeBomb,SleepPowder,Protect|Timid||F|||50|]Charizard||CharizarditeY|Blaze|HeatWave,WeatherBall,SolarBeam,Protect|Modest||F|||50|\n|inactive|Battle timer is ON: inactive players will automatically lose when time's up. (requested by Kk1pper1314)\n|inactive|bartcr0987 has 60 seconds left.\n|inactive|Kk1pper1314 has 60 seconds left.\n|inactive|bartcr0987 has 30 seconds left.\n|inactive|bartcr0987 has 20 seconds left.\n|\n|t:|1788276953\n|teamsize|p1|4\n|teamsize|p2|4\n|start\n|switch|p1a: Sneasler|Sneasler, L50, M, shiny|100/100\n|switch|p1b: Farigiraf|Farigiraf, L50, M|100/100\n|switch|p2a: Grimmsnarl|Grimmsnarl, L50, M|100/100\n|switch|p2b: Archaludon|Archaludon, L50, F|100/100\n|turn|1\n|inactive|Kk1pper1314 has 30 seconds left.\n|inactive|Kk1pper1314 has 20 seconds left.\n|\n|t:|1788276988\n|move|p2a: Grimmsnarl|Reflect|p2a: Grimmsnarl\n|-sidestart|p2: Kk1pper1314|Reflect\n|move|p1a: Sneasler|Dire Claw|p2a: Grimmsnarl\n|-supereffective|p2a: Grimmsnarl|1\n|-damage|p2a: Grimmsnarl|43/100\n|-status|p2a: Grimmsnarl|psn\n|move|p2b: Archaludon|Dragon Pulse|p1a: Sneasler\n|-damage|p1a: Sneasler|51/100\n|move|p1b: Farigiraf|Thunderbolt|p2a: Grimmsnarl\n|-damage|p2a: Grimmsnarl|23/100 psn\n|\n|-damage|p2a: Grimmsnarl|11/100 psn|[from] psn\n|upkeep\n|turn|2\n|\n|t:|1788277012\n|move|p1a: Sneasler|Protect|p1a: Sneasler\n|-singleturn|p1a: Sneasler|Protect\n|move|p2a: Grimmsnarl|Light Screen|p2a: Grimmsnarl\n|-sidestart|p2: Kk1pper1314|move: Light Screen\n|move|p2b: Archaludon|Dragon Pulse|p1a: Sneasler\n|-activate|p1a: Sneasler|move: Protect\n|move|p1b: Farigiraf|Thunderbolt|p2a: Grimmsnarl\n|-damage|p2a: Grimmsnarl|0 fnt\n|faint|p2a: Grimmsnarl\n|\n|upkeep\n|\n|t:|1788277014\n|switch|p2a: Pelipper|Pelipper, L50, F|100/100\n|-weather|RainDance|[from] ability: Drizzle|[of] p2a: Pelipper\n|turn|3\n|\n|t:|1788277033\n|switch|p2a: Swampert|Swampert, L50, M|100/100\n|move|p2b: Archaludon|Protect|p2b: Archaludon\n|-singleturn|p2b: Archaludon|Protect\n|move|p1a: Sneasler|Dire Claw|p2a: Swampert\n|-resisted|p2a: Swampert|1\n|-damage|p2a: Swampert|85/100\n|move|p1b: Farigiraf|Thunderbolt|p2a: Swampert\n|-immune|p2a: Swampert\n|\n|-weather|RainDance|[upkeep]\n|upkeep\n|turn|4\n|inactive|bartcr0987 has 30 seconds left.\n|\n|t:|1788277058\n|detailschange|p2a: Swampert|Swampert-Mega, L50, M\n|-mega|p2a: Swampert|Swampert|Swampertite\n|move|p1a: Sneasler|Protect|p1a: Sneasler\n|-singleturn|p1a: Sneasler|Protect\n|move|p1b: Farigiraf|Protect|p1b: Farigiraf\n|-singleturn|p1b: Farigiraf|Protect\n|move|p2a: Swampert|Wave Crash|p1b: Farigiraf\n|-activate|p1b: Farigiraf|move: Protect\n|move|p2b: Archaludon|Electro Shot||[still]\n|-prepare|p2b: Archaludon|Electro Shot\n|-boost|p2b: Archaludon|spa|1\n|-anim|p2b: Archaludon|Electro Shot|p1b: Farigiraf\n|-activate|p1b: Farigiraf|move: Protect\n|\n|-weather|RainDance|[upkeep]\n|upkeep\n|turn|5\n|\n|t:|1788277080\n|move|p2a: Swampert|Wave Crash|p1b: Farigiraf\n|-damage|p1b: Farigiraf|6/100\n|-enditem|p1b: Farigiraf|Sitrus Berry|[eat]\n|-heal|p1b: Farigiraf|31/100|[from] item: Sitrus Berry\n|-damage|p2a: Swampert|50/100g|[from] Recoil\n|move|p1a: Sneasler|Close Combat|p2a: Swampert\n|-damage|p2a: Swampert|17/100\n|-unboost|p1a: Sneasler|def|1\n|-unboost|p1a: Sneasler|spd|1\n|move|p2b: Archaludon|Electro Shot||[still]\n|-prepare|p2b: Archaludon|Electro Shot\n|-boost|p2b: Archaludon|spa|1\n|-anim|p2b: Archaludon|Electro Shot|p1b: Farigiraf\n|-damage|p1b: Farigiraf|0 fnt\n|faint|p1b: Farigiraf\n|\n|-weather|RainDance|[upkeep]\n|upkeep\n|\n|t:|1788277091\n|switch|p1b: Kingambit|Kingambit, L50, F, shiny|100/100\n|turn|6\n|\n|t:|1788277113\n|move|p2a: Swampert|Protect|p2a: Swampert\n|-singleturn|p2a: Swampert|Protect\n|move|p1a: Sneasler|Protect|p1a: Sneasler\n|-singleturn|p1a: Sneasler|Protect\n|move|p1b: Kingambit|Sucker Punch||[still]\n|-fail|p1b: Kingambit\n|move|p2b: Archaludon|Electro Shot||[still]\n|-prepare|p2b: Archaludon|Electro Shot\n|-boost|p2b: Archaludon|spa|1\n|-anim|p2b: Archaludon|Electro Shot|p1b: Kingambit\n|-damage|p1b: Kingambit|3/100\n|\n|-weather|RainDance|[upkeep]\n|upkeep\n|turn|7\n|\n|t:|1788277135\n|switch|p2a: Pelipper|Pelipper, L50, F|100/100\n|move|p1b: Kingambit|Protect|p1b: Kingambit\n|-singleturn|p1b: Kingambit|Protect\n|move|p1a: Sneasler|Dire Claw|p2a: Pelipper\n|-damage|p2a: Pelipper|70/100\n|-status|p2a: Pelipper|psn\n|move|p2b: Archaludon|Electro Shot||[still]\n|-prepare|p2b: Archaludon|Electro Shot\n|-boost|p2b: Archaludon|spa|1\n|-anim|p2b: Archaludon|Electro Shot|p1a: Sneasler\n|-damage|p1a: Sneasler|0 fnt\n|faint|p1a: Sneasler\n|\n|-weather|none\n|-damage|p2a: Pelipper|58/100 psn|[from] psn\n|upkeep\n|\n|t:|1788277148\n|switch|p1a: Charizard|Charizard, L50, M, shiny|100/100\n|turn|8\n|inactive|bartcr0987 has 30 seconds left.\n|\n|t:|1788277183\n|move|p1a: Charizard|Protect|p1a: Charizard\n|-singleturn|p1a: Charizard|Protect\n|move|p2b: Archaludon|Dragon Pulse|p1b: Kingambit\n|-resisted|p1b: Kingambit|1\n|-damage|p1b: Kingambit|0 fnt\n|faint|p1b: Kingambit\n|move|p2a: Pelipper|Tailwind|p2a: Pelipper\n|-sidestart|p2: Kk1pper1314|move: Tailwind\n|\n|-damage|p2a: Pelipper|46/100 psn|[from] psn\n|-sideend|p2: Kk1pper1314|Reflect\n|upkeep\n|-enditem|p2a: Pelipper|Sitrus Berry|[eat]\n|-heal|p2a: Pelipper|71/100 psn|[from] item: Sitrus Berry\n|turn|9\n|\n|t:|1788277194\n|switch|p2a: Swampert|Swampert-Mega, L50, M|17/100\n|detailschange|p1a: Charizard|Charizard-Mega-Y, L50, M, shiny\n|-mega|p1a: Charizard|Charizard|Charizardite Y\n|-weather|SunnyDay|[from] ability: Drought|[of] p1a: Charizard\n|move|p2b: Archaludon|Dragon Pulse|p1a: Charizard\n|-damage|p1a: Charizard|4/100\n|move|p1a: Charizard|Heat Wave|p2b: Archaludon|[spread] p2a,p2b\n|-resisted|p2a: Swampert|1\n|-damage|p2a: Swampert|0 fnt\n|-damage|p2b: Archaludon|65/100\n|-ability|p2b: Archaludon|Stamina|boost\n|-boost|p2b: Archaludon|def|1\n|faint|p2a: Swampert\n|\n|-weather|SunnyDay|[upkeep]\n|-heal|p2b: Archaludon|71/100|[from] item: Leftovers\n|-sideend|p2: Kk1pper1314|move: Light Screen\n|upkeep\n|\n|t:|1788277199\n|switch|p2a: Pelipper|Pelipper, L50, F|71/100 psn\n|-weather|RainDance|[from] ability: Drizzle|[of] p2a: Pelipper\n|turn|10\n|\n|t:|1788277204\n|move|p1a: Charizard|Protect|p1a: Charizard\n|-singleturn|p1a: Charizard|Protect\n|move|p2b: Archaludon|Electro Shot||[still]\n|-prepare|p2b: Archaludon|Electro Shot\n|-boost|p2b: Archaludon|spa|1\n|-anim|p2b: Archaludon|Electro Shot|p1a: Charizard\n|-activate|p1a: Charizard|move: Protect\n|move|p2a: Pelipper|Weather Ball|p1a: Charizard\n|-activate|p1a: Charizard|move: Protect\n|\n|-weather|RainDance|[upkeep]\n|-heal|p2b: Archaludon|78/100|[from] item: Leftovers\n|-damage|p2a: Pelipper|59/100 psn|[from] psn\n|upkeep\n|turn|11\n|-message|bartcr0987 forfeited.\n|\n|win|Kk1pper1314\n||bartcr0987 is ready for game 2.\n|inactive|Kk1pper1314 has 30 seconds to confirm battle start!\n||Kk1pper1314 is ready for game 2.\n|uhtml|next|Next: <a href=\"/battle-gen9championsvgc2026regmbbo3-2673920143\"><strong>Game 2 of 3</strong></a>\n|l|☆Kk1pper1314\n|player|p2|\n","uploadtime":1788277617,"views":"9","formatid":"gen9championsvgc2026regmbbo3","rating":null,"private":0,"password":null}