{"id":"gen9championsvgc2026regmbbo3-2674435854","format":"[Gen 9 Champions] VGC 2026 Reg M-B (Bo3)","players":["Joriot","Jorgitomyte331"],"log":"|j|☆Joriot\n|j|☆Jorgitomyte331\n|html|<table width=\"100%\"><tr><td align=\"left\">Joriot</td><td align=\"right\">Jorgitomyte331</tr><tr><td align=\"left\"><i class=\"fa fa-circle\"></i> <i class=\"fa fa-circle-o\"></i> </td><td align=\"right\"><i class=\"fa fa-circle-o\"></i> <i class=\"fa fa-circle-o\"></i> </tr></table>\n|uhtml|bestof|<h2><strong>Game 2</strong> of <a href=\"/game-bestof3-gen9championsvgc2026regmbbo3-2674432890\">a best-of-3</a></h2>\n|t:|1788359550\n|gametype|doubles\n|player|p1|Joriot|265|1287\n|player|p2|Jorgitomyte331|silver|1388\n|gen|9\n|tier|[Gen 9 Champions] VGC 2026 Reg M-B (Bo3)\n|rated|\n|rule|Species Clause: Limit one of each Pokémon\n|rule|Item Clause: Limit 1 of each item\n|clearpoke\n|poke|p1|Ninetales-Alola, L50, M, shiny|\n|poke|p1|Incineroar, L50, F|\n|poke|p1|Dragonite, L50, M, shiny|\n|poke|p1|Sneasler, L50, F|\n|poke|p1|Gengar, L50, M, shiny|\n|poke|p1|Swampert, L50, F|\n|poke|p2|Tsareena, L50, F|\n|poke|p2|Kingambit, L50, F|\n|poke|p2|Sylveon, L50, M|\n|poke|p2|Aerodactyl, L50, F|\n|poke|p2|Raichu, L50, M|\n|poke|p2|Sneasler, L50, M|\n|teampreview|4\n|showteam|p1|Ninetales-Alola||ChoiceScarf|SnowWarning|Blizzard,FreezeDry,IcyWind,Encore|Timid||M|||50|]Incineroar||SitrusBerry|Intimidate|FlareBlitz,ThroatChop,FakeOut,PartingShot|Impish||F|||50|]Dragonite||LifeOrb|InnerFocus|DragonClaw,Superpower,ExtremeSpeed,Protect|Adamant||M|||50|]Sneasler||FocusSash|Unburden|CloseCombat,DireClaw,RockSlide,Protect|Adamant||F|||50|]Gengar||Gengarite|CursedBody|SludgeBomb,ShadowBall,Substitute,Protect|Timid||M|||50|]Swampert||Leftovers|Torrent|HighHorsepower,FlipTurn,Yawn,Protect|Relaxed||F|||50|\n|showteam|p2|Tsareena||FocusSash|QueenlyMajesty|PowerWhip,LowKick,TripleAxel,Protect|Jolly||F|||50|]Kingambit||LifeOrb|Defiant|KowtowCleave,SuckerPunch,SwordsDance,Protect|Adamant||F|||50|]Sylveon||FairyFeather|Pixilate|HyperVoice,Yawn,HyperBeam,Detect|Modest||M|||50|]Aerodactyl||Aerodactylite|Unnerve|DualWingbeat,RockSlide,Tailwind,Protect|Jolly||F|||50|]Raichu||RaichuniteY|LightningRod|ZapCannon,FocusBlast,FakeOut,Protect|Timid||M|||50|]Sneasler||WhiteHerb|Unburden|FakeOut,CloseCombat,DireClaw,Protect|Jolly||M|||50|\n|\n|t:|1788359565\n|teamsize|p1|4\n|teamsize|p2|4\n|start\n|switch|p1a: Gengar|Gengar, L50, M, shiny|100/100\n|switch|p1b: Swampert|Swampert, L50, F|100/100\n|switch|p2a: Raichu|Raichu, L50, M|100/100\n|switch|p2b: Kingambit|Kingambit, L50, F|100/100\n|turn|1\n|\n|t:|1788359639\n|switch|p1a: Dragonite|Dragonite, L50, M, shiny|100/100\n|detailschange|p2a: Raichu|Raichu-Mega-Y, L50, M\n|-mega|p2a: Raichu|Raichu|Raichunite Y\n|move|p2a: Raichu|Zap Cannon|p1a: Dragonite\n|-damage|p1a: Dragonite|43/100\n|-status|p1a: Dragonite|par\n|move|p1b: Swampert|High Horsepower|p2a: Raichu\n|-supereffective|p2a: Raichu|1\n|-damage|p2a: Raichu|0 fnt\n|faint|p2a: Raichu\n|move|p2b: Kingambit|Swords Dance|p2b: Kingambit\n|-boost|p2b: Kingambit|atk|2\n|\n|upkeep\n|\n|t:|1788359652\n|switch|p2a: Tsareena|Tsareena, L50, F|100/100\n|turn|2\n|\n|t:|1788359676\n|switch|p1b: Incineroar|Incineroar, L50, F|100/100\n|-ability|p1b: Incineroar|Intimidate|boost\n|-unboost|p2a: Tsareena|atk|1\n|-unboost|p2b: Kingambit|atk|1\n|-ability|p2b: Kingambit|Defiant|boost\n|-boost|p2b: Kingambit|atk|2\n|move|p2a: Tsareena|Power Whip|p1b: Incineroar\n|-resisted|p1b: Incineroar|1\n|-damage|p1b: Incineroar|84/100\n|move|p2b: Kingambit|Kowtow Cleave|p1a: Dragonite\n|-damage|p1a: Dragonite|0 fnt\n|faint|p1a: Dragonite\n|-damage|p2b: Kingambit|90/100|[from] item: Life Orb\n|\n|upkeep\n|\n|t:|1788359693\n|switch|p1a: Swampert|Swampert, L50, F|100/100\n|turn|3\n|\n|t:|1788359735\n|move|p1a: Swampert|Protect|p1a: Swampert\n|-singleturn|p1a: Swampert|Protect\n|move|p2b: Kingambit|Protect|p2b: Kingambit\n|-singleturn|p2b: Kingambit|Protect\n|move|p2a: Tsareena|Power Whip|p1a: Swampert\n|-activate|p1a: Swampert|move: Protect\n|move|p1b: Incineroar|Flare Blitz|p2b: Kingambit\n|-activate|p2b: Kingambit|move: Protect\n|\n|upkeep\n|turn|4\n|\n|t:|1788359747\n|move|p2b: Kingambit|Sucker Punch|p1b: Incineroar\n|-resisted|p1b: Incineroar|1\n|-damage|p1b: Incineroar|34/100\n|-enditem|p1b: Incineroar|Sitrus Berry|[eat]\n|-heal|p1b: Incineroar|58/100|[from] item: Sitrus Berry\n|-damage|p2b: Kingambit|80/100|[from] item: Life Orb\n|move|p2a: Tsareena|Low Kick|p1b: Incineroar\n|-supereffective|p1b: Incineroar|1\n|-damage|p1b: Incineroar|33/100\n|move|p1b: Incineroar|Flare Blitz|p2b: Kingambit\n|-supereffective|p2b: Kingambit|1\n|-damage|p2b: Kingambit|7/100\n|-damage|p1b: Incineroar|8/100|[from] Recoil\n|move|p1a: Swampert|Yawn|p2b: Kingambit\n|-start|p2b: Kingambit|move: Yawn|[of] p1a: Swampert\n|\n|upkeep\n|turn|5\n|\n|t:|1788359775\n|switch|p2b: Aerodactyl|Aerodactyl, L50, F|100/100\n|-ability|p2b: Aerodactyl|Unnerve\n|move|p1a: Swampert|Protect|p1a: Swampert\n|-singleturn|p1a: Swampert|Protect\n|move|p2a: Tsareena|Low Kick|p1b: Incineroar\n|-supereffective|p1b: Incineroar|1\n|-damage|p1b: Incineroar|0 fnt\n|faint|p1b: Incineroar\n|\n|upkeep\n|\n|t:|1788359783\n|switch|p1b: Gengar|Gengar, L50, M, shiny|100/100\n|turn|6\n|\n|t:|1788359799\n|detailschange|p1b: Gengar|Gengar-Mega, L50, M, shiny\n|-mega|p1b: Gengar|Gengar|Gengarite\n|move|p2b: Aerodactyl|Rock Slide|p1a: Swampert|[spread] p1a,p1b\n|-resisted|p1a: Swampert|1\n|-damage|p1a: Swampert|91/100\n|-damage|p1b: Gengar|69/100\n|move|p1b: Gengar|Sludge Bomb|p2a: Tsareena\n|-supereffective|p2a: Tsareena|1\n|-enditem|p2a: Tsareena|Focus Sash\n|-damage|p2a: Tsareena|1/100\n|move|p2a: Tsareena|Power Whip|p1a: Swampert\n|-supereffective|p1a: Swampert|2\n|-damage|p1a: Swampert|0 fnt\n|faint|p1a: Swampert\n|\n|upkeep\n|turn|7\n|-message|Joriot forfeited.\n|\n|win|Jorgitomyte331\n||Joriot is ready for game 3.\n||Jorgitomyte331 is ready for game 3.\n|uhtml|next|Next: <a href=\"/battle-gen9championsvgc2026regmbbo3-2674438079\"><strong>Game 3 of 3</strong></a>\n|l|☆Jorgitomyte331\n|player|p2|\n","uploadtime":1788360029,"views":"1","formatid":"gen9championsvgc2026regmbbo3","rating":null,"private":0,"password":null}