{"id":"gen9championsvgc2026regmb-2674303908","format":"[Gen 9 Champions] VGC 2026 Reg M-B","players":["divoscup","Nightmare1023"],"log":"|j|☆divoscup\n|j|☆Nightmare1023\n|t:|1788336287\n|gametype|doubles\n|player|p1|divoscup|hugh|1484\n|player|p2|Nightmare1023|1|1465\n|gen|9\n|tier|[Gen 9 Champions] VGC 2026 Reg M-B\n|rated|\n|rule|Species Clause: Limit one of each Pokémon\n|rule|Item Clause: Limit 1 of each item\n|clearpoke\n|poke|p1|Raichu, L50, F, shiny|\n|poke|p1|Tsareena, L50, F, shiny|\n|poke|p1|Basculegion, L50, M|\n|poke|p1|Garchomp, L50, F|\n|poke|p1|Kingambit, L50, M|\n|poke|p1|Charizard, L50, F, shiny|\n|poke|p2|Whimsicott, L50, F|\n|poke|p2|Tyranitar, L50, M|\n|poke|p2|Basculegion, L50, M|\n|poke|p2|Charizard, L50, M|\n|poke|p2|Kingambit, L50, F|\n|poke|p2|Floette-Eternal, L50, F|\n|teampreview|4\n|inactive|Battle timer is ON: inactive players will automatically lose when time's up. (requested by Nightmare1023)\n|inactive|divoscup has 60 seconds left.\n|\n|t:|1788336382\n|teamsize|p1|4\n|teamsize|p2|4\n|start\n|switch|p1a: Charizard|Charizard, L50, F, shiny|100/100\n|switch|p1b: Garchomp|Garchomp, L50, F|100/100\n|switch|p2a: Whimsicott|Whimsicott, L50, F|100/100\n|switch|p2b: Basculegion|Basculegion, L50, M|100/100\n|turn|1\n|inactive|divoscup has 30 seconds left.\n|inactive|divoscup has 20 seconds left.\n|\n|t:|1788336420\n|detailschange|p1a: Charizard|Charizard-Mega-Y, L50, F, shiny\n|-mega|p1a: Charizard|Charizard|Charizardite Y\n|-weather|SunnyDay|[from] ability: Drought|[of] p1a: Charizard\n|move|p1a: Charizard|Protect|p1a: Charizard\n|-singleturn|p1a: Charizard|Protect\n|move|p2b: Basculegion|Protect|p2b: Basculegion\n|-singleturn|p2b: Basculegion|Protect\n|move|p2a: Whimsicott|Tailwind|p2a: Whimsicott\n|-sidestart|p2: Nightmare1023|move: Tailwind\n|move|p1b: Garchomp|Earthquake|p2b: Basculegion|[spread] p2a\n|-activate|p1a: Charizard|move: Protect\n|-activate|p2b: Basculegion|move: Protect\n|-resisted|p2a: Whimsicott|1\n|-damage|p2a: Whimsicott|62/100\n|-damage|p1b: Garchomp|90/100|[from] item: Life Orb\n|\n|-weather|SunnyDay|[upkeep]\n|upkeep\n|turn|2\n|inactive|divoscup has 30 seconds left.\n|inactive|divoscup has 20 seconds left.\n|\n|t:|1788336459\n|switch|p2b: Tyranitar|Tyranitar, L50, M|100/100\n|-weather|Sandstorm|[from] ability: Sand Stream|[of] p2b: Tyranitar\n|move|p2a: Whimsicott|Moonblast|p1b: Garchomp\n|-supereffective|p1b: Garchomp|1\n|-damage|p1b: Garchomp|5/100\n|move|p1b: Garchomp|Stomping Tantrum|p2b: Tyranitar\n|-supereffective|p2b: Tyranitar|1\n|-damage|p2b: Tyranitar|1/100\n|-damage|p1b: Garchomp|0 fnt|[from] item: Life Orb\n|faint|p1b: Garchomp\n|move|p1a: Charizard|Heat Wave|p2b: Tyranitar|[spread] p2a,p2b\n|-supereffective|p2a: Whimsicott|1\n|-crit|p2a: Whimsicott\n|-resisted|p2b: Tyranitar|1\n|-damage|p2a: Whimsicott|0 fnt\n|-damage|p2b: Tyranitar|0 fnt\n|faint|p2a: Whimsicott\n|faint|p2b: Tyranitar\n|\n|-weather|Sandstorm|[upkeep]\n|-damage|p1a: Charizard|93/100|[from] Sandstorm\n|upkeep\n|inactive|divoscup has 30 seconds left.\n|\n|t:|1788336491\n|switch|p2a: Floette|Floette-Eternal, L50, F|100/100\n|switch|p1b: Tsareena|Tsareena, L50, F, shiny|100/100\n|switch|p2b: Basculegion|Basculegion, L50, M|100/100\n|turn|3\n|inactive|divoscup has 30 seconds left.\n|inactive|divoscup has 20 seconds left.\n|inactive|divoscup has 15 seconds left.\n|\n|t:|1788336546\n|switch|p1a: Basculegion|Basculegion, L50, M|100/100\n|detailschange|p2a: Floette|Floette-Mega, L50, F\n|-mega|p2a: Floette|Floette|Floettite\n|-ability|p2a: Floette|Fairy Aura\n|move|p1b: Tsareena|Protect|p1b: Tsareena\n|-singleturn|p1b: Tsareena|Protect\n|move|p2a: Floette|Light of Ruin|p1b: Tsareena\n|-activate|p1b: Tsareena|move: Protect\n|move|p2b: Basculegion|Wave Crash|p1a: Basculegion\n|-resisted|p1a: Basculegion|1\n|-damage|p1a: Basculegion|39/100\n|-damage|p2b: Basculegion|79/100|[from] Recoil\n|-damage|p2b: Basculegion|70/100|[from] item: Life Orb\n|\n|-weather|Sandstorm|[upkeep]\n|-damage|p2a: Floette|94/100|[from] Sandstorm\n|-damage|p2b: Basculegion|64/100|[from] Sandstorm\n|-damage|p1a: Basculegion|32/100|[from] Sandstorm\n|-damage|p1b: Tsareena|94/100|[from] Sandstorm\n|upkeep\n|turn|4\n|inactive|divoscup has 30 seconds left.\n|inactive|divoscup has 20 seconds left.\n|inactive|divoscup has 15 seconds left.\n|inactive|divoscup has 10 seconds left.\n|inactive|divoscup has 5 seconds left.\n|\n|t:|1788336600\n|switch|p1a: Charizard|Charizard-Mega-Y, L50, F, shiny|93/100\n|-weather|SunnyDay|[from] ability: Drought|[of] p1a: Charizard\n|move|p1b: Tsareena|Protect||[still]\n|-fail|p1b: Tsareena\n|move|p2a: Floette|Dazzling Gleam|p1a: Charizard|[spread] p1a,p1b\n|-resisted|p1a: Charizard|1\n|-damage|p1a: Charizard|73/100\n|-damage|p1b: Tsareena|45/100\n|move|p2b: Basculegion|Last Respects|p1b: Tsareena\n|-damage|p1b: Tsareena|0 fnt\n|faint|p1b: Tsareena\n|-damage|p2b: Basculegion|54/100|[from] item: Life Orb\n|\n|-weather|SunnyDay|[upkeep]\n|-sideend|p2: Nightmare1023|move: Tailwind\n|upkeep\n|\n|t:|1788336612\n|switch|p1b: Basculegion|Basculegion, L50, M|32/100\n|turn|5\n|\n|t:|1788336626\n|move|p2b: Basculegion|Protect|p2b: Basculegion\n|-singleturn|p2b: Basculegion|Protect\n|move|p1b: Basculegion|Last Respects|p2a: Floette\n|-damage|p2a: Floette|0 fnt\n|faint|p2a: Floette\n|move|p1a: Charizard|Solar Beam||[still]\n|-prepare|p1a: Charizard|Solar Beam\n|-anim|p1a: Charizard|Solar Beam|p2b: Basculegion\n|-activate|p2b: Basculegion|move: Protect\n|\n|-weather|SunnyDay|[upkeep]\n|upkeep\n|turn|6\n|-message|Nightmare1023 forfeited.\n|\n|win|divoscup\n|raw|divoscup's rating: 1484 &rarr; <strong>1503</strong><br />(+19 for winning)\n|raw|Nightmare1023's rating: 1465 &rarr; <strong>1446</strong><br />(-19 for losing)\n|l|☆Nightmare1023\n|player|p2|\n","uploadtime":1788336635,"views":"1","formatid":"gen9championsvgc2026regmb","rating":1446,"private":0,"password":null}