{"id":"gen9championsvgc2026regmb-2674256171","format":"[Gen 9 Champions] VGC 2026 Reg M-B","players":["PandAA0101","Thornlace48812"],"log":"|j|☆PandAA0101\n|j|☆Thornlace48812\n|t:|1788324671\n|gametype|doubles\n|player|p1|PandAA0101|youngster-gen4dp|1085\n|player|p2|Thornlace48812|1|1165\n|gen|9\n|tier|[Gen 9 Champions] VGC 2026 Reg M-B\n|rated|\n|rule|Species Clause: Limit one of each Pokémon\n|rule|Item Clause: Limit 1 of each item\n|clearpoke\n|poke|p1|Torkoal, L50, F|\n|poke|p1|Farigiraf, L50, F|\n|poke|p1|Garchomp, L50, F|\n|poke|p1|Azumarill, L50, F|\n|poke|p1|Incineroar, L50, M|\n|poke|p1|Tyranitar, L50, M|\n|poke|p2|Garchomp, L50, M|\n|poke|p2|Charizard, L50, M|\n|poke|p2|Whimsicott, L50, F|\n|poke|p2|Sylveon, L50, F|\n|poke|p2|Kingambit, L50, F|\n|poke|p2|Basculegion, L50, M|\n|teampreview|4\n|inactive|Battle timer is ON: inactive players will automatically lose when time's up. (requested by Thornlace48812)\nThornlace48812 rejected open team sheets.\n|\n|t:|1788324695\n|teamsize|p1|4\n|teamsize|p2|4\n|start\n|switch|p1a: Farigiraf|Farigiraf, L50, F|100/100\n|switch|p1b: Incineroar|Incineroar, L50, M|100/100\n|switch|p2a: Whimsicott|Whimsicott, L50, F|100/100\n|switch|p2b: Charizard|Charizard, L50, M|100/100\n|-ability|p1b: Incineroar|Intimidate|boost\n|-unboost|p2a: Whimsicott|atk|1\n|-unboost|p2b: Charizard|atk|1\n|turn|1\n|\n|t:|1788324703\n|switch|p2a: Sylveon|Sylveon, L50, F|100/100\n|detailschange|p2b: Charizard|Charizard-Mega-Y, L50, M\n|-mega|p2b: Charizard|Charizard|Charizardite Y\n|-weather|SunnyDay|[from] ability: Drought|[of] p2b: Charizard\n|move|p1b: Incineroar|Fake Out|p2a: Sylveon\n|-damage|p2a: Sylveon|85/100\n|move|p2b: Charizard|Heat Wave|p1b: Incineroar|[spread] p1a,p1b\n|-resisted|p1b: Incineroar|1\n|-damage|p1a: Farigiraf|17/100\n|-damage|p1b: Incineroar|66/100\n|-enditem|p1a: Farigiraf|Sitrus Berry|[eat]\n|-heal|p1a: Farigiraf|42/100|[from] item: Sitrus Berry\n|move|p1a: Farigiraf|Trick Room|p1a: Farigiraf\n|-fieldstart|move: Trick Room|[of] p1a: Farigiraf\n|\n|-weather|SunnyDay|[upkeep]\n|upkeep\n|turn|2\n|\n|t:|1788324718\n|move|p1a: Farigiraf|Protect|p1a: Farigiraf\n|-singleturn|p1a: Farigiraf|Protect\n|move|p2b: Charizard|Protect|p2b: Charizard\n|-singleturn|p2b: Charizard|Protect\n|move|p1b: Incineroar|Parting Shot|p2a: Sylveon\n|-unboost|p2a: Sylveon|atk|1\n|-unboost|p2a: Sylveon|spa|1\n|\n|t:|1788324727\n|switch|p1b: Azumarill|Azumarill, L50, F|100/100|[from] Parting Shot\n|move|p2a: Sylveon|Hyper Voice|p1a: Farigiraf|[spread] p1b\n|-activate|p1a: Farigiraf|move: Protect\n|-damage|p1b: Azumarill|56/100\n|\n|-weather|SunnyDay|[upkeep]\n|upkeep\n|turn|3\n|inactive|PandAA0101 has 30 seconds left.\n|inactive|PandAA0101 has 20 seconds left.\n|\n|t:|1788324763\n|move|p1a: Farigiraf|Helping Hand|p1b: Azumarill\n|-singleturn|p1b: Azumarill|Helping Hand|[of] p1a: Farigiraf\n|move|p1b: Azumarill|Liquidation|p2b: Charizard\n|-supereffective|p2b: Charizard|1\n|-damage|p2b: Charizard|37/100\n|-unboost|p2b: Charizard|def|1\n|move|p2a: Sylveon|Hyper Voice|p1a: Farigiraf|[spread] p1a,p1b\n|-damage|p1a: Farigiraf|1/100\n|-damage|p1b: Azumarill|17/100\n|move|p2b: Charizard|Heat Wave|p1b: Azumarill|[spread] p1a\n|-miss|p2b: Charizard|p1b: Azumarill\n|-crit|p1a: Farigiraf\n|-damage|p1a: Farigiraf|0 fnt\n|faint|p1a: Farigiraf\n|\n|-weather|SunnyDay|[upkeep]\n|upkeep\n|\n|t:|1788324779\n|switch|p1a: Incineroar|Incineroar, L50, M|66/100\n|-ability|p1a: Incineroar|Intimidate|boost\n|-unboost|p2a: Sylveon|atk|1\n|-unboost|p2b: Charizard|atk|1\n|turn|4\n|\n|t:|1788324794\n|switch|p2b: Whimsicott|Whimsicott, L50, F|100/100\n|move|p1a: Incineroar|Fake Out|p2a: Sylveon\n|-damage|p2a: Sylveon|70/100\n|move|p1b: Azumarill|Play Rough|p2b: Whimsicott\n|-damage|p2b: Whimsicott|44/100\n|cant|p2a: Sylveon|flinch\n|\n|-weather|SunnyDay|[upkeep]\n|upkeep\n|turn|5\n|inactive|PandAA0101 has 30 seconds left.\n|\n|t:|1788324820\n|move|p2b: Whimsicott|Tailwind|p2b: Whimsicott\n|-sidestart|p2: Thornlace48812|move: Tailwind\n|move|p1b: Azumarill|Liquidation|p2b: Whimsicott\n|-resisted|p2b: Whimsicott|1\n|-damage|p2b: Whimsicott|31/100\n|move|p1a: Incineroar|Flare Blitz|p2b: Whimsicott\n|-supereffective|p2b: Whimsicott|1\n|-damage|p2b: Whimsicott|0 fnt\n|faint|p2b: Whimsicott\n|-damage|p1a: Incineroar|58/100|[from] Recoil\n|move|p2a: Sylveon|Hyper Voice|p1b: Azumarill|[spread] p1a,p1b\n|-damage|p1a: Incineroar|22/100\n|-damage|p1b: Azumarill|0 fnt\n|faint|p1b: Azumarill\n|\n|-weather|none\n|-fieldend|move: Trick Room\n|upkeep\n|\n|t:|1788324834\n|switch|p2b: Basculegion|Basculegion, L50, M|100/100\n|switch|p1b: Tyranitar|Tyranitar, L50, M|100/100\n|-weather|Sandstorm|[from] ability: Sand Stream|[of] p1b: Tyranitar\n|turn|6\n|\n|t:|1788324854\n|detailschange|p1b: Tyranitar|Tyranitar-Mega, L50, M\n|-mega|p1b: Tyranitar|Tyranitar|Tyranitarite\n|move|p2b: Basculegion|Wave Crash|p1a: Incineroar\n|-supereffective|p1a: Incineroar|1\n|-enditem|p1a: Incineroar|Passho Berry|[eat]\n|-enditem|p1a: Incineroar|Passho Berry|[weaken]\n|-damage|p1a: Incineroar|0 fnt\n|faint|p1a: Incineroar\n|-damage|p2b: Basculegion|93/100|[from] Recoil\n|move|p2a: Sylveon|Hyper Voice|p1b: Tyranitar\n|-supereffective|p1b: Tyranitar|1\n|-damage|p1b: Tyranitar|44/100\n|move|p1b: Tyranitar|Rock Slide|p2b: Basculegion|[spread] p2a,p2b\n|-damage|p2a: Sylveon|30/100\n|-damage|p2b: Basculegion|61/100\n|\n|-weather|Sandstorm|[upkeep]\n|-damage|p2b: Basculegion|55/100|[from] Sandstorm\n|-damage|p2a: Sylveon|25/100|[from] Sandstorm\n|upkeep\n|turn|7\n|\n|t:|1788324870\n|move|p2b: Basculegion|Last Respects|p1b: Tyranitar\n|-resisted|p1b: Tyranitar|1\n|-damage|p1b: Tyranitar|22/100\n|move|p2a: Sylveon|Hyper Voice|p1b: Tyranitar\n|-supereffective|p1b: Tyranitar|1\n|-damage|p1b: Tyranitar|0 fnt\n|faint|p1b: Tyranitar\n|\n|win|Thornlace48812\n|raw|PandAA0101's rating: 1085 &rarr; <strong>1061</strong><br />(-24 for losing)\n|raw|Thornlace48812's rating: 1072 &rarr; <strong>1102</strong><br />(+30 for winning)\n","uploadtime":1788324870,"views":"0","formatid":"gen9championsvgc2026regmb","rating":1061,"private":0,"password":null}