{"id":"gen9championsvgc2026regmb-2674612849","format":"[Gen 9 Champions] VGC 2026 Reg M-B","players":["Captain Clean 13","chumman11"],"log":"|j|☆Captain Clean 13\n|j|☆chumman11\n|t:|1788380284\n|gametype|doubles\n|player|p1|Captain Clean 13|steven|1450\n|player|p2|chumman11|hoopster|1387\n|gen|9\n|tier|[Gen 9 Champions] VGC 2026 Reg M-B\n|rated|\n|rule|Species Clause: Limit one of each Pokémon\n|rule|Item Clause: Limit 1 of each item\n|clearpoke\n|poke|p1|Incineroar, L50, M|\n|poke|p1|Mawile, L50, F|\n|poke|p1|Farigiraf, L50, M|\n|poke|p1|Gallade, L50, M, shiny|\n|poke|p1|Maushold-Four, L50|\n|poke|p1|Kingambit, L50, F, shiny|\n|poke|p2|Annihilape, L50, F|\n|poke|p2|Maushold, L50|\n|poke|p2|Garchomp, L50, F|\n|poke|p2|Ninetales-Alola, L50, M|\n|poke|p2|Sinistcha, L50|\n|poke|p2|Mawile, L50, F|\n|teampreview|4\n|inactive|Battle timer is ON: inactive players will automatically lose when time's up. (requested by Captain Clean 13)\n|c|☆Captain Clean 13|glhf!\n|inactive|Captain Clean 13 has 60 seconds left.\n|inactive|Captain Clean 13 has 30 seconds left.\n|\n|t:|1788380347\n|teamsize|p1|4\n|teamsize|p2|4\n|start\n|switch|p1a: Maushold|Maushold-Four, L50|100/100\n|switch|p1b: Pure Vessel|Gallade, L50, M, shiny|100/100\n|switch|p2a: Annihilape|Annihilape, L50, F|100/100\n|switch|p2b: Maushold|Maushold, L50|100/100\n|turn|1\n|c|☆Captain Clean 13|lol\n|inactive|chumman11 has 30 seconds left.\n|c|☆chumman11|erm\n|inactive|chumman11 has 20 seconds left.\n|\n|t:|1788380383\n|move|p1a: Maushold|Follow Me|p1a: Maushold\n|-singleturn|p1a: Maushold|move: Follow Me\n|move|p2b: Maushold|Follow Me|p2b: Maushold\n|-singleturn|p2b: Maushold|move: Follow Me\n|move|p1b: Pure Vessel|Psycho Cut|p2b: Maushold\n|-damage|p2b: Maushold|72/100\n|move|p2a: Annihilape|Bulk Up|p2a: Annihilape\n|-boost|p2a: Annihilape|atk|1\n|-boost|p2a: Annihilape|def|1\n|\n|upkeep\n|turn|2\n|c|☆Captain Clean 13|awkward\n|\n|t:|1788380406\n|move|p2b: Maushold|Follow Me|p2b: Maushold\n|-singleturn|p2b: Maushold|move: Follow Me\n|move|p1a: Maushold|Taunt|p2b: Maushold\n|-start|p2b: Maushold|move: Taunt\n|move|p1b: Pure Vessel|Psycho Cut|p2b: Maushold\n|-damage|p2b: Maushold|44/100\n|move|p2a: Annihilape|Bulk Up|p2a: Annihilape\n|-boost|p2a: Annihilape|atk|1\n|-boost|p2a: Annihilape|def|1\n|\n|upkeep\n|turn|3\n|inactive|chumman11 has 30 seconds left.\n|inactive|chumman11 has 20 seconds left.\n|\n|t:|1788380446\n|switch|p2b: Garchomp|Garchomp, L50, F|100/100\n|move|p2a: Annihilape|Protect|p2a: Annihilape\n|-singleturn|p2a: Annihilape|Protect\n|move|p1a: Maushold|Beat Up|p1b: Pure Vessel\n|-damage|p1b: Pure Vessel|97/100\n|-ability|p1b: Pure Vessel|Justified|boost\n|-boost|p1b: Pure Vessel|atk|1\n|-damage|p1b: Pure Vessel|93/100\n|-ability|p1b: Pure Vessel|Justified|boost\n|-boost|p1b: Pure Vessel|atk|1\n|-damage|p1b: Pure Vessel|89/100\n|-ability|p1b: Pure Vessel|Justified|boost\n|-boost|p1b: Pure Vessel|atk|1\n|-damage|p1b: Pure Vessel|86/100\n|-ability|p1b: Pure Vessel|Justified|boost\n|-boost|p1b: Pure Vessel|atk|1\n|-hitcount|p1b: Pure Vessel|4\n|move|p1b: Pure Vessel|Psycho Cut|p2a: Annihilape\n|-activate|p2a: Annihilape|move: Protect\n|\n|upkeep\n|turn|4\n|inactive|chumman11 has 30 seconds left.\n|c|☆Captain Clean 13|this would be a great time to get my first ever crit with Psycho Cut\n|inactive|chumman11 has 20 seconds left.\n|\n|t:|1788380485\n|detailschange|p1b: Pure Vessel|Gallade-Mega, L50, M, shiny\n|-mega|p1b: Pure Vessel|Gallade|Galladite\n|move|p2a: Annihilape|Protect|p2a: Annihilape\n|-singleturn|p2a: Annihilape|Protect\n|move|p1a: Maushold|Follow Me|p1a: Maushold\n|-singleturn|p1a: Maushold|move: Follow Me\n|move|p1b: Pure Vessel|Psycho Cut|p2a: Annihilape\n|-activate|p2a: Annihilape|move: Protect\n|move|p2b: Garchomp|Rock Slide|p1a: Maushold|[spread] p1a,p1b\n|-resisted|p1b: Pure Vessel|1\n|-damage|p1a: Maushold|67/100\n|-damage|p1b: Pure Vessel|76/100\n|-damage|p2b: Garchomp|90/100|[from] item: Life Orb\n|\n|upkeep\n|turn|5\n|inactive|chumman11 has 30 seconds left.\n|\n|t:|1788380519\n|move|p1a: Maushold|Follow Me|p1a: Maushold\n|-singleturn|p1a: Maushold|move: Follow Me\n|move|p1b: Pure Vessel|Psycho Cut|p2a: Annihilape\n|-supereffective|p2a: Annihilape|1\n|-crit|p2a: Annihilape\n|-damage|p2a: Annihilape|0 fnt\n|faint|p2a: Annihilape\n|move|p2b: Garchomp|Dragon Claw|p1a: Maushold\n|-crit|p1a: Maushold\n|-damage|p1a: Maushold|0 fnt\n|faint|p1a: Maushold\n|-damage|p2b: Garchomp|80/100|[from] item: Life Orb\n|\n|upkeep\n|c|☆chumman11|lol\n|c|☆Captain Clean 13|lovely\n|c|☆chumman11|fair enough\n|\n|t:|1788380537\n|switch|p1a: Her Majesty|Kingambit, L50, F, shiny|100/100\n|switch|p2a: Maushold|Maushold, L50|44/100\n|turn|6\n|c|☆Captain Clean 13|I wonder if that mattered\n|\n|t:|1788380556\n|move|p2a: Maushold|Follow Me|p2a: Maushold\n|-singleturn|p2a: Maushold|move: Follow Me\n|move|p1b: Pure Vessel|Drain Punch|p2a: Maushold\n|-supereffective|p2a: Maushold|1\n|-enditem|p2a: Maushold|Chople Berry|[eat]\n|-enditem|p2a: Maushold|Chople Berry|[weaken]\n|-damage|p2a: Maushold|0 fnt\n|-heal|p1b: Pure Vessel|99/100|[from] drain|[of] p2a: Maushold\n|faint|p2a: Maushold\n|move|p2b: Garchomp|Dragon Claw|p1b: Pure Vessel\n|-damage|p1b: Pure Vessel|41/100\n|-damage|p2b: Garchomp|71/100|[from] item: Life Orb\n|move|p1a: Her Majesty|Swords Dance|p1a: Her Majesty\n|-boost|p1a: Her Majesty|atk|2\n|\n|upkeep\n|c|☆chumman11|probs not honestly\n|c|☆Captain Clean 13|it's the equivalent of +1 Psycho Cut into neutral Annihilape\n|c|☆Captain Clean 13|I think it probably did\n|c|☆Captain Clean 13|I have 0 attack investment\n|\n|t:|1788380576\n|switch|p2a: Mawile|Mawile, L50, F|100/100\n|turn|7\n|\n|t:|1788380599\n|detailschange|p2a: Mawile|Mawile-Mega, L50, F\n|-mega|p2a: Mawile|Mawile|Mawilite\n|move|p1b: Pure Vessel|Protect|p1b: Pure Vessel\n|-singleturn|p1b: Pure Vessel|Protect\n|move|p2b: Garchomp|Stomping Tantrum|p1a: Her Majesty\n|-supereffective|p1a: Her Majesty|1\n|-damage|p1a: Her Majesty|15/100\n|-damage|p2b: Garchomp|61/100|[from] item: Life Orb\n|move|p2a: Mawile|Play Rough|p1b: Pure Vessel\n|-activate|p1b: Pure Vessel|move: Protect\n|move|p1a: Her Majesty|Iron Head|p2a: Mawile\n|-damage|p2a: Mawile|0 fnt\n|faint|p2a: Mawile\n|-damage|p1a: Her Majesty|6/100|[from] item: Life Orb\n|\n|upkeep\n|turn|8\n|\n|t:|1788380614\n|move|p1a: Her Majesty|Sucker Punch|p2b: Garchomp\n|-damage|p2b: Garchomp|0 fnt\n|-damage|p1a: Her Majesty|0 fnt|[from] ability: Rough Skin|[of] p2b: Garchomp\n|faint|p2b: Garchomp\n|faint|p1a: Her Majesty\n|\n|win|Captain Clean 13\n|raw|Captain Clean 13's rating: 1450 &rarr; <strong>1466</strong><br />(+16 for winning)\n|raw|chumman11's rating: 1387 &rarr; <strong>1371</strong><br />(-16 for losing)\n|c|☆Captain Clean 13|GG\n|c|☆chumman11|gg\n|l|☆chumman11\n|player|p2|\n","uploadtime":1788380629,"views":"16","formatid":"gen9championsvgc2026regmb","rating":1371,"private":0,"password":null}