{"id":"gen9championsvgc2026regmb-2674677380","format":"[Gen 9 Champions] VGC 2026 Reg M-B","players":["sHxuM","Cowtow14"],"log":"|j|☆sHxuM\n|j|☆Cowtow14\n|t:|1788389081\n|gametype|doubles\n|player|p1|sHxuM|preschooler|1338\n|player|p2|Cowtow14|1|1305\n|gen|9\n|tier|[Gen 9 Champions] VGC 2026 Reg M-B\n|rated|\n|rule|Species Clause: Limit one of each Pokémon\n|rule|Item Clause: Limit 1 of each item\n|clearpoke\n|poke|p1|Chimecho, L50, M|\n|poke|p1|Conkeldurr, L50, F|\n|poke|p1|Torkoal, L50, F|\n|poke|p1|Rhyperior, L50, M|\n|poke|p1|Farigiraf, L50, M|\n|poke|p1|Sylveon, L50, M|\n|poke|p2|Staraptor, L50, F|\n|poke|p2|Tsareena, L50, F|\n|poke|p2|Mamoswine, L50, M|\n|poke|p2|Arcanine-Hisui, L50, F|\n|poke|p2|Gholdengo, L50|\n|poke|p2|Raichu, L50, M|\n|teampreview|4\n|inactive|Battle timer is ON: inactive players will automatically lose when time's up. (requested by sHxuM)\n|\n|t:|1788389122\n|teamsize|p1|4\n|teamsize|p2|4\n|start\n|switch|p1a: Chimecho|Chimecho, L50, M|100/100\n|switch|p1b: Farigiraf|Farigiraf, L50, M|100/100\n|switch|p2a: Arcanine|Arcanine-Hisui, L50, F|100/100\n|switch|p2b: Staraptor|Staraptor, L50, F|100/100\n|-ability|p2b: Staraptor|Intimidate|boost\n|-unboost|p1a: Chimecho|atk|1\n|-unboost|p1b: Farigiraf|atk|1\n|turn|1\n|\n|t:|1788389143\n|detailschange|p2b: Staraptor|Staraptor-Mega, L50, F\n|-mega|p2b: Staraptor|Staraptor|Staraptite\n|detailschange|p1a: Chimecho|Chimecho-Mega, L50, M\n|-mega|p1a: Chimecho|Chimecho|Chimechite\n|move|p2b: Staraptor|Close Combat|p1b: Farigiraf\n|-damage|p1b: Farigiraf|49/100\n|-boost|p2b: Staraptor|def|1\n|-boost|p2b: Staraptor|spd|1\n|move|p2a: Arcanine|Head Smash|p1b: Farigiraf\n|-damage|p1b: Farigiraf|0 fnt\n|faint|p1b: Farigiraf\n|move|p1a: Chimecho|Trick Room|p1a: Chimecho\n|-fieldstart|move: Trick Room|[of] p1a: Chimecho\n|\n|upkeep\n|\n|t:|1788389155\n|switch|p1b: Sylveon|Sylveon, L50, M|100/100\n|turn|2\n|\n|t:|1788389166\n|move|p2b: Staraptor|Protect|p2b: Staraptor\n|-singleturn|p2b: Staraptor|Protect\n|move|p1b: Sylveon|Hyper Voice|p2b: Staraptor|[spread] p2a\n|-activate|p2b: Staraptor|move: Protect\n|-resisted|p2a: Arcanine|1\n|-damage|p2a: Arcanine|68/100\n|move|p1a: Chimecho|Cosmic Power|p1a: Chimecho\n|-boost|p1a: Chimecho|def|1\n|-boost|p1a: Chimecho|spd|1\n|move|p2a: Arcanine|Flare Blitz|p1a: Chimecho\n|-supereffective|p1a: Chimecho|1\n|-damage|p1a: Chimecho|36/100\n|\n|upkeep\n|turn|3\n|\n|t:|1788389182\n|switch|p2b: Gholdengo|Gholdengo, L50|100/100\n|move|p1b: Sylveon|Hyper Voice|p2b: Gholdengo|[spread] p2a,p2b\n|-resisted|p2a: Arcanine|1\n|-resisted|p2b: Gholdengo|1\n|-damage|p2a: Arcanine|36/100\n|-damage|p2b: Gholdengo|69/100\n|move|p1a: Chimecho|Recover|p1a: Chimecho\n|-heal|p1a: Chimecho|86/100\n|move|p2a: Arcanine|Head Smash|p1b: Sylveon\n|-damage|p1b: Sylveon|29/100\n|\n|upkeep\n|turn|4\n|\n|t:|1788389199\n|move|p2a: Arcanine|Extreme Speed|p1b: Sylveon\n|-damage|p1b: Sylveon|1/100\n|move|p1b: Sylveon|Hyper Voice|p2a: Arcanine|[spread] p2a,p2b\n|-resisted|p2a: Arcanine|1\n|-resisted|p2b: Gholdengo|1\n|-damage|p2a: Arcanine|5/100\n|-damage|p2b: Gholdengo|39/100\n|move|p1a: Chimecho|Cosmic Power|p1a: Chimecho\n|-boost|p1a: Chimecho|def|1\n|-boost|p1a: Chimecho|spd|1\n|move|p2b: Gholdengo|Nasty Plot|p2b: Gholdengo\n|-boost|p2b: Gholdengo|spa|2\n|\n|upkeep\n|turn|5\n|\n|t:|1788389222\n|move|p1b: Sylveon|Protect|p1b: Sylveon\n|-singleturn|p1b: Sylveon|Protect\n|move|p2b: Gholdengo|Protect|p2b: Gholdengo\n|-singleturn|p2b: Gholdengo|Protect\n|move|p2a: Arcanine|Protect|p2a: Arcanine\n|-singleturn|p2a: Arcanine|Protect\n|move|p1a: Chimecho|Stored Power|p2a: Arcanine\n|-activate|p2a: Arcanine|move: Protect\n|\n|-fieldend|move: Trick Room\n|upkeep\n|turn|6\n|\n|t:|1788389238\n|switch|p1b: Rhyperior|Rhyperior, L50, M|100/100\n|move|p2a: Arcanine|Flare Blitz|p1a: Chimecho\n|-supereffective|p1a: Chimecho|1\n|-damage|p1a: Chimecho|42/100\n|move|p2b: Gholdengo|Make It Rain|p1a: Chimecho|[spread] p1a,p1b\n|-resisted|p1a: Chimecho|1\n|-supereffective|p1b: Rhyperior|1\n|-damage|p1a: Chimecho|22/100\n|-damage|p1b: Rhyperior|0 fnt\n|-unboost|p2b: Gholdengo|spa|2\n|faint|p1b: Rhyperior\n|-damage|p2b: Gholdengo|29/100|[from] item: Life Orb\n|move|p1a: Chimecho|Trick Room|p1a: Chimecho\n|-fieldstart|move: Trick Room|[of] p1a: Chimecho\n|\n|upkeep\n|\n|t:|1788389247\n|switch|p1b: Sylveon|Sylveon, L50, M|1/100\n|turn|7\n|\n|t:|1788389260\n|move|p1b: Sylveon|Protect|p1b: Sylveon\n|-singleturn|p1b: Sylveon|Protect\n|move|p2a: Arcanine|Extreme Speed|p1b: Sylveon\n|-activate|p1b: Sylveon|move: Protect\n|move|p1a: Chimecho|Stored Power|p2a: Arcanine\n|-damage|p2a: Arcanine|0 fnt\n|faint|p2a: Arcanine\n|move|p2b: Gholdengo|Nasty Plot|p2b: Gholdengo\n|-boost|p2b: Gholdengo|spa|2\n|\n|upkeep\n|\n|t:|1788389264\n|switch|p2a: Tsareena|Tsareena, L50, F|100/100\n|turn|8\n|\n|t:|1788389279\n|move|p2a: Tsareena|Protect|p2a: Tsareena\n|-singleturn|p2a: Tsareena|Protect\n|move|p1b: Sylveon|Hyper Voice|p2b: Gholdengo|[spread] p2b\n|-activate|p2a: Tsareena|move: Protect\n|-resisted|p2b: Gholdengo|1\n|-damage|p2b: Gholdengo|0 fnt\n|faint|p2b: Gholdengo\n|move|p1a: Chimecho|Recover|p1a: Chimecho\n|-heal|p1a: Chimecho|72/100\n|\n|upkeep\n|\n|t:|1788389286\n|switch|p2b: Staraptor|Staraptor-Mega, L50, F|100/100\n|turn|9\n|\n|t:|1788389293\n|move|p2b: Staraptor|Protect|p2b: Staraptor\n|-singleturn|p2b: Staraptor|Protect\n|move|p1b: Sylveon|Hyper Voice|p2a: Tsareena|[spread] p2a\n|-activate|p2b: Staraptor|move: Protect\n|-damage|p2a: Tsareena|53/100\n|move|p1a: Chimecho|Stored Power|p2b: Staraptor\n|-activate|p2b: Staraptor|move: Protect\n|move|p2a: Tsareena|Low Kick|p1b: Sylveon\n|-resisted|p1b: Sylveon|1\n|-crit|p1b: Sylveon\n|-damage|p1b: Sylveon|0 fnt\n|faint|p1b: Sylveon\n|\n|upkeep\n|turn|10\n|\n|t:|1788389300\n|move|p2b: Staraptor|Protect|p2b: Staraptor\n|-singleturn|p2b: Staraptor|Protect\n|move|p1a: Chimecho|Cosmic Power|p1a: Chimecho\n|-boost|p1a: Chimecho|def|1\n|-boost|p1a: Chimecho|spd|1\n|move|p2a: Tsareena|Power Whip|p1a: Chimecho\n|-resisted|p1a: Chimecho|1\n|-damage|p1a: Chimecho|62/100\n|\n|-fieldend|move: Trick Room\n|upkeep\n|turn|11\n|\n|t:|1788389310\n|move|p2b: Staraptor|Close Combat|p1a: Chimecho\n|-damage|p1a: Chimecho|39/100\n|-boost|p2b: Staraptor|def|1\n|-boost|p2b: Staraptor|spd|1\n|move|p2a: Tsareena|Power Whip|p1a: Chimecho\n|-resisted|p1a: Chimecho|1\n|-damage|p1a: Chimecho|27/100\n|move|p1a: Chimecho|Stored Power|p2b: Staraptor\n|-supereffective|p2b: Staraptor|1\n|-damage|p2b: Staraptor|5/100\n|\n|upkeep\n|turn|12\n|\n|t:|1788389327\n|move|p2b: Staraptor|Close Combat|p1a: Chimecho\n|-damage|p1a: Chimecho|7/100\n|-boost|p2b: Staraptor|def|1\n|-boost|p2b: Staraptor|spd|1\n|move|p2a: Tsareena|Power Whip|p1a: Chimecho|[miss]\n|-miss|p2a: Tsareena|p1a: Chimecho\n|move|p1a: Chimecho|Recover|p1a: Chimecho\n|-heal|p1a: Chimecho|57/100\n|\n|upkeep\n|turn|13\n|\n|t:|1788389341\n|move|p2b: Staraptor|Close Combat|p1a: Chimecho\n|-damage|p1a: Chimecho|33/100\n|-boost|p2b: Staraptor|def|1\n|-boost|p2b: Staraptor|spd|1\n|move|p2a: Tsareena|Power Whip|p1a: Chimecho\n|-resisted|p1a: Chimecho|1\n|-crit|p1a: Chimecho\n|-damage|p1a: Chimecho|0 fnt\n|faint|p1a: Chimecho\n|\n|win|Cowtow14\n|raw|sHxuM's rating: 1338 &rarr; <strong>1316</strong><br />(-22 for losing)\n|raw|Cowtow14's rating: 1305 &rarr; <strong>1327</strong><br />(+22 for winning)\n|l|☆sHxuM\n|player|p1|\n","uploadtime":1788389349,"views":"16","formatid":"gen9championsvgc2026regmb","rating":1316,"private":0,"password":null}