{"id":"gen9championsvgc2026regmb-2673856014","format":"[Gen 9 Champions] VGC 2026 Reg M-B","players":["Thornlace48812","pancaky8"],"log":"|j|☆Thornlace48812\n|j|☆pancaky8\n|t:|1788269141\n|gametype|doubles\n|player|p1|Thornlace48812|102|1092\n|player|p2|pancaky8|101|1040\n|gen|9\n|tier|[Gen 9 Champions] VGC 2026 Reg M-B\n|rated|\n|rule|Species Clause: Limit one of each Pokémon\n|rule|Item Clause: Limit 1 of each item\n|clearpoke\n|poke|p1|Garchomp, L50, F|\n|poke|p1|Charizard, L50, M|\n|poke|p1|Whimsicott, L50, M|\n|poke|p1|Sylveon, L50, M|\n|poke|p1|Kingambit, L50, F|\n|poke|p1|Basculegion, L50, M|\n|poke|p2|Scrafty, L50, F, shiny|\n|poke|p2|Goodra-Hisui, L50, F, shiny|\n|poke|p2|Sinistcha, L50|\n|poke|p2|Camerupt, L50, F, shiny|\n|poke|p2|Sylveon, L50, F, shiny|\n|poke|p2|Farigiraf, L50, F, shiny|\n|teampreview|4\n|inactive|Battle timer is ON: inactive players will automatically lose when time's up. (requested by Thornlace48812)\nThornlace48812 rejected open team sheets.\n|inactive|pancaky8 has 60 seconds left.\n|\n|t:|1788269180\n|teamsize|p1|4\n|teamsize|p2|4\n|start\n|switch|p1a: Basculegion|Basculegion, L50, M|100/100\n|switch|p1b: Sylveon|Sylveon, L50, M|100/100\n|switch|p2a: Farigiraf|Farigiraf, L50, F, shiny|100/100\n|switch|p2b: Camerupt|Camerupt, L50, F, shiny|100/100\n|turn|1\n|\n|t:|1788269203\n|move|p2b: Camerupt|Protect|p2b: Camerupt\n|-singleturn|p2b: Camerupt|Protect\n|move|p1a: Basculegion|Aqua Jet||[still]\n|cant|p2a: Farigiraf|ability: Armor Tail|Aqua Jet|[of] p1a: Basculegion\n|move|p1b: Sylveon|Hyper Voice|p2b: Camerupt|[spread] p2a\n|-activate|p2b: Camerupt|move: Protect\n|-damage|p2a: Farigiraf|44/100\n|-enditem|p2a: Farigiraf|Sitrus Berry|[eat]\n|-heal|p2a: Farigiraf|69/100|[from] item: Sitrus Berry\n|move|p2a: Farigiraf|Trick Room|p2a: Farigiraf\n|-fieldstart|move: Trick Room|[of] p2a: Farigiraf\n|\n|upkeep\n|turn|2\n|\n|t:|1788269213\n|detailschange|p2b: Camerupt|Camerupt-Mega, L50, F, shiny\n|-mega|p2b: Camerupt|Camerupt|Cameruptite\n|move|p1a: Basculegion|Aqua Jet||[still]\n|cant|p2a: Farigiraf|ability: Armor Tail|Aqua Jet|[of] p1a: Basculegion\n|move|p2b: Camerupt|Earth Power|p1a: Basculegion\n|-damage|p1a: Basculegion|17/100\n|move|p2a: Farigiraf|Thunderbolt|p1a: Basculegion\n|-supereffective|p1a: Basculegion|1\n|-damage|p1a: Basculegion|0 fnt\n|faint|p1a: Basculegion\n|move|p1b: Sylveon|Hyper Voice|p2b: Camerupt|[spread] p2a,p2b\n|-resisted|p2b: Camerupt|1\n|-damage|p2a: Farigiraf|18/100\n|-damage|p2b: Camerupt|76/100\n|\n|upkeep\n|\n|t:|1788269213\n|switch|p1a: Garchomp|Garchomp, L50, F|100/100\n|turn|3\n|\n|t:|1788269225\n|move|p2b: Camerupt|Earth Power|p1a: Garchomp\n|-damage|p1a: Garchomp|20/100r\n|move|p2a: Farigiraf|Energy Ball|p1a: Garchomp\n|-damage|p1a: Garchomp|0 fnt\n|faint|p1a: Garchomp\n|move|p1b: Sylveon|Hyper Voice|p2b: Camerupt|[spread] p2a,p2b\n|-resisted|p2b: Camerupt|1\n|-damage|p2a: Farigiraf|0 fnt\n|-damage|p2b: Camerupt|50/100g\n|faint|p2a: Farigiraf\n|\n|upkeep\n|\n|t:|1788269229\n|switch|p2a: Sylveon|Sylveon, L50, F, shiny|100/100\n|switch|p1a: Charizard|Charizard, L50, M|100/100\n|turn|4\n|\n|t:|1788269237\n|detailschange|p1a: Charizard|Charizard-Mega-Y, L50, M\n|-mega|p1a: Charizard|Charizard|Charizardite Y\n|-weather|SunnyDay|[from] ability: Drought|[of] p1a: Charizard\n|move|p2b: Camerupt|Ancient Power|p1a: Charizard\n|-supereffective|p1a: Charizard|2\n|-damage|p1a: Charizard|0 fnt\n|faint|p1a: Charizard\n|move|p2a: Sylveon|Hyper Voice|p1b: Sylveon\n|-damage|p1b: Sylveon|48/100\n|move|p1b: Sylveon|Hyper Voice|p2a: Sylveon|[spread] p2a,p2b\n|-crit|p2a: Sylveon\n|-resisted|p2b: Camerupt|1\n|-damage|p2a: Sylveon|45/100\n|-damage|p2b: Camerupt|24/100\n|\n|-weather|SunnyDay|[upkeep]\n|upkeep\n|turn|5\n|\n|t:|1788269249\n|move|p2b: Camerupt|Earth Power|p1b: Sylveon\n|-damage|p1b: Sylveon|0 fnt\n|faint|p1b: Sylveon\n|\n|win|pancaky8\n|raw|Thornlace48812's rating: 1141 &rarr; <strong>1109</strong><br />(-32 for losing)\n|raw|pancaky8's rating: 1040 &rarr; <strong>1084</strong><br />(+44 for winning)\n","uploadtime":1788269249,"views":"6","formatid":"gen9championsvgc2026regmb","rating":1084,"private":0,"password":null}