{"id":"gen9championsvgc2026regmb-2674356703","format":"[Gen 9 Champions] VGC 2026 Reg M-B","players":["gato_can","kaalaas7"],"log":"|j|☆gato_can\n|j|☆kaalaas7\n|t:|1788347992\n|gametype|doubles\n|player|p1|gato_can|1|1494\n|player|p2|kaalaas7|rocketgruntf|1443\n|gen|9\n|tier|[Gen 9 Champions] VGC 2026 Reg M-B\n|rated|\n|rule|Species Clause: Limit one of each Pokémon\n|rule|Item Clause: Limit 1 of each item\n|clearpoke\n|poke|p1|Charizard, L50, F|\n|poke|p1|Garchomp, L50, M|\n|poke|p1|Whimsicott, L50, M|\n|poke|p1|Kingambit, L50, M|\n|poke|p1|Sinistcha, L50|\n|poke|p1|Aerodactyl, L50, M|\n|poke|p2|Scovillain, L50, M|\n|poke|p2|Incineroar, L50, M|\n|poke|p2|Blastoise, L50, M|\n|poke|p2|Whimsicott, L50, F|\n|poke|p2|Sneasler, L50, F|\n|poke|p2|Kingambit, L50, F|\n|teampreview|4\n|inactive|Battle timer is ON: inactive players will automatically lose when time's up. (requested by kaalaas7)\n|inactive|gato_can also wants the timer to be on.\n|\n|t:|1788348010\n|teamsize|p1|4\n|teamsize|p2|4\n|start\n|switch|p1a: Charizard|Charizard, L50, F|100/100\n|switch|p1b: Garchomp|Garchomp, L50, M|100/100\n|switch|p2a: Blastoise|Blastoise, L50, M|100/100\n|switch|p2b: Sneasler|Sneasler, L50, F|100/100\n|turn|1\n|\n|t:|1788348014\n|detailschange|p1a: Charizard|Charizard-Mega-Y, L50, F\n|-mega|p1a: Charizard|Charizard|Charizardite Y\n|-weather|SunnyDay|[from] ability: Drought|[of] p1a: Charizard\n|detailschange|p2a: Blastoise|Blastoise-Mega, L50, M\n|-mega|p2a: Blastoise|Blastoise|Blastoisinite\n|move|p2b: Sneasler|Fake Out|p1a: Charizard\n|-damage|p1a: Charizard|82/100\n|move|p1b: Garchomp|Earthquake|p2b: Sneasler|[spread] p2a,p2b\n|-immune|p1a: Charizard\n|-supereffective|p2b: Sneasler|1\n|-damage|p2a: Blastoise|53/100\n|-enditem|p2b: Sneasler|Focus Sash\n|-damage|p2b: Sneasler|1/100\n|-damage|p1b: Garchomp|90/100|[from] item: Life Orb\n|cant|p1a: Charizard|flinch\n|move|p2a: Blastoise|Shell Smash|p2a: Blastoise\n|-unboost|p2a: Blastoise|def|1\n|-unboost|p2a: Blastoise|spd|1\n|-boost|p2a: Blastoise|atk|2\n|-boost|p2a: Blastoise|spa|2\n|-boost|p2a: Blastoise|spe|2\n|\n|-weather|SunnyDay|[upkeep]\n|upkeep\n|turn|2\n|\n|t:|1788348031\n|switch|p2b: Whimsicott|Whimsicott, L50, F|100/100\n|move|p2a: Blastoise|Protect|p2a: Blastoise\n|-singleturn|p2a: Blastoise|Protect\n|move|p1b: Garchomp|Earthquake|p2a: Blastoise|[spread] p2b\n|-activate|p2a: Blastoise|move: Protect\n|-immune|p1a: Charizard\n|-resisted|p2b: Whimsicott|1\n|-damage|p2b: Whimsicott|68/100\n|-damage|p1b: Garchomp|80/100|[from] item: Life Orb\n|move|p1a: Charizard|Heat Wave|p2a: Blastoise|[spread] p2b\n|-activate|p2a: Blastoise|move: Protect\n|-supereffective|p2b: Whimsicott|1\n|-damage|p2b: Whimsicott|0 fnt\n|faint|p2b: Whimsicott\n|\n|-weather|SunnyDay|[upkeep]\n|upkeep\n|\n|t:|1788348045\n|switch|p2b: Sneasler|Sneasler, L50, F|1/100\n|turn|3\n|\n|t:|1788348055\n|move|p2b: Sneasler|Fake Out|p1b: Garchomp\n|-damage|p1b: Garchomp|66/100\n|-damage|p2b: Sneasler|0 fnt|[from] ability: Rough Skin|[of] p1b: Garchomp\n|faint|p2b: Sneasler\n|move|p2a: Blastoise|Dark Pulse|p1a: Charizard\n|-damage|p1a: Charizard|0 fnt\n|faint|p1a: Charizard\n|cant|p1b: Garchomp|flinch\n|\n|-weather|SunnyDay|[upkeep]\n|upkeep\n|\n|t:|1788348067\n|switch|p2b: Kingambit|Kingambit, L50, F|100/100\n|switch|p1a: Sinistcha|Sinistcha, L50|100/100\n|-heal|p1b: Garchomp|91/100|[from] ability: Hospitality|[of] p1a: Sinistcha\n|turn|4\n|\n|t:|1788348078\n|move|p2a: Blastoise|Protect|p2a: Blastoise\n|-singleturn|p2a: Blastoise|Protect\n|move|p1a: Sinistcha|Rage Powder|p1a: Sinistcha\n|-singleturn|p1a: Sinistcha|move: Rage Powder\n|move|p1b: Garchomp|Earthquake|p2b: Kingambit|[spread] p1a,p2b\n|-activate|p2a: Blastoise|move: Protect\n|-resisted|p1a: Sinistcha|1\n|-supereffective|p2b: Kingambit|1\n|-damage|p1a: Sinistcha|83/100\n|-damage|p2b: Kingambit|32/100\n|-damage|p1b: Garchomp|81/100|[from] item: Life Orb\n|move|p2b: Kingambit|Kowtow Cleave|p1a: Sinistcha\n|-supereffective|p1a: Sinistcha|1\n|-damage|p1a: Sinistcha|0 fnt\n|faint|p1a: Sinistcha\n|-damage|p2b: Kingambit|22/100|[from] item: Life Orb\n|\n|-weather|SunnyDay|[upkeep]\n|upkeep\n|\n|t:|1788348082\n|switch|p1a: Aerodactyl|Aerodactyl, L50, M|100/100\n|-ability|p1a: Aerodactyl|Pressure\n|turn|5\n|inactive|gato_can has 30 seconds left.\n|inactive|gato_can has 20 seconds left.\n|inactive|gato_can has 15 seconds left.\n|inactive|gato_can has 10 seconds left.\n|\n|t:|1788348131\n|move|p2b: Kingambit|Sucker Punch|p1b: Garchomp\n|-damage|p1b: Garchomp|25/100\n|-damage|p2b: Kingambit|10/100|[from] ability: Rough Skin|[of] p1b: Garchomp\n|-damage|p2b: Kingambit|1/100|[from] item: Life Orb\n|move|p2a: Blastoise|Water Spout|p1b: Garchomp|[spread] p1a,p1b\n|-supereffective|p1a: Aerodactyl|1\n|-damage|p1a: Aerodactyl|0 fnt\n|-damage|p1b: Garchomp|0 fnt\n|faint|p1a: Aerodactyl\n|faint|p1b: Garchomp\n|\n|win|kaalaas7\n|raw|gato_can's rating: 1494 &rarr; <strong>1471</strong><br />(-23 for losing)\n|raw|kaalaas7's rating: 1443 &rarr; <strong>1466</strong><br />(+23 for winning)\n","uploadtime":1788348142,"views":"7","formatid":"gen9championsvgc2026regmb","rating":1466,"private":0,"password":null}