{"id":"gen9championsvgc2026regmb-2674957662","format":"[Gen 9 Champions] VGC 2026 Reg M-B","players":["Joedonnell2995","TESTDIGI"],"log":"|j|☆Joedonnell2995\n|j|☆TESTDIGI\n|t:|1788441870\n|gametype|doubles\n|player|p1|Joedonnell2995|266|1359\n|player|p2|TESTDIGI|169|1322\n|gen|9\n|tier|[Gen 9 Champions] VGC 2026 Reg M-B\n|rated|\n|rule|Species Clause: Limit one of each Pokémon\n|rule|Item Clause: Limit 1 of each item\n|clearpoke\n|poke|p1|Froslass, L50, F|\n|poke|p1|Glaceon, L50, F|\n|poke|p1|Talonflame, L50, M|\n|poke|p1|Glimmora, L50, M|\n|poke|p1|Sneasler, L50, F|\n|poke|p1|Kingambit, L50, F|\n|poke|p2|Gholdengo, L50|\n|poke|p2|Staraptor, L50, F, shiny|\n|poke|p2|Tyranitar, L50, F|\n|poke|p2|Farigiraf, L50, F|\n|poke|p2|Whimsicott, L50, M, shiny|\n|poke|p2|Excadrill, L50, M|\n|teampreview|4\n|inactive|Battle timer is ON: inactive players will automatically lose when time's up. (requested by Joedonnell2995)\n|inactive|TESTDIGI has 60 seconds left.\n|\n|t:|1788441912\n|teamsize|p1|4\n|teamsize|p2|4\n|start\n|switch|p1a: Glimmora|Glimmora, L50, M|100/100\n|switch|p1b: Talonflame|Talonflame, L50, M|100/100\n|switch|p2a: Farigiraf|Farigiraf, L50, F|100/100\n|switch|p2b: Excadrill|Excadrill, L50, M|100/100\n|turn|1\n|\n|t:|1788441941\n|move|p1a: Glimmora|Spiky Shield|p1a: Glimmora\n|-singleturn|p1a: Glimmora|move: Protect\n|move|p1b: Talonflame|Flare Blitz|p2b: Excadrill\n|-supereffective|p2b: Excadrill|1\n|-damage|p2b: Excadrill|0 fnt\n|faint|p2b: Excadrill\n|-damage|p1b: Talonflame|58/100|[from] Recoil\n|-damage|p1b: Talonflame|48/100|[from] item: Life Orb\n|move|p2a: Farigiraf|Trick Room|p2a: Farigiraf\n|-fieldstart|move: Trick Room|[of] p2a: Farigiraf\n|\n|upkeep\n|\n|t:|1788441949\n|switch|p2b: Tyranitar|Tyranitar, L50, F|100/100\n|-weather|Sandstorm|[from] ability: Sand Stream|[of] p2b: Tyranitar\n|turn|2\n|\n|t:|1788441966\n|detailschange|p1a: Glimmora|Glimmora-Mega, L50, M\n|-mega|p1a: Glimmora|Glimmora|Glimmoranite\n|move|p1b: Talonflame|Protect|p1b: Talonflame\n|-singleturn|p1b: Talonflame|Protect\n|move|p2a: Farigiraf|Psychic|p1a: Glimmora\n|-supereffective|p1a: Glimmora|1\n|-damage|p1a: Glimmora|42/100\n|move|p2b: Tyranitar|Rock Slide|p1b: Talonflame|[spread] p1a\n|-activate|p1b: Talonflame|move: Protect\n|-damage|p1a: Glimmora|6/100\n|move|p1a: Glimmora|Earth Power|p2b: Tyranitar\n|-supereffective|p2b: Tyranitar|1\n|-damage|p2b: Tyranitar|56/100\n|\n|-weather|Sandstorm|[upkeep]\n|-damage|p2a: Farigiraf|94/100|[from] Sandstorm\n|-damage|p1b: Talonflame|42/100|[from] Sandstorm\n|upkeep\n|turn|3\n|\n|t:|1788441988\n|switch|p1a: Kingambit|Kingambit, L50, F|100/100\n|switch|p1b: Sneasler|Sneasler, L50, F|100/100\n|move|p2a: Farigiraf|Thunderbolt|p1b: Sneasler\n|-damage|p1b: Sneasler|66/100\n|move|p2b: Tyranitar|Rock Slide|p1b: Sneasler|[spread] p1a,p1b\n|-resisted|p1a: Kingambit|1\n|-resisted|p1b: Sneasler|1\n|-damage|p1a: Kingambit|89/100\n|-damage|p1b: Sneasler|42/100\n|\n|-weather|Sandstorm|[upkeep]\n|-damage|p2a: Farigiraf|88/100|[from] Sandstorm\n|-damage|p1b: Sneasler|36/100|[from] Sandstorm\n|upkeep\n|turn|4\n|\n|t:|1788442003\n|move|p1b: Sneasler|Protect|p1b: Sneasler\n|-singleturn|p1b: Sneasler|Protect\n|move|p1a: Kingambit|Low Kick|p2b: Tyranitar\n|-supereffective|p2b: Tyranitar|2\n|-enditem|p2b: Tyranitar|Chople Berry|[eat]\n|-enditem|p2b: Tyranitar|Chople Berry|[weaken]\n|-damage|p2b: Tyranitar|0 fnt\n|faint|p2b: Tyranitar\n|move|p2a: Farigiraf|Nasty Plot|p2a: Farigiraf\n|-boost|p2a: Farigiraf|spa|2\n|\n|-weather|Sandstorm|[upkeep]\n|-damage|p2a: Farigiraf|82/100|[from] Sandstorm\n|-damage|p1b: Sneasler|30/100|[from] Sandstorm\n|upkeep\n|\n|t:|1788442009\n|switch|p2b: Staraptor|Staraptor, L50, F, shiny|100/100\n|-ability|p2b: Staraptor|Intimidate|boost\n|-unboost|p1a: Kingambit|atk|1\n|-ability|p1a: Kingambit|Defiant|boost\n|-boost|p1a: Kingambit|atk|2\n|-unboost|p1b: Sneasler|atk|1\n|turn|5\n|\n|t:|1788442030\n|detailschange|p2b: Staraptor|Staraptor-Mega, L50, F, shiny\n|-mega|p2b: Staraptor|Staraptor|Staraptite\n|move|p1a: Kingambit|Kowtow Cleave|p2a: Farigiraf\n|-supereffective|p2a: Farigiraf|1\n|-damage|p2a: Farigiraf|0 fnt\n|faint|p2a: Farigiraf\n|move|p1b: Sneasler|Dire Claw|p2b: Staraptor\n|-damage|p2b: Staraptor|71/100\n|move|p2b: Staraptor|Close Combat|p1a: Kingambit\n|-supereffective|p1a: Kingambit|2\n|-enditem|p1a: Kingambit|Chople Berry|[eat]\n|-enditem|p1a: Kingambit|Chople Berry|[weaken]\n|-damage|p1a: Kingambit|10/100\n|-boost|p2b: Staraptor|def|1\n|-boost|p2b: Staraptor|spd|1\n|\n|-weather|Sandstorm|[upkeep]\n|-damage|p1b: Sneasler|24/100|[from] Sandstorm\n|-damage|p2b: Staraptor|65/100|[from] Sandstorm\n|-fieldend|move: Trick Room\n|upkeep\n|turn|6\n|\n|t:|1788442050\n|move|p1a: Kingambit|Sucker Punch|p2b: Staraptor\n|-resisted|p2b: Staraptor|1\n|-damage|p2b: Staraptor|48/100\n|move|p2b: Staraptor|Close Combat|p1a: Kingambit\n|-supereffective|p1a: Kingambit|2\n|-damage|p1a: Kingambit|0 fnt\n|-boost|p2b: Staraptor|def|1\n|-boost|p2b: Staraptor|spd|1\n|faint|p1a: Kingambit\n|move|p1b: Sneasler|Dire Claw|p2b: Staraptor\n|-damage|p2b: Staraptor|31/100\n|\n|-weather|none\n|upkeep\n|\n|t:|1788442061\n|switch|p1a: Talonflame|Talonflame, L50, M|42/100\n|turn|7\n|\n|t:|1788442073\n|move|p1a: Talonflame|Brave Bird|p2b: Staraptor\n|-supereffective|p2b: Staraptor|1\n|-damage|p2b: Staraptor|0 fnt\n|faint|p2b: Staraptor\n|-damage|p1a: Talonflame|29/100|[from] Recoil\n|-damage|p1a: Talonflame|20/100r|[from] item: Life Orb\n|\n|win|Joedonnell2995\n","uploadtime":1788441872,"views":"0","formatid":"gen9championsvgc2026regmb","rating":null,"private":0,"password":null}