{"id":"gen9championsvgc2026regmbbo3-2674481249","format":"[Gen 9 Champions] VGC 2026 Reg M-B (Bo3)","players":["monkeychese","sophyplayz"],"log":"|j|☆monkeychese\n|j|☆sophyplayz\n|html|<table width=\"100%\"><tr><td align=\"left\">monkeychese</td><td align=\"right\">sophyplayz</tr><tr><td align=\"left\"><i class=\"fa fa-circle-o\"></i> <i class=\"fa fa-circle-o\"></i> </td><td align=\"right\"><i class=\"fa fa-circle-o\"></i> <i class=\"fa fa-circle-o\"></i> </tr></table>\n|uhtml|bestof|<h2><strong>Game 1</strong> of <a href=\"/game-bestof3-gen9championsvgc2026regmbbo3-2674481248\">a best-of-3</a></h2>\n|t:|1788364885\n|gametype|doubles\n|player|p1|monkeychese|lucas|\n|player|p2|sophyplayz|flannery|\n|gen|9\n|tier|[Gen 9 Champions] VGC 2026 Reg M-B (Bo3)\n|rule|Species Clause: Limit one of each Pokémon\n|rule|Item Clause: Limit 1 of each item\n|raw|<div class=\"infobox\"><details class=\"readmore\"><summary><strong>41 custom rules:</strong></summary> +salamence, +salamencite, +rillaboom, +baxcalibur, +lucarionite-z, +absolite-z, +garchompite-z, +assault vest, !Obtainable, +power herb, +baxcalibrite, +glaive rush, +golisopod, +golisopite, +tatsugiri, +dondozo, +tatsugirinite, +order up, +choice band, +choice specs, +ursaluna, +ursaluna-bloodmoon, +flame orb, +toxic orb, +arctovish, +dracovish, +arctozolt, +dracozolt, +indeedee, +indeedee-f, +blood moon, +fishious rend, +bolt beak, +grassy seed, +psychic seed, +electric seed, +misty seed, +weezing, +weezing-galar, +ability shield, +terrain extender</details></div>\n|clearpoke\n|poke|p1|Delphox, L50|\n|poke|p1|Rillaboom, L50|\n|poke|p1|Incineroar, L50, M|\n|poke|p1|Maushold-Four, L50|\n|poke|p1|Sneasler, L50|\n|poke|p1|Floette-Eternal, L50, F|\n|poke|p2|Pelipper, L50|\n|poke|p2|Archaludon, L50|\n|poke|p2|Floette-Mega, L50|\n|poke|p2|Sinistcha, L50|\n|poke|p2|Basculegion, L50|\n|poke|p2|Swampert-Mega, L50|\n|teampreview|4\n|showteam|p1|Delphox||Delphoxite|Levitate|HeatWave,Psychic,NastyPlot,Protect|Timid|||||50|]Rillaboom||AssaultVest|GrassySurge|WoodHammer,GrassyGlide,FakeOut,Uturn|Adamant|||||50|]Incineroar||SitrusBerry|Intimidate|DarkestLariat,FakeOut,PartingShot,FlareBlitz|Impish||M|||50|]Maushold-Four||FocusSash|Technician|PopulationBomb,FollowMe,Taunt,Encore|Jolly|||||50|]Sneasler||WhiteHerb|Unburden|CloseCombat,GunkShot,RockSlide,Protect|Jolly|||||50|]Floette-Eternal||Floettite|FlowerVeil|Moonblast,DazzlingGleam,CalmMind,Protect|Timid||F|||50|\n|showteam|p2|Pelipper||SitrusBerry|Drizzle|WeatherBall,Hurricane,Tailwind,WideGuard|Bold|||||50|]Archaludon||Leftovers|Stamina|Protect,ElectroShot,FlashCannon,DragonPulse|Modest|||||50|]Floette-Mega||Floettite|FlowerVeil|LightofRuin,DazzlingGleam,DrainingKiss,Protect|Modest|||||50|]Sinistcha||KasibBerry|Hospitality|RagePowder,MatchaGotcha,Protect,TrickRoom|Bold|||||50|]Basculegion||ChoiceScarf|Adaptability|AquaJet,WaveCrash,LastRespects,FlipTurn|Adamant|||||50|]Swampert-Mega||Swampertite|SwiftSwim|WaveCrash,HighHorsepower,IcePunch,Protect|Adamant|||||50|\n|c|☆monkeychese|ahh FUCK ITS RAIN\n|c|☆monkeychese|glhf\n|\n|t:|1788364994\n|teamsize|p1|4\n|teamsize|p2|4\n|start\n|switch|p1a: Sneasler|Sneasler, L50|100/100\n|switch|p1b: Rillaboom|Rillaboom, L50|100/100\n|switch|p2a: Archaludon|Archaludon, L50|100/100\n|switch|p2b: Swampert|Swampert-Mega, L50|100/100\n|-fieldstart|move: Grassy Terrain|[from] ability: Grassy Surge|[of] p1b: Rillaboom\n|turn|1\n|\n|t:|1788365011\n|move|p2b: Swampert|Protect|p2b: Swampert\n|-singleturn|p2b: Swampert|Protect\n|move|p2a: Archaludon|Protect|p2a: Archaludon\n|-singleturn|p2a: Archaludon|Protect\n|move|p1b: Rillaboom|Grassy Glide|p2b: Swampert\n|-activate|p2b: Swampert|move: Protect\n|move|p1a: Sneasler|Close Combat|p2a: Archaludon\n|-activate|p2a: Archaludon|move: Protect\n|\n|upkeep\n|turn|2\n|\n|t:|1788365018\n|switch|p2b: Pelipper|Pelipper, L50|100/100\n|-weather|RainDance|[from] ability: Drizzle|[of] p2b: Pelipper\n|switch|p2a: Sinistcha|Sinistcha, L50|100/100\n|move|p1b: Rillaboom|Grassy Glide|p2b: Pelipper\n|-damage|p2b: Pelipper|62/100\n|move|p1a: Sneasler|Close Combat|p2a: Sinistcha\n|-immune|p2a: Sinistcha\n|\n|-weather|RainDance|[upkeep]\n|upkeep\n|turn|3\n|\n|t:|1788365038\n|move|p1a: Sneasler|Protect|p1a: Sneasler\n|-singleturn|p1a: Sneasler|Protect\n|move|p2a: Sinistcha|Rage Powder|p2a: Sinistcha\n|-singleturn|p2a: Sinistcha|move: Rage Powder\n|move|p1b: Rillaboom|U-turn|p2b: Pelipper\n|-resisted|p2b: Pelipper|1\n|-damage|p2b: Pelipper|49/100\n|-enditem|p2b: Pelipper|Sitrus Berry|[eat]\n|-heal|p2b: Pelipper|74/100|[from] item: Sitrus Berry\n|\n|t:|1788365046\n|switch|p1b: Maushold|Maushold-Four, L50|100/100|[from] U-turn\n|move|p2b: Pelipper|Hurricane|p1a: Sneasler\n|-activate|p1a: Sneasler|move: Protect\n|\n|-weather|RainDance|[upkeep]\n|upkeep\n|turn|4\n|\n|t:|1788365060\n|switch|p2b: Archaludon|Archaludon, L50|100/100\n|move|p1b: Maushold|Follow Me|p1b: Maushold\n|-singleturn|p1b: Maushold|move: Follow Me\n|move|p1a: Sneasler|Rock Slide|p2a: Sinistcha|[spread] p2a,p2b\n|-resisted|p2b: Archaludon|1\n|-damage|p2a: Sinistcha|87/100\n|-damage|p2b: Archaludon|94/100\n|-ability|p2b: Archaludon|Stamina|boost\n|-boost|p2b: Archaludon|def|1\n|move|p2a: Sinistcha|Matcha Gotcha|p1b: Maushold|[spread] p1b\n|-miss|p2a: Sinistcha|p1a: Sneasler\n|-damage|p1b: Maushold|56/100\n|-heal|p2a: Sinistcha|100/100|[from] drain|[of] p1b: Maushold\n|\n|-weather|RainDance|[upkeep]\n|-heal|p1b: Maushold|62/100|[from] Grassy Terrain\n|-heal|p2b: Archaludon|100/100|[from] Grassy Terrain\n|upkeep\n|turn|5\n|\n|t:|1788365084\n|move|p1a: Sneasler|Protect|p1a: Sneasler\n|-singleturn|p1a: Sneasler|Protect\n|move|p2b: Archaludon|Protect|p2b: Archaludon\n|-singleturn|p2b: Archaludon|Protect\n|move|p1b: Maushold|Taunt|p2a: Sinistcha\n|-start|p2a: Sinistcha|move: Taunt\n|cant|p2a: Sinistcha|move: Taunt|Trick Room\n|\n|-weather|RainDance|[upkeep]\n|-heal|p1b: Maushold|68/100|[from] Grassy Terrain\n|-fieldend|move: Grassy Terrain\n|upkeep\n|turn|6\n|\n|t:|1788365097\n|switch|p2b: Swampert|Swampert-Mega, L50|100/100\n|move|p1b: Maushold|Encore||[still]\n|-fail|p1b: Maushold\n|move|p1a: Sneasler|Close Combat|p2b: Swampert\n|-damage|p2b: Swampert|55/100\n|-unboost|p1a: Sneasler|def|1\n|-unboost|p1a: Sneasler|spd|1\n|-enditem|p1a: Sneasler|White Herb\n|-clearnegativeboost|p1a: Sneasler|[silent]\n|move|p2a: Sinistcha|Matcha Gotcha|p1b: Maushold|[spread] p1a,p1b\n|-resisted|p1a: Sneasler|1\n|-damage|p1a: Sneasler|86/100\n|-damage|p1b: Maushold|34/100\n|-status|p1a: Sneasler|brn\n|\n|-weather|none\n|-damage|p1a: Sneasler|80/100 brn|[from] brn\n|upkeep\n|turn|7\n|\n|t:|1788365117\n|switch|p2b: Pelipper|Pelipper, L50|74/100\n|-weather|RainDance|[from] ability: Drizzle|[of] p2b: Pelipper\n|move|p1b: Maushold|Follow Me|p1b: Maushold\n|-singleturn|p1b: Maushold|move: Follow Me\n|move|p1a: Sneasler|Rock Slide|p2a: Sinistcha|[spread] p2b\n|-miss|p1a: Sneasler|p2a: Sinistcha\n|-supereffective|p2b: Pelipper|1\n|-crit|p2b: Pelipper\n|-damage|p2b: Pelipper|50/100g\n|move|p2a: Sinistcha|Matcha Gotcha|p1b: Maushold|[spread] p1a,p1b\n|-resisted|p1a: Sneasler|1\n|-crit|p1b: Maushold\n|-damage|p1a: Sneasler|64/100 brn\n|-damage|p1b: Maushold|0 fnt\n|faint|p1b: Maushold\n|\n|-weather|RainDance|[upkeep]\n|-damage|p1a: Sneasler|58/100 brn|[from] brn\n|-end|p2a: Sinistcha|move: Taunt\n|upkeep\n|\n|t:|1788365126\n|switch|p1b: Floette|Floette-Eternal, L50, F|100/100\n|turn|8\n|\n|t:|1788365150\n|detailschange|p1b: Floette|Floette-Mega, L50, F\n|-mega|p1b: Floette|Floette|Floettite\n|-ability|p1b: Floette|Fairy Aura\n|move|p1a: Sneasler|Gunk Shot|p2a: Sinistcha\n|-crit|p2a: Sinistcha\n|-damage|p2a: Sinistcha|67/100\n|move|p1b: Floette|Moonblast|p2b: Pelipper\n|-damage|p2b: Pelipper|0 fnt\n|faint|p2b: Pelipper\n|move|p2a: Sinistcha|Matcha Gotcha|p1a: Sneasler|[spread] p1a,p1b\n|-resisted|p1a: Sneasler|1\n|-damage|p1a: Sneasler|42/100 brn\n|-heal|p2a: Sinistcha|75/100|[from] drain|[of] p1a: Sneasler\n|-damage|p1b: Floette|82/100\n|-heal|p2a: Sinistcha|84/100|[from] drain|[of] p1b: Floette\n|\n|-weather|RainDance|[upkeep]\n|-damage|p1a: Sneasler|36/100 brn|[from] brn\n|upkeep\n|\n|t:|1788365160\n|switch|p2b: Swampert|Swampert-Mega, L50|55/100\n|turn|9\n|\n|t:|1788365193\n|switch|p1b: Rillaboom|Rillaboom, L50|100/100\n|-fieldstart|move: Grassy Terrain|[from] ability: Grassy Surge|[of] p1b: Rillaboom\n|move|p2a: Sinistcha|Rage Powder|p2a: Sinistcha\n|-singleturn|p2a: Sinistcha|move: Rage Powder\n|move|p1a: Sneasler|Close Combat|p2a: Sinistcha\n|-immune|p2a: Sinistcha\n|move|p2b: Swampert|Wave Crash|p1b: Rillaboom\n|-resisted|p1b: Rillaboom|1\n|-damage|p1b: Rillaboom|46/100\n|-damage|p2b: Swampert|37/100|[from] Recoil\n|\n|-weather|RainDance|[upkeep]\n|-heal|p1a: Sneasler|42/100 brn|[from] Grassy Terrain\n|-heal|p2b: Swampert|43/100|[from] Grassy Terrain\n|-heal|p1b: Rillaboom|52/100|[from] Grassy Terrain\n|-heal|p2a: Sinistcha|91/100|[from] Grassy Terrain\n|-damage|p1a: Sneasler|36/100 brn|[from] brn\n|upkeep\n|turn|10\n|\n|t:|1788365206\n|switch|p2b: Archaludon|Archaludon, L50|100/100\n|move|p1a: Sneasler|Gunk Shot|p2a: Sinistcha\n|-damage|p2a: Sinistcha|70/100\n|move|p1b: Rillaboom|U-turn|p2a: Sinistcha\n|-damage|p2a: Sinistcha|50/100y\n|\n|t:|1788365212\n|switch|p1b: Floette|Floette-Mega, L50, F|82/100|[from] U-turn\n|-ability|p1b: Floette|Fairy Aura\n|move|p2a: Sinistcha|Trick Room|p2a: Sinistcha\n|-fieldstart|move: Trick Room|[of] p2a: Sinistcha\n|\n|-weather|RainDance|[upkeep]\n|-heal|p2a: Sinistcha|56/100|[from] Grassy Terrain\n|-heal|p1b: Floette|88/100|[from] Grassy Terrain\n|-heal|p1a: Sneasler|42/100 brn|[from] Grassy Terrain\n|-damage|p1a: Sneasler|36/100 brn|[from] brn\n|upkeep\n|turn|11\n|\n|t:|1788365235\n|switch|p1a: Rillaboom|Rillaboom, L50|52/100\n|move|p1b: Floette|Protect|p1b: Floette\n|-singleturn|p1b: Floette|Protect\n|move|p2a: Sinistcha|Matcha Gotcha|p1a: Rillaboom|[spread] p1a\n|-activate|p1b: Floette|move: Protect\n|-resisted|p1a: Rillaboom|1\n|-damage|p1a: Rillaboom|39/100\n|-heal|p2a: Sinistcha|62/100|[from] drain|[of] p1a: Rillaboom\n|move|p2b: Archaludon|Flash Cannon|p1b: Floette\n|-activate|p1b: Floette|move: Protect\n|\n|-weather|none\n|-heal|p2a: Sinistcha|69/100|[from] Grassy Terrain\n|-heal|p1a: Rillaboom|45/100|[from] Grassy Terrain\n|-heal|p1b: Floette|95/100|[from] Grassy Terrain\n|upkeep\n|turn|12\n|\n|t:|1788365248\n|move|p2a: Sinistcha|Protect|p2a: Sinistcha\n|-singleturn|p2a: Sinistcha|Protect\n|move|p2b: Archaludon|Protect|p2b: Archaludon\n|-singleturn|p2b: Archaludon|Protect\n|move|p1a: Rillaboom|Fake Out|p2b: Archaludon\n|-activate|p2b: Archaludon|move: Protect\n|move|p1b: Floette|Calm Mind|p1b: Floette\n|-boost|p1b: Floette|spa|1\n|-boost|p1b: Floette|spd|1\n|\n|-heal|p2a: Sinistcha|75/100|[from] Grassy Terrain\n|-heal|p1a: Rillaboom|51/100|[from] Grassy Terrain\n|-heal|p1b: Floette|100/100|[from] Grassy Terrain\n|upkeep\n|turn|13\n|\n|t:|1788365265\n|switch|p1a: Sneasler|Sneasler, L50|36/100 brn\n|move|p1b: Floette|Protect|p1b: Floette\n|-singleturn|p1b: Floette|Protect\n|move|p2a: Sinistcha|Matcha Gotcha|p1a: Sneasler|[spread] p1a\n|-activate|p1b: Floette|move: Protect\n|-resisted|p1a: Sneasler|1\n|-damage|p1a: Sneasler|17/100 brn\n|-heal|p2a: Sinistcha|84/100|[from] drain|[of] p1a: Sneasler\n|move|p2b: Archaludon|Flash Cannon|p1b: Floette\n|-activate|p1b: Floette|move: Protect\n|\n|-heal|p2a: Sinistcha|91/100|[from] Grassy Terrain\n|-heal|p1a: Sneasler|23/100 brn|[from] Grassy Terrain\n|-damage|p1a: Sneasler|17/100 brn|[from] brn\n|-fieldend|move: Grassy Terrain\n|upkeep\n|turn|14\n|\n|t:|1788365284\n|switch|p2b: Swampert|Swampert-Mega, L50|43/100\n|move|p2a: Sinistcha|Matcha Gotcha|p1b: Floette|[spread] p1a,p1b\n|-resisted|p1a: Sneasler|1\n|-damage|p1a: Sneasler|1/100 brn\n|-heal|p2a: Sinistcha|98/100|[from] drain|[of] p1a: Sneasler\n|-damage|p1b: Floette|89/100\n|-heal|p2a: Sinistcha|100/100|[from] drain|[of] p1b: Floette\n|move|p1b: Floette|Dazzling Gleam|p2a: Sinistcha|[spread] p2a,p2b\n|-damage|p2a: Sinistcha|35/100\n|-damage|p2b: Swampert|0 fnt\n|faint|p2b: Swampert\n|move|p1a: Sneasler|Close Combat|p2a: Sinistcha\n|-immune|p2a: Sinistcha\n|\n|-damage|p1a: Sneasler|0 fnt|[from] brn\n|faint|p1a: Sneasler\n|-fieldend|move: Trick Room\n|upkeep\n|\n|t:|1788365297\n|switch|p1a: Rillaboom|Rillaboom, L50|51/100\n|switch|p2b: Archaludon|Archaludon, L50|100/100\n|-fieldstart|move: Grassy Terrain|[from] ability: Grassy Surge|[of] p1a: Rillaboom\n|turn|15\n|\n|t:|1788365313\n|move|p2b: Archaludon|Protect|p2b: Archaludon\n|-singleturn|p2b: Archaludon|Protect\n|move|p2a: Sinistcha|Protect|p2a: Sinistcha\n|-singleturn|p2a: Sinistcha|Protect\n|move|p1a: Rillaboom|Fake Out|p2b: Archaludon\n|-activate|p2b: Archaludon|move: Protect\n|move|p1b: Floette|Calm Mind|p1b: Floette\n|-boost|p1b: Floette|spa|1\n|-boost|p1b: Floette|spd|1\n|\n|-heal|p1b: Floette|95/100|[from] Grassy Terrain\n|-heal|p1a: Rillaboom|57/100|[from] Grassy Terrain\n|-heal|p2a: Sinistcha|41/100|[from] Grassy Terrain\n|upkeep\n|turn|16\n|\n|t:|1788365332\n|move|p1b: Floette|Dazzling Gleam|p2a: Sinistcha|[spread] p2a,p2b\n|-damage|p2a: Sinistcha|0 fnt\n|-damage|p2b: Archaludon|0 fnt\n|faint|p2a: Sinistcha\n|faint|p2b: Archaludon\n|\n|win|monkeychese\n||sophyplayz is ready for game 2.\n||monkeychese is ready for game 2.\n|uhtml|next|Next: <a href=\"/battle-gen9championsvgc2026regmbbo3-2674485095\"><strong>Game 2 of 3</strong></a>\n|l|☆monkeychese\n|player|p1|\n","uploadtime":1788365355,"views":"0","formatid":"gen9championsvgc2026regmbbo3","rating":null,"private":0,"password":null}