{"id":"gen9championsvgc2026regmb-2674461180","format":"[Gen 9 Champions] VGC 2026 Reg M-B","players":["777skills","IKA 3"],"log":"|j|☆777skills\n|j|☆IKA 3\n|t:|1788362539\n|gametype|doubles\n|player|p1|777skills|1|1160\n|player|p2|IKA 3|iris|1145\n|gen|9\n|tier|[Gen 9 Champions] VGC 2026 Reg M-B\n|rated|\n|rule|Species Clause: Limit one of each Pokémon\n|rule|Item Clause: Limit 1 of each item\n|clearpoke\n|poke|p1|Basculegion, L50, M|\n|poke|p1|Clefable, L50, M|\n|poke|p1|Meganium, L50, F|\n|poke|p1|Rotom-Heat, L50|\n|poke|p1|Annihilape, L50, F|\n|poke|p1|Gholdengo, L50|\n|poke|p2|Gengar, L50, F, shiny|\n|poke|p2|Whimsicott, L50, F, shiny|\n|poke|p2|Rotom-Wash, L50, shiny|\n|poke|p2|Meowscarada, L50, M|\n|poke|p2|Sneasler, L50, F|\n|poke|p2|Floette-Eternal, L50, F|\n|teampreview|4\n|inactive|Battle timer is ON: inactive players will automatically lose when time's up. (requested by IKA 3)\n|inactive|777skills has 60 seconds left.\n|\n|t:|1788362579\n|teamsize|p1|4\n|teamsize|p2|4\n|start\n|switch|p1a: Annihilape|Annihilape, L50, F|100/100\n|switch|p1b: Rotom|Rotom-Heat, L50|100/100\n|switch|p2a: Gengar|Gengar, L50, F, shiny|100/100\n|switch|p2b: Sneasler|Sneasler, L50, F|100/100\n|turn|1\n|\n|t:|1788362601\n|switch|p1b: Gholdengo|Gholdengo, L50|100/100\n|detailschange|p2a: Gengar|Gengar-Mega, L50, F, shiny\n|-mega|p2a: Gengar|Gengar|Gengarite\n|move|p2b: Sneasler|Fake Out|p1b: Gholdengo\n|-immune|p1b: Gholdengo\n|move|p1a: Annihilape|Rage Fist|p2a: Gengar\n|-supereffective|p2a: Gengar|1\n|-damage|p2a: Gengar|21/100\n|move|p2a: Gengar|Shadow Ball|p1a: Annihilape\n|-supereffective|p1a: Annihilape|1\n|-damage|p1a: Annihilape|0 fnt\n|faint|p1a: Annihilape\n|\n|upkeep\n|\n|t:|1788362617\n|switch|p1a: Basculegion|Basculegion, L50, M|100/100\n|turn|2\n|\n|t:|1788362628\n|switch|p2a: Meowscarada|Meowscarada, L50, M|100/100\n|switch|p2b: Rotom|Rotom-Wash, L50, shiny|100/100\n|move|p1a: Basculegion|Aqua Jet|p2a: Meowscarada\n|-resisted|p2a: Meowscarada|1\n|-damage|p2a: Meowscarada|76/100\n|move|p1b: Gholdengo|Shadow Ball|p2b: Rotom\n|-damage|p2b: Rotom|55/100\n|-damage|p1b: Gholdengo|90/100|[from] item: Life Orb\n|\n|upkeep\n|turn|3\n|\n|t:|1788362653\n|switch|p1b: Rotom|Rotom-Heat, L50|100/100\n|move|p2a: Meowscarada|Knock Off|p1b: Rotom\n|-start|p2a: Meowscarada|typechange|Dark|[from] ability: Protean\n|-damage|p1b: Rotom|40/100\n|-enditem|p1b: Rotom|Charti Berry|[from] move: Knock Off|[of] p2a: Meowscarada\n|move|p1a: Basculegion|Last Respects|p2b: Rotom\n|-damage|p2b: Rotom|0 fnt\n|faint|p2b: Rotom\n|\n|upkeep\n|\n|t:|1788362659\n|switch|p2b: Gengar|Gengar-Mega, L50, F, shiny|21/100\n|turn|4\n|\n|t:|1788362678\n|move|p1a: Basculegion|Aqua Jet|p2b: Gengar\n|-damage|p2b: Gengar|0 fnt\n|faint|p2b: Gengar\n|move|p2a: Meowscarada|Knock Off|p1a: Basculegion\n|-supereffective|p1a: Basculegion|1\n|-damage|p1a: Basculegion|0 fnt\n|-enditem|p1a: Basculegion|Mystic Water|[from] move: Knock Off|[of] p2a: Meowscarada\n|faint|p1a: Basculegion\n|move|p1b: Rotom|Electroweb|p2a: Meowscarada\n|-damage|p2a: Meowscarada|35/100\n|-unboost|p2a: Meowscarada|spe|1\n|\n|upkeep\n|\n|t:|1788362684\n|switch|p2b: Sneasler|Sneasler, L50, F|100/100\n|switch|p1a: Gholdengo|Gholdengo, L50|90/100\n|turn|5\n|-message|IKA 3 forfeited.\n|\n|win|777skills\n|raw|777skills's rating: 1160 &rarr; <strong>1184</strong><br />(+24 for winning)\n|raw|IKA 3's rating: 1145 &rarr; <strong>1121</strong><br />(-24 for losing)\n","uploadtime":1788362707,"views":"1","formatid":"gen9championsvgc2026regmb","rating":1121,"private":0,"password":null}