{"id":"gen9championsvgc2026regmbbo3-2673535860","format":"[Gen 9 Champions] VGC 2026 Reg M-B (Bo3)","players":["uhbgyvtcvvc","Mashuno"],"log":"|j|☆uhbgyvtcvvc\n|j|☆Mashuno\n|html|<table width=\"100%\"><tr><td align=\"left\">uhbgyvtcvvc</td><td align=\"right\">Mashuno</tr><tr><td align=\"left\"><i class=\"fa fa-circle-o\"></i> <i class=\"fa fa-circle-o\"></i> </td><td align=\"right\"><i class=\"fa fa-circle-o\"></i> <i class=\"fa fa-circle-o\"></i> </tr></table>\n|uhtml|bestof|<h2><strong>Game 1</strong> of <a href=\"/game-bestof3-gen9championsvgc2026regmbbo3-2673535859\">a best-of-3</a></h2>\n|t:|1788209854\n|gametype|doubles\n|player|p1|uhbgyvtcvvc|101|1041\n|player|p2|Mashuno|harlequin|1141\n|gen|9\n|tier|[Gen 9 Champions] VGC 2026 Reg M-B (Bo3)\n|rated|\n|rule|Species Clause: Limit one of each Pokémon\n|rule|Item Clause: Limit 1 of each item\n|clearpoke\n|poke|p1|Raichu, L50, F|\n|poke|p1|Basculegion, L50, M|\n|poke|p1|Sneasler, L50, M|\n|poke|p1|Farigiraf, L50, F|\n|poke|p1|Tsareena, L50, F|\n|poke|p1|Incineroar, L50, F|\n|poke|p2|Pelipper, L50, F|\n|poke|p2|Archaludon, L50, M|\n|poke|p2|Blastoise, L50, F|\n|poke|p2|Sinistcha, L50|\n|poke|p2|Sableye, L50, M|\n|poke|p2|Sneasler, L50, M|\n|teampreview|4\n|showteam|p1|Raichu||RaichuniteY|LightningRod|FocusBlast,ZapCannon,Protect,FakeOut|Hasty||F|||50|]Basculegion||ChoiceScarf|Adaptability|AquaJet,LastRespects,Liquidation,Protect|Adamant||M|||50|]Sneasler||MentalHerb|Unburden|CloseCombat,FakeOut,DireClaw,Protect|Adamant||M|||50|]Farigiraf||SitrusBerry|ArmorTail|Protect,GrassKnot,Psychic,HyperVoice|Bold||F|||50|]Tsareena||FocusSash|QueenlyMajesty|PetalBlizzard,Uturn,TripleAxel,Protect|Adamant||F|||50|]Incineroar||BlackGlasses|Intimidate|FakeOut,DarkestLariat,FlareBlitz,DrainPunch|Adamant||F|||50|\n|showteam|p2|Pelipper||FocusSash|Drizzle|WeatherBall,Hurricane,Tailwind,RainDance|Timid||F|||50|]Archaludon||Leftovers|Stamina|Protect,DracoMeteor,FlashCannon,ElectroShot|Modest||M|||50|]Blastoise||Blastoisinite|RainDish|Protect,WaterSpout,DarkPulse,ShellSmash|Modest||F|||50|]Sinistcha||SitrusBerry|Hospitality|MatchaGotcha,RagePowder,LifeDew,TrickRoom|Bold|||||50|]Sableye||LightClay|Prankster|FoulPlay,LightScreen,Reflect,RainDance|Impish||M|||50|]Sneasler||WhiteHerb|Unburden|FakeOut,DireClaw,CloseCombat,RockSlide|Jolly||M|||50|\n|\n|t:|1788209907\n|teamsize|p1|4\n|teamsize|p2|4\n|start\n|switch|p1a: Raichu|Raichu, L50, F|100/100\n|switch|p1b: Tsareena|Tsareena, L50, F|100/100\n|switch|p2a: Iroh|Sinistcha, L50|100/100\n|switch|p2b: Blastoise|Blastoise, L50, F|100/100\n|turn|1\n|\n|t:|1788209928\n|detailschange|p1a: Raichu|Raichu-Mega-Y, L50, F\n|-mega|p1a: Raichu|Raichu|Raichunite Y\n|move|p2b: Blastoise|Protect|p2b: Blastoise\n|-singleturn|p2b: Blastoise|Protect\n|move|p1a: Raichu|Zap Cannon|p2b: Blastoise\n|-activate|p2b: Blastoise|move: Protect\n|move|p1b: Tsareena|Triple Axel|p2a: Iroh|[miss]\n|-miss|p1b: Tsareena|p2a: Iroh\n|move|p2a: Iroh|Trick Room|p2a: Iroh\n|-fieldstart|move: Trick Room|[of] p2a: Iroh\n|\n|upkeep\n|turn|2\n|\n|t:|1788209956\n|detailschange|p2b: Blastoise|Blastoise-Mega, L50, F\n|-mega|p2b: Blastoise|Blastoise|Blastoisinite\n|move|p2a: Iroh|Rage Powder|p2a: Iroh\n|-singleturn|p2a: Iroh|move: Rage Powder\n|move|p1b: Tsareena|Triple Axel|p2a: Iroh\n|-supereffective|p2a: Iroh|1\n|-damage|p2a: Iroh|88/100\n|-supereffective|p2a: Iroh|1\n|-damage|p2a: Iroh|68/100\n|-supereffective|p2a: Iroh|1\n|-damage|p2a: Iroh|34/100\n|-enditem|p2a: Iroh|Sitrus Berry|[eat]\n|-heal|p2a: Iroh|59/100|[from] item: Sitrus Berry\n|-hitcount|p2a: Iroh|3\n|move|p2b: Blastoise|Dark Pulse|p1b: Tsareena\n|-damage|p1b: Tsareena|48/100\n|move|p1a: Raichu|Zap Cannon|p2a: Iroh\n|-resisted|p2a: Iroh|1\n|-damage|p2a: Iroh|22/100\n|-status|p2a: Iroh|par\n|\n|upkeep\n|turn|3\n|\n|t:|1788209980\n|move|p2a: Iroh|Rage Powder|p2a: Iroh\n|-singleturn|p2a: Iroh|move: Rage Powder\n|move|p1b: Tsareena|Triple Axel|p2a: Iroh\n|-supereffective|p2a: Iroh|1\n|-damage|p2a: Iroh|11/100 par\n|-supereffective|p2a: Iroh|1\n|-damage|p2a: Iroh|0 fnt\n|faint|p2a: Iroh\n|-hitcount|p2: Iroh|2\n|move|p2b: Blastoise|Dark Pulse|p1b: Tsareena\n|-damage|p1b: Tsareena|0 fnt\n|faint|p1b: Tsareena\n|move|p1a: Raichu|Zap Cannon|p2b: Blastoise\n|-supereffective|p2b: Blastoise|1\n|-damage|p2b: Blastoise|0 fnt\n|faint|p2b: Blastoise\n|\n|upkeep\n|\n|t:|1788209996\n|switch|p2a: Dai News|Pelipper, L50, F|100/100\n|switch|p1b: Farigiraf|Farigiraf, L50, F|100/100\n|switch|p2b: Junketsu|Archaludon, L50, M|100/100\n|-weather|RainDance|[from] ability: Drizzle|[of] p2a: Dai News\n|turn|4\n|\n|t:|1788210018\n|move|p1b: Farigiraf|Psychic|p2b: Junketsu\n|-resisted|p2b: Junketsu|1\n|-damage|p2b: Junketsu|75/100\n|-ability|p2b: Junketsu|Stamina|boost\n|-boost|p2b: Junketsu|def|1\n|move|p2a: Dai News|Weather Ball|p1a: Raichu\n|-damage|p1a: Raichu|0 fnt\n|faint|p1a: Raichu\n|move|p2b: Junketsu|Electro Shot||[still]\n|-prepare|p2b: Junketsu|Electro Shot\n|-boost|p2b: Junketsu|spa|1\n|-anim|p2b: Junketsu|Electro Shot|p1b: Farigiraf\n|-damage|p1b: Farigiraf|40/100\n|-enditem|p1b: Farigiraf|Sitrus Berry|[eat]\n|-heal|p1b: Farigiraf|65/100|[from] item: Sitrus Berry\n|\n|-weather|RainDance|[upkeep]\n|-heal|p2b: Junketsu|81/100|[from] item: Leftovers\n|upkeep\n|\n|t:|1788210031\n|switch|p1a: Sneasler|Sneasler, L50, M|100/100\n|turn|5\n|\n|t:|1788210040\n|move|p2b: Junketsu|Protect|p2b: Junketsu\n|-singleturn|p2b: Junketsu|Protect\n|move|p1a: Sneasler|Fake Out|p2b: Junketsu\n|-activate|p2b: Junketsu|move: Protect\n|move|p1b: Farigiraf|Psychic|p2a: Dai News\n|-damage|p2a: Dai News|37/100\n|move|p2a: Dai News|Tailwind|p2a: Dai News\n|-sidestart|p2: Mashuno|move: Tailwind\n|\n|-weather|RainDance|[upkeep]\n|-heal|p2b: Junketsu|88/100|[from] item: Leftovers\n|-fieldend|move: Trick Room\n|upkeep\n|turn|6\n|\n|t:|1788210065\n|move|p2b: Junketsu|Electro Shot||[still]\n|-prepare|p2b: Junketsu|Electro Shot\n|-boost|p2b: Junketsu|spa|1\n|-anim|p2b: Junketsu|Electro Shot|p1a: Sneasler\n|-damage|p1a: Sneasler|0 fnt\n|faint|p1a: Sneasler\n|move|p2a: Dai News|Hurricane|p1b: Farigiraf\n|-damage|p1b: Farigiraf|18/100\n|move|p1b: Farigiraf|Hyper Voice|p2a: Dai News|[spread] p2a,p2b\n|-crit|p2a: Dai News\n|-resisted|p2b: Junketsu|1\n|-damage|p2a: Dai News|0 fnt\n|-damage|p2b: Junketsu|69/100\n|-ability|p2b: Junketsu|Stamina|boost\n|-boost|p2b: Junketsu|def|1\n|faint|p2a: Dai News\n|\n|-weather|RainDance|[upkeep]\n|-heal|p2b: Junketsu|75/100|[from] item: Leftovers\n|upkeep\n|turn|7\n|\n|t:|1788210085\n|move|p2b: Junketsu|Electro Shot||[still]\n|-prepare|p2b: Junketsu|Electro Shot\n|-boost|p2b: Junketsu|spa|1\n|-anim|p2b: Junketsu|Electro Shot|p1b: Farigiraf\n|-damage|p1b: Farigiraf|0 fnt\n|faint|p1b: Farigiraf\n|\n|win|Mashuno\n||Mashuno is ready for game 2.\n|l|☆uhbgyvtcvvc\n|player|p1|\n|inactive|uhbgyvtcvvc has 30 seconds to confirm battle start!\n","uploadtime":1788210096,"views":"0","formatid":"gen9championsvgc2026regmbbo3","rating":null,"private":0,"password":null}