{"id":"gen9championsvgc2026regmb-2673889968","format":"[Gen 9 Champions] VGC 2026 Reg M-B","players":["seedance1.2","CatboyJds"],"log":"|j|☆seedance1.2\n|j|☆CatboyJds\n|t:|1788273554\n|gametype|doubles\n|player|p1|seedance1.2|265|1232\n|player|p2|CatboyJds|beni-ninja|1307\n|gen|9\n|tier|[Gen 9 Champions] VGC 2026 Reg M-B\n|rated|\n|rule|Species Clause: Limit one of each Pokémon\n|rule|Item Clause: Limit 1 of each item\n|clearpoke\n|poke|p1|Watchog, L50, F, shiny|\n|poke|p1|Gengar, L50, M|\n|poke|p1|Whimsicott, L50, M|\n|poke|p1|Charizard, L50, F|\n|poke|p1|Kommo-o, L50, F|\n|poke|p1|Kingambit, L50, F|\n|poke|p2|Tyranitar, L50, M|\n|poke|p2|Excadrill, L50, M|\n|poke|p2|Gholdengo, L50|\n|poke|p2|Sinistcha, L50|\n|poke|p2|Milotic, L50, M|\n|poke|p2|Staraptor, L50, M|\n|teampreview|4\n|inactive|Battle timer is ON: inactive players will automatically lose when time's up. (requested by CatboyJds)\n|c|☆CatboyJds|glhf!\nCatboyJds has agreed to open team sheets.\n|\n|t:|1788273578\n|teamsize|p1|4\n|teamsize|p2|4\n|start\n|switch|p1a: Whimsicott|Whimsicott, L50, M|100/100\n|switch|p1b: Watchog|Watchog, L50, F, shiny|100/100\n|switch|p2a: Tyranitar|Tyranitar, L50, M|100/100\n|switch|p2b: Excadrill|Excadrill, L50, M|100/100\n|-weather|Sandstorm|[from] ability: Sand Stream|[of] p2a: Tyranitar\n|turn|1\n|\n|t:|1788273598\n|move|p1a: Whimsicott|Protect|p1a: Whimsicott\n|-singleturn|p1a: Whimsicott|Protect\n|move|p2b: Excadrill|Iron Head|p1a: Whimsicott\n|-activate|p1a: Whimsicott|move: Protect\n|move|p1b: Watchog|Super Fang|p2b: Excadrill\n|-damage|p2b: Excadrill|50/100g\n|move|p2a: Tyranitar|Rock Slide|p1b: Watchog|[spread] p1b\n|-activate|p1a: Whimsicott|move: Protect\n|-damage|p1b: Watchog|53/100\n|\n|-weather|Sandstorm|[upkeep]\n|-damage|p1b: Watchog|47/100|[from] Sandstorm\n|-damage|p1a: Whimsicott|94/100|[from] Sandstorm\n|upkeep\n|turn|2\n|\n|t:|1788273617\n|move|p1a: Whimsicott|Tailwind|p1a: Whimsicott\n|-sidestart|p1: seedance1.2|move: Tailwind\n|move|p1b: Watchog|Super Fang|p2a: Tyranitar\n|-damage|p2a: Tyranitar|50/100g\n|move|p2b: Excadrill|Iron Head|p1a: Whimsicott\n|-supereffective|p1a: Whimsicott|1\n|-damage|p1a: Whimsicott|0 fnt\n|faint|p1a: Whimsicott\n|move|p2a: Tyranitar|Rock Slide|p1b: Watchog\n|-damage|p1b: Watchog|0 fnt\n|faint|p1b: Watchog\n|\n|-weather|Sandstorm|[upkeep]\n|upkeep\n|\n|t:|1788273631\n|switch|p1a: Charizard|Charizard, L50, F|100/100\n|switch|p1b: Kommo-o|Kommo-o, L50, F|100/100\n|turn|3\n|inactive|CatboyJds has 30 seconds left.\n|\n|t:|1788273661\n|detailschange|p2a: Tyranitar|Tyranitar-Mega, L50, M\n|-mega|p2a: Tyranitar|Tyranitar|Tyranitarite\n|move|p2a: Tyranitar|Protect|p2a: Tyranitar\n|-singleturn|p2a: Tyranitar|Protect\n|move|p1b: Kommo-o|Vacuum Wave|p2a: Tyranitar\n|-activate|p2a: Tyranitar|move: Protect\n|move|p1a: Charizard|Heat Wave|p2b: Excadrill|[spread] p2b\n|-activate|p2a: Tyranitar|move: Protect\n|-supereffective|p2b: Excadrill|1\n|-damage|p2b: Excadrill|0 fnt\n|faint|p2b: Excadrill\n|\n|-weather|Sandstorm|[upkeep]\n|-damage|p1a: Charizard|94/100|[from] Sandstorm\n|upkeep\n|\n|t:|1788273672\n|switch|p2b: Sinistcha|Sinistcha, L50|100/100\n|-heal|p2a: Tyranitar|74/100|[from] ability: Hospitality|[of] p2b: Sinistcha\n|turn|4\n|\n|t:|1788273686\n|detailschange|p1a: Charizard|Charizard-Mega-Y, L50, F\n|-mega|p1a: Charizard|Charizard|Charizardite Y\n|-weather|SunnyDay|[from] ability: Drought|[of] p1a: Charizard\n|move|p2b: Sinistcha|Rage Powder|p2b: Sinistcha\n|-singleturn|p2b: Sinistcha|move: Rage Powder\n|move|p1a: Charizard|Heat Wave|p2b: Sinistcha|[spread] p2a,p2b\n|-resisted|p2a: Tyranitar|1\n|-supereffective|p2b: Sinistcha|1\n|-damage|p2a: Tyranitar|48/100\n|-damage|p2b: Sinistcha|0 fnt\n|faint|p2b: Sinistcha\n|move|p1b: Kommo-o|Aura Sphere|p2a: Tyranitar\n|-supereffective|p2a: Tyranitar|2\n|-damage|p2a: Tyranitar|0 fnt\n|faint|p2a: Tyranitar\n|-damage|p1b: Kommo-o|90/100|[from] item: Life Orb\n|\n|-weather|SunnyDay|[upkeep]\n|upkeep\n|\n|t:|1788273699\n|switch|p2a: Gholdengo|Gholdengo, L50|100/100\n|turn|5\n|-message|CatboyJds forfeited.\n|\n|win|seedance1.2\n|raw|seedance1.2's rating: 1232 &rarr; <strong>1262</strong><br />(+30 for winning)\n|raw|CatboyJds's rating: 1307 &rarr; <strong>1283</strong><br />(-24 for losing)\n|l|☆CatboyJds\n|player|p2|\n","uploadtime":1788273711,"views":"0","formatid":"gen9championsvgc2026regmb","rating":1262,"private":0,"password":null}