{"id":"gen9championsvgc2026regmbbo3-2674155831","format":"[Gen 9 Champions] VGC 2026 Reg M-B (Bo3)","players":["diisaa","Sammias"],"log":"|j|☆diisaa\n|j|☆Sammias\n|html|<table width=\"100%\"><tr><td align=\"left\">diisaa</td><td align=\"right\">Sammias</tr><tr><td align=\"left\"><i class=\"fa fa-circle\"></i> <i class=\"fa fa-circle-o\"></i> </td><td align=\"right\"><i class=\"fa fa-circle-o\"></i> <i class=\"fa fa-circle\"></i> </tr></table>\n|uhtml|bestof|<h2><strong>Game 3</strong> of <a href=\"/game-bestof3-gen9championsvgc2026regmbbo3-2674152729\">a best-of-3</a></h2>\n|t:|1788307468\n|gametype|doubles\n|player|p1|diisaa|169|1306\n|player|p2|Sammias|miku-ground|1357\n|gen|9\n|tier|[Gen 9 Champions] VGC 2026 Reg M-B (Bo3)\n|rated|\n|rule|Species Clause: Limit one of each Pokémon\n|rule|Item Clause: Limit 1 of each item\n|clearpoke\n|poke|p1|Froslass, L50, F|\n|poke|p1|Sneasler, L50, M|\n|poke|p1|Basculegion, L50, M|\n|poke|p1|Dragonite, L50, F|\n|poke|p1|Garchomp, L50, M|\n|poke|p1|Kingambit, L50, F|\n|poke|p2|Floette-Eternal, L50, F|\n|poke|p2|Kingambit, L50, M|\n|poke|p2|Sneasler, L50, F|\n|poke|p2|Whimsicott, L50, M, shiny|\n|poke|p2|Basculegion, L50, M|\n|poke|p2|Kommo-o, L50, F|\n|teampreview|4\n|showteam|p1|Froslass||Froslassite|CursedBody|Blizzard,ShadowBall,AuroraVeil,Protect|Modest||F|||50|]Sneasler||FocusSash|Unburden|CloseCombat,DireClaw,FakeOut,Feint|Jolly||M|||50|]Basculegion||MysticWater|Adaptability|WaveCrash,LastRespects,AquaJet,Protect|Adamant||M|||50|]Dragonite||Dragoninite|Multiscale|DragonPulse,HeatWave,Tailwind,Protect|Modest||F|||50|]Garchomp||RoseliBerry|RoughSkin|Earthquake,DragonClaw,RockSlide,PoisonJab|Jolly||M|||50|]Kingambit||ChopleBerry|Defiant|KowtowCleave,SuckerPunch,IronHead,LowKick|Adamant||F|||50|\n|showteam|p2|Floette-Eternal||Floettite|FlowerVeil|Moonblast,DazzlingGleam,LightofRuin,Protect|Modest||F|||50|]Kingambit||BlackGlasses|Defiant|KowtowCleave,SuckerPunch,IronHead,Protect|Adamant||M|||50|]Sneasler||WhiteHerb|Unburden|FakeOut,CloseCombat,DireClaw,Taunt|Jolly||F|||50|]Whimsicott||FocusSash|Prankster|Protect,Tailwind,Encore,Moonblast|Timid||M|||50|]Basculegion||ChoiceScarf|Adaptability|LastRespects,WaveCrash,AquaJet,FlipTurn|Jolly||M|||50|]Kommo-o||LifeOrb|Bulletproof|ClangingScales,Protect,AuraSphere,Flamethrower|Modest||F|||50|\n|inactive|Battle timer is ON: inactive players will automatically lose when time's up. (requested by diisaa)\n|inactive|Sammias also wants the timer to be on.\n|inactive|diisaa has 60 seconds left.\n|inactive|Sammias has 60 seconds left.\n|\n|t:|1788307515\n|teamsize|p1|4\n|teamsize|p2|4\n|start\n|switch|p1a: Sneasler|Sneasler, L50, M|100/100\n|switch|p1b: Dragonite|Dragonite, L50, F|100/100\n|switch|p2a: Basculegion|Basculegion, L50, M|100/100\n|switch|p2b: Sneasler|Sneasler, L50, F|100/100\n|turn|1\n|\n|t:|1788307537\n|detailschange|p1b: Dragonite|Dragonite-Mega, L50, F\n|-mega|p1b: Dragonite|Dragonite|Dragoninite\n|move|p2b: Sneasler|Fake Out|p1b: Dragonite\n|-damage|p1b: Dragonite|94/100\n|move|p1a: Sneasler|Fake Out|p2b: Sneasler\n|-damage|p2b: Sneasler|77/100\n|move|p2a: Basculegion|Flip Turn|p1a: Sneasler\n|-damage|p1a: Sneasler|36/100\n|\n|t:|1788307544\n|switch|p2a: Whimsicott|Whimsicott, L50, M, shiny|100/100|[from] Flip Turn\n|cant|p1b: Dragonite|flinch\n|\n|upkeep\n|turn|2\n|\n|t:|1788307552\n|move|p1a: Sneasler|Feint|p2a: Whimsicott\n|-damage|p2a: Whimsicott|88/100\n|move|p2a: Whimsicott|Encore|p1a: Sneasler\n|-start|p1a: Sneasler|Encore\n|move|p2b: Sneasler|Dire Claw|p1b: Dragonite\n|-damage|p1b: Dragonite|54/100\n|move|p1b: Dragonite|Heat Wave|p2b: Sneasler|[spread] p2a,p2b\n|-supereffective|p2a: Whimsicott|1\n|-damage|p2a: Whimsicott|12/100\n|-damage|p2b: Sneasler|38/100\n|\n|upkeep\n|turn|3\n|\n|t:|1788307570\n|switch|p1a: Garchomp|Garchomp, L50, M|100/100\n|switch|p2a: Basculegion|Basculegion, L50, M|100/100\n|move|p2b: Sneasler|Dire Claw|p1b: Dragonite\n|-damage|p1b: Dragonite|14/100\n|move|p1b: Dragonite|Tailwind|p1b: Dragonite\n|-sidestart|p1: diisaa|move: Tailwind\n|\n|upkeep\n|turn|4\n|inactive|diisaa has 30 seconds left.\n|inactive|Sammias has 30 seconds left.\n|inactive|Sammias has 20 seconds left.\n|inactive|diisaa has 20 seconds left.\n|inactive|Sammias has 15 seconds left.\n|\n|t:|1788307614\n|move|p1b: Dragonite|Protect|p1b: Dragonite\n|-singleturn|p1b: Dragonite|Protect\n|move|p2a: Basculegion|Aqua Jet|p1b: Dragonite\n|-activate|p1b: Dragonite|move: Protect\n|move|p1a: Garchomp|Earthquake|p2b: Sneasler|[spread] p2a,p2b\n|-activate|p1b: Dragonite|move: Protect\n|-supereffective|p2b: Sneasler|1\n|-damage|p2a: Basculegion|55/100\n|-damage|p2b: Sneasler|0 fnt\n|faint|p2b: Sneasler\n|\n|upkeep\n|\n|t:|1788307618\n|switch|p2b: Whimsicott|Whimsicott, L50, M, shiny|12/100\n|turn|5\n|\n|t:|1788307641\n|move|p1b: Dragonite|Protect||[still]\n|-fail|p1b: Dragonite\n|move|p2a: Basculegion|Aqua Jet|p1b: Dragonite\n|-resisted|p1b: Dragonite|1\n|-damage|p1b: Dragonite|1/100\n|move|p2b: Whimsicott|Tailwind|p2b: Whimsicott\n|-sidestart|p2: Sammias|move: Tailwind\n|move|p1a: Garchomp|Earthquake|p2a: Basculegion|[spread] p2a,p2b\n|-immune|p1b: Dragonite\n|-resisted|p2b: Whimsicott|1\n|-damage|p2a: Basculegion|7/100\n|-damage|p2b: Whimsicott|0 fnt\n|faint|p2b: Whimsicott\n|\n|upkeep\n|\n|t:|1788307646\n|switch|p2b: Floette|Floette-Eternal, L50, F|100/100\n|turn|6\n|\n|t:|1788307662\n|detailschange|p2b: Floette|Floette-Mega, L50, F\n|-mega|p2b: Floette|Floette|Floettite\n|-ability|p2b: Floette|Fairy Aura\n|move|p1b: Dragonite|Protect|p1b: Dragonite\n|-singleturn|p1b: Dragonite|Protect\n|move|p2a: Basculegion|Aqua Jet|p1b: Dragonite\n|-activate|p1b: Dragonite|move: Protect\n|move|p1a: Garchomp|Earthquake|p2a: Basculegion|[spread] p2a,p2b\n|-activate|p1b: Dragonite|move: Protect\n|-damage|p2a: Basculegion|0 fnt\n|-damage|p2b: Floette|55/100\n|faint|p2a: Basculegion\n|move|p2b: Floette|Dazzling Gleam|p1a: Garchomp|[spread] p1a\n|-activate|p1b: Dragonite|move: Protect\n|-supereffective|p1a: Garchomp|1\n|-enditem|p1a: Garchomp|Roseli Berry|[eat]\n|-enditem|p1a: Garchomp|Roseli Berry|[weaken]\n|-damage|p1a: Garchomp|53/100\n|\n|-sideend|p1: diisaa|move: Tailwind\n|upkeep\n|turn|7\n|inactive|diisaa has 30 seconds left.\n|\n|t:|1788307691\n|switch|p1b: Kingambit|Kingambit, L50, F|100/100\n|move|p2b: Floette|Dazzling Gleam|p1b: Kingambit|[spread] p1a,p1b\n|-supereffective|p1a: Garchomp|1\n|-crit|p1a: Garchomp\n|-damage|p1a: Garchomp|0 fnt\n|-damage|p1b: Kingambit|51/100\n|faint|p1a: Garchomp\n|\n|upkeep\n|\n|t:|1788307698\n|switch|p1a: Sneasler|Sneasler, L50, M|36/100\n|turn|8\n|\n|t:|1788307705\n|switch|p1b: Dragonite|Dragonite-Mega, L50, F|1/100\n|move|p2b: Floette|Protect|p2b: Floette\n|-singleturn|p2b: Floette|Protect\n|move|p1a: Sneasler|Fake Out|p2b: Floette\n|-activate|p2b: Floette|move: Protect\n|\n|-sideend|p2: Sammias|move: Tailwind\n|upkeep\n|turn|9\n|\n|t:|1788307710\n|move|p1a: Sneasler|Dire Claw|p2b: Floette\n|-supereffective|p2b: Floette|1\n|-damage|p2b: Floette|0 fnt\n|faint|p2b: Floette\n|\n|win|diisaa\n|raw|diisaa's rating: 1306 &rarr; <strong>1329</strong><br />(+23 for winning)\n|raw|Sammias's rating: 1357 &rarr; <strong>1334</strong><br />(-23 for losing)\n","uploadtime":1788307712,"views":"2","formatid":"gen9championsvgc2026regmbbo3","rating":1329,"private":0,"password":null}