{"id":"gen9championsvgc2026regmb-2674394173","format":"[Gen 9 Champions] VGC 2026 Reg M-B","players":["Trevelion","rushinhoward"],"log":"|j|☆Trevelion\n|j|☆rushinhoward\n|t:|1788354188\n|gametype|doubles\n|player|p1|Trevelion|266|1492\n|player|p2|rushinhoward|1|1455\n|gen|9\n|tier|[Gen 9 Champions] VGC 2026 Reg M-B\n|rated|\n|rule|Species Clause: Limit one of each Pokémon\n|rule|Item Clause: Limit 1 of each item\n|clearpoke\n|poke|p1|Whimsicott, L50, M|\n|poke|p1|Delphox, L50, M|\n|poke|p1|Floette-Eternal, L50, F|\n|poke|p1|Basculegion, L50, M|\n|poke|p1|Garchomp, L50, F|\n|poke|p1|Incineroar, L50, M|\n|poke|p2|Raichu, L50, F|\n|poke|p2|Sylveon, L50, M|\n|poke|p2|Arcanine-Hisui, L50, M|\n|poke|p2|Kingambit, L50, F|\n|poke|p2|Farigiraf, L50, F|\n|poke|p2|Staraptor, L50, M|\n|teampreview|4\n|inactive|Battle timer is ON: inactive players will automatically lose when time's up. (requested by rushinhoward)\n|inactive|rushinhoward has 60 seconds left.\n|\n|t:|1788354239\n|teamsize|p1|4\n|teamsize|p2|4\n|start\n|switch|p1a: Whimsicott|Whimsicott, L50, M|100/100\n|switch|p1b: Garchomp|Garchomp, L50, F|100/100\n|switch|p2a: Farigiraf|Farigiraf, L50, F|100/100\n|switch|p2b: Sylveon|Sylveon, L50, M|100/100\n|turn|1\n|\n|t:|1788354256\n|move|p1b: Garchomp|Rock Slide|p2b: Sylveon|[spread] p2a,p2b\n|-damage|p2a: Farigiraf|76/100\n|-damage|p2b: Sylveon|71/100\n|-damage|p1b: Garchomp|90/100|[from] item: Life Orb\n|move|p1a: Whimsicott|Moonblast|p2a: Farigiraf\n|-damage|p2a: Farigiraf|53/100\n|cant|p2b: Sylveon|flinch\n|move|p2a: Farigiraf|Trick Room|p2a: Farigiraf\n|-fieldstart|move: Trick Room|[of] p2a: Farigiraf\n|\n|upkeep\n|turn|2\n|\n|t:|1788354276\n|move|p2a: Farigiraf|Helping Hand|p2b: Sylveon\n|-singleturn|p2b: Sylveon|Helping Hand|[of] p2a: Farigiraf\n|move|p1b: Garchomp|Protect|p1b: Garchomp\n|-singleturn|p1b: Garchomp|Protect\n|move|p2b: Sylveon|Hyper Voice|p1a: Whimsicott|[spread] p1a\n|-activate|p1b: Garchomp|move: Protect\n|-damage|p1a: Whimsicott|11/100\n|-enditem|p1a: Whimsicott|Sitrus Berry|[eat]\n|-heal|p1a: Whimsicott|35/100|[from] item: Sitrus Berry\n|move|p1a: Whimsicott|Moonblast|p2b: Sylveon\n|-damage|p2b: Sylveon|50/100g\n|-unboost|p2b: Sylveon|spa|1\n|\n|upkeep\n|turn|3\n|\n|t:|1788354291\n|move|p2a: Farigiraf|Helping Hand|p2b: Sylveon\n|-singleturn|p2b: Sylveon|Helping Hand|[of] p2a: Farigiraf\n|move|p2b: Sylveon|Hyper Voice|p1a: Whimsicott|[spread] p1a,p1b\n|-supereffective|p1b: Garchomp|1\n|-damage|p1a: Whimsicott|0 fnt\n|-damage|p1b: Garchomp|0 fnt\n|faint|p1a: Whimsicott\n|faint|p1b: Garchomp\n|\n|upkeep\n|\n|t:|1788354299\n|switch|p1a: Floette|Floette-Eternal, L50, F|100/100\n|switch|p1b: Basculegion|Basculegion, L50, M|100/100\n|turn|4\n|\n|t:|1788354308\n|detailschange|p1a: Floette|Floette-Mega, L50, F\n|-mega|p1a: Floette|Floette|Floettite\n|-ability|p1a: Floette|Fairy Aura\n|move|p2a: Farigiraf|Helping Hand|p2b: Sylveon\n|-singleturn|p2b: Sylveon|Helping Hand|[of] p2a: Farigiraf\n|move|p2b: Sylveon|Hyper Beam|p1b: Basculegion\n|-enditem|p1b: Basculegion|Focus Sash\n|-damage|p1b: Basculegion|1/100\n|-mustrecharge|p2b: Sylveon\n|move|p1b: Basculegion|Liquidation|p2a: Farigiraf\n|-damage|p2a: Farigiraf|4/100\n|-unboost|p2a: Farigiraf|def|1\n|-enditem|p2a: Farigiraf|Sitrus Berry|[eat]\n|-heal|p2a: Farigiraf|29/100|[from] item: Sitrus Berry\n|move|p1a: Floette|Dazzling Gleam|p2b: Sylveon|[spread] p2a,p2b\n|-damage|p2a: Farigiraf|0 fnt\n|-damage|p2b: Sylveon|14/100\n|faint|p2a: Farigiraf\n|\n|upkeep\n|\n|t:|1788354325\n|switch|p2a: Kingambit|Kingambit, L50, F|100/100\n|turn|5\n|\n|t:|1788354347\n|move|p1a: Floette|Protect|p1a: Floette\n|-singleturn|p1a: Floette|Protect\n|move|p1b: Basculegion|Aqua Jet|p2b: Sylveon\n|-damage|p2b: Sylveon|0 fnt\n|faint|p2b: Sylveon\n|move|p2a: Kingambit|Kowtow Cleave|p1b: Basculegion\n|-supereffective|p1b: Basculegion|1\n|-damage|p1b: Basculegion|0 fnt\n|faint|p1b: Basculegion\n|-damage|p2a: Kingambit|90/100|[from] item: Life Orb\n|\n|-fieldend|move: Trick Room\n|upkeep\n|\n|t:|1788354358\n|switch|p2b: Raichu|Raichu, L50, F|100/100\n|turn|6\n|\n|t:|1788354364\n|detailschange|p2b: Raichu|Raichu-Mega-Y, L50, F\n|-mega|p2b: Raichu|Raichu|Raichunite Y\n|move|p1a: Floette|Protect|p1a: Floette\n|-singleturn|p1a: Floette|Protect\n|move|p2b: Raichu|Fake Out|p1a: Floette\n|-activate|p1a: Floette|move: Protect\n|move|p2a: Kingambit|Swords Dance|p2a: Kingambit\n|-boost|p2a: Kingambit|atk|2\n|\n|upkeep\n|turn|7\n|\n|t:|1788354374\n|move|p2a: Kingambit|Sucker Punch|p1a: Floette\n|-resisted|p1a: Floette|1\n|-damage|p1a: Floette|22/100\n|-damage|p2a: Kingambit|80/100|[from] item: Life Orb\n|move|p2b: Raichu|Zap Cannon|p1a: Floette\n|-damage|p1a: Floette|0 fnt\n|faint|p1a: Floette\n|\n|win|rushinhoward\n|raw|Trevelion's rating: 1492 &rarr; <strong>1470</strong><br />(-22 for losing)\n|raw|rushinhoward's rating: 1455 &rarr; <strong>1477</strong><br />(+22 for winning)\n|l|☆Trevelion\n|player|p1|\n","uploadtime":1788354384,"views":"12","formatid":"gen9championsvgc2026regmb","rating":1470,"private":0,"password":null}