{"id":"gen9championsvgc2026regmb-2674938918","format":"[Gen 9 Champions] VGC 2026 Reg M-B","players":["5tgy7uhj","ozuno"],"log":"|j|‽5tgy7uhj\n|j|☆ozuno\n|t:|1788439139\n|gametype|doubles\n|player|p1|5tgy7uhj|169|1040\n|player|p2|ozuno|101|1046\n|gen|9\n|tier|[Gen 9 Champions] VGC 2026 Reg M-B\n|rated|\n|rule|Species Clause: Limit one of each Pokémon\n|rule|Item Clause: Limit 1 of each item\n|clearpoke\n|poke|p1|Dragonite, L50, M|\n|poke|p1|Sneasler, L50, F|\n|poke|p1|Basculegion, L50, M|\n|poke|p1|Kingambit, L50, F|\n|poke|p1|Garchomp, L50, F|\n|poke|p1|Floette-Eternal, L50, F|\n|poke|p2|Staraptor, L50, F|\n|poke|p2|Arcanine-Hisui, L50, F|\n|poke|p2|Kingambit, L50, M|\n|poke|p2|Raichu, L50, F|\n|poke|p2|Whimsicott, L50, F|\n|poke|p2|Sylveon, L50, M|\n|teampreview|4\n|inactive|Battle timer is ON: inactive players will automatically lose when time's up. (requested by 5tgy7uhj)\n|inactive|ozuno has 60 seconds left.\n|\n|t:|1788439185\n|teamsize|p1|4\n|teamsize|p2|4\n|start\n|switch|p1a: Sneasler|Sneasler, L50, F|100/100\n|switch|p1b: Kingambit|Kingambit, L50, F|100/100\n|switch|p2a: Staraptor|Staraptor, L50, F|100/100\n|switch|p2b: Sylveon|Sylveon, L50, M|100/100\n|-ability|p2a: Staraptor|Intimidate|boost\n|-unboost|p1a: Sneasler|atk|1\n|-unboost|p1b: Kingambit|atk|1\n|-ability|p1b: Kingambit|Defiant|boost\n|-boost|p1b: Kingambit|atk|2\n|turn|1\n|inactive|5tgy7uhj has 30 seconds left.\n|inactive|ozuno has 30 seconds left.\n|inactive|5tgy7uhj has 20 seconds left.\n|inactive|ozuno has 20 seconds left.\n|inactive|5tgy7uhj has 15 seconds left.\n|inactive|5tgy7uhj has 10 seconds left.\n|\n|t:|1788439231\n|detailschange|p2a: Staraptor|Staraptor-Mega, L50, F\n|-mega|p2a: Staraptor|Staraptor|Staraptite\n|move|p2a: Staraptor|Protect|p2a: Staraptor\n|-singleturn|p2a: Staraptor|Protect\n|move|p2b: Sylveon|Detect|p2b: Sylveon\n|-singleturn|p2b: Sylveon|Protect\n|move|p1a: Sneasler|Fake Out|p2a: Staraptor\n|-activate|p2a: Staraptor|move: Protect\n|move|p1b: Kingambit|Iron Head|p2b: Sylveon\n|-activate|p2b: Sylveon|move: Protect\n|\n|upkeep\n|turn|2\n|inactive|5tgy7uhj has 30 seconds left.\n|inactive|ozuno has 30 seconds left.\n|\n|t:|1788439262\n|switch|p2b: Kingambit|Kingambit, L50, M|100/100\n|move|p1a: Sneasler|Dire Claw|p2a: Staraptor\n|-damage|p2a: Staraptor|70/100\n|move|p2a: Staraptor|Close Combat|p1b: Kingambit\n|-supereffective|p1b: Kingambit|2\n|-enditem|p1b: Kingambit|Chople Berry|[eat]\n|-enditem|p1b: Kingambit|Chople Berry|[weaken]\n|-damage|p1b: Kingambit|15/100\n|-boost|p2a: Staraptor|def|1\n|-boost|p2a: Staraptor|spd|1\n|move|p1b: Kingambit|Iron Head|p2a: Staraptor\n|-damage|p2a: Staraptor|27/100\n|\n|upkeep\n|turn|3\n|inactive|5tgy7uhj has 30 seconds left.\n|inactive|ozuno has 30 seconds left.\n|inactive|5tgy7uhj has 20 seconds left.\n|inactive|ozuno has 20 seconds left.\n|inactive|ozuno has 15 seconds left.\n|inactive|ozuno has 10 seconds left.\n|inactive|ozuno has 5 seconds left.\n|\n|t:|1788439316\n|move|p2a: Staraptor|Protect|p2a: Staraptor\n|-singleturn|p2a: Staraptor|Protect\n|move|p2b: Kingambit|Sucker Punch|p1b: Kingambit\n|-resisted|p1b: Kingambit|1\n|-damage|p1b: Kingambit|0 fnt\n|faint|p1b: Kingambit\n|-damage|p2b: Kingambit|90/100|[from] item: Life Orb\n|move|p1a: Sneasler|Dire Claw|p2a: Staraptor\n|-activate|p2a: Staraptor|move: Protect\n|\n|upkeep\n|inactive|5tgy7uhj has 30 seconds left.\n|inactive|5tgy7uhj has 20 seconds left.\n|\n|t:|1788439352\n|switch|p1b: Floette|Floette-Eternal, L50, F|100/100\n|turn|4\n|inactive|ozuno has 30 seconds left.\n|inactive|ozuno has 20 seconds left.\n|inactive|ozuno has 15 seconds left.\n|inactive|ozuno has 10 seconds left.\n|inactive|ozuno has 5 seconds left.\n|\n|t:|1788439407\n|detailschange|p1b: Floette|Floette-Mega, L50, F\n|-mega|p1b: Floette|Floette|Floettite\n|-ability|p1b: Floette|Fairy Aura\n|move|p1a: Sneasler|Dire Claw|p2b: Kingambit\n|-immune|p2b: Kingambit\n|move|p2a: Staraptor|Brave Bird|p1a: Sneasler\n|-supereffective|p1a: Sneasler|1\n|-enditem|p1a: Sneasler|Focus Sash\n|-damage|p1a: Sneasler|1/100\n|-damage|p2a: Staraptor|0 fnt|[from] Recoil\n|faint|p2a: Staraptor\n|move|p1b: Floette|Dazzling Gleam|p2b: Kingambit\n|-damage|p2b: Kingambit|24/100\n|move|p2b: Kingambit|Kowtow Cleave|p1b: Floette\n|-resisted|p1b: Floette|1\n|-damage|p1b: Floette|64/100\n|-damage|p2b: Kingambit|14/100|[from] item: Life Orb\n|\n|upkeep\n|\n|t:|1788439425\n|switch|p2a: Whimsicott|Whimsicott, L50, F|100/100\n|turn|5\n|\n|t:|1788439447\n|move|p1a: Sneasler|Feint|p2a: Whimsicott\n|-damage|p2a: Whimsicott|91/100\n|move|p2a: Whimsicott|Tailwind|p2a: Whimsicott\n|-sidestart|p2: ozuno|move: Tailwind\n|move|p2b: Kingambit|Sucker Punch|p1b: Floette\n|-resisted|p1b: Floette|1\n|-damage|p1b: Floette|30/100\n|-damage|p2b: Kingambit|5/100|[from] item: Life Orb\n|move|p1b: Floette|Dazzling Gleam|p2a: Whimsicott|[spread] p2a,p2b\n|-damage|p2a: Whimsicott|37/100\n|-damage|p2b: Kingambit|0 fnt\n|faint|p2b: Kingambit\n|\n|upkeep\n|\n|t:|1788439458\n|switch|p2b: Sylveon|Sylveon, L50, M|100/100\n|turn|6\n|\n|t:|1788439470\n|move|p1a: Sneasler|Feint|p2b: Sylveon\n|-damage|p2b: Sylveon|92/100\n|move|p2a: Whimsicott|Tailwind||[still]\n|-fail|p2a: Whimsicott\n|move|p2b: Sylveon|Quick Attack|p1a: Sneasler\n|-damage|p1a: Sneasler|0 fnt\n|faint|p1a: Sneasler\n|move|p1b: Floette|Dazzling Gleam|p2b: Sylveon|[spread] p2a,p2b\n|-damage|p2a: Whimsicott|0 fnt\n|-damage|p2b: Sylveon|57/100\n|faint|p2a: Whimsicott\n|\n|upkeep\n|\n|t:|1788439480\n|switch|p1a: Basculegion|Basculegion, L50, M|100/100\n|turn|7\n|inactive|ozuno has 30 seconds left.\n|\n|t:|1788439507\n|move|p1a: Basculegion|Aqua Jet|p2b: Sylveon\n|-damage|p2b: Sylveon|18/100\n|-damage|p1a: Basculegion|90/100|[from] item: Life Orb\n|move|p2b: Sylveon|Hyper Voice|p1a: Basculegion|[spread] p1a,p1b\n|-damage|p1a: Basculegion|36/100\n|-damage|p1b: Floette|0 fnt\n|faint|p1b: Floette\n|\n|upkeep\n|turn|8\n|\n|t:|1788439528\n|move|p1a: Basculegion|Protect|p1a: Basculegion\n|-singleturn|p1a: Basculegion|Protect\n|move|p2b: Sylveon|Hyper Voice|p1a: Basculegion\n|-activate|p1a: Basculegion|move: Protect\n|\n|-sideend|p2: ozuno|move: Tailwind\n|upkeep\n|turn|9\n|\n|t:|1788439536\n|move|p1a: Basculegion|Aqua Jet|p2b: Sylveon\n|-damage|p2b: Sylveon|0 fnt\n|faint|p2b: Sylveon\n|-damage|p1a: Basculegion|26/100|[from] item: Life Orb\n|\n|win|5tgy7uhj\n|raw|5tgy7uhj's rating: 1040 &rarr; <strong>1075</strong><br />(+35 for winning)\n|raw|ozuno's rating: 1046 &rarr; <strong>1029</strong><br />(-17 for losing)\n|l|‽5tgy7uhj\n|player|p1|\n","uploadtime":1788439548,"views":"1","formatid":"gen9championsvgc2026regmb","rating":1029,"private":0,"password":null}