{"id":"gen9championsvgc2026regmb-2674619970","format":"[Gen 9 Champions] VGC 2026 Reg M-B","players":["adamew","briandude"],"log":"|j|☆adamew\n|j|☆briandude\n|html|<table width=\"100%\"><tr><td align=\"left\">adamew</td><td align=\"right\">briandude</tr><tr><td align=\"left\"><i class=\"fa fa-circle\"></i> <i class=\"fa fa-circle-o\"></i> </td><td align=\"right\"><i class=\"fa fa-circle-o\"></i> <i class=\"fa fa-circle-o\"></i> </tr></table>\n|uhtml|bestof|<h2><strong>Game 2</strong> of <a href=\"/game-bestof3-gen9championsvgc2026regmb-2674613916\">a best-of-3</a></h2>\n|t:|1788381173\n|gametype|doubles\n|player|p1|adamew|jasmine|\n|player|p2|briandude|2|\n|gen|9\n|tier|[Gen 9 Champions] VGC 2026 Reg M-B\n|rule|Species Clause: Limit one of each Pokémon\n|rule|Item Clause: Limit 1 of each item\n|raw|<div class=\"infobox\"><details class=\"readmore\" open><summary><strong>1 custom rule:</strong></summary> Best of = 3</details></div>\n|clearpoke\n|poke|p1|Maushold, L50|\n|poke|p1|Skeledirge, L50, F, shiny|\n|poke|p1|Rotom-Wash, L50|\n|poke|p1|Dragonite, L50, M, shiny|\n|poke|p1|Annihilape, L50, F|\n|poke|p1|Meowstic, L50, M, shiny|\n|poke|p2|Gardevoir, L50, M|\n|poke|p2|Greninja, L50, F|\n|poke|p2|Cofagrigus, L50, M|\n|poke|p2|Hawlucha, L50, M, shiny|\n|poke|p2|Volcarona, L50, F|\n|poke|p2|Garchomp, L50, F, shiny|\n|teampreview|4\nadamew rejected open team sheets.\n|\n|t:|1788381272\n|teamsize|p1|4\n|teamsize|p2|4\n|start\n|switch|p1a: Thoron|Rotom-Wash, L50|100/100\n|switch|p1b: Excalibur|Dragonite, L50, M, shiny|100/100\n|switch|p2a: Gardevoir|Gardevoir, L50, M|100/100\n|switch|p2b: Volcarona|Volcarona, L50, F|100/100\n|turn|1\n|\n|t:|1788381309\n|switch|p1b: Dying Blaze|Skeledirge, L50, F, shiny|100/100\n|detailschange|p2a: Gardevoir|Gardevoir-Mega, L50, M\n|-mega|p2a: Gardevoir|Gardevoir|Gardevoirite\n|move|p1a: Thoron|Volt Switch|p2a: Gardevoir\n|-damage|p2a: Gardevoir|70/100\n|\n|t:|1788381316\n|switch|p1a: Rat Spirit|Maushold, L50|100/100|[from] Volt Switch\n|move|p2a: Gardevoir|Hyper Voice|p1a: Rat Spirit|[spread] p1a,p1b\n|-resisted|p1b: Dying Blaze|1\n|-damage|p1a: Rat Spirit|41/100\n|-damage|p1b: Dying Blaze|77/100\n|-enditem|p1a: Rat Spirit|Sitrus Berry|[eat]\n|-heal|p1a: Rat Spirit|66/100|[from] item: Sitrus Berry\n|move|p2b: Volcarona|Heat Wave|p1a: Rat Spirit|[spread] p1a\n|-miss|p2b: Volcarona|p1b: Dying Blaze\n|-damage|p1a: Rat Spirit|28/100\n|\n|upkeep\n|turn|2\n|\n|t:|1788381414\n|move|p2b: Volcarona|Rage Powder|p2b: Volcarona\n|-singleturn|p2b: Volcarona|move: Rage Powder\n|move|p1a: Rat Spirit|Super Fang|p2b: Volcarona\n|-damage|p2b: Volcarona|50/100y\n|-status|p1a: Rat Spirit|brn|[from] ability: Flame Body|[of] p2b: Volcarona\n|move|p2a: Gardevoir|Hyper Voice|p1a: Rat Spirit|[spread] p1a,p1b\n|-resisted|p1b: Dying Blaze|1\n|-damage|p1a: Rat Spirit|0 fnt\n|-damage|p1b: Dying Blaze|56/100\n|faint|p1a: Rat Spirit\n|move|p1b: Dying Blaze|Slack Off|p1b: Dying Blaze\n|-heal|p1b: Dying Blaze|100/100\n|\n|upkeep\n|\n|t:|1788381423\n|switch|p1a: Thoron|Rotom-Wash, L50|100/100\n|turn|3\n|\n|t:|1788381460\n|move|p2b: Volcarona|Rage Powder|p2b: Volcarona\n|-singleturn|p2b: Volcarona|move: Rage Powder\n|move|p1a: Thoron|Electroweb|p2b: Volcarona|[spread] p2a,p2b\n|-damage|p2a: Gardevoir|53/100\n|-damage|p2b: Volcarona|33/100\n|-unboost|p2a: Gardevoir|spe|1\n|-unboost|p2b: Volcarona|spe|1\n|move|p2a: Gardevoir|Shadow Ball|p1b: Dying Blaze\n|-supereffective|p1b: Dying Blaze|1\n|-damage|p1b: Dying Blaze|21/100\n|move|p1b: Dying Blaze|Torch Song|p2b: Volcarona\n|-damage|p2b: Volcarona|0 fnt\n|-boost|p1b: Dying Blaze|spa|1\n|faint|p2b: Volcarona\n|\n|upkeep\n|\n|t:|1788381479\n|switch|p2b: Garchomp|Garchomp, L50, F, shiny|100/100\n|turn|4\n|\n|t:|1788381575\n|switch|p1a: Excalibur|Dragonite, L50, M, shiny|100/100\n|switch|p2a: Greninja|Greninja, L50, F|100/100\n|move|p1b: Dying Blaze|Protect|p1b: Dying Blaze\n|-singleturn|p1b: Dying Blaze|Protect\n|move|p2b: Garchomp|Scale Shot|p1b: Dying Blaze\n|-activate|p1b: Dying Blaze|move: Protect\n|\n|upkeep\n|turn|5\n|\n|t:|1788381616\n|switch|p1b: Thoron|Rotom-Wash, L50|100/100\n|detailschange|p1a: Excalibur|Dragonite-Mega, L50, M, shiny\n|-mega|p1a: Excalibur|Dragonite|Dragoninite\n|move|p1a: Excalibur|Protect|p1a: Excalibur\n|-singleturn|p1a: Excalibur|Protect\n|move|p2a: Greninja|Extrasensory|p1b: Thoron\n|-start|p2a: Greninja|typechange|Psychic|[from] ability: Protean\n|-damage|p1b: Thoron|46/100\n|move|p2b: Garchomp|Scale Shot|p1a: Excalibur\n|-activate|p1a: Excalibur|move: Protect\n|\n|upkeep\n|turn|6\n|\n|t:|1788381750\n|move|p2a: Greninja|Extrasensory|p1a: Excalibur\n|-damage|p1a: Excalibur|83/100\n|move|p1b: Thoron|Electroweb|p2b: Garchomp|[spread] p2a\n|-immune|p2b: Garchomp\n|-damage|p2a: Greninja|72/100\n|-unboost|p2a: Greninja|spe|1\n|move|p2b: Garchomp|Scale Shot|p1a: Excalibur\n|-supereffective|p1a: Excalibur|1\n|-damage|p1a: Excalibur|58/100\n|-supereffective|p1a: Excalibur|1\n|-damage|p1a: Excalibur|32/100\n|-supereffective|p1a: Excalibur|1\n|-crit|p1a: Excalibur\n|-damage|p1a: Excalibur|0 fnt\n|faint|p1a: Excalibur\n|-hitcount|p1: Excalibur|3\n|-unboost|p2b: Garchomp|def|1\n|-boost|p2b: Garchomp|spe|1\n|\n|upkeep\n|c|☆adamew|pain\n|\n|t:|1788381766\n|switch|p1a: Dying Blaze|Skeledirge, L50, F, shiny|21/100\n|turn|7\n|\n|t:|1788381778\n|move|p2b: Garchomp|Scale Shot|p1b: Thoron\n|-damage|p1b: Thoron|29/100\n|-damage|p1b: Thoron|12/100\n|-hitcount|p1b: Thoron|2\n|-unboost|p2b: Garchomp|def|1\n|-boost|p2b: Garchomp|spe|1\n|move|p1b: Thoron|Electroweb|p2a: Greninja|[spread] p2a\n|-immune|p2b: Garchomp\n|-damage|p2a: Greninja|41/100\n|-unboost|p2a: Greninja|spe|1\n|move|p2a: Greninja|Extrasensory|p1a: Dying Blaze\n|-damage|p1a: Dying Blaze|0 fnt\n|faint|p1a: Dying Blaze\n|\n|upkeep\n|turn|8\n|c|☆adamew|gg2\n|c|☆adamew|i guess\n|\n|t:|1788381803\n|switch|p2a: Gardevoir|Gardevoir-Mega, L50, M|53/100\n|move|p2b: Garchomp|Scale Shot|p1b: Thoron\n|-damage|p1b: Thoron|0 fnt\n|faint|p1b: Thoron\n|-hitcount|p1: Thoron|1\n|\n|win|briandude\n||briandude is ready for game 3.\n||adamew is ready for game 3.\n|uhtml|next|Next: <a href=\"/battle-gen9championsvgc2026regmb-2674625226\"><strong>Game 3 of 3</strong></a>\n|l|☆adamew\n|player|p1|\n","uploadtime":1788381806,"views":"18","formatid":"gen9championsvgc2026regmb","rating":null,"private":0,"password":null}