{"id":"gen9championsvgc2026regmbbo3-2674119209","format":"[Gen 9 Champions] VGC 2026 Reg M-B (Bo3)","players":["Brunito zambonin","Devta"],"log":"|j|☆Brunito zambonin\n|j|☆Devta\n|html|<table width=\"100%\"><tr><td align=\"left\">Brunito zambonin</td><td align=\"right\">Devta</tr><tr><td align=\"left\"><i class=\"fa fa-circle-o\"></i> <i class=\"fa fa-circle-o\"></i> </td><td align=\"right\"><i class=\"fa fa-circle-o\"></i> <i class=\"fa fa-circle-o\"></i> </tr></table>\n|uhtml|bestof|<h2><strong>Game 1</strong> of <a href=\"/game-bestof3-gen9championsvgc2026regmbbo3-2674119208\">a best-of-3</a></h2>\n|t:|1788301893\n|gametype|doubles\n|player|p1|Brunito zambonin|2|1203\n|player|p2|Devta|dawn|1273\n|gen|9\n|tier|[Gen 9 Champions] VGC 2026 Reg M-B (Bo3)\n|rated|\n|rule|Species Clause: Limit one of each Pokémon\n|rule|Item Clause: Limit 1 of each item\n|clearpoke\n|poke|p1|Dragonite, L50, F|\n|poke|p1|Sneasler, L50, M|\n|poke|p1|Basculegion, L50, M|\n|poke|p1|Kingambit, L50, M|\n|poke|p1|Garchomp, L50, F|\n|poke|p1|Floette-Eternal, L50, F|\n|poke|p2|Incineroar, L50, M|\n|poke|p2|Kingambit, L50, F|\n|poke|p2|Sinistcha, L50|\n|poke|p2|Sneasler, L50, M|\n|poke|p2|Blastoise, L50, M|\n|poke|p2|Delphox, L50, M|\n|teampreview|4\n|showteam|p1|Dragonite||Dragoninite|Multiscale|DragonPulse,HeatWave,ExtremeSpeed,Protect|Modest||F|||50|]Sneasler||FocusSash|PoisonTouch|CloseCombat,DireClaw,FakeOut,Feint|Jolly||M|||50|]Basculegion||LifeOrb|Adaptability|WaveCrash,LastRespects,AquaJet,Protect|Adamant||M|||50|]Kingambit||ChopleBerry|Defiant|SuckerPunch,KowtowCleave,LowKick,IronHead|Adamant||M|||50|]Garchomp||ChoiceScarf|RoughSkin|DragonClaw,StompingTantrum,Earthquake,RockSlide|Adamant||F|||50|]Floette-Eternal||Floettite|FlowerVeil|Moonblast,DazzlingGleam,LightofRuin,Protect|Timid||F|||50|\n|showteam|p2|Incineroar||SitrusBerry|Intimidate|FlareBlitz,ThroatChop,PartingShot,FakeOut|Impish||M|||50|]Kingambit||BlackGlasses|Defiant|Protect,KowtowCleave,SuckerPunch,SwordsDance|Adamant||F|||50|]Sinistcha||OccaBerry|Hospitality|Protect,MatchaGotcha,RagePowder,TrickRoom|Bold|||||50|]Sneasler||FocusSash|PoisonTouch|CloseCombat,PoisonJab,QuickGuard,FakeOut|Jolly||M|||50|]Blastoise||Blastoisinite|RainDish|Protect,WaterSpout,DarkPulse,ShellSmash|Modest||M|||50|]Delphox||Delphoxite|Blaze|Protect,HeatWave,Psychic,NastyPlot|Timid||M|||50|\n|inactive|Battle timer is ON: inactive players will automatically lose when time's up. (requested by Devta)\n|inactive|Devta has 60 seconds left.\n|inactive|Devta has 30 seconds left.\n|inactive|Devta has 20 seconds left.\n|inactive|Devta has 15 seconds left.\n|inactive|Devta has 10 seconds left.\n|\n|t:|1788301977\n|teamsize|p1|4\n|teamsize|p2|4\n|start\n|switch|p1a: Garchomp|Garchomp, L50, F|100/100\n|switch|p1b: Kingambit|Kingambit, L50, M|100/100\n|switch|p2a: Sneasler|Sneasler, L50, M|100/100\n|switch|p2b: Kingambit|Kingambit, L50, F|100/100\n|turn|1\n|inactive|Brunito zambonin has 30 seconds left.\n|inactive|Devta has 30 seconds left.\n|inactive|Devta has 20 seconds left.\n|inactive|Devta has 15 seconds left.\n|inactive|Devta has 10 seconds left.\n|\n|t:|1788302026\n|switch|p2b: Incineroar|Incineroar, L50, M|100/100\n|-ability|p2b: Incineroar|Intimidate|boost\n|-unboost|p1a: Garchomp|atk|1\n|-unboost|p1b: Kingambit|atk|1\n|-ability|p1b: Kingambit|Defiant|boost\n|-boost|p1b: Kingambit|atk|2\n|switch|p1b: Dragonite|Dragonite, L50, F|100/100\n|move|p2a: Sneasler|Fake Out|p1a: Garchomp\n|-damage|p1a: Garchomp|87/100\n|-damage|p2a: Sneasler|87/100|[from] ability: Rough Skin|[of] p1a: Garchomp\n|cant|p1a: Garchomp|flinch\n|\n|upkeep\n|turn|2\n|inactive|Brunito zambonin has 30 seconds left.\n|\n|t:|1788302053\n|switch|p1a: Kingambit|Kingambit, L50, M|100/100\n|detailschange|p1b: Dragonite|Dragonite-Mega, L50, F\n|-mega|p1b: Dragonite|Dragonite|Dragoninite\n|move|p2b: Incineroar|Fake Out|p1a: Kingambit\n|-resisted|p1a: Kingambit|1\n|-damage|p1a: Kingambit|96/100\n|move|p2a: Sneasler|Close Combat|p1a: Kingambit\n|-supereffective|p1a: Kingambit|2\n|-enditem|p1a: Kingambit|Chople Berry|[eat]\n|-enditem|p1a: Kingambit|Chople Berry|[weaken]\n|-damage|p1a: Kingambit|2/100\n|-unboost|p2a: Sneasler|def|1\n|-unboost|p2a: Sneasler|spd|1\n|move|p1b: Dragonite|Dragon Pulse|p2a: Sneasler\n|-damage|p2a: Sneasler|0 fnt\n|faint|p2a: Sneasler\n|\n|upkeep\n|\n|t:|1788302064\n|switch|p2a: Kingambit|Kingambit, L50, F|100/100\n|turn|3\n|\n|t:|1788302087\n|move|p1b: Dragonite|Heat Wave|p2a: Kingambit|[spread] p2a,p2b\n|-supereffective|p2a: Kingambit|1\n|-resisted|p2b: Incineroar|1\n|-damage|p2a: Kingambit|56/100\n|-damage|p2b: Incineroar|87/100\n|move|p2b: Incineroar|Flare Blitz|p1a: Kingambit\n|-supereffective|p1a: Kingambit|1\n|-damage|p1a: Kingambit|0 fnt\n|faint|p1a: Kingambit\n|-damage|p2b: Incineroar|86/100|[from] Recoil\n|move|p2a: Kingambit|Swords Dance|p2a: Kingambit\n|-boost|p2a: Kingambit|atk|2\n|\n|upkeep\n|\n|t:|1788302100\n|switch|p1a: Sneasler|Sneasler, L50, M|100/100\n|turn|4\n|\n|t:|1788302121\n|switch|p2b: Delphox|Delphox, L50, M|100/100\n|move|p2a: Kingambit|Protect|p2a: Kingambit\n|-singleturn|p2a: Kingambit|Protect\n|move|p1a: Sneasler|Close Combat|p2b: Delphox\n|-resisted|p2b: Delphox|1\n|-damage|p2b: Delphox|65/100\n|-unboost|p1a: Sneasler|def|1\n|-unboost|p1a: Sneasler|spd|1\n|move|p1b: Dragonite|Heat Wave|p2b: Delphox|[spread] p2b\n|-activate|p2a: Kingambit|move: Protect\n|-resisted|p2b: Delphox|1\n|-damage|p2b: Delphox|47/100\n|\n|upkeep\n|turn|5\n|inactive|Brunito zambonin has 30 seconds left.\n|inactive|Devta has 30 seconds left.\n|inactive|Devta has 20 seconds left.\n|\n|t:|1788302165\n|switch|p1a: Garchomp|Garchomp, L50, F|87/100\n|detailschange|p2b: Delphox|Delphox-Mega, L50, M\n|-mega|p2b: Delphox|Delphox|Delphoxite\n|move|p2a: Kingambit|Sucker Punch||[still]\n|-fail|p2a: Kingambit\n|move|p2b: Delphox|Heat Wave|p1b: Dragonite|[spread] p1b\n|-miss|p2b: Delphox|p1a: Garchomp\n|-resisted|p1b: Dragonite|1\n|-damage|p1b: Dragonite|92/100\n|move|p1b: Dragonite|Heat Wave|p2a: Kingambit|[spread] p2a,p2b\n|-supereffective|p2a: Kingambit|1\n|-resisted|p2b: Delphox|1\n|-damage|p2a: Kingambit|11/100\n|-damage|p2b: Delphox|35/100\n|\n|upkeep\n|turn|6\n|inactive|Brunito zambonin has 30 seconds left.\n|inactive|Devta has 30 seconds left.\n|\n|t:|1788302194\n|move|p2b: Delphox|Protect|p2b: Delphox\n|-singleturn|p2b: Delphox|Protect\n|move|p2a: Kingambit|Sucker Punch|p1a: Garchomp\n|-damage|p1a: Garchomp|10/100\n|-damage|p2a: Kingambit|0 fnt|[from] ability: Rough Skin|[of] p1a: Garchomp\n|faint|p2a: Kingambit\n|move|p1a: Garchomp|Rock Slide|p2b: Delphox\n|-activate|p2b: Delphox|move: Protect\n|move|p1b: Dragonite|Heat Wave|p2b: Delphox\n|-activate|p2b: Delphox|move: Protect\n|\n|upkeep\n|\n|t:|1788302199\n|switch|p2a: Incineroar|Incineroar, L50, M|86/100\n|-ability|p2a: Incineroar|Intimidate|boost\n|-unboost|p1a: Garchomp|atk|1\n|-unboost|p1b: Dragonite|atk|1\n|turn|7\n|\n|t:|1788302215\n|move|p2a: Incineroar|Fake Out|p1a: Garchomp\n|-damage|p1a: Garchomp|1/100\n|-damage|p2a: Incineroar|73/100|[from] ability: Rough Skin|[of] p1a: Garchomp\n|cant|p1a: Garchomp|flinch\n|move|p2b: Delphox|Psychic|p1b: Dragonite\n|-damage|p1b: Dragonite|44/100\n|move|p1b: Dragonite|Dragon Pulse|p2b: Delphox\n|-damage|p2b: Delphox|0 fnt\n|faint|p2b: Delphox\n|\n|upkeep\n|turn|8\n|\n|t:|1788302228\n|move|p1a: Garchomp|Rock Slide|p2a: Incineroar\n|-supereffective|p2a: Incineroar|1\n|-damage|p2a: Incineroar|41/100\n|-enditem|p2a: Incineroar|Sitrus Berry|[eat]\n|-heal|p2a: Incineroar|65/100|[from] item: Sitrus Berry\n|move|p1b: Dragonite|Dragon Pulse|p2a: Incineroar\n|-damage|p2a: Incineroar|13/100\n|move|p2a: Incineroar|Flare Blitz|p1a: Garchomp\n|-resisted|p1a: Garchomp|1\n|-damage|p1a: Garchomp|0 fnt\n|-damage|p2a: Incineroar|1/100|[from] ability: Rough Skin|[of] p1a: Garchomp\n|faint|p1a: Garchomp\n|-damage|p2a: Incineroar|1/100|[from] Recoil\n|\n|upkeep\n|-message|Devta forfeited.\n|\n|win|Brunito zambonin\n","uploadtime":1788302236,"views":"5","formatid":"gen9championsvgc2026regmbbo3","rating":null,"private":0,"password":null}