{"id":"gen9championsvgc2026regmb-2674254489","format":"[Gen 9 Champions] VGC 2026 Reg M-B","players":["Noobiedoobie537","Thornlace48812"],"log":"|j|☆Noobiedoobie537\n|j|☆Thornlace48812\n|t:|1788324296\n|gametype|doubles\n|player|p1|Noobiedoobie537|lucas-gen4pt|1184\n|player|p2|Thornlace48812|1|1128\n|gen|9\n|tier|[Gen 9 Champions] VGC 2026 Reg M-B\n|rated|\n|rule|Species Clause: Limit one of each Pokémon\n|rule|Item Clause: Limit 1 of each item\n|clearpoke\n|poke|p1|Reuniclus, L50, M, shiny|\n|poke|p1|Farigiraf, L50, F|\n|poke|p1|Sneasler, L50, F|\n|poke|p1|Pelipper, L50, M|\n|poke|p1|Swampert, L50, F|\n|poke|p1|Mawile, L50, M|\n|poke|p2|Garchomp, L50, M|\n|poke|p2|Charizard, L50, M|\n|poke|p2|Whimsicott, L50, F|\n|poke|p2|Sylveon, L50, M|\n|poke|p2|Kingambit, L50, F|\n|poke|p2|Basculegion, L50, M|\n|teampreview|4\n|inactive|Battle timer is ON: inactive players will automatically lose when time's up. (requested by Thornlace48812)\nThornlace48812 rejected open team sheets.\n|\n|t:|1788324322\n|teamsize|p1|4\n|teamsize|p2|4\n|start\n|switch|p1a: sukuna|Reuniclus, L50, M, shiny|100/100\n|switch|p1b: Harryhardtr|Farigiraf, L50, F|100/100\n|switch|p2a: Charizard|Charizard, L50, M|100/100\n|switch|p2b: Whimsicott|Whimsicott, L50, F|100/100\n|turn|1\n|\n|t:|1788324346\n|detailschange|p2a: Charizard|Charizard-Mega-Y, L50, M\n|-mega|p2a: Charizard|Charizard|Charizardite Y\n|-weather|SunnyDay|[from] ability: Drought|[of] p2a: Charizard\n|move|p2b: Whimsicott|Tailwind|p2b: Whimsicott\n|-sidestart|p2: Thornlace48812|move: Tailwind\n|move|p2a: Charizard|Heat Wave|p1b: Harryhardtr|[spread] p1a,p1b\n|-damage|p1a: sukuna|35/100\n|-damage|p1b: Harryhardtr|39/100\n|-enditem|p1b: Harryhardtr|Sitrus Berry|[eat]\n|-heal|p1b: Harryhardtr|63/100|[from] item: Sitrus Berry\n|move|p1a: sukuna|Psychic|p2a: Charizard\n|-damage|p2a: Charizard|39/100\n|move|p1b: Harryhardtr|Trick Room|p1b: Harryhardtr\n|-fieldstart|move: Trick Room|[of] p1b: Harryhardtr\n|\n|-weather|SunnyDay|[upkeep]\n|upkeep\n|turn|2\n|\n|t:|1788324361\n|move|p2b: Whimsicott|Protect|p2b: Whimsicott\n|-singleturn|p2b: Whimsicott|Protect\n|move|p1a: sukuna|Psychic|p2b: Whimsicott\n|-activate|p2b: Whimsicott|move: Protect\n|move|p1b: Harryhardtr|Psychic|p2a: Charizard\n|-damage|p2a: Charizard|3/100\n|move|p2a: Charizard|Heat Wave|p1a: sukuna|[spread] p1a,p1b\n|-damage|p1a: sukuna|0 fnt\n|-damage|p1b: Harryhardtr|0 fnt\n|faint|p1a: sukuna\n|faint|p1b: Harryhardtr\n|\n|-weather|SunnyDay|[upkeep]\n|upkeep\n|\n|t:|1788324369\n|switch|p1a: Pelipper|Pelipper, L50, M|100/100\n|switch|p1b: Mawile|Mawile, L50, M|100/100\n|-ability|p1b: Mawile|Intimidate|boost\n|-unboost|p2a: Charizard|atk|1\n|-unboost|p2b: Whimsicott|atk|1\n|-weather|RainDance|[from] ability: Drizzle|[of] p1a: Pelipper\n|turn|3\n|\n|t:|1788324381\n|detailschange|p1b: Mawile|Mawile-Mega, L50, M\n|-mega|p1b: Mawile|Mawile|Mawilite\n|move|p2b: Whimsicott|Protect|p2b: Whimsicott\n|-singleturn|p2b: Whimsicott|Protect\n|move|p1b: Mawile|Play Rough|p2b: Whimsicott\n|-activate|p2b: Whimsicott|move: Protect\n|move|p1a: Pelipper|Hurricane|p2b: Whimsicott\n|-activate|p2b: Whimsicott|move: Protect\n|move|p2a: Charizard|Heat Wave|p1b: Mawile|[spread] p1a,p1b\n|-resisted|p1a: Pelipper|1\n|-supereffective|p1b: Mawile|1\n|-damage|p1a: Pelipper|84/100\n|-damage|p1b: Mawile|45/100\n|\n|-weather|RainDance|[upkeep]\n|upkeep\n|turn|4\n|\n|t:|1788324388\n|move|p2b: Whimsicott|Protect||[still]\n|-fail|p2b: Whimsicott\n|move|p2a: Charizard|Protect|p2a: Charizard\n|-singleturn|p2a: Charizard|Protect\n|move|p1b: Mawile|Sucker Punch||[still]\n|-fail|p1b: Mawile\n|move|p1a: Pelipper|Hurricane|p2b: Whimsicott\n|-supereffective|p2b: Whimsicott|1\n|-enditem|p2b: Whimsicott|Focus Sash\n|-damage|p2b: Whimsicott|1/100\n|\n|-weather|RainDance|[upkeep]\n|-sideend|p2: Thornlace48812|move: Tailwind\n|upkeep\n|turn|5\n|\n|t:|1788324398\n|move|p2b: Whimsicott|Tailwind|p2b: Whimsicott\n|-sidestart|p2: Thornlace48812|move: Tailwind\n|move|p1b: Mawile|Iron Head|p2b: Whimsicott\n|-supereffective|p2b: Whimsicott|1\n|-damage|p2b: Whimsicott|0 fnt\n|faint|p2b: Whimsicott\n|move|p1a: Pelipper|Weather Ball|p2a: Charizard\n|-supereffective|p2a: Charizard|1\n|-damage|p2a: Charizard|0 fnt\n|faint|p2a: Charizard\n|\n|-weather|RainDance|[upkeep]\n|-fieldend|move: Trick Room\n|upkeep\n|\n|t:|1788324398\n|switch|p2b: Basculegion|Basculegion, L50, M|100/100\n|switch|p2a: Sylveon|Sylveon, L50, M|100/100\n|turn|6\n|\n|t:|1788324404\n|move|p1b: Mawile|Protect|p1b: Mawile\n|-singleturn|p1b: Mawile|Protect\n|move|p2b: Basculegion|Last Respects|p1b: Mawile\n|-activate|p1b: Mawile|move: Protect\n|move|p2a: Sylveon|Hyper Voice|p1a: Pelipper|[spread] p1a\n|-activate|p1b: Mawile|move: Protect\n|-damage|p1a: Pelipper|18/100\n|move|p1a: Pelipper|Tailwind|p1a: Pelipper\n|-sidestart|p1: Noobiedoobie537|move: Tailwind\n|\n|-weather|RainDance|[upkeep]\n|upkeep\n|turn|7\n|\n|t:|1788324421\n|move|p1b: Mawile|Sucker Punch|p2b: Basculegion\n|-supereffective|p2b: Basculegion|1\n|-damage|p2b: Basculegion|0 fnt\n|faint|p2b: Basculegion\n|move|p2a: Sylveon|Hyper Voice|p1a: Pelipper|[spread] p1a,p1b\n|-resisted|p1b: Mawile|1\n|-damage|p1a: Pelipper|0 fnt\n|-damage|p1b: Mawile|17/100\n|faint|p1a: Pelipper\n|\n|-weather|none\n|upkeep\n|turn|8\n|\n|t:|1788324433\n|move|p1b: Mawile|Protect|p1b: Mawile\n|-singleturn|p1b: Mawile|Protect\n|move|p2a: Sylveon|Hyper Voice|p1b: Mawile\n|-activate|p1b: Mawile|move: Protect\n|\n|-sideend|p2: Thornlace48812|move: Tailwind\n|upkeep\n|turn|9\n|\n|t:|1788324435\n|move|p1b: Mawile|Iron Head|p2a: Sylveon\n|-supereffective|p2a: Sylveon|1\n|-damage|p2a: Sylveon|0 fnt\n|faint|p2a: Sylveon\n|\n|win|Noobiedoobie537\n|raw|Noobiedoobie537's rating: 1184 &rarr; <strong>1201</strong><br />(+17 for winning)\n|raw|Thornlace48812's rating: 1066 &rarr; <strong>1053</strong><br />(-13 for losing)\n|l|☆Thornlace48812\n|player|p2|\n","uploadtime":1788324435,"views":"1","formatid":"gen9championsvgc2026regmb","rating":1053,"private":0,"password":null}