{"id":"gen9championsvgc2026regmb-2674164671","format":"[Gen 9 Champions] VGC 2026 Reg M-B","players":["Ellisqwan","PMM_423"],"log":"|j|☆Ellisqwan\n|j|☆PMM_423\n|t:|1788308827\n|gametype|doubles\n|player|p1|Ellisqwan|170|1081\n|player|p2|PMM_423|1|1000\n|gen|9\n|tier|[Gen 9 Champions] VGC 2026 Reg M-B\n|rated|\n|rule|Species Clause: Limit one of each Pokémon\n|rule|Item Clause: Limit 1 of each item\n|clearpoke\n|poke|p1|Sceptile, L50, M|\n|poke|p1|Rotom-Wash, L50|\n|poke|p1|Garchomp, L50, M|\n|poke|p1|Charizard, L50, M|\n|poke|p1|Whimsicott, L50, F|\n|poke|p1|Sneasler, L50, M|\n|poke|p2|Venusaur, L50, F, shiny|\n|poke|p2|Rotom-Mow, L50|\n|poke|p2|Chesnaught, L50, M, shiny|\n|poke|p2|Sinistcha, L50|\n|poke|p2|Whimsicott, L50, F, shiny|\n|poke|p2|Serperior, L50, F, shiny|\n|teampreview|4\n|inactive|Battle timer is ON: inactive players will automatically lose when time's up. (requested by Ellisqwan)\n|inactive|PMM_423 has 60 seconds left.\n|\n|t:|1788308866\n|teamsize|p1|4\n|teamsize|p2|4\n|start\n|switch|p1a: Whimsicott|Whimsicott, L50, F|100/100\n|switch|p1b: Charizard|Charizard, L50, M|100/100\n|switch|p2a: Venusaur|Venusaur, L50, F, shiny|100/100\n|switch|p2b: Sinistcha|Sinistcha, L50|100/100\n|turn|1\n|\n|t:|1788308881\n|detailschange|p2a: Venusaur|Venusaur-Mega, L50, F, shiny\n|-mega|p2a: Venusaur|Venusaur|Venusaurite\n|move|p1b: Charizard|Protect|p1b: Charizard\n|-singleturn|p1b: Charizard|Protect\n|move|p1a: Whimsicott|Tailwind|p1a: Whimsicott\n|-sidestart|p1: Ellisqwan|move: Tailwind\n|move|p2a: Venusaur|Sludge Bomb|p1a: Whimsicott\n|-supereffective|p1a: Whimsicott|2\n|-enditem|p1a: Whimsicott|Focus Sash\n|-damage|p1a: Whimsicott|1/100\n|move|p2b: Sinistcha|Trick Room|p2b: Sinistcha\n|-fieldstart|move: Trick Room|[of] p2b: Sinistcha\n|\n|upkeep\n|turn|2\n|\n|t:|1788308900\n|detailschange|p1b: Charizard|Charizard-Mega-Y, L50, M\n|-mega|p1b: Charizard|Charizard|Charizardite Y\n|-weather|SunnyDay|[from] ability: Drought|[of] p1b: Charizard\n|move|p1a: Whimsicott|Encore|p2b: Sinistcha\n|-start|p2b: Sinistcha|Encore\n|move|p2a: Venusaur|Sludge Bomb|p1b: Charizard\n|-damage|p1b: Charizard|45/100\n|move|p1b: Charizard|Heat Wave|p2b: Sinistcha|[spread] p2a,p2b\n|-supereffective|p2a: Venusaur|1\n|-supereffective|p2b: Sinistcha|1\n|-enditem|p2b: Sinistcha|Occa Berry|[eat]\n|-enditem|p2b: Sinistcha|Occa Berry|[weaken]\n|-damage|p2a: Venusaur|41/100\n|-damage|p2b: Sinistcha|15/100\n|move|p2b: Sinistcha|Trick Room|p2b: Sinistcha\n|-fieldend|move: Trick Room\n|\n|-weather|SunnyDay|[upkeep]\n|upkeep\n|turn|3\n|\n|t:|1788308921\n|switch|p1a: Sneasler|Sneasler, L50, M|100/100\n|move|p1b: Charizard|Heat Wave|p2a: Venusaur|[spread] p2a,p2b\n|-supereffective|p2a: Venusaur|1\n|-crit|p2a: Venusaur\n|-supereffective|p2b: Sinistcha|1\n|-damage|p2a: Venusaur|0 fnt\n|-damage|p2b: Sinistcha|0 fnt\n|faint|p2a: Venusaur\n|faint|p2b: Sinistcha\n|\n|-weather|SunnyDay|[upkeep]\n|upkeep\n|\n|t:|1788308928\n|switch|p2a: Serperior|Serperior, L50, F, shiny|100/100\n|switch|p2b: Rotom|Rotom-Mow, L50|100/100\n|turn|4\n|\n|t:|1788308940\n|move|p2a: Serperior|Protect|p2a: Serperior\n|-singleturn|p2a: Serperior|Protect\n|move|p1a: Sneasler|Fake Out|p2b: Rotom\n|-damage|p2b: Rotom|85/100\n|move|p1b: Charizard|Heat Wave|p2a: Serperior|[spread] \n|-activate|p2a: Serperior|move: Protect\n|-miss|p1b: Charizard|p2b: Rotom\n|cant|p2b: Rotom|flinch\n|\n|-weather|SunnyDay|[upkeep]\n|-sideend|p1: Ellisqwan|move: Tailwind\n|upkeep\n|turn|5\n|\n|t:|1788308959\n|switch|p1b: Garchomp|Garchomp, L50, M|100/100\n|move|p1a: Sneasler|Dire Claw|p2a: Serperior\n|-supereffective|p2a: Serperior|1\n|-damage|p2a: Serperior|3/100\n|move|p2a: Serperior|Dragon Pulse|p1b: Garchomp\n|-supereffective|p1b: Garchomp|1\n|-damage|p1b: Garchomp|52/100\n|move|p2b: Rotom|Substitute|p2b: Rotom\n|-start|p2b: Rotom|Substitute\n|-damage|p2b: Rotom|60/100\n|\n|-weather|SunnyDay|[upkeep]\n|upkeep\n|turn|6\n|\n|t:|1788308975\n|move|p2a: Serperior|Protect|p2a: Serperior\n|-singleturn|p2a: Serperior|Protect\n|move|p1a: Sneasler|Dire Claw|p2b: Rotom\n|-supereffective|p2b: Rotom|1\n|-end|p2b: Rotom|Substitute\n|move|p1b: Garchomp|Rock Slide|p2a: Serperior|[spread] p2b\n|-activate|p2a: Serperior|move: Protect\n|-damage|p2b: Rotom|33/100\n|-damage|p1b: Garchomp|42/100|[from] item: Life Orb\n|move|p2b: Rotom|Will-O-Wisp|p1b: Garchomp\n|-status|p1b: Garchomp|brn\n|\n|-weather|none\n|-damage|p1b: Garchomp|36/100 brn|[from] brn\n|upkeep\n|turn|7\n|inactive|PMM_423 has 30 seconds left.\n|\n|t:|1788309010\n|move|p1a: Sneasler|Dire Claw|p2b: Rotom\n|-supereffective|p2b: Rotom|1\n|-damage|p2b: Rotom|0 fnt\n|faint|p2b: Rotom\n|move|p2a: Serperior|Leaf Storm|p1b: Garchomp\n|-damage|p1b: Garchomp|0 fnt\n|-boost|p2a: Serperior|spa|2\n|faint|p1b: Garchomp\n|\n|upkeep\n|\n|t:|1788309017\n|switch|p1b: Whimsicott|Whimsicott, L50, F|1/100\n|turn|8\n|-message|PMM_423 forfeited.\n|\n|win|Ellisqwan\n|raw|Ellisqwan's rating: 1081 &rarr; <strong>1102</strong><br />(+21 for winning)\n|raw|PMM_423's rating: 1000 &rarr; <strong>1000</strong><br />(+0 for losing)\n|l|☆PMM_423\n|player|p2|\n","uploadtime":1788309026,"views":"0","formatid":"gen9championsvgc2026regmb","rating":1000,"private":0,"password":null}