{"id":"gen9championsvgc2026regmbbo3-2674185626","format":"[Gen 9 Champions] VGC 2026 Reg M-B (Bo3)","players":["stom550","carbong"],"log":"|j|☆stom550\n|j|☆carbong\n|html|<table width=\"100%\"><tr><td align=\"left\">stom550</td><td align=\"right\">carbong</tr><tr><td align=\"left\"><i class=\"fa fa-circle\"></i> <i class=\"fa fa-circle-o\"></i> </td><td align=\"right\"><i class=\"fa fa-circle-o\"></i> <i class=\"fa fa-circle-o\"></i> </tr></table>\n|uhtml|bestof|<h2><strong>Game 2</strong> of <a href=\"/game-bestof3-gen9championsvgc2026regmbbo3-2674183582\">a best-of-3</a></h2>\n|t:|1788312076\n|gametype|doubles\n|player|p1|stom550|red|1171\n|player|p2|carbong|blue|1122\n|gen|9\n|tier|[Gen 9 Champions] VGC 2026 Reg M-B (Bo3)\n|rated|\n|rule|Species Clause: Limit one of each Pokémon\n|rule|Item Clause: Limit 1 of each item\n|clearpoke\n|poke|p1|Delphox, L50, M|\n|poke|p1|Azumarill, L50, M|\n|poke|p1|Sinistcha, L50|\n|poke|p1|Sneasler, L50, M|\n|poke|p1|Incineroar, L50, M|\n|poke|p1|Garchomp, L50, M|\n|poke|p2|Swampert, L50, F|\n|poke|p2|Pelipper, L50, M|\n|poke|p2|Archaludon, L50, F|\n|poke|p2|Sinistcha, L50, shiny|\n|poke|p2|Incineroar, L50, M|\n|poke|p2|Sneasler, L50, F|\n|teampreview|4\n|showteam|p1|Delphox||Delphoxite|Blaze|HeatWave,Psyshock,NastyPlot,Protect|Timid||M|||50|]Azumarill||SitrusBerry|HugePower|AquaJet,PlayRough,BellyDrum,Protect|Adamant||M|||50|]Sinistcha||KasibBerry|Hospitality|MatchaGotcha,RagePowder,LifeDew,Protect|Bold|||||50|]Sneasler||FocusSash|Unburden|FakeOut,DireClaw,CloseCombat,QuickGuard|Jolly||M|||50|]Incineroar||ChopleBerry|Intimidate|FakeOut,FlareBlitz,ThroatChop,PartingShot|Careful||M|||50|]Garchomp||ChoiceScarf|RoughSkin|DragonClaw,RockSlide,Earthquake,StompingTantrum|Adamant||M|||50|\n|showteam|p2|Swampert||Swampertite|Torrent|Protect,IcePunch,WaveCrash,Earthquake|Adamant||F|||50|]Pelipper||SitrusBerry|Drizzle|Protect,Tailwind,WeatherBall,Hurricane|Quiet||M|||50|]Archaludon||Leftovers|Stamina|Protect,ElectroShot,FlashCannon,DragonPulse|Timid||F|||50|]Sinistcha||KasibBerry|Hospitality|MatchaGotcha,Protect,RagePowder,TrickRoom|Relaxed|||||50|]Incineroar||PasshoBerry|Intimidate|FakeOut,ThroatChop,PartingShot,FlareBlitz|Serious||M|||50|]Sneasler||FocusSash|PoisonTouch|QuickGuard,FakeOut,CloseCombat,DireClaw|Jolly||F|||50|\n|\n|t:|1788312103\n|teamsize|p1|4\n|teamsize|p2|4\n|start\n|switch|p1a: Azumarill|Azumarill, L50, M|100/100\n|switch|p1b: Tigre Toño|Incineroar, L50, M|100/100\n|switch|p2a: Triple H|Incineroar, L50, M|100/100\n|switch|p2b: Maiquetía|Sneasler, L50, F|100/100\n|-ability|p2a: Triple H|Intimidate|boost\n|-unboost|p1a: Azumarill|atk|1\n|-unboost|p1b: Tigre Toño|atk|1\n|-ability|p1b: Tigre Toño|Intimidate|boost\n|-unboost|p2a: Triple H|atk|1\n|-unboost|p2b: Maiquetía|atk|1\n|turn|1\n|inactive|Battle timer is ON: inactive players will automatically lose when time's up. (requested by stom550)\n|\n|t:|1788312127\n|switch|p1b: Sinistcha|Sinistcha, L50|100/100\n|move|p1a: Azumarill|Protect|p1a: Azumarill\n|-singleturn|p1a: Azumarill|Protect\n|move|p2b: Maiquetía|Fake Out|p1a: Azumarill\n|-activate|p1a: Azumarill|move: Protect\n|move|p2a: Triple H|Fake Out|p1b: Sinistcha\n|-immune|p1b: Sinistcha\n|\n|upkeep\n|turn|2\n|inactive|carbong has 30 seconds left.\n|\n|t:|1788312155\n|move|p1b: Sinistcha|Rage Powder|p1b: Sinistcha\n|-singleturn|p1b: Sinistcha|move: Rage Powder\n|move|p2b: Maiquetía|Dire Claw|p1b: Sinistcha\n|-damage|p1b: Sinistcha|77/100\n|-status|p1b: Sinistcha|psn\n|move|p2a: Triple H|Throat Chop|p1b: Sinistcha\n|-supereffective|p1b: Sinistcha|1\n|-damage|p1b: Sinistcha|40/100 psn\n|-start|p1b: Sinistcha|Throat Chop|[silent]\n|move|p1a: Azumarill|Belly Drum|p1a: Azumarill\n|-damage|p1a: Azumarill|50/100y\n|-setboost|p1a: Azumarill|atk|6|[from] move: Belly Drum\n|-enditem|p1a: Azumarill|Sitrus Berry|[eat]\n|-heal|p1a: Azumarill|74/100|[from] item: Sitrus Berry\n|\n|-damage|p1b: Sinistcha|27/100 psn|[from] psn\n|upkeep\n|turn|3\n|inactive|carbong has 30 seconds left.\n|\n|t:|1788312188\n|move|p1b: Sinistcha|Rage Powder|p1b: Sinistcha\n|-singleturn|p1b: Sinistcha|move: Rage Powder\n|move|p1a: Azumarill|Aqua Jet|p2a: Triple H\n|-supereffective|p2a: Triple H|1\n|-enditem|p2a: Triple H|Passho Berry|[eat]\n|-enditem|p2a: Triple H|Passho Berry|[weaken]\n|-damage|p2a: Triple H|14/100\n|move|p2b: Maiquetía|Dire Claw|p1b: Sinistcha\n|-damage|p1b: Sinistcha|6/100 psn\n|move|p2a: Triple H|Parting Shot|p1b: Sinistcha\n|-unboost|p1b: Sinistcha|atk|1\n|-unboost|p1b: Sinistcha|spa|1\n|\n|t:|1788312202\n|switch|p2a: Wanda|Swampert, L50, F|100/100|[from] Parting Shot\n|\n|-damage|p1b: Sinistcha|0 fnt|[from] psn\n|faint|p1b: Sinistcha\n|upkeep\n|\n|t:|1788312214\n|switch|p1b: Tigre Toño|Incineroar, L50, M|100/100\n|-ability|p1b: Tigre Toño|Intimidate|boost\n|-unboost|p2a: Wanda|atk|1\n|-unboost|p2b: Maiquetía|atk|1\n|turn|4\n|inactive|carbong has 30 seconds left.\n|\n|t:|1788312242\n|switch|p2a: Triple H|Incineroar, L50, M|14/100\n|-ability|p2a: Triple H|Intimidate|boost\n|-unboost|p1a: Azumarill|atk|1\n|-unboost|p1b: Tigre Toño|atk|1\n|move|p1b: Tigre Toño|Fake Out|p2b: Maiquetía\n|-damage|p2b: Maiquetía|88/100\n|cant|p2b: Maiquetía|flinch\n|move|p1a: Azumarill|Play Rough|p2b: Maiquetía\n|-damage|p2b: Maiquetía|0 fnt\n|faint|p2b: Maiquetía\n|\n|upkeep\n|\n|t:|1788312257\n|switch|p2b: Wanda|Swampert, L50, F|100/100\n|turn|5\n|\n|t:|1788312273\n|switch|p1b: Sneasler|Sneasler, L50, M|100/100\n|detailschange|p2b: Wanda|Swampert-Mega, L50, F\n|-mega|p2b: Wanda|Swampert|Swampertite\n|move|p1a: Azumarill|Protect|p1a: Azumarill\n|-singleturn|p1a: Azumarill|Protect\n|move|p2a: Triple H|Fake Out|p1a: Azumarill\n|-activate|p1a: Azumarill|move: Protect\n|move|p2b: Wanda|Earthquake|p1a: Azumarill|[spread] p2a,p1b\n|-activate|p1a: Azumarill|move: Protect\n|-supereffective|p2a: Triple H|1\n|-supereffective|p1b: Sneasler|1\n|-damage|p2a: Triple H|0 fnt\n|-enditem|p1b: Sneasler|Focus Sash\n|-damage|p1b: Sneasler|1/100\n|faint|p2a: Triple H\n|\n|upkeep\n|\n|t:|1788312292\n|switch|p2a: Tobias|Pelipper, L50, M|100/100\n|-weather|RainDance|[from] ability: Drizzle|[of] p2a: Tobias\n|turn|6\n|inactive|carbong has 30 seconds left.\n|\n|t:|1788312324\n|move|p1b: Sneasler|Fake Out|p2a: Tobias\n|-damage|p2a: Tobias|86/100\n|move|p1a: Azumarill|Aqua Jet|p2b: Wanda\n|-damage|p2b: Wanda|0 fnt\n|faint|p2b: Wanda\n|cant|p2a: Tobias|flinch\n|\n|-weather|RainDance|[upkeep]\n|upkeep\n|turn|7\n|inactive|stom550 has 30 seconds left.\n|\n|t:|1788312355\n|move|p1a: Azumarill|Aqua Jet|p2a: Tobias\n|-resisted|p2a: Tobias|1\n|-damage|p2a: Tobias|24/100\n|-enditem|p2a: Tobias|Sitrus Berry|[eat]\n|-heal|p2a: Tobias|49/100|[from] item: Sitrus Berry\n|move|p1b: Sneasler|Dire Claw|p2a: Tobias\n|-damage|p2a: Tobias|11/100\n|move|p2a: Tobias|Hurricane|p1a: Azumarill\n|-damage|p1a: Azumarill|35/100\n|-start|p1a: Azumarill|confusion\n|\n|-weather|RainDance|[upkeep]\n|upkeep\n|turn|8\n|\n|t:|1788312371\n|move|p2a: Tobias|Protect|p2a: Tobias\n|-singleturn|p2a: Tobias|Protect\n|-activate|p1a: Azumarill|confusion\n|move|p1a: Azumarill|Aqua Jet|p2a: Tobias\n|-activate|p2a: Tobias|move: Protect\n|move|p1b: Sneasler|Dire Claw|p2a: Tobias\n|-activate|p2a: Tobias|move: Protect\n|\n|-weather|RainDance|[upkeep]\n|upkeep\n|turn|9\n|\n|t:|1788312384\n|-end|p1a: Azumarill|confusion\n|move|p1a: Azumarill|Aqua Jet|p2a: Tobias\n|-resisted|p2a: Tobias|1\n|-damage|p2a: Tobias|0 fnt\n|faint|p2a: Tobias\n|\n|win|stom550\n|raw|stom550's rating: 1171 &rarr; <strong>1192</strong><br />(+21 for winning)\n|raw|carbong's rating: 1122 &rarr; <strong>1101</strong><br />(-21 for losing)\n","uploadtime":1788312393,"views":"13","formatid":"gen9championsvgc2026regmbbo3","rating":1101,"private":0,"password":null}