{"id":"gen9championsvgc2026regmbbo3-2673354508","format":"[Gen 9 Champions] VGC 2026 Reg M-B (Bo3)","players":["galargiant","craqui butaneroc"],"log":"|j|☆galargiant\n|j|☆craqui butaneroc\n|html|<table width=\"100%\"><tr><td align=\"left\">galargiant</td><td align=\"right\">craqui butaneroc</tr><tr><td align=\"left\"><i class=\"fa fa-circle\"></i> <i class=\"fa fa-circle-o\"></i> </td><td align=\"right\"><i class=\"fa fa-circle-o\"></i> <i class=\"fa fa-circle-o\"></i> </tr></table>\n|uhtml|bestof|<h2><strong>Game 2</strong> of <a href=\"/game-bestof3-gen9championsvgc2026regmbbo3-2673353359\">a best-of-3</a></h2>\n|t:|1788187488\n|gametype|doubles\n|player|p1|galargiant|jupiter|1176\n|player|p2|craqui butaneroc|265|1208\n|gen|9\n|tier|[Gen 9 Champions] VGC 2026 Reg M-B (Bo3)\n|rated|\n|rule|Species Clause: Limit one of each Pokémon\n|rule|Item Clause: Limit 1 of each item\n|clearpoke\n|poke|p1|Metagross, L50, shiny|\n|poke|p1|Kleavor, L50, M|\n|poke|p1|Whimsicott, L50, F, shiny|\n|poke|p1|Kingambit, L50, F|\n|poke|p1|Raichu, L50, F|\n|poke|p1|Basculegion, L50, M|\n|poke|p2|Garganacl, L50, M|\n|poke|p2|Toxapex, L50, M|\n|poke|p2|Gyarados, L50, F|\n|poke|p2|Sinistcha, L50|\n|poke|p2|Garchomp, L50, F|\n|poke|p2|Charizard, L50, M|\n|teampreview|4\n|showteam|p1|Metagross||Metagrossite|ClearBody|Protect,IronHead,PsychicFangs,IcePunch|Jolly|||||50|]Kleavor||FocusSash|Sharpness|Protect,StoneAxe,XScissor,Feint|Adamant||M|||50|]Whimsicott||FairyFeather|Prankster|Protect,Moonblast,Tailwind,Encore|Timid||F|||50|]Kingambit||ChopleBerry|Defiant|Protect,KowtowCleave,SuckerPunch,LowKick|Adamant||F|||50|]Raichu||RaichuniteY|LightningRod|Protect,ZapCannon,FocusBlast,FakeOut|Timid||F|||50|]Basculegion||LifeOrb|Adaptability|Protect,WaveCrash,LastRespects,AquaJet|Adamant||M|||50|\n|showteam|p2|Garganacl||ChopleBerry|PurifyingSalt|SaltCure,Recover,HeavySlam,Protect|Careful||M|||50|]Toxapex||Leftovers|Regenerator|Infestation,Toxic,WideGuard,BanefulBunker|Bold||M|||50|]Gyarados||Gyaradosite|Intimidate|IceFang,Waterfall,DragonDance,Protect|Adamant||F|||50|]Sinistcha||SitrusBerry|Hospitality|MatchaGotcha,RagePowder,LifeDew,TrickRoom|Calm|||||50|]Garchomp||ChoiceScarf|RoughSkin|Earthquake,StompingTantrum,RockSlide,DragonClaw|Adamant||F|||50|]Charizard||CharizarditeY|Blaze|HeatWave,WeatherBall,SolarBeam,Protect|Timid||M|||50|\n|inactive|Battle timer is ON: inactive players will automatically lose when time's up. (requested by craqui butaneroc)\n|inactive|galargiant has 60 seconds left.\n|\n|t:|1788187556\n|teamsize|p1|4\n|teamsize|p2|4\n|start\n|switch|p1a: Whimsicott|Whimsicott, L50, F, shiny|100/100\n|switch|p1b: Kleavor|Kleavor, L50, M|100/100\n|switch|p2a: Sinistcha|Sinistcha, L50|100/100\n|switch|p2b: Toxapex|Toxapex, L50, M|100/100\n|turn|1\n|inactive|craqui butaneroc has 30 seconds left.\n|inactive|craqui butaneroc has 20 seconds left.\n|\n|t:|1788187591\n|switch|p1a: Metagross|Metagross, L50, shiny|100/100\n|move|p1b: Kleavor|Stone Axe|p2a: Sinistcha\n|-crit|p2a: Sinistcha\n|-damage|p2a: Sinistcha|26/100\n|-sidestart|p2: craqui butaneroc|move: Stealth Rock\n|-enditem|p2a: Sinistcha|Sitrus Berry|[eat]\n|-heal|p2a: Sinistcha|51/100|[from] item: Sitrus Berry\n|move|p2a: Sinistcha|Matcha Gotcha|p1a: Metagross|[spread] p1a,p1b\n|-resisted|p1a: Metagross|1\n|-damage|p1a: Metagross|84/100\n|-heal|p2a: Sinistcha|58/100|[from] drain|[of] p1a: Metagross\n|-damage|p1b: Kleavor|58/100\n|-heal|p2a: Sinistcha|75/100|[from] drain|[of] p1b: Kleavor\n|-status|p1b: Kleavor|brn\n|move|p2b: Toxapex|Infestation|p1b: Kleavor\n|-damage|p1b: Kleavor|53/100 brn\n|-activate|p1b: Kleavor|move: Infestation|[of] p2b: Toxapex\n|\n|-damage|p1b: Kleavor|46/100 brn|[from] brn\n|-damage|p1b: Kleavor|34/100 brn|[from] move: Infestation|[partiallytrapped]\n|upkeep\n|turn|2\n|\n|t:|1788187615\n|detailschange|p1a: Metagross|Metagross-Mega, L50, shiny\n|-mega|p1a: Metagross|Metagross|Metagrossite\n|move|p2a: Sinistcha|Rage Powder|p2a: Sinistcha\n|-singleturn|p2a: Sinistcha|move: Rage Powder\n|move|p1a: Metagross|Ice Punch|p2a: Sinistcha\n|-supereffective|p2a: Sinistcha|1\n|-damage|p2a: Sinistcha|15/100\n|move|p1b: Kleavor|Stone Axe|p2a: Sinistcha\n|-damage|p2a: Sinistcha|0 fnt\n|faint|p2a: Sinistcha\n|move|p2b: Toxapex|Infestation|p1a: Metagross\n|-damage|p1a: Metagross|80/100\n|-activate|p1a: Metagross|move: Infestation|[of] p2b: Toxapex\n|\n|-damage|p1b: Kleavor|28/100 brn|[from] brn\n|-damage|p1a: Metagross|68/100|[from] move: Infestation|[partiallytrapped]\n|-damage|p1b: Kleavor|15/100 brn|[from] move: Infestation|[partiallytrapped]\n|upkeep\n|\n|t:|1788187630\n|switch|p2a: Garchomp|Garchomp, L50, F|100/100\n|-damage|p2a: Garchomp|94/100|[from] Stealth Rock\n|turn|3\n|inactive|galargiant has 30 seconds left.\n|\n|t:|1788187656\n|move|p2b: Toxapex|Wide Guard|p2b: Toxapex\n|-singleturn|p2b: Toxapex|Wide Guard\n|move|p1b: Kleavor|Feint|p2b: Toxapex\n|-activate|p2b: Toxapex|move: Feint\n|-damage|p2b: Toxapex|96/100\n|move|p2a: Garchomp|Earthquake|p1a: Metagross|[spread] p2b,p1a,p1b\n|-supereffective|p2b: Toxapex|1\n|-crit|p2b: Toxapex\n|-supereffective|p1a: Metagross|1\n|-damage|p2b: Toxapex|7/100\n|-damage|p1a: Metagross|0 fnt\n|-damage|p1b: Kleavor|0 fnt\n|faint|p1a: Metagross\n|faint|p1b: Kleavor\n|\n|-heal|p2b: Toxapex|12/100|[from] item: Leftovers\n|upkeep\n|\n|t:|1788187673\n|switch|p1a: Whimsicott|Whimsicott, L50, F, shiny|100/100\n|switch|p1b: Basculegion|Basculegion, L50, M|100/100\n|turn|4\n|inactive|craqui butaneroc has 30 seconds left.\n|\n|t:|1788187704\n|move|p1a: Whimsicott|Tailwind|p1a: Whimsicott\n|-sidestart|p1: galargiant|move: Tailwind\n|move|p1b: Basculegion|Last Respects|p2a: Garchomp\n|-damage|p2a: Garchomp|0 fnt\n|faint|p2a: Garchomp\n|-damage|p1b: Basculegion|90/100|[from] item: Life Orb\n|move|p2b: Toxapex|Toxic|p1b: Basculegion\n|-status|p1b: Basculegion|tox\n|\n|-heal|p2b: Toxapex|18/100|[from] item: Leftovers\n|-damage|p1b: Basculegion|84/100 tox|[from] psn\n|upkeep\n|\n|t:|1788187712\n|switch|p2a: Charizard|Charizard, L50, M|100/100\n|-damage|p2a: Charizard|50/100y|[from] Stealth Rock\n|turn|5\n|\n|t:|1788187728\n|detailschange|p2a: Charizard|Charizard-Mega-Y, L50, M\n|-mega|p2a: Charizard|Charizard|Charizardite Y\n|-weather|SunnyDay|[from] ability: Drought|[of] p2a: Charizard\n|move|p2a: Charizard|Protect|p2a: Charizard\n|-singleturn|p2a: Charizard|Protect\n|move|p2b: Toxapex|Baneful Bunker|p2b: Toxapex\n|-singleturn|p2b: Toxapex|move: Protect\n|move|p1a: Whimsicott|Moonblast|p2b: Toxapex\n|-activate|p2b: Toxapex|move: Protect\n|move|p1b: Basculegion|Last Respects|p2a: Charizard\n|-activate|p2a: Charizard|move: Protect\n|\n|-weather|SunnyDay|[upkeep]\n|-heal|p2b: Toxapex|24/100|[from] item: Leftovers\n|-damage|p1b: Basculegion|71/100 tox|[from] psn\n|upkeep\n|turn|6\n|\n|t:|1788187742\n|move|p1a: Whimsicott|Moonblast|p2b: Toxapex\n|-resisted|p2b: Toxapex|1\n|-damage|p2b: Toxapex|7/100\n|move|p1b: Basculegion|Last Respects|p2a: Charizard\n|-damage|p2a: Charizard|0 fnt\n|faint|p2a: Charizard\n|-damage|p1b: Basculegion|62/100 tox|[from] item: Life Orb\n|move|p2b: Toxapex|Toxic|p1a: Whimsicott\n|-status|p1a: Whimsicott|tox\n|\n|-weather|SunnyDay|[upkeep]\n|-heal|p2b: Toxapex|12/100|[from] item: Leftovers\n|-damage|p1a: Whimsicott|94/100 tox|[from] psn\n|-damage|p1b: Basculegion|43/100 tox|[from] psn\n|upkeep\n|turn|7\n|\n|t:|1788187757\n|move|p2b: Toxapex|Baneful Bunker|p2b: Toxapex\n|-singleturn|p2b: Toxapex|move: Protect\n|move|p1a: Whimsicott|Encore|p2b: Toxapex\n|-activate|p2b: Toxapex|move: Protect\n|move|p1b: Basculegion|Last Respects|p2b: Toxapex\n|-activate|p2b: Toxapex|move: Protect\n|\n|-weather|SunnyDay|[upkeep]\n|-heal|p2b: Toxapex|18/100|[from] item: Leftovers\n|-damage|p1a: Whimsicott|82/100 tox|[from] psn\n|-damage|p1b: Basculegion|18/100 tox|[from] psn\n|-sideend|p1: galargiant|move: Tailwind\n|upkeep\n|turn|8\n|\n|t:|1788187768\n|move|p2b: Toxapex|Baneful Bunker||[still]\n|-fail|p2b: Toxapex\n|move|p1a: Whimsicott|Moonblast|p2b: Toxapex\n|-resisted|p2b: Toxapex|1\n|-damage|p2b: Toxapex|2/100\n|move|p1b: Basculegion|Last Respects|p2b: Toxapex\n|-damage|p2b: Toxapex|0 fnt\n|faint|p2b: Toxapex\n|-damage|p1b: Basculegion|9/100 tox|[from] item: Life Orb\n|\n|win|galargiant\n|raw|galargiant's rating: 1176 &rarr; <strong>1203</strong><br />(+27 for winning)\n|raw|craqui butaneroc's rating: 1208 &rarr; <strong>1181</strong><br />(-27 for losing)\n|l|☆craqui butaneroc\n|player|p2|\n","uploadtime":1788187781,"views":"7","formatid":"gen9championsvgc2026regmbbo3","rating":1181,"private":0,"password":null}