{"id":"gen9championsvgc2026regmb-2673850692","format":"[Gen 9 Champions] VGC 2026 Reg M-B","players":["L3M0N8BP","mukababa"],"log":"|j|☆L3M0N8BP\n|j|☆mukababa\n|t:|1788268371\n|gametype|doubles\n|player|p1|L3M0N8BP|cynthia-gen4|1058\n|player|p2|mukababa|ghetsis-gen5bw|1000\n|gen|9\n|tier|[Gen 9 Champions] VGC 2026 Reg M-B\n|rated|\n|rule|Species Clause: Limit one of each Pokémon\n|rule|Item Clause: Limit 1 of each item\n|clearpoke\n|poke|p1|Raichu, L50, M, shiny|\n|poke|p1|Swampert, L50, M, shiny|\n|poke|p1|Tsareena, L50, F, shiny|\n|poke|p1|Sableye, L50, M, shiny|\n|poke|p1|Archaludon, L50, M, shiny|\n|poke|p1|Pelipper, L50, F, shiny|\n|poke|p2|Meganium, L50, F|\n|poke|p2|Aerodactyl, L50, F|\n|poke|p2|Kingambit, L50, M|\n|poke|p2|Quaquaval, L50, M|\n|poke|p2|Farigiraf, L50, M|\n|poke|p2|Raichu, L50, F|\n|teampreview|4\nmukababa has agreed to open team sheets.\n|\n|t:|1788268417\n|teamsize|p1|4\n|teamsize|p2|4\n|start\n|switch|p1a: antidory|Pelipper, L50, F, shiny|100/100\n|switch|p1b: paco.exe|Swampert, L50, M, shiny|100/100\n|switch|p2a: Aerodactyl|Aerodactyl, L50, F|100/100\n|switch|p2b: Meganium|Meganium, L50, F|100/100\n|-ability|p2a: Aerodactyl|Unnerve\n|-weather|RainDance|[from] ability: Drizzle|[of] p1a: antidory\n|turn|1\n|\n|t:|1788268452\n|switch|p1b: oxido gate|Archaludon, L50, M, shiny|100/100\n|detailschange|p2b: Meganium|Meganium-Mega, L50, F\n|-mega|p2b: Meganium|Meganium|Meganiumite\n|move|p2a: Aerodactyl|Tailwind|p2a: Aerodactyl\n|-sidestart|p2: mukababa|move: Tailwind\n|move|p2b: Meganium|Solar Beam||[still]\n|-prepare|p2b: Meganium|Solar Beam\n|-activate|p2b: Meganium|ability: Mega Sol\n|-anim|p2b: Meganium|Solar Beam|p1b: oxido gate\n|-resisted|p1b: oxido gate|2\n|-crit|p1b: oxido gate\n|-damage|p1b: oxido gate|73/100\n|-ability|p1b: oxido gate|Stamina|boost\n|-boost|p1b: oxido gate|def|1\n|move|p1a: antidory|Tailwind|p1a: antidory\n|-sidestart|p1: L3M0N8BP|move: Tailwind\n|\n|-weather|RainDance|[upkeep]\n|-heal|p1b: oxido gate|79/100|[from] item: Leftovers\n|upkeep\n|turn|2\n|\n|t:|1788268478\n|move|p2a: Aerodactyl|Rock Slide|p1b: oxido gate|[spread] p1a\n|-miss|p2a: Aerodactyl|p1b: oxido gate\n|-supereffective|p1a: antidory|1\n|-damage|p1a: antidory|44/100\n|move|p1b: oxido gate|Flash Cannon|p2a: Aerodactyl\n|-supereffective|p2a: Aerodactyl|1\n|-enditem|p2a: Aerodactyl|Focus Sash\n|-damage|p2a: Aerodactyl|1/100\n|move|p2b: Meganium|Weather Ball|p1b: oxido gate\n|-damage|p1b: oxido gate|19/100\n|-ability|p1b: oxido gate|Stamina|boost\n|-boost|p1b: oxido gate|def|1\n|move|p1a: antidory|Hurricane|p2b: Meganium\n|-supereffective|p2b: Meganium|1\n|-damage|p2b: Meganium|37/100\n|-start|p2b: Meganium|confusion\n|\n|-weather|RainDance|[upkeep]\n|-heal|p1b: oxido gate|25/100|[from] item: Leftovers\n|upkeep\n|turn|3\n|\n|t:|1788268556\n|move|p1a: antidory|Wide Guard|p1a: antidory\n|-singleturn|p1a: antidory|Wide Guard\n|move|p2a: Aerodactyl|Rock Slide|p1a: antidory|[spread] \n|-activate|p1a: antidory|move: Wide Guard\n|-activate|p1b: oxido gate|move: Wide Guard\n|move|p1b: oxido gate|Flash Cannon|p2b: Meganium\n|-supereffective|p2b: Meganium|1\n|-damage|p2b: Meganium|0 fnt\n|faint|p2b: Meganium\n|\n|-weather|RainDance|[upkeep]\n|-heal|p1b: oxido gate|31/100|[from] item: Leftovers\n|upkeep\n|\n|t:|1788268568\n|switch|p2b: Quaquaval|Quaquaval, L50, M|100/100\n|turn|4\n|inactive|Battle timer is ON: inactive players will automatically lose when time's up. (requested by mukababa)\n|\n|t:|1788268622\n|switch|p1a: paco.exe|Swampert, L50, M, shiny|100/100\n|move|p2a: Aerodactyl|Dual Wingbeat|p1a: paco.exe\n|-damage|p1a: paco.exe|82/100\n|-damage|p1a: paco.exe|61/100\n|-hitcount|p1a: paco.exe|2\n|move|p2b: Quaquaval|Close Combat|p1b: oxido gate\n|-supereffective|p1b: oxido gate|1\n|-damage|p1b: oxido gate|0 fnt\n|-unboost|p2b: Quaquaval|def|1\n|-unboost|p2b: Quaquaval|spd|1\n|faint|p1b: oxido gate\n|-ability|p2b: Quaquaval|Moxie|boost\n|-boost|p2b: Quaquaval|atk|1\n|\n|-weather|RainDance|[upkeep]\n|-sideend|p1: L3M0N8BP|move: Tailwind\n|-sideend|p2: mukababa|move: Tailwind\n|upkeep\n|\n|t:|1788268644\n|switch|p1b: sayver.exe|Sableye, L50, M, shiny|100/100\n|turn|5\n|\n|t:|1788268664\n|detailschange|p1a: paco.exe|Swampert-Mega, L50, M, shiny\n|-mega|p1a: paco.exe|Swampert|Swampertite\n|move|p1a: paco.exe|Protect|p1a: paco.exe\n|-singleturn|p1a: paco.exe|Protect\n|move|p1b: sayver.exe|Will-O-Wisp|p2b: Quaquaval\n|-status|p2b: Quaquaval|brn\n|move|p2a: Aerodactyl|Tailwind|p2a: Aerodactyl\n|-sidestart|p2: mukababa|move: Tailwind\n|move|p2b: Quaquaval|Aqua Step|p1b: sayver.exe\n|-damage|p1b: sayver.exe|46/100\n|-boost|p2b: Quaquaval|spe|1\n|\n|-weather|RainDance|[upkeep]\n|-damage|p2b: Quaquaval|93/100 brn|[from] brn\n|upkeep\n|turn|6\n|inactive|L3M0N8BP has 30 seconds left.\n|inactive|L3M0N8BP has 20 seconds left.\n|inactive|L3M0N8BP has 15 seconds left.\n|\n|t:|1788268707\n|move|p1b: sayver.exe|Will-O-Wisp|p2a: Aerodactyl\n|-status|p2a: Aerodactyl|brn\n|move|p2b: Quaquaval|Aqua Step|p1a: paco.exe\n|-damage|p1a: paco.exe|23/100\n|-boost|p2b: Quaquaval|spe|1\n|move|p2a: Aerodactyl|Rock Slide|p1b: sayver.exe|[spread] p1a,p1b\n|-resisted|p1a: paco.exe|1\n|-damage|p1a: paco.exe|18/100\n|-damage|p1b: sayver.exe|31/100\n|move|p1a: paco.exe|Earthquake|p2a: Aerodactyl|[spread] p1b,p2b\n|-immune|p2a: Aerodactyl\n|-damage|p1b: sayver.exe|0 fnt\n|-damage|p2b: Quaquaval|0 fnt\n|faint|p1b: sayver.exe\n|faint|p2b: Quaquaval\n|\n|-weather|RainDance|[upkeep]\n|-damage|p2a: Aerodactyl|0 fnt|[from] brn\n|faint|p2a: Aerodactyl\n|upkeep\n|\n|t:|1788268727\n|switch|p2b: Kingambit|Kingambit, L50, M|100/100\n|switch|p1b: antidory|Pelipper, L50, F, shiny|44/100\n|turn|7\n|\n|t:|1788268744\n|move|p1a: paco.exe|Protect|p1a: paco.exe\n|-singleturn|p1a: paco.exe|Protect\n|move|p2b: Kingambit|Kowtow Cleave|p1b: antidory\n|-damage|p1b: antidory|0 fnt\n|faint|p1b: antidory\n|\n|-weather|RainDance|[upkeep]\n|upkeep\n|turn|8\n|\n|t:|1788268755\n|move|p2b: Kingambit|Sucker Punch|p1a: paco.exe\n|-damage|p1a: paco.exe|0 fnt\n|faint|p1a: paco.exe\n|\n|win|mukababa\n|raw|L3M0N8BP's rating: 1058 &rarr; <strong>1036</strong><br />(-22 for losing)\n|raw|mukababa's rating: 1000 &rarr; <strong>1047</strong><br />(+47 for winning)\n|l|☆L3M0N8BP\n|player|p1|\n","uploadtime":1788268841,"views":"11","formatid":"gen9championsvgc2026regmb","rating":1036,"private":0,"password":null}