{"id":"gen9championsvgc2026regmb-2674299387","format":"[Gen 9 Champions] VGC 2026 Reg M-B","players":["rilevs","Sirofima"],"log":"|j|☆rilevs\n|j|☆Sirofima\n|t:|1788335213\n|gametype|doubles\n|player|p1|rilevs|roxie|1348\n|player|p2|Sirofima|170|1360\n|gen|9\n|tier|[Gen 9 Champions] VGC 2026 Reg M-B\n|rated|\n|rule|Species Clause: Limit one of each Pokémon\n|rule|Item Clause: Limit 1 of each item\n|clearpoke\n|poke|p1|Staraptor, L50, M|\n|poke|p1|Metagross, L50|\n|poke|p1|Farigiraf, L50, F|\n|poke|p1|Whimsicott, L50, M|\n|poke|p1|Garchomp, L50, F|\n|poke|p1|Ceruledge, L50, M|\n|poke|p2|Slowbro, L50, M, shiny|\n|poke|p2|Farigiraf, L50, M|\n|poke|p2|Torkoal, L50, F|\n|poke|p2|Reuniclus, L50, M|\n|poke|p2|Sylveon, L50, F, shiny|\n|poke|p2|Rhyperior, L50, M|\n|teampreview|4\n|inactive|Battle timer is ON: inactive players will automatically lose when time's up. (requested by Sirofima)\n|\n|t:|1788335276\n|teamsize|p1|4\n|teamsize|p2|4\n|start\n|switch|p1a: Metagross|Metagross, L50|100/100\n|switch|p1b: Whimsicott|Whimsicott, L50, M|100/100\n|switch|p2a: Мега Слоубро|Slowbro, L50, M, shiny|100/100\n|switch|p2b: Фаригираф|Farigiraf, L50, M|100/100\n|turn|1\n|inactive|Sirofima has 30 seconds left.\n|\n|t:|1788335307\n|detailschange|p1a: Metagross|Metagross-Mega, L50\n|-mega|p1a: Metagross|Metagross|Metagrossite\n|detailschange|p2a: Мега Слоубро|Slowbro-Mega, L50, M, shiny\n|-mega|p2a: Мега Слоубро|Slowbro|Slowbronite\n|move|p1b: Whimsicott|Moonblast|p2b: Фаригираф\n|-damage|p2b: Фаригираф|73/100\n|move|p1a: Metagross|Iron Head|p2b: Фаригираф\n|-damage|p2b: Фаригираф|18/100\n|-enditem|p2b: Фаригираф|Sitrus Berry|[eat]\n|-heal|p2b: Фаригираф|43/100|[from] item: Sitrus Berry\n|cant|p2b: Фаригираф|flinch\n|move|p2a: Мега Слоубро|Trick Room|p2a: Мега Слоубро\n|-fieldstart|move: Trick Room|[of] p2a: Мега Слоубро\n|\n|upkeep\n|turn|2\n|inactive|rilevs has 30 seconds left.\n|\n|t:|1788335342\n|move|p2a: Мега Слоубро|Body Press|p1a: Metagross\n|-damage|p1a: Metagross|78/100\n|move|p2b: Фаригираф|Psychic Terrain|p2b: Фаригираф\n|-fieldstart|move: Psychic Terrain\n|move|p1a: Metagross|Iron Head|p2b: Фаригираф\n|-damage|p2b: Фаригираф|0 fnt\n|faint|p2b: Фаригираф\n|move|p1b: Whimsicott|Moonblast|p2a: Мега Слоубро\n|-damage|p2a: Мега Слоубро|59/100\n|\n|upkeep\n|\n|t:|1788335363\n|switch|p2b: Реуниклус|Reuniclus, L50, M|100/100\n|turn|3\n|inactive|rilevs has 30 seconds left.\n|\n|t:|1788335395\n|move|p2b: Реуниклус|Focus Blast|p1a: Metagross\n|-damage|p1a: Metagross|24/100\n|move|p2a: Мега Слоубро|Expanding Force|p1b: Whimsicott|[spread] p1a,p1b\n|-resisted|p1a: Metagross|2\n|-damage|p1a: Metagross|8/100\n|-enditem|p1b: Whimsicott|Focus Sash\n|-damage|p1b: Whimsicott|1/100\n|move|p1a: Metagross|Iron Head|p2b: Реуниклус\n|-damage|p2b: Реуниклус|40/100\n|move|p1b: Whimsicott|Moonblast|p2a: Мега Слоубро\n|-damage|p2a: Мега Слоубро|23/100\n|\n|upkeep\n|turn|4\n|inactive|Sirofima has 30 seconds left.\n|\n|t:|1788335425\n|switch|p2b: Сильвеон|Sylveon, L50, F, shiny|100/100\n|move|p1a: Metagross|Protect|p1a: Metagross\n|-singleturn|p1a: Metagross|Protect\n|move|p2a: Мега Слоубро|Expanding Force|p1a: Metagross|[spread] p1b\n|-activate|p1a: Metagross|move: Protect\n|-damage|p1b: Whimsicott|0 fnt\n|faint|p1b: Whimsicott\n|\n|upkeep\n|\n|t:|1788335438\n|switch|p1b: Ceruledge|Ceruledge, L50, M|100/100\n|turn|5\n|\n|t:|1788335453\n|move|p1b: Ceruledge|Protect|p1b: Ceruledge\n|-singleturn|p1b: Ceruledge|Protect\n|move|p2a: Мега Слоубро|Expanding Force|p1a: Metagross|[spread] p1a\n|-activate|p1b: Ceruledge|move: Protect\n|-resisted|p1a: Metagross|2\n|-damage|p1a: Metagross|0 fnt\n|faint|p1a: Metagross\n|move|p2b: Сильвеон|Hyper Voice|p1b: Ceruledge\n|-activate|p1b: Ceruledge|move: Protect\n|\n|-fieldend|move: Trick Room\n|upkeep\n|\n|t:|1788335463\n|switch|p1a: Garchomp|Garchomp, L50, F|100/100\n|turn|6\n|\n|t:|1788335476\n|move|p1a: Garchomp|Stomping Tantrum|p2a: Мега Слоубро\n|-damage|p2a: Мега Слоубро|0 fnt\n|faint|p2a: Мега Слоубро\n|-damage|p1a: Garchomp|90/100|[from] item: Life Orb\n|move|p1b: Ceruledge|Bitter Blade|p2b: Сильвеон\n|-damage|p2b: Сильвеон|44/100\n|move|p2b: Сильвеон|Hyper Voice|p1b: Ceruledge|[spread] p1a,p1b\n|-supereffective|p1a: Garchomp|1\n|-resisted|p1b: Ceruledge|1\n|-damage|p1a: Garchomp|0 fnt\n|-damage|p1b: Ceruledge|74/100\n|faint|p1a: Garchomp\n|\n|-fieldend|move: Psychic Terrain\n|upkeep\n|\n|t:|1788335489\n|switch|p2a: Реуниклус|Reuniclus, L50, M|40/100\n|turn|7\n|\n|t:|1788335499\n|move|p2b: Сильвеон|Protect|p2b: Сильвеон\n|-singleturn|p2b: Сильвеон|Protect\n|move|p1b: Ceruledge|Shadow Sneak|p2a: Реуниклус\n|-supereffective|p2a: Реуниклус|1\n|-damage|p2a: Реуниклус|0 fnt\n|faint|p2a: Реуниклус\n|\n|upkeep\n|turn|8\n|\n|t:|1788335509\n|move|p1b: Ceruledge|Bitter Blade|p2b: Сильвеон\n|-damage|p2b: Сильвеон|0 fnt\n|-heal|p1b: Ceruledge|99/100|[from] drain|[of] p2b: Сильвеон\n|faint|p2b: Сильвеон\n|\n|win|rilevs\n|raw|rilevs's rating: 1348 &rarr; <strong>1369</strong><br />(+21 for winning)\n|raw|Sirofima's rating: 1360 &rarr; <strong>1339</strong><br />(-21 for losing)\n","uploadtime":1788335516,"views":"7","formatid":"gen9championsvgc2026regmb","rating":1339,"private":0,"password":null}