{"id":"gen9championsvgc2026regmbbo3-2673332723","format":"[Gen 9 Champions] VGC 2026 Reg M-B (Bo3)","players":["infamous coak","humania1"],"log":"|j|☆infamous coak\n|j|☆humania1\n|html|<table width=\"100%\"><tr><td align=\"left\">infamous coak</td><td align=\"right\">humania1</tr><tr><td align=\"left\"><i class=\"fa fa-circle\"></i> <i class=\"fa fa-circle-o\"></i> </td><td align=\"right\"><i class=\"fa fa-circle-o\"></i> <i class=\"fa fa-circle\"></i> </tr></table>\n|uhtml|bestof|<h2><strong>Game 3</strong> of <a href=\"/game-bestof3-gen9championsvgc2026regmbbo3-2673329907\">a best-of-3</a></h2>\n|t:|1788184612\n|gametype|doubles\n|player|p1|infamous coak|265|1075\n|player|p2|humania1|170|1044\n|gen|9\n|tier|[Gen 9 Champions] VGC 2026 Reg M-B (Bo3)\n|rated|\n|rule|Species Clause: Limit one of each Pokémon\n|rule|Item Clause: Limit 1 of each item\n|clearpoke\n|poke|p1|Ampharos, L50, F|\n|poke|p1|Crabominable, L50, M|\n|poke|p1|Farigiraf, L50, F|\n|poke|p1|Mawile, L50, M|\n|poke|p1|Sneasler, L50, F|\n|poke|p1|Pelipper, L50, F|\n|poke|p2|Blastoise, L50, F|\n|poke|p2|Delphox, L50, F, shiny|\n|poke|p2|Incineroar, L50, F|\n|poke|p2|Sinistcha, L50|\n|poke|p2|Sneasler, L50, M|\n|poke|p2|Vivillon, L50, F|\n|teampreview|4\n|showteam|p1|Ampharos||Ampharosite|Static|DazzlingGleam,Thunderbolt,DragonPulse,Protect|Quiet||F|||50|]Crabominable||ShellBell|IronFist|BulkUp,IceHammer,DrainPunch,Protect|Brave||M|||50|]Farigiraf||ColburBerry|ArmorTail|TrickRoom,PsychicNoise,DazzlingGleam,HelpingHand|Quiet||F|||50|]Mawile||Mawilite|Intimidate|SuckerPunch,PlayRough,IronHead,Protect|Adamant||M|||50|]Sneasler||IronBall|Unburden|FakeOut,Fling,CloseCombat,DireClaw|Brave||F|||50|]Pelipper||FocusSash|Drizzle|Hurricane,MuddyWater,WideGuard,Protect|Quiet||F|||50|\n|showteam|p2|Blastoise||Blastoisinite|Torrent|Protect,ShellSmash,WaterSpout,DarkPulse|Modest||F|||50|]Delphox||Delphoxite|Blaze|Protect,HeatWave,Psyshock,NastyPlot|Timid||F|||50|]Incineroar||PasshoBerry|Intimidate|FakeOut,PartingShot,FlareBlitz,ThroatChop|Impish||F|||50|]Sinistcha||SitrusBerry|Hospitality|Protect,MatchaGotcha,TrickRoom,RagePowder|Bold|||||50|]Sneasler||FocusSash|PoisonTouch|QuickGuard,FakeOut,CloseCombat,DireClaw|Jolly||M|||50|]Vivillon||ChoiceScarf|CompoundEyes|Hurricane,SleepPowder,RagePowder,Uturn|Timid||F|||50|\n|inactive|Battle timer is ON: inactive players will automatically lose when time's up. (requested by humania1)\n|j| nosehabladebruno\n|inactive|infamous coak has 60 seconds left.\n|\n|t:|1788184656\n|teamsize|p1|4\n|teamsize|p2|4\n|start\n|switch|p1a: Farigiraf|Farigiraf, L50, F|100/100\n|switch|p1b: Sneasler|Sneasler, L50, F|100/100\n|switch|p2a: Blastoise|Blastoise, L50, F|100/100\n|switch|p2b: Delphox|Delphox, L50, F, shiny|100/100\n|turn|1\n|\n|t:|1788184661\n|move|p1b: Sneasler|Fake Out|p2b: Delphox\n|-damage|p2b: Delphox|77/100\n|cant|p2b: Delphox|flinch\n|move|p2a: Blastoise|Water Spout|p1b: Sneasler|[spread] p1a,p1b\n|-damage|p1a: Farigiraf|59/100\n|-damage|p1b: Sneasler|48/100\n|move|p1a: Farigiraf|Trick Room|p1a: Farigiraf\n|-fieldstart|move: Trick Room|[of] p1a: Farigiraf\n|\n|upkeep\n|turn|2\n|\n|t:|1788184674\n|move|p1a: Farigiraf|Helping Hand|p1b: Sneasler\n|-singleturn|p1b: Sneasler|Helping Hand|[of] p1a: Farigiraf\n|move|p1b: Sneasler|Dire Claw|p2b: Delphox\n|-damage|p2b: Delphox|0 fnt\n|faint|p2b: Delphox\n|move|p2a: Blastoise|Water Spout|p1b: Sneasler|[spread] p1a,p1b\n|-damage|p1a: Farigiraf|20/100y\n|-damage|p1b: Sneasler|0 fnt\n|faint|p1b: Sneasler\n|\n|upkeep\n|\n|t:|1788184679\n|switch|p1b: Pelipper|Pelipper, L50, F|100/100\n|switch|p2b: Sinistcha|Sinistcha, L50|100/100\n|-weather|RainDance|[from] ability: Drizzle|[of] p1b: Pelipper\n|turn|3\n|\n|t:|1788184685\n|switch|p2b: Incineroar|Incineroar, L50, F|100/100\n|-ability|p2b: Incineroar|Intimidate|boost\n|-unboost|p1a: Farigiraf|atk|1\n|-unboost|p1b: Pelipper|atk|1\n|move|p1b: Pelipper|Wide Guard|p1b: Pelipper\n|-singleturn|p1b: Pelipper|Wide Guard\n|move|p1a: Farigiraf|Psychic Noise|p2b: Incineroar\n|-immune|p2b: Incineroar\n|move|p2a: Blastoise|Water Spout|p1b: Pelipper|[spread] \n|-activate|p1a: Farigiraf|move: Wide Guard\n|-activate|p1b: Pelipper|move: Wide Guard\n|\n|-weather|RainDance|[upkeep]\n|upkeep\n|turn|4\n|\n|t:|1788184690\n|switch|p1a: Ampharos|Ampharos, L50, F|100/100\n|move|p1b: Pelipper|Wide Guard|p1b: Pelipper\n|-singleturn|p1b: Pelipper|Wide Guard\n|move|p2b: Incineroar|Throat Chop|p1a: Ampharos\n|-damage|p1a: Ampharos|66/100\n|-start|p1a: Ampharos|Throat Chop|[silent]\n|move|p2a: Blastoise|Water Spout|p1b: Pelipper|[spread] \n|-activate|p1a: Ampharos|move: Wide Guard\n|-activate|p1b: Pelipper|move: Wide Guard\n|\n|-weather|RainDance|[upkeep]\n|upkeep\n|turn|5\n|\n|t:|1788184696\n|detailschange|p1a: Ampharos|Ampharos-Mega, L50, F\n|-mega|p1a: Ampharos|Ampharos|Ampharosite\n|-ability|p1a: Ampharos|Mold Breaker\n|move|p1b: Pelipper|Wide Guard|p1b: Pelipper\n|-singleturn|p1b: Pelipper|Wide Guard\n|move|p1a: Ampharos|Thunderbolt|p2a: Blastoise\n|-supereffective|p2a: Blastoise|1\n|-damage|p2a: Blastoise|0 fnt\n|faint|p2a: Blastoise\n|move|p2b: Incineroar|Parting Shot|p1b: Pelipper\n|-unboost|p1b: Pelipper|atk|1\n|-unboost|p1b: Pelipper|spa|1\n|\n|t:|1788184696\n|switch|p2b: Sinistcha|Sinistcha, L50|100/100|[from] Parting Shot\n|\n|-weather|RainDance|[upkeep]\n|-end|p1a: Ampharos|Throat Chop|[silent]\n|-fieldend|move: Trick Room\n|upkeep\n|\n|t:|1788184696\n|switch|p2a: Incineroar|Incineroar, L50, F|100/100\n|-ability|p2a: Incineroar|Intimidate|boost\n|-unboost|p1a: Ampharos|atk|1\n|-unboost|p1b: Pelipper|atk|1\n|turn|6\n|\n|t:|1788184708\n|move|p2a: Incineroar|Throat Chop|p1b: Pelipper\n|-damage|p1b: Pelipper|67/100\n|-start|p1b: Pelipper|Throat Chop|[silent]\n|move|p2b: Sinistcha|Matcha Gotcha|p1a: Ampharos|[spread] p1a,p1b\n|-resisted|p1a: Ampharos|1\n|-damage|p1a: Ampharos|56/100\n|-damage|p1b: Pelipper|32/100\n|move|p1b: Pelipper|Hurricane|p2b: Sinistcha\n|-supereffective|p2b: Sinistcha|1\n|-damage|p2b: Sinistcha|40/100\n|-enditem|p2b: Sinistcha|Sitrus Berry|[eat]\n|-heal|p2b: Sinistcha|65/100|[from] item: Sitrus Berry\n|move|p1a: Ampharos|Thunderbolt|p2a: Incineroar\n|-damage|p2a: Incineroar|37/100\n|\n|-weather|RainDance|[upkeep]\n|upkeep\n|turn|7\n|\n|t:|1788184715\n|move|p2a: Incineroar|Throat Chop|p1b: Pelipper\n|-damage|p1b: Pelipper|2/100\n|move|p2b: Sinistcha|Matcha Gotcha|p1a: Ampharos|[spread] p1b\n|-miss|p2b: Sinistcha|p1a: Ampharos\n|-damage|p1b: Pelipper|0 fnt\n|-heal|p2b: Sinistcha|67/100|[from] drain|[of] p1b: Pelipper\n|faint|p1b: Pelipper\n|move|p1a: Ampharos|Thunderbolt|p2a: Incineroar\n|-damage|p2a: Incineroar|0 fnt\n|faint|p2a: Incineroar\n|\n|-weather|none\n|upkeep\n|\n|t:|1788184720\n|switch|p1b: Farigiraf|Farigiraf, L50, F|20/100y\n|turn|8\n|\n|t:|1788184727\n|move|p2b: Sinistcha|Matcha Gotcha|p1a: Ampharos|[spread] p1a,p1b\n|-resisted|p1a: Ampharos|1\n|-damage|p1a: Ampharos|45/100\n|-heal|p2b: Sinistcha|73/100|[from] drain|[of] p1a: Ampharos\n|-damage|p1b: Farigiraf|0 fnt\n|-heal|p2b: Sinistcha|86/100|[from] drain|[of] p1b: Farigiraf\n|-status|p1a: Ampharos|brn\n|faint|p1b: Farigiraf\n|move|p1a: Ampharos|Dragon Pulse|p2b: Sinistcha\n|-damage|p2b: Sinistcha|29/100\n|\n|-damage|p1a: Ampharos|39/100 brn|[from] brn\n|upkeep\n|turn|9\n|\n|t:|1788184732\n|move|p1a: Ampharos|Dragon Pulse|p2b: Sinistcha\n|-damage|p2b: Sinistcha|0 fnt\n|faint|p2b: Sinistcha\n|\n|win|infamous coak\n|raw|infamous coak's rating: 1075 &rarr; <strong>1100</strong><br />(+25 for winning)\n|raw|humania1's rating: 1031 &rarr; <strong>1018</strong><br />(-13 for losing)\n","uploadtime":1788184732,"views":"1","formatid":"gen9championsvgc2026regmbbo3","rating":1018,"private":0,"password":null}