{"id":"gen9championsvgc2026regmb-2674346037","format":"[Gen 9 Champions] VGC 2026 Reg M-B","players":["lori Kitahara","AryuMyGlamGoat"],"log":"|j|☆lori Kitahara\n|j|☆AryuMyGlamGoat\n|t:|1788345902\n|gametype|doubles\n|player|p1|lori Kitahara|266|1178\n|player|p2|AryuMyGlamGoat|265|1123\n|gen|9\n|tier|[Gen 9 Champions] VGC 2026 Reg M-B\n|rated|\n|rule|Species Clause: Limit one of each Pokémon\n|rule|Item Clause: Limit 1 of each item\n|clearpoke\n|poke|p1|Basculegion, L50, M|\n|poke|p1|Dragonite, L50, M|\n|poke|p1|Garchomp, L50, M|\n|poke|p1|Kingambit, L50, M|\n|poke|p1|Sneasler, L50, F|\n|poke|p1|Raichu, L50, M|\n|poke|p2|Staraptor, L50, M|\n|poke|p2|Whimsicott, L50, F, shiny|\n|poke|p2|Gholdengo, L50|\n|poke|p2|Rotom-Wash, L50|\n|poke|p2|Incineroar, L50, F|\n|poke|p2|Lycanroc-Dusk, L50, M|\n|teampreview|4\n|\n|t:|1788345948\n|teamsize|p1|4\n|teamsize|p2|4\n|start\n|switch|p1a: Raichu|Raichu, L50, M|100/100\n|switch|p1b: Sneasler|Sneasler, L50, F|100/100\n|switch|p2a: Incineroar|Incineroar, L50, F|100/100\n|switch|p2b: Whimsicott|Whimsicott, L50, F, shiny|100/100\n|-ability|p2a: Incineroar|Intimidate|boost\n|-unboost|p1a: Raichu|atk|1\n|-unboost|p1b: Sneasler|atk|1\n|turn|1\n|\n|t:|1788345982\n|switch|p2a: Gholdengo|Gholdengo, L50|100/100\n|detailschange|p1a: Raichu|Raichu-Mega-Y, L50, M\n|-mega|p1a: Raichu|Raichu|Raichunite Y\n|move|p2b: Whimsicott|Protect|p2b: Whimsicott\n|-singleturn|p2b: Whimsicott|Protect\n|move|p1a: Raichu|Fake Out|p2a: Gholdengo\n|-immune|p2a: Gholdengo\n|move|p1b: Sneasler|Dire Claw|p2b: Whimsicott\n|-activate|p2b: Whimsicott|move: Protect\n|\n|upkeep\n|turn|2\n|\n|t:|1788346008\n|switch|p1b: Kingambit|Kingambit, L50, M|100/100\n|move|p2b: Whimsicott|Tailwind|p2b: Whimsicott\n|-sidestart|p2: AryuMyGlamGoat|move: Tailwind\n|move|p2a: Gholdengo|Shadow Ball|p1b: Kingambit\n|-resisted|p1b: Kingambit|1\n|-damage|p1b: Kingambit|71/100\n|-damage|p2a: Gholdengo|90/100|[from] item: Life Orb\n|move|p1a: Raichu|Zap Cannon|p2a: Gholdengo\n|-damage|p2a: Gholdengo|16/100\n|-status|p2a: Gholdengo|par\n|\n|upkeep\n|turn|3\n|\n|t:|1788346034\n|switch|p2a: Incineroar|Incineroar, L50, F|100/100\n|-ability|p2a: Incineroar|Intimidate|boost\n|-unboost|p1a: Raichu|atk|1\n|-unboost|p1b: Kingambit|atk|1\n|-ability|p1b: Kingambit|Defiant|boost\n|-boost|p1b: Kingambit|atk|2\n|move|p2b: Whimsicott|Moonblast|p1a: Raichu\n|-crit|p1a: Raichu\n|-damage|p1a: Raichu|26/100\n|move|p1a: Raichu|Zap Cannon|p2b: Whimsicott\n|-resisted|p2b: Whimsicott|1\n|-damage|p2b: Whimsicott|45/100\n|-status|p2b: Whimsicott|par\n|move|p1b: Kingambit|Kowtow Cleave|p2a: Incineroar\n|-resisted|p2a: Incineroar|1\n|-damage|p2a: Incineroar|66/100\n|\n|upkeep\n|turn|4\n|\n|t:|1788346058\n|switch|p1a: Sneasler|Sneasler, L50, F|100/100\n|move|p2a: Incineroar|Flare Blitz|p1b: Kingambit\n|-supereffective|p1b: Kingambit|1\n|-damage|p1b: Kingambit|0 fnt\n|faint|p1b: Kingambit\n|-damage|p2a: Incineroar|38/100|[from] Recoil\n|-enditem|p2a: Incineroar|Sitrus Berry|[eat]\n|-heal|p2a: Incineroar|63/100|[from] item: Sitrus Berry\n|move|p2b: Whimsicott|Moonblast|p1a: Sneasler\n|-damage|p1a: Sneasler|45/100\n|\n|upkeep\n|\n|t:|1788346077\n|switch|p1b: Raichu|Raichu-Mega-Y, L50, M|26/100\n|turn|5\n|\n|t:|1788346106\n|move|p1b: Raichu|Fake Out|p2a: Incineroar\n|-damage|p2a: Incineroar|55/100\n|cant|p2a: Incineroar|flinch\n|move|p1a: Sneasler|Dire Claw|p2b: Whimsicott\n|-supereffective|p2b: Whimsicott|2\n|-damage|p2b: Whimsicott|0 fnt\n|faint|p2b: Whimsicott\n|\n|-sideend|p2: AryuMyGlamGoat|move: Tailwind\n|upkeep\n|\n|t:|1788346121\n|switch|p2b: Staraptor|Staraptor, L50, M|100/100\n|-ability|p2b: Staraptor|Intimidate|boost\n|-unboost|p1a: Sneasler|atk|1\n|-unboost|p1b: Raichu|atk|1\n|turn|6\n|\n|t:|1788346144\n|move|p1b: Raichu|Protect|p1b: Raichu\n|-singleturn|p1b: Raichu|Protect\n|move|p2b: Staraptor|Protect|p2b: Staraptor\n|-singleturn|p2b: Staraptor|Protect\n|move|p1a: Sneasler|Close Combat|p2a: Incineroar\n|-supereffective|p2a: Incineroar|1\n|-damage|p2a: Incineroar|0 fnt\n|-unboost|p1a: Sneasler|def|1\n|-unboost|p1a: Sneasler|spd|1\n|faint|p2a: Incineroar\n|\n|upkeep\n|\n|t:|1788346154\n|switch|p2a: Gholdengo|Gholdengo, L50|16/100 par\n|turn|7\n|\n|t:|1788346169\n|switch|p1b: Basculegion|Basculegion, L50, M|100/100\n|detailschange|p2b: Staraptor|Staraptor-Mega, L50, M\n|-mega|p2b: Staraptor|Staraptor|Staraptite\n|move|p1a: Sneasler|Dire Claw|p2b: Staraptor\n|-damage|p2b: Staraptor|69/100\n|move|p2b: Staraptor|Close Combat|p1b: Basculegion\n|-immune|p1b: Basculegion\n|move|p2a: Gholdengo|Make It Rain|p1a: Sneasler|[spread] p1a,p1b\n|-resisted|p1b: Basculegion|1\n|-damage|p1a: Sneasler|0 fnt\n|-damage|p1b: Basculegion|66/100\n|-unboost|p2a: Gholdengo|spa|2\n|faint|p1a: Sneasler\n|-damage|p2a: Gholdengo|6/100 par|[from] item: Life Orb\n|\n|upkeep\n|\n|t:|1788346185\n|switch|p1a: Raichu|Raichu-Mega-Y, L50, M|26/100\n|turn|8\n|\n|t:|1788346200\n|move|p2b: Staraptor|Protect|p2b: Staraptor\n|-singleturn|p2b: Staraptor|Protect\n|move|p2a: Gholdengo|Protect|p2a: Gholdengo\n|-singleturn|p2a: Gholdengo|Protect\n|move|p1b: Basculegion|Aqua Jet|p2a: Gholdengo\n|-activate|p2a: Gholdengo|move: Protect\n|move|p1a: Raichu|Zap Cannon|p2b: Staraptor\n|-activate|p2b: Staraptor|move: Protect\n|\n|upkeep\n|turn|9\n|\n|t:|1788346219\n|move|p1b: Basculegion|Aqua Jet|p2a: Gholdengo\n|-crit|p2a: Gholdengo\n|-damage|p2a: Gholdengo|0 fnt\n|faint|p2a: Gholdengo\n|move|p1a: Raichu|Zap Cannon|p2b: Staraptor\n|-supereffective|p2b: Staraptor|1\n|-damage|p2b: Staraptor|0 fnt\n|faint|p2b: Staraptor\n|\n|win|lori Kitahara\n|raw|lori Kitahara's rating: 1178 &rarr; <strong>1199</strong><br />(+21 for winning)\n|raw|AryuMyGlamGoat's rating: 1123 &rarr; <strong>1102</strong><br />(-21 for losing)\n|l|☆lori Kitahara\n|player|p1|\n","uploadtime":1788346237,"views":"0","formatid":"gen9championsvgc2026regmb","rating":1102,"private":0,"password":null}