{"id":"gen9championsvgc2026regmb-2674158742","format":"[Gen 9 Champions] VGC 2026 Reg M-B","players":["blueplaidshirtboy","draxsus"],"log":"|j|☆blueplaidshirtboy\n|j|☆draxsus\n|t:|1788307910\n|gametype|doubles\n|player|p1|blueplaidshirtboy|nate|1013\n|player|p2|draxsus|1|1100\n|gen|9\n|tier|[Gen 9 Champions] VGC 2026 Reg M-B\n|rated|\n|rule|Species Clause: Limit one of each Pokémon\n|rule|Item Clause: Limit 1 of each item\n|clearpoke\n|poke|p1|Talonflame, L50, M|\n|poke|p1|Corviknight, L50, F|\n|poke|p1|Vivillon, L50, F|\n|poke|p1|Staraptor, L50, M|\n|poke|p1|Rotom-Fan, L50|\n|poke|p1|Emolga, L50, F|\n|poke|p2|Incineroar, L50, M|\n|poke|p2|Grimmsnarl, L50, M|\n|poke|p2|Garchomp, L50, F|\n|poke|p2|Annihilape, L50, F|\n|poke|p2|Gholdengo, L50|\n|poke|p2|Hatterene, L50, F|\n|teampreview|4\n|inactive|Battle timer is ON: inactive players will automatically lose when time's up. (requested by draxsus)\ndraxsus rejected open team sheets.\n|inactive|blueplaidshirtboy has 60 seconds left.\n|\n|t:|1788307945\n|teamsize|p1|4\n|teamsize|p2|4\n|start\n|switch|p1a: Talonflame|Talonflame, L50, M|100/100\n|switch|p1b: Staraptor|Staraptor, L50, M|100/100\n|switch|p2a: Garchomp|Garchomp, L50, F|100/100\n|switch|p2b: Hatterene|Hatterene, L50, F|100/100\n|-ability|p1b: Staraptor|Intimidate|boost\n|-unboost|p2a: Garchomp|atk|1\n|-unboost|p2b: Hatterene|atk|1\n|turn|1\n|\n|t:|1788307955\n|detailschange|p1b: Staraptor|Staraptor-Mega, L50, M\n|-mega|p1b: Staraptor|Staraptor|Staraptite\n|move|p1a: Talonflame|Feather Dance|p1b: Staraptor\n|-boost|p1b: Staraptor|atk|2\n|move|p1b: Staraptor|Dual Wingbeat|p2b: Hatterene\n|-damage|p2b: Hatterene|46/100\n|-damage|p2b: Hatterene|0 fnt\n|faint|p2b: Hatterene\n|-hitcount|p2: Hatterene|2\n|move|p2a: Garchomp|Earthquake|p1a: Talonflame|[spread] \n|-immune|p1a: Talonflame\n|-immune|p1b: Staraptor\n|\n|upkeep\n|\n|t:|1788307955\n|switch|p2b: Grimmsnarl|Grimmsnarl, L50, M|100/100\n|turn|2\n|\n|t:|1788307976\n|move|p2b: Grimmsnarl|Fake Out|p1b: Staraptor\n|-damage|p1b: Staraptor|86/100\n|move|p1a: Talonflame|Feather Dance|p2a: Garchomp\n|-unboost|p2a: Garchomp|atk|2\n|cant|p1b: Staraptor|flinch\n|move|p2a: Garchomp|Rock Slide|p1a: Talonflame|[spread] p1a,p1b\n|-supereffective|p1a: Talonflame|2\n|-enditem|p1a: Talonflame|Charti Berry|[eat]\n|-enditem|p1a: Talonflame|Charti Berry|[weaken]\n|-damage|p1a: Talonflame|76/100\n|-damage|p1b: Staraptor|76/100\n|\n|upkeep\n|turn|3\n|\n|t:|1788307993\n|move|p1a: Talonflame|Feather Dance|p1b: Staraptor\n|-boost|p1b: Staraptor|atk|2\n|move|p1b: Staraptor|Close Combat|p2b: Grimmsnarl\n|-damage|p2b: Grimmsnarl|0 fnt\n|-boost|p1b: Staraptor|def|1\n|-boost|p1b: Staraptor|spd|1\n|faint|p2b: Grimmsnarl\n|move|p2a: Garchomp|Rock Slide|p1a: Talonflame|[spread] p1b\n|-miss|p2a: Garchomp|p1a: Talonflame\n|-damage|p1b: Staraptor|70/100\n|\n|upkeep\n|\n|t:|1788307995\n|switch|p2b: Incineroar|Incineroar, L50, M|100/100\n|-ability|p2b: Incineroar|Intimidate|boost\n|-unboost|p1a: Talonflame|atk|1\n|-boost|p1b: Staraptor|atk|1\n|turn|4\n|\n|t:|1788308003\n|move|p1b: Staraptor|Protect|p1b: Staraptor\n|-singleturn|p1b: Staraptor|Protect\n|move|p1a: Talonflame|Feather Dance|p2b: Incineroar\n|-unboost|p2b: Incineroar|atk|2\n|move|p2a: Garchomp|Rock Slide|p1a: Talonflame|[spread] \n|-activate|p1b: Staraptor|move: Protect\n|-miss|p2a: Garchomp|p1a: Talonflame\n|move|p2b: Incineroar|Flare Blitz|p1a: Talonflame\n|-resisted|p1a: Talonflame|1\n|-damage|p1a: Talonflame|56/100\n|-damage|p2b: Incineroar|94/100|[from] Recoil\n|\n|upkeep\n|turn|5\n|\n|t:|1788308017\n|detailschange|p2a: Garchomp|Garchomp-Mega, L50, F\n|-mega|p2a: Garchomp|Garchomp|Garchompite\n|move|p2a: Garchomp|Protect|p2a: Garchomp\n|-singleturn|p2a: Garchomp|Protect\n|move|p1a: Talonflame|Heat Wave|p2b: Incineroar|[spread] p2b\n|-activate|p2a: Garchomp|move: Protect\n|-resisted|p2b: Incineroar|1\n|-damage|p2b: Incineroar|86/100\n|move|p1b: Staraptor|Close Combat|p2b: Incineroar\n|-supereffective|p2b: Incineroar|1\n|-damage|p2b: Incineroar|0 fnt\n|-boost|p1b: Staraptor|def|1\n|-boost|p1b: Staraptor|spd|1\n|faint|p2b: Incineroar\n|\n|upkeep\n|turn|6\n|\n|t:|1788308030\n|move|p1a: Talonflame|Brave Bird|p2a: Garchomp\n|-damage|p2a: Garchomp|78/100\n|-damage|p1a: Talonflame|48/100|[from] Recoil\n|move|p1b: Staraptor|Close Combat|p2a: Garchomp\n|-damage|p2a: Garchomp|0 fnt\n|-boost|p1b: Staraptor|def|1\n|-boost|p1b: Staraptor|spd|1\n|faint|p2a: Garchomp\n|\n|win|blueplaidshirtboy\n|raw|blueplaidshirtboy's rating: 1013 &rarr; <strong>1060</strong><br />(+47 for winning)\n|raw|draxsus's rating: 1100 &rarr; <strong>1069</strong><br />(-31 for losing)\n|c|☆blueplaidshirtboy|gg\n","uploadtime":1788308033,"views":"1","formatid":"gen9championsvgc2026regmb","rating":1060,"private":0,"password":null}