{"id":"gen9championsvgc2026regmb-2673982014","format":"[Gen 9 Champions] VGC 2026 Reg M-B","players":["chocokoala vgc","CadsuaneSedai"],"log":"|j|☆chocokoala vgc\n|j|☆CadsuaneSedai\n|t:|1788284577\n|gametype|doubles\n|player|p1|chocokoala vgc|benga|1159\n|player|p2|CadsuaneSedai|1|1116\n|gen|9\n|tier|[Gen 9 Champions] VGC 2026 Reg M-B\n|rated|\n|rule|Species Clause: Limit one of each Pokémon\n|rule|Item Clause: Limit 1 of each item\n|clearpoke\n|poke|p1|Slowbro, L50, F|\n|poke|p1|Appletun, L50, F|\n|poke|p1|Incineroar, L50, M|\n|poke|p1|Conkeldurr, L50, M|\n|poke|p1|Gholdengo, L50|\n|poke|p1|Aerodactyl, L50, M|\n|poke|p2|Abomasnow, L50, M|\n|poke|p2|Ninetales-Alola, L50, M|\n|poke|p2|Chandelure, L50, F|\n|poke|p2|Cofagrigus, L50, M|\n|poke|p2|Slowbro, L50, M|\n|poke|p2|Volcarona, L50, M|\n|teampreview|4\n|inactive|Battle timer is ON: inactive players will automatically lose when time's up. (requested by chocokoala vgc)\n|inactive|chocokoala vgc has 60 seconds left.\n|inactive|CadsuaneSedai has 60 seconds left.\n|\n|t:|1788284633\n|teamsize|p1|4\n|teamsize|p2|4\n|start\n|switch|p1a: Gholdengo|Gholdengo, L50|100/100\n|switch|p1b: Aerodactyl|Aerodactyl, L50, M|100/100\n|switch|p2a: Cofagrigus|Cofagrigus, L50, M|100/100\n|switch|p2b: Chandelure|Chandelure, L50, F|100/100\n|-ability|p1b: Aerodactyl|Unnerve\n|turn|1\n|inactive|CadsuaneSedai has 30 seconds left.\n|\n|t:|1788284662\n|detailschange|p1b: Aerodactyl|Aerodactyl-Mega, L50, M\n|-mega|p1b: Aerodactyl|Aerodactyl|Aerodactylite\n|move|p1b: Aerodactyl|Rock Slide|p2b: Chandelure|[spread] p2a,p2b\n|-supereffective|p2b: Chandelure|1\n|-damage|p2a: Cofagrigus|77/100\n|-damage|p2b: Chandelure|16/100\n|move|p2b: Chandelure|Mystical Fire|p1a: Gholdengo\n|-supereffective|p1a: Gholdengo|1\n|-crit|p1a: Gholdengo\n|-damage|p1a: Gholdengo|0 fnt\n|faint|p1a: Gholdengo\n|move|p2a: Cofagrigus|Shadow Ball|p1b: Aerodactyl\n|-damage|p1b: Aerodactyl|69/100\n|-unboost|p1b: Aerodactyl|spd|1\n|\n|-heal|p2a: Cofagrigus|82/100|[from] item: Leftovers\n|upkeep\n|\n|t:|1788284678\n|switch|p1a: Conkeldurr|Conkeldurr, L50, M|100/100\n|turn|2\n|\n|t:|1788284699\n|move|p1b: Aerodactyl|Rock Slide|p2b: Chandelure|[spread] p2a\n|-miss|p1b: Aerodactyl|p2b: Chandelure\n|-damage|p2a: Cofagrigus|60/100\n|move|p2b: Chandelure|Mystical Fire|p1a: Conkeldurr\n|-damage|p1a: Conkeldurr|41/100\n|-unboost|p1a: Conkeldurr|spa|1\n|move|p1a: Conkeldurr|Knock Off|p2a: Cofagrigus\n|-supereffective|p2a: Cofagrigus|1\n|-damage|p2a: Cofagrigus|0 fnt\n|-activate|p2a: Cofagrigus|ability: Mummy|p1a: Conkeldurr|[ability] Iron Fist\n|-enditem|p2a: Cofagrigus|Leftovers|[from] move: Knock Off|[of] p1a: Conkeldurr\n|faint|p2a: Cofagrigus\n|-damage|p1a: Conkeldurr|31/100|[from] item: Life Orb\n|\n|upkeep\n|\n|t:|1788284719\n|switch|p2a: Abomasnow|Abomasnow, L50, M|100/100\n|-weather|Snowscape|[from] ability: Snow Warning|[of] p2a: Abomasnow\n|turn|3\n|inactive|CadsuaneSedai has 30 seconds left.\n|\n|t:|1788284748\n|switch|p1a: Incineroar|Incineroar, L50, M|100/100\n|-ability|p1a: Incineroar|Intimidate|boost\n|-unboost|p2a: Abomasnow|atk|1\n|-unboost|p2b: Chandelure|atk|1\n|detailschange|p2a: Abomasnow|Abomasnow-Mega, L50, M\n|-mega|p2a: Abomasnow|Abomasnow|Abomasite\n|move|p1b: Aerodactyl|Rock Slide|p2b: Chandelure|[spread] p2b\n|-miss|p1b: Aerodactyl|p2a: Abomasnow\n|-supereffective|p2b: Chandelure|1\n|-damage|p2b: Chandelure|0 fnt\n|faint|p2b: Chandelure\n|move|p2a: Abomasnow|Body Press|p1a: Incineroar\n|-supereffective|p1a: Incineroar|1\n|-damage|p1a: Incineroar|56/100\n|\n|-weather|Snowscape|[upkeep]\n|upkeep\n|\n|t:|1788284764\n|switch|p2b: Ninetales|Ninetales-Alola, L50, M|100/100\n|turn|4\n|\n|t:|1788284778\n|move|p1a: Incineroar|Fake Out|p2b: Ninetales\n|-damage|p2b: Ninetales|88/100\n|move|p1b: Aerodactyl|Dual Wingbeat|p2a: Abomasnow\n|-supereffective|p2a: Abomasnow|1\n|-damage|p2a: Abomasnow|66/100\n|-supereffective|p2a: Abomasnow|1\n|-damage|p2a: Abomasnow|34/100\n|-hitcount|p2a: Abomasnow|2\n|cant|p2b: Ninetales|flinch\n|move|p2a: Abomasnow|Body Press|p1a: Incineroar\n|-supereffective|p1a: Incineroar|1\n|-damage|p1a: Incineroar|15/100\n|-enditem|p1a: Incineroar|Sitrus Berry|[eat]\n|-heal|p1a: Incineroar|40/100|[from] item: Sitrus Berry\n|\n|-weather|Snowscape|[upkeep]\n|upkeep\n|turn|5\n|inactive|CadsuaneSedai has 30 seconds left.\n|\n|t:|1788284803\n|move|p1b: Aerodactyl|Dual Wingbeat|p2a: Abomasnow\n|-supereffective|p2a: Abomasnow|1\n|-damage|p2a: Abomasnow|1/100\n|-supereffective|p2a: Abomasnow|1\n|-damage|p2a: Abomasnow|0 fnt\n|faint|p2a: Abomasnow\n|-hitcount|p2: Abomasnow|2\n|move|p2b: Ninetales|Moonblast|p1a: Incineroar\n|-damage|p1a: Incineroar|8/100\n|move|p1a: Incineroar|Flare Blitz|p2b: Ninetales|[miss]\n|-miss|p1a: Incineroar|p2b: Ninetales\n|\n|-weather|Snowscape|[upkeep]\n|upkeep\n|turn|6\n|inactive|chocokoala vgc has 30 seconds left.\n|\n|t:|1788284833\n|move|p1b: Aerodactyl|Tailwind|p1b: Aerodactyl\n|-sidestart|p1: chocokoala vgc|move: Tailwind\n|move|p1a: Incineroar|Flare Blitz|p2b: Ninetales\n|-supereffective|p2b: Ninetales|1\n|-damage|p2b: Ninetales|0 fnt\n|faint|p2b: Ninetales\n|-damage|p1a: Incineroar|0 fnt|[from] Recoil\n|faint|p1a: Incineroar\n|\n|win|chocokoala vgc\n|raw|chocokoala vgc's rating: 1159 &rarr; <strong>1181</strong><br />(+22 for winning)\n|raw|CadsuaneSedai's rating: 1116 &rarr; <strong>1094</strong><br />(-22 for losing)\n","uploadtime":1788284834,"views":"0","formatid":"gen9championsvgc2026regmb","rating":1094,"private":0,"password":null}