{"id":"gen9championsvgc2026regmbbo3-2674013513","format":"[Gen 9 Champions] VGC 2026 Reg M-B (Bo3)","players":["Louis Vivillon","Kk1pper1314"],"log":"|j|☆Louis Vivillon\n|j|☆Kk1pper1314\n|html|<table width=\"100%\"><tr><td align=\"left\">Louis Vivillon</td><td align=\"right\">Kk1pper1314</tr><tr><td align=\"left\"><i class=\"fa fa-circle\"></i> <i class=\"fa fa-circle-o\"></i> </td><td align=\"right\"><i class=\"fa fa-circle-o\"></i> <i class=\"fa fa-circle\"></i> </tr></table>\n|uhtml|bestof|<h2><strong>Game 3</strong> of <a href=\"/game-bestof3-gen9championsvgc2026regmbbo3-2674007918\">a best-of-3</a></h2>\n|t:|1788288218\n|gametype|doubles\n|player|p1|Louis Vivillon|ingo|1170\n|player|p2|Kk1pper1314|2|1257\n|gen|9\n|tier|[Gen 9 Champions] VGC 2026 Reg M-B (Bo3)\n|rated|\n|rule|Species Clause: Limit one of each Pokémon\n|rule|Item Clause: Limit 1 of each item\n|clearpoke\n|poke|p1|Dragonite, L50, M, shiny|\n|poke|p1|Floette-Eternal, L50, F|\n|poke|p1|Whimsicott, L50, F|\n|poke|p1|Sneasler, L50, M|\n|poke|p1|Kingambit, L50, M|\n|poke|p1|Basculegion, L50, M|\n|poke|p2|Swampert, L50, M|\n|poke|p2|Grimmsnarl, L50, M|\n|poke|p2|Pelipper, L50, M|\n|poke|p2|Archaludon, L50, F|\n|poke|p2|Venusaur, L50, M|\n|poke|p2|Charizard, L50, M|\n|teampreview|4\n|showteam|p1|Dragonite||Dragoninite|Multiscale|Protect,HeatWave,DragonPulse,Thunderbolt|Timid||M|||50|]Floette-Eternal||Floettite|FlowerVeil|Protect,Moonblast,DazzlingGleam,LightofRuin|Timid||F|||50|]Whimsicott||FocusSash|Prankster|Protect,Moonblast,Tailwind,Encore|Timid||F|||50|]Sneasler||WhiteHerb|Unburden|FakeOut,RockSlide,CloseCombat,DireClaw|Jolly||M|||50|]Kingambit||ChopleBerry|Defiant|KowtowCleave,SuckerPunch,LowKick,IronHead|Adamant||M|||50|]Basculegion||LifeOrb|Adaptability|Protect,AquaJet,WaveCrash,LastRespects|Jolly||M|||50|\n|showteam|p2|Swampert||Swampertite|Torrent|WaveCrash,Earthquake,IcePunch,Protect|Adamant||M|||50|]Grimmsnarl||LightClay|Prankster|PartingShot,SpiritBreak,LightScreen,Reflect|Careful||M|||50|]Pelipper||SitrusBerry|Drizzle|Hurricane,Tailwind,WeatherBall,Protect|Modest||M|||50|]Archaludon||Leftovers|Stamina|ElectroShot,FlashCannon,DragonPulse,Protect|Calm||F|||50|]Venusaur||FocusSash|Chlorophyll|LeafStorm,SludgeBomb,SleepPowder,Protect|Timid||M|||50|]Charizard||CharizarditeY|Blaze|HeatWave,WeatherBall,SolarBeam,Protect|Modest||M|||50|\n|inactive|Battle timer is ON: inactive players will automatically lose when time's up. (requested by Kk1pper1314)\n|inactive|Louis Vivillon has 60 seconds left.\n|\n|t:|1788288273\n|teamsize|p1|4\n|teamsize|p2|4\n|start\n|switch|p1a: Sneasler|Sneasler, L50, M|100/100\n|switch|p1b: Basculegion|Basculegion, L50, M|100/100\n|switch|p2a: Grimmsnarl|Grimmsnarl, L50, M|100/100\n|switch|p2b: Archaludon|Archaludon, L50, F|100/100\n|turn|1\n|inactive|Kk1pper1314 has 30 seconds left.\n|\n|t:|1788288299\n|move|p1b: Basculegion|Protect|p1b: Basculegion\n|-singleturn|p1b: Basculegion|Protect\n|move|p2a: Grimmsnarl|Reflect|p2a: Grimmsnarl\n|-sidestart|p2: Kk1pper1314|Reflect\n|move|p1a: Sneasler|Dire Claw|p2a: Grimmsnarl\n|-supereffective|p2a: Grimmsnarl|1\n|-damage|p2a: Grimmsnarl|47/100\n|move|p2b: Archaludon|Dragon Pulse|p1a: Sneasler\n|-damage|p1a: Sneasler|53/100\n|\n|upkeep\n|turn|2\n|inactive|Louis Vivillon has 30 seconds left.\n|inactive|Louis Vivillon has 20 seconds left.\n|inactive|Louis Vivillon has 15 seconds left.\n|inactive|Louis Vivillon has 10 seconds left.\n|\n|t:|1788288345\n|switch|p1b: Whimsicott|Whimsicott, L50, F|100/100\n|move|p2a: Grimmsnarl|Parting Shot|p1a: Sneasler\n|-unboost|p1a: Sneasler|atk|1\n|-unboost|p1a: Sneasler|spa|1\n|\n|t:|1788288355\n|switch|p2a: Pelipper|Pelipper, L50, M|100/100|[from] Parting Shot\n|-enditem|p1a: Sneasler|White Herb\n|-clearnegativeboost|p1a: Sneasler|[silent]\n|-weather|RainDance|[from] ability: Drizzle|[of] p2a: Pelipper\n|move|p1a: Sneasler|Dire Claw|p2a: Pelipper\n|-damage|p2a: Pelipper|72/100\n|move|p2b: Archaludon|Electro Shot||[still]\n|-prepare|p2b: Archaludon|Electro Shot\n|-boost|p2b: Archaludon|spa|1\n|-anim|p2b: Archaludon|Electro Shot|p1a: Sneasler\n|-damage|p1a: Sneasler|0 fnt\n|faint|p1a: Sneasler\n|\n|-weather|RainDance|[upkeep]\n|upkeep\n|\n|t:|1788288368\n|switch|p1a: Floette|Floette-Eternal, L50, F|100/100\n|turn|3\n|\n|t:|1788288392\n|detailschange|p1a: Floette|Floette-Mega, L50, F\n|-mega|p1a: Floette|Floette|Floettite\n|-ability|p1a: Floette|Fairy Aura\n|move|p1b: Whimsicott|Tailwind|p1b: Whimsicott\n|-sidestart|p1: Louis Vivillon|move: Tailwind\n|move|p1a: Floette|Light of Ruin|p2b: Archaludon\n|-damage|p2b: Archaludon|3/100\n|-ability|p2b: Archaludon|Stamina|boost\n|-boost|p2b: Archaludon|def|1\n|-damage|p1a: Floette|38/100|[from] Recoil\n|move|p2b: Archaludon|Flash Cannon|p1b: Whimsicott\n|-supereffective|p1b: Whimsicott|1\n|-enditem|p1b: Whimsicott|Focus Sash\n|-damage|p1b: Whimsicott|1/100\n|move|p2a: Pelipper|Hurricane|p1b: Whimsicott\n|-supereffective|p1b: Whimsicott|1\n|-damage|p1b: Whimsicott|0 fnt\n|faint|p1b: Whimsicott\n|\n|-weather|RainDance|[upkeep]\n|-heal|p2b: Archaludon|9/100|[from] item: Leftovers\n|upkeep\n|\n|t:|1788288407\n|switch|p1b: Basculegion|Basculegion, L50, M|100/100\n|turn|4\n|inactive|Kk1pper1314 has 30 seconds left.\n|\n|t:|1788288434\n|move|p2b: Archaludon|Protect|p2b: Archaludon\n|-singleturn|p2b: Archaludon|Protect\n|move|p1a: Floette|Dazzling Gleam|p2a: Pelipper|[spread] p2a\n|-activate|p2b: Archaludon|move: Protect\n|-damage|p2a: Pelipper|14/100\n|-enditem|p2a: Pelipper|Sitrus Berry|[eat]\n|-heal|p2a: Pelipper|39/100|[from] item: Sitrus Berry\n|move|p1b: Basculegion|Last Respects|p2a: Pelipper\n|-damage|p2a: Pelipper|0 fnt\n|faint|p2a: Pelipper\n|-damage|p1b: Basculegion|90/100|[from] item: Life Orb\n|\n|-weather|RainDance|[upkeep]\n|-heal|p2b: Archaludon|15/100|[from] item: Leftovers\n|upkeep\n|\n|t:|1788288446\n|switch|p2a: Grimmsnarl|Grimmsnarl, L50, M|47/100\n|turn|5\n|\n|t:|1788288458\n|move|p2a: Grimmsnarl|Parting Shot|p1b: Basculegion\n|-unboost|p1b: Basculegion|atk|1\n|-unboost|p1b: Basculegion|spa|1\n|\n|t:|1788288460\n|switch|p2a: Swampert|Swampert, L50, M|100/100|[from] Parting Shot\n|move|p1a: Floette|Dazzling Gleam|p2b: Archaludon|[spread] p2a,p2b\n|-crit|p2b: Archaludon\n|-damage|p2a: Swampert|55/100\n|-damage|p2b: Archaludon|0 fnt\n|faint|p2b: Archaludon\n|move|p1b: Basculegion|Last Respects|p2a: Swampert\n|-damage|p2a: Swampert|0 fnt\n|faint|p2a: Swampert\n|-damage|p1b: Basculegion|80/100|[from] item: Life Orb\n|\n|-weather|RainDance|[upkeep]\n|upkeep\n|-message|Kk1pper1314 forfeited.\n|\n|win|Louis Vivillon\n|raw|Louis Vivillon's rating: 1170 &rarr; <strong>1201</strong><br />(+31 for winning)\n|raw|Kk1pper1314's rating: 1257 &rarr; <strong>1226</strong><br />(-31 for losing)\n|l|☆Kk1pper1314\n|player|p2|\n","uploadtime":1788288496,"views":"19","formatid":"gen9championsvgc2026regmbbo3","rating":1201,"private":0,"password":null}