{"id":"gen9championsvgc2026regmb-2674198146","format":"[Gen 9 Champions] VGC 2026 Reg M-B","players":["silverzlayer","lukien_light"],"log":"|j|☆silverzlayer\n|j|☆lukien_light\n|t:|1788314063\n|gametype|doubles\n|player|p1|silverzlayer|1|\n|player|p2|lukien_light|102|\n|gen|9\n|tier|[Gen 9 Champions] VGC 2026 Reg M-B\n|rule|Species Clause: Limit one of each Pokémon\n|rule|Item Clause: Limit 1 of each item\n|clearpoke\n|poke|p1|Tyranitar, L50, F|\n|poke|p1|Sableye, L50, M|\n|poke|p1|Chimecho, L50, M|\n|poke|p1|Vivillon, L50, M|\n|poke|p1|Tauros-Paldea-Blaze, L50, M|\n|poke|p1|Basculegion, L50, M|\n|poke|p2|Charizard, L50, F|\n|poke|p2|Kingambit, L50, F|\n|poke|p2|Kangaskhan, L50, F|\n|poke|p2|Ariados, L50, M|\n|poke|p2|Machamp, L50, M|\n|poke|p2|Venusaur, L50, M|\n|teampreview|4\n|inactive|Battle timer is ON: inactive players will automatically lose when time's up. (requested by lukien_light)\nlukien_light rejected open team sheets.\n|c|☆lukien_light|glhf\n|c|☆silverzlayer|Glhf\n|inactive|silverzlayer has 60 seconds left.\n|\n|t:|1788314119\n|teamsize|p1|4\n|teamsize|p2|4\n|start\n|switch|p1a: Sableye|Sableye, L50, M|100/100\n|switch|p1b: Basculegion|Basculegion, L50, M|100/100\n|switch|p2a: Charizard|Charizard, L50, F|100/100\n|switch|p2b: Venusaur|Venusaur, L50, M|100/100\n|turn|1\n|inactive|lukien_light has 30 seconds left.\n|inactive|silverzlayer has 30 seconds left.\n|inactive|lukien_light has 20 seconds left.\n|inactive|silverzlayer has 20 seconds left.\n|inactive|lukien_light has 15 seconds left.\n|\n|t:|1788314161\n|move|p2a: Charizard|Protect|p2a: Charizard\n|-singleturn|p2a: Charizard|Protect\n|move|p1b: Basculegion|Protect|p1b: Basculegion\n|-singleturn|p1b: Basculegion|Protect\n|move|p2b: Venusaur|Protect|p2b: Venusaur\n|-singleturn|p2b: Venusaur|Protect\n|move|p1a: Sableye|Fake Out|p2b: Venusaur\n|-activate|p2b: Venusaur|move: Protect\n|\n|upkeep\n|turn|2\n|\n|t:|1788314177\n|detailschange|p2a: Charizard|Charizard-Mega-Y, L50, F\n|-mega|p2a: Charizard|Charizard|Charizardite Y\n|-weather|SunnyDay|[from] ability: Drought|[of] p2a: Charizard\n|move|p1a: Sableye|Rain Dance|p1a: Sableye\n|-weather|RainDance\n|move|p1b: Basculegion|Substitute|p1b: Basculegion\n|-start|p1b: Basculegion|Substitute\n|-damage|p1b: Basculegion|75/100\n|move|p2a: Charizard|Solar Beam||[still]\n|-prepare|p2a: Charizard|Solar Beam\n|move|p2b: Venusaur|Solar Beam||[still]\n|-prepare|p2b: Venusaur|Solar Beam\n|\n|-weather|RainDance|[upkeep]\n|upkeep\n|turn|3\n|c|☆lukien_light|welp\n|\n|t:|1788314196\n|move|p1a: Sableye|Quash|p2a: Charizard\n|-activate|p2a: Charizard|move: Quash\n|move|p1b: Basculegion|Liquidation|p2a: Charizard\n|-supereffective|p2a: Charizard|1\n|-damage|p2a: Charizard|0 fnt\n|faint|p2a: Charizard\n|move|p2b: Venusaur|Solar Beam|p1b: Basculegion|[from] lockedmove\n|-supereffective|p1b: Basculegion|1\n|-end|p1b: Basculegion|Substitute\n|-damage|p2b: Venusaur|90/100|[from] item: Life Orb\n|\n|-weather|RainDance|[upkeep]\n|upkeep\n|\n|t:|1788314207\n|switch|p2a: Ariados|Ariados, L50, M|100/100\n|turn|4\n|inactive|silverzlayer has 30 seconds left.\n|\n|t:|1788314233\n|move|p2a: Ariados|Rage Powder|p2a: Ariados\n|-singleturn|p2a: Ariados|move: Rage Powder\n|move|p1a: Sableye|Light Screen|p1a: Sableye\n|-sidestart|p1: silverzlayer|move: Light Screen\n|move|p1b: Basculegion|Substitute|p1b: Basculegion\n|-start|p1b: Basculegion|Substitute\n|-damage|p1b: Basculegion|50/100g\n|move|p2b: Venusaur|Sleep Powder|p1a: Sableye\n|-status|p1a: Sableye|slp|[from] move: Sleep Powder\n|\n|-weather|RainDance|[upkeep]\n|upkeep\n|turn|5\n|\n|t:|1788314248\n|switch|p1a: Chimecho|Chimecho, L50, M|100/100\n|move|p2a: Ariados|Sucker Punch|p1b: Basculegion\n|-supereffective|p1b: Basculegion|1\n|-end|p1b: Basculegion|Substitute\n|move|p1b: Basculegion|Psychic Fangs|p2b: Venusaur\n|-supereffective|p2b: Venusaur|1\n|-damage|p2b: Venusaur|21/100\n|move|p2b: Venusaur|Sleep Powder|p1b: Basculegion|[miss]\n|-miss|p2b: Venusaur|p1b: Basculegion\n|\n|-weather|RainDance|[upkeep]\n|upkeep\n|turn|6\n|inactive|lukien_light has 30 seconds left.\n|inactive|silverzlayer has 30 seconds left.\n|\n|t:|1788314281\n|switch|p1b: Sableye|Sableye, L50, M|100/100 slp\n|switch|p2b: Kingambit|Kingambit, L50, F|100/100\n|-activate|p2b: Kingambit|ability: Supreme Overlord\n|-start|p2b: Kingambit|fallen1|[silent]\n|detailschange|p1a: Chimecho|Chimecho-Mega, L50, M\n|-mega|p1a: Chimecho|Chimecho|Chimechite\n|move|p2a: Ariados|Sucker Punch||[still]\n|-fail|p2a: Ariados\n|move|p1a: Chimecho|Psychic Noise|p2b: Kingambit\n|-immune|p2b: Kingambit\n|\n|-weather|none\n|upkeep\n|turn|7\n|\n|t:|1788314300\n|cant|p1b: Sableye|slp\n|move|p2a: Ariados|Sucker Punch||[still]\n|-fail|p2a: Ariados\n|move|p2b: Kingambit|Kowtow Cleave|p1a: Chimecho\n|-supereffective|p1a: Chimecho|1\n|-damage|p1a: Chimecho|0 fnt\n|faint|p1a: Chimecho\n|\n|upkeep\n|\n|t:|1788314308\n|switch|p1a: Tyranitar|Tyranitar, L50, F|100/100\n|-weather|Sandstorm|[from] ability: Sand Stream|[of] p1a: Tyranitar\n|turn|8\n|\n|t:|1788314317\n|move|p2a: Ariados|Protect|p2a: Ariados\n|-singleturn|p2a: Ariados|Protect\n|cant|p1b: Sableye|slp\n|move|p1a: Tyranitar|Superpower|p2b: Kingambit\n|-supereffective|p2b: Kingambit|2\n|-enditem|p2b: Kingambit|Chople Berry|[eat]\n|-enditem|p2b: Kingambit|Chople Berry|[weaken]\n|-damage|p2b: Kingambit|25/100\n|-unboost|p1a: Tyranitar|atk|1\n|-unboost|p1a: Tyranitar|def|1\n|move|p2b: Kingambit|Low Kick|p1a: Tyranitar\n|-supereffective|p1a: Tyranitar|2\n|-damage|p1a: Tyranitar|0 fnt\n|faint|p1a: Tyranitar\n|\n|-weather|Sandstorm|[upkeep]\n|-damage|p1b: Sableye|94/100 slp|[from] Sandstorm\n|-damage|p2a: Ariados|93/100|[from] Sandstorm\n|-sideend|p1: silverzlayer|move: Light Screen\n|upkeep\n|\n|t:|1788314330\n|switch|p1a: Basculegion|Basculegion, L50, M|50/100g\n|turn|9\n|\n|t:|1788314338\n|move|p2a: Ariados|Rage Powder|p2a: Ariados\n|-singleturn|p2a: Ariados|move: Rage Powder\n|-curestatus|p1b: Sableye|slp|[msg]\n|move|p1b: Sableye|Rain Dance|p1b: Sableye\n|-weather|RainDance\n|move|p1a: Basculegion|Substitute|p1a: Basculegion\n|-start|p1a: Basculegion|Substitute\n|-damage|p1a: Basculegion|25/100\n|move|p2b: Kingambit|Kowtow Cleave|p1a: Basculegion\n|-supereffective|p1a: Basculegion|1\n|-end|p1a: Basculegion|Substitute\n|\n|-weather|RainDance|[upkeep]\n|upkeep\n|turn|10\n|\n|t:|1788314357\n|move|p1a: Basculegion|Protect|p1a: Basculegion\n|-singleturn|p1a: Basculegion|Protect\n|move|p2a: Ariados|Rage Powder|p2a: Ariados\n|-singleturn|p2a: Ariados|move: Rage Powder\n|move|p1b: Sableye|Quash||[still]\n|-fail|p1b: Sableye\n|move|p2b: Kingambit|Kowtow Cleave|p1a: Basculegion\n|-activate|p1a: Basculegion|move: Protect\n|\n|-weather|RainDance|[upkeep]\n|upkeep\n|turn|11\n|\n|t:|1788314376\n|move|p2a: Ariados|Rage Powder|p2a: Ariados\n|-singleturn|p2a: Ariados|move: Rage Powder\n|move|p1b: Sableye|Quash||[still]\n|-fail|p1b: Sableye\n|move|p1a: Basculegion|Liquidation|p2a: Ariados\n|-damage|p2a: Ariados|25/100\n|-enditem|p2a: Ariados|Sitrus Berry|[eat]\n|-heal|p2a: Ariados|50/100g|[from] item: Sitrus Berry\n|move|p2b: Kingambit|Kowtow Cleave|p1a: Basculegion\n|-supereffective|p1a: Basculegion|1\n|-damage|p1a: Basculegion|0 fnt\n|faint|p1a: Basculegion\n|\n|-weather|RainDance|[upkeep]\n|upkeep\n|turn|12\n|c|☆lukien_light|gg\n|\n|t:|1788314394\n|move|p1b: Sableye|Light Screen|p1b: Sableye\n|-sidestart|p1: silverzlayer|move: Light Screen\n|move|p2b: Kingambit|Kowtow Cleave|p1b: Sableye\n|-damage|p1b: Sableye|9/100\n|-enditem|p1b: Sableye|Sitrus Berry|[eat]\n|-heal|p1b: Sableye|34/100|[from] item: Sitrus Berry\n|move|p2a: Ariados|Toxic Thread|p1b: Sableye\n|-unboost|p1b: Sableye|spe|2\n|-status|p1b: Sableye|psn\n|\n|-weather|RainDance|[upkeep]\n|-damage|p1b: Sableye|22/100 psn|[from] psn\n|upkeep\n|turn|13\n|c|☆silverzlayer|Gg\n|\n|t:|1788314411\n|move|p2a: Ariados|Rage Powder|p2a: Ariados\n|-singleturn|p2a: Ariados|move: Rage Powder\n|move|p1b: Sableye|Rain Dance||[still]\n|-fail|p1b: Sableye\n|move|p2b: Kingambit|Kowtow Cleave|p1b: Sableye\n|-damage|p1b: Sableye|0 fnt\n|faint|p1b: Sableye\n|\n|win|lukien_light\n","uploadtime":1788314421,"views":"24","formatid":"gen9championsvgc2026regmb","rating":null,"private":0,"password":null}