{"id":"gen9championsvgc2026regmb-2674648214","format":"[Gen 9 Champions] VGC 2026 Reg M-B","players":["cinarguncavdi2231","trchlt1"],"log":"|j|☆cinarguncavdi2231\n|j|☆trchlt1\n|t:|1788384848\n|gametype|doubles\n|player|p1|cinarguncavdi2231|hiker-gen4|1565\n|player|p2|trchlt1|102|1541\n|gen|9\n|tier|[Gen 9 Champions] VGC 2026 Reg M-B\n|rated|\n|rule|Species Clause: Limit one of each Pokémon\n|rule|Item Clause: Limit 1 of each item\n|clearpoke\n|poke|p1|Raichu, L50, F|\n|poke|p1|Scolipede, L50, M|\n|poke|p1|Ceruledge, L50, M|\n|poke|p1|Weavile, L50, M|\n|poke|p1|Milotic, L50, M|\n|poke|p1|Sinistcha, L50|\n|poke|p2|Froslass, L50, F|\n|poke|p2|Kingambit, L50, F|\n|poke|p2|Sneasler, L50, M|\n|poke|p2|Scovillain, L50, F|\n|poke|p2|Basculegion, L50, M|\n|poke|p2|Lycanroc-Dusk, L50, M|\n|teampreview|4\n|inactive|Battle timer is ON: inactive players will automatically lose when time's up. (requested by trchlt1)\n|\n|t:|1788384880\n|teamsize|p1|4\n|teamsize|p2|4\n|start\n|switch|p1a: Raichu|Raichu, L50, F|100/100\n|switch|p1b: Weavile|Weavile, L50, M|100/100\n|switch|p2a: Scovillain|Scovillain, L50, F|100/100\n|switch|p2b: Kingambit|Kingambit, L50, F|100/100\n|turn|1\n|\n|t:|1788384903\n|switch|p1b: Ceruledge|Ceruledge, L50, M|100/100\n|detailschange|p1a: Raichu|Raichu-Mega-Y, L50, F\n|-mega|p1a: Raichu|Raichu|Raichunite Y\n|move|p2a: Scovillain|Protect|p2a: Scovillain\n|-singleturn|p2a: Scovillain|Protect\n|move|p2b: Kingambit|Protect|p2b: Kingambit\n|-singleturn|p2b: Kingambit|Protect\n|move|p1a: Raichu|Zap Cannon|p2b: Kingambit\n|-activate|p2b: Kingambit|move: Protect\n|\n|-ability|p2a: Scovillain|Moody|boost\n|-boost|p2a: Scovillain|spd|2\n|-unboost|p2a: Scovillain|spa|1\n|upkeep\n|turn|2\n|\n|t:|1788384920\n|switch|p1a: Weavile|Weavile, L50, M|100/100\n|detailschange|p2a: Scovillain|Scovillain-Mega, L50, F\n|-mega|p2a: Scovillain|Scovillain|Scovillainite\n|move|p2a: Scovillain|Rage Powder|p2a: Scovillain\n|-singleturn|p2a: Scovillain|move: Rage Powder\n|move|p1b: Ceruledge|Bulk Up|p1b: Ceruledge\n|-boost|p1b: Ceruledge|atk|1\n|-boost|p1b: Ceruledge|def|1\n|move|p2b: Kingambit|Kowtow Cleave|p1b: Ceruledge\n|-supereffective|p1b: Ceruledge|1\n|-enditem|p1b: Ceruledge|Colbur Berry|[eat]\n|-enditem|p1b: Ceruledge|Colbur Berry|[weaken]\n|-damage|p1b: Ceruledge|57/100\n|\n|upkeep\n|turn|3\n|\n|t:|1788384934\n|move|p2a: Scovillain|Protect|p2a: Scovillain\n|-singleturn|p2a: Scovillain|Protect\n|move|p2b: Kingambit|Protect|p2b: Kingambit\n|-singleturn|p2b: Kingambit|Protect\n|move|p1a: Weavile|Fake Out|p2b: Kingambit\n|-activate|p2b: Kingambit|move: Protect\n|move|p1b: Ceruledge|Bulk Up|p1b: Ceruledge\n|-boost|p1b: Ceruledge|atk|1\n|-boost|p1b: Ceruledge|def|1\n|\n|upkeep\n|turn|4\n|\n|t:|1788384950\n|switch|p1a: Raichu|Raichu-Mega-Y, L50, F|100/100\n|move|p1b: Ceruledge|Protect|p1b: Ceruledge\n|-singleturn|p1b: Ceruledge|Protect\n|move|p2a: Scovillain|Rage Powder|p2a: Scovillain\n|-singleturn|p2a: Scovillain|move: Rage Powder\n|move|p2b: Kingambit|Kowtow Cleave|p1b: Ceruledge\n|-activate|p1b: Ceruledge|move: Protect\n|\n|upkeep\n|turn|5\n|\n|t:|1788384969\n|move|p2b: Kingambit|Protect|p2b: Kingambit\n|-singleturn|p2b: Kingambit|Protect\n|move|p1a: Raichu|Fake Out|p2b: Kingambit\n|-activate|p2b: Kingambit|move: Protect\n|move|p1b: Ceruledge|Bitter Blade|p2a: Scovillain\n|-damage|p2a: Scovillain|19/100\n|-heal|p1b: Ceruledge|95/100|[from] drain|[of] p2a: Scovillain\n|move|p2a: Scovillain|Giga Drain|p1a: Raichu\n|-damage|p1a: Raichu|72/100\n|-heal|p2a: Scovillain|32/100|[from] drain|[of] p1a: Raichu\n|\n|upkeep\n|turn|6\n|\n|t:|1788384993\n|switch|p1a: Weavile|Weavile, L50, M|100/100\n|move|p1b: Ceruledge|Protect|p1b: Ceruledge\n|-singleturn|p1b: Ceruledge|Protect\n|move|p2a: Scovillain|Rage Powder|p2a: Scovillain\n|-singleturn|p2a: Scovillain|move: Rage Powder\n|move|p2b: Kingambit|Kowtow Cleave|p1a: Weavile\n|-resisted|p1a: Weavile|1\n|-damage|p1a: Weavile|48/100\n|\n|upkeep\n|turn|7\n|\n|t:|1788385015\n|move|p2b: Kingambit|Protect|p2b: Kingambit\n|-singleturn|p2b: Kingambit|Protect\n|move|p1a: Weavile|Fake Out|p2b: Kingambit\n|-activate|p2b: Kingambit|move: Protect\n|move|p1b: Ceruledge|Bulk Up|p1b: Ceruledge\n|-boost|p1b: Ceruledge|atk|1\n|-boost|p1b: Ceruledge|def|1\n|move|p2a: Scovillain|Overheat|p1a: Weavile\n|-supereffective|p1a: Weavile|1\n|-damage|p1a: Weavile|0 fnt\n|-unboost|p2a: Scovillain|spa|2\n|faint|p1a: Weavile\n|\n|upkeep\n|\n|t:|1788385020\n|switch|p1a: Raichu|Raichu-Mega-Y, L50, F|72/100\n|turn|8\n|\n|t:|1788385044\n|move|p2a: Scovillain|Protect|p2a: Scovillain\n|-singleturn|p2a: Scovillain|Protect\n|move|p1b: Ceruledge|Shadow Sneak|p2a: Scovillain\n|-activate|p2a: Scovillain|move: Protect\n|move|p2b: Kingambit|Sucker Punch|p1a: Raichu\n|-damage|p1a: Raichu|0 fnt\n|faint|p1a: Raichu\n|\n|upkeep\n|\n|t:|1788385051\n|switch|p1a: Milotic|Milotic, L50, M|100/100\n|turn|9\n|\n|t:|1788385061\n|move|p2a: Scovillain|Rage Powder|p2a: Scovillain\n|-singleturn|p2a: Scovillain|move: Rage Powder\n|move|p1a: Milotic|Coil|p1a: Milotic\n|-boost|p1a: Milotic|atk|1\n|-boost|p1a: Milotic|def|1\n|-boost|p1a: Milotic|accuracy|1\n|move|p1b: Ceruledge|Bitter Blade|p2a: Scovillain\n|-damage|p2a: Scovillain|0 fnt\n|-heal|p1b: Ceruledge|100/100|[from] drain|[of] p2a: Scovillain\n|faint|p2a: Scovillain\n|move|p2b: Kingambit|Swords Dance|p2b: Kingambit\n|-boost|p2b: Kingambit|atk|2\n|\n|upkeep\n|\n|t:|1788385070\n|switch|p2a: Basculegion|Basculegion, L50, M|100/100\n|turn|10\n|\n|t:|1788385084\n|move|p1b: Ceruledge|Shadow Sneak|p2a: Basculegion\n|-supereffective|p2a: Basculegion|1\n|-damage|p2a: Basculegion|0 fnt\n|faint|p2a: Basculegion\n|move|p1a: Milotic|Hypnosis|p2b: Kingambit\n|-status|p2b: Kingambit|slp|[from] move: Hypnosis\n|cant|p2b: Kingambit|slp\n|\n|upkeep\n|\n|t:|1788385088\n|switch|p2a: Lycanroc|Lycanroc-Dusk, L50, M|100/100\n|turn|11\n|\n|t:|1788385095\n|move|p2a: Lycanroc|Rock Slide|p1a: Milotic|[spread] p1a,p1b\n|-supereffective|p1b: Ceruledge|1\n|-damage|p1a: Milotic|80/100\n|-damage|p1b: Ceruledge|72/100\n|move|p1a: Milotic|Coil|p1a: Milotic\n|-boost|p1a: Milotic|atk|1\n|-boost|p1a: Milotic|def|1\n|-boost|p1a: Milotic|accuracy|1\n|move|p1b: Ceruledge|Bitter Blade|p2b: Kingambit\n|-supereffective|p2b: Kingambit|1\n|-damage|p2b: Kingambit|0 fnt\n|-heal|p1b: Ceruledge|100/100|[from] drain|[of] p2b: Kingambit\n|faint|p2b: Kingambit\n|\n|-heal|p1a: Milotic|86/100|[from] item: Leftovers\n|upkeep\n|turn|12\n|\n|t:|1788385110\n|move|p1b: Ceruledge|Shadow Sneak|p2a: Lycanroc\n|-damage|p2a: Lycanroc|10/100\n|move|p2a: Lycanroc|Rock Slide|p1b: Ceruledge|[spread] p1a\n|-miss|p2a: Lycanroc|p1b: Ceruledge\n|-damage|p1a: Milotic|71/100\n|cant|p1a: Milotic|flinch\n|\n|-heal|p1a: Milotic|77/100|[from] item: Leftovers\n|upkeep\n|turn|13\n|-message|trchlt1 forfeited.\n|\n|win|cinarguncavdi2231\n|raw|cinarguncavdi2231's rating: 1565 &rarr; <strong>1584</strong><br />(+19 for winning)\n|raw|trchlt1's rating: 1541 &rarr; <strong>1522</strong><br />(-19 for losing)\n|l|☆trchlt1\n|player|p2|\n","uploadtime":1788385117,"views":"0","formatid":"gen9championsvgc2026regmb","rating":1522,"private":0,"password":null}