{"id":"gen9championsvgc2026regmb-2674405719","format":"[Gen 9 Champions] VGC 2026 Reg M-B","players":["Nan_niis","2daygon"],"log":"|j|☆Nan_niis\n|j|☆2daygon\n|t:|1788355754\n|gametype|doubles\n|player|p1|Nan_niis|biker-gen4|1347\n|player|p2|2daygon|169|1441\n|gen|9\n|tier|[Gen 9 Champions] VGC 2026 Reg M-B\n|rated|\n|rule|Species Clause: Limit one of each Pokémon\n|rule|Item Clause: Limit 1 of each item\n|clearpoke\n|poke|p1|Sceptile, L50, M|\n|poke|p1|Rotom-Heat, L50|\n|poke|p1|Incineroar, L50, F|\n|poke|p1|Garchomp, L50, F|\n|poke|p1|Gholdengo, L50|\n|poke|p1|Weavile, L50, M|\n|poke|p2|Charizard, L50, M|\n|poke|p2|Garchomp, L50, M|\n|poke|p2|Floette-Eternal, L50, F|\n|poke|p2|Whimsicott, L50, F|\n|poke|p2|Kingambit, L50, F|\n|poke|p2|Basculegion, L50, M|\n|teampreview|4\n|inactive|Battle timer is ON: inactive players will automatically lose when time's up. (requested by 2daygon)\n|inactive|Nan_niis has 60 seconds left.\n|\n|t:|1788355790\n|teamsize|p1|4\n|teamsize|p2|4\n|start\n|switch|p1a: Rotom|Rotom-Heat, L50|100/100\n|switch|p1b: Sceptile|Sceptile, L50, M|100/100\n|switch|p2a: Charizard|Charizard, L50, M|100/100\n|switch|p2b: Whimsicott|Whimsicott, L50, F|100/100\n|turn|1\n|\n|t:|1788355805\n|move|p1b: Sceptile|Detect|p1b: Sceptile\n|-singleturn|p1b: Sceptile|Protect\n|move|p2a: Charizard|Protect|p2a: Charizard\n|-singleturn|p2a: Charizard|Protect\n|move|p2b: Whimsicott|Tailwind|p2b: Whimsicott\n|-sidestart|p2: 2daygon|move: Tailwind\n|move|p1a: Rotom|Discharge|p2b: Whimsicott|[spread] p2b\n|-activate|p1b: Sceptile|move: Protect\n|-activate|p2a: Charizard|move: Protect\n|-resisted|p2b: Whimsicott|1\n|-damage|p2b: Whimsicott|78/100\n|\n|upkeep\n|turn|2\n|\n|t:|1788355826\n|switch|p1b: Garchomp|Garchomp, L50, F|100/100\n|detailschange|p2a: Charizard|Charizard-Mega-Y, L50, M\n|-mega|p2a: Charizard|Charizard|Charizardite Y\n|-weather|SunnyDay|[from] ability: Drought|[of] p2a: Charizard\n|move|p2b: Whimsicott|Moonblast|p1b: Garchomp\n|-supereffective|p1b: Garchomp|1\n|-damage|p1b: Garchomp|37/100\n|move|p2a: Charizard|Ancient Power|p1a: Rotom\n|-supereffective|p1a: Rotom|1\n|-damage|p1a: Rotom|38/100\n|move|p1a: Rotom|Discharge|p2a: Charizard|[spread] p2a,p2b\n|-immune|p1b: Garchomp\n|-supereffective|p2a: Charizard|1\n|-resisted|p2b: Whimsicott|1\n|-crit|p2b: Whimsicott\n|-damage|p2a: Charizard|45/100\n|-damage|p2b: Whimsicott|44/100\n|\n|-weather|SunnyDay|[upkeep]\n|upkeep\n|turn|3\n|inactive|Nan_niis has 30 seconds left.\n|inactive|2daygon has 30 seconds left.\n|\n|t:|1788355858\n|switch|p1a: Weavile|Weavile, L50, M|100/100\n|-ability|p1a: Weavile|Pressure\n|switch|p1b: Sceptile|Sceptile, L50, M|100/100\n|move|p2b: Whimsicott|Moonblast|p1b: Sceptile\n|-damage|p1b: Sceptile|51/100\n|move|p2a: Charizard|Ancient Power|p1a: Weavile\n|-supereffective|p1a: Weavile|1\n|-damage|p1a: Weavile|31/100\n|\n|-weather|SunnyDay|[upkeep]\n|upkeep\n|turn|4\n|\n|t:|1788355874\n|move|p1a: Weavile|Protect|p1a: Weavile\n|-singleturn|p1a: Weavile|Protect\n|move|p1b: Sceptile|Detect|p1b: Sceptile\n|-singleturn|p1b: Sceptile|Protect\n|move|p2b: Whimsicott|Moonblast|p1b: Sceptile\n|-activate|p1b: Sceptile|move: Protect\n|move|p2a: Charizard|Heat Wave|p1b: Sceptile|[spread] \n|-activate|p1a: Weavile|move: Protect\n|-activate|p1b: Sceptile|move: Protect\n|\n|-weather|SunnyDay|[upkeep]\n|-sideend|p2: 2daygon|move: Tailwind\n|upkeep\n|turn|5\n|\n|t:|1788355884\n|switch|p1b: Garchomp|Garchomp, L50, F|37/100\n|move|p1a: Weavile|Ice Shard|p2a: Charizard\n|-damage|p2a: Charizard|1/100\n|-damage|p1a: Weavile|22/100|[from] item: Life Orb\n|move|p2b: Whimsicott|Tailwind|p2b: Whimsicott\n|-sidestart|p2: 2daygon|move: Tailwind\n|move|p2a: Charizard|Ancient Power|p1a: Weavile\n|-supereffective|p1a: Weavile|1\n|-damage|p1a: Weavile|0 fnt\n|faint|p1a: Weavile\n|\n|-weather|SunnyDay|[upkeep]\n|upkeep\n|\n|t:|1788355905\n|switch|p1a: Sceptile|Sceptile, L50, M|51/100\n|turn|6\n|\n|t:|1788355918\n|switch|p1b: Rotom|Rotom-Heat, L50|38/100\n|detailschange|p1a: Sceptile|Sceptile-Mega, L50, M\n|-mega|p1a: Sceptile|Sceptile|Sceptilite\n|move|p2b: Whimsicott|Moonblast|p1b: Rotom\n|-resisted|p1b: Rotom|1\n|-damage|p1b: Rotom|17/100\n|move|p2a: Charizard|Ancient Power|p1a: Sceptile\n|-damage|p1a: Sceptile|18/100\n|move|p1a: Sceptile|Dragon Pulse|p2a: Charizard\n|-damage|p2a: Charizard|0 fnt\n|faint|p2a: Charizard\n|\n|-weather|none\n|upkeep\n|\n|t:|1788355934\n|switch|p2a: Garchomp|Garchomp, L50, M|100/100\n|turn|7\n|\n|t:|1788355945\n|switch|p1b: Garchomp|Garchomp, L50, F|37/100\n|move|p1a: Sceptile|Detect|p1a: Sceptile\n|-singleturn|p1a: Sceptile|Protect\n|move|p2b: Whimsicott|Moonblast|p1a: Sceptile\n|-activate|p1a: Sceptile|move: Protect\n|move|p2a: Garchomp|Dragon Claw|p1b: Garchomp\n|-supereffective|p1b: Garchomp|1\n|-damage|p1b: Garchomp|0 fnt\n|-damage|p2a: Garchomp|87/100|[from] ability: Rough Skin|[of] p1b: Garchomp\n|faint|p1b: Garchomp\n|-damage|p2a: Garchomp|77/100|[from] item: Life Orb\n|\n|upkeep\n|c|☆2daygon|Gg\n|\n|t:|1788355953\n|switch|p1b: Rotom|Rotom-Heat, L50|17/100\n|turn|8\n|\n|t:|1788355973\n|move|p1a: Sceptile|Detect|p1a: Sceptile\n|-singleturn|p1a: Sceptile|Protect\n|move|p2b: Whimsicott|Moonblast|p1b: Rotom\n|-resisted|p1b: Rotom|1\n|-damage|p1b: Rotom|0 fnt\n|faint|p1b: Rotom\n|move|p2a: Garchomp|Dragon Claw|p1a: Sceptile\n|-activate|p1a: Sceptile|move: Protect\n|\n|-sideend|p2: 2daygon|move: Tailwind\n|upkeep\n|turn|9\n|\n|t:|1788355983\n|move|p1a: Sceptile|Dragon Pulse|p2a: Garchomp\n|-supereffective|p2a: Garchomp|1\n|-damage|p2a: Garchomp|0 fnt\n|faint|p2a: Garchomp\n|move|p2b: Whimsicott|Moonblast|p1a: Sceptile\n|-supereffective|p1a: Sceptile|1\n|-damage|p1a: Sceptile|0 fnt\n|faint|p1a: Sceptile\n|\n|win|2daygon\n|raw|Nan_niis's rating: 1347 &rarr; <strong>1332</strong><br />(-15 for losing)\n|raw|2daygon's rating: 1441 &rarr; <strong>1456</strong><br />(+15 for winning)\n|l|☆Nan_niis\n|player|p1|\n","uploadtime":1788355991,"views":"4","formatid":"gen9championsvgc2026regmb","rating":1332,"private":0,"password":null}