{"id":"gen9championsvgc2026regmbbo3-2673878601","format":"[Gen 9 Champions] VGC 2026 Reg M-B (Bo3)","players":["TheClownMage","redjaguar"],"log":"|j|☆TheClownMage\n|j|☆redjaguar\n|html|<table width=\"100%\"><tr><td align=\"left\">TheClownMage</td><td align=\"right\">redjaguar</tr><tr><td align=\"left\"><i class=\"fa fa-circle-o\"></i> <i class=\"fa fa-circle-o\"></i> </td><td align=\"right\"><i class=\"fa fa-circle-o\"></i> <i class=\"fa fa-circle-o\"></i> </tr></table>\n|uhtml|bestof|<h2><strong>Game 1</strong> of <a href=\"/game-bestof3-gen9championsvgc2026regmbbo3-2673878600\">a best-of-3</a></h2>\n|t:|1788272148\n|gametype|doubles\n|player|p1|TheClownMage|waiter|1091\n|player|p2|redjaguar|gambler|1146\n|gen|9\n|tier|[Gen 9 Champions] VGC 2026 Reg M-B (Bo3)\n|rated|\n|rule|Species Clause: Limit one of each Pokémon\n|rule|Item Clause: Limit 1 of each item\n|clearpoke\n|poke|p1|Tyranitar, L50, F|\n|poke|p1|Garchomp, L50, F|\n|poke|p1|Incineroar, L50, M|\n|poke|p1|Rotom-Wash, L50|\n|poke|p1|Hatterene, L50, F|\n|poke|p1|Sinistcha, L50|\n|poke|p2|Farigiraf, L50, F|\n|poke|p2|Aerodactyl, L50, M|\n|poke|p2|Gardevoir, L50, F|\n|poke|p2|Basculegion, L50, M|\n|poke|p2|Infernape, L50, F|\n|poke|p2|Garchomp, L50, M|\n|teampreview|4\n|showteam|p1|Tyranitar||Tyranitarite|SandStream|RockSlide,KnockOff,DragonDance,Earthquake|Adamant||F|||50|]Garchomp||LifeOrb|SandVeil|Earthquake,RockSlide,DragonClaw,SwordsDance|Jolly||F|||50|]Incineroar||SitrusBerry|Intimidate|PartingShot,FakeOut,FlareBlitz,Taunt|Impish||M|||50|]Rotom-Wash||Leftovers|Levitate|WillOWisp,Thunderbolt,HydroPump,Protect|Bold|||||50|]Hatterene||MentalHerb|MagicBounce|TrickRoom,DazzlingGleam,LightScreen,Protect|Sassy||F|||50|]Sinistcha||OccaBerry|Hospitality|LifeDew,MatchaGotcha,TrickRoom,StrengthSap|Bold|||||50|\n|showteam|p2|Farigiraf||SitrusBerry|ArmorTail|Psychic,TrickRoom,Protect,HelpingHand|Bold||F|||50|]Aerodactyl||FocusSash|Unnerve|Tailwind,RockSlide,WideGuard,Protect|Jolly||M|||50|]Gardevoir||Gardevoirite|Telepathy|HyperVoice,Psychic,CalmMind,Protect|Timid||F|||50|]Basculegion||MysticWater|Adaptability|AquaJet,LastRespects,WaveCrash,Protect|Adamant||M|||50|]Infernape||WhiteHerb|IronFist|CloseCombat,FirePunch,FakeOut,StoneEdge|Jolly||F|||50|]Garchomp||LifeOrb|RoughSkin|Earthquake,RockSlide,DragonClaw,Protect|Jolly||M|||50|\n|inactive|Battle timer is ON: inactive players will automatically lose when time's up. (requested by TheClownMage)\n|\n|t:|1788272188\n|teamsize|p1|4\n|teamsize|p2|4\n|start\n|switch|p1a: Tyranitar|Tyranitar, L50, F|100/100\n|switch|p1b: Garchomp|Garchomp, L50, F|100/100\n|switch|p2a: Aerodactyl|Aerodactyl, L50, M|100/100\n|switch|p2b: Garchomp|Garchomp, L50, M|100/100\n|-ability|p2a: Aerodactyl|Unnerve\n|-weather|Sandstorm|[from] ability: Sand Stream|[of] p1a: Tyranitar\n|turn|1\n|inactive|TheClownMage has 30 seconds left.\n|inactive|redjaguar has 30 seconds left.\n|\n|t:|1788272222\n|detailschange|p1a: Tyranitar|Tyranitar-Mega, L50, F\n|-mega|p1a: Tyranitar|Tyranitar|Tyranitarite\n|move|p2a: Aerodactyl|Tailwind|p2a: Aerodactyl\n|-sidestart|p2: redjaguar|move: Tailwind\n|move|p2b: Garchomp|Dragon Claw|p1b: Garchomp\n|-supereffective|p1b: Garchomp|1\n|-damage|p1b: Garchomp|0 fnt\n|faint|p1b: Garchomp\n|-damage|p2b: Garchomp|90/100|[from] item: Life Orb\n|move|p1a: Tyranitar|Rock Slide|p2a: Aerodactyl|[spread] p2a,p2b\n|-supereffective|p2a: Aerodactyl|1\n|-resisted|p2b: Garchomp|1\n|-enditem|p2a: Aerodactyl|Focus Sash\n|-damage|p2a: Aerodactyl|1/100\n|-damage|p2b: Garchomp|70/100\n|\n|-weather|Sandstorm|[upkeep]\n|upkeep\n|\n|t:|1788272240\n|switch|p1b: Rotom|Rotom-Wash, L50|100/100\n|turn|2\n|\n|t:|1788272261\n|move|p2a: Aerodactyl|Rock Slide|p1b: Rotom|[spread] p1a,p1b\n|-damage|p1a: Tyranitar|85/100\n|-damage|p1b: Rotom|80/100\n|move|p2b: Garchomp|Rock Slide|p1a: Tyranitar|[spread] p1a,p1b\n|-damage|p1a: Tyranitar|70/100\n|-damage|p1b: Rotom|60/100\n|-damage|p2b: Garchomp|61/100|[from] item: Life Orb\n|cant|p1b: Rotom|flinch\n|cant|p1a: Tyranitar|flinch\n|\n|-weather|Sandstorm|[upkeep]\n|-damage|p1b: Rotom|54/100|[from] Sandstorm\n|-heal|p1b: Rotom|60/100|[from] item: Leftovers\n|upkeep\n|turn|3\n|inactive|TheClownMage has 30 seconds left.\n|inactive|redjaguar has 30 seconds left.\n|\n|t:|1788272290\n|move|p2a: Aerodactyl|Rock Slide|p1a: Tyranitar|[spread] p1a,p1b\n|-damage|p1a: Tyranitar|53/100\n|-damage|p1b: Rotom|39/100\n|move|p2b: Garchomp|Earthquake|p1b: Rotom|[spread] p1a\n|-immune|p2a: Aerodactyl\n|-immune|p1b: Rotom|[from] ability: Levitate\n|-supereffective|p1a: Tyranitar|1\n|-damage|p1a: Tyranitar|0 fnt\n|faint|p1a: Tyranitar\n|-damage|p2b: Garchomp|51/100|[from] item: Life Orb\n|move|p1b: Rotom|Will-O-Wisp|p2b: Garchomp\n|-status|p2b: Garchomp|brn\n|\n|-weather|Sandstorm|[upkeep]\n|-damage|p1b: Rotom|33/100|[from] Sandstorm\n|-heal|p1b: Rotom|39/100|[from] item: Leftovers\n|-damage|p2b: Garchomp|45/100 brn|[from] brn\n|upkeep\n|\n|t:|1788272309\n|switch|p1a: Sinistcha|Sinistcha, L50|100/100\n|-heal|p1b: Rotom|64/100|[from] ability: Hospitality|[of] p1a: Sinistcha\n|turn|4\n|inactive|redjaguar has 30 seconds left.\n|\n|t:|1788272337\n|move|p2a: Aerodactyl|Rock Slide|p1b: Rotom|[spread] \n|-miss|p2a: Aerodactyl|p1a: Sinistcha\n|-miss|p2a: Aerodactyl|p1b: Rotom\n|move|p2b: Garchomp|Dragon Claw|p1b: Rotom\n|-damage|p1b: Rotom|44/100\n|-damage|p2b: Garchomp|35/100 brn|[from] item: Life Orb\n|move|p1b: Rotom|Thunderbolt|p2a: Aerodactyl\n|-supereffective|p2a: Aerodactyl|1\n|-damage|p2a: Aerodactyl|0 fnt\n|faint|p2a: Aerodactyl\n|move|p1a: Sinistcha|Trick Room|p1a: Sinistcha\n|-fieldstart|move: Trick Room|[of] p1a: Sinistcha\n|\n|-weather|Sandstorm|[upkeep]\n|-damage|p1a: Sinistcha|93/100|[from] Sandstorm\n|-damage|p1b: Rotom|38/100|[from] Sandstorm\n|-heal|p1b: Rotom|44/100|[from] item: Leftovers\n|-damage|p2b: Garchomp|29/100 brn|[from] brn\n|-sideend|p2: redjaguar|move: Tailwind\n|upkeep\n|inactive|redjaguar has 30 seconds left.\n|\n|t:|1788272364\n|switch|p2a: Basculegion|Basculegion, L50, M|100/100\n|turn|5\n|inactive|redjaguar has 30 seconds left.\n|\n|t:|1788272394\n|move|p1a: Sinistcha|Matcha Gotcha|p2a: Basculegion|[spread] p2a,p2b\n|-supereffective|p2a: Basculegion|1\n|-damage|p2a: Basculegion|54/100\n|-heal|p1a: Sinistcha|100/100|[from] drain|[of] p2a: Basculegion\n|-damage|p2b: Garchomp|1/100 brn\n|move|p2a: Basculegion|Last Respects|p1a: Sinistcha\n|-supereffective|p1a: Sinistcha|1\n|-damage|p1a: Sinistcha|10/100\n|move|p1b: Rotom|Thunderbolt|p2a: Basculegion\n|-supereffective|p2a: Basculegion|1\n|-damage|p2a: Basculegion|0 fnt\n|faint|p2a: Basculegion\n|move|p2b: Garchomp|Dragon Claw|p1a: Sinistcha\n|-damage|p1a: Sinistcha|0 fnt\n|faint|p1a: Sinistcha\n|-damage|p2b: Garchomp|0 fnt|[from] item: Life Orb\n|faint|p2b: Garchomp\n|\n|-weather|none\n|-heal|p1b: Rotom|50/100g|[from] item: Leftovers\n|upkeep\n|\n|t:|1788272414\n|switch|p2b: Gardevoir|Gardevoir, L50, F|100/100\n|turn|6\n|\n|t:|1788272431\n|detailschange|p2b: Gardevoir|Gardevoir-Mega, L50, F\n|-mega|p2b: Gardevoir|Gardevoir|Gardevoirite\n|move|p1b: Rotom|Hydro Pump|p2b: Gardevoir\n|-damage|p2b: Gardevoir|60/100\n|move|p2b: Gardevoir|Calm Mind|p2b: Gardevoir\n|-boost|p2b: Gardevoir|spa|1\n|-boost|p2b: Gardevoir|spd|1\n|\n|-heal|p1b: Rotom|56/100|[from] item: Leftovers\n|upkeep\n|turn|7\n|\n|t:|1788272444\n|move|p1b: Rotom|Hydro Pump|p2b: Gardevoir\n|-damage|p2b: Gardevoir|33/100\n|move|p2b: Gardevoir|Hyper Voice|p1b: Rotom\n|-damage|p1b: Rotom|0 fnt\n|faint|p1b: Rotom\n|\n|win|redjaguar\n||redjaguar is ready for game 2.\n|inactive|TheClownMage has 30 seconds to confirm battle start!\n||TheClownMage is ready for game 2.\n|uhtml|next|Next: <a href=\"/battle-gen9championsvgc2026regmbbo3-2673881141\"><strong>Game 2 of 3</strong></a>\n","uploadtime":1788272634,"views":"0","formatid":"gen9championsvgc2026regmbbo3","rating":null,"private":0,"password":null}