{"id":"gen9championsvgc2026regmbbo3-2674216641","format":"[Gen 9 Champions] VGC 2026 Reg M-B (Bo3)","players":["teyvgc","LaDdeDavo"],"log":"|j|☆teyvgc\n|j|☆LaDdeDavo\n|html|<table width=\"100%\"><tr><td align=\"left\">teyvgc</td><td align=\"right\">LaDdeDavo</tr><tr><td align=\"left\"><i class=\"fa fa-circle-o\"></i> <i class=\"fa fa-circle-o\"></i> </td><td align=\"right\"><i class=\"fa fa-circle-o\"></i> <i class=\"fa fa-circle\"></i> </tr></table>\n|uhtml|bestof|<h2><strong>Game 2</strong> of <a href=\"/game-bestof3-gen9championsvgc2026regmbbo3-2674215685\">a best-of-3</a></h2>\n|t:|1788317042\n|gametype|doubles\n|player|p1|teyvgc|rood|1393\n|player|p2|LaDdeDavo|iris|1454\n|gen|9\n|tier|[Gen 9 Champions] VGC 2026 Reg M-B (Bo3)\n|rated|\n|rule|Species Clause: Limit one of each Pokémon\n|rule|Item Clause: Limit 1 of each item\n|clearpoke\n|poke|p1|Delphox, L50, M|\n|poke|p1|Vanilluxe, L50, F|\n|poke|p1|Floette-Eternal, L50, F|\n|poke|p1|Sinistcha, L50|\n|poke|p1|Milotic, L50, M|\n|poke|p1|Incineroar, L50, F|\n|poke|p2|Whimsicott, L50, F, shiny|\n|poke|p2|Garchomp, L50, F|\n|poke|p2|Basculegion, L50, M|\n|poke|p2|Charizard, L50, M|\n|poke|p2|Floette-Eternal, L50, F|\n|poke|p2|Kingambit, L50, F|\n|teampreview|4\n|showteam|p1|Delphox||Delphoxite|Blaze|HeatWave,Psychic,NastyPlot,Protect|Timid||M|||50|]Vanilluxe||ChoiceScarf|SnowWarning|Blizzard,FreezeDry,SheerCold,IcyWind|Timid||F|||50|]Floette-Eternal||Floettite|FlowerVeil|Protect,Moonblast,DazzlingGleam,CalmMind|Modest||F|||50|]Sinistcha||KasibBerry|Hospitality|LifeDew,RagePowder,MatchaGotcha,Protect|Bold|||||50|]Milotic||Leftovers|Competitive|Coil,Protect,MuddyWater,Hypnosis|Bold||M|||50|]Incineroar||SitrusBerry|Intimidate|FakeOut,PartingShot,FlareBlitz,DarkestLariat|Impish||F|||50|\n|showteam|p2|Whimsicott||FocusSash|Prankster|Protect,Tailwind,Encore,Moonblast|Timid||F|||50|]Garchomp||SitrusBerry|RoughSkin|Protect,RockSlide,Earthquake,DragonClaw|Jolly||F|||50|]Basculegion||LifeOrb|Adaptability|Protect,WaveCrash,LastRespects,AquaJet|Adamant||M|||50|]Charizard||CharizarditeY|Blaze|Protect,HeatWave,WeatherBall,AncientPower|Modest||M|||50|]Floette-Eternal||Floettite|FlowerVeil|Protect,LightofRuin,DazzlingGleam,Moonblast|Modest||F|||50|]Kingambit||OccaBerry|Defiant|LowKick,SuckerPunch,KowtowCleave,IronHead|Adamant||F|||50|\n|inactive|Battle timer is ON: inactive players will automatically lose when time's up. (requested by LaDdeDavo)\n|inactive|teyvgc has 60 seconds left.\n|\n|t:|1788317088\n|teamsize|p1|4\n|teamsize|p2|4\n|start\n|switch|p1a: Milotic|Milotic, L50, M|100/100\n|switch|p1b: Sinistcha|Sinistcha, L50|100/100\n|switch|p2a: Charizard|Charizard, L50, M|100/100\n|switch|p2b: Kingambit|Kingambit, L50, F|100/100\n|turn|1\n|\n|t:|1788317096\n|switch|p2b: Whimsicott|Whimsicott, L50, F, shiny|100/100\n|detailschange|p2a: Charizard|Charizard-Mega-Y, L50, M\n|-mega|p2a: Charizard|Charizard|Charizardite Y\n|-weather|SunnyDay|[from] ability: Drought|[of] p2a: Charizard\n|move|p1b: Sinistcha|Protect|p1b: Sinistcha\n|-singleturn|p1b: Sinistcha|Protect\n|move|p2a: Charizard|Heat Wave|p1b: Sinistcha|[spread] p1a\n|-activate|p1b: Sinistcha|move: Protect\n|-resisted|p1a: Milotic|1\n|-damage|p1a: Milotic|78/100\n|move|p1a: Milotic|Coil|p1a: Milotic\n|-boost|p1a: Milotic|atk|1\n|-boost|p1a: Milotic|def|1\n|-boost|p1a: Milotic|accuracy|1\n|\n|-weather|SunnyDay|[upkeep]\n|-heal|p1a: Milotic|84/100|[from] item: Leftovers\n|upkeep\n|turn|2\n|\n|t:|1788317110\n|switch|p1b: Incineroar|Incineroar, L50, F|100/100\n|-ability|p1b: Incineroar|Intimidate|boost\n|-unboost|p2a: Charizard|atk|1\n|-unboost|p2b: Whimsicott|atk|1\n|move|p1a: Milotic|Protect|p1a: Milotic\n|-singleturn|p1a: Milotic|Protect\n|move|p2b: Whimsicott|Encore|p1a: Milotic\n|-activate|p1a: Milotic|move: Protect\n|move|p2a: Charizard|Weather Ball|p1b: Incineroar\n|-resisted|p1b: Incineroar|1\n|-damage|p1b: Incineroar|62/100\n|\n|-weather|SunnyDay|[upkeep]\n|-heal|p1a: Milotic|90/100|[from] item: Leftovers\n|upkeep\n|turn|3\n|\n|t:|1788317127\n|move|p1b: Incineroar|Fake Out|p2b: Whimsicott\n|-damage|p2b: Whimsicott|85/100\n|cant|p2b: Whimsicott|flinch\n|move|p2a: Charizard|Heat Wave|p1a: Milotic|[spread] p1a,p1b\n|-resisted|p1a: Milotic|1\n|-resisted|p1b: Incineroar|1\n|-damage|p1a: Milotic|71/100\n|-damage|p1b: Incineroar|36/100\n|-status|p1a: Milotic|brn\n|-enditem|p1b: Incineroar|Sitrus Berry|[eat]\n|-heal|p1b: Incineroar|60/100|[from] item: Sitrus Berry\n|move|p1a: Milotic|Hypnosis|p2a: Charizard|[miss]\n|-miss|p1a: Milotic|p2a: Charizard\n|\n|-weather|SunnyDay|[upkeep]\n|-heal|p1a: Milotic|77/100 brn|[from] item: Leftovers\n|-damage|p1a: Milotic|71/100 brn|[from] brn\n|upkeep\n|turn|4\n|\n|t:|1788317149\n|move|p2b: Whimsicott|Moonblast|p1a: Milotic\n|-damage|p1a: Milotic|47/100 brn\n|move|p2a: Charizard|Weather Ball|p1a: Milotic\n|-resisted|p1a: Milotic|1\n|-damage|p1a: Milotic|17/100 brn\n|move|p1a: Milotic|Muddy Water|p2a: Charizard|[spread] p2a,p2b\n|-supereffective|p2a: Charizard|1\n|-crit|p2a: Charizard\n|-resisted|p2b: Whimsicott|1\n|-damage|p2a: Charizard|68/100\n|-damage|p2b: Whimsicott|76/100\n|-unboost|p2b: Whimsicott|accuracy|1\n|move|p1b: Incineroar|Parting Shot|p2a: Charizard\n|-unboost|p2a: Charizard|atk|1\n|-unboost|p2a: Charizard|spa|1\n|\n|t:|1788317163\n|switch|p1b: Sinistcha|Sinistcha, L50|100/100|[from] Parting Shot\n|-heal|p1a: Milotic|42/100 brn|[from] ability: Hospitality|[of] p1b: Sinistcha\n|\n|-weather|SunnyDay|[upkeep]\n|-heal|p1a: Milotic|48/100 brn|[from] item: Leftovers\n|-damage|p1a: Milotic|42/100 brn|[from] brn\n|upkeep\n|turn|5\n|\n|t:|1788317178\n|switch|p1b: Incineroar|Incineroar, L50, F|60/100\n|-ability|p1b: Incineroar|Intimidate|boost\n|-unboost|p2a: Charizard|atk|1\n|-unboost|p2b: Whimsicott|atk|1\n|move|p2b: Whimsicott|Encore|p1a: Milotic|[miss]\n|-miss|p2b: Whimsicott|p1a: Milotic\n|move|p2a: Charizard|Heat Wave|p1b: Incineroar|[spread] p1a,p1b\n|-resisted|p1a: Milotic|1\n|-resisted|p1b: Incineroar|1\n|-damage|p1a: Milotic|27/100 brn\n|-damage|p1b: Incineroar|44/100\n|move|p1a: Milotic|Hypnosis|p2a: Charizard\n|-status|p2a: Charizard|slp|[from] move: Hypnosis\n|\n|-weather|none\n|-heal|p1a: Milotic|33/100 brn|[from] item: Leftovers\n|-damage|p1a: Milotic|27/100 brn|[from] brn\n|upkeep\n|turn|6\n|\n|t:|1788317195\n|switch|p2a: Basculegion|Basculegion, L50, M|100/100\n|move|p2b: Whimsicott|Protect|p2b: Whimsicott\n|-singleturn|p2b: Whimsicott|Protect\n|move|p1a: Milotic|Muddy Water|p2b: Whimsicott|[spread] p2a\n|-activate|p2b: Whimsicott|move: Protect\n|-resisted|p2a: Basculegion|1\n|-damage|p2a: Basculegion|88/100\n|move|p1b: Incineroar|Flare Blitz|p2b: Whimsicott\n|-activate|p2b: Whimsicott|move: Protect\n|\n|-heal|p1a: Milotic|33/100 brn|[from] item: Leftovers\n|-damage|p1a: Milotic|27/100 brn|[from] brn\n|upkeep\n|turn|7\n|\n|t:|1788317207\n|switch|p1b: Sinistcha|Sinistcha, L50|100/100\n|-heal|p1a: Milotic|52/100 brn|[from] ability: Hospitality|[of] p1b: Sinistcha\n|move|p1a: Milotic|Protect|p1a: Milotic\n|-singleturn|p1a: Milotic|Protect\n|move|p2b: Whimsicott|Moonblast|p1a: Milotic\n|-activate|p1a: Milotic|move: Protect\n|move|p2a: Basculegion|Wave Crash|p1b: Sinistcha\n|-resisted|p1b: Sinistcha|1\n|-damage|p1b: Sinistcha|57/100\n|-damage|p2a: Basculegion|75/100|[from] Recoil\n|-damage|p2a: Basculegion|65/100|[from] item: Life Orb\n|\n|-heal|p1a: Milotic|58/100 brn|[from] item: Leftovers\n|-damage|p1a: Milotic|52/100 brn|[from] brn\n|upkeep\n|turn|8\n|\n|t:|1788317228\n|switch|p2b: Charizard|Charizard-Mega-Y, L50, M|68/100 slp\n|-weather|SunnyDay|[from] ability: Drought|[of] p2b: Charizard\n|switch|p2a: Kingambit|Kingambit, L50, F|100/100\n|move|p1a: Milotic|Muddy Water|p2a: Kingambit|[spread] p2a,p2b\n|-supereffective|p2b: Charizard|1\n|-damage|p2a: Kingambit|89/100\n|-damage|p2b: Charizard|47/100 slp\n|-unboost|p2a: Kingambit|accuracy|1\n|-ability|p2a: Kingambit|Defiant|boost\n|-boost|p2a: Kingambit|atk|2\n|move|p1b: Sinistcha|Matcha Gotcha|p2b: Charizard|[spread] p2a,p2b\n|-resisted|p2a: Kingambit|1\n|-resisted|p2b: Charizard|2\n|-damage|p2a: Kingambit|79/100\n|-heal|p1b: Sinistcha|63/100|[from] drain|[of] p2a: Kingambit\n|-damage|p2b: Charizard|42/100 slp\n|-heal|p1b: Sinistcha|66/100|[from] drain|[of] p2b: Charizard\n|\n|-weather|SunnyDay|[upkeep]\n|-heal|p1a: Milotic|58/100 brn|[from] item: Leftovers\n|-damage|p1a: Milotic|52/100 brn|[from] brn\n|upkeep\n|turn|9\n|\n|t:|1788317253\n|switch|p1b: Delphox|Delphox, L50, M|100/100\n|cant|p2b: Charizard|slp\n|move|p1a: Milotic|Hypnosis|p2a: Kingambit\n|-status|p2a: Kingambit|slp|[from] move: Hypnosis\n|cant|p2a: Kingambit|slp\n|\n|-weather|SunnyDay|[upkeep]\n|-heal|p1a: Milotic|58/100 brn|[from] item: Leftovers\n|-damage|p1a: Milotic|52/100 brn|[from] brn\n|upkeep\n|turn|10\n|\n|t:|1788317267\n|detailschange|p1b: Delphox|Delphox-Mega, L50, M\n|-mega|p1b: Delphox|Delphox|Delphoxite\n|cant|p2a: Kingambit|slp\n|move|p1b: Delphox|Heat Wave|p2b: Charizard|[spread] p2a,p2b\n|-supereffective|p2a: Kingambit|1\n|-enditem|p2a: Kingambit|Occa Berry|[eat]\n|-enditem|p2a: Kingambit|Occa Berry|[weaken]\n|-resisted|p2b: Charizard|1\n|-damage|p2a: Kingambit|28/100 slp\n|-damage|p2b: Charizard|15/100 slp\n|cant|p2b: Charizard|slp\n|move|p1a: Milotic|Muddy Water|p2a: Kingambit|[spread] p2a,p2b\n|-supereffective|p2b: Charizard|1\n|-damage|p2a: Kingambit|18/100 slp\n|-damage|p2b: Charizard|0 fnt\n|faint|p2b: Charizard\n|\n|-weather|SunnyDay|[upkeep]\n|-heal|p1a: Milotic|58/100 brn|[from] item: Leftovers\n|-damage|p1a: Milotic|52/100 brn|[from] brn\n|upkeep\n|\n|t:|1788317279\n|switch|p2b: Basculegion|Basculegion, L50, M|65/100\n|turn|11\n|\n|t:|1788317288\n|switch|p1b: Sinistcha|Sinistcha, L50|66/100\n|-heal|p1a: Milotic|77/100 brn|[from] ability: Hospitality|[of] p1b: Sinistcha\n|-curestatus|p2a: Kingambit|slp|[msg]\n|move|p2a: Kingambit|Sucker Punch||[still]\n|-fail|p2a: Kingambit\n|move|p2b: Basculegion|Last Respects|p1a: Milotic\n|-damage|p1a: Milotic|27/100 brn\n|-damage|p2b: Basculegion|55/100|[from] item: Life Orb\n|move|p1a: Milotic|Muddy Water|p2a: Kingambit|[spread] p2a,p2b\n|-resisted|p2b: Basculegion|1\n|-damage|p2a: Kingambit|8/100\n|-damage|p2b: Basculegion|49/100\n|\n|-weather|SunnyDay|[upkeep]\n|-heal|p1a: Milotic|33/100 brn|[from] item: Leftovers\n|-damage|p1a: Milotic|27/100 brn|[from] brn\n|upkeep\n|turn|12\n|inactive|teyvgc has 30 seconds left.\n|\n|t:|1788317315\n|move|p1b: Sinistcha|Rage Powder|p1b: Sinistcha\n|-singleturn|p1b: Sinistcha|move: Rage Powder\n|move|p2b: Basculegion|Last Respects|p1b: Sinistcha\n|-supereffective|p1b: Sinistcha|1\n|-enditem|p1b: Sinistcha|Kasib Berry|[eat]\n|-enditem|p1b: Sinistcha|Kasib Berry|[weaken]\n|-damage|p1b: Sinistcha|0 fnt\n|faint|p1b: Sinistcha\n|-damage|p2b: Basculegion|40/100|[from] item: Life Orb\n|move|p1a: Milotic|Muddy Water|p2a: Kingambit|[spread] p2a,p2b\n|-resisted|p2b: Basculegion|1\n|-damage|p2a: Kingambit|0 fnt\n|-damage|p2b: Basculegion|34/100\n|faint|p2a: Kingambit\n|\n|-weather|none\n|-heal|p1a: Milotic|33/100 brn|[from] item: Leftovers\n|-damage|p1a: Milotic|27/100 brn|[from] brn\n|upkeep\n|\n|t:|1788317330\n|switch|p1b: Delphox|Delphox-Mega, L50, M|100/100\n|switch|p2a: Whimsicott|Whimsicott, L50, F, shiny|76/100\n|turn|13\n|\n|t:|1788317345\n|move|p1b: Delphox|Protect|p1b: Delphox\n|-singleturn|p1b: Delphox|Protect\n|move|p2a: Whimsicott|Tailwind|p2a: Whimsicott\n|-sidestart|p2: LaDdeDavo|move: Tailwind\n|move|p2b: Basculegion|Wave Crash|p1b: Delphox\n|-activate|p1b: Delphox|move: Protect\n|move|p1a: Milotic|Hypnosis|p2b: Basculegion\n|-status|p2b: Basculegion|slp|[from] move: Hypnosis\n|\n|-heal|p1a: Milotic|33/100 brn|[from] item: Leftovers\n|-damage|p1a: Milotic|27/100 brn|[from] brn\n|upkeep\n|turn|14\n|\n|t:|1788317356\n|move|p2a: Whimsicott|Moonblast|p1a: Milotic\n|-damage|p1a: Milotic|2/100 brn\n|cant|p2b: Basculegion|slp\n|move|p1b: Delphox|Heat Wave|p2a: Whimsicott|[spread] p2a,p2b\n|-supereffective|p2a: Whimsicott|1\n|-resisted|p2b: Basculegion|1\n|-damage|p2a: Whimsicott|0 fnt\n|-damage|p2b: Basculegion|12/100 slp\n|faint|p2a: Whimsicott\n|move|p1a: Milotic|Muddy Water|p2b: Basculegion\n|-resisted|p2b: Basculegion|1\n|-damage|p2b: Basculegion|0 fnt\n|faint|p2b: Basculegion\n|\n|win|teyvgc\n","uploadtime":1788317356,"views":"0","formatid":"gen9championsvgc2026regmbbo3","rating":null,"private":0,"password":null}