{"id":"gen9championsvgc2026regmbbo3-2675029667","format":"[Gen 9 Champions] VGC 2026 Reg M-B (Bo3)","players":["okkia3","alienextra421"],"log":"|j|☆okkia3\n|j|☆alienextra421\n|html|<table width=\"100%\"><tr><td align=\"left\">okkia3</td><td align=\"right\">alienextra421</tr><tr><td align=\"left\"><i class=\"fa fa-circle\"></i> <i class=\"fa fa-circle-o\"></i> </td><td align=\"right\"><i class=\"fa fa-circle-o\"></i> <i class=\"fa fa-circle-o\"></i> </tr></table>\n|uhtml|bestof|<h2><strong>Game 2</strong> of <a href=\"/game-bestof3-gen9championsvgc2026regmbbo3-2675028463\">a best-of-3</a></h2>\n|t:|1788450622\n|gametype|doubles\n|player|p1|okkia3|102|1084\n|player|p2|alienextra421|depotagent|1061\n|gen|9\n|tier|[Gen 9 Champions] VGC 2026 Reg M-B (Bo3)\n|rated|\n|rule|Species Clause: Limit one of each Pokémon\n|rule|Item Clause: Limit 1 of each item\n|clearpoke\n|poke|p1|Charizard, L50, F|\n|poke|p1|Whimsicott, L50, M|\n|poke|p1|Basculegion, L50, M|\n|poke|p1|Farigiraf, L50, M|\n|poke|p1|Kangaskhan, L50, F|\n|poke|p1|Sneasler, L50, F|\n|poke|p2|Falinks, L50|\n|poke|p2|Dragalge, L50, M|\n|poke|p2|Spiritomb, L50, F|\n|poke|p2|Dedenne, L50, F|\n|poke|p2|Salazzle, L50, F|\n|poke|p2|Tsareena, L50, F|\n|teampreview|4\n|showteam|p1|Charizard||CharizarditeY|SolarPower|WeatherBall,HeatWave,SolarBeam,Protect|Timid||F|||50|]Whimsicott||FocusSash|Prankster|Moonblast,Tailwind,SunnyDay,Encore|Timid||M|||50|]Basculegion||ChoiceScarf|Adaptability|WaveCrash,AquaJet,LastRespects,FlipTurn|Adamant||M|||50|]Farigiraf||SitrusBerry|ArmorTail|Psychic,HyperVoice,HelpingHand,TrickRoom|Modest||M|||50|]Kangaskhan||Kangaskhanite|Scrappy|FakeOut,DoubleEdge,DrainPunch,SuckerPunch|Adamant||F|||50|]Sneasler||WhiteHerb|Unburden|FakeOut,CloseCombat,DireClaw,RockTomb|Adamant||F|||50|\n|showteam|p2|Falinks||Falinksite|Defiant|NoRetreat,CloseCombat,KnockOff,RockSlide|Adamant|||||50|]Dragalge||Dragalgite|Adaptability|FlipTurn,DracoMeteor,SludgeBomb,Protect|Modest||M|||50|]Spiritomb||RoseliBerry|Infiltrator|WillOWisp,Snarl,Taunt,FoulPlay|Calm||F|||50|]Dedenne||SitrusBerry|CheekPouch|Nuzzle,HelpingHand,Protect,Electroweb|Bold||F|||50|]Salazzle||FocusSash|Corrosion|FakeOut,SludgeBomb,HeatWave,Protect|Hasty||F|||50|]Tsareena||WideLens|QueenlyMajesty|TripleAxel,HighJumpKick,PowerWhip,Protect|Adamant||F|||50|\n|inactive|Battle timer is ON: inactive players will automatically lose when time's up. (requested by okkia3)\n|\n|t:|1788450636\n|teamsize|p1|4\n|teamsize|p2|4\n|start\n|switch|p1a: Whimsicott|Whimsicott, L50, M|100/100\n|switch|p1b: Basculegion|Basculegion, L50, M|100/100\n|switch|p2a: Falinks|Falinks, L50|100/100\n|switch|p2b: Spiritomb|Spiritomb, L50, F|100/100\n|turn|1\n|\n|t:|1788450648\n|switch|p2a: Dedenne|Dedenne, L50, F|100/100\n|move|p1b: Basculegion|Wave Crash|p2b: Spiritomb\n|-damage|p2b: Spiritomb|15/100\n|-damage|p1b: Basculegion|77/100|[from] Recoil\n|move|p1a: Whimsicott|Moonblast|p2a: Dedenne\n|-damage|p2a: Dedenne|60/100\n|move|p2b: Spiritomb|Will-O-Wisp|p1b: Basculegion|[miss]\n|-miss|p2b: Spiritomb|p1b: Basculegion\n|\n|upkeep\n|turn|2\n|\n|t:|1788450657\n|move|p1b: Basculegion|Wave Crash|p2b: Spiritomb\n|-damage|p2b: Spiritomb|0 fnt\n|faint|p2b: Spiritomb\n|-damage|p1b: Basculegion|73/100|[from] Recoil\n|move|p1a: Whimsicott|Moonblast|p2a: Dedenne\n|-damage|p2a: Dedenne|23/100\n|-unboost|p2a: Dedenne|spa|1\n|-enditem|p2a: Dedenne|Sitrus Berry|[eat]\n|-heal|p2a: Dedenne|47/100|[from] item: Sitrus Berry\n|-heal|p2a: Dedenne|81/100|[from] ability: Cheek Pouch\n|move|p2a: Dedenne|Electroweb|p1a: Whimsicott|[spread] p1a,p1b\n|-resisted|p1a: Whimsicott|1\n|-supereffective|p1b: Basculegion|1\n|-damage|p1a: Whimsicott|93/100\n|-damage|p1b: Basculegion|53/100\n|-unboost|p1a: Whimsicott|spe|1\n|-unboost|p1b: Basculegion|spe|1\n|\n|upkeep\n|\n|t:|1788450659\n|switch|p2b: Falinks|Falinks, L50|100/100\n|turn|3\n|\n|t:|1788450667\n|detailschange|p2b: Falinks|Falinks-Mega, L50\n|-mega|p2b: Falinks|Falinks|Falinksite\n|move|p1a: Whimsicott|Sunny Day|p1a: Whimsicott\n|-weather|SunnyDay\n|move|p2b: Falinks|No Retreat|p2b: Falinks\n|-boost|p2b: Falinks|atk|1\n|-boost|p2b: Falinks|def|1\n|-boost|p2b: Falinks|spa|1\n|-boost|p2b: Falinks|spd|1\n|-boost|p2b: Falinks|spe|1\n|-start|p2b: Falinks|move: No Retreat\n|move|p1b: Basculegion|Wave Crash|p2a: Dedenne\n|-damage|p2a: Dedenne|28/100\n|-damage|p1b: Basculegion|38/100|[from] Recoil\n|move|p2a: Dedenne|Nuzzle|p1b: Basculegion\n|-supereffective|p1b: Basculegion|1\n|-damage|p1b: Basculegion|26/100\n|-status|p1b: Basculegion|par\n|\n|-weather|SunnyDay|[upkeep]\n|upkeep\n|turn|4\n|inactive|alienextra421 has 30 seconds left.\n|inactive|alienextra421 has 20 seconds left.\n|\n|t:|1788450705\n|switch|p1b: Farigiraf|Farigiraf, L50, M|100/100\n|move|p2b: Falinks|Rock Slide|p1b: Farigiraf|[spread] p1b\n|-miss|p2b: Falinks|p1a: Whimsicott\n|-damage|p1b: Farigiraf|68/100\n|move|p1a: Whimsicott|Moonblast|p2a: Dedenne\n|-damage|p2a: Dedenne|0 fnt\n|faint|p2a: Dedenne\n|\n|-weather|SunnyDay|[upkeep]\n|upkeep\n|\n|t:|1788450713\n|switch|p2a: Tsareena|Tsareena, L50, F|100/100\n|turn|5\n|\n|t:|1788450718\n|move|p2b: Falinks|Knock Off|p1b: Farigiraf\n|-supereffective|p1b: Farigiraf|1\n|-damage|p1b: Farigiraf|0 fnt\n|-enditem|p1b: Farigiraf|Sitrus Berry|[from] move: Knock Off|[of] p2b: Falinks\n|faint|p1b: Farigiraf\n|move|p1a: Whimsicott|Moonblast|p2b: Falinks\n|-supereffective|p2b: Falinks|1\n|-damage|p2b: Falinks|7/100\n|move|p2a: Tsareena|Triple Axel|p1a: Whimsicott\n|-supereffective|p1a: Whimsicott|1\n|-damage|p1a: Whimsicott|71/100\n|-supereffective|p1a: Whimsicott|1\n|-damage|p1a: Whimsicott|23/100\n|-supereffective|p1a: Whimsicott|1\n|-crit|p1a: Whimsicott\n|-damage|p1a: Whimsicott|0 fnt\n|faint|p1a: Whimsicott\n|-hitcount|p1: Whimsicott|3\n|\n|-weather|SunnyDay|[upkeep]\n|upkeep\n|\n|t:|1788450718\n|switch|p1a: Basculegion|Basculegion, L50, M|26/100 par\n|switch|p1b: Charizard|Charizard, L50, F|100/100\n|turn|6\n|\n|t:|1788450739\n|detailschange|p1b: Charizard|Charizard-Mega-Y, L50, F\n|-mega|p1b: Charizard|Charizard|Charizardite Y\n|move|p2b: Falinks|Rock Slide|p1a: Basculegion|[spread] p1a,p1b\n|-supereffective|p1b: Charizard|2\n|-damage|p1a: Basculegion|0 fnt\n|-damage|p1b: Charizard|0 fnt\n|faint|p1a: Basculegion\n|faint|p1b: Charizard\n|\n|win|alienextra421\n","uploadtime":1788450739,"views":"3","formatid":"gen9championsvgc2026regmbbo3","rating":null,"private":0,"password":null}