{"id":"gen9championsvgc2026regmbbo3-2674556806","format":"[Gen 9 Champions] VGC 2026 Reg M-B (Bo3)","players":["looger02","agglo"],"log":"|j|☆looger02\n|j|☆agglo\n|html|<table width=\"100%\"><tr><td align=\"left\">looger02</td><td align=\"right\">agglo</tr><tr><td align=\"left\"><i class=\"fa fa-circle-o\"></i> <i class=\"fa fa-circle-o\"></i> </td><td align=\"right\"><i class=\"fa fa-circle-o\"></i> <i class=\"fa fa-circle-o\"></i> </tr></table>\n|uhtml|bestof|<h2><strong>Game 1</strong> of <a href=\"/game-bestof3-gen9championsvgc2026regmbbo3-2674556805\">a best-of-3</a></h2>\n|t:|1788373618\n|gametype|doubles\n|player|p1|looger02|gardenia|1126\n|player|p2|agglo|2|1040\n|gen|9\n|tier|[Gen 9 Champions] VGC 2026 Reg M-B (Bo3)\n|rated|\n|rule|Species Clause: Limit one of each Pokémon\n|rule|Item Clause: Limit 1 of each item\n|clearpoke\n|poke|p1|Gyarados, L50, M, shiny|\n|poke|p1|Sinistcha, L50|\n|poke|p1|Weavile, L50, F|\n|poke|p1|Toxapex, L50, M, shiny|\n|poke|p1|Metagross, L50, shiny|\n|poke|p1|Kommo-o, L50, F, shiny|\n|poke|p2|Blastoise, L50, F|\n|poke|p2|Sinistcha, L50|\n|poke|p2|Delphox, L50, F|\n|poke|p2|Grimmsnarl, L50, M|\n|poke|p2|Sneasler, L50, F|\n|poke|p2|Arcanine-Hisui, L50, M|\n|teampreview|4\n|showteam|p1|Gyarados||Gyaradosite|Intimidate|Waterfall,LashOut,DragonDance,Protect|Adamant||M|||50|]Sinistcha||SitrusBerry|Hospitality|MatchaGotcha,RagePowder,StrengthSap,Protect|Calm|||||50|]Weavile||FocusSash|Pickpocket|FakeOut,KnockOff,TripleAxel,Protect|Jolly||F|||50|]Toxapex||Leftovers|Regenerator|Infestation,Toxic,BanefulBunker,WideGuard|Bold||M|||50|]Metagross||Metagrossite|ClearBody|PsychicFangs,BodyPress,BulletPunch,Protect|Jolly|||||50|]Kommo-o||HabanBerry|Bulletproof|AuraSphere,ClangingScales,VacuumWave,Protect|Modest||F|||50|\n|showteam|p2|Blastoise||Blastoisinite|Torrent|Protect,ShellSmash,WaterSpout,DarkPulse|Modest||F|||50|]Sinistcha||ColburBerry|Hospitality|MatchaGotcha,TrickRoom,Protect,RagePowder|Bold|||||50|]Delphox||Delphoxite|Magician|HeatWave,Psychic,NastyPlot,Protect|Timid||F|||50|]Grimmsnarl||LightClay|Prankster|FakeOut,SpiritBreak,Reflect,LightScreen|Careful||M|||50|]Sneasler||WhiteHerb|Unburden|DireClaw,Protect,CloseCombat,FakeOut|Adamant||F|||50|]Arcanine-Hisui||FocusSash|Intimidate|ExtremeSpeed,Protect,TemperFlare,RockSlide|Jolly||M|||50|\n|inactive|Battle timer is ON: inactive players will automatically lose when time's up. (requested by looger02)\n|inactive|looger02 has 60 seconds left.\n|inactive|agglo has 60 seconds left.\n|inactive|looger02 has 30 seconds left.\n|inactive|agglo has 30 seconds left.\n|inactive|agglo has 20 seconds left.\n|inactive|agglo has 15 seconds left.\n|inactive|agglo has 10 seconds left.\n|inactive|agglo has 5 seconds left.\n|\n|t:|1788373706\n|teamsize|p1|4\n|teamsize|p2|4\n|start\n|switch|p1a: Weavile|Weavile, L50, F|100/100\n|switch|p1b: Toxapex|Toxapex, L50, M, shiny|100/100\n|switch|p2a: Grimmsnarl|Grimmsnarl, L50, M|100/100\n|switch|p2b: Delphox|Delphox, L50, F|100/100\n|turn|1\n|inactive|looger02 has 30 seconds left.\n|\n|t:|1788373737\n|switch|p2a: Sneasler|Sneasler, L50, F|100/100\n|detailschange|p2b: Delphox|Delphox-Mega, L50, F\n|-mega|p2b: Delphox|Delphox|Delphoxite\n|move|p2b: Delphox|Protect|p2b: Delphox\n|-singleturn|p2b: Delphox|Protect\n|move|p1a: Weavile|Protect|p1a: Weavile\n|-singleturn|p1a: Weavile|Protect\n|move|p1b: Toxapex|Toxic|p2a: Sneasler\n|-immune|p2a: Sneasler\n|\n|upkeep\n|turn|2\n|inactive|looger02 has 30 seconds left.\n|inactive|agglo has 30 seconds left.\n|\n|t:|1788373765\n|switch|p1a: Gyarados|Gyarados, L50, M, shiny|100/100\n|-ability|p1a: Gyarados|Intimidate|boost\n|-unboost|p2a: Sneasler|atk|1\n|-unboost|p2b: Delphox|atk|1\n|-enditem|p2a: Sneasler|White Herb\n|-clearnegativeboost|p2a: Sneasler|[silent]\n|move|p2a: Sneasler|Fake Out|p1a: Gyarados\n|-damage|p1a: Gyarados|83/100\n|move|p2b: Delphox|Nasty Plot|p2b: Delphox\n|-boost|p2b: Delphox|spa|2\n|move|p1b: Toxapex|Infestation|p2b: Delphox\n|-damage|p2b: Delphox|96/100\n|-activate|p2b: Delphox|move: Infestation|[of] p1b: Toxapex\n|\n|-damage|p2b: Delphox|84/100|[from] move: Infestation|[partiallytrapped]\n|upkeep\n|turn|3\n|inactive|agglo has 30 seconds left.\n|inactive|looger02 has 30 seconds left.\n|inactive|looger02 has 20 seconds left.\n|\n|t:|1788373805\n|move|p1a: Gyarados|Protect|p1a: Gyarados\n|-singleturn|p1a: Gyarados|Protect\n|move|p2a: Sneasler|Close Combat|p1a: Gyarados\n|-activate|p1a: Gyarados|move: Protect\n|move|p2b: Delphox|Psychic|p1b: Toxapex\n|-supereffective|p1b: Toxapex|1\n|-damage|p1b: Toxapex|0 fnt\n|faint|p1b: Toxapex\n|\n|-end|p2b: Delphox|Infestation|[partiallytrapped]|[silent]\n|upkeep\n|\n|t:|1788373815\n|switch|p1b: Weavile|Weavile, L50, F|100/100\n|turn|4\n|\n|t:|1788373831\n|switch|p2a: Grimmsnarl|Grimmsnarl, L50, M|100/100\n|detailschange|p1a: Gyarados|Gyarados-Mega, L50, M, shiny\n|-mega|p1a: Gyarados|Gyarados|Gyaradosite\n|-ability|p1a: Gyarados|Mold Breaker\n|move|p2b: Delphox|Protect|p2b: Delphox\n|-singleturn|p2b: Delphox|Protect\n|move|p1b: Weavile|Triple Axel|p2a: Grimmsnarl\n|-damage|p2a: Grimmsnarl|89/100\n|-damage|p2a: Grimmsnarl|69/100\n|-crit|p2a: Grimmsnarl\n|-damage|p2a: Grimmsnarl|24/100\n|-hitcount|p2a: Grimmsnarl|3\n|move|p1a: Gyarados|Dragon Dance|p1a: Gyarados\n|-boost|p1a: Gyarados|atk|1\n|-boost|p1a: Gyarados|spe|1\n|\n|upkeep\n|turn|5\n|inactive|looger02 has 30 seconds left.\n|inactive|agglo has 30 seconds left.\n|inactive|agglo has 20 seconds left.\n|inactive|agglo has 15 seconds left.\n|inactive|agglo has 10 seconds left.\n|inactive|agglo has 5 seconds left.\n|\n|t:|1788373882\n|move|p2a: Grimmsnarl|Fake Out|p1a: Gyarados\n|-damage|p1a: Gyarados|74/100\n|move|p2b: Delphox|Heat Wave|p1b: Weavile|[spread] p1a\n|-miss|p2b: Delphox|p1b: Weavile\n|-resisted|p1a: Gyarados|1\n|-damage|p1a: Gyarados|43/100\n|cant|p1a: Gyarados|flinch\n|move|p1b: Weavile|Knock Off|p2b: Delphox\n|-supereffective|p2b: Delphox|1\n|-damage|p2b: Delphox|0 fnt\n|faint|p2b: Delphox\n|\n|upkeep\n|\n|t:|1788373898\n|switch|p2b: Sneasler|Sneasler, L50, F|100/100\n|turn|6\n|\n|t:|1788373920\n|switch|p1b: Sinistcha|Sinistcha, L50|100/100\n|-heal|p1a: Gyarados|68/100|[from] ability: Hospitality|[of] p1b: Sinistcha\n|move|p1a: Gyarados|Protect|p1a: Gyarados\n|-singleturn|p1a: Gyarados|Protect\n|move|p2b: Sneasler|Fake Out|p1b: Sinistcha\n|-immune|p1b: Sinistcha\n|move|p2a: Grimmsnarl|Reflect|p2a: Grimmsnarl\n|-sidestart|p2: agglo|Reflect\n|\n|upkeep\n|turn|7\n|inactive|looger02 has 30 seconds left.\n|inactive|looger02 has 20 seconds left.\n|\n|t:|1788373960\n|switch|p2b: Sinistcha|Sinistcha, L50|100/100\n|-heal|p2a: Grimmsnarl|49/100|[from] ability: Hospitality|[of] p2b: Sinistcha\n|move|p1a: Gyarados|Waterfall|p2b: Sinistcha\n|-resisted|p2b: Sinistcha|1\n|-damage|p2b: Sinistcha|82/100\n|move|p1b: Sinistcha|Matcha Gotcha|p2b: Sinistcha|[spread] p2a,p2b\n|-resisted|p2b: Sinistcha|1\n|-damage|p2a: Grimmsnarl|27/100\n|-damage|p2b: Sinistcha|70/100\n|-status|p2a: Grimmsnarl|brn\n|move|p2a: Grimmsnarl|Spirit Break|p1a: Gyarados\n|-supereffective|p1a: Gyarados|1\n|-damage|p1a: Gyarados|40/100\n|-unboost|p1a: Gyarados|spa|1\n|\n|-damage|p2a: Grimmsnarl|21/100 brn|[from] brn\n|upkeep\n|turn|8\n|inactive|looger02 has 30 seconds left.\n|inactive|agglo has 30 seconds left.\n|\n|t:|1788373989\n|switch|p1b: Weavile|Weavile, L50, F|100/100\n|switch|p2a: Sneasler|Sneasler, L50, F|100/100\n|move|p2b: Sinistcha|Protect|p2b: Sinistcha\n|-singleturn|p2b: Sinistcha|Protect\n|move|p1a: Gyarados|Lash Out|p2b: Sinistcha\n|-activate|p2b: Sinistcha|move: Protect\n|\n|upkeep\n|turn|9\n|\n|t:|1788374012\n|move|p1b: Weavile|Fake Out|p2a: Sneasler\n|-damage|p2a: Sneasler|89/100\n|cant|p2a: Sneasler|flinch\n|move|p1a: Gyarados|Lash Out|p2b: Sinistcha\n|-supereffective|p2b: Sinistcha|1\n|-enditem|p2b: Sinistcha|Colbur Berry|[eat]\n|-enditem|p2b: Sinistcha|Colbur Berry|[weaken]\n|-damage|p2b: Sinistcha|32/100\n|move|p2b: Sinistcha|Matcha Gotcha|p1a: Gyarados|[spread] p1a,p1b\n|-supereffective|p1a: Gyarados|1\n|-damage|p1a: Gyarados|7/100\n|-heal|p2b: Sinistcha|49/100|[from] drain|[of] p1a: Gyarados\n|-damage|p1b: Weavile|64/100\n|-heal|p2b: Sinistcha|64/100|[from] drain|[of] p1b: Weavile\n|\n|upkeep\n|turn|10\n|inactive|agglo has 30 seconds left.\n|inactive|agglo has 20 seconds left.\n|inactive|agglo has 15 seconds left.\n|inactive|agglo has 10 seconds left.\n|inactive|agglo has 5 seconds left.\n|\n|t:|1788374062\n|move|p1a: Gyarados|Waterfall|p2a: Sneasler\n|-damage|p2a: Sneasler|32/100\n|move|p1b: Weavile|Knock Off|p2b: Sinistcha\n|-supereffective|p2b: Sinistcha|1\n|-damage|p2b: Sinistcha|30/100\n|move|p2a: Sneasler|Close Combat|p1b: Weavile\n|-supereffective|p1b: Weavile|2\n|-damage|p1b: Weavile|0 fnt\n|-unboost|p2a: Sneasler|def|1\n|-unboost|p2a: Sneasler|spd|1\n|faint|p1b: Weavile\n|move|p2b: Sinistcha|Trick Room|p2b: Sinistcha\n|-fieldstart|move: Trick Room|[of] p2b: Sinistcha\n|\n|upkeep\n|\n|t:|1788374074\n|switch|p1b: Sinistcha|Sinistcha, L50|100/100\n|-heal|p1a: Gyarados|32/100|[from] ability: Hospitality|[of] p1b: Sinistcha\n|turn|11\n|inactive|looger02 has 30 seconds left.\n|inactive|agglo has 30 seconds left.\n|\n|t:|1788374112\n|move|p1b: Sinistcha|Protect|p1b: Sinistcha\n|-singleturn|p1b: Sinistcha|Protect\n|move|p1a: Gyarados|Protect|p1a: Gyarados\n|-singleturn|p1a: Gyarados|Protect\n|move|p2b: Sinistcha|Matcha Gotcha|p1b: Sinistcha|[spread] \n|-activate|p1a: Gyarados|move: Protect\n|-activate|p1b: Sinistcha|move: Protect\n|move|p2a: Sneasler|Dire Claw|p1b: Sinistcha\n|-activate|p1b: Sinistcha|move: Protect\n|\n|upkeep\n|turn|12\n|\n|t:|1788374129\n|move|p1b: Sinistcha|Rage Powder|p1b: Sinistcha\n|-singleturn|p1b: Sinistcha|move: Rage Powder\n|move|p2b: Sinistcha|Matcha Gotcha|p1b: Sinistcha|[spread] p1a,p1b\n|-supereffective|p1a: Gyarados|1\n|-resisted|p1b: Sinistcha|1\n|-damage|p1a: Gyarados|0 fnt\n|-heal|p2b: Sinistcha|47/100|[from] drain|[of] p1a: Gyarados\n|-damage|p1b: Sinistcha|90/100\n|-heal|p2b: Sinistcha|52/100|[from] drain|[of] p1b: Sinistcha\n|faint|p1a: Gyarados\n|move|p2a: Sneasler|Dire Claw|p1b: Sinistcha\n|-damage|p1b: Sinistcha|49/100\n|-status|p1b: Sinistcha|psn\n|-enditem|p1b: Sinistcha|Sitrus Berry|[eat]\n|-heal|p1b: Sinistcha|74/100 psn|[from] item: Sitrus Berry\n|\n|-damage|p1b: Sinistcha|61/100 psn|[from] psn\n|upkeep\n|turn|13\n|-message|looger02 forfeited.\n|\n|win|agglo\n||looger02 is ready for game 2.\n","uploadtime":1788374148,"views":"0","formatid":"gen9championsvgc2026regmbbo3","rating":null,"private":0,"password":null}