{"id":"gen9championsvgc2026regmb-2674910712","format":"[Gen 9 Champions] VGC 2026 Reg M-B","players":["Thornlace48812","Raider3323"],"log":"|j|☆Thornlace48812\n|j|☆Raider3323\n|t:|1788434358\n|gametype|doubles\n|player|p1|Thornlace48812|102|1237\n|player|p2|Raider3323|265|1310\n|gen|9\n|tier|[Gen 9 Champions] VGC 2026 Reg M-B\n|rated|\n|rule|Species Clause: Limit one of each Pokémon\n|rule|Item Clause: Limit 1 of each item\n|clearpoke\n|poke|p1|Garchomp, L50, M|\n|poke|p1|Charizard, L50, F|\n|poke|p1|Whimsicott, L50, F|\n|poke|p1|Sylveon, L50, F|\n|poke|p1|Kingambit, L50, F|\n|poke|p1|Basculegion, L50, M|\n|poke|p2|Metagross, L50, shiny|\n|poke|p2|Incineroar, L50, F, shiny|\n|poke|p2|Tsareena, L50, F|\n|poke|p2|Primarina, L50, F|\n|poke|p2|Annihilape, L50, F, shiny|\n|poke|p2|Dragonite, L50, F, shiny|\n|teampreview|4\n|inactive|Battle timer is ON: inactive players will automatically lose when time's up. (requested by Thornlace48812)\nThornlace48812 rejected open team sheets.\n|\n|t:|1788434380\n|teamsize|p1|4\n|teamsize|p2|4\n|start\n|switch|p1a: Basculegion|Basculegion, L50, M|100/100\n|switch|p1b: Charizard|Charizard, L50, F|100/100\n|switch|p2a: Lannister|Incineroar, L50, F, shiny|100/100\n|switch|p2b: Primarina|Primarina, L50, F|100/100\n|-ability|p2a: Lannister|Intimidate|boost\n|-unboost|p1a: Basculegion|atk|1\n|-unboost|p1b: Charizard|atk|1\n|turn|1\n|\n|t:|1788434384\n|switch|p1a: Whimsicott|Whimsicott, L50, F|100/100\n|detailschange|p1b: Charizard|Charizard-Mega-Y, L50, F\n|-mega|p1b: Charizard|Charizard|Charizardite Y\n|-weather|SunnyDay|[from] ability: Drought|[of] p1b: Charizard\n|move|p2a: Lannister|Fake Out|p1b: Charizard\n|-damage|p1b: Charizard|86/100\n|cant|p1b: Charizard|flinch\n|move|p2b: Primarina|Hyper Voice|p1a: Whimsicott|[spread] p1a,p1b\n|-resisted|p1a: Whimsicott|1\n|-supereffective|p1b: Charizard|1\n|-damage|p1a: Whimsicott|81/100\n|-damage|p1b: Charizard|43/100\n|\n|-weather|SunnyDay|[upkeep]\n|upkeep\n|turn|2\n|\n|t:|1788434388\n|move|p1a: Whimsicott|Tailwind|p1a: Whimsicott\n|-sidestart|p1: Thornlace48812|move: Tailwind\n|move|p1b: Charizard|Heat Wave|p2a: Lannister|[spread] p2b\n|-miss|p1b: Charizard|p2a: Lannister\n|-resisted|p2b: Primarina|1\n|-damage|p2b: Primarina|73/100\n|move|p2b: Primarina|Icy Wind|p1b: Charizard|[spread] p1a,p1b\n|-supereffective|p1a: Whimsicott|1\n|-damage|p1a: Whimsicott|27/100\n|-damage|p1b: Charizard|28/100\n|-unboost|p1a: Whimsicott|spe|1\n|-unboost|p1b: Charizard|spe|1\n|move|p2a: Lannister|Parting Shot|p1b: Charizard\n|-unboost|p1b: Charizard|atk|1\n|-unboost|p1b: Charizard|spa|1\n|\n|t:|1788434399\n|switch|p2a: Tsareena|Tsareena, L50, F|100/100|[from] Parting Shot\n|\n|-weather|SunnyDay|[upkeep]\n|upkeep\n|turn|3\n|\n|t:|1788434402\n|move|p2a: Tsareena|Protect|p2a: Tsareena\n|-singleturn|p2a: Tsareena|Protect\n|move|p1a: Whimsicott|Moonblast|p2a: Tsareena\n|-activate|p2a: Tsareena|move: Protect\n|move|p1b: Charizard|Heat Wave|p2b: Primarina|[spread] p2b\n|-activate|p2a: Tsareena|move: Protect\n|-resisted|p2b: Primarina|1\n|-damage|p2b: Primarina|54/100\n|move|p2b: Primarina|Icy Wind|p1a: Whimsicott|[spread] p1a,p1b\n|-supereffective|p1a: Whimsicott|1\n|-damage|p1a: Whimsicott|0 fnt\n|-damage|p1b: Charizard|13/100\n|-unboost|p1b: Charizard|spe|1\n|faint|p1a: Whimsicott\n|\n|-weather|SunnyDay|[upkeep]\n|upkeep\n|\n|t:|1788434403\n|switch|p1a: Kingambit|Kingambit, L50, F|100/100\n|-activate|p1a: Kingambit|ability: Supreme Overlord\n|-start|p1a: Kingambit|fallen1|[silent]\n|turn|4\n|\n|t:|1788434409\n|move|p1a: Kingambit|Low Kick|p2b: Primarina\n|-resisted|p2b: Primarina|1\n|-damage|p2b: Primarina|37/100\n|move|p1b: Charizard|Heat Wave|p2b: Primarina|[spread] p2a,p2b\n|-supereffective|p2a: Tsareena|1\n|-resisted|p2b: Primarina|1\n|-damage|p2a: Tsareena|11/100\n|-damage|p2b: Primarina|19/100\n|-enditem|p2a: Tsareena|Sitrus Berry|[eat]\n|-heal|p2a: Tsareena|36/100|[from] item: Sitrus Berry\n|move|p2a: Tsareena|Trop Kick|p1a: Kingambit\n|-resisted|p1a: Kingambit|1\n|-damage|p1a: Kingambit|79/100\n|-unboost|p1a: Kingambit|atk|1\n|move|p2b: Primarina|Hyper Voice|p1a: Kingambit|[spread] p1a,p1b\n|-supereffective|p1b: Charizard|1\n|-damage|p1a: Kingambit|55/100\n|-damage|p1b: Charizard|0 fnt\n|faint|p1b: Charizard\n|\n|-weather|SunnyDay|[upkeep]\n|upkeep\n|\n|t:|1788434409\n|switch|p1b: Basculegion|Basculegion, L50, M|100/100\n|turn|5\n|\n|t:|1788434424\n|switch|p2a: Lannister|Incineroar, L50, F, shiny|100/100\n|-ability|p2a: Lannister|Intimidate|boost\n|-unboost|p1a: Kingambit|atk|1\n|-unboost|p1b: Basculegion|atk|1\n|move|p1b: Basculegion|Last Respects|p2b: Primarina\n|-damage|p2b: Primarina|0 fnt\n|faint|p2b: Primarina\n|move|p1a: Kingambit|Kowtow Cleave|p2a: Lannister\n|-resisted|p2a: Lannister|1\n|-damage|p2a: Lannister|85/100\n|\n|-weather|none\n|-sideend|p1: Thornlace48812|move: Tailwind\n|upkeep\n|\n|t:|1788434442\n|switch|p2b: Tsareena|Tsareena, L50, F|36/100\n|turn|6\n|\n|t:|1788434445\n|move|p2a: Lannister|Fake Out|p1a: Kingambit\n|-resisted|p1a: Kingambit|1\n|-damage|p1a: Kingambit|50/100g\n|move|p1b: Basculegion|Last Respects|p2a: Lannister\n|-resisted|p2a: Lannister|1\n|-damage|p2a: Lannister|58/100\n|cant|p1a: Kingambit|flinch\n|move|p2b: Tsareena|Trop Kick|p1b: Basculegion\n|-supereffective|p1b: Basculegion|1\n|-damage|p1b: Basculegion|0 fnt\n|faint|p1b: Basculegion\n|\n|upkeep\n|turn|7\n|\n|t:|1788434458\n|move|p1a: Kingambit|Kowtow Cleave|p2b: Tsareena\n|-damage|p2b: Tsareena|5/100\n|move|p2b: Tsareena|Trop Kick|p1a: Kingambit\n|-resisted|p1a: Kingambit|1\n|-damage|p1a: Kingambit|31/100\n|-unboost|p1a: Kingambit|atk|1\n|move|p2a: Lannister|Flare Blitz|p1a: Kingambit\n|-supereffective|p1a: Kingambit|1\n|-damage|p1a: Kingambit|0 fnt\n|faint|p1a: Kingambit\n|-end|p1a: Kingambit|fallen1|[silent]\n|-damage|p2a: Lannister|49/100|[from] Recoil\n|\n|win|Raider3323\n|raw|Thornlace48812's rating: 1233 &rarr; <strong>1213</strong><br />(-20 for losing)\n|raw|Raider3323's rating: 1310 &rarr; <strong>1326</strong><br />(+16 for winning)\n","uploadtime":1788434458,"views":"4","formatid":"gen9championsvgc2026regmb","rating":1213,"private":0,"password":null}