{"id":"gen9championsvgc2026regmbbo3-2673647594","format":"[Gen 9 Champions] VGC 2026 Reg M-B (Bo3)","players":["ilyKuronaa","no_dupes"],"log":"|j|☆ilyKuronaa\n|j|☆no_dupes\n|html|<table width=\"100%\"><tr><td align=\"left\">ilyKuronaa</td><td align=\"right\">no_dupes</tr><tr><td align=\"left\"><i class=\"fa fa-circle-o\"></i> <i class=\"fa fa-circle-o\"></i> </td><td align=\"right\"><i class=\"fa fa-circle-o\"></i> <i class=\"fa fa-circle\"></i> </tr></table>\n|uhtml|bestof|<h2><strong>Game 2</strong> of <a href=\"/game-bestof3-gen9championsvgc2026regmbbo3-2673646517\">a best-of-3</a></h2>\n|t:|1788226728\n|gametype|doubles\n|player|p1|ilyKuronaa|170|1253\n|player|p2|no_dupes|brock-gen2|1147\n|gen|9\n|tier|[Gen 9 Champions] VGC 2026 Reg M-B (Bo3)\n|rated|\n|rule|Species Clause: Limit one of each Pokémon\n|rule|Item Clause: Limit 1 of each item\n|clearpoke\n|poke|p1|Floette-Eternal, L50, F|\n|poke|p1|Basculegion, L50, M|\n|poke|p1|Kingambit, L50, F|\n|poke|p1|Dragonite, L50, M|\n|poke|p1|Garchomp, L50, M|\n|poke|p1|Sneasler, L50, M|\n|poke|p2|Charizard, L50, F, shiny|\n|poke|p2|Pelipper, L50, F|\n|poke|p2|Archaludon, L50, M|\n|poke|p2|Venusaur, L50, F|\n|poke|p2|Swampert, L50, F|\n|poke|p2|Grimmsnarl, L50, M|\n|teampreview|4\n|showteam|p1|Floette-Eternal||Floettite|FlowerVeil|Moonblast,DazzlingGleam,LightofRuin,Protect|Timid||F|||50|]Basculegion||LifeOrb|Adaptability|WaveCrash,LastRespects,AquaJet,Protect|Adamant||M|||50|]Kingambit||ChopleBerry|Defiant|SuckerPunch,KowtowCleave,LowKick,IronHead|Adamant||F|||50|]Dragonite||Dragoninite|Multiscale|DragonPulse,HeatWave,ExtremeSpeed,Protect|Modest||M|||50|]Garchomp||ChoiceScarf|RoughSkin|DragonClaw,StompingTantrum,Earthquake,RockSlide|Jolly||M|||50|]Sneasler||FocusSash|Unburden|CloseCombat,DireClaw,FakeOut,Feint|Adamant||M|||50|\n|showteam|p2|Charizard||CharizarditeY|Blaze|Protect,HeatWave,WeatherBall,Hurricane|Modest||F|||50|]Pelipper||SitrusBerry|Drizzle|Hurricane,WeatherBall,Tailwind,WideGuard|Bold||F|||50|]Archaludon||Leftovers|Stamina|Protect,ElectroShot,DragonPulse,FlashCannon|Calm||M|||50|]Venusaur||FocusSash|Chlorophyll|Protect,SleepPowder,SludgeBomb,LeafStorm|Modest||F|||50|]Swampert||Swampertite|Torrent|Protect,WaveCrash,Earthquake,IcePunch|Adamant||F|||50|]Grimmsnarl||LightClay|Prankster|SpiritBreak,Reflect,LightScreen,PartingShot|Sassy||M|||50|\n|inactive|Battle timer is ON: inactive players will automatically lose when time's up. (requested by no_dupes)\n|\n|t:|1788226743\n|teamsize|p1|4\n|teamsize|p2|4\n|start\n|switch|p1a: Floette|Floette-Eternal, L50, F|100/100\n|switch|p1b: Sneasler|Sneasler, L50, M|100/100\n|switch|p2a: Swamp Ting|Swampert, L50, F|100/100\n|switch|p2b: GNARLY SHIRK|Grimmsnarl, L50, M|100/100\n|turn|1\n|\n|t:|1788226762\n|detailschange|p1a: Floette|Floette-Mega, L50, F\n|-mega|p1a: Floette|Floette|Floettite\n|-ability|p1a: Floette|Fairy Aura\n|move|p2a: Swamp Ting|Protect|p2a: Swamp Ting\n|-singleturn|p2a: Swamp Ting|Protect\n|move|p1b: Sneasler|Feint|p2a: Swamp Ting\n|-activate|p2a: Swamp Ting|move: Feint\n|-damage|p2a: Swamp Ting|88/100\n|move|p2b: GNARLY SHIRK|Light Screen|p2b: GNARLY SHIRK\n|-sidestart|p2: no_dupes|move: Light Screen\n|move|p1a: Floette|Light of Ruin|p2a: Swamp Ting\n|-damage|p2a: Swamp Ting|20/100y\n|-damage|p1a: Floette|52/100|[from] Recoil\n|\n|upkeep\n|turn|2\n|\n|t:|1788226787\n|move|p2a: Swamp Ting|Protect|p2a: Swamp Ting\n|-singleturn|p2a: Swamp Ting|Protect\n|move|p2b: GNARLY SHIRK|Reflect|p2b: GNARLY SHIRK\n|-sidestart|p2: no_dupes|Reflect\n|move|p1b: Sneasler|Close Combat|p2a: Swamp Ting\n|-activate|p2a: Swamp Ting|move: Protect\n|move|p1a: Floette|Dazzling Gleam|p2b: GNARLY SHIRK|[spread] p2b\n|-activate|p2a: Swamp Ting|move: Protect\n|-supereffective|p2b: GNARLY SHIRK|1\n|-damage|p2b: GNARLY SHIRK|47/100\n|\n|upkeep\n|turn|3\n|inactive|no_dupes has 30 seconds left.\n|\n|t:|1788226819\n|switch|p2b: Pelial|Pelipper, L50, F|100/100\n|-weather|RainDance|[from] ability: Drizzle|[of] p2b: Pelial\n|detailschange|p2a: Swamp Ting|Swampert-Mega, L50, F\n|-mega|p2a: Swamp Ting|Swampert|Swampertite\n|move|p2a: Swamp Ting|Earthquake|p1b: Sneasler|[spread] p1a,p1b\n|-immune|p2b: Pelial\n|-supereffective|p1b: Sneasler|1\n|-damage|p1a: Floette|0 fnt\n|-enditem|p1b: Sneasler|Focus Sash\n|-damage|p1b: Sneasler|1/100\n|faint|p1a: Floette\n|move|p1b: Sneasler|Close Combat|p2a: Swamp Ting\n|-damage|p2a: Swamp Ting|0 fnt\n|-unboost|p1b: Sneasler|def|1\n|-unboost|p1b: Sneasler|spd|1\n|faint|p2a: Swamp Ting\n|\n|-weather|RainDance|[upkeep]\n|upkeep\n|\n|t:|1788226835\n|switch|p1a: Garchomp|Garchomp, L50, M|100/100\n|switch|p2a: Barbatos|Archaludon, L50, M|100/100\n|turn|4\n|\n|t:|1788226850\n|move|p1b: Sneasler|Feint|p2a: Barbatos\n|-resisted|p2a: Barbatos|1\n|-damage|p2a: Barbatos|97/100\n|-ability|p2a: Barbatos|Stamina|boost\n|-boost|p2a: Barbatos|def|1\n|move|p1a: Garchomp|Earthquake|p2b: Pelial|[spread] p1b,p2a\n|-immune|p2b: Pelial\n|-supereffective|p1b: Sneasler|1\n|-supereffective|p2a: Barbatos|1\n|-crit|p2a: Barbatos\n|-damage|p1b: Sneasler|0 fnt\n|-damage|p2a: Barbatos|8/100\n|-ability|p2a: Barbatos|Stamina|boost\n|-boost|p2a: Barbatos|def|1\n|faint|p1b: Sneasler\n|move|p2a: Barbatos|Electro Shot||[still]\n|-prepare|p2a: Barbatos|Electro Shot\n|-boost|p2a: Barbatos|spa|1\n|-anim|p2a: Barbatos|Electro Shot|p1a: Garchomp\n|-immune|p1a: Garchomp\n|move|p2b: Pelial|Tailwind|p2b: Pelial\n|-sidestart|p2: no_dupes|move: Tailwind\n|\n|-weather|RainDance|[upkeep]\n|-heal|p2a: Barbatos|14/100|[from] item: Leftovers\n|upkeep\n|\n|t:|1788226857\n|switch|p1b: Kingambit|Kingambit, L50, F|100/100\n|turn|5\n|\n|t:|1788226867\n|move|p2a: Barbatos|Protect|p2a: Barbatos\n|-singleturn|p2a: Barbatos|Protect\n|move|p1b: Kingambit|Sucker Punch|p2b: Pelial\n|-damage|p2b: Pelial|71/100\n|move|p1a: Garchomp|Earthquake|p2b: Pelial|[spread] p1b\n|-activate|p2a: Barbatos|move: Protect\n|-immune|p2b: Pelial\n|-supereffective|p1b: Kingambit|1\n|-damage|p1b: Kingambit|44/100\n|move|p2b: Pelial|Weather Ball|p1b: Kingambit\n|-damage|p1b: Kingambit|0 fnt\n|faint|p1b: Kingambit\n|\n|-weather|RainDance|[upkeep]\n|-heal|p2a: Barbatos|20/100y|[from] item: Leftovers\n|upkeep\n|turn|6\n|\n|t:|1788226876\n|move|p1a: Garchomp|Earthquake|p2b: Pelial|[spread] p2a\n|-immune|p2b: Pelial\n|-supereffective|p2a: Barbatos|1\n|-damage|p2a: Barbatos|2/100\n|-ability|p2a: Barbatos|Stamina|boost\n|-boost|p2a: Barbatos|def|1\n|move|p2a: Barbatos|Dragon Pulse|p1a: Garchomp\n|-supereffective|p1a: Garchomp|1\n|-damage|p1a: Garchomp|0 fnt\n|faint|p1a: Garchomp\n|\n|win|no_dupes\n|raw|ilyKuronaa's rating: 1253 &rarr; <strong>1221</strong><br />(-32 for losing)\n|raw|no_dupes's rating: 1147 &rarr; <strong>1179</strong><br />(+32 for winning)\n","uploadtime":1788226877,"views":"0","formatid":"gen9championsvgc2026regmbbo3","rating":1179,"private":0,"password":null}