{"id":"gen9championsvgc2026regmb-2673931356","format":"[Gen 9 Champions] VGC 2026 Reg M-B","players":["zacianplays","testsubject8888"],"log":"|j|☆zacianplays\n|j|☆testsubject8888\n|t:|1788278587\n|gametype|doubles\n|player|p1|zacianplays|brawly|\n|player|p2|testsubject8888|102|\n|gen|9\n|tier|[Gen 9 Champions] VGC 2026 Reg M-B\n|rule|Species Clause: Limit one of each Pokémon\n|rule|Item Clause: Limit 1 of each item\n|clearpoke\n|poke|p1|Staraptor, L50, M, shiny|\n|poke|p1|Delphox, L50, M, shiny|\n|poke|p1|Sinistcha, L50, shiny|\n|poke|p1|Kingambit, L50, M, shiny|\n|poke|p1|Sneasler, L50, M, shiny|\n|poke|p1|Araquanid, L50, M, shiny|\n|poke|p2|Staraptor, L50, F|\n|poke|p2|Vanilluxe, L50, M|\n|poke|p2|Farigiraf, L50, M|\n|poke|p2|Blastoise, L50, M|\n|poke|p2|Kingambit, L50, F|\n|poke|p2|Camerupt, L50, F|\n|teampreview|4\n|j| AyushXD\n|inactive|Battle timer is ON: inactive players will automatically lose when time's up. (requested by testsubject8888)\n|\n|t:|1788278695\n|teamsize|p1|4\n|teamsize|p2|4\n|start\n|switch|p1a: Sinistcha|Sinistcha, L50, shiny|100/100\n|switch|p1b: Delphox|Delphox, L50, M, shiny|100/100\n|switch|p2a: Farigiraf|Farigiraf, L50, M|100/100\n|switch|p2b: Camerupt|Camerupt, L50, F|100/100\n|turn|1\n|inactive|zacianplays has 30 seconds left.\n|inactive|zacianplays has 20 seconds left.\n|\n|t:|1788278731\n|switch|p1a: Araquanid|Araquanid, L50, M, shiny|100/100\n|detailschange|p1b: Delphox|Delphox-Mega, L50, M, shiny\n|-mega|p1b: Delphox|Delphox|Delphoxite\n|detailschange|p2b: Camerupt|Camerupt-Mega, L50, F\n|-mega|p2b: Camerupt|Camerupt|Cameruptite\n|move|p2a: Farigiraf|Helping Hand|p2b: Camerupt\n|-singleturn|p2b: Camerupt|Helping Hand|[of] p2a: Farigiraf\n|move|p1b: Delphox|Psyshock|p2b: Camerupt\n|-damage|p2b: Camerupt|55/100\n|move|p2b: Camerupt|Heat Wave|p1a: Araquanid|[spread] p1a,p1b\n|-resisted|p1b: Delphox|1\n|-damage|p1a: Araquanid|62/100\n|-damage|p1b: Delphox|62/100\n|\n|upkeep\n|turn|2\n|\n|t:|1788278753\n|switch|p2b: Kingambit|Kingambit, L50, F|100/100\n|move|p1a: Araquanid|Wide Guard|p1a: Araquanid\n|-singleturn|p1a: Araquanid|Wide Guard\n|move|p1b: Delphox|Nasty Plot|p1b: Delphox\n|-boost|p1b: Delphox|spa|2\n|move|p2a: Farigiraf|Trick Room|p2a: Farigiraf\n|-fieldstart|move: Trick Room|[of] p2a: Farigiraf\n|\n|upkeep\n|turn|3\n|\n|t:|1788278775\n|switch|p1b: Sinistcha|Sinistcha, L50, shiny|100/100\n|-heal|p1a: Araquanid|86/100|[from] ability: Hospitality|[of] p1b: Sinistcha\n|move|p1a: Araquanid|Liquidation|p2b: Kingambit\n|-damage|p2b: Kingambit|40/100\n|move|p2b: Kingambit|Kowtow Cleave|p1a: Araquanid\n|-damage|p1a: Araquanid|10/100\n|-damage|p2b: Kingambit|30/100|[from] item: Life Orb\n|move|p2a: Farigiraf|Hyper Voice|p1b: Sinistcha|[spread] p1a\n|-immune|p1b: Sinistcha\n|-damage|p1a: Araquanid|0 fnt\n|faint|p1a: Araquanid\n|\n|upkeep\n|\n|t:|1788278798\n|switch|p1a: Sneasler|Sneasler, L50, M, shiny|100/100\n|turn|4\n|\n|t:|1788278812\n|switch|p2a: Camerupt|Camerupt-Mega, L50, F|55/100\n|move|p2b: Kingambit|Protect|p2b: Kingambit\n|-singleturn|p2b: Kingambit|Protect\n|move|p1a: Sneasler|Protect|p1a: Sneasler\n|-singleturn|p1a: Sneasler|Protect\n|move|p1b: Sinistcha|Trick Room|p1b: Sinistcha\n|-fieldend|move: Trick Room\n|\n|upkeep\n|turn|5\n|\n|t:|1788278837\n|move|p2b: Kingambit|Sucker Punch|p1a: Sneasler\n|-resisted|p1a: Sneasler|1\n|-damage|p1a: Sneasler|52/100\n|-damage|p2b: Kingambit|20/100y|[from] item: Life Orb\n|move|p1a: Sneasler|Close Combat|p2a: Camerupt\n|-damage|p2a: Camerupt|0 fnt\n|-unboost|p1a: Sneasler|def|1\n|-unboost|p1a: Sneasler|spd|1\n|faint|p2a: Camerupt\n|-enditem|p1a: Sneasler|White Herb\n|-clearnegativeboost|p1a: Sneasler|[silent]\n|move|p1b: Sinistcha|Matcha Gotcha|p2b: Kingambit|[miss]\n|-miss|p1b: Sinistcha|p2b: Kingambit\n|\n|upkeep\n|\n|t:|1788278846\n|switch|p2a: Farigiraf|Farigiraf, L50, M|100/100\n|turn|6\n|inactive|zacianplays has 30 seconds left.\n|\n|t:|1788278871\n|switch|p2b: Vanilluxe|Vanilluxe, L50, M|100/100\n|-weather|Snowscape|[from] ability: Snow Warning|[of] p2b: Vanilluxe\n|move|p1a: Sneasler|Close Combat|p2b: Vanilluxe\n|-supereffective|p2b: Vanilluxe|1\n|-crit|p2b: Vanilluxe\n|-damage|p2b: Vanilluxe|0 fnt\n|-unboost|p1a: Sneasler|def|1\n|-unboost|p1a: Sneasler|spd|1\n|faint|p2b: Vanilluxe\n|move|p2a: Farigiraf|Psychic Fangs|p1a: Sneasler\n|-supereffective|p1a: Sneasler|2\n|-damage|p1a: Sneasler|0 fnt\n|faint|p1a: Sneasler\n|move|p1b: Sinistcha|Trick Room|p1b: Sinistcha\n|-fieldstart|move: Trick Room|[of] p1b: Sinistcha\n|\n|-weather|Snowscape|[upkeep]\n|upkeep\n|\n|t:|1788278887\n|switch|p2b: Kingambit|Kingambit, L50, F|20/100y\n|switch|p1a: Delphox|Delphox-Mega, L50, M, shiny|62/100\n|turn|7\n|inactive|zacianplays has 30 seconds left.\n|inactive|testsubject8888 has 30 seconds left.\n|inactive|testsubject8888 has 20 seconds left.\n|inactive|testsubject8888 has 15 seconds left.\n|inactive|testsubject8888 has 10 seconds left.\n|inactive|testsubject8888 has 5 seconds left.\n|\n|t:|1788278938\n|move|p2a: Farigiraf|Helping Hand|p2b: Kingambit\n|-singleturn|p2b: Kingambit|Helping Hand|[of] p2a: Farigiraf\n|move|p1b: Sinistcha|Rage Powder|p1b: Sinistcha\n|-singleturn|p1b: Sinistcha|move: Rage Powder\n|move|p2b: Kingambit|Kowtow Cleave|p1b: Sinistcha\n|-supereffective|p1b: Sinistcha|1\n|-damage|p1b: Sinistcha|0 fnt\n|faint|p1b: Sinistcha\n|-damage|p2b: Kingambit|11/100|[from] item: Life Orb\n|move|p1a: Delphox|Heat Wave|p2a: Farigiraf|[spread] p2a,p2b\n|-supereffective|p2b: Kingambit|1\n|-damage|p2a: Farigiraf|66/100\n|-damage|p2b: Kingambit|0 fnt\n|faint|p2b: Kingambit\n|\n|-weather|Snowscape|[upkeep]\n|upkeep\n|turn|8\n|inactive|zacianplays has 30 seconds left.\n|\n|t:|1788278969\n|move|p2a: Farigiraf|Psychic Fangs|p1a: Delphox\n|-resisted|p1a: Delphox|1\n|-damage|p1a: Delphox|45/100\n|move|p1a: Delphox|Heat Wave|p2a: Farigiraf\n|-damage|p2a: Farigiraf|20/100y\n|\n|-weather|Snowscape|[upkeep]\n|upkeep\n|turn|9\n|\n|t:|1788278978\n|move|p2a: Farigiraf|Hyper Voice|p1a: Delphox\n|-damage|p1a: Delphox|17/100\n|move|p1a: Delphox|Heat Wave|p2a: Farigiraf\n|-damage|p2a: Farigiraf|0 fnt\n|faint|p2a: Farigiraf\n|\n|win|zacianplays\n","uploadtime":1788278985,"views":"1","formatid":"gen9championsvgc2026regmb","rating":null,"private":0,"password":null}