{"id":"gen9championsvgc2026regmbbo3-2673577073","format":"[Gen 9 Champions] VGC 2026 Reg M-B (Bo3)","players":["DINOLONK","Lxtar17"],"log":"|j|☆DINOLONK\n|j|☆Lxtar17\n|html|<table width=\"100%\"><tr><td align=\"left\">DINOLONK</td><td align=\"right\">Lxtar17</tr><tr><td align=\"left\"><i class=\"fa fa-circle-o\"></i> <i class=\"fa fa-circle-o\"></i> </td><td align=\"right\"><i class=\"fa fa-circle-o\"></i> <i class=\"fa fa-circle-o\"></i> </tr></table>\n|uhtml|bestof|<h2><strong>Game 1</strong> of <a href=\"/game-bestof3-gen9championsvgc2026regmbbo3-2673577072\">a best-of-3</a></h2>\n|t:|1788215737\n|gametype|doubles\n|player|p1|DINOLONK|parasollady-gen4|1312\n|player|p2|Lxtar17|1|1238\n|gen|9\n|tier|[Gen 9 Champions] VGC 2026 Reg M-B (Bo3)\n|rated|\n|rule|Species Clause: Limit one of each Pokémon\n|rule|Item Clause: Limit 1 of each item\n|clearpoke\n|poke|p1|Dragonite, L50, M|\n|poke|p1|Sneasler, L50, M|\n|poke|p1|Kingambit, L50, F|\n|poke|p1|Basculegion, L50, M|\n|poke|p1|Whimsicott, L50, M|\n|poke|p1|Floette-Eternal, L50, F|\n|poke|p2|Aerodactyl, L50, F|\n|poke|p2|Kingambit, L50, F|\n|poke|p2|Charizard, L50, M|\n|poke|p2|Sylveon, L50, F|\n|poke|p2|Farigiraf, L50, F|\n|poke|p2|Garchomp, L50, M|\n|teampreview|4\n|showteam|p1|Dragonite||Dragoninite|InnerFocus|DragonPulse,HeatWave,Thunderbolt,Protect|Modest||M|||50|]Sneasler||WhiteHerb|Unburden|DireClaw,CloseCombat,RockSlide,FakeOut|Jolly||M|||50|]Kingambit||ChopleBerry|Defiant|KowtowCleave,SuckerPunch,LowKick,IronHead|Adamant||F|||50|]Basculegion||LifeOrb|Adaptability|WaveCrash,LastRespects,AquaJet,Protect|Adamant||M|||50|]Whimsicott||FocusSash|Prankster|Moonblast,Tailwind,Encore,Protect|Timid||M|||50|]Floette-Eternal||Floettite|FlowerVeil|Moonblast,DazzlingGleam,LightofRuin,Protect|Timid||F|||50|\n|showteam|p2|Aerodactyl||Aerodactylite|Unnerve|IceFang,RockSlide,Tailwind,DualWingbeat|Jolly||F|||50|]Kingambit||FocusSash|Defiant|SuckerPunch,KowtowCleave,IronHead,LowKick|Adamant||F|||50|]Charizard||CharizarditeY|SolarPower|Protect,WeatherBall,HeatWave,SolarBeam|Modest||M|||50|]Sylveon||FairyFeather|Pixilate|Protect,HyperVoice,QuickAttack,Yawn|Modest||F|||50|]Farigiraf||SitrusBerry|ArmorTail|TrickRoom,Protect,Thunderbolt,Psychic|Modest||F|||50|]Garchomp||LifeOrb|RoughSkin|Protect,RockTomb,Earthquake,DragonClaw|Jolly||M|||50|\n|inactive|Battle timer is ON: inactive players will automatically lose when time's up. (requested by DINOLONK)\n|inactive|DINOLONK has 60 seconds left.\n|inactive|Lxtar17 has 60 seconds left.\n|\n|t:|1788215780\n|teamsize|p1|4\n|teamsize|p2|4\n|start\n|switch|p1a: Dragonite|Dragonite, L50, M|100/100\n|switch|p1b: Sneasler|Sneasler, L50, M|100/100\n|switch|p2a: Kingambit|Kingambit, L50, F|100/100\n|switch|p2b: Aerodactyl|Aerodactyl, L50, F|100/100\n|-ability|p2b: Aerodactyl|Unnerve\n|turn|1\n|\n|t:|1788215802\n|switch|p2a: Farigiraf|Farigiraf, L50, F|100/100\n|detailschange|p2b: Aerodactyl|Aerodactyl-Mega, L50, F\n|-mega|p2b: Aerodactyl|Aerodactyl|Aerodactylite\n|detailschange|p1a: Dragonite|Dragonite-Mega, L50, M\n|-mega|p1a: Dragonite|Dragonite|Dragoninite\n|move|p2b: Aerodactyl|Tailwind|p2b: Aerodactyl\n|-sidestart|p2: Lxtar17|move: Tailwind\n|move|p1b: Sneasler|Rock Slide|p2a: Farigiraf|[spread] p2a,p2b\n|-supereffective|p2b: Aerodactyl|1\n|-damage|p2a: Farigiraf|83/100\n|-damage|p2b: Aerodactyl|51/100\n|move|p1a: Dragonite|Heat Wave|p2b: Aerodactyl|[spread] p2a,p2b\n|-resisted|p2b: Aerodactyl|1\n|-crit|p2b: Aerodactyl\n|-damage|p2a: Farigiraf|53/100\n|-damage|p2b: Aerodactyl|25/100\n|\n|upkeep\n|turn|2\n|inactive|DINOLONK has 30 seconds left.\n|inactive|Lxtar17 has 30 seconds left.\n|\n|t:|1788215835\n|switch|p1b: Basculegion|Basculegion, L50, M|100/100\n|move|p2b: Aerodactyl|Rock Slide|p1b: Basculegion|[spread] p1b\n|-miss|p2b: Aerodactyl|p1a: Dragonite\n|-damage|p1b: Basculegion|68/100\n|move|p2a: Farigiraf|Psychic|p1b: Basculegion\n|-damage|p1b: Basculegion|27/100\n|move|p1a: Dragonite|Heat Wave|p2b: Aerodactyl|[spread] p2a,p2b\n|-resisted|p2b: Aerodactyl|1\n|-damage|p2a: Farigiraf|25/100\n|-damage|p2b: Aerodactyl|9/100\n|-status|p2a: Farigiraf|brn\n|-enditem|p2a: Farigiraf|Sitrus Berry|[eat]\n|-heal|p2a: Farigiraf|50/100y brn|[from] item: Sitrus Berry\n|\n|-damage|p2a: Farigiraf|43/100 brn|[from] brn\n|upkeep\n|turn|3\n|inactive|Lxtar17 has 30 seconds left.\n|inactive|Lxtar17 has 20 seconds left.\n|\n|t:|1788215871\n|move|p1b: Basculegion|Protect|p1b: Basculegion\n|-singleturn|p1b: Basculegion|Protect\n|move|p2b: Aerodactyl|Rock Slide|p1a: Dragonite|[spread] p1a\n|-activate|p1b: Basculegion|move: Protect\n|-supereffective|p1a: Dragonite|1\n|-damage|p1a: Dragonite|72/100\n|move|p2a: Farigiraf|Psychic|p1a: Dragonite\n|-damage|p1a: Dragonite|41/100\n|cant|p1a: Dragonite|flinch\n|\n|-damage|p2a: Farigiraf|37/100 brn|[from] brn\n|upkeep\n|turn|4\n|inactive|DINOLONK has 30 seconds left.\n|inactive|Lxtar17 has 30 seconds left.\n|inactive|Lxtar17 has 20 seconds left.\n|\n|t:|1788215907\n|switch|p1b: Whimsicott|Whimsicott, L50, M|100/100\n|move|p1a: Dragonite|Protect|p1a: Dragonite\n|-singleturn|p1a: Dragonite|Protect\n|move|p2b: Aerodactyl|Rock Slide|p1b: Whimsicott|[spread] p1b\n|-activate|p1a: Dragonite|move: Protect\n|-damage|p1b: Whimsicott|55/100\n|move|p2a: Farigiraf|Psychic|p1b: Whimsicott\n|-damage|p1b: Whimsicott|0 fnt\n|faint|p1b: Whimsicott\n|\n|-damage|p2a: Farigiraf|31/100 brn|[from] brn\n|-sideend|p2: Lxtar17|move: Tailwind\n|upkeep\n|\n|t:|1788215926\n|switch|p1b: Basculegion|Basculegion, L50, M|27/100\n|turn|5\n|\n|t:|1788215936\n|move|p2b: Aerodactyl|Rock Slide|p1a: Dragonite|[spread] p1b\n|-miss|p2b: Aerodactyl|p1a: Dragonite\n|-damage|p1b: Basculegion|0 fnt\n|faint|p1b: Basculegion\n|move|p1a: Dragonite|Heat Wave|p2b: Aerodactyl|[spread] p2a,p2b\n|-resisted|p2b: Aerodactyl|1\n|-damage|p2a: Farigiraf|3/100 brn\n|-damage|p2b: Aerodactyl|0 fnt\n|faint|p2b: Aerodactyl\n|move|p2a: Farigiraf|Psychic|p1a: Dragonite\n|-damage|p1a: Dragonite|8/100\n|\n|-damage|p2a: Farigiraf|0 fnt|[from] brn\n|faint|p2a: Farigiraf\n|upkeep\n|\n|t:|1788215945\n|switch|p2b: Kingambit|Kingambit, L50, F|100/100\n|switch|p1b: Sneasler|Sneasler, L50, M|100/100\n|switch|p2a: Sylveon|Sylveon, L50, F|100/100\n|turn|6\n|\n|t:|1788215963\n|move|p1b: Sneasler|Fake Out|p2b: Kingambit\n|-resisted|p2b: Kingambit|1\n|-damage|p2b: Kingambit|93/100\n|cant|p2b: Kingambit|flinch\n|move|p1a: Dragonite|Heat Wave|p2a: Sylveon|[spread] p2a,p2b\n|-supereffective|p2b: Kingambit|1\n|-damage|p2a: Sylveon|76/100\n|-damage|p2b: Kingambit|27/100\n|-status|p2b: Kingambit|brn\n|move|p2a: Sylveon|Yawn|p1b: Sneasler\n|-start|p1b: Sneasler|move: Yawn|[of] p2a: Sylveon\n|\n|-damage|p2b: Kingambit|21/100 brn|[from] brn\n|upkeep\n|turn|7\n|\n|t:|1788215984\n|move|p1a: Dragonite|Protect|p1a: Dragonite\n|-singleturn|p1a: Dragonite|Protect\n|move|p2a: Sylveon|Protect|p2a: Sylveon\n|-singleturn|p2a: Sylveon|Protect\n|move|p1b: Sneasler|Rock Slide|p2a: Sylveon|[spread] p2b\n|-activate|p2a: Sylveon|move: Protect\n|-resisted|p2b: Kingambit|1\n|-damage|p2b: Kingambit|12/100 brn\n|move|p2b: Kingambit|Kowtow Cleave|p1a: Dragonite\n|-activate|p1a: Dragonite|move: Protect\n|\n|-damage|p2b: Kingambit|6/100 brn|[from] brn\n|-end|p1b: Sneasler|move: Yawn|[silent]\n|-status|p1b: Sneasler|slp\n|upkeep\n|turn|8\n|\n|t:|1788216001\n|move|p2b: Kingambit|Sucker Punch|p1a: Dragonite\n|-damage|p1a: Dragonite|0 fnt\n|faint|p1a: Dragonite\n|cant|p1b: Sneasler|slp\n|move|p2a: Sylveon|Hyper Voice|p1b: Sneasler\n|-damage|p1b: Sneasler|22/100 slp\n|\n|-damage|p2b: Kingambit|0 fnt|[from] brn\n|faint|p2b: Kingambit\n|upkeep\n|turn|9\n|\n|t:|1788216009\n|-curestatus|p1b: Sneasler|slp|[msg]\n|move|p1b: Sneasler|Dire Claw|p2a: Sylveon\n|-supereffective|p2a: Sylveon|1\n|-damage|p2a: Sylveon|0 fnt\n|faint|p2a: Sylveon\n|\n|win|DINOLONK\n","uploadtime":1788216009,"views":"0","formatid":"gen9championsvgc2026regmbbo3","rating":null,"private":0,"password":null}