{"id":"gen9championsvgc2026regmbbo3-2673576575","format":"[Gen 9 Champions] VGC 2026 Reg M-B (Bo3)","players":["camala64","Volcano0"],"log":"|j|☆camala64\n|j|☆Volcano0\n|html|<table width=\"100%\"><tr><td align=\"left\">camala64</td><td align=\"right\">Volcano0</tr><tr><td align=\"left\"><i class=\"fa fa-circle-o\"></i> <i class=\"fa fa-circle-o\"></i> </td><td align=\"right\"><i class=\"fa fa-circle-o\"></i> <i class=\"fa fa-circle-o\"></i> </tr></table>\n|uhtml|bestof|<h2><strong>Game 1</strong> of <a href=\"/game-bestof3-gen9championsvgc2026regmbbo3-2673576574\">a best-of-3</a></h2>\n|t:|1788215668\n|gametype|doubles\n|player|p1|camala64|lance-masters2|\n|player|p2|Volcano0|n|\n|gen|9\n|tier|[Gen 9 Champions] VGC 2026 Reg M-B (Bo3)\n|rule|Species Clause: Limit one of each Pokémon\n|rule|Item Clause: Limit 1 of each item\n|clearpoke\n|poke|p1|Scovillain, L50, F, shiny|\n|poke|p1|Gholdengo, L50|\n|poke|p1|Aerodactyl, L50, F, shiny|\n|poke|p1|Garchomp, L50, M, shiny|\n|poke|p1|Sylveon, L50, F|\n|poke|p1|Basculegion, L50, M, shiny|\n|poke|p2|Froslass, L50, F, shiny|\n|poke|p2|Scovillain, L50, F, shiny|\n|poke|p2|Lycanroc-Dusk, L50, F, shiny|\n|poke|p2|Kingambit, L50, F, shiny|\n|poke|p2|Basculegion, L50, M, shiny|\n|poke|p2|Sneasler, L50, F, shiny|\n|teampreview|4\n|showteam|p1|Scovillain||Scovillainite|Moody|Overheat,GigaDrain,RagePowder,Protect|Bold||F|||50|]Gholdengo||MetalCoat|GoodasGold|MakeItRain,ShadowBall,NastyPlot,Protect|Modest|||||50|]Aerodactyl||Aerodactylite|Unnerve|RockSlide,IceFang,DualWingbeat,Tailwind|Jolly||F|||50|]Garchomp||SitrusBerry|RoughSkin|Earthquake,DragonClaw,RockSlide,Protect|Adamant||M|||50|]Sylveon||FairyFeather|Pixilate|HyperVoice,HyperBeam,QuickAttack,Detect|Modest||F|||50|]Basculegion||LifeOrb|Adaptability|WaveCrash,AquaJet,LastRespects,Protect|Adamant||M|||50|\n|showteam|p2|Froslass||Froslassite|CursedBody|Blizzard,ShadowBall,AuroraVeil,Protect|Modest||F|||50|]Scovillain||Scovillainite|Moody|Overheat,GigaDrain,RagePowder,Protect|Modest||F|||50|]Lycanroc-Dusk||FocusSash|ToughClaws|RockSlide,CloseCombat,Accelerock,Protect|Adamant||F|||50|]Kingambit||BlackGlasses|Defiant|KowtowCleave,SuckerPunch,SwordsDance,Protect|Adamant||F|||50|]Basculegion||SitrusBerry|Adaptability|WaveCrash,LastRespects,AquaJet,Protect|Adamant||M|||50|]Sneasler||WhiteHerb|Unburden|CloseCombat,DireClaw,FakeOut,Protect|Adamant||F|||50|\n|inactive|Battle timer is ON: inactive players will automatically lose when time's up. (requested by Volcano0)\n|inactive|camala64 has 60 seconds left.\n|\n|t:|1788215715\n|teamsize|p1|4\n|teamsize|p2|4\n|start\n|switch|p1a: Teradactyl|Aerodactyl, L50, F, shiny|100/100\n|switch|p1b: AAAAAHHHHH|Sylveon, L50, F|100/100\n|switch|p2a: Peperoncino|Scovillain, L50, F, shiny|100/100\n|switch|p2b: Spilungone|Sneasler, L50, F, shiny|100/100\n|-ability|p1a: Teradactyl|Unnerve\n|turn|1\n|inactive|Volcano0 has 30 seconds left.\n|\n|t:|1788215743\n|detailschange|p1a: Teradactyl|Aerodactyl-Mega, L50, F, shiny\n|-mega|p1a: Teradactyl|Aerodactyl|Aerodactylite\n|detailschange|p2a: Peperoncino|Scovillain-Mega, L50, F, shiny\n|-mega|p2a: Peperoncino|Scovillain|Scovillainite\n|move|p2a: Peperoncino|Rage Powder|p2a: Peperoncino\n|-singleturn|p2a: Peperoncino|move: Rage Powder\n|move|p1a: Teradactyl|Dual Wingbeat|p2a: Peperoncino\n|-supereffective|p2a: Peperoncino|1\n|-damage|p2a: Peperoncino|49/100\n|-status|p1a: Teradactyl|brn|[from] ability: Spicy Spray|[of] p2a: Peperoncino\n|-supereffective|p2a: Peperoncino|1\n|-damage|p2a: Peperoncino|24/100\n|-hitcount|p2a: Peperoncino|2\n|move|p2b: Spilungone|Close Combat|p1a: Teradactyl\n|-damage|p1a: Teradactyl|20/100y brn\n|-unboost|p2b: Spilungone|def|1\n|-unboost|p2b: Spilungone|spd|1\n|-enditem|p2b: Spilungone|White Herb\n|-clearnegativeboost|p2b: Spilungone|[silent]\n|move|p1b: AAAAAHHHHH|Hyper Voice|p2b: Spilungone|[spread] p2a,p2b\n|-resisted|p2a: Peperoncino|1\n|-damage|p2a: Peperoncino|3/100\n|-damage|p2b: Spilungone|41/100\n|-status|p1b: AAAAAHHHHH|brn|[from] ability: Spicy Spray|[of] p2a: Peperoncino\n|\n|-damage|p1a: Teradactyl|14/100 brn|[from] brn\n|-damage|p1b: AAAAAHHHHH|93/100 brn|[from] brn\n|upkeep\n|turn|2\n|inactive|camala64 has 30 seconds left.\n|\n|t:|1788215776\n|move|p2a: Peperoncino|Rage Powder|p2a: Peperoncino\n|-singleturn|p2a: Peperoncino|move: Rage Powder\n|move|p2b: Spilungone|Dire Claw|p1b: AAAAAHHHHH\n|-supereffective|p1b: AAAAAHHHHH|1\n|-damage|p1b: AAAAAHHHHH|12/100 brn\n|move|p1a: Teradactyl|Tailwind|p1a: Teradactyl\n|-sidestart|p1: camala64|move: Tailwind\n|move|p1b: AAAAAHHHHH|Hyper Voice|p2b: Spilungone|[spread] p2a,p2b\n|-resisted|p2a: Peperoncino|1\n|-damage|p2a: Peperoncino|0 fnt\n|-damage|p2b: Spilungone|0 fnt\n|faint|p2a: Peperoncino\n|faint|p2b: Spilungone\n|\n|-damage|p1a: Teradactyl|8/100 brn|[from] brn\n|-damage|p1b: AAAAAHHHHH|6/100 brn|[from] brn\n|upkeep\n|\n|t:|1788215793\n|switch|p2b: Pesce Morto|Basculegion, L50, M, shiny|100/100\n|switch|p2a: Re Oscuro|Kingambit, L50, F, shiny|100/100\n|turn|3\n|\n|t:|1788215801\n|move|p2b: Pesce Morto|Aqua Jet|p1b: AAAAAHHHHH\n|-damage|p1b: AAAAAHHHHH|0 fnt\n|faint|p1b: AAAAAHHHHH\n|move|p2a: Re Oscuro|Sucker Punch|p1a: Teradactyl\n|-crit|p1a: Teradactyl\n|-damage|p1a: Teradactyl|0 fnt\n|faint|p1a: Teradactyl\n|\n|upkeep\n|\n|t:|1788215807\n|switch|p1a: Masculin|Basculegion, L50, M, shiny|100/100\n|switch|p1b: Jawesome|Garchomp, L50, M, shiny|100/100\n|turn|4\n|\n|t:|1788215817\n|move|p1a: Masculin|Protect|p1a: Masculin\n|-singleturn|p1a: Masculin|Protect\n|move|p2a: Re Oscuro|Sucker Punch||[still]\n|-fail|p2a: Re Oscuro\n|move|p1b: Jawesome|Earthquake|p2a: Re Oscuro|[spread] p2a,p2b\n|-activate|p1a: Masculin|move: Protect\n|-supereffective|p2a: Re Oscuro|1\n|-damage|p2a: Re Oscuro|38/100\n|-damage|p2b: Pesce Morto|57/100\n|move|p2b: Pesce Morto|Last Respects|p1b: Jawesome\n|-damage|p1b: Jawesome|23/100\n|-enditem|p1b: Jawesome|Sitrus Berry|[eat]\n|-heal|p1b: Jawesome|48/100|[from] item: Sitrus Berry\n|\n|upkeep\n|turn|5\n|inactive|camala64 has 30 seconds left.\n|inactive|camala64 has 20 seconds left.\n|\n|t:|1788215856\n|move|p1a: Masculin|Aqua Jet|p2a: Re Oscuro\n|-damage|p2a: Re Oscuro|13/100\n|-damage|p1a: Masculin|90/100|[from] item: Life Orb\n|move|p2a: Re Oscuro|Sucker Punch||[still]\n|-fail|p2a: Re Oscuro\n|move|p1b: Jawesome|Rock Slide|p2b: Pesce Morto|[spread] p2a,p2b\n|-resisted|p2a: Re Oscuro|1\n|-damage|p2a: Re Oscuro|5/100\n|-damage|p2b: Pesce Morto|35/100\n|-enditem|p2b: Pesce Morto|Sitrus Berry|[eat]\n|-heal|p2b: Pesce Morto|59/100|[from] item: Sitrus Berry\n|move|p2b: Pesce Morto|Last Respects|p1b: Jawesome\n|-damage|p1b: Jawesome|0 fnt\n|faint|p1b: Jawesome\n|\n|-sideend|p1: camala64|move: Tailwind\n|upkeep\n|turn|6\n|\n|t:|1788215874\n|move|p2a: Re Oscuro|Sucker Punch|p1a: Masculin\n|-supereffective|p1a: Masculin|1\n|-damage|p1a: Masculin|0 fnt\n|faint|p1a: Masculin\n|\n|win|Volcano0\n|l|☆Volcano0\n|player|p2|\n||camala64 is ready for game 2.\n||Volcano0 is ready for game 2.\n|uhtml|next|Next: <a href=\"/battle-gen9championsvgc2026regmbbo3-2673578024\"><strong>Game 2 of 3</strong></a>\n","uploadtime":1788215876,"views":"0","formatid":"gen9championsvgc2026regmbbo3","rating":null,"private":0,"password":null}