{"id":"gen9championsvgc2026regmbbo3-2674887094","format":"[Gen 9 Champions] VGC 2026 Reg M-B (Bo3)","players":["marcio1428","Pawah"],"log":"|j|☆marcio1428\n|j|☆Pawah\n|html|<table width=\"100%\"><tr><td align=\"left\">marcio1428</td><td align=\"right\">Pawah</tr><tr><td align=\"left\"><i class=\"fa fa-circle-o\"></i> <i class=\"fa fa-circle-o\"></i> </td><td align=\"right\"><i class=\"fa fa-circle-o\"></i> <i class=\"fa fa-circle-o\"></i> </tr></table>\n|uhtml|bestof|<h2><strong>Game 1</strong> of <a href=\"/game-bestof3-gen9championsvgc2026regmbbo3-2674887092\">a best-of-3</a></h2>\n|t:|1788429405\n|gametype|doubles\n|player|p1|marcio1428|169|1149\n|player|p2|Pawah|ethan|1269\n|gen|9\n|tier|[Gen 9 Champions] VGC 2026 Reg M-B (Bo3)\n|rated|\n|rule|Species Clause: Limit one of each Pokémon\n|rule|Item Clause: Limit 1 of each item\n|clearpoke\n|poke|p1|Scrafty, L50, F|\n|poke|p1|Whimsicott, L50, F|\n|poke|p1|Mimikyu, L50, F|\n|poke|p1|Pelipper, L50, M|\n|poke|p1|Staraptor, L50, F|\n|poke|p1|Raichu, L50, M|\n|poke|p2|Staraptor, L50, M|\n|poke|p2|Milotic, L50, F|\n|poke|p2|Tyranitar, L50, M|\n|poke|p2|Gholdengo, L50|\n|poke|p2|Excadrill, L50, M|\n|poke|p2|Sinistcha, L50|\n|teampreview|4\n|showteam|p1|Scrafty||SitrusBerry|Intimidate|KnockOff,DrainPunch,FakeOut,Protect|Jolly||F|||50|]Whimsicott||FairyFeather|Prankster|Moonblast,Charm,Tailwind,Encore|Timid||F|||50|]Mimikyu||LifeOrb|Disguise|PhantomForce,PlayRough,ShadowSneak,TrickRoom|Brave||F|||50|]Pelipper||MysticWater|Drizzle|Hurricane,WeatherBall,WideGuard,Tailwind|Bold||M|||50|]Staraptor||WhiteHerb|Intimidate|BraveBird,CloseCombat,Tailwind,Protect|Jolly||F|||50|]Raichu||FocusSash|LightningRod|Thunderbolt,VoltSwitch,FakeOut,Protect|Timid||M|||50|\n|showteam|p2|Staraptor||Staraptite|Intimidate|BraveBird,CloseCombat,Tailwind,Protect|Jolly||M|||50|]Milotic||SitrusBerry|Competitive|Scald,IceBeam,IcyWind,Recover|Modest||F|||50|]Tyranitar||Tyranitarite|SandStream|RockSlide,KnockOff,LowKick,Protect|Adamant||M|||50|]Gholdengo||LifeOrb|GoodasGold|ShadowBall,MakeItRain,NastyPlot,Protect|Modest|||||50|]Excadrill||FocusSash|SandRush|HighHorsepower,IronHead,RockSlide,Protect|Adamant||M|||50|]Sinistcha||ColburBerry|Hospitality|MatchaGotcha,RagePowder,TrickRoom,Protect|Bold|||||50|\n|inactive|Battle timer is ON: inactive players will automatically lose when time's up. (requested by Pawah)\n|inactive|marcio1428 has 60 seconds left.\n|inactive|Pawah has 60 seconds left.\n|inactive|Pawah has 30 seconds left.\n|inactive|Pawah has 20 seconds left.\n|inactive|Pawah has 15 seconds left.\n|\n|t:|1788429480\n|teamsize|p1|4\n|teamsize|p2|4\n|start\n|switch|p1a: Whimsicott|Whimsicott, L50, F|100/100\n|switch|p1b: Mimikyu|Mimikyu, L50, F|100/100\n|switch|p2a: Staraptor|Staraptor, L50, M|100/100\n|switch|p2b: Milotic|Milotic, L50, F|100/100\n|-ability|p2a: Staraptor|Intimidate|boost\n|-unboost|p1a: Whimsicott|atk|1\n|-unboost|p1b: Mimikyu|atk|1\n|turn|1\n|inactive|marcio1428 has 30 seconds left.\n|inactive|marcio1428 has 20 seconds left.\n|\n|t:|1788429519\n|switch|p1b: Pelipper|Pelipper, L50, M|100/100\n|-weather|RainDance|[from] ability: Drizzle|[of] p1b: Pelipper\n|detailschange|p2a: Staraptor|Staraptor-Mega, L50, M\n|-mega|p2a: Staraptor|Staraptor|Staraptite\n|move|p1a: Whimsicott|Moonblast|p2a: Staraptor\n|-supereffective|p2a: Staraptor|1\n|-damage|p2a: Staraptor|11/100\n|move|p2a: Staraptor|Brave Bird|p1b: Pelipper\n|-damage|p1b: Pelipper|48/100\n|-damage|p2a: Staraptor|0 fnt|[from] Recoil\n|faint|p2a: Staraptor\n|move|p2b: Milotic|Icy Wind|p1b: Pelipper|[spread] p1a,p1b\n|-supereffective|p1a: Whimsicott|1\n|-damage|p1a: Whimsicott|62/100\n|-damage|p1b: Pelipper|30/100\n|-unboost|p1a: Whimsicott|spe|1\n|-unboost|p1b: Pelipper|spe|1\n|\n|-weather|RainDance|[upkeep]\n|upkeep\n|\n|t:|1788429533\n|switch|p2a: Gholdengo|Gholdengo, L50|100/100\n|turn|2\n|inactive|marcio1428 has 30 seconds left.\n|\n|t:|1788429565\n|move|p1a: Whimsicott|Tailwind|p1a: Whimsicott\n|-sidestart|p1: marcio1428|move: Tailwind\n|move|p2a: Gholdengo|Shadow Ball|p1a: Whimsicott\n|-damage|p1a: Whimsicott|0 fnt\n|faint|p1a: Whimsicott\n|-damage|p2a: Gholdengo|90/100|[from] item: Life Orb\n|move|p1b: Pelipper|Weather Ball|p2a: Gholdengo\n|-damage|p2a: Gholdengo|6/100\n|move|p2b: Milotic|Ice Beam|p1b: Pelipper\n|-damage|p1b: Pelipper|0 fnt\n|faint|p1b: Pelipper\n|\n|-weather|RainDance|[upkeep]\n|upkeep\n|\n|t:|1788429578\n|switch|p1a: Mimikyu|Mimikyu, L50, F|100/100\n|switch|p1b: Scrafty|Scrafty, L50, F|100/100\n|-ability|p1b: Scrafty|Intimidate|boost\n|-unboost|p2a: Gholdengo|atk|1\n|-unboost|p2b: Milotic|atk|1\n|-ability|p2b: Milotic|Competitive|boost\n|-boost|p2b: Milotic|spa|2\n|turn|3\n|\n|t:|1788429592\n|switch|p2a: Sinistcha|Sinistcha, L50|100/100\n|move|p1b: Scrafty|Fake Out|p2b: Milotic\n|-damage|p2b: Milotic|89/100\n|move|p1a: Mimikyu|Shadow Sneak|p2a: Sinistcha\n|-supereffective|p2a: Sinistcha|1\n|-damage|p2a: Sinistcha|58/100\n|-damage|p1a: Mimikyu|90/100|[from] item: Life Orb\n|cant|p2b: Milotic|flinch\n|\n|-weather|RainDance|[upkeep]\n|upkeep\n|turn|4\n|inactive|marcio1428 has 30 seconds left.\n|inactive|marcio1428 has 20 seconds left.\n|\n|t:|1788429631\n|move|p1b: Scrafty|Knock Off|p2a: Sinistcha\n|-supereffective|p2a: Sinistcha|1\n|-enditem|p2a: Sinistcha|Colbur Berry|[eat]\n|-enditem|p2a: Sinistcha|Colbur Berry|[weaken]\n|-damage|p2a: Sinistcha|26/100\n|move|p2b: Milotic|Icy Wind|p1b: Scrafty|[spread] p1b\n|-miss|p2b: Milotic|p1a: Mimikyu\n|-damage|p1b: Scrafty|74/100\n|-unboost|p1b: Scrafty|spe|1\n|move|p2a: Sinistcha|Matcha Gotcha|p1b: Scrafty|[spread] p1a,p1b\n|-activate|p1a: Mimikyu|ability: Disguise\n|-damage|p1a: Mimikyu|90/100\n|-damage|p1b: Scrafty|46/100\n|-heal|p2a: Sinistcha|38/100|[from] drain|[of] p1b: Scrafty\n|detailschange|p1a: Mimikyu|Mimikyu-Busted, L50, F\n|-damage|p1a: Mimikyu|77/100|[from] pokemon: Mimikyu-Busted\n|-enditem|p1b: Scrafty|Sitrus Berry|[eat]\n|-heal|p1b: Scrafty|71/100|[from] item: Sitrus Berry\n|move|p1a: Mimikyu|Trick Room|p1a: Mimikyu\n|-fieldstart|move: Trick Room|[of] p1a: Mimikyu\n|\n|-weather|RainDance|[upkeep]\n|upkeep\n|turn|5\n|inactive|marcio1428 has 30 seconds left.\n|inactive|Pawah has 30 seconds left.\n|inactive|marcio1428 has 20 seconds left.\n|inactive|marcio1428 has 15 seconds left.\n|\n|t:|1788429673\n|move|p2a: Sinistcha|Matcha Gotcha|p1b: Scrafty|[spread] p1a,p1b\n|-damage|p1a: Mimikyu|50/100y\n|-heal|p2a: Sinistcha|51/100|[from] drain|[of] p1a: Mimikyu\n|-damage|p1b: Scrafty|42/100\n|-heal|p2a: Sinistcha|62/100|[from] drain|[of] p1b: Scrafty\n|move|p2b: Milotic|Scald|p1a: Mimikyu\n|-crit|p1a: Mimikyu\n|-damage|p1a: Mimikyu|0 fnt\n|faint|p1a: Mimikyu\n|move|p1b: Scrafty|Knock Off|p2a: Sinistcha\n|-supereffective|p2a: Sinistcha|1\n|-damage|p2a: Sinistcha|14/100\n|\n|-weather|none\n|-sideend|p1: marcio1428|move: Tailwind\n|upkeep\n|turn|6\n|inactive|marcio1428 has 30 seconds left.\n|inactive|marcio1428 has 20 seconds left.\n|inactive|marcio1428 has 15 seconds left.\n|inactive|marcio1428 has 10 seconds left.\n|inactive|marcio1428 has 5 seconds left.\n|-message|marcio1428 forfeited.\n|\n|win|Pawah\n","uploadtime":1788429725,"views":"1","formatid":"gen9championsvgc2026regmbbo3","rating":null,"private":0,"password":null}