{"id":"gen9championsvgc2026regmb-2674267196","format":"[Gen 9 Champions] VGC 2026 Reg M-B","players":["Baconator1934","Thornlace48812"],"log":"|j|☆Baconator1934\n|j|☆Thornlace48812\n|t:|1788327234\n|gametype|doubles\n|player|p1|Baconator1934|ltsurge|1100\n|player|p2|Thornlace48812|1|1170\n|gen|9\n|tier|[Gen 9 Champions] VGC 2026 Reg M-B\n|rated|\n|rule|Species Clause: Limit one of each Pokémon\n|rule|Item Clause: Limit 1 of each item\n|clearpoke\n|poke|p1|Dragonite, L50, M|\n|poke|p1|Sableye, L50, M, shiny|\n|poke|p1|Blaziken, L50, M, shiny|\n|poke|p1|Greninja, L50, M, shiny|\n|poke|p1|Metagross, L50, shiny|\n|poke|p1|Steelix, L50, M, shiny|\n|poke|p2|Garchomp, L50, F|\n|poke|p2|Charizard, L50, M|\n|poke|p2|Whimsicott, L50, M|\n|poke|p2|Sylveon, L50, F|\n|poke|p2|Kingambit, L50, M|\n|poke|p2|Basculegion, L50, M|\n|teampreview|4\n|inactive|Battle timer is ON: inactive players will automatically lose when time's up. (requested by Thornlace48812)\nThornlace48812 rejected open team sheets.\n|inactive|Baconator1934 has 60 seconds left.\n|\n|t:|1788327265\n|teamsize|p1|4\n|teamsize|p2|4\n|start\n|switch|p1a: Dragonite|Dragonite, L50, M|100/100\n|switch|p1b: Sableye|Sableye, L50, M, shiny|100/100\n|switch|p2a: Charizard|Charizard, L50, M|100/100\n|switch|p2b: Kingambit|Kingambit, L50, M|100/100\n|turn|1\n|\n|t:|1788327276\n|move|p1b: Sableye|Protect|p1b: Sableye\n|-singleturn|p1b: Sableye|Protect\n|move|p2a: Charizard|Protect|p2a: Charizard\n|-singleturn|p2a: Charizard|Protect\n|move|p1a: Dragonite|Protect|p1a: Dragonite\n|-singleturn|p1a: Dragonite|Protect\n|move|p2b: Kingambit|Kowtow Cleave|p1a: Dragonite\n|-activate|p1a: Dragonite|move: Protect\n|\n|upkeep\n|turn|2\n|\n|t:|1788327283\n|detailschange|p2a: Charizard|Charizard-Mega-Y, L50, M\n|-mega|p2a: Charizard|Charizard|Charizardite Y\n|-weather|SunnyDay|[from] ability: Drought|[of] p2a: Charizard\n|detailschange|p1a: Dragonite|Dragonite-Mega, L50, M\n|-mega|p1a: Dragonite|Dragonite|Dragoninite\n|move|p1b: Sableye|Encore|p2a: Charizard\n|-start|p2a: Charizard|Encore\n|move|p2a: Charizard|Protect||[still]\n|-fail|p2a: Charizard\n|move|p1a: Dragonite|Dragon Pulse|p2b: Kingambit\n|-resisted|p2b: Kingambit|1\n|-damage|p2b: Kingambit|71/100\n|move|p2b: Kingambit|Kowtow Cleave|p1a: Dragonite\n|-damage|p1a: Dragonite|76/100\n|\n|-weather|SunnyDay|[upkeep]\n|upkeep\n|turn|3\n|\n|t:|1788327304\n|move|p2a: Charizard|Protect|p2a: Charizard\n|-singleturn|p2a: Charizard|Protect\n|move|p1b: Sableye|Thunder Wave|p2a: Charizard\n|-activate|p2a: Charizard|move: Protect\n|move|p1a: Dragonite|Thunderbolt|p2a: Charizard\n|-activate|p2a: Charizard|move: Protect\n|move|p2b: Kingambit|Iron Head|p1a: Dragonite\n|-damage|p1a: Dragonite|34/100\n|\n|-weather|SunnyDay|[upkeep]\n|upkeep\n|turn|4\n|\n|t:|1788327315\n|switch|p1b: Blaziken|Blaziken, L50, M, shiny|100/100\n|move|p2a: Charizard|Protect||[still]\n|-fail|p2a: Charizard\n|move|p1a: Dragonite|Protect|p1a: Dragonite\n|-singleturn|p1a: Dragonite|Protect\n|move|p2b: Kingambit|Kowtow Cleave|p1a: Dragonite\n|-activate|p1a: Dragonite|move: Protect\n|\n|-weather|SunnyDay|[upkeep]\n|-end|p2a: Charizard|Encore\n|upkeep\n|turn|5\n|\n|t:|1788327336\n|move|p2a: Charizard|Ancient Power|p1b: Blaziken\n|-damage|p1b: Blaziken|61/100\n|move|p1b: Blaziken|Close Combat|p2b: Kingambit\n|-supereffective|p2b: Kingambit|2\n|-damage|p2b: Kingambit|0 fnt\n|-unboost|p1b: Blaziken|def|1\n|-unboost|p1b: Blaziken|spd|1\n|faint|p2b: Kingambit\n|-end|p2b: Kingambit|fallenundefined|[silent]\n|move|p1a: Dragonite|Thunderbolt|p2a: Charizard\n|-supereffective|p2a: Charizard|1\n|-damage|p2a: Charizard|23/100\n|\n|-weather|SunnyDay|[upkeep]\n|-ability|p1b: Blaziken|Speed Boost|boost\n|-boost|p1b: Blaziken|spe|1\n|upkeep\n|\n|t:|1788327336\n|switch|p2b: Sylveon|Sylveon, L50, F|100/100\n|turn|6\n|\n|t:|1788327352\n|move|p1b: Blaziken|Protect|p1b: Blaziken\n|-singleturn|p1b: Blaziken|Protect\n|move|p1a: Dragonite|Protect|p1a: Dragonite\n|-singleturn|p1a: Dragonite|Protect\n|move|p2a: Charizard|Heat Wave|p1b: Blaziken|[spread] \n|-activate|p1a: Dragonite|move: Protect\n|-activate|p1b: Blaziken|move: Protect\n|move|p2b: Sylveon|Hyper Voice|p1b: Blaziken|[spread] \n|-activate|p1a: Dragonite|move: Protect\n|-activate|p1b: Blaziken|move: Protect\n|\n|-weather|none\n|-ability|p1b: Blaziken|Speed Boost|boost\n|-boost|p1b: Blaziken|spe|1\n|upkeep\n|turn|7\n|inactive|Baconator1934 has 30 seconds left.\n|inactive|Baconator1934 has 20 seconds left.\n|inactive|Baconator1934 has 15 seconds left.\n|inactive|Baconator1934 has 10 seconds left.\n|inactive|Baconator1934 has 5 seconds left.\n|\n|t:|1788327404\n|move|p1b: Blaziken|Blaze Kick|p2b: Sylveon\n|-damage|p2b: Sylveon|40/100\n|move|p2a: Charizard|Ancient Power|p1b: Blaziken\n|-damage|p1b: Blaziken|5/100\n|move|p1a: Dragonite|Thunderbolt|p2a: Charizard\n|-supereffective|p2a: Charizard|1\n|-damage|p2a: Charizard|0 fnt\n|faint|p2a: Charizard\n|move|p2b: Sylveon|Hyper Voice|p1a: Dragonite|[spread] p1a,p1b\n|-supereffective|p1a: Dragonite|1\n|-damage|p1a: Dragonite|0 fnt\n|-damage|p1b: Blaziken|0 fnt\n|faint|p1a: Dragonite\n|faint|p1b: Blaziken\n|\n|upkeep\n|\n|t:|1788327422\n|switch|p2a: Basculegion|Basculegion, L50, M|100/100\n|switch|p1b: Sableye|Sableye, L50, M, shiny|100/100\n|switch|p1a: Greninja|Greninja, L50, M, shiny|100/100\n|turn|8\n|inactive|Baconator1934 has 30 seconds left.\n|inactive|Baconator1934 has 20 seconds left.\n|\n|t:|1788327461\n|move|p1b: Sableye|Disable|p2b: Sylveon\n|-start|p2b: Sylveon|Disable|Hyper Voice\n|move|p1a: Greninja|Dark Pulse|p2a: Basculegion\n|-start|p1a: Greninja|typechange|Dark|[from] ability: Protean\n|-supereffective|p2a: Basculegion|1\n|-damage|p2a: Basculegion|0 fnt\n|faint|p2a: Basculegion\n|-damage|p1a: Greninja|90/100|[from] item: Life Orb\n|move|p2b: Sylveon|Hyper Beam|p1a: Greninja\n|-supereffective|p1a: Greninja|1\n|-damage|p1a: Greninja|0 fnt\n|-mustrecharge|p2b: Sylveon\n|faint|p1a: Greninja\n|\n|upkeep\n|turn|9\n|\n|t:|1788327482\n|move|p1b: Sableye|Thunder Wave|p2b: Sylveon\n|-status|p2b: Sylveon|par\n|cant|p2b: Sylveon|recharge\n|\n|upkeep\n|turn|10\n|\n|t:|1788327490\n|move|p1b: Sableye|Protect|p1b: Sableye\n|-singleturn|p1b: Sableye|Protect\n|move|p2b: Sylveon|Hyper Beam|p1b: Sableye\n|-activate|p1b: Sableye|move: Protect\n|\n|upkeep\n|turn|11\n|\n|t:|1788327498\n|move|p1b: Sableye|Protect||[still]\n|-fail|p1b: Sableye\n|move|p2b: Sylveon|Hyper Beam|p1b: Sableye\n|-supereffective|p1b: Sableye|1\n|-damage|p1b: Sableye|0 fnt\n|-mustrecharge|p2b: Sylveon\n|faint|p1b: Sableye\n|\n|win|Thornlace48812\n|raw|Baconator1934's rating: 1100 &rarr; <strong>1079</strong><br />(-21 for losing)\n|raw|Thornlace48812's rating: 1156 &rarr; <strong>1177</strong><br />(+21 for winning)\n","uploadtime":1788327498,"views":"0","formatid":"gen9championsvgc2026regmb","rating":1079,"private":0,"password":null}