{"id":"gen9championsvgc2026regmb-2674545914","format":"[Gen 9 Champions] VGC 2026 Reg M-B","players":["bruhdnigerian","enemy zbruh"],"log":"|j|☆bruhdnigerian\n|j|‽enemy zbruh\n|t:|1788372380\n|gametype|doubles\n|player|p1|bruhdnigerian|lance|1203\n|player|p2|enemy zbruh|hilda-wonderlauncher|1143\n|gen|9\n|tier|[Gen 9 Champions] VGC 2026 Reg M-B\n|rated|\n|rule|Species Clause: Limit one of each Pokémon\n|rule|Item Clause: Limit 1 of each item\n|clearpoke\n|poke|p1|Pangoro, L50, M|\n|poke|p1|Chandelure, L50, M|\n|poke|p1|Spiritomb, L50, F|\n|poke|p1|Araquanid, L50, F|\n|poke|p1|Gliscor, L50, F|\n|poke|p1|Drampa, L50, F|\n|poke|p2|Sceptile, L50, F, shiny|\n|poke|p2|Mudsdale, L50, F|\n|poke|p2|Scizor, L50, F, shiny|\n|poke|p2|Meowscarada, L50, F, shiny|\n|poke|p2|Talonflame, L50, F, shiny|\n|poke|p2|Heliolisk, L50, F|\n|teampreview|4\n|inactive|Battle timer is ON: inactive players will automatically lose when time's up. (requested by enemy zbruh)\n|inactive|bruhdnigerian also wants the timer to be on.\n|inactive|bruhdnigerian has 60 seconds left.\n|inactive|enemy zbruh has 60 seconds left.\nbruhdnigerian rejected open team sheets.\n|c|☆bruhdnigerian|nice team\n|inactive|enemy zbruh has 30 seconds left.\n|inactive|enemy zbruh has 20 seconds left.\n|\n|t:|1788372452\n|teamsize|p1|4\n|teamsize|p2|4\n|start\n|switch|p1a: Chandelure|Chandelure, L50, M|100/100\n|switch|p1b: Spiritomb|Spiritomb, L50, F|100/100\n|switch|p2a: Mudsdale|Mudsdale, L50, F|100/100\n|switch|p2b: Heliolisk|Heliolisk, L50, F|100/100\n|turn|1\n|inactive|bruhdnigerian has 30 seconds left.\n|\n|t:|1788372479\n|detailschange|p1a: Chandelure|Chandelure-Mega, L50, M\n|-mega|p1a: Chandelure|Chandelure|Chandelurite\n|move|p2b: Heliolisk|Parabolic Charge|p1a: Chandelure|[spread] p1a,p1b\n|-immune|p2a: Mudsdale\n|-damage|p1a: Chandelure|76/100\n|-damage|p1b: Spiritomb|80/100\n|move|p1a: Chandelure|Energy Ball|p2a: Mudsdale\n|-supereffective|p2a: Mudsdale|1\n|-damage|p2a: Mudsdale|22/100\n|-enditem|p2a: Mudsdale|Sitrus Berry|[eat]\n|-heal|p2a: Mudsdale|47/100|[from] item: Sitrus Berry\n|move|p2a: Mudsdale|Curse|p2a: Mudsdale\n|-unboost|p2a: Mudsdale|spe|1\n|-boost|p2a: Mudsdale|atk|1\n|-boost|p2a: Mudsdale|def|1\n|move|p1b: Spiritomb|Hex|p2a: Mudsdale\n|-crit|p2a: Mudsdale\n|-damage|p2a: Mudsdale|14/100\n|\n|upkeep\n|turn|2\n|inactive|enemy zbruh has 30 seconds left.\n|\n|t:|1788372515\n|move|p2a: Mudsdale|Protect|p2a: Mudsdale\n|-singleturn|p2a: Mudsdale|Protect\n|move|p2b: Heliolisk|Parabolic Charge|p1b: Spiritomb|[spread] p1a,p1b\n|-activate|p2a: Mudsdale|move: Protect\n|-damage|p1a: Chandelure|51/100\n|-damage|p1b: Spiritomb|61/100\n|move|p1a: Chandelure|Energy Ball|p2a: Mudsdale\n|-activate|p2a: Mudsdale|move: Protect\n|move|p1b: Spiritomb|Trick Room|p1b: Spiritomb\n|-fieldstart|move: Trick Room|[of] p1b: Spiritomb\n|\n|upkeep\n|turn|3\n|\n|t:|1788372531\n|switch|p2b: Talonflame|Talonflame, L50, F, shiny|100/100\n|move|p2a: Mudsdale|Earthquake|p1a: Chandelure|[spread] p1a,p1b\n|-immune|p2b: Talonflame\n|-supereffective|p1a: Chandelure|1\n|-damage|p1a: Chandelure|0 fnt\n|-damage|p1b: Spiritomb|13/100\n|faint|p1a: Chandelure\n|move|p1b: Spiritomb|Hex|p2a: Mudsdale\n|-damage|p2a: Mudsdale|0 fnt\n|faint|p2a: Mudsdale\n|\n|upkeep\n|\n|t:|1788372544\n|switch|p2a: Meowscarada|Meowscarada, L50, F, shiny|100/100\n|switch|p1a: Gliscor|Gliscor, L50, F|100/100\n|turn|4\n|inactive|bruhdnigerian has 30 seconds left.\n|\n|t:|1788372569\n|move|p2b: Talonflame|Dual Wingbeat|p1b: Spiritomb\n|-damage|p1b: Spiritomb|0 fnt\n|faint|p1b: Spiritomb\n|-hitcount|p1: Spiritomb|1\n|move|p1a: Gliscor|Acrobatics|p2a: Meowscarada\n|-supereffective|p2a: Meowscarada|1\n|-damage|p2a: Meowscarada|0 fnt\n|faint|p2a: Meowscarada\n|\n|upkeep\n|\n|t:|1788372576\n|switch|p1b: Pangoro|Pangoro, L50, M|100/100\n|switch|p2a: Heliolisk|Heliolisk, L50, F|100/100\n|turn|5\n|\n|t:|1788372591\n|move|p1b: Pangoro|Protect|p1b: Pangoro\n|-singleturn|p1b: Pangoro|Protect\n|move|p2a: Heliolisk|Protect|p2a: Heliolisk\n|-singleturn|p2a: Heliolisk|Protect\n|move|p2b: Talonflame|Dual Wingbeat|p1b: Pangoro\n|-activate|p1b: Pangoro|move: Protect\n|move|p1a: Gliscor|Rock Slide|p2b: Talonflame|[spread] p2b\n|-activate|p2a: Heliolisk|move: Protect\n|-supereffective|p2b: Talonflame|2\n|-damage|p2b: Talonflame|1/100\n|\n|upkeep\n|turn|6\n|-message|enemy zbruh forfeited.\n|\n|win|bruhdnigerian\n|raw|bruhdnigerian's rating: 1203 &rarr; <strong>1224</strong><br />(+21 for winning)\n|raw|enemy zbruh's rating: 1143 &rarr; <strong>1122</strong><br />(-21 for losing)\n|l|‽enemy zbruh\n|player|p2|\n","uploadtime":1788372621,"views":"0","formatid":"gen9championsvgc2026regmb","rating":1122,"private":0,"password":null}