{"id":"gen9championsvgc2026regmb-2673917424","format":"[Gen 9 Champions] VGC 2026 Reg M-B","players":["koolkidpar","DISASTERPKMNZ"],"log":"|j|☆koolkidpar\n|j|☆DISASTERPKMNZ\n|t:|1788276901\n|gametype|doubles\n|player|p1|koolkidpar|ingo|1130\n|player|p2|DISASTERPKMNZ|cynthia-gen4|1051\n|gen|9\n|tier|[Gen 9 Champions] VGC 2026 Reg M-B\n|rated|\n|rule|Species Clause: Limit one of each Pokémon\n|rule|Item Clause: Limit 1 of each item\n|clearpoke\n|poke|p1|Tyranitar, L50, F|\n|poke|p1|Steelix, L50, M|\n|poke|p1|Decidueye-Hisui, L50, F|\n|poke|p1|Houndstone, L50, F|\n|poke|p1|Sinistcha-Masterpiece, L50|\n|poke|p1|Palafin, L50, F|\n|poke|p2|Sylveon, L50, M|\n|poke|p2|Dragapult, L50, M|\n|poke|p2|Garchomp, L50, M|\n|poke|p2|Mawile, L50, M|\n|poke|p2|Talonflame, L50, M|\n|poke|p2|Basculegion, L50, M|\n|teampreview|4\n|inactive|Battle timer is ON: inactive players will automatically lose when time's up. (requested by DISASTERPKMNZ)\n|inactive|DISASTERPKMNZ has 60 seconds left.\n|\n|t:|1788276936\n|teamsize|p1|4\n|teamsize|p2|4\n|start\n|switch|p1a: Tyranitar|Tyranitar, L50, F|100/100\n|switch|p1b: Palafin|Palafin, L50, F|100/100\n|switch|p2a: Talonflame|Talonflame, L50, M|100/100\n|switch|p2b: Sylveon|Sylveon, L50, M|100/100\n|-weather|Sandstorm|[from] ability: Sand Stream|[of] p1a: Tyranitar\n|turn|1\n|inactive|koolkidpar has 30 seconds left.\n|\n|t:|1788276968\n|move|p1a: Tyranitar|Protect|p1a: Tyranitar\n|-singleturn|p1a: Tyranitar|Protect\n|move|p1b: Palafin|Flip Turn|p2a: Talonflame\n|-supereffective|p2a: Talonflame|1\n|-damage|p2a: Talonflame|33/100\n|inactive|koolkidpar has 30 seconds left.\n|inactive|koolkidpar has 20 seconds left.\n|inactive|koolkidpar has 15 seconds left.\n|inactive|koolkidpar has 10 seconds left.\n|inactive|koolkidpar has 5 seconds left.\n|\n|t:|1788277024\n|detailschange|p1b: Palafin|Palafin-Hero, L50, F\n|switch|p1b: Steelix|Steelix, L50, M|100/100|[from] Flip Turn\n|move|p2a: Talonflame|Tailwind|p2a: Talonflame\n|-sidestart|p2: DISASTERPKMNZ|move: Tailwind\n|move|p2b: Sylveon|Hyper Voice|p1a: Tyranitar|[spread] p1b\n|-activate|p1a: Tyranitar|move: Protect\n|-resisted|p1b: Steelix|1\n|-damage|p1b: Steelix|65/100\n|\n|-weather|Sandstorm|[upkeep]\n|-damage|p2a: Talonflame|27/100|[from] Sandstorm\n|-damage|p2b: Sylveon|94/100|[from] Sandstorm\n|upkeep\n|turn|2\n|\n|t:|1788277041\n|switch|p2a: Dragapult|Dragapult, L50, M|100/100\n|switch|p1a: Sinistcha|Sinistcha-Masterpiece, L50|100/100\n|-heal|p1b: Steelix|90/100|[from] ability: Hospitality|[of] p1a: Sinistcha\n|detailschange|p1b: Steelix|Steelix-Mega, L50, M\n|-mega|p1b: Steelix|Steelix|Steelixite\n|move|p2b: Sylveon|Hyper Voice|p1a: Sinistcha|[spread] p1a,p1b\n|-resisted|p1b: Steelix|1\n|-damage|p1a: Sinistcha|45/100\n|-damage|p1b: Steelix|67/100\n|move|p1b: Steelix|Heavy Slam|p2b: Sylveon\n|-supereffective|p2b: Sylveon|1\n|-damage|p2b: Sylveon|0 fnt\n|faint|p2b: Sylveon\n|\n|-weather|Sandstorm|[upkeep]\n|-damage|p2a: Dragapult|93/100|[from] Sandstorm\n|-damage|p1a: Sinistcha|39/100|[from] Sandstorm\n|upkeep\n|\n|t:|1788277061\n|switch|p2b: Talonflame|Talonflame, L50, M|27/100\n|turn|3\n|inactive|koolkidpar has 30 seconds left.\n|inactive|koolkidpar has 20 seconds left.\n|inactive|koolkidpar has 15 seconds left.\n|inactive|koolkidpar has 10 seconds left.\n|inactive|koolkidpar has 5 seconds left.\n|\n|t:|1788277117\n|move|p2a: Dragapult|Phantom Force||[still]\n|-prepare|p2a: Dragapult|Phantom Force\n|move|p2b: Talonflame|Blaze Kick|p1b: Steelix\n|-supereffective|p1b: Steelix|1\n|-damage|p1b: Steelix|39/100\n|move|p1a: Sinistcha|Matcha Gotcha|p2b: Talonflame|[spread] p2b\n|-miss|p1a: Sinistcha|p2a: Dragapult\n|-resisted|p2b: Talonflame|2\n|-damage|p2b: Talonflame|18/100\n|-heal|p1a: Sinistcha|43/100|[from] drain|[of] p2b: Talonflame\n|move|p1b: Steelix|Heavy Slam|p2b: Talonflame\n|-resisted|p2b: Talonflame|1\n|-damage|p2b: Talonflame|0 fnt\n|faint|p2b: Talonflame\n|\n|-weather|Sandstorm|[upkeep]\n|-damage|p2a: Dragapult|87/100|[from] Sandstorm\n|-damage|p1a: Sinistcha|37/100|[from] Sandstorm\n|upkeep\n|\n|t:|1788277136\n|switch|p2b: Basculegion|Basculegion, L50, M|100/100\n|turn|4\n|\n|t:|1788277155\n|move|p1b: Steelix|Protect|p1b: Steelix\n|-singleturn|p1b: Steelix|Protect\n|move|p2a: Dragapult|Phantom Force|p1a: Sinistcha|[from] lockedmove\n|-supereffective|p1a: Sinistcha|1\n|-damage|p1a: Sinistcha|0 fnt\n|faint|p1a: Sinistcha\n|move|p2b: Basculegion|Last Respects|p1b: Steelix\n|-activate|p1b: Steelix|move: Protect\n|\n|-weather|Sandstorm|[upkeep]\n|-damage|p2a: Dragapult|81/100|[from] Sandstorm\n|-damage|p2b: Basculegion|93/100|[from] Sandstorm\n|-sideend|p2: DISASTERPKMNZ|move: Tailwind\n|upkeep\n|\n|t:|1788277160\n|switch|p1a: Palafin|Palafin-Hero, L50, F|100/100\n|-activate|p1a: Palafin|ability: Zero to Hero\n|turn|5\n|inactive|DISASTERPKMNZ has 30 seconds left.\n|\n|t:|1788277191\n|switch|p1b: Tyranitar|Tyranitar, L50, F|100/100\n|move|p1a: Palafin|Jet Punch|p2a: Dragapult\n|-resisted|p2a: Dragapult|1\n|-damage|p2a: Dragapult|53/100\n|move|p2a: Dragapult|Phantom Force||[still]\n|-prepare|p2a: Dragapult|Phantom Force\n|move|p2b: Basculegion|Last Respects|p1a: Palafin\n|-damage|p1a: Palafin|0 fnt\n|faint|p1a: Palafin\n|\n|-weather|none\n|upkeep\n|inactive|koolkidpar has 30 seconds left.\n|\n|t:|1788277219\n|switch|p1a: Steelix|Steelix-Mega, L50, M|39/100\n|turn|6\n|inactive|koolkidpar has 30 seconds left.\n|inactive|koolkidpar has 20 seconds left.\n|inactive|koolkidpar has 15 seconds left.\n|inactive|koolkidpar has 10 seconds left.\n|inactive|koolkidpar has 5 seconds left.\n|\n|t:|1788277274\n|move|p2a: Dragapult|Phantom Force|p1b: Tyranitar|[from] lockedmove\n|-resisted|p1b: Tyranitar|1\n|-damage|p1b: Tyranitar|84/100\n|move|p2b: Basculegion|Last Respects|p1a: Steelix\n|-damage|p1a: Steelix|0 fnt\n|faint|p1a: Steelix\n|move|p1b: Tyranitar|Dragon Dance|p1b: Tyranitar\n|-boost|p1b: Tyranitar|atk|1\n|-boost|p1b: Tyranitar|spe|1\n|\n|upkeep\n|turn|7\n|inactive|koolkidpar has 30 seconds left.\n|inactive|koolkidpar has 20 seconds left.\n|inactive|koolkidpar has 15 seconds left.\n|inactive|koolkidpar has 10 seconds left.\n|inactive|koolkidpar has 5 seconds left.\n|\n|t:|1788277329\n|move|p2a: Dragapult|Rest|p2a: Dragapult\n|-status|p2a: Dragapult|slp|[from] move: Rest\n|-heal|p2a: Dragapult|100/100 slp|[silent]\n|-enditem|p2a: Dragapult|Chesto Berry|[eat]\n|-curestatus|p2a: Dragapult|slp|[msg]\n|move|p2b: Basculegion|Last Respects|p1b: Tyranitar\n|-resisted|p1b: Tyranitar|1\n|-damage|p1b: Tyranitar|39/100\n|move|p1b: Tyranitar|Dragon Dance|p1b: Tyranitar\n|-boost|p1b: Tyranitar|atk|1\n|-boost|p1b: Tyranitar|spe|1\n|\n|upkeep\n|turn|8\n|\n|t:|1788277343\n|move|p1b: Tyranitar|Rock Slide|p2a: Dragapult|[spread] p2a,p2b\n|-damage|p2a: Dragapult|1/100\n|-damage|p2b: Basculegion|6/100\n|move|p2a: Dragapult|Dragon Darts|p1b: Tyranitar\n|-damage|p1b: Tyranitar|22/100\n|-anim|p2a: Dragapult|Dragon Darts|p1b: Tyranitar\n|-damage|p1b: Tyranitar|3/100\n|move|p2b: Basculegion|Last Respects|p1b: Tyranitar\n|-resisted|p1b: Tyranitar|1\n|-damage|p1b: Tyranitar|0 fnt\n|faint|p1b: Tyranitar\n|\n|win|DISASTERPKMNZ\n|raw|koolkidpar's rating: 1130 &rarr; <strong>1099</strong><br />(-31 for losing)\n|raw|DISASTERPKMNZ's rating: 1051 &rarr; <strong>1091</strong><br />(+40 for winning)\n|l|☆koolkidpar\n|player|p1|\n","uploadtime":1788277357,"views":"12","formatid":"gen9championsvgc2026regmb","rating":1091,"private":0,"password":null}