{"id":"gen9championsvgc2026regmbbo3-2673666844","format":"[Gen 9 Champions] VGC 2026 Reg M-B (Bo3)","players":["Unemployed Homie","JakAttack626"],"log":"|j|☆Unemployed Homie\n|j|☆JakAttack626\n|html|<table width=\"100%\"><tr><td align=\"left\">Unemployed Homie</td><td align=\"right\">JakAttack626</tr><tr><td align=\"left\"><i class=\"fa fa-circle\"></i> <i class=\"fa fa-circle-o\"></i> </td><td align=\"right\"><i class=\"fa fa-circle-o\"></i> <i class=\"fa fa-circle-o\"></i> </tr></table>\n|uhtml|bestof|<h2><strong>Game 2</strong> of <a href=\"/game-bestof3-gen9championsvgc2026regmbbo3-2673664946\">a best-of-3</a></h2>\n|t:|1788229794\n|gametype|doubles\n|player|p1|Unemployed Homie|emmet|1112\n|player|p2|JakAttack626|pryce|1178\n|gen|9\n|tier|[Gen 9 Champions] VGC 2026 Reg M-B (Bo3)\n|rated|\n|rule|Species Clause: Limit one of each Pokémon\n|rule|Item Clause: Limit 1 of each item\n|clearpoke\n|poke|p1|Blaziken, L50, M|\n|poke|p1|Milotic, L50, F|\n|poke|p1|Kingambit, L50, M|\n|poke|p1|Ninetales-Alola, L50, M|\n|poke|p1|Aerodactyl, L50, M|\n|poke|p1|Sinistcha, L50|\n|poke|p2|Scovillain, L50, M, shiny|\n|poke|p2|Basculegion, L50, M|\n|poke|p2|Kingambit, L50, F|\n|poke|p2|Sneasler, L50, M|\n|poke|p2|Lycanroc-Dusk, L50, F|\n|poke|p2|Froslass, L50, F|\n|teampreview|4\n|showteam|p1|Blaziken||Blazikenite|SpeedBoost|Detect,BulkUp,FlareBlitz,CloseCombat|Adamant||M|||50|]Milotic||Leftovers|Competitive|Coil,MuddyWater,Hypnosis,Protect|Quiet||F|||50|]Kingambit||FocusSash|Defiant|Assurance,Protect,IronHead,SuckerPunch|Adamant||M|||50|]Ninetales-Alola||LifeOrb|SnowWarning|AuroraVeil,Blizzard,DazzlingGleam,Protect|Timid||M|||50|]Aerodactyl||Aerodactylite|Unnerve|Tailwind,Protect,DualWingbeat,RockSlide|Jolly||M|||50|]Sinistcha||SitrusBerry|Hospitality|MatchaGotcha,TrickRoom,Imprison,Protect|Relaxed|||||50|\n|showteam|p2|Scovillain||Scovillainite|Moody|GigaDrain,Overheat,RagePowder,Protect|Bold||M|||50|]Basculegion||LifeOrb|Adaptability|WaveCrash,AquaJet,LastRespects,Protect|Adamant||M|||50|]Kingambit||BlackGlasses|Defiant|KowtowCleave,SuckerPunch,SwordsDance,Protect|Adamant||F|||50|]Sneasler||WhiteHerb|Unburden|DireClaw,CloseCombat,FakeOut,Protect|Adamant||M|||50|]Lycanroc-Dusk||FocusSash|ToughClaws|RockSlide,CloseCombat,Accelerock,Protect|Adamant||F|||50|]Froslass||Froslassite|CursedBody|Blizzard,ShadowBall,AuroraVeil,Protect|Timid||F|||50|\n|inactive|Battle timer is ON: inactive players will automatically lose when time's up. (requested by Unemployed Homie)\n|inactive|Unemployed Homie has 60 seconds left.\n|inactive|JakAttack626 has 60 seconds left.\n|\n|t:|1788229852\n|teamsize|p1|4\n|teamsize|p2|4\n|start\n|switch|p1a: Blaziken|Blaziken, L50, M|100/100\n|switch|p1b: Sinistcha|Sinistcha, L50|100/100\n|switch|p2a: Hot One|Scovillain, L50, M, shiny|100/100\n|switch|p2b: Beeeep|Froslass, L50, F|100/100\n|turn|1\n|inactive|Unemployed Homie has 30 seconds left.\n|inactive|JakAttack626 has 30 seconds left.\n|inactive|Unemployed Homie has 20 seconds left.\n|inactive|Unemployed Homie has 15 seconds left.\n|inactive|Unemployed Homie has 10 seconds left.\n|\n|t:|1788229901\n|detailschange|p2b: Beeeep|Froslass-Mega, L50, F\n|-mega|p2b: Beeeep|Froslass|Froslassite\n|-weather|Snowscape|[from] ability: Snow Warning|[of] p2b: Beeeep\n|detailschange|p1a: Blaziken|Blaziken-Mega, L50, M\n|-mega|p1a: Blaziken|Blaziken|Blazikenite\n|move|p2b: Beeeep|Aurora Veil|p2b: Beeeep\n|-sidestart|p2: JakAttack626|move: Aurora Veil\n|move|p1a: Blaziken|Close Combat|p2a: Hot One\n|-damage|p2a: Hot One|35/100\n|-unboost|p1a: Blaziken|def|1\n|-unboost|p1a: Blaziken|spd|1\n|move|p2a: Hot One|Overheat|p1b: Sinistcha|[miss]\n|-miss|p2a: Hot One|p1b: Sinistcha\n|move|p1b: Sinistcha|Trick Room|p1b: Sinistcha\n|-fieldstart|move: Trick Room|[of] p1b: Sinistcha\n|\n|-weather|Snowscape|[upkeep]\n|-ability|p2a: Hot One|Moody|boost\n|-boost|p2a: Hot One|atk|2\n|-unboost|p2a: Hot One|spa|1\n|-ability|p1a: Blaziken|Speed Boost|boost\n|-boost|p1a: Blaziken|spe|1\n|upkeep\n|turn|2\n|inactive|Unemployed Homie has 30 seconds left.\n|inactive|JakAttack626 has 30 seconds left.\n|inactive|Unemployed Homie has 20 seconds left.\n|inactive|Unemployed Homie has 15 seconds left.\n|inactive|Unemployed Homie has 10 seconds left.\n|\n|t:|1788229950\n|move|p1b: Sinistcha|Protect|p1b: Sinistcha\n|-singleturn|p1b: Sinistcha|Protect\n|move|p2a: Hot One|Overheat|p1a: Blaziken\n|-resisted|p1a: Blaziken|1\n|-damage|p1a: Blaziken|67/100\n|-unboost|p2a: Hot One|spa|2\n|move|p2b: Beeeep|Blizzard|p1a: Blaziken|[spread] p1a\n|-activate|p1b: Sinistcha|move: Protect\n|-resisted|p1a: Blaziken|1\n|-damage|p1a: Blaziken|29/100\n|move|p1a: Blaziken|Flare Blitz|p2b: Beeeep\n|-supereffective|p2b: Beeeep|1\n|-damage|p2b: Beeeep|0 fnt\n|faint|p2b: Beeeep\n|-damage|p1a: Blaziken|0 fnt|[from] Recoil\n|faint|p1a: Blaziken\n|\n|-weather|Snowscape|[upkeep]\n|-ability|p2a: Hot One|Moody|boost\n|-boost|p2a: Hot One|spd|2\n|-unboost|p2a: Hot One|spa|1\n|upkeep\n|\n|t:|1788229970\n|switch|p1a: Kingambit|Kingambit, L50, M|100/100\n|switch|p2b: Kachow|Sneasler, L50, M|100/100\n|turn|3\n|inactive|Unemployed Homie has 30 seconds left.\n|\n|t:|1788230000\n|move|p1a: Kingambit|Iron Head|p2b: Kachow\n|-damage|p2b: Kachow|50/100g\n|move|p1b: Sinistcha|Matcha Gotcha|p2b: Kachow|[spread] p2a\n|-miss|p1b: Sinistcha|p2b: Kachow\n|-resisted|p2a: Hot One|2\n|-damage|p2a: Hot One|32/100\n|move|p2a: Hot One|Overheat|p1a: Kingambit\n|-supereffective|p1a: Kingambit|1\n|-damage|p1a: Kingambit|67/100\n|-unboost|p2a: Hot One|spa|2\n|move|p2b: Kachow|Dire Claw|p1b: Sinistcha\n|-damage|p1b: Sinistcha|71/100\n|\n|-weather|Snowscape|[upkeep]\n|-ability|p2a: Hot One|Moody|boost\n|-boost|p2a: Hot One|spd|2\n|-unboost|p2a: Hot One|atk|1\n|upkeep\n|turn|4\n|\n|t:|1788230023\n|move|p2a: Hot One|Rage Powder|p2a: Hot One\n|-singleturn|p2a: Hot One|move: Rage Powder\n|move|p1a: Kingambit|Sucker Punch||[still]\n|-fail|p1a: Kingambit\n|move|p1b: Sinistcha|Matcha Gotcha|p2a: Hot One|[spread] p2a,p2b\n|-resisted|p2a: Hot One|2\n|-resisted|p2b: Kachow|1\n|-damage|p2a: Hot One|30/100\n|-heal|p1b: Sinistcha|72/100|[from] drain|[of] p2a: Hot One\n|-damage|p2b: Kachow|41/100\n|-heal|p1b: Sinistcha|77/100|[from] drain|[of] p2b: Kachow\n|move|p2b: Kachow|Dire Claw|p1b: Sinistcha\n|-damage|p1b: Sinistcha|50/100y\n|-enditem|p1b: Sinistcha|Sitrus Berry|[eat]\n|-heal|p1b: Sinistcha|74/100|[from] item: Sitrus Berry\n|\n|-weather|Snowscape|[upkeep]\n|-ability|p2a: Hot One|Moody|boost\n|-boost|p2a: Hot One|spe|2\n|-unboost|p2a: Hot One|def|1\n|upkeep\n|turn|5\n|inactive|Unemployed Homie has 30 seconds left.\n|\n|t:|1788230049\n|move|p2b: Kachow|Protect|p2b: Kachow\n|-singleturn|p2b: Kachow|Protect\n|move|p2a: Hot One|Protect|p2a: Hot One\n|-singleturn|p2a: Hot One|Protect\n|move|p1a: Kingambit|Assurance|p2a: Hot One\n|-activate|p2a: Hot One|move: Protect\n|move|p1b: Sinistcha|Matcha Gotcha|p2a: Hot One|[spread] \n|-activate|p2a: Hot One|move: Protect\n|-activate|p2b: Kachow|move: Protect\n|\n|-weather|none\n|-sideend|p2: JakAttack626|move: Aurora Veil\n|-fieldend|move: Trick Room\n|-ability|p2a: Hot One|Moody|boost\n|-boost|p2a: Hot One|atk|2\n|-unboost|p2a: Hot One|def|1\n|upkeep\n|turn|6\n|inactive|Unemployed Homie has 30 seconds left.\n|\n|t:|1788230076\n|switch|p1a: Ninetales|Ninetales-Alola, L50, M|100/100\n|-weather|Snowscape|[from] ability: Snow Warning|[of] p1a: Ninetales\n|move|p2a: Hot One|Overheat|p1b: Sinistcha\n|-supereffective|p1b: Sinistcha|1\n|-damage|p1b: Sinistcha|44/100\n|move|p2b: Kachow|Close Combat|p1a: Ninetales\n|-damage|p1a: Ninetales|34/100\n|-unboost|p2b: Kachow|def|1\n|-unboost|p2b: Kachow|spd|1\n|-enditem|p2b: Kachow|White Herb\n|-clearnegativeboost|p2b: Kachow|[silent]\n|move|p1b: Sinistcha|Matcha Gotcha|p2b: Kachow|[spread] p2a,p2b\n|-resisted|p2a: Hot One|2\n|-resisted|p2b: Kachow|1\n|-damage|p2a: Hot One|28/100\n|-heal|p1b: Sinistcha|45/100|[from] drain|[of] p2a: Hot One\n|-damage|p2b: Kachow|26/100\n|-heal|p1b: Sinistcha|52/100|[from] drain|[of] p2b: Kachow\n|\n|-weather|Snowscape|[upkeep]\n|-ability|p2a: Hot One|Moody|boost\n|-boost|p2a: Hot One|def|2\n|-unboost|p2a: Hot One|atk|1\n|upkeep\n|turn|7\n|inactive|Unemployed Homie has 30 seconds left.\n|\n|t:|1788230106\n|move|p2b: Kachow|Dire Claw|p1b: Sinistcha\n|-damage|p1b: Sinistcha|22/100\n|move|p2a: Hot One|Overheat|p1a: Ninetales|[miss]\n|-miss|p2a: Hot One|p1a: Ninetales\n|move|p1a: Ninetales|Aurora Veil|p1a: Ninetales\n|-sidestart|p1: Unemployed Homie|move: Aurora Veil\n|move|p1b: Sinistcha|Matcha Gotcha|p2b: Kachow|[spread] p2a,p2b\n|-resisted|p2a: Hot One|2\n|-resisted|p2b: Kachow|1\n|-damage|p2a: Hot One|26/100\n|-heal|p1b: Sinistcha|23/100|[from] drain|[of] p2a: Hot One\n|-damage|p2b: Kachow|10/100\n|-heal|p1b: Sinistcha|30/100|[from] drain|[of] p2b: Kachow\n|\n|-weather|Snowscape|[upkeep]\n|-ability|p2a: Hot One|Moody|boost\n|-boost|p2a: Hot One|atk|2\n|-unboost|p2a: Hot One|spe|1\n|upkeep\n|turn|8\n|\n|t:|1788230128\n|move|p2b: Kachow|Dire Claw|p1a: Ninetales\n|-supereffective|p1a: Ninetales|1\n|-damage|p1a: Ninetales|0 fnt\n|faint|p1a: Ninetales\n|move|p2a: Hot One|Overheat|p1b: Sinistcha\n|-supereffective|p1b: Sinistcha|1\n|-damage|p1b: Sinistcha|12/100\n|move|p1b: Sinistcha|Matcha Gotcha|p2a: Hot One|[spread] p2a,p2b\n|-resisted|p2a: Hot One|2\n|-resisted|p2b: Kachow|1\n|-damage|p2a: Hot One|23/100\n|-heal|p1b: Sinistcha|13/100|[from] drain|[of] p2a: Hot One\n|-damage|p2b: Kachow|0 fnt\n|-heal|p1b: Sinistcha|19/100|[from] drain|[of] p2b: Kachow\n|faint|p2b: Kachow\n|\n|-weather|Snowscape|[upkeep]\n|-ability|p2a: Hot One|Moody|boost\n|-boost|p2a: Hot One|spe|2\n|-unboost|p2a: Hot One|atk|1\n|upkeep\n|\n|t:|1788230146\n|switch|p1a: Kingambit|Kingambit, L50, M|67/100\n|switch|p2b: SeaWater|Basculegion, L50, M|100/100\n|turn|9\n|\n|t:|1788230167\n|move|p2a: Hot One|Rage Powder|p2a: Hot One\n|-singleturn|p2a: Hot One|move: Rage Powder\n|move|p2b: SeaWater|Last Respects|p1b: Sinistcha\n|-supereffective|p1b: Sinistcha|1\n|-damage|p1b: Sinistcha|0 fnt\n|faint|p1b: Sinistcha\n|-damage|p2b: SeaWater|90/100|[from] item: Life Orb\n|move|p1a: Kingambit|Assurance|p2a: Hot One\n|-damage|p2a: Hot One|0 fnt\n|faint|p2a: Hot One\n|\n|-weather|Snowscape|[upkeep]\n|upkeep\n|turn|10\n|\n|t:|1788230183\n|move|p2b: SeaWater|Last Respects|p1a: Kingambit\n|-resisted|p1a: Kingambit|1\n|-damage|p1a: Kingambit|24/100\n|-damage|p2b: SeaWater|80/100|[from] item: Life Orb\n|move|p1a: Kingambit|Assurance|p2b: SeaWater\n|-supereffective|p2b: SeaWater|1\n|-damage|p2b: SeaWater|0 fnt\n|faint|p2b: SeaWater\n|\n|win|Unemployed Homie\n|raw|Unemployed Homie's rating: 1112 &rarr; <strong>1142</strong><br />(+30 for winning)\n|raw|JakAttack626's rating: 1178 &rarr; <strong>1148</strong><br />(-30 for losing)\n","uploadtime":1788230183,"views":"4","formatid":"gen9championsvgc2026regmbbo3","rating":1142,"private":0,"password":null}