{"id":"gen9championsvgc2026regmb-2674246816","format":"[Gen 9 Champions] VGC 2026 Reg M-B","players":["rosawpark","not questy"],"log":"|j|☆rosawpark\n|j|☆not questy\n|html|<table width=\"100%\"><tr><td align=\"left\">rosawpark</td><td align=\"right\">not questy</tr><tr><td align=\"left\"><i class=\"fa fa-circle\"></i> <i class=\"fa fa-circle-o\"></i> </td><td align=\"right\"><i class=\"fa fa-circle-o\"></i> <i class=\"fa fa-circle-o\"></i> </tr></table>\n|uhtml|bestof|<h2><strong>Game 2</strong> of <a href=\"/game-bestof3-gen9championsvgc2026regmb-2674245460\">a best-of-3</a></h2>\n|t:|1788322647\n|gametype|doubles\n|player|p1|rosawpark|wallace|\n|player|p2|not questy|n|\n|gen|9\n|tier|[Gen 9 Champions] VGC 2026 Reg M-B\n|rule|Species Clause: Limit one of each Pokémon\n|rule|Item Clause: Limit 1 of each item\n|raw|<div class=\"infobox\"><details class=\"readmore\" open><summary><strong>1 custom rule:</strong></summary> Best of = 3</details></div>\n|clearpoke\n|poke|p1|Archaludon, L50, M|\n|poke|p1|Sableye, L50, M|\n|poke|p1|Toxicroak, L50, F|\n|poke|p1|Sinistcha, L50|\n|poke|p1|Simipour, L50, M|\n|poke|p1|Toucannon, L50, M, shiny|\n|poke|p2|Eelektross, L50, M|\n|poke|p2|Clefable, L50, F|\n|poke|p2|Blaziken, L50, M|\n|poke|p2|Corviknight, L50, M|\n|poke|p2|Primarina, L50, F|\n|poke|p2|Toxapex, L50, F|\n|teampreview|4\n|j| Puffii_\nrosawpark rejected open team sheets.\n|j| imsoporkechopped\n|j| builtshtuppid\n|\n|t:|1788322719\n|teamsize|p1|4\n|teamsize|p2|4\n|start\n|switch|p1a: Archaludon|Archaludon, L50, M|100/100\n|switch|p1b: Sableye|Sableye, L50, M|100/100\n|switch|p2a: Eelektross|Eelektross, L50, M|100/100\n|switch|p2b: Primarina|Primarina, L50, F|100/100\n|turn|1\n|\n|t:|1788322767\n|switch|p1a: Sinistcha|Sinistcha, L50|100/100\n|detailschange|p2a: Eelektross|Eelektross-Mega, L50, M\n|-mega|p2a: Eelektross|Eelektross|Eelektrossite\n|move|p2b: Primarina|Protect|p2b: Primarina\n|-singleturn|p2b: Primarina|Protect\n|move|p1b: Sableye|Fake Out|p2b: Primarina\n|-activate|p2b: Primarina|move: Protect\n|move|p2a: Eelektross|Coil|p2a: Eelektross\n|-boost|p2a: Eelektross|atk|1\n|-boost|p2a: Eelektross|def|1\n|-boost|p2a: Eelektross|accuracy|1\n|\n|upkeep\n|turn|2\n|\n|t:|1788322790\n|move|p1b: Sableye|Rain Dance|p1b: Sableye\n|-weather|RainDance\n|move|p2a: Eelektross|Coil|p2a: Eelektross\n|-boost|p2a: Eelektross|atk|1\n|-boost|p2a: Eelektross|def|1\n|-boost|p2a: Eelektross|accuracy|1\n|move|p2b: Primarina|Ice Beam|p1a: Sinistcha\n|-supereffective|p1a: Sinistcha|1\n|-damage|p1a: Sinistcha|8/100\n|-status|p1a: Sinistcha|frz\n|cant|p1a: Sinistcha|frz\n|\n|-weather|RainDance|[upkeep]\n|-heal|p1a: Sinistcha|14/100 frz|[from] item: Leftovers\n|upkeep\n|turn|3\n|\n|t:|1788322817\n|switch|p1a: Archaludon|Archaludon, L50, M|100/100\n|switch|p1b: Toxicroak|Toxicroak, L50, F|100/100\n|move|p2a: Eelektross|Coil|p2a: Eelektross\n|-boost|p2a: Eelektross|atk|1\n|-boost|p2a: Eelektross|def|1\n|-boost|p2a: Eelektross|accuracy|1\n|move|p2b: Primarina|Moonblast|p1b: Toxicroak\n|-damage|p1b: Toxicroak|18/100\n|-unboost|p1b: Toxicroak|spa|1\n|\n|-weather|RainDance|[upkeep]\n|-heal|p1b: Toxicroak|30/100|[from] ability: Dry Skin\n|upkeep\n|turn|4\n|\n|t:|1788322881\n|move|p1b: Toxicroak|Fake Out|p2a: Eelektross\n|-damage|p2a: Eelektross|93/100\n|cant|p2a: Eelektross|flinch\n|move|p1a: Archaludon|Electro Shot||[still]\n|-prepare|p1a: Archaludon|Electro Shot\n|-boost|p1a: Archaludon|spa|1\n|-anim|p1a: Archaludon|Electro Shot|p2b: Primarina\n|-supereffective|p2b: Primarina|1\n|-damage|p2b: Primarina|0 fnt\n|faint|p2b: Primarina\n|-damage|p1a: Archaludon|90/100|[from] item: Life Orb\n|\n|-weather|RainDance|[upkeep]\n|-heal|p1b: Toxicroak|42/100|[from] ability: Dry Skin\n|upkeep\n|\n|t:|1788322901\n|switch|p2b: Corviknight|Corviknight, L50, M|100/100\n|turn|5\n|\n|t:|1788322916\n|move|p1b: Toxicroak|Close Combat|p2a: Eelektross\n|-damage|p2a: Eelektross|65/100\n|-unboost|p1b: Toxicroak|def|1\n|-unboost|p1b: Toxicroak|spd|1\n|move|p2a: Eelektross|Thunder Punch|p1b: Toxicroak\n|-damage|p1b: Toxicroak|0 fnt\n|faint|p1b: Toxicroak\n|-ability|p2a: Eelektross|Eelevate|boost\n|-boost|p2a: Eelektross|atk|1\n|move|p1a: Archaludon|Electro Shot||[still]\n|-prepare|p1a: Archaludon|Electro Shot\n|-boost|p1a: Archaludon|spa|1\n|-anim|p1a: Archaludon|Electro Shot|p2b: Corviknight\n|-supereffective|p2b: Corviknight|1\n|-damage|p2b: Corviknight|0 fnt\n|faint|p2b: Corviknight\n|-damage|p1a: Archaludon|80/100|[from] item: Life Orb\n|\n|-weather|RainDance|[upkeep]\n|upkeep\n|\n|t:|1788322932\n|switch|p1b: Sableye|Sableye, L50, M|100/100\n|switch|p2b: Toxapex|Toxapex, L50, F|100/100\n|turn|6\n|\n|t:|1788322952\n|move|p1b: Sableye|Fake Out|p2a: Eelektross\n|-damage|p2a: Eelektross|60/100\n|cant|p2a: Eelektross|flinch\n|move|p1a: Archaludon|Electro Shot||[still]\n|-prepare|p1a: Archaludon|Electro Shot\n|-boost|p1a: Archaludon|spa|1\n|-anim|p1a: Archaludon|Electro Shot|p2b: Toxapex\n|-supereffective|p2b: Toxapex|1\n|-damage|p2b: Toxapex|0 fnt\n|faint|p2b: Toxapex\n|-damage|p1a: Archaludon|71/100|[from] item: Life Orb\n|\n|-weather|none\n|upkeep\n|turn|7\n|\n|t:|1788322984\n|move|p1a: Archaludon|Protect|p1a: Archaludon\n|-singleturn|p1a: Archaludon|Protect\n|move|p2a: Eelektross|Drain Punch|p1a: Archaludon\n|-activate|p1a: Archaludon|move: Protect\n|move|p1b: Sableye|Knock Off|p2a: Eelektross\n|-damage|p2a: Eelektross|50/100g\n|\n|upkeep\n|turn|8\n|\n|t:|1788323017\n|move|p2a: Eelektross|Drain Punch|p1a: Archaludon\n|-supereffective|p1a: Archaludon|1\n|-damage|p1a: Archaludon|0 fnt\n|-heal|p2a: Eelektross|94/100|[from] drain|[of] p1a: Archaludon\n|faint|p1a: Archaludon\n|-ability|p2a: Eelektross|Eelevate|boost\n|-boost|p2a: Eelektross|atk|1\n|move|p1b: Sableye|Knock Off|p2a: Eelektross\n|-damage|p2a: Eelektross|84/100\n|\n|upkeep\n|\n|t:|1788323023\n|switch|p1a: Sinistcha|Sinistcha, L50|14/100 frz\n|turn|9\n|\n|t:|1788323033\n|cant|p1a: Sinistcha|frz\n|move|p2a: Eelektross|Thunder Punch|p1b: Sableye\n|-damage|p1b: Sableye|0 fnt\n|faint|p1b: Sableye\n|-ability|p2a: Eelektross|Eelevate|boost\n|-boost|p2a: Eelektross|atk|1\n|\n|-heal|p1a: Sinistcha|20/100y frz|[from] item: Leftovers\n|upkeep\n|turn|10\n|\n|t:|1788323042\n|move|p2a: Eelektross|Thunder Punch|p1a: Sinistcha\n|-resisted|p1a: Sinistcha|1\n|-damage|p1a: Sinistcha|0 fnt\n|faint|p1a: Sinistcha\n|\n|win|not questy\n||rosawpark is ready for game 3.\n||not questy is ready for game 3.\n|uhtml|next|Next: <a href=\"/battle-gen9championsvgc2026regmb-2674248654\"><strong>Game 3 of 3</strong></a>\n|l| builtshtuppid\n","uploadtime":1788323408,"views":"9","formatid":"gen9championsvgc2026regmb","rating":null,"private":0,"password":null}