{"id":"gen9championsvgc2026regmbbo3-2674206789","format":"[Gen 9 Champions] VGC 2026 Reg M-B (Bo3)","players":["manquitoprime","eldanger10"],"log":"|j|☆manquitoprime\n|j|☆eldanger10\n|html|<table width=\"100%\"><tr><td align=\"left\">manquitoprime</td><td align=\"right\">eldanger10</tr><tr><td align=\"left\"><i class=\"fa fa-circle\"></i> <i class=\"fa fa-circle-o\"></i> </td><td align=\"right\"><i class=\"fa fa-circle-o\"></i> <i class=\"fa fa-circle\"></i> </tr></table>\n|uhtml|bestof|<h2><strong>Game 3</strong> of <a href=\"/game-bestof3-gen9championsvgc2026regmbbo3-2674202164\">a best-of-3</a></h2>\n|t:|1788315435\n|gametype|doubles\n|player|p1|manquitoprime|cynthia|1159\n|player|p2|eldanger10|hilda|1265\n|gen|9\n|tier|[Gen 9 Champions] VGC 2026 Reg M-B (Bo3)\n|rated|\n|rule|Species Clause: Limit one of each Pokémon\n|rule|Item Clause: Limit 1 of each item\n|clearpoke\n|poke|p1|Archaludon, L50, M|\n|poke|p1|Charizard, L50, F|\n|poke|p1|Pelipper, L50, M|\n|poke|p1|Venusaur, L50, M|\n|poke|p1|Swampert, L50, F|\n|poke|p1|Grimmsnarl, L50, M|\n|poke|p2|Charizard, L50, M|\n|poke|p2|Whimsicott, L50, M|\n|poke|p2|Floette-Eternal, L50, F|\n|poke|p2|Garchomp, L50, M|\n|poke|p2|Basculegion, L50, M|\n|poke|p2|Kingambit, L50, F|\n|teampreview|4\n|showteam|p1|Archaludon||Leftovers|Stamina|FlashCannon,Protect,ElectroShot,DragonPulse|Timid||M|||50|]Charizard||CharizarditeY|Blaze|HeatWave,SolarBeam,WeatherBall,Protect|Timid||F|||50|]Pelipper||SitrusBerry|Drizzle|Hurricane,WideGuard,WeatherBall,Tailwind|Modest||M|||50|]Venusaur||FocusSash|Chlorophyll|LeafStorm,EarthPower,SludgeBomb,Protect|Modest||M|||50|]Swampert||Swampertite|Torrent|WaveCrash,Protect,Earthquake,IcePunch|Adamant||F|||50|]Grimmsnarl||LightClay|Prankster|Reflect,LightScreen,PartingShot,SpiritBreak|Careful||M|||50|\n|showteam|p2|Charizard||CharizarditeY|Blaze|HeatWave,WeatherBall,AncientPower,Protect|Timid||M|||50|]Whimsicott||FocusSash|Prankster|Moonblast,Tailwind,Encore,Protect|Timid||M|||50|]Floette-Eternal||Floettite|FlowerVeil|Moonblast,DazzlingGleam,LightofRuin,Protect|Modest||F|||50|]Garchomp||LifeOrb|RoughSkin|DragonClaw,Earthquake,RockSlide,Protect|Jolly||M|||50|]Basculegion||ColburBerry|SwiftSwim|WaveCrash,LastRespects,AquaJet,Protect|Adamant||M|||50|]Kingambit||OccaBerry|Defiant|KowtowCleave,SuckerPunch,IronHead,LowKick|Adamant||F|||50|\n|inactive|Battle timer is ON: inactive players will automatically lose when time's up. (requested by manquitoprime)\n|inactive|manquitoprime has 60 seconds left.\n|inactive|eldanger10 has 60 seconds left.\n|\n|t:|1788315474\n|teamsize|p1|4\n|teamsize|p2|4\n|start\n|switch|p1a: Charizard|Charizard, L50, F|100/100\n|switch|p1b: Venusaur|Venusaur, L50, M|100/100\n|switch|p2a: Charizard|Charizard, L50, M|100/100\n|switch|p2b: Whimsicott|Whimsicott, L50, M|100/100\n|turn|1\n|inactive|manquitoprime has 30 seconds left.\n|inactive|manquitoprime has 20 seconds left.\n|inactive|manquitoprime has 15 seconds left.\n|\n|t:|1788315519\n|switch|p2a: Garchomp|Garchomp, L50, M|100/100\n|switch|p1b: Swampert|Swampert, L50, F|100/100\n|detailschange|p1a: Charizard|Charizard-Mega-Y, L50, F\n|-mega|p1a: Charizard|Charizard|Charizardite Y\n|-weather|SunnyDay|[from] ability: Drought|[of] p1a: Charizard\n|move|p2b: Whimsicott|Protect|p2b: Whimsicott\n|-singleturn|p2b: Whimsicott|Protect\n|move|p1a: Charizard|Heat Wave|p2b: Whimsicott|[spread] p2a\n|-activate|p2b: Whimsicott|move: Protect\n|-resisted|p2a: Garchomp|1\n|-damage|p2a: Garchomp|68/100\n|\n|-weather|SunnyDay|[upkeep]\n|upkeep\n|turn|2\n|inactive|manquitoprime has 30 seconds left.\n|inactive|eldanger10 has 30 seconds left.\n|inactive|manquitoprime has 20 seconds left.\n|\n|t:|1788315558\n|switch|p2b: Basculegion|Basculegion, L50, M|100/100\n|move|p2a: Garchomp|Protect|p2a: Garchomp\n|-singleturn|p2a: Garchomp|Protect\n|move|p1a: Charizard|Protect|p1a: Charizard\n|-singleturn|p1a: Charizard|Protect\n|move|p1b: Swampert|Ice Punch|p2b: Basculegion\n|-resisted|p2b: Basculegion|1\n|-damage|p2b: Basculegion|86/100\n|\n|-weather|SunnyDay|[upkeep]\n|upkeep\n|turn|3\n|\n|t:|1788315581\n|switch|p1a: Venusaur|Venusaur, L50, M|100/100\n|move|p2a: Garchomp|Rock Slide|p1a: Venusaur|[spread] p1a,p1b\n|-resisted|p1b: Swampert|1\n|-damage|p1a: Venusaur|67/100\n|-damage|p1b: Swampert|90/100\n|-damage|p2a: Garchomp|58/100|[from] item: Life Orb\n|move|p2b: Basculegion|Wave Crash|p1b: Swampert\n|-damage|p1b: Swampert|63/100\n|-damage|p2b: Basculegion|76/100|[from] Recoil\n|move|p1b: Swampert|Ice Punch|p2a: Garchomp\n|-supereffective|p2a: Garchomp|2\n|-damage|p2a: Garchomp|0 fnt\n|-damage|p1b: Swampert|51/100|[from] ability: Rough Skin|[of] p2a: Garchomp\n|faint|p2a: Garchomp\n|\n|-weather|SunnyDay|[upkeep]\n|upkeep\n|\n|t:|1788315598\n|switch|p2a: Whimsicott|Whimsicott, L50, M|100/100\n|turn|4\n|inactive|manquitoprime has 30 seconds left.\n|\n|t:|1788315626\n|move|p1a: Venusaur|Protect|p1a: Venusaur\n|-singleturn|p1a: Venusaur|Protect\n|move|p2a: Whimsicott|Tailwind|p2a: Whimsicott\n|-sidestart|p2: eldanger10|move: Tailwind\n|move|p2b: Basculegion|Last Respects|p1a: Venusaur\n|-activate|p1a: Venusaur|move: Protect\n|move|p1b: Swampert|Ice Punch|p2a: Whimsicott\n|-supereffective|p2a: Whimsicott|1\n|-damage|p2a: Whimsicott|22/100\n|\n|-weather|SunnyDay|[upkeep]\n|upkeep\n|turn|5\n|inactive|manquitoprime has 30 seconds left.\n|inactive|manquitoprime has 20 seconds left.\n|inactive|manquitoprime has 15 seconds left.\n|\n|t:|1788315667\n|move|p1b: Swampert|Protect|p1b: Swampert\n|-singleturn|p1b: Swampert|Protect\n|move|p2a: Whimsicott|Encore|p1a: Venusaur\n|-start|p1a: Venusaur|Encore\n|move|p1a: Venusaur|Protect||[still]\n|-fail|p1a: Venusaur\n|move|p2b: Basculegion|Last Respects|p1b: Swampert\n|-activate|p1b: Swampert|move: Protect\n|\n|-weather|none\n|upkeep\n|turn|6\n|inactive|manquitoprime has 30 seconds left.\n|\n|t:|1788315700\n|switch|p1a: Grimmsnarl|Grimmsnarl, L50, M|100/100\n|switch|p1b: Charizard|Charizard-Mega-Y, L50, F|100/100\n|-weather|SunnyDay|[from] ability: Drought|[of] p1b: Charizard\n|move|p2a: Whimsicott|Moonblast|p1a: Grimmsnarl\n|-supereffective|p1a: Grimmsnarl|1\n|-damage|p1a: Grimmsnarl|43/100\n|move|p2b: Basculegion|Last Respects|p1b: Charizard\n|-damage|p1b: Charizard|23/100\n|\n|-weather|SunnyDay|[upkeep]\n|upkeep\n|turn|7\n|inactive|manquitoprime has 30 seconds left.\n|inactive|eldanger10 has 30 seconds left.\n|inactive|manquitoprime has 20 seconds left.\n|inactive|manquitoprime has 15 seconds left.\n|inactive|manquitoprime has 10 seconds left.\n|\n|t:|1788315747\n|move|p1b: Charizard|Protect|p1b: Charizard\n|-singleturn|p1b: Charizard|Protect\n|move|p1a: Grimmsnarl|Parting Shot|p2b: Basculegion\n|-unboost|p2b: Basculegion|atk|1\n|-unboost|p2b: Basculegion|spa|1\n|\n|t:|1788315757\n|switch|p1a: Venusaur|Venusaur, L50, M|67/100|[from] Parting Shot\n|move|p2a: Whimsicott|Moonblast|p1a: Venusaur\n|-resisted|p1a: Venusaur|1\n|-damage|p1a: Venusaur|48/100\n|move|p2b: Basculegion|Last Respects|p1b: Charizard\n|-activate|p1b: Charizard|move: Protect\n|\n|-weather|SunnyDay|[upkeep]\n|-sideend|p2: eldanger10|move: Tailwind\n|upkeep\n|turn|8\n|\n|t:|1788315778\n|switch|p2b: Charizard|Charizard, L50, M|100/100\n|move|p2a: Whimsicott|Tailwind|p2a: Whimsicott\n|-sidestart|p2: eldanger10|move: Tailwind\n|move|p1a: Venusaur|Sludge Bomb|p2a: Whimsicott\n|-supereffective|p2a: Whimsicott|2\n|-damage|p2a: Whimsicott|0 fnt\n|faint|p2a: Whimsicott\n|move|p1b: Charizard|Solar Beam||[still]\n|-prepare|p1b: Charizard|Solar Beam\n|-anim|p1b: Charizard|Solar Beam|p2b: Charizard\n|-resisted|p2b: Charizard|2\n|-damage|p2b: Charizard|83/100\n|\n|-weather|SunnyDay|[upkeep]\n|upkeep\n|\n|t:|1788315780\n|switch|p2a: Basculegion|Basculegion, L50, M|76/100\n|turn|9\n|inactive|manquitoprime has 30 seconds left.\n|\n|t:|1788315819\n|move|p1a: Venusaur|Protect|p1a: Venusaur\n|-singleturn|p1a: Venusaur|Protect\n|move|p1b: Charizard|Protect|p1b: Charizard\n|-singleturn|p1b: Charizard|Protect\n|move|p2b: Charizard|Weather Ball|p1a: Venusaur\n|-activate|p1a: Venusaur|move: Protect\n|move|p2a: Basculegion|Last Respects|p1b: Charizard\n|-activate|p1b: Charizard|move: Protect\n|\n|-weather|SunnyDay|[upkeep]\n|upkeep\n|turn|10\n|inactive|manquitoprime has 30 seconds left.\n|inactive|manquitoprime has 20 seconds left.\n|inactive|manquitoprime has 15 seconds left.\n|inactive|manquitoprime has 10 seconds left.\n|inactive|manquitoprime has 5 seconds left.\n|\n|t:|1788315872\n|move|p2b: Charizard|Heat Wave|p1a: Venusaur|[spread] p1a,p1b\n|-supereffective|p1a: Venusaur|1\n|-resisted|p1b: Charizard|1\n|-damage|p1a: Venusaur|0 fnt\n|-damage|p1b: Charizard|1/100\n|faint|p1a: Venusaur\n|move|p2a: Basculegion|Last Respects|p1b: Charizard\n|-damage|p1b: Charizard|0 fnt\n|faint|p1b: Charizard\n|\n|-weather|none\n|upkeep\n|\n|t:|1788315878\n|switch|p1b: Swampert|Swampert, L50, F|51/100\n|switch|p1a: Grimmsnarl|Grimmsnarl, L50, M|43/100\n|turn|11\n|\n|t:|1788315896\n|detailschange|p2b: Charizard|Charizard-Mega-Y, L50, M\n|-mega|p2b: Charizard|Charizard|Charizardite Y\n|-weather|SunnyDay|[from] ability: Drought|[of] p2b: Charizard\n|move|p2a: Basculegion|Protect|p2a: Basculegion\n|-singleturn|p2a: Basculegion|Protect\n|move|p1b: Swampert|Protect|p1b: Swampert\n|-singleturn|p1b: Swampert|Protect\n|move|p1a: Grimmsnarl|Parting Shot|p2a: Basculegion\n|-activate|p2a: Basculegion|move: Protect\n|move|p2b: Charizard|Weather Ball|p1a: Grimmsnarl\n|-damage|p1a: Grimmsnarl|0 fnt\n|faint|p1a: Grimmsnarl\n|\n|-weather|SunnyDay|[upkeep]\n|-sideend|p2: eldanger10|move: Tailwind\n|upkeep\n|turn|12\n|\n|t:|1788315910\n|move|p2b: Charizard|Weather Ball|p1b: Swampert\n|-resisted|p1b: Swampert|1\n|-damage|p1b: Swampert|14/100\n|move|p2a: Basculegion|Last Respects|p1b: Swampert\n|-damage|p1b: Swampert|0 fnt\n|faint|p1b: Swampert\n|\n|win|eldanger10\n|raw|manquitoprime's rating: 1159 &rarr; <strong>1141</strong><br />(-18 for losing)\n|raw|eldanger10's rating: 1265 &rarr; <strong>1283</strong><br />(+18 for winning)\n|l|☆manquitoprime\n|player|p1|\n","uploadtime":1788315969,"views":"15","formatid":"gen9championsvgc2026regmbbo3","rating":1141,"private":0,"password":null}