{"id":"gen9championsvgc2026regmb-2673852567","format":"[Gen 9 Champions] VGC 2026 Reg M-B","players":["memomiguel","gyromate"],"log":"|j|☆memomiguel\n|j|☆gyromate\n|t:|1788268642\n|gametype|doubles\n|player|p1|memomiguel|eusine|1499\n|player|p2|gyromate|101|1546\n|gen|9\n|tier|[Gen 9 Champions] VGC 2026 Reg M-B\n|rated|\n|rule|Species Clause: Limit one of each Pokémon\n|rule|Item Clause: Limit 1 of each item\n|clearpoke\n|poke|p1|Pikachu, L50, M|\n|poke|p1|Typhlosion-Hisui, L50, F|\n|poke|p1|Staraptor, L50, F|\n|poke|p1|Whimsicott, L50, F|\n|poke|p1|Kingambit, L50, M|\n|poke|p1|Garchomp, L50, M|\n|poke|p2|Farigiraf, L50, F|\n|poke|p2|Steelix, L50, F, shiny|\n|poke|p2|Tyranitar, L50, F|\n|poke|p2|Venusaur, L50, M|\n|poke|p2|Pelipper, L50, M, shiny|\n|poke|p2|Dragonite, L50, F|\n|teampreview|4\n|j| etemon14\n|inactive|Battle timer is ON: inactive players will automatically lose when time's up. (requested by gyromate)\n|l| etemon14\n|inactive|memomiguel has 60 seconds left.\n|\n|t:|1788268728\n|teamsize|p1|4\n|teamsize|p2|4\n|start\n|switch|p1a: Staraptor|Staraptor, L50, F|100/100\n|switch|p1b: Pikachu|Pikachu, L50, M|100/100\n|switch|p2a: fat fk|Dragonite, L50, F|100/100\n|switch|p2b: Peeko Bellic|Pelipper, L50, M, shiny|100/100\n|-ability|p1a: Staraptor|Intimidate|boost\n|-fail|p2a: fat fk|unboost|Attack|[from] ability: Inner Focus|[of] p2a: fat fk\n|-unboost|p2b: Peeko Bellic|atk|1\n|-weather|RainDance|[from] ability: Drizzle|[of] p2b: Peeko Bellic\n|turn|1\n|inactive|memomiguel has 30 seconds left.\n|inactive|gyromate has 30 seconds left.\n|inactive|gyromate has 20 seconds left.\n|inactive|memomiguel has 20 seconds left.\n|\n|t:|1788268769\n|detailschange|p1a: Staraptor|Staraptor-Mega, L50, F\n|-mega|p1a: Staraptor|Staraptor|Staraptite\n|move|p2b: Peeko Bellic|Protect|p2b: Peeko Bellic\n|-singleturn|p2b: Peeko Bellic|Protect\n|move|p1a: Staraptor|Close Combat|p2a: fat fk\n|-resisted|p2a: fat fk|1\n|-damage|p2a: fat fk|67/100\n|-boost|p1a: Staraptor|def|1\n|-boost|p1a: Staraptor|spd|1\n|move|p1b: Pikachu|Volt Tackle|p2a: fat fk\n|-damage|p2a: fat fk|0 fnt\n|faint|p2a: fat fk\n|-damage|p1b: Pikachu|63/100|[from] Recoil\n|\n|-weather|RainDance|[upkeep]\n|upkeep\n|\n|t:|1788268786\n|switch|p2a: Table Butter|Steelix, L50, F, shiny|100/100\n|turn|2\n|\n|t:|1788268794\n|detailschange|p2a: Table Butter|Steelix-Mega, L50, F, shiny\n|-mega|p2a: Table Butter|Steelix|Steelixite\n|move|p1a: Staraptor|Close Combat|p2a: Table Butter\n|-supereffective|p2a: Table Butter|1\n|-damage|p2a: Table Butter|40/100\n|-boost|p1a: Staraptor|def|1\n|-boost|p1a: Staraptor|spd|1\n|move|p1b: Pikachu|Volt Tackle|p2b: Peeko Bellic\n|-supereffective|p2b: Peeko Bellic|2\n|-crit|p2b: Peeko Bellic\n|-enditem|p2b: Peeko Bellic|Focus Sash\n|-damage|p2b: Peeko Bellic|1/100\n|-damage|p1b: Pikachu|14/100|[from] Recoil\n|move|p2b: Peeko Bellic|Hurricane|p1a: Staraptor\n|-supereffective|p1a: Staraptor|1\n|-damage|p1a: Staraptor|40/100\n|move|p2a: Table Butter|Heavy Slam|p1a: Staraptor\n|-damage|p1a: Staraptor|3/100\n|\n|-weather|RainDance|[upkeep]\n|upkeep\n|turn|3\n|inactive|gyromate has 30 seconds left.\n|\n|t:|1788268826\n|switch|p2b: Darude|Tyranitar, L50, F|100/100\n|-weather|Sandstorm|[from] ability: Sand Stream|[of] p2b: Darude\n|move|p2a: Table Butter|Protect|p2a: Table Butter\n|-singleturn|p2a: Table Butter|Protect\n|move|p1a: Staraptor|Close Combat|p2a: Table Butter\n|-activate|p2a: Table Butter|move: Protect\n|move|p1b: Pikachu|Volt Tackle|p2b: Darude\n|-damage|p2b: Darude|21/100\n|-damage|p1b: Pikachu|0 fnt|[from] Recoil\n|faint|p1b: Pikachu\n|\n|-weather|Sandstorm|[upkeep]\n|-damage|p1a: Staraptor|0 fnt|[from] Sandstorm\n|faint|p1a: Staraptor\n|upkeep\n|\n|t:|1788268840\n|switch|p1a: Garchomp|Garchomp, L50, M|100/100\n|switch|p1b: Kingambit|Kingambit, L50, M|100/100\n|turn|4\n|\n|t:|1788268856\n|move|p2b: Darude|Ice Punch|p1a: Garchomp\n|-supereffective|p1a: Garchomp|2\n|-damage|p1a: Garchomp|0 fnt\n|-damage|p2b: Darude|9/100|[from] ability: Rough Skin|[of] p1a: Garchomp\n|faint|p1a: Garchomp\n|move|p1b: Kingambit|Low Kick|p2a: Table Butter\n|-supereffective|p2a: Table Butter|1\n|-crit|p2a: Table Butter\n|-damage|p2a: Table Butter|0 fnt\n|faint|p2a: Table Butter\n|\n|-weather|Sandstorm|[upkeep]\n|upkeep\n|\n|t:|1788268868\n|switch|p2a: Peeko Bellic|Pelipper, L50, M, shiny|1/100\n|-weather|RainDance|[from] ability: Drizzle|[of] p2a: Peeko Bellic\n|turn|5\n|\n|t:|1788268878\n|move|p2a: Peeko Bellic|Protect|p2a: Peeko Bellic\n|-singleturn|p2a: Peeko Bellic|Protect\n|move|p1b: Kingambit|Sucker Punch||[still]\n|-fail|p1b: Kingambit\n|move|p2b: Darude|Ice Punch|p1b: Kingambit\n|-resisted|p1b: Kingambit|1\n|-damage|p1b: Kingambit|90/100\n|-status|p1b: Kingambit|frz\n|\n|-weather|RainDance|[upkeep]\n|upkeep\n|turn|6\n|\n|t:|1788268892\n|cant|p1b: Kingambit|frz\n|move|p2b: Darude|Ice Punch|p1b: Kingambit\n|-resisted|p1b: Kingambit|1\n|-damage|p1b: Kingambit|80/100 frz\n|move|p2a: Peeko Bellic|Weather Ball|p1b: Kingambit\n|-damage|p1b: Kingambit|18/100 frz\n|\n|-weather|RainDance|[upkeep]\n|upkeep\n|turn|7\n|\n|t:|1788268904\n|cant|p1b: Kingambit|frz\n|move|p2b: Darude|Ice Punch|p1b: Kingambit\n|-resisted|p1b: Kingambit|1\n|-damage|p1b: Kingambit|8/100 frz\n|move|p2a: Peeko Bellic|Weather Ball|p1b: Kingambit\n|-damage|p1b: Kingambit|0 fnt\n|faint|p1b: Kingambit\n|\n|win|gyromate\n|raw|memomiguel's rating: 1499 &rarr; <strong>1482</strong><br />(-17 for losing)\n|raw|gyromate's rating: 1546 &rarr; <strong>1563</strong><br />(+17 for winning)\n","uploadtime":1788268914,"views":"14","formatid":"gen9championsvgc2026regmb","rating":1482,"private":0,"password":null}