{"id":"gen9championsvgc2026regmb-2674562552","format":"[Gen 9 Champions] VGC 2026 Reg M-B","players":["oldarbladeborn","jumento480"],"log":"|j|☆oldarbladeborn\n|j|☆jumento480\n|t:|1788374255\n|gametype|doubles\n|player|p1|oldarbladeborn|acetrainer-gen4dp|1374\n|player|p2|jumento480|waitress-gen4|1289\n|gen|9\n|tier|[Gen 9 Champions] VGC 2026 Reg M-B\n|rated|\n|rule|Species Clause: Limit one of each Pokémon\n|rule|Item Clause: Limit 1 of each item\n|clearpoke\n|poke|p1|Froslass, L50, F|\n|poke|p1|Scovillain, L50, M|\n|poke|p1|Lycanroc-Dusk, L50, M|\n|poke|p1|Kingambit, L50, M|\n|poke|p1|Sneasler, L50, M|\n|poke|p1|Basculegion, L50, M|\n|poke|p2|Raichu, L50, M, shiny|\n|poke|p2|Meowscarada, L50, F, shiny|\n|poke|p2|Basculegion, L50, M, shiny|\n|poke|p2|Sableye, L50, M, shiny|\n|poke|p2|Slowbro-Galar, L50, M, shiny|\n|poke|p2|Maushold, L50, shiny|\n|teampreview|4\n|inactive|Battle timer is ON: inactive players will automatically lose when time's up. (requested by oldarbladeborn)\n|inactive|oldarbladeborn has 60 seconds left.\n|inactive|jumento480 has 60 seconds left.\n|\n|t:|1788374296\n|teamsize|p1|4\n|teamsize|p2|4\n|start\n|switch|p1a: Scovillain|Scovillain, L50, M|100/100\n|switch|p1b: Kingambit|Kingambit, L50, M|100/100\n|switch|p2a: Sableye|Sableye, L50, M, shiny|100/100\n|switch|p2b: Meowscarada|Meowscarada, L50, F, shiny|100/100\n|turn|1\n|\n|t:|1788374312\n|detailschange|p1a: Scovillain|Scovillain-Mega, L50, M\n|-mega|p1a: Scovillain|Scovillain|Scovillainite\n|move|p2a: Sableye|Fake Out|p1b: Kingambit\n|-resisted|p1b: Kingambit|1\n|-damage|p1b: Kingambit|97/100\n|move|p1a: Scovillain|Rage Powder|p1a: Scovillain\n|-singleturn|p1a: Scovillain|move: Rage Powder\n|move|p2b: Meowscarada|Power Gem|p1a: Scovillain\n|-start|p2b: Meowscarada|typechange|Rock|[from] ability: Protean\n|-supereffective|p1a: Scovillain|1\n|-damage|p1a: Scovillain|43/100\n|-status|p2b: Meowscarada|brn|[from] ability: Spicy Spray|[of] p1a: Scovillain\n|-damage|p2b: Meowscarada|90/100 brn|[from] item: Life Orb\n|cant|p1b: Kingambit|flinch\n|\n|-damage|p2b: Meowscarada|84/100 brn|[from] brn\n|upkeep\n|turn|2\n|inactive|oldarbladeborn has 30 seconds left.\n|inactive|jumento480 has 30 seconds left.\n|inactive|jumento480 has 20 seconds left.\n|\n|t:|1788374350\n|switch|p2a: Raichu|Raichu, L50, M, shiny|100/100\n|move|p2b: Meowscarada|Power Gem|p1a: Scovillain\n|-supereffective|p1a: Scovillain|1\n|-damage|p1a: Scovillain|0 fnt\n|faint|p1a: Scovillain\n|-damage|p2b: Meowscarada|74/100 brn|[from] item: Life Orb\n|move|p1b: Kingambit|Swords Dance|p1b: Kingambit\n|-boost|p1b: Kingambit|atk|2\n|\n|-damage|p2b: Meowscarada|68/100 brn|[from] brn\n|upkeep\n|\n|t:|1788374361\n|switch|p1a: Sneasler|Sneasler, L50, M|100/100\n|turn|3\n|inactive|oldarbladeborn has 30 seconds left.\n|inactive|oldarbladeborn has 20 seconds left.\n|\n|t:|1788374396\n|switch|p2b: Sableye|Sableye, L50, M, shiny|100/100\n|move|p2a: Raichu|Protect|p2a: Raichu\n|-singleturn|p2a: Raichu|Protect\n|move|p1a: Sneasler|Protect|p1a: Sneasler\n|-singleturn|p1a: Sneasler|Protect\n|move|p1b: Kingambit|Protect||[still]\n|-fail|p1b: Kingambit\n|\n|upkeep\n|turn|4\n|\n|t:|1788374417\n|switch|p1a: Basculegion|Basculegion, L50, M|100/100\n|detailschange|p2a: Raichu|Raichu-Mega-Y, L50, M, shiny\n|-mega|p2a: Raichu|Raichu|Raichunite Y\n|move|p2b: Sableye|Fake Out|p1b: Kingambit\n|-resisted|p1b: Kingambit|1\n|-damage|p1b: Kingambit|95/100\n|cant|p1b: Kingambit|flinch\n|move|p2a: Raichu|Zap Cannon|p1a: Basculegion\n|-supereffective|p1a: Basculegion|1\n|-damage|p1a: Basculegion|0 fnt\n|faint|p1a: Basculegion\n|\n|upkeep\n|\n|t:|1788374428\n|switch|p1a: Sneasler|Sneasler, L50, M|100/100\n|turn|5\n|\n|t:|1788374442\n|move|p2a: Raichu|Protect|p2a: Raichu\n|-singleturn|p2a: Raichu|Protect\n|move|p1a: Sneasler|Fake Out|p2a: Raichu\n|-activate|p2a: Raichu|move: Protect\n|move|p2b: Sableye|Encore|p1a: Sneasler\n|-start|p1a: Sneasler|Encore\n|move|p1b: Kingambit|Kowtow Cleave|p2b: Sableye\n|-damage|p2b: Sableye|0 fnt\n|faint|p2b: Sableye\n|\n|upkeep\n|\n|t:|1788374454\n|switch|p2b: Basculegion|Basculegion, L50, M, shiny|100/100\n|turn|6\n|\n|t:|1788374469\n|move|p1b: Kingambit|Sucker Punch|p2a: Raichu\n|-damage|p2a: Raichu|0 fnt\n|faint|p2a: Raichu\n|move|p2b: Basculegion|Wave Crash|p1b: Kingambit\n|-damage|p1b: Kingambit|41/100\n|-damage|p2b: Basculegion|81/100|[from] Recoil\n|-activate|p1a: Sneasler|move: Struggle\n|move|p1a: Sneasler|Struggle|p2b: Basculegion\n|-damage|p2b: Basculegion|58/100\n|-damage|p1a: Sneasler|75/100|[from] recoil\n|\n|upkeep\n|\n|t:|1788374479\n|switch|p2a: Meowscarada|Meowscarada, L50, F, shiny|68/100 brn\n|turn|7\n|\n|t:|1788374488\n|move|p1b: Kingambit|Sucker Punch|p2b: Basculegion\n|-supereffective|p2b: Basculegion|1\n|-crit|p2b: Basculegion\n|-damage|p2b: Basculegion|0 fnt\n|faint|p2b: Basculegion\n|move|p2a: Meowscarada|Flower Trick|p1b: Kingambit\n|-start|p2a: Meowscarada|typechange|Grass|[from] ability: Protean\n|-resisted|p1b: Kingambit|1\n|-crit|p1b: Kingambit\n|-damage|p1b: Kingambit|29/100\n|-damage|p2a: Meowscarada|58/100 brn|[from] item: Life Orb\n|-activate|p1a: Sneasler|move: Struggle\n|move|p1a: Sneasler|Struggle|p2a: Meowscarada\n|-damage|p2a: Meowscarada|22/100 brn\n|-damage|p1a: Sneasler|50/100g|[from] recoil\n|\n|-damage|p2a: Meowscarada|16/100 brn|[from] brn\n|upkeep\n|turn|8\n|\n|t:|1788374505\n|move|p1b: Kingambit|Sucker Punch|p2a: Meowscarada\n|-damage|p2a: Meowscarada|0 fnt\n|faint|p2a: Meowscarada\n|\n|win|oldarbladeborn\n|raw|oldarbladeborn's rating: 1374 &rarr; <strong>1389</strong><br />(+15 for winning)\n|raw|jumento480's rating: 1289 &rarr; <strong>1270</strong><br />(-19 for losing)\n|l|☆jumento480\n|player|p2|\n","uploadtime":1788374513,"views":"1","formatid":"gen9championsvgc2026regmb","rating":1270,"private":0,"password":null}