{"id":"gen9championsvgc2026regmbbo3-2673417943","format":"[Gen 9 Champions] VGC 2026 Reg M-B (Bo3)","players":["NavarroMarin","adritornillosvgc"],"log":"|j|☆NavarroMarin\n|j|☆adritornillosvgc\n|html|<table width=\"100%\"><tr><td align=\"left\">NavarroMarin</td><td align=\"right\">adritornillosvgc</tr><tr><td align=\"left\"><i class=\"fa fa-circle\"></i> <i class=\"fa fa-circle-o\"></i> </td><td align=\"right\"><i class=\"fa fa-circle-o\"></i> <i class=\"fa fa-circle-o\"></i> </tr></table>\n|uhtml|bestof|<h2><strong>Game 2</strong> of <a href=\"/game-bestof3-gen9championsvgc2026regmbbo3-2673416440\">a best-of-3</a></h2>\n|t:|1788195363\n|gametype|doubles\n|player|p1|NavarroMarin|norman|1157\n|player|p2|adritornillosvgc|102|1177\n|gen|9\n|tier|[Gen 9 Champions] VGC 2026 Reg M-B (Bo3)\n|rated|\n|rule|Species Clause: Limit one of each Pokémon\n|rule|Item Clause: Limit 1 of each item\n|clearpoke\n|poke|p1|Incineroar, L50, M|\n|poke|p1|Kingambit, L50, M|\n|poke|p1|Sinistcha, L50|\n|poke|p1|Sneasler, L50, F|\n|poke|p1|Floette-Eternal, L50, F|\n|poke|p1|Delphox, L50, M|\n|poke|p2|Kingambit, L50, M|\n|poke|p2|Whimsicott, L50, M|\n|poke|p2|Toxapex, L50, F|\n|poke|p2|Garchomp, L50, M|\n|poke|p2|Charizard, L50, M|\n|poke|p2|Sinistcha, L50|\n|teampreview|4\n|showteam|p1|Incineroar||SitrusBerry|Intimidate|FakeOut,FlareBlitz,DarkestLariat,PartingShot|Careful||M|||50|]Kingambit||LifeOrb|Defiant|Protect,KowtowCleave,SuckerPunch,SwordsDance|Adamant||M|||50|]Sinistcha||OccaBerry|Hospitality|Protect,MatchaGotcha,RagePowder,TrickRoom|Relaxed|||||50|]Sneasler||FocusSash|PoisonTouch|FakeOut,CloseCombat,PoisonJab,Coaching|Jolly||F|||50|]Floette-Eternal||Floettite|FlowerVeil|Protect,Moonblast,DazzlingGleam,CalmMind|Modest||F|||50|]Delphox||Delphoxite|Blaze|Protect,HeatWave,Psychic,NastyPlot|Timid||M|||50|\n|showteam|p2|Kingambit||ChopleBerry|Defiant|SwordsDance,SuckerPunch,KowtowCleave,Protect|Adamant||M|||50|]Whimsicott||FocusSash|Prankster|Moonblast,Tailwind,Encore,Protect|Bold||M|||50|]Toxapex||Leftovers|Regenerator|Infestation,Recover,BanefulBunker,Toxic|Bold||F|||50|]Garchomp||LifeOrb|RoughSkin|DragonClaw,Protect,RockSlide,StompingTantrum|Jolly||M|||50|]Charizard||CharizarditeY|Blaze|HeatWave,WeatherBall,Protect,SolarBeam|Timid||M|||50|]Sinistcha||SitrusBerry|Hospitality|RagePowder,LifeDew,ShadowBall,TrickRoom|Bold|||||50|\n|c|☆NavarroMarin|ese toxapex mete miedo al panico\n|c|☆NavarroMarin|jajaja\n|\n|t:|1788195383\n|teamsize|p1|4\n|teamsize|p2|4\n|start\n|switch|p1a: Delphox|Delphox, L50, M|100/100\n|switch|p1b: Sneasler|Sneasler, L50, F|100/100\n|switch|p2a: Garchomp|Garchomp, L50, M|100/100\n|switch|p2b: Whimsicott|Whimsicott, L50, M|100/100\n|turn|1\n|\n|t:|1788195410\n|detailschange|p1a: Delphox|Delphox-Mega, L50, M\n|-mega|p1a: Delphox|Delphox|Delphoxite\n|move|p2b: Whimsicott|Protect|p2b: Whimsicott\n|-singleturn|p2b: Whimsicott|Protect\n|move|p2a: Garchomp|Protect|p2a: Garchomp\n|-singleturn|p2a: Garchomp|Protect\n|move|p1b: Sneasler|Fake Out|p2b: Whimsicott\n|-activate|p2b: Whimsicott|move: Protect\n|move|p1a: Delphox|Heat Wave|p2b: Whimsicott|[spread] \n|-activate|p2a: Garchomp|move: Protect\n|-activate|p2b: Whimsicott|move: Protect\n|\n|upkeep\n|turn|2\n|\n|t:|1788195429\n|switch|p1b: Sinistcha|Sinistcha, L50|100/100\n|move|p2b: Whimsicott|Encore||[still]\n|-fail|p2b: Whimsicott\n|move|p1a: Delphox|Heat Wave|p2a: Garchomp|[spread] p2a,p2b\n|-resisted|p2a: Garchomp|1\n|-supereffective|p2b: Whimsicott|1\n|-damage|p2a: Garchomp|80/100\n|-damage|p2b: Whimsicott|2/100\n|-status|p2b: Whimsicott|brn\n|move|p2a: Garchomp|Rock Slide|p1b: Sinistcha|[spread] p1a,p1b\n|-supereffective|p1a: Delphox|1\n|-damage|p1a: Delphox|35/100\n|-damage|p1b: Sinistcha|78/100\n|-damage|p2a: Garchomp|70/100|[from] item: Life Orb\n|\n|-damage|p2b: Whimsicott|0 fnt|[from] brn\n|faint|p2b: Whimsicott\n|upkeep\n|c|☆NavarroMarin|sorry\n|\n|t:|1788195448\n|switch|p2b: Charizard|Charizard, L50, M|100/100\n|turn|3\n|\n|t:|1788195482\n|detailschange|p2b: Charizard|Charizard-Mega-Y, L50, M\n|-mega|p2b: Charizard|Charizard|Charizardite Y\n|-weather|SunnyDay|[from] ability: Drought|[of] p2b: Charizard\n|move|p1b: Sinistcha|Protect|p1b: Sinistcha\n|-singleturn|p1b: Sinistcha|Protect\n|move|p1a: Delphox|Psychic|p2a: Garchomp\n|-damage|p2a: Garchomp|21/100\n|move|p2a: Garchomp|Rock Slide|p1b: Sinistcha|[spread] p1a\n|-activate|p1b: Sinistcha|move: Protect\n|-supereffective|p1a: Delphox|1\n|-damage|p1a: Delphox|0 fnt\n|faint|p1a: Delphox\n|-damage|p2a: Garchomp|11/100|[from] item: Life Orb\n|move|p2b: Charizard|Weather Ball|p1b: Sinistcha\n|-activate|p1b: Sinistcha|move: Protect\n|\n|-weather|SunnyDay|[upkeep]\n|upkeep\n|\n|t:|1788195501\n|switch|p1a: Sneasler|Sneasler, L50, F|100/100\n|turn|4\n|\n|t:|1788195512\n|move|p2b: Charizard|Protect|p2b: Charizard\n|-singleturn|p2b: Charizard|Protect\n|move|p1a: Sneasler|Fake Out|p2b: Charizard\n|-activate|p2b: Charizard|move: Protect\n|move|p2a: Garchomp|Rock Slide|p1a: Sneasler|[spread] p1a,p1b\n|-resisted|p1a: Sneasler|1\n|-damage|p1a: Sneasler|79/100\n|-damage|p1b: Sinistcha|56/100\n|-damage|p2a: Garchomp|2/100|[from] item: Life Orb\n|move|p1b: Sinistcha|Matcha Gotcha|p2a: Garchomp|[spread] p2a\n|-activate|p2b: Charizard|move: Protect\n|-damage|p2a: Garchomp|0 fnt\n|-heal|p1b: Sinistcha|57/100|[from] drain|[of] p2a: Garchomp\n|faint|p2a: Garchomp\n|\n|-weather|SunnyDay|[upkeep]\n|upkeep\n|\n|t:|1788195522\n|switch|p2a: Toxapex|Toxapex, L50, F|100/100\n|turn|5\n|\n|t:|1788195542\n|move|p1b: Sinistcha|Protect|p1b: Sinistcha\n|-singleturn|p1b: Sinistcha|Protect\n|move|p1a: Sneasler|Poison Jab|p2b: Charizard\n|-damage|p2b: Charizard|41/100\n|-status|p2b: Charizard|psn|[from] ability: Poison Touch|[of] p1a: Sneasler\n|move|p2b: Charizard|Heat Wave|p1b: Sinistcha|[spread] p1a\n|-activate|p1b: Sinistcha|move: Protect\n|-damage|p1a: Sneasler|0 fnt\n|faint|p1a: Sneasler\n|move|p2a: Toxapex|Infestation|p1b: Sinistcha\n|-activate|p1b: Sinistcha|move: Protect\n|\n|-weather|SunnyDay|[upkeep]\n|-damage|p2b: Charizard|29/100 psn|[from] psn\n|upkeep\n|\n|t:|1788195556\n|switch|p1a: Kingambit|Kingambit, L50, M|100/100\n|turn|6\n|\n|t:|1788195565\n|move|p2b: Charizard|Protect|p2b: Charizard\n|-singleturn|p2b: Charizard|Protect\n|move|p1a: Kingambit|Sucker Punch||[still]\n|-fail|p1a: Kingambit\n|move|p1b: Sinistcha|Matcha Gotcha|p2b: Charizard|[spread] p2a\n|-activate|p2b: Charizard|move: Protect\n|-damage|p2a: Toxapex|78/100\n|-heal|p1b: Sinistcha|66/100|[from] drain|[of] p2a: Toxapex\n|move|p2a: Toxapex|Toxic|p1b: Sinistcha\n|-status|p1b: Sinistcha|tox\n|\n|-weather|SunnyDay|[upkeep]\n|-heal|p2a: Toxapex|84/100|[from] item: Leftovers\n|-damage|p2b: Charizard|17/100 psn|[from] psn\n|-damage|p1b: Sinistcha|60/100 tox|[from] psn\n|upkeep\n|turn|7\n|\n|t:|1788195589\n|move|p2b: Charizard|Protect||[still]\n|-fail|p2b: Charizard\n|move|p1a: Kingambit|Sucker Punch||[still]\n|-fail|p1a: Kingambit\n|move|p1b: Sinistcha|Matcha Gotcha|p2b: Charizard|[spread] p2a\n|-miss|p1b: Sinistcha|p2b: Charizard\n|-damage|p2a: Toxapex|64/100\n|-heal|p1b: Sinistcha|69/100 tox|[from] drain|[of] p2a: Toxapex\n|move|p2a: Toxapex|Infestation|p1a: Kingambit\n|-damage|p1a: Kingambit|97/100\n|-activate|p1a: Kingambit|move: Infestation|[of] p2a: Toxapex\n|\n|-weather|none\n|-heal|p2a: Toxapex|70/100|[from] item: Leftovers\n|-damage|p2b: Charizard|5/100 psn|[from] psn\n|-damage|p1b: Sinistcha|57/100 tox|[from] psn\n|-damage|p1a: Kingambit|85/100|[from] move: Infestation|[partiallytrapped]\n|upkeep\n|turn|8\n|\n|t:|1788195618\n|move|p2b: Charizard|Heat Wave|p1b: Sinistcha|[spread] p1a,p1b\n|-supereffective|p1a: Kingambit|1\n|-crit|p1a: Kingambit\n|-supereffective|p1b: Sinistcha|1\n|-enditem|p1b: Sinistcha|Occa Berry|[eat]\n|-enditem|p1b: Sinistcha|Occa Berry|[weaken]\n|-damage|p1a: Kingambit|0 fnt\n|-damage|p1b: Sinistcha|11/100 tox\n|faint|p1a: Kingambit\n|move|p1b: Sinistcha|Matcha Gotcha|p2a: Toxapex|[spread] p2a,p2b\n|-resisted|p2b: Charizard|2\n|-damage|p2a: Toxapex|50/100g\n|-heal|p1b: Sinistcha|20/100y tox|[from] drain|[of] p2a: Toxapex\n|-damage|p2b: Charizard|0 fnt\n|-heal|p1b: Sinistcha|23/100 tox|[from] drain|[of] p2b: Charizard\n|faint|p2b: Charizard\n|move|p2a: Toxapex|Recover|p2a: Toxapex\n|-heal|p2a: Toxapex|100/100\n|\n|-damage|p1b: Sinistcha|4/100 tox|[from] psn\n|upkeep\n|turn|9\n|c|☆NavarroMarin|me la leistes bien\n|-message|NavarroMarin forfeited.\n|\n|win|adritornillosvgc\n||adritornillosvgc is ready for game 3.\n||NavarroMarin is ready for game 3.\n|uhtml|next|Next: <a href=\"/battle-gen9championsvgc2026regmbbo3-2673420255\"><strong>Game 3 of 3</strong></a>\n|c|☆adritornillosvgc|tendrias que haber tirado sucker punch, me moria del veneno igualmente\n|c|☆NavarroMarin|ya... pensaba que ibas a proteger y me bufaba para el toxapex\n|c|☆NavarroMarin|mb\n","uploadtime":1788195885,"views":"2","formatid":"gen9championsvgc2026regmbbo3","rating":null,"private":0,"password":null}