{"id":"gen9championsvgc2026regmb-2674278831","format":"[Gen 9 Champions] VGC 2026 Reg M-B","players":["house of balls","gocyyy"],"log":"|j|☆house of balls\n|j|☆gocyyy\n|t:|1788330085\n|gametype|doubles\n|player|p1|house of balls|266|1273\n|player|p2|gocyyy|pokefan-gen4|1294\n|gen|9\n|tier|[Gen 9 Champions] VGC 2026 Reg M-B\n|rated|\n|rule|Species Clause: Limit one of each Pokémon\n|rule|Item Clause: Limit 1 of each item\n|clearpoke\n|poke|p1|Scizor, L50, M|\n|poke|p1|Tyranitar, L50, M|\n|poke|p1|Garchomp, L50, F|\n|poke|p1|Corviknight, L50, F|\n|poke|p1|Mr. Rime, L50, M|\n|poke|p1|Armarouge, L50, M|\n|poke|p2|Charizard, L50, F|\n|poke|p2|Garchomp, L50, F|\n|poke|p2|Kingambit, L50, F|\n|poke|p2|Floette-Eternal, L50, F|\n|poke|p2|Venusaur, L50, M|\n|poke|p2|Incineroar, L50, F|\n|teampreview|4\n|inactive|Battle timer is ON: inactive players will automatically lose when time's up. (requested by gocyyy)\ngocyyy has agreed to open team sheets.\n|\n|t:|1788330120\n|teamsize|p1|4\n|teamsize|p2|4\n|start\n|switch|p1a: Corviknight|Corviknight, L50, F|100/100\n|switch|p1b: Armarouge|Armarouge, L50, M|100/100\n|switch|p2a: Charizard|Charizard, L50, F|100/100\n|switch|p2b: Garchomp|Garchomp, L50, F|100/100\n|-ability|p1a: Corviknight|Unnerve\n|turn|1\n|\n|t:|1788330136\n|detailschange|p2a: Charizard|Charizard-Mega-Y, L50, F\n|-mega|p2a: Charizard|Charizard|Charizardite Y\n|-weather|SunnyDay|[from] ability: Drought|[of] p2a: Charizard\n|move|p1b: Armarouge|Wide Guard|p1b: Armarouge\n|-singleturn|p1b: Armarouge|Wide Guard\n|move|p2b: Garchomp|Rock Slide|p1b: Armarouge|[spread] \n|-activate|p1a: Corviknight|move: Wide Guard\n|-activate|p1b: Armarouge|move: Wide Guard\n|move|p2a: Charizard|Heat Wave|p1a: Corviknight|[spread] \n|-activate|p1a: Corviknight|move: Wide Guard\n|-activate|p1b: Armarouge|move: Wide Guard\n|move|p1a: Corviknight|Tailwind|p1a: Corviknight\n|-sidestart|p1: house of balls|move: Tailwind\n|\n|-weather|SunnyDay|[upkeep]\n|upkeep\n|turn|2\n|\n|t:|1788330156\n|move|p1b: Armarouge|Psychic|p2a: Charizard\n|-damage|p2a: Charizard|49/100\n|move|p1a: Corviknight|Iron Defense|p1a: Corviknight\n|-boost|p1a: Corviknight|def|2\n|move|p2b: Garchomp|Dragon Claw|p1b: Armarouge\n|-damage|p1b: Armarouge|49/100\n|-ability|p1b: Armarouge|Weak Armor|boost\n|-unboost|p1b: Armarouge|def|1\n|-boost|p1b: Armarouge|spe|2\n|-damage|p2b: Garchomp|90/100|[from] item: Life Orb\n|move|p2a: Charizard|Weather Ball|p1a: Corviknight\n|-supereffective|p1a: Corviknight|1\n|-enditem|p1a: Corviknight|Occa Berry|[eat]\n|-enditem|p1a: Corviknight|Occa Berry|[weaken]\n|-damage|p1a: Corviknight|9/100\n|\n|-weather|SunnyDay|[upkeep]\n|upkeep\n|turn|3\n|\n|t:|1788330173\n|move|p2a: Charizard|Protect|p2a: Charizard\n|-singleturn|p2a: Charizard|Protect\n|move|p1b: Armarouge|Psychic|p2a: Charizard\n|-activate|p2a: Charizard|move: Protect\n|move|p1a: Corviknight|Roost|p1a: Corviknight\n|-heal|p1a: Corviknight|59/100\n|-singleturn|p1a: Corviknight|move: Roost\n|move|p2b: Garchomp|Rock Slide|p1a: Corviknight|[spread] p1a,p1b\n|-resisted|p1a: Corviknight|1\n|-supereffective|p1b: Armarouge|1\n|-damage|p1a: Corviknight|55/100\n|-damage|p1b: Armarouge|0 fnt\n|faint|p1b: Armarouge\n|-damage|p2b: Garchomp|80/100|[from] item: Life Orb\n|\n|-weather|SunnyDay|[upkeep]\n|upkeep\n|\n|t:|1788330185\n|switch|p1b: Tyranitar|Tyranitar, L50, M|100/100\n|-weather|Sandstorm|[from] ability: Sand Stream|[of] p1b: Tyranitar\n|turn|4\n|\n|t:|1788330204\n|move|p2a: Charizard|Protect||[still]\n|-fail|p2a: Charizard\n|move|p1b: Tyranitar|Dragon Dance|p1b: Tyranitar\n|-boost|p1b: Tyranitar|atk|1\n|-boost|p1b: Tyranitar|spe|1\n|move|p1a: Corviknight|Body Press|p2b: Garchomp\n|-damage|p2b: Garchomp|24/100\n|-damage|p1a: Corviknight|43/100|[from] ability: Rough Skin|[of] p2b: Garchomp\n|move|p2b: Garchomp|Earthquake|p1a: Corviknight|[spread] p1b\n|-immune|p2a: Charizard\n|-immune|p1a: Corviknight\n|-supereffective|p1b: Tyranitar|1\n|-damage|p1b: Tyranitar|7/100\n|-damage|p2b: Garchomp|14/100|[from] item: Life Orb\n|\n|-weather|Sandstorm|[upkeep]\n|-damage|p2a: Charizard|43/100|[from] Sandstorm\n|-sideend|p1: house of balls|move: Tailwind\n|upkeep\n|turn|5\n|\n|t:|1788330228\n|switch|p2a: Incineroar|Incineroar, L50, F|100/100\n|-ability|p2a: Incineroar|Intimidate|boost\n|-unboost|p1a: Corviknight|atk|1\n|-unboost|p1b: Tyranitar|atk|1\n|move|p2b: Garchomp|Protect|p2b: Garchomp\n|-singleturn|p2b: Garchomp|Protect\n|move|p1b: Tyranitar|Rock Slide|p2b: Garchomp|[spread] p2a\n|-activate|p2b: Garchomp|move: Protect\n|-supereffective|p2a: Incineroar|1\n|-damage|p2a: Incineroar|46/100\n|move|p1a: Corviknight|Tailwind|p1a: Corviknight\n|-sidestart|p1: house of balls|move: Tailwind\n|\n|-weather|Sandstorm|[upkeep]\n|-damage|p2a: Incineroar|40/100|[from] Sandstorm\n|upkeep\n|turn|6\n|\n|t:|1788330251\n|move|p1b: Tyranitar|Protect|p1b: Tyranitar\n|-singleturn|p1b: Tyranitar|Protect\n|move|p2a: Incineroar|Fake Out|p1a: Corviknight\n|-resisted|p1a: Corviknight|1\n|-damage|p1a: Corviknight|41/100\n|cant|p1a: Corviknight|flinch\n|move|p2b: Garchomp|Rock Slide|p1a: Corviknight|[spread] p1a\n|-activate|p1b: Tyranitar|move: Protect\n|-damage|p1a: Corviknight|33/100\n|-damage|p2b: Garchomp|4/100|[from] item: Life Orb\n|\n|-weather|Sandstorm|[upkeep]\n|-damage|p2a: Incineroar|34/100|[from] Sandstorm\n|upkeep\n|turn|7\n|inactive|gocyyy has 30 seconds left.\n|inactive|gocyyy has 20 seconds left.\n|\n|t:|1788330288\n|move|p2b: Garchomp|Protect|p2b: Garchomp\n|-singleturn|p2b: Garchomp|Protect\n|move|p1b: Tyranitar|Rock Slide|p2a: Incineroar|[spread] p2a\n|-activate|p2b: Garchomp|move: Protect\n|-supereffective|p2a: Incineroar|1\n|-damage|p2a: Incineroar|0 fnt\n|faint|p2a: Incineroar\n|move|p1a: Corviknight|Roost|p1a: Corviknight\n|-heal|p1a: Corviknight|83/100\n|-singleturn|p1a: Corviknight|move: Roost\n|\n|-weather|Sandstorm|[upkeep]\n|upkeep\n|\n|t:|1788330301\n|switch|p2a: Charizard|Charizard-Mega-Y, L50, F|43/100\n|-weather|SunnyDay|[from] ability: Drought|[of] p2a: Charizard\n|turn|8\n|\n|t:|1788330311\n|detailschange|p1b: Tyranitar|Tyranitar-Mega, L50, M\n|-mega|p1b: Tyranitar|Tyranitar|Tyranitarite\n|-weather|Sandstorm|[from] ability: Sand Stream|[of] p1b: Tyranitar\n|move|p1b: Tyranitar|Rock Slide|p2b: Garchomp|[spread] p2a,p2b\n|-supereffective|p2a: Charizard|2\n|-resisted|p2b: Garchomp|1\n|-damage|p2a: Charizard|0 fnt\n|-damage|p2b: Garchomp|0 fnt\n|faint|p2a: Charizard\n|faint|p2b: Garchomp\n|move|p1a: Corviknight|Iron Defense|p1a: Corviknight\n|-boost|p1a: Corviknight|def|2\n|\n|-weather|Sandstorm|[upkeep]\n|-sideend|p1: house of balls|move: Tailwind\n|upkeep\n|-message|gocyyy forfeited.\n|\n|win|house of balls\n|raw|house of balls's rating: 1273 &rarr; <strong>1300</strong><br />(+27 for winning)\n|raw|gocyyy's rating: 1294 &rarr; <strong>1267</strong><br />(-27 for losing)\n|l|☆gocyyy\n|player|p2|\n","uploadtime":1788330449,"views":"16","formatid":"gen9championsvgc2026regmb","rating":1267,"private":0,"password":null}