{"id":"gen9championsvgc2026regmbbo3-2674628653","format":"[Gen 9 Champions] VGC 2026 Reg M-B (Bo3)","players":["cookingorcooked2","kalaluwi"],"log":"|j|☆cookingorcooked2\n|j|☆kalaluwi\n|html|<table width=\"100%\"><tr><td align=\"left\">cookingorcooked2</td><td align=\"right\">kalaluwi</tr><tr><td align=\"left\"><i class=\"fa fa-circle\"></i> <i class=\"fa fa-circle-o\"></i> </td><td align=\"right\"><i class=\"fa fa-circle-o\"></i> <i class=\"fa fa-circle\"></i> </tr></table>\n|uhtml|bestof|<h2><strong>Game 3</strong> of <a href=\"/game-bestof3-gen9championsvgc2026regmbbo3-2674625730\">a best-of-3</a></h2>\n|t:|1788382235\n|gametype|doubles\n|player|p1|cookingorcooked2|1|1311\n|player|p2|kalaluwi|266|1323\n|gen|9\n|tier|[Gen 9 Champions] VGC 2026 Reg M-B (Bo3)\n|rated|\n|rule|Species Clause: Limit one of each Pokémon\n|rule|Item Clause: Limit 1 of each item\n|clearpoke\n|poke|p1|Staraptor, L50, F|\n|poke|p1|Whimsicott, L50, M|\n|poke|p1|Basculegion, L50, M|\n|poke|p1|Garchomp, L50, F|\n|poke|p1|Delphox, L50, F|\n|poke|p1|Kingambit, L50, M|\n|poke|p2|Farigiraf, L50, F|\n|poke|p2|Incineroar, L50, M|\n|poke|p2|Camerupt, L50, M|\n|poke|p2|Vanilluxe, L50, F|\n|poke|p2|Kingambit, L50, M|\n|poke|p2|Primarina, L50, F|\n|teampreview|4\n|showteam|p1|Staraptor||Staraptite|Intimidate|CloseCombat,BraveBird,Roost,Protect|Jolly||F|||50|]Whimsicott||MentalHerb|Prankster|Moonblast,Tailwind,Charm,Encore|Timid||M|||50|]Basculegion||LifeOrb|Adaptability|LastRespects,WaveCrash,AquaJet,Protect|Jolly||M|||50|]Garchomp||SitrusBerry|RoughSkin|Earthquake,DragonTail,StoneEdge,Protect|Jolly||F|||50|]Delphox||Delphoxite|Blaze|HeatWave,Substitute,Psychic,Protect|Timid||F|||50|]Kingambit||ChopleBerry|Defiant|SuckerPunch,KowtowCleave,IronHead,LowKick|Adamant||M|||50|\n|showteam|p2|Farigiraf||ColburBerry|ArmorTail|TrickRoom,Psychic,HelpingHand,Thunderbolt|Modest||F|||50|]Incineroar||LifeOrb|Intimidate|FakeOut,CloseCombat,FlareBlitz,DarkestLariat|Adamant||M|||50|]Camerupt||Cameruptite|MagmaArmor|EarthPower,HeatWave,AncientPower,Protect|Modest||M|||50|]Vanilluxe||ChoiceScarf|SnowWarning|Blizzard,IcyWind,FreezeDry,SheerCold|Modest||F|||50|]Kingambit||BlackGlasses|Defiant|LowKick,KowtowCleave,SuckerPunch,Protect|Adamant||M|||50|]Primarina||Leftovers|LiquidVoice|CalmMind,HyperVoice,Moonblast,Protect|Modest||F|||50|\n|\n|t:|1788382257\n|teamsize|p1|4\n|teamsize|p2|4\n|start\n|switch|p1a: Kingambit|Kingambit, L50, M|100/100\n|switch|p1b: Basculegion|Basculegion, L50, M|100/100\n|switch|p2a: Farigiraf|Farigiraf, L50, F|100/100\n|switch|p2b: Incineroar|Incineroar, L50, M|100/100\n|-ability|p2b: Incineroar|Intimidate|boost\n|-unboost|p1a: Kingambit|atk|1\n|-ability|p1a: Kingambit|Defiant|boost\n|-boost|p1a: Kingambit|atk|2\n|-unboost|p1b: Basculegion|atk|1\n|turn|1\n|\n|t:|1788382282\n|switch|p2b: Primarina|Primarina, L50, F|100/100\n|move|p1b: Basculegion|Wave Crash|p2b: Primarina\n|-resisted|p2b: Primarina|1\n|-damage|p2b: Primarina|64/100\n|-damage|p1b: Basculegion|88/100|[from] Recoil\n|-damage|p1b: Basculegion|78/100|[from] item: Life Orb\n|move|p1a: Kingambit|Kowtow Cleave|p2a: Farigiraf\n|-supereffective|p2a: Farigiraf|1\n|-enditem|p2a: Farigiraf|Colbur Berry|[eat]\n|-enditem|p2a: Farigiraf|Colbur Berry|[weaken]\n|-damage|p2a: Farigiraf|41/100\n|move|p2a: Farigiraf|Trick Room|p2a: Farigiraf\n|-fieldstart|move: Trick Room|[of] p2a: Farigiraf\n|\n|-heal|p2b: Primarina|70/100|[from] item: Leftovers\n|upkeep\n|turn|2\n|\n|t:|1788382305\n|move|p1b: Basculegion|Protect|p1b: Basculegion\n|-singleturn|p1b: Basculegion|Protect\n|move|p1a: Kingambit|Iron Head|p2b: Primarina\n|-damage|p2b: Primarina|8/100\n|move|p2a: Farigiraf|Thunderbolt|p1b: Basculegion\n|-activate|p1b: Basculegion|move: Protect\n|move|p2b: Primarina|Hyper Voice|p1a: Kingambit|[spread] p1a\n|-activate|p1b: Basculegion|move: Protect\n|-damage|p1a: Kingambit|72/100\n|\n|-heal|p2b: Primarina|14/100|[from] item: Leftovers\n|upkeep\n|turn|3\n|\n|t:|1788382323\n|move|p2b: Primarina|Protect|p2b: Primarina\n|-singleturn|p2b: Primarina|Protect\n|move|p1a: Kingambit|Iron Head|p2b: Primarina\n|-activate|p2b: Primarina|move: Protect\n|move|p2a: Farigiraf|Thunderbolt|p1a: Kingambit\n|-damage|p1a: Kingambit|53/100\n|move|p1b: Basculegion|Wave Crash|p2a: Farigiraf\n|-damage|p2a: Farigiraf|0 fnt\n|faint|p2a: Farigiraf\n|-damage|p1b: Basculegion|63/100|[from] Recoil\n|-damage|p1b: Basculegion|53/100|[from] item: Life Orb\n|\n|-heal|p2b: Primarina|20/100y|[from] item: Leftovers\n|upkeep\n|\n|t:|1788382333\n|switch|p2a: Camerupt|Camerupt, L50, M|100/100\n|turn|4\n|\n|t:|1788382344\n|switch|p2b: Incineroar|Incineroar, L50, M|100/100\n|-ability|p2b: Incineroar|Intimidate|boost\n|-unboost|p1a: Kingambit|atk|1\n|-ability|p1a: Kingambit|Defiant|boost\n|-boost|p1a: Kingambit|atk|2\n|-unboost|p1b: Basculegion|atk|1\n|detailschange|p2a: Camerupt|Camerupt-Mega, L50, M\n|-mega|p2a: Camerupt|Camerupt|Cameruptite\n|move|p1a: Kingambit|Sucker Punch||[still]\n|-fail|p1a: Kingambit\n|move|p1b: Basculegion|Aqua Jet|p2a: Camerupt\n|-supereffective|p2a: Camerupt|2\n|-damage|p2a: Camerupt|23/100\n|-damage|p1b: Basculegion|43/100|[from] item: Life Orb\n|move|p2a: Camerupt|Heat Wave|p1a: Kingambit|[spread] p1a,p1b\n|-supereffective|p1a: Kingambit|1\n|-resisted|p1b: Basculegion|1\n|-damage|p1a: Kingambit|0 fnt\n|-damage|p1b: Basculegion|10/100\n|faint|p1a: Kingambit\n|\n|upkeep\n|\n|t:|1788382351\n|switch|p1a: Garchomp|Garchomp, L50, F|100/100\n|turn|5\n|\n|t:|1788382373\n|move|p1b: Basculegion|Protect|p1b: Basculegion\n|-singleturn|p1b: Basculegion|Protect\n|move|p1a: Garchomp|Protect|p1a: Garchomp\n|-singleturn|p1a: Garchomp|Protect\n|move|p2a: Camerupt|Earth Power|p1a: Garchomp\n|-activate|p1a: Garchomp|move: Protect\n|move|p2b: Incineroar|Darkest Lariat|p1a: Garchomp\n|-activate|p1a: Garchomp|move: Protect\n|\n|-fieldend|move: Trick Room\n|upkeep\n|turn|6\n|\n|t:|1788382390\n|move|p2a: Camerupt|Protect|p2a: Camerupt\n|-singleturn|p2a: Camerupt|Protect\n|move|p1a: Garchomp|Stone Edge|p2b: Incineroar\n|-supereffective|p2b: Incineroar|1\n|-crit|p2b: Incineroar\n|-damage|p2b: Incineroar|3/100\n|move|p1b: Basculegion|Wave Crash|p2b: Incineroar\n|-supereffective|p2b: Incineroar|1\n|-damage|p2b: Incineroar|0 fnt\n|faint|p2b: Incineroar\n|-damage|p1b: Basculegion|9/100|[from] Recoil\n|-damage|p1b: Basculegion|0 fnt|[from] item: Life Orb\n|faint|p1b: Basculegion\n|\n|upkeep\n|\n|t:|1788382397\n|switch|p1b: Delphox|Delphox, L50, F|100/100\n|switch|p2b: Primarina|Primarina, L50, F|20/100y\n|turn|7\n|-message|kalaluwi forfeited.\n|raw|cookingorcooked2's rating: 1311 &rarr; <strong>1332</strong><br />(+21 for winning)\n|raw|kalaluwi's rating: 1323 &rarr; <strong>1302</strong><br />(-21 for losing)\n|\n|win|cookingorcooked2\n","uploadtime":1788382408,"views":"0","formatid":"gen9championsvgc2026regmbbo3","rating":1302,"private":0,"password":null}