{"id":"gen9championsvgc2026regmbbo3-2673662616","format":"[Gen 9 Champions] VGC 2026 Reg M-B (Bo3)","players":["bernardomgj","Junction7"],"log":"|j|☆bernardomgj\n|j|☆Junction7\n|html|<table width=\"100%\"><tr><td align=\"left\">bernardomgj</td><td align=\"right\">Junction7</tr><tr><td align=\"left\"><i class=\"fa fa-circle\"></i> <i class=\"fa fa-circle-o\"></i> </td><td align=\"right\"><i class=\"fa fa-circle-o\"></i> <i class=\"fa fa-circle\"></i> </tr></table>\n|uhtml|bestof|<h2><strong>Game 3</strong> of <a href=\"/game-bestof3-gen9championsvgc2026regmbbo3-2673659160\">a best-of-3</a></h2>\n|t:|1788229123\n|gametype|doubles\n|player|p1|bernardomgj|169|1077\n|player|p2|Junction7|drayden|1027\n|gen|9\n|tier|[Gen 9 Champions] VGC 2026 Reg M-B (Bo3)\n|rated|\n|rule|Species Clause: Limit one of each Pokémon\n|rule|Item Clause: Limit 1 of each item\n|clearpoke\n|poke|p1|Garchomp, L50, F|\n|poke|p1|Tyranitar, L50, F|\n|poke|p1|Excadrill, L50, M|\n|poke|p1|Sinistcha, L50|\n|poke|p1|Rotom-Wash, L50|\n|poke|p1|Milotic, L50, F, shiny|\n|poke|p2|Charizard, L50, F, shiny|\n|poke|p2|Venusaur, L50, F, shiny|\n|poke|p2|Sinistcha, L50|\n|poke|p2|Garchomp, L50, M, shiny|\n|poke|p2|Whimsicott, L50, F|\n|poke|p2|Raichu, L50, F, shiny|\n|teampreview|4\n|showteam|p1|Garchomp||Garchompite|SandVeil|EarthPower,PowerGem,DracoMeteor,Protect|Modest||F|||50|]Tyranitar||ChopleBerry|SandStream|RockSlide,LowKick,DragonDance,Protect|Adamant||F|||50|]Excadrill||FocusSash|SandRush|HighHorsepower,IronHead,RockSlide,Protect|Jolly||M|||50|]Sinistcha||ColburBerry|Hospitality|MatchaGotcha,TrickRoom,RagePowder,Protect|Bold|||||50|]Rotom-Wash||SitrusBerry|Levitate|HydroPump,VoltSwitch,WillOWisp,Protect|Modest|||||50|]Milotic||Leftovers|Competitive|Scald,IceBeam,Recover,Protect|Bold||F|||50|\n|showteam|p2|Charizard||CharizarditeY|SolarPower|HeatWave,SolarBeam,ScorchingSands,Protect|Timid||F|||50|]Venusaur||LifeOrb|Chlorophyll|SolarBeam,SludgeBomb,WeatherBall,Synthesis|Modest||F|||50|]Sinistcha||Leftovers|Hospitality|MatchaGotcha,RagePowder,Hex,StrengthSap|Modest|||||50|]Garchomp||ExpertBelt|RoughSkin|SwordsDance,Earthquake,DragonClaw,RockSlide|Adamant||M|||50|]Whimsicott||FocusSash|Prankster|Encore,DazzlingGleam,Tailwind,HelpingHand|Bold||F|||50|]Raichu||RaichuniteY|LightningRod|ZapCannon,AlluringVoice,FocusBlast,Surf|Timid||F|||50|\n|inactive|Battle timer is ON: inactive players will automatically lose when time's up. (requested by Junction7)\n|\n|t:|1788229139\n|teamsize|p1|4\n|teamsize|p2|4\n|start\n|switch|p1a: Excadrill|Excadrill, L50, M|100/100\n|switch|p1b: Tyranitar|Tyranitar, L50, F|100/100\n|switch|p2a: Charizard|Charizard, L50, F, shiny|100/100\n|switch|p2b: Venusaur|Venusaur, L50, F, shiny|100/100\n|-weather|Sandstorm|[from] ability: Sand Stream|[of] p1b: Tyranitar\n|turn|1\n|\n|t:|1788229160\n|detailschange|p2a: Charizard|Charizard-Mega-Y, L50, F, shiny\n|-mega|p2a: Charizard|Charizard|Charizardite Y\n|-weather|SunnyDay|[from] ability: Drought|[of] p2a: Charizard\n|move|p2b: Venusaur|Solar Beam||[still]\n|-prepare|p2b: Venusaur|Solar Beam\n|-anim|p2b: Venusaur|Solar Beam|p1b: Tyranitar\n|-supereffective|p1b: Tyranitar|1\n|-damage|p1b: Tyranitar|0 fnt\n|faint|p1b: Tyranitar\n|-damage|p2b: Venusaur|90/100|[from] item: Life Orb\n|move|p2a: Charizard|Heat Wave|p1a: Excadrill\n|-supereffective|p1a: Excadrill|1\n|-enditem|p1a: Excadrill|Focus Sash\n|-damage|p1a: Excadrill|1/100\n|move|p1a: Excadrill|Rock Slide|p2b: Venusaur|[spread] p2a,p2b\n|-supereffective|p2a: Charizard|2\n|-damage|p2a: Charizard|0 fnt\n|-damage|p2b: Venusaur|63/100\n|faint|p2a: Charizard\n|\n|-weather|SunnyDay|[upkeep]\n|upkeep\n|\n|t:|1788229180\n|switch|p2a: Sinistcha|Sinistcha, L50|100/100\n|switch|p1b: Sinistcha|Sinistcha, L50|100/100\n|-heal|p1a: Excadrill|25/100|[from] ability: Hospitality|[of] p1b: Sinistcha\n|-heal|p2b: Venusaur|87/100|[from] ability: Hospitality|[of] p2a: Sinistcha\n|turn|2\n|\n|t:|1788229192\n|move|p1a: Excadrill|Protect|p1a: Excadrill\n|-singleturn|p1a: Excadrill|Protect\n|move|p2b: Venusaur|Weather Ball|p1a: Excadrill\n|-activate|p1a: Excadrill|move: Protect\n|move|p2a: Sinistcha|Hex|p1b: Sinistcha\n|-supereffective|p1b: Sinistcha|1\n|-damage|p1b: Sinistcha|21/100\n|move|p1b: Sinistcha|Trick Room|p1b: Sinistcha\n|-fieldstart|move: Trick Room|[of] p1b: Sinistcha\n|\n|-weather|SunnyDay|[upkeep]\n|upkeep\n|turn|3\n|\n|t:|1788229211\n|move|p1b: Sinistcha|Rage Powder|p1b: Sinistcha\n|-singleturn|p1b: Sinistcha|move: Rage Powder\n|move|p2a: Sinistcha|Matcha Gotcha|p1b: Sinistcha|[spread] p1a,p1b\n|-resisted|p1b: Sinistcha|1\n|-damage|p1a: Excadrill|0 fnt\n|-damage|p1b: Sinistcha|2/100\n|-status|p1b: Sinistcha|brn\n|faint|p1a: Excadrill\n|move|p2b: Venusaur|Synthesis|p2b: Venusaur\n|-heal|p2b: Venusaur|100/100\n|\n|-weather|SunnyDay|[upkeep]\n|-damage|p1b: Sinistcha|0 fnt|[from] brn\n|faint|p1b: Sinistcha\n|upkeep\n|\n|t:|1788229224\n|switch|p1b: Garchomp|Garchomp, L50, F|100/100\n|turn|4\n|\n|t:|1788229235\n|detailschange|p1b: Garchomp|Garchomp-Mega, L50, F\n|-mega|p1b: Garchomp|Garchomp|Garchompite\n|move|p2a: Sinistcha|Strength Sap|p1b: Garchomp\n|-unboost|p1b: Garchomp|atk|1\n|move|p1b: Garchomp|Earth Power|p2b: Venusaur\n|-damage|p2b: Venusaur|47/100\n|move|p2b: Venusaur|Solar Beam||[still]\n|-prepare|p2b: Venusaur|Solar Beam\n|-anim|p2b: Venusaur|Solar Beam|p1b: Garchomp\n|-damage|p1b: Garchomp|26/100\n|-damage|p2b: Venusaur|37/100|[from] item: Life Orb\n|\n|-weather|SunnyDay|[upkeep]\n|upkeep\n|turn|5\n|\n|t:|1788229252\n|move|p2a: Sinistcha|Matcha Gotcha|p1b: Garchomp|[miss]\n|-miss|p2a: Sinistcha|p1b: Garchomp\n|move|p1b: Garchomp|Earth Power|p2b: Venusaur\n|-damage|p2b: Venusaur|0 fnt\n|faint|p2b: Venusaur\n|\n|-weather|none\n|upkeep\n|\n|t:|1788229258\n|switch|p2b: Garchomp|Garchomp, L50, M, shiny|100/100\n|turn|6\n|\n|t:|1788229266\n|move|p2a: Sinistcha|Rage Powder|p2a: Sinistcha\n|-singleturn|p2a: Sinistcha|move: Rage Powder\n|move|p1b: Garchomp|Draco Meteor|p2a: Sinistcha\n|-damage|p2a: Sinistcha|20/100y\n|-unboost|p1b: Garchomp|spa|2\n|move|p2b: Garchomp|Dragon Claw|p1b: Garchomp\n|-supereffective|p1b: Garchomp|1\n|-damage|p1b: Garchomp|0 fnt\n|faint|p1b: Garchomp\n|\n|win|Junction7\n|raw|bernardomgj's rating: 1077 &rarr; <strong>1052</strong><br />(-25 for losing)\n|raw|Junction7's rating: 1027 &rarr; <strong>1068</strong><br />(+41 for winning)\n|l|☆Junction7\n|player|p2|\n","uploadtime":1788229364,"views":"0","formatid":"gen9championsvgc2026regmbbo3","rating":1052,"private":0,"password":null}