{"id":"gen9championsvgc2026regmb-2674925285","format":"[Gen 9 Champions] VGC 2026 Reg M-B","players":["pedroplay033","rickrizzzzzzzz18"],"log":"|j|☆pedroplay033\n|j|☆rickrizzzzzzzz18\n|t:|1788436958\n|gametype|doubles\n|player|p1|pedroplay033|n|1042\n|player|p2|rickrizzzzzzzz18|265|1045\n|gen|9\n|tier|[Gen 9 Champions] VGC 2026 Reg M-B\n|rated|\n|rule|Species Clause: Limit one of each Pokémon\n|rule|Item Clause: Limit 1 of each item\n|clearpoke\n|poke|p1|Pelipper, L50, M|\n|poke|p1|Dragonite, L50, M|\n|poke|p1|Palafin, L50, M|\n|poke|p1|Conkeldurr, L50, F|\n|poke|p1|Archaludon, L50, F|\n|poke|p1|Sinistcha, L50|\n|poke|p2|Blaziken, L50, F|\n|poke|p2|Venusaur, L50, F|\n|poke|p2|Torkoal, L50, F|\n|poke|p2|Kingambit, L50, M|\n|poke|p2|Farigiraf, L50, F|\n|poke|p2|Primarina, L50, F|\n|teampreview|4\n|\n|t:|1788437056\n|teamsize|p1|4\n|teamsize|p2|4\n|start\n|switch|p1a: Palafin|Palafin, L50, M|100/100\n|switch|p1b: Conkeldurr|Conkeldurr, L50, F|100/100\n|switch|p2a: Farigiraf|Farigiraf, L50, F|100/100\n|switch|p2b: Blaziken|Blaziken, L50, F|100/100\n|turn|1\n|inactive|Battle timer is ON: inactive players will automatically lose when time's up. (requested by rickrizzzzzzzz18)\n|inactive|pedroplay033 has 60 seconds left.\n|\n|t:|1788437092\n|move|p2b: Blaziken|Detect|p2b: Blaziken\n|-singleturn|p2b: Blaziken|Protect\n|move|p1a: Palafin|Wave Crash|p2a: Farigiraf\n|-damage|p2a: Farigiraf|44/100\n|-enditem|p2a: Farigiraf|Sitrus Berry|[eat]\n|-heal|p2a: Farigiraf|69/100|[from] item: Sitrus Berry\n|-damage|p1a: Palafin|79/100|[from] Recoil\n|move|p1b: Conkeldurr|Drain Punch|p2a: Farigiraf\n|-damage|p2a: Farigiraf|1/100\n|move|p2a: Farigiraf|Trick Room|p2a: Farigiraf\n|-fieldstart|move: Trick Room|[of] p2a: Farigiraf\n|\n|-ability|p2b: Blaziken|Speed Boost|boost\n|-boost|p2b: Blaziken|spe|1\n|upkeep\n|turn|2\n|inactive|pedroplay033 has 30 seconds left.\n|\n|t:|1788437123\n|switch|p2b: Primarina|Primarina, L50, F|100/100\n|move|p1b: Conkeldurr|Drain Punch|p2a: Farigiraf\n|-damage|p2a: Farigiraf|0 fnt\n|faint|p2a: Farigiraf\n|move|p1a: Palafin|Wave Crash|p2b: Primarina\n|-resisted|p2b: Primarina|1\n|-damage|p2b: Primarina|61/100\n|-damage|p1a: Palafin|68/100|[from] Recoil\n|\n|upkeep\n|\n|t:|1788437135\n|switch|p2a: Blaziken|Blaziken, L50, F|100/100\n|turn|3\n|\n|t:|1788437146\n|detailschange|p1a: Palafin|Palafin-Hero, L50, M\n|switch|p1a: Pelipper|Pelipper, L50, M|100/100\n|-weather|RainDance|[from] ability: Drizzle|[of] p1a: Pelipper\n|detailschange|p2a: Blaziken|Blaziken-Mega, L50, F\n|-mega|p2a: Blaziken|Blaziken|Blazikenite\n|move|p1b: Conkeldurr|Protect|p1b: Conkeldurr\n|-singleturn|p1b: Conkeldurr|Protect\n|move|p2a: Blaziken|Detect|p2a: Blaziken\n|-singleturn|p2a: Blaziken|Protect\n|move|p2b: Primarina|Moonblast|p1b: Conkeldurr\n|-activate|p1b: Conkeldurr|move: Protect\n|\n|-weather|RainDance|[upkeep]\n|-ability|p2a: Blaziken|Speed Boost|boost\n|-boost|p2a: Blaziken|spe|1\n|upkeep\n|turn|4\n|inactive|pedroplay033 has 30 seconds left.\n|\n|t:|1788437173\n|move|p1b: Conkeldurr|Drain Punch|p2b: Primarina\n|-resisted|p2b: Primarina|1\n|-damage|p2b: Primarina|13/100\n|move|p2b: Primarina|Moonblast|p1b: Conkeldurr\n|-supereffective|p1b: Conkeldurr|1\n|-damage|p1b: Conkeldurr|0 fnt\n|faint|p1b: Conkeldurr\n|-damage|p2b: Primarina|3/100|[from] item: Life Orb\n|move|p1a: Pelipper|Hurricane|p2b: Primarina\n|-damage|p2b: Primarina|0 fnt\n|faint|p2b: Primarina\n|move|p2a: Blaziken|Rock Slide|p1a: Pelipper\n|-supereffective|p1a: Pelipper|1\n|-damage|p1a: Pelipper|56/100\n|\n|-weather|RainDance|[upkeep]\n|-ability|p2a: Blaziken|Speed Boost|boost\n|-boost|p2a: Blaziken|spe|1\n|upkeep\n|\n|t:|1788437189\n|switch|p1b: Palafin|Palafin-Hero, L50, M|68/100\n|switch|p2b: Torkoal|Torkoal, L50, F|100/100\n|-weather|SunnyDay|[from] ability: Drought|[of] p2b: Torkoal\n|-activate|p1b: Palafin|ability: Zero to Hero\n|turn|5\n|\n|t:|1788437200\n|move|p2b: Torkoal|Protect|p2b: Torkoal\n|-singleturn|p2b: Torkoal|Protect\n|move|p1a: Pelipper|Wide Guard|p1a: Pelipper\n|-singleturn|p1a: Pelipper|Wide Guard\n|move|p1b: Palafin|Jet Punch|p2b: Torkoal\n|-activate|p2b: Torkoal|move: Protect\n|move|p2a: Blaziken|Rock Slide|p1b: Palafin|[spread] \n|-activate|p1a: Pelipper|move: Wide Guard\n|-activate|p1b: Palafin|move: Wide Guard\n|\n|-weather|SunnyDay|[upkeep]\n|-fieldend|move: Trick Room\n|-ability|p2a: Blaziken|Speed Boost|boost\n|-boost|p2a: Blaziken|spe|1\n|upkeep\n|turn|6\n|\n|t:|1788437222\n|switch|p1a: Dragonite|Dragonite, L50, M|100/100\n|move|p2b: Torkoal|Helping Hand|p2a: Blaziken\n|-singleturn|p2a: Blaziken|Helping Hand|[of] p2b: Torkoal\n|move|p2a: Blaziken|Rock Slide|p1a: Dragonite|[spread] p1a,p1b\n|-supereffective|p1a: Dragonite|1\n|-damage|p1a: Dragonite|39/100\n|-damage|p1b: Palafin|33/100\n|move|p1b: Palafin|Wave Crash|p2b: Torkoal\n|-supereffective|p2b: Torkoal|1\n|-damage|p2b: Torkoal|24/100\n|-damage|p1b: Palafin|13/100|[from] Recoil\n|\n|-weather|SunnyDay|[upkeep]\n|-ability|p2a: Blaziken|Speed Boost|boost\n|-boost|p2a: Blaziken|spe|1\n|upkeep\n|turn|7\n|\n|t:|1788437246\n|switch|p1a: Pelipper|Pelipper, L50, M|56/100\n|-weather|RainDance|[from] ability: Drizzle|[of] p1a: Pelipper\n|move|p2b: Torkoal|Protect|p2b: Torkoal\n|-singleturn|p2b: Torkoal|Protect\n|move|p1b: Palafin|Jet Punch|p2a: Blaziken\n|-supereffective|p2a: Blaziken|1\n|-damage|p2a: Blaziken|0 fnt\n|faint|p2a: Blaziken\n|\n|-weather|RainDance|[upkeep]\n|upkeep\n|turn|8\n|\n|t:|1788437261\n|move|p1b: Palafin|Jet Punch|p2b: Torkoal\n|-supereffective|p2b: Torkoal|1\n|-damage|p2b: Torkoal|0 fnt\n|faint|p2b: Torkoal\n|\n|win|pedroplay033\n|raw|pedroplay033's rating: 1042 &rarr; <strong>1076</strong><br />(+34 for winning)\n|raw|rickrizzzzzzzz18's rating: 1045 &rarr; <strong>1028</strong><br />(-17 for losing)\n|l|☆rickrizzzzzzzz18\n|player|p2|\n","uploadtime":1788437267,"views":"7","formatid":"gen9championsvgc2026regmb","rating":1028,"private":0,"password":null}