{"id":"gen9championsvgc2026regmbbo3-2673420691","format":"[Gen 9 Champions] VGC 2026 Reg M-B (Bo3)","players":["rojasus","Sores"],"log":"|j|☆rojasus\n|j|☆Sores\n|html|<table width=\"100%\"><tr><td align=\"left\">rojasus</td><td align=\"right\">Sores</tr><tr><td align=\"left\"><i class=\"fa fa-circle\"></i> <i class=\"fa fa-circle-o\"></i> </td><td align=\"right\"><i class=\"fa fa-circle-o\"></i> <i class=\"fa fa-circle\"></i> </tr></table>\n|uhtml|bestof|<h2><strong>Game 3</strong> of <a href=\"/game-bestof3-gen9championsvgc2026regmbbo3-2673417155\">a best-of-3</a></h2>\n|t:|1788195695\n|gametype|doubles\n|player|p1|rojasus|ingo|1162\n|player|p2|Sores|veteran|1156\n|gen|9\n|tier|[Gen 9 Champions] VGC 2026 Reg M-B (Bo3)\n|rated|\n|rule|Species Clause: Limit one of each Pokémon\n|rule|Item Clause: Limit 1 of each item\n|clearpoke\n|poke|p1|Swampert, L50, M|\n|poke|p1|Pelipper, L50, F|\n|poke|p1|Archaludon, L50, M|\n|poke|p1|Grimmsnarl, L50, M|\n|poke|p1|Charizard, L50, F|\n|poke|p1|Venusaur, L50, F|\n|poke|p2|Feraligatr, L50, M|\n|poke|p2|Sneasler, L50, M|\n|poke|p2|Arcanine-Hisui, L50, M|\n|poke|p2|Floette-Eternal, L50, F|\n|poke|p2|Whimsicott, L50, M|\n|poke|p2|Kingambit, L50, M, shiny|\n|teampreview|4\n|showteam|p1|Swampert||Swampertite|Torrent|WaveCrash,Earthquake,IcePunch,Protect|Adamant||M|||50|]Pelipper||SitrusBerry|Drizzle|WeatherBall,Hurricane,Tailwind,WideGuard|Bold||F|||50|]Archaludon||Leftovers|Stamina|ElectroShot,DragonPulse,FlashCannon,Protect|Calm||M|||50|]Grimmsnarl||LightClay|Prankster|LightScreen,Reflect,PartingShot,SpiritBreak|Careful||M|||50|]Charizard||CharizarditeY|Blaze|WeatherBall,HeatWave,Hurricane,Protect|Modest||F|||50|]Venusaur||FocusSash|Chlorophyll|LeafStorm,SleepPowder,SludgeBomb,Protect|Modest||F|||50|\n|showteam|p2|Feraligatr||Feraligite|SheerForce|DoubleEdge,AquaJet,Liquidation,Protect|Adamant||M|||50|]Sneasler||WhiteHerb|PoisonTouch|FakeOut,DireClaw,CloseCombat,Protect|Jolly||M|||50|]Arcanine-Hisui||PasshoBerry|RockHead|FlareBlitz,HeadSmash,ExtremeSpeed,Protect|Jolly||M|||50|]Floette-Eternal||Floettite|FlowerVeil|Moonblast,DazzlingGleam,LightofRuin,Protect|Timid||F|||50|]Whimsicott||FocusSash|Prankster|Moonblast,Tailwind,Encore,Protect|Timid||M|||50|]Kingambit||ChopleBerry|Defiant|SuckerPunch,KowtowCleave,IronHead,LowKick|Adamant||M|||50|\n|inactive|Battle timer is ON: inactive players will automatically lose when time's up. (requested by rojasus)\n|inactive|rojasus has 60 seconds left.\n|\n|t:|1788195747\n|teamsize|p1|4\n|teamsize|p2|4\n|start\n|switch|p1a: Pelipper|Pelipper, L50, F|100/100\n|switch|p1b: Archaludon|Archaludon, L50, M|100/100\n|switch|p2a: Floette|Floette-Eternal, L50, F|100/100\n|switch|p2b: Whimsicott|Whimsicott, L50, M|100/100\n|-weather|RainDance|[from] ability: Drizzle|[of] p1a: Pelipper\n|turn|1\n|inactive|Sores has 30 seconds left.\n|inactive|rojasus has 30 seconds left.\n|inactive|Sores has 20 seconds left.\n|inactive|rojasus has 20 seconds left.\n|inactive|Sores has 15 seconds left.\n|inactive|rojasus has 15 seconds left.\n|inactive|Sores has 10 seconds left.\n|\n|t:|1788195796\n|detailschange|p2a: Floette|Floette-Mega, L50, F\n|-mega|p2a: Floette|Floette|Floettite\n|-ability|p2a: Floette|Fairy Aura\n|move|p2b: Whimsicott|Moonblast|p1a: Pelipper\n|-damage|p1a: Pelipper|38/100\n|-enditem|p1a: Pelipper|Sitrus Berry|[eat]\n|-heal|p1a: Pelipper|63/100|[from] item: Sitrus Berry\n|move|p2a: Floette|Dazzling Gleam|p1a: Pelipper|[spread] p1a,p1b\n|-damage|p1a: Pelipper|3/100\n|-damage|p1b: Archaludon|42/100\n|-ability|p1b: Archaludon|Stamina|boost\n|-boost|p1b: Archaludon|def|1\n|move|p1b: Archaludon|Flash Cannon|p2a: Floette\n|-supereffective|p2a: Floette|1\n|-damage|p2a: Floette|36/100\n|move|p1a: Pelipper|Tailwind|p1a: Pelipper\n|-sidestart|p1: rojasus|move: Tailwind\n|\n|-weather|RainDance|[upkeep]\n|-heal|p1b: Archaludon|48/100|[from] item: Leftovers\n|upkeep\n|turn|2\n|inactive|rojasus has 30 seconds left.\n|inactive|rojasus has 20 seconds left.\n|inactive|rojasus has 15 seconds left.\n|inactive|rojasus has 10 seconds left.\n|inactive|rojasus has 5 seconds left.\n|\n|t:|1788195847\n|switch|p1a: Charizard|Charizard, L50, F|100/100\n|move|p2b: Whimsicott|Tailwind|p2b: Whimsicott\n|-sidestart|p2: Sores|move: Tailwind\n|move|p2a: Floette|Moonblast|p1b: Archaludon\n|-damage|p1b: Archaludon|0 fnt\n|faint|p1b: Archaludon\n|\n|-weather|RainDance|[upkeep]\n|upkeep\n|\n|t:|1788195855\n|switch|p1b: Venusaur|Venusaur, L50, F|100/100\n|turn|3\n|inactive|rojasus has 30 seconds left.\n|inactive|rojasus has 20 seconds left.\n|inactive|rojasus has 15 seconds left.\n|inactive|rojasus has 10 seconds left.\n|inactive|rojasus has 5 seconds left.\n|\n|t:|1788195905\n|detailschange|p1a: Charizard|Charizard-Mega-Y, L50, F\n|-mega|p1a: Charizard|Charizard|Charizardite Y\n|-weather|SunnyDay|[from] ability: Drought|[of] p1a: Charizard\n|move|p2b: Whimsicott|Protect|p2b: Whimsicott\n|-singleturn|p2b: Whimsicott|Protect\n|move|p2a: Floette|Protect|p2a: Floette\n|-singleturn|p2a: Floette|Protect\n|move|p1b: Venusaur|Sludge Bomb|p2a: Floette\n|-activate|p2a: Floette|move: Protect\n|move|p1a: Charizard|Heat Wave|p2b: Whimsicott|[spread] \n|-activate|p2a: Floette|move: Protect\n|-activate|p2b: Whimsicott|move: Protect\n|\n|-weather|SunnyDay|[upkeep]\n|upkeep\n|turn|4\n|inactive|Sores has 30 seconds left.\n|\n|t:|1788195936\n|move|p1b: Venusaur|Sludge Bomb|p2b: Whimsicott\n|-supereffective|p2b: Whimsicott|2\n|-enditem|p2b: Whimsicott|Focus Sash\n|-damage|p2b: Whimsicott|1/100\n|-status|p2b: Whimsicott|psn\n|move|p2b: Whimsicott|Moonblast|p1b: Venusaur\n|-resisted|p1b: Venusaur|1\n|-damage|p1b: Venusaur|75/100\n|-unboost|p1b: Venusaur|spa|1\n|move|p2a: Floette|Light of Ruin|p1b: Venusaur\n|-resisted|p1b: Venusaur|1\n|-damage|p1b: Venusaur|22/100\n|-damage|p2a: Floette|8/100|[from] Recoil\n|move|p1a: Charizard|Heat Wave|p2b: Whimsicott|[spread] p2a\n|-miss|p1a: Charizard|p2b: Whimsicott\n|-damage|p2a: Floette|0 fnt\n|faint|p2a: Floette\n|\n|-weather|SunnyDay|[upkeep]\n|-damage|p2b: Whimsicott|0 fnt|[from] psn\n|faint|p2b: Whimsicott\n|-sideend|p1: rojasus|move: Tailwind\n|upkeep\n|\n|t:|1788195953\n|switch|p2b: Sneasler|Sneasler, L50, M|100/100\n|switch|p2a: Arcanine|Arcanine-Hisui, L50, M|100/100\n|turn|5\n|\n|t:|1788195965\n|move|p1b: Venusaur|Protect|p1b: Venusaur\n|-singleturn|p1b: Venusaur|Protect\n|move|p1a: Charizard|Protect|p1a: Charizard\n|-singleturn|p1a: Charizard|Protect\n|move|p2b: Sneasler|Fake Out|p1b: Venusaur\n|-activate|p1b: Venusaur|move: Protect\n|move|p2a: Arcanine|Head Smash|p1a: Charizard\n|-activate|p1a: Charizard|move: Protect\n|\n|-weather|SunnyDay|[upkeep]\n|-sideend|p2: Sores|move: Tailwind\n|upkeep\n|turn|6\n|inactive|rojasus has 30 seconds left.\n|inactive|rojasus has 20 seconds left.\n|inactive|rojasus has 15 seconds left.\n|\n|t:|1788196007\n|move|p2b: Sneasler|Protect|p2b: Sneasler\n|-singleturn|p2b: Sneasler|Protect\n|move|p2a: Arcanine|Protect|p2a: Arcanine\n|-singleturn|p2a: Arcanine|Protect\n|move|p1b: Venusaur|Sleep Powder|p2a: Arcanine\n|-activate|p2a: Arcanine|move: Protect\n|move|p1a: Charizard|Hurricane|p2b: Sneasler\n|-activate|p2b: Sneasler|move: Protect\n|\n|-weather|SunnyDay|[upkeep]\n|upkeep\n|turn|7\n|\n|t:|1788196025\n|move|p2a: Arcanine|Extreme Speed|p1b: Venusaur\n|-damage|p1b: Venusaur|0 fnt\n|faint|p1b: Venusaur\n|move|p2b: Sneasler|Dire Claw|p1a: Charizard\n|-damage|p1a: Charizard|37/100\n|move|p1a: Charizard|Hurricane|p2b: Sneasler|[miss]\n|-miss|p1a: Charizard|p2b: Sneasler\n|\n|-weather|none\n|upkeep\n|\n|t:|1788196034\n|switch|p1b: Pelipper|Pelipper, L50, F|3/100\n|-weather|RainDance|[from] ability: Drizzle|[of] p1b: Pelipper\n|turn|8\n|\n|t:|1788196053\n|move|p2a: Arcanine|Extreme Speed|p1b: Pelipper\n|-damage|p1b: Pelipper|0 fnt\n|faint|p1b: Pelipper\n|move|p2b: Sneasler|Dire Claw|p1a: Charizard\n|-damage|p1a: Charizard|0 fnt\n|faint|p1a: Charizard\n|\n|win|Sores\n|raw|rojasus's rating: 1162 &rarr; <strong>1137</strong><br />(-25 for losing)\n|raw|Sores's rating: 1156 &rarr; <strong>1181</strong><br />(+25 for winning)\n","uploadtime":1788196061,"views":"1","formatid":"gen9championsvgc2026regmbbo3","rating":1137,"private":0,"password":null}