{"id":"gen9championsvgc2026regmbbo3-2673527807","format":"[Gen 9 Champions] VGC 2026 Reg M-B (Bo3)","players":["Thomnahs","javivaarela"],"log":"|j|☆Thomnahs\n|j|☆javivaarela\n|html|<table width=\"100%\"><tr><td align=\"left\">Thomnahs</td><td align=\"right\">javivaarela</tr><tr><td align=\"left\"><i class=\"fa fa-circle-o\"></i> <i class=\"fa fa-circle-o\"></i> </td><td align=\"right\"><i class=\"fa fa-circle-o\"></i> <i class=\"fa fa-circle\"></i> </tr></table>\n|uhtml|bestof|<h2><strong>Game 2</strong> of <a href=\"/game-bestof3-gen9championsvgc2026regmbbo3-2673525311\">a best-of-3</a></h2>\n|t:|1788208800\n|gametype|doubles\n|player|p1|Thomnahs|101|1201\n|player|p2|javivaarela|shadowtriad|1266\n|gen|9\n|tier|[Gen 9 Champions] VGC 2026 Reg M-B (Bo3)\n|rated|\n|rule|Species Clause: Limit one of each Pokémon\n|rule|Item Clause: Limit 1 of each item\n|clearpoke\n|poke|p1|Basculegion, L50, M|\n|poke|p1|Charizard, L50, F|\n|poke|p1|Kingambit, L50, F|\n|poke|p1|Whimsicott, L50, F|\n|poke|p1|Garchomp, L50, F|\n|poke|p1|Floette-Eternal, L50, F|\n|poke|p2|Staraptor, L50, F, shiny|\n|poke|p2|Arcanine-Hisui, L50, M, shiny|\n|poke|p2|Kingambit, L50, M, shiny|\n|poke|p2|Sylveon, L50, M, shiny|\n|poke|p2|Raichu, L50, M, shiny|\n|poke|p2|Farigiraf, L50, F, shiny|\n|teampreview|4\n|showteam|p1|Basculegion||MysticWater|Adaptability|WaveCrash,LastRespects,AquaJet,Protect|Adamant||M|||50|]Charizard||CharizarditeY|SolarPower|HeatWave,WeatherBall,AncientPower,Protect|Timid||F|||50|]Kingambit||BlackGlasses|Defiant|KowtowCleave,IronHead,SuckerPunch,Protect|Adamant||F|||50|]Whimsicott||FocusSash|Prankster|Moonblast,Tailwind,Encore,Protect|Timid||F|||50|]Garchomp||LifeOrb|RoughSkin|DragonClaw,Earthquake,RockSlide,Protect|Jolly||F|||50|]Floette-Eternal||Floettite|FlowerVeil|Moonblast,DazzlingGleam,LightofRuin,Protect|Modest||F|||50|\n|showteam|p2|Staraptor||Staraptite|Intimidate|DualWingbeat,CloseCombat,Tailwind,Protect|Jolly||F|||50|]Arcanine-Hisui||FocusSash|RockHead|FlareBlitz,HeadSmash,ExtremeSpeed,Protect|Jolly||M|||50|]Kingambit||LifeOrb|Defiant|KowtowCleave,SuckerPunch,SwordsDance,Protect|Adamant||M|||50|]Sylveon||FairyFeather|Pixilate|HyperVoice,HyperBeam,QuickAttack,Detect|Modest||M|||50|]Raichu||RaichuniteY|LightningRod|ZapCannon,FocusBlast,FakeOut,Protect|Timid||M|||50|]Farigiraf||SitrusBerry|ArmorTail|Psychic,HelpingHand,TrickRoom,Protect|Calm||F|||50|\n|inactive|Battle timer is ON: inactive players will automatically lose when time's up. (requested by Thomnahs)\n|\n|t:|1788208828\n|teamsize|p1|4\n|teamsize|p2|4\n|start\n|switch|p1a: Basculegion|Basculegion, L50, M|100/100\n|switch|p1b: Whimsicott|Whimsicott, L50, F|100/100\n|switch|p2a: WrathofKhan|Kingambit, L50, M, shiny|100/100\n|switch|p2b: Big Chu|Raichu, L50, M, shiny|100/100\n|turn|1\n|\n|t:|1788208845\n|switch|p1a: Garchomp|Garchomp, L50, F|100/100\n|detailschange|p2b: Big Chu|Raichu-Mega-Y, L50, M, shiny\n|-mega|p2b: Big Chu|Raichu|Raichunite Y\n|move|p1b: Whimsicott|Protect|p1b: Whimsicott\n|-singleturn|p1b: Whimsicott|Protect\n|move|p2a: WrathofKhan|Sucker Punch||[still]\n|-fail|p2a: WrathofKhan\n|move|p2b: Big Chu|Zap Cannon|p1b: Whimsicott\n|-activate|p1b: Whimsicott|move: Protect\n|\n|upkeep\n|turn|2\n|\n|t:|1788208866\n|switch|p2b: Fridge|Farigiraf, L50, F, shiny|100/100\n|switch|p1b: Charizard|Charizard, L50, F|100/100\n|move|p1a: Garchomp|Earthquake|p2b: Fridge|[spread] p2a,p2b\n|-immune|p1b: Charizard\n|-supereffective|p2a: WrathofKhan|1\n|-damage|p2a: WrathofKhan|38/100\n|-damage|p2b: Fridge|59/100\n|-damage|p1a: Garchomp|90/100|[from] item: Life Orb\n|move|p2a: WrathofKhan|Swords Dance|p2a: WrathofKhan\n|-boost|p2a: WrathofKhan|atk|2\n|\n|upkeep\n|turn|3\n|\n|t:|1788208885\n|detailschange|p1b: Charizard|Charizard-Mega-Y, L50, F\n|-mega|p1b: Charizard|Charizard|Charizardite Y\n|-weather|SunnyDay|[from] ability: Drought|[of] p1b: Charizard\n|move|p2a: WrathofKhan|Sucker Punch|p1a: Garchomp\n|-damage|p1a: Garchomp|0 fnt\n|-damage|p2a: WrathofKhan|26/100|[from] ability: Rough Skin|[of] p1a: Garchomp\n|faint|p1a: Garchomp\n|-damage|p2a: WrathofKhan|16/100|[from] item: Life Orb\n|move|p1b: Charizard|Weather Ball|p2b: Fridge\n|-damage|p2b: Fridge|0 fnt\n|faint|p2b: Fridge\n|\n|-weather|SunnyDay|[upkeep]\n|upkeep\n|\n|t:|1788208908\n|switch|p1a: Basculegion|Basculegion, L50, M|100/100\n|switch|p2b: Big Chu|Raichu-Mega-Y, L50, M, shiny|100/100\n|turn|4\n|\n|t:|1788208926\n|move|p1a: Basculegion|Aqua Jet|p2a: WrathofKhan\n|-damage|p2a: WrathofKhan|4/100\n|move|p2a: WrathofKhan|Sucker Punch||[still]\n|-fail|p2a: WrathofKhan\n|move|p2b: Big Chu|Zap Cannon|p1b: Charizard\n|-supereffective|p1b: Charizard|1\n|-damage|p1b: Charizard|0 fnt\n|faint|p1b: Charizard\n|\n|-weather|SunnyDay|[upkeep]\n|upkeep\n|\n|t:|1788208939\n|switch|p1b: Whimsicott|Whimsicott, L50, F|100/100\n|turn|5\n|\n|t:|1788208952\n|move|p1a: Basculegion|Aqua Jet|p2a: WrathofKhan\n|-damage|p2a: WrathofKhan|0 fnt\n|faint|p2a: WrathofKhan\n|move|p2b: Big Chu|Zap Cannon|p1b: Whimsicott\n|-resisted|p1b: Whimsicott|1\n|-damage|p1b: Whimsicott|46/100\n|-status|p1b: Whimsicott|par\n|move|p1b: Whimsicott|Moonblast|p2b: Big Chu\n|-damage|p2b: Big Chu|52/100\n|\n|-weather|SunnyDay|[upkeep]\n|upkeep\n|\n|t:|1788208954\n|switch|p2a: Sadie Sink|Sylveon, L50, M, shiny|100/100\n|turn|6\n|inactive|Thomnahs has 30 seconds left.\n|\n|t:|1788208988\n|move|p1b: Whimsicott|Tailwind|p1b: Whimsicott\n|-sidestart|p1: Thomnahs|move: Tailwind\n|move|p1a: Basculegion|Last Respects|p2b: Big Chu\n|-damage|p2b: Big Chu|0 fnt\n|faint|p2b: Big Chu\n|move|p2a: Sadie Sink|Hyper Beam|p1a: Basculegion|[miss]\n|-miss|p2a: Sadie Sink|p1a: Basculegion\n|\n|-weather|SunnyDay|[upkeep]\n|upkeep\n|turn|7\n|\n|t:|1788209007\n|move|p1a: Basculegion|Last Respects|p2a: Sadie Sink\n|-damage|p2a: Sadie Sink|0 fnt\n|faint|p2a: Sadie Sink\n|\n|win|Thomnahs\n","uploadtime":1788209007,"views":"1","formatid":"gen9championsvgc2026regmbbo3","rating":null,"private":0,"password":null}