{"id":"gen9championsvgc2026regmb-2674141681","format":"[Gen 9 Champions] VGC 2026 Reg M-B","players":["ShrimpGun","chris2222"],"log":"|j|☆ShrimpGun\n|j|☆chris2222\n|t:|1788305314\n|gametype|doubles\n|player|p1|ShrimpGun|fisherman-gen4|1273\n|player|p2|chris2222|170|1310\n|gen|9\n|tier|[Gen 9 Champions] VGC 2026 Reg M-B\n|rated|\n|rule|Species Clause: Limit one of each Pokémon\n|rule|Item Clause: Limit 1 of each item\n|clearpoke\n|poke|p1|Staraptor, L50, F|\n|poke|p1|Farigiraf, L50, F, shiny|\n|poke|p1|Clawitzer, L50, M|\n|poke|p1|Arcanine-Hisui, L50, F|\n|poke|p1|Sylveon, L50, F|\n|poke|p1|Kingambit, L50, F|\n|poke|p2|Gengar, L50, F, shiny|\n|poke|p2|Archaludon, L50, M|\n|poke|p2|Politoed, L50, F|\n|poke|p2|Arcanine-Hisui, L50, M|\n|poke|p2|Whimsicott, L50, M|\n|poke|p2|Staraptor, L50, M|\n|teampreview|4\n|inactive|Battle timer is ON: inactive players will automatically lose when time's up. (requested by chris2222)\n|\n|t:|1788305354\n|teamsize|p1|4\n|teamsize|p2|4\n|start\n|switch|p1a: Staraptor|Staraptor, L50, F|100/100\n|switch|p1b: Farigiraf|Farigiraf, L50, F, shiny|100/100\n|switch|p2a: Archaludon|Archaludon, L50, M|100/100\n|switch|p2b: Politoed|Politoed, L50, F|100/100\n|-ability|p1a: Staraptor|Intimidate|boost\n|-unboost|p2a: Archaludon|atk|1\n|-unboost|p2b: Politoed|atk|1\n|-weather|RainDance|[from] ability: Drizzle|[of] p2b: Politoed\n|turn|1\n|inactive|chris2222 has 30 seconds left.\n|\n|t:|1788305381\n|switch|p2a: Staraptor|Staraptor, L50, M|100/100\n|-ability|p2a: Staraptor|Intimidate|boost\n|-unboost|p1a: Staraptor|atk|1\n|-unboost|p1b: Farigiraf|atk|1\n|detailschange|p1a: Staraptor|Staraptor-Mega, L50, F\n|-mega|p1a: Staraptor|Staraptor|Staraptite\n|move|p1a: Staraptor|Close Combat|p2a: Staraptor\n|-damage|p2a: Staraptor|54/100\n|-boost|p1a: Staraptor|def|1\n|-boost|p1a: Staraptor|spd|1\n|move|p2b: Politoed|Perish Song|p2b: Politoed\n|-start|p1a: Staraptor|perish3|[silent]\n|-start|p1b: Farigiraf|perish3|[silent]\n|-start|p2a: Staraptor|perish3|[silent]\n|-start|p2b: Politoed|perish3|[silent]\n|-fieldactivate|move: Perish Song\n|move|p1b: Farigiraf|Trick Room|p1b: Farigiraf\n|-fieldstart|move: Trick Room|[of] p1b: Farigiraf\n|\n|-weather|RainDance|[upkeep]\n|-start|p1b: Farigiraf|perish3\n|-start|p2b: Politoed|perish3\n|-start|p2a: Staraptor|perish3\n|-start|p1a: Staraptor|perish3\n|upkeep\n|turn|2\n|inactive|chris2222 has 30 seconds left.\n|\n|t:|1788305411\n|switch|p1b: Clawitzer|Clawitzer, L50, M|100/100\n|switch|p2a: Archaludon|Archaludon, L50, M|100/100\n|move|p2b: Politoed|Weather Ball|p1b: Clawitzer\n|-resisted|p1b: Clawitzer|1\n|-damage|p1b: Clawitzer|67/100\n|move|p1a: Staraptor|Brave Bird|p2a: Archaludon\n|-resisted|p2a: Archaludon|1\n|-damage|p2a: Archaludon|87/100\n|-ability|p2a: Archaludon|Stamina|boost\n|-boost|p2a: Archaludon|def|1\n|-damage|p1a: Staraptor|95/100|[from] Recoil\n|\n|-weather|RainDance|[upkeep]\n|-heal|p2a: Archaludon|93/100|[from] item: Leftovers\n|-start|p2b: Politoed|perish2\n|-start|p1a: Staraptor|perish2\n|upkeep\n|turn|3\n|\n|t:|1788305432\n|switch|p2b: Whimsicott|Whimsicott, L50, M|100/100\n|move|p2a: Archaludon|Protect|p2a: Archaludon\n|-singleturn|p2a: Archaludon|Protect\n|move|p1b: Clawitzer|Aura Sphere|p2a: Archaludon\n|-activate|p2a: Archaludon|move: Protect\n|move|p1a: Staraptor|Brave Bird|p2b: Whimsicott\n|-supereffective|p2b: Whimsicott|1\n|-damage|p2b: Whimsicott|0 fnt\n|faint|p2b: Whimsicott\n|-damage|p1a: Staraptor|69/100|[from] Recoil\n|\n|-weather|RainDance|[upkeep]\n|-heal|p2a: Archaludon|99/100|[from] item: Leftovers\n|-start|p1a: Staraptor|perish1\n|upkeep\n|\n|t:|1788305446\n|switch|p2b: Staraptor|Staraptor, L50, M|54/100\n|-ability|p2b: Staraptor|Intimidate|boost\n|-boost|p1a: Staraptor|atk|1\n|-unboost|p1b: Clawitzer|atk|1\n|turn|4\n|\n|t:|1788305458\n|switch|p2a: Politoed|Politoed, L50, F|100/100\n|switch|p1a: Old Yeller|Sylveon, L50, F|100/100\n|detailschange|p2b: Staraptor|Staraptor-Mega, L50, M\n|-mega|p2b: Staraptor|Staraptor|Staraptite\n|move|p1b: Clawitzer|Aura Sphere|p2a: Politoed\n|-damage|p2a: Politoed|55/100\n|-damage|p1b: Clawitzer|58/100|[from] item: Life Orb\n|move|p2b: Staraptor|Roost|p2b: Staraptor\n|-heal|p2b: Staraptor|100/100\n|-singleturn|p2b: Staraptor|move: Roost\n|\n|-weather|RainDance|[upkeep]\n|upkeep\n|turn|5\n|\n|t:|1788305471\n|switch|p1b: Staraptor|Staraptor-Mega, L50, F|69/100\n|move|p2b: Staraptor|Protect|p2b: Staraptor\n|-singleturn|p2b: Staraptor|Protect\n|move|p1a: Old Yeller|Hyper Voice|p2a: Politoed|[spread] p2a\n|-activate|p2b: Staraptor|move: Protect\n|-damage|p2a: Politoed|19/100\n|-enditem|p2a: Politoed|Sitrus Berry|[eat]\n|-heal|p2a: Politoed|44/100|[from] item: Sitrus Berry\n|move|p2a: Politoed|Weather Ball|p1a: Old Yeller\n|-damage|p1a: Old Yeller|65/100\n|\n|-weather|none\n|-fieldend|move: Trick Room\n|upkeep\n|turn|6\n|\n|t:|1788305485\n|switch|p2a: Archaludon|Archaludon, L50, M|99/100\n|move|p1b: Staraptor|Tailwind|p1b: Staraptor\n|-sidestart|p1: ShrimpGun|move: Tailwind\n|move|p1a: Old Yeller|Hyper Voice|p2a: Archaludon|[spread] p2a,p2b\n|-crit|p2a: Archaludon\n|-supereffective|p2b: Staraptor|1\n|-damage|p2a: Archaludon|28/100\n|-damage|p2b: Staraptor|3/100\n|-ability|p2a: Archaludon|Stamina|boost\n|-boost|p2a: Archaludon|def|1\n|move|p2b: Staraptor|Close Combat|p1b: Staraptor\n|-resisted|p1b: Staraptor|1\n|-damage|p1b: Staraptor|38/100\n|-boost|p2b: Staraptor|def|1\n|-boost|p2b: Staraptor|spd|1\n|\n|-heal|p2a: Archaludon|34/100|[from] item: Leftovers\n|upkeep\n|turn|7\n|\n|t:|1788305494\n|move|p2a: Archaludon|Protect|p2a: Archaludon\n|-singleturn|p2a: Archaludon|Protect\n|move|p1b: Staraptor|Close Combat|p2a: Archaludon\n|-activate|p2a: Archaludon|move: Protect\n|move|p1a: Old Yeller|Hyper Voice|p2b: Staraptor|[spread] p2b\n|-activate|p2a: Archaludon|move: Protect\n|-supereffective|p2b: Staraptor|1\n|-damage|p2b: Staraptor|0 fnt\n|faint|p2b: Staraptor\n|\n|-heal|p2a: Archaludon|40/100|[from] item: Leftovers\n|upkeep\n|\n|t:|1788305496\n|switch|p2b: Politoed|Politoed, L50, F|44/100\n|-weather|RainDance|[from] ability: Drizzle|[of] p2b: Politoed\n|turn|8\n|-message|chris2222 forfeited.\n|\n|win|ShrimpGun\n|raw|ShrimpGun's rating: 1273 &rarr; <strong>1301</strong><br />(+28 for winning)\n|raw|chris2222's rating: 1310 &rarr; <strong>1288</strong><br />(-22 for losing)\n|l|☆chris2222\n|player|p2|\n","uploadtime":1788305500,"views":"4","formatid":"gen9championsvgc2026regmb","rating":1288,"private":0,"password":null}