{"id":"gen9championsvgc2026regmb-2674910669","format":"[Gen 9 Champions] VGC 2026 Reg M-B","players":["bagasilcampione","Thornlace48812"],"log":"|j|☆bagasilcampione\n|j|☆Thornlace48812\n|t:|1788434351\n|gametype|doubles\n|player|p1|bagasilcampione|ghetsis-gen5bw|1148\n|player|p2|Thornlace48812|102|1207\n|gen|9\n|tier|[Gen 9 Champions] VGC 2026 Reg M-B\n|rated|\n|rule|Species Clause: Limit one of each Pokémon\n|rule|Item Clause: Limit 1 of each item\n|clearpoke\n|poke|p1|Azumarill, L50, M|\n|poke|p1|Maushold-Four, L50|\n|poke|p1|Camerupt, L50, M|\n|poke|p1|Mawile, L50, F|\n|poke|p1|Farigiraf, L50, M|\n|poke|p1|Gallade, L50, M|\n|poke|p2|Garchomp, L50, F|\n|poke|p2|Charizard, L50, F|\n|poke|p2|Whimsicott, L50, F|\n|poke|p2|Sylveon, L50, F|\n|poke|p2|Kingambit, L50, M|\n|poke|p2|Basculegion, L50, M|\n|teampreview|4\n|inactive|Battle timer is ON: inactive players will automatically lose when time's up. (requested by Thornlace48812)\n|inactive|bagasilcampione also wants the timer to be on.\nThornlace48812 rejected open team sheets.\n|\n|t:|1788434369\n|teamsize|p1|4\n|teamsize|p2|4\n|start\n|switch|p1a: Maushold|Maushold-Four, L50|100/100\n|switch|p1b: Azumarill|Azumarill, L50, M|100/100\n|switch|p2a: Charizard|Charizard, L50, F|100/100\n|switch|p2b: Basculegion|Basculegion, L50, M|100/100\n|turn|1\n|\n|t:|1788434385\n|switch|p2b: Sylveon|Sylveon, L50, F|100/100\n|move|p2a: Charizard|Protect|p2a: Charizard\n|-singleturn|p2a: Charizard|Protect\n|move|p1a: Maushold|Population Bomb|p2a: Charizard\n|-activate|p2a: Charizard|move: Protect\n|move|p1b: Azumarill|Belly Drum|p1b: Azumarill\n|-damage|p1b: Azumarill|50/100y\n|-setboost|p1b: Azumarill|atk|6|[from] move: Belly Drum\n|-enditem|p1b: Azumarill|Sitrus Berry|[eat]\n|-heal|p1b: Azumarill|74/100|[from] item: Sitrus Berry\n|\n|upkeep\n|turn|2\n|\n|t:|1788434407\n|detailschange|p2a: Charizard|Charizard-Mega-Y, L50, F\n|-mega|p2a: Charizard|Charizard|Charizardite Y\n|-weather|SunnyDay|[from] ability: Drought|[of] p2a: Charizard\n|move|p1b: Azumarill|Protect|p1b: Azumarill\n|-singleturn|p1b: Azumarill|Protect\n|move|p1a: Maushold|Population Bomb|p2a: Charizard\n|-crit|p2a: Charizard\n|-damage|p2a: Charizard|84/100\n|-damage|p2a: Charizard|73/100\n|-damage|p2a: Charizard|63/100\n|-damage|p2a: Charizard|52/100\n|-damage|p2a: Charizard|42/100\n|-damage|p2a: Charizard|32/100\n|-damage|p2a: Charizard|22/100\n|-damage|p2a: Charizard|10/100\n|-damage|p2a: Charizard|1/100\n|-damage|p2a: Charizard|0 fnt\n|faint|p2a: Charizard\n|-hitcount|p2: Charizard|10\n|move|p2b: Sylveon|Hyper Voice|p1a: Maushold|[spread] p1a\n|-activate|p1b: Azumarill|move: Protect\n|-damage|p1a: Maushold|36/100\n|\n|-weather|SunnyDay|[upkeep]\n|upkeep\n|\n|t:|1788434407\n|switch|p2a: Whimsicott|Whimsicott, L50, F|100/100\n|turn|3\n|inactive|bagasilcampione has 30 seconds left.\n|\n|t:|1788434440\n|move|p2a: Whimsicott|Tailwind|p2a: Whimsicott\n|-sidestart|p2: Thornlace48812|move: Tailwind\n|move|p1b: Azumarill|Aqua Jet|p2b: Sylveon\n|-damage|p2b: Sylveon|36/100\n|move|p2b: Sylveon|Hyper Voice|p1a: Maushold|[spread] p1a,p1b\n|-damage|p1a: Maushold|0 fnt\n|-damage|p1b: Azumarill|28/100\n|faint|p1a: Maushold\n|\n|-weather|SunnyDay|[upkeep]\n|upkeep\n|\n|t:|1788434450\n|switch|p1a: Farigiraf|Farigiraf, L50, M|100/100\n|turn|4\n|\n|t:|1788434456\n|move|p1b: Azumarill|Aqua Jet|p2b: Sylveon\n|-damage|p2b: Sylveon|0 fnt\n|faint|p2b: Sylveon\n|move|p2a: Whimsicott|Moonblast|p1b: Azumarill\n|-damage|p1b: Azumarill|0 fnt\n|faint|p1b: Azumarill\n|move|p1a: Farigiraf|Trick Room|p1a: Farigiraf\n|-fieldstart|move: Trick Room|[of] p1a: Farigiraf\n|\n|-weather|SunnyDay|[upkeep]\n|upkeep\n|\n|t:|1788434464\n|switch|p1b: Camerupt|Camerupt, L50, M|100/100\n|switch|p2b: Basculegion|Basculegion, L50, M|100/100\n|turn|5\n|\n|t:|1788434479\n|detailschange|p1b: Camerupt|Camerupt-Mega, L50, M\n|-mega|p1b: Camerupt|Camerupt|Cameruptite\n|move|p1b: Camerupt|Earth Power|p2b: Basculegion\n|-damage|p2b: Basculegion|20/100y\n|move|p1a: Farigiraf|Psychic|p2b: Basculegion\n|-damage|p2b: Basculegion|0 fnt\n|faint|p2b: Basculegion\n|move|p2a: Whimsicott|Moonblast|p1a: Farigiraf\n|-damage|p1a: Farigiraf|76/100\n|\n|-weather|SunnyDay|[upkeep]\n|upkeep\n|turn|6\n|\n|t:|1788434491\n|move|p2a: Whimsicott|Protect|p2a: Whimsicott\n|-singleturn|p2a: Whimsicott|Protect\n|move|p1b: Camerupt|Eruption|p2a: Whimsicott\n|-activate|p2a: Whimsicott|move: Protect\n|move|p1a: Farigiraf|Psychic|p2a: Whimsicott\n|-activate|p2a: Whimsicott|move: Protect\n|\n|-weather|none\n|-sideend|p2: Thornlace48812|move: Tailwind\n|upkeep\n|turn|7\n|\n|t:|1788434502\n|move|p2a: Whimsicott|Protect||[still]\n|-fail|p2a: Whimsicott\n|move|p1b: Camerupt|Eruption|p2a: Whimsicott\n|-supereffective|p2a: Whimsicott|1\n|-enditem|p2a: Whimsicott|Focus Sash\n|-damage|p2a: Whimsicott|1/100\n|move|p1a: Farigiraf|Psychic|p2a: Whimsicott\n|-damage|p2a: Whimsicott|0 fnt\n|faint|p2a: Whimsicott\n|\n|win|bagasilcampione\n|raw|bagasilcampione's rating: 1148 &rarr; <strong>1178</strong><br />(+30 for winning)\n|raw|Thornlace48812's rating: 1213 &rarr; <strong>1183</strong><br />(-30 for losing)\n","uploadtime":1788434502,"views":"2","formatid":"gen9championsvgc2026regmb","rating":1178,"private":0,"password":null}