{"id":"gen9championsvgc2026regmb-2674135940","format":"[Gen 9 Champions] VGC 2026 Reg M-B","players":["JackWilkins","Chungwha Chuds"],"log":"|j|☆JackWilkins\n|j|☆Chungwha Chuds\n|t:|1788304427\n|gametype|doubles\n|player|p1|JackWilkins|cynthia|\n|player|p2|Chungwha Chuds|170|\n|gen|9\n|tier|[Gen 9 Champions] VGC 2026 Reg M-B\n|rule|Species Clause: Limit one of each Pokémon\n|rule|Item Clause: Limit 1 of each item\n|clearpoke\n|poke|p1|Incineroar, L50, F|\n|poke|p1|Aerodactyl, L50, F|\n|poke|p1|Gardevoir, L50, M|\n|poke|p1|Kommo-o, L50, M|\n|poke|p1|Mamoswine, L50, M|\n|poke|p1|Volcarona, L50, M|\n|poke|p2|Farigiraf, L50, M|\n|poke|p2|Mawile, L50, F|\n|poke|p2|Scrafty, L50, F|\n|poke|p2|Rhyperior, L50, F|\n|poke|p2|Armarouge, L50, F|\n|poke|p2|Slowbro, L50, F|\n|teampreview|4\n|\n|t:|1788304436\n|teamsize|p1|4\n|teamsize|p2|4\n|start\n|switch|p1a: Kommo-o|Kommo-o, L50, M|100/100\n|switch|p1b: Mamoswine|Mamoswine, L50, M|100/100\n|switch|p2a: Farigiraf|Farigiraf, L50, M|100/100\n|switch|p2b: Scrafty|Scrafty, L50, F|100/100\n|-ability|p2b: Scrafty|Intimidate|boost\n|-unboost|p1a: Kommo-o|atk|1\n|-unboost|p1b: Mamoswine|atk|1\n|turn|1\n|\n|t:|1788304453\n|move|p2b: Scrafty|Fake Out|p1a: Kommo-o\n|-damage|p1a: Kommo-o|90/100\n|cant|p1a: Kommo-o|flinch\n|move|p1b: Mamoswine|Double-Edge|p2a: Farigiraf\n|-damage|p2a: Farigiraf|55/100\n|-damage|p1b: Mamoswine|84/100|[from] Recoil\n|-damage|p1b: Mamoswine|75/100|[from] item: Life Orb\n|move|p2a: Farigiraf|Trick Room|p2a: Farigiraf\n|-fieldstart|move: Trick Room|[of] p2a: Farigiraf\n|\n|upkeep\n|turn|2\n|\n|t:|1788304474\n|move|p2a: Farigiraf|Psychic|p1a: Kommo-o\n|-supereffective|p1a: Kommo-o|1\n|-damage|p1a: Kommo-o|26/100\n|-enditem|p1a: Kommo-o|Sitrus Berry|[eat]\n|-heal|p1a: Kommo-o|51/100|[from] item: Sitrus Berry\n|move|p2b: Scrafty|Drain Punch|p1b: Mamoswine\n|-supereffective|p1b: Mamoswine|1\n|-damage|p1b: Mamoswine|2/100\n|move|p1b: Mamoswine|Haze|p1b: Mamoswine\n|-clearallboost\n|move|p1a: Kommo-o|Focus Blast|p2b: Scrafty\n|-supereffective|p2b: Scrafty|1\n|-damage|p2b: Scrafty|0 fnt\n|faint|p2b: Scrafty\n|\n|upkeep\n|\n|t:|1788304491\n|switch|p2b: Mawile|Mawile, L50, F|100/100\n|-ability|p2b: Mawile|Intimidate|boost\n|-unboost|p1a: Kommo-o|atk|1\n|-unboost|p1b: Mamoswine|atk|1\n|turn|3\n|\n|t:|1788304510\n|detailschange|p2b: Mawile|Mawile-Mega, L50, F\n|-mega|p2b: Mawile|Mawile|Mawilite\n|move|p1b: Mamoswine|Protect|p1b: Mamoswine\n|-singleturn|p1b: Mamoswine|Protect\n|move|p2b: Mawile|Play Rough|p1a: Kommo-o\n|-supereffective|p1a: Kommo-o|2\n|-damage|p1a: Kommo-o|0 fnt\n|faint|p1a: Kommo-o\n|move|p2a: Farigiraf|Psychic|p1b: Mamoswine\n|-activate|p1b: Mamoswine|move: Protect\n|\n|upkeep\n|\n|t:|1788304521\n|switch|p1a: Gardevoir|Gardevoir, L50, M|100/100\n|-ability|p1a: Gardevoir|Huge Power|Trace|[from] ability: Trace|[of] p2b: Mawile\n|turn|4\n|\n|t:|1788304536\n|detailschange|p1a: Gardevoir|Gardevoir-Mega, L50, M\n|-mega|p1a: Gardevoir|Gardevoir|Gardevoirite\n|move|p2a: Farigiraf|Helping Hand|p2b: Mawile\n|-singleturn|p2b: Mawile|Helping Hand|[of] p2a: Farigiraf\n|move|p2b: Mawile|Iron Head|p1a: Gardevoir\n|-supereffective|p1a: Gardevoir|1\n|-damage|p1a: Gardevoir|0 fnt\n|faint|p1a: Gardevoir\n|move|p1b: Mamoswine|Earthquake|p2a: Farigiraf|[spread] p2a,p2b\n|-supereffective|p2b: Mawile|1\n|-damage|p2a: Farigiraf|17/100\n|-damage|p2b: Mawile|33/100\n|-damage|p1b: Mamoswine|0 fnt|[from] item: Life Orb\n|faint|p1b: Mamoswine\n|\n|upkeep\n|\n|t:|1788304553\n|switch|p1b: Incineroar|Incineroar, L50, F|100/100\n|-ability|p1b: Incineroar|Intimidate|boost\n|-unboost|p2a: Farigiraf|atk|1\n|-unboost|p2b: Mawile|atk|1\n|turn|5\n|\n|t:|1788304569\n|move|p2b: Mawile|Protect|p2b: Mawile\n|-singleturn|p2b: Mawile|Protect\n|move|p2a: Farigiraf|Hyper Voice|p1b: Incineroar\n|-damage|p1b: Incineroar|65/100\n|move|p1b: Incineroar|Flare Blitz|p2b: Mawile\n|-activate|p2b: Mawile|move: Protect\n|\n|-heal|p1b: Incineroar|71/100|[from] item: Leftovers\n|-fieldend|move: Trick Room\n|upkeep\n|turn|6\n|\n|t:|1788304590\n|move|p2b: Mawile|Sucker Punch|p1b: Incineroar\n|-resisted|p1b: Incineroar|1\n|-damage|p1b: Incineroar|56/100\n|move|p1b: Incineroar|Flare Blitz|p2b: Mawile\n|-supereffective|p2b: Mawile|1\n|-damage|p2b: Mawile|0 fnt\n|faint|p2b: Mawile\n|-damage|p1b: Incineroar|47/100|[from] Recoil\n|move|p2a: Farigiraf|Trick Room|p2a: Farigiraf\n|-fieldstart|move: Trick Room|[of] p2a: Farigiraf\n|\n|-heal|p1b: Incineroar|53/100|[from] item: Leftovers\n|upkeep\n|\n|t:|1788304603\n|switch|p2b: Rhyperior|Rhyperior, L50, F|100/100\n|turn|7\n|\n|t:|1788304614\n|move|p2a: Farigiraf|Helping Hand|p2b: Rhyperior\n|-singleturn|p2b: Rhyperior|Helping Hand|[of] p2a: Farigiraf\n|move|p1b: Incineroar|Protect|p1b: Incineroar\n|-singleturn|p1b: Incineroar|Protect\n|move|p2b: Rhyperior|High Horsepower|p1b: Incineroar\n|-activate|p1b: Incineroar|move: Protect\n|\n|-heal|p1b: Incineroar|59/100|[from] item: Leftovers\n|upkeep\n|turn|8\n|\n|t:|1788304631\n|move|p2a: Farigiraf|Helping Hand|p2b: Rhyperior\n|-singleturn|p2b: Rhyperior|Helping Hand|[of] p2a: Farigiraf\n|move|p1b: Incineroar|Protect||[still]\n|-fail|p1b: Incineroar\n|move|p2b: Rhyperior|High Horsepower|p1b: Incineroar|[miss]\n|-miss|p2b: Rhyperior|p1b: Incineroar\n|\n|-heal|p1b: Incineroar|65/100|[from] item: Leftovers\n|upkeep\n|turn|9\n|\n|t:|1788304650\n|move|p2a: Farigiraf|Helping Hand|p2b: Rhyperior\n|-singleturn|p2b: Rhyperior|Helping Hand|[of] p2a: Farigiraf\n|move|p1b: Incineroar|Protect|p1b: Incineroar\n|-singleturn|p1b: Incineroar|Protect\n|move|p2b: Rhyperior|High Horsepower|p1b: Incineroar\n|-activate|p1b: Incineroar|move: Protect\n|\n|-heal|p1b: Incineroar|71/100|[from] item: Leftovers\n|upkeep\n|turn|10\n|\n|t:|1788304666\n|move|p2a: Farigiraf|Helping Hand|p2b: Rhyperior\n|-singleturn|p2b: Rhyperior|Helping Hand|[of] p2a: Farigiraf\n|move|p1b: Incineroar|Protect|p1b: Incineroar\n|-singleturn|p1b: Incineroar|Protect\n|move|p2b: Rhyperior|High Horsepower|p1b: Incineroar\n|-activate|p1b: Incineroar|move: Protect\n|\n|-heal|p1b: Incineroar|77/100|[from] item: Leftovers\n|-fieldend|move: Trick Room\n|upkeep\n|turn|11\n|\n|t:|1788304681\n|move|p1b: Incineroar|Protect||[still]\n|-fail|p1b: Incineroar\n|move|p2b: Rhyperior|Protect|p2b: Rhyperior\n|-singleturn|p2b: Rhyperior|Protect\n|move|p2a: Farigiraf|Trick Room|p2a: Farigiraf\n|-fieldstart|move: Trick Room|[of] p2a: Farigiraf\n|\n|-heal|p1b: Incineroar|83/100|[from] item: Leftovers\n|upkeep\n|turn|12\n|\n|t:|1788304699\n|move|p2a: Farigiraf|Helping Hand|p2b: Rhyperior\n|-singleturn|p2b: Rhyperior|Helping Hand|[of] p2a: Farigiraf\n|move|p1b: Incineroar|Protect|p1b: Incineroar\n|-singleturn|p1b: Incineroar|Protect\n|move|p2b: Rhyperior|High Horsepower|p1b: Incineroar\n|-activate|p1b: Incineroar|move: Protect\n|\n|-heal|p1b: Incineroar|89/100|[from] item: Leftovers\n|upkeep\n|turn|13\n|\n|t:|1788304716\n|move|p2a: Farigiraf|Helping Hand|p2b: Rhyperior\n|-singleturn|p2b: Rhyperior|Helping Hand|[of] p2a: Farigiraf\n|move|p1b: Incineroar|Protect||[still]\n|-fail|p1b: Incineroar\n|move|p2b: Rhyperior|High Horsepower|p1b: Incineroar\n|-supereffective|p1b: Incineroar|1\n|-damage|p1b: Incineroar|0 fnt\n|faint|p1b: Incineroar\n|\n|win|Chungwha Chuds\n","uploadtime":1788304730,"views":"4","formatid":"gen9championsvgc2026regmb","rating":null,"private":0,"password":null}