{"id":"gen9championsvgc2026regmb-2674141401","format":"[Gen 9 Champions] VGC 2026 Reg M-B","players":["levi's(the goat)","rshadow2"],"log":"|j|☆levi's(the goat)\n|j|☆rshadow2\n|t:|1788305275\n|gametype|doubles\n|player|p1|levi's(the goat)|n|\n|player|p2|rshadow2|n|\n|gen|9\n|tier|[Gen 9 Champions] VGC 2026 Reg M-B\n|rule|Species Clause: Limit one of each Pokémon\n|rule|Item Clause: Limit 1 of each item\n|clearpoke\n|poke|p1|Pelipper, L50, F|\n|poke|p1|Basculegion, L50, M|\n|poke|p1|Swampert, L50, F|\n|poke|p1|Azumarill, L50, M|\n|poke|p1|Araquanid, L50, F|\n|poke|p1|Milotic, L50, F|\n|poke|p2|Metagross, L50|\n|poke|p2|Kingambit, L50, F|\n|poke|p2|Gholdengo, L50|\n|poke|p2|Corviknight, L50, F|\n|poke|p2|Archaludon, L50, M|\n|poke|p2|Scizor, L50, F|\n|teampreview|4\n|\n|t:|1788305300\n|teamsize|p1|4\n|teamsize|p2|4\n|start\n|switch|p1a: Azumarill|Azumarill, L50, M|100/100\n|switch|p1b: Basculegion|Basculegion, L50, M|100/100\n|switch|p2a: Corviknight|Corviknight, L50, F|100/100\n|switch|p2b: Gholdengo|Gholdengo, L50|100/100\n|turn|1\n|\n|t:|1788305339\n|move|p2b: Gholdengo|Protect|p2b: Gholdengo\n|-singleturn|p2b: Gholdengo|Protect\n|move|p1b: Basculegion|Protect|p1b: Basculegion\n|-singleturn|p1b: Basculegion|Protect\n|move|p1a: Azumarill|Protect|p1a: Azumarill\n|-singleturn|p1a: Azumarill|Protect\n|move|p2a: Corviknight|Tailwind|p2a: Corviknight\n|-sidestart|p2: rshadow2|move: Tailwind\n|\n|upkeep\n|turn|2\n|\n|t:|1788305361\n|move|p2b: Gholdengo|Thunderbolt|p1b: Basculegion\n|-supereffective|p1b: Basculegion|1\n|-damage|p1b: Basculegion|31/100\n|move|p2a: Corviknight|Iron Head|p1a: Azumarill\n|-damage|p1a: Azumarill|71/100\n|move|p1b: Basculegion|Last Respects|p2b: Gholdengo\n|-supereffective|p2b: Gholdengo|1\n|-damage|p2b: Gholdengo|4/100\n|-damage|p1b: Basculegion|22/100|[from] item: Life Orb\n|move|p1a: Azumarill|Superpower|p2a: Corviknight\n|-damage|p2a: Corviknight|70/100\n|-unboost|p1a: Azumarill|atk|1\n|-unboost|p1a: Azumarill|def|1\n|\n|-heal|p2b: Gholdengo|10/100|[from] item: Leftovers\n|upkeep\n|turn|3\n|\n|t:|1788305390\n|move|p1a: Azumarill|Protect|p1a: Azumarill\n|-singleturn|p1a: Azumarill|Protect\n|move|p1b: Basculegion|Aqua Jet|p2b: Gholdengo\n|-damage|p2b: Gholdengo|0 fnt\n|faint|p2b: Gholdengo\n|-damage|p1b: Basculegion|12/100|[from] item: Life Orb\n|move|p2a: Corviknight|Brave Bird|p1b: Basculegion\n|-damage|p1b: Basculegion|0 fnt\n|faint|p1b: Basculegion\n|-damage|p2a: Corviknight|66/100|[from] Recoil\n|\n|upkeep\n|\n|t:|1788305415\n|switch|p2b: Metagross|Metagross, L50|100/100\n|switch|p1b: Swampert|Swampert, L50, F|100/100\n|turn|4\n|\n|t:|1788305448\n|switch|p1a: Pelipper|Pelipper, L50, F|100/100\n|-weather|RainDance|[from] ability: Drizzle|[of] p1a: Pelipper\n|detailschange|p2b: Metagross|Metagross-Mega, L50\n|-mega|p2b: Metagross|Metagross|Metagrossite\n|detailschange|p1b: Swampert|Swampert-Mega, L50, F\n|-mega|p1b: Swampert|Swampert|Swampertite\n|move|p1b: Swampert|Protect|p1b: Swampert\n|-singleturn|p1b: Swampert|Protect\n|move|p2b: Metagross|Zen Headbutt|p1b: Swampert\n|-activate|p1b: Swampert|move: Protect\n|move|p2a: Corviknight|Iron Head|p1a: Pelipper\n|-resisted|p1a: Pelipper|1\n|-damage|p1a: Pelipper|87/100\n|\n|-weather|RainDance|[upkeep]\n|-sideend|p2: rshadow2|move: Tailwind\n|upkeep\n|turn|5\n|\n|t:|1788305472\n|move|p2b: Metagross|Protect|p2b: Metagross\n|-singleturn|p2b: Metagross|Protect\n|move|p1b: Swampert|Earthquake|p2b: Metagross|[spread] \n|-activate|p2b: Metagross|move: Protect\n|-immune|p1a: Pelipper\n|-immune|p2a: Corviknight\n|move|p2a: Corviknight|Tailwind|p2a: Corviknight\n|-sidestart|p2: rshadow2|move: Tailwind\n|move|p1a: Pelipper|Weather Ball|p2a: Corviknight\n|-damage|p2a: Corviknight|20/100y\n|-enditem|p2a: Corviknight|Sitrus Berry|[eat]\n|-heal|p2a: Corviknight|45/100|[from] item: Sitrus Berry\n|\n|-weather|RainDance|[upkeep]\n|upkeep\n|turn|6\n|\n|t:|1788305498\n|move|p2b: Metagross|Zen Headbutt|p1b: Swampert\n|-damage|p1b: Swampert|51/100\n|move|p1b: Swampert|Earthquake|p2a: Corviknight|[spread] p2b\n|-immune|p1a: Pelipper\n|-immune|p2a: Corviknight\n|-supereffective|p2b: Metagross|1\n|-damage|p2b: Metagross|23/100\n|move|p2a: Corviknight|Roost|p2a: Corviknight\n|-heal|p2a: Corviknight|96/100\n|-singleturn|p2a: Corviknight|move: Roost\n|move|p1a: Pelipper|Tailwind|p1a: Pelipper\n|-sidestart|p1: levi's(the goat)|move: Tailwind\n|\n|-weather|RainDance|[upkeep]\n|upkeep\n|turn|7\n|\n|t:|1788305521\n|move|p2b: Metagross|Protect|p2b: Metagross\n|-singleturn|p2b: Metagross|Protect\n|move|p1b: Swampert|Earthquake|p2a: Corviknight|[spread] \n|-activate|p2b: Metagross|move: Protect\n|-immune|p1a: Pelipper\n|-immune|p2a: Corviknight\n|move|p2a: Corviknight|Brave Bird|p1b: Swampert\n|-damage|p1b: Swampert|22/100\n|-damage|p2a: Corviknight|86/100|[from] Recoil\n|move|p1a: Pelipper|Weather Ball|p2a: Corviknight\n|-damage|p2a: Corviknight|36/100\n|\n|-weather|RainDance|[upkeep]\n|upkeep\n|turn|8\n|\n|t:|1788305559\n|move|p1b: Swampert|Earthquake|p2b: Metagross|[spread] p2b\n|-immune|p1a: Pelipper\n|-immune|p2a: Corviknight\n|-supereffective|p2b: Metagross|1\n|-damage|p2b: Metagross|0 fnt\n|faint|p2b: Metagross\n|move|p2a: Corviknight|Brave Bird|p1a: Pelipper\n|-damage|p1a: Pelipper|47/100\n|-damage|p2a: Corviknight|25/100|[from] Recoil\n|move|p1a: Pelipper|Weather Ball|p2a: Corviknight\n|-damage|p2a: Corviknight|0 fnt\n|faint|p2a: Corviknight\n|\n|-weather|none\n|-sideend|p2: rshadow2|move: Tailwind\n|upkeep\n|\n|t:|1788305566\n|switch|p2b: Kingambit|Kingambit, L50, F|100/100\n|-activate|p2b: Kingambit|ability: Supreme Overlord\n|-start|p2b: Kingambit|fallen3|[silent]\n|turn|9\n|\n|t:|1788305588\n|switch|p1a: Azumarill|Azumarill, L50, M|71/100\n|move|p1b: Swampert|Protect|p1b: Swampert\n|-singleturn|p1b: Swampert|Protect\n|move|p2b: Kingambit|Sucker Punch||[still]\n|-fail|p2b: Kingambit\n|\n|-sideend|p1: levi's(the goat)|move: Tailwind\n|upkeep\n|turn|10\n|\n|t:|1788305604\n|move|p1b: Swampert|Protect|p1b: Swampert\n|-singleturn|p1b: Swampert|Protect\n|move|p2b: Kingambit|Sucker Punch||[still]\n|-fail|p2b: Kingambit\n|move|p1a: Azumarill|Superpower|p2b: Kingambit\n|-supereffective|p2b: Kingambit|2\n|-damage|p2b: Kingambit|0 fnt\n|-unboost|p1a: Azumarill|atk|1\n|-unboost|p1a: Azumarill|def|1\n|faint|p2b: Kingambit\n|-end|p2b: Kingambit|fallen3|[silent]\n|\n|win|levi's(the goat)\n","uploadtime":1788305617,"views":"2","formatid":"gen9championsvgc2026regmb","rating":null,"private":0,"password":null}