{"id":"gen9championsvgc2026regmb-2673868050","format":"[Gen 9 Champions] VGC 2026 Reg M-B","players":["Thornlace48812","kzkq"],"log":"|j|☆Thornlace48812\n|j|☆kzkq\n|t:|1788270795\n|gametype|doubles\n|player|p1|Thornlace48812|102|1041\n|player|p2|kzkq|169|1000\n|gen|9\n|tier|[Gen 9 Champions] VGC 2026 Reg M-B\n|rated|\n|rule|Species Clause: Limit one of each Pokémon\n|rule|Item Clause: Limit 1 of each item\n|clearpoke\n|poke|p1|Garchomp, L50, F|\n|poke|p1|Charizard, L50, F|\n|poke|p1|Whimsicott, L50, F|\n|poke|p1|Sylveon, L50, F|\n|poke|p1|Kingambit, L50, M|\n|poke|p1|Basculegion, L50, M|\n|poke|p2|Tyranitar, L50, M|\n|poke|p2|Froslass, L50, F|\n|poke|p2|Sneasler, L50, M, shiny|\n|poke|p2|Clefable, L50, M|\n|poke|p2|Rotom-Heat, L50|\n|poke|p2|Incineroar, L50, M|\n|teampreview|4\n|inactive|Battle timer is ON: inactive players will automatically lose when time's up. (requested by Thornlace48812)\nThornlace48812 rejected open team sheets.\n|\n|t:|1788270811\n|teamsize|p1|4\n|teamsize|p2|4\n|start\n|switch|p1a: Sylveon|Sylveon, L50, F|100/100\n|switch|p1b: Charizard|Charizard, L50, F|100/100\n|switch|p2a: Froslass|Froslass, L50, F|100/100\n|switch|p2b: Sneasler|Sneasler, L50, M, shiny|100/100\n|turn|1\n|\n|t:|1788270835\n|detailschange|p2a: Froslass|Froslass-Mega, L50, F\n|-mega|p2a: Froslass|Froslass|Froslassite\n|-weather|Snowscape|[from] ability: Snow Warning|[of] p2a: Froslass\n|detailschange|p1b: Charizard|Charizard-Mega-Y, L50, F\n|-mega|p1b: Charizard|Charizard|Charizardite Y\n|-weather|SunnyDay|[from] ability: Drought|[of] p1b: Charizard\n|move|p1a: Sylveon|Detect|p1a: Sylveon\n|-singleturn|p1a: Sylveon|Protect\n|move|p2b: Sneasler|Fake Out|p1b: Charizard\n|-damage|p1b: Charizard|81/100\n|move|p2a: Froslass|Aurora Veil||[still]\n|-fail|p2a: Froslass\n|cant|p1b: Charizard|flinch\n|\n|-weather|SunnyDay|[upkeep]\n|upkeep\n|turn|2\n|inactive|kzkq has 30 seconds left.\n|\n|t:|1788270863\n|switch|p2a: Tyranitar|Tyranitar, L50, M|100/100\n|-weather|Sandstorm|[from] ability: Sand Stream|[of] p2a: Tyranitar\n|move|p2b: Sneasler|U-turn|p1a: Sylveon\n|-resisted|p1a: Sylveon|1\n|-damage|p1a: Sylveon|82/100\n|\n|t:|1788270872\n|switch|p2b: Clefable|Clefable, L50, M|100/100|[from] U-turn\n|move|p1b: Charizard|Heat Wave|p2a: Tyranitar|[spread] p2a,p2b\n|-resisted|p2a: Tyranitar|1\n|-damage|p2a: Tyranitar|84/100\n|-damage|p2b: Clefable|68/100\n|move|p1a: Sylveon|Hyper Voice|p2b: Clefable|[spread] p2a,p2b\n|-supereffective|p2a: Tyranitar|1\n|-damage|p2a: Tyranitar|22/100\n|-damage|p2b: Clefable|37/100\n|\n|-weather|Sandstorm|[upkeep]\n|-damage|p1b: Charizard|75/100|[from] Sandstorm\n|-damage|p1a: Sylveon|76/100|[from] Sandstorm\n|-damage|p2b: Clefable|31/100|[from] Sandstorm\n|-heal|p2b: Clefable|37/100|[from] item: Leftovers\n|upkeep\n|turn|3\n|inactive|kzkq has 30 seconds left.\n|\n|t:|1788270902\n|move|p2a: Tyranitar|Protect|p2a: Tyranitar\n|-singleturn|p2a: Tyranitar|Protect\n|move|p1b: Charizard|Heat Wave|p2b: Clefable|[spread] p2b\n|-activate|p2a: Tyranitar|move: Protect\n|-damage|p2b: Clefable|7/100\n|move|p1a: Sylveon|Hyper Voice|p2b: Clefable|[spread] p2b\n|-activate|p2a: Tyranitar|move: Protect\n|-damage|p2b: Clefable|0 fnt\n|faint|p2b: Clefable\n|\n|-weather|Sandstorm|[upkeep]\n|-damage|p1b: Charizard|70/100|[from] Sandstorm\n|-damage|p1a: Sylveon|70/100|[from] Sandstorm\n|upkeep\n|\n|t:|1788270917\n|switch|p2b: Sneasler|Sneasler, L50, M, shiny|100/100\n|turn|4\n|\n|t:|1788270926\n|switch|p2a: Froslass|Froslass-Mega, L50, F|100/100\n|-weather|Snowscape|[from] ability: Snow Warning|[of] p2a: Froslass\n|move|p1b: Charizard|Protect|p1b: Charizard\n|-singleturn|p1b: Charizard|Protect\n|move|p1a: Sylveon|Detect|p1a: Sylveon\n|-singleturn|p1a: Sylveon|Protect\n|move|p2b: Sneasler|Fake Out|p1b: Charizard\n|-activate|p1b: Charizard|move: Protect\n|\n|-weather|Snowscape|[upkeep]\n|upkeep\n|turn|5\n|\n|t:|1788270944\n|move|p1a: Sylveon|Detect||[still]\n|-fail|p1a: Sylveon\n|move|p2b: Sneasler|U-turn|p1b: Charizard\n|-resisted|p1b: Charizard|2\n|-damage|p1b: Charizard|62/100\n|\n|t:|1788270952\n|switch|p2b: Tyranitar|Tyranitar, L50, M|22/100|[from] U-turn\n|-weather|Sandstorm|[from] ability: Sand Stream|[of] p2b: Tyranitar\n|move|p2a: Froslass|Aurora Veil||[still]\n|-fail|p2a: Froslass\n|move|p1b: Charizard|Heat Wave|p2b: Tyranitar|[spread] p2a,p2b\n|-supereffective|p2a: Froslass|1\n|-resisted|p2b: Tyranitar|1\n|-damage|p2a: Froslass|17/100\n|-damage|p2b: Tyranitar|8/100\n|\n|-weather|Sandstorm|[upkeep]\n|-damage|p2a: Froslass|11/100|[from] Sandstorm\n|-damage|p1b: Charizard|56/100|[from] Sandstorm\n|-damage|p1a: Sylveon|64/100|[from] Sandstorm\n|upkeep\n|turn|6\n|\n|t:|1788270971\n|move|p2a: Froslass|Shadow Ball|p1a: Sylveon\n|-damage|p1a: Sylveon|35/100\n|move|p1b: Charizard|Ancient Power|p2a: Froslass\n|-supereffective|p2a: Froslass|1\n|-damage|p2a: Froslass|0 fnt\n|faint|p2a: Froslass\n|move|p2b: Tyranitar|Knock Off|p1b: Charizard\n|-damage|p1b: Charizard|14/100\n|move|p1a: Sylveon|Hyper Voice|p2b: Tyranitar\n|-supereffective|p2b: Tyranitar|1\n|-damage|p2b: Tyranitar|0 fnt\n|faint|p2b: Tyranitar\n|\n|-weather|Sandstorm|[upkeep]\n|-damage|p1b: Charizard|8/100|[from] Sandstorm\n|-damage|p1a: Sylveon|29/100|[from] Sandstorm\n|upkeep\n|\n|t:|1788270992\n|switch|p2b: Sneasler|Sneasler, L50, M, shiny|100/100\n|turn|7\n|\n|t:|1788271002\n|switch|p1b: Garchomp|Garchomp, L50, F|100/100\n|move|p2b: Sneasler|Fake Out|p1a: Sylveon\n|-damage|p1a: Sylveon|10/100\n|cant|p1a: Sylveon|flinch\n|\n|-weather|Sandstorm|[upkeep]\n|-damage|p2b: Sneasler|94/100|[from] Sandstorm\n|-damage|p1a: Sylveon|4/100|[from] Sandstorm\n|upkeep\n|turn|8\n|\n|t:|1788271017\n|move|p1a: Sylveon|Quick Attack|p2b: Sneasler\n|-damage|p2b: Sneasler|73/100\n|move|p2b: Sneasler|Close Combat|p1b: Garchomp\n|-damage|p1b: Garchomp|40/100\n|-unboost|p2b: Sneasler|def|1\n|-unboost|p2b: Sneasler|spd|1\n|-damage|p2b: Sneasler|61/100|[from] ability: Rough Skin|[of] p1b: Garchomp\n|move|p1b: Garchomp|Dragon Claw|p2b: Sneasler\n|-damage|p2b: Sneasler|0 fnt\n|faint|p2b: Sneasler\n|-damage|p1b: Garchomp|30/100|[from] item: Life Orb\n|\n|win|Thornlace48812\n|raw|Thornlace48812's rating: 1125 &rarr; <strong>1141</strong><br />(+16 for winning)\n|raw|kzkq's rating: 1000 &rarr; <strong>1000</strong><br />(+0 for losing)\n","uploadtime":1788271018,"views":"4","formatid":"gen9championsvgc2026regmb","rating":1000,"private":0,"password":null}