{"id":"gen9championsvgc2026regmb-2674407966","format":"[Gen 9 Champions] VGC 2026 Reg M-B","players":["777skills","Quicklagdelpersa2"],"log":"|j|☆777skills\n|j|☆Quicklagdelpersa2\n|t:|1788356061\n|gametype|doubles\n|player|p1|777skills|1|1202\n|player|p2|Quicklagdelpersa2|waiter|1149\n|gen|9\n|tier|[Gen 9 Champions] VGC 2026 Reg M-B\n|rated|\n|rule|Species Clause: Limit one of each Pokémon\n|rule|Item Clause: Limit 1 of each item\n|clearpoke\n|poke|p1|Gengar, L50, M|\n|poke|p1|Clefable, L50, M|\n|poke|p1|Rotom-Heat, L50|\n|poke|p1|Zoroark-Hisui, L50, F|\n|poke|p1|Lucario, L50, M|\n|poke|p1|Meganium, L50, M|\n|poke|p2|Kommo-o, L50, M, shiny|\n|poke|p2|Whimsicott, L50, M, shiny|\n|poke|p2|Tyranitar, L50, M|\n|poke|p2|Incineroar, L50, M|\n|poke|p2|Gengar, L50, F, shiny|\n|poke|p2|Basculegion, L50, M|\n|teampreview|4\n|inactive|Battle timer is ON: inactive players will automatically lose when time's up. (requested by Quicklagdelpersa2)\n777skills rejected open team sheets.\n|inactive|777skills has 60 seconds left.\n|\n|t:|1788356117\n|teamsize|p1|4\n|teamsize|p2|4\n|start\n|switch|p1a: Clefable|Clefable, L50, M|100/100\n|switch|p1b: Lucario|Lucario, L50, M|100/100\n|switch|p2a: Kommo-2|Kommo-o, L50, M, shiny|100/100\n|switch|p2b: Incineroar|Incineroar, L50, M|100/100\n|-ability|p2b: Incineroar|Intimidate|boost\n|-unboost|p1a: Clefable|atk|1\n|-fail|p1b: Lucario|unboost|atk|[from] ability: Inner Focus|[of] p1b: Lucario\n|turn|1\n|inactive|777skills has 30 seconds left.\n|inactive|Quicklagdelpersa2 has 30 seconds left.\n|\n|t:|1788356143\n|move|p2b: Incineroar|Fake Out|p1a: Clefable\n|-damage|p1a: Clefable|92/100\n|move|p1b: Lucario|Close Combat|p2b: Incineroar\n|-supereffective|p2b: Incineroar|1\n|-enditem|p2b: Incineroar|Chople Berry|[eat]\n|-enditem|p2b: Incineroar|Chople Berry|[weaken]\n|-damage|p2b: Incineroar|56/100\n|-unboost|p1b: Lucario|def|1\n|-unboost|p1b: Lucario|spd|1\n|move|p2a: Kommo-2|Iron Defense|p2a: Kommo-2\n|-boost|p2a: Kommo-2|def|2\n|cant|p1a: Clefable|flinch\n|\n|upkeep\n|turn|2\n|inactive|Quicklagdelpersa2 has 30 seconds left.\n|\n|t:|1788356171\n|move|p2a: Kommo-2|Protect|p2a: Kommo-2\n|-singleturn|p2a: Kommo-2|Protect\n|move|p1b: Lucario|Close Combat|p2b: Incineroar\n|-supereffective|p2b: Incineroar|1\n|-damage|p2b: Incineroar|0 fnt\n|-unboost|p1b: Lucario|def|1\n|-unboost|p1b: Lucario|spd|1\n|faint|p2b: Incineroar\n|move|p1a: Clefable|Psyshock|p2a: Kommo-2\n|-activate|p2a: Kommo-2|move: Protect\n|\n|upkeep\n|\n|t:|1788356182\n|switch|p2b: Whimsicott|Whimsicott, L50, M, shiny|100/100\n|turn|3\n|\n|t:|1788356192\n|move|p2b: Whimsicott|Tailwind|p2b: Whimsicott\n|-sidestart|p2: Quicklagdelpersa2|move: Tailwind\n|move|p2a: Kommo-2|Poison Jab|p1a: Clefable\n|-supereffective|p1a: Clefable|1\n|-enditem|p1a: Clefable|Kebia Berry|[eat]\n|-enditem|p1a: Clefable|Kebia Berry|[weaken]\n|-damage|p1a: Clefable|76/100\n|move|p1b: Lucario|Meteor Mash|p2b: Whimsicott\n|-supereffective|p2b: Whimsicott|1\n|-damage|p2b: Whimsicott|18/100\n|-boost|p1b: Lucario|atk|1\n|move|p1a: Clefable|Psyshock|p2a: Kommo-2\n|-supereffective|p2a: Kommo-2|1\n|-crit|p2a: Kommo-2\n|-damage|p2a: Kommo-2|60/100\n|\n|-heal|p2a: Kommo-2|66/100|[from] item: Leftovers\n|upkeep\n|turn|4\n|\n|t:|1788356210\n|move|p2b: Whimsicott|Protect|p2b: Whimsicott\n|-singleturn|p2b: Whimsicott|Protect\n|move|p2a: Kommo-2|Body Press|p1b: Lucario\n|-supereffective|p1b: Lucario|1\n|-enditem|p1b: Lucario|Focus Sash\n|-damage|p1b: Lucario|1/100\n|move|p1b: Lucario|Meteor Mash|p2b: Whimsicott\n|-activate|p2b: Whimsicott|move: Protect\n|move|p1a: Clefable|Psyshock|p2a: Kommo-2\n|-supereffective|p2a: Kommo-2|1\n|-damage|p2a: Kommo-2|37/100\n|\n|-heal|p2a: Kommo-2|43/100|[from] item: Leftovers\n|upkeep\n|turn|5\n|inactive|Quicklagdelpersa2 has 30 seconds left.\n|\n|t:|1788356239\n|move|p1a: Clefable|Follow Me|p1a: Clefable\n|-singleturn|p1a: Clefable|move: Follow Me\n|move|p2b: Whimsicott|Moonblast|p1a: Clefable\n|-damage|p1a: Clefable|48/100\n|-unboost|p1a: Clefable|spa|1\n|move|p2a: Kommo-2|Poison Jab|p1a: Clefable\n|-supereffective|p1a: Clefable|1\n|-damage|p1a: Clefable|15/100\n|move|p1b: Lucario|Meteor Mash|p2b: Whimsicott\n|-supereffective|p2b: Whimsicott|1\n|-damage|p2b: Whimsicott|0 fnt\n|-boost|p1b: Lucario|atk|1\n|faint|p2b: Whimsicott\n|\n|-heal|p2a: Kommo-2|50/100y|[from] item: Leftovers\n|upkeep\n|inactive|Quicklagdelpersa2 has 30 seconds left.\n|inactive|Quicklagdelpersa2 has 20 seconds left.\n|\n|t:|1788356276\n|switch|p2b: Tyranitar|Tyranitar, L50, M|100/100\n|-weather|Sandstorm|[from] ability: Sand Stream|[of] p2b: Tyranitar\n|turn|6\n|\n|t:|1788356286\n|detailschange|p2b: Tyranitar|Tyranitar-Mega, L50, M\n|-mega|p2b: Tyranitar|Tyranitar|Tyranitarite\n|move|p2b: Tyranitar|Protect|p2b: Tyranitar\n|-singleturn|p2b: Tyranitar|Protect\n|move|p1b: Lucario|Protect|p1b: Lucario\n|-singleturn|p1b: Lucario|Protect\n|move|p2a: Kommo-2|Poison Jab|p1a: Clefable\n|-supereffective|p1a: Clefable|1\n|-damage|p1a: Clefable|0 fnt\n|faint|p1a: Clefable\n|\n|-weather|Sandstorm|[upkeep]\n|-heal|p2a: Kommo-2|56/100|[from] item: Leftovers\n|-sideend|p2: Quicklagdelpersa2|move: Tailwind\n|upkeep\n|\n|t:|1788356295\n|switch|p1a: Meganium|Meganium, L50, M|100/100\n|turn|7\n|\n|t:|1788356309\n|detailschange|p1a: Meganium|Meganium-Mega, L50, M\n|-mega|p1a: Meganium|Meganium|Meganiumite\n|move|p1b: Lucario|Close Combat|p2b: Tyranitar\n|-supereffective|p2b: Tyranitar|2\n|-damage|p2b: Tyranitar|0 fnt\n|-unboost|p1b: Lucario|def|1\n|-unboost|p1b: Lucario|spd|1\n|faint|p2b: Tyranitar\n|move|p1a: Meganium|Dazzling Gleam|p2a: Kommo-2\n|-supereffective|p2a: Kommo-2|2\n|-damage|p2a: Kommo-2|0 fnt\n|faint|p2a: Kommo-2\n|\n|win|777skills\n|raw|777skills's rating: 1202 &rarr; <strong>1223</strong><br />(+21 for winning)\n|raw|Quicklagdelpersa2's rating: 1149 &rarr; <strong>1128</strong><br />(-21 for losing)\n|l|☆Quicklagdelpersa2\n|player|p2|\n","uploadtime":1788356320,"views":"1","formatid":"gen9championsvgc2026regmb","rating":1128,"private":0,"password":null}