{"id":"gen9championsvgc2026regmbbo3-2674803100","format":"[Gen 9 Champions] VGC 2026 Reg M-B (Bo3)","players":["ikonthehero","mu11731"],"log":"|j|☆ikonthehero\n|j|☆mu11731\n|html|<table width=\"100%\"><tr><td align=\"left\">ikonthehero</td><td align=\"right\">mu11731</tr><tr><td align=\"left\"><i class=\"fa fa-circle\"></i> <i class=\"fa fa-circle-o\"></i> </td><td align=\"right\"><i class=\"fa fa-circle-o\"></i> <i class=\"fa fa-circle\"></i> </tr></table>\n|uhtml|bestof|<h2><strong>Game 3</strong> of <a href=\"/game-bestof3-gen9championsvgc2026regmbbo3-2674801112\">a best-of-3</a></h2>\n|t:|1788409833\n|gametype|doubles\n|player|p1|ikonthehero|101|1000\n|player|p2|mu11731|medium|1086\n|gen|9\n|tier|[Gen 9 Champions] VGC 2026 Reg M-B (Bo3)\n|rated|\n|rule|Species Clause: Limit one of each Pokémon\n|rule|Item Clause: Limit 1 of each item\n|clearpoke\n|poke|p1|Arcanine-Hisui, L50, F|\n|poke|p1|Garchomp, L50, F|\n|poke|p1|Incineroar, L50, F|\n|poke|p1|Charizard, L50, M|\n|poke|p1|Heliolisk, L50, F|\n|poke|p1|Staraptor, L50, F|\n|poke|p2|Eelektross, L50, F|\n|poke|p2|Talonflame, L50, F|\n|poke|p2|Grimmsnarl, L50, M|\n|poke|p2|Garchomp, L50, M|\n|poke|p2|Farigiraf, L50, F|\n|poke|p2|Chandelure, L50, F|\n|teampreview|4\n|showteam|p1|Arcanine-Hisui||FocusSash|RockHead|ExtremeSpeed,HeadSmash,FlareBlitz,RockSlide|Jolly||F|||50|]Garchomp||DragonFang|RoughSkin|DracoMeteor,PowerGem,FireBlast,Protect|Modest||F|||50|]Incineroar||SitrusBerry|Intimidate|FakeOut,PartingShot,FlareBlitz,LeechLife|Careful||F|||50|]Charizard||CharizarditeY|SolarPower|AncientPower,WeatherBall,HeatWave,Protect|Bold||M|||50|]Heliolisk||LifeOrb|DrySkin|ParabolicCharge,FocusBlast,WeatherBall,QuickAttack|Hasty||F|||50|]Staraptor||Staraptite|Intimidate|DualWingbeat,CloseCombat,Tailwind,Roost|Adamant||F|||50|\n|showteam|p2|Eelektross||Eelektrossite|Levitate|GigaDrain,DrainPunch,Protect,Discharge|Mild||F|||50|]Talonflame||SharpBeak|GaleWings|DualWingbeat,Tailwind,Taunt,Protect|Adamant||F|||50|]Grimmsnarl||LightClay|Prankster|Reflect,LightScreen,SpiritBreak,FakeOut|Careful||M|||50|]Garchomp||LifeOrb|RoughSkin|PoisonJab,Earthquake,RockSlide,RockTomb|Jolly||M|||50|]Farigiraf||Leftovers|ArmorTail|TrickRoom,AllySwitch,ShadowBall,DazzlingGleam|Sassy||F|||50|]Chandelure||Chandelurite|FlashFire|HeatWave,Protect,ShadowBall,Psychic|Modest||F|||50|\n|inactive|Battle timer is ON: inactive players will automatically lose when time's up. (requested by mu11731)\n|inactive|ikonthehero has 60 seconds left.\n|inactive|ikonthehero has 30 seconds left.\n|\n|t:|1788409901\n|teamsize|p1|4\n|teamsize|p2|4\n|start\n|switch|p1a: Incineroar|Incineroar, L50, F|100/100\n|switch|p1b: Staraptor|Staraptor, L50, F|100/100\n|switch|p2a: Grimmsnarl|Grimmsnarl, L50, M|100/100\n|switch|p2b: Eelektross|Eelektross, L50, F|100/100\n|-ability|p1b: Staraptor|Intimidate|boost\n|-unboost|p2a: Grimmsnarl|atk|1\n|-unboost|p2b: Eelektross|atk|1\n|-ability|p1a: Incineroar|Intimidate|boost\n|-unboost|p2a: Grimmsnarl|atk|1\n|-unboost|p2b: Eelektross|atk|1\n|turn|1\n|\n|t:|1788409910\n|detailschange|p1b: Staraptor|Staraptor-Mega, L50, F\n|-mega|p1b: Staraptor|Staraptor|Staraptite\n|detailschange|p2b: Eelektross|Eelektross-Mega, L50, F\n|-mega|p2b: Eelektross|Eelektross|Eelektrossite\n|move|p2a: Grimmsnarl|Fake Out|p1b: Staraptor\n|-damage|p1b: Staraptor|93/100\n|move|p1a: Incineroar|Fake Out|p2a: Grimmsnarl\n|-damage|p2a: Grimmsnarl|88/100\n|cant|p1b: Staraptor|flinch\n|move|p2b: Eelektross|Discharge|p1b: Staraptor|[spread] p2a,p1a,p1b\n|-supereffective|p1b: Staraptor|1\n|-damage|p2a: Grimmsnarl|56/100\n|-damage|p1a: Incineroar|74/100\n|-damage|p1b: Staraptor|12/100\n|-status|p2a: Grimmsnarl|par\n|\n|upkeep\n|turn|2\n|\n|t:|1788409933\n|move|p2a: Grimmsnarl|Reflect|p2a: Grimmsnarl\n|-sidestart|p2: mu11731|Reflect\n|move|p1b: Staraptor|Tailwind|p1b: Staraptor\n|-sidestart|p1: ikonthehero|move: Tailwind\n|move|p1a: Incineroar|Leech Life|p2a: Grimmsnarl\n|-damage|p2a: Grimmsnarl|39/100 par\n|-heal|p1a: Incineroar|83/100|[from] drain|[of] p2a: Grimmsnarl\n|move|p2b: Eelektross|Discharge|p1b: Staraptor|[spread] p2a,p1a,p1b\n|-supereffective|p1b: Staraptor|1\n|-damage|p2a: Grimmsnarl|6/100 par\n|-damage|p1a: Incineroar|57/100\n|-damage|p1b: Staraptor|0 fnt\n|faint|p1b: Staraptor\n|-ability|p2b: Eelektross|Eelevate|boost\n|-boost|p2b: Eelektross|spa|1\n|\n|upkeep\n|\n|t:|1788409943\n|switch|p1b: Garchomp|Garchomp, L50, F|100/100\n|turn|3\n|\n|t:|1788409961\n|move|p1b: Garchomp|Protect|p1b: Garchomp\n|-singleturn|p1b: Garchomp|Protect\n|move|p2b: Eelektross|Protect|p2b: Eelektross\n|-singleturn|p2b: Eelektross|Protect\n|move|p1a: Incineroar|Parting Shot|p2b: Eelektross\n|-activate|p2b: Eelektross|move: Protect\n|move|p2a: Grimmsnarl|Spirit Break|p1b: Garchomp\n|-activate|p1b: Garchomp|move: Protect\n|\n|upkeep\n|turn|4\n|\n|t:|1788409979\n|move|p1b: Garchomp|Power Gem|p2a: Grimmsnarl\n|-damage|p2a: Grimmsnarl|0 fnt\n|faint|p2a: Grimmsnarl\n|move|p1a: Incineroar|Parting Shot|p2b: Eelektross\n|-unboost|p2b: Eelektross|atk|1\n|-unboost|p2b: Eelektross|spa|1\n|\n|t:|1788409985\n|switch|p1a: Arcanine|Arcanine-Hisui, L50, F|100/100|[from] Parting Shot\n|move|p2b: Eelektross|Discharge|p1b: Garchomp|[spread] p1a\n|-immune|p1b: Garchomp\n|-damage|p1a: Arcanine|59/100\n|\n|upkeep\n|\n|t:|1788409992\n|switch|p2a: Garchomp|Garchomp, L50, M|100/100\n|turn|5\n|\n|t:|1788410009\n|move|p1a: Arcanine|Flare Blitz|p2b: Eelektross\n|-damage|p2b: Eelektross|51/100\n|move|p1b: Garchomp|Draco Meteor|p2a: Garchomp\n|-supereffective|p2a: Garchomp|1\n|-damage|p2a: Garchomp|0 fnt\n|-unboost|p1b: Garchomp|spa|2\n|faint|p2a: Garchomp\n|move|p2b: Eelektross|Giga Drain|p1b: Garchomp\n|-damage|p1b: Garchomp|71/100\n|-heal|p2b: Eelektross|66/100|[from] drain|[of] p1b: Garchomp\n|\n|-sideend|p1: ikonthehero|move: Tailwind\n|upkeep\n|\n|t:|1788410016\n|switch|p2a: Talonflame|Talonflame, L50, F|100/100\n|turn|6\n|\n|t:|1788410027\n|switch|p1b: Incineroar|Incineroar, L50, F|57/100\n|-ability|p1b: Incineroar|Intimidate|boost\n|-unboost|p2a: Talonflame|atk|1\n|-unboost|p2b: Eelektross|atk|1\n|move|p2a: Talonflame|Protect|p2a: Talonflame\n|-singleturn|p2a: Talonflame|Protect\n|move|p1a: Arcanine|Rock Slide|p2b: Eelektross|[spread] p2b\n|-activate|p2a: Talonflame|move: Protect\n|-damage|p2b: Eelektross|41/100\n|cant|p2b: Eelektross|flinch\n|\n|upkeep\n|turn|7\n|-message|mu11731 forfeited.\n|\n|win|ikonthehero\n|raw|ikonthehero's rating: 1000 &rarr; <strong>1050</strong><br />(+50 for winning)\n|raw|mu11731's rating: 1086 &rarr; <strong>1058</strong><br />(-28 for losing)\n|l|☆mu11731\n|player|p2|\n","uploadtime":1788410054,"views":"6","formatid":"gen9championsvgc2026regmbbo3","rating":1050,"private":0,"password":null}