{"id":"gen9championsvgc2026regmb-2673862148","format":"[Gen 9 Champions] VGC 2026 Reg M-B","players":["Thornlace48812","Rnglosses"],"log":"|j|☆Thornlace48812\n|j|☆Rnglosses\n|t:|1788269995\n|gametype|doubles\n|player|p1|Thornlace48812|102|1179\n|player|p2|Rnglosses|265|1192\n|gen|9\n|tier|[Gen 9 Champions] VGC 2026 Reg M-B\n|rated|\n|rule|Species Clause: Limit one of each Pokémon\n|rule|Item Clause: Limit 1 of each item\n|clearpoke\n|poke|p1|Garchomp, L50, M|\n|poke|p1|Charizard, L50, F|\n|poke|p1|Whimsicott, L50, F|\n|poke|p1|Sylveon, L50, M|\n|poke|p1|Kingambit, L50, M|\n|poke|p1|Basculegion, L50, M|\n|poke|p2|Venusaur, L50, F|\n|poke|p2|Annihilape, L50, M|\n|poke|p2|Milotic, L50, M|\n|poke|p2|Froslass, L50, F|\n|poke|p2|Sinistcha-Masterpiece, L50|\n|poke|p2|Charizard, L50, M|\n|teampreview|4\n|inactive|Battle timer is ON: inactive players will automatically lose when time's up. (requested by Rnglosses)\n|inactive|Thornlace48812 also wants the timer to be on.\nThornlace48812 rejected open team sheets.\n|inactive|Rnglosses has 60 seconds left.\n|\n|t:|1788270027\n|teamsize|p1|4\n|teamsize|p2|4\n|start\n|switch|p1a: Charizard|Charizard, L50, F|100/100\n|switch|p1b: Whimsicott|Whimsicott, L50, F|100/100\n|switch|p2a: Milotic|Milotic, L50, M|100/100\n|switch|p2b: Froslass|Froslass, L50, F|100/100\n|turn|1\n|inactive|Rnglosses has 30 seconds left.\n|\n|t:|1788270055\n|detailschange|p1a: Charizard|Charizard-Mega-Y, L50, F\n|-mega|p1a: Charizard|Charizard|Charizardite Y\n|-weather|SunnyDay|[from] ability: Drought|[of] p1a: Charizard\n|move|p1b: Whimsicott|Protect|p1b: Whimsicott\n|-singleturn|p1b: Whimsicott|Protect\n|move|p2b: Froslass|Protect|p2b: Froslass\n|-singleturn|p2b: Froslass|Protect\n|move|p1a: Charizard|Heat Wave|p2b: Froslass|[spread] p2a\n|-activate|p2b: Froslass|move: Protect\n|-resisted|p2a: Milotic|1\n|-damage|p2a: Milotic|76/100\n|move|p2a: Milotic|Hypnosis|p1b: Whimsicott\n|-activate|p1b: Whimsicott|move: Protect\n|\n|-weather|SunnyDay|[upkeep]\n|upkeep\n|turn|2\n|\n|t:|1788270077\n|detailschange|p2b: Froslass|Froslass-Mega, L50, F\n|-mega|p2b: Froslass|Froslass|Froslassite\n|-weather|Snowscape|[from] ability: Snow Warning|[of] p2b: Froslass\n|move|p1b: Whimsicott|Moonblast|p2a: Milotic\n|-damage|p2a: Milotic|47/100\n|-enditem|p2a: Milotic|Sitrus Berry|[eat]\n|-heal|p2a: Milotic|72/100|[from] item: Sitrus Berry\n|move|p2b: Froslass|Aurora Veil|p2b: Froslass\n|-sidestart|p2: Rnglosses|move: Aurora Veil\n|move|p1a: Charizard|Heat Wave|p2a: Milotic|[spread] p2a\n|-miss|p1a: Charizard|p2b: Froslass\n|-resisted|p2a: Milotic|1\n|-damage|p2a: Milotic|62/100\n|move|p2a: Milotic|Icy Wind|p1b: Whimsicott|[spread] p1a,p1b\n|-supereffective|p1b: Whimsicott|1\n|-damage|p1a: Charizard|88/100\n|-damage|p1b: Whimsicott|62/100\n|-unboost|p1a: Charizard|spe|1\n|-unboost|p1b: Whimsicott|spe|1\n|\n|-weather|Snowscape|[upkeep]\n|upkeep\n|turn|3\n|\n|t:|1788270099\n|move|p1b: Whimsicott|Tailwind|p1b: Whimsicott\n|-sidestart|p1: Thornlace48812|move: Tailwind\n|move|p1a: Charizard|Heat Wave|p2b: Froslass|[spread] p2a,p2b\n|-resisted|p2a: Milotic|1\n|-supereffective|p2b: Froslass|1\n|-damage|p2a: Milotic|50/100g\n|-damage|p2b: Froslass|23/100\n|move|p2b: Froslass|Blizzard|p1a: Charizard|[spread] p1a,p1b\n|-supereffective|p1b: Whimsicott|1\n|-damage|p1a: Charizard|42/100\n|-damage|p1b: Whimsicott|0 fnt\n|faint|p1b: Whimsicott\n|move|p2a: Milotic|Coil|p2a: Milotic\n|-boost|p2a: Milotic|atk|1\n|-boost|p2a: Milotic|def|1\n|-boost|p2a: Milotic|accuracy|1\n|\n|-weather|Snowscape|[upkeep]\n|upkeep\n|\n|t:|1788270099\n|switch|p1b: Sylveon|Sylveon, L50, M|100/100\n|turn|4\n|\n|t:|1788270112\n|move|p2b: Froslass|Protect|p2b: Froslass\n|-singleturn|p2b: Froslass|Protect\n|move|p1a: Charizard|Heat Wave|p2a: Milotic|[spread] p2a\n|-activate|p2b: Froslass|move: Protect\n|-resisted|p2a: Milotic|1\n|-damage|p2a: Milotic|40/100\n|move|p1b: Sylveon|Hyper Voice|p2a: Milotic|[spread] p2a\n|-activate|p2b: Froslass|move: Protect\n|-damage|p2a: Milotic|15/100\n|move|p2a: Milotic|Icy Wind|p1a: Charizard|[spread] p1a,p1b\n|-damage|p1a: Charizard|29/100\n|-damage|p1b: Sylveon|90/100\n|-unboost|p1a: Charizard|spe|1\n|-unboost|p1b: Sylveon|spe|1\n|\n|-weather|Snowscape|[upkeep]\n|upkeep\n|turn|5\n|\n|t:|1788270131\n|move|p2b: Froslass|Blizzard|p1a: Charizard|[spread] p1a,p1b\n|-damage|p1a: Charizard|0 fnt\n|-damage|p1b: Sylveon|54/100\n|faint|p1a: Charizard\n|move|p1b: Sylveon|Hyper Voice|p2b: Froslass|[spread] p2a,p2b\n|-damage|p2a: Milotic|0 fnt\n|-damage|p2b: Froslass|0 fnt\n|faint|p2a: Milotic\n|faint|p2b: Froslass\n|\n|-weather|Snowscape|[upkeep]\n|upkeep\n|\n|t:|1788270140\n|switch|p2b: Venusaur|Venusaur, L50, F|100/100\n|switch|p1a: Basculegion|Basculegion, L50, M|100/100\n|switch|p2a: Annihilape|Annihilape, L50, M|100/100\n|turn|6\n|\n|t:|1788270146\n|move|p1a: Basculegion|Last Respects|p2b: Venusaur\n|-damage|p2b: Venusaur|17/100\n|move|p2a: Annihilape|Shadow Claw|p1a: Basculegion\n|-supereffective|p1a: Basculegion|1\n|-damage|p1a: Basculegion|15/100\n|move|p2b: Venusaur|Sludge Bomb|p1b: Sylveon\n|-supereffective|p1b: Sylveon|1\n|-damage|p1b: Sylveon|0 fnt\n|faint|p1b: Sylveon\n|\n|-weather|none\n|-sideend|p1: Thornlace48812|move: Tailwind\n|-sideend|p2: Rnglosses|move: Aurora Veil\n|upkeep\n|turn|7\n|\n|t:|1788270155\n|move|p2a: Annihilape|Shadow Claw|p1a: Basculegion\n|-supereffective|p1a: Basculegion|1\n|-damage|p1a: Basculegion|0 fnt\n|faint|p1a: Basculegion\n|\n|win|Rnglosses\n|raw|Thornlace48812's rating: 1193 &rarr; <strong>1168</strong><br />(-25 for losing)\n|raw|Rnglosses's rating: 1192 &rarr; <strong>1217</strong><br />(+25 for winning)\n","uploadtime":1788270155,"views":"1","formatid":"gen9championsvgc2026regmb","rating":1168,"private":0,"password":null}