{"id":"gen9championsvgc2026regmb-2673866613","format":"[Gen 9 Champions] VGC 2026 Reg M-B","players":["Thornlace48812","Huppy01"],"log":"|j|☆Thornlace48812\n|j|☆Huppy01\n|t:|1788270599\n|gametype|doubles\n|player|p1|Thornlace48812|102|1133\n|player|p2|Huppy01|boarder|1073\n|gen|9\n|tier|[Gen 9 Champions] VGC 2026 Reg M-B\n|rated|\n|rule|Species Clause: Limit one of each Pokémon\n|rule|Item Clause: Limit 1 of each item\n|clearpoke\n|poke|p1|Garchomp, L50, F|\n|poke|p1|Charizard, L50, M|\n|poke|p1|Whimsicott, L50, F|\n|poke|p1|Sylveon, L50, F|\n|poke|p1|Kingambit, L50, M|\n|poke|p1|Basculegion, L50, M|\n|poke|p2|Slowking, L50, M|\n|poke|p2|Manectric, L50, M, shiny|\n|poke|p2|Clefable, L50, F|\n|poke|p2|Dragonite, L50, F|\n|poke|p2|Incineroar, L50, F, shiny|\n|poke|p2|Froslass, L50, F|\n|teampreview|4\n|inactive|Battle timer is ON: inactive players will automatically lose when time's up. (requested by Huppy01)\n|inactive|Thornlace48812 also wants the timer to be on.\nThornlace48812 rejected open team sheets.\n|inactive|Huppy01 has 60 seconds left.\n|\n|t:|1788270648\n|teamsize|p1|4\n|teamsize|p2|4\n|start\n|switch|p1a: Basculegion|Basculegion, L50, M|100/100\n|switch|p1b: Kingambit|Kingambit, L50, M|100/100\n|switch|p2a: Manectric|Manectric, L50, M, shiny|100/100\n|switch|p2b: Dragonite|Dragonite, L50, F|100/100\n|turn|1\n|\n|t:|1788270668\n|move|p2a: Manectric|Protect|p2a: Manectric\n|-singleturn|p2a: Manectric|Protect\n|move|p1a: Basculegion|Protect|p1a: Basculegion\n|-singleturn|p1a: Basculegion|Protect\n|move|p1b: Kingambit|Low Kick|p2a: Manectric\n|-activate|p2a: Manectric|move: Protect\n|move|p2b: Dragonite|Tailwind|p2b: Dragonite\n|-sidestart|p2: Huppy01|move: Tailwind\n|\n|upkeep\n|turn|2\n|inactive|Huppy01 has 30 seconds left.\n|\n|t:|1788270700\n|move|p2a: Manectric|Volt Switch|p1a: Basculegion\n|-supereffective|p1a: Basculegion|1\n|-damage|p1a: Basculegion|24/100\n|\n|t:|1788270707\n|switch|p2a: Slowking|Slowking, L50, M|100/100|[from] Volt Switch\n|move|p2b: Dragonite|Air Slash|p1a: Basculegion\n|-damage|p1a: Basculegion|0 fnt\n|faint|p1a: Basculegion\n|move|p1b: Kingambit|Kowtow Cleave|p2b: Dragonite\n|-damage|p2b: Dragonite|74/100\n|\n|upkeep\n|\n|t:|1788270707\n|switch|p1a: Sylveon|Sylveon, L50, F|100/100\n|turn|3\n|inactive|Huppy01 has 30 seconds left.\n|inactive|Huppy01 has 20 seconds left.\n|\n|t:|1788270746\n|switch|p2b: Manectric|Manectric, L50, M, shiny|100/100\n|move|p1a: Sylveon|Detect|p1a: Sylveon\n|-singleturn|p1a: Sylveon|Protect\n|move|p1b: Kingambit|Sucker Punch||[still]\n|-fail|p1b: Kingambit\n|-prepare|p2a: Slowking|Chilly Reception|[premajor]\n|move|p2a: Slowking|Chilly Reception|p2a: Slowking\n|-weather|Snowscape\n|inactive|Huppy01 has 30 seconds left.\n|inactive|Huppy01 has 20 seconds left.\n|\n|t:|1788270782\n|switch|p2a: Incineroar|Incineroar, L50, F, shiny|100/100|[from] Chilly Reception\n|-ability|p2a: Incineroar|Intimidate|boost\n|-unboost|p1a: Sylveon|atk|1\n|-unboost|p1b: Kingambit|atk|1\n|\n|-weather|Snowscape|[upkeep]\n|upkeep\n|turn|4\n|\n|t:|1788270801\n|detailschange|p2b: Manectric|Manectric-Mega, L50, M, shiny\n|-mega|p2b: Manectric|Manectric|Manectite\n|-ability|p2b: Manectric|Intimidate|boost\n|-unboost|p1a: Sylveon|atk|1\n|-unboost|p1b: Kingambit|atk|1\n|move|p2a: Incineroar|Fake Out|p1a: Sylveon\n|-damage|p1a: Sylveon|81/100\n|move|p2b: Manectric|Volt Switch|p1b: Kingambit\n|-damage|p1b: Kingambit|55/100\n|\n|t:|1788270813\n|switch|p2b: Dragonite|Dragonite, L50, F|74/100|[from] Volt Switch\n|move|p1b: Kingambit|Low Kick|p2a: Incineroar\n|-supereffective|p2a: Incineroar|1\n|-crit|p2a: Incineroar\n|-enditem|p2a: Incineroar|Chople Berry|[eat]\n|-enditem|p2a: Incineroar|Chople Berry|[weaken]\n|-damage|p2a: Incineroar|53/100\n|cant|p1a: Sylveon|flinch\n|\n|-weather|Snowscape|[upkeep]\n|-sideend|p2: Huppy01|move: Tailwind\n|upkeep\n|turn|5\n|\n|t:|1788270831\n|switch|p2b: Manectric|Manectric-Mega, L50, M, shiny|100/100\n|-ability|p2b: Manectric|Intimidate|boost\n|-unboost|p1a: Sylveon|atk|1\n|-unboost|p1b: Kingambit|atk|1\n|switch|p2a: Slowking|Slowking, L50, M|100/100\n|move|p1b: Kingambit|Sucker Punch||[still]\n|-fail|p1b: Kingambit\n|move|p1a: Sylveon|Hyper Voice|p2b: Manectric|[spread] p2a,p2b\n|-damage|p2a: Slowking|58/100\n|-damage|p2b: Manectric|23/100\n|\n|-weather|Snowscape|[upkeep]\n|upkeep\n|turn|6\n|inactive|Huppy01 has 30 seconds left.\n|\n|t:|1788270861\n|switch|p1a: Whimsicott|Whimsicott, L50, F|100/100\n|move|p1b: Kingambit|Sucker Punch|p2b: Manectric\n|-damage|p2b: Manectric|0 fnt\n|faint|p2b: Manectric\n|-prepare|p2a: Slowking|Chilly Reception|[premajor]\n|move|p2a: Slowking|Chilly Reception|p2a: Slowking\n|\n|t:|1788270870\n|-heal|p2a: Slowking|91/100|[from] ability: Regenerator|[silent]\n|switch|p2a: Dragonite|Dragonite, L50, F|74/100|[from] Chilly Reception\n|\n|-weather|Snowscape|[upkeep]\n|upkeep\n|\n|t:|1788270877\n|switch|p2b: Incineroar|Incineroar, L50, F, shiny|53/100\n|-ability|p2b: Incineroar|Intimidate|boost\n|-unboost|p1a: Whimsicott|atk|1\n|-unboost|p1b: Kingambit|atk|1\n|turn|7\n|\n|t:|1788270889\n|move|p2b: Incineroar|Fake Out|p1a: Whimsicott\n|-damage|p1a: Whimsicott|77/100\n|cant|p1a: Whimsicott|flinch\n|move|p1b: Kingambit|Kowtow Cleave|p2a: Dragonite\n|-damage|p2a: Dragonite|55/100\n|move|p2a: Dragonite|Blizzard|p1b: Kingambit|[spread] p1a,p1b\n|-supereffective|p1a: Whimsicott|1\n|-resisted|p1b: Kingambit|1\n|-damage|p1a: Whimsicott|0 fnt\n|-damage|p1b: Kingambit|40/100\n|faint|p1a: Whimsicott\n|\n|-weather|none\n|upkeep\n|\n|t:|1788270890\n|switch|p1a: Sylveon|Sylveon, L50, F|81/100\n|turn|8\n|\n|t:|1788270909\n|move|p1a: Sylveon|Detect|p1a: Sylveon\n|-singleturn|p1a: Sylveon|Protect\n|move|p1b: Kingambit|Low Kick|p2b: Incineroar\n|-supereffective|p2b: Incineroar|1\n|-damage|p2b: Incineroar|34/100\n|move|p2a: Dragonite|Tailwind|p2a: Dragonite\n|-sidestart|p2: Huppy01|move: Tailwind\n|move|p2b: Incineroar|Close Combat|p1b: Kingambit\n|-supereffective|p1b: Kingambit|2\n|-damage|p1b: Kingambit|0 fnt\n|-unboost|p2b: Incineroar|def|1\n|-unboost|p2b: Incineroar|spd|1\n|faint|p1b: Kingambit\n|-end|p1b: Kingambit|fallenundefined|[silent]\n|\n|upkeep\n|turn|9\n|\n|t:|1788270927\n|move|p2a: Dragonite|Air Slash|p1a: Sylveon\n|-crit|p1a: Sylveon\n|-damage|p1a: Sylveon|37/100\n|move|p2b: Incineroar|Flare Blitz|p1a: Sylveon\n|-damage|p1a: Sylveon|0 fnt\n|faint|p1a: Sylveon\n|-damage|p2b: Incineroar|22/100|[from] Recoil\n|\n|win|Huppy01\n|raw|Thornlace48812's rating: 1128 &rarr; <strong>1099</strong><br />(-29 for losing)\n|raw|Huppy01's rating: 1073 &rarr; <strong>1107</strong><br />(+34 for winning)\n","uploadtime":1788270928,"views":"2","formatid":"gen9championsvgc2026regmb","rating":1099,"private":0,"password":null}