{"id":"gen9championsvgc2026regmb-2674833663","format":"[Gen 9 Champions] VGC 2026 Reg M-B","players":["Wubdb","bach4912"],"log":"|j|☆Wubdb\n|j|☆bach4912\n|t:|1788416858\n|gametype|doubles\n|player|p1|Wubdb|hilbert-wonderlauncher|1081\n|player|p2|bach4912|pokemaniac|1051\n|gen|9\n|tier|[Gen 9 Champions] VGC 2026 Reg M-B\n|rated|\n|rule|Species Clause: Limit one of each Pokémon\n|rule|Item Clause: Limit 1 of each item\n|clearpoke\n|poke|p1|Archaludon, L50, F|\n|poke|p1|Salazzle, L50, F|\n|poke|p1|Politoed, L50, M|\n|poke|p1|Hydreigon, L50, F|\n|poke|p1|Talonflame, L50, M|\n|poke|p1|Maushold, L50|\n|poke|p2|Malamar, L50, M, shiny|\n|poke|p2|Meowstic, L50, M|\n|poke|p2|Clefable, L50, F|\n|poke|p2|Hydrapple, L50, F, shiny|\n|poke|p2|Tauros-Paldea-Blaze, L50, M, shiny|\n|poke|p2|Grimmsnarl, L50, M, shiny|\n|teampreview|4\n|inactive|Battle timer is ON: inactive players will automatically lose when time's up. (requested by Wubdb)\n|inactive|Wubdb has 60 seconds left.\n|\n|t:|1788416909\n|teamsize|p1|4\n|teamsize|p2|4\n|start\n|switch|p1a: Maushold|Maushold, L50|100/100\n|switch|p1b: Salazzle|Salazzle, L50, F|100/100\n|switch|p2a: Malamar|Malamar, L50, M, shiny|100/100\n|switch|p2b: Meowstic|Meowstic, L50, M|100/100\n|turn|1\n|inactive|Wubdb has 30 seconds left.\n|\n|t:|1788416935\n|detailschange|p2a: Malamar|Malamar-Mega, L50, M, shiny\n|-mega|p2a: Malamar|Malamar|Malamarite\n|move|p2b: Meowstic|Fake Out|p1b: Salazzle\n|-damage|p1b: Salazzle|93/100\n|move|p1a: Maushold|Follow Me|p1a: Maushold\n|-singleturn|p1a: Maushold|move: Follow Me\n|cant|p1b: Salazzle|flinch\n|move|p2a: Malamar|Superpower|p1a: Maushold\n|-supereffective|p1a: Maushold|1\n|-damage|p1a: Maushold|17/100\n|-boost|p2a: Malamar|atk|1\n|-boost|p2a: Malamar|def|1\n|\n|upkeep\n|turn|2\n|inactive|bach4912 has 30 seconds left.\n|\n|t:|1788416965\n|move|p1a: Maushold|Follow Me|p1a: Maushold\n|-singleturn|p1a: Maushold|move: Follow Me\n|move|p2b: Meowstic|Fake Tears|p1a: Maushold\n|-unboost|p1a: Maushold|spd|2\n|move|p1b: Salazzle|Gunk Shot|p2a: Malamar\n|-damage|p2a: Malamar|69/100\n|-status|p2a: Malamar|psn\n|move|p2a: Malamar|Psycho Cut|p1a: Maushold\n|-damage|p1a: Maushold|0 fnt\n|faint|p1a: Maushold\n|\n|-damage|p2a: Malamar|57/100 psn|[from] psn\n|upkeep\n|\n|t:|1788416976\n|switch|p1a: Archaludon|Archaludon, L50, F|100/100\n|turn|3\n|\n|t:|1788416983\n|move|p2b: Meowstic|Charm|p2a: Malamar\n|-boost|p2a: Malamar|atk|2\n|move|p1b: Salazzle|Dragon Cheer|p1a: Archaludon\n|-start|p1a: Archaludon|move: Dragon Cheer\n|move|p1a: Archaludon|Draco Meteor|p2a: Malamar\n|-crit|p2a: Malamar\n|-damage|p2a: Malamar|1/100 psn\n|-unboost|p1a: Archaludon|spa|2\n|-enditem|p1a: Archaludon|White Herb\n|-clearnegativeboost|p1a: Archaludon|[silent]\n|move|p2a: Malamar|Superpower|p1a: Archaludon\n|-supereffective|p1a: Archaludon|1\n|-ability|p1a: Archaludon|Sturdy\n|-damage|p1a: Archaludon|1/100\n|-boost|p2a: Malamar|atk|1\n|-boost|p2a: Malamar|def|1\n|\n|-damage|p2a: Malamar|0 fnt|[from] psn\n|faint|p2a: Malamar\n|upkeep\n|\n|t:|1788417001\n|switch|p2a: Clefable|Clefable, L50, F|100/100\n|turn|4\n|\n|t:|1788417012\n|move|p1a: Archaludon|Protect|p1a: Archaludon\n|-singleturn|p1a: Archaludon|Protect\n|move|p2b: Meowstic|Fake Tears|p2a: Clefable\n|-unboost|p2a: Clefable|spd|2\n|move|p1b: Salazzle|Gunk Shot|p2a: Clefable\n|-supereffective|p2a: Clefable|1\n|-damage|p2a: Clefable|34/100\n|-status|p2a: Clefable|psn\n|-enditem|p2a: Clefable|Sitrus Berry|[eat]\n|-heal|p2a: Clefable|59/100 psn|[from] item: Sitrus Berry\n|move|p2a: Clefable|Moonblast|p1a: Archaludon\n|-activate|p1a: Archaludon|move: Protect\n|\n|-damage|p2a: Clefable|47/100 psn|[from] psn\n|upkeep\n|turn|5\n|\n|t:|1788417026\n|switch|p2b: Hydrapple|Hydrapple, L50, F, shiny|100/100\n|move|p1b: Salazzle|Gunk Shot|p2a: Clefable\n|-supereffective|p2a: Clefable|1\n|-damage|p2a: Clefable|0 fnt\n|faint|p2a: Clefable\n|move|p1a: Archaludon|Draco Meteor|p2b: Hydrapple\n|-supereffective|p2b: Hydrapple|1\n|-damage|p2b: Hydrapple|0 fnt\n|-unboost|p1a: Archaludon|spa|2\n|faint|p2b: Hydrapple\n|\n|upkeep\n|-message|bach4912 forfeited.\n|\n|win|Wubdb\n|raw|Wubdb's rating: 1081 &rarr; <strong>1106</strong><br />(+25 for winning)\n|raw|bach4912's rating: 1051 &rarr; <strong>1035</strong><br />(-16 for losing)\n|l|☆bach4912\n|player|p2|\n","uploadtime":1788417042,"views":"8","formatid":"gen9championsvgc2026regmb","rating":1035,"private":0,"password":null}