{"id":"gen9championsvgc2026regmb-2674145487","format":"[Gen 9 Champions] VGC 2026 Reg M-B","players":["DniteWorldChamps","gusano inmundo"],"log":"|j|☆DniteWorldChamps\n|j|☆gusano inmundo\n|t:|1788305898\n|gametype|doubles\n|player|p1|DniteWorldChamps|brycenman|1106\n|player|p2|gusano inmundo|bruno|1096\n|gen|9\n|tier|[Gen 9 Champions] VGC 2026 Reg M-B\n|rated|\n|rule|Species Clause: Limit one of each Pokémon\n|rule|Item Clause: Limit 1 of each item\n|clearpoke\n|poke|p1|Dragonite, L50, M|\n|poke|p1|Basculegion, L50, M|\n|poke|p1|Kingambit, L50, M|\n|poke|p1|Sneasler, L50, M|\n|poke|p1|Garchomp, L50, F|\n|poke|p1|Glimmora, L50, M, shiny|\n|poke|p2|Aurorus, L50, F|\n|poke|p2|Avalugg, L50, M, shiny|\n|poke|p2|Slowking-Galar, L50, M|\n|poke|p2|Grimmsnarl, L50, M|\n|poke|p2|Sableye, L50, F|\n|poke|p2|Golurk, L50|\n|teampreview|4\n|inactive|Battle timer is ON: inactive players will automatically lose when time's up. (requested by gusano inmundo)\n|\n|t:|1788305923\n|teamsize|p1|4\n|teamsize|p2|4\n|start\n|switch|p1a: Sneasler|Sneasler, L50, M|100/100\n|switch|p1b: Kingambit|Kingambit, L50, M|100/100\n|switch|p2a: Harry|Grimmsnarl, L50, M|100/100\n|switch|p2b: Ryan|Slowking-Galar, L50, M|100/100\n|turn|1\n|\n|t:|1788305936\n|switch|p2b: Chris|Avalugg, L50, M, shiny|100/100\n|move|p1a: Sneasler|Fake Out|p2b: Chris\n|-damage|p2b: Chris|93/100\n|move|p2a: Harry|Swagger|p2b: Chris\n|-boost|p2b: Chris|atk|2\n|-immune|p2b: Chris|confusion|[from] ability: Own Tempo\n|move|p1b: Kingambit|Kowtow Cleave|p2b: Chris\n|-damage|p2b: Chris|71/100\n|\n|upkeep\n|turn|2\n|inactive|gusano inmundo has 30 seconds left.\n|inactive|gusano inmundo has 20 seconds left.\n|\n|t:|1788305972\n|move|p2b: Chris|Protect|p2b: Chris\n|-singleturn|p2b: Chris|Protect\n|move|p2a: Harry|Bulk Up|p2a: Harry\n|-boost|p2a: Harry|atk|1\n|-boost|p2a: Harry|def|1\n|move|p1a: Sneasler|Close Combat|p2b: Chris\n|-activate|p2b: Chris|move: Protect\n|move|p1b: Kingambit|Iron Head|p2b: Chris\n|-activate|p2b: Chris|move: Protect\n|\n|upkeep\n|turn|3\n|\n|t:|1788305991\n|switch|p2b: Jordan|Sableye, L50, F|100/100\n|move|p1a: Sneasler|Close Combat|p2b: Jordan\n|-immune|p2b: Jordan\n|move|p2a: Harry|Spirit Break|p1a: Sneasler\n|-enditem|p1a: Sneasler|Focus Sash\n|-damage|p1a: Sneasler|1/100\n|-unboost|p1a: Sneasler|spa|1\n|move|p1b: Kingambit|Iron Head|p2b: Jordan\n|-damage|p2b: Jordan|28/100\n|\n|upkeep\n|turn|4\n|\n|t:|1788306010\n|switch|p2b: Ryan|Slowking-Galar, L50, M|100/100\n|move|p1a: Sneasler|Dire Claw|p2a: Harry\n|-supereffective|p2a: Harry|1\n|-damage|p2a: Harry|33/100\n|move|p2a: Harry|Spirit Break|p1a: Sneasler\n|-damage|p1a: Sneasler|0 fnt\n|faint|p1a: Sneasler\n|move|p1b: Kingambit|Kowtow Cleave|p2b: Ryan\n|-supereffective|p2b: Ryan|1\n|-damage|p2b: Ryan|8/100\n|\n|upkeep\n|\n|t:|1788306022\n|switch|p1a: Glimmora|Glimmora, L50, M, shiny|100/100\n|turn|5\n|\n|t:|1788306028\n|move|p1a: Glimmora|Sludge Bomb|p2a: Harry\n|-supereffective|p2a: Harry|1\n|-damage|p2a: Harry|0 fnt\n|faint|p2a: Harry\n|move|p1b: Kingambit|Iron Head|p2b: Ryan\n|-damage|p2b: Ryan|0 fnt\n|faint|p2b: Ryan\n|\n|upkeep\n|\n|t:|1788306031\n|switch|p2a: Jordan|Sableye, L50, F|28/100\n|switch|p2b: Chris|Avalugg, L50, M, shiny|71/100\n|turn|6\n|\n|t:|1788306042\n|detailschange|p1a: Glimmora|Glimmora-Mega, L50, M, shiny\n|-mega|p1a: Glimmora|Glimmora|Glimmoranite\n|detailschange|p2a: Jordan|Sableye-Mega, L50, F\n|-mega|p2a: Jordan|Sableye|Sablenite\n|move|p1a: Glimmora|Power Gem|p2b: Chris\n|-supereffective|p2b: Chris|1\n|-damage|p2b: Chris|0 fnt\n|faint|p2b: Chris\n|move|p1b: Kingambit|Kowtow Cleave|p2a: Jordan\n|-damage|p2a: Jordan|0 fnt\n|faint|p2a: Jordan\n|\n|win|DniteWorldChamps\n|raw|DniteWorldChamps's rating: 1106 &rarr; <strong>1130</strong><br />(+24 for winning)\n|raw|gusano inmundo's rating: 1096 &rarr; <strong>1072</strong><br />(-24 for losing)\n|l|☆gusano inmundo\n|player|p2|\n","uploadtime":1788306048,"views":"11","formatid":"gen9championsvgc2026regmb","rating":1072,"private":0,"password":null}