{"id":"gen9championsvgc2026regmbbo3-2674815067","format":"[Gen 9 Champions] VGC 2026 Reg M-B (Bo3)","players":["mizukiit","kingsrowbajax"],"log":"|j|☆mizukiit\n|j|☆kingsrowbajax\n|html|<table width=\"100%\"><tr><td align=\"left\">mizukiit</td><td align=\"right\">kingsrowbajax</tr><tr><td align=\"left\"><i class=\"fa fa-circle-o\"></i> <i class=\"fa fa-circle-o\"></i> </td><td align=\"right\"><i class=\"fa fa-circle-o\"></i> <i class=\"fa fa-circle-o\"></i> </tr></table>\n|uhtml|bestof|<h2><strong>Game 1</strong> of <a href=\"/game-bestof3-gen9championsvgc2026regmbbo3-2674815066\">a best-of-3</a></h2>\n|t:|1788412394\n|gametype|doubles\n|player|p1|mizukiit|cynthia-gen4|1125\n|player|p2|kingsrowbajax|265|1300\n|gen|9\n|tier|[Gen 9 Champions] VGC 2026 Reg M-B (Bo3)\n|rated|\n|rule|Species Clause: Limit one of each Pokémon\n|rule|Item Clause: Limit 1 of each item\n|clearpoke\n|poke|p1|Scovillain, L50, F, shiny|\n|poke|p1|Basculegion, L50, M|\n|poke|p1|Kingambit, L50, F|\n|poke|p1|Sneasler, L50, M|\n|poke|p1|Lycanroc-Dusk, L50, F|\n|poke|p1|Froslass, L50, F|\n|poke|p2|Blastoise, L50, M|\n|poke|p2|Delphox, L50, M|\n|poke|p2|Sinistcha-Masterpiece, L50|\n|poke|p2|Sneasler, L50, F|\n|poke|p2|Kingambit, L50, M|\n|poke|p2|Incineroar, L50, M|\n|teampreview|4\n|showteam|p1|Scovillain||Scovillainite|Moody|GigaDrain,Overheat,RagePowder,Protect|Bold||F|||50|]Basculegion||LifeOrb|Adaptability|WaveCrash,LastRespects,AquaJet,Protect|Adamant||M|||50|]Kingambit||BlackGlasses|Defiant|KowtowCleave,SuckerPunch,SwordsDance,Protect|Adamant||F|||50|]Sneasler||WhiteHerb|Unburden|CloseCombat,DireClaw,Protect,FakeOut|Adamant||M|||50|]Lycanroc-Dusk||FocusSash|ToughClaws|CloseCombat,Accelerock,RockSlide,Protect|Adamant||F|||50|]Froslass||Froslassite|CursedBody|Blizzard,ShadowBall,AuroraVeil,Protect|Timid||F|||50|\n|showteam|p2|Blastoise||Blastoisinite|RainDish|WaterSpout,DarkPulse,ShellSmash,Protect|Modest||M|||50|]Delphox||Delphoxite|Blaze|HeatWave,Psychic,NastyPlot,Protect|Timid||M|||50|]Sinistcha-Masterpiece||ColburBerry|Hospitality|MatchaGotcha,RagePowder,TrickRoom,Protect|Bold|||||50|]Sneasler||FocusSash|PoisonTouch|FakeOut,PoisonJab,CloseCombat,QuickGuard|Jolly||F|||50|]Kingambit||LifeOrb|Defiant|KowtowCleave,SuckerPunch,SwordsDance,Protect|Adamant||M|||50|]Incineroar||SitrusBerry|Intimidate|FakeOut,FlareBlitz,ThroatChop,PartingShot|Careful||M|||50|\n|inactive|Battle timer is ON: inactive players will automatically lose when time's up. (requested by mizukiit)\n|inactive|mizukiit has 60 seconds left.\n|inactive|kingsrowbajax has 60 seconds left.\n|\n|t:|1788412450\n|teamsize|p1|4\n|teamsize|p2|4\n|start\n|switch|p1a: SONvillain 😭|Scovillain, L50, F, shiny|100/100\n|switch|p1b: SONneasler 😭|Sneasler, L50, M|100/100\n|switch|p2a: Blastoise|Blastoise, L50, M|100/100\n|switch|p2b: Sneasler|Sneasler, L50, F|100/100\n|turn|1\n|inactive|kingsrowbajax has 30 seconds left.\n|\n|t:|1788412480\n|detailschange|p2a: Blastoise|Blastoise-Mega, L50, M\n|-mega|p2a: Blastoise|Blastoise|Blastoisinite\n|detailschange|p1a: SONvillain 😭|Scovillain-Mega, L50, F, shiny\n|-mega|p1a: SONvillain 😭|Scovillain|Scovillainite\n|move|p2a: Blastoise|Protect|p2a: Blastoise\n|-singleturn|p2a: Blastoise|Protect\n|move|p1b: SONneasler 😭|Fake Out|p2a: Blastoise\n|-activate|p2a: Blastoise|move: Protect\n|move|p2b: Sneasler|Poison Jab|p1a: SONvillain 😭\n|-supereffective|p1a: SONvillain 😭|1\n|-damage|p1a: SONvillain 😭|22/100\n|-status|p1a: SONvillain 😭|psn\n|-status|p2b: Sneasler|brn|[from] ability: Spicy Spray|[of] p1a: SONvillain 😭\n|move|p1a: SONvillain 😭|Giga Drain|p2a: Blastoise\n|-activate|p2a: Blastoise|move: Protect\n|\n|-damage|p1a: SONvillain 😭|10/100 psn|[from] psn\n|-damage|p2b: Sneasler|94/100 brn|[from] brn\n|upkeep\n|turn|2\n|inactive|kingsrowbajax has 30 seconds left.\n|\n|t:|1788412509\n|switch|p2a: Sinistcha|Sinistcha-Masterpiece, L50|100/100\n|-heal|p2b: Sneasler|100/100 brn|[from] ability: Hospitality|[of] p2a: Sinistcha\n|switch|p1a: SONgambit 😭|Kingambit, L50, F|100/100\n|move|p2b: Sneasler|Close Combat|p1b: SONneasler 😭\n|-resisted|p1b: SONneasler 😭|1\n|-damage|p1b: SONneasler 😭|79/100\n|-unboost|p2b: Sneasler|def|1\n|-unboost|p2b: Sneasler|spd|1\n|move|p1b: SONneasler 😭|Close Combat|p2b: Sneasler\n|-resisted|p2b: Sneasler|1\n|-damage|p2b: Sneasler|27/100 brn\n|-unboost|p1b: SONneasler 😭|def|1\n|-unboost|p1b: SONneasler 😭|spd|1\n|-enditem|p1b: SONneasler 😭|White Herb\n|-clearnegativeboost|p1b: SONneasler 😭|[silent]\n|\n|-damage|p2b: Sneasler|21/100 brn|[from] brn\n|upkeep\n|turn|3\n|inactive|mizukiit has 30 seconds left.\n|inactive|mizukiit has 20 seconds left.\n|inactive|mizukiit has 15 seconds left.\n|\n|t:|1788412551\n|move|p1a: SONgambit 😭|Protect|p1a: SONgambit 😭\n|-singleturn|p1a: SONgambit 😭|Protect\n|move|p2a: Sinistcha|Rage Powder|p2a: Sinistcha\n|-singleturn|p2a: Sinistcha|move: Rage Powder\n|move|p1b: SONneasler 😭|Dire Claw|p2a: Sinistcha\n|-damage|p2a: Sinistcha|64/100\n|-status|p2a: Sinistcha|psn\n|move|p2b: Sneasler|Close Combat|p1a: SONgambit 😭\n|-activate|p1a: SONgambit 😭|move: Protect\n|\n|-damage|p2a: Sinistcha|52/100 psn|[from] psn\n|-damage|p2b: Sneasler|15/100 brn|[from] brn\n|upkeep\n|turn|4\n|\n|t:|1788412569\n|move|p2a: Sinistcha|Rage Powder|p2a: Sinistcha\n|-singleturn|p2a: Sinistcha|move: Rage Powder\n|move|p1a: SONgambit 😭|Sucker Punch||[still]\n|-fail|p1a: SONgambit 😭\n|move|p1b: SONneasler 😭|Dire Claw|p2a: Sinistcha\n|-damage|p2a: Sinistcha|21/100 psn\n|move|p2b: Sneasler|Close Combat|p1a: SONgambit 😭\n|-supereffective|p1a: SONgambit 😭|2\n|-damage|p1a: SONgambit 😭|13/100\n|-unboost|p2b: Sneasler|def|1\n|-unboost|p2b: Sneasler|spd|1\n|\n|-damage|p2a: Sinistcha|9/100 psn|[from] psn\n|-damage|p2b: Sneasler|10/100 brn|[from] brn\n|upkeep\n|turn|5\n|inactive|kingsrowbajax has 30 seconds left.\n|inactive|kingsrowbajax has 20 seconds left.\n|\n|t:|1788412609\n|move|p1a: SONgambit 😭|Protect|p1a: SONgambit 😭\n|-singleturn|p1a: SONgambit 😭|Protect\n|move|p2a: Sinistcha|Rage Powder|p2a: Sinistcha\n|-singleturn|p2a: Sinistcha|move: Rage Powder\n|move|p1b: SONneasler 😭|Dire Claw|p2a: Sinistcha\n|-damage|p2a: Sinistcha|0 fnt\n|faint|p2a: Sinistcha\n|move|p2b: Sneasler|Close Combat|p1a: SONgambit 😭\n|-activate|p1a: SONgambit 😭|move: Protect\n|\n|-damage|p2b: Sneasler|4/100 brn|[from] brn\n|upkeep\n|\n|t:|1788412623\n|switch|p2a: Blastoise|Blastoise-Mega, L50, M|100/100\n|turn|6\n|\n|t:|1788412630\n|move|p2a: Blastoise|Protect|p2a: Blastoise\n|-singleturn|p2a: Blastoise|Protect\n|move|p1a: SONgambit 😭|Sucker Punch|p2b: Sneasler\n|-resisted|p2b: Sneasler|1\n|-damage|p2b: Sneasler|0 fnt\n|faint|p2b: Sneasler\n|move|p1b: SONneasler 😭|Close Combat|p2a: Blastoise\n|-activate|p2a: Blastoise|move: Protect\n|\n|upkeep\n|\n|t:|1788412638\n|switch|p2b: Incineroar|Incineroar, L50, M|100/100\n|-ability|p2b: Incineroar|Intimidate|boost\n|-unboost|p1a: SONgambit 😭|atk|1\n|-ability|p1a: SONgambit 😭|Defiant|boost\n|-boost|p1a: SONgambit 😭|atk|2\n|-unboost|p1b: SONneasler 😭|atk|1\n|turn|7\n|\n|t:|1788412655\n|move|p2b: Incineroar|Fake Out|p1b: SONneasler 😭\n|-damage|p1b: SONneasler 😭|63/100\n|cant|p1b: SONneasler 😭|flinch\n|move|p2a: Blastoise|Shell Smash|p2a: Blastoise\n|-unboost|p2a: Blastoise|def|1\n|-unboost|p2a: Blastoise|spd|1\n|-boost|p2a: Blastoise|atk|2\n|-boost|p2a: Blastoise|spa|2\n|-boost|p2a: Blastoise|spe|2\n|move|p1a: SONgambit 😭|Kowtow Cleave|p2a: Blastoise\n|-damage|p2a: Blastoise|0 fnt\n|faint|p2a: Blastoise\n|\n|upkeep\n|turn|8\n|\n|t:|1788412675\n|move|p1b: SONneasler 😭|Close Combat|p2b: Incineroar\n|-supereffective|p2b: Incineroar|1\n|-crit|p2b: Incineroar\n|-damage|p2b: Incineroar|0 fnt\n|-unboost|p1b: SONneasler 😭|def|1\n|-unboost|p1b: SONneasler 😭|spd|1\n|faint|p2b: Incineroar\n|\n|win|mizukiit\n","uploadtime":1788412675,"views":"0","formatid":"gen9championsvgc2026regmbbo3","rating":null,"private":0,"password":null}