{"id":"gen9championsvgc2026regmb-2674014892","format":"[Gen 9 Champions] VGC 2026 Reg M-B","players":["testdigi","wolfcoladrinker"],"log":"|j|☆testdigi\n|j|☆wolfcoladrinker\n|t:|1788288382\n|gametype|doubles\n|player|p1|testdigi|169|1298\n|player|p2|wolfcoladrinker|2|1317\n|gen|9\n|tier|[Gen 9 Champions] VGC 2026 Reg M-B\n|rated|\n|rule|Species Clause: Limit one of each Pokémon\n|rule|Item Clause: Limit 1 of each item\n|clearpoke\n|poke|p1|Staraptor, L50, F, shiny|\n|poke|p1|Kingambit, L50, F, shiny|\n|poke|p1|Sylveon, L50, F, shiny|\n|poke|p1|Raichu, L50, M|\n|poke|p1|Farigiraf, L50, M, shiny|\n|poke|p1|Basculegion, L50, M|\n|poke|p2|Blastoise, L50, F|\n|poke|p2|Vanilluxe, L50, F|\n|poke|p2|Farigiraf, L50, M|\n|poke|p2|Camerupt, L50, F|\n|poke|p2|Kingambit, L50, F|\n|poke|p2|Staraptor, L50, F|\n|teampreview|4\n|\n|t:|1788288404\n|teamsize|p1|4\n|teamsize|p2|4\n|start\n|switch|p1a: Raichu|Raichu, L50, M|100/100\n|switch|p1b: Fridge|Farigiraf, L50, M, shiny|100/100\n|switch|p2a: Farigiraf|Farigiraf, L50, M|100/100\n|switch|p2b: Blastoise|Blastoise, L50, F|100/100\n|turn|1\n|\n|t:|1788288423\n|switch|p2b: Camerupt|Camerupt, L50, F|100/100\n|detailschange|p1a: Raichu|Raichu-Mega-Y, L50, M\n|-mega|p1a: Raichu|Raichu|Raichunite Y\n|move|p1a: Raichu|Zap Cannon|p2b: Camerupt\n|-immune|p2b: Camerupt\n|move|p1b: Fridge|Psychic|p2a: Farigiraf\n|-resisted|p2a: Farigiraf|1\n|-crit|p2a: Farigiraf\n|-damage|p2a: Farigiraf|77/100\n|move|p2a: Farigiraf|Trick Room|p2a: Farigiraf\n|-fieldstart|move: Trick Room|[of] p2a: Farigiraf\n|\n|upkeep\n|turn|2\n|\n|t:|1788288437\n|switch|p1a: Basculegion|Basculegion, L50, M|100/100\n|detailschange|p2b: Camerupt|Camerupt-Mega, L50, F\n|-mega|p2b: Camerupt|Camerupt|Cameruptite\n|move|p2a: Farigiraf|Helping Hand|p2b: Camerupt\n|-singleturn|p2b: Camerupt|Helping Hand|[of] p2a: Farigiraf\n|move|p2b: Camerupt|Heat Wave|p1a: Basculegion|[spread] p1a,p1b\n|-resisted|p1a: Basculegion|1\n|-damage|p1a: Basculegion|51/100\n|-damage|p1b: Fridge|20/100y\n|-enditem|p1b: Fridge|Sitrus Berry|[eat]\n|-heal|p1b: Fridge|45/100|[from] item: Sitrus Berry\n|move|p1b: Fridge|Trick Room|p1b: Fridge\n|-fieldend|move: Trick Room\n|\n|upkeep\n|turn|3\n|\n|t:|1788288462\n|move|p1b: Fridge|Helping Hand|p1a: Basculegion\n|-singleturn|p1a: Basculegion|Helping Hand|[of] p1b: Fridge\n|move|p2b: Camerupt|Protect|p2b: Camerupt\n|-singleturn|p2b: Camerupt|Protect\n|move|p1a: Basculegion|Wave Crash|p2a: Farigiraf\n|-damage|p2a: Farigiraf|0 fnt\n|faint|p2a: Farigiraf\n|-damage|p1a: Basculegion|22/100|[from] Recoil\n|\n|upkeep\n|\n|t:|1788288473\n|switch|p2a: Blastoise|Blastoise, L50, F|100/100\n|turn|4\n|\n|t:|1788288487\n|switch|p2b: Vanilluxe|Vanilluxe, L50, F|100/100\n|-weather|Snowscape|[from] ability: Snow Warning|[of] p2b: Vanilluxe\n|move|p1b: Fridge|Protect|p1b: Fridge\n|-singleturn|p1b: Fridge|Protect\n|move|p1a: Basculegion|Wave Crash|p2b: Vanilluxe\n|-damage|p2b: Vanilluxe|35/100\n|-damage|p1a: Basculegion|2/100|[from] Recoil\n|move|p2a: Blastoise|Dark Pulse|p1b: Fridge\n|-activate|p1b: Fridge|move: Protect\n|\n|-weather|Snowscape|[upkeep]\n|upkeep\n|turn|5\n|\n|t:|1788288503\n|switch|p1b: WrathofKhan|Kingambit, L50, F, shiny|100/100\n|move|p2b: Vanilluxe|Protect|p2b: Vanilluxe\n|-singleturn|p2b: Vanilluxe|Protect\n|move|p1a: Basculegion|Wave Crash|p2b: Vanilluxe\n|-activate|p2b: Vanilluxe|move: Protect\n|move|p2a: Blastoise|Water Spout|p1a: Basculegion|[spread] p1a,p1b\n|-resisted|p1a: Basculegion|1\n|-damage|p1a: Basculegion|0 fnt\n|-damage|p1b: WrathofKhan|49/100\n|faint|p1a: Basculegion\n|\n|-weather|Snowscape|[upkeep]\n|upkeep\n|\n|t:|1788288510\n|switch|p1a: Raichu|Raichu-Mega-Y, L50, M|100/100\n|turn|6\n|\n|t:|1788288523\n|switch|p2a: Camerupt|Camerupt-Mega, L50, F|100/100\n|move|p1b: WrathofKhan|Sucker Punch|p2b: Vanilluxe\n|-damage|p2b: Vanilluxe|2/100\n|move|p1a: Raichu|Zap Cannon|p2a: Camerupt\n|-immune|p2a: Camerupt\n|move|p2b: Vanilluxe|Blizzard|p1a: Raichu|[spread] p1a,p1b\n|-resisted|p1b: WrathofKhan|1\n|-damage|p1a: Raichu|30/100\n|-damage|p1b: WrathofKhan|24/100\n|\n|-weather|Snowscape|[upkeep]\n|upkeep\n|turn|7\n|\n|t:|1788288548\n|move|p2b: Vanilluxe|Ice Shard|p1a: Raichu\n|-damage|p1a: Raichu|5/100\n|move|p1b: WrathofKhan|Sucker Punch|p2a: Camerupt\n|-damage|p2a: Camerupt|60/100\n|move|p1a: Raichu|Focus Blast|p2a: Camerupt\n|-damage|p2a: Camerupt|20/100y\n|move|p2a: Camerupt|Heat Wave|p1b: WrathofKhan|[spread] p1a,p1b\n|-supereffective|p1b: WrathofKhan|1\n|-damage|p1a: Raichu|0 fnt\n|-damage|p1b: WrathofKhan|0 fnt\n|faint|p1a: Raichu\n|faint|p1b: WrathofKhan\n|\n|-weather|Snowscape|[upkeep]\n|upkeep\n|-message|testdigi forfeited.\n|\n|win|wolfcoladrinker\n","uploadtime":1788288384,"views":"0","formatid":"gen9championsvgc2026regmb","rating":null,"private":0,"password":null}