{"id":"gen9championsvgc2026regmbbo3-2673615503","format":"[Gen 9 Champions] VGC 2026 Reg M-B (Bo3)","players":["AkirCS","saturnineblue"],"log":"|j|☆AkirCS\n|j|☆saturnineblue\n|html|<table width=\"100%\"><tr><td align=\"left\">AkirCS</td><td align=\"right\">saturnineblue</tr><tr><td align=\"left\"><i class=\"fa fa-circle-o\"></i> <i class=\"fa fa-circle-o\"></i> </td><td align=\"right\"><i class=\"fa fa-circle-o\"></i> <i class=\"fa fa-circle\"></i> </tr></table>\n|uhtml|bestof|<h2><strong>Game 2</strong> of <a href=\"/game-bestof3-gen9championsvgc2026regmbbo3-2673613266\">a best-of-3</a></h2>\n|t:|1788221693\n|gametype|doubles\n|player|p1|AkirCS|pryce|\n|player|p2|saturnineblue|melli|\n|gen|9\n|tier|[Gen 9 Champions] VGC 2026 Reg M-B (Bo3)\n|rule|Species Clause: Limit one of each Pokémon\n|rule|Item Clause: Limit 1 of each item\n|raw|<div class=\"infobox\"><details class=\"readmore\" open><summary><strong>1 custom rule:</strong></summary> !Force Open Team Sheets</details></div>\n|clearpoke\n|poke|p1|Basculegion, L50, M|\n|poke|p1|Kingambit, L50, M|\n|poke|p1|Pelipper, L50, M|\n|poke|p1|Grimmsnarl, L50, M|\n|poke|p1|Gardevoir, L50, M|\n|poke|p1|Emboar, L50, F|\n|poke|p2|Glimmora, L50, F|\n|poke|p2|Dragapult, L50, M, shiny|\n|poke|p2|Scovillain, L50, F, shiny|\n|poke|p2|Tinkaton, L50, F|\n|poke|p2|Meowscarada, L50, M, shiny|\n|poke|p2|Meowstic, L50, M|\n|teampreview|4\n|inactive|Battle timer is ON: inactive players will automatically lose when time's up. (requested by AkirCS)\n|inactive|AkirCS has 60 seconds left.\n|\n|t:|1788221748\n|teamsize|p1|4\n|teamsize|p2|4\n|start\n|switch|p1a: I'M BOARD|Emboar, L50, F|100/100\n|switch|p1b: Grimace Shake|Grimmsnarl, L50, M|100/100\n|switch|p2a: Oh Wyrm?|Dragapult, L50, M, shiny|100/100\n|switch|p2b: Salt & Pepper|Scovillain, L50, F, shiny|100/100\n|turn|1\n|inactive|AkirCS has 30 seconds left.\n|inactive|saturnineblue has 30 seconds left.\n|inactive|saturnineblue has 20 seconds left.\n|\n|t:|1788221786\n|detailschange|p1a: I'M BOARD|Emboar-Mega, L50, F\n|-mega|p1a: I'M BOARD|Emboar|Emboarite\n|-ability|p1a: I'M BOARD|Mold Breaker\n|detailschange|p2b: Salt & Pepper|Scovillain-Mega, L50, F, shiny\n|-mega|p2b: Salt & Pepper|Scovillain|Scovillainite\n|move|p2b: Salt & Pepper|Rage Powder|p2b: Salt & Pepper\n|-singleturn|p2b: Salt & Pepper|move: Rage Powder\n|move|p1b: Grimace Shake|Reflect|p1b: Grimace Shake\n|-sidestart|p1: AkirCS|Reflect\n|move|p2a: Oh Wyrm?|Draco Meteor|p1a: I'M BOARD\n|-damage|p1a: I'M BOARD|29/100\n|-unboost|p2a: Oh Wyrm?|spa|2\n|-damage|p2a: Oh Wyrm?|90/100|[from] item: Life Orb\n|move|p1a: I'M BOARD|Flare Blitz|p2b: Salt & Pepper\n|-damage|p2b: Salt & Pepper|28/100\n|-damage|p1a: I'M BOARD|7/100|[from] Recoil\n|\n|upkeep\n|turn|2\n|inactive|AkirCS has 30 seconds left.\n|inactive|AkirCS has 20 seconds left.\n|inactive|AkirCS has 15 seconds left.\n|inactive|AkirCS has 10 seconds left.\n|\n|t:|1788221831\n|switch|p2b: The Tinker|Tinkaton, L50, F|100/100\n|-ability|p2b: The Tinker|Mold Breaker\n|move|p2a: Oh Wyrm?|Hex|p1a: I'M BOARD\n|-damage|p1a: I'M BOARD|0 fnt\n|faint|p1a: I'M BOARD\n|-damage|p2a: Oh Wyrm?|80/100|[from] item: Life Orb\n|move|p1b: Grimace Shake|Spirit Break|p2a: Oh Wyrm?\n|-supereffective|p2a: Oh Wyrm?|1\n|-damage|p2a: Oh Wyrm?|3/100\n|-unboost|p2a: Oh Wyrm?|spa|1\n|\n|upkeep\n|\n|t:|1788221853\n|switch|p1a: PRESS F|Basculegion, L50, M|100/100\n|turn|3\n|inactive|AkirCS has 30 seconds left.\n|inactive|saturnineblue has 30 seconds left.\n|\n|t:|1788221880\n|switch|p2a: Salt & Pepper|Scovillain-Mega, L50, F, shiny|28/100\n|move|p2b: The Tinker|Fake Out|p1b: Grimace Shake\n|-damage|p1b: Grimace Shake|93/100\n|cant|p1b: Grimace Shake|flinch\n|move|p1a: PRESS F|Flip Turn|p2b: The Tinker\n|-damage|p2b: The Tinker|58/100\n|\n|t:|1788221884\n|switch|p1a: We Cringe On|Kingambit, L50, M|100/100|[from] Flip Turn\n|-activate|p1a: We Cringe On|ability: Supreme Overlord\n|-start|p1a: We Cringe On|fallen1|[silent]\n|\n|upkeep\n|turn|4\n|inactive|AkirCS has 30 seconds left.\n|inactive|AkirCS has 20 seconds left.\n|\n|t:|1788221920\n|move|p1a: We Cringe On|Protect|p1a: We Cringe On\n|-singleturn|p1a: We Cringe On|Protect\n|move|p2a: Salt & Pepper|Rage Powder|p2a: Salt & Pepper\n|-singleturn|p2a: Salt & Pepper|move: Rage Powder\n|move|p1b: Grimace Shake|Light Screen|p1b: Grimace Shake\n|-sidestart|p1: AkirCS|move: Light Screen\n|move|p2b: The Tinker|Gigaton Hammer|p1b: Grimace Shake\n|-supereffective|p1b: Grimace Shake|1\n|-damage|p1b: Grimace Shake|27/100\n|\n|upkeep\n|turn|5\n|\n|t:|1788221932\n|move|p2a: Salt & Pepper|Rage Powder|p2a: Salt & Pepper\n|-singleturn|p2a: Salt & Pepper|move: Rage Powder\n|move|p2b: The Tinker|Brick Break|p1a: We Cringe On\n|-sideend|p1: AkirCS|Reflect\n|-sideend|p1: AkirCS|move: Light Screen\n|-supereffective|p1a: We Cringe On|2\n|-enditem|p1a: We Cringe On|Chople Berry|[eat]\n|-enditem|p1a: We Cringe On|Chople Berry|[weaken]\n|-damage|p1a: We Cringe On|63/100\n|move|p1a: We Cringe On|Iron Head|p2a: Salt & Pepper\n|-resisted|p2a: Salt & Pepper|1\n|-damage|p2a: Salt & Pepper|3/100\n|-status|p1a: We Cringe On|brn|[from] ability: Spicy Spray|[of] p2a: Salt & Pepper\n|move|p1b: Grimace Shake|Spirit Break|p2a: Salt & Pepper\n|-resisted|p2a: Salt & Pepper|1\n|-damage|p2a: Salt & Pepper|0 fnt\n|-status|p1b: Grimace Shake|brn|[from] ability: Spicy Spray|[of] p2a: Salt & Pepper\n|faint|p2a: Salt & Pepper\n|\n|-damage|p1a: We Cringe On|57/100 brn|[from] brn\n|-damage|p1b: Grimace Shake|21/100 brn|[from] brn\n|upkeep\n|\n|t:|1788221949\n|switch|p2a: Oh Wyrm?|Dragapult, L50, M, shiny|3/100\n|turn|6\n|\n|t:|1788221973\n|move|p2a: Oh Wyrm?|Protect|p2a: Oh Wyrm?\n|-singleturn|p2a: Oh Wyrm?|Protect\n|move|p1a: We Cringe On|Sucker Punch||[still]\n|-fail|p1a: We Cringe On\n|move|p1b: Grimace Shake|Reflect|p1b: Grimace Shake\n|-sidestart|p1: AkirCS|Reflect\n|move|p2b: The Tinker|Brick Break|p1a: We Cringe On\n|-sideend|p1: AkirCS|Reflect\n|-supereffective|p1a: We Cringe On|2\n|-damage|p1a: We Cringe On|0 fnt\n|faint|p1a: We Cringe On\n|-end|p1a: We Cringe On|fallen1|[silent]\n|\n|-damage|p1b: Grimace Shake|15/100 brn|[from] brn\n|upkeep\n|\n|t:|1788221976\n|switch|p1a: PRESS F|Basculegion, L50, M|100/100\n|turn|7\n|inactive|AkirCS has 30 seconds left.\n|inactive|AkirCS has 20 seconds left.\n|\n|t:|1788222012\n|move|p1b: Grimace Shake|Reflect|p1b: Grimace Shake\n|-sidestart|p1: AkirCS|Reflect\n|move|p2a: Oh Wyrm?|Hex|p1a: PRESS F\n|-supereffective|p1a: PRESS F|1\n|-damage|p1a: PRESS F|19/100\n|-damage|p2a: Oh Wyrm?|0 fnt|[from] item: Life Orb\n|faint|p2a: Oh Wyrm?\n|move|p1a: PRESS F|Last Respects|p2b: The Tinker\n|-damage|p2b: The Tinker|0 fnt\n|faint|p2b: The Tinker\n|\n|-damage|p1b: Grimace Shake|9/100 brn|[from] brn\n|upkeep\n|\n|t:|1788222024\n|switch|p2a: Kit Kat|Meowscarada, L50, M, shiny|100/100\n|turn|8\n|\n|t:|1788222032\n|move|p1a: PRESS F|Last Respects|p2a: Kit Kat\n|-resisted|p2a: Kit Kat|1\n|-damage|p2a: Kit Kat|24/100\n|move|p2a: Kit Kat|Flower Trick|p1a: PRESS F\n|-start|p2a: Kit Kat|typechange|Grass|[from] ability: Protean\n|-supereffective|p1a: PRESS F|1\n|-crit|p1a: PRESS F\n|-damage|p1a: PRESS F|0 fnt\n|faint|p1a: PRESS F\n|move|p1b: Grimace Shake|Spirit Break|p2a: Kit Kat\n|-damage|p2a: Kit Kat|0 fnt\n|faint|p2a: Kit Kat\n|\n|win|AkirCS\n","uploadtime":1788222037,"views":"22","formatid":"gen9championsvgc2026regmbbo3","rating":null,"private":0,"password":null}