{"id":"gen9championsvgc2026regmbbo3-2674608312","format":"[Gen 9 Champions] VGC 2026 Reg M-B (Bo3)","players":["Shroobrule","Cazzy28"],"log":"|j|☆Shroobrule\n|j|☆Cazzy28\n|html|<table width=\"100%\"><tr><td align=\"left\">Shroobrule</td><td align=\"right\">Cazzy28</tr><tr><td align=\"left\"><i class=\"fa fa-circle-o\"></i> <i class=\"fa fa-circle-o\"></i> </td><td align=\"right\"><i class=\"fa fa-circle-o\"></i> <i class=\"fa fa-circle-o\"></i> </tr></table>\n|uhtml|bestof|<h2><strong>Game 1</strong> of <a href=\"/game-bestof3-gen9championsvgc2026regmbbo3-2674608311\">a best-of-3</a></h2>\n|t:|1788379719\n|gametype|doubles\n|player|p1|Shroobrule|drayden|\n|player|p2|Cazzy28|1|\n|gen|9\n|tier|[Gen 9 Champions] VGC 2026 Reg M-B (Bo3)\n|rule|Species Clause: Limit one of each Pokémon\n|rule|Item Clause: Limit 1 of each item\n|clearpoke\n|poke|p1|Dragonite, L50, F, shiny|\n|poke|p1|Politoed, L50, M, shiny|\n|poke|p1|Raichu, L50, M, shiny|\n|poke|p1|Farigiraf, L50, M, shiny|\n|poke|p1|Archaludon, L50, M, shiny|\n|poke|p1|Rotom-Mow, L50|\n|poke|p2|Froslass, L50, F|\n|poke|p2|Ninetales-Alola, L50, M|\n|poke|p2|Incineroar, L50, M|\n|poke|p2|Sinistcha-Masterpiece, L50|\n|poke|p2|Farigiraf, L50, F|\n|poke|p2|Raichu, L50, M|\n|teampreview|4\n|showteam|p1|Dragonite||Dragoninite|Multiscale|HeatWave,Hurricane,DragonPulse,Thunder|Modest||F|||50|]Politoed||SitrusBerry|Drizzle|Encore,HydroPump,IceBeam,EarthPower|Modest||M|||50|]Raichu||RaichuniteY|LightningRod|ZapCannon,FocusBlast,FakeOut,VoltSwitch|Hasty||M|||50|]Farigiraf||ColburBerry|ArmorTail|TrickRoom,HyperVoice,Thunderbolt,Psychic|Quiet||M|||50|]Archaludon||Leftovers|Stamina|ElectroShot,FlashCannon,DragonPulse,Protect|Timid||M|||50|]Rotom-Mow||LifeOrb|Levitate|NastyPlot,LeafStorm,Discharge,ShadowBall|Timid|||||50|\n|showteam|p2|Froslass||Froslassite|SnowCloak|Blizzard,ShadowBall,Thunderbolt,AuroraVeil|Timid||F|||50|]Ninetales-Alola||FocusSash|SnowWarning|Blizzard,FreezeDry,Moonblast,IceShard|Timid||M|||50|]Incineroar||QuickClaw|Intimidate|FlareBlitz,DarkestLariat,CloseCombat,FakeOut|Impish||M|||50|]Sinistcha-Masterpiece||SitrusBerry|Hospitality|MatchaGotcha,Scald,RagePowder,StunSpore|Modest|||||50|]Farigiraf||ColburBerry|ArmorTail|Thunderbolt,TwinBeam,AllySwitch,TrickRoom|Quiet||F|||50|]Raichu||RaichuniteY|Static|ZapCannon,FocusBlast,DazzlingGleam,Protect|Timid||M|||50|\n|\n|t:|1788380277\n|teamsize|p1|4\n|teamsize|p2|4\n|start\n|switch|p1a: Politoed|Politoed, L50, M, shiny|100/100\n|switch|p1b: Archaludon|Archaludon, L50, M, shiny|100/100\n|switch|p2a: Incineroar|Incineroar, L50, M|100/100\n|switch|p2b: Farigiraf|Farigiraf, L50, F|100/100\n|-weather|RainDance|[from] ability: Drizzle|[of] p1a: Politoed\n|-ability|p2a: Incineroar|Intimidate|boost\n|-unboost|p1a: Politoed|atk|1\n|-unboost|p1b: Archaludon|atk|1\n|turn|1\n|\n|t:|1788380311\n|move|p1b: Archaludon|Protect|p1b: Archaludon\n|-singleturn|p1b: Archaludon|Protect\n|move|p2a: Incineroar|Fake Out|p1a: Politoed\n|-damage|p1a: Politoed|84/100\n|cant|p1a: Politoed|flinch\n|move|p2b: Farigiraf|Thunderbolt|p1a: Politoed\n|-supereffective|p1a: Politoed|1\n|-damage|p1a: Politoed|43/100\n|-status|p1a: Politoed|par\n|-enditem|p1a: Politoed|Sitrus Berry|[eat]\n|-heal|p1a: Politoed|68/100 par|[from] item: Sitrus Berry\n|\n|-weather|RainDance|[upkeep]\n|upkeep\n|turn|2\n|\n|t:|1788380362\n|switch|p1a: Rotom|Rotom-Mow, L50|100/100\n|move|p1b: Archaludon|Electro Shot||[still]\n|-prepare|p1b: Archaludon|Electro Shot\n|-boost|p1b: Archaludon|spa|1\n|-anim|p1b: Archaludon|Electro Shot|p2a: Incineroar\n|-damage|p2a: Incineroar|41/100\n|move|p2a: Incineroar|Darkest Lariat|p1a: Rotom\n|-damage|p1a: Rotom|45/100\n|move|p2b: Farigiraf|Thunderbolt|p1a: Rotom\n|-resisted|p1a: Rotom|2\n|-damage|p1a: Rotom|37/100\n|\n|-weather|RainDance|[upkeep]\n|upkeep\n|turn|3\n|\n|t:|1788380400\n|move|p2b: Farigiraf|Ally Switch|p2b: Farigiraf\n|swap|p2b: Farigiraf|0|[from] move: Ally Switch\n|move|p1a: Rotom|Leaf Storm|p2a: Farigiraf\n|-damage|p2a: Farigiraf|36/100\n|-unboost|p1a: Rotom|spa|2\n|-damage|p1a: Rotom|28/100|[from] item: Life Orb\n|move|p1b: Archaludon|Dragon Pulse|p2a: Farigiraf\n|-damage|p2a: Farigiraf|0 fnt\n|faint|p2a: Farigiraf\n|move|p2b: Incineroar|Flare Blitz|p1a: Rotom\n|-supereffective|p1a: Rotom|1\n|-damage|p1a: Rotom|0 fnt\n|faint|p1a: Rotom\n|-damage|p2b: Incineroar|35/100|[from] Recoil\n|\n|-weather|RainDance|[upkeep]\n|upkeep\n|\n|t:|1788380432\n|switch|p1a: Raichu|Raichu, L50, M, shiny|100/100\n|switch|p2a: Sinistcha|Sinistcha-Masterpiece, L50|100/100\n|-heal|p2b: Incineroar|59/100|[from] ability: Hospitality|[of] p2a: Sinistcha\n|turn|4\n|-activate|p2b: Incineroar|item: Quick Claw\n|\n|t:|1788380486\n|switch|p1a: Politoed|Politoed, L50, M, shiny|68/100 par\n|move|p1b: Archaludon|Protect|p1b: Archaludon\n|-singleturn|p1b: Archaludon|Protect\n|move|p2a: Sinistcha|Rage Powder|p2a: Sinistcha\n|-singleturn|p2a: Sinistcha|move: Rage Powder\n|move|p2b: Incineroar|Close Combat|p1b: Archaludon\n|-activate|p1b: Archaludon|move: Protect\n|\n|-weather|RainDance|[upkeep]\n|upkeep\n|turn|5\n|-activate|p2b: Incineroar|item: Quick Claw\n|\n|t:|1788380554\n|move|p2a: Sinistcha|Rage Powder|p2a: Sinistcha\n|-singleturn|p2a: Sinistcha|move: Rage Powder\n|move|p2b: Incineroar|Close Combat|p1b: Archaludon\n|-supereffective|p1b: Archaludon|1\n|-damage|p1b: Archaludon|32/100\n|-unboost|p2b: Incineroar|def|1\n|-unboost|p2b: Incineroar|spd|1\n|-ability|p1b: Archaludon|Stamina|boost\n|-boost|p1b: Archaludon|def|1\n|move|p1b: Archaludon|Electro Shot||[still]\n|-prepare|p1b: Archaludon|Electro Shot\n|-boost|p1b: Archaludon|spa|1\n|-anim|p1b: Archaludon|Electro Shot|p2a: Sinistcha\n|-resisted|p2a: Sinistcha|1\n|-damage|p2a: Sinistcha|57/100\n|move|p1a: Politoed|Ice Beam|p2a: Sinistcha\n|-supereffective|p2a: Sinistcha|1\n|-damage|p2a: Sinistcha|3/100\n|-enditem|p2a: Sinistcha|Sitrus Berry|[eat]\n|-heal|p2a: Sinistcha|28/100|[from] item: Sitrus Berry\n|\n|-weather|none\n|-heal|p1b: Archaludon|38/100|[from] item: Leftovers\n|upkeep\n|turn|6\n|\n|t:|1788380610\n|move|p1b: Archaludon|Protect|p1b: Archaludon\n|-singleturn|p1b: Archaludon|Protect\n|move|p2a: Sinistcha|Rage Powder|p2a: Sinistcha\n|-singleturn|p2a: Sinistcha|move: Rage Powder\n|move|p2b: Incineroar|Darkest Lariat|p1a: Politoed\n|-damage|p1a: Politoed|17/100 par\n|move|p1a: Politoed|Hydro Pump|p2a: Sinistcha\n|-resisted|p2a: Sinistcha|1\n|-damage|p2a: Sinistcha|4/100\n|\n|-heal|p1b: Archaludon|44/100|[from] item: Leftovers\n|upkeep\n|turn|7\n|\n|t:|1788380650\n|switch|p1a: Raichu|Raichu, L50, M, shiny|100/100\n|move|p1b: Archaludon|Dragon Pulse|p2a: Sinistcha\n|-damage|p2a: Sinistcha|0 fnt\n|faint|p2a: Sinistcha\n|move|p2b: Incineroar|Close Combat|p1b: Archaludon\n|-supereffective|p1b: Archaludon|1\n|-damage|p1b: Archaludon|2/100\n|-unboost|p2b: Incineroar|def|1\n|-unboost|p2b: Incineroar|spd|1\n|-ability|p1b: Archaludon|Stamina|boost\n|-boost|p1b: Archaludon|def|1\n|\n|-heal|p1b: Archaludon|8/100|[from] item: Leftovers\n|upkeep\n|\n|t:|1788380664\n|switch|p2a: Froslass|Froslass, L50, F|100/100\n|turn|8\n|\n|t:|1788380684\n|detailschange|p1a: Raichu|Raichu-Mega-Y, L50, M, shiny\n|-mega|p1a: Raichu|Raichu|Raichunite Y\n|detailschange|p2a: Froslass|Froslass-Mega, L50, F\n|-mega|p2a: Froslass|Froslass|Froslassite\n|-weather|Snowscape|[from] ability: Snow Warning|[of] p2a: Froslass\n|move|p1a: Raichu|Zap Cannon|p2a: Froslass\n|-damage|p2a: Froslass|7/100\n|-status|p2a: Froslass|par\n|move|p1b: Archaludon|Dragon Pulse|p2b: Incineroar\n|-damage|p2b: Incineroar|0 fnt\n|faint|p2b: Incineroar\n|move|p2a: Froslass|Blizzard|p1b: Archaludon|[spread] p1a,p1b\n|-damage|p1a: Raichu|28/100\n|-damage|p1b: Archaludon|0 fnt\n|faint|p1b: Archaludon\n|\n|-weather|Snowscape|[upkeep]\n|upkeep\n|\n|t:|1788380699\n|switch|p1b: Politoed|Politoed, L50, M, shiny|17/100 par\n|-weather|RainDance|[from] ability: Drizzle|[of] p1b: Politoed\n|turn|9\n|\n|t:|1788380707\n|move|p1a: Raichu|Zap Cannon|p2a: Froslass\n|-damage|p2a: Froslass|0 fnt\n|faint|p2a: Froslass\n|\n|win|Shroobrule\n","uploadtime":1788380711,"views":"3","formatid":"gen9championsvgc2026regmbbo3","rating":null,"private":0,"password":null}