{"id":"gen9championsvgc2026regmb-2674434834","format":"[Gen 9 Champions] VGC 2026 Reg M-B","players":["nhbvfdf","majikkfrogg"],"log":"|j|☆nhbvfdf\n|j|☆majikkfrogg\n|t:|1788359428\n|gametype|doubles\n|player|p1|nhbvfdf|266|1002\n|player|p2|majikkfrogg|bugcatcher-gen4dp|1070\n|gen|9\n|tier|[Gen 9 Champions] VGC 2026 Reg M-B\n|rated|\n|rule|Species Clause: Limit one of each Pokémon\n|rule|Item Clause: Limit 1 of each item\n|clearpoke\n|poke|p1|Toxapex, L50, M|\n|poke|p1|Incineroar, L50, M|\n|poke|p1|Sinistcha-Masterpiece, L50|\n|poke|p1|Raichu, L50, F|\n|poke|p1|Grimmsnarl, L50, M|\n|poke|p1|Volcarona, L50, M|\n|poke|p2|Stunfisk-Galar, L50, F|\n|poke|p2|Whimsicott, L50, F|\n|poke|p2|Raichu, L50, F|\n|poke|p2|Basculegion, L50, M|\n|poke|p2|Staraptor, L50, F|\n|poke|p2|Sneasler, L50, M|\n|teampreview|4\n|inactive|Battle timer is ON: inactive players will automatically lose when time's up. (requested by majikkfrogg)\n|inactive|majikkfrogg has 60 seconds left.\n|\n|t:|1788359463\n|teamsize|p1|4\n|teamsize|p2|4\n|start\n|switch|p1a: Toxapex|Toxapex, L50, M|100/100\n|switch|p1b: Grimmsnarl|Grimmsnarl, L50, M|100/100\n|switch|p2a: Staraptor|Staraptor, L50, F|100/100\n|switch|p2b: Sneasler|Sneasler, L50, M|100/100\n|-ability|p2a: Staraptor|Intimidate|boost\n|-unboost|p1a: Toxapex|atk|1\n|-unboost|p1b: Grimmsnarl|atk|1\n|turn|1\n|inactive|majikkfrogg has 30 seconds left.\n|\n|t:|1788359491\n|move|p2b: Sneasler|Fake Out|p1b: Grimmsnarl\n|-damage|p1b: Grimmsnarl|86/100\n|cant|p1b: Grimmsnarl|flinch\n|move|p2a: Staraptor|Final Gambit|p1b: Grimmsnarl\n|-damage|p1b: Grimmsnarl|0 fnt\n|faint|p2a: Staraptor\n|faint|p1b: Grimmsnarl\n|move|p1a: Toxapex|Toxic|p2b: Sneasler\n|-immune|p2b: Sneasler\n|\n|upkeep\n|\n|t:|1788359503\n|switch|p2a: Stunfisk|Stunfisk-Galar, L50, F|100/100\n|switch|p1b: Raichu|Raichu, L50, F|100/100\n|turn|2\n|\n|t:|1788359519\n|detailschange|p1b: Raichu|Raichu-Mega-Y, L50, F\n|-mega|p1b: Raichu|Raichu|Raichunite Y\n|move|p2b: Sneasler|Dire Claw|p1b: Raichu\n|-damage|p1b: Raichu|18/100\n|move|p1b: Raichu|Focus Blast|p2a: Stunfisk\n|-supereffective|p2a: Stunfisk|1\n|-damage|p2a: Stunfisk|0 fnt\n|faint|p2a: Stunfisk\n|move|p1a: Toxapex|Infestation|p2b: Sneasler\n|-resisted|p2b: Sneasler|2\n|-damage|p2b: Sneasler|99/100\n|-activate|p2b: Sneasler|move: Infestation|[of] p1a: Toxapex\n|\n|-damage|p2b: Sneasler|87/100|[from] move: Infestation|[partiallytrapped]\n|upkeep\n|\n|t:|1788359530\n|switch|p2a: Raichu|Raichu, L50, F|100/100\n|turn|3\n|\n|t:|1788359543\n|switch|p1b: Sinistcha|Sinistcha-Masterpiece, L50|100/100\n|detailschange|p2a: Raichu|Raichu-Mega-X, L50, F\n|-mega|p2a: Raichu|Raichu|Raichunite X\n|-fieldstart|move: Electric Terrain|[from] ability: Electric Surge|[of] p2a: Raichu\n|move|p2a: Raichu|Fake Out|p1b: Sinistcha\n|-immune|p1b: Sinistcha\n|move|p2b: Sneasler|Dire Claw|p1b: Sinistcha\n|-damage|p1b: Sinistcha|64/100\n|move|p1a: Toxapex|Toxic|p2a: Raichu\n|-status|p2a: Raichu|tox\n|\n|-damage|p2a: Raichu|94/100 tox|[from] psn\n|-damage|p2b: Sneasler|75/100|[from] move: Infestation|[partiallytrapped]\n|upkeep\n|turn|4\n|\n|t:|1788359562\n|move|p1b: Sinistcha|Protect|p1b: Sinistcha\n|-singleturn|p1b: Sinistcha|Protect\n|move|p1a: Toxapex|Baneful Bunker|p1a: Toxapex\n|-singleturn|p1a: Toxapex|move: Protect\n|move|p2b: Sneasler|Dire Claw|p1b: Sinistcha\n|-activate|p1b: Sinistcha|move: Protect\n|move|p2a: Raichu|Rising Voltage|p1a: Toxapex\n|-activate|p1a: Toxapex|move: Protect\n|\n|-damage|p2a: Raichu|82/100 tox|[from] psn\n|-damage|p2b: Sneasler|63/100|[from] move: Infestation|[partiallytrapped]\n|upkeep\n|turn|5\n|inactive|nhbvfdf has 30 seconds left.\n|inactive|nhbvfdf has 20 seconds left.\n|inactive|nhbvfdf has 15 seconds left.\n|\n|t:|1788359605\n|move|p1b: Sinistcha|Rage Powder|p1b: Sinistcha\n|-singleturn|p1b: Sinistcha|move: Rage Powder\n|move|p2b: Sneasler|Dire Claw|p1b: Sinistcha\n|-damage|p1b: Sinistcha|28/100\n|-status|p1b: Sinistcha|psn\n|move|p2a: Raichu|Rising Voltage|p1b: Sinistcha\n|-hint|Rising Voltage's BP doubled on grounded target.\n|-resisted|p1b: Sinistcha|1\n|-damage|p1b: Sinistcha|0 fnt\n|faint|p1b: Sinistcha\n|move|p1a: Toxapex|Infestation|p2a: Raichu\n|-damage|p2a: Raichu|77/100 tox\n|-activate|p2a: Raichu|move: Infestation|[of] p1a: Toxapex\n|\n|-damage|p2a: Raichu|59/100 tox|[from] psn\n|-damage|p2b: Sneasler|50/100g|[from] move: Infestation|[partiallytrapped]\n|-damage|p2a: Raichu|47/100 tox|[from] move: Infestation|[partiallytrapped]\n|upkeep\n|\n|t:|1788359614\n|switch|p1b: Raichu|Raichu-Mega-Y, L50, F|18/100\n|turn|6\n|\n|t:|1788359633\n|move|p1a: Toxapex|Baneful Bunker|p1a: Toxapex\n|-singleturn|p1a: Toxapex|move: Protect\n|move|p1b: Raichu|Fake Out|p2b: Sneasler\n|-crit|p2b: Sneasler\n|-damage|p2b: Sneasler|31/100\n|cant|p2b: Sneasler|flinch\n|move|p2a: Raichu|Rising Voltage|p1a: Toxapex\n|-activate|p1a: Toxapex|move: Protect\n|\n|-damage|p2a: Raichu|23/100 tox|[from] psn\n|-damage|p2b: Sneasler|19/100|[from] move: Infestation|[partiallytrapped]\n|-damage|p2a: Raichu|11/100 tox|[from] move: Infestation|[partiallytrapped]\n|upkeep\n|turn|7\n|\n|t:|1788359647\n|move|p1b: Raichu|Protect|p1b: Raichu\n|-singleturn|p1b: Raichu|Protect\n|move|p2b: Sneasler|Dire Claw|p1b: Raichu\n|-activate|p1b: Raichu|move: Protect\n|move|p2a: Raichu|Rising Voltage|p1a: Toxapex\n|-hint|Rising Voltage's BP doubled on grounded target.\n|-supereffective|p1a: Toxapex|1\n|-damage|p1a: Toxapex|0 fnt\n|faint|p1a: Toxapex\n|\n|-damage|p2a: Raichu|0 fnt|[from] psn\n|faint|p2a: Raichu\n|-end|p2b: Sneasler|Infestation|[partiallytrapped]\n|-fieldend|move: Electric Terrain\n|upkeep\n|turn|8\n|-message|nhbvfdf forfeited.\n|\n|win|majikkfrogg\n|raw|nhbvfdf's rating: 1002 &rarr; <strong>1000</strong><br />(-2 for losing)\n|raw|majikkfrogg's rating: 1070 &rarr; <strong>1094</strong><br />(+24 for winning)\n|l|☆nhbvfdf\n|player|p1|\n","uploadtime":1788359678,"views":"2","formatid":"gen9championsvgc2026regmb","rating":1000,"private":0,"password":null}