{"id":"gen9championsvgc2026regmb-2674636068","format":"[Gen 9 Champions] VGC 2026 Reg M-B","players":["rueler18","jjavi2"],"log":"|j|☆rueler18\n|j|☆jjavi2\n|t:|1788383206\n|gametype|doubles\n|player|p1|rueler18|102|1440\n|player|p2|jjavi2|n|1445\n|gen|9\n|tier|[Gen 9 Champions] VGC 2026 Reg M-B\n|rated|\n|rule|Species Clause: Limit one of each Pokémon\n|rule|Item Clause: Limit 1 of each item\n|clearpoke\n|poke|p1|Blastoise, L50, M|\n|poke|p1|Delphox, L50, M|\n|poke|p1|Sinistcha-Masterpiece, L50|\n|poke|p1|Sneasler, L50, F|\n|poke|p1|Kingambit, L50, M|\n|poke|p1|Incineroar, L50, M|\n|poke|p2|Dragonite, L50, M, shiny|\n|poke|p2|Sneasler, L50, M|\n|poke|p2|Basculegion, L50, M|\n|poke|p2|Kingambit, L50, M|\n|poke|p2|Garchomp, L50, M|\n|poke|p2|Floette-Eternal, L50, F|\n|teampreview|4\n|inactive|Battle timer is ON: inactive players will automatically lose when time's up. (requested by jjavi2)\n|inactive|rueler18 has 60 seconds left.\n|inactive|jjavi2 has 60 seconds left.\n|\n|t:|1788383260\n|teamsize|p1|4\n|teamsize|p2|4\n|start\n|switch|p1a: Incineroar|Incineroar, L50, M|100/100\n|switch|p1b: Delphox|Delphox, L50, M|100/100\n|switch|p2a: Dragonite|Dragonite, L50, M, shiny|100/100\n|switch|p2b: Sneasler|Sneasler, L50, M|100/100\n|-ability|p1a: Incineroar|Intimidate|boost\n|-unboost|p2a: Dragonite|atk|1\n|-unboost|p2b: Sneasler|atk|1\n|turn|1\n|inactive|rueler18 has 30 seconds left.\n|inactive|jjavi2 has 30 seconds left.\n|inactive|rueler18 has 20 seconds left.\n|inactive|jjavi2 has 20 seconds left.\n|inactive|jjavi2 has 15 seconds left.\n|inactive|jjavi2 has 10 seconds left.\n|\n|t:|1788383309\n|detailschange|p1b: Delphox|Delphox-Mega, L50, M\n|-mega|p1b: Delphox|Delphox|Delphoxite\n|detailschange|p2a: Dragonite|Dragonite-Mega, L50, M, shiny\n|-mega|p2a: Dragonite|Dragonite|Dragoninite\n|move|p2b: Sneasler|Fake Out|p1a: Incineroar\n|-damage|p1a: Incineroar|90/100\n|-status|p1a: Incineroar|psn|[from] ability: Poison Touch|[of] p2b: Sneasler\n|move|p1b: Delphox|Nasty Plot|p1b: Delphox\n|-boost|p1b: Delphox|spa|2\n|move|p2a: Dragonite|Dragon Pulse|p1b: Delphox\n|-damage|p1b: Delphox|52/100\n|cant|p1a: Incineroar|flinch\n|\n|-damage|p1a: Incineroar|78/100 psn|[from] psn\n|upkeep\n|turn|2\n|inactive|jjavi2 has 30 seconds left.\n|\n|t:|1788383338\n|move|p1b: Delphox|Protect|p1b: Delphox\n|-singleturn|p1b: Delphox|Protect\n|move|p2b: Sneasler|Close Combat|p1a: Incineroar\n|-supereffective|p1a: Incineroar|1\n|-damage|p1a: Incineroar|0 fnt\n|-unboost|p2b: Sneasler|def|1\n|-unboost|p2b: Sneasler|spd|1\n|faint|p1a: Incineroar\n|move|p2a: Dragonite|Dragon Pulse|p1b: Delphox\n|-activate|p1b: Delphox|move: Protect\n|\n|upkeep\n|\n|t:|1788383348\n|switch|p1a: Sneasler|Sneasler, L50, F|100/100\n|turn|3\n|\n|t:|1788383367\n|move|p2a: Dragonite|Protect|p2a: Dragonite\n|-singleturn|p2a: Dragonite|Protect\n|move|p1a: Sneasler|Fake Out|p2b: Sneasler\n|-damage|p2b: Sneasler|64/100\n|move|p1b: Delphox|Psychic|p2a: Dragonite\n|-activate|p2a: Dragonite|move: Protect\n|cant|p2b: Sneasler|flinch\n|\n|upkeep\n|turn|4\n|\n|t:|1788383391\n|move|p1b: Delphox|Protect|p1b: Delphox\n|-singleturn|p1b: Delphox|Protect\n|move|p2b: Sneasler|Feint|p1b: Delphox\n|-activate|p1b: Delphox|move: Feint\n|-damage|p1b: Delphox|43/100\n|move|p1a: Sneasler|Poison Jab|p2a: Dragonite\n|-damage|p2a: Dragonite|78/100\n|-status|p2a: Dragonite|psn|[from] ability: Poison Touch|[of] p1a: Sneasler\n|move|p2a: Dragonite|Dragon Pulse|p1b: Delphox\n|-damage|p1b: Delphox|0 fnt\n|faint|p1b: Delphox\n|\n|-damage|p2a: Dragonite|66/100 psn|[from] psn\n|upkeep\n|\n|t:|1788383404\n|switch|p1b: Kingambit|Kingambit, L50, M|100/100\n|turn|5\n|\n|t:|1788383423\n|move|p1b: Kingambit|Sucker Punch|p2b: Sneasler\n|-resisted|p2b: Sneasler|1\n|-damage|p2b: Sneasler|0 fnt\n|faint|p2b: Sneasler\n|-damage|p1b: Kingambit|90/100|[from] item: Life Orb\n|move|p1a: Sneasler|Poison Jab|p2a: Dragonite\n|-damage|p2a: Dragonite|25/100 psn\n|move|p2a: Dragonite|Heat Wave|p1a: Sneasler|[spread] p1b\n|-miss|p2a: Dragonite|p1a: Sneasler\n|-supereffective|p1b: Kingambit|1\n|-damage|p1b: Kingambit|32/100\n|\n|-damage|p2a: Dragonite|12/100 psn|[from] psn\n|upkeep\n|\n|t:|1788383435\n|switch|p2b: Garchomp|Garchomp, L50, M|100/100\n|turn|6\n|\n|t:|1788383443\n|move|p1b: Kingambit|Protect|p1b: Kingambit\n|-singleturn|p1b: Kingambit|Protect\n|move|p2b: Garchomp|Earthquake|p1a: Sneasler|[spread] p1a\n|-activate|p1b: Kingambit|move: Protect\n|-immune|p2a: Dragonite\n|-supereffective|p1a: Sneasler|1\n|-enditem|p1a: Sneasler|Focus Sash\n|-damage|p1a: Sneasler|1/100\n|move|p1a: Sneasler|Poison Jab|p2b: Garchomp\n|-resisted|p2b: Garchomp|1\n|-damage|p2b: Garchomp|81/100\n|-damage|p1a: Sneasler|0 fnt|[from] ability: Rough Skin|[of] p2b: Garchomp\n|-status|p2b: Garchomp|psn|[from] ability: Poison Touch|[of] p1a: Sneasler\n|faint|p1a: Sneasler\n|move|p2a: Dragonite|Heat Wave|p1b: Kingambit\n|-activate|p1b: Kingambit|move: Protect\n|\n|-damage|p2b: Garchomp|68/100 psn|[from] psn\n|-damage|p2a: Dragonite|0 fnt|[from] psn\n|faint|p2a: Dragonite\n|upkeep\n|\n|t:|1788383454\n|switch|p2a: Basculegion|Basculegion, L50, M|100/100\n|turn|7\n|\n|t:|1788383467\n|move|p2a: Basculegion|Aqua Jet|p1b: Kingambit\n|-damage|p1b: Kingambit|5/100\n|-damage|p2a: Basculegion|90/100|[from] item: Life Orb\n|move|p1b: Kingambit|Sucker Punch||[still]\n|-fail|p1b: Kingambit\n|move|p2b: Garchomp|Earthquake|p1b: Kingambit|[spread] p2a,p1b\n|-supereffective|p1b: Kingambit|1\n|-damage|p2a: Basculegion|40/100\n|-damage|p1b: Kingambit|0 fnt\n|faint|p1b: Kingambit\n|\n|win|jjavi2\n|raw|rueler18's rating: 1440 &rarr; <strong>1420</strong><br />(-20 for losing)\n|raw|jjavi2's rating: 1445 &rarr; <strong>1465</strong><br />(+20 for winning)\n","uploadtime":1788383467,"views":"0","formatid":"gen9championsvgc2026regmb","rating":1420,"private":0,"password":null}