{"id":"gen9championsvgc2026regmb-2674118768","format":"[Gen 9 Champions] VGC 2026 Reg M-B","players":["HondourPoker","triplemz1125"],"log":"|j|☆HondourPoker\n|j|☆triplemz1125\n|t:|1788301829\n|gametype|doubles\n|player|p1|HondourPoker|170|\n|player|p2|triplemz1125|norman|\n|gen|9\n|tier|[Gen 9 Champions] VGC 2026 Reg M-B\n|rule|Species Clause: Limit one of each Pokémon\n|rule|Item Clause: Limit 1 of each item\n|clearpoke\n|poke|p1|Sableye, L50, M|\n|poke|p1|Gengar, L50, M|\n|poke|p1|Dragapult, L50, M|\n|poke|p1|Tinkaton, L50, F|\n|poke|p1|Incineroar, L50, M|\n|poke|p1|Primarina, L50, F|\n|poke|p2|Garchomp, L50, F, shiny|\n|poke|p2|Skarmory, L50, F, shiny|\n|poke|p2|Rotom-Heat, L50|\n|poke|p2|Weavile, L50, F|\n|poke|p2|Clawitzer, L50, F, shiny|\n|poke|p2|Zoroark-Hisui, L50, M|\n|teampreview|4\n|\n|t:|1788301962\n|teamsize|p1|4\n|teamsize|p2|4\n|start\n|switch|p1a: Dragapult|Dragapult, L50, M|100/100\n|switch|p1b: Primarina|Primarina, L50, F|100/100\n|switch|p2a: Easy-Bake|Rotom-Heat, L50|100/100\n|switch|p2b: Pevin Purant|Garchomp, L50, F, shiny|100/100\n|turn|1\n|\n|t:|1788301990\n|move|p2a: Easy-Bake|Electroweb|p1b: Primarina|[spread] p1a,p1b\n|-resisted|p1a: Dragapult|1\n|-supereffective|p1b: Primarina|1\n|-damage|p1a: Dragapult|86/100\n|-damage|p1b: Primarina|66/100\n|-unboost|p1b: Primarina|spe|1\n|move|p1a: Dragapult|Dragon Darts|p2b: Pevin Purant\n|-damage|p2b: Pevin Purant|40/100\n|replace|p2b: Mr. Fox|Zoroark-Hisui, L50, M\n|-end|p2b: Mr. Fox|Illusion\n|-anim|p1a: Dragapult|Dragon Darts|p2a: Easy-Bake\n|-damage|p2a: Easy-Bake|64/100\n|move|p2b: Mr. Fox|Bitter Malice|p1a: Dragapult\n|-supereffective|p1a: Dragapult|1\n|-damage|p1a: Dragapult|0 fnt\n|faint|p1a: Dragapult\n|-damage|p2b: Mr. Fox|31/100|[from] item: Life Orb\n|move|p1b: Primarina|Hyper Voice|p2b: Mr. Fox|[spread] p2a,p2b\n|-supereffective|p2a: Easy-Bake|1\n|-damage|p2a: Easy-Bake|0 fnt\n|-damage|p2b: Mr. Fox|0 fnt\n|faint|p2a: Easy-Bake\n|faint|p2b: Mr. Fox\n|\n|-heal|p1b: Primarina|72/100|[from] item: Leftovers\n|upkeep\n|\n|t:|1788302016\n|switch|p1a: Gengar|Gengar, L50, M|100/100\n|switch|p2b: Pevin Purant|Garchomp, L50, F, shiny|100/100\n|switch|p2a: OG Claw|Weavile, L50, F|100/100\n|turn|2\n|\n|t:|1788302045\n|detailschange|p2b: Pevin Purant|Garchomp-Mega, L50, F, shiny\n|-mega|p2b: Pevin Purant|Garchomp|Garchompite\n|detailschange|p1a: Gengar|Gengar-Mega, L50, M\n|-mega|p1a: Gengar|Gengar|Gengarite\n|move|p2a: OG Claw|Knock Off|p1a: Gengar\n|-supereffective|p1a: Gengar|1\n|-damage|p1a: Gengar|20/100r\n|move|p1a: Gengar|Perish Song|p1a: Gengar\n|-start|p1a: Gengar|perish3|[silent]\n|-start|p1b: Primarina|perish3|[silent]\n|-start|p2a: OG Claw|perish3|[silent]\n|-start|p2b: Pevin Purant|perish3|[silent]\n|-fieldactivate|move: Perish Song\n|move|p2b: Pevin Purant|Rock Slide|p1b: Primarina|[spread] p1a,p1b\n|-crit|p1b: Primarina\n|-damage|p1a: Gengar|0 fnt\n|-damage|p1b: Primarina|37/100\n|faint|p1a: Gengar\n|move|p1b: Primarina|Moonblast|p2b: Pevin Purant\n|-supereffective|p2b: Pevin Purant|1\n|-damage|p2b: Pevin Purant|7/100\n|-unboost|p2b: Pevin Purant|spa|1\n|\n|-heal|p1b: Primarina|43/100|[from] item: Leftovers\n|-start|p2a: OG Claw|perish3\n|-start|p2b: Pevin Purant|perish3\n|-start|p1b: Primarina|perish3\n|upkeep\n|\n|t:|1788302063\n|switch|p1a: Incineroar|Incineroar, L50, M|100/100\n|-ability|p1a: Incineroar|Intimidate|boost\n|-unboost|p2a: OG Claw|atk|1\n|-unboost|p2b: Pevin Purant|atk|1\n|turn|3\n|\n|t:|1788302109\n|move|p2b: Pevin Purant|Protect|p2b: Pevin Purant\n|-singleturn|p2b: Pevin Purant|Protect\n|move|p1a: Incineroar|Protect|p1a: Incineroar\n|-singleturn|p1a: Incineroar|Protect\n|move|p1b: Primarina|Protect|p1b: Primarina\n|-singleturn|p1b: Primarina|Protect\n|move|p2a: OG Claw|Low Kick|p1a: Incineroar\n|-activate|p1a: Incineroar|move: Protect\n|\n|-heal|p1b: Primarina|49/100|[from] item: Leftovers\n|-start|p2a: OG Claw|perish2\n|-start|p2b: Pevin Purant|perish2\n|-start|p1b: Primarina|perish2\n|upkeep\n|turn|4\n|\n|t:|1788302140\n|move|p2a: OG Claw|Low Kick|p1a: Incineroar\n|-supereffective|p1a: Incineroar|1\n|-damage|p1a: Incineroar|71/100\n|move|p2b: Pevin Purant|Earthquake|p1b: Primarina|[spread] p2a,p1a,p1b\n|-supereffective|p1a: Incineroar|1\n|-crit|p1b: Primarina\n|-damage|p2a: OG Claw|42/100\n|-damage|p1a: Incineroar|19/100\n|-damage|p1b: Primarina|0 fnt\n|-enditem|p1a: Incineroar|Sitrus Berry|[eat]\n|-heal|p1a: Incineroar|44/100|[from] item: Sitrus Berry\n|faint|p1b: Primarina\n|move|p1a: Incineroar|Throat Chop|p2b: Pevin Purant\n|-damage|p2b: Pevin Purant|0 fnt\n|faint|p2b: Pevin Purant\n|\n|-start|p2a: OG Claw|perish1\n|upkeep\n|turn|5\n|\n|t:|1788302156\n|move|p1a: Incineroar|Protect|p1a: Incineroar\n|-singleturn|p1a: Incineroar|Protect\n|move|p2a: OG Claw|Low Kick|p1a: Incineroar\n|-activate|p1a: Incineroar|move: Protect\n|\n|-start|p2a: OG Claw|perish0\n|faint|p2a: OG Claw\n|\n|win|HondourPoker\n|c|☆HondourPoker|GGs\n|c|☆triplemz1125|ggs\n","uploadtime":1788302168,"views":"1","formatid":"gen9championsvgc2026regmb","rating":null,"private":0,"password":null}