{"id":"gen9championsvgc2026regmb-2674688242","format":"[Gen 9 Champions] VGC 2026 Reg M-B","players":["StimolNait","Quaaloods"],"log":"|j|☆StimolNait\n|j|☆Quaaloods\n|t:|1788390739\n|gametype|doubles\n|player|p1|StimolNait|169|1116\n|player|p2|Quaaloods|petrel|1183\n|gen|9\n|tier|[Gen 9 Champions] VGC 2026 Reg M-B\n|rated|\n|rule|Species Clause: Limit one of each Pokémon\n|rule|Item Clause: Limit 1 of each item\n|clearpoke\n|poke|p1|Froslass, L50, F|\n|poke|p1|Sneasler, L50, M|\n|poke|p1|Lycanroc-Dusk, L50, M|\n|poke|p1|Basculegion, L50, M|\n|poke|p1|Kingambit, L50, F|\n|poke|p1|Scovillain, L50, F|\n|poke|p2|Ceruledge, L50, M|\n|poke|p2|Farigiraf, L50, F|\n|poke|p2|Sinistcha, L50|\n|poke|p2|Floette-Eternal, L50, F|\n|poke|p2|Incineroar, L50, M|\n|poke|p2|Golurk, L50|\n|teampreview|4\n|\n|t:|1788390788\n|teamsize|p1|4\n|teamsize|p2|4\n|start\n|switch|p1a: Kingambit|Kingambit, L50, F|100/100\n|switch|p1b: Lycanroc|Lycanroc-Dusk, L50, M|100/100\n|switch|p2a: Deus Vult|Ceruledge, L50, M|100/100\n|switch|p2b: Télétubbies|Farigiraf, L50, F|100/100\n|turn|1\n|\n|t:|1788390813\n|move|p2b: Télétubbies|Helping Hand|p2a: Deus Vult\n|-singleturn|p2a: Deus Vult|Helping Hand|[of] p2b: Télétubbies\n|move|p1b: Lycanroc|Rock Slide|p2a: Deus Vult|[spread] p2a,p2b\n|-supereffective|p2a: Deus Vult|1\n|-damage|p2a: Deus Vult|8/100\n|-damage|p2b: Télétubbies|77/100\n|move|p2a: Deus Vult|Close Combat|p1a: Kingambit\n|-supereffective|p1a: Kingambit|2\n|-damage|p1a: Kingambit|0 fnt\n|-unboost|p2a: Deus Vult|def|1\n|-unboost|p2a: Deus Vult|spd|1\n|faint|p1a: Kingambit\n|\n|upkeep\n|\n|t:|1788390832\n|switch|p1a: Froslass|Froslass, L50, F|100/100\n|turn|2\n|\n|t:|1788390856\n|detailschange|p1a: Froslass|Froslass-Mega, L50, F\n|-mega|p1a: Froslass|Froslass|Froslassite\n|-weather|Snowscape|[from] ability: Snow Warning|[of] p1a: Froslass\n|move|p2a: Deus Vult|Shadow Sneak|p1b: Lycanroc\n|-damage|p1b: Lycanroc|61/100\n|move|p1a: Froslass|Aurora Veil|p1a: Froslass\n|-sidestart|p1: StimolNait|move: Aurora Veil\n|move|p1b: Lycanroc|Rock Slide|p2a: Deus Vult|[spread] p2a,p2b\n|-supereffective|p2a: Deus Vult|1\n|-damage|p2a: Deus Vult|0 fnt\n|-damage|p2b: Télétubbies|55/100\n|faint|p2a: Deus Vult\n|move|p2b: Télétubbies|Trick Room|p2b: Télétubbies\n|-fieldstart|move: Trick Room|[of] p2b: Télétubbies\n|\n|-weather|Snowscape|[upkeep]\n|upkeep\n|\n|t:|1788390873\n|switch|p2a: Tomorrowland|Golurk, L50|100/100\n|turn|3\n|\n|t:|1788390912\n|detailschange|p2a: Tomorrowland|Golurk-Mega, L50\n|-mega|p2a: Tomorrowland|Golurk|Golurkite\n|move|p2b: Télétubbies|Helping Hand|p2a: Tomorrowland\n|-singleturn|p2a: Tomorrowland|Helping Hand|[of] p2b: Télétubbies\n|move|p2a: Tomorrowland|Poltergeist|p1a: Froslass\n|-activate|p1a: Froslass|move: Poltergeist|Froslassite\n|-supereffective|p1a: Froslass|1\n|-damage|p1a: Froslass|0 fnt\n|faint|p1a: Froslass\n|move|p1b: Lycanroc|Close Combat|p2b: Télétubbies\n|-damage|p2b: Télétubbies|11/100\n|-unboost|p1b: Lycanroc|def|1\n|-unboost|p1b: Lycanroc|spd|1\n|-enditem|p2b: Télétubbies|Sitrus Berry|[eat]\n|-heal|p2b: Télétubbies|36/100|[from] item: Sitrus Berry\n|\n|-weather|Snowscape|[upkeep]\n|upkeep\n|\n|t:|1788390926\n|switch|p1a: Sneasler|Sneasler, L50, M|100/100\n|turn|4\n|\n|t:|1788390949\n|move|p2a: Tomorrowland|Headlong Rush|p1b: Lycanroc\n|-supereffective|p1b: Lycanroc|1\n|-damage|p1b: Lycanroc|0 fnt\n|-unboost|p2a: Tomorrowland|def|1\n|-unboost|p2a: Tomorrowland|spd|1\n|faint|p1b: Lycanroc\n|move|p2b: Télétubbies|Psychic Noise|p1a: Sneasler\n|-supereffective|p1a: Sneasler|2\n|-damage|p1a: Sneasler|6/100\n|-start|p1a: Sneasler|move: Heal Block\n|move|p1a: Sneasler|Gunk Shot|p2b: Télétubbies\n|-damage|p2b: Télétubbies|0 fnt\n|faint|p2b: Télétubbies\n|\n|-weather|Snowscape|[upkeep]\n|upkeep\n|\n|t:|1788390961\n|switch|p2b: Incineroar|Incineroar, L50, M|100/100\n|-ability|p2b: Incineroar|Intimidate|boost\n|-unboost|p1a: Sneasler|atk|1\n|-enditem|p1a: Sneasler|White Herb\n|-clearnegativeboost|p1a: Sneasler|[silent]\n|turn|5\n|\n|t:|1788390968\n|move|p1a: Sneasler|Protect|p1a: Sneasler\n|-singleturn|p1a: Sneasler|Protect\n|move|p2a: Tomorrowland|Headlong Rush|p1a: Sneasler\n|-supereffective|p1a: Sneasler|1\n|-ability|p2a: Tomorrowland|Unseen Fist\n|-zbroken|p1a: Sneasler\n|-damage|p1a: Sneasler|0 fnt\n|-unboost|p2a: Tomorrowland|def|1\n|-unboost|p2a: Tomorrowland|spd|1\n|faint|p1a: Sneasler\n|\n|win|Quaaloods\n|raw|StimolNait's rating: 1116 &rarr; <strong>1096</strong><br />(-20 for losing)\n|raw|Quaaloods's rating: 1183 &rarr; <strong>1203</strong><br />(+20 for winning)\n|l|☆StimolNait\n|player|p1|\n","uploadtime":1788391478,"views":"0","formatid":"gen9championsvgc2026regmb","rating":1096,"private":0,"password":null}