{"id":"gen9championsvgc2026regmb-2674118531","format":"[Gen 9 Champions] VGC 2026 Reg M-B","players":["jarretallen","Tindall67"],"log":"|j|☆jarretallen\n|j|☆Tindall67\n|t:|1788301794\n|gametype|doubles\n|player|p1|jarretallen|hoopster|1345\n|player|p2|Tindall67|concordia|1343\n|gen|9\n|tier|[Gen 9 Champions] VGC 2026 Reg M-B\n|rated|\n|rule|Species Clause: Limit one of each Pokémon\n|rule|Item Clause: Limit 1 of each item\n|clearpoke\n|poke|p1|Delphox, L50, F|\n|poke|p1|Staraptor, L50, F|\n|poke|p1|Whimsicott, L50, F|\n|poke|p1|Glimmora, L50, F|\n|poke|p1|Kingambit, L50, F|\n|poke|p1|Garchomp, L50, M|\n|poke|p2|Greninja, L50, F|\n|poke|p2|Sneasler, L50, F|\n|poke|p2|Whimsicott, L50, M|\n|poke|p2|Tyranitar, L50, M|\n|poke|p2|Excadrill, L50, M|\n|poke|p2|Kingambit, L50, F|\n|teampreview|4\n|inactive|Battle timer is ON: inactive players will automatically lose when time's up. (requested by Tindall67)\n|\n|t:|1788301835\n|teamsize|p1|4\n|teamsize|p2|4\n|start\n|switch|p1a: Staraptor|Staraptor, L50, F|100/100\n|switch|p1b: Whimsicott|Whimsicott, L50, F|100/100\n|switch|p2a: Whimsicott|Whimsicott, L50, M|100/100\n|switch|p2b: Greninja|Greninja, L50, F|100/100\n|-ability|p1a: Staraptor|Intimidate|boost\n|-unboost|p2a: Whimsicott|atk|1\n|-unboost|p2b: Greninja|atk|1\n|turn|1\n|inactive|Tindall67 has 30 seconds left.\n|\n|t:|1788301861\n|detailschange|p1a: Staraptor|Staraptor-Mega, L50, F\n|-mega|p1a: Staraptor|Staraptor|Staraptite\n|move|p2b: Greninja|Protect|p2b: Greninja\n|-start|p2b: Greninja|typechange|Normal|[from] ability: Protean\n|-singleturn|p2b: Greninja|Protect\n|move|p1a: Staraptor|Protect|p1a: Staraptor\n|-singleturn|p1a: Staraptor|Protect\n|move|p1b: Whimsicott|Tailwind|p1b: Whimsicott\n|-sidestart|p1: jarretallen|move: Tailwind\n|move|p2a: Whimsicott|Tailwind|p2a: Whimsicott\n|-sidestart|p2: Tindall67|move: Tailwind\n|\n|upkeep\n|turn|2\n|inactive|Tindall67 has 30 seconds left.\n|\n|t:|1788301890\n|detailschange|p2b: Greninja|Greninja-Mega, L50, F\n|-mega|p2b: Greninja|Greninja|Greninjite\n|move|p2a: Whimsicott|Encore|p1a: Staraptor\n|-start|p1a: Staraptor|Encore\n|move|p1a: Staraptor|Protect||[still]\n|-fail|p1a: Staraptor\n|move|p1b: Whimsicott|Light Screen|p1b: Whimsicott\n|-sidestart|p1: jarretallen|move: Light Screen\n|move|p2b: Greninja|Gunk Shot|p1b: Whimsicott\n|-start|p2b: Greninja|typechange|Poison|[from] ability: Protean\n|-supereffective|p1b: Whimsicott|2\n|-damage|p1b: Whimsicott|0 fnt\n|faint|p1b: Whimsicott\n|\n|upkeep\n|\n|t:|1788301902\n|switch|p1b: Garchomp|Garchomp, L50, M|100/100\n|turn|3\n|\n|t:|1788301914\n|move|p1a: Staraptor|Protect|p1a: Staraptor\n|-singleturn|p1a: Staraptor|Protect\n|move|p2b: Greninja|Ice Punch|p1b: Garchomp\n|-supereffective|p1b: Garchomp|2\n|-damage|p1b: Garchomp|27/100\n|-damage|p2b: Greninja|87/100|[from] ability: Rough Skin|[of] p1b: Garchomp\n|move|p2a: Whimsicott|Moonblast|p1b: Garchomp\n|-supereffective|p1b: Garchomp|1\n|-damage|p1b: Garchomp|0 fnt\n|faint|p1b: Garchomp\n|\n|upkeep\n|\n|t:|1788301923\n|switch|p1b: Glimmora|Glimmora, L50, F|100/100\n|turn|4\n|\n|t:|1788301935\n|move|p1a: Staraptor|Protect|p1a: Staraptor\n|-singleturn|p1a: Staraptor|Protect\n|move|p2b: Greninja|Ice Punch|p1a: Staraptor\n|-activate|p1a: Staraptor|move: Protect\n|move|p2a: Whimsicott|Moonblast|p1a: Staraptor\n|-activate|p1a: Staraptor|move: Protect\n|move|p1b: Glimmora|Sludge Wave|p2a: Whimsicott|[spread] p2a,p2b\n|-activate|p1a: Staraptor|move: Protect\n|-supereffective|p2a: Whimsicott|2\n|-resisted|p2b: Greninja|1\n|-enditem|p2a: Whimsicott|Focus Sash\n|-damage|p2a: Whimsicott|1/100\n|-damage|p2b: Greninja|63/100\n|\n|-end|p1a: Staraptor|Encore\n|-sideend|p2: Tindall67|move: Tailwind\n|-sideend|p1: jarretallen|move: Tailwind\n|upkeep\n|turn|5\n|\n|t:|1788301959\n|switch|p2b: Excadrill|Excadrill, L50, M|100/100\n|move|p2a: Whimsicott|Encore|p1a: Staraptor\n|-start|p1a: Staraptor|Encore\n|move|p1a: Staraptor|Protect||[still]\n|-fail|p1a: Staraptor\n|move|p1b: Glimmora|Sludge Wave|p2b: Excadrill|[spread] p1a,p2a\n|-immune|p2b: Excadrill\n|-supereffective|p2a: Whimsicott|2\n|-damage|p1a: Staraptor|73/100\n|-damage|p2a: Whimsicott|0 fnt\n|faint|p2a: Whimsicott\n|\n|upkeep\n|\n|t:|1788301966\n|switch|p2a: Tyranitar|Tyranitar, L50, M|100/100\n|-weather|Sandstorm|[from] ability: Sand Stream|[of] p2a: Tyranitar\n|turn|6\n|\n|t:|1788301984\n|move|p2b: Excadrill|Protect|p2b: Excadrill\n|-singleturn|p2b: Excadrill|Protect\n|move|p1a: Staraptor|Protect|p1a: Staraptor\n|-singleturn|p1a: Staraptor|Protect\n|move|p1b: Glimmora|Spiky Shield|p1b: Glimmora\n|-singleturn|p1b: Glimmora|move: Protect\n|move|p2a: Tyranitar|Rock Slide|p1b: Glimmora|[spread] \n|-activate|p1a: Staraptor|move: Protect\n|-activate|p1b: Glimmora|move: Protect\n|\n|-weather|Sandstorm|[upkeep]\n|-damage|p1a: Staraptor|67/100|[from] Sandstorm\n|-sideend|p1: jarretallen|move: Light Screen\n|upkeep\n|turn|7\n|\n|t:|1788302000\n|move|p1a: Staraptor|Protect||[still]\n|-fail|p1a: Staraptor\n|move|p2b: Excadrill|Rock Slide|p1a: Staraptor|[spread] p1a,p1b\n|-damage|p1a: Staraptor|39/100\n|-damage|p1b: Glimmora|67/100\n|-activate|p1b: Glimmora|ability: Toxic Debris\n|-sidestart|p2: Tindall67|move: Toxic Spikes\n|-damage|p2b: Excadrill|90/100|[from] item: Life Orb\n|move|p1b: Glimmora|Earth Power|p2b: Excadrill\n|-supereffective|p2b: Excadrill|1\n|-damage|p2b: Excadrill|1/100\n|move|p2a: Tyranitar|Rock Slide|p1b: Glimmora|[spread] p1a,p1b\n|-damage|p1a: Staraptor|10/100\n|-damage|p1b: Glimmora|35/100\n|-activate|p1b: Glimmora|ability: Toxic Debris\n|-sidestart|p2: Tindall67|move: Toxic Spikes\n|\n|-weather|Sandstorm|[upkeep]\n|-damage|p1a: Staraptor|4/100|[from] Sandstorm\n|-end|p1a: Staraptor|Encore\n|upkeep\n|turn|8\n|\n|t:|1788302024\n|move|p2b: Excadrill|Iron Head|p1b: Glimmora\n|-supereffective|p1b: Glimmora|1\n|-damage|p1b: Glimmora|0 fnt\n|faint|p1b: Glimmora\n|-damage|p2b: Excadrill|0 fnt|[from] item: Life Orb\n|faint|p2b: Excadrill\n|move|p1a: Staraptor|Roost|p1a: Staraptor\n|-heal|p1a: Staraptor|55/100\n|-singleturn|p1a: Staraptor|move: Roost\n|move|p2a: Tyranitar|Rock Slide|p1a: Staraptor\n|-resisted|p1a: Staraptor|1\n|-damage|p1a: Staraptor|38/100\n|\n|-weather|Sandstorm|[upkeep]\n|-damage|p1a: Staraptor|32/100|[from] Sandstorm\n|upkeep\n|\n|t:|1788302031\n|switch|p2b: Greninja|Greninja-Mega, L50, F|63/100\n|-status|p2b: Greninja|tox\n|turn|9\n|\n|t:|1788302038\n|move|p2b: Greninja|Ice Punch|p1a: Staraptor\n|-start|p2b: Greninja|typechange|Ice|[from] ability: Protean\n|-supereffective|p1a: Staraptor|1\n|-damage|p1a: Staraptor|0 fnt\n|faint|p1a: Staraptor\n|\n|win|Tindall67\n|raw|jarretallen's rating: 1345 &rarr; <strong>1325</strong><br />(-20 for losing)\n|raw|Tindall67's rating: 1343 &rarr; <strong>1363</strong><br />(+20 for winning)\n|c|☆Tindall67|gg\n|l|☆jarretallen\n|player|p1|\n","uploadtime":1788302103,"views":"4","formatid":"gen9championsvgc2026regmb","rating":1325,"private":0,"password":null}