{"id":"gen9championsvgc2026regmb-2674420421","format":"[Gen 9 Champions] VGC 2026 Reg M-B","players":["prisonbreakzzz","lucienflash"],"log":"|j|☆prisonbreakzzz\n|j|☆lucienflash\n|html|<table width=\"100%\"><tr><td align=\"left\">prisonbreakzzz</td><td align=\"right\">lucienflash</tr><tr><td align=\"left\"><i class=\"fa fa-circle-o\"></i> <i class=\"fa fa-circle-o\"></i> </td><td align=\"right\"><i class=\"fa fa-circle-o\"></i> <i class=\"fa fa-circle-o\"></i> </tr></table>\n|uhtml|bestof|<h2><strong>Game 1</strong> of <a href=\"/game-bestof3-gen9championsvgc2026regmb-2674420420\">a best-of-3</a></h2>\n|t:|1788357668\n|gametype|doubles\n|player|p1|prisonbreakzzz|bruno|\n|player|p2|lucienflash|101|\n|gen|9\n|tier|[Gen 9 Champions] VGC 2026 Reg M-B\n|rule|Species Clause: Limit one of each Pokémon\n|rule|Item Clause: Limit 1 of each item\n|raw|<div class=\"infobox\"><details class=\"readmore\" open><summary><strong>1 custom rule:</strong></summary> Best of = 3</details></div>\n|clearpoke\n|poke|p1|Delphox, L50, M|\n|poke|p1|Swampert, L50, M|\n|poke|p1|Floette-Eternal, L50, F|\n|poke|p1|Kangaskhan, L50, F|\n|poke|p1|Noivern, L50, F|\n|poke|p1|Scrafty, L50, F|\n|poke|p2|Torkoal, L50, F|\n|poke|p2|Sinistcha-Masterpiece, L50|\n|poke|p2|Snorlax, L50, F|\n|poke|p2|Sharpedo, L50, M|\n|poke|p2|Leafeon, L50, F|\n|poke|p2|Sableye, L50, F|\n|teampreview|4\nlucienflash rejected open team sheets.\n|c|☆prisonbreakzzz|gl hf\n|c|☆lucienflash|Glhf\n|l|☆lucienflash\n|player|p2|\n|j|☆lucienflash\n|player|p2|lucienflash|101|\n|j| k3ksmann\n|inactive|Battle timer is ON: inactive players will automatically lose when time's up. (requested by lucienflash)\n|\n|t:|1788357726\n|teamsize|p1|4\n|teamsize|p2|4\n|start\n|switch|p1a: Delphox|Delphox, L50, M|100/100\n|switch|p1b: Kangaskhan|Kangaskhan, L50, F|100/100\n|switch|p2a: Sharpedo|Sharpedo, L50, M|100/100\n|switch|p2b: Leafeon|Leafeon, L50, F|100/100\n|turn|1\n|\n|t:|1788357746\n|detailschange|p1a: Delphox|Delphox-Mega, L50, M\n|-mega|p1a: Delphox|Delphox|Delphoxite\n|move|p2a: Sharpedo|Protect|p2a: Sharpedo\n|-singleturn|p2a: Sharpedo|Protect\n|move|p2b: Leafeon|Protect|p2b: Leafeon\n|-singleturn|p2b: Leafeon|Protect\n|move|p1b: Kangaskhan|Fake Out|p2a: Sharpedo\n|-activate|p2a: Sharpedo|move: Protect\n|move|p1a: Delphox|Nasty Plot|p1a: Delphox\n|-boost|p1a: Delphox|spa|2\n|\n|-ability|p2a: Sharpedo|Speed Boost|boost\n|-boost|p2a: Sharpedo|spe|1\n|upkeep\n|turn|2\n|\n|t:|1788357769\n|detailschange|p2a: Sharpedo|Sharpedo-Mega, L50, M\n|-mega|p2a: Sharpedo|Sharpedo|Sharpedonite\n|move|p1a: Delphox|Protect|p1a: Delphox\n|-singleturn|p1a: Delphox|Protect\n|move|p2a: Sharpedo|Liquidation|p1a: Delphox\n|-activate|p1a: Delphox|move: Protect\n|move|p2b: Leafeon|Swords Dance|p2b: Leafeon\n|-boost|p2b: Leafeon|atk|2\n|move|p1b: Kangaskhan|Drain Punch|p2a: Sharpedo\n|-supereffective|p2a: Sharpedo|1\n|-damage|p2a: Sharpedo|27/100\n|\n|upkeep\n|turn|3\n|\n|t:|1788357784\n|switch|p1a: Scrafty|Scrafty, L50, F|100/100\n|-ability|p1a: Scrafty|Intimidate|boost\n|-unboost|p2a: Sharpedo|atk|1\n|-unboost|p2b: Leafeon|atk|1\n|move|p2a: Sharpedo|Liquidation|p1a: Scrafty\n|-damage|p1a: Scrafty|70/100\n|move|p2b: Leafeon|Knock Off|p1b: Kangaskhan\n|-damage|p1b: Kangaskhan|35/100\n|-enditem|p1b: Kangaskhan|Lum Berry|[from] move: Knock Off|[of] p2b: Leafeon\n|-damage|p2b: Leafeon|90/100|[from] item: Life Orb\n|move|p1b: Kangaskhan|Drain Punch|p2a: Sharpedo\n|-supereffective|p2a: Sharpedo|1\n|-damage|p2a: Sharpedo|0 fnt\n|-heal|p1b: Kangaskhan|46/100|[from] drain|[of] p2a: Sharpedo\n|faint|p2a: Sharpedo\n|\n|upkeep\n|\n|t:|1788357805\n|switch|p2a: Sinistcha|Sinistcha-Masterpiece, L50|100/100\n|-heal|p2b: Leafeon|100/100|[from] ability: Hospitality|[of] p2a: Sinistcha\n|turn|4\n|inactive|prisonbreakzzz has 30 seconds left.\n|\n|t:|1788357841\n|move|p2b: Leafeon|Knock Off|p1b: Kangaskhan\n|-damage|p1b: Kangaskhan|1/100\n|-damage|p2b: Leafeon|90/100|[from] item: Life Orb\n|move|p1b: Kangaskhan|Ice Punch|p2a: Sinistcha\n|-supereffective|p2a: Sinistcha|1\n|-damage|p2a: Sinistcha|58/100\n|move|p2a: Sinistcha|Matcha Gotcha|p1b: Kangaskhan|[spread] p1a,p1b\n|-damage|p1a: Scrafty|41/100\n|-heal|p2a: Sinistcha|72/100|[from] drain|[of] p1a: Scrafty\n|-damage|p1b: Kangaskhan|0 fnt\n|-heal|p2a: Sinistcha|73/100|[from] drain|[of] p1b: Kangaskhan\n|faint|p1b: Kangaskhan\n|move|p1a: Scrafty|Knock Off|p2a: Sinistcha\n|-supereffective|p2a: Sinistcha|1\n|-damage|p2a: Sinistcha|0 fnt\n|-enditem|p2a: Sinistcha|Focus Sash|[from] move: Knock Off|[of] p1a: Scrafty\n|faint|p2a: Sinistcha\n|\n|upkeep\n|\n|t:|1788357858\n|switch|p1b: Delphox|Delphox-Mega, L50, M|100/100\n|switch|p2a: Torkoal|Torkoal, L50, F|100/100\n|-weather|SunnyDay|[from] ability: Drought|[of] p2a: Torkoal\n|turn|5\n|\n|t:|1788357875\n|move|p2b: Leafeon|Protect|p2b: Leafeon\n|-singleturn|p2b: Leafeon|Protect\n|move|p1b: Delphox|Heat Wave|p2a: Torkoal|[spread] p2a\n|-activate|p2b: Leafeon|move: Protect\n|-resisted|p2a: Torkoal|1\n|-damage|p2a: Torkoal|57/100\n|move|p1a: Scrafty|Knock Off|p2a: Torkoal\n|-damage|p2a: Torkoal|27/100\n|-enditem|p2a: Torkoal|Charcoal|[from] move: Knock Off|[of] p1a: Scrafty\n|move|p2a: Torkoal|Eruption|p1a: Scrafty|[spread] p1a,p1b\n|-resisted|p1b: Delphox|1\n|-damage|p1a: Scrafty|25/100\n|-damage|p1b: Delphox|92/100\n|\n|-weather|SunnyDay|[upkeep]\n|upkeep\n|turn|6\n|inactive|prisonbreakzzz has 30 seconds left.\n|\n|t:|1788357901\n|move|p1b: Delphox|Protect|p1b: Delphox\n|-singleturn|p1b: Delphox|Protect\n|move|p2b: Leafeon|Knock Off|p1b: Delphox\n|-activate|p1b: Delphox|move: Protect\n|move|p1a: Scrafty|Knock Off|p2b: Leafeon\n|-crit|p2b: Leafeon\n|-damage|p2b: Leafeon|26/100\n|-enditem|p2b: Leafeon|Life Orb|[from] move: Knock Off|[of] p1a: Scrafty\n|move|p2a: Torkoal|Earth Power|p1a: Scrafty\n|-damage|p1a: Scrafty|3/100\n|\n|-weather|SunnyDay|[upkeep]\n|upkeep\n|turn|7\n|\n|t:|1788357919\n|move|p2b: Leafeon|Knock Off|p1b: Delphox\n|-supereffective|p1b: Delphox|1\n|-damage|p1b: Delphox|20/100r\n|move|p1b: Delphox|Heat Wave|p2a: Torkoal|[spread] p2a,p2b\n|-resisted|p2a: Torkoal|1\n|-supereffective|p2b: Leafeon|1\n|-damage|p2a: Torkoal|0 fnt\n|-damage|p2b: Leafeon|0 fnt\n|faint|p2a: Torkoal\n|faint|p2b: Leafeon\n|\n|win|prisonbreakzzz\n||prisonbreakzzz is ready for game 2.\n||lucienflash is ready for game 2.\n|uhtml|next|Next: <a href=\"/battle-gen9championsvgc2026regmb-2674422488\"><strong>Game 2 of 3</strong></a>\n|l|☆lucienflash\n|player|p2|\n","uploadtime":1788358149,"views":"28","formatid":"gen9championsvgc2026regmb","rating":null,"private":0,"password":null}