{"id":"gen9championsvgc2026regmb-2674379688","format":"[Gen 9 Champions] VGC 2026 Reg M-B","players":["Pure Vessel 72","shadowgames2800"],"log":"|j|☆Pure Vessel 72\n|j|‽shadowgames2800\n|t:|1788351988\n|gametype|doubles\n|player|p1|Pure Vessel 72|1|1182\n|player|p2|shadowgames2800|1|1291\n|gen|9\n|tier|[Gen 9 Champions] VGC 2026 Reg M-B\n|rated|\n|rule|Species Clause: Limit one of each Pokémon\n|rule|Item Clause: Limit 1 of each item\n|clearpoke\n|poke|p1|Charizard, L50, F, shiny|\n|poke|p1|Tyranitar, L50, F, shiny|\n|poke|p1|Excadrill, L50, M|\n|poke|p1|Blastoise, L50, F, shiny|\n|poke|p1|Maushold-Four, L50, shiny|\n|poke|p1|Annihilape, L50, M, shiny|\n|poke|p2|Excadrill, L50, F|\n|poke|p2|Incineroar, L50, F|\n|poke|p2|Sinistcha, L50|\n|poke|p2|Whimsicott, L50, M|\n|poke|p2|Dragonite, L50, M|\n|poke|p2|Rotom-Wash, L50|\n|teampreview|4\n|inactive|Battle timer is ON: inactive players will automatically lose when time's up. (requested by Pure Vessel 72)\n|inactive|shadowgames2800 has 60 seconds left.\n|\n|t:|1788352045\n|teamsize|p1|4\n|teamsize|p2|4\n|start\n|switch|p1a: Blastoise|Blastoise, L50, F, shiny|100/100\n|switch|p1b: Maushold|Maushold-Four, L50, shiny|100/100\n|switch|p2a: Excadrill|Excadrill, L50, F|100/100\n|switch|p2b: Whimsicott|Whimsicott, L50, M|100/100\n|turn|1\n|inactive|shadowgames2800 has 30 seconds left.\n|\n|t:|1788352076\n|detailschange|p2a: Excadrill|Excadrill-Mega, L50, F\n|-mega|p2a: Excadrill|Excadrill|Excadrite\n|move|p1b: Maushold|Follow Me|p1b: Maushold\n|-singleturn|p1b: Maushold|move: Follow Me\n|move|p2b: Whimsicott|Moonblast|p1b: Maushold\n|-crit|p1b: Maushold\n|-damage|p1b: Maushold|46/100\n|move|p2a: Excadrill|Rock Slide|p1a: Blastoise|[spread] p1a,p1b\n|-damage|p1a: Blastoise|83/100\n|-damage|p1b: Maushold|22/100\n|cant|p1a: Blastoise|flinch\n|\n|-heal|p1b: Maushold|28/100|[from] item: Leftovers\n|upkeep\n|turn|2\n|\n|t:|1788352092\n|move|p1b: Maushold|Follow Me|p1b: Maushold\n|-singleturn|p1b: Maushold|move: Follow Me\n|move|p2b: Whimsicott|Moonblast|p1b: Maushold\n|-damage|p1b: Maushold|0 fnt\n|faint|p1b: Maushold\n|move|p2a: Excadrill|High Horsepower|p1a: Blastoise\n|-damage|p1a: Blastoise|30/100\n|move|p1a: Blastoise|Shell Smash|p1a: Blastoise\n|-unboost|p1a: Blastoise|def|1\n|-unboost|p1a: Blastoise|spd|1\n|-boost|p1a: Blastoise|atk|2\n|-boost|p1a: Blastoise|spa|2\n|-boost|p1a: Blastoise|spe|2\n|\n|upkeep\n|\n|t:|1788352104\n|switch|p1b: Annihilape|Annihilape, L50, M, shiny|100/100\n|turn|3\n|\n|t:|1788352118\n|move|p2a: Excadrill|Protect|p2a: Excadrill\n|-singleturn|p2a: Excadrill|Protect\n|move|p2b: Whimsicott|Encore|p1a: Blastoise\n|-start|p1a: Blastoise|Encore\n|move|p1a: Blastoise|Shell Smash|p1a: Blastoise\n|-unboost|p1a: Blastoise|def|1\n|-unboost|p1a: Blastoise|spd|1\n|-boost|p1a: Blastoise|atk|2\n|-boost|p1a: Blastoise|spa|2\n|-boost|p1a: Blastoise|spe|2\n|move|p1b: Annihilape|Bulk Up|p1b: Annihilape\n|-boost|p1b: Annihilape|atk|1\n|-boost|p1b: Annihilape|def|1\n|\n|upkeep\n|turn|4\n|\n|t:|1788352138\n|move|p2b: Whimsicott|Encore|p1b: Annihilape\n|-start|p1b: Annihilape|Encore\n|move|p1a: Blastoise|Shell Smash|p1a: Blastoise\n|-unboost|p1a: Blastoise|def|1\n|-unboost|p1a: Blastoise|spd|1\n|-boost|p1a: Blastoise|atk|2\n|-boost|p1a: Blastoise|spa|2\n|-boost|p1a: Blastoise|spe|2\n|move|p2a: Excadrill|High Horsepower|p1b: Annihilape\n|-damage|p1b: Annihilape|66/100\n|move|p1b: Annihilape|Bulk Up|p1b: Annihilape\n|-boost|p1b: Annihilape|atk|1\n|-boost|p1b: Annihilape|def|1\n|\n|upkeep\n|turn|5\n|\n|t:|1788352160\n|move|p1a: Blastoise|Shell Smash|p1a: Blastoise\n|-unboost|p1a: Blastoise|def|1\n|-unboost|p1a: Blastoise|spd|1\n|-boost|p1a: Blastoise|atk|0\n|-boost|p1a: Blastoise|spa|0\n|-boost|p1a: Blastoise|spe|0\n|move|p2b: Whimsicott|Moonblast|p1b: Annihilape\n|-supereffective|p1b: Annihilape|1\n|-damage|p1b: Annihilape|4/100\n|-unboost|p1b: Annihilape|spa|1\n|-ability|p1b: Annihilape|Defiant|boost\n|-boost|p1b: Annihilape|atk|2\n|-enditem|p1b: Annihilape|Sitrus Berry|[eat]\n|-heal|p1b: Annihilape|29/100|[from] item: Sitrus Berry\n|move|p2a: Excadrill|High Horsepower|p1b: Annihilape\n|-damage|p1b: Annihilape|1/100\n|move|p1b: Annihilape|Bulk Up|p1b: Annihilape\n|-boost|p1b: Annihilape|atk|1\n|-boost|p1b: Annihilape|def|1\n|\n|-end|p1a: Blastoise|Encore\n|upkeep\n|turn|6\n|inactive|shadowgames2800 has 30 seconds left.\n|\n|t:|1788352186\n|detailschange|p1a: Blastoise|Blastoise-Mega, L50, F, shiny\n|-mega|p1a: Blastoise|Blastoise|Blastoisinite\n|move|p2b: Whimsicott|Encore|p1a: Blastoise\n|-start|p1a: Blastoise|Encore\n|move|p1a: Blastoise|Shell Smash|p1a: Blastoise\n|-unboost|p1a: Blastoise|def|1\n|-unboost|p1a: Blastoise|spd|1\n|-boost|p1a: Blastoise|atk|0\n|-boost|p1a: Blastoise|spa|0\n|-boost|p1a: Blastoise|spe|0\n|move|p2a: Excadrill|Iron Head|p1b: Annihilape\n|-damage|p1b: Annihilape|0 fnt\n|faint|p1b: Annihilape\n|\n|upkeep\n|\n|t:|1788352197\n|switch|p1b: Charizard|Charizard, L50, F, shiny|100/100\n|turn|7\n|\n|t:|1788352204\n|move|p2b: Whimsicott|Tailwind|p2b: Whimsicott\n|-sidestart|p2: shadowgames2800|move: Tailwind\n|move|p1a: Blastoise|Shell Smash|p1a: Blastoise\n|-unboost|p1a: Blastoise|def|1\n|-unboost|p1a: Blastoise|spd|1\n|-boost|p1a: Blastoise|atk|0\n|-boost|p1a: Blastoise|spa|0\n|-boost|p1a: Blastoise|spe|0\n|move|p2a: Excadrill|Rock Slide|p1a: Blastoise|[spread] p1a,p1b\n|-supereffective|p1b: Charizard|2\n|-damage|p1a: Blastoise|0 fnt\n|-damage|p1b: Charizard|0 fnt\n|faint|p1a: Blastoise\n|faint|p1b: Charizard\n|\n|win|shadowgames2800\n|raw|Pure Vessel 72's rating: 1182 &rarr; <strong>1165</strong><br />(-17 for losing)\n|raw|shadowgames2800's rating: 1291 &rarr; <strong>1308</strong><br />(+17 for winning)\n|l|☆Pure Vessel 72\n|player|p1|\n","uploadtime":1788352225,"views":"0","formatid":"gen9championsvgc2026regmb","rating":1165,"private":0,"password":null}