{"id":"gen9championsvgc2026regmb-2673856696","format":"[Gen 9 Champions] VGC 2026 Reg M-B","players":["Thornlace48812","sfghfdsfgg"],"log":"|j|☆Thornlace48812\n|j|☆sfghfdsfgg\n|t:|1788269241\n|gametype|doubles\n|player|p1|Thornlace48812|102|1141\n|player|p2|sfghfdsfgg|unknown|1230\n|gen|9\n|tier|[Gen 9 Champions] VGC 2026 Reg M-B\n|rated|\n|rule|Species Clause: Limit one of each Pokémon\n|rule|Item Clause: Limit 1 of each item\n|clearpoke\n|poke|p1|Garchomp, L50, M|\n|poke|p1|Charizard, L50, F|\n|poke|p1|Whimsicott, L50, M|\n|poke|p1|Sylveon, L50, F|\n|poke|p1|Kingambit, L50, M|\n|poke|p1|Basculegion, L50, M|\n|poke|p2|Dragalge, L50, M, shiny|\n|poke|p2|Pelipper, L50, M|\n|poke|p2|Archaludon, L50, M|\n|poke|p2|Sinistcha, L50|\n|poke|p2|Floette-Eternal, L50, F|\n|poke|p2|Sableye, L50, M|\n|teampreview|4\n|inactive|Battle timer is ON: inactive players will automatically lose when time's up. (requested by sfghfdsfgg)\n|inactive|Thornlace48812 also wants the timer to be on.\nThornlace48812 rejected open team sheets.\n|inactive|sfghfdsfgg has 60 seconds left.\n|\n|t:|1788269295\n|teamsize|p1|4\n|teamsize|p2|4\n|start\n|switch|p1a: Whimsicott|Whimsicott, L50, M|100/100\n|switch|p1b: Sylveon|Sylveon, L50, F|100/100\n|switch|p2a: Peli-Peli|Pelipper, L50, M|100/100\n|switch|p2b: Twin|Sableye, L50, M|100/100\n|-weather|RainDance|[from] ability: Drizzle|[of] p2a: Peli-Peli\n|turn|1\n|\n|t:|1788269307\n|move|p2b: Twin|Fake Out|p1b: Sylveon\n|-damage|p1b: Sylveon|89/100\n|move|p1a: Whimsicott|Moonblast|p2a: Peli-Peli\n|-crit|p2a: Peli-Peli\n|-damage|p2a: Peli-Peli|37/100\n|cant|p1b: Sylveon|flinch\n|move|p2a: Peli-Peli|Hurricane|p1a: Whimsicott\n|-supereffective|p1a: Whimsicott|1\n|-enditem|p1a: Whimsicott|Focus Sash\n|-damage|p1a: Whimsicott|1/100\n|-start|p1a: Whimsicott|confusion\n|\n|-weather|RainDance|[upkeep]\n|upkeep\n|turn|2\n|\n|t:|1788269323\n|switch|p2a: Don|Archaludon, L50, M|100/100\n|move|p2b: Twin|Will-O-Wisp|p1b: Sylveon\n|-status|p1b: Sylveon|brn\n|-activate|p1a: Whimsicott|confusion\n|move|p1a: Whimsicott|Moonblast|p2a: Don\n|-damage|p2a: Don|68/100\n|-ability|p2a: Don|Stamina|boost\n|-boost|p2a: Don|def|1\n|move|p1b: Sylveon|Hyper Voice|p2a: Don|[spread] p2a,p2b\n|-supereffective|p2b: Twin|1\n|-crit|p2b: Twin\n|-enditem|p2b: Twin|Roseli Berry|[eat]\n|-enditem|p2b: Twin|Roseli Berry|[weaken]\n|-damage|p2a: Don|24/100\n|-damage|p2b: Twin|11/100\n|-ability|p2a: Don|Stamina|boost\n|-boost|p2a: Don|def|1\n|\n|-weather|RainDance|[upkeep]\n|-heal|p2a: Don|30/100|[from] item: Leftovers\n|-damage|p1b: Sylveon|83/100 brn|[from] brn\n|upkeep\n|turn|3\n|\n|t:|1788269333\n|switch|p2b: Sin|Sinistcha, L50|100/100\n|-heal|p2a: Don|54/100|[from] ability: Hospitality|[of] p2b: Sin\n|move|p2a: Don|Protect|p2a: Don\n|-singleturn|p2a: Don|Protect\n|-activate|p1a: Whimsicott|confusion\n|-damage|p1a: Whimsicott|0 fnt|[from] confusion\n|faint|p1a: Whimsicott\n|move|p1b: Sylveon|Hyper Voice|p2a: Don|[spread] p2b\n|-activate|p2a: Don|move: Protect\n|-damage|p2b: Sin|51/100\n|\n|-weather|RainDance|[upkeep]\n|-heal|p2a: Don|60/100|[from] item: Leftovers\n|-damage|p1b: Sylveon|77/100 brn|[from] brn\n|upkeep\n|\n|t:|1788269333\n|switch|p1a: Charizard|Charizard, L50, F|100/100\n|turn|4\n|inactive|sfghfdsfgg has 30 seconds left.\n|\n|t:|1788269359\n|switch|p2a: Twin|Sableye, L50, M|11/100\n|detailschange|p1a: Charizard|Charizard-Mega-Y, L50, F\n|-mega|p1a: Charizard|Charizard|Charizardite Y\n|-weather|SunnyDay|[from] ability: Drought|[of] p1a: Charizard\n|move|p1a: Charizard|Heat Wave|p2b: Sin|[spread] p2b\n|-miss|p1a: Charizard|p2a: Twin\n|-supereffective|p2b: Sin|1\n|-damage|p2b: Sin|0 fnt\n|faint|p2b: Sin\n|move|p1b: Sylveon|Hyper Voice|p2a: Twin\n|-supereffective|p2a: Twin|1\n|-damage|p2a: Twin|0 fnt\n|faint|p2a: Twin\n|\n|-weather|SunnyDay|[upkeep]\n|-damage|p1b: Sylveon|71/100 brn|[from] brn\n|upkeep\n|\n|t:|1788269361\n|switch|p2b: Don|Archaludon, L50, M|60/100\n|switch|p2a: Peli-Peli|Pelipper, L50, M|37/100\n|-weather|RainDance|[from] ability: Drizzle|[of] p2a: Peli-Peli\n|turn|5\n|\n|t:|1788269374\n|move|p1a: Charizard|Ancient Power|p2a: Peli-Peli\n|-supereffective|p2a: Peli-Peli|1\n|-damage|p2a: Peli-Peli|0 fnt\n|faint|p2a: Peli-Peli\n|move|p2b: Don|Electro Shot||[still]\n|-prepare|p2b: Don|Electro Shot\n|-boost|p2b: Don|spa|1\n|-anim|p2b: Don|Electro Shot|p1b: Sylveon\n|-damage|p1b: Sylveon|31/100 brn\n|move|p1b: Sylveon|Hyper Voice|p2b: Don\n|-damage|p2b: Don|4/100\n|-ability|p2b: Don|Stamina|boost\n|-boost|p2b: Don|def|1\n|\n|-weather|RainDance|[upkeep]\n|-heal|p2b: Don|10/100|[from] item: Leftovers\n|-damage|p1b: Sylveon|25/100 brn|[from] brn\n|upkeep\n|turn|6\n|\n|t:|1788269381\n|switch|p1a: Basculegion|Basculegion, L50, M|100/100\n|move|p2b: Don|Protect|p2b: Don\n|-singleturn|p2b: Don|Protect\n|move|p1b: Sylveon|Hyper Voice|p2b: Don\n|-activate|p2b: Don|move: Protect\n|\n|-weather|RainDance|[upkeep]\n|-heal|p2b: Don|16/100|[from] item: Leftovers\n|-damage|p1b: Sylveon|19/100 brn|[from] brn\n|upkeep\n|turn|7\n|-message|sfghfdsfgg forfeited.\n|\n|win|Thornlace48812\n|raw|Thornlace48812's rating: 1093 &rarr; <strong>1129</strong><br />(+36 for winning)\n|raw|sfghfdsfgg's rating: 1230 &rarr; <strong>1196</strong><br />(-34 for losing)\n","uploadtime":1788269385,"views":"3","formatid":"gen9championsvgc2026regmb","rating":1129,"private":0,"password":null}