{"id":"gen9championsvgc2026regmb-2674237012","format":"[Gen 9 Champions] VGC 2026 Reg M-B","players":["ShrimpGun","Ame-no-tajikarao"],"log":"|j|☆ShrimpGun\n|j|☆Ame-no-tajikarao\n|t:|1788320651\n|gametype|doubles\n|player|p1|ShrimpGun|fisherman-gen4|1338\n|player|p2|Ame-no-tajikarao|leon|1445\n|gen|9\n|tier|[Gen 9 Champions] VGC 2026 Reg M-B\n|rated|\n|rule|Species Clause: Limit one of each Pokémon\n|rule|Item Clause: Limit 1 of each item\n|clearpoke\n|poke|p1|Staraptor, L50, M|\n|poke|p1|Farigiraf, L50, F, shiny|\n|poke|p1|Clawitzer, L50, F|\n|poke|p1|Arcanine-Hisui, L50, F|\n|poke|p1|Sylveon, L50, F|\n|poke|p1|Vivillon, L50, F|\n|poke|p2|Charizard, L50, M, shiny|\n|poke|p2|Sneasler, L50, M|\n|poke|p2|Farigiraf, L50, M|\n|poke|p2|Kingambit, L50, M|\n|poke|p2|Basculegion, L50, M|\n|poke|p2|Raichu, L50, M|\n|teampreview|4\n|inactive|Battle timer is ON: inactive players will automatically lose when time's up. (requested by ShrimpGun)\n|\n|t:|1788320683\n|teamsize|p1|4\n|teamsize|p2|4\n|start\n|switch|p1a: Vivillon|Vivillon, L50, F|100/100\n|switch|p1b: Farigiraf|Farigiraf, L50, F, shiny|100/100\n|switch|p2a: Raichu|Raichu, L50, M|100/100\n|switch|p2b: Kingambit|Kingambit, L50, M|100/100\n|turn|1\n|\n|t:|1788320695\n|detailschange|p2a: Raichu|Raichu-Mega-Y, L50, M\n|-mega|p2a: Raichu|Raichu|Raichunite Y\n|move|p1a: Vivillon|Sleep Powder|p2a: Raichu\n|-status|p2a: Raichu|slp|[from] move: Sleep Powder\n|cant|p2a: Raichu|slp\n|move|p1b: Farigiraf|Nasty Plot|p1b: Farigiraf\n|-boost|p1b: Farigiraf|spa|2\n|move|p2b: Kingambit|Kowtow Cleave|p1b: Farigiraf\n|-supereffective|p1b: Farigiraf|1\n|-crit|p1b: Farigiraf\n|-damage|p1b: Farigiraf|0 fnt\n|faint|p1b: Farigiraf\n|\n|upkeep\n|\n|t:|1788320709\n|switch|p1b: Clawitzer|Clawitzer, L50, F|100/100\n|turn|2\n|\n|t:|1788320715\n|move|p1a: Vivillon|Sleep Powder|p2b: Kingambit\n|-status|p2b: Kingambit|slp|[from] move: Sleep Powder\n|cant|p2a: Raichu|slp\n|move|p1b: Clawitzer|Water Pulse|p2a: Raichu\n|-damage|p2a: Raichu|0 fnt\n|faint|p2a: Raichu\n|-damage|p1b: Clawitzer|90/100|[from] item: Life Orb\n|cant|p2b: Kingambit|slp\n|\n|upkeep\n|\n|t:|1788320724\n|switch|p2a: Basculegion|Basculegion, L50, M|100/100\n|turn|3\n|\n|t:|1788320729\n|move|p1a: Vivillon|Sleep Powder|p2a: Basculegion\n|-status|p2a: Basculegion|slp|[from] move: Sleep Powder\n|cant|p2a: Basculegion|slp\n|move|p1b: Clawitzer|Aura Sphere|p2b: Kingambit\n|-supereffective|p2b: Kingambit|2\n|-enditem|p2b: Kingambit|Chople Berry|[eat]\n|-enditem|p2b: Kingambit|Chople Berry|[weaken]\n|-damage|p2b: Kingambit|0 fnt\n|faint|p2b: Kingambit\n|-damage|p1b: Clawitzer|81/100|[from] item: Life Orb\n|\n|upkeep\n|\n|t:|1788320732\n|switch|p2b: Sneasler|Sneasler, L50, M|100/100\n|turn|4\n|\n|t:|1788320738\n|switch|p1b: Staraptor|Staraptor, L50, M|100/100\n|-ability|p1b: Staraptor|Intimidate|boost\n|-unboost|p2a: Basculegion|atk|1\n|-unboost|p2b: Sneasler|atk|1\n|-enditem|p2b: Sneasler|White Herb\n|-clearnegativeboost|p2b: Sneasler|[silent]\n|move|p2b: Sneasler|Fake Out|p1a: Vivillon\n|-damage|p1a: Vivillon|78/100\n|cant|p1a: Vivillon|flinch\n|cant|p2a: Basculegion|slp\n|\n|upkeep\n|turn|5\n|\n|t:|1788320753\n|detailschange|p1b: Staraptor|Staraptor-Mega, L50, M\n|-mega|p1b: Staraptor|Staraptor|Staraptite\n|move|p2b: Sneasler|Acrobatics|p1a: Vivillon\n|-supereffective|p1a: Vivillon|1\n|-damage|p1a: Vivillon|0 fnt\n|faint|p1a: Vivillon\n|move|p1b: Staraptor|Brave Bird|p2b: Sneasler\n|-supereffective|p2b: Sneasler|1\n|-damage|p2b: Sneasler|0 fnt\n|faint|p2b: Sneasler\n|-damage|p1b: Staraptor|72/100|[from] Recoil\n|-curestatus|p2a: Basculegion|slp|[msg]\n|move|p2a: Basculegion|Last Respects|p1b: Staraptor\n|-damage|p1b: Staraptor|0 fnt\n|faint|p1b: Staraptor\n|-damage|p2a: Basculegion|90/100|[from] item: Life Orb\n|\n|upkeep\n|\n|t:|1788320758\n|switch|p1b: Clawitzer|Clawitzer, L50, F|81/100\n|turn|6\n|c|☆Ame-no-tajikarao|Lame\n|\n|t:|1788320765\n|move|p2a: Basculegion|Last Respects|p1b: Clawitzer\n|-damage|p1b: Clawitzer|0 fnt\n|faint|p1b: Clawitzer\n|-damage|p2a: Basculegion|80/100|[from] item: Life Orb\n|\n|win|Ame-no-tajikarao\n|raw|ShrimpGun's rating: 1338 &rarr; <strong>1324</strong><br />(-14 for losing)\n|raw|Ame-no-tajikarao's rating: 1445 &rarr; <strong>1459</strong><br />(+14 for winning)\n","uploadtime":1788320768,"views":"5","formatid":"gen9championsvgc2026regmb","rating":1324,"private":0,"password":null}