{"id":"gen9championsvgc2026regmb-2675028351","format":"[Gen 9 Champions] VGC 2026 Reg M-B","players":["Orizor","massdefect"],"log":"|j|☆Orizor\n|j|‽massdefect\n|t:|1788450466\n|gametype|doubles\n|player|p1|Orizor|hilbert-wonderlauncher|1510\n|player|p2|massdefect|266|1518\n|gen|9\n|tier|[Gen 9 Champions] VGC 2026 Reg M-B\n|rated|\n|rule|Species Clause: Limit one of each Pokémon\n|rule|Item Clause: Limit 1 of each item\n|clearpoke\n|poke|p1|Charizard, L50, M|\n|poke|p1|Heliolisk, L50, F|\n|poke|p1|Garchomp, L50, M|\n|poke|p1|Whimsicott, L50, F|\n|poke|p1|Farigiraf, L50, M|\n|poke|p1|Sylveon, L50, F|\n|poke|p2|Raichu, L50, F|\n|poke|p2|Milotic, L50, F|\n|poke|p2|Staraptor, L50, M|\n|poke|p2|Sylveon, L50, M|\n|poke|p2|Kingambit, L50, F|\n|poke|p2|Wyrdeer, L50, M|\n|teampreview|4\n|inactive|Battle timer is ON: inactive players will automatically lose when time's up. (requested by massdefect)\n|l|☆Orizor\n|inactive|Orizor disconnected and has a minute to reconnect!\n|player|p1|\n|j|☆Orizor\n|inactive|Orizor reconnected.\n|player|p1|Orizor|hilbert-wonderlauncher|\n|\n|t:|1788450503\n|teamsize|p1|4\n|teamsize|p2|4\n|start\n|switch|p1a: Charizard|Charizard, L50, M|100/100\n|switch|p1b: Heliolisk|Heliolisk, L50, F|100/100\n|switch|p2a: Staraptor|Staraptor, L50, M|100/100\n|switch|p2b: Raichu|Raichu, L50, F|100/100\n|turn|1\n|\n|t:|1788450518\n|detailschange|p2a: Staraptor|Staraptor-Mega, L50, M\n|-mega|p2a: Staraptor|Staraptor|Staraptite\n|detailschange|p1a: Charizard|Charizard-Mega-Y, L50, M\n|-mega|p1a: Charizard|Charizard|Charizardite Y\n|-weather|SunnyDay|[from] ability: Drought|[of] p1a: Charizard\n|move|p2b: Raichu|Fake Out|p1a: Charizard\n|-damage|p1a: Charizard|89/100\n|move|p1b: Heliolisk|Weather Ball|p2b: Raichu\n|-enditem|p2b: Raichu|Focus Sash\n|-damage|p2b: Raichu|1/100\n|move|p2a: Staraptor|Close Combat|p1b: Heliolisk\n|-supereffective|p1b: Heliolisk|1\n|-damage|p1b: Heliolisk|0 fnt\n|-boost|p2a: Staraptor|def|1\n|-boost|p2a: Staraptor|spd|1\n|faint|p1b: Heliolisk\n|cant|p1a: Charizard|flinch\n|\n|-weather|SunnyDay|[upkeep]\n|upkeep\n|\n|t:|1788450531\n|switch|p1b: Whimsicott|Whimsicott, L50, F|100/100\n|turn|2\n|l|☆Orizor\n|inactive|Orizor disconnected and has a minute to reconnect!\n|player|p1|\n|j|☆Orizor\n|inactive|Orizor reconnected.\n|player|p1|Orizor|hilbert-wonderlauncher|\n|inactive|massdefect has 30 seconds left.\n|\n|t:|1788450556\n|move|p1b: Whimsicott|Tailwind|p1b: Whimsicott\n|-sidestart|p1: Orizor|move: Tailwind\n|move|p1a: Charizard|Heat Wave|p2b: Raichu|[spread] p2a,p2b\n|-damage|p2a: Staraptor|48/100\n|-damage|p2b: Raichu|0 fnt\n|faint|p2b: Raichu\n|move|p2a: Staraptor|Tailwind|p2a: Staraptor\n|-sidestart|p2: massdefect|move: Tailwind\n|\n|-weather|SunnyDay|[upkeep]\n|upkeep\n|l|☆Orizor\n|inactive|Orizor disconnected and has a minute to reconnect!\n|player|p1|\n|\n|t:|1788450566\n|switch|p2b: Milotic|Milotic, L50, F|100/100\n|turn|3\n|j|☆Orizor\n|inactive|Orizor reconnected and has 50 seconds left.\n|player|p1|Orizor|hilbert-wonderlauncher|\n|\n|t:|1788450579\n|move|p2a: Staraptor|Protect|p2a: Staraptor\n|-singleturn|p2a: Staraptor|Protect\n|move|p1b: Whimsicott|Encore|p2a: Staraptor\n|-activate|p2a: Staraptor|move: Protect\n|move|p1a: Charizard|Solar Beam||[still]\n|-prepare|p1a: Charizard|Solar Beam\n|-anim|p1a: Charizard|Solar Beam|p2b: Milotic\n|-supereffective|p2b: Milotic|1\n|-damage|p2b: Milotic|30/100\n|move|p2b: Milotic|Muddy Water|p1b: Whimsicott|[spread] p1b\n|-miss|p2b: Milotic|p1a: Charizard\n|-resisted|p1b: Whimsicott|1\n|-damage|p1b: Whimsicott|89/100\n|-unboost|p1b: Whimsicott|accuracy|1\n|\n|-weather|SunnyDay|[upkeep]\n|-heal|p2b: Milotic|36/100|[from] item: Leftovers\n|upkeep\n|turn|4\n|\n|t:|1788450600\n|switch|p2a: Wyrdeer|Wyrdeer, L50, M|100/100\n|-ability|p2a: Wyrdeer|Intimidate|boost\n|-unboost|p1a: Charizard|atk|1\n|-unboost|p1b: Whimsicott|atk|1\n|move|p2b: Milotic|Protect|p2b: Milotic\n|-singleturn|p2b: Milotic|Protect\n|move|p1b: Whimsicott|Encore|p2a: Wyrdeer|[miss]\n|-miss|p1b: Whimsicott|p2a: Wyrdeer\n|move|p1a: Charizard|Heat Wave|p2a: Wyrdeer|[spread] p2a\n|-activate|p2b: Milotic|move: Protect\n|-damage|p2a: Wyrdeer|46/100\n|-enditem|p2a: Wyrdeer|Sitrus Berry|[eat]\n|-heal|p2a: Wyrdeer|71/100|[from] item: Sitrus Berry\n|\n|-weather|SunnyDay|[upkeep]\n|-heal|p2b: Milotic|42/100|[from] item: Leftovers\n|upkeep\n|turn|5\n|\n|t:|1788450612\n|switch|p2b: Staraptor|Staraptor-Mega, L50, M|48/100\n|move|p1b: Whimsicott|Moonblast|p2b: Staraptor\n|-supereffective|p2b: Staraptor|1\n|-damage|p2b: Staraptor|0 fnt\n|faint|p2b: Staraptor\n|move|p1a: Charizard|Heat Wave|p2a: Wyrdeer\n|-damage|p2a: Wyrdeer|0 fnt\n|faint|p2a: Wyrdeer\n|\n|-weather|none\n|-sideend|p1: Orizor|move: Tailwind\n|-sideend|p2: massdefect|move: Tailwind\n|upkeep\n|-message|massdefect forfeited.\n|\n|win|Orizor\n|raw|Orizor's rating: 1510 &rarr; <strong>1530</strong><br />(+20 for winning)\n|raw|massdefect's rating: 1518 &rarr; <strong>1498</strong><br />(-20 for losing)\n|l|‽massdefect\n|player|p2|\n","uploadtime":1788450622,"views":"1","formatid":"gen9championsvgc2026regmb","rating":1498,"private":0,"password":null}