{"id":"gen9championsvgc2026regmbbo3-2673556044","format":"[Gen 9 Champions] VGC 2026 Reg M-B (Bo3)","players":["AlakinVGC","DINOLONK"],"log":"|j|☆AlakinVGC\n|j|☆DINOLONK\n|html|<table width=\"100%\"><tr><td align=\"left\">AlakinVGC</td><td align=\"right\">DINOLONK</tr><tr><td align=\"left\"><i class=\"fa fa-circle\"></i> <i class=\"fa fa-circle-o\"></i> </td><td align=\"right\"><i class=\"fa fa-circle-o\"></i> <i class=\"fa fa-circle\"></i> </tr></table>\n|uhtml|bestof|<h2><strong>Game 3</strong> of <a href=\"/game-bestof3-gen9championsvgc2026regmbbo3-2673552497\">a best-of-3</a></h2>\n|t:|1788212647\n|gametype|doubles\n|player|p1|AlakinVGC|265|1159\n|player|p2|DINOLONK|parasollady-gen4|1251\n|gen|9\n|tier|[Gen 9 Champions] VGC 2026 Reg M-B (Bo3)\n|rated|\n|rule|Species Clause: Limit one of each Pokémon\n|rule|Item Clause: Limit 1 of each item\n|clearpoke\n|poke|p1|Sylveon, L50, M, shiny|\n|poke|p1|Aerodactyl, L50, M|\n|poke|p1|Farigiraf, L50, F|\n|poke|p1|Garchomp, L50, M|\n|poke|p1|Charizard, L50, M, shiny|\n|poke|p1|Kingambit, L50, F|\n|poke|p2|Dragonite, L50, M|\n|poke|p2|Sneasler, L50, M|\n|poke|p2|Kingambit, L50, F|\n|poke|p2|Basculegion, L50, M|\n|poke|p2|Whimsicott, L50, M|\n|poke|p2|Floette-Eternal, L50, F|\n|teampreview|4\n|showteam|p1|Sylveon||FairyFeather|Pixilate|HyperVoice,HyperBeam,Protect,QuickAttack|Modest||M|||50|]Aerodactyl||Aerodactylite|Unnerve|IceFang,RockSlide,Tailwind,DualWingbeat|Jolly||M|||50|]Farigiraf||SitrusBerry|ArmorTail|TrickRoom,Psychic,Thunderbolt,Protect|Bold||F|||50|]Garchomp||LifeOrb|RoughSkin|DragonClaw,RockTomb,Earthquake,Protect|Jolly||M|||50|]Charizard||CharizarditeY|SolarPower|HeatWave,WeatherBall,SolarBeam,Protect|Modest||M|||50|]Kingambit||FocusSash|Defiant|KowtowCleave,SuckerPunch,IronHead,LowKick|Adamant||F|||50|\n|showteam|p2|Dragonite||Dragoninite|InnerFocus|DragonPulse,HeatWave,Thunderbolt,Protect|Modest||M|||50|]Sneasler||WhiteHerb|Unburden|DireClaw,CloseCombat,RockSlide,FakeOut|Jolly||M|||50|]Kingambit||ChopleBerry|Defiant|KowtowCleave,SuckerPunch,LowKick,IronHead|Adamant||F|||50|]Basculegion||LifeOrb|Adaptability|WaveCrash,LastRespects,AquaJet,Protect|Adamant||M|||50|]Whimsicott||FocusSash|Prankster|Moonblast,Tailwind,Encore,Protect|Timid||M|||50|]Floette-Eternal||Floettite|FlowerVeil|Moonblast,DazzlingGleam,LightofRuin,Protect|Timid||F|||50|\n|inactive|Battle timer is ON: inactive players will automatically lose when time's up. (requested by DINOLONK)\n|\n|t:|1788212677\n|teamsize|p1|4\n|teamsize|p2|4\n|start\n|switch|p1a: Aerodactyl|Aerodactyl, L50, M|100/100\n|switch|p1b: Sylveon|Sylveon, L50, M, shiny|100/100\n|switch|p2a: Whimsicott|Whimsicott, L50, M|100/100\n|switch|p2b: Floette|Floette-Eternal, L50, F|100/100\n|-ability|p1a: Aerodactyl|Unnerve\n|turn|1\n|\n|t:|1788212700\n|detailschange|p1a: Aerodactyl|Aerodactyl-Mega, L50, M\n|-mega|p1a: Aerodactyl|Aerodactyl|Aerodactylite\n|detailschange|p2b: Floette|Floette-Mega, L50, F\n|-mega|p2b: Floette|Floette|Floettite\n|-ability|p2b: Floette|Fairy Aura\n|move|p2a: Whimsicott|Tailwind|p2a: Whimsicott\n|-sidestart|p2: DINOLONK|move: Tailwind\n|move|p2b: Floette|Dazzling Gleam|p1b: Sylveon|[spread] p1a,p1b\n|-damage|p1a: Aerodactyl|49/100\n|-damage|p1b: Sylveon|64/100\n|move|p1a: Aerodactyl|Tailwind|p1a: Aerodactyl\n|-sidestart|p1: AlakinVGC|move: Tailwind\n|move|p1b: Sylveon|Hyper Beam|p2b: Floette\n|-damage|p2b: Floette|0 fnt\n|-mustrecharge|p1b: Sylveon\n|faint|p2b: Floette\n|\n|upkeep\n|\n|t:|1788212714\n|switch|p2b: Kingambit|Kingambit, L50, F|100/100\n|turn|2\n|\n|t:|1788212727\n|switch|p1a: Kingambit|Kingambit, L50, F|100/100\n|move|p2a: Whimsicott|Encore|p1a: Kingambit\n|-hint|Since gen 7, Dark is immune to Prankster moves.\n|-immune|p1a: Kingambit\n|cant|p1b: Sylveon|recharge\n|move|p2b: Kingambit|Iron Head|p1b: Sylveon\n|-supereffective|p1b: Sylveon|1\n|-damage|p1b: Sylveon|0 fnt\n|faint|p1b: Sylveon\n|\n|upkeep\n|\n|t:|1788212748\n|switch|p1b: Aerodactyl|Aerodactyl-Mega, L50, M|49/100\n|turn|3\n|\n|t:|1788212762\n|move|p1b: Aerodactyl|Dual Wingbeat|p2a: Whimsicott\n|-supereffective|p2a: Whimsicott|1\n|-damage|p2a: Whimsicott|20/100r\n|-supereffective|p2a: Whimsicott|1\n|-damage|p2a: Whimsicott|0 fnt\n|faint|p2a: Whimsicott\n|-hitcount|p2: Whimsicott|2\n|move|p1a: Kingambit|Low Kick|p2b: Kingambit\n|-supereffective|p2b: Kingambit|2\n|-enditem|p2b: Kingambit|Chople Berry|[eat]\n|-enditem|p2b: Kingambit|Chople Berry|[weaken]\n|-damage|p2b: Kingambit|45/100\n|move|p2b: Kingambit|Low Kick|p1a: Kingambit\n|-supereffective|p1a: Kingambit|2\n|-enditem|p1a: Kingambit|Focus Sash\n|-damage|p1a: Kingambit|1/100\n|\n|upkeep\n|\n|t:|1788212770\n|switch|p2a: Basculegion|Basculegion, L50, M|100/100\n|turn|4\n|inactive|AlakinVGC has 30 seconds left.\n|\n|t:|1788212796\n|move|p2a: Basculegion|Aqua Jet|p1b: Aerodactyl\n|-supereffective|p1b: Aerodactyl|1\n|-damage|p1b: Aerodactyl|0 fnt\n|faint|p1b: Aerodactyl\n|-damage|p2a: Basculegion|90/100|[from] item: Life Orb\n|move|p2b: Kingambit|Sucker Punch|p1a: Kingambit\n|-resisted|p1a: Kingambit|1\n|-damage|p1a: Kingambit|0 fnt\n|faint|p1a: Kingambit\n|\n|-sideend|p1: AlakinVGC|move: Tailwind\n|-sideend|p2: DINOLONK|move: Tailwind\n|upkeep\n|j| trestkon\n|\n|t:|1788212805\n|switch|p1b: Garchomp|Garchomp, L50, M|100/100\n|turn|5\n|\n|t:|1788212814\n|move|p2b: Kingambit|Sucker Punch|p1b: Garchomp\n|-damage|p1b: Garchomp|65/100\n|-damage|p2b: Kingambit|33/100|[from] ability: Rough Skin|[of] p1b: Garchomp\n|move|p1b: Garchomp|Earthquake|p2b: Kingambit|[spread] p2a,p2b\n|-supereffective|p2b: Kingambit|1\n|-damage|p2a: Basculegion|36/100\n|-damage|p2b: Kingambit|0 fnt\n|faint|p2b: Kingambit\n|-damage|p1b: Garchomp|55/100|[from] item: Life Orb\n|move|p2a: Basculegion|Last Respects|p1b: Garchomp\n|-damage|p1b: Garchomp|0 fnt\n|faint|p1b: Garchomp\n|-damage|p2a: Basculegion|26/100|[from] item: Life Orb\n|\n|win|DINOLONK\n|raw|AlakinVGC's rating: 1159 &rarr; <strong>1140</strong><br />(-19 for losing)\n|raw|DINOLONK's rating: 1251 &rarr; <strong>1270</strong><br />(+19 for winning)\n","uploadtime":1788212814,"views":"4","formatid":"gen9championsvgc2026regmbbo3","rating":1140,"private":0,"password":null}