{"id":"gen9championsvgc2026regmb-2674874718","format":"[Gen 9 Champions] VGC 2026 Reg M-B","players":["carrotbeafsteak","keanuvgc"],"log":"|j|☆carrotbeafsteak\n|j|☆keanuvgc\n|html|<table width=\"100%\"><tr><td align=\"left\">carrotbeafsteak</td><td align=\"right\">keanuvgc</tr><tr><td align=\"left\"><i class=\"fa fa-circle-o\"></i> <i class=\"fa fa-circle-o\"></i> </td><td align=\"right\"><i class=\"fa fa-circle-o\"></i> <i class=\"fa fa-circle\"></i> </tr></table>\n|uhtml|bestof|<h2><strong>Game 2</strong> of <a href=\"/game-bestof3-gen9championsvgc2026regmb-2674874007\">a best-of-3</a></h2>\n|t:|1788426660\n|gametype|doubles\n|player|p1|carrotbeafsteak|1|\n|player|p2|keanuvgc|#epl2023realaegislash|\n|gen|9\n|tier|[Gen 9 Champions] VGC 2026 Reg M-B\n|rated|Tournament battle\n|rule|Species Clause: Limit one of each Pokémon\n|rule|Item Clause: Limit 1 of each item\n|raw|<div class=\"infobox\"><details class=\"readmore\" open><summary><strong>2 custom rules:</strong></summary> Force Open Team Sheets, Best of = 3</details></div>\n|clearpoke\n|poke|p1|Simipour, L50, F|\n|poke|p1|Simisage, L50, F|\n|poke|p1|Simisear, L50, F|\n|poke|p1|Pelipper, L50, F|\n|poke|p1|Torkoal, L50, M|\n|poke|p1|Gyarados, L50, M|\n|poke|p2|Charizard, L50, F, shiny|\n|poke|p2|Whimsicott, L50, F, shiny|\n|poke|p2|Floette-Eternal, L50, F|\n|poke|p2|Garchomp, L50, M, shiny|\n|poke|p2|Incineroar, L50, F|\n|poke|p2|Basculegion, L50, M, shiny|\n|teampreview|4\n|showteam|p1|Simipour||ChoiceScarf|Torrent|HydroPump,IceBeam,IcyWind,FlipTurn|Timid||F|||50|]Simisage||LifeOrb|Overgrow|FakeOut,RockSlide,SolarBlade,LowKick|Jolly||F|||50|]Simisear||FocusSash|Blaze|FakeOut,FireBlast,HeatWave,NastyPlot|Modest||F|||50|]Pelipper||SitrusBerry|Drizzle|Hurricane,MuddyWater,Tailwind,WideGuard|Bold||F|||50|]Torkoal||Leftovers|Drought|Eruption,Fissure,HelpingHand,Yawn|Relaxed||M|||50|]Gyarados||Gyaradosite|Intimidate|Protect,Waterfall,Crunch,DragonDance|Adamant||M|||50|\n|showteam|p2|Charizard||CharizarditeY|Blaze|Protect,HeatWave,SolarBeam,WeatherBall|Modest||F|||50|]Whimsicott||FocusSash|Prankster|Protect,Moonblast,Tailwind,Encore|Timid||F|||50|]Floette-Eternal||Floettite|FlowerVeil|Protect,Moonblast,DazzlingGleam,LightofRuin|Modest||F|||50|]Garchomp||RoseliBerry|RoughSkin|Protect,DragonClaw,StompingTantrum,RockSlide|Jolly||M|||50|]Incineroar||SitrusBerry|Intimidate|PartingShot,FlareBlitz,ThroatChop,FakeOut|Careful||F|||50|]Basculegion||LifeOrb|Adaptability|Protect,WaveCrash,LastRespects,AquaJet|Adamant||M|||50|\n|j| burrt aura\n|j| monkeychese\n|\n|t:|1788426669\n|teamsize|p1|4\n|teamsize|p2|4\n|start\n|switch|p1a: Simisear|Simisear, L50, F|100/100\n|switch|p1b: Torkoal|Torkoal, L50, M|100/100\n|switch|p2a: Whimsicott|Whimsicott, L50, F, shiny|100/100\n|switch|p2b: Basculegion|Basculegion, L50, M, shiny|100/100\n|-weather|SunnyDay|[from] ability: Drought|[of] p1b: Torkoal\n|turn|1\n|\n|t:|1788426682\n|move|p2a: Whimsicott|Protect|p2a: Whimsicott\n|-singleturn|p2a: Whimsicott|Protect\n|move|p2b: Basculegion|Protect|p2b: Basculegion\n|-singleturn|p2b: Basculegion|Protect\n|move|p1a: Simisear|Fake Out|p2a: Whimsicott\n|-activate|p2a: Whimsicott|move: Protect\n|move|p1b: Torkoal|Eruption|p2a: Whimsicott|[spread] \n|-activate|p2a: Whimsicott|move: Protect\n|-activate|p2b: Basculegion|move: Protect\n|\n|-weather|SunnyDay|[upkeep]\n|upkeep\n|turn|2\n|j| RafaDragnel\n|l| monkeychese\n|\n|t:|1788426697\n|switch|p2a: Incineroar|Incineroar, L50, F|100/100\n|-ability|p2a: Incineroar|Intimidate|boost\n|-unboost|p1a: Simisear|atk|1\n|-unboost|p1b: Torkoal|atk|1\n|switch|p1a: Simisage|Simisage, L50, F|100/100\n|move|p2b: Basculegion|Wave Crash|p1b: Torkoal\n|-supereffective|p1b: Torkoal|1\n|-damage|p1b: Torkoal|35/100\n|-damage|p2b: Basculegion|80/100|[from] Recoil\n|-damage|p2b: Basculegion|70/100|[from] item: Life Orb\n|move|p1b: Torkoal|Eruption|p2b: Basculegion|[spread] p2a,p2b\n|-resisted|p2a: Incineroar|1\n|-resisted|p2b: Basculegion|1\n|-damage|p2a: Incineroar|92/100\n|-damage|p2b: Basculegion|60/100\n|\n|-weather|SunnyDay|[upkeep]\n|-heal|p1b: Torkoal|41/100|[from] item: Leftovers\n|upkeep\n|turn|3\n|\n|t:|1788426719\n|switch|p1b: Simipour|Simipour, L50, F|100/100\n|move|p1a: Simisage|Fake Out|p2a: Incineroar\n|-damage|p2a: Incineroar|78/100\n|-damage|p1a: Simisage|90/100|[from] item: Life Orb\n|cant|p2a: Incineroar|flinch\n|move|p2b: Basculegion|Last Respects|p1a: Simisage\n|-damage|p1a: Simisage|13/100\n|-damage|p2b: Basculegion|50/100g|[from] item: Life Orb\n|\n|-weather|SunnyDay|[upkeep]\n|upkeep\n|turn|4\n|\n|t:|1788426735\n|move|p2b: Basculegion|Aqua Jet|p1a: Simisage\n|-resisted|p1a: Simisage|1\n|-damage|p1a: Simisage|0 fnt\n|faint|p1a: Simisage\n|-damage|p2b: Basculegion|41/100|[from] item: Life Orb\n|move|p1b: Simipour|Hydro Pump|p2a: Incineroar\n|-supereffective|p2a: Incineroar|1\n|-damage|p2a: Incineroar|38/100\n|-enditem|p2a: Incineroar|Sitrus Berry|[eat]\n|-heal|p2a: Incineroar|63/100|[from] item: Sitrus Berry\n|move|p2a: Incineroar|Parting Shot|p1b: Simipour\n|-unboost|p1b: Simipour|atk|1\n|-unboost|p1b: Simipour|spa|1\n|j| Bowdidee\n|\n|t:|1788426757\n|switch|p2a: Floette|Floette-Eternal, L50, F|100/100|[from] Parting Shot\n|\n|-weather|SunnyDay|[upkeep]\n|upkeep\n|\n|t:|1788426761\n|switch|p1a: Simisear|Simisear, L50, F|100/100\n|turn|5\n|\n|t:|1788426771\n|detailschange|p2a: Floette|Floette-Mega, L50, F\n|-mega|p2a: Floette|Floette|Floettite\n|-ability|p2a: Floette|Fairy Aura\n|move|p2a: Floette|Protect|p2a: Floette\n|-singleturn|p2a: Floette|Protect\n|move|p2b: Basculegion|Aqua Jet|p1a: Simisear\n|-supereffective|p1a: Simisear|1\n|-damage|p1a: Simisear|45/100\n|-damage|p2b: Basculegion|31/100|[from] item: Life Orb\n|move|p1b: Simipour|Hydro Pump|p2a: Floette\n|-activate|p2a: Floette|move: Protect\n|move|p1a: Simisear|Heat Wave|p2b: Basculegion|[spread] p2b\n|-activate|p2a: Floette|move: Protect\n|-resisted|p2b: Basculegion|1\n|-damage|p2b: Basculegion|0 fnt\n|faint|p2b: Basculegion\n|\n|-weather|none\n|upkeep\n|j| endershovel\n|\n|t:|1788426779\n|switch|p2b: Incineroar|Incineroar, L50, F|63/100\n|-ability|p2b: Incineroar|Intimidate|boost\n|-unboost|p1a: Simisear|atk|1\n|-unboost|p1b: Simipour|atk|1\n|turn|6\n|\n|t:|1788426792\n|move|p2b: Incineroar|Fake Out|p1a: Simisear\n|-damage|p1a: Simisear|26/100\n|move|p1b: Simipour|Hydro Pump|p2a: Floette\n|-damage|p2a: Floette|72/100\n|cant|p1a: Simisear|flinch\n|move|p2a: Floette|Dazzling Gleam|p1a: Simisear|[spread] p1a,p1b\n|-resisted|p1a: Simisear|1\n|-damage|p1a: Simisear|0 fnt\n|-damage|p1b: Simipour|15/100\n|faint|p1a: Simisear\n|\n|upkeep\n|\n|t:|1788426795\n|switch|p1a: Torkoal|Torkoal, L50, M|41/100\n|-weather|SunnyDay|[from] ability: Drought|[of] p1a: Torkoal\n|turn|7\n|c|☆carrotbeafsteak|gg\n|c|☆keanuvgc|gg\n|c|☆carrotbeafsteak|OTS is too hard for the monke\n|\n|t:|1788426811\n|move|p1b: Simipour|Hydro Pump|p2b: Incineroar\n|-supereffective|p2b: Incineroar|1\n|-damage|p2b: Incineroar|27/100\n|move|p2a: Floette|Dazzling Gleam|p1b: Simipour|[spread] p1a,p1b\n|-resisted|p1a: Torkoal|1\n|-damage|p1a: Torkoal|16/100\n|-damage|p1b: Simipour|0 fnt\n|faint|p1b: Simipour\n|move|p2b: Incineroar|Flare Blitz|p1a: Torkoal\n|-resisted|p1a: Torkoal|1\n|-damage|p1a: Torkoal|0 fnt\n|faint|p1a: Torkoal\n|-damage|p2b: Incineroar|22/100|[from] Recoil\n|\n|win|keanuvgc\n","uploadtime":1788426811,"views":"0","formatid":"gen9championsvgc2026regmb","rating":null,"private":0,"password":null}