{"id":"gen9championsvgc2026regmbbo3-2673819690","format":"[Gen 9 Champions] VGC 2026 Reg M-B (Bo3)","players":["rfdfdfdd","foklin"],"log":"|j|☆rfdfdfdd\n|j|☆foklin\n|html|<table width=\"100%\"><tr><td align=\"left\">rfdfdfdd</td><td align=\"right\">foklin</tr><tr><td align=\"left\"><i class=\"fa fa-circle\"></i> <i class=\"fa fa-circle-o\"></i> </td><td align=\"right\"><i class=\"fa fa-circle-o\"></i> <i class=\"fa fa-circle-o\"></i> </tr></table>\n|uhtml|bestof|<h2><strong>Game 2</strong> of <a href=\"/game-bestof3-gen9championsvgc2026regmbbo3-2673817690\">a best-of-3</a></h2>\n|t:|1788263303\n|gametype|doubles\n|player|p1|rfdfdfdd|2|1080\n|player|p2|foklin|1|1049\n|gen|9\n|tier|[Gen 9 Champions] VGC 2026 Reg M-B (Bo3)\n|rated|\n|rule|Species Clause: Limit one of each Pokémon\n|rule|Item Clause: Limit 1 of each item\n|clearpoke\n|poke|p1|Staraptor, L50, F|\n|poke|p1|Tyranitar, L50, M|\n|poke|p1|Excadrill, L50, M|\n|poke|p1|Milotic, L50, F|\n|poke|p1|Gholdengo, L50|\n|poke|p1|Sinistcha, L50|\n|poke|p2|Farigiraf, L50, M|\n|poke|p2|Talonflame, L50, M|\n|poke|p2|Heracross, L50, F|\n|poke|p2|Metagross, L50|\n|poke|p2|Tauros-Paldea-Aqua, L50, M|\n|poke|p2|Rotom-Heat, L50|\n|teampreview|4\n|showteam|p1|Staraptor||Staraptite|Intimidate|BraveBird,CloseCombat,Tailwind,Protect|Jolly||F|||50|]Tyranitar||Tyranitarite|SandStream|RockSlide,KnockOff,LowKick,Protect|Jolly||M|||50|]Excadrill||FocusSash|SandRush|HighHorsepower,IronHead,RockSlide,Protect|Adamant||M|||50|]Milotic||SitrusBerry|Competitive|Scald,IceBeam,IcyWind,Protect|Bold||F|||50|]Gholdengo||LifeOrb|GoodasGold|MakeItRain,ShadowBall,NastyPlot,Protect|Modest|||||50|]Sinistcha||ColburBerry|Hospitality|MatchaGotcha,ShadowBall,RagePowder,Protect|Bold|||||50|\n|showteam|p2|Farigiraf||ColburBerry|ArmorTail|TwinBeam,HyperVoice,HelpingHand,Protect|Quiet||M|||50|]Talonflame||SharpBeak|GaleWings|DualWingbeat,Tailwind,WillOWisp,Protect|Jolly||M|||50|]Heracross||Heracronite|Guts|RockBlast,CloseCombat,PinMissile,Protect|Adamant||F|||50|]Metagross||Metagrossite|ClearBody|MeteorMash,IcePunch,ZenHeadbutt,Protect|Adamant|||||50|]Tauros-Paldea-Aqua||SitrusBerry|Intimidate|WaveCrash,CloseCombat,AquaJet,Protect|Adamant||M|||50|]Rotom-Heat||LifeOrb|Levitate|Overheat,Thunderbolt,WillOWisp,Protect|Modest|||||50|\n|inactive|Battle timer is ON: inactive players will automatically lose when time's up. (requested by foklin)\n|\n|t:|1788263334\n|teamsize|p1|4\n|teamsize|p2|4\n|start\n|switch|p1a: Tyranitar|Tyranitar, L50, M|100/100\n|switch|p1b: Excadrill|Excadrill, L50, M|100/100\n|switch|p2a: Tauros|Tauros-Paldea-Aqua, L50, M|100/100\n|switch|p2b: Talonflame|Talonflame, L50, M|100/100\n|-weather|Sandstorm|[from] ability: Sand Stream|[of] p1a: Tyranitar\n|-ability|p2a: Tauros|Intimidate|boost\n|-unboost|p1a: Tyranitar|atk|1\n|-unboost|p1b: Excadrill|atk|1\n|turn|1\n|inactive|foklin has 30 seconds left.\n|\n|t:|1788263361\n|detailschange|p1a: Tyranitar|Tyranitar-Mega, L50, M\n|-mega|p1a: Tyranitar|Tyranitar|Tyranitarite\n|move|p2b: Talonflame|Tailwind|p2b: Talonflame\n|-sidestart|p2: foklin|move: Tailwind\n|move|p1b: Excadrill|High Horsepower|p2a: Tauros\n|-damage|p2a: Tauros|65/100\n|move|p2a: Tauros|Wave Crash|p1a: Tyranitar\n|-supereffective|p1a: Tyranitar|1\n|-damage|p1a: Tyranitar|26/100\n|-damage|p2a: Tauros|39/100|[from] Recoil\n|-enditem|p2a: Tauros|Sitrus Berry|[eat]\n|-heal|p2a: Tauros|63/100|[from] item: Sitrus Berry\n|move|p1a: Tyranitar|Rock Slide|p2a: Tauros|[spread] p2a,p2b\n|-resisted|p2a: Tauros|1\n|-supereffective|p2b: Talonflame|2\n|-damage|p2a: Tauros|55/100\n|-damage|p2b: Talonflame|0 fnt\n|faint|p2b: Talonflame\n|\n|-weather|Sandstorm|[upkeep]\n|-damage|p2a: Tauros|49/100|[from] Sandstorm\n|upkeep\n|\n|t:|1788263381\n|switch|p2b: Metagross|Metagross, L50|100/100\n|turn|2\n|inactive|rfdfdfdd has 30 seconds left.\n|inactive|rfdfdfdd has 20 seconds left.\n|inactive|rfdfdfdd has 15 seconds left.\n|\n|t:|1788263422\n|switch|p1a: Milotic|Milotic, L50, F|100/100\n|detailschange|p2b: Metagross|Metagross-Mega, L50\n|-mega|p2b: Metagross|Metagross|Metagrossite\n|move|p1b: Excadrill|Rock Slide|p2b: Metagross|[spread] p2a,p2b\n|-resisted|p2a: Tauros|1\n|-resisted|p2b: Metagross|1\n|-damage|p2a: Tauros|42/100\n|-damage|p2b: Metagross|94/100\n|move|p2b: Metagross|Meteor Mash|p1a: Milotic\n|-resisted|p1a: Milotic|1\n|-damage|p1a: Milotic|71/100\n|cant|p2a: Tauros|flinch\n|\n|-weather|Sandstorm|[upkeep]\n|-damage|p2a: Tauros|36/100|[from] Sandstorm\n|-damage|p1a: Milotic|65/100|[from] Sandstorm\n|upkeep\n|turn|3\n|inactive|rfdfdfdd has 30 seconds left.\n|inactive|foklin has 30 seconds left.\n|inactive|foklin has 20 seconds left.\n|\n|t:|1788263459\n|move|p1b: Excadrill|High Horsepower|p2b: Metagross\n|-supereffective|p2b: Metagross|1\n|-damage|p2b: Metagross|43/100\n|move|p2b: Metagross|Zen Headbutt|p1a: Milotic\n|-damage|p1a: Milotic|13/100\n|-enditem|p1a: Milotic|Sitrus Berry|[eat]\n|-heal|p1a: Milotic|38/100|[from] item: Sitrus Berry\n|move|p2a: Tauros|Wave Crash|p1b: Excadrill\n|-supereffective|p1b: Excadrill|1\n|-enditem|p1b: Excadrill|Focus Sash\n|-damage|p1b: Excadrill|1/100\n|-damage|p2a: Tauros|3/100|[from] Recoil\n|move|p1a: Milotic|Icy Wind|p2a: Tauros|[spread] p2a,p2b\n|-resisted|p2a: Tauros|1\n|-resisted|p2b: Metagross|1\n|-damage|p2a: Tauros|0 fnt\n|-damage|p2b: Metagross|39/100\n|-unboost|p2b: Metagross|spe|1\n|faint|p2a: Tauros\n|\n|-weather|Sandstorm|[upkeep]\n|-damage|p1a: Milotic|32/100|[from] Sandstorm\n|upkeep\n|\n|t:|1788263478\n|switch|p2a: Rotom|Rotom-Heat, L50|100/100\n|turn|4\n|\n|t:|1788263489\n|move|p1b: Excadrill|Protect|p1b: Excadrill\n|-singleturn|p1b: Excadrill|Protect\n|move|p1a: Milotic|Protect|p1a: Milotic\n|-singleturn|p1a: Milotic|Protect\n|move|p2a: Rotom|Thunderbolt|p1a: Milotic\n|-activate|p1a: Milotic|move: Protect\n|move|p2b: Metagross|Meteor Mash|p1b: Excadrill\n|-activate|p1b: Excadrill|move: Protect\n|\n|-weather|Sandstorm|[upkeep]\n|-damage|p2a: Rotom|94/100|[from] Sandstorm\n|-damage|p1a: Milotic|26/100|[from] Sandstorm\n|-sideend|p2: foklin|move: Tailwind\n|upkeep\n|turn|5\n|\n|t:|1788263511\n|move|p2a: Rotom|Protect|p2a: Rotom\n|-singleturn|p2a: Rotom|Protect\n|move|p2b: Metagross|Protect|p2b: Metagross\n|-singleturn|p2b: Metagross|Protect\n|move|p1b: Excadrill|Rock Slide|p2a: Rotom|[spread] \n|-activate|p2a: Rotom|move: Protect\n|-activate|p2b: Metagross|move: Protect\n|move|p1a: Milotic|Scald|p2a: Rotom\n|-activate|p2a: Rotom|move: Protect\n|\n|-weather|none\n|upkeep\n|turn|6\n|\n|t:|1788263531\n|switch|p1a: Tyranitar|Tyranitar-Mega, L50, M|26/100\n|-weather|Sandstorm|[from] ability: Sand Stream|[of] p1a: Tyranitar\n|move|p1b: Excadrill|High Horsepower|p2b: Metagross\n|-supereffective|p2b: Metagross|1\n|-damage|p2b: Metagross|0 fnt\n|faint|p2b: Metagross\n|move|p2a: Rotom|Thunderbolt|p1a: Tyranitar\n|-damage|p1a: Tyranitar|0 fnt\n|faint|p1a: Tyranitar\n|-damage|p2a: Rotom|84/100|[from] item: Life Orb\n|\n|-weather|Sandstorm|[upkeep]\n|-damage|p2a: Rotom|78/100|[from] Sandstorm\n|upkeep\n|\n|t:|1788263545\n|switch|p1a: Gholdengo|Gholdengo, L50|100/100\n|turn|7\n|\n|t:|1788263564\n|move|p1b: Excadrill|Rock Slide|p2a: Rotom\n|-supereffective|p2a: Rotom|1\n|-damage|p2a: Rotom|39/100\n|move|p1a: Gholdengo|Nasty Plot|p1a: Gholdengo\n|-boost|p1a: Gholdengo|spa|2\n|move|p2a: Rotom|Overheat|p1a: Gholdengo\n|-supereffective|p1a: Gholdengo|1\n|-damage|p1a: Gholdengo|0 fnt\n|-unboost|p2a: Rotom|spa|2\n|faint|p1a: Gholdengo\n|-damage|p2a: Rotom|29/100|[from] item: Life Orb\n|\n|-weather|Sandstorm|[upkeep]\n|-damage|p2a: Rotom|24/100|[from] Sandstorm\n|upkeep\n|\n|t:|1788263573\n|switch|p1a: Milotic|Milotic, L50, F|26/100\n|turn|8\n|\n|t:|1788263580\n|move|p1b: Excadrill|Rock Slide|p2a: Rotom\n|-supereffective|p2a: Rotom|1\n|-damage|p2a: Rotom|0 fnt\n|faint|p2a: Rotom\n|\n|win|rfdfdfdd\n|raw|rfdfdfdd's rating: 1080 &rarr; <strong>1106</strong><br />(+26 for winning)\n|raw|foklin's rating: 1049 &rarr; <strong>1033</strong><br />(-16 for losing)\n|l|☆rfdfdfdd\n|player|p1|\n","uploadtime":1788263591,"views":"1","formatid":"gen9championsvgc2026regmbbo3","rating":1033,"private":0,"password":null}