{"id":"gen9championsvgc2026regmb-2674940330","format":"[Gen 9 Champions] VGC 2026 Reg M-B","players":["mhycts2","VictoriousDancing"],"log":"|j|☆mhycts2\n|j|☆VictoriousDancing\n|t:|1788439352\n|gametype|doubles\n|player|p1|mhycts2|169|1585\n|player|p2|VictoriousDancing|cynthia|1480\n|gen|9\n|tier|[Gen 9 Champions] VGC 2026 Reg M-B\n|rated|\n|rule|Species Clause: Limit one of each Pokémon\n|rule|Item Clause: Limit 1 of each item\n|clearpoke\n|poke|p1|Kangaskhan, L50, F|\n|poke|p1|Aerodactyl, L50, M|\n|poke|p1|Farigiraf, L50, F|\n|poke|p1|Sylveon, L50, M|\n|poke|p1|Kingambit, L50, M|\n|poke|p1|Camerupt, L50, F|\n|poke|p2|Charizard, L50, M, shiny|\n|poke|p2|Basculegion, L50, M, shiny|\n|poke|p2|Whimsicott, L50, F, shiny|\n|poke|p2|Garchomp, L50, F, shiny|\n|poke|p2|Kingambit, L50, M, shiny|\n|poke|p2|Floette-Eternal, L50, F|\n|teampreview|4\n|inactive|Battle timer is ON: inactive players will automatically lose when time's up. (requested by VictoriousDancing)\nVictoriousDancing rejected open team sheets.\n|\n|t:|1788439360\n|teamsize|p1|4\n|teamsize|p2|4\n|start\n|switch|p1a: Kangaskhan|Kangaskhan, L50, F|100/100\n|switch|p1b: Farigiraf|Farigiraf, L50, F|100/100\n|switch|p2a: Floette|Floette-Eternal, L50, F|100/100\n|switch|p2b: Kingambit|Kingambit, L50, M, shiny|100/100\n|turn|1\n|\n|t:|1788439369\n|detailschange|p2a: Floette|Floette-Mega, L50, F\n|-mega|p2a: Floette|Floette|Floettite\n|-ability|p2a: Floette|Fairy Aura\n|move|p2a: Floette|Protect|p2a: Floette\n|-singleturn|p2a: Floette|Protect\n|move|p1a: Kangaskhan|Fake Out|p2a: Floette\n|-activate|p2a: Floette|move: Protect\n|move|p2b: Kingambit|Kowtow Cleave|p1b: Farigiraf\n|-supereffective|p1b: Farigiraf|1\n|-damage|p1b: Farigiraf|14/100\n|-enditem|p1b: Farigiraf|Sitrus Berry|[eat]\n|-heal|p1b: Farigiraf|39/100|[from] item: Sitrus Berry\n|move|p1b: Farigiraf|Trick Room|p1b: Farigiraf\n|-fieldstart|move: Trick Room|[of] p1b: Farigiraf\n|\n|upkeep\n|turn|2\n|\n|t:|1788439385\n|switch|p2a: Basculegion|Basculegion, L50, M, shiny|100/100\n|move|p1b: Farigiraf|Helping Hand|p1a: Kangaskhan\n|-singleturn|p1a: Kangaskhan|Helping Hand|[of] p1b: Farigiraf\n|move|p2b: Kingambit|Kowtow Cleave|p1b: Farigiraf\n|-supereffective|p1b: Farigiraf|1\n|-damage|p1b: Farigiraf|0 fnt\n|faint|p1b: Farigiraf\n|move|p1a: Kangaskhan|Double-Edge|p2a: Basculegion\n|-damage|p2a: Basculegion|0 fnt\n|faint|p2a: Basculegion\n|-damage|p1a: Kangaskhan|68/100|[from] Recoil\n|-damage|p1a: Kangaskhan|59/100|[from] item: Life Orb\n|\n|upkeep\n|\n|t:|1788439398\n|switch|p1b: Camerupt|Camerupt, L50, F|100/100\n|switch|p2a: Garchomp|Garchomp, L50, F, shiny|100/100\n|turn|3\n|\n|t:|1788439411\n|detailschange|p1b: Camerupt|Camerupt-Mega, L50, F\n|-mega|p1b: Camerupt|Camerupt|Cameruptite\n|move|p1b: Camerupt|Heat Wave|p2b: Kingambit|[spread] p2a,p2b\n|-resisted|p2a: Garchomp|1\n|-supereffective|p2b: Kingambit|1\n|-damage|p2a: Garchomp|68/100\n|-damage|p2b: Kingambit|0 fnt\n|faint|p2b: Kingambit\n|move|p1a: Kangaskhan|Ice Punch|p2a: Garchomp\n|-supereffective|p2a: Garchomp|2\n|-damage|p2a: Garchomp|0 fnt\n|-damage|p1a: Kangaskhan|46/100|[from] ability: Rough Skin|[of] p2a: Garchomp\n|faint|p2a: Garchomp\n|-damage|p1a: Kangaskhan|37/100|[from] item: Life Orb\n|\n|upkeep\n|\n|t:|1788439411\n|switch|p2a: Floette|Floette-Mega, L50, F|100/100\n|-ability|p2a: Floette|Fairy Aura\n|turn|4\n|\n|t:|1788439427\n|move|p2a: Floette|Protect|p2a: Floette\n|-singleturn|p2a: Floette|Protect\n|move|p1b: Camerupt|Earth Power|p2a: Floette\n|-activate|p2a: Floette|move: Protect\n|move|p1a: Kangaskhan|Double-Edge|p2a: Floette\n|-activate|p2a: Floette|move: Protect\n|\n|upkeep\n|turn|5\n|\n|t:|1788439431\n|move|p1b: Camerupt|Earth Power|p2a: Floette\n|-damage|p2a: Floette|36/100\n|move|p1a: Kangaskhan|Double-Edge|p2a: Floette\n|-damage|p2a: Floette|0 fnt\n|faint|p2a: Floette\n|-damage|p1a: Kangaskhan|28/100|[from] Recoil\n|-damage|p1a: Kangaskhan|19/100|[from] item: Life Orb\n|\n|win|mhycts2\n|raw|mhycts2's rating: 1585 &rarr; <strong>1599</strong><br />(+14 for winning)\n|raw|VictoriousDancing's rating: 1475 &rarr; <strong>1461</strong><br />(-14 for losing)\n|l|☆VictoriousDancing\n|player|p2|\n","uploadtime":1788439442,"views":"17","formatid":"gen9championsvgc2026regmb","rating":1461,"private":0,"password":null}