{"id":"gen9championsvgc2026regmb-2674285022","format":"[Gen 9 Champions] VGC 2026 Reg M-B","players":["willhoop","Momotabanujje"],"log":"|j|☆willhoop\n|j|☆Momotabanujje\n|t:|1788331635\n|gametype|doubles\n|player|p1|willhoop|crasherwake|1436\n|player|p2|Momotabanujje|swimmerf|1526\n|gen|9\n|tier|[Gen 9 Champions] VGC 2026 Reg M-B\n|rated|\n|rule|Species Clause: Limit one of each Pokémon\n|rule|Item Clause: Limit 1 of each item\n|clearpoke\n|poke|p1|Charizard, L50, M|\n|poke|p1|Whimsicott, L50, F|\n|poke|p1|Sneasler, L50, M|\n|poke|p1|Arcanine-Hisui, L50, M|\n|poke|p1|Swampert, L50, F|\n|poke|p1|Garchomp, L50, F|\n|poke|p2|Basculegion, L50, M|\n|poke|p2|Raichu, L50, M|\n|poke|p2|Incineroar, L50, M|\n|poke|p2|Whimsicott, L50, M|\n|poke|p2|Staraptor, L50, F|\n|poke|p2|Kingambit, L50, M|\n|teampreview|4\n|inactive|Battle timer is ON: inactive players will automatically lose when time's up. (requested by willhoop)\n|c|☆Momotabanujje|Metarat\n|\n|t:|1788331663\n|teamsize|p1|4\n|teamsize|p2|4\n|start\n|switch|p1a: Swampert|Swampert, L50, F|100/100\n|switch|p1b: Garchomp|Garchomp, L50, F|100/100\n|switch|p2a: Whimsicott|Whimsicott, L50, M|100/100\n|switch|p2b: Staraptor|Staraptor, L50, F|100/100\n|-ability|p2b: Staraptor|Intimidate|boost\n|-unboost|p1a: Swampert|atk|1\n|-unboost|p1b: Garchomp|atk|1\n|turn|1\n|inactive|Momotabanujje has 30 seconds left.\n|\n|t:|1788331688\n|switch|p1b: Arcanine|Arcanine-Hisui, L50, M|100/100\n|detailschange|p2b: Staraptor|Staraptor-Mega, L50, F\n|-mega|p2b: Staraptor|Staraptor|Staraptite\n|move|p2a: Whimsicott|Charm|p1b: Arcanine\n|-unboost|p1b: Arcanine|atk|2\n|move|p2b: Staraptor|Close Combat|p1a: Swampert\n|-damage|p1a: Swampert|42/100\n|-boost|p2b: Staraptor|def|1\n|-boost|p2b: Staraptor|spd|1\n|move|p1a: Swampert|Ice Punch|p2b: Staraptor\n|-supereffective|p2b: Staraptor|1\n|-damage|p2b: Staraptor|72/100\n|\n|-heal|p1a: Swampert|47/100|[from] item: Leftovers\n|upkeep\n|turn|2\n|\n|t:|1788331711\n|switch|p1b: Garchomp|Garchomp, L50, F|100/100\n|switch|p1a: Charizard|Charizard, L50, M|100/100\n|move|p2a: Whimsicott|Tailwind|p2a: Whimsicott\n|-sidestart|p2: Momotabanujje|move: Tailwind\n|move|p2b: Staraptor|Close Combat|p1b: Garchomp\n|-damage|p1b: Garchomp|33/100\n|-boost|p2b: Staraptor|def|1\n|-boost|p2b: Staraptor|spd|1\n|-damage|p2b: Staraptor|60/100|[from] ability: Rough Skin|[of] p1b: Garchomp\n|\n|upkeep\n|turn|3\n|inactive|Momotabanujje has 30 seconds left.\n|inactive|Momotabanujje has 20 seconds left.\n|inactive|Momotabanujje has 15 seconds left.\n|inactive|Momotabanujje has 10 seconds left.\n|\n|t:|1788331758\n|detailschange|p1a: Charizard|Charizard-Mega-Y, L50, M\n|-mega|p1a: Charizard|Charizard|Charizardite Y\n|-weather|SunnyDay|[from] ability: Drought|[of] p1a: Charizard\n|move|p2a: Whimsicott|Charm|p2b: Staraptor\n|-boost|p2b: Staraptor|atk|2\n|move|p2b: Staraptor|Dual Wingbeat|p1a: Charizard\n|-damage|p1a: Charizard|47/100\n|-damage|p1a: Charizard|0 fnt\n|faint|p1a: Charizard\n|-hitcount|p1: Charizard|2\n|move|p1b: Garchomp|Rock Slide|p2b: Staraptor|[spread] p2a,p2b\n|-damage|p2a: Whimsicott|78/100\n|-damage|p2b: Staraptor|46/100\n|-damage|p1b: Garchomp|24/100|[from] item: Life Orb\n|\n|-weather|SunnyDay|[upkeep]\n|upkeep\n|\n|t:|1788331767\n|switch|p1a: Arcanine|Arcanine-Hisui, L50, M|100/100\n|turn|4\n|c|☆Momotabanujje|Geeg\n|\n|t:|1788331780\n|move|p2b: Staraptor|Protect|p2b: Staraptor\n|-singleturn|p2b: Staraptor|Protect\n|move|p2a: Whimsicott|Charm|p1a: Arcanine\n|-unboost|p1a: Arcanine|atk|2\n|move|p1b: Garchomp|Rock Slide|p2b: Staraptor|[spread] p2a\n|-activate|p2b: Staraptor|move: Protect\n|-damage|p2a: Whimsicott|55/100\n|-damage|p1b: Garchomp|14/100|[from] item: Life Orb\n|move|p1a: Arcanine|Flare Blitz|p2b: Staraptor\n|-activate|p2b: Staraptor|move: Protect\n|\n|-weather|SunnyDay|[upkeep]\n|upkeep\n|turn|5\n|c|☆willhoop|one cirt\n|\n|t:|1788331800\n|move|p1b: Garchomp|Protect|p1b: Garchomp\n|-singleturn|p1b: Garchomp|Protect\n|move|p1a: Arcanine|Protect|p1a: Arcanine\n|-singleturn|p1a: Arcanine|Protect\n|move|p2b: Staraptor|Roost|p2b: Staraptor\n|-heal|p2b: Staraptor|96/100\n|-singleturn|p2b: Staraptor|move: Roost\n|move|p2a: Whimsicott|Dazzling Gleam|p1a: Arcanine|[spread] \n|-activate|p1a: Arcanine|move: Protect\n|-activate|p1b: Garchomp|move: Protect\n|\n|-weather|SunnyDay|[upkeep]\n|-sideend|p2: Momotabanujje|move: Tailwind\n|upkeep\n|turn|6\n|c|☆Momotabanujje|Cheesed\n|c|☆Momotabanujje|no crit helping u now\n|inactive|Momotabanujje has 30 seconds left.\n|\n|t:|1788331828\n|move|p2a: Whimsicott|Encore|p1a: Arcanine\n|-start|p1a: Arcanine|Encore\n|move|p1a: Arcanine|Protect|p1a: Arcanine\n|-singleturn|p1a: Arcanine|Protect\n|move|p2b: Staraptor|Close Combat|p1b: Garchomp\n|-damage|p1b: Garchomp|0 fnt\n|-boost|p2b: Staraptor|def|1\n|-boost|p2b: Staraptor|spd|1\n|-damage|p2b: Staraptor|84/100|[from] ability: Rough Skin|[of] p1b: Garchomp\n|faint|p1b: Garchomp\n|\n|-weather|SunnyDay|[upkeep]\n|upkeep\n|\n|t:|1788331833\n|switch|p1b: Swampert|Swampert, L50, F|47/100\n|turn|7\n|-message|willhoop forfeited.\n|\n|win|Momotabanujje\n|raw|willhoop's rating: 1436 &rarr; <strong>1421</strong><br />(-15 for losing)\n|raw|Momotabanujje's rating: 1526 &rarr; <strong>1541</strong><br />(+15 for winning)\n","uploadtime":1788331838,"views":"11","formatid":"gen9championsvgc2026regmb","rating":1421,"private":0,"password":null}