{"id":"gen9championsvgc2026regmb-2674564668","format":"[Gen 9 Champions] VGC 2026 Reg M-B","players":["melon storme","Ivarthe2ndballon"],"log":"|j|☆melon storme\n|j|☆Ivarthe2ndballon\n|html|<table width=\"100%\"><tr><td align=\"left\">melon storme</td><td align=\"right\">Ivarthe2ndballon</tr><tr><td align=\"left\"><i class=\"fa fa-circle-o\"></i> <i class=\"fa fa-circle-o\"></i> </td><td align=\"right\"><i class=\"fa fa-circle-o\"></i> <i class=\"fa fa-circle-o\"></i> </tr></table>\n|uhtml|bestof|<h2><strong>Game 1</strong> of <a href=\"/game-bestof3-gen9championsvgc2026regmb-2674564667\">a best-of-3</a></h2>\n|t:|1788374499\n|gametype|doubles\n|player|p1|melon storme|kieran-masters|\n|player|p2|Ivarthe2ndballon|gentleman-gen4dp|\n|gen|9\n|tier|[Gen 9 Champions] VGC 2026 Reg M-B\n|rule|Species Clause: Limit one of each Pokémon\n|rule|Item Clause: Limit 1 of each item\n|raw|<div class=\"infobox\"><details class=\"readmore\" open><summary><strong>1 custom rule:</strong></summary> Best of = 3</details></div>\n|clearpoke\n|poke|p1|Lucario, L50, F|\n|poke|p1|Gardevoir, L50, M|\n|poke|p1|Whimsicott, L50, F|\n|poke|p1|Farigiraf, L50, F|\n|poke|p1|Torterra, L50, F|\n|poke|p1|Aegislash, L50, M|\n|poke|p2|Meowstic-F, L50, F, shiny|\n|poke|p2|Hatterene, L50, F, shiny|\n|poke|p2|Eelektross, L50, M|\n|poke|p2|Hydreigon, L50, F|\n|poke|p2|Blaziken, L50, M|\n|poke|p2|Gholdengo, L50|\n|teampreview|4\n|j| moonlshadowz\nIvarthe2ndballon rejected open team sheets.\n|\n|t:|1788374558\n|teamsize|p1|4\n|teamsize|p2|4\n|start\n|switch|p1a: Lucario|Lucario, L50, F|100/100\n|switch|p1b: Whimsicott|Whimsicott, L50, F|100/100\n|switch|p2a: Hatterene|Hatterene, L50, F, shiny|100/100\n|switch|p2b: Meowstic|Meowstic-F, L50, F, shiny|100/100\n|turn|1\n|\n|t:|1788374572\n|detailschange|p2b: Meowstic|Meowstic-F-Mega, L50, F, shiny\n|-mega|p2b: Meowstic|Meowstic|Meowsticite\n|-ability|p2b: Meowstic|Justified|Trace|[from] ability: Trace|[of] p1a: Lucario\n|move|p1b: Whimsicott|Beat Up|p1a: Lucario\n|-resisted|p1a: Lucario|1\n|-damage|p1a: Lucario|97/100\n|-ability|p1a: Lucario|Justified|boost\n|-boost|p1a: Lucario|atk|1\n|-resisted|p1a: Lucario|1\n|-damage|p1a: Lucario|96/100\n|-ability|p1a: Lucario|Justified|boost\n|-boost|p1a: Lucario|atk|1\n|-resisted|p1a: Lucario|1\n|-damage|p1a: Lucario|95/100\n|-ability|p1a: Lucario|Justified|boost\n|-boost|p1a: Lucario|atk|1\n|-resisted|p1a: Lucario|1\n|-damage|p1a: Lucario|93/100\n|-ability|p1a: Lucario|Justified|boost\n|-boost|p1a: Lucario|atk|1\n|-hitcount|p1a: Lucario|4\n|move|p2b: Meowstic|Nasty Plot|p2b: Meowstic\n|-boost|p2b: Meowstic|spa|2\n|move|p1a: Lucario|Iron Defense|p1a: Lucario\n|-boost|p1a: Lucario|def|2\n|move|p2a: Hatterene|Psychic Terrain|p2a: Hatterene\n|-fieldstart|move: Psychic Terrain\n|\n|upkeep\n|turn|2\n|\n|t:|1788374588\n|detailschange|p1a: Lucario|Lucario-Mega, L50, F\n|-mega|p1a: Lucario|Lucario|Lucarionite\n|move|p2b: Meowstic|Protect|p2b: Meowstic\n|-singleturn|p2b: Meowstic|Protect\n|move|p1b: Whimsicott|Tailwind|p1b: Whimsicott\n|-sidestart|p1: melon storme|move: Tailwind\n|move|p1a: Lucario|Rock Slide|p2b: Meowstic|[spread] p2a\n|-activate|p2b: Meowstic|move: Protect\n|-damage|p2a: Hatterene|33/100\n|-enditem|p2a: Hatterene|Sitrus Berry|[eat]\n|-heal|p2a: Hatterene|58/100|[from] item: Sitrus Berry\n|cant|p2a: Hatterene|flinch\n|\n|upkeep\n|turn|3\n|\n|t:|1788374604\n|move|p1b: Whimsicott|Beat Up|p2b: Meowstic\n|-supereffective|p2b: Meowstic|1\n|-damage|p2b: Meowstic|92/100\n|-ability|p2b: Meowstic|Justified|boost\n|-boost|p2b: Meowstic|atk|1\n|-supereffective|p2b: Meowstic|1\n|-damage|p2b: Meowstic|86/100\n|-ability|p2b: Meowstic|Justified|boost\n|-boost|p2b: Meowstic|atk|1\n|-supereffective|p2b: Meowstic|1\n|-damage|p2b: Meowstic|81/100\n|-ability|p2b: Meowstic|Justified|boost\n|-boost|p2b: Meowstic|atk|1\n|-supereffective|p2b: Meowstic|1\n|-damage|p2b: Meowstic|73/100\n|-ability|p2b: Meowstic|Justified|boost\n|-boost|p2b: Meowstic|atk|1\n|-hitcount|p2b: Meowstic|4\n|move|p1a: Lucario|Rock Slide|p2a: Hatterene|[spread] p2a,p2b\n|-damage|p2a: Hatterene|0 fnt\n|-damage|p2b: Meowstic|0 fnt\n|faint|p2a: Hatterene\n|faint|p2b: Meowstic\n|\n|upkeep\n|\n|t:|1788374620\n|switch|p2b: Gholdengo|Gholdengo, L50|100/100\n|switch|p2a: Blaziken|Blaziken, L50, M|100/100\n|turn|4\n|\n|t:|1788374638\n|move|p2a: Blaziken|Protect|p2a: Blaziken\n|-singleturn|p2a: Blaziken|Protect\n|move|p1b: Whimsicott|Beat Up|p2b: Gholdengo\n|-supereffective|p2b: Gholdengo|1\n|-damage|p2b: Gholdengo|93/100\n|-supereffective|p2b: Gholdengo|1\n|-damage|p2b: Gholdengo|89/100\n|-supereffective|p2b: Gholdengo|1\n|-damage|p2b: Gholdengo|85/100\n|-supereffective|p2b: Gholdengo|1\n|-damage|p2b: Gholdengo|79/100\n|-hitcount|p2b: Gholdengo|4\n|move|p1a: Lucario|Rock Slide|p2a: Blaziken|[spread] p2b\n|-activate|p2a: Blaziken|move: Protect\n|-resisted|p2b: Gholdengo|1\n|-damage|p2b: Gholdengo|42/100\n|move|p2b: Gholdengo|Shadow Ball|p1a: Lucario\n|-damage|p1a: Lucario|31/100\n|\n|-ability|p2a: Blaziken|Speed Boost|boost\n|-boost|p2a: Blaziken|spe|1\n|upkeep\n|turn|5\n|\n|t:|1788374660\n|move|p1b: Whimsicott|Beat Up|p2b: Gholdengo\n|-supereffective|p2b: Gholdengo|1\n|-damage|p2b: Gholdengo|36/100\n|-supereffective|p2b: Gholdengo|1\n|-damage|p2b: Gholdengo|31/100\n|-supereffective|p2b: Gholdengo|1\n|-damage|p2b: Gholdengo|28/100\n|-supereffective|p2b: Gholdengo|1\n|-damage|p2b: Gholdengo|21/100\n|-hitcount|p2b: Gholdengo|4\n|move|p1a: Lucario|Rock Slide|p2a: Blaziken|[spread] p2a,p2b\n|-resisted|p2b: Gholdengo|1\n|-damage|p2a: Blaziken|8/100\n|-damage|p2b: Gholdengo|0 fnt\n|faint|p2b: Gholdengo\n|move|p2a: Blaziken|Flare Blitz|p1b: Whimsicott\n|-supereffective|p1b: Whimsicott|1\n|-enditem|p1b: Whimsicott|Focus Sash\n|-damage|p1b: Whimsicott|1/100\n|-damage|p2a: Blaziken|0 fnt|[from] Recoil\n|faint|p2a: Blaziken\n|\n|win|melon storme\n||Ivarthe2ndballon is ready for game 2.\n|inactive|melon storme has 30 seconds to confirm battle start!\n||melon storme is ready for game 2.\n|uhtml|next|Next: <a href=\"/battle-gen9championsvgc2026regmb-2674566188\"><strong>Game 2 of 3</strong></a>\n|l|☆Ivarthe2ndballon\n|player|p2|\n|l| moonlshadowz\n|n|☆melon storme|melonstorme\n","uploadtime":1788379755,"views":"4","formatid":"gen9championsvgc2026regmb","rating":null,"private":0,"password":null}