{"id":"gen9championsvgc2026regmb-2674458316","format":"[Gen 9 Champions] VGC 2026 Reg M-B","players":["Golden Spam","overqwilmaster"],"log":"|j|☆Golden Spam\n|j|☆overqwilmaster\n|t:|1788362214\n|gametype|doubles\n|player|p1|Golden Spam|liza|1403\n|player|p2|overqwilmaster|101|1353\n|gen|9\n|tier|[Gen 9 Champions] VGC 2026 Reg M-B\n|rated|\n|rule|Species Clause: Limit one of each Pokémon\n|rule|Item Clause: Limit 1 of each item\n|clearpoke\n|poke|p1|Sneasler, L50, M|\n|poke|p1|Garchomp, L50, F|\n|poke|p1|Dragonite, L50, F|\n|poke|p1|Zoroark-Hisui, L50, F|\n|poke|p1|Farigiraf, L50, F|\n|poke|p1|Sylveon, L50, F|\n|poke|p2|Overqwil, L50, M|\n|poke|p2|Sneasler, L50, F|\n|poke|p2|Sableye, L50, F|\n|poke|p2|Delphox, L50, M|\n|poke|p2|Weavile, L50, F|\n|poke|p2|Charizard, L50, M|\n|teampreview|4\n|inactive|Battle timer is ON: inactive players will automatically lose when time's up. (requested by overqwilmaster)\n|inactive|Golden Spam has 60 seconds left.\n|inactive|Golden Spam has 30 seconds left.\n|\n|t:|1788362276\n|teamsize|p1|4\n|teamsize|p2|4\n|start\n|switch|p1a: Sneasler|Sneasler, L50, M|100/100\n|switch|p1b: Farigiraf|Farigiraf, L50, F|100/100\n|switch|p2a: Overqwil|Overqwil, L50, M|100/100\n|switch|p2b: Sableye|Sableye, L50, F|100/100\n|-ability|p2a: Overqwil|Intimidate|boost\n|-unboost|p1a: Sneasler|atk|1\n|-unboost|p1b: Farigiraf|atk|1\n|turn|1\n|\n|t:|1788362298\n|move|p2a: Overqwil|Protect|p2a: Overqwil\n|-singleturn|p2a: Overqwil|Protect\n|move|p1a: Sneasler|Feint|p2a: Overqwil\n|-activate|p2a: Overqwil|move: Feint\n|-damage|p2a: Overqwil|92/100\n|move|p2b: Sableye|Light Screen|p2b: Sableye\n|-sidestart|p2: overqwilmaster|move: Light Screen\n|move|p1b: Farigiraf|Taunt|p2a: Overqwil\n|-start|p2a: Overqwil|move: Taunt\n|\n|-heal|p2a: Overqwil|98/100|[from] item: Leftovers\n|upkeep\n|turn|2\n|\n|t:|1788362320\n|move|p2b: Sableye|Sunny Day|p2b: Sableye\n|-weather|SunnyDay\n|move|p1a: Sneasler|Close Combat|p2a: Overqwil\n|-damage|p2a: Overqwil|57/100\n|-unboost|p1a: Sneasler|def|1\n|-unboost|p1a: Sneasler|spd|1\n|move|p1b: Farigiraf|Taunt|p2b: Sableye\n|-start|p2b: Sableye|move: Taunt\n|move|p2a: Overqwil|Barb Barrage|p1b: Farigiraf\n|-resisted|p1b: Farigiraf|1\n|-damage|p1b: Farigiraf|77/100\n|replace|p1b: Zoroark|Zoroark-Hisui, L50, F\n|-end|p1b: Zoroark|Illusion\n|\n|-weather|SunnyDay|[upkeep]\n|-heal|p2a: Overqwil|64/100|[from] item: Leftovers\n|upkeep\n|turn|3\n|inactive|overqwilmaster has 30 seconds left.\n|\n|t:|1788362345\n|switch|p2b: Delphox|Delphox, L50, M|100/100\n|move|p1a: Sneasler|Close Combat|p2a: Overqwil\n|-damage|p2a: Overqwil|20/100y\n|-unboost|p1a: Sneasler|def|1\n|-unboost|p1a: Sneasler|spd|1\n|move|p1b: Zoroark|Hyper Voice|p2b: Delphox|[spread] p2a,p2b\n|-damage|p2a: Overqwil|0 fnt\n|-damage|p2b: Delphox|72/100\n|faint|p2a: Overqwil\n|-damage|p1b: Zoroark|67/100|[from] item: Life Orb\n|\n|-weather|SunnyDay|[upkeep]\n|upkeep\n|\n|t:|1788362351\n|switch|p2a: Sneasler|Sneasler, L50, F|100/100\n|turn|4\n|\n|t:|1788362369\n|switch|p1a: Garchomp|Garchomp, L50, F|100/100\n|detailschange|p2b: Delphox|Delphox-Mega, L50, M\n|-mega|p2b: Delphox|Delphox|Delphoxite\n|move|p2a: Sneasler|Fake Out|p1a: Garchomp\n|-damage|p1a: Garchomp|86/100\n|-damage|p2a: Sneasler|87/100|[from] ability: Rough Skin|[of] p1a: Garchomp\n|move|p2b: Delphox|Heat Wave|p1b: Zoroark|[spread] p1a,p1b\n|-resisted|p1a: Garchomp|1\n|-damage|p1a: Garchomp|53/100\n|-damage|p1b: Zoroark|0 fnt\n|faint|p1b: Zoroark\n|\n|-weather|SunnyDay|[upkeep]\n|upkeep\n|\n|t:|1788362384\n|switch|p1b: Sneasler|Sneasler, L50, M|100/100\n|turn|5\n|\n|t:|1788362394\n|move|p2b: Delphox|Protect|p2b: Delphox\n|-singleturn|p2b: Delphox|Protect\n|move|p2a: Sneasler|Protect|p2a: Sneasler\n|-singleturn|p2a: Sneasler|Protect\n|move|p1b: Sneasler|Feint|p2b: Delphox\n|-activate|p2b: Delphox|move: Feint\n|-damage|p2b: Delphox|58/100\n|move|p1a: Garchomp|Rock Slide|p2a: Sneasler|[spread] p2b\n|-activate|p2a: Sneasler|move: Protect\n|-supereffective|p2b: Delphox|1\n|-damage|p2b: Delphox|0 fnt\n|faint|p2b: Delphox\n|\n|-weather|SunnyDay|[upkeep]\n|-sideend|p2: overqwilmaster|move: Light Screen\n|upkeep\n|\n|t:|1788362399\n|switch|p2b: Sableye|Sableye, L50, F|100/100\n|turn|6\n|\n|t:|1788362420\n|switch|p1a: Farigiraf|Farigiraf, L50, F|100/100\n|move|p2b: Sableye|Fake Out||[still]\n|cant|p1a: Farigiraf|ability: Armor Tail|Fake Out|[of] p2b: Sableye\n|move|p1b: Sneasler|Dire Claw|p2b: Sableye\n|-resisted|p2b: Sableye|1\n|-damage|p2b: Sableye|76/100\n|move|p2a: Sneasler|Close Combat|p1a: Farigiraf\n|-damage|p1a: Farigiraf|47/100\n|-unboost|p2a: Sneasler|def|1\n|-unboost|p2a: Sneasler|spd|1\n|-enditem|p1a: Farigiraf|Sitrus Berry|[eat]\n|-heal|p1a: Farigiraf|71/100|[from] item: Sitrus Berry\n|-enditem|p2a: Sneasler|White Herb\n|-clearnegativeboost|p2a: Sneasler|[silent]\n|\n|-weather|none\n|upkeep\n|turn|7\n|-message|overqwilmaster forfeited.\n|\n|win|Golden Spam\n|raw|Golden Spam's rating: 1403 &rarr; <strong>1420</strong><br />(+17 for winning)\n|raw|overqwilmaster's rating: 1353 &rarr; <strong>1336</strong><br />(-17 for losing)\n","uploadtime":1788362448,"views":"8","formatid":"gen9championsvgc2026regmb","rating":1336,"private":0,"password":null}