{"id":"gen9championsvgc2026regmb-2674735130","format":"[Gen 9 Champions] VGC 2026 Reg M-B","players":["vaicanoi","linkzinhu2"],"log":"|j|☆vaicanoi\n|j|☆linkzinhu2\n|t:|1788397984\n|gametype|doubles\n|player|p1|vaicanoi|red|1218\n|player|p2|linkzinhu2|veteran|1231\n|gen|9\n|tier|[Gen 9 Champions] VGC 2026 Reg M-B\n|rated|\n|rule|Species Clause: Limit one of each Pokémon\n|rule|Item Clause: Limit 1 of each item\n|clearpoke\n|poke|p1|Froslass, L50, F|\n|poke|p1|Raichu, L50, F|\n|poke|p1|Typhlosion-Hisui, L50, F|\n|poke|p1|Whimsicott, L50, M|\n|poke|p1|Farigiraf, L50, F|\n|poke|p1|Kleavor, L50, F|\n|poke|p2|Starmie, L50|\n|poke|p2|Raichu-Alola, L50, M|\n|poke|p2|Alakazam, L50, M|\n|poke|p2|Absol, L50, M|\n|poke|p2|Palafin, L50, M, shiny|\n|poke|p2|Weavile, L50, F|\n|teampreview|4\n|inactive|Battle timer is ON: inactive players will automatically lose when time's up. (requested by linkzinhu2)\n|inactive|vaicanoi has 60 seconds left.\n|\n|t:|1788398026\n|teamsize|p1|4\n|teamsize|p2|4\n|start\n|switch|p1a: Whimsicott|Whimsicott, L50, M|100/100\n|switch|p1b: Kleavor|Kleavor, L50, F|100/100\n|switch|p2a: ドメインの拡大|Raichu-Alola, L50, M|100/100\n|switch|p2b: Scott|Absol, L50, M|100/100\n|turn|1\n|\n|t:|1788398050\n|move|p1a: Whimsicott|Tailwind|p1a: Whimsicott\n|-sidestart|p1: vaicanoi|move: Tailwind\n|move|p1b: Kleavor|Lunge|p2a: ドメインの拡大\n|-supereffective|p2a: ドメインの拡大|1\n|-enditem|p2a: ドメインの拡大|Focus Sash\n|-damage|p2a: ドメインの拡大|1/100\n|move|p2a: ドメインの拡大|Psychic Terrain|p2a: ドメインの拡大\n|-fieldstart|move: Psychic Terrain\n|move|p2b: Scott|Psycho Cut|p1a: Whimsicott\n|-crit|p1a: Whimsicott\n|-damage|p1a: Whimsicott|42/100\n|\n|upkeep\n|turn|2\n|\n|t:|1788398070\n|move|p1a: Whimsicott|Moonblast|p2a: ドメインの拡大\n|-damage|p2a: ドメインの拡大|0 fnt\n|faint|p2a: ドメインの拡大\n|move|p1b: Kleavor|Lunge|p2b: Scott\n|-supereffective|p2b: Scott|1\n|-damage|p2b: Scott|0 fnt\n|faint|p2b: Scott\n|\n|upkeep\n|\n|t:|1788398080\n|switch|p2a: Open|Alakazam, L50, M|100/100\n|switch|p2b: Frozen Heart|Weavile, L50, F|100/100\n|-ability|p2b: Frozen Heart|Pressure\n|turn|3\n|\n|t:|1788398091\n|detailschange|p2a: Open|Alakazam-Mega, L50, M\n|-mega|p2a: Open|Alakazam|Alakazite\n|-ability|p2a: Open|Sheer Force|Trace|[from] ability: Trace|[of] p1b: Kleavor\n|move|p1b: Kleavor|Protect|p1b: Kleavor\n|-singleturn|p1b: Kleavor|Protect\n|move|p2a: Open|Protect|p2a: Open\n|-singleturn|p2a: Open|Protect\n|move|p1a: Whimsicott|Sunny Day|p1a: Whimsicott\n|-weather|SunnyDay\n|move|p2b: Frozen Heart|Icicle Crash|p1a: Whimsicott\n|-supereffective|p1a: Whimsicott|1\n|-crit|p1a: Whimsicott\n|-damage|p1a: Whimsicott|0 fnt\n|faint|p1a: Whimsicott\n|\n|-weather|SunnyDay|[upkeep]\n|upkeep\n|\n|t:|1788398109\n|switch|p1a: Typhlosion|Typhlosion-Hisui, L50, F|100/100\n|-item|p2a: Open|Alakazite|[from] ability: Frisk|[of] p1a: Typhlosion\n|-item|p2b: Frozen Heart|Chople Berry|[from] ability: Frisk|[of] p1a: Typhlosion\n|turn|4\n|\n|t:|1788398121\n|move|p2a: Open|Protect|p2a: Open\n|-singleturn|p2a: Open|Protect\n|move|p1a: Typhlosion|Eruption|p2b: Frozen Heart|[spread] p2b\n|-activate|p2a: Open|move: Protect\n|-supereffective|p2b: Frozen Heart|1\n|-damage|p2b: Frozen Heart|0 fnt\n|faint|p2b: Frozen Heart\n|move|p1b: Kleavor|Lunge|p2a: Open\n|-activate|p2a: Open|move: Protect\n|\n|-weather|SunnyDay|[upkeep]\n|-sideend|p1: vaicanoi|move: Tailwind\n|upkeep\n|turn|5\n|\n|t:|1788398140\n|move|p1b: Kleavor|Protect|p1b: Kleavor\n|-singleturn|p1b: Kleavor|Protect\n|move|p2a: Open|Expanding Force|p1b: Kleavor|[spread] p1a\n|-activate|p1b: Kleavor|move: Protect\n|-damage|p1a: Typhlosion|2/100\n|move|p1a: Typhlosion|Eruption|p2a: Open\n|-damage|p2a: Open|96/100\n|\n|-weather|SunnyDay|[upkeep]\n|-fieldend|move: Psychic Terrain\n|upkeep\n|turn|6\n|\n|t:|1788398162\n|move|p2a: Open|Focus Blast|p1b: Kleavor\n|-damage|p1b: Kleavor|0 fnt\n|faint|p1b: Kleavor\n|move|p1a: Typhlosion|Eruption|p2a: Open\n|-damage|p2a: Open|93/100\n|\n|-weather|SunnyDay|[upkeep]\n|upkeep\n|\n|t:|1788398172\n|switch|p1b: Raichu|Raichu, L50, F|100/100\n|turn|7\n|\n|t:|1788398182\n|detailschange|p1b: Raichu|Raichu-Mega-Y, L50, F\n|-mega|p1b: Raichu|Raichu|Raichunite Y\n|move|p1b: Raichu|Fake Out|p2a: Open\n|-damage|p2a: Open|78/100\n|cant|p2a: Open|flinch\n|move|p1a: Typhlosion|Eruption|p2a: Open\n|-damage|p2a: Open|75/100\n|\n|-weather|none\n|upkeep\n|turn|8\n|\n|t:|1788398197\n|move|p2a: Open|Focus Blast|p1b: Raichu\n|-damage|p1b: Raichu|0 fnt\n|faint|p1b: Raichu\n|move|p1a: Typhlosion|Eruption|p2a: Open\n|-damage|p2a: Open|72/100\n|\n|upkeep\n|turn|9\n|-message|vaicanoi forfeited.\n|\n|win|linkzinhu2\n|raw|vaicanoi's rating: 1218 &rarr; <strong>1194</strong><br />(-24 for losing)\n|raw|linkzinhu2's rating: 1231 &rarr; <strong>1255</strong><br />(+24 for winning)\n|l|☆vaicanoi\n|player|p1|\n","uploadtime":1788398205,"views":"3","formatid":"gen9championsvgc2026regmb","rating":1194,"private":0,"password":null}