{"id":"gen9championsvgc2026regmb-2674689294","format":"[Gen 9 Champions] VGC 2026 Reg M-B","players":["IkeFAR","gkwsngrwspkf"],"log":"|j|☆IkeFAR\n|j|☆gkwsngrwspkf\n|t:|1788390901\n|gametype|doubles\n|player|p1|IkeFAR|steven|1000\n|player|p2|gkwsngrwspkf|wattson|1078\n|gen|9\n|tier|[Gen 9 Champions] VGC 2026 Reg M-B\n|rated|\n|rule|Species Clause: Limit one of each Pokémon\n|rule|Item Clause: Limit 1 of each item\n|clearpoke\n|poke|p1|Venusaur, L50, M|\n|poke|p1|Grimmsnarl, L50, M|\n|poke|p1|Pelipper, L50, M|\n|poke|p1|Archaludon, L50, M|\n|poke|p1|Charizard, L50, F|\n|poke|p1|Basculegion, L50, M|\n|poke|p2|Kingambit, L50, F|\n|poke|p2|Basculegion, L50, M|\n|poke|p2|Sneasler, L50, F|\n|poke|p2|Garchomp, L50, M|\n|poke|p2|Charizard, L50, M|\n|poke|p2|Whimsicott, L50, F|\n|teampreview|4\nIkeFAR has agreed to open team sheets.\n|\n|t:|1788390942\n|teamsize|p1|4\n|teamsize|p2|4\n|start\n|switch|p1a: Charizard|Charizard, L50, F|100/100\n|switch|p1b: Venusaur|Venusaur, L50, M|100/100\n|switch|p2a: Garchomp|Garchomp, L50, M|100/100\n|switch|p2b: Charizard|Charizard, L50, M|100/100\n|turn|1\n|\n|t:|1788390972\n|detailschange|p2b: Charizard|Charizard-Mega-Y, L50, M\n|-mega|p2b: Charizard|Charizard|Charizardite Y\n|-weather|SunnyDay|[from] ability: Drought|[of] p2b: Charizard\n|detailschange|p1a: Charizard|Charizard-Mega-Y, L50, F\n|-mega|p1a: Charizard|Charizard|Charizardite Y\n|move|p1b: Venusaur|Sleep Powder|p2a: Garchomp\n|-status|p2a: Garchomp|slp|[from] move: Sleep Powder\n|cant|p2a: Garchomp|slp\n|move|p2b: Charizard|Heat Wave|p1b: Venusaur|[spread] p1a,p1b\n|-resisted|p1a: Charizard|1\n|-supereffective|p1b: Venusaur|1\n|-damage|p1a: Charizard|70/100\n|-enditem|p1b: Venusaur|Focus Sash\n|-damage|p1b: Venusaur|1/100\n|move|p1a: Charizard|Heat Wave|p2a: Garchomp|[spread] p2a,p2b\n|-resisted|p2a: Garchomp|1\n|-resisted|p2b: Charizard|1\n|-damage|p2a: Garchomp|65/100 slp\n|-damage|p2b: Charizard|67/100\n|\n|-weather|SunnyDay|[upkeep]\n|upkeep\n|turn|2\n|\n|t:|1788390992\n|move|p2b: Charizard|Protect|p2b: Charizard\n|-singleturn|p2b: Charizard|Protect\n|move|p1b: Venusaur|Sleep Powder|p2b: Charizard\n|-activate|p2b: Charizard|move: Protect\n|cant|p2a: Garchomp|slp\n|move|p1a: Charizard|Solar Beam||[still]\n|-prepare|p1a: Charizard|Solar Beam\n|-anim|p1a: Charizard|Solar Beam|p2a: Garchomp\n|-damage|p2a: Garchomp|15/100 slp\n|\n|-weather|SunnyDay|[upkeep]\n|upkeep\n|turn|3\n|\n|t:|1788391015\n|move|p1b: Venusaur|Protect|p1b: Venusaur\n|-singleturn|p1b: Venusaur|Protect\n|move|p1a: Charizard|Protect|p1a: Charizard\n|-singleturn|p1a: Charizard|Protect\n|-curestatus|p2a: Garchomp|slp|[msg]\n|move|p2a: Garchomp|Rock Slide|p1a: Charizard|[spread] \n|-activate|p1a: Charizard|move: Protect\n|-activate|p1b: Venusaur|move: Protect\n|move|p2b: Charizard|Ancient Power|p1a: Charizard\n|-activate|p1a: Charizard|move: Protect\n|\n|-weather|SunnyDay|[upkeep]\n|upkeep\n|turn|4\n|\n|t:|1788391037\n|switch|p1a: Archaludon|Archaludon, L50, M|100/100\n|move|p2a: Garchomp|Protect|p2a: Garchomp\n|-singleturn|p2a: Garchomp|Protect\n|move|p1b: Venusaur|Earth Power|p2a: Garchomp\n|-activate|p2a: Garchomp|move: Protect\n|move|p2b: Charizard|Ancient Power|p1a: Archaludon\n|-resisted|p1a: Archaludon|1\n|-damage|p1a: Archaludon|86/100\n|-ability|p1a: Archaludon|Stamina|boost\n|-boost|p1a: Archaludon|def|1\n|\n|-weather|SunnyDay|[upkeep]\n|-heal|p1a: Archaludon|92/100|[from] item: Leftovers\n|upkeep\n|turn|5\n|\n|t:|1788391067\n|switch|p2b: Sneasler|Sneasler, L50, F|100/100\n|move|p1a: Archaludon|Protect|p1a: Archaludon\n|-singleturn|p1a: Archaludon|Protect\n|move|p1b: Venusaur|Earth Power|p2a: Garchomp\n|-damage|p2a: Garchomp|0 fnt\n|faint|p2a: Garchomp\n|\n|-weather|none\n|-heal|p1a: Archaludon|98/100|[from] item: Leftovers\n|upkeep\n|\n|t:|1788391079\n|switch|p2a: Basculegion|Basculegion, L50, M|100/100\n|turn|6\n|\n|t:|1788391100\n|switch|p1a: Charizard|Charizard-Mega-Y, L50, F|70/100\n|-weather|SunnyDay|[from] ability: Drought|[of] p1a: Charizard\n|move|p2b: Sneasler|Feint|p1b: Venusaur\n|-damage|p1b: Venusaur|0 fnt\n|faint|p1b: Venusaur\n|move|p2a: Basculegion|Flip Turn|p1a: Charizard\n|-supereffective|p1a: Charizard|1\n|-damage|p1a: Charizard|35/100\n|\n|t:|1788391110\n|switch|p2a: Charizard|Charizard-Mega-Y, L50, M|67/100|[from] Flip Turn\n|\n|-weather|SunnyDay|[upkeep]\n|upkeep\n|\n|t:|1788391113\n|switch|p1b: Pelipper|Pelipper, L50, M|100/100\n|-weather|RainDance|[from] ability: Drizzle|[of] p1b: Pelipper\n|turn|7\n|\n|t:|1788391123\n|switch|p2b: Basculegion|Basculegion, L50, M|100/100\n|move|p2a: Charizard|Ancient Power|p1a: Charizard\n|-supereffective|p1a: Charizard|2\n|-damage|p1a: Charizard|0 fnt\n|faint|p1a: Charizard\n|move|p1b: Pelipper|Hurricane|p2b: Basculegion\n|-damage|p2b: Basculegion|53/100\n|\n|-weather|RainDance|[upkeep]\n|upkeep\n|\n|t:|1788391125\n|switch|p1a: Archaludon|Archaludon, L50, M|98/100\n|turn|8\n|\n|t:|1788391154\n|switch|p2a: Sneasler|Sneasler, L50, F|100/100\n|move|p2b: Basculegion|Last Respects|p1b: Pelipper\n|-damage|p1b: Pelipper|25/100\n|-enditem|p1b: Pelipper|Sitrus Berry|[eat]\n|-heal|p1b: Pelipper|50/100y|[from] item: Sitrus Berry\n|move|p1a: Archaludon|Electro Shot||[still]\n|-prepare|p1a: Archaludon|Electro Shot\n|-boost|p1a: Archaludon|spa|1\n|-anim|p1a: Archaludon|Electro Shot|p2a: Sneasler\n|-damage|p2a: Sneasler|17/100\n|move|p1b: Pelipper|Tailwind|p1b: Pelipper\n|-sidestart|p1: IkeFAR|move: Tailwind\n|\n|-weather|RainDance|[upkeep]\n|-heal|p1a: Archaludon|100/100|[from] item: Leftovers\n|upkeep\n|turn|9\n|\n|t:|1788391175\n|switch|p2a: Charizard|Charizard-Mega-Y, L50, M|67/100\n|-weather|SunnyDay|[from] ability: Drought|[of] p2a: Charizard\n|move|p1a: Archaludon|Dragon Pulse|p2b: Basculegion\n|-damage|p2b: Basculegion|0 fnt\n|faint|p2b: Basculegion\n|move|p1b: Pelipper|Hurricane|p2a: Charizard\n|-damage|p2a: Charizard|20/100y\n|-start|p2a: Charizard|confusion\n|\n|-weather|SunnyDay|[upkeep]\n|upkeep\n|\n|t:|1788391186\n|switch|p2b: Sneasler|Sneasler, L50, F|17/100\n|turn|10\n|\n|t:|1788391197\n|move|p2b: Sneasler|Fake Out|p1a: Archaludon\n|-resisted|p1a: Archaludon|1\n|-damage|p1a: Archaludon|94/100\n|-ability|p1a: Archaludon|Stamina|boost\n|-boost|p1a: Archaludon|def|1\n|cant|p1a: Archaludon|flinch\n|move|p1b: Pelipper|Weather Ball|p2b: Sneasler\n|-damage|p2b: Sneasler|0 fnt\n|faint|p2b: Sneasler\n|-activate|p2a: Charizard|confusion\n|move|p2a: Charizard|Heat Wave|p1b: Pelipper|[spread] p1a,p1b\n|-resisted|p1b: Pelipper|1\n|-damage|p1a: Archaludon|35/100\n|-damage|p1b: Pelipper|13/100\n|-ability|p1a: Archaludon|Stamina|boost\n|-boost|p1a: Archaludon|def|1\n|\n|-weather|SunnyDay|[upkeep]\n|-heal|p1a: Archaludon|41/100|[from] item: Leftovers\n|upkeep\n|turn|11\n|\n|t:|1788391213\n|-end|p2a: Charizard|confusion\n|move|p2a: Charizard|Protect|p2a: Charizard\n|-singleturn|p2a: Charizard|Protect\n|move|p1a: Archaludon|Dragon Pulse|p2a: Charizard\n|-activate|p2a: Charizard|move: Protect\n|move|p1b: Pelipper|Weather Ball|p2a: Charizard\n|-activate|p2a: Charizard|move: Protect\n|\n|-weather|SunnyDay|[upkeep]\n|-heal|p1a: Archaludon|47/100|[from] item: Leftovers\n|-sideend|p1: IkeFAR|move: Tailwind\n|upkeep\n|turn|12\n|\n|t:|1788391226\n|move|p1b: Pelipper|Wide Guard|p1b: Pelipper\n|-singleturn|p1b: Pelipper|Wide Guard\n|move|p2a: Charizard|Heat Wave|p1b: Pelipper|[spread] \n|-activate|p1a: Archaludon|move: Wide Guard\n|-activate|p1b: Pelipper|move: Wide Guard\n|move|p1a: Archaludon|Dragon Pulse|p2a: Charizard\n|-damage|p2a: Charizard|0 fnt\n|faint|p2a: Charizard\n|\n|win|IkeFAR\n|raw|IkeFAR's rating: 1000 &rarr; <strong>1049</strong><br />(+49 for winning)\n|raw|gkwsngrwspkf's rating: 1078 &rarr; <strong>1052</strong><br />(-26 for losing)\n|l|☆gkwsngrwspkf\n|player|p2|\n|c|☆IkeFAR|gg\n","uploadtime":1788391234,"views":"5","formatid":"gen9championsvgc2026regmb","rating":1049,"private":0,"password":null}