{"id":"gen9championsvgc2026regmbbo3-2673684785","format":"[Gen 9 Champions] VGC 2026 Reg M-B (Bo3)","players":["DecorateWithDonuts","KinnatheKoa"],"log":"|j|☆DecorateWithDonuts\n|j|☆KinnatheKoa\n|html|<table width=\"100%\"><tr><td align=\"left\">DecorateWithDonuts</td><td align=\"right\">KinnatheKoa</tr><tr><td align=\"left\"><i class=\"fa fa-circle-o\"></i> <i class=\"fa fa-circle-o\"></i> </td><td align=\"right\"><i class=\"fa fa-circle-o\"></i> <i class=\"fa fa-circle-o\"></i> </tr></table>\n|uhtml|bestof|<h2><strong>Game 1</strong> of <a href=\"/game-bestof3-gen9championsvgc2026regmbbo3-2673684784\">a best-of-3</a></h2>\n|t:|1788232858\n|gametype|doubles\n|player|p1|DecorateWithDonuts|rosa|\n|player|p2|KinnatheKoa|102|\n|gen|9\n|tier|[Gen 9 Champions] VGC 2026 Reg M-B (Bo3)\n|rule|Species Clause: Limit one of each Pokémon\n|rule|Item Clause: Limit 1 of each item\n|clearpoke\n|poke|p1|Alcremie-Ruby-Swirl, L50, F|\n|poke|p1|Camerupt, L50, M|\n|poke|p1|Farigiraf, L50, M|\n|poke|p1|Blastoise, L50, F|\n|poke|p1|Vivillon-Pokeball, L50, F|\n|poke|p1|Hatterene, L50, F|\n|poke|p2|Raichu, L50, F|\n|poke|p2|Staraptor, L50, F|\n|poke|p2|Arcanine-Hisui, L50, M|\n|poke|p2|Farigiraf, L50, M|\n|poke|p2|Sylveon, L50, F|\n|poke|p2|Kingambit, L50, M|\n|teampreview|4\n|showteam|p1|Alcremie-Ruby-Swirl||IronBall|SweetVeil|Decorate,AlluringVoice,HelpingHand,Protect|Relaxed||F|||50|]Camerupt||Cameruptite|SolidRock|HeatWave,AncientPower,EarthPower,Protect|Modest||M|||50|]Farigiraf||SitrusBerry|ArmorTail|TrickRoom,LowKick,Thunderbolt,Psyshock|Relaxed||M|||50|]Blastoise||Blastoisinite|RainDish|FakeOut,WaterSpout,AuraSphere,DarkPulse|Quiet||F|||50|]Vivillon-Pokeball||FocusSash|CompoundEyes|Hurricane,SleepPowder,RagePowder,Protect|Timid||F|||50|]Hatterene||LifeOrb|MagicBounce|TrickRoom,DazzlingGleam,StoredPower,Protect|Quiet||F|||50|\n|showteam|p2|Raichu||RaichuniteY|LightningRod|ZapCannon,FocusBlast,FakeOut,Protect|Timid||F|||50|]Staraptor||Staraptite|Intimidate|CloseCombat,DualWingbeat,Tailwind,Protect|Jolly||F|||50|]Arcanine-Hisui||FocusSash|RockHead|FlareBlitz,HeadSmash,ExtremeSpeed,Protect|Jolly||M|||50|]Farigiraf||SitrusBerry|ArmorTail|Psychic,HelpingHand,TrickRoom,Protect|Calm||M|||50|]Sylveon||FairyFeather|Pixilate|HyperVoice,QuickAttack,HyperBeam,Detect|Modest||F|||50|]Kingambit||LifeOrb|Defiant|KowtowCleave,SuckerPunch,SwordsDance,Protect|Adamant||M|||50|\n|\n|t:|1788232934\n|teamsize|p1|4\n|teamsize|p2|4\n|start\n|switch|p1a: Hatterene|Hatterene, L50, F|100/100\n|switch|p1b: Vivillon|Vivillon-Pokeball, L50, F|100/100\n|switch|p2a: Farigiraf|Farigiraf, L50, M|100/100\n|switch|p2b: Kingambit|Kingambit, L50, M|100/100\n|turn|1\n|inactive|Battle timer is ON: inactive players will automatically lose when time's up. (requested by DecorateWithDonuts)\n|inactive|DecorateWithDonuts has 60 seconds left.\n|inactive|KinnatheKoa has 60 seconds left.\n|\n|t:|1788232973\n|move|p2a: Farigiraf|Helping Hand|p2b: Kingambit\n|-singleturn|p2b: Kingambit|Helping Hand|[of] p2a: Farigiraf\n|move|p1a: Hatterene|Protect|p1a: Hatterene\n|-singleturn|p1a: Hatterene|Protect\n|move|p1b: Vivillon|Sleep Powder|p2b: Kingambit\n|-status|p2b: Kingambit|slp|[from] move: Sleep Powder\n|cant|p2b: Kingambit|slp\n|\n|upkeep\n|turn|2\n|\n|t:|1788232998\n|move|p1b: Vivillon|Sleep Powder|p2a: Farigiraf\n|-status|p2a: Farigiraf|slp|[from] move: Sleep Powder\n|cant|p2b: Kingambit|slp\n|move|p1a: Hatterene|Dazzling Gleam|p2a: Farigiraf|[spread] p2a,p2b\n|-damage|p2a: Farigiraf|64/100 slp\n|-damage|p2b: Kingambit|56/100 slp\n|-damage|p1a: Hatterene|90/100|[from] item: Life Orb\n|cant|p2a: Farigiraf|slp\n|\n|upkeep\n|turn|3\n|\n|t:|1788233014\n|-curestatus|p2a: Farigiraf|slp|[msg]\n|move|p2a: Farigiraf|Protect|p2a: Farigiraf\n|-singleturn|p2a: Farigiraf|Protect\n|-curestatus|p2b: Kingambit|slp|[msg]\n|move|p2b: Kingambit|Protect|p2b: Kingambit\n|-singleturn|p2b: Kingambit|Protect\n|move|p1b: Vivillon|Rage Powder|p1b: Vivillon\n|-singleturn|p1b: Vivillon|move: Rage Powder\n|move|p1a: Hatterene|Trick Room|p1a: Hatterene\n|-fieldstart|move: Trick Room|[of] p1a: Hatterene\n|\n|upkeep\n|turn|4\n|inactive|KinnatheKoa has 30 seconds left.\n|\n|t:|1788233041\n|move|p2a: Farigiraf|Helping Hand|p2b: Kingambit\n|-singleturn|p2b: Kingambit|Helping Hand|[of] p2a: Farigiraf\n|move|p1b: Vivillon|Rage Powder|p1b: Vivillon\n|-singleturn|p1b: Vivillon|move: Rage Powder\n|move|p1a: Hatterene|Dazzling Gleam|p2a: Farigiraf|[spread] p2a,p2b\n|-damage|p2a: Farigiraf|25/100\n|-damage|p2b: Kingambit|14/100\n|-enditem|p2a: Farigiraf|Sitrus Berry|[eat]\n|-heal|p2a: Farigiraf|50/100g|[from] item: Sitrus Berry\n|-damage|p1a: Hatterene|80/100|[from] item: Life Orb\n|move|p2b: Kingambit|Kowtow Cleave|p1b: Vivillon\n|-enditem|p1b: Vivillon|Focus Sash\n|-damage|p1b: Vivillon|1/100\n|-damage|p2b: Kingambit|4/100|[from] item: Life Orb\n|\n|upkeep\n|turn|5\n|inactive|DecorateWithDonuts has 30 seconds left.\n|inactive|DecorateWithDonuts has 20 seconds left.\n|\n|t:|1788233077\n|switch|p2b: Raichu|Raichu, L50, F|100/100\n|move|p1b: Vivillon|Rage Powder|p1b: Vivillon\n|-singleturn|p1b: Vivillon|move: Rage Powder\n|move|p1a: Hatterene|Dazzling Gleam|p2a: Farigiraf|[spread] p2a,p2b\n|-damage|p2a: Farigiraf|15/100\n|-damage|p2b: Raichu|41/100\n|-damage|p1a: Hatterene|70/100|[from] item: Life Orb\n|move|p2a: Farigiraf|Psychic|p1b: Vivillon\n|-damage|p1b: Vivillon|0 fnt\n|faint|p1b: Vivillon\n|\n|upkeep\n|\n|t:|1788233089\n|switch|p1b: Camerupt|Camerupt, L50, M|100/100\n|turn|6\n|inactive|KinnatheKoa has 30 seconds left.\n|\n|t:|1788233118\n|switch|p1a: Farigiraf|Farigiraf, L50, M|100/100\n|switch|p2b: Kingambit|Kingambit, L50, M|4/100\n|detailschange|p1b: Camerupt|Camerupt-Mega, L50, M\n|-mega|p1b: Camerupt|Camerupt|Cameruptite\n|move|p2a: Farigiraf|Protect|p2a: Farigiraf\n|-singleturn|p2a: Farigiraf|Protect\n|move|p1b: Camerupt|Heat Wave|p2b: Kingambit|[spread] p2b\n|-activate|p2a: Farigiraf|move: Protect\n|-supereffective|p2b: Kingambit|1\n|-damage|p2b: Kingambit|0 fnt\n|faint|p2b: Kingambit\n|\n|upkeep\n|\n|t:|1788233132\n|switch|p2b: Raichu|Raichu, L50, F|41/100\n|turn|7\n|inactive|DecorateWithDonuts has 30 seconds left.\n|inactive|DecorateWithDonuts has 20 seconds left.\n|\n|t:|1788233172\n|move|p2b: Raichu|Fake Out||[still]\n|cant|p1a: Farigiraf|ability: Armor Tail|Fake Out|[of] p2b: Raichu\n|move|p1b: Camerupt|Heat Wave|p2b: Raichu|[spread] p2b\n|-miss|p1b: Camerupt|p2a: Farigiraf\n|-damage|p2b: Raichu|0 fnt\n|faint|p2b: Raichu\n|move|p1a: Farigiraf|Psyshock|p2a: Farigiraf\n|-resisted|p2a: Farigiraf|1\n|-damage|p2a: Farigiraf|1/100\n|move|p2a: Farigiraf|Psychic|p1b: Camerupt\n|-damage|p1b: Camerupt|67/100\n|\n|-fieldend|move: Trick Room\n|upkeep\n|\n|t:|1788233184\n|switch|p2b: Sylveon|Sylveon, L50, F|100/100\n|turn|8\n|inactive|DecorateWithDonuts has 30 seconds left.\n|inactive|DecorateWithDonuts has 20 seconds left.\n|inactive|DecorateWithDonuts has 15 seconds left.\n|\n|t:|1788233227\n|move|p2b: Sylveon|Hyper Voice|p1a: Farigiraf|[spread] p1a,p1b\n|-resisted|p1b: Camerupt|1\n|-damage|p1a: Farigiraf|53/100\n|-damage|p1b: Camerupt|43/100\n|move|p2a: Farigiraf|Psychic|p1a: Farigiraf\n|-resisted|p1a: Farigiraf|1\n|-damage|p1a: Farigiraf|37/100\n|-enditem|p1a: Farigiraf|Sitrus Berry|[eat]\n|-heal|p1a: Farigiraf|62/100|[from] item: Sitrus Berry\n|move|p1b: Camerupt|Heat Wave|p2a: Farigiraf|[spread] p2a,p2b\n|-damage|p2a: Farigiraf|0 fnt\n|-damage|p2b: Sylveon|57/100\n|faint|p2a: Farigiraf\n|move|p1a: Farigiraf|Trick Room|p1a: Farigiraf\n|-fieldstart|move: Trick Room|[of] p1a: Farigiraf\n|\n|upkeep\n|turn|9\n|inactive|DecorateWithDonuts has 30 seconds left.\n|inactive|DecorateWithDonuts has 20 seconds left.\n|inactive|DecorateWithDonuts has 15 seconds left.\n|\n|t:|1788233270\n|move|p1b: Camerupt|Earth Power|p2b: Sylveon\n|-damage|p2b: Sylveon|0 fnt\n|faint|p2b: Sylveon\n|\n|win|DecorateWithDonuts\n","uploadtime":1788232860,"views":"0","formatid":"gen9championsvgc2026regmbbo3","rating":null,"private":0,"password":null}