{"id":"gen9championsvgc2026regmbbo3-2674962674","format":"[Gen 9 Champions] VGC 2026 Reg M-B (Bo3)","players":["muhc tekhsa123","EDJPP"],"log":"|j|☆muhc tekhsa123\n|j|☆EDJPP\n|html|<table width=\"100%\"><tr><td align=\"left\">muhc tekhsa123</td><td align=\"right\">EDJPP</tr><tr><td align=\"left\"><i class=\"fa fa-circle-o\"></i> <i class=\"fa fa-circle-o\"></i> </td><td align=\"right\"><i class=\"fa fa-circle-o\"></i> <i class=\"fa fa-circle-o\"></i> </tr></table>\n|uhtml|bestof|<h2><strong>Game 1</strong> of <a href=\"/game-bestof3-gen9championsvgc2026regmbbo3-2674962669\">a best-of-3</a></h2>\n|t:|1788442547\n|gametype|doubles\n|player|p1|muhc tekhsa123|170|1000\n|player|p2|EDJPP|volkner|1043\n|gen|9\n|tier|[Gen 9 Champions] VGC 2026 Reg M-B (Bo3)\n|rated|\n|rule|Species Clause: Limit one of each Pokémon\n|rule|Item Clause: Limit 1 of each item\n|clearpoke\n|poke|p1|Klefki, L50, F|\n|poke|p1|Swampert, L50, F|\n|poke|p1|Scizor, L50, M|\n|poke|p1|Zoroark-Hisui, L50, M|\n|poke|p1|Gliscor, L50, F|\n|poke|p1|Primarina, L50, M|\n|poke|p2|Froslass, L50, F|\n|poke|p2|Lycanroc-Dusk, L50, M|\n|poke|p2|Incineroar, L50, F|\n|poke|p2|Farigiraf, L50, M|\n|poke|p2|Sinistcha, L50|\n|poke|p2|Sylveon, L50, F|\n|teampreview|4\n|showteam|p1|Klefki||LightClay|Prankster|LightScreen,Reflect,FoulPlay,RainDance|Calm||F|||50|]Swampert||Swampertite|Torrent|Protect,WaveCrash,Earthquake,IcePunch|Adamant||F|||50|]Scizor||Scizorite|Technician|BulletPunch,CloseCombat,SwordsDance,BugBite|Adamant||M|||50|]Zoroark-Hisui||FocusSash|Illusion|ShadowBall,HyperVoice,IcyWind,Flamethrower|Timid||M|||50|]Gliscor||LifeOrb|HyperCutter|DualWingbeat,Earthquake,RockSlide,Tailwind|Adamant||F|||50|]Primarina||Leftovers|LiquidVoice|HyperVoice,Protect,Moonblast,EnergyBall|Modest||M|||50|\n|showteam|p2|Froslass||Froslassite|SnowCloak|Blizzard,Protect,ShadowBall,AuroraVeil|Timid||F|||50|]Lycanroc-Dusk||FocusSash|ToughClaws|Accelerock,CloseCombat,Protect,RockSlide|Adamant||M|||50|]Incineroar||PasshoBerry|Intimidate|FakeOut,PartingShot,FlareBlitz,ThroatChop|Adamant||F|||50|]Farigiraf||ColburBerry|ArmorTail|Roar,Thunderbolt,Psychic,Protect|Timid||M|||50|]Sinistcha||KasibBerry|Hospitality|MatchaGotcha,RagePowder,TrickRoom,Protect|Sassy|||||50|]Sylveon||FairyFeather|Pixilate|HyperVoice,QuickAttack,HyperBeam,Detect|Modest||F|||50|\n|inactive|Battle timer is ON: inactive players will automatically lose when time's up. (requested by EDJPP)\n|inactive|muhc tekhsa123 has 60 seconds left.\n|inactive|EDJPP has 60 seconds left.\n|inactive|muhc tekhsa123 has 30 seconds left.\n|\n|t:|1788442615\n|teamsize|p1|4\n|teamsize|p2|4\n|start\n|switch|p1a: Primarina|Primarina, L50, M|100/100\n|switch|p1b: Klefki|Klefki, L50, F|100/100\n|switch|p2a: Incineroar|Incineroar, L50, F|100/100\n|switch|p2b: Sinistcha|Sinistcha, L50|100/100\n|-ability|p2a: Incineroar|Intimidate|boost\n|-unboost|p1a: Primarina|atk|1\n|-unboost|p1b: Klefki|atk|1\n|turn|1\n|inactive|muhc tekhsa123 has 30 seconds left.\n|inactive|muhc tekhsa123 has 20 seconds left.\n|\n|t:|1788442650\n|move|p2a: Incineroar|Fake Out|p1a: Primarina\n|-immune|p1a: Primarina\n|move|p1b: Klefki|Reflect|p1b: Klefki\n|-sidestart|p1: muhc tekhsa123|Reflect\n|move|p1a: Primarina|Flamethrower|p2b: Sinistcha\n|-supereffective|p2b: Sinistcha|1\n|-damage|p2b: Sinistcha|48/100\n|move|p2b: Sinistcha|Trick Room|p2b: Sinistcha\n|-fieldstart|move: Trick Room|[of] p2b: Sinistcha\n|\n|upkeep\n|turn|2\n|inactive|muhc tekhsa123 has 30 seconds left.\n|\n|t:|1788442680\n|move|p2a: Incineroar|Flare Blitz|p1b: Klefki\n|-supereffective|p1b: Klefki|1\n|-damage|p1b: Klefki|14/100\n|-damage|p2a: Incineroar|76/100|[from] Recoil\n|move|p2b: Sinistcha|Matcha Gotcha|p1b: Klefki|[spread] \n|-miss|p2b: Sinistcha|p1a: Primarina\n|-miss|p2b: Sinistcha|p1b: Klefki\n|move|p1b: Klefki|Foul Play|p2a: Incineroar\n|-resisted|p2a: Incineroar|1\n|-crit|p2a: Incineroar\n|-damage|p2a: Incineroar|53/100\n|move|p1a: Primarina|Shadow Ball|p2b: Sinistcha\n|-supereffective|p2b: Sinistcha|1\n|-enditem|p2b: Sinistcha|Kasib Berry|[eat]\n|-enditem|p2b: Sinistcha|Kasib Berry|[weaken]\n|-damage|p2b: Sinistcha|12/100\n|\n|upkeep\n|turn|3\n|inactive|muhc tekhsa123 has 30 seconds left.\n|\n|t:|1788442708\n|move|p1b: Klefki|Light Screen|p1b: Klefki\n|-sidestart|p1: muhc tekhsa123|move: Light Screen\n|move|p2a: Incineroar|Parting Shot|p1a: Primarina\n|-unboost|p1a: Primarina|atk|1\n|-unboost|p1a: Primarina|spa|1\n|inactive|EDJPP has 30 seconds left.\n|inactive|EDJPP has 20 seconds left.\n|inactive|EDJPP has 15 seconds left.\n|inactive|EDJPP has 10 seconds left.\n|\n|t:|1788442757\n|switch|p2a: Sylveon|Sylveon, L50, F|100/100|[from] Parting Shot\n|move|p2b: Sinistcha|Matcha Gotcha|p1b: Klefki|[spread] p1a\n|-miss|p2b: Sinistcha|p1b: Klefki\n|-damage|p1a: Primarina|66/100\n|-heal|p2b: Sinistcha|24/100|[from] drain|[of] p1a: Primarina\n|replace|p1a: Zoroark|Zoroark-Hisui, L50, M\n|-end|p1a: Zoroark|Illusion\n|move|p1a: Zoroark|Shadow Ball|p2b: Sinistcha\n|-supereffective|p2b: Sinistcha|1\n|-damage|p2b: Sinistcha|0 fnt\n|faint|p2b: Sinistcha\n|\n|upkeep\n|\n|t:|1788442764\n|switch|p2b: Incineroar|Incineroar, L50, F|53/100\n|-ability|p2b: Incineroar|Intimidate|boost\n|-unboost|p1a: Zoroark|atk|1\n|-unboost|p1b: Klefki|atk|1\n|turn|4\n|\n|t:|1788442786\n|move|p1b: Klefki|Rain Dance|p1b: Klefki\n|-weather|RainDance\n|move|p2b: Incineroar|Throat Chop|p1a: Zoroark\n|-supereffective|p1a: Zoroark|1\n|-damage|p1a: Zoroark|0 fnt\n|faint|p1a: Zoroark\n|move|p2a: Sylveon|Hyper Voice|p1b: Klefki\n|-resisted|p1b: Klefki|1\n|-damage|p1b: Klefki|0 fnt\n|faint|p1b: Klefki\n|\n|-weather|RainDance|[upkeep]\n|upkeep\n|\n|t:|1788442795\n|switch|p1b: Primarina|Primarina, L50, M|100/100\n|switch|p1a: Swampert|Swampert, L50, F|100/100\n|turn|5\n|inactive|EDJPP has 30 seconds left.\n|inactive|EDJPP has 20 seconds left.\n|inactive|EDJPP has 15 seconds left.\n|inactive|EDJPP has 10 seconds left.\n|\n|t:|1788442844\n|move|p1a: Swampert|Protect|p1a: Swampert\n|-singleturn|p1a: Swampert|Protect\n|move|p2b: Incineroar|Parting Shot|p1a: Swampert\n|-activate|p1a: Swampert|move: Protect\n|move|p1b: Primarina|Hyper Voice|p2a: Sylveon|[spread] p2a,p2b\n|-crit|p2a: Sylveon\n|-supereffective|p2b: Incineroar|1\n|-enditem|p2b: Incineroar|Passho Berry|[eat]\n|-enditem|p2b: Incineroar|Passho Berry|[weaken]\n|-damage|p2a: Sylveon|34/100\n|-damage|p2b: Incineroar|0 fnt\n|faint|p2b: Incineroar\n|move|p2a: Sylveon|Hyper Voice|p1b: Primarina|[spread] p1b\n|-activate|p1a: Swampert|move: Protect\n|-damage|p1b: Primarina|73/100\n|\n|-weather|RainDance|[upkeep]\n|-heal|p1b: Primarina|79/100|[from] item: Leftovers\n|-fieldend|move: Trick Room\n|upkeep\n|\n|t:|1788442847\n|switch|p2b: Froslass|Froslass, L50, F|100/100\n|turn|6\n|inactive|muhc tekhsa123 has 30 seconds left.\n|\n|t:|1788442879\n|detailschange|p2b: Froslass|Froslass-Mega, L50, F\n|-mega|p2b: Froslass|Froslass|Froslassite\n|-weather|Snowscape|[from] ability: Snow Warning|[of] p2b: Froslass\n|detailschange|p1a: Swampert|Swampert-Mega, L50, F\n|-mega|p1a: Swampert|Swampert|Swampertite\n|move|p1b: Primarina|Protect|p1b: Primarina\n|-singleturn|p1b: Primarina|Protect\n|move|p2b: Froslass|Blizzard|p1b: Primarina|[spread] p1a\n|-activate|p1b: Primarina|move: Protect\n|-damage|p1a: Swampert|73/100\n|move|p1a: Swampert|Earthquake|p2a: Sylveon|[spread] p2a,p2b\n|-activate|p1b: Primarina|move: Protect\n|-damage|p2a: Sylveon|0 fnt\n|-damage|p2b: Froslass|48/100\n|faint|p2a: Sylveon\n|\n|-weather|Snowscape|[upkeep]\n|-heal|p1b: Primarina|85/100|[from] item: Leftovers\n|upkeep\n|turn|7\n|inactive|EDJPP has 30 seconds left.\n|inactive|EDJPP has 20 seconds left.\n|inactive|EDJPP has 15 seconds left.\n|inactive|EDJPP has 10 seconds left.\n|\n|t:|1788442927\n|move|p2b: Froslass|Blizzard|p1a: Swampert|[spread] p1a,p1b\n|-resisted|p1b: Primarina|1\n|-damage|p1a: Swampert|46/100\n|-damage|p1b: Primarina|71/100\n|move|p1a: Swampert|Wave Crash|p2b: Froslass\n|-damage|p2b: Froslass|0 fnt\n|faint|p2b: Froslass\n|-damage|p1a: Swampert|33/100|[from] Recoil\n|\n|win|muhc tekhsa123\n||EDJPP is ready for game 2.\n","uploadtime":1788442935,"views":"4","formatid":"gen9championsvgc2026regmbbo3","rating":null,"private":0,"password":null}