{"id":"gen9championsvgc2026regmb-2674207431","format":"[Gen 9 Champions] VGC 2026 Reg M-B","players":["PKMNSGaming!","Donjozo"],"log":"|j|☆PKMNSGaming!\n|j|☆Donjozo\n|html|<table width=\"100%\"><tr><td align=\"left\">PKMNSGaming!</td><td align=\"right\">Donjozo</tr><tr><td align=\"left\"><i class=\"fa fa-circle-o\"></i> <i class=\"fa fa-circle-o\"></i> </td><td align=\"right\"><i class=\"fa fa-circle-o\"></i> <i class=\"fa fa-circle-o\"></i> </tr></table>\n|uhtml|bestof|<h2><strong>Game 1</strong> of <a href=\"/game-bestof3-gen9championsvgc2026regmb-2674207430\">a best-of-3</a></h2>\n|t:|1788315534\n|gametype|doubles\n|player|p1|PKMNSGaming!|hilda|\n|player|p2|Donjozo|guzma|\n|gen|9\n|tier|[Gen 9 Champions] VGC 2026 Reg M-B\n|rule|Species Clause: Limit one of each Pokémon\n|rule|Item Clause: Limit 1 of each item\n|raw|<div class=\"infobox\"><details class=\"readmore\" open><summary><strong>2 custom rules:</strong></summary> Best of = 3, !OpenTeamSheets</details></div>\n|clearpoke\n|poke|p1|Aerodactyl, L50, F|\n|poke|p1|Milotic, L50, F|\n|poke|p1|Clefable, L50, F|\n|poke|p1|Floette-Eternal, L50, F|\n|poke|p1|Kangaskhan, L50, F|\n|poke|p1|Krookodile, L50, M|\n|poke|p2|Charizard, L50, M|\n|poke|p2|Aerodactyl, L50, F|\n|poke|p2|Sableye, L50, M|\n|poke|p2|Venusaur, L50, F|\n|poke|p2|Alakazam, L50, M|\n|poke|p2|Oranguru, L50, M|\n|teampreview|4\n|\n|t:|1788315599\n|teamsize|p1|4\n|teamsize|p2|4\n|start\n|switch|p1a: Aerodactyl|Aerodactyl, L50, F|100/100\n|switch|p1b: Clefable|Clefable, L50, F|100/100\n|switch|p2a: Venusaur|Venusaur, L50, F|100/100\n|switch|p2b: Charizard|Charizard, L50, M|100/100\n|-ability|p1a: Aerodactyl|Unnerve\n|turn|1\n|\n|t:|1788315619\n|detailschange|p1a: Aerodactyl|Aerodactyl-Mega, L50, F\n|-mega|p1a: Aerodactyl|Aerodactyl|Aerodactylite\n|detailschange|p2a: Venusaur|Venusaur-Mega, L50, F\n|-mega|p2a: Venusaur|Venusaur|Venusaurite\n|move|p1b: Clefable|Follow Me|p1b: Clefable\n|-singleturn|p1b: Clefable|move: Follow Me\n|move|p1a: Aerodactyl|Tailwind|p1a: Aerodactyl\n|-sidestart|p1: PKMNSGaming!|move: Tailwind\n|move|p2b: Charizard|Heat Wave|p1a: Aerodactyl|[spread] p1a,p1b\n|-resisted|p1a: Aerodactyl|1\n|-damage|p1a: Aerodactyl|79/100\n|-damage|p1b: Clefable|74/100\n|move|p2a: Venusaur|Giga Drain|p1b: Clefable\n|-damage|p1b: Clefable|48/100\n|-enditem|p1b: Clefable|Sitrus Berry|[eat]\n|-heal|p1b: Clefable|72/100|[from] item: Sitrus Berry\n|\n|upkeep\n|turn|2\n|\n|t:|1788315661\n|move|p2b: Charizard|Protect|p2b: Charizard\n|-singleturn|p2b: Charizard|Protect\n|move|p1a: Aerodactyl|Dual Wingbeat|p2a: Venusaur\n|-supereffective|p2a: Venusaur|1\n|-crit|p2a: Venusaur\n|-damage|p2a: Venusaur|31/100\n|-supereffective|p2a: Venusaur|1\n|-damage|p2a: Venusaur|0 fnt\n|faint|p2a: Venusaur\n|-hitcount|p2: Venusaur|2\n|move|p1b: Clefable|Moonblast|p2b: Charizard\n|-activate|p2b: Charizard|move: Protect\n|\n|upkeep\n|\n|t:|1788315667\n|switch|p2a: Aerodactyl|Aerodactyl, L50, F|100/100\n|-ability|p2a: Aerodactyl|Unnerve\n|turn|3\n|\n|t:|1788315688\n|move|p2a: Aerodactyl|Wide Guard|p2a: Aerodactyl\n|-singleturn|p2a: Aerodactyl|Wide Guard\n|move|p1a: Aerodactyl|Dual Wingbeat|p2b: Charizard|[miss]\n|-miss|p1a: Aerodactyl|p2b: Charizard\n|move|p1b: Clefable|Moonblast|p2b: Charizard\n|-resisted|p2b: Charizard|1\n|-damage|p2b: Charizard|80/100\n|move|p2b: Charizard|Heat Wave|p1a: Aerodactyl|[spread] p1a,p1b\n|-resisted|p1a: Aerodactyl|1\n|-damage|p1a: Aerodactyl|61/100\n|-damage|p1b: Clefable|49/100\n|\n|upkeep\n|turn|4\n|\n|t:|1788315716\n|move|p2a: Aerodactyl|Wide Guard|p2a: Aerodactyl\n|-singleturn|p2a: Aerodactyl|Wide Guard\n|move|p1a: Aerodactyl|Rock Slide|p2a: Aerodactyl|[spread] \n|-activate|p2a: Aerodactyl|move: Wide Guard\n|-activate|p2b: Charizard|move: Wide Guard\n|move|p1b: Clefable|Thunder Wave|p2a: Aerodactyl\n|-status|p2a: Aerodactyl|par\n|move|p2b: Charizard|Heat Wave|p1b: Clefable|[spread] p1a\n|-miss|p2b: Charizard|p1b: Clefable\n|-resisted|p1a: Aerodactyl|1\n|-damage|p1a: Aerodactyl|43/100\n|\n|-sideend|p1: PKMNSGaming!|move: Tailwind\n|upkeep\n|turn|5\n|\n|t:|1788315732\n|move|p2b: Charizard|Protect|p2b: Charizard\n|-singleturn|p2b: Charizard|Protect\n|move|p1a: Aerodactyl|Dual Wingbeat|p2b: Charizard\n|-activate|p2b: Charizard|move: Protect\n|cant|p2a: Aerodactyl|par\n|move|p1b: Clefable|Moonblast|p2a: Aerodactyl\n|-damage|p2a: Aerodactyl|59/100 par\n|\n|upkeep\n|turn|6\n|\n|t:|1788315758\n|cant|p2a: Aerodactyl|par\n|move|p1a: Aerodactyl|Dual Wingbeat|p2b: Charizard\n|-damage|p2b: Charizard|45/100\n|-damage|p2b: Charizard|6/100\n|-hitcount|p2b: Charizard|2\n|move|p2b: Charizard|Heat Wave|p1a: Aerodactyl|[spread] p1a,p1b\n|-resisted|p1a: Aerodactyl|1\n|-crit|p1b: Clefable\n|-damage|p1a: Aerodactyl|13/100\n|-damage|p1b: Clefable|0 fnt\n|faint|p1b: Clefable\n|\n|upkeep\n|\n|t:|1788315772\n|switch|p1b: Floette|Floette-Eternal, L50, F|100/100\n|turn|7\n|\n|t:|1788315783\n|move|p2b: Charizard|Protect|p2b: Charizard\n|-singleturn|p2b: Charizard|Protect\n|move|p1a: Aerodactyl|Dual Wingbeat|p2b: Charizard\n|-activate|p2b: Charizard|move: Protect\n|move|p1b: Floette|Moonblast|p2a: Aerodactyl\n|-damage|p2a: Aerodactyl|0 fnt\n|faint|p2a: Aerodactyl\n|\n|upkeep\n|\n|t:|1788315790\n|switch|p2a: Alakazam|Alakazam, L50, M|100/100\n|turn|8\n|\n|t:|1788315800\n|move|p1a: Aerodactyl|Rock Slide|p2b: Charizard|[spread] p2a,p2b\n|-supereffective|p2b: Charizard|2\n|-damage|p2a: Alakazam|29/100\n|-damage|p2b: Charizard|0 fnt\n|faint|p2b: Charizard\n|move|p2a: Alakazam|Psychic|p1b: Floette\n|-damage|p1b: Floette|28/100\n|-unboost|p1b: Floette|spd|1\n|move|p1b: Floette|Dazzling Gleam|p2a: Alakazam\n|-damage|p2a: Alakazam|0 fnt\n|faint|p2a: Alakazam\n|\n|win|PKMNSGaming!\n||Donjozo is ready for game 2.\n","uploadtime":1788315805,"views":"0","formatid":"gen9championsvgc2026regmb","rating":null,"private":0,"password":null}