{"id":"gen9championsvgc2026regmb-2674598512","format":"[Gen 9 Champions] VGC 2026 Reg M-B","players":["fpahstkxkd","mashteroe"],"log":"|j|☆fpahstkxkd\n|j|☆mashteroe\n|t:|1788378531\n|gametype|doubles\n|player|p1|fpahstkxkd|rocketgruntf|1067\n|player|p2|mashteroe|pokemonranger-gen4|1000\n|gen|9\n|tier|[Gen 9 Champions] VGC 2026 Reg M-B\n|rated|\n|rule|Species Clause: Limit one of each Pokémon\n|rule|Item Clause: Limit 1 of each item\n|clearpoke\n|poke|p1|Blaziken, L50, F|\n|poke|p1|Kingambit, L50, F|\n|poke|p1|Aerodactyl, L50, M|\n|poke|p1|Sylveon, L50, F|\n|poke|p1|Venusaur, L50, M|\n|poke|p1|Gholdengo, L50|\n|poke|p2|Charizard, L50, F|\n|poke|p2|Whimsicott, L50, M|\n|poke|p2|Basculegion, L50, M|\n|poke|p2|Mawile, L50, F, shiny|\n|poke|p2|Farigiraf, L50, M|\n|poke|p2|Garchomp, L50, F|\n|teampreview|4\n|inactive|Battle timer is ON: inactive players will automatically lose when time's up. (requested by fpahstkxkd)\n|inactive|mashteroe has 60 seconds left.\n|\n|t:|1788378566\n|teamsize|p1|4\n|teamsize|p2|4\n|start\n|switch|p1a: Kingambit|Kingambit, L50, F|100/100\n|switch|p1b: Aerodactyl|Aerodactyl, L50, M|100/100\n|switch|p2a: Whimsicott|Whimsicott, L50, M|100/100\n|switch|p2b: Basculegion|Basculegion, L50, M|100/100\n|-ability|p1b: Aerodactyl|Unnerve\n|turn|1\n|inactive|mashteroe has 30 seconds left.\n|\n|t:|1788378597\n|move|p2a: Whimsicott|Tailwind|p2a: Whimsicott\n|-sidestart|p2: mashteroe|move: Tailwind\n|move|p1b: Aerodactyl|Dual Wingbeat|p2a: Whimsicott\n|-supereffective|p2a: Whimsicott|1\n|-damage|p2a: Whimsicott|67/100\n|-supereffective|p2a: Whimsicott|1\n|-damage|p2a: Whimsicott|34/100\n|-hitcount|p2a: Whimsicott|2\n|move|p2b: Basculegion|Wave Crash|p1b: Aerodactyl\n|-supereffective|p1b: Aerodactyl|1\n|-enditem|p1b: Aerodactyl|Focus Sash\n|-damage|p1b: Aerodactyl|1/100\n|-damage|p2b: Basculegion|77/100|[from] Recoil\n|move|p1a: Kingambit|Kowtow Cleave|p2b: Basculegion\n|-supereffective|p2b: Basculegion|1\n|-damage|p2b: Basculegion|0 fnt\n|faint|p2b: Basculegion\n|\n|upkeep\n|\n|t:|1788378616\n|switch|p2b: Mawile|Mawile, L50, F, shiny|100/100\n|turn|2\n|\n|t:|1788378636\n|detailschange|p2b: Mawile|Mawile-Mega, L50, F, shiny\n|-mega|p2b: Mawile|Mawile|Mawilite\n|move|p2a: Whimsicott|Protect|p2a: Whimsicott\n|-singleturn|p2a: Whimsicott|Protect\n|move|p1b: Aerodactyl|Tailwind|p1b: Aerodactyl\n|-sidestart|p1: fpahstkxkd|move: Tailwind\n|move|p1a: Kingambit|Iron Head|p2a: Whimsicott\n|-activate|p2a: Whimsicott|move: Protect\n|move|p2b: Mawile|Rock Slide|p1b: Aerodactyl|[spread] p1a,p1b\n|-resisted|p1a: Kingambit|1\n|-supereffective|p1b: Aerodactyl|1\n|-damage|p1a: Kingambit|86/100\n|-damage|p1b: Aerodactyl|0 fnt\n|faint|p1b: Aerodactyl\n|\n|upkeep\n|\n|t:|1788378644\n|switch|p1b: Venusaur|Venusaur, L50, M|100/100\n|turn|3\n|inactive|mashteroe has 30 seconds left.\n|\n|t:|1788378676\n|switch|p2a: Farigiraf|Farigiraf, L50, M|100/100\n|detailschange|p1b: Venusaur|Venusaur-Mega, L50, M\n|-mega|p1b: Venusaur|Venusaur|Venusaurite\n|move|p2b: Mawile|Protect|p2b: Mawile\n|-singleturn|p2b: Mawile|Protect\n|move|p1b: Venusaur|Earth Power|p2b: Mawile\n|-activate|p2b: Mawile|move: Protect\n|move|p1a: Kingambit|Iron Head|p2b: Mawile\n|-activate|p2b: Mawile|move: Protect\n|\n|upkeep\n|turn|4\n|\n|t:|1788378697\n|switch|p2b: Whimsicott|Whimsicott, L50, M|34/100\n|move|p1b: Venusaur|Earth Power|p2b: Whimsicott\n|-resisted|p2b: Whimsicott|1\n|-damage|p2b: Whimsicott|13/100\n|move|p1a: Kingambit|Iron Head|p2b: Whimsicott\n|-supereffective|p2b: Whimsicott|1\n|-crit|p2b: Whimsicott\n|-damage|p2b: Whimsicott|0 fnt\n|faint|p2b: Whimsicott\n|move|p2a: Farigiraf|Trick Room|p2a: Farigiraf\n|-fieldstart|move: Trick Room|[of] p2a: Farigiraf\n|\n|-sideend|p2: mashteroe|move: Tailwind\n|upkeep\n|\n|t:|1788378708\n|switch|p2b: Mawile|Mawile-Mega, L50, F, shiny|100/100\n|turn|5\n|\n|t:|1788378721\n|move|p2b: Mawile|Rock Slide|p1b: Venusaur|[spread] p1a,p1b\n|-resisted|p1a: Kingambit|1\n|-damage|p1a: Kingambit|72/100\n|-damage|p1b: Venusaur|70/100\n|move|p2a: Farigiraf|Psychic|p1b: Venusaur\n|-supereffective|p1b: Venusaur|1\n|-damage|p1b: Venusaur|15/100\n|move|p1a: Kingambit|Kowtow Cleave|p2a: Farigiraf\n|-supereffective|p2a: Farigiraf|1\n|-damage|p2a: Farigiraf|0 fnt\n|faint|p2a: Farigiraf\n|move|p1b: Venusaur|Sludge Bomb|p2b: Mawile\n|-immune|p2b: Mawile\n|\n|-sideend|p1: fpahstkxkd|move: Tailwind\n|upkeep\n|turn|6\n|\n|t:|1788378738\n|move|p1a: Kingambit|Protect|p1a: Kingambit\n|-singleturn|p1a: Kingambit|Protect\n|move|p1b: Venusaur|Protect|p1b: Venusaur\n|-singleturn|p1b: Venusaur|Protect\n|move|p2b: Mawile|Rock Slide|p1a: Kingambit|[spread] \n|-activate|p1a: Kingambit|move: Protect\n|-activate|p1b: Venusaur|move: Protect\n|\n|upkeep\n|turn|7\n|\n|t:|1788378752\n|move|p1a: Kingambit|Iron Head|p2b: Mawile\n|-damage|p2b: Mawile|57/100\n|move|p2b: Mawile|Play Rough|p1a: Kingambit\n|-damage|p1a: Kingambit|12/100\n|-unboost|p1a: Kingambit|atk|1\n|-ability|p1a: Kingambit|Defiant|boost\n|-boost|p1a: Kingambit|atk|2\n|move|p1b: Venusaur|Earth Power|p2b: Mawile\n|-supereffective|p2b: Mawile|1\n|-damage|p2b: Mawile|0 fnt\n|faint|p2b: Mawile\n|\n|win|fpahstkxkd\n|raw|fpahstkxkd's rating: 1067 &rarr; <strong>1091</strong><br />(+24 for winning)\n|raw|mashteroe's rating: 1000 &rarr; <strong>1000</strong><br />(+0 for losing)\n|c|☆mashteroe|gg\n|c|☆fpahstkxkd|Gg\n|l|☆fpahstkxkd\n|player|p1|\n|l|☆mashteroe\n|player|p2|\n|j|☆mashteroe\n|player|p2|mashteroe|pokemonranger-gen4|\n","uploadtime":1788378753,"views":"0","formatid":"gen9championsvgc2026regmb","rating":1000,"private":0,"password":null}