{"id":"gen9championsvgc2026regmbbo3-2674564989","format":"[Gen 9 Champions] VGC 2026 Reg M-B (Bo3)","players":["TheBigMark","Olciax34"],"log":"|j|☆TheBigMark\n|j|☆Olciax34\n|html|<table width=\"100%\"><tr><td align=\"left\">TheBigMark</td><td align=\"right\">Olciax34</tr><tr><td align=\"left\"><i class=\"fa fa-circle\"></i> <i class=\"fa fa-circle-o\"></i> </td><td align=\"right\"><i class=\"fa fa-circle-o\"></i> <i class=\"fa fa-circle-o\"></i> </tr></table>\n|uhtml|bestof|<h2><strong>Game 2</strong> of <a href=\"/game-bestof3-gen9championsvgc2026regmbbo3-2674562680\">a best-of-3</a></h2>\n|t:|1788374537\n|gametype|doubles\n|player|p1|TheBigMark|rocketgrunt|1241\n|player|p2|Olciax34|clair|1356\n|gen|9\n|tier|[Gen 9 Champions] VGC 2026 Reg M-B (Bo3)\n|rated|\n|rule|Species Clause: Limit one of each Pokémon\n|rule|Item Clause: Limit 1 of each item\n|clearpoke\n|poke|p1|Goodra-Hisui, L50, F|\n|poke|p1|Delphox, L50, M|\n|poke|p1|Floette-Eternal, L50, F|\n|poke|p1|Ninetales-Alola, L50, M|\n|poke|p1|Sneasler, L50, M|\n|poke|p1|Basculegion, L50, M|\n|poke|p2|Floette-Eternal, L50, F|\n|poke|p2|Sinistcha, L50|\n|poke|p2|Incineroar, L50, F|\n|poke|p2|Basculegion, L50, M|\n|poke|p2|Sneasler, L50, F|\n|poke|p2|Dragonite, L50, F|\n|teampreview|4\n|showteam|p1|Goodra-Hisui||Leftovers|ShellArmor|HeavySlam,BodyPress,Protect,Shelter|Impish||F|||50|]Delphox||Delphoxite|Blaze|HeatWave,Psychic,NastyPlot,Protect|Modest||M|||50|]Floette-Eternal||Floettite|FlowerVeil|Protect,CalmMind,DazzlingGleam,Moonblast|Modest||F|||50|]Ninetales-Alola||ChoiceScarf|SnowWarning|DazzlingGleam,Blizzard,FreezeDry,IcyWind|Modest||M|||50|]Sneasler||WhiteHerb|Unburden|RockSlide,FakeOut,CloseCombat,DireClaw|Serious||M|||50|]Basculegion||FocusSash|Adaptability|AquaJet,LastRespects,Liquidation,Protect|Jolly||M|||50|\n|showteam|p2|Floette-Eternal||Floettite|FlowerVeil|DazzlingGleam,DrainingKiss,CalmMind,Protect|Modest||F|||50|]Sinistcha||ColburBerry|Hospitality|MatchaGotcha,TrickRoom,RagePowder,Protect|Calm|||||50|]Incineroar||SitrusBerry|Intimidate|FlareBlitz,ThroatChop,PartingShot,FakeOut|Careful||F|||50|]Basculegion||ChoiceScarf|Adaptability|WaveCrash,FlipTurn,AquaJet,LastRespects|Jolly||M|||50|]Sneasler||FocusSash|PoisonTouch|FakeOut,PoisonJab,CloseCombat,Coaching|Jolly||F|||50|]Dragonite||Dragoninite|Multiscale|DragonPulse,HeatWave,ExtremeSpeed,Protect|Modest||F|||50|\n|\n|t:|1788374570\n|teamsize|p1|4\n|teamsize|p2|4\n|start\n|switch|p1a: Sneasler|Sneasler, L50, M|100/100\n|switch|p1b: Ninetales|Ninetales-Alola, L50, M|100/100\n|switch|p2a: Basculegion|Basculegion, L50, M|100/100\n|switch|p2b: Floette|Floette-Eternal, L50, F|100/100\n|-weather|Snowscape|[from] ability: Snow Warning|[of] p1b: Ninetales\n|turn|1\n|inactive|Battle timer is ON: inactive players will automatically lose when time's up. (requested by Olciax34)\n|\n|t:|1788374600\n|move|p2b: Floette|Protect|p2b: Floette\n|-singleturn|p2b: Floette|Protect\n|move|p1a: Sneasler|Fake Out|p2b: Floette\n|-activate|p2b: Floette|move: Protect\n|move|p1b: Ninetales|Freeze-Dry|p2a: Basculegion\n|-supereffective|p2a: Basculegion|1\n|-damage|p2a: Basculegion|31/100\n|move|p2a: Basculegion|Wave Crash|p1a: Sneasler\n|-damage|p1a: Sneasler|1/100\n|-damage|p2a: Basculegion|2/100|[from] Recoil\n|\n|-weather|Snowscape|[upkeep]\n|upkeep\n|turn|2\n|inactive|TheBigMark has 30 seconds left.\n|\n|t:|1788374628\n|switch|p2a: Incineroar|Incineroar, L50, F|100/100\n|-ability|p2a: Incineroar|Intimidate|boost\n|-unboost|p1a: Sneasler|atk|1\n|-unboost|p1b: Ninetales|atk|1\n|-enditem|p1a: Sneasler|White Herb\n|-clearnegativeboost|p1a: Sneasler|[silent]\n|switch|p2b: Sneasler|Sneasler, L50, F|100/100\n|move|p1a: Sneasler|Close Combat|p2b: Sneasler\n|-resisted|p2b: Sneasler|1\n|-damage|p2b: Sneasler|58/100\n|-unboost|p1a: Sneasler|def|1\n|-unboost|p1a: Sneasler|spd|1\n|move|p1b: Ninetales|Freeze-Dry|p2a: Incineroar\n|-resisted|p2a: Incineroar|1\n|-damage|p2a: Incineroar|89/100\n|\n|-weather|Snowscape|[upkeep]\n|upkeep\n|turn|3\n|inactive|TheBigMark has 30 seconds left.\n|\n|t:|1788374659\n|switch|p1a: Basculegion|Basculegion, L50, M|100/100\n|switch|p1b: Delphox|Delphox, L50, M|100/100\n|move|p2a: Incineroar|Fake Out|p1a: Basculegion\n|-immune|p1a: Basculegion\n|move|p2b: Sneasler|Poison Jab|p1b: Delphox\n|-damage|p1b: Delphox|53/100\n|-status|p1b: Delphox|psn\n|\n|-weather|Snowscape|[upkeep]\n|-damage|p1b: Delphox|40/100 psn|[from] psn\n|upkeep\n|turn|4\n|\n|t:|1788374684\n|switch|p2a: Basculegion|Basculegion, L50, M|2/100\n|detailschange|p1b: Delphox|Delphox-Mega, L50, M\n|-mega|p1b: Delphox|Delphox|Delphoxite\n|move|p2b: Sneasler|Poison Jab|p1a: Basculegion\n|-resisted|p1a: Basculegion|1\n|-damage|p1a: Basculegion|72/100\n|-status|p1a: Basculegion|psn\n|move|p1b: Delphox|Psychic|p2b: Sneasler\n|-supereffective|p2b: Sneasler|2\n|-damage|p2b: Sneasler|0 fnt\n|faint|p2b: Sneasler\n|move|p1a: Basculegion|Liquidation|p2a: Basculegion\n|-resisted|p2a: Basculegion|1\n|-damage|p2a: Basculegion|0 fnt\n|faint|p2a: Basculegion\n|\n|-weather|Snowscape|[upkeep]\n|-damage|p1b: Delphox|28/100 psn|[from] psn\n|-damage|p1a: Basculegion|59/100 psn|[from] psn\n|upkeep\n|\n|t:|1788374700\n|switch|p2b: Floette|Floette-Eternal, L50, F|100/100\n|switch|p2a: Incineroar|Incineroar, L50, F|89/100\n|-ability|p2a: Incineroar|Intimidate|boost\n|-unboost|p1a: Basculegion|atk|1\n|-unboost|p1b: Delphox|atk|1\n|turn|5\n|\n|t:|1788374722\n|detailschange|p2b: Floette|Floette-Mega, L50, F\n|-mega|p2b: Floette|Floette|Floettite\n|-ability|p2b: Floette|Fairy Aura\n|move|p1b: Delphox|Protect|p1b: Delphox\n|-singleturn|p1b: Delphox|Protect\n|move|p1a: Basculegion|Liquidation|p2a: Incineroar\n|-supereffective|p2a: Incineroar|1\n|-damage|p2a: Incineroar|28/100\n|-enditem|p2a: Incineroar|Sitrus Berry|[eat]\n|-heal|p2a: Incineroar|52/100|[from] item: Sitrus Berry\n|move|p2b: Floette|Draining Kiss|p1b: Delphox\n|-activate|p1b: Delphox|move: Protect\n|move|p2a: Incineroar|Throat Chop|p1a: Basculegion\n|-supereffective|p1a: Basculegion|1\n|-damage|p1a: Basculegion|0 fnt\n|faint|p1a: Basculegion\n|\n|-weather|none\n|-damage|p1b: Delphox|15/100 psn|[from] psn\n|upkeep\n|\n|t:|1788374742\n|switch|p1a: Sneasler|Sneasler, L50, M|1/100\n|turn|6\n|\n|t:|1788374750\n|move|p1b: Delphox|Psychic|p2b: Floette\n|-damage|p2b: Floette|64/100\n|move|p1a: Sneasler|Close Combat|p2a: Incineroar\n|-supereffective|p2a: Incineroar|1\n|-damage|p2a: Incineroar|0 fnt\n|-unboost|p1a: Sneasler|def|1\n|-unboost|p1a: Sneasler|spd|1\n|faint|p2a: Incineroar\n|move|p2b: Floette|Dazzling Gleam|p1a: Sneasler|[spread] p1a,p1b\n|-resisted|p1b: Delphox|1\n|-damage|p1a: Sneasler|0 fnt\n|-damage|p1b: Delphox|0 fnt\n|faint|p1a: Sneasler\n|faint|p1b: Delphox\n|\n|upkeep\n|\n|t:|1788374763\n|switch|p1b: Ninetales|Ninetales-Alola, L50, M|100/100\n|-weather|Snowscape|[from] ability: Snow Warning|[of] p1b: Ninetales\n|turn|7\n|\n|t:|1788374771\n|move|p2b: Floette|Protect|p2b: Floette\n|-singleturn|p2b: Floette|Protect\n|move|p1b: Ninetales|Blizzard|p2b: Floette\n|-activate|p2b: Floette|move: Protect\n|\n|-weather|Snowscape|[upkeep]\n|upkeep\n|turn|8\n|\n|t:|1788374777\n|move|p1b: Ninetales|Blizzard|p2b: Floette\n|-damage|p2b: Floette|27/100\n|move|p2b: Floette|Draining Kiss|p1b: Ninetales\n|-damage|p1b: Ninetales|53/100\n|-heal|p2b: Floette|58/100|[from] drain|[of] p1b: Ninetales\n|\n|-weather|Snowscape|[upkeep]\n|upkeep\n|turn|9\n|\n|t:|1788374798\n|move|p2b: Floette|Protect|p2b: Floette\n|-singleturn|p2b: Floette|Protect\n|move|p1b: Ninetales|Blizzard|p2b: Floette\n|-activate|p2b: Floette|move: Protect\n|\n|-weather|Snowscape|[upkeep]\n|upkeep\n|turn|10\n|\n|t:|1788374815\n|move|p1b: Ninetales|Blizzard|p2b: Floette\n|-damage|p2b: Floette|23/100\n|move|p2b: Floette|Draining Kiss|p1b: Ninetales\n|-crit|p1b: Ninetales\n|-damage|p1b: Ninetales|0 fnt\n|-heal|p2b: Floette|57/100|[from] drain|[of] p1b: Ninetales\n|faint|p1b: Ninetales\n|\n|win|Olciax34\n","uploadtime":1788374815,"views":"4","formatid":"gen9championsvgc2026regmbbo3","rating":null,"private":0,"password":null}