{"id":"gen9championsvgc2026regmb-2674110439","format":"[Gen 9 Champions] VGC 2026 Reg M-B","players":["triplemz1125","nickphys"],"log":"|j|☆triplemz1125\n|j|☆nickphys\n|t:|1788300591\n|gametype|doubles\n|player|p1|triplemz1125|norman|\n|player|p2|nickphys|clown|\n|gen|9\n|tier|[Gen 9 Champions] VGC 2026 Reg M-B\n|rule|Species Clause: Limit one of each Pokémon\n|rule|Item Clause: Limit 1 of each item\n|clearpoke\n|poke|p1|Garchomp, L50, F, shiny|\n|poke|p1|Skarmory, L50, M, shiny|\n|poke|p1|Rotom-Heat, L50|\n|poke|p1|Weavile, L50, F|\n|poke|p1|Clawitzer, L50, M, shiny|\n|poke|p1|Zoroark-Hisui, L50, M|\n|poke|p2|Eelektross, L50, F|\n|poke|p2|Gallade, L50, M|\n|poke|p2|Tauros-Paldea-Blaze, L50, M|\n|poke|p2|Sinistcha, L50|\n|poke|p2|Garchomp, L50, F|\n|poke|p2|Basculegion, L50, M|\n|teampreview|4\ntriplemz1125 rejected open team sheets.\n|\n|t:|1788300777\n|teamsize|p1|4\n|teamsize|p2|4\n|start\n|switch|p1a: Pevin Purant|Garchomp, L50, F, shiny|100/100\n|switch|p1b: OG Claw|Weavile, L50, F|100/100\n|switch|p2a: Eelektross|Eelektross, L50, F|100/100\n|switch|p2b: Tauros|Tauros-Paldea-Blaze, L50, M|100/100\n|-ability|p2b: Tauros|Intimidate|boost\n|-unboost|p1a: Pevin Purant|atk|1\n|-unboost|p1b: OG Claw|atk|1\n|turn|1\n|j| chabanov\n|\n|t:|1788300818\n|detailschange|p2a: Eelektross|Eelektross-Mega, L50, F\n|-mega|p2a: Eelektross|Eelektross|Eelektrossite\n|move|p1b: OG Claw|Fake Out|p2a: Eelektross\n|-damage|p2a: Eelektross|86/100\n|move|p1a: Pevin Purant|Bitter Malice|p2a: Eelektross\n|-damage|p2a: Eelektross|27/100\n|-unboost|p2a: Eelektross|atk|1\n|-damage|p1a: Pevin Purant|90/100|[from] item: Life Orb\n|move|p2b: Tauros|Flame Charge|p1b: OG Claw\n|-supereffective|p1b: OG Claw|1\n|-damage|p1b: OG Claw|17/100\n|-boost|p2b: Tauros|spe|1\n|cant|p2a: Eelektross|flinch\n|\n|upkeep\n|turn|2\n|\n|t:|1788300963\n|move|p2a: Eelektross|Protect|p2a: Eelektross\n|-singleturn|p2a: Eelektross|Protect\n|move|p2b: Tauros|Raging Bull|p1b: OG Claw\n|-supereffective|p1b: OG Claw|1\n|-damage|p1b: OG Claw|0 fnt\n|faint|p1b: OG Claw\n|move|p1a: Pevin Purant|Bitter Malice|p2b: Tauros\n|-damage|p2b: Tauros|20/100y\n|-unboost|p2b: Tauros|atk|1\n|-damage|p1a: Pevin Purant|80/100|[from] item: Life Orb\n|\n|-heal|p2b: Tauros|26/100|[from] item: Leftovers\n|upkeep\n|\n|t:|1788300989\n|switch|p1b: Pevin Purant|Garchomp, L50, F, shiny|100/100\n|turn|3\n|j| iarerico\n|\n|t:|1788301078\n|move|p2b: Tauros|Raging Bull|p1b: Pevin Purant\n|-resisted|p1b: Pevin Purant|1\n|-damage|p1b: Pevin Purant|85/100\n|-damage|p2b: Tauros|13/100|[from] ability: Rough Skin|[of] p1b: Pevin Purant\n|move|p1a: Pevin Purant|Bitter Malice|p2a: Eelektross\n|-damage|p2a: Eelektross|0 fnt\n|faint|p2a: Eelektross\n|-damage|p1a: Pevin Purant|70/100|[from] item: Life Orb\n|move|p1b: Pevin Purant|Dragon Claw|p2b: Tauros\n|-damage|p2b: Tauros|0 fnt\n|faint|p2b: Tauros\n|\n|upkeep\n|\n|t:|1788301095\n|switch|p2b: Sinistcha|Sinistcha, L50|100/100\n|switch|p2a: Garchomp|Garchomp, L50, F|100/100\n|turn|4\n|\n|t:|1788301164\n|move|p1a: Pevin Purant|Bitter Malice|p2b: Sinistcha\n|-supereffective|p2b: Sinistcha|1\n|-enditem|p2b: Sinistcha|Focus Sash\n|-damage|p2b: Sinistcha|1/100\n|-unboost|p2b: Sinistcha|atk|1\n|-damage|p1a: Pevin Purant|60/100|[from] item: Life Orb\n|move|p1b: Pevin Purant|Dragon Claw|p2a: Garchomp\n|-supereffective|p2a: Garchomp|1\n|-damage|p2a: Garchomp|8/100\n|-damage|p1b: Pevin Purant|73/100|[from] ability: Rough Skin|[of] p2a: Garchomp\n|move|p2a: Garchomp|Dragon Claw|p1a: Pevin Purant\n|-damage|p1a: Pevin Purant|0 fnt\n|replace|p1a: Mr. Fox|Zoroark-Hisui, L50, M\n|-end|p1a: Mr. Fox|Illusion\n|faint|p1a: Mr. Fox\n|-damage|p2a: Garchomp|0 fnt|[from] item: Life Orb\n|faint|p2a: Garchomp\n|move|p2b: Sinistcha|Shadow Ball|p1b: Pevin Purant\n|-damage|p1b: Pevin Purant|38/100\n|\n|upkeep\n|\n|t:|1788301190\n|switch|p1a: Kawhi|Clawitzer, L50, M, shiny|100/100\n|turn|5\n|\n|t:|1788301200\n|move|p1b: Pevin Purant|Dragon Claw|p2b: Sinistcha\n|-damage|p2b: Sinistcha|0 fnt\n|faint|p2b: Sinistcha\n|\n|win|triplemz1125\n|l|☆nickphys\n|player|p2|\n|l| iarerico\n","uploadtime":1788301251,"views":"1","formatid":"gen9championsvgc2026regmb","rating":null,"private":0,"password":null}