{"id":"gen9championsvgc2026regmb-2674377300","format":"[Gen 9 Champions] VGC 2026 Reg M-B","players":["Humongous L","CassCandra"],"log":"|j|☆Humongous L\n|j|☆CassCandra\n|html|<table width=\"100%\"><tr><td align=\"left\">Humongous L</td><td align=\"right\">CassCandra</tr><tr><td align=\"left\"><i class=\"fa fa-circle-o\"></i> <i class=\"fa fa-circle-o\"></i> </td><td align=\"right\"><i class=\"fa fa-circle-o\"></i> <i class=\"fa fa-circle-o\"></i> </tr></table>\n|uhtml|bestof|<h2><strong>Game 1</strong> of <a href=\"/game-bestof3-gen9championsvgc2026regmb-2674377299\">a best-of-3</a></h2>\n|t:|1788351616\n|gametype|doubles\n|player|p1|Humongous L|caitlin|\n|player|p2|CassCandra|elesa|\n|gen|9\n|tier|[Gen 9 Champions] VGC 2026 Reg M-B\n|rule|Species Clause: Limit one of each Pokémon\n|rule|Item Clause: Limit 1 of each item\n|raw|<div class=\"infobox\"><details class=\"readmore\" open><summary><strong>1 custom rule:</strong></summary> Best of = 3</details></div>\n|clearpoke\n|poke|p1|Toxapex, L50, F, shiny|\n|poke|p1|Tyranitar, L50, F, shiny|\n|poke|p1|Corviknight, L50, M, shiny|\n|poke|p1|Lucario, L50, F, shiny|\n|poke|p1|Reuniclus, L50, M|\n|poke|p1|Emboar, L50, F|\n|poke|p2|Aegislash, L50, M, shiny|\n|poke|p2|Farigiraf, L50, M, shiny|\n|poke|p2|Camerupt, L50, M, shiny|\n|poke|p2|Whimsicott, L50, F, shiny|\n|poke|p2|Palafin, L50, M, shiny|\n|poke|p2|Scrafty, L50, M, shiny|\n|teampreview|4\nHumongous L rejected open team sheets.\n|c|☆Humongous L|glhf\n|c|☆Humongous L|lose\n|c|☆Humongous L|please\n|c|☆CassCandra|glhf\n|\n|t:|1788351715\n|teamsize|p1|4\n|teamsize|p2|4\n|start\n|switch|p1a: SMASH|Lucario, L50, F, shiny|100/100\n|switch|p1b: Big Sir|Tyranitar, L50, F, shiny|100/100\n|switch|p2a: RacecaR|Farigiraf, L50, M, shiny|100/100\n|switch|p2b: Punk|Scrafty, L50, M, shiny|100/100\n|-weather|Sandstorm|[from] ability: Sand Stream|[of] p1b: Big Sir\n|-ability|p2b: Punk|Intimidate|boost\n|-fail|p1a: SMASH|unboost|atk|[from] ability: Inner Focus|[of] p1a: SMASH\n|-unboost|p1b: Big Sir|atk|1\n|turn|1\n|\n|t:|1788351738\n|move|p1a: SMASH|Quick Guard|p1a: SMASH\n|-singleturn|p1a: SMASH|Quick Guard\n|move|p2b: Punk|Fake Out|p1b: Big Sir\n|-activate|p1b: Big Sir|move: Quick Guard\n|move|p1b: Big Sir|Lash Out|p2a: RacecaR\n|-supereffective|p2a: RacecaR|1\n|-enditem|p2a: RacecaR|Colbur Berry|[eat]\n|-enditem|p2a: RacecaR|Colbur Berry|[weaken]\n|-damage|p2a: RacecaR|35/100\n|move|p2a: RacecaR|Trick Room|p2a: RacecaR\n|-fieldstart|move: Trick Room|[of] p2a: RacecaR\n|\n|-weather|Sandstorm|[upkeep]\n|-damage|p2a: RacecaR|29/100|[from] Sandstorm\n|-damage|p2b: Punk|94/100|[from] Sandstorm\n|upkeep\n|turn|2\n|c|☆Humongous L|im already shaking and sweating ;-;\n|\n|t:|1788351886\n|switch|p1b: Crowbar|Corviknight, L50, M, shiny|100/100\n|move|p2a: RacecaR|Low Kick|p1b: Crowbar\n|-damage|p1b: Crowbar|84/100\n|move|p2b: Punk|Drain Punch|p1a: SMASH\n|-supereffective|p1a: SMASH|1\n|-damage|p1a: SMASH|3/100\n|-heal|p2b: Punk|100/100|[from] drain|[of] p1a: SMASH\n|move|p1a: SMASH|Meteor Mash|p2a: RacecaR\n|-damage|p2a: RacecaR|0 fnt\n|faint|p2a: RacecaR\n|\n|-weather|Sandstorm|[upkeep]\n|-damage|p2b: Punk|94/100|[from] Sandstorm\n|upkeep\n|\n|t:|1788351899\n|switch|p2a: Maxie|Camerupt, L50, M, shiny|100/100\n|turn|3\n|c|☆Humongous L|im so silly\n|c|☆Humongous L|i gave you a free switch\n|c|☆Humongous L|;-;\n|\n|t:|1788351933\n|switch|p1a: PRICK|Toxapex, L50, F, shiny|100/100\n|detailschange|p2a: Maxie|Camerupt-Mega, L50, M, shiny\n|-mega|p2a: Maxie|Camerupt|Cameruptite\n|move|p2a: Maxie|Heat Wave|p1a: PRICK|[spread] p1a,p1b\n|-resisted|p1a: PRICK|1\n|-supereffective|p1b: Crowbar|1\n|-crit|p1b: Crowbar\n|-damage|p1a: PRICK|86/100\n|-damage|p1b: Crowbar|0 fnt\n|faint|p1b: Crowbar\n|move|p2b: Punk|Knock Off|p1a: PRICK\n|-damage|p1a: PRICK|52/100\n|-enditem|p1a: PRICK|Leftovers|[from] move: Knock Off|[of] p2b: Punk\n|\n|-weather|Sandstorm|[upkeep]\n|-damage|p1a: PRICK|46/100|[from] Sandstorm\n|-damage|p2b: Punk|88/100|[from] Sandstorm\n|upkeep\n|\n|t:|1788351941\n|switch|p1b: Big Sir|Tyranitar, L50, F, shiny|100/100\n|turn|4\n|\n|t:|1788351960\n|move|p1b: Big Sir|Protect|p1b: Big Sir\n|-singleturn|p1b: Big Sir|Protect\n|move|p2a: Maxie|Earth Power|p1a: PRICK\n|-supereffective|p1a: PRICK|1\n|-damage|p1a: PRICK|0 fnt\n|faint|p1a: PRICK\n|move|p2b: Punk|Drain Punch|p1b: Big Sir\n|-activate|p1b: Big Sir|move: Protect\n|\n|-weather|Sandstorm|[upkeep]\n|-damage|p2b: Punk|82/100|[from] Sandstorm\n|upkeep\n|c|☆Humongous L|stop\n|c|☆Humongous L|please\n|\n|t:|1788351971\n|switch|p1a: SMASH|Lucario, L50, F, shiny|3/100\n|turn|5\n|\n|t:|1788351991\n|move|p2a: Maxie|Earth Power|p1a: SMASH\n|-supereffective|p1a: SMASH|1\n|-damage|p1a: SMASH|0 fnt\n|faint|p1a: SMASH\n|move|p2b: Punk|Drain Punch|p1b: Big Sir\n|-supereffective|p1b: Big Sir|2\n|-damage|p1b: Big Sir|1/100\n|-heal|p2b: Punk|100/100|[from] drain|[of] p1b: Big Sir\n|move|p1b: Big Sir|Low Kick|p2b: Punk\n|-supereffective|p2b: Punk|1\n|-damage|p2b: Punk|53/100\n|\n|-weather|none\n|-fieldend|move: Trick Room\n|upkeep\n|turn|6\n|\n|t:|1788352005\n|detailschange|p1b: Big Sir|Tyranitar-Mega, L50, F, shiny\n|-mega|p1b: Big Sir|Tyranitar|Tyranitarite\n|-weather|Sandstorm|[from] ability: Sand Stream|[of] p1b: Big Sir\n|move|p1b: Big Sir|Low Kick|p2b: Punk\n|-supereffective|p2b: Punk|1\n|-damage|p2b: Punk|4/100\n|move|p2b: Punk|Drain Punch|p1b: Big Sir\n|-supereffective|p1b: Big Sir|2\n|-damage|p1b: Big Sir|0 fnt\n|-heal|p2b: Punk|5/100|[from] drain|[of] p1b: Big Sir\n|faint|p1b: Big Sir\n|\n|win|CassCandra\n||Humongous L is ready for game 2.\n|inactive|CassCandra has 30 seconds to confirm battle start!\n||CassCandra is ready for game 2.\n|uhtml|next|Next: <a href=\"/battle-gen9championsvgc2026regmb-2674379869\"><strong>Game 2 of 3</strong></a>\n","uploadtime":1788352408,"views":"20","formatid":"gen9championsvgc2026regmb","rating":null,"private":0,"password":null}