{"id":"gen9championsvgc2026regmbbo3-2674676298","format":"[Gen 9 Champions] VGC 2026 Reg M-B (Bo3)","players":["Pawah","badradsaddad"],"log":"|j|☆Pawah\n|j|☆badradsaddad\n|html|<table width=\"100%\"><tr><td align=\"left\">Pawah</td><td align=\"right\">badradsaddad</tr><tr><td align=\"left\"><i class=\"fa fa-circle-o\"></i> <i class=\"fa fa-circle-o\"></i> </td><td align=\"right\"><i class=\"fa fa-circle-o\"></i> <i class=\"fa fa-circle-o\"></i> </tr></table>\n|uhtml|bestof|<h2><strong>Game 1</strong> of <a href=\"/game-bestof3-gen9championsvgc2026regmbbo3-2674676297\">a best-of-3</a></h2>\n|t:|1788388922\n|gametype|doubles\n|player|p1|Pawah|ethan|1258\n|player|p2|badradsaddad|1|1123\n|gen|9\n|tier|[Gen 9 Champions] VGC 2026 Reg M-B (Bo3)\n|rated|\n|rule|Species Clause: Limit one of each Pokémon\n|rule|Item Clause: Limit 1 of each item\n|clearpoke\n|poke|p1|Staraptor, L50, M|\n|poke|p1|Milotic, L50, F|\n|poke|p1|Tyranitar, L50, M|\n|poke|p1|Gholdengo, L50|\n|poke|p1|Excadrill, L50, M|\n|poke|p1|Sinistcha, L50|\n|poke|p2|Dragonite, L50, M|\n|poke|p2|Sinistcha-Masterpiece, L50|\n|poke|p2|Floette-Eternal, L50, F|\n|poke|p2|Farigiraf, L50, F|\n|poke|p2|Incineroar, L50, F|\n|poke|p2|Sylveon, L50, M|\n|teampreview|4\n|showteam|p1|Staraptor||Staraptite|Intimidate|BraveBird,CloseCombat,Tailwind,Protect|Jolly||M|||50|]Milotic||SitrusBerry|Competitive|Scald,IceBeam,IcyWind,Recover|Modest||F|||50|]Tyranitar||Tyranitarite|SandStream|RockSlide,KnockOff,LowKick,Protect|Adamant||M|||50|]Gholdengo||LifeOrb|GoodasGold|ShadowBall,MakeItRain,NastyPlot,Protect|Modest|||||50|]Excadrill||FocusSash|SandRush|HighHorsepower,IronHead,RockSlide,Protect|Adamant||M|||50|]Sinistcha||ColburBerry|Hospitality|MatchaGotcha,RagePowder,TrickRoom,Protect|Bold|||||50|\n|showteam|p2|Dragonite||Metronome|InnerFocus|ExtremeSpeed,DragonClaw,BrickBreak,Protect|Adamant||M|||50|]Sinistcha-Masterpiece||Leftovers|Hospitality|LifeDew,MatchaGotcha,TrickRoom,RagePowder|Sassy|||||50|]Floette-Eternal||Floettite|FlowerVeil|DazzlingGleam,DrainingKiss,Protect,CalmMind|Quiet||F|||50|]Farigiraf||ColburBerry|ArmorTail|Thunderbolt,TrickRoom,HelpingHand,TwinBeam|Quiet||F|||50|]Incineroar||SitrusBerry|Intimidate|FakeOut,FlareBlitz,ThroatChop,PartingShot|Brave||F|||50|]Sylveon||FairyFeather|Pixilate|HyperBeam,HyperVoice,Detect,MysticalFire|Quiet||M|||50|\n|inactive|Battle timer is ON: inactive players will automatically lose when time's up. (requested by Pawah)\n|inactive|badradsaddad has 60 seconds left.\n|inactive|badradsaddad has 30 seconds left.\n|inactive|badradsaddad has 20 seconds left.\n|inactive|badradsaddad has 15 seconds left.\n|\n|t:|1788389003\n|teamsize|p1|4\n|teamsize|p2|4\n|start\n|switch|p1a: Milotic|Milotic, L50, F|100/100\n|switch|p1b: Gholdengo|Gholdengo, L50|100/100\n|switch|p2a: Farigiraf|Farigiraf, L50, F|100/100\n|switch|p2b: Sylveon|Sylveon, L50, M|100/100\n|turn|1\n|\n|t:|1788389022\n|move|p1b: Gholdengo|Make It Rain|p2a: Farigiraf|[spread] p2a,p2b\n|-supereffective|p2b: Sylveon|1\n|-damage|p2a: Farigiraf|30/100\n|-damage|p2b: Sylveon|11/100\n|-unboost|p1b: Gholdengo|spa|2\n|-damage|p1b: Gholdengo|90/100|[from] item: Life Orb\n|move|p1a: Milotic|Scald|p2b: Sylveon\n|-damage|p2b: Sylveon|0 fnt\n|faint|p2b: Sylveon\n|move|p2a: Farigiraf|Trick Room|p2a: Farigiraf\n|-fieldstart|move: Trick Room|[of] p2a: Farigiraf\n|\n|upkeep\n|\n|t:|1788389034\n|switch|p2b: Floette|Floette-Eternal, L50, F|100/100\n|turn|2\n|\n|t:|1788389055\n|switch|p1b: Excadrill|Excadrill, L50, M|100/100\n|detailschange|p2b: Floette|Floette-Mega, L50, F\n|-mega|p2b: Floette|Floette|Floettite\n|-ability|p2b: Floette|Fairy Aura\n|move|p2a: Farigiraf|Twin Beam|p1b: Excadrill\n|-resisted|p1b: Excadrill|1\n|-damage|p1b: Excadrill|87/100\n|-resisted|p1b: Excadrill|1\n|-damage|p1b: Excadrill|74/100\n|-hitcount|p1b: Excadrill|2\n|move|p1a: Milotic|Scald|p2a: Farigiraf\n|-damage|p2a: Farigiraf|0 fnt\n|faint|p2a: Farigiraf\n|move|p2b: Floette|Calm Mind|p2b: Floette\n|-boost|p2b: Floette|spa|1\n|-boost|p2b: Floette|spd|1\n|\n|upkeep\n|\n|t:|1788389067\n|switch|p2a: Sinistcha|Sinistcha-Masterpiece, L50|100/100\n|turn|3\n|\n|t:|1788389080\n|move|p2a: Sinistcha|Rage Powder|p2a: Sinistcha\n|-singleturn|p2a: Sinistcha|move: Rage Powder\n|move|p1a: Milotic|Ice Beam|p2a: Sinistcha\n|-supereffective|p2a: Sinistcha|1\n|-damage|p2a: Sinistcha|52/100\n|move|p2b: Floette|Dazzling Gleam|p1a: Milotic|[spread] p1a,p1b\n|-resisted|p1b: Excadrill|1\n|-damage|p1a: Milotic|44/100\n|-damage|p1b: Excadrill|20/100y\n|-enditem|p1a: Milotic|Sitrus Berry|[eat]\n|-heal|p1a: Milotic|69/100|[from] item: Sitrus Berry\n|move|p1b: Excadrill|Iron Head|p2a: Sinistcha\n|-damage|p2a: Sinistcha|10/100\n|\n|-heal|p2a: Sinistcha|16/100|[from] item: Leftovers\n|upkeep\n|turn|4\n|inactive|badradsaddad has 30 seconds left.\n|\n|t:|1788389108\n|move|p2a: Sinistcha|Matcha Gotcha|p1b: Excadrill|[spread] p1a,p1b\n|-supereffective|p1a: Milotic|1\n|-damage|p1a: Milotic|29/100\n|-heal|p2a: Sinistcha|39/100|[from] drain|[of] p1a: Milotic\n|-damage|p1b: Excadrill|0 fnt\n|-heal|p2a: Sinistcha|50/100y|[from] drain|[of] p1b: Excadrill\n|faint|p1b: Excadrill\n|move|p1a: Milotic|Ice Beam|p2a: Sinistcha\n|-supereffective|p2a: Sinistcha|1\n|-damage|p2a: Sinistcha|0 fnt\n|faint|p2a: Sinistcha\n|move|p2b: Floette|Dazzling Gleam|p1a: Milotic\n|-damage|p1a: Milotic|0 fnt\n|faint|p1a: Milotic\n|\n|upkeep\n|\n|t:|1788389119\n|switch|p1a: Tyranitar|Tyranitar, L50, M|100/100\n|switch|p1b: Gholdengo|Gholdengo, L50|90/100\n|-weather|Sandstorm|[from] ability: Sand Stream|[of] p1a: Tyranitar\n|turn|5\n|\n|t:|1788389142\n|detailschange|p1a: Tyranitar|Tyranitar-Mega, L50, M\n|-mega|p1a: Tyranitar|Tyranitar|Tyranitarite\n|move|p2b: Floette|Calm Mind|p2b: Floette\n|-boost|p2b: Floette|spa|1\n|-boost|p2b: Floette|spd|1\n|move|p1a: Tyranitar|Rock Slide|p2b: Floette\n|-damage|p2b: Floette|44/100\n|move|p1b: Gholdengo|Make It Rain|p2b: Floette\n|-supereffective|p2b: Floette|1\n|-damage|p2b: Floette|0 fnt\n|-unboost|p1b: Gholdengo|spa|2\n|faint|p2b: Floette\n|-damage|p1b: Gholdengo|81/100|[from] item: Life Orb\n|\n|win|Pawah\n","uploadtime":1788389142,"views":"0","formatid":"gen9championsvgc2026regmbbo3","rating":null,"private":0,"password":null}