{"id":"gen9championsvgc2026regmbbo3-2674207284","format":"[Gen 9 Champions] VGC 2026 Reg M-B (Bo3)","players":["JonnyNerd","kingsrowbajax"],"log":"|j|☆JonnyNerd\n|j|☆kingsrowbajax\n|html|<table width=\"100%\"><tr><td align=\"left\">JonnyNerd</td><td align=\"right\">kingsrowbajax</tr><tr><td align=\"left\"><i class=\"fa fa-circle\"></i> <i class=\"fa fa-circle-o\"></i> </td><td align=\"right\"><i class=\"fa fa-circle-o\"></i> <i class=\"fa fa-circle\"></i> </tr></table>\n|uhtml|bestof|<h2><strong>Game 3</strong> of <a href=\"/game-bestof3-gen9championsvgc2026regmbbo3-2674203312\">a best-of-3</a></h2>\n|t:|1788315510\n|gametype|doubles\n|player|p1|JonnyNerd|waiter-gen4dp|1359\n|player|p2|kingsrowbajax|265|1246\n|gen|9\n|tier|[Gen 9 Champions] VGC 2026 Reg M-B (Bo3)\n|rated|\n|rule|Species Clause: Limit one of each Pokémon\n|rule|Item Clause: Limit 1 of each item\n|clearpoke\n|poke|p1|Mimikyu, L50, M, shiny|\n|poke|p1|Milotic, L50, F|\n|poke|p1|Tyranitar, L50, F|\n|poke|p1|Corviknight, L50, F, shiny|\n|poke|p1|Hydreigon, L50, M|\n|poke|p1|Venusaur, L50, F|\n|poke|p2|Blastoise, L50, F|\n|poke|p2|Delphox, L50, F|\n|poke|p2|Sinistcha, L50|\n|poke|p2|Kingambit, L50, M|\n|poke|p2|Sneasler, L50, F|\n|poke|p2|Incineroar, L50, F|\n|teampreview|4\n|showteam|p1|Mimikyu||LifeOrb|Disguise|ShadowClaw,Protect,ShadowSneak,PlayRough|Adamant||M|||50|]Milotic||SitrusBerry|Competitive|Recover,MuddyWater,Scald,IceBeam|Modest||F|||50|]Tyranitar||Tyranitarite|SandStream|Protect,RockSlide,KnockOff,LowKick|Adamant||F|||50|]Corviknight||OccaBerry|MirrorArmor|Tailwind,BulkUp,IronHead,BraveBird|Adamant||F|||50|]Hydreigon||ChoiceScarf|Levitate|Snarl,DarkPulse,DracoMeteor,EarthPower|Timid||M|||50|]Venusaur||Venusaurite|Chlorophyll|Protect,GigaDrain,SludgeBomb,EarthPower|Modest||F|||50|\n|showteam|p2|Blastoise||Blastoisinite|RainDish|WaterSpout,DarkPulse,ShellSmash,Protect|Modest||F|||50|]Delphox||Delphoxite|Blaze|HeatWave,Psychic,NastyPlot,Protect|Timid||F|||50|]Sinistcha||ColburBerry|Hospitality|MatchaGotcha,RagePowder,TrickRoom,Protect|Bold|||||50|]Kingambit||LifeOrb|Defiant|KowtowCleave,SuckerPunch,SwordsDance,Protect|Adamant||M|||50|]Sneasler||FocusSash|PoisonTouch|FakeOut,PoisonJab,CloseCombat,QuickGuard|Jolly||F|||50|]Incineroar||SitrusBerry|Intimidate|FakeOut,FlareBlitz,ThroatChop,PartingShot|Careful||F|||50|\n|\n|t:|1788315584\n|teamsize|p1|4\n|teamsize|p2|4\n|start\n|switch|p1a: Milotic|Milotic, L50, F|100/100\n|switch|p1b: Pikaboo|Mimikyu, L50, M, shiny|100/100\n|switch|p2a: Delphox|Delphox, L50, F|100/100\n|switch|p2b: Sneasler|Sneasler, L50, F|100/100\n|turn|1\n|\n|t:|1788315607\n|detailschange|p2a: Delphox|Delphox-Mega, L50, F\n|-mega|p2a: Delphox|Delphox|Delphoxite\n|move|p2b: Sneasler|Fake Out|p1a: Milotic\n|-damage|p1a: Milotic|86/100\n|move|p2a: Delphox|Nasty Plot|p2a: Delphox\n|-boost|p2a: Delphox|spa|2\n|move|p1b: Pikaboo|Shadow Claw|p2a: Delphox\n|-supereffective|p2a: Delphox|1\n|-damage|p2a: Delphox|1/100\n|-damage|p1b: Pikaboo|90/100|[from] item: Life Orb\n|cant|p1a: Milotic|flinch\n|\n|upkeep\n|turn|2\n|\n|t:|1788315636\n|move|p2b: Sneasler|Quick Guard|p2b: Sneasler\n|-singleturn|p2b: Sneasler|Quick Guard\n|move|p2a: Delphox|Heat Wave|p1b: Pikaboo|[spread] p1a,p1b\n|-resisted|p1a: Milotic|1\n|-damage|p1a: Milotic|60/100\n|-activate|p1b: Pikaboo|ability: Disguise\n|-damage|p1b: Pikaboo|90/100\n|-status|p1a: Milotic|brn\n|detailschange|p1b: Pikaboo|Mimikyu-Busted, L50, M, shiny\n|-damage|p1b: Pikaboo|78/100|[from] pokemon: Mimikyu-Busted\n|move|p1b: Pikaboo|Shadow Claw|p2b: Sneasler\n|-crit|p2b: Sneasler\n|-enditem|p2b: Sneasler|Focus Sash\n|-damage|p2b: Sneasler|1/100\n|-damage|p1b: Pikaboo|69/100|[from] item: Life Orb\n|move|p1a: Milotic|Muddy Water|p2b: Sneasler|[spread] p2b\n|-miss|p1a: Milotic|p2a: Delphox\n|-damage|p2b: Sneasler|0 fnt\n|faint|p2b: Sneasler\n|\n|-damage|p1a: Milotic|54/100 brn|[from] brn\n|upkeep\n|\n|t:|1788315662\n|switch|p2b: Kingambit|Kingambit, L50, M|100/100\n|turn|3\n|\n|t:|1788315677\n|move|p2a: Delphox|Protect|p2a: Delphox\n|-singleturn|p2a: Delphox|Protect\n|move|p1b: Pikaboo|Play Rough|p2b: Kingambit\n|-damage|p2b: Kingambit|57/100\n|-damage|p1b: Pikaboo|59/100|[from] item: Life Orb\n|move|p1a: Milotic|Muddy Water|p2b: Kingambit|[spread] \n|-activate|p2a: Delphox|move: Protect\n|-miss|p1a: Milotic|p2b: Kingambit\n|move|p2b: Kingambit|Kowtow Cleave|p1a: Milotic\n|-damage|p1a: Milotic|0 fnt\n|faint|p1a: Milotic\n|-damage|p2b: Kingambit|47/100|[from] item: Life Orb\n|\n|upkeep\n|\n|t:|1788315691\n|switch|p1a: Hydreigon|Hydreigon, L50, M|100/100\n|turn|4\n|\n|t:|1788315709\n|switch|p2a: Incineroar|Incineroar, L50, F|100/100\n|-ability|p2a: Incineroar|Intimidate|boost\n|-unboost|p1a: Hydreigon|atk|1\n|-unboost|p1b: Pikaboo|atk|1\n|move|p1b: Pikaboo|Shadow Sneak|p2a: Incineroar\n|-resisted|p2a: Incineroar|1\n|-damage|p2a: Incineroar|91/100\n|-damage|p1b: Pikaboo|50/100g|[from] item: Life Orb\n|move|p1a: Hydreigon|Earth Power|p2b: Kingambit\n|-supereffective|p2b: Kingambit|1\n|-damage|p2b: Kingambit|0 fnt\n|faint|p2b: Kingambit\n|\n|upkeep\n|\n|t:|1788315720\n|switch|p2b: Delphox|Delphox-Mega, L50, F|1/100\n|turn|5\n|\n|t:|1788315744\n|switch|p1b: Tyranitar|Tyranitar, L50, F|100/100\n|-weather|Sandstorm|[from] ability: Sand Stream|[of] p1b: Tyranitar\n|move|p1a: Hydreigon|Earth Power|p2a: Incineroar\n|-supereffective|p2a: Incineroar|1\n|-damage|p2a: Incineroar|36/100\n|-enditem|p2a: Incineroar|Sitrus Berry|[eat]\n|-heal|p2a: Incineroar|61/100|[from] item: Sitrus Berry\n|move|p2b: Delphox|Nasty Plot|p2b: Delphox\n|-boost|p2b: Delphox|spa|2\n|move|p2a: Incineroar|Throat Chop|p1b: Tyranitar\n|-resisted|p1b: Tyranitar|1\n|-damage|p1b: Tyranitar|88/100\n|-start|p1b: Tyranitar|Throat Chop|[silent]\n|\n|-weather|Sandstorm|[upkeep]\n|-damage|p1a: Hydreigon|94/100|[from] Sandstorm\n|-damage|p2b: Delphox|0 fnt|[from] Sandstorm\n|-damage|p2a: Incineroar|55/100|[from] Sandstorm\n|faint|p2b: Delphox\n|upkeep\n|turn|6\n|c|☆kingsrowbajax|gg\n|c|☆kingsrowbajax|tough team\n|c|☆JonnyNerd|thx\n|c|☆JonnyNerd|made it myself\n|\n|t:|1788315774\n|detailschange|p1b: Tyranitar|Tyranitar-Mega, L50, F\n|-mega|p1b: Tyranitar|Tyranitar|Tyranitarite\n|move|p1a: Hydreigon|Earth Power|p2a: Incineroar\n|-supereffective|p2a: Incineroar|1\n|-damage|p2a: Incineroar|4/100\n|move|p1b: Tyranitar|Rock Slide|p2a: Incineroar\n|-supereffective|p2a: Incineroar|1\n|-damage|p2a: Incineroar|0 fnt\n|faint|p2a: Incineroar\n|\n|win|JonnyNerd\n|raw|JonnyNerd's rating: 1359 &rarr; <strong>1373</strong><br />(+14 for winning)\n|raw|kingsrowbajax's rating: 1246 &rarr; <strong>1229</strong><br />(-17 for losing)\n","uploadtime":1788315775,"views":"0","formatid":"gen9championsvgc2026regmbbo3","rating":1229,"private":0,"password":null}