{"id":"gen9championsvgc2026regmb-2674673868","format":"[Gen 9 Champions] VGC 2026 Reg M-B","players":["shaboogles","ninjameerkat"],"log":"|j|☆shaboogles\n|j|☆ninjameerkat\n|html|<table width=\"100%\"><tr><td align=\"left\">shaboogles</td><td align=\"right\">ninjameerkat</tr><tr><td align=\"left\"><i class=\"fa fa-circle\"></i> <i class=\"fa fa-circle-o\"></i> </td><td align=\"right\"><i class=\"fa fa-circle-o\"></i> <i class=\"fa fa-circle\"></i> </tr></table>\n|uhtml|bestof|<h2><strong>Game 3</strong> of <a href=\"/game-bestof3-gen9championsvgc2026regmb-2674669987\">a best-of-3</a></h2>\n|t:|1788388555\n|gametype|doubles\n|player|p1|shaboogles|furisodegirl-white|\n|player|p2|ninjameerkat|beni-ninja|\n|gen|9\n|tier|[Gen 9 Champions] VGC 2026 Reg M-B\n|rule|Species Clause: Limit one of each Pokémon\n|rule|Item Clause: Limit 1 of each item\n|raw|<div class=\"infobox\"><details class=\"readmore\" open><summary><strong>1 custom rule:</strong></summary> Best of = 3</details></div>\n|clearpoke\n|poke|p1|Serperior, L50, M|\n|poke|p1|Floette-Eternal, L50, F|\n|poke|p1|Maushold-Four, L50|\n|poke|p1|Incineroar, L50, F, shiny|\n|poke|p1|Rotom-Wash, L50|\n|poke|p1|Ditto, L50|\n|poke|p2|Swampert, L50, M|\n|poke|p2|Pelipper, L50, M|\n|poke|p2|Gardevoir, L50, F|\n|poke|p2|Slowbro-Galar, L50, F|\n|poke|p2|Aegislash, L50, F|\n|poke|p2|Ariados, L50, F|\n|teampreview|4\n|j| averagegh0st\nninjameerkat rejected open team sheets.\n|\n|t:|1788388632\n|teamsize|p1|4\n|teamsize|p2|4\n|start\n|switch|p1a: SFAM|Maushold-Four, L50|100/100\n|switch|p1b: J. Cole|Rotom-Wash, L50|100/100\n|switch|p2a: Pelipper|Pelipper, L50, M|100/100\n|switch|p2b: Swampert|Swampert, L50, M|100/100\n|-weather|RainDance|[from] ability: Drizzle|[of] p2a: Pelipper\n|turn|1\n|\n|t:|1788388662\n|switch|p2a: Ariados|Ariados, L50, F|100/100\n|detailschange|p2b: Swampert|Swampert-Mega, L50, M\n|-mega|p2b: Swampert|Swampert|Swampertite\n|move|p1a: SFAM|Protect|p1a: SFAM\n|-singleturn|p1a: SFAM|Protect\n|move|p2b: Swampert|Wave Crash|p1a: SFAM\n|-activate|p1a: SFAM|move: Protect\n|move|p1b: J. Cole|Nasty Plot|p1b: J. Cole\n|-boost|p1b: J. Cole|spa|2\n|\n|-weather|RainDance|[upkeep]\n|upkeep\n|turn|2\n|\n|t:|1788388714\n|switch|p1a: SUGARBRON|Incineroar, L50, F, shiny|100/100\n|-ability|p1a: SUGARBRON|Intimidate|boost\n|-unboost|p2a: Ariados|atk|1\n|-unboost|p2b: Swampert|atk|1\n|move|p2a: Ariados|First Impression|p1b: J. Cole\n|-damage|p1b: J. Cole|74/100\n|move|p2b: Swampert|Wave Crash|p1a: SUGARBRON\n|-supereffective|p1a: SUGARBRON|1\n|-enditem|p1a: SUGARBRON|Passho Berry|[eat]\n|-enditem|p1a: SUGARBRON|Passho Berry|[weaken]\n|-damage|p1a: SUGARBRON|31/100\n|-damage|p2b: Swampert|77/100|[from] Recoil\n|move|p1b: J. Cole|Thunderbolt|p2a: Ariados\n|-damage|p2a: Ariados|0 fnt\n|faint|p2a: Ariados\n|\n|-weather|RainDance|[upkeep]\n|upkeep\n|\n|t:|1788388734\n|switch|p2a: Slowbro|Slowbro-Galar, L50, F|100/100\n|turn|3\n|\n|t:|1788388754\n|switch|p2b: Pelipper|Pelipper, L50, M|100/100\n|move|p1a: SUGARBRON|Fake Out|p2a: Slowbro\n|-crit|p2a: Slowbro\n|-damage|p2a: Slowbro|84/100\n|move|p1b: J. Cole|Thunderbolt|p2a: Slowbro\n|-crit|p2a: Slowbro\n|-damage|p2a: Slowbro|0 fnt\n|faint|p2a: Slowbro\n|\n|-weather|RainDance|[upkeep]\n|upkeep\n|\n|t:|1788388758\n|switch|p2a: Swampert|Swampert-Mega, L50, M|77/100\n|turn|4\n|\n|t:|1788388785\n|move|p1a: SUGARBRON|Protect|p1a: SUGARBRON\n|-singleturn|p1a: SUGARBRON|Protect\n|move|p2a: Swampert|Wave Crash|p1b: J. Cole\n|-resisted|p1b: J. Cole|1\n|-damage|p1b: J. Cole|11/100\n|-damage|p2a: Swampert|62/100|[from] Recoil\n|move|p1b: J. Cole|Thunderbolt|p2b: Pelipper\n|-supereffective|p2b: Pelipper|2\n|-damage|p2b: Pelipper|0 fnt\n|faint|p2b: Pelipper\n|\n|-weather|RainDance|[upkeep]\n|upkeep\n|turn|5\n|\n|t:|1788388796\n|move|p2a: Swampert|Poison Jab|p1b: J. Cole\n|-damage|p1b: J. Cole|0 fnt\n|faint|p1b: J. Cole\n|move|p1a: SUGARBRON|Parting Shot|p2a: Swampert\n|-unboost|p2a: Swampert|atk|1\n|-unboost|p2a: Swampert|spa|1\n|\n|t:|1788388801\n|switch|p1a: SFAM|Maushold-Four, L50|100/100|[from] Parting Shot\n|\n|-weather|none\n|upkeep\n|\n|t:|1788388804\n|switch|p1b: SUGARBRON|Incineroar, L50, F, shiny|31/100\n|-ability|p1b: SUGARBRON|Intimidate|boost\n|-unboost|p2a: Swampert|atk|1\n|turn|6\n|\n|t:|1788388809\n|move|p2a: Swampert|Protect|p2a: Swampert\n|-singleturn|p2a: Swampert|Protect\n|move|p1b: SUGARBRON|Fake Out|p2a: Swampert\n|-activate|p2a: Swampert|move: Protect\n|move|p1a: SFAM|Population Bomb|p2a: Swampert\n|-activate|p2a: Swampert|move: Protect\n|\n|upkeep\n|turn|7\n|\n|t:|1788388814\n|move|p1a: SFAM|Population Bomb|p2a: Swampert\n|-damage|p2a: Swampert|53/100\n|-damage|p2a: Swampert|43/100\n|-damage|p2a: Swampert|33/100\n|-damage|p2a: Swampert|23/100\n|-damage|p2a: Swampert|13/100\n|-damage|p2a: Swampert|3/100\n|-damage|p2a: Swampert|0 fnt\n|faint|p2a: Swampert\n|-hitcount|p2: Swampert|7\n|\n|win|shaboogles\n|c|☆ninjameerkat|ggs\n|c|☆shaboogles|ggwp goat\n|c|☆shaboogles|ill grab the replays\n|c|☆ninjameerkat|cheers\n|l| averagegh0st\n|c|☆ninjameerkat|aegi was in the back g2\n|l|☆ninjameerkat\n|player|p2|\n","uploadtime":1788388867,"views":"19","formatid":"gen9championsvgc2026regmb","rating":null,"private":0,"password":null}