{"id":"gen9championsvgc2026regmbbo3-2674042330","format":"[Gen 9 Champions] VGC 2026 Reg M-B (Bo3)","players":["troy parrot 3-0","solarflare11821"],"log":"|j|☆troy parrot 3-0\n|j|☆solarflare11821\n|html|<table width=\"100%\"><tr><td align=\"left\">troy parrot 3-0</td><td align=\"right\">solarflare11821</tr><tr><td align=\"left\"><i class=\"fa fa-circle\"></i> <i class=\"fa fa-circle-o\"></i> </td><td align=\"right\"><i class=\"fa fa-circle-o\"></i> <i class=\"fa fa-circle\"></i> </tr></table>\n|uhtml|bestof|<h2><strong>Game 3</strong> of <a href=\"/game-bestof3-gen9championsvgc2026regmbbo3-2674033907\">a best-of-3</a></h2>\n|t:|1788291672\n|gametype|doubles\n|player|p1|troy parrot 3-0|1|\n|player|p2|solarflare11821|benga|\n|gen|9\n|tier|[Gen 9 Champions] VGC 2026 Reg M-B (Bo3)\n|rule|Species Clause: Limit one of each Pokémon\n|rule|Item Clause: Limit 1 of each item\n|clearpoke\n|poke|p1|Charizard, L50, F|\n|poke|p1|Basculegion, L50, M|\n|poke|p1|Floette-Eternal, L50, F|\n|poke|p1|Whimsicott, L50, F|\n|poke|p1|Garchomp, L50, M|\n|poke|p1|Kingambit, L50, M|\n|poke|p2|Sinistcha, L50|\n|poke|p2|Incineroar, L50, F|\n|poke|p2|Sneasler, L50, F|\n|poke|p2|Kingambit, L50, F|\n|poke|p2|Blastoise, L50, F|\n|poke|p2|Delphox, L50, F|\n|teampreview|4\n|showteam|p1|Charizard||CharizarditeY|Blaze|HeatWave,WeatherBall,AncientPower,Protect|Modest||F|||50|]Basculegion||MysticWater|Adaptability|WaveCrash,AquaJet,LastRespects,Protect|Adamant||M|||50|]Floette-Eternal||Floettite|FlowerVeil|LightofRuin,Moonblast,DazzlingGleam,Protect|Modest||F|||50|]Whimsicott||FocusSash|Prankster|Moonblast,Encore,Tailwind,Protect|Timid||F|||50|]Garchomp||LifeOrb|RoughSkin|Earthquake,DragonClaw,RockSlide,Protect|Jolly||M|||50|]Kingambit||OccaBerry|Defiant|KowtowCleave,SuckerPunch,IronHead,LowKick|Adamant||M|||50|\n|showteam|p2|Sinistcha||ColburBerry|Hospitality|MatchaGotcha,RagePowder,Protect,TrickRoom|Bold|||||50|]Incineroar||SitrusBerry|Intimidate|FlareBlitz,HelpingHand,FakeOut,PartingShot|Impish||F|||50|]Sneasler||FocusSash|PoisonTouch|CloseCombat,PoisonJab,FakeOut,QuickGuard|Jolly||F|||50|]Kingambit||BlackGlasses|Defiant|KowtowCleave,SuckerPunch,SwordsDance,Protect|Adamant||F|||50|]Blastoise||Blastoisinite|RainDish|Protect,WaterSpout,ShellSmash,DarkPulse|Modest||F|||50|]Delphox||Delphoxite|Blaze|Protect,HeatWave,Psychic,NastyPlot|Timid||F|||50|\n|j| OreXis945\n|inactive|Battle timer is ON: inactive players will automatically lose when time's up. (requested by solarflare11821)\n|\n|t:|1788291788\n|teamsize|p1|4\n|teamsize|p2|4\n|start\n|switch|p1a: Charizard|Charizard, L50, F|100/100\n|switch|p1b: Garchomp|Garchomp, L50, M|100/100\n|switch|p2a: Blastoise|Blastoise, L50, F|100/100\n|switch|p2b: Sneasler|Sneasler, L50, F|100/100\n|turn|1\n|j| cillianvgc\n|\n|t:|1788291811\n|detailschange|p1a: Charizard|Charizard-Mega-Y, L50, F\n|-mega|p1a: Charizard|Charizard|Charizardite Y\n|-weather|SunnyDay|[from] ability: Drought|[of] p1a: Charizard\n|detailschange|p2a: Blastoise|Blastoise-Mega, L50, F\n|-mega|p2a: Blastoise|Blastoise|Blastoisinite\n|move|p2b: Sneasler|Fake Out|p1b: Garchomp\n|-damage|p1b: Garchomp|85/100\n|-damage|p2b: Sneasler|87/100|[from] ability: Rough Skin|[of] p1b: Garchomp\n|cant|p1b: Garchomp|flinch\n|move|p1a: Charizard|Heat Wave|p2b: Sneasler|[spread] p2a,p2b\n|-resisted|p2a: Blastoise|1\n|-damage|p2a: Blastoise|69/100\n|-damage|p2b: Sneasler|8/100\n|-status|p2a: Blastoise|brn\n|move|p2a: Blastoise|Shell Smash|p2a: Blastoise\n|-unboost|p2a: Blastoise|def|1\n|-unboost|p2a: Blastoise|spd|1\n|-boost|p2a: Blastoise|atk|2\n|-boost|p2a: Blastoise|spa|2\n|-boost|p2a: Blastoise|spe|2\n|\n|-weather|SunnyDay|[upkeep]\n|-damage|p2a: Blastoise|63/100 brn|[from] brn\n|upkeep\n|turn|2\n|inactive|solarflare11821 has 30 seconds left.\n|inactive|troy parrot 3-0 has 30 seconds left.\n|inactive|solarflare11821 has 20 seconds left.\n|inactive|solarflare11821 has 15 seconds left.\n|inactive|solarflare11821 has 10 seconds left.\n|\n|t:|1788291857\n|switch|p2b: Sinistcha|Sinistcha, L50|100/100\n|-heal|p2a: Blastoise|88/100 brn|[from] ability: Hospitality|[of] p2b: Sinistcha\n|move|p2a: Blastoise|Water Spout|p1b: Garchomp|[spread] p1a,p1b\n|-supereffective|p1a: Charizard|1\n|-damage|p1a: Charizard|0 fnt\n|-damage|p1b: Garchomp|23/100\n|faint|p1a: Charizard\n|move|p1b: Garchomp|Earthquake|p2a: Blastoise|[spread] p2a,p2b\n|-resisted|p2b: Sinistcha|1\n|-damage|p2a: Blastoise|10/100 brn\n|-damage|p2b: Sinistcha|80/100\n|-damage|p1b: Garchomp|13/100|[from] item: Life Orb\n|\n|-weather|SunnyDay|[upkeep]\n|-damage|p2a: Blastoise|5/100 brn|[from] brn\n|upkeep\n|\n|t:|1788291872\n|switch|p1a: Kingambit|Kingambit, L50, M|100/100\n|turn|3\n|j| Tubbar\n|inactive|troy parrot 3-0 has 30 seconds left.\n|inactive|solarflare11821 has 30 seconds left.\n|\n|t:|1788291905\n|move|p1b: Garchomp|Protect|p1b: Garchomp\n|-singleturn|p1b: Garchomp|Protect\n|move|p2a: Blastoise|Dark Pulse|p1a: Kingambit\n|-resisted|p1a: Kingambit|1\n|-damage|p1a: Kingambit|57/100\n|move|p2b: Sinistcha|Matcha Gotcha|p1b: Garchomp|[spread] p1a\n|-activate|p1b: Garchomp|move: Protect\n|-resisted|p1a: Kingambit|1\n|-damage|p1a: Kingambit|47/100\n|-heal|p2b: Sinistcha|86/100|[from] drain|[of] p1a: Kingambit\n|move|p1a: Kingambit|Kowtow Cleave|p2b: Sinistcha\n|-supereffective|p2b: Sinistcha|1\n|-enditem|p2b: Sinistcha|Colbur Berry|[eat]\n|-enditem|p2b: Sinistcha|Colbur Berry|[weaken]\n|-damage|p2b: Sinistcha|52/100\n|\n|-weather|SunnyDay|[upkeep]\n|-damage|p2a: Blastoise|0 fnt|[from] brn\n|faint|p2a: Blastoise\n|upkeep\n|inactive|solarflare11821 has 30 seconds left.\n|inactive|solarflare11821 has 20 seconds left.\n|inactive|solarflare11821 has 15 seconds left.\n|inactive|solarflare11821 has 10 seconds left.\n|inactive|solarflare11821 has 5 seconds left.\n|\n|t:|1788291960\n|switch|p2a: Kingambit|Kingambit, L50, F|100/100\n|turn|4\n|inactive|troy parrot 3-0 has 30 seconds left.\n|inactive|solarflare11821 has 30 seconds left.\n|\n|t:|1788291988\n|move|p1b: Garchomp|Protect||[still]\n|-fail|p1b: Garchomp\n|move|p2b: Sinistcha|Protect|p2b: Sinistcha\n|-singleturn|p2b: Sinistcha|Protect\n|move|p2a: Kingambit|Swords Dance|p2a: Kingambit\n|-boost|p2a: Kingambit|atk|2\n|move|p1a: Kingambit|Kowtow Cleave|p2b: Sinistcha\n|-activate|p2b: Sinistcha|move: Protect\n|\n|-weather|SunnyDay|[upkeep]\n|upkeep\n|turn|5\n|inactive|troy parrot 3-0 has 30 seconds left.\n|inactive|solarflare11821 has 30 seconds left.\n|inactive|troy parrot 3-0 has 20 seconds left.\n|inactive|solarflare11821 has 20 seconds left.\n|inactive|troy parrot 3-0 has 15 seconds left.\n|\n|t:|1788292029\n|move|p1b: Garchomp|Protect|p1b: Garchomp\n|-singleturn|p1b: Garchomp|Protect\n|move|p2b: Sinistcha|Matcha Gotcha|p1b: Garchomp|[spread] p1a\n|-activate|p1b: Garchomp|move: Protect\n|-resisted|p1a: Kingambit|1\n|-damage|p1a: Kingambit|36/100\n|-heal|p2b: Sinistcha|58/100|[from] drain|[of] p1a: Kingambit\n|move|p2a: Kingambit|Kowtow Cleave|p1a: Kingambit\n|-resisted|p1a: Kingambit|1\n|-damage|p1a: Kingambit|0 fnt\n|faint|p1a: Kingambit\n|\n|-weather|none\n|upkeep\n|\n|t:|1788292033\n|switch|p1a: Basculegion|Basculegion, L50, M|100/100\n|turn|6\n|inactive|solarflare11821 has 30 seconds left.\n|inactive|solarflare11821 has 20 seconds left.\n|\n|t:|1788292069\n|move|p1a: Basculegion|Protect|p1a: Basculegion\n|-singleturn|p1a: Basculegion|Protect\n|move|p2b: Sinistcha|Rage Powder|p2b: Sinistcha\n|-singleturn|p2b: Sinistcha|move: Rage Powder\n|move|p1b: Garchomp|Earthquake|p2a: Kingambit|[spread] p2a,p2b\n|-activate|p1a: Basculegion|move: Protect\n|-supereffective|p2a: Kingambit|1\n|-crit|p2a: Kingambit\n|-resisted|p2b: Sinistcha|1\n|-damage|p2a: Kingambit|0 fnt\n|-damage|p2b: Sinistcha|38/100\n|faint|p2a: Kingambit\n|-damage|p1b: Garchomp|3/100|[from] item: Life Orb\n|\n|upkeep\n|c|☆solarflare11821|holy throw\n|c| OreXis945|wow\n|\n|t:|1788292087\n|switch|p2a: Sneasler|Sneasler, L50, F|8/100\n|turn|7\n|c| OreXis945|it's not over tho\n|c|☆solarflare11821|i completely blanked that\n|c|☆solarflare11821|yes it is\n|inactive|solarflare11821 has 30 seconds left.\n|c| OreXis945|yeah saw you're not dire claw\n|inactive|solarflare11821 has 20 seconds left.\n|\n|t:|1788292124\n|move|p2b: Sinistcha|Protect|p2b: Sinistcha\n|-singleturn|p2b: Sinistcha|Protect\n|move|p2a: Sneasler|Poison Jab|p1a: Basculegion\n|-resisted|p1a: Basculegion|1\n|-damage|p1a: Basculegion|77/100\n|-status|p1a: Basculegion|psn\n|move|p1b: Garchomp|Dragon Claw|p2a: Sneasler\n|-damage|p2a: Sneasler|0 fnt\n|faint|p2a: Sneasler\n|-damage|p1b: Garchomp|0 fnt|[from] item: Life Orb\n|faint|p1b: Garchomp\n|move|p1a: Basculegion|Last Respects|p2b: Sinistcha\n|-activate|p2b: Sinistcha|move: Protect\n|\n|-damage|p1a: Basculegion|65/100 psn|[from] psn\n|upkeep\n|turn|8\n|c|☆solarflare11821|unless\n|\n|t:|1788292141\n|move|p2b: Sinistcha|Protect|p2b: Sinistcha\n|-singleturn|p2b: Sinistcha|Protect\n|move|p1a: Basculegion|Last Respects|p2b: Sinistcha\n|-activate|p2b: Sinistcha|move: Protect\n|\n|-damage|p1a: Basculegion|52/100 psn|[from] psn\n|upkeep\n|turn|9\n|\n|t:|1788292151\n|move|p2b: Sinistcha|Protect||[still]\n|-fail|p2b: Sinistcha\n|move|p1a: Basculegion|Last Respects|p2b: Sinistcha\n|-supereffective|p2b: Sinistcha|1\n|-damage|p2b: Sinistcha|0 fnt\n|faint|p2b: Sinistcha\n|\n|win|troy parrot 3-0\n|c|☆troy parrot 3-0|There is a world\n|c|☆solarflare11821|ggs lol\n|c|☆troy parrot 3-0|ggs well played\n|c|☆troy parrot 3-0|can you get replays?\n|c|☆solarflare11821|i guess so yeah\n|c|☆troy parrot 3-0|I'm on my work laptop my bad\n|c|☆solarflare11821|nb\n","uploadtime":1788292290,"views":"33","formatid":"gen9championsvgc2026regmbbo3","rating":null,"private":0,"password":null}