{"id":"gen9championsvgc2026regmbbo3-2673403756","format":"[Gen 9 Champions] VGC 2026 Reg M-B (Bo3)","players":["NavarroMarin","Jakatious"],"log":"|j|☆NavarroMarin\n|j|☆Jakatious\n|html|<table width=\"100%\"><tr><td align=\"left\">NavarroMarin</td><td align=\"right\">Jakatious</tr><tr><td align=\"left\"><i class=\"fa fa-circle\"></i> <i class=\"fa fa-circle-o\"></i> </td><td align=\"right\"><i class=\"fa fa-circle-o\"></i> <i class=\"fa fa-circle-o\"></i> </tr></table>\n|uhtml|bestof|<h2><strong>Game 2</strong> of <a href=\"/game-bestof3-gen9championsvgc2026regmbbo3-2673401579\">a best-of-3</a></h2>\n|t:|1788193651\n|gametype|doubles\n|player|p1|NavarroMarin|norman|1155\n|player|p2|Jakatious|ethan|1121\n|gen|9\n|tier|[Gen 9 Champions] VGC 2026 Reg M-B (Bo3)\n|rated|\n|rule|Species Clause: Limit one of each Pokémon\n|rule|Item Clause: Limit 1 of each item\n|clearpoke\n|poke|p1|Incineroar, L50, M|\n|poke|p1|Kingambit, L50, F|\n|poke|p1|Sinistcha, L50|\n|poke|p1|Sneasler, L50, M|\n|poke|p1|Floette-Eternal, L50, F|\n|poke|p1|Delphox, L50, F|\n|poke|p2|Raichu, L50, M|\n|poke|p2|Gholdengo, L50|\n|poke|p2|Whimsicott, L50, M, shiny|\n|poke|p2|Garchomp, L50, M|\n|poke|p2|Basculegion, L50, M, shiny|\n|poke|p2|Blaziken, L50, M|\n|teampreview|4\n|showteam|p1|Incineroar||SitrusBerry|Intimidate|FakeOut,FlareBlitz,DarkestLariat,PartingShot|Careful||M|||50|]Kingambit||LifeOrb|Defiant|Protect,KowtowCleave,SuckerPunch,SwordsDance|Adamant||F|||50|]Sinistcha||OccaBerry|Hospitality|Protect,MatchaGotcha,RagePowder,TrickRoom|Relaxed|||||50|]Sneasler||FocusSash|PoisonTouch|FakeOut,CloseCombat,PoisonJab,Coaching|Jolly||M|||50|]Floette-Eternal||Floettite|FlowerVeil|Protect,Moonblast,DazzlingGleam,CalmMind|Modest||F|||50|]Delphox||Delphoxite|Blaze|Protect,HeatWave,Psychic,NastyPlot|Timid||F|||50|\n|showteam|p2|Raichu||RaichuniteY|LightningRod|ZapCannon,FocusBlast,UpperHand,Protect|Modest||M|||50|]Gholdengo||LifeOrb|GoodasGold|MakeItRain,ShadowBall,NastyPlot,Protect|Modest|||||50|]Whimsicott||FocusSash|Prankster|Moonblast,Taunt,Protect,Tailwind|Bold||M|||50|]Garchomp||SitrusBerry|RoughSkin|RockSlide,StompingTantrum,DragonClaw,Protect|Adamant||M|||50|]Basculegion||MysticWater|Adaptability|WaveCrash,AquaJet,LastRespects,Protect|Adamant||M|||50|]Blaziken||Blazikenite|SpeedBoost|FlareBlitz,CloseCombat,RockSlide,Detect|Serious||M|||50|\n|\n|t:|1788193685\n|teamsize|p1|4\n|teamsize|p2|4\n|start\n|switch|p1a: Delphox|Delphox, L50, F|100/100\n|switch|p1b: Sneasler|Sneasler, L50, M|100/100\n|switch|p2a: Pop rocks|Blaziken, L50, M|100/100\n|switch|p2b: Prancer|Whimsicott, L50, M, shiny|100/100\n|turn|1\n|\n|t:|1788193705\n|detailschange|p1a: Delphox|Delphox-Mega, L50, F\n|-mega|p1a: Delphox|Delphox|Delphoxite\n|detailschange|p2a: Pop rocks|Blaziken-Mega, L50, M\n|-mega|p2a: Pop rocks|Blaziken|Blazikenite\n|move|p2a: Pop rocks|Detect|p2a: Pop rocks\n|-singleturn|p2a: Pop rocks|Protect\n|move|p1b: Sneasler|Fake Out|p2b: Prancer\n|-damage|p2b: Prancer|81/100\n|cant|p2b: Prancer|flinch\n|move|p1a: Delphox|Heat Wave|p2a: Pop rocks|[spread] p2b\n|-activate|p2a: Pop rocks|move: Protect\n|-supereffective|p2b: Prancer|1\n|-damage|p2b: Prancer|0 fnt\n|faint|p2b: Prancer\n|\n|-ability|p2a: Pop rocks|Speed Boost|boost\n|-boost|p2a: Pop rocks|spe|1\n|upkeep\n|\n|t:|1788193717\n|switch|p2b: Calyrex?|Basculegion, L50, M, shiny|100/100\n|turn|2\n|\n|t:|1788193737\n|switch|p1b: Incineroar|Incineroar, L50, M|100/100\n|-ability|p1b: Incineroar|Intimidate|boost\n|-unboost|p2a: Pop rocks|atk|1\n|-unboost|p2b: Calyrex?|atk|1\n|move|p1a: Delphox|Protect|p1a: Delphox\n|-singleturn|p1a: Delphox|Protect\n|move|p2a: Pop rocks|Flare Blitz|p1b: Incineroar\n|-resisted|p1b: Incineroar|1\n|-crit|p1b: Incineroar\n|-damage|p1b: Incineroar|49/100\n|-enditem|p1b: Incineroar|Sitrus Berry|[eat]\n|-heal|p1b: Incineroar|74/100|[from] item: Sitrus Berry\n|-damage|p2a: Pop rocks|78/100|[from] Recoil\n|move|p2b: Calyrex?|Wave Crash|p1a: Delphox\n|-activate|p1a: Delphox|move: Protect\n|\n|-ability|p2a: Pop rocks|Speed Boost|boost\n|-boost|p2a: Pop rocks|spe|1\n|upkeep\n|turn|3\n|\n|t:|1788193765\n|switch|p1a: Sinistcha|Sinistcha, L50|100/100\n|-heal|p1b: Incineroar|99/100|[from] ability: Hospitality|[of] p1a: Sinistcha\n|move|p2a: Pop rocks|Detect|p2a: Pop rocks\n|-singleturn|p2a: Pop rocks|Protect\n|move|p2b: Calyrex?|Protect|p2b: Calyrex?\n|-singleturn|p2b: Calyrex?|Protect\n|move|p1b: Incineroar|Fake Out|p2a: Pop rocks\n|-activate|p2a: Pop rocks|move: Protect\n|\n|-ability|p2a: Pop rocks|Speed Boost|boost\n|-boost|p2a: Pop rocks|spe|1\n|upkeep\n|turn|4\n|\n|t:|1788193793\n|move|p1a: Sinistcha|Rage Powder|p1a: Sinistcha\n|-singleturn|p1a: Sinistcha|move: Rage Powder\n|move|p2a: Pop rocks|Rock Slide|p1a: Sinistcha|[spread] p1a,p1b\n|-supereffective|p1b: Incineroar|1\n|-damage|p1a: Sinistcha|87/100\n|-damage|p1b: Incineroar|72/100\n|move|p2b: Calyrex?|Last Respects|p1a: Sinistcha\n|-supereffective|p1a: Sinistcha|1\n|-damage|p1a: Sinistcha|15/100\n|cant|p1b: Incineroar|flinch\n|\n|-ability|p2a: Pop rocks|Speed Boost|boost\n|-boost|p2a: Pop rocks|spe|1\n|upkeep\n|turn|5\n|\n|t:|1788193812\n|move|p1a: Sinistcha|Protect|p1a: Sinistcha\n|-singleturn|p1a: Sinistcha|Protect\n|move|p2a: Pop rocks|Rock Slide|p1b: Incineroar|[spread] p1b\n|-activate|p1a: Sinistcha|move: Protect\n|-supereffective|p1b: Incineroar|1\n|-damage|p1b: Incineroar|47/100\n|move|p2b: Calyrex?|Wave Crash|p1b: Incineroar\n|-supereffective|p1b: Incineroar|1\n|-damage|p1b: Incineroar|0 fnt\n|faint|p1b: Incineroar\n|-damage|p2b: Calyrex?|84/100|[from] Recoil\n|\n|-ability|p2a: Pop rocks|Speed Boost|boost\n|-boost|p2a: Pop rocks|spe|1\n|upkeep\n|\n|t:|1788193829\n|switch|p1b: Sneasler|Sneasler, L50, M|100/100\n|turn|6\n|inactive|Battle timer is ON: inactive players will automatically lose when time's up. (requested by NavarroMarin)\n|\n|t:|1788193863\n|switch|p1a: Delphox|Delphox-Mega, L50, F|100/100\n|move|p1b: Sneasler|Fake Out|p2a: Pop rocks\n|-crit|p2a: Pop rocks\n|-damage|p2a: Pop rocks|46/100\n|cant|p2a: Pop rocks|flinch\n|move|p2b: Calyrex?|Last Respects|p1a: Delphox\n|-supereffective|p1a: Delphox|1\n|-damage|p1a: Delphox|0 fnt\n|faint|p1a: Delphox\n|\n|-ability|p2a: Pop rocks|Speed Boost|boost\n|-boost|p2a: Pop rocks|spe|1\n|upkeep\n|\n|t:|1788193876\n|switch|p1a: Sinistcha|Sinistcha, L50|15/100\n|turn|7\n|inactive|Jakatious has 30 seconds left.\n|\n|t:|1788193901\n|move|p1a: Sinistcha|Rage Powder|p1a: Sinistcha\n|-singleturn|p1a: Sinistcha|move: Rage Powder\n|move|p2a: Pop rocks|Flare Blitz|p1a: Sinistcha\n|-supereffective|p1a: Sinistcha|1\n|-crit|p1a: Sinistcha\n|-enditem|p1a: Sinistcha|Occa Berry|[eat]\n|-enditem|p1a: Sinistcha|Occa Berry|[weaken]\n|-damage|p1a: Sinistcha|0 fnt\n|faint|p1a: Sinistcha\n|-damage|p2a: Pop rocks|40/100|[from] Recoil\n|move|p1b: Sneasler|Poison Jab|p2a: Pop rocks\n|-damage|p2a: Pop rocks|0 fnt\n|faint|p2a: Pop rocks\n|move|p2b: Calyrex?|Wave Crash|p1b: Sneasler\n|-enditem|p1b: Sneasler|Focus Sash\n|-damage|p1b: Sneasler|1/100\n|-damage|p2b: Calyrex?|59/100|[from] Recoil\n|\n|upkeep\n|\n|t:|1788193911\n|switch|p2a: Murphy|Garchomp, L50, M|100/100\n|turn|8\n|\n|t:|1788193919\n|move|p2b: Calyrex?|Aqua Jet|p1b: Sneasler\n|-damage|p1b: Sneasler|0 fnt\n|faint|p1b: Sneasler\n|\n|win|Jakatious\n||NavarroMarin is ready for game 3.\n||Jakatious is ready for game 3.\n|uhtml|next|Next: <a href=\"/battle-gen9championsvgc2026regmbbo3-2673406044\"><strong>Game 3 of 3</strong></a>\n|l|☆Jakatious\n|player|p2|\n","uploadtime":1788194243,"views":"1","formatid":"gen9championsvgc2026regmbbo3","rating":null,"private":0,"password":null}