{"id":"gen9championsvgc2026regmbbo3-2673312172","format":"[Gen 9 Champions] VGC 2026 Reg M-B (Bo3)","players":["MegaHappyDragonite","jeanryupr"],"log":"|j|☆MegaHappyDragonite\n|j|☆jeanryupr\n|html|<table width=\"100%\"><tr><td align=\"left\">MegaHappyDragonite</td><td align=\"right\">jeanryupr</tr><tr><td align=\"left\"><i class=\"fa fa-circle\"></i> <i class=\"fa fa-circle-o\"></i> </td><td align=\"right\"><i class=\"fa fa-circle-o\"></i> <i class=\"fa fa-circle\"></i> </tr></table>\n|uhtml|bestof|<h2><strong>Game 3</strong> of <a href=\"/game-bestof3-gen9championsvgc2026regmbbo3-2673309100\">a best-of-3</a></h2>\n|t:|1788181616\n|gametype|doubles\n|player|p1|MegaHappyDragonite|sailor|1226\n|player|p2|jeanryupr|265|1324\n|gen|9\n|tier|[Gen 9 Champions] VGC 2026 Reg M-B (Bo3)\n|rated|\n|rule|Species Clause: Limit one of each Pokémon\n|rule|Item Clause: Limit 1 of each item\n|clearpoke\n|poke|p1|Staraptor, L50, F|\n|poke|p1|Farigiraf, L50, M|\n|poke|p1|Arcanine-Hisui, L50, F|\n|poke|p1|Sylveon, L50, M|\n|poke|p1|Kingambit, L50, F|\n|poke|p1|Raichu, L50, M|\n|poke|p2|Scovillain, L50, F, shiny|\n|poke|p2|Basculegion, L50, M|\n|poke|p2|Kingambit, L50, F|\n|poke|p2|Sneasler, L50, F|\n|poke|p2|Lycanroc-Dusk, L50, F|\n|poke|p2|Froslass, L50, F|\n|teampreview|4\n|showteam|p1|Staraptor||Staraptite|Intimidate|DualWingbeat,CloseCombat,Tailwind,Protect|Jolly||F|||50|]Farigiraf||SitrusBerry|ArmorTail|Psychic,TrickRoom,HelpingHand,Protect|Calm||M|||50|]Arcanine-Hisui||FocusSash|RockHead|FlareBlitz,HeadSmash,ExtremeSpeed,Protect|Jolly||F|||50|]Sylveon||FairyFeather|Pixilate|HyperVoice,HyperBeam,QuickAttack,Detect|Modest||M|||50|]Kingambit||LifeOrb|Defiant|KowtowCleave,SuckerPunch,SwordsDance,Protect|Adamant||F|||50|]Raichu||RaichuniteY|LightningRod|FakeOut,ZapCannon,FocusBlast,Protect|Timid||M|||50|\n|showteam|p2|Scovillain||Scovillainite|Moody|GigaDrain,Overheat,RagePowder,Protect|Bold||F|||50|]Basculegion||LifeOrb|Adaptability|WaveCrash,LastRespects,AquaJet,Protect|Adamant||M|||50|]Kingambit||BlackGlasses|Defiant|KowtowCleave,SuckerPunch,SwordsDance,Protect|Adamant||F|||50|]Sneasler||WhiteHerb|Unburden|CloseCombat,DireClaw,Protect,FakeOut|Adamant||F|||50|]Lycanroc-Dusk||FocusSash|ToughClaws|CloseCombat,Accelerock,RockSlide,Protect|Adamant||F|||50|]Froslass||Froslassite|CursedBody|Blizzard,ShadowBall,AuroraVeil,Protect|Timid||F|||50|\n|\n|t:|1788181642\n|teamsize|p1|4\n|teamsize|p2|4\n|start\n|switch|p1a: Arcanine|Arcanine-Hisui, L50, F|100/100\n|switch|p1b: Staraptor|Staraptor, L50, F|100/100\n|switch|p2a: Scovillain|Scovillain, L50, F, shiny|100/100\n|switch|p2b: Kingambit|Kingambit, L50, F|100/100\n|-ability|p1b: Staraptor|Intimidate|boost\n|-unboost|p2a: Scovillain|atk|1\n|-unboost|p2b: Kingambit|atk|1\n|-ability|p2b: Kingambit|Defiant|boost\n|-boost|p2b: Kingambit|atk|2\n|turn|1\n|\n|t:|1788181655\n|move|p1b: Staraptor|Protect|p1b: Staraptor\n|-singleturn|p1b: Staraptor|Protect\n|move|p2a: Scovillain|Protect|p2a: Scovillain\n|-singleturn|p2a: Scovillain|Protect\n|move|p2b: Kingambit|Protect|p2b: Kingambit\n|-singleturn|p2b: Kingambit|Protect\n|move|p1a: Arcanine|Head Smash|p2a: Scovillain\n|-activate|p2a: Scovillain|move: Protect\n|\n|-ability|p2a: Scovillain|Moody|boost\n|-boost|p2a: Scovillain|def|2\n|-unboost|p2a: Scovillain|atk|1\n|upkeep\n|turn|2\n|\n|t:|1788181675\n|detailschange|p1b: Staraptor|Staraptor-Mega, L50, F\n|-mega|p1b: Staraptor|Staraptor|Staraptite\n|detailschange|p2a: Scovillain|Scovillain-Mega, L50, F, shiny\n|-mega|p2a: Scovillain|Scovillain|Scovillainite\n|move|p2a: Scovillain|Rage Powder|p2a: Scovillain\n|-singleturn|p2a: Scovillain|move: Rage Powder\n|move|p1b: Staraptor|Tailwind|p1b: Staraptor\n|-sidestart|p1: MegaHappyDragonite|move: Tailwind\n|move|p1a: Arcanine|Head Smash|p2a: Scovillain|[miss]\n|-miss|p1a: Arcanine|p2a: Scovillain\n|move|p2b: Kingambit|Kowtow Cleave|p1b: Staraptor\n|-resisted|p1b: Staraptor|1\n|-damage|p1b: Staraptor|54/100\n|\n|upkeep\n|turn|3\n|\n|t:|1788181704\n|switch|p1b: Sylveon|Sylveon, L50, M|100/100\n|move|p2a: Scovillain|Rage Powder|p2a: Scovillain\n|-singleturn|p2a: Scovillain|move: Rage Powder\n|move|p1a: Arcanine|Head Smash|p2a: Scovillain\n|-supereffective|p2a: Scovillain|1\n|-damage|p2a: Scovillain|35/100\n|move|p2b: Kingambit|Kowtow Cleave|p1a: Arcanine\n|-enditem|p1a: Arcanine|Focus Sash\n|-damage|p1a: Arcanine|1/100\n|\n|upkeep\n|turn|4\n|\n|t:|1788181725\n|switch|p1b: Farigiraf|Farigiraf, L50, M|100/100\n|move|p2a: Scovillain|Rage Powder|p2a: Scovillain\n|-singleturn|p2a: Scovillain|move: Rage Powder\n|move|p1a: Arcanine|Head Smash|p2a: Scovillain\n|-supereffective|p2a: Scovillain|1\n|-damage|p2a: Scovillain|0 fnt\n|faint|p2a: Scovillain\n|move|p2b: Kingambit|Kowtow Cleave|p1b: Farigiraf\n|-supereffective|p1b: Farigiraf|1\n|-damage|p1b: Farigiraf|0 fnt\n|faint|p1b: Farigiraf\n|\n|upkeep\n|\n|t:|1788181737\n|switch|p2a: Lycanroc|Lycanroc-Dusk, L50, F|100/100\n|switch|p1b: Staraptor|Staraptor-Mega, L50, F|54/100\n|turn|5\n|\n|t:|1788181768\n|move|p2a: Lycanroc|Accelerock|p1a: Arcanine\n|-supereffective|p1a: Arcanine|1\n|-damage|p1a: Arcanine|0 fnt\n|faint|p1a: Arcanine\n|move|p2b: Kingambit|Sucker Punch|p1b: Staraptor\n|-resisted|p1b: Staraptor|1\n|-damage|p1b: Staraptor|11/100\n|move|p1b: Staraptor|Close Combat|p2b: Kingambit\n|-supereffective|p2b: Kingambit|2\n|-damage|p2b: Kingambit|0 fnt\n|-boost|p1b: Staraptor|def|1\n|-boost|p1b: Staraptor|spd|1\n|faint|p2b: Kingambit\n|\n|-sideend|p1: MegaHappyDragonite|move: Tailwind\n|upkeep\n|\n|t:|1788181776\n|switch|p1a: Sylveon|Sylveon, L50, M|100/100\n|switch|p2b: Sneasler|Sneasler, L50, F|100/100\n|turn|6\n|inactive|Battle timer is ON: inactive players will automatically lose when time's up. (requested by MegaHappyDragonite)\n|inactive|jeanryupr has 60 seconds left.\n|\n|t:|1788181829\n|move|p1b: Staraptor|Protect|p1b: Staraptor\n|-singleturn|p1b: Staraptor|Protect\n|move|p1a: Sylveon|Detect|p1a: Sylveon\n|-singleturn|p1a: Sylveon|Protect\n|move|p2b: Sneasler|Fake Out|p1a: Sylveon\n|-activate|p1a: Sylveon|move: Protect\n|move|p2a: Lycanroc|Accelerock|p1b: Staraptor\n|-activate|p1b: Staraptor|move: Protect\n|\n|upkeep\n|turn|7\n|\n|t:|1788181844\n|move|p2a: Lycanroc|Accelerock|p1b: Staraptor\n|-damage|p1b: Staraptor|0 fnt\n|faint|p1b: Staraptor\n|move|p2b: Sneasler|Dire Claw|p1a: Sylveon\n|-supereffective|p1a: Sylveon|1\n|-crit|p1a: Sylveon\n|-damage|p1a: Sylveon|0 fnt\n|faint|p1a: Sylveon\n|\n|win|jeanryupr\n","uploadtime":1788181625,"views":"2","formatid":"gen9championsvgc2026regmbbo3","rating":null,"private":0,"password":null}