{"id":"gen9championsvgc2026regmbbo3-2674210932","format":"[Gen 9 Champions] VGC 2026 Reg M-B (Bo3)","players":["HelgitheLean","platinumflare"],"log":"|j|☆HelgitheLean\n|j|☆platinumflare\n|html|<table width=\"100%\"><tr><td align=\"left\">HelgitheLean</td><td align=\"right\">platinumflare</tr><tr><td align=\"left\"><i class=\"fa fa-circle\"></i> <i class=\"fa fa-circle-o\"></i> </td><td align=\"right\"><i class=\"fa fa-circle-o\"></i> <i class=\"fa fa-circle\"></i> </tr></table>\n|uhtml|bestof|<h2><strong>Game 3</strong> of <a href=\"/game-bestof3-gen9championsvgc2026regmbbo3-2674208932\">a best-of-3</a></h2>\n|t:|1788316101\n|gametype|doubles\n|player|p1|HelgitheLean|brawly|1210\n|player|p2|platinumflare|lance|1286\n|gen|9\n|tier|[Gen 9 Champions] VGC 2026 Reg M-B (Bo3)\n|rated|\n|rule|Species Clause: Limit one of each Pokémon\n|rule|Item Clause: Limit 1 of each item\n|clearpoke\n|poke|p1|Swampert, L50, F|\n|poke|p1|Archaludon, L50, F|\n|poke|p1|Pelipper, L50, F|\n|poke|p1|Venusaur, L50, F|\n|poke|p1|Charizard, L50, M|\n|poke|p1|Grimmsnarl, L50, M|\n|poke|p2|Blaziken, L50, M|\n|poke|p2|Meowscarada, L50, M|\n|poke|p2|Kingambit, L50, M|\n|poke|p2|Whimsicott, L50, M|\n|poke|p2|Floette-Eternal, L50, F|\n|poke|p2|Farigiraf, L50, M|\n|teampreview|4\n|showteam|p1|Swampert||Swampertite|Damp|IcePunch,WaveCrash,Earthquake,Protect|Adamant||F|||50|]Archaludon||Leftovers|Stamina|Snarl,ElectroShot,FlashCannon,Protect|Calm||F|||50|]Pelipper||FocusSash|Drizzle|Hurricane,WeatherBall,Tailwind,Protect|Modest||F|||50|]Venusaur||WideLens|Chlorophyll|SleepPowder,EarthPower,SludgeBomb,Protect|Modest||F|||50|]Charizard||CharizarditeY|Blaze|HeatWave,WeatherBall,Hurricane,Protect|Modest||M|||50|]Grimmsnarl||KebiaBerry|Prankster|FakeOut,SpiritBreak,SuckerPunch,PartingShot|Adamant||M|||50|\n|showteam|p2|Blaziken||Blazikenite|SpeedBoost|FlareBlitz,CloseCombat,RockSlide,Protect|Adamant||M|||50|]Meowscarada||ChoiceScarf|Protean|FlowerTrick,TripleAxel,KnockOff,Uturn|Adamant||M|||50|]Kingambit||LifeOrb|Defiant|KowtowCleave,LowKick,SuckerPunch,Protect|Adamant||M|||50|]Whimsicott||FocusSash|Prankster|Moonblast,Tailwind,Encore,Protect|Modest||M|||50|]Floette-Eternal||Floettite|FlowerVeil|DazzlingGleam,Moonblast,LightofRuin,Protect|Modest||F|||50|]Farigiraf||SitrusBerry|ArmorTail|TrickRoom,Imprison,Psychic,HyperVoice|Modest||M|||50|\n|inactive|Battle timer is ON: inactive players will automatically lose when time's up. (requested by platinumflare)\n|\n|t:|1788316128\n|teamsize|p1|4\n|teamsize|p2|4\n|start\n|switch|p1a: Swampert|Swampert, L50, F|100/100\n|switch|p1b: Grimmsnarl|Grimmsnarl, L50, M|100/100\n|switch|p2a: Blaziken|Blaziken, L50, M|100/100\n|switch|p2b: Meowscarada|Meowscarada, L50, M|100/100\n|turn|1\n|inactive|HelgitheLean has 30 seconds left.\n|inactive|platinumflare has 30 seconds left.\n|\n|t:|1788316166\n|move|p1b: Grimmsnarl|Fake Out|p2b: Meowscarada\n|-damage|p2b: Meowscarada|78/100\n|cant|p2b: Meowscarada|flinch\n|move|p2a: Blaziken|Rock Slide|p1b: Grimmsnarl|[spread] p1a,p1b\n|-resisted|p1a: Swampert|1\n|-damage|p1a: Swampert|89/100\n|-damage|p1b: Grimmsnarl|76/100\n|cant|p1a: Swampert|flinch\n|\n|-ability|p2a: Blaziken|Speed Boost|boost\n|-boost|p2a: Blaziken|spe|1\n|upkeep\n|turn|2\n|\n|t:|1788316186\n|switch|p1a: Charizard|Charizard, L50, M|100/100\n|move|p1b: Grimmsnarl|Parting Shot|p2a: Blaziken\n|-unboost|p2a: Blaziken|atk|1\n|-unboost|p2a: Blaziken|spa|1\n|\n|t:|1788316192\n|switch|p1b: Swampert|Swampert, L50, F|89/100|[from] Parting Shot\n|move|p2b: Meowscarada|Flower Trick|p1a: Charizard\n|-start|p2b: Meowscarada|typechange|Grass|[from] ability: Protean\n|-resisted|p1a: Charizard|2\n|-crit|p1a: Charizard\n|-damage|p1a: Charizard|86/100\n|move|p2a: Blaziken|Rock Slide|p1a: Charizard|[spread] p1a,p1b\n|-supereffective|p1a: Charizard|2\n|-resisted|p1b: Swampert|1\n|-damage|p1a: Charizard|30/100\n|-damage|p1b: Swampert|83/100\n|\n|-ability|p2a: Blaziken|Speed Boost|boost\n|-boost|p2a: Blaziken|spe|1\n|upkeep\n|turn|3\n|\n|t:|1788316210\n|switch|p1a: Grimmsnarl|Grimmsnarl, L50, M|76/100\n|move|p1b: Swampert|Protect|p1b: Swampert\n|-singleturn|p1b: Swampert|Protect\n|move|p2a: Blaziken|Rock Slide|p1a: Grimmsnarl|[spread] p1a\n|-activate|p1b: Swampert|move: Protect\n|-damage|p1a: Grimmsnarl|58/100\n|move|p2b: Meowscarada|Flower Trick|p1b: Swampert\n|-activate|p1b: Swampert|move: Protect\n|\n|-ability|p2a: Blaziken|Speed Boost|boost\n|-boost|p2a: Blaziken|spe|1\n|upkeep\n|turn|4\n|\n|t:|1788316233\n|switch|p2b: Whimsicott|Whimsicott, L50, M|100/100\n|move|p1a: Grimmsnarl|Fake Out|p2b: Whimsicott\n|-damage|p2b: Whimsicott|78/100\n|move|p2a: Blaziken|Rock Slide|p1b: Swampert|[spread] p1a,p1b\n|-resisted|p1b: Swampert|1\n|-damage|p1a: Grimmsnarl|42/100\n|-damage|p1b: Swampert|76/100\n|move|p1b: Swampert|Wave Crash|p2a: Blaziken\n|-supereffective|p2a: Blaziken|1\n|-damage|p2a: Blaziken|0 fnt\n|faint|p2a: Blaziken\n|-damage|p1b: Swampert|48/100|[from] Recoil\n|\n|upkeep\n|\n|t:|1788316245\n|switch|p2a: Floette|Floette-Eternal, L50, F|100/100\n|turn|5\n|\n|t:|1788316258\n|detailschange|p2a: Floette|Floette-Mega, L50, F\n|-mega|p2a: Floette|Floette|Floettite\n|-ability|p2a: Floette|Fairy Aura\n|move|p2b: Whimsicott|Tailwind|p2b: Whimsicott\n|-sidestart|p2: platinumflare|move: Tailwind\n|move|p2a: Floette|Dazzling Gleam|p1a: Grimmsnarl|[spread] p1a,p1b\n|-supereffective|p1a: Grimmsnarl|1\n|-crit|p1b: Swampert\n|-damage|p1a: Grimmsnarl|0 fnt\n|-damage|p1b: Swampert|0 fnt\n|faint|p1a: Grimmsnarl\n|faint|p1b: Swampert\n|\n|upkeep\n|\n|t:|1788316261\n|switch|p1b: Charizard|Charizard, L50, M|30/100\n|switch|p1a: Venusaur|Venusaur, L50, F|100/100\n|turn|6\n|\n|t:|1788316284\n|detailschange|p1b: Charizard|Charizard-Mega-Y, L50, M\n|-mega|p1b: Charizard|Charizard|Charizardite Y\n|-weather|SunnyDay|[from] ability: Drought|[of] p1b: Charizard\n|move|p1b: Charizard|Protect|p1b: Charizard\n|-singleturn|p1b: Charizard|Protect\n|move|p2b: Whimsicott|Moonblast|p1b: Charizard\n|-activate|p1b: Charizard|move: Protect\n|move|p2a: Floette|Dazzling Gleam|p1a: Venusaur|[spread] p1a\n|-activate|p1b: Charizard|move: Protect\n|-resisted|p1a: Venusaur|1\n|-damage|p1a: Venusaur|75/100\n|move|p1a: Venusaur|Sludge Bomb|p2b: Whimsicott\n|-supereffective|p2b: Whimsicott|2\n|-damage|p2b: Whimsicott|0 fnt\n|faint|p2b: Whimsicott\n|\n|-weather|SunnyDay|[upkeep]\n|upkeep\n|\n|t:|1788316290\n|switch|p2b: Meowscarada|Meowscarada, L50, M|78/100\n|turn|7\n|inactive|HelgitheLean has 30 seconds left.\n|inactive|HelgitheLean has 20 seconds left.\n|inactive|HelgitheLean has 15 seconds left.\n|\n|t:|1788316332\n|move|p2b: Meowscarada|Triple Axel|p1a: Venusaur\n|-start|p2b: Meowscarada|typechange|Ice|[from] ability: Protean\n|-supereffective|p1a: Venusaur|1\n|-damage|p1a: Venusaur|48/100\n|-supereffective|p1a: Venusaur|1\n|-damage|p1a: Venusaur|0 fnt\n|faint|p1a: Venusaur\n|-hitcount|p1: Venusaur|2\n|move|p2a: Floette|Light of Ruin|p1b: Charizard\n|-resisted|p1b: Charizard|1\n|-damage|p1b: Charizard|0 fnt\n|faint|p1b: Charizard\n|-damage|p2a: Floette|82/100|[from] Recoil\n|\n|win|platinumflare\n|raw|HelgitheLean's rating: 1210 &rarr; <strong>1190</strong><br />(-20 for losing)\n|raw|platinumflare's rating: 1286 &rarr; <strong>1306</strong><br />(+20 for winning)\n|l|☆HelgitheLean\n|player|p1|\n","uploadtime":1788316368,"views":"0","formatid":"gen9championsvgc2026regmbbo3","rating":1190,"private":0,"password":null}