{"id":"gen9championsvgc2026regmbbo3-2674370896","format":"[Gen 9 Champions] VGC 2026 Reg M-B (Bo3)","players":["IBstudios","pipepoa"],"log":"|j|☆IBstudios\n|j|☆pipepoa\n|html|<table width=\"100%\"><tr><td align=\"left\">IBstudios</td><td align=\"right\">pipepoa</tr><tr><td align=\"left\"><i class=\"fa fa-circle-o\"></i> <i class=\"fa fa-circle-o\"></i> </td><td align=\"right\"><i class=\"fa fa-circle-o\"></i> <i class=\"fa fa-circle\"></i> </tr></table>\n|uhtml|bestof|<h2><strong>Game 2</strong> of <a href=\"/game-bestof3-gen9championsvgc2026regmbbo3-2674369176\">a best-of-3</a></h2>\n|t:|1788350540\n|gametype|doubles\n|player|p1|IBstudios|266|1315\n|player|p2|pipepoa|ltsurge|1344\n|gen|9\n|tier|[Gen 9 Champions] VGC 2026 Reg M-B (Bo3)\n|rated|\n|rule|Species Clause: Limit one of each Pokémon\n|rule|Item Clause: Limit 1 of each item\n|clearpoke\n|poke|p1|Incineroar, L50, M|\n|poke|p1|Dragonite, L50, M|\n|poke|p1|Metagross, L50|\n|poke|p1|Sneasler, L50, F|\n|poke|p1|Primarina, L50, M|\n|poke|p1|Sinistcha-Masterpiece, L50|\n|poke|p2|Farigiraf, L50, F|\n|poke|p2|Charizard, L50, F|\n|poke|p2|Aerodactyl, L50, M|\n|poke|p2|Garchomp, L50, M|\n|poke|p2|Kingambit, L50, M|\n|poke|p2|Sylveon, L50, M|\n|teampreview|4\n|showteam|p1|Incineroar||SitrusBerry|Intimidate|FakeOut,FlareBlitz,ThroatChop,PartingShot|Adamant||M|||50|]Dragonite||Dragoninite|Multiscale|DragonPulse,HeatWave,Tailwind,Protect|Modest||M|||50|]Metagross||Metagrossite|ClearBody|PsychicFangs,BulletPunch,BodyPress,Protect|Jolly|||||50|]Sneasler||FocusSash|PoisonTouch|CloseCombat,PoisonJab,FakeOut,Protect|Jolly||F|||50|]Primarina||LifeOrb|LiquidVoice|HyperVoice,Moonblast,CalmMind,Protect|Modest||M|||50|]Sinistcha-Masterpiece||KasibBerry|Hospitality|MatchaGotcha,TrickRoom,RagePowder,Protect|Bold|||||50|\n|showteam|p2|Farigiraf||SitrusBerry|ArmorTail|Psychic,Thunderbolt,Protect,TrickRoom|Sassy||F|||50|]Charizard||CharizarditeY|Blaze|HeatWave,SolarBeam,WeatherBall,Protect|Modest||F|||50|]Aerodactyl||Aerodactylite|Unnerve|RockSlide,IceFang,DualWingbeat,Tailwind|Jolly||M|||50|]Garchomp||LifeOrb|RoughSkin|RockSlide,StompingTantrum,DragonClaw,Protect|Jolly||M|||50|]Kingambit||FocusSash|Defiant|IronHead,LowKick,KowtowCleave,SuckerPunch|Adamant||M|||50|]Sylveon||FairyFeather|Pixilate|HyperVoice,QuickAttack,Yawn,Detect|Quiet||M|||50|\n|\n|t:|1788350576\n|teamsize|p1|4\n|teamsize|p2|4\n|start\n|switch|p1a: Dragonite|Dragonite, L50, M|100/100\n|switch|p1b: Incineroar|Incineroar, L50, M|100/100\n|switch|p2a: Aerodactyl|Aerodactyl, L50, M|100/100\n|switch|p2b: Garchomp|Garchomp, L50, M|100/100\n|-ability|p2a: Aerodactyl|Unnerve\n|-ability|p1b: Incineroar|Intimidate|boost\n|-unboost|p2a: Aerodactyl|atk|1\n|-unboost|p2b: Garchomp|atk|1\n|turn|1\n|\n|t:|1788350599\n|detailschange|p2a: Aerodactyl|Aerodactyl-Mega, L50, M\n|-mega|p2a: Aerodactyl|Aerodactyl|Aerodactylite\n|detailschange|p1a: Dragonite|Dragonite-Mega, L50, M\n|-mega|p1a: Dragonite|Dragonite|Dragoninite\n|move|p1b: Incineroar|Fake Out|p2a: Aerodactyl\n|-resisted|p2a: Aerodactyl|1\n|-damage|p2a: Aerodactyl|92/100\n|cant|p2a: Aerodactyl|flinch\n|move|p2b: Garchomp|Rock Slide|p1b: Incineroar|[spread] p1a,p1b\n|-supereffective|p1a: Dragonite|1\n|-crit|p1a: Dragonite\n|-supereffective|p1b: Incineroar|1\n|-damage|p1a: Dragonite|66/100\n|-damage|p1b: Incineroar|69/100\n|-damage|p2b: Garchomp|90/100|[from] item: Life Orb\n|move|p1a: Dragonite|Tailwind|p1a: Dragonite\n|-sidestart|p1: IBstudios|move: Tailwind\n|\n|upkeep\n|turn|2\n|\n|t:|1788350620\n|move|p1a: Dragonite|Protect|p1a: Dragonite\n|-singleturn|p1a: Dragonite|Protect\n|move|p2a: Aerodactyl|Rock Slide|p1b: Incineroar|[spread] p1b\n|-activate|p1a: Dragonite|move: Protect\n|-supereffective|p1b: Incineroar|1\n|-damage|p1b: Incineroar|32/100\n|-enditem|p1b: Incineroar|Sitrus Berry|[eat]\n|-heal|p1b: Incineroar|57/100|[from] item: Sitrus Berry\n|cant|p1b: Incineroar|flinch\n|move|p2b: Garchomp|Dragon Claw|p1a: Dragonite\n|-activate|p1a: Dragonite|move: Protect\n|\n|upkeep\n|turn|3\n|\n|t:|1788350634\n|switch|p1b: Sinistcha|Sinistcha-Masterpiece, L50|100/100\n|-heal|p1a: Dragonite|91/100|[from] ability: Hospitality|[of] p1b: Sinistcha\n|move|p1a: Dragonite|Dragon Pulse|p2b: Garchomp\n|-supereffective|p2b: Garchomp|1\n|-damage|p2b: Garchomp|0 fnt\n|faint|p2b: Garchomp\n|move|p2a: Aerodactyl|Rock Slide|p1b: Sinistcha|[spread] p1a,p1b\n|-supereffective|p1a: Dragonite|1\n|-damage|p1a: Dragonite|57/100\n|-damage|p1b: Sinistcha|84/100\n|\n|upkeep\n|\n|t:|1788350653\n|switch|p2b: Farigiraf|Farigiraf, L50, F|100/100\n|turn|4\n|\n|t:|1788350676\n|switch|p1a: Primarina|Primarina, L50, M|100/100\n|move|p2a: Aerodactyl|Dual Wingbeat|p1b: Sinistcha|[miss]\n|-miss|p2a: Aerodactyl|p1b: Sinistcha\n|move|p2b: Farigiraf|Psychic|p1a: Primarina\n|-damage|p1a: Primarina|71/100\n|move|p1b: Sinistcha|Trick Room|p1b: Sinistcha\n|-fieldstart|move: Trick Room|[of] p1b: Sinistcha\n|\n|-sideend|p1: IBstudios|move: Tailwind\n|upkeep\n|turn|5\n|\n|t:|1788350703\n|switch|p1b: Incineroar|Incineroar, L50, M|57/100\n|-ability|p1b: Incineroar|Intimidate|boost\n|-unboost|p2a: Aerodactyl|atk|1\n|-unboost|p2b: Farigiraf|atk|1\n|move|p2b: Farigiraf|Thunderbolt|p1a: Primarina\n|-supereffective|p1a: Primarina|1\n|-damage|p1a: Primarina|29/100\n|move|p1a: Primarina|Hyper Voice|p2b: Farigiraf|[spread] p2a,p2b\n|-supereffective|p2a: Aerodactyl|1\n|-damage|p2a: Aerodactyl|0 fnt\n|-damage|p2b: Farigiraf|59/100\n|faint|p2a: Aerodactyl\n|-damage|p1a: Primarina|19/100|[from] item: Life Orb\n|\n|upkeep\n|\n|t:|1788350712\n|switch|p2a: Kingambit|Kingambit, L50, M|100/100\n|turn|6\n|\n|t:|1788350729\n|switch|p1a: Sinistcha|Sinistcha-Masterpiece, L50|84/100\n|-heal|p1b: Incineroar|82/100|[from] ability: Hospitality|[of] p1a: Sinistcha\n|move|p2b: Farigiraf|Thunderbolt|p1a: Sinistcha\n|-resisted|p1a: Sinistcha|1\n|-damage|p1a: Sinistcha|72/100\n|move|p1b: Incineroar|Throat Chop|p2b: Farigiraf\n|-supereffective|p2b: Farigiraf|1\n|-damage|p2b: Farigiraf|0 fnt\n|faint|p2b: Farigiraf\n|move|p2a: Kingambit|Low Kick|p1b: Incineroar\n|-supereffective|p1b: Incineroar|1\n|-damage|p1b: Incineroar|26/100\n|\n|upkeep\n|turn|7\n|\n|t:|1788350744\n|move|p1a: Sinistcha|Rage Powder|p1a: Sinistcha\n|-singleturn|p1a: Sinistcha|move: Rage Powder\n|move|p1b: Incineroar|Flare Blitz|p2a: Kingambit\n|-supereffective|p2a: Kingambit|1\n|-enditem|p2a: Kingambit|Focus Sash\n|-damage|p2a: Kingambit|1/100\n|-status|p2a: Kingambit|brn\n|-damage|p1b: Incineroar|0 fnt|[from] Recoil\n|faint|p1b: Incineroar\n|move|p2a: Kingambit|Kowtow Cleave|p1a: Sinistcha\n|-supereffective|p1a: Sinistcha|1\n|-damage|p1a: Sinistcha|37/100\n|\n|-damage|p2a: Kingambit|0 fnt|[from] brn\n|faint|p2a: Kingambit\n|\n|win|IBstudios\n||pipepoa is ready for game 3.\n|inactive|IBstudios has 30 seconds to confirm battle start!\n||IBstudios is ready for game 3.\n|uhtml|next|Next: <a href=\"/battle-gen9championsvgc2026regmbbo3-2674372124\"><strong>Game 3 of 3</strong></a>\n|l|☆pipepoa\n|player|p2|\n","uploadtime":1788351862,"views":"5","formatid":"gen9championsvgc2026regmbbo3","rating":null,"private":0,"password":null}