{"id":"gen9championsvgc2026regmbbo3-2673511528","format":"[Gen 9 Champions] VGC 2026 Reg M-B (Bo3)","players":["schshfh","Henrik22"],"log":"|j|☆schshfh\n|j|☆Henrik22\n|html|<table width=\"100%\"><tr><td align=\"left\">schshfh</td><td align=\"right\">Henrik22</tr><tr><td align=\"left\"><i class=\"fa fa-circle\"></i> <i class=\"fa fa-circle-o\"></i> </td><td align=\"right\"><i class=\"fa fa-circle-o\"></i> <i class=\"fa fa-circle-o\"></i> </tr></table>\n|uhtml|bestof|<h2><strong>Game 2</strong> of <a href=\"/game-bestof3-gen9championsvgc2026regmbbo3-2673509101\">a best-of-3</a></h2>\n|t:|1788206714\n|gametype|doubles\n|player|p1|schshfh|lance|1257\n|player|p2|Henrik22|ethan|1281\n|gen|9\n|tier|[Gen 9 Champions] VGC 2026 Reg M-B (Bo3)\n|rated|\n|rule|Species Clause: Limit one of each Pokémon\n|rule|Item Clause: Limit 1 of each item\n|clearpoke\n|poke|p1|Aerodactyl, L50, M|\n|poke|p1|Sylveon, L50, F|\n|poke|p1|Farigiraf, L50, F|\n|poke|p1|Charizard, L50, M|\n|poke|p1|Garchomp, L50, M|\n|poke|p1|Kingambit, L50, F|\n|poke|p2|Farigiraf, L50, F|\n|poke|p2|Staraptor, L50, M|\n|poke|p2|Tyranitar, L50, M|\n|poke|p2|Excadrill, L50, M|\n|poke|p2|Whimsicott, L50, F|\n|poke|p2|Gholdengo, L50|\n|teampreview|4\n|showteam|p1|Aerodactyl||Aerodactylite|Unnerve|RockSlide,IceFang,Tailwind,DualWingbeat|Jolly||M|||50|]Sylveon||FairyFeather|Pixilate|HyperVoice,HyperBeam,QuickAttack,Detect|Modest||F|||50|]Farigiraf||SitrusBerry|ArmorTail|Psychic,HelpingHand,TrickRoom,Protect|Bold||F|||50|]Charizard||CharizarditeY|Blaze|HeatWave,SolarBeam,WeatherBall,Protect|Modest||M|||50|]Garchomp||LifeOrb|RoughSkin|Earthquake,DragonClaw,StompingTantrum,Protect|Jolly||M|||50|]Kingambit||FocusSash|Defiant|KowtowCleave,IronHead,LowKick,SuckerPunch|Adamant||F|||50|\n|showteam|p2|Farigiraf||SitrusBerry|ArmorTail|Psychic,Thunderbolt,TrickRoom,NastyPlot|Relaxed||F|||50|]Staraptor||Staraptite|Intimidate|CloseCombat,BraveBird,Tailwind,Protect|Jolly||M|||50|]Tyranitar||ChopleBerry|SandStream|RockSlide,KnockOff,Protect,LowKick|Adamant||M|||50|]Excadrill||ExpertBelt|SandRush|Earthquake,HighHorsepower,IronHead,Protect|Adamant||M|||50|]Whimsicott||FocusSash|Prankster|Charm,Tailwind,Moonblast,Encore|Timid||F|||50|]Gholdengo||LifeOrb|GoodasGold|ShadowBall,Protect,MakeItRain,PowerGem|Timid|||||50|\n|inactive|Battle timer is ON: inactive players will automatically lose when time's up. (requested by Henrik22)\n|\n|t:|1788206739\n|teamsize|p1|4\n|teamsize|p2|4\n|start\n|switch|p1a: Sylveon|Sylveon, L50, F|100/100\n|switch|p1b: Charizard|Charizard, L50, M|100/100\n|switch|p2a: Staraptor|Staraptor, L50, M|100/100\n|switch|p2b: Whimsicott|Whimsicott, L50, F|100/100\n|-ability|p2a: Staraptor|Intimidate|boost\n|-unboost|p1a: Sylveon|atk|1\n|-unboost|p1b: Charizard|atk|1\n|turn|1\n|\n|t:|1788206764\n|detailschange|p2a: Staraptor|Staraptor-Mega, L50, M\n|-mega|p2a: Staraptor|Staraptor|Staraptite\n|detailschange|p1b: Charizard|Charizard-Mega-Y, L50, M\n|-mega|p1b: Charizard|Charizard|Charizardite Y\n|-weather|SunnyDay|[from] ability: Drought|[of] p1b: Charizard\n|move|p2b: Whimsicott|Charm|p2a: Staraptor\n|-boost|p2a: Staraptor|atk|2\n|move|p2a: Staraptor|Brave Bird|p1a: Sylveon\n|-damage|p1a: Sylveon|0 fnt\n|faint|p1a: Sylveon\n|-damage|p2a: Staraptor|68/100|[from] Recoil\n|move|p1b: Charizard|Heat Wave|p2a: Staraptor|[spread] p2a,p2b\n|-supereffective|p2b: Whimsicott|1\n|-damage|p2a: Staraptor|7/100\n|-enditem|p2b: Whimsicott|Focus Sash\n|-damage|p2b: Whimsicott|1/100\n|\n|-weather|SunnyDay|[upkeep]\n|upkeep\n|\n|t:|1788206782\n|switch|p1a: Kingambit|Kingambit, L50, F|100/100\n|turn|2\n|\n|t:|1788206797\n|switch|p2a: Tyranitar|Tyranitar, L50, M|100/100\n|-weather|Sandstorm|[from] ability: Sand Stream|[of] p2a: Tyranitar\n|move|p1a: Kingambit|Sucker Punch||[still]\n|-fail|p1a: Kingambit\n|move|p2b: Whimsicott|Moonblast|p1a: Kingambit\n|-damage|p1a: Kingambit|57/100\n|move|p1b: Charizard|Heat Wave|p2b: Whimsicott|[spread] p2b\n|-miss|p1b: Charizard|p2a: Tyranitar\n|-supereffective|p2b: Whimsicott|1\n|-damage|p2b: Whimsicott|0 fnt\n|faint|p2b: Whimsicott\n|\n|-weather|Sandstorm|[upkeep]\n|-damage|p1b: Charizard|94/100|[from] Sandstorm\n|upkeep\n|\n|t:|1788206811\n|switch|p2b: Staraptor|Staraptor-Mega, L50, M|7/100\n|turn|3\n|\n|t:|1788206821\n|switch|p1a: Garchomp|Garchomp, L50, M|100/100\n|move|p1b: Charizard|Protect|p1b: Charizard\n|-singleturn|p1b: Charizard|Protect\n|move|p2b: Staraptor|Tailwind|p2b: Staraptor\n|-sidestart|p2: Henrik22|move: Tailwind\n|move|p2a: Tyranitar|Low Kick|p1a: Garchomp\n|-damage|p1a: Garchomp|68/100\n|-damage|p2a: Tyranitar|87/100|[from] ability: Rough Skin|[of] p1a: Garchomp\n|\n|-weather|Sandstorm|[upkeep]\n|-damage|p2b: Staraptor|2/100|[from] Sandstorm\n|-damage|p1b: Charizard|88/100|[from] Sandstorm\n|upkeep\n|turn|4\n|inactive|schshfh has 30 seconds left.\n|\n|t:|1788206855\n|switch|p1b: Kingambit|Kingambit, L50, F|57/100\n|move|p1a: Garchomp|Protect|p1a: Garchomp\n|-singleturn|p1a: Garchomp|Protect\n|move|p2b: Staraptor|Close Combat|p1b: Kingambit\n|-supereffective|p1b: Kingambit|2\n|-damage|p1b: Kingambit|0 fnt\n|-boost|p2b: Staraptor|def|1\n|-boost|p2b: Staraptor|spd|1\n|faint|p1b: Kingambit\n|move|p2a: Tyranitar|Rock Slide|p1a: Garchomp\n|-activate|p1a: Garchomp|move: Protect\n|\n|-weather|Sandstorm|[upkeep]\n|-damage|p2b: Staraptor|0 fnt|[from] Sandstorm\n|faint|p2b: Staraptor\n|upkeep\n|\n|t:|1788206870\n|switch|p2b: Gholdengo|Gholdengo, L50|100/100\n|switch|p1b: Charizard|Charizard-Mega-Y, L50, M|88/100\n|-weather|SunnyDay|[from] ability: Drought|[of] p1b: Charizard\n|turn|5\n|\n|t:|1788206885\n|move|p2b: Gholdengo|Shadow Ball|p1a: Garchomp\n|-damage|p1a: Garchomp|10/100\n|-unboost|p1a: Garchomp|spd|1\n|-damage|p2b: Gholdengo|90/100|[from] item: Life Orb\n|move|p2a: Tyranitar|Rock Slide|p1a: Garchomp|[spread] p1b\n|-miss|p2a: Tyranitar|p1a: Garchomp\n|-supereffective|p1b: Charizard|2\n|-damage|p1b: Charizard|0 fnt\n|faint|p1b: Charizard\n|move|p1a: Garchomp|Earthquake|p2a: Tyranitar|[spread] p2a,p2b\n|-supereffective|p2a: Tyranitar|1\n|-supereffective|p2b: Gholdengo|1\n|-damage|p2a: Tyranitar|0 fnt\n|-damage|p2b: Gholdengo|0 fnt\n|faint|p2a: Tyranitar\n|faint|p2b: Gholdengo\n|-damage|p1a: Garchomp|1/100|[from] item: Life Orb\n|\n|win|schshfh\n|raw|schshfh's rating: 1257 &rarr; <strong>1284</strong><br />(+27 for winning)\n|raw|Henrik22's rating: 1281 &rarr; <strong>1254</strong><br />(-27 for losing)\n|l|☆Henrik22\n|player|p2|\n","uploadtime":1788206914,"views":"0","formatid":"gen9championsvgc2026regmbbo3","rating":1254,"private":0,"password":null}