{"id":"gen9championsvgc2026regmb-2674978024","format":"[Gen 9 Champions] VGC 2026 Reg M-B","players":["VictoriousDancing","breloomb01"],"log":"|j|☆VictoriousDancing\n|j|☆breloomb01\n|t:|1788444513\n|gametype|doubles\n|player|p1|VictoriousDancing|cynthia|1456\n|player|p2|breloomb01|roughneck|1399\n|gen|9\n|tier|[Gen 9 Champions] VGC 2026 Reg M-B\n|rated|\n|rule|Species Clause: Limit one of each Pokémon\n|rule|Item Clause: Limit 1 of each item\n|clearpoke\n|poke|p1|Charizard, L50, M, shiny|\n|poke|p1|Basculegion, L50, M, shiny|\n|poke|p1|Whimsicott, L50, M, shiny|\n|poke|p1|Garchomp, L50, M, shiny|\n|poke|p1|Kingambit, L50, F, shiny|\n|poke|p1|Floette-Eternal, L50, F|\n|poke|p2|Venusaur, L50, F|\n|poke|p2|Tyranitar, L50, M|\n|poke|p2|Excadrill, L50, F|\n|poke|p2|Incineroar, L50, F|\n|poke|p2|Whimsicott, L50, F|\n|poke|p2|Basculegion, L50, M|\n|teampreview|4\n|inactive|Battle timer is ON: inactive players will automatically lose when time's up. (requested by VictoriousDancing)\nVictoriousDancing rejected open team sheets.\n|\n|t:|1788444522\n|teamsize|p1|4\n|teamsize|p2|4\n|start\n|switch|p1a: Whimsicott|Whimsicott, L50, M, shiny|100/100\n|switch|p1b: Garchomp|Garchomp, L50, M, shiny|100/100\n|switch|p2a: Venusaur|Venusaur, L50, F|100/100\n|switch|p2b: Incineroar|Incineroar, L50, F|100/100\n|-ability|p2b: Incineroar|Intimidate|boost\n|-unboost|p1a: Whimsicott|atk|1\n|-unboost|p1b: Garchomp|atk|1\n|turn|1\n|\n|t:|1788444529\n|detailschange|p2a: Venusaur|Venusaur-Mega, L50, F\n|-mega|p2a: Venusaur|Venusaur|Venusaurite\n|move|p1a: Whimsicott|Protect|p1a: Whimsicott\n|-singleturn|p1a: Whimsicott|Protect\n|move|p1b: Garchomp|Protect|p1b: Garchomp\n|-singleturn|p1b: Garchomp|Protect\n|move|p2b: Incineroar|Fake Out|p1b: Garchomp\n|-activate|p1b: Garchomp|move: Protect\n|move|p2a: Venusaur|Sludge Bomb|p1a: Whimsicott\n|-activate|p1a: Whimsicott|move: Protect\n|\n|upkeep\n|turn|2\n|\n|t:|1788444533\n|move|p1a: Whimsicott|Encore|p2a: Venusaur\n|-start|p2a: Venusaur|Encore\n|move|p1b: Garchomp|Earthquake|p2b: Incineroar|[spread] p1a,p2a,p2b\n|-resisted|p1a: Whimsicott|1\n|-supereffective|p2b: Incineroar|1\n|-damage|p1a: Whimsicott|80/100\n|-damage|p2a: Venusaur|77/100\n|-damage|p2b: Incineroar|48/100\n|-enditem|p2b: Incineroar|Sitrus Berry|[eat]\n|-heal|p2b: Incineroar|73/100|[from] item: Sitrus Berry\n|move|p2a: Venusaur|Sludge Bomb|p1a: Whimsicott\n|-supereffective|p1a: Whimsicott|2\n|-damage|p1a: Whimsicott|0 fnt\n|faint|p1a: Whimsicott\n|move|p2b: Incineroar|Will-O-Wisp|p1b: Garchomp\n|-status|p1b: Garchomp|brn\n|\n|-damage|p1b: Garchomp|93/100 brn|[from] brn\n|upkeep\n|\n|t:|1788444533\n|switch|p1a: Basculegion|Basculegion, L50, M, shiny|100/100\n|turn|3\n|\n|t:|1788444545\n|move|p1a: Basculegion|Flip Turn|p2b: Incineroar\n|-supereffective|p2b: Incineroar|1\n|-damage|p2b: Incineroar|0 fnt\n|faint|p2b: Incineroar\n|\n|t:|1788444545\n|switch|p1a: Floette|Floette-Eternal, L50, F|100/100|[from] Flip Turn\n|move|p1b: Garchomp|Earthquake|p2a: Venusaur|[spread] p1a,p2a\n|-damage|p1a: Floette|80/100\n|-damage|p2a: Venusaur|67/100\n|move|p2a: Venusaur|Sludge Bomb|p1a: Floette\n|-supereffective|p1a: Floette|1\n|-damage|p1a: Floette|1/100\n|-status|p1a: Floette|psn\n|\n|-damage|p1a: Floette|0 fnt|[from] psn\n|faint|p1a: Floette\n|-damage|p1b: Garchomp|87/100 brn|[from] brn\n|upkeep\n|\n|t:|1788444554\n|switch|p1a: Basculegion|Basculegion, L50, M, shiny|100/100\n|switch|p2b: Tyranitar|Tyranitar, L50, M|100/100\n|-weather|Sandstorm|[from] ability: Sand Stream|[of] p2b: Tyranitar\n|turn|4\n|\n|t:|1788444559\n|move|p1a: Basculegion|Last Respects|p2a: Venusaur\n|-damage|p2a: Venusaur|0 fnt\n|faint|p2a: Venusaur\n|move|p1b: Garchomp|Earthquake|p2b: Tyranitar|[spread] p1a,p2b\n|-supereffective|p2b: Tyranitar|1\n|-damage|p1a: Basculegion|83/100\n|-damage|p2b: Tyranitar|81/100\n|move|p2b: Tyranitar|Knock Off|p1a: Basculegion\n|-supereffective|p1a: Basculegion|1\n|-damage|p1a: Basculegion|0 fnt\n|-enditem|p1a: Basculegion|Choice Scarf|[from] move: Knock Off|[of] p2b: Tyranitar\n|faint|p1a: Basculegion\n|\n|-weather|Sandstorm|[upkeep]\n|-damage|p1b: Garchomp|81/100 brn|[from] brn\n|upkeep\n|\n|t:|1788444562\n|switch|p2a: Excadrill|Excadrill, L50, F|100/100\n|turn|5\n|\n|t:|1788444567\n|move|p2b: Tyranitar|Protect|p2b: Tyranitar\n|-singleturn|p2b: Tyranitar|Protect\n|move|p2a: Excadrill|Earthquake|p1b: Garchomp|[spread] p1b\n|-activate|p2b: Tyranitar|move: Protect\n|-damage|p1b: Garchomp|39/100 brn\n|move|p1b: Garchomp|Earthquake|p2b: Tyranitar|[spread] p2a\n|-activate|p2b: Tyranitar|move: Protect\n|-supereffective|p2a: Excadrill|1\n|-damage|p2a: Excadrill|62/100\n|\n|-weather|Sandstorm|[upkeep]\n|-damage|p1b: Garchomp|33/100 brn|[from] brn\n|upkeep\n|turn|6\n|\n|t:|1788444571\n|move|p2a: Excadrill|Earthquake|p1b: Garchomp|[spread] p2b,p1b\n|-supereffective|p2b: Tyranitar|1\n|-damage|p2b: Tyranitar|13/100\n|-damage|p1b: Garchomp|0 fnt\n|faint|p1b: Garchomp\n|\n|win|breloomb01\n|raw|VictoriousDancing's rating: 1456 &rarr; <strong>1433</strong><br />(-23 for losing)\n|raw|breloomb01's rating: 1399 &rarr; <strong>1422</strong><br />(+23 for winning)\n|l|☆VictoriousDancing\n|player|p1|\n","uploadtime":1788444591,"views":"4","formatid":"gen9championsvgc2026regmb","rating":1422,"private":0,"password":null}