{"id":"gen9championsvgc2026regmb-2673884800","format":"[Gen 9 Champions] VGC 2026 Reg M-B","players":["tropiugnatus","tronzer"],"log":"|j|☆tropiugnatus\n|j|☆tronzer\n|t:|1788272918\n|gametype|doubles\n|player|p1|tropiugnatus|266|1094\n|player|p2|tronzer|roark|1165\n|gen|9\n|tier|[Gen 9 Champions] VGC 2026 Reg M-B\n|rated|\n|rule|Species Clause: Limit one of each Pokémon\n|rule|Item Clause: Limit 1 of each item\n|clearpoke\n|poke|p1|Serperior, L50, M|\n|poke|p1|Raichu, L50, M|\n|poke|p1|Metagross, L50|\n|poke|p1|Meowstic, L50, M|\n|poke|p1|Golurk, L50|\n|poke|p1|Gourgeist-Super, L50, F|\n|poke|p2|Kommo-o, L50, F|\n|poke|p2|Maushold-Four, L50|\n|poke|p2|Sinistcha-Masterpiece, L50|\n|poke|p2|Froslass, L50, F|\n|poke|p2|Glimmora, L50, M|\n|poke|p2|Incineroar, L50, F|\n|teampreview|4\n|\n|t:|1788272950\n|teamsize|p1|4\n|teamsize|p2|4\n|start\n|switch|p1a: Raichu|Raichu, L50, M|100/100\n|switch|p1b: Metagross|Metagross, L50|100/100\n|switch|p2a: Froslass|Froslass, L50, F|100/100\n|switch|p2b: Maushold|Maushold-Four, L50|100/100\n|turn|1\n|\n|t:|1788272969\n|detailschange|p1a: Raichu|Raichu-Mega-X, L50, M\n|-mega|p1a: Raichu|Raichu|Raichunite X\n|-fieldstart|move: Electric Terrain|[from] ability: Electric Surge|[of] p1a: Raichu\n|detailschange|p2a: Froslass|Froslass-Mega, L50, F\n|-mega|p2a: Froslass|Froslass|Froslassite\n|-weather|Snowscape|[from] ability: Snow Warning|[of] p2a: Froslass\n|move|p1a: Raichu|Fake Out|p2b: Maushold\n|-damage|p2b: Maushold|85/100\n|cant|p2b: Maushold|flinch\n|move|p2a: Froslass|Aurora Veil|p2a: Froslass\n|-sidestart|p2: tronzer|move: Aurora Veil\n|move|p1b: Metagross|Steel Roller|p2a: Froslass\n|-supereffective|p2a: Froslass|1\n|-damage|p2a: Froslass|0 fnt\n|-fieldend|move: Electric Terrain\n|faint|p2a: Froslass\n|\n|-weather|Snowscape|[upkeep]\n|upkeep\n|\n|t:|1788272988\n|switch|p2a: Incineroar|Incineroar, L50, F|100/100\n|-ability|p2a: Incineroar|Intimidate|boost\n|-unboost|p1a: Raichu|atk|1\n|-fail|p1b: Metagross|unboost|[from] ability: Clear Body|[of] p1b: Metagross\n|turn|2\n|\n|t:|1788273004\n|move|p2b: Maushold|Follow Me|p2b: Maushold\n|-singleturn|p2b: Maushold|move: Follow Me\n|move|p1a: Raichu|Volt Switch|p2b: Maushold\n|-damage|p2b: Maushold|59/100\n|\n|t:|1788273010\n|switch|p1a: Serperior|Serperior, L50, M|100/100|[from] Volt Switch\n|move|p1b: Metagross|Bulldoze|p2a: Incineroar|[spread] p1a,p2a,p2b\n|-resisted|p1a: Serperior|1\n|-supereffective|p2a: Incineroar|1\n|-crit|p2a: Incineroar\n|-damage|p1a: Serperior|90/100\n|-damage|p2a: Incineroar|63/100\n|-damage|p2b: Maushold|43/100\n|-boost|p1a: Serperior|spe|1\n|-unboost|p2a: Incineroar|spe|1\n|-unboost|p2b: Maushold|spe|1\n|move|p2a: Incineroar|Darkest Lariat|p1b: Metagross\n|-supereffective|p1b: Metagross|1\n|-damage|p1b: Metagross|3/100\n|-damage|p2a: Incineroar|53/100|[from] item: Life Orb\n|\n|-weather|Snowscape|[upkeep]\n|upkeep\n|turn|3\n|l|☆tropiugnatus\n|player|p1|\n|j|☆tropiugnatus\n|player|p1|tropiugnatus|266|\n|\n|t:|1788273068\n|switch|p2b: Sinistcha|Sinistcha-Masterpiece, L50|100/100\n|-heal|p2a: Incineroar|78/100|[from] ability: Hospitality|[of] p2b: Sinistcha\n|move|p1a: Serperior|Leaf Storm|p2b: Sinistcha\n|-resisted|p2b: Sinistcha|1\n|-damage|p2b: Sinistcha|71/100\n|-boost|p1a: Serperior|spa|2\n|-damage|p1a: Serperior|80/100|[from] item: Life Orb\n|move|p1b: Metagross|Bulldoze|p2a: Incineroar|[spread] p1a,p2a,p2b\n|-resisted|p1a: Serperior|1\n|-supereffective|p2a: Incineroar|1\n|-resisted|p2b: Sinistcha|1\n|-damage|p1a: Serperior|70/100\n|-damage|p2a: Incineroar|56/100\n|-damage|p2b: Sinistcha|66/100\n|-boost|p1a: Serperior|spe|1\n|-unboost|p2a: Incineroar|spe|1\n|-unboost|p2b: Sinistcha|spe|1\n|move|p2a: Incineroar|Flare Blitz|p1a: Serperior\n|-supereffective|p1a: Serperior|1\n|-damage|p1a: Serperior|0 fnt\n|faint|p1a: Serperior\n|-damage|p2a: Incineroar|39/100|[from] Recoil\n|-damage|p2a: Incineroar|29/100|[from] item: Life Orb\n|\n|-weather|Snowscape|[upkeep]\n|upkeep\n|inactive|Battle timer is ON: inactive players will automatically lose when time's up. (requested by tropiugnatus)\n|\n|t:|1788273092\n|switch|p1a: Raichu|Raichu-Mega-X, L50, M|100/100\n|-fieldstart|move: Electric Terrain|[from] ability: Electric Surge|[of] p1a: Raichu\n|turn|4\n|\n|t:|1788273112\n|switch|p2a: Maushold|Maushold-Four, L50|43/100\n|move|p1a: Raichu|Volt Switch|p2a: Maushold\n|-damage|p2a: Maushold|13/100\n|\n|t:|1788273120\n|switch|p1a: Meowstic|Meowstic, L50, M|100/100|[from] Volt Switch\n|move|p1b: Metagross|Steel Roller|p2b: Sinistcha\n|-damage|p2b: Sinistcha|34/100\n|-fieldend|move: Electric Terrain\n|move|p2b: Sinistcha|Matcha Gotcha|p1b: Metagross|[spread] p1a,p1b\n|-crit|p1a: Meowstic\n|-resisted|p1b: Metagross|1\n|-damage|p1a: Meowstic|56/100\n|-heal|p2b: Sinistcha|56/100|[from] drain|[of] p1a: Meowstic\n|-damage|p1b: Metagross|0 fnt\n|-heal|p2b: Sinistcha|58/100|[from] drain|[of] p1b: Metagross\n|faint|p1b: Metagross\n|\n|-weather|Snowscape|[upkeep]\n|upkeep\n|\n|t:|1788273134\n|switch|p1b: Raichu|Raichu-Mega-X, L50, M|100/100\n|-fieldstart|move: Electric Terrain|[from] ability: Electric Surge|[of] p1b: Raichu\n|turn|5\n|\n|t:|1788273155\n|move|p2a: Maushold|Protect|p2a: Maushold\n|-singleturn|p2a: Maushold|Protect\n|move|p1a: Meowstic|Fake Out|p2a: Maushold\n|-activate|p2a: Maushold|move: Protect\n|move|p1b: Raichu|Rising Voltage|p2b: Sinistcha\n|-hint|Rising Voltage's BP doubled on grounded target.\n|-resisted|p2b: Sinistcha|1\n|-crit|p2b: Sinistcha\n|-damage|p2b: Sinistcha|6/100\n|move|p2b: Sinistcha|Matcha Gotcha|p1b: Raichu|[spread] p1a\n|-miss|p2b: Sinistcha|p1b: Raichu\n|-damage|p1a: Meowstic|29/100\n|-heal|p2b: Sinistcha|20/100y|[from] drain|[of] p1a: Meowstic\n|\n|-weather|none\n|-sideend|p2: tronzer|move: Aurora Veil\n|upkeep\n|turn|6\n|inactive|tropiugnatus has 30 seconds left.\n|inactive|tronzer has 30 seconds left.\n|\n|t:|1788273187\n|move|p1a: Meowstic|Yawn|p2b: Sinistcha\n|-activate|p2b: Sinistcha|move: Electric Terrain\n|move|p2a: Maushold|Super Fang|p1b: Raichu\n|-damage|p1b: Raichu|50/100g\n|move|p1b: Raichu|Rising Voltage|p2a: Maushold\n|-hint|Rising Voltage's BP doubled on grounded target.\n|-damage|p2a: Maushold|0 fnt\n|faint|p2a: Maushold\n|move|p2b: Sinistcha|Matcha Gotcha|p1b: Raichu|[spread] p1a,p1b\n|-damage|p1a: Meowstic|1/100\n|-heal|p2b: Sinistcha|35/100|[from] drain|[of] p1a: Meowstic\n|-damage|p1b: Raichu|15/100\n|-heal|p2b: Sinistcha|48/100|[from] drain|[of] p1b: Raichu\n|\n|upkeep\n|\n|t:|1788273201\n|switch|p2a: Incineroar|Incineroar, L50, F|29/100\n|-ability|p2a: Incineroar|Intimidate|boost\n|-unboost|p1a: Meowstic|atk|1\n|-unboost|p1b: Raichu|atk|1\n|turn|7\n|\n|t:|1788273211\n|move|p2a: Incineroar|Fake Out|p1b: Raichu\n|-damage|p1b: Raichu|0 fnt\n|faint|p1b: Raichu\n|-damage|p2a: Incineroar|19/100|[from] item: Life Orb\n|move|p1a: Meowstic|Yawn|p2a: Incineroar\n|-hint|Since gen 7, Dark is immune to Prankster moves.\n|-immune|p2a: Incineroar\n|move|p2b: Sinistcha|Matcha Gotcha|p1a: Meowstic\n|-damage|p1a: Meowstic|0 fnt\n|-heal|p2b: Sinistcha|49/100|[from] drain|[of] p1a: Meowstic\n|faint|p1a: Meowstic\n|\n|win|tronzer\n|raw|tropiugnatus's rating: 1094 &rarr; <strong>1075</strong><br />(-19 for losing)\n|raw|tronzer's rating: 1165 &rarr; <strong>1185</strong><br />(+20 for winning)\n|l|☆tropiugnatus\n|player|p1|\n","uploadtime":1788273242,"views":"10","formatid":"gen9championsvgc2026regmb","rating":1075,"private":0,"password":null}