{"id":"gen9championsvgc2026regmb-2674256688","format":"[Gen 9 Champions] VGC 2026 Reg M-B","players":["idkwhatimdoinglol2","xxslayrxx"],"log":"|j|☆idkwhatimdoinglol2\n|j|☆xxslayrxx\n|html|<table width=\"100%\"><tr><td align=\"left\">idkwhatimdoinglol2</td><td align=\"right\">xxslayrxx</tr><tr><td align=\"left\"><i class=\"fa fa-circle\"></i> <i class=\"fa fa-circle-o\"></i> </td><td align=\"right\"><i class=\"fa fa-circle-o\"></i> <i class=\"fa fa-circle-o\"></i> </tr></table>\n|uhtml|bestof|<h2><strong>Game 2</strong> of <a href=\"/game-bestof3-gen9championsvgc2026regmb-2674253290\">a best-of-3</a></h2>\n|t:|1788324791\n|gametype|doubles\n|player|p1|idkwhatimdoinglol2|policeman-gen4|\n|player|p2|xxslayrxx|backersf|\n|gen|9\n|tier|[Gen 9 Champions] VGC 2026 Reg M-B\n|rule|Species Clause: Limit one of each Pokémon\n|rule|Item Clause: Limit 1 of each item\n|raw|<div class=\"infobox\"><details class=\"readmore\" open><summary><strong>1 custom rule:</strong></summary> Best of = 3</details></div>\n|clearpoke\n|poke|p1|Tyranitar, L50, F|\n|poke|p1|Gallade, L50, M|\n|poke|p1|Rotom-Wash, L50|\n|poke|p1|Volcarona, L50, M|\n|poke|p1|Excadrill, L50, M|\n|poke|p1|Houndstone, L50, F|\n|poke|p2|Gliscor, L50, M, shiny|\n|poke|p2|Meowscarada, L50, F, shiny|\n|poke|p2|Klefki, L50, F, shiny|\n|poke|p2|Mawile, L50, M, shiny|\n|poke|p2|Clawitzer, L50, F, shiny|\n|poke|p2|Maushold-Four, L50, shiny|\n|teampreview|4\n|j| ShadowFlamePkm\n|j| weepyduckling22\n|\n|t:|1788324876\n|teamsize|p1|4\n|teamsize|p2|4\n|start\n|switch|p1a: Tyranitar|Tyranitar, L50, F|100/100\n|switch|p1b: Excadrill|Excadrill, L50, M|100/100\n|switch|p2a: Mega Mawile|Gliscor, L50, M, shiny|100/100\n|switch|p2b: Mommy|Meowscarada, L50, F, shiny|100/100\n|-weather|Sandstorm|[from] ability: Sand Stream|[of] p1a: Tyranitar\n|turn|1\n|c| ShadowFlamePkm|Mega Mawile!\n|c| ShadowFlamePkm|Hit it with a ground move\n|\n|t:|1788324952\n|switch|p1a: Volcarona|Volcarona, L50, M|100/100\n|move|p1b: Excadrill|Iron Head|p2b: Mommy\n|-damage|p2b: Mommy|21/100\n|move|p2b: Mommy|Low Kick|p1a: Volcarona\n|-start|p2b: Mommy|typechange|Fighting|[from] ability: Protean\n|-resisted|p1a: Volcarona|1\n|-damage|p1a: Volcarona|82/100\n|move|p2a: Mega Mawile|High Horsepower|p1b: Excadrill\n|-supereffective|p1b: Excadrill|1\n|-enditem|p1b: Excadrill|Focus Sash\n|-damage|p1b: Excadrill|1/100\n|\n|-weather|Sandstorm|[upkeep]\n|-damage|p2b: Mommy|16/100|[from] Sandstorm\n|-damage|p1a: Volcarona|76/100|[from] Sandstorm\n|upkeep\n|turn|2\n|\n|t:|1788325084\n|switch|p2b: Family of Four|Maushold-Four, L50, shiny|100/100\n|switch|p1a: Tyranitar|Tyranitar, L50, F|100/100\n|move|p1b: Excadrill|Iron Head|p2a: Mega Mawile\n|-damage|p2a: Mega Mawile|64/100\n|move|p2a: Mega Mawile|Rock Slide|p1b: Excadrill|[spread] p1a,p1b\n|-resisted|p1b: Excadrill|2\n|-damage|p1a: Tyranitar|85/100\n|-damage|p1b: Excadrill|0 fnt\n|faint|p1b: Excadrill\n|\n|-weather|Sandstorm|[upkeep]\n|-damage|p2b: Family of Four|93/100|[from] Sandstorm\n|upkeep\n|\n|t:|1788325104\n|switch|p1b: Houndstone|Houndstone, L50, F|100/100\n|turn|3\n|\n|t:|1788325132\n|detailschange|p1a: Tyranitar|Tyranitar-Mega, L50, F\n|-mega|p1a: Tyranitar|Tyranitar|Tyranitarite\n|move|p1b: Houndstone|Will-O-Wisp|p2a: Mega Mawile|[miss]\n|-miss|p1b: Houndstone|p2a: Mega Mawile\n|move|p2b: Family of Four|Super Fang|p1a: Tyranitar\n|-damage|p1a: Tyranitar|42/100\n|move|p2a: Mega Mawile|High Horsepower|p1a: Tyranitar\n|-supereffective|p1a: Tyranitar|1\n|-damage|p1a: Tyranitar|0 fnt\n|faint|p1a: Tyranitar\n|\n|-weather|Sandstorm|[upkeep]\n|-damage|p2b: Family of Four|87/100|[from] Sandstorm\n|upkeep\n|\n|t:|1788325143\n|switch|p1a: Volcarona|Volcarona, L50, M|76/100\n|turn|4\n|c| ShadowFlamePkm|Enormous miss\n|\n|t:|1788325207\n|move|p1b: Houndstone|Protect|p1b: Houndstone\n|-singleturn|p1b: Houndstone|Protect\n|move|p2b: Family of Four|Follow Me|p2b: Family of Four\n|-singleturn|p2b: Family of Four|move: Follow Me\n|move|p2a: Mega Mawile|Rock Slide|p1b: Houndstone|[spread] p1a\n|-activate|p1b: Houndstone|move: Protect\n|-supereffective|p1a: Volcarona|2\n|-damage|p1a: Volcarona|0 fnt\n|faint|p1a: Volcarona\n|\n|-weather|Sandstorm|[upkeep]\n|-damage|p2b: Family of Four|81/100|[from] Sandstorm\n|upkeep\n|turn|5\n|\n|t:|1788325226\n|move|p2b: Family of Four|Follow Me|p2b: Family of Four\n|-singleturn|p2b: Family of Four|move: Follow Me\n|move|p1b: Houndstone|Play Rough|p2b: Family of Four\n|-damage|p2b: Family of Four|53/100\n|move|p2a: Mega Mawile|Knock Off|p1b: Houndstone\n|-supereffective|p1b: Houndstone|1\n|-enditem|p1b: Houndstone|Colbur Berry|[eat]\n|-enditem|p1b: Houndstone|Colbur Berry|[weaken]\n|-damage|p1b: Houndstone|64/100\n|\n|-weather|none\n|upkeep\n|turn|6\n|\n|t:|1788325249\n|move|p2b: Family of Four|Protect|p2b: Family of Four\n|-singleturn|p2b: Family of Four|Protect\n|move|p2a: Mega Mawile|Knock Off|p1b: Houndstone\n|-supereffective|p1b: Houndstone|1\n|-damage|p1b: Houndstone|24/100\n|move|p1b: Houndstone|Play Rough|p2a: Mega Mawile\n|-damage|p2a: Mega Mawile|42/100\n|\n|upkeep\n|turn|7\n|\n|t:|1788325259\n|move|p2b: Family of Four|Follow Me|p2b: Family of Four\n|-singleturn|p2b: Family of Four|move: Follow Me\n|move|p2a: Mega Mawile|Knock Off|p1b: Houndstone\n|-supereffective|p1b: Houndstone|1\n|-damage|p1b: Houndstone|0 fnt\n|faint|p1b: Houndstone\n|\n|win|xxslayrxx\n||idkwhatimdoinglol2 is ready for game 3.\n||xxslayrxx is ready for game 3.\n|uhtml|next|Next: <a href=\"/battle-gen9championsvgc2026regmb-2674258850\"><strong>Game 3 of 3</strong></a>\n|l| weepyduckling22\n","uploadtime":1788326180,"views":"2","formatid":"gen9championsvgc2026regmb","rating":null,"private":0,"password":null}