{"id":"gen9championsvgc2026regmbbo3-2674372302","format":"[Gen 9 Champions] VGC 2026 Reg M-B (Bo3)","players":["KiLLERFROG1987","cobyoid"],"log":"|j|☆KiLLERFROG1987\n|j|☆cobyoid\n|html|<table width=\"100%\"><tr><td align=\"left\">KiLLERFROG1987</td><td align=\"right\">cobyoid</tr><tr><td align=\"left\"><i class=\"fa fa-circle-o\"></i> <i class=\"fa fa-circle-o\"></i> </td><td align=\"right\"><i class=\"fa fa-circle-o\"></i> <i class=\"fa fa-circle\"></i> </tr></table>\n|uhtml|bestof|<h2><strong>Game 2</strong> of <a href=\"/game-bestof3-gen9championsvgc2026regmbbo3-2674369973\">a best-of-3</a></h2>\n|t:|1788350784\n|gametype|doubles\n|player|p1|KiLLERFROG1987|pilot|1000\n|player|p2|cobyoid|brycenman|1057\n|gen|9\n|tier|[Gen 9 Champions] VGC 2026 Reg M-B (Bo3)\n|rated|\n|rule|Species Clause: Limit one of each Pokémon\n|rule|Item Clause: Limit 1 of each item\n|clearpoke\n|poke|p1|Scolipede, L50, M|\n|poke|p1|Aurorus, L50, F|\n|poke|p1|Charizard, L50, M|\n|poke|p1|Meganium, L50, F|\n|poke|p1|Rotom-Wash, L50|\n|poke|p1|Liepard, L50, F|\n|poke|p2|Feraligatr, L50, F|\n|poke|p2|Sableye, L50, M|\n|poke|p2|Talonflame, L50, F, shiny|\n|poke|p2|Aegislash, L50, M|\n|poke|p2|Arcanine-Hisui, L50, M|\n|poke|p2|Rotom-Mow, L50|\n|teampreview|4\n|showteam|p1|Scolipede||FocusSash|SpeedBoost|LeechLife,GunkShot,Protect,RockSlide|Naughty||M|||50|]Aurorus||ExpertBelt|SnowWarning|EarthPower,AuroraVeil,Blizzard,FlashCannon|Relaxed||F|||50|]Charizard||CharizarditeX|Blaze|DragonDance,DragonClaw,FlareBlitz,Protect|Adamant||M|||50|]Meganium||Meganiumite|Overgrow|DazzlingGleam,Earthquake,EnergyBall,Protect|Quiet||F|||50|]Rotom-Wash||Leftovers|Levitate|Thunderbolt,VoltSwitch,HydroPump,ShadowBall|Serious|||||50|]Liepard||WhiteHerb|Unburden|Uturn,FakeOut,Taunt,Crunch|Adamant||F|||50|\n|showteam|p2|Feraligatr||Feraligite|SheerForce|AquaJet,BodySlam,Liquidation,Protect|Adamant||F|||50|]Sableye||MentalHerb|Prankster|FakeOut,Quash,Encore,KnockOff|Relaxed||M|||50|]Talonflame||SharpBeak|GaleWings|Tailwind,Roost,Taunt,BraveBird|Jolly||F|||50|]Aegislash||Leftovers|StanceChange|WideGuard,Poltergeist,IronHead,KingsShield|Careful||M|||50|]Arcanine-Hisui||FocusSash|RockHead|ExtremeSpeed,HeadSmash,FlareBlitz,Protect|Jolly||M|||50|]Rotom-Mow||SitrusBerry|Levitate|LeafStorm,WillOWisp,Thunderbolt,Protect|Calm|||||50|\n|c|☆KiLLERFROG1987|how did the gator out speed my speed scolipede?\n|c|☆cobyoid|aqua jet is priority move\n|c|☆KiLLERFROG1987|goctha thx\n|\n|t:|1788350836\n|teamsize|p1|4\n|teamsize|p2|4\n|start\n|switch|p1a: Rotom|Rotom-Wash, L50|100/100\n|switch|p1b: Liepard|Liepard, L50, F|100/100\n|switch|p2a: Rotom|Rotom-Mow, L50|100/100\n|switch|p2b: Sableye|Sableye, L50, M|100/100\n|turn|1\n|c|☆KiLLERFROG1987|battle of the rotoms\n|\n|t:|1788350856\n|move|p2b: Sableye|Fake Out|p1a: Rotom\n|-damage|p1a: Rotom|91/100\n|move|p1b: Liepard|U-turn|p2a: Rotom\n|-supereffective|p2a: Rotom|1\n|-damage|p2a: Rotom|63/100\n|c|☆cobyoid|water vs grass!!\n|\n|t:|1788350861\n|switch|p1b: Aurorus|Aurorus, L50, F|100/100|[from] U-turn\n|-weather|Snowscape|[from] ability: Snow Warning|[of] p1b: Aurorus\n|cant|p1a: Rotom|flinch\n|move|p2a: Rotom|Will-O-Wisp|p1b: Aurorus|[miss]\n|-miss|p2a: Rotom|p1b: Aurorus\n|\n|-weather|Snowscape|[upkeep]\n|-heal|p1a: Rotom|96/100|[from] item: Leftovers\n|upkeep\n|turn|2\n|\n|t:|1788350892\n|move|p2a: Rotom|Protect|p2a: Rotom\n|-singleturn|p2a: Rotom|Protect\n|move|p1a: Rotom|Shadow Ball|p2b: Sableye\n|-damage|p2b: Sableye|71/100\n|-unboost|p2b: Sableye|spd|1\n|move|p2b: Sableye|Knock Off|p1b: Aurorus\n|-damage|p1b: Aurorus|87/100\n|-enditem|p1b: Aurorus|Expert Belt|[from] move: Knock Off|[of] p2b: Sableye\n|move|p1b: Aurorus|Blizzard|p2a: Rotom|[spread] p2b\n|-activate|p2a: Rotom|move: Protect\n|-damage|p2b: Sableye|17/100\n|\n|-weather|Snowscape|[upkeep]\n|-heal|p1a: Rotom|100/100|[from] item: Leftovers\n|upkeep\n|turn|3\n|\n|t:|1788350921\n|switch|p2b: Feraligatr|Feraligatr, L50, F|100/100\n|move|p2a: Rotom|Leaf Storm|p1b: Aurorus\n|-supereffective|p1b: Aurorus|1\n|-damage|p1b: Aurorus|8/100\n|-unboost|p2a: Rotom|spa|2\n|move|p1a: Rotom|Shadow Ball|p2b: Feraligatr\n|-damage|p2b: Feraligatr|75/100\n|-unboost|p2b: Feraligatr|spd|1\n|move|p1b: Aurorus|Blizzard|p2a: Rotom|[spread] p2a,p2b\n|-supereffective|p2a: Rotom|1\n|-resisted|p2b: Feraligatr|1\n|-damage|p2a: Rotom|17/100\n|-damage|p2b: Feraligatr|54/100\n|-status|p2b: Feraligatr|frz\n|-enditem|p2a: Rotom|Sitrus Berry|[eat]\n|-heal|p2a: Rotom|42/100|[from] item: Sitrus Berry\n|\n|-weather|Snowscape|[upkeep]\n|upkeep\n|turn|4\n|\n|t:|1788350953\n|switch|p1b: Liepard|Liepard, L50, F|100/100\n|detailschange|p2b: Feraligatr|Feraligatr-Mega, L50, F\n|-mega|p2b: Feraligatr|Feraligatr|Feraligite\n|-curestatus|p2b: Feraligatr|frz|[msg]\n|move|p2b: Feraligatr|Aqua Jet|p1b: Liepard\n|-damage|p1b: Liepard|57/100\n|move|p2a: Rotom|Leaf Storm|p1a: Rotom\n|-supereffective|p1a: Rotom|1\n|-damage|p1a: Rotom|32/100\n|-unboost|p2a: Rotom|spa|2\n|move|p1a: Rotom|Thunderbolt|p2b: Feraligatr\n|-crit|p2b: Feraligatr\n|-damage|p2b: Feraligatr|0 fnt\n|faint|p2b: Feraligatr\n|\n|-weather|Snowscape|[upkeep]\n|-heal|p1a: Rotom|37/100|[from] item: Leftovers\n|upkeep\n|\n|t:|1788350969\n|switch|p2b: Aegislash|Aegislash, L50, M|100/100\n|turn|5\n|\n|t:|1788350984\n|move|p2a: Rotom|Protect|p2a: Rotom\n|-singleturn|p2a: Rotom|Protect\n|move|p1b: Liepard|U-turn|p2a: Rotom\n|-activate|p2a: Rotom|move: Protect\n|move|p1a: Rotom|Shadow Ball|p2b: Aegislash\n|-supereffective|p2b: Aegislash|1\n|-damage|p2b: Aegislash|66/100\n|-formechange|p2b: Aegislash|Aegislash-Blade|\n|move|p2b: Aegislash|Poltergeist|p1a: Rotom\n|-activate|p1a: Rotom|move: Poltergeist|Leftovers\n|-damage|p1a: Rotom|0 fnt\n|faint|p1a: Rotom\n|\n|-weather|none\n|-heal|p2b: Aegislash|72/100|[from] item: Leftovers\n|upkeep\n|\n|t:|1788350999\n|switch|p1a: Meganium|Meganium, L50, F|100/100\n|turn|6\n|\n|t:|1788351017\n|detailschange|p1a: Meganium|Meganium-Mega, L50, F\n|-mega|p1a: Meganium|Meganium|Meganiumite\n|-formechange|p2b: Aegislash|Aegislash|\n|move|p2b: Aegislash|King's Shield|p2b: Aegislash\n|-singleturn|p2b: Aegislash|Protect\n|move|p1b: Liepard|U-turn|p2a: Rotom\n|-supereffective|p2a: Rotom|1\n|-damage|p2a: Rotom|6/100\n|\n|t:|1788351028\n|switch|p1b: Aurorus|Aurorus, L50, F|8/100|[from] U-turn\n|-weather|Snowscape|[from] ability: Snow Warning|[of] p1b: Aurorus\n|move|p1a: Meganium|Earthquake|p2b: Aegislash|[spread] p1b\n|-activate|p2b: Aegislash|move: Protect\n|-immune|p2a: Rotom|[from] ability: Levitate\n|-supereffective|p1b: Aurorus|1\n|-damage|p1b: Aurorus|0 fnt\n|faint|p1b: Aurorus\n|move|p2a: Rotom|Will-O-Wisp|p1a: Meganium\n|-status|p1a: Meganium|brn\n|\n|-weather|Snowscape|[upkeep]\n|-heal|p2b: Aegislash|78/100|[from] item: Leftovers\n|-damage|p1a: Meganium|94/100 brn|[from] brn\n|upkeep\n|c|☆KiLLERFROG1987|bset play of all time\n|\n|t:|1788351045\n|switch|p1b: Liepard|Liepard, L50, F|57/100\n|turn|7\n|\n|t:|1788351066\n|move|p2a: Rotom|Protect|p2a: Rotom\n|-singleturn|p2a: Rotom|Protect\n|move|p1b: Liepard|Crunch|p2b: Aegislash\n|-supereffective|p2b: Aegislash|1\n|-damage|p2b: Aegislash|31/100\n|-unboost|p2b: Aegislash|def|1\n|move|p1a: Meganium|Earthquake|p2b: Aegislash|[spread] p1b,p2b\n|-activate|p2a: Rotom|move: Protect\n|-supereffective|p2b: Aegislash|1\n|-damage|p1b: Liepard|43/100\n|-damage|p2b: Aegislash|13/100\n|-formechange|p2b: Aegislash|Aegislash-Blade|\n|move|p2b: Aegislash|Iron Head|p1a: Meganium\n|-supereffective|p1a: Meganium|1\n|-damage|p1a: Meganium|27/100 brn\n|\n|-weather|Snowscape|[upkeep]\n|-heal|p2b: Aegislash|19/100|[from] item: Leftovers\n|-damage|p1a: Meganium|21/100 brn|[from] brn\n|upkeep\n|turn|8\n|\n|t:|1788351104\n|-formechange|p2b: Aegislash|Aegislash|\n|move|p2b: Aegislash|King's Shield|p2b: Aegislash\n|-singleturn|p2b: Aegislash|Protect\n|move|p1b: Liepard|Crunch|p2b: Aegislash\n|-activate|p2b: Aegislash|move: Protect\n|-unboost|p1b: Liepard|atk|1\n|-enditem|p1b: Liepard|White Herb\n|-clearnegativeboost|p1b: Liepard|[silent]\n|move|p1a: Meganium|Dazzling Gleam|p2a: Rotom|[spread] p2a\n|-activate|p2b: Aegislash|move: Protect\n|-damage|p2a: Rotom|0 fnt\n|faint|p2a: Rotom\n|\n|-weather|Snowscape|[upkeep]\n|-heal|p2b: Aegislash|25/100|[from] item: Leftovers\n|-damage|p1a: Meganium|15/100 brn|[from] brn\n|upkeep\n|\n|t:|1788351120\n|switch|p2a: Sableye|Sableye, L50, M|17/100\n|turn|9\n|\n|t:|1788351132\n|move|p1a: Meganium|Protect|p1a: Meganium\n|-singleturn|p1a: Meganium|Protect\n|move|p2b: Aegislash|Wide Guard|p2b: Aegislash\n|-singleturn|p2b: Aegislash|Wide Guard\n|move|p2a: Sableye|Fake Out|p1b: Liepard\n|-damage|p1b: Liepard|31/100\n|cant|p1b: Liepard|flinch\n|\n|-weather|Snowscape|[upkeep]\n|-heal|p2b: Aegislash|31/100|[from] item: Leftovers\n|-damage|p1a: Meganium|9/100 brn|[from] brn\n|upkeep\n|turn|10\n|\n|t:|1788351155\n|move|p2b: Aegislash|King's Shield||[still]\n|-fail|p2b: Aegislash\n|move|p2a: Sableye|Encore|p1a: Meganium\n|-start|p1a: Meganium|Encore\n|move|p1a: Meganium|Protect|p1a: Meganium\n|-singleturn|p1a: Meganium|Protect\n|move|p1b: Liepard|Crunch|p2a: Sableye\n|-damage|p2a: Sableye|0 fnt\n|faint|p2a: Sableye\n|\n|-weather|none\n|-heal|p2b: Aegislash|37/100|[from] item: Leftovers\n|-damage|p1a: Meganium|3/100 brn|[from] brn\n|upkeep\n|turn|11\n|\n|t:|1788351172\n|move|p1a: Meganium|Protect||[still]\n|-fail|p1a: Meganium\n|move|p1b: Liepard|Crunch|p2b: Aegislash\n|-supereffective|p2b: Aegislash|1\n|-damage|p2b: Aegislash|0 fnt\n|faint|p2b: Aegislash\n|\n|win|KiLLERFROG1987\n||KiLLERFROG1987 is ready for game 3.\n|c|☆cobyoid|wp\n|c|☆KiLLERFROG1987|wp\n|inactive|cobyoid has 30 seconds to confirm battle start!\n||cobyoid is ready for game 3.\n|uhtml|next|Next: <a href=\"/battle-gen9championsvgc2026regmbbo3-2674374667\"><strong>Game 3 of 3</strong></a>\n","uploadtime":1788351506,"views":"1","formatid":"gen9championsvgc2026regmbbo3","rating":null,"private":0,"password":null}