{"id":"gen9championsvgc2026regmbbo3-2674928757","format":"[Gen 9 Champions] VGC 2026 Reg M-B (Bo3)","players":["soulo333","btu100"],"log":"|j|☆soulo333\n|j|☆btu100\n|html|<table width=\"100%\"><tr><td align=\"left\">soulo333</td><td align=\"right\">btu100</tr><tr><td align=\"left\"><i class=\"fa fa-circle-o\"></i> <i class=\"fa fa-circle-o\"></i> </td><td align=\"right\"><i class=\"fa fa-circle-o\"></i> <i class=\"fa fa-circle-o\"></i> </tr></table>\n|uhtml|bestof|<h2><strong>Game 1</strong> of <a href=\"/game-bestof3-gen9championsvgc2026regmbbo3-2674928755\">a best-of-3</a></h2>\n|t:|1788437537\n|gametype|doubles\n|player|p1|soulo333|265|1227\n|player|p2|btu100|benga|1184\n|gen|9\n|tier|[Gen 9 Champions] VGC 2026 Reg M-B (Bo3)\n|rated|\n|rule|Species Clause: Limit one of each Pokémon\n|rule|Item Clause: Limit 1 of each item\n|clearpoke\n|poke|p1|Staraptor, L50, F|\n|poke|p1|Arcanine-Hisui, L50, F|\n|poke|p1|Kingambit, L50, F|\n|poke|p1|Sylveon, L50, F, shiny|\n|poke|p1|Raichu, L50, F|\n|poke|p1|Farigiraf, L50, M|\n|poke|p2|Dragonite, L50, F, shiny|\n|poke|p2|Charizard, L50, F|\n|poke|p2|Aerodactyl, L50, M|\n|poke|p2|Kingambit, L50, M, shiny|\n|poke|p2|Garchomp, L50, F|\n|poke|p2|Basculegion, L50, M, shiny|\n|teampreview|4\n|showteam|p1|Staraptor||Staraptite|Intimidate|DualWingbeat,CloseCombat,Tailwind,Protect|Jolly||F|||50|]Arcanine-Hisui||FocusSash|RockHead|FlareBlitz,HeadSmash,ExtremeSpeed,Protect|Jolly||F|||50|]Kingambit||LifeOrb|Defiant|KowtowCleave,SuckerPunch,SwordsDance,Protect|Adamant||F|||50|]Sylveon||FairyFeather|Pixilate|HyperVoice,HyperBeam,QuickAttack,Detect|Modest||F|||50|]Raichu||RaichuniteY|LightningRod|ZapCannon,FocusBlast,FakeOut,Protect|Timid||F|||50|]Farigiraf||SitrusBerry|ArmorTail|Psychic,HelpingHand,TrickRoom,Protect|Calm||M|||50|\n|showteam|p2|Dragonite||Dragoninite|Multiscale|DragonPulse,Thunderbolt,ExtremeSpeed,Protect|Modest||F|||50|]Charizard||CharizarditeY|Blaze|HeatWave,WeatherBall,AncientPower,Protect|Modest||F|||50|]Aerodactyl||FocusSash|Unnerve|RockSlide,DualWingbeat,Tailwind,WideGuard|Jolly||M|||50|]Kingambit||BlackGlasses|Defiant|IronHead,KowtowCleave,SuckerPunch,Protect|Adamant||M|||50|]Garchomp||ChoiceScarf|RoughSkin|DragonClaw,Earthquake,StompingTantrum,RockSlide|Adamant||F|||50|]Basculegion||LifeOrb|Adaptability|WaveCrash,LastRespects,AquaJet,Protect|Jolly||M|||50|\n|inactive|Battle timer is ON: inactive players will automatically lose when time's up. (requested by btu100)\n|inactive|soulo333 has 60 seconds left.\n|inactive|btu100 has 60 seconds left.\n|inactive|soulo333 has 30 seconds left.\n|inactive|btu100 has 30 seconds left.\n|inactive|btu100 has 20 seconds left.\n|inactive|btu100 has 15 seconds left.\n|inactive|btu100 has 10 seconds left.\n|\n|t:|1788437618\n|teamsize|p1|4\n|teamsize|p2|4\n|start\n|switch|p1a: Celeste|Staraptor, L50, F|100/100\n|switch|p1b: Sylveon|Sylveon, L50, F, shiny|100/100\n|switch|p2a: Dragonite|Dragonite, L50, F, shiny|100/100\n|switch|p2b: Garchomp|Garchomp, L50, F|100/100\n|-ability|p1a: Celeste|Intimidate|boost\n|-unboost|p2a: Dragonite|atk|1\n|-unboost|p2b: Garchomp|atk|1\n|turn|1\n|\n|t:|1788437635\n|switch|p1a: Kingambit|Kingambit, L50, F|100/100\n|detailschange|p2a: Dragonite|Dragonite-Mega, L50, F, shiny\n|-mega|p2a: Dragonite|Dragonite|Dragoninite\n|move|p2b: Garchomp|Rock Slide|p1a: Kingambit|[spread] p1a,p1b\n|-resisted|p1a: Kingambit|1\n|-crit|p1a: Kingambit\n|-damage|p1a: Kingambit|88/100\n|-damage|p1b: Sylveon|83/100\n|move|p2a: Dragonite|Thunderbolt|p1a: Kingambit\n|-damage|p1a: Kingambit|50/100g\n|cant|p1b: Sylveon|flinch\n|\n|upkeep\n|turn|2\n|\n|t:|1788437656\n|switch|p2b: Aerodactyl|Aerodactyl, L50, M|100/100\n|-ability|p2b: Aerodactyl|Unnerve\n|move|p2a: Dragonite|Protect|p2a: Dragonite\n|-singleturn|p2a: Dragonite|Protect\n|move|p1b: Sylveon|Hyper Voice|p2b: Aerodactyl|[spread] p2b\n|-activate|p2a: Dragonite|move: Protect\n|-damage|p2b: Aerodactyl|27/100\n|move|p1a: Kingambit|Swords Dance|p1a: Kingambit\n|-boost|p1a: Kingambit|atk|2\n|\n|upkeep\n|turn|3\n|inactive|soulo333 has 30 seconds left.\n|inactive|btu100 has 30 seconds left.\n|\n|t:|1788437686\n|move|p2a: Dragonite|Protect|p2a: Dragonite\n|-singleturn|p2a: Dragonite|Protect\n|move|p1b: Sylveon|Quick Attack|p2a: Dragonite\n|-activate|p2a: Dragonite|move: Protect\n|move|p2b: Aerodactyl|Tailwind|p2b: Aerodactyl\n|-sidestart|p2: btu100|move: Tailwind\n|move|p1a: Kingambit|Kowtow Cleave|p2a: Dragonite\n|-activate|p2a: Dragonite|move: Protect\n|\n|upkeep\n|turn|4\n|inactive|btu100 has 30 seconds left.\n|\n|t:|1788437712\n|move|p2b: Aerodactyl|Wide Guard|p2b: Aerodactyl\n|-singleturn|p2b: Aerodactyl|Wide Guard\n|move|p1b: Sylveon|Quick Attack|p2a: Dragonite\n|-supereffective|p2a: Dragonite|1\n|-damage|p2a: Dragonite|88/100\n|move|p2a: Dragonite|Thunderbolt|p1b: Sylveon\n|-damage|p1b: Sylveon|54/100\n|move|p1a: Kingambit|Kowtow Cleave|p2a: Dragonite\n|-damage|p2a: Dragonite|0 fnt\n|faint|p2a: Dragonite\n|-damage|p1a: Kingambit|40/100|[from] item: Life Orb\n|\n|upkeep\n|\n|t:|1788437716\n|switch|p2a: Garchomp|Garchomp, L50, F|100/100\n|turn|5\n|\n|t:|1788437727\n|move|p1b: Sylveon|Quick Attack|p2a: Garchomp\n|-supereffective|p2a: Garchomp|1\n|-damage|p2a: Garchomp|76/100\n|-damage|p1b: Sylveon|42/100|[from] ability: Rough Skin|[of] p2a: Garchomp\n|move|p1a: Kingambit|Sucker Punch|p2a: Garchomp\n|-damage|p2a: Garchomp|0 fnt\n|-damage|p1a: Kingambit|28/100|[from] ability: Rough Skin|[of] p2a: Garchomp\n|faint|p2a: Garchomp\n|-damage|p1a: Kingambit|18/100|[from] item: Life Orb\n|move|p2b: Aerodactyl|Dual Wingbeat|p1b: Sylveon\n|-damage|p1b: Sylveon|21/100\n|-damage|p1b: Sylveon|0 fnt\n|faint|p1b: Sylveon\n|-hitcount|p1: Sylveon|2\n|\n|upkeep\n|\n|t:|1788437734\n|switch|p2a: Basculegion|Basculegion, L50, M, shiny|100/100\n|switch|p1b: Arcanine|Arcanine-Hisui, L50, F|100/100\n|turn|6\n|\n|t:|1788437748\n|move|p1a: Kingambit|Protect|p1a: Kingambit\n|-singleturn|p1a: Kingambit|Protect\n|move|p1b: Arcanine|Extreme Speed|p2b: Aerodactyl\n|-resisted|p2b: Aerodactyl|1\n|-damage|p2b: Aerodactyl|5/100\n|move|p2a: Basculegion|Aqua Jet|p1a: Kingambit\n|-activate|p1a: Kingambit|move: Protect\n|move|p2b: Aerodactyl|Rock Slide|p1a: Kingambit|[spread] p1b\n|-activate|p1a: Kingambit|move: Protect\n|-supereffective|p1b: Arcanine|1\n|-damage|p1b: Arcanine|31/100\n|\n|-sideend|p2: btu100|move: Tailwind\n|upkeep\n|turn|7\n|\n|t:|1788437759\n|move|p1b: Arcanine|Extreme Speed|p2b: Aerodactyl\n|-resisted|p2b: Aerodactyl|1\n|-damage|p2b: Aerodactyl|0 fnt\n|faint|p2b: Aerodactyl\n|move|p2a: Basculegion|Aqua Jet|p1a: Kingambit\n|-damage|p1a: Kingambit|0 fnt\n|faint|p1a: Kingambit\n|-damage|p2a: Basculegion|90/100|[from] item: Life Orb\n|\n|upkeep\n|\n|t:|1788437762\n|switch|p1a: Celeste|Staraptor, L50, F|100/100\n|-ability|p1a: Celeste|Intimidate|boost\n|-unboost|p2a: Basculegion|atk|1\n|turn|8\n|\n|t:|1788437772\n|detailschange|p1a: Celeste|Staraptor-Mega, L50, F\n|-mega|p1a: Celeste|Staraptor|Staraptite\n|move|p1a: Celeste|Dual Wingbeat|p2a: Basculegion|[miss]\n|-miss|p1a: Celeste|p2a: Basculegion\n|move|p1b: Arcanine|Head Smash|p2a: Basculegion\n|-damage|p2a: Basculegion|0 fnt\n|faint|p2a: Basculegion\n|\n|win|soulo333\n","uploadtime":1788437772,"views":"0","formatid":"gen9championsvgc2026regmbbo3","rating":null,"private":0,"password":null}