{"id":"gen9championsvgc2026regmbbo3-2674114387","format":"[Gen 9 Champions] VGC 2026 Reg M-B (Bo3)","players":["kc06195","ohmelia"],"log":"|j|☆kc06195\n|j|☆ohmelia\n|html|<table width=\"100%\"><tr><td align=\"left\">kc06195</td><td align=\"right\">ohmelia</tr><tr><td align=\"left\"><i class=\"fa fa-circle-o\"></i> <i class=\"fa fa-circle-o\"></i> </td><td align=\"right\"><i class=\"fa fa-circle-o\"></i> <i class=\"fa fa-circle-o\"></i> </tr></table>\n|uhtml|bestof|<h2><strong>Game 1</strong> of <a href=\"/game-bestof3-gen9championsvgc2026regmbbo3-2674114386\">a best-of-3</a></h2>\n|t:|1788301180\n|gametype|doubles\n|player|p1|kc06195|102|1000\n|player|p2|ohmelia|bugcatcher-gen4dp|1141\n|gen|9\n|tier|[Gen 9 Champions] VGC 2026 Reg M-B (Bo3)\n|rated|\n|rule|Species Clause: Limit one of each Pokémon\n|rule|Item Clause: Limit 1 of each item\n|clearpoke\n|poke|p1|Raichu, L50, F|\n|poke|p1|Kommo-o, L50, F|\n|poke|p1|Ninetales-Alola, L50, F|\n|poke|p1|Gengar, L50, M|\n|poke|p1|Volcarona, L50, F|\n|poke|p1|Incineroar, L50, F|\n|poke|p2|Whimsicott, L50, F|\n|poke|p2|Garchomp, L50, M|\n|poke|p2|Charizard, L50, M|\n|poke|p2|Basculegion, L50, M|\n|poke|p2|Kingambit, L50, F|\n|poke|p2|Floette-Eternal, L50, F|\n|teampreview|4\n|showteam|p1|Raichu||RaichuniteX|LightningRod|VoltTackle,VoltSwitch,Protect,FakeOut|Jolly||F|||50|]Kommo-o||HabanBerry|Soundproof|ClangorousSoul,ClangingScales,AuraSphere,Protect|Modest||F|||50|]Ninetales-Alola||ChoiceScarf|SnowWarning|FreezeDry,Moonblast,Blizzard,IcyWind|Timid||F|||50|]Gengar||Gengarite|CursedBody|Substitute,Protect,SludgeBomb,ShadowBall|Modest||M|||50|]Volcarona||SitrusBerry|FlameBody|RagePowder,StruggleBug,Flamethrower,Protect|Bold||F|||50|]Incineroar||PasshoBerry|Intimidate|FlareBlitz,FakeOut,PartingShot,ThroatChop|Adamant||F|||50|\n|showteam|p2|Whimsicott||FocusSash|Prankster|Moonblast,Tailwind,Encore,Protect|Timid||F|||50|]Garchomp||LifeOrb|RoughSkin|DragonClaw,StompingTantrum,RockSlide,Protect|Jolly||M|||50|]Charizard||CharizarditeY|SolarPower|HeatWave,WeatherBall,AncientPower,Protect|Timid||M|||50|]Basculegion||MysticWater|Adaptability|WaveCrash,LastRespects,AquaJet,Protect|Adamant||M|||50|]Kingambit||OccaBerry|Defiant|KowtowCleave,SuckerPunch,LowKick,IronHead|Adamant||F|||50|]Floette-Eternal||Floettite|FlowerVeil|Moonblast,DazzlingGleam,LightofRuin,Protect|Timid||F|||50|\n|\n|t:|1788301219\n|teamsize|p1|4\n|teamsize|p2|4\n|start\n|switch|p1a: Raichu|Raichu, L50, F|100/100\n|switch|p1b: Incineroar|Incineroar, L50, F|100/100\n|switch|p2a: Whimsicott|Whimsicott, L50, F|100/100\n|switch|p2b: Charizard|Charizard, L50, M|100/100\n|-ability|p1b: Incineroar|Intimidate|boost\n|-unboost|p2a: Whimsicott|atk|1\n|-unboost|p2b: Charizard|atk|1\n|turn|1\n|\n|t:|1788301250\n|detailschange|p2b: Charizard|Charizard-Mega-Y, L50, M\n|-mega|p2b: Charizard|Charizard|Charizardite Y\n|-weather|SunnyDay|[from] ability: Drought|[of] p2b: Charizard\n|move|p2a: Whimsicott|Protect|p2a: Whimsicott\n|-singleturn|p2a: Whimsicott|Protect\n|move|p1a: Raichu|Fake Out|p2b: Charizard\n|-damage|p2b: Charizard|88/100\n|move|p1b: Incineroar|Fake Out|p2a: Whimsicott\n|-activate|p2a: Whimsicott|move: Protect\n|cant|p2b: Charizard|flinch\n|\n|-weather|SunnyDay|[upkeep]\n|upkeep\n|turn|2\n|\n|t:|1788301286\n|switch|p1a: Volcarona|Volcarona, L50, F|100/100\n|switch|p2b: Garchomp|Garchomp, L50, M|100/100\n|move|p2a: Whimsicott|Encore||[still]\n|-fail|p2a: Whimsicott\n|move|p1b: Incineroar|Parting Shot|p2b: Garchomp\n|-unboost|p2b: Garchomp|atk|1\n|-unboost|p2b: Garchomp|spa|1\n|\n|t:|1788301297\n|switch|p1b: Ninetales|Ninetales-Alola, L50, F|100/100|[from] Parting Shot\n|-weather|Snowscape|[from] ability: Snow Warning|[of] p1b: Ninetales\n|\n|-weather|Snowscape|[upkeep]\n|upkeep\n|turn|3\n|\n|t:|1788301338\n|switch|p1b: Incineroar|Incineroar, L50, F|100/100\n|-ability|p1b: Incineroar|Intimidate|boost\n|-unboost|p2a: Whimsicott|atk|1\n|-unboost|p2b: Garchomp|atk|1\n|switch|p2b: Charizard|Charizard-Mega-Y, L50, M|88/100\n|-weather|SunnyDay|[from] ability: Drought|[of] p2b: Charizard\n|move|p2a: Whimsicott|Tailwind|p2a: Whimsicott\n|-sidestart|p2: ohmelia|move: Tailwind\n|move|p1a: Volcarona|Flamethrower|p2a: Whimsicott\n|-supereffective|p2a: Whimsicott|1\n|-enditem|p2a: Whimsicott|Focus Sash\n|-damage|p2a: Whimsicott|1/100\n|\n|-weather|SunnyDay|[upkeep]\n|upkeep\n|turn|4\n|\n|t:|1788301366\n|move|p2a: Whimsicott|Protect|p2a: Whimsicott\n|-singleturn|p2a: Whimsicott|Protect\n|move|p1b: Incineroar|Fake Out|p2b: Charizard\n|-damage|p2b: Charizard|73/100\n|cant|p2b: Charizard|flinch\n|move|p1a: Volcarona|Struggle Bug|p2b: Charizard|[spread] p2b\n|-activate|p2a: Whimsicott|move: Protect\n|-resisted|p2b: Charizard|2\n|-damage|p2b: Charizard|70/100\n|-unboost|p2b: Charizard|spa|1\n|\n|-weather|SunnyDay|[upkeep]\n|upkeep\n|turn|5\n|inactive|Battle timer is ON: inactive players will automatically lose when time's up. (requested by ohmelia)\n|\n|t:|1788301414\n|switch|p2a: Garchomp|Garchomp, L50, M|100/100\n|move|p2b: Charizard|Ancient Power|p1a: Volcarona\n|-supereffective|p1a: Volcarona|2\n|-damage|p1a: Volcarona|50/100y\n|-enditem|p1a: Volcarona|Sitrus Berry|[eat]\n|-heal|p1a: Volcarona|75/100|[from] item: Sitrus Berry\n|move|p1a: Volcarona|Struggle Bug|p2b: Charizard|[spread] p2a,p2b\n|-resisted|p2b: Charizard|2\n|-damage|p2a: Garchomp|83/100\n|-damage|p2b: Charizard|66/100\n|-unboost|p2a: Garchomp|spa|1\n|-unboost|p2b: Charizard|spa|1\n|move|p1b: Incineroar|Flare Blitz|p2a: Garchomp\n|-resisted|p2a: Garchomp|1\n|-damage|p2a: Garchomp|43/100\n|-damage|p1b: Incineroar|87/100|[from] ability: Rough Skin|[of] p2a: Garchomp\n|-damage|p1b: Incineroar|75/100|[from] Recoil\n|\n|-weather|SunnyDay|[upkeep]\n|upkeep\n|turn|6\n|inactive|kc06195 has 30 seconds left.\n|\n|t:|1788301449\n|switch|p2b: Basculegion|Basculegion, L50, M|100/100\n|move|p2a: Garchomp|Rock Slide|p1a: Volcarona|[spread] p1a,p1b\n|-supereffective|p1a: Volcarona|2\n|-supereffective|p1b: Incineroar|1\n|-damage|p1a: Volcarona|0 fnt\n|-damage|p1b: Incineroar|29/100\n|faint|p1a: Volcarona\n|-damage|p2a: Garchomp|34/100|[from] item: Life Orb\n|cant|p1b: Incineroar|flinch\n|\n|-weather|SunnyDay|[upkeep]\n|-sideend|p2: ohmelia|move: Tailwind\n|upkeep\n|\n|t:|1788301460\n|switch|p1a: Ninetales|Ninetales-Alola, L50, F|100/100\n|-weather|Snowscape|[from] ability: Snow Warning|[of] p1a: Ninetales\n|turn|7\n|inactive|kc06195 has 30 seconds left.\n|inactive|ohmelia has 30 seconds left.\n|inactive|ohmelia has 20 seconds left.\n|\n|t:|1788301500\n|switch|p2a: Charizard|Charizard-Mega-Y, L50, M|66/100\n|-weather|SunnyDay|[from] ability: Drought|[of] p2a: Charizard\n|move|p2b: Basculegion|Protect|p2b: Basculegion\n|-singleturn|p2b: Basculegion|Protect\n|move|p1a: Ninetales|Icy Wind|p2a: Charizard|[spread] p2a\n|-activate|p2b: Basculegion|move: Protect\n|-damage|p2a: Charizard|50/100g\n|-unboost|p2a: Charizard|spe|1\n|move|p1b: Incineroar|Throat Chop|p2b: Basculegion\n|-activate|p2b: Basculegion|move: Protect\n|\n|-weather|SunnyDay|[upkeep]\n|upkeep\n|turn|8\n|inactive|ohmelia has 30 seconds left.\n|\n|t:|1788301525\n|move|p1a: Ninetales|Icy Wind|p2a: Charizard|[spread] p2a,p2b\n|-resisted|p2b: Basculegion|1\n|-damage|p2a: Charizard|35/100\n|-damage|p2b: Basculegion|91/100\n|-unboost|p2a: Charizard|spe|1\n|-unboost|p2b: Basculegion|spe|1\n|move|p1b: Incineroar|Parting Shot|p2b: Basculegion\n|-unboost|p2b: Basculegion|atk|1\n|-unboost|p2b: Basculegion|spa|1\n|\n|t:|1788301534\n|switch|p1b: Raichu|Raichu, L50, F|100/100|[from] Parting Shot\n|move|p2a: Charizard|Weather Ball|p1a: Ninetales\n|-supereffective|p1a: Ninetales|1\n|-damage|p1a: Ninetales|0 fnt\n|faint|p1a: Ninetales\n|move|p2b: Basculegion|Wave Crash|p1b: Raichu\n|-damage|p1b: Raichu|47/100\n|-damage|p2b: Basculegion|77/100|[from] Recoil\n|\n|-weather|SunnyDay|[upkeep]\n|upkeep\n|\n|t:|1788301536\n|switch|p1a: Incineroar|Incineroar, L50, F|29/100\n|-ability|p1a: Incineroar|Intimidate|boost\n|-unboost|p2a: Charizard|atk|1\n|-unboost|p2b: Basculegion|atk|1\n|turn|9\n|inactive|kc06195 has 30 seconds left.\n|\n|t:|1788301564\n|switch|p2b: Garchomp|Garchomp, L50, M|34/100\n|detailschange|p1b: Raichu|Raichu-Mega-X, L50, F\n|-mega|p1b: Raichu|Raichu|Raichunite X\n|-fieldstart|move: Electric Terrain|[from] ability: Electric Surge|[of] p1b: Raichu\n|move|p1b: Raichu|Protect|p1b: Raichu\n|-singleturn|p1b: Raichu|Protect\n|move|p2a: Charizard|Protect|p2a: Charizard\n|-singleturn|p2a: Charizard|Protect\n|move|p1a: Incineroar|Fake Out|p2a: Charizard\n|-activate|p2a: Charizard|move: Protect\n|\n|-weather|SunnyDay|[upkeep]\n|upkeep\n|turn|10\n|\n|t:|1788301585\n|switch|p2a: Basculegion|Basculegion, L50, M|77/100\n|move|p1b: Raichu|Volt Tackle|p2a: Basculegion\n|-supereffective|p2a: Basculegion|1\n|-damage|p2a: Basculegion|0 fnt\n|faint|p2a: Basculegion\n|-damage|p1b: Raichu|15/100|[from] Recoil\n|move|p2b: Garchomp|Stomping Tantrum|p1b: Raichu\n|-supereffective|p1b: Raichu|1\n|-damage|p1b: Raichu|0 fnt\n|faint|p1b: Raichu\n|-damage|p2b: Garchomp|24/100|[from] item: Life Orb\n|move|p1a: Incineroar|Throat Chop|p2b: Garchomp\n|-damage|p2b: Garchomp|0 fnt\n|-damage|p1a: Incineroar|17/100|[from] ability: Rough Skin|[of] p2b: Garchomp\n|faint|p2b: Garchomp\n|\n|-weather|SunnyDay|[upkeep]\n|upkeep\n|\n|t:|1788301587\n|switch|p2b: Charizard|Charizard-Mega-Y, L50, M|35/100\n|switch|p2a: Whimsicott|Whimsicott, L50, F|1/100\n|turn|11\n|\n|t:|1788301597\n|move|p2a: Whimsicott|Moonblast|p1a: Incineroar\n|-damage|p1a: Incineroar|0 fnt\n|faint|p1a: Incineroar\n|\n|win|ohmelia\n","uploadtime":1788301602,"views":"15","formatid":"gen9championsvgc2026regmbbo3","rating":null,"private":0,"password":null}