{"id":"gen9championsvgc2026regmbbo3-2674151750","format":"[Gen 9 Champions] VGC 2026 Reg M-B (Bo3)","players":["BuffGyarados","Dkelly1126"],"log":"|j|☆BuffGyarados\n|j|☆Dkelly1126\n|html|<table width=\"100%\"><tr><td align=\"left\">BuffGyarados</td><td align=\"right\">Dkelly1126</tr><tr><td align=\"left\"><i class=\"fa fa-circle\"></i> <i class=\"fa fa-circle-o\"></i> </td><td align=\"right\"><i class=\"fa fa-circle-o\"></i> <i class=\"fa fa-circle\"></i> </tr></table>\n|uhtml|bestof|<h2><strong>Game 3</strong> of <a href=\"/game-bestof3-gen9championsvgc2026regmbbo3-2674147965\">a best-of-3</a></h2>\n|t:|1788306840\n|gametype|doubles\n|player|p1|BuffGyarados|cyrus|1041\n|player|p2|Dkelly1126|blue|1049\n|gen|9\n|tier|[Gen 9 Champions] VGC 2026 Reg M-B (Bo3)\n|rated|\n|rule|Species Clause: Limit one of each Pokémon\n|rule|Item Clause: Limit 1 of each item\n|clearpoke\n|poke|p1|Floette-Eternal, L50, F|\n|poke|p1|Basculegion, L50, M|\n|poke|p1|Kingambit, L50, M|\n|poke|p1|Dragonite, L50, M|\n|poke|p1|Garchomp, L50, M|\n|poke|p1|Sneasler, L50, F|\n|poke|p2|Charizard, L50, M|\n|poke|p2|Archaludon, L50, F|\n|poke|p2|Pelipper, L50, F|\n|poke|p2|Grimmsnarl, L50, M|\n|poke|p2|Venusaur, L50, M|\n|poke|p2|Swampert, L50, F|\n|teampreview|4\n|showteam|p1|Floette-Eternal||Floettite|FlowerVeil|Moonblast,DazzlingGleam,LightofRuin,Protect|Timid||F|||50|]Basculegion||LifeOrb|SwiftSwim|WaveCrash,AquaJet,LastRespects,Protect|Adamant||M|||50|]Kingambit||ChopleBerry|Defiant|SuckerPunch,KowtowCleave,LowKick,IronHead|Adamant||M|||50|]Dragonite||Dragoninite|Multiscale|DragonPulse,HeatWave,ExtremeSpeed,Protect|Modest||M|||50|]Garchomp||ChoiceScarf|RoughSkin|DragonClaw,StompingTantrum,Earthquake,RockSlide|Adamant||M|||50|]Sneasler||FocusSash|PoisonTouch|CloseCombat,DireClaw,FakeOut,Feint|Jolly||F|||50|\n|showteam|p2|Charizard||CharizarditeY|SolarPower|Protect,HeatWave,WeatherBall,Hurricane|Modest||M|||50|]Archaludon||Leftovers|Stamina|ElectroShot,Protect,FlashCannon,DragonPulse|Calm||F|||50|]Pelipper||SitrusBerry|Drizzle|Hurricane,WeatherBall,Tailwind,WideGuard|Bold||F|||50|]Grimmsnarl||LightClay|Prankster|LightScreen,Reflect,SpiritBreak,PartingShot|Sassy||M|||50|]Venusaur||FocusSash|Chlorophyll|Protect,SludgeBomb,LeafStorm,SleepPowder|Modest||M|||50|]Swampert||Swampertite|Torrent|Protect,WaveCrash,Earthquake,IcePunch|Adamant||F|||50|\n|inactive|Battle timer is ON: inactive players will automatically lose when time's up. (requested by BuffGyarados)\n|inactive|BuffGyarados has 60 seconds left.\n|inactive|Dkelly1126 has 60 seconds left.\n|\n|t:|1788306887\n|teamsize|p1|4\n|teamsize|p2|4\n|start\n|switch|p1a: Garchomp|Garchomp, L50, M|100/100\n|switch|p1b: Basculegion|Basculegion, L50, M|100/100\n|switch|p2a: Grimmsnarl|Grimmsnarl, L50, M|100/100\n|switch|p2b: Archaludon|Archaludon, L50, F|100/100\n|turn|1\n|inactive|BuffGyarados has 30 seconds left.\n|\n|t:|1788306915\n|move|p1b: Basculegion|Protect|p1b: Basculegion\n|-singleturn|p1b: Basculegion|Protect\n|move|p2a: Grimmsnarl|Reflect|p2a: Grimmsnarl\n|-sidestart|p2: Dkelly1126|Reflect\n|move|p1a: Garchomp|Stomping Tantrum|p2b: Archaludon\n|-supereffective|p2b: Archaludon|1\n|-damage|p2b: Archaludon|58/100\n|-ability|p2b: Archaludon|Stamina|boost\n|-boost|p2b: Archaludon|def|1\n|move|p2b: Archaludon|Dragon Pulse|p1a: Garchomp\n|-supereffective|p1a: Garchomp|1\n|-damage|p1a: Garchomp|25/100\n|\n|-heal|p2b: Archaludon|64/100|[from] item: Leftovers\n|upkeep\n|turn|2\n|inactive|BuffGyarados has 30 seconds left.\n|inactive|Dkelly1126 has 30 seconds left.\n|inactive|BuffGyarados has 20 seconds left.\n|inactive|BuffGyarados has 15 seconds left.\n|\n|t:|1788306959\n|switch|p1a: Floette|Floette-Eternal, L50, F|100/100\n|switch|p1b: Sneasler|Sneasler, L50, F|100/100\n|move|p2a: Grimmsnarl|Parting Shot|p1b: Sneasler\n|-unboost|p1b: Sneasler|atk|1\n|-unboost|p1b: Sneasler|spa|1\n|\n|t:|1788306967\n|switch|p2a: Pelipper|Pelipper, L50, F|100/100|[from] Parting Shot\n|-weather|RainDance|[from] ability: Drizzle|[of] p2a: Pelipper\n|move|p2b: Archaludon|Electro Shot||[still]\n|-prepare|p2b: Archaludon|Electro Shot\n|-boost|p2b: Archaludon|spa|1\n|-anim|p2b: Archaludon|Electro Shot|p1b: Sneasler\n|-damage|p1b: Sneasler|29/100\n|\n|-weather|RainDance|[upkeep]\n|-heal|p2b: Archaludon|71/100|[from] item: Leftovers\n|upkeep\n|turn|3\n|\n|t:|1788306986\n|detailschange|p1a: Floette|Floette-Mega, L50, F\n|-mega|p1a: Floette|Floette|Floettite\n|-ability|p1a: Floette|Fairy Aura\n|move|p2b: Archaludon|Protect|p2b: Archaludon\n|-singleturn|p2b: Archaludon|Protect\n|move|p1b: Sneasler|Feint|p2b: Archaludon\n|-activate|p2b: Archaludon|move: Feint\n|-resisted|p2b: Archaludon|1\n|-damage|p2b: Archaludon|69/100\n|-ability|p2b: Archaludon|Stamina|boost\n|-boost|p2b: Archaludon|def|1\n|move|p1a: Floette|Light of Ruin|p2b: Archaludon\n|-damage|p2b: Archaludon|0 fnt\n|faint|p2b: Archaludon\n|-damage|p1a: Floette|54/100|[from] Recoil\n|move|p2a: Pelipper|Tailwind|p2a: Pelipper\n|-sidestart|p2: Dkelly1126|move: Tailwind\n|\n|-weather|RainDance|[upkeep]\n|upkeep\n|\n|t:|1788307002\n|switch|p2b: Grimmsnarl|Grimmsnarl, L50, M|100/100\n|turn|4\n|\n|t:|1788307021\n|move|p2a: Pelipper|Weather Ball|p1a: Floette\n|-damage|p1a: Floette|12/100\n|move|p1b: Sneasler|Dire Claw|p2b: Grimmsnarl\n|-supereffective|p2b: Grimmsnarl|1\n|-damage|p2b: Grimmsnarl|61/100\n|move|p1a: Floette|Moonblast|p2a: Pelipper\n|-damage|p2a: Pelipper|7/100\n|-enditem|p2a: Pelipper|Sitrus Berry|[eat]\n|-heal|p2a: Pelipper|32/100|[from] item: Sitrus Berry\n|move|p2b: Grimmsnarl|Spirit Break|p1b: Sneasler\n|-damage|p1b: Sneasler|0 fnt\n|faint|p1b: Sneasler\n|\n|-weather|RainDance|[upkeep]\n|upkeep\n|\n|t:|1788307036\n|switch|p1b: Garchomp|Garchomp, L50, M|25/100\n|turn|5\n|\n|t:|1788307062\n|move|p1a: Floette|Protect|p1a: Floette\n|-singleturn|p1a: Floette|Protect\n|move|p2a: Pelipper|Wide Guard|p2a: Pelipper\n|-singleturn|p2a: Pelipper|Wide Guard\n|move|p1b: Garchomp|Rock Slide|p2a: Pelipper|[spread] \n|-activate|p2a: Pelipper|move: Wide Guard\n|-activate|p2b: Grimmsnarl|move: Wide Guard\n|move|p2b: Grimmsnarl|Spirit Break|p1a: Floette\n|-activate|p1a: Floette|move: Protect\n|\n|-weather|RainDance|[upkeep]\n|upkeep\n|turn|6\n|inactive|BuffGyarados has 30 seconds left.\n|\n|t:|1788307093\n|switch|p1b: Basculegion|Basculegion, L50, M|100/100\n|move|p2b: Grimmsnarl|Parting Shot|p1b: Basculegion\n|-unboost|p1b: Basculegion|atk|1\n|-unboost|p1b: Basculegion|spa|1\n|\n|t:|1788307098\n|switch|p2b: Swampert|Swampert, L50, F|100/100|[from] Parting Shot\n|move|p2a: Pelipper|Weather Ball|p1a: Floette\n|-damage|p1a: Floette|0 fnt\n|faint|p1a: Floette\n|\n|-weather|none\n|-sideend|p2: Dkelly1126|move: Tailwind\n|upkeep\n|\n|t:|1788307104\n|switch|p1a: Garchomp|Garchomp, L50, M|25/100\n|turn|7\n|inactive|BuffGyarados has 30 seconds left.\n|\n|t:|1788307131\n|switch|p2a: Grimmsnarl|Grimmsnarl, L50, M|61/100\n|detailschange|p2b: Swampert|Swampert-Mega, L50, F\n|-mega|p2b: Swampert|Swampert|Swampertite\n|move|p2b: Swampert|Protect|p2b: Swampert\n|-singleturn|p2b: Swampert|Protect\n|move|p1a: Garchomp|Dragon Claw|p2b: Swampert\n|-activate|p2b: Swampert|move: Protect\n|move|p1b: Basculegion|Last Respects|p2b: Swampert\n|-activate|p2b: Swampert|move: Protect\n|\n|upkeep\n|turn|8\n|inactive|Dkelly1126 has 30 seconds left.\n|\n|t:|1788307165\n|move|p2a: Grimmsnarl|Parting Shot|p1b: Basculegion\n|-unboost|p1b: Basculegion|atk|1\n|-unboost|p1b: Basculegion|spa|1\n|\n|t:|1788307169\n|switch|p2a: Pelipper|Pelipper, L50, F|32/100|[from] Parting Shot\n|-weather|RainDance|[from] ability: Drizzle|[of] p2a: Pelipper\n|move|p1b: Basculegion|Last Respects|p2b: Swampert\n|-damage|p2b: Swampert|74/100\n|-damage|p1b: Basculegion|90/100|[from] item: Life Orb\n|move|p1a: Garchomp|Dragon Claw|p2b: Swampert\n|-damage|p2b: Swampert|49/100\n|move|p2b: Swampert|Ice Punch|p1a: Garchomp\n|-supereffective|p1a: Garchomp|2\n|-damage|p1a: Garchomp|0 fnt\n|-damage|p2b: Swampert|37/100|[from] ability: Rough Skin|[of] p1a: Garchomp\n|faint|p1a: Garchomp\n|\n|-weather|RainDance|[upkeep]\n|-sideend|p2: Dkelly1126|Reflect\n|upkeep\n|turn|9\n|-message|BuffGyarados forfeited.\n|\n|win|Dkelly1126\n|raw|BuffGyarados's rating: 1041 &rarr; <strong>1025</strong><br />(-16 for losing)\n|raw|Dkelly1126's rating: 1049 &rarr; <strong>1081</strong><br />(+32 for winning)\n|l|☆BuffGyarados\n|player|p1|\n","uploadtime":1788307186,"views":"2","formatid":"gen9championsvgc2026regmbbo3","rating":1025,"private":0,"password":null}