{"id":"gen9championsvgc2026regmb-2674573163","format":"[Gen 9 Champions] VGC 2026 Reg M-B","players":["yoavi1000","bruhdnigerian"],"log":"|j|☆yoavi1000\n|j|☆bruhdnigerian\n|t:|1788375497\n|gametype|doubles\n|player|p1|yoavi1000|169|1153\n|player|p2|bruhdnigerian|lance|1247\n|gen|9\n|tier|[Gen 9 Champions] VGC 2026 Reg M-B\n|rated|\n|rule|Species Clause: Limit one of each Pokémon\n|rule|Item Clause: Limit 1 of each item\n|clearpoke\n|poke|p1|Whimsicott, L50, M|\n|poke|p1|Rotom-Wash, L50|\n|poke|p1|Skarmory, L50, F|\n|poke|p1|Archaludon, L50, M|\n|poke|p1|Annihilape, L50, M|\n|poke|p1|Sableye, L50, M|\n|poke|p2|Pangoro, L50, F|\n|poke|p2|Chandelure, L50, F|\n|poke|p2|Spiritomb, L50, F|\n|poke|p2|Gliscor, L50, M|\n|poke|p2|Farigiraf, L50, M|\n|poke|p2|Glimmora, L50, M|\n|teampreview|4\n|inactive|Battle timer is ON: inactive players will automatically lose when time's up. (requested by bruhdnigerian)\nbruhdnigerian rejected open team sheets.\n|inactive|yoavi1000 has 60 seconds left.\n|inactive|bruhdnigerian has 60 seconds left.\n|\n|t:|1788375547\n|teamsize|p1|4\n|teamsize|p2|4\n|start\n|switch|p1a: Annihilape|Annihilape, L50, M|100/100\n|switch|p1b: Rotom|Rotom-Wash, L50|100/100\n|switch|p2a: Glimmora|Glimmora, L50, M|100/100\n|switch|p2b: Spiritomb|Spiritomb, L50, F|100/100\n|turn|1\n|inactive|yoavi1000 has 30 seconds left.\n|\n|t:|1788375575\n|move|p2a: Glimmora|Sludge Bomb|p1b: Rotom\n|-damage|p1b: Rotom|37/100\n|move|p1b: Rotom|Hydro Pump|p2a: Glimmora\n|-supereffective|p2a: Glimmora|1\n|-damage|p2a: Glimmora|0 fnt\n|faint|p2a: Glimmora\n|-damage|p1b: Rotom|27/100|[from] item: Life Orb\n|move|p1a: Annihilape|Taunt|p2b: Spiritomb\n|-start|p2b: Spiritomb|move: Taunt\n|-enditem|p2b: Spiritomb|Mental Herb\n|-end|p2b: Spiritomb|move: Taunt\n|move|p2b: Spiritomb|Will-O-Wisp|p1a: Annihilape\n|-status|p1a: Annihilape|brn\n|\n|-damage|p1a: Annihilape|94/100 brn|[from] brn\n|upkeep\n|\n|t:|1788375581\n|switch|p2a: Pangoro|Pangoro, L50, F|100/100\n|turn|2\n|\n|t:|1788375594\n|move|p2a: Pangoro|Protect|p2a: Pangoro\n|-singleturn|p2a: Pangoro|Protect\n|move|p1b: Rotom|Will-O-Wisp|p2a: Pangoro\n|-activate|p2a: Pangoro|move: Protect\n|move|p1a: Annihilape|Taunt|p2b: Spiritomb\n|-start|p2b: Spiritomb|move: Taunt\n|cant|p2b: Spiritomb|move: Taunt|Trick Room\n|\n|-damage|p1a: Annihilape|88/100 brn|[from] brn\n|upkeep\n|turn|3\n|\n|t:|1788375614\n|switch|p2a: Chandelure|Chandelure, L50, F|100/100\n|move|p1b: Rotom|Thunderbolt|p2a: Chandelure\n|-damage|p2a: Chandelure|31/100\n|-damage|p1b: Rotom|17/100|[from] item: Life Orb\n|move|p1a: Annihilape|Drain Punch|p2a: Chandelure\n|-immune|p2a: Chandelure\n|move|p2b: Spiritomb|Hex|p1a: Annihilape\n|-supereffective|p1a: Annihilape|1\n|-damage|p1a: Annihilape|10/100 brn\n|-enditem|p1a: Annihilape|Sitrus Berry|[eat]\n|-heal|p1a: Annihilape|35/100 brn|[from] item: Sitrus Berry\n|\n|-damage|p1a: Annihilape|29/100 brn|[from] brn\n|upkeep\n|turn|4\n|\n|t:|1788375638\n|detailschange|p2a: Chandelure|Chandelure-Mega, L50, F\n|-mega|p2a: Chandelure|Chandelure|Chandelurite\n|move|p2a: Chandelure|Protect|p2a: Chandelure\n|-singleturn|p2a: Chandelure|Protect\n|move|p1b: Rotom|Thunderbolt|p2a: Chandelure\n|-activate|p2a: Chandelure|move: Protect\n|move|p1a: Annihilape|Rage Fist|p2b: Spiritomb\n|-damage|p2b: Spiritomb|74/100\n|move|p2b: Spiritomb|Hex|p1a: Annihilape\n|-supereffective|p1a: Annihilape|1\n|-damage|p1a: Annihilape|0 fnt\n|faint|p1a: Annihilape\n|\n|-end|p2b: Spiritomb|move: Taunt\n|upkeep\n|\n|t:|1788375658\n|switch|p1a: Whimsicott|Whimsicott, L50, M|100/100\n|turn|5\n|\n|t:|1788375671\n|move|p1a: Whimsicott|Tailwind|p1a: Whimsicott\n|-sidestart|p1: yoavi1000|move: Tailwind\n|move|p1b: Rotom|Thunderbolt|p2a: Chandelure\n|-damage|p2a: Chandelure|0 fnt\n|faint|p2a: Chandelure\n|-damage|p1b: Rotom|7/100|[from] item: Life Orb\n|move|p2b: Spiritomb|Trick Room|p2b: Spiritomb\n|-fieldstart|move: Trick Room|[of] p2b: Spiritomb\n|\n|upkeep\n|\n|t:|1788375675\n|switch|p2a: Pangoro|Pangoro, L50, F|100/100\n|turn|6\n|\n|t:|1788375685\n|move|p1a: Whimsicott|Protect|p1a: Whimsicott\n|-singleturn|p1a: Whimsicott|Protect\n|move|p2b: Spiritomb|Hex|p1a: Whimsicott\n|-activate|p1a: Whimsicott|move: Protect\n|move|p2a: Pangoro|Poison Jab|p1a: Whimsicott\n|-activate|p1a: Whimsicott|move: Protect\n|move|p1b: Rotom|Will-O-Wisp|p2a: Pangoro\n|-status|p2a: Pangoro|brn\n|\n|-damage|p2a: Pangoro|94/100 brn|[from] brn\n|upkeep\n|turn|7\n|\n|t:|1788375698\n|switch|p1a: Skarmory|Skarmory, L50, F|100/100\n|move|p2b: Spiritomb|Hex|p1a: Skarmory\n|-damage|p1a: Skarmory|69/100\n|move|p2a: Pangoro|Poison Jab|p1a: Skarmory\n|-immune|p1a: Skarmory\n|move|p1b: Rotom|Thunderbolt|p2b: Spiritomb\n|-damage|p2b: Spiritomb|31/100\n|-damage|p1b: Rotom|0 fnt|[from] item: Life Orb\n|faint|p1b: Rotom\n|\n|-damage|p2a: Pangoro|88/100 brn|[from] brn\n|upkeep\n|\n|t:|1788375710\n|switch|p1b: Whimsicott|Whimsicott, L50, M|100/100\n|turn|8\n|\n|t:|1788375728\n|detailschange|p1a: Skarmory|Skarmory-Mega, L50, F\n|-mega|p1a: Skarmory|Skarmory|Skarmorite\n|move|p1b: Whimsicott|Protect|p1b: Whimsicott\n|-singleturn|p1b: Whimsicott|Protect\n|move|p2b: Spiritomb|Will-O-Wisp|p1a: Skarmory\n|-status|p1a: Skarmory|brn\n|move|p2a: Pangoro|Knock Off|p1a: Skarmory\n|-damage|p1a: Skarmory|50/100g brn\n|move|p1a: Skarmory|Iron Head|p2b: Spiritomb\n|-damage|p2b: Spiritomb|10/100\n|\n|-damage|p2a: Pangoro|82/100 brn|[from] brn\n|-damage|p1a: Skarmory|44/100 brn|[from] brn\n|-sideend|p1: yoavi1000|move: Tailwind\n|upkeep\n|turn|9\n|\n|t:|1788375746\n|move|p2b: Spiritomb|Hex|p1b: Whimsicott\n|-crit|p1b: Whimsicott\n|-damage|p1b: Whimsicott|50/100g\n|move|p2a: Pangoro|Poison Jab|p1b: Whimsicott\n|-supereffective|p1b: Whimsicott|2\n|-damage|p1b: Whimsicott|0 fnt\n|faint|p1b: Whimsicott\n|move|p1a: Skarmory|Iron Head|p2b: Spiritomb\n|-damage|p2b: Spiritomb|0 fnt\n|faint|p2b: Spiritomb\n|\n|-damage|p2a: Pangoro|76/100 brn|[from] brn\n|-damage|p1a: Skarmory|38/100 brn|[from] brn\n|-fieldend|move: Trick Room\n|upkeep\n|turn|10\n|\n|t:|1788375759\n|move|p1a: Skarmory|Swords Dance|p1a: Skarmory\n|-boost|p1a: Skarmory|atk|2\n|move|p2a: Pangoro|Storm Throw|p1a: Skarmory\n|-crit|p1a: Skarmory\n|-damage|p1a: Skarmory|11/100 brn\n|\n|-damage|p1a: Skarmory|5/100 brn|[from] brn\n|-damage|p2a: Pangoro|70/100 brn|[from] brn\n|upkeep\n|turn|11\n|\n|t:|1788375763\n|move|p2a: Pangoro|Protect|p2a: Pangoro\n|-singleturn|p2a: Pangoro|Protect\n|move|p1a: Skarmory|Brave Bird|p2a: Pangoro\n|-activate|p2a: Pangoro|move: Protect\n|\n|-damage|p1a: Skarmory|0 fnt|[from] brn\n|faint|p1a: Skarmory\n|\n|win|bruhdnigerian\n|raw|yoavi1000's rating: 1153 &rarr; <strong>1135</strong><br />(-18 for losing)\n|raw|bruhdnigerian's rating: 1247 &rarr; <strong>1265</strong><br />(+18 for winning)\n|c|☆bruhdnigerian|gg\n|l|☆yoavi1000\n|player|p1|\n","uploadtime":1788375773,"views":"0","formatid":"gen9championsvgc2026regmb","rating":1135,"private":0,"password":null}