{"id":"gen9championsvgc2026regmb-2674539967","format":"[Gen 9 Champions] VGC 2026 Reg M-B","players":["JJTEPIGBOSS","solati"],"log":"|j|☆JJTEPIGBOSS\n|j|☆solati\n|t:|1788371717\n|gametype|doubles\n|player|p1|JJTEPIGBOSS|colress|1351\n|player|p2|solati|hilbert|1322\n|gen|9\n|tier|[Gen 9 Champions] VGC 2026 Reg M-B\n|rated|\n|rule|Species Clause: Limit one of each Pokémon\n|rule|Item Clause: Limit 1 of each item\n|clearpoke\n|poke|p1|Aromatisse, L50, M|\n|poke|p1|Slowbro, L50, F|\n|poke|p1|Kingambit, L50, F|\n|poke|p1|Klefki, L50, F|\n|poke|p1|Sinistcha, L50|\n|poke|p1|Arcanine-Hisui, L50, F|\n|poke|p2|Mawile, L50, F|\n|poke|p2|Farigiraf, L50, M|\n|poke|p2|Torkoal, L50, M|\n|poke|p2|Gallade, L50, M|\n|poke|p2|Kangaskhan, L50, F|\n|poke|p2|Araquanid, L50, F|\n|teampreview|4\n|inactive|Battle timer is ON: inactive players will automatically lose when time's up. (requested by JJTEPIGBOSS)\n|inactive|solati has 60 seconds left.\n|inactive|JJTEPIGBOSS has 60 seconds left.\n|inactive|solati has 30 seconds left.\n|\n|t:|1788371793\n|teamsize|p1|4\n|teamsize|p2|4\n|start\n|switch|p1a: Klefki|Klefki, L50, F|100/100\n|switch|p1b: Slowbro|Slowbro, L50, F|100/100\n|switch|p2a: Momma|Kangaskhan, L50, F|100/100\n|switch|p2b: Nick|Gallade, L50, M|100/100\n|turn|1\n|inactive|solati has 30 seconds left.\n|inactive|solati has 20 seconds left.\n|\n|t:|1788371830\n|detailschange|p1b: Slowbro|Slowbro-Mega, L50, F\n|-mega|p1b: Slowbro|Slowbro|Slowbronite\n|move|p2a: Momma|Fake Out|p1a: Klefki\n|-resisted|p1a: Klefki|1\n|-damage|p1a: Klefki|89/100\n|-damage|p2a: Momma|90/100|[from] item: Life Orb\n|cant|p1a: Klefki|flinch\n|move|p1b: Slowbro|Body Press|p2a: Momma\n|-supereffective|p2a: Momma|1\n|-damage|p2a: Momma|9/100\n|move|p2b: Nick|Sacred Sword|p1a: Klefki\n|-damage|p1a: Klefki|23/100\n|\n|upkeep\n|turn|2\n|\n|t:|1788371854\n|move|p1a: Klefki|Reflect|p1a: Klefki\n|-sidestart|p1: JJTEPIGBOSS|Reflect\n|move|p2a: Momma|Double-Edge|p1b: Slowbro\n|-damage|p1b: Slowbro|80/100\n|-damage|p2a: Momma|3/100|[from] Recoil\n|-damage|p2a: Momma|0 fnt|[from] item: Life Orb\n|faint|p2a: Momma\n|move|p1b: Slowbro|Hydro Pump|p2b: Nick\n|-damage|p2b: Nick|56/100\n|move|p2b: Nick|Trick Room|p2b: Nick\n|-fieldstart|move: Trick Room|[of] p2b: Nick\n|\n|upkeep\n|\n|t:|1788371870\n|switch|p2a: Apollo|Torkoal, L50, M|100/100\n|-weather|SunnyDay|[from] ability: Drought|[of] p2a: Apollo\n|turn|3\n|\n|t:|1788371884\n|move|p1a: Klefki|Light Screen|p1a: Klefki\n|-sidestart|p1: JJTEPIGBOSS|move: Light Screen\n|move|p2a: Apollo|Eruption|p1a: Klefki|[spread] p1a,p1b\n|-supereffective|p1a: Klefki|1\n|-resisted|p1b: Slowbro|1\n|-damage|p1a: Klefki|0 fnt\n|-damage|p1b: Slowbro|49/100\n|faint|p1a: Klefki\n|move|p2b: Nick|Leaf Blade|p1b: Slowbro\n|-supereffective|p1b: Slowbro|1\n|-damage|p1b: Slowbro|20/100y\n|move|p1b: Slowbro|Body Press|p2a: Apollo\n|-damage|p2a: Apollo|67/100\n|\n|-weather|SunnyDay|[upkeep]\n|upkeep\n|\n|t:|1788371890\n|switch|p1a: Sinistcha|Sinistcha, L50|100/100\n|-heal|p1b: Slowbro|45/100|[from] ability: Hospitality|[of] p1a: Sinistcha\n|turn|4\n|inactive|JJTEPIGBOSS has 30 seconds left.\n|inactive|solati has 30 seconds left.\n|\n|t:|1788371918\n|switch|p2b: Nibbles|Mawile, L50, F|100/100\n|switch|p1a: Aromatisse|Aromatisse, L50, M|100/100\n|move|p2a: Apollo|Eruption|p1b: Slowbro|[spread] p1a,p1b\n|-resisted|p1b: Slowbro|1\n|-damage|p1a: Aromatisse|75/100\n|-damage|p1b: Slowbro|23/100\n|move|p1b: Slowbro|Body Press|p2a: Apollo\n|-damage|p2a: Apollo|39/100\n|\n|-weather|SunnyDay|[upkeep]\n|upkeep\n|turn|5\n|\n|t:|1788371939\n|switch|p1a: Sinistcha|Sinistcha, L50|100/100\n|-heal|p1b: Slowbro|48/100|[from] ability: Hospitality|[of] p1a: Sinistcha\n|detailschange|p2b: Nibbles|Mawile-Mega, L50, F\n|-mega|p2b: Nibbles|Mawile|Mawilite\n|move|p2a: Apollo|Weather Ball|p1a: Sinistcha\n|-supereffective|p1a: Sinistcha|1\n|-damage|p1a: Sinistcha|0 fnt\n|faint|p1a: Sinistcha\n|move|p1b: Slowbro|Slack Off|p1b: Slowbro\n|-heal|p1b: Slowbro|98/100\n|move|p2b: Nibbles|Rock Slide|p1b: Slowbro\n|-damage|p1b: Slowbro|85/100\n|\n|-weather|SunnyDay|[upkeep]\n|upkeep\n|\n|t:|1788371953\n|switch|p1a: Aromatisse|Aromatisse, L50, M|75/100\n|turn|6\n|\n|t:|1788371959\n|move|p2a: Apollo|Weather Ball|p1a: Aromatisse\n|-damage|p1a: Aromatisse|41/100\n|move|p1a: Aromatisse|Charm|p2b: Nibbles\n|-unboost|p2b: Nibbles|atk|2\n|move|p1b: Slowbro|Body Press|p2a: Apollo\n|-damage|p2a: Apollo|7/100\n|move|p2b: Nibbles|Play Rough|p1b: Slowbro\n|-damage|p1b: Slowbro|72/100\n|\n|-weather|SunnyDay|[upkeep]\n|-fieldend|move: Trick Room\n|upkeep\n|turn|7\n|\n|t:|1788371981\n|switch|p2b: Nick|Gallade, L50, M|56/100\n|move|p2a: Apollo|Protect|p2a: Apollo\n|-singleturn|p2a: Apollo|Protect\n|move|p1b: Slowbro|Body Press|p2a: Apollo\n|-activate|p2a: Apollo|move: Protect\n|move|p1a: Aromatisse|Charm|p2b: Nick\n|-unboost|p2b: Nick|atk|2\n|\n|-weather|none\n|upkeep\n|turn|8\n|inactive|solati has 30 seconds left.\n|\n|t:|1788372008\n|switch|p2a: Nibbles|Mawile-Mega, L50, F|100/100\n|move|p1b: Slowbro|Body Press|p2a: Nibbles\n|-damage|p2a: Nibbles|62/100\n|move|p1a: Aromatisse|Moonblast|p2b: Nick\n|-supereffective|p2b: Nick|1\n|-damage|p2b: Nick|1/100\n|move|p2b: Nick|Trick Room|p2b: Nick\n|-fieldstart|move: Trick Room|[of] p2b: Nick\n|\n|upkeep\n|turn|9\n|inactive|solati has 30 seconds left.\n|\n|t:|1788372042\n|move|p2a: Nibbles|Protect|p2a: Nibbles\n|-singleturn|p2a: Nibbles|Protect\n|move|p1a: Aromatisse|Charm|p2a: Nibbles\n|-activate|p2a: Nibbles|move: Protect\n|move|p2b: Nick|Leaf Blade|p1b: Slowbro\n|-supereffective|p1b: Slowbro|1\n|-damage|p1b: Slowbro|58/100\n|move|p1b: Slowbro|Body Press|p2b: Nick\n|-resisted|p2b: Nick|1\n|-damage|p2b: Nick|0 fnt\n|faint|p2b: Nick\n|\n|-sideend|p1: JJTEPIGBOSS|Reflect\n|upkeep\n|\n|t:|1788372052\n|switch|p2b: Apollo|Torkoal, L50, M|7/100\n|-weather|SunnyDay|[from] ability: Drought|[of] p2b: Apollo\n|turn|10\n|\n|t:|1788372071\n|move|p2b: Apollo|Weather Ball|p1b: Slowbro\n|-resisted|p1b: Slowbro|1\n|-damage|p1b: Slowbro|32/100\n|move|p1a: Aromatisse|Charm|p2b: Apollo\n|-unboost|p2b: Apollo|atk|2\n|move|p1b: Slowbro|Body Press|p2b: Apollo\n|-damage|p2b: Apollo|0 fnt\n|faint|p2b: Apollo\n|move|p2a: Nibbles|Play Rough|p1b: Slowbro\n|-damage|p1b: Slowbro|0 fnt\n|faint|p1b: Slowbro\n|\n|-weather|SunnyDay|[upkeep]\n|-sideend|p1: JJTEPIGBOSS|move: Light Screen\n|upkeep\n|turn|11\n|\n|t:|1788372084\n|move|p1a: Aromatisse|Charm|p2a: Nibbles\n|-unboost|p2a: Nibbles|atk|2\n|move|p2a: Nibbles|Play Rough|p1a: Aromatisse\n|-damage|p1a: Aromatisse|0 fnt\n|faint|p1a: Aromatisse\n|\n|win|solati\n|raw|JJTEPIGBOSS's rating: 1351 &rarr; <strong>1329</strong><br />(-22 for losing)\n|raw|solati's rating: 1322 &rarr; <strong>1344</strong><br />(+22 for winning)\n|c|☆JJTEPIGBOSS|Misinput\n|c|☆JJTEPIGBOSS|Gg’s\n","uploadtime":1788372106,"views":"13","formatid":"gen9championsvgc2026regmb","rating":1329,"private":0,"password":null}