{"id":"gen9championsvgc2026regmb-2674437546","format":"[Gen 9 Champions] VGC 2026 Reg M-B","players":["d1 rotom fan","tztimlee"],"log":"|j|☆d1 rotom fan\n|j|☆tztimlee\n|t:|1788359756\n|gametype|doubles\n|player|p1|d1 rotom fan|preschoolerf|1048\n|player|p2|tztimlee|1|1000\n|gen|9\n|tier|[Gen 9 Champions] VGC 2026 Reg M-B\n|rated|\n|rule|Species Clause: Limit one of each Pokémon\n|rule|Item Clause: Limit 1 of each item\n|clearpoke\n|poke|p1|Mawile, L50, F|\n|poke|p1|Alcremie-Salted-Cream, L50, F|\n|poke|p1|Klefki, L50, F|\n|poke|p1|Clefable, L50, F|\n|poke|p1|Chesnaught, L50, F|\n|poke|p1|Pelipper, L50, F|\n|poke|p2|Venusaur, L50, M|\n|poke|p2|Charizard, L50, M|\n|poke|p2|Garchomp, L50, M|\n|poke|p2|Sylveon, L50, M|\n|poke|p2|Incineroar, L50, M|\n|poke|p2|Toxapex, L50, M|\n|teampreview|4\n|inactive|Battle timer is ON: inactive players will automatically lose when time's up. (requested by d1 rotom fan)\nd1 rotom fan rejected open team sheets.\n|inactive|tztimlee has 60 seconds left.\n|\n|t:|1788359809\n|teamsize|p1|4\n|teamsize|p2|4\n|start\n|switch|p1a: Klefki|Klefki, L50, F|100/100\n|switch|p1b: Pelipper|Pelipper, L50, F|100/100\n|switch|p2a: Venusaur|Venusaur, L50, M|100/100\n|switch|p2b: Charizard|Charizard, L50, M|100/100\n|-weather|RainDance|[from] ability: Drizzle|[of] p1b: Pelipper\n|turn|1\n|\n|t:|1788359827\n|detailschange|p2b: Charizard|Charizard-Mega-Y, L50, M\n|-mega|p2b: Charizard|Charizard|Charizardite Y\n|-weather|SunnyDay|[from] ability: Drought|[of] p2b: Charizard\n|move|p1b: Pelipper|Wide Guard|p1b: Pelipper\n|-singleturn|p1b: Pelipper|Wide Guard\n|move|p2a: Venusaur|Earth Power|p1a: Klefki\n|-supereffective|p1a: Klefki|1\n|-damage|p1a: Klefki|14/100\n|-damage|p2a: Venusaur|90/100|[from] item: Life Orb\n|move|p2b: Charizard|Heat Wave|p1a: Klefki|[spread] \n|-activate|p1a: Klefki|move: Wide Guard\n|-activate|p1b: Pelipper|move: Wide Guard\n|move|p1a: Klefki|Trick Room|p1a: Klefki\n|-fieldstart|move: Trick Room|[of] p1a: Klefki\n|\n|-weather|SunnyDay|[upkeep]\n|upkeep\n|turn|2\n|\n|t:|1788359851\n|switch|p2b: Incineroar|Incineroar, L50, M|100/100\n|-ability|p2b: Incineroar|Intimidate|boost\n|-unboost|p1a: Klefki|atk|1\n|-unboost|p1b: Pelipper|atk|1\n|move|p1a: Klefki|Light Screen|p1a: Klefki\n|-sidestart|p1: d1 rotom fan|move: Light Screen\n|move|p1b: Pelipper|Blizzard|p2a: Venusaur|[spread] p2a,p2b\n|-supereffective|p2a: Venusaur|1\n|-resisted|p2b: Incineroar|1\n|-damage|p2a: Venusaur|29/100\n|-damage|p2b: Incineroar|89/100\n|move|p2a: Venusaur|Earth Power|p1a: Klefki\n|-supereffective|p1a: Klefki|1\n|-damage|p1a: Klefki|0 fnt\n|faint|p1a: Klefki\n|-damage|p2a: Venusaur|19/100|[from] item: Life Orb\n|\n|-weather|SunnyDay|[upkeep]\n|upkeep\n|\n|t:|1788359867\n|switch|p1a: Mawile|Mawile, L50, F|100/100\n|turn|3\n|\n|t:|1788359896\n|detailschange|p1a: Mawile|Mawile-Mega, L50, F\n|-mega|p1a: Mawile|Mawile|Mawilite\n|move|p2b: Incineroar|Fake Out|p1a: Mawile\n|-resisted|p1a: Mawile|1\n|-damage|p1a: Mawile|94/100\n|cant|p1a: Mawile|flinch\n|move|p1b: Pelipper|U-turn|p2a: Venusaur\n|-crit|p2a: Venusaur\n|-damage|p2a: Venusaur|2/100\n|\n|t:|1788359904\n|switch|p1b: Alcremie|Alcremie-Salted-Cream, L50, F|100/100|[from] U-turn\n|move|p2a: Venusaur|Earth Power|p1a: Mawile\n|-supereffective|p1a: Mawile|1\n|-damage|p1a: Mawile|36/100\n|-unboost|p1a: Mawile|spd|1\n|-damage|p2a: Venusaur|0 fnt|[from] item: Life Orb\n|faint|p2a: Venusaur\n|\n|-weather|SunnyDay|[upkeep]\n|upkeep\n|\n|t:|1788359914\n|switch|p2a: Toxapex|Toxapex, L50, M|100/100\n|turn|4\n|\n|t:|1788359926\n|move|p1b: Alcremie|Decorate|p1a: Mawile\n|-boost|p1a: Mawile|atk|2\n|-boost|p1a: Mawile|spa|2\n|move|p2a: Toxapex|Toxic|p1b: Alcremie\n|-status|p1b: Alcremie|tox\n|move|p1a: Mawile|Rock Slide|p2a: Toxapex|[spread] \n|-miss|p1a: Mawile|p2a: Toxapex\n|-miss|p1a: Mawile|p2b: Incineroar\n|move|p2b: Incineroar|Flare Blitz|p1a: Mawile\n|-supereffective|p1a: Mawile|1\n|-damage|p1a: Mawile|0 fnt\n|faint|p1a: Mawile\n|-damage|p2b: Incineroar|79/100|[from] Recoil\n|\n|-weather|SunnyDay|[upkeep]\n|-damage|p1b: Alcremie|94/100 tox|[from] psn\n|upkeep\n|\n|t:|1788359942\n|switch|p1a: Pelipper|Pelipper, L50, F|100/100\n|-weather|RainDance|[from] ability: Drizzle|[of] p1a: Pelipper\n|turn|5\n|\n|t:|1788359956\n|move|p1b: Alcremie|Draining Kiss|p2b: Incineroar\n|-damage|p2b: Incineroar|61/100\n|-heal|p1b: Alcremie|100/100 tox|[from] drain|[of] p2b: Incineroar\n|move|p2a: Toxapex|Toxic|p1a: Pelipper\n|-status|p1a: Pelipper|tox\n|move|p2b: Incineroar|Throat Chop|p1a: Pelipper\n|-damage|p1a: Pelipper|67/100 tox\n|-start|p1a: Pelipper|Throat Chop|[silent]\n|move|p1a: Pelipper|Hurricane|p2b: Incineroar\n|-damage|p2b: Incineroar|19/100\n|-enditem|p2b: Incineroar|Sitrus Berry|[eat]\n|-heal|p2b: Incineroar|44/100|[from] item: Sitrus Berry\n|\n|-weather|RainDance|[upkeep]\n|-damage|p1b: Alcremie|88/100 tox|[from] psn\n|-damage|p1a: Pelipper|61/100 tox|[from] psn\n|-fieldend|move: Trick Room\n|upkeep\n|turn|6\n|\n|t:|1788359978\n|move|p1a: Pelipper|Hurricane|p2b: Incineroar\n|-damage|p2b: Incineroar|2/100\n|move|p2b: Incineroar|Parting Shot|p1a: Pelipper\n|-unboost|p1a: Pelipper|atk|1\n|-unboost|p1a: Pelipper|spa|1\n|\n|t:|1788359983\n|switch|p2b: Charizard|Charizard-Mega-Y, L50, M|100/100|[from] Parting Shot\n|-weather|SunnyDay|[from] ability: Drought|[of] p2b: Charizard\n|move|p2a: Toxapex|Infestation|p1b: Alcremie\n|-resisted|p1b: Alcremie|1\n|-damage|p1b: Alcremie|87/100 tox\n|-activate|p1b: Alcremie|move: Infestation|[of] p2a: Toxapex\n|move|p1b: Alcremie|Draining Kiss|p2b: Charizard\n|-resisted|p2b: Charizard|1\n|-damage|p2b: Charizard|91/100\n|-heal|p1b: Alcremie|94/100 tox|[from] drain|[of] p2b: Charizard\n|\n|-weather|SunnyDay|[upkeep]\n|-damage|p1a: Pelipper|49/100 tox|[from] psn\n|-damage|p1b: Alcremie|76/100 tox|[from] psn\n|-damage|p1b: Alcremie|64/100 tox|[from] move: Infestation|[partiallytrapped]\n|-end|p1a: Pelipper|Throat Chop|[silent]\n|-sideend|p1: d1 rotom fan|move: Light Screen\n|upkeep\n|turn|7\n|-message|d1 rotom fan forfeited.\n|\n|win|tztimlee\n|raw|d1 rotom fan's rating: 1048 &rarr; <strong>1028</strong><br />(-20 for losing)\n|raw|tztimlee's rating: 1000 &rarr; <strong>1045</strong><br />(+45 for winning)\n|l|☆d1 rotom fan\n|player|p1|\n","uploadtime":1788360003,"views":"2","formatid":"gen9championsvgc2026regmb","rating":1028,"private":0,"password":null}