{"id":"gen9championsvgc2026regmb-2674652435","format":"[Gen 9 Champions] VGC 2026 Reg M-B","players":["ApxKrypha","disciple of blahaj"],"log":"|j|☆ApxKrypha\n|j|☆disciple of blahaj\n|t:|1788385440\n|gametype|doubles\n|player|p1|ApxKrypha|266|1312\n|player|p2|disciple of blahaj|jacinthe|1266\n|gen|9\n|tier|[Gen 9 Champions] VGC 2026 Reg M-B\n|rated|\n|rule|Species Clause: Limit one of each Pokémon\n|rule|Item Clause: Limit 1 of each item\n|clearpoke\n|poke|p1|Staraptor, L50, F, shiny|\n|poke|p1|Arcanine-Hisui, L50, F, shiny|\n|poke|p1|Kingambit, L50, F, shiny|\n|poke|p1|Sylveon, L50, M, shiny|\n|poke|p1|Raichu, L50, M, shiny|\n|poke|p1|Farigiraf, L50, F, shiny|\n|poke|p2|Mawile, L50, M, shiny|\n|poke|p2|Farigiraf, L50, F, shiny|\n|poke|p2|Sinistcha, L50|\n|poke|p2|Pelipper, L50, M|\n|poke|p2|Kommo-o, L50, M|\n|poke|p2|Raichu, L50, F, shiny|\n|teampreview|4\n|\n|t:|1788385488\n|teamsize|p1|4\n|teamsize|p2|4\n|start\n|switch|p1a: Raichu|Raichu, L50, M, shiny|100/100\n|switch|p1b: Arcanine|Arcanine-Hisui, L50, F, shiny|100/100\n|switch|p2a: Mawile|Mawile, L50, M, shiny|100/100\n|switch|p2b: Raichu|Raichu, L50, F, shiny|100/100\n|-ability|p2a: Mawile|Intimidate|boost\n|-unboost|p1a: Raichu|atk|1\n|-unboost|p1b: Arcanine|atk|1\n|turn|1\n|\n|t:|1788385595\n|switch|p2a: Pelipper|Pelipper, L50, M|100/100\n|-weather|RainDance|[from] ability: Drizzle|[of] p2a: Pelipper\n|detailschange|p1a: Raichu|Raichu-Mega-Y, L50, M, shiny\n|-mega|p1a: Raichu|Raichu|Raichunite Y\n|move|p1b: Arcanine|Protect|p1b: Arcanine\n|-singleturn|p1b: Arcanine|Protect\n|move|p1a: Raichu|Focus Blast|p2b: Raichu\n|-damage|p2b: Raichu|32/100\n|move|p2b: Raichu|Focus Blast|p1b: Arcanine\n|-activate|p1b: Arcanine|move: Protect\n|\n|-weather|RainDance|[upkeep]\n|upkeep\n|turn|2\n|\n|t:|1788385631\n|switch|p2a: Sinistcha|Sinistcha, L50|100/100\n|-heal|p2b: Raichu|56/100|[from] ability: Hospitality|[of] p2a: Sinistcha\n|move|p1b: Arcanine|Extreme Speed|p2b: Raichu\n|-damage|p2b: Raichu|30/100\n|move|p1a: Raichu|Zap Cannon|p2b: Raichu\n|-activate|p2b: Raichu|ability: Lightning Rod\n|-ability|p2b: Raichu|Lightning Rod|boost\n|-boost|p2b: Raichu|spa|1\n|move|p2b: Raichu|Thunder|p1b: Arcanine\n|-damage|p1b: Arcanine|27/100\n|\n|-weather|RainDance|[upkeep]\n|upkeep\n|turn|3\n|\n|t:|1788385695\n|switch|p1a: Sylveon|Sylveon, L50, M, shiny|100/100\n|switch|p2b: Pelipper|Pelipper, L50, M|100/100\n|switch|p1b: Kingambit|Kingambit, L50, F, shiny|100/100\n|move|p2a: Sinistcha|Matcha Gotcha|p1a: Sylveon|[spread] p1a,p1b\n|-resisted|p1b: Kingambit|1\n|-damage|p1a: Sylveon|82/100\n|-damage|p1b: Kingambit|87/100\n|\n|-weather|RainDance|[upkeep]\n|upkeep\n|turn|4\n|\n|t:|1788385725\n|move|p1a: Sylveon|Hyper Voice|p2b: Pelipper|[spread] p2a,p2b\n|-damage|p2a: Sinistcha|38/100\n|-damage|p2b: Pelipper|31/100\n|-enditem|p2a: Sinistcha|Sitrus Berry|[eat]\n|-heal|p2a: Sinistcha|63/100|[from] item: Sitrus Berry\n|move|p2a: Sinistcha|Matcha Gotcha|p1b: Kingambit|[spread] p1a,p1b\n|-resisted|p1b: Kingambit|1\n|-damage|p1a: Sylveon|64/100\n|-heal|p2a: Sinistcha|73/100|[from] drain|[of] p1a: Sylveon\n|-damage|p1b: Kingambit|76/100\n|-heal|p2a: Sinistcha|79/100|[from] drain|[of] p1b: Kingambit\n|-status|p1a: Sylveon|brn\n|-status|p1b: Kingambit|brn\n|move|p2b: Pelipper|Weather Ball|p1b: Kingambit\n|-damage|p1b: Kingambit|0 fnt\n|faint|p1b: Kingambit\n|-damage|p2b: Pelipper|21/100|[from] item: Life Orb\n|\n|-weather|RainDance|[upkeep]\n|-damage|p1a: Sylveon|58/100 brn|[from] brn\n|upkeep\n|\n|t:|1788385751\n|switch|p1b: Arcanine|Arcanine-Hisui, L50, F, shiny|27/100\n|turn|5\n|\n|t:|1788385768\n|switch|p2b: Mawile|Mawile, L50, M, shiny|100/100\n|-ability|p2b: Mawile|Intimidate|boost\n|-unboost|p1a: Sylveon|atk|1\n|-unboost|p1b: Arcanine|atk|1\n|move|p1b: Arcanine|Flare Blitz|p2a: Sinistcha\n|-supereffective|p2a: Sinistcha|1\n|-damage|p2a: Sinistcha|55/100\n|move|p1a: Sylveon|Hyper Voice|p2a: Sinistcha|[spread] p2a,p2b\n|-resisted|p2b: Mawile|1\n|-damage|p2a: Sinistcha|0 fnt\n|-damage|p2b: Mawile|61/100\n|faint|p2a: Sinistcha\n|\n|-weather|none\n|-damage|p1a: Sylveon|52/100 brn|[from] brn\n|upkeep\n|\n|t:|1788385796\n|switch|p2a: Pelipper|Pelipper, L50, M|21/100\n|-weather|RainDance|[from] ability: Drizzle|[of] p2a: Pelipper\n|turn|6\n|\n|t:|1788385822\n|detailschange|p2b: Mawile|Mawile-Mega, L50, M, shiny\n|-mega|p2b: Mawile|Mawile|Mawilite\n|move|p1b: Arcanine|Protect|p1b: Arcanine\n|-singleturn|p1b: Arcanine|Protect\n|move|p2b: Mawile|Sucker Punch||[still]\n|-fail|p2b: Mawile\n|move|p1a: Sylveon|Hyper Beam|p2b: Mawile\n|-resisted|p2b: Mawile|1\n|-damage|p2b: Mawile|2/100\n|-mustrecharge|p1a: Sylveon\n|move|p2a: Pelipper|Weather Ball|p1a: Sylveon\n|-damage|p1a: Sylveon|0 fnt\n|faint|p1a: Sylveon\n|-damage|p2a: Pelipper|11/100|[from] item: Life Orb\n|\n|-weather|RainDance|[upkeep]\n|upkeep\n|\n|t:|1788385833\n|switch|p1a: Raichu|Raichu-Mega-Y, L50, M, shiny|100/100\n|turn|7\n|\n|t:|1788385855\n|move|p2a: Pelipper|Protect|p2a: Pelipper\n|-singleturn|p2a: Pelipper|Protect\n|move|p1a: Raichu|Fake Out|p2a: Pelipper\n|-activate|p2a: Pelipper|move: Protect\n|move|p1b: Arcanine|Extreme Speed|p2b: Mawile\n|-resisted|p2b: Mawile|1\n|-crit|p2b: Mawile\n|-damage|p2b: Mawile|0 fnt\n|faint|p2b: Mawile\n|\n|-weather|RainDance|[upkeep]\n|upkeep\n|\n|t:|1788385863\n|switch|p2b: Raichu|Raichu, L50, F, shiny|30/100\n|turn|8\n|\n|t:|1788385883\n|move|p2b: Raichu|Fake Out|p1a: Raichu\n|-damage|p1a: Raichu|87/100\n|move|p1b: Arcanine|Extreme Speed|p2b: Raichu\n|-damage|p2b: Raichu|5/100\n|cant|p1a: Raichu|flinch\n|move|p2a: Pelipper|Weather Ball|p1a: Raichu\n|-damage|p1a: Raichu|0 fnt\n|faint|p1a: Raichu\n|-damage|p2a: Pelipper|2/100|[from] item: Life Orb\n|\n|-weather|RainDance|[upkeep]\n|upkeep\n|turn|9\n|\n|t:|1788385909\n|move|p1b: Arcanine|Protect|p1b: Arcanine\n|-singleturn|p1b: Arcanine|Protect\n|move|p2b: Raichu|Thunder|p1b: Arcanine\n|-activate|p1b: Arcanine|move: Protect\n|move|p2a: Pelipper|Weather Ball|p1b: Arcanine\n|-activate|p1b: Arcanine|move: Protect\n|\n|-weather|RainDance|[upkeep]\n|upkeep\n|turn|10\n|\n|t:|1788385918\n|move|p1b: Arcanine|Protect||[still]\n|-fail|p1b: Arcanine\n|move|p2b: Raichu|Thunder|p1b: Arcanine\n|-damage|p1b: Arcanine|0 fnt\n|faint|p1b: Arcanine\n|\n|win|disciple of blahaj\n|raw|ApxKrypha's rating: 1312 &rarr; <strong>1289</strong><br />(-23 for losing)\n|raw|disciple of blahaj's rating: 1266 &rarr; <strong>1294</strong><br />(+28 for winning)\n|l|☆ApxKrypha\n|player|p1|\n","uploadtime":1788385929,"views":"0","formatid":"gen9championsvgc2026regmb","rating":1289,"private":0,"password":null}