{"id":"gen9championsvgc2026regmb-2674497555","format":"[Gen 9 Champions] VGC 2026 Reg M-B","players":["veryrare_ross","randomtieflinggirl"],"log":"|j|☆veryrare_ross\n|j|☆randomtieflinggirl\n|t:|1788366802\n|gametype|doubles\n|player|p1|veryrare_ross|265|1133\n|player|p2|randomtieflinggirl|266|1112\n|gen|9\n|tier|[Gen 9 Champions] VGC 2026 Reg M-B\n|rated|\n|rule|Species Clause: Limit one of each Pokémon\n|rule|Item Clause: Limit 1 of each item\n|clearpoke\n|poke|p1|Aerodactyl, L50, M|\n|poke|p1|Sneasler, L50, M|\n|poke|p1|Annihilape, L50, F|\n|poke|p1|Rotom-Wash, L50|\n|poke|p1|Tsareena, L50, F|\n|poke|p1|Houndoom, L50, M|\n|poke|p2|Lycanroc-Dusk, L50, M|\n|poke|p2|Froslass, L50, F|\n|poke|p2|Scovillain, L50, M|\n|poke|p2|Basculegion, L50, M|\n|poke|p2|Kingambit, L50, M|\n|poke|p2|Sneasler, L50, M|\n|teampreview|4\nrandomtieflinggirl has agreed to open team sheets.\n|\n|t:|1788366872\n|teamsize|p1|4\n|teamsize|p2|4\n|start\n|switch|p1a: Aerodactyl|Aerodactyl, L50, M|100/100\n|switch|p1b: Sneasler|Sneasler, L50, M|100/100\n|switch|p2a: Basculegion|Basculegion, L50, M|100/100\n|switch|p2b: Froslass|Froslass, L50, F|100/100\n|turn|1\n|\n|t:|1788366906\n|detailschange|p2b: Froslass|Froslass-Mega, L50, F\n|-mega|p2b: Froslass|Froslass|Froslassite\n|-weather|Snowscape|[from] ability: Snow Warning|[of] p2b: Froslass\n|move|p1b: Sneasler|Protect|p1b: Sneasler\n|-singleturn|p1b: Sneasler|Protect\n|move|p2b: Froslass|Protect|p2b: Froslass\n|-singleturn|p2b: Froslass|Protect\n|move|p2a: Basculegion|Aqua Jet|p1a: Aerodactyl\n|-supereffective|p1a: Aerodactyl|1\n|-damage|p1a: Aerodactyl|5/100\n|move|p1a: Aerodactyl|Tailwind|p1a: Aerodactyl\n|-sidestart|p1: veryrare_ross|move: Tailwind\n|\n|-weather|Snowscape|[upkeep]\n|upkeep\n|turn|2\n|l|☆veryrare_ross\n|player|p1|\n|j|☆veryrare_ross\n|player|p1|veryrare_ross|265|\n|\n|t:|1788366956\n|switch|p1b: Tsareena|Tsareena, L50, F|100/100\n|move|p2a: Basculegion|Aqua Jet||[still]\n|cant|p1b: Tsareena|ability: Queenly Majesty|Aqua Jet|[of] p2a: Basculegion\n|move|p1a: Aerodactyl|Sunny Day|p1a: Aerodactyl\n|-weather|SunnyDay\n|move|p2b: Froslass|Aurora Veil||[still]\n|-fail|p2b: Froslass\n|\n|-weather|SunnyDay|[upkeep]\n|upkeep\n|turn|3\n|\n|t:|1788366988\n|switch|p2b: Kingambit|Kingambit, L50, M|100/100\n|move|p2a: Basculegion|Protect|p2a: Basculegion\n|-singleturn|p2a: Basculegion|Protect\n|move|p1a: Aerodactyl|Rock Slide|p2a: Basculegion|[spread] p2b\n|-activate|p2a: Basculegion|move: Protect\n|-resisted|p2b: Kingambit|1\n|-damage|p2b: Kingambit|91/100\n|move|p1b: Tsareena|Power Whip|p2b: Kingambit\n|-resisted|p2b: Kingambit|1\n|-damage|p2b: Kingambit|70/100\n|\n|-weather|SunnyDay|[upkeep]\n|upkeep\n|turn|4\n|\n|t:|1788367004\n|switch|p2a: Froslass|Froslass-Mega, L50, F|100/100\n|-weather|Snowscape|[from] ability: Snow Warning|[of] p2a: Froslass\n|move|p1a: Aerodactyl|Protect|p1a: Aerodactyl\n|-singleturn|p1a: Aerodactyl|Protect\n|move|p1b: Tsareena|Low Kick|p2b: Kingambit\n|-supereffective|p2b: Kingambit|2\n|-damage|p2b: Kingambit|0 fnt\n|faint|p2b: Kingambit\n|\n|-weather|Snowscape|[upkeep]\n|-sideend|p1: veryrare_ross|move: Tailwind\n|upkeep\n|\n|t:|1788367018\n|switch|p2b: Sneasler|Sneasler, L50, M|100/100\n|turn|5\n|\n|t:|1788367041\n|switch|p1b: Sneasler|Sneasler, L50, M|100/100\n|move|p1a: Aerodactyl|Tailwind|p1a: Aerodactyl\n|-sidestart|p1: veryrare_ross|move: Tailwind\n|move|p2a: Froslass|Shadow Ball|p1a: Aerodactyl\n|-crit|p1a: Aerodactyl\n|-damage|p1a: Aerodactyl|0 fnt\n|faint|p1a: Aerodactyl\n|move|p2b: Sneasler|Dire Claw|p1b: Sneasler\n|-resisted|p1b: Sneasler|1\n|-damage|p1b: Sneasler|69/100\n|\n|-weather|Snowscape|[upkeep]\n|upkeep\n|\n|t:|1788367046\n|switch|p1a: Houndoom|Houndoom, L50, M|100/100\n|turn|6\n|\n|t:|1788367061\n|switch|p2a: Basculegion|Basculegion, L50, M|100/100\n|detailschange|p1a: Houndoom|Houndoom-Mega, L50, M\n|-mega|p1a: Houndoom|Houndoom|Houndoominite\n|move|p1b: Sneasler|Close Combat|p2b: Sneasler\n|-resisted|p2b: Sneasler|1\n|-damage|p2b: Sneasler|66/100\n|-unboost|p1b: Sneasler|def|1\n|-unboost|p1b: Sneasler|spd|1\n|-enditem|p1b: Sneasler|White Herb\n|-clearnegativeboost|p1b: Sneasler|[silent]\n|move|p1a: Houndoom|Heat Wave|p2b: Sneasler|[spread] p2a\n|-miss|p1a: Houndoom|p2b: Sneasler\n|-resisted|p2a: Basculegion|1\n|-damage|p2a: Basculegion|83/100\n|move|p2b: Sneasler|Close Combat|p1a: Houndoom\n|-supereffective|p1a: Houndoom|1\n|-damage|p1a: Houndoom|0 fnt\n|-unboost|p2b: Sneasler|def|1\n|-unboost|p2b: Sneasler|spd|1\n|faint|p1a: Houndoom\n|-enditem|p2b: Sneasler|White Herb\n|-clearnegativeboost|p2b: Sneasler|[silent]\n|\n|-weather|Snowscape|[upkeep]\n|upkeep\n|\n|t:|1788367078\n|switch|p1a: Tsareena|Tsareena, L50, F|100/100\n|turn|7\n|\n|t:|1788367085\n|move|p2a: Basculegion|Protect|p2a: Basculegion\n|-singleturn|p2a: Basculegion|Protect\n|move|p1b: Sneasler|Dire Claw|p2b: Sneasler\n|-resisted|p2b: Sneasler|1\n|-damage|p2b: Sneasler|41/100\n|move|p2b: Sneasler|Dire Claw|p1a: Tsareena\n|-supereffective|p1a: Tsareena|1\n|-damage|p1a: Tsareena|22/100\n|move|p1a: Tsareena|Power Whip|p2a: Basculegion\n|-activate|p2a: Basculegion|move: Protect\n|\n|-weather|Snowscape|[upkeep]\n|upkeep\n|turn|8\n|\n|t:|1788367114\n|switch|p2a: Froslass|Froslass-Mega, L50, F|100/100\n|move|p2b: Sneasler|Protect|p2b: Sneasler\n|-singleturn|p2b: Sneasler|Protect\n|move|p1b: Sneasler|Close Combat|p2b: Sneasler\n|-activate|p2b: Sneasler|move: Protect\n|move|p1a: Tsareena|Power Whip|p2a: Froslass\n|-damage|p2a: Froslass|43/100\n|\n|-weather|none\n|-sideend|p1: veryrare_ross|move: Tailwind\n|upkeep\n|turn|9\n|\n|t:|1788367141\n|move|p2a: Froslass|Protect|p2a: Froslass\n|-singleturn|p2a: Froslass|Protect\n|move|p1b: Sneasler|Close Combat|p2b: Sneasler\n|-resisted|p2b: Sneasler|1\n|-damage|p2b: Sneasler|4/100\n|-unboost|p1b: Sneasler|def|1\n|-unboost|p1b: Sneasler|spd|1\n|move|p2b: Sneasler|Dire Claw|p1a: Tsareena\n|-supereffective|p1a: Tsareena|1\n|-damage|p1a: Tsareena|0 fnt\n|faint|p1a: Tsareena\n|\n|upkeep\n|turn|10\n|-message|veryrare_ross forfeited.\n|\n|win|randomtieflinggirl\n|raw|veryrare_ross's rating: 1133 &rarr; <strong>1106</strong><br />(-27 for losing)\n|raw|randomtieflinggirl's rating: 1112 &rarr; <strong>1139</strong><br />(+27 for winning)\n|l|☆veryrare_ross\n|player|p1|\n","uploadtime":1788367156,"views":"1","formatid":"gen9championsvgc2026regmb","rating":1106,"private":0,"password":null}