{"id":"gen9championsvgc2026regmb-2674698910","format":"[Gen 9 Champions] VGC 2026 Reg M-B","players":["dadogreen","DamoneDragon"],"log":"|j|☆dadogreen\n|j|☆DamoneDragon\n|t:|1788392372\n|gametype|doubles\n|player|p1|dadogreen|266|1069\n|player|p2|DamoneDragon|169|1051\n|gen|9\n|tier|[Gen 9 Champions] VGC 2026 Reg M-B\n|rated|\n|rule|Species Clause: Limit one of each Pokémon\n|rule|Item Clause: Limit 1 of each item\n|clearpoke\n|poke|p1|Raichu, L50, F|\n|poke|p1|Sinistcha, L50|\n|poke|p1|Garchomp, L50, F|\n|poke|p1|Incineroar, L50, F|\n|poke|p1|Metagross, L50|\n|poke|p1|Ninetales-Alola, L50, M|\n|poke|p2|Drampa, L50, M|\n|poke|p2|Pelipper, L50, M|\n|poke|p2|Hatterene, L50, F|\n|poke|p2|Staraptor, L50, F|\n|poke|p2|Basculegion, L50, M|\n|poke|p2|Volcarona, L50, F|\n|teampreview|4\n|inactive|Battle timer is ON: inactive players will automatically lose when time's up. (requested by dadogreen)\nDamoneDragon has agreed to open team sheets.\n|inactive|dadogreen has 60 seconds left.\n|inactive|dadogreen has 30 seconds left.\n|\n|t:|1788392445\n|teamsize|p1|4\n|teamsize|p2|4\n|start\n|switch|p1a: Incineroar|Incineroar, L50, F|100/100\n|switch|p1b: Metagross|Metagross, L50|100/100\n|switch|p2a: peperre|Pelipper, L50, M|100/100\n|switch|p2b: genghis fish|Basculegion, L50, M|100/100\n|-weather|RainDance|[from] ability: Drizzle|[of] p2a: peperre\n|-ability|p1a: Incineroar|Intimidate|boost\n|-unboost|p2a: peperre|atk|1\n|-unboost|p2b: genghis fish|atk|1\n|turn|1\n|\n|t:|1788392459\n|switch|p1b: Sinistcha|Sinistcha, L50|100/100\n|move|p2b: genghis fish|Flip Turn|p1a: Incineroar\n|-supereffective|p1a: Incineroar|1\n|-crit|p1a: Incineroar\n|-damage|p1a: Incineroar|0 fnt\n|faint|p1a: Incineroar\n|\n|t:|1788392468\n|switch|p2b: cloudy|Drampa, L50, M|100/100|[from] Flip Turn\n|move|p2a: peperre|Tailwind|p2a: peperre\n|-sidestart|p2: DamoneDragon|move: Tailwind\n|\n|-weather|RainDance|[upkeep]\n|upkeep\n|\n|t:|1788392476\n|switch|p1a: Garchomp|Garchomp, L50, F|100/100\n|turn|2\n|\n|t:|1788392486\n|detailschange|p2b: cloudy|Drampa-Mega, L50, M\n|-mega|p2b: cloudy|Drampa|Drampanite\n|move|p1a: Garchomp|Protect|p1a: Garchomp\n|-singleturn|p1a: Garchomp|Protect\n|move|p2a: peperre|U-turn|p1b: Sinistcha\n|-damage|p1b: Sinistcha|96/100\n|\n|t:|1788392493\n|switch|p2a: genghis fish|Basculegion, L50, M|100/100|[from] U-turn\n|move|p2b: cloudy|Hurricane|p1b: Sinistcha\n|-supereffective|p1b: Sinistcha|1\n|-damage|p1b: Sinistcha|0 fnt\n|faint|p1b: Sinistcha\n|\n|-weather|RainDance|[upkeep]\n|upkeep\n|\n|t:|1788392501\n|switch|p1b: Metagross|Metagross, L50|100/100\n|turn|3\n|\n|t:|1788392524\n|detailschange|p1b: Metagross|Metagross-Mega, L50\n|-mega|p1b: Metagross|Metagross|Metagrossite\n|move|p2a: genghis fish|Flip Turn|p1a: Garchomp\n|-crit|p1a: Garchomp\n|-damage|p1a: Garchomp|31/100\n|-damage|p2a: genghis fish|87/100|[from] ability: Rough Skin|[of] p1a: Garchomp\n|\n|t:|1788392531\n|switch|p2a: peperre|Pelipper, L50, M|100/100|[from] Flip Turn\n|move|p1b: Metagross|Psychic Fangs|p2a: peperre\n|-damage|p2a: peperre|34/100\n|move|p1a: Garchomp|Dragon Claw|p2b: cloudy\n|-supereffective|p2b: cloudy|1\n|-damage|p2b: cloudy|7/100\n|-ability|p2b: cloudy|Berserk|boost\n|-boost|p2b: cloudy|spa|1\n|-damage|p1a: Garchomp|22/100|[from] item: Life Orb\n|move|p2b: cloudy|Thunder|p1b: Metagross\n|-damage|p1b: Metagross|26/100\n|\n|-weather|RainDance|[upkeep]\n|upkeep\n|turn|4\n|\n|t:|1788392551\n|move|p1b: Metagross|Protect|p1b: Metagross\n|-singleturn|p1b: Metagross|Protect\n|move|p2a: peperre|Protect|p2a: peperre\n|-singleturn|p2a: peperre|Protect\n|move|p1a: Garchomp|Protect|p1a: Garchomp\n|-singleturn|p1a: Garchomp|Protect\n|move|p2b: cloudy|Draco Meteor|p1a: Garchomp\n|-activate|p1a: Garchomp|move: Protect\n|\n|-weather|RainDance|[upkeep]\n|-sideend|p2: DamoneDragon|move: Tailwind\n|upkeep\n|turn|5\n|\n|t:|1788392572\n|move|p1b: Metagross|Psychic Fangs|p2b: cloudy\n|-damage|p2b: cloudy|0 fnt\n|faint|p2b: cloudy\n|move|p1a: Garchomp|Rock Slide|p2a: peperre\n|-supereffective|p2a: peperre|1\n|-damage|p2a: peperre|0 fnt\n|faint|p2a: peperre\n|-damage|p1a: Garchomp|12/100|[from] item: Life Orb\n|\n|-weather|RainDance|[upkeep]\n|upkeep\n|\n|t:|1788392583\n|switch|p2a: genghis fish|Basculegion, L50, M|87/100\n|switch|p2b: hey macarena|Volcarona, L50, F|100/100\n|turn|6\n|\n|t:|1788392594\n|move|p2a: genghis fish|Last Respects|p1b: Metagross\n|-supereffective|p1b: Metagross|1\n|-damage|p1b: Metagross|0 fnt\n|faint|p1b: Metagross\n|move|p1a: Garchomp|Rock Slide|p2a: genghis fish|[spread] p2a,p2b\n|-supereffective|p2b: hey macarena|2\n|-damage|p2a: genghis fish|61/100\n|-enditem|p2b: hey macarena|Focus Sash\n|-damage|p2b: hey macarena|1/100\n|-damage|p1a: Garchomp|2/100|[from] item: Life Orb\n|cant|p2b: hey macarena|flinch\n|\n|-weather|RainDance|[upkeep]\n|upkeep\n|turn|7\n|\n|t:|1788392611\n|move|p1a: Garchomp|Protect|p1a: Garchomp\n|-singleturn|p1a: Garchomp|Protect\n|move|p2a: genghis fish|Liquidation|p1a: Garchomp\n|-activate|p1a: Garchomp|move: Protect\n|move|p2b: hey macarena|Fiery Dance|p1a: Garchomp\n|-activate|p1a: Garchomp|move: Protect\n|\n|-weather|RainDance|[upkeep]\n|upkeep\n|turn|8\n|\n|t:|1788392623\n|move|p1a: Garchomp|Protect||[still]\n|-fail|p1a: Garchomp\n|move|p2a: genghis fish|Liquidation|p1a: Garchomp\n|-damage|p1a: Garchomp|0 fnt\n|-damage|p2a: genghis fish|48/100|[from] ability: Rough Skin|[of] p1a: Garchomp\n|faint|p1a: Garchomp\n|\n|win|DamoneDragon\n|raw|dadogreen's rating: 1099 &rarr; <strong>1071</strong><br />(-28 for losing)\n|raw|DamoneDragon's rating: 1051 &rarr; <strong>1088</strong><br />(+37 for winning)\n|l|☆dadogreen\n|player|p1|\n","uploadtime":1788392636,"views":"3","formatid":"gen9championsvgc2026regmb","rating":1071,"private":0,"password":null}