{"id":"gen9championsvgc2026regmb-2674261033","format":"[Gen 9 Champions] VGC 2026 Reg M-B","players":["Unlogged","Thornlace48812"],"log":"|j|☆Unlogged\n|j|☆Thornlace48812\n|t:|1788325779\n|gametype|doubles\n|player|p1|Unlogged|2|1047\n|player|p2|Thornlace48812|1|1094\n|gen|9\n|tier|[Gen 9 Champions] VGC 2026 Reg M-B\n|rated|\n|rule|Species Clause: Limit one of each Pokémon\n|rule|Item Clause: Limit 1 of each item\n|clearpoke\n|poke|p1|Froslass, L50, F|\n|poke|p1|Sneasler, L50, M|\n|poke|p1|Lycanroc-Dusk, L50, F|\n|poke|p1|Basculegion, L50, M|\n|poke|p1|Kingambit, L50, F|\n|poke|p1|Scovillain, L50, F|\n|poke|p2|Garchomp, L50, M|\n|poke|p2|Charizard, L50, F|\n|poke|p2|Whimsicott, L50, F|\n|poke|p2|Sylveon, L50, M|\n|poke|p2|Kingambit, L50, M|\n|poke|p2|Basculegion, L50, M|\n|teampreview|4\n|inactive|Battle timer is ON: inactive players will automatically lose when time's up. (requested by Thornlace48812)\nThornlace48812 rejected open team sheets.\n|inactive|Unlogged has 60 seconds left.\n|\n|t:|1788325815\n|teamsize|p1|4\n|teamsize|p2|4\n|start\n|switch|p1a: Scovillain|Scovillain, L50, F|100/100\n|switch|p1b: Sneasler|Sneasler, L50, M|100/100\n|switch|p2a: Charizard|Charizard, L50, F|100/100\n|switch|p2b: Sylveon|Sylveon, L50, M|100/100\n|turn|1\n|\n|t:|1788325832\n|switch|p1a: Lycanroc|Lycanroc-Dusk, L50, F|100/100\n|detailschange|p2a: Charizard|Charizard-Mega-Y, L50, F\n|-mega|p2a: Charizard|Charizard|Charizardite Y\n|-weather|SunnyDay|[from] ability: Drought|[of] p2a: Charizard\n|move|p1b: Sneasler|Fake Out|p2a: Charizard\n|-damage|p2a: Charizard|82/100\n|cant|p2a: Charizard|flinch\n|move|p2b: Sylveon|Hyper Voice|p1a: Lycanroc|[spread] p1a,p1b\n|-damage|p1a: Lycanroc|20/100y\n|-damage|p1b: Sneasler|47/100\n|\n|-weather|SunnyDay|[upkeep]\n|upkeep\n|turn|2\n|\n|t:|1788325849\n|move|p1a: Lycanroc|Accelerock|p2a: Charizard\n|-supereffective|p2a: Charizard|2\n|-damage|p2a: Charizard|0 fnt\n|faint|p2a: Charizard\n|move|p1b: Sneasler|Gunk Shot|p2b: Sylveon\n|-supereffective|p2b: Sylveon|1\n|-damage|p2b: Sylveon|0 fnt\n|faint|p2b: Sylveon\n|\n|-weather|SunnyDay|[upkeep]\n|upkeep\n|\n|t:|1788325849\n|switch|p2a: Basculegion|Basculegion, L50, M|100/100\n|switch|p2b: Whimsicott|Whimsicott, L50, F|100/100\n|turn|3\n|inactive|Unlogged has 30 seconds left.\n|\n|t:|1788325876\n|move|p2a: Basculegion|Protect|p2a: Basculegion\n|-singleturn|p2a: Basculegion|Protect\n|move|p2b: Whimsicott|Tailwind|p2b: Whimsicott\n|-sidestart|p2: Thornlace48812|move: Tailwind\n|move|p1a: Lycanroc|Rock Slide|p2a: Basculegion|[spread] p2b\n|-activate|p2a: Basculegion|move: Protect\n|-crit|p2b: Whimsicott\n|-damage|p2b: Whimsicott|38/100\n|move|p1b: Sneasler|Gunk Shot|p2b: Whimsicott|[miss]\n|-miss|p1b: Sneasler|p2b: Whimsicott\n|\n|-weather|SunnyDay|[upkeep]\n|upkeep\n|turn|4\n|\n|t:|1788325893\n|move|p1b: Sneasler|Protect|p1b: Sneasler\n|-singleturn|p1b: Sneasler|Protect\n|move|p1a: Lycanroc|Accelerock|p2b: Whimsicott\n|-damage|p2b: Whimsicott|0 fnt\n|faint|p2b: Whimsicott\n|move|p2a: Basculegion|Last Respects|p1b: Sneasler\n|-activate|p1b: Sneasler|move: Protect\n|\n|-weather|SunnyDay|[upkeep]\n|upkeep\n|turn|5\n|\n|t:|1788325906\n|move|p1a: Lycanroc|Accelerock|p2a: Basculegion\n|-damage|p2a: Basculegion|70/100\n|move|p2a: Basculegion|Last Respects|p1b: Sneasler\n|-damage|p1b: Sneasler|0 fnt\n|faint|p1b: Sneasler\n|\n|-weather|none\n|upkeep\n|\n|t:|1788325913\n|switch|p1b: Scovillain|Scovillain, L50, F|100/100\n|turn|6\n|\n|t:|1788325918\n|detailschange|p1b: Scovillain|Scovillain-Mega, L50, F\n|-mega|p1b: Scovillain|Scovillain|Scovillainite\n|move|p1b: Scovillain|Rage Powder|p1b: Scovillain\n|-singleturn|p1b: Scovillain|move: Rage Powder\n|move|p1a: Lycanroc|Accelerock|p2a: Basculegion\n|-damage|p2a: Basculegion|38/100\n|move|p2a: Basculegion|Wave Crash|p1b: Scovillain\n|-damage|p1b: Scovillain|1/100\n|-status|p2a: Basculegion|brn|[from] ability: Spicy Spray|[of] p1b: Scovillain\n|-damage|p2a: Basculegion|11/100 brn|[from] Recoil\n|\n|-damage|p2a: Basculegion|5/100 brn|[from] brn\n|-sideend|p2: Thornlace48812|move: Tailwind\n|upkeep\n|turn|7\n|\n|t:|1788325933\n|move|p1b: Scovillain|Protect|p1b: Scovillain\n|-singleturn|p1b: Scovillain|Protect\n|move|p1a: Lycanroc|Accelerock|p2a: Basculegion\n|-damage|p2a: Basculegion|0 fnt\n|faint|p2a: Basculegion\n|\n|win|Unlogged\n|raw|Unlogged's rating: 1047 &rarr; <strong>1082</strong><br />(+35 for winning)\n|raw|Thornlace48812's rating: 1070 &rarr; <strong>1048</strong><br />(-22 for losing)\n","uploadtime":1788325933,"views":"4","formatid":"gen9championsvgc2026regmb","rating":1048,"private":0,"password":null}