{"id":"gen9championsvgc2026regmb-2674642664","format":"[Gen 9 Champions] VGC 2026 Reg M-B","players":["bodacious gray","Alskeltal"],"log":"|j|☆bodacious gray\n|j|☆Alskeltal\n|t:|1788384096\n|gametype|doubles\n|player|p1|bodacious gray|blaine|1474\n|player|p2|Alskeltal|2|1350\n|gen|9\n|tier|[Gen 9 Champions] VGC 2026 Reg M-B\n|rated|\n|rule|Species Clause: Limit one of each Pokémon\n|rule|Item Clause: Limit 1 of each item\n|clearpoke\n|poke|p1|Blastoise, L50, M|\n|poke|p1|Farigiraf, L50, F, shiny|\n|poke|p1|Sinistcha, L50|\n|poke|p1|Talonflame, L50, F|\n|poke|p1|Raichu, L50, M|\n|poke|p1|Kommo-o, L50, M|\n|poke|p2|Sharpedo, L50, M, shiny|\n|poke|p2|Delphox, L50, F|\n|poke|p2|Sneasler, L50, M, shiny|\n|poke|p2|Garchomp, L50, F|\n|poke|p2|Whimsicott, L50, M, shiny|\n|poke|p2|Kingambit, L50, F, shiny|\n|teampreview|4\n|c|☆Alskeltal|Gl\n|c|☆bodacious gray|u2\n|inactive|Battle timer is ON: inactive players will automatically lose when time's up. (requested by bodacious gray)\n|\n|t:|1788384157\n|teamsize|p1|4\n|teamsize|p2|4\n|start\n|switch|p1a: Blastoise|Blastoise, L50, M|100/100\n|switch|p1b: Talonflame|Talonflame, L50, F|100/100\n|switch|p2a: Sir Whimothy|Whimsicott, L50, M, shiny|100/100\n|switch|p2b: Phoxxy Red|Delphox, L50, F|100/100\n|turn|1\n|inactive|Alskeltal has 30 seconds left.\n|\n|t:|1788384188\n|detailschange|p2b: Phoxxy Red|Delphox-Mega, L50, F\n|-mega|p2b: Phoxxy Red|Delphox|Delphoxite\n|detailschange|p1a: Blastoise|Blastoise-Mega, L50, M\n|-mega|p1a: Blastoise|Blastoise|Blastoisinite\n|move|p2b: Phoxxy Red|Protect|p2b: Phoxxy Red\n|-singleturn|p2b: Phoxxy Red|Protect\n|move|p2a: Sir Whimothy|Tailwind|p2a: Sir Whimothy\n|-sidestart|p2: Alskeltal|move: Tailwind\n|move|p1b: Talonflame|Dual Wingbeat|p2a: Sir Whimothy|[miss]\n|-miss|p1b: Talonflame|p2a: Sir Whimothy\n|move|p1a: Blastoise|Shell Smash|p1a: Blastoise\n|-unboost|p1a: Blastoise|def|1\n|-unboost|p1a: Blastoise|spd|1\n|-boost|p1a: Blastoise|atk|2\n|-boost|p1a: Blastoise|spa|2\n|-boost|p1a: Blastoise|spe|2\n|\n|upkeep\n|turn|2\n|inactive|bodacious gray has 30 seconds left.\n|inactive|Alskeltal has 30 seconds left.\n|inactive|bodacious gray has 20 seconds left.\n|inactive|bodacious gray has 15 seconds left.\n|\n|t:|1788384229\n|switch|p1a: Georgia|Farigiraf, L50, F, shiny|100/100\n|move|p2a: Sir Whimothy|Sunny Day|p2a: Sir Whimothy\n|-weather|SunnyDay\n|move|p2b: Phoxxy Red|Psychic|p1a: Georgia\n|-resisted|p1a: Georgia|1\n|-damage|p1a: Georgia|80/100\n|move|p1b: Talonflame|Dual Wingbeat|p2b: Phoxxy Red\n|-damage|p2b: Phoxxy Red|76/100\n|-damage|p2b: Phoxxy Red|53/100\n|-hitcount|p2b: Phoxxy Red|2\n|\n|-weather|SunnyDay|[upkeep]\n|upkeep\n|turn|3\n|inactive|Alskeltal has 30 seconds left.\n|inactive|Alskeltal has 20 seconds left.\n|\n|t:|1788384268\n|move|p2a: Sir Whimothy|Protect|p2a: Sir Whimothy\n|-singleturn|p2a: Sir Whimothy|Protect\n|move|p1a: Georgia|Helping Hand|p1b: Talonflame\n|-singleturn|p1b: Talonflame|Helping Hand|[of] p1a: Georgia\n|move|p2b: Phoxxy Red|Heat Wave|p1b: Talonflame|[spread] p1a,p1b\n|-resisted|p1b: Talonflame|1\n|-damage|p1a: Georgia|26/100\n|-damage|p1b: Talonflame|57/100\n|-enditem|p1a: Georgia|Sitrus Berry|[eat]\n|-heal|p1a: Georgia|51/100|[from] item: Sitrus Berry\n|move|p1b: Talonflame|Dual Wingbeat|p2a: Sir Whimothy\n|-activate|p2a: Sir Whimothy|move: Protect\n|\n|-weather|SunnyDay|[upkeep]\n|upkeep\n|turn|4\n|inactive|Alskeltal has 30 seconds left.\n|\n|t:|1788384297\n|switch|p2a: Bold N Brash|Kingambit, L50, F, shiny|100/100\n|move|p1b: Talonflame|Protect|p1b: Talonflame\n|-singleturn|p1b: Talonflame|Protect\n|move|p2b: Phoxxy Red|Psychic|p1b: Talonflame\n|-activate|p1b: Talonflame|move: Protect\n|move|p1a: Georgia|Psychic Fangs|p2a: Bold N Brash\n|-immune|p2a: Bold N Brash\n|\n|-weather|SunnyDay|[upkeep]\n|-sideend|p2: Alskeltal|move: Tailwind\n|upkeep\n|turn|5\n|inactive|bodacious gray has 30 seconds left.\n|inactive|Alskeltal has 30 seconds left.\n|\n|t:|1788384326\n|move|p1a: Georgia|Helping Hand|p1b: Talonflame\n|-singleturn|p1b: Talonflame|Helping Hand|[of] p1a: Georgia\n|move|p2a: Bold N Brash|Protect|p2a: Bold N Brash\n|-singleturn|p2a: Bold N Brash|Protect\n|move|p2b: Phoxxy Red|Psychic|p1b: Talonflame\n|-damage|p1b: Talonflame|0 fnt\n|faint|p1b: Talonflame\n|\n|-weather|SunnyDay|[upkeep]\n|upkeep\n|\n|t:|1788384336\n|switch|p1b: Blastoise|Blastoise-Mega, L50, M|100/100\n|turn|6\n|inactive|Alskeltal has 30 seconds left.\n|\n|t:|1788384364\n|move|p2b: Phoxxy Red|Psychic|p1b: Blastoise\n|-damage|p1b: Blastoise|53/100\n|move|p1b: Blastoise|Aura Sphere|p2a: Bold N Brash\n|-supereffective|p2a: Bold N Brash|2\n|-enditem|p2a: Bold N Brash|Chople Berry|[eat]\n|-enditem|p2a: Bold N Brash|Chople Berry|[weaken]\n|-damage|p2a: Bold N Brash|6/100\n|move|p2a: Bold N Brash|Kowtow Cleave|p1a: Georgia\n|-supereffective|p1a: Georgia|1\n|-damage|p1a: Georgia|0 fnt\n|faint|p1a: Georgia\n|\n|-weather|none\n|upkeep\n|\n|t:|1788384372\n|switch|p1a: Sinistcha|Sinistcha, L50|100/100\n|-heal|p1b: Blastoise|78/100|[from] ability: Hospitality|[of] p1a: Sinistcha\n|turn|7\n|\n|t:|1788384386\n|switch|p2a: Sir Whimothy|Whimsicott, L50, M, shiny|100/100\n|move|p2b: Phoxxy Red|Protect|p2b: Phoxxy Red\n|-singleturn|p2b: Phoxxy Red|Protect\n|move|p1a: Sinistcha|Rage Powder|p1a: Sinistcha\n|-singleturn|p1a: Sinistcha|move: Rage Powder\n|move|p1b: Blastoise|Water Spout|p2a: Sir Whimothy|[spread] p2a\n|-activate|p2b: Phoxxy Red|move: Protect\n|-resisted|p2a: Sir Whimothy|1\n|-damage|p2a: Sir Whimothy|67/100\n|\n|upkeep\n|turn|8\n|inactive|bodacious gray has 30 seconds left.\n|inactive|Alskeltal has 30 seconds left.\n|inactive|Alskeltal has 20 seconds left.\n|\n|t:|1788384422\n|move|p2b: Phoxxy Red|Protect|p2b: Phoxxy Red\n|-singleturn|p2b: Phoxxy Red|Protect\n|move|p1a: Sinistcha|Rage Powder|p1a: Sinistcha\n|-singleturn|p1a: Sinistcha|move: Rage Powder\n|move|p2a: Sir Whimothy|Sunny Day|p2a: Sir Whimothy\n|-weather|SunnyDay\n|move|p1b: Blastoise|Water Spout|p2a: Sir Whimothy|[spread] p2a\n|-activate|p2b: Phoxxy Red|move: Protect\n|-resisted|p2a: Sir Whimothy|1\n|-damage|p2a: Sir Whimothy|53/100\n|\n|-weather|SunnyDay|[upkeep]\n|upkeep\n|turn|9\n|\n|t:|1788384443\n|move|p1a: Sinistcha|Protect|p1a: Sinistcha\n|-singleturn|p1a: Sinistcha|Protect\n|move|p2b: Phoxxy Red|Heat Wave|p1b: Blastoise|[spread] p1b\n|-activate|p1a: Sinistcha|move: Protect\n|-resisted|p1b: Blastoise|1\n|-damage|p1b: Blastoise|49/100\n|move|p2a: Sir Whimothy|Moonblast|p1b: Blastoise\n|-damage|p1b: Blastoise|23/100\n|move|p1b: Blastoise|Aura Sphere|p2b: Phoxxy Red\n|-resisted|p2b: Phoxxy Red|1\n|-damage|p2b: Phoxxy Red|33/100\n|\n|-weather|SunnyDay|[upkeep]\n|upkeep\n|turn|10\n|-message|bodacious gray forfeited.\n|\n|win|Alskeltal\n|raw|bodacious gray's rating: 1474 &rarr; <strong>1447</strong><br />(-27 for losing)\n|raw|Alskeltal's rating: 1350 &rarr; <strong>1377</strong><br />(+27 for winning)\n|l|☆bodacious gray\n|player|p1|\n","uploadtime":1788384529,"views":"12","formatid":"gen9championsvgc2026regmb","rating":1377,"private":0,"password":null}