{"id":"gen9championsvgc2026regmb-2674307073","format":"[Gen 9 Champions] VGC 2026 Reg M-B","players":["dimweaker","Nightmare1023"],"log":"|j|☆dimweaker\n|j|☆Nightmare1023\n|t:|1788337044\n|gametype|doubles\n|player|p1|dimweaker|swimmerf-gen4|1412\n|player|p2|Nightmare1023|1|1483\n|gen|9\n|tier|[Gen 9 Champions] VGC 2026 Reg M-B\n|rated|\n|rule|Species Clause: Limit one of each Pokémon\n|rule|Item Clause: Limit 1 of each item\n|clearpoke\n|poke|p1|Milotic, L50, F|\n|poke|p1|Wyrdeer, L50, M|\n|poke|p1|Staraptor, L50, M|\n|poke|p1|Raichu, L50, F|\n|poke|p1|Chandelure, L50, F|\n|poke|p1|Kingambit, L50, M|\n|poke|p2|Whimsicott, L50, F|\n|poke|p2|Tyranitar, L50, F|\n|poke|p2|Basculegion, L50, M|\n|poke|p2|Charizard, L50, M|\n|poke|p2|Kingambit, L50, F|\n|poke|p2|Floette-Eternal, L50, F|\n|teampreview|4\n|inactive|Battle timer is ON: inactive players will automatically lose when time's up. (requested by dimweaker)\n|inactive|Nightmare1023 has 60 seconds left.\n|\n|t:|1788337091\n|teamsize|p1|4\n|teamsize|p2|4\n|start\n|switch|p1a: Wyrdeer|Wyrdeer, L50, M|100/100\n|switch|p1b: Milotic|Milotic, L50, F|100/100\n|switch|p2a: Kingambit|Kingambit, L50, F|100/100\n|switch|p2b: Charizard|Charizard, L50, M|100/100\n|-ability|p1a: Wyrdeer|Intimidate|boost\n|-unboost|p2a: Kingambit|atk|1\n|-ability|p2a: Kingambit|Defiant|boost\n|-boost|p2a: Kingambit|atk|2\n|-unboost|p2b: Charizard|atk|1\n|turn|1\n|inactive|dimweaker has 30 seconds left.\n|\n|t:|1788337123\n|move|p2b: Charizard|Protect|p2b: Charizard\n|-singleturn|p2b: Charizard|Protect\n|move|p1a: Wyrdeer|Skill Swap|p2a: Kingambit\n|-activate|p1a: Wyrdeer|Skill Swap|Defiant|Intimidate|[of] p2a: Kingambit\n|-ability|p2a: Kingambit|Intimidate|boost\n|-unboost|p1a: Wyrdeer|atk|1\n|-ability|p1a: Wyrdeer|Defiant|boost\n|-boost|p1a: Wyrdeer|atk|2\n|-unboost|p1b: Milotic|atk|1\n|-ability|p1b: Milotic|Competitive|boost\n|-boost|p1b: Milotic|spa|2\n|move|p1b: Milotic|Coil|p1b: Milotic\n|-boost|p1b: Milotic|atk|1\n|-boost|p1b: Milotic|def|1\n|-boost|p1b: Milotic|accuracy|1\n|move|p2a: Kingambit|Kowtow Cleave|p1a: Wyrdeer\n|-supereffective|p1a: Wyrdeer|1\n|-enditem|p1a: Wyrdeer|Colbur Berry|[eat]\n|-enditem|p1a: Wyrdeer|Colbur Berry|[weaken]\n|-damage|p1a: Wyrdeer|26/100\n|\n|upkeep\n|turn|2\n|inactive|Nightmare1023 has 30 seconds left.\n|\n|t:|1788337151\n|detailschange|p2b: Charizard|Charizard-Mega-Y, L50, M\n|-mega|p2b: Charizard|Charizard|Charizardite Y\n|-weather|SunnyDay|[from] ability: Drought|[of] p2b: Charizard\n|move|p2b: Charizard|Heat Wave|p1a: Wyrdeer|[spread] p1a\n|-miss|p2b: Charizard|p1b: Milotic\n|-crit|p1a: Wyrdeer\n|-damage|p1a: Wyrdeer|0 fnt\n|faint|p1a: Wyrdeer\n|move|p1b: Milotic|Hypnosis|p2b: Charizard|[miss]\n|-miss|p1b: Milotic|p2b: Charizard\n|move|p2a: Kingambit|Kowtow Cleave|p1b: Milotic\n|-damage|p1b: Milotic|63/100\n|\n|-weather|SunnyDay|[upkeep]\n|-heal|p1b: Milotic|69/100|[from] item: Leftovers\n|upkeep\n|\n|t:|1788337159\n|switch|p1a: Staraptor|Staraptor, L50, M|100/100\n|-ability|p1a: Staraptor|Intimidate|boost\n|-unboost|p2a: Kingambit|atk|1\n|-unboost|p2b: Charizard|atk|1\n|turn|3\n|\n|t:|1788337173\n|switch|p2a: Basculegion|Basculegion, L50, M|100/100\n|detailschange|p1a: Staraptor|Staraptor-Mega, L50, M\n|-mega|p1a: Staraptor|Staraptor|Staraptite\n|move|p1a: Staraptor|Tailwind|p1a: Staraptor\n|-sidestart|p1: dimweaker|move: Tailwind\n|move|p1b: Milotic|Coil|p1b: Milotic\n|-boost|p1b: Milotic|atk|1\n|-boost|p1b: Milotic|def|1\n|-boost|p1b: Milotic|accuracy|1\n|move|p2b: Charizard|Solar Beam||[still]\n|-prepare|p2b: Charizard|Solar Beam\n|-anim|p2b: Charizard|Solar Beam|p1b: Milotic\n|-supereffective|p1b: Milotic|1\n|-damage|p1b: Milotic|1/100\n|\n|-weather|SunnyDay|[upkeep]\n|-heal|p1b: Milotic|6/100|[from] item: Leftovers\n|upkeep\n|turn|4\n|\n|t:|1788337187\n|move|p1b: Milotic|Protect|p1b: Milotic\n|-singleturn|p1b: Milotic|Protect\n|move|p2b: Charizard|Protect|p2b: Charizard\n|-singleturn|p2b: Charizard|Protect\n|move|p2a: Basculegion|Aqua Jet|p1b: Milotic\n|-activate|p1b: Milotic|move: Protect\n|move|p1a: Staraptor|Close Combat|p2b: Charizard\n|-activate|p2b: Charizard|move: Protect\n|\n|-weather|SunnyDay|[upkeep]\n|-heal|p1b: Milotic|12/100|[from] item: Leftovers\n|upkeep\n|turn|5\n|\n|t:|1788337209\n|move|p1a: Staraptor|Close Combat|p2b: Charizard\n|-resisted|p2b: Charizard|1\n|-damage|p2b: Charizard|67/100\n|-boost|p1a: Staraptor|def|1\n|-boost|p1a: Staraptor|spd|1\n|move|p1b: Milotic|Hypnosis|p2b: Charizard\n|-status|p2b: Charizard|slp|[from] move: Hypnosis\n|cant|p2b: Charizard|slp\n|move|p2a: Basculegion|Last Respects|p1b: Milotic\n|-damage|p1b: Milotic|0 fnt\n|faint|p1b: Milotic\n|-damage|p2a: Basculegion|90/100|[from] item: Life Orb\n|\n|-weather|SunnyDay|[upkeep]\n|upkeep\n|\n|t:|1788337215\n|switch|p1b: Kingambit|Kingambit, L50, M|100/100\n|turn|6\n|\n|t:|1788337228\n|switch|p2a: Kingambit|Kingambit, L50, F|100/100\n|cant|p2b: Charizard|slp\n|move|p1b: Kingambit|Sucker Punch||[still]\n|-fail|p1b: Kingambit\n|move|p1a: Staraptor|Brave Bird|p2b: Charizard\n|-damage|p2b: Charizard|6/100 slp\n|-damage|p1a: Staraptor|81/100|[from] Recoil\n|\n|-weather|none\n|-sideend|p1: dimweaker|move: Tailwind\n|upkeep\n|turn|7\n|\n|t:|1788337241\n|switch|p2b: Whimsicott|Whimsicott, L50, F|100/100\n|move|p1b: Kingambit|Sucker Punch||[still]\n|-fail|p1b: Kingambit\n|move|p1a: Staraptor|Close Combat|p2a: Kingambit\n|-supereffective|p2a: Kingambit|2\n|-enditem|p2a: Kingambit|Chople Berry|[eat]\n|-enditem|p2a: Kingambit|Chople Berry|[weaken]\n|-damage|p2a: Kingambit|23/100\n|-boost|p1a: Staraptor|def|1\n|-boost|p1a: Staraptor|spd|1\n|move|p2a: Kingambit|Kowtow Cleave|p1a: Staraptor\n|-resisted|p1a: Staraptor|1\n|-damage|p1a: Staraptor|70/100\n|\n|upkeep\n|turn|8\n|\n|t:|1788337254\n|move|p2b: Whimsicott|Encore|p1a: Staraptor\n|-start|p1a: Staraptor|Encore\n|move|p1a: Staraptor|Close Combat|p2a: Kingambit\n|-supereffective|p2a: Kingambit|2\n|-damage|p2a: Kingambit|0 fnt\n|-boost|p1a: Staraptor|def|1\n|-boost|p1a: Staraptor|spd|1\n|faint|p2a: Kingambit\n|move|p1b: Kingambit|Iron Head|p2b: Whimsicott\n|-supereffective|p2b: Whimsicott|1\n|-enditem|p2b: Whimsicott|Focus Sash\n|-damage|p2b: Whimsicott|1/100\n|\n|upkeep\n|\n|t:|1788337260\n|switch|p2a: Charizard|Charizard-Mega-Y, L50, M|6/100 slp\n|-weather|SunnyDay|[from] ability: Drought|[of] p2a: Charizard\n|turn|9\n|\n|t:|1788337271\n|-curestatus|p2a: Charizard|slp|[msg]\n|move|p2a: Charizard|Protect|p2a: Charizard\n|-singleturn|p2a: Charizard|Protect\n|move|p1b: Kingambit|Sucker Punch||[still]\n|-fail|p1b: Kingambit\n|move|p2b: Whimsicott|Moonblast|p1a: Staraptor\n|-supereffective|p1a: Staraptor|1\n|-damage|p1a: Staraptor|42/100\n|move|p1a: Staraptor|Close Combat|p2b: Whimsicott\n|-resisted|p2b: Whimsicott|1\n|-damage|p2b: Whimsicott|0 fnt\n|-boost|p1a: Staraptor|def|1\n|-boost|p1a: Staraptor|spd|1\n|faint|p2b: Whimsicott\n|\n|-weather|SunnyDay|[upkeep]\n|upkeep\n|\n|t:|1788337280\n|switch|p2b: Basculegion|Basculegion, L50, M|90/100\n|turn|10\n|\n|t:|1788337290\n|move|p2b: Basculegion|Protect|p2b: Basculegion\n|-singleturn|p2b: Basculegion|Protect\n|move|p1b: Kingambit|Sucker Punch||[still]\n|-fail|p1b: Kingambit\n|move|p1a: Staraptor|Close Combat|p2a: Charizard\n|-resisted|p2a: Charizard|1\n|-damage|p2a: Charizard|0 fnt\n|-boost|p1a: Staraptor|def|1\n|-boost|p1a: Staraptor|spd|1\n|faint|p2a: Charizard\n|\n|-weather|SunnyDay|[upkeep]\n|-end|p1a: Staraptor|Encore\n|upkeep\n|turn|11\n|-message|Nightmare1023 forfeited.\n|\n|win|dimweaker\n|raw|dimweaker's rating: 1412 &rarr; <strong>1436</strong><br />(+24 for winning)\n|raw|Nightmare1023's rating: 1483 &rarr; <strong>1459</strong><br />(-24 for losing)\n|l|☆Nightmare1023\n|player|p2|\n","uploadtime":1788337301,"views":"1","formatid":"gen9championsvgc2026regmb","rating":1436,"private":0,"password":null}