{"id":"gen9championsvgc2026regmbbo3-2674004417","format":"[Gen 9 Champions] VGC 2026 Reg M-B (Bo3)","players":["DINOLONK","busterbunner"],"log":"|j|☆DINOLONK\n|j|☆busterbunner\n|html|<table width=\"100%\"><tr><td align=\"left\">DINOLONK</td><td align=\"right\">busterbunner</tr><tr><td align=\"left\"><i class=\"fa fa-circle\"></i> <i class=\"fa fa-circle-o\"></i> </td><td align=\"right\"><i class=\"fa fa-circle-o\"></i> <i class=\"fa fa-circle\"></i> </tr></table>\n|uhtml|bestof|<h2><strong>Game 3</strong> of <a href=\"/game-bestof3-gen9championsvgc2026regmbbo3-2674001489\">a best-of-3</a></h2>\n|t:|1788287164\n|gametype|doubles\n|player|p1|DINOLONK|parasollady-gen4|1326\n|player|p2|busterbunner|2|1286\n|gen|9\n|tier|[Gen 9 Champions] VGC 2026 Reg M-B (Bo3)\n|rated|\n|rule|Species Clause: Limit one of each Pokémon\n|rule|Item Clause: Limit 1 of each item\n|clearpoke\n|poke|p1|Dragonite, L50, M|\n|poke|p1|Sneasler, L50, M|\n|poke|p1|Kingambit, L50, F|\n|poke|p1|Basculegion, L50, M|\n|poke|p1|Whimsicott, L50, M|\n|poke|p1|Floette-Eternal, L50, F|\n|poke|p2|Metagross, L50|\n|poke|p2|Whimsicott, L50, M|\n|poke|p2|Garchomp, L50, F|\n|poke|p2|Raichu, L50, F|\n|poke|p2|Kingambit, L50, M|\n|poke|p2|Sinistcha, L50|\n|teampreview|4\n|showteam|p1|Dragonite||Dragoninite|InnerFocus|DragonPulse,HeatWave,Thunderbolt,Protect|Modest||M|||50|]Sneasler||WhiteHerb|Unburden|DireClaw,CloseCombat,RockSlide,FakeOut|Jolly||M|||50|]Kingambit||ChopleBerry|Defiant|KowtowCleave,SuckerPunch,LowKick,IronHead|Adamant||F|||50|]Basculegion||LifeOrb|Adaptability|WaveCrash,LastRespects,AquaJet,Protect|Adamant||M|||50|]Whimsicott||FocusSash|Prankster|Moonblast,Tailwind,Encore,Protect|Timid||M|||50|]Floette-Eternal||Floettite|FlowerVeil|Moonblast,DazzlingGleam,LightofRuin,Protect|Timid||F|||50|\n|showteam|p2|Metagross||Metagrossite|ClearBody|IronHead,IcePunch,Protect,PsychicFangs|Jolly|||||50|]Whimsicott||FocusSash|Prankster|Moonblast,Tailwind,Encore,Protect|Timid||M|||50|]Garchomp||LifeOrb|RoughSkin|DragonClaw,RockSlide,StompingTantrum,Protect|Jolly||F|||50|]Raichu||RaichuniteY|Static|FakeOut,FocusBlast,ZapCannon,Protect|Timid||F|||50|]Kingambit||BlackGlasses|Defiant|KowtowCleave,SuckerPunch,LowKick,Protect|Adamant||M|||50|]Sinistcha||SitrusBerry|Hospitality|RagePowder,MatchaGotcha,ShadowBall,Protect|Bold|||||50|\n|inactive|Battle timer is ON: inactive players will automatically lose when time's up. (requested by busterbunner)\n|inactive|DINOLONK also wants the timer to be on.\n|inactive|DINOLONK has 60 seconds left.\n|\n|t:|1788287200\n|teamsize|p1|4\n|teamsize|p2|4\n|start\n|switch|p1a: Sneasler|Sneasler, L50, M|100/100\n|switch|p1b: Dragonite|Dragonite, L50, M|100/100\n|switch|p2a: Raichu|Raichu, L50, F|100/100\n|switch|p2b: Whimsicott|Whimsicott, L50, M|100/100\n|turn|1\n|\n|t:|1788287212\n|detailschange|p2a: Raichu|Raichu-Mega-Y, L50, F\n|-mega|p2a: Raichu|Raichu|Raichunite Y\n|detailschange|p1b: Dragonite|Dragonite-Mega, L50, M\n|-mega|p1b: Dragonite|Dragonite|Dragoninite\n|move|p2a: Raichu|Fake Out|p1a: Sneasler\n|-damage|p1a: Sneasler|86/100\n|move|p2b: Whimsicott|Moonblast|p1b: Dragonite\n|-supereffective|p1b: Dragonite|1\n|-damage|p1b: Dragonite|71/100\n|cant|p1a: Sneasler|flinch\n|move|p1b: Dragonite|Heat Wave|p2a: Raichu|[spread] p2a,p2b\n|-supereffective|p2b: Whimsicott|1\n|-damage|p2a: Raichu|60/100\n|-damage|p2b: Whimsicott|3/100\n|-status|p2a: Raichu|brn\n|\n|-damage|p2a: Raichu|54/100 brn|[from] brn\n|upkeep\n|turn|2\n|\n|t:|1788287225\n|move|p1b: Dragonite|Protect|p1b: Dragonite\n|-singleturn|p1b: Dragonite|Protect\n|move|p2b: Whimsicott|Tailwind|p2b: Whimsicott\n|-sidestart|p2: busterbunner|move: Tailwind\n|move|p2a: Raichu|Zap Cannon|p1a: Sneasler\n|-damage|p1a: Sneasler|10/100\n|-status|p1a: Sneasler|par\n|move|p1a: Sneasler|Rock Slide|p2b: Whimsicott|[spread] p2a,p2b\n|-damage|p2a: Raichu|26/100 brn\n|-damage|p2b: Whimsicott|0 fnt\n|faint|p2b: Whimsicott\n|\n|-damage|p2a: Raichu|20/100y brn|[from] brn\n|upkeep\n|\n|t:|1788287229\n|switch|p2b: Garchomp|Garchomp, L50, F|100/100\n|turn|3\n|\n|t:|1788287250\n|switch|p1b: Floette|Floette-Eternal, L50, F|100/100\n|move|p2a: Raichu|Zap Cannon|p1a: Sneasler\n|-damage|p1a: Sneasler|0 fnt\n|faint|p1a: Sneasler\n|move|p2b: Garchomp|Dragon Claw|p1b: Floette\n|-immune|p1b: Floette\n|\n|-damage|p2a: Raichu|14/100 brn|[from] brn\n|upkeep\n|\n|t:|1788287254\n|switch|p1a: Basculegion|Basculegion, L50, M|100/100\n|turn|4\n|\n|t:|1788287263\n|switch|p2a: Kingambit|Kingambit, L50, M|100/100\n|move|p1a: Basculegion|Aqua Jet|p2a: Kingambit\n|-damage|p2a: Kingambit|75/100\n|-damage|p1a: Basculegion|90/100|[from] item: Life Orb\n|move|p2b: Garchomp|Rock Slide|p1b: Floette|[spread] p1a,p1b\n|-damage|p1a: Basculegion|60/100\n|-damage|p1b: Floette|59/100\n|-damage|p2b: Garchomp|90/100|[from] item: Life Orb\n|move|p1b: Floette|Light of Ruin|p2b: Garchomp\n|-supereffective|p2b: Garchomp|1\n|-damage|p2b: Garchomp|0 fnt\n|faint|p2b: Garchomp\n|-damage|p1b: Floette|4/100|[from] Recoil\n|\n|upkeep\n|\n|t:|1788287268\n|switch|p2b: Raichu|Raichu-Mega-Y, L50, F|14/100 brn\n|turn|5\n|\n|t:|1788287279\n|move|p1b: Floette|Protect|p1b: Floette\n|-singleturn|p1b: Floette|Protect\n|move|p1a: Basculegion|Protect|p1a: Basculegion\n|-singleturn|p1a: Basculegion|Protect\n|move|p2a: Kingambit|Sucker Punch||[still]\n|-fail|p2a: Kingambit\n|move|p2b: Raichu|Zap Cannon|p1b: Floette\n|-activate|p1b: Floette|move: Protect\n|\n|-damage|p2b: Raichu|8/100 brn|[from] brn\n|-sideend|p2: busterbunner|move: Tailwind\n|upkeep\n|turn|6\n|\n|t:|1788287295\n|move|p2b: Raichu|Protect|p2b: Raichu\n|-singleturn|p2b: Raichu|Protect\n|move|p1a: Basculegion|Aqua Jet|p2a: Kingambit\n|-damage|p2a: Kingambit|48/100\n|-damage|p1a: Basculegion|50/100g|[from] item: Life Orb\n|move|p2a: Kingambit|Sucker Punch|p1b: Floette\n|-resisted|p1b: Floette|1\n|-damage|p1b: Floette|0 fnt\n|faint|p1b: Floette\n|\n|-damage|p2b: Raichu|2/100 brn|[from] brn\n|upkeep\n|\n|t:|1788287304\n|switch|p1b: Dragonite|Dragonite-Mega, L50, M|71/100\n|turn|7\n|\n|t:|1788287313\n|move|p1b: Dragonite|Protect|p1b: Dragonite\n|-singleturn|p1b: Dragonite|Protect\n|move|p1a: Basculegion|Protect|p1a: Basculegion\n|-singleturn|p1a: Basculegion|Protect\n|move|p2a: Kingambit|Sucker Punch||[still]\n|-fail|p2a: Kingambit\n|move|p2b: Raichu|Zap Cannon|p1a: Basculegion\n|-activate|p1a: Basculegion|move: Protect\n|\n|-damage|p2b: Raichu|0 fnt|[from] brn\n|faint|p2b: Raichu\n|upkeep\n|turn|8\n|\n|t:|1788287331\n|move|p1a: Basculegion|Aqua Jet|p2a: Kingambit\n|-damage|p2a: Kingambit|22/100\n|-damage|p1a: Basculegion|41/100|[from] item: Life Orb\n|move|p2a: Kingambit|Sucker Punch|p1b: Dragonite\n|-damage|p1b: Dragonite|29/100\n|move|p1b: Dragonite|Thunderbolt|p2a: Kingambit\n|-damage|p2a: Kingambit|0 fnt\n|faint|p2a: Kingambit\n|\n|win|DINOLONK\n|raw|DINOLONK's rating: 1326 &rarr; <strong>1344</strong><br />(+18 for winning)\n|raw|busterbunner's rating: 1286 &rarr; <strong>1264</strong><br />(-22 for losing)\n","uploadtime":1788287332,"views":"0","formatid":"gen9championsvgc2026regmbbo3","rating":1264,"private":0,"password":null}