{"id":"gen9championsvgc2026regmb-2673853261","format":"[Gen 9 Champions] VGC 2026 Reg M-B","players":["Thornlace48812","PeteyGreg"],"log":"|j|☆Thornlace48812\n|j|☆PeteyGreg\n|t:|1788268745\n|gametype|doubles\n|player|p1|Thornlace48812|102|1115\n|player|p2|PeteyGreg|169|1137\n|gen|9\n|tier|[Gen 9 Champions] VGC 2026 Reg M-B\n|rated|\n|rule|Species Clause: Limit one of each Pokémon\n|rule|Item Clause: Limit 1 of each item\n|clearpoke\n|poke|p1|Garchomp, L50, F|\n|poke|p1|Charizard, L50, F|\n|poke|p1|Whimsicott, L50, M|\n|poke|p1|Sylveon, L50, M|\n|poke|p1|Kingambit, L50, M|\n|poke|p1|Basculegion, L50, M|\n|poke|p2|Meowscarada, L50, M|\n|poke|p2|Gyarados, L50, F|\n|poke|p2|Farigiraf, L50, F|\n|poke|p2|Sneasler, L50, F|\n|poke|p2|Ninetales-Alola, L50, M|\n|poke|p2|Garchomp, L50, F|\n|teampreview|4\n|inactive|Battle timer is ON: inactive players will automatically lose when time's up. (requested by PeteyGreg)\n|inactive|Thornlace48812 also wants the timer to be on.\nThornlace48812 rejected open team sheets.\n|\n|t:|1788268766\n|teamsize|p1|4\n|teamsize|p2|4\n|start\n|switch|p1a: Charizard|Charizard, L50, F|100/100\n|switch|p1b: Sylveon|Sylveon, L50, M|100/100\n|switch|p2a: Sneasler|Sneasler, L50, F|100/100\n|switch|p2b: Gyarados|Gyarados, L50, F|100/100\n|-ability|p2b: Gyarados|Intimidate|boost\n|-unboost|p1a: Charizard|atk|1\n|-unboost|p1b: Sylveon|atk|1\n|turn|1\n|\n|t:|1788268789\n|detailschange|p1a: Charizard|Charizard-Mega-Y, L50, F\n|-mega|p1a: Charizard|Charizard|Charizardite Y\n|-weather|SunnyDay|[from] ability: Drought|[of] p1a: Charizard\n|detailschange|p2b: Gyarados|Gyarados-Mega, L50, F\n|-mega|p2b: Gyarados|Gyarados|Gyaradosite\n|-ability|p2b: Gyarados|Mold Breaker\n|move|p2a: Sneasler|Fake Out|p1a: Charizard\n|-damage|p1a: Charizard|80/100\n|cant|p1a: Charizard|flinch\n|move|p2b: Gyarados|Waterfall|p1a: Charizard\n|-supereffective|p1a: Charizard|1\n|-damage|p1a: Charizard|19/100\n|move|p1b: Sylveon|Hyper Voice|p2a: Sneasler|[spread] p2a,p2b\n|-supereffective|p2b: Gyarados|1\n|-damage|p2a: Sneasler|36/100\n|-damage|p2b: Gyarados|15/100\n|\n|-weather|SunnyDay|[upkeep]\n|upkeep\n|turn|2\n|\n|t:|1788268810\n|switch|p2b: Ninetales|Ninetales-Alola, L50, M|100/100\n|-weather|Snowscape|[from] ability: Snow Warning|[of] p2b: Ninetales\n|move|p2a: Sneasler|Dire Claw|p1b: Sylveon\n|-supereffective|p1b: Sylveon|1\n|-damage|p1b: Sylveon|0 fnt\n|faint|p1b: Sylveon\n|move|p1a: Charizard|Heat Wave|p2a: Sneasler|[spread] p2a,p2b\n|-supereffective|p2b: Ninetales|1\n|-crit|p2b: Ninetales\n|-damage|p2a: Sneasler|0 fnt\n|-enditem|p2b: Ninetales|Focus Sash\n|-damage|p2b: Ninetales|1/100\n|faint|p2a: Sneasler\n|\n|-weather|Snowscape|[upkeep]\n|upkeep\n|\n|t:|1788268827\n|switch|p2a: Gyarados|Gyarados-Mega, L50, F|15/100\n|switch|p1b: Whimsicott|Whimsicott, L50, M|100/100\n|-ability|p2a: Gyarados|Mold Breaker\n|turn|3\n|\n|t:|1788268836\n|move|p1a: Charizard|Protect|p1a: Charizard\n|-singleturn|p1a: Charizard|Protect\n|move|p1b: Whimsicott|Tailwind|p1b: Whimsicott\n|-sidestart|p1: Thornlace48812|move: Tailwind\n|move|p2b: Ninetales|Blizzard|p1b: Whimsicott|[spread] p1b\n|-activate|p1a: Charizard|move: Protect\n|-supereffective|p1b: Whimsicott|1\n|-enditem|p1b: Whimsicott|Focus Sash\n|-damage|p1b: Whimsicott|1/100\n|move|p2a: Gyarados|Waterfall|p1a: Charizard\n|-activate|p1a: Charizard|move: Protect\n|\n|-weather|Snowscape|[upkeep]\n|upkeep\n|turn|4\n|\n|t:|1788268853\n|switch|p2b: Garchomp|Garchomp, L50, F|100/100\n|move|p1b: Whimsicott|Moonblast|p2a: Gyarados\n|-supereffective|p2a: Gyarados|1\n|-damage|p2a: Gyarados|0 fnt\n|faint|p2a: Gyarados\n|move|p1a: Charizard|Heat Wave|p2b: Garchomp\n|-resisted|p2b: Garchomp|1\n|-damage|p2b: Garchomp|65/100\n|\n|-weather|Snowscape|[upkeep]\n|upkeep\n|\n|t:|1788268867\n|switch|p2a: Ninetales|Ninetales-Alola, L50, M|1/100\n|turn|5\n|\n|t:|1788268871\n|move|p2a: Ninetales|Protect|p2a: Ninetales\n|-singleturn|p2a: Ninetales|Protect\n|move|p2b: Garchomp|Protect|p2b: Garchomp\n|-singleturn|p2b: Garchomp|Protect\n|move|p1b: Whimsicott|Moonblast|p2b: Garchomp\n|-activate|p2b: Garchomp|move: Protect\n|move|p1a: Charizard|Heat Wave|p2b: Garchomp|[spread] \n|-activate|p2a: Ninetales|move: Protect\n|-activate|p2b: Garchomp|move: Protect\n|\n|-weather|Snowscape|[upkeep]\n|upkeep\n|turn|6\n|\n|t:|1788268886\n|move|p2b: Garchomp|Protect||[still]\n|-fail|p2b: Garchomp\n|move|p1b: Whimsicott|Moonblast|p2b: Garchomp\n|-supereffective|p2b: Garchomp|1\n|-damage|p2b: Garchomp|0 fnt\n|faint|p2b: Garchomp\n|move|p1a: Charizard|Heat Wave|p2a: Ninetales\n|-supereffective|p2a: Ninetales|1\n|-damage|p2a: Ninetales|0 fnt\n|faint|p2a: Ninetales\n|\n|win|Thornlace48812\n|raw|Thornlace48812's rating: 1143 &rarr; <strong>1168</strong><br />(+25 for winning)\n|raw|PeteyGreg's rating: 1137 &rarr; <strong>1112</strong><br />(-25 for losing)\n","uploadtime":1788268886,"views":"0","formatid":"gen9championsvgc2026regmb","rating":1112,"private":0,"password":null}