{"id":"gen9championsvgc2026regmb-2673884675","format":"[Gen 9 Champions] VGC 2026 Reg M-B","players":["victorhm92","Nonsense User"],"log":"|j|☆victorhm92\n|j|☆Nonsense User\n|t:|1788272902\n|gametype|doubles\n|player|p1|victorhm92|169|1418\n|player|p2|Nonsense User|waiter|1490\n|gen|9\n|tier|[Gen 9 Champions] VGC 2026 Reg M-B\n|rated|\n|rule|Species Clause: Limit one of each Pokémon\n|rule|Item Clause: Limit 1 of each item\n|clearpoke\n|poke|p1|Garchomp, L50, F|\n|poke|p1|Scovillain, L50, M|\n|poke|p1|Annihilape, L50, M|\n|poke|p1|Grimmsnarl, L50, M|\n|poke|p1|Pelipper, L50, F|\n|poke|p1|Basculegion, L50, M|\n|poke|p2|Bellibolt, L50, M|\n|poke|p2|Chandelure, L50, F|\n|poke|p2|Mimikyu, L50, F|\n|poke|p2|Primarina, L50, M|\n|poke|p2|Scrafty, L50, M|\n|poke|p2|Sneasler, L50, M|\n|teampreview|4\n|inactive|Battle timer is ON: inactive players will automatically lose when time's up. (requested by victorhm92)\n|inactive|victorhm92 has 60 seconds left.\n|inactive|Nonsense User has 60 seconds left.\n|inactive|Nonsense User has 30 seconds left.\n|\n|t:|1788272964\n|teamsize|p1|4\n|teamsize|p2|4\n|start\n|switch|p1a: Scovillain|Scovillain, L50, M|100/100\n|switch|p1b: Annihilape|Annihilape, L50, M|100/100\n|switch|p2a: Mimikyu|Mimikyu, L50, F|100/100\n|switch|p2b: Bellibolt|Bellibolt, L50, M|100/100\n|turn|1\n|\n|t:|1788272987\n|detailschange|p1a: Scovillain|Scovillain-Mega, L50, M\n|-mega|p1a: Scovillain|Scovillain|Scovillainite\n|move|p1b: Annihilape|Poison Jab|p2a: Mimikyu\n|-activate|p2a: Mimikyu|ability: Disguise\n|-damage|p2a: Mimikyu|100/100\n|-status|p2a: Mimikyu|psn\n|detailschange|p2a: Mimikyu|Mimikyu-Busted, L50, F\n|-damage|p2a: Mimikyu|87/100 psn|[from] pokemon: Mimikyu-Busted\n|move|p1a: Scovillain|Leech Seed|p2b: Bellibolt|[miss]\n|-miss|p1a: Scovillain|p2b: Bellibolt\n|move|p2b: Bellibolt|Acid Spray|p1a: Scovillain\n|-supereffective|p1a: Scovillain|1\n|-damage|p1a: Scovillain|77/100\n|-unboost|p1a: Scovillain|spd|2\n|-status|p2b: Bellibolt|brn|[from] ability: Spicy Spray|[of] p1a: Scovillain\n|move|p2a: Mimikyu|Trick Room|p2a: Mimikyu\n|-fieldstart|move: Trick Room|[of] p2a: Mimikyu\n|\n|-damage|p2a: Mimikyu|75/100 psn|[from] psn\n|-damage|p2b: Bellibolt|93/100 brn|[from] brn\n|upkeep\n|turn|2\n|inactive|victorhm92 has 30 seconds left.\n|\n|t:|1788273015\n|switch|p1a: Garchomp|Garchomp, L50, F|100/100\n|move|p2b: Bellibolt|Acid Spray|p1a: Garchomp\n|-resisted|p1a: Garchomp|1\n|-damage|p1a: Garchomp|92/100\n|-unboost|p1a: Garchomp|spd|2\n|move|p1b: Annihilape|Rage Fist|p2a: Mimikyu\n|-supereffective|p2a: Mimikyu|1\n|-damage|p2a: Mimikyu|0 fnt\n|faint|p2a: Mimikyu\n|\n|-damage|p2b: Bellibolt|87/100 brn|[from] brn\n|upkeep\n|\n|t:|1788273035\n|switch|p2a: Scrafty|Scrafty, L50, M|100/100\n|-ability|p2a: Scrafty|Intimidate|boost\n|-unboost|p1a: Garchomp|atk|1\n|-unboost|p1b: Annihilape|atk|1\n|-ability|p1b: Annihilape|Defiant|boost\n|-boost|p1b: Annihilape|atk|2\n|turn|3\n|\n|t:|1788273059\n|switch|p2a: Sneasler|Sneasler, L50, M|100/100\n|switch|p1a: Scovillain|Scovillain-Mega, L50, M|77/100\n|move|p2b: Bellibolt|Parabolic Charge|p1a: Scovillain|[spread] p2a,p1a,p1b\n|-resisted|p1a: Scovillain|1\n|-damage|p2a: Sneasler|61/100\n|-heal|p2b: Bellibolt|100/100 brn|[from] drain|[of] p2a: Sneasler\n|-damage|p1a: Scovillain|67/100\n|-damage|p1b: Annihilape|76/100\n|move|p1b: Annihilape|Drain Punch|p2a: Sneasler\n|-resisted|p2a: Sneasler|1\n|-damage|p2a: Sneasler|19/100\n|-heal|p1b: Annihilape|93/100|[from] drain|[of] p2a: Sneasler\n|\n|-damage|p2b: Bellibolt|93/100 brn|[from] brn\n|upkeep\n|turn|4\n|inactive|victorhm92 has 30 seconds left.\n|inactive|Nonsense User has 30 seconds left.\n|inactive|victorhm92 has 20 seconds left.\n|\n|t:|1788273096\n|move|p2a: Sneasler|Fake Out|p1a: Scovillain\n|-damage|p1a: Scovillain|50/100g\n|-status|p2a: Sneasler|brn|[from] ability: Spicy Spray|[of] p1a: Scovillain\n|move|p2b: Bellibolt|Acid Spray|p1a: Scovillain\n|-supereffective|p1a: Scovillain|1\n|-damage|p1a: Scovillain|29/100\n|-unboost|p1a: Scovillain|spd|2\n|cant|p1a: Scovillain|flinch\n|move|p1b: Annihilape|Rage Fist|p2a: Sneasler\n|-damage|p2a: Sneasler|0 fnt\n|faint|p2a: Sneasler\n|\n|-damage|p2b: Bellibolt|87/100 brn|[from] brn\n|upkeep\n|\n|t:|1788273111\n|switch|p2a: Scrafty|Scrafty, L50, M|100/100\n|-ability|p2a: Scrafty|Intimidate|boost\n|-unboost|p1a: Scovillain|atk|1\n|-unboost|p1b: Annihilape|atk|1\n|-ability|p1b: Annihilape|Defiant|boost\n|-boost|p1b: Annihilape|atk|2\n|turn|5\n|\n|t:|1788273126\n|detailschange|p2a: Scrafty|Scrafty-Mega, L50, M\n|-mega|p2a: Scrafty|Scrafty|Scraftinite\n|-ability|p2a: Scrafty|Intimidate|boost\n|-unboost|p1a: Scovillain|atk|1\n|-unboost|p1b: Annihilape|atk|1\n|-ability|p1b: Annihilape|Defiant|boost\n|-boost|p1b: Annihilape|atk|2\n|move|p1a: Scovillain|Rage Powder|p1a: Scovillain\n|-singleturn|p1a: Scovillain|move: Rage Powder\n|move|p2b: Bellibolt|Volt Switch|p1a: Scovillain\n|-resisted|p1a: Scovillain|1\n|-damage|p1a: Scovillain|0 fnt\n|faint|p1a: Scovillain\n|move|p2a: Scrafty|Knock Off|p1b: Annihilape\n|-damage|p1b: Annihilape|41/100\n|-enditem|p1b: Annihilape|Expert Belt|[from] move: Knock Off|[of] p2a: Scrafty\n|move|p1b: Annihilape|Drain Punch|p2a: Scrafty\n|-supereffective|p2a: Scrafty|1\n|-damage|p2a: Scrafty|0 fnt\n|-heal|p1b: Annihilape|82/100|[from] drain|[of] p2a: Scrafty\n|faint|p2a: Scrafty\n|\n|-damage|p2b: Bellibolt|81/100 brn|[from] brn\n|-fieldend|move: Trick Room\n|upkeep\n|\n|t:|1788273149\n|switch|p1a: Garchomp|Garchomp, L50, F|92/100\n|turn|6\n|-message|Nonsense User forfeited.\n|\n|win|victorhm92\n|raw|victorhm92's rating: 1418 &rarr; <strong>1442</strong><br />(+24 for winning)\n|raw|Nonsense User's rating: 1490 &rarr; <strong>1466</strong><br />(-24 for losing)\n","uploadtime":1788273157,"views":"0","formatid":"gen9championsvgc2026regmb","rating":1442,"private":0,"password":null}