{"id":"gen9championsvgc2026regmb-2674829783","format":"[Gen 9 Champions] VGC 2026 Reg M-B","players":["TheManOfSausage","Neutralzr"],"log":"|j|☆TheManOfSausage\n|j|☆Neutralzr\n|t:|1788415909\n|gametype|doubles\n|player|p1|TheManOfSausage|miku-water|1728\n|player|p2|Neutralzr|lance|1624\n|gen|9\n|tier|[Gen 9 Champions] VGC 2026 Reg M-B\n|rated|\n|rule|Species Clause: Limit one of each Pokémon\n|rule|Item Clause: Limit 1 of each item\n|clearpoke\n|poke|p1|Froslass, L50, F|\n|poke|p1|Blaziken, L50, M|\n|poke|p1|Glimmora, L50, M|\n|poke|p1|Kingambit, L50, M|\n|poke|p1|Basculegion, L50, M|\n|poke|p1|Dragonite, L50, M, shiny|\n|poke|p2|Scrafty, L50, F|\n|poke|p2|Raichu, L50, F|\n|poke|p2|Farigiraf, L50, M|\n|poke|p2|Torkoal, L50, F|\n|poke|p2|Sylveon, L50, F|\n|poke|p2|Basculegion, L50, M|\n|teampreview|4\nTheManOfSausage has agreed to open team sheets.\n|inactive|Battle timer is ON: inactive players will automatically lose when time's up. (requested by Neutralzr)\n|j| Pro Thunder Skater\n|inactive|TheManOfSausage has 60 seconds left.\n|inactive|Neutralzr has 60 seconds left.\n|\n|t:|1788415969\n|teamsize|p1|4\n|teamsize|p2|4\n|start\n|switch|p1a: Froslass|Froslass, L50, F|100/100\n|switch|p1b: Glimmora|Glimmora, L50, M|100/100\n|switch|p2a: Scrafty|Scrafty, L50, F|100/100\n|switch|p2b: Farigiraf|Farigiraf, L50, M|100/100\n|-ability|p2a: Scrafty|Intimidate|boost\n|-unboost|p1a: Froslass|atk|1\n|-unboost|p1b: Glimmora|atk|1\n|turn|1\n|inactive|Neutralzr has 30 seconds left.\n|inactive|Neutralzr has 20 seconds left.\n|inactive|Neutralzr has 15 seconds left.\n|inactive|Neutralzr has 10 seconds left.\n|\n|t:|1788416016\n|detailschange|p1a: Froslass|Froslass-Mega, L50, F\n|-mega|p1a: Froslass|Froslass|Froslassite\n|-weather|Snowscape|[from] ability: Snow Warning|[of] p1a: Froslass\n|detailschange|p2a: Scrafty|Scrafty-Mega, L50, F\n|-mega|p2a: Scrafty|Scrafty|Scraftinite\n|-ability|p2a: Scrafty|Intimidate|boost\n|-unboost|p1a: Froslass|atk|1\n|-unboost|p1b: Glimmora|atk|1\n|move|p1a: Froslass|Aurora Veil|p1a: Froslass\n|-sidestart|p1: TheManOfSausage|move: Aurora Veil\n|move|p1b: Glimmora|Sludge Bomb|p2b: Farigiraf\n|-damage|p2b: Farigiraf|61/100\n|move|p2a: Scrafty|Knock Off|p1a: Froslass\n|-supereffective|p1a: Froslass|1\n|-damage|p1a: Froslass|48/100\n|move|p2b: Farigiraf|Psychic|p1b: Glimmora\n|-supereffective|p1b: Glimmora|1\n|-damage|p1b: Glimmora|44/100\n|\n|-weather|Snowscape|[upkeep]\n|upkeep\n|turn|2\n|\n|t:|1788416037\n|move|p1a: Froslass|Blizzard|p2a: Scrafty|[spread] p2a,p2b\n|-damage|p2a: Scrafty|63/100\n|-damage|p2b: Farigiraf|26/100\n|-status|p2a: Scrafty|frz\n|-enditem|p2b: Farigiraf|Sitrus Berry|[eat]\n|-heal|p2b: Farigiraf|51/100|[from] item: Sitrus Berry\n|move|p1b: Glimmora|Sludge Bomb|p2b: Farigiraf\n|-damage|p2b: Farigiraf|10/100\n|-curestatus|p2a: Scrafty|frz|[msg]\n|move|p2a: Scrafty|Knock Off|p1a: Froslass\n|-supereffective|p1a: Froslass|1\n|-damage|p1a: Froslass|0 fnt\n|faint|p1a: Froslass\n|move|p2b: Farigiraf|Trick Room|p2b: Farigiraf\n|-fieldstart|move: Trick Room|[of] p2b: Farigiraf\n|\n|-weather|Snowscape|[upkeep]\n|upkeep\n|\n|t:|1788416043\n|switch|p1a: Dragonite|Dragonite, L50, M, shiny|100/100\n|turn|3\n|inactive|Neutralzr has 30 seconds left.\n|inactive|Neutralzr has 20 seconds left.\n|inactive|Neutralzr has 15 seconds left.\n|\n|t:|1788416085\n|move|p1b: Glimmora|Spiky Shield|p1b: Glimmora\n|-singleturn|p1b: Glimmora|move: Protect\n|move|p2b: Farigiraf|Psychic|p1a: Dragonite\n|-damage|p1a: Dragonite|80/100\n|move|p2a: Scrafty|Rock Slide|p1b: Glimmora|[spread] p1a\n|-activate|p1b: Glimmora|move: Protect\n|-supereffective|p1a: Dragonite|1\n|-damage|p1a: Dragonite|53/100\n|move|p1a: Dragonite|Dragon Claw|p2b: Farigiraf\n|-damage|p2b: Farigiraf|0 fnt\n|faint|p2b: Farigiraf\n|-damage|p1a: Dragonite|44/100|[from] item: Life Orb\n|\n|-weather|Snowscape|[upkeep]\n|upkeep\n|\n|t:|1788416097\n|switch|p2b: Torkoal|Torkoal, L50, F|100/100\n|-weather|SunnyDay|[from] ability: Drought|[of] p2b: Torkoal\n|turn|4\n|\n|t:|1788416109\n|move|p2b: Torkoal|Eruption|p1a: Dragonite|[spread] p1a,p1b\n|-resisted|p1a: Dragonite|1\n|-resisted|p1b: Glimmora|1\n|-damage|p1a: Dragonite|13/100\n|-damage|p1b: Glimmora|1/100\n|-damage|p2b: Torkoal|90/100|[from] item: Life Orb\n|move|p2a: Scrafty|Rock Slide|p1a: Dragonite|[spread] p1a,p1b\n|-supereffective|p1a: Dragonite|1\n|-damage|p1a: Dragonite|0 fnt\n|-damage|p1b: Glimmora|0 fnt\n|-activate|p1b: Glimmora|ability: Toxic Debris\n|-sidestart|p2: Neutralzr|move: Toxic Spikes\n|faint|p1a: Dragonite\n|faint|p1b: Glimmora\n|\n|-weather|SunnyDay|[upkeep]\n|upkeep\n|\n|t:|1788416112\n|switch|p1a: Basculegion|Basculegion, L50, M|100/100\n|turn|5\n|l| Pro Thunder Skater\n|\n|t:|1788416134\n|move|p2b: Torkoal|Eruption|p1a: Basculegion\n|-resisted|p1a: Basculegion|1\n|-damage|p1a: Basculegion|59/100\n|-damage|p2b: Torkoal|80/100|[from] item: Life Orb\n|move|p2a: Scrafty|Knock Off|p1a: Basculegion\n|-supereffective|p1a: Basculegion|1\n|-damage|p1a: Basculegion|0 fnt\n|-enditem|p1a: Basculegion|Sitrus Berry|[from] move: Knock Off|[of] p2a: Scrafty\n|faint|p1a: Basculegion\n|\n|win|Neutralzr\n|raw|TheManOfSausage's rating: 1728 &rarr; <strong>1702</strong><br />(-26 for losing)\n|raw|Neutralzr's rating: 1624 &rarr; <strong>1650</strong><br />(+26 for winning)\n|c|☆TheManOfSausage|gg\n|l|☆TheManOfSausage\n|player|p1|\n","uploadtime":1788416161,"views":"3","formatid":"gen9championsvgc2026regmb","rating":1650,"private":0,"password":null}