{"id":"gen9championsvgc2026regmb-2675018966","format":"[Gen 9 Champions] VGC 2026 Reg M-B","players":["BoloinaBox","myshirtisdirty"],"log":"|j|☆BoloinaBox\n|j|☆myshirtisdirty\n|html|<table width=\"100%\"><tr><td align=\"left\">BoloinaBox</td><td align=\"right\">myshirtisdirty</tr><tr><td align=\"left\"><i class=\"fa fa-circle\"></i> <i class=\"fa fa-circle-o\"></i> </td><td align=\"right\"><i class=\"fa fa-circle-o\"></i> <i class=\"fa fa-circle\"></i> </tr></table>\n|uhtml|bestof|<h2><strong>Game 3</strong> of <a href=\"/game-bestof3-gen9championsvgc2026regmb-2675012285\">a best-of-3</a></h2>\n|t:|1788449357\n|gametype|doubles\n|player|p1|BoloinaBox|102|\n|player|p2|myshirtisdirty|266|\n|gen|9\n|tier|[Gen 9 Champions] VGC 2026 Reg M-B\n|rule|Species Clause: Limit one of each Pokémon\n|rule|Item Clause: Limit 1 of each item\n|raw|<div class=\"infobox\"><details class=\"readmore\" open><summary><strong>1 custom rule:</strong></summary> Best of = 3</details></div>\n|clearpoke\n|poke|p1|Glimmora, L50, M|\n|poke|p1|Ninetales-Alola, L50, M|\n|poke|p1|Mimikyu, L50, M|\n|poke|p1|Scovillain, L50, M|\n|poke|p1|Milotic, L50, M|\n|poke|p1|Liepard, L50, M|\n|poke|p2|Umbreon, L50, F|\n|poke|p2|Whimsicott, L50, F|\n|poke|p2|Gengar, L50, M|\n|poke|p2|Tauros-Paldea-Blaze, L50, M|\n|poke|p2|Primarina, L50, M|\n|poke|p2|Decidueye-Hisui, L50, M|\n|teampreview|4\nmyshirtisdirty rejected open team sheets.\n|j| Doughboy322\n|\n|t:|1788449436\n|teamsize|p1|4\n|teamsize|p2|4\n|start\n|switch|p1a: Ninetales|Ninetales-Alola, L50, M|100/100\n|switch|p1b: Milotic|Milotic, L50, M|100/100\n|switch|p2a: Umbreon|Umbreon, L50, F|100/100\n|switch|p2b: Decidueye|Decidueye-Hisui, L50, M|100/100\n|-weather|Snowscape|[from] ability: Snow Warning|[of] p1a: Ninetales\n|turn|1\n|\n|t:|1788449473\n|move|p1b: Milotic|Protect|p1b: Milotic\n|-singleturn|p1b: Milotic|Protect\n|move|p2b: Decidueye|Protect|p2b: Decidueye\n|-singleturn|p2b: Decidueye|Protect\n|move|p1a: Ninetales|Freeze-Dry|p2b: Decidueye\n|-activate|p2b: Decidueye|move: Protect\n|move|p2a: Umbreon|Yawn|p1a: Ninetales\n|-start|p1a: Ninetales|move: Yawn|[of] p2a: Umbreon\n|\n|-weather|Snowscape|[upkeep]\n|upkeep\n|turn|2\n|\n|t:|1788449501\n|switch|p2b: Gengar|Gengar, L50, M|100/100\n|move|p1a: Ninetales|Encore||[still]\n|-fail|p1a: Ninetales\n|move|p1b: Milotic|Muddy Water|p2a: Umbreon|[spread] p2a,p2b\n|-damage|p2a: Umbreon|83/100\n|-damage|p2b: Gengar|57/100\n|-start|p1b: Milotic|Disable|Muddy Water|[from] ability: Cursed Body|[of] p2b: Gengar\n|move|p2a: Umbreon|Yawn|p1b: Milotic\n|-start|p1b: Milotic|move: Yawn|[of] p2a: Umbreon\n|\n|-weather|Snowscape|[upkeep]\n|-end|p1a: Ninetales|move: Yawn|[silent]\n|-status|p1a: Ninetales|slp\n|upkeep\n|turn|3\n|\n|t:|1788449537\n|switch|p1a: Liepard|Liepard, L50, M|100/100\n|switch|p1b: Mimikyu|Mimikyu, L50, M|100/100\n|switch|p2a: Primarina|Primarina, L50, M|100/100\n|detailschange|p2b: Gengar|Gengar-Mega, L50, M\n|-mega|p2b: Gengar|Gengar|Gengarite\n|move|p2b: Gengar|Sludge Bomb|p1a: Liepard\n|-enditem|p1a: Liepard|Focus Sash\n|-damage|p1a: Liepard|1/100\n|\n|-weather|Snowscape|[upkeep]\n|upkeep\n|turn|4\n|\n|t:|1788449579\n|move|p2a: Primarina|Protect|p2a: Primarina\n|-singleturn|p2a: Primarina|Protect\n|move|p1a: Liepard|Taunt|p2a: Primarina\n|-activate|p2a: Primarina|move: Protect\n|move|p2b: Gengar|Sludge Bomb|p1b: Mimikyu\n|-activate|p1b: Mimikyu|ability: Disguise\n|-damage|p1b: Mimikyu|100/100\n|detailschange|p1b: Mimikyu|Mimikyu-Busted, L50, M\n|-damage|p1b: Mimikyu|87/100|[from] pokemon: Mimikyu-Busted\n|move|p1b: Mimikyu|Shadow Claw|p2b: Gengar\n|-supereffective|p2b: Gengar|1\n|-crit|p2b: Gengar\n|-damage|p2b: Gengar|0 fnt\n|faint|p2b: Gengar\n|\n|-weather|Snowscape|[upkeep]\n|upkeep\n|\n|t:|1788449595\n|switch|p2b: Umbreon|Umbreon, L50, F|83/100\n|turn|5\n|\n|t:|1788449612\n|switch|p1a: Ninetales|Ninetales-Alola, L50, M|100/100 slp\n|switch|p2a: Decidueye|Decidueye-Hisui, L50, M|100/100\n|move|p1b: Mimikyu|Play Rough|p2b: Umbreon\n|-supereffective|p2b: Umbreon|1\n|-damage|p2b: Umbreon|34/100\n|-enditem|p2b: Umbreon|Sitrus Berry|[eat]\n|-heal|p2b: Umbreon|59/100|[from] item: Sitrus Berry\n|move|p2b: Umbreon|Snarl|p1a: Ninetales|[spread] p1a,p1b\n|-resisted|p1a: Ninetales|1\n|-damage|p1a: Ninetales|95/100 slp\n|-damage|p1b: Mimikyu|75/100\n|-unboost|p1a: Ninetales|spa|1\n|-unboost|p1b: Mimikyu|spa|1\n|\n|-weather|none\n|upkeep\n|turn|6\n|\n|t:|1788449677\n|cant|p1a: Ninetales|slp\n|move|p1b: Mimikyu|Play Rough|p2b: Umbreon\n|-supereffective|p2b: Umbreon|1\n|-damage|p2b: Umbreon|10/100\n|move|p2a: Decidueye|Leaf Blade|p1a: Ninetales\n|-crit|p1a: Ninetales\n|-damage|p1a: Ninetales|6/100 slp\n|move|p2b: Umbreon|Reflect|p2b: Umbreon\n|-sidestart|p2: myshirtisdirty|Reflect\n|\n|upkeep\n|turn|7\n|\n|t:|1788449733\n|cant|p1a: Ninetales|slp\n|move|p1b: Mimikyu|Play Rough|p2a: Decidueye\n|-supereffective|p2a: Decidueye|1\n|-damage|p2a: Decidueye|42/100\n|move|p2a: Decidueye|Triple Arrows|p1b: Mimikyu\n|-resisted|p1b: Mimikyu|1\n|-crit|p1b: Mimikyu\n|-damage|p1b: Mimikyu|29/100\n|move|p2b: Umbreon|Foul Play|p1a: Ninetales\n|-resisted|p1a: Ninetales|1\n|-crit|p1a: Ninetales\n|-damage|p1a: Ninetales|0 fnt\n|faint|p1a: Ninetales\n|\n|upkeep\n|\n|t:|1788449753\n|switch|p1a: Milotic|Milotic, L50, M|100/100\n|turn|8\n|\n|t:|1788449781\n|move|p2a: Decidueye|Protect|p2a: Decidueye\n|-singleturn|p2a: Decidueye|Protect\n|move|p1b: Mimikyu|Play Rough|p2a: Decidueye\n|-activate|p2a: Decidueye|move: Protect\n|move|p1a: Milotic|Ice Beam|p2b: Umbreon\n|-damage|p2b: Umbreon|0 fnt\n|faint|p2b: Umbreon\n|\n|upkeep\n|\n|t:|1788449789\n|switch|p2b: Primarina|Primarina, L50, M|100/100\n|turn|9\n|l| Doughboy322\n|\n|t:|1788449835\n|move|p1b: Mimikyu|Play Rough|p2a: Decidueye\n|-supereffective|p2a: Decidueye|1\n|-damage|p2a: Decidueye|0 fnt\n|faint|p2a: Decidueye\n|move|p1a: Milotic|Muddy Water|p2b: Primarina\n|-resisted|p2b: Primarina|1\n|-damage|p2b: Primarina|83/100\n|-unboost|p2b: Primarina|accuracy|1\n|move|p2b: Primarina|Calm Mind|p2b: Primarina\n|-boost|p2b: Primarina|spa|1\n|-boost|p2b: Primarina|spd|1\n|\n|-heal|p2b: Primarina|89/100|[from] item: Leftovers\n|upkeep\n|turn|10\n|\n|t:|1788449849\n|move|p1b: Mimikyu|Shadow Claw|p2b: Primarina\n|-damage|p2b: Primarina|64/100\n|move|p1a: Milotic|Ice Beam|p2b: Primarina\n|-resisted|p2b: Primarina|1\n|-damage|p2b: Primarina|56/100\n|move|p2b: Primarina|Hyper Voice|p1a: Milotic|[spread] p1a,p1b\n|-resisted|p1a: Milotic|1\n|-damage|p1a: Milotic|79/100\n|-damage|p1b: Mimikyu|0 fnt\n|faint|p1b: Mimikyu\n|\n|-heal|p2b: Primarina|63/100|[from] item: Leftovers\n|-sideend|p2: myshirtisdirty|Reflect\n|upkeep\n|\n|t:|1788449856\n|switch|p1b: Liepard|Liepard, L50, M|1/100\n|turn|11\n|\n|t:|1788449864\n|move|p1b: Liepard|Fake Out|p2b: Primarina\n|-damage|p2b: Primarina|49/100\n|move|p1a: Milotic|Ice Beam|p2b: Primarina\n|-resisted|p2b: Primarina|1\n|-damage|p2b: Primarina|41/100\n|cant|p2b: Primarina|flinch\n|\n|-heal|p2b: Primarina|47/100|[from] item: Leftovers\n|upkeep\n|turn|12\n|j| Doughboy322\n|\n|t:|1788449899\n|move|p1b: Liepard|Taunt|p2b: Primarina\n|-start|p2b: Primarina|move: Taunt\n|move|p1a: Milotic|Muddy Water|p2b: Primarina\n|-resisted|p2b: Primarina|1\n|-damage|p2b: Primarina|35/100\n|-unboost|p2b: Primarina|accuracy|1\n|move|p2b: Primarina|Hyper Voice|p1a: Milotic|[spread] p1a,p1b\n|-resisted|p1a: Milotic|1\n|-damage|p1a: Milotic|58/100\n|-damage|p1b: Liepard|0 fnt\n|faint|p1b: Liepard\n|\n|-heal|p2b: Primarina|41/100|[from] item: Leftovers\n|upkeep\n|turn|13\n|\n|t:|1788449914\n|move|p1a: Milotic|Muddy Water|p2b: Primarina|[miss]\n|-miss|p1a: Milotic|p2b: Primarina\n|move|p2b: Primarina|Moonblast|p1a: Milotic\n|-damage|p1a: Milotic|0 fnt\n|faint|p1a: Milotic\n|\n|win|myshirtisdirty\n|c|☆myshirtisdirty|good fucking game man\n|c|☆BoloinaBox|gg\n|c|☆myshirtisdirty|lol that was fun\n|l| Doughboy322\n|c|☆BoloinaBox|i should have encored\n|c|☆myshirtisdirty|into what??\n|c|☆BoloinaBox|prim\n|c|☆BoloinaBox|instead of taunt\n","uploadtime":1788450018,"views":"4","formatid":"gen9championsvgc2026regmb","rating":null,"private":0,"password":null}