{"id":"gen9championsvgc2026regmb-2674261738","format":"[Gen 9 Champions] VGC 2026 Reg M-B","players":["lkljhkgjhfgx","Thornlace48812"],"log":"|j|‽lkljhkgjhfgx\n|j|☆Thornlace48812\n|t:|1788325939\n|gametype|doubles\n|player|p1|lkljhkgjhfgx|hooligans|1056\n|player|p2|Thornlace48812|1|1048\n|gen|9\n|tier|[Gen 9 Champions] VGC 2026 Reg M-B\n|rated|\n|rule|Species Clause: Limit one of each Pokémon\n|rule|Item Clause: Limit 1 of each item\n|clearpoke\n|poke|p1|Charizard, L50, F, shiny|\n|poke|p1|Whimsicott, L50, F, shiny|\n|poke|p1|Incineroar, L50, F|\n|poke|p1|Maushold, L50, shiny|\n|poke|p1|Kingambit, L50, F|\n|poke|p1|Primarina, L50, F, shiny|\n|poke|p2|Garchomp, L50, M|\n|poke|p2|Charizard, L50, F|\n|poke|p2|Whimsicott, L50, F|\n|poke|p2|Sylveon, L50, F|\n|poke|p2|Kingambit, L50, F|\n|poke|p2|Basculegion, L50, M|\n|teampreview|4\n|inactive|Battle timer is ON: inactive players will automatically lose when time's up. (requested by Thornlace48812)\nThornlace48812 rejected open team sheets.\n|\n|t:|1788325964\n|teamsize|p1|4\n|teamsize|p2|4\n|start\n|switch|p1a: Primarina|Primarina, L50, F, shiny|100/100\n|switch|p1b: Whimsicott|Whimsicott, L50, F, shiny|100/100\n|switch|p2a: Charizard|Charizard, L50, F|100/100\n|switch|p2b: Whimsicott|Whimsicott, L50, F|100/100\n|turn|1\n|inactive|lkljhkgjhfgx has 30 seconds left.\n|\n|t:|1788325992\n|detailschange|p2a: Charizard|Charizard-Mega-Y, L50, F\n|-mega|p2a: Charizard|Charizard|Charizardite Y\n|-weather|SunnyDay|[from] ability: Drought|[of] p2a: Charizard\n|move|p2b: Whimsicott|Moonblast|p1b: Whimsicott\n|-damage|p1b: Whimsicott|42/100\n|move|p2a: Charizard|Heat Wave|p1b: Whimsicott|[spread] p1a,p1b\n|-resisted|p1a: Primarina|1\n|-supereffective|p1b: Whimsicott|1\n|-damage|p1a: Primarina|73/100\n|-damage|p1b: Whimsicott|0 fnt\n|faint|p1b: Whimsicott\n|move|p1a: Primarina|Hyper Voice|p2b: Whimsicott|[spread] p2a,p2b\n|-supereffective|p2a: Charizard|1\n|-resisted|p2b: Whimsicott|1\n|-damage|p2a: Charizard|50/100g\n|-damage|p2b: Whimsicott|81/100\n|-damage|p1a: Primarina|63/100|[from] item: Life Orb\n|\n|-weather|SunnyDay|[upkeep]\n|upkeep\n|\n|t:|1788326007\n|switch|p1b: Incineroar|Incineroar, L50, F|100/100\n|-ability|p1b: Incineroar|Intimidate|boost\n|-unboost|p2a: Charizard|atk|1\n|-unboost|p2b: Whimsicott|atk|1\n|turn|2\n|\n|t:|1788326022\n|move|p2a: Charizard|Protect|p2a: Charizard\n|-singleturn|p2a: Charizard|Protect\n|move|p1b: Incineroar|Fake Out|p2a: Charizard\n|-activate|p2a: Charizard|move: Protect\n|move|p2b: Whimsicott|Tailwind|p2b: Whimsicott\n|-sidestart|p2: Thornlace48812|move: Tailwind\n|move|p1a: Primarina|Aqua Jet|p2a: Charizard\n|-activate|p2a: Charizard|move: Protect\n|\n|-weather|SunnyDay|[upkeep]\n|upkeep\n|turn|3\n|\n|t:|1788326042\n|move|p1a: Primarina|Aqua Jet|p2a: Charizard\n|-supereffective|p2a: Charizard|1\n|-damage|p2a: Charizard|33/100\n|-damage|p1a: Primarina|54/100|[from] item: Life Orb\n|move|p2b: Whimsicott|Moonblast|p1a: Primarina\n|-damage|p1a: Primarina|26/100\n|move|p2a: Charizard|Heat Wave|p1b: Incineroar|[spread] p1a,p1b\n|-resisted|p1a: Primarina|1\n|-resisted|p1b: Incineroar|1\n|-damage|p1a: Primarina|0 fnt\n|-damage|p1b: Incineroar|68/100\n|faint|p1a: Primarina\n|move|p1b: Incineroar|Flare Blitz|p2a: Charizard\n|-resisted|p2a: Charizard|1\n|-damage|p2a: Charizard|0 fnt\n|faint|p2a: Charizard\n|-damage|p1b: Incineroar|60/100|[from] Recoil\n|\n|-weather|SunnyDay|[upkeep]\n|upkeep\n|\n|t:|1788326058\n|switch|p2a: Sylveon|Sylveon, L50, F|100/100\n|switch|p1a: Charizard|Charizard, L50, F, shiny|100/100\n|turn|4\n|\n|t:|1788326082\n|detailschange|p1a: Charizard|Charizard-Mega-Y, L50, F, shiny\n|-mega|p1a: Charizard|Charizard|Charizardite Y\n|move|p2b: Whimsicott|Tailwind||[still]\n|-fail|p2b: Whimsicott\n|move|p2a: Sylveon|Hyper Voice|p1a: Charizard|[spread] p1a,p1b\n|-resisted|p1a: Charizard|1\n|-damage|p1a: Charizard|75/100\n|-damage|p1b: Incineroar|15/100\n|-enditem|p1b: Incineroar|Sitrus Berry|[eat]\n|-heal|p1b: Incineroar|40/100|[from] item: Sitrus Berry\n|move|p1a: Charizard|Heat Wave|p2b: Whimsicott|[spread] p2a,p2b\n|-supereffective|p2b: Whimsicott|1\n|-damage|p2a: Sylveon|47/100\n|-damage|p2b: Whimsicott|0 fnt\n|-status|p2a: Sylveon|brn\n|faint|p2b: Whimsicott\n|move|p1b: Incineroar|Flare Blitz|p2a: Sylveon\n|-damage|p2a: Sylveon|0 fnt\n|faint|p2a: Sylveon\n|-damage|p1b: Incineroar|26/100|[from] Recoil\n|\n|-weather|SunnyDay|[upkeep]\n|upkeep\n|\n|t:|1788326082\n|switch|p2a: Basculegion|Basculegion, L50, M|100/100\n|turn|5\n|inactive|lkljhkgjhfgx has 30 seconds left.\n|\n|t:|1788326113\n|move|p2a: Basculegion|Wave Crash|p1a: Charizard\n|-supereffective|p1a: Charizard|1\n|-damage|p1a: Charizard|0 fnt\n|faint|p1a: Charizard\n|-damage|p2a: Basculegion|81/100|[from] Recoil\n|move|p1b: Incineroar|Darkest Lariat|p2a: Basculegion\n|-supereffective|p2a: Basculegion|1\n|-damage|p2a: Basculegion|0 fnt\n|faint|p2a: Basculegion\n|\n|win|lkljhkgjhfgx\n|raw|lkljhkgjhfgx's rating: 1056 &rarr; <strong>1090</strong><br />(+34 for winning)\n|raw|Thornlace48812's rating: 1081 &rarr; <strong>1057</strong><br />(-24 for losing)\n","uploadtime":1788326113,"views":"0","formatid":"gen9championsvgc2026regmb","rating":1057,"private":0,"password":null}