{"id":"gen9championsvgc2026regmb-2674292568","format":"[Gen 9 Champions] VGC 2026 Reg M-B","players":["Dark Blades Gambit","Kwiper"],"log":"|j|☆Dark Blades Gambit\n|j|☆Kwiper\n|t:|1788333531\n|gametype|doubles\n|player|p1|Dark Blades Gambit|lucas|1506\n|player|p2|Kwiper|sycamore|1581\n|gen|9\n|tier|[Gen 9 Champions] VGC 2026 Reg M-B\n|rated|\n|rule|Species Clause: Limit one of each Pokémon\n|rule|Item Clause: Limit 1 of each item\n|clearpoke\n|poke|p1|Golurk, L50|\n|poke|p1|Medicham, L50, M|\n|poke|p1|Basculegion, L50, M|\n|poke|p1|Floette-Eternal, L50, F|\n|poke|p1|Staraptor, L50, F|\n|poke|p1|Sinistcha, L50|\n|poke|p2|Tyranitar, L50, M|\n|poke|p2|Excadrill, L50, M|\n|poke|p2|Milotic, L50, F|\n|poke|p2|Gholdengo, L50|\n|poke|p2|Sinistcha, L50|\n|poke|p2|Staraptor, L50, M|\n|teampreview|4\n|inactive|Battle timer is ON: inactive players will automatically lose when time's up. (requested by Kwiper)\n|inactive|Dark Blades Gambit also wants the timer to be on.\n|inactive|Dark Blades Gambit has 60 seconds left.\n|\n|t:|1788333583\n|teamsize|p1|4\n|teamsize|p2|4\n|start\n|switch|p1a: Floette|Floette-Eternal, L50, F|100/100\n|switch|p1b: Medicham|Medicham, L50, M|100/100\n|switch|p2a: Tyranitar|Tyranitar, L50, M|100/100\n|switch|p2b: Milotic|Milotic, L50, F|100/100\n|-weather|Sandstorm|[from] ability: Sand Stream|[of] p2a: Tyranitar\n|turn|1\n|\n|t:|1788333600\n|switch|p2a: Gholdengo|Gholdengo, L50|100/100\n|detailschange|p1a: Floette|Floette-Mega, L50, F\n|-mega|p1a: Floette|Floette|Floettite\n|-ability|p1a: Floette|Fairy Aura\n|move|p1a: Floette|Light of Ruin|p2b: Milotic\n|-damage|p2b: Milotic|31/100\n|-enditem|p2b: Milotic|Sitrus Berry|[eat]\n|-heal|p2b: Milotic|56/100|[from] item: Sitrus Berry\n|-damage|p1a: Floette|54/100|[from] Recoil\n|move|p2b: Milotic|Scald|p1b: Medicham\n|-crit|p1b: Medicham\n|-damage|p1b: Medicham|43/100\n|move|p1b: Medicham|Close Combat|p2a: Gholdengo\n|-immune|p2a: Gholdengo\n|\n|-weather|Sandstorm|[upkeep]\n|-damage|p1a: Floette|48/100|[from] Sandstorm\n|-damage|p2b: Milotic|50/100g|[from] Sandstorm\n|-damage|p1b: Medicham|37/100|[from] Sandstorm\n|upkeep\n|turn|2\n|\n|t:|1788333615\n|switch|p2a: Sinistcha|Sinistcha, L50|100/100\n|-heal|p2b: Milotic|75/100|[from] ability: Hospitality|[of] p2a: Sinistcha\n|move|p1a: Floette|Moonblast|p2b: Milotic\n|-damage|p2b: Milotic|29/100\n|move|p2b: Milotic|Scald|p1b: Medicham\n|-damage|p1b: Medicham|0 fnt\n|faint|p1b: Medicham\n|\n|-weather|Sandstorm|[upkeep]\n|-damage|p1a: Floette|42/100|[from] Sandstorm\n|-damage|p2b: Milotic|23/100|[from] Sandstorm\n|-damage|p2a: Sinistcha|94/100|[from] Sandstorm\n|upkeep\n|\n|t:|1788333624\n|switch|p1b: Sinistcha|Sinistcha, L50|100/100\n|-heal|p1a: Floette|66/100|[from] ability: Hospitality|[of] p1b: Sinistcha\n|turn|3\n|\n|t:|1788333630\n|switch|p2b: Gholdengo|Gholdengo, L50|100/100\n|move|p1a: Floette|Light of Ruin|p2a: Sinistcha\n|-damage|p2a: Sinistcha|0 fnt\n|faint|p2a: Sinistcha\n|-damage|p1a: Floette|11/100|[from] Recoil\n|move|p1b: Sinistcha|Trick Room|p1b: Sinistcha\n|-fieldstart|move: Trick Room|[of] p1b: Sinistcha\n|\n|-weather|Sandstorm|[upkeep]\n|-damage|p1b: Sinistcha|93/100|[from] Sandstorm\n|-damage|p1a: Floette|5/100|[from] Sandstorm\n|upkeep\n|\n|t:|1788333637\n|switch|p2a: Tyranitar|Tyranitar, L50, M|100/100\n|turn|4\n|\n|t:|1788333647\n|move|p1b: Sinistcha|Matcha Gotcha|p2a: Tyranitar|[spread] p2a,p2b\n|-supereffective|p2a: Tyranitar|1\n|-resisted|p2b: Gholdengo|1\n|-damage|p2a: Tyranitar|67/100\n|-heal|p1b: Sinistcha|100/100|[from] drain|[of] p2a: Tyranitar\n|-damage|p2b: Gholdengo|89/100\n|move|p2b: Gholdengo|Shadow Ball|p1b: Sinistcha\n|-supereffective|p1b: Sinistcha|1\n|-damage|p1b: Sinistcha|6/100\n|-damage|p2b: Gholdengo|79/100|[from] item: Life Orb\n|move|p2a: Tyranitar|Knock Off|p1b: Sinistcha\n|-supereffective|p1b: Sinistcha|1\n|-enditem|p1b: Sinistcha|Colbur Berry|[eat]\n|-enditem|p1b: Sinistcha|Colbur Berry|[weaken]\n|-damage|p1b: Sinistcha|0 fnt\n|faint|p1b: Sinistcha\n|move|p1a: Floette|Dazzling Gleam|p2b: Gholdengo|[spread] p2a,p2b\n|-supereffective|p2a: Tyranitar|1\n|-resisted|p2b: Gholdengo|1\n|-damage|p2a: Tyranitar|10/100\n|-damage|p2b: Gholdengo|59/100\n|\n|-weather|Sandstorm|[upkeep]\n|-damage|p1a: Floette|0 fnt|[from] Sandstorm\n|faint|p1a: Floette\n|upkeep\n|\n|t:|1788333658\n|switch|p1a: Golurk|Golurk, L50|100/100\n|turn|5\n|\n|t:|1788333662\n|switch|p2b: Milotic|Milotic, L50, F|23/100\n|detailschange|p2a: Tyranitar|Tyranitar-Mega, L50, M\n|-mega|p2a: Tyranitar|Tyranitar|Tyranitarite\n|move|p1a: Golurk|Earthquake|p2a: Tyranitar|[spread] p2a,p2b\n|-supereffective|p2a: Tyranitar|1\n|-damage|p2a: Tyranitar|0 fnt\n|-damage|p2b: Milotic|0 fnt\n|faint|p2a: Tyranitar\n|faint|p2b: Milotic\n|\n|-weather|none\n|upkeep\n|\n|t:|1788333664\n|switch|p2b: Gholdengo|Gholdengo, L50|59/100\n|turn|6\n|\n|t:|1788333673\n|move|p2b: Gholdengo|Protect|p2b: Gholdengo\n|-singleturn|p2b: Gholdengo|Protect\n|move|p1a: Golurk|Poltergeist|p2b: Gholdengo\n|-activate|p2b: Gholdengo|move: Protect\n|\n|upkeep\n|turn|7\n|\n|t:|1788333677\n|move|p2b: Gholdengo|Protect||[still]\n|-fail|p2b: Gholdengo\n|move|p1a: Golurk|Headlong Rush|p2b: Gholdengo\n|-supereffective|p2b: Gholdengo|1\n|-damage|p2b: Gholdengo|0 fnt\n|-unboost|p1a: Golurk|def|1\n|-unboost|p1a: Golurk|spd|1\n|faint|p2b: Gholdengo\n|\n|win|Dark Blades Gambit\n|raw|Dark Blades Gambit's rating: 1506 &rarr; <strong>1530</strong><br />(+24 for winning)\n|raw|Kwiper's rating: 1581 &rarr; <strong>1557</strong><br />(-24 for losing)\n","uploadtime":1788333677,"views":"0","formatid":"gen9championsvgc2026regmb","rating":1530,"private":0,"password":null}