{"id":"gen9championsvgc2026regmbbo3-2674727860","format":"[Gen 9 Champions] VGC 2026 Reg M-B (Bo3)","players":["Yoghurt25","babel hal"],"log":"|j|☆Yoghurt25\n|j|☆babel hal\n|html|<table width=\"100%\"><tr><td align=\"left\">Yoghurt25</td><td align=\"right\">babel hal</tr><tr><td align=\"left\"><i class=\"fa fa-circle-o\"></i> <i class=\"fa fa-circle-o\"></i> </td><td align=\"right\"><i class=\"fa fa-circle-o\"></i> <i class=\"fa fa-circle-o\"></i> </tr></table>\n|uhtml|bestof|<h2><strong>Game 1</strong> of <a href=\"/game-bestof3-gen9championsvgc2026regmbbo3-2674727859\">a best-of-3</a></h2>\n|t:|1788396850\n|gametype|doubles\n|player|p1|Yoghurt25|101|1101\n|player|p2|babel hal|101|1161\n|gen|9\n|tier|[Gen 9 Champions] VGC 2026 Reg M-B (Bo3)\n|rated|\n|rule|Species Clause: Limit one of each Pokémon\n|rule|Item Clause: Limit 1 of each item\n|clearpoke\n|poke|p1|Sinistcha, L50|\n|poke|p1|Incineroar, L50, M|\n|poke|p1|Blaziken, L50, M|\n|poke|p1|Ninetales-Alola, L50, F|\n|poke|p1|Mawile, L50, F|\n|poke|p1|Basculegion, L50, M|\n|poke|p2|Clefable, L50, M|\n|poke|p2|Empoleon, L50, F|\n|poke|p2|Sinistcha, L50|\n|poke|p2|Farigiraf, L50, F|\n|poke|p2|Blaziken, L50, F|\n|poke|p2|Sneasler, L50, M|\n|teampreview|4\n|showteam|p1|Sinistcha||KasibBerry|Hospitality|MatchaGotcha,RagePowder,TrickRoom,Protect|Relaxed|||||50|]Incineroar||SitrusBerry|Intimidate|FlareBlitz,FakeOut,PartingShot,HelpingHand|Careful||M|||50|]Blaziken||Blazikenite|SpeedBoost|CloseCombat,FlareBlitz,RockSlide,Detect|Adamant||M|||50|]Ninetales-Alola||NeverMeltIce|SnowWarning|Blizzard,FreezeDry,Encore,Protect|Timid||F|||50|]Mawile||Mawilite|HyperCutter|PlayRough,IronHead,SuckerPunch,Protect|Adamant||F|||50|]Basculegion||LifeOrb|Adaptability|WaveCrash,LastRespects,AquaJet,Protect|Adamant||M|||50|\n|showteam|p2|Clefable||Clefablite|CuteCharm|FollowMe,LifeDew,IcyWind,DrainingKiss|Modest||M|||50|]Empoleon||SitrusBerry|Competitive|GrassKnot,HydroPump,VacuumWave,SteelBeam|Quiet||F|||50|]Sinistcha||ZoomLens|Hospitality|MatchaGotcha,StrengthSap,TrickRoom,RagePowder|Relaxed|||||50|]Farigiraf||Leftovers|ArmorTail|StoredPower,Agility,CalmMind,HyperVoice|Modest||F|||50|]Blaziken||Blazikenite|SpeedBoost|Protect,RockSlide,CloseCombat,FlareBlitz|Adamant||F|||50|]Sneasler||FocusSash|Unburden|Coaching,CloseCombat,FakeOut,DireClaw|Adamant||M|||50|\n|c|☆babel hal|gl hf\n|\n|t:|1788396892\n|teamsize|p1|4\n|teamsize|p2|4\n|start\n|switch|p1a: Basculegion|Basculegion, L50, M|100/100\n|switch|p1b: Blaziken|Blaziken, L50, M|100/100\n|switch|p2a: Empoleon|Empoleon, L50, F|100/100\n|switch|p2b: Blaziken|Blaziken, L50, F|100/100\n|turn|1\n|\n|t:|1788396911\n|detailschange|p1b: Blaziken|Blaziken-Mega, L50, M\n|-mega|p1b: Blaziken|Blaziken|Blazikenite\n|move|p2b: Blaziken|Protect|p2b: Blaziken\n|-singleturn|p2b: Blaziken|Protect\n|move|p1a: Basculegion|Aqua Jet|p2b: Blaziken\n|-activate|p2b: Blaziken|move: Protect\n|move|p1b: Blaziken|Close Combat|p2a: Empoleon\n|-supereffective|p2a: Empoleon|1\n|-damage|p2a: Empoleon|0 fnt\n|-unboost|p1b: Blaziken|def|1\n|-unboost|p1b: Blaziken|spd|1\n|faint|p2a: Empoleon\n|\n|-ability|p1b: Blaziken|Speed Boost|boost\n|-boost|p1b: Blaziken|spe|1\n|-ability|p2b: Blaziken|Speed Boost|boost\n|-boost|p2b: Blaziken|spe|1\n|upkeep\n|\n|t:|1788396921\n|switch|p2a: Sneasler|Sneasler, L50, M|100/100\n|turn|2\n|\n|t:|1788396945\n|detailschange|p2b: Blaziken|Blaziken-Mega, L50, F\n|-mega|p2b: Blaziken|Blaziken|Blazikenite\n|move|p1b: Blaziken|Detect|p1b: Blaziken\n|-singleturn|p1b: Blaziken|Protect\n|move|p1a: Basculegion|Aqua Jet|p2b: Blaziken\n|-supereffective|p2b: Blaziken|1\n|-damage|p2b: Blaziken|1/100\n|-damage|p1a: Basculegion|90/100|[from] item: Life Orb\n|move|p2b: Blaziken|Rock Slide|p1b: Blaziken|[spread] p1a\n|-activate|p1b: Blaziken|move: Protect\n|-damage|p1a: Basculegion|63/100\n|move|p2a: Sneasler|Coaching|p2b: Blaziken\n|-boost|p2b: Blaziken|atk|1\n|-boost|p2b: Blaziken|def|1\n|\n|-ability|p2b: Blaziken|Speed Boost|boost\n|-boost|p2b: Blaziken|spe|1\n|-ability|p1b: Blaziken|Speed Boost|boost\n|-boost|p1b: Blaziken|spe|1\n|upkeep\n|turn|3\n|\n|t:|1788396968\n|move|p2b: Blaziken|Protect|p2b: Blaziken\n|-singleturn|p2b: Blaziken|Protect\n|move|p1a: Basculegion|Aqua Jet|p2b: Blaziken\n|-activate|p2b: Blaziken|move: Protect\n|move|p1b: Blaziken|Rock Slide|p2b: Blaziken|[spread] p2a\n|-activate|p2b: Blaziken|move: Protect\n|-resisted|p2a: Sneasler|1\n|-damage|p2a: Sneasler|78/100\n|cant|p2a: Sneasler|flinch\n|\n|-ability|p2b: Blaziken|Speed Boost|boost\n|-boost|p2b: Blaziken|spe|1\n|-ability|p1b: Blaziken|Speed Boost|boost\n|-boost|p1b: Blaziken|spe|1\n|upkeep\n|turn|4\n|\n|t:|1788396992\n|move|p2b: Blaziken|Protect||[still]\n|-fail|p2b: Blaziken\n|move|p1a: Basculegion|Aqua Jet|p2b: Blaziken\n|-supereffective|p2b: Blaziken|1\n|-damage|p2b: Blaziken|0 fnt\n|faint|p2b: Blaziken\n|-damage|p1a: Basculegion|54/100|[from] item: Life Orb\n|move|p1b: Blaziken|Flare Blitz|p2a: Sneasler\n|-damage|p2a: Sneasler|0 fnt\n|faint|p2a: Sneasler\n|-damage|p1b: Blaziken|75/100|[from] Recoil\n|\n|-ability|p1b: Blaziken|Speed Boost|boost\n|-boost|p1b: Blaziken|spe|1\n|upkeep\n|\n|t:|1788396997\n|switch|p2b: Farigiraf|Farigiraf, L50, F|100/100\n|turn|5\n|\n|t:|1788397009\n|move|p1b: Blaziken|Flare Blitz|p2b: Farigiraf\n|-damage|p2b: Farigiraf|20/100r\n|-damage|p1b: Blaziken|44/100|[from] Recoil\n|move|p1a: Basculegion|Wave Crash|p2b: Farigiraf\n|-damage|p2b: Farigiraf|0 fnt\n|faint|p2b: Farigiraf\n|-damage|p1a: Basculegion|47/100|[from] Recoil\n|-damage|p1a: Basculegion|38/100|[from] item: Life Orb\n|\n|win|Yoghurt25\n||babel hal is ready for game 2.\n","uploadtime":1788397019,"views":"0","formatid":"gen9championsvgc2026regmbbo3","rating":null,"private":0,"password":null}