{"id":"gen9championsvgc2026regmb-2674495483","format":"[Gen 9 Champions] VGC 2026 Reg M-B","players":["prkhu","bruhdnigerian"],"log":"|j|☆prkhu\n|j|☆bruhdnigerian\n|t:|1788366560\n|gametype|doubles\n|player|p1|prkhu|102|1162\n|player|p2|bruhdnigerian|lance|1253\n|gen|9\n|tier|[Gen 9 Champions] VGC 2026 Reg M-B\n|rated|\n|rule|Species Clause: Limit one of each Pokémon\n|rule|Item Clause: Limit 1 of each item\n|clearpoke\n|poke|p1|Staraptor, L50, M|\n|poke|p1|Excadrill, L50, F|\n|poke|p1|Farigiraf, L50, F, shiny|\n|poke|p1|Gholdengo, L50|\n|poke|p1|Tyranitar, L50, M, shiny|\n|poke|p1|Whimsicott, L50, F, shiny|\n|poke|p2|Pangoro, L50, F|\n|poke|p2|Chandelure, L50, M|\n|poke|p2|Spiritomb, L50, F|\n|poke|p2|Bastiodon, L50, F|\n|poke|p2|Sneasler, L50, F|\n|poke|p2|Espeon, L50, F|\n|teampreview|4\n|inactive|Battle timer is ON: inactive players will automatically lose when time's up. (requested by bruhdnigerian)\nbruhdnigerian rejected open team sheets.\n|inactive|bruhdnigerian has 60 seconds left.\n|\n|t:|1788366593\n|teamsize|p1|4\n|teamsize|p2|4\n|start\n|switch|p1a: Whimsicott|Whimsicott, L50, F, shiny|100/100\n|switch|p1b: Staraptor|Staraptor, L50, M|100/100\n|switch|p2a: Sneasler|Sneasler, L50, F|100/100\n|switch|p2b: Bastiodon|Bastiodon, L50, F|100/100\n|-ability|p2a: Sneasler|Pressure\n|-ability|p1b: Staraptor|Intimidate|boost\n|-unboost|p2a: Sneasler|atk|1\n|-unboost|p2b: Bastiodon|atk|1\n|-enditem|p2a: Sneasler|White Herb\n|-clearnegativeboost|p2a: Sneasler|[silent]\n|turn|1\n|inactive|bruhdnigerian has 30 seconds left.\n|\n|t:|1788366623\n|move|p1b: Staraptor|Protect|p1b: Staraptor\n|-singleturn|p1b: Staraptor|Protect\n|move|p2a: Sneasler|Fake Out|p1b: Staraptor\n|-activate|p1b: Staraptor|move: Protect\n|move|p1a: Whimsicott|Tailwind|p1a: Whimsicott\n|-sidestart|p1: prkhu|move: Tailwind\n|move|p2b: Bastiodon|Stealth Rock|p1a: Whimsicott\n|-sidestart|p1: prkhu|move: Stealth Rock\n|\n|upkeep\n|turn|2\n|\n|t:|1788366647\n|detailschange|p1b: Staraptor|Staraptor-Mega, L50, M\n|-mega|p1b: Staraptor|Staraptor|Staraptite\n|move|p1a: Whimsicott|Encore|p2a: Sneasler\n|-start|p2a: Sneasler|Encore\n|move|p2a: Sneasler|Fake Out||[still]\n|-hint|Fake Out only works on your first turn out.\n|-fail|p2a: Sneasler\n|move|p1b: Staraptor|Close Combat|p2b: Bastiodon\n|-supereffective|p2b: Bastiodon|2\n|-enditem|p2b: Bastiodon|Chople Berry|[eat]\n|-enditem|p2b: Bastiodon|Chople Berry|[weaken]\n|-damage|p2b: Bastiodon|31/100\n|-boost|p1b: Staraptor|def|1\n|-boost|p1b: Staraptor|spd|1\n|move|p2b: Bastiodon|Metal Burst|p1b: Staraptor\n|-damage|p1b: Staraptor|0 fnt\n|faint|p1b: Staraptor\n|\n|upkeep\n|\n|t:|1788366666\n|switch|p1b: Gholdengo|Gholdengo, L50|100/100\n|-damage|p1b: Gholdengo|93/100|[from] Stealth Rock\n|turn|3\n|\n|t:|1788366685\n|switch|p2a: Spiritomb|Spiritomb, L50, F|100/100\n|move|p2b: Bastiodon|Wide Guard|p2b: Bastiodon\n|-singleturn|p2b: Bastiodon|Wide Guard\n|move|p1a: Whimsicott|Charm|p2b: Bastiodon\n|-unboost|p2b: Bastiodon|atk|2\n|move|p1b: Gholdengo|Make It Rain|p2a: Spiritomb|[spread] \n|-activate|p2a: Spiritomb|move: Wide Guard\n|-activate|p2b: Bastiodon|move: Wide Guard\n|\n|upkeep\n|turn|4\n|\n|t:|1788366700\n|move|p1b: Gholdengo|Protect|p1b: Gholdengo\n|-singleturn|p1b: Gholdengo|Protect\n|move|p1a: Whimsicott|Charm|p2b: Bastiodon\n|-unboost|p2b: Bastiodon|atk|2\n|move|p2b: Bastiodon|Roar|p1a: Whimsicott\n|drag|p1a: Farigiraf|Farigiraf, L50, F, shiny|100/100\n|-damage|p1a: Farigiraf|87/100|[from] Stealth Rock\n|move|p2a: Spiritomb|Trick Room|p2a: Spiritomb\n|-fieldstart|move: Trick Room|[of] p2a: Spiritomb\n|\n|-sideend|p1: prkhu|move: Tailwind\n|upkeep\n|turn|5\n|inactive|prkhu has 30 seconds left.\n|\n|t:|1788366730\n|switch|p2b: Pangoro|Pangoro, L50, F|100/100\n|move|p2a: Spiritomb|Hex|p1b: Gholdengo\n|-supereffective|p1b: Gholdengo|1\n|-damage|p1b: Gholdengo|46/100\n|move|p1b: Gholdengo|Shadow Ball|p2a: Spiritomb\n|-damage|p2a: Spiritomb|56/100\n|-unboost|p2a: Spiritomb|spd|1\n|-damage|p1b: Gholdengo|36/100|[from] item: Life Orb\n|move|p1a: Farigiraf|Trick Room|p1a: Farigiraf\n|-fieldend|move: Trick Room\n|\n|upkeep\n|turn|6\n|\n|t:|1788366749\n|switch|p2a: Bastiodon|Bastiodon, L50, F|31/100\n|move|p1b: Gholdengo|Make It Rain|p2a: Bastiodon|[spread] p2a,p2b\n|-damage|p2a: Bastiodon|0 fnt\n|-damage|p2b: Pangoro|30/100\n|-unboost|p1b: Gholdengo|spa|2\n|faint|p2a: Bastiodon\n|-damage|p1b: Gholdengo|26/100|[from] item: Life Orb\n|move|p1a: Farigiraf|Thunderbolt|p2b: Pangoro\n|-damage|p2b: Pangoro|4/100\n|move|p2b: Pangoro|Knock Off|p1a: Farigiraf\n|-supereffective|p1a: Farigiraf|1\n|-damage|p1a: Farigiraf|7/100\n|-enditem|p1a: Farigiraf|Sitrus Berry|[from] move: Knock Off|[of] p2b: Pangoro\n|\n|upkeep\n|\n|t:|1788366765\n|switch|p2a: Sneasler|Sneasler, L50, F|100/100\n|-ability|p2a: Sneasler|Pressure\n|turn|7\n|\n|t:|1788366782\n|move|p2a: Sneasler|Protect|p2a: Sneasler\n|-singleturn|p2a: Sneasler|Protect\n|move|p1b: Gholdengo|Protect|p1b: Gholdengo\n|-singleturn|p1b: Gholdengo|Protect\n|move|p2b: Pangoro|Protect|p2b: Pangoro\n|-singleturn|p2b: Pangoro|Protect\n|move|p1a: Farigiraf|Psychic|p2a: Sneasler\n|-activate|p2a: Sneasler|move: Protect\n|\n|upkeep\n|turn|8\n|inactive|bruhdnigerian has 30 seconds left.\n|\n|t:|1788366810\n|move|p2a: Sneasler|Dire Claw|p1a: Farigiraf\n|-damage|p1a: Farigiraf|0 fnt\n|faint|p1a: Farigiraf\n|move|p1b: Gholdengo|Shadow Ball|p2b: Pangoro\n|-resisted|p2b: Pangoro|1\n|-damage|p2b: Pangoro|0 fnt\n|faint|p2b: Pangoro\n|-damage|p1b: Gholdengo|17/100|[from] item: Life Orb\n|\n|upkeep\n|\n|t:|1788366816\n|switch|p1a: Whimsicott|Whimsicott, L50, F, shiny|100/100\n|switch|p2b: Spiritomb|Spiritomb, L50, F|56/100\n|-damage|p1a: Whimsicott|87/100|[from] Stealth Rock\n|turn|9\n|\n|t:|1788366831\n|move|p1b: Gholdengo|Protect|p1b: Gholdengo\n|-singleturn|p1b: Gholdengo|Protect\n|move|p2a: Sneasler|Dire Claw|p1a: Whimsicott\n|-supereffective|p1a: Whimsicott|2\n|-damage|p1a: Whimsicott|0 fnt\n|faint|p1a: Whimsicott\n|move|p2b: Spiritomb|Trick Room|p2b: Spiritomb\n|-fieldstart|move: Trick Room|[of] p2b: Spiritomb\n|\n|upkeep\n|turn|10\n|\n|t:|1788366843\n|move|p2b: Spiritomb|Hex|p1b: Gholdengo\n|-supereffective|p1b: Gholdengo|1\n|-damage|p1b: Gholdengo|0 fnt\n|faint|p1b: Gholdengo\n|\n|win|bruhdnigerian\n|raw|prkhu's rating: 1162 &rarr; <strong>1143</strong><br />(-19 for losing)\n|raw|bruhdnigerian's rating: 1253 &rarr; <strong>1272</strong><br />(+19 for winning)\n|l|☆prkhu\n|player|p1|\n","uploadtime":1788366847,"views":"10","formatid":"gen9championsvgc2026regmb","rating":1143,"private":0,"password":null}