{"id":"gen9championsvgc2026regmbbo3-2674370670","format":"[Gen 9 Champions] VGC 2026 Reg M-B (Bo3)","players":["policho98","CaratroncoSun"],"log":"|j|☆policho98\n|j|‽CaratroncoSun\n|html|<table width=\"100%\"><tr><td align=\"left\">policho98</td><td align=\"right\">CaratroncoSun</tr><tr><td align=\"left\"><i class=\"fa fa-circle-o\"></i> <i class=\"fa fa-circle-o\"></i> </td><td align=\"right\"><i class=\"fa fa-circle-o\"></i> <i class=\"fa fa-circle-o\"></i> </tr></table>\n|uhtml|bestof|<h2><strong>Game 1</strong> of <a href=\"/game-bestof3-gen9championsvgc2026regmbbo3-2674370669\">a best-of-3</a></h2>\n|t:|1788350500\n|gametype|doubles\n|player|p1|policho98|169|1379\n|player|p2|CaratroncoSun|266|1398\n|gen|9\n|tier|[Gen 9 Champions] VGC 2026 Reg M-B (Bo3)\n|rated|\n|rule|Species Clause: Limit one of each Pokémon\n|rule|Item Clause: Limit 1 of each item\n|clearpoke\n|poke|p1|Charizard, L50, M|\n|poke|p1|Glimmora, L50, F|\n|poke|p1|Whimsicott, L50, M|\n|poke|p1|Dragonite, L50, M|\n|poke|p1|Mamoswine, L50, F|\n|poke|p1|Annihilape, L50, M|\n|poke|p2|Charizard, L50, M, shiny|\n|poke|p2|Venusaur, L50, M, shiny|\n|poke|p2|Whimsicott, L50, M, shiny|\n|poke|p2|Basculegion, L50, M|\n|poke|p2|Tyranitar, L50, F|\n|poke|p2|Mamoswine, L50, M|\n|teampreview|4\n|showteam|p1|Charizard||CharizarditeY|Blaze|WeatherBall,HeatWave,SolarBeam,Protect|Modest||M|||50|]Glimmora||Glimmoranite|ToxicDebris|SludgeBomb,PowerGem,EarthPower,SpikyShield|Modest||F|||50|]Whimsicott||FocusSash|Prankster|Moonblast,Tailwind,Encore,LightScreen|Timid||M|||50|]Dragonite||DragonFang|InnerFocus|DragonClaw,ExtremeSpeed,LowKick,Protect|Adamant||M|||50|]Mamoswine||LifeOrb|Oblivious|HighHorsepower,IceShard,Earthquake,Protect|Adamant||F|||50|]Annihilape||ChoiceScarf|Defiant|PhantomForce,CloseCombat,RockTomb,Taunt|Jolly||M|||50|\n|showteam|p2|Charizard||CharizarditeY|Blaze|Protect,SolarBeam,HeatWave,AirSlash|Modest||M|||50|]Venusaur||WideLens|Chlorophyll|Protect,GigaDrain,EarthPower,SleepPowder|Modest||M|||50|]Whimsicott||FocusSash|Prankster|Protect,Moonblast,Tailwind,Encore|Timid||M|||50|]Basculegion||MysticWater|Adaptability|Protect,AquaJet,WaveCrash,LastRespects|Adamant||M|||50|]Tyranitar||Tyranitarite|SandStream|Protect,RockSlide,KnockOff,LowKick|Adamant||F|||50|]Mamoswine||LifeOrb|Oblivious|Protect,HighHorsepower,RockSlide,IceShard|Adamant||M|||50|\n|\n|t:|1788350544\n|teamsize|p1|4\n|teamsize|p2|4\n|start\n|switch|p1a: Whimsicott|Whimsicott, L50, M|100/100\n|switch|p1b: Glimmora|Glimmora, L50, F|100/100\n|switch|p2a: Whimsicott|Whimsicott, L50, M, shiny|100/100\n|switch|p2b: Tyranitar|Tyranitar, L50, F|100/100\n|-weather|Sandstorm|[from] ability: Sand Stream|[of] p2b: Tyranitar\n|turn|1\n|\n|t:|1788350564\n|move|p2a: Whimsicott|Tailwind|p2a: Whimsicott\n|-sidestart|p2: CaratroncoSun|move: Tailwind\n|move|p1a: Whimsicott|Tailwind|p1a: Whimsicott\n|-sidestart|p1: policho98|move: Tailwind\n|move|p1b: Glimmora|Sludge Bomb|p2a: Whimsicott\n|-supereffective|p2a: Whimsicott|2\n|-enditem|p2a: Whimsicott|Focus Sash\n|-damage|p2a: Whimsicott|1/100\n|-status|p2a: Whimsicott|psn\n|move|p2b: Tyranitar|Rock Slide|p1b: Glimmora|[spread] p1a,p1b\n|-damage|p1a: Whimsicott|48/100\n|-damage|p1b: Glimmora|61/100\n|-activate|p1b: Glimmora|ability: Toxic Debris\n|-sidestart|p2: CaratroncoSun|move: Toxic Spikes\n|\n|-weather|Sandstorm|[upkeep]\n|-damage|p2a: Whimsicott|0 fnt|[from] Sandstorm\n|-damage|p1a: Whimsicott|43/100|[from] Sandstorm\n|faint|p2a: Whimsicott\n|upkeep\n|\n|t:|1788350585\n|switch|p2a: Mamoswine|Mamoswine, L50, M|100/100\n|-status|p2a: Mamoswine|psn\n|turn|2\n|\n|t:|1788350605\n|move|p2a: Mamoswine|Ice Shard|p1b: Glimmora\n|-damage|p1b: Glimmora|31/100\n|-activate|p1b: Glimmora|ability: Toxic Debris\n|-sidestart|p2: CaratroncoSun|move: Toxic Spikes\n|-damage|p2a: Mamoswine|90/100 psn|[from] item: Life Orb\n|move|p1a: Whimsicott|Moonblast|p2b: Tyranitar\n|-supereffective|p2b: Tyranitar|1\n|-damage|p2b: Tyranitar|55/100\n|move|p1b: Glimmora|Power Gem|p2a: Mamoswine\n|-damage|p2a: Mamoswine|32/100 psn\n|move|p2b: Tyranitar|Rock Slide|p1a: Whimsicott|[spread] p1a\n|-miss|p2b: Tyranitar|p1b: Glimmora\n|-damage|p1a: Whimsicott|0 fnt\n|faint|p1a: Whimsicott\n|\n|-weather|Sandstorm|[upkeep]\n|-damage|p2a: Mamoswine|20/100y psn|[from] psn\n|upkeep\n|\n|t:|1788350630\n|switch|p1a: Annihilape|Annihilape, L50, M|100/100\n|turn|3\n|\n|t:|1788350643\n|move|p2b: Tyranitar|Protect|p2b: Tyranitar\n|-singleturn|p2b: Tyranitar|Protect\n|move|p2a: Mamoswine|Ice Shard|p1b: Glimmora\n|-damage|p1b: Glimmora|1/100\n|-damage|p2a: Mamoswine|10/100 psn|[from] item: Life Orb\n|move|p1a: Annihilape|Close Combat|p2b: Tyranitar\n|-activate|p2b: Tyranitar|move: Protect\n|move|p1b: Glimmora|Power Gem|p2a: Mamoswine\n|-damage|p2a: Mamoswine|0 fnt\n|faint|p2a: Mamoswine\n|\n|-weather|Sandstorm|[upkeep]\n|-damage|p1a: Annihilape|94/100|[from] Sandstorm\n|upkeep\n|\n|t:|1788350656\n|switch|p2a: Charizard|Charizard, L50, M, shiny|100/100\n|turn|4\n|\n|t:|1788350674\n|detailschange|p2a: Charizard|Charizard-Mega-Y, L50, M, shiny\n|-mega|p2a: Charizard|Charizard|Charizardite Y\n|-weather|SunnyDay|[from] ability: Drought|[of] p2a: Charizard\n|move|p1b: Glimmora|Spiky Shield|p1b: Glimmora\n|-singleturn|p1b: Glimmora|move: Protect\n|move|p1a: Annihilape|Close Combat|p2b: Tyranitar\n|-supereffective|p2b: Tyranitar|2\n|-damage|p2b: Tyranitar|0 fnt\n|-unboost|p1a: Annihilape|def|1\n|-unboost|p1a: Annihilape|spd|1\n|faint|p2b: Tyranitar\n|move|p2a: Charizard|Heat Wave|p1a: Annihilape|[spread] p1a\n|-activate|p1b: Glimmora|move: Protect\n|-damage|p1a: Annihilape|0 fnt\n|faint|p1a: Annihilape\n|\n|-weather|SunnyDay|[upkeep]\n|-sideend|p2: CaratroncoSun|move: Tailwind\n|-sideend|p1: policho98|move: Tailwind\n|upkeep\n|\n|t:|1788350689\n|switch|p1a: Charizard|Charizard, L50, M|100/100\n|turn|5\n|\n|t:|1788350697\n|detailschange|p1a: Charizard|Charizard-Mega-Y, L50, M\n|-mega|p1a: Charizard|Charizard|Charizardite Y\n|move|p2a: Charizard|Heat Wave|p1a: Charizard|[spread] p1a\n|-miss|p2a: Charizard|p1b: Glimmora\n|-resisted|p1a: Charizard|1\n|-damage|p1a: Charizard|72/100\n|move|p1b: Glimmora|Power Gem|p2a: Charizard\n|-supereffective|p2a: Charizard|2\n|-damage|p2a: Charizard|0 fnt\n|faint|p2a: Charizard\n|\n|win|policho98\n","uploadtime":1788350697,"views":"1","formatid":"gen9championsvgc2026regmbbo3","rating":null,"private":0,"password":null}