{"id":"gen9championsvgc2026regmb-2674555704","format":"[Gen 9 Champions] VGC 2026 Reg M-B","players":["Argian","conngfan"],"log":"|j|☆Argian\n|j|☆conngfan\n|t:|1788373490\n|gametype|doubles\n|player|p1|Argian|265|1600\n|player|p2|conngfan|arven-s|1619\n|gen|9\n|tier|[Gen 9 Champions] VGC 2026 Reg M-B\n|rated|\n|rule|Species Clause: Limit one of each Pokémon\n|rule|Item Clause: Limit 1 of each item\n|clearpoke\n|poke|p1|Lucario, L50, F, shiny|\n|poke|p1|Dragonite, L50, F, shiny|\n|poke|p1|Farigiraf, L50, M, shiny|\n|poke|p1|Sylveon, L50, M|\n|poke|p1|Arcanine-Hisui, L50, F, shiny|\n|poke|p1|Samurott-Hisui, L50, F, shiny|\n|poke|p2|Aerodactyl, L50, M|\n|poke|p2|Raichu, L50, F|\n|poke|p2|Sneasler, L50, M|\n|poke|p2|Sylveon, L50, M|\n|poke|p2|Kingambit, L50, M|\n|poke|p2|Tsareena, L50, F|\n|teampreview|4\n|inactive|Battle timer is ON: inactive players will automatically lose when time's up. (requested by conngfan)\n|inactive|conngfan has 60 seconds left.\n|\n|t:|1788373525\n|teamsize|p1|4\n|teamsize|p2|4\n|start\n|switch|p1a: Lucario|Lucario, L50, F, shiny|100/100\n|switch|p1b: Arcanine|Arcanine-Hisui, L50, F, shiny|100/100\n|switch|p2a: Raichu|Raichu, L50, F|100/100\n|switch|p2b: Tsareena|Tsareena, L50, F|100/100\n|turn|1\n|\n|t:|1788373548\n|switch|p2b: Sneasler|Sneasler, L50, M|100/100\n|detailschange|p2a: Raichu|Raichu-Mega-Y, L50, F\n|-mega|p2a: Raichu|Raichu|Raichunite Y\n|move|p1b: Arcanine|Protect|p1b: Arcanine\n|-singleturn|p1b: Arcanine|Protect\n|move|p1a: Lucario|Detect|p1a: Lucario\n|-singleturn|p1a: Lucario|Protect\n|move|p2a: Raichu|Fake Out|p1b: Arcanine\n|-activate|p1b: Arcanine|move: Protect\n|\n|upkeep\n|turn|2\n|\n|t:|1788373571\n|switch|p1a: Farigiraf|Farigiraf, L50, M, shiny|100/100\n|move|p2a: Raichu|Zap Cannon|p1a: Farigiraf\n|-damage|p1a: Farigiraf|43/100\n|-status|p1a: Farigiraf|par\n|-enditem|p1a: Farigiraf|Sitrus Berry|[eat]\n|-heal|p1a: Farigiraf|67/100 par|[from] item: Sitrus Berry\n|move|p2b: Sneasler|Close Combat|p1a: Farigiraf\n|-damage|p1a: Farigiraf|20/100y par\n|-unboost|p2b: Sneasler|def|1\n|-unboost|p2b: Sneasler|spd|1\n|-enditem|p2b: Sneasler|White Herb\n|-clearnegativeboost|p2b: Sneasler|[silent]\n|move|p1b: Arcanine|Flare Blitz|p2b: Sneasler\n|-damage|p2b: Sneasler|18/100\n|\n|upkeep\n|turn|3\n|\n|t:|1788373588\n|move|p1b: Arcanine|Extreme Speed|p2b: Sneasler\n|-damage|p2b: Sneasler|0 fnt\n|faint|p2b: Sneasler\n|move|p2a: Raichu|Zap Cannon|p1b: Arcanine\n|-damage|p1b: Arcanine|26/100\n|-status|p1b: Arcanine|par\n|move|p1a: Farigiraf|Psychic|p2a: Raichu\n|-damage|p2a: Raichu|53/100\n|\n|upkeep\n|\n|t:|1788373592\n|switch|p2b: Sylveon|Sylveon, L50, M|100/100\n|turn|4\n|\n|t:|1788373611\n|move|p1a: Farigiraf|Helping Hand|p1b: Arcanine\n|-singleturn|p1b: Arcanine|Helping Hand|[of] p1a: Farigiraf\n|move|p2a: Raichu|Protect|p2a: Raichu\n|-singleturn|p2a: Raichu|Protect\n|move|p1b: Arcanine|Extreme Speed|p2a: Raichu\n|-activate|p2a: Raichu|move: Protect\n|move|p2b: Sylveon|Hyper Voice|p1b: Arcanine|[spread] p1a,p1b\n|-resisted|p1b: Arcanine|1\n|-damage|p1a: Farigiraf|0 fnt\n|-damage|p1b: Arcanine|0 fnt\n|faint|p1a: Farigiraf\n|faint|p1b: Arcanine\n|\n|upkeep\n|\n|t:|1788373616\n|switch|p1b: Lucario|Lucario, L50, F, shiny|100/100\n|switch|p1a: Samurott|Samurott-Hisui, L50, F, shiny|100/100\n|turn|5\n|inactive|Argian has 30 seconds left.\n|inactive|conngfan has 30 seconds left.\n|\n|t:|1788373654\n|detailschange|p1b: Lucario|Lucario-Mega, L50, F, shiny\n|-mega|p1b: Lucario|Lucario|Lucarionite\n|move|p1a: Samurott|Sucker Punch|p2a: Raichu\n|-damage|p2a: Raichu|0 fnt\n|faint|p2a: Raichu\n|-damage|p1a: Samurott|90/100|[from] item: Life Orb\n|move|p1b: Lucario|Flash Cannon|p2b: Sylveon\n|-supereffective|p2b: Sylveon|1\n|-damage|p2b: Sylveon|0 fnt\n|faint|p2b: Sylveon\n|\n|upkeep\n|\n|t:|1788373663\n|switch|p2b: Tsareena|Tsareena, L50, F|100/100\n|turn|6\n|-message|conngfan forfeited.\n|\n|win|Argian\n|raw|Argian's rating: 1600 &rarr; <strong>1621</strong><br />(+21 for winning)\n|raw|conngfan's rating: 1619 &rarr; <strong>1598</strong><br />(-21 for losing)\n","uploadtime":1788373666,"views":"1","formatid":"gen9championsvgc2026regmb","rating":1598,"private":0,"password":null}