{"id":"gen9championsvgc2026regmb-2674727209","format":"[Gen 9 Champions] VGC 2026 Reg M-B","players":["brehio11","ripley98"],"log":"|j|☆brehio11\n|j|☆ripley98\n|html|<table width=\"100%\"><tr><td align=\"left\">brehio11</td><td align=\"right\">ripley98</tr><tr><td align=\"left\"><i class=\"fa fa-circle-o\"></i> <i class=\"fa fa-circle-o\"></i> </td><td align=\"right\"><i class=\"fa fa-circle-o\"></i> <i class=\"fa fa-circle\"></i> </tr></table>\n|uhtml|bestof|<h2><strong>Game 2</strong> of <a href=\"/game-bestof3-gen9championsvgc2026regmb-2674725245\">a best-of-3</a></h2>\n|t:|1788396746\n|gametype|doubles\n|player|p1|brehio11|2|\n|player|p2|ripley98|102|\n|gen|9\n|tier|[Gen 9 Champions] VGC 2026 Reg M-B\n|rule|Species Clause: Limit one of each Pokémon\n|rule|Item Clause: Limit 1 of each item\n|raw|<div class=\"infobox\"><details class=\"readmore\" open><summary><strong>1 custom rule:</strong></summary> Best of = 3</details></div>\n|clearpoke\n|poke|p1|Klefki, L50, M|\n|poke|p1|Samurott-Hisui, L50, F, shiny|\n|poke|p1|Aerodactyl, L50, F, shiny|\n|poke|p1|Garchomp, L50, M|\n|poke|p1|Bellibolt, L50, M|\n|poke|p1|Malamar, L50, F|\n|poke|p2|Scovillain, L50, F|\n|poke|p2|Rotom-Wash, L50|\n|poke|p2|Steelix, L50, F, shiny|\n|poke|p2|Tyranitar, L50, F|\n|poke|p2|Houndstone, L50, F|\n|poke|p2|Aromatisse, L50, M|\n|teampreview|4\n|inactive|Battle timer is ON: inactive players will automatically lose when time's up. (requested by brehio11)\nbrehio11 rejected open team sheets.\n|j| rileyjawn baby\n|j| jackofharts9\n|\n|t:|1788396775\n|teamsize|p1|4\n|teamsize|p2|4\n|start\n|switch|p1a: keys to the test|Klefki, L50, M|100/100\n|switch|p1b: sharp boi|Samurott-Hisui, L50, F, shiny|100/100\n|switch|p2a: Pass the hot sauce|Scovillain, L50, F|100/100\n|switch|p2b: Money Laundering|Rotom-Wash, L50|100/100\n|turn|1\n|inactive|ripley98 has 30 seconds left.\n|j| shinypantss\n|\n|t:|1788396806\n|detailschange|p2a: Pass the hot sauce|Scovillain-Mega, L50, F\n|-mega|p2a: Pass the hot sauce|Scovillain|Scovillainite\n|move|p1a: keys to the test|Safeguard|p1a: keys to the test\n|-sidestart|p1: brehio11|Safeguard\n|move|p1b: sharp boi|Flip Turn|p2a: Pass the hot sauce\n|-damage|p2a: Pass the hot sauce|71/100\n|\n|t:|1788396813\n|switch|p1b: omnomnomnom|Garchomp, L50, M|100/100|[from] Flip Turn\n|move|p2b: Money Laundering|Volt Switch|p1b: omnomnomnom\n|-immune|p1b: omnomnomnom\n|move|p2a: Pass the hot sauce|Leech Seed|p1a: keys to the test\n|-start|p1a: keys to the test|move: Leech Seed\n|\n|-damage|p1a: keys to the test|87/100|[from] Leech Seed|[of] p2a: Pass the hot sauce\n|-heal|p2a: Pass the hot sauce|83/100|[silent]\n|upkeep\n|turn|2\n|\n|t:|1788396837\n|switch|p1a: sharp boi|Samurott-Hisui, L50, F, shiny|100/100\n|detailschange|p1b: omnomnomnom|Garchomp-Mega, L50, M\n|-mega|p1b: omnomnomnom|Garchomp|Garchompite\n|move|p1b: omnomnomnom|Draco Meteor|p2a: Pass the hot sauce\n|-damage|p2a: Pass the hot sauce|11/100\n|-unboost|p1b: omnomnomnom|spa|2\n|move|p2b: Money Laundering|Hydro Pump|p1b: omnomnomnom\n|-damage|p1b: omnomnomnom|61/100\n|move|p2a: Pass the hot sauce|Giga Drain|p1b: omnomnomnom\n|-damage|p1b: omnomnomnom|30/100\n|-heal|p2a: Pass the hot sauce|28/100|[from] drain|[of] p1b: omnomnomnom\n|\n|upkeep\n|turn|3\n|inactive|brehio11 has 30 seconds left.\n|inactive|brehio11 has 20 seconds left.\n|\n|t:|1788396873\n|switch|p1b: keys to the test|Klefki, L50, M|87/100\n|move|p2a: Pass the hot sauce|Protect|p2a: Pass the hot sauce\n|-singleturn|p2a: Pass the hot sauce|Protect\n|move|p1a: sharp boi|Ceaseless Edge|p2b: Money Laundering\n|-damage|p2b: Money Laundering|59/100\n|-sidestart|p2: ripley98|Spikes\n|move|p2b: Money Laundering|Light Screen|p2b: Money Laundering\n|-sidestart|p2: ripley98|move: Light Screen\n|\n|-heal|p2b: Money Laundering|65/100|[from] item: Leftovers\n|upkeep\n|turn|4\n|inactive|ripley98 has 30 seconds left.\n|inactive|ripley98 has 20 seconds left.\n|\n|t:|1788396911\n|move|p1b: keys to the test|Reflect|p1b: keys to the test\n|-sidestart|p1: brehio11|Reflect\n|move|p1a: sharp boi|Ceaseless Edge|p2a: Pass the hot sauce|[miss]\n|-miss|p1a: sharp boi|p2a: Pass the hot sauce\n|move|p2b: Money Laundering|Hydro Pump|p1a: sharp boi\n|-resisted|p1a: sharp boi|1\n|-damage|p1a: sharp boi|69/100\n|move|p2a: Pass the hot sauce|Giga Drain|p1a: sharp boi\n|-supereffective|p1a: sharp boi|1\n|-damage|p1a: sharp boi|0 fnt\n|-heal|p2a: Pass the hot sauce|62/100|[from] drain|[of] p1a: sharp boi\n|faint|p1a: sharp boi\n|\n|-heal|p2b: Money Laundering|71/100|[from] item: Leftovers\n|upkeep\n|\n|t:|1788396927\n|switch|p1a: omnomnomnom|Garchomp-Mega, L50, M|30/100\n|turn|5\n|\n|t:|1788396946\n|switch|p1b: i can take it|Bellibolt, L50, M|100/100\n|move|p1a: omnomnomnom|Draco Meteor|p2b: Money Laundering|[miss]\n|-miss|p1a: omnomnomnom|p2b: Money Laundering\n|move|p2b: Money Laundering|Hydro Pump|p1a: omnomnomnom\n|-damage|p1a: omnomnomnom|0 fnt\n|faint|p1a: omnomnomnom\n|move|p2a: Pass the hot sauce|Leech Seed|p1b: i can take it\n|-start|p1b: i can take it|move: Leech Seed\n|\n|-heal|p2b: Money Laundering|77/100|[from] item: Leftovers\n|-damage|p1b: i can take it|87/100|[from] Leech Seed|[of] p2a: Pass the hot sauce\n|-heal|p2a: Pass the hot sauce|77/100|[silent]\n|-sideend|p1: brehio11|Safeguard\n|upkeep\n|\n|t:|1788396958\n|switch|p1a: keys to the test|Klefki, L50, M|87/100\n|turn|6\n|\n|t:|1788396977\n|switch|p2b: Weather boy|Tyranitar, L50, F|100/100\n|-damage|p2b: Weather boy|87/100|[from] Spikes\n|-weather|Sandstorm|[from] ability: Sand Stream|[of] p2b: Weather boy\n|move|p1a: keys to the test|Safeguard|p1a: keys to the test\n|-sidestart|p1: brehio11|Safeguard\n|move|p2a: Pass the hot sauce|Leech Seed|p1a: keys to the test\n|-start|p1a: keys to the test|move: Leech Seed\n|move|p1b: i can take it|Parabolic Charge|p2a: Pass the hot sauce|[spread] p1a,p2a,p2b\n|-resisted|p2a: Pass the hot sauce|1\n|-damage|p1a: keys to the test|65/100\n|-heal|p1b: i can take it|95/100|[from] drain|[of] p1a: keys to the test\n|-damage|p2a: Pass the hot sauce|72/100\n|-heal|p1b: i can take it|98/100|[from] drain|[of] p2a: Pass the hot sauce\n|-damage|p2b: Weather boy|81/100\n|-heal|p1b: i can take it|100/100|[from] drain|[of] p2b: Weather boy\n|\n|-weather|Sandstorm|[upkeep]\n|-damage|p2a: Pass the hot sauce|66/100|[from] Sandstorm\n|-damage|p1b: i can take it|93/100|[from] Sandstorm\n|-heal|p1b: i can take it|100/100|[from] item: Leftovers\n|-damage|p1a: keys to the test|53/100|[from] Leech Seed|[of] p2a: Pass the hot sauce\n|-heal|p2a: Pass the hot sauce|77/100|[silent]\n|-damage|p1b: i can take it|87/100|[from] Leech Seed|[of] p2a: Pass the hot sauce\n|-heal|p2a: Pass the hot sauce|93/100|[silent]\n|upkeep\n|turn|7\n|inactive|ripley98 has 30 seconds left.\n|\n|t:|1788397012\n|move|p1a: keys to the test|Sunny Day|p1a: keys to the test\n|-weather|SunnyDay\n|move|p2a: Pass the hot sauce|Giga Drain|p1b: i can take it\n|-damage|p1b: i can take it|52/100\n|-heal|p2a: Pass the hot sauce|100/100|[from] drain|[of] p1b: i can take it\n|-start|p1b: i can take it|Charge|Giga Drain|[from] ability: Electromorphosis\n|move|p2b: Weather boy|Knock Off|p1b: i can take it\n|-damage|p1b: i can take it|30/100\n|-start|p1b: i can take it|Charge|Knock Off|[from] ability: Electromorphosis\n|-enditem|p1b: i can take it|Leftovers|[from] move: Knock Off|[of] p2b: Weather boy\n|move|p1b: i can take it|Soak|p2b: Weather boy\n|-start|p2b: Weather boy|typechange|Water\n|\n|-weather|SunnyDay|[upkeep]\n|-damage|p1a: keys to the test|41/100|[from] Leech Seed|[of] p2a: Pass the hot sauce\n|-damage|p1b: i can take it|17/100|[from] Leech Seed|[of] p2a: Pass the hot sauce\n|-sideend|p2: ripley98|move: Light Screen\n|upkeep\n|turn|8\n|j| tmacp\n|inactive|ripley98 has 30 seconds left.\n|\n|t:|1788397042\n|switch|p2b: Money Laundering|Rotom-Wash, L50|77/100\n|move|p1b: i can take it|Protect|p1b: i can take it\n|-singleturn|p1b: i can take it|Protect\n|move|p2a: Pass the hot sauce|Giga Drain|p1b: i can take it\n|-activate|p1b: i can take it|move: Protect\n|move|p1a: keys to the test|Trick Room|p1a: keys to the test\n|-fieldstart|move: Trick Room|[of] p1a: keys to the test\n|\n|-weather|SunnyDay|[upkeep]\n|-heal|p2b: Money Laundering|82/100|[from] item: Leftovers\n|-damage|p1b: i can take it|5/100|[from] Leech Seed|[of] p2a: Pass the hot sauce\n|-damage|p1a: keys to the test|29/100|[from] Leech Seed|[of] p2a: Pass the hot sauce\n|-sideend|p1: brehio11|Reflect\n|upkeep\n|turn|9\n|inactive|ripley98 has 30 seconds left.\n|\n|t:|1788397070\n|switch|p2b: Weather boy|Tyranitar, L50, F|81/100\n|-damage|p2b: Weather boy|69/100|[from] Spikes\n|-weather|Sandstorm|[from] ability: Sand Stream|[of] p2b: Weather boy\n|move|p1a: keys to the test|Reflect|p1a: keys to the test\n|-sidestart|p1: brehio11|Reflect\n|move|p1b: i can take it|Parabolic Charge|p2b: Weather boy|[spread] p1a,p2a,p2b\n|-resisted|p2a: Pass the hot sauce|1\n|-damage|p1a: keys to the test|0 fnt\n|-heal|p1b: i can take it|16/100|[from] drain|[of] p1a: keys to the test\n|-damage|p2a: Pass the hot sauce|84/100\n|-heal|p1b: i can take it|22/100|[from] drain|[of] p2a: Pass the hot sauce\n|-damage|p2b: Weather boy|47/100\n|-heal|p1b: i can take it|33/100|[from] drain|[of] p2b: Weather boy\n|faint|p1a: keys to the test\n|-end|p1b: i can take it|Charge|[silent]\n|move|p2a: Pass the hot sauce|Giga Drain|p1b: i can take it\n|-damage|p1b: i can take it|1/100\n|-heal|p2a: Pass the hot sauce|100/100|[from] drain|[of] p1b: i can take it\n|-start|p1b: i can take it|Charge|Giga Drain|[from] ability: Electromorphosis\n|\n|-weather|Sandstorm|[upkeep]\n|-damage|p1b: i can take it|0 fnt|[from] Sandstorm\n|-damage|p2a: Pass the hot sauce|94/100|[from] Sandstorm\n|faint|p1b: i can take it\n|\n|win|ripley98\n","uploadtime":1788397094,"views":"8","formatid":"gen9championsvgc2026regmb","rating":null,"private":0,"password":null}