{"id":"gen9championsvgc2026regmb-2674683207","format":"[Gen 9 Champions] VGC 2026 Reg M-B","players":["trc52","randomtieflinggirl"],"log":"|j|☆trc52\n|j|☆randomtieflinggirl\n|t:|1788389957\n|gametype|doubles\n|player|p1|trc52|102|1226\n|player|p2|randomtieflinggirl|170|1178\n|gen|9\n|tier|[Gen 9 Champions] VGC 2026 Reg M-B\n|rated|\n|rule|Species Clause: Limit one of each Pokémon\n|rule|Item Clause: Limit 1 of each item\n|clearpoke\n|poke|p1|Ninetales-Alola, L50, M|\n|poke|p1|Incineroar, L50, M|\n|poke|p1|Dragonite, L50, M|\n|poke|p1|Sneasler, L50, M|\n|poke|p1|Gengar, L50, F|\n|poke|p1|Swampert, L50, M|\n|poke|p2|Lycanroc-Dusk, L50, M|\n|poke|p2|Froslass, L50, F|\n|poke|p2|Scovillain, L50, F|\n|poke|p2|Basculegion, L50, M|\n|poke|p2|Kingambit, L50, M|\n|poke|p2|Sneasler, L50, M|\n|teampreview|4\nrandomtieflinggirl has agreed to open team sheets.\n|inactive|Battle timer is ON: inactive players will automatically lose when time's up. (requested by trc52)\n|\n|t:|1788389989\n|teamsize|p1|4\n|teamsize|p2|4\n|start\n|switch|p1a: Gengar|Gengar, L50, F|100/100\n|switch|p1b: Sneasler|Sneasler, L50, M|100/100\n|switch|p2a: Froslass|Froslass, L50, F|100/100\n|switch|p2b: Kingambit|Kingambit, L50, M|100/100\n|turn|1\n|inactive|trc52 has 30 seconds left.\n|\n|t:|1788390017\n|detailschange|p1a: Gengar|Gengar-Mega, L50, F\n|-mega|p1a: Gengar|Gengar|Gengarite\n|move|p2a: Froslass|Protect|p2a: Froslass\n|-singleturn|p2a: Froslass|Protect\n|move|p2b: Kingambit|Sucker Punch|p1a: Gengar\n|-supereffective|p1a: Gengar|1\n|-damage|p1a: Gengar|0 fnt\n|faint|p1a: Gengar\n|move|p1b: Sneasler|Close Combat|p2b: Kingambit\n|-supereffective|p2b: Kingambit|2\n|-damage|p2b: Kingambit|0 fnt\n|-unboost|p1b: Sneasler|def|1\n|-unboost|p1b: Sneasler|spd|1\n|faint|p2b: Kingambit\n|\n|upkeep\n|\n|t:|1788390031\n|switch|p1a: Swampert|Swampert, L50, M|100/100\n|switch|p2b: Sneasler|Sneasler, L50, M|100/100\n|turn|2\n|\n|t:|1788390040\n|detailschange|p2a: Froslass|Froslass-Mega, L50, F\n|-mega|p2a: Froslass|Froslass|Froslassite\n|-weather|Snowscape|[from] ability: Snow Warning|[of] p2a: Froslass\n|move|p1b: Sneasler|Protect|p1b: Sneasler\n|-singleturn|p1b: Sneasler|Protect\n|move|p2b: Sneasler|Fake Out|p1b: Sneasler\n|-activate|p1b: Sneasler|move: Protect\n|move|p2a: Froslass|Blizzard|p1b: Sneasler|[spread] p1a\n|-activate|p1b: Sneasler|move: Protect\n|-damage|p1a: Swampert|53/100\n|move|p1a: Swampert|Yawn|p2a: Froslass\n|-start|p2a: Froslass|move: Yawn|[of] p1a: Swampert\n|\n|-weather|Snowscape|[upkeep]\n|-heal|p1a: Swampert|59/100|[from] item: Leftovers\n|upkeep\n|turn|3\n|\n|t:|1788390063\n|switch|p2a: Basculegion|Basculegion, L50, M|100/100\n|move|p2b: Sneasler|Protect|p2b: Sneasler\n|-singleturn|p2b: Sneasler|Protect\n|move|p1a: Swampert|Protect|p1a: Swampert\n|-singleturn|p1a: Swampert|Protect\n|move|p1b: Sneasler|Rock Slide|p2a: Basculegion|[spread] p2a\n|-activate|p2b: Sneasler|move: Protect\n|-damage|p2a: Basculegion|74/100\n|\n|-weather|Snowscape|[upkeep]\n|-heal|p1a: Swampert|65/100|[from] item: Leftovers\n|upkeep\n|turn|4\n|\n|t:|1788390085\n|move|p1b: Sneasler|Protect|p1b: Sneasler\n|-singleturn|p1b: Sneasler|Protect\n|move|p2b: Sneasler|Close Combat|p1b: Sneasler\n|-activate|p1b: Sneasler|move: Protect\n|move|p2a: Basculegion|Wave Crash|p1b: Sneasler\n|-activate|p1b: Sneasler|move: Protect\n|move|p1a: Swampert|Yawn|p2b: Sneasler\n|-start|p2b: Sneasler|move: Yawn|[of] p1a: Swampert\n|\n|-weather|Snowscape|[upkeep]\n|-heal|p1a: Swampert|71/100|[from] item: Leftovers\n|upkeep\n|turn|5\n|\n|t:|1788390099\n|move|p1a: Swampert|Protect|p1a: Swampert\n|-singleturn|p1a: Swampert|Protect\n|move|p1b: Sneasler|Rock Slide|p2a: Basculegion|[spread] p2a,p2b\n|-resisted|p2b: Sneasler|1\n|-damage|p2a: Basculegion|51/100\n|-damage|p2b: Sneasler|88/100\n|cant|p2b: Sneasler|flinch\n|move|p2a: Basculegion|Wave Crash|p1b: Sneasler\n|-enditem|p1b: Sneasler|Focus Sash\n|-damage|p1b: Sneasler|1/100\n|-damage|p2a: Basculegion|27/100|[from] Recoil\n|-enditem|p2a: Basculegion|Sitrus Berry|[eat]\n|-heal|p2a: Basculegion|52/100|[from] item: Sitrus Berry\n|\n|-weather|Snowscape|[upkeep]\n|-heal|p1a: Swampert|76/100|[from] item: Leftovers\n|-end|p2b: Sneasler|move: Yawn|[silent]\n|-status|p2b: Sneasler|slp\n|upkeep\n|turn|6\n|\n|t:|1788390122\n|switch|p1b: Dragonite|Dragonite, L50, M|100/100\n|move|p2a: Basculegion|Protect|p2a: Basculegion\n|-singleturn|p2a: Basculegion|Protect\n|cant|p2b: Sneasler|slp\n|move|p1a: Swampert|High Horsepower|p2b: Sneasler\n|-supereffective|p2b: Sneasler|1\n|-damage|p2b: Sneasler|0 fnt\n|faint|p2b: Sneasler\n|\n|-weather|none\n|-heal|p1a: Swampert|82/100|[from] item: Leftovers\n|upkeep\n|\n|t:|1788390133\n|switch|p2b: Froslass|Froslass-Mega, L50, F|100/100\n|-weather|Snowscape|[from] ability: Snow Warning|[of] p2b: Froslass\n|turn|7\n|\n|t:|1788390144\n|move|p1b: Dragonite|Protect|p1b: Dragonite\n|-singleturn|p1b: Dragonite|Protect\n|move|p2b: Froslass|Blizzard|p1b: Dragonite|[spread] p1a\n|-activate|p1b: Dragonite|move: Protect\n|-damage|p1a: Swampert|40/100\n|move|p2a: Basculegion|Last Respects|p1a: Swampert\n|-damage|p1a: Swampert|0 fnt\n|faint|p1a: Swampert\n|\n|-weather|Snowscape|[upkeep]\n|upkeep\n|\n|t:|1788390155\n|switch|p1a: Sneasler|Sneasler, L50, M|1/100\n|turn|8\n|\n|t:|1788390162\n|move|p1a: Sneasler|Rock Slide|p2a: Basculegion|[spread] p2b\n|-miss|p1a: Sneasler|p2a: Basculegion\n|-supereffective|p2b: Froslass|1\n|-damage|p2b: Froslass|59/100\n|move|p2b: Froslass|Blizzard|p1b: Dragonite|[spread] p1a,p1b\n|-supereffective|p1b: Dragonite|2\n|-damage|p1a: Sneasler|0 fnt\n|-damage|p1b: Dragonite|0 fnt\n|faint|p1a: Sneasler\n|faint|p1b: Dragonite\n|\n|win|randomtieflinggirl\n|raw|trc52's rating: 1226 &rarr; <strong>1198</strong><br />(-28 for losing)\n|raw|randomtieflinggirl's rating: 1178 &rarr; <strong>1206</strong><br />(+28 for winning)\n|l|☆trc52\n|player|p1|\n|c|☆randomtieflinggirl|gg\n","uploadtime":1788390179,"views":"3","formatid":"gen9championsvgc2026regmb","rating":1198,"private":0,"password":null}