{"id":"gen9championsvgc2026regmb-2674252748","format":"[Gen 9 Champions] VGC 2026 Reg M-B","players":["chickmagnet23","Thornlace48812"],"log":"|j|☆chickmagnet23\n|j|☆Thornlace48812\n|t:|1788323926\n|gametype|doubles\n|player|p1|chickmagnet23|1|1130\n|player|p2|Thornlace48812|1|1083\n|gen|9\n|tier|[Gen 9 Champions] VGC 2026 Reg M-B\n|rated|\n|rule|Species Clause: Limit one of each Pokémon\n|rule|Item Clause: Limit 1 of each item\n|clearpoke\n|poke|p1|Pyroar, L50, F|\n|poke|p1|Whimsicott, L50, M|\n|poke|p1|Basculegion, L50, M|\n|poke|p1|Garchomp, L50, F|\n|poke|p1|Kingambit, L50, M|\n|poke|p1|Staraptor, L50, M|\n|poke|p2|Garchomp, L50, F|\n|poke|p2|Charizard, L50, M|\n|poke|p2|Whimsicott, L50, M|\n|poke|p2|Sylveon, L50, M|\n|poke|p2|Kingambit, L50, M|\n|poke|p2|Basculegion, L50, M|\n|teampreview|4\n|inactive|Battle timer is ON: inactive players will automatically lose when time's up. (requested by chickmagnet23)\n|inactive|Thornlace48812 also wants the timer to be on.\nThornlace48812 rejected open team sheets.\n|\n|t:|1788323945\n|teamsize|p1|4\n|teamsize|p2|4\n|start\n|switch|p1a: Pyroar|Pyroar, L50, F|100/100\n|switch|p1b: Whimsicott|Whimsicott, L50, M|100/100\n|switch|p2a: Charizard|Charizard, L50, M|100/100\n|switch|p2b: Sylveon|Sylveon, L50, M|100/100\n|-ability|p1a: Pyroar|Unnerve\n|turn|1\n|\n|t:|1788323957\n|detailschange|p1a: Pyroar|Pyroar-Mega, L50, F\n|-mega|p1a: Pyroar|Pyroar|Pyroarite\n|detailschange|p2a: Charizard|Charizard-Mega-Y, L50, M\n|-mega|p2a: Charizard|Charizard|Charizardite Y\n|-weather|SunnyDay|[from] ability: Drought|[of] p2a: Charizard\n|move|p1b: Whimsicott|Tailwind|p1b: Whimsicott\n|-sidestart|p1: chickmagnet23|move: Tailwind\n|move|p1a: Pyroar|Heat Wave|p2a: Charizard|[spread] p2b\n|-miss|p1a: Pyroar|p2a: Charizard\n|-damage|p2b: Sylveon|42/100\n|-status|p2b: Sylveon|brn\n|move|p2a: Charizard|Heat Wave|p1a: Pyroar|[spread] p1a,p1b\n|-resisted|p1a: Pyroar|1\n|-supereffective|p1b: Whimsicott|1\n|-damage|p1a: Pyroar|59/100\n|-enditem|p1b: Whimsicott|Focus Sash\n|-damage|p1b: Whimsicott|1/100\n|move|p2b: Sylveon|Hyper Voice|p1a: Pyroar|[spread] p1a,p1b\n|-resisted|p1a: Pyroar|1\n|-damage|p1a: Pyroar|31/100\n|-damage|p1b: Whimsicott|0 fnt\n|faint|p1b: Whimsicott\n|\n|-weather|SunnyDay|[upkeep]\n|-damage|p2b: Sylveon|36/100 brn|[from] brn\n|upkeep\n|\n|t:|1788323978\n|switch|p1b: Basculegion|Basculegion, L50, M|100/100\n|turn|2\n|\n|t:|1788323988\n|move|p2a: Charizard|Protect|p2a: Charizard\n|-singleturn|p2a: Charizard|Protect\n|move|p2b: Sylveon|Detect|p2b: Sylveon\n|-singleturn|p2b: Sylveon|Protect\n|move|p1a: Pyroar|Heat Wave|p2a: Charizard|[spread] \n|-activate|p2a: Charizard|move: Protect\n|-activate|p2b: Sylveon|move: Protect\n|move|p1b: Basculegion|Wave Crash|p2a: Charizard\n|-activate|p2a: Charizard|move: Protect\n|\n|-weather|SunnyDay|[upkeep]\n|-damage|p2b: Sylveon|30/100 brn|[from] brn\n|upkeep\n|turn|3\n|\n|t:|1788324001\n|move|p1a: Pyroar|Heat Wave|p2a: Charizard|[spread] p2a,p2b\n|-resisted|p2a: Charizard|1\n|-damage|p2a: Charizard|59/100\n|-damage|p2b: Sylveon|0 fnt\n|faint|p2b: Sylveon\n|move|p1b: Basculegion|Wave Crash|p2a: Charizard\n|-supereffective|p2a: Charizard|1\n|-damage|p2a: Charizard|0 fnt\n|faint|p2a: Charizard\n|-damage|p1b: Basculegion|86/100|[from] Recoil\n|\n|-weather|SunnyDay|[upkeep]\n|upkeep\n|\n|t:|1788324001\n|switch|p2a: Whimsicott|Whimsicott, L50, M|100/100\n|switch|p2b: Basculegion|Basculegion, L50, M|100/100\n|turn|4\n|\n|t:|1788324022\n|move|p1a: Pyroar|Protect|p1a: Pyroar\n|-singleturn|p1a: Pyroar|Protect\n|move|p2b: Basculegion|Protect|p2b: Basculegion\n|-singleturn|p2b: Basculegion|Protect\n|move|p2a: Whimsicott|Tailwind|p2a: Whimsicott\n|-sidestart|p2: Thornlace48812|move: Tailwind\n|move|p1b: Basculegion|Last Respects|p2b: Basculegion\n|-activate|p2b: Basculegion|move: Protect\n|\n|-weather|SunnyDay|[upkeep]\n|-sideend|p1: chickmagnet23|move: Tailwind\n|upkeep\n|turn|5\n|\n|t:|1788324039\n|switch|p1a: Garchomp|Garchomp, L50, F|100/100\n|move|p2a: Whimsicott|Moonblast|p1a: Garchomp\n|-supereffective|p1a: Garchomp|1\n|-damage|p1a: Garchomp|25/100\n|move|p2b: Basculegion|Wave Crash|p1b: Basculegion\n|-resisted|p1b: Basculegion|1\n|-damage|p1b: Basculegion|59/100\n|-damage|p2b: Basculegion|90/100|[from] Recoil\n|move|p1b: Basculegion|Last Respects|p2b: Basculegion\n|-supereffective|p2b: Basculegion|1\n|-damage|p2b: Basculegion|0 fnt\n|faint|p2b: Basculegion\n|\n|-weather|none\n|upkeep\n|turn|6\n|\n|t:|1788324062\n|move|p2a: Whimsicott|Encore|p1b: Basculegion\n|-start|p1b: Basculegion|Encore\n|move|p1a: Garchomp|Stomping Tantrum|p2a: Whimsicott\n|-resisted|p2a: Whimsicott|1\n|-damage|p2a: Whimsicott|59/100\n|-damage|p1a: Garchomp|15/100|[from] item: Life Orb\n|move|p1b: Basculegion|Last Respects|p2a: Whimsicott\n|-damage|p2a: Whimsicott|0 fnt\n|faint|p2a: Whimsicott\n|\n|win|chickmagnet23\n|raw|chickmagnet23's rating: 1130 &rarr; <strong>1151</strong><br />(+21 for winning)\n|raw|Thornlace48812's rating: 1067 &rarr; <strong>1051</strong><br />(-16 for losing)\n","uploadtime":1788324062,"views":"0","formatid":"gen9championsvgc2026regmb","rating":1051,"private":0,"password":null}