{"id":"gen9championsvgc2026regmbbo3-2673980935","format":"[Gen 9 Champions] VGC 2026 Reg M-B (Bo3)","players":["FatherPenguin","KingZeusVGC"],"log":"|j|☆FatherPenguin\n|j|☆KingZeusVGC\n|html|<table width=\"100%\"><tr><td align=\"left\">FatherPenguin</td><td align=\"right\">KingZeusVGC</tr><tr><td align=\"left\"><i class=\"fa fa-circle-o\"></i> <i class=\"fa fa-circle-o\"></i> </td><td align=\"right\"><i class=\"fa fa-circle-o\"></i> <i class=\"fa fa-circle-o\"></i> </tr></table>\n|uhtml|bestof|<h2><strong>Game 1</strong> of <a href=\"/game-bestof3-gen9championsvgc2026regmbbo3-2673980934\">a best-of-3</a></h2>\n|t:|1788284453\n|gametype|doubles\n|player|p1|FatherPenguin|acetrainersnow|1269\n|player|p2|KingZeusVGC|blackbelt-gen4dp|1191\n|gen|9\n|tier|[Gen 9 Champions] VGC 2026 Reg M-B (Bo3)\n|rated|\n|rule|Species Clause: Limit one of each Pokémon\n|rule|Item Clause: Limit 1 of each item\n|clearpoke\n|poke|p1|Sneasler, L50, M|\n|poke|p1|Blastoise, L50, M|\n|poke|p1|Kingambit, L50, M|\n|poke|p1|Incineroar, L50, M|\n|poke|p1|Delphox, L50, F|\n|poke|p1|Sinistcha, L50|\n|poke|p2|Farigiraf, L50, F|\n|poke|p2|Rhyperior, L50, F|\n|poke|p2|Blastoise, L50, F|\n|poke|p2|Hatterene, L50, F|\n|poke|p2|Pelipper, L50, F|\n|poke|p2|Kingambit, L50, M|\n|teampreview|4\n|showteam|p1|Sneasler||FocusSash|PoisonTouch|PoisonJab,CloseCombat,FakeOut,QuickGuard|Jolly||M|||50|]Blastoise||Blastoisinite|RainDish|DarkPulse,WaterSpout,ShellSmash,Protect|Modest||M|||50|]Kingambit||LifeOrb|Defiant|KowtowCleave,SuckerPunch,SwordsDance,Protect|Adamant||M|||50|]Incineroar||SitrusBerry|Intimidate|FlareBlitz,ThroatChop,PartingShot,FakeOut|Careful||M|||50|]Delphox||Delphoxite|Blaze|HeatWave,NastyPlot,Psychic,Protect|Timid||F|||50|]Sinistcha||ColburBerry|Hospitality|MatchaGotcha,RagePowder,TrickRoom,Protect|Bold|||||50|\n|showteam|p2|Farigiraf||ColburBerry|ArmorTail|TrickRoom,Thunderbolt,TwinBeam,LightScreen|Relaxed||F|||50|]Rhyperior||LifeOrb|LightningRod|Protect,RockSlide,HighHorsepower,PoisonJab|Brave||F|||50|]Blastoise||Blastoisinite|RainDish|WaterSpout,FakeOut,DarkPulse,AuraSphere|Quiet||F|||50|]Hatterene||FocusSash|MagicBounce|TrickRoom,Psychic,DazzlingGleam,Protect|Quiet||F|||50|]Pelipper||SitrusBerry|Drizzle|Hurricane,WeatherBall,KnockOff,WideGuard|Quiet||F|||50|]Kingambit||ExpertBelt|Defiant|LowKick,KowtowCleave,IronHead,Protect|Brave||M|||50|\n|inactive|Battle timer is ON: inactive players will automatically lose when time's up. (requested by FatherPenguin)\n|inactive|FatherPenguin has 60 seconds left.\n|inactive|KingZeusVGC has 60 seconds left.\n|inactive|FatherPenguin has 30 seconds left.\n|\n|t:|1788284515\n|teamsize|p1|4\n|teamsize|p2|4\n|start\n|switch|p1a: Sinistcha|Sinistcha, L50|100/100\n|switch|p1b: Blastoise|Blastoise, L50, M|100/100\n|switch|p2a: Blastoise|Blastoise, L50, F|100/100\n|switch|p2b: Farigiraf|Farigiraf, L50, F|100/100\n|turn|1\n|inactive|FatherPenguin has 30 seconds left.\n|inactive|KingZeusVGC has 30 seconds left.\n|inactive|KingZeusVGC has 20 seconds left.\n|inactive|KingZeusVGC has 15 seconds left.\n|\n|t:|1788284559\n|detailschange|p1b: Blastoise|Blastoise-Mega, L50, M\n|-mega|p1b: Blastoise|Blastoise|Blastoisinite\n|detailschange|p2a: Blastoise|Blastoise-Mega, L50, F\n|-mega|p2a: Blastoise|Blastoise|Blastoisinite\n|move|p1b: Blastoise|Water Spout|p2b: Farigiraf|[spread] p2a,p2b\n|-resisted|p2a: Blastoise|1\n|-damage|p2a: Blastoise|73/100\n|-damage|p2b: Farigiraf|44/100\n|move|p1a: Sinistcha|Matcha Gotcha|p2b: Farigiraf|[spread] p2a,p2b\n|-supereffective|p2a: Blastoise|1\n|-crit|p2a: Blastoise\n|-damage|p2a: Blastoise|8/100\n|-damage|p2b: Farigiraf|22/100\n|move|p2a: Blastoise|Dark Pulse|p1a: Sinistcha\n|-supereffective|p1a: Sinistcha|1\n|-enditem|p1a: Sinistcha|Colbur Berry|[eat]\n|-enditem|p1a: Sinistcha|Colbur Berry|[weaken]\n|-damage|p1a: Sinistcha|49/100\n|move|p2b: Farigiraf|Trick Room|p2b: Farigiraf\n|-fieldstart|move: Trick Room|[of] p2b: Farigiraf\n|\n|upkeep\n|turn|2\n|inactive|FatherPenguin has 30 seconds left.\n|inactive|FatherPenguin has 20 seconds left.\n|inactive|FatherPenguin has 15 seconds left.\n|inactive|FatherPenguin has 10 seconds left.\n|\n|t:|1788284605\n|move|p1a: Sinistcha|Rage Powder|p1a: Sinistcha\n|-singleturn|p1a: Sinistcha|move: Rage Powder\n|move|p2b: Farigiraf|Light Screen|p2b: Farigiraf\n|-sidestart|p2: KingZeusVGC|move: Light Screen\n|move|p2a: Blastoise|Dark Pulse|p1a: Sinistcha\n|-supereffective|p1a: Sinistcha|1\n|-damage|p1a: Sinistcha|0 fnt\n|faint|p1a: Sinistcha\n|move|p1b: Blastoise|Water Spout|p2a: Blastoise|[spread] p2a,p2b\n|-resisted|p2a: Blastoise|1\n|-damage|p2a: Blastoise|0 fnt\n|-damage|p2b: Farigiraf|0 fnt\n|faint|p2a: Blastoise\n|faint|p2b: Farigiraf\n|\n|upkeep\n|\n|t:|1788284622\n|switch|p2b: Kingambit|Kingambit, L50, M|100/100\n|switch|p2a: Hatterene|Hatterene, L50, F|100/100\n|switch|p1a: Kingambit|Kingambit, L50, M|100/100\n|turn|3\n|inactive|FatherPenguin has 30 seconds left.\n|inactive|KingZeusVGC has 30 seconds left.\n|\n|t:|1788284648\n|move|p1a: Kingambit|Protect|p1a: Kingambit\n|-singleturn|p1a: Kingambit|Protect\n|move|p1b: Blastoise|Protect|p1b: Blastoise\n|-singleturn|p1b: Blastoise|Protect\n|move|p2a: Hatterene|Psychic|p1b: Blastoise\n|-activate|p1b: Blastoise|move: Protect\n|move|p2b: Kingambit|Low Kick|p1a: Kingambit\n|-activate|p1a: Kingambit|move: Protect\n|\n|upkeep\n|turn|4\n|inactive|FatherPenguin has 30 seconds left.\n|inactive|FatherPenguin has 20 seconds left.\n|inactive|FatherPenguin has 15 seconds left.\n|inactive|FatherPenguin has 10 seconds left.\n|\n|t:|1788284694\n|move|p1a: Kingambit|Sucker Punch|p2a: Hatterene\n|-damage|p2a: Hatterene|34/100\n|-damage|p1a: Kingambit|90/100|[from] item: Life Orb\n|move|p2a: Hatterene|Psychic|p1b: Blastoise\n|-damage|p1b: Blastoise|53/100\n|move|p2b: Kingambit|Low Kick|p1a: Kingambit\n|-supereffective|p1a: Kingambit|2\n|-damage|p1a: Kingambit|0 fnt\n|faint|p1a: Kingambit\n|move|p1b: Blastoise|Dark Pulse|p2a: Hatterene\n|-damage|p2a: Hatterene|3/100\n|\n|upkeep\n|\n|t:|1788284705\n|switch|p1a: Incineroar|Incineroar, L50, M|100/100\n|-ability|p1a: Incineroar|Intimidate|boost\n|-unboost|p2a: Hatterene|atk|1\n|-unboost|p2b: Kingambit|atk|1\n|-ability|p2b: Kingambit|Defiant|boost\n|-boost|p2b: Kingambit|atk|2\n|turn|5\n|\n|t:|1788284726\n|move|p1b: Blastoise|Protect|p1b: Blastoise\n|-singleturn|p1b: Blastoise|Protect\n|move|p1a: Incineroar|Fake Out|p2b: Kingambit\n|-resisted|p2b: Kingambit|1\n|-damage|p2b: Kingambit|96/100\n|move|p2a: Hatterene|Psychic|p1b: Blastoise\n|-activate|p1b: Blastoise|move: Protect\n|cant|p2b: Kingambit|flinch\n|\n|-fieldend|move: Trick Room\n|upkeep\n|turn|6\n|inactive|KingZeusVGC has 30 seconds left.\n|\n|t:|1788284755\n|move|p1b: Blastoise|Water Spout|p2b: Kingambit|[spread] p2a,p2b\n|-damage|p2a: Hatterene|0 fnt\n|-damage|p2b: Kingambit|78/100\n|faint|p2a: Hatterene\n|move|p1a: Incineroar|Flare Blitz|p2b: Kingambit\n|-supereffective|p2b: Kingambit|1\n|-damage|p2b: Kingambit|17/100\n|-damage|p1a: Incineroar|78/100|[from] Recoil\n|move|p2b: Kingambit|Low Kick|p1a: Incineroar\n|-supereffective|p1a: Incineroar|1\n|-damage|p1a: Incineroar|0 fnt\n|faint|p1a: Incineroar\n|\n|-sideend|p2: KingZeusVGC|move: Light Screen\n|upkeep\n|turn|7\n|\n|t:|1788284768\n|move|p1b: Blastoise|Water Spout|p2b: Kingambit\n|-crit|p2b: Kingambit\n|-damage|p2b: Kingambit|0 fnt\n|faint|p2b: Kingambit\n|\n|win|FatherPenguin\n||KingZeusVGC is ready for game 2.\n","uploadtime":1788284773,"views":"0","formatid":"gen9championsvgc2026regmbbo3","rating":null,"private":0,"password":null}