{"id":"gen9championsvgc2026regmbbo3-2674033763","format":"[Gen 9 Champions] VGC 2026 Reg M-B (Bo3)","players":["Mashuno","PR1NC3735"],"log":"|j|☆Mashuno\n|j|☆PR1NC3735\n|html|<table width=\"100%\"><tr><td align=\"left\">Mashuno</td><td align=\"right\">PR1NC3735</tr><tr><td align=\"left\"><i class=\"fa fa-circle\"></i> <i class=\"fa fa-circle-o\"></i> </td><td align=\"right\"><i class=\"fa fa-circle-o\"></i> <i class=\"fa fa-circle-o\"></i> </tr></table>\n|uhtml|bestof|<h2><strong>Game 2</strong> of <a href=\"/game-bestof3-gen9championsvgc2026regmbbo3-2674029691\">a best-of-3</a></h2>\n|t:|1788290649\n|gametype|doubles\n|player|p1|Mashuno|harlequin|1178\n|player|p2|PR1NC3735|1|1115\n|gen|9\n|tier|[Gen 9 Champions] VGC 2026 Reg M-B (Bo3)\n|rated|\n|rule|Species Clause: Limit one of each Pokémon\n|rule|Item Clause: Limit 1 of each item\n|clearpoke\n|poke|p1|Pelipper, L50, F|\n|poke|p1|Archaludon, L50, M|\n|poke|p1|Blastoise, L50, F|\n|poke|p1|Sinistcha, L50|\n|poke|p1|Sableye, L50, M|\n|poke|p1|Sneasler, L50, M|\n|poke|p2|Tyranitar, L50, M|\n|poke|p2|Garchomp, L50, F|\n|poke|p2|Steelix, L50, M|\n|poke|p2|Sinistcha-Masterpiece, L50|\n|poke|p2|Volcarona, L50, M|\n|poke|p2|Primarina, L50, F|\n|teampreview|4\n|showteam|p1|Pelipper||FocusSash|Drizzle|WeatherBall,Hurricane,Tailwind,RainDance|Timid||F|||50|]Archaludon||Leftovers|Stamina|Protect,DracoMeteor,FlashCannon,ElectroShot|Modest||M|||50|]Blastoise||Blastoisinite|RainDish|Protect,WaterSpout,DarkPulse,IceBeam|Modest||F|||50|]Sinistcha||SitrusBerry|Hospitality|MatchaGotcha,RagePowder,LifeDew,TrickRoom|Bold|||||50|]Sableye||LightClay|Prankster|FoulPlay,LightScreen,Reflect,RainDance|Impish||M|||50|]Sneasler||WhiteHerb|Unburden|FakeOut,DireClaw,CloseCombat,RockSlide|Jolly||M|||50|\n|showteam|p2|Tyranitar||Tyranitarite|SandStream|RockSlide,Crunch,Protect,LowKick|Jolly||M|||50|]Garchomp||Garchompite|SandVeil|ScaleShot,StompingTantrum,RockSlide,Protect|Jolly||F|||50|]Steelix||Steelixite|Sturdy|HeavySlam,HighHorsepower,RockSlide,Protect|Brave||M|||50|]Sinistcha-Masterpiece||SitrusBerry|Hospitality|MatchaGotcha,Protect,RagePowder,TrickRoom|Modest|||||50|]Volcarona||ChartiBerry|FlameBody|FieryDance,Tailwind,RagePowder,WillOWisp|Timid||M|||50|]Primarina||Leftovers|LiquidVoice|HyperVoice,Moonblast,CalmMind,Protect|Modest||F|||50|\n|\n|t:|1788290677\n|teamsize|p1|4\n|teamsize|p2|4\n|start\n|switch|p1a: Junketsu|Archaludon, L50, M|100/100\n|switch|p1b: Sableye|Sableye, L50, M|100/100\n|switch|p2a: Volcarona|Volcarona, L50, M|100/100\n|switch|p2b: Primarina|Primarina, L50, F|100/100\n|turn|1\n|\n|t:|1788290695\n|move|p2b: Primarina|Protect|p2b: Primarina\n|-singleturn|p2b: Primarina|Protect\n|move|p1b: Sableye|Light Screen|p1b: Sableye\n|-sidestart|p1: Mashuno|move: Light Screen\n|move|p2a: Volcarona|Will-O-Wisp|p1a: Junketsu\n|-status|p1a: Junketsu|brn\n|move|p1a: Junketsu|Flash Cannon|p2b: Primarina\n|-activate|p2b: Primarina|move: Protect\n|\n|-damage|p1a: Junketsu|93/100 brn|[from] brn\n|upkeep\n|turn|2\n|\n|t:|1788290728\n|move|p1b: Sableye|Rain Dance|p1b: Sableye\n|-weather|RainDance\n|move|p2a: Volcarona|Fiery Dance|p1a: Junketsu\n|-damage|p1a: Junketsu|79/100 brn\n|-boost|p2a: Volcarona|spa|1\n|-ability|p1a: Junketsu|Stamina|boost\n|-boost|p1a: Junketsu|def|1\n|move|p1a: Junketsu|Electro Shot||[still]\n|-prepare|p1a: Junketsu|Electro Shot\n|-boost|p1a: Junketsu|spa|1\n|-anim|p1a: Junketsu|Electro Shot|p2b: Primarina\n|-supereffective|p2b: Primarina|1\n|-damage|p2b: Primarina|0 fnt\n|faint|p2b: Primarina\n|\n|-weather|RainDance|[upkeep]\n|-heal|p1a: Junketsu|85/100 brn|[from] item: Leftovers\n|-damage|p1a: Junketsu|79/100 brn|[from] brn\n|upkeep\n|\n|t:|1788290748\n|switch|p2b: Garchomp|Garchomp, L50, F|100/100\n|turn|3\n|\n|t:|1788290780\n|switch|p2a: Tyranitar|Tyranitar, L50, M|100/100\n|-weather|Sandstorm|[from] ability: Sand Stream|[of] p2a: Tyranitar\n|detailschange|p2b: Garchomp|Garchomp-Mega, L50, F\n|-mega|p2b: Garchomp|Garchomp|Garchompite\n|move|p1b: Sableye|Reflect|p1b: Sableye\n|-sidestart|p1: Mashuno|Reflect\n|move|p2b: Garchomp|Stomping Tantrum|p1a: Junketsu\n|-supereffective|p1a: Junketsu|1\n|-damage|p1a: Junketsu|34/100 brn\n|-ability|p1a: Junketsu|Stamina|boost\n|-boost|p1a: Junketsu|def|1\n|move|p1a: Junketsu|Draco Meteor|p2b: Garchomp|[miss]\n|-miss|p1a: Junketsu|p2b: Garchomp\n|\n|-weather|Sandstorm|[upkeep]\n|-damage|p1b: Sableye|94/100|[from] Sandstorm\n|-heal|p1a: Junketsu|41/100 brn|[from] item: Leftovers\n|-damage|p1a: Junketsu|34/100 brn|[from] brn\n|upkeep\n|turn|4\n|\n|t:|1788290818\n|move|p1a: Junketsu|Protect|p1a: Junketsu\n|-singleturn|p1a: Junketsu|Protect\n|move|p1b: Sableye|Rain Dance|p1b: Sableye\n|-weather|RainDance\n|move|p2b: Garchomp|Scale Shot|p1b: Sableye\n|-damage|p1b: Sableye|79/100\n|-damage|p1b: Sableye|66/100\n|-damage|p1b: Sableye|51/100\n|-hitcount|p1b: Sableye|3\n|-unboost|p2b: Garchomp|def|1\n|-boost|p2b: Garchomp|spe|1\n|move|p2a: Tyranitar|Crunch|p1b: Sableye\n|-damage|p1b: Sableye|20/100y\n|-unboost|p1b: Sableye|def|1\n|\n|-weather|RainDance|[upkeep]\n|-heal|p1a: Junketsu|41/100 brn|[from] item: Leftovers\n|-damage|p1a: Junketsu|34/100 brn|[from] brn\n|upkeep\n|turn|5\n|\n|t:|1788290871\n|switch|p1b: Iroh|Sinistcha, L50|100/100\n|-heal|p1a: Junketsu|59/100 brn|[from] ability: Hospitality|[of] p1b: Iroh\n|move|p2b: Garchomp|Protect|p2b: Garchomp\n|-singleturn|p2b: Garchomp|Protect\n|move|p1a: Junketsu|Electro Shot||[still]\n|-prepare|p1a: Junketsu|Electro Shot\n|-boost|p1a: Junketsu|spa|1\n|-anim|p1a: Junketsu|Electro Shot|p2a: Tyranitar\n|-damage|p2a: Tyranitar|15/100\n|move|p2a: Tyranitar|Crunch|p1b: Iroh\n|-supereffective|p1b: Iroh|1\n|-damage|p1b: Iroh|61/100\n|\n|-weather|RainDance|[upkeep]\n|-heal|p1a: Junketsu|66/100 brn|[from] item: Leftovers\n|-damage|p1a: Junketsu|59/100 brn|[from] brn\n|upkeep\n|turn|6\n|\n|t:|1788290954\n|move|p2b: Garchomp|Stomping Tantrum|p1a: Junketsu\n|-supereffective|p1a: Junketsu|1\n|-damage|p1a: Junketsu|34/100 brn\n|-ability|p1a: Junketsu|Stamina|boost\n|-boost|p1a: Junketsu|def|1\n|move|p1a: Junketsu|Electro Shot||[still]\n|-prepare|p1a: Junketsu|Electro Shot\n|-boost|p1a: Junketsu|spa|1\n|-anim|p1a: Junketsu|Electro Shot|p2a: Tyranitar\n|-damage|p2a: Tyranitar|0 fnt\n|faint|p2a: Tyranitar\n|move|p1b: Iroh|Trick Room|p1b: Iroh\n|-fieldstart|move: Trick Room|[of] p1b: Iroh\n|\n|-weather|RainDance|[upkeep]\n|-heal|p1a: Junketsu|40/100 brn|[from] item: Leftovers\n|-damage|p1a: Junketsu|34/100 brn|[from] brn\n|upkeep\n|\n|t:|1788290966\n|switch|p2a: Volcarona|Volcarona, L50, M|100/100\n|turn|7\n|\n|t:|1788290998\n|move|p2a: Volcarona|Rage Powder|p2a: Volcarona\n|-singleturn|p2a: Volcarona|move: Rage Powder\n|move|p1b: Iroh|Life Dew|p1b: Iroh|[spread] p1a,p1b\n|-heal|p1a: Junketsu|59/100 brn\n|-heal|p1b: Iroh|86/100\n|move|p1a: Junketsu|Electro Shot||[still]\n|-prepare|p1a: Junketsu|Electro Shot\n|-boost|p1a: Junketsu|spa|1\n|-anim|p1a: Junketsu|Electro Shot|p2a: Volcarona\n|-damage|p2a: Volcarona|0 fnt\n|faint|p2a: Volcarona\n|move|p2b: Garchomp|Stomping Tantrum|p1a: Junketsu\n|-supereffective|p1a: Junketsu|1\n|-damage|p1a: Junketsu|40/100 brn\n|-ability|p1a: Junketsu|Stamina|boost\n|-boost|p1a: Junketsu|def|1\n|\n|-weather|RainDance|[upkeep]\n|-heal|p1a: Junketsu|46/100 brn|[from] item: Leftovers\n|-damage|p1a: Junketsu|40/100 brn|[from] brn\n|upkeep\n|turn|8\n|\n|t:|1788291020\n|move|p2b: Garchomp|Protect|p2b: Garchomp\n|-singleturn|p2b: Garchomp|Protect\n|move|p1b: Iroh|Life Dew|p1b: Iroh|[spread] p1a,p1b\n|-heal|p1a: Junketsu|65/100 brn\n|-heal|p1b: Iroh|100/100\n|move|p1a: Junketsu|Flash Cannon|p2b: Garchomp\n|-activate|p2b: Garchomp|move: Protect\n|\n|-weather|none\n|-heal|p1a: Junketsu|71/100 brn|[from] item: Leftovers\n|-damage|p1a: Junketsu|65/100 brn|[from] brn\n|-sideend|p1: Mashuno|move: Light Screen\n|upkeep\n|turn|9\n|\n|t:|1788291029\n|move|p2b: Garchomp|Protect||[still]\n|-fail|p2b: Garchomp\n|move|p1b: Iroh|Life Dew||[still]|[spread] p1a,p1b\n|-heal|p1a: Junketsu|90/100 brn\n|-fail|p1b: Iroh|heal\n|move|p1a: Junketsu|Flash Cannon|p2b: Garchomp\n|-damage|p2b: Garchomp|0 fnt\n|faint|p2b: Garchomp\n|\n|win|Mashuno\n|raw|Mashuno's rating: 1178 &rarr; <strong>1199</strong><br />(+21 for winning)\n|raw|PR1NC3735's rating: 1115 &rarr; <strong>1094</strong><br />(-21 for losing)\n|c|☆Mashuno|gg\n|c|☆PR1NC3735|Gg\n|c|☆PR1NC3735|based names\n|c|☆Mashuno|ty lol\n","uploadtime":1788291060,"views":"4","formatid":"gen9championsvgc2026regmbbo3","rating":1094,"private":0,"password":null}