{"id":"gen9championsvgc2026regmb-2674289637","format":"[Gen 9 Champions] VGC 2026 Reg M-B","players":["Mondher","CRWN RVM3"],"log":"|j|☆Mondher\n|j|☆CRWN RVM3\n|t:|1788332822\n|gametype|doubles\n|player|p1|Mondher|101|1340\n|player|p2|CRWN RVM3|hilbert|1430\n|gen|9\n|tier|[Gen 9 Champions] VGC 2026 Reg M-B\n|rated|\n|rule|Species Clause: Limit one of each Pokémon\n|rule|Item Clause: Limit 1 of each item\n|clearpoke\n|poke|p1|Gengar, L50, F|\n|poke|p1|Sableye, L50, M|\n|poke|p1|Incineroar, L50, M|\n|poke|p1|Garchomp, L50, M|\n|poke|p1|Grimmsnarl, L50, M|\n|poke|p1|Tinkaton, L50, F|\n|poke|p2|Charizard, L50, M|\n|poke|p2|Venusaur, L50, M|\n|poke|p2|Pelipper, L50, F|\n|poke|p2|Archaludon, L50, F|\n|poke|p2|Grimmsnarl, L50, M|\n|poke|p2|Swampert, L50, M|\n|teampreview|4\n|inactive|Battle timer is ON: inactive players will automatically lose when time's up. (requested by CRWN RVM3)\n|inactive|Mondher has 60 seconds left.\n|\n|t:|1788332867\n|teamsize|p1|4\n|teamsize|p2|4\n|start\n|switch|p1a: Gengar|Gengar, L50, F|100/100\n|switch|p1b: Incineroar|Incineroar, L50, M|100/100\n|switch|p2a: Hyperion|Charizard, L50, M|100/100\n|switch|p2b: Gaia|Venusaur, L50, M|100/100\n|-ability|p1b: Incineroar|Intimidate|boost\n|-unboost|p2a: Hyperion|atk|1\n|-unboost|p2b: Gaia|atk|1\n|turn|1\n|\n|t:|1788332887\n|detailschange|p1a: Gengar|Gengar-Mega, L50, F\n|-mega|p1a: Gengar|Gengar|Gengarite\n|detailschange|p2a: Hyperion|Charizard-Mega-Y, L50, M\n|-mega|p2a: Hyperion|Charizard|Charizardite Y\n|-weather|SunnyDay|[from] ability: Drought|[of] p2a: Hyperion\n|move|p1a: Gengar|Protect|p1a: Gengar\n|-singleturn|p1a: Gengar|Protect\n|move|p2b: Gaia|Sleep Powder|p1b: Incineroar\n|-status|p1b: Incineroar|slp|[from] move: Sleep Powder\n|move|p2a: Hyperion|Heat Wave|p1b: Incineroar|[spread] p1b\n|-activate|p1a: Gengar|move: Protect\n|-resisted|p1b: Incineroar|1\n|-damage|p1b: Incineroar|68/100 slp\n|cant|p1b: Incineroar|slp\n|\n|-weather|SunnyDay|[upkeep]\n|upkeep\n|turn|2\n|\n|t:|1788332909\n|move|p2b: Gaia|Sleep Powder|p1a: Gengar|[miss]\n|-miss|p2b: Gaia|p1a: Gengar\n|move|p1a: Gengar|Disable|p2a: Hyperion\n|-start|p2a: Hyperion|Disable|Heat Wave\n|cant|p2a: Hyperion|Disable|Heat Wave\n|-curestatus|p1b: Incineroar|slp|[msg]\n|move|p1b: Incineroar|Parting Shot|p2a: Hyperion\n|-unboost|p2a: Hyperion|atk|1\n|-unboost|p2a: Hyperion|spa|1\n|\n|t:|1788332919\n|switch|p1b: Sableye|Sableye, L50, M|100/100|[from] Parting Shot\n|\n|-weather|SunnyDay|[upkeep]\n|upkeep\n|turn|3\n|\n|t:|1788332929\n|move|p1b: Sableye|Encore|p2a: Hyperion\n|-start|p2a: Hyperion|Encore\n|move|p2b: Gaia|Sleep Powder|p1a: Gengar\n|-status|p1a: Gengar|slp|[from] move: Sleep Powder\n|cant|p1a: Gengar|slp\n|cant|p2a: Hyperion|Disable|Heat Wave\n|\n|-weather|SunnyDay|[upkeep]\n|upkeep\n|turn|4\n|\n|t:|1788332946\n|move|p1b: Sableye|Encore|p2b: Gaia\n|-start|p2b: Gaia|Encore\n|move|p2b: Gaia|Sleep Powder|p1b: Sableye\n|-status|p1b: Sableye|slp|[from] move: Sleep Powder\n|cant|p1a: Gengar|slp\n|-activate|p2a: Hyperion|move: Struggle\n|move|p2a: Hyperion|Struggle|p1b: Sableye\n|-damage|p1b: Sableye|93/100 slp\n|-damage|p2a: Hyperion|74/100|[from] recoil\n|\n|-weather|SunnyDay|[upkeep]\n|upkeep\n|turn|5\n|\n|t:|1788332964\n|cant|p1b: Sableye|slp\n|move|p2b: Gaia|Sleep Powder|p1a: Gengar\n|-fail|p1a: Gengar|slp\n|-curestatus|p1a: Gengar|slp|[msg]\n|move|p1a: Gengar|Perish Song|p1a: Gengar\n|-start|p1a: Gengar|perish3|[silent]\n|-start|p1b: Sableye|perish3|[silent]\n|-start|p2a: Hyperion|perish3|[silent]\n|-start|p2b: Gaia|perish3|[silent]\n|-fieldactivate|move: Perish Song\n|-activate|p2a: Hyperion|move: Struggle\n|move|p2a: Hyperion|Struggle|p1a: Gengar\n|-damage|p1a: Gengar|94/100\n|-damage|p2a: Hyperion|49/100|[from] recoil\n|\n|-weather|none\n|-end|p2a: Hyperion|Encore\n|-end|p2a: Hyperion|Disable\n|-start|p2b: Gaia|perish3\n|-start|p1a: Gengar|perish3\n|-start|p2a: Hyperion|perish3\n|-start|p1b: Sableye|perish3\n|upkeep\n|turn|6\n|\n|t:|1788332984\n|-curestatus|p1b: Sableye|slp|[msg]\n|move|p1b: Sableye|Detect|p1b: Sableye\n|-singleturn|p1b: Sableye|Protect\n|move|p1a: Gengar|Protect|p1a: Gengar\n|-singleturn|p1a: Gengar|Protect\n|move|p2a: Hyperion|Heat Wave|p1b: Sableye|[spread] \n|-activate|p1a: Gengar|move: Protect\n|-activate|p1b: Sableye|move: Protect\n|move|p2b: Gaia|Sleep Powder|p1a: Gengar\n|-activate|p1a: Gengar|move: Protect\n|\n|-end|p2b: Gaia|Encore\n|-start|p1a: Gengar|perish2\n|-start|p2a: Hyperion|perish2\n|-start|p2b: Gaia|perish2\n|-start|p1b: Sableye|perish2\n|upkeep\n|turn|7\n|\n|t:|1788333005\n|move|p1b: Sableye|Encore|p2a: Hyperion\n|-start|p2a: Hyperion|Encore\n|move|p1a: Gengar|Disable|p2a: Hyperion\n|-start|p2a: Hyperion|Disable|Heat Wave\n|cant|p2a: Hyperion|Disable|Heat Wave\n|move|p2b: Gaia|Sleep Powder|p1a: Gengar\n|-status|p1a: Gengar|slp|[from] move: Sleep Powder\n|\n|-start|p1a: Gengar|perish1\n|-start|p2a: Hyperion|perish1\n|-start|p2b: Gaia|perish1\n|-start|p1b: Sableye|perish1\n|upkeep\n|turn|8\n|\n|t:|1788333023\n|switch|p1a: Incineroar|Incineroar, L50, M|68/100\n|-ability|p1a: Incineroar|Intimidate|boost\n|-unboost|p2a: Hyperion|atk|1\n|-unboost|p2b: Gaia|atk|1\n|switch|p1b: Grimmsnarl|Grimmsnarl, L50, M|100/100\n|-activate|p2a: Hyperion|move: Struggle\n|move|p2a: Hyperion|Struggle|p1a: Incineroar\n|-damage|p1a: Incineroar|64/100\n|-damage|p2a: Hyperion|24/100|[from] recoil\n|move|p2b: Gaia|Leaf Storm|p1a: Incineroar\n|-resisted|p1a: Incineroar|1\n|-damage|p1a: Incineroar|33/100\n|-unboost|p2b: Gaia|spa|2\n|-enditem|p1a: Incineroar|Sitrus Berry|[eat]\n|-heal|p1a: Incineroar|58/100|[from] item: Sitrus Berry\n|\n|-start|p2a: Hyperion|perish0\n|-start|p2b: Gaia|perish0\n|upkeep\n|faint|p2a: Hyperion\n|faint|p2b: Gaia\n|\n|t:|1788333037\n|switch|p2a: Pushing P|Pelipper, L50, F|100/100\n|switch|p2b: Kronos|Archaludon, L50, F|100/100\n|-weather|RainDance|[from] ability: Drizzle|[of] p2a: Pushing P\n|turn|9\n|inactive|Mondher has 30 seconds left.\n|\n|t:|1788333066\n|move|p1a: Incineroar|Fake Out|p2a: Pushing P\n|-damage|p2a: Pushing P|89/100\n|move|p1b: Grimmsnarl|Parting Shot|p2b: Kronos\n|-unboost|p2b: Kronos|atk|1\n|-unboost|p2b: Kronos|spa|1\n|\n|t:|1788333072\n|switch|p1b: Gengar|Gengar-Mega, L50, F|94/100 slp|[from] Parting Shot\n|move|p2b: Kronos|Electro Shot||[still]\n|-prepare|p2b: Kronos|Electro Shot\n|-boost|p2b: Kronos|spa|1\n|-anim|p2b: Kronos|Electro Shot|p1a: Incineroar\n|-damage|p1a: Incineroar|23/100\n|cant|p2a: Pushing P|flinch\n|\n|-weather|RainDance|[upkeep]\n|upkeep\n|turn|10\n|\n|t:|1788333087\n|cant|p1b: Gengar|slp\n|move|p2b: Kronos|Electro Shot||[still]\n|-prepare|p2b: Kronos|Electro Shot\n|-boost|p2b: Kronos|spa|1\n|-anim|p2b: Kronos|Electro Shot|p1b: Gengar\n|-damage|p1b: Gengar|31/100 slp\n|move|p2a: Pushing P|Weather Ball|p1a: Incineroar\n|-supereffective|p1a: Incineroar|1\n|-damage|p1a: Incineroar|0 fnt\n|faint|p1a: Incineroar\n|\n|-weather|RainDance|[upkeep]\n|upkeep\n|\n|t:|1788333101\n|switch|p1a: Sableye|Sableye, L50, M|93/100\n|turn|11\n|\n|t:|1788333117\n|move|p1a: Sableye|Disable|p2b: Kronos\n|-start|p2b: Kronos|Disable|Electro Shot\n|cant|p1b: Gengar|slp\n|move|p2b: Kronos|Flash Cannon|p1b: Gengar\n|-damage|p1b: Gengar|0 fnt\n|faint|p1b: Gengar\n|move|p2a: Pushing P|Hurricane|p1a: Sableye\n|-damage|p1a: Sableye|17/100\n|-start|p1a: Sableye|confusion\n|\n|-weather|RainDance|[upkeep]\n|upkeep\n|-message|Mondher forfeited.\n|\n|win|CRWN RVM3\n|raw|Mondher's rating: 1340 &rarr; <strong>1325</strong><br />(-15 for losing)\n|raw|CRWN RVM3's rating: 1430 &rarr; <strong>1445</strong><br />(+15 for winning)\n|l|☆Mondher\n|player|p1|\n|c|☆CRWN RVM3|HAHAHHA, YOU TRIED\n|c|☆CRWN RVM3|SO HARD\n","uploadtime":1788333136,"views":"3","formatid":"gen9championsvgc2026regmb","rating":1325,"private":0,"password":null}