{"id":"gen9championsvgc2026regmbbo3-2673353715","format":"[Gen 9 Champions] VGC 2026 Reg M-B (Bo3)","players":["yanpoke5566","nghiaden"],"log":"|j|☆yanpoke5566\n|j|☆nghiaden\n|html|<table width=\"100%\"><tr><td align=\"left\">yanpoke5566</td><td align=\"right\">nghiaden</tr><tr><td align=\"left\"><i class=\"fa fa-circle-o\"></i> <i class=\"fa fa-circle-o\"></i> </td><td align=\"right\"><i class=\"fa fa-circle-o\"></i> <i class=\"fa fa-circle-o\"></i> </tr></table>\n|uhtml|bestof|<h2><strong>Game 1</strong> of <a href=\"/game-bestof3-gen9championsvgc2026regmbbo3-2673353714\">a best-of-3</a></h2>\n|t:|1788187384\n|gametype|doubles\n|player|p1|yanpoke5566|volkner|\n|player|p2|nghiaden|266|\n|gen|9\n|tier|[Gen 9 Champions] VGC 2026 Reg M-B (Bo3)\n|rule|Species Clause: Limit one of each Pokémon\n|rule|Item Clause: Limit 1 of each item\n|clearpoke\n|poke|p1|Gallade, L50, M|\n|poke|p1|Weavile, L50, F|\n|poke|p1|Garchomp, L50, M|\n|poke|p1|Rotom-Wash, L50|\n|poke|p1|Staraptor, L50, F|\n|poke|p1|Lopunny, L50, F|\n|poke|p2|Hippowdon, L50, M, shiny|\n|poke|p2|Archaludon, L50, M|\n|poke|p2|Torkoal, L50, M|\n|poke|p2|Politoed, L50, M|\n|poke|p2|Ninetales-Alola, L50, M|\n|poke|p2|Infernape, L50, M|\n|teampreview|4\n|showteam|p1|Gallade||BlackBelt|Sharpness|SacredSword,LeafBlade,Coaching,WideGuard|Jolly||M|||50|]Weavile||FocusSash|Pressure|FakeOut,IcicleCrash,KnockOff,LowKick|Jolly||F|||50|]Garchomp||LifeOrb|RoughSkin|Earthquake,RockSlide,DragonClaw,Protect|Jolly||M|||50|]Rotom-Wash||Leftovers|Levitate|VoltSwitch,HydroPump,Protect,WillOWisp|Calm|||||50|]Staraptor||Staraptite|Intimidate|CloseCombat,BraveBird,Roost,Protect|Adamant||F|||50|]Lopunny||Lopunnite|Limber|FakeOut,CloseCombat,Facade,DrainPunch|Jolly||F|||50|\n|showteam|p2|Hippowdon||FocusBand|SandStream|RockSlide,IronHead,StompingTantrum,Fissure|Adamant||M|||50|]Archaludon||Leftovers|Stamina|DracoMeteor,ElectroShot,FlashCannon,SolarBeam|Timid||M|||50|]Torkoal||SitrusBerry|Drought|BodyPress,ClearSmog,RapidSpin,WeatherBall|Bold||M|||50|]Politoed||QuickClaw|Drizzle|Protect,PerishSong,WeatherBall,IceBeam|Modest||M|||50|]Ninetales-Alola||LifeOrb|SnowWarning|AuroraVeil,Blizzard,FreezeDry,DazzlingGleam|Timid||M|||50|]Infernape||FocusSash|IronFist|MachPunch,FirePunch,ThunderPunch,Feint|Jolly||M|||50|\n|inactive|Battle timer is ON: inactive players will automatically lose when time's up. (requested by nghiaden)\n|\n|t:|1788187430\n|teamsize|p1|4\n|teamsize|p2|4\n|start\n|switch|p1a: Hiệp sĩ siêu vip|Gallade, L50, M|100/100\n|switch|p1b: ngon eathquake|Rotom-Wash, L50|100/100\n|switch|p2a: Archaludon|Archaludon, L50, M|100/100\n|switch|p2b: Torkoal|Torkoal, L50, M|100/100\n|-weather|SunnyDay|[from] ability: Drought|[of] p2b: Torkoal\n|turn|1\n|\n|t:|1788187448\n|move|p1a: Hiệp sĩ siêu vip|Sacred Sword|p2b: Torkoal\n|-damage|p2b: Torkoal|44/100\n|-enditem|p2b: Torkoal|Sitrus Berry|[eat]\n|-heal|p2b: Torkoal|68/100|[from] item: Sitrus Berry\n|move|p2a: Archaludon|Solar Beam||[still]\n|-prepare|p2a: Archaludon|Solar Beam\n|-anim|p2a: Archaludon|Solar Beam|p1b: ngon eathquake\n|-supereffective|p1b: ngon eathquake|1\n|-damage|p1b: ngon eathquake|32/100\n|move|p1b: ngon eathquake|Hydro Pump|p2b: Torkoal\n|-supereffective|p2b: Torkoal|1\n|-damage|p2b: Torkoal|28/100\n|move|p2b: Torkoal|Weather Ball|p1a: Hiệp sĩ siêu vip\n|-damage|p1a: Hiệp sĩ siêu vip|50/100g\n|\n|-weather|SunnyDay|[upkeep]\n|-heal|p1b: ngon eathquake|38/100|[from] item: Leftovers\n|upkeep\n|turn|2\n|inactive|nghiaden has 30 seconds left.\n|\n|t:|1788187476\n|move|p1a: Hiệp sĩ siêu vip|Sacred Sword|p2a: Archaludon\n|-supereffective|p2a: Archaludon|1\n|-damage|p2a: Archaludon|0 fnt\n|faint|p2a: Archaludon\n|move|p1b: ngon eathquake|Hydro Pump|p2b: Torkoal|[miss]\n|-miss|p1b: ngon eathquake|p2b: Torkoal\n|move|p2b: Torkoal|Body Press|p1b: ngon eathquake\n|-damage|p1b: ngon eathquake|8/100\n|\n|-weather|SunnyDay|[upkeep]\n|-heal|p1b: ngon eathquake|14/100|[from] item: Leftovers\n|upkeep\n|\n|t:|1788187488\n|switch|p2a: Ninetales|Ninetales-Alola, L50, M|100/100\n|-weather|Snowscape|[from] ability: Snow Warning|[of] p2a: Ninetales\n|turn|3\n|c|☆yanpoke5566|Chân mệnh thiên tử à\n|\n|t:|1788187510\n|move|p2a: Ninetales|Blizzard|p1a: Hiệp sĩ siêu vip|[spread] p1a,p1b\n|-resisted|p1b: ngon eathquake|1\n|-damage|p1a: Hiệp sĩ siêu vip|3/100\n|-damage|p1b: ngon eathquake|0 fnt\n|faint|p1b: ngon eathquake\n|-damage|p2a: Ninetales|90/100|[from] item: Life Orb\n|move|p1a: Hiệp sĩ siêu vip|Sacred Sword|p2a: Ninetales\n|-damage|p2a: Ninetales|10/100\n|move|p2b: Torkoal|Body Press|p1a: Hiệp sĩ siêu vip\n|-resisted|p1a: Hiệp sĩ siêu vip|1\n|-damage|p1a: Hiệp sĩ siêu vip|0 fnt\n|faint|p1a: Hiệp sĩ siêu vip\n|\n|-weather|Snowscape|[upkeep]\n|upkeep\n|\n|t:|1788187520\n|switch|p1a: 1%|Weavile, L50, F|100/100\n|switch|p1b: như con rotom|Staraptor, L50, F|100/100\n|-ability|p1a: 1%|Pressure\n|-ability|p1b: như con rotom|Intimidate|boost\n|-unboost|p2a: Ninetales|atk|1\n|-unboost|p2b: Torkoal|atk|1\n|turn|4\n|\n|t:|1788187538\n|detailschange|p1b: như con rotom|Staraptor-Mega, L50, F\n|-mega|p1b: như con rotom|Staraptor|Staraptite\n|move|p1a: 1%|Fake Out|p2a: Ninetales\n|-damage|p2a: Ninetales|0 fnt\n|faint|p2a: Ninetales\n|move|p1b: như con rotom|Close Combat|p2b: Torkoal\n|-damage|p2b: Torkoal|0 fnt\n|-boost|p1b: như con rotom|def|1\n|-boost|p1b: như con rotom|spd|1\n|faint|p2b: Torkoal\n|\n|-weather|Snowscape|[upkeep]\n|upkeep\n|\n|t:|1788187546\n|switch|p2a: Politoed|Politoed, L50, M|100/100\n|-weather|RainDance|[from] ability: Drizzle|[of] p2a: Politoed\n|turn|5\n|\n|t:|1788187555\n|move|p1a: 1%|Knock Off|p2a: Politoed\n|-damage|p2a: Politoed|40/100\n|-enditem|p2a: Politoed|Quick Claw|[from] move: Knock Off|[of] p1a: 1%\n|move|p1b: như con rotom|Close Combat|p2a: Politoed\n|-damage|p2a: Politoed|0 fnt\n|-boost|p1b: như con rotom|def|1\n|-boost|p1b: như con rotom|spd|1\n|faint|p2a: Politoed\n|\n|win|yanpoke5566\n|c|☆yanpoke5566|Quá ngầu\n||nghiaden is ready for game 2.\n||yanpoke5566 is ready for game 2.\n|uhtml|next|Next: <a href=\"/battle-gen9championsvgc2026regmbbo3-2673355094\"><strong>Game 2 of 3</strong></a>\n","uploadtime":1788187573,"views":"2","formatid":"gen9championsvgc2026regmbbo3","rating":null,"private":0,"password":null}