{"id":"gen9championsvgc2026regmb-2674603793","format":"[Gen 9 Champions] VGC 2026 Reg M-B","players":["conngfan","miguelsf"],"log":"|j|☆conngfan\n|j|☆miguelsf\n|t:|1788379166\n|gametype|doubles\n|player|p1|conngfan|arven-s|1583\n|player|p2|miguelsf|2|1516\n|gen|9\n|tier|[Gen 9 Champions] VGC 2026 Reg M-B\n|rated|\n|rule|Species Clause: Limit one of each Pokémon\n|rule|Item Clause: Limit 1 of each item\n|clearpoke\n|poke|p1|Aerodactyl, L50, M|\n|poke|p1|Raichu, L50, F|\n|poke|p1|Sneasler, L50, M|\n|poke|p1|Sylveon, L50, M|\n|poke|p1|Kingambit, L50, M|\n|poke|p1|Tsareena, L50, F|\n|poke|p2|Glimmora, L50, F|\n|poke|p2|Aerodactyl, L50, M|\n|poke|p2|Kingambit, L50, M|\n|poke|p2|Sneasler, L50, M|\n|poke|p2|Tyranitar, L50, M|\n|poke|p2|Meganium, L50, F|\n|teampreview|4\n|inactive|Battle timer is ON: inactive players will automatically lose when time's up. (requested by conngfan)\nmiguelsf has agreed to open team sheets.\n|inactive|conngfan has 60 seconds left.\n|inactive|miguelsf has 60 seconds left.\n|inactive|miguelsf has 30 seconds left.\n|\n|t:|1788379232\n|teamsize|p1|4\n|teamsize|p2|4\n|start\n|switch|p1a: Raichu|Raichu, L50, F|100/100\n|switch|p1b: Tsareena|Tsareena, L50, F|100/100\n|switch|p2a: Aerodactyl|Aerodactyl, L50, M|100/100\n|switch|p2b: Glimmora|Glimmora, L50, F|100/100\n|-ability|p2a: Aerodactyl|Unnerve\n|turn|1\n|inactive|conngfan has 30 seconds left.\n|\n|t:|1788379264\n|detailschange|p1a: Raichu|Raichu-Mega-Y, L50, F\n|-mega|p1a: Raichu|Raichu|Raichunite Y\n|detailschange|p2b: Glimmora|Glimmora-Mega, L50, F\n|-mega|p2b: Glimmora|Glimmora|Glimmoranite\n|move|p2a: Aerodactyl|Tailwind|p2a: Aerodactyl\n|-sidestart|p2: miguelsf|move: Tailwind\n|move|p2b: Glimmora|Earth Power|p1a: Raichu\n|-supereffective|p1a: Raichu|1\n|-damage|p1a: Raichu|10/100\n|move|p1a: Raichu|Zap Cannon|p2a: Aerodactyl\n|-supereffective|p2a: Aerodactyl|1\n|-enditem|p2a: Aerodactyl|Focus Sash\n|-damage|p2a: Aerodactyl|1/100\n|-status|p2a: Aerodactyl|par\n|move|p1b: Tsareena|Power Whip|p2b: Glimmora\n|-damage|p2b: Glimmora|38/100\n|\n|upkeep\n|turn|2\n|\n|t:|1788379286\n|switch|p1a: Aerodactyl|Aerodactyl, L50, M|100/100\n|-ability|p1a: Aerodactyl|Unnerve\n|move|p2b: Glimmora|Sludge Bomb|p1b: Tsareena\n|-supereffective|p1b: Tsareena|1\n|-enditem|p1b: Tsareena|Focus Sash\n|-damage|p1b: Tsareena|1/100\n|move|p2a: Aerodactyl|Rock Slide|p1a: Aerodactyl|[spread] p1a,p1b\n|-supereffective|p1a: Aerodactyl|1\n|-damage|p1a: Aerodactyl|29/100\n|-damage|p1b: Tsareena|0 fnt\n|faint|p1b: Tsareena\n|\n|upkeep\n|\n|t:|1788379297\n|switch|p1b: Raichu|Raichu-Mega-Y, L50, F|10/100\n|turn|3\n|\n|t:|1788379309\n|move|p2b: Glimmora|Spiky Shield|p2b: Glimmora\n|-singleturn|p2b: Glimmora|move: Protect\n|move|p1b: Raichu|Fake Out|p2b: Glimmora\n|-activate|p2b: Glimmora|move: Protect\n|-damage|p1b: Raichu|0 fnt|[from] Spiky Shield|[of] p2b: Glimmora\n|faint|p1b: Raichu\n|move|p2a: Aerodactyl|Rock Slide|p1a: Aerodactyl|[miss]\n|-miss|p2a: Aerodactyl|p1a: Aerodactyl\n|move|p1a: Aerodactyl|Tailwind|p1a: Aerodactyl\n|-sidestart|p1: conngfan|move: Tailwind\n|\n|upkeep\n|\n|t:|1788379311\n|switch|p1b: Sylveon|Sylveon, L50, M|100/100\n|turn|4\n|\n|t:|1788379328\n|move|p1a: Aerodactyl|Protect|p1a: Aerodactyl\n|-singleturn|p1a: Aerodactyl|Protect\n|move|p1b: Sylveon|Protect|p1b: Sylveon\n|-singleturn|p1b: Sylveon|Protect\n|move|p2b: Glimmora|Sludge Bomb|p1b: Sylveon\n|-activate|p1b: Sylveon|move: Protect\n|move|p2a: Aerodactyl|Rock Slide|p1a: Aerodactyl|[spread] \n|-activate|p1a: Aerodactyl|move: Protect\n|-activate|p1b: Sylveon|move: Protect\n|\n|-sideend|p2: miguelsf|move: Tailwind\n|upkeep\n|turn|5\n|\n|t:|1788379339\n|move|p2b: Glimmora|Spiky Shield|p2b: Glimmora\n|-singleturn|p2b: Glimmora|move: Protect\n|move|p1a: Aerodactyl|Rock Slide|p2a: Aerodactyl|[spread] p2a\n|-activate|p2b: Glimmora|move: Protect\n|-supereffective|p2a: Aerodactyl|1\n|-damage|p2a: Aerodactyl|0 fnt\n|faint|p2a: Aerodactyl\n|move|p1b: Sylveon|Hyper Voice|p2b: Glimmora\n|-activate|p2b: Glimmora|move: Protect\n|\n|upkeep\n|\n|t:|1788379349\n|switch|p2a: Sneasler|Sneasler, L50, M|100/100\n|turn|6\n|\n|t:|1788379360\n|move|p2a: Sneasler|Fake Out|p1b: Sylveon\n|-damage|p1b: Sylveon|85/100\n|move|p1a: Aerodactyl|Rock Slide|p2a: Sneasler|[spread] p2a,p2b\n|-resisted|p2a: Sneasler|1\n|-damage|p2a: Sneasler|80/100\n|-damage|p2b: Glimmora|10/100\n|cant|p1b: Sylveon|flinch\n|move|p2b: Glimmora|Power Gem|p1a: Aerodactyl\n|-supereffective|p1a: Aerodactyl|1\n|-damage|p1a: Aerodactyl|0 fnt\n|faint|p1a: Aerodactyl\n|\n|-sideend|p1: conngfan|move: Tailwind\n|upkeep\n|turn|7\n|-message|conngfan forfeited.\n|\n|win|miguelsf\n|raw|conngfan's rating: 1583 &rarr; <strong>1559</strong><br />(-24 for losing)\n|raw|miguelsf's rating: 1516 &rarr; <strong>1540</strong><br />(+24 for winning)\n","uploadtime":1788379366,"views":"0","formatid":"gen9championsvgc2026regmb","rating":1540,"private":0,"password":null}