{"id":"gen9championsvgc2026regmb-2674901851","format":"[Gen 9 Champions] VGC 2026 Reg M-B","players":["Honks123","oceanclouds"],"log":"|j|☆Honks123\n|j|‽oceanclouds\n|t:|1788432624\n|gametype|doubles\n|player|p1|Honks123|byron|1241\n|player|p2|oceanclouds|riley|1181\n|gen|9\n|tier|[Gen 9 Champions] VGC 2026 Reg M-B\n|rated|\n|rule|Species Clause: Limit one of each Pokémon\n|rule|Item Clause: Limit 1 of each item\n|clearpoke\n|poke|p1|Dragonite, L50, F, shiny|\n|poke|p1|Heliolisk, L50, M|\n|poke|p1|Meowstic, L50, M, shiny|\n|poke|p1|Corviknight, L50, M, shiny|\n|poke|p1|Sinistcha, L50|\n|poke|p1|Gholdengo, L50|\n|poke|p2|Excadrill, L50, F|\n|poke|p2|Goodra-Hisui, L50, F|\n|poke|p2|Dragapult, L50, F|\n|poke|p2|Vivillon-Icy Snow, L50, F|\n|poke|p2|Clefable, L50, M|\n|poke|p2|Staraptor, L50, M|\n|teampreview|4\n|\n|t:|1788432662\n|teamsize|p1|4\n|teamsize|p2|4\n|start\n|switch|p1a: Heliolisk|Heliolisk, L50, M|100/100\n|switch|p1b: Meowstic|Meowstic, L50, M, shiny|100/100\n|switch|p2a: Vivillon|Vivillon-Icy Snow, L50, F|100/100\n|switch|p2b: Dragapult|Dragapult, L50, F|100/100\n|turn|1\n|\n|t:|1788432673\n|move|p1b: Meowstic|Fake Out|p2a: Vivillon\n|-damage|p2a: Vivillon|91/100\n|cant|p2a: Vivillon|flinch\n|move|p2b: Dragapult|U-turn|p1b: Meowstic\n|-supereffective|p1b: Meowstic|1\n|-damage|p1b: Meowstic|43/100\n|\n|t:|1788432680\n|switch|p2b: Clefable|Clefable, L50, M|100/100|[from] U-turn\n|move|p1a: Heliolisk|Shed Tail|p1a: Heliolisk\n|-start|p1a: Heliolisk|Substitute|[from] move: Shed Tail\n|-damage|p1a: Heliolisk|50/100y\n|-enditem|p1a: Heliolisk|Sitrus Berry|[eat]\n|-heal|p1a: Heliolisk|74/100|[from] item: Sitrus Berry\n|\n|t:|1788432688\n|switch|p1a: Dragonite|Dragonite, L50, F, shiny|100/100|[from] Shed Tail\n|\n|upkeep\n|turn|2\n|\n|t:|1788432705\n|detailschange|p1a: Dragonite|Dragonite-Mega, L50, F, shiny\n|-mega|p1a: Dragonite|Dragonite|Dragoninite\n|move|p1b: Meowstic|Helping Hand|p1a: Dragonite\n|-singleturn|p1a: Dragonite|Helping Hand|[of] p1b: Meowstic\n|move|p2b: Clefable|Follow Me|p2b: Clefable\n|-singleturn|p2b: Clefable|move: Follow Me\n|move|p2a: Vivillon|Sleep Powder|p1b: Meowstic\n|-status|p1b: Meowstic|slp|[from] move: Sleep Powder\n|move|p1a: Dragonite|Heat Wave|p2a: Vivillon|[spread] p2a,p2b\n|-supereffective|p2a: Vivillon|1\n|-damage|p2a: Vivillon|0 fnt\n|-damage|p2b: Clefable|56/100\n|faint|p2a: Vivillon\n|\n|-heal|p2b: Clefable|62/100|[from] item: Leftovers\n|upkeep\n|\n|t:|1788432718\n|switch|p2a: Dragapult|Dragapult, L50, F|100/100\n|turn|3\n|\n|t:|1788432730\n|cant|p1b: Meowstic|slp\n|move|p2b: Clefable|Follow Me|p2b: Clefable\n|-singleturn|p2b: Clefable|move: Follow Me\n|move|p2a: Dragapult|Dragon Pulse|p1a: Dragonite\n|-supereffective|p1a: Dragonite|1\n|-end|p1a: Dragonite|Substitute\n|move|p1a: Dragonite|Heat Wave|p2a: Dragapult|[spread] p2a,p2b\n|-resisted|p2a: Dragapult|1\n|-damage|p2a: Dragapult|80/100\n|-damage|p2b: Clefable|35/100\n|-start|p1a: Dragonite|Disable|Heat Wave|[from] ability: Cursed Body|[of] p2a: Dragapult\n|\n|-heal|p2b: Clefable|41/100|[from] item: Leftovers\n|upkeep\n|turn|4\n|\n|t:|1788432764\n|move|p1a: Dragonite|Protect|p1a: Dragonite\n|-singleturn|p1a: Dragonite|Protect\n|move|p2b: Clefable|Follow Me|p2b: Clefable\n|-singleturn|p2b: Clefable|move: Follow Me\n|cant|p1b: Meowstic|slp\n|move|p2a: Dragapult|Dragon Pulse|p1a: Dragonite\n|-activate|p1a: Dragonite|move: Protect\n|\n|-heal|p2b: Clefable|47/100|[from] item: Leftovers\n|upkeep\n|turn|5\n|\n|t:|1788432776\n|switch|p1a: Gholdengo|Gholdengo, L50|100/100\n|move|p2b: Clefable|Helping Hand|p2a: Dragapult\n|-singleturn|p2a: Dragapult|Helping Hand|[of] p2b: Clefable\n|-curestatus|p1b: Meowstic|slp|[msg]\n|move|p1b: Meowstic|Light Screen|p1b: Meowstic\n|-sidestart|p1: Honks123|move: Light Screen\n|move|p2a: Dragapult|Dragon Pulse|p1a: Gholdengo\n|-resisted|p1a: Gholdengo|1\n|-damage|p1a: Gholdengo|79/100\n|\n|-heal|p2b: Clefable|52/100|[from] item: Leftovers\n|upkeep\n|turn|6\n|\n|t:|1788432789\n|switch|p1a: Heliolisk|Heliolisk, L50, M|74/100\n|move|p2b: Clefable|Helping Hand|p2a: Dragapult\n|-singleturn|p2a: Dragapult|Helping Hand|[of] p2b: Clefable\n|move|p2a: Dragapult|Flamethrower|p1a: Heliolisk\n|-damage|p1a: Heliolisk|31/100\n|move|p1b: Meowstic|Psychic|p2a: Dragapult\n|-damage|p2a: Dragapult|41/100\n|-start|p1b: Meowstic|Disable|Psychic|[from] ability: Cursed Body|[of] p2a: Dragapult\n|\n|-heal|p2b: Clefable|58/100|[from] item: Leftovers\n|upkeep\n|turn|7\n|\n|t:|1788432812\n|move|p1b: Meowstic|Helping Hand|p1a: Heliolisk\n|-singleturn|p1a: Heliolisk|Helping Hand|[of] p1b: Meowstic\n|move|p2b: Clefable|Follow Me|p2b: Clefable\n|-singleturn|p2b: Clefable|move: Follow Me\n|move|p2a: Dragapult|Hex|p1b: Meowstic\n|-supereffective|p1b: Meowstic|1\n|-damage|p1b: Meowstic|0 fnt\n|faint|p1b: Meowstic\n|move|p1a: Heliolisk|Thunderbolt|p2b: Clefable\n|-damage|p2b: Clefable|2/100\n|\n|-heal|p2b: Clefable|8/100|[from] item: Leftovers\n|upkeep\n|\n|t:|1788432817\n|switch|p1b: Gholdengo|Gholdengo, L50|79/100\n|turn|8\n|\n|t:|1788432833\n|move|p2b: Clefable|Helping Hand|p2a: Dragapult\n|-singleturn|p2a: Dragapult|Helping Hand|[of] p2b: Clefable\n|move|p1a: Heliolisk|Ally Switch|p1a: Heliolisk\n|swap|p1a: Heliolisk|1|[from] move: Ally Switch\n|move|p2a: Dragapult|Hex|p1b: Heliolisk\n|-immune|p1b: Heliolisk\n|move|p1a: Gholdengo|Make It Rain|p2a: Dragapult|[spread] p2a,p2b\n|-supereffective|p2b: Clefable|1\n|-damage|p2a: Dragapult|0 fnt\n|-damage|p2b: Clefable|0 fnt\n|-unboost|p1a: Gholdengo|spa|2\n|faint|p2a: Dragapult\n|faint|p2b: Clefable\n|-damage|p1a: Gholdengo|69/100|[from] item: Life Orb\n|\n|upkeep\n|\n|t:|1788432843\n|switch|p2b: Staraptor|Staraptor, L50, M|100/100\n|-ability|p2b: Staraptor|Intimidate|boost\n|-unboost|p1a: Gholdengo|atk|1\n|-unboost|p1b: Heliolisk|atk|1\n|turn|9\n|\n|t:|1788432852\n|detailschange|p2b: Staraptor|Staraptor-Mega, L50, M\n|-mega|p2b: Staraptor|Staraptor|Staraptite\n|move|p1b: Heliolisk|Thunderbolt|p2b: Staraptor\n|-supereffective|p2b: Staraptor|1\n|-damage|p2b: Staraptor|11/100\n|move|p2b: Staraptor|Close Combat|p1b: Heliolisk\n|-supereffective|p1b: Heliolisk|1\n|-damage|p1b: Heliolisk|0 fnt\n|-boost|p2b: Staraptor|def|1\n|-boost|p2b: Staraptor|spd|1\n|faint|p1b: Heliolisk\n|move|p1a: Gholdengo|Nasty Plot|p1a: Gholdengo\n|-boost|p1a: Gholdengo|spa|2\n|\n|upkeep\n|\n|t:|1788432859\n|switch|p1b: Dragonite|Dragonite-Mega, L50, F, shiny|100/100\n|turn|10\n|\n|t:|1788432868\n|move|p1b: Dragonite|Extreme Speed|p2b: Staraptor\n|-damage|p2b: Staraptor|0 fnt\n|faint|p2b: Staraptor\n|\n|win|Honks123\n|raw|Honks123's rating: 1241 &rarr; <strong>1262</strong><br />(+21 for winning)\n|raw|oceanclouds's rating: 1181 &rarr; <strong>1160</strong><br />(-21 for losing)\n","uploadtime":1788432885,"views":"7","formatid":"gen9championsvgc2026regmb","rating":1160,"private":0,"password":null}