{"id":"gen9championsvgc2026regmb-2674602095","format":"[Gen 9 Champions] VGC 2026 Reg M-B","players":["natejeff","randomtieflinggirl"],"log":"|j|☆natejeff\n|j|☆randomtieflinggirl\n|t:|1788378961\n|gametype|doubles\n|player|p1|natejeff|li|1231\n|player|p2|randomtieflinggirl|266|1168\n|gen|9\n|tier|[Gen 9 Champions] VGC 2026 Reg M-B\n|rated|\n|rule|Species Clause: Limit one of each Pokémon\n|rule|Item Clause: Limit 1 of each item\n|clearpoke\n|poke|p1|Tyranitar, L50, F|\n|poke|p1|Metagross, L50|\n|poke|p1|Excadrill, L50, F|\n|poke|p1|Sinistcha, L50|\n|poke|p1|Rotom-Wash, L50|\n|poke|p1|Floette-Eternal, L50, F|\n|poke|p2|Lycanroc-Dusk, L50, M|\n|poke|p2|Froslass, L50, F|\n|poke|p2|Scovillain, L50, F|\n|poke|p2|Basculegion, L50, M|\n|poke|p2|Kingambit, L50, M|\n|poke|p2|Sneasler, L50, M|\n|teampreview|4\nrandomtieflinggirl has agreed to open team sheets.\nnatejeff has agreed to open team sheets.\n|showteam|p1|Tyranitar||ChopleBerry|SandStream|RockSlide,KnockOff,Earthquake,DragonDance|Jolly||F|||50|]Metagross||Metagrossite|ClearBody|PsychicFangs,IcePunch,IronHead,Protect|Jolly|||||50|]Excadrill||LifeOrb|SandRush|Earthquake,HighHorsepower,RockSlide,Protect|Adamant||F|||50|]Sinistcha||SitrusBerry|Hospitality|MatchaGotcha,ShadowBall,RagePowder,Protect|Modest|||||50|]Rotom-Wash||Leftovers|Levitate|HydroPump,VoltSwitch,Reflect,LightScreen|Calm|||||50|]Floette-Eternal||Floettite|FlowerVeil|DrainingKiss,DazzlingGleam,Psychic,CalmMind|Timid||F|||50|\n|showteam|p2|Lycanroc-Dusk||FocusSash|ToughClaws|RockSlide,CloseCombat,Accelerock,Protect|Adamant||M|||50|]Froslass||Froslassite|SnowCloak|Blizzard,ShadowBall,AuroraVeil,Protect|Modest||F|||50|]Scovillain||Scovillainite|Chlorophyll|Overheat,GigaDrain,RagePowder,Protect|Bold||F|||50|]Basculegion||SitrusBerry|Adaptability|WaveCrash,LastRespects,AquaJet,Protect|Adamant||M|||50|]Kingambit||BlackGlasses|Defiant|KowtowCleave,SuckerPunch,SwordsDance,Protect|Adamant||M|||50|]Sneasler||WhiteHerb|Unburden|CloseCombat,DireClaw,FakeOut,Protect|Adamant||M|||50|\n|\n|t:|1788379006\n|teamsize|p1|4\n|teamsize|p2|4\n|start\n|switch|p1a: Tyranitar|Tyranitar, L50, F|100/100\n|switch|p1b: Excadrill|Excadrill, L50, F|100/100\n|switch|p2a: Scovillain|Scovillain, L50, F|100/100\n|switch|p2b: Sneasler|Sneasler, L50, M|100/100\n|-weather|Sandstorm|[from] ability: Sand Stream|[of] p1a: Tyranitar\n|turn|1\n|inactive|Battle timer is ON: inactive players will automatically lose when time's up. (requested by natejeff)\n|\n|t:|1788379027\n|detailschange|p2a: Scovillain|Scovillain-Mega, L50, F\n|-mega|p2a: Scovillain|Scovillain|Scovillainite\n|move|p2b: Sneasler|Fake Out|p1b: Excadrill\n|-resisted|p1b: Excadrill|1\n|-damage|p1b: Excadrill|90/100\n|cant|p1b: Excadrill|flinch\n|move|p1a: Tyranitar|Dragon Dance|p1a: Tyranitar\n|-boost|p1a: Tyranitar|atk|1\n|-boost|p1a: Tyranitar|spe|1\n|move|p2a: Scovillain|Giga Drain|p1a: Tyranitar\n|-supereffective|p1a: Tyranitar|1\n|-damage|p1a: Tyranitar|55/100\n|\n|-weather|Sandstorm|[upkeep]\n|-damage|p2b: Sneasler|94/100|[from] Sandstorm\n|-damage|p2a: Scovillain|94/100|[from] Sandstorm\n|upkeep\n|turn|2\n|inactive|randomtieflinggirl has 30 seconds left.\n|\n|t:|1788379056\n|switch|p1b: Sinistcha|Sinistcha, L50|100/100\n|-heal|p1a: Tyranitar|80/100|[from] ability: Hospitality|[of] p1b: Sinistcha\n|move|p2a: Scovillain|Rage Powder|p2a: Scovillain\n|-singleturn|p2a: Scovillain|move: Rage Powder\n|move|p1a: Tyranitar|Rock Slide|p2b: Sneasler|[spread] p2b\n|-miss|p1a: Tyranitar|p2a: Scovillain\n|-resisted|p2b: Sneasler|1\n|-crit|p2b: Sneasler\n|-damage|p2b: Sneasler|55/100\n|cant|p2b: Sneasler|flinch\n|\n|-weather|Sandstorm|[upkeep]\n|-damage|p2b: Sneasler|49/100|[from] Sandstorm\n|-damage|p2a: Scovillain|88/100|[from] Sandstorm\n|-damage|p1b: Sinistcha|93/100|[from] Sandstorm\n|upkeep\n|turn|3\n|inactive|randomtieflinggirl has 30 seconds left.\n|\n|t:|1788379088\n|switch|p2b: Kingambit|Kingambit, L50, M|100/100\n|move|p1b: Sinistcha|Rage Powder|p1b: Sinistcha\n|-singleturn|p1b: Sinistcha|move: Rage Powder\n|move|p1a: Tyranitar|Dragon Dance|p1a: Tyranitar\n|-boost|p1a: Tyranitar|atk|1\n|-boost|p1a: Tyranitar|spe|1\n|move|p2a: Scovillain|Giga Drain|p1a: Tyranitar\n|-supereffective|p1a: Tyranitar|1\n|-damage|p1a: Tyranitar|35/100\n|-heal|p2a: Scovillain|100/100|[from] drain|[of] p1a: Tyranitar\n|\n|-weather|Sandstorm|[upkeep]\n|-damage|p2a: Scovillain|94/100|[from] Sandstorm\n|-damage|p1b: Sinistcha|87/100|[from] Sandstorm\n|upkeep\n|turn|4\n|\n|t:|1788379108\n|move|p1a: Tyranitar|Earthquake|p2a: Scovillain|[spread] p1b,p2a,p2b\n|-resisted|p1b: Sinistcha|1\n|-supereffective|p2b: Kingambit|1\n|-damage|p1b: Sinistcha|65/100\n|-damage|p2a: Scovillain|43/100\n|-damage|p2b: Kingambit|25/100\n|-status|p1a: Tyranitar|brn|[from] ability: Spicy Spray|[of] p2a: Scovillain\n|move|p2a: Scovillain|Overheat|p1b: Sinistcha\n|-supereffective|p1b: Sinistcha|1\n|-damage|p1b: Sinistcha|0 fnt\n|-unboost|p2a: Scovillain|spa|2\n|faint|p1b: Sinistcha\n|move|p2b: Kingambit|Kowtow Cleave|p1a: Tyranitar\n|-resisted|p1a: Tyranitar|1\n|-damage|p1a: Tyranitar|6/100 brn\n|\n|-weather|Sandstorm|[upkeep]\n|-damage|p2a: Scovillain|37/100|[from] Sandstorm\n|-damage|p1a: Tyranitar|1/100 brn|[from] brn\n|upkeep\n|inactive|natejeff has 30 seconds left.\n|\n|t:|1788379137\n|switch|p1b: Excadrill|Excadrill, L50, F|90/100\n|turn|5\n|\n|t:|1788379147\n|move|p2b: Kingambit|Protect|p2b: Kingambit\n|-singleturn|p2b: Kingambit|Protect\n|move|p1b: Excadrill|Earthquake|p2a: Scovillain|[spread] p1a,p2a\n|-activate|p2b: Kingambit|move: Protect\n|-supereffective|p1a: Tyranitar|1\n|-damage|p1a: Tyranitar|0 fnt\n|-damage|p2a: Scovillain|0 fnt\n|-status|p1b: Excadrill|brn|[from] ability: Spicy Spray|[of] p2a: Scovillain\n|faint|p1a: Tyranitar\n|faint|p2a: Scovillain\n|-damage|p1b: Excadrill|81/100 brn|[from] item: Life Orb\n|\n|-weather|none\n|-damage|p1b: Excadrill|75/100 brn|[from] brn\n|upkeep\n|\n|t:|1788379161\n|switch|p1a: Metagross|Metagross, L50|100/100\n|switch|p2a: Sneasler|Sneasler, L50, M|49/100\n|turn|6\n|\n|t:|1788379173\n|move|p2a: Sneasler|Protect|p2a: Sneasler\n|-singleturn|p2a: Sneasler|Protect\n|move|p1a: Metagross|Protect|p1a: Metagross\n|-singleturn|p1a: Metagross|Protect\n|move|p2b: Kingambit|Sucker Punch||[still]\n|-fail|p2b: Kingambit\n|move|p1b: Excadrill|High Horsepower|p2b: Kingambit\n|-supereffective|p2b: Kingambit|1\n|-damage|p2b: Kingambit|0 fnt\n|faint|p2b: Kingambit\n|-damage|p1b: Excadrill|65/100 brn|[from] item: Life Orb\n|\n|-damage|p1b: Excadrill|59/100 brn|[from] brn\n|upkeep\n|\n|t:|1788379185\n|switch|p2b: Basculegion|Basculegion, L50, M|100/100\n|turn|7\n|\n|t:|1788379207\n|detailschange|p1a: Metagross|Metagross-Mega, L50\n|-mega|p1a: Metagross|Metagross|Metagrossite\n|move|p2b: Basculegion|Aqua Jet|p1b: Excadrill\n|-supereffective|p1b: Excadrill|1\n|-damage|p1b: Excadrill|0 fnt\n|faint|p1b: Excadrill\n|move|p1a: Metagross|Psychic Fangs|p2b: Basculegion\n|-damage|p2b: Basculegion|32/100\n|-enditem|p2b: Basculegion|Sitrus Berry|[eat]\n|-heal|p2b: Basculegion|57/100|[from] item: Sitrus Berry\n|move|p2a: Sneasler|Close Combat|p1a: Metagross\n|-crit|p1a: Metagross\n|-damage|p1a: Metagross|34/100\n|-unboost|p2a: Sneasler|def|1\n|-unboost|p2a: Sneasler|spd|1\n|-enditem|p2a: Sneasler|White Herb\n|-clearnegativeboost|p2a: Sneasler|[silent]\n|\n|upkeep\n|turn|8\n|\n|t:|1788379224\n|move|p2a: Sneasler|Close Combat|p1a: Metagross\n|-damage|p1a: Metagross|0 fnt\n|-unboost|p2a: Sneasler|def|1\n|-unboost|p2a: Sneasler|spd|1\n|faint|p1a: Metagross\n|\n|win|randomtieflinggirl\n|raw|natejeff's rating: 1231 &rarr; <strong>1202</strong><br />(-29 for losing)\n|raw|randomtieflinggirl's rating: 1168 &rarr; <strong>1197</strong><br />(+29 for winning)\n|c|☆natejeff|nice cirt\n|l|☆natejeff\n|player|p1|\n|c|☆randomtieflinggirl|thanks wouldve won anyway\n|c|☆randomtieflinggirl|gg tho\n","uploadtime":1788379245,"views":"2","formatid":"gen9championsvgc2026regmb","rating":1197,"private":0,"password":null}