{"id":"gen9championsvgc2026regmb-2674811269","format":"[Gen 9 Champions] VGC 2026 Reg M-B","players":["soraking56","Luma Tactas"],"log":"|j|☆soraking56\n|j|☆Luma Tactas\n|t:|1788411543\n|gametype|doubles\n|player|p1|soraking56|266|1118\n|player|p2|Luma Tactas|acetrainerf|1165\n|gen|9\n|tier|[Gen 9 Champions] VGC 2026 Reg M-B\n|rated|\n|rule|Species Clause: Limit one of each Pokémon\n|rule|Item Clause: Limit 1 of each item\n|clearpoke\n|poke|p1|Lucario, L50, M|\n|poke|p1|Grimmsnarl, L50, M, shiny|\n|poke|p1|Whimsicott, L50, F|\n|poke|p1|Snorlax, L50, M|\n|poke|p1|Camerupt, L50, M|\n|poke|p1|Gardevoir, L50, M|\n|poke|p2|Gardevoir, L50, F, shiny|\n|poke|p2|Sneasler, L50, M|\n|poke|p2|Sinistcha, L50|\n|poke|p2|Rotom-Wash, L50|\n|poke|p2|Talonflame, L50, M|\n|poke|p2|Garchomp, L50, F|\n|teampreview|4\nLuma Tactas has agreed to open team sheets.\n|\n|t:|1788411593\n|teamsize|p1|4\n|teamsize|p2|4\n|start\n|switch|p1a: Whimsicott|Whimsicott, L50, F|100/100\n|switch|p1b: Camerupt|Camerupt, L50, M|100/100\n|switch|p2a: Morganucodon|Talonflame, L50, M|100/100\n|switch|p2b: Unseen|Sneasler, L50, M|100/100\n|turn|1\n|inactive|Battle timer is ON: inactive players will automatically lose when time's up. (requested by soraking56)\n|\n|t:|1788411631\n|move|p1a: Whimsicott|Protect|p1a: Whimsicott\n|-singleturn|p1a: Whimsicott|Protect\n|move|p2a: Morganucodon|Protect|p2a: Morganucodon\n|-singleturn|p2a: Morganucodon|Protect\n|move|p1b: Camerupt|Protect|p1b: Camerupt\n|-singleturn|p1b: Camerupt|Protect\n|move|p2b: Unseen|Fake Out|p1a: Whimsicott\n|-activate|p1a: Whimsicott|move: Protect\n|\n|upkeep\n|turn|2\n|inactive|Luma Tactas has 30 seconds left.\n|\n|t:|1788411661\n|switch|p2b: Motorwash|Rotom-Wash, L50|100/100\n|move|p2a: Morganucodon|Dual Wingbeat|p1a: Whimsicott\n|-supereffective|p1a: Whimsicott|1\n|-damage|p1a: Whimsicott|74/100\n|-supereffective|p1a: Whimsicott|1\n|-damage|p1a: Whimsicott|46/100\n|-hitcount|p1a: Whimsicott|2\n|move|p1a: Whimsicott|Tailwind|p1a: Whimsicott\n|-sidestart|p1: soraking56|move: Tailwind\n|move|p1b: Camerupt|Earth Power|p2b: Motorwash\n|-immune|p2b: Motorwash|[from] ability: Levitate\n|\n|upkeep\n|turn|3\n|inactive|soraking56 has 30 seconds left.\n|inactive|Luma Tactas has 30 seconds left.\n|inactive|Luma Tactas has 20 seconds left.\n|inactive|Luma Tactas has 15 seconds left.\n|\n|t:|1788411716\n|switch|p1b: Snorlax|Snorlax, L50, M|100/100\n|move|p1a: Whimsicott|Protect|p1a: Whimsicott\n|-singleturn|p1a: Whimsicott|Protect\n|move|p2b: Motorwash|Protect|p2b: Motorwash\n|-singleturn|p2b: Motorwash|Protect\n|move|p2a: Morganucodon|Dual Wingbeat|p1a: Whimsicott\n|-activate|p1a: Whimsicott|move: Protect\n|\n|upkeep\n|turn|4\n|\n|t:|1788411737\n|switch|p2b: Unseen|Sneasler, L50, M|100/100\n|move|p2a: Morganucodon|Protect|p2a: Morganucodon\n|-singleturn|p2a: Morganucodon|Protect\n|move|p1a: Whimsicott|Moonblast|p2b: Unseen\n|-damage|p2b: Unseen|63/100\n|move|p1b: Snorlax|Rock Slide|p2b: Unseen|[spread] p2b\n|-activate|p2a: Morganucodon|move: Protect\n|-resisted|p2b: Unseen|1\n|-damage|p2b: Unseen|50/100g\n|\n|upkeep\n|turn|5\n|\n|t:|1788411760\n|move|p1a: Whimsicott|Protect|p1a: Whimsicott\n|-singleturn|p1a: Whimsicott|Protect\n|move|p2b: Unseen|Fake Out|p1b: Snorlax\n|-damage|p1b: Snorlax|91/100\n|move|p2a: Morganucodon|Dual Wingbeat|p1a: Whimsicott\n|-activate|p1a: Whimsicott|move: Protect\n|cant|p1b: Snorlax|flinch\n|\n|-heal|p1b: Snorlax|97/100|[from] item: Leftovers\n|-sideend|p1: soraking56|move: Tailwind\n|upkeep\n|turn|6\n|\n|t:|1788411776\n|move|p2a: Morganucodon|Dual Wingbeat|p1a: Whimsicott\n|-supereffective|p1a: Whimsicott|1\n|-damage|p1a: Whimsicott|19/100\n|-supereffective|p1a: Whimsicott|1\n|-damage|p1a: Whimsicott|0 fnt\n|faint|p1a: Whimsicott\n|-hitcount|p1: Whimsicott|2\n|move|p2b: Unseen|Close Combat|p1b: Snorlax\n|-supereffective|p1b: Snorlax|1\n|-damage|p1b: Snorlax|10/100\n|-unboost|p2b: Unseen|def|1\n|-unboost|p2b: Unseen|spd|1\n|-enditem|p2b: Unseen|White Herb\n|-clearnegativeboost|p2b: Unseen|[silent]\n|move|p1b: Snorlax|Heavy Slam|p2b: Unseen\n|-damage|p2b: Unseen|0 fnt\n|faint|p2b: Unseen\n|\n|-heal|p1b: Snorlax|16/100|[from] item: Leftovers\n|upkeep\n|\n|t:|1788411797\n|switch|p2b: Motorwash|Rotom-Wash, L50|100/100\n|switch|p1a: Camerupt|Camerupt, L50, M|100/100\n|turn|7\n|\n|t:|1788411818\n|move|p1a: Camerupt|Protect|p1a: Camerupt\n|-singleturn|p1a: Camerupt|Protect\n|move|p1b: Snorlax|Protect|p1b: Snorlax\n|-singleturn|p1b: Snorlax|Protect\n|move|p2a: Morganucodon|Dual Wingbeat|p1b: Snorlax\n|-activate|p1b: Snorlax|move: Protect\n|move|p2b: Motorwash|Hydro Pump|p1a: Camerupt\n|-activate|p1a: Camerupt|move: Protect\n|\n|-heal|p1b: Snorlax|22/100|[from] item: Leftovers\n|upkeep\n|turn|8\n|inactive|soraking56 has 30 seconds left.\n|\n|t:|1788411848\n|switch|p1a: Lucario|Lucario, L50, M|100/100\n|move|p2a: Morganucodon|Dual Wingbeat|p1b: Snorlax\n|-damage|p1b: Snorlax|12/100\n|-damage|p1b: Snorlax|2/100\n|-hitcount|p1b: Snorlax|2\n|move|p2b: Motorwash|Hydro Pump|p1a: Lucario\n|-damage|p1a: Lucario|16/100\n|move|p1b: Snorlax|Rock Slide|p2a: Morganucodon|[spread] p2a,p2b\n|-supereffective|p2a: Morganucodon|2\n|-crit|p2b: Motorwash\n|-damage|p2a: Morganucodon|9/100\n|-damage|p2b: Motorwash|74/100\n|\n|-heal|p2b: Motorwash|79/100|[from] item: Leftovers\n|-heal|p1b: Snorlax|8/100|[from] item: Leftovers\n|upkeep\n|turn|9\n|\n|t:|1788411869\n|move|p2a: Morganucodon|Protect|p2a: Morganucodon\n|-singleturn|p2a: Morganucodon|Protect\n|move|p1a: Lucario|Protect|p1a: Lucario\n|-singleturn|p1a: Lucario|Protect\n|move|p1b: Snorlax|Protect|p1b: Snorlax\n|-singleturn|p1b: Snorlax|Protect\n|move|p2b: Motorwash|Thunderbolt|p1a: Lucario\n|-activate|p1a: Lucario|move: Protect\n|\n|-heal|p2b: Motorwash|85/100|[from] item: Leftovers\n|-heal|p1b: Snorlax|14/100|[from] item: Leftovers\n|upkeep\n|turn|10\n|\n|t:|1788411886\n|switch|p2a: Starflare|Garchomp, L50, F|100/100\n|move|p1a: Lucario|Extreme Speed|p2a: Starflare\n|-damage|p2a: Starflare|74/100\n|-damage|p1a: Lucario|4/100|[from] ability: Rough Skin|[of] p2a: Starflare\n|move|p2b: Motorwash|Thunderbolt|p1a: Lucario\n|-damage|p1a: Lucario|0 fnt\n|faint|p1a: Lucario\n|move|p1b: Snorlax|Heavy Slam|p2b: Motorwash\n|-resisted|p2b: Motorwash|2\n|-damage|p2b: Motorwash|74/100\n|\n|-heal|p2b: Motorwash|80/100|[from] item: Leftovers\n|-heal|p1b: Snorlax|20/100y|[from] item: Leftovers\n|upkeep\n|\n|t:|1788411900\n|switch|p1a: Camerupt|Camerupt, L50, M|100/100\n|turn|11\n|\n|t:|1788411912\n|detailschange|p1a: Camerupt|Camerupt-Mega, L50, M\n|-mega|p1a: Camerupt|Camerupt|Cameruptite\n|move|p1b: Snorlax|Protect|p1b: Snorlax\n|-singleturn|p1b: Snorlax|Protect\n|move|p2a: Starflare|Earthquake|p1b: Snorlax|[spread] p1a\n|-activate|p1b: Snorlax|move: Protect\n|-immune|p2b: Motorwash|[from] ability: Levitate\n|-supereffective|p1a: Camerupt|1\n|-damage|p1a: Camerupt|0 fnt\n|faint|p1a: Camerupt\n|-damage|p2a: Starflare|65/100|[from] item: Life Orb\n|move|p2b: Motorwash|Hydro Pump|p1b: Snorlax\n|-activate|p1b: Snorlax|move: Protect\n|\n|-heal|p2b: Motorwash|85/100|[from] item: Leftovers\n|-heal|p1b: Snorlax|26/100|[from] item: Leftovers\n|upkeep\n|turn|12\n|\n|t:|1788411932\n|move|p2a: Starflare|Earthquake|p1b: Snorlax|[spread] p1b\n|-immune|p2b: Motorwash|[from] ability: Levitate\n|-damage|p1b: Snorlax|0 fnt\n|faint|p1b: Snorlax\n|-damage|p2a: Starflare|55/100|[from] item: Life Orb\n|\n|win|Luma Tactas\n|raw|soraking56's rating: 1118 &rarr; <strong>1096</strong><br />(-22 for losing)\n|raw|Luma Tactas's rating: 1165 &rarr; <strong>1187</strong><br />(+22 for winning)\n|l|☆soraking56\n|player|p1|\n","uploadtime":1788411940,"views":"12","formatid":"gen9championsvgc2026regmb","rating":1096,"private":0,"password":null}