{"id":"gen9championsvgc2026regmbbo3-2674593458","format":"[Gen 9 Champions] VGC 2026 Reg M-B (Bo3)","players":["Olciax34","4nye"],"log":"|j|☆Olciax34\n|j|☆4nye\n|html|<table width=\"100%\"><tr><td align=\"left\">Olciax34</td><td align=\"right\">4nye</tr><tr><td align=\"left\"><i class=\"fa fa-circle\"></i> <i class=\"fa fa-circle-o\"></i> </td><td align=\"right\"><i class=\"fa fa-circle-o\"></i> <i class=\"fa fa-circle-o\"></i> </tr></table>\n|uhtml|bestof|<h2><strong>Game 2</strong> of <a href=\"/game-bestof3-gen9championsvgc2026regmbbo3-2674591183\">a best-of-3</a></h2>\n|t:|1788377917\n|gametype|doubles\n|player|p1|Olciax34|clair|1383\n|player|p2|4nye|lyra|1232\n|gen|9\n|tier|[Gen 9 Champions] VGC 2026 Reg M-B (Bo3)\n|rated|\n|rule|Species Clause: Limit one of each Pokémon\n|rule|Item Clause: Limit 1 of each item\n|clearpoke\n|poke|p1|Floette-Eternal, L50, F|\n|poke|p1|Sinistcha, L50|\n|poke|p1|Incineroar, L50, M|\n|poke|p1|Basculegion, L50, M|\n|poke|p1|Sneasler, L50, F|\n|poke|p1|Dragonite, L50, M|\n|poke|p2|Charizard, L50, F|\n|poke|p2|Whimsicott, L50, F|\n|poke|p2|Garchomp, L50, F|\n|poke|p2|Farigiraf, L50, F|\n|poke|p2|Basculegion, L50, M|\n|poke|p2|Mawile, L50, F|\n|teampreview|4\n|showteam|p1|Floette-Eternal||Floettite|FlowerVeil|DazzlingGleam,DrainingKiss,CalmMind,Protect|Modest||F|||50|]Sinistcha||ColburBerry|Hospitality|MatchaGotcha,TrickRoom,RagePowder,Protect|Calm|||||50|]Incineroar||SitrusBerry|Intimidate|FlareBlitz,ThroatChop,PartingShot,FakeOut|Careful||M|||50|]Basculegion||ChoiceScarf|Adaptability|WaveCrash,FlipTurn,AquaJet,LastRespects|Jolly||M|||50|]Sneasler||FocusSash|PoisonTouch|FakeOut,PoisonJab,CloseCombat,Coaching|Jolly||F|||50|]Dragonite||Dragoninite|Multiscale|DragonPulse,HeatWave,ExtremeSpeed,Protect|Modest||M|||50|\n|showteam|p2|Charizard||CharizarditeY|Blaze|HeatWave,WeatherBall,AncientPower,Protect|Timid||F|||50|]Whimsicott||FocusSash|Prankster|Protect,Moonblast,Tailwind,Encore|Timid||F|||50|]Garchomp||SitrusBerry|RoughSkin|Protect,Earthquake,DragonClaw,RockSlide|Adamant||F|||50|]Farigiraf||ColburBerry|ArmorTail|Psychic,HelpingHand,Thunderbolt,TrickRoom|Modest||F|||50|]Basculegion||LifeOrb|Adaptability|WaveCrash,LastRespects,AquaJet,Protect|Adamant||M|||50|]Mawile||Mawilite|HyperCutter|Protect,PlayRough,SuckerPunch,RockSlide|Adamant||F|||50|\n|inactive|Battle timer is ON: inactive players will automatically lose when time's up. (requested by Olciax34)\n|\n|t:|1788377946\n|teamsize|p1|4\n|teamsize|p2|4\n|start\n|switch|p1a: Floette|Floette-Eternal, L50, F|100/100\n|switch|p1b: Incineroar|Incineroar, L50, M|100/100\n|switch|p2a: Charizard|Charizard, L50, F|100/100\n|switch|p2b: Garchomp|Garchomp, L50, F|100/100\n|-ability|p1b: Incineroar|Intimidate|boost\n|-unboost|p2a: Charizard|atk|1\n|-unboost|p2b: Garchomp|atk|1\n|turn|1\n|inactive|4nye has 30 seconds left.\n|\n|t:|1788377971\n|switch|p2b: Farigiraf|Farigiraf, L50, F|100/100\n|detailschange|p2a: Charizard|Charizard-Mega-Y, L50, F\n|-mega|p2a: Charizard|Charizard|Charizardite Y\n|-weather|SunnyDay|[from] ability: Drought|[of] p2a: Charizard\n|detailschange|p1a: Floette|Floette-Mega, L50, F\n|-mega|p1a: Floette|Floette|Floettite\n|-ability|p1a: Floette|Fairy Aura\n|move|p1b: Incineroar|Fake Out||[still]\n|cant|p2b: Farigiraf|ability: Armor Tail|Fake Out|[of] p1b: Incineroar\n|move|p2a: Charizard|Ancient Power|p1b: Incineroar\n|-supereffective|p1b: Incineroar|1\n|-damage|p1b: Incineroar|65/100\n|move|p1a: Floette|Calm Mind|p1a: Floette\n|-boost|p1a: Floette|spa|1\n|-boost|p1a: Floette|spd|1\n|\n|-weather|SunnyDay|[upkeep]\n|upkeep\n|turn|2\n|inactive|4nye has 30 seconds left.\n|\n|t:|1788378001\n|switch|p1b: Sneasler|Sneasler, L50, F|100/100\n|move|p2a: Charizard|Heat Wave|p1b: Sneasler|[spread] p1a,p1b\n|-damage|p1a: Floette|70/100\n|-damage|p1b: Sneasler|20/100r\n|move|p1a: Floette|Calm Mind|p1a: Floette\n|-boost|p1a: Floette|spa|1\n|-boost|p1a: Floette|spd|1\n|move|p2b: Farigiraf|Psychic|p1a: Floette\n|-damage|p1a: Floette|56/100\n|\n|-weather|SunnyDay|[upkeep]\n|upkeep\n|turn|3\n|inactive|4nye has 30 seconds left.\n|inactive|4nye has 20 seconds left.\n|inactive|4nye has 15 seconds left.\n|\n|t:|1788378042\n|move|p2b: Farigiraf|Helping Hand|p2a: Charizard\n|-singleturn|p2a: Charizard|Helping Hand|[of] p2b: Farigiraf\n|move|p1b: Sneasler|Poison Jab|p2a: Charizard\n|-damage|p2a: Charizard|52/100\n|move|p2a: Charizard|Weather Ball|p1a: Floette\n|-damage|p1a: Floette|8/100\n|move|p1a: Floette|Draining Kiss|p2b: Farigiraf\n|-damage|p2b: Farigiraf|25/100\n|-heal|p1a: Floette|75/100|[from] drain|[of] p2b: Farigiraf\n|\n|-weather|SunnyDay|[upkeep]\n|upkeep\n|turn|4\n|\n|t:|1788378064\n|move|p2a: Charizard|Protect|p2a: Charizard\n|-singleturn|p2a: Charizard|Protect\n|move|p1b: Sneasler|Poison Jab|p2a: Charizard\n|-activate|p2a: Charizard|move: Protect\n|move|p1a: Floette|Dazzling Gleam|p2a: Charizard|[spread] p2b\n|-activate|p2a: Charizard|move: Protect\n|-damage|p2b: Farigiraf|0 fnt\n|faint|p2b: Farigiraf\n|\n|-weather|SunnyDay|[upkeep]\n|upkeep\n|\n|t:|1788378077\n|switch|p2b: Whimsicott|Whimsicott, L50, F|100/100\n|turn|5\n|\n|t:|1788378094\n|switch|p1b: Incineroar|Incineroar, L50, M|65/100\n|-ability|p1b: Incineroar|Intimidate|boost\n|-unboost|p2a: Charizard|atk|1\n|-unboost|p2b: Whimsicott|atk|1\n|move|p2b: Whimsicott|Encore|p1a: Floette\n|-start|p1a: Floette|Encore\n|move|p2a: Charizard|Heat Wave|p1a: Floette|[spread] p1b\n|-miss|p2a: Charizard|p1a: Floette\n|-resisted|p1b: Incineroar|1\n|-damage|p1b: Incineroar|44/100\n|-enditem|p1b: Incineroar|Sitrus Berry|[eat]\n|-heal|p1b: Incineroar|69/100|[from] item: Sitrus Berry\n|move|p1a: Floette|Dazzling Gleam|p2a: Charizard|[spread] p2a,p2b\n|-resisted|p2a: Charizard|1\n|-damage|p2a: Charizard|12/100\n|-enditem|p2b: Whimsicott|Focus Sash\n|-damage|p2b: Whimsicott|1/100\n|\n|-weather|none\n|upkeep\n|turn|6\n|\n|t:|1788378111\n|switch|p1b: Sneasler|Sneasler, L50, F|20/100r\n|move|p2b: Whimsicott|Protect|p2b: Whimsicott\n|-singleturn|p2b: Whimsicott|Protect\n|move|p2a: Charizard|Protect|p2a: Charizard\n|-singleturn|p2a: Charizard|Protect\n|move|p1a: Floette|Dazzling Gleam|p2a: Charizard|[spread] \n|-activate|p2a: Charizard|move: Protect\n|-activate|p2b: Whimsicott|move: Protect\n|\n|upkeep\n|turn|7\n|inactive|4nye has 30 seconds left.\n|\n|t:|1788378139\n|move|p1b: Sneasler|Fake Out|p2a: Charizard\n|-damage|p2a: Charizard|0 fnt\n|faint|p2a: Charizard\n|move|p2b: Whimsicott|Moonblast|p1a: Floette\n|-damage|p1a: Floette|59/100\n|move|p1a: Floette|Dazzling Gleam|p2b: Whimsicott\n|-damage|p2b: Whimsicott|0 fnt\n|faint|p2b: Whimsicott\n|\n|-end|p1a: Floette|Encore\n|upkeep\n|\n|t:|1788378146\n|switch|p2a: Garchomp|Garchomp, L50, F|100/100\n|turn|8\n|\n|t:|1788378152\n|move|p1a: Floette|Protect|p1a: Floette\n|-singleturn|p1a: Floette|Protect\n|move|p1b: Sneasler|Coaching|p1a: Floette\n|-boost|p1a: Floette|atk|1\n|-boost|p1a: Floette|def|1\n|move|p2a: Garchomp|Earthquake|p1a: Floette|[spread] p1b\n|-activate|p1a: Floette|move: Protect\n|-supereffective|p1b: Sneasler|1\n|-damage|p1b: Sneasler|0 fnt\n|faint|p1b: Sneasler\n|\n|upkeep\n|\n|t:|1788378161\n|switch|p1b: Sinistcha|Sinistcha, L50|100/100\n|-heal|p1a: Floette|84/100|[from] ability: Hospitality|[of] p1b: Sinistcha\n|turn|9\n|-message|4nye forfeited.\n|raw|Olciax34's rating: 1383 &rarr; <strong>1395</strong><br />(+12 for winning)\n|raw|4nye's rating: 1232 &rarr; <strong>1217</strong><br />(-15 for losing)\n|\n|win|Olciax34\n|l|☆4nye\n|player|p2|\n","uploadtime":1788378162,"views":"5","formatid":"gen9championsvgc2026regmbbo3","rating":1217,"private":0,"password":null}