{"id":"gen9championsvgc2026regmbbo3-2673968728","format":"[Gen 9 Champions] VGC 2026 Reg M-B (Bo3)","players":["kigokigo","Magmortar_alt"],"log":"|j|☆kigokigo\n|j|☆Magmortar_alt\n|html|<table width=\"100%\"><tr><td align=\"left\">kigokigo</td><td align=\"right\">Magmortar_alt</tr><tr><td align=\"left\"><i class=\"fa fa-circle\"></i> <i class=\"fa fa-circle-o\"></i> </td><td align=\"right\"><i class=\"fa fa-circle-o\"></i> <i class=\"fa fa-circle-o\"></i> </tr></table>\n|uhtml|bestof|<h2><strong>Game 2</strong> of <a href=\"/game-bestof3-gen9championsvgc2026regmbbo3-2673965616\">a best-of-3</a></h2>\n|t:|1788283028\n|gametype|doubles\n|player|p1|kigokigo|102|1226\n|player|p2|Magmortar_alt|1|1273\n|gen|9\n|tier|[Gen 9 Champions] VGC 2026 Reg M-B (Bo3)\n|rated|\n|rule|Species Clause: Limit one of each Pokémon\n|rule|Item Clause: Limit 1 of each item\n|clearpoke\n|poke|p1|Staraptor, L50, F|\n|poke|p1|Whimsicott, L50, M|\n|poke|p1|Incineroar, L50, M|\n|poke|p1|Grimmsnarl, L50, M|\n|poke|p1|Clefable, L50, M|\n|poke|p1|Raichu, L50, F|\n|poke|p2|Raichu, L50, M|\n|poke|p2|Mamoswine, L50, M|\n|poke|p2|Sinistcha, L50|\n|poke|p2|Sylveon, L50, F|\n|poke|p2|Arcanine-Hisui, L50, M|\n|poke|p2|Meowscarada, L50, M|\n|teampreview|4\n|showteam|p1|Staraptor||Staraptite|Intimidate|CloseCombat,DualWingbeat,Roost,Protect|Jolly||F|||50|]Whimsicott||FocusSash|Prankster|Charm,Encore,Safeguard,Protect|Bold||M|||50|]Incineroar||SitrusBerry|Intimidate|PartingShot,FlareBlitz,Snarl,FakeOut|Calm||M|||50|]Grimmsnarl||LightClay|Prankster|LightScreen,Reflect,PartingShot,SpiritBreak|Calm||M|||50|]Clefable||Leftovers|Unaware|FollowMe,Moonlight,Charm,CosmicPower|Calm||M|||50|]Raichu||ShucaBerry|LightningRod|Charm,Encore,Protect,VoltSwitch|Timid||F|||50|\n|showteam|p2|Raichu||RaichuniteY|LightningRod|ZapCannon,FocusBlast,FakeOut,Protect|Timid||M|||50|]Mamoswine||LifeOrb|Oblivious|HighHorsepower,IcicleCrash,IceShard,Protect|Adamant||M|||50|]Sinistcha||ColburBerry|Hospitality|MatchaGotcha,RagePowder,TrickRoom,Protect|Bold|||||50|]Sylveon||FairyFeather|Pixilate|HyperVoice,HyperBeam,CalmMind,Detect|Modest||F|||50|]Arcanine-Hisui||FocusSash|Intimidate|FlareBlitz,RockSlide,ExtremeSpeed,Protect|Jolly||M|||50|]Meowscarada||ChoiceScarf|Protean|FlowerTrick,KnockOff,TripleAxel,AerialAce|Jolly||M|||50|\n|inactive|Battle timer is ON: inactive players will automatically lose when time's up. (requested by Magmortar_alt)\n|\n|t:|1788283040\n|teamsize|p1|4\n|teamsize|p2|4\n|start\n|switch|p1a: Incineroar|Incineroar, L50, M|100/100\n|switch|p1b: Grimmsnarl|Grimmsnarl, L50, M|100/100\n|switch|p2a: Sylveon|Sylveon, L50, F|100/100\n|switch|p2b: Raichu|Raichu, L50, M|100/100\n|-ability|p1a: Incineroar|Intimidate|boost\n|-unboost|p2a: Sylveon|atk|1\n|-unboost|p2b: Raichu|atk|1\n|turn|1\n|\n|t:|1788283050\n|detailschange|p2b: Raichu|Raichu-Mega-Y, L50, M\n|-mega|p2b: Raichu|Raichu|Raichunite Y\n|move|p2b: Raichu|Fake Out|p1a: Incineroar\n|-damage|p1a: Incineroar|95/100\n|cant|p1a: Incineroar|flinch\n|move|p1b: Grimmsnarl|Light Screen|p1b: Grimmsnarl\n|-sidestart|p1: kigokigo|move: Light Screen\n|move|p2a: Sylveon|Calm Mind|p2a: Sylveon\n|-boost|p2a: Sylveon|spa|1\n|-boost|p2a: Sylveon|spd|1\n|\n|upkeep\n|turn|2\n|\n|t:|1788283062\n|move|p1b: Grimmsnarl|Reflect|p1b: Grimmsnarl\n|-sidestart|p1: kigokigo|Reflect\n|move|p2b: Raichu|Focus Blast|p1a: Incineroar\n|-supereffective|p1a: Incineroar|1\n|-damage|p1a: Incineroar|51/100\n|move|p2a: Sylveon|Hyper Voice|p1b: Grimmsnarl|[spread] p1a,p1b\n|-supereffective|p1b: Grimmsnarl|1\n|-damage|p1a: Incineroar|11/100\n|-damage|p1b: Grimmsnarl|28/100\n|-enditem|p1a: Incineroar|Sitrus Berry|[eat]\n|-heal|p1a: Incineroar|36/100|[from] item: Sitrus Berry\n|move|p1a: Incineroar|Snarl|p2a: Sylveon|[spread] p2a,p2b\n|-resisted|p2a: Sylveon|1\n|-damage|p2a: Sylveon|96/100\n|-damage|p2b: Raichu|85/100\n|-unboost|p2a: Sylveon|spa|1\n|-unboost|p2b: Raichu|spa|1\n|\n|upkeep\n|turn|3\n|inactive|Magmortar_alt has 30 seconds left.\n|\n|t:|1788283094\n|move|p1b: Grimmsnarl|Parting Shot|p2a: Sylveon\n|-unboost|p2a: Sylveon|atk|1\n|-unboost|p2a: Sylveon|spa|1\n|\n|t:|1788283101\n|switch|p1b: Raichu|Raichu, L50, F|100/100|[from] Parting Shot\n|move|p2b: Raichu|Zap Cannon|p1b: Raichu\n|-activate|p1b: Raichu|ability: Lightning Rod\n|-ability|p1b: Raichu|Lightning Rod|boost\n|-boost|p1b: Raichu|spa|1\n|move|p2a: Sylveon|Hyper Voice|p1a: Incineroar|[spread] p1a,p1b\n|-damage|p1a: Incineroar|19/100\n|-damage|p1b: Raichu|73/100\n|move|p1a: Incineroar|Snarl|p2a: Sylveon|[spread] p2a,p2b\n|-resisted|p2a: Sylveon|1\n|-damage|p2a: Sylveon|93/100\n|-damage|p2b: Raichu|68/100\n|-unboost|p2a: Sylveon|spa|1\n|-unboost|p2b: Raichu|spa|1\n|\n|upkeep\n|turn|4\n|\n|t:|1788283125\n|switch|p2a: Sinistcha|Sinistcha, L50|100/100\n|-heal|p2b: Raichu|93/100|[from] ability: Hospitality|[of] p2a: Sinistcha\n|move|p1b: Raichu|Protect|p1b: Raichu\n|-singleturn|p1b: Raichu|Protect\n|move|p2b: Raichu|Focus Blast|p1b: Raichu\n|-activate|p1b: Raichu|move: Protect\n|move|p1a: Incineroar|Parting Shot|p2b: Raichu\n|-unboost|p2b: Raichu|atk|1\n|-unboost|p2b: Raichu|spa|1\n|\n|t:|1788283138\n|switch|p1a: Staraptor|Staraptor, L50, F|100/100|[from] Parting Shot\n|-ability|p1a: Staraptor|Intimidate|boost\n|-unboost|p2a: Sinistcha|atk|1\n|-unboost|p2b: Raichu|atk|1\n|\n|upkeep\n|turn|5\n|\n|t:|1788283152\n|switch|p2b: Sylveon|Sylveon, L50, F|93/100\n|detailschange|p1a: Staraptor|Staraptor-Mega, L50, F\n|-mega|p1a: Staraptor|Staraptor|Staraptite\n|move|p2a: Sinistcha|Protect|p2a: Sinistcha\n|-singleturn|p2a: Sinistcha|Protect\n|move|p1b: Raichu|Charm|p1a: Staraptor\n|-boost|p1a: Staraptor|atk|2\n|move|p1a: Staraptor|Dual Wingbeat|p2a: Sinistcha\n|-activate|p2a: Sinistcha|move: Protect\n|\n|upkeep\n|turn|6\n|\n|t:|1788283166\n|switch|p1b: Grimmsnarl|Grimmsnarl, L50, M|28/100\n|move|p1a: Staraptor|Protect|p1a: Staraptor\n|-singleturn|p1a: Staraptor|Protect\n|move|p2a: Sinistcha|Rage Powder|p2a: Sinistcha\n|-singleturn|p2a: Sinistcha|move: Rage Powder\n|move|p2b: Sylveon|Hyper Voice|p1a: Staraptor|[spread] p1b\n|-activate|p1a: Staraptor|move: Protect\n|-supereffective|p1b: Grimmsnarl|1\n|-damage|p1b: Grimmsnarl|0 fnt\n|faint|p1b: Grimmsnarl\n|\n|upkeep\n|c|☆Magmortar_alt|Man this is not fun\n|\n|t:|1788283177\n|switch|p1b: Incineroar|Incineroar, L50, M|19/100\n|-ability|p1b: Incineroar|Intimidate|boost\n|-unboost|p2a: Sinistcha|atk|1\n|-unboost|p2b: Sylveon|atk|1\n|turn|7\n|inactive|kigokigo has 30 seconds left.\n|\n|t:|1788283204\n|move|p2a: Sinistcha|Rage Powder|p2a: Sinistcha\n|-singleturn|p2a: Sinistcha|move: Rage Powder\n|move|p1a: Staraptor|Dual Wingbeat|p2a: Sinistcha|[miss]\n|-miss|p1a: Staraptor|p2a: Sinistcha\n|move|p2b: Sylveon|Hyper Voice|p1a: Staraptor|[spread] p1a,p1b\n|-supereffective|p1a: Staraptor|1\n|-damage|p1a: Staraptor|23/100\n|-damage|p1b: Incineroar|0 fnt\n|faint|p1b: Incineroar\n|\n|upkeep\n|-message|kigokigo forfeited.\n|\n|win|Magmortar_alt\n|l|☆kigokigo\n|player|p1|\n","uploadtime":1788283214,"views":"8","formatid":"gen9championsvgc2026regmbbo3","rating":null,"private":0,"password":null}