{"id":"gen9championsvgc2026regmb-2674037146","format":"[Gen 9 Champions] VGC 2026 Reg M-B","players":["ScraggyFan","kamiltas"],"log":"|j|‽ScraggyFan\n|j|☆kamiltas\n|t:|1788291056\n|gametype|doubles\n|player|p1|ScraggyFan|101|1611\n|player|p2|kamiltas|1|1715\n|gen|9\n|tier|[Gen 9 Champions] VGC 2026 Reg M-B\n|rated|\n|rule|Species Clause: Limit one of each Pokémon\n|rule|Item Clause: Limit 1 of each item\n|clearpoke\n|poke|p1|Archaludon, L50, F|\n|poke|p1|Dragonite, L50, M|\n|poke|p1|Sinistcha, L50|\n|poke|p1|Politoed, L50, M|\n|poke|p1|Sableye, L50, M, shiny|\n|poke|p1|Venusaur, L50, F|\n|poke|p2|Abomasnow, L50, F|\n|poke|p2|Farigiraf, L50, M|\n|poke|p2|Camerupt, L50, M|\n|poke|p2|Maushold-Four, L50|\n|poke|p2|Incineroar, L50, M|\n|poke|p2|Sylveon, L50, M|\n|teampreview|4\n|inactive|Battle timer is ON: inactive players will automatically lose when time's up. (requested by ScraggyFan)\n|inactive|ScraggyFan has 60 seconds left.\n|\n|t:|1788291093\n|teamsize|p1|4\n|teamsize|p2|4\n|start\n|switch|p1a: Venusaur|Venusaur, L50, F|100/100\n|switch|p1b: Archaludon|Archaludon, L50, F|100/100\n|switch|p2a: Farigiraf|Farigiraf, L50, M|100/100\n|switch|p2b: Maushold|Maushold-Four, L50|100/100\n|turn|1\n|\n|t:|1788291110\n|switch|p1a: Politoed|Politoed, L50, M|100/100\n|-weather|RainDance|[from] ability: Drizzle|[of] p1a: Politoed\n|move|p2a: Farigiraf|Helping Hand|p2b: Maushold\n|-singleturn|p2b: Maushold|Helping Hand|[of] p2a: Farigiraf\n|move|p2b: Maushold|Population Bomb|p1a: Politoed\n|-damage|p1a: Politoed|82/100\n|-damage|p1a: Politoed|64/100\n|-damage|p1a: Politoed|48/100\n|-damage|p1a: Politoed|32/100\n|-damage|p1a: Politoed|17/100\n|-damage|p1a: Politoed|1/100\n|-crit|p1a: Politoed\n|-damage|p1a: Politoed|0 fnt\n|faint|p1a: Politoed\n|-hitcount|p1: Politoed|7\n|move|p1b: Archaludon|Electro Shot||[still]\n|-prepare|p1b: Archaludon|Electro Shot\n|-boost|p1b: Archaludon|spa|1\n|-anim|p1b: Archaludon|Electro Shot|p2a: Farigiraf\n|-damage|p2a: Farigiraf|40/100\n|\n|-weather|RainDance|[upkeep]\n|upkeep\n|\n|t:|1788291120\n|switch|p1a: Venusaur|Venusaur, L50, F|100/100\n|turn|2\n|\n|t:|1788291136\n|detailschange|p1a: Venusaur|Venusaur-Mega, L50, F\n|-mega|p1a: Venusaur|Venusaur|Venusaurite\n|move|p1a: Venusaur|Protect|p1a: Venusaur\n|-singleturn|p1a: Venusaur|Protect\n|move|p2b: Maushold|Follow Me|p2b: Maushold\n|-singleturn|p2b: Maushold|move: Follow Me\n|move|p1b: Archaludon|Aura Sphere|p2b: Maushold\n|-supereffective|p2b: Maushold|1\n|-crit|p2b: Maushold\n|-damage|p2b: Maushold|0 fnt\n|faint|p2b: Maushold\n|move|p2a: Farigiraf|Trick Room|p2a: Farigiraf\n|-fieldstart|move: Trick Room|[of] p2a: Farigiraf\n|\n|-weather|RainDance|[upkeep]\n|upkeep\n|\n|t:|1788291143\n|switch|p2b: Camerupt|Camerupt, L50, M|100/100\n|turn|3\n|\n|t:|1788291163\n|detailschange|p2b: Camerupt|Camerupt-Mega, L50, M\n|-mega|p2b: Camerupt|Camerupt|Cameruptite\n|move|p1b: Archaludon|Protect|p1b: Archaludon\n|-singleturn|p1b: Archaludon|Protect\n|move|p2b: Camerupt|Earth Power|p1b: Archaludon\n|-activate|p1b: Archaludon|move: Protect\n|move|p2a: Farigiraf|Psychic|p1a: Venusaur\n|-supereffective|p1a: Venusaur|1\n|-damage|p1a: Venusaur|37/100\n|move|p1a: Venusaur|Earth Power|p2b: Camerupt\n|-supereffective|p2b: Camerupt|1\n|-damage|p2b: Camerupt|38/100\n|\n|-weather|RainDance|[upkeep]\n|upkeep\n|turn|4\n|\n|t:|1788291187\n|switch|p1b: Sinistcha|Sinistcha, L50|100/100\n|-heal|p1a: Venusaur|62/100|[from] ability: Hospitality|[of] p1b: Sinistcha\n|move|p1a: Venusaur|Protect|p1a: Venusaur\n|-singleturn|p1a: Venusaur|Protect\n|move|p2b: Camerupt|Earth Power|p1b: Sinistcha\n|-resisted|p1b: Sinistcha|1\n|-damage|p1b: Sinistcha|66/100\n|move|p2a: Farigiraf|Psychic|p1a: Venusaur\n|-activate|p1a: Venusaur|move: Protect\n|\n|-weather|RainDance|[upkeep]\n|upkeep\n|turn|5\n|\n|t:|1788291209\n|switch|p2a: Sylveon|Sylveon, L50, M|100/100\n|move|p2b: Camerupt|Protect|p2b: Camerupt\n|-singleturn|p2b: Camerupt|Protect\n|move|p1b: Sinistcha|Matcha Gotcha|p2b: Camerupt|[spread] p2a\n|-activate|p2b: Camerupt|move: Protect\n|-damage|p2a: Sylveon|83/100\n|-heal|p1b: Sinistcha|76/100|[from] drain|[of] p2a: Sylveon\n|move|p1a: Venusaur|Giga Drain|p2a: Sylveon\n|-damage|p2a: Sylveon|55/100\n|-heal|p1a: Venusaur|80/100|[from] drain|[of] p2a: Sylveon\n|\n|-weather|none\n|upkeep\n|turn|6\n|\n|t:|1788291220\n|switch|p2a: Farigiraf|Farigiraf, L50, M|40/100\n|move|p1a: Venusaur|Protect|p1a: Venusaur\n|-singleturn|p1a: Venusaur|Protect\n|move|p2b: Camerupt|Heat Wave|p1a: Venusaur|[spread] p1b\n|-activate|p1a: Venusaur|move: Protect\n|-supereffective|p1b: Sinistcha|1\n|-damage|p1b: Sinistcha|0 fnt\n|faint|p1b: Sinistcha\n|\n|-fieldend|move: Trick Room\n|upkeep\n|\n|t:|1788291228\n|switch|p1b: Archaludon|Archaludon, L50, F|100/100\n|turn|7\n|\n|t:|1788291244\n|move|p1a: Venusaur|Giga Drain|p2a: Farigiraf\n|-damage|p2a: Farigiraf|3/100\n|-heal|p1a: Venusaur|100/100|[from] drain|[of] p2a: Farigiraf\n|move|p1b: Archaludon|Dragon Pulse|p2a: Farigiraf\n|-damage|p2a: Farigiraf|0 fnt\n|faint|p2a: Farigiraf\n|move|p2b: Camerupt|Earth Power|p1b: Archaludon\n|-supereffective|p1b: Archaludon|1\n|-damage|p1b: Archaludon|0 fnt\n|faint|p1b: Archaludon\n|\n|upkeep\n|\n|t:|1788291253\n|switch|p2a: Sylveon|Sylveon, L50, M|55/100\n|turn|8\n|\n|t:|1788291260\n|move|p1a: Venusaur|Protect|p1a: Venusaur\n|-singleturn|p1a: Venusaur|Protect\n|move|p2b: Camerupt|Protect|p2b: Camerupt\n|-singleturn|p2b: Camerupt|Protect\n|move|p2a: Sylveon|Hyper Beam|p1a: Venusaur\n|-activate|p1a: Venusaur|move: Protect\n|\n|upkeep\n|turn|9\n|\n|t:|1788291268\n|move|p2b: Camerupt|Protect||[still]\n|-fail|p2b: Camerupt\n|move|p1a: Venusaur|Earth Power|p2b: Camerupt\n|-supereffective|p2b: Camerupt|1\n|-damage|p2b: Camerupt|0 fnt\n|faint|p2b: Camerupt\n|move|p2a: Sylveon|Hyper Beam|p1a: Venusaur\n|-resisted|p1a: Venusaur|1\n|-damage|p1a: Venusaur|45/100\n|-mustrecharge|p2a: Sylveon\n|\n|upkeep\n|turn|10\n|\n|t:|1788291276\n|move|p1a: Venusaur|Sludge Bomb|p2a: Sylveon\n|-supereffective|p2a: Sylveon|1\n|-damage|p2a: Sylveon|0 fnt\n|faint|p2a: Sylveon\n|\n|win|ScraggyFan\n|raw|ScraggyFan's rating: 1611 &rarr; <strong>1637</strong><br />(+26 for winning)\n|raw|kamiltas's rating: 1715 &rarr; <strong>1689</strong><br />(-26 for losing)\n|l|☆kamiltas\n|player|p2|\n","uploadtime":1788291283,"views":"7","formatid":"gen9championsvgc2026regmb","rating":1637,"private":0,"password":null}