{"id":"gen9championsvgc2026regmb-2673865963","format":"[Gen 9 Champions] VGC 2026 Reg M-B","players":["bruetc60","ZGGamer31"],"log":"|j|☆bruetc60\n|j|☆ZGGamer31\n|t:|1788270515\n|gametype|doubles\n|player|p1|bruetc60|iono|1086\n|player|p2|ZGGamer31|101|1070\n|gen|9\n|tier|[Gen 9 Champions] VGC 2026 Reg M-B\n|rated|\n|rule|Species Clause: Limit one of each Pokémon\n|rule|Item Clause: Limit 1 of each item\n|clearpoke\n|poke|p1|Garchomp, L50, M|\n|poke|p1|Sneasler, L50, M|\n|poke|p1|Greninja, L50, M, shiny|\n|poke|p1|Ninetales-Alola, L50, F|\n|poke|p1|Talonflame, L50, M, shiny|\n|poke|p1|Vanilluxe, L50, M|\n|poke|p2|Gengar, L50, M|\n|poke|p2|Politoed, L50, F|\n|poke|p2|Incineroar, L50, M|\n|poke|p2|Beartic, L50, M|\n|poke|p2|Heliolisk, L50, F|\n|poke|p2|Tsareena, L50, F|\n|teampreview|4\n|inactive|Battle timer is ON: inactive players will automatically lose when time's up. (requested by bruetc60)\n|inactive|bruetc60 has 60 seconds left.\n|inactive|ZGGamer31 has 60 seconds left.\n|\n|t:|1788270561\n|teamsize|p1|4\n|teamsize|p2|4\n|start\n|switch|p1a: Ben and Jerry's|Vanilluxe, L50, M|100/100\n|switch|p1b: PHOENIX WING|Talonflame, L50, M, shiny|100/100\n|switch|p2a: Gengar|Gengar, L50, M|100/100\n|switch|p2b: Politoed|Politoed, L50, F|100/100\n|-weather|Snowscape|[from] ability: Snow Warning|[of] p1a: Ben and Jerry's\n|-weather|RainDance|[from] ability: Drizzle|[of] p2b: Politoed\n|turn|1\n|\n|t:|1788270584\n|switch|p1a: Tundra|Ninetales-Alola, L50, F|100/100\n|-weather|Snowscape|[from] ability: Snow Warning|[of] p1a: Tundra\n|detailschange|p2a: Gengar|Gengar-Mega, L50, M\n|-mega|p2a: Gengar|Gengar|Gengarite\n|move|p2a: Gengar|Protect|p2a: Gengar\n|-singleturn|p2a: Gengar|Protect\n|move|p1b: PHOENIX WING|Taunt|p2a: Gengar\n|-activate|p2a: Gengar|move: Protect\n|move|p2b: Politoed|Perish Song|p2b: Politoed\n|-start|p1a: Tundra|perish3|[silent]\n|-start|p1b: PHOENIX WING|perish3|[silent]\n|-start|p2a: Gengar|perish3|[silent]\n|-start|p2b: Politoed|perish3|[silent]\n|-fieldactivate|move: Perish Song\n|\n|-weather|Snowscape|[upkeep]\n|-start|p1a: Tundra|perish3\n|-start|p2a: Gengar|perish3\n|-start|p1b: PHOENIX WING|perish3\n|-start|p2b: Politoed|perish3\n|upkeep\n|turn|2\n|inactive|ZGGamer31 has 30 seconds left.\n|inactive|ZGGamer31 has 20 seconds left.\n|\n|t:|1788270621\n|switch|p2b: Incineroar|Incineroar, L50, M|100/100\n|-ability|p2b: Incineroar|Intimidate|boost\n|-unboost|p1a: Tundra|atk|1\n|-unboost|p1b: PHOENIX WING|atk|1\n|move|p1b: PHOENIX WING|Tailwind|p1b: PHOENIX WING\n|-sidestart|p1: bruetc60|move: Tailwind\n|move|p1a: Tundra|Freeze-Dry|p2b: Incineroar\n|-resisted|p2b: Incineroar|1\n|-damage|p2b: Incineroar|88/100\n|move|p2a: Gengar|Disable|p1b: PHOENIX WING\n|-start|p1b: PHOENIX WING|Disable|Tailwind\n|\n|-weather|Snowscape|[upkeep]\n|-start|p1a: Tundra|perish2\n|-start|p1b: PHOENIX WING|perish2\n|-start|p2a: Gengar|perish2\n|upkeep\n|turn|3\n|inactive|ZGGamer31 has 30 seconds left.\n|\n|t:|1788270649\n|move|p2b: Incineroar|Fake Out|p1b: PHOENIX WING\n|-damage|p1b: PHOENIX WING|85/100\n|move|p1a: Tundra|Freeze-Dry|p2a: Gengar\n|-damage|p2a: Gengar|65/100\n|cant|p1b: PHOENIX WING|flinch\n|move|p2a: Gengar|Shadow Ball|p1a: Tundra\n|-damage|p1a: Tundra|45/100\n|\n|-weather|Snowscape|[upkeep]\n|-start|p1a: Tundra|perish1\n|-start|p1b: PHOENIX WING|perish1\n|-start|p2a: Gengar|perish1\n|upkeep\n|turn|4\n|inactive|bruetc60 has 30 seconds left.\n|inactive|ZGGamer31 has 30 seconds left.\n|\n|t:|1788270678\n|switch|p2a: Beartic|Beartic, L50, M|100/100\n|move|p1a: Tundra|Freeze-Dry|p2a: Beartic\n|-resisted|p2a: Beartic|1\n|-damage|p2a: Beartic|81/100\n|move|p1b: PHOENIX WING|Dual Wingbeat|p2b: Incineroar\n|-damage|p2b: Incineroar|78/100\n|-crit|p2b: Incineroar\n|-damage|p2b: Incineroar|54/100\n|-hitcount|p2b: Incineroar|2\n|move|p2b: Incineroar|Parting Shot|p1a: Tundra\n|-unboost|p1a: Tundra|atk|1\n|-unboost|p1a: Tundra|spa|1\n|\n|t:|1788270690\n|switch|p2b: Politoed|Politoed, L50, F|100/100|[from] Parting Shot\n|-weather|RainDance|[from] ability: Drizzle|[of] p2b: Politoed\n|\n|-weather|RainDance|[upkeep]\n|-start|p1a: Tundra|perish0\n|-start|p1b: PHOENIX WING|perish0\n|faint|p1a: Tundra\n|faint|p1b: PHOENIX WING\n|upkeep\n|\n|t:|1788270693\n|switch|p1b: Ben and Jerry's|Vanilluxe, L50, M|100/100\n|switch|p1a: Jiraiya|Greninja, L50, M, shiny|100/100\n|-weather|Snowscape|[from] ability: Snow Warning|[of] p1b: Ben and Jerry's\n|turn|5\n|\n|t:|1788270716\n|detailschange|p1a: Jiraiya|Greninja-Mega, L50, M, shiny\n|-mega|p1a: Jiraiya|Greninja|Greninjite\n|move|p1a: Jiraiya|Dark Pulse|p2b: Politoed\n|-start|p1a: Jiraiya|typechange|Dark|[from] ability: Protean\n|-damage|p2b: Politoed|61/100\n|move|p1b: Ben and Jerry's|Freeze-Dry|p2b: Politoed\n|-supereffective|p2b: Politoed|1\n|-damage|p2b: Politoed|13/100\n|move|p2a: Beartic|Close Combat|p1a: Jiraiya\n|-supereffective|p1a: Jiraiya|1\n|-damage|p1a: Jiraiya|0 fnt\n|-unboost|p2a: Beartic|def|1\n|-unboost|p2a: Beartic|spd|1\n|faint|p1a: Jiraiya\n|-damage|p2a: Beartic|72/100|[from] item: Life Orb\n|move|p2b: Politoed|Perish Song|p2b: Politoed\n|-start|p1b: Ben and Jerry's|perish3|[silent]\n|-start|p2a: Beartic|perish3|[silent]\n|-start|p2b: Politoed|perish3|[silent]\n|-fieldactivate|move: Perish Song\n|\n|-weather|Snowscape|[upkeep]\n|-heal|p2b: Politoed|19/100|[from] item: Leftovers\n|-start|p1b: Ben and Jerry's|perish3\n|-start|p2a: Beartic|perish3\n|-start|p2b: Politoed|perish3\n|-sideend|p1: bruetc60|move: Tailwind\n|upkeep\n|turn|6\n|-message|bruetc60 forfeited.\n|\n|win|ZGGamer31\n|raw|bruetc60's rating: 1086 &rarr; <strong>1062</strong><br />(-24 for losing)\n|raw|ZGGamer31's rating: 1070 &rarr; <strong>1101</strong><br />(+31 for winning)\n|l|☆bruetc60\n|player|p1|\n","uploadtime":1788270739,"views":"0","formatid":"gen9championsvgc2026regmb","rating":1062,"private":0,"password":null}