{"id":"gen9championsvgc2026regmb-2674659988","format":"[Gen 9 Champions] VGC 2026 Reg M-B","players":["matchbow2","fishy justice"],"log":"|j|☆matchbow2\n|j|☆fishy justice\n|html|<table width=\"100%\"><tr><td align=\"left\">matchbow2</td><td align=\"right\">fishy justice</tr><tr><td align=\"left\"><i class=\"fa fa-circle-o\"></i> <i class=\"fa fa-circle-o\"></i> </td><td align=\"right\"><i class=\"fa fa-circle-o\"></i> <i class=\"fa fa-circle-o\"></i> </tr></table>\n|uhtml|bestof|<h2><strong>Game 1</strong> of <a href=\"/game-bestof3-gen9championsvgc2026regmb-2674659987\">a best-of-3</a></h2>\n|t:|1788386506\n|gametype|doubles\n|player|p1|matchbow2|169|\n|player|p2|fishy justice|veteranf|\n|gen|9\n|tier|[Gen 9 Champions] VGC 2026 Reg M-B\n|rule|Species Clause: Limit one of each Pokémon\n|rule|Item Clause: Limit 1 of each item\n|raw|<div class=\"infobox\"><details class=\"readmore\" open><summary><strong>1 custom rule:</strong></summary> Best of = 3</details></div>\n|clearpoke\n|poke|p1|Goodra-Hisui, L50, F|\n|poke|p1|Basculegion-F, L50, F|\n|poke|p1|Eelektross, L50, F|\n|poke|p1|Corviknight, L50, F|\n|poke|p1|Annihilape, L50, M|\n|poke|p1|Arcanine, L50, F|\n|poke|p2|Goodra, L50, F|\n|poke|p2|Meowstic, L50, M|\n|poke|p2|Sceptile, L50, M|\n|poke|p2|Primarina, L50, F|\n|poke|p2|Overqwil, L50, M|\n|poke|p2|Maushold, L50|\n|teampreview|4\nfishy justice rejected open team sheets.\n|j| Myst66\n|j| pokemon_and_beer\n|j| fenixyyy\n|c|☆fishy justice|I may lose, but I will do so, legendarily\n|\n|t:|1788386659\n|teamsize|p1|4\n|teamsize|p2|4\n|start\n|switch|p1a: Corviknight|Corviknight, L50, F|100/100\n|switch|p1b: Annihilape|Annihilape, L50, M|100/100\n|switch|p2a: Sceptile|Sceptile, L50, M|100/100\n|switch|p2b: Meowstic|Meowstic, L50, M|100/100\n|-ability|p1a: Corviknight|Unnerve\n|turn|1\n|\n|t:|1788386703\n|detailschange|p2a: Sceptile|Sceptile-Mega, L50, M\n|-mega|p2a: Sceptile|Sceptile|Sceptilite\n|move|p2b: Meowstic|Fake Out|p1a: Corviknight\n|-resisted|p1a: Corviknight|1\n|-damage|p1a: Corviknight|98/100\n|move|p2a: Sceptile|Leaf Storm|p1b: Annihilape\n|-damage|p1b: Annihilape|34/100\n|-unboost|p2a: Sceptile|spa|2\n|-enditem|p1b: Annihilape|Sitrus Berry|[eat]\n|-heal|p1b: Annihilape|59/100|[from] item: Sitrus Berry\n|move|p1b: Annihilape|Ice Punch|p2a: Sceptile\n|-supereffective|p2a: Sceptile|2\n|-damage|p2a: Sceptile|0 fnt\n|faint|p2a: Sceptile\n|cant|p1a: Corviknight|flinch\n|\n|upkeep\n|\n|t:|1788386720\n|switch|p2a: Goodra|Goodra, L50, F|100/100\n|turn|2\n|\n|t:|1788386780\n|move|p1b: Annihilape|Protect|p1b: Annihilape\n|-singleturn|p1b: Annihilape|Protect\n|move|p2b: Meowstic|Light Screen|p2b: Meowstic\n|-sidestart|p2: fishy justice|move: Light Screen\n|move|p2a: Goodra|Acid Armor|p2a: Goodra\n|-boost|p2a: Goodra|def|2\n|move|p1a: Corviknight|Tailwind|p1a: Corviknight\n|-sidestart|p1: matchbow2|move: Tailwind\n|\n|upkeep\n|turn|3\n|c| Myst66|\"Paint me like your Kalosian Aggrons\" -Goodra, probably.\n|\n|t:|1788386850\n|move|p2b: Meowstic|Rain Dance|p2b: Meowstic\n|-weather|RainDance\n|move|p1b: Annihilape|Rage Fist|p2b: Meowstic\n|-supereffective|p2b: Meowstic|1\n|-enditem|p2b: Meowstic|Focus Sash\n|-damage|p2b: Meowstic|1/100\n|move|p1a: Corviknight|Brave Bird|p2b: Meowstic\n|-damage|p2b: Meowstic|0 fnt\n|faint|p2b: Meowstic\n|-damage|p1a: Corviknight|97/100|[from] Recoil\n|move|p2a: Goodra|Draco Meteor|p1b: Annihilape\n|-damage|p1b: Annihilape|17/100\n|-unboost|p2a: Goodra|spa|2\n|\n|-weather|RainDance|[upkeep]\n|upkeep\n|\n|t:|1788386865\n|switch|p2b: Maushold|Maushold, L50|100/100\n|turn|4\n|\n|t:|1788386898\n|move|p2b: Maushold|Follow Me|p2b: Maushold\n|-singleturn|p2b: Maushold|move: Follow Me\n|move|p1b: Annihilape|Drain Punch|p2b: Maushold\n|-supereffective|p2b: Maushold|1\n|-damage|p2b: Maushold|3/100\n|-heal|p1b: Annihilape|60/100|[from] drain|[of] p2b: Maushold\n|move|p1a: Corviknight|Brave Bird|p2b: Maushold\n|-damage|p2b: Maushold|0 fnt\n|faint|p2b: Maushold\n|-damage|p1a: Corviknight|96/100|[from] Recoil\n|move|p2a: Goodra|Draco Meteor|p1b: Annihilape\n|-damage|p1b: Annihilape|40/100\n|-unboost|p2a: Goodra|spa|2\n|\n|-weather|RainDance|[upkeep]\n|upkeep\n|turn|5\n|\n|t:|1788386927\n|move|p1b: Annihilape|Rage Fist|p2a: Goodra\n|-damage|p2a: Goodra|58/100\n|move|p1a: Corviknight|Brave Bird|p2a: Goodra\n|-damage|p2a: Goodra|39/100\n|-damage|p1a: Corviknight|90/100|[from] Recoil\n|move|p2a: Goodra|Body Press|p1a: Corviknight\n|-damage|p1a: Corviknight|55/100\n|\n|-weather|RainDance|[upkeep]\n|-sideend|p1: matchbow2|move: Tailwind\n|upkeep\n|turn|6\n|\n|t:|1788386941\n|move|p1b: Annihilape|Rage Fist|p2a: Goodra\n|-damage|p2a: Goodra|0 fnt\n|faint|p2a: Goodra\n|\n|win|matchbow2\n||fishy justice is ready for game 2.\n||matchbow2 is ready for game 2.\n|uhtml|next|Next: <a href=\"/battle-gen9championsvgc2026regmb-2674663086\"><strong>Game 2 of 3</strong></a>\n|l| pokemon_and_beer\n|l| fenixyyy\n|l|☆fishy justice\n|player|p2|\n|l| Myst66\n","uploadtime":1788386949,"views":"2","formatid":"gen9championsvgc2026regmb","rating":null,"private":0,"password":null}