{"id":"gen9championsvgc2026regmbbo3-2674030842","format":"[Gen 9 Champions] VGC 2026 Reg M-B (Bo3)","players":["TrevasVGC","trevyah"],"log":"|j|☆TrevasVGC\n|j|☆trevyah\n|html|<table width=\"100%\"><tr><td align=\"left\">TrevasVGC</td><td align=\"right\">trevyah</tr><tr><td align=\"left\"><i class=\"fa fa-circle-o\"></i> <i class=\"fa fa-circle-o\"></i> </td><td align=\"right\"><i class=\"fa fa-circle-o\"></i> <i class=\"fa fa-circle-o\"></i> </tr></table>\n|uhtml|bestof|<h2><strong>Game 1</strong> of <a href=\"/game-bestof3-gen9championsvgc2026regmbbo3-2674030841\">a best-of-3</a></h2>\n|t:|1788290301\n|gametype|doubles\n|player|p1|TrevasVGC|blaine|1258\n|player|p2|trevyah|trevor|1551\n|gen|9\n|tier|[Gen 9 Champions] VGC 2026 Reg M-B (Bo3)\n|rated|\n|rule|Species Clause: Limit one of each Pokémon\n|rule|Item Clause: Limit 1 of each item\n|clearpoke\n|poke|p1|Scovillain, L50, M, shiny|\n|poke|p1|Basculegion, L50, M|\n|poke|p1|Kingambit, L50, F|\n|poke|p1|Sneasler, L50, F|\n|poke|p1|Lycanroc-Dusk, L50, F|\n|poke|p1|Froslass, L50, F|\n|poke|p2|Blaziken, L50, F|\n|poke|p2|Venusaur, L50, M|\n|poke|p2|Torkoal, L50, M|\n|poke|p2|Kingambit, L50, F|\n|poke|p2|Farigiraf, L50, F|\n|poke|p2|Primarina, L50, M|\n|teampreview|4\n|showteam|p1|Scovillain||Scovillainite|Moody|GigaDrain,Overheat,RagePowder,Protect|Bold||M|||50|]Basculegion||LifeOrb|Adaptability|WaveCrash,LastRespects,AquaJet,Protect|Adamant||M|||50|]Kingambit||BlackGlasses|Defiant|KowtowCleave,SuckerPunch,SwordsDance,Protect|Adamant||F|||50|]Sneasler||WhiteHerb|Unburden|CloseCombat,DireClaw,Protect,FakeOut|Adamant||F|||50|]Lycanroc-Dusk||FocusSash|ToughClaws|CloseCombat,Accelerock,RockSlide,Protect|Adamant||F|||50|]Froslass||Froslassite|CursedBody|Blizzard,ShadowBall,AuroraVeil,Protect|Timid||F|||50|\n|showteam|p2|Blaziken||Blazikenite|SpeedBoost|CloseCombat,FlareBlitz,RockSlide,Detect|Adamant||F|||50|]Venusaur||Venusaurite|Chlorophyll|SludgeBomb,EarthPower,GigaDrain,SleepPowder|Modest||M|||50|]Torkoal||Charcoal|Drought|Eruption,HeatWave,HelpingHand,Protect|Quiet||M|||50|]Kingambit||FocusSash|Defiant|KowtowCleave,IronHead,SuckerPunch,Protect|Adamant||F|||50|]Farigiraf||SitrusBerry|ArmorTail|Psychic,Thunderbolt,TrickRoom,Protect|Bold||F|||50|]Primarina||LifeOrb|LiquidVoice|Moonblast,HyperVoice,AquaJet,Protect|Quiet||M|||50|\n|c|☆TrevasVGC|,,,\n|c|☆TrevasVGC|impossible\n|c|☆TrevasVGC|game\n|inactive|Battle timer is ON: inactive players will automatically lose when time's up. (requested by trevyah)\n|inactive|TrevasVGC has 60 seconds left.\n|\n|t:|1788290394\n|teamsize|p1|4\n|teamsize|p2|4\n|start\n|switch|p1a: SlycedBread|Basculegion, L50, M|100/100\n|switch|p1b: DDee|Lycanroc-Dusk, L50, F|100/100\n|switch|p2a: Venusaur|Venusaur, L50, M|100/100\n|switch|p2b: Farigiraf|Farigiraf, L50, F|100/100\n|turn|1\n|\n|t:|1788290415\n|switch|p1a: Cisco|Sneasler, L50, F|100/100\n|detailschange|p2a: Venusaur|Venusaur-Mega, L50, M\n|-mega|p2a: Venusaur|Venusaur|Venusaurite\n|move|p2b: Farigiraf|Protect|p2b: Farigiraf\n|-singleturn|p2b: Farigiraf|Protect\n|move|p1b: DDee|Rock Slide|p2b: Farigiraf|[spread] p2a\n|-activate|p2b: Farigiraf|move: Protect\n|-damage|p2a: Venusaur|73/100\n|move|p2a: Venusaur|Giga Drain|p1a: Cisco\n|-resisted|p1a: Cisco|1\n|-damage|p1a: Cisco|76/100\n|-heal|p2a: Venusaur|84/100|[from] drain|[of] p1a: Cisco\n|\n|upkeep\n|turn|2\n|\n|t:|1788290431\n|move|p1a: Cisco|Close Combat|p2b: Farigiraf\n|-damage|p2b: Farigiraf|50/100g\n|-unboost|p1a: Cisco|def|1\n|-unboost|p1a: Cisco|spd|1\n|-enditem|p1a: Cisco|White Herb\n|-clearnegativeboost|p1a: Cisco|[silent]\n|move|p1b: DDee|Close Combat|p2b: Farigiraf\n|-damage|p2b: Farigiraf|9/100\n|-unboost|p1b: DDee|def|1\n|-unboost|p1b: DDee|spd|1\n|-enditem|p2b: Farigiraf|Sitrus Berry|[eat]\n|-heal|p2b: Farigiraf|34/100|[from] item: Sitrus Berry\n|move|p2a: Venusaur|Giga Drain|p1b: DDee\n|-supereffective|p1b: DDee|1\n|-enditem|p1b: DDee|Focus Sash\n|-damage|p1b: DDee|1/100\n|-heal|p2a: Venusaur|100/100|[from] drain|[of] p1b: DDee\n|move|p2b: Farigiraf|Trick Room|p2b: Farigiraf\n|-fieldstart|move: Trick Room|[of] p2b: Farigiraf\n|\n|upkeep\n|turn|3\n|\n|t:|1788290452\n|switch|p1a: Kids|Kingambit, L50, F|100/100\n|move|p2b: Farigiraf|Psychic|p1a: Kids\n|-immune|p1a: Kids\n|move|p2a: Venusaur|Earth Power|p1b: DDee\n|-supereffective|p1b: DDee|1\n|-damage|p1b: DDee|0 fnt\n|faint|p1b: DDee\n|\n|upkeep\n|\n|t:|1788290466\n|switch|p1b: SlycedBread|Basculegion, L50, M|100/100\n|turn|4\n|\n|t:|1788290477\n|move|p2b: Farigiraf|Protect|p2b: Farigiraf\n|-singleturn|p2b: Farigiraf|Protect\n|move|p1a: Kids|Kowtow Cleave|p2a: Venusaur\n|-damage|p2a: Venusaur|47/100\n|move|p2a: Venusaur|Earth Power|p1a: Kids\n|-supereffective|p1a: Kids|1\n|-damage|p1a: Kids|31/100\n|-unboost|p1a: Kids|spd|1\n|-ability|p1a: Kids|Defiant|boost\n|-boost|p1a: Kids|atk|2\n|move|p1b: SlycedBread|Last Respects|p2a: Venusaur\n|-damage|p2a: Venusaur|0 fnt\n|faint|p2a: Venusaur\n|-damage|p1b: SlycedBread|90/100|[from] item: Life Orb\n|\n|upkeep\n|\n|t:|1788290483\n|switch|p2a: Torkoal|Torkoal, L50, M|100/100\n|-weather|SunnyDay|[from] ability: Drought|[of] p2a: Torkoal\n|turn|5\n|\n|t:|1788290504\n|move|p1a: Kids|Protect|p1a: Kids\n|-singleturn|p1a: Kids|Protect\n|move|p2a: Torkoal|Eruption|p1b: SlycedBread|[spread] p1b\n|-activate|p1a: Kids|move: Protect\n|-resisted|p1b: SlycedBread|1\n|-damage|p1b: SlycedBread|39/100\n|move|p2b: Farigiraf|Thunderbolt|p1b: SlycedBread\n|-supereffective|p1b: SlycedBread|1\n|-damage|p1b: SlycedBread|0 fnt\n|faint|p1b: SlycedBread\n|\n|-weather|SunnyDay|[upkeep]\n|upkeep\n|\n|t:|1788290513\n|switch|p1b: Cisco|Sneasler, L50, F|76/100\n|turn|6\n|\n|t:|1788290518\n|move|p1a: Kids|Protect|p1a: Kids\n|-singleturn|p1a: Kids|Protect\n|move|p1b: Cisco|Protect|p1b: Cisco\n|-singleturn|p1b: Cisco|Protect\n|move|p2a: Torkoal|Eruption|p1b: Cisco|[spread] \n|-activate|p1a: Kids|move: Protect\n|-activate|p1b: Cisco|move: Protect\n|move|p2b: Farigiraf|Thunderbolt|p1a: Kids\n|-activate|p1a: Kids|move: Protect\n|\n|-weather|SunnyDay|[upkeep]\n|-fieldend|move: Trick Room\n|upkeep\n|turn|7\n|\n|t:|1788290533\n|move|p1b: Cisco|Close Combat|p2b: Farigiraf\n|-damage|p2b: Farigiraf|0 fnt\n|-unboost|p1b: Cisco|def|1\n|-unboost|p1b: Cisco|spd|1\n|faint|p2b: Farigiraf\n|move|p1a: Kids|Kowtow Cleave|p2a: Torkoal\n|-damage|p2a: Torkoal|18/100\n|move|p2a: Torkoal|Heat Wave|p1b: Cisco|[spread] p1a\n|-miss|p2a: Torkoal|p1b: Cisco\n|-supereffective|p1a: Kids|1\n|-damage|p1a: Kids|0 fnt\n|faint|p1a: Kids\n|\n|-weather|SunnyDay|[upkeep]\n|upkeep\n|\n|t:|1788290536\n|switch|p2b: Kingambit|Kingambit, L50, F|100/100\n|turn|8\n|\n|t:|1788290554\n|move|p1b: Cisco|Dire Claw|p2a: Torkoal\n|-damage|p2a: Torkoal|0 fnt\n|faint|p2a: Torkoal\n|move|p2b: Kingambit|Iron Head|p1b: Cisco\n|-damage|p1b: Cisco|0 fnt\n|faint|p1b: Cisco\n|\n|win|trevyah\n||trevyah is ready for game 2.\n||TrevasVGC is ready for game 2.\n|uhtml|next|Next: <a href=\"/battle-gen9championsvgc2026regmbbo3-2674033005\"><strong>Game 2 of 3</strong></a>\n","uploadtime":1788291079,"views":"4","formatid":"gen9championsvgc2026regmbbo3","rating":null,"private":0,"password":null}