{"id":"gen9championsvgc2026regmb-2674302042","format":"[Gen 9 Champions] VGC 2026 Reg M-B","players":["drake412","alexismydog"],"log":"|j|☆drake412\n|j|☆alexismydog\n|t:|1788335836\n|gametype|doubles\n|player|p1|drake412|265|1618\n|player|p2|alexismydog|265|1576\n|gen|9\n|tier|[Gen 9 Champions] VGC 2026 Reg M-B\n|rated|\n|rule|Species Clause: Limit one of each Pokémon\n|rule|Item Clause: Limit 1 of each item\n|clearpoke\n|poke|p1|Talonflame, L50, F|\n|poke|p1|Swampert, L50, M|\n|poke|p1|Archaludon, L50, F|\n|poke|p1|Politoed, L50, F|\n|poke|p1|Sinistcha, L50|\n|poke|p1|Dragonite, L50, M|\n|poke|p2|Tyranitar, L50, F|\n|poke|p2|Excadrill, L50, M|\n|poke|p2|Sinistcha, L50|\n|poke|p2|Gholdengo, L50|\n|poke|p2|Staraptor, L50, F|\n|poke|p2|Milotic, L50, M|\n|teampreview|4\n|inactive|Battle timer is ON: inactive players will automatically lose when time's up. (requested by alexismydog)\n|inactive|drake412 has 60 seconds left.\n|\n|t:|1788335880\n|teamsize|p1|4\n|teamsize|p2|4\n|start\n|switch|p1a: Archaludon|Archaludon, L50, F|100/100\n|switch|p1b: Politoed|Politoed, L50, F|100/100\n|switch|p2a: Staraptor|Staraptor, L50, F|100/100\n|switch|p2b: Gholdengo|Gholdengo, L50|100/100\n|-ability|p2a: Staraptor|Intimidate|boost\n|-unboost|p1a: Archaludon|atk|1\n|-unboost|p1b: Politoed|atk|1\n|-weather|RainDance|[from] ability: Drizzle|[of] p1b: Politoed\n|turn|1\n|inactive|alexismydog has 30 seconds left.\n|inactive|alexismydog has 20 seconds left.\n|inactive|alexismydog has 15 seconds left.\n|\n|t:|1788335924\n|switch|p2a: Tyranitar|Tyranitar, L50, F|100/100\n|-weather|Sandstorm|[from] ability: Sand Stream|[of] p2a: Tyranitar\n|switch|p1b: Sinistcha|Sinistcha, L50|100/100\n|move|p1a: Archaludon|Protect|p1a: Archaludon\n|-singleturn|p1a: Archaludon|Protect\n|move|p2b: Gholdengo|Nasty Plot|p2b: Gholdengo\n|-boost|p2b: Gholdengo|spa|2\n|\n|-weather|Sandstorm|[upkeep]\n|-damage|p1b: Sinistcha|93/100|[from] Sandstorm\n|upkeep\n|turn|2\n|\n|t:|1788335947\n|switch|p2a: Sinistcha|Sinistcha, L50|100/100\n|move|p2b: Gholdengo|Shadow Ball|p1b: Sinistcha\n|-supereffective|p1b: Sinistcha|1\n|-damage|p1b: Sinistcha|0 fnt\n|faint|p1b: Sinistcha\n|move|p1a: Archaludon|Flash Cannon|p2a: Sinistcha\n|-damage|p2a: Sinistcha|60/100\n|\n|-weather|Sandstorm|[upkeep]\n|-damage|p2a: Sinistcha|54/100|[from] Sandstorm\n|-heal|p2a: Sinistcha|60/100|[from] item: Leftovers\n|upkeep\n|\n|t:|1788335970\n|switch|p1b: Politoed|Politoed, L50, F|100/100\n|-weather|RainDance|[from] ability: Drizzle|[of] p1b: Politoed\n|turn|3\n|\n|t:|1788335980\n|switch|p2a: Tyranitar|Tyranitar, L50, F|100/100\n|-weather|Sandstorm|[from] ability: Sand Stream|[of] p2a: Tyranitar\n|move|p2b: Gholdengo|Nasty Plot|p2b: Gholdengo\n|-boost|p2b: Gholdengo|spa|2\n|move|p1a: Archaludon|Flash Cannon|p2a: Tyranitar\n|-supereffective|p2a: Tyranitar|1\n|-damage|p2a: Tyranitar|48/100\n|move|p1b: Politoed|Muddy Water|p2b: Gholdengo|[spread] p2a,p2b\n|-supereffective|p2a: Tyranitar|1\n|-damage|p2a: Tyranitar|2/100\n|-damage|p2b: Gholdengo|61/100\n|-unboost|p2b: Gholdengo|accuracy|1\n|\n|-weather|Sandstorm|[upkeep]\n|-damage|p1b: Politoed|93/100|[from] Sandstorm\n|upkeep\n|turn|4\n|inactive|drake412 has 30 seconds left.\n|inactive|alexismydog has 30 seconds left.\n|\n|t:|1788336014\n|switch|p2a: Sinistcha|Sinistcha, L50|60/100\n|-heal|p2b: Gholdengo|86/100|[from] ability: Hospitality|[of] p2a: Sinistcha\n|switch|p1b: Dragonite|Dragonite, L50, M|100/100\n|move|p1a: Archaludon|Protect|p1a: Archaludon\n|-singleturn|p1a: Archaludon|Protect\n|move|p2b: Gholdengo|Shadow Ball|p1a: Archaludon\n|-activate|p1a: Archaludon|move: Protect\n|\n|-weather|Sandstorm|[upkeep]\n|-damage|p1b: Dragonite|93/100|[from] Sandstorm\n|-damage|p2a: Sinistcha|54/100|[from] Sandstorm\n|-heal|p2a: Sinistcha|60/100|[from] item: Leftovers\n|upkeep\n|turn|5\n|\n|t:|1788336038\n|switch|p1a: Politoed|Politoed, L50, F|93/100\n|-weather|RainDance|[from] ability: Drizzle|[of] p1a: Politoed\n|detailschange|p1b: Dragonite|Dragonite-Mega, L50, M\n|-mega|p1b: Dragonite|Dragonite|Dragoninite\n|move|p2a: Sinistcha|Rage Powder|p2a: Sinistcha\n|-singleturn|p2a: Sinistcha|move: Rage Powder\n|move|p1b: Dragonite|Hurricane|p2a: Sinistcha\n|-supereffective|p2a: Sinistcha|1\n|-damage|p2a: Sinistcha|0 fnt\n|faint|p2a: Sinistcha\n|move|p2b: Gholdengo|Shadow Ball|p1a: Politoed\n|-damage|p1a: Politoed|0 fnt\n|faint|p1a: Politoed\n|\n|-weather|RainDance|[upkeep]\n|upkeep\n|\n|t:|1788336055\n|switch|p1a: Archaludon|Archaludon, L50, F|100/100\n|switch|p2a: Tyranitar|Tyranitar, L50, F|2/100\n|-weather|Sandstorm|[from] ability: Sand Stream|[of] p2a: Tyranitar\n|turn|6\n|inactive|drake412 has 30 seconds left.\n|\n|t:|1788336085\n|move|p2a: Tyranitar|Protect|p2a: Tyranitar\n|-singleturn|p2a: Tyranitar|Protect\n|move|p1b: Dragonite|Thunderbolt|p2b: Gholdengo\n|-damage|p2b: Gholdengo|42/100\n|move|p2b: Gholdengo|Shadow Ball|p1b: Dragonite\n|-damage|p1b: Dragonite|0 fnt\n|faint|p1b: Dragonite\n|move|p1a: Archaludon|Dragon Pulse|p2a: Tyranitar\n|-activate|p2a: Tyranitar|move: Protect\n|\n|-weather|Sandstorm|[upkeep]\n|upkeep\n|turn|7\n|\n|t:|1788336098\n|move|p2b: Gholdengo|Shadow Ball|p1a: Archaludon\n|-damage|p1a: Archaludon|0 fnt\n|faint|p1a: Archaludon\n|\n|win|alexismydog\n|raw|drake412's rating: 1618 &rarr; <strong>1596</strong><br />(-22 for losing)\n|raw|alexismydog's rating: 1576 &rarr; <strong>1598</strong><br />(+22 for winning)\n","uploadtime":1788336104,"views":"0","formatid":"gen9championsvgc2026regmb","rating":1596,"private":0,"password":null}