{"id":"gen9championsvgc2026regmb-2674611248","format":"[Gen 9 Champions] VGC 2026 Reg M-B","players":["Mr.Koontzie.","Zapdos79"],"log":"|j|☆Mr.Koontzie.\n|j|☆Zapdos79\n|t:|1788380085\n|gametype|doubles\n|player|p1|Mr.Koontzie.|n|1238\n|player|p2|Zapdos79|flannery|1255\n|gen|9\n|tier|[Gen 9 Champions] VGC 2026 Reg M-B\n|rated|\n|rule|Species Clause: Limit one of each Pokémon\n|rule|Item Clause: Limit 1 of each item\n|clearpoke\n|poke|p1|Aggron, L50, M|\n|poke|p1|Sableye, L50, F|\n|poke|p1|Sinistcha, L50|\n|poke|p1|Archaludon, L50, M|\n|poke|p1|Blastoise, L50, F|\n|poke|p1|Sylveon, L50, F|\n|poke|p2|Espathra, L50, F|\n|poke|p2|Floette-Eternal, L50, F|\n|poke|p2|Charizard, L50, M|\n|poke|p2|Zoroark-Hisui, L50, M|\n|poke|p2|Sneasler, L50, M|\n|poke|p2|Kingambit, L50, F|\n|teampreview|4\n|inactive|Battle timer is ON: inactive players will automatically lose when time's up. (requested by Mr.Koontzie.)\n|\n|t:|1788380190\n|teamsize|p1|4\n|teamsize|p2|4\n|start\n|switch|p1a: Sableye|Sableye, L50, F|100/100\n|switch|p1b: Sinistcha|Sinistcha, L50|100/100\n|switch|p2a: Espathra|Espathra, L50, F|100/100\n|switch|p2b: Floette|Floette-Eternal, L50, F|100/100\n|turn|1\n|\n|t:|1788380209\n|move|p1a: Sableye|Light Screen|p1a: Sableye\n|-sidestart|p1: Mr.Koontzie.|move: Light Screen\n|move|p2b: Floette|Bitter Malice|p1a: Sableye\n|-damage|p1a: Sableye|61/100\n|-unboost|p1a: Sableye|atk|1\n|move|p2a: Espathra|Calm Mind|p2a: Espathra\n|-boost|p2a: Espathra|spa|1\n|-boost|p2a: Espathra|spd|1\n|move|p1b: Sinistcha|Trick Room|p1b: Sinistcha\n|-fieldstart|move: Trick Room|[of] p1b: Sinistcha\n|\n|-ability|p2a: Espathra|Speed Boost|boost\n|-boost|p2a: Espathra|spe|1\n|upkeep\n|turn|2\n|inactive|Mr.Koontzie. has 30 seconds left.\n|\n|t:|1788380242\n|switch|p1b: Archaludon|Archaludon, L50, M|100/100\n|move|p2a: Espathra|Protect|p2a: Espathra\n|-singleturn|p2a: Espathra|Protect\n|move|p1a: Sableye|Rain Dance|p1a: Sableye\n|-weather|RainDance\n|move|p2b: Floette|Bitter Malice|p1a: Sableye\n|-damage|p1a: Sableye|22/100\n|-unboost|p1a: Sableye|atk|1\n|\n|-weather|RainDance|[upkeep]\n|-ability|p2a: Espathra|Speed Boost|boost\n|-boost|p2a: Espathra|spe|1\n|upkeep\n|turn|3\n|inactive|Mr.Koontzie. has 30 seconds left.\n|\n|t:|1788380269\n|switch|p1a: Aggron|Aggron, L50, M|100/100\n|move|p1b: Archaludon|Electro Shot||[still]\n|-prepare|p1b: Archaludon|Electro Shot\n|-boost|p1b: Archaludon|spa|1\n|-anim|p1b: Archaludon|Electro Shot|p2a: Espathra\n|-damage|p2a: Espathra|40/100\n|-enditem|p2a: Espathra|Sitrus Berry|[eat]\n|-heal|p2a: Espathra|65/100|[from] item: Sitrus Berry\n|move|p2b: Floette|Bitter Malice|p1a: Aggron\n|-damage|p1a: Aggron|62/100\n|-unboost|p1a: Aggron|atk|1\n|move|p2a: Espathra|Calm Mind|p2a: Espathra\n|-boost|p2a: Espathra|spa|1\n|-boost|p2a: Espathra|spd|1\n|\n|-weather|RainDance|[upkeep]\n|-ability|p2a: Espathra|Speed Boost|boost\n|-boost|p2a: Espathra|spe|1\n|upkeep\n|turn|4\n|\n|t:|1788380292\n|detailschange|p1a: Aggron|Aggron-Mega, L50, M\n|-mega|p1a: Aggron|Aggron|Aggronite\n|move|p2a: Espathra|Protect|p2a: Espathra\n|-singleturn|p2a: Espathra|Protect\n|move|p1a: Aggron|Iron Defense|p1a: Aggron\n|-boost|p1a: Aggron|def|2\n|move|p1b: Archaludon|Electro Shot||[still]\n|-prepare|p1b: Archaludon|Electro Shot\n|-boost|p1b: Archaludon|spa|1\n|-anim|p1b: Archaludon|Electro Shot|p2b: Floette\n|-enditem|p2b: Floette|Focus Sash\n|-damage|p2b: Floette|1/100\n|replace|p2b: Zoroark|Zoroark-Hisui, L50, M\n|-end|p2b: Zoroark|Illusion\n|move|p2b: Zoroark|Will-O-Wisp|p1a: Aggron\n|-status|p1a: Aggron|brn\n|\n|-weather|RainDance|[upkeep]\n|-damage|p1a: Aggron|56/100 brn|[from] brn\n|-ability|p2a: Espathra|Speed Boost|boost\n|-boost|p2a: Espathra|spe|1\n|upkeep\n|turn|5\n|inactive|Mr.Koontzie. has 30 seconds left.\n|inactive|Zapdos79 has 30 seconds left.\n|inactive|Zapdos79 has 20 seconds left.\n|\n|t:|1788380332\n|move|p1a: Aggron|Iron Defense|p1a: Aggron\n|-boost|p1a: Aggron|def|2\n|move|p1b: Archaludon|Electro Shot||[still]\n|-prepare|p1b: Archaludon|Electro Shot\n|-boost|p1b: Archaludon|spa|1\n|-anim|p1b: Archaludon|Electro Shot|p2a: Espathra\n|-damage|p2a: Espathra|0 fnt\n|faint|p2a: Espathra\n|move|p2b: Zoroark|Bitter Malice|p1b: Archaludon\n|-damage|p1b: Archaludon|69/100\n|-unboost|p1b: Archaludon|atk|1\n|-ability|p1b: Archaludon|Stamina|boost\n|-boost|p1b: Archaludon|def|1\n|\n|-weather|RainDance|[upkeep]\n|-heal|p1b: Archaludon|75/100|[from] item: Leftovers\n|-damage|p1a: Aggron|50/100g brn|[from] brn\n|-sideend|p1: Mr.Koontzie.|move: Light Screen\n|-fieldend|move: Trick Room\n|upkeep\n|\n|t:|1788380351\n|switch|p2a: Sneasler|Sneasler, L50, M|100/100\n|turn|6\n|inactive|Mr.Koontzie. has 30 seconds left.\n|\n|t:|1788380380\n|move|p1b: Archaludon|Protect|p1b: Archaludon\n|-singleturn|p1b: Archaludon|Protect\n|move|p2b: Zoroark|Bitter Malice|p1a: Aggron\n|-damage|p1a: Aggron|4/100 brn\n|-unboost|p1a: Aggron|atk|1\n|move|p2a: Sneasler|Close Combat|p1a: Aggron\n|-supereffective|p1a: Aggron|1\n|-damage|p1a: Aggron|0 fnt\n|-unboost|p2a: Sneasler|def|1\n|-unboost|p2a: Sneasler|spd|1\n|faint|p1a: Aggron\n|-enditem|p2a: Sneasler|White Herb\n|-clearnegativeboost|p2a: Sneasler|[silent]\n|\n|-weather|none\n|-heal|p1b: Archaludon|81/100|[from] item: Leftovers\n|upkeep\n|\n|t:|1788380400\n|switch|p1a: Sinistcha|Sinistcha, L50|100/100\n|-heal|p1b: Archaludon|100/100|[from] ability: Hospitality|[of] p1a: Sinistcha\n|turn|7\n|\n|t:|1788380419\n|move|p2a: Sneasler|Close Combat|p1b: Archaludon\n|-supereffective|p1b: Archaludon|1\n|-damage|p1b: Archaludon|42/100\n|-unboost|p2a: Sneasler|def|1\n|-unboost|p2a: Sneasler|spd|1\n|-ability|p1b: Archaludon|Stamina|boost\n|-boost|p1b: Archaludon|def|1\n|move|p2b: Zoroark|Bitter Malice|p1a: Sinistcha\n|-supereffective|p1a: Sinistcha|1\n|-damage|p1a: Sinistcha|12/100\n|-unboost|p1a: Sinistcha|atk|1\n|-enditem|p1a: Sinistcha|Sitrus Berry|[eat]\n|-heal|p1a: Sinistcha|37/100|[from] item: Sitrus Berry\n|move|p1b: Archaludon|Flash Cannon|p2a: Sneasler\n|-damage|p2a: Sneasler|0 fnt\n|faint|p2a: Sneasler\n|move|p1a: Sinistcha|Trick Room|p1a: Sinistcha\n|-fieldstart|move: Trick Room|[of] p1a: Sinistcha\n|\n|-heal|p1b: Archaludon|48/100|[from] item: Leftovers\n|upkeep\n|\n|t:|1788380439\n|switch|p2a: Floette|Floette-Eternal, L50, F|100/100\n|turn|8\n|\n|t:|1788380450\n|detailschange|p2a: Floette|Floette-Mega, L50, F\n|-mega|p2a: Floette|Floette|Floettite\n|-ability|p2a: Floette|Fairy Aura\n|move|p2a: Floette|Protect|p2a: Floette\n|-singleturn|p2a: Floette|Protect\n|move|p1a: Sinistcha|Matcha Gotcha|p2a: Floette|[spread] p2b\n|-activate|p2a: Floette|move: Protect\n|-damage|p2b: Zoroark|0 fnt\n|-heal|p1a: Sinistcha|37/100|[from] drain|[of] p2b: Zoroark\n|faint|p2b: Zoroark\n|move|p1b: Archaludon|Flash Cannon|p2a: Floette\n|-activate|p2a: Floette|move: Protect\n|\n|-heal|p1b: Archaludon|54/100|[from] item: Leftovers\n|upkeep\n|turn|9\n|\n|t:|1788380472\n|move|p1a: Sinistcha|Matcha Gotcha|p2a: Floette\n|-damage|p2a: Floette|76/100\n|-heal|p1a: Sinistcha|49/100|[from] drain|[of] p2a: Floette\n|move|p1b: Archaludon|Flash Cannon|p2a: Floette\n|-supereffective|p2a: Floette|1\n|-damage|p2a: Floette|0 fnt\n|faint|p2a: Floette\n|\n|win|Mr.Koontzie.\n|raw|Mr.Koontzie.'s rating: 1238 &rarr; <strong>1264</strong><br />(+26 for winning)\n|raw|Zapdos79's rating: 1255 &rarr; <strong>1229</strong><br />(-26 for losing)\n|c|☆Zapdos79|gg\n","uploadtime":1788380481,"views":"11","formatid":"gen9championsvgc2026regmb","rating":1229,"private":0,"password":null}