{"id":"gen9championsvgc2026regmb-2674252275","format":"[Gen 9 Champions] VGC 2026 Reg M-B","players":["Thornlace48812","maximuzprime"],"log":"|j|☆Thornlace48812\n|j|☆maximuzprime\n|t:|1788323820\n|gametype|doubles\n|player|p1|Thornlace48812|1|1084\n|player|p2|maximuzprime|hiker-gen4|1068\n|gen|9\n|tier|[Gen 9 Champions] VGC 2026 Reg M-B\n|rated|\n|rule|Species Clause: Limit one of each Pokémon\n|rule|Item Clause: Limit 1 of each item\n|clearpoke\n|poke|p1|Garchomp, L50, M|\n|poke|p1|Charizard, L50, M|\n|poke|p1|Whimsicott, L50, M|\n|poke|p1|Sylveon, L50, M|\n|poke|p1|Kingambit, L50, F|\n|poke|p1|Basculegion, L50, M|\n|poke|p2|Farigiraf, L50, M|\n|poke|p2|Skeledirge, L50, F, shiny|\n|poke|p2|Empoleon, L50, F|\n|poke|p2|Maushold-Four, L50|\n|poke|p2|Sinistcha, L50|\n|poke|p2|Kingambit, L50, F|\n|teampreview|4\n|inactive|Battle timer is ON: inactive players will automatically lose when time's up. (requested by Thornlace48812)\nThornlace48812 rejected open team sheets.\n|\n|t:|1788323830\n|teamsize|p1|4\n|teamsize|p2|4\n|start\n|switch|p1a: Charizard|Charizard, L50, M|100/100\n|switch|p1b: Sylveon|Sylveon, L50, M|100/100\n|switch|p2a: Farigiraf|Farigiraf, L50, M|100/100\n|switch|p2b: Maushold|Maushold-Four, L50|100/100\n|turn|1\n|\n|t:|1788323846\n|detailschange|p1a: Charizard|Charizard-Mega-Y, L50, M\n|-mega|p1a: Charizard|Charizard|Charizardite Y\n|-weather|SunnyDay|[from] ability: Drought|[of] p1a: Charizard\n|move|p2b: Maushold|Follow Me|p2b: Maushold\n|-singleturn|p2b: Maushold|move: Follow Me\n|move|p1a: Charizard|Heat Wave|p2a: Farigiraf|[spread] p2a,p2b\n|-damage|p2a: Farigiraf|57/100\n|-enditem|p2b: Maushold|Focus Sash\n|-damage|p2b: Maushold|1/100\n|move|p1b: Sylveon|Hyper Voice|p2b: Maushold|[spread] p2a,p2b\n|-damage|p2a: Farigiraf|29/100\n|-damage|p2b: Maushold|0 fnt\n|faint|p2b: Maushold\n|move|p2a: Farigiraf|Trick Room|p2a: Farigiraf\n|-fieldstart|move: Trick Room|[of] p2a: Farigiraf\n|\n|-weather|SunnyDay|[upkeep]\n|upkeep\n|\n|t:|1788323863\n|switch|p2b: Empoleon|Empoleon, L50, F|100/100\n|turn|2\n|\n|t:|1788323874\n|move|p2b: Empoleon|Hydro Pump|p1a: Charizard\n|-supereffective|p1a: Charizard|1\n|-crit|p1a: Charizard\n|-damage|p1a: Charizard|0 fnt\n|faint|p1a: Charizard\n|-damage|p2b: Empoleon|90/100|[from] item: Life Orb\n|move|p2a: Farigiraf|Hyper Voice|p1b: Sylveon\n|-damage|p1b: Sylveon|71/100\n|move|p1b: Sylveon|Hyper Voice|p2b: Empoleon|[spread] p2a,p2b\n|-resisted|p2b: Empoleon|1\n|-damage|p2a: Farigiraf|0 fnt\n|-damage|p2b: Empoleon|68/100\n|faint|p2a: Farigiraf\n|\n|-weather|SunnyDay|[upkeep]\n|upkeep\n|\n|t:|1788323890\n|switch|p2a: Skeledirge|Skeledirge, L50, F, shiny|100/100\n|switch|p1a: Basculegion|Basculegion, L50, M|100/100\n|turn|3\n|\n|t:|1788323907\n|move|p2b: Empoleon|Flash Cannon|p1b: Sylveon\n|-supereffective|p1b: Sylveon|1\n|-damage|p1b: Sylveon|0 fnt\n|faint|p1b: Sylveon\n|-damage|p2b: Empoleon|58/100|[from] item: Life Orb\n|move|p2a: Skeledirge|Shadow Ball|p1a: Basculegion\n|-supereffective|p1a: Basculegion|1\n|-damage|p1a: Basculegion|21/100\n|move|p1a: Basculegion|Last Respects|p2b: Empoleon\n|-damage|p2b: Empoleon|0 fnt\n|faint|p2b: Empoleon\n|\n|-weather|SunnyDay|[upkeep]\n|upkeep\n|\n|t:|1788323907\n|switch|p1b: Kingambit|Kingambit, L50, F|100/100\n|-activate|p1b: Kingambit|ability: Supreme Overlord\n|-start|p1b: Kingambit|fallen2|[silent]\n|turn|4\n|\n|t:|1788323930\n|move|p2a: Skeledirge|Shadow Ball|p1a: Basculegion\n|-supereffective|p1a: Basculegion|1\n|-crit|p1a: Basculegion\n|-damage|p1a: Basculegion|0 fnt\n|faint|p1a: Basculegion\n|move|p1b: Kingambit|Low Kick|p2a: Skeledirge\n|-immune|p2a: Skeledirge\n|\n|-weather|SunnyDay|[upkeep]\n|upkeep\n|turn|5\n|\n|t:|1788323944\n|move|p2a: Skeledirge|Torch Song|p1b: Kingambit\n|-supereffective|p1b: Kingambit|1\n|-damage|p1b: Kingambit|0 fnt\n|-boost|p2a: Skeledirge|spa|1\n|faint|p1b: Kingambit\n|-end|p1b: Kingambit|fallen2|[silent]\n|\n|win|maximuzprime\n|raw|Thornlace48812's rating: 1114 &rarr; <strong>1086</strong><br />(-28 for losing)\n|raw|maximuzprime's rating: 1068 &rarr; <strong>1102</strong><br />(+34 for winning)\n","uploadtime":1788323944,"views":"0","formatid":"gen9championsvgc2026regmb","rating":1086,"private":0,"password":null}