{"id":"gen9championsvgc2026regmb-2674840009","format":"[Gen 9 Champions] VGC 2026 Reg M-B","players":["Grade a type b","carrotbeafsteak"],"log":"|j|☆Grade a type b\n|j|☆carrotbeafsteak\n|t:|1788418427\n|gametype|doubles\n|player|p1|Grade a type b|170|1334\n|player|p2|carrotbeafsteak|1|1309\n|gen|9\n|tier|[Gen 9 Champions] VGC 2026 Reg M-B\n|rated|\n|rule|Species Clause: Limit one of each Pokémon\n|rule|Item Clause: Limit 1 of each item\n|clearpoke\n|poke|p1|Blaziken, L50, M|\n|poke|p1|Starmie, L50|\n|poke|p1|Tsareena, L50, F|\n|poke|p1|Gholdengo, L50|\n|poke|p1|Hydreigon, L50, F|\n|poke|p1|Clefable, L50, F|\n|poke|p2|Simipour, L50, M|\n|poke|p2|Simisage, L50, F|\n|poke|p2|Simisear, L50, F|\n|poke|p2|Pelipper, L50, F|\n|poke|p2|Torkoal, L50, M|\n|poke|p2|Gyarados, L50, F|\n|teampreview|4\n|inactive|Battle timer is ON: inactive players will automatically lose when time's up. (requested by Grade a type b)\n|c|☆Grade a type b|I better not lose to this bs\n|inactive|Grade a type b has 60 seconds left.\n|inactive|carrotbeafsteak has 60 seconds left.\n|\n|t:|1788418467\n|teamsize|p1|4\n|teamsize|p2|4\n|start\n|switch|p1a: Hydreigon|Hydreigon, L50, F|100/100\n|switch|p1b: Starmie|Starmie, L50|100/100\n|switch|p2a: Simisear|Simisear, L50, F|100/100\n|switch|p2b: Torkoal|Torkoal, L50, M|100/100\n|-weather|SunnyDay|[from] ability: Drought|[of] p2b: Torkoal\n|turn|1\n|inactive|carrotbeafsteak has 30 seconds left.\n|\n|t:|1788418493\n|detailschange|p1b: Starmie|Starmie-Mega, L50\n|-mega|p1b: Starmie|Starmie|Starminite\n|move|p1b: Starmie|Protect|p1b: Starmie\n|-singleturn|p1b: Starmie|Protect\n|move|p2a: Simisear|Fake Out|p1a: Hydreigon\n|-damage|p1a: Hydreigon|90/100\n|cant|p1a: Hydreigon|flinch\n|move|p2b: Torkoal|Eruption|p1b: Starmie|[spread] p1a\n|-activate|p1b: Starmie|move: Protect\n|-resisted|p1a: Hydreigon|1\n|-damage|p1a: Hydreigon|60/100\n|\n|-weather|SunnyDay|[upkeep]\n|upkeep\n|turn|2\n|inactive|Grade a type b has 30 seconds left.\n|inactive|carrotbeafsteak has 30 seconds left.\n|inactive|Grade a type b has 20 seconds left.\n|inactive|Grade a type b has 15 seconds left.\n|inactive|Grade a type b has 10 seconds left.\n|inactive|Grade a type b has 5 seconds left.\n|\n|t:|1788418545\n|switch|p1b: Blaziken|Blaziken, L50, M|100/100\n|switch|p2a: Gyarados|Gyarados, L50, F|100/100\n|-ability|p2a: Gyarados|Intimidate|boost\n|-unboost|p1a: Hydreigon|atk|1\n|-unboost|p1b: Blaziken|atk|1\n|move|p1a: Hydreigon|Draco Meteor|p2b: Torkoal\n|-damage|p2b: Torkoal|35/100\n|-unboost|p1a: Hydreigon|spa|2\n|move|p2b: Torkoal|Yawn|p1a: Hydreigon\n|-start|p1a: Hydreigon|move: Yawn|[of] p2b: Torkoal\n|\n|-weather|SunnyDay|[upkeep]\n|-heal|p2b: Torkoal|41/100|[from] item: Leftovers\n|upkeep\n|turn|3\n|\n|t:|1788418567\n|switch|p1a: Starmie|Starmie-Mega, L50|100/100\n|move|p1b: Blaziken|Protect|p1b: Blaziken\n|-singleturn|p1b: Blaziken|Protect\n|move|p2a: Gyarados|Dragon Dance|p2a: Gyarados\n|-boost|p2a: Gyarados|atk|1\n|-boost|p2a: Gyarados|spe|1\n|move|p2b: Torkoal|Yawn|p1a: Starmie\n|-start|p1a: Starmie|move: Yawn|[of] p2b: Torkoal\n|\n|-weather|SunnyDay|[upkeep]\n|-heal|p2b: Torkoal|47/100|[from] item: Leftovers\n|-ability|p1b: Blaziken|Speed Boost|boost\n|-boost|p1b: Blaziken|spe|1\n|upkeep\n|turn|4\n|\n|t:|1788418585\n|switch|p1a: Hydreigon|Hydreigon, L50, F|60/100\n|switch|p2b: Pelipper|Pelipper, L50, F|100/100\n|-weather|RainDance|[from] ability: Drizzle|[of] p2b: Pelipper\n|move|p1b: Blaziken|Close Combat|p2b: Pelipper\n|-resisted|p2b: Pelipper|1\n|-damage|p2b: Pelipper|74/100\n|-unboost|p1b: Blaziken|def|1\n|-unboost|p1b: Blaziken|spd|1\n|-damage|p1b: Blaziken|90/100|[from] item: Life Orb\n|move|p2a: Gyarados|Waterfall|p1b: Blaziken\n|-supereffective|p1b: Blaziken|1\n|-damage|p1b: Blaziken|0 fnt\n|faint|p1b: Blaziken\n|\n|-weather|RainDance|[upkeep]\n|upkeep\n|\n|t:|1788418594\n|switch|p1b: Gholdengo|Gholdengo, L50|100/100\n|turn|5\n|\n|t:|1788418605\n|detailschange|p2a: Gyarados|Gyarados-Mega, L50, F\n|-mega|p2a: Gyarados|Gyarados|Gyaradosite\n|-ability|p2a: Gyarados|Mold Breaker\n|move|p2a: Gyarados|Crunch|p1b: Gholdengo\n|-supereffective|p1b: Gholdengo|1\n|-damage|p1b: Gholdengo|0 fnt\n|faint|p1b: Gholdengo\n|move|p1a: Hydreigon|Tailwind|p1a: Hydreigon\n|-sidestart|p1: Grade a type b|move: Tailwind\n|move|p2b: Pelipper|Tailwind|p2b: Pelipper\n|-sidestart|p2: carrotbeafsteak|move: Tailwind\n|\n|-weather|RainDance|[upkeep]\n|upkeep\n|\n|t:|1788418611\n|switch|p1b: Starmie|Starmie-Mega, L50|100/100\n|turn|6\n|-message|Grade a type b forfeited.\n|\n|win|carrotbeafsteak\n|raw|Grade a type b's rating: 1334 &rarr; <strong>1313</strong><br />(-21 for losing)\n|raw|carrotbeafsteak's rating: 1309 &rarr; <strong>1330</strong><br />(+21 for winning)\n|l|☆Grade a type b\n|player|p1|\n","uploadtime":1788418616,"views":"10","formatid":"gen9championsvgc2026regmb","rating":1313,"private":0,"password":null}