{"id":"gen9championsvgc2026regmbbo3-2673801425","format":"[Gen 9 Champions] VGC 2026 Reg M-B (Bo3)","players":["B1g b3luga","Jorge Saltamontes"],"log":"|j|☆B1g b3luga\n|j|☆Jorge Saltamontes\n|html|<table width=\"100%\"><tr><td align=\"left\">B1g b3luga</td><td align=\"right\">Jorge Saltamontes</tr><tr><td align=\"left\"><i class=\"fa fa-circle\"></i> <i class=\"fa fa-circle-o\"></i> </td><td align=\"right\"><i class=\"fa fa-circle-o\"></i> <i class=\"fa fa-circle\"></i> </tr></table>\n|uhtml|bestof|<h2><strong>Game 3</strong> of <a href=\"/game-bestof3-gen9championsvgc2026regmbbo3-2673798920\">a best-of-3</a></h2>\n|t:|1788259706\n|gametype|doubles\n|player|p1|B1g b3luga|266|1229\n|player|p2|Jorge Saltamontes|marshal|1442\n|gen|9\n|tier|[Gen 9 Champions] VGC 2026 Reg M-B (Bo3)\n|rated|\n|rule|Species Clause: Limit one of each Pokémon\n|rule|Item Clause: Limit 1 of each item\n|clearpoke\n|poke|p1|Gengar, L50, F, shiny|\n|poke|p1|Politoed, L50, M|\n|poke|p1|Archaludon, L50, F|\n|poke|p1|Incineroar, L50, F|\n|poke|p1|Dragonite, L50, M, shiny|\n|poke|p1|Garchomp, L50, M|\n|poke|p2|Charizard, L50, M|\n|poke|p2|Sylveon, L50, M|\n|poke|p2|Garchomp, L50, F|\n|poke|p2|Venusaur, L50, M|\n|poke|p2|Incineroar, L50, F|\n|poke|p2|Toxapex, L50, M|\n|teampreview|4\n|showteam|p1|Gengar||Gengarite|CursedBody|PerishSong,Protect,ShadowBall,SludgeBomb|Modest||F|||50|]Politoed||SitrusBerry|Drizzle|MuddyWater,IceBeam,Protect,PerishSong|Calm||M|||50|]Archaludon||Leftovers|Stamina|FlashCannon,DracoMeteor,ElectroShot,Protect|Calm||F|||50|]Incineroar||ChopleBerry|Intimidate|PartingShot,FlareBlitz,Protect,FakeOut|Impish||F|||50|]Dragonite||Dragoninite|InnerFocus|DragonPulse,Hurricane,Protect,Tailwind|Modest||M|||50|]Garchomp||LifeOrb|RoughSkin|RockSlide,StompingTantrum,DragonClaw,Protect|Jolly||M|||50|\n|showteam|p2|Charizard||CharizarditeY|Blaze|WeatherBall,HeatWave,AncientPower,Protect|Modest||M|||50|]Sylveon||FairyFeather|Pixilate|HyperVoice,QuickAttack,Yawn,Detect|Modest||M|||50|]Garchomp||ChoiceScarf|RoughSkin|RockSlide,DragonClaw,Earthquake,StompingTantrum|Adamant||F|||50|]Venusaur||LifeOrb|Chlorophyll|SludgeBomb,LeafStorm,EarthPower,Protect|Modest||M|||50|]Incineroar||SitrusBerry|Intimidate|FlareBlitz,FakeOut,DarkestLariat,PartingShot|Impish||F|||50|]Toxapex||Leftovers|Regenerator|Infestation,Toxic,WideGuard,BanefulBunker|Bold||M|||50|\n|inactive|Battle timer is ON: inactive players will automatically lose when time's up. (requested by Jorge Saltamontes)\n|\n|t:|1788259719\n|teamsize|p1|4\n|teamsize|p2|4\n|start\n|switch|p1a: Politoed|Politoed, L50, M|100/100\n|switch|p1b: Garchomp|Garchomp, L50, M|100/100\n|switch|p2a: Incineroar|Incineroar, L50, F|100/100\n|switch|p2b: Toxapex|Toxapex, L50, M|100/100\n|-weather|RainDance|[from] ability: Drizzle|[of] p1a: Politoed\n|-ability|p2a: Incineroar|Intimidate|boost\n|-unboost|p1a: Politoed|atk|1\n|-unboost|p1b: Garchomp|atk|1\n|turn|1\n|\n|t:|1788259734\n|switch|p1b: Gengar|Gengar, L50, F, shiny|100/100\n|move|p2a: Incineroar|Fake Out|p1a: Politoed\n|-damage|p1a: Politoed|88/100\n|cant|p1a: Politoed|flinch\n|move|p2b: Toxapex|Infestation|p1a: Politoed\n|-damage|p1a: Politoed|85/100\n|-activate|p1a: Politoed|move: Infestation|[of] p2b: Toxapex\n|\n|-weather|RainDance|[upkeep]\n|-damage|p1a: Politoed|73/100|[from] move: Infestation|[partiallytrapped]\n|upkeep\n|turn|2\n|\n|t:|1788259752\n|detailschange|p1b: Gengar|Gengar-Mega, L50, F, shiny\n|-mega|p1b: Gengar|Gengar|Gengarite\n|move|p1b: Gengar|Perish Song|p1b: Gengar\n|-start|p1a: Politoed|perish3|[silent]\n|-start|p1b: Gengar|perish3|[silent]\n|-start|p2a: Incineroar|perish3|[silent]\n|-start|p2b: Toxapex|perish3|[silent]\n|-fieldactivate|move: Perish Song\n|move|p1a: Politoed|Muddy Water|p2a: Incineroar|[spread] p2a,p2b\n|-supereffective|p2a: Incineroar|1\n|-resisted|p2b: Toxapex|1\n|-damage|p2a: Incineroar|42/100\n|-damage|p2b: Toxapex|87/100\n|-enditem|p2a: Incineroar|Sitrus Berry|[eat]\n|-heal|p2a: Incineroar|67/100|[from] item: Sitrus Berry\n|move|p2a: Incineroar|Parting Shot|p1a: Politoed\n|-unboost|p1a: Politoed|atk|1\n|-unboost|p1a: Politoed|spa|1\n|\n|t:|1788259768\n|switch|p2a: Garchomp|Garchomp, L50, F|100/100|[from] Parting Shot\n|move|p2b: Toxapex|Infestation|p1b: Gengar\n|-resisted|p1b: Gengar|2\n|-damage|p1b: Gengar|99/100\n|-activate|p1b: Gengar|move: Infestation|[of] p2b: Toxapex\n|\n|-weather|RainDance|[upkeep]\n|-heal|p2b: Toxapex|93/100|[from] item: Leftovers\n|-damage|p1b: Gengar|87/100|[from] move: Infestation|[partiallytrapped]\n|-damage|p1a: Politoed|61/100|[from] move: Infestation|[partiallytrapped]\n|-start|p1b: Gengar|perish3\n|-start|p1a: Politoed|perish3\n|-start|p2b: Toxapex|perish3\n|upkeep\n|turn|3\n|\n|t:|1788259788\n|move|p1b: Gengar|Protect|p1b: Gengar\n|-singleturn|p1b: Gengar|Protect\n|move|p2b: Toxapex|Wide Guard|p2b: Toxapex\n|-singleturn|p2b: Toxapex|Wide Guard\n|move|p2a: Garchomp|Earthquake|p1a: Politoed|[spread] p1a\n|-activate|p2b: Toxapex|move: Wide Guard\n|-activate|p1b: Gengar|move: Protect\n|-damage|p1a: Politoed|20/100y\n|-enditem|p1a: Politoed|Sitrus Berry|[eat]\n|-heal|p1a: Politoed|44/100|[from] item: Sitrus Berry\n|move|p1a: Politoed|Ice Beam|p2a: Garchomp\n|-supereffective|p2a: Garchomp|2\n|-crit|p2a: Garchomp\n|-damage|p2a: Garchomp|0 fnt\n|faint|p2a: Garchomp\n|\n|-weather|RainDance|[upkeep]\n|-heal|p2b: Toxapex|99/100|[from] item: Leftovers\n|-damage|p1b: Gengar|75/100|[from] move: Infestation|[partiallytrapped]\n|-damage|p1a: Politoed|32/100|[from] move: Infestation|[partiallytrapped]\n|-start|p1b: Gengar|perish2\n|-start|p1a: Politoed|perish2\n|-start|p2b: Toxapex|perish2\n|upkeep\n|\n|t:|1788259800\n|switch|p2a: Charizard|Charizard, L50, M|100/100\n|turn|4\n|\n|t:|1788259814\n|detailschange|p2a: Charizard|Charizard-Mega-Y, L50, M\n|-mega|p2a: Charizard|Charizard|Charizardite Y\n|-weather|SunnyDay|[from] ability: Drought|[of] p2a: Charizard\n|move|p1b: Gengar|Shadow Ball|p2a: Charizard\n|-damage|p2a: Charizard|44/100\n|move|p2a: Charizard|Heat Wave|p1a: Politoed|[spread] p1a,p1b\n|-resisted|p1a: Politoed|1\n|-damage|p1a: Politoed|9/100\n|-damage|p1b: Gengar|0 fnt\n|faint|p1b: Gengar\n|move|p1a: Politoed|Muddy Water|p2b: Toxapex|[spread] p2b\n|-miss|p1a: Politoed|p2a: Charizard\n|-resisted|p2b: Toxapex|1\n|-damage|p2b: Toxapex|97/100\n|-unboost|p2b: Toxapex|accuracy|1\n|move|p2b: Toxapex|Infestation|p1a: Politoed|[miss]\n|-miss|p2b: Toxapex|p1a: Politoed\n|\n|-weather|SunnyDay|[upkeep]\n|-heal|p2b: Toxapex|100/100|[from] item: Leftovers\n|-damage|p1a: Politoed|0 fnt|[from] move: Infestation|[partiallytrapped]\n|faint|p1a: Politoed\n|-start|p2b: Toxapex|perish1\n|upkeep\n|\n|t:|1788259824\n|switch|p1b: Incineroar|Incineroar, L50, F|100/100\n|switch|p1a: Garchomp|Garchomp, L50, M|100/100\n|-ability|p1b: Incineroar|Intimidate|boost\n|-unboost|p2a: Charizard|atk|1\n|-unboost|p2b: Toxapex|atk|1\n|turn|5\n|\n|t:|1788259842\n|switch|p2b: Incineroar|Incineroar, L50, F|67/100\n|-ability|p2b: Incineroar|Intimidate|boost\n|-unboost|p1a: Garchomp|atk|1\n|-unboost|p1b: Incineroar|atk|1\n|move|p2a: Charizard|Protect|p2a: Charizard\n|-singleturn|p2a: Charizard|Protect\n|move|p1b: Incineroar|Fake Out|p2a: Charizard\n|-activate|p2a: Charizard|move: Protect\n|move|p1a: Garchomp|Stomping Tantrum|p2b: Incineroar\n|-supereffective|p2b: Incineroar|1\n|-damage|p2b: Incineroar|20/100y\n|-damage|p1a: Garchomp|90/100|[from] item: Life Orb\n|\n|-weather|SunnyDay|[upkeep]\n|upkeep\n|turn|6\n|\n|t:|1788259867\n|move|p1a: Garchomp|Protect|p1a: Garchomp\n|-singleturn|p1a: Garchomp|Protect\n|move|p1b: Incineroar|Protect|p1b: Incineroar\n|-singleturn|p1b: Incineroar|Protect\n|move|p2b: Incineroar|Fake Out|p1a: Garchomp\n|-activate|p1a: Garchomp|move: Protect\n|move|p2a: Charizard|Ancient Power|p1b: Incineroar\n|-activate|p1b: Incineroar|move: Protect\n|\n|-weather|SunnyDay|[upkeep]\n|upkeep\n|turn|7\n|\n|t:|1788259891\n|switch|p2b: Toxapex|Toxapex, L50, M|100/100\n|move|p2a: Charizard|Protect|p2a: Charizard\n|-singleturn|p2a: Charizard|Protect\n|move|p1a: Garchomp|Stomping Tantrum|p2b: Toxapex\n|-supereffective|p2b: Toxapex|1\n|-damage|p2b: Toxapex|50/100g\n|-damage|p1a: Garchomp|80/100|[from] item: Life Orb\n|move|p1b: Incineroar|Flare Blitz|p2b: Toxapex\n|-resisted|p2b: Toxapex|1\n|-crit|p2b: Toxapex\n|-damage|p2b: Toxapex|14/100\n|-damage|p1b: Incineroar|90/100|[from] Recoil\n|\n|-weather|SunnyDay|[upkeep]\n|-heal|p2b: Toxapex|20/100y|[from] item: Leftovers\n|upkeep\n|turn|8\n|\n|t:|1788259909\n|-heal|p2b: Toxapex|53/100|[from] ability: Regenerator|[silent]\n|switch|p2b: Incineroar|Incineroar, L50, F|20/100y\n|-ability|p2b: Incineroar|Intimidate|boost\n|-unboost|p1a: Garchomp|atk|1\n|-unboost|p1b: Incineroar|atk|1\n|move|p1a: Garchomp|Rock Slide|p2b: Incineroar|[spread] p2a,p2b\n|-supereffective|p2a: Charizard|2\n|-supereffective|p2b: Incineroar|1\n|-damage|p2a: Charizard|0 fnt\n|-damage|p2b: Incineroar|1/100\n|faint|p2a: Charizard\n|-damage|p1a: Garchomp|70/100|[from] item: Life Orb\n|move|p1b: Incineroar|Flare Blitz|p2b: Incineroar\n|-resisted|p2b: Incineroar|1\n|-damage|p2b: Incineroar|0 fnt\n|faint|p2b: Incineroar\n|-damage|p1b: Incineroar|89/100|[from] Recoil\n|\n|-weather|none\n|upkeep\n|\n|t:|1788259917\n|switch|p2b: Toxapex|Toxapex, L50, M|53/100\n|turn|9\n|\n|t:|1788259922\n|move|p1a: Garchomp|Stomping Tantrum|p2b: Toxapex\n|-supereffective|p2b: Toxapex|1\n|-damage|p2b: Toxapex|18/100\n|-damage|p1a: Garchomp|60/100|[from] item: Life Orb\n|move|p1b: Incineroar|Flare Blitz|p2b: Toxapex\n|-resisted|p2b: Toxapex|1\n|-damage|p2b: Toxapex|10/100\n|-damage|p1b: Incineroar|87/100|[from] Recoil\n|move|p2b: Toxapex|Toxic|p1a: Garchomp\n|-status|p1a: Garchomp|tox\n|\n|-heal|p2b: Toxapex|16/100|[from] item: Leftovers\n|-damage|p1a: Garchomp|54/100 tox|[from] psn\n|upkeep\n|turn|10\n|\n|t:|1788259936\n|move|p2b: Toxapex|Baneful Bunker|p2b: Toxapex\n|-singleturn|p2b: Toxapex|move: Protect\n|move|p1a: Garchomp|Stomping Tantrum|p2b: Toxapex\n|-activate|p2b: Toxapex|move: Protect\n|move|p1b: Incineroar|Flare Blitz|p2b: Toxapex\n|-activate|p2b: Toxapex|move: Protect\n|-status|p1b: Incineroar|psn\n|\n|-heal|p2b: Toxapex|22/100|[from] item: Leftovers\n|-damage|p1a: Garchomp|42/100 tox|[from] psn\n|-damage|p1b: Incineroar|75/100 psn|[from] psn\n|upkeep\n|turn|11\n|\n|t:|1788259941\n|move|p1a: Garchomp|Stomping Tantrum|p2b: Toxapex\n|-supereffective|p2b: Toxapex|1\n|-damage|p2b: Toxapex|0 fnt\n|faint|p2b: Toxapex\n|-damage|p1a: Garchomp|32/100 tox|[from] item: Life Orb\n|\n|win|B1g b3luga\n","uploadtime":1788259711,"views":"0","formatid":"gen9championsvgc2026regmbbo3","rating":null,"private":0,"password":null}