{"id":"gen9championsvgc2026regmbbo3-2673964693","format":"[Gen 9 Champions] VGC 2026 Reg M-B (Bo3)","players":["D4RKEVA","simioini"],"log":"|j|☆D4RKEVA\n|j|☆simioini\n|html|<table width=\"100%\"><tr><td align=\"left\">D4RKEVA</td><td align=\"right\">simioini</tr><tr><td align=\"left\"><i class=\"fa fa-circle-o\"></i> <i class=\"fa fa-circle-o\"></i> </td><td align=\"right\"><i class=\"fa fa-circle-o\"></i> <i class=\"fa fa-circle-o\"></i> </tr></table>\n|uhtml|bestof|<h2><strong>Game 1</strong> of <a href=\"/game-bestof3-gen9championsvgc2026regmbbo3-2673964692\">a best-of-3</a></h2>\n|t:|1788282552\n|gametype|doubles\n|player|p1|D4RKEVA|266|1233\n|player|p2|simioini|169|1242\n|gen|9\n|tier|[Gen 9 Champions] VGC 2026 Reg M-B (Bo3)\n|rated|\n|rule|Species Clause: Limit one of each Pokémon\n|rule|Item Clause: Limit 1 of each item\n|clearpoke\n|poke|p1|Pyroar, L50, F|\n|poke|p1|Ninetales, L50, M|\n|poke|p1|Farigiraf, L50, M|\n|poke|p1|Whimsicott, L50, M|\n|poke|p1|Basculegion, L50, M|\n|poke|p1|Floette-Eternal, L50, F|\n|poke|p2|Charizard, L50, F|\n|poke|p2|Whimsicott, L50, M|\n|poke|p2|Garchomp, L50, F|\n|poke|p2|Floette-Eternal, L50, F|\n|poke|p2|Kingambit, L50, F|\n|poke|p2|Basculegion, L50, M|\n|teampreview|4\n|showteam|p1|Pyroar||Pyroarite|Unnerve|HeatWave,Overheat,SolarBeam,Protect|Timid||F|||50|]Ninetales||ChoiceScarf|Drought|Overheat,SolarBeam,FakeTears,HeatWave|Modest||M|||50|]Farigiraf||SitrusBerry|ArmorTail|TwinBeam,Thunderbolt,TrickRoom,HelpingHand|Bold||M|||50|]Whimsicott||FocusSash|Prankster|Moonblast,Tailwind,SunnyDay,Protect|Timid||M|||50|]Basculegion||LifeOrb|Adaptability|WaveCrash,AquaJet,LastRespects,Protect|Adamant||M|||50|]Floette-Eternal||Floettite|FlowerVeil|Moonblast,DazzlingGleam,LightofRuin,Protect|Modest||F|||50|\n|showteam|p2|Charizard||CharizarditeY|Blaze|HeatWave,WeatherBall,AncientPower,Protect|Timid||F|||50|]Whimsicott||FocusSash|Prankster|Moonblast,Tailwind,Encore,Protect|Timid||M|||50|]Garchomp||SitrusBerry|RoughSkin|Earthquake,DragonClaw,RockSlide,Protect|Jolly||F|||50|]Floette-Eternal||Floettite|FlowerVeil|DazzlingGleam,Moonblast,LightofRuin,Protect|Modest||F|||50|]Kingambit||OccaBerry|Defiant|KowtowCleave,IronHead,SuckerPunch,LowKick|Adamant||F|||50|]Basculegion||LifeOrb|Adaptability|WaveCrash,LastRespects,AquaJet,Protect|Adamant||M|||50|\n|inactive|Battle timer is ON: inactive players will automatically lose when time's up. (requested by D4RKEVA)\n|\n|t:|1788282574\n|teamsize|p1|4\n|teamsize|p2|4\n|start\n|switch|p1a: Whimsicott|Whimsicott, L50, M|100/100\n|switch|p1b: Basculegion|Basculegion, L50, M|100/100\n|switch|p2a: Garchomp|Garchomp, L50, F|100/100\n|switch|p2b: Charizard|Charizard, L50, F|100/100\n|turn|1\n|\n|t:|1788282589\n|move|p2b: Charizard|Protect|p2b: Charizard\n|-singleturn|p2b: Charizard|Protect\n|move|p1a: Whimsicott|Tailwind|p1a: Whimsicott\n|-sidestart|p1: D4RKEVA|move: Tailwind\n|move|p1b: Basculegion|Wave Crash|p2b: Charizard\n|-activate|p2b: Charizard|move: Protect\n|move|p2a: Garchomp|Rock Slide|p1b: Basculegion|[spread] p1a,p1b\n|-damage|p1a: Whimsicott|75/100\n|-damage|p1b: Basculegion|80/100\n|\n|upkeep\n|turn|2\n|\n|t:|1788282605\n|switch|p2b: Basculegion|Basculegion, L50, M|100/100\n|move|p1a: Whimsicott|Moonblast|p2a: Garchomp\n|-supereffective|p2a: Garchomp|1\n|-damage|p2a: Garchomp|30/100\n|-enditem|p2a: Garchomp|Sitrus Berry|[eat]\n|-heal|p2a: Garchomp|54/100|[from] item: Sitrus Berry\n|move|p1b: Basculegion|Wave Crash|p2b: Basculegion\n|-resisted|p2b: Basculegion|1\n|-damage|p2b: Basculegion|48/100\n|-damage|p1b: Basculegion|65/100|[from] Recoil\n|-damage|p1b: Basculegion|56/100|[from] item: Life Orb\n|move|p2a: Garchomp|Dragon Claw|p1b: Basculegion\n|-damage|p1b: Basculegion|11/100\n|\n|upkeep\n|turn|3\n|inactive|D4RKEVA has 30 seconds left.\n|\n|t:|1788282637\n|switch|p1a: Ninetales|Ninetales, L50, M|100/100\n|-weather|SunnyDay|[from] ability: Drought|[of] p1a: Ninetales\n|switch|p2a: Charizard|Charizard, L50, F|100/100\n|move|p2b: Basculegion|Aqua Jet|p1b: Basculegion\n|-resisted|p1b: Basculegion|1\n|-damage|p1b: Basculegion|1/100\n|-damage|p2b: Basculegion|38/100|[from] item: Life Orb\n|move|p1b: Basculegion|Last Respects|p2b: Basculegion\n|-supereffective|p2b: Basculegion|1\n|-damage|p2b: Basculegion|0 fnt\n|faint|p2b: Basculegion\n|-damage|p1b: Basculegion|0 fnt|[from] item: Life Orb\n|faint|p1b: Basculegion\n|\n|-weather|SunnyDay|[upkeep]\n|upkeep\n|\n|t:|1788282652\n|switch|p2b: Garchomp|Garchomp, L50, F|54/100\n|switch|p1b: Whimsicott|Whimsicott, L50, M|75/100\n|turn|4\n|\n|t:|1788282663\n|detailschange|p2a: Charizard|Charizard-Mega-Y, L50, F\n|-mega|p2a: Charizard|Charizard|Charizardite Y\n|move|p1b: Whimsicott|Protect|p1b: Whimsicott\n|-singleturn|p1b: Whimsicott|Protect\n|move|p2b: Garchomp|Protect|p2b: Garchomp\n|-singleturn|p2b: Garchomp|Protect\n|move|p1a: Ninetales|Heat Wave|p2b: Garchomp|[spread] p2a\n|-activate|p2b: Garchomp|move: Protect\n|-resisted|p2a: Charizard|1\n|-damage|p2a: Charizard|76/100\n|move|p2a: Charizard|Heat Wave|p1a: Ninetales|[spread] p1a\n|-activate|p1b: Whimsicott|move: Protect\n|-resisted|p1a: Ninetales|1\n|-damage|p1a: Ninetales|67/100\n|\n|-weather|SunnyDay|[upkeep]\n|-sideend|p1: D4RKEVA|move: Tailwind\n|upkeep\n|turn|5\n|\n|t:|1788282682\n|move|p1b: Whimsicott|Tailwind|p1b: Whimsicott\n|-sidestart|p1: D4RKEVA|move: Tailwind\n|move|p1a: Ninetales|Heat Wave|p2b: Garchomp|[spread] p2a,p2b\n|-resisted|p2a: Charizard|1\n|-resisted|p2b: Garchomp|1\n|-damage|p2a: Charizard|55/100\n|-damage|p2b: Garchomp|33/100\n|move|p2b: Garchomp|Earthquake|p1a: Ninetales|[spread] p1a,p1b\n|-immune|p2a: Charizard\n|-supereffective|p1a: Ninetales|1\n|-resisted|p1b: Whimsicott|1\n|-damage|p1a: Ninetales|0 fnt\n|-damage|p1b: Whimsicott|53/100\n|faint|p1a: Ninetales\n|move|p2a: Charizard|Heat Wave|p1b: Whimsicott\n|-supereffective|p1b: Whimsicott|1\n|-damage|p1b: Whimsicott|0 fnt\n|faint|p1b: Whimsicott\n|\n|-weather|SunnyDay|[upkeep]\n|upkeep\n|\n|t:|1788282684\n|switch|p1b: Floette|Floette-Eternal, L50, F|100/100\n|turn|6\n|c|☆D4RKEVA|as if you dont have a switch in...\n|inactive|simioini has 30 seconds left.\n|\n|t:|1788282711\n|detailschange|p1b: Floette|Floette-Mega, L50, F\n|-mega|p1b: Floette|Floette|Floettite\n|-ability|p1b: Floette|Fairy Aura\n|move|p2b: Garchomp|Protect|p2b: Garchomp\n|-singleturn|p2b: Garchomp|Protect\n|move|p2a: Charizard|Protect|p2a: Charizard\n|-singleturn|p2a: Charizard|Protect\n|move|p1b: Floette|Moonblast|p2a: Charizard\n|-activate|p2a: Charizard|move: Protect\n|\n|-weather|SunnyDay|[upkeep]\n|upkeep\n|turn|7\n|inactive|simioini has 30 seconds left.\n|\n|t:|1788282741\n|move|p1b: Floette|Protect|p1b: Floette\n|-singleturn|p1b: Floette|Protect\n|move|p2b: Garchomp|Earthquake|p1b: Floette|[spread] \n|-activate|p1b: Floette|move: Protect\n|-immune|p2a: Charizard\n|move|p2a: Charizard|Weather Ball|p1b: Floette\n|-activate|p1b: Floette|move: Protect\n|\n|-weather|none\n|upkeep\n|turn|8\n|\n|t:|1788282745\n|switch|p2a: Kingambit|Kingambit, L50, F|100/100\n|move|p2b: Garchomp|Protect|p2b: Garchomp\n|-singleturn|p2b: Garchomp|Protect\n|move|p1b: Floette|Dazzling Gleam|p2b: Garchomp|[spread] p2a\n|-activate|p2b: Garchomp|move: Protect\n|-damage|p2a: Kingambit|45/100\n|\n|-sideend|p1: D4RKEVA|move: Tailwind\n|upkeep\n|turn|9\n|\n|t:|1788282763\n|move|p2a: Kingambit|Sucker Punch|p1b: Floette\n|-resisted|p1b: Floette|1\n|-damage|p1b: Floette|73/100\n|move|p2b: Garchomp|Rock Slide|p1b: Floette\n|-damage|p1b: Floette|41/100\n|move|p1b: Floette|Dazzling Gleam|p2a: Kingambit|[spread] p2a,p2b\n|-supereffective|p2b: Garchomp|1\n|-damage|p2a: Kingambit|0 fnt\n|-damage|p2b: Garchomp|0 fnt\n|faint|p2a: Kingambit\n|faint|p2b: Garchomp\n|\n|upkeep\n|\n|t:|1788282774\n|switch|p2b: Charizard|Charizard-Mega-Y, L50, F|55/100\n|-weather|SunnyDay|[from] ability: Drought|[of] p2b: Charizard\n|turn|10\n|\n|t:|1788282778\n|move|p2b: Charizard|Weather Ball|p1b: Floette\n|-damage|p1b: Floette|0 fnt\n|faint|p1b: Floette\n|\n|win|simioini\n","uploadtime":1788282779,"views":"0","formatid":"gen9championsvgc2026regmbbo3","rating":null,"private":0,"password":null}