{"id":"gen9championsvgc2026regmbbo3-2673353092","format":"[Gen 9 Champions] VGC 2026 Reg M-B (Bo3)","players":["NahobinoVGC","Sapphire39"],"log":"|j|☆NahobinoVGC\n|j|☆Sapphire39\n|html|<table width=\"100%\"><tr><td align=\"left\">NahobinoVGC</td><td align=\"right\">Sapphire39</tr><tr><td align=\"left\"><i class=\"fa fa-circle\"></i> <i class=\"fa fa-circle-o\"></i> </td><td align=\"right\"><i class=\"fa fa-circle-o\"></i> <i class=\"fa fa-circle\"></i> </tr></table>\n|uhtml|bestof|<h2><strong>Game 3</strong> of <a href=\"/game-bestof3-gen9championsvgc2026regmbbo3-2673349036\">a best-of-3</a></h2>\n|t:|1788187310\n|gametype|doubles\n|player|p1|NahobinoVGC|170|\n|player|p2|Sapphire39|266|\n|gen|9\n|tier|[Gen 9 Champions] VGC 2026 Reg M-B (Bo3)\n|rule|Species Clause: Limit one of each Pokémon\n|rule|Item Clause: Limit 1 of each item\n|clearpoke\n|poke|p1|Scovillain, L50, M|\n|poke|p1|Basculegion, L50, M|\n|poke|p1|Kingambit, L50, F|\n|poke|p1|Sneasler, L50, F|\n|poke|p1|Lycanroc-Dusk, L50, F|\n|poke|p1|Froslass, L50, F|\n|poke|p2|Charizard, L50, M|\n|poke|p2|Pelipper, L50, M|\n|poke|p2|Archaludon, L50, F|\n|poke|p2|Venusaur, L50, M|\n|poke|p2|Swampert, L50, F|\n|poke|p2|Grimmsnarl, L50, M|\n|teampreview|4\n|showteam|p1|Scovillain||Scovillainite|Chlorophyll|GigaDrain,Overheat,RagePowder,Protect|Bold||M|||50|]Basculegion||LifeOrb|Adaptability|WaveCrash,LastRespects,AquaJet,Protect|Adamant||M|||50|]Kingambit||BlackGlasses|Defiant|KowtowCleave,SuckerPunch,SwordsDance,Protect|Adamant||F|||50|]Sneasler||WhiteHerb|Unburden|CloseCombat,DireClaw,Protect,FakeOut|Jolly||F|||50|]Lycanroc-Dusk||FocusSash|ToughClaws|CloseCombat,Accelerock,RockSlide,Protect|Adamant||F|||50|]Froslass||Froslassite|CursedBody|Blizzard,ShadowBall,AuroraVeil,Protect|Timid||F|||50|\n|showteam|p2|Charizard||CharizarditeY|Blaze|Protect,HeatWave,WeatherBall,Hurricane|Modest||M|||50|]Pelipper||SitrusBerry|Drizzle|Hurricane,WeatherBall,Tailwind,WideGuard|Bold||M|||50|]Archaludon||Leftovers|Stamina|Protect,ElectroShot,DragonPulse,FlashCannon|Calm||F|||50|]Venusaur||FocusSash|Chlorophyll|Protect,SleepPowder,SludgeBomb,LeafStorm|Modest||M|||50|]Swampert||Swampertite|Torrent|Protect,WaveCrash,Earthquake,IcePunch|Adamant||F|||50|]Grimmsnarl||LightClay|Prankster|SpiritBreak,Reflect,LightScreen,PartingShot|Sassy||M|||50|\n|inactive|Battle timer is ON: inactive players will automatically lose when time's up. (requested by NahobinoVGC)\n|inactive|Sapphire39 has 60 seconds left.\n|inactive|Sapphire39 has 30 seconds left.\n|inactive|Sapphire39 has 20 seconds left.\n|inactive|Sapphire39 has 15 seconds left.\n|\n|t:|1788187394\n|teamsize|p1|4\n|teamsize|p2|4\n|start\n|switch|p1a: Sneasler|Sneasler, L50, F|100/100\n|switch|p1b: Kingambit|Kingambit, L50, F|100/100\n|switch|p2a: Venusaur|Venusaur, L50, M|100/100\n|switch|p2b: Charizard|Charizard, L50, M|100/100\n|turn|1\n|inactive|NahobinoVGC has 30 seconds left.\n|inactive|Sapphire39 has 30 seconds left.\n|inactive|NahobinoVGC has 20 seconds left.\n|inactive|Sapphire39 has 20 seconds left.\n|inactive|NahobinoVGC has 15 seconds left.\n|\n|t:|1788187437\n|switch|p1a: Lycanroc|Lycanroc-Dusk, L50, F|100/100\n|detailschange|p2b: Charizard|Charizard-Mega-Y, L50, M\n|-mega|p2b: Charizard|Charizard|Charizardite Y\n|-weather|SunnyDay|[from] ability: Drought|[of] p2b: Charizard\n|move|p1b: Kingambit|Protect|p1b: Kingambit\n|-singleturn|p1b: Kingambit|Protect\n|move|p2a: Venusaur|Sleep Powder|p1a: Lycanroc\n|-status|p1a: Lycanroc|slp|[from] move: Sleep Powder\n|move|p2b: Charizard|Heat Wave|p1a: Lycanroc|[spread] p1a\n|-activate|p1b: Kingambit|move: Protect\n|-resisted|p1a: Lycanroc|1\n|-damage|p1a: Lycanroc|48/100 slp\n|\n|-weather|SunnyDay|[upkeep]\n|upkeep\n|turn|2\n|\n|t:|1788187461\n|cant|p1a: Lycanroc|slp\n|move|p1b: Kingambit|Sucker Punch|p2b: Charizard\n|-damage|p2b: Charizard|51/100\n|move|p2a: Venusaur|Sludge Bomb|p1a: Lycanroc\n|-resisted|p1a: Lycanroc|1\n|-damage|p1a: Lycanroc|13/100 slp\n|move|p2b: Charizard|Heat Wave|p1a: Lycanroc|[spread] p1a,p1b\n|-resisted|p1a: Lycanroc|1\n|-supereffective|p1b: Kingambit|1\n|-damage|p1a: Lycanroc|0 fnt\n|-damage|p1b: Kingambit|0 fnt\n|faint|p1a: Lycanroc\n|faint|p1b: Kingambit\n|\n|-weather|SunnyDay|[upkeep]\n|upkeep\n|c|☆NahobinoVGC|烂完\n|\n|t:|1788187473\n|switch|p1a: Sneasler|Sneasler, L50, F|100/100\n|switch|p1b: Froslass|Froslass, L50, F|100/100\n|turn|3\n|\n|t:|1788187488\n|detailschange|p1b: Froslass|Froslass-Mega, L50, F\n|-mega|p1b: Froslass|Froslass|Froslassite\n|-weather|Snowscape|[from] ability: Snow Warning|[of] p1b: Froslass\n|move|p2b: Charizard|Protect|p2b: Charizard\n|-singleturn|p2b: Charizard|Protect\n|move|p2a: Venusaur|Protect|p2a: Venusaur\n|-singleturn|p2a: Venusaur|Protect\n|move|p1a: Sneasler|Fake Out|p2a: Venusaur\n|-activate|p2a: Venusaur|move: Protect\n|move|p1b: Froslass|Blizzard|p2b: Charizard|[spread] \n|-activate|p2a: Venusaur|move: Protect\n|-activate|p2b: Charizard|move: Protect\n|\n|-weather|Snowscape|[upkeep]\n|upkeep\n|turn|4\n|inactive|Sapphire39 has 30 seconds left.\n|inactive|Sapphire39 has 20 seconds left.\n|\n|t:|1788187528\n|switch|p2b: Pelipper|Pelipper, L50, M|100/100\n|-weather|RainDance|[from] ability: Drizzle|[of] p2b: Pelipper\n|move|p1b: Froslass|Blizzard|p2b: Pelipper|[spread] p2b\n|-miss|p1b: Froslass|p2a: Venusaur\n|-damage|p2b: Pelipper|60/100\n|move|p1a: Sneasler|Dire Claw|p2a: Venusaur\n|-damage|p2a: Venusaur|46/100\n|move|p2a: Venusaur|Leaf Storm|p1b: Froslass\n|-damage|p1b: Froslass|40/100\n|-unboost|p2a: Venusaur|spa|2\n|\n|-weather|RainDance|[upkeep]\n|upkeep\n|turn|5\n|inactive|Sapphire39 has 30 seconds left.\n|inactive|Sapphire39 has 20 seconds left.\n|\n|t:|1788187566\n|switch|p2a: Archaludon|Archaludon, L50, F|100/100\n|move|p1a: Sneasler|Dire Claw|p2b: Pelipper\n|-damage|p2b: Pelipper|20/100y\n|-enditem|p2b: Pelipper|Sitrus Berry|[eat]\n|-heal|p2b: Pelipper|45/100|[from] item: Sitrus Berry\n|move|p1b: Froslass|Blizzard|p2a: Archaludon|[spread] p2a,p2b\n|-damage|p2a: Archaludon|67/100\n|-damage|p2b: Pelipper|0 fnt\n|-ability|p2a: Archaludon|Stamina|boost\n|-boost|p2a: Archaludon|def|1\n|faint|p2b: Pelipper\n|\n|-weather|RainDance|[upkeep]\n|-heal|p2a: Archaludon|73/100|[from] item: Leftovers\n|upkeep\n|\n|t:|1788187580\n|switch|p2b: Charizard|Charizard-Mega-Y, L50, M|51/100\n|-weather|SunnyDay|[from] ability: Drought|[of] p2b: Charizard\n|turn|6\n|inactive|NahobinoVGC has 30 seconds left.\n|inactive|Sapphire39 has 30 seconds left.\n|inactive|Sapphire39 has 20 seconds left.\n|inactive|Sapphire39 has 15 seconds left.\n|inactive|Sapphire39 has 10 seconds left.\n|\n|t:|1788187630\n|move|p1a: Sneasler|Close Combat|p2a: Archaludon\n|-supereffective|p2a: Archaludon|1\n|-damage|p2a: Archaludon|8/100\n|-unboost|p1a: Sneasler|def|1\n|-unboost|p1a: Sneasler|spd|1\n|-ability|p2a: Archaludon|Stamina|boost\n|-boost|p2a: Archaludon|def|1\n|-enditem|p1a: Sneasler|White Herb\n|-clearnegativeboost|p1a: Sneasler|[silent]\n|move|p1b: Froslass|Blizzard|p2b: Charizard|[spread] p2a,p2b\n|-damage|p2a: Archaludon|0 fnt\n|-damage|p2b: Charizard|16/100\n|faint|p2a: Archaludon\n|move|p2b: Charizard|Heat Wave|p1b: Froslass|[spread] p1a,p1b\n|-supereffective|p1b: Froslass|1\n|-damage|p1a: Sneasler|21/100\n|-damage|p1b: Froslass|0 fnt\n|faint|p1b: Froslass\n|\n|-weather|SunnyDay|[upkeep]\n|upkeep\n|\n|t:|1788187645\n|switch|p2a: Venusaur|Venusaur, L50, M|46/100\n|turn|7\n|-message|NahobinoVGC forfeited.\n|\n|win|Sapphire39\n","uploadtime":1788187654,"views":"4","formatid":"gen9championsvgc2026regmbbo3","rating":null,"private":0,"password":null}