{"id":"gen9championsvgc2026regmb-2674128808","format":"[Gen 9 Champions] VGC 2026 Reg M-B","players":["murret man","MilkTeaWayGalaxy"],"log":"|j|☆murret man\n|j|☆MilkTeaWayGalaxy\n|t:|1788303334\n|gametype|doubles\n|player|p1|murret man|102|1626\n|player|p2|MilkTeaWayGalaxy|rosa-pokestar3|1704\n|gen|9\n|tier|[Gen 9 Champions] VGC 2026 Reg M-B\n|rated|\n|rule|Species Clause: Limit one of each Pokémon\n|rule|Item Clause: Limit 1 of each item\n|clearpoke\n|poke|p1|Basculegion, L50, M|\n|poke|p1|Sneasler, L50, F|\n|poke|p1|Dragonite, L50, M|\n|poke|p1|Froslass, L50, F|\n|poke|p1|Ninetales-Alola, L50, M|\n|poke|p1|Kingambit, L50, F|\n|poke|p2|Sableye, L50, F|\n|poke|p2|Archaludon, L50, M|\n|poke|p2|Pelipper, L50, F|\n|poke|p2|Maushold, L50|\n|poke|p2|Swampert, L50, M|\n|poke|p2|Sinistcha, L50|\n|teampreview|4\n|j| PracticeVGC21\n|\n|t:|1788303388\n|teamsize|p1|4\n|teamsize|p2|4\n|start\n|switch|p1a: Dragonite|Dragonite, L50, M|100/100\n|switch|p1b: Ninetales|Ninetales-Alola, L50, M|100/100\n|switch|p2a: Sableye|Sableye, L50, F|100/100\n|switch|p2b: Maushold|Maushold, L50|100/100\n|-weather|Snowscape|[from] ability: Snow Warning|[of] p1b: Ninetales\n|turn|1\n|\n|t:|1788303422\n|detailschange|p1a: Dragonite|Dragonite-Mega, L50, M\n|-mega|p1a: Dragonite|Dragonite|Dragoninite\n|move|p2a: Sableye|Rain Dance|p2a: Sableye\n|-weather|RainDance\n|move|p2b: Maushold|Population Bomb|p1b: Ninetales\n|-damage|p1b: Ninetales|85/100\n|-damage|p1b: Ninetales|70/100\n|-damage|p1b: Ninetales|58/100\n|-damage|p1b: Ninetales|44/100\n|-damage|p1b: Ninetales|29/100\n|-damage|p1b: Ninetales|15/100\n|-damage|p1b: Ninetales|1/100\n|-damage|p1b: Ninetales|0 fnt\n|faint|p1b: Ninetales\n|-hitcount|p1: Ninetales|8\n|move|p1a: Dragonite|Dragon Pulse|p2a: Sableye\n|-damage|p2a: Sableye|33/100\n|\n|-weather|RainDance|[upkeep]\n|upkeep\n|\n|t:|1788303434\n|switch|p1b: Basculegion|Basculegion, L50, M|100/100\n|turn|2\n|\n|t:|1788303453\n|switch|p2b: Archaludon|Archaludon, L50, M|100/100\n|move|p1b: Basculegion|Aqua Jet|p2a: Sableye\n|-damage|p2a: Sableye|0 fnt\n|faint|p2a: Sableye\n|move|p1a: Dragonite|Tailwind|p1a: Dragonite\n|-sidestart|p1: murret man|move: Tailwind\n|\n|-weather|RainDance|[upkeep]\n|upkeep\n|\n|t:|1788303469\n|switch|p2a: Pelipper|Pelipper, L50, F|100/100\n|turn|3\n|\n|t:|1788303482\n|switch|p2b: Maushold|Maushold, L50|100/100\n|move|p1a: Dragonite|Dragon Pulse|p2a: Pelipper\n|-damage|p2a: Pelipper|42/100\n|-enditem|p2a: Pelipper|Sitrus Berry|[eat]\n|-heal|p2a: Pelipper|67/100|[from] item: Sitrus Berry\n|move|p1b: Basculegion|Last Respects|p2a: Pelipper\n|-damage|p2a: Pelipper|2/100\n|move|p2a: Pelipper|Tailwind|p2a: Pelipper\n|-sidestart|p2: MilkTeaWayGalaxy|move: Tailwind\n|\n|-weather|RainDance|[upkeep]\n|upkeep\n|turn|4\n|\n|t:|1788303512\n|switch|p2a: Archaludon|Archaludon, L50, M|100/100\n|move|p1a: Dragonite|Extreme Speed|p2b: Maushold\n|-damage|p2b: Maushold|72/100\n|move|p1b: Basculegion|Aqua Jet|p2b: Maushold\n|-damage|p2b: Maushold|20/100y\n|move|p2b: Maushold|Population Bomb|p1a: Dragonite\n|-damage|p1a: Dragonite|95/100\n|-damage|p1a: Dragonite|87/100\n|-damage|p1a: Dragonite|78/100\n|-crit|p1a: Dragonite\n|-damage|p1a: Dragonite|64/100\n|-damage|p1a: Dragonite|56/100\n|-damage|p1a: Dragonite|48/100\n|-damage|p1a: Dragonite|40/100\n|-damage|p1a: Dragonite|32/100\n|-damage|p1a: Dragonite|24/100\n|-damage|p1a: Dragonite|16/100\n|-hitcount|p1a: Dragonite|10\n|\n|-weather|RainDance|[upkeep]\n|upkeep\n|turn|5\n|\n|t:|1788303533\n|switch|p1a: Sneasler|Sneasler, L50, F|100/100\n|move|p2b: Maushold|Protect|p2b: Maushold\n|-singleturn|p2b: Maushold|Protect\n|move|p1b: Basculegion|Aqua Jet|p2b: Maushold\n|-activate|p2b: Maushold|move: Protect\n|move|p2a: Archaludon|Electro Shot||[still]\n|-prepare|p2a: Archaludon|Electro Shot\n|-boost|p2a: Archaludon|spa|1\n|-anim|p2a: Archaludon|Electro Shot|p1b: Basculegion\n|-supereffective|p1b: Basculegion|1\n|-damage|p1b: Basculegion|0 fnt\n|faint|p1b: Basculegion\n|\n|-weather|none\n|-sideend|p1: murret man|move: Tailwind\n|upkeep\n|\n|t:|1788303538\n|switch|p1b: Dragonite|Dragonite-Mega, L50, M|16/100\n|turn|6\n|j| InkleeKong\n|c|☆murret man|we got spectators?\n|c|☆MilkTeaWayGalaxy|yeah idk why\n|c|☆murret man|weird\n|\n|t:|1788303607\n|switch|p2b: Pelipper|Pelipper, L50, F|2/100\n|-weather|RainDance|[from] ability: Drizzle|[of] p2b: Pelipper\n|move|p1a: Sneasler|Fake Out|p2a: Archaludon\n|-resisted|p2a: Archaludon|1\n|-damage|p2a: Archaludon|93/100\n|-ability|p2a: Archaludon|Stamina|boost\n|-boost|p2a: Archaludon|def|1\n|cant|p2a: Archaludon|flinch\n|move|p1b: Dragonite|Tailwind|p1b: Dragonite\n|-sidestart|p1: murret man|move: Tailwind\n|\n|-weather|RainDance|[upkeep]\n|-heal|p2a: Archaludon|100/100|[from] item: Leftovers\n|-sideend|p2: MilkTeaWayGalaxy|move: Tailwind\n|upkeep\n|turn|7\n|\n|t:|1788303647\n|move|p1b: Dragonite|Extreme Speed|p2b: Pelipper\n|-damage|p2b: Pelipper|0 fnt\n|faint|p2b: Pelipper\n|move|p1a: Sneasler|Close Combat|p2a: Archaludon\n|-supereffective|p2a: Archaludon|1\n|-damage|p2a: Archaludon|29/100\n|-unboost|p1a: Sneasler|def|1\n|-unboost|p1a: Sneasler|spd|1\n|-ability|p2a: Archaludon|Stamina|boost\n|-boost|p2a: Archaludon|def|1\n|move|p2a: Archaludon|Electro Shot||[still]\n|-prepare|p2a: Archaludon|Electro Shot\n|-boost|p2a: Archaludon|spa|1\n|-anim|p2a: Archaludon|Electro Shot|p1b: Dragonite\n|-damage|p1b: Dragonite|0 fnt\n|faint|p1b: Dragonite\n|\n|-weather|RainDance|[upkeep]\n|-heal|p2a: Archaludon|36/100|[from] item: Leftovers\n|upkeep\n|\n|t:|1788303649\n|switch|p2b: Maushold|Maushold, L50|20/100y\n|turn|8\n|\n|t:|1788303671\n|move|p2b: Maushold|Protect|p2b: Maushold\n|-singleturn|p2b: Maushold|Protect\n|move|p1a: Sneasler|Dire Claw|p2b: Maushold\n|-activate|p2b: Maushold|move: Protect\n|move|p2a: Archaludon|Electro Shot||[still]\n|-prepare|p2a: Archaludon|Electro Shot\n|-boost|p2a: Archaludon|spa|1\n|-anim|p2a: Archaludon|Electro Shot|p1a: Sneasler\n|-enditem|p1a: Sneasler|Focus Sash\n|-damage|p1a: Sneasler|1/100\n|\n|-weather|RainDance|[upkeep]\n|-heal|p2a: Archaludon|42/100|[from] item: Leftovers\n|upkeep\n|turn|9\n|c|☆murret man|tuff read\n|c|☆murret man|ggs\n|c|☆MilkTeaWayGalaxy|it was your only win yeah\n|\n|t:|1788303686\n|move|p1a: Sneasler|Close Combat|p2a: Archaludon\n|-supereffective|p2a: Archaludon|1\n|-crit|p2a: Archaludon\n|-damage|p2a: Archaludon|0 fnt\n|-unboost|p1a: Sneasler|def|1\n|-unboost|p1a: Sneasler|spd|1\n|faint|p2a: Archaludon\n|move|p2b: Maushold|Population Bomb|p1a: Sneasler\n|-damage|p1a: Sneasler|0 fnt\n|faint|p1a: Sneasler\n|-hitcount|p1: Sneasler|1\n|\n|win|MilkTeaWayGalaxy\n|raw|murret man's rating: 1626 &rarr; <strong>1610</strong><br />(-16 for losing)\n|raw|MilkTeaWayGalaxy's rating: 1704 &rarr; <strong>1720</strong><br />(+16 for winning)\n|c|☆MilkTeaWayGalaxy|gg\n|l| PracticeVGC21\n|l|☆murret man\n|player|p1|\n","uploadtime":1788303706,"views":"1","formatid":"gen9championsvgc2026regmb","rating":1610,"private":0,"password":null}