{"id":"gen9championsvgc2026regmb-2674225415","format":"[Gen 9 Champions] VGC 2026 Reg M-B","players":["thepearl","astrobagel1"],"log":"|j|☆thepearl\n|j|‽astrobagel1\n|t:|1788318545\n|gametype|doubles\n|player|p1|thepearl|iris-gen5bw2|1145\n|player|p2|astrobagel1|roxie|1232\n|gen|9\n|tier|[Gen 9 Champions] VGC 2026 Reg M-B\n|rated|\n|rule|Species Clause: Limit one of each Pokémon\n|rule|Item Clause: Limit 1 of each item\n|clearpoke\n|poke|p1|Whimsicott, L50, M|\n|poke|p1|Charizard, L50, F|\n|poke|p1|Venusaur, L50, F|\n|poke|p1|Arcanine-Hisui, L50, M|\n|poke|p1|Garchomp, L50, M|\n|poke|p1|Ninetales-Alola, L50, F|\n|poke|p2|Weavile, L50, F|\n|poke|p2|Meowscarada, L50, M|\n|poke|p2|Pinsir, L50, M|\n|poke|p2|Garchomp, L50, M|\n|poke|p2|Rotom-Wash, L50|\n|poke|p2|Delphox, L50, M|\n|teampreview|4\n|inactive|Battle timer is ON: inactive players will automatically lose when time's up. (requested by astrobagel1)\n|inactive|thepearl also wants the timer to be on.\n|\n|t:|1788318567\n|teamsize|p1|4\n|teamsize|p2|4\n|start\n|switch|p1a: Whimsicott|Whimsicott, L50, M|100/100\n|switch|p1b: Ninetales|Ninetales-Alola, L50, F|100/100\n|switch|p2a: Weavile|Weavile, L50, F|100/100\n|switch|p2b: Garchomp|Garchomp, L50, M|100/100\n|-weather|Snowscape|[from] ability: Snow Warning|[of] p1b: Ninetales\n|turn|1\n|\n|t:|1788318575\n|switch|p2b: Delphox|Delphox, L50, M|100/100\n|move|p2a: Weavile|Fake Out|p1a: Whimsicott\n|-damage|p1a: Whimsicott|80/100\n|cant|p1a: Whimsicott|flinch\n|move|p1b: Ninetales|Blizzard|p2a: Weavile|[spread] p2a,p2b\n|-resisted|p2a: Weavile|1\n|-resisted|p2b: Delphox|1\n|-damage|p2a: Weavile|76/100\n|-damage|p2b: Delphox|76/100\n|\n|-weather|Snowscape|[upkeep]\n|upkeep\n|turn|2\n|\n|t:|1788318608\n|detailschange|p2b: Delphox|Delphox-Mega, L50, M\n|-mega|p2b: Delphox|Delphox|Delphoxite\n|move|p1a: Whimsicott|Tailwind|p1a: Whimsicott\n|-sidestart|p1: thepearl|move: Tailwind\n|move|p1b: Ninetales|Weather Ball|p2b: Delphox\n|-resisted|p2b: Delphox|1\n|-damage|p2b: Delphox|52/100\n|move|p2b: Delphox|Heat Wave|p1b: Ninetales|[spread] p1a,p1b\n|-supereffective|p1a: Whimsicott|1\n|-supereffective|p1b: Ninetales|1\n|-damage|p1a: Whimsicott|0 fnt\n|-damage|p1b: Ninetales|3/100\n|faint|p1a: Whimsicott\n|move|p2a: Weavile|Low Kick|p1b: Ninetales\n|-damage|p1b: Ninetales|0 fnt\n|faint|p1b: Ninetales\n|\n|-weather|Snowscape|[upkeep]\n|upkeep\n|\n|t:|1788318618\n|switch|p1a: Charizard|Charizard, L50, F|100/100\n|switch|p1b: Arcanine|Arcanine-Hisui, L50, M|100/100\n|turn|3\n|\n|t:|1788318637\n|switch|p2a: Garchomp|Garchomp, L50, M|100/100\n|detailschange|p1a: Charizard|Charizard-Mega-Y, L50, F\n|-mega|p1a: Charizard|Charizard|Charizardite Y\n|-weather|SunnyDay|[from] ability: Drought|[of] p1a: Charizard\n|move|p2b: Delphox|Protect|p2b: Delphox\n|-singleturn|p2b: Delphox|Protect\n|move|p1a: Charizard|Heat Wave|p2a: Garchomp|[spread] p2a\n|-activate|p2b: Delphox|move: Protect\n|-resisted|p2a: Garchomp|1\n|-damage|p2a: Garchomp|62/100\n|move|p1b: Arcanine|Flare Blitz|p2b: Delphox\n|-activate|p2b: Delphox|move: Protect\n|\n|-weather|SunnyDay|[upkeep]\n|upkeep\n|turn|4\n|\n|t:|1788318656\n|move|p1a: Charizard|Weather Ball|p2a: Garchomp\n|-resisted|p2a: Garchomp|1\n|-damage|p2a: Garchomp|10/100\n|move|p1b: Arcanine|Flare Blitz|p2a: Garchomp\n|-resisted|p2a: Garchomp|1\n|-damage|p2a: Garchomp|0 fnt\n|-damage|p1b: Arcanine|87/100|[from] ability: Rough Skin|[of] p2a: Garchomp\n|faint|p2a: Garchomp\n|move|p2b: Delphox|Calm Mind|p2b: Delphox\n|-boost|p2b: Delphox|spa|1\n|-boost|p2b: Delphox|spd|1\n|\n|-weather|SunnyDay|[upkeep]\n|upkeep\n|\n|t:|1788318666\n|switch|p2a: Rotom|Rotom-Wash, L50|100/100\n|turn|5\n|inactive|thepearl has 30 seconds left.\n|\n|t:|1788318699\n|move|p2b: Delphox|Protect|p2b: Delphox\n|-singleturn|p2b: Delphox|Protect\n|move|p2a: Rotom|Protect|p2a: Rotom\n|-singleturn|p2a: Rotom|Protect\n|move|p1a: Charizard|Weather Ball|p2a: Rotom\n|-activate|p2a: Rotom|move: Protect\n|move|p1b: Arcanine|Head Smash|p2b: Delphox\n|-activate|p2b: Delphox|move: Protect\n|\n|-weather|SunnyDay|[upkeep]\n|-sideend|p1: thepearl|move: Tailwind\n|upkeep\n|turn|6\n|inactive|thepearl has 30 seconds left.\n|\n|t:|1788318727\n|move|p2b: Delphox|Psychic|p1b: Arcanine\n|-damage|p1b: Arcanine|0 fnt\n|faint|p1b: Arcanine\n|move|p1a: Charizard|Weather Ball|p2a: Rotom\n|-resisted|p2a: Rotom|1\n|-damage|p2a: Rotom|50/100g\n|move|p2a: Rotom|Volt Switch|p1a: Charizard\n|-supereffective|p1a: Charizard|1\n|-damage|p1a: Charizard|52/100\n|\n|t:|1788318732\n|switch|p2a: Weavile|Weavile, L50, F|76/100|[from] Volt Switch\n|\n|-weather|SunnyDay|[upkeep]\n|upkeep\n|turn|7\n|\n|t:|1788318735\n|move|p2a: Weavile|Fake Out|p1a: Charizard\n|-damage|p1a: Charizard|32/100\n|move|p2b: Delphox|Psychic|p1a: Charizard\n|-damage|p1a: Charizard|0 fnt\n|faint|p1a: Charizard\n|\n|win|astrobagel1\n|raw|thepearl's rating: 1145 &rarr; <strong>1126</strong><br />(-19 for losing)\n|raw|astrobagel1's rating: 1232 &rarr; <strong>1251</strong><br />(+19 for winning)\n","uploadtime":1788318735,"views":"0","formatid":"gen9championsvgc2026regmb","rating":1126,"private":0,"password":null}