{"id":"gen9championsvgc2026regmbbo3-2674033435","format":"[Gen 9 Champions] VGC 2026 Reg M-B (Bo3)","players":["platinumflare","tavinn_n"],"log":"|j|☆platinumflare\n|j|‽tavinn_n\n|html|<table width=\"100%\"><tr><td align=\"left\">platinumflare</td><td align=\"right\">tavinn_n</tr><tr><td align=\"left\"><i class=\"fa fa-circle-o\"></i> <i class=\"fa fa-circle-o\"></i> </td><td align=\"right\"><i class=\"fa fa-circle-o\"></i> <i class=\"fa fa-circle\"></i> </tr></table>\n|uhtml|bestof|<h2><strong>Game 2</strong> of <a href=\"/game-bestof3-gen9championsvgc2026regmbbo3-2674032056\">a best-of-3</a></h2>\n|t:|1788290610\n|gametype|doubles\n|player|p1|platinumflare|lance|1297\n|player|p2|tavinn_n|ghetsis|1377\n|gen|9\n|tier|[Gen 9 Champions] VGC 2026 Reg M-B (Bo3)\n|rated|\n|rule|Species Clause: Limit one of each Pokémon\n|rule|Item Clause: Limit 1 of each item\n|clearpoke\n|poke|p1|Blaziken, L50, M|\n|poke|p1|Meowscarada, L50, M|\n|poke|p1|Kingambit, L50, F|\n|poke|p1|Whimsicott, L50, M|\n|poke|p1|Floette-Eternal, L50, F|\n|poke|p1|Farigiraf, L50, F|\n|poke|p2|Scovillain, L50, F, shiny|\n|poke|p2|Basculegion, L50, M|\n|poke|p2|Kingambit, L50, F|\n|poke|p2|Sneasler, L50, F|\n|poke|p2|Lycanroc-Dusk, L50, F|\n|poke|p2|Froslass, L50, F|\n|teampreview|4\n|showteam|p1|Blaziken||Blazikenite|SpeedBoost|FlareBlitz,CloseCombat,RockSlide,Protect|Adamant||M|||50|]Meowscarada||ChoiceScarf|Protean|FlowerTrick,TripleAxel,KnockOff,Uturn|Adamant||M|||50|]Kingambit||LifeOrb|Defiant|KowtowCleave,LowKick,SuckerPunch,Protect|Adamant||F|||50|]Whimsicott||FocusSash|Prankster|Moonblast,Tailwind,Encore,Protect|Modest||M|||50|]Floette-Eternal||Floettite|FlowerVeil|DazzlingGleam,Moonblast,LightofRuin,Protect|Modest||F|||50|]Farigiraf||SitrusBerry|ArmorTail|TrickRoom,Imprison,Psychic,HyperVoice|Modest||F|||50|\n|showteam|p2|Scovillain||Scovillainite|Moody|GigaDrain,Overheat,RagePowder,Protect|Bold||F|||50|]Basculegion||LifeOrb|Adaptability|WaveCrash,LastRespects,AquaJet,Protect|Adamant||M|||50|]Kingambit||BlackGlasses|Defiant|KowtowCleave,SuckerPunch,SwordsDance,Protect|Adamant||F|||50|]Sneasler||WhiteHerb|Unburden|CloseCombat,DireClaw,Protect,FakeOut|Adamant||F|||50|]Lycanroc-Dusk||FocusSash|ToughClaws|CloseCombat,Accelerock,RockSlide,Protect|Adamant||F|||50|]Froslass||Froslassite|CursedBody|Protect,AuroraVeil,Blizzard,ShadowBall|Timid||F|||50|\n|inactive|Battle timer is ON: inactive players will automatically lose when time's up. (requested by tavinn_n)\n|inactive|platinumflare has 60 seconds left.\n|\n|t:|1788290667\n|teamsize|p1|4\n|teamsize|p2|4\n|start\n|switch|p1a: Blaziken|Blaziken, L50, M|100/100\n|switch|p1b: Meowscarada|Meowscarada, L50, M|100/100\n|switch|p2a: Kingambit|Kingambit, L50, F|100/100\n|switch|p2b: Scovillain|Scovillain, L50, F, shiny|100/100\n|turn|1\n|inactive|tavinn_n has 30 seconds left.\n|inactive|tavinn_n has 20 seconds left.\n|\n|t:|1788290705\n|detailschange|p1a: Blaziken|Blaziken-Mega, L50, M\n|-mega|p1a: Blaziken|Blaziken|Blazikenite\n|detailschange|p2b: Scovillain|Scovillain-Mega, L50, F, shiny\n|-mega|p2b: Scovillain|Scovillain|Scovillainite\n|move|p2b: Scovillain|Rage Powder|p2b: Scovillain\n|-singleturn|p2b: Scovillain|move: Rage Powder\n|move|p1b: Meowscarada|U-turn|p2a: Kingambit\n|-start|p1b: Meowscarada|typechange|Bug|[from] ability: Protean\n|-damage|p2a: Kingambit|73/100\n|\n|t:|1788290718\n|switch|p1b: Kingambit|Kingambit, L50, F|100/100|[from] U-turn\n|move|p1a: Blaziken|Rock Slide|p2b: Scovillain|[spread] p2a,p2b\n|-resisted|p2a: Kingambit|1\n|-supereffective|p2b: Scovillain|1\n|-damage|p2a: Kingambit|65/100\n|-damage|p2b: Scovillain|49/100\n|cant|p2a: Kingambit|flinch\n|\n|-ability|p1a: Blaziken|Speed Boost|boost\n|-boost|p1a: Blaziken|spe|1\n|upkeep\n|turn|2\n|\n|t:|1788290732\n|move|p2b: Scovillain|Rage Powder|p2b: Scovillain\n|-singleturn|p2b: Scovillain|move: Rage Powder\n|move|p2a: Kingambit|Sucker Punch|p1a: Blaziken\n|-resisted|p1a: Blaziken|1\n|-damage|p1a: Blaziken|68/100\n|move|p1a: Blaziken|Rock Slide|p2a: Kingambit|[spread] p2b\n|-miss|p1a: Blaziken|p2a: Kingambit\n|-supereffective|p2b: Scovillain|1\n|-damage|p2b: Scovillain|2/100\n|move|p1b: Kingambit|Low Kick|p2b: Scovillain\n|-damage|p2b: Scovillain|0 fnt\n|-status|p1b: Kingambit|brn|[from] ability: Spicy Spray|[of] p2b: Scovillain\n|faint|p2b: Scovillain\n|-damage|p1b: Kingambit|90/100 brn|[from] item: Life Orb\n|\n|-damage|p1b: Kingambit|84/100 brn|[from] brn\n|-ability|p1a: Blaziken|Speed Boost|boost\n|-boost|p1a: Blaziken|spe|1\n|upkeep\n|\n|t:|1788290744\n|switch|p2b: Basculegion|Basculegion, L50, M|100/100\n|turn|3\n|\n|t:|1788290756\n|move|p1a: Blaziken|Protect|p1a: Blaziken\n|-singleturn|p1a: Blaziken|Protect\n|move|p2b: Basculegion|Aqua Jet|p1a: Blaziken\n|-activate|p1a: Blaziken|move: Protect\n|move|p1b: Kingambit|Low Kick|p2a: Kingambit\n|-supereffective|p2a: Kingambit|2\n|-damage|p2a: Kingambit|0 fnt\n|faint|p2a: Kingambit\n|-damage|p1b: Kingambit|74/100 brn|[from] item: Life Orb\n|\n|-damage|p1b: Kingambit|68/100 brn|[from] brn\n|-ability|p1a: Blaziken|Speed Boost|boost\n|-boost|p1a: Blaziken|spe|1\n|upkeep\n|\n|t:|1788290758\n|switch|p2a: Sneasler|Sneasler, L50, F|100/100\n|turn|4\n|\n|t:|1788290768\n|switch|p1b: Farigiraf|Farigiraf, L50, F|100/100\n|move|p2b: Basculegion|Aqua Jet||[still]\n|cant|p1b: Farigiraf|ability: Armor Tail|Aqua Jet|[of] p2b: Basculegion\n|move|p1a: Blaziken|Flare Blitz|p2a: Sneasler\n|-damage|p2a: Sneasler|0 fnt\n|faint|p2a: Sneasler\n|-damage|p1a: Blaziken|31/100|[from] Recoil\n|\n|-ability|p1a: Blaziken|Speed Boost|boost\n|-boost|p1a: Blaziken|spe|1\n|upkeep\n|turn|5\n|\n|t:|1788290777\n|move|p2b: Basculegion|Aqua Jet||[still]\n|cant|p1b: Farigiraf|ability: Armor Tail|Aqua Jet|[of] p2b: Basculegion\n|move|p1a: Blaziken|Rock Slide|p2b: Basculegion\n|-damage|p2b: Basculegion|60/100\n|move|p1b: Farigiraf|Psychic|p2b: Basculegion\n|-damage|p2b: Basculegion|3/100\n|-unboost|p2b: Basculegion|spd|1\n|\n|-ability|p1a: Blaziken|Speed Boost|boost\n|-boost|p1a: Blaziken|spe|1\n|upkeep\n|turn|6\n|\n|t:|1788290784\n|move|p2b: Basculegion|Aqua Jet||[still]\n|cant|p1b: Farigiraf|ability: Armor Tail|Aqua Jet|[of] p2b: Basculegion\n|move|p1a: Blaziken|Rock Slide|p2b: Basculegion\n|-damage|p2b: Basculegion|0 fnt\n|faint|p2b: Basculegion\n|\n|win|platinumflare\n||tavinn_n is ready for game 3.\n||platinumflare is ready for game 3.\n|uhtml|next|Next: <a href=\"/battle-gen9championsvgc2026regmbbo3-2674034910\"><strong>Game 3 of 3</strong></a>\n|l|‽tavinn_n\n|player|p2|\n","uploadtime":1788290925,"views":"1","formatid":"gen9championsvgc2026regmbbo3","rating":null,"private":0,"password":null}