{"id":"gen9championsvgc2026regmb-2673864972","format":"[Gen 9 Champions] VGC 2026 Reg M-B","players":["Thornlace48812","Jkjk.exe"],"log":"|j|☆Thornlace48812\n|j|☆Jkjk.exe\n|t:|1788270383\n|gametype|doubles\n|player|p1|Thornlace48812|102|1075\n|player|p2|Jkjk.exe|169|1078\n|gen|9\n|tier|[Gen 9 Champions] VGC 2026 Reg M-B\n|rated|\n|rule|Species Clause: Limit one of each Pokémon\n|rule|Item Clause: Limit 1 of each item\n|clearpoke\n|poke|p1|Garchomp, L50, M|\n|poke|p1|Charizard, L50, M|\n|poke|p1|Whimsicott, L50, F|\n|poke|p1|Sylveon, L50, F|\n|poke|p1|Kingambit, L50, M|\n|poke|p1|Basculegion, L50, M|\n|poke|p2|Meganium, L50, F|\n|poke|p2|Archaludon, L50, M|\n|poke|p2|Pelipper, L50, M|\n|poke|p2|Overqwil, L50, F|\n|poke|p2|Aerodactyl, L50, F|\n|poke|p2|Swampert, L50, F|\n|teampreview|4\n|inactive|Battle timer is ON: inactive players will automatically lose when time's up. (requested by Jkjk.exe)\n|inactive|Thornlace48812 also wants the timer to be on.\nThornlace48812 rejected open team sheets.\n|\n|t:|1788270400\n|teamsize|p1|4\n|teamsize|p2|4\n|start\n|switch|p1a: Sylveon|Sylveon, L50, F|100/100\n|switch|p1b: Charizard|Charizard, L50, M|100/100\n|switch|p2a: Aerodactyl|Aerodactyl, L50, F|100/100\n|switch|p2b: Overqwil|Overqwil, L50, F|100/100\n|-ability|p2a: Aerodactyl|Unnerve\n|turn|1\n|\n|t:|1788270406\n|detailschange|p1b: Charizard|Charizard-Mega-Y, L50, M\n|-mega|p1b: Charizard|Charizard|Charizardite Y\n|-weather|SunnyDay|[from] ability: Drought|[of] p1b: Charizard\n|move|p1a: Sylveon|Quick Attack|p2a: Aerodactyl\n|-damage|p2a: Aerodactyl|83/100\n|move|p2a: Aerodactyl|Rain Dance|p2a: Aerodactyl\n|-weather|RainDance\n|move|p2b: Overqwil|Waterfall|p1b: Charizard\n|-supereffective|p1b: Charizard|1\n|-damage|p1b: Charizard|0 fnt\n|faint|p1b: Charizard\n|-damage|p2b: Overqwil|90/100|[from] item: Life Orb\n|\n|-weather|RainDance|[upkeep]\n|upkeep\n|\n|t:|1788270407\n|switch|p1b: Basculegion|Basculegion, L50, M|100/100\n|turn|2\n|inactive|Jkjk.exe has 30 seconds left.\n|\n|t:|1788270436\n|switch|p2a: Archaludon|Archaludon, L50, M|100/100\n|move|p2b: Overqwil|Crunch|p1b: Basculegion\n|-supereffective|p1b: Basculegion|1\n|-damage|p1b: Basculegion|0 fnt\n|faint|p1b: Basculegion\n|-damage|p2b: Overqwil|80/100|[from] item: Life Orb\n|move|p1a: Sylveon|Hyper Voice|p2b: Overqwil|[spread] p2a,p2b\n|-damage|p2a: Archaludon|34/100\n|-damage|p2b: Overqwil|0 fnt\n|-ability|p2a: Archaludon|Stamina|boost\n|-boost|p2a: Archaludon|def|1\n|faint|p2b: Overqwil\n|\n|-weather|RainDance|[upkeep]\n|-heal|p2a: Archaludon|40/100|[from] item: Leftovers\n|upkeep\n|\n|t:|1788270448\n|switch|p2b: Aerodactyl|Aerodactyl, L50, F|83/100\n|switch|p1b: Garchomp|Garchomp, L50, M|100/100\n|-ability|p2b: Aerodactyl|Unnerve\n|turn|3\n|\n|t:|1788270460\n|move|p2b: Aerodactyl|Tailwind|p2b: Aerodactyl\n|-sidestart|p2: Jkjk.exe|move: Tailwind\n|move|p2a: Archaludon|Draco Meteor|p1b: Garchomp\n|-supereffective|p1b: Garchomp|1\n|-damage|p1b: Garchomp|0 fnt\n|-unboost|p2a: Archaludon|spa|2\n|faint|p1b: Garchomp\n|move|p1a: Sylveon|Hyper Voice|p2b: Aerodactyl|[spread] p2a,p2b\n|-damage|p2a: Archaludon|0 fnt\n|-damage|p2b: Aerodactyl|26/100\n|faint|p2a: Archaludon\n|\n|-weather|RainDance|[upkeep]\n|upkeep\n|\n|t:|1788270470\n|switch|p2a: Pelipper|Pelipper, L50, M|100/100\n|turn|4\n|\n|t:|1788270479\n|move|p1a: Sylveon|Detect|p1a: Sylveon\n|-singleturn|p1a: Sylveon|Protect\n|move|p2a: Pelipper|Wide Guard|p2a: Pelipper\n|-singleturn|p2a: Pelipper|Wide Guard\n|move|p2b: Aerodactyl|Rock Slide|p1a: Sylveon\n|-activate|p1a: Sylveon|move: Protect\n|\n|-weather|RainDance|[upkeep]\n|upkeep\n|turn|5\n|\n|t:|1788270490\n|move|p2b: Aerodactyl|Rock Slide|p1a: Sylveon\n|-damage|p1a: Sylveon|62/100\n|move|p2a: Pelipper|Hurricane|p1a: Sylveon\n|-damage|p1a: Sylveon|31/100\n|cant|p1a: Sylveon|flinch\n|\n|-weather|none\n|upkeep\n|turn|6\n|\n|t:|1788270509\n|move|p2b: Aerodactyl|Rock Slide|p1a: Sylveon\n|-damage|p1a: Sylveon|0 fnt\n|faint|p1a: Sylveon\n|\n|win|Jkjk.exe\n|raw|Thornlace48812's rating: 1106 &rarr; <strong>1079</strong><br />(-27 for losing)\n|raw|Jkjk.exe's rating: 1078 &rarr; <strong>1109</strong><br />(+31 for winning)\n","uploadtime":1788270509,"views":"1","formatid":"gen9championsvgc2026regmb","rating":1079,"private":0,"password":null}