{"id":"gen9championsvgc2026regmb-2674540448","format":"[Gen 9 Champions] VGC 2026 Reg M-B","players":["tegboy","HowDz"],"log":"|j|☆tegboy\n|j|☆HowDz\n|html|<table width=\"100%\"><tr><td align=\"left\">tegboy</td><td align=\"right\">HowDz</tr><tr><td align=\"left\"><i class=\"fa fa-circle-o\"></i> <i class=\"fa fa-circle-o\"></i> </td><td align=\"right\"><i class=\"fa fa-circle-o\"></i> <i class=\"fa fa-circle\"></i> </tr></table>\n|uhtml|bestof|<h2><strong>Game 2</strong> of <a href=\"/game-bestof3-gen9championsvgc2026regmb-2674536641\">a best-of-3</a></h2>\n|t:|1788371773\n|gametype|doubles\n|player|p1|tegboy|170|\n|player|p2|HowDz|lance|\n|gen|9\n|tier|[Gen 9 Champions] VGC 2026 Reg M-B\n|rule|Species Clause: Limit one of each Pokémon\n|rule|Item Clause: Limit 1 of each item\n|raw|<div class=\"infobox\"><details class=\"readmore\" open><summary><strong>2 custom rules:</strong></summary> Best of = 3, !Open Team Sheets</details></div>\n|clearpoke\n|poke|p1|Tyranitar, L50, F|\n|poke|p1|Excadrill, L50, F|\n|poke|p1|Sinistcha, L50|\n|poke|p1|Feraligatr, L50, M|\n|poke|p1|Gliscor, L50, F|\n|poke|p1|Houndstone, L50, F|\n|poke|p2|Floette-Eternal, L50, F|\n|poke|p2|Whimsicott, L50, F|\n|poke|p2|Lucario, L50, M|\n|poke|p2|Tauros, L50, M|\n|poke|p2|Eelektross, L50, F|\n|poke|p2|Annihilape, L50, M|\n|teampreview|4\n|\n|t:|1788371821\n|teamsize|p1|4\n|teamsize|p2|4\n|start\n|switch|p1a: Gliscor|Gliscor, L50, F|100/100\n|switch|p1b: Feraligatr|Feraligatr, L50, M|100/100\n|switch|p2a: Lucario|Lucario, L50, M|100/100\n|switch|p2b: Eelektross|Eelektross, L50, F|100/100\n|turn|1\n|\n|t:|1788371860\n|detailschange|p2b: Eelektross|Eelektross-Mega, L50, F\n|-mega|p2b: Eelektross|Eelektross|Eelektrossite\n|move|p1b: Feraligatr|Protect|p1b: Feraligatr\n|-singleturn|p1b: Feraligatr|Protect\n|move|p1a: Gliscor|High Horsepower|p2a: Lucario\n|-supereffective|p2a: Lucario|1\n|-enditem|p2a: Lucario|Focus Sash\n|-damage|p2a: Lucario|1/100\n|move|p2a: Lucario|Coaching|p2b: Eelektross\n|-boost|p2b: Eelektross|atk|1\n|-boost|p2b: Eelektross|def|1\n|move|p2b: Eelektross|Dragon Tail|p1b: Feraligatr\n|-activate|p1b: Feraligatr|move: Protect\n|\n|upkeep\n|turn|2\n|\n|t:|1788371893\n|switch|p2a: Tauros|Tauros, L50, M|100/100\n|-ability|p2a: Tauros|Intimidate|boost\n|-unboost|p1a: Gliscor|atk|1\n|-unboost|p1b: Feraligatr|atk|1\n|move|p1a: Gliscor|Tailwind|p1a: Gliscor\n|-sidestart|p1: tegboy|move: Tailwind\n|move|p1b: Feraligatr|Liquidation|p2b: Eelektross\n|-damage|p2b: Eelektross|79/100\n|move|p2b: Eelektross|Crunch|p1b: Feraligatr\n|-damage|p1b: Feraligatr|57/100\n|\n|upkeep\n|turn|3\n|\n|t:|1788371922\n|switch|p1b: Tyranitar|Tyranitar, L50, F|100/100\n|-weather|Sandstorm|[from] ability: Sand Stream|[of] p1b: Tyranitar\n|switch|p2a: Lucario|Lucario, L50, M|1/100\n|move|p1a: Gliscor|Gunk Shot|p2b: Eelektross\n|-damage|p2b: Eelektross|68/100\n|-status|p2b: Eelektross|psn\n|move|p2b: Eelektross|Crunch|p1a: Gliscor|[miss]\n|-miss|p2b: Eelektross|p1a: Gliscor\n|\n|-weather|Sandstorm|[upkeep]\n|-damage|p2b: Eelektross|61/100 psn|[from] Sandstorm\n|-damage|p2b: Eelektross|49/100 psn|[from] psn\n|upkeep\n|turn|4\n|\n|t:|1788371941\n|switch|p1a: Feraligatr|Feraligatr, L50, M|57/100\n|move|p1b: Tyranitar|Protect|p1b: Tyranitar\n|-singleturn|p1b: Tyranitar|Protect\n|move|p2a: Lucario|Close Combat|p1b: Tyranitar\n|-activate|p1b: Tyranitar|move: Protect\n|move|p2b: Eelektross|Drain Punch|p1b: Tyranitar\n|-activate|p1b: Tyranitar|move: Protect\n|\n|-weather|Sandstorm|[upkeep]\n|-damage|p1a: Feraligatr|51/100|[from] Sandstorm\n|-damage|p2b: Eelektross|43/100 psn|[from] Sandstorm\n|-damage|p2b: Eelektross|30/100 psn|[from] psn\n|upkeep\n|turn|5\n|\n|t:|1788371960\n|switch|p1b: Gliscor|Gliscor, L50, F|100/100\n|move|p2a: Lucario|Quick Guard|p2a: Lucario\n|-singleturn|p2a: Lucario|Quick Guard\n|move|p1a: Feraligatr|Aqua Jet|p2a: Lucario\n|-activate|p2a: Lucario|move: Quick Guard\n|move|p2b: Eelektross|Drain Punch|p1b: Gliscor|[miss]\n|-miss|p2b: Eelektross|p1b: Gliscor\n|\n|-weather|Sandstorm|[upkeep]\n|-damage|p1a: Feraligatr|45/100|[from] Sandstorm\n|-damage|p2b: Eelektross|24/100 psn|[from] Sandstorm\n|-damage|p2b: Eelektross|11/100 psn|[from] psn\n|-sideend|p1: tegboy|move: Tailwind\n|upkeep\n|turn|6\n|\n|t:|1788371994\n|move|p2a: Lucario|Quick Guard|p2a: Lucario\n|-singleturn|p2a: Lucario|Quick Guard\n|move|p1b: Gliscor|High Horsepower|p2a: Lucario\n|-supereffective|p2a: Lucario|1\n|-damage|p2a: Lucario|0 fnt\n|faint|p2a: Lucario\n|move|p1a: Feraligatr|Liquidation|p2b: Eelektross\n|-damage|p2b: Eelektross|0 fnt\n|faint|p2b: Eelektross\n|\n|-weather|Sandstorm|[upkeep]\n|-damage|p1a: Feraligatr|39/100|[from] Sandstorm\n|upkeep\n|\n|t:|1788372004\n|switch|p2a: Tauros|Tauros, L50, M|100/100\n|switch|p2b: Annihilape|Annihilape, L50, M|100/100\n|-ability|p2a: Tauros|Intimidate|boost\n|-unboost|p1a: Feraligatr|atk|1\n|-unboost|p1b: Gliscor|atk|1\n|turn|7\n|\n|t:|1788372026\n|move|p2b: Annihilape|Ice Punch|p1b: Gliscor\n|-supereffective|p1b: Gliscor|2\n|-damage|p1b: Gliscor|0 fnt\n|faint|p1b: Gliscor\n|move|p2a: Tauros|Icy Wind|p1a: Feraligatr\n|-resisted|p1a: Feraligatr|1\n|-damage|p1a: Feraligatr|35/100\n|-unboost|p1a: Feraligatr|spe|1\n|move|p1a: Feraligatr|Liquidation|p2b: Annihilape\n|-damage|p2b: Annihilape|59/100\n|\n|-weather|none\n|upkeep\n|\n|t:|1788372033\n|switch|p1b: Tyranitar|Tyranitar, L50, F|100/100\n|-weather|Sandstorm|[from] ability: Sand Stream|[of] p1b: Tyranitar\n|turn|8\n|\n|t:|1788372052\n|switch|p1a: Excadrill|Excadrill, L50, F|100/100\n|detailschange|p1b: Tyranitar|Tyranitar-Mega, L50, F\n|-mega|p1b: Tyranitar|Tyranitar|Tyranitarite\n|move|p2b: Annihilape|Ice Punch|p1a: Excadrill\n|-damage|p1a: Excadrill|62/100\n|-status|p1a: Excadrill|frz\n|move|p2a: Tauros|Close Combat|p1b: Tyranitar\n|-supereffective|p1b: Tyranitar|2\n|-crit|p1b: Tyranitar\n|-damage|p1b: Tyranitar|0 fnt\n|-unboost|p2a: Tauros|def|1\n|-unboost|p2a: Tauros|spd|1\n|faint|p1b: Tyranitar\n|\n|-weather|Sandstorm|[upkeep]\n|-damage|p2b: Annihilape|53/100|[from] Sandstorm\n|-damage|p2a: Tauros|93/100|[from] Sandstorm\n|upkeep\n|\n|t:|1788372061\n|switch|p1b: Feraligatr|Feraligatr, L50, M|35/100\n|turn|9\n|c|☆tegboy|the freeze :,(\n|\n|t:|1788372083\n|cant|p1a: Excadrill|frz\n|move|p2b: Annihilape|Ice Punch|p1b: Feraligatr\n|-resisted|p1b: Feraligatr|1\n|-damage|p1b: Feraligatr|21/100\n|move|p2a: Tauros|Icy Wind|p1a: Excadrill|[spread] p1a,p1b\n|-resisted|p1b: Feraligatr|1\n|-damage|p1a: Excadrill|56/100 frz\n|-damage|p1b: Feraligatr|19/100\n|-unboost|p1a: Excadrill|spe|1\n|-unboost|p1b: Feraligatr|spe|1\n|move|p1b: Feraligatr|Liquidation|p2b: Annihilape\n|-damage|p2b: Annihilape|0 fnt\n|faint|p2b: Annihilape\n|\n|-weather|Sandstorm|[upkeep]\n|-damage|p2a: Tauros|87/100|[from] Sandstorm\n|-damage|p1b: Feraligatr|13/100|[from] Sandstorm\n|upkeep\n|turn|10\n|\n|t:|1788372101\n|cant|p1a: Excadrill|frz\n|move|p2a: Tauros|Throat Chop|p1a: Excadrill\n|-damage|p1a: Excadrill|28/100 frz\n|-start|p1a: Excadrill|Throat Chop|[silent]\n|move|p1b: Feraligatr|Liquidation|p2a: Tauros\n|-damage|p2a: Tauros|0 fnt\n|faint|p2a: Tauros\n|\n|win|tegboy\n","uploadtime":1788372104,"views":"9","formatid":"gen9championsvgc2026regmb","rating":null,"private":0,"password":null}