{"id":"gen9championsvgc2026regmb-2674692620","format":"[Gen 9 Champions] VGC 2026 Reg M-B","players":["Lirtox","Dabigmurph"],"log":"|j|☆Lirtox\n|j|☆Dabigmurph\n|t:|1788391416\n|gametype|doubles\n|player|p1|Lirtox|lyra|1000\n|player|p2|Dabigmurph|hiker-gen4|1026\n|gen|9\n|tier|[Gen 9 Champions] VGC 2026 Reg M-B\n|rated|\n|rule|Species Clause: Limit one of each Pokémon\n|rule|Item Clause: Limit 1 of each item\n|clearpoke\n|poke|p1|Toxapex, L50, F|\n|poke|p1|Dragalge, L50, F|\n|poke|p1|Forretress, L50, F|\n|poke|p1|Incineroar, L50, M|\n|poke|p1|Staraptor, L50, M|\n|poke|p1|Sinistcha, L50|\n|poke|p2|Pyroar, L50, F|\n|poke|p2|Torkoal, L50, M|\n|poke|p2|Incineroar, L50, M|\n|poke|p2|Vileplume, L50, M|\n|poke|p2|Farigiraf, L50, F|\n|poke|p2|Crabominable, L50, F|\n|teampreview|4\n|\n|t:|1788391436\n|teamsize|p1|4\n|teamsize|p2|4\n|start\n|switch|p1a: Incineroar|Incineroar, L50, M|100/100\n|switch|p1b: Toxapex|Toxapex, L50, F|100/100\n|switch|p2a: Farigiraf|Farigiraf, L50, F|100/100\n|switch|p2b: Crabominable|Crabominable, L50, F|100/100\n|-ability|p1a: Incineroar|Intimidate|boost\n|-unboost|p2a: Farigiraf|atk|1\n|-fail|p2b: Crabominable|unboost|atk|[from] ability: Hyper Cutter|[of] p2b: Crabominable\n|turn|1\n|\n|t:|1788391466\n|move|p2b: Crabominable|Protect|p2b: Crabominable\n|-singleturn|p2b: Crabominable|Protect\n|move|p1a: Incineroar|Will-O-Wisp|p2b: Crabominable\n|-activate|p2b: Crabominable|move: Protect\n|move|p1b: Toxapex|Toxic Spikes|p2b: Crabominable\n|-sidestart|p2: Dabigmurph|move: Toxic Spikes\n|move|p2a: Farigiraf|Trick Room|p2a: Farigiraf\n|-fieldstart|move: Trick Room|[of] p2a: Farigiraf\n|\n|upkeep\n|turn|2\n|\n|t:|1788391490\n|detailschange|p2b: Crabominable|Crabominable-Mega, L50, F\n|-mega|p2b: Crabominable|Crabominable|Crabominite\n|move|p2a: Farigiraf|Helping Hand|p2b: Crabominable\n|-singleturn|p2b: Crabominable|Helping Hand|[of] p2a: Farigiraf\n|move|p2b: Crabominable|Drain Punch|p1a: Incineroar\n|-supereffective|p1a: Incineroar|1\n|-damage|p1a: Incineroar|0 fnt\n|faint|p1a: Incineroar\n|move|p1b: Toxapex|Toxic Spikes|p2b: Crabominable\n|-sidestart|p2: Dabigmurph|move: Toxic Spikes\n|\n|upkeep\n|l|☆Dabigmurph\n|player|p2|\n|\n|t:|1788391500\n|switch|p1a: Dragalge|Dragalge, L50, F|100/100\n|turn|3\n|j|☆Dabigmurph\n|player|p2|Dabigmurph|hiker-gen4|\n|\n|t:|1788391511\n|move|p1b: Toxapex|Baneful Bunker|p1b: Toxapex\n|-singleturn|p1b: Toxapex|move: Protect\n|move|p1a: Dragalge|Protect|p1a: Dragalge\n|-singleturn|p1a: Dragalge|Protect\n|move|p2b: Crabominable|Ice Hammer|p1a: Dragalge\n|-activate|p1a: Dragalge|move: Protect\n|move|p2a: Farigiraf|Twin Beam|p1b: Toxapex\n|-activate|p1b: Toxapex|move: Protect\n|\n|upkeep\n|turn|4\n|\n|t:|1788391536\n|switch|p1a: Staraptor|Staraptor, L50, M|100/100\n|-ability|p1a: Staraptor|Intimidate|boost\n|-unboost|p2a: Farigiraf|atk|1\n|-unboost|p2b: Crabominable|atk|1\n|move|p2b: Crabominable|Ice Hammer|p1a: Staraptor\n|-supereffective|p1a: Staraptor|1\n|-damage|p1a: Staraptor|0 fnt\n|-unboost|p2b: Crabominable|spe|1\n|faint|p1a: Staraptor\n|move|p1b: Toxapex|Venoshock|p2b: Crabominable\n|-damage|p2b: Crabominable|88/100\n|move|p2a: Farigiraf|Twin Beam|p1b: Toxapex\n|-supereffective|p1b: Toxapex|1\n|-damage|p1b: Toxapex|73/100\n|-supereffective|p1b: Toxapex|1\n|-damage|p1b: Toxapex|46/100\n|-hitcount|p1b: Toxapex|2\n|\n|-heal|p1b: Toxapex|52/100|[from] item: Leftovers\n|upkeep\n|\n|t:|1788391552\n|switch|p1a: Dragalge|Dragalge, L50, F|100/100\n|turn|5\n|l|☆Dabigmurph\n|player|p2|\n|j|☆Dabigmurph\n|player|p2|Dabigmurph|hiker-gen4|\n|\n|t:|1788391589\n|switch|p2b: Incineroar|Incineroar, L50, M|100/100\n|-status|p2b: Incineroar|tox\n|-ability|p2b: Incineroar|Intimidate|boost\n|-unboost|p1a: Dragalge|atk|1\n|-unboost|p1b: Toxapex|atk|1\n|move|p1a: Dragalge|Protect|p1a: Dragalge\n|-singleturn|p1a: Dragalge|Protect\n|move|p2a: Farigiraf|Protect|p2a: Farigiraf\n|-singleturn|p2a: Farigiraf|Protect\n|move|p1b: Toxapex|Recover|p1b: Toxapex\n|-heal|p1b: Toxapex|100/100\n|\n|-damage|p2b: Incineroar|94/100 tox|[from] psn\n|-fieldend|move: Trick Room\n|upkeep\n|turn|6\n|\n|t:|1788391619\n|move|p2b: Incineroar|Fake Out|p1a: Dragalge\n|-crit|p1a: Dragalge\n|-damage|p1a: Dragalge|75/100\n|cant|p1a: Dragalge|flinch\n|move|p1b: Toxapex|Venoshock|p2b: Incineroar\n|-damage|p2b: Incineroar|64/100 tox\n|move|p2a: Farigiraf|Trick Room|p2a: Farigiraf\n|-fieldstart|move: Trick Room|[of] p2a: Farigiraf\n|\n|-damage|p2b: Incineroar|52/100 tox|[from] psn\n|upkeep\n|turn|7\n|\n|t:|1788391633\n|detailschange|p1a: Dragalge|Dragalge-Mega, L50, F\n|-mega|p1a: Dragalge|Dragalge|Dragalgite\n|move|p1b: Toxapex|Baneful Bunker|p1b: Toxapex\n|-singleturn|p1b: Toxapex|move: Protect\n|move|p1a: Dragalge|Protect|p1a: Dragalge\n|-singleturn|p1a: Dragalge|Protect\n|move|p2a: Farigiraf|Twin Beam|p1b: Toxapex\n|-activate|p1b: Toxapex|move: Protect\n|move|p2b: Incineroar|Darkest Lariat|p1a: Dragalge\n|-activate|p1a: Dragalge|move: Protect\n|\n|-damage|p2b: Incineroar|35/100 tox|[from] psn\n|upkeep\n|turn|8\n|\n|t:|1788391653\n|move|p1b: Toxapex|Recover||[still]\n|-fail|p1b: Toxapex|heal\n|move|p1a: Dragalge|Venoshock|p2b: Incineroar\n|-crit|p2b: Incineroar\n|-damage|p2b: Incineroar|0 fnt\n|faint|p2b: Incineroar\n|move|p2a: Farigiraf|Twin Beam|p1b: Toxapex\n|-supereffective|p1b: Toxapex|1\n|-damage|p1b: Toxapex|73/100\n|-supereffective|p1b: Toxapex|1\n|-damage|p1b: Toxapex|45/100\n|-hitcount|p1b: Toxapex|2\n|\n|-heal|p1b: Toxapex|50/100g|[from] item: Leftovers\n|upkeep\n|\n|t:|1788391664\n|switch|p2b: Crabominable|Crabominable-Mega, L50, F|88/100\n|-status|p2b: Crabominable|tox\n|turn|9\n|\n|t:|1788391672\n|move|p1a: Dragalge|Protect|p1a: Dragalge\n|-singleturn|p1a: Dragalge|Protect\n|move|p2b: Crabominable|Ice Hammer|p1a: Dragalge\n|-activate|p1a: Dragalge|move: Protect\n|move|p1b: Toxapex|Recover|p1b: Toxapex\n|-heal|p1b: Toxapex|100/100\n|move|p2a: Farigiraf|Twin Beam|p1b: Toxapex\n|-supereffective|p1b: Toxapex|1\n|-damage|p1b: Toxapex|71/100\n|-supereffective|p1b: Toxapex|1\n|-damage|p1b: Toxapex|43/100\n|-hitcount|p1b: Toxapex|2\n|\n|-heal|p1b: Toxapex|49/100|[from] item: Leftovers\n|-damage|p2b: Crabominable|82/100 tox|[from] psn\n|upkeep\n|turn|10\n|\n|t:|1788391692\n|move|p2b: Crabominable|Ice Hammer|p1a: Dragalge\n|-supereffective|p1a: Dragalge|1\n|-damage|p1a: Dragalge|0 fnt\n|-unboost|p2b: Crabominable|spe|1\n|faint|p1a: Dragalge\n|move|p1b: Toxapex|Venoshock|p2b: Crabominable\n|-damage|p2b: Crabominable|60/100 tox\n|move|p2a: Farigiraf|Twin Beam|p1b: Toxapex\n|-supereffective|p1b: Toxapex|1\n|-damage|p1b: Toxapex|21/100\n|-supereffective|p1b: Toxapex|1\n|-damage|p1b: Toxapex|0 fnt\n|faint|p1b: Toxapex\n|-hitcount|p1: Toxapex|2\n|\n|win|Dabigmurph\n|raw|Lirtox's rating: 1000 &rarr; <strong>1000</strong><br />(+0 for losing)\n|raw|Dabigmurph's rating: 1026 &rarr; <strong>1059</strong><br />(+33 for winning)\n|l|☆Dabigmurph\n|player|p2|\n","uploadtime":1788391715,"views":"3","formatid":"gen9championsvgc2026regmb","rating":1000,"private":0,"password":null}