{"id":"gen9championsvgc2026regmbbo3-2674770576","format":"[Gen 9 Champions] VGC 2026 Reg M-B (Bo3)","players":["Goldenstarzz","eltsurito"],"log":"|j|☆Goldenstarzz\n|j|☆eltsurito\n|html|<table width=\"100%\"><tr><td align=\"left\">Goldenstarzz</td><td align=\"right\">eltsurito</tr><tr><td align=\"left\"><i class=\"fa fa-circle-o\"></i> <i class=\"fa fa-circle-o\"></i> </td><td align=\"right\"><i class=\"fa fa-circle-o\"></i> <i class=\"fa fa-circle-o\"></i> </tr></table>\n|uhtml|bestof|<h2><strong>Game 1</strong> of <a href=\"/game-bestof3-gen9championsvgc2026regmbbo3-2674770575\">a best-of-3</a></h2>\n|t:|1788403577\n|gametype|doubles\n|player|p1|Goldenstarzz|benga|1073\n|player|p2|eltsurito|1|1116\n|gen|9\n|tier|[Gen 9 Champions] VGC 2026 Reg M-B (Bo3)\n|rated|\n|rule|Species Clause: Limit one of each Pokémon\n|rule|Item Clause: Limit 1 of each item\n|clearpoke\n|poke|p1|Rotom-Wash, L50|\n|poke|p1|Scrafty, L50, M|\n|poke|p1|Tinkaton, L50, F|\n|poke|p1|Slowbro-Galar, L50, F|\n|poke|p1|Mawile, L50, F|\n|poke|p1|Grimmsnarl, L50, M|\n|poke|p2|Incineroar, L50, M|\n|poke|p2|Charizard, L50, M|\n|poke|p2|Garchomp, L50, M|\n|poke|p2|Venusaur, L50, M|\n|poke|p2|Sylveon, L50, M|\n|poke|p2|Toxapex, L50, F|\n|teampreview|4\n|showteam|p1|Rotom-Wash||SitrusBerry|Levitate|WillOWisp,VoltSwitch,ThunderWave,HydroPump|Sassy|||||50|]Scrafty||Scraftinite|Intimidate|DragonDance,DrainPunch,KnockOff,RockSlide|Adamant||M|||50|]Tinkaton||MetalCoat|OwnTempo|GigatonHammer,FakeOut,ThunderWave,PlayRough|Careful||F|||50|]Slowbro-Galar||QuickClaw|QuickDraw|Protect,Flamethrower,SludgeWave,Psychic|Modest||F|||50|]Mawile||Mawilite|Intimidate|IronHead,PlayRough,SuckerPunch,Protect|Adamant||F|||50|]Grimmsnarl||LightClay|Prankster|LightScreen,Reflect,DazzlingGleam,PartingShot|Calm||M|||50|\n|showteam|p2|Incineroar||SitrusBerry|Intimidate|FlareBlitz,FakeOut,DarkestLariat,PartingShot|Impish||M|||50|]Charizard||CharizarditeY|SolarPower|WeatherBall,HeatWave,AncientPower,Protect|Modest||M|||50|]Garchomp||ChoiceScarf|RoughSkin|RockSlide,DragonClaw,Earthquake,StompingTantrum|Adamant||M|||50|]Venusaur||LifeOrb|Chlorophyll|SludgeBomb,LeafStorm,EarthPower,Protect|Modest||M|||50|]Sylveon||FairyFeather|Pixilate|HyperVoice,QuickAttack,Yawn,Detect|Modest||M|||50|]Toxapex||Leftovers|Regenerator|Infestation,Toxic,WideGuard,BanefulBunker|Bold||F|||50|\n|inactive|Battle timer is ON: inactive players will automatically lose when time's up. (requested by Goldenstarzz)\n|l|☆Goldenstarzz\n|inactive|Goldenstarzz disconnected and has a minute to reconnect!\n|player|p1|\n|inactive|eltsurito has 60 seconds left.\n|j|☆Goldenstarzz\n|inactive|Goldenstarzz reconnected.\n|player|p1|Goldenstarzz|benga|\n|\n|t:|1788403664\n|teamsize|p1|4\n|teamsize|p2|4\n|start\n|switch|p1a: Rotom|Rotom-Wash, L50|100/100\n|switch|p1b: Tinkaton|Tinkaton, L50, F|100/100\n|switch|p2a: Toxapex|Toxapex, L50, F|100/100\n|switch|p2b: Garchomp|Garchomp, L50, M|100/100\n|turn|1\n|inactive|eltsurito has 30 seconds left.\n|inactive|eltsurito has 20 seconds left.\n|inactive|eltsurito has 15 seconds left.\n|inactive|eltsurito has 10 seconds left.\n|\n|t:|1788403714\n|switch|p2b: Sylveon|Sylveon, L50, M|100/100\n|move|p1b: Tinkaton|Fake Out|p2a: Toxapex\n|-damage|p2a: Toxapex|94/100\n|move|p1a: Rotom|Will-O-Wisp|p2b: Sylveon\n|-status|p2b: Sylveon|brn\n|cant|p2a: Toxapex|flinch\n|\n|-heal|p2a: Toxapex|100/100|[from] item: Leftovers\n|-damage|p2b: Sylveon|94/100 brn|[from] brn\n|upkeep\n|turn|2\n|inactive|eltsurito has 30 seconds left.\n|inactive|eltsurito has 20 seconds left.\n|inactive|eltsurito has 15 seconds left.\n|inactive|eltsurito has 10 seconds left.\n|\n|t:|1788403760\n|move|p2b: Sylveon|Detect|p2b: Sylveon\n|-singleturn|p2b: Sylveon|Protect\n|move|p1b: Tinkaton|Gigaton Hammer|p2b: Sylveon\n|-activate|p2b: Sylveon|move: Protect\n|move|p1a: Rotom|Volt Switch|p2a: Toxapex\n|-supereffective|p2a: Toxapex|1\n|-damage|p2a: Toxapex|60/100\n|\n|t:|1788403768\n|switch|p1a: Slowbro|Slowbro-Galar, L50, F|100/100|[from] Volt Switch\n|move|p2a: Toxapex|Toxic|p1a: Slowbro\n|-immune|p1a: Slowbro\n|\n|-heal|p2a: Toxapex|66/100|[from] item: Leftovers\n|-damage|p2b: Sylveon|88/100 brn|[from] brn\n|upkeep\n|turn|3\n|-activate|p1a: Slowbro|ability: Quick Draw\n|\n|t:|1788403784\n|switch|p2b: Charizard|Charizard, L50, M|100/100\n|move|p1a: Slowbro|Sludge Wave|p2a: Toxapex|[spread] p2a,p2b\n|-immune|p1b: Tinkaton\n|-resisted|p2a: Toxapex|1\n|-damage|p2a: Toxapex|51/100\n|-damage|p2b: Charizard|62/100\n|move|p1b: Tinkaton|Thunder Wave|p2a: Toxapex\n|-status|p2a: Toxapex|par\n|move|p2a: Toxapex|Infestation|p1a: Slowbro\n|-damage|p1a: Slowbro|95/100\n|-activate|p1a: Slowbro|move: Infestation|[of] p2a: Toxapex\n|\n|-heal|p2a: Toxapex|57/100 par|[from] item: Leftovers\n|-damage|p1a: Slowbro|83/100|[from] move: Infestation|[partiallytrapped]\n|upkeep\n|turn|4\n|inactive|eltsurito has 30 seconds left.\n|inactive|Goldenstarzz has 30 seconds left.\n|\n|t:|1788403823\n|detailschange|p2b: Charizard|Charizard-Mega-Y, L50, M\n|-mega|p2b: Charizard|Charizard|Charizardite Y\n|-weather|SunnyDay|[from] ability: Drought|[of] p2b: Charizard\n|move|p2b: Charizard|Heat Wave|p1b: Tinkaton|[spread] p1a,p1b\n|-supereffective|p1b: Tinkaton|1\n|-damage|p1a: Slowbro|9/100\n|-damage|p1b: Tinkaton|14/100\n|move|p1b: Tinkaton|Thunder Wave|p2b: Charizard\n|-status|p2b: Charizard|par\n|move|p1a: Slowbro|Psychic|p2b: Charizard\n|-damage|p2b: Charizard|28/100 par\n|-unboost|p2b: Charizard|spd|1\n|move|p2a: Toxapex|Infestation|p1b: Tinkaton\n|-resisted|p1b: Tinkaton|2\n|-damage|p1b: Tinkaton|14/100\n|-activate|p1b: Tinkaton|move: Infestation|[of] p2a: Toxapex\n|\n|-weather|SunnyDay|[upkeep]\n|-heal|p2a: Toxapex|63/100 par|[from] item: Leftovers\n|-damage|p1b: Tinkaton|1/100|[from] move: Infestation|[partiallytrapped]\n|-damage|p1a: Slowbro|0 fnt|[from] move: Infestation|[partiallytrapped]\n|faint|p1a: Slowbro\n|upkeep\n|\n|t:|1788403838\n|switch|p1a: Rotom|Rotom-Wash, L50|100/100\n|turn|5\n|inactive|eltsurito has 30 seconds left.\n|inactive|eltsurito has 20 seconds left.\n|\n|t:|1788403876\n|cant|p2b: Charizard|par\n|move|p1b: Tinkaton|Gigaton Hammer|p2a: Toxapex\n|-resisted|p2a: Toxapex|1\n|-damage|p2a: Toxapex|45/100 par\n|move|p1a: Rotom|Volt Switch|p2a: Toxapex\n|-supereffective|p2a: Toxapex|1\n|-damage|p2a: Toxapex|6/100 par\n|\n|t:|1788403884\n|switch|p1a: Grimmsnarl|Grimmsnarl, L50, M|100/100|[from] Volt Switch\n|cant|p2a: Toxapex|par\n|\n|-weather|SunnyDay|[upkeep]\n|-heal|p2a: Toxapex|12/100 par|[from] item: Leftovers\n|-damage|p1b: Tinkaton|0 fnt|[from] move: Infestation|[partiallytrapped]\n|faint|p1b: Tinkaton\n|upkeep\n|\n|t:|1788403886\n|switch|p1b: Rotom|Rotom-Wash, L50|100/100\n|turn|6\n|\n|t:|1788403906\n|switch|p2b: Sylveon|Sylveon, L50, M|88/100 brn\n|-heal|p2a: Toxapex|45/100 par|[from] ability: Regenerator|[silent]\n|switch|p2a: Garchomp|Garchomp, L50, M|100/100\n|move|p1a: Grimmsnarl|Light Screen|p1a: Grimmsnarl\n|-sidestart|p1: Goldenstarzz|move: Light Screen\n|move|p1b: Rotom|Volt Switch|p2b: Sylveon\n|-damage|p2b: Sylveon|70/100 brn\n|\n|-weather|SunnyDay|[upkeep]\n|-damage|p2b: Sylveon|64/100 brn|[from] brn\n|upkeep\n|turn|7\n|inactive|Goldenstarzz has 30 seconds left.\n|inactive|eltsurito has 30 seconds left.\n|inactive|eltsurito has 20 seconds left.\n|inactive|eltsurito has 15 seconds left.\n|inactive|eltsurito has 10 seconds left.\n|\n|t:|1788403955\n|move|p2a: Garchomp|Rock Slide|p1a: Grimmsnarl|[spread] p1a\n|-miss|p2a: Garchomp|p1b: Rotom\n|-damage|p1a: Grimmsnarl|72/100\n|move|p1b: Rotom|Hydro Pump|p2a: Garchomp|[miss]\n|-miss|p1b: Rotom|p2a: Garchomp\n|move|p2b: Sylveon|Yawn|p1a: Grimmsnarl\n|-start|p1a: Grimmsnarl|move: Yawn|[of] p2b: Sylveon\n|move|p1a: Grimmsnarl|Dazzling Gleam|p2a: Garchomp|[spread] p2a,p2b\n|-supereffective|p2a: Garchomp|1\n|-damage|p2a: Garchomp|54/100\n|-damage|p2b: Sylveon|48/100 brn\n|\n|-weather|SunnyDay|[upkeep]\n|-damage|p2b: Sylveon|42/100 brn|[from] brn\n|upkeep\n|turn|8\n|\n|t:|1788403976\n|move|p1a: Grimmsnarl|Parting Shot|p2a: Garchomp\n|-unboost|p2a: Garchomp|atk|1\n|-unboost|p2a: Garchomp|spa|1\n|move|p2a: Garchomp|Rock Slide|p1a: Grimmsnarl|[spread] p1b\n|-miss|p2a: Garchomp|p1a: Grimmsnarl\n|-damage|p1b: Rotom|85/100\n|cant|p1b: Rotom|flinch\n|move|p2b: Sylveon|Hyper Voice|p1b: Rotom|[spread] p1a,p1b\n|-supereffective|p1a: Grimmsnarl|1\n|-damage|p1a: Grimmsnarl|24/100\n|-damage|p1b: Rotom|64/100\n|\n|-weather|none\n|-damage|p2b: Sylveon|37/100 brn|[from] brn\n|-end|p1a: Grimmsnarl|move: Yawn|[silent]\n|-status|p1a: Grimmsnarl|slp\n|upkeep\n|turn|9\n|-message|Goldenstarzz forfeited.\n|raw|Goldenstarzz's rating: 1073 &rarr; <strong>1055</strong><br />(-18 for losing)\n|raw|eltsurito's rating: 1116 &rarr; <strong>1138</strong><br />(+22 for winning)\n|\n|win|eltsurito\n|l|☆Goldenstarzz\n|player|p1|\n","uploadtime":1788404034,"views":"1","formatid":"gen9championsvgc2026regmbbo3","rating":1055,"private":0,"password":null}