{"id":"gen9championsvgc2026regmb-2673981150","format":"[Gen 9 Champions] VGC 2026 Reg M-B","players":["Tricky Two","maxcomanda"],"log":"|j|☆Tricky Two\n|j|☆maxcomanda\n|t:|1788284476\n|gametype|doubles\n|player|p1|Tricky Two|poppy-masters|1096\n|player|p2|maxcomanda|clerk|1088\n|gen|9\n|tier|[Gen 9 Champions] VGC 2026 Reg M-B\n|rated|\n|rule|Species Clause: Limit one of each Pokémon\n|rule|Item Clause: Limit 1 of each item\n|clearpoke\n|poke|p1|Sinistcha, L50|\n|poke|p1|Sneasler, L50, F|\n|poke|p1|Kingambit, L50, M|\n|poke|p1|Delphox, L50, M|\n|poke|p1|Incineroar, L50, M|\n|poke|p1|Blastoise, L50, M|\n|poke|p2|Sneasler, L50, F|\n|poke|p2|Incineroar, L50, F|\n|poke|p2|Kingambit, L50, F|\n|poke|p2|Whimsicott, L50, F|\n|poke|p2|Basculegion, L50, M|\n|poke|p2|Metagross, L50|\n|teampreview|4\n|\n|t:|1788284507\n|teamsize|p1|4\n|teamsize|p2|4\n|start\n|switch|p1a: Sneasler|Sneasler, L50, F|100/100\n|switch|p1b: Delphox|Delphox, L50, M|100/100\n|switch|p2a: Whimsicott|Whimsicott, L50, F|100/100\n|switch|p2b: Incineroar|Incineroar, L50, F|100/100\n|-ability|p2b: Incineroar|Intimidate|boost\n|-unboost|p1a: Sneasler|atk|1\n|-unboost|p1b: Delphox|atk|1\n|turn|1\n|\n|t:|1788284530\n|detailschange|p1b: Delphox|Delphox-Mega, L50, M\n|-mega|p1b: Delphox|Delphox|Delphoxite\n|move|p1a: Sneasler|Fake Out|p2b: Incineroar\n|-damage|p2b: Incineroar|90/100\n|-status|p2b: Incineroar|psn|[from] ability: Poison Touch|[of] p1a: Sneasler\n|cant|p2b: Incineroar|flinch\n|move|p2a: Whimsicott|Tailwind|p2a: Whimsicott\n|-sidestart|p2: maxcomanda|move: Tailwind\n|move|p1b: Delphox|Heat Wave|p2b: Incineroar|[spread] p2a,p2b\n|-supereffective|p2a: Whimsicott|1\n|-resisted|p2b: Incineroar|1\n|-enditem|p2a: Whimsicott|Focus Sash\n|-damage|p2a: Whimsicott|1/100\n|-damage|p2b: Incineroar|75/100 psn\n|\n|-heal|p2b: Incineroar|81/100 psn|[from] item: Leftovers\n|-damage|p2b: Incineroar|69/100 psn|[from] psn\n|upkeep\n|turn|2\n|\n|t:|1788284546\n|move|p2a: Whimsicott|Protect|p2a: Whimsicott\n|-singleturn|p2a: Whimsicott|Protect\n|move|p1b: Delphox|Protect|p1b: Delphox\n|-singleturn|p1b: Delphox|Protect\n|move|p1a: Sneasler|Close Combat|p2b: Incineroar\n|-supereffective|p2b: Incineroar|1\n|-damage|p2b: Incineroar|0 fnt\n|-unboost|p1a: Sneasler|def|1\n|-unboost|p1a: Sneasler|spd|1\n|faint|p2b: Incineroar\n|\n|upkeep\n|\n|t:|1788284553\n|switch|p2b: Basculegion|Basculegion, L50, M|100/100\n|turn|3\n|\n|t:|1788284567\n|move|p2b: Basculegion|Protect|p2b: Basculegion\n|-singleturn|p2b: Basculegion|Protect\n|move|p2a: Whimsicott|Encore|p1b: Delphox\n|-start|p1b: Delphox|Encore\n|move|p1b: Delphox|Protect||[still]\n|-fail|p1b: Delphox\n|move|p1a: Sneasler|Dire Claw|p2b: Basculegion\n|-activate|p2b: Basculegion|move: Protect\n|\n|upkeep\n|turn|4\n|\n|t:|1788284585\n|switch|p1b: Kingambit|Kingambit, L50, M|100/100\n|move|p2a: Whimsicott|Protect|p2a: Whimsicott\n|-singleturn|p2a: Whimsicott|Protect\n|move|p2b: Basculegion|Last Respects|p1a: Sneasler\n|-enditem|p1a: Sneasler|Focus Sash\n|-damage|p1a: Sneasler|1/100\n|-damage|p2b: Basculegion|90/100|[from] item: Life Orb\n|move|p1a: Sneasler|Dire Claw|p2b: Basculegion\n|-resisted|p2b: Basculegion|1\n|-damage|p2b: Basculegion|74/100\n|-status|p2b: Basculegion|psn|[from] ability: Poison Touch|[of] p1a: Sneasler\n|\n|-damage|p2b: Basculegion|62/100 psn|[from] psn\n|-sideend|p2: maxcomanda|move: Tailwind\n|upkeep\n|turn|5\n|\n|t:|1788284608\n|move|p2a: Whimsicott|Tailwind|p2a: Whimsicott\n|-sidestart|p2: maxcomanda|move: Tailwind\n|move|p2b: Basculegion|Aqua Jet|p1a: Sneasler\n|-damage|p1a: Sneasler|0 fnt\n|faint|p1a: Sneasler\n|-damage|p2b: Basculegion|52/100 psn|[from] item: Life Orb\n|move|p1b: Kingambit|Sucker Punch||[still]\n|-fail|p1b: Kingambit\n|\n|-damage|p2b: Basculegion|40/100 psn|[from] psn\n|upkeep\n|\n|t:|1788284613\n|switch|p1a: Incineroar|Incineroar, L50, M|100/100\n|-ability|p1a: Incineroar|Intimidate|boost\n|-unboost|p2a: Whimsicott|atk|1\n|-unboost|p2b: Basculegion|atk|1\n|turn|6\n|\n|t:|1788284654\n|move|p2a: Whimsicott|Protect|p2a: Whimsicott\n|-singleturn|p2a: Whimsicott|Protect\n|move|p1a: Incineroar|Fake Out|p2a: Whimsicott\n|-activate|p2a: Whimsicott|move: Protect\n|move|p2b: Basculegion|Wave Crash|p1a: Incineroar\n|-supereffective|p1a: Incineroar|1\n|-damage|p1a: Incineroar|0 fnt\n|faint|p1a: Incineroar\n|-damage|p2b: Basculegion|10/100 psn|[from] Recoil\n|-damage|p2b: Basculegion|1/100 psn|[from] item: Life Orb\n|move|p1b: Kingambit|Kowtow Cleave|p2b: Basculegion\n|-supereffective|p2b: Basculegion|1\n|-damage|p2b: Basculegion|0 fnt\n|faint|p2b: Basculegion\n|-damage|p1b: Kingambit|90/100|[from] item: Life Orb\n|\n|upkeep\n|\n|t:|1788284669\n|switch|p2b: Metagross|Metagross, L50|100/100\n|switch|p1a: Delphox|Delphox-Mega, L50, M|100/100\n|turn|7\n|\n|t:|1788284692\n|detailschange|p2b: Metagross|Metagross-Mega, L50\n|-mega|p2b: Metagross|Metagross|Metagrossite\n|move|p2a: Whimsicott|Moonblast|p1b: Kingambit\n|-damage|p1b: Kingambit|61/100\n|move|p2b: Metagross|Psychic Fangs|p1a: Delphox\n|-resisted|p1a: Delphox|1\n|-damage|p1a: Delphox|50/100g\n|move|p1a: Delphox|Heat Wave|p2b: Metagross|[spread] p2a,p2b\n|-supereffective|p2a: Whimsicott|1\n|-supereffective|p2b: Metagross|1\n|-damage|p2a: Whimsicott|0 fnt\n|-damage|p2b: Metagross|31/100\n|faint|p2a: Whimsicott\n|move|p1b: Kingambit|Kowtow Cleave|p2b: Metagross\n|-supereffective|p2b: Metagross|1\n|-damage|p2b: Metagross|0 fnt\n|faint|p2b: Metagross\n|-damage|p1b: Kingambit|51/100|[from] item: Life Orb\n|\n|win|Tricky Two\n|raw|Tricky Two's rating: 1096 &rarr; <strong>1121</strong><br />(+25 for winning)\n|raw|maxcomanda's rating: 1088 &rarr; <strong>1065</strong><br />(-23 for losing)\n|l|☆maxcomanda\n|player|p2|\n","uploadtime":1788284707,"views":"0","formatid":"gen9championsvgc2026regmb","rating":1065,"private":0,"password":null}