{"id":"gen9championsvgc2026regmb-2674754596","format":"[Gen 9 Champions] VGC 2026 Reg M-B","players":["echoes630","CRWN RVM3"],"log":"|j|☆echoes630\n|j|☆CRWN RVM3\n|t:|1788401002\n|gametype|doubles\n|player|p1|echoes630|1|1353\n|player|p2|CRWN RVM3|hilbert|1400\n|gen|9\n|tier|[Gen 9 Champions] VGC 2026 Reg M-B\n|rated|\n|rule|Species Clause: Limit one of each Pokémon\n|rule|Item Clause: Limit 1 of each item\n|clearpoke\n|poke|p1|Farigiraf, L50, F|\n|poke|p1|Torkoal, L50, M|\n|poke|p1|Pyroar, L50, F|\n|poke|p1|Vileplume, L50, M|\n|poke|p1|Scrafty, L50, M|\n|poke|p1|Basculegion, L50, M|\n|poke|p2|Charizard, L50, F|\n|poke|p2|Venusaur, L50, M|\n|poke|p2|Pelipper, L50, F|\n|poke|p2|Archaludon, L50, F|\n|poke|p2|Grimmsnarl, L50, M|\n|poke|p2|Swampert, L50, M|\n|teampreview|4\n|inactive|Battle timer is ON: inactive players will automatically lose when time's up. (requested by CRWN RVM3)\n|\n|t:|1788401026\n|teamsize|p1|4\n|teamsize|p2|4\n|start\n|switch|p1a: Pyroar|Pyroar, L50, F|100/100\n|switch|p1b: Vileplume|Vileplume, L50, M|100/100\n|switch|p2a: Hyperion|Charizard, L50, F|100/100\n|switch|p2b: Swampert|Swampert, L50, M|100/100\n|-ability|p1a: Pyroar|Unnerve\n|turn|1\n|c|☆CRWN RVM3|glhf\n|c|☆echoes630|glhf\n|\n|t:|1788401050\n|detailschange|p2b: Swampert|Swampert-Mega, L50, M\n|-mega|p2b: Swampert|Swampert|Swampertite\n|move|p1a: Pyroar|Protect|p1a: Pyroar\n|-singleturn|p1a: Pyroar|Protect\n|move|p1b: Vileplume|Protect|p1b: Vileplume\n|-singleturn|p1b: Vileplume|Protect\n|move|p2a: Hyperion|Heat Wave|p1b: Vileplume|[spread] \n|-activate|p1a: Pyroar|move: Protect\n|-activate|p1b: Vileplume|move: Protect\n|move|p2b: Swampert|Earthquake|p1b: Vileplume|[spread] \n|-activate|p1a: Pyroar|move: Protect\n|-activate|p1b: Vileplume|move: Protect\n|-immune|p2a: Hyperion\n|\n|upkeep\n|turn|2\n|inactive|echoes630 has 30 seconds left.\n|\n|t:|1788401082\n|switch|p1a: Scrafty|Scrafty, L50, M|100/100\n|-ability|p1a: Scrafty|Intimidate|boost\n|-unboost|p2a: Hyperion|atk|1\n|-unboost|p2b: Swampert|atk|1\n|move|p2a: Hyperion|Heat Wave|p1b: Vileplume|[spread] p1a,p1b\n|-supereffective|p1b: Vileplume|1\n|-damage|p1a: Scrafty|69/100\n|-damage|p1b: Vileplume|31/100\n|move|p1b: Vileplume|Leaf Storm|p2b: Swampert\n|-supereffective|p2b: Swampert|2\n|-damage|p2b: Swampert|0 fnt\n|-unboost|p1b: Vileplume|spa|2\n|faint|p2b: Swampert\n|\n|upkeep\n|\n|t:|1788401103\n|switch|p2b: Kronos|Archaludon, L50, F|100/100\n|turn|3\n|\n|t:|1788401118\n|move|p1b: Vileplume|Protect|p1b: Vileplume\n|-singleturn|p1b: Vileplume|Protect\n|move|p2a: Hyperion|Heat Wave|p1b: Vileplume|[spread] p1a\n|-activate|p1b: Vileplume|move: Protect\n|-damage|p1a: Scrafty|43/100\n|move|p2b: Kronos|Dragon Pulse|p1a: Scrafty\n|-damage|p1a: Scrafty|11/100\n|move|p1a: Scrafty|Snarl|p2b: Kronos|[spread] p2a,p2b\n|-crit|p2b: Kronos\n|-damage|p2a: Hyperion|91/100\n|-damage|p2b: Kronos|89/100\n|-unboost|p2a: Hyperion|spa|1\n|-unboost|p2b: Kronos|spa|1\n|-ability|p2b: Kronos|Stamina|boost\n|-boost|p2b: Kronos|def|1\n|\n|-heal|p2b: Kronos|95/100|[from] item: Leftovers\n|upkeep\n|turn|4\n|inactive|CRWN RVM3 has 30 seconds left.\n|\n|t:|1788401148\n|switch|p1a: Pyroar|Pyroar, L50, F|100/100\n|-ability|p1a: Pyroar|Unnerve\n|move|p2a: Hyperion|Heat Wave|p1a: Pyroar|[spread] p1a\n|-miss|p2a: Hyperion|p1b: Vileplume\n|-resisted|p1a: Pyroar|1\n|-damage|p1a: Pyroar|83/100\n|move|p1b: Vileplume|Sleep Powder|p2b: Kronos\n|-status|p2b: Kronos|slp|[from] move: Sleep Powder\n|cant|p2b: Kronos|slp\n|\n|-heal|p2b: Kronos|100/100 slp|[from] item: Leftovers\n|upkeep\n|turn|5\n|\n|t:|1788401172\n|switch|p2a: Pushing P|Pelipper, L50, F|100/100\n|-weather|RainDance|[from] ability: Drizzle|[of] p2a: Pushing P\n|detailschange|p1a: Pyroar|Pyroar-Mega, L50, F\n|-mega|p1a: Pyroar|Pyroar|Pyroarite\n|move|p1b: Vileplume|Protect|p1b: Vileplume\n|-singleturn|p1b: Vileplume|Protect\n|move|p1a: Pyroar|Heat Wave|p2a: Pushing P|[spread] p2a,p2b\n|-resisted|p2a: Pushing P|1\n|-damage|p2a: Pushing P|80/100\n|-damage|p2b: Kronos|75/100 slp\n|-ability|p2b: Kronos|Stamina|boost\n|-boost|p2b: Kronos|def|1\n|cant|p2b: Kronos|slp\n|\n|-weather|RainDance|[upkeep]\n|-heal|p2b: Kronos|81/100 slp|[from] item: Leftovers\n|upkeep\n|turn|6\n|inactive|CRWN RVM3 has 30 seconds left.\n|\n|t:|1788401197\n|switch|p1b: Torkoal|Torkoal, L50, M|100/100\n|-weather|SunnyDay|[from] ability: Drought|[of] p1b: Torkoal\n|move|p1a: Pyroar|Heat Wave|p2a: Pushing P|[spread] p2a,p2b\n|-resisted|p2a: Pushing P|1\n|-damage|p2a: Pushing P|23/100\n|-damage|p2b: Kronos|4/100 slp\n|-status|p2a: Pushing P|brn\n|-ability|p2b: Kronos|Stamina|boost\n|-boost|p2b: Kronos|def|1\n|-enditem|p2a: Pushing P|Sitrus Berry|[eat]\n|-heal|p2a: Pushing P|48/100 brn|[from] item: Sitrus Berry\n|-curestatus|p2b: Kronos|slp|[msg]\n|move|p2b: Kronos|Electro Shot||[still]\n|-prepare|p2b: Kronos|Electro Shot\n|-boost|p2b: Kronos|spa|1\n|move|p2a: Pushing P|Tailwind|p2a: Pushing P\n|-sidestart|p2: CRWN RVM3|move: Tailwind\n|\n|-weather|SunnyDay|[upkeep]\n|-heal|p2b: Kronos|10/100|[from] item: Leftovers\n|-damage|p2a: Pushing P|42/100 brn|[from] brn\n|upkeep\n|turn|7\n|\n|t:|1788401219\n|switch|p2a: Hyperion|Charizard, L50, F|91/100\n|move|p2b: Kronos|Electro Shot|p1a: Pyroar|[from] lockedmove\n|-damage|p1a: Pyroar|39/100\n|move|p1a: Pyroar|Heat Wave|p2b: Kronos|[spread] p2a,p2b\n|-resisted|p2a: Hyperion|1\n|-damage|p2a: Hyperion|46/100\n|-damage|p2b: Kronos|0 fnt\n|faint|p2b: Kronos\n|move|p1b: Torkoal|Heat Wave|p2a: Hyperion\n|-resisted|p2a: Hyperion|1\n|-damage|p2a: Hyperion|6/100\n|\n|-weather|SunnyDay|[upkeep]\n|upkeep\n|\n|t:|1788401233\n|switch|p2b: Pushing P|Pelipper, L50, F|42/100 brn\n|-weather|RainDance|[from] ability: Drizzle|[of] p2b: Pushing P\n|turn|8\n|\n|t:|1788401238\n|switch|p1b: Vileplume|Vileplume, L50, M|31/100\n|move|p1a: Pyroar|Protect|p1a: Pyroar\n|-singleturn|p1a: Pyroar|Protect\n|move|p2a: Hyperion|Weather Ball|p1b: Vileplume\n|-resisted|p1b: Vileplume|1\n|-damage|p1b: Vileplume|4/100\n|move|p2b: Pushing P|Weather Ball|p1a: Pyroar\n|-activate|p1a: Pyroar|move: Protect\n|\n|-weather|RainDance|[upkeep]\n|-damage|p2b: Pushing P|36/100 brn|[from] brn\n|upkeep\n|turn|9\n|\n|t:|1788401253\n|switch|p1a: Torkoal|Torkoal, L50, M|100/100\n|-weather|SunnyDay|[from] ability: Drought|[of] p1a: Torkoal\n|move|p2a: Hyperion|Heat Wave|p1a: Torkoal|[spread] p1a,p1b\n|-resisted|p1a: Torkoal|1\n|-supereffective|p1b: Vileplume|1\n|-damage|p1a: Torkoal|52/100\n|-damage|p1b: Vileplume|0 fnt\n|faint|p1b: Vileplume\n|move|p2b: Pushing P|Weather Ball|p1a: Torkoal\n|-resisted|p1a: Torkoal|1\n|-damage|p1a: Torkoal|27/100\n|\n|-weather|SunnyDay|[upkeep]\n|-damage|p2b: Pushing P|30/100 brn|[from] brn\n|-sideend|p2: CRWN RVM3|move: Tailwind\n|upkeep\n|\n|t:|1788401263\n|switch|p1b: Pyroar|Pyroar-Mega, L50, F|39/100\n|turn|10\n|\n|t:|1788401278\n|move|p1b: Pyroar|Solar Beam||[still]\n|-prepare|p1b: Pyroar|Solar Beam\n|-anim|p1b: Pyroar|Solar Beam|p2b: Pushing P\n|-damage|p2b: Pushing P|0 fnt\n|faint|p2b: Pushing P\n|move|p2a: Hyperion|Heat Wave|p1b: Pyroar|[spread] p1a,p1b\n|-resisted|p1a: Torkoal|1\n|-resisted|p1b: Pyroar|1\n|-damage|p1a: Torkoal|0 fnt\n|-damage|p1b: Pyroar|0 fnt\n|faint|p1a: Torkoal\n|faint|p1b: Pyroar\n|\n|-weather|SunnyDay|[upkeep]\n|upkeep\n|\n|t:|1788401286\n|switch|p1a: Scrafty|Scrafty, L50, M|11/100\n|-ability|p1a: Scrafty|Intimidate|boost\n|-unboost|p2a: Hyperion|atk|1\n|turn|11\n|\n|t:|1788401295\n|move|p2a: Hyperion|Protect|p2a: Hyperion\n|-singleturn|p2a: Hyperion|Protect\n|move|p1a: Scrafty|Fake Out|p2a: Hyperion\n|-activate|p2a: Hyperion|move: Protect\n|\n|-weather|SunnyDay|[upkeep]\n|upkeep\n|turn|12\n|\n|t:|1788401300\n|move|p2a: Hyperion|Weather Ball|p1a: Scrafty\n|-damage|p1a: Scrafty|0 fnt\n|faint|p1a: Scrafty\n|\n|win|CRWN RVM3\n|raw|echoes630's rating: 1353 &rarr; <strong>1336</strong><br />(-17 for losing)\n|raw|CRWN RVM3's rating: 1400 &rarr; <strong>1417</strong><br />(+17 for winning)\n","uploadtime":1788401301,"views":"0","formatid":"gen9championsvgc2026regmb","rating":1336,"private":0,"password":null}