{"id":"gen9championsvgc2026regmb-2674337388","format":"[Gen 9 Champions] VGC 2026 Reg M-B","players":["GPHyoma","amiss52"],"log":"|j|☆GPHyoma\n|j|☆amiss52\n|t:|1788344037\n|gametype|doubles\n|player|p1|GPHyoma|pryce|1200\n|player|p2|amiss52|cynthia|1225\n|gen|9\n|tier|[Gen 9 Champions] VGC 2026 Reg M-B\n|rated|\n|rule|Species Clause: Limit one of each Pokémon\n|rule|Item Clause: Limit 1 of each item\n|clearpoke\n|poke|p1|Kingambit, L50, M|\n|poke|p1|Jolteon, L50, M|\n|poke|p1|Froslass, L50, F|\n|poke|p1|Rotom-Frost, L50|\n|poke|p1|Sneasler, L50, F, shiny|\n|poke|p1|Milotic, L50, F|\n|poke|p2|Gengar, L50, F, shiny|\n|poke|p2|Politoed, L50, F|\n|poke|p2|Incineroar, L50, F, shiny|\n|poke|p2|Sinistcha-Masterpiece, L50|\n|poke|p2|Archaludon, L50, M, shiny|\n|poke|p2|Swampert, L50, F|\n|teampreview|4\n|\n|t:|1788344073\n|teamsize|p1|4\n|teamsize|p2|4\n|start\n|switch|p1a: Debridement|Kingambit, L50, M|100/100\n|switch|p1b: Prolotherapy|Sneasler, L50, F, shiny|100/100\n|switch|p2a: Politoed|Politoed, L50, F|100/100\n|switch|p2b: Archaludon|Archaludon, L50, M, shiny|100/100\n|-weather|RainDance|[from] ability: Drizzle|[of] p2a: Politoed\n|turn|1\n|\n|t:|1788344094\n|move|p2b: Archaludon|Protect|p2b: Archaludon\n|-singleturn|p2b: Archaludon|Protect\n|move|p1b: Prolotherapy|Close Combat|p2b: Archaludon\n|-activate|p2b: Archaludon|move: Protect\n|move|p2a: Politoed|Weather Ball|p1a: Debridement\n|-damage|p1a: Debridement|57/100\n|move|p1a: Debridement|Low Kick|p2b: Archaludon\n|-activate|p2b: Archaludon|move: Protect\n|\n|-weather|RainDance|[upkeep]\n|upkeep\n|turn|2\n|inactive|Battle timer is ON: inactive players will automatically lose when time's up. (requested by GPHyoma)\n|\n|t:|1788344137\n|move|p1b: Prolotherapy|Close Combat|p2a: Politoed\n|-damage|p2a: Politoed|37/100\n|-unboost|p1b: Prolotherapy|def|1\n|-unboost|p1b: Prolotherapy|spd|1\n|-enditem|p2a: Politoed|Sitrus Berry|[eat]\n|-heal|p2a: Politoed|62/100|[from] item: Sitrus Berry\n|-enditem|p1b: Prolotherapy|White Herb\n|-clearnegativeboost|p1b: Prolotherapy|[silent]\n|move|p2b: Archaludon|Electro Shot||[still]\n|-prepare|p2b: Archaludon|Electro Shot\n|-boost|p2b: Archaludon|spa|1\n|-anim|p2b: Archaludon|Electro Shot|p1a: Debridement\n|-damage|p1a: Debridement|4/100\n|move|p2a: Politoed|Weather Ball|p1a: Debridement\n|-damage|p1a: Debridement|0 fnt\n|faint|p1a: Debridement\n|\n|-weather|RainDance|[upkeep]\n|upkeep\n|\n|t:|1788344145\n|switch|p1a: Cryotherapy|Froslass, L50, F|100/100\n|turn|3\n|inactive|amiss52 has 30 seconds left.\n|\n|t:|1788344173\n|switch|p2a: Incineroar|Incineroar, L50, F, shiny|100/100\n|-ability|p2a: Incineroar|Intimidate|boost\n|-unboost|p1a: Cryotherapy|atk|1\n|-unboost|p1b: Prolotherapy|atk|1\n|detailschange|p1a: Cryotherapy|Froslass-Mega, L50, F\n|-mega|p1a: Cryotherapy|Froslass|Froslassite\n|-weather|Snowscape|[from] ability: Snow Warning|[of] p1a: Cryotherapy\n|move|p1b: Prolotherapy|Close Combat|p2b: Archaludon\n|-supereffective|p2b: Archaludon|1\n|-damage|p2b: Archaludon|40/100\n|-unboost|p1b: Prolotherapy|def|1\n|-unboost|p1b: Prolotherapy|spd|1\n|-ability|p2b: Archaludon|Stamina|boost\n|-boost|p2b: Archaludon|def|1\n|move|p1a: Cryotherapy|Blizzard|p2a: Incineroar|[spread] p2a,p2b\n|-resisted|p2a: Incineroar|1\n|-damage|p2a: Incineroar|83/100\n|-damage|p2b: Archaludon|0 fnt\n|faint|p2b: Archaludon\n|\n|-weather|Snowscape|[upkeep]\n|upkeep\n|\n|t:|1788344191\n|switch|p2b: Politoed|Politoed, L50, F|62/100\n|-weather|RainDance|[from] ability: Drizzle|[of] p2b: Politoed\n|turn|4\n|\n|t:|1788344200\n|switch|p1a: Electrotherapy|Jolteon, L50, M|100/100\n|move|p1b: Prolotherapy|Protect|p1b: Prolotherapy\n|-singleturn|p1b: Prolotherapy|Protect\n|move|p2b: Politoed|Weather Ball|p1b: Prolotherapy\n|-activate|p1b: Prolotherapy|move: Protect\n|move|p2a: Incineroar|Throat Chop|p1a: Electrotherapy\n|-damage|p1a: Electrotherapy|38/100\n|-start|p1a: Electrotherapy|Throat Chop|[silent]\n|\n|-weather|RainDance|[upkeep]\n|upkeep\n|turn|5\n|\n|t:|1788344218\n|move|p2b: Politoed|Protect|p2b: Politoed\n|-singleturn|p2b: Politoed|Protect\n|move|p1b: Prolotherapy|Close Combat|p2a: Incineroar\n|-supereffective|p2a: Incineroar|1\n|-enditem|p2a: Incineroar|Chople Berry|[eat]\n|-enditem|p2a: Incineroar|Chople Berry|[weaken]\n|-damage|p2a: Incineroar|47/100\n|-unboost|p1b: Prolotherapy|def|1\n|-unboost|p1b: Prolotherapy|spd|1\n|move|p1a: Electrotherapy|Thunderbolt|p2b: Politoed\n|-activate|p2b: Politoed|move: Protect\n|move|p2a: Incineroar|Throat Chop|p1a: Electrotherapy\n|-damage|p1a: Electrotherapy|0 fnt\n|faint|p1a: Electrotherapy\n|\n|-weather|RainDance|[upkeep]\n|upkeep\n|\n|t:|1788344222\n|switch|p1a: Cryotherapy|Froslass-Mega, L50, F|100/100\n|-weather|Snowscape|[from] ability: Snow Warning|[of] p1a: Cryotherapy\n|turn|6\n|\n|t:|1788344240\n|move|p1b: Prolotherapy|Close Combat|p2a: Incineroar\n|-supereffective|p2a: Incineroar|1\n|-damage|p2a: Incineroar|0 fnt\n|-unboost|p1b: Prolotherapy|def|1\n|-unboost|p1b: Prolotherapy|spd|1\n|faint|p2a: Incineroar\n|move|p1a: Cryotherapy|Shadow Ball|p2b: Politoed\n|-damage|p2b: Politoed|30/100\n|move|p2b: Politoed|Weather Ball|p1b: Prolotherapy\n|-damage|p1b: Prolotherapy|26/100\n|\n|-weather|Snowscape|[upkeep]\n|upkeep\n|\n|t:|1788344254\n|switch|p2a: Gengar|Gengar, L50, F, shiny|100/100\n|turn|7\n|\n|t:|1788344263\n|detailschange|p2a: Gengar|Gengar-Mega, L50, F, shiny\n|-mega|p2a: Gengar|Gengar|Gengarite\n|move|p1b: Prolotherapy|Close Combat|p2b: Politoed\n|-damage|p2b: Politoed|0 fnt\n|-unboost|p1b: Prolotherapy|def|1\n|-unboost|p1b: Prolotherapy|spd|1\n|faint|p2b: Politoed\n|move|p1a: Cryotherapy|Shadow Ball|p2a: Gengar\n|-supereffective|p2a: Gengar|1\n|-damage|p2a: Gengar|0 fnt\n|faint|p2a: Gengar\n|\n|win|GPHyoma\n|raw|GPHyoma's rating: 1200 &rarr; <strong>1227</strong><br />(+27 for winning)\n|raw|amiss52's rating: 1225 &rarr; <strong>1198</strong><br />(-27 for losing)\n","uploadtime":1788344266,"views":"4","formatid":"gen9championsvgc2026regmb","rating":1198,"private":0,"password":null}