{"id":"gen9championsvgc2026regmb-2674243304","format":"[Gen 9 Champions] VGC 2026 Reg M-B","players":["Newyiddyboy","xiaoyang2004"],"log":"|j|☆Newyiddyboy\n|j|☆xiaoyang2004\n|t:|1788321904\n|gametype|doubles\n|player|p1|Newyiddyboy|magmagrunt-rse|1185\n|player|p2|xiaoyang2004|dawn-gen4pt|1220\n|gen|9\n|tier|[Gen 9 Champions] VGC 2026 Reg M-B\n|rated|\n|rule|Species Clause: Limit one of each Pokémon\n|rule|Item Clause: Limit 1 of each item\n|clearpoke\n|poke|p1|Grimmsnarl, L50, M|\n|poke|p1|Sinistcha, L50|\n|poke|p1|Pelipper, L50, M|\n|poke|p1|Incineroar, L50, F|\n|poke|p1|Kingambit, L50, F|\n|poke|p1|Swampert, L50, M|\n|poke|p2|Charizard, L50, M, shiny|\n|poke|p2|Garchomp, L50, M, shiny|\n|poke|p2|Rotom-Wash, L50, shiny|\n|poke|p2|Whimsicott, L50, F, shiny|\n|poke|p2|Incineroar, L50, M, shiny|\n|poke|p2|Hydreigon, L50, M, shiny|\n|teampreview|4\n|inactive|Battle timer is ON: inactive players will automatically lose when time's up. (requested by xiaoyang2004)\n|\n|t:|1788321947\n|teamsize|p1|4\n|teamsize|p2|4\n|start\n|switch|p1a: Incineroar|Incineroar, L50, F|100/100\n|switch|p1b: Kingambit|Kingambit, L50, F|100/100\n|switch|p2a: Charizard|Charizard, L50, M, shiny|100/100\n|switch|p2b: Garchomp|Garchomp, L50, M, shiny|100/100\n|-ability|p1a: Incineroar|Intimidate|boost\n|-unboost|p2a: Charizard|atk|1\n|-unboost|p2b: Garchomp|atk|1\n|turn|1\n|inactive|xiaoyang2004 has 30 seconds left.\n|\n|t:|1788321975\n|switch|p1b: Pelipper|Pelipper, L50, M|100/100\n|-weather|RainDance|[from] ability: Drizzle|[of] p1b: Pelipper\n|move|p2b: Garchomp|Protect|p2b: Garchomp\n|-singleturn|p2b: Garchomp|Protect\n|move|p2a: Charizard|Protect|p2a: Charizard\n|-singleturn|p2a: Charizard|Protect\n|move|p1a: Incineroar|Fake Out|p2a: Charizard\n|-activate|p2a: Charizard|move: Protect\n|\n|-weather|RainDance|[upkeep]\n|upkeep\n|turn|2\n|inactive|xiaoyang2004 has 30 seconds left.\n|inactive|Newyiddyboy has 30 seconds left.\n|inactive|xiaoyang2004 has 20 seconds left.\n|inactive|xiaoyang2004 has 15 seconds left.\n|inactive|xiaoyang2004 has 10 seconds left.\n|\n|t:|1788322024\n|move|p1b: Pelipper|Protect|p1b: Pelipper\n|-singleturn|p1b: Pelipper|Protect\n|move|p2b: Garchomp|Earthquake|p1b: Pelipper|[spread] p1a\n|-activate|p1b: Pelipper|move: Protect\n|-immune|p2a: Charizard\n|-supereffective|p1a: Incineroar|1\n|-enditem|p1a: Incineroar|Shuca Berry|[eat]\n|-enditem|p1a: Incineroar|Shuca Berry|[weaken]\n|-damage|p1a: Incineroar|72/100\n|-damage|p2b: Garchomp|90/100|[from] item: Life Orb\n|move|p2a: Charizard|Weather Ball|p1a: Incineroar\n|-supereffective|p1a: Incineroar|1\n|-damage|p1a: Incineroar|1/100\n|move|p1a: Incineroar|Parting Shot|p2a: Charizard\n|-unboost|p2a: Charizard|atk|1\n|-unboost|p2a: Charizard|spa|1\n|\n|t:|1788322044\n|switch|p1a: Swampert|Swampert, L50, M|100/100|[from] Parting Shot\n|\n|-weather|RainDance|[upkeep]\n|upkeep\n|turn|3\n|\n|t:|1788322068\n|switch|p1a: Kingambit|Kingambit, L50, F|100/100\n|detailschange|p2a: Charizard|Charizard-Mega-Y, L50, M, shiny\n|-mega|p2a: Charizard|Charizard|Charizardite Y\n|-weather|SunnyDay|[from] ability: Drought|[of] p2a: Charizard\n|move|p2b: Garchomp|Dragon Claw|p1b: Pelipper\n|-damage|p1b: Pelipper|67/100\n|-damage|p2b: Garchomp|80/100|[from] item: Life Orb\n|move|p2a: Charizard|Solar Beam||[still]\n|-prepare|p2a: Charizard|Solar Beam\n|-anim|p2a: Charizard|Solar Beam|p1b: Pelipper\n|-damage|p1b: Pelipper|8/100\n|-enditem|p1b: Pelipper|Sitrus Berry|[eat]\n|-heal|p1b: Pelipper|32/100|[from] item: Sitrus Berry\n|move|p1b: Pelipper|Tailwind|p1b: Pelipper\n|-sidestart|p1: Newyiddyboy|move: Tailwind\n|\n|-weather|SunnyDay|[upkeep]\n|upkeep\n|turn|4\n|inactive|Newyiddyboy has 30 seconds left.\n|inactive|xiaoyang2004 has 30 seconds left.\n|inactive|Newyiddyboy has 20 seconds left.\n|\n|t:|1788322104\n|switch|p1b: Incineroar|Incineroar, L50, F|1/100\n|-ability|p1b: Incineroar|Intimidate|boost\n|-unboost|p2a: Charizard|atk|1\n|-unboost|p2b: Garchomp|atk|1\n|move|p2b: Garchomp|Dragon Claw|p1b: Incineroar\n|-damage|p1b: Incineroar|0 fnt\n|faint|p1b: Incineroar\n|-damage|p2b: Garchomp|70/100|[from] item: Life Orb\n|move|p1a: Kingambit|Kowtow Cleave|p2a: Charizard\n|-damage|p2a: Charizard|45/100\n|move|p2a: Charizard|Weather Ball|p1a: Kingambit\n|-supereffective|p1a: Kingambit|1\n|-damage|p1a: Kingambit|0 fnt\n|faint|p1a: Kingambit\n|\n|-weather|SunnyDay|[upkeep]\n|upkeep\n|\n|t:|1788322119\n|switch|p1b: Pelipper|Pelipper, L50, M|32/100\n|switch|p1a: Swampert|Swampert, L50, M|100/100\n|-weather|RainDance|[from] ability: Drizzle|[of] p1b: Pelipper\n|turn|5\n|\n|t:|1788322134\n|switch|p2b: Hydreigon|Hydreigon, L50, M, shiny|100/100\n|switch|p2a: Rotom|Rotom-Wash, L50, shiny|100/100\n|detailschange|p1a: Swampert|Swampert-Mega, L50, M\n|-mega|p1a: Swampert|Swampert|Swampertite\n|move|p1a: Swampert|Ice Punch|p2b: Hydreigon\n|-supereffective|p2b: Hydreigon|1\n|-damage|p2b: Hydreigon|25/100\n|move|p1b: Pelipper|Weather Ball|p2a: Rotom\n|-resisted|p2a: Rotom|1\n|-damage|p2a: Rotom|73/100\n|\n|-weather|RainDance|[upkeep]\n|-heal|p2a: Rotom|78/100|[from] item: Leftovers\n|upkeep\n|turn|6\n|inactive|xiaoyang2004 has 30 seconds left.\n|\n|t:|1788322161\n|move|p1a: Swampert|Wave Crash|p2a: Rotom\n|-resisted|p2a: Rotom|1\n|-damage|p2a: Rotom|22/100\n|-damage|p1a: Swampert|84/100|[from] Recoil\n|move|p2b: Hydreigon|Dragon Pulse|p1a: Swampert\n|-damage|p1a: Swampert|44/100\n|move|p1b: Pelipper|Hurricane|p2b: Hydreigon\n|-crit|p2b: Hydreigon\n|-damage|p2b: Hydreigon|0 fnt\n|faint|p2b: Hydreigon\n|move|p2a: Rotom|Thunderbolt|p1b: Pelipper\n|-supereffective|p1b: Pelipper|2\n|-damage|p1b: Pelipper|0 fnt\n|faint|p1b: Pelipper\n|\n|-weather|RainDance|[upkeep]\n|-heal|p2a: Rotom|28/100|[from] item: Leftovers\n|-sideend|p1: Newyiddyboy|move: Tailwind\n|upkeep\n|\n|t:|1788322180\n|switch|p2b: Garchomp|Garchomp, L50, M, shiny|70/100\n|turn|7\n|\n|t:|1788322186\n|move|p1a: Swampert|Ice Punch|p2b: Garchomp\n|-supereffective|p2b: Garchomp|2\n|-damage|p2b: Garchomp|0 fnt\n|-damage|p1a: Swampert|32/100|[from] ability: Rough Skin|[of] p2b: Garchomp\n|faint|p2b: Garchomp\n|move|p2a: Rotom|Hydro Pump|p1a: Swampert\n|-damage|p1a: Swampert|0 fnt\n|faint|p1a: Swampert\n|\n|win|xiaoyang2004\n|raw|Newyiddyboy's rating: 1185 &rarr; <strong>1163</strong><br />(-22 for losing)\n|raw|xiaoyang2004's rating: 1220 &rarr; <strong>1242</strong><br />(+22 for winning)\n|l|☆Newyiddyboy\n|player|p1|\n","uploadtime":1788322198,"views":"1","formatid":"gen9championsvgc2026regmb","rating":1163,"private":0,"password":null}