{"id":"gen9championsvgc2026regmb-2674905203","format":"[Gen 9 Champions] VGC 2026 Reg M-B","players":["Thornlace48812","ByDavicios VGC"],"log":"|j|☆Thornlace48812\n|j|☆ByDavicios VGC\n|t:|1788433285\n|gametype|doubles\n|player|p1|Thornlace48812|102|1319\n|player|p2|ByDavicios VGC|red|1376\n|gen|9\n|tier|[Gen 9 Champions] VGC 2026 Reg M-B\n|rated|\n|rule|Species Clause: Limit one of each Pokémon\n|rule|Item Clause: Limit 1 of each item\n|clearpoke\n|poke|p1|Garchomp, L50, F|\n|poke|p1|Charizard, L50, M|\n|poke|p1|Whimsicott, L50, F|\n|poke|p1|Sylveon, L50, M|\n|poke|p1|Kingambit, L50, M|\n|poke|p1|Basculegion, L50, M|\n|poke|p2|Incineroar, L50, F|\n|poke|p2|Samurott-Hisui, L50, F|\n|poke|p2|Sinistcha, L50|\n|poke|p2|Sneasler, L50, M|\n|poke|p2|Floette-Eternal, L50, F|\n|poke|p2|Delphox, L50, M|\n|teampreview|4\n|inactive|Battle timer is ON: inactive players will automatically lose when time's up. (requested by ByDavicios VGC)\n|inactive|Thornlace48812 also wants the timer to be on.\nThornlace48812 rejected open team sheets.\n|\n|t:|1788433312\n|teamsize|p1|4\n|teamsize|p2|4\n|start\n|switch|p1a: Charizard|Charizard, L50, M|100/100\n|switch|p1b: Garchomp|Garchomp, L50, F|100/100\n|switch|p2a: Incineroar|Incineroar, L50, F|100/100\n|switch|p2b: Samurott|Samurott-Hisui, L50, F|100/100\n|-ability|p2a: Incineroar|Intimidate|boost\n|-unboost|p1a: Charizard|atk|1\n|-unboost|p1b: Garchomp|atk|1\n|turn|1\n|inactive|ByDavicios VGC has 30 seconds left.\n|\n|t:|1788433344\n|detailschange|p1a: Charizard|Charizard-Mega-Y, L50, M\n|-mega|p1a: Charizard|Charizard|Charizardite Y\n|-weather|SunnyDay|[from] ability: Drought|[of] p1a: Charizard\n|move|p1a: Charizard|Protect|p1a: Charizard\n|-singleturn|p1a: Charizard|Protect\n|move|p2a: Incineroar|Fake Out|p1a: Charizard\n|-activate|p1a: Charizard|move: Protect\n|move|p2b: Samurott|Night Slash|p1a: Charizard\n|-activate|p1a: Charizard|move: Protect\n|move|p1b: Garchomp|Earthquake|p2b: Samurott|[spread] p2a,p2b\n|-activate|p1a: Charizard|move: Protect\n|-supereffective|p2a: Incineroar|1\n|-damage|p2a: Incineroar|38/100\n|-damage|p2b: Samurott|58/100\n|-enditem|p2a: Incineroar|Sitrus Berry|[eat]\n|-heal|p2a: Incineroar|62/100|[from] item: Sitrus Berry\n|-damage|p1b: Garchomp|90/100|[from] item: Life Orb\n|\n|-weather|SunnyDay|[upkeep]\n|upkeep\n|turn|2\n|\n|t:|1788433357\n|move|p2b: Samurott|Night Slash|p1a: Charizard\n|-damage|p1a: Charizard|46/100\n|move|p1b: Garchomp|Earthquake|p2b: Samurott|[spread] p2a,p2b\n|-immune|p1a: Charizard\n|-supereffective|p2a: Incineroar|1\n|-damage|p2a: Incineroar|3/100\n|-damage|p2b: Samurott|11/100\n|-damage|p1b: Garchomp|80/100|[from] item: Life Orb\n|move|p1a: Charizard|Heat Wave|p2a: Incineroar|[spread] p2a,p2b\n|-resisted|p2a: Incineroar|1\n|-resisted|p2b: Samurott|1\n|-damage|p2a: Incineroar|0 fnt\n|-damage|p2b: Samurott|0 fnt\n|faint|p2a: Incineroar\n|faint|p2b: Samurott\n|\n|-weather|SunnyDay|[upkeep]\n|upkeep\n|\n|t:|1788433363\n|switch|p2b: Delphox|Delphox, L50, M|100/100\n|switch|p2a: Sneasler|Sneasler, L50, M|100/100\n|turn|3\n|\n|t:|1788433373\n|switch|p1a: Whimsicott|Whimsicott, L50, F|100/100\n|detailschange|p2b: Delphox|Delphox-Mega, L50, M\n|-mega|p2b: Delphox|Delphox|Delphoxite\n|move|p2a: Sneasler|Fake Out|p1b: Garchomp\n|-damage|p1b: Garchomp|65/100\n|-damage|p2a: Sneasler|87/100|[from] ability: Rough Skin|[of] p1b: Garchomp\n|-status|p1b: Garchomp|psn|[from] ability: Poison Touch|[of] p2a: Sneasler\n|move|p2b: Delphox|Nasty Plot|p2b: Delphox\n|-boost|p2b: Delphox|spa|2\n|cant|p1b: Garchomp|flinch\n|\n|-weather|SunnyDay|[upkeep]\n|-damage|p1b: Garchomp|52/100 psn|[from] psn\n|upkeep\n|turn|4\n|\n|t:|1788433386\n|move|p1a: Whimsicott|Tailwind|p1a: Whimsicott\n|-sidestart|p1: Thornlace48812|move: Tailwind\n|move|p1b: Garchomp|Rock Slide|p2b: Delphox|[spread] p2a,p2b\n|-resisted|p2a: Sneasler|1\n|-supereffective|p2b: Delphox|1\n|-damage|p2a: Sneasler|73/100\n|-damage|p2b: Delphox|60/100\n|-damage|p1b: Garchomp|43/100 psn|[from] item: Life Orb\n|move|p2b: Delphox|Heat Wave|p1a: Whimsicott|[spread] p1a\n|-miss|p2b: Delphox|p1b: Garchomp\n|-supereffective|p1a: Whimsicott|1\n|-enditem|p1a: Whimsicott|Focus Sash\n|-damage|p1a: Whimsicott|1/100\n|-status|p1a: Whimsicott|brn\n|cant|p2a: Sneasler|flinch\n|\n|-weather|SunnyDay|[upkeep]\n|-damage|p1b: Garchomp|30/100 psn|[from] psn\n|-damage|p1a: Whimsicott|0 fnt|[from] brn\n|faint|p1a: Whimsicott\n|upkeep\n|\n|t:|1788433386\n|switch|p1a: Sylveon|Sylveon, L50, M|100/100\n|turn|5\n|\n|t:|1788433406\n|move|p1b: Garchomp|Rock Slide|p2a: Sneasler|[spread] p2a,p2b\n|-resisted|p2a: Sneasler|1\n|-supereffective|p2b: Delphox|1\n|-damage|p2a: Sneasler|59/100\n|-damage|p2b: Delphox|18/100\n|-damage|p1b: Garchomp|21/100 psn|[from] item: Life Orb\n|move|p1a: Sylveon|Hyper Voice|p2a: Sneasler|[spread] p2a,p2b\n|-resisted|p2b: Delphox|1\n|-damage|p2a: Sneasler|0 fnt\n|-damage|p2b: Delphox|0 fnt\n|faint|p2a: Sneasler\n|faint|p2b: Delphox\n|\n|win|Thornlace48812\n|raw|Thornlace48812's rating: 1259 &rarr; <strong>1292</strong><br />(+33 for winning)\n|raw|ByDavicios VGC's rating: 1376 &rarr; <strong>1350</strong><br />(-26 for losing)\n","uploadtime":1788433407,"views":"1","formatid":"gen9championsvgc2026regmb","rating":1292,"private":0,"password":null}