{"id":"gen9championsvgc2026regmb-2674883583","format":"[Gen 9 Champions] VGC 2026 Reg M-B","players":["Mameon","lemons2738"],"log":"|j|☆Mameon\n|j|☆lemons2738\n|t:|1788428638\n|gametype|doubles\n|player|p1|Mameon|1|1455\n|player|p2|lemons2738|benga|1519\n|gen|9\n|tier|[Gen 9 Champions] VGC 2026 Reg M-B\n|rated|\n|rule|Species Clause: Limit one of each Pokémon\n|rule|Item Clause: Limit 1 of each item\n|clearpoke\n|poke|p1|Gholdengo, L50|\n|poke|p1|Staraptor, L50, M|\n|poke|p1|Tyranitar, L50, F|\n|poke|p1|Farigiraf, L50, M|\n|poke|p1|Whimsicott, L50, M, shiny|\n|poke|p1|Excadrill, L50, M, shiny|\n|poke|p2|Dragonite, L50, F|\n|poke|p2|Sneasler, L50, M|\n|poke|p2|Basculegion, L50, M|\n|poke|p2|Kingambit, L50, M|\n|poke|p2|Garchomp, L50, F|\n|poke|p2|Floette-Eternal, L50, F|\n|teampreview|4\n|inactive|Battle timer is ON: inactive players will automatically lose when time's up. (requested by lemons2738)\n|inactive|Mameon has 60 seconds left.\n|\n|t:|1788428676\n|teamsize|p1|4\n|teamsize|p2|4\n|start\n|switch|p1a: Gholdengo|Gholdengo, L50|100/100\n|switch|p1b: Farigiraf|Farigiraf, L50, M|100/100\n|switch|p2a: Sneasler|Sneasler, L50, M|100/100\n|switch|p2b: Garchomp|Garchomp, L50, F|100/100\n|turn|1\n|\n|t:|1788428692\n|move|p1a: Gholdengo|Protect|p1a: Gholdengo\n|-singleturn|p1a: Gholdengo|Protect\n|move|p2b: Garchomp|Stomping Tantrum|p1b: Farigiraf\n|-damage|p1b: Farigiraf|61/100\n|move|p2a: Sneasler|Close Combat|p1b: Farigiraf\n|-damage|p1b: Farigiraf|3/100\n|-unboost|p2a: Sneasler|def|1\n|-unboost|p2a: Sneasler|spd|1\n|-status|p1b: Farigiraf|psn|[from] ability: Poison Touch|[of] p2a: Sneasler\n|-enditem|p1b: Farigiraf|Sitrus Berry|[eat]\n|-heal|p1b: Farigiraf|28/100 psn|[from] item: Sitrus Berry\n|move|p1b: Farigiraf|Trick Room|p1b: Farigiraf\n|-fieldstart|move: Trick Room|[of] p1b: Farigiraf\n|\n|-damage|p1b: Farigiraf|16/100 psn|[from] psn\n|upkeep\n|turn|2\n|\n|t:|1788428712\n|switch|p2a: Basculegion|Basculegion, L50, M|100/100\n|move|p1b: Farigiraf|Psychic|p2b: Garchomp\n|-damage|p2b: Garchomp|61/100\n|move|p1a: Gholdengo|Shadow Ball|p2b: Garchomp\n|-damage|p2b: Garchomp|2/100\n|-damage|p1a: Gholdengo|90/100|[from] item: Life Orb\n|move|p2b: Garchomp|Stomping Tantrum|p1a: Gholdengo\n|-supereffective|p1a: Gholdengo|1\n|-damage|p1a: Gholdengo|1/100\n|\n|-damage|p1b: Farigiraf|4/100 psn|[from] psn\n|upkeep\n|turn|3\n|\n|t:|1788428730\n|move|p2a: Basculegion|Protect|p2a: Basculegion\n|-singleturn|p2a: Basculegion|Protect\n|move|p1b: Farigiraf|Psychic|p2b: Garchomp\n|-damage|p2b: Garchomp|0 fnt\n|faint|p2b: Garchomp\n|move|p1a: Gholdengo|Shadow Ball|p2a: Basculegion\n|-activate|p2a: Basculegion|move: Protect\n|\n|-damage|p1b: Farigiraf|0 fnt|[from] psn\n|faint|p1b: Farigiraf\n|upkeep\n|\n|t:|1788428745\n|switch|p1b: Staraptor|Staraptor, L50, M|100/100\n|switch|p2b: Dragonite|Dragonite, L50, F|100/100\n|-ability|p1b: Staraptor|Intimidate|boost\n|-unboost|p2a: Basculegion|atk|1\n|-unboost|p2b: Dragonite|atk|1\n|turn|4\n|\n|t:|1788428761\n|detailschange|p2b: Dragonite|Dragonite-Mega, L50, F\n|-mega|p2b: Dragonite|Dragonite|Dragoninite\n|detailschange|p1b: Staraptor|Staraptor-Mega, L50, M\n|-mega|p1b: Staraptor|Staraptor|Staraptite\n|move|p2a: Basculegion|Aqua Jet|p1a: Gholdengo\n|-damage|p1a: Gholdengo|0 fnt\n|faint|p1a: Gholdengo\n|-damage|p2a: Basculegion|90/100|[from] item: Life Orb\n|move|p2b: Dragonite|Dragon Pulse|p1b: Staraptor\n|-damage|p1b: Staraptor|49/100\n|move|p1b: Staraptor|Brave Bird|p2a: Basculegion\n|-damage|p2a: Basculegion|26/100\n|-damage|p1b: Staraptor|27/100|[from] Recoil\n|\n|upkeep\n|\n|t:|1788428768\n|switch|p1a: Whimsicott|Whimsicott, L50, M, shiny|100/100\n|turn|5\n|\n|t:|1788428784\n|move|p2a: Basculegion|Protect|p2a: Basculegion\n|-singleturn|p2a: Basculegion|Protect\n|move|p1b: Staraptor|Protect|p1b: Staraptor\n|-singleturn|p1b: Staraptor|Protect\n|move|p1a: Whimsicott|Charm|p2a: Basculegion\n|-activate|p2a: Basculegion|move: Protect\n|move|p2b: Dragonite|Heat Wave|p1b: Staraptor|[spread] p1a\n|-activate|p1b: Staraptor|move: Protect\n|-supereffective|p1a: Whimsicott|1\n|-damage|p1a: Whimsicott|9/100\n|\n|-fieldend|move: Trick Room\n|upkeep\n|turn|6\n|\n|t:|1788428803\n|move|p1a: Whimsicott|Encore|p2a: Basculegion\n|-start|p2a: Basculegion|Encore\n|move|p2a: Basculegion|Protect||[still]\n|-fail|p2a: Basculegion\n|move|p1b: Staraptor|Close Combat|p2b: Dragonite\n|-resisted|p2b: Dragonite|1\n|-damage|p2b: Dragonite|88/100\n|-boost|p1b: Staraptor|def|1\n|-boost|p1b: Staraptor|spd|1\n|move|p2b: Dragonite|Heat Wave|p1b: Staraptor|[spread] p1a,p1b\n|-supereffective|p1a: Whimsicott|1\n|-damage|p1a: Whimsicott|0 fnt\n|-damage|p1b: Staraptor|7/100\n|faint|p1a: Whimsicott\n|\n|upkeep\n|turn|7\n|\n|t:|1788428817\n|switch|p2a: Sneasler|Sneasler, L50, M|100/100\n|move|p1b: Staraptor|Close Combat|p2b: Dragonite\n|-resisted|p2b: Dragonite|1\n|-damage|p2b: Dragonite|61/100\n|-boost|p1b: Staraptor|def|1\n|-boost|p1b: Staraptor|spd|1\n|move|p2b: Dragonite|Dragon Pulse|p1b: Staraptor\n|-damage|p1b: Staraptor|0 fnt\n|faint|p1b: Staraptor\n|\n|win|lemons2738\n|raw|Mameon's rating: 1455 &rarr; <strong>1439</strong><br />(-16 for losing)\n|raw|lemons2738's rating: 1519 &rarr; <strong>1535</strong><br />(+16 for winning)\n","uploadtime":1788428819,"views":"0","formatid":"gen9championsvgc2026regmb","rating":1439,"private":0,"password":null}