{"id":"gen9championsvgc2026regmb-2674891483","format":"[Gen 9 Champions] VGC 2026 Reg M-B","players":["vassyvgc","Zephyx_01"],"log":"|j|☆vassyvgc\n|j|☆Zephyx_01\n|t:|1788430398\n|gametype|doubles\n|player|p1|vassyvgc|hiker-gen4|1097\n|player|p2|Zephyx_01|102|1129\n|gen|9\n|tier|[Gen 9 Champions] VGC 2026 Reg M-B\n|rated|\n|rule|Species Clause: Limit one of each Pokémon\n|rule|Item Clause: Limit 1 of each item\n|clearpoke\n|poke|p1|Staraptor, L50, F|\n|poke|p1|Sableye, L50, F|\n|poke|p1|Raichu, L50, M|\n|poke|p1|Dragonite, L50, M|\n|poke|p1|Gholdengo, L50|\n|poke|p1|Toxapex, L50, F|\n|poke|p2|Raichu, L50, M|\n|poke|p2|Gholdengo, L50|\n|poke|p2|Whimsicott, L50, M|\n|poke|p2|Basculegion, L50, M|\n|poke|p2|Floette-Eternal, L50, F|\n|poke|p2|Garchomp, L50, M|\n|teampreview|4\n|inactive|Battle timer is ON: inactive players will automatically lose when time's up. (requested by vassyvgc)\n|inactive|Zephyx_01 also wants the timer to be on.\nZephyx_01 rejected open team sheets.\n|inactive|Zephyx_01 has 60 seconds left.\n|\n|t:|1788430438\n|teamsize|p1|4\n|teamsize|p2|4\n|start\n|switch|p1a: Sableye|Sableye, L50, F|100/100\n|switch|p1b: Staraptor|Staraptor, L50, F|100/100\n|switch|p2a: Raichu|Raichu, L50, M|100/100\n|switch|p2b: Gholdengo|Gholdengo, L50|100/100\n|-ability|p1b: Staraptor|Intimidate|boost\n|-unboost|p2a: Raichu|atk|1\n|-unboost|p2b: Gholdengo|atk|1\n|turn|1\n|inactive|Zephyx_01 has 30 seconds left.\n|inactive|vassyvgc has 30 seconds left.\n|\n|t:|1788430472\n|detailschange|p1b: Staraptor|Staraptor-Mega, L50, F\n|-mega|p1b: Staraptor|Staraptor|Staraptite\n|detailschange|p2a: Raichu|Raichu-Mega-Y, L50, M\n|-mega|p2a: Raichu|Raichu|Raichunite Y\n|move|p2a: Raichu|Fake Out|p1a: Sableye\n|-immune|p1a: Sableye\n|move|p1a: Sableye|Fake Out|p2a: Raichu\n|-damage|p2a: Raichu|86/100\n|move|p1b: Staraptor|Tailwind|p1b: Staraptor\n|-sidestart|p1: vassyvgc|move: Tailwind\n|move|p2b: Gholdengo|Nasty Plot|p2b: Gholdengo\n|-boost|p2b: Gholdengo|spa|2\n|\n|upkeep\n|turn|2\n|\n|t:|1788430493\n|move|p1a: Sableye|Light Screen|p1a: Sableye\n|-sidestart|p1: vassyvgc|move: Light Screen\n|move|p1b: Staraptor|Close Combat|p2a: Raichu\n|-damage|p2a: Raichu|0 fnt\n|-boost|p1b: Staraptor|def|1\n|-boost|p1b: Staraptor|spd|1\n|faint|p2a: Raichu\n|move|p2b: Gholdengo|Make It Rain|p1a: Sableye|[spread] p1a,p1b\n|-damage|p1a: Sableye|0 fnt\n|-damage|p1b: Staraptor|32/100\n|-unboost|p2b: Gholdengo|spa|2\n|faint|p1a: Sableye\n|-damage|p2b: Gholdengo|90/100|[from] item: Life Orb\n|\n|upkeep\n|\n|t:|1788430509\n|switch|p2a: Whimsicott|Whimsicott, L50, M|100/100\n|switch|p1a: Gholdengo|Gholdengo, L50|100/100\n|turn|3\n|inactive|Zephyx_01 has 30 seconds left.\n|\n|t:|1788430535\n|move|p2a: Whimsicott|Tailwind|p2a: Whimsicott\n|-sidestart|p2: Zephyx_01|move: Tailwind\n|move|p1b: Staraptor|Brave Bird|p2a: Whimsicott\n|-supereffective|p2a: Whimsicott|1\n|-enditem|p2a: Whimsicott|Focus Sash\n|-damage|p2a: Whimsicott|1/100\n|-damage|p1b: Staraptor|0 fnt|[from] Recoil\n|faint|p1b: Staraptor\n|move|p1a: Gholdengo|Shadow Ball|p2b: Gholdengo\n|-supereffective|p2b: Gholdengo|1\n|-damage|p2b: Gholdengo|5/100\n|move|p2b: Gholdengo|Make It Rain|p1a: Gholdengo\n|-resisted|p1a: Gholdengo|1\n|-damage|p1a: Gholdengo|69/100\n|-unboost|p2b: Gholdengo|spa|2\n|-damage|p2b: Gholdengo|0 fnt|[from] item: Life Orb\n|faint|p2b: Gholdengo\n|\n|upkeep\n|\n|t:|1788430553\n|switch|p1b: Dragonite|Dragonite, L50, M|100/100\n|switch|p2b: Garchomp|Garchomp, L50, M|100/100\n|turn|4\n|inactive|vassyvgc has 30 seconds left.\n|\n|t:|1788430580\n|move|p2a: Whimsicott|Protect|p2a: Whimsicott\n|-singleturn|p2a: Whimsicott|Protect\n|move|p2b: Garchomp|Rock Slide|p1b: Dragonite|[spread] p1a\n|-miss|p2b: Garchomp|p1b: Dragonite\n|-resisted|p1a: Gholdengo|1\n|-damage|p1a: Gholdengo|59/100\n|move|p1a: Gholdengo|Shadow Ball|p2a: Whimsicott\n|-activate|p2a: Whimsicott|move: Protect\n|move|p1b: Dragonite|Dragon Claw|p2b: Garchomp\n|-supereffective|p2b: Garchomp|1\n|-damage|p2b: Garchomp|3/100\n|-damage|p1b: Dragonite|87/100|[from] ability: Rough Skin|[of] p2b: Garchomp\n|-enditem|p2b: Garchomp|Sitrus Berry|[eat]\n|-heal|p2b: Garchomp|28/100|[from] item: Sitrus Berry\n|\n|-sideend|p1: vassyvgc|move: Tailwind\n|upkeep\n|turn|5\n|inactive|Zephyx_01 has 30 seconds left.\n|inactive|vassyvgc has 30 seconds left.\n|\n|t:|1788430617\n|move|p1b: Dragonite|Extreme Speed|p2b: Garchomp\n|-damage|p2b: Garchomp|3/100\n|-damage|p1b: Dragonite|75/100|[from] ability: Rough Skin|[of] p2b: Garchomp\n|move|p2b: Garchomp|Stomping Tantrum|p1a: Gholdengo\n|-supereffective|p1a: Gholdengo|1\n|-damage|p1a: Gholdengo|0 fnt\n|faint|p1a: Gholdengo\n|move|p2a: Whimsicott|Moonblast|p1b: Dragonite\n|-supereffective|p1b: Dragonite|1\n|-damage|p1b: Dragonite|37/100\n|\n|upkeep\n|turn|6\n|inactive|vassyvgc has 30 seconds left.\n|\n|t:|1788430651\n|move|p2a: Whimsicott|Protect|p2a: Whimsicott\n|-singleturn|p2a: Whimsicott|Protect\n|move|p2b: Garchomp|Protect|p2b: Garchomp\n|-singleturn|p2b: Garchomp|Protect\n|move|p1b: Dragonite|Protect||[still]\n|-fail|p1b: Dragonite\n|\n|-sideend|p2: Zephyx_01|move: Tailwind\n|upkeep\n|turn|7\n|\n|t:|1788430672\n|move|p1b: Dragonite|Extreme Speed|p2a: Whimsicott\n|-damage|p2a: Whimsicott|0 fnt\n|faint|p2a: Whimsicott\n|move|p2b: Garchomp|Dragon Claw|p1b: Dragonite\n|-supereffective|p1b: Dragonite|1\n|-damage|p1b: Dragonite|0 fnt\n|faint|p1b: Dragonite\n|\n|win|Zephyx_01\n|raw|vassyvgc's rating: 1097 &rarr; <strong>1075</strong><br />(-22 for losing)\n|raw|Zephyx_01's rating: 1129 &rarr; <strong>1152</strong><br />(+23 for winning)\n|l|☆vassyvgc\n|player|p1|\n","uploadtime":1788430689,"views":"11","formatid":"gen9championsvgc2026regmb","rating":1075,"private":0,"password":null}