{"id":"gen9championsvgc2026regmb-2674112774","format":"[Gen 9 Champions] VGC 2026 Reg M-B","players":["gustagusta11","very_beeg_rat"],"log":"|j|‽gustagusta11\n|j|☆very_beeg_rat\n|t:|1788300940\n|gametype|doubles\n|player|p1|gustagusta11|hilbert|1229\n|player|p2|very_beeg_rat|2|1138\n|gen|9\n|tier|[Gen 9 Champions] VGC 2026 Reg M-B\n|rated|\n|rule|Species Clause: Limit one of each Pokémon\n|rule|Item Clause: Limit 1 of each item\n|clearpoke\n|poke|p1|Mamoswine, L50, M|\n|poke|p1|Toxapex, L50, F|\n|poke|p1|Sneasler, L50, M|\n|poke|p1|Hydreigon, L50, M|\n|poke|p1|Charizard, L50, M|\n|poke|p1|Incineroar, L50, M|\n|poke|p2|Dragonite, L50, F|\n|poke|p2|Sneasler, L50, M|\n|poke|p2|Basculegion, L50, M|\n|poke|p2|Kingambit, L50, M|\n|poke|p2|Garchomp, L50, F|\n|poke|p2|Floette-Eternal, L50, F|\n|teampreview|4\n|inactive|Battle timer is ON: inactive players will automatically lose when time's up. (requested by very_beeg_rat)\n|inactive|very_beeg_rat has 60 seconds left.\n|\n|t:|1788300971\n|teamsize|p1|4\n|teamsize|p2|4\n|start\n|switch|p1a: Mamoswine|Mamoswine, L50, M|100/100\n|switch|p1b: Sneasler|Sneasler, L50, M|100/100\n|switch|p2a: Garchomp|Garchomp, L50, F|100/100\n|switch|p2b: Sneasler|Sneasler, L50, M|100/100\n|turn|1\n|\n|t:|1788300995\n|switch|p2a: Kingambit|Kingambit, L50, M|100/100\n|move|p1a: Mamoswine|Protect|p1a: Mamoswine\n|-singleturn|p1a: Mamoswine|Protect\n|move|p2b: Sneasler|Fake Out|p1a: Mamoswine\n|-activate|p1a: Mamoswine|move: Protect\n|move|p1b: Sneasler|Fake Out|p2a: Kingambit\n|-resisted|p2a: Kingambit|1\n|-crit|p2a: Kingambit\n|-damage|p2a: Kingambit|92/100\n|\n|upkeep\n|turn|2\n|inactive|gustagusta11 has 30 seconds left.\n|inactive|very_beeg_rat has 30 seconds left.\n|\n|t:|1788301026\n|move|p1b: Sneasler|Protect|p1b: Sneasler\n|-singleturn|p1b: Sneasler|Protect\n|move|p2b: Sneasler|Close Combat|p1a: Mamoswine\n|-supereffective|p1a: Mamoswine|1\n|-enditem|p1a: Mamoswine|Focus Sash\n|-damage|p1a: Mamoswine|1/100\n|-unboost|p2b: Sneasler|def|1\n|-unboost|p2b: Sneasler|spd|1\n|move|p1a: Mamoswine|Earthquake|p2b: Sneasler|[spread] p2a,p2b\n|-activate|p1b: Sneasler|move: Protect\n|-supereffective|p2a: Kingambit|1\n|-supereffective|p2b: Sneasler|1\n|-damage|p2a: Kingambit|34/100\n|-enditem|p2b: Sneasler|Focus Sash\n|-damage|p2b: Sneasler|1/100\n|move|p2a: Kingambit|Iron Head|p1a: Mamoswine\n|-supereffective|p1a: Mamoswine|1\n|-damage|p1a: Mamoswine|0 fnt\n|faint|p1a: Mamoswine\n|\n|upkeep\n|\n|t:|1788301048\n|switch|p1a: Charizard|Charizard, L50, M|100/100\n|turn|3\n|\n|t:|1788301061\n|switch|p2b: Dragonite|Dragonite, L50, F|100/100\n|switch|p2a: Garchomp|Garchomp, L50, F|100/100\n|move|p1a: Charizard|Protect|p1a: Charizard\n|-singleturn|p1a: Charizard|Protect\n|move|p1b: Sneasler|Close Combat|p2a: Garchomp\n|-damage|p2a: Garchomp|44/100\n|-unboost|p1b: Sneasler|def|1\n|-unboost|p1b: Sneasler|spd|1\n|-damage|p1b: Sneasler|87/100|[from] ability: Rough Skin|[of] p2a: Garchomp\n|-enditem|p1b: Sneasler|White Herb\n|-clearnegativeboost|p1b: Sneasler|[silent]\n|\n|upkeep\n|turn|4\n|inactive|gustagusta11 has 30 seconds left.\n|inactive|very_beeg_rat has 30 seconds left.\n|\n|t:|1788301090\n|detailschange|p1a: Charizard|Charizard-Mega-Y, L50, M\n|-mega|p1a: Charizard|Charizard|Charizardite Y\n|-weather|SunnyDay|[from] ability: Drought|[of] p1a: Charizard\n|detailschange|p2b: Dragonite|Dragonite-Mega, L50, F\n|-mega|p2b: Dragonite|Dragonite|Dragoninite\n|move|p1b: Sneasler|Protect|p1b: Sneasler\n|-singleturn|p1b: Sneasler|Protect\n|move|p2a: Garchomp|Rock Slide|p1a: Charizard|[spread] p1a\n|-activate|p1b: Sneasler|move: Protect\n|-supereffective|p1a: Charizard|2\n|-damage|p1a: Charizard|0 fnt\n|faint|p1a: Charizard\n|move|p2b: Dragonite|Dragon Pulse|p1b: Sneasler\n|-activate|p1b: Sneasler|move: Protect\n|\n|-weather|SunnyDay|[upkeep]\n|upkeep\n|\n|t:|1788301107\n|switch|p1a: Toxapex|Toxapex, L50, F|100/100\n|turn|5\n|\n|t:|1788301117\n|move|p1b: Sneasler|Close Combat|p2a: Garchomp\n|-damage|p2a: Garchomp|0 fnt\n|-unboost|p1b: Sneasler|def|1\n|-unboost|p1b: Sneasler|spd|1\n|-damage|p1b: Sneasler|75/100|[from] ability: Rough Skin|[of] p2a: Garchomp\n|faint|p2a: Garchomp\n|move|p2b: Dragonite|Heat Wave|p1b: Sneasler|[spread] p1a,p1b\n|-resisted|p1a: Toxapex|1\n|-damage|p1a: Toxapex|83/100\n|-damage|p1b: Sneasler|0 fnt\n|-status|p1a: Toxapex|brn\n|faint|p1b: Sneasler\n|move|p1a: Toxapex|Toxic|p2b: Dragonite\n|-status|p2b: Dragonite|tox\n|\n|-weather|SunnyDay|[upkeep]\n|-heal|p1a: Toxapex|89/100 brn|[from] item: Leftovers\n|-damage|p2b: Dragonite|94/100 tox|[from] psn\n|-damage|p1a: Toxapex|83/100 brn|[from] brn\n|upkeep\n|\n|t:|1788301135\n|switch|p2a: Kingambit|Kingambit, L50, M|34/100\n|turn|6\n|\n|t:|1788301154\n|move|p2b: Dragonite|Dragon Pulse|p1a: Toxapex\n|-damage|p1a: Toxapex|39/100 brn\n|move|p2a: Kingambit|Kowtow Cleave|p1a: Toxapex\n|-damage|p1a: Toxapex|8/100 brn\n|move|p1a: Toxapex|Infestation|p2a: Kingambit\n|-damage|p2a: Kingambit|31/100\n|-activate|p2a: Kingambit|move: Infestation|[of] p1a: Toxapex\n|\n|-weather|SunnyDay|[upkeep]\n|-heal|p1a: Toxapex|14/100 brn|[from] item: Leftovers\n|-damage|p2b: Dragonite|82/100 tox|[from] psn\n|-damage|p1a: Toxapex|8/100 brn|[from] brn\n|-damage|p2a: Kingambit|19/100|[from] move: Infestation|[partiallytrapped]\n|upkeep\n|turn|7\n|inactive|gustagusta11 has 30 seconds left.\n|inactive|gustagusta11 has 20 seconds left.\n|inactive|gustagusta11 has 15 seconds left.\n|inactive|gustagusta11 has 10 seconds left.\n|inactive|gustagusta11 has 5 seconds left.\n|\n|t:|1788301209\n|move|p1a: Toxapex|Baneful Bunker|p1a: Toxapex\n|-singleturn|p1a: Toxapex|move: Protect\n|move|p2b: Dragonite|Dragon Pulse|p1a: Toxapex\n|-activate|p1a: Toxapex|move: Protect\n|move|p2a: Kingambit|Kowtow Cleave|p1a: Toxapex\n|-activate|p1a: Toxapex|move: Protect\n|\n|-weather|SunnyDay|[upkeep]\n|-heal|p1a: Toxapex|14/100 brn|[from] item: Leftovers\n|-damage|p2b: Dragonite|64/100 tox|[from] psn\n|-damage|p1a: Toxapex|8/100 brn|[from] brn\n|-damage|p2a: Kingambit|7/100|[from] move: Infestation|[partiallytrapped]\n|upkeep\n|turn|8\n|inactive|gustagusta11 has 30 seconds left.\n|inactive|gustagusta11 has 20 seconds left.\n|inactive|gustagusta11 has 15 seconds left.\n|inactive|gustagusta11 has 10 seconds left.\n|inactive|gustagusta11 has 5 seconds left.\n|\n|t:|1788301264\n|move|p1a: Toxapex|Baneful Bunker||[still]\n|-fail|p1a: Toxapex\n|move|p2b: Dragonite|Dragon Pulse|p1a: Toxapex\n|-damage|p1a: Toxapex|0 fnt\n|faint|p1a: Toxapex\n|\n|win|very_beeg_rat\n|raw|gustagusta11's rating: 1229 &rarr; <strong>1198</strong><br />(-31 for losing)\n|raw|very_beeg_rat's rating: 1138 &rarr; <strong>1169</strong><br />(+31 for winning)\n","uploadtime":1788301264,"views":"2","formatid":"gen9championsvgc2026regmb","rating":1169,"private":0,"password":null}