{"id":"gen9championsvgc2026regmb-2673854324","format":"[Gen 9 Champions] VGC 2026 Reg M-B","players":["spcbeam","Thornlace48812"],"log":"|j|☆spcbeam\n|j|☆Thornlace48812\n|t:|1788268898\n|gametype|doubles\n|player|p1|spcbeam|1|1285\n|player|p2|Thornlace48812|102|1195\n|gen|9\n|tier|[Gen 9 Champions] VGC 2026 Reg M-B\n|rated|\n|rule|Species Clause: Limit one of each Pokémon\n|rule|Item Clause: Limit 1 of each item\n|clearpoke\n|poke|p1|Raichu, L50, F|\n|poke|p1|Farigiraf, L50, M|\n|poke|p1|Basculegion, L50, M|\n|poke|p1|Ninetales-Alola, L50, F|\n|poke|p1|Glimmora, L50, F|\n|poke|p1|Talonflame, L50, M|\n|poke|p2|Garchomp, L50, M|\n|poke|p2|Charizard, L50, F|\n|poke|p2|Whimsicott, L50, F|\n|poke|p2|Sylveon, L50, F|\n|poke|p2|Kingambit, L50, M|\n|poke|p2|Basculegion, L50, M|\n|teampreview|4\n|inactive|Battle timer is ON: inactive players will automatically lose when time's up. (requested by spcbeam)\n|inactive|Thornlace48812 also wants the timer to be on.\nThornlace48812 rejected open team sheets.\n|\n|t:|1788268927\n|teamsize|p1|4\n|teamsize|p2|4\n|start\n|switch|p1a: Glimmora|Glimmora, L50, F|100/100\n|switch|p1b: Talonflame|Talonflame, L50, M|100/100\n|switch|p2a: Charizard|Charizard, L50, F|100/100\n|switch|p2b: Whimsicott|Whimsicott, L50, F|100/100\n|turn|1\n|\n|t:|1788268937\n|detailschange|p2a: Charizard|Charizard-Mega-Y, L50, F\n|-mega|p2a: Charizard|Charizard|Charizardite Y\n|-weather|SunnyDay|[from] ability: Drought|[of] p2a: Charizard\n|detailschange|p1a: Glimmora|Glimmora-Mega, L50, F\n|-mega|p1a: Glimmora|Glimmora|Glimmoranite\n|move|p1b: Talonflame|Tailwind|p1b: Talonflame\n|-sidestart|p1: spcbeam|move: Tailwind\n|move|p1a: Glimmora|Sludge Bomb|p2b: Whimsicott\n|-supereffective|p2b: Whimsicott|2\n|-enditem|p2b: Whimsicott|Focus Sash\n|-damage|p2b: Whimsicott|1/100\n|-status|p2b: Whimsicott|psn\n|move|p2b: Whimsicott|Moonblast|p1a: Glimmora\n|-resisted|p1a: Glimmora|1\n|-damage|p1a: Glimmora|78/100\n|move|p2a: Charizard|Heat Wave|p1b: Talonflame|[spread] p1b\n|-miss|p2a: Charizard|p1a: Glimmora\n|-resisted|p1b: Talonflame|1\n|-damage|p1b: Talonflame|51/100\n|\n|-weather|SunnyDay|[upkeep]\n|-damage|p2b: Whimsicott|0 fnt|[from] psn\n|faint|p2b: Whimsicott\n|upkeep\n|\n|t:|1788268938\n|switch|p2b: Basculegion|Basculegion, L50, M|100/100\n|turn|2\n|\n|t:|1788268959\n|move|p1b: Talonflame|Feather Dance|p2b: Basculegion\n|-unboost|p2b: Basculegion|atk|2\n|move|p1a: Glimmora|Power Gem|p2a: Charizard\n|-supereffective|p2a: Charizard|2\n|-damage|p2a: Charizard|0 fnt\n|faint|p2a: Charizard\n|move|p2b: Basculegion|Last Respects|p1a: Glimmora\n|-damage|p1a: Glimmora|19/100\n|\n|-weather|SunnyDay|[upkeep]\n|upkeep\n|\n|t:|1788268959\n|switch|p2a: Kingambit|Kingambit, L50, M|100/100\n|-activate|p2a: Kingambit|ability: Supreme Overlord\n|-start|p2a: Kingambit|fallen2|[silent]\n|turn|3\n|\n|t:|1788268976\n|switch|p1b: Farigiraf|Farigiraf, L50, M|100/100\n|move|p2b: Basculegion|Aqua Jet||[still]\n|cant|p1b: Farigiraf|ability: Armor Tail|Aqua Jet|[of] p2b: Basculegion\n|move|p2a: Kingambit|Sucker Punch||[still]\n|cant|p1b: Farigiraf|ability: Armor Tail|Sucker Punch|[of] p2a: Kingambit\n|move|p1a: Glimmora|Earth Power|p2a: Kingambit\n|-supereffective|p2a: Kingambit|1\n|-damage|p2a: Kingambit|10/100\n|-unboost|p2a: Kingambit|spd|1\n|\n|-weather|SunnyDay|[upkeep]\n|upkeep\n|turn|4\n|inactive|spcbeam has 30 seconds left.\n|\n|t:|1788269007\n|move|p1a: Glimmora|Earth Power|p2a: Kingambit\n|-supereffective|p2a: Kingambit|1\n|-damage|p2a: Kingambit|0 fnt\n|faint|p2a: Kingambit\n|-end|p2a: Kingambit|fallen2|[silent]\n|move|p1b: Farigiraf|Psychic|p2b: Basculegion\n|-damage|p2b: Basculegion|62/100\n|move|p2b: Basculegion|Last Respects|p1a: Glimmora\n|-damage|p1a: Glimmora|0 fnt\n|faint|p1a: Glimmora\n|\n|-weather|SunnyDay|[upkeep]\n|-sideend|p1: spcbeam|move: Tailwind\n|upkeep\n|\n|t:|1788269018\n|switch|p1a: Talonflame|Talonflame, L50, M|51/100\n|turn|5\n|\n|t:|1788269022\n|move|p1a: Talonflame|Feather Dance|p2b: Basculegion\n|-unboost|p2b: Basculegion|atk|2\n|move|p2b: Basculegion|Last Respects|p1a: Talonflame\n|-damage|p1a: Talonflame|0 fnt\n|faint|p1a: Talonflame\n|move|p1b: Farigiraf|Psychic|p2b: Basculegion\n|-damage|p2b: Basculegion|22/100\n|\n|-weather|none\n|upkeep\n|\n|t:|1788269028\n|switch|p1a: Ninetales|Ninetales-Alola, L50, F|100/100\n|-weather|Snowscape|[from] ability: Snow Warning|[of] p1a: Ninetales\n|turn|6\n|\n|t:|1788269033\n|move|p1b: Farigiraf|Ally Switch|p1b: Farigiraf\n|swap|p1b: Farigiraf|0|[from] move: Ally Switch\n|move|p1b: Ninetales|Freeze-Dry|p2b: Basculegion\n|-supereffective|p2b: Basculegion|1\n|-damage|p2b: Basculegion|0 fnt\n|faint|p2b: Basculegion\n|-damage|p1b: Ninetales|90/100|[from] item: Life Orb\n|\n|win|spcbeam\n|raw|spcbeam's rating: 1308 &rarr; <strong>1321</strong><br />(+13 for winning)\n|raw|Thornlace48812's rating: 1175 &rarr; <strong>1159</strong><br />(-16 for losing)\n","uploadtime":1788269033,"views":"0","formatid":"gen9championsvgc2026regmb","rating":1159,"private":0,"password":null}