{"id":"gen9championsvgc2026regmb-2674261730","format":"[Gen 9 Champions] VGC 2026 Reg M-B","players":["elosodevastador","musaavgc"],"log":"|j|☆elosodevastador\n|j|☆musaavgc\n|t:|1788325938\n|gametype|doubles\n|player|p1|elosodevastador|clown|1362\n|player|p2|musaavgc|burglar|1391\n|gen|9\n|tier|[Gen 9 Champions] VGC 2026 Reg M-B\n|rated|\n|rule|Species Clause: Limit one of each Pokémon\n|rule|Item Clause: Limit 1 of each item\n|clearpoke\n|poke|p1|Charizard, L50, M|\n|poke|p1|Mawile, L50, M|\n|poke|p1|Basculegion, L50, M|\n|poke|p1|Garchomp, L50, M|\n|poke|p1|Whimsicott, L50, M|\n|poke|p1|Farigiraf, L50, F|\n|poke|p2|Charizard, L50, F|\n|poke|p2|Floette-Eternal, L50, F|\n|poke|p2|Basculegion, L50, M|\n|poke|p2|Kingambit, L50, F|\n|poke|p2|Sneasler, L50, M|\n|poke|p2|Garchomp, L50, M|\n|teampreview|4\n|inactive|Battle timer is ON: inactive players will automatically lose when time's up. (requested by musaavgc)\n|inactive|elosodevastador has 60 seconds left.\n|inactive|elosodevastador has 30 seconds left.\n|inactive|elosodevastador has 20 seconds left.\n|\n|t:|1788326012\n|teamsize|p1|4\n|teamsize|p2|4\n|start\n|switch|p1a: Mawile|Mawile, L50, M|100/100\n|switch|p1b: Whimsicott|Whimsicott, L50, M|100/100\n|switch|p2a: Garchomp|Garchomp, L50, M|100/100\n|switch|p2b: Impossible|Kingambit, L50, F|100/100\n|turn|1\n|inactive|elosodevastador has 30 seconds left.\n|inactive|musaavgc has 30 seconds left.\n|inactive|elosodevastador has 20 seconds left.\n|\n|t:|1788326050\n|detailschange|p1a: Mawile|Mawile-Mega, L50, M\n|-mega|p1a: Mawile|Mawile|Mawilite\n|move|p1b: Whimsicott|Tailwind|p1b: Whimsicott\n|-sidestart|p1: elosodevastador|move: Tailwind\n|move|p1a: Mawile|Play Rough|p2a: Garchomp\n|-supereffective|p2a: Garchomp|1\n|-damage|p2a: Garchomp|0 fnt\n|-damage|p1a: Mawile|87/100|[from] ability: Rough Skin|[of] p2a: Garchomp\n|faint|p2a: Garchomp\n|move|p2b: Impossible|Iron Head|p1b: Whimsicott\n|-supereffective|p1b: Whimsicott|1\n|-enditem|p1b: Whimsicott|Focus Sash\n|-damage|p1b: Whimsicott|1/100\n|\n|upkeep\n|\n|t:|1788326061\n|switch|p2a: Sneasler|Sneasler, L50, M|100/100\n|turn|2\n|inactive|elosodevastador has 30 seconds left.\n|inactive|elosodevastador has 20 seconds left.\n|\n|t:|1788326099\n|move|p1b: Whimsicott|Protect|p1b: Whimsicott\n|-singleturn|p1b: Whimsicott|Protect\n|move|p1a: Mawile|Protect|p1a: Mawile\n|-singleturn|p1a: Mawile|Protect\n|move|p2a: Sneasler|Fake Out|p1b: Whimsicott\n|-activate|p1b: Whimsicott|move: Protect\n|move|p2b: Impossible|Iron Head|p1a: Mawile\n|-activate|p1a: Mawile|move: Protect\n|\n|upkeep\n|turn|3\n|\n|t:|1788326116\n|move|p1b: Whimsicott|Encore|p2a: Sneasler\n|-start|p2a: Sneasler|Encore\n|move|p2a: Sneasler|Fake Out||[still]\n|-hint|Fake Out only works on your first turn out.\n|-fail|p2a: Sneasler\n|move|p2b: Impossible|Sucker Punch||[still]\n|-fail|p2b: Impossible\n|move|p1a: Mawile|Play Rough|p2b: Impossible|[miss]\n|-miss|p1a: Mawile|p2b: Impossible\n|\n|upkeep\n|turn|4\n|inactive|elosodevastador has 30 seconds left.\n|\n|t:|1788326145\n|move|p1b: Whimsicott|Protect|p1b: Whimsicott\n|-singleturn|p1b: Whimsicott|Protect\n|-activate|p2a: Sneasler|move: Struggle\n|move|p2a: Sneasler|Struggle|p1b: Whimsicott\n|-activate|p1b: Whimsicott|move: Protect\n|move|p1a: Mawile|Play Rough|p2b: Impossible\n|-damage|p2b: Impossible|35/100\n|move|p2b: Impossible|Iron Head|p1a: Mawile\n|-damage|p1a: Mawile|43/100\n|\n|-sideend|p1: elosodevastador|move: Tailwind\n|upkeep\n|turn|5\n|inactive|musaavgc has 30 seconds left.\n|\n|t:|1788326180\n|move|p1b: Whimsicott|Tailwind|p1b: Whimsicott\n|-sidestart|p1: elosodevastador|move: Tailwind\n|move|p2b: Impossible|Sucker Punch|p1a: Mawile\n|-resisted|p1a: Mawile|1\n|-damage|p1a: Mawile|24/100\n|-activate|p2a: Sneasler|move: Struggle\n|move|p2a: Sneasler|Struggle|p1b: Whimsicott\n|-damage|p1b: Whimsicott|0 fnt\n|faint|p1b: Whimsicott\n|-damage|p2a: Sneasler|75/100|[from] recoil\n|move|p1a: Mawile|Play Rough|p2b: Impossible\n|-damage|p2b: Impossible|0 fnt\n|faint|p2b: Impossible\n|\n|-end|p2a: Sneasler|Encore\n|upkeep\n|\n|t:|1788326203\n|switch|p1b: Basculegion|Basculegion, L50, M|100/100\n|switch|p2b: Knot Me|Floette-Eternal, L50, F|100/100\n|turn|6\n|\n|t:|1788326219\n|detailschange|p2b: Knot Me|Floette-Mega, L50, F\n|-mega|p2b: Knot Me|Floette|Floettite\n|-ability|p2b: Knot Me|Fairy Aura\n|move|p2a: Sneasler|Protect|p2a: Sneasler\n|-singleturn|p2a: Sneasler|Protect\n|move|p2b: Knot Me|Protect|p2b: Knot Me\n|-singleturn|p2b: Knot Me|Protect\n|move|p1b: Basculegion|Last Respects|p2a: Sneasler\n|-activate|p2a: Sneasler|move: Protect\n|move|p1a: Mawile|Play Rough|p2b: Knot Me\n|-activate|p2b: Knot Me|move: Protect\n|\n|upkeep\n|turn|7\n|\n|t:|1788326238\n|move|p1b: Basculegion|Last Respects|p2a: Sneasler\n|-damage|p2a: Sneasler|0 fnt\n|faint|p2a: Sneasler\n|move|p1a: Mawile|Play Rough|p2b: Knot Me|[miss]\n|-miss|p1a: Mawile|p2b: Knot Me\n|move|p2b: Knot Me|Dazzling Gleam|p1a: Mawile|[spread] p1a,p1b\n|-resisted|p1a: Mawile|1\n|-damage|p1a: Mawile|0 fnt\n|-damage|p1b: Basculegion|55/100\n|faint|p1a: Mawile\n|\n|upkeep\n|\n|t:|1788326246\n|switch|p1a: Garchomp|Garchomp, L50, M|100/100\n|turn|8\n|\n|t:|1788326252\n|move|p2b: Knot Me|Protect|p2b: Knot Me\n|-singleturn|p2b: Knot Me|Protect\n|move|p1a: Garchomp|Rock Slide|p2b: Knot Me\n|-activate|p2b: Knot Me|move: Protect\n|move|p1b: Basculegion|Last Respects|p2b: Knot Me\n|-activate|p2b: Knot Me|move: Protect\n|\n|-sideend|p1: elosodevastador|move: Tailwind\n|upkeep\n|turn|9\n|\n|t:|1788326270\n|move|p1b: Basculegion|Aqua Jet|p2b: Knot Me\n|-damage|p2b: Knot Me|64/100\n|move|p1a: Garchomp|Rock Slide|p2b: Knot Me\n|-damage|p2b: Knot Me|29/100\n|-damage|p1a: Garchomp|90/100|[from] item: Life Orb\n|move|p2b: Knot Me|Dazzling Gleam|p1b: Basculegion|[spread] p1a,p1b\n|-supereffective|p1a: Garchomp|1\n|-damage|p1a: Garchomp|4/100\n|-damage|p1b: Basculegion|8/100\n|\n|upkeep\n|turn|10\n|\n|t:|1788326284\n|move|p2b: Knot Me|Protect|p2b: Knot Me\n|-singleturn|p2b: Knot Me|Protect\n|move|p1b: Basculegion|Protect|p1b: Basculegion\n|-singleturn|p1b: Basculegion|Protect\n|move|p1a: Garchomp|Earthquake|p2b: Knot Me|[spread] \n|-activate|p1b: Basculegion|move: Protect\n|-activate|p2b: Knot Me|move: Protect\n|\n|upkeep\n|turn|11\n|\n|t:|1788326291\n|move|p1b: Basculegion|Aqua Jet|p2b: Knot Me\n|-damage|p2b: Knot Me|0 fnt\n|faint|p2b: Knot Me\n|\n|win|elosodevastador\n|raw|elosodevastador's rating: 1362 &rarr; <strong>1384</strong><br />(+22 for winning)\n|raw|musaavgc's rating: 1391 &rarr; <strong>1369</strong><br />(-22 for losing)\n","uploadtime":1788326295,"views":"14","formatid":"gen9championsvgc2026regmb","rating":1369,"private":0,"password":null}