{"id":"gen9championsvgc2026regmbbo3-2673461956","format":"[Gen 9 Champions] VGC 2026 Reg M-B (Bo3)","players":["Benny0000","chaos damage"],"log":"|j|☆Benny0000\n|j|☆chaos damage\n|html|<table width=\"100%\"><tr><td align=\"left\">Benny0000</td><td align=\"right\">chaos damage</tr><tr><td align=\"left\"><i class=\"fa fa-circle\"></i> <i class=\"fa fa-circle-o\"></i> </td><td align=\"right\"><i class=\"fa fa-circle-o\"></i> <i class=\"fa fa-circle-o\"></i> </tr></table>\n|uhtml|bestof|<h2><strong>Game 2</strong> of <a href=\"/game-bestof3-gen9championsvgc2026regmbbo3-2673458825\">a best-of-3</a></h2>\n|t:|1788200637\n|gametype|doubles\n|player|p1|Benny0000|265|1311\n|player|p2|chaos damage|workerice|1120\n|gen|9\n|tier|[Gen 9 Champions] VGC 2026 Reg M-B (Bo3)\n|rated|\n|rule|Species Clause: Limit one of each Pokémon\n|rule|Item Clause: Limit 1 of each item\n|clearpoke\n|poke|p1|Incineroar, L50, M|\n|poke|p1|Floette-Eternal, L50, F|\n|poke|p1|Sneasler, L50, M|\n|poke|p1|Sinistcha, L50|\n|poke|p1|Kingambit, L50, M|\n|poke|p1|Garchomp, L50, M|\n|poke|p2|Espathra, L50, F, shiny|\n|poke|p2|Archaludon, L50, F, shiny|\n|poke|p2|Politoed, L50, F|\n|poke|p2|Basculegion, L50, M|\n|poke|p2|Meganium, L50, F|\n|poke|p2|Staraptor, L50, F|\n|teampreview|4\n|showteam|p1|Incineroar||Leftovers|Intimidate|FakeOut,HelpingHand,PartingShot,FlareBlitz|Sassy||M|||50|]Floette-Eternal||Floettite|FlowerVeil|CalmMind,DrainingKiss,DazzlingGleam,Protect|Timid||F|||50|]Sneasler||FocusSash|PoisonTouch|FakeOut,Coaching,CloseCombat,DireClaw|Jolly||M|||50|]Sinistcha||SitrusBerry|Hospitality|RagePowder,TrickRoom,MatchaGotcha,Protect|Bold|||||50|]Kingambit||BlackGlasses|Defiant|SwordsDance,SuckerPunch,KowtowCleave,Protect|Adamant||M|||50|]Garchomp||Garchompite|RoughSkin|Earthquake,StompingTantrum,RockSlide,Protect|Jolly||M|||50|\n|showteam|p2|Espathra||Leftovers|SpeedBoost|Psychic,CalmMind,BatonPass,Protect|Bold||F|||50|]Archaludon||ChopleBerry|Stamina|DragonPulse,ElectroShot,FlashCannon,Protect|Calm||F|||50|]Politoed||SitrusBerry|Drizzle|WeatherBall,Surf,PsychUp,IcyWind|Timid||F|||50|]Basculegion||ChoiceScarf|Adaptability|FlipTurn,LastRespects,WaveCrash,AquaJet|Adamant||M|||50|]Meganium||Meganiumite|Overgrow|SolarBeam,WeatherBall,Synthesis,Protect|Bold||F|||50|]Staraptor||Staraptite|Intimidate|CloseCombat,BraveBird,Roost,Protect|Adamant||F|||50|\n|inactive|Battle timer is ON: inactive players will automatically lose when time's up. (requested by chaos damage)\n|inactive|Benny0000 has 60 seconds left.\n|inactive|chaos damage has 60 seconds left.\n|\n|t:|1788200673\n|teamsize|p1|4\n|teamsize|p2|4\n|start\n|switch|p1a: Incineroar|Incineroar, L50, M|100/100\n|switch|p1b: Floette|Floette-Eternal, L50, F|100/100\n|switch|p2a: Staraptor|Staraptor, L50, F|100/100\n|switch|p2b: Basculegion|Basculegion, L50, M|100/100\n|-ability|p2a: Staraptor|Intimidate|boost\n|-unboost|p1a: Incineroar|atk|1\n|-unboost|p1b: Floette|atk|1\n|-ability|p1a: Incineroar|Intimidate|boost\n|-unboost|p2a: Staraptor|atk|1\n|-unboost|p2b: Basculegion|atk|1\n|turn|1\n|inactive|Benny0000 has 30 seconds left.\n|\n|t:|1788200701\n|detailschange|p1b: Floette|Floette-Mega, L50, F\n|-mega|p1b: Floette|Floette|Floettite\n|-ability|p1b: Floette|Fairy Aura\n|move|p2a: Staraptor|Protect|p2a: Staraptor\n|-singleturn|p2a: Staraptor|Protect\n|move|p1a: Incineroar|Fake Out|p2a: Staraptor\n|-activate|p2a: Staraptor|move: Protect\n|move|p2b: Basculegion|Flip Turn|p1a: Incineroar\n|-supereffective|p1a: Incineroar|1\n|-damage|p1a: Incineroar|48/100\n|\n|t:|1788200714\n|switch|p2b: Espathra|Espathra, L50, F, shiny|100/100|[from] Flip Turn\n|move|p1b: Floette|Calm Mind|p1b: Floette\n|-boost|p1b: Floette|spa|1\n|-boost|p1b: Floette|spd|1\n|\n|-heal|p1a: Incineroar|54/100|[from] item: Leftovers\n|upkeep\n|turn|2\n|inactive|Benny0000 has 30 seconds left.\n|\n|t:|1788200748\n|switch|p2a: Basculegion|Basculegion, L50, M|100/100\n|switch|p1a: Sinistcha|Sinistcha, L50|100/100\n|move|p1b: Floette|Dazzling Gleam|p2b: Espathra|[spread] p2a,p2b\n|-damage|p2a: Basculegion|30/100\n|-damage|p2b: Espathra|37/100\n|move|p2b: Espathra|Calm Mind|p2b: Espathra\n|-boost|p2b: Espathra|spa|1\n|-boost|p2b: Espathra|spd|1\n|\n|-heal|p2b: Espathra|43/100|[from] item: Leftovers\n|-ability|p2b: Espathra|Speed Boost|boost\n|-boost|p2b: Espathra|spe|1\n|upkeep\n|turn|3\n|inactive|chaos damage has 30 seconds left.\n|\n|t:|1788200776\n|move|p2b: Espathra|Protect|p2b: Espathra\n|-singleturn|p2b: Espathra|Protect\n|move|p2a: Basculegion|Flip Turn|p1b: Floette\n|-damage|p1b: Floette|59/100\n|\n|t:|1788200782\n|switch|p2a: Staraptor|Staraptor, L50, F|100/100|[from] Flip Turn\n|-ability|p2a: Staraptor|Intimidate|boost\n|-unboost|p1a: Sinistcha|atk|1\n|-unboost|p1b: Floette|atk|1\n|move|p1b: Floette|Dazzling Gleam|p2a: Staraptor|[spread] p2a\n|-activate|p2b: Espathra|move: Protect\n|-crit|p2a: Staraptor\n|-damage|p2a: Staraptor|0 fnt\n|faint|p2a: Staraptor\n|move|p1a: Sinistcha|Matcha Gotcha|p2b: Espathra\n|-activate|p2b: Espathra|move: Protect\n|\n|-heal|p2b: Espathra|49/100|[from] item: Leftovers\n|-ability|p2b: Espathra|Speed Boost|boost\n|-boost|p2b: Espathra|spe|1\n|upkeep\n|\n|t:|1788200791\n|switch|p2a: Basculegion|Basculegion, L50, M|30/100\n|turn|4\n|inactive|Benny0000 has 30 seconds left.\n|\n|t:|1788200824\n|switch|p1a: Incineroar|Incineroar, L50, M|54/100\n|-ability|p1a: Incineroar|Intimidate|boost\n|-unboost|p2a: Basculegion|atk|1\n|-unboost|p2b: Espathra|atk|1\n|move|p1b: Floette|Protect|p1b: Floette\n|-singleturn|p1b: Floette|Protect\n|move|p2b: Espathra|Baton Pass|p2b: Espathra\n|\n|t:|1788200840\n|switch|p2b: Archaludon|Archaludon, L50, F, shiny|100/100|[from] Baton Pass\n|move|p2a: Basculegion|Last Respects|p1b: Floette\n|-activate|p1b: Floette|move: Protect\n|\n|-heal|p1a: Incineroar|60/100|[from] item: Leftovers\n|upkeep\n|turn|5\n|\n|t:|1788200857\n|switch|p1a: Sinistcha|Sinistcha, L50|100/100\n|-heal|p1b: Floette|84/100|[from] ability: Hospitality|[of] p1a: Sinistcha\n|move|p2b: Archaludon|Protect|p2b: Archaludon\n|-singleturn|p2b: Archaludon|Protect\n|move|p2a: Basculegion|Last Respects|p1b: Floette\n|-damage|p1b: Floette|35/100\n|move|p1b: Floette|Dazzling Gleam|p2b: Archaludon|[spread] p2a\n|-activate|p2b: Archaludon|move: Protect\n|-damage|p2a: Basculegion|0 fnt\n|faint|p2a: Basculegion\n|\n|upkeep\n|\n|t:|1788200866\n|switch|p2a: Espathra|Espathra, L50, F, shiny|49/100\n|turn|6\n|\n|t:|1788200884\n|switch|p1a: Sneasler|Sneasler, L50, M|100/100\n|move|p1b: Floette|Protect|p1b: Floette\n|-singleturn|p1b: Floette|Protect\n|move|p2b: Archaludon|Flash Cannon|p1b: Floette\n|-activate|p1b: Floette|move: Protect\n|move|p2a: Espathra|Calm Mind|p2a: Espathra\n|-boost|p2a: Espathra|spa|1\n|-boost|p2a: Espathra|spd|1\n|\n|-heal|p2a: Espathra|55/100|[from] item: Leftovers\n|-ability|p2a: Espathra|Speed Boost|boost\n|-boost|p2a: Espathra|spe|1\n|upkeep\n|turn|7\n|inactive|Benny0000 has 30 seconds left.\n|inactive|chaos damage has 30 seconds left.\n|inactive|Benny0000 has 20 seconds left.\n|inactive|chaos damage has 20 seconds left.\n|inactive|Benny0000 has 15 seconds left.\n|inactive|chaos damage has 15 seconds left.\n|inactive|Benny0000 has 10 seconds left.\n|\n|t:|1788200931\n|switch|p1a: Sinistcha|Sinistcha, L50|100/100\n|-heal|p1b: Floette|59/100|[from] ability: Hospitality|[of] p1a: Sinistcha\n|move|p2b: Archaludon|Flash Cannon|p1b: Floette\n|-supereffective|p1b: Floette|1\n|-damage|p1b: Floette|5/100\n|move|p2a: Espathra|Psychic|p1a: Sinistcha\n|-damage|p1a: Sinistcha|54/100\n|move|p1b: Floette|Dazzling Gleam|p2a: Espathra|[spread] p2a,p2b\n|-damage|p2a: Espathra|8/100\n|-damage|p2b: Archaludon|69/100\n|-ability|p2b: Archaludon|Stamina|boost\n|-boost|p2b: Archaludon|def|1\n|\n|-heal|p2a: Espathra|14/100|[from] item: Leftovers\n|-ability|p2a: Espathra|Speed Boost|boost\n|-boost|p2a: Espathra|spe|1\n|upkeep\n|turn|8\n|inactive|Benny0000 has 30 seconds left.\n|inactive|chaos damage has 30 seconds left.\n|\n|t:|1788200964\n|move|p1a: Sinistcha|Rage Powder|p1a: Sinistcha\n|-singleturn|p1a: Sinistcha|move: Rage Powder\n|move|p2a: Espathra|Psychic|p1a: Sinistcha\n|-damage|p1a: Sinistcha|5/100\n|-unboost|p1a: Sinistcha|spd|1\n|-enditem|p1a: Sinistcha|Sitrus Berry|[eat]\n|-heal|p1a: Sinistcha|29/100|[from] item: Sitrus Berry\n|move|p2b: Archaludon|Flash Cannon|p1a: Sinistcha\n|-damage|p1a: Sinistcha|0 fnt\n|faint|p1a: Sinistcha\n|move|p1b: Floette|Draining Kiss|p2b: Archaludon\n|-damage|p2b: Archaludon|38/100\n|-heal|p1b: Floette|33/100|[from] drain|[of] p2b: Archaludon\n|-ability|p2b: Archaludon|Stamina|boost\n|-boost|p2b: Archaludon|def|1\n|\n|-heal|p2a: Espathra|20/100y|[from] item: Leftovers\n|-ability|p2a: Espathra|Speed Boost|boost\n|-boost|p2a: Espathra|spe|1\n|upkeep\n|\n|t:|1788200984\n|switch|p1a: Incineroar|Incineroar, L50, M|60/100\n|-ability|p1a: Incineroar|Intimidate|boost\n|-unboost|p2a: Espathra|atk|1\n|-unboost|p2b: Archaludon|atk|1\n|turn|9\n|inactive|chaos damage has 30 seconds left.\n|\n|t:|1788201012\n|move|p2a: Espathra|Protect|p2a: Espathra\n|-singleturn|p2a: Espathra|Protect\n|move|p2b: Archaludon|Protect|p2b: Archaludon\n|-singleturn|p2b: Archaludon|Protect\n|move|p1a: Incineroar|Fake Out|p2b: Archaludon\n|-activate|p2b: Archaludon|move: Protect\n|move|p1b: Floette|Dazzling Gleam|p2a: Espathra|[spread] \n|-activate|p2a: Espathra|move: Protect\n|-activate|p2b: Archaludon|move: Protect\n|\n|-heal|p2a: Espathra|25/100|[from] item: Leftovers\n|-heal|p1a: Incineroar|66/100|[from] item: Leftovers\n|-ability|p2a: Espathra|Speed Boost|boost\n|-boost|p2a: Espathra|spe|1\n|upkeep\n|turn|10\n|\n|t:|1788201036\n|switch|p1a: Sneasler|Sneasler, L50, M|100/100\n|move|p1b: Floette|Protect|p1b: Floette\n|-singleturn|p1b: Floette|Protect\n|move|p2a: Espathra|Calm Mind|p2a: Espathra\n|-boost|p2a: Espathra|spa|1\n|-boost|p2a: Espathra|spd|1\n|move|p2b: Archaludon|Flash Cannon|p1b: Floette\n|-activate|p1b: Floette|move: Protect\n|\n|-heal|p2a: Espathra|31/100|[from] item: Leftovers\n|-ability|p2a: Espathra|Speed Boost|boost\n|-boost|p2a: Espathra|spe|1\n|upkeep\n|turn|11\n|inactive|Benny0000 has 30 seconds left.\n|\n|t:|1788201062\n|move|p1a: Sneasler|Fake Out|p2a: Espathra\n|-damage|p2a: Espathra|17/100\n|cant|p2a: Espathra|flinch\n|move|p2b: Archaludon|Flash Cannon|p1b: Floette\n|-supereffective|p1b: Floette|1\n|-damage|p1b: Floette|0 fnt\n|faint|p1b: Floette\n|\n|-heal|p2a: Espathra|22/100|[from] item: Leftovers\n|-ability|p2a: Espathra|Speed Boost|boost\n|-boost|p2a: Espathra|spe|1\n|upkeep\n|\n|t:|1788201073\n|switch|p1b: Incineroar|Incineroar, L50, M|66/100\n|-ability|p1b: Incineroar|Intimidate|boost\n|-unboost|p2a: Espathra|atk|1\n|-unboost|p2b: Archaludon|atk|1\n|turn|12\n|\n|t:|1788201086\n|move|p2a: Espathra|Psychic|p1a: Sneasler\n|-supereffective|p1a: Sneasler|2\n|-enditem|p1a: Sneasler|Focus Sash\n|-damage|p1a: Sneasler|1/100\n|move|p2b: Archaludon|Dragon Pulse|p1b: Incineroar\n|-damage|p1b: Incineroar|29/100\n|move|p1a: Sneasler|Coaching|p1b: Incineroar\n|-boost|p1b: Incineroar|atk|1\n|-boost|p1b: Incineroar|def|1\n|move|p1b: Incineroar|Flare Blitz|p2b: Archaludon\n|-crit|p2b: Archaludon\n|-damage|p2b: Archaludon|0 fnt\n|faint|p2b: Archaludon\n|-damage|p1b: Incineroar|16/100|[from] Recoil\n|\n|-heal|p2a: Espathra|28/100|[from] item: Leftovers\n|-heal|p1b: Incineroar|22/100|[from] item: Leftovers\n|upkeep\n|turn|13\n|c|☆chaos damage|gah\n|c|☆chaos damage|gg\n|-message|chaos damage forfeited.\n|\n|win|Benny0000\n|raw|Benny0000's rating: 1311 &rarr; <strong>1321</strong><br />(+10 for winning)\n|raw|chaos damage's rating: 1120 &rarr; <strong>1108</strong><br />(-12 for losing)\n","uploadtime":1788201108,"views":"10","formatid":"gen9championsvgc2026regmbbo3","rating":1108,"private":0,"password":null}