{"id":"gen9championsvgc2026regmbbo3-2674012301","format":"[Gen 9 Champions] VGC 2026 Reg M-B (Bo3)","players":["humania1","wolfcove"],"log":"|j|☆humania1\n|j|☆wolfcove\n|html|<table width=\"100%\"><tr><td align=\"left\">humania1</td><td align=\"right\">wolfcove</tr><tr><td align=\"left\"><i class=\"fa fa-circle-o\"></i> <i class=\"fa fa-circle-o\"></i> </td><td align=\"right\"><i class=\"fa fa-circle-o\"></i> <i class=\"fa fa-circle-o\"></i> </tr></table>\n|uhtml|bestof|<h2><strong>Game 1</strong> of <a href=\"/game-bestof3-gen9championsvgc2026regmbbo3-2674012300\">a best-of-3</a></h2>\n|t:|1788288074\n|gametype|doubles\n|player|p1|humania1|266|1082\n|player|p2|wolfcove|265|1000\n|gen|9\n|tier|[Gen 9 Champions] VGC 2026 Reg M-B (Bo3)\n|rated|\n|rule|Species Clause: Limit one of each Pokémon\n|rule|Item Clause: Limit 1 of each item\n|clearpoke\n|poke|p1|Blastoise, L50, M|\n|poke|p1|Delphox, L50, M, shiny|\n|poke|p1|Incineroar, L50, M|\n|poke|p1|Sinistcha, L50|\n|poke|p1|Sneasler, L50, M|\n|poke|p1|Vivillon, L50, M|\n|poke|p2|Garchomp, L50, M|\n|poke|p2|Lycanroc-Dusk, L50, M|\n|poke|p2|Charizard, L50, F|\n|poke|p2|Whimsicott, L50, F|\n|poke|p2|Sneasler, L50, M|\n|poke|p2|Glaceon, L50, F|\n|teampreview|4\n|showteam|p1|Blastoise||Blastoisinite|Torrent|Protect,ShellSmash,WaterSpout,DarkPulse|Modest||M|||50|]Delphox||Delphoxite|Blaze|Protect,HeatWave,Psyshock,NastyPlot|Timid||M|||50|]Incineroar||PasshoBerry|Intimidate|FakeOut,PartingShot,FlareBlitz,ThroatChop|Impish||M|||50|]Sinistcha||SitrusBerry|Hospitality|Protect,MatchaGotcha,TrickRoom,RagePowder|Bold|||||50|]Sneasler||FocusSash|PoisonTouch|QuickGuard,FakeOut,CloseCombat,DireClaw|Jolly||M|||50|]Vivillon||ChoiceScarf|CompoundEyes|Hurricane,SleepPowder,RagePowder,Uturn|Timid||M|||50|\n|showteam|p2|Garchomp||LifeOrb|RoughSkin|DragonClaw,Earthquake,Protect,StealthRock|Adamant||M|||50|]Lycanroc-Dusk||FocusSash|ToughClaws|RockSlide,PsychicFangs,Protect,DrillRun|Adamant||M|||50|]Charizard||CharizarditeY|Blaze|HeatWave,SolarBeam,Protect,AncientPower|Naive||F|||50|]Whimsicott||FairyFeather|Prankster|Tailwind,Moonblast,Encore,HelpingHand|Hasty||F|||50|]Sneasler||WhiteHerb|Pressure|CloseCombat,FakeOut,Protect,AerialAce|Adamant||M|||50|]Glaceon||NeverMeltIce|IceBody|Snowscape,IceBeam,WeatherBall,Protect|Quiet||F|||50|\n|inactive|Battle timer is ON: inactive players will automatically lose when time's up. (requested by humania1)\n|inactive|wolfcove has 60 seconds left.\n|\n|t:|1788288128\n|teamsize|p1|4\n|teamsize|p2|4\n|start\n|switch|p1a: Delphox|Delphox, L50, M, shiny|100/100\n|switch|p1b: Incineroar|Incineroar, L50, M|100/100\n|switch|p2a: Lycanroc|Lycanroc-Dusk, L50, M|100/100\n|switch|p2b: Sneasler|Sneasler, L50, M|100/100\n|-ability|p2b: Sneasler|Pressure\n|-ability|p1b: Incineroar|Intimidate|boost\n|-unboost|p2a: Lycanroc|atk|1\n|-unboost|p2b: Sneasler|atk|1\n|-enditem|p2b: Sneasler|White Herb\n|-clearnegativeboost|p2b: Sneasler|[silent]\n|turn|1\n|\n|t:|1788288145\n|switch|p1b: Sinistcha|Sinistcha, L50|100/100\n|detailschange|p1a: Delphox|Delphox-Mega, L50, M, shiny\n|-mega|p1a: Delphox|Delphox|Delphoxite\n|move|p2b: Sneasler|Fake Out|p1b: Sinistcha\n|-immune|p1b: Sinistcha\n|move|p1a: Delphox|Psyshock|p2b: Sneasler\n|-supereffective|p2b: Sneasler|2\n|-damage|p2b: Sneasler|0 fnt\n|faint|p2b: Sneasler\n|move|p2a: Lycanroc|Rock Slide|p1b: Sinistcha|[spread] p1b\n|-miss|p2a: Lycanroc|p1a: Delphox\n|-damage|p1b: Sinistcha|82/100\n|\n|upkeep\n|\n|t:|1788288170\n|switch|p2b: Garchomp|Garchomp, L50, M|100/100\n|turn|2\n|\n|t:|1788288178\n|move|p1a: Delphox|Psyshock|p2a: Lycanroc\n|-damage|p2a: Lycanroc|14/100\n|move|p2a: Lycanroc|Rock Slide|p1a: Delphox|[spread] p1a,p1b\n|-supereffective|p1a: Delphox|1\n|-damage|p1a: Delphox|39/100\n|-damage|p1b: Sinistcha|67/100\n|move|p2b: Garchomp|Stealth Rock|p1a: Delphox\n|-sidestart|p1: humania1|move: Stealth Rock\n|cant|p1b: Sinistcha|flinch\n|\n|upkeep\n|turn|3\n|\n|t:|1788288201\n|move|p1a: Delphox|Protect|p1a: Delphox\n|-singleturn|p1a: Delphox|Protect\n|move|p2a: Lycanroc|Rock Slide|p1b: Sinistcha|[spread] p1b\n|-activate|p1a: Delphox|move: Protect\n|-damage|p1b: Sinistcha|51/100\n|move|p2b: Garchomp|Dragon Claw|p1b: Sinistcha\n|-damage|p1b: Sinistcha|2/100\n|-enditem|p1b: Sinistcha|Sitrus Berry|[eat]\n|-heal|p1b: Sinistcha|27/100|[from] item: Sitrus Berry\n|-damage|p2b: Garchomp|90/100|[from] item: Life Orb\n|cant|p1b: Sinistcha|flinch\n|\n|upkeep\n|turn|4\n|inactive|wolfcove has 30 seconds left.\n|inactive|wolfcove has 20 seconds left.\n|\n|t:|1788288241\n|switch|p1a: Incineroar|Incineroar, L50, M|100/100\n|-damage|p1a: Incineroar|75/100|[from] Stealth Rock\n|-ability|p1a: Incineroar|Intimidate|boost\n|-unboost|p2a: Lycanroc|atk|1\n|-unboost|p2b: Garchomp|atk|1\n|move|p2a: Lycanroc|Rock Slide|p1b: Sinistcha|[spread] p1b\n|-miss|p2a: Lycanroc|p1a: Incineroar\n|-damage|p1b: Sinistcha|13/100\n|move|p2b: Garchomp|Dragon Claw|p1b: Sinistcha\n|-damage|p1b: Sinistcha|0 fnt\n|faint|p1b: Sinistcha\n|-damage|p2b: Garchomp|80/100|[from] item: Life Orb\n|\n|upkeep\n|\n|t:|1788288241\n|switch|p1b: Delphox|Delphox-Mega, L50, M, shiny|39/100\n|-damage|p1b: Delphox|15/100|[from] Stealth Rock\n|turn|5\n|inactive|wolfcove has 30 seconds left.\n|\n|t:|1788288269\n|move|p1b: Delphox|Protect|p1b: Delphox\n|-singleturn|p1b: Delphox|Protect\n|move|p2a: Lycanroc|Protect|p2a: Lycanroc\n|-singleturn|p2a: Lycanroc|Protect\n|move|p2b: Garchomp|Earthquake|p1a: Incineroar|[spread] p1a\n|-activate|p2a: Lycanroc|move: Protect\n|-activate|p1b: Delphox|move: Protect\n|-supereffective|p1a: Incineroar|1\n|-damage|p1a: Incineroar|15/100\n|-damage|p2b: Garchomp|70/100|[from] item: Life Orb\n|move|p1a: Incineroar|Throat Chop|p2a: Lycanroc\n|-activate|p2a: Lycanroc|move: Protect\n|\n|upkeep\n|turn|6\n|\n|t:|1788288290\n|switch|p1a: Sneasler|Sneasler, L50, M|100/100\n|-damage|p1a: Sneasler|94/100|[from] Stealth Rock\n|move|p1b: Delphox|Psyshock|p2a: Lycanroc\n|-damage|p2a: Lycanroc|0 fnt\n|faint|p2a: Lycanroc\n|move|p2b: Garchomp|Dragon Claw|p1a: Sneasler\n|-damage|p1a: Sneasler|21/100\n|-damage|p2b: Garchomp|60/100|[from] item: Life Orb\n|\n|upkeep\n|inactive|wolfcove has 30 seconds left.\n|\n|t:|1788288318\n|switch|p2a: Charizard|Charizard, L50, F|100/100\n|turn|7\n|\n|t:|1788288330\n|detailschange|p2a: Charizard|Charizard-Mega-Y, L50, F\n|-mega|p2a: Charizard|Charizard|Charizardite Y\n|-weather|SunnyDay|[from] ability: Drought|[of] p2a: Charizard\n|move|p1b: Delphox|Protect|p1b: Delphox\n|-singleturn|p1b: Delphox|Protect\n|move|p1a: Sneasler|Close Combat|p2b: Garchomp\n|-damage|p2b: Garchomp|7/100\n|-unboost|p1a: Sneasler|def|1\n|-unboost|p1a: Sneasler|spd|1\n|-damage|p1a: Sneasler|8/100|[from] ability: Rough Skin|[of] p2b: Garchomp\n|move|p2a: Charizard|Heat Wave|p1b: Delphox|[spread] p1a\n|-activate|p1b: Delphox|move: Protect\n|-damage|p1a: Sneasler|0 fnt\n|faint|p1a: Sneasler\n|move|p2b: Garchomp|Dragon Claw|p1b: Delphox\n|-activate|p1b: Delphox|move: Protect\n|\n|-weather|SunnyDay|[upkeep]\n|upkeep\n|\n|t:|1788288330\n|switch|p1a: Incineroar|Incineroar, L50, M|15/100\n|-damage|p1a: Incineroar|0 fnt|[from] Stealth Rock\n|faint|p1a: Incineroar\n|turn|8\n|inactive|wolfcove has 30 seconds left.\n|\n|t:|1788288360\n|move|p1b: Delphox|Psyshock|p2b: Garchomp\n|-damage|p2b: Garchomp|0 fnt\n|faint|p2b: Garchomp\n|move|p2a: Charizard|Ancient Power|p1b: Delphox\n|-supereffective|p1b: Delphox|1\n|-damage|p1b: Delphox|0 fnt\n|faint|p1b: Delphox\n|\n|win|wolfcove\n","uploadtime":1788288360,"views":"0","formatid":"gen9championsvgc2026regmbbo3","rating":null,"private":0,"password":null}