{"id":"gen9championsvgc2026regmb-2674393726","format":"[Gen 9 Champions] VGC 2026 Reg M-B","players":["Dajuicebar","alexismydog"],"log":"|j|‽Dajuicebar\n|j|☆alexismydog\n|t:|1788354125\n|gametype|doubles\n|player|p1|Dajuicebar|101|1545\n|player|p2|alexismydog|265|1661\n|gen|9\n|tier|[Gen 9 Champions] VGC 2026 Reg M-B\n|rated|\n|rule|Species Clause: Limit one of each Pokémon\n|rule|Item Clause: Limit 1 of each item\n|clearpoke\n|poke|p1|Archaludon, L50, F|\n|poke|p1|Pelipper, L50, M|\n|poke|p1|Sinistcha, L50|\n|poke|p1|Grimmsnarl, L50, M|\n|poke|p1|Greninja, L50, M|\n|poke|p1|Pinsir, L50, F|\n|poke|p2|Tyranitar, L50, M|\n|poke|p2|Excadrill, L50, M|\n|poke|p2|Sinistcha, L50|\n|poke|p2|Gholdengo, L50|\n|poke|p2|Staraptor, L50, M|\n|poke|p2|Milotic, L50, M|\n|teampreview|4\n|inactive|Battle timer is ON: inactive players will automatically lose when time's up. (requested by Dajuicebar)\n|inactive|Dajuicebar has 60 seconds left.\n|\n|t:|1788354182\n|teamsize|p1|4\n|teamsize|p2|4\n|start\n|switch|p1a: Greninja|Greninja, L50, M|100/100\n|switch|p1b: Grimmsnarl|Grimmsnarl, L50, M|100/100\n|switch|p2a: Staraptor|Staraptor, L50, M|100/100\n|switch|p2b: Sinistcha|Sinistcha, L50|100/100\n|-ability|p2a: Staraptor|Intimidate|boost\n|-unboost|p1a: Greninja|atk|1\n|-unboost|p1b: Grimmsnarl|atk|1\n|turn|1\n|\n|t:|1788354202\n|detailschange|p2a: Staraptor|Staraptor-Mega, L50, M\n|-mega|p2a: Staraptor|Staraptor|Staraptite\n|move|p1b: Grimmsnarl|Fake Out|p2a: Staraptor\n|-damage|p2a: Staraptor|93/100\n|move|p1a: Greninja|Extrasensory|p2a: Staraptor\n|-start|p1a: Greninja|typechange|Psychic|[from] ability: Protean\n|-supereffective|p2a: Staraptor|1\n|-damage|p2a: Staraptor|0 fnt\n|faint|p2a: Staraptor\n|-damage|p1a: Greninja|90/100|[from] item: Life Orb\n|move|p2b: Sinistcha|Matcha Gotcha|p1b: Grimmsnarl|[spread] p1b\n|-miss|p2b: Sinistcha|p1a: Greninja\n|-damage|p1b: Grimmsnarl|80/100\n|\n|upkeep\n|\n|t:|1788354217\n|switch|p2a: Tyranitar|Tyranitar, L50, M|100/100\n|-weather|Sandstorm|[from] ability: Sand Stream|[of] p2a: Tyranitar\n|turn|2\n|\n|t:|1788354228\n|move|p1a: Greninja|Protect|p1a: Greninja\n|-singleturn|p1a: Greninja|Protect\n|move|p2b: Sinistcha|Rage Powder|p2b: Sinistcha\n|-singleturn|p2b: Sinistcha|move: Rage Powder\n|move|p1b: Grimmsnarl|Reflect|p1b: Grimmsnarl\n|-sidestart|p1: Dajuicebar|Reflect\n|move|p2a: Tyranitar|Dragon Dance|p2a: Tyranitar\n|-boost|p2a: Tyranitar|atk|1\n|-boost|p2a: Tyranitar|spe|1\n|\n|-weather|Sandstorm|[upkeep]\n|-damage|p1a: Greninja|84/100|[from] Sandstorm\n|-damage|p2b: Sinistcha|93/100|[from] Sandstorm\n|-damage|p1b: Grimmsnarl|74/100|[from] Sandstorm\n|-heal|p2b: Sinistcha|100/100|[from] item: Leftovers\n|upkeep\n|turn|3\n|\n|t:|1788354241\n|move|p2b: Sinistcha|Rage Powder|p2b: Sinistcha\n|-singleturn|p2b: Sinistcha|move: Rage Powder\n|move|p1b: Grimmsnarl|Parting Shot|p2b: Sinistcha\n|-unboost|p2b: Sinistcha|atk|1\n|-unboost|p2b: Sinistcha|spa|1\n|\n|t:|1788354248\n|switch|p1b: Sinistcha|Sinistcha, L50|100/100|[from] Parting Shot\n|-heal|p1a: Greninja|100/100|[from] ability: Hospitality|[of] p1b: Sinistcha\n|move|p1a: Greninja|Dark Pulse|p2b: Sinistcha\n|-supereffective|p2b: Sinistcha|1\n|-damage|p2b: Sinistcha|41/100\n|-damage|p1a: Greninja|90/100|[from] item: Life Orb\n|move|p2a: Tyranitar|Dragon Dance|p2a: Tyranitar\n|-boost|p2a: Tyranitar|atk|1\n|-boost|p2a: Tyranitar|spe|1\n|\n|-weather|Sandstorm|[upkeep]\n|-damage|p1a: Greninja|84/100|[from] Sandstorm\n|-damage|p1b: Sinistcha|93/100|[from] Sandstorm\n|-damage|p2b: Sinistcha|35/100|[from] Sandstorm\n|-heal|p2b: Sinistcha|41/100|[from] item: Leftovers\n|upkeep\n|turn|4\n|\n|t:|1788354263\n|move|p1b: Sinistcha|Rage Powder|p1b: Sinistcha\n|-singleturn|p1b: Sinistcha|move: Rage Powder\n|move|p2a: Tyranitar|Knock Off|p1b: Sinistcha\n|-supereffective|p1b: Sinistcha|1\n|-damage|p1b: Sinistcha|1/100\n|-enditem|p1b: Sinistcha|Kasib Berry|[from] move: Knock Off|[of] p2a: Tyranitar\n|move|p1a: Greninja|Dark Pulse|p2b: Sinistcha\n|-supereffective|p2b: Sinistcha|1\n|-damage|p2b: Sinistcha|0 fnt\n|faint|p2b: Sinistcha\n|-damage|p1a: Greninja|75/100|[from] item: Life Orb\n|\n|-weather|Sandstorm|[upkeep]\n|-damage|p1a: Greninja|69/100|[from] Sandstorm\n|-damage|p1b: Sinistcha|0 fnt|[from] Sandstorm\n|faint|p1b: Sinistcha\n|upkeep\n|\n|t:|1788354275\n|switch|p2b: Excadrill|Excadrill, L50, M|100/100\n|switch|p1b: Pelipper|Pelipper, L50, M|100/100\n|-weather|RainDance|[from] ability: Drizzle|[of] p1b: Pelipper\n|turn|5\n|\n|t:|1788354289\n|move|p2a: Tyranitar|Knock Off|p1a: Greninja\n|-supereffective|p1a: Greninja|1\n|-damage|p1a: Greninja|0 fnt\n|-enditem|p1a: Greninja|Life Orb|[from] move: Knock Off|[of] p2a: Tyranitar\n|faint|p1a: Greninja\n|move|p2b: Excadrill|Rock Slide|p1b: Pelipper\n|-supereffective|p1b: Pelipper|1\n|-damage|p1b: Pelipper|34/100\n|-damage|p2b: Excadrill|90/100|[from] item: Life Orb\n|move|p1b: Pelipper|Tailwind|p1b: Pelipper\n|-sidestart|p1: Dajuicebar|move: Tailwind\n|\n|-weather|RainDance|[upkeep]\n|upkeep\n|\n|t:|1788354292\n|switch|p1a: Grimmsnarl|Grimmsnarl, L50, M|74/100\n|turn|6\n|\n|t:|1788354304\n|move|p1a: Grimmsnarl|Fake Out|p2b: Excadrill\n|-resisted|p2b: Excadrill|1\n|-damage|p2b: Excadrill|82/100\n|move|p2a: Tyranitar|Knock Off|p1b: Pelipper\n|-damage|p1b: Pelipper|0 fnt\n|-enditem|p1b: Pelipper|Focus Sash|[from] move: Knock Off|[of] p2a: Tyranitar\n|faint|p1b: Pelipper\n|cant|p2b: Excadrill|flinch\n|\n|-weather|RainDance|[upkeep]\n|upkeep\n|turn|7\n|-message|Dajuicebar forfeited.\n|\n|win|alexismydog\n|raw|Dajuicebar's rating: 1545 &rarr; <strong>1531</strong><br />(-14 for losing)\n|raw|alexismydog's rating: 1661 &rarr; <strong>1675</strong><br />(+14 for winning)\n|l|‽Dajuicebar\n|player|p1|\n","uploadtime":1788354316,"views":"11","formatid":"gen9championsvgc2026regmb","rating":1531,"private":0,"password":null}