{"id":"gen9championsvgc2026regmb-2674193353","format":"[Gen 9 Champions] VGC 2026 Reg M-B","players":["mr.danil","kidmilk1"],"log":"|j|☆mr.danil\n|j|☆kidmilk1\n|html|<table width=\"100%\"><tr><td align=\"left\">mr.danil</td><td align=\"right\">kidmilk1</tr><tr><td align=\"left\"><i class=\"fa fa-circle-o\"></i> <i class=\"fa fa-circle-o\"></i> </td><td align=\"right\"><i class=\"fa fa-circle-o\"></i> <i class=\"fa fa-circle\"></i> </tr></table>\n|uhtml|bestof|<h2><strong>Game 2</strong> of <a href=\"/game-bestof3-gen9championsvgc2026regmb-2674192083\">a best-of-3</a></h2>\n|t:|1788313312\n|gametype|doubles\n|player|p1|mr.danil|cyrus|\n|player|p2|kidmilk1|waitress-gen4|\n|gen|9\n|tier|[Gen 9 Champions] VGC 2026 Reg M-B\n|rule|Species Clause: Limit one of each Pokémon\n|rule|Item Clause: Limit 1 of each item\n|raw|<div class=\"infobox\"><details class=\"readmore\" open><summary><strong>1 custom rule:</strong></summary> Best of = 3</details></div>\n|clearpoke\n|poke|p1|Froslass, L50, F|\n|poke|p1|Archaludon, L50, M|\n|poke|p1|Tinkaton, L50, F|\n|poke|p1|Sableye, L50, M|\n|poke|p1|Altaria, L50, F|\n|poke|p1|Venusaur, L50, M|\n|poke|p2|Aerodactyl, L50, F, shiny|\n|poke|p2|Overqwil, L50, F, shiny|\n|poke|p2|Annihilape, L50, M, shiny|\n|poke|p2|Mamoswine, L50, M, shiny|\n|poke|p2|Gardevoir, L50, M, shiny|\n|poke|p2|Simipour, L50, M, shiny|\n|teampreview|4\n|l|☆mr.danil\n|player|p1|\nkidmilk1 rejected open team sheets.\n|j|☆mr.danil\n|player|p1|mr.danil|cyrus|\n|\n|t:|1788313377\n|teamsize|p1|4\n|teamsize|p2|4\n|start\n|switch|p1a: Froslass|Froslass, L50, F|100/100\n|switch|p1b: Tinkaton|Tinkaton, L50, F|100/100\n|switch|p2a: Platonic|Overqwil, L50, F, shiny|100/100\n|switch|p2b: Mike Jones|Annihilape, L50, M, shiny|100/100\n|-ability|p1b: Tinkaton|Mold Breaker\n|-ability|p2a: Platonic|Intimidate|boost\n|-unboost|p1a: Froslass|atk|1\n|-unboost|p1b: Tinkaton|atk|1\n|turn|1\n|\n|t:|1788313408\n|detailschange|p1a: Froslass|Froslass-Mega, L50, F\n|-mega|p1a: Froslass|Froslass|Froslassite\n|-weather|Snowscape|[from] ability: Snow Warning|[of] p1a: Froslass\n|move|p2a: Platonic|Protect|p2a: Platonic\n|-singleturn|p2a: Platonic|Protect\n|move|p2b: Mike Jones|Protect|p2b: Mike Jones\n|-singleturn|p2b: Mike Jones|Protect\n|move|p1b: Tinkaton|Fake Out|p2a: Platonic\n|-activate|p2a: Platonic|move: Protect\n|move|p1a: Froslass|Shadow Ball|p2b: Mike Jones\n|-activate|p2b: Mike Jones|move: Protect\n|\n|-weather|Snowscape|[upkeep]\n|upkeep\n|turn|2\n|\n|t:|1788313437\n|move|p1a: Froslass|Protect|p1a: Froslass\n|-singleturn|p1a: Froslass|Protect\n|move|p1b: Tinkaton|Gigaton Hammer|p2b: Mike Jones\n|-damage|p2b: Mike Jones|59/100\n|move|p2a: Platonic|Pin Missile|p2b: Mike Jones\n|-resisted|p2b: Mike Jones|2\n|-damage|p2b: Mike Jones|58/100\n|-resisted|p2b: Mike Jones|2\n|-damage|p2b: Mike Jones|56/100\n|-resisted|p2b: Mike Jones|2\n|-damage|p2b: Mike Jones|55/100\n|-hitcount|p2b: Mike Jones|3\n|move|p2b: Mike Jones|Rage Fist|p1a: Froslass\n|-activate|p1a: Froslass|move: Protect\n|\n|-weather|Snowscape|[upkeep]\n|-heal|p2b: Mike Jones|61/100|[from] item: Leftovers\n|upkeep\n|turn|3\n|\n|t:|1788313469\n|switch|p2a: Pterry|Aerodactyl, L50, F, shiny|100/100\n|-ability|p2a: Pterry|Unnerve\n|move|p1a: Froslass|Blizzard|p2a: Pterry|[spread] p2a,p2b\n|-supereffective|p2a: Pterry|1\n|-enditem|p2a: Pterry|Focus Sash\n|-damage|p2a: Pterry|1/100\n|-damage|p2b: Mike Jones|33/100\n|move|p1b: Tinkaton|Knock Off|p2b: Mike Jones\n|-damage|p2b: Mike Jones|15/100\n|-enditem|p2b: Mike Jones|Leftovers|[from] move: Knock Off|[of] p1b: Tinkaton\n|move|p2b: Mike Jones|Rage Fist|p1a: Froslass\n|-supereffective|p1a: Froslass|1\n|-damage|p1a: Froslass|0 fnt\n|faint|p1a: Froslass\n|\n|-weather|Snowscape|[upkeep]\n|upkeep\n|\n|t:|1788313485\n|switch|p1a: Venusaur|Venusaur, L50, M|100/100\n|turn|4\n|\n|t:|1788313512\n|move|p1a: Venusaur|Protect|p1a: Venusaur\n|-singleturn|p1a: Venusaur|Protect\n|move|p2a: Pterry|Tailwind|p2a: Pterry\n|-sidestart|p2: kidmilk1|move: Tailwind\n|move|p2b: Mike Jones|Rage Fist|p1a: Venusaur\n|-activate|p1a: Venusaur|move: Protect\n|move|p1b: Tinkaton|Knock Off|p2a: Pterry\n|-crit|p2a: Pterry\n|-damage|p2a: Pterry|0 fnt\n|faint|p2a: Pterry\n|\n|-weather|Snowscape|[upkeep]\n|upkeep\n|\n|t:|1788313523\n|switch|p2a: Crino|Gardevoir, L50, M, shiny|100/100\n|turn|5\n|\n|t:|1788313538\n|detailschange|p2a: Crino|Gardevoir-Mega, L50, M, shiny\n|-mega|p2a: Crino|Gardevoir|Gardevoirite\n|move|p2b: Mike Jones|Rage Fist|p1b: Tinkaton\n|-damage|p1b: Tinkaton|0 fnt\n|faint|p1b: Tinkaton\n|move|p2a: Crino|Psychic|p1a: Venusaur\n|-supereffective|p1a: Venusaur|1\n|-damage|p1a: Venusaur|0 fnt\n|faint|p1a: Venusaur\n|\n|-weather|none\n|upkeep\n|\n|t:|1788313547\n|switch|p1b: Archaludon|Archaludon, L50, M|100/100\n|turn|6\n|\n|t:|1788313556\n|move|p2b: Mike Jones|Drain Punch|p1b: Archaludon\n|-supereffective|p1b: Archaludon|1\n|-damage|p1b: Archaludon|63/100\n|-heal|p2b: Mike Jones|32/100|[from] drain|[of] p1b: Archaludon\n|-ability|p1b: Archaludon|Stamina|boost\n|-boost|p1b: Archaludon|def|1\n|move|p2a: Crino|Hyper Voice|p1b: Archaludon\n|-damage|p1b: Archaludon|0 fnt\n|faint|p1b: Archaludon\n|\n|win|kidmilk1\n|c|☆mr.danil|gg\n|c|☆kidmilk1|GG\n|l|☆mr.danil\n|player|p1|\n","uploadtime":1788313606,"views":"10","formatid":"gen9championsvgc2026regmb","rating":null,"private":0,"password":null}