{"id":"gen9championsvgc2026regmb-2674610368","format":"[Gen 9 Champions] VGC 2026 Reg M-B","players":["gonegeb","chris2222"],"log":"|j|☆gonegeb\n|j|☆chris2222\n|t:|1788379978\n|gametype|doubles\n|player|p1|gonegeb|corbeau|1286\n|player|p2|chris2222|102|1346\n|gen|9\n|tier|[Gen 9 Champions] VGC 2026 Reg M-B\n|rated|\n|rule|Species Clause: Limit one of each Pokémon\n|rule|Item Clause: Limit 1 of each item\n|clearpoke\n|poke|p1|Lucario, L50, M|\n|poke|p1|Umbreon, L50, M, shiny|\n|poke|p1|Arcanine-Hisui, L50, M, shiny|\n|poke|p1|Ceruledge, L50, M|\n|poke|p1|Corviknight, L50, M|\n|poke|p1|Whimsicott, L50, F, shiny|\n|poke|p2|Raichu, L50, M|\n|poke|p2|Archaludon, L50, M|\n|poke|p2|Politoed, L50, F|\n|poke|p2|Arcanine-Hisui, L50, F|\n|poke|p2|Whimsicott, L50, F|\n|poke|p2|Staraptor, L50, M|\n|teampreview|4\n|\n|t:|1788380020\n|teamsize|p1|4\n|teamsize|p2|4\n|start\n|switch|p1a: Lucario|Lucario, L50, M|100/100\n|switch|p1b: Whimsicott|Whimsicott, L50, F, shiny|100/100\n|switch|p2a: Staraptor|Staraptor, L50, M|100/100\n|switch|p2b: Whimsicott|Whimsicott, L50, F|100/100\n|-ability|p2a: Staraptor|Intimidate|boost\n|-fail|p1a: Lucario|unboost|atk|[from] ability: Inner Focus|[of] p1a: Lucario\n|-unboost|p1b: Whimsicott|atk|1\n|turn|1\n|inactive|Battle timer is ON: inactive players will automatically lose when time's up. (requested by chris2222)\n|\n|t:|1788380035\n|detailschange|p1a: Lucario|Lucario-Mega, L50, M\n|-mega|p1a: Lucario|Lucario|Lucarionite\n|detailschange|p2a: Staraptor|Staraptor-Mega, L50, M\n|-mega|p2a: Staraptor|Staraptor|Staraptite\n|move|p1a: Lucario|Detect|p1a: Lucario\n|-singleturn|p1a: Lucario|Protect\n|move|p2b: Whimsicott|Charm|p2a: Staraptor\n|-boost|p2a: Staraptor|atk|2\n|move|p1b: Whimsicott|Taunt|p2b: Whimsicott\n|-start|p2b: Whimsicott|move: Taunt\n|move|p2a: Staraptor|Dual Wingbeat|p1b: Whimsicott\n|-supereffective|p1b: Whimsicott|1\n|-crit|p1b: Whimsicott\n|-damage|p1b: Whimsicott|0 fnt\n|faint|p1b: Whimsicott\n|-hitcount|p1: Whimsicott|1\n|\n|upkeep\n|\n|t:|1788380046\n|switch|p1b: Corviknight|Corviknight, L50, M|100/100\n|turn|2\n|\n|t:|1788380059\n|switch|p2b: Politoed|Politoed, L50, F|100/100\n|-weather|RainDance|[from] ability: Drizzle|[of] p2b: Politoed\n|move|p1a: Lucario|Meteor Mash|p2a: Staraptor\n|-damage|p2a: Staraptor|37/100\n|move|p2a: Staraptor|Close Combat|p1a: Lucario\n|-supereffective|p1a: Lucario|1\n|-damage|p1a: Lucario|0 fnt\n|-boost|p2a: Staraptor|def|1\n|-boost|p2a: Staraptor|spd|1\n|faint|p1a: Lucario\n|move|p1b: Corviknight|Brave Bird|p2a: Staraptor\n|-supereffective|p2a: Staraptor|1\n|-damage|p2a: Staraptor|0 fnt\n|faint|p2a: Staraptor\n|-damage|p1b: Corviknight|88/100|[from] Recoil\n|\n|-weather|RainDance|[upkeep]\n|upkeep\n|inactive|chris2222 has 30 seconds left.\n|\n|t:|1788380092\n|switch|p1a: Arcanine|Arcanine-Hisui, L50, M, shiny|100/100\n|switch|p2a: Arcanine|Arcanine-Hisui, L50, F|100/100\n|turn|3\n|\n|t:|1788380114\n|move|p2a: Arcanine|Protect|p2a: Arcanine\n|-singleturn|p2a: Arcanine|Protect\n|move|p1a: Arcanine|Head Smash|p2b: Politoed\n|-damage|p2b: Politoed|31/100\n|-enditem|p2b: Politoed|Sitrus Berry|[eat]\n|-heal|p2b: Politoed|56/100|[from] item: Sitrus Berry\n|move|p2b: Politoed|Perish Song|p2b: Politoed\n|-start|p1a: Arcanine|perish3|[silent]\n|-start|p1b: Corviknight|perish3|[silent]\n|-start|p2a: Arcanine|perish3|[silent]\n|-start|p2b: Politoed|perish3|[silent]\n|-fieldactivate|move: Perish Song\n|move|p1b: Corviknight|Body Press|p2a: Arcanine\n|-activate|p2a: Arcanine|move: Protect\n|\n|-weather|RainDance|[upkeep]\n|-start|p2a: Arcanine|perish3\n|-start|p1a: Arcanine|perish3\n|-start|p2b: Politoed|perish3\n|-start|p1b: Corviknight|perish3\n|upkeep\n|turn|4\n|\n|t:|1788380137\n|switch|p2a: Whimsicott|Whimsicott, L50, F|100/100\n|move|p2b: Politoed|Protect|p2b: Politoed\n|-singleturn|p2b: Politoed|Protect\n|move|p1a: Arcanine|Head Smash|p2a: Whimsicott\n|-damage|p2a: Whimsicott|0 fnt\n|faint|p2a: Whimsicott\n|move|p1b: Corviknight|Bulk Up|p1b: Corviknight\n|-boost|p1b: Corviknight|atk|1\n|-boost|p1b: Corviknight|def|1\n|\n|-weather|RainDance|[upkeep]\n|-start|p1a: Arcanine|perish2\n|-start|p2b: Politoed|perish2\n|-start|p1b: Corviknight|perish2\n|upkeep\n|\n|t:|1788380146\n|switch|p2a: Arcanine|Arcanine-Hisui, L50, F|100/100\n|turn|5\n|\n|t:|1788380155\n|move|p2a: Arcanine|Protect|p2a: Arcanine\n|-singleturn|p2a: Arcanine|Protect\n|move|p1a: Arcanine|Head Smash|p2b: Politoed\n|-damage|p2b: Politoed|0 fnt\n|faint|p2b: Politoed\n|move|p1b: Corviknight|Body Press|p2a: Arcanine\n|-activate|p2a: Arcanine|move: Protect\n|\n|-weather|RainDance|[upkeep]\n|-start|p1a: Arcanine|perish1\n|-start|p1b: Corviknight|perish1\n|upkeep\n|turn|6\n|\n|t:|1788380167\n|move|p2a: Arcanine|Protect||[still]\n|-fail|p2a: Arcanine\n|move|p1a: Arcanine|Head Smash|p2a: Arcanine\n|-supereffective|p2a: Arcanine|1\n|-enditem|p2a: Arcanine|Focus Sash\n|-damage|p2a: Arcanine|1/100\n|move|p1b: Corviknight|Body Press|p2a: Arcanine\n|-supereffective|p2a: Arcanine|1\n|-damage|p2a: Arcanine|0 fnt\n|faint|p2a: Arcanine\n|\n|win|gonegeb\n|raw|gonegeb's rating: 1286 &rarr; <strong>1315</strong><br />(+29 for winning)\n|raw|chris2222's rating: 1346 &rarr; <strong>1323</strong><br />(-23 for losing)\n|l|☆chris2222\n|player|p2|\n","uploadtime":1788380179,"views":"7","formatid":"gen9championsvgc2026regmb","rating":1315,"private":0,"password":null}