{"id":"gen9championsvgc2026regmb-2674792186","format":"[Gen 9 Champions] VGC 2026 Reg M-B","players":["LasermanZ11","Onephoall"],"log":"|j|☆LasermanZ11\n|j|☆Onephoall\n|t:|1788407699\n|gametype|doubles\n|player|p1|LasermanZ11|ash|1196\n|player|p2|Onephoall|1|1192\n|gen|9\n|tier|[Gen 9 Champions] VGC 2026 Reg M-B\n|rated|\n|rule|Species Clause: Limit one of each Pokémon\n|rule|Item Clause: Limit 1 of each item\n|clearpoke\n|poke|p1|Rotom-Heat, L50|\n|poke|p1|Gyarados, L50, M|\n|poke|p1|Sinistcha, L50|\n|poke|p1|Garchomp, L50, M|\n|poke|p1|Corviknight, L50, M|\n|poke|p1|Ninetales-Alola, L50, M|\n|poke|p2|Sylveon, L50, F|\n|poke|p2|Sableye, L50, M|\n|poke|p2|Gengar, L50, F|\n|poke|p2|Kleavor, L50, F|\n|poke|p2|Hydreigon, L50, M|\n|poke|p2|Ninetales-Alola, L50, M|\n|teampreview|4\n|inactive|Battle timer is ON: inactive players will automatically lose when time's up. (requested by Onephoall)\n|inactive|LasermanZ11 has 60 seconds left.\n|inactive|Onephoall has 60 seconds left.\n|inactive|LasermanZ11 has 30 seconds left.\n|inactive|LasermanZ11 has 20 seconds left.\n|inactive|LasermanZ11 has 15 seconds left.\n|inactive|LasermanZ11 has 10 seconds left.\n|\n|t:|1788407781\n|teamsize|p1|4\n|teamsize|p2|4\n|start\n|switch|p1a: Corviknight|Corviknight, L50, M|100/100\n|switch|p1b: Gyarados|Gyarados, L50, M|100/100\n|switch|p2a: Kleavor|Kleavor, L50, F|100/100\n|switch|p2b: Sableye|Sableye, L50, M|100/100\n|-ability|p1b: Gyarados|Intimidate|boost\n|-unboost|p2a: Kleavor|atk|1\n|-unboost|p2b: Sableye|atk|1\n|turn|1\n|inactive|LasermanZ11 has 30 seconds left.\n|inactive|Onephoall has 30 seconds left.\n|inactive|Onephoall has 20 seconds left.\n|inactive|Onephoall has 15 seconds left.\n|inactive|Onephoall has 10 seconds left.\n|\n|t:|1788407828\n|detailschange|p1b: Gyarados|Gyarados-Mega, L50, M\n|-mega|p1b: Gyarados|Gyarados|Gyaradosite\n|-ability|p1b: Gyarados|Mold Breaker\n|move|p2b: Sableye|Thunder Wave|p1b: Gyarados\n|-hint|Since gen 7, Dark is immune to Prankster moves.\n|-immune|p1b: Gyarados\n|move|p2a: Kleavor|X-Scissor|p1b: Gyarados\n|-supereffective|p1b: Gyarados|1\n|-damage|p1b: Gyarados|25/100\n|move|p1b: Gyarados|Waterfall|p2b: Sableye\n|-damage|p2b: Sableye|13/100\n|move|p1a: Corviknight|Iron Head|p2a: Kleavor\n|-supereffective|p2a: Kleavor|1\n|-damage|p2a: Kleavor|6/100\n|\n|upkeep\n|turn|2\n|inactive|Onephoall has 30 seconds left.\n|\n|t:|1788407855\n|move|p1b: Gyarados|Protect|p1b: Gyarados\n|-singleturn|p1b: Gyarados|Protect\n|move|p2b: Sableye|Thunder Wave|p1a: Corviknight\n|-status|p1a: Corviknight|par\n|move|p2a: Kleavor|X-Scissor|p1b: Gyarados\n|-activate|p1b: Gyarados|move: Protect\n|move|p1a: Corviknight|Tailwind|p1a: Corviknight\n|-sidestart|p1: LasermanZ11|move: Tailwind\n|\n|upkeep\n|turn|3\n|inactive|Onephoall has 30 seconds left.\n|\n|t:|1788407881\n|move|p2b: Sableye|Encore|p1a: Corviknight\n|-start|p1a: Corviknight|Encore\n|move|p1b: Gyarados|Waterfall|p2a: Kleavor\n|-supereffective|p2a: Kleavor|1\n|-damage|p2a: Kleavor|0 fnt\n|faint|p2a: Kleavor\n|cant|p1a: Corviknight|par\n|\n|upkeep\n|\n|t:|1788407890\n|switch|p2a: Hydreigon|Hydreigon, L50, M|100/100\n|turn|4\n|\n|t:|1788407907\n|switch|p1a: Garchomp|Garchomp, L50, M|100/100\n|move|p2b: Sableye|Will-O-Wisp|p1a: Garchomp|[miss]\n|-miss|p2b: Sableye|p1a: Garchomp\n|move|p1b: Gyarados|Waterfall|p2b: Sableye\n|-damage|p2b: Sableye|0 fnt\n|faint|p2b: Sableye\n|move|p2a: Hydreigon|Earth Power|p1b: Gyarados\n|-damage|p1b: Gyarados|0 fnt\n|faint|p1b: Gyarados\n|-damage|p2a: Hydreigon|90/100|[from] item: Life Orb\n|\n|upkeep\n|\n|t:|1788407922\n|switch|p1b: Corviknight|Corviknight, L50, M|100/100 par\n|switch|p2b: Gengar|Gengar, L50, F|100/100\n|turn|5\n|\n|t:|1788407934\n|detailschange|p2b: Gengar|Gengar-Mega, L50, F\n|-mega|p2b: Gengar|Gengar|Gengarite\n|move|p2b: Gengar|Protect|p2b: Gengar\n|-singleturn|p2b: Gengar|Protect\n|move|p2a: Hydreigon|Protect|p2a: Hydreigon\n|-singleturn|p2a: Hydreigon|Protect\n|move|p1a: Garchomp|Dragon Claw|p2a: Hydreigon\n|-activate|p2a: Hydreigon|move: Protect\n|move|p1b: Corviknight|Brave Bird|p2b: Gengar\n|-activate|p2b: Gengar|move: Protect\n|\n|-sideend|p1: LasermanZ11|move: Tailwind\n|upkeep\n|turn|6\n|\n|t:|1788407953\n|move|p2b: Gengar|Hex|p1b: Corviknight\n|-damage|p1b: Corviknight|16/100 par\n|move|p1a: Garchomp|Dragon Claw|p2a: Hydreigon\n|-supereffective|p2a: Hydreigon|1\n|-damage|p2a: Hydreigon|0 fnt\n|faint|p2a: Hydreigon\n|-damage|p1a: Garchomp|90/100|[from] item: Life Orb\n|move|p1b: Corviknight|Brave Bird|p2b: Gengar\n|-damage|p2b: Gengar|30/100\n|-damage|p1b: Corviknight|0 fnt|[from] Recoil\n|faint|p1b: Corviknight\n|\n|upkeep\n|-message|Onephoall forfeited.\n|\n|win|LasermanZ11\n|raw|LasermanZ11's rating: 1196 &rarr; <strong>1221</strong><br />(+25 for winning)\n|raw|Onephoall's rating: 1192 &rarr; <strong>1167</strong><br />(-25 for losing)\n|l|☆Onephoall\n|player|p2|\n","uploadtime":1788407966,"views":"1","formatid":"gen9championsvgc2026regmb","rating":1167,"private":0,"password":null}