{"id":"gen9championsvgc2026regmb-2674256237","format":"[Gen 9 Champions] VGC 2026 Reg M-B","players":["Thornlace48812","N0rthana"],"log":"|j|☆Thornlace48812\n|j|☆N0rthana\n|t:|1788324684\n|gametype|doubles\n|player|p1|Thornlace48812|1|1122\n|player|p2|N0rthana|elesa|1086\n|gen|9\n|tier|[Gen 9 Champions] VGC 2026 Reg M-B\n|rated|\n|rule|Species Clause: Limit one of each Pokémon\n|rule|Item Clause: Limit 1 of each item\n|clearpoke\n|poke|p1|Garchomp, L50, M|\n|poke|p1|Charizard, L50, M|\n|poke|p1|Whimsicott, L50, M|\n|poke|p1|Sylveon, L50, M|\n|poke|p1|Kingambit, L50, M|\n|poke|p1|Basculegion, L50, M|\n|poke|p2|Dragonite, L50, M|\n|poke|p2|Pelipper, L50, F|\n|poke|p2|Basculegion-F, L50, F|\n|poke|p2|Toxicroak, L50, M|\n|poke|p2|Floette-Eternal, L50, F|\n|poke|p2|Raichu, L50, M|\n|teampreview|4\n|inactive|Battle timer is ON: inactive players will automatically lose when time's up. (requested by Thornlace48812)\nThornlace48812 rejected open team sheets.\n|\n|t:|1788324707\n|teamsize|p1|4\n|teamsize|p2|4\n|start\n|switch|p1a: Charizard|Charizard, L50, M|100/100\n|switch|p1b: Sylveon|Sylveon, L50, M|100/100\n|switch|p2a: Raichu|Raichu, L50, M|100/100\n|switch|p2b: Floette|Floette-Eternal, L50, F|100/100\n|turn|1\n|\n|t:|1788324719\n|detailschange|p1a: Charizard|Charizard-Mega-Y, L50, M\n|-mega|p1a: Charizard|Charizard|Charizardite Y\n|-weather|SunnyDay|[from] ability: Drought|[of] p1a: Charizard\n|detailschange|p2b: Floette|Floette-Mega, L50, F\n|-mega|p2b: Floette|Floette|Floettite\n|-ability|p2b: Floette|Fairy Aura\n|move|p2a: Raichu|Fake Out|p1b: Sylveon\n|-damage|p1b: Sylveon|87/100\n|move|p2b: Floette|Substitute|p2b: Floette\n|-start|p2b: Floette|Substitute\n|-damage|p2b: Floette|75/100\n|move|p1a: Charizard|Heat Wave|p2a: Raichu|[spread] p2a,p2b\n|-end|p2b: Floette|Substitute\n|-damage|p2a: Raichu|22/100\n|cant|p1b: Sylveon|flinch\n|\n|-weather|SunnyDay|[upkeep]\n|upkeep\n|turn|2\n|\n|t:|1788324737\n|switch|p2b: Pelipper|Pelipper, L50, F|100/100\n|-weather|RainDance|[from] ability: Drizzle|[of] p2b: Pelipper\n|move|p2a: Raichu|Volt Tackle|p1a: Charizard\n|-supereffective|p1a: Charizard|1\n|-damage|p1a: Charizard|0 fnt\n|faint|p1a: Charizard\n|-damage|p2a: Raichu|0 fnt|[from] Recoil\n|faint|p2a: Raichu\n|move|p1b: Sylveon|Hyper Voice|p2b: Pelipper\n|-damage|p2b: Pelipper|7/100\n|-enditem|p2b: Pelipper|Sitrus Berry|[eat]\n|-heal|p2b: Pelipper|32/100|[from] item: Sitrus Berry\n|\n|-weather|RainDance|[upkeep]\n|upkeep\n|\n|t:|1788324748\n|switch|p2a: Basculegend|Basculegion-F, L50, F|100/100\n|switch|p1a: Basculegion|Basculegion, L50, M|100/100\n|turn|3\n|\n|t:|1788324754\n|move|p2b: Pelipper|Wide Guard|p2b: Pelipper\n|-singleturn|p2b: Pelipper|Wide Guard\n|move|p2a: Basculegend|Shadow Ball|p1a: Basculegion\n|-supereffective|p1a: Basculegion|1\n|-crit|p1a: Basculegion\n|-damage|p1a: Basculegion|0 fnt\n|faint|p1a: Basculegion\n|move|p1b: Sylveon|Hyper Beam|p2a: Basculegend|[miss]\n|-miss|p1b: Sylveon|p2a: Basculegend\n|\n|-weather|RainDance|[upkeep]\n|upkeep\n|\n|t:|1788324754\n|switch|p1a: Whimsicott|Whimsicott, L50, M|100/100\n|turn|4\n|\n|t:|1788324771\n|switch|p2b: Floette|Floette-Mega, L50, F|75/100\n|-ability|p2b: Floette|Fairy Aura\n|move|p2a: Basculegend|Shadow Ball|p1b: Sylveon\n|-damage|p1b: Sylveon|58/100\n|-unboost|p1b: Sylveon|spd|1\n|move|p1a: Whimsicott|Moonblast|p2a: Basculegend\n|-damage|p2a: Basculegend|50/100g\n|move|p1b: Sylveon|Hyper Beam|p2a: Basculegend\n|-crit|p2a: Basculegend\n|-damage|p2a: Basculegend|0 fnt\n|-mustrecharge|p1b: Sylveon\n|faint|p2a: Basculegend\n|\n|-weather|RainDance|[upkeep]\n|upkeep\n|\n|t:|1788324782\n|switch|p2a: Pelipper|Pelipper, L50, F|32/100\n|turn|5\n|\n|t:|1788324788\n|move|p1a: Whimsicott|Moonblast|p2a: Pelipper\n|-damage|p2a: Pelipper|0 fnt\n|faint|p2a: Pelipper\n|move|p2b: Floette|Dazzling Gleam|p1a: Whimsicott|[spread] p1a,p1b\n|-damage|p1a: Whimsicott|20/100y\n|-damage|p1b: Sylveon|1/100\n|cant|p1b: Sylveon|recharge\n|\n|-weather|RainDance|[upkeep]\n|upkeep\n|turn|6\n|\n|t:|1788324796\n|move|p1a: Whimsicott|Moonblast|p2b: Floette\n|-damage|p2b: Floette|33/100\n|move|p2b: Floette|Dazzling Gleam|p1a: Whimsicott|[spread] p1a,p1b\n|-damage|p1a: Whimsicott|0 fnt\n|-damage|p1b: Sylveon|0 fnt\n|faint|p1a: Whimsicott\n|faint|p1b: Sylveon\n|\n|win|N0rthana\n|raw|Thornlace48812's rating: 1143 &rarr; <strong>1114</strong><br />(-29 for losing)\n|raw|N0rthana's rating: 1086 &rarr; <strong>1118</strong><br />(+32 for winning)\n","uploadtime":1788324796,"views":"5","formatid":"gen9championsvgc2026regmb","rating":1114,"private":0,"password":null}