{"id":"gen9championsvgc2026regmb-2674538667","format":"[Gen 9 Champions] VGC 2026 Reg M-B","players":["toobionest","skoomanus"],"log":"|j|☆toobionest\n|j|☆skoomanus\n|html|<table width=\"100%\"><tr><td align=\"left\">toobionest</td><td align=\"right\">skoomanus</tr><tr><td align=\"left\"><i class=\"fa fa-circle-o\"></i> <i class=\"fa fa-circle-o\"></i> </td><td align=\"right\"><i class=\"fa fa-circle-o\"></i> <i class=\"fa fa-circle\"></i> </tr></table>\n|uhtml|bestof|<h2><strong>Game 2</strong> of <a href=\"/game-bestof3-gen9championsvgc2026regmb-2674535840\">a best-of-3</a></h2>\n|t:|1788371569\n|gametype|doubles\n|player|p1|toobionest|brycenman|\n|player|p2|skoomanus|169|\n|gen|9\n|tier|[Gen 9 Champions] VGC 2026 Reg M-B\n|rule|Species Clause: Limit one of each Pokémon\n|rule|Item Clause: Limit 1 of each item\n|raw|<div class=\"infobox\"><details class=\"readmore\" open><summary><strong>1 custom rule:</strong></summary> Best of = 3</details></div>\n|clearpoke\n|poke|p1|Araquanid, L50, M|\n|poke|p1|Politoed, L50, M|\n|poke|p1|Vaporeon, L50, M|\n|poke|p1|Scovillain, L50, F|\n|poke|p1|Dragalge, L50, F|\n|poke|p1|Hydreigon, L50, M|\n|poke|p2|Pelipper, L50, F|\n|poke|p2|Swampert, L50, M|\n|poke|p2|Archaludon, L50, M|\n|poke|p2|Kingambit, L50, F|\n|poke|p2|Basculegion, L50, M|\n|poke|p2|Rotom-Wash, L50|\n|teampreview|4\n|\n|t:|1788371621\n|teamsize|p1|4\n|teamsize|p2|4\n|start\n|switch|p1a: Vaporeon|Vaporeon, L50, M|100/100\n|switch|p1b: Araquanid|Araquanid, L50, M|100/100\n|switch|p2a: Pelipper|Pelipper, L50, F|100/100\n|switch|p2b: Swampert|Swampert, L50, M|100/100\n|-weather|RainDance|[from] ability: Drizzle|[of] p2a: Pelipper\n|turn|1\n|\n|t:|1788371684\n|detailschange|p2b: Swampert|Swampert-Mega, L50, M\n|-mega|p2b: Swampert|Swampert|Swampertite\n|move|p1b: Araquanid|Protect|p1b: Araquanid\n|-singleturn|p1b: Araquanid|Protect\n|move|p2b: Swampert|Earthquake|p1a: Vaporeon|[spread] p1a\n|-activate|p1b: Araquanid|move: Protect\n|-immune|p2a: Pelipper\n|-damage|p1a: Vaporeon|43/100\n|move|p1a: Vaporeon|Yawn|p2a: Pelipper\n|-start|p2a: Pelipper|move: Yawn|[of] p1a: Vaporeon\n|move|p2a: Pelipper|Hurricane|p1b: Araquanid\n|-activate|p1b: Araquanid|move: Protect\n|\n|-weather|RainDance|[upkeep]\n|upkeep\n|turn|2\n|\n|t:|1788371727\n|switch|p1b: Politoed|Politoed, L50, M|100/100\n|move|p2b: Swampert|Earthquake|p1b: Politoed|[spread] p1a,p1b\n|-immune|p2a: Pelipper\n|-damage|p1a: Vaporeon|0 fnt\n|-damage|p1b: Politoed|49/100\n|faint|p1a: Vaporeon\n|move|p2a: Pelipper|Hurricane|p1b: Politoed\n|-damage|p1b: Politoed|4/100\n|\n|-weather|RainDance|[upkeep]\n|-end|p2a: Pelipper|move: Yawn|[silent]\n|-status|p2a: Pelipper|slp\n|upkeep\n|\n|t:|1788371758\n|switch|p1a: Araquanid|Araquanid, L50, M|100/100\n|turn|3\n|\n|t:|1788371794\n|move|p1b: Politoed|Protect|p1b: Politoed\n|-singleturn|p1b: Politoed|Protect\n|move|p2b: Swampert|Knock Off|p1a: Araquanid\n|-damage|p1a: Araquanid|54/100\n|-enditem|p1a: Araquanid|Mystic Water|[from] move: Knock Off|[of] p2b: Swampert\n|cant|p2a: Pelipper|slp\n|move|p1a: Araquanid|Surf|p2b: Swampert|[spread] p2a,p2b\n|-activate|p1b: Politoed|move: Protect\n|-resisted|p2a: Pelipper|1\n|-damage|p2a: Pelipper|55/100 slp\n|-damage|p2b: Swampert|55/100\n|\n|-weather|RainDance|[upkeep]\n|upkeep\n|turn|4\n|\n|t:|1788371818\n|move|p2b: Swampert|Earthquake|p1b: Politoed|[spread] p1a,p1b\n|-immune|p2a: Pelipper\n|-resisted|p1a: Araquanid|1\n|-damage|p1a: Araquanid|26/100\n|-damage|p1b: Politoed|0 fnt\n|faint|p1b: Politoed\n|cant|p2a: Pelipper|slp\n|move|p1a: Araquanid|Surf|p2a: Pelipper|[spread] p2a,p2b\n|-resisted|p2a: Pelipper|1\n|-damage|p2a: Pelipper|13/100 slp\n|-damage|p2b: Swampert|5/100\n|\n|-weather|RainDance|[upkeep]\n|upkeep\n|\n|t:|1788371831\n|switch|p1b: Dragalge|Dragalge, L50, F|100/100\n|turn|5\n|\n|t:|1788371872\n|switch|p2a: Archaludon|Archaludon, L50, M|100/100\n|move|p2b: Swampert|Earthquake|p1a: Araquanid|[spread] p2a,p1a,p1b\n|-supereffective|p2a: Archaludon|1\n|-resisted|p1a: Araquanid|1\n|-supereffective|p1b: Dragalge|1\n|-damage|p2a: Archaludon|25/100\n|-damage|p1a: Araquanid|2/100\n|-damage|p1b: Dragalge|0 fnt\n|faint|p1b: Dragalge\n|move|p1a: Araquanid|Surf|p2a: Archaludon|[spread] p2a,p2b\n|-resisted|p2a: Archaludon|1\n|-damage|p2a: Archaludon|0 fnt\n|-damage|p2b: Swampert|0 fnt\n|faint|p2a: Archaludon\n|faint|p2b: Swampert\n|\n|-weather|none\n|upkeep\n|\n|t:|1788371888\n|switch|p2a: Pelipper|Pelipper, L50, F|13/100 slp\n|switch|p2b: Rotom|Rotom-Wash, L50|100/100\n|-weather|RainDance|[from] ability: Drizzle|[of] p2a: Pelipper\n|turn|6\n|c|☆toobionest|this team is so cheese\n|c|☆toobionest|alright\n|-message|toobionest forfeited.\n|\n|win|skoomanus\n|l|☆toobionest\n|player|p1|\n","uploadtime":1788371911,"views":"1","formatid":"gen9championsvgc2026regmb","rating":null,"private":0,"password":null}