{"id":"gen9championsvgc2026regmbbo3-2674528353","format":"[Gen 9 Champions] VGC 2026 Reg M-B (Bo3)","players":["manucoel","Cactusmax"],"log":"|j|☆manucoel\n|j|☆Cactusmax\n|html|<table width=\"100%\"><tr><td align=\"left\">manucoel</td><td align=\"right\">Cactusmax</tr><tr><td align=\"left\"><i class=\"fa fa-circle\"></i> <i class=\"fa fa-circle-o\"></i> </td><td align=\"right\"><i class=\"fa fa-circle-o\"></i> <i class=\"fa fa-circle\"></i> </tr></table>\n|uhtml|bestof|<h2><strong>Game 3</strong> of <a href=\"/game-bestof3-gen9championsvgc2026regmbbo3-2674520939\">a best-of-3</a></h2>\n|t:|1788370371\n|gametype|doubles\n|player|p1|manucoel|265|\n|player|p2|Cactusmax|ballguy|\n|gen|9\n|tier|[Gen 9 Champions] VGC 2026 Reg M-B (Bo3)\n|rule|Species Clause: Limit one of each Pokémon\n|rule|Item Clause: Limit 1 of each item\n|clearpoke\n|poke|p1|Overqwil, L50, F|\n|poke|p1|Sneasler, L50, F|\n|poke|p1|Sableye, L50, M|\n|poke|p1|Delphox, L50, M|\n|poke|p1|Weavile, L50, F|\n|poke|p1|Charizard, L50, F|\n|poke|p2|Blastoise, L50, M|\n|poke|p2|Delphox, L50, M|\n|poke|p2|Sinistcha-Masterpiece, L50|\n|poke|p2|Sneasler, L50, F|\n|poke|p2|Kingambit, L50, M|\n|poke|p2|Incineroar, L50, M|\n|teampreview|4\n|showteam|p1|Overqwil||Leftovers|Intimidate|BarbBarrage,Minimize,Stockpile,Protect|Careful||F|||50|]Sneasler||WhiteHerb|Unburden|FakeOut,Protect,DireClaw,CloseCombat|Jolly||F|||50|]Sableye||SitrusBerry|Prankster|LightScreen,SunnyDay,FakeOut,WillOWisp|Sassy||M|||50|]Delphox||Delphoxite|Blaze|HeatWave,Psychic,PsychUp,Protect|Timid||M|||50|]Weavile||FocusSash|Pickpocket|FakeOut,KnockOff,IceSpinner,Protect|Jolly||F|||50|]Charizard||CharizarditeY|Blaze|Protect,SolarBeam,HeatWave,AirSlash|Timid||F|||50|\n|showteam|p2|Blastoise||Blastoisinite|RainDish|WaterSpout,DarkPulse,ShellSmash,Protect|Modest||M|||50|]Delphox||Delphoxite|Blaze|HeatWave,Psychic,NastyPlot,Protect|Timid||M|||50|]Sinistcha-Masterpiece||ColburBerry|Hospitality|MatchaGotcha,RagePowder,TrickRoom,Protect|Bold|||||50|]Sneasler||FocusSash|PoisonTouch|FakeOut,PoisonJab,CloseCombat,QuickGuard|Jolly||F|||50|]Kingambit||LifeOrb|Defiant|KowtowCleave,SuckerPunch,SwordsDance,Protect|Adamant||M|||50|]Incineroar||SitrusBerry|Intimidate|FakeOut,FlareBlitz,ThroatChop,PartingShot|Careful||M|||50|\n|inactive|Battle timer is ON: inactive players will automatically lose when time's up. (requested by manucoel)\n|\n|t:|1788370382\n|teamsize|p1|4\n|teamsize|p2|4\n|start\n|switch|p1a: Overqwil|Overqwil, L50, F|100/100\n|switch|p1b: Sableye|Sableye, L50, M|100/100\n|switch|p2a: Blastoise|Blastoise, L50, M|100/100\n|switch|p2b: Sneasler|Sneasler, L50, F|100/100\n|-ability|p1a: Overqwil|Intimidate|boost\n|-unboost|p2a: Blastoise|atk|1\n|-unboost|p2b: Sneasler|atk|1\n|turn|1\n|\n|t:|1788370389\n|detailschange|p2a: Blastoise|Blastoise-Mega, L50, M\n|-mega|p2a: Blastoise|Blastoise|Blastoisinite\n|move|p2b: Sneasler|Fake Out|p1a: Overqwil\n|-damage|p1a: Overqwil|90/100\n|move|p1b: Sableye|Fake Out|p2a: Blastoise\n|-damage|p2a: Blastoise|93/100\n|cant|p2a: Blastoise|flinch\n|cant|p1a: Overqwil|flinch\n|\n|-heal|p1a: Overqwil|96/100|[from] item: Leftovers\n|upkeep\n|turn|2\n|\n|t:|1788370400\n|move|p1a: Overqwil|Protect|p1a: Overqwil\n|-singleturn|p1a: Overqwil|Protect\n|move|p1b: Sableye|Will-O-Wisp|p2b: Sneasler\n|-status|p2b: Sneasler|brn\n|move|p2b: Sneasler|Poison Jab|p1b: Sableye\n|-resisted|p1b: Sableye|1\n|-damage|p1b: Sableye|91/100\n|move|p2a: Blastoise|Shell Smash|p2a: Blastoise\n|-unboost|p2a: Blastoise|def|1\n|-unboost|p2a: Blastoise|spd|1\n|-boost|p2a: Blastoise|atk|2\n|-boost|p2a: Blastoise|spa|2\n|-boost|p2a: Blastoise|spe|2\n|\n|-heal|p1a: Overqwil|100/100|[from] item: Leftovers\n|-damage|p2b: Sneasler|94/100 brn|[from] brn\n|upkeep\n|turn|3\n|\n|t:|1788370420\n|switch|p2b: Sinistcha|Sinistcha-Masterpiece, L50|100/100\n|-heal|p2a: Blastoise|100/100|[from] ability: Hospitality|[of] p2b: Sinistcha\n|move|p1b: Sableye|Sunny Day|p1b: Sableye\n|-weather|SunnyDay\n|move|p2a: Blastoise|Water Spout|p1a: Overqwil|[spread] p1a,p1b\n|-damage|p1a: Overqwil|43/100\n|-damage|p1b: Sableye|15/100\n|-enditem|p1b: Sableye|Sitrus Berry|[eat]\n|-heal|p1b: Sableye|40/100|[from] item: Sitrus Berry\n|move|p1a: Overqwil|Minimize|p1a: Overqwil\n|-boost|p1a: Overqwil|evasion|2\n|\n|-weather|SunnyDay|[upkeep]\n|-heal|p1a: Overqwil|50/100y|[from] item: Leftovers\n|upkeep\n|turn|4\n|\n|t:|1788370439\n|move|p2b: Sinistcha|Rage Powder|p2b: Sinistcha\n|-singleturn|p2b: Sinistcha|move: Rage Powder\n|move|p1b: Sableye|Light Screen|p1b: Sableye\n|-sidestart|p1: manucoel|move: Light Screen\n|move|p2a: Blastoise|Shell Smash|p2a: Blastoise\n|-unboost|p2a: Blastoise|def|1\n|-unboost|p2a: Blastoise|spd|1\n|-boost|p2a: Blastoise|atk|2\n|-boost|p2a: Blastoise|spa|2\n|-boost|p2a: Blastoise|spe|2\n|move|p1a: Overqwil|Minimize|p1a: Overqwil\n|-boost|p1a: Overqwil|evasion|2\n|\n|-weather|SunnyDay|[upkeep]\n|-heal|p1a: Overqwil|56/100|[from] item: Leftovers\n|upkeep\n|turn|5\n|\n|t:|1788370459\n|move|p2b: Sinistcha|Rage Powder|p2b: Sinistcha\n|-singleturn|p2b: Sinistcha|move: Rage Powder\n|move|p1b: Sableye|Will-O-Wisp|p2b: Sinistcha\n|-status|p2b: Sinistcha|brn\n|move|p2a: Blastoise|Water Spout|p1b: Sableye|[spread] p1a,p1b\n|-damage|p1a: Overqwil|0 fnt\n|-damage|p1b: Sableye|0 fnt\n|faint|p1a: Overqwil\n|faint|p1b: Sableye\n|\n|-weather|SunnyDay|[upkeep]\n|-damage|p2b: Sinistcha|93/100 brn|[from] brn\n|upkeep\n|\n|t:|1788370471\n|switch|p1a: Sneasler|Sneasler, L50, F|100/100\n|switch|p1b: Delphox|Delphox, L50, M|100/100\n|turn|6\n|\n|t:|1788370481\n|detailschange|p1b: Delphox|Delphox-Mega, L50, M\n|-mega|p1b: Delphox|Delphox|Delphoxite\n|move|p2a: Blastoise|Protect|p2a: Blastoise\n|-singleturn|p2a: Blastoise|Protect\n|move|p2b: Sinistcha|Protect|p2b: Sinistcha\n|-singleturn|p2b: Sinistcha|Protect\n|move|p1a: Sneasler|Fake Out|p2a: Blastoise\n|-activate|p2a: Blastoise|move: Protect\n|move|p1b: Delphox|Heat Wave|p2a: Blastoise|[spread] \n|-activate|p2a: Blastoise|move: Protect\n|-activate|p2b: Sinistcha|move: Protect\n|\n|-weather|SunnyDay|[upkeep]\n|-damage|p2b: Sinistcha|87/100 brn|[from] brn\n|upkeep\n|turn|7\n|\n|t:|1788370488\n|move|p2b: Sinistcha|Rage Powder|p2b: Sinistcha\n|-singleturn|p2b: Sinistcha|move: Rage Powder\n|move|p2a: Blastoise|Dark Pulse|p1b: Delphox\n|-supereffective|p1b: Delphox|1\n|-damage|p1b: Delphox|0 fnt\n|faint|p1b: Delphox\n|move|p1a: Sneasler|Close Combat|p2b: Sinistcha\n|-immune|p2b: Sinistcha\n|\n|-weather|none\n|-damage|p2b: Sinistcha|81/100 brn|[from] brn\n|upkeep\n|turn|8\n|c|☆Cactusmax|gg\n|\n|t:|1788370496\n|move|p2b: Sinistcha|Rage Powder|p2b: Sinistcha\n|-singleturn|p2b: Sinistcha|move: Rage Powder\n|move|p2a: Blastoise|Water Spout|p1a: Sneasler\n|-damage|p1a: Sneasler|0 fnt\n|faint|p1a: Sneasler\n|\n|win|Cactusmax\n","uploadtime":1788370376,"views":"0","formatid":"gen9championsvgc2026regmbbo3","rating":null,"private":0,"password":null}