{"id":"gen9championsvgc2026regmbbo3-2674465066","format":"[Gen 9 Champions] VGC 2026 Reg M-B (Bo3)","players":["i love all turtles","cookingorcooked2"],"log":"|j|☆i love all turtles\n|j|☆cookingorcooked2\n|html|<table width=\"100%\"><tr><td align=\"left\">i love all turtles</td><td align=\"right\">cookingorcooked2</tr><tr><td align=\"left\"><i class=\"fa fa-circle\"></i> <i class=\"fa fa-circle-o\"></i> </td><td align=\"right\"><i class=\"fa fa-circle-o\"></i> <i class=\"fa fa-circle\"></i> </tr></table>\n|uhtml|bestof|<h2><strong>Game 3</strong> of <a href=\"/game-bestof3-gen9championsvgc2026regmbbo3-2674461596\">a best-of-3</a></h2>\n|t:|1788362990\n|gametype|doubles\n|player|p1|i love all turtles|ethan|1443\n|player|p2|cookingorcooked2|1|1458\n|gen|9\n|tier|[Gen 9 Champions] VGC 2026 Reg M-B (Bo3)\n|rated|\n|rule|Species Clause: Limit one of each Pokémon\n|rule|Item Clause: Limit 1 of each item\n|clearpoke\n|poke|p1|Whimsicott, L50, F|\n|poke|p1|Basculegion, L50, M|\n|poke|p1|Floette-Eternal, L50, F|\n|poke|p1|Dragonite, L50, F|\n|poke|p1|Sneasler, L50, F|\n|poke|p1|Kingambit, L50, F|\n|poke|p2|Raichu, L50, F|\n|poke|p2|Kingambit, L50, M|\n|poke|p2|Aerodactyl, L50, M|\n|poke|p2|Sneasler, L50, M|\n|poke|p2|Sylveon, L50, M|\n|poke|p2|Tsareena, L50, F|\n|teampreview|4\n|showteam|p1|Whimsicott||FocusSash|Prankster|Moonblast,Tailwind,Encore,Protect|Timid||F|||50|]Basculegion||LifeOrb|Adaptability|WaveCrash,LastRespects,AquaJet,Protect|Adamant||M|||50|]Floette-Eternal||Floettite|FlowerVeil|Moonblast,DazzlingGleam,LightofRuin,Protect|Timid||F|||50|]Dragonite||Dragoninite|InnerFocus|DragonPulse,HeatWave,Thunderbolt,Protect|Modest||F|||50|]Sneasler||WhiteHerb|Unburden|DireClaw,CloseCombat,RockSlide,FakeOut|Jolly||F|||50|]Kingambit||ChopleBerry|Defiant|KowtowCleave,IronHead,LowKick,SuckerPunch|Adamant||F|||50|\n|showteam|p2|Raichu||RaichuniteY|LightningRod|ZapCannon,FocusBlast,FakeOut,Protect|Timid||F|||50|]Kingambit||LifeOrb|Defiant|KowtowCleave,SuckerPunch,SwordsDance,Protect|Adamant||M|||50|]Aerodactyl||Aerodactylite|Unnerve|RockSlide,DualWingbeat,Tailwind,Protect|Jolly||M|||50|]Sneasler||WhiteHerb|Unburden|CloseCombat,DireClaw,FakeOut,Feint|Jolly||M|||50|]Sylveon||FairyFeather|Pixilate|HyperVoice,HyperBeam,Yawn,Detect|Modest||M|||50|]Tsareena||FocusSash|QueenlyMajesty|PowerWhip,TripleAxel,LowKick,Protect|Jolly||F|||50|\n|inactive|Battle timer is ON: inactive players will automatically lose when time's up. (requested by i love all turtles)\n|\n|t:|1788363012\n|teamsize|p1|4\n|teamsize|p2|4\n|start\n|switch|p1a: Whimsicott|Whimsicott, L50, F|100/100\n|switch|p1b: Floette|Floette-Eternal, L50, F|100/100\n|switch|p2a: Sneasler|Sneasler, L50, M|100/100\n|switch|p2b: Sylveon|Sylveon, L50, M|100/100\n|turn|1\n|\n|t:|1788363023\n|move|p1a: Whimsicott|Protect|p1a: Whimsicott\n|-singleturn|p1a: Whimsicott|Protect\n|move|p1b: Floette|Protect|p1b: Floette\n|-singleturn|p1b: Floette|Protect\n|move|p2a: Sneasler|Dire Claw|p1b: Floette\n|-activate|p1b: Floette|move: Protect\n|move|p2b: Sylveon|Hyper Voice|p1a: Whimsicott|[spread] \n|-activate|p1a: Whimsicott|move: Protect\n|-activate|p1b: Floette|move: Protect\n|\n|upkeep\n|turn|2\n|inactive|cookingorcooked2 has 30 seconds left.\n|\n|t:|1788363056\n|switch|p2a: Tsareena|Tsareena, L50, F|100/100\n|detailschange|p1b: Floette|Floette-Mega, L50, F\n|-mega|p1b: Floette|Floette|Floettite\n|-ability|p1b: Floette|Fairy Aura\n|move|p1a: Whimsicott|Tailwind|p1a: Whimsicott\n|-sidestart|p1: i love all turtles|move: Tailwind\n|move|p1b: Floette|Light of Ruin|p2a: Tsareena\n|-enditem|p2a: Tsareena|Focus Sash\n|-damage|p2a: Tsareena|1/100\n|-damage|p1b: Floette|50/100g|[from] Recoil\n|move|p2b: Sylveon|Hyper Voice|p1b: Floette|[spread] p1a,p1b\n|-crit|p1a: Whimsicott\n|-enditem|p1a: Whimsicott|Focus Sash\n|-damage|p1a: Whimsicott|1/100\n|-damage|p1b: Floette|2/100\n|\n|upkeep\n|turn|3\n|inactive|i love all turtles has 30 seconds left.\n|\n|t:|1788363083\n|move|p2b: Sylveon|Detect|p2b: Sylveon\n|-singleturn|p2b: Sylveon|Protect\n|move|p1a: Whimsicott|Moonblast|p2b: Sylveon\n|-activate|p2b: Sylveon|move: Protect\n|move|p1b: Floette|Light of Ruin|p2b: Sylveon\n|-activate|p2b: Sylveon|move: Protect\n|move|p2a: Tsareena|Power Whip|p1b: Floette|[miss]\n|-miss|p2a: Tsareena|p1b: Floette\n|\n|upkeep\n|turn|4\n|inactive|i love all turtles has 30 seconds left.\n|\n|t:|1788363109\n|move|p1a: Whimsicott|Moonblast|p2b: Sylveon\n|-damage|p2b: Sylveon|61/100\n|move|p1b: Floette|Dazzling Gleam|p2a: Tsareena|[spread] p2a,p2b\n|-damage|p2a: Tsareena|0 fnt\n|-damage|p2b: Sylveon|21/100\n|faint|p2a: Tsareena\n|move|p2b: Sylveon|Hyper Voice|p1b: Floette|[spread] p1a,p1b\n|-damage|p1a: Whimsicott|0 fnt\n|-damage|p1b: Floette|0 fnt\n|faint|p1a: Whimsicott\n|faint|p1b: Floette\n|\n|upkeep\n|\n|t:|1788363116\n|switch|p1a: Sneasler|Sneasler, L50, F|100/100\n|switch|p1b: Kingambit|Kingambit, L50, F|100/100\n|switch|p2a: Raichu|Raichu, L50, F|100/100\n|turn|5\n|\n|t:|1788363126\n|move|p2a: Raichu|Protect|p2a: Raichu\n|-singleturn|p2a: Raichu|Protect\n|move|p1b: Kingambit|Sucker Punch||[still]\n|-fail|p1b: Kingambit\n|move|p1a: Sneasler|Close Combat|p2a: Raichu\n|-activate|p2a: Raichu|move: Protect\n|move|p2b: Sylveon|Hyper Voice|p1a: Sneasler|[spread] p1a,p1b\n|-damage|p1a: Sneasler|42/100\n|-damage|p1b: Kingambit|58/100\n|\n|-sideend|p1: i love all turtles|move: Tailwind\n|upkeep\n|turn|6\n|inactive|i love all turtles has 30 seconds left.\n|inactive|i love all turtles has 20 seconds left.\n|\n|t:|1788363162\n|detailschange|p2a: Raichu|Raichu-Mega-Y, L50, F\n|-mega|p2a: Raichu|Raichu|Raichunite Y\n|move|p1b: Kingambit|Sucker Punch|p2b: Sylveon\n|-resisted|p2b: Sylveon|1\n|-damage|p2b: Sylveon|0 fnt\n|faint|p2b: Sylveon\n|move|p2a: Raichu|Focus Blast|p1b: Kingambit\n|-supereffective|p1b: Kingambit|2\n|-enditem|p1b: Kingambit|Chople Berry|[eat]\n|-enditem|p1b: Kingambit|Chople Berry|[weaken]\n|-damage|p1b: Kingambit|0 fnt\n|faint|p1b: Kingambit\n|move|p1a: Sneasler|Close Combat|p2a: Raichu\n|-damage|p2a: Raichu|0 fnt\n|-unboost|p1a: Sneasler|def|1\n|-unboost|p1a: Sneasler|spd|1\n|faint|p2a: Raichu\n|-enditem|p1a: Sneasler|White Herb\n|-clearnegativeboost|p1a: Sneasler|[silent]\n|\n|upkeep\n|\n|t:|1788363170\n|switch|p2b: Sneasler|Sneasler, L50, M|100/100\n|turn|7\n|\n|t:|1788363180\n|move|p2b: Sneasler|Fake Out|p1a: Sneasler\n|-damage|p1a: Sneasler|17/100\n|cant|p1a: Sneasler|flinch\n|\n|upkeep\n|turn|8\n|\n|t:|1788363183\n|move|p2b: Sneasler|Feint|p1a: Sneasler\n|-damage|p1a: Sneasler|1/100\n|move|p1a: Sneasler|Dire Claw|p2b: Sneasler\n|-resisted|p2b: Sneasler|1\n|-damage|p2b: Sneasler|65/100\n|\n|upkeep\n|turn|9\n|\n|t:|1788363189\n|move|p2b: Sneasler|Feint|p1a: Sneasler\n|-damage|p1a: Sneasler|0 fnt\n|faint|p1a: Sneasler\n|\n|win|cookingorcooked2\n|raw|i love all turtles's rating: 1443 &rarr; <strong>1424</strong><br />(-19 for losing)\n|raw|cookingorcooked2's rating: 1458 &rarr; <strong>1477</strong><br />(+19 for winning)\n","uploadtime":1788363189,"views":"0","formatid":"gen9championsvgc2026regmbbo3","rating":1424,"private":0,"password":null}