{"id":"gen9championsvgc2026regmb-2674773377","format":"[Gen 9 Champions] VGC 2026 Reg M-B","players":["michaelolisemessi","pokeskyl"],"log":"|j|☆michaelolisemessi\n|j|☆pokeskyl\n|t:|1788404056\n|gametype|doubles\n|player|p1|michaelolisemessi|1|\n|player|p2|pokeskyl|n|\n|gen|9\n|tier|[Gen 9 Champions] VGC 2026 Reg M-B\n|rule|Species Clause: Limit one of each Pokémon\n|rule|Item Clause: Limit 1 of each item\n|clearpoke\n|poke|p1|Torkoal, L50, F, shiny|\n|poke|p1|Mawile, L50, F, shiny|\n|poke|p1|Musharna, L50, M, shiny|\n|poke|p1|Camerupt, L50, M, shiny|\n|poke|p1|Scovillain, L50, M, shiny|\n|poke|p1|Talonflame, L50, M, shiny|\n|poke|p2|Annihilape, L50, M|\n|poke|p2|Blastoise, L50, F|\n|poke|p2|Kangaskhan, L50, F|\n|poke|p2|Armarouge, L50, M|\n|poke|p2|Whimsicott, L50, M|\n|poke|p2|Heliolisk, L50, M|\n|teampreview|4\npokeskyl rejected open team sheets.\n|c|☆michaelolisemessi|pasas link porfa\n|c|☆michaelolisemessi|gracias\n|j| NewBurru\n|\n|t:|1788404104\n|teamsize|p1|4\n|teamsize|p2|4\n|start\n|switch|p1a: concha rosa|Musharna, L50, M, shiny|100/100\n|switch|p1b: escoba|Scovillain, L50, M, shiny|100/100\n|switch|p2a: Whimsicott|Whimsicott, L50, M|100/100\n|switch|p2b: Kangaskhan|Kangaskhan, L50, F|100/100\n|turn|1\n|\n|t:|1788404118\n|move|p1b: escoba|Protect|p1b: escoba\n|-singleturn|p1b: escoba|Protect\n|move|p1a: concha rosa|Protect|p1a: concha rosa\n|-singleturn|p1a: concha rosa|Protect\n|move|p2b: Kangaskhan|Fake Out|p1a: concha rosa\n|-activate|p1a: concha rosa|move: Protect\n|move|p2a: Whimsicott|Tailwind|p2a: Whimsicott\n|-sidestart|p2: pokeskyl|move: Tailwind\n|\n|upkeep\n|turn|2\n|\n|t:|1788404168\n|move|p1b: escoba|Rage Powder|p1b: escoba\n|-singleturn|p1b: escoba|move: Rage Powder\n|move|p2a: Whimsicott|Encore|p1b: escoba\n|-start|p1b: escoba|Encore\n|move|p2b: Kangaskhan|Double-Edge|p1b: escoba\n|-damage|p1b: escoba|7/100\n|-damage|p2b: Kangaskhan|75/100|[from] Recoil\n|-heal|p2b: Kangaskhan|84/100|[from] item: Shell Bell|[of] p1b: escoba\n|move|p1a: concha rosa|Trick Room|p1a: concha rosa\n|-fieldstart|move: Trick Room|[of] p1a: concha rosa\n|\n|upkeep\n|turn|3\n|\n|t:|1788404197\n|move|p1b: escoba|Rage Powder|p1b: escoba\n|-singleturn|p1b: escoba|move: Rage Powder\n|move|p1a: concha rosa|Psychic|p2b: Kangaskhan\n|-damage|p2b: Kangaskhan|45/100\n|move|p2b: Kangaskhan|Double-Edge|p1b: escoba\n|-damage|p1b: escoba|0 fnt\n|faint|p1b: escoba\n|-damage|p2b: Kangaskhan|43/100|[from] Recoil\n|-heal|p2b: Kangaskhan|43/100|[from] item: Shell Bell|[of] p1: escoba\n|move|p2a: Whimsicott|Energy Ball|p1a: concha rosa\n|-damage|p1a: concha rosa|78/100\n|\n|upkeep\n|\n|t:|1788404210\n|switch|p1b: mbappe|Torkoal, L50, F, shiny|100/100\n|-weather|SunnyDay|[from] ability: Drought|[of] p1b: mbappe\n|turn|4\n|\n|t:|1788404231\n|move|p1a: concha rosa|Helping Hand|p1b: mbappe\n|-singleturn|p1b: mbappe|Helping Hand|[of] p1a: concha rosa\n|move|p2a: Whimsicott|Protect|p2a: Whimsicott\n|-singleturn|p2a: Whimsicott|Protect\n|move|p2b: Kangaskhan|Sucker Punch||[still]\n|-fail|p2b: Kangaskhan\n|move|p1b: mbappe|Eruption|p2a: Whimsicott|[spread] p2b\n|-activate|p2a: Whimsicott|move: Protect\n|-damage|p2b: Kangaskhan|0 fnt\n|faint|p2b: Kangaskhan\n|\n|-weather|SunnyDay|[upkeep]\n|-sideend|p2: pokeskyl|move: Tailwind\n|upkeep\n|\n|t:|1788404243\n|switch|p2b: Blastoise|Blastoise, L50, F|100/100\n|turn|5\n|\n|t:|1788404268\n|switch|p2a: Annihilape|Annihilape, L50, M|100/100\n|move|p1a: concha rosa|Helping Hand|p1b: mbappe\n|-singleturn|p1b: mbappe|Helping Hand|[of] p1a: concha rosa\n|move|p2b: Blastoise|Protect|p2b: Blastoise\n|-singleturn|p2b: Blastoise|Protect\n|move|p1b: mbappe|Eruption|p2a: Annihilape|[spread] p2a\n|-activate|p2b: Blastoise|move: Protect\n|-damage|p2a: Annihilape|0 fnt\n|faint|p2a: Annihilape\n|\n|-weather|SunnyDay|[upkeep]\n|upkeep\n|\n|t:|1788404280\n|switch|p2a: Whimsicott|Whimsicott, L50, M|100/100\n|turn|6\n|\n|t:|1788404288\n|detailschange|p2b: Blastoise|Blastoise-Mega, L50, F\n|-mega|p2b: Blastoise|Blastoise|Blastoisinite\n|move|p1a: concha rosa|Helping Hand|p1b: mbappe\n|-singleturn|p1b: mbappe|Helping Hand|[of] p1a: concha rosa\n|move|p2a: Whimsicott|Protect|p2a: Whimsicott\n|-singleturn|p2a: Whimsicott|Protect\n|move|p1b: mbappe|Solar Beam||[still]\n|-prepare|p1b: mbappe|Solar Beam\n|-anim|p1b: mbappe|Solar Beam|p2b: Blastoise\n|-supereffective|p2b: Blastoise|1\n|-damage|p2b: Blastoise|19/100\n|move|p2b: Blastoise|Water Spout|p1b: mbappe|[spread] p1a,p1b\n|-crit|p1a: concha rosa\n|-supereffective|p1b: mbappe|1\n|-crit|p1b: mbappe\n|-damage|p1a: concha rosa|73/100\n|-damage|p1b: mbappe|75/100\n|\n|-weather|SunnyDay|[upkeep]\n|-fieldend|move: Trick Room\n|upkeep\n|turn|7\n|\n|t:|1788404315\n|move|p1b: mbappe|Protect|p1b: mbappe\n|-singleturn|p1b: mbappe|Protect\n|move|p2a: Whimsicott|Tailwind|p2a: Whimsicott\n|-sidestart|p2: pokeskyl|move: Tailwind\n|move|p2b: Blastoise|Water Pulse|p1b: mbappe\n|-activate|p1b: mbappe|move: Protect\n|move|p1a: concha rosa|Psychic|p2b: Blastoise\n|-damage|p2b: Blastoise|0 fnt\n|faint|p2b: Blastoise\n|\n|-weather|SunnyDay|[upkeep]\n|upkeep\n|turn|8\n|\n|t:|1788404329\n|move|p1a: concha rosa|Helping Hand|p1b: mbappe\n|-singleturn|p1b: mbappe|Helping Hand|[of] p1a: concha rosa\n|move|p2a: Whimsicott|Energy Ball|p1b: mbappe\n|-resisted|p1b: mbappe|1\n|-damage|p1b: mbappe|50/100g\n|move|p1b: mbappe|Eruption|p2a: Whimsicott\n|-supereffective|p2a: Whimsicott|1\n|-enditem|p2a: Whimsicott|Focus Sash\n|-damage|p2a: Whimsicott|1/100\n|\n|-weather|none\n|upkeep\n|turn|9\n|c|☆pokeskyl|wp\n|c| NewBurru|GG WO\n|c| NewBurru|Wp\n|c|☆michaelolisemessi|gg\n|\n|t:|1788404358\n|move|p2a: Whimsicott|Energy Ball|p1a: concha rosa\n|-damage|p1a: concha rosa|50/100g\n|move|p1a: concha rosa|Psychic|p2a: Whimsicott\n|-damage|p2a: Whimsicott|0 fnt\n|faint|p2a: Whimsicott\n|\n|win|michaelolisemessi\n","uploadtime":1788404367,"views":"4","formatid":"gen9championsvgc2026regmb","rating":null,"private":0,"password":null}