{"id":"gen9championsvgc2026regmb-2674252510","format":"[Gen 9 Champions] VGC 2026 Reg M-B","players":["lobbity","Sakuraa2004"],"log":"|j|‽lobbity\n|j|☆Sakuraa2004\n|t:|1788323873\n|gametype|doubles\n|player|p1|lobbity|dragontamer|1411\n|player|p2|Sakuraa2004|norman|1530\n|gen|9\n|tier|[Gen 9 Champions] VGC 2026 Reg M-B\n|rated|\n|rule|Species Clause: Limit one of each Pokémon\n|rule|Item Clause: Limit 1 of each item\n|clearpoke\n|poke|p1|Sneasler, L50, F|\n|poke|p1|Samurott-Hisui, L50, M|\n|poke|p1|Camerupt, L50, M|\n|poke|p1|Gallade, L50, M|\n|poke|p1|Incineroar, L50, M|\n|poke|p1|Farigiraf, L50, M|\n|poke|p2|Charizard, L50, F|\n|poke|p2|Garchomp, L50, F|\n|poke|p2|Kingambit, L50, M|\n|poke|p2|Whimsicott, L50, F|\n|poke|p2|Incineroar, L50, F|\n|poke|p2|Floette-Eternal, L50, F|\n|teampreview|4\n|inactive|Battle timer is ON: inactive players will automatically lose when time's up. (requested by lobbity)\n|\n|t:|1788323889\n|teamsize|p1|4\n|teamsize|p2|4\n|start\n|switch|p1a: Sneasler|Sneasler, L50, F|100/100\n|switch|p1b: Farigiraf|Farigiraf, L50, M|100/100\n|switch|p2a: Incineroar|Incineroar, L50, F|100/100\n|switch|p2b: Floette|Floette-Eternal, L50, F|100/100\n|-ability|p2a: Incineroar|Intimidate|boost\n|-unboost|p1a: Sneasler|atk|1\n|-unboost|p1b: Farigiraf|atk|1\n|-enditem|p1a: Sneasler|White Herb\n|-clearnegativeboost|p1a: Sneasler|[silent]\n|turn|1\n|\n|t:|1788323908\n|detailschange|p2b: Floette|Floette-Mega, L50, F\n|-mega|p2b: Floette|Floette|Floettite\n|-ability|p2b: Floette|Fairy Aura\n|move|p2b: Floette|Light of Ruin|p1b: Farigiraf\n|-damage|p1b: Farigiraf|11/100\n|-enditem|p1b: Farigiraf|Sitrus Berry|[eat]\n|-heal|p1b: Farigiraf|36/100|[from] item: Sitrus Berry\n|-damage|p2b: Floette|36/100|[from] Recoil\n|move|p1a: Sneasler|Close Combat|p2a: Incineroar\n|-supereffective|p2a: Incineroar|1\n|-damage|p2a: Incineroar|0 fnt\n|-unboost|p1a: Sneasler|def|1\n|-unboost|p1a: Sneasler|spd|1\n|faint|p2a: Incineroar\n|move|p1b: Farigiraf|Trick Room|p1b: Farigiraf\n|-fieldstart|move: Trick Room|[of] p1b: Farigiraf\n|\n|upkeep\n|\n|t:|1788323923\n|switch|p2a: Kingambit|Kingambit, L50, M|100/100\n|turn|2\n|\n|t:|1788323927\n|move|p1b: Farigiraf|Protect|p1b: Farigiraf\n|-singleturn|p1b: Farigiraf|Protect\n|move|p2a: Kingambit|Iron Head|p1a: Sneasler\n|-damage|p1a: Sneasler|3/100\n|move|p1a: Sneasler|Close Combat|p2a: Kingambit\n|-supereffective|p2a: Kingambit|2\n|-enditem|p2a: Kingambit|Chople Berry|[eat]\n|-enditem|p2a: Kingambit|Chople Berry|[weaken]\n|-damage|p2a: Kingambit|4/100\n|-unboost|p1a: Sneasler|def|1\n|-unboost|p1a: Sneasler|spd|1\n|move|p2b: Floette|Dazzling Gleam|p1a: Sneasler|[spread] p1a\n|-activate|p1b: Farigiraf|move: Protect\n|-damage|p1a: Sneasler|0 fnt\n|faint|p1a: Sneasler\n|\n|upkeep\n|\n|t:|1788323942\n|switch|p1a: Camerupt|Camerupt, L50, M|100/100\n|turn|3\n|\n|t:|1788323947\n|detailschange|p1a: Camerupt|Camerupt-Mega, L50, M\n|-mega|p1a: Camerupt|Camerupt|Cameruptite\n|move|p2b: Floette|Protect|p2b: Floette\n|-singleturn|p2b: Floette|Protect\n|move|p1a: Camerupt|Heat Wave|p2a: Kingambit|[spread] p2a\n|-activate|p2b: Floette|move: Protect\n|-supereffective|p2a: Kingambit|1\n|-damage|p2a: Kingambit|0 fnt\n|faint|p2a: Kingambit\n|move|p1b: Farigiraf|Imprison|p1b: Farigiraf\n|-start|p1b: Farigiraf|move: Imprison\n|\n|upkeep\n|\n|t:|1788323953\n|switch|p2a: Garchomp|Garchomp, L50, F|100/100\n|turn|4\n|\n|t:|1788323966\n|move|p1a: Camerupt|Earth Power|p2a: Garchomp\n|-damage|p2a: Garchomp|21/100\n|move|p1b: Farigiraf|Twin Beam|p2a: Garchomp\n|-damage|p2a: Garchomp|5/100\n|-damage|p2a: Garchomp|0 fnt\n|faint|p2a: Garchomp\n|-hitcount|p2: Garchomp|2\n|move|p2b: Floette|Moonblast|p1a: Camerupt\n|-resisted|p1a: Camerupt|1\n|-damage|p1a: Camerupt|62/100\n|\n|upkeep\n|turn|5\n|\n|t:|1788323976\n|move|p1a: Camerupt|Ancient Power|p2b: Floette\n|-damage|p2b: Floette|10/100\n|move|p1b: Farigiraf|Twin Beam|p2b: Floette\n|-damage|p2b: Floette|0 fnt\n|faint|p2b: Floette\n|-hitcount|p2: Floette|1\n|\n|win|lobbity\n|raw|lobbity's rating: 1411 &rarr; <strong>1438</strong><br />(+27 for winning)\n|raw|Sakuraa2004's rating: 1530 &rarr; <strong>1503</strong><br />(-27 for losing)\n","uploadtime":1788323978,"views":"0","formatid":"gen9championsvgc2026regmb","rating":1438,"private":0,"password":null}