{"id":"gen9championsvgc2026regmb-2674174019","format":"[Gen 9 Champions] VGC 2026 Reg M-B","players":["hondourpoker","mediumwarm"],"log":"|j|☆hondourpoker\n|j|☆mediumwarm\n|t:|1788310274\n|gametype|doubles\n|player|p1|hondourpoker|170|\n|player|p2|mediumwarm|265|\n|gen|9\n|tier|[Gen 9 Champions] VGC 2026 Reg M-B\n|rule|Species Clause: Limit one of each Pokémon\n|rule|Item Clause: Limit 1 of each item\n|clearpoke\n|poke|p1|Sableye, L50, F|\n|poke|p1|Gengar, L50, F|\n|poke|p1|Dragapult, L50, F|\n|poke|p1|Tinkaton, L50, F|\n|poke|p1|Incineroar, L50, M|\n|poke|p1|Primarina, L50, M|\n|poke|p2|Raichu, L50, M|\n|poke|p2|Blastoise, L50, F|\n|poke|p2|Tsareena, L50, F|\n|poke|p2|Rotom-Heat, L50|\n|poke|p2|Meowstic, L50, M|\n|poke|p2|Gyarados, L50, M|\n|teampreview|4\n|\n|t:|1788310332\n|teamsize|p1|4\n|teamsize|p2|4\n|start\n|switch|p1a: Sableye|Sableye, L50, F|100/100\n|switch|p1b: Gengar|Gengar, L50, F|100/100\n|switch|p2a: Blastoise|Blastoise, L50, F|100/100\n|switch|p2b: Meowstic|Meowstic, L50, M|100/100\n|turn|1\n|\n|t:|1788310377\n|detailschange|p1b: Gengar|Gengar-Mega, L50, F\n|-mega|p1b: Gengar|Gengar|Gengarite\n|move|p1a: Sableye|Fake Out|p2a: Blastoise\n|-damage|p2a: Blastoise|92/100\n|move|p2b: Meowstic|Light Screen|p2b: Meowstic\n|-sidestart|p2: mediumwarm|move: Light Screen\n|move|p1b: Gengar|Shadow Ball|p2b: Meowstic\n|-supereffective|p2b: Meowstic|1\n|-damage|p2b: Meowstic|30/100\n|cant|p2a: Blastoise|flinch\n|\n|upkeep\n|turn|2\n|\n|t:|1788310440\n|move|p1b: Gengar|Protect|p1b: Gengar\n|-singleturn|p1b: Gengar|Protect\n|move|p2b: Meowstic|Reflect|p2b: Meowstic\n|-sidestart|p2: mediumwarm|Reflect\n|move|p1a: Sableye|Encore|p2b: Meowstic\n|-start|p2b: Meowstic|Encore\n|move|p2a: Blastoise|Dark Pulse|p1b: Gengar\n|-activate|p1b: Gengar|move: Protect\n|\n|upkeep\n|turn|3\n|\n|t:|1788310496\n|move|p2b: Meowstic|Reflect||[still]\n|-fail|p2b: Meowstic\n|move|p1a: Sableye|Encore|p2a: Blastoise\n|-start|p2a: Blastoise|Encore\n|move|p1b: Gengar|Disable|p2a: Blastoise\n|-start|p2a: Blastoise|Disable|Dark Pulse\n|cant|p2a: Blastoise|Disable|Dark Pulse\n|\n|upkeep\n|turn|4\n|\n|t:|1788310519\n|switch|p1a: Primarina|Primarina, L50, M|100/100\n|move|p2b: Meowstic|Reflect||[still]\n|-fail|p2b: Meowstic\n|move|p1b: Gengar|Perish Song|p1b: Gengar\n|-start|p1a: Primarina|perish3|[silent]\n|-start|p1b: Gengar|perish3|[silent]\n|-start|p2a: Blastoise|perish3|[silent]\n|-start|p2b: Meowstic|perish3|[silent]\n|-fieldactivate|move: Perish Song\n|-activate|p2a: Blastoise|move: Struggle\n|move|p2a: Blastoise|Struggle|p1b: Gengar\n|-damage|p1b: Gengar|88/100\n|-damage|p2a: Blastoise|67/100|[from] recoil\n|\n|-start|p1b: Gengar|perish3\n|-start|p2b: Meowstic|perish3\n|-start|p2a: Blastoise|perish3\n|-start|p1a: Primarina|perish3\n|upkeep\n|turn|5\n|\n|t:|1788310538\n|switch|p1a: Tinkaton|Tinkaton, L50, F|100/100\n|-ability|p1a: Tinkaton|Mold Breaker\n|move|p1b: Gengar|Protect|p1b: Gengar\n|-singleturn|p1b: Gengar|Protect\n|move|p2b: Meowstic|Reflect||[still]\n|-fail|p2b: Meowstic\n|-activate|p2a: Blastoise|move: Struggle\n|move|p2a: Blastoise|Struggle|p1a: Tinkaton\n|-damage|p1a: Tinkaton|90/100\n|-damage|p2a: Blastoise|42/100|[from] recoil\n|\n|-end|p2b: Meowstic|Encore\n|-end|p2a: Blastoise|Encore\n|-start|p1b: Gengar|perish2\n|-start|p2b: Meowstic|perish2\n|-start|p2a: Blastoise|perish2\n|upkeep\n|turn|6\n|\n|t:|1788310583\n|move|p1b: Gengar|Protect|p1b: Gengar\n|-singleturn|p1b: Gengar|Protect\n|move|p2b: Meowstic|Rain Dance|p2b: Meowstic\n|-weather|RainDance\n|move|p1a: Tinkaton|Encore|p2b: Meowstic\n|-start|p2b: Meowstic|Encore\n|move|p2a: Blastoise|Aura Sphere|p1a: Tinkaton\n|-damage|p1a: Tinkaton|71/100\n|\n|-weather|RainDance|[upkeep]\n|-end|p2a: Blastoise|Disable\n|-start|p1b: Gengar|perish1\n|-start|p2b: Meowstic|perish1\n|-start|p2a: Blastoise|perish1\n|upkeep\n|turn|7\n|\n|t:|1788310605\n|switch|p1b: Primarina|Primarina, L50, M|100/100\n|switch|p1a: Sableye|Sableye, L50, F|100/100\n|move|p2b: Meowstic|Rain Dance||[still]\n|-fail|p2b: Meowstic\n|move|p2a: Blastoise|Dark Pulse|p1b: Primarina\n|-resisted|p1b: Primarina|1\n|-damage|p1b: Primarina|89/100\n|\n|-weather|RainDance|[upkeep]\n|-heal|p1b: Primarina|95/100|[from] item: Leftovers\n|-start|p2b: Meowstic|perish0\n|-start|p2a: Blastoise|perish0\n|faint|p2b: Meowstic\n|faint|p2a: Blastoise\n|upkeep\n|\n|t:|1788310622\n|switch|p2b: Gyarados|Gyarados, L50, M|100/100\n|switch|p2a: Raichu|Raichu, L50, M|100/100\n|-ability|p2b: Gyarados|Intimidate|boost\n|-unboost|p1a: Sableye|atk|1\n|-unboost|p1b: Primarina|atk|1\n|turn|8\n|\n|t:|1788310685\n|detailschange|p2a: Raichu|Raichu-Mega-Y, L50, M\n|-mega|p2a: Raichu|Raichu|Raichunite Y\n|move|p1a: Sableye|Fake Out|p2a: Raichu\n|-damage|p2a: Raichu|91/100\n|cant|p2a: Raichu|flinch\n|move|p2b: Gyarados|Waterfall|p1a: Sableye\n|-damage|p1a: Sableye|0 fnt\n|faint|p1a: Sableye\n|-damage|p2b: Gyarados|90/100|[from] item: Life Orb\n|move|p1b: Primarina|Perish Song|p1b: Primarina\n|-start|p1b: Primarina|perish3|[silent]\n|-start|p2a: Raichu|perish3|[silent]\n|-start|p2b: Gyarados|perish3|[silent]\n|-fieldactivate|move: Perish Song\n|\n|-weather|RainDance|[upkeep]\n|-heal|p1b: Primarina|100/100|[from] item: Leftovers\n|-start|p2a: Raichu|perish3\n|-start|p2b: Gyarados|perish3\n|-start|p1b: Primarina|perish3\n|-sideend|p2: mediumwarm|move: Light Screen\n|upkeep\n|\n|t:|1788310705\n|switch|p1a: Tinkaton|Tinkaton, L50, F|71/100\n|-ability|p1a: Tinkaton|Mold Breaker\n|turn|9\n|\n|t:|1788310719\n|move|p1a: Tinkaton|Protect|p1a: Tinkaton\n|-singleturn|p1a: Tinkaton|Protect\n|move|p1b: Primarina|Protect|p1b: Primarina\n|-singleturn|p1b: Primarina|Protect\n|move|p2a: Raichu|Zap Cannon|p1b: Primarina\n|-activate|p1b: Primarina|move: Protect\n|move|p2b: Gyarados|Waterfall|p1a: Tinkaton\n|-activate|p1a: Tinkaton|move: Protect\n|\n|-weather|RainDance|[upkeep]\n|-start|p2a: Raichu|perish2\n|-start|p2b: Gyarados|perish2\n|-start|p1b: Primarina|perish2\n|-sideend|p2: mediumwarm|Reflect\n|upkeep\n|turn|10\n|\n|t:|1788310746\n|switch|p1a: Gengar|Gengar-Mega, L50, F|88/100\n|move|p1b: Primarina|Protect||[still]\n|-fail|p1b: Primarina\n|move|p2a: Raichu|Zap Cannon|p1b: Primarina\n|-supereffective|p1b: Primarina|1\n|-damage|p1b: Primarina|0 fnt\n|faint|p1b: Primarina\n|move|p2b: Gyarados|Waterfall|p1a: Gengar\n|-damage|p1a: Gengar|0 fnt\n|faint|p1a: Gengar\n|-damage|p2b: Gyarados|80/100|[from] item: Life Orb\n|\n|-weather|none\n|-start|p2a: Raichu|perish1\n|-start|p2b: Gyarados|perish1\n|upkeep\n|\n|t:|1788310759\n|switch|p1b: Tinkaton|Tinkaton, L50, F|71/100\n|-ability|p1b: Tinkaton|Mold Breaker\n|turn|11\n|\n|t:|1788310792\n|move|p1b: Tinkaton|Protect|p1b: Tinkaton\n|-singleturn|p1b: Tinkaton|Protect\n|move|p2a: Raichu|Zap Cannon|p1b: Tinkaton\n|-activate|p1b: Tinkaton|move: Protect\n|move|p2b: Gyarados|Waterfall|p1b: Tinkaton\n|-activate|p1b: Tinkaton|move: Protect\n|\n|-start|p2a: Raichu|perish0\n|-start|p2b: Gyarados|perish0\n|faint|p2a: Raichu\n|faint|p2b: Gyarados\n|\n|win|hondourpoker\n","uploadtime":1788310828,"views":"0","formatid":"gen9championsvgc2026regmb","rating":null,"private":0,"password":null}