{"id":"gen9championsvgc2026regmb-2674004644","format":"[Gen 9 Champions] VGC 2026 Reg M-B","players":["animonmaster GO","Breadst1k"],"log":"|j|☆animonmaster GO\n|j|☆Breadst1k\n|html|<table width=\"100%\"><tr><td align=\"left\">animonmaster GO</td><td align=\"right\">Breadst1k</tr><tr><td align=\"left\"><i class=\"fa fa-circle\"></i> <i class=\"fa fa-circle-o\"></i> </td><td align=\"right\"><i class=\"fa fa-circle-o\"></i> <i class=\"fa fa-circle-o\"></i> </tr></table>\n|uhtml|bestof|<h2><strong>Game 2</strong> of <a href=\"/game-bestof3-gen9championsvgc2026regmb-2673999695\">a best-of-3</a></h2>\n|t:|1788287192\n|gametype|doubles\n|player|p1|animonmaster GO|266|\n|player|p2|Breadst1k|265|\n|gen|9\n|tier|[Gen 9 Champions] VGC 2026 Reg M-B\n|rule|Species Clause: Limit one of each Pokémon\n|rule|Item Clause: Limit 1 of each item\n|raw|<div class=\"infobox\"><details class=\"readmore\" open><summary><strong>1 custom rule:</strong></summary> Best of = 3</details></div>\n|clearpoke\n|poke|p1|Staraptor, L50, M|\n|poke|p1|Mawile, L50, F|\n|poke|p1|Umbreon, L50, M|\n|poke|p1|Zoroark-Hisui, L50, M|\n|poke|p1|Meowstic, L50, M|\n|poke|p1|Infernape, L50, M|\n|poke|p2|Swampert, L50, F|\n|poke|p2|Garbodor, L50, M|\n|poke|p2|Sableye, L50, F|\n|poke|p2|Gardevoir, L50, F|\n|poke|p2|Manectric, L50, M|\n|poke|p2|Eelektross, L50, M|\n|teampreview|4\nanimonmaster GO rejected open team sheets.\n|c|☆animonmaster GO|Wow that was way to close\n|j| getjiggy49\n|c| getjiggy49|Crazy staraptor clutch\n|\n|t:|1788287249\n|teamsize|p1|4\n|teamsize|p2|4\n|start\n|switch|p1a: Staraptor|Staraptor, L50, M|100/100\n|switch|p1b: Meowstic|Meowstic, L50, M|100/100\n|switch|p2a: Sableye|Sableye, L50, F|100/100\n|switch|p2b: Gardevoir|Gardevoir, L50, F|100/100\n|-ability|p1a: Staraptor|Intimidate|boost\n|-unboost|p2a: Sableye|atk|1\n|-unboost|p2b: Gardevoir|atk|1\n|turn|1\n|\n|t:|1788287271\n|detailschange|p1a: Staraptor|Staraptor-Mega, L50, M\n|-mega|p1a: Staraptor|Staraptor|Staraptite\n|move|p2a: Sableye|Fake Out|p1b: Meowstic\n|-damage|p1b: Meowstic|94/100\n|cant|p1b: Meowstic|flinch\n|move|p2b: Gardevoir|Moonblast|p1a: Staraptor\n|-supereffective|p1a: Staraptor|1\n|-damage|p1a: Staraptor|0 fnt\n|faint|p1a: Staraptor\n|\n|upkeep\n|\n|t:|1788287284\n|switch|p1a: Infernape|Infernape, L50, M|100/100\n|turn|2\n|\n|t:|1788287313\n|switch|p2b: Swampert|Swampert, L50, F|100/100\n|move|p1b: Meowstic|Light Screen|p1b: Meowstic\n|-sidestart|p1: animonmaster GO|move: Light Screen\n|move|p2a: Sableye|Will-O-Wisp|p1b: Meowstic\n|-status|p1b: Meowstic|brn\n|move|p1a: Infernape|Bitter Malice|p2b: Swampert\n|-damage|p2b: Swampert|60/100\n|-unboost|p2b: Swampert|atk|1\n|\n|-damage|p1b: Meowstic|88/100 brn|[from] brn\n|upkeep\n|turn|3\n|\n|t:|1788287348\n|detailschange|p2b: Swampert|Swampert-Mega, L50, F\n|-mega|p2b: Swampert|Swampert|Swampertite\n|move|p1b: Meowstic|Charm|p2b: Swampert\n|-unboost|p2b: Swampert|atk|2\n|move|p2a: Sableye|Rain Dance|p2a: Sableye\n|-weather|RainDance\n|move|p2b: Swampert|Earthquake|p1b: Meowstic|[spread] p2a,p1a,p1b\n|-damage|p2a: Sableye|78/100\n|-damage|p1a: Infernape|60/100\n|-damage|p1b: Meowstic|68/100 brn\n|replace|p1a: Zoroark|Zoroark-Hisui, L50, M\n|-end|p1a: Zoroark|Illusion\n|move|p1a: Zoroark|Bitter Malice|p2b: Swampert\n|-damage|p2b: Swampert|30/100\n|-unboost|p2b: Swampert|atk|1\n|\n|-weather|RainDance|[upkeep]\n|-damage|p1b: Meowstic|62/100 brn|[from] brn\n|upkeep\n|turn|4\n|\n|t:|1788287377\n|move|p1b: Meowstic|Sunny Day|p1b: Meowstic\n|-weather|SunnyDay\n|move|p2a: Sableye|Will-O-Wisp|p1a: Zoroark\n|-status|p1a: Zoroark|brn\n|move|p1a: Zoroark|Bitter Malice|p2b: Swampert\n|-damage|p2b: Swampert|0 fnt\n|faint|p2b: Swampert\n|\n|-weather|SunnyDay|[upkeep]\n|-damage|p1a: Zoroark|54/100 brn|[from] brn\n|-damage|p1b: Meowstic|56/100 brn|[from] brn\n|upkeep\n|\n|t:|1788287391\n|switch|p2b: Gardevoir|Gardevoir, L50, F|100/100\n|turn|5\n|\n|t:|1788287404\n|move|p1b: Meowstic|Light Screen||[still]\n|-fail|p1b: Meowstic\n|move|p2a: Sableye|Encore|p1b: Meowstic\n|-start|p1b: Meowstic|Encore\n|-enditem|p1b: Meowstic|Mental Herb\n|-end|p1b: Meowstic|Encore\n|move|p2b: Gardevoir|Moonblast|p1a: Zoroark\n|-damage|p1a: Zoroark|0 fnt\n|faint|p1a: Zoroark\n|\n|-weather|SunnyDay|[upkeep]\n|-damage|p1b: Meowstic|50/100g brn|[from] brn\n|upkeep\n|\n|t:|1788287418\n|switch|p1a: Infernape|Infernape, L50, M|100/100\n|turn|6\n|\n|t:|1788287439\n|switch|p2b: Manectric|Manectric, L50, M|100/100\n|move|p1b: Meowstic|Charm|p2a: Sableye\n|-hint|Since gen 7, Dark is immune to Prankster moves.\n|-immune|p2a: Sableye\n|move|p2a: Sableye|Encore|p1b: Meowstic\n|-start|p1b: Meowstic|Encore\n|move|p1a: Infernape|Flamethrower|p2b: Manectric\n|-damage|p2b: Manectric|3/100\n|\n|-weather|SunnyDay|[upkeep]\n|-damage|p1b: Meowstic|44/100 brn|[from] brn\n|-sideend|p1: animonmaster GO|move: Light Screen\n|upkeep\n|turn|7\n|\n|t:|1788287460\n|move|p1b: Meowstic|Charm|p2b: Manectric\n|-unboost|p2b: Manectric|atk|2\n|move|p2a: Sableye|Rain Dance|p2a: Sableye\n|-weather|RainDance\n|move|p1a: Infernape|Flamethrower|p2b: Manectric\n|-damage|p2b: Manectric|0 fnt\n|faint|p2b: Manectric\n|\n|-weather|RainDance|[upkeep]\n|-damage|p1b: Meowstic|38/100 brn|[from] brn\n|upkeep\n|\n|t:|1788287469\n|switch|p2b: Gardevoir|Gardevoir, L50, F|100/100\n|turn|8\n|\n|t:|1788287496\n|move|p1b: Meowstic|Charm|p2b: Gardevoir\n|-unboost|p2b: Gardevoir|atk|2\n|move|p2a: Sableye|Encore|p1a: Infernape\n|-start|p1a: Infernape|Encore\n|move|p2b: Gardevoir|Psychic|p1a: Infernape\n|-supereffective|p1a: Infernape|1\n|-damage|p1a: Infernape|0 fnt\n|faint|p1a: Infernape\n|\n|-weather|RainDance|[upkeep]\n|-damage|p1b: Meowstic|32/100 brn|[from] brn\n|upkeep\n|turn|9\n|\n|t:|1788287513\n|move|p1b: Meowstic|Charm|p2b: Gardevoir\n|-unboost|p2b: Gardevoir|atk|2\n|move|p2a: Sableye|Encore||[still]\n|-fail|p2a: Sableye\n|move|p2b: Gardevoir|Psychic|p1b: Meowstic\n|-resisted|p1b: Meowstic|1\n|-crit|p1b: Meowstic\n|-damage|p1b: Meowstic|1/100 brn\n|\n|-weather|RainDance|[upkeep]\n|-damage|p1b: Meowstic|0 fnt|[from] brn\n|faint|p1b: Meowstic\n|\n|win|Breadst1k\n|inactive|animonmaster GO has 30 seconds to confirm battle start!\n|inactive|Breadst1k has 30 seconds to confirm battle start!\n||animonmaster GO is ready for game 3.\n|inactive|Breadst1k has 20 seconds to confirm battle start!\n|inactive|Breadst1k has 10 seconds to confirm battle start!\n||Breadst1k is ready for game 3.\n|uhtml|next|Next: <a href=\"/battle-gen9championsvgc2026regmb-2674007715\"><strong>Game 3 of 3</strong></a>\n|l| getjiggy49\n","uploadtime":1788287981,"views":"21","formatid":"gen9championsvgc2026regmb","rating":null,"private":0,"password":null}