{"id":"gen9championsvgc2026regmb-2674834781","format":"[Gen 9 Champions] VGC 2026 Reg M-B","players":["Miniassasin101","snowiesoul"],"log":"|j|☆Miniassasin101\n|j|☆snowiesoul\n|t:|1788417139\n|gametype|doubles\n|player|p1|Miniassasin101|grimsley-gen7|1401\n|player|p2|snowiesoul|cynthia-gen4|1306\n|gen|9\n|tier|[Gen 9 Champions] VGC 2026 Reg M-B\n|rated|\n|rule|Species Clause: Limit one of each Pokémon\n|rule|Item Clause: Limit 1 of each item\n|clearpoke\n|poke|p1|Feraligatr, L50, M|\n|poke|p1|Sinistcha, L50|\n|poke|p1|Golurk, L50|\n|poke|p1|Abomasnow, L50, F|\n|poke|p1|Scrafty, L50, F|\n|poke|p1|Sylveon, L50, M|\n|poke|p2|Charizard, L50, M, shiny|\n|poke|p2|Floette-Eternal, L50, F|\n|poke|p2|Whimsicott, L50, F, shiny|\n|poke|p2|Garchomp, L50, M, shiny|\n|poke|p2|Kingambit, L50, F, shiny|\n|poke|p2|Basculegion, L50, M|\n|teampreview|4\n|inactive|Battle timer is ON: inactive players will automatically lose when time's up. (requested by Miniassasin101)\n|inactive|Miniassasin101 has 60 seconds left.\n|\n|t:|1788417172\n|teamsize|p1|4\n|teamsize|p2|4\n|start\n|switch|p1a: Sinistcha|Sinistcha, L50|100/100\n|switch|p1b: Golurk|Golurk, L50|100/100\n|switch|p2a: Gholdencott|Whimsicott, L50, F, shiny|100/100\n|switch|p2b: Gholdengo 2|Floette-Eternal, L50, F|100/100\n|turn|1\n|\n|t:|1788417187\n|detailschange|p2b: Gholdengo 2|Floette-Mega, L50, F\n|-mega|p2b: Gholdengo 2|Floette|Floettite\n|-ability|p2b: Gholdengo 2|Fairy Aura\n|move|p2a: Gholdencott|Moonblast|p1b: Golurk\n|-damage|p1b: Golurk|48/100\n|move|p2b: Gholdengo 2|Dazzling Gleam|p1a: Sinistcha|[spread] p1a,p1b\n|-damage|p1a: Sinistcha|46/100\n|-damage|p1b: Golurk|0 fnt\n|faint|p1b: Golurk\n|move|p1a: Sinistcha|Trick Room|p1a: Sinistcha\n|-fieldstart|move: Trick Room|[of] p1a: Sinistcha\n|\n|upkeep\n|\n|t:|1788417195\n|switch|p1b: Feraligatr|Feraligatr, L50, M|100/100\n|turn|2\n|\n|t:|1788417209\n|move|p1a: Sinistcha|Rage Powder|p1a: Sinistcha\n|-singleturn|p1a: Sinistcha|move: Rage Powder\n|move|p1b: Feraligatr|Liquidation|p2b: Gholdengo 2\n|-damage|p2b: Gholdengo 2|23/100\n|move|p2b: Gholdengo 2|Dazzling Gleam|p1b: Feraligatr|[spread] p1a,p1b\n|-damage|p1a: Sinistcha|0 fnt\n|-damage|p1b: Feraligatr|51/100\n|faint|p1a: Sinistcha\n|move|p2a: Gholdencott|Moonblast|p1b: Feraligatr\n|-damage|p1b: Feraligatr|1/100\n|\n|upkeep\n|\n|t:|1788417211\n|switch|p1a: Scrafty|Scrafty, L50, F|100/100\n|-ability|p1a: Scrafty|Intimidate|boost\n|-unboost|p2a: Gholdencott|atk|1\n|-unboost|p2b: Gholdengo 2|atk|1\n|turn|3\n|\n|t:|1788417234\n|detailschange|p1a: Scrafty|Scrafty-Mega, L50, F\n|-mega|p1a: Scrafty|Scrafty|Scraftinite\n|-ability|p1a: Scrafty|Intimidate|boost\n|-unboost|p2a: Gholdencott|atk|1\n|-unboost|p2b: Gholdengo 2|atk|1\n|move|p2a: Gholdencott|Protect|p2a: Gholdencott\n|-singleturn|p2a: Gholdencott|Protect\n|move|p2b: Gholdengo 2|Protect|p2b: Gholdengo 2\n|-singleturn|p2b: Gholdengo 2|Protect\n|move|p1a: Scrafty|Knock Off|p2a: Gholdencott\n|-activate|p2a: Gholdencott|move: Protect\n|move|p1b: Feraligatr|Rock Slide|p2a: Gholdencott|[spread] \n|-activate|p2a: Gholdencott|move: Protect\n|-activate|p2b: Gholdengo 2|move: Protect\n|\n|upkeep\n|turn|4\n|inactive|snowiesoul has 30 seconds left.\n|\n|t:|1788417261\n|switch|p2b: Gholdengo killer|Kingambit, L50, F, shiny|100/100\n|move|p1a: Scrafty|Knock Off|p2a: Gholdencott\n|-resisted|p2a: Gholdencott|1\n|-damage|p2a: Gholdencott|73/100\n|-enditem|p2a: Gholdencott|Fairy Feather|[from] move: Knock Off|[of] p1a: Scrafty\n|move|p1b: Feraligatr|Rock Slide|p2a: Gholdencott|[spread] p2a,p2b\n|-resisted|p2b: Gholdengo killer|1\n|-damage|p2a: Gholdencott|41/100\n|-damage|p2b: Gholdengo killer|88/100\n|move|p2a: Gholdencott|Moonblast|p1a: Scrafty\n|-supereffective|p1a: Scrafty|2\n|-damage|p1a: Scrafty|13/100\n|\n|upkeep\n|turn|5\n|-message|Miniassasin101 forfeited.\n|\n|win|snowiesoul\n|raw|Miniassasin101's rating: 1401 &rarr; <strong>1376</strong><br />(-25 for losing)\n|raw|snowiesoul's rating: 1306 &rarr; <strong>1331</strong><br />(+25 for winning)\n|l|☆Miniassasin101\n|player|p1|\n","uploadtime":1788417287,"views":"21","formatid":"gen9championsvgc2026regmb","rating":1331,"private":0,"password":null}