{"id":"gen9championsvgc2026regmbbo3-2673307208","format":"[Gen 9 Champions] VGC 2026 Reg M-B (Bo3)","players":["humania1","GuntherTV"],"log":"|j|☆humania1\n|j|☆GuntherTV\n|html|<table width=\"100%\"><tr><td align=\"left\">humania1</td><td align=\"right\">GuntherTV</tr><tr><td align=\"left\"><i class=\"fa fa-circle-o\"></i> <i class=\"fa fa-circle-o\"></i> </td><td align=\"right\"><i class=\"fa fa-circle-o\"></i> <i class=\"fa fa-circle\"></i> </tr></table>\n|uhtml|bestof|<h2><strong>Game 2</strong> of <a href=\"/game-bestof3-gen9championsvgc2026regmbbo3-2673305697\">a best-of-3</a></h2>\n|t:|1788180843\n|gametype|doubles\n|player|p1|humania1|170|1048\n|player|p2|GuntherTV|265|1000\n|gen|9\n|tier|[Gen 9 Champions] VGC 2026 Reg M-B (Bo3)\n|rated|\n|rule|Species Clause: Limit one of each Pokémon\n|rule|Item Clause: Limit 1 of each item\n|clearpoke\n|poke|p1|Blastoise, L50, M|\n|poke|p1|Delphox, L50, M, shiny|\n|poke|p1|Incineroar, L50, F|\n|poke|p1|Sinistcha, L50|\n|poke|p1|Sneasler, L50, M|\n|poke|p1|Vivillon, L50, F|\n|poke|p2|Charizard, L50, M|\n|poke|p2|Scovillain, L50, M|\n|poke|p2|Tinkaton, L50, F|\n|poke|p2|Maushold-Four, L50|\n|poke|p2|Garchomp, L50, M|\n|poke|p2|Sneasler, L50, F|\n|teampreview|4\n|showteam|p1|Blastoise||Blastoisinite|Torrent|Protect,ShellSmash,WaterSpout,DarkPulse|Modest||M|||50|]Delphox||Delphoxite|Blaze|Protect,HeatWave,Psyshock,NastyPlot|Timid||M|||50|]Incineroar||PasshoBerry|Intimidate|FakeOut,PartingShot,FlareBlitz,ThroatChop|Impish||F|||50|]Sinistcha||SitrusBerry|Hospitality|Protect,MatchaGotcha,TrickRoom,RagePowder|Bold|||||50|]Sneasler||FocusSash|PoisonTouch|QuickGuard,FakeOut,CloseCombat,DireClaw|Jolly||M|||50|]Vivillon||ChoiceScarf|CompoundEyes|Hurricane,SleepPowder,RagePowder,Uturn|Timid||F|||50|\n|showteam|p2|Charizard||CharizarditeX|Blaze|DragonClaw,FlareBlitz,DragonDance,Protect|Adamant||M|||50|]Scovillain||Scovillainite|Moody|RagePowder,LeechSeed,Flamethrower,GigaDrain|Bold||M|||50|]Tinkaton||FocusSash|OwnTempo|GigatonHammer,PlayRough,FakeOut,Protect|Jolly||F|||50|]Maushold-Four||LifeOrb|Technician|PopulationBomb,SuperFang,Taunt,FollowMe|Jolly|||||50|]Garchomp||ChoiceScarf|RoughSkin|RockSlide,DragonClaw,Earthquake,Liquidation|Jolly||M|||50|]Sneasler||MentalHerb|Unburden|FakeOut,DireClaw,CloseCombat,Protect|Adamant||F|||50|\n|inactive|Battle timer is ON: inactive players will automatically lose when time's up. (requested by humania1)\n|\n|t:|1788180852\n|teamsize|p1|4\n|teamsize|p2|4\n|start\n|switch|p1a: Blastoise|Blastoise, L50, M|100/100\n|switch|p1b: Delphox|Delphox, L50, M, shiny|100/100\n|switch|p2a: Charizard|Charizard, L50, M|100/100\n|switch|p2b: Maushold|Maushold-Four, L50|100/100\n|turn|1\n|j| nosehabladebruno\n|\n|t:|1788180869\n|switch|p1b: Incineroar|Incineroar, L50, F|100/100\n|-ability|p1b: Incineroar|Intimidate|boost\n|-unboost|p2a: Charizard|atk|1\n|-unboost|p2b: Maushold|atk|1\n|detailschange|p2a: Charizard|Charizard-Mega-X, L50, M\n|-mega|p2a: Charizard|Charizard|Charizardite X\n|move|p2b: Maushold|Population Bomb|p1b: Incineroar\n|-crit|p1b: Incineroar\n|-damage|p1b: Incineroar|84/100\n|-damage|p1b: Incineroar|76/100\n|-damage|p1b: Incineroar|68/100\n|-damage|p1b: Incineroar|62/100\n|-damage|p1b: Incineroar|54/100\n|-damage|p1b: Incineroar|46/100\n|-damage|p1b: Incineroar|38/100\n|-damage|p1b: Incineroar|30/100\n|-damage|p1b: Incineroar|22/100\n|-hitcount|p1b: Incineroar|9\n|-damage|p2b: Maushold|90/100|[from] item: Life Orb\n|move|p2a: Charizard|Dragon Claw|p1a: Blastoise\n|-damage|p1a: Blastoise|55/100\n|move|p1a: Blastoise|Water Spout|p2a: Charizard|[spread] p2a,p2b\n|-damage|p2a: Charizard|67/100\n|-damage|p2b: Maushold|61/100\n|\n|upkeep\n|turn|2\n|inactive|GuntherTV has 30 seconds left.\n|\n|t:|1788180904\n|move|p2b: Maushold|Population Bomb|p1a: Blastoise\n|-damage|p1a: Blastoise|45/100\n|-crit|p1a: Blastoise\n|-damage|p1a: Blastoise|21/100\n|-hitcount|p1a: Blastoise|2\n|-damage|p2b: Maushold|51/100|[from] item: Life Orb\n|move|p2a: Charizard|Dragon Dance|p2a: Charizard\n|-boost|p2a: Charizard|atk|1\n|-boost|p2a: Charizard|spe|1\n|move|p1a: Blastoise|Water Spout|p2a: Charizard|[spread] p2a,p2b\n|-damage|p2a: Charizard|47/100\n|-damage|p2b: Maushold|34/100\n|move|p1b: Incineroar|Flare Blitz|p2b: Maushold\n|-crit|p2b: Maushold\n|-damage|p2b: Maushold|0 fnt\n|faint|p2b: Maushold\n|-damage|p1b: Incineroar|12/100|[from] Recoil\n|\n|upkeep\n|\n|t:|1788180922\n|switch|p2b: Sneasler|Sneasler, L50, F|100/100\n|turn|3\n|\n|t:|1788180930\n|switch|p1b: Sinistcha|Sinistcha, L50|100/100\n|-heal|p1a: Blastoise|45/100|[from] ability: Hospitality|[of] p1b: Sinistcha\n|move|p2b: Sneasler|Fake Out|p1a: Blastoise\n|-damage|p1a: Blastoise|27/100\n|move|p2a: Charizard|Dragon Dance|p2a: Charizard\n|-boost|p2a: Charizard|atk|1\n|-boost|p2a: Charizard|spe|1\n|cant|p1a: Blastoise|flinch\n|\n|upkeep\n|turn|4\n|\n|t:|1788180946\n|switch|p1b: Incineroar|Incineroar, L50, F|12/100\n|-ability|p1b: Incineroar|Intimidate|boost\n|-unboost|p2a: Charizard|atk|1\n|-unboost|p2b: Sneasler|atk|1\n|move|p1a: Blastoise|Protect|p1a: Blastoise\n|-singleturn|p1a: Blastoise|Protect\n|move|p2a: Charizard|Dragon Claw|p1a: Blastoise\n|-activate|p1a: Blastoise|move: Protect\n|move|p2b: Sneasler|Dire Claw|p1b: Incineroar\n|-damage|p1b: Incineroar|0 fnt\n|faint|p1b: Incineroar\n|\n|upkeep\n|\n|t:|1788180946\n|switch|p1b: Sinistcha|Sinistcha, L50|100/100\n|-heal|p1a: Blastoise|52/100|[from] ability: Hospitality|[of] p1b: Sinistcha\n|turn|5\n|\n|t:|1788180967\n|move|p1b: Sinistcha|Protect|p1b: Sinistcha\n|-singleturn|p1b: Sinistcha|Protect\n|move|p2a: Charizard|Dragon Claw|p1a: Blastoise\n|-damage|p1a: Blastoise|0 fnt\n|faint|p1a: Blastoise\n|move|p2b: Sneasler|Dire Claw|p1b: Sinistcha\n|-activate|p1b: Sinistcha|move: Protect\n|\n|upkeep\n|\n|t:|1788180967\n|switch|p1a: Delphox|Delphox, L50, M, shiny|100/100\n|turn|6\n|inactive|GuntherTV has 30 seconds left.\n|\n|t:|1788180994\n|move|p2a: Charizard|Dragon Claw|p1a: Delphox\n|-damage|p1a: Delphox|11/100\n|move|p2b: Sneasler|Dire Claw|p1b: Sinistcha\n|-damage|p1b: Sinistcha|72/100\n|-status|p1b: Sinistcha|par\n|move|p1a: Delphox|Psyshock|p2b: Sneasler\n|-supereffective|p2b: Sneasler|2\n|-damage|p2b: Sneasler|0 fnt\n|faint|p2b: Sneasler\n|move|p1b: Sinistcha|Trick Room|p1b: Sinistcha\n|-fieldstart|move: Trick Room|[of] p1b: Sinistcha\n|\n|upkeep\n|\n|t:|1788181006\n|switch|p2b: Tinkaton|Tinkaton, L50, F|100/100\n|turn|7\n|\n|t:|1788181020\n|move|p2b: Tinkaton|Fake Out|p1a: Delphox\n|-damage|p1a: Delphox|0 fnt\n|faint|p1a: Delphox\n|move|p1b: Sinistcha|Rage Powder|p1b: Sinistcha\n|-singleturn|p1b: Sinistcha|move: Rage Powder\n|move|p2a: Charizard|Dragon Claw|p1b: Sinistcha\n|-damage|p1b: Sinistcha|21/100 par\n|-enditem|p1b: Sinistcha|Sitrus Berry|[eat]\n|-heal|p1b: Sinistcha|46/100 par|[from] item: Sitrus Berry\n|\n|upkeep\n|turn|8\n|\n|t:|1788181033\n|move|p1b: Sinistcha|Matcha Gotcha|p2a: Charizard|[spread] p2a,p2b\n|-resisted|p2a: Charizard|2\n|-resisted|p2b: Tinkaton|1\n|-damage|p2a: Charizard|39/100\n|-heal|p1b: Sinistcha|50/100y par|[from] drain|[of] p2a: Charizard\n|-damage|p2b: Tinkaton|86/100\n|-heal|p1b: Sinistcha|56/100 par|[from] drain|[of] p2b: Tinkaton\n|move|p2b: Tinkaton|Gigaton Hammer|p1b: Sinistcha\n|-damage|p1b: Sinistcha|10/100 par\n|move|p2a: Charizard|Flare Blitz|p1b: Sinistcha\n|-supereffective|p1b: Sinistcha|1\n|-damage|p1b: Sinistcha|0 fnt\n|faint|p1b: Sinistcha\n|-damage|p2a: Charizard|35/100|[from] Recoil\n|\n|win|GuntherTV\n|raw|humania1's rating: 1048 &rarr; <strong>1028</strong><br />(-20 for losing)\n|raw|GuntherTV's rating: 1000 &rarr; <strong>1045</strong><br />(+45 for winning)\n","uploadtime":1788181033,"views":"0","formatid":"gen9championsvgc2026regmbbo3","rating":1028,"private":0,"password":null}