{"id":"gen9championsvgc2026regmbbo3-2673285406","format":"[Gen 9 Champions] VGC 2026 Reg M-B (Bo3)","players":["Pawah","pedromps8000"],"log":"|j|☆Pawah\n|j|☆pedromps8000\n|html|<table width=\"100%\"><tr><td align=\"left\">Pawah</td><td align=\"right\">pedromps8000</tr><tr><td align=\"left\"><i class=\"fa fa-circle\"></i> <i class=\"fa fa-circle-o\"></i> </td><td align=\"right\"><i class=\"fa fa-circle-o\"></i> <i class=\"fa fa-circle-o\"></i> </tr></table>\n|uhtml|bestof|<h2><strong>Game 2</strong> of <a href=\"/game-bestof3-gen9championsvgc2026regmbbo3-2673284318\">a best-of-3</a></h2>\n|t:|1788176974\n|gametype|doubles\n|player|p1|Pawah|ethan|1228\n|player|p2|pedromps8000|169|1147\n|gen|9\n|tier|[Gen 9 Champions] VGC 2026 Reg M-B (Bo3)\n|rated|\n|rule|Species Clause: Limit one of each Pokémon\n|rule|Item Clause: Limit 1 of each item\n|clearpoke\n|poke|p1|Incineroar, L50, M|\n|poke|p1|Sinistcha, L50|\n|poke|p1|Floette-Eternal, L50, F|\n|poke|p1|Samurott-Hisui, L50, F|\n|poke|p1|Sneasler, L50, F|\n|poke|p1|Delphox, L50, M|\n|poke|p2|Palafin, L50, F|\n|poke|p2|Incineroar, L50, F|\n|poke|p2|Corviknight, L50, F|\n|poke|p2|Froslass, L50, F|\n|poke|p2|Sableye, L50, F|\n|poke|p2|Garchomp, L50, M|\n|teampreview|4\n|showteam|p1|Incineroar||SitrusBerry|Intimidate|FlareBlitz,DarkestLariat,FakeOut,PartingShot|Careful||M|||50|]Sinistcha||OccaBerry|Hospitality|MatchaGotcha,LifeDew,RagePowder,Protect|Bold|||||50|]Floette-Eternal||Floettite|FlowerVeil|Protect,DazzlingGleam,Moonblast,CalmMind|Modest||F|||50|]Samurott-Hisui||ChoiceScarf|Sharpness|NightSlash,AquaCutter,SacredSword,FlipTurn|Jolly||F|||50|]Sneasler||FocusSash|PoisonTouch|PoisonJab,RockSlide,CloseCombat,FakeOut|Jolly||F|||50|]Delphox||Delphoxite|Blaze|HeatWave,Protect,Psychic,NastyPlot|Timid||M|||50|\n|showteam|p2|Palafin||ChoiceScarf|ZerotoHero|IcePunch,CloseCombat,FlipTurn,JetPunch|Careful||F|||50|]Incineroar||WhiteHerb|Intimidate|FakeOut,PartingShot,DarkestLariat,FlareBlitz|Impish||F|||50|]Corviknight||Leftovers|MirrorArmor|BulkUp,BraveBird,Tailwind,Protect|Impish||F|||50|]Froslass||Froslassite|SnowCloak|AuroraVeil,Blizzard,ShadowBall,Protect|Serious||F|||50|]Sableye||MentalHerb|Prankster|LightScreen,Taunt,Encore,WillOWisp|Bold||F|||50|]Garchomp||LifeOrb|RoughSkin|SwordsDance,DragonClaw,StompingTantrum,Protect|Adamant||M|||50|\n|inactive|Battle timer is ON: inactive players will automatically lose when time's up. (requested by Pawah)\n|\n|t:|1788177002\n|teamsize|p1|4\n|teamsize|p2|4\n|start\n|switch|p1a: Sneasler|Sneasler, L50, F|100/100\n|switch|p1b: Floette|Floette-Eternal, L50, F|100/100\n|switch|p2a: Sableye|Sableye, L50, F|100/100\n|switch|p2b: Froslass|Froslass, L50, F|100/100\n|turn|1\n|\n|t:|1788177020\n|detailschange|p2b: Froslass|Froslass-Mega, L50, F\n|-mega|p2b: Froslass|Froslass|Froslassite\n|-weather|Snowscape|[from] ability: Snow Warning|[of] p2b: Froslass\n|detailschange|p1b: Floette|Floette-Mega, L50, F\n|-mega|p1b: Floette|Floette|Floettite\n|-ability|p1b: Floette|Fairy Aura\n|move|p2a: Sableye|Light Screen|p2a: Sableye\n|-sidestart|p2: pedromps8000|move: Light Screen\n|move|p1a: Sneasler|Rock Slide|p2a: Sableye|[spread] p2a,p2b\n|-supereffective|p2b: Froslass|1\n|-damage|p2a: Sableye|78/100\n|-damage|p2b: Froslass|61/100\n|move|p2b: Froslass|Aurora Veil|p2b: Froslass\n|-sidestart|p2: pedromps8000|move: Aurora Veil\n|move|p1b: Floette|Moonblast|p2a: Sableye\n|-supereffective|p2a: Sableye|1\n|-damage|p2a: Sableye|0 fnt\n|faint|p2a: Sableye\n|\n|-weather|Snowscape|[upkeep]\n|upkeep\n|\n|t:|1788177040\n|switch|p2a: Incineroar|Incineroar, L50, F|100/100\n|-ability|p2a: Incineroar|Intimidate|boost\n|-unboost|p1a: Sneasler|atk|1\n|-unboost|p1b: Floette|atk|1\n|turn|2\n|\n|t:|1788177048\n|switch|p1a: Samurott|Samurott-Hisui, L50, F|100/100\n|move|p1b: Floette|Protect|p1b: Floette\n|-singleturn|p1b: Floette|Protect\n|move|p2a: Incineroar|Fake Out|p1b: Floette\n|-activate|p1b: Floette|move: Protect\n|move|p2b: Froslass|Blizzard|p1b: Floette|[spread] p1a\n|-activate|p1b: Floette|move: Protect\n|-resisted|p1a: Samurott|1\n|-damage|p1a: Samurott|67/100\n|\n|-weather|Snowscape|[upkeep]\n|upkeep\n|turn|3\n|\n|t:|1788177066\n|switch|p2b: Corviknight|Corviknight, L50, F|100/100\n|move|p1a: Samurott|Flip Turn|p2a: Incineroar\n|-supereffective|p2a: Incineroar|1\n|-damage|p2a: Incineroar|69/100\n|inactive|Pawah has 30 seconds left.\n|\n|t:|1788177098\n|switch|p1a: Sneasler|Sneasler, L50, F|100/100|[from] Flip Turn\n|move|p1b: Floette|Calm Mind|p1b: Floette\n|-boost|p1b: Floette|spa|1\n|-boost|p1b: Floette|spd|1\n|move|p2a: Incineroar|Parting Shot|p1b: Floette\n|-unboost|p1b: Floette|atk|1\n|-unboost|p1b: Floette|spa|1\n|\n|t:|1788177109\n|switch|p2a: Froslass|Froslass-Mega, L50, F|61/100|[from] Parting Shot\n|\n|-weather|Snowscape|[upkeep]\n|upkeep\n|turn|4\n|\n|t:|1788177129\n|move|p1a: Sneasler|Fake Out|p2b: Corviknight\n|-resisted|p2b: Corviknight|1\n|-damage|p2b: Corviknight|96/100\n|move|p2a: Froslass|Blizzard|p1b: Floette|[spread] p1a,p1b\n|-damage|p1a: Sneasler|32/100\n|-damage|p1b: Floette|78/100\n|move|p1b: Floette|Calm Mind|p1b: Floette\n|-boost|p1b: Floette|spa|1\n|-boost|p1b: Floette|spd|1\n|cant|p2b: Corviknight|flinch\n|\n|-weather|Snowscape|[upkeep]\n|-heal|p2b: Corviknight|100/100|[from] item: Leftovers\n|upkeep\n|turn|5\n|inactive|Pawah has 30 seconds left.\n|\n|t:|1788177155\n|switch|p1a: Samurott|Samurott-Hisui, L50, F|67/100\n|switch|p2a: Incineroar|Incineroar, L50, F|69/100\n|-ability|p2a: Incineroar|Intimidate|boost\n|-unboost|p1a: Samurott|atk|1\n|-unboost|p1b: Floette|atk|1\n|move|p1b: Floette|Dazzling Gleam|p2a: Incineroar|[spread] p2a,p2b\n|-resisted|p2b: Corviknight|1\n|-damage|p2a: Incineroar|30/100\n|-damage|p2b: Corviknight|81/100\n|move|p2b: Corviknight|Brave Bird|p1a: Samurott\n|-damage|p1a: Samurott|19/100\n|-damage|p2b: Corviknight|68/100|[from] Recoil\n|\n|-weather|none\n|-heal|p2b: Corviknight|74/100|[from] item: Leftovers\n|-sideend|p2: pedromps8000|move: Light Screen\n|-sideend|p2: pedromps8000|move: Aurora Veil\n|upkeep\n|turn|6\n|\n|t:|1788177176\n|move|p1b: Floette|Protect|p1b: Floette\n|-singleturn|p1b: Floette|Protect\n|move|p2a: Incineroar|Fake Out|p1b: Floette\n|-activate|p1b: Floette|move: Protect\n|move|p1a: Samurott|Aqua Cutter|p2b: Corviknight\n|-damage|p2b: Corviknight|52/100\n|move|p2b: Corviknight|Bulk Up|p2b: Corviknight\n|-boost|p2b: Corviknight|atk|1\n|-boost|p2b: Corviknight|def|1\n|\n|-heal|p2b: Corviknight|58/100|[from] item: Leftovers\n|upkeep\n|turn|7\n|\n|t:|1788177198\n|move|p2b: Corviknight|Protect|p2b: Corviknight\n|-singleturn|p2b: Corviknight|Protect\n|move|p1a: Samurott|Aqua Cutter|p2b: Corviknight\n|-activate|p2b: Corviknight|move: Protect\n|move|p1b: Floette|Dazzling Gleam|p2b: Corviknight|[spread] p2a\n|-activate|p2b: Corviknight|move: Protect\n|-damage|p2a: Incineroar|0 fnt\n|faint|p2a: Incineroar\n|\n|-heal|p2b: Corviknight|64/100|[from] item: Leftovers\n|upkeep\n|\n|t:|1788177211\n|switch|p2a: Froslass|Froslass-Mega, L50, F|61/100\n|-weather|Snowscape|[from] ability: Snow Warning|[of] p2a: Froslass\n|turn|8\n|\n|t:|1788177218\n|move|p1a: Samurott|Aqua Cutter|p2b: Corviknight\n|-damage|p2b: Corviknight|48/100\n|move|p2a: Froslass|Blizzard|p1b: Floette|[spread] p1a,p1b\n|-resisted|p1a: Samurott|1\n|-damage|p1a: Samurott|0 fnt\n|-damage|p1b: Floette|61/100\n|faint|p1a: Samurott\n|move|p1b: Floette|Moonblast|p2b: Corviknight\n|-resisted|p2b: Corviknight|1\n|-damage|p2b: Corviknight|2/100\n|-ability|p2b: Corviknight|Mirror Armor\n|-unboost|p1b: Floette|spa|1\n|move|p2b: Corviknight|Brave Bird|p1b: Floette\n|-damage|p1b: Floette|3/100\n|-damage|p2b: Corviknight|0 fnt|[from] Recoil\n|faint|p2b: Corviknight\n|\n|-weather|Snowscape|[upkeep]\n|upkeep\n|\n|t:|1788177227\n|switch|p1a: Sinistcha|Sinistcha, L50|100/100\n|-heal|p1b: Floette|28/100|[from] ability: Hospitality|[of] p1a: Sinistcha\n|turn|9\n|\n|t:|1788177241\n|move|p1b: Floette|Protect|p1b: Floette\n|-singleturn|p1b: Floette|Protect\n|move|p2a: Froslass|Blizzard|p1b: Floette|[spread] p1a\n|-activate|p1b: Floette|move: Protect\n|-supereffective|p1a: Sinistcha|1\n|-damage|p1a: Sinistcha|4/100\n|move|p1a: Sinistcha|Life Dew|p1a: Sinistcha|[spread] p1a,p1b\n|-heal|p1a: Sinistcha|29/100\n|-heal|p1b: Floette|53/100\n|\n|-weather|Snowscape|[upkeep]\n|upkeep\n|turn|10\n|\n|t:|1788177254\n|switch|p1a: Sneasler|Sneasler, L50, F|32/100\n|move|p2a: Froslass|Blizzard|p1b: Floette|[spread] p1a,p1b\n|-damage|p1a: Sneasler|0 fnt\n|-damage|p1b: Floette|36/100\n|faint|p1a: Sneasler\n|move|p1b: Floette|Moonblast|p2a: Froslass\n|-damage|p2a: Froslass|0 fnt\n|faint|p2a: Froslass\n|\n|win|Pawah\n|raw|Pawah's rating: 1228 &rarr; <strong>1247</strong><br />(+19 for winning)\n|raw|pedromps8000's rating: 1147 &rarr; <strong>1128</strong><br />(-19 for losing)\n","uploadtime":1788177254,"views":"0","formatid":"gen9championsvgc2026regmbbo3","rating":1128,"private":0,"password":null}