{"id":"gen9championsvgc2026regmb-2674549423","format":"[Gen 9 Champions] VGC 2026 Reg M-B","players":["ryangreenblue","ester7stars"],"log":"|j|☆ryangreenblue\n|j|☆ester7stars\n|html|<table width=\"100%\"><tr><td align=\"left\">ryangreenblue</td><td align=\"right\">ester7stars</tr><tr><td align=\"left\"><i class=\"fa fa-circle\"></i> <i class=\"fa fa-circle-o\"></i> </td><td align=\"right\"><i class=\"fa fa-circle-o\"></i> <i class=\"fa fa-circle\"></i> </tr></table>\n|uhtml|bestof|<h2><strong>Game 3</strong> of <a href=\"/game-bestof3-gen9championsvgc2026regmb-2674542792\">a best-of-3</a></h2>\n|t:|1788372775\n|gametype|doubles\n|player|p1|ryangreenblue|unknown|\n|player|p2|ester7stars|266|\n|gen|9\n|tier|[Gen 9 Champions] VGC 2026 Reg M-B\n|rule|Species Clause: Limit one of each Pokémon\n|rule|Item Clause: Limit 1 of each item\n|raw|<div class=\"infobox\"><details class=\"readmore\" open><summary><strong>1 custom rule:</strong></summary> Best of = 3</details></div>\n|clearpoke\n|poke|p1|Blastoise, L50, F|\n|poke|p1|Espathra, L50, M|\n|poke|p1|Sylveon, L50, M|\n|poke|p1|Basculegion, L50, M|\n|poke|p1|Kangaskhan, L50, F|\n|poke|p1|Typhlosion-Hisui, L50, M|\n|poke|p2|Aegislash, L50, M|\n|poke|p2|Dragonite, L50, F|\n|poke|p2|Glimmora, L50, M, shiny|\n|poke|p2|Rotom-Wash, L50, shiny|\n|poke|p2|Volcarona, L50, F|\n|poke|p2|Sylveon, L50, F, shiny|\n|teampreview|4\nryangreenblue rejected open team sheets.\n|c|☆ryangreenblue|game 3 situation...\n|c|☆ester7stars|stressful...\n|\n|t:|1788372830\n|teamsize|p1|4\n|teamsize|p2|4\n|start\n|switch|p1a: Cow's Ice Cream|Blastoise, L50, F|100/100\n|switch|p1b: Peggy's Cove|Espathra, L50, M|100/100\n|switch|p2a: Gender2|Sylveon, L50, F, shiny|100/100\n|switch|p2b: Sword|Aegislash, L50, M|100/100\n|turn|1\n|\n|t:|1788372852\n|detailschange|p1a: Cow's Ice Cream|Blastoise-Mega, L50, F\n|-mega|p1a: Cow's Ice Cream|Blastoise|Blastoisinite\n|move|p2b: Sword|King's Shield|p2b: Sword\n|-singleturn|p2b: Sword|Protect\n|move|p2a: Gender2|Detect|p2a: Gender2\n|-singleturn|p2a: Gender2|Protect\n|move|p1a: Cow's Ice Cream|Dark Pulse|p2b: Sword\n|-activate|p2b: Sword|move: Protect\n|move|p1b: Peggy's Cove|Calm Mind|p1b: Peggy's Cove\n|-boost|p1b: Peggy's Cove|spa|1\n|-boost|p1b: Peggy's Cove|spd|1\n|\n|-ability|p1b: Peggy's Cove|Speed Boost|boost\n|-boost|p1b: Peggy's Cove|spe|1\n|upkeep\n|turn|2\n|\n|t:|1788372889\n|move|p1b: Peggy's Cove|Calm Mind|p1b: Peggy's Cove\n|-boost|p1b: Peggy's Cove|spa|1\n|-boost|p1b: Peggy's Cove|spd|1\n|move|p1a: Cow's Ice Cream|Water Spout|p2a: Gender2|[spread] p2a,p2b\n|-damage|p2a: Gender2|65/100\n|-damage|p2b: Sword|44/100\n|-enditem|p2b: Sword|Sitrus Berry|[eat]\n|-heal|p2b: Sword|69/100|[from] item: Sitrus Berry\n|-formechange|p2b: Sword|Aegislash-Blade|\n|move|p2b: Sword|Shadow Ball|p1b: Peggy's Cove\n|-supereffective|p1b: Peggy's Cove|1\n|-damage|p1b: Peggy's Cove|51/100\n|move|p2a: Gender2|Hyper Voice|p1b: Peggy's Cove|[spread] p1a,p1b\n|-damage|p1a: Cow's Ice Cream|63/100\n|-damage|p1b: Peggy's Cove|32/100\n|\n|-ability|p1b: Peggy's Cove|Speed Boost|boost\n|-boost|p1b: Peggy's Cove|spe|1\n|upkeep\n|turn|3\n|\n|t:|1788372917\n|move|p2a: Gender2|Quick Attack|p1b: Peggy's Cove\n|-damage|p1b: Peggy's Cove|16/100\n|move|p1b: Peggy's Cove|Baton Pass|p1b: Peggy's Cove\n|\n|t:|1788372921\n|switch|p1b: Old Town Clock|Sylveon, L50, M|100/100|[from] Baton Pass\n|move|p1a: Cow's Ice Cream|Water Spout|p2b: Sword|[spread] p2a,p2b\n|-crit|p2a: Gender2\n|-damage|p2a: Gender2|31/100\n|-damage|p2b: Sword|0 fnt\n|faint|p2b: Sword\n|\n|upkeep\n|\n|t:|1788372933\n|switch|p2b: Bugge|Volcarona, L50, F|100/100\n|turn|4\n|\n|t:|1788372957\n|switch|p2b: Appliance|Rotom-Wash, L50, shiny|100/100\n|move|p2a: Gender2|Detect|p2a: Gender2\n|-singleturn|p2a: Gender2|Protect\n|move|p1b: Old Town Clock|Hyper Voice|p2a: Gender2|[spread] p2b\n|-activate|p2a: Gender2|move: Protect\n|-damage|p2b: Appliance|17/100\n|-damage|p1b: Old Town Clock|90/100|[from] item: Life Orb\n|move|p1a: Cow's Ice Cream|Dark Pulse|p2b: Appliance\n|-damage|p2b: Appliance|0 fnt\n|faint|p2b: Appliance\n|\n|upkeep\n|c|☆ester7stars|oops\n|\n|t:|1788372970\n|switch|p2b: Bugge|Volcarona, L50, F|100/100\n|turn|5\n|\n|t:|1788372983\n|move|p2a: Gender2|Quick Attack|p1b: Old Town Clock\n|-damage|p1b: Old Town Clock|76/100\n|move|p1b: Old Town Clock|Hyper Voice|p2a: Gender2|[spread] p2a,p2b\n|-resisted|p2b: Bugge|1\n|-damage|p2a: Gender2|0 fnt\n|-damage|p2b: Bugge|59/100\n|faint|p2a: Gender2\n|-damage|p1b: Old Town Clock|66/100|[from] item: Life Orb\n|move|p1a: Cow's Ice Cream|Dark Pulse|p2b: Bugge\n|-damage|p2b: Bugge|15/100\n|move|p2b: Bugge|Heat Wave|p1b: Old Town Clock|[spread] p1a,p1b\n|-resisted|p1a: Cow's Ice Cream|1\n|-damage|p1a: Cow's Ice Cream|44/100\n|-damage|p1b: Old Town Clock|52/100\n|\n|upkeep\n|turn|6\n|c|☆ryangreenblue|if quick attack killed i think ur in a great spot\n|c|☆ester7stars|yea lol\n|\n|t:|1788373004\n|move|p1b: Old Town Clock|Quick Attack|p2b: Bugge\n|-resisted|p2b: Bugge|1\n|-damage|p2b: Bugge|8/100\n|-damage|p1b: Old Town Clock|43/100|[from] item: Life Orb\n|move|p1a: Cow's Ice Cream|Dark Pulse|p2b: Bugge\n|-damage|p2b: Bugge|0 fnt\n|faint|p2b: Bugge\n|\n|win|ryangreenblue\n|c|☆ryangreenblue|damn that move does nothin\n|c|☆ryangreenblue|LOL\n|c|☆ryangreenblue|ggs\n|c|☆ester7stars|gg\n","uploadtime":1788373026,"views":"0","formatid":"gen9championsvgc2026regmb","rating":null,"private":0,"password":null}