{"id":"gen9championsvgc2026regmb-2674156331","format":"[Gen 9 Champions] VGC 2026 Reg M-B","players":["Voltx5","topougamer"],"log":"|j|☆Voltx5\n|j|☆topougamer\n|t:|1788307538\n|gametype|doubles\n|player|p1|Voltx5|2|\n|player|p2|topougamer|chuck|\n|gen|9\n|tier|[Gen 9 Champions] VGC 2026 Reg M-B\n|rated|Tournament battle\n|rule|Species Clause: Limit one of each Pokémon\n|rule|Item Clause: Limit 1 of each item\n|raw|<div class=\"infobox\"><details class=\"readmore\" open><summary><strong>1 custom rule:</strong></summary> Force Open Team Sheets</details></div>\n|clearpoke\n|poke|p1|Raichu, L50, M|\n|poke|p1|Feraligatr, L50, M, shiny|\n|poke|p1|Torterra, L50, F, shiny|\n|poke|p1|Talonflame, L50, F, shiny|\n|poke|p1|Ninetales-Alola, L50, F|\n|poke|p1|Farigiraf, L50, M|\n|poke|p2|Tyranitar, L50, F|\n|poke|p2|Staraptor, L50, M|\n|poke|p2|Whimsicott, L50, M|\n|poke|p2|Aegislash, L50, M|\n|poke|p2|Rotom-Wash, L50|\n|poke|p2|Garchomp, L50, F|\n|teampreview|4\n|showteam|p1|Raichu||RaichuniteY|LightningRod|Protect,FakeOut,FocusBlast,ZapCannon|Timid||M|||50|]Feraligatr||LifeOrb|SheerForce|Protect,Liquidation,Crunch,IronTail|Brave||M|||50|]Torterra||WhiteHerb|ShellArmor|Protect,ShellSmash,WoodHammer,HeadlongRush|Jolly||F|||50|]Talonflame|||GaleWings|Protect,Tailwind,Acrobatics,FlareBlitz|Jolly||F|||50|]Ninetales-Alola||FocusSash|SnowWarning|Protect,AuroraVeil,Blizzard,Moonblast|Timid||F|||50|]Farigiraf||SitrusBerry|ArmorTail|Protect,NastyPlot,TwinBeam,TrickRoom|Sassy||M|||50|\n|showteam|p2|Tyranitar||Tyranitarite|SandStream|RockSlide,KnockOff,IcePunch,Protect|Adamant||F|||50|]Staraptor||Staraptite|Intimidate|CloseCombat,BraveBird,Roost,Protect|Jolly||M|||50|]Whimsicott||FocusSash|Prankster|Moonblast,Encore,Tailwind,Protect|Timid||M|||50|]Aegislash||Leftovers|StanceChange|FlashCannon,ShadowBall,KingsShield,WideGuard|Calm||M|||50|]Rotom-Wash||SitrusBerry|Levitate|HydroPump,Thunderbolt,WillOWisp,Discharge|Modest|||||50|]Garchomp||LifeOrb|RoughSkin|Earthquake,RockSlide,DragonClaw,Protect|Jolly||F|||50|\n|j| mythofoxical\n|\n|t:|1788307604\n|teamsize|p1|4\n|teamsize|p2|4\n|start\n|switch|p1a: Talonflame|Talonflame, L50, F, shiny|100/100\n|switch|p1b: Ninetales|Ninetales-Alola, L50, F|100/100\n|switch|p2a: Aegislash|Aegislash, L50, M|100/100\n|switch|p2b: Garchomp|Garchomp, L50, F|100/100\n|-weather|Snowscape|[from] ability: Snow Warning|[of] p1b: Ninetales\n|turn|1\n|inactive|Battle timer is ON: inactive players will automatically lose when time's up. (requested by topougamer)\n|inactive|topougamer has 60 seconds left.\n|\n|t:|1788307654\n|switch|p2b: Tyranitar|Tyranitar, L50, F|100/100\n|-weather|Sandstorm|[from] ability: Sand Stream|[of] p2b: Tyranitar\n|move|p1a: Talonflame|Flare Blitz|p2a: Aegislash\n|-supereffective|p2a: Aegislash|1\n|-damage|p2a: Aegislash|30/100\n|-damage|p1a: Talonflame|75/100|[from] Recoil\n|move|p1b: Ninetales|Blizzard|p2b: Tyranitar|[spread] p2a,p2b\n|-resisted|p2a: Aegislash|1\n|-damage|p2a: Aegislash|20/100y\n|-damage|p2b: Tyranitar|79/100\n|-status|p2a: Aegislash|frz\n|cant|p2a: Aegislash|frz\n|\n|-weather|Sandstorm|[upkeep]\n|-damage|p1a: Talonflame|69/100|[from] Sandstorm\n|-damage|p1b: Ninetales|94/100|[from] Sandstorm\n|-heal|p2a: Aegislash|26/100 frz|[from] item: Leftovers\n|upkeep\n|turn|2\n|c|☆topougamer|ah\n|c|☆topougamer|hmm\n|inactive|Voltx5 has 30 seconds left.\n|inactive|topougamer has 30 seconds left.\n|inactive|topougamer has 20 seconds left.\n|\n|t:|1788307693\n|detailschange|p2b: Tyranitar|Tyranitar-Mega, L50, F\n|-mega|p2b: Tyranitar|Tyranitar|Tyranitarite\n|move|p1b: Ninetales|Protect|p1b: Ninetales\n|-singleturn|p1b: Ninetales|Protect\n|move|p1a: Talonflame|Flare Blitz|p2a: Aegislash\n|-supereffective|p2a: Aegislash|1\n|-crit|p2a: Aegislash\n|-damage|p2a: Aegislash|0 fnt\n|faint|p2a: Aegislash\n|-damage|p1a: Talonflame|60/100|[from] Recoil\n|move|p2b: Tyranitar|Rock Slide|p1b: Ninetales|[spread] p1a\n|-activate|p1b: Ninetales|move: Protect\n|-supereffective|p1a: Talonflame|2\n|-damage|p1a: Talonflame|0 fnt\n|faint|p1a: Talonflame\n|\n|-weather|Sandstorm|[upkeep]\n|-damage|p1b: Ninetales|88/100|[from] Sandstorm\n|upkeep\n|j| Emili-Alter\n|j| 13thplaceworlds\n|\n|t:|1788307712\n|switch|p1a: Raichu|Raichu, L50, M|100/100\n|switch|p2a: Rotom|Rotom-Wash, L50|100/100\n|turn|3\n|inactive|topougamer has 30 seconds left.\n|\n|t:|1788307739\n|switch|p1b: Torterra|Torterra, L50, F, shiny|100/100\n|detailschange|p1a: Raichu|Raichu-Mega-Y, L50, M\n|-mega|p1a: Raichu|Raichu|Raichunite Y\n|move|p1a: Raichu|Fake Out|p2b: Tyranitar\n|-resisted|p2b: Tyranitar|1\n|-damage|p2b: Tyranitar|76/100\n|cant|p2b: Tyranitar|flinch\n|move|p2a: Rotom|Hydro Pump|p1a: Raichu\n|-damage|p1a: Raichu|10/100\n|\n|-weather|Sandstorm|[upkeep]\n|-damage|p1a: Raichu|4/100|[from] Sandstorm\n|-damage|p2a: Rotom|94/100|[from] Sandstorm\n|upkeep\n|turn|4\n|j| AtomX7VGC\n|inactive|Voltx5 has 30 seconds left.\n|inactive|topougamer has 30 seconds left.\n|\n|t:|1788307771\n|move|p2b: Tyranitar|Protect|p2b: Tyranitar\n|-singleturn|p2b: Tyranitar|Protect\n|move|p1a: Raichu|Focus Blast|p2b: Tyranitar\n|-activate|p2b: Tyranitar|move: Protect\n|move|p2a: Rotom|Hydro Pump|p1b: Torterra\n|-damage|p1b: Torterra|46/100\n|move|p1b: Torterra|Shell Smash|p1b: Torterra\n|-unboost|p1b: Torterra|def|1\n|-unboost|p1b: Torterra|spd|1\n|-boost|p1b: Torterra|atk|2\n|-boost|p1b: Torterra|spa|2\n|-boost|p1b: Torterra|spe|2\n|-enditem|p1b: Torterra|White Herb\n|-clearnegativeboost|p1b: Torterra|[silent]\n|\n|-weather|Sandstorm|[upkeep]\n|-damage|p1a: Raichu|0 fnt|[from] Sandstorm\n|-damage|p2a: Rotom|88/100|[from] Sandstorm\n|faint|p1a: Raichu\n|upkeep\n|\n|t:|1788307774\n|switch|p1a: Ninetales|Ninetales-Alola, L50, F|88/100\n|-weather|Snowscape|[from] ability: Snow Warning|[of] p1a: Ninetales\n|turn|5\n|inactive|Voltx5 has 30 seconds left.\n|inactive|topougamer has 30 seconds left.\n|inactive|topougamer has 20 seconds left.\n|inactive|topougamer has 15 seconds left.\n|\n|t:|1788307817\n|switch|p2b: Garchomp|Garchomp, L50, F|100/100\n|move|p1b: Torterra|Wood Hammer|p2a: Rotom\n|-supereffective|p2a: Rotom|1\n|-damage|p2a: Rotom|0 fnt\n|faint|p2a: Rotom\n|-damage|p1b: Torterra|21/100|[from] Recoil\n|move|p1a: Ninetales|Aurora Veil|p1a: Ninetales\n|-sidestart|p1: Voltx5|move: Aurora Veil\n|\n|-weather|Snowscape|[upkeep]\n|upkeep\n|\n|t:|1788307825\n|switch|p2a: Tyranitar|Tyranitar-Mega, L50, F|76/100\n|-weather|Sandstorm|[from] ability: Sand Stream|[of] p2a: Tyranitar\n|turn|6\n|j| TheJJSilvaVGC\n|inactive|topougamer has 30 seconds left.\n|inactive|topougamer has 20 seconds left.\n|inactive|topougamer has 15 seconds left.\n|inactive|topougamer has 10 seconds left.\n|\n|t:|1788307874\n|move|p1b: Torterra|Protect|p1b: Torterra\n|-singleturn|p1b: Torterra|Protect\n|move|p1a: Ninetales|Blizzard|p2b: Garchomp|[spread] p2b\n|-miss|p1a: Ninetales|p2a: Tyranitar\n|-supereffective|p2b: Garchomp|2\n|-damage|p2b: Garchomp|0 fnt\n|faint|p2b: Garchomp\n|move|p2a: Tyranitar|Rock Slide|p1a: Ninetales|[spread] p1a\n|-activate|p1b: Torterra|move: Protect\n|-supereffective|p1a: Ninetales|1\n|-damage|p1a: Ninetales|10/100\n|\n|-weather|Sandstorm|[upkeep]\n|-damage|p1a: Ninetales|4/100|[from] Sandstorm\n|upkeep\n|turn|7\n|\n|t:|1788307884\n|move|p2a: Tyranitar|Protect|p2a: Tyranitar\n|-singleturn|p2a: Tyranitar|Protect\n|move|p1b: Torterra|Headlong Rush|p2a: Tyranitar\n|-activate|p2a: Tyranitar|move: Protect\n|move|p1a: Ninetales|Moonblast|p2a: Tyranitar\n|-activate|p2a: Tyranitar|move: Protect\n|\n|-weather|Sandstorm|[upkeep]\n|-damage|p1a: Ninetales|0 fnt|[from] Sandstorm\n|faint|p1a: Ninetales\n|upkeep\n|turn|8\n|c|☆topougamer|gg\n|c|☆Voltx5|gg wp\n|\n|t:|1788307903\n|move|p1b: Torterra|Headlong Rush|p2a: Tyranitar\n|-supereffective|p2a: Tyranitar|1\n|-damage|p2a: Tyranitar|0 fnt\n|-unboost|p1b: Torterra|def|1\n|-unboost|p1b: Torterra|spd|1\n|faint|p2a: Tyranitar\n|\n|win|Voltx5\n|n|☆Voltx5|voltx5\n|n|☆topougamer|topougamer\n|n| mythofoxical|mythofoxical\n|n| Emili-Alter|emilialter\n|n| 13thplaceworlds|13thplaceworlds\n|n| AtomX7VGC|atomx7vgc\n|n| TheJJSilvaVGC|thejjsilvavgc\n","uploadtime":1788307903,"views":"4","formatid":"gen9championsvgc2026regmb","rating":null,"private":0,"password":null}