{"id":"gen9championsvgc2026regmb-2674262506","format":"[Gen 9 Champions] VGC 2026 Reg M-B","players":["Thornlace48812","HMSP_Moldy"],"log":"|j|☆Thornlace48812\n|j|☆HMSP_Moldy\n|t:|1788326116\n|gametype|doubles\n|player|p1|Thornlace48812|1|1095\n|player|p2|HMSP_Moldy|backersf|1187\n|gen|9\n|tier|[Gen 9 Champions] VGC 2026 Reg M-B\n|rated|\n|rule|Species Clause: Limit one of each Pokémon\n|rule|Item Clause: Limit 1 of each item\n|clearpoke\n|poke|p1|Garchomp, L50, M|\n|poke|p1|Charizard, L50, F|\n|poke|p1|Whimsicott, L50, M|\n|poke|p1|Sylveon, L50, F|\n|poke|p1|Kingambit, L50, M|\n|poke|p1|Basculegion, L50, M|\n|poke|p2|Glimmora, L50, M|\n|poke|p2|Dragonite, L50, M|\n|poke|p2|Sylveon, L50, F|\n|poke|p2|Aegislash, L50, M|\n|poke|p2|Pelipper, L50, F|\n|poke|p2|Basculegion-F, L50, F|\n|teampreview|4\n|inactive|Battle timer is ON: inactive players will automatically lose when time's up. (requested by Thornlace48812)\nThornlace48812 rejected open team sheets.\n|inactive|HMSP_Moldy has 60 seconds left.\n|\n|t:|1788326168\n|teamsize|p1|4\n|teamsize|p2|4\n|start\n|switch|p1a: Charizard|Charizard, L50, F|100/100\n|switch|p1b: Whimsicott|Whimsicott, L50, M|100/100\n|switch|p2a: Pelipper|Pelipper, L50, F|100/100\n|switch|p2b: Basculegion|Basculegion-F, L50, F|100/100\n|-weather|RainDance|[from] ability: Drizzle|[of] p2a: Pelipper\n|turn|1\n|\n|t:|1788326174\n|detailschange|p1a: Charizard|Charizard-Mega-Y, L50, F\n|-mega|p1a: Charizard|Charizard|Charizardite Y\n|-weather|SunnyDay|[from] ability: Drought|[of] p1a: Charizard\n|move|p1b: Whimsicott|Tailwind|p1b: Whimsicott\n|-sidestart|p1: Thornlace48812|move: Tailwind\n|move|p1a: Charizard|Heat Wave|p2a: Pelipper|[spread] p2a,p2b\n|-resisted|p2a: Pelipper|1\n|-resisted|p2b: Basculegion|1\n|-damage|p2a: Pelipper|58/100\n|-damage|p2b: Basculegion|57/100\n|move|p2b: Basculegion|Flip Turn|p1b: Whimsicott\n|-resisted|p1b: Whimsicott|1\n|-damage|p1b: Whimsicott|91/100\n|\n|t:|1788326186\n|switch|p2b: Glimora|Glimmora, L50, M|100/100|[from] Flip Turn\n|move|p2a: Pelipper|Weather Ball|p1b: Whimsicott\n|-supereffective|p1b: Whimsicott|1\n|-damage|p1b: Whimsicott|0 fnt\n|faint|p1b: Whimsicott\n|\n|-weather|SunnyDay|[upkeep]\n|upkeep\n|\n|t:|1788326188\n|switch|p1b: Sylveon|Sylveon, L50, F|100/100\n|turn|2\n|\n|t:|1788326203\n|detailschange|p2b: Glimora|Glimmora-Mega, L50, M\n|-mega|p2b: Glimora|Glimmora|Glimmoranite\n|move|p2a: Pelipper|Wide Guard|p2a: Pelipper\n|-singleturn|p2a: Pelipper|Wide Guard\n|move|p1a: Charizard|Heat Wave|p2b: Glimora|[spread] \n|-activate|p2a: Pelipper|move: Wide Guard\n|-activate|p2b: Glimora|move: Wide Guard\n|move|p1b: Sylveon|Hyper Voice|p2b: Glimora|[spread] \n|-activate|p2a: Pelipper|move: Wide Guard\n|-activate|p2b: Glimora|move: Wide Guard\n|move|p2b: Glimora|Power Gem|p1a: Charizard\n|-supereffective|p1a: Charizard|2\n|-damage|p1a: Charizard|0 fnt\n|faint|p1a: Charizard\n|\n|-weather|SunnyDay|[upkeep]\n|upkeep\n|\n|t:|1788326203\n|switch|p1a: Basculegion|Basculegion, L50, M|100/100\n|turn|3\n|\n|t:|1788326222\n|switch|p2a: Sylveon|Sylveon, L50, F|100/100\n|move|p2b: Glimora|Spiky Shield|p2b: Glimora\n|-singleturn|p2b: Glimora|move: Protect\n|move|p1a: Basculegion|Last Respects|p2b: Glimora\n|-activate|p2b: Glimora|move: Protect\n|move|p1b: Sylveon|Hyper Voice|p2b: Glimora|[spread] p2a\n|-activate|p2b: Glimora|move: Protect\n|-damage|p2a: Sylveon|64/100\n|\n|-weather|SunnyDay|[upkeep]\n|upkeep\n|turn|4\n|\n|t:|1788326236\n|switch|p2b: Pelipper|Pelipper, L50, F|58/100\n|-weather|RainDance|[from] ability: Drizzle|[of] p2b: Pelipper\n|move|p1a: Basculegion|Last Respects|p2a: Sylveon\n|-damage|p2a: Sylveon|0 fnt\n|faint|p2a: Sylveon\n|move|p1b: Sylveon|Hyper Voice|p2b: Pelipper\n|-damage|p2b: Pelipper|0 fnt\n|faint|p2b: Pelipper\n|\n|-weather|RainDance|[upkeep]\n|-sideend|p1: Thornlace48812|move: Tailwind\n|upkeep\n|\n|t:|1788326245\n|switch|p2b: Glimora|Glimmora-Mega, L50, M|100/100\n|switch|p2a: Basculegion|Basculegion-F, L50, F|57/100\n|turn|5\n|\n|t:|1788326253\n|move|p2a: Basculegion|Shadow Ball|p1a: Basculegion\n|-supereffective|p1a: Basculegion|1\n|-damage|p1a: Basculegion|0 fnt\n|faint|p1a: Basculegion\n|move|p2b: Glimora|Sludge Bomb|p1b: Sylveon\n|-supereffective|p1b: Sylveon|1\n|-damage|p1b: Sylveon|0 fnt\n|faint|p1b: Sylveon\n|\n|win|HMSP_Moldy\n|raw|Thornlace48812's rating: 1072 &rarr; <strong>1058</strong><br />(-14 for losing)\n|raw|HMSP_Moldy's rating: 1187 &rarr; <strong>1204</strong><br />(+17 for winning)\n","uploadtime":1788326254,"views":"0","formatid":"gen9championsvgc2026regmb","rating":1058,"private":0,"password":null}