{"id":"gen9championsvgc2026regmbbo3-2674751932","format":"[Gen 9 Champions] VGC 2026 Reg M-B (Bo3)","players":["disciple of blahaj","lepfep"],"log":"|j|☆disciple of blahaj\n|j|☆lepfep\n|html|<table width=\"100%\"><tr><td align=\"left\">disciple of blahaj</td><td align=\"right\">lepfep</tr><tr><td align=\"left\"><i class=\"fa fa-circle\"></i> <i class=\"fa fa-circle-o\"></i> </td><td align=\"right\"><i class=\"fa fa-circle-o\"></i> <i class=\"fa fa-circle-o\"></i> </tr></table>\n|uhtml|bestof|<h2><strong>Game 2</strong> of <a href=\"/game-bestof3-gen9championsvgc2026regmbbo3-2674749908\">a best-of-3</a></h2>\n|t:|1788400598\n|gametype|doubles\n|player|p1|disciple of blahaj|jacinthe|1247\n|player|p2|lepfep|touristf|1146\n|gen|9\n|tier|[Gen 9 Champions] VGC 2026 Reg M-B (Bo3)\n|rated|\n|rule|Species Clause: Limit one of each Pokémon\n|rule|Item Clause: Limit 1 of each item\n|clearpoke\n|poke|p1|Mawile, L50, M, shiny|\n|poke|p1|Farigiraf, L50, F, shiny|\n|poke|p1|Sinistcha, L50|\n|poke|p1|Pelipper, L50, F|\n|poke|p1|Kommo-o, L50, M|\n|poke|p1|Raichu, L50, F, shiny|\n|poke|p2|Swampert, L50, M|\n|poke|p2|Pelipper, L50, M|\n|poke|p2|Archaludon, L50, F|\n|poke|p2|Sinistcha, L50|\n|poke|p2|Ampharos, L50, F|\n|poke|p2|Cofagrigus, L50, M|\n|teampreview|4\n|showteam|p1|Mawile||Mawilite|Intimidate|Protect,SwordsDance,PlayRough,SuckerPunch|Adamant||M|||50|]Farigiraf||ColburBerry|ArmorTail|TrickRoom,Psychic,NastyPlot,HyperVoice|Bold||F|||50|]Sinistcha||SitrusBerry|Hospitality|Protect,MatchaGotcha,RagePowder,TrickRoom|Bold|||||50|]Pelipper||LifeOrb|Drizzle|WideGuard,WeatherBall,Hurricane,Protect|Modest||F|||50|]Kommo-o||Leftovers|Soundproof|Protect,ClangorousSoul,AuraSphere,ClangingScales|Timid||M|||50|]Raichu||RaichuniteY|LightningRod|FakeOut,Thunder,FocusBlast,VoltSwitch|Timid||F|||50|\n|showteam|p2|Swampert||Swampertite|Damp|Earthquake,WaveCrash,IcePunch,Protect|Adamant||M|||50|]Pelipper||FocusSash|Drizzle|Hurricane,WideGuard,Protect,MuddyWater|Relaxed||M|||50|]Archaludon||Leftovers|Stamina|Protect,ElectroShot,DracoMeteor,FlashCannon|Quiet||F|||50|]Sinistcha||SitrusBerry|Hospitality|MatchaGotcha,LifeDew,RagePowder,TrickRoom|Relaxed|||||50|]Ampharos||Ampharosite|Static|Thunderbolt,CottonGuard,Protect,DragonPulse|Quiet||F|||50|]Cofagrigus||ColburBerry|Mummy|ShadowBall,AllySwitch,Protect,TrickRoom|Relaxed||M|||50|\n|\n|t:|1788400629\n|teamsize|p1|4\n|teamsize|p2|4\n|start\n|switch|p1a: Mawile|Mawile, L50, M, shiny|100/100\n|switch|p1b: Kommo-o|Kommo-o, L50, M|100/100\n|switch|p2a: Fear|Ampharos, L50, F|100/100\n|switch|p2b: Hunger|Cofagrigus, L50, M|100/100\n|-ability|p1a: Mawile|Intimidate|boost\n|-unboost|p2a: Fear|atk|1\n|-unboost|p2b: Hunger|atk|1\n|turn|1\n|\n|t:|1788400643\n|detailschange|p1a: Mawile|Mawile-Mega, L50, M, shiny\n|-mega|p1a: Mawile|Mawile|Mawilite\n|move|p2a: Fear|Protect|p2a: Fear\n|-singleturn|p2a: Fear|Protect\n|move|p1b: Kommo-o|Clanging Scales|p2a: Fear|[spread] p2b\n|-activate|p2a: Fear|move: Protect\n|-damage|p2b: Hunger|69/100\n|-unboost|p1b: Kommo-o|def|1\n|move|p1a: Mawile|Play Rough|p2b: Hunger\n|-damage|p2b: Hunger|7/100\n|-activate|p2b: Hunger|ability: Mummy|p1a: Mawile|[ability] Huge Power\n|move|p2b: Hunger|Trick Room|p2b: Hunger\n|-fieldstart|move: Trick Room|[of] p2b: Hunger\n|\n|upkeep\n|turn|2\n|\n|t:|1788400660\n|switch|p2b: Archeus-Flying|Archaludon, L50, F|100/100\n|switch|p1b: Raichu|Raichu, L50, F, shiny|100/100\n|detailschange|p2a: Fear|Ampharos-Mega, L50, F\n|-mega|p2a: Fear|Ampharos|Ampharosite\n|-ability|p2a: Fear|Mold Breaker\n|move|p2a: Fear|Dragon Pulse|p1b: Raichu\n|-damage|p1b: Raichu|12/100\n|move|p1a: Mawile|Play Rough|p2a: Fear\n|-supereffective|p2a: Fear|1\n|-damage|p2a: Fear|23/100\n|\n|upkeep\n|turn|3\n|\n|t:|1788400704\n|switch|p2a: Hunger|Cofagrigus, L50, M|7/100\n|switch|p1b: Sinistcha|Sinistcha, L50|100/100\n|move|p1a: Mawile|Protect|p1a: Mawile\n|-singleturn|p1a: Mawile|Protect\n|move|p2b: Archeus-Flying|Electro Shot||[still]\n|-prepare|p2b: Archeus-Flying|Electro Shot\n|-boost|p2b: Archeus-Flying|spa|1\n|\n|upkeep\n|turn|4\n|\n|t:|1788400726\n|move|p1b: Sinistcha|Rage Powder|p1b: Sinistcha\n|-singleturn|p1b: Sinistcha|move: Rage Powder\n|move|p2a: Hunger|Shadow Ball|p1b: Sinistcha\n|-supereffective|p1b: Sinistcha|1\n|-damage|p1b: Sinistcha|41/100\n|-enditem|p1b: Sinistcha|Sitrus Berry|[eat]\n|-heal|p1b: Sinistcha|66/100|[from] item: Sitrus Berry\n|move|p1a: Mawile|Play Rough|p2a: Hunger\n|-damage|p2a: Hunger|0 fnt\n|faint|p2a: Hunger\n|move|p2b: Archeus-Flying|Electro Shot|p1b: Sinistcha|[from] lockedmove\n|-resisted|p1b: Sinistcha|1\n|-damage|p1b: Sinistcha|25/100\n|\n|upkeep\n|\n|t:|1788400744\n|switch|p2a: Lil Eyes|Pelipper, L50, M|100/100\n|-weather|RainDance|[from] ability: Drizzle|[of] p2a: Lil Eyes\n|turn|5\n|\n|t:|1788400756\n|switch|p1a: Raichu|Raichu, L50, F, shiny|12/100\n|move|p1b: Sinistcha|Protect|p1b: Sinistcha\n|-singleturn|p1b: Sinistcha|Protect\n|move|p2a: Lil Eyes|Hurricane|p1b: Sinistcha\n|-activate|p1b: Sinistcha|move: Protect\n|move|p2b: Archeus-Flying|Electro Shot||[still]\n|-prepare|p2b: Archeus-Flying|Electro Shot\n|-boost|p2b: Archeus-Flying|spa|1\n|-anim|p2b: Archeus-Flying|Electro Shot|p1a: Raichu\n|-ability|p1a: Raichu|Lightning Rod|boost\n|-boost|p1a: Raichu|spa|1\n|\n|-weather|RainDance|[upkeep]\n|-fieldend|move: Trick Room\n|upkeep\n|turn|6\n|\n|t:|1788400785\n|move|p2b: Archeus-Flying|Protect|p2b: Archeus-Flying\n|-singleturn|p2b: Archeus-Flying|Protect\n|move|p1a: Raichu|Focus Blast|p2b: Archeus-Flying\n|-activate|p2b: Archeus-Flying|move: Protect\n|move|p1b: Sinistcha|Matcha Gotcha|p2a: Lil Eyes|[spread] p2a\n|-activate|p2b: Archeus-Flying|move: Protect\n|-damage|p2a: Lil Eyes|71/100\n|-heal|p1b: Sinistcha|39/100|[from] drain|[of] p2a: Lil Eyes\n|move|p2a: Lil Eyes|Muddy Water|p1b: Sinistcha|[spread] p1a,p1b\n|-resisted|p1b: Sinistcha|1\n|-damage|p1a: Raichu|0 fnt\n|-damage|p1b: Sinistcha|17/100\n|faint|p1a: Raichu\n|\n|-weather|RainDance|[upkeep]\n|upkeep\n|\n|t:|1788400804\n|switch|p1a: Mawile|Mawile-Mega, L50, M, shiny|100/100\n|turn|7\n|\n|t:|1788400832\n|move|p1b: Sinistcha|Rage Powder|p1b: Sinistcha\n|-singleturn|p1b: Sinistcha|move: Rage Powder\n|move|p2b: Archeus-Flying|Electro Shot||[still]\n|-prepare|p2b: Archeus-Flying|Electro Shot\n|-boost|p2b: Archeus-Flying|spa|1\n|-anim|p2b: Archeus-Flying|Electro Shot|p1b: Sinistcha\n|-resisted|p1b: Sinistcha|1\n|-damage|p1b: Sinistcha|0 fnt\n|faint|p1b: Sinistcha\n|move|p2a: Lil Eyes|Muddy Water|p1a: Mawile\n|-damage|p1a: Mawile|50/100g\n|move|p1a: Mawile|Play Rough|p2b: Archeus-Flying\n|-damage|p2b: Archeus-Flying|29/100\n|-ability|p2b: Archeus-Flying|Stamina|boost\n|-boost|p2b: Archeus-Flying|def|1\n|\n|-weather|RainDance|[upkeep]\n|-heal|p2b: Archeus-Flying|35/100|[from] item: Leftovers\n|upkeep\n|\n|t:|1788400847\n|switch|p1b: Kommo-o|Kommo-o, L50, M|100/100\n|turn|8\n|\n|t:|1788400876\n|move|p1b: Kommo-o|Protect|p1b: Kommo-o\n|-singleturn|p1b: Kommo-o|Protect\n|move|p1a: Mawile|Protect|p1a: Mawile\n|-singleturn|p1a: Mawile|Protect\n|move|p2a: Lil Eyes|Wide Guard|p2a: Lil Eyes\n|-singleturn|p2a: Lil Eyes|Wide Guard\n|move|p2b: Archeus-Flying|Draco Meteor|p1b: Kommo-o\n|-activate|p1b: Kommo-o|move: Protect\n|\n|-weather|RainDance|[upkeep]\n|-heal|p2b: Archeus-Flying|41/100|[from] item: Leftovers\n|upkeep\n|turn|9\n|\n|t:|1788400910\n|move|p2b: Archeus-Flying|Protect|p2b: Archeus-Flying\n|-singleturn|p2b: Archeus-Flying|Protect\n|move|p1a: Mawile|Sucker Punch|p2a: Lil Eyes\n|-damage|p2a: Lil Eyes|28/100\n|move|p1b: Kommo-o|Aura Sphere|p2a: Lil Eyes\n|-resisted|p2a: Lil Eyes|1\n|-damage|p2a: Lil Eyes|8/100\n|move|p2a: Lil Eyes|Hurricane|p1b: Kommo-o\n|-supereffective|p1b: Kommo-o|1\n|-damage|p1b: Kommo-o|34/100\n|-start|p1b: Kommo-o|confusion\n|\n|-weather|none\n|-heal|p1b: Kommo-o|40/100|[from] item: Leftovers\n|-heal|p2b: Archeus-Flying|47/100|[from] item: Leftovers\n|upkeep\n|turn|10\n|\n|t:|1788400924\n|switch|p2a: Fear|Ampharos-Mega, L50, F|23/100\n|-ability|p2a: Fear|Mold Breaker\n|move|p2b: Archeus-Flying|Protect|p2b: Archeus-Flying\n|-singleturn|p2b: Archeus-Flying|Protect\n|-activate|p1b: Kommo-o|confusion\n|move|p1b: Kommo-o|Aura Sphere|p2b: Archeus-Flying\n|-activate|p2b: Archeus-Flying|move: Protect\n|move|p1a: Mawile|Play Rough|p2a: Fear|[miss]\n|-miss|p1a: Mawile|p2a: Fear\n|\n|-heal|p1b: Kommo-o|46/100|[from] item: Leftovers\n|-heal|p2b: Archeus-Flying|53/100|[from] item: Leftovers\n|upkeep\n|turn|11\n|\n|t:|1788400960\n|-end|p1b: Kommo-o|confusion\n|move|p1b: Kommo-o|Aura Sphere|p2b: Archeus-Flying\n|-supereffective|p2b: Archeus-Flying|1\n|-damage|p2b: Archeus-Flying|0 fnt\n|faint|p2b: Archeus-Flying\n|move|p1a: Mawile|Play Rough|p2a: Fear\n|-supereffective|p2a: Fear|1\n|-damage|p2a: Fear|0 fnt\n|faint|p2a: Fear\n|\n|-heal|p1b: Kommo-o|52/100|[from] item: Leftovers\n|upkeep\n|\n|t:|1788400970\n|switch|p2b: Lil Eyes|Pelipper, L50, M|8/100\n|-weather|RainDance|[from] ability: Drizzle|[of] p2b: Lil Eyes\n|turn|12\n|c|☆lepfep|wp\n|\n|t:|1788400979\n|move|p1a: Mawile|Sucker Punch|p2b: Lil Eyes\n|-damage|p2b: Lil Eyes|0 fnt\n|faint|p2b: Lil Eyes\n|\n|win|disciple of blahaj\n|raw|disciple of blahaj's rating: 1247 &rarr; <strong>1265</strong><br />(+18 for winning)\n|raw|lepfep's rating: 1146 &rarr; <strong>1128</strong><br />(-18 for losing)\n|c|☆lepfep|gg\n|c|☆disciple of blahaj|Ggwp\n|l|☆lepfep\n|player|p2|\n","uploadtime":1788400996,"views":"0","formatid":"gen9championsvgc2026regmbbo3","rating":1128,"private":0,"password":null}