{"id":"gen9championsvgc2026regmb-2674260383","format":"[Gen 9 Champions] VGC 2026 Reg M-B","players":["Thornlace48812","Soobt"],"log":"|j|☆Thornlace48812\n|j|☆Soobt\n|t:|1788325621\n|gametype|doubles\n|player|p1|Thornlace48812|1|1081\n|player|p2|Soobt|2|1045\n|gen|9\n|tier|[Gen 9 Champions] VGC 2026 Reg M-B\n|rated|\n|rule|Species Clause: Limit one of each Pokémon\n|rule|Item Clause: Limit 1 of each item\n|clearpoke\n|poke|p1|Garchomp, L50, M|\n|poke|p1|Charizard, L50, F|\n|poke|p1|Whimsicott, L50, F|\n|poke|p1|Sylveon, L50, F|\n|poke|p1|Kingambit, L50, F|\n|poke|p1|Basculegion, L50, M|\n|poke|p2|Heracross, L50, F|\n|poke|p2|Whimsicott, L50, M|\n|poke|p2|Rotom-Wash, L50|\n|poke|p2|Froslass, L50, F|\n|poke|p2|Kingambit, L50, F|\n|poke|p2|Armarouge, L50, F|\n|teampreview|4\n|inactive|Battle timer is ON: inactive players will automatically lose when time's up. (requested by Thornlace48812)\nThornlace48812 rejected open team sheets.\n|\n|t:|1788325645\n|teamsize|p1|4\n|teamsize|p2|4\n|start\n|switch|p1a: Charizard|Charizard, L50, F|100/100\n|switch|p1b: Sylveon|Sylveon, L50, F|100/100\n|switch|p2a: Whimsicott|Whimsicott, L50, M|100/100\n|switch|p2b: Rotom|Rotom-Wash, L50|100/100\n|turn|1\n|\n|t:|1788325659\n|detailschange|p1a: Charizard|Charizard-Mega-Y, L50, F\n|-mega|p1a: Charizard|Charizard|Charizardite Y\n|-weather|SunnyDay|[from] ability: Drought|[of] p1a: Charizard\n|move|p2a: Whimsicott|Tailwind|p2a: Whimsicott\n|-sidestart|p2: Soobt|move: Tailwind\n|move|p2b: Rotom|Light Screen|p2b: Rotom\n|-sidestart|p2: Soobt|move: Light Screen\n|move|p1a: Charizard|Heat Wave|p2a: Whimsicott|[spread] p2a\n|-miss|p1a: Charizard|p2b: Rotom\n|-supereffective|p2a: Whimsicott|1\n|-enditem|p2a: Whimsicott|Focus Sash\n|-damage|p2a: Whimsicott|1/100\n|move|p1b: Sylveon|Hyper Voice|p2b: Rotom|[spread] p2a,p2b\n|-damage|p2a: Whimsicott|0 fnt\n|-damage|p2b: Rotom|59/100\n|faint|p2a: Whimsicott\n|\n|-weather|SunnyDay|[upkeep]\n|upkeep\n|\n|t:|1788325675\n|switch|p2a: Froslass|Froslass, L50, F|100/100\n|turn|2\n|\n|t:|1788325691\n|detailschange|p2a: Froslass|Froslass-Mega, L50, F\n|-mega|p2a: Froslass|Froslass|Froslassite\n|-weather|Snowscape|[from] ability: Snow Warning|[of] p2a: Froslass\n|move|p2a: Froslass|Blizzard|p1a: Charizard|[spread] p1a,p1b\n|-damage|p1a: Charizard|50/100g\n|-damage|p1b: Sylveon|64/100\n|move|p2b: Rotom|Hydro Pump|p1a: Charizard|[miss]\n|-miss|p2b: Rotom|p1a: Charizard\n|move|p1a: Charizard|Ancient Power|p2a: Froslass\n|-supereffective|p2a: Froslass|1\n|-crit|p2a: Froslass\n|-damage|p2a: Froslass|7/100\n|move|p1b: Sylveon|Hyper Voice|p2b: Rotom|[spread] p2a,p2b\n|-damage|p2a: Froslass|0 fnt\n|-damage|p2b: Rotom|17/100\n|-enditem|p2b: Rotom|Sitrus Berry|[eat]\n|-heal|p2b: Rotom|42/100|[from] item: Sitrus Berry\n|faint|p2a: Froslass\n|\n|-weather|Snowscape|[upkeep]\n|upkeep\n|\n|t:|1788325709\n|switch|p2a: Kingambit|Kingambit, L50, F|100/100\n|turn|3\n|\n|t:|1788325719\n|move|p1b: Sylveon|Detect|p1b: Sylveon\n|-singleturn|p1b: Sylveon|Protect\n|move|p2b: Rotom|Hydro Pump|p1a: Charizard\n|-supereffective|p1a: Charizard|1\n|-damage|p1a: Charizard|0 fnt\n|faint|p1a: Charizard\n|move|p2a: Kingambit|Iron Head|p1b: Sylveon\n|-activate|p1b: Sylveon|move: Protect\n|\n|-weather|Snowscape|[upkeep]\n|upkeep\n|\n|t:|1788325719\n|switch|p1a: Basculegion|Basculegion, L50, M|100/100\n|turn|4\n|\n|t:|1788325739\n|move|p1a: Basculegion|Aqua Jet|p2a: Kingambit\n|-damage|p2a: Kingambit|75/100\n|move|p2b: Rotom|Hydro Pump|p1b: Sylveon\n|-damage|p1b: Sylveon|25/100\n|move|p2a: Kingambit|Kowtow Cleave|p1a: Basculegion\n|-supereffective|p1a: Basculegion|1\n|-damage|p1a: Basculegion|0 fnt\n|faint|p1a: Basculegion\n|move|p1b: Sylveon|Hyper Voice|p2a: Kingambit|[spread] p2a,p2b\n|-damage|p2a: Kingambit|40/100\n|-damage|p2b: Rotom|3/100\n|\n|-weather|Snowscape|[upkeep]\n|-sideend|p2: Soobt|move: Tailwind\n|upkeep\n|\n|t:|1788325739\n|switch|p1a: Whimsicott|Whimsicott, L50, F|100/100\n|turn|5\n|\n|t:|1788325762\n|move|p1a: Whimsicott|Tailwind|p1a: Whimsicott\n|-sidestart|p1: Thornlace48812|move: Tailwind\n|move|p1b: Sylveon|Hyper Voice|p2b: Rotom|[spread] p2a,p2b\n|-damage|p2a: Kingambit|10/100\n|-damage|p2b: Rotom|0 fnt\n|faint|p2b: Rotom\n|move|p2a: Kingambit|Iron Head|p1b: Sylveon\n|-supereffective|p1b: Sylveon|1\n|-damage|p1b: Sylveon|0 fnt\n|faint|p1b: Sylveon\n|\n|-weather|Snowscape|[upkeep]\n|-sideend|p2: Soobt|move: Light Screen\n|upkeep\n|turn|6\n|\n|t:|1788325774\n|move|p2a: Kingambit|Sucker Punch|p1a: Whimsicott\n|-resisted|p1a: Whimsicott|1\n|-damage|p1a: Whimsicott|71/100\n|move|p1a: Whimsicott|Moonblast|p2a: Kingambit\n|-damage|p2a: Kingambit|0 fnt\n|faint|p2a: Kingambit\n|\n|win|Thornlace48812\n|raw|Thornlace48812's rating: 1065 &rarr; <strong>1094</strong><br />(+29 for winning)\n|raw|Soobt's rating: 1045 &rarr; <strong>1029</strong><br />(-16 for losing)\n","uploadtime":1788325775,"views":"5","formatid":"gen9championsvgc2026regmb","rating":1029,"private":0,"password":null}