{"id":"gen9championsvgc2026regmbbo3-2673483801","format":"[Gen 9 Champions] VGC 2026 Reg M-B (Bo3)","players":["Lucidificadora2","shibikanon"],"log":"|j|☆Lucidificadora2\n|j|☆shibikanon\n|html|<table width=\"100%\"><tr><td align=\"left\">Lucidificadora2</td><td align=\"right\">shibikanon</tr><tr><td align=\"left\"><i class=\"fa fa-circle-o\"></i> <i class=\"fa fa-circle-o\"></i> </td><td align=\"right\"><i class=\"fa fa-circle-o\"></i> <i class=\"fa fa-circle\"></i> </tr></table>\n|uhtml|bestof|<h2><strong>Game 2</strong> of <a href=\"/game-bestof3-gen9championsvgc2026regmbbo3-2673481517\">a best-of-3</a></h2>\n|t:|1788203285\n|gametype|doubles\n|player|p1|Lucidificadora2|rosa|1030\n|player|p2|shibikanon|skyla-masters3|1000\n|gen|9\n|tier|[Gen 9 Champions] VGC 2026 Reg M-B (Bo3)\n|rated|\n|rule|Species Clause: Limit one of each Pokémon\n|rule|Item Clause: Limit 1 of each item\n|clearpoke\n|poke|p1|Mawile, L50, M|\n|poke|p1|Alcremie, L50, F|\n|poke|p1|Farigiraf, L50, F|\n|poke|p1|Araquanid, L50, M|\n|poke|p1|Kingambit, L50, F|\n|poke|p1|Sneasler, L50, M|\n|poke|p2|Blaziken, L50, F|\n|poke|p2|Froslass, L50, F|\n|poke|p2|Kingambit, L50, M|\n|poke|p2|Dragonite, L50, M|\n|poke|p2|Basculegion, L50, M|\n|poke|p2|Sneasler, L50, M|\n|teampreview|4\n|showteam|p1|Mawile||Mawilite|HyperCutter|PlayRough,SuckerPunch,Protect,PsychicFangs|Adamant||M|||50|]Alcremie||FocusSash|SweetVeil|Protect,Decorate,PainSplit,Encore|Calm||F|||50|]Farigiraf||SitrusBerry|ArmorTail|DazzlingGleam,TrickRoom,Psychic,HelpingHand|Quiet||F|||50|]Araquanid||Leftovers|WaterBubble|WideGuard,Liquidation,Lunge,Protect|Adamant||M|||50|]Kingambit||BlackGlasses|Defiant|SuckerPunch,Protect,KowtowCleave,IronHead|Adamant||F|||50|]Sneasler||WhiteHerb|PoisonTouch|DireClaw,FakeOut,Protect,CloseCombat|Jolly||M|||50|\n|showteam|p2|Blaziken||Blazikenite|SpeedBoost|CloseCombat,FlareBlitz,RockSlide,Detect|Adamant||F|||50|]Froslass||Froslassite|SnowCloak|Blizzard,ShadowBall,AuroraVeil,Protect|Modest||F|||50|]Kingambit||LifeOrb|Defiant|KowtowCleave,SuckerPunch,SwordsDance,Protect|Adamant||M|||50|]Dragonite||DragonFang|InnerFocus|DragonClaw,LowKick,ExtremeSpeed,Protect|Adamant||M|||50|]Basculegion||SitrusBerry|Adaptability|WaveCrash,LastRespects,AquaJet,Protect|Adamant||M|||50|]Sneasler||FocusSash|PoisonTouch|CloseCombat,PoisonJab,FakeOut,Protect|Jolly||M|||50|\n|inactive|Battle timer is ON: inactive players will automatically lose when time's up. (requested by shibikanon)\n|\n|t:|1788203309\n|teamsize|p1|4\n|teamsize|p2|4\n|start\n|switch|p1a: Farigiraf|Farigiraf, L50, F|100/100\n|switch|p1b: Kingambit|Kingambit, L50, F|100/100\n|switch|p2a: Froslass|Froslass, L50, F|100/100\n|switch|p2b: Basculegion|Basculegion, L50, M|100/100\n|turn|1\n|\n|t:|1788203327\n|detailschange|p2a: Froslass|Froslass-Mega, L50, F\n|-mega|p2a: Froslass|Froslass|Froslassite\n|-weather|Snowscape|[from] ability: Snow Warning|[of] p2a: Froslass\n|move|p1b: Kingambit|Sucker Punch|p2b: Basculegion\n|-supereffective|p2b: Basculegion|1\n|-damage|p2b: Basculegion|1/100\n|-enditem|p2b: Basculegion|Sitrus Berry|[eat]\n|-heal|p2b: Basculegion|26/100|[from] item: Sitrus Berry\n|move|p2a: Froslass|Blizzard|p1a: Farigiraf|[spread] p1a,p1b\n|-resisted|p1b: Kingambit|1\n|-damage|p1a: Farigiraf|53/100\n|-damage|p1b: Kingambit|80/100\n|move|p2b: Basculegion|Wave Crash|p1a: Farigiraf\n|-damage|p1a: Farigiraf|0 fnt\n|faint|p1a: Farigiraf\n|-damage|p2b: Basculegion|7/100|[from] Recoil\n|\n|-weather|Snowscape|[upkeep]\n|upkeep\n|\n|t:|1788203347\n|switch|p1a: Mawile|Mawile, L50, M|100/100\n|turn|2\n|\n|t:|1788203371\n|detailschange|p1a: Mawile|Mawile-Mega, L50, M\n|-mega|p1a: Mawile|Mawile|Mawilite\n|move|p2a: Froslass|Protect|p2a: Froslass\n|-singleturn|p2a: Froslass|Protect\n|move|p1a: Mawile|Sucker Punch||[still]\n|-fail|p1a: Mawile\n|move|p1b: Kingambit|Sucker Punch|p2b: Basculegion\n|-supereffective|p2b: Basculegion|1\n|-damage|p2b: Basculegion|0 fnt\n|faint|p2b: Basculegion\n|\n|-weather|Snowscape|[upkeep]\n|upkeep\n|\n|t:|1788203382\n|switch|p2b: Sneasler|Sneasler, L50, M|100/100\n|turn|3\n|\n|t:|1788203396\n|move|p1a: Mawile|Protect|p1a: Mawile\n|-singleturn|p1a: Mawile|Protect\n|move|p1b: Kingambit|Protect|p1b: Kingambit\n|-singleturn|p1b: Kingambit|Protect\n|move|p2b: Sneasler|Fake Out|p1a: Mawile\n|-activate|p1a: Mawile|move: Protect\n|move|p2a: Froslass|Aurora Veil|p2a: Froslass\n|-sidestart|p2: shibikanon|move: Aurora Veil\n|\n|-weather|Snowscape|[upkeep]\n|upkeep\n|turn|4\n|inactive|Lucidificadora2 has 30 seconds left.\n|\n|t:|1788203423\n|move|p2a: Froslass|Protect|p2a: Froslass\n|-singleturn|p2a: Froslass|Protect\n|move|p1b: Kingambit|Sucker Punch|p2b: Sneasler\n|-resisted|p2b: Sneasler|1\n|-damage|p2b: Sneasler|72/100\n|move|p2b: Sneasler|Close Combat|p1b: Kingambit\n|-supereffective|p1b: Kingambit|2\n|-damage|p1b: Kingambit|0 fnt\n|-unboost|p2b: Sneasler|def|1\n|-unboost|p2b: Sneasler|spd|1\n|faint|p1b: Kingambit\n|move|p1a: Mawile|Psychic Fangs|p2b: Sneasler\n|-sideend|p2: shibikanon|move: Aurora Veil\n|-supereffective|p2b: Sneasler|2\n|-crit|p2b: Sneasler\n|-damage|p2b: Sneasler|0 fnt\n|faint|p2b: Sneasler\n|\n|-weather|Snowscape|[upkeep]\n|upkeep\n|\n|t:|1788203438\n|switch|p2b: Kingambit|Kingambit, L50, M|100/100\n|switch|p1b: Alcremie|Alcremie, L50, F|100/100\n|turn|5\n|\n|t:|1788203458\n|move|p1b: Alcremie|Protect|p1b: Alcremie\n|-singleturn|p1b: Alcremie|Protect\n|move|p1a: Mawile|Protect|p1a: Mawile\n|-singleturn|p1a: Mawile|Protect\n|move|p2a: Froslass|Shadow Ball|p1a: Mawile\n|-activate|p1a: Mawile|move: Protect\n|move|p2b: Kingambit|Kowtow Cleave|p1a: Mawile\n|-activate|p1a: Mawile|move: Protect\n|\n|-weather|none\n|upkeep\n|turn|6\n|\n|t:|1788203474\n|move|p2a: Froslass|Protect|p2a: Froslass\n|-singleturn|p2a: Froslass|Protect\n|move|p1a: Mawile|Sucker Punch||[still]\n|-fail|p1a: Mawile\n|move|p1b: Alcremie|Decorate|p1a: Mawile\n|-boost|p1a: Mawile|atk|2\n|-boost|p1a: Mawile|spa|2\n|move|p2b: Kingambit|Kowtow Cleave|p1a: Mawile\n|-resisted|p1a: Mawile|1\n|-damage|p1a: Mawile|67/100\n|-damage|p2b: Kingambit|90/100|[from] item: Life Orb\n|\n|upkeep\n|turn|7\n|inactive|Lucidificadora2 has 30 seconds left.\n|\n|t:|1788203503\n|move|p2a: Froslass|Shadow Ball|p1a: Mawile\n|-damage|p1a: Mawile|15/100\n|move|p1b: Alcremie|Encore|p2a: Froslass\n|-start|p2a: Froslass|Encore\n|move|p2b: Kingambit|Kowtow Cleave|p1a: Mawile\n|-resisted|p1a: Mawile|1\n|-damage|p1a: Mawile|0 fnt\n|faint|p1a: Mawile\n|-damage|p2b: Kingambit|80/100|[from] item: Life Orb\n|\n|upkeep\n|turn|8\n|\n|t:|1788203515\n|move|p1b: Alcremie|Protect|p1b: Alcremie\n|-singleturn|p1b: Alcremie|Protect\n|move|p2a: Froslass|Shadow Ball|p1b: Alcremie\n|-activate|p1b: Alcremie|move: Protect\n|move|p2b: Kingambit|Kowtow Cleave|p1b: Alcremie\n|-activate|p1b: Alcremie|move: Protect\n|\n|upkeep\n|turn|9\n|\n|t:|1788203534\n|move|p1b: Alcremie|Protect||[still]\n|-fail|p1b: Alcremie\n|move|p2a: Froslass|Shadow Ball|p1b: Alcremie\n|-damage|p1b: Alcremie|73/100\n|move|p2b: Kingambit|Kowtow Cleave|p1b: Alcremie\n|-resisted|p1b: Alcremie|1\n|-damage|p1b: Alcremie|32/100\n|-damage|p2b: Kingambit|71/100|[from] item: Life Orb\n|\n|upkeep\n|turn|10\n|\n|t:|1788203545\n|move|p1b: Alcremie|Protect|p1b: Alcremie\n|-singleturn|p1b: Alcremie|Protect\n|move|p2a: Froslass|Shadow Ball|p1b: Alcremie\n|-activate|p1b: Alcremie|move: Protect\n|move|p2b: Kingambit|Kowtow Cleave|p1b: Alcremie\n|-activate|p1b: Alcremie|move: Protect\n|\n|-end|p2a: Froslass|Encore\n|upkeep\n|turn|11\n|\n|t:|1788203555\n|move|p1b: Alcremie|Protect|p1b: Alcremie\n|-singleturn|p1b: Alcremie|Protect\n|move|p2a: Froslass|Blizzard|p1b: Alcremie\n|-activate|p1b: Alcremie|move: Protect\n|move|p2b: Kingambit|Kowtow Cleave|p1b: Alcremie\n|-activate|p1b: Alcremie|move: Protect\n|\n|upkeep\n|turn|12\n|\n|t:|1788203563\n|move|p1b: Alcremie|Protect|p1b: Alcremie\n|-singleturn|p1b: Alcremie|Protect\n|move|p2a: Froslass|Blizzard|p1b: Alcremie\n|-activate|p1b: Alcremie|move: Protect\n|move|p2b: Kingambit|Kowtow Cleave|p1b: Alcremie\n|-activate|p1b: Alcremie|move: Protect\n|\n|upkeep\n|turn|13\n|\n|t:|1788203572\n|move|p1b: Alcremie|Protect||[still]\n|-fail|p1b: Alcremie\n|move|p2a: Froslass|Blizzard|p1b: Alcremie\n|-damage|p1b: Alcremie|0 fnt\n|faint|p1b: Alcremie\n|\n|win|shibikanon\n|raw|Lucidificadora2's rating: 1030 &rarr; <strong>1014</strong><br />(-16 for losing)\n|raw|shibikanon's rating: 1000 &rarr; <strong>1043</strong><br />(+43 for winning)\n","uploadtime":1788203575,"views":"1","formatid":"gen9championsvgc2026regmbbo3","rating":1014,"private":0,"password":null}