{"id":"gen9championsvgc2026regmb-2674360354","format":"[Gen 9 Champions] VGC 2026 Reg M-B","players":["Alder unova champ","Pawah"],"log":"|j|☆Alder unova champ\n|j|☆Pawah\n|t:|1788348659\n|gametype|doubles\n|player|p1|Alder unova champ|swimmerf-gen4dp|1181\n|player|p2|Pawah|ethan|1115\n|gen|9\n|tier|[Gen 9 Champions] VGC 2026 Reg M-B\n|rated|\n|rule|Species Clause: Limit one of each Pokémon\n|rule|Item Clause: Limit 1 of each item\n|clearpoke\n|poke|p1|Kommo-o, L50, M|\n|poke|p1|Zoroark-Hisui, L50, F|\n|poke|p1|Talonflame, L50, M|\n|poke|p1|Wyrdeer, L50, F|\n|poke|p1|Hawlucha, L50, F|\n|poke|p1|Vanilluxe, L50, F|\n|poke|p2|Froslass, L50, F|\n|poke|p2|Scovillain, L50, M, shiny|\n|poke|p2|Basculegion, L50, M|\n|poke|p2|Kingambit, L50, F|\n|poke|p2|Sneasler, L50, F|\n|poke|p2|Lycanroc-Dusk, L50, F|\n|teampreview|4\n|inactive|Battle timer is ON: inactive players will automatically lose when time's up. (requested by Pawah)\n|inactive|Pawah has 60 seconds left.\n|\n|t:|1788348696\n|teamsize|p1|4\n|teamsize|p2|4\n|start\n|switch|p1a: Wyrdeer|Wyrdeer, L50, F|100/100\n|switch|p1b: Talonflame|Talonflame, L50, M|100/100\n|switch|p2a: Kingambit|Kingambit, L50, F|100/100\n|switch|p2b: Lycanroc|Lycanroc-Dusk, L50, F|100/100\n|turn|1\n|\n|t:|1788348721\n|move|p1b: Talonflame|Flare Blitz|p2a: Kingambit\n|-supereffective|p2a: Kingambit|1\n|-damage|p2a: Kingambit|35/100\n|-damage|p1b: Talonflame|71/100|[from] Recoil\n|move|p1a: Wyrdeer|Shadow Ball|p2b: Lycanroc\n|-damage|p2b: Lycanroc|35/100\n|move|p2b: Lycanroc|Rock Slide|p1a: Wyrdeer|[spread] p1a\n|-miss|p2b: Lycanroc|p1b: Talonflame\n|-damage|p1a: Wyrdeer|36/100\n|replace|p1a: Zoroark|Zoroark-Hisui, L50, F\n|-end|p1a: Zoroark|Illusion\n|move|p2a: Kingambit|Kowtow Cleave|p1a: Zoroark\n|-supereffective|p1a: Zoroark|1\n|-damage|p1a: Zoroark|0 fnt\n|faint|p1a: Zoroark\n|\n|upkeep\n|c|☆Pawah|you shouldn't use Zoroark as Wyrdeer, because not having Intimidate spoils the illusion\n|\n|t:|1788348744\n|switch|p1a: Kommo-o|Kommo-o, L50, M|100/100\n|turn|2\n|\n|t:|1788348752\n|switch|p2a: Basculegion|Basculegion, L50, M|100/100\n|move|p1b: Talonflame|Protect|p1b: Talonflame\n|-singleturn|p1b: Talonflame|Protect\n|move|p2b: Lycanroc|Accelerock|p1b: Talonflame\n|-activate|p1b: Talonflame|move: Protect\n|move|p1a: Kommo-o|Clangorous Soul|p1a: Kommo-o\n|-boost|p1a: Kommo-o|atk|1\n|-boost|p1a: Kommo-o|def|1\n|-boost|p1a: Kommo-o|spa|1\n|-boost|p1a: Kommo-o|spd|1\n|-boost|p1a: Kommo-o|spe|1\n|-damage|p1a: Kommo-o|67/100\n|\n|upkeep\n|turn|3\n|inactive|Alder unova champ has 30 seconds left.\n|\n|t:|1788348786\n|switch|p1b: Wyrdeer|Wyrdeer, L50, F|100/100\n|-ability|p1b: Wyrdeer|Intimidate|boost\n|-unboost|p2a: Basculegion|atk|1\n|-unboost|p2b: Lycanroc|atk|1\n|move|p2a: Basculegion|Protect|p2a: Basculegion\n|-singleturn|p2a: Basculegion|Protect\n|move|p2b: Lycanroc|Accelerock|p1b: Wyrdeer\n|-damage|p1b: Wyrdeer|80/100\n|move|p1a: Kommo-o|Clanging Scales|p2a: Basculegion|[spread] p2b\n|-activate|p2a: Basculegion|move: Protect\n|-damage|p2b: Lycanroc|0 fnt\n|faint|p2b: Lycanroc\n|-unboost|p1a: Kommo-o|def|1\n|\n|upkeep\n|\n|t:|1788348796\n|switch|p2b: Sneasler|Sneasler, L50, F|100/100\n|turn|4\n|\n|t:|1788348816\n|move|p2b: Sneasler|Fake Out|p1a: Kommo-o\n|-damage|p1a: Kommo-o|58/100\n|cant|p1a: Kommo-o|flinch\n|move|p2a: Basculegion|Wave Crash|p1b: Wyrdeer\n|-damage|p1b: Wyrdeer|20/100y\n|-damage|p2a: Basculegion|81/100|[from] Recoil\n|move|p1b: Wyrdeer|Expanding Force|p2a: Basculegion\n|-damage|p2a: Basculegion|52/100\n|\n|upkeep\n|turn|5\n|\n|t:|1788348837\n|move|p2b: Sneasler|Protect|p2b: Sneasler\n|-singleturn|p2b: Sneasler|Protect\n|move|p2a: Basculegion|Aqua Jet|p1b: Wyrdeer\n|-damage|p1b: Wyrdeer|1/100\n|move|p1a: Kommo-o|Clanging Scales|p2b: Sneasler|[spread] p2a\n|-activate|p2b: Sneasler|move: Protect\n|-damage|p2a: Basculegion|14/100\n|-enditem|p2a: Basculegion|Sitrus Berry|[eat]\n|-heal|p2a: Basculegion|38/100|[from] item: Sitrus Berry\n|-unboost|p1a: Kommo-o|def|1\n|move|p1b: Wyrdeer|Expanding Force|p2b: Sneasler\n|-activate|p2b: Sneasler|move: Protect\n|\n|upkeep\n|turn|6\n|\n|t:|1788348861\n|move|p2a: Basculegion|Aqua Jet|p1b: Wyrdeer\n|-damage|p1b: Wyrdeer|0 fnt\n|faint|p1b: Wyrdeer\n|move|p1a: Kommo-o|Clanging Scales|p2a: Basculegion|[spread] p2a,p2b\n|-damage|p2a: Basculegion|0 fnt\n|-damage|p2b: Sneasler|49/100\n|faint|p2a: Basculegion\n|-unboost|p1a: Kommo-o|def|1\n|move|p2b: Sneasler|Close Combat|p1a: Kommo-o\n|-damage|p1a: Kommo-o|0 fnt\n|-unboost|p2b: Sneasler|def|1\n|-unboost|p2b: Sneasler|spd|1\n|faint|p1a: Kommo-o\n|-enditem|p2b: Sneasler|White Herb\n|-clearnegativeboost|p2b: Sneasler|[silent]\n|\n|upkeep\n|inactive|Alder unova champ has 30 seconds left.\n|\n|t:|1788348887\n|switch|p2a: Kingambit|Kingambit, L50, F|35/100\n|switch|p1b: Talonflame|Talonflame, L50, M|71/100\n|turn|7\n|\n|t:|1788348896\n|move|p2b: Sneasler|Gunk Shot|p1b: Talonflame\n|-damage|p1b: Talonflame|0 fnt\n|faint|p1b: Talonflame\n|\n|win|Pawah\n|raw|Alder unova champ's rating: 1181 &rarr; <strong>1151</strong><br />(-30 for losing)\n|raw|Pawah's rating: 1115 &rarr; <strong>1145</strong><br />(+30 for winning)\n","uploadtime":1788348897,"views":"0","formatid":"gen9championsvgc2026regmb","rating":1145,"private":0,"password":null}