{"id":"gen9championsvgc2026regmbbo3-2673603796","format":"[Gen 9 Champions] VGC 2026 Reg M-B (Bo3)","players":["iforgotogpassword","Meiko41"],"log":"|j|☆iforgotogpassword\n|j|☆Meiko41\n|html|<table width=\"100%\"><tr><td align=\"left\">iforgotogpassword</td><td align=\"right\">Meiko41</tr><tr><td align=\"left\"><i class=\"fa fa-circle-o\"></i> <i class=\"fa fa-circle-o\"></i> </td><td align=\"right\"><i class=\"fa fa-circle-o\"></i> <i class=\"fa fa-circle-o\"></i> </tr></table>\n|uhtml|bestof|<h2><strong>Game 1</strong> of <a href=\"/game-bestof3-gen9championsvgc2026regmbbo3-2673603795\">a best-of-3</a></h2>\n|t:|1788219881\n|gametype|doubles\n|player|p1|iforgotogpassword|1|1169\n|player|p2|Meiko41|102|1137\n|gen|9\n|tier|[Gen 9 Champions] VGC 2026 Reg M-B (Bo3)\n|rated|\n|rule|Species Clause: Limit one of each Pokémon\n|rule|Item Clause: Limit 1 of each item\n|clearpoke\n|poke|p1|Meowstic, L50, M|\n|poke|p1|Staraptor, L50, M, shiny|\n|poke|p1|Sinistcha-Masterpiece, L50|\n|poke|p1|Swampert, L50, M|\n|poke|p1|Archaludon, L50, M|\n|poke|p1|Pelipper, L50, F|\n|poke|p2|Kingambit, L50, M|\n|poke|p2|Charizard, L50, M|\n|poke|p2|Aerodactyl, L50, M|\n|poke|p2|Farigiraf, L50, M|\n|poke|p2|Garchomp, L50, M|\n|poke|p2|Sylveon, L50, F|\n|teampreview|4\n|showteam|p1|Meowstic||LightClay|Prankster|LightScreen,RainDance,Charm,Yawn|Timid||M|||50|]Staraptor||Staraptite|Intimidate|Protect,CloseCombat,Roost,DualWingbeat|Jolly||M|||50|]Sinistcha-Masterpiece||SitrusBerry|Hospitality|MatchaGotcha,StrengthSap,RagePowder,LifeDew|Relaxed|||||50|]Swampert||Swampertite|Torrent|Protect,HighHorsepower,WaveCrash,IcePunch|Adamant||M|||50|]Archaludon||Leftovers|Stamina|ElectroShot,FlashCannon,DragonPulse,Protect|Calm||M|||50|]Pelipper||FocusSash|Drizzle|WeatherBall,Tailwind,Hurricane,WideGuard|Timid||F|||50|\n|showteam|p2|Kingambit||FocusSash|Defiant|KowtowCleave,IronHead,SuckerPunch,LowKick|Adamant||M|||50|]Charizard||CharizarditeY|Blaze|HeatWave,SolarBeam,WeatherBall,Protect|Modest||M|||50|]Aerodactyl||Aerodactylite|Unnerve|RockSlide,DualWingbeat,IceFang,Tailwind|Jolly||M|||50|]Farigiraf||SitrusBerry|ArmorTail|Psychic,Thunderbolt,TrickRoom,Protect|Bold||M|||50|]Garchomp||LifeOrb|RoughSkin|Earthquake,DragonClaw,StompingTantrum,Protect|Jolly||M|||50|]Sylveon||FairyFeather|Pixilate|HyperVoice,HyperBeam,QuickAttack,Protect|Modest||F|||50|\n|c|☆Meiko41|GL HF\n|c|☆iforgotogpassword|U2\n|\n|t:|1788219961\n|teamsize|p1|4\n|teamsize|p2|4\n|start\n|switch|p1a: Swampert|Swampert, L50, M|100/100\n|switch|p1b: Meowstic|Meowstic, L50, M|100/100\n|switch|p2a: Aerodactyl|Aerodactyl, L50, M|100/100\n|switch|p2b: Sylveon|Sylveon, L50, F|100/100\n|-ability|p2a: Aerodactyl|Unnerve\n|turn|1\n|\n|t:|1788219996\n|detailschange|p2a: Aerodactyl|Aerodactyl-Mega, L50, M\n|-mega|p2a: Aerodactyl|Aerodactyl|Aerodactylite\n|detailschange|p1a: Swampert|Swampert-Mega, L50, M\n|-mega|p1a: Swampert|Swampert|Swampertite\n|move|p1b: Meowstic|Rain Dance|p1b: Meowstic\n|-weather|RainDance\n|move|p2a: Aerodactyl|Tailwind|p2a: Aerodactyl\n|-sidestart|p2: Meiko41|move: Tailwind\n|move|p1a: Swampert|Wave Crash|p2b: Sylveon\n|-damage|p2b: Sylveon|0 fnt\n|faint|p2b: Sylveon\n|-damage|p1a: Swampert|70/100|[from] Recoil\n|\n|-weather|RainDance|[upkeep]\n|upkeep\n|\n|t:|1788220013\n|switch|p2b: Garchomp|Garchomp, L50, M|100/100\n|turn|2\n|\n|t:|1788220038\n|move|p1b: Meowstic|Charm|p2b: Garchomp\n|-unboost|p2b: Garchomp|atk|2\n|move|p2a: Aerodactyl|Rock Slide|p1a: Swampert|[spread] p1a,p1b\n|-resisted|p1a: Swampert|1\n|-damage|p1a: Swampert|58/100\n|-damage|p1b: Meowstic|67/100\n|move|p2b: Garchomp|Dragon Claw|p1a: Swampert\n|-damage|p1a: Swampert|33/100\n|-damage|p2b: Garchomp|90/100|[from] item: Life Orb\n|cant|p1a: Swampert|flinch\n|\n|-weather|RainDance|[upkeep]\n|upkeep\n|turn|3\n|\n|t:|1788220074\n|switch|p2b: Kingambit|Kingambit, L50, M|100/100\n|move|p1a: Swampert|Protect|p1a: Swampert\n|-singleturn|p1a: Swampert|Protect\n|move|p1b: Meowstic|Charm|p2b: Kingambit\n|-hint|Since gen 7, Dark is immune to Prankster moves.\n|-immune|p2b: Kingambit\n|move|p2a: Aerodactyl|Rock Slide|p1a: Swampert|[spread] p1b\n|-activate|p1a: Swampert|move: Protect\n|-damage|p1b: Meowstic|33/100\n|\n|-weather|RainDance|[upkeep]\n|upkeep\n|turn|4\n|\n|t:|1788220125\n|move|p1b: Meowstic|Light Screen|p1b: Meowstic\n|-sidestart|p1: iforgotogpassword|move: Light Screen\n|move|p2a: Aerodactyl|Ice Fang|p1a: Swampert|[miss]\n|-miss|p2a: Aerodactyl|p1a: Swampert\n|move|p1a: Swampert|Wave Crash|p2a: Aerodactyl\n|-supereffective|p2a: Aerodactyl|1\n|-damage|p2a: Aerodactyl|0 fnt\n|faint|p2a: Aerodactyl\n|-damage|p1a: Swampert|3/100|[from] Recoil\n|move|p2b: Kingambit|Kowtow Cleave|p1a: Swampert\n|-damage|p1a: Swampert|0 fnt\n|faint|p1a: Swampert\n|\n|-weather|RainDance|[upkeep]\n|-sideend|p2: Meiko41|move: Tailwind\n|upkeep\n|\n|t:|1788220139\n|switch|p2a: Garchomp|Garchomp, L50, M|90/100\n|switch|p1a: Archaludon|Archaludon, L50, M|100/100\n|turn|5\n|\n|t:|1788220152\n|move|p1a: Archaludon|Protect|p1a: Archaludon\n|-singleturn|p1a: Archaludon|Protect\n|move|p1b: Meowstic|Yawn|p2a: Garchomp\n|-start|p2a: Garchomp|move: Yawn|[of] p1b: Meowstic\n|move|p2a: Garchomp|Stomping Tantrum|p1a: Archaludon\n|-activate|p1a: Archaludon|move: Protect\n|move|p2b: Kingambit|Low Kick|p1a: Archaludon\n|-activate|p1a: Archaludon|move: Protect\n|\n|-weather|none\n|upkeep\n|turn|6\n|\n|t:|1788220175\n|move|p1b: Meowstic|Rain Dance|p1b: Meowstic\n|-weather|RainDance\n|move|p2a: Garchomp|Stomping Tantrum|p1a: Archaludon\n|-supereffective|p1a: Archaludon|1\n|-damage|p1a: Archaludon|31/100\n|-ability|p1a: Archaludon|Stamina|boost\n|-boost|p1a: Archaludon|def|1\n|-damage|p2a: Garchomp|80/100|[from] item: Life Orb\n|move|p1a: Archaludon|Electro Shot||[still]\n|-prepare|p1a: Archaludon|Electro Shot\n|-boost|p1a: Archaludon|spa|1\n|-anim|p1a: Archaludon|Electro Shot|p2b: Kingambit\n|-damage|p2b: Kingambit|31/100\n|move|p2b: Kingambit|Low Kick|p1a: Archaludon\n|-supereffective|p1a: Archaludon|1\n|-damage|p1a: Archaludon|1/100\n|-ability|p1a: Archaludon|Stamina|boost\n|-boost|p1a: Archaludon|def|1\n|\n|-weather|RainDance|[upkeep]\n|-heal|p1a: Archaludon|7/100|[from] item: Leftovers\n|-end|p2a: Garchomp|move: Yawn|[silent]\n|-status|p2a: Garchomp|slp\n|upkeep\n|turn|7\n|\n|t:|1788220203\n|switch|p1b: Pelipper|Pelipper, L50, F|100/100\n|cant|p2a: Garchomp|slp\n|move|p1a: Archaludon|Protect|p1a: Archaludon\n|-singleturn|p1a: Archaludon|Protect\n|move|p2b: Kingambit|Sucker Punch||[still]\n|-fail|p2b: Kingambit\n|\n|-weather|RainDance|[upkeep]\n|-heal|p1a: Archaludon|13/100|[from] item: Leftovers\n|upkeep\n|turn|8\n|\n|t:|1788220237\n|move|p2b: Kingambit|Sucker Punch|p1b: Pelipper\n|-damage|p1b: Pelipper|43/100\n|-curestatus|p2a: Garchomp|slp|[msg]\n|move|p2a: Garchomp|Dragon Claw|p1b: Pelipper\n|-damage|p1b: Pelipper|0 fnt\n|faint|p1b: Pelipper\n|-damage|p2a: Garchomp|70/100|[from] item: Life Orb\n|move|p1a: Archaludon|Electro Shot||[still]\n|-prepare|p1a: Archaludon|Electro Shot\n|-boost|p1a: Archaludon|spa|1\n|-anim|p1a: Archaludon|Electro Shot|p2b: Kingambit\n|-damage|p2b: Kingambit|0 fnt\n|faint|p2b: Kingambit\n|\n|-weather|RainDance|[upkeep]\n|-heal|p1a: Archaludon|20/100y|[from] item: Leftovers\n|upkeep\n|\n|t:|1788220251\n|switch|p1b: Meowstic|Meowstic, L50, M|33/100\n|turn|9\n|\n|t:|1788220255\n|move|p1a: Archaludon|Protect|p1a: Archaludon\n|-singleturn|p1a: Archaludon|Protect\n|move|p1b: Meowstic|Yawn|p2a: Garchomp\n|-start|p2a: Garchomp|move: Yawn|[of] p1b: Meowstic\n|move|p2a: Garchomp|Earthquake|p1b: Meowstic|[spread] p1b\n|-activate|p1a: Archaludon|move: Protect\n|-damage|p1b: Meowstic|0 fnt\n|faint|p1b: Meowstic\n|-damage|p2a: Garchomp|61/100|[from] item: Life Orb\n|\n|-weather|RainDance|[upkeep]\n|-heal|p1a: Archaludon|26/100|[from] item: Leftovers\n|upkeep\n|turn|10\n|\n|t:|1788220269\n|move|p1a: Archaludon|Protect||[still]\n|-fail|p1a: Archaludon\n|move|p2a: Garchomp|Stomping Tantrum|p1a: Archaludon\n|-supereffective|p1a: Archaludon|1\n|-damage|p1a: Archaludon|0 fnt\n|faint|p1a: Archaludon\n|-damage|p2a: Garchomp|51/100|[from] item: Life Orb\n|\n|win|Meiko41\n|l|☆iforgotogpassword\n|player|p1|\n||Meiko41 is ready for game 2.\n||iforgotogpassword is ready for game 2.\n|uhtml|next|Next: <a href=\"/battle-gen9championsvgc2026regmbbo3-2673606395\"><strong>Game 2 of 3</strong></a>\n","uploadtime":1788220615,"views":"10","formatid":"gen9championsvgc2026regmbbo3","rating":null,"private":0,"password":null}