{"id":"gen9championsvgc2026regmbbo3-2673917327","format":"[Gen 9 Champions] VGC 2026 Reg M-B (Bo3)","players":["juacox300","olciax34"],"log":"|j|☆juacox300\n|j|☆olciax34\n|html|<table width=\"100%\"><tr><td align=\"left\">juacox300</td><td align=\"right\">olciax34</tr><tr><td align=\"left\"><i class=\"fa fa-circle\"></i> <i class=\"fa fa-circle-o\"></i> </td><td align=\"right\"><i class=\"fa fa-circle-o\"></i> <i class=\"fa fa-circle\"></i> </tr></table>\n|uhtml|bestof|<h2><strong>Game 3</strong> of <a href=\"/game-bestof3-gen9championsvgc2026regmbbo3-2673913162\">a best-of-3</a></h2>\n|t:|1788276889\n|gametype|doubles\n|player|p1|juacox300|unknown|1254\n|player|p2|olciax34|265|1369\n|gen|9\n|tier|[Gen 9 Champions] VGC 2026 Reg M-B (Bo3)\n|rated|\n|rule|Species Clause: Limit one of each Pokémon\n|rule|Item Clause: Limit 1 of each item\n|clearpoke\n|poke|p1|Kingambit, L50, F, shiny|\n|poke|p1|Garchomp, L50, M|\n|poke|p1|Sneasler, L50, F|\n|poke|p1|Froslass, L50, F, shiny|\n|poke|p1|Venusaur, L50, M|\n|poke|p1|Lycanroc-Dusk, L50, F|\n|poke|p2|Floette-Eternal, L50, F|\n|poke|p2|Sinistcha, L50|\n|poke|p2|Incineroar, L50, F|\n|poke|p2|Basculegion, L50, M|\n|poke|p2|Sneasler, L50, M|\n|poke|p2|Dragonite, L50, M|\n|teampreview|4\n|showteam|p1|Kingambit||ChopleBerry|Defiant|SuckerPunch,KowtowCleave,Protect,LowKick|Adamant||F|||50|]Garchomp||ChoiceScarf|RoughSkin|StompingTantrum,RockTomb,DragonClaw,PoisonJab|Adamant||M|||50|]Sneasler||WhiteHerb|Unburden|DireClaw,CloseCombat,FakeOut,Protect|Adamant||F|||50|]Froslass||Froslassite|CursedBody|Blizzard,ShadowBall,Protect,AuroraVeil|Timid||F|||50|]Venusaur||Venusaurite|Chlorophyll|GigaDrain,SludgeBomb,Protect,EarthPower|Modest||M|||50|]Lycanroc-Dusk||FocusSash|ToughClaws|Accelerock,CloseCombat,Taunt,RockSlide|Jolly||F|||50|\n|showteam|p2|Floette-Eternal||Floettite|FlowerVeil|DazzlingGleam,DrainingKiss,CalmMind,Protect|Modest||F|||50|]Sinistcha||ColburBerry|Hospitality|MatchaGotcha,TrickRoom,RagePowder,Protect|Calm|||||50|]Incineroar||SitrusBerry|Intimidate|FlareBlitz,ThroatChop,PartingShot,FakeOut|Careful||F|||50|]Basculegion||ChoiceScarf|Adaptability|WaveCrash,FlipTurn,AquaJet,LastRespects|Jolly||M|||50|]Sneasler||FocusSash|PoisonTouch|FakeOut,PoisonJab,CloseCombat,Coaching|Jolly||M|||50|]Dragonite||Dragoninite|Multiscale|DragonPulse,HeatWave,ExtremeSpeed,Protect|Modest||M|||50|\n|inactive|Battle timer is ON: inactive players will automatically lose when time's up. (requested by olciax34)\n|\n|t:|1788276922\n|teamsize|p1|4\n|teamsize|p2|4\n|start\n|switch|p1a: Froslass|Froslass, L50, F, shiny|100/100\n|switch|p1b: Queengambit|Kingambit, L50, F, shiny|100/100\n|switch|p2a: Sneasler|Sneasler, L50, M|100/100\n|switch|p2b: Incineroar|Incineroar, L50, F|100/100\n|-ability|p2b: Incineroar|Intimidate|boost\n|-unboost|p1a: Froslass|atk|1\n|-unboost|p1b: Queengambit|atk|1\n|-ability|p1b: Queengambit|Defiant|boost\n|-boost|p1b: Queengambit|atk|2\n|turn|1\n|inactive|olciax34 has 30 seconds left.\n|\n|t:|1788276948\n|detailschange|p1a: Froslass|Froslass-Mega, L50, F, shiny\n|-mega|p1a: Froslass|Froslass|Froslassite\n|-weather|Snowscape|[from] ability: Snow Warning|[of] p1a: Froslass\n|move|p2b: Incineroar|Fake Out|p1b: Queengambit\n|-resisted|p1b: Queengambit|1\n|-damage|p1b: Queengambit|95/100\n|move|p1a: Froslass|Aurora Veil|p1a: Froslass\n|-sidestart|p1: juacox300|move: Aurora Veil\n|move|p2a: Sneasler|Coaching|p2b: Incineroar\n|-boost|p2b: Incineroar|atk|1\n|-boost|p2b: Incineroar|def|1\n|cant|p1b: Queengambit|flinch\n|\n|-weather|Snowscape|[upkeep]\n|upkeep\n|turn|2\n|\n|t:|1788276972\n|move|p1b: Queengambit|Protect|p1b: Queengambit\n|-singleturn|p1b: Queengambit|Protect\n|move|p1a: Froslass|Blizzard|p2b: Incineroar|[spread] p2a,p2b\n|-resisted|p2b: Incineroar|1\n|-damage|p2a: Sneasler|35/100\n|-damage|p2b: Incineroar|81/100\n|-status|p2a: Sneasler|frz\n|-curestatus|p2a: Sneasler|frz|[msg]\n|move|p2a: Sneasler|Close Combat|p1b: Queengambit\n|-activate|p1b: Queengambit|move: Protect\n|move|p2b: Incineroar|Flare Blitz|p1a: Froslass\n|-supereffective|p1a: Froslass|1\n|-damage|p1a: Froslass|0 fnt\n|faint|p1a: Froslass\n|-damage|p2b: Incineroar|57/100|[from] Recoil\n|\n|-weather|Snowscape|[upkeep]\n|upkeep\n|\n|t:|1788276985\n|switch|p1a: Tommau|Sneasler, L50, F|100/100\n|turn|3\n|\n|t:|1788276999\n|move|p2a: Sneasler|Close Combat|p1b: Queengambit\n|-supereffective|p1b: Queengambit|2\n|-enditem|p1b: Queengambit|Chople Berry|[eat]\n|-enditem|p1b: Queengambit|Chople Berry|[weaken]\n|-damage|p1b: Queengambit|37/100\n|-unboost|p2a: Sneasler|def|1\n|-unboost|p2a: Sneasler|spd|1\n|move|p1a: Tommau|Close Combat|p2b: Incineroar\n|-supereffective|p2b: Incineroar|1\n|-damage|p2b: Incineroar|0 fnt\n|-unboost|p1a: Tommau|def|1\n|-unboost|p1a: Tommau|spd|1\n|faint|p2b: Incineroar\n|-enditem|p1a: Tommau|White Herb\n|-clearnegativeboost|p1a: Tommau|[silent]\n|move|p1b: Queengambit|Kowtow Cleave|p2a: Sneasler\n|-resisted|p2a: Sneasler|1\n|-damage|p2a: Sneasler|0 fnt\n|faint|p2a: Sneasler\n|\n|-weather|Snowscape|[upkeep]\n|upkeep\n|\n|t:|1788277020\n|switch|p2a: Floette|Floette-Eternal, L50, F|100/100\n|switch|p2b: Basculegion|Basculegion, L50, M|100/100\n|turn|4\n|\n|t:|1788277038\n|detailschange|p2a: Floette|Floette-Mega, L50, F\n|-mega|p2a: Floette|Floette|Floettite\n|-ability|p2a: Floette|Fairy Aura\n|move|p2b: Basculegion|Aqua Jet|p1a: Tommau\n|-damage|p1a: Tommau|68/100\n|move|p1b: Queengambit|Sucker Punch||[still]\n|-fail|p1b: Queengambit\n|move|p1a: Tommau|Dire Claw|p2a: Floette\n|-supereffective|p2a: Floette|1\n|-damage|p2a: Floette|16/100\n|move|p2a: Floette|Dazzling Gleam|p1a: Tommau|[spread] p1a,p1b\n|-damage|p1a: Tommau|29/100\n|-damage|p1b: Queengambit|8/100\n|\n|-weather|Snowscape|[upkeep]\n|upkeep\n|turn|5\n|inactive|juacox300 has 30 seconds left.\n|inactive|olciax34 has 30 seconds left.\n|\n|t:|1788277066\n|move|p2b: Basculegion|Aqua Jet|p1a: Tommau\n|-damage|p1a: Tommau|1/100\n|move|p1b: Queengambit|Sucker Punch||[still]\n|-fail|p1b: Queengambit\n|move|p1a: Tommau|Dire Claw|p2b: Basculegion\n|-resisted|p2b: Basculegion|1\n|-crit|p2b: Basculegion\n|-damage|p2b: Basculegion|56/100\n|move|p2a: Floette|Calm Mind|p2a: Floette\n|-boost|p2a: Floette|spa|1\n|-boost|p2a: Floette|spd|1\n|\n|-weather|none\n|-sideend|p1: juacox300|move: Aurora Veil\n|upkeep\n|turn|6\n|\n|t:|1788277086\n|move|p2a: Floette|Protect|p2a: Floette\n|-singleturn|p2a: Floette|Protect\n|move|p2b: Basculegion|Aqua Jet|p1b: Queengambit\n|-damage|p1b: Queengambit|0 fnt\n|faint|p1b: Queengambit\n|move|p1a: Tommau|Dire Claw|p2a: Floette\n|-activate|p2a: Floette|move: Protect\n|\n|upkeep\n|\n|t:|1788277088\n|switch|p1b: Venusaur|Venusaur, L50, M|100/100\n|turn|7\n|\n|t:|1788277100\n|move|p2b: Basculegion|Aqua Jet|p1a: Tommau\n|-damage|p1a: Tommau|0 fnt\n|faint|p1a: Tommau\n|move|p2a: Floette|Draining Kiss|p1b: Venusaur\n|-resisted|p1b: Venusaur|1\n|-crit|p1b: Venusaur\n|-damage|p1b: Venusaur|59/100\n|-heal|p2a: Floette|49/100|[from] drain|[of] p1b: Venusaur\n|move|p1b: Venusaur|Sludge Bomb|p2a: Floette\n|-supereffective|p2a: Floette|1\n|-damage|p2a: Floette|7/100\n|-status|p2a: Floette|psn\n|\n|-damage|p2a: Floette|0 fnt|[from] psn\n|faint|p2a: Floette\n|upkeep\n|turn|8\n|c|☆juacox300|gg\n|\n|t:|1788277117\n|move|p2b: Basculegion|Aqua Jet|p1b: Venusaur\n|-resisted|p1b: Venusaur|1\n|-damage|p1b: Venusaur|43/100\n|move|p1b: Venusaur|Giga Drain|p2b: Basculegion\n|-supereffective|p2b: Basculegion|1\n|-damage|p2b: Basculegion|0 fnt\n|-heal|p1b: Venusaur|74/100|[from] drain|[of] p2b: Basculegion\n|faint|p2b: Basculegion\n|\n|win|juacox300\n|raw|juacox300's rating: 1254 &rarr; <strong>1287</strong><br />(+33 for winning)\n|raw|olciax34's rating: 1369 &rarr; <strong>1343</strong><br />(-26 for losing)\n","uploadtime":1788277124,"views":"7","formatid":"gen9championsvgc2026regmbbo3","rating":1287,"private":0,"password":null}