{"id":"gen9championsvgc2026regmbbo3-2675030700","format":"[Gen 9 Champions] VGC 2026 Reg M-B (Bo3)","players":["okkia3","alienextra421"],"log":"|j|☆okkia3\n|j|☆alienextra421\n|html|<table width=\"100%\"><tr><td align=\"left\">okkia3</td><td align=\"right\">alienextra421</tr><tr><td align=\"left\"><i class=\"fa fa-circle\"></i> <i class=\"fa fa-circle-o\"></i> </td><td align=\"right\"><i class=\"fa fa-circle-o\"></i> <i class=\"fa fa-circle\"></i> </tr></table>\n|uhtml|bestof|<h2><strong>Game 3</strong> of <a href=\"/game-bestof3-gen9championsvgc2026regmbbo3-2675028463\">a best-of-3</a></h2>\n|t:|1788450743\n|gametype|doubles\n|player|p1|okkia3|102|1084\n|player|p2|alienextra421|depotagent|1061\n|gen|9\n|tier|[Gen 9 Champions] VGC 2026 Reg M-B (Bo3)\n|rated|\n|rule|Species Clause: Limit one of each Pokémon\n|rule|Item Clause: Limit 1 of each item\n|clearpoke\n|poke|p1|Charizard, L50, F|\n|poke|p1|Whimsicott, L50, F|\n|poke|p1|Basculegion, L50, M|\n|poke|p1|Farigiraf, L50, M|\n|poke|p1|Kangaskhan, L50, F|\n|poke|p1|Sneasler, L50, F|\n|poke|p2|Falinks, L50|\n|poke|p2|Dragalge, L50, F|\n|poke|p2|Spiritomb, L50, M|\n|poke|p2|Dedenne, L50, M|\n|poke|p2|Salazzle, L50, F|\n|poke|p2|Tsareena, L50, F|\n|teampreview|4\n|showteam|p1|Charizard||CharizarditeY|SolarPower|WeatherBall,HeatWave,SolarBeam,Protect|Timid||F|||50|]Whimsicott||FocusSash|Prankster|Moonblast,Tailwind,SunnyDay,Encore|Timid||F|||50|]Basculegion||ChoiceScarf|Adaptability|WaveCrash,AquaJet,LastRespects,FlipTurn|Adamant||M|||50|]Farigiraf||SitrusBerry|ArmorTail|Psychic,HyperVoice,HelpingHand,TrickRoom|Modest||M|||50|]Kangaskhan||Kangaskhanite|Scrappy|FakeOut,DoubleEdge,DrainPunch,SuckerPunch|Adamant||F|||50|]Sneasler||WhiteHerb|Unburden|FakeOut,CloseCombat,DireClaw,RockTomb|Adamant||F|||50|\n|showteam|p2|Falinks||Falinksite|Defiant|NoRetreat,CloseCombat,KnockOff,RockSlide|Adamant|||||50|]Dragalge||Dragalgite|Adaptability|FlipTurn,DracoMeteor,SludgeBomb,Protect|Modest||F|||50|]Spiritomb||RoseliBerry|Infiltrator|WillOWisp,Snarl,Taunt,FoulPlay|Calm||M|||50|]Dedenne||SitrusBerry|CheekPouch|Nuzzle,HelpingHand,Protect,Electroweb|Bold||M|||50|]Salazzle||FocusSash|Corrosion|FakeOut,SludgeBomb,HeatWave,Protect|Hasty||F|||50|]Tsareena||WideLens|QueenlyMajesty|TripleAxel,HighJumpKick,PowerWhip,Protect|Adamant||F|||50|\n|inactive|Battle timer is ON: inactive players will automatically lose when time's up. (requested by okkia3)\n|\n|t:|1788450757\n|teamsize|p1|4\n|teamsize|p2|4\n|start\n|switch|p1a: Whimsicott|Whimsicott, L50, F|100/100\n|switch|p1b: Basculegion|Basculegion, L50, M|100/100\n|switch|p2a: Dedenne|Dedenne, L50, M|100/100\n|switch|p2b: Tsareena|Tsareena, L50, F|100/100\n|turn|1\n|\n|t:|1788450763\n|switch|p1b: Charizard|Charizard, L50, F|100/100\n|move|p1a: Whimsicott|Moonblast|p2a: Dedenne\n|-damage|p2a: Dedenne|57/100\n|move|p2a: Dedenne|Electroweb|p1b: Charizard|[spread] p1a,p1b\n|-resisted|p1a: Whimsicott|1\n|-supereffective|p1b: Charizard|1\n|-damage|p1a: Whimsicott|89/100\n|-damage|p1b: Charizard|67/100\n|-unboost|p1a: Whimsicott|spe|1\n|-unboost|p1b: Charizard|spe|1\n|move|p2b: Tsareena|Triple Axel|p1a: Whimsicott\n|-supereffective|p1a: Whimsicott|1\n|-crit|p1a: Whimsicott\n|-damage|p1a: Whimsicott|57/100\n|-supereffective|p1a: Whimsicott|1\n|-damage|p1a: Whimsicott|16/100\n|-supereffective|p1a: Whimsicott|1\n|-damage|p1a: Whimsicott|0 fnt\n|faint|p1a: Whimsicott\n|-hitcount|p1: Whimsicott|3\n|\n|upkeep\n|\n|t:|1788450763\n|switch|p1a: Farigiraf|Farigiraf, L50, M|100/100\n|turn|2\n|\n|t:|1788450780\n|detailschange|p1b: Charizard|Charizard-Mega-Y, L50, F\n|-mega|p1b: Charizard|Charizard|Charizardite Y\n|-weather|SunnyDay|[from] ability: Drought|[of] p1b: Charizard\n|move|p2a: Dedenne|Helping Hand|p2b: Tsareena\n|-singleturn|p2b: Tsareena|Helping Hand|[of] p2a: Dedenne\n|move|p1b: Charizard|Heat Wave|p2b: Tsareena|[spread] p2a\n|-miss|p1b: Charizard|p2b: Tsareena\n|-damage|p2a: Dedenne|0 fnt\n|faint|p2a: Dedenne\n|move|p2b: Tsareena|Power Whip|p1a: Farigiraf\n|-damage|p1a: Farigiraf|4/100\n|-enditem|p1a: Farigiraf|Sitrus Berry|[eat]\n|-heal|p1a: Farigiraf|29/100|[from] item: Sitrus Berry\n|move|p1a: Farigiraf|Trick Room|p1a: Farigiraf\n|-fieldstart|move: Trick Room|[of] p1a: Farigiraf\n|\n|-weather|SunnyDay|[upkeep]\n|upkeep\n|inactive|alienextra421 has 30 seconds left.\n|inactive|alienextra421 has 20 seconds left.\n|\n|t:|1788450816\n|switch|p2a: Spiritomb|Spiritomb, L50, M|100/100\n|turn|3\n|\n|t:|1788450822\n|move|p1a: Farigiraf|Helping Hand|p1b: Charizard\n|-singleturn|p1b: Charizard|Helping Hand|[of] p1a: Farigiraf\n|move|p2b: Tsareena|Protect|p2b: Tsareena\n|-singleturn|p2b: Tsareena|Protect\n|move|p2a: Spiritomb|Snarl|p1a: Farigiraf|[spread] p1a,p1b\n|-supereffective|p1a: Farigiraf|1\n|-crit|p1a: Farigiraf\n|-damage|p1a: Farigiraf|0 fnt\n|-damage|p1b: Charizard|53/100\n|-unboost|p1b: Charizard|spa|1\n|faint|p1a: Farigiraf\n|move|p1b: Charizard|Weather Ball|p2b: Tsareena\n|-activate|p2b: Tsareena|move: Protect\n|\n|-weather|SunnyDay|[upkeep]\n|upkeep\n|\n|t:|1788450823\n|switch|p1a: Basculegion|Basculegion, L50, M|100/100\n|turn|4\n|\n|t:|1788450844\n|switch|p2b: Falinks|Falinks, L50|100/100\n|move|p2a: Spiritomb|Will-O-Wisp|p1a: Basculegion\n|-status|p1a: Basculegion|brn\n|move|p1b: Charizard|Weather Ball|p2b: Falinks\n|-damage|p2b: Falinks|0 fnt\n|faint|p2b: Falinks\n|move|p1a: Basculegion|Last Respects|p2a: Spiritomb\n|-damage|p2a: Spiritomb|53/100\n|\n|-weather|SunnyDay|[upkeep]\n|-damage|p1a: Basculegion|93/100 brn|[from] brn\n|upkeep\n|\n|t:|1788450852\n|switch|p2b: Tsareena|Tsareena, L50, F|100/100\n|turn|5\n|\n|t:|1788450859\n|move|p2b: Tsareena|Protect|p2b: Tsareena\n|-singleturn|p2b: Tsareena|Protect\n|move|p2a: Spiritomb|Snarl|p1a: Basculegion|[spread] p1a\n|-miss|p2a: Spiritomb|p1b: Charizard\n|-supereffective|p1a: Basculegion|1\n|-damage|p1a: Basculegion|63/100 brn\n|-unboost|p1a: Basculegion|spa|1\n|move|p1b: Charizard|Weather Ball|p2b: Tsareena\n|-activate|p2b: Tsareena|move: Protect\n|move|p1a: Basculegion|Last Respects|p2b: Tsareena\n|-activate|p2b: Tsareena|move: Protect\n|\n|-weather|SunnyDay|[upkeep]\n|-damage|p1a: Basculegion|56/100 brn|[from] brn\n|upkeep\n|turn|6\n|\n|t:|1788450878\n|move|p2b: Tsareena|Protect|p2b: Tsareena\n|-singleturn|p2b: Tsareena|Protect\n|move|p2a: Spiritomb|Snarl|p1a: Basculegion|[spread] p1a\n|-miss|p2a: Spiritomb|p1b: Charizard\n|-supereffective|p1a: Basculegion|1\n|-damage|p1a: Basculegion|26/100 brn\n|-unboost|p1a: Basculegion|spa|1\n|move|p1b: Charizard|Weather Ball|p2b: Tsareena\n|-activate|p2b: Tsareena|move: Protect\n|move|p1a: Basculegion|Last Respects|p2a: Spiritomb\n|-damage|p2a: Spiritomb|1/100\n|\n|-weather|none\n|-damage|p1a: Basculegion|20/100r brn|[from] brn\n|-fieldend|move: Trick Room\n|upkeep\n|turn|7\n|\n|t:|1788450891\n|move|p1a: Basculegion|Last Respects|p2a: Spiritomb\n|-damage|p2a: Spiritomb|0 fnt\n|faint|p2a: Spiritomb\n|move|p1b: Charizard|Heat Wave|p2b: Tsareena\n|-supereffective|p2b: Tsareena|1\n|-damage|p2b: Tsareena|13/100\n|move|p2b: Tsareena|Triple Axel|p1b: Charizard\n|-damage|p1b: Charizard|41/100\n|-damage|p1b: Charizard|21/100\n|-damage|p1b: Charizard|0 fnt\n|faint|p1b: Charizard\n|-hitcount|p1: Charizard|3\n|\n|-damage|p1a: Basculegion|13/100 brn|[from] brn\n|upkeep\n|turn|8\n|\n|t:|1788450899\n|move|p2b: Tsareena|Protect|p2b: Tsareena\n|-singleturn|p2b: Tsareena|Protect\n|move|p1a: Basculegion|Last Respects|p2b: Tsareena\n|-activate|p2b: Tsareena|move: Protect\n|\n|-damage|p1a: Basculegion|7/100 brn|[from] brn\n|upkeep\n|turn|9\n|\n|t:|1788450904\n|move|p2b: Tsareena|Protect||[still]\n|-fail|p2b: Tsareena\n|move|p1a: Basculegion|Last Respects|p2b: Tsareena\n|-damage|p2b: Tsareena|0 fnt\n|faint|p2b: Tsareena\n|\n|win|okkia3\n|raw|okkia3's rating: 1084 &rarr; <strong>1110</strong><br />(+26 for winning)\n|raw|alienextra421's rating: 1061 &rarr; <strong>1043</strong><br />(-18 for losing)\n","uploadtime":1788450904,"views":"0","formatid":"gen9championsvgc2026regmbbo3","rating":1043,"private":0,"password":null}