{"id":"gen9championsvgc2026regmb-2674051794","format":"[Gen 9 Champions] VGC 2026 Reg M-B","players":["drh254","wearifulpoet"],"log":"|j|☆drh254\n|j|☆wearifulpoet\n|t:|1788292809\n|gametype|doubles\n|player|p1|drh254|266|1231\n|player|p2|wearifulpoet|102|1241\n|gen|9\n|tier|[Gen 9 Champions] VGC 2026 Reg M-B\n|rated|\n|rule|Species Clause: Limit one of each Pokémon\n|rule|Item Clause: Limit 1 of each item\n|clearpoke\n|poke|p1|Basculegion, L50, M|\n|poke|p1|Whimsicott, L50, M|\n|poke|p1|Kingambit, L50, M|\n|poke|p1|Floette-Eternal, L50, F|\n|poke|p1|Charizard, L50, M|\n|poke|p1|Garchomp, L50, F|\n|poke|p2|Charizard, L50, F|\n|poke|p2|Whimsicott, L50, M|\n|poke|p2|Garchomp, L50, F|\n|poke|p2|Floette-Eternal, L50, F|\n|poke|p2|Basculegion, L50, M|\n|poke|p2|Kingambit, L50, F|\n|teampreview|4\n|inactive|Battle timer is ON: inactive players will automatically lose when time's up. (requested by drh254)\n|inactive|drh254 has 60 seconds left.\n|\n|t:|1788292845\n|teamsize|p1|4\n|teamsize|p2|4\n|start\n|switch|p1a: Floette|Floette-Eternal, L50, F|100/100\n|switch|p1b: Whimsicott|Whimsicott, L50, M|100/100\n|switch|p2a: Whimsicott|Whimsicott, L50, M|100/100\n|switch|p2b: Basculegion|Basculegion, L50, M|100/100\n|turn|1\n|\n|t:|1788292865\n|detailschange|p1a: Floette|Floette-Mega, L50, F\n|-mega|p1a: Floette|Floette|Floettite\n|-ability|p1a: Floette|Fairy Aura\n|move|p1b: Whimsicott|Tailwind|p1b: Whimsicott\n|-sidestart|p1: drh254|move: Tailwind\n|move|p2a: Whimsicott|Tailwind|p2a: Whimsicott\n|-sidestart|p2: wearifulpoet|move: Tailwind\n|move|p1a: Floette|Light of Ruin|p2b: Basculegion\n|-damage|p2b: Basculegion|0 fnt\n|faint|p2b: Basculegion\n|-damage|p1a: Floette|33/100|[from] Recoil\n|\n|upkeep\n|\n|t:|1788292876\n|switch|p2b: Charizard|Charizard, L50, F|100/100\n|turn|2\n|\n|t:|1788292893\n|detailschange|p2b: Charizard|Charizard-Mega-Y, L50, F\n|-mega|p2b: Charizard|Charizard|Charizardite Y\n|-weather|SunnyDay|[from] ability: Drought|[of] p2b: Charizard\n|move|p1b: Whimsicott|Encore|p2a: Whimsicott\n|-start|p2a: Whimsicott|Encore\n|move|p2a: Whimsicott|Tailwind||[still]\n|-fail|p2a: Whimsicott\n|move|p1a: Floette|Dazzling Gleam|p2b: Charizard|[spread] p2a,p2b\n|-resisted|p2b: Charizard|1\n|-damage|p2a: Whimsicott|23/100\n|-damage|p2b: Charizard|78/100\n|move|p2b: Charizard|Heat Wave|p1a: Floette|[spread] p1a,p1b\n|-crit|p1a: Floette\n|-supereffective|p1b: Whimsicott|1\n|-crit|p1b: Whimsicott\n|-damage|p1a: Floette|0 fnt\n|-enditem|p1b: Whimsicott|Focus Sash\n|-damage|p1b: Whimsicott|1/100\n|-status|p1b: Whimsicott|brn\n|faint|p1a: Floette\n|\n|-weather|SunnyDay|[upkeep]\n|-damage|p1b: Whimsicott|0 fnt|[from] brn\n|faint|p1b: Whimsicott\n|upkeep\n|\n|t:|1788292915\n|switch|p1b: Kingambit|Kingambit, L50, M|100/100\n|switch|p1a: Basculegion|Basculegion, L50, M|100/100\n|turn|3\n|inactive|drh254 has 30 seconds left.\n|\n|t:|1788292950\n|switch|p2a: Garchomp|Garchomp, L50, F|100/100\n|move|p1a: Basculegion|Last Respects|p2b: Charizard\n|-damage|p2b: Charizard|0 fnt\n|faint|p2b: Charizard\n|move|p1b: Kingambit|Iron Head|p2a: Garchomp\n|-damage|p2a: Garchomp|48/100\n|-damage|p1b: Kingambit|87/100|[from] ability: Rough Skin|[of] p2a: Garchomp\n|-enditem|p2a: Garchomp|Sitrus Berry|[eat]\n|-heal|p2a: Garchomp|73/100|[from] item: Sitrus Berry\n|-damage|p1b: Kingambit|78/100|[from] item: Life Orb\n|\n|-weather|SunnyDay|[upkeep]\n|upkeep\n|\n|t:|1788292959\n|switch|p2b: Whimsicott|Whimsicott, L50, M|23/100\n|turn|4\n|\n|t:|1788292968\n|move|p1b: Kingambit|Sucker Punch|p2a: Garchomp\n|-damage|p2a: Garchomp|28/100\n|-damage|p1b: Kingambit|66/100|[from] ability: Rough Skin|[of] p2a: Garchomp\n|-damage|p1b: Kingambit|56/100|[from] item: Life Orb\n|move|p1a: Basculegion|Last Respects|p2a: Garchomp\n|-damage|p2a: Garchomp|0 fnt\n|faint|p2a: Garchomp\n|move|p2b: Whimsicott|Moonblast|p1a: Basculegion\n|-damage|p1a: Basculegion|61/100\n|\n|-weather|SunnyDay|[upkeep]\n|-sideend|p1: drh254|move: Tailwind\n|-sideend|p2: wearifulpoet|move: Tailwind\n|upkeep\n|turn|5\n|\n|t:|1788292985\n|move|p1b: Kingambit|Sucker Punch|p2b: Whimsicott\n|-resisted|p2b: Whimsicott|1\n|-damage|p2b: Whimsicott|0 fnt\n|faint|p2b: Whimsicott\n|-damage|p1b: Kingambit|46/100|[from] item: Life Orb\n|\n|win|drh254\n|raw|drh254's rating: 1231 &rarr; <strong>1257</strong><br />(+26 for winning)\n|raw|wearifulpoet's rating: 1241 &rarr; <strong>1215</strong><br />(-26 for losing)\n","uploadtime":1788292988,"views":"1","formatid":"gen9championsvgc2026regmb","rating":1215,"private":0,"password":null}