{"id":"gen9championsvgc2026regmb-2674807540","format":"[Gen 9 Champions] VGC 2026 Reg M-B","players":["Nocturnalcat","let down again"],"log":"|j|☆Nocturnalcat\n|j|☆let down again\n|t:|1788410757\n|gametype|doubles\n|player|p1|Nocturnalcat|scientist-gen4dp|1101\n|player|p2|let down again|ash|1157\n|gen|9\n|tier|[Gen 9 Champions] VGC 2026 Reg M-B\n|rated|\n|rule|Species Clause: Limit one of each Pokémon\n|rule|Item Clause: Limit 1 of each item\n|clearpoke\n|poke|p1|Hawlucha, L50, M, shiny|\n|poke|p1|Aerodactyl, L50, M|\n|poke|p1|Incineroar, L50, F|\n|poke|p1|Sinistcha, L50|\n|poke|p1|Staraptor, L50, M|\n|poke|p1|Whimsicott, L50, F|\n|poke|p2|Sneasler, L50, F|\n|poke|p2|Banette, L50, F, shiny|\n|poke|p2|Sylveon, L50, F, shiny|\n|poke|p2|Kingambit, L50, M|\n|poke|p2|Milotic, L50, F|\n|poke|p2|Farigiraf, L50, F|\n|teampreview|4\n|inactive|Battle timer is ON: inactive players will automatically lose when time's up. (requested by let down again)\n|inactive|let down again has 60 seconds left.\n|inactive|Nocturnalcat has 60 seconds left.\n|\n|t:|1788410807\n|teamsize|p1|4\n|teamsize|p2|4\n|start\n|switch|p1a: Staraptor|Staraptor, L50, M|100/100\n|switch|p1b: Incineroar|Incineroar, L50, F|100/100\n|switch|p2a: Not Trick Room|Farigiraf, L50, F|100/100\n|switch|p2b: Not Competitive|Milotic, L50, F|100/100\n|-ability|p1a: Staraptor|Intimidate|boost\n|-unboost|p2a: Not Trick Room|atk|1\n|-unboost|p2b: Not Competitive|atk|1\n|-ability|p2b: Not Competitive|Competitive|boost\n|-boost|p2b: Not Competitive|spa|2\n|-ability|p1b: Incineroar|Intimidate|boost\n|-unboost|p2a: Not Trick Room|atk|1\n|-unboost|p2b: Not Competitive|atk|1\n|-ability|p2b: Not Competitive|Competitive|boost\n|-boost|p2b: Not Competitive|spa|2\n|turn|1\n|\n|t:|1788410827\n|detailschange|p1a: Staraptor|Staraptor-Mega, L50, M\n|-mega|p1a: Staraptor|Staraptor|Staraptite\n|move|p2b: Not Competitive|Protect|p2b: Not Competitive\n|-singleturn|p2b: Not Competitive|Protect\n|move|p1b: Incineroar|Fake Out||[still]\n|cant|p2a: Not Trick Room|ability: Armor Tail|Fake Out|[of] p1b: Incineroar\n|move|p1a: Staraptor|U-turn|p2a: Not Trick Room\n|-supereffective|p2a: Not Trick Room|1\n|-damage|p2a: Not Trick Room|63/100\n|\n|t:|1788410839\n|switch|p1a: Sinistcha|Sinistcha, L50|100/100|[from] U-turn\n|move|p2a: Not Trick Room|Trick Room|p2a: Not Trick Room\n|-fieldstart|move: Trick Room|[of] p2a: Not Trick Room\n|\n|upkeep\n|turn|2\n|\n|t:|1788410854\n|move|p2a: Not Trick Room|Psychic|p1a: Sinistcha\n|-damage|p1a: Sinistcha|61/100\n|move|p1b: Incineroar|Flare Blitz|p2a: Not Trick Room\n|-crit|p2a: Not Trick Room\n|-damage|p2a: Not Trick Room|1/100\n|-status|p2a: Not Trick Room|brn\n|-damage|p1b: Incineroar|76/100|[from] Recoil\n|move|p1a: Sinistcha|Matcha Gotcha|p2b: Not Competitive|[spread] p2a,p2b\n|-supereffective|p2b: Not Competitive|1\n|-damage|p2a: Not Trick Room|0 fnt\n|-heal|p1a: Sinistcha|61/100|[from] drain|[of] p2a: Not Trick Room\n|-damage|p2b: Not Competitive|66/100\n|-heal|p1a: Sinistcha|80/100|[from] drain|[of] p2b: Not Competitive\n|-status|p2b: Not Competitive|brn\n|faint|p2a: Not Trick Room\n|move|p2b: Not Competitive|Ice Beam|p1a: Sinistcha\n|-supereffective|p1a: Sinistcha|1\n|-damage|p1a: Sinistcha|0 fnt\n|faint|p1a: Sinistcha\n|\n|-heal|p2b: Not Competitive|72/100 brn|[from] item: Leftovers\n|-damage|p2b: Not Competitive|66/100 brn|[from] brn\n|upkeep\n|\n|t:|1788410879\n|switch|p2a: Juliet|Banette, L50, F, shiny|100/100\n|switch|p1a: Whimsicott|Whimsicott, L50, F|100/100\n|turn|3\n|\n|t:|1788410901\n|detailschange|p2a: Juliet|Banette-Mega, L50, F, shiny\n|-mega|p2a: Juliet|Banette|Banettite\n|move|p1a: Whimsicott|Tickle|p2a: Juliet\n|-unboost|p2a: Juliet|atk|1\n|-unboost|p2a: Juliet|def|1\n|move|p2a: Juliet|Scary Face|p2b: Not Competitive\n|-unboost|p2b: Not Competitive|spe|2\n|move|p2b: Not Competitive|Muddy Water|p1b: Incineroar|[spread] p1a,p1b\n|-resisted|p1a: Whimsicott|1\n|-supereffective|p1b: Incineroar|1\n|-damage|p1a: Whimsicott|56/100\n|-damage|p1b: Incineroar|0 fnt\n|faint|p1b: Incineroar\n|\n|-heal|p2b: Not Competitive|72/100 brn|[from] item: Leftovers\n|-damage|p2b: Not Competitive|66/100 brn|[from] brn\n|upkeep\n|c|☆let down again|tickle?\n|\n|t:|1788410914\n|switch|p1b: Staraptor|Staraptor-Mega, L50, M|100/100\n|turn|4\n|c|☆let down again|tf are you doing?\n|c|☆Nocturnalcat|I was hoping for flare blitz\n|c|☆let down again|this aint a physical its a support\n|inactive|Nocturnalcat has 30 seconds left.\n|inactive|Nocturnalcat has 20 seconds left.\n|inactive|Nocturnalcat has 15 seconds left.\n|c|☆Nocturnalcat|My last 3 games have ended with inc.\n|inactive|Nocturnalcat has 10 seconds left.\n|inactive|Nocturnalcat has 5 seconds left.\n|\n|t:|1788410965\n|move|p1b: Staraptor|Protect|p1b: Staraptor\n|-singleturn|p1b: Staraptor|Protect\n|move|p1a: Whimsicott|Tickle|p2a: Juliet\n|-unboost|p2a: Juliet|atk|1\n|-unboost|p2a: Juliet|def|1\n|move|p2a: Juliet|Will-O-Wisp|p1b: Staraptor\n|-activate|p1b: Staraptor|move: Protect\n|move|p2b: Not Competitive|Ice Beam|p1b: Staraptor\n|-activate|p1b: Staraptor|move: Protect\n|\n|-heal|p2b: Not Competitive|72/100 brn|[from] item: Leftovers\n|-damage|p2b: Not Competitive|66/100 brn|[from] brn\n|upkeep\n|turn|5\n|c|☆let down again|should have used encore on muddy water or scary face\n|\n|t:|1788410985\n|move|p1a: Whimsicott|Tickle|p2a: Juliet\n|-unboost|p2a: Juliet|atk|1\n|-unboost|p2a: Juliet|def|1\n|move|p2a: Juliet|Will-O-Wisp|p1b: Staraptor\n|-status|p1b: Staraptor|brn\n|move|p2b: Not Competitive|Ice Beam|p1b: Staraptor\n|-supereffective|p1b: Staraptor|1\n|-damage|p1b: Staraptor|0 fnt\n|faint|p1b: Staraptor\n|\n|-heal|p2b: Not Competitive|72/100 brn|[from] item: Leftovers\n|-damage|p2b: Not Competitive|66/100 brn|[from] brn\n|-fieldend|move: Trick Room\n|upkeep\n|turn|6\n|c|☆Nocturnalcat|Oops\n|c|☆let down again|instead of tickle\n|c|☆let down again|lel\n|c|☆Nocturnalcat|THAT was a fumble\n|inactive|Nocturnalcat has 30 seconds left.\n|c|☆Nocturnalcat|I meant to do it onto Staraptor\n|\n|t:|1788411015\n|move|p2a: Juliet|Will-O-Wisp|p1a: Whimsicott|[miss]\n|-miss|p2a: Juliet|p1a: Whimsicott\n|move|p1a: Whimsicott|Moonblast|p2b: Not Competitive\n|-damage|p2b: Not Competitive|47/100 brn\n|move|p2b: Not Competitive|Recover|p2b: Not Competitive\n|-heal|p2b: Not Competitive|97/100 brn\n|\n|-heal|p2b: Not Competitive|100/100 brn|[from] item: Leftovers\n|-damage|p2b: Not Competitive|94/100 brn|[from] brn\n|upkeep\n|turn|7\n|\n|t:|1788411030\n|move|p2a: Juliet|Will-O-Wisp|p1a: Whimsicott\n|-status|p1a: Whimsicott|brn\n|move|p1a: Whimsicott|Moonblast|p2b: Not Competitive\n|-damage|p2b: Not Competitive|74/100 brn\n|move|p2b: Not Competitive|Recover|p2b: Not Competitive\n|-heal|p2b: Not Competitive|100/100 brn\n|\n|-damage|p1a: Whimsicott|50/100g brn|[from] brn\n|-damage|p2b: Not Competitive|94/100 brn|[from] brn\n|upkeep\n|turn|8\n|\n|t:|1788411042\n|move|p2a: Juliet|Swagger|p1a: Whimsicott\n|-boost|p1a: Whimsicott|atk|2\n|-start|p1a: Whimsicott|confusion\n|-activate|p1a: Whimsicott|confusion\n|-damage|p1a: Whimsicott|40/100 brn|[from] confusion\n|move|p2b: Not Competitive|Recover|p2b: Not Competitive\n|-heal|p2b: Not Competitive|100/100 brn\n|\n|-damage|p1a: Whimsicott|34/100 brn|[from] brn\n|-damage|p2b: Not Competitive|94/100 brn|[from] brn\n|upkeep\n|turn|9\n|\n|t:|1788411056\n|move|p2a: Juliet|Swagger|p1a: Whimsicott\n|-boost|p1a: Whimsicott|atk|2\n|-activate|p1a: Whimsicott|confusion\n|move|p1a: Whimsicott|Moonblast|p2a: Juliet\n|-damage|p2a: Juliet|69/100\n|move|p2b: Not Competitive|Recover|p2b: Not Competitive\n|-heal|p2b: Not Competitive|100/100 brn\n|\n|-damage|p1a: Whimsicott|28/100 brn|[from] brn\n|-damage|p2b: Not Competitive|94/100 brn|[from] brn\n|upkeep\n|turn|10\n|inactive|Nocturnalcat has 30 seconds left.\n|c|☆let down again|why is your prankster so slow\n|inactive|Nocturnalcat has 20 seconds left.\n|inactive|Nocturnalcat has 15 seconds left.\n|c|☆Nocturnalcat|*changes from moonblast to play rough in teambuilder\n|inactive|Nocturnalcat has 10 seconds left.\n|c|☆Nocturnalcat|It's not max speed\n|\n|t:|1788411105\n|move|p2a: Juliet|Swagger|p1a: Whimsicott\n|-boost|p1a: Whimsicott|atk|2\n|-end|p1a: Whimsicott|confusion\n|move|p1a: Whimsicott|Moonblast|p2a: Juliet\n|-damage|p2a: Juliet|39/100\n|-unboost|p2a: Juliet|spa|1\n|move|p2b: Not Competitive|Recover|p2b: Not Competitive\n|-heal|p2b: Not Competitive|100/100 brn\n|\n|-damage|p1a: Whimsicott|22/100 brn|[from] brn\n|-damage|p2b: Not Competitive|94/100 brn|[from] brn\n|upkeep\n|turn|11\n|c|☆let down again|oof staraptor players don’t know how to play without their raptor huh\n|\n|t:|1788411118\n|move|p2a: Juliet|Swagger|p1a: Whimsicott\n|-boost|p1a: Whimsicott|atk|0\n|-start|p1a: Whimsicott|confusion\n|-activate|p1a: Whimsicott|confusion\n|-damage|p1a: Whimsicott|0 fnt|[from] confusion\n|faint|p1a: Whimsicott\n|\n|win|let down again\n|raw|Nocturnalcat's rating: 1101 &rarr; <strong>1080</strong><br />(-21 for losing)\n|raw|let down again's rating: 1157 &rarr; <strong>1178</strong><br />(+21 for winning)\n","uploadtime":1788411126,"views":"0","formatid":"gen9championsvgc2026regmb","rating":1080,"private":0,"password":null}