{"id":"gen9championsvgc2026regmb-2674943413","format":"[Gen 9 Champions] VGC 2026 Reg M-B","players":["Orizor","DdDFAawfAfAF"],"log":"|j|☆Orizor\n|j|☆DdDFAawfAfAF\n|t:|1788439817\n|gametype|doubles\n|player|p1|Orizor|hilbert-wonderlauncher|1513\n|player|p2|DdDFAawfAfAF|2|1460\n|gen|9\n|tier|[Gen 9 Champions] VGC 2026 Reg M-B\n|rated|\n|rule|Species Clause: Limit one of each Pokémon\n|rule|Item Clause: Limit 1 of each item\n|clearpoke\n|poke|p1|Charizard, L50, M|\n|poke|p1|Heliolisk, L50, M|\n|poke|p1|Garchomp, L50, F|\n|poke|p1|Kingambit, L50, F|\n|poke|p1|Basculegion, L50, M|\n|poke|p1|Whimsicott, L50, F|\n|poke|p2|Clefable, L50, F|\n|poke|p2|Overqwil, L50, F|\n|poke|p2|Audino, L50, F|\n|poke|p2|Zoroark-Hisui, L50, M|\n|poke|p2|Sableye, L50, F|\n|poke|p2|Torkoal, L50, M|\n|teampreview|4\n|l|☆Orizor\n|player|p1|\n|inactive|Battle timer is ON: inactive players will automatically lose when time's up. (requested by DdDFAawfAfAF)\n|j|☆Orizor\n|inactive|Orizor reconnected and has 90 seconds left.\n|player|p1|Orizor|hilbert-wonderlauncher|\n|\n|t:|1788439844\n|teamsize|p1|4\n|teamsize|p2|4\n|start\n|switch|p1a: Charizard|Charizard, L50, M|100/100\n|switch|p1b: Heliolisk|Heliolisk, L50, M|100/100\n|switch|p2a: Audino|Audino, L50, F|100/100\n|switch|p2b: Clefable|Clefable, L50, F|100/100\n|turn|1\n|\n|t:|1788439861\n|detailschange|p1a: Charizard|Charizard-Mega-Y, L50, M\n|-mega|p1a: Charizard|Charizard|Charizardite Y\n|-weather|SunnyDay|[from] ability: Drought|[of] p1a: Charizard\n|move|p2b: Clefable|Memento|p1a: Charizard\n|-unboost|p1a: Charizard|atk|2\n|-unboost|p1a: Charizard|spa|2\n|faint|p2b: Clefable\n|move|p1b: Heliolisk|Weather Ball|p2a: Audino\n|-damage|p2a: Audino|32/100\n|move|p1a: Charizard|Weather Ball|p2a: Audino\n|-damage|p2a: Audino|0 fnt\n|faint|p2a: Audino\n|\n|-weather|SunnyDay|[upkeep]\n|-damage|p1b: Heliolisk|88/100|[from] ability: Solar Power|[of] p1b: Heliolisk\n|upkeep\n|\n|t:|1788439865\n|switch|p2b: Clefable|Clefable, L50, F|100/100\n|switch|p2a: Overqwil|Overqwil, L50, F|100/100\n|-ability|p2a: Overqwil|Intimidate|boost\n|-unboost|p1a: Charizard|atk|1\n|-unboost|p1b: Heliolisk|atk|1\n|turn|2\n|l|☆Orizor\n|inactive|Orizor disconnected and has a minute to reconnect!\n|player|p1|\n|j|☆Orizor\n|inactive|Orizor reconnected and has 40 seconds left.\n|player|p1|Orizor|hilbert-wonderlauncher|\n|\n|t:|1788439888\n|move|p1b: Heliolisk|Weather Ball|p2a: Overqwil\n|-damage|p2a: Overqwil|28/100\n|move|p1a: Charizard|Heat Wave|p2b: Clefable|[spread] p2b\n|-miss|p1a: Charizard|p2a: Overqwil\n|-damage|p2b: Clefable|51/100\n|move|p2a: Overqwil|Minimize|p2a: Overqwil\n|-boost|p2a: Overqwil|evasion|2\n|move|p2b: Clefable|Psych Up|p2a: Overqwil\n|-copyboost|p2b: Clefable|p2a: Overqwil|[from] move: Psych Up\n|\n|-weather|SunnyDay|[upkeep]\n|-damage|p1b: Heliolisk|76/100|[from] ability: Solar Power|[of] p1b: Heliolisk\n|-heal|p2a: Overqwil|34/100|[from] item: Leftovers\n|upkeep\n|turn|3\n|l|☆Orizor\n|inactive|Orizor disconnected and has a minute to reconnect!\n|player|p1|\n|\n|t:|1788439905\n|move|p2a: Overqwil|Protect|p2a: Overqwil\n|-singleturn|p2a: Overqwil|Protect\n|move|p1b: Heliolisk|Weather Ball|p2a: Overqwil\n|-activate|p2a: Overqwil|move: Protect\n|move|p1a: Charizard|Heat Wave|p2b: Clefable|[spread] p2b\n|-activate|p2a: Overqwil|move: Protect\n|-damage|p2b: Clefable|2/100\n|-status|p2b: Clefable|brn\n|-enditem|p2b: Clefable|Sitrus Berry|[eat]\n|-heal|p2b: Clefable|27/100 brn|[from] item: Sitrus Berry\n|move|p2b: Clefable|Moonlight|p2b: Clefable\n|-heal|p2b: Clefable|94/100 brn\n|\n|-weather|SunnyDay|[upkeep]\n|-damage|p1b: Heliolisk|64/100|[from] ability: Solar Power|[of] p1b: Heliolisk\n|-heal|p2a: Overqwil|40/100|[from] item: Leftovers\n|-damage|p2b: Clefable|88/100 brn|[from] brn\n|upkeep\n|turn|4\n|j|☆Orizor\n|inactive|Orizor reconnected and has 55 seconds left.\n|player|p1|Orizor|hilbert-wonderlauncher|\n|l|☆Orizor\n|inactive|Orizor disconnected and has a minute to reconnect!\n|player|p1|\n|\n|t:|1788439926\n|move|p1b: Heliolisk|Weather Ball|p2a: Overqwil\n|-damage|p2a: Overqwil|0 fnt\n|faint|p2a: Overqwil\n|move|p1a: Charizard|Weather Ball|p2b: Clefable\n|-damage|p2b: Clefable|20/100y brn\n|move|p2b: Clefable|Psych Up|p2: Overqwil|[notarget]\n|-fail|p2b: Clefable\n|\n|-weather|SunnyDay|[upkeep]\n|-damage|p1b: Heliolisk|52/100|[from] ability: Solar Power|[of] p1b: Heliolisk\n|-damage|p2b: Clefable|14/100 brn|[from] brn\n|upkeep\n|turn|5\n|j|☆Orizor\n|inactive|Orizor reconnected and has 55 seconds left.\n|player|p1|Orizor|hilbert-wonderlauncher|\n|\n|t:|1788439933\n|move|p1b: Heliolisk|Weather Ball|p2b: Clefable\n|-crit|p2b: Clefable\n|-damage|p2b: Clefable|0 fnt\n|faint|p2b: Clefable\n|\n|win|Orizor\n|raw|Orizor's rating: 1513 &rarr; <strong>1530</strong><br />(+17 for winning)\n|raw|DdDFAawfAfAF's rating: 1460 &rarr; <strong>1443</strong><br />(-17 for losing)\n|l|☆DdDFAawfAfAF\n|player|p2|\n","uploadtime":1788439937,"views":"1","formatid":"gen9championsvgc2026regmb","rating":1443,"private":0,"password":null}