{"id":"gen9championsvgc2026regmb-2674808443","format":"[Gen 9 Champions] VGC 2026 Reg M-B","players":["bruhdnigerian","Phantamium"],"log":"|j|☆bruhdnigerian\n|j|☆Phantamium\n|t:|1788410937\n|gametype|doubles\n|player|p1|bruhdnigerian|lance|1126\n|player|p2|Phantamium|burglar|1089\n|gen|9\n|tier|[Gen 9 Champions] VGC 2026 Reg M-B\n|rated|\n|rule|Species Clause: Limit one of each Pokémon\n|rule|Item Clause: Limit 1 of each item\n|clearpoke\n|poke|p1|Pangoro, L50, F|\n|poke|p1|Spiritomb, L50, F|\n|poke|p1|Gliscor, L50, M|\n|poke|p1|Farigiraf, L50, M|\n|poke|p1|Glimmora, L50, M|\n|poke|p1|Scovillain, L50, F|\n|poke|p2|Absol, L50, M|\n|poke|p2|Eelektross, L50, F|\n|poke|p2|Salazzle, L50, F|\n|poke|p2|Whimsicott, L50, F|\n|poke|p2|Typhlosion-Hisui, L50, F|\n|poke|p2|Swampert, L50, M|\n|teampreview|4\n|inactive|Battle timer is ON: inactive players will automatically lose when time's up. (requested by bruhdnigerian)\nbruhdnigerian has agreed to open team sheets.\n|inactive|bruhdnigerian has 60 seconds left.\n|inactive|Phantamium has 60 seconds left.\n|\n|t:|1788410974\n|teamsize|p1|4\n|teamsize|p2|4\n|start\n|switch|p1a: Gliscor|Gliscor, L50, M|100/100\n|switch|p1b: Glimmora|Glimmora, L50, M|100/100\n|switch|p2a: Typhlosion|Typhlosion-Hisui, L50, F|100/100\n|switch|p2b: Absol|Absol, L50, M|100/100\n|-item|p1b: Glimmora|Choice Scarf|[from] ability: Frisk|[of] p2a: Typhlosion\n|turn|1\n|\n|t:|1788410997\n|move|p2a: Typhlosion|Eruption|p1a: Gliscor|[spread] p1a,p1b\n|-resisted|p1b: Glimmora|1\n|-damage|p1a: Gliscor|28/100\n|-damage|p1b: Glimmora|63/100\n|move|p1b: Glimmora|Power Gem|p2a: Typhlosion\n|-supereffective|p2a: Typhlosion|1\n|-damage|p2a: Typhlosion|0 fnt\n|faint|p2a: Typhlosion\n|move|p2b: Absol|Assurance|p1b: Glimmora\n|-damage|p1b: Glimmora|0 fnt\n|-activate|p1b: Glimmora|ability: Toxic Debris\n|-sidestart|p2: Phantamium|move: Toxic Spikes\n|faint|p1b: Glimmora\n|move|p1a: Gliscor|Acrobatics|p2b: Absol\n|-crit|p2b: Absol\n|-damage|p2b: Absol|0 fnt\n|faint|p2b: Absol\n|\n|upkeep\n|\n|t:|1788411013\n|switch|p2a: Eelektross|Eelektross, L50, F|100/100\n|switch|p1b: Spiritomb|Spiritomb, L50, F|100/100\n|switch|p2b: Swampert|Swampert, L50, M|100/100\n|-status|p2b: Swampert|psn\n|turn|2\n|\n|t:|1788411024\n|detailschange|p2a: Eelektross|Eelektross-Mega, L50, F\n|-mega|p2a: Eelektross|Eelektross|Eelektrossite\n|move|p1a: Gliscor|Protect|p1a: Gliscor\n|-singleturn|p1a: Gliscor|Protect\n|move|p2a: Eelektross|Coil|p2a: Eelektross\n|-boost|p2a: Eelektross|atk|1\n|-boost|p2a: Eelektross|def|1\n|-boost|p2a: Eelektross|accuracy|1\n|move|p2b: Swampert|Ice Punch|p1a: Gliscor\n|-activate|p1a: Gliscor|move: Protect\n|move|p1b: Spiritomb|Trick Room|p1b: Spiritomb\n|-fieldstart|move: Trick Room|[of] p1b: Spiritomb\n|\n|-damage|p2b: Swampert|87/100 psn|[from] psn\n|upkeep\n|turn|3\n|inactive|bruhdnigerian has 30 seconds left.\n|\n|t:|1788411050\n|move|p1b: Spiritomb|Will-O-Wisp|p2a: Eelektross\n|-status|p2a: Eelektross|brn\n|move|p2b: Swampert|Ice Punch|p1a: Gliscor\n|-supereffective|p1a: Gliscor|2\n|-damage|p1a: Gliscor|0 fnt\n|faint|p1a: Gliscor\n|move|p2a: Eelektross|Thunder Punch|p1b: Spiritomb\n|-damage|p1b: Spiritomb|70/100\n|-status|p1b: Spiritomb|par\n|\n|-damage|p2b: Swampert|75/100 psn|[from] psn\n|-damage|p2a: Eelektross|93/100 brn|[from] brn\n|upkeep\n|\n|t:|1788411057\n|switch|p1a: Pangoro|Pangoro, L50, F|100/100\n|turn|4\n|\n|t:|1788411073\n|move|p1b: Spiritomb|Hex|p2a: Eelektross\n|-damage|p2a: Eelektross|49/100 brn\n|move|p1a: Pangoro|Storm Throw|p2a: Eelektross\n|-crit|p2a: Eelektross\n|-damage|p2a: Eelektross|4/100 brn\n|move|p2b: Swampert|Earthquake|p1a: Pangoro|[spread] p1a,p1b\n|-immune|p2a: Eelektross|[from] ability: Eelevate\n|-damage|p1a: Pangoro|69/100\n|-damage|p1b: Spiritomb|43/100 par\n|move|p2a: Eelektross|Thunder Punch|p1a: Pangoro\n|-damage|p1a: Pangoro|41/100\n|\n|-damage|p2b: Swampert|63/100 psn|[from] psn\n|-damage|p2a: Eelektross|0 fnt|[from] brn\n|faint|p2a: Eelektross\n|upkeep\n|turn|5\n|\n|t:|1788411082\n|move|p1b: Spiritomb|Hex|p2b: Swampert\n|-crit|p2b: Swampert\n|-damage|p2b: Swampert|1/100 psn\n|move|p1a: Pangoro|Storm Throw|p2b: Swampert\n|-crit|p2b: Swampert\n|-damage|p2b: Swampert|0 fnt\n|faint|p2b: Swampert\n|\n|win|bruhdnigerian\n|raw|bruhdnigerian's rating: 1126 &rarr; <strong>1148</strong><br />(+22 for winning)\n|raw|Phantamium's rating: 1089 &rarr; <strong>1068</strong><br />(-21 for losing)\n|l|☆Phantamium\n|player|p2|\n","uploadtime":1788411090,"views":"0","formatid":"gen9championsvgc2026regmb","rating":1068,"private":0,"password":null}