{"id":"gen9championsvgc2026regmbbo3-2674074239","format":"[Gen 9 Champions] VGC 2026 Reg M-B (Bo3)","players":["That_Leek","watergoat52"],"log":"|j|☆That_Leek\n|j|☆watergoat52\n|html|<table width=\"100%\"><tr><td align=\"left\">That_Leek</td><td align=\"right\">watergoat52</tr><tr><td align=\"left\"><i class=\"fa fa-circle\"></i> <i class=\"fa fa-circle-o\"></i> </td><td align=\"right\"><i class=\"fa fa-circle-o\"></i> <i class=\"fa fa-circle\"></i> </tr></table>\n|uhtml|bestof|<h2><strong>Game 3</strong> of <a href=\"/game-bestof3-gen9championsvgc2026regmbbo3-2674071189\">a best-of-3</a></h2>\n|t:|1788295596\n|gametype|doubles\n|player|p1|That_Leek|blue-masters|1162\n|player|p2|watergoat52|266|1109\n|gen|9\n|tier|[Gen 9 Champions] VGC 2026 Reg M-B (Bo3)\n|rated|\n|rule|Species Clause: Limit one of each Pokémon\n|rule|Item Clause: Limit 1 of each item\n|clearpoke\n|poke|p1|Raichu, L50, F|\n|poke|p1|Kingambit, L50, F|\n|poke|p1|Dragonite, L50, F|\n|poke|p1|Ninetales-Alola, L50, M|\n|poke|p1|Sylveon, L50, M|\n|poke|p1|Incineroar, L50, M|\n|poke|p2|Gengar, L50, M|\n|poke|p2|Sinistcha, L50|\n|poke|p2|Politoed, L50, M|\n|poke|p2|Clefable, L50, M|\n|poke|p2|Delphox, L50, M|\n|poke|p2|Blastoise, L50, M|\n|teampreview|4\n|showteam|p1|Raichu||RaichuniteY|LightningRod|FakeOut,ZapCannon,FocusBlast,Protect|Timid||F|||50|]Kingambit||BlackGlasses|Defiant|KowtowCleave,SuckerPunch,Protect,SwordsDance|Adamant||F|||50|]Dragonite||LifeOrb|InnerFocus|DragonClaw,Tailwind,Superpower,Protect|Adamant||F|||50|]Ninetales-Alola||FocusSash|SnowWarning|Blizzard,IcyWind,Protect,FreezeDry|Timid||M|||50|]Sylveon||FairyFeather|Pixilate|HyperVoice,QuickAttack,CalmMind,Detect|Modest||M|||50|]Incineroar||LumBerry|Intimidate|FakeOut,FlareBlitz,PartingShot,ThroatChop|Impish||M|||50|\n|showteam|p2|Gengar||Gengarite|CursedBody|PerishSong,Protect,ShadowBall,Substitute|Timid||M|||50|]Sinistcha||ColburBerry|Hospitality|RagePowder,MatchaGotcha,StrengthSap,Protect|Bold|||||50|]Politoed||SitrusBerry|Drizzle|PerishSong,Protect,WeatherBall,IceBeam|Calm||M|||50|]Clefable||BabiriBerry|Unaware|FollowMe,Protect,Substitute,HealingWish|Calm||M|||50|]Delphox||Delphoxite|Blaze|HeatWave,Psychic,NastyPlot,Protect|Timid||M|||50|]Blastoise||Blastoisinite|Torrent|AquaJet|Serious||M|||50|\n|\n|t:|1788295611\n|teamsize|p1|4\n|teamsize|p2|4\n|start\n|switch|p1a: Incineroar|Incineroar, L50, M|100/100\n|switch|p1b: Kingambit|Kingambit, L50, F|100/100\n|switch|p2a: Gengar|Gengar, L50, M|100/100\n|switch|p2b: Clefable|Clefable, L50, M|100/100\n|-ability|p1a: Incineroar|Intimidate|boost\n|-unboost|p2a: Gengar|atk|1\n|-unboost|p2b: Clefable|atk|1\n|turn|1\n|inactive|Battle timer is ON: inactive players will automatically lose when time's up. (requested by watergoat52)\n|\n|t:|1788295630\n|detailschange|p2a: Gengar|Gengar-Mega, L50, M\n|-mega|p2a: Gengar|Gengar|Gengarite\n|move|p2a: Gengar|Protect|p2a: Gengar\n|-singleturn|p2a: Gengar|Protect\n|move|p2b: Clefable|Protect|p2b: Clefable\n|-singleturn|p2b: Clefable|Protect\n|move|p1a: Incineroar|Fake Out|p2b: Clefable\n|-activate|p2b: Clefable|move: Protect\n|move|p1b: Kingambit|Swords Dance|p1b: Kingambit\n|-boost|p1b: Kingambit|atk|2\n|\n|upkeep\n|turn|2\n|\n|t:|1788295642\n|move|p2b: Clefable|Follow Me|p2b: Clefable\n|-singleturn|p2b: Clefable|move: Follow Me\n|move|p2a: Gengar|Perish Song|p2a: Gengar\n|-start|p1a: Incineroar|perish3|[silent]\n|-start|p1b: Kingambit|perish3|[silent]\n|-start|p2a: Gengar|perish3|[silent]\n|-start|p2b: Clefable|perish3|[silent]\n|-fieldactivate|move: Perish Song\n|move|p1a: Incineroar|Throat Chop|p2b: Clefable\n|-resisted|p2b: Clefable|1\n|-damage|p2b: Clefable|85/100\n|-start|p2b: Clefable|Throat Chop|[silent]\n|move|p1b: Kingambit|Kowtow Cleave|p2b: Clefable\n|-resisted|p2b: Clefable|1\n|-damage|p2b: Clefable|57/100\n|\n|-start|p2a: Gengar|perish3\n|-start|p1a: Incineroar|perish3\n|-start|p2b: Clefable|perish3\n|-start|p1b: Kingambit|perish3\n|upkeep\n|turn|3\n|\n|t:|1788295664\n|move|p2a: Gengar|Protect|p2a: Gengar\n|-singleturn|p2a: Gengar|Protect\n|move|p2b: Clefable|Protect|p2b: Clefable\n|-singleturn|p2b: Clefable|Protect\n|move|p1a: Incineroar|Parting Shot|p1b: Kingambit\n|-unboost|p1b: Kingambit|atk|1\n|-unboost|p1b: Kingambit|spa|1\n|\n|t:|1788295668\n|switch|p1a: Raichu|Raichu, L50, F|100/100|[from] Parting Shot\n|move|p1b: Kingambit|Swords Dance|p1b: Kingambit\n|-boost|p1b: Kingambit|atk|2\n|\n|-end|p2b: Clefable|Throat Chop|[silent]\n|-start|p2a: Gengar|perish2\n|-start|p2b: Clefable|perish2\n|-start|p1b: Kingambit|perish2\n|upkeep\n|turn|4\n|inactive|watergoat52 has 30 seconds left.\n|inactive|watergoat52 has 20 seconds left.\n|inactive|watergoat52 has 15 seconds left.\n|\n|t:|1788295710\n|switch|p2b: Sinistcha|Sinistcha, L50|100/100\n|detailschange|p1a: Raichu|Raichu-Mega-Y, L50, F\n|-mega|p1a: Raichu|Raichu|Raichunite Y\n|move|p1a: Raichu|Fake Out|p2b: Sinistcha\n|-immune|p2b: Sinistcha\n|move|p2a: Gengar|Substitute|p2a: Gengar\n|-start|p2a: Gengar|Substitute\n|-damage|p2a: Gengar|75/100\n|move|p1b: Kingambit|Kowtow Cleave|p2a: Gengar\n|-supereffective|p2a: Gengar|1\n|-end|p2a: Gengar|Substitute\n|\n|-start|p2a: Gengar|perish1\n|-start|p1b: Kingambit|perish1\n|upkeep\n|turn|5\n|inactive|watergoat52 has 30 seconds left.\n|inactive|watergoat52 has 20 seconds left.\n|inactive|watergoat52 has 15 seconds left.\n|inactive|watergoat52 has 10 seconds left.\n|inactive|watergoat52 has 5 seconds left.\n|\n|t:|1788295761\n|switch|p2a: Politoed|Politoed, L50, M|100/100\n|-weather|RainDance|[from] ability: Drizzle|[of] p2a: Politoed\n|move|p2b: Sinistcha|Rage Powder|p2b: Sinistcha\n|-singleturn|p2b: Sinistcha|move: Rage Powder\n|move|p1a: Raichu|Zap Cannon|p2b: Sinistcha\n|-resisted|p2b: Sinistcha|1\n|-damage|p2b: Sinistcha|69/100\n|-status|p2b: Sinistcha|par\n|move|p1b: Kingambit|Kowtow Cleave|p2b: Sinistcha\n|-supereffective|p2b: Sinistcha|1\n|-enditem|p2b: Sinistcha|Colbur Berry|[eat]\n|-enditem|p2b: Sinistcha|Colbur Berry|[weaken]\n|-damage|p2b: Sinistcha|0 fnt\n|faint|p2b: Sinistcha\n|\n|-weather|RainDance|[upkeep]\n|-start|p1b: Kingambit|perish0\n|upkeep\n|faint|p1b: Kingambit\n|\n|t:|1788295777\n|switch|p2b: Clefable|Clefable, L50, M|57/100\n|switch|p1b: Ninetales|Ninetales-Alola, L50, M|100/100\n|-weather|Snowscape|[from] ability: Snow Warning|[of] p1b: Ninetales\n|turn|6\n|\n|t:|1788295786\n|move|p2b: Clefable|Follow Me|p2b: Clefable\n|-singleturn|p2b: Clefable|move: Follow Me\n|move|p1a: Raichu|Zap Cannon|p2b: Clefable\n|-damage|p2b: Clefable|5/100\n|-status|p2b: Clefable|par\n|move|p1b: Ninetales|Blizzard|p2a: Politoed|[spread] p2a,p2b\n|-resisted|p2a: Politoed|1\n|-damage|p2a: Politoed|87/100\n|-damage|p2b: Clefable|0 fnt\n|faint|p2b: Clefable\n|move|p2a: Politoed|Perish Song|p2a: Politoed\n|-start|p1a: Raichu|perish3|[silent]\n|-start|p1b: Ninetales|perish3|[silent]\n|-start|p2a: Politoed|perish3|[silent]\n|-fieldactivate|move: Perish Song\n|\n|-weather|Snowscape|[upkeep]\n|-start|p1a: Raichu|perish3\n|-start|p1b: Ninetales|perish3\n|-start|p2a: Politoed|perish3\n|upkeep\n|\n|t:|1788295801\n|switch|p2b: Gengar|Gengar-Mega, L50, M|75/100\n|turn|7\n|\n|t:|1788295808\n|move|p2b: Gengar|Protect|p2b: Gengar\n|-singleturn|p2b: Gengar|Protect\n|move|p2a: Politoed|Protect|p2a: Politoed\n|-singleturn|p2a: Politoed|Protect\n|move|p1a: Raichu|Zap Cannon|p2a: Politoed\n|-activate|p2a: Politoed|move: Protect\n|move|p1b: Ninetales|Icy Wind|p2a: Politoed|[spread] \n|-activate|p2a: Politoed|move: Protect\n|-activate|p2b: Gengar|move: Protect\n|\n|-weather|Snowscape|[upkeep]\n|-start|p1a: Raichu|perish2\n|-start|p1b: Ninetales|perish2\n|-start|p2a: Politoed|perish2\n|upkeep\n|turn|8\n|inactive|watergoat52 has 30 seconds left.\n|\n|t:|1788295836\n|move|p2a: Politoed|Protect||[still]\n|-fail|p2a: Politoed\n|move|p1a: Raichu|Zap Cannon|p2b: Gengar\n|-damage|p2b: Gengar|8/100\n|-status|p2b: Gengar|par\n|move|p1b: Ninetales|Blizzard|p2b: Gengar|[spread] p2a,p2b\n|-resisted|p2a: Politoed|1\n|-damage|p2a: Politoed|75/100\n|-damage|p2b: Gengar|0 fnt\n|faint|p2b: Gengar\n|\n|-weather|Snowscape|[upkeep]\n|-start|p1a: Raichu|perish1\n|-start|p1b: Ninetales|perish1\n|-start|p2a: Politoed|perish1\n|upkeep\n|turn|9\n|-message|watergoat52 forfeited.\n|\n|win|That_Leek\n|raw|That_Leek's rating: 1162 &rarr; <strong>1183</strong><br />(+21 for winning)\n|raw|watergoat52's rating: 1109 &rarr; <strong>1088</strong><br />(-21 for losing)\n|l|☆watergoat52\n|player|p2|\n","uploadtime":1788295853,"views":"0","formatid":"gen9championsvgc2026regmbbo3","rating":1088,"private":0,"password":null}