{"id":"gen9championsvgc2026regmbbo3-2673687446","format":"[Gen 9 Champions] VGC 2026 Reg M-B (Bo3)","players":["shibikanon","cardojtv"],"log":"|j|☆shibikanon\n|j|☆cardojtv\n|html|<table width=\"100%\"><tr><td align=\"left\">shibikanon</td><td align=\"right\">cardojtv</tr><tr><td align=\"left\"><i class=\"fa fa-circle\"></i> <i class=\"fa fa-circle-o\"></i> </td><td align=\"right\"><i class=\"fa fa-circle-o\"></i> <i class=\"fa fa-circle-o\"></i> </tr></table>\n|uhtml|bestof|<h2><strong>Game 2</strong> of <a href=\"/game-bestof3-gen9championsvgc2026regmbbo3-2673686293\">a best-of-3</a></h2>\n|t:|1788233344\n|gametype|doubles\n|player|p1|shibikanon|skyla-masters3|1118\n|player|p2|cardojtv|102|1095\n|gen|9\n|tier|[Gen 9 Champions] VGC 2026 Reg M-B (Bo3)\n|rated|\n|rule|Species Clause: Limit one of each Pokémon\n|rule|Item Clause: Limit 1 of each item\n|clearpoke\n|poke|p1|Blaziken, L50, M|\n|poke|p1|Froslass, L50, F|\n|poke|p1|Kingambit, L50, M|\n|poke|p1|Dragonite, L50, M|\n|poke|p1|Basculegion, L50, M|\n|poke|p1|Sneasler, L50, F|\n|poke|p2|Garchomp, L50, M|\n|poke|p2|Sneasler, L50, M|\n|poke|p2|Charizard, L50, F|\n|poke|p2|Gengar, L50, F|\n|poke|p2|Kingambit, L50, F|\n|poke|p2|Incineroar, L50, M|\n|teampreview|4\n|showteam|p1|Blaziken||Blazikenite|SpeedBoost|CloseCombat,FlareBlitz,RockSlide,Detect|Adamant||M|||50|]Froslass||Froslassite|SnowCloak|Blizzard,ShadowBall,AuroraVeil,Protect|Modest||F|||50|]Kingambit||LifeOrb|Defiant|KowtowCleave,SuckerPunch,SwordsDance,Protect|Adamant||M|||50|]Dragonite||DragonFang|InnerFocus|DragonClaw,LowKick,ExtremeSpeed,Protect|Adamant||M|||50|]Basculegion||SitrusBerry|Adaptability|WaveCrash,LastRespects,AquaJet,Protect|Adamant||M|||50|]Sneasler||FocusSash|PoisonTouch|CloseCombat,PoisonJab,FakeOut,Protect|Jolly||F|||50|\n|showteam|p2|Garchomp||LifeOrb|RoughSkin|RockSlide,DragonClaw,Protect,StompingTantrum|Jolly||M|||50|]Sneasler||WhiteHerb|Unburden|CloseCombat,FakeOut,DireClaw,Protect|Adamant||M|||50|]Charizard||CharizarditeY|Blaze|HeatWave,WeatherBall,Protect,AirSlash|Timid||F|||50|]Gengar||Gengarite|CursedBody|ShadowBall,SludgeBomb,ClearSmog,Protect|Modest||F|||50|]Kingambit||BlackGlasses|Defiant|KowtowCleave,SuckerPunch,Protect,IronHead|Adamant||F|||50|]Incineroar||SitrusBerry|Intimidate|FakeOut,FlareBlitz,CloseCombat,PartingShot|Careful||M|||50|\n|inactive|Battle timer is ON: inactive players will automatically lose when time's up. (requested by shibikanon)\n|inactive|cardojtv has 60 seconds left.\n|inactive|cardojtv has 30 seconds left.\n|inactive|cardojtv has 20 seconds left.\n|inactive|cardojtv has 15 seconds left.\n|inactive|cardojtv has 10 seconds left.\n|\n|t:|1788233425\n|teamsize|p1|4\n|teamsize|p2|4\n|start\n|switch|p1a: Froslass|Froslass, L50, F|100/100\n|switch|p1b: Dragonite|Dragonite, L50, M|100/100\n|switch|p2a: Kingambit|Kingambit, L50, F|100/100\n|switch|p2b: Incineroar|Incineroar, L50, M|100/100\n|-ability|p2b: Incineroar|Intimidate|boost\n|-unboost|p1a: Froslass|atk|1\n|-fail|p1b: Dragonite|unboost|Attack|[from] ability: Inner Focus|[of] p1b: Dragonite\n|turn|1\n|c|☆cardojtv|mb\n|\n|t:|1788233447\n|detailschange|p1a: Froslass|Froslass-Mega, L50, F\n|-mega|p1a: Froslass|Froslass|Froslassite\n|-weather|Snowscape|[from] ability: Snow Warning|[of] p1a: Froslass\n|move|p1a: Froslass|Aurora Veil|p1a: Froslass\n|-sidestart|p1: shibikanon|move: Aurora Veil\n|move|p1b: Dragonite|Low Kick|p2a: Kingambit\n|-supereffective|p2a: Kingambit|2\n|-damage|p2a: Kingambit|0 fnt\n|faint|p2a: Kingambit\n|move|p2b: Incineroar|Parting Shot|p1b: Dragonite\n|-unboost|p1b: Dragonite|atk|1\n|-unboost|p1b: Dragonite|spa|1\n|\n|t:|1788233456\n|switch|p2b: Gengar|Gengar, L50, F|100/100|[from] Parting Shot\n|\n|-weather|Snowscape|[upkeep]\n|upkeep\n|\n|t:|1788233459\n|switch|p2a: Incineroar|Incineroar, L50, M|100/100\n|-ability|p2a: Incineroar|Intimidate|boost\n|-unboost|p1a: Froslass|atk|1\n|-fail|p1b: Dragonite|unboost|Attack|[from] ability: Inner Focus|[of] p1b: Dragonite\n|turn|2\n|\n|t:|1788233478\n|detailschange|p2b: Gengar|Gengar-Mega, L50, F\n|-mega|p2b: Gengar|Gengar|Gengarite\n|move|p1a: Froslass|Protect|p1a: Froslass\n|-singleturn|p1a: Froslass|Protect\n|move|p2b: Gengar|Shadow Ball|p1a: Froslass\n|-activate|p1a: Froslass|move: Protect\n|move|p1b: Dragonite|Dragon Claw|p2b: Gengar\n|-damage|p2b: Gengar|44/100\n|move|p2a: Incineroar|Flare Blitz|p1a: Froslass\n|-activate|p1a: Froslass|move: Protect\n|\n|-weather|Snowscape|[upkeep]\n|upkeep\n|turn|3\n|\n|t:|1788233497\n|switch|p1a: Blaziken|Blaziken, L50, M|100/100\n|move|p2b: Gengar|Shadow Ball|p1a: Blaziken\n|-damage|p1a: Blaziken|43/100\n|move|p1b: Dragonite|Dragon Claw|p2b: Gengar\n|-damage|p2b: Gengar|0 fnt\n|faint|p2b: Gengar\n|move|p2a: Incineroar|Flare Blitz|p1a: Blaziken\n|-resisted|p1a: Blaziken|1\n|-damage|p1a: Blaziken|19/100\n|-damage|p2a: Incineroar|93/100|[from] Recoil\n|\n|-weather|Snowscape|[upkeep]\n|upkeep\n|\n|t:|1788233505\n|switch|p2b: Garchomp|Garchomp, L50, M|100/100\n|turn|4\n|\n|t:|1788233515\n|move|p1a: Blaziken|Detect|p1a: Blaziken\n|-singleturn|p1a: Blaziken|Protect\n|move|p2b: Garchomp|Rock Slide|p1a: Blaziken|[spread] p1b\n|-activate|p1a: Blaziken|move: Protect\n|-supereffective|p1b: Dragonite|1\n|-damage|p1b: Dragonite|64/100\n|-damage|p2b: Garchomp|90/100|[from] item: Life Orb\n|move|p1b: Dragonite|Dragon Claw|p2b: Garchomp\n|-supereffective|p2b: Garchomp|1\n|-damage|p2b: Garchomp|24/100\n|-damage|p1b: Dragonite|52/100|[from] ability: Rough Skin|[of] p2b: Garchomp\n|move|p2a: Incineroar|Flare Blitz|p1a: Blaziken\n|-activate|p1a: Blaziken|move: Protect\n|\n|-weather|Snowscape|[upkeep]\n|-ability|p1a: Blaziken|Speed Boost|boost\n|-boost|p1a: Blaziken|spe|1\n|upkeep\n|turn|5\n|\n|t:|1788233532\n|move|p1b: Dragonite|Protect|p1b: Dragonite\n|-singleturn|p1b: Dragonite|Protect\n|move|p1a: Blaziken|Close Combat|p2a: Incineroar\n|-supereffective|p2a: Incineroar|1\n|-damage|p2a: Incineroar|0 fnt\n|-unboost|p1a: Blaziken|def|1\n|-unboost|p1a: Blaziken|spd|1\n|faint|p2a: Incineroar\n|move|p2b: Garchomp|Dragon Claw|p1b: Dragonite\n|-activate|p1b: Dragonite|move: Protect\n|\n|-weather|none\n|-sideend|p1: shibikanon|move: Aurora Veil\n|-ability|p1a: Blaziken|Speed Boost|boost\n|-boost|p1a: Blaziken|spe|1\n|upkeep\n|turn|6\n|\n|t:|1788233540\n|move|p1b: Dragonite|Extreme Speed|p2b: Garchomp\n|-damage|p2b: Garchomp|4/100\n|-damage|p1b: Dragonite|40/100|[from] ability: Rough Skin|[of] p2b: Garchomp\n|move|p1a: Blaziken|Close Combat|p2b: Garchomp\n|-damage|p2b: Garchomp|0 fnt\n|-unboost|p1a: Blaziken|def|1\n|-unboost|p1a: Blaziken|spd|1\n|-damage|p1a: Blaziken|7/100|[from] ability: Rough Skin|[of] p2b: Garchomp\n|faint|p2b: Garchomp\n|\n|win|shibikanon\n|raw|shibikanon's rating: 1118 &rarr; <strong>1141</strong><br />(+23 for winning)\n|raw|cardojtv's rating: 1095 &rarr; <strong>1072</strong><br />(-23 for losing)\n","uploadtime":1788233540,"views":"2","formatid":"gen9championsvgc2026regmbbo3","rating":1072,"private":0,"password":null}