{"id":"gen9championsvgc2026regmb-2674719912","format":"[Gen 9 Champions] VGC 2026 Reg M-B","players":["oversoul47","tfletche16"],"log":"|j|☆oversoul47\n|j|☆tfletche16\n|t:|1788395614\n|gametype|doubles\n|player|p1|oversoul47|hilbert|1060\n|player|p2|tfletche16|2|1020\n|gen|9\n|tier|[Gen 9 Champions] VGC 2026 Reg M-B\n|rated|\n|rule|Species Clause: Limit one of each Pokémon\n|rule|Item Clause: Limit 1 of each item\n|clearpoke\n|poke|p1|Charizard, L50, M|\n|poke|p1|Milotic, L50, M|\n|poke|p1|Garchomp, L50, M|\n|poke|p1|Incineroar, L50, F|\n|poke|p1|Venusaur, L50, F|\n|poke|p1|Mimikyu, L50, F|\n|poke|p2|Sinistcha, L50|\n|poke|p2|Kingambit, L50, F|\n|poke|p2|Ninetales-Alola, L50, F|\n|poke|p2|Blaziken, L50, F|\n|poke|p2|Staraptor, L50, F|\n|poke|p2|Archaludon, L50, M|\n|teampreview|4\n|\n|t:|1788395631\n|teamsize|p1|4\n|teamsize|p2|4\n|start\n|switch|p1a: Charizard|Charizard, L50, M|100/100\n|switch|p1b: Venusaur|Venusaur, L50, F|100/100\n|switch|p2a: Staraptor|Staraptor, L50, F|100/100\n|switch|p2b: Blaziken|Blaziken, L50, F|100/100\n|-ability|p2a: Staraptor|Intimidate|boost\n|-unboost|p1a: Charizard|atk|1\n|-unboost|p1b: Venusaur|atk|1\n|turn|1\n|\n|t:|1788395657\n|switch|p1b: Incineroar|Incineroar, L50, F|100/100\n|-ability|p1b: Incineroar|Intimidate|boost\n|-unboost|p2a: Staraptor|atk|1\n|-unboost|p2b: Blaziken|atk|1\n|detailschange|p1a: Charizard|Charizard-Mega-Y, L50, M\n|-mega|p1a: Charizard|Charizard|Charizardite Y\n|-weather|SunnyDay|[from] ability: Drought|[of] p1a: Charizard\n|move|p2a: Staraptor|Tailwind|p2a: Staraptor\n|-sidestart|p2: tfletche16|move: Tailwind\n|move|p2b: Blaziken|Flare Blitz|p1b: Incineroar\n|-resisted|p1b: Incineroar|1\n|-damage|p1b: Incineroar|70/100\n|-damage|p2b: Blaziken|87/100|[from] Recoil\n|move|p1a: Charizard|Heat Wave|p2b: Blaziken|[spread] p2b\n|-miss|p1a: Charizard|p2a: Staraptor\n|-resisted|p2b: Blaziken|1\n|-damage|p2b: Blaziken|43/100\n|\n|-weather|SunnyDay|[upkeep]\n|-ability|p2b: Blaziken|Speed Boost|boost\n|-boost|p2b: Blaziken|spe|1\n|upkeep\n|turn|2\n|\n|t:|1788395701\n|detailschange|p2a: Staraptor|Staraptor-Mega, L50, F\n|-mega|p2a: Staraptor|Staraptor|Staraptite\n|move|p2b: Blaziken|Detect|p2b: Blaziken\n|-singleturn|p2b: Blaziken|Protect\n|move|p1b: Incineroar|Fake Out|p2a: Staraptor\n|-damage|p2a: Staraptor|90/100\n|cant|p2a: Staraptor|flinch\n|move|p1a: Charizard|Heat Wave|p2a: Staraptor|[spread] p2a\n|-activate|p2b: Blaziken|move: Protect\n|-damage|p2a: Staraptor|25/100\n|\n|-weather|SunnyDay|[upkeep]\n|-ability|p2b: Blaziken|Speed Boost|boost\n|-boost|p2b: Blaziken|spe|1\n|upkeep\n|turn|3\n|\n|t:|1788395724\n|switch|p2b: Archaludon|Archaludon, L50, M|100/100\n|move|p2a: Staraptor|Close Combat|p1b: Incineroar\n|-supereffective|p1b: Incineroar|1\n|-enditem|p1b: Incineroar|Chople Berry|[eat]\n|-enditem|p1b: Incineroar|Chople Berry|[weaken]\n|-damage|p1b: Incineroar|31/100\n|-boost|p2a: Staraptor|def|1\n|-boost|p2a: Staraptor|spd|1\n|move|p1a: Charizard|Heat Wave|p2b: Archaludon|[spread] p2a,p2b\n|-damage|p2a: Staraptor|0 fnt\n|-damage|p2b: Archaludon|15/100\n|faint|p2a: Staraptor\n|move|p1b: Incineroar|Parting Shot|p2b: Archaludon\n|-unboost|p2b: Archaludon|atk|1\n|-unboost|p2b: Archaludon|spa|1\n|\n|t:|1788395739\n|switch|p1b: Venusaur|Venusaur, L50, F|100/100|[from] Parting Shot\n|\n|-weather|SunnyDay|[upkeep]\n|-heal|p2b: Archaludon|21/100|[from] item: Leftovers\n|upkeep\n|\n|t:|1788395747\n|switch|p2a: Blaziken|Blaziken, L50, F|43/100\n|turn|4\n|\n|t:|1788395767\n|move|p2b: Archaludon|Electro Shot||[still]\n|-prepare|p2b: Archaludon|Electro Shot\n|-boost|p2b: Archaludon|spa|1\n|move|p2a: Blaziken|Flare Blitz|p1b: Venusaur\n|-supereffective|p1b: Venusaur|1\n|-enditem|p1b: Venusaur|Focus Sash\n|-damage|p1b: Venusaur|1/100\n|-damage|p2a: Blaziken|10/100|[from] Recoil\n|move|p1b: Venusaur|Sleep Powder|p2a: Blaziken|[miss]\n|-miss|p1b: Venusaur|p2a: Blaziken\n|move|p1a: Charizard|Heat Wave|p2b: Archaludon|[spread] p2a,p2b\n|-resisted|p2a: Blaziken|1\n|-damage|p2a: Blaziken|0 fnt\n|-damage|p2b: Archaludon|0 fnt\n|faint|p2a: Blaziken\n|faint|p2b: Archaludon\n|\n|-weather|SunnyDay|[upkeep]\n|-sideend|p2: tfletche16|move: Tailwind\n|upkeep\n|\n|t:|1788395791\n|switch|p2a: Ninetales|Ninetales-Alola, L50, F|100/100\n|-weather|Snowscape|[from] ability: Snow Warning|[of] p2a: Ninetales\n|turn|5\n|\n|t:|1788395799\n|switch|p1a: Incineroar|Incineroar, L50, F|31/100\n|-ability|p1a: Incineroar|Intimidate|boost\n|-unboost|p2a: Ninetales|atk|1\n|move|p1b: Venusaur|Protect|p1b: Venusaur\n|-singleturn|p1b: Venusaur|Protect\n|move|p2a: Ninetales|Blizzard|p1a: Incineroar|[spread] p1a\n|-activate|p1b: Venusaur|move: Protect\n|-resisted|p1a: Incineroar|1\n|-damage|p1a: Incineroar|17/100\n|\n|-weather|Snowscape|[upkeep]\n|upkeep\n|turn|6\n|\n|t:|1788395816\n|switch|p1a: Charizard|Charizard-Mega-Y, L50, M|100/100\n|-weather|SunnyDay|[from] ability: Drought|[of] p1a: Charizard\n|move|p1b: Venusaur|Sludge Bomb|p2a: Ninetales\n|-supereffective|p2a: Ninetales|1\n|-damage|p2a: Ninetales|0 fnt\n|faint|p2a: Ninetales\n|\n|win|oversoul47\n|raw|oversoul47's rating: 1060 &rarr; <strong>1087</strong><br />(+27 for winning)\n|raw|tfletche16's rating: 1020 &rarr; <strong>1008</strong><br />(-12 for losing)\n|c|☆tfletche16|Gg\n|c|☆oversoul47|gg\n","uploadtime":1788395833,"views":"8","formatid":"gen9championsvgc2026regmb","rating":1008,"private":0,"password":null}