{"id":"gen9championsvgc2026regmb-2674676627","format":"[Gen 9 Champions] VGC 2026 Reg M-B","players":["korfle","KUTF1"],"log":"|j|☆korfle\n|j|☆KUTF1\n|t:|1788388970\n|gametype|doubles\n|player|p1|korfle|youngcouple|1129\n|player|p2|KUTF1|janine|1176\n|gen|9\n|tier|[Gen 9 Champions] VGC 2026 Reg M-B\n|rated|\n|rule|Species Clause: Limit one of each Pokémon\n|rule|Item Clause: Limit 1 of each item\n|clearpoke\n|poke|p1|Lucario, L50, M|\n|poke|p1|Crabominable, L50, M|\n|poke|p1|Sneasler, L50, F|\n|poke|p1|Tauros-Paldea-Aqua, L50, M|\n|poke|p1|Gallade, L50, M|\n|poke|p1|Heracross, L50, F|\n|poke|p2|Lopunny, L50, F|\n|poke|p2|Whimsicott, L50, M|\n|poke|p2|Lycanroc-Dusk, L50, M|\n|poke|p2|Clefable, L50, F|\n|poke|p2|Gholdengo, L50|\n|poke|p2|Farigiraf, L50, F|\n|teampreview|4\n|inactive|Battle timer is ON: inactive players will automatically lose when time's up. (requested by KUTF1)\n|\n|t:|1788388993\n|teamsize|p1|4\n|teamsize|p2|4\n|start\n|switch|p1a: Sneasler|Sneasler, L50, F|100/100\n|switch|p1b: Heracross|Heracross, L50, F|100/100\n|switch|p2a: Usagi|Lopunny, L50, F|100/100\n|switch|p2b: Whimsicott|Whimsicott, L50, M|100/100\n|turn|1\n|\n|t:|1788389011\n|move|p2b: Whimsicott|Protect|p2b: Whimsicott\n|-singleturn|p2b: Whimsicott|Protect\n|move|p2a: Usagi|Protect|p2a: Usagi\n|-singleturn|p2a: Usagi|Protect\n|move|p1b: Heracross|Feint|p2a: Usagi\n|-activate|p2a: Usagi|move: Feint\n|-damage|p2a: Usagi|84/100\n|move|p1a: Sneasler|Close Combat|p2a: Usagi\n|-supereffective|p2a: Usagi|1\n|-damage|p2a: Usagi|0 fnt\n|-unboost|p1a: Sneasler|def|1\n|-unboost|p1a: Sneasler|spd|1\n|faint|p2a: Usagi\n|\n|upkeep\n|\n|t:|1788389026\n|switch|p2a: Gholdengo|Gholdengo, L50|100/100\n|turn|2\n|\n|t:|1788389032\n|move|p2b: Whimsicott|Encore|p1a: Sneasler\n|-start|p1a: Sneasler|Encore\n|move|p1a: Sneasler|Close Combat|p2b: Whimsicott\n|-resisted|p2b: Whimsicott|1\n|-damage|p2b: Whimsicott|61/100\n|-unboost|p1a: Sneasler|def|1\n|-unboost|p1a: Sneasler|spd|1\n|move|p1b: Heracross|Throat Chop|p2a: Gholdengo\n|-supereffective|p2a: Gholdengo|1\n|-damage|p2a: Gholdengo|29/100\n|-start|p2a: Gholdengo|Throat Chop|[silent]\n|move|p2a: Gholdengo|Make It Rain|p1b: Heracross|[spread] p1a,p1b\n|-enditem|p1a: Sneasler|Focus Sash\n|-damage|p1a: Sneasler|1/100\n|-damage|p1b: Heracross|40/100\n|-unboost|p2a: Gholdengo|spa|2\n|\n|upkeep\n|turn|3\n|inactive|korfle has 30 seconds left.\n|inactive|korfle has 20 seconds left.\n|\n|t:|1788389072\n|move|p1b: Heracross|Feint|p2b: Whimsicott\n|-damage|p2b: Whimsicott|49/100\n|move|p1a: Sneasler|Close Combat|p2b: Whimsicott\n|-resisted|p2b: Whimsicott|1\n|-damage|p2b: Whimsicott|11/100\n|-unboost|p1a: Sneasler|def|1\n|-unboost|p1a: Sneasler|spd|1\n|move|p2b: Whimsicott|Moonblast|p1b: Heracross\n|-supereffective|p1b: Heracross|1\n|-damage|p1b: Heracross|0 fnt\n|faint|p1b: Heracross\n|move|p2a: Gholdengo|Make It Rain|p1a: Sneasler\n|-damage|p1a: Sneasler|0 fnt\n|-unboost|p2a: Gholdengo|spa|2\n|faint|p1a: Sneasler\n|\n|-end|p2a: Gholdengo|Throat Chop|[silent]\n|upkeep\n|\n|t:|1788389077\n|switch|p1a: Crabominable|Crabominable, L50, M|100/100\n|switch|p1b: Lucario|Lucario, L50, M|100/100\n|turn|4\n|\n|t:|1788389093\n|switch|p2a: Farigiraf|Farigiraf, L50, F|100/100\n|detailschange|p1a: Crabominable|Crabominable-Mega, L50, M\n|-mega|p1a: Crabominable|Crabominable|Crabominite\n|move|p2b: Whimsicott|Tailwind|p2b: Whimsicott\n|-sidestart|p2: KUTF1|move: Tailwind\n|move|p1b: Lucario|Dark Pulse|p2a: Farigiraf\n|-supereffective|p2a: Farigiraf|1\n|-enditem|p2a: Farigiraf|Colbur Berry|[eat]\n|-enditem|p2a: Farigiraf|Colbur Berry|[weaken]\n|-damage|p2a: Farigiraf|80/100\n|move|p1a: Crabominable|Drain Punch|p2b: Whimsicott\n|-resisted|p2b: Whimsicott|1\n|-damage|p2b: Whimsicott|0 fnt\n|faint|p2b: Whimsicott\n|\n|upkeep\n|\n|t:|1788389105\n|switch|p2b: Gholdengo|Gholdengo, L50|29/100\n|turn|5\n|\n|t:|1788389123\n|move|p1a: Crabominable|Protect|p1a: Crabominable\n|-singleturn|p1a: Crabominable|Protect\n|move|p2b: Gholdengo|Make It Rain|p1a: Crabominable|[spread] p1b\n|-activate|p1a: Crabominable|move: Protect\n|-resisted|p1b: Lucario|1\n|-damage|p1b: Lucario|65/100\n|-unboost|p2b: Gholdengo|spa|2\n|move|p1b: Lucario|Dark Pulse|p2b: Gholdengo\n|-supereffective|p2b: Gholdengo|1\n|-damage|p2b: Gholdengo|0 fnt\n|faint|p2b: Gholdengo\n|move|p2a: Farigiraf|Psychic|p1b: Lucario\n|-damage|p1b: Lucario|4/100\n|\n|upkeep\n|turn|6\n|\n|t:|1788389144\n|move|p1b: Lucario|Protect|p1b: Lucario\n|-singleturn|p1b: Lucario|Protect\n|move|p2a: Farigiraf|Hyper Voice|p1a: Crabominable|[spread] p1a\n|-activate|p1b: Lucario|move: Protect\n|-damage|p1a: Crabominable|80/100\n|move|p1a: Crabominable|Ice Punch|p2a: Farigiraf\n|-damage|p2a: Farigiraf|28/100\n|\n|upkeep\n|turn|7\n|\n|t:|1788389156\n|move|p1b: Lucario|Dark Pulse|p2a: Farigiraf\n|-supereffective|p2a: Farigiraf|1\n|-crit|p2a: Farigiraf\n|-damage|p2a: Farigiraf|0 fnt\n|faint|p2a: Farigiraf\n|\n|win|korfle\n|raw|korfle's rating: 1129 &rarr; <strong>1157</strong><br />(+28 for winning)\n|raw|KUTF1's rating: 1176 &rarr; <strong>1148</strong><br />(-28 for losing)\n","uploadtime":1788389157,"views":"0","formatid":"gen9championsvgc2026regmb","rating":1148,"private":0,"password":null}