{"id":"gen9championsvgc2026regmbbo3-2674870585","format":"[Gen 9 Champions] VGC 2026 Reg M-B (Bo3)","players":["kazo67","Pawah"],"log":"|j|☆kazo67\n|j|☆Pawah\n|html|<table width=\"100%\"><tr><td align=\"left\">kazo67</td><td align=\"right\">Pawah</tr><tr><td align=\"left\"><i class=\"fa fa-circle-o\"></i> <i class=\"fa fa-circle-o\"></i> </td><td align=\"right\"><i class=\"fa fa-circle-o\"></i> <i class=\"fa fa-circle-o\"></i> </tr></table>\n|uhtml|bestof|<h2><strong>Game 1</strong> of <a href=\"/game-bestof3-gen9championsvgc2026regmbbo3-2674870584\">a best-of-3</a></h2>\n|t:|1788425711\n|gametype|doubles\n|player|p1|kazo67|266|1214\n|player|p2|Pawah|ethan|1301\n|gen|9\n|tier|[Gen 9 Champions] VGC 2026 Reg M-B (Bo3)\n|rated|\n|rule|Species Clause: Limit one of each Pokémon\n|rule|Item Clause: Limit 1 of each item\n|clearpoke\n|poke|p1|Garchomp, L50, M|\n|poke|p1|Sneasler, L50, F|\n|poke|p1|Basculegion, L50, M|\n|poke|p1|Froslass, L50, F|\n|poke|p1|Kingambit, L50, F|\n|poke|p1|Dragonite, L50, F|\n|poke|p2|Staraptor, L50, M|\n|poke|p2|Milotic, L50, F|\n|poke|p2|Tyranitar, L50, M|\n|poke|p2|Gholdengo, L50|\n|poke|p2|Excadrill, L50, M|\n|poke|p2|Sinistcha, L50|\n|teampreview|4\n|showteam|p1|Garchomp||RoseliBerry|RoughSkin|Earthquake,PoisonJab,RockSlide,DragonClaw|Jolly||M|||50|]Sneasler||FocusSash|Unburden|DireClaw,CloseCombat,Feint,FakeOut|Jolly||F|||50|]Basculegion||LifeOrb|Adaptability|LastRespects,AquaJet,WaveCrash,Protect|Adamant||M|||50|]Froslass||Froslassite|CursedBody|Blizzard,ShadowBall,AuroraVeil,Protect|Modest||F|||50|]Kingambit||ChopleBerry|Defiant|KowtowCleave,SuckerPunch,LowKick,IronHead|Adamant||F|||50|]Dragonite||Dragoninite|Multiscale|HeatWave,DragonPulse,ExtremeSpeed,Protect|Modest||F|||50|\n|showteam|p2|Staraptor||Staraptite|Intimidate|BraveBird,CloseCombat,Tailwind,Protect|Jolly||M|||50|]Milotic||SitrusBerry|Competitive|Scald,IceBeam,IcyWind,Recover|Modest||F|||50|]Tyranitar||Tyranitarite|SandStream|RockSlide,KnockOff,LowKick,Protect|Adamant||M|||50|]Gholdengo||LifeOrb|GoodasGold|ShadowBall,MakeItRain,NastyPlot,Protect|Modest|||||50|]Excadrill||FocusSash|SandRush|HighHorsepower,IronHead,RockSlide,Protect|Adamant||M|||50|]Sinistcha||ColburBerry|Hospitality|MatchaGotcha,RagePowder,TrickRoom,Protect|Bold|||||50|\n|inactive|Battle timer is ON: inactive players will automatically lose when time's up. (requested by Pawah)\n|inactive|kazo67 has 60 seconds left.\n|inactive|Pawah has 60 seconds left.\n|\n|t:|1788425771\n|teamsize|p1|4\n|teamsize|p2|4\n|start\n|switch|p1a: Sneasler|Sneasler, L50, F|100/100\n|switch|p1b: Froslass|Froslass, L50, F|100/100\n|switch|p2a: Gholdengo|Gholdengo, L50|100/100\n|switch|p2b: Excadrill|Excadrill, L50, M|100/100\n|turn|1\n|inactive|kazo67 has 30 seconds left.\n|\n|t:|1788425801\n|switch|p2b: Sinistcha|Sinistcha, L50|100/100\n|detailschange|p1b: Froslass|Froslass-Mega, L50, F\n|-mega|p1b: Froslass|Froslass|Froslassite\n|-weather|Snowscape|[from] ability: Snow Warning|[of] p1b: Froslass\n|move|p1a: Sneasler|Fake Out|p2b: Sinistcha\n|-immune|p2b: Sinistcha\n|move|p1b: Froslass|Shadow Ball|p2a: Gholdengo\n|-supereffective|p2a: Gholdengo|1\n|-damage|p2a: Gholdengo|0 fnt\n|faint|p2a: Gholdengo\n|\n|-weather|Snowscape|[upkeep]\n|upkeep\n|\n|t:|1788425815\n|switch|p2a: Excadrill|Excadrill, L50, M|100/100\n|turn|2\n|\n|t:|1788425832\n|switch|p2b: Tyranitar|Tyranitar, L50, M|100/100\n|-weather|Sandstorm|[from] ability: Sand Stream|[of] p2b: Tyranitar\n|move|p1a: Sneasler|Feint|p2a: Excadrill\n|-resisted|p2a: Excadrill|1\n|-damage|p2a: Excadrill|92/100\n|move|p2a: Excadrill|Rock Slide|p1a: Sneasler|[spread] p1a,p1b\n|-resisted|p1a: Sneasler|1\n|-crit|p1a: Sneasler\n|-supereffective|p1b: Froslass|1\n|-damage|p1a: Sneasler|74/100\n|-damage|p1b: Froslass|29/100\n|cant|p1b: Froslass|flinch\n|\n|-weather|Sandstorm|[upkeep]\n|-damage|p1a: Sneasler|68/100|[from] Sandstorm\n|-damage|p1b: Froslass|24/100|[from] Sandstorm\n|upkeep\n|turn|3\n|\n|t:|1788425855\n|switch|p1b: Kingambit|Kingambit, L50, F|100/100\n|move|p2a: Excadrill|High Horsepower|p1a: Sneasler\n|-supereffective|p1a: Sneasler|1\n|-damage|p1a: Sneasler|0 fnt\n|faint|p1a: Sneasler\n|move|p2b: Tyranitar|Knock Off|p1b: Kingambit\n|-resisted|p1b: Kingambit|1\n|-damage|p1b: Kingambit|80/100\n|-enditem|p1b: Kingambit|Chople Berry|[from] move: Knock Off|[of] p2b: Tyranitar\n|\n|-weather|Sandstorm|[upkeep]\n|upkeep\n|\n|t:|1788425868\n|switch|p1a: Froslass|Froslass-Mega, L50, F|24/100\n|-weather|Snowscape|[from] ability: Snow Warning|[of] p1a: Froslass\n|turn|4\n|inactive|kazo67 has 30 seconds left.\n|\n|t:|1788425900\n|detailschange|p2b: Tyranitar|Tyranitar-Mega, L50, M\n|-mega|p2b: Tyranitar|Tyranitar|Tyranitarite\n|-weather|Sandstorm|[from] ability: Sand Stream|[of] p2b: Tyranitar\n|move|p2a: Excadrill|Iron Head|p1a: Froslass\n|-supereffective|p1a: Froslass|1\n|-damage|p1a: Froslass|0 fnt\n|faint|p1a: Froslass\n|move|p2b: Tyranitar|Low Kick|p1b: Kingambit\n|-supereffective|p1b: Kingambit|2\n|-damage|p1b: Kingambit|0 fnt\n|faint|p1b: Kingambit\n|\n|-weather|Sandstorm|[upkeep]\n|upkeep\n|\n|t:|1788425913\n|switch|p1a: Basculegion|Basculegion, L50, M|100/100\n|turn|5\n|\n|t:|1788425919\n|switch|p2b: Sinistcha|Sinistcha, L50|100/100\n|-heal|p2a: Excadrill|100/100|[from] ability: Hospitality|[of] p2b: Sinistcha\n|move|p1a: Basculegion|Aqua Jet|p2a: Excadrill\n|-supereffective|p2a: Excadrill|1\n|-damage|p2a: Excadrill|1/100\n|-damage|p1a: Basculegion|90/100|[from] item: Life Orb\n|move|p2a: Excadrill|High Horsepower|p1a: Basculegion\n|-damage|p1a: Basculegion|21/100\n|\n|-weather|Sandstorm|[upkeep]\n|-damage|p1a: Basculegion|15/100|[from] Sandstorm\n|-damage|p2b: Sinistcha|93/100|[from] Sandstorm\n|upkeep\n|turn|6\n|inactive|kazo67 has 30 seconds left.\n|\n|t:|1788425953\n|move|p2b: Sinistcha|Rage Powder|p2b: Sinistcha\n|-singleturn|p2b: Sinistcha|move: Rage Powder\n|move|p2a: Excadrill|Iron Head|p1a: Basculegion\n|-resisted|p1a: Basculegion|1\n|-damage|p1a: Basculegion|0 fnt\n|faint|p1a: Basculegion\n|\n|win|Pawah\n","uploadtime":1788425953,"views":"3","formatid":"gen9championsvgc2026regmbbo3","rating":null,"private":0,"password":null}