{"id":"gen9championsvgc2026regmb-2673865360","format":"[Gen 9 Champions] VGC 2026 Reg M-B","players":["Troubleman Bill","rmalhada"],"log":"|j|☆Troubleman Bill\n|j|☆rmalhada\n|t:|1788270432\n|gametype|doubles\n|player|p1|Troubleman Bill|clerk|1412\n|player|p2|rmalhada|blue|1485\n|gen|9\n|tier|[Gen 9 Champions] VGC 2026 Reg M-B\n|rated|\n|rule|Species Clause: Limit one of each Pokémon\n|rule|Item Clause: Limit 1 of each item\n|clearpoke\n|poke|p1|Swampert, L50, F|\n|poke|p1|Altaria, L50, F|\n|poke|p1|Gengar, L50, M|\n|poke|p1|Incineroar, L50, F|\n|poke|p1|Pelipper, L50, F|\n|poke|p1|Archaludon, L50, M|\n|poke|p2|Froslass, L50, F|\n|poke|p2|Scovillain, L50, M|\n|poke|p2|Kingambit, L50, M|\n|poke|p2|Basculegion, L50, M|\n|poke|p2|Sneasler, L50, M|\n|poke|p2|Lycanroc-Dusk, L50, F|\n|teampreview|4\n|inactive|Battle timer is ON: inactive players will automatically lose when time's up. (requested by Troubleman Bill)\n|\n|t:|1788270531\n|teamsize|p1|4\n|teamsize|p2|4\n|start\n|switch|p1a: Gengar|Gengar, L50, M|100/100\n|switch|p1b: Altaria|Altaria, L50, F|100/100\n|switch|p2a: Froslass|Froslass, L50, F|100/100\n|switch|p2b: Kingambit|Kingambit, L50, M|100/100\n|-ability|p1b: Altaria|Cloud Nine\n|turn|1\n|\n|t:|1788270547\n|detailschange|p1a: Gengar|Gengar-Mega, L50, M\n|-mega|p1a: Gengar|Gengar|Gengarite\n|move|p2a: Froslass|Protect|p2a: Froslass\n|-singleturn|p2a: Froslass|Protect\n|move|p1a: Gengar|Shadow Ball|p2a: Froslass\n|-activate|p2a: Froslass|move: Protect\n|move|p1b: Altaria|Will-O-Wisp|p2b: Kingambit\n|-status|p2b: Kingambit|brn\n|move|p2b: Kingambit|Swords Dance|p2b: Kingambit\n|-boost|p2b: Kingambit|atk|2\n|\n|-damage|p2b: Kingambit|94/100 brn|[from] brn\n|upkeep\n|turn|2\n|inactive|rmalhada has 30 seconds left.\n|\n|t:|1788270574\n|switch|p1a: Archaludon|Archaludon, L50, M|100/100\n|detailschange|p2a: Froslass|Froslass-Mega, L50, F\n|-mega|p2a: Froslass|Froslass|Froslassite\n|-weather|Snowscape|[from] ability: Snow Warning|[of] p2a: Froslass\n|move|p2b: Kingambit|Sucker Punch||[still]\n|-fail|p2b: Kingambit\n|move|p2a: Froslass|Aurora Veil||[still]\n|-fail|p2a: Froslass\n|move|p1b: Altaria|Perish Song|p1b: Altaria\n|-start|p1a: Archaludon|perish3|[silent]\n|-start|p1b: Altaria|perish3|[silent]\n|-start|p2a: Froslass|perish3|[silent]\n|-start|p2b: Kingambit|perish3|[silent]\n|-fieldactivate|move: Perish Song\n|\n|-weather|Snowscape|[upkeep]\n|-damage|p2b: Kingambit|88/100 brn|[from] brn\n|-start|p2a: Froslass|perish3\n|-start|p1a: Archaludon|perish3\n|-start|p1b: Altaria|perish3\n|-start|p2b: Kingambit|perish3\n|upkeep\n|turn|3\n|inactive|Troubleman Bill has 30 seconds left.\n|inactive|Troubleman Bill has 20 seconds left.\n|inactive|rmalhada has 30 seconds left.\n|\n|t:|1788270624\n|switch|p2a: Lycanroc|Lycanroc-Dusk, L50, F|100/100\n|switch|p1b: Incineroar|Incineroar, L50, F|100/100\n|-ability|p1b: Incineroar|Intimidate|boost\n|-unboost|p2a: Lycanroc|atk|1\n|-unboost|p2b: Kingambit|atk|1\n|-ability|p2b: Kingambit|Defiant|boost\n|-boost|p2b: Kingambit|atk|2\n|switch|p2b: Basculegion|Basculegion, L50, M|100/100\n|move|p1a: Archaludon|Flash Cannon|p2a: Lycanroc\n|-supereffective|p2a: Lycanroc|1\n|-enditem|p2a: Lycanroc|Focus Sash\n|-damage|p2a: Lycanroc|1/100\n|-unboost|p2a: Lycanroc|spd|1\n|\n|-weather|Snowscape|[upkeep]\n|-start|p1a: Archaludon|perish2\n|upkeep\n|turn|4\n|inactive|Troubleman Bill has 30 seconds left.\n|inactive|Troubleman Bill has 20 seconds left.\n|inactive|Troubleman Bill has 15 seconds left.\n|inactive|Troubleman Bill has 10 seconds left.\n|\n|t:|1788270673\n|switch|p1a: Altaria|Altaria, L50, F|100/100\n|-ability|p1a: Altaria|Cloud Nine\n|move|p2a: Lycanroc|Close Combat|p1a: Altaria\n|-resisted|p1a: Altaria|1\n|-damage|p1a: Altaria|85/100\n|-unboost|p2a: Lycanroc|def|1\n|-unboost|p2a: Lycanroc|spd|1\n|move|p2b: Basculegion|Wave Crash|p1b: Incineroar\n|-supereffective|p1b: Incineroar|1\n|-damage|p1b: Incineroar|0 fnt\n|faint|p1b: Incineroar\n|-damage|p2b: Basculegion|68/100|[from] Recoil\n|-damage|p2b: Basculegion|59/100|[from] item: Life Orb\n|\n|-weather|Snowscape|[upkeep]\n|upkeep\n|\n|t:|1788270696\n|switch|p1b: Archaludon|Archaludon, L50, M|100/100\n|turn|5\n|inactive|Troubleman Bill has 30 seconds left.\n|inactive|rmalhada has 30 seconds left.\n|inactive|Troubleman Bill has 20 seconds left.\n|inactive|rmalhada has 20 seconds left.\n|inactive|Troubleman Bill has 15 seconds left.\n|inactive|rmalhada has 15 seconds left.\n|inactive|Troubleman Bill has 10 seconds left.\n|inactive|Troubleman Bill has 5 seconds left.\n|inactive|rmalhada has 10 seconds left.\n|\n|t:|1788270754\n|switch|p2a: Kingambit|Kingambit, L50, M|88/100 brn\n|move|p2b: Basculegion|Protect|p2b: Basculegion\n|-singleturn|p2b: Basculegion|Protect\n|move|p1b: Archaludon|Flash Cannon|p2a: Kingambit\n|-resisted|p2a: Kingambit|1\n|-damage|p2a: Kingambit|71/100 brn\n|move|p1a: Altaria|Will-O-Wisp|p2b: Basculegion\n|-activate|p2b: Basculegion|move: Protect\n|\n|-weather|Snowscape|[upkeep]\n|-damage|p2a: Kingambit|66/100 brn|[from] brn\n|upkeep\n|turn|6\n|inactive|rmalhada has 30 seconds left.\n|inactive|Troubleman Bill has 30 seconds left.\n|inactive|Troubleman Bill has 20 seconds left.\n|\n|t:|1788270794\n|move|p1b: Archaludon|Dragon Pulse|p2b: Basculegion\n|-damage|p2b: Basculegion|19/100\n|move|p2b: Basculegion|Last Respects|p1a: Altaria\n|-damage|p1a: Altaria|43/100\n|-damage|p2b: Basculegion|9/100|[from] item: Life Orb\n|move|p1a: Altaria|Perish Song|p1a: Altaria\n|-start|p1a: Altaria|perish3|[silent]\n|-start|p1b: Archaludon|perish3|[silent]\n|-start|p2a: Kingambit|perish3|[silent]\n|-start|p2b: Basculegion|perish3|[silent]\n|-fieldactivate|move: Perish Song\n|move|p2a: Kingambit|Swords Dance|p2a: Kingambit\n|-boost|p2a: Kingambit|atk|2\n|\n|-weather|none\n|-damage|p2a: Kingambit|60/100 brn|[from] brn\n|-start|p1b: Archaludon|perish3\n|-start|p2b: Basculegion|perish3\n|-start|p1a: Altaria|perish3\n|-start|p2a: Kingambit|perish3\n|upkeep\n|turn|7\n|inactive|rmalhada has 30 seconds left.\n|\n|t:|1788270828\n|move|p1b: Archaludon|Flash Cannon|p2b: Basculegion\n|-resisted|p2b: Basculegion|1\n|-damage|p2b: Basculegion|0 fnt\n|faint|p2b: Basculegion\n|move|p1a: Altaria|Roost|p1a: Altaria\n|-heal|p1a: Altaria|93/100\n|-singleturn|p1a: Altaria|move: Roost\n|move|p2a: Kingambit|Swords Dance|p2a: Kingambit\n|-boost|p2a: Kingambit|atk|2\n|\n|-damage|p2a: Kingambit|54/100 brn|[from] brn\n|-start|p1b: Archaludon|perish2\n|-start|p1a: Altaria|perish2\n|-start|p2a: Kingambit|perish2\n|upkeep\n|\n|t:|1788270843\n|switch|p2b: Lycanroc|Lycanroc-Dusk, L50, F|1/100\n|turn|8\n|\n|t:|1788270862\n|switch|p1b: Gengar|Gengar-Mega, L50, M|100/100\n|move|p2b: Lycanroc|Protect|p2b: Lycanroc\n|-singleturn|p2b: Lycanroc|Protect\n|move|p2a: Kingambit|Sucker Punch||[still]\n|-fail|p2a: Kingambit\n|move|p1a: Altaria|Perish Song|p1a: Altaria\n|-start|p1b: Gengar|perish3|[silent]\n|-start|p2b: Lycanroc|perish3|[silent]\n|-fieldactivate|move: Perish Song\n|\n|-damage|p2a: Kingambit|48/100 brn|[from] brn\n|-start|p1b: Gengar|perish3\n|-start|p2b: Lycanroc|perish3\n|-start|p1a: Altaria|perish1\n|-start|p2a: Kingambit|perish1\n|upkeep\n|turn|9\n|\n|t:|1788270887\n|switch|p1a: Archaludon|Archaludon, L50, M|100/100\n|move|p1b: Gengar|Protect|p1b: Gengar\n|-singleturn|p1b: Gengar|Protect\n|move|p2b: Lycanroc|Rock Slide|p1a: Archaludon|[spread] p1a\n|-activate|p1b: Gengar|move: Protect\n|-resisted|p1a: Archaludon|1\n|-damage|p1a: Archaludon|89/100\n|-ability|p1a: Archaludon|Stamina|boost\n|-boost|p1a: Archaludon|def|1\n|move|p2a: Kingambit|Kowtow Cleave|p1b: Gengar\n|-activate|p1b: Gengar|move: Protect\n|\n|-heal|p1a: Archaludon|95/100|[from] item: Leftovers\n|-damage|p2a: Kingambit|42/100 brn|[from] brn\n|-start|p1b: Gengar|perish2\n|-start|p2b: Lycanroc|perish2\n|-start|p2a: Kingambit|perish0\n|faint|p2a: Kingambit\n|upkeep\n|\n|t:|1788270905\n|switch|p2a: Froslass|Froslass-Mega, L50, F|100/100\n|-weather|Snowscape|[from] ability: Snow Warning|[of] p2a: Froslass\n|turn|10\n|inactive|Troubleman Bill has 30 seconds left.\n|inactive|Troubleman Bill has 20 seconds left.\n|\n|t:|1788270942\n|move|p2b: Lycanroc|Accelerock|p1b: Gengar\n|-damage|p1b: Gengar|64/100\n|move|p1b: Gengar|Shadow Ball|p2a: Froslass\n|-supereffective|p2a: Froslass|1\n|-damage|p2a: Froslass|11/100\n|move|p2a: Froslass|Shadow Ball|p1b: Gengar\n|-supereffective|p1b: Gengar|1\n|-damage|p1b: Gengar|0 fnt\n|faint|p1b: Gengar\n|move|p1a: Archaludon|Flash Cannon|p2b: Lycanroc\n|-supereffective|p2b: Lycanroc|1\n|-damage|p2b: Lycanroc|0 fnt\n|faint|p2b: Lycanroc\n|\n|-weather|Snowscape|[upkeep]\n|-heal|p1a: Archaludon|100/100|[from] item: Leftovers\n|upkeep\n|\n|t:|1788270952\n|switch|p1b: Altaria|Altaria, L50, F|93/100\n|-ability|p1b: Altaria|Cloud Nine\n|turn|11\n|\n|t:|1788270963\n|move|p2a: Froslass|Blizzard|p1a: Archaludon|[spread] p1a\n|-miss|p2a: Froslass|p1b: Altaria\n|-damage|p1a: Archaludon|60/100\n|-ability|p1a: Archaludon|Stamina|boost\n|-boost|p1a: Archaludon|def|1\n|move|p1a: Archaludon|Flash Cannon|p2a: Froslass\n|-supereffective|p2a: Froslass|1\n|-damage|p2a: Froslass|0 fnt\n|faint|p2a: Froslass\n|\n|win|Troubleman Bill\n|raw|Troubleman Bill's rating: 1412 &rarr; <strong>1436</strong><br />(+24 for winning)\n|raw|rmalhada's rating: 1485 &rarr; <strong>1461</strong><br />(-24 for losing)\n|l|☆Troubleman Bill\n|player|p1|\n","uploadtime":1788271127,"views":"4","formatid":"gen9championsvgc2026regmb","rating":1436,"private":0,"password":null}