{"id":"gen9championsvgc2026regmbbo3-2674003010","format":"[Gen 9 Champions] VGC 2026 Reg M-B (Bo3)","players":["DINOLONK","busterbunner"],"log":"|j|☆DINOLONK\n|j|☆busterbunner\n|html|<table width=\"100%\"><tr><td align=\"left\">DINOLONK</td><td align=\"right\">busterbunner</tr><tr><td align=\"left\"><i class=\"fa fa-circle-o\"></i> <i class=\"fa fa-circle-o\"></i> </td><td align=\"right\"><i class=\"fa fa-circle-o\"></i> <i class=\"fa fa-circle\"></i> </tr></table>\n|uhtml|bestof|<h2><strong>Game 2</strong> of <a href=\"/game-bestof3-gen9championsvgc2026regmbbo3-2674001489\">a best-of-3</a></h2>\n|t:|1788287003\n|gametype|doubles\n|player|p1|DINOLONK|parasollady-gen4|1326\n|player|p2|busterbunner|2|1286\n|gen|9\n|tier|[Gen 9 Champions] VGC 2026 Reg M-B (Bo3)\n|rated|\n|rule|Species Clause: Limit one of each Pokémon\n|rule|Item Clause: Limit 1 of each item\n|clearpoke\n|poke|p1|Dragonite, L50, M|\n|poke|p1|Sneasler, L50, M|\n|poke|p1|Kingambit, L50, F|\n|poke|p1|Basculegion, L50, M|\n|poke|p1|Whimsicott, L50, M|\n|poke|p1|Floette-Eternal, L50, F|\n|poke|p2|Metagross, L50|\n|poke|p2|Whimsicott, L50, M|\n|poke|p2|Garchomp, L50, F|\n|poke|p2|Raichu, L50, F|\n|poke|p2|Kingambit, L50, M|\n|poke|p2|Sinistcha, L50|\n|teampreview|4\n|showteam|p1|Dragonite||Dragoninite|InnerFocus|DragonPulse,HeatWave,Thunderbolt,Protect|Modest||M|||50|]Sneasler||WhiteHerb|Unburden|DireClaw,CloseCombat,RockSlide,FakeOut|Jolly||M|||50|]Kingambit||ChopleBerry|Defiant|KowtowCleave,SuckerPunch,LowKick,IronHead|Adamant||F|||50|]Basculegion||LifeOrb|Adaptability|WaveCrash,LastRespects,AquaJet,Protect|Adamant||M|||50|]Whimsicott||FocusSash|Prankster|Moonblast,Tailwind,Encore,Protect|Timid||M|||50|]Floette-Eternal||Floettite|FlowerVeil|Moonblast,DazzlingGleam,LightofRuin,Protect|Timid||F|||50|\n|showteam|p2|Metagross||Metagrossite|ClearBody|IronHead,IcePunch,Protect,PsychicFangs|Jolly|||||50|]Whimsicott||FocusSash|Prankster|Moonblast,Tailwind,Encore,Protect|Timid||M|||50|]Garchomp||LifeOrb|RoughSkin|DragonClaw,RockSlide,StompingTantrum,Protect|Jolly||F|||50|]Raichu||RaichuniteY|Static|FakeOut,FocusBlast,ZapCannon,Protect|Timid||F|||50|]Kingambit||BlackGlasses|Defiant|KowtowCleave,SuckerPunch,LowKick,Protect|Adamant||M|||50|]Sinistcha||SitrusBerry|Hospitality|RagePowder,MatchaGotcha,ShadowBall,Protect|Bold|||||50|\n|inactive|Battle timer is ON: inactive players will automatically lose when time's up. (requested by busterbunner)\n|inactive|DINOLONK also wants the timer to be on.\n|\n|t:|1788287012\n|teamsize|p1|4\n|teamsize|p2|4\n|start\n|switch|p1a: Dragonite|Dragonite, L50, M|100/100\n|switch|p1b: Sneasler|Sneasler, L50, M|100/100\n|switch|p2a: Sinistcha|Sinistcha, L50|100/100\n|switch|p2b: Whimsicott|Whimsicott, L50, M|100/100\n|turn|1\n|\n|t:|1788287029\n|detailschange|p1a: Dragonite|Dragonite-Mega, L50, M\n|-mega|p1a: Dragonite|Dragonite|Dragoninite\n|move|p2a: Sinistcha|Protect|p2a: Sinistcha\n|-singleturn|p2a: Sinistcha|Protect\n|move|p2b: Whimsicott|Moonblast|p1a: Dragonite\n|-supereffective|p1a: Dragonite|1\n|-damage|p1a: Dragonite|70/100\n|move|p1b: Sneasler|Dire Claw|p2b: Whimsicott\n|-supereffective|p2b: Whimsicott|2\n|-enditem|p2b: Whimsicott|Focus Sash\n|-damage|p2b: Whimsicott|1/100\n|move|p1a: Dragonite|Heat Wave|p2b: Whimsicott|[spread] p2b\n|-activate|p2a: Sinistcha|move: Protect\n|-supereffective|p2b: Whimsicott|1\n|-damage|p2b: Whimsicott|0 fnt\n|faint|p2b: Whimsicott\n|\n|upkeep\n|\n|t:|1788287040\n|switch|p2b: Raichu|Raichu, L50, F|100/100\n|turn|2\n|\n|t:|1788287051\n|detailschange|p2b: Raichu|Raichu-Mega-Y, L50, F\n|-mega|p2b: Raichu|Raichu|Raichunite Y\n|move|p2a: Sinistcha|Rage Powder|p2a: Sinistcha\n|-singleturn|p2a: Sinistcha|move: Rage Powder\n|move|p2b: Raichu|Zap Cannon|p1a: Dragonite\n|-damage|p1a: Dragonite|13/100\n|-status|p1a: Dragonite|par\n|move|p1b: Sneasler|Dire Claw|p2a: Sinistcha\n|-damage|p2a: Sinistcha|69/100\n|move|p1a: Dragonite|Heat Wave|p2a: Sinistcha|[spread] p2a,p2b\n|-supereffective|p2a: Sinistcha|1\n|-damage|p2a: Sinistcha|12/100\n|-damage|p2b: Raichu|61/100\n|-enditem|p2a: Sinistcha|Sitrus Berry|[eat]\n|-heal|p2a: Sinistcha|37/100|[from] item: Sitrus Berry\n|\n|upkeep\n|turn|3\n|inactive|busterbunner has 30 seconds left.\n|\n|t:|1788287080\n|move|p2a: Sinistcha|Rage Powder|p2a: Sinistcha\n|-singleturn|p2a: Sinistcha|move: Rage Powder\n|move|p2b: Raichu|Zap Cannon|p1b: Sneasler\n|-damage|p1b: Sneasler|28/100\n|-status|p1b: Sneasler|par\n|move|p1b: Sneasler|Dire Claw|p2a: Sinistcha\n|-damage|p2a: Sinistcha|7/100\n|move|p1a: Dragonite|Heat Wave|p2b: Raichu|[spread] p2a,p2b\n|-supereffective|p2a: Sinistcha|1\n|-damage|p2a: Sinistcha|0 fnt\n|-damage|p2b: Raichu|17/100\n|faint|p2a: Sinistcha\n|\n|upkeep\n|\n|t:|1788287082\n|switch|p2a: Kingambit|Kingambit, L50, M|100/100\n|turn|4\n|\n|t:|1788287100\n|switch|p1b: Whimsicott|Whimsicott, L50, M|100/100\n|move|p2b: Raichu|Zap Cannon|p1b: Whimsicott\n|-resisted|p1b: Whimsicott|1\n|-damage|p1b: Whimsicott|47/100\n|-status|p1b: Whimsicott|par\n|move|p2a: Kingambit|Kowtow Cleave|p1a: Dragonite\n|-damage|p1a: Dragonite|0 fnt\n|faint|p1a: Dragonite\n|\n|upkeep\n|\n|t:|1788287102\n|switch|p1a: Sneasler|Sneasler, L50, M|28/100 par\n|turn|5\n|\n|t:|1788287120\n|move|p1a: Sneasler|Fake Out|p2a: Kingambit\n|-resisted|p2a: Kingambit|1\n|-damage|p2a: Kingambit|94/100\n|move|p1b: Whimsicott|Tailwind|p1b: Whimsicott\n|-sidestart|p1: DINOLONK|move: Tailwind\n|cant|p2a: Kingambit|flinch\n|move|p2b: Raichu|Zap Cannon|p1b: Whimsicott\n|-resisted|p1b: Whimsicott|1\n|-damage|p1b: Whimsicott|0 fnt\n|faint|p1b: Whimsicott\n|\n|upkeep\n|\n|t:|1788287122\n|switch|p1b: Kingambit|Kingambit, L50, F|100/100\n|turn|6\n|\n|t:|1788287141\n|move|p1b: Kingambit|Sucker Punch|p2b: Raichu\n|-damage|p2b: Raichu|0 fnt\n|faint|p2b: Raichu\n|move|p2a: Kingambit|Sucker Punch|p1a: Sneasler\n|-resisted|p1a: Sneasler|1\n|-damage|p1a: Sneasler|0 fnt\n|faint|p1a: Sneasler\n|\n|upkeep\n|turn|7\n|\n|t:|1788287148\n|move|p2a: Kingambit|Protect|p2a: Kingambit\n|-singleturn|p2a: Kingambit|Protect\n|move|p1b: Kingambit|Low Kick|p2a: Kingambit\n|-activate|p2a: Kingambit|move: Protect\n|\n|upkeep\n|turn|8\n|\n|t:|1788287155\n|move|p2a: Kingambit|Protect|p2a: Kingambit\n|-singleturn|p2a: Kingambit|Protect\n|move|p1b: Kingambit|Low Kick|p2a: Kingambit\n|-activate|p2a: Kingambit|move: Protect\n|\n|-sideend|p1: DINOLONK|move: Tailwind\n|upkeep\n|turn|9\n|\n|t:|1788287160\n|move|p1b: Kingambit|Low Kick|p2a: Kingambit\n|-supereffective|p2a: Kingambit|2\n|-damage|p2a: Kingambit|0 fnt\n|faint|p2a: Kingambit\n|\n|win|DINOLONK\n","uploadtime":1788287160,"views":"0","formatid":"gen9championsvgc2026regmbbo3","rating":null,"private":0,"password":null}