{"id":"gen9championsvgc2026regmb-2674195456","format":"[Gen 9 Champions] VGC 2026 Reg M-B","players":["PKMNSGaming!","Donjozo"],"log":"|j|☆PKMNSGaming!\n|j|☆Donjozo\n|html|<table width=\"100%\"><tr><td align=\"left\">PKMNSGaming!</td><td align=\"right\">Donjozo</tr><tr><td align=\"left\"><i class=\"fa fa-circle\"></i> <i class=\"fa fa-circle-o\"></i> </td><td align=\"right\"><i class=\"fa fa-circle-o\"></i> <i class=\"fa fa-circle\"></i> </tr></table>\n|uhtml|bestof|<h2><strong>Game 3</strong> of <a href=\"/game-bestof3-gen9championsvgc2026regmb-2674192778\">a best-of-3</a></h2>\n|t:|1788313641\n|gametype|doubles\n|player|p1|PKMNSGaming!|hilda|\n|player|p2|Donjozo|guzma|\n|gen|9\n|tier|[Gen 9 Champions] VGC 2026 Reg M-B\n|rule|Species Clause: Limit one of each Pokémon\n|rule|Item Clause: Limit 1 of each item\n|raw|<div class=\"infobox\"><details class=\"readmore\" open><summary><strong>2 custom rules:</strong></summary> Best of = 3, !OpenTeamSheets</details></div>\n|clearpoke\n|poke|p1|Aerodactyl, L50, F|\n|poke|p1|Milotic, L50, F|\n|poke|p1|Clefable, L50, M|\n|poke|p1|Floette-Eternal, L50, F|\n|poke|p1|Kangaskhan, L50, F|\n|poke|p1|Krookodile, L50, M|\n|poke|p2|Charizard, L50, M|\n|poke|p2|Aerodactyl, L50, F|\n|poke|p2|Sableye, L50, F|\n|poke|p2|Venusaur, L50, F|\n|poke|p2|Alakazam, L50, M|\n|poke|p2|Oranguru, L50, M|\n|teampreview|4\n|\n|t:|1788313686\n|teamsize|p1|4\n|teamsize|p2|4\n|start\n|switch|p1a: Kangaskhan|Kangaskhan, L50, F|100/100\n|switch|p1b: Floette|Floette-Eternal, L50, F|100/100\n|switch|p2a: Venusaur|Venusaur, L50, F|100/100\n|switch|p2b: Charizard|Charizard, L50, M|100/100\n|turn|1\n|\n|t:|1788313717\n|switch|p2a: Sableye|Sableye, L50, F|100/100\n|detailschange|p2b: Charizard|Charizard-Mega-Y, L50, M\n|-mega|p2b: Charizard|Charizard|Charizardite Y\n|-weather|SunnyDay|[from] ability: Drought|[of] p2b: Charizard\n|detailschange|p1b: Floette|Floette-Mega, L50, F\n|-mega|p1b: Floette|Floette|Floettite\n|-ability|p1b: Floette|Fairy Aura\n|move|p1a: Kangaskhan|Fake Out|p2a: Sableye\n|-damage|p2a: Sableye|78/100\n|move|p1b: Floette|Moonblast|p2a: Sableye\n|-supereffective|p2a: Sableye|1\n|-damage|p2a: Sableye|0 fnt\n|faint|p2a: Sableye\n|move|p2b: Charizard|Heat Wave|p1a: Kangaskhan|[spread] p1a,p1b\n|-damage|p1a: Kangaskhan|24/100\n|-damage|p1b: Floette|48/100\n|\n|-weather|SunnyDay|[upkeep]\n|upkeep\n|\n|t:|1788313733\n|switch|p2a: Venusaur|Venusaur, L50, F|100/100\n|turn|2\n|\n|t:|1788313746\n|move|p1b: Floette|Protect|p1b: Floette\n|-singleturn|p1b: Floette|Protect\n|move|p1a: Kangaskhan|Sucker Punch|p2b: Charizard\n|-damage|p2b: Charizard|72/100\n|move|p2a: Venusaur|Sleep Powder|p1b: Floette\n|-activate|p1b: Floette|move: Protect\n|move|p2b: Charizard|Heat Wave|p1a: Kangaskhan|[spread] p1a\n|-activate|p1b: Floette|move: Protect\n|-damage|p1a: Kangaskhan|0 fnt\n|faint|p1a: Kangaskhan\n|\n|-weather|SunnyDay|[upkeep]\n|upkeep\n|\n|t:|1788313756\n|switch|p1a: Aerodactyl|Aerodactyl, L50, F|100/100\n|-ability|p1a: Aerodactyl|Unnerve\n|turn|3\n|\n|t:|1788313766\n|move|p2b: Charizard|Protect|p2b: Charizard\n|-singleturn|p2b: Charizard|Protect\n|move|p2a: Venusaur|Sludge Bomb|p1b: Floette\n|-supereffective|p1b: Floette|1\n|-damage|p1b: Floette|0 fnt\n|faint|p1b: Floette\n|move|p1a: Aerodactyl|Rock Slide|p2b: Charizard|[spread] p2a\n|-activate|p2b: Charizard|move: Protect\n|-damage|p2a: Venusaur|69/100\n|\n|-weather|SunnyDay|[upkeep]\n|upkeep\n|\n|t:|1788313774\n|switch|p1b: Krookodile|Krookodile, L50, M|100/100\n|-ability|p1b: Krookodile|Intimidate|boost\n|-unboost|p2a: Venusaur|atk|1\n|-unboost|p2b: Charizard|atk|1\n|turn|4\n|\n|t:|1788313815\n|move|p2a: Venusaur|Giga Drain|p1b: Krookodile\n|-supereffective|p1b: Krookodile|1\n|-damage|p1b: Krookodile|6/100\n|-heal|p2a: Venusaur|100/100|[from] drain|[of] p1b: Krookodile\n|move|p1a: Aerodactyl|Dual Wingbeat|p2a: Venusaur\n|-supereffective|p2a: Venusaur|1\n|-damage|p2a: Venusaur|60/100\n|-supereffective|p2a: Venusaur|1\n|-damage|p2a: Venusaur|17/100\n|-hitcount|p2a: Venusaur|2\n|move|p1b: Krookodile|Rock Tomb|p2b: Charizard\n|-supereffective|p2b: Charizard|2\n|-damage|p2b: Charizard|0 fnt\n|faint|p2b: Charizard\n|\n|-weather|SunnyDay|[upkeep]\n|upkeep\n|\n|t:|1788313829\n|switch|p2b: Aerodactyl|Aerodactyl, L50, F|100/100\n|-ability|p2b: Aerodactyl|Unnerve\n|turn|5\n|\n|t:|1788313839\n|move|p2a: Venusaur|Giga Drain|p1b: Krookodile\n|-supereffective|p1b: Krookodile|1\n|-damage|p1b: Krookodile|0 fnt\n|-heal|p2a: Venusaur|21/100|[from] drain|[of] p1b: Krookodile\n|faint|p1b: Krookodile\n|move|p1a: Aerodactyl|Dual Wingbeat|p2a: Venusaur|[miss]\n|-miss|p1a: Aerodactyl|p2a: Venusaur\n|move|p2b: Aerodactyl|Iron Head|p1a: Aerodactyl\n|-supereffective|p1a: Aerodactyl|1\n|-damage|p1a: Aerodactyl|1/100\n|\n|-weather|none\n|upkeep\n|turn|6\n|\n|t:|1788313852\n|move|p2b: Aerodactyl|Wide Guard|p2b: Aerodactyl\n|-singleturn|p2b: Aerodactyl|Wide Guard\n|move|p1a: Aerodactyl|Rock Slide|p2a: Venusaur|[spread] \n|-activate|p2a: Venusaur|move: Wide Guard\n|-activate|p2b: Aerodactyl|move: Wide Guard\n|move|p2a: Venusaur|Giga Drain|p1a: Aerodactyl\n|-damage|p1a: Aerodactyl|0 fnt\n|-heal|p2a: Venusaur|22/100|[from] drain|[of] p1a: Aerodactyl\n|faint|p1a: Aerodactyl\n|\n|win|Donjozo\n","uploadtime":1788313855,"views":"1","formatid":"gen9championsvgc2026regmb","rating":null,"private":0,"password":null}