{"id":"gen9championsvgc2026regmbbo3-2673537754","format":"[Gen 9 Champions] VGC 2026 Reg M-B (Bo3)","players":["Pokecraft15","reshiee"],"log":"|j|☆Pokecraft15\n|j|☆reshiee\n|html|<table width=\"100%\"><tr><td align=\"left\">Pokecraft15</td><td align=\"right\">reshiee</tr><tr><td align=\"left\"><i class=\"fa fa-circle-o\"></i> <i class=\"fa fa-circle-o\"></i> </td><td align=\"right\"><i class=\"fa fa-circle-o\"></i> <i class=\"fa fa-circle\"></i> </tr></table>\n|uhtml|bestof|<h2><strong>Game 2</strong> of <a href=\"/game-bestof3-gen9championsvgc2026regmbbo3-2673534610\">a best-of-3</a></h2>\n|t:|1788210115\n|gametype|doubles\n|player|p1|Pokecraft15|hilbert-wonderlauncher|1289\n|player|p2|reshiee|gwynn|1183\n|gen|9\n|tier|[Gen 9 Champions] VGC 2026 Reg M-B (Bo3)\n|rated|\n|rule|Species Clause: Limit one of each Pokémon\n|rule|Item Clause: Limit 1 of each item\n|clearpoke\n|poke|p1|Staraptor, L50, M|\n|poke|p1|Whimsicott, L50, F, shiny|\n|poke|p1|Delphox, L50, F|\n|poke|p1|Basculegion, L50, M|\n|poke|p1|Garchomp, L50, M|\n|poke|p1|Sneasler, L50, M|\n|poke|p2|Charizard, L50, F, shiny|\n|poke|p2|Pelipper, L50, M, shiny|\n|poke|p2|Archaludon, L50, F, shiny|\n|poke|p2|Venusaur, L50, M|\n|poke|p2|Swampert, L50, F|\n|poke|p2|Grimmsnarl, L50, M, shiny|\n|teampreview|4\n|showteam|p1|Staraptor||Staraptite|Intimidate|BraveBird,CloseCombat,Roost,Protect|Jolly||M|||50|]Whimsicott||FocusSash|Prankster|Moonblast,Tailwind,Charm,Encore|Timid||F|||50|]Delphox||Delphoxite|Blaze|HeatWave,Psyshock,NastyPlot,Protect|Timid||F|||50|]Basculegion||ChoiceScarf|Adaptability|WaveCrash,LastRespects,FlipTurn,AquaJet|Jolly||M|||50|]Garchomp||LifeOrb|RoughSkin|DragonClaw,RockSlide,Earthquake,Protect|Jolly||M|||50|]Sneasler||WhiteHerb|Unburden|CloseCombat,DireClaw,FakeOut,QuickGuard|Adamant||M|||50|\n|showteam|p2|Charizard||CharizarditeY|Blaze|Protect,HeatWave,WeatherBall,Hurricane|Modest||F|||50|]Pelipper||SitrusBerry|Drizzle|Hurricane,WeatherBall,Tailwind,WideGuard|Modest||M|||50|]Archaludon||Leftovers|Stamina|Protect,ElectroShot,DragonPulse,FlashCannon|Calm||F|||50|]Venusaur||FocusSash|Chlorophyll|Protect,SleepPowder,SludgeBomb,LeafStorm|Modest||M|||50|]Swampert||Swampertite|Torrent|Protect,WaveCrash,Earthquake,IcePunch|Adamant||F|||50|]Grimmsnarl||LightClay|Prankster|SpiritBreak,Reflect,LightScreen,PartingShot|Sassy||M|||50|\n|c|☆Pokecraft15|glhf\n|c|☆reshiee|same to you\n|\n|t:|1788210174\n|teamsize|p1|4\n|teamsize|p2|4\n|start\n|switch|p1a: Sneasler|Sneasler, L50, M|100/100\n|switch|p1b: Whimsicott|Whimsicott, L50, F, shiny|100/100\n|switch|p2a: Pelipper|Pelipper, L50, M, shiny|100/100\n|switch|p2b: Archaludon|Archaludon, L50, F, shiny|100/100\n|-weather|RainDance|[from] ability: Drizzle|[of] p2a: Pelipper\n|turn|1\n|\n|t:|1788210222\n|move|p2b: Archaludon|Protect|p2b: Archaludon\n|-singleturn|p2b: Archaludon|Protect\n|move|p1a: Sneasler|Fake Out|p2a: Pelipper\n|-damage|p2a: Pelipper|82/100\n|move|p1b: Whimsicott|Moonblast|p2a: Pelipper\n|-damage|p2a: Pelipper|40/100\n|-enditem|p2a: Pelipper|Sitrus Berry|[eat]\n|-heal|p2a: Pelipper|65/100|[from] item: Sitrus Berry\n|cant|p2a: Pelipper|flinch\n|\n|-weather|RainDance|[upkeep]\n|upkeep\n|turn|2\n|\n|t:|1788210266\n|move|p1b: Whimsicott|Moonblast|p2a: Pelipper\n|-damage|p2a: Pelipper|24/100\n|move|p1a: Sneasler|Dire Claw|p2a: Pelipper\n|-damage|p2a: Pelipper|0 fnt\n|faint|p2a: Pelipper\n|move|p2b: Archaludon|Electro Shot||[still]\n|-prepare|p2b: Archaludon|Electro Shot\n|-boost|p2b: Archaludon|spa|1\n|-anim|p2b: Archaludon|Electro Shot|p1b: Whimsicott\n|-resisted|p1b: Whimsicott|1\n|-damage|p1b: Whimsicott|51/100\n|\n|-weather|RainDance|[upkeep]\n|upkeep\n|\n|t:|1788210279\n|switch|p2a: Swampert|Swampert, L50, F|100/100\n|turn|3\n|\n|t:|1788210306\n|detailschange|p2a: Swampert|Swampert-Mega, L50, F\n|-mega|p2a: Swampert|Swampert|Swampertite\n|move|p1b: Whimsicott|Charm|p2a: Swampert\n|-unboost|p2a: Swampert|atk|2\n|move|p2a: Swampert|Wave Crash|p1a: Sneasler\n|-damage|p1a: Sneasler|1/100\n|-damage|p2a: Swampert|74/100|[from] Recoil\n|move|p1a: Sneasler|Close Combat|p2b: Archaludon\n|-supereffective|p2b: Archaludon|1\n|-crit|p2b: Archaludon\n|-damage|p2b: Archaludon|0 fnt\n|-unboost|p1a: Sneasler|def|1\n|-unboost|p1a: Sneasler|spd|1\n|faint|p2b: Archaludon\n|-enditem|p1a: Sneasler|White Herb\n|-clearnegativeboost|p1a: Sneasler|[silent]\n|\n|-weather|RainDance|[upkeep]\n|upkeep\n|c|☆reshiee|dannnnng that turn wild for me\n|\n|t:|1788210321\n|switch|p2b: Venusaur|Venusaur, L50, M|100/100\n|turn|4\n|c|☆Pokecraft15|yeah holy shit lol\n|\n|t:|1788210346\n|move|p2b: Venusaur|Protect|p2b: Venusaur\n|-singleturn|p2b: Venusaur|Protect\n|move|p1b: Whimsicott|Tailwind|p1b: Whimsicott\n|-sidestart|p1: Pokecraft15|move: Tailwind\n|move|p1a: Sneasler|Close Combat|p2a: Swampert\n|-damage|p2a: Swampert|19/100\n|-unboost|p1a: Sneasler|def|1\n|-unboost|p1a: Sneasler|spd|1\n|move|p2a: Swampert|Earthquake|p1a: Sneasler|[spread] p1a,p1b\n|-activate|p2b: Venusaur|move: Protect\n|-supereffective|p1a: Sneasler|1\n|-resisted|p1b: Whimsicott|1\n|-damage|p1a: Sneasler|0 fnt\n|-damage|p1b: Whimsicott|35/100\n|faint|p1a: Sneasler\n|\n|-weather|RainDance|[upkeep]\n|upkeep\n|c|☆Pokecraft15|bro i swapped to close combat on swampert LAST SECOND\n|\n|t:|1788210393\n|switch|p1a: Staraptor|Staraptor, L50, M|100/100\n|-ability|p1a: Staraptor|Intimidate|boost\n|-unboost|p2a: Swampert|atk|1\n|-unboost|p2b: Venusaur|atk|1\n|turn|5\n|c|☆reshiee|aye i mean u got this in the bag\n|c|☆Pokecraft15|ye lol\n|c|☆Pokecraft15|bro you found the shiny yet?\n|c|☆reshiee|no\n|c|☆reshiee|lol\n|\n|t:|1788210425\n|detailschange|p1a: Staraptor|Staraptor-Mega, L50, M\n|-mega|p1a: Staraptor|Staraptor|Staraptite\n|move|p2a: Swampert|Protect|p2a: Swampert\n|-singleturn|p2a: Swampert|Protect\n|move|p1b: Whimsicott|Encore|p2b: Venusaur\n|-start|p2b: Venusaur|Encore\n|move|p2b: Venusaur|Protect||[still]\n|-fail|p2b: Venusaur\n|move|p1a: Staraptor|Close Combat|p2a: Swampert\n|-activate|p2a: Swampert|move: Protect\n|\n|-weather|none\n|upkeep\n|turn|6\n|c|☆Pokecraft15|what are you hunting for?\n|c|☆reshiee|oshawott b2w2\n|c|☆reshiee|for a shiny locke\n|c|☆Pokecraft15|bro that thing better not die your WAY over odds\n|\n|t:|1788210474\n|move|p2b: Venusaur|Protect|p2b: Venusaur\n|-singleturn|p2b: Venusaur|Protect\n|move|p1b: Whimsicott|Moonblast|p2a: Swampert\n|-damage|p2a: Swampert|0 fnt\n|faint|p2a: Swampert\n|move|p1a: Staraptor|Brave Bird|p2b: Venusaur\n|-activate|p2b: Venusaur|move: Protect\n|\n|upkeep\n|turn|7\n|c|☆reshiee|truee\n|\n|t:|1788210485\n|move|p2b: Venusaur|Protect|p2b: Venusaur\n|-singleturn|p2b: Venusaur|Protect\n|move|p1b: Whimsicott|Moonblast|p2b: Venusaur\n|-activate|p2b: Venusaur|move: Protect\n|move|p1a: Staraptor|Brave Bird|p2b: Venusaur\n|-activate|p2b: Venusaur|move: Protect\n|\n|-end|p2b: Venusaur|Encore\n|-sideend|p1: Pokecraft15|move: Tailwind\n|upkeep\n|turn|8\n|c|☆Pokecraft15|bro got the double lol\n|\n|t:|1788210498\n|move|p1b: Whimsicott|Moonblast|p2b: Venusaur\n|-resisted|p2b: Venusaur|1\n|-damage|p2b: Venusaur|78/100\n|move|p1a: Staraptor|Brave Bird|p2b: Venusaur\n|-supereffective|p2b: Venusaur|1\n|-damage|p2b: Venusaur|0 fnt\n|faint|p2b: Venusaur\n|-damage|p1a: Staraptor|74/100|[from] Recoil\n|\n|win|Pokecraft15\n||Pokecraft15 is ready for game 3.\n|inactive|reshiee has 30 seconds to confirm battle start!\n|c|☆reshiee|it defo mattered 100% no cap\n|inactive|reshiee has 20 seconds to confirm battle start!\n||reshiee is ready for game 3.\n|uhtml|next|Next: <a href=\"/battle-gen9championsvgc2026regmbbo3-2673540643\"><strong>Game 3 of 3</strong></a>\n|l|☆Pokecraft15\n|player|p1|\n|j|☆Pokecraft15\n|player|p1|Pokecraft15|hilbert-wonderlauncher|\n","uploadtime":1788210512,"views":"1","formatid":"gen9championsvgc2026regmbbo3","rating":null,"private":0,"password":null}