{"id":"gen9championsvgc2026regmb-2674201683","format":"[Gen 9 Champions] VGC 2026 Reg M-B","players":["silverzlayer","lukien_light"],"log":"|j|☆silverzlayer\n|j|☆lukien_light\n|t:|1788314621\n|gametype|doubles\n|player|p1|silverzlayer|1|\n|player|p2|lukien_light|102|\n|gen|9\n|tier|[Gen 9 Champions] VGC 2026 Reg M-B\n|rule|Species Clause: Limit one of each Pokémon\n|rule|Item Clause: Limit 1 of each item\n|clearpoke\n|poke|p1|Tyranitar, L50, M|\n|poke|p1|Sableye, L50, M|\n|poke|p1|Chimecho, L50, F|\n|poke|p1|Vivillon, L50, M|\n|poke|p1|Tauros-Paldea-Blaze, L50, M|\n|poke|p1|Basculegion, L50, M|\n|poke|p2|Charizard, L50, F|\n|poke|p2|Kingambit, L50, F|\n|poke|p2|Kangaskhan, L50, F|\n|poke|p2|Ariados, L50, F|\n|poke|p2|Machamp, L50, M|\n|poke|p2|Venusaur, L50, M|\n|teampreview|4\n|inactive|Battle timer is ON: inactive players will automatically lose when time's up. (requested by lukien_light)\nlukien_light rejected open team sheets.\n|inactive|silverzlayer has 60 seconds left.\n|inactive|lukien_light has 60 seconds left.\n|c|☆silverzlayer|Glhf\n|\n|t:|1788314668\n|teamsize|p1|4\n|teamsize|p2|4\n|start\n|switch|p1a: Tauros|Tauros-Paldea-Blaze, L50, M|100/100\n|switch|p1b: Chimecho|Chimecho, L50, F|100/100\n|switch|p2a: Charizard|Charizard, L50, F|100/100\n|switch|p2b: Kangaskhan|Kangaskhan, L50, F|100/100\n|turn|1\n|c|☆lukien_light|glhf\n|\n|t:|1788314692\n|detailschange|p2a: Charizard|Charizard-Mega-Y, L50, F\n|-mega|p2a: Charizard|Charizard|Charizardite Y\n|-weather|SunnyDay|[from] ability: Drought|[of] p2a: Charizard\n|move|p1b: Chimecho|Protect|p1b: Chimecho\n|-singleturn|p1b: Chimecho|Protect\n|move|p2b: Kangaskhan|Fake Out|p1a: Tauros\n|-damage|p1a: Tauros|74/100\n|cant|p1a: Tauros|flinch\n|move|p2a: Charizard|Heat Wave|p1a: Tauros|[spread] p1a\n|-activate|p1b: Chimecho|move: Protect\n|-resisted|p1a: Tauros|1\n|-damage|p1a: Tauros|22/100\n|\n|-weather|SunnyDay|[upkeep]\n|upkeep\n|turn|2\n|\n|t:|1788314712\n|switch|p1b: Tyranitar|Tyranitar, L50, M|100/100\n|-weather|Sandstorm|[from] ability: Sand Stream|[of] p1b: Tyranitar\n|move|p2b: Kangaskhan|Sucker Punch|p1a: Tauros\n|-resisted|p1a: Tauros|1\n|-damage|p1a: Tauros|11/100\n|move|p1a: Tauros|Rock Slide|p2b: Kangaskhan|[spread] p2a,p2b\n|-supereffective|p2a: Charizard|2\n|-damage|p2a: Charizard|0 fnt\n|-damage|p2b: Kangaskhan|80/100\n|faint|p2a: Charizard\n|\n|-weather|Sandstorm|[upkeep]\n|-damage|p1a: Tauros|5/100|[from] Sandstorm\n|-damage|p2b: Kangaskhan|74/100|[from] Sandstorm\n|upkeep\n|\n|t:|1788314724\n|switch|p2a: Kingambit|Kingambit, L50, F|100/100\n|-activate|p2a: Kingambit|ability: Supreme Overlord\n|-start|p2a: Kingambit|fallen1|[silent]\n|turn|3\n|\n|t:|1788314749\n|switch|p1a: Chimecho|Chimecho, L50, F|100/100\n|move|p2b: Kangaskhan|Sucker Punch||[still]\n|-fail|p2b: Kangaskhan\n|move|p1b: Tyranitar|Knock Off|p2a: Kingambit\n|-resisted|p2a: Kingambit|1\n|-damage|p2a: Kingambit|78/100\n|-enditem|p2a: Kingambit|Chople Berry|[from] move: Knock Off|[of] p1b: Tyranitar\n|move|p2a: Kingambit|Low Kick|p1b: Tyranitar\n|-supereffective|p1b: Tyranitar|2\n|-damage|p1b: Tyranitar|0 fnt\n|faint|p1b: Tyranitar\n|\n|-weather|Sandstorm|[upkeep]\n|-damage|p2b: Kangaskhan|68/100|[from] Sandstorm\n|-damage|p1a: Chimecho|93/100|[from] Sandstorm\n|upkeep\n|\n|t:|1788314761\n|switch|p1b: Vivillon|Vivillon, L50, M|100/100\n|turn|4\n|\n|t:|1788314783\n|-end|p2a: Kingambit|fallen1|[silent]\n|switch|p2a: Ariados|Ariados, L50, F|100/100\n|detailschange|p1a: Chimecho|Chimecho-Mega, L50, F\n|-mega|p1a: Chimecho|Chimecho|Chimechite\n|move|p1a: Chimecho|Protect|p1a: Chimecho\n|-singleturn|p1a: Chimecho|Protect\n|move|p2b: Kangaskhan|Double-Edge|p1b: Vivillon\n|-damage|p1b: Vivillon|6/100\n|-damage|p2b: Kangaskhan|36/100|[from] Recoil\n|move|p1b: Vivillon|Sleep Powder|p2a: Ariados\n|-immune|p2a: Ariados|[from] ability: Insomnia\n|\n|-weather|Sandstorm|[upkeep]\n|-damage|p2b: Kangaskhan|30/100|[from] Sandstorm\n|-damage|p1b: Vivillon|1/100|[from] Sandstorm\n|-damage|p2a: Ariados|93/100|[from] Sandstorm\n|upkeep\n|turn|5\n|\n|t:|1788314804\n|move|p2b: Kangaskhan|Sucker Punch|p1a: Chimecho\n|-supereffective|p1a: Chimecho|1\n|-damage|p1a: Chimecho|65/100\n|move|p2a: Ariados|Sucker Punch||[still]\n|-fail|p2a: Ariados\n|move|p1b: Vivillon|Rain Dance|p1b: Vivillon\n|-weather|RainDance\n|move|p1a: Chimecho|Psychic Noise|p2a: Ariados\n|-supereffective|p2a: Ariados|1\n|-damage|p2a: Ariados|0 fnt\n|faint|p2a: Ariados\n|\n|-weather|RainDance|[upkeep]\n|upkeep\n|\n|t:|1788314810\n|switch|p2a: Kingambit|Kingambit, L50, F|78/100\n|-activate|p2a: Kingambit|ability: Supreme Overlord\n|-start|p2a: Kingambit|fallen2|[silent]\n|turn|6\n|\n|t:|1788314831\n|move|p1b: Vivillon|Rage Powder|p1b: Vivillon\n|-singleturn|p1b: Vivillon|move: Rage Powder\n|move|p2b: Kangaskhan|Sucker Punch||[still]\n|-fail|p2b: Kangaskhan\n|move|p2a: Kingambit|Sucker Punch||[still]\n|-fail|p2a: Kingambit\n|move|p1a: Chimecho|Psychic Noise|p2b: Kangaskhan\n|-damage|p2b: Kangaskhan|0 fnt\n|faint|p2b: Kangaskhan\n|\n|-weather|RainDance|[upkeep]\n|upkeep\n|turn|7\n|\n|t:|1788314849\n|move|p1a: Chimecho|Protect|p1a: Chimecho\n|-singleturn|p1a: Chimecho|Protect\n|move|p1b: Vivillon|Sleep Powder|p2a: Kingambit\n|-status|p2a: Kingambit|slp|[from] move: Sleep Powder\n|cant|p2a: Kingambit|slp\n|\n|-weather|RainDance|[upkeep]\n|upkeep\n|turn|8\n|c|☆lukien_light|gg\n|\n|t:|1788314871\n|switch|p1a: Tauros|Tauros-Paldea-Blaze, L50, M|5/100\n|move|p1b: Vivillon|Pollen Puff|p2a: Kingambit\n|-damage|p2a: Kingambit|48/100 slp\n|cant|p2a: Kingambit|slp\n|\n|-weather|RainDance|[upkeep]\n|upkeep\n|turn|9\n|\n|t:|1788314886\n|move|p1b: Vivillon|Rage Powder|p1b: Vivillon\n|-singleturn|p1b: Vivillon|move: Rage Powder\n|-curestatus|p2a: Kingambit|slp|[msg]\n|move|p2a: Kingambit|Sucker Punch||[still]\n|-fail|p2a: Kingambit\n|move|p1a: Tauros|Close Combat|p2a: Kingambit\n|-supereffective|p2a: Kingambit|2\n|-damage|p2a: Kingambit|0 fnt\n|-unboost|p1a: Tauros|def|1\n|-unboost|p1a: Tauros|spd|1\n|faint|p2a: Kingambit\n|-end|p2a: Kingambit|fallen2|[silent]\n|\n|win|silverzlayer\n","uploadtime":1788314898,"views":"22","formatid":"gen9championsvgc2026regmb","rating":null,"private":0,"password":null}