{"id":"gen9championsvgc2026regmbbo3-2674685479","format":"[Gen 9 Champions] VGC 2026 Reg M-B (Bo3)","players":["Meowraure","Banana191817"],"log":"|j|☆Meowraure\n|j|☆Banana191817\n|html|<table width=\"100%\"><tr><td align=\"left\">Meowraure</td><td align=\"right\">Banana191817</tr><tr><td align=\"left\"><i class=\"fa fa-circle-o\"></i> <i class=\"fa fa-circle-o\"></i> </td><td align=\"right\"><i class=\"fa fa-circle-o\"></i> <i class=\"fa fa-circle-o\"></i> </tr></table>\n|uhtml|bestof|<h2><strong>Game 1</strong> of <a href=\"/game-bestof3-gen9championsvgc2026regmbbo3-2674685478\">a best-of-3</a></h2>\n|t:|1788390308\n|gametype|doubles\n|player|p1|Meowraure|265|1265\n|player|p2|Banana191817|101|1151\n|gen|9\n|tier|[Gen 9 Champions] VGC 2026 Reg M-B (Bo3)\n|rated|\n|rule|Species Clause: Limit one of each Pokémon\n|rule|Item Clause: Limit 1 of each item\n|clearpoke\n|poke|p1|Floette-Eternal, L50, F|\n|poke|p1|Incineroar, L50, F|\n|poke|p1|Kingambit, L50, M|\n|poke|p1|Sinistcha, L50|\n|poke|p1|Sneasler, L50, M|\n|poke|p1|Garchomp, L50, M|\n|poke|p2|Chandelure, L50, F|\n|poke|p2|Farigiraf, L50, F|\n|poke|p2|Tinkaton, L50, F|\n|poke|p2|Decidueye-Hisui, L50, F|\n|poke|p2|Kingambit, L50, F|\n|poke|p2|Scrafty, L50, F|\n|teampreview|4\n|showteam|p1|Floette-Eternal||Floettite|FlowerVeil|CalmMind,DazzlingGleam,Protect,DrainingKiss|Timid||F|||50|]Incineroar||SitrusBerry|Intimidate|FlareBlitz,HelpingHand,FakeOut,PartingShot|Careful||F|||50|]Kingambit||BlackGlasses|Defiant|KowtowCleave,IronHead,SuckerPunch,Protect|Adamant||M|||50|]Sinistcha||KasibBerry|Hospitality|MatchaGotcha,RagePowder,TrickRoom,Protect|Bold|||||50|]Sneasler||FocusSash|PoisonTouch|CloseCombat,DireClaw,FakeOut,Coaching|Jolly||M|||50|]Garchomp||Garchompite|RoughSkin|StompingTantrum,Earthquake,RockSlide,Protect|Jolly||M|||50|\n|showteam|p2|Chandelure||Chandelurite|FlashFire|HeatWave,ShadowBall,Protect,TrickRoom|Modest||F|||50|]Farigiraf||SitrusBerry|ArmorTail|TrickRoom,Psychic,Protect,HelpingHand|Calm||F|||50|]Tinkaton||ShucaBerry|MoldBreaker|GigatonHammer,FakeOut,Protect,PlayRough|Jolly||F|||50|]Decidueye-Hisui||ScopeLens|Scrappy|TripleArrows,LeafBlade,Tailwind,Protect|Adamant||F|||50|]Kingambit||BlackGlasses|Defiant|KowtowCleave,SuckerPunch,IronHead,Protect|Adamant||F|||50|]Scrafty||Scraftinite|Intimidate|KnockOff,FakeOut,CloseCombat,IcePunch|Adamant||F|||50|\n|\n|t:|1788390370\n|teamsize|p1|4\n|teamsize|p2|4\n|start\n|switch|p1a: Sneasler|Sneasler, L50, M|100/100\n|switch|p1b: Garchomp|Garchomp, L50, M|100/100\n|switch|p2a: Farigiraf|Farigiraf, L50, F|100/100\n|switch|p2b: Tinkaton|Tinkaton, L50, F|100/100\n|-ability|p2b: Tinkaton|Mold Breaker\n|turn|1\n|inactive|Battle timer is ON: inactive players will automatically lose when time's up. (requested by Meowraure)\n|\n|t:|1788390400\n|detailschange|p1b: Garchomp|Garchomp-Mega, L50, M\n|-mega|p1b: Garchomp|Garchomp|Garchompite\n|move|p2b: Tinkaton|Fake Out|p1a: Sneasler\n|-damage|p1a: Sneasler|87/100\n|cant|p1a: Sneasler|flinch\n|move|p1b: Garchomp|Rock Slide|p2b: Tinkaton|[spread] p2a,p2b\n|-resisted|p2b: Tinkaton|1\n|-damage|p2a: Farigiraf|80/100\n|-damage|p2b: Tinkaton|86/100\n|move|p2a: Farigiraf|Trick Room|p2a: Farigiraf\n|-fieldstart|move: Trick Room|[of] p2a: Farigiraf\n|\n|upkeep\n|turn|2\n|\n|t:|1788390424\n|switch|p1a: Kingambit|Kingambit, L50, M|100/100\n|move|p2a: Farigiraf|Psychic|p1a: Kingambit\n|-immune|p1a: Kingambit\n|move|p1b: Garchomp|Stomping Tantrum|p2b: Tinkaton\n|-supereffective|p2b: Tinkaton|1\n|-enditem|p2b: Tinkaton|Shuca Berry|[eat]\n|-enditem|p2b: Tinkaton|Shuca Berry|[weaken]\n|-damage|p2b: Tinkaton|33/100\n|move|p2b: Tinkaton|Play Rough|p1b: Garchomp|[miss]\n|-miss|p2b: Tinkaton|p1b: Garchomp\n|\n|upkeep\n|turn|3\n|\n|t:|1788390446\n|move|p2a: Farigiraf|Protect|p2a: Farigiraf\n|-singleturn|p2a: Farigiraf|Protect\n|move|p1a: Kingambit|Kowtow Cleave|p2a: Farigiraf\n|-activate|p2a: Farigiraf|move: Protect\n|move|p1b: Garchomp|Stomping Tantrum|p2b: Tinkaton\n|-supereffective|p2b: Tinkaton|1\n|-damage|p2b: Tinkaton|0 fnt\n|faint|p2b: Tinkaton\n|\n|upkeep\n|\n|t:|1788390458\n|switch|p2b: Scrafty|Scrafty, L50, F|100/100\n|-ability|p2b: Scrafty|Intimidate|boost\n|-unboost|p1a: Kingambit|atk|1\n|-ability|p1a: Kingambit|Defiant|boost\n|-boost|p1a: Kingambit|atk|2\n|-unboost|p1b: Garchomp|atk|1\n|turn|4\n|\n|t:|1788390474\n|detailschange|p2b: Scrafty|Scrafty-Mega, L50, F\n|-mega|p2b: Scrafty|Scrafty|Scraftinite\n|-ability|p2b: Scrafty|Intimidate|boost\n|-unboost|p1a: Kingambit|atk|1\n|-ability|p1a: Kingambit|Defiant|boost\n|-boost|p1a: Kingambit|atk|2\n|-unboost|p1b: Garchomp|atk|1\n|move|p1a: Kingambit|Protect|p1a: Kingambit\n|-singleturn|p1a: Kingambit|Protect\n|move|p1b: Garchomp|Protect|p1b: Garchomp\n|-singleturn|p1b: Garchomp|Protect\n|move|p2a: Farigiraf|Psychic|p1b: Garchomp\n|-activate|p1b: Garchomp|move: Protect\n|move|p2b: Scrafty|Close Combat|p1a: Kingambit\n|-activate|p1a: Kingambit|move: Protect\n|\n|upkeep\n|turn|5\n|inactive|Meowraure has 30 seconds left.\n|inactive|Banana191817 has 30 seconds left.\n|\n|t:|1788390507\n|switch|p1a: Floette|Floette-Eternal, L50, F|100/100\n|switch|p2a: Kingambit|Kingambit, L50, F|100/100\n|switch|p1b: Sneasler|Sneasler, L50, M|87/100\n|move|p2b: Scrafty|Close Combat|p1a: Floette\n|-resisted|p1a: Floette|1\n|-damage|p1a: Floette|59/100\n|-unboost|p2b: Scrafty|def|1\n|-unboost|p2b: Scrafty|spd|1\n|\n|-fieldend|move: Trick Room\n|upkeep\n|turn|6\n|inactive|Meowraure has 30 seconds left.\n|\n|t:|1788390533\n|switch|p2b: Farigiraf|Farigiraf, L50, F|80/100\n|move|p2a: Kingambit|Protect|p2a: Kingambit\n|-singleturn|p2a: Kingambit|Protect\n|move|p1b: Sneasler|Fake Out||[still]\n|cant|p2b: Farigiraf|ability: Armor Tail|Fake Out|[of] p1b: Sneasler\n|move|p1a: Floette|Draining Kiss|p2b: Farigiraf\n|-damage|p2b: Farigiraf|65/100\n|-heal|p1a: Floette|74/100|[from] drain|[of] p2b: Farigiraf\n|\n|upkeep\n|turn|7\n|inactive|Meowraure has 30 seconds left.\n|\n|t:|1788390560\n|move|p1b: Sneasler|Close Combat|p2a: Kingambit\n|-supereffective|p2a: Kingambit|2\n|-crit|p2a: Kingambit\n|-damage|p2a: Kingambit|0 fnt\n|-unboost|p1b: Sneasler|def|1\n|-unboost|p1b: Sneasler|spd|1\n|faint|p2a: Kingambit\n|move|p1a: Floette|Calm Mind|p1a: Floette\n|-boost|p1a: Floette|spa|1\n|-boost|p1a: Floette|spd|1\n|move|p2b: Farigiraf|Trick Room|p2b: Farigiraf\n|-fieldstart|move: Trick Room|[of] p2b: Farigiraf\n|\n|upkeep\n|\n|t:|1788390571\n|switch|p2a: Scrafty|Scrafty-Mega, L50, F|100/100\n|-ability|p2a: Scrafty|Intimidate|boost\n|-unboost|p1a: Floette|atk|1\n|-unboost|p1b: Sneasler|atk|1\n|turn|8\n|inactive|Meowraure has 30 seconds left.\n|\n|t:|1788390599\n|move|p1a: Floette|Protect|p1a: Floette\n|-singleturn|p1a: Floette|Protect\n|move|p2b: Farigiraf|Psychic|p1a: Floette\n|-activate|p1a: Floette|move: Protect\n|move|p2a: Scrafty|Ice Punch|p1a: Floette\n|-activate|p1a: Floette|move: Protect\n|move|p1b: Sneasler|Close Combat|p2a: Scrafty\n|-supereffective|p2a: Scrafty|1\n|-damage|p2a: Scrafty|32/100\n|-unboost|p1b: Sneasler|def|1\n|-unboost|p1b: Sneasler|spd|1\n|-status|p2a: Scrafty|psn|[from] ability: Poison Touch|[of] p1b: Sneasler\n|\n|-damage|p2a: Scrafty|20/100y psn|[from] psn\n|upkeep\n|turn|9\n|\n|t:|1788390623\n|move|p2b: Farigiraf|Psychic|p1b: Sneasler\n|-supereffective|p1b: Sneasler|2\n|-damage|p1b: Sneasler|0 fnt\n|faint|p1b: Sneasler\n|move|p2a: Scrafty|Close Combat|p1a: Floette\n|-resisted|p1a: Floette|1\n|-damage|p1a: Floette|31/100\n|-unboost|p2a: Scrafty|def|1\n|-unboost|p2a: Scrafty|spd|1\n|move|p1a: Floette|Dazzling Gleam|p2a: Scrafty|[spread] p2a,p2b\n|-supereffective|p2a: Scrafty|2\n|-damage|p2a: Scrafty|0 fnt\n|-damage|p2b: Farigiraf|35/100\n|-enditem|p2b: Farigiraf|Sitrus Berry|[eat]\n|-heal|p2b: Farigiraf|60/100|[from] item: Sitrus Berry\n|faint|p2a: Scrafty\n|\n|upkeep\n|\n|t:|1788390637\n|switch|p1b: Kingambit|Kingambit, L50, M|100/100\n|turn|10\n|\n|t:|1788390643\n|move|p1b: Kingambit|Kowtow Cleave|p2b: Farigiraf\n|-supereffective|p2b: Farigiraf|1\n|-damage|p2b: Farigiraf|0 fnt\n|faint|p2b: Farigiraf\n|\n|win|Meowraure\n","uploadtime":1788390644,"views":"3","formatid":"gen9championsvgc2026regmbbo3","rating":null,"private":0,"password":null}