{"id":"gen9championsvgc2026regmb-2674952654","format":"[Gen 9 Champions] VGC 2026 Reg M-B","players":["TESTDIGI","saltrice1225"],"log":"|j|☆TESTDIGI\n|j|☆saltrice1225\n|t:|1788441166\n|gametype|doubles\n|player|p1|TESTDIGI|169|1375\n|player|p2|saltrice1225|rosa|1474\n|gen|9\n|tier|[Gen 9 Champions] VGC 2026 Reg M-B\n|rated|\n|rule|Species Clause: Limit one of each Pokémon\n|rule|Item Clause: Limit 1 of each item\n|clearpoke\n|poke|p1|Gholdengo, L50|\n|poke|p1|Staraptor, L50, F, shiny|\n|poke|p1|Tyranitar, L50, F|\n|poke|p1|Farigiraf, L50, F|\n|poke|p1|Whimsicott, L50, F, shiny|\n|poke|p1|Excadrill, L50, M|\n|poke|p2|Charizard, L50, M|\n|poke|p2|Whimsicott, L50, F|\n|poke|p2|Garchomp, L50, M|\n|poke|p2|Basculegion, L50, M|\n|poke|p2|Kingambit, L50, M|\n|poke|p2|Floette-Eternal, L50, F|\n|teampreview|4\n|inactive|Battle timer is ON: inactive players will automatically lose when time's up. (requested by saltrice1225)\n|inactive|TESTDIGI has 60 seconds left.\n|\n|t:|1788441203\n|teamsize|p1|4\n|teamsize|p2|4\n|start\n|switch|p1a: Whimsicott|Whimsicott, L50, F, shiny|100/100\n|switch|p1b: Gholdengo|Gholdengo, L50|100/100\n|switch|p2a: Whimsicott|Whimsicott, L50, F|100/100\n|switch|p2b: Basculegion|Basculegion, L50, M|100/100\n|turn|1\n|\n|t:|1788441216\n|move|p2a: Whimsicott|Tailwind|p2a: Whimsicott\n|-sidestart|p2: saltrice1225|move: Tailwind\n|move|p1a: Whimsicott|Charm|p2b: Basculegion\n|-unboost|p2b: Basculegion|atk|2\n|move|p2b: Basculegion|Flip Turn|p1a: Whimsicott\n|-resisted|p1a: Whimsicott|1\n|-damage|p1a: Whimsicott|87/100\n|\n|t:|1788441225\n|switch|p2b: Charizard|Charizard, L50, M|100/100|[from] Flip Turn\n|move|p1b: Gholdengo|Make It Rain|p2a: Whimsicott|[spread] p2b\n|-miss|p1b: Gholdengo|p2a: Whimsicott\n|-resisted|p2b: Charizard|1\n|-damage|p2b: Charizard|65/100\n|-unboost|p1b: Gholdengo|spa|2\n|-damage|p1b: Gholdengo|90/100|[from] item: Life Orb\n|\n|upkeep\n|turn|2\n|\n|t:|1788441248\n|switch|p1b: Farigiraf|Farigiraf, L50, F|100/100\n|move|p2a: Whimsicott|Encore||[still]\n|cant|p1b: Farigiraf|ability: Armor Tail|Encore|[of] p2a: Whimsicott\n|move|p1a: Whimsicott|Tailwind|p1a: Whimsicott\n|-sidestart|p1: TESTDIGI|move: Tailwind\n|move|p2b: Charizard|Heat Wave|p1b: Farigiraf|[spread] p1a\n|-miss|p2b: Charizard|p1b: Farigiraf\n|-supereffective|p1a: Whimsicott|1\n|-damage|p1a: Whimsicott|0 fnt\n|faint|p1a: Whimsicott\n|\n|upkeep\n|\n|t:|1788441257\n|switch|p1a: Gholdengo|Gholdengo, L50|90/100\n|turn|3\n|\n|t:|1788441274\n|switch|p2a: Kingambit|Kingambit, L50, M|100/100\n|detailschange|p2b: Charizard|Charizard-Mega-Y, L50, M\n|-mega|p2b: Charizard|Charizard|Charizardite Y\n|-weather|SunnyDay|[from] ability: Drought|[of] p2b: Charizard\n|move|p1a: Gholdengo|Power Gem|p2b: Charizard\n|-supereffective|p2b: Charizard|2\n|-damage|p2b: Charizard|0 fnt\n|faint|p2b: Charizard\n|-damage|p1a: Gholdengo|81/100|[from] item: Life Orb\n|move|p1b: Farigiraf|Nasty Plot|p1b: Farigiraf\n|-boost|p1b: Farigiraf|spa|2\n|\n|-weather|SunnyDay|[upkeep]\n|upkeep\n|\n|t:|1788441288\n|switch|p2b: Whimsicott|Whimsicott, L50, F|100/100\n|turn|4\n|\n|t:|1788441304\n|move|p2b: Whimsicott|Protect|p2b: Whimsicott\n|-singleturn|p2b: Whimsicott|Protect\n|move|p1a: Gholdengo|Make It Rain|p2b: Whimsicott|[spread] p2a\n|-activate|p2b: Whimsicott|move: Protect\n|-resisted|p2a: Kingambit|1\n|-damage|p2a: Kingambit|69/100\n|-unboost|p1a: Gholdengo|spa|2\n|-damage|p1a: Gholdengo|71/100|[from] item: Life Orb\n|move|p2a: Kingambit|Kowtow Cleave|p1b: Farigiraf\n|-supereffective|p1b: Farigiraf|1\n|-damage|p1b: Farigiraf|0 fnt\n|faint|p1b: Farigiraf\n|-damage|p2a: Kingambit|59/100|[from] item: Life Orb\n|\n|-weather|SunnyDay|[upkeep]\n|-sideend|p2: saltrice1225|move: Tailwind\n|upkeep\n|\n|t:|1788441313\n|switch|p1b: Staraptor|Staraptor, L50, F, shiny|100/100\n|-ability|p1b: Staraptor|Intimidate|boost\n|-unboost|p2a: Kingambit|atk|1\n|-ability|p2a: Kingambit|Defiant|boost\n|-boost|p2a: Kingambit|atk|2\n|-unboost|p2b: Whimsicott|atk|1\n|turn|5\n|\n|t:|1788441340\n|detailschange|p1b: Staraptor|Staraptor-Mega, L50, F, shiny\n|-mega|p1b: Staraptor|Staraptor|Staraptite\n|move|p1a: Gholdengo|Protect|p1a: Gholdengo\n|-singleturn|p1a: Gholdengo|Protect\n|move|p2b: Whimsicott|Tailwind|p2b: Whimsicott\n|-sidestart|p2: saltrice1225|move: Tailwind\n|move|p1b: Staraptor|Close Combat|p2a: Kingambit\n|-supereffective|p2a: Kingambit|2\n|-damage|p2a: Kingambit|0 fnt\n|-boost|p1b: Staraptor|def|1\n|-boost|p1b: Staraptor|spd|1\n|faint|p2a: Kingambit\n|\n|-weather|SunnyDay|[upkeep]\n|-sideend|p1: TESTDIGI|move: Tailwind\n|upkeep\n|\n|t:|1788441345\n|switch|p2a: Basculegion|Basculegion, L50, M|100/100\n|turn|6\n|\n|t:|1788441360\n|move|p2b: Whimsicott|Encore|p1b: Staraptor\n|-start|p1b: Staraptor|Encore\n|move|p2a: Basculegion|Last Respects|p1a: Gholdengo\n|-supereffective|p1a: Gholdengo|1\n|-damage|p1a: Gholdengo|0 fnt\n|faint|p1a: Gholdengo\n|move|p1b: Staraptor|Close Combat|p2a: Basculegion\n|-immune|p2a: Basculegion\n|\n|-weather|SunnyDay|[upkeep]\n|upkeep\n|turn|7\n|-message|TESTDIGI forfeited.\n|\n|win|saltrice1225\n","uploadtime":1788441168,"views":"5","formatid":"gen9championsvgc2026regmb","rating":null,"private":0,"password":null}