{"id":"gen9championsvgc2026regmb-2674930081","format":"[Gen 9 Champions] VGC 2026 Reg M-B","players":["Ranzurant","xanderpokemon"],"log":"|j|☆Ranzurant\n|j|☆xanderpokemon\n|t:|1788437755\n|gametype|doubles\n|player|p1|Ranzurant|265|1221\n|player|p2|xanderpokemon|266|1251\n|gen|9\n|tier|[Gen 9 Champions] VGC 2026 Reg M-B\n|rated|\n|rule|Species Clause: Limit one of each Pokémon\n|rule|Item Clause: Limit 1 of each item\n|clearpoke\n|poke|p1|Ninetales-Alola, L50, F|\n|poke|p1|Glaceon, L50, F|\n|poke|p1|Pelipper, L50, M|\n|poke|p1|Archaludon, L50, F|\n|poke|p1|Charizard, L50, M|\n|poke|p1|Basculegion, L50, M|\n|poke|p2|Toxapex, L50, F|\n|poke|p2|Sinistcha-Masterpiece, L50|\n|poke|p2|Mamoswine, L50, F|\n|poke|p2|Blastoise, L50, M|\n|poke|p2|Hippowdon, L50, F|\n|poke|p2|Incineroar, L50, M|\n|teampreview|4\n|\n|t:|1788437787\n|teamsize|p1|4\n|teamsize|p2|4\n|start\n|switch|p1a: Glaceon|Glaceon, L50, F|100/100\n|switch|p1b: Pelipper|Pelipper, L50, M|100/100\n|switch|p2a: Incineroar|Incineroar, L50, M|100/100\n|switch|p2b: Mamoswine|Mamoswine, L50, F|100/100\n|-weather|RainDance|[from] ability: Drizzle|[of] p1b: Pelipper\n|-ability|p2a: Incineroar|Intimidate|boost\n|-unboost|p1a: Glaceon|atk|1\n|-unboost|p1b: Pelipper|atk|1\n|turn|1\n|\n|t:|1788437813\n|move|p1a: Glaceon|Detect|p1a: Glaceon\n|-singleturn|p1a: Glaceon|Protect\n|move|p2a: Incineroar|Fake Out|p1b: Pelipper\n|-damage|p1b: Pelipper|88/100\n|move|p2b: Mamoswine|Iron Head|p1a: Glaceon\n|-activate|p1a: Glaceon|move: Protect\n|cant|p1b: Pelipper|flinch\n|\n|-weather|RainDance|[upkeep]\n|upkeep\n|turn|2\n|\n|t:|1788437831\n|switch|p2b: Toxapex|Toxapex, L50, F|100/100\n|switch|p1a: Archaludon|Archaludon, L50, F|100/100\n|move|p1b: Pelipper|Weather Ball|p2b: Toxapex\n|-resisted|p2b: Toxapex|1\n|-damage|p2b: Toxapex|73/100\n|move|p2a: Incineroar|Parting Shot|p1b: Pelipper\n|-unboost|p1b: Pelipper|atk|1\n|-unboost|p1b: Pelipper|spa|1\n|\n|t:|1788437844\n|switch|p2a: Mamoswine|Mamoswine, L50, F|100/100|[from] Parting Shot\n|\n|-weather|RainDance|[upkeep]\n|-heal|p2b: Toxapex|79/100|[from] item: Leftovers\n|upkeep\n|turn|3\n|\n|t:|1788437864\n|switch|p1a: Glaceon|Glaceon, L50, F|100/100\n|move|p2a: Mamoswine|High Horsepower|p1a: Glaceon\n|-damage|p1a: Glaceon|52/100\n|move|p1b: Pelipper|Weather Ball|p2a: Mamoswine\n|-supereffective|p2a: Mamoswine|1\n|-damage|p2a: Mamoswine|0 fnt\n|faint|p2a: Mamoswine\n|move|p2b: Toxapex|Stockpile|p2b: Toxapex\n|-start|p2b: Toxapex|stockpile1\n|-boost|p2b: Toxapex|def|1\n|-boost|p2b: Toxapex|spd|1\n|\n|-weather|RainDance|[upkeep]\n|-heal|p2b: Toxapex|85/100|[from] item: Leftovers\n|upkeep\n|\n|t:|1788437880\n|switch|p2a: Incineroar|Incineroar, L50, M|100/100\n|-ability|p2a: Incineroar|Intimidate|boost\n|-unboost|p1a: Glaceon|atk|1\n|-unboost|p1b: Pelipper|atk|1\n|turn|4\n|\n|t:|1788437896\n|move|p2a: Incineroar|Fake Out|p1a: Glaceon\n|-damage|p1a: Glaceon|42/100\n|cant|p1a: Glaceon|flinch\n|move|p1b: Pelipper|Weather Ball|p2a: Incineroar\n|-supereffective|p2a: Incineroar|1\n|-damage|p2a: Incineroar|25/100\n|move|p2b: Toxapex|Stockpile|p2b: Toxapex\n|-start|p2b: Toxapex|stockpile2\n|-boost|p2b: Toxapex|def|1\n|-boost|p2b: Toxapex|spd|1\n|\n|-weather|RainDance|[upkeep]\n|-heal|p2b: Toxapex|91/100|[from] item: Leftovers\n|upkeep\n|turn|5\n|\n|t:|1788437925\n|move|p1a: Glaceon|Yawn|p2b: Toxapex\n|-start|p2b: Toxapex|move: Yawn|[of] p1a: Glaceon\n|move|p1b: Pelipper|Hurricane|p2a: Incineroar\n|-crit|p2a: Incineroar\n|-damage|p2a: Incineroar|0 fnt\n|faint|p2a: Incineroar\n|move|p2b: Toxapex|Stockpile|p2b: Toxapex\n|-start|p2b: Toxapex|stockpile3\n|-boost|p2b: Toxapex|def|1\n|-boost|p2b: Toxapex|spd|1\n|\n|-weather|none\n|-heal|p2b: Toxapex|96/100|[from] item: Leftovers\n|upkeep\n|\n|t:|1788437939\n|switch|p2a: Hippowdon|Hippowdon, L50, F|100/100\n|turn|6\n|\n|t:|1788437955\n|switch|p1b: Ninetales|Ninetales-Alola, L50, F|100/100\n|-weather|Snowscape|[from] ability: Snow Warning|[of] p1b: Ninetales\n|move|p1a: Glaceon|Yawn|p2a: Hippowdon\n|-start|p2a: Hippowdon|move: Yawn|[of] p1a: Glaceon\n|move|p2a: Hippowdon|Body Press|p1a: Glaceon|[miss]\n|-miss|p2a: Hippowdon|p1a: Glaceon\n|move|p2b: Toxapex|Infestation|p1b: Ninetales\n|-resisted|p1b: Ninetales|1\n|-damage|p1b: Ninetales|97/100\n|-activate|p1b: Ninetales|move: Infestation|[of] p2b: Toxapex\n|\n|-weather|Snowscape|[upkeep]\n|-heal|p2b: Toxapex|100/100|[from] item: Leftovers\n|-damage|p1b: Ninetales|85/100|[from] move: Infestation|[partiallytrapped]\n|-end|p2b: Toxapex|move: Yawn|[silent]\n|-status|p2b: Toxapex|slp\n|upkeep\n|turn|7\n|\n|t:|1788437978\n|move|p1b: Ninetales|Blizzard|p2a: Hippowdon|[spread] p2a,p2b\n|-supereffective|p2a: Hippowdon|1\n|-resisted|p2b: Toxapex|1\n|-damage|p2a: Hippowdon|48/100\n|-damage|p2b: Toxapex|95/100 slp\n|-enditem|p2a: Hippowdon|Sitrus Berry|[eat]\n|-heal|p2a: Hippowdon|73/100|[from] item: Sitrus Berry\n|move|p1a: Glaceon|Freeze-Dry|p2b: Toxapex\n|-supereffective|p2b: Toxapex|1\n|-damage|p2b: Toxapex|71/100 slp\n|move|p2a: Hippowdon|Stockpile|p2a: Hippowdon\n|-start|p2a: Hippowdon|stockpile1\n|-boost|p2a: Hippowdon|def|1\n|-boost|p2a: Hippowdon|spd|1\n|cant|p2b: Toxapex|slp\n|\n|-weather|Snowscape|[upkeep]\n|-heal|p2b: Toxapex|77/100 slp|[from] item: Leftovers\n|-damage|p1b: Ninetales|73/100|[from] move: Infestation|[partiallytrapped]\n|-end|p2a: Hippowdon|move: Yawn|[silent]\n|-status|p2a: Hippowdon|slp\n|upkeep\n|turn|8\n|\n|t:|1788438005\n|move|p1b: Ninetales|Blizzard|p2b: Toxapex|[spread] p2a,p2b\n|-supereffective|p2a: Hippowdon|1\n|-resisted|p2b: Toxapex|1\n|-damage|p2a: Hippowdon|41/100 slp\n|-damage|p2b: Toxapex|73/100 slp\n|move|p1a: Glaceon|Freeze-Dry|p2b: Toxapex\n|-supereffective|p2b: Toxapex|1\n|-damage|p2b: Toxapex|52/100 slp\n|cant|p2a: Hippowdon|slp\n|cant|p2b: Toxapex|slp\n|\n|-weather|Snowscape|[upkeep]\n|-heal|p2b: Toxapex|58/100 slp|[from] item: Leftovers\n|-damage|p1b: Ninetales|61/100|[from] move: Infestation|[partiallytrapped]\n|upkeep\n|turn|9\n|\n|t:|1788438024\n|move|p1b: Ninetales|Blizzard|p2b: Toxapex|[spread] p2a,p2b\n|-supereffective|p2a: Hippowdon|1\n|-resisted|p2b: Toxapex|1\n|-damage|p2a: Hippowdon|8/100 slp\n|-damage|p2b: Toxapex|54/100 slp\n|move|p1a: Glaceon|Blizzard|p2a: Hippowdon|[spread] p2a,p2b\n|-supereffective|p2a: Hippowdon|1\n|-resisted|p2b: Toxapex|1\n|-damage|p2a: Hippowdon|0 fnt\n|-damage|p2b: Toxapex|47/100 slp\n|faint|p2a: Hippowdon\n|-curestatus|p2b: Toxapex|slp|[msg]\n|move|p2b: Toxapex|Recover|p2b: Toxapex\n|-heal|p2b: Toxapex|98/100\n|\n|-weather|Snowscape|[upkeep]\n|-heal|p2b: Toxapex|100/100|[from] item: Leftovers\n|-damage|p1b: Ninetales|49/100|[from] move: Infestation|[partiallytrapped]\n|upkeep\n|turn|10\n|\n|t:|1788438051\n|move|p1b: Ninetales|Hypnosis|p2b: Toxapex|[miss]\n|-miss|p1b: Ninetales|p2b: Toxapex\n|move|p1a: Glaceon|Yawn|p2b: Toxapex\n|-start|p2b: Toxapex|move: Yawn|[of] p1a: Glaceon\n|move|p2b: Toxapex|Infestation|p1a: Glaceon|[miss]\n|-miss|p2b: Toxapex|p1a: Glaceon\n|\n|-weather|none\n|-end|p1b: Ninetales|Infestation|[partiallytrapped]\n|upkeep\n|turn|11\n|\n|t:|1788438066\n|switch|p1b: Pelipper|Pelipper, L50, M|88/100\n|-weather|RainDance|[from] ability: Drizzle|[of] p1b: Pelipper\n|move|p1a: Glaceon|Detect|p1a: Glaceon\n|-singleturn|p1a: Glaceon|Protect\n|move|p2b: Toxapex|Infestation|p1a: Glaceon\n|-activate|p1a: Glaceon|move: Protect\n|\n|-weather|RainDance|[upkeep]\n|-end|p2b: Toxapex|move: Yawn|[silent]\n|-status|p2b: Toxapex|slp\n|upkeep\n|turn|12\n|\n|t:|1788438084\n|switch|p1a: Archaludon|Archaludon, L50, F|100/100\n|move|p1b: Pelipper|Hurricane|p2b: Toxapex\n|-damage|p2b: Toxapex|84/100 slp\n|cant|p2b: Toxapex|slp\n|\n|-weather|RainDance|[upkeep]\n|-heal|p2b: Toxapex|90/100 slp|[from] item: Leftovers\n|upkeep\n|turn|13\n|\n|t:|1788438095\n|move|p1a: Archaludon|Electro Shot||[still]\n|-prepare|p1a: Archaludon|Electro Shot\n|-boost|p1a: Archaludon|spa|1\n|-anim|p1a: Archaludon|Electro Shot|p2b: Toxapex\n|-supereffective|p2b: Toxapex|1\n|-damage|p2b: Toxapex|53/100 slp\n|move|p1b: Pelipper|Hurricane|p2b: Toxapex\n|-damage|p2b: Toxapex|37/100 slp\n|cant|p2b: Toxapex|slp\n|\n|-weather|RainDance|[upkeep]\n|-heal|p2b: Toxapex|43/100 slp|[from] item: Leftovers\n|upkeep\n|turn|14\n|\n|t:|1788438108\n|move|p1a: Archaludon|Electro Shot||[still]\n|-prepare|p1a: Archaludon|Electro Shot\n|-boost|p1a: Archaludon|spa|1\n|-anim|p1a: Archaludon|Electro Shot|p2b: Toxapex\n|-supereffective|p2b: Toxapex|1\n|-damage|p2b: Toxapex|0 fnt\n|faint|p2b: Toxapex\n|\n|win|Ranzurant\n|raw|Ranzurant's rating: 1221 &rarr; <strong>1248</strong><br />(+27 for winning)\n|raw|xanderpokemon's rating: 1251 &rarr; <strong>1224</strong><br />(-27 for losing)\n","uploadtime":1788438116,"views":"4","formatid":"gen9championsvgc2026regmb","rating":1224,"private":0,"password":null}