{"id":"gen9championsvgc2026regmb-2674050822","format":"[Gen 9 Champions] VGC 2026 Reg M-B","players":["caZISA","finchz"],"log":"|j|☆caZISA\n|j|☆finchz\n|html|<table width=\"100%\"><tr><td align=\"left\">caZISA</td><td align=\"right\">finchz</tr><tr><td align=\"left\"><i class=\"fa fa-circle\"></i> <i class=\"fa fa-circle-o\"></i> </td><td align=\"right\"><i class=\"fa fa-circle-o\"></i> <i class=\"fa fa-circle-o\"></i> </tr></table>\n|uhtml|bestof|<h2><strong>Game 2</strong> of <a href=\"/game-bestof3-gen9championsvgc2026regmb-2674049066\">a best-of-3</a></h2>\n|t:|1788292688\n|gametype|doubles\n|player|p1|caZISA|red|\n|player|p2|finchz|101|\n|gen|9\n|tier|[Gen 9 Champions] VGC 2026 Reg M-B\n|rated|Tournament battle\n|rule|Species Clause: Limit one of each Pokémon\n|rule|Item Clause: Limit 1 of each item\n|raw|<div class=\"infobox\"><details class=\"readmore\" open><summary><strong>2 custom rules:</strong></summary> Force Open Team Sheets, Best of = 3</details></div>\n|clearpoke\n|poke|p1|Charizard, L50, F, shiny|\n|poke|p1|Floette-Eternal, L50, F|\n|poke|p1|Garchomp, L50, M|\n|poke|p1|Venusaur, L50, F|\n|poke|p1|Incineroar, L50, F|\n|poke|p1|Sneasler, L50, F|\n|poke|p2|Froslass, L50, F|\n|poke|p2|Scizor, L50, M|\n|poke|p2|Milotic, L50, M|\n|poke|p2|Tyrantrum, L50, M|\n|poke|p2|Gardevoir, L50, F|\n|poke|p2|Weavile, L50, F|\n|teampreview|4\n|showteam|p1|Charizard||CharizarditeY|Blaze|HeatWave,WeatherBall,SolarBeam,Protect|Modest||F|||50|]Floette-Eternal||Floettite|FlowerVeil|Moonblast,DrainingKiss,CalmMind,Protect|Timid||F|||50|]Garchomp||ChoiceScarf|RoughSkin|DragonClaw,RockSlide,Earthquake,StompingTantrum|Adamant||M|||50|]Venusaur||WideLens|Chlorophyll|EarthPower,SludgeBomb,SleepPowder,Protect|Modest||F|||50|]Incineroar||SitrusBerry|Intimidate|FakeOut,FlareBlitz,ThroatChop,PartingShot|Careful||F|||50|]Sneasler||WhiteHerb|Unburden|FakeOut,DireClaw,CloseCombat,Protect|Jolly||F|||50|\n|showteam|p2|Froslass||Froslassite|SnowCloak|DestinyBond,Blizzard,ShadowBall,Protect|Timid||F|||50|]Scizor||LifeOrb|Technician|BugBite,BulletPunch,KnockOff,SwordsDance|Adamant||M|||50|]Milotic||Leftovers|Competitive|Scald,Blizzard,Recover,Protect|Calm||M|||50|]Tyrantrum||ChoiceScarf|RockHead|HeadSmash,RockSlide,DragonClaw,HighHorsepower|Jolly||M|||50|]Gardevoir||Gardevoirite|Synchronize|HyperVoice,AuraSphere,Protect,Psychic|Timid||F|||50|]Weavile||FocusSash|Pressure|FakeOut,KnockOff,TripleAxel,Feint|Jolly||F|||50|\n|inactive|Battle timer is ON: inactive players will automatically lose when time's up. (requested by caZISA)\n|\n|t:|1788292716\n|teamsize|p1|4\n|teamsize|p2|4\n|start\n|switch|p1a: Saphira|Charizard, L50, F, shiny|100/100\n|switch|p1b: Rene|Venusaur, L50, F|100/100\n|switch|p2a: Froslass|Froslass, L50, F|100/100\n|switch|p2b: Milotic|Milotic, L50, M|100/100\n|turn|1\n|\n|t:|1788292725\n|move|p2a: Froslass|Protect|p2a: Froslass\n|-singleturn|p2a: Froslass|Protect\n|move|p1a: Saphira|Protect|p1a: Saphira\n|-singleturn|p1a: Saphira|Protect\n|move|p1b: Rene|Protect|p1b: Rene\n|-singleturn|p1b: Rene|Protect\n|move|p2b: Milotic|Blizzard|p1b: Rene|[spread] \n|-activate|p1a: Saphira|move: Protect\n|-activate|p1b: Rene|move: Protect\n|\n|upkeep\n|turn|2\n|c|☆finchz|mmmmmmmmm\n|c|☆finchz|great minds think alike\n|inactive|finchz has 30 seconds left.\n|c|☆caZISA|yeah lol\n|\n|t:|1788292755\n|switch|p2a: Tyrantrum|Tyrantrum, L50, M|100/100\n|detailschange|p1a: Saphira|Charizard-Mega-Y, L50, F, shiny\n|-mega|p1a: Saphira|Charizard|Charizardite Y\n|-weather|SunnyDay|[from] ability: Drought|[of] p1a: Saphira\n|move|p1b: Rene|Sleep Powder|p2a: Tyrantrum|[miss]\n|-miss|p1b: Rene|p2a: Tyrantrum\n|move|p1a: Saphira|Heat Wave|p2a: Tyrantrum|[spread] p2a,p2b\n|-resisted|p2a: Tyrantrum|2\n|-resisted|p2b: Milotic|1\n|-damage|p2a: Tyrantrum|73/100\n|-damage|p2b: Milotic|79/100\n|move|p2b: Milotic|Blizzard|p1b: Rene|[spread] p1b\n|-miss|p2b: Milotic|p1a: Saphira\n|-supereffective|p1b: Rene|1\n|-damage|p1b: Rene|47/100\n|\n|-weather|SunnyDay|[upkeep]\n|-heal|p2b: Milotic|85/100|[from] item: Leftovers\n|upkeep\n|turn|3\n|inactive|caZISA has 30 seconds left.\n|\n|t:|1788292786\n|move|p1b: Rene|Sleep Powder|p2a: Tyrantrum\n|-status|p2a: Tyrantrum|slp|[from] move: Sleep Powder\n|cant|p2a: Tyrantrum|slp\n|move|p1a: Saphira|Solar Beam||[still]\n|-prepare|p1a: Saphira|Solar Beam\n|-anim|p1a: Saphira|Solar Beam|p2b: Milotic\n|-supereffective|p2b: Milotic|1\n|-damage|p2b: Milotic|23/100\n|move|p2b: Milotic|Blizzard|p1b: Rene|[spread] p1a,p1b\n|-supereffective|p1b: Rene|1\n|-damage|p1a: Saphira|78/100\n|-damage|p1b: Rene|0 fnt\n|faint|p1b: Rene\n|\n|-weather|SunnyDay|[upkeep]\n|-heal|p2b: Milotic|29/100|[from] item: Leftovers\n|upkeep\n|c|☆finchz|im doing somehting stupid\n|\n|t:|1788292797\n|switch|p1b: Sharkboy|Garchomp, L50, M|100/100\n|turn|4\n|c|☆finchz|wow the gamble paid off\n|\n|t:|1788292810\n|move|p2b: Milotic|Protect|p2b: Milotic\n|-singleturn|p2b: Milotic|Protect\n|move|p1b: Sharkboy|Earthquake|p2a: Tyrantrum|[spread] p2a\n|-activate|p2b: Milotic|move: Protect\n|-immune|p1a: Saphira\n|-supereffective|p2a: Tyrantrum|1\n|-damage|p2a: Tyrantrum|0 fnt\n|faint|p2a: Tyrantrum\n|move|p1a: Saphira|Heat Wave|p2b: Milotic\n|-activate|p2b: Milotic|move: Protect\n|\n|-weather|SunnyDay|[upkeep]\n|-heal|p2b: Milotic|35/100|[from] item: Leftovers\n|upkeep\n|\n|t:|1788292821\n|switch|p2a: Froslass|Froslass, L50, F|100/100\n|turn|5\n|inactive|finchz has 30 seconds left.\n|\n|t:|1788292848\n|move|p2a: Froslass|Protect|p2a: Froslass\n|-singleturn|p2a: Froslass|Protect\n|move|p1b: Sharkboy|Earthquake|p2b: Milotic|[spread] p2b\n|-activate|p2a: Froslass|move: Protect\n|-immune|p1a: Saphira\n|-damage|p2b: Milotic|0 fnt\n|faint|p2b: Milotic\n|move|p1a: Saphira|Heat Wave|p2a: Froslass\n|-activate|p2a: Froslass|move: Protect\n|\n|-weather|SunnyDay|[upkeep]\n|upkeep\n|\n|t:|1788292851\n|switch|p2b: Weavile|Weavile, L50, F|100/100\n|-ability|p2b: Weavile|Pressure\n|turn|6\n|\n|t:|1788292875\n|switch|p1b: Tigre Toño|Incineroar, L50, F|100/100\n|-ability|p1b: Tigre Toño|Intimidate|boost\n|-unboost|p2a: Froslass|atk|1\n|-unboost|p2b: Weavile|atk|1\n|detailschange|p2a: Froslass|Froslass-Mega, L50, F\n|-mega|p2a: Froslass|Froslass|Froslassite\n|-weather|Snowscape|[from] ability: Snow Warning|[of] p2a: Froslass\n|move|p2b: Weavile|Fake Out|p1b: Tigre Toño\n|-damage|p1b: Tigre Toño|91/100\n|move|p2a: Froslass|Blizzard|p1a: Saphira|[spread] p1a,p1b\n|-resisted|p1b: Tigre Toño|1\n|-crit|p1b: Tigre Toño\n|-damage|p1a: Saphira|35/100\n|-damage|p1b: Tigre Toño|65/100\n|move|p1a: Saphira|Heat Wave|p2a: Froslass|[spread] p2a\n|-miss|p1a: Saphira|p2b: Weavile\n|-supereffective|p2a: Froslass|1\n|-damage|p2a: Froslass|0 fnt\n|faint|p2a: Froslass\n|\n|-weather|Snowscape|[upkeep]\n|upkeep\n|turn|7\n|c|☆finchz|damn\n|c|☆finchz|shoulda done shadow ball\n|c|☆finchz|well gg\n|c|☆caZISA|gg\n|j| Indigo Crisp\n|c|☆caZISA|wp\n|c|☆finchz|wp\n|\n|t:|1788292896\n|move|p1b: Tigre Toño|Fake Out|p2b: Weavile\n|-damage|p2b: Weavile|88/100\n|cant|p2b: Weavile|flinch\n|move|p1a: Saphira|Heat Wave|p2b: Weavile\n|-supereffective|p2b: Weavile|1\n|-damage|p2b: Weavile|0 fnt\n|faint|p2b: Weavile\n|\n|win|caZISA\n","uploadtime":1788292896,"views":"1","formatid":"gen9championsvgc2026regmb","rating":null,"private":0,"password":null}