{"id":"gen9championsvgc2026regmbbo3-2673648508","format":"[Gen 9 Champions] VGC 2026 Reg M-B (Bo3)","players":["Luma Tactas","NitsuaZ"],"log":"|j|☆Luma Tactas\n|j|☆NitsuaZ\n|html|<table width=\"100%\"><tr><td align=\"left\">Luma Tactas</td><td align=\"right\">NitsuaZ</tr><tr><td align=\"left\"><i class=\"fa fa-circle\"></i> <i class=\"fa fa-circle-o\"></i> </td><td align=\"right\"><i class=\"fa fa-circle-o\"></i> <i class=\"fa fa-circle-o\"></i> </tr></table>\n|uhtml|bestof|<h2><strong>Game 2</strong> of <a href=\"/game-bestof3-gen9championsvgc2026regmbbo3-2673646204\">a best-of-3</a></h2>\n|t:|1788226869\n|gametype|doubles\n|player|p1|Luma Tactas|acetrainerf|1149\n|player|p2|NitsuaZ|1|1038\n|gen|9\n|tier|[Gen 9 Champions] VGC 2026 Reg M-B (Bo3)\n|rated|\n|rule|Species Clause: Limit one of each Pokémon\n|rule|Item Clause: Limit 1 of each item\n|clearpoke\n|poke|p1|Gardevoir, L50, F, shiny|\n|poke|p1|Sneasler, L50, M|\n|poke|p1|Sinistcha, L50|\n|poke|p1|Rotom-Wash, L50|\n|poke|p1|Talonflame, L50, M|\n|poke|p1|Garchomp, L50, F|\n|poke|p2|Charizard, L50, F|\n|poke|p2|Venusaur, L50, M|\n|poke|p2|Incineroar, L50, M|\n|poke|p2|Whimsicott, L50, M|\n|poke|p2|Annihilape, L50, F|\n|poke|p2|Primarina, L50, F|\n|teampreview|4\n|showteam|p1|Gardevoir||Gardevoirite|Synchronize|HyperVoice,Psychic,TrickRoom,Protect|Modest||F|||50|]Sneasler||WhiteHerb|Unburden|FakeOut,CloseCombat,DireClaw,Protect|Jolly||M|||50|]Sinistcha||SitrusBerry|Hospitality|MatchaGotcha,RagePowder,StrengthSap,LifeDew|Bold|||||50|]Rotom-Wash||Leftovers|Levitate|Thunderbolt,WillOWisp,HydroPump,Protect|Modest|||||50|]Talonflame||FocusSash|GaleWings|Tailwind,DualWingbeat,FlareBlitz,Protect|Jolly||M|||50|]Garchomp||LifeOrb|RoughSkin|StompingTantrum,RockSlide,Earthquake,Protect|Jolly||F|||50|\n|showteam|p2|Charizard||CharizarditeY|Blaze|HeatWave,WeatherBall,SolarBeam,Protect|Timid||F|||50|]Venusaur||Venusaurite|Chlorophyll|SolarBeam,SludgeBomb,Protect,EarthPower|Modest||M|||50|]Incineroar||ChopleBerry|Intimidate|FlareBlitz,PartingShot,FakeOut,HelpingHand|Careful||M|||50|]Whimsicott||FocusSash|Prankster|Tailwind,Moonblast,Encore,SunnyDay|Bold||M|||50|]Annihilape||Leftovers|Defiant|RageFist,DrainPunch,RockSlide,Protect|Adamant||F|||50|]Primarina||LifeOrb|LiquidVoice|Moonblast,HyperVoice,IcyWind,Protect|Modest||F|||50|\n|\n|t:|1788226919\n|teamsize|p1|4\n|teamsize|p2|4\n|start\n|switch|p1a: Morganucodon|Talonflame, L50, M|100/100\n|switch|p1b: Motorwash|Rotom-Wash, L50|100/100\n|switch|p2a: Venusaur|Venusaur, L50, M|100/100\n|switch|p2b: Charizard|Charizard, L50, F|100/100\n|turn|1\n|\n|t:|1788226947\n|detailschange|p2b: Charizard|Charizard-Mega-Y, L50, F\n|-mega|p2b: Charizard|Charizard|Charizardite Y\n|-weather|SunnyDay|[from] ability: Drought|[of] p2b: Charizard\n|move|p2b: Charizard|Protect|p2b: Charizard\n|-singleturn|p2b: Charizard|Protect\n|move|p1b: Motorwash|Protect|p1b: Motorwash\n|-singleturn|p1b: Motorwash|Protect\n|move|p1a: Morganucodon|Tailwind|p1a: Morganucodon\n|-sidestart|p1: Luma Tactas|move: Tailwind\n|move|p2a: Venusaur|Sludge Bomb|p1a: Morganucodon\n|-damage|p1a: Morganucodon|30/100\n|-status|p1a: Morganucodon|psn\n|\n|-weather|SunnyDay|[upkeep]\n|-damage|p1a: Morganucodon|18/100 psn|[from] psn\n|upkeep\n|turn|2\n|\n|t:|1788226974\n|switch|p2b: Whimsicott|Whimsicott, L50, M|100/100\n|move|p1a: Morganucodon|Flare Blitz|p2a: Venusaur\n|-supereffective|p2a: Venusaur|1\n|-damage|p2a: Venusaur|0 fnt\n|faint|p2a: Venusaur\n|-damage|p1a: Morganucodon|0 fnt|[from] Recoil\n|faint|p1a: Morganucodon\n|move|p1b: Motorwash|Thunderbolt|p2b: Whimsicott\n|-resisted|p2b: Whimsicott|1\n|-crit|p2b: Whimsicott\n|-damage|p2b: Whimsicott|45/100\n|-status|p2b: Whimsicott|par\n|\n|-weather|SunnyDay|[upkeep]\n|upkeep\n|\n|t:|1788226989\n|switch|p1a: Unseen|Sneasler, L50, M|100/100\n|switch|p2a: Charizard|Charizard-Mega-Y, L50, F|100/100\n|turn|3\n|\n|t:|1788227005\n|switch|p2b: Primarina|Primarina, L50, F|100/100\n|move|p2a: Charizard|Protect|p2a: Charizard\n|-singleturn|p2a: Charizard|Protect\n|move|p1a: Unseen|Fake Out|p2b: Primarina\n|-damage|p2b: Primarina|81/100\n|move|p1b: Motorwash|Thunderbolt|p2b: Primarina\n|-supereffective|p2b: Primarina|1\n|-crit|p2b: Primarina\n|-damage|p2b: Primarina|0 fnt\n|faint|p2b: Primarina\n|\n|-weather|SunnyDay|[upkeep]\n|upkeep\n|\n|t:|1788227009\n|switch|p2b: Whimsicott|Whimsicott, L50, M|45/100 par\n|turn|4\n|\n|t:|1788227044\n|move|p2b: Whimsicott|Tailwind|p2b: Whimsicott\n|-sidestart|p2: NitsuaZ|move: Tailwind\n|move|p1a: Unseen|Dire Claw|p2b: Whimsicott\n|-supereffective|p2b: Whimsicott|2\n|-damage|p2b: Whimsicott|0 fnt\n|faint|p2b: Whimsicott\n|move|p2a: Charizard|Solar Beam||[still]\n|-prepare|p2a: Charizard|Solar Beam\n|-anim|p2a: Charizard|Solar Beam|p1b: Motorwash\n|-supereffective|p1b: Motorwash|1\n|-damage|p1b: Motorwash|0 fnt\n|faint|p1b: Motorwash\n|\n|-weather|SunnyDay|[upkeep]\n|-sideend|p1: Luma Tactas|move: Tailwind\n|upkeep\n|\n|t:|1788227056\n|switch|p1b: Starflare|Garchomp, L50, F|100/100\n|turn|5\n|\n|t:|1788227071\n|move|p2a: Charizard|Heat Wave|p1b: Starflare|[spread] p1a,p1b\n|-resisted|p1b: Starflare|1\n|-damage|p1a: Unseen|17/100\n|-damage|p1b: Starflare|63/100\n|move|p1a: Unseen|Dire Claw|p2a: Charizard\n|-damage|p2a: Charizard|38/100\n|-status|p2a: Charizard|slp\n|move|p1b: Starflare|Rock Slide|p2a: Charizard\n|-supereffective|p2a: Charizard|2\n|-damage|p2a: Charizard|0 fnt\n|faint|p2a: Charizard\n|-damage|p1b: Starflare|54/100|[from] item: Life Orb\n|\n|win|Luma Tactas\n|raw|Luma Tactas's rating: 1149 &rarr; <strong>1166</strong><br />(+17 for winning)\n|raw|NitsuaZ's rating: 1038 &rarr; <strong>1027</strong><br />(-11 for losing)\n|l|☆NitsuaZ\n|player|p2|\n","uploadtime":1788227096,"views":"10","formatid":"gen9championsvgc2026regmbbo3","rating":1027,"private":0,"password":null}