{"id":"gen9championsvgc2026regmb-2674669856","format":"[Gen 9 Champions] VGC 2026 Reg M-B","players":["ethalem99","imboto"],"log":"|j|☆ethalem99\n|j|☆imboto\n|t:|1788387959\n|gametype|doubles\n|player|p1|ethalem99|acetrainer-gen4dp|1321\n|player|p2|imboto|169|1323\n|gen|9\n|tier|[Gen 9 Champions] VGC 2026 Reg M-B\n|rated|\n|rule|Species Clause: Limit one of each Pokémon\n|rule|Item Clause: Limit 1 of each item\n|clearpoke\n|poke|p1|Dragonite, L50, M|\n|poke|p1|Sneasler, L50, F|\n|poke|p1|Basculegion, L50, M|\n|poke|p1|Kingambit, L50, F|\n|poke|p1|Garchomp, L50, F|\n|poke|p1|Floette-Eternal, L50, F|\n|poke|p2|Staraptor, L50, F|\n|poke|p2|Grimmsnarl, L50, M|\n|poke|p2|Sneasler, L50, M|\n|poke|p2|Mudsdale, L50, F|\n|poke|p2|Rotom-Wash, L50|\n|poke|p2|Aerodactyl, L50, F|\n|teampreview|4\n|inactive|Battle timer is ON: inactive players will automatically lose when time's up. (requested by ethalem99)\n|\n|t:|1788387982\n|teamsize|p1|4\n|teamsize|p2|4\n|start\n|switch|p1a: Garchomp|Garchomp, L50, F|100/100\n|switch|p1b: Sneasler|Sneasler, L50, F|100/100\n|switch|p2a: Grimmsnarl|Grimmsnarl, L50, M|100/100\n|switch|p2b: Sneasler|Sneasler, L50, M|100/100\n|turn|1\n|inactive|imboto has 30 seconds left.\n|\n|t:|1788388009\n|move|p2b: Sneasler|Protect|p2b: Sneasler\n|-singleturn|p2b: Sneasler|Protect\n|move|p1b: Sneasler|Fake Out|p2b: Sneasler\n|-activate|p2b: Sneasler|move: Protect\n|move|p2a: Grimmsnarl|Sucker Punch||[still]\n|-fail|p2a: Grimmsnarl\n|move|p1a: Garchomp|Stomping Tantrum|p2b: Sneasler\n|-activate|p2b: Sneasler|move: Protect\n|\n|upkeep\n|turn|2\n|\n|t:|1788388023\n|move|p1b: Sneasler|Feint|p2b: Sneasler\n|-damage|p2b: Sneasler|81/100\n|move|p2a: Grimmsnarl|Swagger|p2b: Sneasler\n|-boost|p2b: Sneasler|atk|2\n|-start|p2b: Sneasler|confusion\n|-enditem|p2b: Sneasler|Lum Berry|[eat]\n|-end|p2b: Sneasler|confusion\n|move|p2b: Sneasler|Close Combat|p1a: Garchomp\n|-damage|p1a: Garchomp|0 fnt\n|-unboost|p2b: Sneasler|def|1\n|-unboost|p2b: Sneasler|spd|1\n|-damage|p2b: Sneasler|69/100|[from] ability: Rough Skin|[of] p1a: Garchomp\n|faint|p1a: Garchomp\n|\n|upkeep\n|\n|t:|1788388035\n|switch|p1a: Basculegion|Basculegion, L50, M|100/100\n|turn|3\n|\n|t:|1788388047\n|move|p1b: Sneasler|Feint|p2b: Sneasler\n|-damage|p2b: Sneasler|40/100\n|move|p1a: Basculegion|Aqua Jet|p2b: Sneasler\n|-damage|p2b: Sneasler|0 fnt\n|faint|p2b: Sneasler\n|-damage|p1a: Basculegion|90/100|[from] item: Life Orb\n|move|p2a: Grimmsnarl|Parting Shot|p1b: Sneasler\n|-unboost|p1b: Sneasler|atk|1\n|-unboost|p1b: Sneasler|spa|1\n|\n|t:|1788388063\n|switch|p2a: Staraptor|Staraptor, L50, F|100/100|[from] Parting Shot\n|-ability|p2a: Staraptor|Intimidate|boost\n|-unboost|p1a: Basculegion|atk|1\n|-unboost|p1b: Sneasler|atk|1\n|\n|upkeep\n|\n|t:|1788388069\n|switch|p2b: Grimmsnarl|Grimmsnarl, L50, M|100/100\n|turn|4\n|\n|t:|1788388087\n|detailschange|p2a: Staraptor|Staraptor-Mega, L50, F\n|-mega|p2a: Staraptor|Staraptor|Staraptite\n|move|p2b: Grimmsnarl|Parting Shot|p2a: Staraptor\n|-boost|p2a: Staraptor|atk|1\n|-boost|p2a: Staraptor|spa|1\n|\n|t:|1788388092\n|switch|p2b: Rotom|Rotom-Wash, L50|100/100|[from] Parting Shot\n|move|p1b: Sneasler|Dire Claw|p2a: Staraptor\n|-damage|p2a: Staraptor|77/100\n|-status|p2a: Staraptor|psn\n|move|p2a: Staraptor|Dual Wingbeat|p1a: Basculegion\n|-damage|p1a: Basculegion|50/100g\n|-damage|p1a: Basculegion|8/100\n|-hitcount|p1a: Basculegion|2\n|move|p1a: Basculegion|Wave Crash|p2a: Staraptor\n|-damage|p2a: Staraptor|2/100 psn\n|-damage|p1a: Basculegion|0 fnt|[from] Recoil\n|faint|p1a: Basculegion\n|\n|-damage|p2a: Staraptor|0 fnt|[from] psn\n|faint|p2a: Staraptor\n|upkeep\n|\n|t:|1788388112\n|switch|p2a: Grimmsnarl|Grimmsnarl, L50, M|100/100\n|switch|p1a: Kingambit|Kingambit, L50, F|100/100\n|turn|5\n|\n|t:|1788388129\n|move|p2a: Grimmsnarl|Parting Shot|p1b: Sneasler\n|-unboost|p1b: Sneasler|atk|1\n|-unboost|p1b: Sneasler|spa|1\n|move|p1b: Sneasler|Dire Claw|p2b: Rotom\n|-damage|p2b: Rotom|82/100\n|move|p2b: Rotom|Will-O-Wisp|p1a: Kingambit\n|-status|p1a: Kingambit|brn\n|move|p1a: Kingambit|Kowtow Cleave|p2b: Rotom\n|-damage|p2b: Rotom|56/100\n|\n|-heal|p2b: Rotom|63/100|[from] item: Leftovers\n|-damage|p1a: Kingambit|94/100 brn|[from] brn\n|upkeep\n|turn|6\n|\n|t:|1788388148\n|move|p2b: Rotom|Protect|p2b: Rotom\n|-singleturn|p2b: Rotom|Protect\n|move|p2a: Grimmsnarl|Sucker Punch|p1b: Sneasler\n|-resisted|p1b: Sneasler|1\n|-damage|p1b: Sneasler|75/100\n|move|p1b: Sneasler|Dire Claw|p2a: Grimmsnarl\n|-supereffective|p2a: Grimmsnarl|1\n|-damage|p2a: Grimmsnarl|67/100\n|move|p1a: Kingambit|Kowtow Cleave|p2b: Rotom\n|-activate|p2b: Rotom|move: Protect\n|\n|-heal|p2b: Rotom|69/100|[from] item: Leftovers\n|-damage|p1a: Kingambit|88/100 brn|[from] brn\n|upkeep\n|turn|7\n|\n|t:|1788388169\n|move|p2a: Grimmsnarl|Sucker Punch|p1b: Sneasler\n|-resisted|p1b: Sneasler|1\n|-damage|p1b: Sneasler|52/100\n|move|p1b: Sneasler|Dire Claw|p2b: Rotom\n|-damage|p2b: Rotom|50/100y\n|move|p2b: Rotom|Thunderbolt|p1a: Kingambit\n|-damage|p1a: Kingambit|50/100g brn\n|move|p1a: Kingambit|Kowtow Cleave|p2b: Rotom\n|-damage|p2b: Rotom|26/100\n|\n|-heal|p2b: Rotom|32/100|[from] item: Leftovers\n|-damage|p1a: Kingambit|44/100 brn|[from] brn\n|upkeep\n|turn|8\n|\n|t:|1788388189\n|move|p2b: Rotom|Protect|p2b: Rotom\n|-singleturn|p2b: Rotom|Protect\n|move|p2a: Grimmsnarl|Sucker Punch|p1a: Kingambit\n|-resisted|p1a: Kingambit|1\n|-damage|p1a: Kingambit|34/100 brn\n|move|p1b: Sneasler|Dire Claw|p2a: Grimmsnarl\n|-supereffective|p2a: Grimmsnarl|1\n|-damage|p2a: Grimmsnarl|33/100\n|move|p1a: Kingambit|Iron Head|p2a: Grimmsnarl\n|-supereffective|p2a: Grimmsnarl|1\n|-damage|p2a: Grimmsnarl|0 fnt\n|faint|p2a: Grimmsnarl\n|\n|-heal|p2b: Rotom|38/100|[from] item: Leftovers\n|-damage|p1a: Kingambit|28/100 brn|[from] brn\n|upkeep\n|turn|9\n|\n|t:|1788388211\n|move|p1b: Sneasler|Dire Claw|p2b: Rotom\n|-damage|p2b: Rotom|21/100\n|move|p2b: Rotom|Thunderbolt|p1a: Kingambit\n|-damage|p1a: Kingambit|0 fnt\n|faint|p1a: Kingambit\n|\n|-heal|p2b: Rotom|27/100|[from] item: Leftovers\n|upkeep\n|turn|10\n|\n|t:|1788388224\n|move|p1b: Sneasler|Feint|p2b: Rotom\n|-damage|p2b: Rotom|22/100\n|move|p2b: Rotom|Hydro Pump|p1b: Sneasler\n|-damage|p1b: Sneasler|0 fnt\n|faint|p1b: Sneasler\n|\n|win|imboto\n|raw|ethalem99's rating: 1321 &rarr; <strong>1301</strong><br />(-20 for losing)\n|raw|imboto's rating: 1323 &rarr; <strong>1343</strong><br />(+20 for winning)\n","uploadtime":1788388227,"views":"4","formatid":"gen9championsvgc2026regmb","rating":1301,"private":0,"password":null}