{"id":"gen9championsvgc2026regmbbo3-2674502899","format":"[Gen 9 Champions] VGC 2026 Reg M-B (Bo3)","players":["con luccello","renatogaucho"],"log":"|j|☆con luccello\n|j|☆renatogaucho\n|html|<table width=\"100%\"><tr><td align=\"left\">con luccello</td><td align=\"right\">renatogaucho</tr><tr><td align=\"left\"><i class=\"fa fa-circle-o\"></i> <i class=\"fa fa-circle-o\"></i> </td><td align=\"right\"><i class=\"fa fa-circle-o\"></i> <i class=\"fa fa-circle\"></i> </tr></table>\n|uhtml|bestof|<h2><strong>Game 2</strong> of <a href=\"/game-bestof3-gen9championsvgc2026regmbbo3-2674500477\">a best-of-3</a></h2>\n|t:|1788367422\n|gametype|doubles\n|player|p1|con luccello|102|1083\n|player|p2|renatogaucho|rosa|1083\n|gen|9\n|tier|[Gen 9 Champions] VGC 2026 Reg M-B (Bo3)\n|rated|\n|rule|Species Clause: Limit one of each Pokémon\n|rule|Item Clause: Limit 1 of each item\n|clearpoke\n|poke|p1|Charizard, L50, F|\n|poke|p1|Garchomp, L50, M|\n|poke|p1|Farigiraf, L50, M|\n|poke|p1|Sylveon, L50, M|\n|poke|p1|Kingambit, L50, M|\n|poke|p1|Aerodactyl, L50, M|\n|poke|p2|Oranguru, L50, F|\n|poke|p2|Scovillain, L50, M|\n|poke|p2|Torkoal, L50, F|\n|poke|p2|Sylveon, L50, M|\n|poke|p2|Kommo-o, L50, F|\n|poke|p2|Gholdengo, L50|\n|teampreview|4\n|showteam|p1|Charizard||CharizarditeY|Blaze|HeatWave,WeatherBall,SolarBeam,Protect|Modest||F|||50|]Garchomp||LifeOrb|RoughSkin|DragonClaw,Earthquake,StompingTantrum,Protect|Jolly||M|||50|]Farigiraf||SitrusBerry|ArmorTail|TrickRoom,Psychic,Protect,Thunderbolt|Bold||M|||50|]Sylveon||FairyFeather|Pixilate|Detect,HyperVoice,HyperBeam,QuickAttack|Quiet||M|||50|]Kingambit||FocusSash|Defiant|SuckerPunch,IronHead,KowtowCleave,LowKick|Adamant||M|||50|]Aerodactyl||Aerodactylite|Unnerve|IceFang,DualWingbeat,RockSlide,Tailwind|Jolly||M|||50|\n|showteam|p2|Oranguru||SitrusBerry|InnerFocus|Instruct,Psychic,Encore,TrickRoom|Bold||F|||50|]Scovillain||Scovillainite|Moody|GigaDrain,Flamethrower,Protect,RagePowder|Bold||M|||50|]Torkoal||Charcoal|Drought|Eruption,WeatherBall,EarthPower,Protect|Quiet||F|||50|]Sylveon||FairyFeather|Pixilate|HyperVoice,CalmMind,Detect,Moonblast|Quiet||M|||50|]Kommo-o||LifeOrb|Soundproof|ClangingScales,AuraSphere,FlashCannon,Protect|Modest||F|||50|]Gholdengo||ChoiceScarf|GoodasGold|PowerGem,MakeItRain,ShadowBall,Thunderbolt|Timid|||||50|\n|inactive|Battle timer is ON: inactive players will automatically lose when time's up. (requested by renatogaucho)\n|inactive|con luccello has 60 seconds left.\n|inactive|renatogaucho has 60 seconds left.\n|inactive|renatogaucho has 30 seconds left.\n|\n|t:|1788367493\n|teamsize|p1|4\n|teamsize|p2|4\n|start\n|switch|p1a: Garchomp|Garchomp, L50, M|100/100\n|switch|p1b: Charizard|Charizard, L50, F|100/100\n|switch|p2a: Oranguru|Oranguru, L50, F|100/100\n|switch|p2b: Scovillain|Scovillain, L50, M|100/100\n|turn|1\n|\n|t:|1788367512\n|detailschange|p1b: Charizard|Charizard-Mega-Y, L50, F\n|-mega|p1b: Charizard|Charizard|Charizardite Y\n|-weather|SunnyDay|[from] ability: Drought|[of] p1b: Charizard\n|detailschange|p2b: Scovillain|Scovillain-Mega, L50, M\n|-mega|p2b: Scovillain|Scovillain|Scovillainite\n|move|p1a: Garchomp|Earthquake|p2b: Scovillain|[spread] p2a,p2b\n|-immune|p1b: Charizard\n|-damage|p2a: Oranguru|62/100\n|-damage|p2b: Scovillain|56/100\n|-status|p1a: Garchomp|brn|[from] ability: Spicy Spray|[of] p2b: Scovillain\n|-damage|p1a: Garchomp|90/100 brn|[from] item: Life Orb\n|move|p1b: Charizard|Heat Wave|p2a: Oranguru|[spread] p2b\n|-miss|p1b: Charizard|p2a: Oranguru\n|-damage|p2b: Scovillain|0 fnt\n|faint|p2b: Scovillain\n|move|p2a: Oranguru|Trick Room|p2a: Oranguru\n|-fieldstart|move: Trick Room|[of] p2a: Oranguru\n|\n|-weather|SunnyDay|[upkeep]\n|-damage|p1a: Garchomp|84/100 brn|[from] brn\n|upkeep\n|\n|t:|1788367529\n|switch|p2b: Sylveon|Sylveon, L50, M|100/100\n|turn|2\n|\n|t:|1788367548\n|move|p2b: Sylveon|Calm Mind|p2b: Sylveon\n|-boost|p2b: Sylveon|spa|1\n|-boost|p2b: Sylveon|spd|1\n|move|p2a: Oranguru|Instruct|p2b: Sylveon\n|-singleturn|p2b: Sylveon|move: Instruct|[of] p2a: Oranguru\n|move|p2b: Sylveon|Calm Mind|p2b: Sylveon\n|-boost|p2b: Sylveon|spa|1\n|-boost|p2b: Sylveon|spd|1\n|move|p1b: Charizard|Weather Ball|p2b: Sylveon\n|-damage|p2b: Sylveon|68/100\n|move|p1a: Garchomp|Earthquake|p2a: Oranguru|[spread] p2a,p2b\n|-immune|p1b: Charizard\n|-damage|p2a: Oranguru|43/100\n|-damage|p2b: Sylveon|38/100\n|-enditem|p2a: Oranguru|Sitrus Berry|[eat]\n|-heal|p2a: Oranguru|68/100|[from] item: Sitrus Berry\n|-damage|p1a: Garchomp|74/100 brn|[from] item: Life Orb\n|\n|-weather|SunnyDay|[upkeep]\n|-damage|p1a: Garchomp|68/100 brn|[from] brn\n|upkeep\n|turn|3\n|inactive|con luccello has 30 seconds left.\n|\n|t:|1788367580\n|move|p1b: Charizard|Protect|p1b: Charizard\n|-singleturn|p1b: Charizard|Protect\n|move|p1a: Garchomp|Protect|p1a: Garchomp\n|-singleturn|p1a: Garchomp|Protect\n|move|p2b: Sylveon|Hyper Voice|p1a: Garchomp|[spread] \n|-activate|p1a: Garchomp|move: Protect\n|-activate|p1b: Charizard|move: Protect\n|move|p2a: Oranguru|Instruct|p2b: Sylveon\n|-singleturn|p2b: Sylveon|move: Instruct|[of] p2a: Oranguru\n|move|p2b: Sylveon|Hyper Voice|p1a: Garchomp|[spread] \n|-activate|p1a: Garchomp|move: Protect\n|-activate|p1b: Charizard|move: Protect\n|\n|-weather|SunnyDay|[upkeep]\n|-damage|p1a: Garchomp|62/100 brn|[from] brn\n|upkeep\n|turn|4\n|\n|t:|1788367604\n|move|p2b: Sylveon|Hyper Voice|p1a: Garchomp|[spread] p1a,p1b\n|-supereffective|p1a: Garchomp|1\n|-resisted|p1b: Charizard|1\n|-damage|p1a: Garchomp|0 fnt\n|-damage|p1b: Charizard|55/100\n|faint|p1a: Garchomp\n|move|p2a: Oranguru|Instruct|p2b: Sylveon\n|-singleturn|p2b: Sylveon|move: Instruct|[of] p2a: Oranguru\n|move|p2b: Sylveon|Hyper Voice|p1b: Charizard\n|-resisted|p1b: Charizard|1\n|-damage|p1b: Charizard|0 fnt\n|faint|p1b: Charizard\n|\n|-weather|SunnyDay|[upkeep]\n|upkeep\n|\n|t:|1788367608\n|switch|p1b: Sylveon|Sylveon, L50, M|100/100\n|switch|p1a: Kingambit|Kingambit, L50, M|100/100\n|turn|5\n|\n|t:|1788367630\n|move|p2b: Sylveon|Hyper Voice|p1b: Sylveon|[spread] p1a,p1b\n|-enditem|p1a: Kingambit|Focus Sash\n|-damage|p1a: Kingambit|1/100\n|-damage|p1b: Sylveon|28/100\n|move|p1b: Sylveon|Hyper Beam|p2b: Sylveon\n|-damage|p2b: Sylveon|1/100\n|-mustrecharge|p1b: Sylveon\n|move|p2a: Oranguru|Instruct|p2b: Sylveon\n|-singleturn|p2b: Sylveon|move: Instruct|[of] p2a: Oranguru\n|move|p2b: Sylveon|Hyper Voice|p1b: Sylveon|[spread] p1a,p1b\n|-damage|p1a: Kingambit|0 fnt\n|-damage|p1b: Sylveon|0 fnt\n|faint|p1a: Kingambit\n|faint|p1b: Sylveon\n|\n|win|renatogaucho\n|raw|con luccello's rating: 1083 &rarr; <strong>1061</strong><br />(-22 for losing)\n|raw|renatogaucho's rating: 1083 &rarr; <strong>1111</strong><br />(+28 for winning)\n","uploadtime":1788367644,"views":"9","formatid":"gen9championsvgc2026regmbbo3","rating":1061,"private":0,"password":null}