{"id":"gen9championsvgc2026regmbbo3-2673864490","format":"[Gen 9 Champions] VGC 2026 Reg M-B (Bo3)","players":["humania1","pucheeltuerto"],"log":"|j|☆humania1\n|j|☆pucheeltuerto\n|html|<table width=\"100%\"><tr><td align=\"left\">humania1</td><td align=\"right\">pucheeltuerto</tr><tr><td align=\"left\"><i class=\"fa fa-circle-o\"></i> <i class=\"fa fa-circle-o\"></i> </td><td align=\"right\"><i class=\"fa fa-circle-o\"></i> <i class=\"fa fa-circle-o\"></i> </tr></table>\n|uhtml|bestof|<h2><strong>Game 1</strong> of <a href=\"/game-bestof3-gen9championsvgc2026regmbbo3-2673864489\">a best-of-3</a></h2>\n|t:|1788270320\n|gametype|doubles\n|player|p1|humania1|265|1022\n|player|p2|pucheeltuerto|roxie|1000\n|gen|9\n|tier|[Gen 9 Champions] VGC 2026 Reg M-B (Bo3)\n|rated|\n|rule|Species Clause: Limit one of each Pokémon\n|rule|Item Clause: Limit 1 of each item\n|clearpoke\n|poke|p1|Blastoise, L50, F|\n|poke|p1|Delphox, L50, M, shiny|\n|poke|p1|Incineroar, L50, F|\n|poke|p1|Sinistcha, L50|\n|poke|p1|Sneasler, L50, M|\n|poke|p1|Vivillon, L50, F|\n|poke|p2|Camerupt, L50, F|\n|poke|p2|Empoleon, L50, M|\n|poke|p2|Farigiraf, L50, F|\n|poke|p2|Sylveon, L50, F|\n|poke|p2|Umbreon, L50, F|\n|poke|p2|Snorlax, L50, F|\n|teampreview|4\n|showteam|p1|Blastoise||Blastoisinite|Torrent|Protect,ShellSmash,WaterSpout,DarkPulse|Modest||F|||50|]Delphox||Delphoxite|Blaze|Protect,HeatWave,Psyshock,NastyPlot|Timid||M|||50|]Incineroar||PasshoBerry|Intimidate|FakeOut,PartingShot,FlareBlitz,ThroatChop|Impish||F|||50|]Sinistcha||SitrusBerry|Hospitality|Protect,MatchaGotcha,TrickRoom,RagePowder|Bold|||||50|]Sneasler||FocusSash|PoisonTouch|QuickGuard,FakeOut,CloseCombat,DireClaw|Jolly||M|||50|]Vivillon||ChoiceScarf|CompoundEyes|Hurricane,SleepPowder,RagePowder,Uturn|Timid||F|||50|\n|showteam|p2|Camerupt||Cameruptite|MagmaArmor|SolarBeam,Protect,EarthPower,HeatWave|Modest||F|||50|]Empoleon||ShucaBerry|Competitive|Surf,IceBeam,Protect,FlashCannon|Modest||M|||50|]Farigiraf||FocusSash|ArmorTail|TrickRoom,Psyshock,Protect,HelpingHand|Sassy||F|||50|]Sylveon||FairyFeather|Pixilate|Detect,Wish,HyperBeam,HyperVoice|Modest||F|||50|]Umbreon||Leftovers|InnerFocus|FoulPlay,Yawn,Detect,Moonlight|Relaxed||F|||50|]Snorlax||SitrusBerry|ThickFat|Protect,Curse,BodySlam,HammerArm|Brave||F|||50|\n|inactive|Battle timer is ON: inactive players will automatically lose when time's up. (requested by humania1)\n|\n|t:|1788270332\n|teamsize|p1|4\n|teamsize|p2|4\n|start\n|switch|p1a: Incineroar|Incineroar, L50, F|100/100\n|switch|p1b: Sinistcha|Sinistcha, L50|100/100\n|switch|p2a: Farigiraf|Farigiraf, L50, F|100/100\n|switch|p2b: Snorlax|Snorlax, L50, F|100/100\n|-ability|p1a: Incineroar|Intimidate|boost\n|-unboost|p2a: Farigiraf|atk|1\n|-unboost|p2b: Snorlax|atk|1\n|turn|1\n|\n|t:|1788270348\n|move|p1a: Incineroar|Throat Chop|p2a: Farigiraf\n|-supereffective|p2a: Farigiraf|1\n|-damage|p2a: Farigiraf|25/100\n|-start|p2a: Farigiraf|Throat Chop|[silent]\n|move|p1b: Sinistcha|Matcha Gotcha|p2b: Snorlax|[spread] p2b\n|-miss|p1b: Sinistcha|p2a: Farigiraf\n|-damage|p2b: Snorlax|86/100\n|move|p2b: Snorlax|Hammer Arm|p1a: Incineroar\n|-supereffective|p1a: Incineroar|1\n|-damage|p1a: Incineroar|59/100\n|-unboost|p2b: Snorlax|spe|1\n|move|p2a: Farigiraf|Trick Room|p2a: Farigiraf\n|-fieldstart|move: Trick Room|[of] p2a: Farigiraf\n|\n|upkeep\n|turn|2\n|inactive|pucheeltuerto has 30 seconds left.\n|\n|t:|1788270375\n|move|p2a: Farigiraf|Helping Hand|p2b: Snorlax\n|-singleturn|p2b: Snorlax|Helping Hand|[of] p2a: Farigiraf\n|move|p2b: Snorlax|Hammer Arm|p1a: Incineroar\n|-supereffective|p1a: Incineroar|1\n|-damage|p1a: Incineroar|3/100\n|-unboost|p2b: Snorlax|spe|1\n|move|p1b: Sinistcha|Matcha Gotcha|p2a: Farigiraf|[spread] p2a,p2b\n|-damage|p2a: Farigiraf|7/100\n|-damage|p2b: Snorlax|71/100\n|move|p1a: Incineroar|Throat Chop|p2a: Farigiraf\n|-supereffective|p2a: Farigiraf|1\n|-damage|p2a: Farigiraf|0 fnt\n|faint|p2a: Farigiraf\n|\n|upkeep\n|\n|t:|1788270389\n|switch|p2a: Empoleon|Empoleon, L50, M|100/100\n|turn|3\n|\n|t:|1788270404\n|switch|p1a: Sneasler|Sneasler, L50, M|100/100\n|move|p1b: Sinistcha|Protect|p1b: Sinistcha\n|-singleturn|p1b: Sinistcha|Protect\n|move|p2b: Snorlax|Body Slam|p1a: Sneasler\n|-damage|p1a: Sneasler|48/100\n|move|p2a: Empoleon|Ice Beam|p1b: Sinistcha\n|-activate|p1b: Sinistcha|move: Protect\n|\n|upkeep\n|turn|4\n|\n|t:|1788270428\n|switch|p1b: Incineroar|Incineroar, L50, F|3/100\n|-ability|p1b: Incineroar|Intimidate|boost\n|-unboost|p2a: Empoleon|atk|1\n|-ability|p2a: Empoleon|Competitive|boost\n|-boost|p2a: Empoleon|spa|2\n|-unboost|p2b: Snorlax|atk|1\n|move|p2b: Snorlax|Body Slam|p1a: Sneasler\n|-damage|p1a: Sneasler|12/100\n|move|p2a: Empoleon|Ice Beam|p1b: Incineroar\n|-resisted|p1b: Incineroar|1\n|-damage|p1b: Incineroar|0 fnt\n|faint|p1b: Incineroar\n|move|p1a: Sneasler|Close Combat|p2a: Empoleon\n|-supereffective|p2a: Empoleon|1\n|-damage|p2a: Empoleon|0 fnt\n|-unboost|p1a: Sneasler|def|1\n|-unboost|p1a: Sneasler|spd|1\n|faint|p2a: Empoleon\n|\n|upkeep\n|\n|t:|1788270446\n|switch|p2a: Umbreon|Umbreon, L50, F|100/100\n|switch|p1b: Vivillon|Vivillon, L50, F|100/100\n|turn|5\n|\n|t:|1788270465\n|switch|p1b: Sinistcha|Sinistcha, L50|100/100\n|-heal|p1a: Sneasler|37/100|[from] ability: Hospitality|[of] p1b: Sinistcha\n|move|p2b: Snorlax|Body Slam|p1a: Sneasler\n|-damage|p1a: Sneasler|0 fnt\n|faint|p1a: Sneasler\n|move|p2a: Umbreon|Yawn|p1b: Sinistcha\n|-start|p1b: Sinistcha|move: Yawn|[of] p2a: Umbreon\n|\n|-fieldend|move: Trick Room\n|upkeep\n|\n|t:|1788270465\n|switch|p1a: Vivillon|Vivillon, L50, F|100/100\n|turn|6\n|\n|t:|1788270490\n|move|p2a: Umbreon|Detect|p2a: Umbreon\n|-singleturn|p2a: Umbreon|Protect\n|move|p2b: Snorlax|Protect|p2b: Snorlax\n|-singleturn|p2b: Snorlax|Protect\n|move|p1a: Vivillon|Sleep Powder|p2a: Umbreon\n|-activate|p2a: Umbreon|move: Protect\n|move|p1b: Sinistcha|Trick Room|p1b: Sinistcha\n|-fieldstart|move: Trick Room|[of] p1b: Sinistcha\n|\n|-end|p1b: Sinistcha|move: Yawn|[silent]\n|-status|p1b: Sinistcha|slp\n|upkeep\n|turn|7\n|\n|t:|1788270515\n|cant|p1b: Sinistcha|slp\n|move|p2b: Snorlax|Body Slam|p1a: Vivillon\n|-damage|p1a: Vivillon|59/100\n|move|p2a: Umbreon|Foul Play|p1b: Sinistcha\n|-supereffective|p1b: Sinistcha|1\n|-damage|p1b: Sinistcha|62/100 slp\n|move|p1a: Vivillon|Sleep Powder|p2a: Umbreon\n|-status|p2a: Umbreon|slp|[from] move: Sleep Powder\n|\n|upkeep\n|turn|8\n|\n|t:|1788270535\n|move|p2b: Snorlax|Body Slam|p1a: Vivillon\n|-damage|p1a: Vivillon|15/100\n|cant|p2a: Umbreon|slp\n|-curestatus|p1b: Sinistcha|slp|[msg]\n|move|p1b: Sinistcha|Matcha Gotcha|p2a: Umbreon|[spread] p2a,p2b\n|-damage|p2a: Umbreon|83/100 slp\n|-heal|p1b: Sinistcha|72/100|[from] drain|[of] p2a: Umbreon\n|-damage|p2b: Snorlax|57/100\n|-heal|p1b: Sinistcha|83/100|[from] drain|[of] p2b: Snorlax\n|-status|p2b: Snorlax|brn\n|move|p1a: Vivillon|Sleep Powder|p2a: Umbreon\n|-fail|p2a: Umbreon|slp\n|\n|-heal|p2a: Umbreon|89/100 slp|[from] item: Leftovers\n|-damage|p2b: Snorlax|51/100 brn|[from] brn\n|upkeep\n|turn|9\n|inactive|pucheeltuerto has 30 seconds left.\n|\n|t:|1788270561\n|move|p1b: Sinistcha|Protect|p1b: Sinistcha\n|-singleturn|p1b: Sinistcha|Protect\n|move|p2b: Snorlax|Body Slam|p1a: Vivillon\n|-damage|p1a: Vivillon|0 fnt\n|faint|p1a: Vivillon\n|cant|p2a: Umbreon|slp\n|\n|-heal|p2a: Umbreon|95/100 slp|[from] item: Leftovers\n|-damage|p2b: Snorlax|45/100 brn|[from] brn\n|upkeep\n|-enditem|p2b: Snorlax|Sitrus Berry|[eat]\n|-heal|p2b: Snorlax|70/100 brn|[from] item: Sitrus Berry\n|turn|10\n|\n|t:|1788270580\n|move|p2b: Snorlax|Body Slam|p1b: Sinistcha\n|-immune|p1b: Sinistcha\n|-curestatus|p2a: Umbreon|slp|[msg]\n|move|p2a: Umbreon|Foul Play|p1b: Sinistcha\n|-supereffective|p1b: Sinistcha|1\n|-damage|p1b: Sinistcha|49/100\n|-enditem|p1b: Sinistcha|Sitrus Berry|[eat]\n|-heal|p1b: Sinistcha|74/100|[from] item: Sitrus Berry\n|move|p1b: Sinistcha|Matcha Gotcha|p2a: Umbreon|[spread] p2a,p2b\n|-damage|p2a: Umbreon|79/100\n|-heal|p1b: Sinistcha|83/100|[from] drain|[of] p2a: Umbreon\n|-damage|p2b: Snorlax|55/100 brn\n|-heal|p1b: Sinistcha|94/100|[from] drain|[of] p2b: Snorlax\n|\n|-heal|p2a: Umbreon|85/100|[from] item: Leftovers\n|-damage|p2b: Snorlax|49/100 brn|[from] brn\n|-fieldend|move: Trick Room\n|upkeep\n|turn|11\n|inactive|pucheeltuerto has 30 seconds left.\n|\n|t:|1788270608\n|move|p2b: Snorlax|Protect|p2b: Snorlax\n|-singleturn|p2b: Snorlax|Protect\n|move|p2a: Umbreon|Foul Play|p1b: Sinistcha\n|-supereffective|p1b: Sinistcha|1\n|-damage|p1b: Sinistcha|60/100\n|move|p1b: Sinistcha|Trick Room|p1b: Sinistcha\n|-fieldstart|move: Trick Room|[of] p1b: Sinistcha\n|\n|-heal|p2a: Umbreon|91/100|[from] item: Leftovers\n|-damage|p2b: Snorlax|43/100 brn|[from] brn\n|upkeep\n|turn|12\n|\n|t:|1788270623\n|move|p2b: Snorlax|Protect||[still]\n|-fail|p2b: Snorlax\n|move|p1b: Sinistcha|Protect|p1b: Sinistcha\n|-singleturn|p1b: Sinistcha|Protect\n|move|p2a: Umbreon|Foul Play|p1b: Sinistcha\n|-activate|p1b: Sinistcha|move: Protect\n|\n|-heal|p2a: Umbreon|97/100|[from] item: Leftovers\n|-damage|p2b: Snorlax|37/100 brn|[from] brn\n|upkeep\n|turn|13\n|\n|t:|1788270637\n|move|p2b: Snorlax|Protect|p2b: Snorlax\n|-singleturn|p2b: Snorlax|Protect\n|move|p1b: Sinistcha|Rage Powder|p1b: Sinistcha\n|-singleturn|p1b: Sinistcha|move: Rage Powder\n|move|p2a: Umbreon|Foul Play|p1b: Sinistcha\n|-supereffective|p1b: Sinistcha|1\n|-damage|p1b: Sinistcha|23/100\n|\n|-heal|p2a: Umbreon|100/100|[from] item: Leftovers\n|-damage|p2b: Snorlax|31/100 brn|[from] brn\n|upkeep\n|turn|14\n|\n|t:|1788270649\n|move|p2b: Snorlax|Protect||[still]\n|-fail|p2b: Snorlax\n|move|p1b: Sinistcha|Protect|p1b: Sinistcha\n|-singleturn|p1b: Sinistcha|Protect\n|move|p2a: Umbreon|Foul Play|p1b: Sinistcha\n|-activate|p1b: Sinistcha|move: Protect\n|\n|-damage|p2b: Snorlax|25/100 brn|[from] brn\n|upkeep\n|turn|15\n|\n|t:|1788270660\n|move|p2b: Snorlax|Protect|p2b: Snorlax\n|-singleturn|p2b: Snorlax|Protect\n|move|p1b: Sinistcha|Rage Powder|p1b: Sinistcha\n|-singleturn|p1b: Sinistcha|move: Rage Powder\n|move|p2a: Umbreon|Foul Play|p1b: Sinistcha\n|-supereffective|p1b: Sinistcha|1\n|-damage|p1b: Sinistcha|0 fnt\n|faint|p1b: Sinistcha\n|\n|win|pucheeltuerto\n","uploadtime":1788270661,"views":"0","formatid":"gen9championsvgc2026regmbbo3","rating":null,"private":0,"password":null}