{"id":"gen9championsvgc2026regmbbo3-2673894307","format":"[Gen 9 Champions] VGC 2026 Reg M-B (Bo3)","players":["marcio1428","aadriaann8"],"log":"|j|☆marcio1428\n|j|☆aadriaann8\n|html|<table width=\"100%\"><tr><td align=\"left\">marcio1428</td><td align=\"right\">aadriaann8</tr><tr><td align=\"left\"><i class=\"fa fa-circle\"></i> <i class=\"fa fa-circle-o\"></i> </td><td align=\"right\"><i class=\"fa fa-circle-o\"></i> <i class=\"fa fa-circle\"></i> </tr></table>\n|uhtml|bestof|<h2><strong>Game 3</strong> of <a href=\"/game-bestof3-gen9championsvgc2026regmbbo3-2673889626\">a best-of-3</a></h2>\n|t:|1788274087\n|gametype|doubles\n|player|p1|marcio1428|101|1059\n|player|p2|aadriaann8|iris|1130\n|gen|9\n|tier|[Gen 9 Champions] VGC 2026 Reg M-B (Bo3)\n|rated|\n|rule|Species Clause: Limit one of each Pokémon\n|rule|Item Clause: Limit 1 of each item\n|clearpoke\n|poke|p1|Staraptor, L50, F|\n|poke|p1|Whimsicott, L50, F|\n|poke|p1|Gholdengo, L50|\n|poke|p1|Farigiraf, L50, M|\n|poke|p1|Excadrill, L50, M|\n|poke|p1|Tyranitar, L50, F|\n|poke|p2|Floette-Eternal, L50, F|\n|poke|p2|Dragonite, L50, F|\n|poke|p2|Kingambit, L50, M|\n|poke|p2|Basculegion, L50, M|\n|poke|p2|Sneasler, L50, M|\n|poke|p2|Garchomp, L50, M|\n|teampreview|4\n|showteam|p1|Staraptor||Staraptite|Intimidate|BraveBird,CloseCombat,Tailwind,Protect|Jolly||F|||50|]Whimsicott||FocusSash|Prankster|Moonblast,Charm,Tailwind,Encore|Timid||F|||50|]Gholdengo||LifeOrb|GoodasGold|MakeItRain,ShadowBall,PowerGem,Protect|Timid|||||50|]Farigiraf||SitrusBerry|ArmorTail|Psychic,Thunderbolt,TrickRoom,NastyPlot|Bold||M|||50|]Excadrill||ExpertBelt|SandRush|Earthquake,IronHead,HighHorsepower,Protect|Adamant||M|||50|]Tyranitar||ChopleBerry|SandStream|RockSlide,KnockOff,LowKick,Protect|Adamant||F|||50|\n|showteam|p2|Floette-Eternal||Floettite|FlowerVeil|LightofRuin,DazzlingGleam,CalmMind,Protect|Timid||F|||50|]Dragonite||Dragoninite|Multiscale|DragonPulse,HeatWave,Thunderbolt,Protect|Modest||F|||50|]Kingambit||ChopleBerry|Defiant|SuckerPunch,KowtowCleave,LowKick,IronHead|Adamant||M|||50|]Basculegion||LifeOrb|Adaptability|AquaJet,WaveCrash,LastRespects,Protect|Adamant||M|||50|]Sneasler||FocusSash|PoisonTouch|FakeOut,PoisonJab,CloseCombat,Feint|Jolly||M|||50|]Garchomp||ChoiceScarf|RoughSkin|RockSlide,Earthquake,DragonClaw,StompingTantrum|Jolly||M|||50|\n|\n|t:|1788274139\n|teamsize|p1|4\n|teamsize|p2|4\n|start\n|switch|p1a: Gholdengo|Gholdengo, L50|100/100\n|switch|p1b: Staraptor|Staraptor, L50, F|100/100\n|switch|p2a: Floette|Floette-Eternal, L50, F|100/100\n|switch|p2b: Basculegion|Basculegion, L50, M|100/100\n|-ability|p1b: Staraptor|Intimidate|boost\n|-unboost|p2a: Floette|atk|1\n|-unboost|p2b: Basculegion|atk|1\n|turn|1\n|inactive|Battle timer is ON: inactive players will automatically lose when time's up. (requested by aadriaann8)\n|\n|t:|1788274167\n|switch|p2b: Kingambit|Kingambit, L50, M|100/100\n|detailschange|p1b: Staraptor|Staraptor-Mega, L50, F\n|-mega|p1b: Staraptor|Staraptor|Staraptite\n|detailschange|p2a: Floette|Floette-Mega, L50, F\n|-mega|p2a: Floette|Floette|Floettite\n|-ability|p2a: Floette|Fairy Aura\n|move|p1b: Staraptor|Protect|p1b: Staraptor\n|-singleturn|p1b: Staraptor|Protect\n|move|p2a: Floette|Protect|p2a: Floette\n|-singleturn|p2a: Floette|Protect\n|move|p1a: Gholdengo|Shadow Ball|p2b: Kingambit\n|-resisted|p2b: Kingambit|1\n|-damage|p2b: Kingambit|70/100\n|-damage|p1a: Gholdengo|90/100|[from] item: Life Orb\n|\n|upkeep\n|turn|2\n|inactive|aadriaann8 has 30 seconds left.\n|inactive|aadriaann8 has 20 seconds left.\n|\n|t:|1788274204\n|move|p1a: Gholdengo|Protect|p1a: Gholdengo\n|-singleturn|p1a: Gholdengo|Protect\n|move|p2b: Kingambit|Sucker Punch||[still]\n|-fail|p2b: Kingambit\n|move|p1b: Staraptor|Close Combat|p2b: Kingambit\n|-supereffective|p2b: Kingambit|2\n|-enditem|p2b: Kingambit|Chople Berry|[eat]\n|-enditem|p2b: Kingambit|Chople Berry|[weaken]\n|-damage|p2b: Kingambit|0 fnt\n|-boost|p1b: Staraptor|def|1\n|-boost|p1b: Staraptor|spd|1\n|faint|p2b: Kingambit\n|move|p2a: Floette|Dazzling Gleam|p1b: Staraptor|[spread] p1b\n|-activate|p1a: Gholdengo|move: Protect\n|-supereffective|p1b: Staraptor|1\n|-damage|p1b: Staraptor|28/100\n|\n|upkeep\n|\n|t:|1788274217\n|switch|p2b: Basculegion|Basculegion, L50, M|100/100\n|turn|3\n|\n|t:|1788274240\n|move|p1b: Staraptor|Protect|p1b: Staraptor\n|-singleturn|p1b: Staraptor|Protect\n|move|p2b: Basculegion|Protect|p2b: Basculegion\n|-singleturn|p2b: Basculegion|Protect\n|move|p2a: Floette|Dazzling Gleam|p1b: Staraptor|[spread] p1a\n|-activate|p1b: Staraptor|move: Protect\n|-resisted|p1a: Gholdengo|1\n|-damage|p1a: Gholdengo|62/100\n|move|p1a: Gholdengo|Make It Rain|p2b: Basculegion|[spread] p2a\n|-activate|p2b: Basculegion|move: Protect\n|-supereffective|p2a: Floette|1\n|-damage|p2a: Floette|1/100\n|-unboost|p1a: Gholdengo|spa|2\n|-damage|p1a: Gholdengo|53/100|[from] item: Life Orb\n|\n|upkeep\n|turn|4\n|inactive|aadriaann8 has 30 seconds left.\n|\n|t:|1788274269\n|move|p2a: Floette|Protect|p2a: Floette\n|-singleturn|p2a: Floette|Protect\n|move|p1b: Staraptor|Tailwind|p1b: Staraptor\n|-sidestart|p1: marcio1428|move: Tailwind\n|move|p1a: Gholdengo|Make It Rain|p2b: Basculegion|[spread] p2b\n|-activate|p2a: Floette|move: Protect\n|-resisted|p2b: Basculegion|1\n|-damage|p2b: Basculegion|80/100\n|-unboost|p1a: Gholdengo|spa|2\n|-damage|p1a: Gholdengo|43/100|[from] item: Life Orb\n|move|p2b: Basculegion|Last Respects|p1a: Gholdengo\n|-supereffective|p1a: Gholdengo|1\n|-damage|p1a: Gholdengo|0 fnt\n|faint|p1a: Gholdengo\n|-damage|p2b: Basculegion|70/100|[from] item: Life Orb\n|\n|upkeep\n|\n|t:|1788274285\n|switch|p1a: Tyranitar|Tyranitar, L50, F|100/100\n|-weather|Sandstorm|[from] ability: Sand Stream|[of] p1a: Tyranitar\n|turn|5\n|\n|t:|1788274305\n|move|p1b: Staraptor|Close Combat|p2a: Floette\n|-resisted|p2a: Floette|1\n|-damage|p2a: Floette|0 fnt\n|-boost|p1b: Staraptor|def|1\n|-boost|p1b: Staraptor|spd|1\n|faint|p2a: Floette\n|move|p1a: Tyranitar|Knock Off|p2b: Basculegion\n|-supereffective|p2b: Basculegion|1\n|-damage|p2b: Basculegion|0 fnt\n|-enditem|p2b: Basculegion|Life Orb|[from] move: Knock Off|[of] p1a: Tyranitar\n|faint|p2b: Basculegion\n|\n|-weather|Sandstorm|[upkeep]\n|-damage|p1b: Staraptor|22/100|[from] Sandstorm\n|upkeep\n|\n|t:|1788274313\n|switch|p2b: Garchomp|Garchomp, L50, M|100/100\n|turn|6\n|inactive|marcio1428 has 30 seconds left.\n|inactive|marcio1428 has 20 seconds left.\n|inactive|marcio1428 has 15 seconds left.\n|inactive|marcio1428 has 10 seconds left.\n|\n|t:|1788274359\n|move|p1b: Staraptor|Close Combat|p2b: Garchomp\n|-damage|p2b: Garchomp|29/100\n|-boost|p1b: Staraptor|def|1\n|-boost|p1b: Staraptor|spd|1\n|-damage|p1b: Staraptor|9/100|[from] ability: Rough Skin|[of] p2b: Garchomp\n|move|p2b: Garchomp|Rock Slide|p1b: Staraptor|[spread] p1a,p1b\n|-damage|p1a: Tyranitar|85/100\n|-damage|p1b: Staraptor|0 fnt\n|faint|p1b: Staraptor\n|cant|p1a: Tyranitar|flinch\n|\n|-weather|Sandstorm|[upkeep]\n|upkeep\n|\n|t:|1788274370\n|switch|p1b: Excadrill|Excadrill, L50, M|100/100\n|turn|7\n|inactive|aadriaann8 has 30 seconds left.\n|inactive|aadriaann8 has 20 seconds left.\n|inactive|aadriaann8 has 15 seconds left.\n|inactive|aadriaann8 has 10 seconds left.\n|inactive|aadriaann8 has 5 seconds left.\n|\n|t:|1788274426\n|move|p1b: Excadrill|Iron Head|p2b: Garchomp\n|-damage|p2b: Garchomp|0 fnt\n|-damage|p1b: Excadrill|87/100|[from] ability: Rough Skin|[of] p2b: Garchomp\n|faint|p2b: Garchomp\n|\n|win|marcio1428\n|raw|marcio1428's rating: 1059 &rarr; <strong>1096</strong><br />(+37 for winning)\n|raw|aadriaann8's rating: 1130 &rarr; <strong>1100</strong><br />(-30 for losing)\n","uploadtime":1788274459,"views":"4","formatid":"gen9championsvgc2026regmbbo3","rating":1096,"private":0,"password":null}