{"id":"gen9championsvgc2026regmb-2674921471","format":"[Gen 9 Champions] VGC 2026 Reg M-B","players":["VictoriousDancing","looger02"],"log":"|j|☆VictoriousDancing\n|j|☆looger02\n|t:|1788436299\n|gametype|doubles\n|player|p1|VictoriousDancing|cynthia|1382\n|player|p2|looger02|gardenia|1339\n|gen|9\n|tier|[Gen 9 Champions] VGC 2026 Reg M-B\n|rated|\n|rule|Species Clause: Limit one of each Pokémon\n|rule|Item Clause: Limit 1 of each item\n|clearpoke\n|poke|p1|Charizard, L50, M, shiny|\n|poke|p1|Basculegion, L50, M, shiny|\n|poke|p1|Whimsicott, L50, M, shiny|\n|poke|p1|Garchomp, L50, F, shiny|\n|poke|p1|Kingambit, L50, M, shiny|\n|poke|p1|Floette-Eternal, L50, F|\n|poke|p2|Gyarados, L50, M, shiny|\n|poke|p2|Sinistcha, L50|\n|poke|p2|Weavile, L50, F|\n|poke|p2|Toxapex, L50, M, shiny|\n|poke|p2|Metagross, L50, shiny|\n|poke|p2|Kommo-o, L50, F, shiny|\n|teampreview|4\n|inactive|Battle timer is ON: inactive players will automatically lose when time's up. (requested by looger02)\n|inactive|VictoriousDancing also wants the timer to be on.\nVictoriousDancing rejected open team sheets.\n|\n|t:|1788436312\n|teamsize|p1|4\n|teamsize|p2|4\n|start\n|switch|p1a: Whimsicott|Whimsicott, L50, M, shiny|100/100\n|switch|p1b: Charizard|Charizard, L50, M, shiny|100/100\n|switch|p2a: Weavile|Weavile, L50, F|100/100\n|switch|p2b: Toxapex|Toxapex, L50, M, shiny|100/100\n|turn|1\n|\n|t:|1788436325\n|detailschange|p1b: Charizard|Charizard-Mega-Y, L50, M, shiny\n|-mega|p1b: Charizard|Charizard|Charizardite Y\n|-weather|SunnyDay|[from] ability: Drought|[of] p1b: Charizard\n|move|p1a: Whimsicott|Protect|p1a: Whimsicott\n|-singleturn|p1a: Whimsicott|Protect\n|move|p2a: Weavile|Protect|p2a: Weavile\n|-singleturn|p2a: Weavile|Protect\n|move|p1b: Charizard|Protect|p1b: Charizard\n|-singleturn|p1b: Charizard|Protect\n|move|p2b: Toxapex|Toxic|p1a: Whimsicott\n|-activate|p1a: Whimsicott|move: Protect\n|\n|-weather|SunnyDay|[upkeep]\n|upkeep\n|turn|2\n|inactive|looger02 has 30 seconds left.\n|\n|t:|1788436359\n|move|p1a: Whimsicott|Tailwind|p1a: Whimsicott\n|-sidestart|p1: VictoriousDancing|move: Tailwind\n|move|p1b: Charizard|Weather Ball|p2a: Weavile\n|-supereffective|p2a: Weavile|1\n|-enditem|p2a: Weavile|Focus Sash\n|-damage|p2a: Weavile|1/100\n|move|p2a: Weavile|Triple Axel|p1a: Whimsicott|[miss]\n|-miss|p2a: Weavile|p1a: Whimsicott\n|move|p2b: Toxapex|Toxic|p1a: Whimsicott\n|-status|p1a: Whimsicott|tox\n|\n|-weather|SunnyDay|[upkeep]\n|-damage|p1a: Whimsicott|94/100 tox|[from] psn\n|upkeep\n|turn|3\n|\n|t:|1788436379\n|move|p2a: Weavile|Protect|p2a: Weavile\n|-singleturn|p2a: Weavile|Protect\n|move|p1a: Whimsicott|Encore|p2b: Toxapex\n|-start|p2b: Toxapex|Encore\n|move|p1b: Charizard|Weather Ball|p2a: Weavile\n|-activate|p2a: Weavile|move: Protect\n|move|p2b: Toxapex|Toxic|p1a: Whimsicott\n|-fail|p1a: Whimsicott|tox\n|\n|-weather|SunnyDay|[upkeep]\n|-damage|p1a: Whimsicott|82/100 tox|[from] psn\n|upkeep\n|turn|4\n|\n|t:|1788436399\n|move|p1a: Whimsicott|Moonblast|p2a: Weavile\n|-supereffective|p2a: Weavile|1\n|-damage|p2a: Weavile|0 fnt\n|faint|p2a: Weavile\n|move|p1b: Charizard|Weather Ball|p2b: Toxapex\n|-resisted|p2b: Toxapex|1\n|-damage|p2b: Toxapex|68/100\n|move|p2b: Toxapex|Toxic|p1b: Charizard\n|-status|p1b: Charizard|tox\n|\n|-weather|SunnyDay|[upkeep]\n|-heal|p2b: Toxapex|73/100|[from] item: Leftovers\n|-damage|p1a: Whimsicott|64/100 tox|[from] psn\n|-damage|p1b: Charizard|94/100 tox|[from] psn\n|upkeep\n|\n|t:|1788436411\n|switch|p2a: Metagross|Metagross, L50, shiny|100/100\n|turn|5\n|inactive|looger02 has 30 seconds left.\n|\n|t:|1788436445\n|switch|p2a: Kommo-o|Kommo-o, L50, F, shiny|100/100\n|move|p1a: Whimsicott|Protect|p1a: Whimsicott\n|-singleturn|p1a: Whimsicott|Protect\n|move|p1b: Charizard|Weather Ball|p2a: Kommo-o\n|-immune|p2a: Kommo-o|[from] ability: Bulletproof\n|move|p2b: Toxapex|Toxic|p1b: Charizard\n|-fail|p1b: Charizard|tox\n|\n|-weather|none\n|-heal|p2b: Toxapex|79/100|[from] item: Leftovers\n|-damage|p1a: Whimsicott|40/100 tox|[from] psn\n|-damage|p1b: Charizard|82/100 tox|[from] psn\n|-end|p2b: Toxapex|Encore\n|-sideend|p1: VictoriousDancing|move: Tailwind\n|upkeep\n|turn|6\n|inactive|looger02 has 30 seconds left.\n|\n|t:|1788436470\n|switch|p1b: Basculegion|Basculegion, L50, M, shiny|100/100\n|move|p2a: Kommo-o|Protect|p2a: Kommo-o\n|-singleturn|p2a: Kommo-o|Protect\n|move|p1a: Whimsicott|Tailwind|p1a: Whimsicott\n|-sidestart|p1: VictoriousDancing|move: Tailwind\n|move|p2b: Toxapex|Infestation|p1a: Whimsicott\n|-damage|p1a: Whimsicott|35/100 tox\n|-activate|p1a: Whimsicott|move: Infestation|[of] p2b: Toxapex\n|\n|-heal|p2b: Toxapex|85/100|[from] item: Leftovers\n|-damage|p1a: Whimsicott|5/100 tox|[from] psn\n|-damage|p1a: Whimsicott|0 fnt|[from] move: Infestation|[partiallytrapped]\n|faint|p1a: Whimsicott\n|upkeep\n|\n|t:|1788436470\n|switch|p1a: Charizard|Charizard-Mega-Y, L50, M, shiny|82/100 tox\n|-weather|SunnyDay|[from] ability: Drought|[of] p1a: Charizard\n|turn|7\n|inactive|looger02 has 30 seconds left.\n|\n|t:|1788436505\n|move|p1b: Basculegion|Flip Turn|p2a: Kommo-o\n|-resisted|p2a: Kommo-o|1\n|-damage|p2a: Kommo-o|91/100\n|\n|t:|1788436505\n|switch|p1b: Garchomp|Garchomp, L50, F, shiny|100/100|[from] Flip Turn\n|move|p1a: Charizard|Weather Ball|p2b: Toxapex\n|-resisted|p2b: Toxapex|1\n|-damage|p2b: Toxapex|52/100\n|move|p2a: Kommo-o|Clanging Scales|p1a: Charizard|[spread] p1a,p1b\n|-supereffective|p1b: Garchomp|1\n|-damage|p1a: Charizard|46/100 tox\n|-damage|p1b: Garchomp|18/100\n|-unboost|p2a: Kommo-o|def|1\n|move|p2b: Toxapex|Infestation|p1a: Charizard\n|-resisted|p1a: Charizard|2\n|-damage|p1a: Charizard|46/100 tox\n|-activate|p1a: Charizard|move: Infestation|[of] p2b: Toxapex\n|\n|-weather|SunnyDay|[upkeep]\n|-heal|p2b: Toxapex|57/100|[from] item: Leftovers\n|-damage|p1a: Charizard|40/100 tox|[from] psn\n|-damage|p1a: Charizard|27/100 tox|[from] move: Infestation|[partiallytrapped]\n|upkeep\n|turn|8\n|\n|t:|1788436529\n|move|p2b: Toxapex|Baneful Bunker|p2b: Toxapex\n|-singleturn|p2b: Toxapex|move: Protect\n|move|p1b: Garchomp|Dragon Claw|p2a: Kommo-o\n|-supereffective|p2a: Kommo-o|1\n|-enditem|p2a: Kommo-o|Haban Berry|[eat]\n|-enditem|p2a: Kommo-o|Haban Berry|[weaken]\n|-damage|p2a: Kommo-o|40/100\n|move|p1a: Charizard|Weather Ball|p2b: Toxapex\n|-activate|p2b: Toxapex|move: Protect\n|move|p2a: Kommo-o|Clanging Scales|p1a: Charizard|[spread] p1a,p1b\n|-crit|p1a: Charizard\n|-supereffective|p1b: Garchomp|1\n|-damage|p1a: Charizard|0 fnt\n|-damage|p1b: Garchomp|0 fnt\n|faint|p1a: Charizard\n|faint|p1b: Garchomp\n|-unboost|p2a: Kommo-o|def|1\n|\n|-weather|SunnyDay|[upkeep]\n|-heal|p2b: Toxapex|63/100|[from] item: Leftovers\n|upkeep\n|\n|t:|1788436529\n|switch|p1a: Basculegion|Basculegion, L50, M, shiny|100/100\n|turn|9\n|\n|t:|1788436548\n|move|p1a: Basculegion|Last Respects|p2b: Toxapex\n|-damage|p2b: Toxapex|0 fnt\n|faint|p2b: Toxapex\n|move|p2a: Kommo-o|Clanging Scales|p1a: Basculegion\n|-damage|p1a: Basculegion|49/100\n|-unboost|p2a: Kommo-o|def|1\n|\n|-weather|SunnyDay|[upkeep]\n|-sideend|p1: VictoriousDancing|move: Tailwind\n|upkeep\n|\n|t:|1788436556\n|switch|p2b: Metagross|Metagross, L50, shiny|100/100\n|turn|10\n|\n|t:|1788436569\n|detailschange|p2b: Metagross|Metagross-Mega, L50, shiny\n|-mega|p2b: Metagross|Metagross|Metagrossite\n|move|p2b: Metagross|Bullet Punch|p1a: Basculegion\n|-resisted|p1a: Basculegion|1\n|-damage|p1a: Basculegion|29/100\n|move|p1a: Basculegion|Last Respects|p2b: Metagross\n|-supereffective|p2b: Metagross|1\n|-damage|p2b: Metagross|0 fnt\n|faint|p2b: Metagross\n|move|p2a: Kommo-o|Clanging Scales|p1a: Basculegion\n|-damage|p1a: Basculegion|0 fnt\n|faint|p1a: Basculegion\n|\n|win|looger02\n|raw|VictoriousDancing's rating: 1348 &rarr; <strong>1327</strong><br />(-21 for losing)\n|raw|looger02's rating: 1339 &rarr; <strong>1360</strong><br />(+21 for winning)\n|l|☆VictoriousDancing\n|player|p1|\n","uploadtime":1788436573,"views":"0","formatid":"gen9championsvgc2026regmb","rating":1327,"private":0,"password":null}