{"id":"gen9championsvgc2026regmb-2673990961","format":"[Gen 9 Champions] VGC 2026 Reg M-B","players":["wormierbowl","Buggy00k"],"log":"|j|☆wormierbowl\n|j|☆Buggy00k\n|t:|1788285608\n|gametype|doubles\n|player|p1|wormierbowl|266|1051\n|player|p2|Buggy00k|101|1000\n|gen|9\n|tier|[Gen 9 Champions] VGC 2026 Reg M-B\n|rated|\n|rule|Species Clause: Limit one of each Pokémon\n|rule|Item Clause: Limit 1 of each item\n|clearpoke\n|poke|p1|Delphox, L50, M|\n|poke|p1|Staraptor, L50, M|\n|poke|p1|Clefable, L50, M|\n|poke|p1|Garchomp, L50, M|\n|poke|p1|Sneasler, L50, M|\n|poke|p1|Gholdengo, L50|\n|poke|p2|Froslass, L50, F|\n|poke|p2|Blaziken, L50, F, shiny|\n|poke|p2|Kingambit, L50, F, shiny|\n|poke|p2|Basculegion, L50, M|\n|poke|p2|Dragonite, L50, M, shiny|\n|poke|p2|Farigiraf, L50, F, shiny|\n|teampreview|4\n|c|☆Buggy00k|glhf\n|\n|t:|1788285681\n|teamsize|p1|4\n|teamsize|p2|4\n|start\n|switch|p1a: Sneasler|Sneasler, L50, M|100/100\n|switch|p1b: Gholdengo|Gholdengo, L50|100/100\n|switch|p2a: Farigiraf|Farigiraf, L50, F, shiny|100/100\n|switch|p2b: Kingambit|Kingambit, L50, F, shiny|100/100\n|turn|1\n|c|☆wormierbowl|glhf\n|\n|t:|1788285711\n|move|p1b: Gholdengo|Protect|p1b: Gholdengo\n|-singleturn|p1b: Gholdengo|Protect\n|move|p2b: Kingambit|Protect|p2b: Kingambit\n|-singleturn|p2b: Kingambit|Protect\n|move|p1a: Sneasler|Close Combat|p2b: Kingambit\n|-activate|p2b: Kingambit|move: Protect\n|move|p2a: Farigiraf|Trick Room|p2a: Farigiraf\n|-fieldstart|move: Trick Room|[of] p2a: Farigiraf\n|\n|upkeep\n|turn|2\n|\n|t:|1788285735\n|move|p2a: Farigiraf|Psychic|p1a: Sneasler\n|-supereffective|p1a: Sneasler|2\n|-enditem|p1a: Sneasler|Focus Sash\n|-damage|p1a: Sneasler|1/100\n|move|p2b: Kingambit|Kowtow Cleave|p1b: Gholdengo\n|-supereffective|p1b: Gholdengo|1\n|-damage|p1b: Gholdengo|0 fnt\n|faint|p1b: Gholdengo\n|move|p1a: Sneasler|Close Combat|p2b: Kingambit\n|-supereffective|p2b: Kingambit|2\n|-enditem|p2b: Kingambit|Chople Berry|[eat]\n|-enditem|p2b: Kingambit|Chople Berry|[weaken]\n|-damage|p2b: Kingambit|0 fnt\n|-unboost|p1a: Sneasler|def|1\n|-unboost|p1a: Sneasler|spd|1\n|faint|p2b: Kingambit\n|\n|upkeep\n|\n|t:|1788285754\n|switch|p2b: Blaziken|Blaziken, L50, F, shiny|100/100\n|switch|p1b: Clefable|Clefable, L50, M|100/100\n|turn|3\n|\n|t:|1788285771\n|detailschange|p2b: Blaziken|Blaziken-Mega, L50, F, shiny\n|-mega|p2b: Blaziken|Blaziken|Blazikenite\n|move|p1b: Clefable|Follow Me|p1b: Clefable\n|-singleturn|p1b: Clefable|move: Follow Me\n|move|p2a: Farigiraf|Nasty Plot|p2a: Farigiraf\n|-boost|p2a: Farigiraf|spa|2\n|move|p2b: Blaziken|Rock Slide|p1b: Clefable|[spread] p1a,p1b\n|-resisted|p1a: Sneasler|1\n|-damage|p1a: Sneasler|0 fnt\n|-damage|p1b: Clefable|81/100\n|faint|p1a: Sneasler\n|\n|-ability|p2b: Blaziken|Speed Boost|boost\n|-boost|p2b: Blaziken|spe|1\n|upkeep\n|\n|t:|1788285783\n|switch|p1a: Delphox|Delphox, L50, M|100/100\n|turn|4\n|\n|t:|1788285806\n|detailschange|p1a: Delphox|Delphox-Mega, L50, M\n|-mega|p1a: Delphox|Delphox|Delphoxite\n|move|p1b: Clefable|Protect|p1b: Clefable\n|-singleturn|p1b: Clefable|Protect\n|move|p1a: Delphox|Protect|p1a: Delphox\n|-singleturn|p1a: Delphox|Protect\n|move|p2a: Farigiraf|Psychic|p1b: Clefable\n|-activate|p1b: Clefable|move: Protect\n|move|p2b: Blaziken|Rock Slide|p1b: Clefable|[spread] \n|-activate|p1a: Delphox|move: Protect\n|-activate|p1b: Clefable|move: Protect\n|\n|-ability|p2b: Blaziken|Speed Boost|boost\n|-boost|p2b: Blaziken|spe|1\n|upkeep\n|turn|5\n|\n|t:|1788285825\n|move|p1b: Clefable|Helping Hand|p1a: Delphox\n|-singleturn|p1a: Delphox|Helping Hand|[of] p1b: Clefable\n|move|p2b: Blaziken|Detect|p2b: Blaziken\n|-singleturn|p2b: Blaziken|Protect\n|move|p2a: Farigiraf|Psychic|p1b: Clefable\n|-damage|p1b: Clefable|51/100\n|move|p1a: Delphox|Psychic|p2b: Blaziken\n|-activate|p2b: Blaziken|move: Protect\n|\n|-fieldend|move: Trick Room\n|-ability|p2b: Blaziken|Speed Boost|boost\n|-boost|p2b: Blaziken|spe|1\n|upkeep\n|turn|6\n|\n|t:|1788285849\n|move|p2b: Blaziken|Rock Slide|p1b: Clefable|[spread] p1a\n|-miss|p2b: Blaziken|p1b: Clefable\n|-supereffective|p1a: Delphox|1\n|-damage|p1a: Delphox|30/100\n|move|p1a: Delphox|Psychic|p2b: Blaziken\n|-supereffective|p2b: Blaziken|1\n|-damage|p2b: Blaziken|0 fnt\n|faint|p2b: Blaziken\n|move|p1b: Clefable|Moonblast|p2a: Farigiraf\n|-damage|p2a: Farigiraf|69/100\n|move|p2a: Farigiraf|Thunderbolt|p1a: Delphox\n|-damage|p1a: Delphox|0 fnt\n|faint|p1a: Delphox\n|\n|upkeep\n|\n|t:|1788285862\n|switch|p2b: Basculegion|Basculegion, L50, M|100/100\n|turn|7\n|c|☆wormierbowl|gg\n|c|☆Buggy00k|gg\n|\n|t:|1788285874\n|move|p1b: Clefable|Follow Me|p1b: Clefable\n|-singleturn|p1b: Clefable|move: Follow Me\n|move|p2b: Basculegion|Last Respects|p1b: Clefable\n|-damage|p1b: Clefable|0 fnt\n|faint|p1b: Clefable\n|\n|win|Buggy00k\n|raw|wormierbowl's rating: 1051 &rarr; <strong>1031</strong><br />(-20 for losing)\n|raw|Buggy00k's rating: 1000 &rarr; <strong>1046</strong><br />(+46 for winning)\n|l|☆wormierbowl\n|player|p1|\n","uploadtime":1788285883,"views":"1","formatid":"gen9championsvgc2026regmb","rating":1031,"private":0,"password":null}