{"id":"gen9championsvgc2026regmb-2674141503","format":"[Gen 9 Champions] VGC 2026 Reg M-B","players":["tudovaitudoefase","Tickz"],"log":"|j|☆tudovaitudoefase\n|j|☆Tickz\n|t:|1788305290\n|gametype|doubles\n|player|p1|tudovaitudoefase|crasherwake|1162\n|player|p2|Tickz|169|1191\n|gen|9\n|tier|[Gen 9 Champions] VGC 2026 Reg M-B\n|rated|\n|rule|Species Clause: Limit one of each Pokémon\n|rule|Item Clause: Limit 1 of each item\n|clearpoke\n|poke|p1|Overqwil, L50, F|\n|poke|p1|Sableye, L50, F|\n|poke|p1|Delphox, L50, M|\n|poke|p1|Rotom-Mow, L50|\n|poke|p1|Sinistcha, L50|\n|poke|p1|Ninetales, L50, F|\n|poke|p2|Pelipper, L50, F, shiny|\n|poke|p2|Basculegion, L50, M, shiny|\n|poke|p2|Archaludon, L50, F|\n|poke|p2|Sinistcha-Masterpiece, L50|\n|poke|p2|Sableye, L50, M|\n|poke|p2|Swampert, L50, M, shiny|\n|teampreview|4\n|inactive|Battle timer is ON: inactive players will automatically lose when time's up. (requested by Tickz)\n|inactive|tudovaitudoefase also wants the timer to be on.\n|\n|t:|1788305314\n|teamsize|p1|4\n|teamsize|p2|4\n|start\n|switch|p1a: Rotom|Rotom-Mow, L50|100/100\n|switch|p1b: Overqwil|Overqwil, L50, F|100/100\n|switch|p2a: Birb|Pelipper, L50, F, shiny|100/100\n|switch|p2b: Goatpert|Swampert, L50, M, shiny|100/100\n|-weather|RainDance|[from] ability: Drizzle|[of] p2a: Birb\n|turn|1\n|\n|t:|1788305329\n|detailschange|p2b: Goatpert|Swampert-Mega, L50, M, shiny\n|-mega|p2b: Goatpert|Swampert|Swampertite\n|move|p2b: Goatpert|Earthquake|p1b: Overqwil|[spread] p1b\n|-immune|p2a: Birb\n|-immune|p1a: Rotom|[from] ability: Levitate\n|-supereffective|p1b: Overqwil|1\n|-damage|p1b: Overqwil|15/100\n|move|p1a: Rotom|Leaf Storm|p2b: Goatpert\n|-supereffective|p2b: Goatpert|2\n|-damage|p2b: Goatpert|0 fnt\n|-unboost|p1a: Rotom|spa|2\n|faint|p2b: Goatpert\n|move|p1b: Overqwil|Stockpile|p1b: Overqwil\n|-start|p1b: Overqwil|stockpile1\n|-boost|p1b: Overqwil|def|1\n|-boost|p1b: Overqwil|spd|1\n|move|p2a: Birb|Tailwind|p2a: Birb\n|-sidestart|p2: Tickz|move: Tailwind\n|\n|-weather|RainDance|[upkeep]\n|-heal|p1b: Overqwil|21/100|[from] item: Leftovers\n|upkeep\n|\n|t:|1788305339\n|switch|p2b: Matcha|Sinistcha-Masterpiece, L50|100/100\n|turn|2\n|\n|t:|1788305352\n|switch|p1a: Sinistcha|Sinistcha, L50|100/100\n|-heal|p1b: Overqwil|46/100|[from] ability: Hospitality|[of] p1a: Sinistcha\n|move|p1b: Overqwil|Protect|p1b: Overqwil\n|-singleturn|p1b: Overqwil|Protect\n|move|p2b: Matcha|Matcha Gotcha|p1b: Overqwil|[spread] p1a\n|-activate|p1b: Overqwil|move: Protect\n|-resisted|p1a: Sinistcha|1\n|-damage|p1a: Sinistcha|82/100\n|move|p2a: Birb|Hurricane|p1a: Sinistcha\n|-supereffective|p1a: Sinistcha|1\n|-damage|p1a: Sinistcha|11/100\n|\n|-weather|RainDance|[upkeep]\n|-heal|p1b: Overqwil|53/100|[from] item: Leftovers\n|upkeep\n|turn|3\n|inactive|tudovaitudoefase has 30 seconds left.\n|\n|t:|1788305382\n|switch|p1a: Ninetales|Ninetales, L50, F|100/100\n|-weather|SunnyDay|[from] ability: Drought|[of] p1a: Ninetales\n|move|p2b: Matcha|Matcha Gotcha|p1b: Overqwil|[spread] p1a,p1b\n|-resisted|p1a: Ninetales|1\n|-resisted|p1b: Overqwil|1\n|-damage|p1a: Ninetales|78/100\n|-damage|p1b: Overqwil|42/100\n|move|p2a: Birb|Hurricane|p1a: Ninetales\n|-damage|p1a: Ninetales|36/100\n|move|p1b: Overqwil|Stockpile|p1b: Overqwil\n|-start|p1b: Overqwil|stockpile2\n|-boost|p1b: Overqwil|def|1\n|-boost|p1b: Overqwil|spd|1\n|\n|-weather|SunnyDay|[upkeep]\n|-heal|p1b: Overqwil|48/100|[from] item: Leftovers\n|upkeep\n|turn|4\n|\n|t:|1788305403\n|switch|p1a: Sinistcha|Sinistcha, L50|11/100\n|-heal|p1b: Overqwil|73/100|[from] ability: Hospitality|[of] p1a: Sinistcha\n|move|p2b: Matcha|Shadow Ball|p1a: Sinistcha\n|-supereffective|p1a: Sinistcha|1\n|-damage|p1a: Sinistcha|0 fnt\n|faint|p1a: Sinistcha\n|move|p2a: Birb|Weather Ball|p1b: Overqwil\n|-damage|p1b: Overqwil|56/100\n|move|p1b: Overqwil|Minimize|p1b: Overqwil\n|-boost|p1b: Overqwil|evasion|2\n|\n|-weather|SunnyDay|[upkeep]\n|-heal|p1b: Overqwil|63/100|[from] item: Leftovers\n|-sideend|p2: Tickz|move: Tailwind\n|upkeep\n|\n|t:|1788305415\n|switch|p1a: Rotom|Rotom-Mow, L50|100/100\n|turn|5\n|\n|t:|1788305422\n|switch|p2b: mmm prank|Sableye, L50, M|100/100\n|move|p1a: Rotom|Volt Switch|p2a: Birb\n|-supereffective|p2a: Birb|2\n|-enditem|p2a: Birb|Focus Sash\n|-damage|p2a: Birb|1/100\n|\n|t:|1788305426\n|switch|p1a: Ninetales|Ninetales, L50, F|36/100|[from] Volt Switch\n|move|p1b: Overqwil|Minimize|p1b: Overqwil\n|-boost|p1b: Overqwil|evasion|2\n|move|p2a: Birb|Weather Ball|p1a: Ninetales\n|-resisted|p1a: Ninetales|1\n|-crit|p1a: Ninetales\n|-damage|p1a: Ninetales|6/100\n|\n|-weather|SunnyDay|[upkeep]\n|-heal|p1b: Overqwil|69/100|[from] item: Leftovers\n|upkeep\n|turn|6\n|\n|t:|1788305444\n|move|p2b: mmm prank|Encore|p1b: Overqwil\n|-hint|Since gen 7, Dark is immune to Prankster moves.\n|-immune|p1b: Overqwil\n|move|p1a: Ninetales|Heat Wave|p2a: Birb|[spread] p2a,p2b\n|-resisted|p2a: Birb|1\n|-damage|p2a: Birb|0 fnt\n|-damage|p2b: mmm prank|49/100\n|faint|p2a: Birb\n|move|p1b: Overqwil|Barb Barrage|p2b: mmm prank\n|-resisted|p2b: mmm prank|1\n|-damage|p2b: mmm prank|35/100\n|\n|-weather|SunnyDay|[upkeep]\n|-heal|p1b: Overqwil|75/100|[from] item: Leftovers\n|upkeep\n|\n|t:|1788305447\n|switch|p2a: Matcha|Sinistcha-Masterpiece, L50|100/100\n|-heal|p2b: mmm prank|60/100|[from] ability: Hospitality|[of] p2a: Matcha\n|turn|7\n|\n|t:|1788305463\n|move|p2b: mmm prank|Reflect|p2b: mmm prank\n|-sidestart|p2: Tickz|Reflect\n|move|p1a: Ninetales|Heat Wave|p2a: Matcha|[spread] p2a,p2b\n|-supereffective|p2a: Matcha|1\n|-damage|p2a: Matcha|14/100\n|-damage|p2b: mmm prank|8/100\n|move|p1b: Overqwil|Barb Barrage|p2b: mmm prank\n|-resisted|p2b: mmm prank|1\n|-damage|p2b: mmm prank|0 fnt\n|faint|p2b: mmm prank\n|move|p2a: Matcha|Matcha Gotcha|p1b: Overqwil|[spread] p1a\n|-miss|p2a: Matcha|p1b: Overqwil\n|-resisted|p1a: Ninetales|1\n|-damage|p1a: Ninetales|0 fnt\n|-heal|p2a: Matcha|17/100|[from] drain|[of] p1a: Ninetales\n|faint|p1a: Ninetales\n|\n|-weather|none\n|-heal|p1b: Overqwil|81/100|[from] item: Leftovers\n|upkeep\n|\n|t:|1788305467\n|switch|p1a: Rotom|Rotom-Mow, L50|100/100\n|turn|8\n|-message|Tickz forfeited.\n|\n|win|tudovaitudoefase\n|raw|tudovaitudoefase's rating: 1162 &rarr; <strong>1189</strong><br />(+27 for winning)\n|raw|Tickz's rating: 1191 &rarr; <strong>1164</strong><br />(-27 for losing)\n|l|☆Tickz\n|player|p2|\n","uploadtime":1788305473,"views":"11","formatid":"gen9championsvgc2026regmb","rating":1164,"private":0,"password":null}