{"id":"gen9championsvgc2026regmb-2674114138","format":"[Gen 9 Champions] VGC 2026 Reg M-B","players":["Crotolamo67","6969VuLCaN6969"],"log":"|j|☆Crotolamo67\n|j|☆6969VuLCaN6969\n|t:|1788301145\n|gametype|doubles\n|player|p1|Crotolamo67|mina-lgpe|1310\n|player|p2|6969VuLCaN6969|101|1353\n|gen|9\n|tier|[Gen 9 Champions] VGC 2026 Reg M-B\n|rated|\n|rule|Species Clause: Limit one of each Pokémon\n|rule|Item Clause: Limit 1 of each item\n|clearpoke\n|poke|p1|Raichu, L50, M, shiny|\n|poke|p1|Aerodactyl, L50, M|\n|poke|p1|Kingambit, L50, M, shiny|\n|poke|p1|Basculegion, L50, M, shiny|\n|poke|p1|Ninetales-Alola, L50, F|\n|poke|p1|Tsareena, L50, F, shiny|\n|poke|p2|Drampa, L50, F|\n|poke|p2|Sylveon, L50, M|\n|poke|p2|Blaziken, L50, F|\n|poke|p2|Farigiraf, L50, F|\n|poke|p2|Zoroark-Hisui, L50, F|\n|poke|p2|Primarina, L50, F|\n|teampreview|4\n|inactive|Battle timer is ON: inactive players will automatically lose when time's up. (requested by 6969VuLCaN6969)\n|inactive|Crotolamo67 has 60 seconds left.\n|inactive|6969VuLCaN6969 has 60 seconds left.\n|inactive|Crotolamo67 has 30 seconds left.\n|\n|t:|1788301211\n|teamsize|p1|4\n|teamsize|p2|4\n|start\n|switch|p1a: Tsareena|Tsareena, L50, F, shiny|100/100\n|switch|p1b: Aerodactyl|Aerodactyl, L50, M|100/100\n|switch|p2a: Farigiraf|Farigiraf, L50, F|100/100\n|switch|p2b: Blaziken|Blaziken, L50, F|100/100\n|-ability|p1b: Aerodactyl|Unnerve\n|turn|1\n|\n|t:|1788301224\n|switch|p2b: Sylveon|Sylveon, L50, M|100/100\n|detailschange|p1b: Aerodactyl|Aerodactyl-Mega, L50, M\n|-mega|p1b: Aerodactyl|Aerodactyl|Aerodactylite\n|move|p1b: Aerodactyl|Dual Wingbeat|p2b: Sylveon\n|-damage|p2b: Sylveon|68/100\n|-damage|p2b: Sylveon|39/100\n|-hitcount|p2b: Sylveon|2\n|move|p1a: Tsareena|Taunt|p2a: Farigiraf\n|-start|p2a: Farigiraf|move: Taunt\n|cant|p2a: Farigiraf|move: Taunt|Trick Room\n|\n|upkeep\n|turn|2\n|\n|t:|1788301246\n|move|p1b: Aerodactyl|Rock Slide|p2b: Sylveon|[spread] p2b\n|-miss|p1b: Aerodactyl|p2a: Farigiraf\n|-damage|p2b: Sylveon|3/100\n|move|p1a: Tsareena|Power Whip|p2a: Farigiraf\n|-damage|p2a: Farigiraf|49/100\n|move|p2b: Sylveon|Hyper Voice|p1a: Tsareena|[spread] p1a,p1b\n|-damage|p1a: Tsareena|46/100\n|-damage|p1b: Aerodactyl|55/100\n|move|p2a: Farigiraf|Twin Beam|p1a: Tsareena\n|-damage|p1a: Tsareena|26/100\n|-damage|p1a: Tsareena|5/100\n|-hitcount|p1a: Tsareena|2\n|\n|upkeep\n|turn|3\n|\n|t:|1788301267\n|move|p1b: Aerodactyl|Rock Slide|p2b: Sylveon|[spread] p2a,p2b\n|-damage|p2a: Farigiraf|28/100\n|-damage|p2b: Sylveon|0 fnt\n|faint|p2b: Sylveon\n|move|p1a: Tsareena|Power Whip|p2a: Farigiraf\n|-damage|p2a: Farigiraf|0 fnt\n|faint|p2a: Farigiraf\n|\n|upkeep\n|\n|t:|1788301270\n|switch|p2b: Drampa|Drampa, L50, F|100/100\n|switch|p2a: Blaziken|Blaziken, L50, F|100/100\n|-ability|p2b: Drampa|Cloud Nine\n|turn|4\n|\n|t:|1788301279\n|move|p2a: Blaziken|Detect|p2a: Blaziken\n|-singleturn|p2a: Blaziken|Protect\n|move|p1b: Aerodactyl|Tailwind|p1b: Aerodactyl\n|-sidestart|p1: Crotolamo67|move: Tailwind\n|move|p1a: Tsareena|Triple Axel|p2b: Drampa\n|-supereffective|p2b: Drampa|1\n|-damage|p2b: Drampa|83/100\n|-supereffective|p2b: Drampa|1\n|-damage|p2b: Drampa|52/100\n|-supereffective|p2b: Drampa|1\n|-damage|p2b: Drampa|4/100\n|-hitcount|p2b: Drampa|3\n|move|p2b: Drampa|Hyper Voice|p1a: Tsareena|[spread] p1a,p1b\n|-resisted|p1b: Aerodactyl|1\n|-damage|p1a: Tsareena|0 fnt\n|-damage|p1b: Aerodactyl|36/100\n|faint|p1a: Tsareena\n|\n|-ability|p2a: Blaziken|Speed Boost|boost\n|-boost|p2a: Blaziken|spe|1\n|upkeep\n|\n|t:|1788301292\n|switch|p1a: Basculegion|Basculegion, L50, M, shiny|100/100\n|turn|5\n|\n|t:|1788301300\n|detailschange|p2a: Blaziken|Blaziken-Mega, L50, F\n|-mega|p2a: Blaziken|Blaziken|Blazikenite\n|move|p1a: Basculegion|Aqua Jet|p2a: Blaziken\n|-supereffective|p2a: Blaziken|1\n|-damage|p2a: Blaziken|0 fnt\n|faint|p2a: Blaziken\n|-damage|p1a: Basculegion|90/100|[from] item: Life Orb\n|move|p1b: Aerodactyl|Rock Slide|p2b: Drampa|[miss]\n|-miss|p1b: Aerodactyl|p2b: Drampa\n|move|p2b: Drampa|Shadow Ball|p1a: Basculegion\n|-supereffective|p1a: Basculegion|1\n|-crit|p1a: Basculegion\n|-damage|p1a: Basculegion|0 fnt\n|faint|p1a: Basculegion\n|\n|upkeep\n|\n|t:|1788301308\n|switch|p1a: Kingambit|Kingambit, L50, M, shiny|100/100\n|turn|6\n|-message|6969VuLCaN6969 forfeited.\n|\n|win|Crotolamo67\n","uploadtime":1788301147,"views":"2","formatid":"gen9championsvgc2026regmb","rating":null,"private":0,"password":null}