{"id":"gen9championsvgc2026regmb-2674418852","format":"[Gen 9 Champions] VGC 2026 Reg M-B","players":["rhelimol","DDinoYT Tests"],"log":"|j|☆rhelimol\n|j|☆DDinoYT Tests\n|t:|1788357469\n|gametype|doubles\n|player|p1|rhelimol|265|1000\n|player|p2|DDinoYT Tests|266|1000\n|gen|9\n|tier|[Gen 9 Champions] VGC 2026 Reg M-B\n|rated|\n|rule|Species Clause: Limit one of each Pokémon\n|rule|Item Clause: Limit 1 of each item\n|clearpoke\n|poke|p1|Lucario, L50, F|\n|poke|p1|Espathra, L50, M|\n|poke|p1|Malamar, L50, F|\n|poke|p1|Maushold-Four, L50|\n|poke|p1|Archaludon, L50, M|\n|poke|p1|Sneasler, L50, M|\n|poke|p2|Scovillain, L50, M|\n|poke|p2|Dragapult, L50, F|\n|poke|p2|Sinistcha, L50|\n|poke|p2|Starmie, L50|\n|poke|p2|Toxapex, L50, M, shiny|\n|poke|p2|Sableye, L50, F|\n|teampreview|4\n|inactive|Battle timer is ON: inactive players will automatically lose when time's up. (requested by rhelimol)\nrhelimol rejected open team sheets.\n|inactive|rhelimol has 60 seconds left.\n|inactive|DDinoYT Tests has 60 seconds left.\n|inactive|rhelimol has 30 seconds left.\n|c|☆DDinoYT Tests|Unbreon repellent\n|\n|t:|1788357539\n|teamsize|p1|4\n|teamsize|p2|4\n|start\n|switch|p1a: Espathra|Espathra, L50, M|100/100\n|switch|p1b: Maushold|Maushold-Four, L50|100/100\n|switch|p2a: Scovillain|Scovillain, L50, M|100/100\n|switch|p2b: Umbreon Repellant|Toxapex, L50, M, shiny|100/100\n|turn|1\n|inactive|DDinoYT Tests has 30 seconds left.\n|\n|t:|1788357573\n|detailschange|p2a: Scovillain|Scovillain-Mega, L50, M\n|-mega|p2a: Scovillain|Scovillain|Scovillainite\n|move|p1b: Maushold|Follow Me|p1b: Maushold\n|-singleturn|p1b: Maushold|move: Follow Me\n|move|p1a: Espathra|Calm Mind|p1a: Espathra\n|-boost|p1a: Espathra|spa|1\n|-boost|p1a: Espathra|spd|1\n|move|p2a: Scovillain|Leech Seed|p1b: Maushold\n|-start|p1b: Maushold|move: Leech Seed\n|move|p2b: Umbreon Repellant|Toxic|p1b: Maushold\n|-status|p1b: Maushold|tox\n|\n|-damage|p1b: Maushold|87/100 tox|[from] Leech Seed|[of] p2a: Scovillain\n|-damage|p1b: Maushold|81/100 tox|[from] psn\n|-ability|p1a: Espathra|Speed Boost|boost\n|-boost|p1a: Espathra|spe|1\n|upkeep\n|turn|2\n|inactive|rhelimol has 30 seconds left.\n|inactive|rhelimol has 20 seconds left.\n|inactive|rhelimol has 15 seconds left.\n|\n|t:|1788357618\n|move|p1b: Maushold|Protect|p1b: Maushold\n|-singleturn|p1b: Maushold|Protect\n|move|p2b: Umbreon Repellant|Baneful Bunker|p2b: Umbreon Repellant\n|-singleturn|p2b: Umbreon Repellant|move: Protect\n|move|p2a: Scovillain|Rage Powder|p2a: Scovillain\n|-singleturn|p2a: Scovillain|move: Rage Powder\n|move|p1a: Espathra|Calm Mind|p1a: Espathra\n|-boost|p1a: Espathra|spa|1\n|-boost|p1a: Espathra|spd|1\n|\n|-damage|p1b: Maushold|69/100 tox|[from] Leech Seed|[of] p2a: Scovillain\n|-damage|p1b: Maushold|57/100 tox|[from] psn\n|-ability|p1a: Espathra|Speed Boost|boost\n|-boost|p1a: Espathra|spe|1\n|upkeep\n|turn|3\n|\n|t:|1788357640\n|move|p2b: Umbreon Repellant|Wide Guard|p2b: Umbreon Repellant\n|-singleturn|p2b: Umbreon Repellant|Wide Guard\n|move|p2a: Scovillain|Rage Powder|p2a: Scovillain\n|-singleturn|p2a: Scovillain|move: Rage Powder\n|move|p1a: Espathra|Baton Pass|p1a: Espathra\n|\n|t:|1788357654\n|switch|p1a: Archaludon|Archaludon, L50, M|100/100|[from] Baton Pass\n|move|p1b: Maushold|Population Bomb|p2a: Scovillain\n|-damage|p2a: Scovillain|94/100\n|-damage|p2a: Scovillain|88/100\n|-damage|p2a: Scovillain|82/100\n|-damage|p2a: Scovillain|75/100\n|-damage|p2a: Scovillain|68/100\n|-damage|p2a: Scovillain|60/100\n|-crit|p2a: Scovillain\n|-damage|p2a: Scovillain|50/100g\n|-damage|p2a: Scovillain|44/100\n|-damage|p2a: Scovillain|36/100\n|-damage|p2a: Scovillain|29/100\n|-hitcount|p2a: Scovillain|10\n|\n|-damage|p1b: Maushold|45/100 tox|[from] Leech Seed|[of] p2a: Scovillain\n|-heal|p2a: Scovillain|42/100|[silent]\n|-damage|p1b: Maushold|27/100 tox|[from] psn\n|upkeep\n|turn|4\n|inactive|rhelimol has 30 seconds left.\n|\n|t:|1788357682\n|move|p2a: Scovillain|Protect|p2a: Scovillain\n|-singleturn|p2a: Scovillain|Protect\n|move|p2b: Umbreon Repellant|Baneful Bunker||[still]\n|-fail|p2b: Umbreon Repellant\n|move|p1a: Archaludon|Flash Cannon|p2a: Scovillain\n|-activate|p2a: Scovillain|move: Protect\n|move|p1b: Maushold|Population Bomb|p1a: Archaludon\n|-resisted|p1a: Archaludon|1\n|-damage|p1a: Archaludon|98/100\n|-ability|p1a: Archaludon|Stamina|boost\n|-boost|p1a: Archaludon|def|1\n|-resisted|p1a: Archaludon|1\n|-damage|p1a: Archaludon|97/100\n|-ability|p1a: Archaludon|Stamina|boost\n|-boost|p1a: Archaludon|def|1\n|-resisted|p1a: Archaludon|1\n|-damage|p1a: Archaludon|97/100\n|-ability|p1a: Archaludon|Stamina|boost\n|-boost|p1a: Archaludon|def|1\n|-resisted|p1a: Archaludon|1\n|-damage|p1a: Archaludon|96/100\n|-ability|p1a: Archaludon|Stamina|boost\n|-boost|p1a: Archaludon|def|1\n|-resisted|p1a: Archaludon|1\n|-damage|p1a: Archaludon|96/100\n|-ability|p1a: Archaludon|Stamina|boost\n|-boost|p1a: Archaludon|def|1\n|-resisted|p1a: Archaludon|1\n|-damage|p1a: Archaludon|95/100\n|-ability|p1a: Archaludon|Stamina|boost\n|-boost|p1a: Archaludon|def|1\n|-resisted|p1a: Archaludon|1\n|-damage|p1a: Archaludon|95/100\n|-resisted|p1a: Archaludon|1\n|-damage|p1a: Archaludon|94/100\n|-resisted|p1a: Archaludon|1\n|-damage|p1a: Archaludon|94/100\n|-resisted|p1a: Archaludon|1\n|-damage|p1a: Archaludon|93/100\n|-hitcount|p1a: Archaludon|10\n|\n|-heal|p1a: Archaludon|100/100|[from] item: Leftovers\n|-damage|p1b: Maushold|14/100 tox|[from] Leech Seed|[of] p2a: Scovillain\n|-heal|p2a: Scovillain|55/100|[silent]\n|-damage|p1b: Maushold|0 fnt|[from] psn\n|faint|p1b: Maushold\n|upkeep\n|inactive|rhelimol has 30 seconds left.\n|inactive|rhelimol has 20 seconds left.\n|\n|t:|1788357720\n|switch|p1b: Malamar|Malamar, L50, F|100/100\n|turn|5\n|inactive|rhelimol has 30 seconds left.\n|\n|t:|1788357749\n|move|p1a: Archaludon|Electro Shot||[still]\n|-prepare|p1a: Archaludon|Electro Shot\n|-boost|p1a: Archaludon|spa|1\n|move|p2a: Scovillain|Flamethrower|p1a: Archaludon\n|-damage|p1a: Archaludon|80/100\n|move|p1b: Malamar|Skill Swap|p1a: Archaludon\n|-activate|p1b: Malamar|Skill Swap|||[of] p1a: Archaludon\n|-hint|Skill Swap does not announce the abilities of the Pokémon when used between allies.\n|move|p2b: Umbreon Repellant|Toxic|p1b: Malamar\n|-status|p1b: Malamar|tox\n|\n|-heal|p1a: Archaludon|86/100|[from] item: Leftovers\n|-damage|p1b: Malamar|93/100 tox|[from] psn\n|upkeep\n|turn|6\n|inactive|DDinoYT Tests has 30 seconds left.\n|inactive|DDinoYT Tests has 20 seconds left.\n|\n|t:|1788357788\n|move|p1a: Archaludon|Electro Shot|p2b: Umbreon Repellant|[from] lockedmove\n|-supereffective|p2b: Umbreon Repellant|1\n|-damage|p2b: Umbreon Repellant|0 fnt\n|faint|p2b: Umbreon Repellant\n|move|p2a: Scovillain|Flamethrower|p1a: Archaludon\n|-damage|p1a: Archaludon|67/100\n|-status|p1a: Archaludon|brn\n|move|p1b: Malamar|Skill Swap|p2a: Scovillain\n|-activate|p1b: Malamar|Skill Swap|Spicy Spray|Stamina|[of] p2a: Scovillain\n|\n|-heal|p1a: Archaludon|73/100 brn|[from] item: Leftovers\n|-damage|p1b: Malamar|81/100 tox|[from] psn\n|-damage|p1a: Archaludon|67/100 brn|[from] brn\n|upkeep\n|\n|t:|1788357803\n|switch|p2b: Dragapult|Dragapult, L50, F|100/100\n|turn|7\n|\n|t:|1788357810\n|move|p1a: Archaludon|Draco Meteor|p2b: Dragapult|[miss]\n|-miss|p1a: Archaludon|p2b: Dragapult\n|move|p2b: Dragapult|Hex|p1a: Archaludon\n|-damage|p1a: Archaludon|32/100 brn\n|move|p2a: Scovillain|Flamethrower|p1a: Archaludon\n|-crit|p1a: Archaludon\n|-damage|p1a: Archaludon|0 fnt\n|faint|p1a: Archaludon\n|move|p1b: Malamar|Scary Face|p1: Archaludon|[notarget]\n|-fail|p1b: Malamar\n|\n|-damage|p1b: Malamar|62/100 tox|[from] psn\n|upkeep\n|-message|rhelimol forfeited.\n|\n|win|DDinoYT Tests\n|raw|rhelimol's rating: 1000 &rarr; <strong>1000</strong><br />(+0 for losing)\n|raw|DDinoYT Tests's rating: 1000 &rarr; <strong>1040</strong><br />(+40 for winning)\n|l|☆rhelimol\n|player|p1|\n","uploadtime":1788357958,"views":"0","formatid":"gen9championsvgc2026regmb","rating":1000,"private":0,"password":null}