{"id":"gen9championsvgc2026regmb-2674606227","format":"[Gen 9 Champions] VGC 2026 Reg M-B","players":["asefito","Dragon D Snutz"],"log":"|j|☆asefito\n|j|☆Dragon D Snutz\n|t:|1788379461\n|gametype|doubles\n|player|p1|asefito|169|1273\n|player|p2|Dragon D Snutz|swimmer-gen4dp|1372\n|gen|9\n|tier|[Gen 9 Champions] VGC 2026 Reg M-B\n|rated|\n|rule|Species Clause: Limit one of each Pokémon\n|rule|Item Clause: Limit 1 of each item\n|clearpoke\n|poke|p1|Staraptor, L50, M, shiny|\n|poke|p1|Garchomp, L50, M, shiny|\n|poke|p1|Whimsicott, L50, F, shiny|\n|poke|p1|Delphox, L50, F, shiny|\n|poke|p1|Glimmora, L50, F, shiny|\n|poke|p1|Kingambit, L50, F, shiny|\n|poke|p2|Garchomp, L50, M|\n|poke|p2|Sylveon, L50, M|\n|poke|p2|Talonflame, L50, F|\n|poke|p2|Staraptor, L50, M|\n|poke|p2|Toxapex, L50, F|\n|poke|p2|Froslass, L50, F|\n|teampreview|4\n|inactive|Battle timer is ON: inactive players will automatically lose when time's up. (requested by asefito)\n|inactive|Dragon D Snutz has 60 seconds left.\nDragon D Snutz has agreed to open team sheets.\n|\n|t:|1788379521\n|teamsize|p1|4\n|teamsize|p2|4\n|start\n|switch|p1a: Staraptor|Staraptor, L50, M, shiny|100/100\n|switch|p1b: Garchomp|Garchomp, L50, M, shiny|100/100\n|switch|p2a: Talonflame|Talonflame, L50, F|100/100\n|switch|p2b: Staraptor|Staraptor, L50, M|100/100\n|-ability|p1a: Staraptor|Intimidate|boost\n|-unboost|p2a: Talonflame|atk|1\n|-unboost|p2b: Staraptor|atk|1\n|-ability|p2b: Staraptor|Intimidate|boost\n|-unboost|p1a: Staraptor|atk|1\n|-unboost|p1b: Garchomp|atk|1\n|turn|1\n|\n|t:|1788379539\n|switch|p1a: Kingambit|Kingambit, L50, F, shiny|100/100\n|switch|p2b: Toxapex|Toxapex, L50, F|100/100\n|move|p2a: Talonflame|Will-O-Wisp|p1b: Garchomp\n|-status|p1b: Garchomp|brn\n|move|p1b: Garchomp|Rock Slide|p2b: Toxapex|[spread] p2a,p2b\n|-supereffective|p2a: Talonflame|2\n|-damage|p2a: Talonflame|49/100\n|-damage|p2b: Toxapex|94/100\n|-damage|p1b: Garchomp|90/100 brn|[from] item: Life Orb\n|\n|-heal|p2b: Toxapex|100/100|[from] item: Leftovers\n|-damage|p1b: Garchomp|84/100 brn|[from] brn\n|upkeep\n|turn|2\n|\n|t:|1788379562\n|move|p2b: Toxapex|Wide Guard|p2b: Toxapex\n|-singleturn|p2b: Toxapex|Wide Guard\n|move|p2a: Talonflame|Will-O-Wisp|p1a: Kingambit\n|-status|p1a: Kingambit|brn\n|move|p1b: Garchomp|Rock Slide|p2a: Talonflame|[spread] \n|-activate|p2a: Talonflame|move: Wide Guard\n|-activate|p2b: Toxapex|move: Wide Guard\n|move|p1a: Kingambit|Swords Dance|p1a: Kingambit\n|-boost|p1a: Kingambit|atk|2\n|\n|-damage|p1b: Garchomp|78/100 brn|[from] brn\n|-damage|p1a: Kingambit|94/100 brn|[from] brn\n|upkeep\n|turn|3\n|\n|t:|1788379576\n|move|p2a: Talonflame|Tailwind|p2a: Talonflame\n|-sidestart|p2: Dragon D Snutz|move: Tailwind\n|move|p1b: Garchomp|Dragon Claw|p2a: Talonflame\n|-damage|p2a: Talonflame|23/100\n|-damage|p1b: Garchomp|68/100 brn|[from] item: Life Orb\n|move|p2b: Toxapex|Infestation|p1a: Kingambit\n|-damage|p1a: Kingambit|90/100 brn\n|-activate|p1a: Kingambit|move: Infestation|[of] p2b: Toxapex\n|move|p1a: Kingambit|Swords Dance|p1a: Kingambit\n|-boost|p1a: Kingambit|atk|2\n|\n|-damage|p1b: Garchomp|62/100 brn|[from] brn\n|-damage|p1a: Kingambit|85/100 brn|[from] brn\n|-damage|p1a: Kingambit|72/100 brn|[from] move: Infestation|[partiallytrapped]\n|upkeep\n|turn|4\n|\n|t:|1788379598\n|move|p2a: Talonflame|Air Slash|p1b: Garchomp\n|-damage|p1b: Garchomp|33/100 brn\n|move|p1b: Garchomp|Rock Slide|p2b: Toxapex|[spread] p2b\n|-miss|p1b: Garchomp|p2a: Talonflame\n|-damage|p2b: Toxapex|94/100\n|-damage|p1b: Garchomp|23/100 brn|[from] item: Life Orb\n|move|p2b: Toxapex|Infestation|p1b: Garchomp\n|-damage|p1b: Garchomp|20/100r brn\n|-activate|p1b: Garchomp|move: Infestation|[of] p2b: Toxapex\n|-damage|p2b: Toxapex|82/100|[from] ability: Rough Skin|[of] p1b: Garchomp\n|move|p1a: Kingambit|Kowtow Cleave|p2b: Toxapex\n|-damage|p2b: Toxapex|33/100\n|\n|-heal|p2b: Toxapex|38/100|[from] item: Leftovers\n|-damage|p1b: Garchomp|14/100 brn|[from] brn\n|-damage|p1a: Kingambit|67/100 brn|[from] brn\n|-damage|p1b: Garchomp|1/100 brn|[from] move: Infestation|[partiallytrapped]\n|-damage|p1a: Kingambit|55/100 brn|[from] move: Infestation|[partiallytrapped]\n|upkeep\n|turn|5\n|\n|t:|1788379620\n|switch|p2a: Sylveon|Sylveon, L50, M|100/100\n|move|p2b: Toxapex|Baneful Bunker|p2b: Toxapex\n|-singleturn|p2b: Toxapex|move: Protect\n|move|p1a: Kingambit|Protect|p1a: Kingambit\n|-singleturn|p1a: Kingambit|Protect\n|move|p1b: Garchomp|Earthquake|p2b: Toxapex|[spread] p2a\n|-activate|p1a: Kingambit|move: Protect\n|-activate|p2b: Toxapex|move: Protect\n|-damage|p2a: Sylveon|77/100\n|-damage|p1b: Garchomp|0 fnt|[from] item: Life Orb\n|faint|p1b: Garchomp\n|\n|-heal|p2b: Toxapex|44/100|[from] item: Leftovers\n|-damage|p1a: Kingambit|49/100 brn|[from] brn\n|-damage|p1a: Kingambit|37/100 brn|[from] move: Infestation|[partiallytrapped]\n|upkeep\n|\n|t:|1788379629\n|switch|p1b: Whimsicott|Whimsicott, L50, F, shiny|100/100\n|turn|6\n|\n|t:|1788379647\n|-heal|p2b: Toxapex|77/100|[from] ability: Regenerator|[silent]\n|switch|p2b: Talonflame|Talonflame, L50, F|23/100\n|move|p1b: Whimsicott|Encore||[still]\n|-fail|p1b: Whimsicott\n|move|p1a: Kingambit|Sucker Punch|p2a: Sylveon\n|-resisted|p2a: Sylveon|1\n|-crit|p2a: Sylveon\n|-damage|p2a: Sylveon|16/100\n|move|p2a: Sylveon|Hyper Voice|p1b: Whimsicott|[spread] p1a,p1b\n|-damage|p1a: Kingambit|1/100 brn\n|-damage|p1b: Whimsicott|38/100\n|\n|-damage|p1a: Kingambit|0 fnt|[from] brn\n|faint|p1a: Kingambit\n|-sideend|p2: Dragon D Snutz|move: Tailwind\n|upkeep\n|\n|t:|1788379650\n|switch|p1a: Staraptor|Staraptor, L50, M, shiny|100/100\n|-ability|p1a: Staraptor|Intimidate|boost\n|-unboost|p2a: Sylveon|atk|1\n|-unboost|p2b: Talonflame|atk|1\n|turn|7\n|\n|t:|1788379670\n|switch|p2a: Staraptor|Staraptor, L50, M|100/100\n|-ability|p2a: Staraptor|Intimidate|boost\n|-unboost|p1a: Staraptor|atk|1\n|-unboost|p1b: Whimsicott|atk|1\n|detailschange|p1a: Staraptor|Staraptor-Mega, L50, M, shiny\n|-mega|p1a: Staraptor|Staraptor|Staraptite\n|move|p1b: Whimsicott|Tailwind|p1b: Whimsicott\n|-sidestart|p1: asefito|move: Tailwind\n|move|p1a: Staraptor|Close Combat|p2a: Staraptor\n|-damage|p2a: Staraptor|49/100\n|-boost|p1a: Staraptor|def|1\n|-boost|p1a: Staraptor|spd|1\n|move|p2b: Talonflame|Tailwind|p2b: Talonflame\n|-sidestart|p2: Dragon D Snutz|move: Tailwind\n|\n|upkeep\n|turn|8\n|\n|t:|1788379695\n|detailschange|p2a: Staraptor|Staraptor-Mega, L50, M\n|-mega|p2a: Staraptor|Staraptor|Staraptite\n|move|p1b: Whimsicott|Encore|p2b: Talonflame\n|-start|p2b: Talonflame|Encore\n|move|p2b: Talonflame|Tailwind||[still]\n|-fail|p2b: Talonflame\n|move|p1a: Staraptor|Close Combat|p2a: Staraptor\n|-resisted|p2a: Staraptor|1\n|-damage|p2a: Staraptor|27/100\n|-boost|p1a: Staraptor|def|1\n|-boost|p1a: Staraptor|spd|1\n|move|p2a: Staraptor|Close Combat|p1b: Whimsicott\n|-resisted|p1b: Whimsicott|1\n|-damage|p1b: Whimsicott|0 fnt\n|-boost|p2a: Staraptor|def|1\n|-boost|p2a: Staraptor|spd|1\n|faint|p1b: Whimsicott\n|\n|upkeep\n|turn|9\n|\n|t:|1788379719\n|switch|p2b: Toxapex|Toxapex, L50, F|77/100\n|move|p1a: Staraptor|Brave Bird|p2a: Staraptor\n|-supereffective|p2a: Staraptor|1\n|-damage|p2a: Staraptor|0 fnt\n|faint|p2a: Staraptor\n|-damage|p1a: Staraptor|89/100|[from] Recoil\n|\n|-heal|p2b: Toxapex|83/100|[from] item: Leftovers\n|upkeep\n|\n|t:|1788379726\n|switch|p2a: Talonflame|Talonflame, L50, F|23/100\n|turn|10\n|\n|t:|1788379732\n|move|p2a: Talonflame|Air Slash|p1a: Staraptor\n|-supereffective|p1a: Staraptor|1\n|-damage|p1a: Staraptor|54/100\n|cant|p1a: Staraptor|flinch\n|move|p2b: Toxapex|Toxic|p1a: Staraptor\n|-status|p1a: Staraptor|tox\n|\n|-heal|p2b: Toxapex|89/100|[from] item: Leftovers\n|-damage|p1a: Staraptor|48/100 tox|[from] psn\n|-sideend|p1: asefito|move: Tailwind\n|-sideend|p2: Dragon D Snutz|move: Tailwind\n|upkeep\n|turn|11\n|-message|asefito forfeited.\n|\n|win|Dragon D Snutz\n|raw|asefito's rating: 1273 &rarr; <strong>1255</strong><br />(-18 for losing)\n|raw|Dragon D Snutz's rating: 1372 &rarr; <strong>1386</strong><br />(+14 for winning)\n","uploadtime":1788379744,"views":"4","formatid":"gen9championsvgc2026regmb","rating":1255,"private":0,"password":null}