{"id":"gen9championsvgc2026regmb-2674679387","format":"[Gen 9 Champions] VGC 2026 Reg M-B","players":["Ilikepokemons22","gabesito307"],"log":"|j|☆Ilikepokemons22\n|j|☆gabesito307\n|t:|1788389380\n|gametype|doubles\n|player|p1|Ilikepokemons22|lucas|1335\n|player|p2|gabesito307|sophocles|1268\n|gen|9\n|tier|[Gen 9 Champions] VGC 2026 Reg M-B\n|rated|\n|rule|Species Clause: Limit one of each Pokémon\n|rule|Item Clause: Limit 1 of each item\n|clearpoke\n|poke|p1|Scovillain, L50, M, shiny|\n|poke|p1|Basculegion, L50, M|\n|poke|p1|Kingambit, L50, F|\n|poke|p1|Sneasler, L50, F|\n|poke|p1|Lycanroc-Dusk, L50, F|\n|poke|p1|Froslass, L50, F|\n|poke|p2|Kingambit, L50, F|\n|poke|p2|Kommo-o, L50, M|\n|poke|p2|Mimikyu, L50, F|\n|poke|p2|Farigiraf, L50, F|\n|poke|p2|Torkoal, L50, M|\n|poke|p2|Staraptor, L50, M|\n|teampreview|4\n|inactive|Battle timer is ON: inactive players will automatically lose when time's up. (requested by gabesito307)\nIlikepokemons22 has agreed to open team sheets.\n|inactive|Ilikepokemons22 has 60 seconds left.\n|inactive|Ilikepokemons22 has 30 seconds left.\n|inactive|Ilikepokemons22 has 20 seconds left.\n|inactive|Ilikepokemons22 has 15 seconds left.\n|inactive|Ilikepokemons22 has 10 seconds left.\n|inactive|Ilikepokemons22 has 5 seconds left.\n|\n|t:|1788389466\n|teamsize|p1|4\n|teamsize|p2|4\n|start\n|switch|p1a: Kids|Kingambit, L50, F|100/100\n|switch|p1b: Koala|Froslass, L50, F|100/100\n|switch|p2a: Mimikyu|Mimikyu, L50, F|100/100\n|switch|p2b: Torkoal|Torkoal, L50, M|100/100\n|-weather|SunnyDay|[from] ability: Drought|[of] p2b: Torkoal\n|turn|1\n|inactive|Ilikepokemons22 has 30 seconds left.\n|inactive|gabesito307 has 30 seconds left.\n|inactive|gabesito307 has 20 seconds left.\n|inactive|Ilikepokemons22 has 20 seconds left.\n|\n|t:|1788389511\n|detailschange|p1b: Koala|Froslass-Mega, L50, F\n|-mega|p1b: Koala|Froslass|Froslassite\n|-weather|Snowscape|[from] ability: Snow Warning|[of] p1b: Koala\n|move|p1b: Koala|Protect|p1b: Koala\n|-singleturn|p1b: Koala|Protect\n|move|p2b: Torkoal|Protect|p2b: Torkoal\n|-singleturn|p2b: Torkoal|Protect\n|move|p1a: Kids|Kowtow Cleave|p2b: Torkoal\n|-activate|p2b: Torkoal|move: Protect\n|move|p2a: Mimikyu|Trick Room|p2a: Mimikyu\n|-fieldstart|move: Trick Room|[of] p2a: Mimikyu\n|\n|-weather|Snowscape|[upkeep]\n|upkeep\n|turn|2\n|\n|t:|1788389536\n|switch|p1b: SlycedBread|Basculegion, L50, M|100/100\n|move|p2a: Mimikyu|Shadow Sneak|p1b: SlycedBread\n|-supereffective|p1b: SlycedBread|1\n|-damage|p1b: SlycedBread|66/100\n|move|p2b: Torkoal|Eruption|p1a: Kids|[spread] p1a,p1b\n|-supereffective|p1a: Kids|1\n|-resisted|p1b: SlycedBread|1\n|-damage|p1a: Kids|0 fnt\n|-damage|p1b: SlycedBread|32/100\n|faint|p1a: Kids\n|\n|-weather|Snowscape|[upkeep]\n|upkeep\n|\n|t:|1788389548\n|switch|p1a: Cisco|Sneasler, L50, F|100/100\n|turn|3\n|\n|t:|1788389563\n|move|p2b: Torkoal|Protect|p2b: Torkoal\n|-singleturn|p2b: Torkoal|Protect\n|move|p1b: SlycedBread|Protect|p1b: SlycedBread\n|-singleturn|p1b: SlycedBread|Protect\n|move|p2a: Mimikyu|Shadow Sneak|p1b: SlycedBread\n|-activate|p1b: SlycedBread|move: Protect\n|move|p1a: Cisco|Dire Claw|p2a: Mimikyu\n|-activate|p2a: Mimikyu|ability: Disguise\n|-damage|p2a: Mimikyu|100/100\n|detailschange|p2a: Mimikyu|Mimikyu-Busted, L50, F\n|-damage|p2a: Mimikyu|87/100|[from] pokemon: Mimikyu-Busted\n|\n|-weather|Snowscape|[upkeep]\n|upkeep\n|turn|4\n|inactive|Ilikepokemons22 has 30 seconds left.\n|inactive|gabesito307 has 30 seconds left.\n|\n|t:|1788389589\n|switch|p1b: Koala|Froslass-Mega, L50, F|100/100\n|move|p2b: Torkoal|Heat Wave|p1a: Cisco|[spread] p1a,p1b\n|-supereffective|p1b: Koala|1\n|-damage|p1a: Cisco|54/100\n|-damage|p1b: Koala|35/100\n|-status|p1a: Cisco|brn\n|move|p2a: Mimikyu|Play Rough|p1a: Cisco\n|-damage|p1a: Cisco|10/100 brn\n|move|p1a: Cisco|Close Combat|p2b: Torkoal\n|-damage|p2b: Torkoal|78/100\n|-unboost|p1a: Cisco|def|1\n|-unboost|p1a: Cisco|spd|1\n|-enditem|p1a: Cisco|White Herb\n|-clearnegativeboost|p1a: Cisco|[silent]\n|\n|-weather|Snowscape|[upkeep]\n|-damage|p1a: Cisco|4/100 brn|[from] brn\n|upkeep\n|turn|5\n|\n|t:|1788389611\n|move|p1b: Koala|Protect|p1b: Koala\n|-singleturn|p1b: Koala|Protect\n|move|p1a: Cisco|Protect|p1a: Cisco\n|-singleturn|p1a: Cisco|Protect\n|move|p2b: Torkoal|Heat Wave|p1a: Cisco|[spread] \n|-activate|p1a: Cisco|move: Protect\n|-activate|p1b: Koala|move: Protect\n|move|p2a: Mimikyu|Curse|p1b: Koala\n|-start|p1b: Koala|Curse|[of] p2a: Mimikyu\n|-damage|p2a: Mimikyu|37/100\n|\n|-weather|none\n|-damage|p1a: Cisco|0 fnt|[from] brn\n|faint|p1a: Cisco\n|-damage|p1b: Koala|10/100|[from] Curse\n|-fieldend|move: Trick Room\n|upkeep\n|\n|t:|1788389619\n|switch|p1a: SlycedBread|Basculegion, L50, M|32/100\n|turn|6\n|\n|t:|1788389631\n|move|p2b: Torkoal|Protect|p2b: Torkoal\n|-singleturn|p2b: Torkoal|Protect\n|move|p2a: Mimikyu|Shadow Sneak|p1a: SlycedBread\n|-supereffective|p1a: SlycedBread|1\n|-damage|p1a: SlycedBread|2/100\n|move|p1b: Koala|Shadow Ball|p2b: Torkoal\n|-activate|p2b: Torkoal|move: Protect\n|move|p1a: SlycedBread|Last Respects|p2a: Mimikyu\n|-supereffective|p2a: Mimikyu|1\n|-damage|p2a: Mimikyu|0 fnt\n|faint|p2a: Mimikyu\n|-damage|p1a: SlycedBread|0 fnt|[from] item: Life Orb\n|faint|p1a: SlycedBread\n|\n|-damage|p1b: Koala|0 fnt|[from] Curse\n|faint|p1b: Koala\n|\n|win|gabesito307\n|raw|Ilikepokemons22's rating: 1335 &rarr; <strong>1311</strong><br />(-24 for losing)\n|raw|gabesito307's rating: 1268 &rarr; <strong>1298</strong><br />(+30 for winning)\n","uploadtime":1788389631,"views":"2","formatid":"gen9championsvgc2026regmb","rating":1298,"private":0,"password":null}