{"id":"gen9championsvgc2026regmb-2674105967","format":"[Gen 9 Champions] VGC 2026 Reg M-B","players":["MistaMeganium","cinarguncavdi2231"],"log":"|j|☆MistaMeganium\n|j|‽cinarguncavdi2231\n|t:|1788299940\n|gametype|doubles\n|player|p1|MistaMeganium|preschooler|1372\n|player|p2|cinarguncavdi2231|101|1488\n|gen|9\n|tier|[Gen 9 Champions] VGC 2026 Reg M-B\n|rated|\n|rule|Species Clause: Limit one of each Pokémon\n|rule|Item Clause: Limit 1 of each item\n|clearpoke\n|poke|p1|Meganium, L50, M|\n|poke|p1|Sableye, L50, M|\n|poke|p1|Milotic, L50, M|\n|poke|p1|Garchomp, L50, F|\n|poke|p1|Sneasler, L50, F|\n|poke|p1|Scizor, L50, F|\n|poke|p2|Raichu, L50, F|\n|poke|p2|Scolipede, L50, M|\n|poke|p2|Ceruledge, L50, F|\n|poke|p2|Weavile, L50, M|\n|poke|p2|Milotic, L50, F|\n|poke|p2|Sinistcha, L50|\n|teampreview|4\n|inactive|Battle timer is ON: inactive players will automatically lose when time's up. (requested by MistaMeganium)\n|j| bondleroo\n|l| bondleroo\n|j| bondleroo\nMistaMeganium rejected open team sheets.\n|inactive|cinarguncavdi2231 has 60 seconds left.\n|\n|t:|1788299971\n|teamsize|p1|4\n|teamsize|p2|4\n|start\n|switch|p1a: UNSTOPPABLE FORCE|Meganium, L50, M|100/100\n|switch|p1b: UNKNOWABLE UNKNOWN|Sableye, L50, M|100/100\n|switch|p2a: Scolipede|Scolipede, L50, M|100/100\n|switch|p2b: Weavile|Weavile, L50, M|100/100\n|turn|1\n|inactive|MistaMeganium has 30 seconds left.\n|\n|t:|1788300002\n|switch|p1a: Scizor|Scizor, L50, F|100/100\n|switch|p1b: Sneasler|Sneasler, L50, F|100/100\n|move|p2b: Weavile|Knock Off|p1b: Sneasler\n|-resisted|p1b: Sneasler|1\n|-damage|p1b: Sneasler|59/100\n|-enditem|p1b: Sneasler|White Herb|[from] move: Knock Off|[of] p2b: Weavile\n|move|p2a: Scolipede|Leech Life|p1b: Sneasler\n|-resisted|p1b: Sneasler|2\n|-damage|p1b: Sneasler|48/100\n|\n|-ability|p2a: Scolipede|Speed Boost|boost\n|-boost|p2a: Scolipede|spe|1\n|upkeep\n|turn|2\n|inactive|cinarguncavdi2231 has 30 seconds left.\n|\n|t:|1788300029\n|switch|p2b: Sinistcha|Sinistcha, L50|100/100\n|move|p2a: Scolipede|Protect|p2a: Scolipede\n|-singleturn|p2a: Scolipede|Protect\n|move|p1b: Sneasler|Close Combat|p2b: Sinistcha\n|-immune|p2b: Sinistcha\n|move|p1a: Scizor|Tailwind|p1a: Scizor\n|-sidestart|p1: MistaMeganium|move: Tailwind\n|\n|-ability|p2a: Scolipede|Speed Boost|boost\n|-boost|p2a: Scolipede|spe|1\n|upkeep\n|turn|3\n|inactive|MistaMeganium has 30 seconds left.\n|\n|t:|1788300061\n|move|p2b: Sinistcha|Rage Powder|p2b: Sinistcha\n|-singleturn|p2b: Sinistcha|move: Rage Powder\n|move|p1a: Scizor|Bullet Punch|p2b: Sinistcha\n|-damage|p2b: Sinistcha|81/100\n|move|p1b: Sneasler|Dire Claw|p2b: Sinistcha\n|-damage|p2b: Sinistcha|51/100\n|move|p2a: Scolipede|Swords Dance|p2a: Scolipede\n|-boost|p2a: Scolipede|atk|2\n|\n|-ability|p2a: Scolipede|Speed Boost|boost\n|-boost|p2a: Scolipede|spe|1\n|upkeep\n|turn|4\n|\n|t:|1788300081\n|move|p2b: Sinistcha|Rage Powder|p2b: Sinistcha\n|-singleturn|p2b: Sinistcha|move: Rage Powder\n|move|p1a: Scizor|Bullet Punch|p2b: Sinistcha\n|-damage|p2b: Sinistcha|30/100\n|-enditem|p2b: Sinistcha|Sitrus Berry|[eat]\n|-heal|p2b: Sinistcha|55/100|[from] item: Sitrus Berry\n|move|p1b: Sneasler|Dire Claw|p2b: Sinistcha\n|-damage|p2b: Sinistcha|25/100\n|move|p2a: Scolipede|Swords Dance|p2a: Scolipede\n|-boost|p2a: Scolipede|atk|2\n|\n|-ability|p2a: Scolipede|Speed Boost|boost\n|-boost|p2a: Scolipede|spe|1\n|upkeep\n|turn|5\n|inactive|cinarguncavdi2231 has 30 seconds left.\n|\n|t:|1788300107\n|switch|p2b: Ceruledge|Ceruledge, L50, F|100/100\n|move|p2a: Scolipede|Protect|p2a: Scolipede\n|-singleturn|p2a: Scolipede|Protect\n|move|p1a: Scizor|Bullet Punch|p2b: Ceruledge\n|-resisted|p2b: Ceruledge|1\n|-damage|p2b: Ceruledge|85/100\n|move|p1b: Sneasler|Dire Claw|p2a: Scolipede\n|-activate|p2a: Scolipede|move: Protect\n|\n|-sideend|p1: MistaMeganium|move: Tailwind\n|-ability|p2a: Scolipede|Speed Boost|boost\n|-boost|p2a: Scolipede|spe|1\n|upkeep\n|turn|6\n|\n|t:|1788300128\n|detailschange|p2a: Scolipede|Scolipede-Mega, L50, M\n|-mega|p2a: Scolipede|Scolipede|Scolipite\n|move|p1a: Scizor|Bullet Punch|p2a: Scolipede\n|-damage|p2a: Scolipede|80/100\n|move|p2a: Scolipede|Leech Life|p1b: Sneasler\n|-resisted|p1b: Sneasler|2\n|-damage|p1b: Sneasler|1/100\n|-heal|p2a: Scolipede|100/100|[from] drain|[of] p1b: Sneasler\n|move|p1b: Sneasler|Dire Claw|p2a: Scolipede\n|-resisted|p2a: Scolipede|1\n|-damage|p2a: Scolipede|83/100\n|move|p2b: Ceruledge|Bitter Blade|p1a: Scizor\n|-supereffective|p1a: Scizor|2\n|-damage|p1a: Scizor|0 fnt\n|-heal|p2b: Ceruledge|100/100|[from] drain|[of] p1a: Scizor\n|faint|p1a: Scizor\n|\n|upkeep\n|\n|t:|1788300144\n|switch|p1a: UNKNOWABLE UNKNOWN|Sableye, L50, M|100/100\n|turn|7\n|\n|t:|1788300154\n|move|p2b: Ceruledge|Shadow Sneak|p1b: Sneasler\n|-crit|p1b: Sneasler\n|-damage|p1b: Sneasler|0 fnt\n|faint|p1b: Sneasler\n|move|p1a: UNKNOWABLE UNKNOWN|Will-O-Wisp|p2a: Scolipede\n|-status|p2a: Scolipede|brn\n|move|p2a: Scolipede|Poison Jab|p1a: UNKNOWABLE UNKNOWN\n|-resisted|p1a: UNKNOWABLE UNKNOWN|1\n|-damage|p1a: UNKNOWABLE UNKNOWN|70/100\n|-status|p1a: UNKNOWABLE UNKNOWN|psn\n|\n|-damage|p1a: UNKNOWABLE UNKNOWN|57/100 psn|[from] psn\n|-damage|p2a: Scolipede|77/100 brn|[from] brn\n|upkeep\n|\n|t:|1788300166\n|switch|p1b: UNSTOPPABLE FORCE|Meganium, L50, M|100/100\n|turn|8\n|\n|t:|1788300176\n|detailschange|p1b: UNSTOPPABLE FORCE|Meganium-Mega, L50, M\n|-mega|p1b: UNSTOPPABLE FORCE|Meganium|Meganiumite\n|move|p1a: UNKNOWABLE UNKNOWN|Quash|p2a: Scolipede\n|-activate|p2a: Scolipede|move: Quash\n|move|p1b: UNSTOPPABLE FORCE|Weather Ball|p2a: Scolipede\n|-supereffective|p2a: Scolipede|1\n|-damage|p2a: Scolipede|0 fnt\n|faint|p2a: Scolipede\n|move|p2b: Ceruledge|Bitter Blade|p1b: UNSTOPPABLE FORCE\n|-supereffective|p1b: UNSTOPPABLE FORCE|1\n|-damage|p1b: UNSTOPPABLE FORCE|13/100\n|\n|-damage|p1a: UNKNOWABLE UNKNOWN|45/100 psn|[from] psn\n|upkeep\n|\n|t:|1788300185\n|switch|p2a: Weavile|Weavile, L50, M|100/100\n|turn|9\n|l| bondleroo\n|\n|t:|1788300195\n|move|p1a: UNKNOWABLE UNKNOWN|Rain Dance|p1a: UNKNOWABLE UNKNOWN\n|-weather|RainDance\n|move|p2a: Weavile|Knock Off|p1b: UNSTOPPABLE FORCE\n|-resisted|p1b: UNSTOPPABLE FORCE|1\n|-damage|p1b: UNSTOPPABLE FORCE|0 fnt\n|faint|p1b: UNSTOPPABLE FORCE\n|move|p2b: Ceruledge|Bitter Blade|p1a: UNKNOWABLE UNKNOWN\n|-damage|p1a: UNKNOWABLE UNKNOWN|19/100 psn\n|\n|-weather|RainDance|[upkeep]\n|-damage|p1a: UNKNOWABLE UNKNOWN|7/100 psn|[from] psn\n|upkeep\n|turn|10\n|c|☆MistaMeganium|gg\n|-message|MistaMeganium forfeited.\n|\n|win|cinarguncavdi2231\n|raw|MistaMeganium's rating: 1372 &rarr; <strong>1358</strong><br />(-14 for losing)\n|raw|cinarguncavdi2231's rating: 1488 &rarr; <strong>1502</strong><br />(+14 for winning)\n|l|☆MistaMeganium\n|player|p1|\n","uploadtime":1788300206,"views":"1","formatid":"gen9championsvgc2026regmb","rating":1358,"private":0,"password":null}