{"id":"gen9championsvgc2026regmb-2674480063","format":"[Gen 9 Champions] VGC 2026 Reg M-B","players":["P28","slowthinker1"],"log":"|j|☆P28\n|j|☆slowthinker1\n|t:|1788364739\n|gametype|doubles\n|player|p1|P28|170|1290\n|player|p2|slowthinker1|1|1266\n|gen|9\n|tier|[Gen 9 Champions] VGC 2026 Reg M-B\n|rated|\n|rule|Species Clause: Limit one of each Pokémon\n|rule|Item Clause: Limit 1 of each item\n|clearpoke\n|poke|p1|Froslass, L50, F|\n|poke|p1|Glaceon, L50, M|\n|poke|p1|Talonflame, L50, F|\n|poke|p1|Glimmora, L50, M, shiny|\n|poke|p1|Sneasler, L50, F|\n|poke|p1|Kingambit, L50, M|\n|poke|p2|Floette-Eternal, L50, F|\n|poke|p2|Gholdengo, L50|\n|poke|p2|Sneasler, L50, M|\n|poke|p2|Talonflame, L50, F|\n|poke|p2|Sinistcha, L50|\n|poke|p2|Kingambit, L50, M|\n|teampreview|4\nP28 rejected open team sheets.\n|inactive|Battle timer is ON: inactive players will automatically lose when time's up. (requested by slowthinker1)\n|inactive|P28 has 60 seconds left.\n|\n|t:|1788364827\n|teamsize|p1|4\n|teamsize|p2|4\n|start\n|switch|p1a: Glimmora|Glimmora, L50, M, shiny|100/100\n|switch|p1b: Sneasler|Sneasler, L50, F|100/100\n|switch|p2a: Floette|Floette-Eternal, L50, F|100/100\n|switch|p2b: Gholdengo|Gholdengo, L50|100/100\n|turn|1\n|inactive|P28 has 30 seconds left.\n|inactive|P28 has 20 seconds left.\n|inactive|P28 has 15 seconds left.\n|inactive|P28 has 10 seconds left.\n|inactive|P28 has 5 seconds left.\n|\n|t:|1788364879\n|switch|p2a: Sneasler|Sneasler, L50, M|100/100\n|detailschange|p1a: Glimmora|Glimmora-Mega, L50, M, shiny\n|-mega|p1a: Glimmora|Glimmora|Glimmoranite\n|move|p1b: Sneasler|Fake Out|p2a: Sneasler\n|-damage|p2a: Sneasler|71/100\n|move|p2b: Gholdengo|Make It Rain|p1a: Glimmora|[spread] p1a,p1b\n|-supereffective|p1a: Glimmora|1\n|-damage|p1a: Glimmora|0 fnt\n|-damage|p1b: Sneasler|23/100\n|-unboost|p2b: Gholdengo|spa|2\n|faint|p1a: Glimmora\n|\n|upkeep\n|\n|t:|1788364901\n|switch|p1a: Talonflame|Talonflame, L50, F|100/100\n|turn|2\n|inactive|P28 has 30 seconds left.\n|\n|t:|1788364930\n|move|p1b: Sneasler|Protect|p1b: Sneasler\n|-singleturn|p1b: Sneasler|Protect\n|move|p2a: Sneasler|Fake Out|p1a: Talonflame\n|-damage|p1a: Talonflame|77/100\n|move|p2b: Gholdengo|Make It Rain|p1b: Sneasler|[spread] p1a\n|-activate|p1b: Sneasler|move: Protect\n|-resisted|p1a: Talonflame|1\n|-damage|p1a: Talonflame|60/100\n|-unboost|p2b: Gholdengo|spa|2\n|cant|p1a: Talonflame|flinch\n|\n|upkeep\n|turn|3\n|inactive|P28 has 30 seconds left.\n|inactive|P28 has 20 seconds left.\n|inactive|slowthinker1 has 30 seconds left.\n|\n|t:|1788364971\n|switch|p2b: Sinistcha|Sinistcha, L50|100/100\n|-heal|p2a: Sneasler|96/100|[from] ability: Hospitality|[of] p2b: Sinistcha\n|move|p1a: Talonflame|Brave Bird|p2a: Sneasler\n|-supereffective|p2a: Sneasler|1\n|-damage|p2a: Sneasler|0 fnt\n|faint|p2a: Sneasler\n|-damage|p1a: Talonflame|27/100|[from] Recoil\n|-damage|p1a: Talonflame|18/100|[from] item: Life Orb\n|move|p1b: Sneasler|Dire Claw|p2b: Sinistcha\n|-damage|p2b: Sinistcha|61/100\n|\n|upkeep\n|\n|t:|1788364981\n|switch|p2a: Gholdengo|Gholdengo, L50|100/100\n|turn|4\n|inactive|P28 has 30 seconds left.\n|inactive|P28 has 20 seconds left.\n|inactive|P28 has 15 seconds left.\n|inactive|P28 has 10 seconds left.\n|\n|t:|1788365026\n|move|p1b: Sneasler|Protect|p1b: Sneasler\n|-singleturn|p1b: Sneasler|Protect\n|move|p2b: Sinistcha|Rage Powder|p2b: Sinistcha\n|-singleturn|p2b: Sinistcha|move: Rage Powder\n|move|p2a: Gholdengo|Shadow Ball|p1a: Talonflame\n|-crit|p1a: Talonflame\n|-damage|p1a: Talonflame|0 fnt\n|faint|p1a: Talonflame\n|\n|upkeep\n|\n|t:|1788365033\n|switch|p1a: Kingambit|Kingambit, L50, M|100/100\n|turn|5\n|\n|t:|1788365044\n|move|p2b: Sinistcha|Rage Powder|p2b: Sinistcha\n|-singleturn|p2b: Sinistcha|move: Rage Powder\n|move|p1a: Kingambit|Sucker Punch||[still]\n|-fail|p1a: Kingambit\n|move|p2a: Gholdengo|Shadow Ball|p1b: Sneasler\n|-damage|p1b: Sneasler|0 fnt\n|faint|p1b: Sneasler\n|\n|upkeep\n|turn|6\n|c|☆P28|ggs\n|\n|t:|1788365060\n|move|p2a: Gholdengo|Shadow Ball|p1a: Kingambit\n|-resisted|p1a: Kingambit|1\n|-damage|p1a: Kingambit|79/100\n|move|p1a: Kingambit|Kowtow Cleave|p2b: Sinistcha\n|-supereffective|p2b: Sinistcha|1\n|-damage|p2b: Sinistcha|0 fnt\n|faint|p2b: Sinistcha\n|\n|upkeep\n|\n|t:|1788365066\n|switch|p2b: Floette|Floette-Eternal, L50, F|100/100\n|turn|7\n|\n|t:|1788365073\n|detailschange|p2b: Floette|Floette-Mega, L50, F\n|-mega|p2b: Floette|Floette|Floettite\n|-ability|p2b: Floette|Fairy Aura\n|move|p1a: Kingambit|Sucker Punch|p2a: Gholdengo\n|-supereffective|p2a: Gholdengo|1\n|-damage|p2a: Gholdengo|11/100\n|move|p2a: Gholdengo|Shadow Ball|p1a: Kingambit\n|-resisted|p1a: Kingambit|1\n|-damage|p1a: Kingambit|58/100\n|move|p2b: Floette|Moonblast|p1a: Kingambit\n|-damage|p1a: Kingambit|0 fnt\n|faint|p1a: Kingambit\n|\n|win|slowthinker1\n|raw|P28's rating: 1290 &rarr; <strong>1263</strong><br />(-27 for losing)\n|raw|slowthinker1's rating: 1266 &rarr; <strong>1293</strong><br />(+27 for winning)\n","uploadtime":1788365085,"views":"1","formatid":"gen9championsvgc2026regmb","rating":1263,"private":0,"password":null}