{"id":"gen9championsvgc2026regmbbo3-2674095571","format":"[Gen 9 Champions] VGC 2026 Reg M-B (Bo3)","players":["humania1","Ellisqwan"],"log":"|j|☆humania1\n|j|☆Ellisqwan\n|html|<table width=\"100%\"><tr><td align=\"left\">humania1</td><td align=\"right\">Ellisqwan</tr><tr><td align=\"left\"><i class=\"fa fa-circle-o\"></i> <i class=\"fa fa-circle-o\"></i> </td><td align=\"right\"><i class=\"fa fa-circle-o\"></i> <i class=\"fa fa-circle-o\"></i> </tr></table>\n|uhtml|bestof|<h2><strong>Game 1</strong> of <a href=\"/game-bestof3-gen9championsvgc2026regmbbo3-2674095570\">a best-of-3</a></h2>\n|t:|1788298505\n|gametype|doubles\n|player|p1|humania1|266|1000\n|player|p2|Ellisqwan|2|1000\n|gen|9\n|tier|[Gen 9 Champions] VGC 2026 Reg M-B (Bo3)\n|rated|\n|rule|Species Clause: Limit one of each Pokémon\n|rule|Item Clause: Limit 1 of each item\n|clearpoke\n|poke|p1|Blastoise, L50, M|\n|poke|p1|Delphox, L50, M, shiny|\n|poke|p1|Incineroar, L50, M|\n|poke|p1|Sinistcha, L50|\n|poke|p1|Sneasler, L50, M|\n|poke|p1|Vivillon, L50, M|\n|poke|p2|Sceptile, L50, F|\n|poke|p2|Heliolisk, L50, M|\n|poke|p2|Charizard, L50, F|\n|poke|p2|Whimsicott, L50, M|\n|poke|p2|Sneasler, L50, M|\n|poke|p2|Garchomp, L50, F|\n|teampreview|4\n|showteam|p1|Blastoise||Blastoisinite|Torrent|Protect,ShellSmash,WaterSpout,DarkPulse|Modest||M|||50|]Delphox||Delphoxite|Blaze|Protect,HeatWave,Psyshock,NastyPlot|Timid||M|||50|]Incineroar||PasshoBerry|Intimidate|FakeOut,PartingShot,FlareBlitz,ThroatChop|Impish||M|||50|]Sinistcha||SitrusBerry|Hospitality|Protect,MatchaGotcha,TrickRoom,RagePowder|Bold|||||50|]Sneasler||FocusSash|PoisonTouch|QuickGuard,FakeOut,CloseCombat,DireClaw|Jolly||M|||50|]Vivillon||ChoiceScarf|CompoundEyes|Hurricane,SleepPowder,RagePowder,Uturn|Timid||M|||50|\n|showteam|p2|Sceptile||Sceptilite|Overgrow|DragonPulse,EnergyBall,Detect,EarthPower|Modest||F|||50|]Heliolisk||ChoiceScarf|SolarPower|Discharge,VoltSwitch,HyperVoice,ShedTail|Modest||M|||50|]Charizard||CharizarditeY|SolarPower|HeatWave,Protect,SolarBeam,WeatherBall|Timid||F|||50|]Whimsicott||FocusSash|Prankster|Tailwind,Protect,Encore,Moonblast|Timid||M|||50|]Sneasler||WhiteHerb|Unburden|FakeOut,DireClaw,CloseCombat,ThroatChop|Jolly||M|||50|]Garchomp||LifeOrb|RoughSkin|Earthquake,RockSlide,Protect,StompingTantrum|Jolly||F|||50|\n|inactive|Battle timer is ON: inactive players will automatically lose when time's up. (requested by humania1)\n|inactive|Ellisqwan has 60 seconds left.\n|\n|t:|1788298550\n|teamsize|p1|4\n|teamsize|p2|4\n|start\n|switch|p1a: Delphox|Delphox, L50, M, shiny|100/100\n|switch|p1b: Incineroar|Incineroar, L50, M|100/100\n|switch|p2a: Sneasler|Sneasler, L50, M|100/100\n|switch|p2b: Sceptile|Sceptile, L50, F|100/100\n|-ability|p1b: Incineroar|Intimidate|boost\n|-unboost|p2a: Sneasler|atk|1\n|-unboost|p2b: Sceptile|atk|1\n|-enditem|p2a: Sneasler|White Herb\n|-clearnegativeboost|p2a: Sneasler|[silent]\n|turn|1\n|inactive|Ellisqwan has 30 seconds left.\n|\n|t:|1788298578\n|detailschange|p1a: Delphox|Delphox-Mega, L50, M, shiny\n|-mega|p1a: Delphox|Delphox|Delphoxite\n|move|p2b: Sceptile|Detect|p2b: Sceptile\n|-singleturn|p2b: Sceptile|Protect\n|move|p2a: Sneasler|Close Combat|p1b: Incineroar\n|-supereffective|p1b: Incineroar|1\n|-damage|p1b: Incineroar|6/100\n|-unboost|p2a: Sneasler|def|1\n|-unboost|p2a: Sneasler|spd|1\n|move|p1a: Delphox|Psyshock|p2a: Sneasler\n|-supereffective|p2a: Sneasler|2\n|-damage|p2a: Sneasler|0 fnt\n|faint|p2a: Sneasler\n|move|p1b: Incineroar|Flare Blitz|p2b: Sceptile\n|-activate|p2b: Sceptile|move: Protect\n|\n|upkeep\n|\n|t:|1788298592\n|switch|p2a: Heliolisk|Heliolisk, L50, M|100/100\n|turn|2\n|\n|t:|1788298606\n|detailschange|p2b: Sceptile|Sceptile-Mega, L50, F\n|-mega|p2b: Sceptile|Sceptile|Sceptilite\n|move|p2a: Heliolisk|Discharge|p1a: Delphox|[spread] p1a,p1b\n|-ability|p2b: Sceptile|Lightning Rod|boost\n|-boost|p2b: Sceptile|spa|1\n|-damage|p1a: Delphox|71/100\n|-damage|p1b: Incineroar|0 fnt\n|faint|p1b: Incineroar\n|move|p1a: Delphox|Heat Wave|p2a: Heliolisk|[spread] p2a,p2b\n|-damage|p2a: Heliolisk|38/100\n|-damage|p2b: Sceptile|42/100\n|-status|p2b: Sceptile|brn\n|move|p2b: Sceptile|Dragon Pulse|p1a: Delphox\n|-damage|p1a: Delphox|0 fnt\n|faint|p1a: Delphox\n|\n|-damage|p2b: Sceptile|36/100 brn|[from] brn\n|upkeep\n|\n|t:|1788298606\n|switch|p1a: Sneasler|Sneasler, L50, M|100/100\n|switch|p1b: Sinistcha|Sinistcha, L50|100/100\n|turn|3\n|\n|t:|1788298626\n|switch|p2a: Charizard|Charizard, L50, F|100/100\n|move|p2b: Sceptile|Detect|p2b: Sceptile\n|-singleturn|p2b: Sceptile|Protect\n|move|p1b: Sinistcha|Protect|p1b: Sinistcha\n|-singleturn|p1b: Sinistcha|Protect\n|move|p1a: Sneasler|Dire Claw|p2b: Sceptile\n|-activate|p2b: Sceptile|move: Protect\n|\n|-damage|p2b: Sceptile|30/100 brn|[from] brn\n|upkeep\n|turn|4\n|\n|t:|1788298636\n|switch|p2b: Heliolisk|Heliolisk, L50, M|38/100\n|move|p1b: Sinistcha|Rage Powder|p1b: Sinistcha\n|-singleturn|p1b: Sinistcha|move: Rage Powder\n|move|p1a: Sneasler|Dire Claw|p2b: Heliolisk\n|-damage|p2b: Heliolisk|0 fnt\n|faint|p2b: Heliolisk\n|move|p2a: Charizard|Heat Wave|p1b: Sinistcha|[spread] p1a,p1b\n|-supereffective|p1b: Sinistcha|1\n|-damage|p1a: Sneasler|55/100\n|-damage|p1b: Sinistcha|35/100\n|-status|p1b: Sinistcha|brn\n|-enditem|p1b: Sinistcha|Sitrus Berry|[eat]\n|-heal|p1b: Sinistcha|60/100 brn|[from] item: Sitrus Berry\n|\n|-damage|p1b: Sinistcha|53/100 brn|[from] brn\n|upkeep\n|\n|t:|1788298643\n|switch|p2b: Sceptile|Sceptile-Mega, L50, F|30/100 brn\n|turn|5\n|\n|t:|1788298662\n|move|p2b: Sceptile|Detect|p2b: Sceptile\n|-singleturn|p2b: Sceptile|Protect\n|move|p1b: Sinistcha|Protect|p1b: Sinistcha\n|-singleturn|p1b: Sinistcha|Protect\n|move|p1a: Sneasler|Dire Claw|p2b: Sceptile\n|-activate|p2b: Sceptile|move: Protect\n|move|p2a: Charizard|Heat Wave|p1a: Sneasler|[spread] p1a\n|-activate|p1b: Sinistcha|move: Protect\n|-damage|p1a: Sneasler|8/100\n|\n|-damage|p2b: Sceptile|24/100 brn|[from] brn\n|-damage|p1b: Sinistcha|47/100 brn|[from] brn\n|upkeep\n|turn|6\n|\n|t:|1788298667\n|move|p2b: Sceptile|Dragon Pulse|p1a: Sneasler\n|-damage|p1a: Sneasler|0 fnt\n|faint|p1a: Sneasler\n|move|p2a: Charizard|Heat Wave|p1b: Sinistcha\n|-supereffective|p1b: Sinistcha|1\n|-damage|p1b: Sinistcha|0 fnt\n|faint|p1b: Sinistcha\n|\n|win|Ellisqwan\n","uploadtime":1788298667,"views":"0","formatid":"gen9championsvgc2026regmbbo3","rating":null,"private":0,"password":null}