{"id":"gen9championsvgc2026regmbbo3-2673397642","format":"[Gen 9 Champions] VGC 2026 Reg M-B (Bo3)","players":["aerodactylhater","BreloomB01"],"log":"|j|☆aerodactylhater\n|j|☆BreloomB01\n|html|<table width=\"100%\"><tr><td align=\"left\">aerodactylhater</td><td align=\"right\">BreloomB01</tr><tr><td align=\"left\"><i class=\"fa fa-circle\"></i> <i class=\"fa fa-circle-o\"></i> </td><td align=\"right\"><i class=\"fa fa-circle-o\"></i> <i class=\"fa fa-circle-o\"></i> </tr></table>\n|uhtml|bestof|<h2><strong>Game 2</strong> of <a href=\"/game-bestof3-gen9championsvgc2026regmbbo3-2673396515\">a best-of-3</a></h2>\n|t:|1788192897\n|gametype|doubles\n|player|p1|aerodactylhater|cowgirl|1378\n|player|p2|BreloomB01|170|1311\n|gen|9\n|tier|[Gen 9 Champions] VGC 2026 Reg M-B (Bo3)\n|rated|\n|rule|Species Clause: Limit one of each Pokémon\n|rule|Item Clause: Limit 1 of each item\n|clearpoke\n|poke|p1|Froslass, L50, F|\n|poke|p1|Sneasler, L50, F|\n|poke|p1|Lycanroc-Dusk, L50, M|\n|poke|p1|Basculegion, L50, M|\n|poke|p1|Kingambit, L50, F|\n|poke|p1|Scovillain, L50, M|\n|poke|p2|Scovillain, L50, M|\n|poke|p2|Basculegion, L50, M|\n|poke|p2|Kingambit, L50, F|\n|poke|p2|Sneasler, L50, F|\n|poke|p2|Lycanroc-Dusk, L50, M|\n|poke|p2|Froslass, L50, F|\n|teampreview|4\n|showteam|p1|Froslass||Froslassite|CursedBody|Blizzard,ShadowBall,AuroraVeil,Protect|Timid||F|||50|]Sneasler||WhiteHerb|Unburden|CloseCombat,GunkShot,FakeOut,Protect|Adamant||F|||50|]Lycanroc-Dusk||FocusSash|ToughClaws|RockSlide,CloseCombat,Accelerock,Protect|Adamant||M|||50|]Basculegion||LifeOrb|Adaptability|WaveCrash,LastRespects,AquaJet,Protect|Jolly||M|||50|]Kingambit||BlackGlasses|Defiant|KowtowCleave,SuckerPunch,SwordsDance,Protect|Adamant||F|||50|]Scovillain||Scovillainite|Moody|Overheat,GigaDrain,RagePowder,Protect|Bold||M|||50|\n|showteam|p2|Scovillain||Scovillainite|Moody|GigaDrain,Overheat,RagePowder,Protect|Bold||M|||50|]Basculegion||LifeOrb|Adaptability|WaveCrash,LastRespects,AquaJet,Protect|Adamant||M|||50|]Kingambit||BlackGlasses|Defiant|KowtowCleave,SuckerPunch,SwordsDance,Protect|Adamant||F|||50|]Sneasler||WhiteHerb|Unburden|CloseCombat,DireClaw,Protect,FakeOut|Adamant||F|||50|]Lycanroc-Dusk||FocusSash|ToughClaws|CloseCombat,Accelerock,RockSlide,Protect|Adamant||M|||50|]Froslass||Froslassite|CursedBody|Blizzard,ShadowBall,AuroraVeil,Protect|Timid||F|||50|\n|inactive|Battle timer is ON: inactive players will automatically lose when time's up. (requested by aerodactylhater)\n|\n|t:|1788192927\n|teamsize|p1|4\n|teamsize|p2|4\n|start\n|switch|p1a: Lycanroc|Lycanroc-Dusk, L50, M|100/100\n|switch|p1b: Basculegion|Basculegion, L50, M|100/100\n|switch|p2a: Scovillain|Scovillain, L50, M|100/100\n|switch|p2b: Basculegion|Basculegion, L50, M|100/100\n|turn|1\n|\n|t:|1788192941\n|switch|p1a: Kingambit|Kingambit, L50, F|100/100\n|detailschange|p2a: Scovillain|Scovillain-Mega, L50, M\n|-mega|p2a: Scovillain|Scovillain|Scovillainite\n|move|p1b: Basculegion|Wave Crash|p2a: Scovillain\n|-damage|p2a: Scovillain|2/100\n|-status|p1b: Basculegion|brn|[from] ability: Spicy Spray|[of] p2a: Scovillain\n|-damage|p1b: Basculegion|72/100 brn|[from] Recoil\n|-damage|p1b: Basculegion|62/100 brn|[from] item: Life Orb\n|move|p2b: Basculegion|Last Respects|p1b: Basculegion\n|-supereffective|p1b: Basculegion|1\n|-damage|p1b: Basculegion|0 fnt\n|faint|p1b: Basculegion\n|-damage|p2b: Basculegion|90/100|[from] item: Life Orb\n|move|p2a: Scovillain|Giga Drain|p1a: Kingambit\n|-resisted|p1a: Kingambit|1\n|-damage|p1a: Kingambit|84/100\n|-heal|p2a: Scovillain|12/100|[from] drain|[of] p1a: Kingambit\n|\n|upkeep\n|\n|t:|1788192947\n|switch|p1b: Sneasler|Sneasler, L50, F|100/100\n|turn|2\n|\n|t:|1788192955\n|move|p1b: Sneasler|Fake Out|p2a: Scovillain\n|-damage|p2a: Scovillain|0 fnt\n|-status|p1b: Sneasler|brn|[from] ability: Spicy Spray|[of] p2a: Scovillain\n|faint|p2a: Scovillain\n|move|p2b: Basculegion|Aqua Jet|p1b: Sneasler\n|-damage|p1b: Sneasler|43/100 brn\n|-damage|p2b: Basculegion|80/100|[from] item: Life Orb\n|move|p1a: Kingambit|Kowtow Cleave|p2b: Basculegion\n|-supereffective|p2b: Basculegion|1\n|-damage|p2b: Basculegion|0 fnt\n|faint|p2b: Basculegion\n|\n|-damage|p1b: Sneasler|38/100 brn|[from] brn\n|upkeep\n|\n|t:|1788192958\n|switch|p2b: Sneasler|Sneasler, L50, F|100/100\n|switch|p2a: Kingambit|Kingambit, L50, F|100/100\n|turn|3\n|\n|t:|1788192964\n|move|p1b: Sneasler|Protect|p1b: Sneasler\n|-singleturn|p1b: Sneasler|Protect\n|move|p1a: Kingambit|Protect|p1a: Kingambit\n|-singleturn|p1a: Kingambit|Protect\n|move|p2b: Sneasler|Close Combat|p1a: Kingambit\n|-activate|p1a: Kingambit|move: Protect\n|move|p2a: Kingambit|Kowtow Cleave|p1b: Sneasler\n|-activate|p1b: Sneasler|move: Protect\n|\n|-damage|p1b: Sneasler|32/100 brn|[from] brn\n|upkeep\n|turn|4\n|\n|t:|1788192978\n|move|p1a: Kingambit|Sucker Punch|p2b: Sneasler\n|-resisted|p2b: Sneasler|1\n|-crit|p2b: Sneasler\n|-damage|p2b: Sneasler|41/100\n|move|p1b: Sneasler|Close Combat|p2a: Kingambit\n|-supereffective|p2a: Kingambit|2\n|-damage|p2a: Kingambit|4/100\n|-unboost|p1b: Sneasler|def|1\n|-unboost|p1b: Sneasler|spd|1\n|-enditem|p1b: Sneasler|White Herb\n|-clearnegativeboost|p1b: Sneasler|[silent]\n|move|p2b: Sneasler|Close Combat|p1a: Kingambit\n|-supereffective|p1a: Kingambit|2\n|-damage|p1a: Kingambit|0 fnt\n|-unboost|p2b: Sneasler|def|1\n|-unboost|p2b: Sneasler|spd|1\n|faint|p1a: Kingambit\n|-enditem|p2b: Sneasler|White Herb\n|-clearnegativeboost|p2b: Sneasler|[silent]\n|move|p2a: Kingambit|Kowtow Cleave|p1b: Sneasler\n|-resisted|p1b: Sneasler|1\n|-damage|p1b: Sneasler|0 fnt\n|faint|p1b: Sneasler\n|\n|upkeep\n|\n|t:|1788192986\n|switch|p1a: Lycanroc|Lycanroc-Dusk, L50, M|100/100\n|turn|5\n|\n|t:|1788193001\n|move|p1a: Lycanroc|Protect|p1a: Lycanroc\n|-singleturn|p1a: Lycanroc|Protect\n|move|p2b: Sneasler|Dire Claw|p1a: Lycanroc\n|-activate|p1a: Lycanroc|move: Protect\n|move|p2a: Kingambit|Kowtow Cleave|p1a: Lycanroc\n|-activate|p1a: Lycanroc|move: Protect\n|\n|upkeep\n|turn|6\n|\n|t:|1788193026\n|move|p1a: Lycanroc|Accelerock|p2a: Kingambit\n|-resisted|p2a: Kingambit|1\n|-damage|p2a: Kingambit|0 fnt\n|faint|p2a: Kingambit\n|move|p2b: Sneasler|Dire Claw|p1a: Lycanroc\n|-resisted|p1a: Lycanroc|1\n|-damage|p1a: Lycanroc|69/100\n|\n|upkeep\n|turn|7\n|\n|t:|1788193030\n|move|p1a: Lycanroc|Accelerock|p2b: Sneasler\n|-resisted|p2b: Sneasler|1\n|-damage|p2b: Sneasler|21/100\n|move|p2b: Sneasler|Close Combat|p1a: Lycanroc\n|-supereffective|p1a: Lycanroc|1\n|-damage|p1a: Lycanroc|0 fnt\n|-unboost|p2b: Sneasler|def|1\n|-unboost|p2b: Sneasler|spd|1\n|faint|p1a: Lycanroc\n|\n|win|BreloomB01\n","uploadtime":1788193038,"views":"14","formatid":"gen9championsvgc2026regmbbo3","rating":null,"private":0,"password":null}