{"id":"gen9championsvgc2026regmb-2674721908","format":"[Gen 9 Champions] VGC 2026 Reg M-B","players":["fonx14","tfletche16"],"log":"|j|☆fonx14\n|j|☆tfletche16\n|t:|1788395915\n|gametype|doubles\n|player|p1|fonx14|265|1088\n|player|p2|tfletche16|2|1008\n|gen|9\n|tier|[Gen 9 Champions] VGC 2026 Reg M-B\n|rated|\n|rule|Species Clause: Limit one of each Pokémon\n|rule|Item Clause: Limit 1 of each item\n|clearpoke\n|poke|p1|Raichu, L50, F|\n|poke|p1|Talonflame, L50, M|\n|poke|p1|Sneasler, L50, F|\n|poke|p1|Scizor, L50, F|\n|poke|p1|Kleavor, L50, F|\n|poke|p1|Incineroar, L50, F|\n|poke|p2|Sinistcha, L50|\n|poke|p2|Kingambit, L50, M|\n|poke|p2|Ninetales-Alola, L50, M|\n|poke|p2|Blaziken, L50, M|\n|poke|p2|Staraptor, L50, M|\n|poke|p2|Archaludon, L50, F|\n|teampreview|4\n|\n|t:|1788395951\n|teamsize|p1|4\n|teamsize|p2|4\n|start\n|switch|p1a: Raichu|Raichu, L50, F|100/100\n|switch|p1b: Sneasler|Sneasler, L50, F|100/100\n|switch|p2a: Staraptor|Staraptor, L50, M|100/100\n|switch|p2b: Ninetales|Ninetales-Alola, L50, M|100/100\n|-weather|Snowscape|[from] ability: Snow Warning|[of] p2b: Ninetales\n|-ability|p2a: Staraptor|Intimidate|boost\n|-unboost|p1a: Raichu|atk|1\n|-unboost|p1b: Sneasler|atk|1\n|turn|1\n|\n|t:|1788395969\n|detailschange|p1a: Raichu|Raichu-Mega-Y, L50, F\n|-mega|p1a: Raichu|Raichu|Raichunite Y\n|move|p1b: Sneasler|Feint|p2a: Staraptor\n|-damage|p2a: Staraptor|89/100\n|move|p1a: Raichu|Zap Cannon|p2a: Staraptor\n|-supereffective|p2a: Staraptor|1\n|-damage|p2a: Staraptor|0 fnt\n|faint|p2a: Staraptor\n|move|p2b: Ninetales|Aurora Veil|p2b: Ninetales\n|-sidestart|p2: tfletche16|move: Aurora Veil\n|\n|-weather|Snowscape|[upkeep]\n|upkeep\n|\n|t:|1788395986\n|switch|p2a: Blaziken|Blaziken, L50, M|100/100\n|turn|2\n|\n|t:|1788396009\n|detailschange|p2a: Blaziken|Blaziken-Mega, L50, M\n|-mega|p2a: Blaziken|Blaziken|Blazikenite\n|move|p1b: Sneasler|Feint|p2a: Blaziken\n|-damage|p2a: Blaziken|92/100\n|move|p1a: Raichu|Zap Cannon|p2a: Blaziken\n|-damage|p2a: Blaziken|30/100\n|-status|p2a: Blaziken|par\n|move|p2b: Ninetales|Dazzling Gleam|p1b: Sneasler|[spread] p1a,p1b\n|-damage|p1a: Raichu|68/100\n|-damage|p1b: Sneasler|70/100\n|move|p2a: Blaziken|Close Combat|p1a: Raichu\n|-damage|p1a: Raichu|0 fnt\n|-unboost|p2a: Blaziken|def|1\n|-unboost|p2a: Blaziken|spd|1\n|faint|p1a: Raichu\n|\n|-weather|Snowscape|[upkeep]\n|-ability|p2a: Blaziken|Speed Boost|boost\n|-boost|p2a: Blaziken|spe|1\n|upkeep\n|\n|t:|1788396034\n|switch|p1a: Incineroar|Incineroar, L50, F|100/100\n|-ability|p1a: Incineroar|Intimidate|boost\n|-unboost|p2a: Blaziken|atk|1\n|-unboost|p2b: Ninetales|atk|1\n|turn|3\n|\n|t:|1788396056\n|move|p2a: Blaziken|Detect|p2a: Blaziken\n|-singleturn|p2a: Blaziken|Protect\n|move|p2b: Ninetales|Dazzling Gleam|p1b: Sneasler|[spread] p1a,p1b\n|-damage|p1a: Incineroar|83/100\n|-damage|p1b: Sneasler|43/100\n|move|p1b: Sneasler|Dire Claw|p2a: Blaziken\n|-activate|p2a: Blaziken|move: Protect\n|move|p1a: Incineroar|Flare Blitz|p2b: Ninetales\n|-supereffective|p2b: Ninetales|1\n|-damage|p2b: Ninetales|37/100\n|-damage|p1a: Incineroar|68/100|[from] Recoil\n|\n|-weather|Snowscape|[upkeep]\n|-ability|p2a: Blaziken|Speed Boost|boost\n|-boost|p2a: Blaziken|spe|1\n|upkeep\n|turn|4\n|\n|t:|1788396095\n|move|p2b: Ninetales|Blizzard|p1a: Incineroar|[spread] p1a,p1b\n|-resisted|p1a: Incineroar|1\n|-crit|p1a: Incineroar\n|-damage|p1a: Incineroar|49/100\n|-damage|p1b: Sneasler|0 fnt\n|-enditem|p1a: Incineroar|Sitrus Berry|[eat]\n|-heal|p1a: Incineroar|74/100|[from] item: Sitrus Berry\n|faint|p1b: Sneasler\n|move|p2a: Blaziken|Close Combat|p1a: Incineroar\n|-supereffective|p1a: Incineroar|1\n|-damage|p1a: Incineroar|0 fnt\n|-unboost|p2a: Blaziken|def|1\n|-unboost|p2a: Blaziken|spd|1\n|faint|p1a: Incineroar\n|\n|-weather|Snowscape|[upkeep]\n|-ability|p2a: Blaziken|Speed Boost|boost\n|-boost|p2a: Blaziken|spe|1\n|upkeep\n|inactive|Battle timer is ON: inactive players will automatically lose when time's up. (requested by fonx14)\n|c|☆tfletche16|Uhhh\n|inactive|fonx14 has 60 seconds left.\n|inactive|fonx14 has 30 seconds left.\n|inactive|fonx14 has 20 seconds left.\n|inactive|fonx14 has 15 seconds left.\n|\n|t:|1788396210\n|switch|p1b: Scizor|Scizor, L50, F|100/100\n|turn|5\n|\n|t:|1788396222\n|move|p1b: Scizor|Feint|p2a: Blaziken\n|-damage|p2a: Blaziken|7/100 par\n|move|p2a: Blaziken|Flare Blitz|p1b: Scizor\n|-supereffective|p1b: Scizor|2\n|-damage|p1b: Scizor|0 fnt\n|faint|p1b: Scizor\n|-damage|p2a: Blaziken|0 fnt|[from] Recoil\n|faint|p2a: Blaziken\n|\n|win|tfletche16\n|raw|fonx14's rating: 1088 &rarr; <strong>1060</strong><br />(-28 for losing)\n|raw|tfletche16's rating: 1008 &rarr; <strong>1056</strong><br />(+48 for winning)\n|l|☆fonx14\n|player|p1|\n|c|☆tfletche16|Gg\n","uploadtime":1788396247,"views":"16","formatid":"gen9championsvgc2026regmb","rating":1056,"private":0,"password":null}