{"id":"gen9championsvgc2026regmbbo3-2673943894","format":"[Gen 9 Champions] VGC 2026 Reg M-B (Bo3)","players":["juscuz joe","simioini"],"log":"|j|☆juscuz joe\n|j|☆simioini\n|html|<table width=\"100%\"><tr><td align=\"left\">juscuz joe</td><td align=\"right\">simioini</tr><tr><td align=\"left\"><i class=\"fa fa-circle-o\"></i> <i class=\"fa fa-circle-o\"></i> </td><td align=\"right\"><i class=\"fa fa-circle-o\"></i> <i class=\"fa fa-circle-o\"></i> </tr></table>\n|uhtml|bestof|<h2><strong>Game 1</strong> of <a href=\"/game-bestof3-gen9championsvgc2026regmbbo3-2673943893\">a best-of-3</a></h2>\n|t:|1788280115\n|gametype|doubles\n|player|p1|juscuz joe|1|1042\n|player|p2|simioini|169|1229\n|gen|9\n|tier|[Gen 9 Champions] VGC 2026 Reg M-B (Bo3)\n|rated|\n|rule|Species Clause: Limit one of each Pokémon\n|rule|Item Clause: Limit 1 of each item\n|clearpoke\n|poke|p1|Maushold, L50|\n|poke|p1|Whimsicott, L50, M|\n|poke|p1|Froslass, L50, F|\n|poke|p1|Sneasler, L50, M|\n|poke|p1|Greninja, L50, F|\n|poke|p1|Rotom-Heat, L50|\n|poke|p2|Charizard, L50, M|\n|poke|p2|Whimsicott, L50, F|\n|poke|p2|Garchomp, L50, M|\n|poke|p2|Floette-Eternal, L50, F|\n|poke|p2|Kingambit, L50, F|\n|poke|p2|Basculegion, L50, M|\n|teampreview|4\n|showteam|p1|Maushold||WideLens|Technician|PopulationBomb,Protect,BulletSeed,PlayRough|Adamant|||||50|]Whimsicott||FocusSash|Prankster|Tailwind,HelpingHand,DazzlingGleam,TrickRoom|Modest||M|||50|]Froslass||Froslassite|SnowCloak|Blizzard,AuroraVeil,ShadowBall,Thunderbolt|Timid||F|||50|]Sneasler||WhiteHerb|PoisonTouch|CloseCombat,DireClaw,FakeOut,ShadowClaw|Jolly||M|||50|]Greninja||Greninjite|Protean|IceBeam,HydroPump,DarkPulse,Extrasensory|Timid||F|||50|]Rotom-Heat||PasshoBerry|Levitate|Overheat,Electroweb,Poltergeist,Protect|Hasty|||||50|\n|showteam|p2|Charizard||CharizarditeY|Blaze|HeatWave,WeatherBall,AncientPower,Protect|Timid||M|||50|]Whimsicott||FocusSash|Prankster|Moonblast,Tailwind,Encore,Protect|Timid||F|||50|]Garchomp||SitrusBerry|RoughSkin|Earthquake,DragonClaw,RockSlide,Protect|Jolly||M|||50|]Floette-Eternal||Floettite|FlowerVeil|DazzlingGleam,Moonblast,LightofRuin,Protect|Modest||F|||50|]Kingambit||OccaBerry|Defiant|KowtowCleave,IronHead,SuckerPunch,LowKick|Adamant||F|||50|]Basculegion||LifeOrb|Adaptability|WaveCrash,LastRespects,AquaJet,Protect|Adamant||M|||50|\n|\n|t:|1788280148\n|teamsize|p1|4\n|teamsize|p2|4\n|start\n|switch|p1a: Whimsicott|Whimsicott, L50, M|100/100\n|switch|p1b: Maushold|Maushold, L50|100/100\n|switch|p2a: Charizard|Charizard, L50, M|100/100\n|switch|p2b: Whimsicott|Whimsicott, L50, F|100/100\n|turn|1\n|\n|t:|1788280164\n|detailschange|p2a: Charizard|Charizard-Mega-Y, L50, M\n|-mega|p2a: Charizard|Charizard|Charizardite Y\n|-weather|SunnyDay|[from] ability: Drought|[of] p2a: Charizard\n|move|p1a: Whimsicott|Tailwind|p1a: Whimsicott\n|-sidestart|p1: juscuz joe|move: Tailwind\n|move|p1b: Maushold|Population Bomb|p2a: Charizard\n|-damage|p2a: Charizard|85/100\n|-damage|p2a: Charizard|70/100\n|-damage|p2a: Charizard|55/100\n|-damage|p2a: Charizard|41/100\n|-damage|p2a: Charizard|26/100\n|-damage|p2a: Charizard|13/100\n|-damage|p2a: Charizard|0 fnt\n|faint|p2a: Charizard\n|-hitcount|p2: Charizard|7\n|move|p2b: Whimsicott|Moonblast|p1b: Maushold\n|-damage|p1b: Maushold|45/100\n|\n|-weather|SunnyDay|[upkeep]\n|upkeep\n|\n|t:|1788280188\n|switch|p2a: Basculegion|Basculegion, L50, M|100/100\n|turn|2\n|\n|t:|1788280198\n|move|p1a: Whimsicott|Helping Hand|p1b: Maushold\n|-singleturn|p1b: Maushold|Helping Hand|[of] p1a: Whimsicott\n|move|p2b: Whimsicott|Tailwind|p2b: Whimsicott\n|-sidestart|p2: simioini|move: Tailwind\n|move|p1b: Maushold|Bullet Seed|p2a: Basculegion\n|-supereffective|p2a: Basculegion|1\n|-damage|p2a: Basculegion|62/100\n|-supereffective|p2a: Basculegion|1\n|-damage|p2a: Basculegion|29/100\n|-supereffective|p2a: Basculegion|1\n|-crit|p2a: Basculegion\n|-damage|p2a: Basculegion|0 fnt\n|faint|p2a: Basculegion\n|-hitcount|p2: Basculegion|3\n|\n|-weather|SunnyDay|[upkeep]\n|upkeep\n|\n|t:|1788280209\n|switch|p2a: Kingambit|Kingambit, L50, F|100/100\n|turn|3\n|\n|t:|1788280222\n|move|p1b: Maushold|Protect|p1b: Maushold\n|-singleturn|p1b: Maushold|Protect\n|move|p2b: Whimsicott|Encore|p1a: Whimsicott\n|-start|p1a: Whimsicott|Encore\n|move|p1a: Whimsicott|Helping Hand||[still]\n|-fail|p1a: Whimsicott\n|move|p2a: Kingambit|Sucker Punch||[still]\n|-fail|p2a: Kingambit\n|\n|-weather|SunnyDay|[upkeep]\n|upkeep\n|turn|4\n|\n|t:|1788280237\n|move|p1a: Whimsicott|Helping Hand|p1b: Maushold\n|-singleturn|p1b: Maushold|Helping Hand|[of] p1a: Whimsicott\n|move|p2a: Kingambit|Sucker Punch|p1b: Maushold\n|-damage|p1b: Maushold|0 fnt\n|faint|p1b: Maushold\n|move|p2b: Whimsicott|Moonblast|p1a: Whimsicott\n|-damage|p1a: Whimsicott|50/100g\n|-unboost|p1a: Whimsicott|spa|1\n|\n|-weather|SunnyDay|[upkeep]\n|-sideend|p1: juscuz joe|move: Tailwind\n|upkeep\n|\n|t:|1788280247\n|switch|p1b: Sneasler|Sneasler, L50, M|100/100\n|turn|5\n|\n|t:|1788280264\n|move|p1a: Whimsicott|Helping Hand|p1b: Sneasler\n|-singleturn|p1b: Sneasler|Helping Hand|[of] p1a: Whimsicott\n|move|p1b: Sneasler|Fake Out|p2a: Kingambit\n|-resisted|p2a: Kingambit|1\n|-damage|p2a: Kingambit|90/100\n|move|p2b: Whimsicott|Moonblast|p1b: Sneasler\n|-damage|p1b: Sneasler|49/100\n|cant|p2a: Kingambit|flinch\n|\n|-weather|none\n|-end|p1a: Whimsicott|Encore\n|-sideend|p2: simioini|move: Tailwind\n|upkeep\n|turn|6\n|\n|t:|1788280297\n|switch|p1b: Greninja|Greninja, L50, F|100/100\n|move|p1a: Whimsicott|Tailwind|p1a: Whimsicott\n|-sidestart|p1: juscuz joe|move: Tailwind\n|move|p2b: Whimsicott|Moonblast|p1b: Greninja\n|-supereffective|p1b: Greninja|1\n|-damage|p1b: Greninja|0 fnt\n|faint|p1b: Greninja\n|move|p2a: Kingambit|Iron Head|p1a: Whimsicott\n|-supereffective|p1a: Whimsicott|1\n|-damage|p1a: Whimsicott|0 fnt\n|faint|p1a: Whimsicott\n|\n|upkeep\n|\n|t:|1788280316\n|switch|p1b: Sneasler|Sneasler, L50, M|49/100\n|turn|7\n|\n|t:|1788280321\n|move|p2b: Whimsicott|Tailwind|p2b: Whimsicott\n|-sidestart|p2: simioini|move: Tailwind\n|move|p1b: Sneasler|Close Combat|p2a: Kingambit\n|-supereffective|p2a: Kingambit|2\n|-damage|p2a: Kingambit|0 fnt\n|-unboost|p1b: Sneasler|def|1\n|-unboost|p1b: Sneasler|spd|1\n|faint|p2a: Kingambit\n|-enditem|p1b: Sneasler|White Herb\n|-clearnegativeboost|p1b: Sneasler|[silent]\n|\n|upkeep\n|turn|8\n|\n|t:|1788280333\n|move|p1b: Sneasler|Dire Claw|p2b: Whimsicott\n|-supereffective|p2b: Whimsicott|2\n|-enditem|p2b: Whimsicott|Focus Sash\n|-damage|p2b: Whimsicott|1/100\n|-status|p2b: Whimsicott|slp\n|cant|p2b: Whimsicott|slp\n|\n|upkeep\n|turn|9\n|c|☆juscuz joe|OMG\n|\n|t:|1788280359\n|cant|p2b: Whimsicott|slp\n|move|p1b: Sneasler|Dire Claw|p2b: Whimsicott\n|-supereffective|p2b: Whimsicott|2\n|-damage|p2b: Whimsicott|0 fnt\n|faint|p2b: Whimsicott\n|\n|win|juscuz joe\n","uploadtime":1788280359,"views":"0","formatid":"gen9championsvgc2026regmbbo3","rating":null,"private":0,"password":null}