{"id":"gen9championsvgc2026regmbbo3-2673454372","format":"[Gen 9 Champions] VGC 2026 Reg M-B (Bo3)","players":["testdigi","k3rmitoof"],"log":"|j|☆testdigi\n|j|☆k3rmitoof\n|html|<table width=\"100%\"><tr><td align=\"left\">testdigi</td><td align=\"right\">k3rmitoof</tr><tr><td align=\"left\"><i class=\"fa fa-circle-o\"></i> <i class=\"fa fa-circle-o\"></i> </td><td align=\"right\"><i class=\"fa fa-circle-o\"></i> <i class=\"fa fa-circle-o\"></i> </tr></table>\n|uhtml|bestof|<h2><strong>Game 1</strong> of <a href=\"/game-bestof3-gen9championsvgc2026regmbbo3-2673454371\">a best-of-3</a></h2>\n|t:|1788199734\n|gametype|doubles\n|player|p1|testdigi|169|1277\n|player|p2|k3rmitoof|hilbert-wonderlauncher|1383\n|gen|9\n|tier|[Gen 9 Champions] VGC 2026 Reg M-B (Bo3)\n|rated|\n|rule|Species Clause: Limit one of each Pokémon\n|rule|Item Clause: Limit 1 of each item\n|clearpoke\n|poke|p1|Staraptor, L50, F, shiny|\n|poke|p1|Arcanine-Hisui, L50, M, shiny|\n|poke|p1|Kingambit, L50, M, shiny|\n|poke|p1|Sylveon, L50, F, shiny|\n|poke|p1|Raichu, L50, F, shiny|\n|poke|p1|Farigiraf, L50, M, shiny|\n|poke|p2|Blaziken, L50, M|\n|poke|p2|Gengar, L50, F, shiny|\n|poke|p2|Ninetales-Alola, L50, M|\n|poke|p2|Talonflame, L50, F|\n|poke|p2|Kingambit, L50, F|\n|poke|p2|Basculegion, L50, M|\n|teampreview|4\n|showteam|p1|Staraptor||Staraptite|Intimidate|DualWingbeat,CloseCombat,Tailwind,Protect|Jolly||F|||50|]Arcanine-Hisui||FocusSash|RockHead|FlareBlitz,HeadSmash,ExtremeSpeed,Protect|Jolly||M|||50|]Kingambit||LifeOrb|Defiant|KowtowCleave,SuckerPunch,SwordsDance,Protect|Adamant||M|||50|]Sylveon||FairyFeather|Pixilate|HyperVoice,HyperBeam,QuickAttack,Detect|Modest||F|||50|]Raichu||RaichuniteY|LightningRod|ZapCannon,FocusBlast,FakeOut,Protect|Timid||F|||50|]Farigiraf||SitrusBerry|ArmorTail|Psychic,Imprison,TrickRoom,Protect|Calm||M|||50|\n|showteam|p2|Blaziken||Blazikenite|SpeedBoost|FlareBlitz,CloseCombat,RockSlide,Detect|Adamant||M|||50|]Gengar||Gengarite|CursedBody|ShadowBall,SludgeBomb,Disable,Protect|Timid||F|||50|]Ninetales-Alola||NeverMeltIce|SnowWarning|Blizzard,FreezeDry,Encore,Protect|Timid||M|||50|]Talonflame||SharpBeak|GaleWings|DualWingbeat,Tailwind,WillOWisp,QuickGuard|Jolly||F|||50|]Kingambit||FocusSash|Defiant|KowtowCleave,SuckerPunch,LowKick,Protect|Adamant||F|||50|]Basculegion||MysticWater|Adaptability|LastRespects,WaveCrash,AquaJet,Protect|Adamant||M|||50|\n|inactive|Battle timer is ON: inactive players will automatically lose when time's up. (requested by testdigi)\n|\n|t:|1788199798\n|teamsize|p1|4\n|teamsize|p2|4\n|start\n|switch|p1a: Fridge|Farigiraf, L50, M, shiny|100/100\n|switch|p1b: Wasabi|Arcanine-Hisui, L50, M, shiny|100/100\n|switch|p2a: Talonflame|Talonflame, L50, F|100/100\n|switch|p2b: Kingambit|Kingambit, L50, F|100/100\n|turn|1\n|inactive|testdigi has 30 seconds left.\n|inactive|k3rmitoof has 30 seconds left.\n|inactive|testdigi has 20 seconds left.\n|inactive|k3rmitoof has 20 seconds left.\n|\n|t:|1788199836\n|move|p2a: Talonflame|Will-O-Wisp|p1a: Fridge\n|-status|p1a: Fridge|brn\n|move|p1b: Wasabi|Flare Blitz|p2b: Kingambit\n|-supereffective|p2b: Kingambit|1\n|-damage|p2b: Kingambit|11/100\n|move|p2b: Kingambit|Kowtow Cleave|p1a: Fridge\n|-supereffective|p1a: Fridge|1\n|-damage|p1a: Fridge|16/100 brn\n|-enditem|p1a: Fridge|Sitrus Berry|[eat]\n|-heal|p1a: Fridge|41/100 brn|[from] item: Sitrus Berry\n|move|p1a: Fridge|Imprison|p1a: Fridge\n|-start|p1a: Fridge|move: Imprison\n|\n|-damage|p1a: Fridge|34/100 brn|[from] brn\n|upkeep\n|turn|2\n|inactive|k3rmitoof has 30 seconds left.\n|\n|t:|1788199863\n|move|p1a: Fridge|Protect|p1a: Fridge\n|-singleturn|p1a: Fridge|Protect\n|move|p2a: Talonflame|Tailwind|p2a: Talonflame\n|-sidestart|p2: k3rmitoof|move: Tailwind\n|move|p2b: Kingambit|Kowtow Cleave|p1a: Fridge\n|-activate|p1a: Fridge|move: Protect\n|move|p1b: Wasabi|Head Smash|p2a: Talonflame\n|-supereffective|p2a: Talonflame|2\n|-damage|p2a: Talonflame|0 fnt\n|faint|p2a: Talonflame\n|\n|-damage|p1a: Fridge|28/100 brn|[from] brn\n|upkeep\n|\n|t:|1788199874\n|switch|p2a: Blaziken|Blaziken, L50, M|100/100\n|turn|3\n|\n|t:|1788199888\n|switch|p1a: Sadie Sink|Sylveon, L50, F, shiny|100/100\n|detailschange|p2a: Blaziken|Blaziken-Mega, L50, M\n|-mega|p2a: Blaziken|Blaziken|Blazikenite\n|move|p2a: Blaziken|Rock Slide|p1a: Sadie Sink|[spread] p1a,p1b\n|-supereffective|p1b: Wasabi|1\n|-damage|p1a: Sadie Sink|70/100\n|-damage|p1b: Wasabi|31/100\n|move|p2b: Kingambit|Kowtow Cleave|p1a: Sadie Sink\n|-resisted|p1a: Sadie Sink|1\n|-damage|p1a: Sadie Sink|41/100\n|move|p1b: Wasabi|Flare Blitz|p2b: Kingambit\n|-supereffective|p2b: Kingambit|1\n|-damage|p2b: Kingambit|0 fnt\n|faint|p2b: Kingambit\n|\n|-ability|p2a: Blaziken|Speed Boost|boost\n|-boost|p2a: Blaziken|spe|1\n|upkeep\n|\n|t:|1788199892\n|switch|p2b: Basculegion|Basculegion, L50, M|100/100\n|turn|4\n|inactive|testdigi has 30 seconds left.\n|\n|t:|1788199917\n|move|p1a: Sadie Sink|Detect|p1a: Sadie Sink\n|-singleturn|p1a: Sadie Sink|Protect\n|move|p1b: Wasabi|Extreme Speed|p2a: Blaziken\n|-damage|p2a: Blaziken|63/100\n|move|p2a: Blaziken|Rock Slide|p1b: Wasabi|[spread] p1b\n|-activate|p1a: Sadie Sink|move: Protect\n|-supereffective|p1b: Wasabi|1\n|-damage|p1b: Wasabi|0 fnt\n|faint|p1b: Wasabi\n|move|p2b: Basculegion|Last Respects|p1a: Sadie Sink\n|-activate|p1a: Sadie Sink|move: Protect\n|\n|-ability|p2a: Blaziken|Speed Boost|boost\n|-boost|p2a: Blaziken|spe|1\n|upkeep\n|\n|t:|1788199920\n|switch|p1b: Flower Man|Staraptor, L50, F, shiny|100/100\n|-ability|p1b: Flower Man|Intimidate|boost\n|-unboost|p2a: Blaziken|atk|1\n|-unboost|p2b: Basculegion|atk|1\n|turn|5\n|\n|t:|1788199937\n|switch|p1b: Fridge|Farigiraf, L50, M, shiny|28/100 brn\n|move|p2a: Blaziken|Flare Blitz|p1b: Fridge\n|-damage|p1b: Fridge|0 fnt\n|faint|p1b: Fridge\n|-damage|p2a: Blaziken|50/100g|[from] Recoil\n|move|p2b: Basculegion|Last Respects|p1a: Sadie Sink\n|-damage|p1a: Sadie Sink|0 fnt\n|faint|p1a: Sadie Sink\n|\n|-sideend|p2: k3rmitoof|move: Tailwind\n|-ability|p2a: Blaziken|Speed Boost|boost\n|-boost|p2a: Blaziken|spe|1\n|upkeep\n|\n|t:|1788199942\n|switch|p1b: Flower Man|Staraptor, L50, F, shiny|100/100\n|-ability|p1b: Flower Man|Intimidate|boost\n|-unboost|p2a: Blaziken|atk|1\n|-unboost|p2b: Basculegion|atk|1\n|turn|6\n|\n|t:|1788199965\n|detailschange|p1b: Flower Man|Staraptor-Mega, L50, F, shiny\n|-mega|p1b: Flower Man|Staraptor|Staraptite\n|move|p2a: Blaziken|Detect|p2a: Blaziken\n|-singleturn|p2a: Blaziken|Protect\n|move|p2b: Basculegion|Protect|p2b: Basculegion\n|-singleturn|p2b: Basculegion|Protect\n|move|p1b: Flower Man|Close Combat|p2a: Blaziken\n|-activate|p2a: Blaziken|move: Protect\n|\n|-ability|p2a: Blaziken|Speed Boost|boost\n|-boost|p2a: Blaziken|spe|1\n|upkeep\n|turn|7\n|-message|testdigi forfeited.\n|\n|win|k3rmitoof\n","uploadtime":1788199737,"views":"2","formatid":"gen9championsvgc2026regmbbo3","rating":null,"private":0,"password":null}