{"id":"gen9championsvgc2026regmb-2674707503","format":"[Gen 9 Champions] VGC 2026 Reg M-B","players":["TheCluelessEngi","michaelbaymoneygod"],"log":"|j|☆TheCluelessEngi\n|j|☆michaelbaymoneygod\n|t:|1788393693\n|gametype|doubles\n|player|p1|TheCluelessEngi|ingo|1118\n|player|p2|michaelbaymoneygod|harlequin|1198\n|gen|9\n|tier|[Gen 9 Champions] VGC 2026 Reg M-B\n|rated|\n|rule|Species Clause: Limit one of each Pokémon\n|rule|Item Clause: Limit 1 of each item\n|clearpoke\n|poke|p1|Metagross, L50, shiny|\n|poke|p1|Kleavor, L50, F|\n|poke|p1|Whimsicott, L50, F, shiny|\n|poke|p1|Kingambit, L50, M|\n|poke|p1|Raichu, L50, F|\n|poke|p1|Basculegion, L50, M|\n|poke|p2|Chandelure, L50, F|\n|poke|p2|Kangaskhan, L50, F|\n|poke|p2|Whimsicott, L50, M|\n|poke|p2|Kommo-o, L50, F|\n|poke|p2|Kingambit, L50, F|\n|poke|p2|Glimmora, L50, M|\n|teampreview|4\n|inactive|Battle timer is ON: inactive players will automatically lose when time's up. (requested by TheCluelessEngi)\n|inactive|TheCluelessEngi has 60 seconds left.\n|\n|t:|1788393745\n|teamsize|p1|4\n|teamsize|p2|4\n|start\n|switch|p1a: Raichu|Raichu, L50, F|100/100\n|switch|p1b: Kleavor|Kleavor, L50, F|100/100\n|switch|p2a: Chandelure|Chandelure, L50, F|100/100\n|switch|p2b: Kangaskhan|Kangaskhan, L50, F|100/100\n|turn|1\n|\n|t:|1788393755\n|detailschange|p2b: Kangaskhan|Kangaskhan-Mega, L50, F\n|-mega|p2b: Kangaskhan|Kangaskhan|Kangaskhanite\n|move|p1a: Raichu|Fake Out|p2b: Kangaskhan\n|-damage|p2b: Kangaskhan|91/100\n|cant|p2b: Kangaskhan|flinch\n|move|p1b: Kleavor|Stone Axe|p2a: Chandelure\n|-supereffective|p2a: Chandelure|1\n|-enditem|p2a: Chandelure|Focus Sash\n|-damage|p2a: Chandelure|1/100\n|-sidestart|p2: michaelbaymoneygod|move: Stealth Rock\n|move|p2a: Chandelure|Trick Room|p2a: Chandelure\n|-fieldstart|move: Trick Room|[of] p2a: Chandelure\n|\n|upkeep\n|turn|2\n|inactive|TheCluelessEngi has 30 seconds left.\n|inactive|michaelbaymoneygod has 30 seconds left.\n|inactive|TheCluelessEngi has 20 seconds left.\n|\n|t:|1788393794\n|move|p1a: Raichu|Protect|p1a: Raichu\n|-singleturn|p1a: Raichu|Protect\n|move|p2a: Chandelure|Heat Wave|p1a: Raichu|[spread] p1b\n|-activate|p1a: Raichu|move: Protect\n|-damage|p1b: Kleavor|22/100\n|move|p1b: Kleavor|X-Scissor|p2b: Kangaskhan\n|-damage|p2b: Kangaskhan|25/100\n|move|p2b: Kangaskhan|Double-Edge|p1a: Raichu\n|-activate|p1a: Raichu|move: Protect\n|\n|upkeep\n|turn|3\n|\n|t:|1788393815\n|switch|p1a: Whimsicott|Whimsicott, L50, F, shiny|100/100\n|move|p1b: Kleavor|Feint|p2b: Kangaskhan\n|-damage|p2b: Kangaskhan|14/100\n|move|p2a: Chandelure|Heat Wave|p1a: Whimsicott|[spread] p1a,p1b\n|-supereffective|p1a: Whimsicott|1\n|-damage|p1a: Whimsicott|0 fnt\n|-damage|p1b: Kleavor|0 fnt\n|faint|p1a: Whimsicott\n|faint|p1b: Kleavor\n|move|p2b: Kangaskhan|Double-Edge|p1: Whimsicott|[notarget]\n|-fail|p2b: Kangaskhan\n|\n|upkeep\n|\n|t:|1788393823\n|switch|p1b: Raichu|Raichu, L50, F|100/100\n|switch|p1a: Kingambit|Kingambit, L50, M|100/100\n|turn|4\n|inactive|michaelbaymoneygod has 30 seconds left.\n|inactive|michaelbaymoneygod has 20 seconds left.\n|inactive|michaelbaymoneygod has 15 seconds left.\n|\n|t:|1788393867\n|switch|p2b: Kommo-o|Kommo-o, L50, F|100/100\n|-damage|p2b: Kommo-o|94/100|[from] Stealth Rock\n|move|p2a: Chandelure|Protect|p2a: Chandelure\n|-singleturn|p2a: Chandelure|Protect\n|move|p1b: Raichu|Fake Out|p2b: Kommo-o\n|-crit|p2b: Kommo-o\n|-damage|p2b: Kommo-o|83/100\n|move|p1a: Kingambit|Sucker Punch||[still]\n|-fail|p1a: Kingambit\n|\n|upkeep\n|turn|5\n|\n|t:|1788393886\n|move|p1a: Kingambit|Protect|p1a: Kingambit\n|-singleturn|p1a: Kingambit|Protect\n|move|p1b: Raichu|Protect|p1b: Raichu\n|-singleturn|p1b: Raichu|Protect\n|move|p2b: Kommo-o|Vacuum Wave|p1a: Kingambit\n|-activate|p1a: Kingambit|move: Protect\n|move|p2a: Chandelure|Heat Wave|p1a: Kingambit|[spread] \n|-activate|p1a: Kingambit|move: Protect\n|-activate|p1b: Raichu|move: Protect\n|\n|-fieldend|move: Trick Room\n|upkeep\n|turn|6\n|\n|t:|1788393910\n|detailschange|p1b: Raichu|Raichu-Mega-Y, L50, F\n|-mega|p1b: Raichu|Raichu|Raichunite Y\n|move|p2b: Kommo-o|Vacuum Wave|p1a: Kingambit\n|-supereffective|p1a: Kingambit|2\n|-enditem|p1a: Kingambit|Chople Berry|[eat]\n|-enditem|p1a: Kingambit|Chople Berry|[weaken]\n|-damage|p1a: Kingambit|48/100\n|-damage|p2b: Kommo-o|73/100|[from] item: Life Orb\n|move|p1a: Kingambit|Sucker Punch|p2a: Chandelure\n|-supereffective|p2a: Chandelure|1\n|-damage|p2a: Chandelure|0 fnt\n|faint|p2a: Chandelure\n|move|p1b: Raichu|Zap Cannon|p2b: Kommo-o\n|-resisted|p2b: Kommo-o|1\n|-damage|p2b: Kommo-o|38/100\n|-status|p2b: Kommo-o|par\n|\n|upkeep\n|\n|t:|1788393914\n|switch|p2a: Kangaskhan|Kangaskhan-Mega, L50, F|14/100\n|-damage|p2a: Kangaskhan|2/100|[from] Stealth Rock\n|turn|7\n|\n|t:|1788393934\n|move|p1b: Raichu|Protect|p1b: Raichu\n|-singleturn|p1b: Raichu|Protect\n|move|p1a: Kingambit|Protect|p1a: Kingambit\n|-singleturn|p1a: Kingambit|Protect\n|move|p2a: Kangaskhan|Fake Out|p1b: Raichu\n|-activate|p1b: Raichu|move: Protect\n|move|p2b: Kommo-o|Clanging Scales|p1b: Raichu|[spread] \n|-activate|p1a: Kingambit|move: Protect\n|-activate|p1b: Raichu|move: Protect\n|\n|upkeep\n|turn|8\n|\n|t:|1788393955\n|move|p1a: Kingambit|Sucker Punch|p2a: Kangaskhan\n|-damage|p2a: Kangaskhan|0 fnt\n|faint|p2a: Kangaskhan\n|move|p2b: Kommo-o|Vacuum Wave|p1a: Kingambit\n|-supereffective|p1a: Kingambit|2\n|-damage|p1a: Kingambit|0 fnt\n|faint|p1a: Kingambit\n|-damage|p2b: Kommo-o|28/100 par|[from] item: Life Orb\n|move|p1b: Raichu|Zap Cannon|p2b: Kommo-o\n|-resisted|p2b: Kommo-o|1\n|-damage|p2b: Kommo-o|0 fnt\n|faint|p2b: Kommo-o\n|\n|upkeep\n|\n|t:|1788393963\n|switch|p2a: Kingambit|Kingambit, L50, F|100/100\n|-damage|p2a: Kingambit|94/100|[from] Stealth Rock\n|turn|9\n|\n|t:|1788393969\n|move|p2a: Kingambit|Sucker Punch|p1b: Raichu\n|-damage|p1b: Raichu|41/100\n|move|p1b: Raichu|Focus Blast|p2a: Kingambit\n|-supereffective|p2a: Kingambit|2\n|-enditem|p2a: Kingambit|Chople Berry|[eat]\n|-enditem|p2a: Kingambit|Chople Berry|[weaken]\n|-damage|p2a: Kingambit|12/100\n|\n|upkeep\n|turn|10\n|\n|t:|1788393983\n|move|p1b: Raichu|Protect|p1b: Raichu\n|-singleturn|p1b: Raichu|Protect\n|move|p2a: Kingambit|Sucker Punch||[still]\n|-fail|p2a: Kingambit\n|\n|upkeep\n|turn|11\n|\n|t:|1788393991\n|move|p1b: Raichu|Protect||[still]\n|-fail|p1b: Raichu\n|move|p2a: Kingambit|Sucker Punch||[still]\n|-fail|p2a: Kingambit\n|\n|upkeep\n|turn|12\n|\n|t:|1788393999\n|move|p1b: Raichu|Protect|p1b: Raichu\n|-singleturn|p1b: Raichu|Protect\n|move|p2a: Kingambit|Sucker Punch||[still]\n|-fail|p2a: Kingambit\n|\n|upkeep\n|turn|13\n|\n|t:|1788394006\n|move|p1b: Raichu|Protect||[still]\n|-fail|p1b: Raichu\n|move|p2a: Kingambit|Protect||[still]\n|-fail|p2a: Kingambit\n|\n|upkeep\n|turn|14\n|\n|t:|1788394021\n|move|p1b: Raichu|Protect|p1b: Raichu\n|-singleturn|p1b: Raichu|Protect\n|move|p2a: Kingambit|Sucker Punch||[still]\n|-fail|p2a: Kingambit\n|\n|upkeep\n|turn|15\n|\n|t:|1788394028\n|move|p2a: Kingambit|Protect|p2a: Kingambit\n|-singleturn|p2a: Kingambit|Protect\n|move|p1b: Raichu|Focus Blast|p2a: Kingambit\n|-activate|p2a: Kingambit|move: Protect\n|\n|upkeep\n|turn|16\n|\n|t:|1788394035\n|move|p2a: Kingambit|Sucker Punch|p1b: Raichu\n|-crit|p1b: Raichu\n|-damage|p1b: Raichu|0 fnt\n|faint|p1b: Raichu\n|\n|win|michaelbaymoneygod\n|raw|TheCluelessEngi's rating: 1118 &rarr; <strong>1099</strong><br />(-19 for losing)\n|raw|michaelbaymoneygod's rating: 1198 &rarr; <strong>1217</strong><br />(+19 for winning)\n|c|☆TheCluelessEngi|gg\n","uploadtime":1788394044,"views":"12","formatid":"gen9championsvgc2026regmb","rating":1099,"private":0,"password":null}