{"id":"gen9championsvgc2026regmb-2674502432","format":"[Gen 9 Champions] VGC 2026 Reg M-B","players":["ace o gato","ale_z_plumber"],"log":"|j|☆ace o gato\n|j|☆ale_z_plumber\n|t:|1788367371\n|gametype|doubles\n|player|p1|ace o gato|266|1456\n|player|p2|ale_z_plumber|102|1420\n|gen|9\n|tier|[Gen 9 Champions] VGC 2026 Reg M-B\n|rated|\n|rule|Species Clause: Limit one of each Pokémon\n|rule|Item Clause: Limit 1 of each item\n|clearpoke\n|poke|p1|Metagross, L50, shiny|\n|poke|p1|Kleavor, L50, M|\n|poke|p1|Whimsicott, L50, F, shiny|\n|poke|p1|Kingambit, L50, F|\n|poke|p1|Raichu, L50, F|\n|poke|p1|Basculegion, L50, M|\n|poke|p2|Tyranitar, L50, F|\n|poke|p2|Excadrill, L50, M|\n|poke|p2|Rotom-Wash, L50|\n|poke|p2|Sinistcha, L50|\n|poke|p2|Dragonite, L50, M|\n|poke|p2|Sylveon, L50, F|\n|teampreview|4\n|inactive|Battle timer is ON: inactive players will automatically lose when time's up. (requested by ace o gato)\n|inactive|ace o gato has 60 seconds left.\n|\n|t:|1788367426\n|teamsize|p1|4\n|teamsize|p2|4\n|start\n|switch|p1a: Whimsicott|Whimsicott, L50, F, shiny|100/100\n|switch|p1b: Raichu|Raichu, L50, F|100/100\n|switch|p2a: Tyranitar|Tyranitar, L50, F|100/100\n|switch|p2b: Excadrill|Excadrill, L50, M|100/100\n|-weather|Sandstorm|[from] ability: Sand Stream|[of] p2a: Tyranitar\n|turn|1\n|inactive|ale_z_plumber has 30 seconds left.\n|inactive|ale_z_plumber has 20 seconds left.\n|\n|t:|1788367464\n|detailschange|p1b: Raichu|Raichu-Mega-Y, L50, F\n|-mega|p1b: Raichu|Raichu|Raichunite Y\n|move|p1b: Raichu|Protect|p1b: Raichu\n|-singleturn|p1b: Raichu|Protect\n|move|p2a: Tyranitar|Protect|p2a: Tyranitar\n|-singleturn|p2a: Tyranitar|Protect\n|move|p1a: Whimsicott|Tailwind|p1a: Whimsicott\n|-sidestart|p1: ace o gato|move: Tailwind\n|move|p2b: Excadrill|Earthquake|p1a: Whimsicott|[spread] p1a\n|-activate|p2a: Tyranitar|move: Protect\n|-activate|p1b: Raichu|move: Protect\n|-resisted|p1a: Whimsicott|1\n|-damage|p1a: Whimsicott|69/100\n|\n|-weather|Sandstorm|[upkeep]\n|-damage|p1b: Raichu|93/100|[from] Sandstorm\n|-damage|p1a: Whimsicott|63/100|[from] Sandstorm\n|upkeep\n|turn|2\n|\n|t:|1788367488\n|switch|p2a: Rotom|Rotom-Wash, L50|100/100\n|move|p1b: Raichu|Focus Blast|p2b: Excadrill\n|-supereffective|p2b: Excadrill|1\n|-enditem|p2b: Excadrill|Focus Sash\n|-damage|p2b: Excadrill|1/100\n|move|p1a: Whimsicott|Moonblast|p2b: Excadrill\n|-resisted|p2b: Excadrill|1\n|-damage|p2b: Excadrill|0 fnt\n|faint|p2b: Excadrill\n|\n|-weather|Sandstorm|[upkeep]\n|-damage|p1b: Raichu|87/100|[from] Sandstorm\n|-damage|p1a: Whimsicott|57/100|[from] Sandstorm\n|-damage|p2a: Rotom|94/100|[from] Sandstorm\n|upkeep\n|\n|t:|1788367506\n|switch|p2b: Tyranitar|Tyranitar, L50, F|100/100\n|turn|3\n|\n|t:|1788367517\n|detailschange|p2b: Tyranitar|Tyranitar-Mega, L50, F\n|-mega|p2b: Tyranitar|Tyranitar|Tyranitarite\n|move|p1b: Raichu|Protect|p1b: Raichu\n|-singleturn|p1b: Raichu|Protect\n|move|p1a: Whimsicott|Moonblast|p2b: Tyranitar\n|-supereffective|p2b: Tyranitar|1\n|-damage|p2b: Tyranitar|59/100\n|move|p2a: Rotom|Hydro Pump|p1b: Raichu\n|-activate|p1b: Raichu|move: Protect\n|move|p2b: Tyranitar|Knock Off|p1b: Raichu\n|-activate|p1b: Raichu|move: Protect\n|\n|-weather|Sandstorm|[upkeep]\n|-damage|p1b: Raichu|81/100|[from] Sandstorm\n|-damage|p1a: Whimsicott|51/100|[from] Sandstorm\n|-damage|p2a: Rotom|88/100|[from] Sandstorm\n|upkeep\n|turn|4\n|\n|t:|1788367531\n|move|p1b: Raichu|Zap Cannon|p2a: Rotom\n|-crit|p2a: Rotom\n|-damage|p2a: Rotom|0 fnt\n|faint|p2a: Rotom\n|move|p1a: Whimsicott|Moonblast|p2b: Tyranitar\n|-supereffective|p2b: Tyranitar|1\n|-damage|p2b: Tyranitar|17/100\n|move|p2b: Tyranitar|Knock Off|p1b: Raichu\n|-damage|p1b: Raichu|0 fnt\n|faint|p1b: Raichu\n|\n|-weather|Sandstorm|[upkeep]\n|-damage|p1a: Whimsicott|45/100|[from] Sandstorm\n|-sideend|p1: ace o gato|move: Tailwind\n|upkeep\n|\n|t:|1788367542\n|switch|p1b: Kingambit|Kingambit, L50, F|100/100\n|switch|p2a: Sinistcha|Sinistcha, L50|100/100\n|-heal|p2b: Tyranitar|42/100|[from] ability: Hospitality|[of] p2a: Sinistcha\n|turn|5\n|\n|t:|1788367563\n|move|p2a: Sinistcha|Rage Powder|p2a: Sinistcha\n|-singleturn|p2a: Sinistcha|move: Rage Powder\n|move|p1a: Whimsicott|Moonblast|p2b: Tyranitar\n|-supereffective|p2b: Tyranitar|1\n|-damage|p2b: Tyranitar|0 fnt\n|faint|p2b: Tyranitar\n|move|p1b: Kingambit|Kowtow Cleave|p2a: Sinistcha\n|-supereffective|p2a: Sinistcha|1\n|-damage|p2a: Sinistcha|20/100y\n|\n|-weather|none\n|-heal|p2a: Sinistcha|26/100|[from] item: Leftovers\n|upkeep\n|turn|6\n|-message|ale_z_plumber forfeited.\n|\n|win|ace o gato\n|raw|ace o gato's rating: 1456 &rarr; <strong>1474</strong><br />(+18 for winning)\n|raw|ale_z_plumber's rating: 1420 &rarr; <strong>1402</strong><br />(-18 for losing)\n","uploadtime":1788367575,"views":"0","formatid":"gen9championsvgc2026regmb","rating":1402,"private":0,"password":null}