{"id":"gen9championsvgc2026regmbbo3-2673505019","format":"[Gen 9 Champions] VGC 2026 Reg M-B (Bo3)","players":["Frisk Azzy","affableCritter"],"log":"|j|☆Frisk Azzy\n|j|☆affableCritter\n|html|<table width=\"100%\"><tr><td align=\"left\">Frisk Azzy</td><td align=\"right\">affableCritter</tr><tr><td align=\"left\"><i class=\"fa fa-circle\"></i> <i class=\"fa fa-circle-o\"></i> </td><td align=\"right\"><i class=\"fa fa-circle-o\"></i> <i class=\"fa fa-circle-o\"></i> </tr></table>\n|uhtml|bestof|<h2><strong>Game 2</strong> of <a href=\"/game-bestof3-gen9championsvgc2026regmbbo3-2673503316\">a best-of-3</a></h2>\n|t:|1788205883\n|gametype|doubles\n|player|p1|Frisk Azzy|riley|\n|player|p2|affableCritter|harlequin|\n|gen|9\n|tier|[Gen 9 Champions] VGC 2026 Reg M-B (Bo3)\n|rule|Species Clause: Limit one of each Pokémon\n|rule|Item Clause: Limit 1 of each item\n|clearpoke\n|poke|p1|Charizard, L50, M, shiny|\n|poke|p1|Venusaur, L50, M|\n|poke|p1|Whimsicott, L50, F|\n|poke|p1|Luxray, L50, M, shiny|\n|poke|p1|Aegislash, L50, M|\n|poke|p1|Garchomp, L50, F, shiny|\n|poke|p2|Raichu, L50, M|\n|poke|p2|Aerodactyl, L50, M|\n|poke|p2|Kingambit, L50, M|\n|poke|p2|Sneasler, L50, M|\n|poke|p2|Basculegion, L50, M|\n|poke|p2|Sylveon, L50, F|\n|teampreview|4\n|showteam|p1|Charizard||CharizarditeY|SolarPower|AirSlash,HeatWave,Protect,SolarBeam|Timid||M|||50|]Venusaur||Venusaurite|Chlorophyll|GigaDrain,Protect,EarthPower,SludgeBomb|Bold||M|||50|]Whimsicott||FocusSash|Prankster|Taunt,Tailwind,WorrySeed,Moonblast|Timid||F|||50|]Luxray||SitrusBerry|Intimidate|WildCharge,Protect,VoltSwitch,Crunch|Sassy||M|||50|]Aegislash||SpellTag|StanceChange|ShadowSneak,KingsShield,WideGuard,IronHead|Brave||M|||50|]Garchomp||LifeOrb|RoughSkin|DragonClaw,RockSlide,Earthquake,Protect|Jolly||F|||50|\n|showteam|p2|Raichu||RaichuniteY|LightningRod|FakeOut,ZapCannon,FocusBlast,Protect|Timid||M|||50|]Aerodactyl||Aerodactylite|Unnerve|RockSlide,DualWingbeat,IceFang,Tailwind|Jolly||M|||50|]Kingambit||FocusSash|Defiant|KowtowCleave,SuckerPunch,SwordsDance,Protect|Adamant||M|||50|]Sneasler||WhiteHerb|Unburden|FakeOut,CloseCombat,DireClaw,Feint|Jolly||M|||50|]Basculegion||MysticWater|Adaptability|AquaJet,WaveCrash,LastRespects,Protect|Adamant||M|||50|]Sylveon||FairyFeather|Pixilate|HyperVoice,QuickAttack,HyperBeam,Detect|Modest||F|||50|\n|\n|t:|1788205906\n|teamsize|p1|4\n|teamsize|p2|4\n|start\n|switch|p1a: Skippy|Luxray, L50, M, shiny|100/100\n|switch|p1b: Bow|Garchomp, L50, F, shiny|100/100\n|switch|p2a: Aerodactyl|Aerodactyl, L50, M|100/100\n|switch|p2b: Kingambit|Kingambit, L50, M|100/100\n|-ability|p2a: Aerodactyl|Unnerve\n|-ability|p1a: Skippy|Intimidate|boost\n|-unboost|p2a: Aerodactyl|atk|1\n|-unboost|p2b: Kingambit|atk|1\n|-ability|p2b: Kingambit|Defiant|boost\n|-boost|p2b: Kingambit|atk|2\n|turn|1\n|inactive|Battle timer is ON: inactive players will automatically lose when time's up. (requested by affableCritter)\n|\n|t:|1788205923\n|detailschange|p2a: Aerodactyl|Aerodactyl-Mega, L50, M\n|-mega|p2a: Aerodactyl|Aerodactyl|Aerodactylite\n|move|p1b: Bow|Protect|p1b: Bow\n|-singleturn|p1b: Bow|Protect\n|move|p2b: Kingambit|Protect|p2b: Kingambit\n|-singleturn|p2b: Kingambit|Protect\n|move|p2a: Aerodactyl|Tailwind|p2a: Aerodactyl\n|-sidestart|p2: affableCritter|move: Tailwind\n|move|p1a: Skippy|Wild Charge|p2a: Aerodactyl\n|-supereffective|p2a: Aerodactyl|1\n|-damage|p2a: Aerodactyl|0 fnt\n|faint|p2a: Aerodactyl\n|-damage|p1a: Skippy|76/100|[from] Recoil\n|\n|upkeep\n|\n|t:|1788205935\n|switch|p2a: Sylveon|Sylveon, L50, F|100/100\n|turn|2\n|\n|t:|1788205948\n|switch|p1b: Hexcalibern|Aegislash, L50, M|100/100\n|move|p2b: Kingambit|Sucker Punch|p1a: Skippy\n|-damage|p1a: Skippy|6/100\n|-enditem|p1a: Skippy|Sitrus Berry|[eat]\n|-heal|p1a: Skippy|30/100|[from] item: Sitrus Berry\n|move|p2a: Sylveon|Hyper Voice|p1a: Skippy|[spread] p1a,p1b\n|-resisted|p1b: Hexcalibern|1\n|-damage|p1a: Skippy|0 fnt\n|-damage|p1b: Hexcalibern|79/100\n|faint|p1a: Skippy\n|\n|upkeep\n|\n|t:|1788205959\n|switch|p1a: Vine|Venusaur, L50, M|100/100\n|turn|3\n|\n|t:|1788205969\n|detailschange|p1a: Vine|Venusaur-Mega, L50, M\n|-mega|p1a: Vine|Venusaur|Venusaurite\n|move|p1b: Hexcalibern|Wide Guard|p1b: Hexcalibern\n|-singleturn|p1b: Hexcalibern|Wide Guard\n|move|p2a: Sylveon|Hyper Voice|p1a: Vine|[spread] \n|-activate|p1a: Vine|move: Wide Guard\n|-activate|p1b: Hexcalibern|move: Wide Guard\n|move|p2b: Kingambit|Kowtow Cleave|p1b: Hexcalibern\n|-supereffective|p1b: Hexcalibern|1\n|-damage|p1b: Hexcalibern|0 fnt\n|faint|p1b: Hexcalibern\n|move|p1a: Vine|Earth Power|p2b: Kingambit\n|-supereffective|p2b: Kingambit|1\n|-damage|p2b: Kingambit|47/100\n|\n|upkeep\n|\n|t:|1788205982\n|switch|p1b: Bow|Garchomp, L50, F, shiny|100/100\n|turn|4\n|\n|t:|1788205991\n|move|p1b: Bow|Protect|p1b: Bow\n|-singleturn|p1b: Bow|Protect\n|move|p1a: Vine|Protect|p1a: Vine\n|-singleturn|p1a: Vine|Protect\n|move|p2b: Kingambit|Sucker Punch||[still]\n|-fail|p2b: Kingambit\n|move|p2a: Sylveon|Hyper Voice|p1b: Bow|[spread] \n|-activate|p1a: Vine|move: Protect\n|-activate|p1b: Bow|move: Protect\n|\n|-sideend|p2: affableCritter|move: Tailwind\n|upkeep\n|turn|5\n|\n|t:|1788206011\n|move|p2b: Kingambit|Sucker Punch|p1a: Vine\n|-damage|p1a: Vine|57/100\n|move|p1b: Bow|Earthquake|p2a: Sylveon|[spread] p1a,p2a,p2b\n|-supereffective|p2b: Kingambit|1\n|-damage|p1a: Vine|20/100y\n|-damage|p2a: Sylveon|47/100\n|-damage|p2b: Kingambit|0 fnt\n|faint|p2b: Kingambit\n|-damage|p1b: Bow|90/100|[from] item: Life Orb\n|move|p1a: Vine|Earth Power|p2a: Sylveon\n|-damage|p2a: Sylveon|26/100\n|move|p2a: Sylveon|Hyper Voice|p1a: Vine|[spread] p1a,p1b\n|-resisted|p1a: Vine|1\n|-supereffective|p1b: Bow|1\n|-damage|p1a: Vine|1/100\n|-damage|p1b: Bow|0 fnt\n|faint|p1b: Bow\n|\n|upkeep\n|\n|t:|1788206026\n|switch|p2b: Sneasler|Sneasler, L50, M|100/100\n|turn|6\n|\n|t:|1788206038\n|move|p1a: Vine|Protect|p1a: Vine\n|-singleturn|p1a: Vine|Protect\n|move|p2b: Sneasler|Feint|p1a: Vine\n|-activate|p1a: Vine|move: Feint\n|-damage|p1a: Vine|0 fnt\n|faint|p1a: Vine\n|\n|win|affableCritter\n||affableCritter is ready for game 3.\n|inactive|Frisk Azzy has 30 seconds to confirm battle start!\n","uploadtime":1788206050,"views":"2","formatid":"gen9championsvgc2026regmbbo3","rating":null,"private":0,"password":null}