{"id":"gen9championsvgc2026regmbbo3-2674518817","format":"[Gen 9 Champions] VGC 2026 Reg M-B (Bo3)","players":["Chocokoala VGC","finfil1234"],"log":"|j|☆Chocokoala VGC\n|j|☆finfil1234\n|html|<table width=\"100%\"><tr><td align=\"left\">Chocokoala VGC</td><td align=\"right\">finfil1234</tr><tr><td align=\"left\"><i class=\"fa fa-circle-o\"></i> <i class=\"fa fa-circle-o\"></i> </td><td align=\"right\"><i class=\"fa fa-circle-o\"></i> <i class=\"fa fa-circle-o\"></i> </tr></table>\n|uhtml|bestof|<h2><strong>Game 1</strong> of <a href=\"/game-bestof3-gen9championsvgc2026regmbbo3-2674518815\">a best-of-3</a></h2>\n|t:|1788369287\n|gametype|doubles\n|player|p1|Chocokoala VGC|aaron|1127\n|player|p2|finfil1234|veteran|1008\n|gen|9\n|tier|[Gen 9 Champions] VGC 2026 Reg M-B (Bo3)\n|rated|\n|rule|Species Clause: Limit one of each Pokémon\n|rule|Item Clause: Limit 1 of each item\n|clearpoke\n|poke|p1|Scovillain, L50, F|\n|poke|p1|Primarina, L50, M|\n|poke|p1|Aerodactyl, L50, F|\n|poke|p1|Garchomp, L50, F|\n|poke|p1|Gholdengo, L50|\n|poke|p1|Grimmsnarl, L50, M|\n|poke|p2|Sceptile, L50, M, shiny|\n|poke|p2|Rotom-Heat, L50, shiny|\n|poke|p2|Basculegion, L50, M|\n|poke|p2|Corviknight, L50, M, shiny|\n|poke|p2|Delphox, L50, M|\n|poke|p2|Ninetales-Alola, L50, F, shiny|\n|teampreview|4\n|showteam|p1|Scovillain||Scovillainite|Insomnia|Flamethrower,GigaDrain,Protect,RagePowder|Bold||F|||50|]Primarina||Leftovers|LiquidVoice|HyperVoice,Moonblast,Protect,CalmMind|Modest||M|||50|]Aerodactyl||Aerodactylite|Unnerve|RockSlide,DualWingbeat,Protect,Tailwind|Jolly||F|||50|]Garchomp||SoftSand|RoughSkin|Earthquake,StompingTantrum,Protect,DragonClaw|Jolly||F|||50|]Gholdengo||LifeOrb|GoodasGold|MakeItRain,ShadowBall,Protect,NastyPlot|Modest|||||50|]Grimmsnarl||LightClay|Prankster|LightScreen,Reflect,FakeOut,FoulPlay|Calm||M|||50|\n|showteam|p2|Sceptile||Sceptilite|Unburden|EarthPower,DragonPulse,EnergyBall,Protect|Timid||M|||50|]Rotom-Heat||ChoiceScarf|Levitate|Discharge,WillOWisp,Protect,LightScreen|Jolly|||||50|]Basculegion||ColburBerry|MoldBreaker|PhantomForce,WaveCrash,Protect,Crunch|Jolly||M|||50|]Corviknight||Leftovers|MirrorArmor|IronDefense,BodyPress,IronHead,Protect|Impish||M|||50|]Delphox||Delphoxite|Blaze|CalmMind,HeatWave,Psychic,Protect|Timid||M|||50|]Ninetales-Alola||NeverMeltIce|SnowWarning|Blizzard,DazzlingGleam,IceBeam,Protect|Modest||F|||50|\n|inactive|Battle timer is ON: inactive players will automatically lose when time's up. (requested by Chocokoala VGC)\n|inactive|Chocokoala VGC has 60 seconds left.\n|inactive|finfil1234 has 60 seconds left.\n|inactive|Chocokoala VGC has 30 seconds left.\n|\n|t:|1788369356\n|teamsize|p1|4\n|teamsize|p2|4\n|start\n|switch|p1a: Aerodactyl|Aerodactyl, L50, F|100/100\n|switch|p1b: Grimmsnarl|Grimmsnarl, L50, M|100/100\n|switch|p2a: Sceptile|Sceptile, L50, M, shiny|100/100\n|switch|p2b: Rotom|Rotom-Heat, L50, shiny|100/100\n|-ability|p1a: Aerodactyl|Unnerve\n|turn|1\n|inactive|finfil1234 has 30 seconds left.\n|inactive|finfil1234 has 20 seconds left.\n|\n|t:|1788369394\n|detailschange|p1a: Aerodactyl|Aerodactyl-Mega, L50, F\n|-mega|p1a: Aerodactyl|Aerodactyl|Aerodactylite\n|detailschange|p2a: Sceptile|Sceptile-Mega, L50, M, shiny\n|-mega|p2a: Sceptile|Sceptile|Sceptilite\n|move|p1b: Grimmsnarl|Fake Out|p2b: Rotom\n|-damage|p2b: Rotom|89/100\n|cant|p2b: Rotom|flinch\n|move|p1a: Aerodactyl|Rock Slide|p2a: Sceptile|[spread] p2a\n|-miss|p1a: Aerodactyl|p2b: Rotom\n|-damage|p2a: Sceptile|57/100\n|move|p2a: Sceptile|Earth Power|p1b: Grimmsnarl\n|-damage|p1b: Grimmsnarl|75/100\n|\n|upkeep\n|turn|2\n|inactive|finfil1234 has 30 seconds left.\n|\n|t:|1788369422\n|move|p1b: Grimmsnarl|Light Screen|p1b: Grimmsnarl\n|-sidestart|p1: Chocokoala VGC|move: Light Screen\n|move|p2b: Rotom|Discharge|p1b: Grimmsnarl|[spread] p1a,p1b\n|-ability|p2a: Sceptile|Lightning Rod|boost\n|-boost|p2a: Sceptile|spa|1\n|-supereffective|p1a: Aerodactyl|1\n|-damage|p1a: Aerodactyl|68/100\n|-damage|p1b: Grimmsnarl|63/100\n|move|p1a: Aerodactyl|Tailwind|p1a: Aerodactyl\n|-sidestart|p1: Chocokoala VGC|move: Tailwind\n|move|p2a: Sceptile|Energy Ball|p1a: Aerodactyl\n|-damage|p1a: Aerodactyl|8/100\n|\n|upkeep\n|turn|3\n|\n|t:|1788369443\n|move|p1a: Aerodactyl|Rock Slide|p2b: Rotom|[spread] p2a,p2b\n|-supereffective|p2b: Rotom|1\n|-damage|p2a: Sceptile|13/100\n|-damage|p2b: Rotom|22/100\n|move|p2b: Rotom|Discharge|p1a: Aerodactyl|[spread] p1a,p1b\n|-ability|p2a: Sceptile|Lightning Rod|boost\n|-boost|p2a: Sceptile|spa|1\n|-supereffective|p1a: Aerodactyl|1\n|-damage|p1a: Aerodactyl|0 fnt\n|-damage|p1b: Grimmsnarl|52/100\n|faint|p1a: Aerodactyl\n|move|p2a: Sceptile|Earth Power|p1b: Grimmsnarl\n|-damage|p1b: Grimmsnarl|17/100\n|move|p1b: Grimmsnarl|Foul Play|p2a: Sceptile\n|-crit|p2a: Sceptile\n|-damage|p2a: Sceptile|0 fnt\n|faint|p2a: Sceptile\n|\n|upkeep\n|inactive|finfil1234 has 30 seconds left.\n|\n|t:|1788369468\n|switch|p1a: Primarina|Primarina, L50, M|100/100\n|switch|p2a: Corviknight|Corviknight, L50, M, shiny|100/100\n|turn|4\n|\n|t:|1788369483\n|move|p1b: Grimmsnarl|Reflect|p1b: Grimmsnarl\n|-sidestart|p1: Chocokoala VGC|Reflect\n|move|p2b: Rotom|Discharge|p1b: Grimmsnarl|[spread] p2a,p1a,p1b\n|-supereffective|p2a: Corviknight|1\n|-supereffective|p1a: Primarina|1\n|-damage|p2a: Corviknight|60/100\n|-damage|p1a: Primarina|76/100\n|-damage|p1b: Grimmsnarl|5/100\n|-status|p1a: Primarina|par\n|move|p2a: Corviknight|Iron Defense|p2a: Corviknight\n|-boost|p2a: Corviknight|def|2\n|move|p1a: Primarina|Hyper Voice|p2b: Rotom|[spread] p2a,p2b\n|-supereffective|p2b: Rotom|1\n|-damage|p2a: Corviknight|19/100\n|-damage|p2b: Rotom|0 fnt\n|faint|p2b: Rotom\n|\n|-heal|p2a: Corviknight|25/100|[from] item: Leftovers\n|-heal|p1a: Primarina|82/100 par|[from] item: Leftovers\n|upkeep\n|\n|t:|1788369498\n|switch|p2b: Delphox|Delphox, L50, M|100/100\n|turn|5\n|inactive|finfil1234 has 30 seconds left.\n|\n|t:|1788369523\n|move|p2b: Delphox|Protect|p2b: Delphox\n|-singleturn|p2b: Delphox|Protect\n|move|p2a: Corviknight|Protect|p2a: Corviknight\n|-singleturn|p2a: Corviknight|Protect\n|move|p1b: Grimmsnarl|Foul Play|p2b: Delphox\n|-activate|p2b: Delphox|move: Protect\n|move|p1a: Primarina|Hyper Voice|p2b: Delphox|[spread] \n|-activate|p2a: Corviknight|move: Protect\n|-activate|p2b: Delphox|move: Protect\n|\n|-heal|p2a: Corviknight|31/100|[from] item: Leftovers\n|-heal|p1a: Primarina|88/100 par|[from] item: Leftovers\n|-sideend|p1: Chocokoala VGC|move: Tailwind\n|upkeep\n|turn|6\n|\n|t:|1788369548\n|move|p2b: Delphox|Heat Wave|p1b: Grimmsnarl|[spread] p1a,p1b\n|-resisted|p1a: Primarina|1\n|-damage|p1a: Primarina|80/100 par\n|-damage|p1b: Grimmsnarl|0 fnt\n|faint|p1b: Grimmsnarl\n|move|p2a: Corviknight|Iron Head|p1a: Primarina\n|-crit|p1a: Primarina\n|-damage|p1a: Primarina|36/100 par\n|cant|p1a: Primarina|flinch\n|\n|-heal|p2a: Corviknight|37/100|[from] item: Leftovers\n|-heal|p1a: Primarina|42/100 par|[from] item: Leftovers\n|upkeep\n|\n|t:|1788369558\n|switch|p1b: Garchomp|Garchomp, L50, F|100/100\n|turn|7\n|inactive|finfil1234 has 30 seconds left.\n|\n|t:|1788369586\n|move|p2b: Delphox|Protect|p2b: Delphox\n|-singleturn|p2b: Delphox|Protect\n|move|p1b: Garchomp|Dragon Claw|p2b: Delphox\n|-activate|p2b: Delphox|move: Protect\n|move|p2a: Corviknight|Body Press|p1b: Garchomp\n|-damage|p1b: Garchomp|64/100\n|-damage|p2a: Corviknight|25/100|[from] ability: Rough Skin|[of] p1b: Garchomp\n|move|p1a: Primarina|Hyper Voice|p2b: Delphox|[spread] p2a\n|-activate|p2b: Delphox|move: Protect\n|-damage|p2a: Corviknight|0 fnt\n|faint|p2a: Corviknight\n|\n|-heal|p1a: Primarina|48/100 par|[from] item: Leftovers\n|upkeep\n|turn|8\n|\n|t:|1788369609\n|move|p1b: Garchomp|Dragon Claw|p2b: Delphox\n|-damage|p2b: Delphox|48/100\n|move|p2b: Delphox|Heat Wave|p1a: Primarina|[spread] p1a,p1b\n|-resisted|p1a: Primarina|1\n|-resisted|p1b: Garchomp|1\n|-damage|p1a: Primarina|40/100 par\n|-damage|p1b: Garchomp|54/100\n|move|p1a: Primarina|Hyper Voice|p2b: Delphox\n|-supereffective|p2b: Delphox|1\n|-damage|p2b: Delphox|0 fnt\n|faint|p2b: Delphox\n|\n|win|Chocokoala VGC\n","uploadtime":1788369610,"views":"0","formatid":"gen9championsvgc2026regmbbo3","rating":null,"private":0,"password":null}