{"id":"gen9championsvgc2026regmbbo3-2673295916","format":"[Gen 9 Champions] VGC 2026 Reg M-B (Bo3)","players":["Guian_6","eklyst"],"log":"|j|☆Guian_6\n|j|☆eklyst\n|html|<table width=\"100%\"><tr><td align=\"left\">Guian_6</td><td align=\"right\">eklyst</tr><tr><td align=\"left\"><i class=\"fa fa-circle-o\"></i> <i class=\"fa fa-circle-o\"></i> </td><td align=\"right\"><i class=\"fa fa-circle-o\"></i> <i class=\"fa fa-circle-o\"></i> </tr></table>\n|uhtml|bestof|<h2><strong>Game 1</strong> of <a href=\"/game-bestof3-gen9championsvgc2026regmbbo3-2673295915\">a best-of-3</a></h2>\n|t:|1788178932\n|gametype|doubles\n|player|p1|Guian_6|102|1229\n|player|p2|eklyst|pokemaniac|1299\n|gen|9\n|tier|[Gen 9 Champions] VGC 2026 Reg M-B (Bo3)\n|rated|\n|rule|Species Clause: Limit one of each Pokémon\n|rule|Item Clause: Limit 1 of each item\n|clearpoke\n|poke|p1|Ninetales-Alola, L50, F|\n|poke|p1|Lucario, L50, M|\n|poke|p1|Basculegion, L50, M|\n|poke|p1|Incineroar, L50, M|\n|poke|p1|Venusaur, L50, M|\n|poke|p1|Palafin, L50, F|\n|poke|p2|Sinistcha, L50|\n|poke|p2|Incineroar, L50, M|\n|poke|p2|Blaziken, L50, F|\n|poke|p2|Ninetales-Alola, L50, M|\n|poke|p2|Mawile, L50, F|\n|poke|p2|Basculegion, L50, M|\n|teampreview|4\n|showteam|p1|Ninetales-Alola||ChoiceScarf|SnowWarning|IcyWind,Blizzard,FreezeDry,Moonblast|Timid||F|||50|]Lucario||Lucarionite|InnerFocus|CloseCombat,BulletPunch,MeteorMash,Protect|Jolly||M|||50|]Basculegion||LifeOrb|Adaptability|FlipTurn,LastRespects,WaveCrash,AquaJet|Jolly||M|||50|]Incineroar||SitrusBerry|Intimidate|FakeOut,PartingShot,FlareBlitz,Protect|Careful||M|||50|]Venusaur||Venusaurite|Chlorophyll|Toxic,SleepPowder,GigaDrain,Protect|Timid||M|||50|]Palafin||Leftovers|ZerotoHero|Haze,Protect,WaveCrash,JetPunch|Impish||F|||50|\n|showteam|p2|Sinistcha||KasibBerry|Hospitality|MatchaGotcha,RagePowder,TrickRoom,Protect|Relaxed|||||50|]Incineroar||SitrusBerry|Intimidate|FlareBlitz,FakeOut,PartingShot,HelpingHand|Careful||M|||50|]Blaziken||Blazikenite|SpeedBoost|CloseCombat,FlareBlitz,RockSlide,Detect|Adamant||F|||50|]Ninetales-Alola||NeverMeltIce|SnowWarning|Blizzard,FreezeDry,Encore,Protect|Timid||M|||50|]Mawile||Mawilite|HyperCutter|PlayRough,IronHead,SuckerPunch,Protect|Adamant||F|||50|]Basculegion||LifeOrb|Adaptability|WaveCrash,LastRespects,AquaJet,Protect|Adamant||M|||50|\n|inactive|Battle timer is ON: inactive players will automatically lose when time's up. (requested by eklyst)\n|inactive|Guian_6 has 60 seconds left.\n|inactive|eklyst has 60 seconds left.\n|inactive|eklyst has 30 seconds left.\n|\n|t:|1788179004\n|teamsize|p1|4\n|teamsize|p2|4\n|start\n|switch|p1a: Namor|Basculegion, L50, M|100/100\n|switch|p1b: Jeff|Palafin, L50, F|100/100\n|switch|p2a: Incineroar|Incineroar, L50, M|100/100\n|switch|p2b: Sinistcha|Sinistcha, L50|100/100\n|-ability|p2a: Incineroar|Intimidate|boost\n|-unboost|p1a: Namor|atk|1\n|-unboost|p1b: Jeff|atk|1\n|turn|1\n|\n|t:|1788179026\n|switch|p1a: Groot|Venusaur, L50, M|100/100\n|move|p1b: Jeff|Protect|p1b: Jeff\n|-singleturn|p1b: Jeff|Protect\n|move|p2a: Incineroar|Parting Shot|p1b: Jeff\n|-activate|p1b: Jeff|move: Protect\n|move|p2b: Sinistcha|Trick Room|p2b: Sinistcha\n|-fieldstart|move: Trick Room|[of] p2b: Sinistcha\n|\n|upkeep\n|turn|2\n|\n|t:|1788179044\n|detailschange|p1b: Jeff|Palafin-Hero, L50, F\n|switch|p1b: Venom|Incineroar, L50, M|100/100\n|-ability|p1b: Venom|Intimidate|boost\n|-unboost|p2a: Incineroar|atk|1\n|-unboost|p2b: Sinistcha|atk|1\n|detailschange|p1a: Groot|Venusaur-Mega, L50, M\n|-mega|p1a: Groot|Venusaur|Venusaurite\n|move|p2a: Incineroar|Parting Shot|p1a: Groot\n|-unboost|p1a: Groot|atk|1\n|-unboost|p1a: Groot|spa|1\n|\n|t:|1788179054\n|switch|p2a: Mawile|Mawile, L50, F|100/100|[from] Parting Shot\n|move|p2b: Sinistcha|Matcha Gotcha|p1b: Venom|[spread] p1a,p1b\n|-resisted|p1a: Groot|2\n|-resisted|p1b: Venom|1\n|-damage|p1a: Groot|95/100\n|-damage|p1b: Venom|91/100\n|move|p1a: Groot|Toxic|p2a: Mawile\n|-immune|p2a: Mawile\n|\n|upkeep\n|turn|3\n|\n|t:|1788179067\n|switch|p2b: Incineroar|Incineroar, L50, M|100/100\n|-ability|p2b: Incineroar|Intimidate|boost\n|-unboost|p1a: Groot|atk|1\n|-unboost|p1b: Venom|atk|1\n|move|p2a: Mawile|Protect|p2a: Mawile\n|-singleturn|p2a: Mawile|Protect\n|move|p1b: Venom|Fake Out|p2a: Mawile\n|-activate|p2a: Mawile|move: Protect\n|move|p1a: Groot|Toxic|p2b: Incineroar\n|-status|p2b: Incineroar|tox\n|\n|-damage|p2b: Incineroar|94/100 tox|[from] psn\n|upkeep\n|turn|4\n|\n|t:|1788179078\n|detailschange|p2a: Mawile|Mawile-Mega, L50, F\n|-mega|p2a: Mawile|Mawile|Mawilite\n|move|p1b: Venom|Protect|p1b: Venom\n|-singleturn|p1b: Venom|Protect\n|move|p1a: Groot|Protect|p1a: Groot\n|-singleturn|p1a: Groot|Protect\n|move|p2b: Incineroar|Fake Out|p1b: Venom\n|-activate|p1b: Venom|move: Protect\n|move|p2a: Mawile|Iron Head|p1a: Groot\n|-activate|p1a: Groot|move: Protect\n|\n|-damage|p2b: Incineroar|82/100 tox|[from] psn\n|upkeep\n|turn|5\n|\n|t:|1788179101\n|switch|p1a: Jeff|Palafin-Hero, L50, F|100/100\n|-activate|p1a: Jeff|ability: Zero to Hero\n|move|p2a: Mawile|Iron Head|p1a: Jeff\n|-resisted|p1a: Jeff|1\n|-damage|p1a: Jeff|75/100\n|move|p1b: Venom|Parting Shot|p2a: Mawile\n|-unboost|p2a: Mawile|atk|1\n|-unboost|p2a: Mawile|spa|1\n|\n|t:|1788179110\n|switch|p1b: Groot|Venusaur-Mega, L50, M|95/100|[from] Parting Shot\n|move|p2b: Incineroar|Parting Shot|p1b: Groot\n|-unboost|p1b: Groot|atk|1\n|-unboost|p1b: Groot|spa|1\n|\n|t:|1788179115\n|switch|p2b: Sinistcha|Sinistcha, L50|100/100|[from] Parting Shot\n|\n|-heal|p1a: Jeff|81/100|[from] item: Leftovers\n|-fieldend|move: Trick Room\n|upkeep\n|turn|6\n|\n|t:|1788179122\n|switch|p1a: Venom|Incineroar, L50, M|91/100\n|-ability|p1a: Venom|Intimidate|boost\n|-unboost|p2a: Mawile|atk|1\n|-unboost|p2b: Sinistcha|atk|1\n|switch|p2a: Incineroar|Incineroar, L50, M|82/100 tox\n|-ability|p2a: Incineroar|Intimidate|boost\n|-unboost|p1a: Venom|atk|1\n|-unboost|p1b: Groot|atk|1\n|move|p1b: Groot|Toxic|p2b: Sinistcha\n|-status|p2b: Sinistcha|tox\n|move|p2b: Sinistcha|Trick Room|p2b: Sinistcha\n|-fieldstart|move: Trick Room|[of] p2b: Sinistcha\n|\n|-damage|p2a: Incineroar|76/100 tox|[from] psn\n|-damage|p2b: Sinistcha|93/100 tox|[from] psn\n|upkeep\n|turn|7\n|inactive|Guian_6 has 30 seconds left.\n|\n|t:|1788179148\n|switch|p2b: Mawile|Mawile-Mega, L50, F|100/100\n|move|p1a: Venom|Fake Out|p2a: Incineroar\n|-damage|p2a: Incineroar|70/100 tox\n|cant|p2a: Incineroar|flinch\n|move|p1b: Groot|Giga Drain|p2b: Mawile\n|-resisted|p2b: Mawile|1\n|-damage|p2b: Mawile|88/100\n|-heal|p1b: Groot|100/100|[from] drain|[of] p2b: Mawile\n|\n|-damage|p2a: Incineroar|58/100 tox|[from] psn\n|upkeep\n|turn|8\n|\n|t:|1788179166\n|move|p1b: Groot|Protect|p1b: Groot\n|-singleturn|p1b: Groot|Protect\n|move|p2b: Mawile|Play Rough|p1a: Venom\n|-damage|p1a: Venom|6/100\n|-enditem|p1a: Venom|Sitrus Berry|[eat]\n|-heal|p1a: Venom|31/100|[from] item: Sitrus Berry\n|move|p1a: Venom|Flare Blitz|p2b: Mawile\n|-supereffective|p2b: Mawile|1\n|-damage|p2b: Mawile|27/100\n|-damage|p1a: Venom|15/100|[from] Recoil\n|move|p2a: Incineroar|Flare Blitz|p1b: Groot\n|-activate|p1b: Groot|move: Protect\n|\n|-damage|p2a: Incineroar|40/100 tox|[from] psn\n|upkeep\n|-enditem|p2a: Incineroar|Sitrus Berry|[eat]\n|-heal|p2a: Incineroar|65/100 tox|[from] item: Sitrus Berry\n|turn|9\n|\n|t:|1788179190\n|switch|p1b: Jeff|Palafin-Hero, L50, F|81/100\n|move|p2a: Incineroar|Helping Hand|p2b: Mawile\n|-singleturn|p2b: Mawile|Helping Hand|[of] p2a: Incineroar\n|move|p2b: Mawile|Iron Head|p1b: Jeff\n|-resisted|p1b: Jeff|1\n|-damage|p1b: Jeff|41/100\n|move|p1a: Venom|Parting Shot|p2b: Mawile\n|-unboost|p2b: Mawile|atk|1\n|-unboost|p2b: Mawile|spa|1\n|\n|t:|1788179203\n|switch|p1a: Groot|Venusaur-Mega, L50, M|100/100|[from] Parting Shot\n|\n|-heal|p1b: Jeff|47/100|[from] item: Leftovers\n|-damage|p2a: Incineroar|41/100 tox|[from] psn\n|upkeep\n|turn|10\n|\n|t:|1788179224\n|switch|p2b: Sinistcha|Sinistcha, L50|93/100 tox\n|-heal|p2a: Incineroar|66/100 tox|[from] ability: Hospitality|[of] p2b: Sinistcha\n|move|p1a: Groot|Protect|p1a: Groot\n|-singleturn|p1a: Groot|Protect\n|move|p1b: Jeff|Jet Punch|p2a: Incineroar\n|-supereffective|p2a: Incineroar|1\n|-damage|p2a: Incineroar|17/100 tox\n|move|p2a: Incineroar|Parting Shot|p1b: Jeff\n|-unboost|p1b: Jeff|atk|1\n|-unboost|p1b: Jeff|spa|1\n|\n|t:|1788179235\n|switch|p2a: Blaziken|Blaziken, L50, F|100/100|[from] Parting Shot\n|\n|-heal|p1b: Jeff|53/100|[from] item: Leftovers\n|-damage|p2b: Sinistcha|87/100 tox|[from] psn\n|-fieldend|move: Trick Room\n|upkeep\n|turn|11\n|\n|t:|1788179247\n|switch|p1b: Venom|Incineroar, L50, M|15/100\n|-ability|p1b: Venom|Intimidate|boost\n|-unboost|p2a: Blaziken|atk|1\n|-unboost|p2b: Sinistcha|atk|1\n|move|p1a: Groot|Sleep Powder|p2a: Blaziken\n|-status|p2a: Blaziken|slp|[from] move: Sleep Powder\n|cant|p2a: Blaziken|slp\n|move|p2b: Sinistcha|Matcha Gotcha|p1a: Groot|[spread] p1a,p1b\n|-resisted|p1a: Groot|2\n|-resisted|p1b: Venom|1\n|-damage|p1a: Groot|95/100\n|-heal|p2b: Sinistcha|90/100 tox|[from] drain|[of] p1a: Groot\n|-damage|p1b: Venom|6/100\n|-heal|p2b: Sinistcha|95/100 tox|[from] drain|[of] p1b: Venom\n|\n|-damage|p2b: Sinistcha|83/100 tox|[from] psn\n|-ability|p2a: Blaziken|Speed Boost|boost\n|-boost|p2a: Blaziken|spe|1\n|upkeep\n|turn|12\n|\n|t:|1788179263\n|cant|p2a: Blaziken|slp\n|move|p1a: Groot|Giga Drain|p2a: Blaziken\n|-resisted|p2a: Blaziken|1\n|-damage|p2a: Blaziken|80/100 slp\n|-heal|p1a: Groot|100/100|[from] drain|[of] p2a: Blaziken\n|move|p2b: Sinistcha|Matcha Gotcha|p1b: Venom|[spread] p1a,p1b\n|-resisted|p1a: Groot|2\n|-resisted|p1b: Venom|1\n|-damage|p1a: Groot|95/100\n|-heal|p2b: Sinistcha|85/100 tox|[from] drain|[of] p1a: Groot\n|-damage|p1b: Venom|0 fnt\n|-heal|p2b: Sinistcha|89/100 tox|[from] drain|[of] p1b: Venom\n|faint|p1b: Venom\n|\n|-damage|p2b: Sinistcha|71/100 tox|[from] psn\n|-ability|p2a: Blaziken|Speed Boost|boost\n|-boost|p2a: Blaziken|spe|1\n|upkeep\n|\n|t:|1788179276\n|switch|p1b: Namor|Basculegion, L50, M|100/100\n|turn|13\n|\n|t:|1788179282\n|move|p2b: Sinistcha|Rage Powder|p2b: Sinistcha\n|-singleturn|p2b: Sinistcha|move: Rage Powder\n|-curestatus|p2a: Blaziken|slp|[msg]\n|move|p2a: Blaziken|Flare Blitz|p1a: Groot\n|-supereffective|p1a: Groot|1\n|-damage|p1a: Groot|62/100\n|-damage|p2a: Blaziken|68/100|[from] Recoil\n|move|p1a: Groot|Giga Drain|p2a: Blaziken\n|-resisted|p2a: Blaziken|1\n|-damage|p2a: Blaziken|44/100\n|-heal|p1a: Groot|72/100|[from] drain|[of] p2a: Blaziken\n|move|p1b: Namor|Last Respects|p2b: Sinistcha\n|-supereffective|p2b: Sinistcha|1\n|-enditem|p2b: Sinistcha|Kasib Berry|[eat]\n|-enditem|p2b: Sinistcha|Kasib Berry|[weaken]\n|-damage|p2b: Sinistcha|8/100 tox\n|-damage|p1b: Namor|90/100|[from] item: Life Orb\n|\n|-damage|p2b: Sinistcha|0 fnt|[from] psn\n|faint|p2b: Sinistcha\n|-ability|p2a: Blaziken|Speed Boost|boost\n|-boost|p2a: Blaziken|spe|1\n|upkeep\n|\n|t:|1788179299\n|switch|p2b: Mawile|Mawile-Mega, L50, F|27/100\n|turn|14\n|\n|t:|1788179311\n|switch|p2a: Incineroar|Incineroar, L50, M|17/100 tox\n|-ability|p2a: Incineroar|Intimidate|boost\n|-unboost|p1a: Groot|atk|1\n|-unboost|p1b: Namor|atk|1\n|move|p1b: Namor|Aqua Jet|p2a: Incineroar\n|-supereffective|p2a: Incineroar|1\n|-damage|p2a: Incineroar|0 fnt\n|faint|p2a: Incineroar\n|-damage|p1b: Namor|80/100|[from] item: Life Orb\n|move|p2b: Mawile|Sucker Punch||[still]\n|-fail|p2b: Mawile\n|move|p1a: Groot|Giga Drain|p2b: Mawile\n|-resisted|p2b: Mawile|1\n|-damage|p2b: Mawile|10/100\n|-heal|p1a: Groot|80/100|[from] drain|[of] p2b: Mawile\n|\n|upkeep\n|\n|t:|1788179318\n|switch|p2a: Blaziken|Blaziken, L50, F|44/100\n|turn|15\n|\n|t:|1788179325\n|move|p1b: Namor|Aqua Jet|p2b: Mawile\n|-damage|p2b: Mawile|0 fnt\n|faint|p2b: Mawile\n|-damage|p1b: Namor|71/100|[from] item: Life Orb\n|move|p1a: Groot|Toxic|p2a: Blaziken\n|-status|p2a: Blaziken|tox\n|move|p2a: Blaziken|Flare Blitz|p1a: Groot\n|-supereffective|p1a: Groot|1\n|-damage|p1a: Groot|25/100\n|-damage|p2a: Blaziken|24/100 tox|[from] Recoil\n|\n|-damage|p2a: Blaziken|18/100 tox|[from] psn\n|-ability|p2a: Blaziken|Speed Boost|boost\n|-boost|p2a: Blaziken|spe|1\n|upkeep\n|turn|16\n|\n|t:|1788179339\n|switch|p1a: Jeff|Palafin-Hero, L50, F|53/100\n|move|p2a: Blaziken|Flare Blitz|p1a: Jeff\n|-resisted|p1a: Jeff|1\n|-damage|p1a: Jeff|32/100\n|-damage|p2a: Blaziken|10/100 tox|[from] Recoil\n|move|p1b: Namor|Flip Turn|p2a: Blaziken\n|-supereffective|p2a: Blaziken|1\n|-crit|p2a: Blaziken\n|-damage|p2a: Blaziken|0 fnt\n|faint|p2a: Blaziken\n|-damage|p1b: Namor|61/100|[from] item: Life Orb\n|\n|win|Guian_6\n||eklyst is ready for game 2.\n||Guian_6 is ready for game 2.\n|uhtml|next|Next: <a href=\"/battle-gen9championsvgc2026regmbbo3-2673298237\"><strong>Game 2 of 3</strong></a>\n|l|☆Guian_6\n|player|p1|\n","uploadtime":1788179803,"views":"1","formatid":"gen9championsvgc2026regmbbo3","rating":null,"private":0,"password":null}