{"id":"gen9championsvgc2026regmb-2674656798","format":"[Gen 9 Champions] VGC 2026 Reg M-B","players":["cinarguncavdi2231","gallantman"],"log":"|j|☆cinarguncavdi2231\n|j|☆gallantman\n|t:|1788386046\n|gametype|doubles\n|player|p1|cinarguncavdi2231|hiker-gen4|1573\n|player|p2|gallantman|lance|1523\n|gen|9\n|tier|[Gen 9 Champions] VGC 2026 Reg M-B\n|rated|\n|rule|Species Clause: Limit one of each Pokémon\n|rule|Item Clause: Limit 1 of each item\n|clearpoke\n|poke|p1|Gengar, L50, F|\n|poke|p1|Incineroar, L50, M|\n|poke|p1|Swampert, L50, F|\n|poke|p1|Archaludon, L50, M, shiny|\n|poke|p1|Politoed, L50, M|\n|poke|p1|Vivillon, L50, F|\n|poke|p2|Tyranitar, L50, M, shiny|\n|poke|p2|Excadrill, L50, M|\n|poke|p2|Staraptor, L50, M|\n|poke|p2|Farigiraf, L50, M|\n|poke|p2|Rotom-Wash, L50|\n|poke|p2|Chandelure, L50, M|\n|teampreview|4\n|inactive|Battle timer is ON: inactive players will automatically lose when time's up. (requested by gallantman)\n|inactive|gallantman has 60 seconds left.\n|\n|t:|1788386081\n|teamsize|p1|4\n|teamsize|p2|4\n|start\n|switch|p1a: Gengar|Gengar, L50, F|100/100\n|switch|p1b: Incineroar|Incineroar, L50, M|100/100\n|switch|p2a: Staraptor|Staraptor, L50, M|100/100\n|switch|p2b: Tyranitar|Tyranitar, L50, M, shiny|100/100\n|-ability|p2a: Staraptor|Intimidate|boost\n|-unboost|p1a: Gengar|atk|1\n|-unboost|p1b: Incineroar|atk|1\n|-weather|Sandstorm|[from] ability: Sand Stream|[of] p2b: Tyranitar\n|-ability|p1b: Incineroar|Intimidate|boost\n|-unboost|p2a: Staraptor|atk|1\n|-unboost|p2b: Tyranitar|atk|1\n|turn|1\n|\n|t:|1788386097\n|switch|p2b: Farigiraf|Farigiraf, L50, M|100/100\n|detailschange|p1a: Gengar|Gengar-Mega, L50, F\n|-mega|p1a: Gengar|Gengar|Gengarite\n|move|p1b: Incineroar|Fake Out||[still]\n|cant|p2b: Farigiraf|ability: Armor Tail|Fake Out|[of] p1b: Incineroar\n|move|p2a: Staraptor|U-turn|p1b: Incineroar\n|-damage|p1b: Incineroar|89/100\n|\n|t:|1788386106\n|switch|p2a: Tyranitar|Tyranitar, L50, M, shiny|100/100|[from] U-turn\n|move|p1a: Gengar|Perish Song|p1a: Gengar\n|-start|p1a: Gengar|perish3|[silent]\n|-start|p1b: Incineroar|perish3|[silent]\n|-start|p2a: Tyranitar|perish3|[silent]\n|-start|p2b: Farigiraf|perish3|[silent]\n|-fieldactivate|move: Perish Song\n|\n|-weather|Sandstorm|[upkeep]\n|-damage|p1a: Gengar|94/100|[from] Sandstorm\n|-damage|p1b: Incineroar|83/100|[from] Sandstorm\n|-damage|p2b: Farigiraf|93/100|[from] Sandstorm\n|-start|p1a: Gengar|perish3\n|-start|p2a: Tyranitar|perish3\n|-start|p1b: Incineroar|perish3\n|-start|p2b: Farigiraf|perish3\n|upkeep\n|turn|2\n|\n|t:|1788386120\n|detailschange|p2a: Tyranitar|Tyranitar-Mega, L50, M, shiny\n|-mega|p2a: Tyranitar|Tyranitar|Tyranitarite\n|move|p2b: Farigiraf|Helping Hand|p2a: Tyranitar\n|-singleturn|p2a: Tyranitar|Helping Hand|[of] p2b: Farigiraf\n|move|p1a: Gengar|Protect|p1a: Gengar\n|-singleturn|p1a: Gengar|Protect\n|move|p1b: Incineroar|Protect|p1b: Incineroar\n|-singleturn|p1b: Incineroar|Protect\n|move|p2a: Tyranitar|Rock Slide|p1b: Incineroar|[spread] \n|-activate|p1a: Gengar|move: Protect\n|-activate|p1b: Incineroar|move: Protect\n|\n|-weather|Sandstorm|[upkeep]\n|-damage|p1a: Gengar|88/100|[from] Sandstorm\n|-damage|p1b: Incineroar|77/100|[from] Sandstorm\n|-damage|p2b: Farigiraf|87/100|[from] Sandstorm\n|-start|p1a: Gengar|perish2\n|-start|p2a: Tyranitar|perish2\n|-start|p1b: Incineroar|perish2\n|-start|p2b: Farigiraf|perish2\n|upkeep\n|turn|3\n|\n|t:|1788386136\n|switch|p1a: Archaludon|Archaludon, L50, M, shiny|100/100\n|move|p2a: Tyranitar|Rock Slide|p1a: Archaludon|[spread] p1a\n|-miss|p2a: Tyranitar|p1b: Incineroar\n|-resisted|p1a: Archaludon|1\n|-damage|p1a: Archaludon|87/100\n|-ability|p1a: Archaludon|Stamina|boost\n|-boost|p1a: Archaludon|def|1\n|move|p1b: Incineroar|Parting Shot|p2a: Tyranitar\n|-unboost|p2a: Tyranitar|atk|1\n|-unboost|p2a: Tyranitar|spa|1\n|\n|t:|1788386147\n|switch|p1b: Gengar|Gengar-Mega, L50, F|88/100|[from] Parting Shot\n|move|p2b: Farigiraf|Roar|p1a: Archaludon\n|drag|p1a: Politoed|Politoed, L50, M|100/100\n|-weather|RainDance|[from] ability: Drizzle|[of] p1a: Politoed\n|\n|-weather|RainDance|[upkeep]\n|-start|p2a: Tyranitar|perish1\n|-start|p2b: Farigiraf|perish1\n|upkeep\n|turn|4\n|\n|t:|1788386167\n|switch|p1a: Incineroar|Incineroar, L50, M|77/100\n|-ability|p1a: Incineroar|Intimidate|boost\n|-unboost|p2a: Tyranitar|atk|1\n|-unboost|p2b: Farigiraf|atk|1\n|move|p1b: Gengar|Protect|p1b: Gengar\n|-singleturn|p1b: Gengar|Protect\n|move|p2a: Tyranitar|Rock Slide|p1a: Incineroar|[spread] p1a\n|-activate|p1b: Gengar|move: Protect\n|-supereffective|p1a: Incineroar|1\n|-damage|p1a: Incineroar|47/100\n|move|p2b: Farigiraf|Roar|p1b: Gengar\n|drag|p1b: Archaludon|Archaludon, L50, M, shiny|87/100\n|\n|-weather|RainDance|[upkeep]\n|-heal|p1b: Archaludon|93/100|[from] item: Leftovers\n|-start|p2a: Tyranitar|perish0\n|-start|p2b: Farigiraf|perish0\n|upkeep\n|faint|p2a: Tyranitar\n|faint|p2b: Farigiraf\n|\n|t:|1788386184\n|switch|p2a: Excadrill|Excadrill, L50, M|100/100\n|switch|p2b: Staraptor|Staraptor, L50, M|100/100\n|-ability|p2b: Staraptor|Intimidate|boost\n|-unboost|p1a: Incineroar|atk|1\n|-unboost|p1b: Archaludon|atk|1\n|turn|5\n|\n|t:|1788386192\n|move|p2a: Excadrill|Protect|p2a: Excadrill\n|-singleturn|p2a: Excadrill|Protect\n|move|p1a: Incineroar|Fake Out|p2a: Excadrill\n|-activate|p2a: Excadrill|move: Protect\n|move|p2b: Staraptor|Final Gambit|p1b: Archaludon\n|-damage|p1b: Archaludon|0 fnt\n|faint|p2b: Staraptor\n|faint|p1b: Archaludon\n|\n|-weather|RainDance|[upkeep]\n|upkeep\n|\n|t:|1788386201\n|switch|p1b: Gengar|Gengar-Mega, L50, F|88/100\n|turn|6\n|\n|t:|1788386212\n|switch|p1a: Politoed|Politoed, L50, M|100/100\n|move|p1b: Gengar|Shadow Ball|p2a: Excadrill\n|-damage|p2a: Excadrill|38/100\n|move|p2a: Excadrill|Earthquake|p1b: Gengar|[spread] p1a,p1b\n|-supereffective|p1b: Gengar|1\n|-damage|p1a: Politoed|58/100\n|-damage|p1b: Gengar|0 fnt\n|faint|p1b: Gengar\n|\n|-weather|RainDance|[upkeep]\n|upkeep\n|\n|t:|1788386216\n|switch|p1b: Incineroar|Incineroar, L50, M|47/100\n|-ability|p1b: Incineroar|Intimidate|boost\n|-unboost|p2a: Excadrill|atk|1\n|turn|7\n|\n|t:|1788386231\n|move|p2a: Excadrill|Protect|p2a: Excadrill\n|-singleturn|p2a: Excadrill|Protect\n|move|p1b: Incineroar|Fake Out|p2a: Excadrill\n|-activate|p2a: Excadrill|move: Protect\n|move|p1a: Politoed|Perish Song|p1a: Politoed\n|-start|p1a: Politoed|perish3|[silent]\n|-start|p1b: Incineroar|perish3|[silent]\n|-start|p2a: Excadrill|perish3|[silent]\n|-fieldactivate|move: Perish Song\n|\n|-weather|none\n|-start|p2a: Excadrill|perish3\n|-start|p1a: Politoed|perish3\n|-start|p1b: Incineroar|perish3\n|upkeep\n|turn|8\n|\n|t:|1788386237\n|move|p1a: Politoed|Protect|p1a: Politoed\n|-singleturn|p1a: Politoed|Protect\n|move|p1b: Incineroar|Protect|p1b: Incineroar\n|-singleturn|p1b: Incineroar|Protect\n|move|p2a: Excadrill|Earthquake|p1a: Politoed|[spread] \n|-activate|p1a: Politoed|move: Protect\n|-activate|p1b: Incineroar|move: Protect\n|\n|-start|p2a: Excadrill|perish2\n|-start|p1a: Politoed|perish2\n|-start|p1b: Incineroar|perish2\n|upkeep\n|turn|9\n|\n|t:|1788386251\n|move|p2a: Excadrill|Earthquake|p1b: Incineroar|[spread] p1a,p1b\n|-supereffective|p1b: Incineroar|1\n|-damage|p1a: Politoed|30/100\n|-damage|p1b: Incineroar|0 fnt\n|-enditem|p1a: Politoed|Sitrus Berry|[eat]\n|-heal|p1a: Politoed|55/100|[from] item: Sitrus Berry\n|faint|p1b: Incineroar\n|move|p1a: Politoed|Hypnosis|p2a: Excadrill\n|-status|p2a: Excadrill|slp|[from] move: Hypnosis\n|\n|-start|p2a: Excadrill|perish1\n|-start|p1a: Politoed|perish1\n|upkeep\n|turn|10\n|\n|t:|1788386262\n|move|p1a: Politoed|Protect|p1a: Politoed\n|-singleturn|p1a: Politoed|Protect\n|cant|p2a: Excadrill|slp\n|\n|-start|p2a: Excadrill|perish0\n|-start|p1a: Politoed|perish0\n|faint|p2a: Excadrill\n|faint|p1a: Politoed\n|\n|win|cinarguncavdi2231\n|raw|cinarguncavdi2231's rating: 1573 &rarr; <strong>1590</strong><br />(+17 for winning)\n|raw|gallantman's rating: 1523 &rarr; <strong>1506</strong><br />(-17 for losing)\n","uploadtime":1788386267,"views":"1","formatid":"gen9championsvgc2026regmb","rating":1506,"private":0,"password":null}