{"id":"gen9championsvgc2026regmbbo3-2674472033","format":"[Gen 9 Champions] VGC 2026 Reg M-B (Bo3)","players":["Bananin4","masterofchar"],"log":"|j|☆Bananin4\n|j|☆masterofchar\n|html|<table width=\"100%\"><tr><td align=\"left\">Bananin4</td><td align=\"right\">masterofchar</tr><tr><td align=\"left\"><i class=\"fa fa-circle-o\"></i> <i class=\"fa fa-circle-o\"></i> </td><td align=\"right\"><i class=\"fa fa-circle-o\"></i> <i class=\"fa fa-circle\"></i> </tr></table>\n|uhtml|bestof|<h2><strong>Game 2</strong> of <a href=\"/game-bestof3-gen9championsvgc2026regmbbo3-2674470443\">a best-of-3</a></h2>\n|t:|1788363794\n|gametype|doubles\n|player|p1|Bananin4|lucas-gen4pt|1207\n|player|p2|masterofchar|corbeau|1243\n|gen|9\n|tier|[Gen 9 Champions] VGC 2026 Reg M-B (Bo3)\n|rated|\n|rule|Species Clause: Limit one of each Pokémon\n|rule|Item Clause: Limit 1 of each item\n|clearpoke\n|poke|p1|Charizard, L50, M, shiny|\n|poke|p1|Floette-Eternal, L50, F|\n|poke|p1|Basculegion, L50, M, shiny|\n|poke|p1|Kingambit, L50, M, shiny|\n|poke|p1|Whimsicott, L50, M, shiny|\n|poke|p1|Garchomp, L50, M, shiny|\n|poke|p2|Froslass, L50, F|\n|poke|p2|Scovillain, L50, M|\n|poke|p2|Sneasler, L50, F|\n|poke|p2|Basculegion, L50, M, shiny|\n|poke|p2|Kingambit, L50, M|\n|poke|p2|Lycanroc-Dusk, L50, M|\n|teampreview|4\n|showteam|p1|Charizard||CharizarditeY|Blaze|HeatWave,WeatherBall,SolarBeam,Protect|Modest||M|||50|]Floette-Eternal||Floettite|FlowerVeil|Moonblast,DazzlingGleam,LightofRuin,Protect|Modest||F|||50|]Basculegion||LifeOrb|Adaptability|WaveCrash,LastRespects,AquaJet,Protect|Adamant||M|||50|]Kingambit||ChopleBerry|Defiant|KowtowCleave,SuckerPunch,IronHead,LowKick|Adamant||M|||50|]Whimsicott||FocusSash|Prankster|Moonblast,Encore,Tailwind,Protect|Timid||M|||50|]Garchomp||SitrusBerry|RoughSkin|Protect,RockSlide,DragonClaw,Earthquake|Jolly||M|||50|\n|showteam|p2|Froslass||Froslassite|SnowCloak|Blizzard,ShadowBall,Protect,AuroraVeil|Timid||F|||50|]Scovillain||Scovillainite|Chlorophyll|RagePowder,Overheat,GigaDrain,Protect|Bold||M|||50|]Sneasler||WhiteHerb|Unburden|FakeOut,CloseCombat,GunkShot,Protect|Adamant||F|||50|]Basculegion||LifeOrb|Adaptability|AquaJet,PsychicFangs,LastRespects,WaveCrash|Hasty||M|||50|]Kingambit||BlackGlasses|Defiant|KowtowCleave,IronHead,SuckerPunch,Protect|Adamant||M|||50|]Lycanroc-Dusk||FocusSash|ToughClaws|Accelerock,RockSlide,CloseCombat,Protect|Jolly||M|||50|\n|\n|t:|1788363834\n|teamsize|p1|4\n|teamsize|p2|4\n|start\n|switch|p1a: Whimsicott|Whimsicott, L50, M, shiny|100/100\n|switch|p1b: Kingambit|Kingambit, L50, M, shiny|100/100\n|switch|p2a: Scovillain|Scovillain, L50, M|100/100\n|switch|p2b: Lycanroc|Lycanroc-Dusk, L50, M|100/100\n|turn|1\n|\n|t:|1788363871\n|detailschange|p2a: Scovillain|Scovillain-Mega, L50, M\n|-mega|p2a: Scovillain|Scovillain|Scovillainite\n|move|p1b: Kingambit|Sucker Punch|p2b: Lycanroc\n|-damage|p2b: Lycanroc|37/100\n|move|p1a: Whimsicott|Moonblast|p2b: Lycanroc\n|-damage|p2b: Lycanroc|0 fnt\n|faint|p2b: Lycanroc\n|move|p2a: Scovillain|Overheat|p1a: Whimsicott\n|-supereffective|p1a: Whimsicott|1\n|-enditem|p1a: Whimsicott|Focus Sash\n|-damage|p1a: Whimsicott|1/100\n|-unboost|p2a: Scovillain|spa|2\n|\n|upkeep\n|\n|t:|1788363884\n|switch|p2b: Sneasler|Sneasler, L50, F|100/100\n|turn|2\n|\n|t:|1788363898\n|switch|p1b: Charizard|Charizard, L50, M, shiny|100/100\n|move|p1a: Whimsicott|Protect|p1a: Whimsicott\n|-singleturn|p1a: Whimsicott|Protect\n|move|p2b: Sneasler|Fake Out|p1a: Whimsicott\n|-activate|p1a: Whimsicott|move: Protect\n|move|p2a: Scovillain|Rage Powder|p2a: Scovillain\n|-singleturn|p2a: Scovillain|move: Rage Powder\n|\n|upkeep\n|turn|3\n|\n|t:|1788363915\n|detailschange|p1b: Charizard|Charizard-Mega-Y, L50, M, shiny\n|-mega|p1b: Charizard|Charizard|Charizardite Y\n|-weather|SunnyDay|[from] ability: Drought|[of] p1b: Charizard\n|move|p1a: Whimsicott|Encore|p2b: Sneasler\n|-start|p2b: Sneasler|Encore\n|move|p2b: Sneasler|Fake Out||[still]\n|-hint|Fake Out only works on your first turn out.\n|-fail|p2b: Sneasler\n|move|p1b: Charizard|Heat Wave|p2b: Sneasler|[spread] p2a,p2b\n|-damage|p2a: Scovillain|38/100\n|-damage|p2b: Sneasler|19/100\n|move|p2a: Scovillain|Overheat|p1a: Whimsicott\n|-supereffective|p1a: Whimsicott|1\n|-damage|p1a: Whimsicott|0 fnt\n|-unboost|p2a: Scovillain|spa|2\n|faint|p1a: Whimsicott\n|\n|-weather|SunnyDay|[upkeep]\n|upkeep\n|\n|t:|1788363932\n|switch|p1a: Kingambit|Kingambit, L50, M, shiny|100/100\n|turn|4\n|\n|t:|1788363947\n|move|p2a: Scovillain|Protect|p2a: Scovillain\n|-singleturn|p2a: Scovillain|Protect\n|-activate|p2b: Sneasler|move: Struggle\n|move|p2b: Sneasler|Struggle|p1b: Charizard\n|-damage|p1b: Charizard|79/100\n|-damage|p2b: Sneasler|0 fnt|[from] recoil\n|faint|p2b: Sneasler\n|move|p1b: Charizard|Heat Wave|p2a: Scovillain\n|-activate|p2a: Scovillain|move: Protect\n|move|p1a: Kingambit|Kowtow Cleave|p2a: Scovillain\n|-activate|p2a: Scovillain|move: Protect\n|\n|-weather|SunnyDay|[upkeep]\n|upkeep\n|\n|t:|1788363952\n|switch|p2b: Basculegion|Basculegion, L50, M, shiny|100/100\n|turn|5\n|\n|t:|1788363967\n|move|p2a: Scovillain|Rage Powder|p2a: Scovillain\n|-singleturn|p2a: Scovillain|move: Rage Powder\n|move|p2b: Basculegion|Aqua Jet|p1b: Charizard\n|-supereffective|p1b: Charizard|1\n|-damage|p1b: Charizard|46/100\n|-damage|p2b: Basculegion|90/100|[from] item: Life Orb\n|move|p1a: Kingambit|Sucker Punch||[still]\n|-fail|p1a: Kingambit\n|move|p1b: Charizard|Heat Wave|p2b: Basculegion|[spread] p2a,p2b\n|-resisted|p2b: Basculegion|1\n|-crit|p2b: Basculegion\n|-damage|p2a: Scovillain|0 fnt\n|-damage|p2b: Basculegion|39/100\n|faint|p2a: Scovillain\n|\n|-weather|SunnyDay|[upkeep]\n|upkeep\n|turn|6\n|\n|t:|1788363985\n|move|p2b: Basculegion|Aqua Jet|p1b: Charizard\n|-supereffective|p1b: Charizard|1\n|-damage|p1b: Charizard|13/100\n|-damage|p2b: Basculegion|29/100|[from] item: Life Orb\n|move|p1b: Charizard|Solar Beam||[still]\n|-prepare|p1b: Charizard|Solar Beam\n|-anim|p1b: Charizard|Solar Beam|p2b: Basculegion\n|-supereffective|p2b: Basculegion|1\n|-damage|p2b: Basculegion|0 fnt\n|faint|p2b: Basculegion\n|\n|win|Bananin4\n","uploadtime":1788363985,"views":"2","formatid":"gen9championsvgc2026regmbbo3","rating":null,"private":0,"password":null}