{"id":"gen9championsvgc2026regmbbo3-2674051628","format":"[Gen 9 Champions] VGC 2026 Reg M-B (Bo3)","players":["rockslap","paquita navaja"],"log":"|j|☆rockslap\n|j|☆paquita navaja\n|html|<table width=\"100%\"><tr><td align=\"left\">rockslap</td><td align=\"right\">paquita navaja</tr><tr><td align=\"left\"><i class=\"fa fa-circle-o\"></i> <i class=\"fa fa-circle-o\"></i> </td><td align=\"right\"><i class=\"fa fa-circle-o\"></i> <i class=\"fa fa-circle\"></i> </tr></table>\n|uhtml|bestof|<h2><strong>Game 2</strong> of <a href=\"/game-bestof3-gen9championsvgc2026regmbbo3-2674048028\">a best-of-3</a></h2>\n|t:|1788292788\n|gametype|doubles\n|player|p1|rockslap|hiker-gen4|\n|player|p2|paquita navaja|170|\n|gen|9\n|tier|[Gen 9 Champions] VGC 2026 Reg M-B (Bo3)\n|rule|Species Clause: Limit one of each Pokémon\n|rule|Item Clause: Limit 1 of each item\n|clearpoke\n|poke|p1|Maushold, L50|\n|poke|p1|Annihilape, L50, F|\n|poke|p1|Archaludon, L50, M|\n|poke|p1|Palafin, L50, M|\n|poke|p1|Sinistcha, L50|\n|poke|p1|Farigiraf, L50, M|\n|poke|p2|Metagross, L50|\n|poke|p2|Blaziken, L50, M|\n|poke|p2|Milotic, L50, F|\n|poke|p2|Pelipper, L50, M|\n|poke|p2|Gardevoir, L50, F|\n|poke|p2|Sableye, L50, M|\n|teampreview|4\n|showteam|p1|Maushold||FocusSash|FriendGuard|FollowMe,RainDance,Protect,BeatUp|Jolly|||||50|]Annihilape||SitrusBerry|Defiant|DrainPunch,RageFist,BulkUp,Protect|Adamant||F|||50|]Archaludon||Leftovers|Stamina|DragonPulse,ElectroShot,FlashCannon,Protect|Modest||M|||50|]Palafin||MysticWater|ZerotoHero|WaveCrash,JetPunch,IceBeam,Protect|Jolly||M|||50|]Sinistcha||ColburBerry|Hospitality|MatchaGotcha,TrickRoom,RagePowder,LifeDew|Calm|||||50|]Farigiraf||LifeOrb|ArmorTail|HyperBeam,NastyPlot,Psychic,Protect|Bold||M|||50|\n|showteam|p2|Metagross||LifeOrb|ClearBody|PsychicFangs,MeteorMash,RockSlide,Protect|Adamant|||||50|]Blaziken||FocusSash|SpeedBoost|HeatWave,Coaching,AuraSphere,Detect|Modest||M|||50|]Milotic||Leftovers|Competitive|MuddyWater,IceBeam,Hypnosis,Protect|Modest||F|||50|]Pelipper||SitrusBerry|Drizzle|MuddyWater,Hurricane,Tailwind,WideGuard|Modest||M|||50|]Gardevoir||FairyFeather|Trace|Moonblast,DazzlingGleam,Hypnosis,Protect|Timid||F|||50|]Sableye||LightClay|Prankster|FoulPlay,Reflect,LightScreen,Gravity|Careful||M|||50|\n|\n|t:|1788292830\n|teamsize|p1|4\n|teamsize|p2|4\n|start\n|switch|p1a: Annihilape|Annihilape, L50, F|100/100\n|switch|p1b: Maushold|Maushold, L50|100/100\n|switch|p2a: Gardevoir|Gardevoir, L50, F|100/100\n|switch|p2b: Sableye|Sableye, L50, M|100/100\n|-ability|p2a: Gardevoir|Friend Guard|Trace|[from] ability: Trace|[of] p1b: Maushold\n|turn|1\n|\n|t:|1788292850\n|move|p2b: Sableye|Gravity|p2b: Sableye\n|-fieldstart|move: Gravity\n|move|p1b: Maushold|Beat Up|p1a: Annihilape\n|-damage|p1a: Annihilape|97/100\n|-damage|p1a: Annihilape|95/100\n|-damage|p1a: Annihilape|92/100\n|-damage|p1a: Annihilape|90/100\n|-hitcount|p1a: Annihilape|4\n|move|p2a: Gardevoir|Hypnosis|p1a: Annihilape\n|-status|p1a: Annihilape|slp|[from] move: Hypnosis\n|cant|p1a: Annihilape|slp\n|\n|upkeep\n|turn|2\n|\n|t:|1788292879\n|move|p1b: Maushold|Follow Me|p1b: Maushold\n|-singleturn|p1b: Maushold|move: Follow Me\n|move|p2a: Gardevoir|Moonblast|p1b: Maushold\n|-damage|p1b: Maushold|23/100\n|-curestatus|p1a: Annihilape|slp|[msg]\n|move|p1a: Annihilape|Rage Fist|p2a: Gardevoir\n|-supereffective|p2a: Gardevoir|1\n|-damage|p2a: Gardevoir|0 fnt\n|faint|p2a: Gardevoir\n|move|p2b: Sableye|Foul Play|p1b: Maushold\n|-damage|p1b: Maushold|0 fnt\n|faint|p1b: Maushold\n|\n|upkeep\n|\n|t:|1788292896\n|switch|p1b: Sinistcha|Sinistcha, L50|100/100\n|switch|p2a: Blaziken|Blaziken, L50, M|100/100\n|-heal|p1a: Annihilape|100/100|[from] ability: Hospitality|[of] p1b: Sinistcha\n|turn|3\n|\n|t:|1788292911\n|move|p1a: Annihilape|Rage Fist|p2a: Blaziken\n|-enditem|p2a: Blaziken|Focus Sash\n|-damage|p2a: Blaziken|1/100\n|move|p2a: Blaziken|Heat Wave|p1b: Sinistcha|[spread] p1a,p1b\n|-supereffective|p1b: Sinistcha|1\n|-damage|p1a: Annihilape|62/100\n|-damage|p1b: Sinistcha|31/100\n|move|p1b: Sinistcha|Matcha Gotcha|p2b: Sableye|[spread] p2a,p2b\n|-resisted|p2a: Blaziken|1\n|-damage|p2a: Blaziken|0 fnt\n|-heal|p1b: Sinistcha|32/100|[from] drain|[of] p2a: Blaziken\n|-damage|p2b: Sableye|68/100\n|-heal|p1b: Sinistcha|46/100|[from] drain|[of] p2b: Sableye\n|faint|p2a: Blaziken\n|move|p2b: Sableye|Foul Play|p1a: Annihilape\n|-damage|p1a: Annihilape|7/100\n|-enditem|p1a: Annihilape|Sitrus Berry|[eat]\n|-heal|p1a: Annihilape|32/100|[from] item: Sitrus Berry\n|\n|upkeep\n|\n|t:|1788292931\n|switch|p2a: Metagross|Metagross, L50|100/100\n|turn|4\n|\n|t:|1788292948\n|move|p2a: Metagross|Protect|p2a: Metagross\n|-singleturn|p2a: Metagross|Protect\n|move|p1b: Sinistcha|Rage Powder|p1b: Sinistcha\n|-singleturn|p1b: Sinistcha|move: Rage Powder\n|move|p2b: Sableye|Reflect|p2b: Sableye\n|-sidestart|p2: paquita navaja|Reflect\n|move|p1a: Annihilape|Rage Fist|p2a: Metagross\n|-activate|p2a: Metagross|move: Protect\n|\n|upkeep\n|turn|5\n|\n|t:|1788292960\n|move|p1b: Sinistcha|Rage Powder|p1b: Sinistcha\n|-singleturn|p1b: Sinistcha|move: Rage Powder\n|move|p1a: Annihilape|Rage Fist|p2a: Metagross\n|-supereffective|p2a: Metagross|1\n|-damage|p2a: Metagross|0 fnt\n|faint|p2a: Metagross\n|move|p2b: Sableye|Foul Play|p1b: Sinistcha\n|-supereffective|p1b: Sinistcha|1\n|-enditem|p1b: Sinistcha|Colbur Berry|[eat]\n|-enditem|p1b: Sinistcha|Colbur Berry|[weaken]\n|-damage|p1b: Sinistcha|29/100\n|\n|-fieldend|move: Gravity\n|upkeep\n|turn|6\n|\n|t:|1788292979\n|move|p1b: Sinistcha|Rage Powder|p1b: Sinistcha\n|-singleturn|p1b: Sinistcha|move: Rage Powder\n|move|p1a: Annihilape|Rage Fist|p2b: Sableye\n|-damage|p2b: Sableye|0 fnt\n|faint|p2b: Sableye\n|\n|win|rockslap\n","uploadtime":1788292985,"views":"8","formatid":"gen9championsvgc2026regmbbo3","rating":null,"private":0,"password":null}