{"id":"gen9championsvgc2026regmbbo3-2674110028","format":"[Gen 9 Champions] VGC 2026 Reg M-B (Bo3)","players":["testkaka","AkariiVGC"],"log":"|j|‽testkaka\n|j|☆AkariiVGC\n|html|<table width=\"100%\"><tr><td align=\"left\">testkaka</td><td align=\"right\">AkariiVGC</tr><tr><td align=\"left\"><i class=\"fa fa-circle\"></i> <i class=\"fa fa-circle-o\"></i> </td><td align=\"right\"><i class=\"fa fa-circle-o\"></i> <i class=\"fa fa-circle\"></i> </tr></table>\n|uhtml|bestof|<h2><strong>Game 3</strong> of <a href=\"/game-bestof3-gen9championsvgc2026regmbbo3-2674107907\">a best-of-3</a></h2>\n|t:|1788300533\n|gametype|doubles\n|player|p1|testkaka|1|1228\n|player|p2|AkariiVGC|akari|1442\n|gen|9\n|tier|[Gen 9 Champions] VGC 2026 Reg M-B (Bo3)\n|rated|\n|rule|Species Clause: Limit one of each Pokémon\n|rule|Item Clause: Limit 1 of each item\n|clearpoke\n|poke|p1|Floette-Eternal, L50, F|\n|poke|p1|Charizard, L50, F|\n|poke|p1|Venusaur, L50, F|\n|poke|p1|Garchomp, L50, F|\n|poke|p1|Incineroar, L50, M|\n|poke|p1|Grimmsnarl, L50, M|\n|poke|p2|Floette-Eternal, L50, F|\n|poke|p2|Whimsicott, L50, F, shiny|\n|poke|p2|Charizard, L50, M, shiny|\n|poke|p2|Basculegion, L50, M, shiny|\n|poke|p2|Kingambit, L50, F|\n|poke|p2|Garchomp, L50, F|\n|teampreview|4\n|showteam|p1|Floette-Eternal||Floettite|FlowerVeil|Moonblast,DrainingKiss,CalmMind,Protect|Modest||F|||50|]Charizard||CharizarditeY|SolarPower|HeatWave,WeatherBall,AncientPower,Protect|Modest||F|||50|]Venusaur||FocusSash|Chlorophyll|LeafStorm,SludgeBomb,SleepPowder,Protect|Modest||F|||50|]Garchomp||ChoiceScarf|RoughSkin|Earthquake,DragonClaw,StompingTantrum,RockSlide|Adamant||F|||50|]Incineroar||SitrusBerry|Intimidate|FlareBlitz,DarkestLariat,FakeOut,PartingShot|Impish||M|||50|]Grimmsnarl||LightClay|Prankster|SpiritBreak,Reflect,LightScreen,PartingShot|Sassy||M|||50|\n|showteam|p2|Floette-Eternal||Floettite|FlowerVeil|Moonblast,DazzlingGleam,LightofRuin,Protect|Modest||F|||50|]Whimsicott||FocusSash|Prankster|Moonblast,Tailwind,Encore,Protect|Timid||F|||50|]Charizard||CharizarditeY|Blaze|HeatWave,WeatherBall,SolarBeam,Protect|Modest||M|||50|]Basculegion||LifeOrb|Adaptability|WaveCrash,LastRespects,AquaJet,Protect|Adamant||M|||50|]Kingambit||BlackGlasses|Defiant|KowtowCleave,SuckerPunch,IronHead,Protect|Adamant||F|||50|]Garchomp||SitrusBerry|RoughSkin|Earthquake,DragonClaw,RockSlide,Protect|Adamant||F|||50|\n|inactive|Battle timer is ON: inactive players will automatically lose when time's up. (requested by AkariiVGC)\n|\n|t:|1788300558\n|teamsize|p1|4\n|teamsize|p2|4\n|start\n|switch|p1a: Charizard|Charizard, L50, F|100/100\n|switch|p1b: Garchomp|Garchomp, L50, F|100/100\n|switch|p2a: Phifmblum|Whimsicott, L50, F, shiny|100/100\n|switch|p2b: Big fish|Basculegion, L50, M, shiny|100/100\n|turn|1\n|\n|t:|1788300582\n|switch|p1b: Incineroar|Incineroar, L50, M|100/100\n|-ability|p1b: Incineroar|Intimidate|boost\n|-unboost|p2a: Phifmblum|atk|1\n|-unboost|p2b: Big fish|atk|1\n|detailschange|p1a: Charizard|Charizard-Mega-Y, L50, F\n|-mega|p1a: Charizard|Charizard|Charizardite Y\n|-weather|SunnyDay|[from] ability: Drought|[of] p1a: Charizard\n|move|p2a: Phifmblum|Tailwind|p2a: Phifmblum\n|-sidestart|p2: AkariiVGC|move: Tailwind\n|move|p2b: Big fish|Wave Crash|p1a: Charizard\n|-supereffective|p1a: Charizard|1\n|-damage|p1a: Charizard|10/100\n|-damage|p2b: Big fish|76/100|[from] Recoil\n|-damage|p2b: Big fish|67/100|[from] item: Life Orb\n|move|p1a: Charizard|Heat Wave|p2b: Big fish|[spread] p2b\n|-miss|p1a: Charizard|p2a: Phifmblum\n|-resisted|p2b: Big fish|1\n|-damage|p2b: Big fish|27/100\n|\n|-weather|SunnyDay|[upkeep]\n|upkeep\n|turn|2\n|inactive|testkaka has 30 seconds left.\n|inactive|AkariiVGC has 30 seconds left.\n|inactive|testkaka has 20 seconds left.\n|inactive|AkariiVGC has 20 seconds left.\n|inactive|AkariiVGC has 15 seconds left.\n|\n|t:|1788300624\n|switch|p2b: Mulch|Charizard, L50, M, shiny|100/100\n|switch|p1a: Venusaur|Venusaur, L50, F|100/100\n|move|p2a: Phifmblum|Protect|p2a: Phifmblum\n|-singleturn|p2a: Phifmblum|Protect\n|move|p1b: Incineroar|Darkest Lariat|p2b: Mulch\n|-damage|p2b: Mulch|59/100\n|\n|-weather|SunnyDay|[upkeep]\n|upkeep\n|turn|3\n|\n|t:|1788300643\n|detailschange|p2b: Mulch|Charizard-Mega-Y, L50, M, shiny\n|-mega|p2b: Mulch|Charizard|Charizardite Y\n|move|p2a: Phifmblum|Moonblast|p1a: Venusaur\n|-resisted|p1a: Venusaur|1\n|-damage|p1a: Venusaur|78/100\n|move|p2b: Mulch|Heat Wave|p1a: Venusaur|[spread] p1b\n|-miss|p2b: Mulch|p1a: Venusaur\n|-resisted|p1b: Incineroar|1\n|-damage|p1b: Incineroar|74/100\n|move|p1a: Venusaur|Sleep Powder|p2b: Mulch\n|-status|p2b: Mulch|slp|[from] move: Sleep Powder\n|move|p1b: Incineroar|Flare Blitz|p2a: Phifmblum\n|-supereffective|p2a: Phifmblum|1\n|-enditem|p2a: Phifmblum|Focus Sash\n|-damage|p2a: Phifmblum|1/100\n|-damage|p1b: Incineroar|52/100|[from] Recoil\n|\n|-weather|SunnyDay|[upkeep]\n|upkeep\n|turn|4\n|\n|t:|1788300661\n|move|p2a: Phifmblum|Protect|p2a: Phifmblum\n|-singleturn|p2a: Phifmblum|Protect\n|cant|p2b: Mulch|slp\n|move|p1a: Venusaur|Sludge Bomb|p2b: Mulch\n|-damage|p2b: Mulch|19/100 slp\n|move|p1b: Incineroar|Flare Blitz|p2b: Mulch\n|-resisted|p2b: Mulch|1\n|-damage|p2b: Mulch|0 fnt\n|faint|p2b: Mulch\n|-damage|p1b: Incineroar|46/100|[from] Recoil\n|-enditem|p1b: Incineroar|Sitrus Berry|[eat]\n|-heal|p1b: Incineroar|71/100|[from] item: Sitrus Berry\n|\n|-weather|SunnyDay|[upkeep]\n|-sideend|p2: AkariiVGC|move: Tailwind\n|upkeep\n|\n|t:|1788300682\n|switch|p2b: Glassqueen|Kingambit, L50, F|100/100\n|turn|5\n|\n|t:|1788300705\n|move|p2a: Phifmblum|Tailwind|p2a: Phifmblum\n|-sidestart|p2: AkariiVGC|move: Tailwind\n|move|p1a: Venusaur|Sleep Powder|p2b: Glassqueen|[miss]\n|-miss|p1a: Venusaur|p2b: Glassqueen\n|move|p2b: Glassqueen|Kowtow Cleave|p1a: Venusaur\n|-damage|p1a: Venusaur|9/100\n|move|p1b: Incineroar|Flare Blitz|p2b: Glassqueen\n|-supereffective|p2b: Glassqueen|1\n|-damage|p2b: Glassqueen|0 fnt\n|faint|p2b: Glassqueen\n|-damage|p1b: Incineroar|37/100|[from] Recoil\n|\n|-weather|none\n|upkeep\n|\n|t:|1788300717\n|switch|p2b: Big fish|Basculegion, L50, M, shiny|27/100\n|turn|6\n|inactive|testkaka has 30 seconds left.\n|inactive|testkaka has 20 seconds left.\n|inactive|testkaka has 15 seconds left.\n|\n|t:|1788300759\n|switch|p1b: Charizard|Charizard-Mega-Y, L50, F|10/100\n|-weather|SunnyDay|[from] ability: Drought|[of] p1b: Charizard\n|move|p2a: Phifmblum|Moonblast|p1a: Venusaur\n|-resisted|p1a: Venusaur|1\n|-damage|p1a: Venusaur|0 fnt\n|faint|p1a: Venusaur\n|move|p2b: Big fish|Last Respects|p1b: Charizard\n|-damage|p1b: Charizard|0 fnt\n|faint|p1b: Charizard\n|-damage|p2b: Big fish|17/100|[from] item: Life Orb\n|\n|-weather|SunnyDay|[upkeep]\n|upkeep\n|\n|t:|1788300773\n|switch|p1b: Garchomp|Garchomp, L50, F|100/100\n|switch|p1a: Incineroar|Incineroar, L50, M|37/100\n|-ability|p1a: Incineroar|Intimidate|boost\n|-unboost|p2a: Phifmblum|atk|1\n|-unboost|p2b: Big fish|atk|1\n|turn|7\n|\n|t:|1788300792\n|move|p2a: Phifmblum|Protect|p2a: Phifmblum\n|-singleturn|p2a: Phifmblum|Protect\n|move|p2b: Big fish|Protect|p2b: Big fish\n|-singleturn|p2b: Big fish|Protect\n|move|p1a: Incineroar|Fake Out|p2a: Phifmblum\n|-activate|p2a: Phifmblum|move: Protect\n|move|p1b: Garchomp|Rock Slide|p2b: Big fish|[spread] \n|-activate|p2a: Phifmblum|move: Protect\n|-activate|p2b: Big fish|move: Protect\n|\n|-weather|SunnyDay|[upkeep]\n|upkeep\n|turn|8\n|\n|t:|1788300815\n|move|p2a: Phifmblum|Moonblast|p1b: Garchomp\n|-supereffective|p1b: Garchomp|1\n|-damage|p1b: Garchomp|31/100\n|move|p2b: Big fish|Last Respects|p1b: Garchomp\n|-damage|p1b: Garchomp|0 fnt\n|faint|p1b: Garchomp\n|-damage|p2b: Big fish|8/100|[from] item: Life Orb\n|move|p1a: Incineroar|Darkest Lariat|p2b: Big fish\n|-supereffective|p2b: Big fish|1\n|-damage|p2b: Big fish|0 fnt\n|faint|p2b: Big fish\n|\n|-weather|SunnyDay|[upkeep]\n|-sideend|p2: AkariiVGC|move: Tailwind\n|upkeep\n|turn|9\n|\n|t:|1788300830\n|move|p2a: Phifmblum|Moonblast|p1a: Incineroar\n|-damage|p1a: Incineroar|10/100\n|move|p1a: Incineroar|Flare Blitz|p2a: Phifmblum\n|-supereffective|p2a: Phifmblum|1\n|-damage|p2a: Phifmblum|0 fnt\n|faint|p2a: Phifmblum\n|-damage|p1a: Incineroar|10/100|[from] Recoil\n|\n|win|testkaka\n|raw|testkaka's rating: 1228 &rarr; <strong>1267</strong><br />(+39 for winning)\n|raw|AkariiVGC's rating: 1442 &rarr; <strong>1411</strong><br />(-31 for losing)\n|l|☆AkariiVGC\n|player|p2|\n","uploadtime":1788300857,"views":"7","formatid":"gen9championsvgc2026regmbbo3","rating":1267,"private":0,"password":null}