{"id":"gen9championsvgc2026regmb-2674156908","format":"[Gen 9 Champions] VGC 2026 Reg M-B","players":["blackleafogog","CourtTre"],"log":"|j|☆blackleafogog\n|j|☆CourtTre\n|t:|1788307630\n|gametype|doubles\n|player|p1|blackleafogog|169|1683\n|player|p2|CourtTre|2|1614\n|gen|9\n|tier|[Gen 9 Champions] VGC 2026 Reg M-B\n|rated|\n|rule|Species Clause: Limit one of each Pokémon\n|rule|Item Clause: Limit 1 of each item\n|clearpoke\n|poke|p1|Staraptor, L50, F|\n|poke|p1|Kingambit, L50, M|\n|poke|p1|Maushold-Four, L50|\n|poke|p1|Vivillon, L50, F|\n|poke|p1|Garchomp, L50, M|\n|poke|p1|Venusaur, L50, M|\n|poke|p2|Staraptor, L50, M|\n|poke|p2|Whimsicott, L50, M|\n|poke|p2|Grimmsnarl, L50, M|\n|poke|p2|Toxapex, L50, M|\n|poke|p2|Sableye, L50, M|\n|poke|p2|Sneasler, L50, M|\n|teampreview|4\n|inactive|Battle timer is ON: inactive players will automatically lose when time's up. (requested by CourtTre)\n|\n|t:|1788307654\n|teamsize|p1|4\n|teamsize|p2|4\n|start\n|switch|p1a: Staraptor|Staraptor, L50, F|100/100\n|switch|p1b: Maushold|Maushold-Four, L50|100/100\n|switch|p2a: Staraptor|Staraptor, L50, M|100/100\n|switch|p2b: Whimsicott|Whimsicott, L50, M|100/100\n|-ability|p1a: Staraptor|Intimidate|boost\n|-unboost|p2a: Staraptor|atk|1\n|-unboost|p2b: Whimsicott|atk|1\n|-ability|p2a: Staraptor|Intimidate|boost\n|-unboost|p1a: Staraptor|atk|1\n|-unboost|p1b: Maushold|atk|1\n|turn|1\n|\n|t:|1788307675\n|detailschange|p1a: Staraptor|Staraptor-Mega, L50, F\n|-mega|p1a: Staraptor|Staraptor|Staraptite\n|detailschange|p2a: Staraptor|Staraptor-Mega, L50, M\n|-mega|p2a: Staraptor|Staraptor|Staraptite\n|move|p2b: Whimsicott|Tailwind|p2b: Whimsicott\n|-sidestart|p2: CourtTre|move: Tailwind\n|move|p2a: Staraptor|Close Combat|p1a: Staraptor\n|-resisted|p1a: Staraptor|1\n|-damage|p1a: Staraptor|84/100\n|-boost|p2a: Staraptor|def|1\n|-boost|p2a: Staraptor|spd|1\n|move|p1b: Maushold|Charm|p1a: Staraptor\n|-boost|p1a: Staraptor|atk|2\n|move|p1a: Staraptor|Dual Wingbeat|p2a: Staraptor\n|-supereffective|p2a: Staraptor|1\n|-damage|p2a: Staraptor|61/100\n|-supereffective|p2a: Staraptor|1\n|-damage|p2a: Staraptor|19/100\n|-hitcount|p2a: Staraptor|2\n|\n|upkeep\n|turn|2\n|\n|t:|1788307698\n|switch|p2a: Toxapex|Toxapex, L50, M|100/100\n|move|p1b: Maushold|Follow Me|p1b: Maushold\n|-singleturn|p1b: Maushold|move: Follow Me\n|move|p2b: Whimsicott|Encore|p1b: Maushold\n|-start|p1b: Maushold|Encore\n|move|p1a: Staraptor|Dual Wingbeat|p2b: Whimsicott\n|-supereffective|p2b: Whimsicott|1\n|-damage|p2b: Whimsicott|28/100\n|-supereffective|p2b: Whimsicott|1\n|-damage|p2b: Whimsicott|0 fnt\n|faint|p2b: Whimsicott\n|-hitcount|p2: Whimsicott|2\n|\n|upkeep\n|\n|t:|1788307703\n|switch|p2b: Sableye|Sableye, L50, M|100/100\n|turn|3\n|\n|t:|1788307721\n|move|p1b: Maushold|Follow Me|p1b: Maushold\n|-singleturn|p1b: Maushold|move: Follow Me\n|move|p2b: Sableye|Reflect|p2b: Sableye\n|-sidestart|p2: CourtTre|Reflect\n|move|p1a: Staraptor|Close Combat|p2a: Toxapex\n|-resisted|p2a: Toxapex|1\n|-damage|p2a: Toxapex|78/100\n|-boost|p1a: Staraptor|def|1\n|-boost|p1a: Staraptor|spd|1\n|move|p2a: Toxapex|Toxic|p1b: Maushold\n|-status|p1b: Maushold|tox\n|\n|-heal|p2a: Toxapex|84/100|[from] item: Leftovers\n|-damage|p1b: Maushold|93/100 tox|[from] psn\n|upkeep\n|turn|4\n|\n|t:|1788307743\n|move|p1b: Maushold|Follow Me|p1b: Maushold\n|-singleturn|p1b: Maushold|move: Follow Me\n|move|p2b: Sableye|Disable|p1b: Maushold\n|-start|p1b: Maushold|Disable|Follow Me\n|move|p1a: Staraptor|Dual Wingbeat|p2b: Sableye\n|-damage|p2b: Sableye|70/100\n|-damage|p2b: Sableye|41/100\n|-hitcount|p2b: Sableye|2\n|move|p2a: Toxapex|Stockpile|p2a: Toxapex\n|-start|p2a: Toxapex|stockpile1\n|-boost|p2a: Toxapex|def|1\n|-boost|p2a: Toxapex|spd|1\n|\n|-heal|p2a: Toxapex|90/100|[from] item: Leftovers\n|-damage|p1b: Maushold|81/100 tox|[from] psn\n|-sideend|p2: CourtTre|move: Tailwind\n|upkeep\n|turn|5\n|inactive|blackleafogog has 30 seconds left.\n|inactive|blackleafogog has 20 seconds left.\n|\n|t:|1788307780\n|switch|p1b: Vivillon|Vivillon, L50, F|100/100\n|move|p2b: Sableye|Disable|p1a: Staraptor\n|-start|p1a: Staraptor|Disable|Dual Wingbeat\n|move|p1a: Staraptor|Close Combat|p2a: Toxapex\n|-resisted|p2a: Toxapex|1\n|-damage|p2a: Toxapex|75/100\n|-boost|p1a: Staraptor|def|1\n|-boost|p1a: Staraptor|spd|1\n|move|p2a: Toxapex|Toxic|p1a: Staraptor\n|-status|p1a: Staraptor|tox\n|\n|-heal|p2a: Toxapex|80/100|[from] item: Leftovers\n|-damage|p1a: Staraptor|78/100 tox|[from] psn\n|upkeep\n|turn|6\n|\n|t:|1788307798\n|move|p2b: Sableye|Light Screen|p2b: Sableye\n|-sidestart|p2: CourtTre|move: Light Screen\n|move|p1a: Staraptor|Close Combat|p2a: Toxapex\n|-resisted|p2a: Toxapex|1\n|-damage|p2a: Toxapex|66/100\n|-boost|p1a: Staraptor|def|1\n|-boost|p1a: Staraptor|spd|1\n|move|p1b: Vivillon|Sleep Powder|p2a: Toxapex\n|-status|p2a: Toxapex|slp|[from] move: Sleep Powder\n|cant|p2a: Toxapex|slp\n|\n|-heal|p2a: Toxapex|72/100 slp|[from] item: Leftovers\n|-damage|p1a: Staraptor|66/100 tox|[from] psn\n|upkeep\n|turn|7\n|\n|t:|1788307807\n|move|p2b: Sableye|Disable|p1b: Vivillon\n|-start|p1b: Vivillon|Disable|Sleep Powder\n|move|p1a: Staraptor|Close Combat|p2a: Toxapex\n|-resisted|p2a: Toxapex|1\n|-damage|p2a: Toxapex|57/100 slp\n|-boost|p1a: Staraptor|def|1\n|-boost|p1a: Staraptor|spd|1\n|move|p1b: Vivillon|Hurricane|p2b: Sableye\n|-damage|p2b: Sableye|7/100\n|cant|p2a: Toxapex|slp\n|\n|-heal|p2a: Toxapex|63/100 slp|[from] item: Leftovers\n|-damage|p1a: Staraptor|49/100 tox|[from] psn\n|upkeep\n|turn|8\n|\n|t:|1788307826\n|move|p2b: Sableye|Encore|p1b: Vivillon\n|-start|p1b: Vivillon|Encore\n|move|p1a: Staraptor|Close Combat|p2a: Toxapex\n|-resisted|p2a: Toxapex|1\n|-damage|p2a: Toxapex|49/100 slp\n|-boost|p1a: Staraptor|def|1\n|-boost|p1a: Staraptor|spd|1\n|move|p1b: Vivillon|Hurricane|p2b: Sableye\n|-damage|p2b: Sableye|0 fnt\n|faint|p2b: Sableye\n|-curestatus|p2a: Toxapex|slp|[msg]\n|move|p2a: Toxapex|Recover|p2a: Toxapex\n|-heal|p2a: Toxapex|99/100\n|\n|-heal|p2a: Toxapex|100/100|[from] item: Leftovers\n|-damage|p1a: Staraptor|26/100 tox|[from] psn\n|-end|p1a: Staraptor|Disable\n|upkeep\n|\n|t:|1788307830\n|switch|p2b: Staraptor|Staraptor-Mega, L50, M|19/100\n|turn|9\n|\n|t:|1788307846\n|move|p2b: Staraptor|Protect|p2b: Staraptor\n|-singleturn|p2b: Staraptor|Protect\n|move|p1a: Staraptor|Dual Wingbeat|p2b: Staraptor\n|-activate|p2b: Staraptor|move: Protect\n|move|p1b: Vivillon|Hurricane|p2b: Staraptor\n|-activate|p2b: Staraptor|move: Protect\n|move|p2a: Toxapex|Toxic|p1b: Vivillon\n|-status|p1b: Vivillon|tox\n|\n|-damage|p1a: Staraptor|0 fnt|[from] psn\n|faint|p1a: Staraptor\n|-damage|p1b: Vivillon|94/100 tox|[from] psn\n|upkeep\n|\n|t:|1788307860\n|switch|p1a: Maushold|Maushold-Four, L50|81/100 tox\n|turn|10\n|\n|t:|1788307869\n|move|p1a: Maushold|Super Fang|p2a: Toxapex\n|-damage|p2a: Toxapex|50/100g\n|move|p1b: Vivillon|Hurricane|p2b: Staraptor\n|-supereffective|p2b: Staraptor|1\n|-damage|p2b: Staraptor|0 fnt\n|faint|p2b: Staraptor\n|move|p2a: Toxapex|Infestation|p1b: Vivillon\n|-resisted|p1b: Vivillon|1\n|-damage|p1b: Vivillon|91/100 tox\n|-activate|p1b: Vivillon|move: Infestation|[of] p2a: Toxapex\n|\n|-heal|p2a: Toxapex|56/100|[from] item: Leftovers\n|-damage|p1a: Maushold|75/100 tox|[from] psn\n|-damage|p1b: Vivillon|80/100 tox|[from] psn\n|-damage|p1b: Vivillon|68/100 tox|[from] move: Infestation|[partiallytrapped]\n|-end|p1b: Vivillon|Encore\n|-end|p1b: Vivillon|Disable\n|-sideend|p2: CourtTre|Reflect\n|upkeep\n|turn|11\n|\n|t:|1788307882\n|switch|p1a: Garchomp|Garchomp, L50, M|100/100\n|move|p1b: Vivillon|Sleep Powder|p2a: Toxapex\n|-status|p2a: Toxapex|slp|[from] move: Sleep Powder\n|cant|p2a: Toxapex|slp\n|\n|-heal|p2a: Toxapex|61/100 slp|[from] item: Leftovers\n|-damage|p1b: Vivillon|50/100g tox|[from] psn\n|-damage|p1b: Vivillon|38/100 tox|[from] move: Infestation|[partiallytrapped]\n|upkeep\n|turn|12\n|\n|t:|1788307890\n|move|p1a: Garchomp|Earthquake|p2a: Toxapex|[spread] p2a\n|-immune|p1b: Vivillon\n|-supereffective|p2a: Toxapex|1\n|-damage|p2a: Toxapex|18/100 slp\n|move|p1b: Vivillon|Hurricane|p2a: Toxapex|[miss]\n|-miss|p1b: Vivillon|p2a: Toxapex\n|cant|p2a: Toxapex|slp\n|\n|-heal|p2a: Toxapex|24/100 slp|[from] item: Leftovers\n|-damage|p1b: Vivillon|15/100 tox|[from] psn\n|-damage|p1b: Vivillon|3/100 tox|[from] move: Infestation|[partiallytrapped]\n|upkeep\n|turn|13\n|c|☆blackleafogog|gg\n|inactive|CourtTre has 30 seconds left.\n|inactive|CourtTre has 20 seconds left.\n|inactive|CourtTre has 15 seconds left.\n|inactive|CourtTre has 10 seconds left.\n|\n|t:|1788307938\n|move|p1a: Garchomp|Earthquake|p2a: Toxapex|[spread] p2a\n|-immune|p1b: Vivillon\n|-supereffective|p2a: Toxapex|1\n|-damage|p2a: Toxapex|0 fnt\n|faint|p2a: Toxapex\n|\n|win|blackleafogog\n|raw|blackleafogog's rating: 1683 &rarr; <strong>1699</strong><br />(+16 for winning)\n|raw|CourtTre's rating: 1614 &rarr; <strong>1598</strong><br />(-16 for losing)\n|c|☆blackleafogog|aww dont be like that\n","uploadtime":1788307946,"views":"9","formatid":"gen9championsvgc2026regmb","rating":1598,"private":0,"password":null}