{"id":"gen9championsvgc2026regmb-2674678198","format":"[Gen 9 Champions] VGC 2026 Reg M-B","players":["discomi","Dis_Plot"],"log":"|j|☆discomi\n|j|☆Dis_Plot\n|t:|1788389207\n|gametype|doubles\n|player|p1|discomi|265|1560\n|player|p2|Dis_Plot|pokemaniac|1641\n|gen|9\n|tier|[Gen 9 Champions] VGC 2026 Reg M-B\n|rated|\n|rule|Species Clause: Limit one of each Pokémon\n|rule|Item Clause: Limit 1 of each item\n|clearpoke\n|poke|p1|Kangaskhan, L50, F|\n|poke|p1|Charizard, L50, F|\n|poke|p1|Floette-Eternal, L50, F|\n|poke|p1|Incineroar, L50, F|\n|poke|p1|Sinistcha, L50|\n|poke|p1|Garchomp, L50, M|\n|poke|p2|Froslass, L50, F|\n|poke|p2|Sneasler, L50, M|\n|poke|p2|Kingambit, L50, F|\n|poke|p2|Scovillain, L50, M|\n|poke|p2|Lycanroc-Dusk, L50, M|\n|poke|p2|Basculegion, L50, M|\n|teampreview|4\n|inactive|Battle timer is ON: inactive players will automatically lose when time's up. (requested by Dis_Plot)\n|\n|t:|1788389232\n|teamsize|p1|4\n|teamsize|p2|4\n|start\n|switch|p1a: Charizard|Charizard, L50, F|100/100\n|switch|p1b: Garchomp|Garchomp, L50, M|100/100\n|switch|p2a: Sneasler|Sneasler, L50, M|100/100\n|switch|p2b: Froslass|Froslass, L50, F|100/100\n|turn|1\n|\n|t:|1788389247\n|switch|p1b: Incineroar|Incineroar, L50, F|100/100\n|-ability|p1b: Incineroar|Intimidate|boost\n|-unboost|p2a: Sneasler|atk|1\n|-unboost|p2b: Froslass|atk|1\n|-enditem|p2a: Sneasler|White Herb\n|-clearnegativeboost|p2a: Sneasler|[silent]\n|detailschange|p2b: Froslass|Froslass-Mega, L50, F\n|-mega|p2b: Froslass|Froslass|Froslassite\n|-weather|Snowscape|[from] ability: Snow Warning|[of] p2b: Froslass\n|move|p1a: Charizard|Protect|p1a: Charizard\n|-singleturn|p1a: Charizard|Protect\n|move|p2a: Sneasler|Fake Out|p1a: Charizard\n|-activate|p1a: Charizard|move: Protect\n|move|p2b: Froslass|Blizzard|p1b: Incineroar|[spread] p1b\n|-activate|p1a: Charizard|move: Protect\n|-resisted|p1b: Incineroar|1\n|-damage|p1b: Incineroar|81/100\n|\n|-weather|Snowscape|[upkeep]\n|upkeep\n|turn|2\n|\n|t:|1788389269\n|switch|p2b: Lycanroc|Lycanroc-Dusk, L50, M|100/100\n|switch|p1b: Garchomp|Garchomp, L50, M|100/100\n|detailschange|p1a: Charizard|Charizard-Mega-Y, L50, F\n|-mega|p1a: Charizard|Charizard|Charizardite Y\n|-weather|SunnyDay|[from] ability: Drought|[of] p1a: Charizard\n|move|p2a: Sneasler|Protect|p2a: Sneasler\n|-singleturn|p2a: Sneasler|Protect\n|move|p1a: Charizard|Heat Wave|p2a: Sneasler|[spread] p2b\n|-activate|p2a: Sneasler|move: Protect\n|-resisted|p2b: Lycanroc|1\n|-damage|p2b: Lycanroc|50/100g\n|\n|-weather|SunnyDay|[upkeep]\n|upkeep\n|turn|3\n|inactive|Dis_Plot has 30 seconds left.\n|\n|t:|1788389299\n|switch|p1a: Incineroar|Incineroar, L50, F|81/100\n|-ability|p1a: Incineroar|Intimidate|boost\n|-unboost|p2a: Sneasler|atk|1\n|-unboost|p2b: Lycanroc|atk|1\n|move|p2b: Lycanroc|Protect|p2b: Lycanroc\n|-singleturn|p2b: Lycanroc|Protect\n|move|p2a: Sneasler|Close Combat|p1b: Garchomp\n|-crit|p1b: Garchomp\n|-damage|p1b: Garchomp|12/100\n|-unboost|p2a: Sneasler|def|1\n|-unboost|p2a: Sneasler|spd|1\n|-damage|p2a: Sneasler|87/100|[from] ability: Rough Skin|[of] p1b: Garchomp\n|move|p1b: Garchomp|Breaking Swipe|p2a: Sneasler|[spread] p2a\n|-activate|p2b: Lycanroc|move: Protect\n|-damage|p2a: Sneasler|21/100\n|-unboost|p2a: Sneasler|atk|1\n|\n|-weather|SunnyDay|[upkeep]\n|upkeep\n|turn|4\n|\n|t:|1788389324\n|switch|p2b: Basculegion|Basculegion, L50, M|100/100\n|switch|p1a: Sinistcha|Sinistcha, L50|100/100\n|-heal|p1b: Garchomp|36/100|[from] ability: Hospitality|[of] p1a: Sinistcha\n|move|p2a: Sneasler|Protect|p2a: Sneasler\n|-singleturn|p2a: Sneasler|Protect\n|move|p1b: Garchomp|Breaking Swipe|p2a: Sneasler|[spread] p2b\n|-activate|p2a: Sneasler|move: Protect\n|-damage|p2b: Basculegion|69/100\n|-unboost|p2b: Basculegion|atk|1\n|\n|-weather|SunnyDay|[upkeep]\n|upkeep\n|turn|5\n|\n|t:|1788389343\n|switch|p1b: Incineroar|Incineroar, L50, F|81/100\n|-ability|p1b: Incineroar|Intimidate|boost\n|-unboost|p2a: Sneasler|atk|1\n|-unboost|p2b: Basculegion|atk|1\n|move|p2a: Sneasler|Dire Claw|p1a: Sinistcha\n|-damage|p1a: Sinistcha|84/100\n|-status|p1a: Sinistcha|psn\n|move|p2b: Basculegion|Last Respects|p1a: Sinistcha\n|-supereffective|p1a: Sinistcha|1\n|-damage|p1a: Sinistcha|46/100 psn\n|-damage|p2b: Basculegion|59/100|[from] item: Life Orb\n|move|p1a: Sinistcha|Trick Room|p1a: Sinistcha\n|-fieldstart|move: Trick Room|[of] p1a: Sinistcha\n|\n|-weather|SunnyDay|[upkeep]\n|-heal|p1a: Sinistcha|52/100 psn|[from] item: Leftovers\n|-damage|p1a: Sinistcha|39/100 psn|[from] psn\n|upkeep\n|turn|6\n|\n|t:|1788389368\n|switch|p2b: Lycanroc|Lycanroc-Dusk, L50, M|50/100g\n|switch|p2a: Froslass|Froslass-Mega, L50, F|100/100\n|-weather|Snowscape|[from] ability: Snow Warning|[of] p2a: Froslass\n|move|p1a: Sinistcha|Matcha Gotcha|p2a: Froslass|[spread] p2a,p2b\n|-supereffective|p2b: Lycanroc|1\n|-damage|p2a: Froslass|70/100\n|-heal|p1a: Sinistcha|52/100 psn|[from] drain|[of] p2a: Froslass\n|-damage|p2b: Lycanroc|0 fnt\n|-heal|p1a: Sinistcha|74/100 psn|[from] drain|[of] p2b: Lycanroc\n|-status|p2a: Froslass|brn\n|faint|p2b: Lycanroc\n|move|p1b: Incineroar|Darkest Lariat|p2a: Froslass\n|-supereffective|p2a: Froslass|1\n|-damage|p2a: Froslass|0 fnt\n|faint|p2a: Froslass\n|\n|-weather|Snowscape|[upkeep]\n|-heal|p1a: Sinistcha|80/100 psn|[from] item: Leftovers\n|-damage|p1a: Sinistcha|68/100 psn|[from] psn\n|upkeep\n|-message|Dis_Plot forfeited.\n|\n|win|discomi\n|raw|discomi's rating: 1560 &rarr; <strong>1585</strong><br />(+25 for winning)\n|raw|Dis_Plot's rating: 1641 &rarr; <strong>1616</strong><br />(-25 for losing)\n|l|☆Dis_Plot\n|player|p2|\n","uploadtime":1788389397,"views":"3","formatid":"gen9championsvgc2026regmb","rating":1585,"private":0,"password":null}