{"id":"gen9championsvgc2026regmb-2674775720","format":"[Gen 9 Champions] VGC 2026 Reg M-B","players":["Ashnslasher","ArepadeChorizard"],"log":"|j|☆Ashnslasher\n|j|☆ArepadeChorizard\n|t:|1788404472\n|gametype|doubles\n|player|p1|Ashnslasher|steven|1088\n|player|p2|ArepadeChorizard|allister-masters|1128\n|gen|9\n|tier|[Gen 9 Champions] VGC 2026 Reg M-B\n|rated|\n|rule|Species Clause: Limit one of each Pokémon\n|rule|Item Clause: Limit 1 of each item\n|clearpoke\n|poke|p1|Hatterene, L50, F|\n|poke|p1|Alakazam, L50, M|\n|poke|p1|Grimmsnarl, L50, M|\n|poke|p1|Skarmory, L50, F|\n|poke|p1|Mudsdale, L50, M|\n|poke|p1|Staraptor, L50, F|\n|poke|p2|Gengar, L50, F|\n|poke|p2|Sinistcha, L50|\n|poke|p2|Tyranitar, L50, F|\n|poke|p2|Falinks, L50|\n|poke|p2|Whimsicott, L50, F|\n|poke|p2|Gholdengo, L50|\n|teampreview|4\nArepadeChorizard rejected open team sheets.\n|inactive|Battle timer is ON: inactive players will automatically lose when time's up. (requested by ArepadeChorizard)\n|\n|t:|1788404510\n|teamsize|p1|4\n|teamsize|p2|4\n|start\n|switch|p1a: Alakazam|Alakazam, L50, M|100/100\n|switch|p1b: Mudsdale|Mudsdale, L50, M|100/100\n|switch|p2a: Gholdengo|Gholdengo, L50|100/100\n|switch|p2b: Whimsicott|Whimsicott, L50, F|100/100\n|turn|1\n|\n|t:|1788404525\n|move|p2a: Gholdengo|Protect|p2a: Gholdengo\n|-singleturn|p2a: Gholdengo|Protect\n|move|p2b: Whimsicott|Tailwind|p2b: Whimsicott\n|-sidestart|p2: ArepadeChorizard|move: Tailwind\n|move|p1a: Alakazam|Speed Swap|p1b: Mudsdale\n|-activate|p1a: Alakazam|move: Speed Swap|[of] p1b: Mudsdale\n|move|p1b: Mudsdale|High Horsepower|p2a: Gholdengo\n|-activate|p2a: Gholdengo|move: Protect\n|\n|upkeep\n|turn|2\n|\n|t:|1788404547\n|switch|p2a: Sinistcha|Sinistcha, L50|100/100\n|move|p1b: Mudsdale|Protect|p1b: Mudsdale\n|-singleturn|p1b: Mudsdale|Protect\n|move|p2b: Whimsicott|Encore|p1a: Alakazam\n|-start|p1a: Alakazam|Encore\n|move|p1a: Alakazam|Speed Swap|p2a: Sinistcha\n|-activate|p1a: Alakazam|move: Speed Swap|[of] p2a: Sinistcha\n|\n|upkeep\n|turn|3\n|\n|t:|1788404565\n|switch|p1a: Staraptor|Staraptor, L50, F|100/100\n|-ability|p1a: Staraptor|Intimidate|boost\n|-unboost|p2a: Sinistcha|atk|1\n|-unboost|p2b: Whimsicott|atk|1\n|move|p2b: Whimsicott|Encore|p1b: Mudsdale\n|-start|p1b: Mudsdale|Encore\n|move|p1b: Mudsdale|Protect||[still]\n|-fail|p1b: Mudsdale\n|move|p2a: Sinistcha|Matcha Gotcha|p1b: Mudsdale|[spread] p1a,p1b\n|-resisted|p1a: Staraptor|1\n|-supereffective|p1b: Mudsdale|1\n|-damage|p1a: Staraptor|83/100\n|-damage|p1b: Mudsdale|50/100g\n|\n|upkeep\n|turn|4\n|\n|t:|1788404584\n|detailschange|p1a: Staraptor|Staraptor-Mega, L50, F\n|-mega|p1a: Staraptor|Staraptor|Staraptite\n|move|p1b: Mudsdale|Protect|p1b: Mudsdale\n|-singleturn|p1b: Mudsdale|Protect\n|move|p2b: Whimsicott|Moonblast|p1a: Staraptor\n|-supereffective|p1a: Staraptor|1\n|-damage|p1a: Staraptor|8/100\n|move|p1a: Staraptor|Dual Wingbeat|p2b: Whimsicott\n|-supereffective|p2b: Whimsicott|1\n|-damage|p2b: Whimsicott|45/100\n|-supereffective|p2b: Whimsicott|1\n|-damage|p2b: Whimsicott|0 fnt\n|faint|p2b: Whimsicott\n|-hitcount|p2: Whimsicott|2\n|move|p2a: Sinistcha|Matcha Gotcha|p1a: Staraptor|[spread] p1a\n|-activate|p1b: Mudsdale|move: Protect\n|-resisted|p1a: Staraptor|1\n|-damage|p1a: Staraptor|0 fnt\n|faint|p1a: Staraptor\n|\n|-sideend|p2: ArepadeChorizard|move: Tailwind\n|upkeep\n|\n|t:|1788404607\n|switch|p2b: Gengar|Gengar, L50, F|100/100\n|switch|p1a: Grimmsnarl|Grimmsnarl, L50, M|100/100\n|turn|5\n|\n|t:|1788404623\n|detailschange|p2b: Gengar|Gengar-Mega, L50, F\n|-mega|p2b: Gengar|Gengar|Gengarite\n|move|p1b: Mudsdale|Protect||[still]\n|-fail|p1b: Mudsdale\n|move|p2b: Gengar|Sludge Bomb|p1a: Grimmsnarl\n|-supereffective|p1a: Grimmsnarl|1\n|-damage|p1a: Grimmsnarl|0 fnt\n|faint|p1a: Grimmsnarl\n|move|p2a: Sinistcha|Matcha Gotcha|p1b: Mudsdale\n|-supereffective|p1b: Mudsdale|1\n|-damage|p1b: Mudsdale|0 fnt\n|faint|p1b: Mudsdale\n|\n|upkeep\n|c|☆ArepadeChorizard|Gg\n|-message|Ashnslasher forfeited.\n|\n|win|ArepadeChorizard\n|raw|Ashnslasher's rating: 1088 &rarr; <strong>1067</strong><br />(-21 for losing)\n|raw|ArepadeChorizard's rating: 1128 &rarr; <strong>1150</strong><br />(+22 for winning)\n|l|☆Ashnslasher\n|player|p1|\n","uploadtime":1788404638,"views":"5","formatid":"gen9championsvgc2026regmb","rating":1067,"private":0,"password":null}