{"id":"gen9championsvgc2026regmb-2674996264","format":"[Gen 9 Champions] VGC 2026 Reg M-B","players":["zmchih","Zapdos79"],"log":"|j|☆zmchih\n|j|☆Zapdos79\n|t:|1788446696\n|gametype|doubles\n|player|p1|zmchih|giovanni|1148\n|player|p2|Zapdos79|flannery|1174\n|gen|9\n|tier|[Gen 9 Champions] VGC 2026 Reg M-B\n|rated|\n|rule|Species Clause: Limit one of each Pokémon\n|rule|Item Clause: Limit 1 of each item\n|clearpoke\n|poke|p1|Mawile, L50, F|\n|poke|p1|Farigiraf, L50, M|\n|poke|p1|Torkoal, L50, F|\n|poke|p1|Mr. Rime, L50, M|\n|poke|p1|Basculegion, L50, M|\n|poke|p1|Sinistcha-Masterpiece, L50|\n|poke|p2|Espathra, L50, F|\n|poke|p2|Floette-Eternal, L50, F|\n|poke|p2|Charizard, L50, F|\n|poke|p2|Zoroark-Hisui, L50, F|\n|poke|p2|Sneasler, L50, F|\n|poke|p2|Kingambit, L50, F|\n|teampreview|4\n|inactive|Battle timer is ON: inactive players will automatically lose when time's up. (requested by zmchih)\n|\n|t:|1788446733\n|teamsize|p1|4\n|teamsize|p2|4\n|start\n|switch|p1a: Mr. Rime|Mr. Rime, L50, M|100/100\n|switch|p1b: Farigiraf|Farigiraf, L50, M|100/100\n|switch|p2a: Espathra|Espathra, L50, F|100/100\n|switch|p2b: Kingambit|Kingambit, L50, F|100/100\n|turn|1\n|\n|t:|1788446746\n|move|p1a: Mr. Rime|Fake Out|p2b: Kingambit\n|-resisted|p2b: Kingambit|1\n|-damage|p2b: Kingambit|97/100\n|move|p2a: Espathra|Calm Mind|p2a: Espathra\n|-boost|p2a: Espathra|spa|1\n|-boost|p2a: Espathra|spd|1\n|cant|p2b: Kingambit|flinch\n|move|p1b: Farigiraf|Trick Room|p1b: Farigiraf\n|-fieldstart|move: Trick Room|[of] p1b: Farigiraf\n|\n|-ability|p2a: Espathra|Speed Boost|boost\n|-boost|p2a: Espathra|spe|1\n|upkeep\n|turn|2\n|\n|t:|1788446763\n|move|p2b: Kingambit|Kowtow Cleave|p1a: Mr. Rime\n|-supereffective|p1a: Mr. Rime|1\n|-damage|p1a: Mr. Rime|0 fnt\n|faint|p1a: Mr. Rime\n|-damage|p2b: Kingambit|87/100|[from] item: Life Orb\n|move|p1b: Farigiraf|Psychic|p2a: Espathra\n|-resisted|p2a: Espathra|1\n|-damage|p2a: Espathra|85/100\n|move|p2a: Espathra|Calm Mind|p2a: Espathra\n|-boost|p2a: Espathra|spa|1\n|-boost|p2a: Espathra|spd|1\n|\n|-ability|p2a: Espathra|Speed Boost|boost\n|-boost|p2a: Espathra|spe|1\n|upkeep\n|\n|t:|1788446773\n|switch|p1a: Mawile|Mawile, L50, F|100/100\n|turn|3\n|\n|t:|1788446787\n|switch|p1b: Torkoal|Torkoal, L50, F|100/100\n|-weather|SunnyDay|[from] ability: Drought|[of] p1b: Torkoal\n|detailschange|p1a: Mawile|Mawile-Mega, L50, F\n|-mega|p1a: Mawile|Mawile|Mawilite\n|move|p2a: Espathra|Protect|p2a: Espathra\n|-singleturn|p2a: Espathra|Protect\n|move|p2b: Kingambit|Kowtow Cleave|p1b: Torkoal\n|-crit|p1b: Torkoal\n|-damage|p1b: Torkoal|23/100\n|-damage|p2b: Kingambit|77/100|[from] item: Life Orb\n|move|p1a: Mawile|Iron Head|p2a: Espathra\n|-activate|p2a: Espathra|move: Protect\n|\n|-weather|SunnyDay|[upkeep]\n|-ability|p2a: Espathra|Speed Boost|boost\n|-boost|p2a: Espathra|spe|1\n|upkeep\n|turn|4\n|\n|t:|1788446799\n|move|p2b: Kingambit|Sucker Punch|p1b: Torkoal\n|-damage|p1b: Torkoal|0 fnt\n|faint|p1b: Torkoal\n|-damage|p2b: Kingambit|68/100|[from] item: Life Orb\n|move|p1a: Mawile|Iron Head|p2a: Espathra\n|-damage|p2a: Espathra|10/100\n|-enditem|p2a: Espathra|Sitrus Berry|[eat]\n|-heal|p2a: Espathra|35/100|[from] item: Sitrus Berry\n|move|p2a: Espathra|Calm Mind|p2a: Espathra\n|-boost|p2a: Espathra|spa|1\n|-boost|p2a: Espathra|spd|1\n|\n|-weather|SunnyDay|[upkeep]\n|-ability|p2a: Espathra|Speed Boost|boost\n|-boost|p2a: Espathra|spe|1\n|upkeep\n|\n|t:|1788446807\n|switch|p1b: Farigiraf|Farigiraf, L50, M|100/100\n|turn|5\n|\n|t:|1788446824\n|move|p1b: Farigiraf|Helping Hand|p1a: Mawile\n|-singleturn|p1a: Mawile|Helping Hand|[of] p1b: Farigiraf\n|move|p2a: Espathra|Protect|p2a: Espathra\n|-singleturn|p2a: Espathra|Protect\n|move|p2b: Kingambit|Kowtow Cleave|p1b: Farigiraf\n|-supereffective|p1b: Farigiraf|1\n|-damage|p1b: Farigiraf|0 fnt\n|faint|p1b: Farigiraf\n|-damage|p2b: Kingambit|58/100|[from] item: Life Orb\n|move|p1a: Mawile|Play Rough|p2b: Kingambit|[miss]\n|-miss|p1a: Mawile|p2b: Kingambit\n|\n|-weather|SunnyDay|[upkeep]\n|-fieldend|move: Trick Room\n|-ability|p2a: Espathra|Speed Boost|boost\n|-boost|p2a: Espathra|spe|1\n|upkeep\n|turn|6\n|-message|zmchih forfeited.\n|\n|win|Zapdos79\n|raw|zmchih's rating: 1148 &rarr; <strong>1125</strong><br />(-23 for losing)\n|raw|Zapdos79's rating: 1174 &rarr; <strong>1197</strong><br />(+23 for winning)\n|l|☆zmchih\n|player|p1|\n|c|☆Zapdos79|gg\n","uploadtime":1788446839,"views":"0","formatid":"gen9championsvgc2026regmb","rating":1125,"private":0,"password":null}