{"id":"gen9championsvgc2026regmb-2674254565","format":"[Gen 9 Champions] VGC 2026 Reg M-B","players":["PandAA0101","Thornlace48812"],"log":"|j|☆PandAA0101\n|j|☆Thornlace48812\n|t:|1788324313\n|gametype|doubles\n|player|p1|PandAA0101|youngster-gen4dp|1000\n|player|p2|Thornlace48812|1|1097\n|gen|9\n|tier|[Gen 9 Champions] VGC 2026 Reg M-B\n|rated|\n|rule|Species Clause: Limit one of each Pokémon\n|rule|Item Clause: Limit 1 of each item\n|clearpoke\n|poke|p1|Torkoal, L50, F|\n|poke|p1|Farigiraf, L50, M|\n|poke|p1|Garchomp, L50, M|\n|poke|p1|Azumarill, L50, F|\n|poke|p1|Incineroar, L50, M|\n|poke|p1|Tyranitar, L50, F|\n|poke|p2|Garchomp, L50, F|\n|poke|p2|Charizard, L50, M|\n|poke|p2|Whimsicott, L50, F|\n|poke|p2|Sylveon, L50, F|\n|poke|p2|Kingambit, L50, M|\n|poke|p2|Basculegion, L50, M|\n|teampreview|4\n|inactive|Battle timer is ON: inactive players will automatically lose when time's up. (requested by Thornlace48812)\nThornlace48812 rejected open team sheets.\n|\n|t:|1788324328\n|teamsize|p1|4\n|teamsize|p2|4\n|start\n|switch|p1a: Farigiraf|Farigiraf, L50, M|100/100\n|switch|p1b: Incineroar|Incineroar, L50, M|100/100\n|switch|p2a: Whimsicott|Whimsicott, L50, F|100/100\n|switch|p2b: Charizard|Charizard, L50, M|100/100\n|-ability|p1b: Incineroar|Intimidate|boost\n|-unboost|p2a: Whimsicott|atk|1\n|-unboost|p2b: Charizard|atk|1\n|turn|1\n|\n|t:|1788324334\n|switch|p2a: Sylveon|Sylveon, L50, F|100/100\n|detailschange|p2b: Charizard|Charizard-Mega-Y, L50, M\n|-mega|p2b: Charizard|Charizard|Charizardite Y\n|-weather|SunnyDay|[from] ability: Drought|[of] p2b: Charizard\n|move|p1b: Incineroar|Fake Out|p2a: Sylveon\n|-damage|p2a: Sylveon|85/100\n|move|p2b: Charizard|Heat Wave|p1a: Farigiraf|[spread] p1a,p1b\n|-resisted|p1b: Incineroar|1\n|-damage|p1a: Farigiraf|11/100\n|-damage|p1b: Incineroar|66/100\n|-status|p1a: Farigiraf|brn\n|-enditem|p1a: Farigiraf|Sitrus Berry|[eat]\n|-heal|p1a: Farigiraf|36/100 brn|[from] item: Sitrus Berry\n|move|p1a: Farigiraf|Trick Room|p1a: Farigiraf\n|-fieldstart|move: Trick Room|[of] p1a: Farigiraf\n|\n|-weather|SunnyDay|[upkeep]\n|-damage|p1a: Farigiraf|30/100 brn|[from] brn\n|upkeep\n|turn|2\n|\n|t:|1788324355\n|move|p1a: Farigiraf|Protect|p1a: Farigiraf\n|-singleturn|p1a: Farigiraf|Protect\n|move|p2b: Charizard|Protect|p2b: Charizard\n|-singleturn|p2b: Charizard|Protect\n|move|p1b: Incineroar|Parting Shot|p2b: Charizard\n|-activate|p2b: Charizard|move: Protect\n|move|p2a: Sylveon|Hyper Voice|p1a: Farigiraf|[spread] p1b\n|-activate|p1a: Farigiraf|move: Protect\n|-damage|p1b: Incineroar|10/100\n|\n|-weather|SunnyDay|[upkeep]\n|-damage|p1a: Farigiraf|24/100 brn|[from] brn\n|upkeep\n|turn|3\n|\n|t:|1788324372\n|move|p1a: Farigiraf|Psychic|p2a: Sylveon\n|-damage|p2a: Sylveon|59/100\n|move|p1b: Incineroar|Flare Blitz|p2a: Sylveon\n|-damage|p2a: Sylveon|0 fnt\n|faint|p2a: Sylveon\n|-damage|p1b: Incineroar|0 fnt|[from] Recoil\n|faint|p1b: Incineroar\n|move|p2b: Charizard|Heat Wave|p1a: Farigiraf\n|-damage|p1a: Farigiraf|0 fnt\n|faint|p1a: Farigiraf\n|\n|-weather|SunnyDay|[upkeep]\n|upkeep\n|\n|t:|1788324374\n|switch|p1a: Tyranitar|Tyranitar, L50, F|100/100\n|switch|p1b: Torkoal|Torkoal, L50, F|100/100\n|switch|p2a: Whimsicott|Whimsicott, L50, F|100/100\n|-weather|Sandstorm|[from] ability: Sand Stream|[of] p1a: Tyranitar\n|turn|4\n|\n|t:|1788324377\n|move|p2b: Charizard|Protect|p2b: Charizard\n|-singleturn|p2b: Charizard|Protect\n|move|p2a: Whimsicott|Tailwind|p2a: Whimsicott\n|-sidestart|p2: Thornlace48812|move: Tailwind\n|move|p1b: Torkoal|Body Press|p2a: Whimsicott\n|-resisted|p2a: Whimsicott|1\n|-damage|p2a: Whimsicott|79/100\n|move|p1a: Tyranitar|Rock Slide|p2b: Charizard|[spread] p2a\n|-activate|p2b: Charizard|move: Protect\n|-damage|p2a: Whimsicott|43/100\n|\n|-weather|Sandstorm|[upkeep]\n|-damage|p1b: Torkoal|93/100|[from] Sandstorm\n|-damage|p2b: Charizard|94/100|[from] Sandstorm\n|-damage|p2a: Whimsicott|37/100|[from] Sandstorm\n|upkeep\n|turn|5\n|\n|t:|1788324379\n|move|p1b: Torkoal|Burning Jealousy|p2b: Charizard|[spread] p2a,p2b\n|-supereffective|p2a: Whimsicott|1\n|-resisted|p2b: Charizard|1\n|-damage|p2a: Whimsicott|0 fnt\n|-damage|p2b: Charizard|85/100\n|faint|p2a: Whimsicott\n|move|p1a: Tyranitar|Rock Slide|p2b: Charizard\n|-supereffective|p2b: Charizard|2\n|-damage|p2b: Charizard|0 fnt\n|faint|p2b: Charizard\n|\n|-weather|Sandstorm|[upkeep]\n|-damage|p1b: Torkoal|87/100|[from] Sandstorm\n|-fieldend|move: Trick Room\n|upkeep\n|\n|t:|1788324379\n|switch|p2a: Basculegion|Basculegion, L50, M|100/100\n|turn|6\n|\n|t:|1788324392\n|detailschange|p1a: Tyranitar|Tyranitar-Mega, L50, F\n|-mega|p1a: Tyranitar|Tyranitar|Tyranitarite\n|move|p2a: Basculegion|Last Respects|p1a: Tyranitar\n|-resisted|p1a: Tyranitar|1\n|-damage|p1a: Tyranitar|54/100\n|move|p1a: Tyranitar|Knock Off|p2a: Basculegion\n|-supereffective|p2a: Basculegion|1\n|-damage|p2a: Basculegion|0 fnt\n|-enditem|p2a: Basculegion|Mystic Water|[from] move: Knock Off|[of] p1a: Tyranitar\n|faint|p2a: Basculegion\n|\n|win|PandAA0101\n|raw|PandAA0101's rating: 1000 &rarr; <strong>1051</strong><br />(+51 for winning)\n|raw|Thornlace48812's rating: 1097 &rarr; <strong>1066</strong><br />(-31 for losing)\n","uploadtime":1788324392,"views":"1","formatid":"gen9championsvgc2026regmb","rating":1051,"private":0,"password":null}