{"id":"gen9championsvgc2026regmb-2674198633","format":"[Gen 9 Champions] VGC 2026 Reg M-B","players":["hostompa","clootemkin"],"log":"|j|☆hostompa\n|j|☆clootemkin\n|html|<table width=\"100%\"><tr><td align=\"left\">hostompa</td><td align=\"right\">clootemkin</tr><tr><td align=\"left\"><i class=\"fa fa-circle\"></i> <i class=\"fa fa-circle-o\"></i> </td><td align=\"right\"><i class=\"fa fa-circle-o\"></i> <i class=\"fa fa-circle-o\"></i> </tr></table>\n|uhtml|bestof|<h2><strong>Game 2</strong> of <a href=\"/game-bestof3-gen9championsvgc2026regmb-2674196711\">a best-of-3</a></h2>\n|t:|1788314138\n|gametype|doubles\n|player|p1|hostompa|doctor-gen8|\n|player|p2|clootemkin|lady-gen4|\n|gen|9\n|tier|[Gen 9 Champions] VGC 2026 Reg M-B\n|rule|Species Clause: Limit one of each Pokémon\n|rule|Item Clause: Limit 1 of each item\n|raw|<div class=\"infobox\"><details class=\"readmore\" open><summary><strong>1 custom rule:</strong></summary> Best of = 3</details></div>\n|clearpoke\n|poke|p1|Blastoise, L50, M|\n|poke|p1|Garchomp, L50, F|\n|poke|p1|Maushold, L50|\n|poke|p1|Annihilape, L50, F|\n|poke|p1|Vanilluxe, L50, M|\n|poke|p1|Talonflame, L50, M|\n|poke|p2|Staraptor, L50, F, shiny|\n|poke|p2|Heliolisk, L50, F, shiny|\n|poke|p2|Empoleon, L50, M|\n|poke|p2|Garchomp, L50, M|\n|poke|p2|Hatterene, L50, F, shiny|\n|poke|p2|Tyranitar, L50, M, shiny|\n|teampreview|4\nclootemkin rejected open team sheets.\n|j| PorygonTheBot\n|c| PorygonTheBot|y'all suck\n|c|☆clootemkin|be nice porygon\n|\n|t:|1788314202\n|teamsize|p1|4\n|teamsize|p2|4\n|start\n|switch|p1a: Blastoise|Blastoise, L50, M|100/100\n|switch|p1b: Maushold|Maushold, L50|100/100\n|switch|p2a: Da Biggest|Tyranitar, L50, M, shiny|100/100\n|switch|p2b: Aaooowm|Garchomp, L50, M|100/100\n|-weather|Sandstorm|[from] ability: Sand Stream|[of] p2a: Da Biggest\n|turn|1\n|\n|t:|1788314262\n|detailschange|p1a: Blastoise|Blastoise-Mega, L50, M\n|-mega|p1a: Blastoise|Blastoise|Blastoisinite\n|detailschange|p2a: Da Biggest|Tyranitar-Mega, L50, M, shiny\n|-mega|p2a: Da Biggest|Tyranitar|Tyranitarite\n|move|p1b: Maushold|Follow Me|p1b: Maushold\n|-singleturn|p1b: Maushold|move: Follow Me\n|move|p2b: Aaooowm|Rock Slide|p1b: Maushold|[spread] p1a,p1b\n|-damage|p1a: Blastoise|83/100\n|-damage|p1b: Maushold|74/100\n|move|p1a: Blastoise|Shell Smash|p1a: Blastoise\n|-unboost|p1a: Blastoise|def|1\n|-unboost|p1a: Blastoise|spd|1\n|-boost|p1a: Blastoise|atk|2\n|-boost|p1a: Blastoise|spa|2\n|-boost|p1a: Blastoise|spe|2\n|move|p2a: Da Biggest|Dragon Dance|p2a: Da Biggest\n|-boost|p2a: Da Biggest|atk|1\n|-boost|p2a: Da Biggest|spe|1\n|\n|-weather|Sandstorm|[upkeep]\n|-damage|p1a: Blastoise|78/100|[from] Sandstorm\n|-damage|p1b: Maushold|67/100|[from] Sandstorm\n|upkeep\n|turn|2\n|c|☆hostompa|im sorry little one\n|c|☆clootemkin|im scared\n|\n|t:|1788314311\n|move|p1b: Maushold|Follow Me|p1b: Maushold\n|-singleturn|p1b: Maushold|move: Follow Me\n|move|p1a: Blastoise|Aura Sphere|p2a: Da Biggest\n|-supereffective|p2a: Da Biggest|2\n|-damage|p2a: Da Biggest|0 fnt\n|faint|p2a: Da Biggest\n|move|p2b: Aaooowm|Rock Slide|p1b: Maushold|[spread] p1a,p1b\n|-damage|p1a: Blastoise|54/100\n|-damage|p1b: Maushold|37/100\n|-enditem|p1b: Maushold|Sitrus Berry|[eat]\n|-heal|p1b: Maushold|62/100|[from] item: Sitrus Berry\n|\n|-weather|Sandstorm|[upkeep]\n|-damage|p1a: Blastoise|48/100|[from] Sandstorm\n|-damage|p1b: Maushold|56/100|[from] Sandstorm\n|upkeep\n|\n|t:|1788314330\n|switch|p2a: Ye Shungus|Hatterene, L50, F, shiny|100/100\n|turn|3\n|\n|t:|1788314364\n|move|p1b: Maushold|Helping Hand|p1a: Blastoise\n|-singleturn|p1a: Blastoise|Helping Hand|[of] p1b: Maushold\n|move|p1a: Blastoise|Flash Cannon|p2a: Ye Shungus\n|-supereffective|p2a: Ye Shungus|1\n|-damage|p2a: Ye Shungus|0 fnt\n|faint|p2a: Ye Shungus\n|move|p2b: Aaooowm|Rock Slide|p1a: Blastoise|[spread] p1a,p1b\n|-damage|p1a: Blastoise|25/100\n|-damage|p1b: Maushold|27/100\n|\n|-weather|Sandstorm|[upkeep]\n|-damage|p1a: Blastoise|19/100|[from] Sandstorm\n|-damage|p1b: Maushold|21/100|[from] Sandstorm\n|upkeep\n|\n|t:|1788314374\n|switch|p2a: they call me bird|Staraptor, L50, F, shiny|100/100\n|turn|4\n|\n|t:|1788314390\n|move|p1b: Maushold|Helping Hand|p1a: Blastoise\n|-singleturn|p1a: Blastoise|Helping Hand|[of] p1b: Maushold\n|move|p1a: Blastoise|Aura Sphere|p2b: Aaooowm\n|-damage|p2b: Aaooowm|0 fnt\n|faint|p2b: Aaooowm\n|move|p2a: they call me bird|Tailwind|p2a: they call me bird\n|-sidestart|p2: clootemkin|move: Tailwind\n|\n|-weather|Sandstorm|[upkeep]\n|-damage|p1a: Blastoise|13/100|[from] Sandstorm\n|-damage|p2a: they call me bird|93/100|[from] Sandstorm\n|-damage|p1b: Maushold|15/100|[from] Sandstorm\n|upkeep\n|turn|5\n|c|☆clootemkin|this is about what i expected\n|\n|t:|1788314405\n|switch|p1a: Vanilluxe|Vanilluxe, L50, M|100/100\n|-weather|Snowscape|[from] ability: Snow Warning|[of] p1a: Vanilluxe\n|move|p1b: Maushold|Protect|p1b: Maushold\n|-singleturn|p1b: Maushold|Protect\n|move|p2a: they call me bird|Close Combat|p1a: Vanilluxe\n|-supereffective|p1a: Vanilluxe|1\n|-damage|p1a: Vanilluxe|37/100\n|-unboost|p2a: they call me bird|def|1\n|-unboost|p2a: they call me bird|spd|1\n|\n|-weather|Snowscape|[upkeep]\n|upkeep\n|turn|6\n|\n|t:|1788314419\n|move|p1b: Maushold|Follow Me|p1b: Maushold\n|-singleturn|p1b: Maushold|move: Follow Me\n|move|p2a: they call me bird|Close Combat|p1b: Maushold\n|-supereffective|p1b: Maushold|1\n|-damage|p1b: Maushold|0 fnt\n|-unboost|p2a: they call me bird|def|1\n|-unboost|p2a: they call me bird|spd|1\n|faint|p1b: Maushold\n|move|p1a: Vanilluxe|Blizzard|p2a: they call me bird\n|-supereffective|p2a: they call me bird|1\n|-damage|p2a: they call me bird|0 fnt\n|faint|p2a: they call me bird\n|\n|win|hostompa\n","uploadtime":1788314419,"views":"16","formatid":"gen9championsvgc2026regmb","rating":null,"private":0,"password":null}