{"id":"gen9championsvgc2026regmbbo3-2673311243","format":"[Gen 9 Champions] VGC 2026 Reg M-B (Bo3)","players":["humania1","Prof. Bush"],"log":"|j|☆humania1\n|j|☆Prof. Bush\n|html|<table width=\"100%\"><tr><td align=\"left\">humania1</td><td align=\"right\">Prof. Bush</tr><tr><td align=\"left\"><i class=\"fa fa-circle\"></i> <i class=\"fa fa-circle-o\"></i> </td><td align=\"right\"><i class=\"fa fa-circle-o\"></i> <i class=\"fa fa-circle-o\"></i> </tr></table>\n|uhtml|bestof|<h2><strong>Game 2</strong> of <a href=\"/game-bestof3-gen9championsvgc2026regmbbo3-2673310056\">a best-of-3</a></h2>\n|t:|1788181474\n|gametype|doubles\n|player|p1|humania1|170|1014\n|player|p2|Prof. Bush|li|1084\n|gen|9\n|tier|[Gen 9 Champions] VGC 2026 Reg M-B (Bo3)\n|rated|\n|rule|Species Clause: Limit one of each Pokémon\n|rule|Item Clause: Limit 1 of each item\n|clearpoke\n|poke|p1|Blastoise, L50, M|\n|poke|p1|Delphox, L50, F, shiny|\n|poke|p1|Incineroar, L50, F|\n|poke|p1|Sinistcha, L50|\n|poke|p1|Sneasler, L50, F|\n|poke|p1|Vivillon, L50, M|\n|poke|p2|Gardevoir, L50, F|\n|poke|p2|Krookodile, L50, F|\n|poke|p2|Talonflame, L50, M|\n|poke|p2|Gholdengo, L50|\n|poke|p2|Rotom-Wash, L50|\n|poke|p2|Sneasler, L50, M|\n|teampreview|4\n|showteam|p1|Blastoise||Blastoisinite|Torrent|Protect,ShellSmash,WaterSpout,DarkPulse|Modest||M|||50|]Delphox||Delphoxite|Blaze|Protect,HeatWave,Psyshock,NastyPlot|Timid||F|||50|]Incineroar||PasshoBerry|Intimidate|FakeOut,PartingShot,FlareBlitz,ThroatChop|Impish||F|||50|]Sinistcha||SitrusBerry|Hospitality|Protect,MatchaGotcha,TrickRoom,RagePowder|Bold|||||50|]Sneasler||FocusSash|PoisonTouch|QuickGuard,FakeOut,CloseCombat,DireClaw|Jolly||F|||50|]Vivillon||ChoiceScarf|CompoundEyes|Hurricane,SleepPowder,RagePowder,Uturn|Timid||M|||50|\n|showteam|p2|Gardevoir||Gardevoirite|Synchronize|HyperVoice,TrickRoom,Psyshock,Protect|Quiet||F|||50|]Krookodile||RoseliBerry|Intimidate|KnockOff,HighHorsepower,RockSlide,Protect|Brave||F|||50|]Talonflame||SharpBeak|GaleWings|Tailwind,WillOWisp,BraveBird,FlareBlitz|Jolly||M|||50|]Gholdengo||LifeOrb|GoodasGold|MakeItRain,ShadowBall,NastyPlot,Protect|Modest|||||50|]Rotom-Wash||SitrusBerry|Levitate|WillOWisp,VoltSwitch,HydroPump,Thunderbolt|Modest|||||50|]Sneasler||FocusSash|PoisonTouch|FakeOut,CloseCombat,DireClaw,Protect|Adamant||M|||50|\n|inactive|Battle timer is ON: inactive players will automatically lose when time's up. (requested by humania1)\n|inactive|Prof. Bush also wants the timer to be on.\n|inactive|Prof. Bush has 60 seconds left.\n|\n|t:|1788181510\n|teamsize|p1|4\n|teamsize|p2|4\n|start\n|switch|p1a: Blastoise|Blastoise, L50, M|100/100\n|switch|p1b: Delphox|Delphox, L50, F, shiny|100/100\n|switch|p2a: Sneasler|Sneasler, L50, M|100/100\n|switch|p2b: Krookodile|Krookodile, L50, F|100/100\n|-ability|p2b: Krookodile|Intimidate|boost\n|-unboost|p1a: Blastoise|atk|1\n|-unboost|p1b: Delphox|atk|1\n|turn|1\n|\n|t:|1788181523\n|move|p2a: Sneasler|Fake Out|p1a: Blastoise\n|-damage|p1a: Blastoise|82/100\n|move|p1b: Delphox|Psyshock|p2a: Sneasler\n|-supereffective|p2a: Sneasler|2\n|-enditem|p2a: Sneasler|Focus Sash\n|-damage|p2a: Sneasler|1/100\n|cant|p1a: Blastoise|flinch\n|move|p2b: Krookodile|Rock Slide|p1a: Blastoise|[spread] p1a,p1b\n|-supereffective|p1b: Delphox|1\n|-damage|p1a: Blastoise|59/100\n|-damage|p1b: Delphox|37/100\n|\n|upkeep\n|turn|2\n|\n|t:|1788181542\n|move|p2a: Sneasler|Dire Claw|p1b: Delphox\n|-damage|p1b: Delphox|0 fnt\n|faint|p1b: Delphox\n|move|p1a: Blastoise|Water Spout|p2b: Krookodile|[spread] p2a,p2b\n|-supereffective|p2b: Krookodile|1\n|-damage|p2a: Sneasler|0 fnt\n|-damage|p2b: Krookodile|37/100\n|faint|p2a: Sneasler\n|move|p2b: Krookodile|High Horsepower|p1a: Blastoise\n|-damage|p1a: Blastoise|0 fnt\n|faint|p1a: Blastoise\n|\n|upkeep\n|\n|t:|1788181549\n|switch|p2a: Talonflame|Talonflame, L50, M|100/100\n|switch|p1b: Incineroar|Incineroar, L50, F|100/100\n|switch|p1a: Sinistcha|Sinistcha, L50|100/100\n|-ability|p1b: Incineroar|Intimidate|boost\n|-unboost|p2a: Talonflame|atk|1\n|-unboost|p2b: Krookodile|atk|1\n|turn|3\n|\n|t:|1788181569\n|switch|p2a: Gardevoir|Gardevoir, L50, F|100/100\n|move|p1b: Incineroar|Flare Blitz|p2b: Krookodile\n|-damage|p2b: Krookodile|0 fnt\n|faint|p2b: Krookodile\n|-damage|p1b: Incineroar|87/100|[from] Recoil\n|move|p1a: Sinistcha|Trick Room|p1a: Sinistcha\n|-fieldstart|move: Trick Room|[of] p1a: Sinistcha\n|\n|upkeep\n|\n|t:|1788181573\n|switch|p2b: Talonflame|Talonflame, L50, M|100/100\n|turn|4\n|\n|t:|1788181596\n|detailschange|p2a: Gardevoir|Gardevoir-Mega, L50, F\n|-mega|p2a: Gardevoir|Gardevoir|Gardevoirite\n|move|p2b: Talonflame|Brave Bird|p1a: Sinistcha\n|-supereffective|p1a: Sinistcha|1\n|-damage|p1a: Sinistcha|1/100\n|-enditem|p1a: Sinistcha|Sitrus Berry|[eat]\n|-heal|p1a: Sinistcha|26/100|[from] item: Sitrus Berry\n|-damage|p2b: Talonflame|63/100|[from] Recoil\n|move|p1a: Sinistcha|Matcha Gotcha|p2a: Gardevoir|[spread] p2a,p2b\n|-resisted|p2b: Talonflame|2\n|-damage|p2a: Gardevoir|81/100\n|-heal|p1a: Sinistcha|35/100|[from] drain|[of] p2a: Gardevoir\n|-damage|p2b: Talonflame|54/100\n|-heal|p1a: Sinistcha|39/100|[from] drain|[of] p2b: Talonflame\n|-status|p2a: Gardevoir|brn\n|move|p1b: Incineroar|Flare Blitz|p2a: Gardevoir\n|-damage|p2a: Gardevoir|18/100 brn\n|-damage|p1b: Incineroar|69/100|[from] Recoil\n|move|p2a: Gardevoir|Trick Room|p2a: Gardevoir\n|-fieldend|move: Trick Room\n|\n|-damage|p2a: Gardevoir|13/100 brn|[from] brn\n|upkeep\n|turn|5\n|\n|t:|1788181617\n|move|p2b: Talonflame|Brave Bird|p1b: Incineroar\n|-damage|p1b: Incineroar|23/100\n|-damage|p2b: Talonflame|34/100|[from] Recoil\n|move|p2a: Gardevoir|Hyper Voice|p1b: Incineroar|[spread] p1a,p1b\n|-damage|p1a: Sinistcha|0 fnt\n|-damage|p1b: Incineroar|0 fnt\n|faint|p1a: Sinistcha\n|faint|p1b: Incineroar\n|\n|win|Prof. Bush\n","uploadtime":1788181617,"views":"3","formatid":"gen9championsvgc2026regmbbo3","rating":null,"private":0,"password":null}