{"id":"gen9championsvgc2026regmbbo3-2674883740","format":"[Gen 9 Champions] VGC 2026 Reg M-B (Bo3)","players":["OlympiaBmore2027","Jorge Saltamontes"],"log":"|j|☆OlympiaBmore2027\n|j|☆Jorge Saltamontes\n|html|<table width=\"100%\"><tr><td align=\"left\">OlympiaBmore2027</td><td align=\"right\">Jorge Saltamontes</tr><tr><td align=\"left\"><i class=\"fa fa-circle-o\"></i> <i class=\"fa fa-circle-o\"></i> </td><td align=\"right\"><i class=\"fa fa-circle-o\"></i> <i class=\"fa fa-circle\"></i> </tr></table>\n|uhtml|bestof|<h2><strong>Game 2</strong> of <a href=\"/game-bestof3-gen9championsvgc2026regmbbo3-2674882951\">a best-of-3</a></h2>\n|t:|1788428672\n|gametype|doubles\n|player|p1|OlympiaBmore2027|dahlia|1248\n|player|p2|Jorge Saltamontes|marshal|1474\n|gen|9\n|tier|[Gen 9 Champions] VGC 2026 Reg M-B (Bo3)\n|rated|\n|rule|Species Clause: Limit one of each Pokémon\n|rule|Item Clause: Limit 1 of each item\n|clearpoke\n|poke|p1|Mawile, L50, F|\n|poke|p1|Incineroar, L50, M|\n|poke|p1|Goodra, L50, F|\n|poke|p1|Farigiraf, L50, F|\n|poke|p1|Overqwil, L50, M|\n|poke|p1|Pelipper, L50, F|\n|poke|p2|Charizard, L50, F|\n|poke|p2|Garchomp, L50, F|\n|poke|p2|Incineroar, L50, M|\n|poke|p2|Venusaur, L50, M|\n|poke|p2|Toxapex, L50, F|\n|poke|p2|Sylveon, L50, M|\n|teampreview|4\n|showteam|p1|Mawile||Mawilite|HyperCutter|RockSlide,PlayRough,SuckerPunch,Protect|Adamant||F|||50|]Incineroar||PasshoBerry|Intimidate|FakeOut,PartingShot,FlareBlitz,Taunt|Adamant||M|||50|]Goodra||DragonFang|SapSipper|DracoMeteor,DragonPulse,Flamethrower,Protect|Modest||F|||50|]Farigiraf||ColburBerry|ArmorTail|TrickRoom,PsychicFangs,LowKick,HelpingHand|Brave||F|||50|]Overqwil||LifeOrb|SwiftSwim|ThroatChop,GunkShot,Liquidation,Protect|Adamant||M|||50|]Pelipper||SitrusBerry|Drizzle|WeatherBall,Hurricane,Tailwind,WideGuard|Modest||F|||50|\n|showteam|p2|Charizard||CharizarditeY|Blaze|WeatherBall,HeatWave,AncientPower,Protect|Modest||F|||50|]Garchomp||ChoiceScarf|RoughSkin|RockSlide,DragonClaw,Earthquake,StompingTantrum|Adamant||F|||50|]Incineroar||SitrusBerry|Intimidate|FlareBlitz,FakeOut,DarkestLariat,PartingShot|Impish||M|||50|]Venusaur||FocusSash|Chlorophyll|SludgeBomb,SleepPowder,EarthPower,Protect|Modest||M|||50|]Toxapex||Leftovers|Regenerator|Infestation,Toxic,WideGuard,BanefulBunker|Bold||F|||50|]Sylveon||FairyFeather|Pixilate|HyperVoice,QuickAttack,Yawn,Detect|Modest||M|||50|\n|\n|t:|1788428693\n|teamsize|p1|4\n|teamsize|p2|4\n|start\n|switch|p1a: Incineroar|Incineroar, L50, M|100/100\n|switch|p1b: Mawile|Mawile, L50, F|100/100\n|switch|p2a: Toxapex|Toxapex, L50, F|100/100\n|switch|p2b: Sylveon|Sylveon, L50, M|100/100\n|-ability|p1a: Incineroar|Intimidate|boost\n|-unboost|p2a: Toxapex|atk|1\n|-unboost|p2b: Sylveon|atk|1\n|turn|1\n|\n|t:|1788428716\n|detailschange|p1b: Mawile|Mawile-Mega, L50, F\n|-mega|p1b: Mawile|Mawile|Mawilite\n|move|p2b: Sylveon|Detect|p2b: Sylveon\n|-singleturn|p2b: Sylveon|Protect\n|move|p1a: Incineroar|Taunt|p2b: Sylveon\n|-activate|p2b: Sylveon|move: Protect\n|move|p1b: Mawile|Play Rough|p2b: Sylveon\n|-activate|p2b: Sylveon|move: Protect\n|move|p2a: Toxapex|Infestation|p1b: Mawile\n|-resisted|p1b: Mawile|2\n|-damage|p1b: Mawile|99/100\n|-activate|p1b: Mawile|move: Infestation|[of] p2a: Toxapex\n|\n|-damage|p1b: Mawile|87/100|[from] move: Infestation|[partiallytrapped]\n|upkeep\n|turn|2\n|\n|t:|1788428733\n|move|p1a: Incineroar|Flare Blitz|p2b: Sylveon\n|-damage|p2b: Sylveon|47/100\n|-damage|p1a: Incineroar|83/100|[from] Recoil\n|move|p1b: Mawile|Play Rough|p2b: Sylveon\n|-damage|p2b: Sylveon|0 fnt\n|faint|p2b: Sylveon\n|move|p2a: Toxapex|Toxic|p1a: Incineroar\n|-status|p1a: Incineroar|tox\n|\n|-damage|p1a: Incineroar|77/100 tox|[from] psn\n|-damage|p1b: Mawile|75/100|[from] move: Infestation|[partiallytrapped]\n|upkeep\n|\n|t:|1788428745\n|switch|p2b: Garchomp|Garchomp, L50, F|100/100\n|turn|3\n|\n|t:|1788428752\n|switch|p1a: Pelipper|Pelipper, L50, F|100/100\n|-weather|RainDance|[from] ability: Drizzle|[of] p1a: Pelipper\n|move|p1b: Mawile|Protect|p1b: Mawile\n|-singleturn|p1b: Mawile|Protect\n|move|p2a: Toxapex|Baneful Bunker|p2a: Toxapex\n|-singleturn|p2a: Toxapex|move: Protect\n|move|p2b: Garchomp|Earthquake|p1b: Mawile|[spread] \n|-activate|p2a: Toxapex|move: Protect\n|-activate|p1b: Mawile|move: Protect\n|-immune|p1a: Pelipper\n|\n|-weather|RainDance|[upkeep]\n|-damage|p1b: Mawile|63/100|[from] move: Infestation|[partiallytrapped]\n|upkeep\n|turn|4\n|\n|t:|1788428771\n|switch|p2b: Charizard|Charizard, L50, F|100/100\n|move|p1a: Pelipper|Weather Ball|p2b: Charizard\n|-supereffective|p2b: Charizard|1\n|-damage|p2b: Charizard|0 fnt\n|faint|p2b: Charizard\n|move|p1b: Mawile|Play Rough|p2a: Toxapex\n|-resisted|p2a: Toxapex|1\n|-damage|p2a: Toxapex|75/100\n|move|p2a: Toxapex|Infestation|p1a: Pelipper\n|-resisted|p1a: Pelipper|1\n|-crit|p1a: Pelipper\n|-damage|p1a: Pelipper|97/100\n|-activate|p1a: Pelipper|move: Infestation|[of] p2a: Toxapex\n|\n|-weather|RainDance|[upkeep]\n|-heal|p2a: Toxapex|80/100|[from] item: Leftovers\n|-damage|p1a: Pelipper|85/100|[from] move: Infestation|[partiallytrapped]\n|-damage|p1b: Mawile|51/100|[from] move: Infestation|[partiallytrapped]\n|upkeep\n|\n|t:|1788428776\n|switch|p2b: Garchomp|Garchomp, L50, F|100/100\n|turn|5\n|\n|t:|1788428782\n|move|p1b: Mawile|Sucker Punch|p2b: Garchomp\n|-damage|p2b: Garchomp|57/100\n|-damage|p1b: Mawile|39/100|[from] ability: Rough Skin|[of] p2b: Garchomp\n|move|p2b: Garchomp|Stomping Tantrum|p1b: Mawile\n|-supereffective|p1b: Mawile|1\n|-damage|p1b: Mawile|0 fnt\n|faint|p1b: Mawile\n|move|p1a: Pelipper|Weather Ball|p2b: Garchomp\n|-damage|p2b: Garchomp|0 fnt\n|faint|p2b: Garchomp\n|move|p2a: Toxapex|Toxic|p1a: Pelipper\n|-status|p1a: Pelipper|tox\n|\n|-weather|RainDance|[upkeep]\n|-heal|p2a: Toxapex|86/100|[from] item: Leftovers\n|-damage|p1a: Pelipper|79/100 tox|[from] psn\n|-damage|p1a: Pelipper|67/100 tox|[from] move: Infestation|[partiallytrapped]\n|upkeep\n|\n|t:|1788428785\n|switch|p1b: Incineroar|Incineroar, L50, M|77/100 tox\n|-ability|p1b: Incineroar|Intimidate|boost\n|-unboost|p2a: Toxapex|atk|1\n|turn|6\n|\n|t:|1788428794\n|move|p2a: Toxapex|Baneful Bunker|p2a: Toxapex\n|-singleturn|p2a: Toxapex|move: Protect\n|move|p1b: Incineroar|Fake Out|p2a: Toxapex\n|-activate|p2a: Toxapex|move: Protect\n|move|p1a: Pelipper|Hurricane|p2a: Toxapex\n|-activate|p2a: Toxapex|move: Protect\n|\n|-weather|RainDance|[upkeep]\n|-heal|p2a: Toxapex|92/100|[from] item: Leftovers\n|-damage|p1b: Incineroar|71/100 tox|[from] psn\n|-damage|p1a: Pelipper|54/100 tox|[from] psn\n|-damage|p1a: Pelipper|42/100 tox|[from] move: Infestation|[partiallytrapped]\n|upkeep\n|-enditem|p1a: Pelipper|Sitrus Berry|[eat]\n|-heal|p1a: Pelipper|67/100 tox|[from] item: Sitrus Berry\n|turn|7\n|\n|t:|1788428810\n|move|p1a: Pelipper|Hurricane|p2a: Toxapex\n|-damage|p2a: Toxapex|59/100\n|move|p1b: Incineroar|Taunt|p2a: Toxapex\n|-start|p2a: Toxapex|move: Taunt\n|move|p2a: Toxapex|Infestation|p1b: Incineroar\n|-damage|p1b: Incineroar|68/100 tox\n|-activate|p1b: Incineroar|move: Infestation|[of] p2a: Toxapex\n|\n|-weather|none\n|-heal|p2a: Toxapex|64/100|[from] item: Leftovers\n|-damage|p1a: Pelipper|49/100 tox|[from] psn\n|-damage|p1b: Incineroar|56/100 tox|[from] psn\n|-damage|p1a: Pelipper|37/100 tox|[from] move: Infestation|[partiallytrapped]\n|-damage|p1b: Incineroar|44/100 tox|[from] move: Infestation|[partiallytrapped]\n|upkeep\n|turn|8\n|\n|t:|1788428818\n|move|p1b: Incineroar|Parting Shot|p2a: Toxapex\n|-unboost|p2a: Toxapex|atk|1\n|-unboost|p2a: Toxapex|spa|1\n|\n|t:|1788428820\n|switch|p1b: Goodra|Goodra, L50, F|100/100|[from] Parting Shot\n|move|p1a: Pelipper|Hurricane|p2a: Toxapex|[miss]\n|-miss|p1a: Pelipper|p2a: Toxapex\n|move|p2a: Toxapex|Infestation|p1a: Pelipper\n|-resisted|p1a: Pelipper|1\n|-damage|p1a: Pelipper|35/100 tox\n|\n|-heal|p2a: Toxapex|70/100|[from] item: Leftovers\n|-damage|p1a: Pelipper|11/100 tox|[from] psn\n|-end|p1a: Pelipper|Infestation|[partiallytrapped]\n|upkeep\n|turn|9\n|\n|t:|1788428826\n|move|p1b: Goodra|Dragon Pulse|p2a: Toxapex\n|-damage|p2a: Toxapex|34/100\n|move|p1a: Pelipper|Hurricane|p2a: Toxapex\n|-damage|p2a: Toxapex|0 fnt\n|faint|p2a: Toxapex\n|\n|win|OlympiaBmore2027\n","uploadtime":1788428677,"views":"1","formatid":"gen9championsvgc2026regmbbo3","rating":null,"private":0,"password":null}