{"id":"gen9championsvgc2026regmbbo3-2673846299","format":"[Gen 9 Champions] VGC 2026 Reg M-B (Bo3)","players":["benenelius","humania1"],"log":"|j|☆benenelius\n|j|☆humania1\n|html|<table width=\"100%\"><tr><td align=\"left\">benenelius</td><td align=\"right\">humania1</tr><tr><td align=\"left\"><i class=\"fa fa-circle\"></i> <i class=\"fa fa-circle-o\"></i> </td><td align=\"right\"><i class=\"fa fa-circle-o\"></i> <i class=\"fa fa-circle-o\"></i> </tr></table>\n|uhtml|bestof|<h2><strong>Game 2</strong> of <a href=\"/game-bestof3-gen9championsvgc2026regmbbo3-2673844978\">a best-of-3</a></h2>\n|t:|1788267714\n|gametype|doubles\n|player|p1|benenelius|dancer|1142\n|player|p2|humania1|265|1073\n|gen|9\n|tier|[Gen 9 Champions] VGC 2026 Reg M-B (Bo3)\n|rated|\n|rule|Species Clause: Limit one of each Pokémon\n|rule|Item Clause: Limit 1 of each item\n|clearpoke\n|poke|p1|Delphox, L50, M, shiny|\n|poke|p1|Whimsicott, L50, F|\n|poke|p1|Morpeko, L50, F|\n|poke|p1|Annihilape, L50, F|\n|poke|p1|Garchomp, L50, F|\n|poke|p1|Glimmora, L50, F|\n|poke|p2|Blastoise, L50, F|\n|poke|p2|Delphox, L50, M, shiny|\n|poke|p2|Incineroar, L50, F|\n|poke|p2|Sinistcha, L50|\n|poke|p2|Sneasler, L50, M|\n|poke|p2|Vivillon, L50, F|\n|teampreview|4\n|showteam|p1|Delphox||Delphoxite|Blaze|ShadowBall,HeatWave,Psychic,Protect|Timid||M|||50|]Whimsicott||FocusSash|Prankster|Tailwind,HelpingHand,Taunt,Uturn|Timid||F|||50|]Morpeko||LifeOrb|HungerSwitch|AuraWheel,PartingShot,FakeOut,Protect|Jolly||F|||50|]Annihilape||Leftovers|Defiant|RageFist,BulkUp,DrainPunch,Protect|Careful||F|||50|]Garchomp||DragonFang|RoughSkin|DragonClaw,Earthquake,RockSlide,DragonTail|Jolly||F|||50|]Glimmora||ChoiceScarf|Corrosion|PowerGem,EarthPower,SludgeWave,EnergyBall|Modest||F|||50|\n|showteam|p2|Blastoise||Blastoisinite|Torrent|Protect,ShellSmash,WaterSpout,DarkPulse|Modest||F|||50|]Delphox||Delphoxite|Blaze|Protect,HeatWave,Psyshock,NastyPlot|Timid||M|||50|]Incineroar||PasshoBerry|Intimidate|FakeOut,PartingShot,FlareBlitz,ThroatChop|Impish||F|||50|]Sinistcha||SitrusBerry|Hospitality|Protect,MatchaGotcha,TrickRoom,RagePowder|Bold|||||50|]Sneasler||FocusSash|PoisonTouch|QuickGuard,FakeOut,CloseCombat,DireClaw|Jolly||M|||50|]Vivillon||ChoiceScarf|CompoundEyes|Hurricane,SleepPowder,RagePowder,Uturn|Timid||F|||50|\n|inactive|Battle timer is ON: inactive players will automatically lose when time's up. (requested by humania1)\n|j| nosehabladebruno\n|inactive|benenelius has 60 seconds left.\n|\n|t:|1788267759\n|teamsize|p1|4\n|teamsize|p2|4\n|start\n|switch|p1a: Whimsicott|Whimsicott, L50, F|100/100\n|switch|p1b: Morpeko|Morpeko, L50, F|100/100\n|switch|p2a: Incineroar|Incineroar, L50, F|100/100\n|switch|p2b: Sneasler|Sneasler, L50, M|100/100\n|-ability|p2a: Incineroar|Intimidate|boost\n|-unboost|p1a: Whimsicott|atk|1\n|-unboost|p1b: Morpeko|atk|1\n|turn|1\n|inactive|benenelius has 30 seconds left.\n|inactive|humania1 has 30 seconds left.\n|inactive|benenelius has 20 seconds left.\n|inactive|humania1 has 20 seconds left.\n|inactive|humania1 has 15 seconds left.\n|inactive|humania1 has 10 seconds left.\n|\n|t:|1788267805\n|move|p1b: Morpeko|Fake Out|p2b: Sneasler\n|-damage|p2b: Sneasler|82/100\n|-damage|p1b: Morpeko|90/100|[from] item: Life Orb\n|move|p1a: Whimsicott|Tailwind|p1a: Whimsicott\n|-sidestart|p1: benenelius|move: Tailwind\n|cant|p2b: Sneasler|flinch\n|move|p2a: Incineroar|Flare Blitz|p1a: Whimsicott\n|-supereffective|p1a: Whimsicott|1\n|-enditem|p1a: Whimsicott|Focus Sash\n|-damage|p1a: Whimsicott|1/100\n|-damage|p2a: Incineroar|72/100|[from] Recoil\n|\n|-formechange|p1b: Morpeko|Morpeko-Hangry|\n|upkeep\n|turn|2\n|inactive|benenelius has 30 seconds left.\n|\n|t:|1788267834\n|move|p1a: Whimsicott|U-turn|p2a: Incineroar\n|-damage|p2a: Incineroar|66/100\n|\n|t:|1788267842\n|switch|p1a: Garchomp|Garchomp, L50, F|100/100|[from] U-turn\n|move|p1b: Morpeko|Parting Shot|p2a: Incineroar\n|-unboost|p2a: Incineroar|atk|1\n|-unboost|p2a: Incineroar|spa|1\n|\n|t:|1788267849\n|switch|p1b: Harry Potter|Delphox, L50, M, shiny|100/100|[from] Parting Shot\n|move|p2b: Sneasler|Close Combat|p1b: Harry Potter\n|-resisted|p1b: Harry Potter|1\n|-damage|p1b: Harry Potter|50/100y\n|-unboost|p2b: Sneasler|def|1\n|-unboost|p2b: Sneasler|spd|1\n|move|p2a: Incineroar|Flare Blitz|p1a: Garchomp\n|-resisted|p1a: Garchomp|1\n|-damage|p1a: Garchomp|84/100\n|-damage|p2a: Incineroar|54/100|[from] ability: Rough Skin|[of] p1a: Garchomp\n|-damage|p2a: Incineroar|49/100|[from] Recoil\n|\n|upkeep\n|turn|3\n|inactive|benenelius has 30 seconds left.\n|\n|t:|1788267875\n|detailschange|p1b: Harry Potter|Delphox-Mega, L50, M, shiny\n|-mega|p1b: Harry Potter|Delphox|Delphoxite\n|move|p1b: Harry Potter|Protect|p1b: Harry Potter\n|-singleturn|p1b: Harry Potter|Protect\n|move|p1a: Garchomp|Earthquake|p2b: Sneasler|[spread] p2a,p2b\n|-activate|p1b: Harry Potter|move: Protect\n|-supereffective|p2a: Incineroar|1\n|-supereffective|p2b: Sneasler|1\n|-damage|p2a: Incineroar|0 fnt\n|-damage|p2b: Sneasler|0 fnt\n|faint|p2a: Incineroar\n|faint|p2b: Sneasler\n|\n|upkeep\n|\n|t:|1788267875\n|switch|p2b: Sinistcha|Sinistcha, L50|100/100\n|switch|p2a: Blastoise|Blastoise, L50, F|100/100\n|turn|4\n|\n|t:|1788267894\n|detailschange|p2a: Blastoise|Blastoise-Mega, L50, F\n|-mega|p2a: Blastoise|Blastoise|Blastoisinite\n|move|p1b: Harry Potter|Shadow Ball|p2b: Sinistcha\n|-supereffective|p2b: Sinistcha|1\n|-damage|p2b: Sinistcha|43/100\n|-enditem|p2b: Sinistcha|Sitrus Berry|[eat]\n|-heal|p2b: Sinistcha|68/100|[from] item: Sitrus Berry\n|move|p1a: Garchomp|Dragon Claw|p2a: Blastoise\n|-damage|p2a: Blastoise|52/100\n|move|p2a: Blastoise|Dark Pulse|p1b: Harry Potter\n|-supereffective|p1b: Harry Potter|1\n|-damage|p1b: Harry Potter|0 fnt\n|faint|p1b: Harry Potter\n|move|p2b: Sinistcha|Matcha Gotcha|p1a: Garchomp\n|-damage|p1a: Garchomp|46/100\n|-heal|p2b: Sinistcha|88/100|[from] drain|[of] p1a: Garchomp\n|\n|-sideend|p1: benenelius|move: Tailwind\n|upkeep\n|\n|t:|1788267908\n|switch|p1b: Morpeko|Morpeko, L50, F|90/100\n|turn|5\n|\n|t:|1788267921\n|move|p2b: Sinistcha|Protect|p2b: Sinistcha\n|-singleturn|p2b: Sinistcha|Protect\n|move|p1a: Garchomp|Dragon Claw|p2b: Sinistcha\n|-activate|p2b: Sinistcha|move: Protect\n|move|p1b: Morpeko|Aura Wheel|p2a: Blastoise\n|-supereffective|p2a: Blastoise|1\n|-damage|p2a: Blastoise|0 fnt\n|-boost|p1b: Morpeko|spe|1\n|faint|p2a: Blastoise\n|-damage|p1b: Morpeko|80/100|[from] item: Life Orb\n|\n|-formechange|p1b: Morpeko|Morpeko-Hangry|\n|upkeep\n|turn|6\n|\n|t:|1788267929\n|move|p1b: Morpeko|Aura Wheel|p2b: Sinistcha\n|-supereffective|p2b: Sinistcha|1\n|-damage|p2b: Sinistcha|0 fnt\n|-boost|p1b: Morpeko|spe|1\n|faint|p2b: Sinistcha\n|-damage|p1b: Morpeko|71/100|[from] item: Life Orb\n|\n|win|benenelius\n|raw|benenelius's rating: 1142 &rarr; <strong>1162</strong><br />(+20 for winning)\n|raw|humania1's rating: 1073 &rarr; <strong>1056</strong><br />(-17 for losing)\n|l|☆humania1\n|player|p2|\n","uploadtime":1788267929,"views":"2","formatid":"gen9championsvgc2026regmbbo3","rating":1056,"private":0,"password":null}