{"id":"gen9championsvgc2026regmb-2674110094","format":"[Gen 9 Champions] VGC 2026 Reg M-B","players":["raiju redloh","PokemonRangerJon"],"log":"|j|☆raiju redloh\n|j|☆PokemonRangerJon\n|t:|1788300545\n|gametype|doubles\n|player|p1|raiju redloh|whitney|1077\n|player|p2|PokemonRangerJon|169|1184\n|gen|9\n|tier|[Gen 9 Champions] VGC 2026 Reg M-B\n|rated|\n|rule|Species Clause: Limit one of each Pokémon\n|rule|Item Clause: Limit 1 of each item\n|clearpoke\n|poke|p1|Lopunny, L50, F, shiny|\n|poke|p1|Oranguru, L50, F, shiny|\n|poke|p1|Sneasler, L50, F|\n|poke|p1|Torkoal, L50, F|\n|poke|p1|Drampa, L50, F|\n|poke|p1|Sceptile, L50, F|\n|poke|p2|Lycanroc-Dusk, L50, F|\n|poke|p2|Scovillain, L50, M|\n|poke|p2|Froslass, L50, F|\n|poke|p2|Kingambit, L50, F|\n|poke|p2|Excadrill, L50, M|\n|poke|p2|Gholdengo, L50|\n|teampreview|4\n|inactive|Battle timer is ON: inactive players will automatically lose when time's up. (requested by PokemonRangerJon)\nPokemonRangerJon rejected open team sheets.\n|inactive|raiju redloh has 60 seconds left.\n|\n|t:|1788300576\n|teamsize|p1|4\n|teamsize|p2|4\n|start\n|switch|p1a: Lopunny|Lopunny, L50, F, shiny|100/100\n|switch|p1b: Drampa|Drampa, L50, F|100/100\n|switch|p2a: Excadrill|Excadrill, L50, M|100/100\n|switch|p2b: Kingambit|Kingambit, L50, F|100/100\n|-ability|p2a: Excadrill|Mold Breaker\n|-ability|p1b: Drampa|Cloud Nine\n|turn|1\n|\n|t:|1788300597\n|detailschange|p1a: Lopunny|Lopunny-Mega, L50, F, shiny\n|-mega|p1a: Lopunny|Lopunny|Lopunnite\n|move|p1a: Lopunny|Fake Out|p2b: Kingambit\n|-resisted|p2b: Kingambit|1\n|-damage|p2b: Kingambit|92/100\n|move|p2a: Excadrill|Iron Head|p1a: Lopunny\n|-damage|p1a: Lopunny|47/100\n|cant|p2b: Kingambit|flinch\n|move|p1b: Drampa|Calm Mind|p1b: Drampa\n|-boost|p1b: Drampa|spa|1\n|-boost|p1b: Drampa|spd|1\n|\n|upkeep\n|turn|2\n|\n|t:|1788300618\n|move|p1b: Drampa|Protect|p1b: Drampa\n|-singleturn|p1b: Drampa|Protect\n|move|p2b: Kingambit|Sucker Punch||[still]\n|-fail|p2b: Kingambit\n|move|p1a: Lopunny|U-turn|p2b: Kingambit\n|-damage|p2b: Kingambit|72/100\n|\n|t:|1788300627\n|switch|p1a: Sceptile|Sceptile, L50, F|100/100|[from] U-turn\n|move|p2a: Excadrill|Iron Head|p1b: Drampa\n|-activate|p1b: Drampa|move: Protect\n|\n|upkeep\n|turn|3\n|\n|t:|1788300648\n|move|p2b: Kingambit|Sucker Punch|p1a: Sceptile\n|-damage|p1a: Sceptile|16/100\n|move|p1a: Sceptile|Earth Power|p2a: Excadrill\n|-supereffective|p2a: Excadrill|1\n|-damage|p2a: Excadrill|17/100\n|-unboost|p2a: Excadrill|spd|1\n|move|p2a: Excadrill|Iron Head|p1b: Drampa\n|-damage|p1b: Drampa|55/100\n|move|p1b: Drampa|Hyper Voice|p2b: Kingambit|[spread] p2a,p2b\n|-resisted|p2a: Excadrill|1\n|-resisted|p2b: Kingambit|1\n|-damage|p2a: Excadrill|0 fnt\n|-damage|p2b: Kingambit|44/100\n|faint|p2a: Excadrill\n|\n|upkeep\n|\n|t:|1788300648\n|switch|p2a: Lycanroc|Lycanroc-Dusk, L50, F|100/100\n|turn|4\n|\n|t:|1788300672\n|move|p2a: Lycanroc|Accelerock|p1a: Sceptile\n|-damage|p1a: Sceptile|0 fnt\n|faint|p1a: Sceptile\n|-damage|p2a: Lycanroc|90/100|[from] item: Life Orb\n|move|p2b: Kingambit|Sucker Punch|p1b: Drampa\n|-damage|p1b: Drampa|0 fnt\n|faint|p1b: Drampa\n|\n|upkeep\n|\n|t:|1788300675\n|switch|p1a: Lopunny|Lopunny-Mega, L50, F, shiny|47/100\n|switch|p1b: Oranguru|Oranguru, L50, F, shiny|100/100\n|turn|5\n|inactive|PokemonRangerJon has 30 seconds left.\n|inactive|PokemonRangerJon has 20 seconds left.\n|\n|t:|1788300712\n|move|p1a: Lopunny|Close Combat|p2b: Kingambit\n|-supereffective|p2b: Kingambit|2\n|-damage|p2b: Kingambit|0 fnt\n|-unboost|p1a: Lopunny|def|1\n|-unboost|p1a: Lopunny|spd|1\n|faint|p2b: Kingambit\n|move|p2a: Lycanroc|Rock Slide|p1a: Lopunny|[spread] p1a,p1b\n|-resisted|p1a: Lopunny|1\n|-damage|p1a: Lopunny|11/100\n|-damage|p1b: Oranguru|61/100\n|-damage|p2a: Lycanroc|80/100|[from] item: Life Orb\n|move|p1b: Oranguru|Instruct|p1a: Lopunny\n|-singleturn|p1a: Lopunny|move: Instruct|[of] p1b: Oranguru\n|move|p1a: Lopunny|Close Combat|p2a: Lycanroc\n|-supereffective|p2a: Lycanroc|1\n|-damage|p2a: Lycanroc|0 fnt\n|-unboost|p1a: Lopunny|def|1\n|-unboost|p1a: Lopunny|spd|1\n|faint|p2a: Lycanroc\n|\n|upkeep\n|\n|t:|1788300712\n|switch|p2a: Scovillain|Scovillain, L50, M|100/100\n|turn|6\n|\n|t:|1788300737\n|detailschange|p2a: Scovillain|Scovillain-Mega, L50, M\n|-mega|p2a: Scovillain|Scovillain|Scovillainite\n|move|p2a: Scovillain|Protect|p2a: Scovillain\n|-singleturn|p2a: Scovillain|Protect\n|move|p1a: Lopunny|Close Combat|p2a: Scovillain\n|-activate|p2a: Scovillain|move: Protect\n|move|p1b: Oranguru|Foul Play|p2a: Scovillain\n|-activate|p2a: Scovillain|move: Protect\n|\n|upkeep\n|turn|7\n|\n|t:|1788300744\n|move|p2a: Scovillain|Protect|p2a: Scovillain\n|-singleturn|p2a: Scovillain|Protect\n|move|p1a: Lopunny|Close Combat|p2a: Scovillain\n|-activate|p2a: Scovillain|move: Protect\n|move|p1b: Oranguru|Foul Play|p2a: Scovillain\n|-activate|p2a: Scovillain|move: Protect\n|\n|upkeep\n|turn|8\n|\n|t:|1788300748\n|move|p1a: Lopunny|Close Combat|p2a: Scovillain\n|-damage|p2a: Scovillain|0 fnt\n|-unboost|p1a: Lopunny|def|1\n|-unboost|p1a: Lopunny|spd|1\n|-status|p1a: Lopunny|brn|[from] ability: Spicy Spray|[of] p2a: Scovillain\n|faint|p2a: Scovillain\n|\n|win|raiju redloh\n|raw|raiju redloh's rating: 1077 &rarr; <strong>1114</strong><br />(+37 for winning)\n|raw|PokemonRangerJon's rating: 1184 &rarr; <strong>1152</strong><br />(-32 for losing)\n","uploadtime":1788300756,"views":"20","formatid":"gen9championsvgc2026regmb","rating":1114,"private":0,"password":null}