{"id":"gen9championsvgc2026regmb-2674460688","format":"[Gen 9 Champions] VGC 2026 Reg M-B","players":["cashjumper","67 luftballoons"],"log":"|j|☆cashjumper\n|j|‽67 luftballoons\n|t:|1788362484\n|gametype|doubles\n|player|p1|cashjumper|101|1465\n|player|p2|67 luftballoons|taunie|1426\n|gen|9\n|tier|[Gen 9 Champions] VGC 2026 Reg M-B\n|rated|\n|rule|Species Clause: Limit one of each Pokémon\n|rule|Item Clause: Limit 1 of each item\n|clearpoke\n|poke|p1|Tyranitar, L50, M|\n|poke|p1|Excadrill, L50, F|\n|poke|p1|Milotic, L50, F|\n|poke|p1|Sinistcha, L50|\n|poke|p1|Staraptor, L50, F|\n|poke|p1|Gholdengo, L50|\n|poke|p2|Raichu, L50, M, shiny|\n|poke|p2|Tyranitar, L50, M, shiny|\n|poke|p2|Sneasler, L50, M, shiny|\n|poke|p2|Kingambit, L50, M, shiny|\n|poke|p2|Sinistcha, L50|\n|poke|p2|Sylveon, L50, F, shiny|\n|teampreview|4\n|\n|t:|1788362537\n|teamsize|p1|4\n|teamsize|p2|4\n|start\n|switch|p1a: Staraptor|Staraptor, L50, F|100/100\n|switch|p1b: Tyranitar|Tyranitar, L50, M|100/100\n|switch|p2a: Raichu|Raichu, L50, M, shiny|100/100\n|switch|p2b: Sylveon|Sylveon, L50, F, shiny|100/100\n|-ability|p1a: Staraptor|Intimidate|boost\n|-unboost|p2a: Raichu|atk|1\n|-unboost|p2b: Sylveon|atk|1\n|-weather|Sandstorm|[from] ability: Sand Stream|[of] p1b: Tyranitar\n|turn|1\n|inactive|Battle timer is ON: inactive players will automatically lose when time's up. (requested by 67 luftballoons)\n|\n|t:|1788362562\n|detailschange|p2a: Raichu|Raichu-Mega-Y, L50, M, shiny\n|-mega|p2a: Raichu|Raichu|Raichunite Y\n|detailschange|p1a: Staraptor|Staraptor-Mega, L50, F\n|-mega|p1a: Staraptor|Staraptor|Staraptite\n|move|p1a: Staraptor|Protect|p1a: Staraptor\n|-singleturn|p1a: Staraptor|Protect\n|move|p1b: Tyranitar|Protect|p1b: Tyranitar\n|-singleturn|p1b: Tyranitar|Protect\n|move|p2a: Raichu|Fake Out|p1a: Staraptor\n|-activate|p1a: Staraptor|move: Protect\n|move|p2b: Sylveon|Hyper Voice|p1b: Tyranitar|[spread] \n|-activate|p1a: Staraptor|move: Protect\n|-activate|p1b: Tyranitar|move: Protect\n|\n|-weather|Sandstorm|[upkeep]\n|-damage|p2a: Raichu|94/100|[from] Sandstorm\n|-damage|p1a: Staraptor|94/100|[from] Sandstorm\n|-damage|p2b: Sylveon|94/100|[from] Sandstorm\n|upkeep\n|turn|2\n|inactive|cashjumper has 30 seconds left.\n|\n|t:|1788362591\n|switch|p1a: Excadrill|Excadrill, L50, F|100/100\n|move|p2a: Raichu|Zap Cannon|p1a: Excadrill\n|-immune|p1a: Excadrill\n|move|p1b: Tyranitar|Rock Slide|p2a: Raichu|[spread] p2a,p2b\n|-damage|p2a: Raichu|43/100\n|-damage|p2b: Sylveon|65/100\n|move|p2b: Sylveon|Hyper Voice|p1b: Tyranitar|[spread] p1a,p1b\n|-resisted|p1a: Excadrill|1\n|-supereffective|p1b: Tyranitar|1\n|-damage|p1a: Excadrill|70/100\n|-damage|p1b: Tyranitar|46/100\n|\n|-weather|Sandstorm|[upkeep]\n|-damage|p2a: Raichu|37/100|[from] Sandstorm\n|-damage|p2b: Sylveon|59/100|[from] Sandstorm\n|upkeep\n|turn|3\n|\n|t:|1788362609\n|switch|p2a: Sinistcha|Sinistcha, L50|100/100\n|-heal|p2b: Sylveon|84/100|[from] ability: Hospitality|[of] p2a: Sinistcha\n|switch|p1b: Staraptor|Staraptor-Mega, L50, F|94/100\n|move|p1a: Excadrill|Earthquake|p2a: Sinistcha|[spread] p2a,p2b\n|-immune|p1b: Staraptor\n|-resisted|p2a: Sinistcha|1\n|-crit|p2a: Sinistcha\n|-damage|p2a: Sinistcha|69/100\n|-damage|p2b: Sylveon|30/100\n|move|p2b: Sylveon|Hyper Voice|p1a: Excadrill|[spread] p1a,p1b\n|-resisted|p1a: Excadrill|1\n|-supereffective|p1b: Staraptor|1\n|-damage|p1a: Excadrill|36/100\n|-damage|p1b: Staraptor|0 fnt\n|faint|p1b: Staraptor\n|\n|-weather|Sandstorm|[upkeep]\n|-damage|p2b: Sylveon|25/100|[from] Sandstorm\n|-damage|p2a: Sinistcha|63/100|[from] Sandstorm\n|upkeep\n|\n|t:|1788362629\n|switch|p1b: Gholdengo|Gholdengo, L50|100/100\n|turn|4\n|\n|t:|1788362641\n|move|p2b: Sylveon|Detect|p2b: Sylveon\n|-singleturn|p2b: Sylveon|Protect\n|move|p1a: Excadrill|Rock Slide|p2a: Sinistcha|[spread] p2a\n|-activate|p2b: Sylveon|move: Protect\n|-damage|p2a: Sinistcha|43/100\n|-enditem|p2a: Sinistcha|Sitrus Berry|[eat]\n|-heal|p2a: Sinistcha|68/100|[from] item: Sitrus Berry\n|move|p1b: Gholdengo|Nasty Plot|p1b: Gholdengo\n|-boost|p1b: Gholdengo|spa|2\n|move|p2a: Sinistcha|Matcha Gotcha|p1a: Excadrill|[spread] p1a,p1b\n|-resisted|p1b: Gholdengo|1\n|-damage|p1a: Excadrill|4/100\n|-heal|p2a: Sinistcha|85/100|[from] drain|[of] p1a: Excadrill\n|-damage|p1b: Gholdengo|89/100\n|-heal|p2a: Sinistcha|91/100|[from] drain|[of] p1b: Gholdengo\n|\n|-weather|Sandstorm|[upkeep]\n|-damage|p2b: Sylveon|19/100|[from] Sandstorm\n|-damage|p2a: Sinistcha|85/100|[from] Sandstorm\n|upkeep\n|turn|5\n|inactive|cashjumper has 30 seconds left.\n|\n|t:|1788362676\n|move|p2b: Sylveon|Quick Attack|p1a: Excadrill\n|-resisted|p1a: Excadrill|1\n|-damage|p1a: Excadrill|0 fnt\n|faint|p1a: Excadrill\n|move|p1b: Gholdengo|Shadow Ball|p2a: Sinistcha\n|-supereffective|p2a: Sinistcha|1\n|-crit|p2a: Sinistcha\n|-damage|p2a: Sinistcha|0 fnt\n|faint|p2a: Sinistcha\n|-damage|p1b: Gholdengo|80/100|[from] item: Life Orb\n|\n|-weather|none\n|upkeep\n|\n|t:|1788362689\n|switch|p1a: Tyranitar|Tyranitar, L50, M|46/100\n|switch|p2a: Kingambit|Kingambit, L50, M, shiny|100/100\n|-weather|Sandstorm|[from] ability: Sand Stream|[of] p1a: Tyranitar\n|turn|6\n|\n|t:|1788362711\n|move|p2a: Kingambit|Protect|p2a: Kingambit\n|-singleturn|p2a: Kingambit|Protect\n|move|p1a: Tyranitar|High Horsepower|p2a: Kingambit\n|-activate|p2a: Kingambit|move: Protect\n|move|p1b: Gholdengo|Shadow Ball|p2a: Kingambit\n|-activate|p2a: Kingambit|move: Protect\n|move|p2b: Sylveon|Hyper Voice|p1b: Gholdengo|[spread] p1a,p1b\n|-supereffective|p1a: Tyranitar|1\n|-resisted|p1b: Gholdengo|1\n|-damage|p1a: Tyranitar|0 fnt\n|-damage|p1b: Gholdengo|59/100\n|faint|p1a: Tyranitar\n|\n|-weather|Sandstorm|[upkeep]\n|-damage|p2b: Sylveon|13/100|[from] Sandstorm\n|upkeep\n|turn|7\n|\n|t:|1788362730\n|move|p1b: Gholdengo|Protect|p1b: Gholdengo\n|-singleturn|p1b: Gholdengo|Protect\n|move|p2a: Kingambit|Sucker Punch||[still]\n|-fail|p2a: Kingambit\n|move|p2b: Sylveon|Hyper Beam|p1b: Gholdengo\n|-activate|p1b: Gholdengo|move: Protect\n|\n|-weather|Sandstorm|[upkeep]\n|-damage|p2b: Sylveon|8/100|[from] Sandstorm\n|upkeep\n|turn|8\n|\n|t:|1788362742\n|move|p2a: Kingambit|Sucker Punch||[still]\n|-fail|p2a: Kingambit\n|move|p1b: Gholdengo|Nasty Plot|p1b: Gholdengo\n|-boost|p1b: Gholdengo|spa|2\n|move|p2b: Sylveon|Hyper Beam|p1b: Gholdengo\n|-resisted|p1b: Gholdengo|1\n|-damage|p1b: Gholdengo|11/100\n|-mustrecharge|p2b: Sylveon\n|\n|-weather|Sandstorm|[upkeep]\n|-damage|p2b: Sylveon|2/100|[from] Sandstorm\n|upkeep\n|turn|9\n|\n|t:|1788362755\n|move|p1b: Gholdengo|Protect|p1b: Gholdengo\n|-singleturn|p1b: Gholdengo|Protect\n|move|p2a: Kingambit|Sucker Punch||[still]\n|-fail|p2a: Kingambit\n|cant|p2b: Sylveon|recharge\n|\n|-weather|Sandstorm|[upkeep]\n|-damage|p2b: Sylveon|0 fnt|[from] Sandstorm\n|faint|p2b: Sylveon\n|upkeep\n|\n|t:|1788362758\n|switch|p2b: Raichu|Raichu-Mega-Y, L50, M, shiny|37/100\n|turn|10\n|inactive|cashjumper has 30 seconds left.\n|inactive|cashjumper has 20 seconds left.\n|\n|t:|1788362798\n|move|p2a: Kingambit|Sucker Punch|p1b: Gholdengo\n|-supereffective|p1b: Gholdengo|1\n|-damage|p1b: Gholdengo|0 fnt\n|faint|p1b: Gholdengo\n|-damage|p2a: Kingambit|90/100|[from] item: Life Orb\n|\n|win|67 luftballoons\n|raw|cashjumper's rating: 1465 &rarr; <strong>1443</strong><br />(-22 for losing)\n|raw|67 luftballoons's rating: 1426 &rarr; <strong>1448</strong><br />(+22 for winning)\n","uploadtime":1788362809,"views":"11","formatid":"gen9championsvgc2026regmb","rating":1443,"private":0,"password":null}