{"id":"gen9championsvgc2026regmb-2674246388","format":"[Gen 9 Champions] VGC 2026 Reg M-B","players":["kumsumkneeda","Pop B Lot"],"log":"|j|☆kumsumkneeda\n|j|☆Pop B Lot\n|t:|1788322552\n|gametype|doubles\n|player|p1|kumsumkneeda|169|1158\n|player|p2|Pop B Lot|2|1140\n|gen|9\n|tier|[Gen 9 Champions] VGC 2026 Reg M-B\n|rated|\n|rule|Species Clause: Limit one of each Pokémon\n|rule|Item Clause: Limit 1 of each item\n|clearpoke\n|poke|p1|Farigiraf, L50, M|\n|poke|p1|Conkeldurr, L50, F|\n|poke|p1|Garchomp, L50, M|\n|poke|p1|Corviknight, L50, F|\n|poke|p1|Milotic, L50, F|\n|poke|p1|Floette-Eternal, L50, F|\n|poke|p2|Aegislash, L50, M|\n|poke|p2|Sylveon, L50, M|\n|poke|p2|Feraligatr, L50, M|\n|poke|p2|Sinistcha, L50|\n|poke|p2|Incineroar, L50, F|\n|poke|p2|Farigiraf, L50, F|\n|teampreview|4\n|inactive|Battle timer is ON: inactive players will automatically lose when time's up. (requested by kumsumkneeda)\n|\n|t:|1788322592\n|teamsize|p1|4\n|teamsize|p2|4\n|start\n|switch|p1a: Milotic|Milotic, L50, F|100/100\n|switch|p1b: Corviknight|Corviknight, L50, F|100/100\n|switch|p2a: Aegislash|Aegislash, L50, M|100/100\n|switch|p2b: Feraligatr|Feraligatr, L50, M|100/100\n|turn|1\n|\n|t:|1788322609\n|switch|p1a: Garchomp|Garchomp, L50, M|100/100\n|detailschange|p2b: Feraligatr|Feraligatr-Mega, L50, M\n|-mega|p2b: Feraligatr|Feraligatr|Feraligite\n|-formechange|p2a: Aegislash|Aegislash-Blade|\n|move|p2a: Aegislash|Shadow Sneak|p1a: Garchomp\n|-damage|p1a: Garchomp|80/100\n|-damage|p2a: Aegislash|88/100|[from] ability: Rough Skin|[of] p1a: Garchomp\n|move|p2b: Feraligatr|Double-Edge|p1a: Garchomp\n|-supereffective|p1a: Garchomp|1\n|-damage|p1a: Garchomp|0 fnt\n|-damage|p2b: Feraligatr|87/100|[from] ability: Rough Skin|[of] p1a: Garchomp\n|faint|p1a: Garchomp\n|-damage|p2b: Feraligatr|58/100|[from] Recoil\n|move|p1b: Corviknight|Tailwind|p1b: Corviknight\n|-sidestart|p1: kumsumkneeda|move: Tailwind\n|\n|upkeep\n|\n|t:|1788322613\n|switch|p1a: Floette|Floette-Eternal, L50, F|100/100\n|turn|2\n|\n|t:|1788322624\n|detailschange|p1a: Floette|Floette-Mega, L50, F\n|-mega|p1a: Floette|Floette|Floettite\n|-ability|p1a: Floette|Fairy Aura\n|move|p2a: Aegislash|Wide Guard|p2a: Aegislash\n|-singleturn|p2a: Aegislash|Wide Guard\n|move|p1a: Floette|Dazzling Gleam|p2b: Feraligatr|[spread] \n|-activate|p2a: Aegislash|move: Wide Guard\n|-activate|p2b: Feraligatr|move: Wide Guard\n|move|p1b: Corviknight|Brave Bird|p2b: Feraligatr\n|-damage|p2b: Feraligatr|28/100\n|-damage|p1b: Corviknight|90/100|[from] Recoil\n|move|p2b: Feraligatr|Liquidation|p1a: Floette\n|-damage|p1a: Floette|20/100y\n|\n|-heal|p1b: Corviknight|96/100|[from] item: Leftovers\n|upkeep\n|turn|3\n|\n|t:|1788322645\n|move|p1a: Floette|Protect|p1a: Floette\n|-singleturn|p1a: Floette|Protect\n|move|p2b: Feraligatr|Protect|p2b: Feraligatr\n|-singleturn|p2b: Feraligatr|Protect\n|move|p2a: Aegislash|Shadow Sneak|p1a: Floette\n|-activate|p1a: Floette|move: Protect\n|move|p1b: Corviknight|Brave Bird|p2b: Feraligatr\n|-activate|p2b: Feraligatr|move: Protect\n|\n|-heal|p1b: Corviknight|100/100|[from] item: Leftovers\n|upkeep\n|turn|4\n|\n|t:|1788322652\n|switch|p2b: Farigiraf|Farigiraf, L50, F|100/100\n|move|p2a: Aegislash|Shadow Sneak|p1a: Floette\n|-damage|p1a: Floette|0 fnt\n|faint|p1a: Floette\n|move|p1b: Corviknight|Brave Bird|p2a: Aegislash\n|-resisted|p2a: Aegislash|1\n|-crit|p2a: Aegislash\n|-damage|p2a: Aegislash|40/100\n|-damage|p1b: Corviknight|87/100|[from] Recoil\n|\n|-heal|p1b: Corviknight|93/100|[from] item: Leftovers\n|-sideend|p1: kumsumkneeda|move: Tailwind\n|upkeep\n|\n|t:|1788322655\n|switch|p1a: Milotic|Milotic, L50, F|100/100\n|turn|5\n|\n|t:|1788322665\n|move|p2a: Aegislash|Shadow Sneak|p1a: Milotic\n|-damage|p1a: Milotic|77/100\n|move|p1a: Milotic|Coil|p1a: Milotic\n|-boost|p1a: Milotic|atk|1\n|-boost|p1a: Milotic|def|1\n|-boost|p1a: Milotic|accuracy|1\n|move|p1b: Corviknight|Brave Bird|p2a: Aegislash\n|-resisted|p2a: Aegislash|1\n|-damage|p2a: Aegislash|6/100\n|-damage|p1b: Corviknight|84/100|[from] Recoil\n|move|p2b: Farigiraf|Thunderbolt|p1a: Milotic\n|-supereffective|p1a: Milotic|1\n|-damage|p1a: Milotic|48/100\n|-status|p1a: Milotic|par\n|\n|-heal|p1b: Corviknight|90/100|[from] item: Leftovers\n|upkeep\n|turn|6\n|\n|t:|1788322681\n|move|p2a: Aegislash|Shadow Sneak|p1a: Milotic\n|-damage|p1a: Milotic|30/100 par\n|move|p1b: Corviknight|Brave Bird|p2a: Aegislash\n|-resisted|p2a: Aegislash|1\n|-damage|p2a: Aegislash|0 fnt\n|faint|p2a: Aegislash\n|-damage|p1b: Corviknight|88/100|[from] Recoil\n|move|p2b: Farigiraf|Psychic|p1a: Milotic\n|-damage|p1a: Milotic|9/100 par\n|move|p1a: Milotic|Muddy Water|p2b: Farigiraf\n|-damage|p2b: Farigiraf|66/100\n|\n|-heal|p1b: Corviknight|94/100|[from] item: Leftovers\n|upkeep\n|\n|t:|1788322692\n|switch|p2a: Sylveon|Sylveon, L50, M|100/100\n|turn|7\n|\n|t:|1788322698\n|move|p2a: Sylveon|Quick Attack|p1a: Milotic\n|-damage|p1a: Milotic|0 fnt\n|faint|p1a: Milotic\n|move|p1b: Corviknight|Iron Head|p2a: Sylveon\n|-supereffective|p2a: Sylveon|1\n|-damage|p2a: Sylveon|34/100\n|move|p2b: Farigiraf|Thunderbolt|p1b: Corviknight\n|-supereffective|p1b: Corviknight|1\n|-damage|p1b: Corviknight|43/100\n|\n|-heal|p1b: Corviknight|49/100|[from] item: Leftovers\n|upkeep\n|turn|8\n|-message|kumsumkneeda forfeited.\n|\n|win|Pop B Lot\n|raw|kumsumkneeda's rating: 1158 &rarr; <strong>1132</strong><br />(-26 for losing)\n|raw|Pop B Lot's rating: 1140 &rarr; <strong>1166</strong><br />(+26 for winning)\n|l|☆kumsumkneeda\n|player|p1|\n","uploadtime":1788322712,"views":"22","formatid":"gen9championsvgc2026regmb","rating":1132,"private":0,"password":null}