{"id":"gen9championsvgc2026regmbbo3-2674487010","format":"[Gen 9 Champions] VGC 2026 Reg M-B (Bo3)","players":["dogpeg","po1510"],"log":"|j|☆dogpeg\n|j|☆po1510\n|html|<table width=\"100%\"><tr><td align=\"left\">dogpeg</td><td align=\"right\">po1510</tr><tr><td align=\"left\"><i class=\"fa fa-circle-o\"></i> <i class=\"fa fa-circle-o\"></i> </td><td align=\"right\"><i class=\"fa fa-circle-o\"></i> <i class=\"fa fa-circle\"></i> </tr></table>\n|uhtml|bestof|<h2><strong>Game 2</strong> of <a href=\"/game-bestof3-gen9championsvgc2026regmbbo3-2674485097\">a best-of-3</a></h2>\n|t:|1788365555\n|gametype|doubles\n|player|p1|dogpeg|102|1340\n|player|p2|po1510|rosa-masters|1321\n|gen|9\n|tier|[Gen 9 Champions] VGC 2026 Reg M-B (Bo3)\n|rated|\n|rule|Species Clause: Limit one of each Pokémon\n|rule|Item Clause: Limit 1 of each item\n|clearpoke\n|poke|p1|Garchomp, L50, M|\n|poke|p1|Kingambit, L50, M|\n|poke|p1|Basculegion, L50, M|\n|poke|p1|Whimsicott, L50, F|\n|poke|p1|Charizard, L50, M|\n|poke|p1|Floette-Eternal, L50, F|\n|poke|p2|Staraptor, L50, F|\n|poke|p2|Arcanine-Hisui, L50, M|\n|poke|p2|Kingambit, L50, M|\n|poke|p2|Raichu, L50, F|\n|poke|p2|Farigiraf, L50, F|\n|poke|p2|Sylveon, L50, F, shiny|\n|teampreview|4\n|showteam|p1|Garchomp||LifeOrb|RoughSkin|Earthquake,DragonClaw,RockSlide,Protect|Jolly||M|||50|]Kingambit||ChopleBerry|Defiant|SuckerPunch,IronHead,LowKick,KowtowCleave|Adamant||M|||50|]Basculegion||ChoiceScarf|Adaptability|WaveCrash,LastRespects,AquaJet,FlipTurn|Jolly||M|||50|]Whimsicott||FocusSash|Prankster|Moonblast,Tailwind,Encore,Protect|Timid||F|||50|]Charizard||CharizarditeY|Blaze|HeatWave,AncientPower,SolarBeam,Protect|Modest||M|||50|]Floette-Eternal||Floettite|FlowerVeil|DazzlingGleam,Moonblast,LightofRuin,Protect|Modest||F|||50|\n|showteam|p2|Staraptor||Staraptite|Intimidate|BraveBird,CloseCombat,Tailwind,Protect|Jolly||F|||50|]Arcanine-Hisui||FocusSash|RockHead|FlareBlitz,HeadSmash,ExtremeSpeed,Protect|Jolly||M|||50|]Kingambit||LifeOrb|Defiant|KowtowCleave,SuckerPunch,SwordsDance,Protect|Adamant||M|||50|]Raichu||RaichuniteY|LightningRod|ZapCannon,FocusBlast,FakeOut,Protect|Timid||F|||50|]Farigiraf||SitrusBerry|ArmorTail|Psychic,HelpingHand,TrickRoom,Protect|Calm||F|||50|]Sylveon||FairyFeather|Pixilate|HyperVoice,HyperBeam,QuickAttack,Detect|Modest||F|||50|\n|inactive|Battle timer is ON: inactive players will automatically lose when time's up. (requested by po1510)\n|inactive|dogpeg has 60 seconds left.\n|\n|t:|1788365605\n|teamsize|p1|4\n|teamsize|p2|4\n|start\n|switch|p1a: Floette|Floette-Eternal, L50, F|100/100\n|switch|p1b: Basculegion|Basculegion, L50, M|100/100\n|switch|p2a: Egg|Farigiraf, L50, F|100/100\n|switch|p2b: Sylveon|Sylveon, L50, F, shiny|100/100\n|turn|1\n|inactive|dogpeg has 30 seconds left.\n|inactive|dogpeg has 20 seconds left.\n|inactive|dogpeg has 15 seconds left.\n|inactive|dogpeg has 10 seconds left.\n|\n|t:|1788365655\n|detailschange|p1a: Floette|Floette-Mega, L50, F\n|-mega|p1a: Floette|Floette|Floettite\n|-ability|p1a: Floette|Fairy Aura\n|move|p2b: Sylveon|Detect|p2b: Sylveon\n|-singleturn|p2b: Sylveon|Protect\n|move|p1b: Basculegion|Flip Turn|p2a: Egg\n|-damage|p2a: Egg|68/100\n|\n|t:|1788365663\n|switch|p1b: Kingambit|Kingambit, L50, M|100/100|[from] Flip Turn\n|move|p1a: Floette|Dazzling Gleam|p2b: Sylveon|[spread] p2a\n|-activate|p2b: Sylveon|move: Protect\n|-damage|p2a: Egg|30/100\n|-enditem|p2a: Egg|Sitrus Berry|[eat]\n|-heal|p2a: Egg|55/100|[from] item: Sitrus Berry\n|move|p2a: Egg|Trick Room|p2a: Egg\n|-fieldstart|move: Trick Room|[of] p2a: Egg\n|\n|upkeep\n|turn|2\n|\n|t:|1788365686\n|switch|p1a: Whimsicott|Whimsicott, L50, F|100/100\n|move|p2a: Egg|Helping Hand|p2b: Sylveon\n|-singleturn|p2b: Sylveon|Helping Hand|[of] p2a: Egg\n|move|p1b: Kingambit|Iron Head|p2b: Sylveon\n|-supereffective|p2b: Sylveon|1\n|-damage|p2b: Sylveon|0 fnt\n|faint|p2b: Sylveon\n|\n|upkeep\n|\n|t:|1788365694\n|switch|p2b: Arcanine|Arcanine-Hisui, L50, M|100/100\n|turn|3\n|inactive|dogpeg has 30 seconds left.\n|inactive|dogpeg has 20 seconds left.\n|inactive|dogpeg has 15 seconds left.\n|\n|t:|1788365735\n|move|p2a: Egg|Helping Hand|p2b: Arcanine\n|-singleturn|p2b: Arcanine|Helping Hand|[of] p2a: Egg\n|move|p1b: Kingambit|Kowtow Cleave|p2a: Egg\n|-supereffective|p2a: Egg|1\n|-damage|p2a: Egg|0 fnt\n|faint|p2a: Egg\n|move|p2b: Arcanine|Flare Blitz|p1b: Kingambit\n|-supereffective|p1b: Kingambit|1\n|-damage|p1b: Kingambit|0 fnt\n|faint|p1b: Kingambit\n|move|p1a: Whimsicott|Moonblast|p2b: Arcanine\n|-resisted|p2b: Arcanine|1\n|-damage|p2b: Arcanine|77/100\n|\n|upkeep\n|\n|t:|1788365756\n|switch|p2a: Raichu|Raichu, L50, F|100/100\n|switch|p1b: Floette|Floette-Mega, L50, F|100/100\n|-ability|p1b: Floette|Fairy Aura\n|turn|4\n|\n|t:|1788365776\n|detailschange|p2a: Raichu|Raichu-Mega-Y, L50, F\n|-mega|p2a: Raichu|Raichu|Raichunite Y\n|move|p1a: Whimsicott|Protect|p1a: Whimsicott\n|-singleturn|p1a: Whimsicott|Protect\n|move|p1b: Floette|Protect|p1b: Floette\n|-singleturn|p1b: Floette|Protect\n|move|p2b: Arcanine|Flare Blitz|p1a: Whimsicott\n|-activate|p1a: Whimsicott|move: Protect\n|move|p2a: Raichu|Zap Cannon|p1a: Whimsicott\n|-activate|p1a: Whimsicott|move: Protect\n|\n|upkeep\n|turn|5\n|inactive|po1510 has 30 seconds left.\n|\n|t:|1788365806\n|move|p1b: Floette|Dazzling Gleam|p2b: Arcanine|[spread] p2a,p2b\n|-resisted|p2b: Arcanine|1\n|-damage|p2a: Raichu|29/100\n|-damage|p2b: Arcanine|48/100\n|move|p2b: Arcanine|Head Smash|p1b: Floette\n|-damage|p1b: Floette|17/100\n|move|p1a: Whimsicott|Moonblast|p2b: Arcanine\n|-resisted|p2b: Arcanine|1\n|-damage|p2b: Arcanine|16/100\n|move|p2a: Raichu|Zap Cannon|p1a: Whimsicott\n|-resisted|p1a: Whimsicott|1\n|-damage|p1a: Whimsicott|48/100\n|-status|p1a: Whimsicott|par\n|\n|-fieldend|move: Trick Room\n|upkeep\n|turn|6\n|inactive|dogpeg has 30 seconds left.\n|\n|t:|1788365836\n|move|p1b: Floette|Protect|p1b: Floette\n|-singleturn|p1b: Floette|Protect\n|move|p2b: Arcanine|Extreme Speed|p1b: Floette\n|-activate|p1b: Floette|move: Protect\n|move|p2a: Raichu|Zap Cannon|p1a: Whimsicott\n|-resisted|p1a: Whimsicott|1\n|-damage|p1a: Whimsicott|0 fnt\n|faint|p1a: Whimsicott\n|\n|upkeep\n|\n|t:|1788365846\n|switch|p1a: Basculegion|Basculegion, L50, M|100/100\n|turn|7\n|inactive|dogpeg has 30 seconds left.\n|\n|t:|1788365875\n|move|p2b: Arcanine|Protect|p2b: Arcanine\n|-singleturn|p2b: Arcanine|Protect\n|move|p1a: Basculegion|Aqua Jet|p2a: Raichu\n|-damage|p2a: Raichu|0 fnt\n|faint|p2a: Raichu\n|move|p1b: Floette|Moonblast|p2b: Arcanine\n|-activate|p2b: Arcanine|move: Protect\n|\n|upkeep\n|turn|8\n|-message|po1510 forfeited.\n|\n|win|dogpeg\n","uploadtime":1788365885,"views":"4","formatid":"gen9championsvgc2026regmbbo3","rating":null,"private":0,"password":null}