{"id":"gen9championsvgc2026regmb-2674679076","format":"[Gen 9 Champions] VGC 2026 Reg M-B","players":["dealwithdare","Jim Leader Adam"],"log":"|j|☆dealwithdare\n|j|☆Jim Leader Adam\n|t:|1788389334\n|gametype|doubles\n|player|p1|dealwithdare|cynthia|1289\n|player|p2|Jim Leader Adam|blue-gen2|1345\n|gen|9\n|tier|[Gen 9 Champions] VGC 2026 Reg M-B\n|rated|\n|rule|Species Clause: Limit one of each Pokémon\n|rule|Item Clause: Limit 1 of each item\n|clearpoke\n|poke|p1|Zoroark-Hisui, L50, F|\n|poke|p1|Kangaskhan, L50, F|\n|poke|p1|Whimsicott, L50, M|\n|poke|p1|Basculegion, L50, M|\n|poke|p1|Pelipper, L50, M|\n|poke|p1|Archaludon, L50, F|\n|poke|p2|Incineroar, L50, M|\n|poke|p2|Farigiraf, L50, M|\n|poke|p2|Charizard, L50, F, shiny|\n|poke|p2|Basculegion-F, L50, F, shiny|\n|poke|p2|Archaludon, L50, F, shiny|\n|poke|p2|Staraptor, L50, F, shiny|\n|teampreview|4\n|inactive|Battle timer is ON: inactive players will automatically lose when time's up. (requested by Jim Leader Adam)\n|inactive|Jim Leader Adam has 60 seconds left.\n|c|☆dealwithdare|\"yea i watch vgc\" ahh team\n|c|☆dealwithdare|what am i looking at\nJim Leader Adam rejected open team sheets.\n|inactive|Jim Leader Adam has 30 seconds left.\n|c|☆Jim Leader Adam|call me crazy but i see some vgc mons on your team too goober\n|inactive|Jim Leader Adam has 20 seconds left.\n|c|☆dealwithdare|but nothing on ur team makes sense\n|inactive|Jim Leader Adam has 15 seconds left.\n|inactive|Jim Leader Adam has 10 seconds left.\n|inactive|Jim Leader Adam has 5 seconds left.\n|c|☆dealwithdare|u have 6 meta staples but they dont do anything together\n|\n|t:|1788389424\n|teamsize|p1|4\n|teamsize|p2|4\n|start\n|switch|p1a: peepee|Pelipper, L50, M|100/100\n|switch|p1b: 1MoveMerchant|Archaludon, L50, F|100/100\n|switch|p2a: Morgana|Incineroar, L50, M|100/100\n|switch|p2b: Melman|Farigiraf, L50, M|100/100\n|-weather|RainDance|[from] ability: Drizzle|[of] p1a: peepee\n|-ability|p2a: Morgana|Intimidate|boost\n|-unboost|p1a: peepee|atk|1\n|-unboost|p1b: 1MoveMerchant|atk|1\n|turn|1\n|\n|t:|1788389445\n|move|p2a: Morgana|Fake Out|p1a: peepee\n|-damage|p1a: peepee|84/100\n|move|p1b: 1MoveMerchant|Electro Shot||[still]\n|-prepare|p1b: 1MoveMerchant|Electro Shot\n|-boost|p1b: 1MoveMerchant|spa|1\n|-anim|p1b: 1MoveMerchant|Electro Shot|p2b: Melman\n|-damage|p2b: Melman|39/100\n|-enditem|p2b: Melman|Sitrus Berry|[eat]\n|-heal|p2b: Melman|64/100|[from] item: Sitrus Berry\n|cant|p1a: peepee|flinch\n|move|p2b: Melman|Trick Room|p2b: Melman\n|-fieldstart|move: Trick Room|[of] p2b: Melman\n|\n|-weather|RainDance|[upkeep]\n|upkeep\n|turn|2\n|\n|t:|1788389465\n|move|p2b: Melman|Twin Beam|p1a: peepee\n|-damage|p1a: peepee|60/100\n|-damage|p1a: peepee|37/100\n|-enditem|p1a: peepee|Sitrus Berry|[eat]\n|-heal|p1a: peepee|61/100|[from] item: Sitrus Berry\n|-hitcount|p1a: peepee|2\n|move|p2a: Morgana|Throat Chop|p1a: peepee\n|-crit|p1a: peepee\n|-damage|p1a: peepee|0 fnt\n|faint|p1a: peepee\n|move|p1b: 1MoveMerchant|Electro Shot||[still]\n|-prepare|p1b: 1MoveMerchant|Electro Shot\n|-boost|p1b: 1MoveMerchant|spa|1\n|-anim|p1b: 1MoveMerchant|Electro Shot|p2b: Melman\n|-damage|p2b: Melman|0 fnt\n|faint|p2b: Melman\n|\n|-weather|RainDance|[upkeep]\n|upkeep\n|\n|t:|1788389481\n|switch|p2b: Dracarys|Charizard, L50, F, shiny|100/100\n|switch|p1a: hi mama|Kangaskhan, L50, F|100/100\n|turn|3\n|\n|t:|1788389503\n|switch|p1b: Basculegion|Basculegion, L50, M|100/100\n|detailschange|p1a: hi mama|Kangaskhan-Mega, L50, F\n|-mega|p1a: hi mama|Kangaskhan|Kangaskhanite\n|move|p2b: Dracarys|Protect|p2b: Dracarys\n|-singleturn|p2b: Dracarys|Protect\n|move|p1a: hi mama|Fake Out|p2b: Dracarys\n|-activate|p2b: Dracarys|move: Protect\n|move|p2a: Morgana|Parting Shot|p1b: Basculegion\n|-unboost|p1b: Basculegion|atk|1\n|-unboost|p1b: Basculegion|spa|1\n|\n|t:|1788389511\n|switch|p2a: Queen of the Pond|Basculegion-F, L50, F, shiny|100/100|[from] Parting Shot\n|\n|-weather|RainDance|[upkeep]\n|upkeep\n|turn|4\n|inactive|Jim Leader Adam has 30 seconds left.\n|\n|t:|1788389538\n|switch|p2a: Morgana|Incineroar, L50, M|100/100\n|-ability|p2a: Morgana|Intimidate|boost\n|-unboost|p1a: hi mama|atk|1\n|-unboost|p1b: Basculegion|atk|1\n|detailschange|p2b: Dracarys|Charizard-Mega-Y, L50, F, shiny\n|-mega|p2b: Dracarys|Charizard|Charizardite Y\n|-weather|SunnyDay|[from] ability: Drought|[of] p2b: Dracarys\n|move|p1b: Basculegion|Last Respects|p2a: Morgana\n|-resisted|p2a: Morgana|1\n|-damage|p2a: Morgana|84/100\n|move|p1a: hi mama|Last Resort|p2b: Dracarys\n|-damage|p2b: Dracarys|32/100\n|-damage|p2b: Dracarys|15/100\n|-hitcount|p2b: Dracarys|2\n|move|p2b: Dracarys|Heat Wave|p1b: Basculegion|[spread] p1a,p1b\n|-resisted|p1b: Basculegion|1\n|-damage|p1a: hi mama|39/100\n|-damage|p1b: Basculegion|62/100\n|\n|-weather|SunnyDay|[upkeep]\n|-heal|p2a: Morgana|90/100|[from] item: Leftovers\n|upkeep\n|turn|5\n|inactive|Jim Leader Adam has 30 seconds left.\n|inactive|Jim Leader Adam has 20 seconds left.\n|c|☆dealwithdare|like bro what are you doing LMAO\n|\n|t:|1788389578\n|switch|p2b: Queen of the Pond|Basculegion-F, L50, F, shiny|100/100\n|move|p2a: Morgana|Flare Blitz|p1a: hi mama\n|-damage|p1a: hi mama|0 fnt\n|faint|p1a: hi mama\n|-damage|p2a: Morgana|78/100|[from] Recoil\n|move|p1b: Basculegion|Flip Turn|p2a: Morgana\n|-supereffective|p2a: Morgana|1\n|-damage|p2a: Morgana|56/100\n|c|☆dealwithdare|ur zard outspeeds\n|c|☆dealwithdare|everything\n|\n|t:|1788389586\n|switch|p1b: 1MoveMerchant|Archaludon, L50, F|100/100|[from] Flip Turn\n|\n|-weather|SunnyDay|[upkeep]\n|-heal|p2a: Morgana|62/100|[from] item: Leftovers\n|-fieldend|move: Trick Room\n|upkeep\n|\n|t:|1788389588\n|switch|p1a: Basculegion|Basculegion, L50, M|62/100\n|turn|6\n|\n|t:|1788389608\n|move|p1b: 1MoveMerchant|Aura Sphere|p2a: Morgana\n|-supereffective|p2a: Morgana|1\n|-damage|p2a: Morgana|14/100\n|move|p2b: Queen of the Pond|Shadow Ball|p1a: Basculegion\n|-supereffective|p1a: Basculegion|1\n|-damage|p1a: Basculegion|0 fnt\n|faint|p1a: Basculegion\n|move|p2a: Morgana|Flare Blitz|p1b: 1MoveMerchant\n|-damage|p1b: 1MoveMerchant|28/100\n|-ability|p1b: 1MoveMerchant|Stamina|boost\n|-boost|p1b: 1MoveMerchant|def|1\n|-damage|p2a: Morgana|0 fnt|[from] Recoil\n|faint|p2a: Morgana\n|\n|-weather|SunnyDay|[upkeep]\n|upkeep\n|c|☆Jim Leader Adam|SCARF ARCH LMAO\n|c|☆Jim Leader Adam|you suck\n|\n|t:|1788389622\n|switch|p2a: Dracarys|Charizard-Mega-Y, L50, F, shiny|15/100\n|turn|7\n|c|☆dealwithdare|?\n|c|☆dealwithdare|whats bad abt scarf\n|c|☆Jim Leader Adam|you talk the most shit for someone who just lost\n|inactive|dealwithdare has 30 seconds left.\n|inactive|Jim Leader Adam has 30 seconds left.\n|c|☆dealwithdare|my statements stand\n|c|☆dealwithdare|ur team doesnt make sense\n|inactive|dealwithdare has 20 seconds left.\n|inactive|Jim Leader Adam has 20 seconds left.\n|c|☆Jim Leader Adam|maybe you should change your own team first\n|inactive|dealwithdare has 15 seconds left.\n|inactive|Jim Leader Adam has 15 seconds left.\n|c|☆dealwithdare|every one of ur mons are above average speed tier\n|inactive|dealwithdare has 10 seconds left.\n|inactive|Jim Leader Adam has 10 seconds left.\n|c|☆dealwithdare|so why use trick room\n|c|☆Jim Leader Adam|im standing overtop of your mother getting ready to dick her down\n|inactive|dealwithdare has 5 seconds left.\n|inactive|Jim Leader Adam has 5 seconds left.\n|c|☆dealwithdare|LOL\n|\n|t:|1788389677\n|move|p1b: 1MoveMerchant|Aura Sphere|p2b: Queen of the Pond\n|-immune|p2b: Queen of the Pond\n|move|p2b: Queen of the Pond|Shadow Ball|p1b: 1MoveMerchant\n|-damage|p1b: 1MoveMerchant|0 fnt\n|faint|p1b: 1MoveMerchant\n|\n|win|Jim Leader Adam\n","uploadtime":1788389668,"views":"2","formatid":"gen9championsvgc2026regmb","rating":null,"private":0,"password":null}