{"id":"gen9championsvgc2026regmb-2674239872","format":"[Gen 9 Champions] VGC 2026 Reg M-B","players":["breakway","Drakediddler"],"log":"|j|☆breakway\n|j|☆Drakediddler\n|t:|1788321208\n|gametype|doubles\n|player|p1|breakway|red|1044\n|player|p2|Drakediddler|169|1038\n|gen|9\n|tier|[Gen 9 Champions] VGC 2026 Reg M-B\n|rated|\n|rule|Species Clause: Limit one of each Pokémon\n|rule|Item Clause: Limit 1 of each item\n|clearpoke\n|poke|p1|Jolteon, L50, M|\n|poke|p1|Sceptile, L50, M, shiny|\n|poke|p1|Sneasler, L50, M|\n|poke|p1|Whimsicott, L50, F|\n|poke|p1|Charizard, L50, M|\n|poke|p1|Kangaskhan, L50, F|\n|poke|p2|Tyranitar, L50, F|\n|poke|p2|Excadrill, L50, F|\n|poke|p2|Skarmory, L50, F|\n|poke|p2|Volcarona, L50, M|\n|poke|p2|Garchomp, L50, F|\n|poke|p2|Sinistcha, L50|\n|teampreview|4\n|\n|t:|1788321239\n|teamsize|p1|4\n|teamsize|p2|4\n|start\n|switch|p1a: Sceptile|Sceptile, L50, M, shiny|100/100\n|switch|p1b: Whimsicott|Whimsicott, L50, F|100/100\n|switch|p2a: Tyranitar|Tyranitar, L50, F|100/100\n|switch|p2b: Excadrill|Excadrill, L50, F|100/100\n|-weather|Sandstorm|[from] ability: Sand Stream|[of] p2a: Tyranitar\n|turn|1\n|\n|t:|1788321276\n|move|p1a: Sceptile|Protect|p1a: Sceptile\n|-singleturn|p1a: Sceptile|Protect\n|move|p1b: Whimsicott|Tailwind|p1b: Whimsicott\n|-sidestart|p1: breakway|move: Tailwind\n|move|p2b: Excadrill|Iron Head|p1b: Whimsicott\n|-supereffective|p1b: Whimsicott|1\n|-enditem|p1b: Whimsicott|Focus Sash\n|-damage|p1b: Whimsicott|1/100\n|move|p2a: Tyranitar|Dragon Dance|p2a: Tyranitar\n|-boost|p2a: Tyranitar|atk|1\n|-boost|p2a: Tyranitar|spe|1\n|\n|-weather|Sandstorm|[upkeep]\n|-damage|p1b: Whimsicott|0 fnt|[from] Sandstorm\n|-damage|p1a: Sceptile|93/100|[from] Sandstorm\n|faint|p1b: Whimsicott\n|upkeep\n|\n|t:|1788321289\n|switch|p1b: Sneasler|Sneasler, L50, M|100/100\n|turn|2\n|\n|t:|1788321307\n|detailschange|p1a: Sceptile|Sceptile-Mega, L50, M, shiny\n|-mega|p1a: Sceptile|Sceptile|Sceptilite\n|move|p2a: Tyranitar|Protect|p2a: Tyranitar\n|-singleturn|p2a: Tyranitar|Protect\n|move|p1a: Sceptile|Earth Power|p2b: Excadrill\n|-supereffective|p2b: Excadrill|1\n|-damage|p2b: Excadrill|0 fnt\n|faint|p2b: Excadrill\n|move|p1b: Sneasler|Close Combat|p2a: Tyranitar\n|-activate|p2a: Tyranitar|move: Protect\n|\n|-weather|Sandstorm|[upkeep]\n|-damage|p1a: Sceptile|87/100|[from] Sandstorm\n|-damage|p1b: Sneasler|94/100|[from] Sandstorm\n|upkeep\n|\n|t:|1788321323\n|switch|p2b: Skarmory|Skarmory, L50, F|100/100\n|turn|3\n|\n|t:|1788321345\n|switch|p2a: Volcarona|Volcarona, L50, M|100/100\n|detailschange|p2b: Skarmory|Skarmory-Mega, L50, F\n|-mega|p2b: Skarmory|Skarmory|Skarmorite\n|move|p1b: Sneasler|Protect|p1b: Sneasler\n|-singleturn|p1b: Sneasler|Protect\n|move|p1a: Sceptile|Earth Power|p2a: Volcarona\n|-damage|p2a: Volcarona|57/100\n|move|p2b: Skarmory|Dual Wingbeat|p1a: Sceptile\n|-supereffective|p1a: Sceptile|1\n|-damage|p1a: Sceptile|15/100\n|-supereffective|p1a: Sceptile|1\n|-damage|p1a: Sceptile|0 fnt\n|faint|p1a: Sceptile\n|-hitcount|p1: Sceptile|2\n|\n|-weather|Sandstorm|[upkeep]\n|-damage|p1b: Sneasler|88/100|[from] Sandstorm\n|-damage|p2a: Volcarona|50/100g|[from] Sandstorm\n|-heal|p2a: Volcarona|57/100|[from] item: Leftovers\n|upkeep\n|\n|t:|1788321358\n|switch|p1a: Charizard|Charizard, L50, M|100/100\n|turn|4\n|\n|t:|1788321386\n|move|p2b: Skarmory|Protect|p2b: Skarmory\n|-singleturn|p2b: Skarmory|Protect\n|move|p1b: Sneasler|Dire Claw|p2a: Volcarona\n|-damage|p2a: Volcarona|0 fnt\n|-status|p1b: Sneasler|brn|[from] ability: Flame Body|[of] p2a: Volcarona\n|faint|p2a: Volcarona\n|move|p1a: Charizard|Heat Wave|p2b: Skarmory\n|-activate|p2b: Skarmory|move: Protect\n|\n|-weather|Sandstorm|[upkeep]\n|-damage|p1b: Sneasler|82/100 brn|[from] Sandstorm\n|-damage|p1a: Charizard|94/100|[from] Sandstorm\n|-damage|p1b: Sneasler|76/100 brn|[from] brn\n|-sideend|p1: breakway|move: Tailwind\n|upkeep\n|\n|t:|1788321392\n|switch|p2a: Tyranitar|Tyranitar, L50, F|100/100\n|turn|5\n|\n|t:|1788321401\n|move|p1b: Sneasler|Close Combat|p2a: Tyranitar\n|-supereffective|p2a: Tyranitar|2\n|-damage|p2a: Tyranitar|3/100\n|-unboost|p1b: Sneasler|def|1\n|-unboost|p1b: Sneasler|spd|1\n|-enditem|p1b: Sneasler|White Herb\n|-clearnegativeboost|p1b: Sneasler|[silent]\n|move|p2b: Skarmory|Swords Dance|p2b: Skarmory\n|-boost|p2b: Skarmory|atk|2\n|move|p1a: Charizard|Heat Wave|p2b: Skarmory|[spread] p2a,p2b\n|-resisted|p2a: Tyranitar|1\n|-supereffective|p2b: Skarmory|1\n|-crit|p2b: Skarmory\n|-damage|p2a: Tyranitar|0 fnt\n|-damage|p2b: Skarmory|0 fnt\n|faint|p2a: Tyranitar\n|faint|p2b: Skarmory\n|\n|win|breakway\n|raw|breakway's rating: 1044 &rarr; <strong>1077</strong><br />(+33 for winning)\n|raw|Drakediddler's rating: 1038 &rarr; <strong>1023</strong><br />(-15 for losing)\n|c|☆breakway|Holy luck\n|c|☆breakway|Holy i won\n","uploadtime":1788321430,"views":"0","formatid":"gen9championsvgc2026regmb","rating":1023,"private":0,"password":null}