{"id":"gen9championsvgc2026regmbbo3-2674144527","format":"[Gen 9 Champions] VGC 2026 Reg M-B (Bo3)","players":["dubdecer","moicito"],"log":"|j|☆dubdecer\n|j|☆moicito\n|html|<table width=\"100%\"><tr><td align=\"left\">dubdecer</td><td align=\"right\">moicito</tr><tr><td align=\"left\"><i class=\"fa fa-circle-o\"></i> <i class=\"fa fa-circle-o\"></i> </td><td align=\"right\"><i class=\"fa fa-circle-o\"></i> <i class=\"fa fa-circle\"></i> </tr></table>\n|uhtml|bestof|<h2><strong>Game 2</strong> of <a href=\"/game-bestof3-gen9championsvgc2026regmbbo3-2674142515\">a best-of-3</a></h2>\n|t:|1788305756\n|gametype|doubles\n|player|p1|dubdecer|2|1261\n|player|p2|moicito|caitlin|1152\n|gen|9\n|tier|[Gen 9 Champions] VGC 2026 Reg M-B (Bo3)\n|rated|\n|rule|Species Clause: Limit one of each Pokémon\n|rule|Item Clause: Limit 1 of each item\n|clearpoke\n|poke|p1|Grimmsnarl, L50, M|\n|poke|p1|Tyranitar, L50, F|\n|poke|p1|Kommo-o, L50, F|\n|poke|p1|Sinistcha, L50|\n|poke|p1|Staraptor, L50, M|\n|poke|p1|Gholdengo, L50|\n|poke|p2|Whimsicott, L50, M|\n|poke|p2|Garchomp, L50, F|\n|poke|p2|Basculegion, L50, M|\n|poke|p2|Kingambit, L50, M|\n|poke|p2|Floette-Eternal, L50, F|\n|poke|p2|Charizard, L50, F|\n|teampreview|4\n|showteam|p1|Grimmsnarl||LightClay|Prankster|PartingShot,LightScreen,Reflect,FakeOut|Impish||M|||50|]Tyranitar||Tyranitarite|SandStream|KnockOff,RockSlide,DragonDance,Protect|Jolly||F|||50|]Kommo-o||Leftovers|Overcoat|BodyPress,ClangingScales,IronDefense,Protect|Modest||F|||50|]Sinistcha||SitrusBerry|Hospitality|MatchaGotcha,RagePowder,LifeDew,TrickRoom|Calm|||||50|]Staraptor||Staraptite|Intimidate|BraveBird,CloseCombat,Tailwind,Protect|Jolly||M|||50|]Gholdengo||ColburBerry|GoodasGold|MakeItRain,ShadowBall,NastyPlot,Protect|Modest|||||50|\n|showteam|p2|Whimsicott||FocusSash|Prankster|Moonblast,Tailwind,Encore,Protect|Timid||M|||50|]Garchomp||SitrusBerry|RoughSkin|DragonClaw,StompingTantrum,RockSlide,Protect|Adamant||F|||50|]Basculegion||LifeOrb|Adaptability|WaveCrash,LastRespects,AquaJet,Protect|Adamant||M|||50|]Kingambit||ChopleBerry|Defiant|KowtowCleave,IronHead,LowKick,SuckerPunch|Adamant||M|||50|]Floette-Eternal||Floettite|FlowerVeil|Moonblast,DazzlingGleam,LightofRuin,Protect|Timid||F|||50|]Charizard||CharizarditeY|Blaze|HeatWave,AncientPower,WeatherBall,Protect|Modest||F|||50|\n|inactive|Battle timer is ON: inactive players will automatically lose when time's up. (requested by dubdecer)\n|inactive|moicito has 60 seconds left.\n|inactive|moicito has 30 seconds left.\n|\n|t:|1788305823\n|teamsize|p1|4\n|teamsize|p2|4\n|start\n|switch|p1a: Kommo-o|Kommo-o, L50, F|100/100\n|switch|p1b: Gholdengo|Gholdengo, L50|100/100\n|switch|p2a: Whimsicott|Whimsicott, L50, M|100/100\n|switch|p2b: Garchomp|Garchomp, L50, F|100/100\n|turn|1\n|inactive|dubdecer has 30 seconds left.\n|\n|t:|1788305850\n|move|p1a: Kommo-o|Protect|p1a: Kommo-o\n|-singleturn|p1a: Kommo-o|Protect\n|move|p2a: Whimsicott|Moonblast|p1a: Kommo-o\n|-activate|p1a: Kommo-o|move: Protect\n|move|p2b: Garchomp|Rock Slide|p1b: Gholdengo|[spread] p1b\n|-activate|p1a: Kommo-o|move: Protect\n|-resisted|p1b: Gholdengo|1\n|-damage|p1b: Gholdengo|91/100\n|move|p1b: Gholdengo|Make It Rain|p2a: Whimsicott|[spread] p2a,p2b\n|-supereffective|p2a: Whimsicott|1\n|-enditem|p2a: Whimsicott|Focus Sash\n|-damage|p2a: Whimsicott|1/100\n|-damage|p2b: Garchomp|47/100\n|-unboost|p1b: Gholdengo|spa|2\n|-enditem|p2b: Garchomp|Sitrus Berry|[eat]\n|-heal|p2b: Garchomp|72/100|[from] item: Sitrus Berry\n|\n|upkeep\n|turn|2\n|\n|t:|1788305874\n|switch|p1a: Sinistcha|Sinistcha, L50|100/100\n|-heal|p1b: Gholdengo|100/100|[from] ability: Hospitality|[of] p1a: Sinistcha\n|move|p1b: Gholdengo|Protect|p1b: Gholdengo\n|-singleturn|p1b: Gholdengo|Protect\n|move|p2a: Whimsicott|Moonblast|p1a: Sinistcha\n|-damage|p1a: Sinistcha|65/100\n|move|p2b: Garchomp|Stomping Tantrum|p1b: Gholdengo\n|-activate|p1b: Gholdengo|move: Protect\n|\n|upkeep\n|turn|3\n|\n|t:|1788305889\n|switch|p2a: Kingambit|Kingambit, L50, M|100/100\n|switch|p1b: Kommo-o|Kommo-o, L50, F|100/100\n|move|p2b: Garchomp|Rock Slide|p1a: Sinistcha|[spread] p1a,p1b\n|-resisted|p1b: Kommo-o|1\n|-damage|p1a: Sinistcha|51/100\n|-damage|p1b: Kommo-o|93/100\n|cant|p1a: Sinistcha|flinch\n|\n|-heal|p1b: Kommo-o|99/100|[from] item: Leftovers\n|upkeep\n|turn|4\n|inactive|moicito has 30 seconds left.\n|\n|t:|1788305916\n|switch|p2b: Whimsicott|Whimsicott, L50, M|1/100\n|switch|p2a: Floette|Floette-Eternal, L50, F|100/100\n|move|p1a: Sinistcha|Rage Powder|p1a: Sinistcha\n|-singleturn|p1a: Sinistcha|move: Rage Powder\n|move|p1b: Kommo-o|Iron Defense|p1b: Kommo-o\n|-boost|p1b: Kommo-o|def|2\n|\n|-heal|p1b: Kommo-o|100/100|[from] item: Leftovers\n|upkeep\n|turn|5\n|\n|t:|1788305938\n|switch|p1a: Tyranitar|Tyranitar, L50, F|100/100\n|-weather|Sandstorm|[from] ability: Sand Stream|[of] p1a: Tyranitar\n|detailschange|p2a: Floette|Floette-Mega, L50, F\n|-mega|p2a: Floette|Floette|Floettite\n|-ability|p2a: Floette|Fairy Aura\n|move|p1b: Kommo-o|Protect|p1b: Kommo-o\n|-singleturn|p1b: Kommo-o|Protect\n|move|p2b: Whimsicott|Moonblast|p1b: Kommo-o\n|-activate|p1b: Kommo-o|move: Protect\n|move|p2a: Floette|Moonblast|p1a: Tyranitar\n|-supereffective|p1a: Tyranitar|1\n|-damage|p1a: Tyranitar|0 fnt\n|faint|p1a: Tyranitar\n|\n|-weather|Sandstorm|[upkeep]\n|-damage|p2b: Whimsicott|0 fnt|[from] Sandstorm\n|-damage|p2a: Floette|94/100|[from] Sandstorm\n|faint|p2b: Whimsicott\n|upkeep\n|\n|t:|1788305960\n|switch|p2b: Kingambit|Kingambit, L50, M|100/100\n|switch|p1a: Gholdengo|Gholdengo, L50|100/100\n|turn|6\n|\n|t:|1788305983\n|switch|p1b: Sinistcha|Sinistcha, L50|51/100\n|move|p2a: Floette|Dazzling Gleam|p1b: Sinistcha|[spread] p1a,p1b\n|-resisted|p1a: Gholdengo|1\n|-damage|p1a: Gholdengo|76/100\n|-damage|p1b: Sinistcha|3/100\n|-enditem|p1b: Sinistcha|Sitrus Berry|[eat]\n|-heal|p1b: Sinistcha|28/100|[from] item: Sitrus Berry\n|move|p1a: Gholdengo|Make It Rain|p2a: Floette|[spread] p2a,p2b\n|-supereffective|p2a: Floette|1\n|-resisted|p2b: Kingambit|1\n|-damage|p2a: Floette|8/100\n|-damage|p2b: Kingambit|80/100\n|-unboost|p1a: Gholdengo|spa|2\n|move|p2b: Kingambit|Kowtow Cleave|p1a: Gholdengo\n|-supereffective|p1a: Gholdengo|1\n|-enditem|p1a: Gholdengo|Colbur Berry|[eat]\n|-enditem|p1a: Gholdengo|Colbur Berry|[weaken]\n|-damage|p1a: Gholdengo|33/100\n|\n|-weather|Sandstorm|[upkeep]\n|-damage|p2a: Floette|2/100|[from] Sandstorm\n|-damage|p1b: Sinistcha|22/100|[from] Sandstorm\n|upkeep\n|turn|7\n|inactive|dubdecer has 30 seconds left.\n|inactive|moicito has 30 seconds left.\n|\n|t:|1788306012\n|move|p1a: Gholdengo|Protect|p1a: Gholdengo\n|-singleturn|p1a: Gholdengo|Protect\n|move|p2a: Floette|Dazzling Gleam|p1a: Gholdengo|[spread] p1b\n|-activate|p1a: Gholdengo|move: Protect\n|-damage|p1b: Sinistcha|0 fnt\n|faint|p1b: Sinistcha\n|move|p2b: Kingambit|Kowtow Cleave|p1a: Gholdengo\n|-activate|p1a: Gholdengo|move: Protect\n|\n|-weather|Sandstorm|[upkeep]\n|-damage|p2a: Floette|0 fnt|[from] Sandstorm\n|faint|p2a: Floette\n|upkeep\n|\n|t:|1788306023\n|switch|p2a: Garchomp|Garchomp, L50, F|72/100\n|switch|p1b: Kommo-o|Kommo-o, L50, F|100/100\n|turn|8\n|\n|t:|1788306048\n|move|p2b: Kingambit|Sucker Punch|p1b: Kommo-o\n|-resisted|p1b: Kommo-o|1\n|-damage|p1b: Kommo-o|86/100\n|move|p2a: Garchomp|Dragon Claw|p1b: Kommo-o\n|-supereffective|p1b: Kommo-o|1\n|-damage|p1b: Kommo-o|28/100\n|move|p1b: Kommo-o|Body Press|p2b: Kingambit\n|-supereffective|p2b: Kingambit|2\n|-enditem|p2b: Kingambit|Chople Berry|[eat]\n|-enditem|p2b: Kingambit|Chople Berry|[weaken]\n|-damage|p2b: Kingambit|21/100\n|move|p1a: Gholdengo|Nasty Plot|p1a: Gholdengo\n|-boost|p1a: Gholdengo|spa|2\n|\n|-weather|Sandstorm|[upkeep]\n|-heal|p1b: Kommo-o|35/100|[from] item: Leftovers\n|upkeep\n|turn|9\n|inactive|dubdecer has 30 seconds left.\n|\n|t:|1788306078\n|move|p2b: Kingambit|Sucker Punch|p1a: Gholdengo\n|-supereffective|p1a: Gholdengo|1\n|-damage|p1a: Gholdengo|0 fnt\n|faint|p1a: Gholdengo\n|move|p2a: Garchomp|Dragon Claw|p1b: Kommo-o\n|-supereffective|p1b: Kommo-o|1\n|-damage|p1b: Kommo-o|0 fnt\n|faint|p1b: Kommo-o\n|\n|win|moicito\n|raw|dubdecer's rating: 1261 &rarr; <strong>1228</strong><br />(-33 for losing)\n|raw|moicito's rating: 1152 &rarr; <strong>1185</strong><br />(+33 for winning)\n|c|☆moicito|gg\n|l|☆dubdecer\n|player|p1|\n","uploadtime":1788306089,"views":"2","formatid":"gen9championsvgc2026regmbbo3","rating":1185,"private":0,"password":null}