{"id":"gen9championsvgc2026regmb-2674515624","format":"[Gen 9 Champions] VGC 2026 Reg M-B","players":["gonegeb","ultranoob200o"],"log":"|j|☆gonegeb\n|j|☆ultranoob200o\n|t:|1788368924\n|gametype|doubles\n|player|p1|gonegeb|corbeau|1337\n|player|p2|ultranoob200o|102|1385\n|gen|9\n|tier|[Gen 9 Champions] VGC 2026 Reg M-B\n|rated|\n|rule|Species Clause: Limit one of each Pokémon\n|rule|Item Clause: Limit 1 of each item\n|clearpoke\n|poke|p1|Lucario, L50, M|\n|poke|p1|Umbreon, L50, M, shiny|\n|poke|p1|Arcanine-Hisui, L50, M, shiny|\n|poke|p1|Ceruledge, L50, M|\n|poke|p1|Corviknight, L50, M|\n|poke|p1|Whimsicott, L50, F, shiny|\n|poke|p2|Floette-Eternal, L50, F|\n|poke|p2|Aerodactyl, L50, M|\n|poke|p2|Garchomp, L50, F|\n|poke|p2|Kangaskhan, L50, F, shiny|\n|poke|p2|Rotom-Wash, L50, shiny|\n|poke|p2|Aegislash, L50, M, shiny|\n|teampreview|4\n|\n|t:|1788368958\n|teamsize|p1|4\n|teamsize|p2|4\n|start\n|switch|p1a: Umbreon|Umbreon, L50, M, shiny|100/100\n|switch|p1b: Whimsicott|Whimsicott, L50, F, shiny|100/100\n|switch|p2a: row|Aerodactyl, L50, M|100/100\n|switch|p2b: cho|Garchomp, L50, F|100/100\n|-ability|p2a: row|Unnerve\n|turn|1\n|\n|t:|1788368972\n|move|p1b: Whimsicott|Taunt|p2a: row\n|-start|p2a: row|move: Taunt\n|cant|p2a: row|move: Taunt|Tailwind\n|move|p2b: cho|Earthquake|p1b: Whimsicott|[spread] p1a,p1b\n|-immune|p2a: row\n|-resisted|p1b: Whimsicott|1\n|-damage|p1a: Umbreon|67/100\n|-damage|p1b: Whimsicott|70/100\n|move|p1a: Umbreon|Foul Play|p2b: cho\n|-damage|p2b: cho|45/100\n|-damage|p1a: Umbreon|54/100|[from] ability: Rough Skin|[of] p2b: cho\n|\n|-heal|p1a: Umbreon|60/100|[from] item: Leftovers\n|upkeep\n|turn|2\n|\n|t:|1788368986\n|move|p2a: row|Rock Slide|p1a: Umbreon|[spread] p1a,p1b\n|-damage|p1a: Umbreon|41/100\n|-damage|p1b: Whimsicott|30/100\n|move|p1b: Whimsicott|Moonblast|p2b: cho\n|-supereffective|p2b: cho|1\n|-damage|p2b: cho|0 fnt\n|faint|p2b: cho\n|move|p1a: Umbreon|Foul Play|p2a: row\n|-damage|p2a: row|25/100\n|\n|-heal|p1a: Umbreon|47/100|[from] item: Leftovers\n|upkeep\n|\n|t:|1788368997\n|switch|p2b: tow|Rotom-Wash, L50, shiny|100/100\n|turn|3\n|\n|t:|1788369007\n|move|p1b: Whimsicott|Tailwind|p1b: Whimsicott\n|-sidestart|p1: gonegeb|move: Tailwind\n|move|p2b: tow|Electroweb|p1a: Umbreon|[spread] p1a,p1b\n|-resisted|p1b: Whimsicott|1\n|-damage|p1a: Umbreon|36/100\n|-damage|p1b: Whimsicott|16/100\n|-unboost|p1a: Umbreon|spe|1\n|-unboost|p1b: Whimsicott|spe|1\n|move|p2a: row|Rock Slide|p1b: Whimsicott|[spread] p1b\n|-miss|p2a: row|p1a: Umbreon\n|-damage|p1b: Whimsicott|0 fnt\n|faint|p1b: Whimsicott\n|move|p1a: Umbreon|Snarl|p2b: tow|[spread] p2a,p2b\n|-damage|p2a: row|11/100\n|-damage|p2b: tow|85/100\n|-unboost|p2a: row|spa|1\n|-unboost|p2b: tow|spa|1\n|\n|-heal|p1a: Umbreon|42/100|[from] item: Leftovers\n|-end|p2a: row|move: Taunt\n|upkeep\n|\n|t:|1788369017\n|switch|p1b: Arcanine|Arcanine-Hisui, L50, M, shiny|100/100\n|turn|4\n|\n|t:|1788369035\n|move|p1b: Arcanine|Extreme Speed|p2a: row\n|-resisted|p2a: row|1\n|-damage|p2a: row|0 fnt\n|faint|p2a: row\n|move|p2b: tow|Electroweb|p1a: Umbreon|[spread] p1a,p1b\n|-damage|p1a: Umbreon|35/100\n|-damage|p1b: Arcanine|85/100\n|-unboost|p1a: Umbreon|spe|1\n|-unboost|p1b: Arcanine|spe|1\n|move|p1a: Umbreon|Snarl|p2b: tow\n|-damage|p2b: tow|68/100\n|-unboost|p2b: tow|spa|1\n|\n|-heal|p1a: Umbreon|41/100|[from] item: Leftovers\n|upkeep\n|\n|t:|1788369041\n|switch|p2a: flow|Floette-Eternal, L50, F|100/100\n|turn|5\n|\n|t:|1788369048\n|detailschange|p2a: flow|Floette-Mega, L50, F\n|-mega|p2a: flow|Floette|Floettite\n|-ability|p2a: flow|Fairy Aura\n|move|p2b: tow|Electroweb|p1b: Arcanine|[spread] p1a,p1b\n|-damage|p1a: Umbreon|35/100\n|-damage|p1b: Arcanine|74/100\n|-unboost|p1a: Umbreon|spe|1\n|-unboost|p1b: Arcanine|spe|1\n|move|p2a: flow|Dazzling Gleam|p1b: Arcanine|[spread] p1a,p1b\n|-supereffective|p1a: Umbreon|1\n|-resisted|p1b: Arcanine|1\n|-damage|p1a: Umbreon|0 fnt\n|-damage|p1b: Arcanine|49/100\n|faint|p1a: Umbreon\n|move|p1b: Arcanine|Head Smash|p2a: flow\n|-damage|p2a: flow|13/100\n|\n|upkeep\n|\n|t:|1788369050\n|switch|p1a: Lucario|Lucario, L50, M|100/100\n|turn|6\n|\n|t:|1788369064\n|detailschange|p1a: Lucario|Lucario-Mega, L50, M\n|-mega|p1a: Lucario|Lucario|Lucarionite\n|move|p2a: flow|Protect|p2a: flow\n|-singleturn|p2a: flow|Protect\n|move|p1b: Arcanine|Extreme Speed|p2a: flow\n|-activate|p2a: flow|move: Protect\n|move|p1a: Lucario|Close Combat|p2b: tow\n|-damage|p2b: tow|0 fnt\n|-unboost|p1a: Lucario|def|1\n|-unboost|p1a: Lucario|spd|1\n|faint|p2b: tow\n|\n|-sideend|p1: gonegeb|move: Tailwind\n|upkeep\n|turn|7\n|c|☆gonegeb|gg\n|\n|t:|1788369075\n|move|p1b: Arcanine|Extreme Speed|p2a: flow\n|-damage|p2a: flow|0 fnt\n|faint|p2a: flow\n|\n|win|gonegeb\n|raw|gonegeb's rating: 1337 &rarr; <strong>1360</strong><br />(+23 for winning)\n|raw|ultranoob200o's rating: 1385 &rarr; <strong>1362</strong><br />(-23 for losing)\n|l|☆ultranoob200o\n|player|p2|\n","uploadtime":1788369087,"views":"0","formatid":"gen9championsvgc2026regmb","rating":1360,"private":0,"password":null}