{"id":"gen9championsvgc2026regmb-2674251671","format":"[Gen 9 Champions] VGC 2026 Reg M-B","players":["nitian666","Saintfijiwater"],"log":"|j|☆nitian666\n|j|☆Saintfijiwater\n|t:|1788323691\n|gametype|doubles\n|player|p1|nitian666|steven|1241\n|player|p2|Saintfijiwater|cameraman|1196\n|gen|9\n|tier|[Gen 9 Champions] VGC 2026 Reg M-B\n|rated|\n|rule|Species Clause: Limit one of each Pokémon\n|rule|Item Clause: Limit 1 of each item\n|clearpoke\n|poke|p1|Raichu, L50, M|\n|poke|p1|Charizard, L50, M|\n|poke|p1|Ninetales-Alola, L50, M|\n|poke|p1|Garchomp, L50, F|\n|poke|p1|Incineroar, L50, F|\n|poke|p1|Whimsicott, L50, F|\n|poke|p2|Blaziken, L50, F|\n|poke|p2|Kingambit, L50, F|\n|poke|p2|Whimsicott, L50, F|\n|poke|p2|Ninetales-Alola, L50, F|\n|poke|p2|Basculegion, L50, M|\n|poke|p2|Garchomp, L50, F|\n|teampreview|4\n|inactive|Battle timer is ON: inactive players will automatically lose when time's up. (requested by Saintfijiwater)\n|inactive|Saintfijiwater has 60 seconds left.\n|\n|t:|1788323748\n|teamsize|p1|4\n|teamsize|p2|4\n|start\n|switch|p1a: Charizard|Charizard, L50, M|100/100\n|switch|p1b: Garchomp|Garchomp, L50, F|100/100\n|switch|p2a: Basculegion|Basculegion, L50, M|100/100\n|switch|p2b: Blaziken|Blaziken, L50, F|100/100\n|turn|1\n|\n|t:|1788323768\n|switch|p1b: Whimsicott|Whimsicott, L50, F|100/100\n|detailschange|p1a: Charizard|Charizard-Mega-Y, L50, M\n|-mega|p1a: Charizard|Charizard|Charizardite Y\n|-weather|SunnyDay|[from] ability: Drought|[of] p1a: Charizard\n|detailschange|p2b: Blaziken|Blaziken-Mega, L50, F\n|-mega|p2b: Blaziken|Blaziken|Blazikenite\n|move|p2b: Blaziken|Detect|p2b: Blaziken\n|-singleturn|p2b: Blaziken|Protect\n|move|p2a: Basculegion|Flip Turn|p1a: Charizard\n|-supereffective|p1a: Charizard|1\n|-damage|p1a: Charizard|60/100\n|\n|t:|1788323781\n|switch|p2a: Garchomp|Garchomp, L50, F|100/100|[from] Flip Turn\n|move|p1a: Charizard|Solar Beam||[still]\n|-prepare|p1a: Charizard|Solar Beam\n|-anim|p1a: Charizard|Solar Beam|p2a: Garchomp\n|-damage|p2a: Garchomp|43/100\n|\n|-weather|SunnyDay|[upkeep]\n|-ability|p2b: Blaziken|Speed Boost|boost\n|-boost|p2b: Blaziken|spe|1\n|upkeep\n|turn|2\n|\n|t:|1788323803\n|switch|p1a: Garchomp|Garchomp, L50, F|100/100\n|move|p2b: Blaziken|Flare Blitz|p1b: Whimsicott\n|-supereffective|p1b: Whimsicott|1\n|-enditem|p1b: Whimsicott|Focus Sash\n|-damage|p1b: Whimsicott|1/100\n|-damage|p2b: Blaziken|70/100|[from] Recoil\n|move|p1b: Whimsicott|Moonblast|p2a: Garchomp\n|-supereffective|p2a: Garchomp|1\n|-damage|p2a: Garchomp|0 fnt\n|faint|p2a: Garchomp\n|\n|-weather|SunnyDay|[upkeep]\n|-ability|p2b: Blaziken|Speed Boost|boost\n|-boost|p2b: Blaziken|spe|1\n|upkeep\n|\n|t:|1788323819\n|switch|p2a: Basculegion|Basculegion, L50, M|100/100\n|turn|3\n|\n|t:|1788323844\n|move|p1b: Whimsicott|Tailwind|p1b: Whimsicott\n|-sidestart|p1: nitian666|move: Tailwind\n|move|p1a: Garchomp|Earthquake|p2a: Basculegion|[spread] p1b,p2a,p2b\n|-resisted|p1b: Whimsicott|1\n|-supereffective|p2b: Blaziken|1\n|-damage|p1b: Whimsicott|0 fnt\n|-damage|p2a: Basculegion|36/100\n|-damage|p2b: Blaziken|0 fnt\n|faint|p1b: Whimsicott\n|faint|p2b: Blaziken\n|-damage|p1a: Garchomp|90/100|[from] item: Life Orb\n|move|p2a: Basculegion|Flip Turn|p1a: Garchomp\n|-damage|p1a: Garchomp|70/100\n|-damage|p2a: Basculegion|24/100|[from] ability: Rough Skin|[of] p1a: Garchomp\n|\n|t:|1788323849\n|switch|p2a: Kingambit|Kingambit, L50, F|100/100|[from] Flip Turn\n|\n|-weather|SunnyDay|[upkeep]\n|upkeep\n|\n|t:|1788323866\n|switch|p1b: Incineroar|Incineroar, L50, F|100/100\n|switch|p2b: Basculegion|Basculegion, L50, M|24/100\n|-ability|p1b: Incineroar|Intimidate|boost\n|-unboost|p2a: Kingambit|atk|1\n|-ability|p2a: Kingambit|Defiant|boost\n|-boost|p2a: Kingambit|atk|2\n|-unboost|p2b: Basculegion|atk|1\n|turn|4\n|\n|t:|1788323888\n|switch|p1b: Charizard|Charizard-Mega-Y, L50, M|60/100\n|move|p2a: Kingambit|Protect|p2a: Kingambit\n|-singleturn|p2a: Kingambit|Protect\n|move|p1a: Garchomp|Earthquake|p2b: Basculegion|[spread] p2b\n|-activate|p2a: Kingambit|move: Protect\n|-immune|p1b: Charizard\n|-damage|p2b: Basculegion|0 fnt\n|faint|p2b: Basculegion\n|-damage|p1a: Garchomp|61/100|[from] item: Life Orb\n|\n|-weather|SunnyDay|[upkeep]\n|upkeep\n|turn|5\n|-message|Saintfijiwater forfeited.\n|\n|win|nitian666\n|raw|nitian666's rating: 1241 &rarr; <strong>1263</strong><br />(+22 for winning)\n|raw|Saintfijiwater's rating: 1196 &rarr; <strong>1174</strong><br />(-22 for losing)\n|l|☆Saintfijiwater\n|player|p2|\n","uploadtime":1788323919,"views":"2","formatid":"gen9championsvgc2026regmb","rating":1174,"private":0,"password":null}