{"id":"gen9championsvgc2026regmb-2674587216","format":"[Gen 9 Champions] VGC 2026 Reg M-B","players":["Raider3323","prealpha7"],"log":"|j|☆Raider3323\n|j|☆prealpha7\n|t:|1788377166\n|gametype|doubles\n|player|p1|Raider3323|102|1287\n|player|p2|prealpha7|hilbert|1294\n|gen|9\n|tier|[Gen 9 Champions] VGC 2026 Reg M-B\n|rated|\n|rule|Species Clause: Limit one of each Pokémon\n|rule|Item Clause: Limit 1 of each item\n|clearpoke\n|poke|p1|Metagross, L50, shiny|\n|poke|p1|Incineroar, L50, F, shiny|\n|poke|p1|Tsareena, L50, F|\n|poke|p1|Primarina, L50, M|\n|poke|p1|Annihilape, L50, F|\n|poke|p1|Dragonite, L50, M, shiny|\n|poke|p2|Charizard, L50, M|\n|poke|p2|Venusaur, L50, F|\n|poke|p2|Pelipper, L50, M|\n|poke|p2|Archaludon, L50, F|\n|poke|p2|Grimmsnarl, L50, M|\n|poke|p2|Swampert, L50, F|\n|teampreview|4\n|inactive|Battle timer is ON: inactive players will automatically lose when time's up. (requested by prealpha7)\n|inactive|prealpha7 has 60 seconds left.\n|\n|t:|1788377214\n|teamsize|p1|4\n|teamsize|p2|4\n|start\n|switch|p1a: Lannister|Incineroar, L50, F, shiny|100/100\n|switch|p1b: Ultron|Metagross, L50, shiny|100/100\n|switch|p2a: Charizard|Charizard, L50, M|100/100\n|switch|p2b: Venusaur|Venusaur, L50, F|100/100\n|-ability|p1a: Lannister|Intimidate|boost\n|-unboost|p2a: Charizard|atk|1\n|-unboost|p2b: Venusaur|atk|1\n|turn|1\n|\n|t:|1788377224\n|detailschange|p1b: Ultron|Metagross-Mega, L50, shiny\n|-mega|p1b: Ultron|Metagross|Metagrossite\n|move|p2a: Charizard|Protect|p2a: Charizard\n|-singleturn|p2a: Charizard|Protect\n|move|p2b: Venusaur|Protect|p2b: Venusaur\n|-singleturn|p2b: Venusaur|Protect\n|move|p1a: Lannister|Fake Out|p2b: Venusaur\n|-activate|p2b: Venusaur|move: Protect\n|move|p1b: Ultron|Rock Slide|p2a: Charizard|[spread] \n|-activate|p2a: Charizard|move: Protect\n|-activate|p2b: Venusaur|move: Protect\n|\n|upkeep\n|turn|2\n|\n|t:|1788377236\n|detailschange|p2a: Charizard|Charizard-Mega-Y, L50, M\n|-mega|p2a: Charizard|Charizard|Charizardite Y\n|-weather|SunnyDay|[from] ability: Drought|[of] p2a: Charizard\n|move|p1b: Ultron|Protect|p1b: Ultron\n|-singleturn|p1b: Ultron|Protect\n|move|p2b: Venusaur|Sleep Powder|p1b: Ultron\n|-activate|p1b: Ultron|move: Protect\n|move|p2a: Charizard|Heat Wave|p1a: Lannister|[spread] p1a\n|-activate|p1b: Ultron|move: Protect\n|-resisted|p1a: Lannister|1\n|-damage|p1a: Lannister|78/100\n|move|p1a: Lannister|Flare Blitz|p2b: Venusaur\n|-supereffective|p2b: Venusaur|1\n|-enditem|p2b: Venusaur|Focus Sash\n|-damage|p2b: Venusaur|1/100\n|-status|p2b: Venusaur|brn\n|-damage|p1a: Lannister|53/100|[from] Recoil\n|\n|-weather|SunnyDay|[upkeep]\n|-damage|p2b: Venusaur|0 fnt|[from] brn\n|faint|p2b: Venusaur\n|upkeep\n|\n|t:|1788377247\n|switch|p2b: Pelipper|Pelipper, L50, M|100/100\n|-weather|RainDance|[from] ability: Drizzle|[of] p2b: Pelipper\n|turn|3\n|\n|t:|1788377252\n|switch|p2a: Archaludon|Archaludon, L50, F|100/100\n|switch|p1a: Primarina|Primarina, L50, M|100/100\n|move|p2b: Pelipper|Wide Guard|p2b: Pelipper\n|-singleturn|p2b: Pelipper|Wide Guard\n|move|p1b: Ultron|Psychic Fangs|p2a: Archaludon\n|-resisted|p2a: Archaludon|1\n|-damage|p2a: Archaludon|76/100\n|-ability|p2a: Archaludon|Stamina|boost\n|-boost|p2a: Archaludon|def|1\n|\n|-weather|RainDance|[upkeep]\n|-heal|p2a: Archaludon|82/100|[from] item: Leftovers\n|upkeep\n|turn|4\n|\n|t:|1788377273\n|move|p2a: Archaludon|Protect|p2a: Archaludon\n|-singleturn|p2a: Archaludon|Protect\n|move|p1b: Ultron|Rock Slide|p2a: Archaludon|[spread] \n|-activate|p2a: Archaludon|move: Protect\n|-miss|p1b: Ultron|p2b: Pelipper\n|move|p2b: Pelipper|Tailwind|p2b: Pelipper\n|-sidestart|p2: prealpha7|move: Tailwind\n|move|p1a: Primarina|Moonblast|p2a: Archaludon\n|-activate|p2a: Archaludon|move: Protect\n|\n|-weather|RainDance|[upkeep]\n|-heal|p2a: Archaludon|88/100|[from] item: Leftovers\n|upkeep\n|turn|5\n|\n|t:|1788377283\n|move|p1a: Primarina|Protect|p1a: Primarina\n|-singleturn|p1a: Primarina|Protect\n|move|p2a: Archaludon|Electro Shot||[still]\n|-prepare|p2a: Archaludon|Electro Shot\n|-boost|p2a: Archaludon|spa|1\n|-anim|p2a: Archaludon|Electro Shot|p1a: Primarina\n|-activate|p1a: Primarina|move: Protect\n|move|p1b: Ultron|Psychic Fangs|p2b: Pelipper\n|-damage|p2b: Pelipper|49/100\n|-enditem|p2b: Pelipper|Sitrus Berry|[eat]\n|-heal|p2b: Pelipper|74/100|[from] item: Sitrus Berry\n|move|p2b: Pelipper|Weather Ball|p1b: Ultron\n|-damage|p1b: Ultron|46/100\n|\n|-weather|RainDance|[upkeep]\n|-heal|p2a: Archaludon|94/100|[from] item: Leftovers\n|upkeep\n|turn|6\n|\n|t:|1788377301\n|switch|p1a: Lannister|Incineroar, L50, F, shiny|53/100\n|-ability|p1a: Lannister|Intimidate|boost\n|-unboost|p2a: Archaludon|atk|1\n|-unboost|p2b: Pelipper|atk|1\n|move|p2a: Archaludon|Electro Shot||[still]\n|-prepare|p2a: Archaludon|Electro Shot\n|-boost|p2a: Archaludon|spa|1\n|-anim|p2a: Archaludon|Electro Shot|p1b: Ultron\n|-damage|p1b: Ultron|0 fnt\n|faint|p1b: Ultron\n|move|p2b: Pelipper|Weather Ball|p1a: Lannister\n|-supereffective|p1a: Lannister|1\n|-damage|p1a: Lannister|0 fnt\n|faint|p1a: Lannister\n|\n|-weather|RainDance|[upkeep]\n|-heal|p2a: Archaludon|100/100|[from] item: Leftovers\n|upkeep\n|\n|t:|1788377303\n|switch|p1b: Annihilape|Annihilape, L50, F|100/100\n|switch|p1a: Primarina|Primarina, L50, M|100/100\n|turn|7\n|inactive|prealpha7 has 30 seconds left.\n|\n|t:|1788377331\n|move|p2a: Archaludon|Electro Shot||[still]\n|-prepare|p2a: Archaludon|Electro Shot\n|-boost|p2a: Archaludon|spa|1\n|-anim|p2a: Archaludon|Electro Shot|p1a: Primarina\n|-supereffective|p1a: Primarina|1\n|-damage|p1a: Primarina|0 fnt\n|faint|p1a: Primarina\n|move|p2b: Pelipper|Hurricane|p1b: Annihilape\n|-supereffective|p1b: Annihilape|1\n|-damage|p1b: Annihilape|46/100\n|move|p1b: Annihilape|Bulk Up|p1b: Annihilape\n|-boost|p1b: Annihilape|atk|1\n|-boost|p1b: Annihilape|def|1\n|\n|-weather|none\n|-sideend|p2: prealpha7|move: Tailwind\n|upkeep\n|turn|8\n|c|☆prealpha7|gg\n|\n|t:|1788377349\n|move|p2a: Archaludon|Protect|p2a: Archaludon\n|-singleturn|p2a: Archaludon|Protect\n|move|p1b: Annihilape|Drain Punch|p2a: Archaludon\n|-activate|p2a: Archaludon|move: Protect\n|move|p2b: Pelipper|Tailwind|p2b: Pelipper\n|-sidestart|p2: prealpha7|move: Tailwind\n|\n|upkeep\n|turn|9\n|-message|Raider3323 forfeited.\n|\n|win|prealpha7\n|raw|Raider3323's rating: 1287 &rarr; <strong>1263</strong><br />(-24 for losing)\n|raw|prealpha7's rating: 1294 &rarr; <strong>1318</strong><br />(+24 for winning)\n|l|☆Raider3323\n|player|p1|\n","uploadtime":1788377355,"views":"1","formatid":"gen9championsvgc2026regmb","rating":1263,"private":0,"password":null}