{"id":"gen9championsvgc2026regmb-2674824542","format":"[Gen 9 Champions] VGC 2026 Reg M-B","players":["yubzhubz","ethalem"],"log":"|j|☆yubzhubz\n|j|☆ethalem\n|t:|1788414629\n|gametype|doubles\n|player|p1|yubzhubz|hiker|1388\n|player|p2|ethalem|acetrainer-gen4dp|1483\n|gen|9\n|tier|[Gen 9 Champions] VGC 2026 Reg M-B\n|rated|\n|rule|Species Clause: Limit one of each Pokémon\n|rule|Item Clause: Limit 1 of each item\n|clearpoke\n|poke|p1|Archaludon, L50, M|\n|poke|p1|Dragonite, L50, M|\n|poke|p1|Sinistcha, L50|\n|poke|p1|Politoed, L50, F|\n|poke|p1|Sableye, L50, F, shiny|\n|poke|p1|Venusaur, L50, M|\n|poke|p2|Dragonite, L50, M|\n|poke|p2|Sneasler, L50, F|\n|poke|p2|Basculegion, L50, M|\n|poke|p2|Kingambit, L50, M|\n|poke|p2|Garchomp, L50, M|\n|poke|p2|Floette-Eternal, L50, F|\n|teampreview|4\n|inactive|Battle timer is ON: inactive players will automatically lose when time's up. (requested by ethalem)\n|inactive|yubzhubz also wants the timer to be on.\n|\n|t:|1788414652\n|teamsize|p1|4\n|teamsize|p2|4\n|start\n|switch|p1a: Sableye|Sableye, L50, F, shiny|100/100\n|switch|p1b: Venusaur|Venusaur, L50, M|100/100\n|switch|p2a: Sneasler|Sneasler, L50, F|100/100\n|switch|p2b: Dragonite|Dragonite, L50, M|100/100\n|turn|1\n|inactive|ethalem has 30 seconds left.\n|inactive|ethalem has 20 seconds left.\n|\n|t:|1788414689\n|switch|p1b: Archaludon|Archaludon, L50, M|100/100\n|detailschange|p2b: Dragonite|Dragonite-Mega, L50, M\n|-mega|p2b: Dragonite|Dragonite|Dragoninite\n|move|p1a: Sableye|Will-O-Wisp|p2a: Sneasler\n|-status|p2a: Sneasler|brn\n|move|p2a: Sneasler|Dire Claw|p1b: Archaludon\n|-immune|p1b: Archaludon\n|move|p2b: Dragonite|Heat Wave|p1b: Archaludon|[spread] p1a,p1b\n|-damage|p1a: Sableye|67/100\n|-damage|p1b: Archaludon|71/100\n|-status|p1a: Sableye|brn\n|-ability|p1b: Archaludon|Stamina|boost\n|-boost|p1b: Archaludon|def|1\n|\n|-heal|p1b: Archaludon|77/100|[from] item: Leftovers\n|-damage|p2a: Sneasler|94/100 brn|[from] brn\n|-damage|p1a: Sableye|61/100 brn|[from] brn\n|upkeep\n|turn|2\n|\n|t:|1788414706\n|switch|p1b: Venusaur|Venusaur, L50, M|100/100\n|move|p1a: Sableye|Light Screen|p1a: Sableye\n|-sidestart|p1: yubzhubz|move: Light Screen\n|move|p2a: Sneasler|Close Combat|p1b: Venusaur\n|-resisted|p1b: Venusaur|1\n|-damage|p1b: Venusaur|77/100\n|-unboost|p2a: Sneasler|def|1\n|-unboost|p2a: Sneasler|spd|1\n|move|p2b: Dragonite|Dragon Pulse|p1b: Venusaur\n|-damage|p1b: Venusaur|37/100\n|\n|-damage|p2a: Sneasler|88/100 brn|[from] brn\n|-damage|p1a: Sableye|56/100 brn|[from] brn\n|upkeep\n|turn|3\n|\n|t:|1788414723\n|detailschange|p1b: Venusaur|Venusaur-Mega, L50, M\n|-mega|p1b: Venusaur|Venusaur|Venusaurite\n|move|p1b: Venusaur|Protect|p1b: Venusaur\n|-singleturn|p1b: Venusaur|Protect\n|move|p1a: Sableye|Rain Dance|p1a: Sableye\n|-weather|RainDance\n|move|p2a: Sneasler|Dire Claw|p1b: Venusaur\n|-activate|p1b: Venusaur|move: Protect\n|move|p2b: Dragonite|Heat Wave|p1a: Sableye|[spread] p1a\n|-activate|p1b: Venusaur|move: Protect\n|-damage|p1a: Sableye|45/100 brn\n|\n|-weather|RainDance|[upkeep]\n|-damage|p2a: Sneasler|82/100 brn|[from] brn\n|-damage|p1a: Sableye|39/100 brn|[from] brn\n|upkeep\n|turn|4\n|\n|t:|1788414741\n|move|p2a: Sneasler|Close Combat|p1b: Venusaur\n|-resisted|p1b: Venusaur|1\n|-damage|p1b: Venusaur|21/100\n|-unboost|p2a: Sneasler|def|1\n|-unboost|p2a: Sneasler|spd|1\n|move|p2b: Dragonite|Dragon Pulse|p1b: Venusaur\n|-damage|p1b: Venusaur|0 fnt\n|faint|p1b: Venusaur\n|move|p1a: Sableye|Foul Play|p2b: Dragonite\n|-damage|p2b: Dragonite|91/100\n|\n|-weather|RainDance|[upkeep]\n|-damage|p2a: Sneasler|77/100 brn|[from] brn\n|-damage|p1a: Sableye|33/100 brn|[from] brn\n|upkeep\n|\n|t:|1788414748\n|switch|p1b: Politoed|Politoed, L50, F|100/100\n|turn|5\n|\n|t:|1788414759\n|switch|p1a: Archaludon|Archaludon, L50, M|77/100\n|move|p2a: Sneasler|Dire Claw|p1b: Politoed\n|-damage|p1b: Politoed|77/100\n|-status|p1b: Politoed|slp\n|move|p2b: Dragonite|Dragon Pulse|p1a: Archaludon\n|-damage|p1a: Archaludon|40/100\n|-ability|p1a: Archaludon|Stamina|boost\n|-boost|p1a: Archaludon|def|1\n|cant|p1b: Politoed|slp\n|\n|-weather|RainDance|[upkeep]\n|-heal|p1a: Archaludon|46/100|[from] item: Leftovers\n|-damage|p2a: Sneasler|71/100 brn|[from] brn\n|upkeep\n|turn|6\n|\n|t:|1788414775\n|move|p2a: Sneasler|Feint|p1a: Archaludon\n|-resisted|p1a: Archaludon|1\n|-damage|p1a: Archaludon|45/100\n|-ability|p1a: Archaludon|Stamina|boost\n|-boost|p1a: Archaludon|def|1\n|move|p2b: Dragonite|Dragon Pulse|p1a: Archaludon\n|-damage|p1a: Archaludon|8/100\n|-ability|p1a: Archaludon|Stamina|boost\n|-boost|p1a: Archaludon|def|1\n|move|p1a: Archaludon|Electro Shot||[still]\n|-prepare|p1a: Archaludon|Electro Shot\n|-boost|p1a: Archaludon|spa|1\n|-anim|p1a: Archaludon|Electro Shot|p2b: Dragonite\n|-damage|p2b: Dragonite|40/100\n|cant|p1b: Politoed|slp\n|\n|-weather|RainDance|[upkeep]\n|-heal|p1a: Archaludon|14/100|[from] item: Leftovers\n|-damage|p2a: Sneasler|65/100 brn|[from] brn\n|upkeep\n|turn|7\n|\n|t:|1788414784\n|switch|p1a: Sableye|Sableye, L50, F, shiny|33/100 brn\n|move|p2a: Sneasler|Feint|p1a: Sableye\n|-immune|p1a: Sableye\n|move|p2b: Dragonite|Dragon Pulse|p1a: Sableye\n|-damage|p1a: Sableye|0 fnt\n|faint|p1a: Sableye\n|-curestatus|p1b: Politoed|slp|[msg]\n|move|p1b: Politoed|Ice Beam|p2b: Dragonite\n|-supereffective|p2b: Dragonite|2\n|-damage|p2b: Dragonite|0 fnt\n|faint|p2b: Dragonite\n|\n|-weather|none\n|-damage|p2a: Sneasler|59/100 brn|[from] brn\n|upkeep\n|\n|t:|1788414795\n|switch|p2b: Kingambit|Kingambit, L50, M|100/100\n|switch|p1a: Archaludon|Archaludon, L50, M|14/100\n|turn|8\n|\n|t:|1788414803\n|move|p1a: Archaludon|Protect|p1a: Archaludon\n|-singleturn|p1a: Archaludon|Protect\n|move|p2a: Sneasler|Dire Claw|p1b: Politoed\n|-damage|p1b: Politoed|54/100\n|-status|p1b: Politoed|slp\n|cant|p1b: Politoed|slp\n|move|p2b: Kingambit|Low Kick|p1a: Archaludon\n|-activate|p1a: Archaludon|move: Protect\n|\n|-heal|p1a: Archaludon|20/100y|[from] item: Leftovers\n|-damage|p2a: Sneasler|54/100 brn|[from] brn\n|upkeep\n|turn|9\n|\n|t:|1788414823\n|move|p2a: Sneasler|Close Combat|p1a: Archaludon\n|-supereffective|p1a: Archaludon|1\n|-damage|p1a: Archaludon|0 fnt\n|-unboost|p2a: Sneasler|def|1\n|-unboost|p2a: Sneasler|spd|1\n|faint|p1a: Archaludon\n|cant|p1b: Politoed|slp\n|move|p2b: Kingambit|Low Kick|p1b: Politoed\n|-damage|p1b: Politoed|31/100 slp\n|\n|-damage|p2a: Sneasler|48/100 brn|[from] brn\n|-sideend|p1: yubzhubz|move: Light Screen\n|upkeep\n|turn|10\n|-message|yubzhubz forfeited.\n|\n|win|ethalem\n|raw|yubzhubz's rating: 1388 &rarr; <strong>1373</strong><br />(-15 for losing)\n|raw|ethalem's rating: 1483 &rarr; <strong>1498</strong><br />(+15 for winning)\n|l|☆yubzhubz\n|player|p1|\n","uploadtime":1788414829,"views":"4","formatid":"gen9championsvgc2026regmb","rating":1373,"private":0,"password":null}