{"id":"gen9championsvgc2026regmbbo3-2674168746","format":"[Gen 9 Champions] VGC 2026 Reg M-B (Bo3)","players":["eldanger10","ignaa"],"log":"|j|☆eldanger10\n|j|☆ignaa\n|html|<table width=\"100%\"><tr><td align=\"left\">eldanger10</td><td align=\"right\">ignaa</tr><tr><td align=\"left\"><i class=\"fa fa-circle\"></i> <i class=\"fa fa-circle-o\"></i> </td><td align=\"right\"><i class=\"fa fa-circle-o\"></i> <i class=\"fa fa-circle\"></i> </tr></table>\n|uhtml|bestof|<h2><strong>Game 3</strong> of <a href=\"/game-bestof3-gen9championsvgc2026regmbbo3-2674166775\">a best-of-3</a></h2>\n|t:|1788309470\n|gametype|doubles\n|player|p1|eldanger10|hilda|1229\n|player|p2|ignaa|pokefan-gen2|1241\n|gen|9\n|tier|[Gen 9 Champions] VGC 2026 Reg M-B (Bo3)\n|rated|\n|rule|Species Clause: Limit one of each Pokémon\n|rule|Item Clause: Limit 1 of each item\n|clearpoke\n|poke|p1|Charizard, L50, M|\n|poke|p1|Whimsicott, L50, F|\n|poke|p1|Floette-Eternal, L50, F|\n|poke|p1|Garchomp, L50, F|\n|poke|p1|Basculegion, L50, M|\n|poke|p1|Kingambit, L50, F|\n|poke|p2|Kingambit, L50, M, shiny|\n|poke|p2|Mawile, L50, F, shiny|\n|poke|p2|Kangaskhan, L50, F|\n|poke|p2|Torkoal, L50, M, shiny|\n|poke|p2|Gallade, L50, M, shiny|\n|poke|p2|Farigiraf, L50, M, shiny|\n|teampreview|4\n|showteam|p1|Charizard||CharizarditeY|Blaze|HeatWave,WeatherBall,AncientPower,Protect|Timid||M|||50|]Whimsicott||FocusSash|Prankster|Moonblast,Tailwind,Encore,Protect|Timid||F|||50|]Floette-Eternal||Floettite|FlowerVeil|Moonblast,DazzlingGleam,LightofRuin,Protect|Modest||F|||50|]Garchomp||LifeOrb|RoughSkin|DragonClaw,Earthquake,RockSlide,Protect|Jolly||F|||50|]Basculegion||ColburBerry|SwiftSwim|WaveCrash,LastRespects,AquaJet,Protect|Adamant||M|||50|]Kingambit||OccaBerry|Defiant|KowtowCleave,SuckerPunch,IronHead,LowKick|Adamant||F|||50|\n|showteam|p2|Kingambit||BlackGlasses|Defiant|KowtowCleave,SuckerPunch,SwordsDance,Protect|Brave||M|||50|]Mawile||Mawilite|HyperCutter|IronHead,PlayRough,SuckerPunch,Protect|Brave||F|||50|]Kangaskhan||SilkScarf|Scrappy|FakeOut,LastResort|Adamant||F|||50|]Torkoal||Charcoal|Drought|Eruption,Protect,WeatherBall,HeatWave|Modest||M|||50|]Gallade||IronBall|Sharpness|SacredSword,TrickRoom,PsychoCut,LeafBlade|Brave||M|||50|]Farigiraf||SitrusBerry|ArmorTail|TrickRoom,Roar,Thunderbolt,PsychicFangs|Relaxed||M|||50|\n|\n|t:|1788309484\n|teamsize|p1|4\n|teamsize|p2|4\n|start\n|switch|p1a: Charizard|Charizard, L50, M|100/100\n|switch|p1b: Kingambit|Kingambit, L50, F|100/100\n|switch|p2a: Kangaskhan|Kangaskhan, L50, F|100/100\n|switch|p2b: Farigiraf|Farigiraf, L50, M, shiny|100/100\n|turn|1\n|\n|t:|1788309494\n|detailschange|p1a: Charizard|Charizard-Mega-Y, L50, M\n|-mega|p1a: Charizard|Charizard|Charizardite Y\n|-weather|SunnyDay|[from] ability: Drought|[of] p1a: Charizard\n|move|p2a: Kangaskhan|Fake Out|p1b: Kingambit\n|-resisted|p1b: Kingambit|1\n|-damage|p1b: Kingambit|90/100\n|move|p1a: Charizard|Weather Ball|p2b: Farigiraf\n|-damage|p2b: Farigiraf|31/100\n|-enditem|p2b: Farigiraf|Sitrus Berry|[eat]\n|-heal|p2b: Farigiraf|56/100|[from] item: Sitrus Berry\n|cant|p1b: Kingambit|flinch\n|move|p2b: Farigiraf|Trick Room|p2b: Farigiraf\n|-fieldstart|move: Trick Room|[of] p2b: Farigiraf\n|\n|-weather|SunnyDay|[upkeep]\n|upkeep\n|turn|2\n|\n|t:|1788309518\n|switch|p1a: Garchomp|Garchomp, L50, F|100/100\n|move|p2b: Farigiraf|Thunderbolt|p1a: Garchomp\n|-immune|p1a: Garchomp\n|move|p1b: Kingambit|Low Kick|p2a: Kangaskhan\n|-supereffective|p2a: Kangaskhan|1\n|-damage|p2a: Kangaskhan|38/100\n|move|p2a: Kangaskhan|Last Resort|p1a: Garchomp\n|-damage|p1a: Garchomp|24/100\n|-damage|p2a: Kangaskhan|26/100|[from] ability: Rough Skin|[of] p1a: Garchomp\n|\n|-weather|SunnyDay|[upkeep]\n|upkeep\n|turn|3\n|\n|t:|1788309536\n|switch|p2b: Gallade|Gallade, L50, M, shiny|100/100\n|move|p1a: Garchomp|Protect|p1a: Garchomp\n|-singleturn|p1a: Garchomp|Protect\n|move|p1b: Kingambit|Kowtow Cleave|p2b: Gallade\n|-damage|p2b: Gallade|28/100\n|move|p2a: Kangaskhan|Last Resort|p1a: Garchomp\n|-activate|p1a: Garchomp|move: Protect\n|\n|-weather|SunnyDay|[upkeep]\n|upkeep\n|turn|4\n|\n|t:|1788309556\n|move|p1b: Kingambit|Sucker Punch|p2b: Gallade\n|-damage|p2b: Gallade|0 fnt\n|faint|p2b: Gallade\n|move|p2a: Kangaskhan|Last Resort|p1b: Kingambit\n|-resisted|p1b: Kingambit|1\n|-crit|p1b: Kingambit\n|-damage|p1b: Kingambit|42/100\n|move|p1a: Garchomp|Dragon Claw|p2a: Kangaskhan\n|-damage|p2a: Kangaskhan|0 fnt\n|faint|p2a: Kangaskhan\n|-damage|p1a: Garchomp|15/100|[from] item: Life Orb\n|\n|-weather|SunnyDay|[upkeep]\n|upkeep\n|\n|t:|1788309562\n|switch|p2b: Farigiraf|Farigiraf, L50, M, shiny|56/100\n|switch|p2a: Mawile|Mawile, L50, F, shiny|100/100\n|turn|5\n|\n|t:|1788309579\n|detailschange|p2a: Mawile|Mawile-Mega, L50, F, shiny\n|-mega|p2a: Mawile|Mawile|Mawilite\n|move|p1a: Garchomp|Protect|p1a: Garchomp\n|-singleturn|p1a: Garchomp|Protect\n|move|p2a: Mawile|Play Rough|p1b: Kingambit\n|-damage|p1b: Kingambit|0 fnt\n|faint|p1b: Kingambit\n|move|p2b: Farigiraf|Psychic Fangs|p1a: Garchomp\n|-activate|p1a: Garchomp|move: Protect\n|\n|-weather|none\n|-fieldend|move: Trick Room\n|upkeep\n|\n|t:|1788309585\n|switch|p1b: Charizard|Charizard-Mega-Y, L50, M|100/100\n|-weather|SunnyDay|[from] ability: Drought|[of] p1b: Charizard\n|turn|6\n|\n|t:|1788309598\n|move|p2a: Mawile|Sucker Punch|p1a: Garchomp\n|-damage|p1a: Garchomp|0 fnt\n|-damage|p2a: Mawile|87/100|[from] ability: Rough Skin|[of] p1a: Garchomp\n|faint|p1a: Garchomp\n|move|p1b: Charizard|Weather Ball|p2b: Farigiraf\n|-damage|p2b: Farigiraf|0 fnt\n|faint|p2b: Farigiraf\n|\n|-weather|SunnyDay|[upkeep]\n|upkeep\n|\n|t:|1788309606\n|switch|p1a: Basculegion|Basculegion, L50, M|100/100\n|turn|7\n|\n|t:|1788309611\n|move|p2a: Mawile|Protect|p2a: Mawile\n|-singleturn|p2a: Mawile|Protect\n|move|p1b: Charizard|Weather Ball|p2a: Mawile\n|-activate|p2a: Mawile|move: Protect\n|move|p1a: Basculegion|Last Respects|p2a: Mawile\n|-activate|p2a: Mawile|move: Protect\n|\n|-weather|SunnyDay|[upkeep]\n|upkeep\n|turn|8\n|\n|t:|1788309616\n|move|p2a: Mawile|Sucker Punch|p1a: Basculegion\n|-supereffective|p1a: Basculegion|1\n|-enditem|p1a: Basculegion|Colbur Berry|[eat]\n|-enditem|p1a: Basculegion|Colbur Berry|[weaken]\n|-damage|p1a: Basculegion|50/100g\n|move|p1b: Charizard|Weather Ball|p2a: Mawile\n|-supereffective|p2a: Mawile|1\n|-damage|p2a: Mawile|0 fnt\n|faint|p2a: Mawile\n|\n|win|eldanger10\n|raw|eldanger10's rating: 1229 &rarr; <strong>1255</strong><br />(+26 for winning)\n|raw|ignaa's rating: 1241 &rarr; <strong>1215</strong><br />(-26 for losing)\n","uploadtime":1788309660,"views":"1","formatid":"gen9championsvgc2026regmbbo3","rating":1215,"private":0,"password":null}