{"id":"gen9championsvgc2026regmbbo3-2674859270","format":"[Gen 9 Champions] VGC 2026 Reg M-B (Bo3)","players":["okkia3","hellofellowtrainer"],"log":"|j|☆okkia3\n|j|☆hellofellowtrainer\n|html|<table width=\"100%\"><tr><td align=\"left\">okkia3</td><td align=\"right\">hellofellowtrainer</tr><tr><td align=\"left\"><i class=\"fa fa-circle-o\"></i> <i class=\"fa fa-circle-o\"></i> </td><td align=\"right\"><i class=\"fa fa-circle-o\"></i> <i class=\"fa fa-circle\"></i> </tr></table>\n|uhtml|bestof|<h2><strong>Game 2</strong> of <a href=\"/game-bestof3-gen9championsvgc2026regmbbo3-2674858828\">a best-of-3</a></h2>\n|t:|1788423043\n|gametype|doubles\n|player|p1|okkia3|102|1000\n|player|p2|hellofellowtrainer|2|1069\n|gen|9\n|tier|[Gen 9 Champions] VGC 2026 Reg M-B (Bo3)\n|rated|\n|rule|Species Clause: Limit one of each Pokémon\n|rule|Item Clause: Limit 1 of each item\n|clearpoke\n|poke|p1|Charizard, L50, M|\n|poke|p1|Whimsicott, L50, M|\n|poke|p1|Basculegion, L50, M|\n|poke|p1|Farigiraf, L50, F|\n|poke|p1|Kangaskhan, L50, F|\n|poke|p1|Sneasler, L50, F|\n|poke|p2|Oranguru, L50, F|\n|poke|p2|Hatterene, L50, F|\n|poke|p2|Armarouge, L50, F|\n|poke|p2|Raichu, L50, M|\n|poke|p2|Staraptor, L50, M|\n|poke|p2|Bastiodon, L50, M|\n|teampreview|4\n|showteam|p1|Charizard||CharizarditeY|SolarPower|WeatherBall,HeatWave,SolarBeam,Protect|Timid||M|||50|]Whimsicott||FocusSash|Prankster|Moonblast,Tailwind,SunnyDay,Encore|Timid||M|||50|]Basculegion||ChoiceScarf|Adaptability|WaveCrash,AquaJet,LastRespects,FlipTurn|Adamant||M|||50|]Farigiraf||SitrusBerry|ArmorTail|Psychic,HyperVoice,HelpingHand,TrickRoom|Modest||F|||50|]Kangaskhan||Kangaskhanite|Scrappy|FakeOut,DoubleEdge,DrainPunch,SuckerPunch|Adamant||F|||50|]Sneasler||WhiteHerb|Unburden|FakeOut,CloseCombat,DireClaw,RockTomb|Adamant||F|||50|\n|showteam|p2|Oranguru||MentalHerb|InnerFocus|ExpandingForce,PsychicTerrain,TrickRoom,Instruct|Quiet||F|||50|]Hatterene||Leftovers|MagicBounce|Psychic,DazzlingGleam,LifeDew,TrickRoom|Quiet||F|||50|]Armarouge||IronBall|FlashFire|ExpandingForce,AuraSphere,HeatWave,Protect|Quiet||F|||50|]Raichu||RaichuniteX|LightningRod|RisingVoltage,AlluringVoice,FakeOut,Protect|Serious||M|||50|]Staraptor||FocusSash|Intimidate|CloseCombat,BraveBird,BlazeKick,Tailwind|Jolly||M|||50|]Bastiodon||WhiteHerb|Sturdy|IronDefense,BodyPress,MetalBurst,Protect|Impish||M|||50|\n|inactive|Battle timer is ON: inactive players will automatically lose when time's up. (requested by okkia3)\n|\n|t:|1788423048\n|teamsize|p1|4\n|teamsize|p2|4\n|start\n|switch|p1a: Basculegion|Basculegion, L50, M|100/100\n|switch|p1b: Farigiraf|Farigiraf, L50, F|100/100\n|switch|p2a: Raichu|Raichu, L50, M|100/100\n|switch|p2b: Staraptor|Staraptor, L50, M|100/100\n|-ability|p2b: Staraptor|Intimidate|boost\n|-unboost|p1a: Basculegion|atk|1\n|-unboost|p1b: Farigiraf|atk|1\n|turn|1\n|j| ArmouredWing\n|\n|t:|1788423073\n|detailschange|p2a: Raichu|Raichu-Mega-X, L50, M\n|-mega|p2a: Raichu|Raichu|Raichunite X\n|-fieldstart|move: Electric Terrain|[from] ability: Electric Surge|[of] p2a: Raichu\n|move|p2a: Raichu|Protect|p2a: Raichu\n|-singleturn|p2a: Raichu|Protect\n|move|p1a: Basculegion|Wave Crash|p2a: Raichu\n|-activate|p2a: Raichu|move: Protect\n|move|p2b: Staraptor|Brave Bird|p1a: Basculegion\n|-damage|p1a: Basculegion|20/100r\n|-damage|p2b: Staraptor|68/100|[from] Recoil\n|move|p1b: Farigiraf|Hyper Voice|p2b: Staraptor|[spread] p2b\n|-activate|p2a: Raichu|move: Protect\n|-damage|p2b: Staraptor|23/100\n|\n|upkeep\n|turn|2\n|\n|t:|1788423096\n|move|p1a: Basculegion|Wave Crash|p2b: Staraptor\n|-damage|p2b: Staraptor|0 fnt\n|faint|p2b: Staraptor\n|-damage|p1a: Basculegion|13/100|[from] Recoil\n|move|p2a: Raichu|Rising Voltage|p1b: Farigiraf\n|-hint|Rising Voltage's BP doubled on grounded target.\n|-damage|p1b: Farigiraf|33/100\n|-enditem|p1b: Farigiraf|Sitrus Berry|[eat]\n|-heal|p1b: Farigiraf|57/100|[from] item: Sitrus Berry\n|move|p1b: Farigiraf|Hyper Voice|p2a: Raichu\n|-damage|p2a: Raichu|48/100\n|\n|upkeep\n|\n|t:|1788423104\n|switch|p2b: Hatterene|Hatterene, L50, F|100/100\n|turn|3\n|\n|t:|1788423110\n|move|p2a: Raichu|Protect|p2a: Raichu\n|-singleturn|p2a: Raichu|Protect\n|move|p1a: Basculegion|Wave Crash|p2a: Raichu\n|-activate|p2a: Raichu|move: Protect\n|move|p1b: Farigiraf|Psychic|p2a: Raichu\n|-activate|p2a: Raichu|move: Protect\n|move|p2b: Hatterene|Dazzling Gleam|p1a: Basculegion|[spread] p1a,p1b\n|-damage|p1a: Basculegion|0 fnt\n|-damage|p1b: Farigiraf|28/100\n|faint|p1a: Basculegion\n|\n|upkeep\n|\n|t:|1788423110\n|switch|p1a: Sneasler|Sneasler, L50, F|100/100\n|turn|4\n|\n|t:|1788423131\n|move|p1a: Sneasler|Dire Claw|p2b: Hatterene\n|-supereffective|p2b: Hatterene|1\n|-damage|p2b: Hatterene|0 fnt\n|faint|p2b: Hatterene\n|move|p2a: Raichu|Rising Voltage|p1b: Farigiraf\n|-hint|Rising Voltage's BP doubled on grounded target.\n|-damage|p1b: Farigiraf|0 fnt\n|faint|p1b: Farigiraf\n|\n|upkeep\n|\n|t:|1788423138\n|switch|p1b: Kangaskhan|Kangaskhan, L50, F|100/100\n|switch|p2b: Bastiodon|Bastiodon, L50, M|100/100\n|turn|5\n|\n|t:|1788423152\n|detailschange|p1b: Kangaskhan|Kangaskhan-Mega, L50, F\n|-mega|p1b: Kangaskhan|Kangaskhan|Kangaskhanite\n|move|p1a: Sneasler|Close Combat|p2b: Bastiodon\n|-supereffective|p2b: Bastiodon|2\n|-ability|p2b: Bastiodon|Sturdy\n|-damage|p2b: Bastiodon|1/100\n|-unboost|p1a: Sneasler|def|1\n|-unboost|p1a: Sneasler|spd|1\n|-enditem|p1a: Sneasler|White Herb\n|-clearnegativeboost|p1a: Sneasler|[silent]\n|move|p2a: Raichu|Rising Voltage|p1b: Kangaskhan\n|-hint|Rising Voltage's BP doubled on grounded target.\n|-damage|p1b: Kangaskhan|25/100\n|move|p1b: Kangaskhan|Double-Edge|p2a: Raichu\n|-damage|p2a: Raichu|0 fnt\n|faint|p2a: Raichu\n|-damage|p1b: Kangaskhan|13/100|[from] Recoil\n|move|p2b: Bastiodon|Iron Defense|p2b: Bastiodon\n|-boost|p2b: Bastiodon|def|2\n|\n|-fieldend|move: Electric Terrain\n|upkeep\n|turn|6\n|\n|t:|1788423163\n|move|p1a: Sneasler|Close Combat|p2b: Bastiodon\n|-supereffective|p2b: Bastiodon|2\n|-damage|p2b: Bastiodon|0 fnt\n|-unboost|p1a: Sneasler|def|1\n|-unboost|p1a: Sneasler|spd|1\n|faint|p2b: Bastiodon\n|\n|win|okkia3\n","uploadtime":1788423163,"views":"1","formatid":"gen9championsvgc2026regmbbo3","rating":null,"private":0,"password":null}