{"id":"gen9championsvgc2026regmb-2674132439","format":"[Gen 9 Champions] VGC 2026 Reg M-B","players":["MatthewD1135777","GERsmurfIGER"],"log":"|j|☆MatthewD1135777\n|j|☆GERsmurfIGER\n|t:|1788303891\n|gametype|doubles\n|player|p1|MatthewD1135777|bugcatcher-gen4dp|1000\n|player|p2|GERsmurfIGER|hoopster|1000\n|gen|9\n|tier|[Gen 9 Champions] VGC 2026 Reg M-B\n|rated|\n|rule|Species Clause: Limit one of each Pokémon\n|rule|Item Clause: Limit 1 of each item\n|clearpoke\n|poke|p1|Tyranitar, L50, F|\n|poke|p1|Sandaconda, L50, F|\n|poke|p1|Oranguru, L50, M|\n|poke|p1|Blastoise, L50, F|\n|poke|p1|Blaziken, L50, F|\n|poke|p1|Gengar, L50, M|\n|poke|p2|Golurk, L50|\n|poke|p2|Hatterene, L50, F|\n|poke|p2|Basculegion, L50, M|\n|poke|p2|Conkeldurr, L50, F|\n|poke|p2|Mawile, L50, F|\n|poke|p2|Farigiraf, L50, M|\n|teampreview|4\n|inactive|Battle timer is ON: inactive players will automatically lose when time's up. (requested by MatthewD1135777)\n|inactive|GERsmurfIGER has 60 seconds left.\n|\n|t:|1788303928\n|teamsize|p1|4\n|teamsize|p2|4\n|start\n|switch|p1a: Tyranitar|Tyranitar, L50, F|100/100\n|switch|p1b: Sandaconda|Sandaconda, L50, F|100/100\n|switch|p2a: LIGHT:POLE|Hatterene, L50, F|100/100\n|switch|p2b: TWINKLE:WALL|Mawile, L50, F|100/100\n|-weather|Sandstorm|[from] ability: Sand Stream|[of] p1a: Tyranitar\n|turn|1\n|\n|t:|1788303946\n|switch|p1a: Oranguru|Oranguru, L50, M|100/100\n|move|p1b: Sandaconda|Substitute|p1b: Sandaconda\n|-start|p1b: Sandaconda|Substitute\n|-damage|p1b: Sandaconda|75/100\n|move|p2b: TWINKLE:WALL|Play Rough|p1a: Oranguru\n|-damage|p1a: Oranguru|58/100\n|move|p2a: LIGHT:POLE|Trick Room|p2a: LIGHT:POLE\n|-fieldstart|move: Trick Room|[of] p2a: LIGHT:POLE\n|\n|-weather|Sandstorm|[upkeep]\n|-damage|p2a: LIGHT:POLE|93/100|[from] Sandstorm\n|-damage|p1a: Oranguru|52/100|[from] Sandstorm\n|upkeep\n|turn|2\n|\n|t:|1788303968\n|move|p2a: LIGHT:POLE|Dazzling Gleam|p1b: Sandaconda|[spread] p1a\n|-miss|p2a: LIGHT:POLE|p1b: Sandaconda\n|-damage|p1a: Oranguru|20/100y\n|move|p2b: TWINKLE:WALL|Play Rough|p1b: Sandaconda\n|-end|p1b: Sandaconda|Substitute\n|move|p1b: Sandaconda|Minimize|p1b: Sandaconda\n|-boost|p1b: Sandaconda|evasion|2\n|move|p1a: Oranguru|Trick Room|p1a: Oranguru\n|-fieldend|move: Trick Room\n|\n|-weather|Sandstorm|[upkeep]\n|-damage|p1a: Oranguru|14/100|[from] Sandstorm\n|-damage|p2a: LIGHT:POLE|87/100|[from] Sandstorm\n|upkeep\n|turn|3\n|inactive|GERsmurfIGER has 30 seconds left.\n|\n|t:|1788303997\n|move|p1b: Sandaconda|Minimize|p1b: Sandaconda\n|-boost|p1b: Sandaconda|evasion|2\n|move|p1a: Oranguru|Instruct|p1b: Sandaconda\n|-singleturn|p1b: Sandaconda|move: Instruct|[of] p1a: Oranguru\n|move|p1b: Sandaconda|Minimize|p1b: Sandaconda\n|-boost|p1b: Sandaconda|evasion|2\n|move|p2b: TWINKLE:WALL|Play Rough|p1b: Sandaconda|[miss]\n|-miss|p2b: TWINKLE:WALL|p1b: Sandaconda\n|move|p2a: LIGHT:POLE|Dazzling Gleam|p1b: Sandaconda|[spread] p1a,p1b\n|-damage|p1a: Oranguru|0 fnt\n|-damage|p1b: Sandaconda|34/100\n|faint|p1a: Oranguru\n|\n|-weather|Sandstorm|[upkeep]\n|-damage|p2a: LIGHT:POLE|81/100|[from] Sandstorm\n|upkeep\n|\n|t:|1788304013\n|switch|p1a: Tyranitar|Tyranitar, L50, F|100/100\n|turn|4\n|\n|t:|1788304024\n|detailschange|p1a: Tyranitar|Tyranitar-Mega, L50, F\n|-mega|p1a: Tyranitar|Tyranitar|Tyranitarite\n|move|p1a: Tyranitar|Knock Off|p2a: LIGHT:POLE\n|-damage|p2a: LIGHT:POLE|10/100\n|-enditem|p2a: LIGHT:POLE|Fairy Feather|[from] move: Knock Off|[of] p1a: Tyranitar\n|move|p1b: Sandaconda|Substitute|p1b: Sandaconda\n|-start|p1b: Sandaconda|Substitute\n|-damage|p1b: Sandaconda|10/100\n|move|p2b: TWINKLE:WALL|Play Rough|p1b: Sandaconda|[miss]\n|-miss|p2b: TWINKLE:WALL|p1b: Sandaconda\n|move|p2a: LIGHT:POLE|Trick Room|p2a: LIGHT:POLE\n|-fieldstart|move: Trick Room|[of] p2a: LIGHT:POLE\n|\n|-weather|Sandstorm|[upkeep]\n|-damage|p2a: LIGHT:POLE|4/100|[from] Sandstorm\n|upkeep\n|turn|5\n|\n|t:|1788304046\n|switch|p1a: Blastoise|Blastoise, L50, F|100/100\n|move|p2a: LIGHT:POLE|Dazzling Gleam|p1b: Sandaconda|[spread] p1a\n|-miss|p2a: LIGHT:POLE|p1b: Sandaconda\n|-damage|p1a: Blastoise|59/100\n|move|p2b: TWINKLE:WALL|Play Rough|p1a: Blastoise\n|-damage|p1a: Blastoise|2/100\n|move|p1b: Sandaconda|Minimize|p1b: Sandaconda\n|-boost|p1b: Sandaconda|evasion|0\n|\n|-weather|none\n|upkeep\n|turn|6\n|inactive|GERsmurfIGER has 30 seconds left.\n|\n|t:|1788304073\n|move|p2a: LIGHT:POLE|Protect|p2a: LIGHT:POLE\n|-singleturn|p2a: LIGHT:POLE|Protect\n|move|p2b: TWINKLE:WALL|Play Rough|p1a: Blastoise\n|-damage|p1a: Blastoise|0 fnt\n|faint|p1a: Blastoise\n|move|p1b: Sandaconda|Earthquake|p2b: TWINKLE:WALL|[spread] p2b\n|-activate|p2a: LIGHT:POLE|move: Protect\n|-supereffective|p2b: TWINKLE:WALL|1\n|-damage|p2b: TWINKLE:WALL|14/100\n|\n|upkeep\n|\n|t:|1788304083\n|switch|p1a: Tyranitar|Tyranitar-Mega, L50, F|100/100\n|-weather|Sandstorm|[from] ability: Sand Stream|[of] p1a: Tyranitar\n|turn|7\n|\n|t:|1788304102\n|move|p2a: LIGHT:POLE|Dazzling Gleam|p1a: Tyranitar|[spread] p1a,p1b\n|-end|p1b: Sandaconda|Substitute\n|-supereffective|p1a: Tyranitar|1\n|-damage|p1a: Tyranitar|62/100\n|move|p2b: TWINKLE:WALL|Play Rough|p1a: Tyranitar\n|-supereffective|p1a: Tyranitar|1\n|-damage|p1a: Tyranitar|0 fnt\n|faint|p1a: Tyranitar\n|move|p1b: Sandaconda|Rock Slide|p2b: TWINKLE:WALL|[spread] p2a,p2b\n|-resisted|p2b: TWINKLE:WALL|1\n|-damage|p2a: LIGHT:POLE|0 fnt\n|-damage|p2b: TWINKLE:WALL|3/100\n|faint|p2a: LIGHT:POLE\n|\n|-weather|Sandstorm|[upkeep]\n|upkeep\n|\n|t:|1788304118\n|switch|p2a: CEMETARY:FORTRESS|Golurk, L50|100/100\n|turn|8\n|\n|t:|1788304130\n|detailschange|p2a: CEMETARY:FORTRESS|Golurk-Mega, L50\n|-mega|p2a: CEMETARY:FORTRESS|Golurk|Golurkite\n|move|p2b: TWINKLE:WALL|Play Rough|p1b: Sandaconda\n|-damage|p1b: Sandaconda|0 fnt\n|faint|p1b: Sandaconda\n|\n|win|GERsmurfIGER\n|raw|MatthewD1135777's rating: 1000 &rarr; <strong>1000</strong><br />(+0 for losing)\n|raw|GERsmurfIGER's rating: 1000 &rarr; <strong>1040</strong><br />(+40 for winning)\n","uploadtime":1788304136,"views":"8","formatid":"gen9championsvgc2026regmb","rating":1000,"private":0,"password":null}