{"id":"gen9championsvgc2026regmb-2674250599","format":"[Gen 9 Champions] VGC 2026 Reg M-B","players":["Thornlace48812","Alphahunter2000"],"log":"|j|☆Thornlace48812\n|j|☆Alphahunter2000\n|t:|1788323460\n|gametype|doubles\n|player|p1|Thornlace48812|1|1068\n|player|p2|Alphahunter2000|102|1041\n|gen|9\n|tier|[Gen 9 Champions] VGC 2026 Reg M-B\n|rated|\n|rule|Species Clause: Limit one of each Pokémon\n|rule|Item Clause: Limit 1 of each item\n|clearpoke\n|poke|p1|Garchomp, L50, F|\n|poke|p1|Charizard, L50, M|\n|poke|p1|Whimsicott, L50, F|\n|poke|p1|Sylveon, L50, F|\n|poke|p1|Kingambit, L50, M|\n|poke|p1|Basculegion, L50, M|\n|poke|p2|Absol, L50, F|\n|poke|p2|Banette, L50, M|\n|poke|p2|Sneasler, L50, M|\n|poke|p2|Sinistcha, L50|\n|poke|p2|Incineroar, L50, M|\n|poke|p2|Froslass, L50, F|\n|teampreview|4\n|inactive|Battle timer is ON: inactive players will automatically lose when time's up. (requested by Thornlace48812)\nThornlace48812 rejected open team sheets.\n|inactive|Alphahunter2000 has 60 seconds left.\n|\n|t:|1788323503\n|teamsize|p1|4\n|teamsize|p2|4\n|start\n|switch|p1a: Whimsicott|Whimsicott, L50, F|100/100\n|switch|p1b: Garchomp|Garchomp, L50, F|100/100\n|switch|p2a: Incineroar|Incineroar, L50, M|100/100\n|switch|p2b: Sneasler|Sneasler, L50, M|100/100\n|-ability|p2a: Incineroar|Intimidate|boost\n|-unboost|p1a: Whimsicott|atk|1\n|-unboost|p1b: Garchomp|atk|1\n|turn|1\n|inactive|Alphahunter2000 has 30 seconds left.\n|\n|t:|1788323536\n|move|p2a: Incineroar|Fake Out|p1a: Whimsicott\n|-damage|p1a: Whimsicott|82/100\n|cant|p1a: Whimsicott|flinch\n|move|p1b: Garchomp|Earthquake|p2b: Sneasler|[spread] p1a,p2a,p2b\n|-resisted|p1a: Whimsicott|1\n|-supereffective|p2a: Incineroar|1\n|-supereffective|p2b: Sneasler|1\n|-damage|p1a: Whimsicott|56/100\n|-damage|p2a: Incineroar|26/100\n|-damage|p2b: Sneasler|28/100\n|-damage|p1b: Garchomp|90/100|[from] item: Life Orb\n|move|p2b: Sneasler|Dire Claw|p1a: Whimsicott\n|-supereffective|p1a: Whimsicott|2\n|-damage|p1a: Whimsicott|0 fnt\n|faint|p1a: Whimsicott\n|\n|upkeep\n|\n|t:|1788323536\n|switch|p1a: Sylveon|Sylveon, L50, F|100/100\n|turn|2\n|inactive|Alphahunter2000 has 30 seconds left.\n|\n|t:|1788323568\n|move|p1a: Sylveon|Detect|p1a: Sylveon\n|-singleturn|p1a: Sylveon|Protect\n|move|p1b: Garchomp|Rock Slide|p2a: Incineroar|[spread] p2a\n|-miss|p1b: Garchomp|p2b: Sneasler\n|-supereffective|p2a: Incineroar|1\n|-damage|p2a: Incineroar|0 fnt\n|faint|p2a: Incineroar\n|-damage|p1b: Garchomp|80/100|[from] item: Life Orb\n|move|p2b: Sneasler|Dire Claw|p1a: Sylveon\n|-activate|p1a: Sylveon|move: Protect\n|\n|upkeep\n|\n|t:|1788323571\n|switch|p2a: Banette|Banette, L50, M|100/100\n|turn|3\n|\n|t:|1788323581\n|detailschange|p2a: Banette|Banette-Mega, L50, M\n|-mega|p2a: Banette|Banette|Banettite\n|move|p2a: Banette|Swagger|p2b: Sneasler|[miss]\n|-miss|p2a: Banette|p2b: Sneasler\n|move|p1b: Garchomp|Rock Slide|p2a: Banette|[spread] p2b\n|-miss|p1b: Garchomp|p2a: Banette\n|-resisted|p2b: Sneasler|1\n|-damage|p2b: Sneasler|19/100\n|-damage|p1b: Garchomp|70/100|[from] item: Life Orb\n|cant|p2b: Sneasler|flinch\n|move|p1a: Sylveon|Hyper Voice|p2b: Sneasler|[spread] p2a,p2b\n|-damage|p2a: Banette|57/100\n|-damage|p2b: Sneasler|0 fnt\n|faint|p2b: Sneasler\n|\n|upkeep\n|\n|t:|1788323588\n|switch|p2b: Absol|Absol, L50, F|100/100\n|turn|4\n|\n|t:|1788323601\n|move|p2b: Absol|Protect|p2b: Absol\n|-singleturn|p2b: Absol|Protect\n|move|p1b: Garchomp|Rock Slide|p2b: Absol|[spread] p2a\n|-activate|p2b: Absol|move: Protect\n|-crit|p2a: Banette\n|-damage|p2a: Banette|9/100\n|-damage|p1b: Garchomp|61/100|[from] item: Life Orb\n|move|p1a: Sylveon|Hyper Voice|p2b: Absol|[spread] p2a\n|-activate|p2b: Absol|move: Protect\n|-damage|p2a: Banette|0 fnt\n|faint|p2a: Banette\n|\n|upkeep\n|turn|5\n|-message|Alphahunter2000 forfeited.\n|\n|win|Thornlace48812\n|raw|Thornlace48812's rating: 1074 &rarr; <strong>1100</strong><br />(+26 for winning)\n|raw|Alphahunter2000's rating: 1041 &rarr; <strong>1026</strong><br />(-15 for losing)\n","uploadtime":1788323609,"views":"1","formatid":"gen9championsvgc2026regmb","rating":1026,"private":0,"password":null}