{"id":"gen9championsvgc2026regmb-2674260015","format":"[Gen 9 Champions] VGC 2026 Reg M-B","players":["Az3lfzzz","Thornlace48812"],"log":"|j|☆Az3lfzzz\n|j|☆Thornlace48812\n|t:|1788325533\n|gametype|doubles\n|player|p1|Az3lfzzz|cynthia-gen4|1079\n|player|p2|Thornlace48812|1|1078\n|gen|9\n|tier|[Gen 9 Champions] VGC 2026 Reg M-B\n|rated|\n|rule|Species Clause: Limit one of each Pokémon\n|rule|Item Clause: Limit 1 of each item\n|clearpoke\n|poke|p1|Eelektross, L50, F, shiny|\n|poke|p1|Farigiraf, L50, F|\n|poke|p1|Toxapex, L50, F, shiny|\n|poke|p1|Whimsicott, L50, M, shiny|\n|poke|p1|Sneasler, L50, F|\n|poke|p1|Pelipper, L50, F|\n|poke|p2|Garchomp, L50, F|\n|poke|p2|Charizard, L50, M|\n|poke|p2|Whimsicott, L50, M|\n|poke|p2|Sylveon, L50, M|\n|poke|p2|Kingambit, L50, M|\n|poke|p2|Basculegion, L50, M|\n|teampreview|4\n|inactive|Battle timer is ON: inactive players will automatically lose when time's up. (requested by Az3lfzzz)\n|inactive|Thornlace48812 also wants the timer to be on.\nThornlace48812 rejected open team sheets.\n|\n|t:|1788325544\n|teamsize|p1|4\n|teamsize|p2|4\n|start\n|switch|p1a: Sneasler|Sneasler, L50, F|100/100\n|switch|p1b: Pelipper|Pelipper, L50, F|100/100\n|switch|p2a: Charizard|Charizard, L50, M|100/100\n|switch|p2b: Whimsicott|Whimsicott, L50, M|100/100\n|-weather|RainDance|[from] ability: Drizzle|[of] p1b: Pelipper\n|turn|1\n|\n|t:|1788325560\n|switch|p1b: Whimsicott|Whimsicott, L50, M, shiny|100/100\n|move|p2a: Charizard|Protect|p2a: Charizard\n|-singleturn|p2a: Charizard|Protect\n|move|p1a: Sneasler|Dire Claw|p2b: Whimsicott\n|-supereffective|p2b: Whimsicott|2\n|-enditem|p2b: Whimsicott|Focus Sash\n|-damage|p2b: Whimsicott|1/100\n|-status|p2b: Whimsicott|psn\n|move|p2b: Whimsicott|Moonblast|p1a: Sneasler\n|-damage|p1a: Sneasler|47/100\n|\n|-weather|RainDance|[upkeep]\n|-damage|p2b: Whimsicott|0 fnt|[from] psn\n|faint|p2b: Whimsicott\n|upkeep\n|\n|t:|1788325560\n|switch|p2b: Sylveon|Sylveon, L50, M|100/100\n|turn|2\n|\n|t:|1788325583\n|detailschange|p2a: Charizard|Charizard-Mega-Y, L50, M\n|-mega|p2a: Charizard|Charizard|Charizardite Y\n|-weather|SunnyDay|[from] ability: Drought|[of] p2a: Charizard\n|move|p1b: Whimsicott|Encore|p2a: Charizard\n|-start|p2a: Charizard|Encore\n|move|p2a: Charizard|Protect|p2a: Charizard\n|-singleturn|p2a: Charizard|Protect\n|move|p1a: Sneasler|Dire Claw|p2b: Sylveon\n|-supereffective|p2b: Sylveon|1\n|-damage|p2b: Sylveon|0 fnt\n|faint|p2b: Sylveon\n|\n|-weather|SunnyDay|[upkeep]\n|upkeep\n|\n|t:|1788325585\n|switch|p2b: Basculegion|Basculegion, L50, M|100/100\n|turn|3\n|\n|t:|1788325596\n|switch|p1a: Pelipper|Pelipper, L50, F|100/100\n|-weather|RainDance|[from] ability: Drizzle|[of] p1a: Pelipper\n|move|p2a: Charizard|Protect||[still]\n|-fail|p2a: Charizard\n|move|p1b: Whimsicott|Tailwind|p1b: Whimsicott\n|-sidestart|p1: Az3lfzzz|move: Tailwind\n|move|p2b: Basculegion|Wave Crash|p1a: Pelipper\n|-resisted|p1a: Pelipper|1\n|-damage|p1a: Pelipper|0 fnt\n|faint|p1a: Pelipper\n|-damage|p2b: Basculegion|77/100|[from] Recoil\n|\n|-weather|RainDance|[upkeep]\n|upkeep\n|\n|t:|1788325605\n|switch|p1a: Eelektross|Eelektross, L50, F, shiny|100/100\n|turn|4\n|\n|t:|1788325617\n|detailschange|p1a: Eelektross|Eelektross-Mega, L50, F, shiny\n|-mega|p1a: Eelektross|Eelektross|Eelektrossite\n|move|p2a: Charizard|Protect|p2a: Charizard\n|-singleturn|p2a: Charizard|Protect\n|move|p2b: Basculegion|Protect|p2b: Basculegion\n|-singleturn|p2b: Basculegion|Protect\n|move|p1b: Whimsicott|Charm|p2b: Basculegion\n|-activate|p2b: Basculegion|move: Protect\n|move|p1a: Eelektross|Discharge|p2b: Basculegion|[spread] p1b\n|-activate|p2a: Charizard|move: Protect\n|-activate|p2b: Basculegion|move: Protect\n|-resisted|p1b: Whimsicott|1\n|-damage|p1b: Whimsicott|68/100\n|\n|-weather|RainDance|[upkeep]\n|-end|p2a: Charizard|Encore\n|upkeep\n|turn|5\n|\n|t:|1788325628\n|move|p1b: Whimsicott|Charm|p2b: Basculegion\n|-unboost|p2b: Basculegion|atk|2\n|move|p1a: Eelektross|Discharge|p2a: Charizard|[spread] p1b,p2a,p2b\n|-resisted|p1b: Whimsicott|1\n|-supereffective|p2a: Charizard|1\n|-supereffective|p2b: Basculegion|1\n|-damage|p1b: Whimsicott|38/100\n|-damage|p2a: Charizard|31/100\n|-damage|p2b: Basculegion|0 fnt\n|faint|p2b: Basculegion\n|-ability|p1a: Eelektross|Eelevate|boost\n|-boost|p1a: Eelektross|spa|1\n|move|p2a: Charizard|Heat Wave|p1a: Eelektross|[spread] p1a,p1b\n|-supereffective|p1b: Whimsicott|1\n|-damage|p1a: Eelektross|77/100\n|-damage|p1b: Whimsicott|0 fnt\n|faint|p1b: Whimsicott\n|\n|-weather|RainDance|[upkeep]\n|upkeep\n|\n|t:|1788325638\n|switch|p1b: Sneasler|Sneasler, L50, F|47/100\n|turn|6\n|\n|t:|1788325645\n|move|p2a: Charizard|Protect|p2a: Charizard\n|-singleturn|p2a: Charizard|Protect\n|move|p1b: Sneasler|Fake Out|p2a: Charizard\n|-activate|p2a: Charizard|move: Protect\n|move|p1a: Eelektross|Discharge|p2a: Charizard|[spread] p1b\n|-activate|p2a: Charizard|move: Protect\n|-damage|p1b: Sneasler|0 fnt\n|faint|p1b: Sneasler\n|-ability|p1a: Eelektross|Eelevate|boost\n|-boost|p1a: Eelektross|spa|1\n|\n|-weather|RainDance|[upkeep]\n|-sideend|p1: Az3lfzzz|move: Tailwind\n|upkeep\n|turn|7\n|\n|t:|1788325649\n|move|p2a: Charizard|Heat Wave|p1a: Eelektross\n|-damage|p1a: Eelektross|47/100\n|move|p1a: Eelektross|Discharge|p2a: Charizard\n|-supereffective|p2a: Charizard|1\n|-damage|p2a: Charizard|0 fnt\n|faint|p2a: Charizard\n|\n|win|Az3lfzzz\n|raw|Az3lfzzz's rating: 1079 &rarr; <strong>1107</strong><br />(+28 for winning)\n|raw|Thornlace48812's rating: 1081 &rarr; <strong>1059</strong><br />(-22 for losing)\n","uploadtime":1788325650,"views":"1","formatid":"gen9championsvgc2026regmb","rating":1059,"private":0,"password":null}