{"id":"gen9championsvgc2026regmbbo3-2673690174","format":"[Gen 9 Champions] VGC 2026 Reg M-B (Bo3)","players":["shibikanon","JonnyNerd"],"log":"|j|☆shibikanon\n|j|☆JonnyNerd\n|html|<table width=\"100%\"><tr><td align=\"left\">shibikanon</td><td align=\"right\">JonnyNerd</tr><tr><td align=\"left\"><i class=\"fa fa-circle-o\"></i> <i class=\"fa fa-circle-o\"></i> </td><td align=\"right\"><i class=\"fa fa-circle-o\"></i> <i class=\"fa fa-circle-o\"></i> </tr></table>\n|uhtml|bestof|<h2><strong>Game 1</strong> of <a href=\"/game-bestof3-gen9championsvgc2026regmbbo3-2673690173\">a best-of-3</a></h2>\n|t:|1788233845\n|gametype|doubles\n|player|p1|shibikanon|skyla-masters3|1160\n|player|p2|JonnyNerd|waiter-gen4dp|1328\n|gen|9\n|tier|[Gen 9 Champions] VGC 2026 Reg M-B (Bo3)\n|rated|\n|rule|Species Clause: Limit one of each Pokémon\n|rule|Item Clause: Limit 1 of each item\n|clearpoke\n|poke|p1|Blaziken, L50, F|\n|poke|p1|Froslass, L50, F|\n|poke|p1|Kingambit, L50, M|\n|poke|p1|Dragonite, L50, M|\n|poke|p1|Basculegion, L50, M|\n|poke|p1|Sneasler, L50, M|\n|poke|p2|Mimikyu, L50, M, shiny|\n|poke|p2|Milotic, L50, F|\n|poke|p2|Tyranitar, L50, F|\n|poke|p2|Corviknight, L50, F, shiny|\n|poke|p2|Hydreigon, L50, M|\n|poke|p2|Venusaur, L50, F|\n|teampreview|4\n|showteam|p1|Blaziken||Blazikenite|SpeedBoost|CloseCombat,FlareBlitz,RockSlide,Detect|Adamant||F|||50|]Froslass||Froslassite|SnowCloak|Blizzard,ShadowBall,AuroraVeil,Protect|Modest||F|||50|]Kingambit||LifeOrb|Defiant|KowtowCleave,SuckerPunch,SwordsDance,Protect|Adamant||M|||50|]Dragonite||DragonFang|InnerFocus|DragonClaw,LowKick,ExtremeSpeed,Protect|Adamant||M|||50|]Basculegion||SitrusBerry|Adaptability|WaveCrash,LastRespects,AquaJet,Protect|Adamant||M|||50|]Sneasler||FocusSash|PoisonTouch|CloseCombat,PoisonJab,FakeOut,Protect|Jolly||M|||50|\n|showteam|p2|Mimikyu||LifeOrb|Disguise|ShadowClaw,Protect,ShadowSneak,PlayRough|Adamant||M|||50|]Milotic||SitrusBerry|Competitive|Recover,MuddyWater,Scald,IceBeam|Modest||F|||50|]Tyranitar||Tyranitarite|SandStream|Protect,RockSlide,KnockOff,LowKick|Adamant||F|||50|]Corviknight||OccaBerry|MirrorArmor|Tailwind,BulkUp,IronHead,BraveBird|Adamant||F|||50|]Hydreigon||ChoiceScarf|Levitate|Snarl,DarkPulse,DracoMeteor,EarthPower|Timid||M|||50|]Venusaur||Venusaurite|Chlorophyll|Protect,GigaDrain,SludgeBomb,EarthPower|Modest||F|||50|\n|inactive|Battle timer is ON: inactive players will automatically lose when time's up. (requested by shibikanon)\n|c|☆JonnyNerd|glhf\n|inactive|shibikanon has 60 seconds left.\n|inactive|JonnyNerd has 60 seconds left.\n|c|☆shibikanon|you too\n|inactive|shibikanon has 30 seconds left.\n|\n|t:|1788233910\n|teamsize|p1|4\n|teamsize|p2|4\n|start\n|switch|p1a: Blaziken|Blaziken, L50, F|100/100\n|switch|p1b: Dragonite|Dragonite, L50, M|100/100\n|switch|p2a: Corviknight|Corviknight, L50, F, shiny|100/100\n|switch|p2b: Milotic|Milotic, L50, F|100/100\n|turn|1\n|\n|t:|1788233923\n|detailschange|p1a: Blaziken|Blaziken-Mega, L50, F\n|-mega|p1a: Blaziken|Blaziken|Blazikenite\n|move|p1a: Blaziken|Close Combat|p2b: Milotic\n|-damage|p2b: Milotic|15/100\n|-unboost|p1a: Blaziken|def|1\n|-unboost|p1a: Blaziken|spd|1\n|-enditem|p2b: Milotic|Sitrus Berry|[eat]\n|-heal|p2b: Milotic|40/100|[from] item: Sitrus Berry\n|move|p1b: Dragonite|Dragon Claw|p2b: Milotic\n|-damage|p2b: Milotic|0 fnt\n|faint|p2b: Milotic\n|move|p2a: Corviknight|Tailwind|p2a: Corviknight\n|-sidestart|p2: JonnyNerd|move: Tailwind\n|\n|-ability|p1a: Blaziken|Speed Boost|boost\n|-boost|p1a: Blaziken|spe|1\n|upkeep\n|\n|t:|1788233935\n|switch|p2b: Pikaboo|Mimikyu, L50, M, shiny|100/100\n|turn|2\n|\n|t:|1788233952\n|switch|p1b: Sneasler|Sneasler, L50, M|100/100\n|move|p1a: Blaziken|Detect|p1a: Blaziken\n|-singleturn|p1a: Blaziken|Protect\n|move|p2b: Pikaboo|Shadow Claw|p1a: Blaziken\n|-activate|p1a: Blaziken|move: Protect\n|move|p2a: Corviknight|Bulk Up|p2a: Corviknight\n|-boost|p2a: Corviknight|atk|1\n|-boost|p2a: Corviknight|def|1\n|\n|-ability|p1a: Blaziken|Speed Boost|boost\n|-boost|p1a: Blaziken|spe|1\n|upkeep\n|turn|3\n|\n|t:|1788233967\n|move|p1b: Sneasler|Fake Out|p2a: Corviknight\n|-resisted|p2a: Corviknight|1\n|-damage|p2a: Corviknight|96/100\n|move|p1a: Blaziken|Flare Blitz|p2a: Corviknight\n|-supereffective|p2a: Corviknight|1\n|-enditem|p2a: Corviknight|Occa Berry|[eat]\n|-enditem|p2a: Corviknight|Occa Berry|[weaken]\n|-damage|p2a: Corviknight|49/100\n|-damage|p1a: Blaziken|80/100|[from] Recoil\n|move|p2b: Pikaboo|Shadow Claw|p1a: Blaziken\n|-damage|p1a: Blaziken|3/100\n|-damage|p2b: Pikaboo|90/100|[from] item: Life Orb\n|cant|p2a: Corviknight|flinch\n|\n|-ability|p1a: Blaziken|Speed Boost|boost\n|-boost|p1a: Blaziken|spe|1\n|upkeep\n|turn|4\n|\n|t:|1788233987\n|switch|p1a: Dragonite|Dragonite, L50, M|100/100\n|move|p1b: Sneasler|Protect|p1b: Sneasler\n|-singleturn|p1b: Sneasler|Protect\n|move|p2b: Pikaboo|Shadow Sneak|p1b: Sneasler\n|-activate|p1b: Sneasler|move: Protect\n|move|p2a: Corviknight|Brave Bird|p1b: Sneasler\n|-activate|p1b: Sneasler|move: Protect\n|\n|-sideend|p2: JonnyNerd|move: Tailwind\n|upkeep\n|turn|5\n|\n|t:|1788234002\n|move|p1b: Sneasler|Close Combat|p2a: Corviknight\n|-damage|p2a: Corviknight|13/100\n|-unboost|p1b: Sneasler|def|1\n|-unboost|p1b: Sneasler|spd|1\n|move|p1a: Dragonite|Low Kick|p2a: Corviknight\n|-damage|p2a: Corviknight|0 fnt\n|faint|p2a: Corviknight\n|move|p2b: Pikaboo|Play Rough|p1a: Dragonite\n|-supereffective|p1a: Dragonite|1\n|-damage|p1a: Dragonite|0 fnt\n|faint|p1a: Dragonite\n|-damage|p2b: Pikaboo|81/100|[from] item: Life Orb\n|\n|upkeep\n|\n|t:|1788234009\n|switch|p1a: Kingambit|Kingambit, L50, M|100/100\n|switch|p2a: Tyranitar|Tyranitar, L50, F|100/100\n|-weather|Sandstorm|[from] ability: Sand Stream|[of] p2a: Tyranitar\n|turn|6\n|\n|t:|1788234021\n|move|p2a: Tyranitar|Protect|p2a: Tyranitar\n|-singleturn|p2a: Tyranitar|Protect\n|move|p1b: Sneasler|Close Combat|p2a: Tyranitar\n|-activate|p2a: Tyranitar|move: Protect\n|move|p2b: Pikaboo|Play Rough|p1b: Sneasler\n|-enditem|p1b: Sneasler|Focus Sash\n|-damage|p1b: Sneasler|1/100\n|-damage|p2b: Pikaboo|71/100|[from] item: Life Orb\n|move|p1a: Kingambit|Kowtow Cleave|p2b: Pikaboo\n|-activate|p2b: Pikaboo|ability: Disguise\n|-damage|p2b: Pikaboo|71/100\n|detailschange|p2b: Pikaboo|Mimikyu-Busted, L50, M, shiny\n|-damage|p2b: Pikaboo|59/100|[from] pokemon: Mimikyu-Busted\n|-damage|p1a: Kingambit|90/100|[from] item: Life Orb\n|\n|-weather|Sandstorm|[upkeep]\n|-damage|p1b: Sneasler|0 fnt|[from] Sandstorm\n|-damage|p2b: Pikaboo|54/100|[from] Sandstorm\n|faint|p1b: Sneasler\n|upkeep\n|-message|shibikanon forfeited.\n|\n|win|JonnyNerd\n","uploadtime":1788234028,"views":"3","formatid":"gen9championsvgc2026regmbbo3","rating":null,"private":0,"password":null}