{"id":"gen9championsvgc2026regmb-2674705990","format":"[Gen 9 Champions] VGC 2026 Reg M-B","players":["dimurph7","Dekidus"],"log":"|j|☆dimurph7\n|j|☆Dekidus\n|html|<table width=\"100%\"><tr><td align=\"left\">dimurph7</td><td align=\"right\">Dekidus</tr><tr><td align=\"left\"><i class=\"fa fa-circle\"></i> <i class=\"fa fa-circle-o\"></i> </td><td align=\"right\"><i class=\"fa fa-circle-o\"></i> <i class=\"fa fa-circle\"></i> </tr></table>\n|uhtml|bestof|<h2><strong>Game 3</strong> of <a href=\"/game-bestof3-gen9championsvgc2026regmb-2674700511\">a best-of-3</a></h2>\n|t:|1788393459\n|gametype|doubles\n|player|p1|dimurph7|102|\n|player|p2|Dekidus|colress|\n|gen|9\n|tier|[Gen 9 Champions] VGC 2026 Reg M-B\n|rule|Species Clause: Limit one of each Pokémon\n|rule|Item Clause: Limit 1 of each item\n|raw|<div class=\"infobox\"><details class=\"readmore\" open><summary><strong>1 custom rule:</strong></summary> Best of = 3</details></div>\n|clearpoke\n|poke|p1|Weavile, L50, M|\n|poke|p1|Swampert, L50, F|\n|poke|p1|Archaludon, L50, M|\n|poke|p1|Politoed, L50, F|\n|poke|p1|Sableye, L50, M|\n|poke|p1|Clefable, L50, F|\n|poke|p2|Whimsicott, L50, M, shiny|\n|poke|p2|Delphox, L50, F, shiny|\n|poke|p2|Samurott-Hisui, L50, M|\n|poke|p2|Kangaskhan, L50, F|\n|poke|p2|Lycanroc-Dusk, L50, M, shiny|\n|poke|p2|Jolteon, L50, M|\n|teampreview|4\n|c|☆Dekidus|gg g2\nDekidus rejected open team sheets.\n|j| SuprBallr\n|\n|t:|1788393527\n|teamsize|p1|4\n|teamsize|p2|4\n|start\n|switch|p1a: Weavile|Weavile, L50, M|100/100\n|switch|p1b: Swampert|Swampert, L50, F|100/100\n|switch|p2a: Peerless|Lycanroc-Dusk, L50, M, shiny|100/100\n|switch|p2b: Yoink!|Whimsicott, L50, M, shiny|100/100\n|-ability|p1a: Weavile|Pressure\n|turn|1\n|\n|t:|1788393583\n|detailschange|p1b: Swampert|Swampert-Mega, L50, F\n|-mega|p1b: Swampert|Swampert|Swampertite\n|move|p2b: Yoink!|Protect|p2b: Yoink!\n|-singleturn|p2b: Yoink!|Protect\n|move|p2a: Peerless|Protect|p2a: Peerless\n|-singleturn|p2a: Peerless|Protect\n|move|p1a: Weavile|Icicle Spear|p2b: Yoink!\n|-activate|p2b: Yoink!|move: Protect\n|move|p1b: Swampert|Flip Turn|p2a: Peerless\n|-activate|p2a: Peerless|move: Protect\n|\n|upkeep\n|turn|2\n|\n|t:|1788393619\n|move|p2b: Yoink!|Tailwind|p2b: Yoink!\n|-sidestart|p2: Dekidus|move: Tailwind\n|move|p2a: Peerless|Rock Slide|p1a: Weavile|[spread] p1a\n|-miss|p2a: Peerless|p1b: Swampert\n|-supereffective|p1a: Weavile|1\n|-crit|p1a: Weavile\n|-enditem|p1a: Weavile|Focus Sash\n|-damage|p1a: Weavile|1/100\n|move|p1a: Weavile|Icicle Spear|p2b: Yoink!\n|-supereffective|p2b: Yoink!|1\n|-damage|p2b: Yoink!|67/100\n|-supereffective|p2b: Yoink!|1\n|-damage|p2b: Yoink!|30/100\n|-supereffective|p2b: Yoink!|1\n|-damage|p2b: Yoink!|0 fnt\n|faint|p2b: Yoink!\n|-hitcount|p2: Yoink!|3\n|move|p1b: Swampert|Flip Turn|p2a: Peerless\n|-supereffective|p2a: Peerless|1\n|-enditem|p2a: Peerless|Focus Sash\n|-damage|p2a: Peerless|1/100\n|\n|t:|1788393641\n|switch|p1b: Clefable|Clefable, L50, F|100/100|[from] Flip Turn\n|\n|upkeep\n|\n|t:|1788393644\n|switch|p2b: Blossom Dance|Samurott-Hisui, L50, M|100/100\n|turn|3\n|\n|t:|1788393658\n|move|p1a: Weavile|Protect|p1a: Weavile\n|-singleturn|p1a: Weavile|Protect\n|move|p1b: Clefable|Protect|p1b: Clefable\n|-singleturn|p1b: Clefable|Protect\n|move|p2a: Peerless|Accelerock|p1a: Weavile\n|-activate|p1a: Weavile|move: Protect\n|move|p2b: Blossom Dance|Smart Strike|p1b: Clefable\n|-activate|p1b: Clefable|move: Protect\n|\n|upkeep\n|turn|4\n|\n|t:|1788393692\n|switch|p2b: Dive Sobat|Kangaskhan, L50, F|100/100\n|switch|p1a: Archaludon|Archaludon, L50, M|100/100\n|move|p2a: Peerless|Close Combat|p1a: Archaludon\n|-supereffective|p1a: Archaludon|1\n|-damage|p1a: Archaludon|22/100\n|-unboost|p2a: Peerless|def|1\n|-unboost|p2a: Peerless|spd|1\n|-ability|p1a: Archaludon|Stamina|boost\n|-boost|p1a: Archaludon|def|1\n|move|p1b: Clefable|Moonblast|p2a: Peerless\n|-damage|p2a: Peerless|0 fnt\n|faint|p2a: Peerless\n|\n|-heal|p1a: Archaludon|29/100|[from] item: Leftovers\n|upkeep\n|\n|t:|1788393704\n|switch|p2a: Blossom Dance|Samurott-Hisui, L50, M|100/100\n|turn|5\n|\n|t:|1788393724\n|detailschange|p2b: Dive Sobat|Kangaskhan-Mega, L50, F\n|-mega|p2b: Dive Sobat|Kangaskhan|Kangaskhanite\n|move|p1a: Archaludon|Protect|p1a: Archaludon\n|-singleturn|p1a: Archaludon|Protect\n|move|p1b: Clefable|Protect|p1b: Clefable\n|-singleturn|p1b: Clefable|Protect\n|move|p2b: Dive Sobat|Fake Out|p1b: Clefable\n|-activate|p1b: Clefable|move: Protect\n|move|p2a: Blossom Dance|Aqua Cutter|p1b: Clefable\n|-activate|p1b: Clefable|move: Protect\n|\n|-heal|p1a: Archaludon|35/100|[from] item: Leftovers\n|-sideend|p2: Dekidus|move: Tailwind\n|upkeep\n|turn|6\n|\n|t:|1788393766\n|move|p2a: Blossom Dance|Aqua Cutter|p1b: Clefable\n|-damage|p1b: Clefable|58/100\n|move|p1a: Archaludon|Dragon Pulse|p2a: Blossom Dance\n|-damage|p2a: Blossom Dance|43/100\n|move|p1b: Clefable|Moonblast|p2a: Blossom Dance\n|-supereffective|p2a: Blossom Dance|1\n|-damage|p2a: Blossom Dance|0 fnt\n|faint|p2a: Blossom Dance\n|move|p2b: Dive Sobat|Circle Throw|p1a: Archaludon\n|-supereffective|p1a: Archaludon|1\n|-damage|p1a: Archaludon|10/100\n|-ability|p1a: Archaludon|Stamina|boost\n|-boost|p1a: Archaludon|def|1\n|-supereffective|p1a: Archaludon|1\n|-damage|p1a: Archaludon|6/100\n|-ability|p1a: Archaludon|Stamina|boost\n|-boost|p1a: Archaludon|def|1\n|-hitcount|p1a: Archaludon|2\n|drag|p1a: Weavile|Weavile, L50, M|1/100\n|-ability|p1a: Weavile|Pressure\n|\n|upkeep\n|turn|7\n|\n|t:|1788393791\n|move|p1a: Weavile|Fake Out|p2b: Dive Sobat\n|-damage|p2b: Dive Sobat|86/100\n|cant|p2b: Dive Sobat|flinch\n|move|p1b: Clefable|Moonblast|p2b: Dive Sobat\n|-damage|p2b: Dive Sobat|54/100\n|\n|upkeep\n|turn|8\n|l| SuprBallr\n|\n|t:|1788393804\n|move|p1a: Weavile|Throat Chop|p2b: Dive Sobat\n|-damage|p2b: Dive Sobat|16/100\n|-start|p2b: Dive Sobat|Throat Chop|[silent]\n|move|p2b: Dive Sobat|Icy Wind|p1a: Weavile|[spread] p1a,p1b\n|-resisted|p1a: Weavile|1\n|-damage|p1a: Weavile|0 fnt\n|-damage|p1b: Clefable|53/100\n|-unboost|p1b: Clefable|spe|1\n|faint|p1a: Weavile\n|move|p1b: Clefable|Moonblast|p2b: Dive Sobat\n|-damage|p2b: Dive Sobat|0 fnt\n|faint|p2b: Dive Sobat\n|\n|win|dimurph7\n|c|☆Dekidus|ggs\n|c|☆dimurph7|Ggs\n|j| N8NoDog\n|l| N8NoDog\n","uploadtime":1788393845,"views":"20","formatid":"gen9championsvgc2026regmb","rating":null,"private":0,"password":null}