{"id":"gen9championsvgc2026regmb-2674159336","format":"[Gen 9 Champions] VGC 2026 Reg M-B","players":["hondourpoker","EBITDA420"],"log":"|j|☆hondourpoker\n|j|☆EBITDA420\n|t:|1788308001\n|gametype|doubles\n|player|p1|hondourpoker|170|\n|player|p2|EBITDA420|170|\n|gen|9\n|tier|[Gen 9 Champions] VGC 2026 Reg M-B\n|rule|Species Clause: Limit one of each Pokémon\n|rule|Item Clause: Limit 1 of each item\n|clearpoke\n|poke|p1|Sableye, L50, F|\n|poke|p1|Gengar, L50, F|\n|poke|p1|Dragapult, L50, F|\n|poke|p1|Tinkaton, L50, F|\n|poke|p1|Incineroar, L50, F|\n|poke|p1|Primarina, L50, M|\n|poke|p2|Charizard, L50, M|\n|poke|p2|Clefable, L50, M|\n|poke|p2|Garganacl, L50, M|\n|poke|p2|Garchomp, L50, F|\n|poke|p2|Incineroar, L50, M|\n|poke|p2|Whimsicott, L50, M|\n|teampreview|4\n|\n|t:|1788308013\n|teamsize|p1|4\n|teamsize|p2|4\n|start\n|switch|p1a: Sableye|Sableye, L50, F|100/100\n|switch|p1b: Primarina|Primarina, L50, M|100/100\n|switch|p2a: Charizard|Charizard, L50, M|100/100\n|switch|p2b: Whimsicott|Whimsicott, L50, M|100/100\n|turn|1\n|\n|t:|1788308045\n|move|p2a: Charizard|Protect|p2a: Charizard\n|-singleturn|p2a: Charizard|Protect\n|move|p2b: Whimsicott|Tailwind|p2b: Whimsicott\n|-sidestart|p2: EBITDA420|move: Tailwind\n|move|p1a: Sableye|Rain Dance|p1a: Sableye\n|-weather|RainDance\n|move|p1b: Primarina|Hyper Voice|p2a: Charizard|[spread] p2b\n|-activate|p2a: Charizard|move: Protect\n|-resisted|p2b: Whimsicott|1\n|-damage|p2b: Whimsicott|64/100\n|\n|-weather|RainDance|[upkeep]\n|upkeep\n|turn|2\n|\n|t:|1788308065\n|detailschange|p2a: Charizard|Charizard-Mega-Y, L50, M\n|-mega|p2a: Charizard|Charizard|Charizardite Y\n|-weather|SunnyDay|[from] ability: Drought|[of] p2a: Charizard\n|move|p1a: Sableye|Rain Dance|p1a: Sableye\n|-weather|RainDance\n|move|p2b: Whimsicott|Moonblast|p1a: Sableye\n|-supereffective|p1a: Sableye|1\n|-damage|p1a: Sableye|19/100\n|move|p2a: Charizard|Solar Beam||[still]\n|-prepare|p2a: Charizard|Solar Beam\n|move|p1b: Primarina|Hyper Voice|p2a: Charizard|[spread] p2a,p2b\n|-supereffective|p2a: Charizard|1\n|-resisted|p2b: Whimsicott|1\n|-damage|p2a: Charizard|0 fnt\n|-damage|p2b: Whimsicott|25/100\n|faint|p2a: Charizard\n|\n|-weather|RainDance|[upkeep]\n|upkeep\n|\n|t:|1788308088\n|switch|p2a: Garchomp|Garchomp, L50, F|100/100\n|turn|3\n|\n|t:|1788308100\n|switch|p1a: Incineroar|Incineroar, L50, F|100/100\n|-ability|p1a: Incineroar|Intimidate|boost\n|-unboost|p2a: Garchomp|atk|1\n|-unboost|p2b: Whimsicott|atk|1\n|move|p2b: Whimsicott|Protect|p2b: Whimsicott\n|-singleturn|p2b: Whimsicott|Protect\n|move|p2a: Garchomp|Earthquake|p1b: Primarina|[spread] p1a,p1b\n|-activate|p2b: Whimsicott|move: Protect\n|-supereffective|p1a: Incineroar|1\n|-damage|p1a: Incineroar|48/100\n|-damage|p1b: Primarina|70/100\n|-enditem|p1a: Incineroar|Sitrus Berry|[eat]\n|-heal|p1a: Incineroar|73/100|[from] item: Sitrus Berry\n|-damage|p2a: Garchomp|90/100|[from] item: Life Orb\n|move|p1b: Primarina|Moonblast|p2a: Garchomp\n|-supereffective|p2a: Garchomp|1\n|-damage|p2a: Garchomp|0 fnt\n|faint|p2a: Garchomp\n|\n|-weather|RainDance|[upkeep]\n|-heal|p1b: Primarina|75/100|[from] item: Leftovers\n|upkeep\n|\n|t:|1788308118\n|switch|p2a: Incineroar|Incineroar, L50, M|100/100\n|-ability|p2a: Incineroar|Intimidate|boost\n|-unboost|p1a: Incineroar|atk|1\n|-unboost|p1b: Primarina|atk|1\n|turn|4\n|\n|t:|1788308136\n|move|p1b: Primarina|Protect|p1b: Primarina\n|-singleturn|p1b: Primarina|Protect\n|move|p1a: Incineroar|Protect|p1a: Incineroar\n|-singleturn|p1a: Incineroar|Protect\n|move|p2a: Incineroar|Fake Out|p1b: Primarina\n|-activate|p1b: Primarina|move: Protect\n|move|p2b: Whimsicott|Moonblast|p1b: Primarina\n|-activate|p1b: Primarina|move: Protect\n|\n|-weather|RainDance|[upkeep]\n|-heal|p1b: Primarina|81/100|[from] item: Leftovers\n|-sideend|p2: EBITDA420|move: Tailwind\n|upkeep\n|turn|5\n|\n|t:|1788308157\n|move|p2b: Whimsicott|Moonblast|p1b: Primarina\n|-damage|p1b: Primarina|49/100\n|move|p1b: Primarina|Hyper Voice|p2b: Whimsicott|[spread] p2a,p2b\n|-supereffective|p2a: Incineroar|1\n|-resisted|p2b: Whimsicott|1\n|-damage|p2a: Incineroar|31/100\n|-damage|p2b: Whimsicott|0 fnt\n|-enditem|p2a: Incineroar|Sitrus Berry|[eat]\n|-heal|p2a: Incineroar|56/100|[from] item: Sitrus Berry\n|faint|p2b: Whimsicott\n|move|p2a: Incineroar|Flare Blitz|p1b: Primarina\n|-resisted|p1b: Primarina|1\n|-damage|p1b: Primarina|38/100\n|-damage|p2a: Incineroar|52/100|[from] Recoil\n|move|p1a: Incineroar|Parting Shot|p2a: Incineroar\n|-unboost|p2a: Incineroar|atk|1\n|-unboost|p2a: Incineroar|spa|1\n|\n|t:|1788308173\n|switch|p1a: Gengar|Gengar, L50, F|100/100|[from] Parting Shot\n|\n|-weather|RainDance|[upkeep]\n|-heal|p1b: Primarina|44/100|[from] item: Leftovers\n|upkeep\n|turn|6\n|\n|t:|1788308182\n|detailschange|p1a: Gengar|Gengar-Mega, L50, F\n|-mega|p1a: Gengar|Gengar|Gengarite\n|move|p1a: Gengar|Shadow Ball|p2a: Incineroar\n|-resisted|p2a: Incineroar|1\n|-damage|p2a: Incineroar|36/100\n|-unboost|p2a: Incineroar|spd|1\n|move|p2a: Incineroar|Flare Blitz|p1b: Primarina\n|-resisted|p1b: Primarina|1\n|-damage|p1b: Primarina|37/100\n|-damage|p2a: Incineroar|34/100|[from] Recoil\n|move|p1b: Primarina|Hyper Voice|p2a: Incineroar\n|-supereffective|p2a: Incineroar|1\n|-damage|p2a: Incineroar|0 fnt\n|faint|p2a: Incineroar\n|\n|win|hondourpoker\n|l|☆EBITDA420\n|player|p2|\n","uploadtime":1788308339,"views":"0","formatid":"gen9championsvgc2026regmb","rating":null,"private":0,"password":null}