{"id":"gen9championsvgc2026regmb-2673943617","format":"[Gen 9 Champions] VGC 2026 Reg M-B","players":["conngfan","DBWaffles"],"log":"|j|☆conngfan\n|j|☆DBWaffles\n|t:|1788280082\n|gametype|doubles\n|player|p1|conngfan|arven-s|1592\n|player|p2|DBWaffles|swimmer-gen4dp|1609\n|gen|9\n|tier|[Gen 9 Champions] VGC 2026 Reg M-B\n|rated|\n|rule|Species Clause: Limit one of each Pokémon\n|rule|Item Clause: Limit 1 of each item\n|clearpoke\n|poke|p1|Aerodactyl, L50, M|\n|poke|p1|Raichu, L50, F|\n|poke|p1|Sneasler, L50, M|\n|poke|p1|Sylveon, L50, M|\n|poke|p1|Kingambit, L50, M|\n|poke|p1|Tsareena, L50, F|\n|poke|p2|Raichu, L50, M|\n|poke|p2|Azumarill, L50, M|\n|poke|p2|Incineroar, L50, M|\n|poke|p2|Kommo-o, L50, F|\n|poke|p2|Sinistcha-Masterpiece, L50|\n|poke|p2|Kingambit, L50, M|\n|teampreview|4\n|inactive|Battle timer is ON: inactive players will automatically lose when time's up. (requested by DBWaffles)\n|inactive|conngfan also wants the timer to be on.\n|inactive|conngfan has 60 seconds left.\n|\n|t:|1788280119\n|teamsize|p1|4\n|teamsize|p2|4\n|start\n|switch|p1a: Raichu|Raichu, L50, F|100/100\n|switch|p1b: Sneasler|Sneasler, L50, M|100/100\n|switch|p2a: Raichu|Raichu, L50, M|100/100\n|switch|p2b: Kingambit|Kingambit, L50, M|100/100\n|turn|1\n|\n|t:|1788280133\n|switch|p2a: Sinistcha|Sinistcha-Masterpiece, L50|100/100\n|detailschange|p1a: Raichu|Raichu-Mega-Y, L50, F\n|-mega|p1a: Raichu|Raichu|Raichunite Y\n|move|p2b: Kingambit|Protect|p2b: Kingambit\n|-singleturn|p2b: Kingambit|Protect\n|move|p1a: Raichu|Fake Out|p2a: Sinistcha\n|-immune|p2a: Sinistcha\n|move|p1b: Sneasler|Close Combat|p2a: Sinistcha\n|-immune|p2a: Sinistcha\n|\n|upkeep\n|turn|2\n|inactive|DBWaffles has 30 seconds left.\n|\n|t:|1788280166\n|switch|p1a: Sylveon|Sylveon, L50, M|100/100\n|switch|p2b: Raichu|Raichu, L50, M|100/100\n|move|p2a: Sinistcha|Rage Powder|p2a: Sinistcha\n|-singleturn|p2a: Sinistcha|move: Rage Powder\n|move|p1b: Sneasler|Dire Claw|p2a: Sinistcha\n|-damage|p2a: Sinistcha|67/100\n|\n|-heal|p2a: Sinistcha|74/100|[from] item: Leftovers\n|upkeep\n|turn|3\n|\n|t:|1788280184\n|detailschange|p2b: Raichu|Raichu-Mega-Y, L50, M\n|-mega|p2b: Raichu|Raichu|Raichunite Y\n|move|p2a: Sinistcha|Rage Powder|p2a: Sinistcha\n|-singleturn|p2a: Sinistcha|move: Rage Powder\n|move|p2b: Raichu|Zap Cannon|p1a: Sylveon\n|-damage|p1a: Sylveon|40/100\n|-status|p1a: Sylveon|par\n|move|p1b: Sneasler|Close Combat|p2a: Sinistcha\n|-immune|p2a: Sinistcha\n|move|p1a: Sylveon|Yawn|p2a: Sinistcha\n|-start|p2a: Sinistcha|move: Yawn|[of] p1a: Sylveon\n|\n|-heal|p2a: Sinistcha|80/100|[from] item: Leftovers\n|upkeep\n|turn|4\n|inactive|DBWaffles has 30 seconds left.\n|\n|t:|1788280210\n|move|p2b: Raichu|Zap Cannon|p1b: Sneasler\n|-damage|p1b: Sneasler|11/100\n|-status|p1b: Sneasler|par\n|move|p2a: Sinistcha|Matcha Gotcha|p1b: Sneasler|[spread] p1a,p1b\n|-resisted|p1b: Sneasler|1\n|-damage|p1a: Sylveon|20/100y par\n|-heal|p2a: Sinistcha|90/100|[from] drain|[of] p1a: Sylveon\n|-damage|p1b: Sneasler|0 fnt\n|-heal|p2a: Sinistcha|96/100|[from] drain|[of] p1b: Sneasler\n|faint|p1b: Sneasler\n|cant|p1a: Sylveon|par\n|\n|-heal|p2a: Sinistcha|100/100|[from] item: Leftovers\n|-end|p2a: Sinistcha|move: Yawn|[silent]\n|-status|p2a: Sinistcha|slp\n|upkeep\n|\n|t:|1788280221\n|switch|p1b: Tsareena|Tsareena, L50, F|100/100\n|turn|5\n|\n|t:|1788280235\n|switch|p1a: Raichu|Raichu-Mega-Y, L50, F|100/100\n|move|p2b: Raichu|Protect|p2b: Raichu\n|-singleturn|p2b: Raichu|Protect\n|cant|p2a: Sinistcha|slp\n|move|p1b: Tsareena|Power Whip|p2b: Raichu\n|-activate|p2b: Raichu|move: Protect\n|\n|upkeep\n|turn|6\n|\n|t:|1788280246\n|switch|p2b: Incineroar|Incineroar, L50, M|100/100\n|-ability|p2b: Incineroar|Intimidate|boost\n|-unboost|p1a: Raichu|atk|1\n|-unboost|p1b: Tsareena|atk|1\n|-curestatus|p2a: Sinistcha|slp|[msg]\n|move|p2a: Sinistcha|Protect|p2a: Sinistcha\n|-singleturn|p2a: Sinistcha|Protect\n|move|p1a: Raichu|Zap Cannon|p2a: Sinistcha\n|-activate|p2a: Sinistcha|move: Protect\n|move|p1b: Tsareena|Power Whip|p2b: Incineroar\n|-resisted|p2b: Incineroar|1\n|-damage|p2b: Incineroar|86/100\n|\n|upkeep\n|turn|7\n|\n|t:|1788280258\n|switch|p1b: Sylveon|Sylveon, L50, M|20/100y par\n|move|p2a: Sinistcha|Rage Powder|p2a: Sinistcha\n|-singleturn|p2a: Sinistcha|move: Rage Powder\n|move|p1a: Raichu|Zap Cannon|p2a: Sinistcha\n|-resisted|p2a: Sinistcha|1\n|-damage|p2a: Sinistcha|69/100\n|-status|p2a: Sinistcha|par\n|move|p2b: Incineroar|Flare Blitz|p1b: Sylveon\n|-damage|p1b: Sylveon|0 fnt\n|faint|p1b: Sylveon\n|-damage|p2b: Incineroar|80/100|[from] Recoil\n|\n|-heal|p2a: Sinistcha|75/100 par|[from] item: Leftovers\n|upkeep\n|\n|t:|1788280268\n|switch|p1b: Tsareena|Tsareena, L50, F|100/100\n|turn|8\n|\n|t:|1788280278\n|move|p2a: Sinistcha|Rage Powder|p2a: Sinistcha\n|-singleturn|p2a: Sinistcha|move: Rage Powder\n|move|p1a: Raichu|Zap Cannon|p2a: Sinistcha\n|-resisted|p2a: Sinistcha|1\n|-damage|p2a: Sinistcha|46/100 par\n|move|p1b: Tsareena|Triple Axel|p2a: Sinistcha|[miss]\n|-miss|p1b: Tsareena|p2a: Sinistcha\n|move|p2b: Incineroar|Flare Blitz|p1a: Raichu\n|-damage|p1a: Raichu|33/100\n|-damage|p2b: Incineroar|63/100|[from] Recoil\n|\n|-heal|p2a: Sinistcha|52/100 par|[from] item: Leftovers\n|upkeep\n|turn|9\n|-message|conngfan forfeited.\n|\n|win|DBWaffles\n|raw|conngfan's rating: 1592 &rarr; <strong>1573</strong><br />(-19 for losing)\n|raw|DBWaffles's rating: 1609 &rarr; <strong>1628</strong><br />(+19 for winning)\n","uploadtime":1788280287,"views":"0","formatid":"gen9championsvgc2026regmb","rating":1573,"private":0,"password":null}