{"id":"gen9championsvgc2026regmb-2674442496","format":"[Gen 9 Champions] VGC 2026 Reg M-B","players":["ShadowFallsLG","ToniTestoni"],"log":"|j|☆ShadowFallsLG\n|j|☆ToniTestoni\n|t:|1788360337\n|gametype|doubles\n|player|p1|ShadowFallsLG|n|1121\n|player|p2|ToniTestoni|giovanni|1180\n|gen|9\n|tier|[Gen 9 Champions] VGC 2026 Reg M-B\n|rated|\n|rule|Species Clause: Limit one of each Pokémon\n|rule|Item Clause: Limit 1 of each item\n|clearpoke\n|poke|p1|Charizard, L50, F, shiny|\n|poke|p1|Gallade, L50, M, shiny|\n|poke|p1|Greninja, L50, M, shiny|\n|poke|p1|Dragonite, L50, F|\n|poke|p1|Incineroar, L50, F, shiny|\n|poke|p1|Sneasler, L50, M, shiny|\n|poke|p2|Excadrill, L50, F|\n|poke|p2|Tyranitar, L50, F|\n|poke|p2|Corviknight, L50, F|\n|poke|p2|Hydreigon, L50, M|\n|poke|p2|Houndstone, L50, M|\n|poke|p2|Tsareena, L50, F|\n|teampreview|4\n|inactive|Battle timer is ON: inactive players will automatically lose when time's up. (requested by ToniTestoni)\n|inactive|ToniTestoni has 60 seconds left.\n|\n|t:|1788360381\n|teamsize|p1|4\n|teamsize|p2|4\n|start\n|switch|p1a: Charizard|Charizard, L50, F, shiny|100/100\n|switch|p1b: Incineroar|Incineroar, L50, F, shiny|100/100\n|switch|p2a: Excadrill|Excadrill, L50, F|100/100\n|switch|p2b: Tsareena|Tsareena, L50, F|100/100\n|-ability|p1b: Incineroar|Intimidate|boost\n|-unboost|p2a: Excadrill|atk|1\n|-unboost|p2b: Tsareena|atk|1\n|turn|1\n|\n|t:|1788360399\n|detailschange|p1a: Charizard|Charizard-Mega-Y, L50, F, shiny\n|-mega|p1a: Charizard|Charizard|Charizardite Y\n|-weather|SunnyDay|[from] ability: Drought|[of] p1a: Charizard\n|move|p2a: Excadrill|Protect|p2a: Excadrill\n|-singleturn|p2a: Excadrill|Protect\n|move|p2b: Tsareena|Protect|p2b: Tsareena\n|-singleturn|p2b: Tsareena|Protect\n|move|p1b: Incineroar|Fake Out||[still]\n|cant|p2b: Tsareena|ability: Queenly Majesty|Fake Out|[of] p1b: Incineroar\n|move|p1a: Charizard|Weather Ball|p2b: Tsareena\n|-activate|p2b: Tsareena|move: Protect\n|\n|-weather|SunnyDay|[upkeep]\n|upkeep\n|turn|2\n|\n|t:|1788360419\n|switch|p2b: Tyranitar|Tyranitar, L50, F|100/100\n|-weather|Sandstorm|[from] ability: Sand Stream|[of] p2b: Tyranitar\n|move|p2a: Excadrill|Rock Slide|p1a: Charizard|[spread] p1b\n|-miss|p2a: Excadrill|p1a: Charizard\n|-supereffective|p1b: Incineroar|1\n|-damage|p1b: Incineroar|73/100\n|move|p1a: Charizard|Weather Ball|p2b: Tyranitar\n|-damage|p2b: Tyranitar|76/100\n|cant|p1b: Incineroar|flinch\n|\n|-weather|Sandstorm|[upkeep]\n|-damage|p1a: Charizard|94/100|[from] Sandstorm\n|-damage|p1b: Incineroar|67/100|[from] Sandstorm\n|upkeep\n|turn|3\n|\n|t:|1788360442\n|detailschange|p2b: Tyranitar|Tyranitar-Mega, L50, F\n|-mega|p2b: Tyranitar|Tyranitar|Tyranitarite\n|move|p2a: Excadrill|Rock Slide|p1a: Charizard|[spread] p1a,p1b\n|-supereffective|p1a: Charizard|2\n|-supereffective|p1b: Incineroar|1\n|-damage|p1a: Charizard|22/100\n|-damage|p1b: Incineroar|41/100\n|-enditem|p1b: Incineroar|Sitrus Berry|[eat]\n|-heal|p1b: Incineroar|66/100|[from] item: Sitrus Berry\n|cant|p1a: Charizard|flinch\n|move|p2b: Tyranitar|Rock Slide|p1b: Incineroar|[spread] p1a,p1b\n|-supereffective|p1a: Charizard|2\n|-supereffective|p1b: Incineroar|1\n|-damage|p1a: Charizard|0 fnt\n|-damage|p1b: Incineroar|2/100\n|faint|p1a: Charizard\n|cant|p1b: Incineroar|flinch\n|\n|-weather|Sandstorm|[upkeep]\n|-damage|p1b: Incineroar|0 fnt|[from] Sandstorm\n|faint|p1b: Incineroar\n|upkeep\n|\n|t:|1788360462\n|switch|p1a: Sneasler|Sneasler, L50, M, shiny|100/100\n|switch|p1b: Dragonite|Dragonite, L50, F|100/100\n|turn|4\n|inactive|ShadowFallsLG has 30 seconds left.\n|\n|t:|1788360491\n|switch|p2b: Houndstone|Houndstone, L50, M|100/100\n|move|p2a: Excadrill|High Horsepower|p1a: Sneasler\n|-supereffective|p1a: Sneasler|1\n|-damage|p1a: Sneasler|0 fnt\n|faint|p1a: Sneasler\n|move|p1b: Dragonite|Thunderbolt|p2a: Excadrill\n|-immune|p2a: Excadrill\n|\n|-weather|Sandstorm|[upkeep]\n|-damage|p1b: Dragonite|93/100|[from] Sandstorm\n|upkeep\n|turn|5\n|c|☆ShadowFallsLG|Switch spam\n|\n|t:|1788360516\n|switch|p2a: Tsareena|Tsareena, L50, F|100/100\n|move|p2b: Houndstone|Will-O-Wisp|p1b: Dragonite\n|-status|p1b: Dragonite|brn\n|move|p1b: Dragonite|Roost|p1b: Dragonite\n|-heal|p1b: Dragonite|100/100 brn\n|-singleturn|p1b: Dragonite|move: Roost\n|\n|-weather|Sandstorm|[upkeep]\n|-damage|p1b: Dragonite|93/100 brn|[from] Sandstorm\n|-damage|p2a: Tsareena|93/100|[from] Sandstorm\n|-damage|p1b: Dragonite|87/100 brn|[from] brn\n|upkeep\n|turn|6\n|c|☆ToniTestoni|Lol\n|\n|t:|1788360535\n|move|p2b: Houndstone|Last Respects|p1b: Dragonite\n|-damage|p1b: Dragonite|63/100 brn\n|move|p1b: Dragonite|Hurricane|p2a: Tsareena|[miss]\n|-miss|p1b: Dragonite|p2a: Tsareena\n|move|p2a: Tsareena|Triple Axel|p1b: Dragonite\n|-supereffective|p1b: Dragonite|2\n|-damage|p1b: Dragonite|32/100 brn\n|-supereffective|p1b: Dragonite|2\n|-damage|p1b: Dragonite|0 fnt\n|faint|p1b: Dragonite\n|-hitcount|p1: Dragonite|2\n|\n|win|ToniTestoni\n|raw|ShadowFallsLG's rating: 1121 &rarr; <strong>1100</strong><br />(-21 for losing)\n|raw|ToniTestoni's rating: 1180 &rarr; <strong>1201</strong><br />(+21 for winning)\n|l|☆ShadowFallsLG\n|player|p1|\n|c|☆ToniTestoni|If you can play it's not my prob\n","uploadtime":1788360569,"views":"10","formatid":"gen9championsvgc2026regmb","rating":1100,"private":0,"password":null}