{"id":"gen9championsvgc2026regmbbo3-2674203313","format":"[Gen 9 Champions] VGC 2026 Reg M-B (Bo3)","players":["JonnyNerd","kingsrowbajax"],"log":"|j|☆JonnyNerd\n|j|☆kingsrowbajax\n|html|<table width=\"100%\"><tr><td align=\"left\">JonnyNerd</td><td align=\"right\">kingsrowbajax</tr><tr><td align=\"left\"><i class=\"fa fa-circle-o\"></i> <i class=\"fa fa-circle-o\"></i> </td><td align=\"right\"><i class=\"fa fa-circle-o\"></i> <i class=\"fa fa-circle-o\"></i> </tr></table>\n|uhtml|bestof|<h2><strong>Game 1</strong> of <a href=\"/game-bestof3-gen9championsvgc2026regmbbo3-2674203312\">a best-of-3</a></h2>\n|t:|1788314882\n|gametype|doubles\n|player|p1|JonnyNerd|waiter-gen4dp|1359\n|player|p2|kingsrowbajax|265|1246\n|gen|9\n|tier|[Gen 9 Champions] VGC 2026 Reg M-B (Bo3)\n|rated|\n|rule|Species Clause: Limit one of each Pokémon\n|rule|Item Clause: Limit 1 of each item\n|clearpoke\n|poke|p1|Mimikyu, L50, M, shiny|\n|poke|p1|Milotic, L50, F|\n|poke|p1|Tyranitar, L50, F|\n|poke|p1|Corviknight, L50, M, shiny|\n|poke|p1|Hydreigon, L50, M|\n|poke|p1|Venusaur, L50, M|\n|poke|p2|Blastoise, L50, F|\n|poke|p2|Delphox, L50, F|\n|poke|p2|Sinistcha, L50|\n|poke|p2|Kingambit, L50, M|\n|poke|p2|Sneasler, L50, M|\n|poke|p2|Incineroar, L50, M|\n|teampreview|4\n|showteam|p1|Mimikyu||LifeOrb|Disguise|ShadowClaw,Protect,ShadowSneak,PlayRough|Adamant||M|||50|]Milotic||SitrusBerry|Competitive|Recover,MuddyWater,Scald,IceBeam|Modest||F|||50|]Tyranitar||Tyranitarite|SandStream|Protect,RockSlide,KnockOff,LowKick|Adamant||F|||50|]Corviknight||OccaBerry|MirrorArmor|Tailwind,BulkUp,IronHead,BraveBird|Adamant||M|||50|]Hydreigon||ChoiceScarf|Levitate|Snarl,DarkPulse,DracoMeteor,EarthPower|Timid||M|||50|]Venusaur||Venusaurite|Chlorophyll|Protect,GigaDrain,SludgeBomb,EarthPower|Modest||M|||50|\n|showteam|p2|Blastoise||Blastoisinite|RainDish|WaterSpout,DarkPulse,ShellSmash,Protect|Modest||F|||50|]Delphox||Delphoxite|Blaze|HeatWave,Psychic,NastyPlot,Protect|Timid||F|||50|]Sinistcha||ColburBerry|Hospitality|MatchaGotcha,RagePowder,TrickRoom,Protect|Bold|||||50|]Kingambit||LifeOrb|Defiant|KowtowCleave,SuckerPunch,SwordsDance,Protect|Adamant||M|||50|]Sneasler||FocusSash|PoisonTouch|FakeOut,PoisonJab,CloseCombat,QuickGuard|Jolly||M|||50|]Incineroar||SitrusBerry|Intimidate|FakeOut,FlareBlitz,ThroatChop,PartingShot|Careful||M|||50|\n|c|☆JonnyNerd|glhf\n|c|☆kingsrowbajax|u2!\n|c|☆kingsrowbajax|I played you yday\n|c|☆kingsrowbajax|I think\n|\n|t:|1788314938\n|teamsize|p1|4\n|teamsize|p2|4\n|start\n|switch|p1a: Milotic|Milotic, L50, F|100/100\n|switch|p1b: Hydreigon|Hydreigon, L50, M|100/100\n|switch|p2a: Delphox|Delphox, L50, F|100/100\n|switch|p2b: Sneasler|Sneasler, L50, M|100/100\n|turn|1\n|\n|t:|1788314974\n|switch|p1b: Pikaboo|Mimikyu, L50, M, shiny|100/100\n|detailschange|p2a: Delphox|Delphox-Mega, L50, F\n|-mega|p2a: Delphox|Delphox|Delphoxite\n|move|p2b: Sneasler|Fake Out|p1a: Milotic\n|-damage|p1a: Milotic|85/100\n|-status|p1a: Milotic|psn|[from] ability: Poison Touch|[of] p2b: Sneasler\n|move|p2a: Delphox|Nasty Plot|p2a: Delphox\n|-boost|p2a: Delphox|spa|2\n|cant|p1a: Milotic|flinch\n|\n|-damage|p1a: Milotic|73/100 psn|[from] psn\n|upkeep\n|turn|2\n|\n|t:|1788315005\n|move|p1b: Pikaboo|Protect|p1b: Pikaboo\n|-singleturn|p1b: Pikaboo|Protect\n|move|p2a: Delphox|Psychic|p1a: Milotic\n|-damage|p1a: Milotic|7/100 psn\n|-enditem|p1a: Milotic|Sitrus Berry|[eat]\n|-heal|p1a: Milotic|31/100 psn|[from] item: Sitrus Berry\n|move|p2b: Sneasler|Poison Jab|p1a: Milotic\n|-damage|p1a: Milotic|0 fnt\n|faint|p1a: Milotic\n|\n|upkeep\n|\n|t:|1788315015\n|switch|p1a: Hydreigon|Hydreigon, L50, M|100/100\n|turn|3\n|\n|t:|1788315025\n|move|p1b: Pikaboo|Shadow Sneak|p2b: Sneasler\n|-damage|p2b: Sneasler|56/100\n|-damage|p1b: Pikaboo|90/100|[from] item: Life Orb\n|move|p1a: Hydreigon|Draco Meteor|p2b: Sneasler\n|-damage|p2b: Sneasler|0 fnt\n|-unboost|p1a: Hydreigon|spa|2\n|faint|p2b: Sneasler\n|move|p2a: Delphox|Heat Wave|p1a: Hydreigon|[spread] p1a,p1b\n|-resisted|p1a: Hydreigon|1\n|-damage|p1a: Hydreigon|61/100\n|-activate|p1b: Pikaboo|ability: Disguise\n|-damage|p1b: Pikaboo|90/100\n|detailschange|p1b: Pikaboo|Mimikyu-Busted, L50, M, shiny\n|-damage|p1b: Pikaboo|78/100|[from] pokemon: Mimikyu-Busted\n|\n|upkeep\n|\n|t:|1788315051\n|switch|p2b: Sinistcha|Sinistcha, L50|100/100\n|turn|4\n|\n|t:|1788315057\n|switch|p1a: Tyranitar|Tyranitar, L50, F|100/100\n|-weather|Sandstorm|[from] ability: Sand Stream|[of] p1a: Tyranitar\n|move|p1b: Pikaboo|Protect|p1b: Pikaboo\n|-singleturn|p1b: Pikaboo|Protect\n|move|p2b: Sinistcha|Rage Powder|p2b: Sinistcha\n|-singleturn|p2b: Sinistcha|move: Rage Powder\n|move|p2a: Delphox|Heat Wave|p1b: Pikaboo|[spread] p1a\n|-activate|p1b: Pikaboo|move: Protect\n|-resisted|p1a: Tyranitar|1\n|-damage|p1a: Tyranitar|77/100\n|\n|-weather|Sandstorm|[upkeep]\n|-damage|p2a: Delphox|94/100|[from] Sandstorm\n|-damage|p1b: Pikaboo|72/100|[from] Sandstorm\n|-damage|p2b: Sinistcha|93/100|[from] Sandstorm\n|upkeep\n|turn|5\n|\n|t:|1788315104\n|detailschange|p1a: Tyranitar|Tyranitar-Mega, L50, F\n|-mega|p1a: Tyranitar|Tyranitar|Tyranitarite\n|move|p2b: Sinistcha|Rage Powder|p2b: Sinistcha\n|-singleturn|p2b: Sinistcha|move: Rage Powder\n|move|p1b: Pikaboo|Shadow Sneak|p2b: Sinistcha\n|-supereffective|p2b: Sinistcha|1\n|-damage|p2b: Sinistcha|54/100\n|-damage|p1b: Pikaboo|63/100|[from] item: Life Orb\n|move|p2a: Delphox|Heat Wave|p1a: Tyranitar|[spread] p1a,p1b\n|-resisted|p1a: Tyranitar|1\n|-damage|p1a: Tyranitar|58/100\n|-damage|p1b: Pikaboo|0 fnt\n|-status|p1a: Tyranitar|brn\n|faint|p1b: Pikaboo\n|move|p1a: Tyranitar|Rock Slide|p2a: Delphox|[spread] p2b\n|-miss|p1a: Tyranitar|p2a: Delphox\n|-damage|p2b: Sinistcha|42/100\n|\n|-weather|Sandstorm|[upkeep]\n|-damage|p2a: Delphox|88/100|[from] Sandstorm\n|-damage|p2b: Sinistcha|36/100|[from] Sandstorm\n|-damage|p1a: Tyranitar|52/100 brn|[from] brn\n|upkeep\n|\n|t:|1788315119\n|switch|p1b: Hydreigon|Hydreigon, L50, M|61/100\n|turn|6\n|\n|t:|1788315132\n|move|p2b: Sinistcha|Rage Powder|p2b: Sinistcha\n|-singleturn|p2b: Sinistcha|move: Rage Powder\n|move|p1b: Hydreigon|Snarl|p2a: Delphox|[spread] p2a,p2b\n|-supereffective|p2a: Delphox|1\n|-supereffective|p2b: Sinistcha|1\n|-enditem|p2b: Sinistcha|Colbur Berry|[eat]\n|-enditem|p2b: Sinistcha|Colbur Berry|[weaken]\n|-damage|p2a: Delphox|49/100\n|-damage|p2b: Sinistcha|17/100\n|-unboost|p2a: Delphox|spa|1\n|-unboost|p2b: Sinistcha|spa|1\n|move|p2a: Delphox|Heat Wave|p1a: Tyranitar|[spread] p1a,p1b\n|-resisted|p1a: Tyranitar|1\n|-resisted|p1b: Hydreigon|1\n|-damage|p1a: Tyranitar|39/100 brn\n|-damage|p1b: Hydreigon|30/100\n|move|p1a: Tyranitar|Rock Slide|p2a: Delphox|[spread] p2a,p2b\n|-supereffective|p2a: Delphox|1\n|-damage|p2a: Delphox|8/100\n|-damage|p2b: Sinistcha|5/100\n|\n|-weather|Sandstorm|[upkeep]\n|-damage|p1b: Hydreigon|24/100|[from] Sandstorm\n|-damage|p2a: Delphox|2/100|[from] Sandstorm\n|-damage|p2b: Sinistcha|0 fnt|[from] Sandstorm\n|faint|p2b: Sinistcha\n|-damage|p1a: Tyranitar|33/100 brn|[from] brn\n|upkeep\n|\n|t:|1788315151\n|switch|p2b: Incineroar|Incineroar, L50, M|100/100\n|-ability|p2b: Incineroar|Intimidate|boost\n|-unboost|p1a: Tyranitar|atk|1\n|-unboost|p1b: Hydreigon|atk|1\n|turn|7\n|\n|t:|1788315169\n|move|p1a: Tyranitar|Protect|p1a: Tyranitar\n|-singleturn|p1a: Tyranitar|Protect\n|move|p2b: Incineroar|Fake Out|p1b: Hydreigon\n|-damage|p1b: Hydreigon|13/100\n|cant|p1b: Hydreigon|flinch\n|move|p2a: Delphox|Heat Wave|p1b: Hydreigon|[spread] p1b\n|-activate|p1a: Tyranitar|move: Protect\n|-resisted|p1b: Hydreigon|1\n|-damage|p1b: Hydreigon|0 fnt\n|faint|p1b: Hydreigon\n|\n|-weather|Sandstorm|[upkeep]\n|-damage|p2a: Delphox|0 fnt|[from] Sandstorm\n|-damage|p2b: Incineroar|93/100|[from] Sandstorm\n|faint|p2a: Delphox\n|-damage|p1a: Tyranitar|27/100 brn|[from] brn\n|upkeep\n|turn|8\n|\n|t:|1788315199\n|move|p1a: Tyranitar|Rock Slide|p2b: Incineroar\n|-supereffective|p2b: Incineroar|1\n|-damage|p2b: Incineroar|66/100\n|cant|p2b: Incineroar|flinch\n|\n|-weather|none\n|-damage|p1a: Tyranitar|21/100 brn|[from] brn\n|upkeep\n|turn|9\n|\n|t:|1788315207\n|move|p1a: Tyranitar|Knock Off|p2b: Incineroar\n|-resisted|p2b: Incineroar|1\n|-damage|p2b: Incineroar|57/100\n|-enditem|p2b: Incineroar|Sitrus Berry|[from] move: Knock Off|[of] p1a: Tyranitar\n|move|p2b: Incineroar|Flare Blitz|p1a: Tyranitar\n|-resisted|p1a: Tyranitar|1\n|-damage|p1a: Tyranitar|7/100 brn\n|-damage|p2b: Incineroar|53/100|[from] Recoil\n|\n|-damage|p1a: Tyranitar|1/100 brn|[from] brn\n|upkeep\n|turn|10\n|\n|t:|1788315219\n|move|p1a: Tyranitar|Rock Slide|p2b: Incineroar|[miss]\n|-miss|p1a: Tyranitar|p2b: Incineroar\n|move|p2b: Incineroar|Throat Chop|p1a: Tyranitar\n|-resisted|p1a: Tyranitar|1\n|-damage|p1a: Tyranitar|0 fnt\n|faint|p1a: Tyranitar\n|\n|win|kingsrowbajax\n","uploadtime":1788315219,"views":"4","formatid":"gen9championsvgc2026regmbbo3","rating":null,"private":0,"password":null}