{"id":"gen9championsvgc2026regmb-2674352196","format":"[Gen 9 Champions] VGC 2026 Reg M-B","players":["veryfreshacc","Vidalero"],"log":"|j|☆veryfreshacc\n|j|☆Vidalero\n|t:|1788347143\n|gametype|doubles\n|player|p1|veryfreshacc|265|1205\n|player|p2|Vidalero|265|1159\n|gen|9\n|tier|[Gen 9 Champions] VGC 2026 Reg M-B\n|rated|\n|rule|Species Clause: Limit one of each Pokémon\n|rule|Item Clause: Limit 1 of each item\n|clearpoke\n|poke|p1|Basculegion, L50, M, shiny|\n|poke|p1|Dragonite, L50, F|\n|poke|p1|Kingambit, L50, M, shiny|\n|poke|p1|Garchomp, L50, M, shiny|\n|poke|p1|Sneasler, L50, M, shiny|\n|poke|p1|Floette-Eternal, L50, F|\n|poke|p2|Meganium, L50, F, shiny|\n|poke|p2|Garchomp, L50, M|\n|poke|p2|Aerodactyl, L50, F|\n|poke|p2|Basculegion, L50, M|\n|poke|p2|Farigiraf, L50, M|\n|poke|p2|Incineroar, L50, M|\n|teampreview|4\nveryfreshacc rejected open team sheets.\n|inactive|Battle timer is ON: inactive players will automatically lose when time's up. (requested by veryfreshacc)\n|inactive|veryfreshacc has 60 seconds left.\n|inactive|Vidalero has 60 seconds left.\n|\n|t:|1788347210\n|teamsize|p1|4\n|teamsize|p2|4\n|start\n|switch|p1a: Kingambit|Kingambit, L50, M, shiny|100/100\n|switch|p1b: Basculegion|Basculegion, L50, M, shiny|100/100\n|switch|p2a: Meganium|Meganium, L50, F, shiny|100/100\n|switch|p2b: Garchomp|Garchomp, L50, M|100/100\n|turn|1\n|inactive|veryfreshacc has 30 seconds left.\n|inactive|Vidalero has 30 seconds left.\n|inactive|veryfreshacc has 20 seconds left.\n|inactive|Vidalero has 20 seconds left.\n|inactive|Vidalero has 15 seconds left.\n|inactive|Vidalero has 10 seconds left.\n|inactive|Vidalero has 5 seconds left.\n|\n|t:|1788347263\n|move|p1b: Basculegion|Protect|p1b: Basculegion\n|-singleturn|p1b: Basculegion|Protect\n|move|p2b: Garchomp|Earthquake|p1b: Basculegion|[spread] p2a,p1a\n|-activate|p1b: Basculegion|move: Protect\n|-resisted|p2a: Meganium|1\n|-supereffective|p1a: Kingambit|1\n|-damage|p2a: Meganium|81/100\n|-damage|p1a: Kingambit|41/100\n|move|p2a: Meganium|Weather Ball|p1a: Kingambit\n|-resisted|p1a: Kingambit|1\n|-damage|p1a: Kingambit|35/100\n|move|p1a: Kingambit|Iron Head|p2a: Meganium\n|-damage|p2a: Meganium|38/100\n|\n|upkeep\n|turn|2\n|inactive|veryfreshacc has 30 seconds left.\n|inactive|veryfreshacc has 20 seconds left.\n|inactive|veryfreshacc has 15 seconds left.\n|\n|t:|1788347305\n|switch|p1a: Dragonite|Dragonite, L50, F|100/100\n|move|p2a: Meganium|Protect|p2a: Meganium\n|-singleturn|p2a: Meganium|Protect\n|move|p2b: Garchomp|Earthquake|p1b: Basculegion|[spread] p1b\n|-activate|p2a: Meganium|move: Protect\n|-immune|p1a: Dragonite\n|-damage|p1b: Basculegion|45/100\n|move|p1b: Basculegion|Last Respects|p2a: Meganium\n|-activate|p2a: Meganium|move: Protect\n|\n|upkeep\n|turn|3\n|inactive|veryfreshacc has 30 seconds left.\n|\n|t:|1788347332\n|switch|p2a: Aerodactyl|Aerodactyl, L50, F|100/100\n|-ability|p2a: Aerodactyl|Unnerve\n|detailschange|p1a: Dragonite|Dragonite-Mega, L50, F\n|-mega|p1a: Dragonite|Dragonite|Dragoninite\n|move|p1b: Basculegion|Protect|p1b: Basculegion\n|-singleturn|p1b: Basculegion|Protect\n|move|p2b: Garchomp|Earthquake|p1a: Dragonite|[spread] \n|-activate|p1b: Basculegion|move: Protect\n|-immune|p2a: Aerodactyl\n|-immune|p1a: Dragonite\n|move|p1a: Dragonite|Dragon Pulse|p2b: Garchomp\n|-supereffective|p2b: Garchomp|1\n|-damage|p2b: Garchomp|0 fnt\n|faint|p2b: Garchomp\n|\n|upkeep\n|\n|t:|1788347349\n|switch|p2b: Meganium|Meganium, L50, F, shiny|38/100\n|turn|4\n|\n|t:|1788347371\n|detailschange|p2b: Meganium|Meganium-Mega, L50, F, shiny\n|-mega|p2b: Meganium|Meganium|Meganiumite\n|move|p1b: Basculegion|Aqua Jet|p2a: Aerodactyl\n|-supereffective|p2a: Aerodactyl|1\n|-enditem|p2a: Aerodactyl|Focus Sash\n|-damage|p2a: Aerodactyl|1/100\n|-damage|p1b: Basculegion|36/100|[from] item: Life Orb\n|move|p2a: Aerodactyl|Tailwind|p2a: Aerodactyl\n|-sidestart|p2: Vidalero|move: Tailwind\n|move|p2b: Meganium|Dazzling Gleam|p1b: Basculegion|[spread] p1a,p1b\n|-supereffective|p1a: Dragonite|1\n|-damage|p1a: Dragonite|65/100\n|-damage|p1b: Basculegion|0 fnt\n|faint|p1b: Basculegion\n|move|p1a: Dragonite|Heat Wave|p2b: Meganium|[spread] p2a,p2b\n|-resisted|p2a: Aerodactyl|1\n|-supereffective|p2b: Meganium|1\n|-damage|p2a: Aerodactyl|0 fnt\n|-damage|p2b: Meganium|0 fnt\n|faint|p2a: Aerodactyl\n|faint|p2b: Meganium\n|\n|upkeep\n|inactive|Vidalero has 30 seconds left.\n|\n|t:|1788347396\n|switch|p1b: Kingambit|Kingambit, L50, M, shiny|35/100\n|switch|p2b: Basculegion|Basculegion, L50, M|100/100\n|turn|5\n|-message|Vidalero forfeited.\n|\n|win|veryfreshacc\n|raw|veryfreshacc's rating: 1205 &rarr; <strong>1227</strong><br />(+22 for winning)\n|raw|Vidalero's rating: 1159 &rarr; <strong>1137</strong><br />(-22 for losing)\n|l|☆Vidalero\n|player|p2|\n","uploadtime":1788347407,"views":"0","formatid":"gen9championsvgc2026regmb","rating":1137,"private":0,"password":null}