{"id":"gen9championsvgc2026regmb-2674631066","format":"[Gen 9 Champions] VGC 2026 Reg M-B","players":["Megachamp100","prettylillis"],"log":"|j|☆Megachamp100\n|j|☆prettylillis\n|html|<table width=\"100%\"><tr><td align=\"left\">Megachamp100</td><td align=\"right\">prettylillis</tr><tr><td align=\"left\"><i class=\"fa fa-circle-o\"></i> <i class=\"fa fa-circle-o\"></i> </td><td align=\"right\"><i class=\"fa fa-circle-o\"></i> <i class=\"fa fa-circle-o\"></i> </tr></table>\n|uhtml|bestof|<h2><strong>Game 1</strong> of <a href=\"/game-bestof3-gen9championsvgc2026regmb-2674631065\">a best-of-3</a></h2>\n|t:|1788382548\n|gametype|doubles\n|player|p1|Megachamp100|marshal|\n|player|p2|prettylillis|parasollady|\n|gen|9\n|tier|[Gen 9 Champions] VGC 2026 Reg M-B\n|rule|Species Clause: Limit one of each Pokémon\n|rule|Item Clause: Limit 1 of each item\n|raw|<div class=\"infobox\"><details class=\"readmore\" open><summary><strong>1 custom rule:</strong></summary> Best of = 3</details></div>\n|clearpoke\n|poke|p1|Gengar, L50, M, shiny|\n|poke|p1|Primarina, L50, M|\n|poke|p1|Sinistcha, L50, shiny|\n|poke|p1|Krookodile, L50, M, shiny|\n|poke|p1|Altaria, L50, F, shiny|\n|poke|p1|Kangaskhan, L50, F|\n|poke|p2|Sharpedo, L50, F|\n|poke|p2|Grimmsnarl, L50, M|\n|poke|p2|Steelix, L50, M|\n|poke|p2|Wyrdeer, L50, M|\n|poke|p2|Venusaur, L50, F|\n|poke|p2|Gliscor, L50, F|\n|teampreview|4\n|c|☆prettylillis|gl gl\nprettylillis rejected open team sheets.\n|c|☆Megachamp100|glhf\n|\n|t:|1788382613\n|teamsize|p1|4\n|teamsize|p2|4\n|start\n|switch|p1a: Grim Shady|Gengar, L50, M, shiny|100/100\n|switch|p1b: Gengis Khan|Kangaskhan, L50, F|100/100\n|switch|p2a: Wyrdeer|Wyrdeer, L50, M|100/100\n|switch|p2b: Grimmsnarl|Grimmsnarl, L50, M|100/100\n|-ability|p2a: Wyrdeer|Intimidate|boost\n|-unboost|p1a: Grim Shady|atk|1\n|-fail|p1b: Gengis Khan|unboost|atk|[from] ability: Scrappy|[of] p1b: Gengis Khan\n|turn|1\n|j| Animonmaster GO\n|l|☆prettylillis\n|player|p2|\n|c| Animonmaster GO|Your 2 new guys debute wish them the best preformce\n|j|☆prettylillis\n|player|p2|prettylillis|parasollady|\n|c|☆prettylillis|im back\n|c|☆Megachamp100|ok\n|\n|t:|1788382817\n|detailschange|p1a: Grim Shady|Gengar-Mega, L50, M, shiny\n|-mega|p1a: Grim Shady|Gengar|Gengarite\n|move|p1b: Gengis Khan|Fake Out|p2b: Grimmsnarl\n|-damage|p2b: Grimmsnarl|70/100\n|-damage|p1b: Gengis Khan|90/100|[from] item: Life Orb\n|cant|p2b: Grimmsnarl|flinch\n|move|p1a: Grim Shady|Thunderbolt|p2a: Wyrdeer\n|-damage|p2a: Wyrdeer|72/100\n|move|p2a: Wyrdeer|Trick Room|p2a: Wyrdeer\n|-fieldstart|move: Trick Room|[of] p2a: Wyrdeer\n|\n|upkeep\n|turn|2\n|\n|t:|1788382854\n|move|p2a: Wyrdeer|Protect|p2a: Wyrdeer\n|-singleturn|p2a: Wyrdeer|Protect\n|move|p1a: Grim Shady|Protect|p1a: Grim Shady\n|-singleturn|p1a: Grim Shady|Protect\n|move|p2b: Grimmsnarl|Spirit Break|p1b: Gengis Khan\n|-damage|p1b: Gengis Khan|50/100g\n|-unboost|p1b: Gengis Khan|spa|1\n|move|p1b: Gengis Khan|Ice Punch|p2b: Grimmsnarl\n|-damage|p2b: Grimmsnarl|31/100\n|-damage|p1b: Gengis Khan|40/100|[from] item: Life Orb\n|\n|upkeep\n|turn|3\n|\n|t:|1788382879\n|switch|p1b: Lipton|Sinistcha, L50, shiny|100/100\n|switch|p1a: Gatorade|Krookodile, L50, M, shiny|100/100\n|move|p2b: Grimmsnarl|Spirit Break|p1b: Lipton\n|-damage|p1b: Lipton|68/100\n|-unboost|p1b: Lipton|spa|1\n|move|p2a: Wyrdeer|Psychic Noise|p1a: Gatorade\n|-immune|p1a: Gatorade\n|\n|upkeep\n|turn|4\n|\n|t:|1788382910\n|switch|p2a: Steelix|Steelix, L50, M|100/100\n|switch|p1a: Gengis Khan|Kangaskhan, L50, F|40/100\n|move|p2b: Grimmsnarl|Crunch|p1b: Lipton\n|-supereffective|p1b: Lipton|1\n|-crit|p1b: Lipton\n|-damage|p1b: Lipton|0 fnt\n|faint|p1b: Lipton\n|\n|upkeep\n|\n|t:|1788382935\n|switch|p1b: Gatorade|Krookodile, L50, M, shiny|100/100\n|turn|5\n|\n|t:|1788382947\n|move|p1a: Gengis Khan|Fake Out|p2b: Grimmsnarl\n|-crit|p2b: Grimmsnarl\n|-damage|p2b: Grimmsnarl|0 fnt\n|faint|p2b: Grimmsnarl\n|-damage|p1a: Gengis Khan|30/100|[from] item: Life Orb\n|move|p2a: Steelix|Ice Fang|p1b: Gatorade\n|-supereffective|p1b: Gatorade|1\n|-damage|p1b: Gatorade|31/100\n|move|p1b: Gatorade|Earthquake|p2a: Steelix|[spread] p1a,p2a\n|-supereffective|p2a: Steelix|1\n|-damage|p1a: Gengis Khan|0 fnt\n|-damage|p2a: Steelix|52/100\n|faint|p1a: Gengis Khan\n|-ability|p1b: Gatorade|Moxie|boost\n|-boost|p1b: Gatorade|atk|1\n|\n|-fieldend|move: Trick Room\n|upkeep\n|\n|t:|1788382962\n|switch|p1a: Grim Shady|Gengar-Mega, L50, M, shiny|100/100\n|switch|p2b: Wyrdeer|Wyrdeer, L50, M|72/100\n|-ability|p2b: Wyrdeer|Intimidate|boost\n|-unboost|p1a: Grim Shady|atk|1\n|-unboost|p1b: Gatorade|atk|1\n|turn|6\n|\n|t:|1788382980\n|move|p1a: Grim Shady|Protect|p1a: Grim Shady\n|-singleturn|p1a: Grim Shady|Protect\n|move|p1b: Gatorade|Earthquake|p2a: Steelix|[spread] p2a,p2b\n|-activate|p1a: Grim Shady|move: Protect\n|-supereffective|p2a: Steelix|1\n|-damage|p2a: Steelix|1/100\n|-damage|p2b: Wyrdeer|24/100\n|-enditem|p2b: Wyrdeer|Sitrus Berry|[eat]\n|-heal|p2b: Wyrdeer|49/100|[from] item: Sitrus Berry\n|move|p2b: Wyrdeer|Psychic Noise|p1a: Grim Shady\n|-activate|p1a: Grim Shady|move: Protect\n|move|p2a: Steelix|High Horsepower|p1a: Grim Shady\n|-activate|p1a: Grim Shady|move: Protect\n|\n|upkeep\n|turn|7\n|\n|t:|1788382999\n|move|p1a: Grim Shady|Protect|p1a: Grim Shady\n|-singleturn|p1a: Grim Shady|Protect\n|move|p1b: Gatorade|Earthquake|p2a: Steelix|[spread] p2a,p2b\n|-activate|p1a: Grim Shady|move: Protect\n|-supereffective|p2a: Steelix|1\n|-damage|p2a: Steelix|0 fnt\n|-damage|p2b: Wyrdeer|6/100\n|faint|p2a: Steelix\n|-ability|p1b: Gatorade|Moxie|boost\n|-boost|p1b: Gatorade|atk|1\n|move|p2b: Wyrdeer|Trick Room|p2b: Wyrdeer\n|-fieldstart|move: Trick Room|[of] p2b: Wyrdeer\n|\n|upkeep\n|\n|t:|1788383009\n|switch|p2a: Venusaur|Venusaur, L50, F|100/100\n|turn|8\n|\n|t:|1788383016\n|detailschange|p2a: Venusaur|Venusaur-Mega, L50, F\n|-mega|p2a: Venusaur|Venusaur|Venusaurite\n|move|p2b: Wyrdeer|Psychic Noise|p1a: Grim Shady\n|-supereffective|p1a: Grim Shady|1\n|-damage|p1a: Grim Shady|34/100\n|-start|p1a: Grim Shady|move: Heal Block\n|move|p2a: Venusaur|Energy Ball|p1b: Gatorade\n|-supereffective|p1b: Gatorade|1\n|-damage|p1b: Gatorade|0 fnt\n|faint|p1b: Gatorade\n|move|p1a: Grim Shady|Psychic|p2a: Venusaur\n|-supereffective|p2a: Venusaur|1\n|-damage|p2a: Venusaur|37/100\n|\n|upkeep\n|turn|9\n|\n|t:|1788383040\n|move|p1a: Grim Shady|Protect|p1a: Grim Shady\n|-singleturn|p1a: Grim Shady|Protect\n|move|p2b: Wyrdeer|Psychic Noise|p1a: Grim Shady\n|-activate|p1a: Grim Shady|move: Protect\n|move|p2a: Venusaur|Energy Ball|p1a: Grim Shady\n|-activate|p1a: Grim Shady|move: Protect\n|\n|-end|p1a: Grim Shady|move: Heal Block\n|upkeep\n|turn|10\n|\n|t:|1788383051\n|move|p1a: Grim Shady|Protect||[still]\n|-fail|p1a: Grim Shady\n|move|p2b: Wyrdeer|Psychic Noise|p1a: Grim Shady\n|-supereffective|p1a: Grim Shady|1\n|-damage|p1a: Grim Shady|0 fnt\n|faint|p1a: Grim Shady\n|\n|win|prettylillis\n||prettylillis is ready for game 2.\n|inactive|Megachamp100 has 30 seconds to confirm battle start!\n","uploadtime":1788383063,"views":"12","formatid":"gen9championsvgc2026regmb","rating":null,"private":0,"password":null}