{"id":"gen9championsvgc2026regmb-2674582802","format":"[Gen 9 Champions] VGC 2026 Reg M-B","players":["IndigoCha0s","shaedygirlo"],"log":"|j|☆IndigoCha0s\n|j|☆shaedygirlo\n|html|<table width=\"100%\"><tr><td align=\"left\">IndigoCha0s</td><td align=\"right\">shaedygirlo</tr><tr><td align=\"left\"><i class=\"fa fa-circle-o\"></i> <i class=\"fa fa-circle-o\"></i> </td><td align=\"right\"><i class=\"fa fa-circle-o\"></i> <i class=\"fa fa-circle-o\"></i> </tr></table>\n|uhtml|bestof|<h2><strong>Game 1</strong> of <a href=\"/game-bestof3-gen9championsvgc2026regmb-2674582801\">a best-of-3</a></h2>\n|t:|1788376636\n|gametype|doubles\n|player|p1|IndigoCha0s|colress|\n|player|p2|shaedygirlo|cynthia-gen4|\n|gen|9\n|tier|[Gen 9 Champions] VGC 2026 Reg M-B\n|rule|Species Clause: Limit one of each Pokémon\n|rule|Item Clause: Limit 1 of each item\n|raw|<div class=\"infobox\"><details class=\"readmore\" open><summary><strong>2 custom rules:</strong></summary> !open team sheets, best of=3</details></div>\n|clearpoke\n|poke|p1|Gengar, L50, F|\n|poke|p1|Eelektross, L50, F|\n|poke|p1|Whimsicott, L50, F|\n|poke|p1|Meowscarada, L50, F|\n|poke|p1|Kangaskhan, L50, F|\n|poke|p1|Milotic, L50, F|\n|poke|p2|Staraptor, L50, F, shiny|\n|poke|p2|Pelipper, L50, M, shiny|\n|poke|p2|Garchomp, L50, F, shiny|\n|poke|p2|Grimmsnarl, L50, M, shiny|\n|poke|p2|Armarouge, L50, F, shiny|\n|poke|p2|Politoed, L50, F, shiny|\n|teampreview|4\n|c|☆shaedygirlo|GLHF\n|c|☆IndigoCha0s|glhf :)\n|\n|t:|1788376717\n|teamsize|p1|4\n|teamsize|p2|4\n|start\n|switch|p1a: Gengar|Gengar, L50, F|100/100\n|switch|p1b: Milotic|Milotic, L50, F|100/100\n|switch|p2a: Gally|Garchomp, L50, F, shiny|100/100\n|switch|p2b: Pally|Pelipper, L50, M, shiny|100/100\n|-weather|RainDance|[from] ability: Drizzle|[of] p2b: Pally\n|turn|1\n|\n|t:|1788376756\n|detailschange|p1a: Gengar|Gengar-Mega, L50, F\n|-mega|p1a: Gengar|Gengar|Gengarite\n|move|p2a: Gally|Protect|p2a: Gally\n|-singleturn|p2a: Gally|Protect\n|move|p1a: Gengar|Thunder|p2b: Pally\n|-supereffective|p2b: Pally|2\n|-enditem|p2b: Pally|Focus Sash\n|-damage|p2b: Pally|1/100\n|move|p1b: Milotic|Ice Beam|p2a: Gally\n|-activate|p2a: Gally|move: Protect\n|move|p2b: Pally|Tailwind|p2b: Pally\n|-sidestart|p2: shaedygirlo|move: Tailwind\n|\n|-weather|RainDance|[upkeep]\n|upkeep\n|turn|2\n|\n|t:|1788376827\n|move|p2a: Gally|Earthquake|p1a: Gengar|[spread] p1a,p1b\n|-immune|p2b: Pally\n|-supereffective|p1a: Gengar|1\n|-damage|p1a: Gengar|0 fnt\n|-damage|p1b: Milotic|52/100\n|faint|p1a: Gengar\n|-damage|p2a: Gally|90/100|[from] item: Life Orb\n|move|p2b: Pally|Hurricane|p1b: Milotic\n|-damage|p1b: Milotic|14/100\n|-start|p1b: Milotic|confusion\n|-enditem|p1b: Milotic|Sitrus Berry|[eat]\n|-heal|p1b: Milotic|38/100|[from] item: Sitrus Berry\n|-activate|p1b: Milotic|confusion\n|move|p1b: Milotic|Ice Beam|p2a: Gally\n|-supereffective|p2a: Gally|2\n|-damage|p2a: Gally|0 fnt\n|faint|p2a: Gally\n|\n|-weather|RainDance|[upkeep]\n|upkeep\n|\n|t:|1788376856\n|switch|p1a: Whimsicott|Whimsicott, L50, F|100/100\n|switch|p2a: Ally|Armarouge, L50, F, shiny|100/100\n|turn|3\n|\n|t:|1788376873\n|move|p2b: Pally|Wide Guard|p2b: Pally\n|-singleturn|p2b: Pally|Wide Guard\n|move|p1a: Whimsicott|Tailwind|p1a: Whimsicott\n|-sidestart|p1: IndigoCha0s|move: Tailwind\n|-end|p1b: Milotic|confusion\n|move|p1b: Milotic|Scald|p2a: Ally\n|-supereffective|p2a: Ally|1\n|-damage|p2a: Ally|0 fnt\n|faint|p2a: Ally\n|\n|-weather|RainDance|[upkeep]\n|upkeep\n|\n|t:|1788376884\n|switch|p2a: Grally|Grimmsnarl, L50, M, shiny|100/100\n|turn|4\n|\n|t:|1788376915\n|move|p1a: Whimsicott|Moonblast|p2a: Grally\n|-supereffective|p2a: Grally|1\n|-damage|p2a: Grally|31/100\n|-unboost|p2a: Grally|spa|1\n|move|p1b: Milotic|Scald|p2b: Pally\n|-resisted|p2b: Pally|1\n|-damage|p2b: Pally|0 fnt\n|faint|p2b: Pally\n|move|p2a: Grally|Spirit Break|p1b: Milotic\n|-damage|p1b: Milotic|12/100\n|-unboost|p1b: Milotic|spa|1\n|-ability|p1b: Milotic|Competitive|boost\n|-boost|p1b: Milotic|spa|2\n|\n|-weather|RainDance|[upkeep]\n|-sideend|p2: shaedygirlo|move: Tailwind\n|upkeep\n|turn|5\n|\n|t:|1788376936\n|move|p2a: Grally|Parting Shot|p1b: Milotic\n|-unboost|p1b: Milotic|atk|1\n|-ability|p1b: Milotic|Competitive|boost\n|-boost|p1b: Milotic|spa|2\n|-unboost|p1b: Milotic|spa|1\n|-ability|p1b: Milotic|Competitive|boost\n|-boost|p1b: Milotic|spa|2\n|move|p1a: Whimsicott|Moonblast|p2a: Grally\n|-supereffective|p2a: Grally|1\n|-damage|p2a: Grally|0 fnt\n|faint|p2a: Grally\n|\n|win|IndigoCha0s\n||shaedygirlo is ready for game 2.\n|inactive|IndigoCha0s has 30 seconds to confirm battle start!\n||IndigoCha0s is ready for game 2.\n|uhtml|next|Next: <a href=\"/battle-gen9championsvgc2026regmb-2674585427\"><strong>Game 2 of 3</strong></a>\n|l|☆IndigoCha0s\n|player|p1|\n","uploadtime":1788377947,"views":"19","formatid":"gen9championsvgc2026regmb","rating":null,"private":0,"password":null}