{"id":"gen9championsvgc2026regmb-2674735138","format":"[Gen 9 Champions] VGC 2026 Reg M-B","players":["blackleafogog","Kwiper"],"log":"|j|☆blackleafogog\n|j|☆Kwiper\n|t:|1788397986\n|gametype|doubles\n|player|p1|blackleafogog|265|1665\n|player|p2|Kwiper|sycamore|1604\n|gen|9\n|tier|[Gen 9 Champions] VGC 2026 Reg M-B\n|rated|\n|rule|Species Clause: Limit one of each Pokémon\n|rule|Item Clause: Limit 1 of each item\n|clearpoke\n|poke|p1|Staraptor, L50, F|\n|poke|p1|Kingambit, L50, M|\n|poke|p1|Maushold-Four, L50|\n|poke|p1|Vivillon, L50, F|\n|poke|p1|Garchomp, L50, M|\n|poke|p1|Venusaur, L50, F|\n|poke|p2|Tyranitar, L50, F|\n|poke|p2|Excadrill, L50, M|\n|poke|p2|Milotic, L50, F|\n|poke|p2|Gholdengo, L50|\n|poke|p2|Sinistcha, L50|\n|poke|p2|Staraptor, L50, F|\n|teampreview|4\n|inactive|Battle timer is ON: inactive players will automatically lose when time's up. (requested by Kwiper)\n|inactive|blackleafogog has 60 seconds left.\n|inactive|Kwiper has 60 seconds left.\n|\n|t:|1788398030\n|teamsize|p1|4\n|teamsize|p2|4\n|start\n|switch|p1a: Vivillon|Vivillon, L50, F|100/100\n|switch|p1b: Venusaur|Venusaur, L50, F|100/100\n|switch|p2a: Staraptor|Staraptor, L50, F|100/100\n|switch|p2b: Gholdengo|Gholdengo, L50|100/100\n|-ability|p2a: Staraptor|Intimidate|boost\n|-unboost|p1a: Vivillon|atk|1\n|-unboost|p1b: Venusaur|atk|1\n|turn|1\n|inactive|blackleafogog has 30 seconds left.\n|\n|t:|1788398061\n|switch|p1a: Staraptor|Staraptor, L50, F|100/100\n|-ability|p1a: Staraptor|Intimidate|boost\n|-unboost|p2a: Staraptor|atk|1\n|-unboost|p2b: Gholdengo|atk|1\n|detailschange|p2a: Staraptor|Staraptor-Mega, L50, F\n|-mega|p2a: Staraptor|Staraptor|Staraptite\n|move|p2a: Staraptor|Brave Bird|p1b: Venusaur\n|-supereffective|p1b: Venusaur|1\n|-damage|p1b: Venusaur|25/100\n|-damage|p2a: Staraptor|75/100|[from] Recoil\n|move|p2b: Gholdengo|Make It Rain|p1b: Venusaur|[spread] p1a,p1b\n|-damage|p1a: Staraptor|15/100\n|-damage|p1b: Venusaur|0 fnt\n|-unboost|p2b: Gholdengo|spa|2\n|faint|p1b: Venusaur\n|-damage|p2b: Gholdengo|90/100|[from] item: Life Orb\n|\n|upkeep\n|\n|t:|1788398080\n|switch|p1b: Vivillon|Vivillon, L50, F|100/100\n|turn|2\n|\n|t:|1788398090\n|detailschange|p1a: Staraptor|Staraptor-Mega, L50, F\n|-mega|p1a: Staraptor|Staraptor|Staraptite\n|move|p1a: Staraptor|Protect|p1a: Staraptor\n|-singleturn|p1a: Staraptor|Protect\n|move|p2a: Staraptor|Brave Bird|p1a: Staraptor\n|-activate|p1a: Staraptor|move: Protect\n|move|p1b: Vivillon|Tailwind|p1b: Vivillon\n|-sidestart|p1: blackleafogog|move: Tailwind\n|move|p2b: Gholdengo|Make It Rain|p1b: Vivillon|[spread] p1b\n|-activate|p1a: Staraptor|move: Protect\n|-damage|p1b: Vivillon|40/100\n|-unboost|p2b: Gholdengo|spa|2\n|-damage|p2b: Gholdengo|80/100|[from] item: Life Orb\n|\n|upkeep\n|turn|3\n|\n|t:|1788398098\n|move|p2a: Staraptor|Protect|p2a: Staraptor\n|-singleturn|p2a: Staraptor|Protect\n|move|p1a: Staraptor|Roost|p1a: Staraptor\n|-heal|p1a: Staraptor|65/100\n|-singleturn|p1a: Staraptor|move: Roost\n|move|p1b: Vivillon|Sleep Powder|p2a: Staraptor\n|-activate|p2a: Staraptor|move: Protect\n|move|p2b: Gholdengo|Make It Rain|p1b: Vivillon|[spread] p1a,p1b\n|-damage|p1a: Staraptor|45/100\n|-damage|p1b: Vivillon|1/100\n|-unboost|p2b: Gholdengo|spa|2\n|-damage|p2b: Gholdengo|71/100|[from] item: Life Orb\n|\n|upkeep\n|turn|4\n|\n|t:|1788398119\n|switch|p1b: Garchomp|Garchomp, L50, M|100/100\n|switch|p2a: Tyranitar|Tyranitar, L50, F|100/100\n|-weather|Sandstorm|[from] ability: Sand Stream|[of] p2a: Tyranitar\n|move|p1a: Staraptor|Close Combat|p2a: Tyranitar\n|-supereffective|p2a: Tyranitar|2\n|-damage|p2a: Tyranitar|0 fnt\n|-boost|p1a: Staraptor|def|1\n|-boost|p1a: Staraptor|spd|1\n|faint|p2a: Tyranitar\n|move|p2b: Gholdengo|Nasty Plot|p2b: Gholdengo\n|-boost|p2b: Gholdengo|spa|2\n|\n|-weather|Sandstorm|[upkeep]\n|-damage|p1a: Staraptor|39/100|[from] Sandstorm\n|upkeep\n|\n|t:|1788398127\n|switch|p2a: Staraptor|Staraptor-Mega, L50, F|75/100\n|turn|5\n|\n|t:|1788398142\n|move|p2a: Staraptor|Protect|p2a: Staraptor\n|-singleturn|p2a: Staraptor|Protect\n|move|p2b: Gholdengo|Protect|p2b: Gholdengo\n|-singleturn|p2b: Gholdengo|Protect\n|move|p1b: Garchomp|Earthquake|p2a: Staraptor|[spread] \n|-activate|p2a: Staraptor|move: Protect\n|-activate|p2b: Gholdengo|move: Protect\n|-immune|p1a: Staraptor\n|move|p1a: Staraptor|Roost|p1a: Staraptor\n|-heal|p1a: Staraptor|89/100\n|-singleturn|p1a: Staraptor|move: Roost\n|\n|-weather|Sandstorm|[upkeep]\n|-damage|p1a: Staraptor|84/100|[from] Sandstorm\n|-damage|p2a: Staraptor|69/100|[from] Sandstorm\n|-sideend|p1: blackleafogog|move: Tailwind\n|upkeep\n|turn|6\n|\n|t:|1788398152\n|move|p1b: Garchomp|Earthquake|p2b: Gholdengo|[spread] p2b\n|-immune|p1a: Staraptor\n|-immune|p2a: Staraptor\n|-supereffective|p2b: Gholdengo|1\n|-damage|p2b: Gholdengo|1/100\n|move|p2a: Staraptor|Brave Bird|p1a: Staraptor\n|-supereffective|p1a: Staraptor|1\n|-damage|p1a: Staraptor|12/100\n|-damage|p2a: Staraptor|47/100|[from] Recoil\n|move|p1a: Staraptor|Dual Wingbeat|p2a: Staraptor\n|-supereffective|p2a: Staraptor|1\n|-damage|p2a: Staraptor|8/100\n|-supereffective|p2a: Staraptor|1\n|-damage|p2a: Staraptor|0 fnt\n|faint|p2a: Staraptor\n|-hitcount|p2: Staraptor|2\n|move|p2b: Gholdengo|Shadow Ball|p1b: Garchomp\n|-damage|p1b: Garchomp|80/100\n|-damage|p2b: Gholdengo|0 fnt|[from] item: Life Orb\n|faint|p2b: Gholdengo\n|\n|-weather|Sandstorm|[upkeep]\n|-damage|p1a: Staraptor|6/100|[from] Sandstorm\n|upkeep\n|\n|t:|1788398154\n|switch|p2b: Excadrill|Excadrill, L50, M|100/100\n|turn|7\n|\n|t:|1788398167\n|move|p1a: Staraptor|Protect|p1a: Staraptor\n|-singleturn|p1a: Staraptor|Protect\n|move|p2b: Excadrill|Rock Slide|p1a: Staraptor|[spread] p1b\n|-activate|p1a: Staraptor|move: Protect\n|-resisted|p1b: Garchomp|1\n|-damage|p1b: Garchomp|70/100\n|move|p1b: Garchomp|Earthquake|p2b: Excadrill|[spread] p2b\n|-activate|p1a: Staraptor|move: Protect\n|-supereffective|p2b: Excadrill|1\n|-enditem|p2b: Excadrill|Focus Sash\n|-damage|p2b: Excadrill|1/100\n|\n|-weather|Sandstorm|[upkeep]\n|-damage|p1a: Staraptor|1/100|[from] Sandstorm\n|upkeep\n|turn|8\n|-message|Kwiper forfeited.\n|\n|win|blackleafogog\n|raw|blackleafogog's rating: 1665 &rarr; <strong>1682</strong><br />(+17 for winning)\n|raw|Kwiper's rating: 1604 &rarr; <strong>1587</strong><br />(-17 for losing)\n|l|☆Kwiper\n|player|p2|\n","uploadtime":1788398173,"views":"10","formatid":"gen9championsvgc2026regmb","rating":1587,"private":0,"password":null}