{"id":"gen9championsvgc2026regmb-2674713659","format":"[Gen 9 Champions] VGC 2026 Reg M-B","players":["Jermanthony","taj11"],"log":"|j|☆Jermanthony\n|j|☆taj11\n|html|<table width=\"100%\"><tr><td align=\"left\">Jermanthony</td><td align=\"right\">taj11</tr><tr><td align=\"left\"><i class=\"fa fa-circle\"></i> <i class=\"fa fa-circle-o\"></i> </td><td align=\"right\"><i class=\"fa fa-circle-o\"></i> <i class=\"fa fa-circle-o\"></i> </tr></table>\n|uhtml|bestof|<h2><strong>Game 2</strong> of <a href=\"/game-bestof3-gen9championsvgc2026regmb-2674712246\">a best-of-3</a></h2>\n|t:|1788394649\n|gametype|doubles\n|player|p1|Jermanthony|guzma|\n|player|p2|taj11|265|\n|gen|9\n|tier|[Gen 9 Champions] VGC 2026 Reg M-B\n|rule|Species Clause: Limit one of each Pokémon\n|rule|Item Clause: Limit 1 of each item\n|raw|<div class=\"infobox\"><details class=\"readmore\" open><summary><strong>1 custom rule:</strong></summary> Best of = 3</details></div>\n|clearpoke\n|poke|p1|Scovillain, L50, F|\n|poke|p1|Lycanroc-Dusk, L50, F|\n|poke|p1|Sharpedo, L50, F|\n|poke|p1|Sylveon, L50, M, shiny|\n|poke|p1|Altaria, L50, F|\n|poke|p1|Absol, L50, F|\n|poke|p2|Charizard, L50, M|\n|poke|p2|Garchomp, L50, F|\n|poke|p2|Scrafty, L50, M|\n|poke|p2|Victreebel, L50, F|\n|poke|p2|Gardevoir, L50, F|\n|poke|p2|Noivern, L50, M|\n|teampreview|4\n|j| eevee1ynn\n|c|☆taj11|no luck to absol but have fun fr\n|c|☆Jermanthony|glhf absol is a good boy\n|j| CrunchBunch\n|\n|t:|1788394694\n|teamsize|p1|4\n|teamsize|p2|4\n|start\n|switch|p1a: Lycanroc|Lycanroc-Dusk, L50, F|100/100\n|switch|p1b: Scovillain|Scovillain, L50, F|100/100\n|switch|p2a: Charizard|Charizard, L50, M|100/100\n|switch|p2b: Scrafty|Scrafty, L50, M|100/100\n|-ability|p2b: Scrafty|Intimidate|boost\n|-unboost|p1a: Lycanroc|atk|1\n|-unboost|p1b: Scovillain|atk|1\n|turn|1\n|j| fkggvn\n|\n|t:|1788394709\n|move|p1b: Scovillain|Helping Hand|p1a: Lycanroc\n|-singleturn|p1a: Lycanroc|Helping Hand|[of] p1b: Scovillain\n|move|p2b: Scrafty|Fake Out|p1a: Lycanroc\n|-resisted|p1a: Lycanroc|1\n|-damage|p1a: Lycanroc|92/100\n|cant|p1a: Lycanroc|flinch\n|move|p2a: Charizard|Substitute|p2a: Charizard\n|-start|p2a: Charizard|Substitute\n|-damage|p2a: Charizard|75/100\n|\n|-ability|p1b: Scovillain|Moody|boost\n|-boost|p1b: Scovillain|atk|2\n|-unboost|p1b: Scovillain|spa|1\n|upkeep\n|turn|2\n|j| BroDontFuckWithMe\n|\n|t:|1788394735\n|move|p1b: Scovillain|Helping Hand|p1a: Lycanroc\n|-singleturn|p1a: Lycanroc|Helping Hand|[of] p1b: Scovillain\n|move|p1a: Lycanroc|Rock Slide|p2a: Charizard|[spread] p2a,p2b\n|-supereffective|p2a: Charizard|2\n|-end|p2a: Charizard|Substitute\n|-resisted|p2b: Scrafty|1\n|-damage|p2b: Scrafty|86/100\n|move|p2a: Charizard|Flame Charge|p1b: Scovillain\n|-damage|p1b: Scovillain|69/100\n|-boost|p2a: Charizard|spe|1\n|move|p2b: Scrafty|Coaching|p2a: Charizard\n|-boost|p2a: Charizard|atk|1\n|-boost|p2a: Charizard|def|1\n|\n|-ability|p1b: Scovillain|Moody|boost\n|-boost|p1b: Scovillain|atk|2\n|-unboost|p1b: Scovillain|def|1\n|upkeep\n|turn|3\n|j| Shaymin frohawk\n|\n|t:|1788394759\n|move|p2a: Charizard|Substitute|p2a: Charizard\n|-start|p2a: Charizard|Substitute\n|-damage|p2a: Charizard|50/100g\n|move|p1a: Lycanroc|Rock Slide|p2a: Charizard|[spread] p2a,p2b\n|-supereffective|p2a: Charizard|2\n|-end|p2a: Charizard|Substitute\n|-resisted|p2b: Scrafty|1\n|-damage|p2b: Scrafty|77/100\n|move|p1b: Scovillain|Flamethrower|p2a: Charizard\n|-resisted|p2a: Charizard|1\n|-damage|p2a: Charizard|29/100\n|move|p2b: Scrafty|Coaching|p2a: Charizard\n|-boost|p2a: Charizard|atk|1\n|-boost|p2a: Charizard|def|1\n|\n|-ability|p1b: Scovillain|Moody|boost\n|-boost|p1b: Scovillain|spe|2\n|-unboost|p1b: Scovillain|def|1\n|upkeep\n|turn|4\n|\n|t:|1788394774\n|switch|p2b: Gardevoir|Gardevoir, L50, F|100/100\n|move|p2a: Charizard|Earthquake|p1b: Scovillain|[spread] p1a,p1b\n|-activate|p2b: Gardevoir|ability: Telepathy\n|-supereffective|p1a: Lycanroc|1\n|-damage|p1a: Lycanroc|0 fnt\n|-damage|p1b: Scovillain|0 fnt\n|faint|p1a: Lycanroc\n|faint|p1b: Scovillain\n|\n|upkeep\n|\n|t:|1788394784\n|switch|p1a: Absol|Absol, L50, F|100/100\n|switch|p1b: Altaria|Altaria, L50, F|100/100\n|-ability|p1b: Altaria|Cloud Nine\n|turn|5\n|\n|t:|1788394796\n|move|p2a: Charizard|Flame Charge|p1a: Absol\n|-damage|p1a: Absol|0 fnt\n|-boost|p2a: Charizard|spe|1\n|faint|p1a: Absol\n|move|p1b: Altaria|Dazzling Gleam|p2a: Charizard|[spread] p2a,p2b\n|-resisted|p2a: Charizard|1\n|-damage|p2a: Charizard|23/100\n|-damage|p2b: Gardevoir|93/100\n|move|p2b: Gardevoir|Heal Pulse|p2a: Charizard\n|-heal|p2a: Charizard|73/100\n|\n|upkeep\n|turn|6\n|\n|t:|1788394813\n|move|p2a: Charizard|Belly Drum|p2a: Charizard\n|-damage|p2a: Charizard|23/100\n|-setboost|p2a: Charizard|atk|6|[from] move: Belly Drum\n|move|p1b: Altaria|Rain Dance|p1b: Altaria\n|-weather|RainDance\n|move|p2b: Gardevoir|Heal Pulse|p2a: Charizard\n|-heal|p2a: Charizard|74/100\n|\n|-weather|RainDance|[upkeep]\n|upkeep\n|turn|7\n|j| kmilly132\n|\n|t:|1788394828\n|move|p2a: Charizard|Flame Charge|p1b: Altaria\n|-resisted|p1b: Altaria|1\n|-damage|p1b: Altaria|58/100\n|-boost|p2a: Charizard|spe|1\n|move|p1b: Altaria|Will-O-Wisp|p2b: Gardevoir\n|-status|p2b: Gardevoir|brn\n|move|p2b: Gardevoir|Moonblast|p1b: Altaria\n|-supereffective|p1b: Altaria|1\n|-damage|p1b: Altaria|4/100\n|\n|-weather|RainDance|[upkeep]\n|-damage|p2b: Gardevoir|87/100 brn|[from] brn\n|upkeep\n|turn|8\n|\n|t:|1788394838\n|move|p2a: Charizard|Flame Charge|p1b: Altaria\n|-resisted|p1b: Altaria|1\n|-damage|p1b: Altaria|0 fnt\n|-boost|p2a: Charizard|spe|1\n|faint|p1b: Altaria\n|\n|win|taj11\n||Jermanthony is ready for game 3.\n||taj11 is ready for game 3.\n|uhtml|next|Next: <a href=\"/battle-gen9championsvgc2026regmb-2674714948\"><strong>Game 3 of 3</strong></a>\n|c| kmilly132|Rain dancing with cloud nine is a first lol\n|l| fkggvn\n|l| kmilly132\n|l| eevee1ynn\n","uploadtime":1788395055,"views":"13","formatid":"gen9championsvgc2026regmb","rating":null,"private":0,"password":null}