{"id":"gen9championsvgc2026regmb-2674115060","format":"[Gen 9 Champions] VGC 2026 Reg M-B","players":["very_beeg_rat","sukowxd"],"log":"|j|☆very_beeg_rat\n|j|☆sukowxd\n|t:|1788301278\n|gametype|doubles\n|player|p1|very_beeg_rat|2|1169\n|player|p2|sukowxd|ghetsis-gen5bw|1133\n|gen|9\n|tier|[Gen 9 Champions] VGC 2026 Reg M-B\n|rated|\n|rule|Species Clause: Limit one of each Pokémon\n|rule|Item Clause: Limit 1 of each item\n|clearpoke\n|poke|p1|Dragonite, L50, F|\n|poke|p1|Sneasler, L50, M|\n|poke|p1|Basculegion, L50, M|\n|poke|p1|Kingambit, L50, M|\n|poke|p1|Garchomp, L50, F|\n|poke|p1|Floette-Eternal, L50, F|\n|poke|p2|Castform, L50, M|\n|poke|p2|Eelektross, L50, M|\n|poke|p2|Vanilluxe, L50, F|\n|poke|p2|Raichu, L50, F|\n|poke|p2|Sandaconda, L50, M|\n|poke|p2|Houndstone, L50, F|\n|teampreview|4\n|inactive|Battle timer is ON: inactive players will automatically lose when time's up. (requested by very_beeg_rat)\n|\n|t:|1788301304\n|teamsize|p1|4\n|teamsize|p2|4\n|start\n|switch|p1a: Garchomp|Garchomp, L50, F|100/100\n|switch|p1b: Sneasler|Sneasler, L50, M|100/100\n|switch|p2a: Eelektross|Eelektross, L50, M|100/100\n|switch|p2b: Raichu|Raichu, L50, F|100/100\n|turn|1\n|\n|t:|1788301323\n|detailschange|p2a: Eelektross|Eelektross-Mega, L50, M\n|-mega|p2a: Eelektross|Eelektross|Eelektrossite\n|move|p1b: Sneasler|Fake Out|p2b: Raichu\n|-damage|p2b: Raichu|69/100\n|cant|p2b: Raichu|flinch\n|move|p1a: Garchomp|Rock Slide|p2b: Raichu|[spread] p2a\n|-miss|p1a: Garchomp|p2b: Raichu\n|-damage|p2a: Eelektross|77/100\n|move|p2a: Eelektross|Discharge|p1a: Garchomp|[spread] p1b\n|-ability|p2b: Raichu|Lightning Rod|boost\n|-boost|p2b: Raichu|spa|1\n|-immune|p1a: Garchomp\n|-damage|p1b: Sneasler|53/100\n|\n|upkeep\n|turn|2\n|inactive|very_beeg_rat has 30 seconds left.\n|inactive|very_beeg_rat has 20 seconds left.\n|inactive|very_beeg_rat has 15 seconds left.\n|\n|t:|1788301364\n|move|p1a: Garchomp|Rock Slide|p2a: Eelektross|[spread] p2a,p2b\n|-damage|p2a: Eelektross|54/100\n|-damage|p2b: Raichu|27/100\n|move|p1b: Sneasler|Close Combat|p2b: Raichu\n|-damage|p2b: Raichu|0 fnt\n|-unboost|p1b: Sneasler|def|1\n|-unboost|p1b: Sneasler|spd|1\n|faint|p2b: Raichu\n|move|p2a: Eelektross|Discharge|p1b: Sneasler|[spread] p1b\n|-immune|p1a: Garchomp\n|-damage|p1b: Sneasler|0 fnt\n|faint|p1b: Sneasler\n|-ability|p2a: Eelektross|Eelevate|boost\n|-boost|p2a: Eelektross|spa|1\n|\n|upkeep\n|\n|t:|1788301382\n|switch|p1b: Floette|Floette-Eternal, L50, F|100/100\n|switch|p2b: Sandaconda|Sandaconda, L50, M|100/100\n|turn|3\n|\n|t:|1788301399\n|detailschange|p1b: Floette|Floette-Mega, L50, F\n|-mega|p1b: Floette|Floette|Floettite\n|-ability|p1b: Floette|Fairy Aura\n|move|p1a: Garchomp|Rock Slide|p2b: Sandaconda|[spread] p2b\n|-miss|p1a: Garchomp|p2a: Eelektross\n|-resisted|p2b: Sandaconda|1\n|-damage|p2b: Sandaconda|93/100\n|-weather|Sandstorm|[from] ability: Sand Spit|[of] p2b: Sandaconda\n|move|p1b: Floette|Dazzling Gleam|p2b: Sandaconda|[spread] p2a,p2b\n|-damage|p2a: Eelektross|14/100\n|-damage|p2b: Sandaconda|44/100\n|move|p2a: Eelektross|Discharge|p1a: Garchomp|[spread] p1b\n|-immune|p2b: Sandaconda\n|-immune|p1a: Garchomp\n|-damage|p1b: Floette|60/100\n|cant|p2b: Sandaconda|flinch\n|\n|-weather|Sandstorm|[upkeep]\n|-damage|p1b: Floette|54/100|[from] Sandstorm\n|-damage|p2a: Eelektross|8/100|[from] Sandstorm\n|-heal|p2b: Sandaconda|50/100g|[from] item: Leftovers\n|upkeep\n|turn|4\n|inactive|sukowxd has 30 seconds left.\n|\n|t:|1788301430\n|move|p2a: Eelektross|Protect|p2a: Eelektross\n|-singleturn|p2a: Eelektross|Protect\n|move|p1a: Garchomp|Rock Slide|p2a: Eelektross|[spread] p2b\n|-activate|p2a: Eelektross|move: Protect\n|-resisted|p2b: Sandaconda|1\n|-damage|p2b: Sandaconda|44/100\n|move|p1b: Floette|Dazzling Gleam|p2b: Sandaconda|[spread] p2b\n|-activate|p2a: Eelektross|move: Protect\n|-damage|p2b: Sandaconda|0 fnt\n|faint|p2b: Sandaconda\n|\n|-weather|Sandstorm|[upkeep]\n|-damage|p1b: Floette|48/100|[from] Sandstorm\n|-damage|p2a: Eelektross|2/100|[from] Sandstorm\n|upkeep\n|\n|t:|1788301447\n|switch|p2b: Houndstone|Houndstone, L50, F|100/100\n|turn|5\n|\n|t:|1788301459\n|move|p2b: Houndstone|Last Respects|p1b: Floette\n|-damage|p1b: Floette|0 fnt\n|faint|p1b: Floette\n|-damage|p2b: Houndstone|90/100|[from] item: Life Orb\n|move|p1a: Garchomp|Rock Slide|p2b: Houndstone|[spread] p2a\n|-miss|p1a: Garchomp|p2b: Houndstone\n|-damage|p2a: Eelektross|0 fnt\n|faint|p2a: Eelektross\n|\n|-weather|Sandstorm|[upkeep]\n|upkeep\n|\n|t:|1788301470\n|switch|p1b: Basculegion|Basculegion, L50, M|100/100\n|turn|6\n|\n|t:|1788301476\n|move|p2b: Houndstone|Last Respects|p1b: Basculegion\n|-supereffective|p1b: Basculegion|1\n|-damage|p1b: Basculegion|0 fnt\n|faint|p1b: Basculegion\n|-damage|p2b: Houndstone|80/100|[from] item: Life Orb\n|move|p1a: Garchomp|Rock Slide|p2b: Houndstone\n|-damage|p2b: Houndstone|47/100\n|\n|-weather|Sandstorm|[upkeep]\n|upkeep\n|turn|7\n|\n|t:|1788301488\n|move|p2b: Houndstone|Last Respects|p1a: Garchomp\n|-damage|p1a: Garchomp|0 fnt\n|faint|p1a: Garchomp\n|-damage|p2b: Houndstone|38/100|[from] item: Life Orb\n|\n|win|sukowxd\n|raw|very_beeg_rat's rating: 1169 &rarr; <strong>1141</strong><br />(-28 for losing)\n|raw|sukowxd's rating: 1133 &rarr; <strong>1161</strong><br />(+28 for winning)\n","uploadtime":1788301488,"views":"7","formatid":"gen9championsvgc2026regmb","rating":1141,"private":0,"password":null}