{"id":"gen9championsvgc2026regmbbo3-2674859902","format":"[Gen 9 Champions] VGC 2026 Reg M-B (Bo3)","players":["yazz96","ethalem"],"log":"|j|‽yazz96\n|j|☆ethalem\n|html|<table width=\"100%\"><tr><td align=\"left\">yazz96</td><td align=\"right\">ethalem</tr><tr><td align=\"left\"><i class=\"fa fa-circle-o\"></i> <i class=\"fa fa-circle-o\"></i> </td><td align=\"right\"><i class=\"fa fa-circle-o\"></i> <i class=\"fa fa-circle-o\"></i> </tr></table>\n|uhtml|bestof|<h2><strong>Game 1</strong> of <a href=\"/game-bestof3-gen9championsvgc2026regmbbo3-2674859901\">a best-of-3</a></h2>\n|t:|1788423193\n|gametype|doubles\n|player|p1|yazz96|1|1176\n|player|p2|ethalem|acetrainer-gen4dp|1108\n|gen|9\n|tier|[Gen 9 Champions] VGC 2026 Reg M-B (Bo3)\n|rated|\n|rule|Species Clause: Limit one of each Pokémon\n|rule|Item Clause: Limit 1 of each item\n|clearpoke\n|poke|p1|Gholdengo, L50|\n|poke|p1|Sinistcha, L50|\n|poke|p1|Mamoswine, L50, F|\n|poke|p1|Scovillain, L50, M|\n|poke|p1|Tyranitar, L50, M|\n|poke|p1|Talonflame, L50, M|\n|poke|p2|Dragonite, L50, M|\n|poke|p2|Sneasler, L50, F|\n|poke|p2|Basculegion, L50, M|\n|poke|p2|Kingambit, L50, F|\n|poke|p2|Garchomp, L50, M|\n|poke|p2|Floette-Eternal, L50, F|\n|teampreview|4\n|showteam|p1|Gholdengo||LifeOrb|GoodasGold|ShadowBall,NastyPlot,Protect,MakeItRain|Timid|||||50|]Sinistcha||ColburBerry|Hospitality|ShadowBall,MatchaGotcha,Protect,RagePowder|Modest|||||50|]Mamoswine||FocusSash|Oblivious|HighHorsepower,IcicleCrash,Protect,Superpower|Adamant||F|||50|]Scovillain||Scovillainite|Moody|GigaDrain,RagePowder,Protect,FireBlast|Bold||M|||50|]Tyranitar||Tyranitarite|SandStream|RockSlide,KnockOff,DragonDance,Protect|Jolly||M|||50|]Talonflame||SharpBeak|GaleWings|Tailwind,FlareBlitz,Protect,BraveBird|Jolly||M|||50|\n|showteam|p2|Dragonite||Dragoninite|Multiscale|DragonPulse,HeatWave,ExtremeSpeed,Protect|Modest||M|||50|]Sneasler||FocusSash|PoisonTouch|CloseCombat,DireClaw,FakeOut,Feint|Jolly||F|||50|]Basculegion||LifeOrb|Adaptability|WaveCrash,LastRespects,AquaJet,Protect|Adamant||M|||50|]Kingambit||ChopleBerry|Defiant|SuckerPunch,KowtowCleave,LowKick,IronHead|Adamant||F|||50|]Garchomp||ChoiceScarf|RoughSkin|DragonClaw,StompingTantrum,Earthquake,RockSlide|Adamant||M|||50|]Floette-Eternal||Floettite|FlowerVeil|Moonblast,DazzlingGleam,LightofRuin,Protect|Timid||F|||50|\n|inactive|Battle timer is ON: inactive players will automatically lose when time's up. (requested by ethalem)\n|inactive|yazz96 has 60 seconds left.\n|\n|t:|1788423231\n|teamsize|p1|4\n|teamsize|p2|4\n|start\n|switch|p1a: Talonflame|Talonflame, L50, M|100/100\n|switch|p1b: Mamoswine|Mamoswine, L50, F|100/100\n|switch|p2a: Dragonite|Dragonite, L50, M|100/100\n|switch|p2b: Sneasler|Sneasler, L50, F|100/100\n|turn|1\n|\n|t:|1788423249\n|detailschange|p2a: Dragonite|Dragonite-Mega, L50, M\n|-mega|p2a: Dragonite|Dragonite|Dragoninite\n|move|p1a: Talonflame|Protect|p1a: Talonflame\n|-singleturn|p1a: Talonflame|Protect\n|move|p1b: Mamoswine|Protect|p1b: Mamoswine\n|-singleturn|p1b: Mamoswine|Protect\n|move|p2b: Sneasler|Fake Out|p1b: Mamoswine\n|-activate|p1b: Mamoswine|move: Protect\n|move|p2a: Dragonite|Extreme Speed|p1a: Talonflame\n|-activate|p1a: Talonflame|move: Protect\n|\n|upkeep\n|turn|2\n|\n|t:|1788423268\n|move|p2a: Dragonite|Extreme Speed|p1a: Talonflame\n|-damage|p1a: Talonflame|71/100\n|move|p1a: Talonflame|Tailwind|p1a: Talonflame\n|-sidestart|p1: yazz96|move: Tailwind\n|move|p1b: Mamoswine|Icicle Crash|p2a: Dragonite\n|-supereffective|p2a: Dragonite|2\n|-damage|p2a: Dragonite|5/100\n|move|p2b: Sneasler|Close Combat|p1b: Mamoswine\n|-supereffective|p1b: Mamoswine|1\n|-enditem|p1b: Mamoswine|Focus Sash\n|-damage|p1b: Mamoswine|1/100\n|-unboost|p2b: Sneasler|def|1\n|-unboost|p2b: Sneasler|spd|1\n|-status|p1b: Mamoswine|psn|[from] ability: Poison Touch|[of] p2b: Sneasler\n|\n|-damage|p1b: Mamoswine|0 fnt|[from] psn\n|faint|p1b: Mamoswine\n|upkeep\n|inactive|yazz96 has 30 seconds left.\n|\n|t:|1788423303\n|switch|p1b: Scovillain|Scovillain, L50, M|100/100\n|turn|3\n|inactive|ethalem has 30 seconds left.\n|\n|t:|1788423335\n|switch|p2b: Basculegion|Basculegion, L50, M|100/100\n|move|p1b: Scovillain|Protect|p1b: Scovillain\n|-singleturn|p1b: Scovillain|Protect\n|move|p2a: Dragonite|Protect|p2a: Dragonite\n|-singleturn|p2a: Dragonite|Protect\n|move|p1a: Talonflame|Brave Bird|p2b: Basculegion\n|-damage|p2b: Basculegion|30/100\n|-damage|p1a: Talonflame|42/100|[from] Recoil\n|\n|-ability|p1b: Scovillain|Moody|boost\n|-boost|p1b: Scovillain|spd|2\n|-unboost|p1b: Scovillain|spe|1\n|upkeep\n|turn|4\n|inactive|ethalem has 30 seconds left.\n|inactive|ethalem has 20 seconds left.\n|\n|t:|1788423370\n|switch|p2a: Kingambit|Kingambit, L50, F|100/100\n|detailschange|p1b: Scovillain|Scovillain-Mega, L50, M\n|-mega|p1b: Scovillain|Scovillain|Scovillainite\n|move|p2b: Basculegion|Protect|p2b: Basculegion\n|-singleturn|p2b: Basculegion|Protect\n|move|p1b: Scovillain|Rage Powder|p1b: Scovillain\n|-singleturn|p1b: Scovillain|move: Rage Powder\n|move|p1a: Talonflame|Brave Bird|p2a: Kingambit\n|-resisted|p2a: Kingambit|1\n|-damage|p2a: Kingambit|79/100\n|-damage|p1a: Talonflame|33/100|[from] Recoil\n|\n|upkeep\n|turn|5\n|inactive|ethalem has 30 seconds left.\n|\n|t:|1788423400\n|switch|p2a: Sneasler|Sneasler, L50, F|100/100\n|move|p1b: Scovillain|Rage Powder|p1b: Scovillain\n|-singleturn|p1b: Scovillain|move: Rage Powder\n|move|p2b: Basculegion|Aqua Jet|p1b: Scovillain\n|-damage|p1b: Scovillain|71/100\n|-status|p2b: Basculegion|brn|[from] ability: Spicy Spray|[of] p1b: Scovillain\n|-damage|p2b: Basculegion|20/100y brn|[from] item: Life Orb\n|move|p1a: Talonflame|Flare Blitz|p2a: Sneasler\n|-damage|p2a: Sneasler|21/100\n|-damage|p1a: Talonflame|8/100|[from] Recoil\n|\n|-damage|p2b: Basculegion|14/100 brn|[from] brn\n|-sideend|p1: yazz96|move: Tailwind\n|upkeep\n|turn|6\n|inactive|ethalem has 30 seconds left.\n|\n|t:|1788423429\n|move|p1a: Talonflame|Protect|p1a: Talonflame\n|-singleturn|p1a: Talonflame|Protect\n|move|p2b: Basculegion|Protect|p2b: Basculegion\n|-singleturn|p2b: Basculegion|Protect\n|move|p1b: Scovillain|Protect|p1b: Scovillain\n|-singleturn|p1b: Scovillain|Protect\n|move|p2a: Sneasler|Fake Out|p1a: Talonflame\n|-activate|p1a: Talonflame|move: Protect\n|\n|-damage|p2b: Basculegion|8/100 brn|[from] brn\n|upkeep\n|turn|7\n|\n|t:|1788423451\n|move|p2a: Sneasler|Feint|p1a: Talonflame\n|-damage|p1a: Talonflame|0 fnt\n|faint|p1a: Talonflame\n|move|p1b: Scovillain|Rage Powder|p1b: Scovillain\n|-singleturn|p1b: Scovillain|move: Rage Powder\n|move|p2b: Basculegion|Wave Crash|p1b: Scovillain\n|-damage|p1b: Scovillain|31/100\n|-damage|p2b: Basculegion|0 fnt|[from] Recoil\n|faint|p2b: Basculegion\n|\n|upkeep\n|\n|t:|1788423468\n|switch|p1a: Gholdengo|Gholdengo, L50|100/100\n|switch|p2b: Dragonite|Dragonite-Mega, L50, M|5/100\n|turn|8\n|\n|t:|1788423483\n|move|p1a: Gholdengo|Protect|p1a: Gholdengo\n|-singleturn|p1a: Gholdengo|Protect\n|move|p2a: Sneasler|Dire Claw|p1b: Scovillain\n|-supereffective|p1b: Scovillain|1\n|-damage|p1b: Scovillain|0 fnt\n|-status|p2a: Sneasler|brn|[from] ability: Spicy Spray|[of] p1b: Scovillain\n|faint|p1b: Scovillain\n|move|p2b: Dragonite|Heat Wave|p1a: Gholdengo\n|-activate|p1a: Gholdengo|move: Protect\n|\n|-damage|p2a: Sneasler|15/100 brn|[from] brn\n|upkeep\n|turn|9\n|\n|t:|1788423504\n|move|p2a: Sneasler|Close Combat|p1a: Gholdengo\n|-immune|p1a: Gholdengo\n|move|p2b: Dragonite|Dragon Pulse|p1a: Gholdengo\n|-resisted|p1a: Gholdengo|1\n|-damage|p1a: Gholdengo|69/100\n|move|p1a: Gholdengo|Make It Rain|p2b: Dragonite|[spread] p2a,p2b\n|-damage|p2a: Sneasler|0 fnt\n|-damage|p2b: Dragonite|0 fnt\n|-unboost|p1a: Gholdengo|spa|2\n|faint|p2a: Sneasler\n|faint|p2b: Dragonite\n|-damage|p1a: Gholdengo|59/100|[from] item: Life Orb\n|\n|upkeep\n|\n|t:|1788423514\n|switch|p2b: Kingambit|Kingambit, L50, F|79/100\n|turn|10\n|\n|t:|1788423517\n|move|p1a: Gholdengo|Nasty Plot|p1a: Gholdengo\n|-boost|p1a: Gholdengo|spa|2\n|move|p2b: Kingambit|Kowtow Cleave|p1a: Gholdengo\n|-supereffective|p1a: Gholdengo|1\n|-damage|p1a: Gholdengo|0 fnt\n|faint|p1a: Gholdengo\n|\n|win|ethalem\n","uploadtime":1788423519,"views":"4","formatid":"gen9championsvgc2026regmbbo3","rating":null,"private":0,"password":null}