{"id":"gen9championsvgc2026regmbbo3-2674540759","format":"[Gen 9 Champions] VGC 2026 Reg M-B (Bo3)","players":["Daap_15","R1ply"],"log":"|j|☆Daap_15\n|j|☆R1ply\n|html|<table width=\"100%\"><tr><td align=\"left\">Daap_15</td><td align=\"right\">R1ply</tr><tr><td align=\"left\"><i class=\"fa fa-circle-o\"></i> <i class=\"fa fa-circle-o\"></i> </td><td align=\"right\"><i class=\"fa fa-circle-o\"></i> <i class=\"fa fa-circle-o\"></i> </tr></table>\n|uhtml|bestof|<h2><strong>Game 1</strong> of <a href=\"/game-bestof3-gen9championsvgc2026regmbbo3-2674540758\">a best-of-3</a></h2>\n|t:|1788371808\n|gametype|doubles\n|player|p1|Daap_15|pokemaniac|\n|player|p2|R1ply|acetrainer-gen4dp|\n|gen|9\n|tier|[Gen 9 Champions] VGC 2026 Reg M-B (Bo3)\n|rule|Species Clause: Limit one of each Pokémon\n|rule|Item Clause: Limit 1 of each item\n|clearpoke\n|poke|p1|Aerodactyl, L50, M, shiny|\n|poke|p1|Kingambit, L50, M, shiny|\n|poke|p1|Charizard, L50, M, shiny|\n|poke|p1|Garchomp, L50, M, shiny|\n|poke|p1|Farigiraf, L50, F, shiny|\n|poke|p1|Whimsicott, L50, F, shiny|\n|poke|p2|Raichu, L50, F|\n|poke|p2|Staraptor, L50, F|\n|poke|p2|Kingambit, L50, F|\n|poke|p2|Sylveon, L50, F|\n|poke|p2|Farigiraf, L50, M|\n|poke|p2|Arcanine-Hisui, L50, F|\n|teampreview|4\n|showteam|p1|Aerodactyl||Aerodactylite|Unnerve|RockSlide,Protect,IceFang,DualWingbeat|Jolly||M|||50|]Kingambit||ChopleBerry|Defiant|KowtowCleave,IronHead,SuckerPunch,Protect|Adamant||M|||50|]Charizard||CharizarditeY|Blaze|HeatWave,WeatherBall,AncientPower,Protect|Modest||M|||50|]Garchomp||LifeOrb|RoughSkin|RockSlide,DragonClaw,StompingTantrum,Protect|Jolly||M|||50|]Farigiraf||SitrusBerry|ArmorTail|Psychic,Thunderbolt,TrickRoom,Protect|Modest||F|||50|]Whimsicott||FocusSash|Prankster|Moonblast,Encore,Tailwind,Protect|Timid||F|||50|\n|showteam|p2|Raichu||RaichuniteY|LightningRod|FakeOut,ZapCannon,FocusBlast,Protect|Timid||F|||50|]Staraptor||Staraptite|Intimidate|DualWingbeat,CloseCombat,Tailwind,Protect|Jolly||F|||50|]Kingambit||LifeOrb|Defiant|SuckerPunch,KowtowCleave,SwordsDance,Protect|Adamant||F|||50|]Sylveon||FairyFeather|Pixilate|QuickAttack,HyperVoice,HyperBeam,Detect|Modest||F|||50|]Farigiraf||SitrusBerry|ArmorTail|Psychic,TrickRoom,HelpingHand,Protect|Calm||M|||50|]Arcanine-Hisui||FocusSash|RockHead|ExtremeSpeed,FlareBlitz,HeadSmash,Protect|Jolly||F|||50|\n|inactive|Battle timer is ON: inactive players will automatically lose when time's up. (requested by R1ply)\n|inactive|R1ply has 60 seconds left.\n|\n|t:|1788371858\n|teamsize|p1|4\n|teamsize|p2|4\n|start\n|switch|p1a: Whimsicott|Whimsicott, L50, F, shiny|100/100\n|switch|p1b: Aerodactyl|Aerodactyl, L50, M, shiny|100/100\n|switch|p2a: Raichu|Raichu, L50, F|100/100\n|switch|p2b: Arcanine|Arcanine-Hisui, L50, F|100/100\n|-ability|p1b: Aerodactyl|Unnerve\n|turn|1\n|inactive|R1ply has 30 seconds left.\n|inactive|R1ply has 20 seconds left.\n|\n|t:|1788371896\n|move|p1a: Whimsicott|Protect|p1a: Whimsicott\n|-singleturn|p1a: Whimsicott|Protect\n|move|p1b: Aerodactyl|Protect|p1b: Aerodactyl\n|-singleturn|p1b: Aerodactyl|Protect\n|move|p2a: Raichu|Fake Out|p1b: Aerodactyl\n|-activate|p1b: Aerodactyl|move: Protect\n|move|p2b: Arcanine|Flare Blitz|p1a: Whimsicott\n|-activate|p1a: Whimsicott|move: Protect\n|\n|upkeep\n|turn|2\n|inactive|Daap_15 has 30 seconds left.\n|inactive|Daap_15 has 20 seconds left.\n|inactive|R1ply has 30 seconds left.\n|\n|t:|1788371939\n|detailschange|p1b: Aerodactyl|Aerodactyl-Mega, L50, M, shiny\n|-mega|p1b: Aerodactyl|Aerodactyl|Aerodactylite\n|detailschange|p2a: Raichu|Raichu-Mega-Y, L50, F\n|-mega|p2a: Raichu|Raichu|Raichunite Y\n|move|p1b: Aerodactyl|Rock Slide|p2a: Raichu|[spread] p2a,p2b\n|-supereffective|p2b: Arcanine|1\n|-damage|p2a: Raichu|52/100\n|-damage|p2b: Arcanine|32/100\n|move|p2a: Raichu|Zap Cannon|p1b: Aerodactyl\n|-supereffective|p1b: Aerodactyl|1\n|-damage|p1b: Aerodactyl|0 fnt\n|faint|p1b: Aerodactyl\n|move|p1a: Whimsicott|Moonblast|p2a: Raichu\n|-damage|p2a: Raichu|5/100\n|-unboost|p2a: Raichu|spa|1\n|cant|p2b: Arcanine|flinch\n|\n|upkeep\n|\n|t:|1788371954\n|switch|p1b: Garchomp|Garchomp, L50, M, shiny|100/100\n|turn|3\n|\n|t:|1788371964\n|switch|p2a: Farigiraf|Farigiraf, L50, M|100/100\n|move|p2b: Arcanine|Extreme Speed|p1a: Whimsicott\n|-damage|p1a: Whimsicott|62/100\n|move|p1a: Whimsicott|Tailwind|p1a: Whimsicott\n|-sidestart|p1: Daap_15|move: Tailwind\n|move|p1b: Garchomp|Rock Slide|p2a: Farigiraf|[spread] p2a,p2b\n|-supereffective|p2b: Arcanine|1\n|-damage|p2a: Farigiraf|79/100\n|-damage|p2b: Arcanine|0 fnt\n|faint|p2b: Arcanine\n|-damage|p1b: Garchomp|90/100|[from] item: Life Orb\n|\n|upkeep\n|\n|t:|1788371978\n|switch|p2b: Sylveon|Sylveon, L50, F|100/100\n|turn|4\n|\n|t:|1788371992\n|move|p2b: Sylveon|Detect|p2b: Sylveon\n|-singleturn|p2b: Sylveon|Protect\n|move|p1a: Whimsicott|Moonblast|p2a: Farigiraf\n|-damage|p2a: Farigiraf|46/100\n|-enditem|p2a: Farigiraf|Sitrus Berry|[eat]\n|-heal|p2a: Farigiraf|71/100|[from] item: Sitrus Berry\n|move|p1b: Garchomp|Rock Slide|p2b: Sylveon|[spread] p2a\n|-activate|p2b: Sylveon|move: Protect\n|-damage|p2a: Farigiraf|50/100y\n|-damage|p1b: Garchomp|80/100|[from] item: Life Orb\n|cant|p2a: Farigiraf|flinch\n|\n|upkeep\n|turn|5\n|\n|t:|1788372012\n|move|p1a: Whimsicott|Moonblast|p2a: Farigiraf\n|-damage|p2a: Farigiraf|22/100\n|move|p1b: Garchomp|Rock Slide|p2a: Farigiraf|[spread] p2a,p2b\n|-damage|p2a: Farigiraf|1/100\n|-damage|p2b: Sylveon|72/100\n|-damage|p1b: Garchomp|70/100|[from] item: Life Orb\n|move|p2b: Sylveon|Hyper Voice|p1b: Garchomp|[spread] p1a,p1b\n|-supereffective|p1b: Garchomp|1\n|-damage|p1a: Whimsicott|0 fnt\n|-damage|p1b: Garchomp|0 fnt\n|faint|p1a: Whimsicott\n|faint|p1b: Garchomp\n|cant|p2a: Farigiraf|flinch\n|\n|upkeep\n|\n|t:|1788372026\n|switch|p1b: Kingambit|Kingambit, L50, M, shiny|100/100\n|turn|6\n|inactive|R1ply has 30 seconds left.\n|\n|t:|1788372061\n|move|p2a: Farigiraf|Helping Hand|p2b: Sylveon\n|-singleturn|p2b: Sylveon|Helping Hand|[of] p2a: Farigiraf\n|move|p1b: Kingambit|Iron Head|p2b: Sylveon\n|-supereffective|p2b: Sylveon|1\n|-damage|p2b: Sylveon|0 fnt\n|faint|p2b: Sylveon\n|\n|-sideend|p1: Daap_15|move: Tailwind\n|upkeep\n|\n|t:|1788372073\n|switch|p2b: Raichu|Raichu-Mega-Y, L50, F|5/100\n|turn|7\n|\n|t:|1788372086\n|move|p2b: Raichu|Fake Out|p1b: Kingambit\n|-resisted|p1b: Kingambit|1\n|-damage|p1b: Kingambit|96/100\n|cant|p1b: Kingambit|flinch\n|move|p2a: Farigiraf|Trick Room|p2a: Farigiraf\n|-fieldstart|move: Trick Room|[of] p2a: Farigiraf\n|\n|upkeep\n|turn|8\n|\n|t:|1788372100\n|move|p2a: Farigiraf|Helping Hand|p2b: Raichu\n|-singleturn|p2b: Raichu|Helping Hand|[of] p2a: Farigiraf\n|move|p1b: Kingambit|Kowtow Cleave|p2b: Raichu\n|-damage|p2b: Raichu|0 fnt\n|faint|p2b: Raichu\n|\n|upkeep\n|turn|9\n|\n|t:|1788372117\n|move|p1b: Kingambit|Iron Head|p2a: Farigiraf\n|-damage|p2a: Farigiraf|0 fnt\n|faint|p2a: Farigiraf\n|\n|win|Daap_15\n||R1ply is ready for game 2.\n||Daap_15 is ready for game 2.\n|uhtml|next|Next: <a href=\"/battle-gen9championsvgc2026regmbbo3-2674543594\"><strong>Game 2 of 3</strong></a>\n|l|☆Daap_15\n|player|p1|\n","uploadtime":1788372832,"views":"0","formatid":"gen9championsvgc2026regmbbo3","rating":null,"private":0,"password":null}