{"id":"gen9championsvgc2026regmb-2674949562","format":"[Gen 9 Champions] VGC 2026 Reg M-B","players":["TESTDIGI","schleachtamulti"],"log":"|j|☆TESTDIGI\n|j|☆schleachtamulti\n|t:|1788440723\n|gametype|doubles\n|player|p1|TESTDIGI|169|1330\n|player|p2|schleachtamulti|170|1326\n|gen|9\n|tier|[Gen 9 Champions] VGC 2026 Reg M-B\n|rated|\n|rule|Species Clause: Limit one of each Pokémon\n|rule|Item Clause: Limit 1 of each item\n|clearpoke\n|poke|p1|Gholdengo, L50|\n|poke|p1|Staraptor, L50, M, shiny|\n|poke|p1|Tyranitar, L50, M|\n|poke|p1|Farigiraf, L50, M|\n|poke|p1|Whimsicott, L50, M, shiny|\n|poke|p1|Excadrill, L50, M|\n|poke|p2|Farigiraf, L50, F|\n|poke|p2|Staraptor, L50, F|\n|poke|p2|Lopunny, L50, M|\n|poke|p2|Drampa, L50, M|\n|poke|p2|Toucannon, L50, F|\n|poke|p2|Maushold-Four, L50|\n|teampreview|4\n|inactive|Battle timer is ON: inactive players will automatically lose when time's up. (requested by TESTDIGI)\n|\n|t:|1788440758\n|teamsize|p1|4\n|teamsize|p2|4\n|start\n|switch|p1a: Staraptor|Staraptor, L50, M, shiny|100/100\n|switch|p1b: Farigiraf|Farigiraf, L50, M|100/100\n|switch|p2a: Staraptor|Staraptor, L50, F|100/100\n|switch|p2b: Lopunny|Lopunny, L50, M|100/100\n|-ability|p2a: Staraptor|Intimidate|boost\n|-unboost|p1a: Staraptor|atk|1\n|-unboost|p1b: Farigiraf|atk|1\n|-ability|p1a: Staraptor|Intimidate|boost\n|-unboost|p2a: Staraptor|atk|1\n|-unboost|p2b: Lopunny|atk|1\n|turn|1\n|\n|t:|1788440782\n|detailschange|p2b: Lopunny|Lopunny-Mega, L50, M\n|-mega|p2b: Lopunny|Lopunny|Lopunnite\n|detailschange|p1a: Staraptor|Staraptor-Mega, L50, M, shiny\n|-mega|p1a: Staraptor|Staraptor|Staraptite\n|move|p2a: Staraptor|Final Gambit|p1a: Staraptor\n|-damage|p1a: Staraptor|0 fnt\n|faint|p2a: Staraptor\n|faint|p1a: Staraptor\n|move|p2b: Lopunny|Close Combat|p1b: Farigiraf\n|-damage|p1b: Farigiraf|60/100\n|-unboost|p2b: Lopunny|def|1\n|-unboost|p2b: Lopunny|spd|1\n|move|p1b: Farigiraf|Nasty Plot|p1b: Farigiraf\n|-boost|p1b: Farigiraf|spa|2\n|\n|upkeep\n|\n|t:|1788440798\n|switch|p1a: Whimsicott|Whimsicott, L50, M, shiny|100/100\n|switch|p2a: Drampa|Drampa, L50, M|100/100\n|-ability|p2a: Drampa|Cloud Nine\n|turn|2\n|\n|t:|1788440815\n|switch|p2b: Maushold|Maushold-Four, L50|100/100\n|move|p1a: Whimsicott|Charm|p2b: Maushold\n|-unboost|p2b: Maushold|atk|2\n|move|p1b: Farigiraf|Psychic|p2a: Drampa\n|-damage|p2a: Drampa|44/100\n|move|p2a: Drampa|Hyper Voice|p1a: Whimsicott|[spread] p1a,p1b\n|-damage|p1a: Whimsicott|33/100\n|-damage|p1b: Farigiraf|22/100\n|-enditem|p1b: Farigiraf|Sitrus Berry|[eat]\n|-heal|p1b: Farigiraf|47/100|[from] item: Sitrus Berry\n|\n|upkeep\n|turn|3\n|inactive|TESTDIGI has 30 seconds left.\n|inactive|schleachtamulti has 30 seconds left.\n|inactive|schleachtamulti has 20 seconds left.\n|inactive|schleachtamulti has 15 seconds left.\n|\n|t:|1788440856\n|move|p2b: Maushold|Follow Me|p2b: Maushold\n|-singleturn|p2b: Maushold|move: Follow Me\n|move|p1a: Whimsicott|Tailwind|p1a: Whimsicott\n|-sidestart|p1: TESTDIGI|move: Tailwind\n|move|p1b: Farigiraf|Psychic|p2b: Maushold\n|-damage|p2b: Maushold|13/100\n|move|p2a: Drampa|Hyper Voice|p1b: Farigiraf|[spread] p1a,p1b\n|-damage|p1a: Whimsicott|0 fnt\n|-damage|p1b: Farigiraf|13/100\n|faint|p1a: Whimsicott\n|\n|upkeep\n|\n|t:|1788440859\n|switch|p1a: Tyranitar|Tyranitar, L50, M|100/100\n|-weather|Sandstorm|[from] ability: Sand Stream|[of] p1a: Tyranitar\n|turn|4\n|\n|t:|1788440875\n|move|p2b: Maushold|Protect|p2b: Maushold\n|-singleturn|p2b: Maushold|Protect\n|move|p2a: Drampa|Protect|p2a: Drampa\n|-singleturn|p2a: Drampa|Protect\n|move|p1a: Tyranitar|Low Kick|p2a: Drampa\n|-activate|p2a: Drampa|move: Protect\n|move|p1b: Farigiraf|Psychic|p2a: Drampa\n|-activate|p2a: Drampa|move: Protect\n|\n|-weather|Sandstorm|[upkeep]\n|upkeep\n|turn|5\n|\n|t:|1788440890\n|move|p2b: Maushold|Follow Me|p2b: Maushold\n|-singleturn|p2b: Maushold|move: Follow Me\n|move|p1a: Tyranitar|Low Kick|p2b: Maushold\n|-supereffective|p2b: Maushold|1\n|-damage|p2b: Maushold|0 fnt\n|faint|p2b: Maushold\n|move|p1b: Farigiraf|Psychic|p2a: Drampa\n|-damage|p2a: Drampa|0 fnt\n|faint|p2a: Drampa\n|\n|-weather|Sandstorm|[upkeep]\n|-damage|p1b: Farigiraf|7/100|[from] Sandstorm\n|upkeep\n|\n|t:|1788440899\n|switch|p2b: Lopunny|Lopunny-Mega, L50, M|100/100\n|turn|6\n|\n|t:|1788440913\n|move|p2b: Lopunny|Protect|p2b: Lopunny\n|-singleturn|p2b: Lopunny|Protect\n|move|p1a: Tyranitar|Low Kick|p2b: Lopunny\n|-activate|p2b: Lopunny|move: Protect\n|move|p1b: Farigiraf|Psychic|p2b: Lopunny\n|-activate|p2b: Lopunny|move: Protect\n|\n|-weather|Sandstorm|[upkeep]\n|-damage|p2b: Lopunny|94/100|[from] Sandstorm\n|-damage|p1b: Farigiraf|1/100|[from] Sandstorm\n|-sideend|p1: TESTDIGI|move: Tailwind\n|upkeep\n|turn|7\n|\n|t:|1788440931\n|move|p2b: Lopunny|Protect||[still]\n|-fail|p2b: Lopunny\n|move|p1a: Tyranitar|Low Kick|p2b: Lopunny\n|-supereffective|p2b: Lopunny|1\n|-damage|p2b: Lopunny|32/100\n|move|p1b: Farigiraf|Psychic|p2b: Lopunny\n|-supereffective|p2b: Lopunny|1\n|-damage|p2b: Lopunny|0 fnt\n|faint|p2b: Lopunny\n|\n|win|TESTDIGI\n","uploadtime":1788440725,"views":"0","formatid":"gen9championsvgc2026regmb","rating":null,"private":0,"password":null}