{"id":"gen9championsvgc2026regmbbo3-2673555672","format":"[Gen 9 Champions] VGC 2026 Reg M-B (Bo3)","players":["reshiee","MrPoop27"],"log":"|j|☆reshiee\n|j|☆MrPoop27\n|html|<table width=\"100%\"><tr><td align=\"left\">reshiee</td><td align=\"right\">MrPoop27</tr><tr><td align=\"left\"><i class=\"fa fa-circle-o\"></i> <i class=\"fa fa-circle-o\"></i> </td><td align=\"right\"><i class=\"fa fa-circle-o\"></i> <i class=\"fa fa-circle-o\"></i> </tr></table>\n|uhtml|bestof|<h2><strong>Game 1</strong> of <a href=\"/game-bestof3-gen9championsvgc2026regmbbo3-2673555671\">a best-of-3</a></h2>\n|t:|1788212597\n|gametype|doubles\n|player|p1|reshiee|gwynn|1145\n|player|p2|MrPoop27|tuber|1160\n|gen|9\n|tier|[Gen 9 Champions] VGC 2026 Reg M-B (Bo3)\n|rated|\n|rule|Species Clause: Limit one of each Pokémon\n|rule|Item Clause: Limit 1 of each item\n|clearpoke\n|poke|p1|Charizard, L50, M, shiny|\n|poke|p1|Pelipper, L50, F, shiny|\n|poke|p1|Archaludon, L50, M, shiny|\n|poke|p1|Venusaur, L50, F|\n|poke|p1|Swampert, L50, M|\n|poke|p1|Grimmsnarl, L50, M, shiny|\n|poke|p2|Excadrill, L50, M|\n|poke|p2|Tyranitar, L50, F|\n|poke|p2|Incineroar, L50, F|\n|poke|p2|Farigiraf, L50, M|\n|poke|p2|Primarina, L50, F|\n|poke|p2|Staraptor, L50, F|\n|teampreview|4\n|showteam|p1|Charizard||CharizarditeY|Blaze|Protect,HeatWave,WeatherBall,Hurricane|Modest||M|||50|]Pelipper||SitrusBerry|Drizzle|Hurricane,WeatherBall,Tailwind,WideGuard|Modest||F|||50|]Archaludon||Leftovers|Stamina|Protect,ElectroShot,DragonPulse,FlashCannon|Calm||M|||50|]Venusaur||FocusSash|Chlorophyll|Protect,SleepPowder,SludgeBomb,LeafStorm|Modest||F|||50|]Swampert||Swampertite|Torrent|Protect,WaveCrash,Earthquake,IcePunch|Adamant||M|||50|]Grimmsnarl||LightClay|Prankster|SpiritBreak,Reflect,LightScreen,PartingShot|Sassy||M|||50|\n|showteam|p2|Excadrill||FocusSash|SandRush|RockSlide,IronHead,Protect,Earthquake|Adamant||M|||50|]Tyranitar||Tyranitarite|SandStream|LowKick,KnockOff,RockSlide,Protect|Adamant||F|||50|]Incineroar||PasshoBerry|Intimidate|FlareBlitz,FakeOut,DarkestLariat,Protect|Impish||F|||50|]Farigiraf||SitrusBerry|ArmorTail|TrickRoom,Protect,Psychic,Thunderbolt|Sassy||M|||50|]Primarina||LifeOrb|LiquidVoice|HyperVoice,Moonblast,Haze,Protect|Calm||F|||50|]Staraptor||Staraptite|Intimidate|BraveBird,Tailwind,CloseCombat,Protect|Jolly||F|||50|\n|c|☆reshiee|fire username\n|c|☆reshiee|glhf\n|\n|t:|1788212630\n|teamsize|p1|4\n|teamsize|p2|4\n|start\n|switch|p1a: Grimmsnarl|Grimmsnarl, L50, M, shiny|100/100\n|switch|p1b: Archaludon|Archaludon, L50, M, shiny|100/100\n|switch|p2a: Tyranitar|Tyranitar, L50, F|100/100\n|switch|p2b: Excadrill|Excadrill, L50, M|100/100\n|-weather|Sandstorm|[from] ability: Sand Stream|[of] p2a: Tyranitar\n|turn|1\n|j| Failure toxic\n|\n|t:|1788212657\n|detailschange|p2a: Tyranitar|Tyranitar-Mega, L50, F\n|-mega|p2a: Tyranitar|Tyranitar|Tyranitarite\n|move|p1b: Archaludon|Protect|p1b: Archaludon\n|-singleturn|p1b: Archaludon|Protect\n|move|p1a: Grimmsnarl|Reflect|p1a: Grimmsnarl\n|-sidestart|p1: reshiee|Reflect\n|move|p2b: Excadrill|Iron Head|p1a: Grimmsnarl\n|-supereffective|p1a: Grimmsnarl|1\n|-damage|p1a: Grimmsnarl|35/100\n|move|p2a: Tyranitar|Low Kick|p1b: Archaludon\n|-activate|p1b: Archaludon|move: Protect\n|\n|-weather|Sandstorm|[upkeep]\n|-damage|p1a: Grimmsnarl|29/100|[from] Sandstorm\n|upkeep\n|turn|2\n|inactive|Battle timer is ON: inactive players will automatically lose when time's up. (requested by MrPoop27)\n|inactive|reshiee has 60 seconds left.\n|j| Pokecraft15\n|\n|t:|1788212689\n|switch|p1a: Pelipper|Pelipper, L50, F, shiny|100/100\n|-weather|RainDance|[from] ability: Drizzle|[of] p1a: Pelipper\n|move|p2b: Excadrill|Iron Head|p1a: Pelipper\n|-resisted|p1a: Pelipper|1\n|-damage|p1a: Pelipper|83/100\n|move|p1b: Archaludon|Electro Shot||[still]\n|-prepare|p1b: Archaludon|Electro Shot\n|-boost|p1b: Archaludon|spa|1\n|-anim|p1b: Archaludon|Electro Shot|p2a: Tyranitar\n|-damage|p2a: Tyranitar|61/100\n|move|p2a: Tyranitar|Knock Off|p1b: Archaludon\n|-damage|p1b: Archaludon|70/100\n|-ability|p1b: Archaludon|Stamina|boost\n|-boost|p1b: Archaludon|def|1\n|-enditem|p1b: Archaludon|Leftovers|[from] move: Knock Off|[of] p2a: Tyranitar\n|\n|-weather|RainDance|[upkeep]\n|upkeep\n|turn|3\n|inactive|reshiee has 30 seconds left.\n|inactive|MrPoop27 has 30 seconds left.\n|\n|t:|1788212717\n|switch|p1a: Grimmsnarl|Grimmsnarl, L50, M, shiny|29/100\n|move|p2b: Excadrill|Earthquake|p1b: Archaludon|[spread] p2a,p1a,p1b\n|-supereffective|p2a: Tyranitar|1\n|-supereffective|p1b: Archaludon|1\n|-damage|p2a: Tyranitar|5/100\n|-damage|p1a: Grimmsnarl|1/100\n|-damage|p1b: Archaludon|44/100\n|-ability|p1b: Archaludon|Stamina|boost\n|-boost|p1b: Archaludon|def|1\n|move|p1b: Archaludon|Electro Shot||[still]\n|-prepare|p1b: Archaludon|Electro Shot\n|-boost|p1b: Archaludon|spa|1\n|-anim|p1b: Archaludon|Electro Shot|p2a: Tyranitar\n|-damage|p2a: Tyranitar|0 fnt\n|faint|p2a: Tyranitar\n|\n|-weather|RainDance|[upkeep]\n|upkeep\n|\n|t:|1788212731\n|switch|p2a: Primarina|Primarina, L50, F|100/100\n|turn|4\n|c| Failure toxic|huh\n|inactive|reshiee has 30 seconds left.\n|\n|t:|1788212765\n|move|p1b: Archaludon|Protect|p1b: Archaludon\n|-singleturn|p1b: Archaludon|Protect\n|move|p2a: Primarina|Protect|p2a: Primarina\n|-singleturn|p2a: Primarina|Protect\n|move|p1a: Grimmsnarl|Light Screen|p1a: Grimmsnarl\n|-sidestart|p1: reshiee|move: Light Screen\n|move|p2b: Excadrill|Earthquake|p1b: Archaludon|[spread] p1a\n|-activate|p2a: Primarina|move: Protect\n|-activate|p1b: Archaludon|move: Protect\n|-damage|p1a: Grimmsnarl|0 fnt\n|faint|p1a: Grimmsnarl\n|\n|-weather|RainDance|[upkeep]\n|upkeep\n|\n|t:|1788212780\n|switch|p1a: Pelipper|Pelipper, L50, F, shiny|83/100\n|turn|5\n|\n|t:|1788212789\n|move|p1a: Pelipper|Wide Guard|p1a: Pelipper\n|-singleturn|p1a: Pelipper|Wide Guard\n|move|p2b: Excadrill|Rock Slide|p1b: Archaludon|[spread] \n|-activate|p1a: Pelipper|move: Wide Guard\n|-activate|p1b: Archaludon|move: Wide Guard\n|move|p1b: Archaludon|Electro Shot||[still]\n|-prepare|p1b: Archaludon|Electro Shot\n|-boost|p1b: Archaludon|spa|1\n|-anim|p1b: Archaludon|Electro Shot|p2a: Primarina\n|-supereffective|p2a: Primarina|1\n|-damage|p2a: Primarina|0 fnt\n|faint|p2a: Primarina\n|\n|-weather|RainDance|[upkeep]\n|upkeep\n|\n|t:|1788212802\n|switch|p2a: Farigiraf|Farigiraf, L50, M|100/100\n|turn|6\n|c| Failure toxic|ya arch is broken\n|\n|t:|1788212823\n|switch|p1a: Swampert|Swampert, L50, M|100/100\n|move|p2b: Excadrill|Iron Head|p1a: Swampert\n|-resisted|p1a: Swampert|1\n|-damage|p1a: Swampert|85/100\n|move|p1b: Archaludon|Electro Shot||[still]\n|-prepare|p1b: Archaludon|Electro Shot\n|-boost|p1b: Archaludon|spa|1\n|-anim|p1b: Archaludon|Electro Shot|p2a: Farigiraf\n|-damage|p2a: Farigiraf|21/100\n|-enditem|p2a: Farigiraf|Sitrus Berry|[eat]\n|-heal|p2a: Farigiraf|46/100|[from] item: Sitrus Berry\n|move|p2a: Farigiraf|Thunderbolt|p1a: Swampert\n|-immune|p1a: Swampert\n|\n|-weather|none\n|upkeep\n|turn|7\n|-message|MrPoop27 forfeited.\n|\n|win|reshiee\n|l|☆MrPoop27\n|player|p2|\n||MrPoop27 is ready for game 2.\n","uploadtime":1788212839,"views":"1","formatid":"gen9championsvgc2026regmbbo3","rating":null,"private":0,"password":null}