{"id":"gen9championsvgc2026regmbbo3-2673389521","format":"[Gen 9 Champions] VGC 2026 Reg M-B (Bo3)","players":["Akimazuu","upinhuu"],"log":"|j|☆Akimazuu\n|j|☆upinhuu\n|html|<table width=\"100%\"><tr><td align=\"left\">Akimazuu</td><td align=\"right\">upinhuu</tr><tr><td align=\"left\"><i class=\"fa fa-circle-o\"></i> <i class=\"fa fa-circle-o\"></i> </td><td align=\"right\"><i class=\"fa fa-circle-o\"></i> <i class=\"fa fa-circle\"></i> </tr></table>\n|uhtml|bestof|<h2><strong>Game 2</strong> of <a href=\"/game-bestof3-gen9championsvgc2026regmbbo3-2673387932\">a best-of-3</a></h2>\n|t:|1788191858\n|gametype|doubles\n|player|p1|Akimazuu|cynthia-gen7|1132\n|player|p2|upinhuu|266|1180\n|gen|9\n|tier|[Gen 9 Champions] VGC 2026 Reg M-B (Bo3)\n|rated|\n|rule|Species Clause: Limit one of each Pokémon\n|rule|Item Clause: Limit 1 of each item\n|clearpoke\n|poke|p1|Gardevoir, L50, M|\n|poke|p1|Tyranitar, L50, M|\n|poke|p1|Excadrill, L50, F|\n|poke|p1|Sinistcha, L50|\n|poke|p1|Milotic, L50, M|\n|poke|p1|Talonflame, L50, M|\n|poke|p2|Basculegion, L50, M|\n|poke|p2|Froslass, L50, F|\n|poke|p2|Sneasler, L50, F|\n|poke|p2|Kingambit, L50, M|\n|poke|p2|Scovillain, L50, M|\n|poke|p2|Lycanroc-Dusk, L50, F|\n|teampreview|4\n|showteam|p1|Gardevoir||Gardevoirite|Telepathy|Protect,VacuumWave,Psyshock,HyperVoice|Modest||M|||50|]Tyranitar||Tyranitarite|SandStream|Protect,LowKick,KnockOff,RockSlide|Adamant||M|||50|]Excadrill||FocusSash|SandRush|IronHead,HighHorsepower,RockSlide,Protect|Adamant||F|||50|]Sinistcha||ColburBerry|Hospitality|MatchaGotcha,RagePowder,TrickRoom,Protect|Bold|||||50|]Milotic||SitrusBerry|Competitive|Scald,IceBeam,Recover,Protect|Modest||M|||50|]Talonflame||SharpBeak|GaleWings|Protect,Tailwind,DualWingbeat,FlareBlitz|Jolly||M|||50|\n|showteam|p2|Basculegion||LifeOrb|Adaptability|LastRespects,AquaJet,WaveCrash,Protect|Adamant||M|||50|]Froslass||Froslassite|CursedBody|Blizzard,AuroraVeil,ShadowBall,Protect|Timid||F|||50|]Sneasler||WhiteHerb|Unburden|DireClaw,FakeOut,CloseCombat,Protect|Adamant||F|||50|]Kingambit||BlackGlasses|Defiant|KowtowCleave,SwordsDance,SuckerPunch,Protect|Adamant||M|||50|]Scovillain||Scovillainite|Moody|GigaDrain,RagePowder,Overheat,Protect|Bold||M|||50|]Lycanroc-Dusk||FocusSash|ToughClaws|Accelerock,CloseCombat,RockSlide,Protect|Adamant||F|||50|\n|inactive|Battle timer is ON: inactive players will automatically lose when time's up. (requested by upinhuu)\n|inactive|Akimazuu has 60 seconds left.\n|inactive|upinhuu has 60 seconds left.\n|\n|t:|1788191897\n|teamsize|p1|4\n|teamsize|p2|4\n|start\n|switch|p1a: Milotic|Milotic, L50, M|100/100\n|switch|p1b: Tyranitar|Tyranitar, L50, M|100/100\n|switch|p2a: Lycanroc|Lycanroc-Dusk, L50, F|100/100\n|switch|p2b: Scovillain|Scovillain, L50, M|100/100\n|-weather|Sandstorm|[from] ability: Sand Stream|[of] p1b: Tyranitar\n|turn|1\n|inactive|upinhuu has 30 seconds left.\n|\n|t:|1788191931\n|detailschange|p2b: Scovillain|Scovillain-Mega, L50, M\n|-mega|p2b: Scovillain|Scovillain|Scovillainite\n|move|p2a: Lycanroc|Rock Slide|p1a: Milotic|[spread] p1a,p1b\n|-damage|p1a: Milotic|70/100\n|-damage|p1b: Tyranitar|73/100\n|move|p1a: Milotic|Scald|p2b: Scovillain\n|-crit|p2b: Scovillain\n|-damage|p2b: Scovillain|42/100\n|-status|p1a: Milotic|brn|[from] ability: Spicy Spray|[of] p2b: Scovillain\n|move|p1b: Tyranitar|Rock Slide|p2a: Lycanroc|[spread] p2a,p2b\n|-supereffective|p2b: Scovillain|1\n|-damage|p2a: Lycanroc|48/100\n|-damage|p2b: Scovillain|0 fnt\n|-status|p1b: Tyranitar|brn|[from] ability: Spicy Spray|[of] p2b: Scovillain\n|faint|p2b: Scovillain\n|\n|-weather|Sandstorm|[upkeep]\n|-damage|p1a: Milotic|64/100 brn|[from] Sandstorm\n|-damage|p1a: Milotic|58/100 brn|[from] brn\n|-damage|p1b: Tyranitar|67/100 brn|[from] brn\n|upkeep\n|\n|t:|1788191953\n|switch|p2b: Basculegion|Basculegion, L50, M|100/100\n|turn|2\n|\n|t:|1788191967\n|move|p2a: Lycanroc|Close Combat|p1a: Milotic\n|-damage|p1a: Milotic|8/100 brn\n|-unboost|p2a: Lycanroc|def|1\n|-unboost|p2a: Lycanroc|spd|1\n|-enditem|p1a: Milotic|Sitrus Berry|[eat]\n|-heal|p1a: Milotic|33/100 brn|[from] item: Sitrus Berry\n|move|p2b: Basculegion|Last Respects|p1b: Tyranitar\n|-resisted|p1b: Tyranitar|1\n|-damage|p1b: Tyranitar|31/100 brn\n|-damage|p2b: Basculegion|90/100|[from] item: Life Orb\n|move|p1a: Milotic|Recover|p1a: Milotic\n|-heal|p1a: Milotic|83/100 brn\n|move|p1b: Tyranitar|Knock Off|p2b: Basculegion\n|-supereffective|p2b: Basculegion|1\n|-damage|p2b: Basculegion|21/100\n|-enditem|p2b: Basculegion|Life Orb|[from] move: Knock Off|[of] p1b: Tyranitar\n|\n|-weather|Sandstorm|[upkeep]\n|-damage|p2b: Basculegion|15/100|[from] Sandstorm\n|-damage|p1a: Milotic|77/100 brn|[from] Sandstorm\n|-damage|p1a: Milotic|71/100 brn|[from] brn\n|-damage|p1b: Tyranitar|24/100 brn|[from] brn\n|upkeep\n|turn|3\n|inactive|upinhuu has 30 seconds left.\n|\n|t:|1788191998\n|move|p1b: Tyranitar|Protect|p1b: Tyranitar\n|-singleturn|p1b: Tyranitar|Protect\n|move|p2b: Basculegion|Aqua Jet|p1b: Tyranitar\n|-activate|p1b: Tyranitar|move: Protect\n|move|p2a: Lycanroc|Close Combat|p1a: Milotic\n|-damage|p1a: Milotic|17/100 brn\n|-unboost|p2a: Lycanroc|def|1\n|-unboost|p2a: Lycanroc|spd|1\n|move|p1a: Milotic|Scald|p2a: Lycanroc\n|-supereffective|p2a: Lycanroc|1\n|-damage|p2a: Lycanroc|0 fnt\n|faint|p2a: Lycanroc\n|\n|-weather|Sandstorm|[upkeep]\n|-damage|p2b: Basculegion|9/100|[from] Sandstorm\n|-damage|p1a: Milotic|11/100 brn|[from] Sandstorm\n|-damage|p1a: Milotic|5/100 brn|[from] brn\n|-damage|p1b: Tyranitar|18/100 brn|[from] brn\n|upkeep\n|\n|t:|1788192017\n|switch|p2a: Sneasler|Sneasler, L50, F|100/100\n|turn|4\n|\n|t:|1788192043\n|switch|p1a: Gardevoir|Gardevoir, L50, M|100/100\n|move|p2a: Sneasler|Close Combat|p1b: Tyranitar\n|-supereffective|p1b: Tyranitar|2\n|-damage|p1b: Tyranitar|0 fnt\n|-unboost|p2a: Sneasler|def|1\n|-unboost|p2a: Sneasler|spd|1\n|faint|p1b: Tyranitar\n|-enditem|p2a: Sneasler|White Herb\n|-clearnegativeboost|p2a: Sneasler|[silent]\n|move|p2b: Basculegion|Last Respects|p1a: Gardevoir\n|-supereffective|p1a: Gardevoir|1\n|-damage|p1a: Gardevoir|0 fnt\n|faint|p1a: Gardevoir\n|\n|-weather|Sandstorm|[upkeep]\n|-damage|p2a: Sneasler|94/100|[from] Sandstorm\n|-damage|p2b: Basculegion|3/100|[from] Sandstorm\n|upkeep\n|\n|t:|1788192051\n|switch|p1a: Excadrill|Excadrill, L50, F|100/100\n|switch|p1b: Milotic|Milotic, L50, M|5/100 brn\n|turn|5\n|\n|t:|1788192067\n|move|p2a: Sneasler|Protect|p2a: Sneasler\n|-singleturn|p2a: Sneasler|Protect\n|move|p1a: Excadrill|Protect|p1a: Excadrill\n|-singleturn|p1a: Excadrill|Protect\n|move|p2b: Basculegion|Protect|p2b: Basculegion\n|-singleturn|p2b: Basculegion|Protect\n|move|p1b: Milotic|Protect||[still]\n|-fail|p1b: Milotic\n|\n|-weather|none\n|-damage|p1b: Milotic|0 fnt|[from] brn\n|faint|p1b: Milotic\n|upkeep\n|turn|6\n|\n|t:|1788192088\n|move|p2b: Basculegion|Aqua Jet|p1a: Excadrill\n|-supereffective|p1a: Excadrill|1\n|-damage|p1a: Excadrill|25/100\n|move|p2a: Sneasler|Close Combat|p1a: Excadrill\n|-supereffective|p1a: Excadrill|1\n|-damage|p1a: Excadrill|0 fnt\n|-unboost|p2a: Sneasler|def|1\n|-unboost|p2a: Sneasler|spd|1\n|faint|p1a: Excadrill\n|\n|win|upinhuu\n|raw|Akimazuu's rating: 1132 &rarr; <strong>1110</strong><br />(-22 for losing)\n|raw|upinhuu's rating: 1180 &rarr; <strong>1202</strong><br />(+22 for winning)\n|l|☆Akimazuu\n|player|p1|\n","uploadtime":1788192101,"views":"1","formatid":"gen9championsvgc2026regmbbo3","rating":1110,"private":0,"password":null}