{"id":"gen9championsvgc2026regmbbo3-2673794013","format":"[Gen 9 Champions] VGC 2026 Reg M-B (Bo3)","players":["plsbringregi","Jorge Saltamontes"],"log":"|j|☆plsbringregi\n|j|☆Jorge Saltamontes\n|html|<table width=\"100%\"><tr><td align=\"left\">plsbringregi</td><td align=\"right\">Jorge Saltamontes</tr><tr><td align=\"left\"><i class=\"fa fa-circle-o\"></i> <i class=\"fa fa-circle-o\"></i> </td><td align=\"right\"><i class=\"fa fa-circle-o\"></i> <i class=\"fa fa-circle-o\"></i> </tr></table>\n|uhtml|bestof|<h2><strong>Game 1</strong> of <a href=\"/game-bestof3-gen9championsvgc2026regmbbo3-2673794012\">a best-of-3</a></h2>\n|t:|1788258094\n|gametype|doubles\n|player|p1|plsbringregi|266|1503\n|player|p2|Jorge Saltamontes|marshal|1459\n|gen|9\n|tier|[Gen 9 Champions] VGC 2026 Reg M-B (Bo3)\n|rated|\n|rule|Species Clause: Limit one of each Pokémon\n|rule|Item Clause: Limit 1 of each item\n|clearpoke\n|poke|p1|Dragonite, L50, F|\n|poke|p1|Sneasler, L50, F|\n|poke|p1|Sinistcha, L50|\n|poke|p1|Incineroar, L50, M|\n|poke|p1|Floette-Eternal, L50, F|\n|poke|p1|Gholdengo, L50|\n|poke|p2|Charizard, L50, F|\n|poke|p2|Sylveon, L50, M|\n|poke|p2|Garchomp, L50, M|\n|poke|p2|Venusaur, L50, F|\n|poke|p2|Incineroar, L50, F|\n|poke|p2|Toxapex, L50, M|\n|teampreview|4\n|showteam|p1|Dragonite||Dragoninite|Multiscale|DragonPulse,HeatWave,Thunderbolt,Protect|Modest||F|||50|]Sneasler||FocusSash|PoisonTouch|PoisonJab,CloseCombat,RockSlide,FakeOut|Jolly||F|||50|]Sinistcha||KasibBerry|Hospitality|MatchaGotcha,RagePowder,TrickRoom,Protect|Relaxed|||||50|]Incineroar||SitrusBerry|Intimidate|FlareBlitz,ThroatChop,PartingShot,FakeOut|Careful||M|||50|]Floette-Eternal||Floettite|FlowerVeil|DazzlingGleam,Moonblast,CalmMind,Protect|Modest||F|||50|]Gholdengo||LifeOrb|GoodasGold|MakeItRain,ShadowBall,NastyPlot,Protect|Modest|||||50|\n|showteam|p2|Charizard||CharizarditeY|Blaze|WeatherBall,HeatWave,AncientPower,Protect|Modest||F|||50|]Sylveon||FairyFeather|Pixilate|HyperVoice,QuickAttack,Yawn,Detect|Modest||M|||50|]Garchomp||ChoiceScarf|RoughSkin|RockSlide,DragonClaw,Earthquake,StompingTantrum|Adamant||M|||50|]Venusaur||LifeOrb|Chlorophyll|SludgeBomb,LeafStorm,EarthPower,Protect|Modest||F|||50|]Incineroar||SitrusBerry|Intimidate|FlareBlitz,FakeOut,DarkestLariat,PartingShot|Impish||F|||50|]Toxapex||Leftovers|Regenerator|Infestation,Toxic,WideGuard,BanefulBunker|Bold||M|||50|\n|inactive|Battle timer is ON: inactive players will automatically lose when time's up. (requested by plsbringregi)\n|inactive|Jorge Saltamontes has 60 seconds left.\n|\n|t:|1788258297\n|teamsize|p1|4\n|teamsize|p2|4\n|start\n|switch|p1a: Dragonite|Dragonite, L50, F|100/100\n|switch|p1b: Sneasler|Sneasler, L50, F|100/100\n|switch|p2a: Charizard|Charizard, L50, F|100/100\n|switch|p2b: Venusaur|Venusaur, L50, F|100/100\n|turn|1\n|\n|t:|1788258312\n|detailschange|p1a: Dragonite|Dragonite-Mega, L50, F\n|-mega|p1a: Dragonite|Dragonite|Dragoninite\n|move|p2a: Charizard|Protect|p2a: Charizard\n|-singleturn|p2a: Charizard|Protect\n|move|p2b: Venusaur|Protect|p2b: Venusaur\n|-singleturn|p2b: Venusaur|Protect\n|move|p1b: Sneasler|Rock Slide|p2a: Charizard|[spread] \n|-activate|p2a: Charizard|move: Protect\n|-activate|p2b: Venusaur|move: Protect\n|move|p1a: Dragonite|Heat Wave|p2a: Charizard|[spread] \n|-activate|p2a: Charizard|move: Protect\n|-activate|p2b: Venusaur|move: Protect\n|\n|upkeep\n|turn|2\n|\n|t:|1788258332\n|switch|p2a: Garchomp|Garchomp, L50, M|100/100\n|switch|p2b: Toxapex|Toxapex, L50, M|100/100\n|move|p1b: Sneasler|Rock Slide|p2a: Garchomp|[spread] p2a,p2b\n|-resisted|p2a: Garchomp|1\n|-damage|p2a: Garchomp|90/100\n|-damage|p2b: Toxapex|85/100\n|move|p1a: Dragonite|Heat Wave|p2b: Toxapex|[spread] p2a,p2b\n|-resisted|p2a: Garchomp|1\n|-resisted|p2b: Toxapex|1\n|-damage|p2a: Garchomp|73/100\n|-damage|p2b: Toxapex|75/100\n|\n|-heal|p2b: Toxapex|80/100|[from] item: Leftovers\n|upkeep\n|turn|3\n|inactive|Jorge Saltamontes has 30 seconds left.\n|inactive|Jorge Saltamontes has 20 seconds left.\n|inactive|Jorge Saltamontes has 15 seconds left.\n|inactive|Jorge Saltamontes has 10 seconds left.\n|inactive|Jorge Saltamontes has 5 seconds left.\n|\n|t:|1788258383\n|switch|p1b: Incineroar|Incineroar, L50, M|100/100\n|-ability|p1b: Incineroar|Intimidate|boost\n|-unboost|p2a: Garchomp|atk|1\n|-unboost|p2b: Toxapex|atk|1\n|move|p2a: Garchomp|Stomping Tantrum|p1b: Incineroar\n|-supereffective|p1b: Incineroar|1\n|-damage|p1b: Incineroar|51/100\n|move|p1a: Dragonite|Dragon Pulse|p2a: Garchomp\n|-supereffective|p2a: Garchomp|1\n|-damage|p2a: Garchomp|0 fnt\n|faint|p2a: Garchomp\n|move|p2b: Toxapex|Toxic|p1a: Dragonite\n|-status|p1a: Dragonite|tox\n|\n|-heal|p2b: Toxapex|86/100|[from] item: Leftovers\n|-damage|p1a: Dragonite|94/100 tox|[from] psn\n|upkeep\n|\n|t:|1788258402\n|switch|p2a: Charizard|Charizard, L50, F|100/100\n|turn|4\n|\n|t:|1788258416\n|switch|p1b: Sneasler|Sneasler, L50, F|100/100\n|detailschange|p2a: Charizard|Charizard-Mega-Y, L50, F\n|-mega|p2a: Charizard|Charizard|Charizardite Y\n|-weather|SunnyDay|[from] ability: Drought|[of] p2a: Charizard\n|move|p1a: Dragonite|Thunderbolt|p2b: Toxapex\n|-supereffective|p2b: Toxapex|1\n|-damage|p2b: Toxapex|33/100\n|move|p2a: Charizard|Ancient Power|p1a: Dragonite\n|-supereffective|p1a: Dragonite|1\n|-damage|p1a: Dragonite|52/100 tox\n|move|p2b: Toxapex|Infestation|p1a: Dragonite\n|-resisted|p1a: Dragonite|1\n|-crit|p1a: Dragonite\n|-damage|p1a: Dragonite|49/100 tox\n|-activate|p1a: Dragonite|move: Infestation|[of] p2b: Toxapex\n|\n|-weather|SunnyDay|[upkeep]\n|-heal|p2b: Toxapex|38/100|[from] item: Leftovers\n|-damage|p1a: Dragonite|37/100 tox|[from] psn\n|-damage|p1a: Dragonite|25/100 tox|[from] move: Infestation|[partiallytrapped]\n|upkeep\n|turn|5\n|inactive|Jorge Saltamontes has 30 seconds left.\n|\n|t:|1788258447\n|-heal|p2b: Toxapex|71/100|[from] ability: Regenerator|[silent]\n|switch|p2b: Venusaur|Venusaur, L50, F|100/100\n|move|p1b: Sneasler|Poison Jab|p2a: Charizard\n|-damage|p2a: Charizard|56/100\n|-status|p2a: Charizard|psn\n|move|p1a: Dragonite|Thunderbolt|p2b: Venusaur\n|-resisted|p2b: Venusaur|1\n|-damage|p2b: Venusaur|77/100\n|move|p2a: Charizard|Heat Wave|p1a: Dragonite|[spread] p1a,p1b\n|-resisted|p1a: Dragonite|1\n|-damage|p1a: Dragonite|0 fnt\n|-damage|p1b: Sneasler|9/100\n|faint|p1a: Dragonite\n|\n|-weather|SunnyDay|[upkeep]\n|-damage|p2a: Charizard|44/100 psn|[from] psn\n|upkeep\n|\n|t:|1788258464\n|switch|p1a: Gholdengo|Gholdengo, L50|100/100\n|turn|6\n|\n|t:|1788258482\n|switch|p1b: Incineroar|Incineroar, L50, M|51/100\n|-ability|p1b: Incineroar|Intimidate|boost\n|-unboost|p2a: Charizard|atk|1\n|-unboost|p2b: Venusaur|atk|1\n|move|p1a: Gholdengo|Protect|p1a: Gholdengo\n|-singleturn|p1a: Gholdengo|Protect\n|move|p2b: Venusaur|Earth Power|p1b: Incineroar\n|-supereffective|p1b: Incineroar|1\n|-damage|p1b: Incineroar|0 fnt\n|faint|p1b: Incineroar\n|-damage|p2b: Venusaur|67/100|[from] item: Life Orb\n|move|p2a: Charizard|Weather Ball|p1a: Gholdengo\n|-activate|p1a: Gholdengo|move: Protect\n|\n|-weather|SunnyDay|[upkeep]\n|-damage|p2a: Charizard|31/100 psn|[from] psn\n|upkeep\n|\n|t:|1788258490\n|switch|p1b: Sneasler|Sneasler, L50, F|9/100\n|turn|7\n|inactive|Jorge Saltamontes has 30 seconds left.\n|inactive|Jorge Saltamontes has 20 seconds left.\n|inactive|plsbringregi has 30 seconds left.\n|\n|t:|1788258539\n|switch|p2a: Toxapex|Toxapex, L50, M|71/100\n|move|p2b: Venusaur|Protect|p2b: Venusaur\n|-singleturn|p2b: Venusaur|Protect\n|move|p1b: Sneasler|Fake Out|p2a: Toxapex\n|-damage|p2a: Toxapex|63/100\n|move|p1a: Gholdengo|Make It Rain|p2a: Toxapex|[spread] p2a\n|-activate|p2b: Venusaur|move: Protect\n|-resisted|p2a: Toxapex|1\n|-damage|p2a: Toxapex|38/100\n|-unboost|p1a: Gholdengo|spa|2\n|-damage|p1a: Gholdengo|90/100|[from] item: Life Orb\n|\n|-weather|SunnyDay|[upkeep]\n|-heal|p2a: Toxapex|43/100|[from] item: Leftovers\n|upkeep\n|turn|8\n|inactive|Jorge Saltamontes has 30 seconds left.\n|\n|t:|1788258564\n|move|p2b: Venusaur|Earth Power|p1a: Gholdengo\n|-supereffective|p1a: Gholdengo|1\n|-crit|p1a: Gholdengo\n|-damage|p1a: Gholdengo|0 fnt\n|faint|p1a: Gholdengo\n|-damage|p2b: Venusaur|57/100|[from] item: Life Orb\n|move|p1b: Sneasler|Poison Jab|p2b: Venusaur\n|-damage|p2b: Venusaur|1/100\n|move|p2a: Toxapex|Infestation|p1b: Sneasler\n|-resisted|p1b: Sneasler|2\n|-damage|p1b: Sneasler|8/100\n|-activate|p1b: Sneasler|move: Infestation|[of] p2a: Toxapex\n|\n|-weather|none\n|-heal|p2a: Toxapex|49/100|[from] item: Leftovers\n|-damage|p1b: Sneasler|0 fnt|[from] move: Infestation|[partiallytrapped]\n|faint|p1b: Sneasler\n|\n|win|Jorge Saltamontes\n||plsbringregi is ready for game 2.\n|inactive|Jorge Saltamontes has 30 seconds to confirm battle start!\n|inactive|Jorge Saltamontes has 20 seconds to confirm battle start!\n|inactive|Jorge Saltamontes has 10 seconds to confirm battle start!\n|uhtml|next|Next: <a href=\"/battle-gen9championsvgc2026regmbbo3-2673796286\"><strong>Game 2 of 3</strong></a>\n","uploadtime":1788258097,"views":"0","formatid":"gen9championsvgc2026regmbbo3","rating":null,"private":0,"password":null}