{"id":"gen9championsvgc2026regmbbo3-2674773340","format":"[Gen 9 Champions] VGC 2026 Reg M-B (Bo3)","players":["palgino","bernardomgj"],"log":"|j|☆palgino\n|j|☆bernardomgj\n|html|<table width=\"100%\"><tr><td align=\"left\">palgino</td><td align=\"right\">bernardomgj</tr><tr><td align=\"left\"><i class=\"fa fa-circle-o\"></i> <i class=\"fa fa-circle-o\"></i> </td><td align=\"right\"><i class=\"fa fa-circle-o\"></i> <i class=\"fa fa-circle\"></i> </tr></table>\n|uhtml|bestof|<h2><strong>Game 2</strong> of <a href=\"/game-bestof3-gen9championsvgc2026regmbbo3-2674770867\">a best-of-3</a></h2>\n|t:|1788404051\n|gametype|doubles\n|player|p1|palgino|266|1000\n|player|p2|bernardomgj|266|1038\n|gen|9\n|tier|[Gen 9 Champions] VGC 2026 Reg M-B (Bo3)\n|rated|\n|rule|Species Clause: Limit one of each Pokémon\n|rule|Item Clause: Limit 1 of each item\n|clearpoke\n|poke|p1|Dragapult, L50, M|\n|poke|p1|Incineroar, L50, M|\n|poke|p1|Chandelure, L50, M|\n|poke|p1|Scovillain, L50, F|\n|poke|p1|Garchomp, L50, F|\n|poke|p1|Whimsicott, L50, F|\n|poke|p2|Gallade, L50, M|\n|poke|p2|Staraptor, L50, F|\n|poke|p2|Mawile, L50, F|\n|poke|p2|Farigiraf, L50, M|\n|poke|p2|Lycanroc-Dusk, L50, F|\n|poke|p2|Milotic, L50, F|\n|teampreview|4\n|showteam|p1|Dragapult||FocusSash|ClearBody|DragonDarts,Protect,Uturn,PhantomForce|Jolly||M|||50|]Incineroar||SitrusBerry|Intimidate|FakeOut,PartingShot,FlareBlitz,DarkestLariat|Adamant||M|||50|]Chandelure||Chandelurite|FlameBody|EnergyBall,HeatWave,ShadowBall,Protect|Modest||M|||50|]Scovillain||Scovillainite|Moody|SunnyDay,Protect,BurningJealousy,GigaDrain|Modest||F|||50|]Garchomp||LifeOrb|RoughSkin|Earthquake,Protect,DragonClaw,RockSlide|Jolly||F|||50|]Whimsicott||Leftovers|Prankster|Taunt,Encore,Tailwind,Protect|Calm||F|||50|\n|showteam|p2|Gallade||LifeOrb|Sharpness|LeafBlade,PsychoCut,SacredSword,Protect|Adamant||M|||50|]Staraptor||Staraptite|Intimidate|CloseCombat,DualWingbeat,Tailwind,Protect|Jolly||F|||50|]Mawile||Mawilite|Intimidate|PlayRough,IronHead,SuckerPunch,Protect|Adamant||F|||50|]Farigiraf||ColburBerry|ArmorTail|Psychic,HelpingHand,TrickRoom,Protect|Calm||M|||50|]Lycanroc-Dusk||FocusSash|ToughClaws|Accelerock,CloseCombat,IronHead,Protect|Jolly||F|||50|]Milotic||Leftovers|Competitive|Scald,IceBeam,Recover,Protect|Bold||F|||50|\n|inactive|Battle timer is ON: inactive players will automatically lose when time's up. (requested by palgino)\n|\n|t:|1788404080\n|teamsize|p1|4\n|teamsize|p2|4\n|start\n|switch|p1a: Whimsicott|Whimsicott, L50, F|100/100\n|switch|p1b: Scovillain|Scovillain, L50, F|100/100\n|switch|p2a: Farigiraf|Farigiraf, L50, M|100/100\n|switch|p2b: Milotic|Milotic, L50, F|100/100\n|turn|1\n|\n|t:|1788404093\n|detailschange|p1b: Scovillain|Scovillain-Mega, L50, F\n|-mega|p1b: Scovillain|Scovillain|Scovillainite\n|move|p1a: Whimsicott|Tailwind|p1a: Whimsicott\n|-sidestart|p1: palgino|move: Tailwind\n|move|p1b: Scovillain|Sunny Day|p1b: Scovillain\n|-weather|SunnyDay\n|move|p2b: Milotic|Ice Beam|p1a: Whimsicott\n|-supereffective|p1a: Whimsicott|1\n|-damage|p1a: Whimsicott|40/100\n|move|p2a: Farigiraf|Trick Room|p2a: Farigiraf\n|-fieldstart|move: Trick Room|[of] p2a: Farigiraf\n|\n|-weather|SunnyDay|[upkeep]\n|-heal|p1a: Whimsicott|46/100|[from] item: Leftovers\n|upkeep\n|turn|2\n|\n|t:|1788404117\n|move|p1a: Whimsicott|Protect|p1a: Whimsicott\n|-singleturn|p1a: Whimsicott|Protect\n|move|p2a: Farigiraf|Psychic|p1b: Scovillain\n|-damage|p1b: Scovillain|62/100\n|-status|p2a: Farigiraf|brn|[from] ability: Spicy Spray|[of] p1b: Scovillain\n|move|p2b: Milotic|Ice Beam|p1a: Whimsicott\n|-activate|p1a: Whimsicott|move: Protect\n|move|p1b: Scovillain|Giga Drain|p2b: Milotic\n|-supereffective|p2b: Milotic|1\n|-damage|p2b: Milotic|28/100\n|-heal|p1b: Scovillain|100/100|[from] drain|[of] p2b: Milotic\n|\n|-weather|SunnyDay|[upkeep]\n|-heal|p2b: Milotic|34/100|[from] item: Leftovers\n|-heal|p1a: Whimsicott|52/100|[from] item: Leftovers\n|-damage|p2a: Farigiraf|93/100 brn|[from] brn\n|upkeep\n|turn|3\n|inactive|palgino has 30 seconds left.\n|\n|t:|1788404147\n|switch|p1a: Incineroar|Incineroar, L50, M|100/100\n|-ability|p1a: Incineroar|Intimidate|boost\n|-unboost|p2a: Farigiraf|atk|1\n|-unboost|p2b: Milotic|atk|1\n|-ability|p2b: Milotic|Competitive|boost\n|-boost|p2b: Milotic|spa|2\n|move|p2b: Milotic|Protect|p2b: Milotic\n|-singleturn|p2b: Milotic|Protect\n|move|p2a: Farigiraf|Psychic|p1b: Scovillain\n|-damage|p1b: Scovillain|61/100\n|move|p1b: Scovillain|Burning Jealousy|p2b: Milotic|[spread] p2a\n|-activate|p2b: Milotic|move: Protect\n|-damage|p2a: Farigiraf|52/100 brn\n|\n|-weather|SunnyDay|[upkeep]\n|-heal|p2b: Milotic|40/100|[from] item: Leftovers\n|-damage|p2a: Farigiraf|45/100 brn|[from] brn\n|upkeep\n|turn|4\n|\n|t:|1788404171\n|switch|p2a: Mawile|Mawile, L50, F|100/100\n|-ability|p2a: Mawile|Intimidate|boost\n|-unboost|p1a: Incineroar|atk|1\n|-unboost|p1b: Scovillain|atk|1\n|switch|p1a: Whimsicott|Whimsicott, L50, F|52/100\n|move|p1b: Scovillain|Protect|p1b: Scovillain\n|-singleturn|p1b: Scovillain|Protect\n|move|p2b: Milotic|Scald|p1a: Whimsicott\n|-resisted|p1a: Whimsicott|1\n|-damage|p1a: Whimsicott|33/100\n|\n|-weather|SunnyDay|[upkeep]\n|-heal|p2b: Milotic|46/100|[from] item: Leftovers\n|-heal|p1a: Whimsicott|39/100|[from] item: Leftovers\n|-sideend|p1: palgino|move: Tailwind\n|upkeep\n|turn|5\n|inactive|palgino has 30 seconds left.\n|\n|t:|1788404198\n|detailschange|p2a: Mawile|Mawile-Mega, L50, F\n|-mega|p2a: Mawile|Mawile|Mawilite\n|move|p1a: Whimsicott|Tailwind|p1a: Whimsicott\n|-sidestart|p1: palgino|move: Tailwind\n|move|p2a: Mawile|Iron Head|p1a: Whimsicott\n|-supereffective|p1a: Whimsicott|1\n|-damage|p1a: Whimsicott|0 fnt\n|faint|p1a: Whimsicott\n|move|p2b: Milotic|Recover|p2b: Milotic\n|-heal|p2b: Milotic|96/100\n|move|p1b: Scovillain|Burning Jealousy|p2b: Milotic|[spread] p2a,p2b\n|-supereffective|p2a: Mawile|1\n|-resisted|p2b: Milotic|1\n|-damage|p2a: Mawile|0 fnt\n|-damage|p2b: Milotic|80/100\n|faint|p2a: Mawile\n|\n|-weather|none\n|-heal|p2b: Milotic|86/100|[from] item: Leftovers\n|-fieldend|move: Trick Room\n|upkeep\n|\n|t:|1788404217\n|switch|p1a: Dragapult|Dragapult, L50, M|100/100\n|switch|p2a: Farigiraf|Farigiraf, L50, M|45/100 brn\n|turn|6\n|\n|t:|1788404225\n|move|p2a: Farigiraf|Helping Hand|p2b: Milotic\n|-singleturn|p2b: Milotic|Helping Hand|[of] p2a: Farigiraf\n|move|p1a: Dragapult|Protect|p1a: Dragapult\n|-singleturn|p1a: Dragapult|Protect\n|move|p1b: Scovillain|Giga Drain|p2b: Milotic\n|-supereffective|p2b: Milotic|1\n|-damage|p2b: Milotic|19/100\n|-heal|p1b: Scovillain|100/100|[from] drain|[of] p2b: Milotic\n|move|p2b: Milotic|Scald|p1b: Scovillain\n|-damage|p1b: Scovillain|0 fnt\n|-status|p2b: Milotic|brn|[from] ability: Spicy Spray|[of] p1b: Scovillain\n|faint|p1b: Scovillain\n|\n|-heal|p2b: Milotic|25/100 brn|[from] item: Leftovers\n|-damage|p2b: Milotic|19/100 brn|[from] brn\n|-damage|p2a: Farigiraf|39/100 brn|[from] brn\n|upkeep\n|\n|t:|1788404238\n|switch|p1b: Incineroar|Incineroar, L50, M|100/100\n|-ability|p1b: Incineroar|Intimidate|boost\n|-unboost|p2a: Farigiraf|atk|1\n|-unboost|p2b: Milotic|atk|1\n|-ability|p2b: Milotic|Competitive|boost\n|-boost|p2b: Milotic|spa|2\n|turn|7\n|\n|t:|1788404247\n|move|p2b: Milotic|Protect|p2b: Milotic\n|-singleturn|p2b: Milotic|Protect\n|move|p1a: Dragapult|Dragon Darts|p2a: Farigiraf\n|-damage|p2a: Farigiraf|16/100 brn\n|-anim|p1a: Dragapult|Dragon Darts|p2a: Farigiraf\n|-damage|p2a: Farigiraf|0 fnt\n|faint|p2a: Farigiraf\n|move|p1b: Incineroar|Darkest Lariat|p2b: Milotic\n|-activate|p2b: Milotic|move: Protect\n|\n|-heal|p2b: Milotic|25/100 brn|[from] item: Leftovers\n|-damage|p2b: Milotic|19/100 brn|[from] brn\n|upkeep\n|\n|t:|1788404260\n|switch|p2a: Gallade|Gallade, L50, M|100/100\n|turn|8\n|\n|t:|1788404271\n|move|p1a: Dragapult|Dragon Darts|p2b: Milotic\n|-damage|p2b: Milotic|0 fnt\n|-anim|p1a: Dragapult|Dragon Darts|p2a: Gallade\n|-damage|p2a: Gallade|62/100\n|faint|p2b: Milotic\n|move|p1b: Incineroar|Parting Shot|p2a: Gallade\n|-unboost|p2a: Gallade|atk|1\n|-unboost|p2a: Gallade|spa|1\n|move|p2a: Gallade|Sacred Sword|p1b: Incineroar\n|-supereffective|p1b: Incineroar|1\n|-damage|p1b: Incineroar|0 fnt\n|faint|p1b: Incineroar\n|-damage|p2a: Gallade|52/100|[from] item: Life Orb\n|\n|-sideend|p1: palgino|move: Tailwind\n|upkeep\n|turn|9\n|\n|t:|1788404289\n|move|p1a: Dragapult|Dragon Darts|p2a: Gallade\n|-damage|p2a: Gallade|18/100\n|-anim|p1a: Dragapult|Dragon Darts|p2a: Gallade\n|-damage|p2a: Gallade|0 fnt\n|faint|p2a: Gallade\n|\n|win|palgino\n||bernardomgj is ready for game 3.\n","uploadtime":1788404295,"views":"0","formatid":"gen9championsvgc2026regmbbo3","rating":null,"private":0,"password":null}