{"id":"gen9championsvgc2026regmb-2674768948","format":"[Gen 9 Champions] VGC 2026 Reg M-B","players":["MilkTeaWayGalaxy","VJ2511"],"log":"|j|☆MilkTeaWayGalaxy\n|j|☆VJ2511\n|t:|1788403305\n|gametype|doubles\n|player|p1|MilkTeaWayGalaxy|rosa-pokestar3|1721\n|player|p2|VJ2511|102|1621\n|gen|9\n|tier|[Gen 9 Champions] VGC 2026 Reg M-B\n|rated|\n|rule|Species Clause: Limit one of each Pokémon\n|rule|Item Clause: Limit 1 of each item\n|clearpoke\n|poke|p1|Sableye, L50, M|\n|poke|p1|Archaludon, L50, F|\n|poke|p1|Pelipper, L50, M|\n|poke|p1|Maushold, L50|\n|poke|p1|Swampert, L50, M|\n|poke|p1|Sinistcha, L50|\n|poke|p2|Charizard, L50, M|\n|poke|p2|Floette-Eternal, L50, F|\n|poke|p2|Garchomp, L50, M|\n|poke|p2|Basculegion, L50, M|\n|poke|p2|Kingambit, L50, M, shiny|\n|poke|p2|Whimsicott, L50, F|\n|teampreview|4\n|inactive|Battle timer is ON: inactive players will automatically lose when time's up. (requested by VJ2511)\n|inactive|MilkTeaWayGalaxy has 60 seconds left.\n|\n|t:|1788403345\n|teamsize|p1|4\n|teamsize|p2|4\n|start\n|switch|p1a: Sableye|Sableye, L50, M|100/100\n|switch|p1b: Maushold|Maushold, L50|100/100\n|switch|p2a: Basculegion|Basculegion, L50, M|100/100\n|switch|p2b: Whimsicott|Whimsicott, L50, F|100/100\n|turn|1\n|\n|t:|1788403355\n|move|p2b: Whimsicott|Protect|p2b: Whimsicott\n|-singleturn|p2b: Whimsicott|Protect\n|move|p1a: Sableye|Reflect|p1a: Sableye\n|-sidestart|p1: MilkTeaWayGalaxy|Reflect\n|move|p1b: Maushold|Population Bomb|p2b: Whimsicott\n|-activate|p2b: Whimsicott|move: Protect\n|move|p2a: Basculegion|Wave Crash|p1a: Sableye\n|-damage|p1a: Sableye|28/100\n|-damage|p2a: Basculegion|82/100|[from] Recoil\n|\n|upkeep\n|turn|2\n|\n|t:|1788403365\n|move|p2b: Whimsicott|Tailwind|p2b: Whimsicott\n|-sidestart|p2: VJ2511|move: Tailwind\n|move|p2a: Basculegion|Aqua Jet|p1a: Sableye\n|-damage|p1a: Sableye|1/100\n|move|p1a: Sableye|Light Screen|p1a: Sableye\n|-sidestart|p1: MilkTeaWayGalaxy|move: Light Screen\n|move|p1b: Maushold|Population Bomb|p2b: Whimsicott\n|-damage|p2b: Whimsicott|84/100\n|-damage|p2b: Whimsicott|70/100\n|-damage|p2b: Whimsicott|56/100\n|-damage|p2b: Whimsicott|41/100\n|-damage|p2b: Whimsicott|25/100\n|-damage|p2b: Whimsicott|10/100\n|-damage|p2b: Whimsicott|0 fnt\n|faint|p2b: Whimsicott\n|-hitcount|p2: Whimsicott|7\n|\n|upkeep\n|\n|t:|1788403379\n|switch|p2b: Kingambit|Kingambit, L50, M, shiny|100/100\n|turn|3\n|\n|t:|1788403394\n|switch|p1a: Archaludon|Archaludon, L50, F|100/100\n|move|p2a: Basculegion|Wave Crash|p1b: Maushold\n|-damage|p1b: Maushold|21/100\n|-damage|p2a: Basculegion|60/100|[from] Recoil\n|move|p1b: Maushold|Taunt|p2b: Kingambit\n|-start|p2b: Kingambit|move: Taunt\n|move|p2b: Kingambit|Kowtow Cleave|p1b: Maushold\n|-damage|p1b: Maushold|0 fnt\n|faint|p1b: Maushold\n|\n|upkeep\n|\n|t:|1788403403\n|switch|p1b: Pelipper|Pelipper, L50, M|100/100\n|-weather|RainDance|[from] ability: Drizzle|[of] p1b: Pelipper\n|turn|4\n|\n|t:|1788403412\n|move|p2a: Basculegion|Wave Crash|p1b: Pelipper\n|-resisted|p1b: Pelipper|1\n|-damage|p1b: Pelipper|56/100\n|-damage|p2a: Basculegion|48/100|[from] Recoil\n|move|p2b: Kingambit|Kowtow Cleave|p1b: Pelipper\n|-damage|p1b: Pelipper|26/100\n|-enditem|p1b: Pelipper|Sitrus Berry|[eat]\n|-heal|p1b: Pelipper|51/100|[from] item: Sitrus Berry\n|move|p1a: Archaludon|Electro Shot||[still]\n|-prepare|p1a: Archaludon|Electro Shot\n|-boost|p1a: Archaludon|spa|1\n|-anim|p1a: Archaludon|Electro Shot|p2a: Basculegion\n|-supereffective|p2a: Basculegion|1\n|-damage|p2a: Basculegion|0 fnt\n|faint|p2a: Basculegion\n|move|p1b: Pelipper|Tailwind|p1b: Pelipper\n|-sidestart|p1: MilkTeaWayGalaxy|move: Tailwind\n|\n|-weather|RainDance|[upkeep]\n|upkeep\n|\n|t:|1788403418\n|switch|p2a: Charizard|Charizard, L50, M|100/100\n|turn|5\n|inactive|MilkTeaWayGalaxy has 30 seconds left.\n|\n|t:|1788403444\n|switch|p1b: Sableye|Sableye, L50, M|1/100\n|move|p1a: Archaludon|Protect|p1a: Archaludon\n|-singleturn|p1a: Archaludon|Protect\n|move|p2a: Charizard|Ancient Power|p1b: Sableye\n|-damage|p1b: Sableye|0 fnt\n|faint|p1b: Sableye\n|move|p2b: Kingambit|Kowtow Cleave|p1a: Archaludon\n|-activate|p1a: Archaludon|move: Protect\n|\n|-weather|RainDance|[upkeep]\n|-end|p2b: Kingambit|move: Taunt\n|-sideend|p2: VJ2511|move: Tailwind\n|upkeep\n|\n|t:|1788403446\n|switch|p1b: Pelipper|Pelipper, L50, M|51/100\n|turn|6\n|\n|t:|1788403456\n|move|p2a: Charizard|Protect|p2a: Charizard\n|-singleturn|p2a: Charizard|Protect\n|move|p1b: Pelipper|Wide Guard|p1b: Pelipper\n|-singleturn|p1b: Pelipper|Wide Guard\n|move|p1a: Archaludon|Dragon Pulse|p2a: Charizard\n|-activate|p2a: Charizard|move: Protect\n|move|p2b: Kingambit|Kowtow Cleave|p1b: Pelipper\n|-damage|p1b: Pelipper|19/100\n|\n|-weather|RainDance|[upkeep]\n|upkeep\n|turn|7\n|\n|t:|1788403471\n|detailschange|p2a: Charizard|Charizard-Mega-Y, L50, M\n|-mega|p2a: Charizard|Charizard|Charizardite Y\n|-weather|SunnyDay|[from] ability: Drought|[of] p2a: Charizard\n|move|p2b: Kingambit|Sucker Punch|p1b: Pelipper\n|-damage|p1b: Pelipper|0 fnt\n|faint|p1b: Pelipper\n|move|p1a: Archaludon|Dragon Pulse|p2a: Charizard\n|-damage|p2a: Charizard|39/100\n|move|p2a: Charizard|Weather Ball|p1a: Archaludon\n|-damage|p1a: Archaludon|45/100\n|-ability|p1a: Archaludon|Stamina|boost\n|-boost|p1a: Archaludon|def|1\n|\n|-weather|SunnyDay|[upkeep]\n|-heal|p1a: Archaludon|51/100|[from] item: Leftovers\n|-sideend|p1: MilkTeaWayGalaxy|move: Tailwind\n|upkeep\n|turn|8\n|-message|MilkTeaWayGalaxy forfeited.\n|\n|win|VJ2511\n|raw|MilkTeaWayGalaxy's rating: 1721 &rarr; <strong>1695</strong><br />(-26 for losing)\n|raw|VJ2511's rating: 1621 &rarr; <strong>1647</strong><br />(+26 for winning)\n|l|☆MilkTeaWayGalaxy\n|player|p1|\n","uploadtime":1788403483,"views":"16","formatid":"gen9championsvgc2026regmb","rating":1647,"private":0,"password":null}