{"id":"gen9championsvgc2026regmb-2674346298","format":"[Gen 9 Champions] VGC 2026 Reg M-B","players":["Cruddy Cowboy","Mameon"],"log":"|j|☆Cruddy Cowboy\n|j|☆Mameon\n|t:|1788345951\n|gametype|doubles\n|player|p1|Cruddy Cowboy|101|1349\n|player|p2|Mameon|101|1445\n|gen|9\n|tier|[Gen 9 Champions] VGC 2026 Reg M-B\n|rated|\n|rule|Species Clause: Limit one of each Pokémon\n|rule|Item Clause: Limit 1 of each item\n|clearpoke\n|poke|p1|Scrafty, L50, M|\n|poke|p1|Farigiraf, L50, F|\n|poke|p1|Venusaur, L50, F|\n|poke|p1|Basculegion, L50, M|\n|poke|p1|Arcanine-Hisui, L50, F|\n|poke|p1|Gholdengo, L50|\n|poke|p2|Staraptor, L50, M|\n|poke|p2|Farigiraf, L50, F|\n|poke|p2|Tyranitar, L50, M|\n|poke|p2|Whimsicott, L50, F|\n|poke|p2|Excadrill, L50, M|\n|poke|p2|Gholdengo, L50, shiny|\n|teampreview|4\n|inactive|Battle timer is ON: inactive players will automatically lose when time's up. (requested by Mameon)\n|\n|t:|1788346020\n|teamsize|p1|4\n|teamsize|p2|4\n|start\n|switch|p1a: Scrafty|Scrafty, L50, M|100/100\n|switch|p1b: Arcanine|Arcanine-Hisui, L50, F|100/100\n|switch|p2a: Staraptor|Staraptor, L50, M|100/100\n|switch|p2b: Whimsicott|Whimsicott, L50, F|100/100\n|-ability|p2a: Staraptor|Intimidate|boost\n|-unboost|p1a: Scrafty|atk|1\n|-unboost|p1b: Arcanine|atk|1\n|-ability|p1a: Scrafty|Intimidate|boost\n|-unboost|p2a: Staraptor|atk|1\n|-unboost|p2b: Whimsicott|atk|1\n|turn|1\n|inactive|Cruddy Cowboy has 30 seconds left.\n|inactive|Mameon has 30 seconds left.\n|\n|t:|1788346051\n|switch|p2b: Farigiraf|Farigiraf, L50, F|100/100\n|switch|p1a: Basculegion|Basculegion, L50, M|100/100\n|detailschange|p2a: Staraptor|Staraptor-Mega, L50, M\n|-mega|p2a: Staraptor|Staraptor|Staraptite\n|move|p2a: Staraptor|Close Combat|p1b: Arcanine\n|-supereffective|p1b: Arcanine|1\n|-damage|p1b: Arcanine|16/100\n|-boost|p2a: Staraptor|def|1\n|-boost|p2a: Staraptor|spd|1\n|move|p1b: Arcanine|Flare Blitz|p2b: Farigiraf\n|-damage|p2b: Farigiraf|63/100\n|\n|upkeep\n|turn|2\n|\n|t:|1788346076\n|switch|p2b: Whimsicott|Whimsicott, L50, F|100/100\n|move|p1b: Arcanine|Protect|p1b: Arcanine\n|-singleturn|p1b: Arcanine|Protect\n|move|p2a: Staraptor|Close Combat|p1b: Arcanine\n|-activate|p1b: Arcanine|move: Protect\n|move|p1a: Basculegion|Wave Crash|p2a: Staraptor\n|-damage|p2a: Staraptor|29/100\n|-damage|p1a: Basculegion|80/100|[from] Recoil\n|-damage|p1a: Basculegion|70/100|[from] item: Life Orb\n|\n|upkeep\n|turn|3\n|\n|t:|1788346091\n|move|p1b: Arcanine|Extreme Speed|p2a: Staraptor\n|-damage|p2a: Staraptor|16/100\n|move|p2b: Whimsicott|Charm|p1a: Basculegion\n|-unboost|p1a: Basculegion|atk|2\n|move|p1a: Basculegion|Aqua Jet|p2a: Staraptor\n|-damage|p2a: Staraptor|3/100\n|-damage|p1a: Basculegion|60/100|[from] item: Life Orb\n|move|p2a: Staraptor|Close Combat|p1b: Arcanine\n|-supereffective|p1b: Arcanine|1\n|-damage|p1b: Arcanine|0 fnt\n|-boost|p2a: Staraptor|def|1\n|-boost|p2a: Staraptor|spd|1\n|faint|p1b: Arcanine\n|\n|upkeep\n|\n|t:|1788346103\n|switch|p1b: Scrafty|Scrafty, L50, M|100/100\n|-ability|p1b: Scrafty|Intimidate|boost\n|-boost|p2a: Staraptor|atk|1\n|-unboost|p2b: Whimsicott|atk|1\n|turn|4\n|\n|t:|1788346118\n|switch|p2b: Farigiraf|Farigiraf, L50, F|63/100\n|detailschange|p1b: Scrafty|Scrafty-Mega, L50, M\n|-mega|p1b: Scrafty|Scrafty|Scraftinite\n|-ability|p1b: Scrafty|Intimidate|boost\n|-boost|p2a: Staraptor|atk|1\n|-unboost|p2b: Farigiraf|atk|1\n|move|p1b: Scrafty|Fake Out||[still]\n|cant|p2b: Farigiraf|ability: Armor Tail|Fake Out|[of] p1b: Scrafty\n|move|p2a: Staraptor|Close Combat|p1b: Scrafty\n|-supereffective|p1b: Scrafty|1\n|-damage|p1b: Scrafty|0 fnt\n|-boost|p2a: Staraptor|def|1\n|-boost|p2a: Staraptor|spd|1\n|faint|p1b: Scrafty\n|move|p1a: Basculegion|Last Respects|p2b: Farigiraf\n|-immune|p2b: Farigiraf\n|\n|upkeep\n|\n|t:|1788346121\n|switch|p1b: Farigiraf|Farigiraf, L50, F|100/100\n|turn|5\n|inactive|Mameon has 30 seconds left.\n|\n|t:|1788346146\n|move|p1a: Basculegion|Protect|p1a: Basculegion\n|-singleturn|p1a: Basculegion|Protect\n|move|p2a: Staraptor|Brave Bird|p1a: Basculegion\n|-activate|p1a: Basculegion|move: Protect\n|move|p2b: Farigiraf|Thunderbolt|p1a: Basculegion\n|-activate|p1a: Basculegion|move: Protect\n|move|p1b: Farigiraf|Psychic|p2a: Staraptor\n|-supereffective|p2a: Staraptor|1\n|-damage|p2a: Staraptor|0 fnt\n|faint|p2a: Staraptor\n|\n|upkeep\n|\n|t:|1788346154\n|switch|p2a: Whimsicott|Whimsicott, L50, F|100/100\n|turn|6\n|\n|t:|1788346170\n|move|p2a: Whimsicott|Moonblast|p1a: Basculegion\n|-damage|p1a: Basculegion|27/100\n|move|p1a: Basculegion|Last Respects|p2a: Whimsicott\n|-damage|p2a: Whimsicott|2/100\n|-damage|p1a: Basculegion|17/100|[from] item: Life Orb\n|move|p2b: Farigiraf|Thunderbolt|p1a: Basculegion\n|-supereffective|p1a: Basculegion|1\n|-crit|p1a: Basculegion\n|-damage|p1a: Basculegion|0 fnt\n|faint|p1a: Basculegion\n|move|p1b: Farigiraf|Psychic|p2a: Whimsicott\n|-damage|p2a: Whimsicott|0 fnt\n|faint|p2a: Whimsicott\n|\n|upkeep\n|\n|t:|1788346180\n|switch|p2a: Excadrill|Excadrill, L50, M|100/100\n|turn|7\n|-message|Cruddy Cowboy forfeited.\n|\n|win|Mameon\n|raw|Cruddy Cowboy's rating: 1349 &rarr; <strong>1334</strong><br />(-15 for losing)\n|raw|Mameon's rating: 1445 &rarr; <strong>1460</strong><br />(+15 for winning)\n|l|☆Cruddy Cowboy\n|player|p1|\n","uploadtime":1788346195,"views":"1","formatid":"gen9championsvgc2026regmb","rating":1334,"private":0,"password":null}