{"id":"gen9championsvgc2026regmb-2673980985","format":"[Gen 9 Champions] VGC 2026 Reg M-B","players":["Energenius","homerj71"],"log":"|j|☆Energenius\n|j|☆homerj71\n|html|<table width=\"100%\"><tr><td align=\"left\">Energenius</td><td align=\"right\">homerj71</tr><tr><td align=\"left\"><i class=\"fa fa-circle-o\"></i> <i class=\"fa fa-circle-o\"></i> </td><td align=\"right\"><i class=\"fa fa-circle-o\"></i> <i class=\"fa fa-circle-o\"></i> </tr></table>\n|uhtml|bestof|<h2><strong>Game 1</strong> of <a href=\"/game-bestof3-gen9championsvgc2026regmb-2673980984\">a best-of-3</a></h2>\n|t:|1788284458\n|gametype|doubles\n|player|p1|Energenius|169|\n|player|p2|homerj71|265|\n|gen|9\n|tier|[Gen 9 Champions] VGC 2026 Reg M-B\n|rule|Species Clause: Limit one of each Pokémon\n|rule|Item Clause: Limit 1 of each item\n|raw|<div class=\"infobox\"><details class=\"readmore\" open><summary><strong>1 custom rule:</strong></summary> Best of = 3</details></div>\n|clearpoke\n|poke|p1|Floette-Eternal, L50, F|\n|poke|p1|Garchomp, L50, F, shiny|\n|poke|p1|Basculegion, L50, M, shiny|\n|poke|p1|Kingambit, L50, F, shiny|\n|poke|p1|Whimsicott, L50, M, shiny|\n|poke|p1|Charizard, L50, F, shiny|\n|poke|p2|Sneasler, L50, F|\n|poke|p2|Sinistcha, L50|\n|poke|p2|Incineroar, L50, F, shiny|\n|poke|p2|Kingambit, L50, M, shiny|\n|poke|p2|Delphox, L50, M, shiny|\n|poke|p2|Blastoise, L50, M|\n|teampreview|4\n|inactive|Battle timer is ON: inactive players will automatically lose when time's up. (requested by homerj71)\nhomerj71 has agreed to open team sheets.\n|inactive|Energenius has 60 seconds left.\n|inactive|homerj71 has 60 seconds left.\n|inactive|Energenius has 30 seconds left.\n|\n|t:|1788284526\n|teamsize|p1|4\n|teamsize|p2|4\n|start\n|switch|p1a: Charizard|Charizard, L50, F, shiny|100/100\n|switch|p1b: Garchomp|Garchomp, L50, F, shiny|100/100\n|switch|p2a: Delphox|Delphox, L50, M, shiny|100/100\n|switch|p2b: Incineroar|Incineroar, L50, F, shiny|100/100\n|-ability|p2b: Incineroar|Intimidate|boost\n|-unboost|p1a: Charizard|atk|1\n|-unboost|p1b: Garchomp|atk|1\n|turn|1\n|inactive|Energenius has 30 seconds left.\n|inactive|Energenius has 20 seconds left.\n|inactive|Energenius has 15 seconds left.\n|inactive|Energenius has 10 seconds left.\n|inactive|Energenius has 5 seconds left.\n|\n|t:|1788284576\n|switch|p1a: Whimsicott|Whimsicott, L50, M, shiny|100/100\n|detailschange|p2a: Delphox|Delphox-Mega, L50, M, shiny\n|-mega|p2a: Delphox|Delphox|Delphoxite\n|move|p2b: Incineroar|Fake Out|p1b: Garchomp\n|-damage|p1b: Garchomp|90/100\n|-damage|p2b: Incineroar|87/100|[from] ability: Rough Skin|[of] p1b: Garchomp\n|move|p2a: Delphox|Nasty Plot|p2a: Delphox\n|-boost|p2a: Delphox|spa|2\n|cant|p1b: Garchomp|flinch\n|\n|upkeep\n|turn|2\n|inactive|Energenius has 30 seconds left.\n|inactive|homerj71 has 30 seconds left.\n|inactive|Energenius has 20 seconds left.\n|inactive|Energenius has 15 seconds left.\n|inactive|homerj71 has 20 seconds left.\n|inactive|Energenius has 10 seconds left.\n|inactive|homerj71 has 15 seconds left.\n|inactive|homerj71 has 10 seconds left.\n|\n|t:|1788284627\n|move|p2a: Delphox|Psychic|p1b: Garchomp\n|-damage|p1b: Garchomp|0 fnt\n|faint|p1b: Garchomp\n|move|p1a: Whimsicott|Moonblast|p2b: Incineroar\n|-damage|p2b: Incineroar|60/100\n|-unboost|p2b: Incineroar|spa|1\n|move|p2b: Incineroar|Flare Blitz|p1a: Whimsicott\n|-supereffective|p1a: Whimsicott|1\n|-enditem|p1a: Whimsicott|Focus Sash\n|-damage|p1a: Whimsicott|1/100\n|-damage|p2b: Incineroar|38/100|[from] Recoil\n|-enditem|p2b: Incineroar|Sitrus Berry|[eat]\n|-heal|p2b: Incineroar|63/100|[from] item: Sitrus Berry\n|\n|upkeep\n|\n|t:|1788284643\n|switch|p1b: Basculegion|Basculegion, L50, M, shiny|100/100\n|turn|3\n|\n|t:|1788284654\n|switch|p2a: Kingambit|Kingambit, L50, M, shiny|100/100\n|move|p1a: Whimsicott|Tailwind|p1a: Whimsicott\n|-sidestart|p1: Energenius|move: Tailwind\n|move|p1b: Basculegion|Last Respects|p2b: Incineroar\n|-resisted|p2b: Incineroar|1\n|-damage|p2b: Incineroar|29/100\n|-damage|p1b: Basculegion|90/100|[from] item: Life Orb\n|move|p2b: Incineroar|Parting Shot|p1b: Basculegion\n|-unboost|p1b: Basculegion|atk|1\n|-unboost|p1b: Basculegion|spa|1\n|\n|t:|1788284665\n|switch|p2b: Sinistcha|Sinistcha, L50|100/100|[from] Parting Shot\n|\n|upkeep\n|turn|4\n|inactive|Energenius has 30 seconds left.\n|inactive|Energenius has 20 seconds left.\n|inactive|Energenius has 15 seconds left.\n|inactive|Energenius has 10 seconds left.\n|\n|t:|1788284714\n|switch|p1b: Charizard|Charizard, L50, F, shiny|100/100\n|switch|p2b: Incineroar|Incineroar, L50, F, shiny|29/100\n|-ability|p2b: Incineroar|Intimidate|boost\n|-unboost|p1a: Whimsicott|atk|1\n|-unboost|p1b: Charizard|atk|1\n|move|p1a: Whimsicott|Moonblast|p2b: Incineroar\n|-damage|p2b: Incineroar|0 fnt\n|faint|p2b: Incineroar\n|move|p2a: Kingambit|Kowtow Cleave|p1b: Charizard\n|-damage|p1b: Charizard|44/100\n|-damage|p2a: Kingambit|90/100|[from] item: Life Orb\n|\n|upkeep\n|\n|t:|1788284728\n|switch|p2b: Delphox|Delphox-Mega, L50, M, shiny|100/100\n|turn|5\n|\n|t:|1788284744\n|move|p1a: Whimsicott|Protect|p1a: Whimsicott\n|-singleturn|p1a: Whimsicott|Protect\n|move|p1b: Charizard|Protect|p1b: Charizard\n|-singleturn|p1b: Charizard|Protect\n|move|p2a: Kingambit|Protect|p2a: Kingambit\n|-singleturn|p2a: Kingambit|Protect\n|move|p2b: Delphox|Psychic|p1b: Charizard\n|-activate|p1b: Charizard|move: Protect\n|\n|upkeep\n|turn|6\n|inactive|Energenius has 30 seconds left.\n|inactive|Energenius has 20 seconds left.\n|inactive|Energenius has 15 seconds left.\n|inactive|Energenius has 10 seconds left.\n|\n|t:|1788284791\n|switch|p1a: Basculegion|Basculegion, L50, M, shiny|90/100\n|switch|p2a: Sinistcha|Sinistcha, L50|100/100\n|detailschange|p1b: Charizard|Charizard-Mega-Y, L50, F, shiny\n|-mega|p1b: Charizard|Charizard|Charizardite Y\n|-weather|SunnyDay|[from] ability: Drought|[of] p1b: Charizard\n|move|p1b: Charizard|Heat Wave|p2b: Delphox|[spread] p2a,p2b\n|-supereffective|p2a: Sinistcha|1\n|-resisted|p2b: Delphox|1\n|-crit|p2b: Delphox\n|-damage|p2a: Sinistcha|0 fnt\n|-damage|p2b: Delphox|55/100\n|faint|p2a: Sinistcha\n|move|p2b: Delphox|Heat Wave|p1b: Charizard|[spread] p1b\n|-miss|p2b: Delphox|p1a: Basculegion\n|-resisted|p1b: Charizard|1\n|-damage|p1b: Charizard|15/100\n|\n|-weather|SunnyDay|[upkeep]\n|-sideend|p1: Energenius|move: Tailwind\n|upkeep\n|\n|t:|1788284805\n|switch|p2a: Kingambit|Kingambit, L50, M, shiny|90/100\n|turn|7\n|inactive|Energenius has 30 seconds left.\n|inactive|Energenius has 20 seconds left.\n|inactive|Energenius has 15 seconds left.\n|inactive|Energenius has 10 seconds left.\n|\n|t:|1788284851\n|switch|p1a: Whimsicott|Whimsicott, L50, M, shiny|1/100\n|move|p1b: Charizard|Protect|p1b: Charizard\n|-singleturn|p1b: Charizard|Protect\n|move|p2b: Delphox|Psychic|p1b: Charizard\n|-activate|p1b: Charizard|move: Protect\n|move|p2a: Kingambit|Kowtow Cleave|p1a: Whimsicott\n|-resisted|p1a: Whimsicott|1\n|-damage|p1a: Whimsicott|0 fnt\n|faint|p1a: Whimsicott\n|-damage|p2a: Kingambit|80/100|[from] item: Life Orb\n|\n|-weather|SunnyDay|[upkeep]\n|upkeep\n|\n|t:|1788284865\n|switch|p1a: Basculegion|Basculegion, L50, M, shiny|90/100\n|turn|8\n|inactive|Energenius has 30 seconds left.\n|\n|t:|1788284897\n|move|p1b: Charizard|Protect|p1b: Charizard\n|-singleturn|p1b: Charizard|Protect\n|move|p1a: Basculegion|Aqua Jet|p2b: Delphox\n|-supereffective|p2b: Delphox|1\n|-damage|p2b: Delphox|7/100\n|-damage|p1a: Basculegion|80/100|[from] item: Life Orb\n|move|p2b: Delphox|Psychic|p1b: Charizard\n|-activate|p1b: Charizard|move: Protect\n|move|p2a: Kingambit|Kowtow Cleave|p1a: Basculegion\n|-supereffective|p1a: Basculegion|1\n|-damage|p1a: Basculegion|0 fnt\n|faint|p1a: Basculegion\n|-damage|p2a: Kingambit|71/100|[from] item: Life Orb\n|\n|-weather|SunnyDay|[upkeep]\n|upkeep\n|turn|9\n|\n|t:|1788284911\n|move|p2a: Kingambit|Sucker Punch|p1b: Charizard\n|-damage|p1b: Charizard|0 fnt\n|faint|p1b: Charizard\n|-damage|p2a: Kingambit|61/100|[from] item: Life Orb\n|\n|win|homerj71\n||homerj71 is ready for game 2.\n||Energenius is ready for game 2.\n|uhtml|next|Next: <a href=\"/battle-gen9championsvgc2026regmb-2673984966\"><strong>Game 2 of 3</strong></a>\n|l|☆homerj71\n|player|p2|\n|j|☆homerj71\n|player|p2|homerj71|265|\n","uploadtime":1788284911,"views":"14","formatid":"gen9championsvgc2026regmb","rating":null,"private":0,"password":null}