{"id":"gen9championsvgc2026regmbbo3-2674925747","format":"[Gen 9 Champions] VGC 2026 Reg M-B (Bo3)","players":["PolpettaVGC","greenlightdmp"],"log":"|j|☆PolpettaVGC\n|j|☆greenlightdmp\n|html|<table width=\"100%\"><tr><td align=\"left\">PolpettaVGC</td><td align=\"right\">greenlightdmp</tr><tr><td align=\"left\"><i class=\"fa fa-circle-o\"></i> <i class=\"fa fa-circle-o\"></i> </td><td align=\"right\"><i class=\"fa fa-circle-o\"></i> <i class=\"fa fa-circle-o\"></i> </tr></table>\n|uhtml|bestof|<h2><strong>Game 1</strong> of <a href=\"/game-bestof3-gen9championsvgc2026regmbbo3-2674925744\">a best-of-3</a></h2>\n|t:|1788437039\n|gametype|doubles\n|player|p1|PolpettaVGC|pokekid|1192\n|player|p2|greenlightdmp|101|1174\n|gen|9\n|tier|[Gen 9 Champions] VGC 2026 Reg M-B (Bo3)\n|rated|\n|rule|Species Clause: Limit one of each Pokémon\n|rule|Item Clause: Limit 1 of each item\n|clearpoke\n|poke|p1|Incineroar, L50, M|\n|poke|p1|Samurott-Hisui, L50, M|\n|poke|p1|Sinistcha, L50|\n|poke|p1|Sneasler, L50, F|\n|poke|p1|Floette-Eternal, L50, F|\n|poke|p1|Delphox, L50, M|\n|poke|p2|Floette-Eternal, L50, F|\n|poke|p2|Grimmsnarl, L50, M|\n|poke|p2|Archaludon, L50, M|\n|poke|p2|Politoed, L50, F|\n|poke|p2|Swampert, L50, F|\n|poke|p2|Vivillon, L50, F|\n|teampreview|4\n|showteam|p1|Incineroar||SitrusBerry|Intimidate|FakeOut,FlareBlitz,DarkestLariat,PartingShot|Careful||M|||50|]Samurott-Hisui||ChoiceScarf|Sharpness|RazorShell,NightSlash,SacredSword,FlipTurn|Jolly||M|||50|]Sinistcha||OccaBerry|Hospitality|MatchaGotcha,LifeDew,RagePowder,Protect|Relaxed|||||50|]Sneasler||FocusSash|PoisonTouch|FakeOut,CloseCombat,PoisonJab,RockSlide|Jolly||F|||50|]Floette-Eternal||Floettite|FlowerVeil|Moonblast,DazzlingGleam,CalmMind,Protect|Modest||F|||50|]Delphox||Delphoxite|Blaze|Psychic,HeatWave,NastyPlot,Protect|Timid||M|||50|\n|showteam|p2|Floette-Eternal||Floettite|FlowerVeil|Protect,Moonblast,LightofRuin,DazzlingGleam|Modest||F|||50|]Grimmsnarl||LightClay|Prankster|Reflect,SpiritBreak,PartingShot,LightScreen|Sassy||M|||50|]Archaludon||Leftovers|Stamina|Protect,ElectroShot,DragonPulse,FlashCannon|Calm||M|||50|]Politoed||SitrusBerry|Drizzle|Protect,PerishSong,WeatherBall,HelpingHand|Sassy||F|||50|]Swampert||Swampertite|Torrent|Protect,IcePunch,Earthquake,WaveCrash|Adamant||F|||50|]Vivillon||FocusSash|CompoundEyes|Protect,Hurricane,RagePowder,SleepPowder|Timid||F|||50|\n|inactive|Battle timer is ON: inactive players will automatically lose when time's up. (requested by PolpettaVGC)\n|inactive|PolpettaVGC has 60 seconds left.\n|inactive|greenlightdmp has 60 seconds left.\n|\n|t:|1788437081\n|teamsize|p1|4\n|teamsize|p2|4\n|start\n|switch|p1a: Sneasler|Sneasler, L50, F|100/100\n|switch|p1b: Floette|Floette-Eternal, L50, F|100/100\n|switch|p2a: Vivillon|Vivillon, L50, F|100/100\n|switch|p2b: Swampert|Swampert, L50, F|100/100\n|turn|1\n|inactive|PolpettaVGC has 30 seconds left.\n|inactive|PolpettaVGC has 20 seconds left.\n|\n|t:|1788437116\n|switch|p1a: Incineroar|Incineroar, L50, M|100/100\n|-ability|p1a: Incineroar|Intimidate|boost\n|-unboost|p2a: Vivillon|atk|1\n|-unboost|p2b: Swampert|atk|1\n|detailschange|p1b: Floette|Floette-Mega, L50, F\n|-mega|p1b: Floette|Floette|Floettite\n|-ability|p1b: Floette|Fairy Aura\n|detailschange|p2b: Swampert|Swampert-Mega, L50, F\n|-mega|p2b: Swampert|Swampert|Swampertite\n|move|p1b: Floette|Protect|p1b: Floette\n|-singleturn|p1b: Floette|Protect\n|move|p2a: Vivillon|Sleep Powder|p1b: Floette\n|-activate|p1b: Floette|move: Protect\n|move|p2b: Swampert|Wave Crash|p1b: Floette\n|-activate|p1b: Floette|move: Protect\n|\n|upkeep\n|turn|2\n|\n|t:|1788437139\n|switch|p2a: Politoed|Politoed, L50, F|100/100\n|-weather|RainDance|[from] ability: Drizzle|[of] p2a: Politoed\n|move|p1a: Incineroar|Fake Out|p2a: Politoed\n|-damage|p2a: Politoed|90/100\n|move|p2b: Swampert|Wave Crash|p1b: Floette\n|-damage|p1b: Floette|19/100\n|-damage|p2b: Swampert|74/100|[from] Recoil\n|move|p1b: Floette|Calm Mind|p1b: Floette\n|-boost|p1b: Floette|spa|1\n|-boost|p1b: Floette|spd|1\n|\n|-weather|RainDance|[upkeep]\n|upkeep\n|turn|3\n|\n|t:|1788437162\n|switch|p2a: Vivillon|Vivillon, L50, F|100/100\n|move|p1b: Floette|Protect|p1b: Floette\n|-singleturn|p1b: Floette|Protect\n|move|p2b: Swampert|Earthquake|p1a: Incineroar|[spread] p1a\n|-activate|p1b: Floette|move: Protect\n|-immune|p2a: Vivillon\n|-supereffective|p1a: Incineroar|1\n|-damage|p1a: Incineroar|43/100\n|-enditem|p1a: Incineroar|Sitrus Berry|[eat]\n|-heal|p1a: Incineroar|68/100|[from] item: Sitrus Berry\n|move|p1a: Incineroar|Parting Shot|p2b: Swampert\n|-unboost|p2b: Swampert|atk|1\n|-unboost|p2b: Swampert|spa|1\n|\n|t:|1788437179\n|switch|p1a: Sinistcha|Sinistcha, L50|100/100|[from] Parting Shot\n|-heal|p1b: Floette|44/100|[from] ability: Hospitality|[of] p1a: Sinistcha\n|\n|-weather|RainDance|[upkeep]\n|upkeep\n|turn|4\n|\n|t:|1788437190\n|move|p1a: Sinistcha|Rage Powder|p1a: Sinistcha\n|-singleturn|p1a: Sinistcha|move: Rage Powder\n|move|p2b: Swampert|Earthquake|p1a: Sinistcha|[spread] p1a,p1b\n|-immune|p2a: Vivillon\n|-resisted|p1a: Sinistcha|1\n|-damage|p1a: Sinistcha|89/100\n|-damage|p1b: Floette|18/100\n|move|p2a: Vivillon|Hurricane|p1a: Sinistcha\n|-supereffective|p1a: Sinistcha|1\n|-damage|p1a: Sinistcha|7/100\n|move|p1b: Floette|Dazzling Gleam|p2a: Vivillon|[spread] p2a,p2b\n|-enditem|p2a: Vivillon|Focus Sash\n|-damage|p2a: Vivillon|1/100\n|-damage|p2b: Swampert|14/100\n|\n|-weather|RainDance|[upkeep]\n|upkeep\n|turn|5\n|inactive|greenlightdmp has 30 seconds left.\n|\n|t:|1788437222\n|switch|p1a: Incineroar|Incineroar, L50, M|68/100\n|-ability|p1a: Incineroar|Intimidate|boost\n|-unboost|p2a: Vivillon|atk|1\n|-unboost|p2b: Swampert|atk|1\n|move|p1b: Floette|Protect|p1b: Floette\n|-singleturn|p1b: Floette|Protect\n|move|p2b: Swampert|Earthquake|p1a: Incineroar|[spread] p1a\n|-activate|p1b: Floette|move: Protect\n|-immune|p2a: Vivillon\n|-supereffective|p1a: Incineroar|1\n|-damage|p1a: Incineroar|32/100\n|move|p2a: Vivillon|Sleep Powder|p1a: Incineroar\n|-status|p1a: Incineroar|slp|[from] move: Sleep Powder\n|\n|-weather|RainDance|[upkeep]\n|upkeep\n|turn|6\n|inactive|PolpettaVGC has 30 seconds left.\n|inactive|greenlightdmp has 30 seconds left.\n|\n|t:|1788437250\n|switch|p1a: Sinistcha|Sinistcha, L50|7/100\n|-heal|p1b: Floette|43/100|[from] ability: Hospitality|[of] p1a: Sinistcha\n|move|p2b: Swampert|Wave Crash|p1b: Floette\n|-damage|p1b: Floette|0 fnt\n|faint|p1b: Floette\n|-damage|p2b: Swampert|1/100|[from] Recoil\n|move|p2a: Vivillon|Hurricane|p1a: Sinistcha\n|-supereffective|p1a: Sinistcha|1\n|-damage|p1a: Sinistcha|0 fnt\n|faint|p1a: Sinistcha\n|\n|-weather|none\n|upkeep\n|\n|t:|1788437266\n|switch|p1b: Sneasler|Sneasler, L50, F|100/100\n|switch|p1a: Incineroar|Incineroar, L50, M|32/100 slp\n|-ability|p1a: Incineroar|Intimidate|boost\n|-unboost|p2a: Vivillon|atk|1\n|-unboost|p2b: Swampert|atk|1\n|turn|7\n|inactive|PolpettaVGC has 30 seconds left.\n|\n|t:|1788437298\n|move|p1b: Sneasler|Rock Slide|p2a: Vivillon|[spread] p2a,p2b\n|-supereffective|p2a: Vivillon|2\n|-resisted|p2b: Swampert|1\n|-damage|p2a: Vivillon|0 fnt\n|-damage|p2b: Swampert|0 fnt\n|faint|p2a: Vivillon\n|faint|p2b: Swampert\n|cant|p1a: Incineroar|slp\n|\n|upkeep\n|\n|t:|1788437301\n|switch|p2a: Archaludon|Archaludon, L50, M|100/100\n|switch|p2b: Politoed|Politoed, L50, F|90/100\n|-weather|RainDance|[from] ability: Drizzle|[of] p2b: Politoed\n|turn|8\n|inactive|PolpettaVGC has 30 seconds left.\n|\n|t:|1788437331\n|move|p1b: Sneasler|Close Combat|p2a: Archaludon\n|-supereffective|p2a: Archaludon|1\n|-damage|p2a: Archaludon|16/100\n|-unboost|p1b: Sneasler|def|1\n|-unboost|p1b: Sneasler|spd|1\n|-ability|p2a: Archaludon|Stamina|boost\n|-boost|p2a: Archaludon|def|1\n|move|p2a: Archaludon|Electro Shot||[still]\n|-prepare|p2a: Archaludon|Electro Shot\n|-boost|p2a: Archaludon|spa|1\n|-anim|p2a: Archaludon|Electro Shot|p1b: Sneasler\n|-enditem|p1b: Sneasler|Focus Sash\n|-damage|p1b: Sneasler|1/100\n|move|p2b: Politoed|Weather Ball|p1b: Sneasler\n|-damage|p1b: Sneasler|0 fnt\n|faint|p1b: Sneasler\n|cant|p1a: Incineroar|slp\n|\n|-weather|RainDance|[upkeep]\n|-heal|p2a: Archaludon|22/100|[from] item: Leftovers\n|upkeep\n|turn|9\n|-message|PolpettaVGC forfeited.\n|\n|win|greenlightdmp\n||greenlightdmp is ready for game 2.\n|l|☆PolpettaVGC\n|player|p1|\n|inactive|PolpettaVGC has 30 seconds to confirm battle start!\n|j|☆PolpettaVGC\n|player|p1|PolpettaVGC|pokekid|\n||PolpettaVGC is ready for game 2.\n|uhtml|next|Next: <a href=\"/battle-gen9championsvgc2026regmbbo3-2674927703\"><strong>Game 2 of 3</strong></a>\n|l|☆PolpettaVGC\n|player|p1|\n","uploadtime":1788437643,"views":"10","formatid":"gen9championsvgc2026regmbbo3","rating":null,"private":0,"password":null}