{"id":"gen9championsvgc2026regmbbo3-2673559350","format":"[Gen 9 Champions] VGC 2026 Reg M-B (Bo3)","players":["MaxwellBaker","Sleepy_general"],"log":"|j|☆MaxwellBaker\n|j|☆Sleepy_general\n|html|<table width=\"100%\"><tr><td align=\"left\">MaxwellBaker</td><td align=\"right\">Sleepy_general</tr><tr><td align=\"left\"><i class=\"fa fa-circle-o\"></i> <i class=\"fa fa-circle-o\"></i> </td><td align=\"right\"><i class=\"fa fa-circle-o\"></i> <i class=\"fa fa-circle-o\"></i> </tr></table>\n|uhtml|bestof|<h2><strong>Game 1</strong> of <a href=\"/game-bestof3-gen9championsvgc2026regmbbo3-2673559349\">a best-of-3</a></h2>\n|t:|1788213111\n|gametype|doubles\n|player|p1|MaxwellBaker|102|1137\n|player|p2|Sleepy_general|silver|1092\n|gen|9\n|tier|[Gen 9 Champions] VGC 2026 Reg M-B (Bo3)\n|rated|\n|rule|Species Clause: Limit one of each Pokémon\n|rule|Item Clause: Limit 1 of each item\n|clearpoke\n|poke|p1|Raichu, L50, F|\n|poke|p1|Staraptor, L50, F|\n|poke|p1|Farigiraf, L50, F|\n|poke|p1|Kingambit, L50, F|\n|poke|p1|Sylveon, L50, F, shiny|\n|poke|p1|Arcanine-Hisui, L50, F|\n|poke|p2|Gengar, L50, F, shiny|\n|poke|p2|Kommo-o, L50, M|\n|poke|p2|Politoed, L50, F, shiny|\n|poke|p2|Sinistcha, L50|\n|poke|p2|Garchomp, L50, M, shiny|\n|poke|p2|Raichu, L50, M|\n|teampreview|4\n|showteam|p1|Raichu||RaichuniteY|LightningRod|ZapCannon,FocusBlast,FakeOut,Protect|Timid||F|||50|]Staraptor||Staraptite|Intimidate|CloseCombat,BraveBird,Tailwind,Protect|Jolly||F|||50|]Farigiraf||SitrusBerry|ArmorTail|HelpingHand,Psychic,TrickRoom,Protect|Calm||F|||50|]Kingambit||LifeOrb|Defiant|KowtowCleave,SuckerPunch,SwordsDance,Protect|Adamant||F|||50|]Sylveon||FairyFeather|Pixilate|HyperVoice,HyperBeam,QuickAttack,Detect|Modest||F|||50|]Arcanine-Hisui||FocusSash|RockHead|FlareBlitz,HeadSmash,ExtremeSpeed,Protect|Jolly||F|||50|\n|showteam|p2|Gengar||Gengarite|CursedBody|PerishSong,SludgeBomb,Protect,ShadowBall|Timid||F|||50|]Kommo-o||RoseliBerry|Soundproof|IronDefense,BodyPress,Protect,DragonClaw|Impish||M|||50|]Politoed||WacanBerry|Drizzle|HelpingHand,PerishSong,Protect,WeatherBall|Sassy||F|||50|]Sinistcha||SitrusBerry|Hospitality|MatchaGotcha,LifeDew,RagePowder,TrickRoom|Bold|||||50|]Garchomp||LifeOrb|RoughSkin|SwordsDance,Earthquake,DragonClaw,Protect|Jolly||M|||50|]Raichu||RaichuniteY|Static|FakeOut,ZapCannon,FocusBlast,Protect|Timid||M|||50|\n|inactive|Battle timer is ON: inactive players will automatically lose when time's up. (requested by Sleepy_general)\n|\n|t:|1788213177\n|teamsize|p1|4\n|teamsize|p2|4\n|start\n|switch|p1a: Raichu|Raichu, L50, F|100/100\n|switch|p1b: Sylveon|Sylveon, L50, F, shiny|100/100\n|switch|p2a: Sinistcha|Sinistcha, L50|100/100\n|switch|p2b: Garchomp|Garchomp, L50, M, shiny|100/100\n|turn|1\n|inactive|MaxwellBaker has 30 seconds left.\n|\n|t:|1788213209\n|switch|p1a: Kingambit|Kingambit, L50, F|100/100\n|move|p2b: Garchomp|Protect|p2b: Garchomp\n|-singleturn|p2b: Garchomp|Protect\n|move|p1b: Sylveon|Hyper Voice|p2a: Sinistcha|[spread] p2a\n|-activate|p2b: Garchomp|move: Protect\n|-crit|p2a: Sinistcha\n|-damage|p2a: Sinistcha|0 fnt\n|faint|p2a: Sinistcha\n|\n|upkeep\n|\n|t:|1788213223\n|switch|p2a: Raichu|Raichu, L50, M|100/100\n|turn|2\n|\n|t:|1788213237\n|switch|p1a: Farigiraf|Farigiraf, L50, F|100/100\n|detailschange|p2a: Raichu|Raichu-Mega-Y, L50, M\n|-mega|p2a: Raichu|Raichu|Raichunite Y\n|move|p2a: Raichu|Zap Cannon|p1b: Sylveon\n|-damage|p1b: Sylveon|32/100\n|-status|p1b: Sylveon|par\n|move|p2b: Garchomp|Swords Dance|p2b: Garchomp\n|-boost|p2b: Garchomp|atk|2\n|move|p1b: Sylveon|Hyper Voice|p2b: Garchomp|[spread] p2a,p2b\n|-supereffective|p2b: Garchomp|1\n|-damage|p2a: Raichu|19/100\n|-damage|p2b: Garchomp|0 fnt\n|faint|p2b: Garchomp\n|\n|upkeep\n|\n|t:|1788213254\n|switch|p2b: Kommo-o|Kommo-o, L50, M|100/100\n|turn|3\n|\n|t:|1788213275\n|move|p1a: Farigiraf|Helping Hand|p1b: Sylveon\n|-singleturn|p1b: Sylveon|Helping Hand|[of] p1a: Farigiraf\n|move|p1b: Sylveon|Quick Attack|p2b: Kommo-o\n|-supereffective|p2b: Kommo-o|2\n|-enditem|p2b: Kommo-o|Roseli Berry|[eat]\n|-enditem|p2b: Kommo-o|Roseli Berry|[weaken]\n|-damage|p2b: Kommo-o|68/100\n|move|p2a: Raichu|Zap Cannon|p1a: Farigiraf\n|-damage|p1a: Farigiraf|37/100\n|-status|p1a: Farigiraf|par\n|-enditem|p1a: Farigiraf|Sitrus Berry|[eat]\n|-heal|p1a: Farigiraf|62/100 par|[from] item: Sitrus Berry\n|move|p2b: Kommo-o|Body Press|p1b: Sylveon\n|-resisted|p1b: Sylveon|1\n|-damage|p1b: Sylveon|2/100 par\n|\n|upkeep\n|turn|4\n|\n|t:|1788213297\n|move|p1a: Farigiraf|Helping Hand|p1b: Sylveon\n|-singleturn|p1b: Sylveon|Helping Hand|[of] p1a: Farigiraf\n|move|p1b: Sylveon|Quick Attack|p2b: Kommo-o\n|-supereffective|p2b: Kommo-o|2\n|-damage|p2b: Kommo-o|12/100\n|move|p2a: Raichu|Zap Cannon|p1b: Sylveon\n|-damage|p1b: Sylveon|0 fnt\n|faint|p1b: Sylveon\n|move|p2b: Kommo-o|Iron Defense|p2b: Kommo-o\n|-boost|p2b: Kommo-o|def|2\n|\n|upkeep\n|\n|t:|1788213314\n|switch|p1b: Raichu|Raichu, L50, F|100/100\n|turn|5\n|\n|t:|1788213333\n|detailschange|p1b: Raichu|Raichu-Mega-Y, L50, F\n|-mega|p1b: Raichu|Raichu|Raichunite Y\n|move|p2a: Raichu|Protect|p2a: Raichu\n|-singleturn|p2a: Raichu|Protect\n|move|p1b: Raichu|Fake Out|p2a: Raichu\n|-activate|p2a: Raichu|move: Protect\n|move|p2b: Kommo-o|Body Press|p1b: Raichu\n|-damage|p1b: Raichu|0 fnt\n|faint|p1b: Raichu\n|move|p1a: Farigiraf|Trick Room|p1a: Farigiraf\n|-fieldstart|move: Trick Room|[of] p1a: Farigiraf\n|\n|upkeep\n|\n|t:|1788213338\n|switch|p1b: Kingambit|Kingambit, L50, F|100/100\n|turn|6\n|\n|t:|1788213351\n|move|p1a: Farigiraf|Psychic|p2b: Kommo-o\n|-supereffective|p2b: Kommo-o|1\n|-crit|p2b: Kommo-o\n|-damage|p2b: Kommo-o|0 fnt\n|faint|p2b: Kommo-o\n|move|p1b: Kingambit|Kowtow Cleave|p2a: Raichu\n|-damage|p2a: Raichu|0 fnt\n|faint|p2a: Raichu\n|-damage|p1b: Kingambit|90/100|[from] item: Life Orb\n|\n|win|MaxwellBaker\n","uploadtime":1788213351,"views":"0","formatid":"gen9championsvgc2026regmbbo3","rating":null,"private":0,"password":null}