{"id":"gen9championsvgc2026regmbbo3-2674891905","format":"[Gen 9 Champions] VGC 2026 Reg M-B (Bo3)","players":["bl4ckdri","simioini"],"log":"|j|☆bl4ckdri\n|j|☆simioini\n|html|<table width=\"100%\"><tr><td align=\"left\">bl4ckdri</td><td align=\"right\">simioini</tr><tr><td align=\"left\"><i class=\"fa fa-circle-o\"></i> <i class=\"fa fa-circle-o\"></i> </td><td align=\"right\"><i class=\"fa fa-circle-o\"></i> <i class=\"fa fa-circle-o\"></i> </tr></table>\n|uhtml|bestof|<h2><strong>Game 1</strong> of <a href=\"/game-bestof3-gen9championsvgc2026regmbbo3-2674891904\">a best-of-3</a></h2>\n|t:|1788430487\n|gametype|doubles\n|player|p1|bl4ckdri|2|1353\n|player|p2|simioini|169|1254\n|gen|9\n|tier|[Gen 9 Champions] VGC 2026 Reg M-B (Bo3)\n|rated|\n|rule|Species Clause: Limit one of each Pokémon\n|rule|Item Clause: Limit 1 of each item\n|clearpoke\n|poke|p1|Charizard, L50, M|\n|poke|p1|Garchomp, L50, F|\n|poke|p1|Toxapex, L50, F|\n|poke|p1|Venusaur, L50, F|\n|poke|p1|Sylveon, L50, M|\n|poke|p1|Incineroar, L50, M|\n|poke|p2|Charizard, L50, M|\n|poke|p2|Whimsicott, L50, M|\n|poke|p2|Garchomp, L50, M|\n|poke|p2|Floette-Eternal, L50, F|\n|poke|p2|Kingambit, L50, F|\n|poke|p2|Basculegion, L50, M|\n|teampreview|4\n|showteam|p1|Charizard||CharizarditeY|Blaze|WeatherBall,SolarBeam,HeatWave,Protect|Modest||M|||50|]Garchomp||ChoiceScarf|RoughSkin|DragonClaw,Earthquake,RockSlide,StompingTantrum|Adamant||F|||50|]Toxapex||Leftovers|Regenerator|BanefulBunker,Toxic,Infestation,WideGuard|Bold||F|||50|]Venusaur||FocusSash|Chlorophyll|SleepPowder,Protect,SludgeBomb,EarthPower|Timid||F|||50|]Sylveon||FairyFeather|Pixilate|HyperBeam,HyperVoice,QuickAttack,Protect|Modest||M|||50|]Incineroar||SitrusBerry|Intimidate|FakeOut,Protect,PartingShot,FlareBlitz|Careful||M|||50|\n|showteam|p2|Charizard||CharizarditeY|Blaze|HeatWave,WeatherBall,AncientPower,Protect|Timid||M|||50|]Whimsicott||FocusSash|Prankster|Moonblast,Tailwind,Encore,Protect|Timid||M|||50|]Garchomp||SitrusBerry|RoughSkin|Earthquake,DragonClaw,RockSlide,Protect|Jolly||M|||50|]Floette-Eternal||Floettite|FlowerVeil|DazzlingGleam,Moonblast,LightofRuin,Protect|Modest||F|||50|]Kingambit||OccaBerry|Defiant|KowtowCleave,IronHead,SuckerPunch,LowKick|Adamant||F|||50|]Basculegion||LifeOrb|Adaptability|WaveCrash,LastRespects,AquaJet,Protect|Adamant||M|||50|\n|\n|t:|1788430521\n|teamsize|p1|4\n|teamsize|p2|4\n|start\n|switch|p1a: Charizard|Charizard, L50, M|100/100\n|switch|p1b: Venusaur|Venusaur, L50, F|100/100\n|switch|p2a: Charizard|Charizard, L50, M|100/100\n|switch|p2b: Whimsicott|Whimsicott, L50, M|100/100\n|turn|1\n|\n|t:|1788430535\n|detailschange|p2a: Charizard|Charizard-Mega-Y, L50, M\n|-mega|p2a: Charizard|Charizard|Charizardite Y\n|-weather|SunnyDay|[from] ability: Drought|[of] p2a: Charizard\n|detailschange|p1a: Charizard|Charizard-Mega-Y, L50, M\n|-mega|p1a: Charizard|Charizard|Charizardite Y\n|move|p2b: Whimsicott|Tailwind|p2b: Whimsicott\n|-sidestart|p2: simioini|move: Tailwind\n|move|p2a: Charizard|Heat Wave|p1b: Venusaur|[spread] p1a\n|-miss|p2a: Charizard|p1b: Venusaur\n|-resisted|p1a: Charizard|1\n|-damage|p1a: Charizard|74/100\n|move|p1b: Venusaur|Sleep Powder|p2a: Charizard\n|-status|p2a: Charizard|slp|[from] move: Sleep Powder\n|move|p1a: Charizard|Heat Wave|p2b: Whimsicott|[spread] p2a,p2b\n|-resisted|p2a: Charizard|1\n|-supereffective|p2b: Whimsicott|1\n|-damage|p2a: Charizard|70/100 slp\n|-enditem|p2b: Whimsicott|Focus Sash\n|-damage|p2b: Whimsicott|1/100\n|\n|-weather|SunnyDay|[upkeep]\n|upkeep\n|turn|2\n|\n|t:|1788430562\n|switch|p1b: Toxapex|Toxapex, L50, F|100/100\n|move|p2b: Whimsicott|Protect|p2b: Whimsicott\n|-singleturn|p2b: Whimsicott|Protect\n|cant|p2a: Charizard|slp\n|move|p1a: Charizard|Heat Wave|p2b: Whimsicott|[spread] p2a\n|-activate|p2b: Whimsicott|move: Protect\n|-resisted|p2a: Charizard|1\n|-crit|p2a: Charizard\n|-damage|p2a: Charizard|24/100 slp\n|\n|-weather|SunnyDay|[upkeep]\n|upkeep\n|turn|3\n|\n|t:|1788430588\n|move|p1a: Charizard|Protect|p1a: Charizard\n|-singleturn|p1a: Charizard|Protect\n|move|p2b: Whimsicott|Moonblast|p1b: Toxapex\n|-resisted|p1b: Toxapex|1\n|-damage|p1b: Toxapex|87/100\n|cant|p2a: Charizard|slp\n|move|p1b: Toxapex|Infestation|p2a: Charizard\n|-resisted|p2a: Charizard|2\n|-damage|p2a: Charizard|23/100 slp\n|-activate|p2a: Charizard|move: Infestation|[of] p1b: Toxapex\n|\n|-weather|SunnyDay|[upkeep]\n|-heal|p1b: Toxapex|93/100|[from] item: Leftovers\n|-damage|p2a: Charizard|11/100 slp|[from] move: Infestation|[partiallytrapped]\n|upkeep\n|turn|4\n|\n|t:|1788430604\n|switch|p1a: Garchomp|Garchomp, L50, F|100/100\n|move|p2b: Whimsicott|Moonblast|p1a: Garchomp\n|-supereffective|p1a: Garchomp|1\n|-damage|p1a: Garchomp|31/100\n|-curestatus|p2a: Charizard|slp|[msg]\n|move|p2a: Charizard|Weather Ball|p1a: Garchomp\n|-resisted|p1a: Garchomp|1\n|-damage|p1a: Garchomp|0 fnt\n|faint|p1a: Garchomp\n|move|p1b: Toxapex|Infestation|p2b: Whimsicott\n|-damage|p2b: Whimsicott|0 fnt\n|faint|p2b: Whimsicott\n|\n|-weather|SunnyDay|[upkeep]\n|-heal|p1b: Toxapex|99/100|[from] item: Leftovers\n|-damage|p2a: Charizard|0 fnt|[from] move: Infestation|[partiallytrapped]\n|faint|p2a: Charizard\n|-sideend|p2: simioini|move: Tailwind\n|upkeep\n|\n|t:|1788430621\n|switch|p2b: Basculegion|Basculegion, L50, M|100/100\n|switch|p2a: Kingambit|Kingambit, L50, F|100/100\n|switch|p1a: Venusaur|Venusaur, L50, F|100/100\n|turn|5\n|\n|t:|1788430632\n|move|p1a: Venusaur|Sleep Powder|p2b: Basculegion\n|-status|p2b: Basculegion|slp|[from] move: Sleep Powder\n|cant|p2b: Basculegion|slp\n|move|p2a: Kingambit|Kowtow Cleave|p1a: Venusaur\n|-crit|p1a: Venusaur\n|-damage|p1a: Venusaur|6/100\n|move|p1b: Toxapex|Infestation|p2a: Kingambit\n|-damage|p2a: Kingambit|96/100\n|-activate|p2a: Kingambit|move: Infestation|[of] p1b: Toxapex\n|\n|-weather|none\n|-heal|p1b: Toxapex|100/100|[from] item: Leftovers\n|-damage|p2a: Kingambit|84/100|[from] move: Infestation|[partiallytrapped]\n|upkeep\n|turn|6\n|\n|t:|1788430653\n|cant|p2b: Basculegion|slp\n|move|p1a: Venusaur|Sleep Powder|p2a: Kingambit|[miss]\n|-miss|p1a: Venusaur|p2a: Kingambit\n|move|p2a: Kingambit|Kowtow Cleave|p1b: Toxapex\n|-damage|p1b: Toxapex|69/100\n|move|p1b: Toxapex|Infestation|p2b: Basculegion\n|-resisted|p2b: Basculegion|1\n|-damage|p2b: Basculegion|98/100 slp\n|-activate|p2b: Basculegion|move: Infestation|[of] p1b: Toxapex\n|\n|-heal|p1b: Toxapex|75/100|[from] item: Leftovers\n|-damage|p2b: Basculegion|86/100 slp|[from] move: Infestation|[partiallytrapped]\n|-damage|p2a: Kingambit|71/100|[from] move: Infestation|[partiallytrapped]\n|upkeep\n|turn|7\n|\n|t:|1788430681\n|move|p1b: Toxapex|Baneful Bunker|p1b: Toxapex\n|-singleturn|p1b: Toxapex|move: Protect\n|move|p1a: Venusaur|Sleep Powder|p2a: Kingambit\n|-status|p2a: Kingambit|slp|[from] move: Sleep Powder\n|-curestatus|p2b: Basculegion|slp|[msg]\n|move|p2b: Basculegion|Last Respects|p1b: Toxapex\n|-activate|p1b: Toxapex|move: Protect\n|cant|p2a: Kingambit|slp\n|\n|-heal|p1b: Toxapex|80/100|[from] item: Leftovers\n|-damage|p2b: Basculegion|73/100|[from] move: Infestation|[partiallytrapped]\n|-damage|p2a: Kingambit|59/100 slp|[from] move: Infestation|[partiallytrapped]\n|upkeep\n|turn|8\n|\n|t:|1788430701\n|-heal|p1b: Toxapex|100/100|[from] ability: Regenerator|[silent]\n|switch|p1b: Charizard|Charizard-Mega-Y, L50, M|74/100\n|-weather|SunnyDay|[from] ability: Drought|[of] p1b: Charizard\n|move|p2b: Basculegion|Aqua Jet|p1a: Venusaur\n|-resisted|p1a: Venusaur|1\n|-damage|p1a: Venusaur|0 fnt\n|faint|p1a: Venusaur\n|-damage|p2b: Basculegion|64/100|[from] item: Life Orb\n|-curestatus|p2a: Kingambit|slp|[msg]\n|move|p2a: Kingambit|Kowtow Cleave|p1b: Charizard\n|-damage|p1b: Charizard|26/100\n|\n|-weather|SunnyDay|[upkeep]\n|-end|p2b: Basculegion|Infestation|[partiallytrapped]|[silent]\n|-end|p2a: Kingambit|Infestation|[partiallytrapped]|[silent]\n|upkeep\n|\n|t:|1788430716\n|switch|p1a: Toxapex|Toxapex, L50, F|100/100\n|turn|9\n|\n|t:|1788430734\n|move|p2a: Kingambit|Sucker Punch|p1b: Charizard\n|-damage|p1b: Charizard|0 fnt\n|faint|p1b: Charizard\n|move|p2b: Basculegion|Last Respects|p1a: Toxapex\n|-crit|p1a: Toxapex\n|-damage|p1a: Toxapex|0 fnt\n|faint|p1a: Toxapex\n|-damage|p2b: Basculegion|54/100|[from] item: Life Orb\n|\n|win|simioini\n","uploadtime":1788430734,"views":"3","formatid":"gen9championsvgc2026regmbbo3","rating":null,"private":0,"password":null}