{"id":"gen9championsvgc2026regmbbo3-2673602756","format":"[Gen 9 Champions] VGC 2026 Reg M-B (Bo3)","players":["pkmn Hayatoviski","rebeccaribena"],"log":"|j|☆pkmn Hayatoviski\n|j|☆rebeccaribena\n|html|<table width=\"100%\"><tr><td align=\"left\">pkmn Hayatoviski</td><td align=\"right\">rebeccaribena</tr><tr><td align=\"left\"><i class=\"fa fa-circle\"></i> <i class=\"fa fa-circle-o\"></i> </td><td align=\"right\"><i class=\"fa fa-circle-o\"></i> <i class=\"fa fa-circle\"></i> </tr></table>\n|uhtml|bestof|<h2><strong>Game 3</strong> of <a href=\"/game-bestof3-gen9championsvgc2026regmbbo3-2673597473\">a best-of-3</a></h2>\n|t:|1788219721\n|gametype|doubles\n|player|p1|pkmn Hayatoviski|marlon|1070\n|player|p2|rebeccaribena|whitney|1000\n|gen|9\n|tier|[Gen 9 Champions] VGC 2026 Reg M-B (Bo3)\n|rated|\n|rule|Species Clause: Limit one of each Pokémon\n|rule|Item Clause: Limit 1 of each item\n|clearpoke\n|poke|p1|Sylveon, L50, F|\n|poke|p1|Venusaur, L50, M|\n|poke|p1|Charizard, L50, M|\n|poke|p1|Aerodactyl, L50, M|\n|poke|p1|Garchomp, L50, M|\n|poke|p1|Milotic, L50, F|\n|poke|p2|Floette-Eternal, L50, F|\n|poke|p2|Basculegion, L50, M|\n|poke|p2|Kingambit, L50, M|\n|poke|p2|Dragonite, L50, F|\n|poke|p2|Garchomp, L50, F|\n|poke|p2|Sneasler, L50, M|\n|teampreview|4\n|showteam|p1|Sylveon||FairyFeather|Pixilate|HyperVoice,HyperBeam,Protect,QuickAttack|Modest||F|||50|]Venusaur||MiracleSeed|Chlorophyll|SludgeBomb,GigaDrain,EarthPower,SleepPowder|Modest||M|||50|]Charizard||CharizarditeY|SolarPower|HeatWave,WeatherBall,SolarBeam,Protect|Modest||M|||50|]Aerodactyl||FocusSash|Pressure|DualWingbeat,WideGuard,Tailwind,RockSlide|Jolly||M|||50|]Garchomp||RoseliBerry|RoughSkin|Earthquake,RockSlide,DragonClaw,Protect|Jolly||M|||50|]Milotic||Leftovers|Competitive|IcyWind,Scald,LifeDew,Protect|Bold||F|||50|\n|showteam|p2|Floette-Eternal||Floettite|FlowerVeil|Moonblast,DazzlingGleam,LightofRuin,Protect|Timid||F|||50|]Basculegion||LifeOrb|Adaptability|WaveCrash,LastRespects,AquaJet,Protect|Adamant||M|||50|]Kingambit||ChopleBerry|Defiant|SuckerPunch,KowtowCleave,LowKick,IronHead|Adamant||M|||50|]Dragonite||Dragoninite|Multiscale|DragonPulse,HeatWave,ExtremeSpeed,Protect|Modest||F|||50|]Garchomp||ChoiceScarf|RoughSkin|DragonClaw,StompingTantrum,Earthquake,RockSlide|Adamant||F|||50|]Sneasler||FocusSash|PoisonTouch|CloseCombat,DireClaw,FakeOut,Feint|Jolly||M|||50|\n|\n|t:|1788219740\n|teamsize|p1|4\n|teamsize|p2|4\n|start\n|switch|p1a: GoatDactyl|Aerodactyl, L50, M|100/100\n|switch|p1b: Juro Veyr💅🏿|Milotic, L50, F|100/100\n|switch|p2a: Dragonite|Dragonite, L50, F|100/100\n|switch|p2b: Sneasler|Sneasler, L50, M|100/100\n|-ability|p1a: GoatDactyl|Pressure\n|turn|1\n|inactive|Battle timer is ON: inactive players will automatically lose when time's up. (requested by rebeccaribena)\n|\n|t:|1788219763\n|detailschange|p2a: Dragonite|Dragonite-Mega, L50, F\n|-mega|p2a: Dragonite|Dragonite|Dragoninite\n|move|p2b: Sneasler|Fake Out|p1a: GoatDactyl\n|-resisted|p1a: GoatDactyl|1\n|-damage|p1a: GoatDactyl|91/100\n|cant|p1a: GoatDactyl|flinch\n|move|p2a: Dragonite|Dragon Pulse|p1a: GoatDactyl\n|-damage|p1a: GoatDactyl|29/100\n|move|p1b: Juro Veyr💅🏿|Icy Wind|p2b: Sneasler|[spread] p2a,p2b\n|-supereffective|p2a: Dragonite|2\n|-damage|p2a: Dragonite|83/100\n|-damage|p2b: Sneasler|87/100\n|-unboost|p2a: Dragonite|spe|1\n|-unboost|p2b: Sneasler|spe|1\n|\n|upkeep\n|turn|2\n|inactive|pkmn Hayatoviski has 30 seconds left.\n|inactive|rebeccaribena has 30 seconds left.\n|\n|t:|1788219791\n|switch|p2a: Basculegion|Basculegion, L50, M|100/100\n|move|p1a: GoatDactyl|Tailwind|p1a: GoatDactyl\n|-sidestart|p1: pkmn Hayatoviski|move: Tailwind\n|move|p1b: Juro Veyr💅🏿|Icy Wind|p2a: Basculegion|[spread] p2b\n|-miss|p1b: Juro Veyr💅🏿|p2a: Basculegion\n|-crit|p2b: Sneasler\n|-damage|p2b: Sneasler|67/100\n|-unboost|p2b: Sneasler|spe|1\n|move|p2b: Sneasler|Dire Claw|p1b: Juro Veyr💅🏿\n|-damage|p1b: Juro Veyr💅🏿|74/100\n|\n|-heal|p1b: Juro Veyr💅🏿|80/100|[from] item: Leftovers\n|upkeep\n|turn|3\n|inactive|pkmn Hayatoviski has 30 seconds left.\n|\n|t:|1788219818\n|move|p2a: Basculegion|Aqua Jet|p1a: GoatDactyl\n|-supereffective|p1a: GoatDactyl|1\n|-damage|p1a: GoatDactyl|0 fnt\n|faint|p1a: GoatDactyl\n|-damage|p2a: Basculegion|90/100|[from] item: Life Orb\n|move|p1b: Juro Veyr💅🏿|Icy Wind|p2a: Basculegion|[spread] p2a,p2b\n|-resisted|p2a: Basculegion|1\n|-damage|p2a: Basculegion|84/100\n|-damage|p2b: Sneasler|54/100\n|-unboost|p2a: Basculegion|spe|1\n|-unboost|p2b: Sneasler|spe|1\n|move|p2b: Sneasler|Dire Claw|p1b: Juro Veyr💅🏿\n|-damage|p1b: Juro Veyr💅🏿|52/100\n|-status|p1b: Juro Veyr💅🏿|psn|[from] ability: Poison Touch|[of] p2b: Sneasler\n|\n|-heal|p1b: Juro Veyr💅🏿|58/100 psn|[from] item: Leftovers\n|-damage|p1b: Juro Veyr💅🏿|46/100 psn|[from] psn\n|upkeep\n|\n|t:|1788219839\n|switch|p1a: KD minha ração?|Sylveon, L50, F|100/100\n|turn|4\n|\n|t:|1788219861\n|switch|p2b: Garchomp|Garchomp, L50, F|100/100\n|move|p2a: Basculegion|Protect|p2a: Basculegion\n|-singleturn|p2a: Basculegion|Protect\n|move|p1b: Juro Veyr💅🏿|Life Dew||[still]|[spread] p1a,p1b\n|-fail|p1a: KD minha ração?|heal\n|-heal|p1b: Juro Veyr💅🏿|71/100 psn\n|move|p1a: KD minha ração?|Hyper Voice|p2a: Basculegion|[spread] p2b\n|-activate|p2a: Basculegion|move: Protect\n|-supereffective|p2b: Garchomp|1\n|-damage|p2b: Garchomp|4/100\n|\n|-heal|p1b: Juro Veyr💅🏿|77/100 psn|[from] item: Leftovers\n|-damage|p1b: Juro Veyr💅🏿|64/100 psn|[from] psn\n|upkeep\n|turn|5\n|\n|t:|1788219883\n|move|p2a: Basculegion|Protect||[still]\n|-fail|p2a: Basculegion\n|move|p1b: Juro Veyr💅🏿|Icy Wind|p2a: Basculegion|[spread] p2a\n|-miss|p1b: Juro Veyr💅🏿|p2b: Garchomp\n|-resisted|p2a: Basculegion|1\n|-damage|p2a: Basculegion|78/100\n|-unboost|p2a: Basculegion|spe|1\n|move|p2b: Garchomp|Earthquake|p1b: Juro Veyr💅🏿|[spread] p2a,p1a,p1b\n|-damage|p2a: Basculegion|31/100\n|-damage|p1a: KD minha ração?|48/100\n|-damage|p1b: Juro Veyr💅🏿|39/100 psn\n|move|p1a: KD minha ração?|Hyper Voice|p2a: Basculegion|[spread] p2a,p2b\n|-supereffective|p2b: Garchomp|1\n|-damage|p2a: Basculegion|0 fnt\n|-damage|p2b: Garchomp|0 fnt\n|faint|p2a: Basculegion\n|faint|p2b: Garchomp\n|\n|-heal|p1b: Juro Veyr💅🏿|45/100 psn|[from] item: Leftovers\n|-damage|p1b: Juro Veyr💅🏿|32/100 psn|[from] psn\n|-sideend|p1: pkmn Hayatoviski|move: Tailwind\n|upkeep\n|\n|t:|1788219897\n|switch|p2b: Dragonite|Dragonite-Mega, L50, F|83/100\n|switch|p2a: Sneasler|Sneasler, L50, M|54/100\n|turn|6\n|inactive|rebeccaribena has 30 seconds left.\n|inactive|rebeccaribena has 20 seconds left.\n|\n|t:|1788219935\n|move|p1a: KD minha ração?|Protect|p1a: KD minha ração?\n|-singleturn|p1a: KD minha ração?|Protect\n|move|p2a: Sneasler|Dire Claw|p1a: KD minha ração?\n|-activate|p1a: KD minha ração?|move: Protect\n|move|p2b: Dragonite|Dragon Pulse|p1b: Juro Veyr💅🏿\n|-damage|p1b: Juro Veyr💅🏿|2/100 psn\n|move|p1b: Juro Veyr💅🏿|Life Dew|p1b: Juro Veyr💅🏿|[spread] p1a,p1b\n|-heal|p1a: KD minha ração?|73/100\n|-heal|p1b: Juro Veyr💅🏿|27/100 psn\n|\n|-heal|p1b: Juro Veyr💅🏿|33/100 psn|[from] item: Leftovers\n|-damage|p1b: Juro Veyr💅🏿|21/100 psn|[from] psn\n|upkeep\n|turn|7\n|\n|t:|1788219957\n|move|p2b: Dragonite|Extreme Speed|p1a: KD minha ração?\n|-damage|p1a: KD minha ração?|41/100\n|move|p2a: Sneasler|Dire Claw|p1a: KD minha ração?\n|-supereffective|p1a: KD minha ração?|1\n|-damage|p1a: KD minha ração?|0 fnt\n|faint|p1a: KD minha ração?\n|move|p1b: Juro Veyr💅🏿|Icy Wind|p2b: Dragonite|[spread] p2a\n|-miss|p1b: Juro Veyr💅🏿|p2b: Dragonite\n|-damage|p2a: Sneasler|41/100\n|-unboost|p2a: Sneasler|spe|1\n|\n|-heal|p1b: Juro Veyr💅🏿|27/100 psn|[from] item: Leftovers\n|-damage|p1b: Juro Veyr💅🏿|14/100 psn|[from] psn\n|upkeep\n|\n|t:|1788219973\n|switch|p1a: Tututubarão-nareia|Garchomp, L50, M|100/100\n|turn|8\n|inactive|rebeccaribena has 30 seconds left.\n|\n|t:|1788220003\n|move|p2a: Sneasler|Feint|p1a: Tututubarão-nareia\n|-damage|p1a: Tututubarão-nareia|90/100\n|move|p1a: Tututubarão-nareia|Rock Slide|p2b: Dragonite|[spread] p2a,p2b\n|-resisted|p2a: Sneasler|1\n|-supereffective|p2b: Dragonite|1\n|-damage|p2a: Sneasler|24/100\n|-damage|p2b: Dragonite|45/100\n|move|p2b: Dragonite|Dragon Pulse|p1a: Tututubarão-nareia\n|-supereffective|p1a: Tututubarão-nareia|1\n|-damage|p1a: Tututubarão-nareia|0 fnt\n|faint|p1a: Tututubarão-nareia\n|move|p1b: Juro Veyr💅🏿|Scald|p2a: Sneasler\n|-damage|p2a: Sneasler|0 fnt\n|faint|p2a: Sneasler\n|\n|-heal|p1b: Juro Veyr💅🏿|20/100y psn|[from] item: Leftovers\n|-damage|p1b: Juro Veyr💅🏿|8/100 psn|[from] psn\n|upkeep\n|turn|9\n|\n|t:|1788220022\n|move|p2b: Dragonite|Extreme Speed|p1b: Juro Veyr💅🏿\n|-crit|p1b: Juro Veyr💅🏿\n|-damage|p1b: Juro Veyr💅🏿|0 fnt\n|faint|p1b: Juro Veyr💅🏿\n|\n|win|rebeccaribena\n|raw|pkmn Hayatoviski's rating: 1070 &rarr; <strong>1045</strong><br />(-25 for losing)\n|raw|rebeccaribena's rating: 1000 &rarr; <strong>1048</strong><br />(+48 for winning)\n|c|☆rebeccaribena|GG ^^\n","uploadtime":1788220028,"views":"5","formatid":"gen9championsvgc2026regmbbo3","rating":1045,"private":0,"password":null}