{"id":"gen9championsvgc2026regmbbo3-2673326842","format":"[Gen 9 Champions] VGC 2026 Reg M-B (Bo3)","players":["scnizal134","humania1"],"log":"|j|☆scnizal134\n|j|☆humania1\n|html|<table width=\"100%\"><tr><td align=\"left\">scnizal134</td><td align=\"right\">humania1</tr><tr><td align=\"left\"><i class=\"fa fa-circle\"></i> <i class=\"fa fa-circle-o\"></i> </td><td align=\"right\"><i class=\"fa fa-circle-o\"></i> <i class=\"fa fa-circle-o\"></i> </tr></table>\n|uhtml|bestof|<h2><strong>Game 2</strong> of <a href=\"/game-bestof3-gen9championsvgc2026regmbbo3-2673325789\">a best-of-3</a></h2>\n|t:|1788183796\n|gametype|doubles\n|player|p1|scnizal134|266|1047\n|player|p2|humania1|170|1000\n|gen|9\n|tier|[Gen 9 Champions] VGC 2026 Reg M-B (Bo3)\n|rated|\n|rule|Species Clause: Limit one of each Pokémon\n|rule|Item Clause: Limit 1 of each item\n|clearpoke\n|poke|p1|Metagross, L50, shiny|\n|poke|p1|Pelipper, L50, M, shiny|\n|poke|p1|Archaludon, L50, M, shiny|\n|poke|p1|Sneasler, L50, F, shiny|\n|poke|p1|Palafin, L50, M, shiny|\n|poke|p1|Ceruledge, L50, M, shiny|\n|poke|p2|Blastoise, L50, F|\n|poke|p2|Delphox, L50, M, shiny|\n|poke|p2|Incineroar, L50, M|\n|poke|p2|Sinistcha, L50|\n|poke|p2|Sneasler, L50, F|\n|poke|p2|Vivillon, L50, M|\n|teampreview|4\n|showteam|p1|Metagross||Metagrossite|ClearBody|Earthquake,BodyPress,MeteorBeam,Protect|Serious|||||50|]Pelipper||Leftovers|Drizzle|Tailwind,Protect,Hurricane,HydroPump|Serious||M|||50|]Archaludon||FocusSash|Stamina|DragonPulse,FlashCannon,ElectroShot,Protect|Serious||M|||50|]Sneasler||WhiteHerb|PoisonTouch|CloseCombat,DireClaw,GunkShot,BulkUp|Serious||F|||50|]Palafin||MysticWater|ZerotoHero|FlipTurn,Blizzard,Protect,Agility|Serious||M|||50|]Ceruledge||FairyFeather|FlashFire|Disable,BitterBlade,Protect,CloseCombat|Serious||M|||50|\n|showteam|p2|Blastoise||Blastoisinite|Torrent|Protect,ShellSmash,WaterSpout,DarkPulse|Modest||F|||50|]Delphox||Delphoxite|Blaze|Protect,HeatWave,Psyshock,NastyPlot|Timid||M|||50|]Incineroar||PasshoBerry|Intimidate|FakeOut,PartingShot,FlareBlitz,ThroatChop|Impish||M|||50|]Sinistcha||SitrusBerry|Hospitality|Protect,MatchaGotcha,TrickRoom,RagePowder|Bold|||||50|]Sneasler||FocusSash|PoisonTouch|QuickGuard,FakeOut,CloseCombat,DireClaw|Jolly||F|||50|]Vivillon||ChoiceScarf|CompoundEyes|Hurricane,SleepPowder,RagePowder,Uturn|Timid||M|||50|\n|inactive|Battle timer is ON: inactive players will automatically lose when time's up. (requested by humania1)\n|\n|t:|1788183809\n|teamsize|p1|4\n|teamsize|p2|4\n|start\n|switch|p1a: Pelipper|Pelipper, L50, M, shiny|100/100\n|switch|p1b: Ceruledge|Ceruledge, L50, M, shiny|100/100\n|switch|p2a: Blastoise|Blastoise, L50, F|100/100\n|switch|p2b: Delphox|Delphox, L50, M, shiny|100/100\n|-weather|RainDance|[from] ability: Drizzle|[of] p1a: Pelipper\n|turn|1\n|\n|t:|1788183820\n|move|p1b: Ceruledge|Protect|p1b: Ceruledge\n|-singleturn|p1b: Ceruledge|Protect\n|move|p2b: Delphox|Psyshock|p1a: Pelipper\n|-damage|p1a: Pelipper|61/100\n|move|p2a: Blastoise|Water Spout|p1b: Ceruledge|[spread] p1a\n|-activate|p1b: Ceruledge|move: Protect\n|-resisted|p1a: Pelipper|1\n|-damage|p1a: Pelipper|13/100\n|move|p1a: Pelipper|Tailwind|p1a: Pelipper\n|-sidestart|p1: scnizal134|move: Tailwind\n|\n|-weather|RainDance|[upkeep]\n|-heal|p1a: Pelipper|19/100|[from] item: Leftovers\n|upkeep\n|turn|2\n|inactive|scnizal134 has 30 seconds left.\n|\n|t:|1788183849\n|move|p1b: Ceruledge|Disable|p2a: Blastoise\n|-start|p2a: Blastoise|Disable|Water Spout\n|move|p2b: Delphox|Psyshock|p1a: Pelipper\n|-crit|p1a: Pelipper\n|-damage|p1a: Pelipper|0 fnt\n|faint|p1a: Pelipper\n|cant|p2a: Blastoise|Disable|Water Spout\n|\n|-weather|RainDance|[upkeep]\n|upkeep\n|\n|t:|1788183859\n|switch|p1a: Archaludon|Archaludon, L50, M, shiny|100/100\n|turn|3\n|j| nosehabladebruno\n|\n|t:|1788183868\n|move|p1a: Archaludon|Electro Shot||[still]\n|-prepare|p1a: Archaludon|Electro Shot\n|-boost|p1a: Archaludon|spa|1\n|-anim|p1a: Archaludon|Electro Shot|p2a: Blastoise\n|-supereffective|p2a: Blastoise|1\n|-damage|p2a: Blastoise|0 fnt\n|faint|p2a: Blastoise\n|move|p1b: Ceruledge|Disable|p2b: Delphox\n|-start|p2b: Delphox|Disable|Psyshock\n|cant|p2b: Delphox|Disable|Psyshock\n|\n|-weather|RainDance|[upkeep]\n|upkeep\n|\n|t:|1788183868\n|switch|p2a: Incineroar|Incineroar, L50, M|100/100\n|-ability|p2a: Incineroar|Intimidate|boost\n|-unboost|p1a: Archaludon|atk|1\n|-unboost|p1b: Ceruledge|atk|1\n|turn|4\n|\n|t:|1788183886\n|move|p1a: Archaludon|Protect|p1a: Archaludon\n|-singleturn|p1a: Archaludon|Protect\n|move|p1b: Ceruledge|Close Combat|p2a: Incineroar\n|-supereffective|p2a: Incineroar|1\n|-damage|p2a: Incineroar|58/100\n|-unboost|p1b: Ceruledge|def|1\n|-unboost|p1b: Ceruledge|spd|1\n|move|p2b: Delphox|Heat Wave|p1b: Ceruledge|[spread] \n|-activate|p1a: Archaludon|move: Protect\n|-start|p1b: Ceruledge|ability: Flash Fire\n|move|p2a: Incineroar|Flare Blitz|p1a: Archaludon\n|-activate|p1a: Archaludon|move: Protect\n|\n|-weather|RainDance|[upkeep]\n|-sideend|p1: scnizal134|move: Tailwind\n|upkeep\n|turn|5\n|\n|t:|1788183904\n|switch|p2b: Sinistcha|Sinistcha, L50|100/100\n|-heal|p2a: Incineroar|83/100|[from] ability: Hospitality|[of] p2b: Sinistcha\n|move|p1a: Archaludon|Electro Shot||[still]\n|-prepare|p1a: Archaludon|Electro Shot\n|-boost|p1a: Archaludon|spa|1\n|-anim|p1a: Archaludon|Electro Shot|p2a: Incineroar\n|-crit|p2a: Incineroar\n|-damage|p2a: Incineroar|0 fnt\n|faint|p2a: Incineroar\n|move|p1b: Ceruledge|Disable||[still]\n|-fail|p1b: Ceruledge\n|\n|-weather|none\n|upkeep\n|\n|t:|1788183904\n|switch|p2a: Delphox|Delphox, L50, M, shiny|100/100\n|turn|6\n|\n|t:|1788183924\n|move|p2a: Delphox|Psyshock|p1b: Ceruledge\n|-damage|p1b: Ceruledge|21/100\n|move|p1b: Ceruledge|Bitter Blade|p2b: Sinistcha\n|-supereffective|p2b: Sinistcha|1\n|-damage|p2b: Sinistcha|17/100\n|-heal|p1b: Ceruledge|69/100|[from] drain|[of] p2b: Sinistcha\n|-enditem|p2b: Sinistcha|Sitrus Berry|[eat]\n|-heal|p2b: Sinistcha|42/100|[from] item: Sitrus Berry\n|move|p1a: Archaludon|Electro Shot||[still]\n|-prepare|p1a: Archaludon|Electro Shot\n|-boost|p1a: Archaludon|spa|1\n|move|p2b: Sinistcha|Matcha Gotcha|p1a: Archaludon|[spread] p1a\n|-miss|p2b: Sinistcha|p1b: Ceruledge\n|-resisted|p1a: Archaludon|2\n|-damage|p1a: Archaludon|90/100\n|-heal|p2b: Sinistcha|46/100|[from] drain|[of] p1a: Archaludon\n|-ability|p1a: Archaludon|Stamina|boost\n|-boost|p1a: Archaludon|def|1\n|\n|upkeep\n|turn|7\n|inactive|scnizal134 has 30 seconds left.\n|\n|t:|1788183957\n|move|p2b: Sinistcha|Protect|p2b: Sinistcha\n|-singleturn|p2b: Sinistcha|Protect\n|move|p2a: Delphox|Psyshock|p1b: Ceruledge\n|-damage|p1b: Ceruledge|0 fnt\n|faint|p1b: Ceruledge\n|move|p1a: Archaludon|Electro Shot|p2a: Delphox|[from] lockedmove\n|-damage|p2a: Delphox|0 fnt\n|faint|p2a: Delphox\n|\n|upkeep\n|\n|t:|1788183967\n|switch|p1b: Sneasler|Sneasler, L50, F, shiny|100/100\n|turn|8\n|\n|t:|1788183978\n|move|p1b: Sneasler|Dire Claw|p2b: Sinistcha\n|-damage|p2b: Sinistcha|15/100\n|move|p1a: Archaludon|Flash Cannon|p2b: Sinistcha\n|-damage|p2b: Sinistcha|0 fnt\n|faint|p2b: Sinistcha\n|\n|win|scnizal134\n|raw|scnizal134's rating: 1047 &rarr; <strong>1076</strong><br />(+29 for winning)\n|raw|humania1's rating: 1000 &rarr; <strong>1000</strong><br />(+0 for losing)\n","uploadtime":1788183978,"views":"0","formatid":"gen9championsvgc2026regmbbo3","rating":1000,"private":0,"password":null}