{"id":"gen9championsvgc2026regmb-2674160723","format":"[Gen 9 Champions] VGC 2026 Reg M-B","players":["wertyrbat","Tulkkas"],"log":"|j|☆wertyrbat\n|j|☆Tulkkas\n|t:|1788308214\n|gametype|doubles\n|player|p1|wertyrbat|ethan|1337\n|player|p2|Tulkkas|170|1280\n|gen|9\n|tier|[Gen 9 Champions] VGC 2026 Reg M-B\n|rated|\n|rule|Species Clause: Limit one of each Pokémon\n|rule|Item Clause: Limit 1 of each item\n|clearpoke\n|poke|p1|Blastoise, L50, F|\n|poke|p1|Delphox, L50, F|\n|poke|p1|Incineroar, L50, M|\n|poke|p1|Kingambit, L50, F|\n|poke|p1|Sinistcha, L50|\n|poke|p1|Sneasler, L50, M|\n|poke|p2|Raichu, L50, F|\n|poke|p2|Staraptor, L50, F|\n|poke|p2|Arcanine-Hisui, L50, M|\n|poke|p2|Farigiraf, L50, M|\n|poke|p2|Sylveon, L50, F|\n|poke|p2|Kingambit, L50, M|\n|teampreview|4\n|inactive|Battle timer is ON: inactive players will automatically lose when time's up. (requested by Tulkkas)\n|inactive|wertyrbat has 60 seconds left.\n|inactive|Tulkkas has 60 seconds left.\n|inactive|wertyrbat has 30 seconds left.\n|\n|t:|1788308283\n|teamsize|p1|4\n|teamsize|p2|4\n|start\n|switch|p1a: Delphox|Delphox, L50, F|100/100\n|switch|p1b: Incineroar|Incineroar, L50, M|100/100\n|switch|p2a: Arcanine|Arcanine-Hisui, L50, M|100/100\n|switch|p2b: Raichu|Raichu, L50, F|100/100\n|-ability|p1b: Incineroar|Intimidate|boost\n|-unboost|p2a: Arcanine|atk|1\n|-unboost|p2b: Raichu|atk|1\n|turn|1\n|\n|t:|1788308302\n|switch|p2a: Farigiraf|Farigiraf, L50, M|100/100\n|switch|p1b: Sinistcha|Sinistcha, L50|100/100\n|detailschange|p2b: Raichu|Raichu-Mega-Y, L50, F\n|-mega|p2b: Raichu|Raichu|Raichunite Y\n|move|p1a: Delphox|Protect|p1a: Delphox\n|-singleturn|p1a: Delphox|Protect\n|move|p2b: Raichu|Zap Cannon|p1a: Delphox\n|-activate|p1a: Delphox|move: Protect\n|\n|upkeep\n|turn|2\n|\n|t:|1788308314\n|detailschange|p1a: Delphox|Delphox-Mega, L50, F\n|-mega|p1a: Delphox|Delphox|Delphoxite\n|move|p2a: Farigiraf|Helping Hand|p2b: Raichu\n|-singleturn|p2b: Raichu|Helping Hand|[of] p2a: Farigiraf\n|move|p1b: Sinistcha|Rage Powder|p1b: Sinistcha\n|-singleturn|p1b: Sinistcha|move: Rage Powder\n|move|p1a: Delphox|Nasty Plot|p1a: Delphox\n|-boost|p1a: Delphox|spa|2\n|move|p2b: Raichu|Zap Cannon|p1b: Sinistcha\n|-resisted|p1b: Sinistcha|1\n|-damage|p1b: Sinistcha|51/100\n|-status|p1b: Sinistcha|par\n|\n|upkeep\n|turn|3\n|\n|t:|1788308332\n|move|p2b: Raichu|Protect|p2b: Raichu\n|-singleturn|p2b: Raichu|Protect\n|cant|p1b: Sinistcha|par\n|move|p1a: Delphox|Heat Wave|p2b: Raichu|[spread] p2a\n|-activate|p2b: Raichu|move: Protect\n|-damage|p2a: Farigiraf|39/100\n|-enditem|p2a: Farigiraf|Sitrus Berry|[eat]\n|-heal|p2a: Farigiraf|64/100|[from] item: Sitrus Berry\n|move|p2a: Farigiraf|Trick Room|p2a: Farigiraf\n|-fieldstart|move: Trick Room|[of] p2a: Farigiraf\n|\n|upkeep\n|turn|4\n|inactive|Tulkkas has 30 seconds left.\n|\n|t:|1788308357\n|move|p1b: Sinistcha|Rage Powder|p1b: Sinistcha\n|-singleturn|p1b: Sinistcha|move: Rage Powder\n|move|p2a: Farigiraf|Psychic|p1b: Sinistcha\n|-damage|p1b: Sinistcha|13/100 par\n|-unboost|p1b: Sinistcha|spd|1\n|move|p2b: Raichu|Zap Cannon|p1b: Sinistcha\n|-resisted|p1b: Sinistcha|1\n|-damage|p1b: Sinistcha|0 fnt\n|faint|p1b: Sinistcha\n|move|p1a: Delphox|Heat Wave|p2a: Farigiraf|[spread] p2a,p2b\n|-damage|p2a: Farigiraf|1/100\n|-damage|p2b: Raichu|8/100\n|\n|upkeep\n|\n|t:|1788308366\n|switch|p1b: Incineroar|Incineroar, L50, M|100/100\n|-ability|p1b: Incineroar|Intimidate|boost\n|-unboost|p2a: Farigiraf|atk|1\n|-unboost|p2b: Raichu|atk|1\n|turn|5\n|inactive|Tulkkas has 30 seconds left.\n|\n|t:|1788308394\n|switch|p2b: Arcanine|Arcanine-Hisui, L50, M|100/100\n|move|p2a: Farigiraf|Psychic|p1a: Delphox\n|-resisted|p1a: Delphox|1\n|-damage|p1a: Delphox|83/100\n|move|p1b: Incineroar|Throat Chop|p2b: Arcanine\n|-damage|p2b: Arcanine|63/100\n|-start|p2b: Arcanine|Throat Chop|[silent]\n|move|p1a: Delphox|Heat Wave|p2b: Arcanine|[spread] p2a,p2b\n|-resisted|p2b: Arcanine|2\n|-damage|p2a: Farigiraf|0 fnt\n|-damage|p2b: Arcanine|38/100\n|faint|p2a: Farigiraf\n|\n|upkeep\n|\n|t:|1788308407\n|switch|p2a: Sylveon|Sylveon, L50, F|100/100\n|turn|6\n|\n|t:|1788308421\n|move|p1a: Delphox|Protect|p1a: Delphox\n|-singleturn|p1a: Delphox|Protect\n|move|p2a: Sylveon|Hyper Voice|p1b: Incineroar|[spread] p1b\n|-activate|p1a: Delphox|move: Protect\n|-damage|p1b: Incineroar|60/100\n|move|p1b: Incineroar|Parting Shot|p2a: Sylveon\n|-unboost|p2a: Sylveon|atk|1\n|-unboost|p2a: Sylveon|spa|1\n|\n|t:|1788308425\n|switch|p1b: Sneasler|Sneasler, L50, M|100/100|[from] Parting Shot\n|move|p2b: Arcanine|Head Smash|p1b: Sneasler\n|-resisted|p1b: Sneasler|1\n|-damage|p1b: Sneasler|36/100\n|\n|-end|p2b: Arcanine|Throat Chop|[silent]\n|upkeep\n|turn|7\n|inactive|wertyrbat has 30 seconds left.\n|inactive|wertyrbat has 20 seconds left.\n|inactive|wertyrbat has 15 seconds left.\n|inactive|wertyrbat has 10 seconds left.\n|\n|t:|1788308474\n|switch|p1a: Incineroar|Incineroar, L50, M|60/100\n|-ability|p1a: Incineroar|Intimidate|boost\n|-unboost|p2a: Sylveon|atk|1\n|-unboost|p2b: Arcanine|atk|1\n|move|p1b: Sneasler|Fake Out|p2a: Sylveon\n|-damage|p2a: Sylveon|85/100\n|-status|p2a: Sylveon|psn|[from] ability: Poison Touch|[of] p1b: Sneasler\n|cant|p2a: Sylveon|flinch\n|move|p2b: Arcanine|Head Smash|p1a: Incineroar\n|-supereffective|p1a: Incineroar|1\n|-damage|p1a: Incineroar|0 fnt\n|faint|p1a: Incineroar\n|\n|-damage|p2a: Sylveon|73/100 psn|[from] psn\n|-fieldend|move: Trick Room\n|upkeep\n|\n|t:|1788308478\n|switch|p1a: Delphox|Delphox-Mega, L50, F|83/100\n|turn|8\n|\n|t:|1788308501\n|move|p2b: Arcanine|Protect|p2b: Arcanine\n|-singleturn|p2b: Arcanine|Protect\n|move|p1a: Delphox|Psyshock|p2b: Arcanine\n|-activate|p2b: Arcanine|move: Protect\n|move|p1b: Sneasler|Poison Jab|p2a: Sylveon\n|-supereffective|p2a: Sylveon|1\n|-damage|p2a: Sylveon|0 fnt\n|faint|p2a: Sylveon\n|\n|upkeep\n|\n|t:|1788308509\n|switch|p2a: Raichu|Raichu-Mega-Y, L50, F|8/100\n|turn|9\n|inactive|wertyrbat has 30 seconds left.\n|\n|t:|1788308539\n|move|p2a: Raichu|Fake Out|p1a: Delphox\n|-damage|p1a: Delphox|72/100\n|cant|p1a: Delphox|flinch\n|move|p1b: Sneasler|Close Combat|p2a: Raichu\n|-damage|p2a: Raichu|0 fnt\n|-unboost|p1b: Sneasler|def|1\n|-unboost|p1b: Sneasler|spd|1\n|faint|p2a: Raichu\n|move|p2b: Arcanine|Flare Blitz|p1b: Sneasler\n|-damage|p1b: Sneasler|0 fnt\n|faint|p1b: Sneasler\n|\n|upkeep\n|turn|10\n|\n|t:|1788308554\n|move|p1a: Delphox|Psyshock|p2b: Arcanine\n|-damage|p2b: Arcanine|0 fnt\n|faint|p2b: Arcanine\n|\n|win|wertyrbat\n|raw|wertyrbat's rating: 1337 &rarr; <strong>1354</strong><br />(+17 for winning)\n|raw|Tulkkas's rating: 1280 &rarr; <strong>1259</strong><br />(-21 for losing)\n|l|☆Tulkkas\n|player|p2|\n","uploadtime":1788308563,"views":"1","formatid":"gen9championsvgc2026regmb","rating":1259,"private":0,"password":null}