{"id":"gen9championsvgc2026regmb-2674539693","format":"[Gen 9 Champions] VGC 2026 Reg M-B","players":["tavinn_n","The Stunfisk Movie"],"log":"|j|‽tavinn_n\n|j|☆The Stunfisk Movie\n|t:|1788371684\n|gametype|doubles\n|player|p1|tavinn_n|ghetsis|1223\n|player|p2|The Stunfisk Movie|cynthia-masters4|1295\n|gen|9\n|tier|[Gen 9 Champions] VGC 2026 Reg M-B\n|rated|\n|rule|Species Clause: Limit one of each Pokémon\n|rule|Item Clause: Limit 1 of each item\n|clearpoke\n|poke|p1|Charizard, L50, M|\n|poke|p1|Whimsicott, L50, M|\n|poke|p1|Garchomp, L50, F|\n|poke|p1|Floette-Eternal, L50, F|\n|poke|p1|Basculegion, L50, M|\n|poke|p1|Kingambit, L50, F|\n|poke|p2|Froslass, L50, F, shiny|\n|poke|p2|Sneasler, L50, F|\n|poke|p2|Kingambit, L50, F|\n|poke|p2|Basculegion, L50, M|\n|poke|p2|Scovillain, L50, F|\n|poke|p2|Lycanroc-Dusk, L50, M, shiny|\n|teampreview|4\n|inactive|Battle timer is ON: inactive players will automatically lose when time's up. (requested by tavinn_n)\n|c|☆The Stunfisk Movie|Glhf\n|inactive|tavinn_n has 60 seconds left.\n|\n|t:|1788371729\n|teamsize|p1|4\n|teamsize|p2|4\n|start\n|switch|p1a: Charizard|Charizard, L50, M|100/100\n|switch|p1b: Garchomp|Garchomp, L50, F|100/100\n|switch|p2a: Furbait|Sneasler, L50, F|100/100\n|switch|p2b: The Bad Guy|Scovillain, L50, F|100/100\n|turn|1\n|inactive|The Stunfisk Movie has 30 seconds left.\n|inactive|The Stunfisk Movie has 20 seconds left.\n|\n|t:|1788371769\n|switch|p2b: WolfeyVGC|Lycanroc-Dusk, L50, M, shiny|100/100\n|detailschange|p1a: Charizard|Charizard-Mega-Y, L50, M\n|-mega|p1a: Charizard|Charizard|Charizardite Y\n|-weather|SunnyDay|[from] ability: Drought|[of] p1a: Charizard\n|move|p2a: Furbait|Fake Out|p1b: Garchomp\n|-damage|p1b: Garchomp|87/100\n|-damage|p2a: Furbait|87/100|[from] ability: Rough Skin|[of] p1b: Garchomp\n|cant|p1b: Garchomp|flinch\n|move|p1a: Charizard|Ancient Power|p2b: WolfeyVGC\n|-damage|p2b: WolfeyVGC|64/100\n|\n|-weather|SunnyDay|[upkeep]\n|upkeep\n|turn|2\n|\n|t:|1788371787\n|move|p1a: Charizard|Protect|p1a: Charizard\n|-singleturn|p1a: Charizard|Protect\n|move|p2b: WolfeyVGC|Protect|p2b: WolfeyVGC\n|-singleturn|p2b: WolfeyVGC|Protect\n|move|p2a: Furbait|Protect|p2a: Furbait\n|-singleturn|p2a: Furbait|Protect\n|move|p1b: Garchomp|Earthquake|p2b: WolfeyVGC|[spread] \n|-activate|p1a: Charizard|move: Protect\n|-activate|p2a: Furbait|move: Protect\n|-activate|p2b: WolfeyVGC|move: Protect\n|\n|-weather|SunnyDay|[upkeep]\n|upkeep\n|turn|3\n|\n|t:|1788371810\n|switch|p1a: Basculegion|Basculegion, L50, M|100/100\n|switch|p2b: Mr Fish jr.|Basculegion, L50, M|100/100\n|move|p1b: Garchomp|Earthquake|p2a: Furbait|[spread] p1a,p2a,p2b\n|-supereffective|p2a: Furbait|1\n|-damage|p1a: Basculegion|61/100\n|-damage|p2a: Furbait|6/100\n|-damage|p2b: Mr Fish jr.|69/100\n|move|p2a: Furbait|Close Combat|p1a: Basculegion\n|-immune|p1a: Basculegion\n|\n|-weather|SunnyDay|[upkeep]\n|upkeep\n|turn|4\n|\n|t:|1788371826\n|switch|p1b: Kingambit|Kingambit, L50, F|100/100\n|move|p1a: Basculegion|Aqua Jet|p2a: Furbait\n|-damage|p2a: Furbait|0 fnt\n|faint|p2a: Furbait\n|-damage|p1a: Basculegion|52/100|[from] item: Life Orb\n|move|p2b: Mr Fish jr.|Last Respects|p1a: Basculegion\n|-supereffective|p1a: Basculegion|1\n|-damage|p1a: Basculegion|0 fnt\n|faint|p1a: Basculegion\n|\n|-weather|SunnyDay|[upkeep]\n|upkeep\n|\n|t:|1788371844\n|switch|p2a: The Bad Guy|Scovillain, L50, F|100/100\n|switch|p1a: Garchomp|Garchomp, L50, F|87/100\n|turn|5\n|\n|t:|1788371870\n|switch|p1b: Charizard|Charizard-Mega-Y, L50, M|100/100\n|move|p2a: The Bad Guy|Protect|p2a: The Bad Guy\n|-singleturn|p2a: The Bad Guy|Protect\n|move|p2b: Mr Fish jr.|Protect|p2b: Mr Fish jr.\n|-singleturn|p2b: Mr Fish jr.|Protect\n|move|p1a: Garchomp|Dragon Claw|p2b: Mr Fish jr.\n|-activate|p2b: Mr Fish jr.|move: Protect\n|\n|-weather|none\n|-ability|p2a: The Bad Guy|Moody|boost\n|-boost|p2a: The Bad Guy|spa|2\n|-unboost|p2a: The Bad Guy|atk|1\n|upkeep\n|turn|6\n|\n|t:|1788371895\n|switch|p1b: Kingambit|Kingambit, L50, F|100/100\n|detailschange|p2a: The Bad Guy|Scovillain-Mega, L50, F\n|-mega|p2a: The Bad Guy|Scovillain|Scovillainite\n|move|p1a: Garchomp|Rock Slide|p2b: Mr Fish jr.|[spread] p2a\n|-miss|p1a: Garchomp|p2b: Mr Fish jr.\n|-supereffective|p2a: The Bad Guy|1\n|-damage|p2a: The Bad Guy|65/100\n|-status|p1a: Garchomp|brn|[from] ability: Spicy Spray|[of] p2a: The Bad Guy\n|move|p2a: The Bad Guy|Giga Drain|p1a: Garchomp\n|-damage|p1a: Garchomp|14/100 brn\n|-heal|p2a: The Bad Guy|100/100|[from] drain|[of] p1a: Garchomp\n|-enditem|p1a: Garchomp|Sitrus Berry|[eat]\n|-heal|p1a: Garchomp|39/100 brn|[from] item: Sitrus Berry\n|move|p2b: Mr Fish jr.|Wave Crash|p1b: Kingambit\n|-damage|p1b: Kingambit|37/100\n|-damage|p2b: Mr Fish jr.|52/100|[from] Recoil\n|\n|-damage|p1a: Garchomp|33/100 brn|[from] brn\n|upkeep\n|turn|7\n|c|☆The Stunfisk Movie|W moody roll\n|inactive|The Stunfisk Movie has 30 seconds left.\n|\n|t:|1788371920\n|switch|p1b: Charizard|Charizard-Mega-Y, L50, M|100/100\n|-weather|SunnyDay|[from] ability: Drought|[of] p1b: Charizard\n|move|p2b: Mr Fish jr.|Protect|p2b: Mr Fish jr.\n|-singleturn|p2b: Mr Fish jr.|Protect\n|move|p1a: Garchomp|Earthquake|p2b: Mr Fish jr.|[spread] p2a\n|-activate|p2b: Mr Fish jr.|move: Protect\n|-immune|p1b: Charizard\n|-damage|p2a: The Bad Guy|84/100\n|move|p2a: The Bad Guy|Giga Drain|p1a: Garchomp\n|-damage|p1a: Garchomp|0 fnt\n|-heal|p2a: The Bad Guy|100/100|[from] drain|[of] p1a: Garchomp\n|faint|p1a: Garchomp\n|\n|-weather|SunnyDay|[upkeep]\n|upkeep\n|\n|t:|1788371934\n|switch|p1a: Kingambit|Kingambit, L50, F|37/100\n|turn|8\n|\n|t:|1788371951\n|move|p2a: The Bad Guy|Rage Powder|p2a: The Bad Guy\n|-singleturn|p2a: The Bad Guy|move: Rage Powder\n|move|p1b: Charizard|Ancient Power|p2a: The Bad Guy\n|-supereffective|p2a: The Bad Guy|1\n|-damage|p2a: The Bad Guy|51/100\n|move|p2b: Mr Fish jr.|Wave Crash|p1b: Charizard\n|-supereffective|p1b: Charizard|1\n|-damage|p1b: Charizard|15/100\n|-damage|p2b: Mr Fish jr.|31/100|[from] Recoil\n|-enditem|p2b: Mr Fish jr.|Sitrus Berry|[eat]\n|-heal|p2b: Mr Fish jr.|56/100|[from] item: Sitrus Berry\n|move|p1a: Kingambit|Kowtow Cleave|p2a: The Bad Guy\n|-damage|p2a: The Bad Guy|7/100\n|-status|p1a: Kingambit|brn|[from] ability: Spicy Spray|[of] p2a: The Bad Guy\n|\n|-weather|SunnyDay|[upkeep]\n|-damage|p1a: Kingambit|31/100 brn|[from] brn\n|upkeep\n|turn|9\n|\n|t:|1788371970\n|move|p1b: Charizard|Protect|p1b: Charizard\n|-singleturn|p1b: Charizard|Protect\n|move|p2a: The Bad Guy|Rage Powder|p2a: The Bad Guy\n|-singleturn|p2a: The Bad Guy|move: Rage Powder\n|move|p1a: Kingambit|Sucker Punch||[still]\n|-fail|p1a: Kingambit\n|move|p2b: Mr Fish jr.|Wave Crash|p1a: Kingambit\n|-damage|p1a: Kingambit|1/100 brn\n|-damage|p2b: Mr Fish jr.|48/100|[from] Recoil\n|\n|-weather|SunnyDay|[upkeep]\n|-damage|p1a: Kingambit|0 fnt|[from] brn\n|faint|p1a: Kingambit\n|upkeep\n|turn|10\n|\n|t:|1788371985\n|move|p2b: Mr Fish jr.|Aqua Jet|p1b: Charizard\n|-supereffective|p1b: Charizard|1\n|-damage|p1b: Charizard|0 fnt\n|faint|p1b: Charizard\n|\n|win|The Stunfisk Movie\n|raw|tavinn_n's rating: 1223 &rarr; <strong>1203</strong><br />(-20 for losing)\n|raw|The Stunfisk Movie's rating: 1295 &rarr; <strong>1315</strong><br />(+20 for winning)\n|c|☆The Stunfisk Movie|Gg\n|l|‽tavinn_n\n|player|p1|\n","uploadtime":1788372039,"views":"0","formatid":"gen9championsvgc2026regmb","rating":1203,"private":0,"password":null}