{"id":"gen9championsvgc2026regmbbo3-2674262138","format":"[Gen 9 Champions] VGC 2026 Reg M-B (Bo3)","players":["perenniumfalcon","bronzongbroomsvgc"],"log":"|j|☆perenniumfalcon\n|j|☆bronzongbroomsvgc\n|html|<table width=\"100%\"><tr><td align=\"left\">perenniumfalcon</td><td align=\"right\">bronzongbroomsvgc</tr><tr><td align=\"left\"><i class=\"fa fa-circle\"></i> <i class=\"fa fa-circle-o\"></i> </td><td align=\"right\"><i class=\"fa fa-circle-o\"></i> <i class=\"fa fa-circle\"></i> </tr></table>\n|uhtml|bestof|<h2><strong>Game 3</strong> of <a href=\"/game-bestof3-gen9championsvgc2026regmbbo3-2674261071\">a best-of-3</a></h2>\n|t:|1788326030\n|gametype|doubles\n|player|p1|perenniumfalcon|169|1397\n|player|p2|bronzongbroomsvgc|1|1262\n|gen|9\n|tier|[Gen 9 Champions] VGC 2026 Reg M-B (Bo3)\n|rated|\n|rule|Species Clause: Limit one of each Pokémon\n|rule|Item Clause: Limit 1 of each item\n|clearpoke\n|poke|p1|Froslass, L50, F|\n|poke|p1|Kingambit, L50, M|\n|poke|p1|Sneasler, L50, M|\n|poke|p1|Lycanroc-Dusk, L50, F|\n|poke|p1|Basculegion, L50, M|\n|poke|p1|Scovillain, L50, F|\n|poke|p2|Charizard, L50, F|\n|poke|p2|Garchomp, L50, F|\n|poke|p2|Basculegion, L50, M|\n|poke|p2|Whimsicott, L50, F|\n|poke|p2|Floette-Eternal, L50, F|\n|poke|p2|Kingambit, L50, F|\n|teampreview|4\n|showteam|p1|Froslass||Froslassite|CursedBody|Blizzard,ShadowBall,AuroraVeil,Protect|Timid||F|||50|]Kingambit||BlackGlasses|Defiant|KowtowCleave,SuckerPunch,SwordsDance,Protect|Adamant||M|||50|]Sneasler||WhiteHerb|Unburden|FakeOut,CloseCombat,DireClaw,Protect|Adamant||M|||50|]Lycanroc-Dusk||FocusSash|ToughClaws|Accelerock,CloseCombat,RockSlide,Protect|Adamant||F|||50|]Basculegion||LifeOrb|Adaptability|WaveCrash,LastRespects,AquaJet,Protect|Jolly||M|||50|]Scovillain||Scovillainite|Moody|Overheat,GigaDrain,RagePowder,Protect|Bold||F|||50|\n|showteam|p2|Charizard||CharizarditeY|Blaze|HeatWave,AncientPower,WeatherBall,Protect|Timid||F|||50|]Garchomp||SitrusBerry|RoughSkin|DragonClaw,RockSlide,Earthquake,Protect|Jolly||F|||50|]Basculegion||LifeOrb|Adaptability|WaveCrash,AquaJet,LastRespects,Protect|Adamant||M|||50|]Whimsicott||FocusSash|Prankster|Moonblast,Encore,Tailwind,Protect|Timid||F|||50|]Floette-Eternal||Floettite|FlowerVeil|Moonblast,DazzlingGleam,LightofRuin,Protect|Modest||F|||50|]Kingambit||OccaBerry|Defiant|KowtowCleave,SuckerPunch,IronHead,LowKick|Adamant||F|||50|\n|\n|t:|1788326048\n|teamsize|p1|4\n|teamsize|p2|4\n|start\n|switch|p1a: Froslass|Froslass, L50, F|100/100\n|switch|p1b: Lycanroc|Lycanroc-Dusk, L50, F|100/100\n|switch|p2a: Charizard|Charizard, L50, F|100/100\n|switch|p2b: Whimsicott|Whimsicott, L50, F|100/100\n|turn|1\n|\n|t:|1788326079\n|switch|p2a: Basculegion|Basculegion, L50, M|100/100\n|detailschange|p1a: Froslass|Froslass-Mega, L50, F\n|-mega|p1a: Froslass|Froslass|Froslassite\n|-weather|Snowscape|[from] ability: Snow Warning|[of] p1a: Froslass\n|move|p2b: Whimsicott|Tailwind|p2b: Whimsicott\n|-sidestart|p2: bronzongbroomsvgc|move: Tailwind\n|move|p1b: Lycanroc|Accelerock|p2a: Basculegion\n|-damage|p2a: Basculegion|68/100\n|move|p1a: Froslass|Blizzard|p2b: Whimsicott|[spread] p2a,p2b\n|-resisted|p2a: Basculegion|1\n|-supereffective|p2b: Whimsicott|1\n|-crit|p2b: Whimsicott\n|-damage|p2a: Basculegion|44/100\n|-enditem|p2b: Whimsicott|Focus Sash\n|-damage|p2b: Whimsicott|1/100\n|\n|-weather|Snowscape|[upkeep]\n|upkeep\n|turn|2\n|\n|t:|1788326125\n|move|p1b: Lycanroc|Protect|p1b: Lycanroc\n|-singleturn|p1b: Lycanroc|Protect\n|move|p2a: Basculegion|Aqua Jet|p1b: Lycanroc\n|-activate|p1b: Lycanroc|move: Protect\n|move|p2b: Whimsicott|Moonblast|p1b: Lycanroc\n|-activate|p1b: Lycanroc|move: Protect\n|move|p1a: Froslass|Blizzard|p2a: Basculegion|[spread] p2a,p2b\n|-resisted|p2a: Basculegion|1\n|-supereffective|p2b: Whimsicott|1\n|-damage|p2a: Basculegion|21/100\n|-damage|p2b: Whimsicott|0 fnt\n|faint|p2b: Whimsicott\n|\n|-weather|Snowscape|[upkeep]\n|upkeep\n|\n|t:|1788326132\n|switch|p2b: Garchomp|Garchomp, L50, F|100/100\n|turn|3\n|\n|t:|1788326140\n|move|p2a: Basculegion|Aqua Jet|p1b: Lycanroc\n|-supereffective|p1b: Lycanroc|1\n|-enditem|p1b: Lycanroc|Focus Sash\n|-damage|p1b: Lycanroc|1/100\n|-damage|p2a: Basculegion|12/100|[from] item: Life Orb\n|move|p1b: Lycanroc|Accelerock|p2a: Basculegion\n|-damage|p2a: Basculegion|0 fnt\n|faint|p2a: Basculegion\n|move|p2b: Garchomp|Rock Slide|p1b: Lycanroc|[spread] p1a,p1b\n|-supereffective|p1a: Froslass|1\n|-damage|p1a: Froslass|63/100\n|-damage|p1b: Lycanroc|0 fnt\n|faint|p1b: Lycanroc\n|move|p1a: Froslass|Blizzard|p2b: Garchomp\n|-supereffective|p2b: Garchomp|2\n|-damage|p2b: Garchomp|0 fnt\n|faint|p2b: Garchomp\n|\n|-weather|Snowscape|[upkeep]\n|upkeep\n|\n|t:|1788326153\n|switch|p2b: Charizard|Charizard, L50, F|100/100\n|switch|p1b: Sneasler|Sneasler, L50, M|100/100\n|turn|4\n|\n|t:|1788326158\n|switch|p1a: Kingambit|Kingambit, L50, M|100/100\n|move|p2b: Charizard|Protect|p2b: Charizard\n|-singleturn|p2b: Charizard|Protect\n|move|p1b: Sneasler|Fake Out|p2b: Charizard\n|-activate|p2b: Charizard|move: Protect\n|\n|-weather|Snowscape|[upkeep]\n|-sideend|p2: bronzongbroomsvgc|move: Tailwind\n|upkeep\n|turn|5\n|\n|t:|1788326167\n|detailschange|p2b: Charizard|Charizard-Mega-Y, L50, F\n|-mega|p2b: Charizard|Charizard|Charizardite Y\n|-weather|SunnyDay|[from] ability: Drought|[of] p2b: Charizard\n|move|p1a: Kingambit|Sucker Punch|p2b: Charizard\n|-crit|p2b: Charizard\n|-damage|p2b: Charizard|12/100\n|move|p1b: Sneasler|Dire Claw|p2b: Charizard\n|-damage|p2b: Charizard|0 fnt\n|faint|p2b: Charizard\n|\n|win|perenniumfalcon\n|raw|perenniumfalcon's rating: 1397 &rarr; <strong>1410</strong><br />(+13 for winning)\n|raw|bronzongbroomsvgc's rating: 1262 &rarr; <strong>1246</strong><br />(-16 for losing)\n","uploadtime":1788326223,"views":"0","formatid":"gen9championsvgc2026regmbbo3","rating":1246,"private":0,"password":null}