{"id":"gen9championsvgc2026regmb-2674988612","format":"[Gen 9 Champions] VGC 2026 Reg M-B","players":["SFactorX2","enroquereal"],"log":"|j|☆SFactorX2\n|j|☆enroquereal\n|t:|1788445792\n|gametype|doubles\n|player|p1|SFactorX2|169|1000\n|player|p2|enroquereal|102|1006\n|gen|9\n|tier|[Gen 9 Champions] VGC 2026 Reg M-B\n|rated|\n|rule|Species Clause: Limit one of each Pokémon\n|rule|Item Clause: Limit 1 of each item\n|clearpoke\n|poke|p1|Milotic, L50, M|\n|poke|p1|Glimmora, L50, M|\n|poke|p1|Dragapult, L50, M|\n|poke|p1|Sinistcha, L50|\n|poke|p1|Ninetales-Alola, L50, M|\n|poke|p1|Raichu, L50, F|\n|poke|p2|Politoed, L50, F|\n|poke|p2|Blastoise, L50, F, shiny|\n|poke|p2|Basculegion, L50, M|\n|poke|p2|Araquanid, L50, F|\n|poke|p2|Greninja, L50, M|\n|poke|p2|Sableye, L50, F|\n|teampreview|4\n|c|☆SFactorX2|good luck!\nSFactorX2 rejected open team sheets.\n|inactive|Battle timer is ON: inactive players will automatically lose when time's up. (requested by enroquereal)\n|\n|t:|1788445821\n|teamsize|p1|4\n|teamsize|p2|4\n|start\n|switch|p1a: Spitfire|Dragapult, L50, M|100/100\n|switch|p1b: Masala|Sinistcha, L50|100/100\n|switch|p2a: Politoed|Politoed, L50, F|100/100\n|switch|p2b: Blastoise|Blastoise, L50, F, shiny|100/100\n|-weather|RainDance|[from] ability: Drizzle|[of] p2a: Politoed\n|turn|1\n|\n|t:|1788445846\n|move|p1a: Spitfire|Will-O-Wisp|p2b: Blastoise\n|-status|p2b: Blastoise|brn\n|move|p2b: Blastoise|Yawn|p1b: Masala\n|-start|p1b: Masala|move: Yawn|[of] p2b: Blastoise\n|move|p2a: Politoed|Hypnosis|p1a: Spitfire\n|-status|p1a: Spitfire|slp|[from] move: Hypnosis\n|move|p1b: Masala|Matcha Gotcha|p2a: Politoed|[spread] p2a,p2b\n|-supereffective|p2a: Politoed|1\n|-supereffective|p2b: Blastoise|1\n|-damage|p2a: Politoed|60/100\n|-damage|p2b: Blastoise|53/100 brn\n|\n|-weather|RainDance|[upkeep]\n|-heal|p2b: Blastoise|59/100 brn|[from] ability: Rain Dish\n|-heal|p2b: Blastoise|64/100 brn|[from] item: Leftovers\n|-damage|p2b: Blastoise|59/100 brn|[from] brn\n|upkeep\n|turn|2\n|inactive|enroquereal has 30 seconds left.\n|\n|t:|1788445877\n|switch|p1a: Wintry Blossom|Ninetales-Alola, L50, M|100/100\n|-weather|Snowscape|[from] ability: Snow Warning|[of] p1a: Wintry Blossom\n|switch|p2a: Sableye|Sableye, L50, F|100/100\n|switch|p1b: Raichu|Raichu, L50, F|100/100\n|move|p2b: Blastoise|Ice Beam|p1a: Wintry Blossom\n|-resisted|p1a: Wintry Blossom|1\n|-damage|p1a: Wintry Blossom|89/100\n|\n|-weather|Snowscape|[upkeep]\n|-heal|p2b: Blastoise|64/100 brn|[from] item: Leftovers\n|-damage|p2b: Blastoise|59/100 brn|[from] brn\n|upkeep\n|turn|3\n|inactive|SFactorX2 has 30 seconds left.\n|inactive|SFactorX2 has 20 seconds left.\n|\n|t:|1788445914\n|detailschange|p1b: Raichu|Raichu-Mega-Y, L50, F\n|-mega|p1b: Raichu|Raichu|Raichunite Y\n|detailschange|p2a: Sableye|Sableye-Mega, L50, F\n|-mega|p2a: Sableye|Sableye|Sablenite\n|move|p1a: Wintry Blossom|Moonblast|p2a: Sableye\n|-supereffective|p2a: Sableye|1\n|-damage|p2a: Sableye|26/100\n|move|p1b: Raichu|Thunderbolt|p2b: Blastoise\n|-supereffective|p2b: Blastoise|1\n|-damage|p2b: Blastoise|0 fnt\n|faint|p2b: Blastoise\n|move|p2a: Sableye|Gyro Ball|p1a: Wintry Blossom\n|-supereffective|p1a: Wintry Blossom|2\n|-damage|p1a: Wintry Blossom|0 fnt\n|faint|p1a: Wintry Blossom\n|\n|-weather|Snowscape|[upkeep]\n|upkeep\n|\n|t:|1788445938\n|switch|p1a: Masala|Sinistcha, L50|100/100\n|switch|p2b: Politoed|Politoed, L50, F|60/100\n|-weather|RainDance|[from] ability: Drizzle|[of] p2b: Politoed\n|turn|4\n|inactive|enroquereal has 30 seconds left.\n|\n|t:|1788445964\n|move|p1b: Raichu|Thunderbolt|p2b: Politoed\n|-supereffective|p2b: Politoed|1\n|-damage|p2b: Politoed|0 fnt\n|faint|p2b: Politoed\n|move|p1a: Masala|Matcha Gotcha|p2a: Sableye\n|-damage|p2a: Sableye|0 fnt\n|faint|p2a: Sableye\n|\n|-weather|RainDance|[upkeep]\n|upkeep\n|\n|t:|1788445968\n|switch|p2b: Greninja|Greninja, L50, M|100/100\n|turn|5\n|\n|t:|1788445991\n|move|p1b: Raichu|Protect|p1b: Raichu\n|-singleturn|p1b: Raichu|Protect\n|move|p1a: Masala|Protect|p1a: Masala\n|-singleturn|p1a: Masala|Protect\n|move|p2b: Greninja|Sludge Wave|p1b: Raichu|[spread] \n|-start|p2b: Greninja|typechange|Poison|[from] ability: Protean\n|-activate|p1a: Masala|move: Protect\n|-activate|p1b: Raichu|move: Protect\n|\n|-weather|RainDance|[upkeep]\n|upkeep\n|turn|6\n|\n|t:|1788446014\n|switch|p1a: Spitfire|Dragapult, L50, M|100/100 slp\n|move|p1b: Raichu|Thunderbolt|p2b: Greninja\n|-damage|p2b: Greninja|18/100\n|move|p2b: Greninja|Dark Pulse|p1a: Spitfire\n|-supereffective|p1a: Spitfire|1\n|-damage|p1a: Spitfire|36/100 slp\n|\n|-weather|RainDance|[upkeep]\n|upkeep\n|turn|7\n|\n|t:|1788446032\n|move|p2b: Greninja|Upper Hand||[still]\n|-fail|p2b: Greninja\n|cant|p1a: Spitfire|slp\n|move|p1b: Raichu|Thunderbolt|p2b: Greninja\n|-damage|p2b: Greninja|0 fnt\n|faint|p2b: Greninja\n|\n|win|SFactorX2\n|raw|SFactorX2's rating: 1000 &rarr; <strong>1041</strong><br />(+41 for winning)\n|raw|enroquereal's rating: 1006 &rarr; <strong>1000</strong><br />(-6 for losing)\n|l|☆enroquereal\n|player|p2|\n|c|☆SFactorX2|gg\n","uploadtime":1788446042,"views":"0","formatid":"gen9championsvgc2026regmb","rating":1000,"private":0,"password":null}