{"id":"gen9championsvgc2026regmbbo3-2674145723","format":"[Gen 9 Champions] VGC 2026 Reg M-B (Bo3)","players":["Voltx5","Yippeeeeeeeevgc"],"log":"|j|☆Voltx5\n|j|☆Yippeeeeeeeevgc\n|html|<table width=\"100%\"><tr><td align=\"left\">Voltx5</td><td align=\"right\">Yippeeeeeeeevgc</tr><tr><td align=\"left\"><i class=\"fa fa-circle-o\"></i> <i class=\"fa fa-circle-o\"></i> </td><td align=\"right\"><i class=\"fa fa-circle-o\"></i> <i class=\"fa fa-circle\"></i> </tr></table>\n|uhtml|bestof|<h2><strong>Game 2</strong> of <a href=\"/game-bestof3-gen9championsvgc2026regmbbo3-2674144015\">a best-of-3</a></h2>\n|t:|1788305932\n|gametype|doubles\n|player|p1|Voltx5|2|1127\n|player|p2|Yippeeeeeeeevgc|102|1144\n|gen|9\n|tier|[Gen 9 Champions] VGC 2026 Reg M-B (Bo3)\n|rated|\n|rule|Species Clause: Limit one of each Pokémon\n|rule|Item Clause: Limit 1 of each item\n|clearpoke\n|poke|p1|Raichu, L50, F|\n|poke|p1|Feraligatr, L50, F, shiny|\n|poke|p1|Torterra, L50, F, shiny|\n|poke|p1|Talonflame, L50, F, shiny|\n|poke|p1|Ninetales-Alola, L50, M|\n|poke|p1|Farigiraf, L50, F|\n|poke|p2|Pelipper, L50, F|\n|poke|p2|Swampert, L50, M|\n|poke|p2|Archaludon, L50, F|\n|poke|p2|Sneasler, L50, F|\n|poke|p2|Venusaur, L50, M|\n|poke|p2|Charizard, L50, F|\n|teampreview|4\n|showteam|p1|Raichu||RaichuniteY|LightningRod|Protect,FakeOut,FocusBlast,ZapCannon|Timid||F|||50|]Feraligatr||LifeOrb|SheerForce|Protect,Liquidation,Crunch,IronTail|Brave||F|||50|]Torterra||WhiteHerb|ShellArmor|Protect,ShellSmash,WoodHammer,HeadlongRush|Jolly||F|||50|]Talonflame|||GaleWings|Protect,Tailwind,Acrobatics,FlareBlitz|Jolly||F|||50|]Ninetales-Alola||FocusSash|SnowWarning|Protect,AuroraVeil,Blizzard,Moonblast|Timid||M|||50|]Farigiraf||SitrusBerry|ArmorTail|Protect,NastyPlot,TwinBeam,TrickRoom|Sassy||F|||50|\n|showteam|p2|Pelipper||DampRock|Drizzle|Tailwind,Protect,WeatherBall,WideGuard|Calm||F|||50|]Swampert||Swampertite|Torrent|WaveCrash,HighHorsepower,FlipTurn,Protect|Careful||M|||50|]Archaludon||Leftovers|Stamina|ElectroShot,FlashCannon,DragonPulse,Protect|Timid||F|||50|]Sneasler||FocusSash|Unburden|Feint,CloseCombat,DireClaw,FakeOut|Adamant||F|||50|]Venusaur||SitrusBerry|Chlorophyll|SleepPowder,GigaDrain,Protect,SludgeBomb|Calm||M|||50|]Charizard||CharizarditeY|Blaze|HeatWave,AncientPower,Protect,Overheat|Timid||F|||50|\n|\n|t:|1788305962\n|teamsize|p1|4\n|teamsize|p2|4\n|start\n|switch|p1a: Raichu|Raichu, L50, F|100/100\n|switch|p1b: Torterra|Torterra, L50, F, shiny|100/100\n|switch|p2a: Sneasler|Sneasler, L50, F|100/100\n|switch|p2b: Charizard|Charizard, L50, F|100/100\n|turn|1\n|\n|t:|1788305990\n|switch|p2a: Archaludon|Archaludon, L50, F|100/100\n|switch|p1b: Feraligatr|Feraligatr, L50, F, shiny|100/100\n|detailschange|p1a: Raichu|Raichu-Mega-Y, L50, F\n|-mega|p1a: Raichu|Raichu|Raichunite Y\n|move|p1a: Raichu|Fake Out|p2b: Charizard\n|-damage|p2b: Charizard|87/100\n|cant|p2b: Charizard|flinch\n|\n|upkeep\n|turn|2\n|\n|t:|1788306054\n|switch|p2a: Venusaur|Venusaur, L50, M|100/100\n|move|p2b: Charizard|Protect|p2b: Charizard\n|-singleturn|p2b: Charizard|Protect\n|move|p1b: Feraligatr|Protect|p1b: Feraligatr\n|-singleturn|p1b: Feraligatr|Protect\n|move|p1a: Raichu|Zap Cannon|p2b: Charizard\n|-activate|p2b: Charizard|move: Protect\n|\n|upkeep\n|turn|3\n|\n|t:|1788306087\n|switch|p1b: Torterra|Torterra, L50, F, shiny|100/100\n|detailschange|p2b: Charizard|Charizard-Mega-Y, L50, F\n|-mega|p2b: Charizard|Charizard|Charizardite Y\n|-weather|SunnyDay|[from] ability: Drought|[of] p2b: Charizard\n|move|p2a: Venusaur|Sleep Powder|p1a: Raichu\n|-status|p1a: Raichu|slp|[from] move: Sleep Powder\n|cant|p1a: Raichu|slp\n|move|p2b: Charizard|Overheat|p1a: Raichu\n|-damage|p1a: Raichu|0 fnt\n|-unboost|p2b: Charizard|spa|2\n|faint|p1a: Raichu\n|\n|-weather|SunnyDay|[upkeep]\n|upkeep\n|\n|t:|1788306097\n|switch|p1a: Ninetales|Ninetales-Alola, L50, M|100/100\n|-weather|Snowscape|[from] ability: Snow Warning|[of] p1a: Ninetales\n|turn|4\n|\n|t:|1788306124\n|switch|p2b: Archaludon|Archaludon, L50, F|100/100\n|move|p1a: Ninetales|Blizzard|p2a: Venusaur|[spread] p2a,p2b\n|-supereffective|p2a: Venusaur|1\n|-damage|p2a: Venusaur|30/100\n|-damage|p2b: Archaludon|53/100\n|-ability|p2b: Archaludon|Stamina|boost\n|-boost|p2b: Archaludon|def|1\n|-enditem|p2a: Venusaur|Sitrus Berry|[eat]\n|-heal|p2a: Venusaur|54/100|[from] item: Sitrus Berry\n|move|p2a: Venusaur|Sludge Bomb|p1b: Torterra\n|-damage|p1b: Torterra|70/100\n|move|p1b: Torterra|Shell Smash|p1b: Torterra\n|-unboost|p1b: Torterra|def|1\n|-unboost|p1b: Torterra|spd|1\n|-boost|p1b: Torterra|atk|2\n|-boost|p1b: Torterra|spa|2\n|-boost|p1b: Torterra|spe|2\n|-enditem|p1b: Torterra|White Herb\n|-clearnegativeboost|p1b: Torterra|[silent]\n|\n|-weather|Snowscape|[upkeep]\n|-heal|p2b: Archaludon|59/100|[from] item: Leftovers\n|upkeep\n|turn|5\n|\n|t:|1788306157\n|switch|p2b: Charizard|Charizard-Mega-Y, L50, F|87/100\n|-weather|SunnyDay|[from] ability: Drought|[of] p2b: Charizard\n|move|p2a: Venusaur|Sludge Bomb|p1a: Ninetales\n|-supereffective|p1a: Ninetales|1\n|-damage|p1a: Ninetales|20/100r\n|move|p1b: Torterra|Headlong Rush|p2b: Charizard\n|-immune|p2b: Charizard\n|move|p1a: Ninetales|Blizzard|p2b: Charizard|[spread] p2a\n|-miss|p1a: Ninetales|p2b: Charizard\n|-supereffective|p2a: Venusaur|1\n|-damage|p2a: Venusaur|0 fnt\n|faint|p2a: Venusaur\n|\n|-weather|SunnyDay|[upkeep]\n|upkeep\n|\n|t:|1788306176\n|switch|p2a: Sneasler|Sneasler, L50, F|100/100\n|turn|6\n|\n|t:|1788306189\n|move|p1b: Torterra|Protect|p1b: Torterra\n|-singleturn|p1b: Torterra|Protect\n|move|p1a: Ninetales|Protect|p1a: Ninetales\n|-singleturn|p1a: Ninetales|Protect\n|move|p2a: Sneasler|Feint|p1b: Torterra\n|-activate|p1b: Torterra|move: Feint\n|-damage|p1b: Torterra|59/100\n|move|p2b: Charizard|Heat Wave|p1a: Ninetales|[spread] \n|-activate|p1a: Ninetales|move: Protect\n|-miss|p2b: Charizard|p1b: Torterra\n|\n|-weather|SunnyDay|[upkeep]\n|upkeep\n|turn|7\n|\n|t:|1788306213\n|switch|p2a: Archaludon|Archaludon, L50, F|59/100\n|move|p1b: Torterra|Headlong Rush|p2a: Archaludon\n|-supereffective|p2a: Archaludon|1\n|-damage|p2a: Archaludon|0 fnt\n|-unboost|p1b: Torterra|def|1\n|-unboost|p1b: Torterra|spd|1\n|faint|p2a: Archaludon\n|move|p1a: Ninetales|Blizzard|p2b: Charizard\n|-damage|p2b: Charizard|45/100\n|move|p2b: Charizard|Heat Wave|p1b: Torterra|[spread] p1a,p1b\n|-supereffective|p1a: Ninetales|1\n|-supereffective|p1b: Torterra|1\n|-damage|p1a: Ninetales|0 fnt\n|-damage|p1b: Torterra|0 fnt\n|faint|p1a: Ninetales\n|faint|p1b: Torterra\n|\n|-weather|SunnyDay|[upkeep]\n|upkeep\n|\n|t:|1788306232\n|switch|p2a: Sneasler|Sneasler, L50, F|100/100\n|switch|p1b: Feraligatr|Feraligatr, L50, F, shiny|100/100\n|turn|8\n|\n|t:|1788306245\n|move|p2a: Sneasler|Fake Out|p1b: Feraligatr\n|-damage|p1b: Feraligatr|83/100\n|move|p2b: Charizard|Ancient Power|p1b: Feraligatr\n|-damage|p1b: Feraligatr|57/100\n|cant|p1b: Feraligatr|flinch\n|\n|-weather|SunnyDay|[upkeep]\n|upkeep\n|turn|9\n|-message|Voltx5 forfeited.\n|\n|win|Yippeeeeeeeevgc\n|raw|Voltx5's rating: 1127 &rarr; <strong>1103</strong><br />(-24 for losing)\n|raw|Yippeeeeeeeevgc's rating: 1144 &rarr; <strong>1168</strong><br />(+24 for winning)\n|l|☆Voltx5\n|player|p1|\n|l|☆Yippeeeeeeeevgc\n|player|p2|\n|j|☆Yippeeeeeeeevgc\n|player|p2|Yippeeeeeeeevgc|102|\n","uploadtime":1788306275,"views":"3","formatid":"gen9championsvgc2026regmbbo3","rating":1103,"private":0,"password":null}