{"id":"gen9championsvgc2026regmb-2674253666","format":"[Gen 9 Champions] VGC 2026 Reg M-B","players":["mpo11123","Thornlace48812"],"log":"|j|☆mpo11123\n|j|☆Thornlace48812\n|t:|1788324120\n|gametype|doubles\n|player|p1|mpo11123|elesa|1046\n|player|p2|Thornlace48812|1|1034\n|gen|9\n|tier|[Gen 9 Champions] VGC 2026 Reg M-B\n|rated|\n|rule|Species Clause: Limit one of each Pokémon\n|rule|Item Clause: Limit 1 of each item\n|clearpoke\n|poke|p1|Abomasnow, L50, F|\n|poke|p1|Charizard, L50, M|\n|poke|p1|Clawitzer, L50, M|\n|poke|p1|Whimsicott, L50, M|\n|poke|p1|Farigiraf, L50, F|\n|poke|p1|Incineroar, L50, F|\n|poke|p2|Garchomp, L50, F|\n|poke|p2|Charizard, L50, M|\n|poke|p2|Whimsicott, L50, F|\n|poke|p2|Sylveon, L50, M|\n|poke|p2|Kingambit, L50, M|\n|poke|p2|Basculegion, L50, M|\n|teampreview|4\n|inactive|Battle timer is ON: inactive players will automatically lose when time's up. (requested by Thornlace48812)\n|inactive|mpo11123 also wants the timer to be on.\nThornlace48812 rejected open team sheets.\n|\n|t:|1788324146\n|teamsize|p1|4\n|teamsize|p2|4\n|start\n|switch|p1a: Farigiraf|Farigiraf, L50, F|100/100\n|switch|p1b: Incineroar|Incineroar, L50, F|100/100\n|switch|p2a: Charizard|Charizard, L50, M|100/100\n|switch|p2b: Whimsicott|Whimsicott, L50, F|100/100\n|-ability|p1b: Incineroar|Intimidate|boost\n|-unboost|p2a: Charizard|atk|1\n|-unboost|p2b: Whimsicott|atk|1\n|turn|1\n|\n|t:|1788324159\n|detailschange|p2a: Charizard|Charizard-Mega-Y, L50, M\n|-mega|p2a: Charizard|Charizard|Charizardite Y\n|-weather|SunnyDay|[from] ability: Drought|[of] p2a: Charizard\n|move|p1b: Incineroar|Fake Out|p2a: Charizard\n|-damage|p2a: Charizard|87/100\n|move|p2b: Whimsicott|Moonblast|p1b: Incineroar\n|-crit|p1b: Incineroar\n|-damage|p1b: Incineroar|55/100\n|cant|p2a: Charizard|flinch\n|move|p1a: Farigiraf|Trick Room|p1a: Farigiraf\n|-fieldstart|move: Trick Room|[of] p1a: Farigiraf\n|\n|-weather|SunnyDay|[upkeep]\n|upkeep\n|turn|2\n|\n|t:|1788324170\n|move|p2b: Whimsicott|Protect|p2b: Whimsicott\n|-singleturn|p2b: Whimsicott|Protect\n|move|p1b: Incineroar|Parting Shot|p2a: Charizard\n|-unboost|p2a: Charizard|atk|1\n|-unboost|p2a: Charizard|spa|1\n|\n|t:|1788324174\n|switch|p1b: Clawitzer|Clawitzer, L50, M|100/100|[from] Parting Shot\n|move|p1a: Farigiraf|Thunderbolt|p2a: Charizard\n|-supereffective|p2a: Charizard|1\n|-damage|p2a: Charizard|42/100\n|-status|p2a: Charizard|par\n|cant|p2a: Charizard|par\n|\n|-weather|SunnyDay|[upkeep]\n|upkeep\n|turn|3\n|\n|t:|1788324180\n|switch|p1b: Abomasnow|Abomasnow, L50, F|100/100\n|-weather|Snowscape|[from] ability: Snow Warning|[of] p1b: Abomasnow\n|move|p2a: Charizard|Heat Wave|p1a: Farigiraf|[spread] p1b\n|-miss|p2a: Charizard|p1a: Farigiraf\n|-supereffective|p1b: Abomasnow|2\n|-damage|p1b: Abomasnow|8/100\n|move|p1a: Farigiraf|Psychic|p2b: Whimsicott\n|-damage|p2b: Whimsicott|47/100\n|-unboost|p2b: Whimsicott|spd|1\n|move|p2b: Whimsicott|Moonblast|p1b: Abomasnow\n|-damage|p1b: Abomasnow|0 fnt\n|faint|p1b: Abomasnow\n|\n|-weather|Snowscape|[upkeep]\n|upkeep\n|\n|t:|1788324183\n|switch|p1b: Clawitzer|Clawitzer, L50, M|100/100\n|turn|4\n|\n|t:|1788324187\n|move|p2b: Whimsicott|Protect|p2b: Whimsicott\n|-singleturn|p2b: Whimsicott|Protect\n|move|p1b: Clawitzer|Blizzard|p2a: Charizard|[spread] p2a\n|-activate|p2b: Whimsicott|move: Protect\n|-damage|p2a: Charizard|1/100 par\n|-damage|p1b: Clawitzer|90/100|[from] item: Life Orb\n|move|p2a: Charizard|Heat Wave|p1a: Farigiraf|[spread] p1a\n|-miss|p2a: Charizard|p1b: Clawitzer\n|-damage|p1a: Farigiraf|70/100\n|move|p1a: Farigiraf|Thunderbolt|p2a: Charizard\n|-supereffective|p2a: Charizard|1\n|-damage|p2a: Charizard|0 fnt\n|faint|p2a: Charizard\n|\n|-weather|Snowscape|[upkeep]\n|upkeep\n|\n|t:|1788324187\n|switch|p2a: Sylveon|Sylveon, L50, M|100/100\n|turn|5\n|\n|t:|1788324191\n|move|p2b: Whimsicott|Tailwind|p2b: Whimsicott\n|-sidestart|p2: Thornlace48812|move: Tailwind\n|move|p1b: Clawitzer|Blizzard|p2a: Sylveon|[spread] p2a,p2b\n|-supereffective|p2b: Whimsicott|1\n|-damage|p2a: Sylveon|72/100\n|-damage|p2b: Whimsicott|0 fnt\n|faint|p2b: Whimsicott\n|-damage|p1b: Clawitzer|80/100|[from] item: Life Orb\n|move|p1a: Farigiraf|Psychic|p2a: Sylveon\n|-damage|p2a: Sylveon|45/100\n|move|p2a: Sylveon|Hyper Voice|p1a: Farigiraf|[spread] p1a,p1b\n|-damage|p1a: Farigiraf|23/100\n|-damage|p1b: Clawitzer|28/100\n|\n|-weather|Snowscape|[upkeep]\n|-fieldend|move: Trick Room\n|upkeep\n|\n|t:|1788324192\n|switch|p2b: Basculegion|Basculegion, L50, M|100/100\n|turn|6\n|\n|t:|1788324199\n|switch|p1a: Incineroar|Incineroar, L50, F|55/100\n|-ability|p1a: Incineroar|Intimidate|boost\n|-unboost|p2a: Sylveon|atk|1\n|-unboost|p2b: Basculegion|atk|1\n|move|p2b: Basculegion|Last Respects|p1b: Clawitzer\n|-damage|p1b: Clawitzer|0 fnt\n|faint|p1b: Clawitzer\n|move|p2a: Sylveon|Hyper Voice|p1a: Incineroar\n|-damage|p1a: Incineroar|0 fnt\n|faint|p1a: Incineroar\n|\n|-weather|Snowscape|[upkeep]\n|upkeep\n|-message|mpo11123 forfeited.\n|\n|win|Thornlace48812\n|raw|mpo11123's rating: 1046 &rarr; <strong>1028</strong><br />(-18 for losing)\n|raw|Thornlace48812's rating: 1017 &rarr; <strong>1058</strong><br />(+41 for winning)\n","uploadtime":1788324204,"views":"4","formatid":"gen9championsvgc2026regmb","rating":1028,"private":0,"password":null}