{"id":"gen9championsvgc2026regmb-2674451703","format":"[Gen 9 Champions] VGC 2026 Reg M-B","players":["Quaaloods","itabigloser"],"log":"|j|☆Quaaloods\n|j|☆itabigloser\n|t:|1788361446\n|gametype|doubles\n|player|p1|Quaaloods|petrel|1306\n|player|p2|itabigloser|hilbert|1244\n|gen|9\n|tier|[Gen 9 Champions] VGC 2026 Reg M-B\n|rated|\n|rule|Species Clause: Limit one of each Pokémon\n|rule|Item Clause: Limit 1 of each item\n|clearpoke\n|poke|p1|Ceruledge, L50, M|\n|poke|p1|Farigiraf, L50, F|\n|poke|p1|Sinistcha, L50|\n|poke|p1|Floette-Eternal, L50, F|\n|poke|p1|Incineroar, L50, M|\n|poke|p1|Golurk, L50|\n|poke|p2|Staraptor, L50, M|\n|poke|p2|Floette-Eternal, L50, F|\n|poke|p2|Sinistcha, L50|\n|poke|p2|Whimsicott, L50, F|\n|poke|p2|Garchomp, L50, M|\n|poke|p2|Decidueye-Hisui, L50, M|\n|teampreview|4\n|\n|t:|1788361505\n|teamsize|p1|4\n|teamsize|p2|4\n|start\n|switch|p1a: Incineroar|Incineroar, L50, M|100/100\n|switch|p1b: Télétubbies|Farigiraf, L50, F|100/100\n|switch|p2a: Garchomp|Garchomp, L50, M|100/100\n|switch|p2b: Staraptor|Staraptor, L50, M|100/100\n|-ability|p2b: Staraptor|Intimidate|boost\n|-unboost|p1a: Incineroar|atk|1\n|-unboost|p1b: Télétubbies|atk|1\n|-ability|p1a: Incineroar|Intimidate|boost\n|-unboost|p2a: Garchomp|atk|1\n|-unboost|p2b: Staraptor|atk|1\n|turn|1\n|inactive|Battle timer is ON: inactive players will automatically lose when time's up. (requested by itabigloser)\n|\n|t:|1788361537\n|detailschange|p2b: Staraptor|Staraptor-Mega, L50, M\n|-mega|p2b: Staraptor|Staraptor|Staraptite\n|move|p1a: Incineroar|Fake Out|p2b: Staraptor\n|-damage|p2b: Staraptor|90/100\n|move|p2a: Garchomp|Earthquake|p1a: Incineroar|[spread] p1a,p1b\n|-immune|p2b: Staraptor\n|-supereffective|p1a: Incineroar|1\n|-damage|p1a: Incineroar|48/100\n|-damage|p1b: Télétubbies|77/100\n|cant|p2b: Staraptor|flinch\n|move|p1b: Télétubbies|Psychic Noise|p2a: Garchomp\n|-damage|p2a: Garchomp|68/100\n|-start|p2a: Garchomp|move: Heal Block\n|\n|upkeep\n|turn|2\n|inactive|Quaaloods has 30 seconds left.\n|inactive|itabigloser has 30 seconds left.\n|\n|t:|1788361570\n|switch|p1a: Mojito|Sinistcha, L50|100/100\n|-heal|p1b: Télétubbies|100/100|[from] ability: Hospitality|[of] p1a: Mojito\n|move|p2a: Garchomp|Earthquake|p1b: Télétubbies|[spread] p1a,p1b\n|-immune|p2b: Staraptor\n|-resisted|p1a: Mojito|1\n|-damage|p1a: Mojito|88/100\n|-damage|p1b: Télétubbies|77/100\n|move|p2b: Staraptor|Brave Bird|p1b: Télétubbies\n|-damage|p1b: Télétubbies|44/100\n|-enditem|p1b: Télétubbies|Sitrus Berry|[eat]\n|-heal|p1b: Télétubbies|69/100|[from] item: Sitrus Berry\n|-damage|p2b: Staraptor|75/100|[from] Recoil\n|move|p1b: Télétubbies|Trick Room|p1b: Télétubbies\n|-fieldstart|move: Trick Room|[of] p1b: Télétubbies\n|\n|-end|p2a: Garchomp|move: Heal Block\n|upkeep\n|turn|3\n|inactive|itabigloser has 30 seconds left.\n|\n|t:|1788361601\n|switch|p2a: Whimsicott|Whimsicott, L50, F|100/100\n|move|p2b: Staraptor|Protect|p2b: Staraptor\n|-singleturn|p2b: Staraptor|Protect\n|move|p1b: Télétubbies|Psychic Noise|p2b: Staraptor\n|-activate|p2b: Staraptor|move: Protect\n|move|p1a: Mojito|Matcha Gotcha|p2a: Whimsicott|[spread] p2a\n|-activate|p2b: Staraptor|move: Protect\n|-resisted|p2a: Whimsicott|1\n|-damage|p2a: Whimsicott|86/100\n|-heal|p1a: Mojito|93/100|[from] drain|[of] p2a: Whimsicott\n|\n|upkeep\n|turn|4\n|\n|t:|1788361628\n|switch|p2b: Garchomp|Garchomp, L50, M|68/100\n|move|p1b: Télétubbies|Psychic Noise|p2b: Garchomp\n|-damage|p2b: Garchomp|38/100\n|-start|p2b: Garchomp|move: Heal Block\n|move|p1a: Mojito|Matcha Gotcha|p2a: Whimsicott|[spread] p2a,p2b\n|-resisted|p2a: Whimsicott|1\n|-damage|p2a: Whimsicott|73/100\n|-heal|p1a: Mojito|98/100|[from] drain|[of] p2a: Whimsicott\n|-damage|p2b: Garchomp|8/100\n|-heal|p1a: Mojito|100/100|[from] drain|[of] p2b: Garchomp\n|move|p2a: Whimsicott|Moonblast|p1a: Mojito\n|-damage|p1a: Mojito|71/100\n|\n|upkeep\n|turn|5\n|\n|t:|1788361652\n|move|p1b: Télétubbies|Psychic Noise|p2b: Garchomp\n|-damage|p2b: Garchomp|0 fnt\n|faint|p2b: Garchomp\n|move|p1a: Mojito|Life Dew|p1a: Mojito|[spread] p1a,p1b\n|-heal|p1a: Mojito|96/100\n|-heal|p1b: Télétubbies|94/100\n|move|p2a: Whimsicott|Moonblast|p1a: Mojito\n|-damage|p1a: Mojito|71/100\n|\n|upkeep\n|\n|t:|1788361665\n|switch|p2b: Staraptor|Staraptor-Mega, L50, M|75/100\n|turn|6\n|\n|t:|1788361688\n|move|p2b: Staraptor|Protect|p2b: Staraptor\n|-singleturn|p2b: Staraptor|Protect\n|move|p1b: Télétubbies|Psychic Noise|p2b: Staraptor\n|-activate|p2b: Staraptor|move: Protect\n|move|p1a: Mojito|Matcha Gotcha|p2b: Staraptor|[spread] p2a\n|-activate|p2b: Staraptor|move: Protect\n|-resisted|p2a: Whimsicott|1\n|-damage|p2a: Whimsicott|60/100\n|-heal|p1a: Mojito|76/100|[from] drain|[of] p2a: Whimsicott\n|move|p2a: Whimsicott|Moonblast|p1b: Télétubbies\n|-damage|p1b: Télétubbies|71/100\n|\n|-fieldend|move: Trick Room\n|upkeep\n|turn|7\n|inactive|Quaaloods has 30 seconds left.\n|inactive|itabigloser has 30 seconds left.\n|\n|t:|1788361718\n|move|p1b: Télétubbies|Ally Switch|p1b: Télétubbies\n|swap|p1b: Télétubbies|0|[from] move: Ally Switch\n|move|p2b: Staraptor|Brave Bird|p1b: Mojito\n|-supereffective|p1b: Mojito|1\n|-damage|p1b: Mojito|0 fnt\n|faint|p1b: Mojito\n|-damage|p2b: Staraptor|48/100|[from] Recoil\n|move|p2a: Whimsicott|Moonblast|p1a: Télétubbies\n|-damage|p1a: Télétubbies|48/100\n|\n|upkeep\n|\n|t:|1788361728\n|switch|p1b: Hiroshima|Floette-Eternal, L50, F|100/100\n|turn|8\n|inactive|itabigloser has 30 seconds left.\n|\n|t:|1788361753\n|detailschange|p1b: Hiroshima|Floette-Mega, L50, F\n|-mega|p1b: Hiroshima|Floette|Floettite\n|-ability|p1b: Hiroshima|Fairy Aura\n|move|p1a: Télétubbies|Helping Hand|p1b: Hiroshima\n|-singleturn|p1b: Hiroshima|Helping Hand|[of] p1a: Télétubbies\n|move|p2b: Staraptor|Brave Bird|p1a: Télétubbies\n|-damage|p1a: Télétubbies|0 fnt\n|faint|p1a: Télétubbies\n|-damage|p2b: Staraptor|25/100|[from] Recoil\n|move|p1b: Hiroshima|Dazzling Gleam|p2a: Whimsicott|[spread] p2a,p2b\n|-supereffective|p2b: Staraptor|1\n|-damage|p2a: Whimsicott|0 fnt\n|-damage|p2b: Staraptor|0 fnt\n|faint|p2a: Whimsicott\n|faint|p2b: Staraptor\n|\n|upkeep\n|inactive|Quaaloods has 30 seconds left.\n|\n|t:|1788361779\n|switch|p2b: Decidueye|Decidueye-Hisui, L50, M|100/100\n|switch|p1a: Incineroar|Incineroar, L50, M|48/100\n|-ability|p1a: Incineroar|Intimidate|boost\n|-fail|p2b: Decidueye|unboost|atk|[from] ability: Scrappy|[of] p2b: Decidueye\n|turn|9\n|\n|t:|1788361791\n|move|p2b: Decidueye|Protect|p2b: Decidueye\n|-singleturn|p2b: Decidueye|Protect\n|move|p1a: Incineroar|Fake Out|p2b: Decidueye\n|-activate|p2b: Decidueye|move: Protect\n|move|p1b: Hiroshima|Moonblast|p2b: Decidueye\n|-activate|p2b: Decidueye|move: Protect\n|\n|upkeep\n|turn|10\n|\n|t:|1788361810\n|move|p1b: Hiroshima|Moonblast|p2b: Decidueye\n|-supereffective|p2b: Decidueye|1\n|-damage|p2b: Decidueye|0 fnt\n|faint|p2b: Decidueye\n|\n|win|Quaaloods\n|raw|Quaaloods's rating: 1306 &rarr; <strong>1322</strong><br />(+16 for winning)\n|raw|itabigloser's rating: 1244 &rarr; <strong>1223</strong><br />(-21 for losing)\n","uploadtime":1788361810,"views":"0","formatid":"gen9championsvgc2026regmb","rating":1223,"private":0,"password":null}