{"id":"gen9championsvgc2026regmb-2674799753","format":"[Gen 9 Champions] VGC 2026 Reg M-B","players":["carrotbeafsteak","GUARAPOLOVER"],"log":"|j|☆carrotbeafsteak\n|j|☆GUARAPOLOVER\n|t:|1788409156\n|gametype|doubles\n|player|p1|carrotbeafsteak|170|1311\n|player|p2|GUARAPOLOVER|bellelba|1197\n|gen|9\n|tier|[Gen 9 Champions] VGC 2026 Reg M-B\n|rated|\n|rule|Species Clause: Limit one of each Pokémon\n|rule|Item Clause: Limit 1 of each item\n|clearpoke\n|poke|p1|Simipour, L50, F|\n|poke|p1|Simisage, L50, M|\n|poke|p1|Simisear, L50, F|\n|poke|p1|Pelipper, L50, F|\n|poke|p1|Torkoal, L50, M|\n|poke|p1|Gyarados, L50, F|\n|poke|p2|Volcarona, L50, M|\n|poke|p2|Froslass, L50, F|\n|poke|p2|Serperior, L50, F|\n|poke|p2|Araquanid, L50, M|\n|poke|p2|Tinkaton, L50, F|\n|poke|p2|Lycanroc-Dusk, L50, M|\n|teampreview|4\nGUARAPOLOVER rejected open team sheets.\n|c|☆carrotbeafsteak|that dog completely blocked the tinkaton\n|c|☆carrotbeafsteak|it's hilarious to look at from my side in the preview lol\n|\n|t:|1788409239\n|teamsize|p1|4\n|teamsize|p2|4\n|start\n|switch|p1a: Simisear|Simisear, L50, F|100/100\n|switch|p1b: Simipour|Simipour, L50, F|100/100\n|switch|p2a: Tinkaton|Tinkaton, L50, F|100/100\n|switch|p2b: Lycanroc|Lycanroc-Dusk, L50, M|100/100\n|-ability|p2a: Tinkaton|Mold Breaker\n|turn|1\n|\n|t:|1788409256\n|move|p1a: Simisear|Fake Out|p2b: Lycanroc\n|-resisted|p2b: Lycanroc|1\n|-damage|p2b: Lycanroc|93/100\n|move|p2a: Tinkaton|Fake Out|p1b: Simipour\n|-damage|p1b: Simipour|86/100\n|cant|p1b: Simipour|flinch\n|cant|p2b: Lycanroc|flinch\n|\n|upkeep\n|turn|2\n|\n|t:|1788409272\n|move|p2b: Lycanroc|Protect|p2b: Lycanroc\n|-singleturn|p2b: Lycanroc|Protect\n|move|p1b: Simipour|Hydro Pump|p2b: Lycanroc\n|-activate|p2b: Lycanroc|move: Protect\n|move|p1a: Simisear|Fire Blast|p2a: Tinkaton|[miss]\n|-miss|p1a: Simisear|p2a: Tinkaton\n|move|p2a: Tinkaton|Encore|p1a: Simisear\n|-start|p1a: Simisear|Encore\n|\n|upkeep\n|turn|3\n|\n|t:|1788409310\n|switch|p2a: Froslass|Froslass, L50, F|100/100\n|move|p2b: Lycanroc|Accelerock|p1a: Simisear\n|-supereffective|p1a: Simisear|1\n|-enditem|p1a: Simisear|Focus Sash\n|-damage|p1a: Simisear|1/100\n|move|p1b: Simipour|Hydro Pump|p2b: Lycanroc\n|-supereffective|p2b: Lycanroc|1\n|-damage|p2b: Lycanroc|0 fnt\n|faint|p2b: Lycanroc\n|move|p1a: Simisear|Fire Blast|p2a: Froslass\n|-supereffective|p2a: Froslass|1\n|-damage|p2a: Froslass|0 fnt\n|faint|p2a: Froslass\n|\n|upkeep\n|\n|t:|1788409324\n|switch|p2b: Tinkaton|Tinkaton, L50, F|100/100\n|switch|p2a: Araquanid|Araquanid, L50, M|100/100\n|-ability|p2b: Tinkaton|Mold Breaker\n|turn|4\n|\n|t:|1788409346\n|switch|p1a: Gyarados|Gyarados, L50, F|100/100\n|-ability|p1a: Gyarados|Intimidate|boost\n|-unboost|p2a: Araquanid|atk|1\n|-unboost|p2b: Tinkaton|atk|1\n|move|p2b: Tinkaton|Fake Out|p1b: Simipour\n|-damage|p1b: Simipour|78/100\n|cant|p1b: Simipour|flinch\n|move|p2a: Araquanid|Liquidation|p1a: Gyarados\n|-resisted|p1a: Gyarados|1\n|-damage|p1a: Gyarados|82/100\n|\n|upkeep\n|turn|5\n|-message|GUARAPOLOVER forfeited.\n|\n|win|carrotbeafsteak\n|raw|carrotbeafsteak's rating: 1311 &rarr; <strong>1325</strong><br />(+14 for winning)\n|raw|GUARAPOLOVER's rating: 1197 &rarr; <strong>1180</strong><br />(-17 for losing)\n|l|☆GUARAPOLOVER\n|player|p2|\n","uploadtime":1788409359,"views":"3","formatid":"gen9championsvgc2026regmb","rating":1180,"private":0,"password":null}