{"id":"gen9championsvgc2026regmb-2674515763","format":"[Gen 9 Champions] VGC 2026 Reg M-B","players":["testdigi","Super cars"],"log":"|j|☆testdigi\n|j|☆Super cars\n|t:|1788368937\n|gametype|doubles\n|player|p1|testdigi|169|1295\n|player|p2|Super cars|170|1215\n|gen|9\n|tier|[Gen 9 Champions] VGC 2026 Reg M-B\n|rated|\n|rule|Species Clause: Limit one of each Pokémon\n|rule|Item Clause: Limit 1 of each item\n|clearpoke\n|poke|p1|Staraptor, L50, F, shiny|\n|poke|p1|Kingambit, L50, M, shiny|\n|poke|p1|Sylveon, L50, M, shiny|\n|poke|p1|Raichu, L50, F|\n|poke|p1|Farigiraf, L50, F, shiny|\n|poke|p1|Basculegion, L50, M|\n|poke|p2|Swampert, L50, F|\n|poke|p2|Pelipper, L50, F|\n|poke|p2|Archaludon, L50, M|\n|poke|p2|Raichu, L50, F|\n|poke|p2|Sinistcha-Masterpiece, L50|\n|poke|p2|Grimmsnarl, L50, M|\n|teampreview|4\n|inactive|Battle timer is ON: inactive players will automatically lose when time's up. (requested by Super cars)\n|inactive|testdigi has 60 seconds left.\nSuper cars has agreed to open team sheets.\n|\n|t:|1788368997\n|teamsize|p1|4\n|teamsize|p2|4\n|start\n|switch|p1a: Basculegion|Basculegion, L50, M|100/100\n|switch|p1b: Raichu|Raichu, L50, F|100/100\n|switch|p2a: Tommaso|Raichu, L50, F|100/100\n|switch|p2b: Piero|Grimmsnarl, L50, M|100/100\n|turn|1\n|\n|t:|1788369013\n|detailschange|p2a: Tommaso|Raichu-Mega-Y, L50, F\n|-mega|p2a: Tommaso|Raichu|Raichunite Y\n|move|p2a: Tommaso|Fake Out|p1b: Raichu\n|-damage|p1b: Raichu|87/100\n|cant|p1b: Raichu|flinch\n|move|p1a: Basculegion|Aqua Jet|p2a: Tommaso\n|-damage|p2a: Tommaso|49/100\n|move|p2b: Piero|Light Screen|p2b: Piero\n|-sidestart|p2: Super cars|move: Light Screen\n|\n|upkeep\n|turn|2\n|\n|t:|1788369036\n|switch|p1a: Sadie Sink|Sylveon, L50, M, shiny|100/100\n|move|p2a: Tommaso|Protect|p2a: Tommaso\n|-singleturn|p2a: Tommaso|Protect\n|move|p1b: Raichu|Protect|p1b: Raichu\n|-singleturn|p1b: Raichu|Protect\n|move|p2b: Piero|Reflect|p2b: Piero\n|-sidestart|p2: Super cars|Reflect\n|\n|upkeep\n|turn|3\n|\n|t:|1788369055\n|move|p2b: Piero|Parting Shot|p1a: Sadie Sink\n|-unboost|p1a: Sadie Sink|atk|1\n|-unboost|p1a: Sadie Sink|spa|1\n|\n|t:|1788369061\n|switch|p2b: The bridge|Archaludon, L50, M|100/100|[from] Parting Shot\n|move|p2a: Tommaso|Focus Blast|p1b: Raichu\n|-damage|p1b: Raichu|17/100\n|move|p1b: Raichu|Focus Blast|p2a: Tommaso\n|-damage|p2a: Tommaso|19/100\n|move|p1a: Sadie Sink|Hyper Voice|p2b: The bridge|[spread] p2a,p2b\n|-damage|p2a: Tommaso|0 fnt\n|-damage|p2b: The bridge|80/100\n|-ability|p2b: The bridge|Stamina|boost\n|-boost|p2b: The bridge|def|1\n|faint|p2a: Tommaso\n|-damage|p1a: Sadie Sink|90/100|[from] item: Life Orb\n|\n|-heal|p2b: The bridge|86/100|[from] item: Leftovers\n|upkeep\n|\n|t:|1788369080\n|switch|p2a: Pepo|Pelipper, L50, F|100/100\n|-weather|RainDance|[from] ability: Drizzle|[of] p2a: Pepo\n|turn|4\n|\n|t:|1788369093\n|switch|p1a: Basculegion|Basculegion, L50, M|100/100\n|move|p1b: Raichu|Protect|p1b: Raichu\n|-singleturn|p1b: Raichu|Protect\n|move|p2a: Pepo|Protect|p2a: Pepo\n|-singleturn|p2a: Pepo|Protect\n|move|p2b: The bridge|Flash Cannon|p1b: Raichu\n|-activate|p1b: Raichu|move: Protect\n|\n|-weather|RainDance|[upkeep]\n|-heal|p2b: The bridge|92/100|[from] item: Leftovers\n|upkeep\n|turn|5\n|inactive|testdigi has 30 seconds left.\n|\n|t:|1788369121\n|detailschange|p1b: Raichu|Raichu-Mega-Y, L50, F\n|-mega|p1b: Raichu|Raichu|Raichunite Y\n|move|p1a: Basculegion|Wave Crash|p2a: Pepo\n|-resisted|p2a: Pepo|1\n|-damage|p2a: Pepo|49/100\n|-damage|p1a: Basculegion|88/100|[from] Recoil\n|move|p1b: Raichu|Focus Blast|p2b: The bridge\n|-supereffective|p2b: The bridge|1\n|-damage|p2b: The bridge|35/100\n|-unboost|p2b: The bridge|spd|1\n|-ability|p2b: The bridge|Stamina|boost\n|-boost|p2b: The bridge|def|1\n|move|p2a: Pepo|Hurricane|p1a: Basculegion\n|-damage|p1a: Basculegion|40/100\n|-start|p1a: Basculegion|confusion\n|move|p2b: The bridge|Flash Cannon|p1b: Raichu\n|-resisted|p1b: Raichu|1\n|-damage|p1b: Raichu|0 fnt\n|faint|p1b: Raichu\n|\n|-weather|RainDance|[upkeep]\n|-heal|p2b: The bridge|41/100|[from] item: Leftovers\n|upkeep\n|\n|t:|1788369126\n|switch|p1b: Sadie Sink|Sylveon, L50, M, shiny|90/100\n|turn|6\n|\n|t:|1788369147\n|switch|p1a: Fridge|Farigiraf, L50, F, shiny|100/100\n|switch|p2a: Piero|Grimmsnarl, L50, M|100/100\n|move|p2b: The bridge|Protect|p2b: The bridge\n|-singleturn|p2b: The bridge|Protect\n|move|p1b: Sadie Sink|Detect||[still]\n|-fail|p1b: Sadie Sink\n|\n|-weather|RainDance|[upkeep]\n|-heal|p2b: The bridge|47/100|[from] item: Leftovers\n|upkeep\n|turn|7\n|inactive|testdigi has 30 seconds left.\n|\n|t:|1788369174\n|switch|p2b: Pepo|Pelipper, L50, F|49/100\n|move|p1a: Fridge|Helping Hand|p1b: Sadie Sink\n|-singleturn|p1b: Sadie Sink|Helping Hand|[of] p1a: Fridge\n|move|p2a: Piero|Imprison|p2a: Piero\n|-start|p2a: Piero|move: Imprison\n|move|p1b: Sadie Sink|Hyper Voice|p2b: Pepo|[spread] p2a,p2b\n|-supereffective|p2a: Piero|1\n|-damage|p2a: Piero|19/100\n|-damage|p2b: Pepo|0 fnt\n|faint|p2b: Pepo\n|-damage|p1b: Sadie Sink|81/100|[from] item: Life Orb\n|\n|-weather|RainDance|[upkeep]\n|upkeep\n|\n|t:|1788369190\n|switch|p2b: The bridge|Archaludon, L50, M|47/100\n|turn|8\n|\n|t:|1788369206\n|move|p1b: Sadie Sink|Detect|p1b: Sadie Sink\n|-singleturn|p1b: Sadie Sink|Protect\n|move|p2a: Piero|Parting Shot||[still]\n|cant|p1a: Fridge|ability: Armor Tail|Parting Shot|[of] p2a: Piero\n|move|p2b: The bridge|Electro Shot||[still]\n|-prepare|p2b: The bridge|Electro Shot\n|-boost|p2b: The bridge|spa|1\n|-anim|p2b: The bridge|Electro Shot|p1b: Sadie Sink\n|-activate|p1b: Sadie Sink|move: Protect\n|move|p1a: Fridge|Psychic|p2b: The bridge\n|-resisted|p2b: The bridge|1\n|-damage|p2b: The bridge|37/100\n|-ability|p2b: The bridge|Stamina|boost\n|-boost|p2b: The bridge|def|1\n|\n|-weather|none\n|-heal|p2b: The bridge|43/100|[from] item: Leftovers\n|-sideend|p2: Super cars|move: Light Screen\n|upkeep\n|turn|9\n|\n|t:|1788369227\n|move|p2a: Piero|Light Screen|p2a: Piero\n|-sidestart|p2: Super cars|move: Light Screen\n|move|p2b: The bridge|Flash Cannon|p1b: Sadie Sink\n|-supereffective|p1b: Sadie Sink|1\n|-damage|p1b: Sadie Sink|2/100\n|-unboost|p1b: Sadie Sink|spd|1\n|move|p1b: Sadie Sink|Hyper Voice|p2a: Piero|[spread] p2a,p2b\n|-supereffective|p2a: Piero|1\n|-damage|p2a: Piero|0 fnt\n|-damage|p2b: The bridge|9/100\n|-ability|p2b: The bridge|Stamina|boost\n|-boost|p2b: The bridge|def|1\n|faint|p2a: Piero\n|-damage|p1b: Sadie Sink|0 fnt|[from] item: Life Orb\n|faint|p1b: Sadie Sink\n|move|p1a: Fridge|Psychic|p2b: The bridge\n|-resisted|p2b: The bridge|1\n|-damage|p2b: The bridge|0 fnt\n|faint|p2b: The bridge\n|\n|win|testdigi\n","uploadtime":1788368939,"views":"0","formatid":"gen9championsvgc2026regmb","rating":null,"private":0,"password":null}