{"id":"gen9championsvgc2026regmb-2674879732","format":"[Gen 9 Champions] VGC 2026 Reg M-B","players":["anguslo","Aaronth.tsui"],"log":"|j|☆anguslo\n|j|☆Aaronth.tsui\n|t:|1788427781\n|gametype|doubles\n|player|p1|anguslo|266|1127\n|player|p2|Aaronth.tsui|cynthia|1126\n|gen|9\n|tier|[Gen 9 Champions] VGC 2026 Reg M-B\n|rated|\n|rule|Species Clause: Limit one of each Pokémon\n|rule|Item Clause: Limit 1 of each item\n|clearpoke\n|poke|p1|Gholdengo, L50, shiny|\n|poke|p1|Pelipper, L50, M|\n|poke|p1|Blastoise, L50, F|\n|poke|p1|Sinistcha-Masterpiece, L50|\n|poke|p1|Incineroar, L50, M|\n|poke|p1|Grimmsnarl, L50, M|\n|poke|p2|Dragonite, L50, M|\n|poke|p2|Basculegion, L50, M|\n|poke|p2|Sneasler, L50, F|\n|poke|p2|Garchomp, L50, F|\n|poke|p2|Kingambit, L50, M|\n|poke|p2|Raichu, L50, F|\n|teampreview|4\n|\n|t:|1788427829\n|teamsize|p1|4\n|teamsize|p2|4\n|start\n|switch|p1a: Blastoise|Blastoise, L50, F|100/100\n|switch|p1b: Sinistcha|Sinistcha-Masterpiece, L50|100/100\n|switch|p2a: Garchomp|Garchomp, L50, F|100/100\n|switch|p2b: Dragonite|Dragonite, L50, M|100/100\n|turn|1\n|\n|t:|1788427845\n|detailschange|p2b: Dragonite|Dragonite-Mega, L50, M\n|-mega|p2b: Dragonite|Dragonite|Dragoninite\n|detailschange|p1a: Blastoise|Blastoise-Mega, L50, F\n|-mega|p1a: Blastoise|Blastoise|Blastoisinite\n|move|p1b: Sinistcha|Rage Powder|p1b: Sinistcha\n|-singleturn|p1b: Sinistcha|move: Rage Powder\n|move|p2a: Garchomp|Earthquake|p1a: Blastoise|[spread] p1a,p1b\n|-immune|p2b: Dragonite\n|-resisted|p1b: Sinistcha|1\n|-damage|p1a: Blastoise|65/100\n|-damage|p1b: Sinistcha|81/100\n|move|p2b: Dragonite|Dragon Pulse|p1b: Sinistcha\n|-damage|p1b: Sinistcha|37/100\n|move|p1a: Blastoise|Shell Smash|p1a: Blastoise\n|-unboost|p1a: Blastoise|def|1\n|-unboost|p1a: Blastoise|spd|1\n|-boost|p1a: Blastoise|atk|2\n|-boost|p1a: Blastoise|spa|2\n|-boost|p1a: Blastoise|spe|2\n|\n|upkeep\n|turn|2\n|\n|t:|1788427866\n|switch|p1b: Pelipper|Pelipper, L50, M|100/100\n|-weather|RainDance|[from] ability: Drizzle|[of] p1b: Pelipper\n|move|p1a: Blastoise|Protect|p1a: Blastoise\n|-singleturn|p1a: Blastoise|Protect\n|move|p2a: Garchomp|Earthquake|p1b: Pelipper|[spread] \n|-activate|p1a: Blastoise|move: Protect\n|-immune|p2b: Dragonite\n|-immune|p1b: Pelipper\n|move|p2b: Dragonite|Dragon Pulse|p1a: Blastoise\n|-activate|p1a: Blastoise|move: Protect\n|\n|-weather|RainDance|[upkeep]\n|upkeep\n|turn|3\n|\n|t:|1788427887\n|switch|p2a: Basculegion|Basculegion, L50, M|100/100\n|switch|p1b: Sinistcha|Sinistcha-Masterpiece, L50|37/100\n|-heal|p1a: Blastoise|90/100|[from] ability: Hospitality|[of] p1b: Sinistcha\n|move|p1a: Blastoise|Water Spout|p2a: Basculegion|[spread] p2a,p2b\n|-resisted|p2a: Basculegion|1\n|-resisted|p2b: Dragonite|1\n|-damage|p2a: Basculegion|19/100\n|-damage|p2b: Dragonite|64/100\n|move|p2b: Dragonite|Dragon Pulse|p1a: Blastoise\n|-damage|p1a: Blastoise|20/100y\n|\n|-weather|RainDance|[upkeep]\n|upkeep\n|turn|4\n|\n|t:|1788427906\n|switch|p1b: Pelipper|Pelipper, L50, M|100/100\n|move|p1a: Blastoise|Protect|p1a: Blastoise\n|-singleturn|p1a: Blastoise|Protect\n|move|p2b: Dragonite|Extreme Speed|p1a: Blastoise\n|-activate|p1a: Blastoise|move: Protect\n|move|p2a: Basculegion|Last Respects|p1b: Pelipper\n|-damage|p1b: Pelipper|58/100\n|-damage|p2a: Basculegion|10/100|[from] item: Life Orb\n|\n|-weather|RainDance|[upkeep]\n|upkeep\n|turn|5\n|\n|t:|1788427936\n|switch|p1a: Gholdengo|Gholdengo, L50, shiny|100/100\n|move|p2b: Dragonite|Extreme Speed|p1a: Gholdengo\n|-immune|p1a: Gholdengo\n|move|p2a: Basculegion|Wave Crash|p1b: Pelipper\n|-resisted|p1b: Pelipper|1\n|-damage|p1b: Pelipper|0 fnt\n|faint|p1b: Pelipper\n|-damage|p2a: Basculegion|0 fnt|[from] Recoil\n|faint|p2a: Basculegion\n|\n|-weather|RainDance|[upkeep]\n|upkeep\n|\n|t:|1788427953\n|switch|p2a: Garchomp|Garchomp, L50, F|100/100\n|switch|p1b: Blastoise|Blastoise-Mega, L50, F|20/100y\n|turn|6\n|\n|t:|1788427967\n|move|p1b: Blastoise|Protect|p1b: Blastoise\n|-singleturn|p1b: Blastoise|Protect\n|move|p2a: Garchomp|Earthquake|p1a: Gholdengo|[spread] p1a\n|-activate|p1b: Blastoise|move: Protect\n|-immune|p2b: Dragonite\n|-supereffective|p1a: Gholdengo|1\n|-damage|p1a: Gholdengo|22/100\n|move|p2b: Dragonite|Dragon Pulse|p1a: Gholdengo\n|-resisted|p1a: Gholdengo|1\n|-damage|p1a: Gholdengo|0 fnt\n|faint|p1a: Gholdengo\n|\n|-weather|none\n|upkeep\n|\n|t:|1788427972\n|switch|p1a: Sinistcha|Sinistcha-Masterpiece, L50|37/100\n|-heal|p1b: Blastoise|45/100|[from] ability: Hospitality|[of] p1a: Sinistcha\n|turn|7\n|\n|t:|1788427987\n|move|p1a: Sinistcha|Rage Powder|p1a: Sinistcha\n|-singleturn|p1a: Sinistcha|move: Rage Powder\n|move|p2a: Garchomp|Earthquake|p1a: Sinistcha|[spread] p1a,p1b\n|-immune|p2b: Dragonite\n|-resisted|p1a: Sinistcha|1\n|-damage|p1a: Sinistcha|17/100\n|-damage|p1b: Blastoise|9/100\n|move|p2b: Dragonite|Dragon Pulse|p1a: Sinistcha\n|-damage|p1a: Sinistcha|0 fnt\n|faint|p1a: Sinistcha\n|move|p1b: Blastoise|Water Spout|p2b: Dragonite|[spread] p2a,p2b\n|-resisted|p2b: Dragonite|1\n|-damage|p2a: Garchomp|93/100\n|-damage|p2b: Dragonite|61/100\n|\n|upkeep\n|turn|8\n|-message|anguslo forfeited.\n|\n|win|Aaronth.tsui\n|raw|anguslo's rating: 1127 &rarr; <strong>1102</strong><br />(-25 for losing)\n|raw|Aaronth.tsui's rating: 1126 &rarr; <strong>1151</strong><br />(+25 for winning)\n|l|☆anguslo\n|player|p1|\n","uploadtime":1788428003,"views":"0","formatid":"gen9championsvgc2026regmb","rating":1102,"private":0,"password":null}