{"id":"gen9championsvgc2026regmb-2674301968","format":"[Gen 9 Champions] VGC 2026 Reg M-B","players":["Its Caerus","Freischieb"],"log":"|j|☆Its Caerus\n|j|☆Freischieb\n|t:|1788335820\n|gametype|doubles\n|player|p1|Its Caerus|steven|1447\n|player|p2|Freischieb|170|1416\n|gen|9\n|tier|[Gen 9 Champions] VGC 2026 Reg M-B\n|rated|\n|rule|Species Clause: Limit one of each Pokémon\n|rule|Item Clause: Limit 1 of each item\n|clearpoke\n|poke|p1|Gengar, L50, F, shiny|\n|poke|p1|Incineroar, L50, M|\n|poke|p1|Politoed, L50, M, shiny|\n|poke|p1|Sableye, L50, M|\n|poke|p1|Vivillon-Elegant, L50, F|\n|poke|p1|Kingambit, L50, M, shiny|\n|poke|p2|Bellibolt, L50, M|\n|poke|p2|Froslass, L50, F|\n|poke|p2|Whimsicott, L50, F|\n|poke|p2|Farigiraf, L50, M|\n|poke|p2|Garchomp, L50, M|\n|poke|p2|Torkoal, L50, M, shiny|\n|teampreview|4\n|inactive|Battle timer is ON: inactive players will automatically lose when time's up. (requested by Freischieb)\n|inactive|Its Caerus also wants the timer to be on.\n|inactive|Its Caerus has 60 seconds left.\n|inactive|Freischieb has 60 seconds left.\n|\n|t:|1788335860\n|teamsize|p1|4\n|teamsize|p2|4\n|start\n|switch|p1a: Meadow|Vivillon-Elegant, L50, F|100/100\n|switch|p1b: Albinox|Gengar, L50, F, shiny|100/100\n|switch|p2a: Garchomp|Garchomp, L50, M|100/100\n|switch|p2b: Whimsicott|Whimsicott, L50, F|100/100\n|turn|1\n|\n|t:|1788335871\n|detailschange|p1b: Albinox|Gengar-Mega, L50, F, shiny\n|-mega|p1b: Albinox|Gengar|Gengarite\n|move|p1a: Meadow|Protect|p1a: Meadow\n|-singleturn|p1a: Meadow|Protect\n|move|p2b: Whimsicott|Tailwind|p2b: Whimsicott\n|-sidestart|p2: Freischieb|move: Tailwind\n|move|p2a: Garchomp|Rock Slide|p1a: Meadow|[spread] p1b\n|-activate|p1a: Meadow|move: Protect\n|-damage|p1b: Albinox|76/100\n|-damage|p2a: Garchomp|90/100|[from] item: Life Orb\n|cant|p1b: Albinox|flinch\n|\n|upkeep\n|turn|2\n|\n|t:|1788335891\n|switch|p1b: Gojo|Sableye, L50, M|100/100\n|move|p2b: Whimsicott|Encore|p1a: Meadow\n|-start|p1a: Meadow|Encore\n|move|p1a: Meadow|Protect||[still]\n|-fail|p1a: Meadow\n|move|p2a: Garchomp|Rock Slide|p1b: Gojo|[spread] p1a,p1b\n|-supereffective|p1a: Meadow|2\n|-enditem|p1a: Meadow|Focus Sash\n|-damage|p1a: Meadow|1/100\n|-damage|p1b: Gojo|66/100\n|-damage|p2a: Garchomp|80/100|[from] item: Life Orb\n|\n|upkeep\n|turn|3\n|\n|t:|1788335905\n|switch|p1a: Albinox|Gengar-Mega, L50, F, shiny|76/100\n|move|p1b: Gojo|Fake Out|p2a: Garchomp\n|-damage|p2a: Garchomp|73/100\n|-damage|p1b: Gojo|54/100|[from] ability: Rough Skin|[of] p2a: Garchomp\n|move|p2b: Whimsicott|Moonblast|p1b: Gojo\n|-supereffective|p1b: Gojo|1\n|-enditem|p1b: Gojo|Roseli Berry|[eat]\n|-enditem|p1b: Gojo|Roseli Berry|[weaken]\n|-damage|p1b: Gojo|12/100\n|cant|p2a: Garchomp|flinch\n|\n|upkeep\n|turn|4\n|\n|t:|1788335921\n|move|p1b: Gojo|Protect|p1b: Gojo\n|-singleturn|p1b: Gojo|Protect\n|move|p2b: Whimsicott|Moonblast|p1a: Albinox\n|-resisted|p1a: Albinox|1\n|-damage|p1a: Albinox|59/100\n|move|p2a: Garchomp|Rock Slide|p1a: Albinox|[spread] p1a\n|-activate|p1b: Gojo|move: Protect\n|-damage|p1a: Albinox|34/100\n|-damage|p2a: Garchomp|63/100|[from] item: Life Orb\n|cant|p1a: Albinox|flinch\n|\n|-sideend|p2: Freischieb|move: Tailwind\n|upkeep\n|turn|5\n|\n|t:|1788335937\n|move|p2b: Whimsicott|Tailwind|p2b: Whimsicott\n|-sidestart|p2: Freischieb|move: Tailwind\n|move|p1b: Gojo|Disable|p2a: Garchomp\n|-start|p2a: Garchomp|Disable|Rock Slide\n|cant|p2a: Garchomp|Disable|Rock Slide\n|move|p1a: Albinox|Perish Song|p1a: Albinox\n|-start|p1a: Albinox|perish3|[silent]\n|-start|p1b: Gojo|perish3|[silent]\n|-start|p2a: Garchomp|perish3|[silent]\n|-start|p2b: Whimsicott|perish3|[silent]\n|-fieldactivate|move: Perish Song\n|\n|-start|p2b: Whimsicott|perish3\n|-start|p2a: Garchomp|perish3\n|-start|p1a: Albinox|perish3\n|-start|p1b: Gojo|perish3\n|upkeep\n|turn|6\n|\n|t:|1788335948\n|move|p1a: Albinox|Protect|p1a: Albinox\n|-singleturn|p1a: Albinox|Protect\n|move|p2b: Whimsicott|Encore|p1a: Albinox\n|-activate|p1a: Albinox|move: Protect\n|move|p1b: Gojo|Encore|p2a: Garchomp\n|-start|p2a: Garchomp|Encore\n|cant|p2a: Garchomp|Disable|Rock Slide\n|\n|-start|p2b: Whimsicott|perish2\n|-start|p2a: Garchomp|perish2\n|-start|p1a: Albinox|perish2\n|-start|p1b: Gojo|perish2\n|upkeep\n|turn|7\n|\n|t:|1788335965\n|move|p2b: Whimsicott|Encore|p1a: Albinox\n|-start|p1a: Albinox|Encore\n|move|p1a: Albinox|Protect||[still]\n|-fail|p1a: Albinox\n|move|p1b: Gojo|Encore||[still]\n|-fail|p1b: Gojo\n|-activate|p2a: Garchomp|move: Struggle\n|move|p2a: Garchomp|Struggle|p1b: Gojo\n|-damage|p1b: Gojo|0 fnt\n|faint|p1b: Gojo\n|-damage|p2a: Garchomp|38/100|[from] recoil\n|-damage|p2a: Garchomp|29/100|[from] item: Life Orb\n|\n|-start|p2b: Whimsicott|perish1\n|-start|p2a: Garchomp|perish1\n|-start|p1a: Albinox|perish1\n|upkeep\n|\n|t:|1788335975\n|switch|p1b: Cotton Candy|Politoed, L50, M, shiny|100/100\n|-weather|RainDance|[from] ability: Drizzle|[of] p1b: Cotton Candy\n|turn|8\n|\n|t:|1788335988\n|switch|p1a: Meadow|Vivillon-Elegant, L50, F|1/100\n|move|p1b: Cotton Candy|Protect|p1b: Cotton Candy\n|-singleturn|p1b: Cotton Candy|Protect\n|move|p2b: Whimsicott|Sunny Day|p2b: Whimsicott\n|-weather|SunnyDay\n|-activate|p2a: Garchomp|move: Struggle\n|move|p2a: Garchomp|Struggle|p1b: Cotton Candy\n|-activate|p1b: Cotton Candy|move: Protect\n|\n|-weather|SunnyDay|[upkeep]\n|-end|p2a: Garchomp|Encore\n|-end|p2a: Garchomp|Disable\n|-start|p2b: Whimsicott|perish0\n|-start|p2a: Garchomp|perish0\n|-sideend|p2: Freischieb|move: Tailwind\n|faint|p2b: Whimsicott\n|faint|p2a: Garchomp\n|upkeep\n|\n|t:|1788335991\n|switch|p2b: Froslass|Froslass, L50, F|100/100\n|switch|p2a: Bellibolt|Bellibolt, L50, M|100/100\n|turn|9\n|\n|t:|1788336013\n|detailschange|p2b: Froslass|Froslass-Mega, L50, F\n|-mega|p2b: Froslass|Froslass|Froslassite\n|-weather|Snowscape|[from] ability: Snow Warning|[of] p2b: Froslass\n|move|p1a: Meadow|Protect|p1a: Meadow\n|-singleturn|p1a: Meadow|Protect\n|move|p2b: Froslass|Blizzard|p1a: Meadow|[spread] p1b\n|-activate|p1a: Meadow|move: Protect\n|-resisted|p1b: Cotton Candy|1\n|-damage|p1b: Cotton Candy|79/100\n|move|p1b: Cotton Candy|Perish Song|p1b: Cotton Candy\n|-start|p1a: Meadow|perish3|[silent]\n|-start|p1b: Cotton Candy|perish3|[silent]\n|-start|p2a: Bellibolt|perish3|[silent]\n|-start|p2b: Froslass|perish3|[silent]\n|-fieldactivate|move: Perish Song\n|move|p2a: Bellibolt|Parabolic Charge|p1b: Cotton Candy|[spread] p2b,p1b\n|-activate|p1a: Meadow|move: Protect\n|-supereffective|p1b: Cotton Candy|1\n|-damage|p2b: Froslass|74/100\n|-damage|p1b: Cotton Candy|34/100\n|\n|-weather|Snowscape|[upkeep]\n|-heal|p1b: Cotton Candy|40/100|[from] item: Leftovers\n|-start|p2b: Froslass|perish3\n|-start|p1a: Meadow|perish3\n|-start|p1b: Cotton Candy|perish3\n|-start|p2a: Bellibolt|perish3\n|upkeep\n|turn|10\n|\n|t:|1788336034\n|move|p1a: Meadow|Protect||[still]\n|-fail|p1a: Meadow\n|move|p1b: Cotton Candy|Protect|p1b: Cotton Candy\n|-singleturn|p1b: Cotton Candy|Protect\n|move|p2b: Froslass|Blizzard|p1b: Cotton Candy|[spread] p1a\n|-activate|p1b: Cotton Candy|move: Protect\n|-supereffective|p1a: Meadow|1\n|-crit|p1a: Meadow\n|-damage|p1a: Meadow|0 fnt\n|faint|p1a: Meadow\n|move|p2a: Bellibolt|Parabolic Charge|p1b: Cotton Candy|[spread] p2b\n|-activate|p1b: Cotton Candy|move: Protect\n|-damage|p2b: Froslass|47/100\n|\n|-weather|Snowscape|[upkeep]\n|-heal|p1b: Cotton Candy|46/100|[from] item: Leftovers\n|-start|p2b: Froslass|perish2\n|-start|p1b: Cotton Candy|perish2\n|-start|p2a: Bellibolt|perish2\n|upkeep\n|\n|t:|1788336046\n|switch|p1a: Albinox|Gengar-Mega, L50, F, shiny|34/100\n|turn|11\n|\n|t:|1788336059\n|move|p2b: Froslass|Shadow Ball|p1b: Cotton Candy\n|-damage|p1b: Cotton Candy|7/100\n|move|p1a: Albinox|Disable|p2a: Bellibolt\n|-start|p2a: Bellibolt|Disable|Parabolic Charge\n|move|p1b: Cotton Candy|Weather Ball|p2b: Froslass\n|-resisted|p2b: Froslass|1\n|-damage|p2b: Froslass|35/100\n|cant|p2a: Bellibolt|Disable|Parabolic Charge\n|\n|-weather|Snowscape|[upkeep]\n|-heal|p1b: Cotton Candy|13/100|[from] item: Leftovers\n|-start|p2b: Froslass|perish1\n|-start|p1b: Cotton Candy|perish1\n|-start|p2a: Bellibolt|perish1\n|upkeep\n|turn|12\n|\n|t:|1788336070\n|move|p1a: Albinox|Protect|p1a: Albinox\n|-singleturn|p1a: Albinox|Protect\n|move|p1b: Cotton Candy|Protect|p1b: Cotton Candy\n|-singleturn|p1b: Cotton Candy|Protect\n|move|p2b: Froslass|Shadow Ball|p1a: Albinox\n|-activate|p1a: Albinox|move: Protect\n|move|p2a: Bellibolt|Weather Ball|p1a: Albinox\n|-activate|p1a: Albinox|move: Protect\n|\n|-weather|Snowscape|[upkeep]\n|-heal|p1b: Cotton Candy|19/100|[from] item: Leftovers\n|-start|p2b: Froslass|perish0\n|-start|p1b: Cotton Candy|perish0\n|-start|p2a: Bellibolt|perish0\n|faint|p2b: Froslass\n|faint|p1b: Cotton Candy\n|faint|p2a: Bellibolt\n|\n|win|Its Caerus\n|raw|Its Caerus's rating: 1447 &rarr; <strong>1465</strong><br />(+18 for winning)\n|raw|Freischieb's rating: 1416 &rarr; <strong>1398</strong><br />(-18 for losing)\n|c|☆Its Caerus|Gg\n|c|☆Freischieb|gg\n|l|☆Freischieb\n|player|p2|\n","uploadtime":1788336087,"views":"22","formatid":"gen9championsvgc2026regmb","rating":1398,"private":0,"password":null}