{"id":"gen9championsvgc2026regmbbo3-2674692049","format":"[Gen 9 Champions] VGC 2026 Reg M-B (Bo3)","players":["hatsune p2","gundnub"],"log":"|j|☆hatsune p2\n|j|☆gundnub\n|html|<table width=\"100%\"><tr><td align=\"left\">hatsune p2</td><td align=\"right\">gundnub</tr><tr><td align=\"left\"><i class=\"fa fa-circle-o\"></i> <i class=\"fa fa-circle-o\"></i> </td><td align=\"right\"><i class=\"fa fa-circle-o\"></i> <i class=\"fa fa-circle\"></i> </tr></table>\n|uhtml|bestof|<h2><strong>Game 2</strong> of <a href=\"/game-bestof3-gen9championsvgc2026regmbbo3-2674691067\">a best-of-3</a></h2>\n|t:|1788391328\n|gametype|doubles\n|player|p1|hatsune p2|170|1000\n|player|p2|gundnub|pokemonranger-gen4|1070\n|gen|9\n|tier|[Gen 9 Champions] VGC 2026 Reg M-B (Bo3)\n|rated|\n|rule|Species Clause: Limit one of each Pokémon\n|rule|Item Clause: Limit 1 of each item\n|clearpoke\n|poke|p1|Charizard, L50, M|\n|poke|p1|Toxapex, L50, F|\n|poke|p1|Incineroar, L50, F|\n|poke|p1|Venusaur, L50, M|\n|poke|p1|Sylveon, L50, F|\n|poke|p1|Garchomp, L50, M|\n|poke|p2|Lycanroc-Dusk, L50, M|\n|poke|p2|Basculegion, L50, M|\n|poke|p2|Froslass, L50, F|\n|poke|p2|Scovillain, L50, M|\n|poke|p2|Kingambit, L50, F|\n|poke|p2|Sneasler, L50, F|\n|teampreview|4\n|showteam|p1|Charizard||CharizarditeY|Blaze|Protect,WeatherBall,HeatWave,AncientPower|Modest||M|||50|]Toxapex||Leftovers|Regenerator|Infestation,Toxic,WideGuard,BanefulBunker|Bold||F|||50|]Incineroar||SitrusBerry|Intimidate|FlareBlitz,Protect,PartingShot,FakeOut|Careful||F|||50|]Venusaur||LifeOrb|Chlorophyll|LeafStorm,SludgeBomb,EarthPower,Protect|Modest||M|||50|]Sylveon||FairyFeather|Pixilate|HyperVoice,Yawn,QuickAttack,Detect|Modest||F|||50|]Garchomp||ChoiceScarf|RoughSkin|DragonClaw,StompingTantrum,RockSlide,Earthquake|Adamant||M|||50|\n|showteam|p2|Lycanroc-Dusk||FocusSash|ToughClaws|RockSlide,Accelerock,CloseCombat,Protect|Adamant||M|||50|]Basculegion||LifeOrb|Adaptability|WaveCrash,LastRespects,AquaJet,Protect|Jolly||M|||50|]Froslass||Froslassite|CursedBody|Blizzard,ShadowBall,AuroraVeil,Protect|Timid||F|||50|]Scovillain||Scovillainite|Moody|Overheat,GigaDrain,RagePowder,Protect|Bold||M|||50|]Kingambit||BlackGlasses|Defiant|SuckerPunch,KowtowCleave,SwordsDance,Protect|Adamant||F|||50|]Sneasler||WhiteHerb|Unburden|FakeOut,GunkShot,CloseCombat,Protect|Adamant||F|||50|\n|\n|t:|1788391425\n|teamsize|p1|4\n|teamsize|p2|4\n|start\n|switch|p1a: Toxapex|Toxapex, L50, F|100/100\n|switch|p1b: Sylveon|Sylveon, L50, F|100/100\n|switch|p2a: Lycanroc|Lycanroc-Dusk, L50, M|100/100\n|switch|p2b: Froslass|Froslass, L50, F|100/100\n|turn|1\n|\n|t:|1788391445\n|detailschange|p2b: Froslass|Froslass-Mega, L50, F\n|-mega|p2b: Froslass|Froslass|Froslassite\n|-weather|Snowscape|[from] ability: Snow Warning|[of] p2b: Froslass\n|move|p2b: Froslass|Shadow Ball|p1a: Toxapex\n|-damage|p1a: Toxapex|71/100\n|-unboost|p1a: Toxapex|spd|1\n|move|p2a: Lycanroc|Rock Slide|p1a: Toxapex|[spread] p1a,p1b\n|-damage|p1a: Toxapex|52/100\n|-damage|p1b: Sylveon|64/100\n|cant|p1b: Sylveon|flinch\n|cant|p1a: Toxapex|flinch\n|\n|-weather|Snowscape|[upkeep]\n|-heal|p1a: Toxapex|57/100|[from] item: Leftovers\n|upkeep\n|turn|2\n|\n|t:|1788391479\n|switch|p2a: Kingambit|Kingambit, L50, F|100/100\n|move|p1a: Toxapex|Wide Guard|p1a: Toxapex\n|-singleturn|p1a: Toxapex|Wide Guard\n|move|p2b: Froslass|Aurora Veil|p2b: Froslass\n|-sidestart|p2: gundnub|move: Aurora Veil\n|move|p1b: Sylveon|Hyper Voice|p2a: Kingambit|[spread] p2a,p2b\n|-damage|p2a: Kingambit|66/100\n|-damage|p2b: Froslass|66/100\n|\n|-weather|Snowscape|[upkeep]\n|-heal|p1a: Toxapex|63/100|[from] item: Leftovers\n|upkeep\n|turn|3\n|\n|t:|1788391508\n|move|p1a: Toxapex|Wide Guard|p1a: Toxapex\n|-singleturn|p1a: Toxapex|Wide Guard\n|move|p2b: Froslass|Shadow Ball|p1b: Sylveon\n|-crit|p1b: Sylveon\n|-damage|p1b: Sylveon|24/100\n|move|p1b: Sylveon|Yawn|p2a: Kingambit\n|-start|p2a: Kingambit|move: Yawn|[of] p1b: Sylveon\n|move|p2a: Kingambit|Kowtow Cleave|p1b: Sylveon\n|-resisted|p1b: Sylveon|1\n|-damage|p1b: Sylveon|0 fnt\n|faint|p1b: Sylveon\n|\n|-weather|Snowscape|[upkeep]\n|-heal|p1a: Toxapex|69/100|[from] item: Leftovers\n|upkeep\n|\n|t:|1788391519\n|switch|p1b: Charizard|Charizard, L50, M|100/100\n|turn|4\n|\n|t:|1788391530\n|detailschange|p1b: Charizard|Charizard-Mega-Y, L50, M\n|-mega|p1b: Charizard|Charizard|Charizardite Y\n|-weather|SunnyDay|[from] ability: Drought|[of] p1b: Charizard\n|move|p2a: Kingambit|Protect|p2a: Kingambit\n|-singleturn|p2a: Kingambit|Protect\n|move|p2b: Froslass|Shadow Ball|p1a: Toxapex\n|-damage|p1a: Toxapex|25/100\n|move|p1b: Charizard|Heat Wave|p2b: Froslass|[spread] p2b\n|-activate|p2a: Kingambit|move: Protect\n|-supereffective|p2b: Froslass|1\n|-damage|p2b: Froslass|0 fnt\n|faint|p2b: Froslass\n|move|p1a: Toxapex|Infestation|p2a: Kingambit\n|-activate|p2a: Kingambit|move: Protect\n|\n|-weather|SunnyDay|[upkeep]\n|-heal|p1a: Toxapex|31/100|[from] item: Leftovers\n|-end|p2a: Kingambit|move: Yawn|[silent]\n|-status|p2a: Kingambit|slp\n|upkeep\n|\n|t:|1788391538\n|switch|p2b: Lycanroc|Lycanroc-Dusk, L50, M|100/100\n|turn|5\n|\n|t:|1788391557\n|switch|p1b: Garchomp|Garchomp, L50, M|100/100\n|move|p2b: Lycanroc|Accelerock|p1b: Garchomp\n|-resisted|p1b: Garchomp|1\n|-damage|p1b: Garchomp|86/100\n|-damage|p2b: Lycanroc|87/100|[from] ability: Rough Skin|[of] p1b: Garchomp\n|cant|p2a: Kingambit|slp\n|move|p1a: Toxapex|Infestation|p2b: Lycanroc\n|-damage|p2b: Lycanroc|84/100\n|-activate|p2b: Lycanroc|move: Infestation|[of] p1a: Toxapex\n|\n|-weather|SunnyDay|[upkeep]\n|-heal|p1a: Toxapex|36/100|[from] item: Leftovers\n|-damage|p2b: Lycanroc|71/100|[from] move: Infestation|[partiallytrapped]\n|upkeep\n|turn|6\n|\n|t:|1788391570\n|move|p1a: Toxapex|Baneful Bunker|p1a: Toxapex\n|-singleturn|p1a: Toxapex|move: Protect\n|cant|p2a: Kingambit|slp\n|move|p1b: Garchomp|Earthquake|p2a: Kingambit|[spread] p2a,p2b\n|-activate|p1a: Toxapex|move: Protect\n|-supereffective|p2a: Kingambit|1\n|-supereffective|p2b: Lycanroc|1\n|-damage|p2a: Kingambit|24/100 slp\n|-damage|p2b: Lycanroc|0 fnt\n|faint|p2b: Lycanroc\n|\n|-weather|SunnyDay|[upkeep]\n|-heal|p1a: Toxapex|42/100|[from] item: Leftovers\n|-sideend|p2: gundnub|move: Aurora Veil\n|upkeep\n|\n|t:|1788391574\n|switch|p2b: Basculegion|Basculegion, L50, M|100/100\n|turn|7\n|\n|t:|1788391582\n|-heal|p1a: Toxapex|75/100|[from] ability: Regenerator|[silent]\n|switch|p1a: Charizard|Charizard-Mega-Y, L50, M|100/100\n|-curestatus|p2a: Kingambit|slp|[msg]\n|move|p2a: Kingambit|Protect|p2a: Kingambit\n|-singleturn|p2a: Kingambit|Protect\n|move|p1b: Garchomp|Earthquake|p2a: Kingambit|[spread] p2b\n|-activate|p2a: Kingambit|move: Protect\n|-immune|p1a: Charizard\n|-damage|p2b: Basculegion|57/100\n|move|p2b: Basculegion|Last Respects|p1b: Garchomp\n|-damage|p1b: Garchomp|0 fnt\n|faint|p1b: Garchomp\n|-damage|p2b: Basculegion|47/100|[from] item: Life Orb\n|\n|-weather|SunnyDay|[upkeep]\n|upkeep\n|\n|t:|1788391589\n|switch|p1b: Toxapex|Toxapex, L50, F|75/100\n|turn|8\n|\n|t:|1788391616\n|move|p1a: Charizard|Protect|p1a: Charizard\n|-singleturn|p1a: Charizard|Protect\n|move|p2b: Basculegion|Aqua Jet|p1a: Charizard\n|-activate|p1a: Charizard|move: Protect\n|move|p2a: Kingambit|Sucker Punch||[still]\n|-fail|p2a: Kingambit\n|move|p1b: Toxapex|Infestation|p2a: Kingambit\n|-damage|p2a: Kingambit|20/100y\n|-activate|p2a: Kingambit|move: Infestation|[of] p1b: Toxapex\n|\n|-weather|none\n|-heal|p1b: Toxapex|81/100|[from] item: Leftovers\n|-damage|p2a: Kingambit|8/100|[from] move: Infestation|[partiallytrapped]\n|upkeep\n|turn|9\n|\n|t:|1788391642\n|move|p2b: Basculegion|Wave Crash|p1a: Charizard\n|-supereffective|p1a: Charizard|1\n|-damage|p1a: Charizard|0 fnt\n|faint|p1a: Charizard\n|-damage|p2b: Basculegion|17/100|[from] Recoil\n|-damage|p2b: Basculegion|7/100|[from] item: Life Orb\n|move|p2a: Kingambit|Kowtow Cleave|p1b: Toxapex\n|-damage|p1b: Toxapex|39/100\n|move|p1b: Toxapex|Infestation|p2b: Basculegion\n|-resisted|p2b: Basculegion|1\n|-damage|p2b: Basculegion|6/100\n|-activate|p2b: Basculegion|move: Infestation|[of] p1b: Toxapex\n|\n|-heal|p1b: Toxapex|45/100|[from] item: Leftovers\n|-damage|p2b: Basculegion|0 fnt|[from] move: Infestation|[partiallytrapped]\n|faint|p2b: Basculegion\n|-damage|p2a: Kingambit|0 fnt|[from] move: Infestation|[partiallytrapped]\n|faint|p2a: Kingambit\n|\n|win|hatsune p2\n||hatsune p2 is ready for game 3.\n||gundnub is ready for game 3.\n|uhtml|next|Next: <a href=\"/battle-gen9championsvgc2026regmbbo3-2674694138\"><strong>Game 3 of 3</strong></a>\n|l|☆hatsune p2\n|player|p1|\n","uploadtime":1788391642,"views":"0","formatid":"gen9championsvgc2026regmbbo3","rating":null,"private":0,"password":null}