{"id":"gen9championsvgc2026regmb-2673864011","format":"[Gen 9 Champions] VGC 2026 Reg M-B","players":["22151266n","Thornlace48812"],"log":"|j|☆22151266n\n|j|☆Thornlace48812\n|t:|1788270254\n|gametype|doubles\n|player|p1|22151266n|2|1116\n|player|p2|Thornlace48812|102|1099\n|gen|9\n|tier|[Gen 9 Champions] VGC 2026 Reg M-B\n|rated|\n|rule|Species Clause: Limit one of each Pokémon\n|rule|Item Clause: Limit 1 of each item\n|clearpoke\n|poke|p1|Greninja, L50, M|\n|poke|p1|Vanilluxe, L50, F|\n|poke|p1|Klefki, L50, M, shiny|\n|poke|p1|Venusaur, L50, F|\n|poke|p1|Talonflame, L50, F, shiny|\n|poke|p1|Archaludon, L50, M|\n|poke|p2|Garchomp, L50, M|\n|poke|p2|Charizard, L50, M|\n|poke|p2|Whimsicott, L50, M|\n|poke|p2|Sylveon, L50, F|\n|poke|p2|Kingambit, L50, F|\n|poke|p2|Basculegion, L50, M|\n|teampreview|4\n|inactive|Battle timer is ON: inactive players will automatically lose when time's up. (requested by Thornlace48812)\nThornlace48812 rejected open team sheets.\n|\n|t:|1788270280\n|teamsize|p1|4\n|teamsize|p2|4\n|start\n|switch|p1a: Klefki|Klefki, L50, M, shiny|100/100\n|switch|p1b: Venusaur|Venusaur, L50, F|100/100\n|switch|p2a: Kingambit|Kingambit, L50, F|100/100\n|switch|p2b: Garchomp|Garchomp, L50, M|100/100\n|turn|1\n|\n|t:|1788270295\n|move|p2b: Garchomp|Protect|p2b: Garchomp\n|-singleturn|p2b: Garchomp|Protect\n|move|p1a: Klefki|Sunny Day|p1a: Klefki\n|-weather|SunnyDay\n|move|p1b: Venusaur|Earth Power|p2a: Kingambit\n|-supereffective|p2a: Kingambit|1\n|-damage|p2a: Kingambit|17/100\n|-damage|p1b: Venusaur|90/100|[from] item: Life Orb\n|move|p2a: Kingambit|Kowtow Cleave|p1b: Venusaur\n|-damage|p1b: Venusaur|20/100y\n|\n|-weather|SunnyDay|[upkeep]\n|upkeep\n|turn|2\n|\n|t:|1788270313\n|move|p1b: Venusaur|Protect|p1b: Venusaur\n|-singleturn|p1b: Venusaur|Protect\n|move|p2a: Kingambit|Sucker Punch||[still]\n|-fail|p2a: Kingambit\n|move|p2b: Garchomp|Rock Slide|p1b: Venusaur|[spread] p1a\n|-activate|p1b: Venusaur|move: Protect\n|-resisted|p1a: Klefki|1\n|-damage|p1a: Klefki|86/100\n|-damage|p2b: Garchomp|90/100|[from] item: Life Orb\n|cant|p1a: Klefki|flinch\n|\n|-weather|SunnyDay|[upkeep]\n|upkeep\n|turn|3\n|\n|t:|1788270335\n|switch|p1b: Greninja|Greninja, L50, M|100/100\n|move|p2b: Garchomp|Dragon Claw|p1a: Klefki\n|-immune|p1a: Klefki\n|move|p2a: Kingambit|Low Kick|p1b: Greninja\n|-supereffective|p1b: Greninja|1\n|-damage|p1b: Greninja|16/100\n|move|p1a: Klefki|Dazzling Gleam|p2a: Kingambit|[spread] p2a,p2b\n|-supereffective|p2b: Garchomp|1\n|-damage|p2a: Kingambit|0 fnt\n|-damage|p2b: Garchomp|53/100\n|faint|p2a: Kingambit\n|-end|p2a: Kingambit|fallenundefined|[silent]\n|\n|-weather|SunnyDay|[upkeep]\n|upkeep\n|\n|t:|1788270336\n|switch|p2a: Sylveon|Sylveon, L50, F|100/100\n|turn|4\n|inactive|22151266n has 30 seconds left.\n|\n|t:|1788270361\n|move|p1b: Greninja|Protect|p1b: Greninja\n|-start|p1b: Greninja|typechange|Normal|[from] ability: Protean\n|-singleturn|p1b: Greninja|Protect\n|move|p2a: Sylveon|Detect|p2a: Sylveon\n|-singleturn|p2a: Sylveon|Protect\n|move|p2b: Garchomp|Rock Slide|p1a: Klefki|[spread] p1a\n|-activate|p1b: Greninja|move: Protect\n|-resisted|p1a: Klefki|1\n|-crit|p1a: Klefki\n|-damage|p1a: Klefki|67/100\n|-damage|p2b: Garchomp|43/100|[from] item: Life Orb\n|move|p1a: Klefki|Dazzling Gleam|p2a: Sylveon|[spread] p2b\n|-activate|p2a: Sylveon|move: Protect\n|-supereffective|p2b: Garchomp|1\n|-damage|p2b: Garchomp|1/100\n|\n|-weather|SunnyDay|[upkeep]\n|upkeep\n|turn|5\n|inactive|22151266n has 30 seconds left.\n|inactive|22151266n has 20 seconds left.\n|inactive|22151266n has 15 seconds left.\n|\n|t:|1788270404\n|detailschange|p1b: Greninja|Greninja-Mega, L50, M\n|-mega|p1b: Greninja|Greninja|Greninjite\n|move|p1b: Greninja|Weather Ball|p2a: Sylveon\n|-start|p1b: Greninja|typechange|Fire|[from] ability: Protean\n|-damage|p2a: Sylveon|34/100\n|move|p2b: Garchomp|Dragon Claw|p1a: Klefki\n|-immune|p1a: Klefki\n|move|p2a: Sylveon|Hyper Voice|p1a: Klefki|[spread] p1a,p1b\n|-resisted|p1a: Klefki|1\n|-resisted|p1b: Greninja|1\n|-damage|p1a: Klefki|45/100\n|-damage|p1b: Greninja|0 fnt\n|-enditem|p1a: Klefki|Sitrus Berry|[eat]\n|-heal|p1a: Klefki|70/100|[from] item: Sitrus Berry\n|faint|p1b: Greninja\n|move|p1a: Klefki|Dazzling Gleam|p2a: Sylveon|[spread] p2a,p2b\n|-supereffective|p2b: Garchomp|1\n|-damage|p2a: Sylveon|20/100y\n|-damage|p2b: Garchomp|0 fnt\n|faint|p2b: Garchomp\n|\n|-weather|none\n|upkeep\n|inactive|22151266n has 30 seconds left.\n|\n|t:|1788270431\n|switch|p1b: Vanilluxe|Vanilluxe, L50, F|100/100\n|switch|p2b: Charizard|Charizard, L50, M|100/100\n|-weather|Snowscape|[from] ability: Snow Warning|[of] p1b: Vanilluxe\n|turn|6\n|\n|t:|1788270450\n|detailschange|p2b: Charizard|Charizard-Mega-Y, L50, M\n|-mega|p2b: Charizard|Charizard|Charizardite Y\n|-weather|SunnyDay|[from] ability: Drought|[of] p2b: Charizard\n|move|p2a: Sylveon|Detect|p2a: Sylveon\n|-singleturn|p2a: Sylveon|Protect\n|move|p1b: Vanilluxe|Blizzard|p2a: Sylveon|[spread] \n|-activate|p2a: Sylveon|move: Protect\n|-miss|p1b: Vanilluxe|p2b: Charizard\n|move|p2b: Charizard|Heat Wave|p1a: Klefki|[spread] p1a,p1b\n|-supereffective|p1a: Klefki|1\n|-supereffective|p1b: Vanilluxe|1\n|-damage|p1a: Klefki|0 fnt\n|-damage|p1b: Vanilluxe|0 fnt\n|faint|p1a: Klefki\n|faint|p1b: Vanilluxe\n|\n|-weather|SunnyDay|[upkeep]\n|upkeep\n|-message|22151266n forfeited.\n|\n|win|Thornlace48812\n|raw|22151266n's rating: 1116 &rarr; <strong>1088</strong><br />(-28 for losing)\n|raw|Thornlace48812's rating: 1074 &rarr; <strong>1106</strong><br />(+32 for winning)\n","uploadtime":1788270473,"views":"5","formatid":"gen9championsvgc2026regmb","rating":1088,"private":0,"password":null}