{"id":"gen9championsvgc2026regmbbo3-2674214061","format":"[Gen 9 Champions] VGC 2026 Reg M-B (Bo3)","players":["mls2395","Junction7"],"log":"|j|☆mls2395\n|j|☆Junction7\n|html|<table width=\"100%\"><tr><td align=\"left\">mls2395</td><td align=\"right\">Junction7</tr><tr><td align=\"left\"><i class=\"fa fa-circle\"></i> <i class=\"fa fa-circle-o\"></i> </td><td align=\"right\"><i class=\"fa fa-circle-o\"></i> <i class=\"fa fa-circle\"></i> </tr></table>\n|uhtml|bestof|<h2><strong>Game 3</strong> of <a href=\"/game-bestof3-gen9championsvgc2026regmbbo3-2674211005\">a best-of-3</a></h2>\n|t:|1788316624\n|gametype|doubles\n|player|p1|mls2395|266|1179\n|player|p2|Junction7|drayden|1108\n|gen|9\n|tier|[Gen 9 Champions] VGC 2026 Reg M-B (Bo3)\n|rated|\n|rule|Species Clause: Limit one of each Pokémon\n|rule|Item Clause: Limit 1 of each item\n|clearpoke\n|poke|p1|Delphox, L50, F|\n|poke|p1|Sneasler, L50, M|\n|poke|p1|Sinistcha, L50|\n|poke|p1|Incineroar, L50, M|\n|poke|p1|Floette-Eternal, L50, F|\n|poke|p1|Kingambit, L50, M|\n|poke|p2|Raichu, L50, F|\n|poke|p2|Sneasler, L50, M|\n|poke|p2|Aerodactyl, L50, M|\n|poke|p2|Dragapult, L50, M|\n|poke|p2|Arcanine-Hisui, L50, M|\n|poke|p2|Palafin, L50, F|\n|teampreview|4\n|showteam|p1|Delphox||Delphoxite|Blaze|HeatWave,Psychic,NastyPlot,Protect|Timid||F|||50|]Sneasler||FocusSash|PoisonTouch|CloseCombat,PoisonJab,FakeOut,QuickGuard|Jolly||M|||50|]Sinistcha||ColburBerry|Hospitality|MatchaGotcha,RagePowder,TrickRoom,Protect|Bold|||||50|]Incineroar||SitrusBerry|Intimidate|FlareBlitz,HelpingHand,PartingShot,FakeOut|Careful||M|||50|]Floette-Eternal||Floettite|FlowerVeil|DazzlingGleam,DrainingKiss,CalmMind,Protect|Modest||F|||50|]Kingambit||LifeOrb|Defiant|KowtowCleave,SuckerPunch,SwordsDance,Protect|Adamant||M|||50|\n|showteam|p2|Raichu||RaichuniteY|LightningRod|ZapCannon,FocusBlast,FakeOut,VoltSwitch|Hasty||F|||50|]Sneasler||WhiteHerb|Unburden|CloseCombat,DireClaw,FakeOut,Uturn|Adamant||M|||50|]Aerodactyl||Aerodactylite|Unnerve|DualWingbeat,RockSlide,Protect,Tailwind|Jolly||M|||50|]Dragapult||LifeOrb|Infiltrator|DragonDance,DragonDarts,PhantomForce,Uturn|Adamant||M|||50|]Arcanine-Hisui||FocusSash|RockHead|FlareBlitz,HeadSmash,ExtremeSpeed,Protect|Jolly||M|||50|]Palafin||ChoiceScarf|ZerotoHero|FlipTurn,JetPunch,WaveCrash,CloseCombat|Jolly||F|||50|\n|inactive|Battle timer is ON: inactive players will automatically lose when time's up. (requested by Junction7)\n|inactive|mls2395 has 60 seconds left.\n|\n|t:|1788316655\n|teamsize|p1|4\n|teamsize|p2|4\n|start\n|switch|p1a: Delphox|Delphox, L50, F|100/100\n|switch|p1b: Sinistcha|Sinistcha, L50|100/100\n|switch|p2a: Raichu|Raichu, L50, F|100/100\n|switch|p2b: Sneasler|Sneasler, L50, M|100/100\n|turn|1\n|\n|t:|1788316674\n|detailschange|p2a: Raichu|Raichu-Mega-Y, L50, F\n|-mega|p2a: Raichu|Raichu|Raichunite Y\n|detailschange|p1a: Delphox|Delphox-Mega, L50, F\n|-mega|p1a: Delphox|Delphox|Delphoxite\n|move|p1a: Delphox|Protect|p1a: Delphox\n|-singleturn|p1a: Delphox|Protect\n|move|p1b: Sinistcha|Protect|p1b: Sinistcha\n|-singleturn|p1b: Sinistcha|Protect\n|move|p2a: Raichu|Fake Out|p1a: Delphox\n|-activate|p1a: Delphox|move: Protect\n|move|p2b: Sneasler|Dire Claw|p1b: Sinistcha\n|-activate|p1b: Sinistcha|move: Protect\n|\n|upkeep\n|turn|2\n|inactive|mls2395 has 30 seconds left.\n|inactive|mls2395 has 20 seconds left.\n|\n|t:|1788316709\n|move|p2a: Raichu|Zap Cannon|p1a: Delphox\n|-damage|p1a: Delphox|33/100\n|-status|p1a: Delphox|par\n|move|p2b: Sneasler|Dire Claw|p1b: Sinistcha\n|-damage|p1b: Sinistcha|62/100\n|move|p1a: Delphox|Psychic|p2b: Sneasler\n|-supereffective|p2b: Sneasler|2\n|-damage|p2b: Sneasler|0 fnt\n|faint|p2b: Sneasler\n|move|p1b: Sinistcha|Matcha Gotcha|p2a: Raichu\n|-damage|p2a: Raichu|44/100\n|-heal|p1b: Sinistcha|83/100|[from] drain|[of] p2a: Raichu\n|\n|upkeep\n|\n|t:|1788316721\n|switch|p2b: Arcanine|Arcanine-Hisui, L50, M|100/100\n|turn|3\n|\n|t:|1788316727\n|switch|p1b: Incineroar|Incineroar, L50, M|100/100\n|-ability|p1b: Incineroar|Intimidate|boost\n|-unboost|p2a: Raichu|atk|1\n|-unboost|p2b: Arcanine|atk|1\n|move|p1a: Delphox|Protect|p1a: Delphox\n|-singleturn|p1a: Delphox|Protect\n|move|p2a: Raichu|Zap Cannon|p1a: Delphox\n|-activate|p1a: Delphox|move: Protect\n|move|p2b: Arcanine|Flare Blitz|p1b: Incineroar\n|-resisted|p1b: Incineroar|1\n|-damage|p1b: Incineroar|81/100\n|\n|upkeep\n|turn|4\n|inactive|mls2395 has 30 seconds left.\n|inactive|Junction7 has 30 seconds left.\n|\n|t:|1788316761\n|move|p1b: Incineroar|Fake Out|p2b: Arcanine\n|-resisted|p2b: Arcanine|1\n|-crit|p2b: Arcanine\n|-damage|p2b: Arcanine|90/100\n|cant|p2b: Arcanine|flinch\n|move|p2a: Raichu|Focus Blast|p1b: Incineroar\n|-supereffective|p1b: Incineroar|1\n|-damage|p1b: Incineroar|0 fnt\n|faint|p1b: Incineroar\n|move|p1a: Delphox|Psychic|p2a: Raichu\n|-damage|p2a: Raichu|0 fnt\n|faint|p2a: Raichu\n|\n|upkeep\n|\n|t:|1788316773\n|switch|p2a: Dragapult|Dragapult, L50, M|100/100\n|switch|p1b: Sinistcha|Sinistcha, L50|83/100\n|-heal|p1a: Delphox|58/100 par|[from] ability: Hospitality|[of] p1b: Sinistcha\n|turn|5\n|inactive|mls2395 has 30 seconds left.\n|inactive|mls2395 has 20 seconds left.\n|inactive|mls2395 has 15 seconds left.\n|inactive|mls2395 has 10 seconds left.\n|inactive|mls2395 has 5 seconds left.\n|\n|t:|1788316826\n|switch|p1b: Kingambit|Kingambit, L50, M|100/100\n|move|p2a: Dragapult|Phantom Force||[still]\n|-prepare|p2a: Dragapult|Phantom Force\n|move|p2b: Arcanine|Flare Blitz|p1b: Kingambit\n|-supereffective|p1b: Kingambit|1\n|-damage|p1b: Kingambit|43/100\n|move|p1a: Delphox|Psychic|p2b: Arcanine\n|-damage|p2b: Arcanine|26/100\n|-unboost|p2b: Arcanine|spd|1\n|\n|upkeep\n|turn|6\n|inactive|mls2395 has 30 seconds left.\n|\n|t:|1788316857\n|switch|p1b: Sinistcha|Sinistcha, L50|83/100\n|-heal|p1a: Delphox|83/100 par|[from] ability: Hospitality|[of] p1b: Sinistcha\n|move|p2b: Arcanine|Protect|p2b: Arcanine\n|-singleturn|p2b: Arcanine|Protect\n|move|p2a: Dragapult|Phantom Force|p1a: Delphox|[from] lockedmove\n|-supereffective|p1a: Delphox|1\n|-damage|p1a: Delphox|0 fnt\n|faint|p1a: Delphox\n|-damage|p2a: Dragapult|90/100|[from] item: Life Orb\n|\n|upkeep\n|\n|t:|1788316867\n|switch|p1a: Kingambit|Kingambit, L50, M|43/100\n|turn|7\n|inactive|mls2395 has 30 seconds left.\n|\n|t:|1788316900\n|move|p1b: Sinistcha|Rage Powder|p1b: Sinistcha\n|-singleturn|p1b: Sinistcha|move: Rage Powder\n|move|p2a: Dragapult|Dragon Dance|p2a: Dragapult\n|-boost|p2a: Dragapult|atk|1\n|-boost|p2a: Dragapult|spe|1\n|move|p2b: Arcanine|Flare Blitz|p1b: Sinistcha\n|-supereffective|p1b: Sinistcha|1\n|-damage|p1b: Sinistcha|21/100\n|move|p1a: Kingambit|Kowtow Cleave|p2b: Arcanine\n|-damage|p2b: Arcanine|0 fnt\n|faint|p2b: Arcanine\n|-damage|p1a: Kingambit|34/100|[from] item: Life Orb\n|\n|upkeep\n|turn|8\n|\n|t:|1788316924\n|move|p1b: Sinistcha|Rage Powder|p1b: Sinistcha\n|-singleturn|p1b: Sinistcha|move: Rage Powder\n|move|p1a: Kingambit|Sucker Punch|p2a: Dragapult\n|-supereffective|p2a: Dragapult|1\n|-damage|p2a: Dragapult|0 fnt\n|faint|p2a: Dragapult\n|-damage|p1a: Kingambit|24/100|[from] item: Life Orb\n|\n|win|mls2395\n|raw|mls2395's rating: 1179 &rarr; <strong>1199</strong><br />(+20 for winning)\n|raw|Junction7's rating: 1108 &rarr; <strong>1088</strong><br />(-20 for losing)\n|c|☆mls2395|gg\n|l|☆Junction7\n|player|p2|\n","uploadtime":1788316952,"views":"12","formatid":"gen9championsvgc2026regmbbo3","rating":1088,"private":0,"password":null}