{"id":"gen9championsvgc2026regmbbo3-2673348215","format":"[Gen 9 Champions] VGC 2026 Reg M-B (Bo3)","players":["raibhay","testsubject8888"],"log":"|j|☆raibhay\n|j|☆testsubject8888\n|html|<table width=\"100%\"><tr><td align=\"left\">raibhay</td><td align=\"right\">testsubject8888</tr><tr><td align=\"left\"><i class=\"fa fa-circle-o\"></i> <i class=\"fa fa-circle-o\"></i> </td><td align=\"right\"><i class=\"fa fa-circle-o\"></i> <i class=\"fa fa-circle-o\"></i> </tr></table>\n|uhtml|bestof|<h2><strong>Game 1</strong> of <a href=\"/game-bestof3-gen9championsvgc2026regmbbo3-2673348214\">a best-of-3</a></h2>\n|t:|1788186689\n|gametype|doubles\n|player|p1|raibhay|169|\n|player|p2|testsubject8888|102|\n|gen|9\n|tier|[Gen 9 Champions] VGC 2026 Reg M-B (Bo3)\n|rule|Species Clause: Limit one of each Pokémon\n|rule|Item Clause: Limit 1 of each item\n|clearpoke\n|poke|p1|Venusaur, L50, M|\n|poke|p1|Charizard, L50, M|\n|poke|p1|Grimmsnarl, L50, M, shiny|\n|poke|p1|Archaludon, L50, F, shiny|\n|poke|p1|Basculegion, L50, M|\n|poke|p1|Pelipper, L50, F, shiny|\n|poke|p2|Staraptor, L50, F|\n|poke|p2|Vanilluxe, L50, M|\n|poke|p2|Farigiraf, L50, M|\n|poke|p2|Blastoise, L50, M|\n|poke|p2|Kingambit, L50, F|\n|poke|p2|Camerupt, L50, F|\n|teampreview|4\n|showteam|p1|Venusaur||FocusSash|Chlorophyll|SludgeBomb,EarthPower,SleepPowder,Protect|Modest||M|||50|]Charizard||CharizarditeY|Blaze|Protect,HeatWave,SolarBeam,WeatherBall|Modest||M|||50|]Grimmsnarl||LightClay|Prankster|SpiritBreak,LightScreen,Reflect,PartingShot|Sassy||M|||50|]Archaludon||Leftovers|Stamina|ElectroShot,DragonPulse,FlashCannon,Protect|Calm||F|||50|]Basculegion||ChoiceScarf|Adaptability|WaveCrash,LastRespects,AquaJet,FlipTurn|Jolly||M|||50|]Pelipper||SitrusBerry|Drizzle|Hurricane,WeatherBall,Tailwind,WideGuard|Modest||F|||50|\n|showteam|p2|Staraptor||ChoiceScarf|Intimidate|FinalGambit,BraveBird,CloseCombat,Uturn|Jolly||F|||50|]Vanilluxe||NeverMeltIce|SnowWarning|Blizzard,FreezeDry,Protect,IceShard|Quiet||M|||50|]Farigiraf||ColburBerry|ArmorTail|PsychicFangs,HyperVoice,HelpingHand,TrickRoom|Relaxed||M|||50|]Blastoise||Blastoisinite|RainDish|FakeOut,WaterSpout,AuraSphere,DarkPulse|Quiet||M|||50|]Kingambit||LifeOrb|Defiant|KowtowCleave,IronHead,Protect,SuckerPunch|Brave||F|||50|]Camerupt||Cameruptite|SolidRock|HeatWave,EarthPower,Protect,AncientPower|Quiet||F|||50|\n|l|☆raibhay\n|player|p1|\n|j|☆raibhay\n|player|p1|raibhay|169|\n|j| ayushxd\n|\n|t:|1788186805\n|teamsize|p1|4\n|teamsize|p2|4\n|start\n|switch|p1a: Grimmsnarl|Grimmsnarl, L50, M, shiny|100/100\n|switch|p1b: Charizard|Charizard, L50, M|100/100\n|switch|p2a: Camerupt|Camerupt, L50, F|100/100\n|switch|p2b: Staraptor|Staraptor, L50, F|100/100\n|-ability|p2b: Staraptor|Intimidate|boost\n|-unboost|p1a: Grimmsnarl|atk|1\n|-unboost|p1b: Charizard|atk|1\n|turn|1\n|inactive|Battle timer is ON: inactive players will automatically lose when time's up. (requested by testsubject8888)\n|\n|t:|1788186831\n|detailschange|p2a: Camerupt|Camerupt-Mega, L50, F\n|-mega|p2a: Camerupt|Camerupt|Cameruptite\n|move|p1a: Grimmsnarl|Light Screen|p1a: Grimmsnarl\n|-sidestart|p1: raibhay|move: Light Screen\n|move|p2b: Staraptor|U-turn|p1a: Grimmsnarl\n|-damage|p1a: Grimmsnarl|77/100\n|\n|t:|1788186837\n|switch|p2b: Farigiraf|Farigiraf, L50, M|100/100|[from] U-turn\n|move|p1b: Charizard|Heat Wave|p2b: Farigiraf|[spread] p2a,p2b\n|-resisted|p2a: Camerupt|1\n|-crit|p2a: Camerupt\n|-damage|p2a: Camerupt|79/100\n|-damage|p2b: Farigiraf|71/100\n|move|p2a: Camerupt|Earth Power|p1a: Grimmsnarl\n|-damage|p1a: Grimmsnarl|35/100\n|\n|upkeep\n|turn|2\n|inactive|raibhay has 30 seconds left.\n|\n|t:|1788186862\n|detailschange|p1b: Charizard|Charizard-Mega-Y, L50, M\n|-mega|p1b: Charizard|Charizard|Charizardite Y\n|-weather|SunnyDay|[from] ability: Drought|[of] p1b: Charizard\n|move|p1a: Grimmsnarl|Parting Shot||[still]\n|cant|p2b: Farigiraf|ability: Armor Tail|Parting Shot|[of] p1a: Grimmsnarl\n|move|p1b: Charizard|Weather Ball|p2b: Farigiraf\n|-damage|p2b: Farigiraf|0 fnt\n|faint|p2b: Farigiraf\n|move|p2a: Camerupt|Ancient Power|p1b: Charizard\n|-supereffective|p1b: Charizard|2\n|-damage|p1b: Charizard|18/100\n|\n|-weather|SunnyDay|[upkeep]\n|upkeep\n|\n|t:|1788186881\n|switch|p2b: Staraptor|Staraptor, L50, F|100/100\n|-ability|p2b: Staraptor|Intimidate|boost\n|-unboost|p1a: Grimmsnarl|atk|1\n|-unboost|p1b: Charizard|atk|1\n|turn|3\n|\n|t:|1788186892\n|move|p1a: Grimmsnarl|Parting Shot|p2a: Camerupt\n|-unboost|p2a: Camerupt|atk|1\n|-unboost|p2a: Camerupt|spa|1\n|\n|t:|1788186902\n|switch|p1a: Venusaur|Venusaur, L50, M|100/100|[from] Parting Shot\n|move|p2b: Staraptor|Brave Bird|p1b: Charizard\n|-damage|p1b: Charizard|0 fnt\n|faint|p1b: Charizard\n|-damage|p2b: Staraptor|94/100|[from] Recoil\n|move|p2a: Camerupt|Heat Wave|p1a: Venusaur\n|-supereffective|p1a: Venusaur|1\n|-enditem|p1a: Venusaur|Focus Sash\n|-damage|p1a: Venusaur|1/100\n|\n|-weather|SunnyDay|[upkeep]\n|upkeep\n|\n|t:|1788186917\n|switch|p1b: Archaludon|Archaludon, L50, F, shiny|100/100\n|turn|4\n|\n|t:|1788186937\n|switch|p2a: Vanilluxe|Vanilluxe, L50, M|100/100\n|-weather|Snowscape|[from] ability: Snow Warning|[of] p2a: Vanilluxe\n|move|p2b: Staraptor|Brave Bird|p1a: Venusaur\n|-supereffective|p1a: Venusaur|1\n|-damage|p1a: Venusaur|0 fnt\n|faint|p1a: Venusaur\n|-damage|p2b: Staraptor|93/100|[from] Recoil\n|move|p1b: Archaludon|Dragon Pulse|p2a: Vanilluxe\n|-damage|p2a: Vanilluxe|59/100\n|\n|-weather|Snowscape|[upkeep]\n|upkeep\n|\n|t:|1788186952\n|switch|p1a: Grimmsnarl|Grimmsnarl, L50, M, shiny|35/100\n|turn|5\n|\n|t:|1788186960\n|switch|p2b: Camerupt|Camerupt-Mega, L50, F|79/100\n|move|p1a: Grimmsnarl|Reflect|p1a: Grimmsnarl\n|-sidestart|p1: raibhay|Reflect\n|move|p1b: Archaludon|Flash Cannon|p2a: Vanilluxe\n|-supereffective|p2a: Vanilluxe|1\n|-damage|p2a: Vanilluxe|0 fnt\n|faint|p2a: Vanilluxe\n|\n|-weather|Snowscape|[upkeep]\n|upkeep\n|\n|t:|1788186966\n|switch|p2a: Staraptor|Staraptor, L50, F|93/100\n|-ability|p2a: Staraptor|Intimidate|boost\n|-unboost|p1a: Grimmsnarl|atk|1\n|-unboost|p1b: Archaludon|atk|1\n|turn|6\n|\n|t:|1788186993\n|move|p1a: Grimmsnarl|Parting Shot|p2b: Camerupt\n|-unboost|p2b: Camerupt|atk|1\n|-unboost|p2b: Camerupt|spa|1\n|move|p2a: Staraptor|Close Combat|p1b: Archaludon\n|-supereffective|p1b: Archaludon|1\n|-damage|p1b: Archaludon|64/100\n|-unboost|p2a: Staraptor|def|1\n|-unboost|p2a: Staraptor|spd|1\n|-ability|p1b: Archaludon|Stamina|boost\n|-boost|p1b: Archaludon|def|1\n|move|p1b: Archaludon|Electro Shot||[still]\n|-prepare|p1b: Archaludon|Electro Shot\n|-boost|p1b: Archaludon|spa|1\n|move|p2b: Camerupt|Heat Wave|p1a: Grimmsnarl|[spread] p1a,p1b\n|-damage|p1a: Grimmsnarl|11/100\n|-damage|p1b: Archaludon|43/100\n|-ability|p1b: Archaludon|Stamina|boost\n|-boost|p1b: Archaludon|def|1\n|\n|-weather|Snowscape|[upkeep]\n|-heal|p1b: Archaludon|49/100|[from] item: Leftovers\n|upkeep\n|turn|7\n|inactive|raibhay has 30 seconds left.\n|\n|t:|1788187024\n|move|p1a: Grimmsnarl|Parting Shot|p2b: Camerupt\n|-unboost|p2b: Camerupt|atk|1\n|-unboost|p2b: Camerupt|spa|1\n|move|p2a: Staraptor|Close Combat|p1a: Grimmsnarl\n|-damage|p1a: Grimmsnarl|0 fnt\n|-unboost|p2a: Staraptor|def|1\n|-unboost|p2a: Staraptor|spd|1\n|faint|p1a: Grimmsnarl\n|move|p1b: Archaludon|Electro Shot|p2a: Staraptor|[from] lockedmove\n|-supereffective|p2a: Staraptor|1\n|-damage|p2a: Staraptor|0 fnt\n|faint|p2a: Staraptor\n|move|p2b: Camerupt|Earth Power|p1b: Archaludon\n|-supereffective|p1b: Archaludon|1\n|-damage|p1b: Archaludon|6/100\n|-ability|p1b: Archaludon|Stamina|boost\n|-boost|p1b: Archaludon|def|1\n|\n|-weather|Snowscape|[upkeep]\n|-heal|p1b: Archaludon|12/100|[from] item: Leftovers\n|upkeep\n|turn|8\n|\n|t:|1788187048\n|move|p1b: Archaludon|Dragon Pulse|p2b: Camerupt\n|-damage|p2b: Camerupt|27/100\n|move|p2b: Camerupt|Earth Power|p1b: Archaludon\n|-supereffective|p1b: Archaludon|1\n|-damage|p1b: Archaludon|0 fnt\n|faint|p1b: Archaludon\n|\n|win|testsubject8888\n|l|☆testsubject8888\n|player|p2|\n|inactive|raibhay has 30 seconds to confirm battle start!\n|inactive|testsubject8888 has 30 seconds to confirm battle start!\n||testsubject8888 is ready for game 2.\n||raibhay is ready for game 2.\n|uhtml|next|Next: <a href=\"/battle-gen9championsvgc2026regmbbo3-2673351147\"><strong>Game 2 of 3</strong></a>\n|l| ayushxd\n|l|☆raibhay\n|player|p1|\n|j| ayushxd\n","uploadtime":1788187633,"views":"5","formatid":"gen9championsvgc2026regmbbo3","rating":null,"private":0,"password":null}