{"id":"gen9championsvgc2026regmb-2674504095","format":"[Gen 9 Champions] VGC 2026 Reg M-B","players":["Leonrz25","dawod"],"log":"|j|☆Leonrz25\n|j|☆dawod\n|t:|1788367562\n|gametype|doubles\n|player|p1|Leonrz25|1|1360\n|player|p2|dawod|shauntal|1397\n|gen|9\n|tier|[Gen 9 Champions] VGC 2026 Reg M-B\n|rated|\n|rule|Species Clause: Limit one of each Pokémon\n|rule|Item Clause: Limit 1 of each item\n|clearpoke\n|poke|p1|Sneasler, L50, F|\n|poke|p1|Kingambit, L50, F|\n|poke|p1|Starmie, L50|\n|poke|p1|Sinistcha, L50|\n|poke|p1|Floette-Eternal, L50, F|\n|poke|p1|Pelipper, L50, F|\n|poke|p2|Staraptor, L50, F|\n|poke|p2|Houndstone, L50, F|\n|poke|p2|Tyranitar, L50, M|\n|poke|p2|Rotom-Wash, L50|\n|poke|p2|Excadrill, L50, M|\n|poke|p2|Venusaur, L50, F|\n|teampreview|4\n|\n|t:|1788367584\n|teamsize|p1|4\n|teamsize|p2|4\n|start\n|switch|p1a: Starmie|Starmie, L50|100/100\n|switch|p1b: Sneasler|Sneasler, L50, F|100/100\n|switch|p2a: Who let him out|Houndstone, L50, F|100/100\n|switch|p2b: Variant|Venusaur, L50, F|100/100\n|turn|1\n|inactive|Battle timer is ON: inactive players will automatically lose when time's up. (requested by dawod)\n|\n|t:|1788367600\n|detailschange|p1a: Starmie|Starmie-Mega, L50\n|-mega|p1a: Starmie|Starmie|Starminite\n|detailschange|p2b: Variant|Venusaur-Mega, L50, F\n|-mega|p2b: Variant|Venusaur|Venusaurite\n|move|p2b: Variant|Protect|p2b: Variant\n|-singleturn|p2b: Variant|Protect\n|move|p1b: Sneasler|Coaching|p1a: Starmie\n|-boost|p1a: Starmie|atk|1\n|-boost|p1a: Starmie|def|1\n|move|p1a: Starmie|Ice Spinner|p2b: Variant\n|-activate|p2b: Variant|move: Protect\n|move|p2a: Who let him out|Will-O-Wisp|p1a: Starmie|[miss]\n|-miss|p2a: Who let him out|p1a: Starmie\n|\n|upkeep\n|turn|2\n|\n|t:|1788367621\n|move|p1a: Starmie|Protect|p1a: Starmie\n|-singleturn|p1a: Starmie|Protect\n|move|p2a: Who let him out|Ally Switch|p2a: Who let him out\n|swap|p2a: Who let him out|1|[from] move: Ally Switch\n|move|p1b: Sneasler|Coaching|p1a: Starmie\n|-boost|p1a: Starmie|atk|1\n|-boost|p1a: Starmie|def|1\n|move|p2a: Variant|Sleep Powder|p1a: Starmie\n|-activate|p1a: Starmie|move: Protect\n|\n|upkeep\n|turn|3\n|\n|t:|1788367635\n|switch|p2a: Rocker|Tyranitar, L50, M|100/100\n|-weather|Sandstorm|[from] ability: Sand Stream|[of] p2a: Rocker\n|move|p2b: Who let him out|Will-O-Wisp|p1a: Starmie\n|-status|p1a: Starmie|brn\n|move|p1b: Sneasler|Coaching|p1a: Starmie\n|-boost|p1a: Starmie|atk|1\n|-boost|p1a: Starmie|def|1\n|move|p1a: Starmie|Ice Spinner|p2a: Rocker\n|-damage|p2a: Rocker|56/100\n|\n|-weather|Sandstorm|[upkeep]\n|-damage|p1b: Sneasler|94/100|[from] Sandstorm\n|-damage|p1a: Starmie|93/100 brn|[from] Sandstorm\n|-damage|p1a: Starmie|87/100 brn|[from] brn\n|upkeep\n|turn|4\n|\n|t:|1788367658\n|move|p2b: Who let him out|Ally Switch|p2b: Who let him out\n|swap|p2b: Who let him out|0|[from] move: Ally Switch\n|move|p1b: Sneasler|Coaching|p1a: Starmie\n|-boost|p1a: Starmie|atk|1\n|-boost|p1a: Starmie|def|1\n|move|p2b: Rocker|Knock Off|p1a: Starmie\n|-supereffective|p1a: Starmie|1\n|-damage|p1a: Starmie|62/100 brn\n|move|p1a: Starmie|Liquidation|p2b: Rocker\n|-supereffective|p2b: Rocker|1\n|-damage|p2b: Rocker|0 fnt\n|faint|p2b: Rocker\n|\n|-weather|Sandstorm|[upkeep]\n|-damage|p1b: Sneasler|88/100|[from] Sandstorm\n|-damage|p1a: Starmie|56/100 brn|[from] Sandstorm\n|-damage|p1a: Starmie|50/100g brn|[from] brn\n|upkeep\n|\n|t:|1788367668\n|switch|p2b: Spin Cycle|Rotom-Wash, L50|100/100\n|turn|5\n|\n|t:|1788367679\n|move|p1a: Starmie|Protect|p1a: Starmie\n|-singleturn|p1a: Starmie|Protect\n|move|p2a: Who let him out|Last Respects|p1b: Sneasler\n|-damage|p1b: Sneasler|19/100\n|move|p1b: Sneasler|Dire Claw|p2b: Spin Cycle\n|-damage|p2b: Spin Cycle|61/100\n|move|p2b: Spin Cycle|Thunderbolt|p1b: Sneasler\n|-damage|p1b: Sneasler|0 fnt\n|faint|p1b: Sneasler\n|\n|-weather|Sandstorm|[upkeep]\n|-damage|p1a: Starmie|44/100 brn|[from] Sandstorm\n|-damage|p2b: Spin Cycle|55/100|[from] Sandstorm\n|-damage|p1a: Starmie|37/100 brn|[from] brn\n|upkeep\n|\n|t:|1788367693\n|switch|p1b: Pelipper|Pelipper, L50, F|100/100\n|-weather|RainDance|[from] ability: Drizzle|[of] p1b: Pelipper\n|turn|6\n|\n|t:|1788367701\n|switch|p1b: Sinistcha|Sinistcha, L50|100/100\n|-heal|p1a: Starmie|62/100 brn|[from] ability: Hospitality|[of] p1b: Sinistcha\n|move|p2a: Who let him out|Protect|p2a: Who let him out\n|-singleturn|p2a: Who let him out|Protect\n|move|p1a: Starmie|Liquidation|p2a: Who let him out\n|-activate|p2a: Who let him out|move: Protect\n|move|p2b: Spin Cycle|Thunderbolt|p1a: Starmie\n|-supereffective|p1a: Starmie|1\n|-damage|p1a: Starmie|0 fnt\n|faint|p1a: Starmie\n|\n|-weather|RainDance|[upkeep]\n|upkeep\n|\n|t:|1788367713\n|switch|p1a: Pelipper|Pelipper, L50, F|100/100\n|turn|7\n|\n|t:|1788367725\n|switch|p2a: Variant|Venusaur-Mega, L50, F|100/100\n|move|p1b: Sinistcha|Rage Powder|p1b: Sinistcha\n|-singleturn|p1b: Sinistcha|move: Rage Powder\n|move|p2b: Spin Cycle|Thunderbolt|p1b: Sinistcha\n|-resisted|p1b: Sinistcha|1\n|-damage|p1b: Sinistcha|74/100\n|move|p1a: Pelipper|Tailwind|p1a: Pelipper\n|-sidestart|p1: Leonrz25|move: Tailwind\n|\n|-weather|RainDance|[upkeep]\n|-heal|p1b: Sinistcha|80/100|[from] item: Leftovers\n|upkeep\n|turn|8\n|inactive|dawod has 30 seconds left.\n|\n|t:|1788367750\n|move|p2a: Variant|Protect|p2a: Variant\n|-singleturn|p2a: Variant|Protect\n|move|p1b: Sinistcha|Rage Powder|p1b: Sinistcha\n|-singleturn|p1b: Sinistcha|move: Rage Powder\n|move|p1a: Pelipper|Hurricane|p2a: Variant\n|-activate|p2a: Variant|move: Protect\n|move|p2b: Spin Cycle|Volt Switch|p1b: Sinistcha\n|-resisted|p1b: Sinistcha|1\n|-damage|p1b: Sinistcha|62/100\n|\n|t:|1788367756\n|switch|p2b: Who let him out|Houndstone, L50, F|100/100|[from] Volt Switch\n|\n|-weather|RainDance|[upkeep]\n|-heal|p1b: Sinistcha|68/100|[from] item: Leftovers\n|upkeep\n|turn|9\n|\n|t:|1788367767\n|switch|p2a: Spin Cycle|Rotom-Wash, L50|55/100\n|move|p1b: Sinistcha|Matcha Gotcha|p2b: Who let him out|[spread] \n|-miss|p1b: Sinistcha|p2a: Spin Cycle\n|-miss|p1b: Sinistcha|p2b: Who let him out\n|move|p1a: Pelipper|Weather Ball|p2b: Who let him out\n|-damage|p2b: Who let him out|45/100\n|-enditem|p2b: Who let him out|Sitrus Berry|[eat]\n|-heal|p2b: Who let him out|69/100|[from] item: Sitrus Berry\n|move|p2b: Who let him out|Last Respects|p1b: Sinistcha\n|-supereffective|p1b: Sinistcha|1\n|-damage|p1b: Sinistcha|7/100\n|\n|-weather|RainDance|[upkeep]\n|-heal|p1b: Sinistcha|14/100|[from] item: Leftovers\n|upkeep\n|turn|10\n|-message|Leonrz25 forfeited.\n|\n|win|dawod\n|raw|Leonrz25's rating: 1360 &rarr; <strong>1342</strong><br />(-18 for losing)\n|raw|dawod's rating: 1397 &rarr; <strong>1415</strong><br />(+18 for winning)\n|l|☆Leonrz25\n|player|p1|\n","uploadtime":1788367797,"views":"1","formatid":"gen9championsvgc2026regmb","rating":1342,"private":0,"password":null}