{"id":"gen9championsvgc2026regmbbo3-2673264796","format":"[Gen 9 Champions] VGC 2026 Reg M-B (Bo3)","players":["Snowball_seer","CaratroncoSun"],"log":"|j|☆Snowball_seer\n|j|☆CaratroncoSun\n|html|<table width=\"100%\"><tr><td align=\"left\">Snowball_seer</td><td align=\"right\">CaratroncoSun</tr><tr><td align=\"left\"><i class=\"fa fa-circle\"></i> <i class=\"fa fa-circle-o\"></i> </td><td align=\"right\"><i class=\"fa fa-circle-o\"></i> <i class=\"fa fa-circle-o\"></i> </tr></table>\n|uhtml|bestof|<h2><strong>Game 2</strong> of <a href=\"/game-bestof3-gen9championsvgc2026regmbbo3-2673263645\">a best-of-3</a></h2>\n|t:|1788172695\n|gametype|doubles\n|player|p1|Snowball_seer|allister-masters|1280\n|player|p2|CaratroncoSun|265|1396\n|gen|9\n|tier|[Gen 9 Champions] VGC 2026 Reg M-B (Bo3)\n|rated|\n|rule|Species Clause: Limit one of each Pokémon\n|rule|Item Clause: Limit 1 of each item\n|clearpoke\n|poke|p1|Mawile, L50, F, shiny|\n|poke|p1|Farigiraf, L50, F|\n|poke|p1|Incineroar, L50, M|\n|poke|p1|Basculegion, L50, M|\n|poke|p1|Ninetales-Alola, L50, M|\n|poke|p1|Raichu, L50, M|\n|poke|p2|Charizard, L50, M, shiny|\n|poke|p2|Venusaur, L50, F, shiny|\n|poke|p2|Whimsicott, L50, M, shiny|\n|poke|p2|Basculegion, L50, M|\n|poke|p2|Tyranitar, L50, M|\n|poke|p2|Mamoswine, L50, F|\n|teampreview|4\n|showteam|p1|Mawile||Mawilite|HyperCutter|Protect,IronHead,PlayRough,SuckerPunch|Brave||F|||50|]Farigiraf||SitrusBerry|ArmorTail|Protect,TwinBeam,HelpingHand,TrickRoom|Relaxed||F|||50|]Incineroar||Charcoal|Intimidate|FakeOut,FlareBlitz,DarkestLariat,PartingShot|Adamant||M|||50|]Basculegion||ChoiceScarf|Adaptability|WaveCrash,LastRespects,AquaJet,FlipTurn|Jolly||M|||50|]Ninetales-Alola||NeverMeltIce|SnowWarning|Blizzard,FreezeDry,Encore,Protect|Timid||M|||50|]Raichu||RaichuniteY|LightningRod|Protect,ZapCannon,FocusBlast,FakeOut|Timid||M|||50|\n|showteam|p2|Charizard||CharizarditeY|Blaze|Protect,SolarBeam,HeatWave,AirSlash|Modest||M|||50|]Venusaur||WideLens|Chlorophyll|Protect,GigaDrain,EarthPower,SleepPowder|Modest||F|||50|]Whimsicott||FocusSash|Prankster|Protect,Moonblast,Tailwind,Encore|Timid||M|||50|]Basculegion||MysticWater|Adaptability|Protect,AquaJet,WaveCrash,LastRespects|Adamant||M|||50|]Tyranitar||Tyranitarite|SandStream|Protect,RockSlide,KnockOff,LowKick|Adamant||M|||50|]Mamoswine||LifeOrb|Oblivious|Protect,HighHorsepower,RockSlide,IceShard|Adamant||F|||50|\n|inactive|Battle timer is ON: inactive players will automatically lose when time's up. (requested by Snowball_seer)\n|\n|t:|1788172719\n|teamsize|p1|4\n|teamsize|p2|4\n|start\n|switch|p1a: Incineroar|Incineroar, L50, M|100/100\n|switch|p1b: Farigiraf|Farigiraf, L50, F|100/100\n|switch|p2a: Venusaur|Venusaur, L50, F, shiny|100/100\n|switch|p2b: Whimsicott|Whimsicott, L50, M, shiny|100/100\n|-ability|p1a: Incineroar|Intimidate|boost\n|-unboost|p2a: Venusaur|atk|1\n|-unboost|p2b: Whimsicott|atk|1\n|turn|1\n|\n|t:|1788172742\n|switch|p2b: Tyranitar|Tyranitar, L50, M|100/100\n|-weather|Sandstorm|[from] ability: Sand Stream|[of] p2b: Tyranitar\n|move|p1a: Incineroar|Fake Out|p2a: Venusaur\n|-damage|p2a: Venusaur|82/100\n|cant|p2a: Venusaur|flinch\n|move|p1b: Farigiraf|Trick Room|p1b: Farigiraf\n|-fieldstart|move: Trick Room|[of] p1b: Farigiraf\n|\n|-weather|Sandstorm|[upkeep]\n|-damage|p1b: Farigiraf|93/100|[from] Sandstorm\n|-damage|p1a: Incineroar|93/100|[from] Sandstorm\n|-damage|p2a: Venusaur|76/100|[from] Sandstorm\n|upkeep\n|turn|2\n|\n|t:|1788172761\n|move|p2a: Venusaur|Protect|p2a: Venusaur\n|-singleturn|p2a: Venusaur|Protect\n|move|p1b: Farigiraf|Twin Beam|p2a: Venusaur\n|-activate|p2a: Venusaur|move: Protect\n|move|p1a: Incineroar|Parting Shot|p2b: Tyranitar\n|-unboost|p2b: Tyranitar|atk|1\n|-unboost|p2b: Tyranitar|spa|1\n|\n|t:|1788172763\n|switch|p1a: Mawile|Mawile, L50, F, shiny|100/100|[from] Parting Shot\n|move|p2b: Tyranitar|Knock Off|p1b: Farigiraf\n|-supereffective|p1b: Farigiraf|1\n|-damage|p1b: Farigiraf|30/100\n|-enditem|p1b: Farigiraf|Sitrus Berry|[from] move: Knock Off|[of] p2b: Tyranitar\n|\n|-weather|Sandstorm|[upkeep]\n|-damage|p1b: Farigiraf|24/100|[from] Sandstorm\n|-damage|p2a: Venusaur|70/100|[from] Sandstorm\n|upkeep\n|turn|3\n|\n|t:|1788172779\n|switch|p2a: Charizard|Charizard, L50, M, shiny|100/100\n|detailschange|p1a: Mawile|Mawile-Mega, L50, F, shiny\n|-mega|p1a: Mawile|Mawile|Mawilite\n|move|p2b: Tyranitar|Protect|p2b: Tyranitar\n|-singleturn|p2b: Tyranitar|Protect\n|move|p1a: Mawile|Iron Head|p2b: Tyranitar\n|-activate|p2b: Tyranitar|move: Protect\n|move|p1b: Farigiraf|Twin Beam|p2a: Charizard\n|-damage|p2a: Charizard|80/100\n|-damage|p2a: Charizard|61/100\n|-hitcount|p2a: Charizard|2\n|\n|-weather|Sandstorm|[upkeep]\n|-damage|p1b: Farigiraf|18/100|[from] Sandstorm\n|-damage|p2a: Charizard|55/100|[from] Sandstorm\n|upkeep\n|turn|4\n|\n|t:|1788172798\n|switch|p2b: Whimsicott|Whimsicott, L50, M, shiny|100/100\n|move|p1b: Farigiraf|Helping Hand|p1a: Mawile\n|-singleturn|p1a: Mawile|Helping Hand|[of] p1b: Farigiraf\n|move|p2a: Charizard|Protect|p2a: Charizard\n|-singleturn|p2a: Charizard|Protect\n|move|p1a: Mawile|Sucker Punch||[still]\n|-fail|p1a: Mawile\n|\n|-weather|Sandstorm|[upkeep]\n|-damage|p1b: Farigiraf|11/100|[from] Sandstorm\n|-damage|p2a: Charizard|50/100y|[from] Sandstorm\n|-damage|p2b: Whimsicott|94/100|[from] Sandstorm\n|upkeep\n|turn|5\n|inactive|Snowball_seer has 30 seconds left.\n|\n|t:|1788172828\n|switch|p1b: Incineroar|Incineroar, L50, M|93/100\n|-ability|p1b: Incineroar|Intimidate|boost\n|-unboost|p2a: Charizard|atk|1\n|-unboost|p2b: Whimsicott|atk|1\n|switch|p2a: Venusaur|Venusaur, L50, F, shiny|70/100\n|move|p2b: Whimsicott|Protect|p2b: Whimsicott\n|-singleturn|p2b: Whimsicott|Protect\n|move|p1a: Mawile|Sucker Punch||[still]\n|-fail|p1a: Mawile\n|\n|-weather|none\n|-fieldend|move: Trick Room\n|upkeep\n|turn|6\n|inactive|Snowball_seer has 30 seconds left.\n|\n|t:|1788172861\n|move|p2a: Venusaur|Protect|p2a: Venusaur\n|-singleturn|p2a: Venusaur|Protect\n|move|p1b: Incineroar|Fake Out|p2a: Venusaur\n|-activate|p2a: Venusaur|move: Protect\n|move|p2b: Whimsicott|Moonblast|p1b: Incineroar\n|-damage|p1b: Incineroar|60/100\n|move|p1a: Mawile|Iron Head|p2b: Whimsicott\n|-supereffective|p2b: Whimsicott|1\n|-damage|p2b: Whimsicott|0 fnt\n|faint|p2b: Whimsicott\n|\n|upkeep\n|\n|t:|1788172874\n|switch|p2b: Charizard|Charizard, L50, M, shiny|50/100y\n|turn|7\n|\n|t:|1788172897\n|switch|p2b: Tyranitar|Tyranitar, L50, M|100/100\n|-weather|Sandstorm|[from] ability: Sand Stream|[of] p2b: Tyranitar\n|move|p1a: Mawile|Sucker Punch||[still]\n|-fail|p1a: Mawile\n|move|p2a: Venusaur|Sleep Powder|p1b: Incineroar\n|-status|p1b: Incineroar|slp|[from] move: Sleep Powder\n|cant|p1b: Incineroar|slp\n|\n|-weather|Sandstorm|[upkeep]\n|-damage|p2a: Venusaur|64/100|[from] Sandstorm\n|-damage|p1b: Incineroar|54/100 slp|[from] Sandstorm\n|upkeep\n|turn|8\n|\n|t:|1788172919\n|switch|p1b: Basculegion|Basculegion, L50, M|100/100\n|move|p1a: Mawile|Protect|p1a: Mawile\n|-singleturn|p1a: Mawile|Protect\n|move|p2a: Venusaur|Sleep Powder|p1a: Mawile\n|-activate|p1a: Mawile|move: Protect\n|move|p2b: Tyranitar|Rock Slide|p1b: Basculegion|[spread] p1b\n|-activate|p1a: Mawile|move: Protect\n|-damage|p1b: Basculegion|61/100\n|\n|-weather|Sandstorm|[upkeep]\n|-damage|p1b: Basculegion|54/100|[from] Sandstorm\n|-damage|p2a: Venusaur|58/100|[from] Sandstorm\n|upkeep\n|turn|9\n|inactive|CaratroncoSun has 30 seconds left.\n|inactive|CaratroncoSun has 20 seconds left.\n|\n|t:|1788172955\n|move|p2a: Venusaur|Protect|p2a: Venusaur\n|-singleturn|p2a: Venusaur|Protect\n|move|p1b: Basculegion|Wave Crash|p2b: Tyranitar\n|-supereffective|p2b: Tyranitar|1\n|-damage|p2b: Tyranitar|0 fnt\n|faint|p2b: Tyranitar\n|-damage|p1b: Basculegion|23/100|[from] Recoil\n|move|p1a: Mawile|Iron Head|p2a: Venusaur\n|-activate|p2a: Venusaur|move: Protect\n|\n|-weather|Sandstorm|[upkeep]\n|-damage|p1b: Basculegion|16/100|[from] Sandstorm\n|-damage|p2a: Venusaur|51/100|[from] Sandstorm\n|upkeep\n|\n|t:|1788172967\n|switch|p2b: Charizard|Charizard, L50, M, shiny|50/100y\n|turn|10\n|inactive|CaratroncoSun has 30 seconds left.\n|\n|t:|1788172995\n|switch|p1b: Incineroar|Incineroar, L50, M|54/100 slp\n|-ability|p1b: Incineroar|Intimidate|boost\n|-unboost|p2a: Venusaur|atk|1\n|-unboost|p2b: Charizard|atk|1\n|detailschange|p2b: Charizard|Charizard-Mega-Y, L50, M, shiny\n|-mega|p2b: Charizard|Charizard|Charizardite Y\n|-weather|SunnyDay|[from] ability: Drought|[of] p2b: Charizard\n|move|p2b: Charizard|Protect|p2b: Charizard\n|-singleturn|p2b: Charizard|Protect\n|move|p1a: Mawile|Protect|p1a: Mawile\n|-singleturn|p1a: Mawile|Protect\n|move|p2a: Venusaur|Sleep Powder|p1b: Incineroar\n|-fail|p1b: Incineroar|slp\n|\n|-weather|SunnyDay|[upkeep]\n|upkeep\n|turn|11\n|\n|t:|1788173013\n|move|p2b: Charizard|Protect||[still]\n|-fail|p2b: Charizard\n|move|p1a: Mawile|Sucker Punch||[still]\n|-fail|p1a: Mawile\n|move|p2a: Venusaur|Sleep Powder|p1a: Mawile\n|-status|p1a: Mawile|slp|[from] move: Sleep Powder\n|cant|p1b: Incineroar|slp\n|\n|-weather|SunnyDay|[upkeep]\n|upkeep\n|turn|12\n|inactive|Snowball_seer has 30 seconds left.\n|inactive|Snowball_seer has 20 seconds left.\n|inactive|Snowball_seer has 15 seconds left.\n|inactive|Snowball_seer has 10 seconds left.\n|inactive|Snowball_seer has 5 seconds left.\n|\n|t:|1788173064\n|switch|p1b: Farigiraf|Farigiraf, L50, F|11/100\n|cant|p1a: Mawile|slp\n|move|p2a: Venusaur|Earth Power|p1b: Farigiraf\n|-damage|p1b: Farigiraf|0 fnt\n|faint|p1b: Farigiraf\n|move|p2b: Charizard|Heat Wave|p1a: Mawile\n|-supereffective|p1a: Mawile|1\n|-damage|p1a: Mawile|0 fnt\n|faint|p1a: Mawile\n|\n|-weather|SunnyDay|[upkeep]\n|upkeep\n|\n|t:|1788173067\n|switch|p1b: Basculegion|Basculegion, L50, M|16/100\n|switch|p1a: Incineroar|Incineroar, L50, M|54/100 slp\n|-ability|p1a: Incineroar|Intimidate|boost\n|-unboost|p2a: Venusaur|atk|1\n|-unboost|p2b: Charizard|atk|1\n|turn|13\n|\n|t:|1788173086\n|move|p2a: Venusaur|Protect|p2a: Venusaur\n|-singleturn|p2a: Venusaur|Protect\n|move|p2b: Charizard|Protect|p2b: Charizard\n|-singleturn|p2b: Charizard|Protect\n|-curestatus|p1a: Incineroar|slp|[msg]\n|move|p1a: Incineroar|Fake Out|p2a: Venusaur\n|-activate|p2a: Venusaur|move: Protect\n|move|p1b: Basculegion|Aqua Jet|p2b: Charizard\n|-activate|p2b: Charizard|move: Protect\n|\n|-weather|SunnyDay|[upkeep]\n|upkeep\n|turn|14\n|\n|t:|1788173100\n|move|p1b: Basculegion|Aqua Jet|p2b: Charizard\n|-supereffective|p2b: Charizard|1\n|-damage|p2b: Charizard|21/100\n|move|p2a: Venusaur|Giga Drain|p1b: Basculegion\n|-supereffective|p1b: Basculegion|1\n|-damage|p1b: Basculegion|0 fnt\n|-heal|p2a: Venusaur|62/100|[from] drain|[of] p1b: Basculegion\n|faint|p1b: Basculegion\n|move|p2b: Charizard|Air Slash|p1a: Incineroar\n|-damage|p1a: Incineroar|7/100\n|cant|p1a: Incineroar|flinch\n|\n|-weather|none\n|upkeep\n|turn|15\n|-message|Snowball_seer forfeited.\n|\n|win|CaratroncoSun\n","uploadtime":1788173108,"views":"4","formatid":"gen9championsvgc2026regmbbo3","rating":null,"private":0,"password":null}