{"id":"gen9championsvgc2026regmb-2674471070","format":"[Gen 9 Champions] VGC 2026 Reg M-B","players":["Quaaloods","Flo_Gdnt"],"log":"|j|☆Quaaloods\n|j|☆Flo_Gdnt\n|t:|1788363676\n|gametype|doubles\n|player|p1|Quaaloods|petrel|1254\n|player|p2|Flo_Gdnt|ethan|1286\n|gen|9\n|tier|[Gen 9 Champions] VGC 2026 Reg M-B\n|rated|\n|rule|Species Clause: Limit one of each Pokémon\n|rule|Item Clause: Limit 1 of each item\n|clearpoke\n|poke|p1|Ceruledge, L50, M|\n|poke|p1|Farigiraf, L50, F|\n|poke|p1|Sinistcha, L50|\n|poke|p1|Floette-Eternal, L50, F|\n|poke|p1|Incineroar, L50, M|\n|poke|p1|Golurk, L50|\n|poke|p2|Primarina, L50, M|\n|poke|p2|Farigiraf, L50, F|\n|poke|p2|Delphox, L50, F|\n|poke|p2|Kingambit, L50, M|\n|poke|p2|Incineroar, L50, F|\n|poke|p2|Sneasler, L50, F|\n|teampreview|4\n|inactive|Battle timer is ON: inactive players will automatically lose when time's up. (requested by Flo_Gdnt)\n|\n|t:|1788363711\n|teamsize|p1|4\n|teamsize|p2|4\n|start\n|switch|p1a: Deus Vult|Ceruledge, L50, M|100/100\n|switch|p1b: Télétubbies|Farigiraf, L50, F|100/100\n|switch|p2a: Incineroar|Incineroar, L50, F|100/100\n|switch|p2b: Delphox|Delphox, L50, F|100/100\n|-ability|p2a: Incineroar|Intimidate|boost\n|-unboost|p1a: Deus Vult|atk|1\n|-unboost|p1b: Télétubbies|atk|1\n|turn|1\n|inactive|Flo_Gdnt has 30 seconds left.\n|\n|t:|1788363740\n|switch|p2b: Primarina|Primarina, L50, M|100/100\n|move|p1a: Deus Vult|Close Combat|p2a: Incineroar\n|-supereffective|p2a: Incineroar|1\n|-damage|p2a: Incineroar|47/100\n|-unboost|p1a: Deus Vult|def|1\n|-unboost|p1a: Deus Vult|spd|1\n|move|p2a: Incineroar|Throat Chop|p1a: Deus Vult\n|-supereffective|p1a: Deus Vult|1\n|-enditem|p1a: Deus Vult|Focus Sash\n|-damage|p1a: Deus Vult|1/100\n|-start|p1a: Deus Vult|Throat Chop|[silent]\n|move|p1b: Télétubbies|Trick Room|p1b: Télétubbies\n|-fieldstart|move: Trick Room|[of] p1b: Télétubbies\n|\n|upkeep\n|turn|2\n|inactive|Quaaloods has 30 seconds left.\n|\n|t:|1788363773\n|switch|p1a: Mojito|Sinistcha, L50|100/100\n|move|p2b: Primarina|Hyper Voice|p1a: Mojito|[spread] p1a,p1b\n|-resisted|p1a: Mojito|1\n|-damage|p1a: Mojito|85/100\n|-damage|p1b: Télétubbies|70/100\n|move|p1b: Télétubbies|Psychic Noise|p2b: Primarina\n|-damage|p2b: Primarina|80/100\n|-start|p2b: Primarina|move: Heal Block\n|move|p2a: Incineroar|Throat Chop|p1a: Mojito\n|-supereffective|p1a: Mojito|1\n|-enditem|p1a: Mojito|Colbur Berry|[eat]\n|-enditem|p1a: Mojito|Colbur Berry|[weaken]\n|-damage|p1a: Mojito|59/100\n|-start|p1a: Mojito|Throat Chop|[silent]\n|\n|upkeep\n|turn|3\n|\n|t:|1788363797\n|move|p2b: Primarina|Protect|p2b: Primarina\n|-singleturn|p2b: Primarina|Protect\n|move|p1b: Télétubbies|Ally Switch|p1b: Télétubbies\n|swap|p1b: Télétubbies|0|[from] move: Ally Switch\n|move|p2a: Incineroar|Flare Blitz|p1a: Télétubbies\n|-damage|p1a: Télétubbies|31/100\n|-enditem|p1a: Télétubbies|Sitrus Berry|[eat]\n|-heal|p1a: Télétubbies|56/100|[from] item: Sitrus Berry\n|-damage|p2a: Incineroar|32/100|[from] Recoil\n|move|p1b: Mojito|Strength Sap|p2a: Incineroar\n|-unboost|p2a: Incineroar|atk|1\n|-heal|p1b: Mojito|100/100\n|\n|-end|p2b: Primarina|move: Heal Block\n|-end|p1b: Mojito|Throat Chop|[silent]\n|upkeep\n|turn|4\n|inactive|Quaaloods has 30 seconds left.\n|inactive|Flo_Gdnt has 30 seconds left.\n|\n|t:|1788363829\n|switch|p2b: Delphox|Delphox, L50, F|100/100\n|move|p1a: Télétubbies|Psychic Noise|p2b: Delphox\n|-resisted|p2b: Delphox|1\n|-damage|p2b: Delphox|83/100\n|-start|p2b: Delphox|move: Heal Block\n|move|p2a: Incineroar|Parting Shot|p1b: Mojito\n|-unboost|p1b: Mojito|atk|1\n|-unboost|p1b: Mojito|spa|1\n|\n|t:|1788363840\n|switch|p2a: Farigiraf|Farigiraf, L50, F|100/100|[from] Parting Shot\n|move|p1b: Mojito|Life Dew||[still]|[spread] p1a,p1b\n|-heal|p1a: Télétubbies|81/100\n|-fail|p1b: Mojito|heal\n|\n|upkeep\n|turn|5\n|inactive|Quaaloods has 30 seconds left.\n|\n|t:|1788363871\n|switch|p1a: Deus Vult|Ceruledge, L50, M|1/100\n|detailschange|p2b: Delphox|Delphox-Mega, L50, F\n|-mega|p2b: Delphox|Delphox|Delphoxite\n|move|p1b: Mojito|Rage Powder|p1b: Mojito\n|-singleturn|p1b: Mojito|move: Rage Powder\n|move|p2a: Farigiraf|Thunderbolt|p1b: Mojito\n|-resisted|p1b: Mojito|1\n|-damage|p1b: Mojito|87/100\n|move|p2b: Delphox|Heat Wave|p1b: Mojito|[spread] p1b\n|-start|p1a: Deus Vult|ability: Flash Fire\n|-supereffective|p1b: Mojito|1\n|-damage|p1b: Mojito|2/100\n|\n|-end|p2b: Delphox|move: Heal Block\n|-fieldend|move: Trick Room\n|upkeep\n|turn|6\n|inactive|Flo_Gdnt has 30 seconds left.\n|\n|t:|1788363902\n|switch|p2b: Incineroar|Incineroar, L50, F|32/100\n|-ability|p2b: Incineroar|Intimidate|boost\n|-unboost|p1a: Deus Vult|atk|1\n|-unboost|p1b: Mojito|atk|1\n|move|p1a: Deus Vult|Protect|p1a: Deus Vult\n|-singleturn|p1a: Deus Vult|Protect\n|move|p1b: Mojito|Matcha Gotcha|p2b: Incineroar|[spread] p2a,p2b\n|-resisted|p2b: Incineroar|1\n|-damage|p2a: Farigiraf|84/100\n|-heal|p1b: Mojito|12/100|[from] drain|[of] p2a: Farigiraf\n|-damage|p2b: Incineroar|25/100\n|-heal|p1b: Mojito|16/100|[from] drain|[of] p2b: Incineroar\n|move|p2a: Farigiraf|Twin Beam|p1a: Deus Vult\n|-activate|p1a: Deus Vult|move: Protect\n|\n|upkeep\n|turn|7\n|\n|t:|1788363920\n|move|p1a: Deus Vult|Close Combat|p2b: Incineroar\n|-supereffective|p2b: Incineroar|1\n|-damage|p2b: Incineroar|0 fnt\n|-unboost|p1a: Deus Vult|def|1\n|-unboost|p1a: Deus Vult|spd|1\n|faint|p2b: Incineroar\n|move|p1b: Mojito|Strength Sap|p2a: Farigiraf\n|-unboost|p2a: Farigiraf|atk|1\n|-heal|p1b: Mojito|78/100\n|move|p2a: Farigiraf|Twin Beam|p1b: Mojito\n|-crit|p1b: Mojito\n|-damage|p1b: Mojito|54/100\n|-damage|p1b: Mojito|37/100\n|-hitcount|p1b: Mojito|2\n|\n|upkeep\n|\n|t:|1788363937\n|switch|p2b: Primarina|Primarina, L50, M|80/100\n|turn|8\n|\n|t:|1788363949\n|-end|p1a: Deus Vult|ability: Flash Fire|[silent]\n|switch|p1a: Télétubbies|Farigiraf, L50, F|81/100\n|move|p1b: Mojito|Life Dew|p1b: Mojito|[spread] p1a,p1b\n|-heal|p1a: Télétubbies|100/100\n|-heal|p1b: Mojito|62/100\n|move|p2b: Primarina|Hyper Voice|p1b: Mojito|[spread] p1a,p1b\n|-resisted|p1b: Mojito|1\n|-damage|p1a: Télétubbies|73/100\n|-damage|p1b: Mojito|48/100\n|move|p2a: Farigiraf|Twin Beam|p1b: Mojito\n|-damage|p1b: Mojito|32/100\n|-damage|p1b: Mojito|15/100\n|-hitcount|p1b: Mojito|2\n|\n|-heal|p2b: Primarina|86/100|[from] item: Leftovers\n|upkeep\n|turn|9\n|\n|t:|1788363968\n|move|p1b: Mojito|Strength Sap|p2b: Primarina\n|-unboost|p2b: Primarina|atk|1\n|-heal|p1b: Mojito|62/100\n|move|p2b: Primarina|Hyper Voice|p1b: Mojito|[spread] p1a,p1b\n|-resisted|p1b: Mojito|1\n|-damage|p1a: Télétubbies|44/100\n|-damage|p1b: Mojito|47/100\n|move|p2a: Farigiraf|Twin Beam|p1b: Mojito\n|-damage|p1b: Mojito|32/100\n|-damage|p1b: Mojito|16/100\n|-hitcount|p1b: Mojito|2\n|move|p1a: Télétubbies|Trick Room|p1a: Télétubbies\n|-fieldstart|move: Trick Room|[of] p1a: Télétubbies\n|\n|-heal|p2b: Primarina|91/100|[from] item: Leftovers\n|upkeep\n|turn|10\n|\n|t:|1788363987\n|move|p2a: Farigiraf|Twin Beam|p1b: Mojito\n|-damage|p1b: Mojito|1/100\n|-damage|p1b: Mojito|0 fnt\n|faint|p1b: Mojito\n|-hitcount|p1: Mojito|2\n|move|p2b: Primarina|Hyper Voice|p1a: Télétubbies\n|-damage|p1a: Télétubbies|9/100\n|move|p1a: Télétubbies|Psychic Noise|p2b: Primarina\n|-damage|p2b: Primarina|70/100\n|-start|p2b: Primarina|move: Heal Block\n|\n|upkeep\n|\n|t:|1788363999\n|switch|p1b: Tomorrowland|Golurk, L50|100/100\n|turn|11\n|\n|t:|1788364010\n|detailschange|p1b: Tomorrowland|Golurk-Mega, L50\n|-mega|p1b: Tomorrowland|Golurk|Golurkite\n|move|p1a: Télétubbies|Helping Hand|p1b: Tomorrowland\n|-singleturn|p1b: Tomorrowland|Helping Hand|[of] p1a: Télétubbies\n|move|p1b: Tomorrowland|Headlong Rush|p2b: Primarina\n|-damage|p2b: Primarina|0 fnt\n|-unboost|p1b: Tomorrowland|def|1\n|-unboost|p1b: Tomorrowland|spd|1\n|faint|p2b: Primarina\n|move|p2a: Farigiraf|Grass Knot|p1b: Tomorrowland\n|-supereffective|p1b: Tomorrowland|1\n|-damage|p1b: Tomorrowland|10/100\n|\n|upkeep\n|\n|t:|1788364021\n|switch|p2b: Delphox|Delphox-Mega, L50, F|83/100\n|turn|12\n|\n|t:|1788364045\n|move|p1a: Télétubbies|Helping Hand|p1b: Tomorrowland\n|-singleturn|p1b: Tomorrowland|Helping Hand|[of] p1a: Télétubbies\n|move|p1b: Tomorrowland|Headlong Rush|p2a: Farigiraf\n|-damage|p2a: Farigiraf|0 fnt\n|-unboost|p1b: Tomorrowland|def|1\n|-unboost|p1b: Tomorrowland|spd|1\n|faint|p2a: Farigiraf\n|move|p2b: Delphox|Nasty Plot|p2b: Delphox\n|-boost|p2b: Delphox|spa|2\n|\n|upkeep\n|turn|13\n|c|☆Quaaloods|Die Giraffe!!!\n|inactive|Quaaloods has 30 seconds left.\n|inactive|Quaaloods has 20 seconds left.\n|inactive|Quaaloods has 15 seconds left.\n|\n|t:|1788364089\n|switch|p1a: Deus Vult|Ceruledge, L50, M|1/100\n|move|p2b: Delphox|Protect|p2b: Delphox\n|-singleturn|p2b: Delphox|Protect\n|move|p1b: Tomorrowland|Poltergeist|p2b: Delphox\n|-activate|p2b: Delphox|move: Protect\n|\n|-fieldend|move: Trick Room\n|upkeep\n|turn|14\n|\n|t:|1788364103\n|move|p1a: Deus Vult|Protect|p1a: Deus Vult\n|-singleturn|p1a: Deus Vult|Protect\n|move|p2b: Delphox|Psyshock|p1b: Tomorrowland\n|-damage|p1b: Tomorrowland|0 fnt\n|faint|p1b: Tomorrowland\n|\n|upkeep\n|\n|t:|1788364111\n|switch|p1b: Télétubbies|Farigiraf, L50, F|9/100\n|turn|15\n|\n|t:|1788364117\n|move|p1b: Télétubbies|Helping Hand|p1a: Deus Vult\n|-singleturn|p1a: Deus Vult|Helping Hand|[of] p1b: Télétubbies\n|move|p1a: Deus Vult|Shadow Sneak|p2b: Delphox\n|-supereffective|p2b: Delphox|1\n|-damage|p2b: Delphox|0 fnt\n|faint|p2b: Delphox\n|\n|win|Quaaloods\n|raw|Quaaloods's rating: 1254 &rarr; <strong>1281</strong><br />(+27 for winning)\n|raw|Flo_Gdnt's rating: 1286 &rarr; <strong>1259</strong><br />(-27 for losing)\n|l|☆Flo_Gdnt\n|player|p2|\n","uploadtime":1788364207,"views":"1","formatid":"gen9championsvgc2026regmb","rating":1259,"private":0,"password":null}