{"id":"gen9championsvgc2026regmbbo3-2673276385","format":"[Gen 9 Champions] VGC 2026 Reg M-B (Bo3)","players":["Carrielis","urstepslowbro"],"log":"|j|☆Carrielis\n|j|☆urstepslowbro\n|html|<table width=\"100%\"><tr><td align=\"left\">Carrielis</td><td align=\"right\">urstepslowbro</tr><tr><td align=\"left\"><i class=\"fa fa-circle-o\"></i> <i class=\"fa fa-circle-o\"></i> </td><td align=\"right\"><i class=\"fa fa-circle-o\"></i> <i class=\"fa fa-circle-o\"></i> </tr></table>\n|uhtml|bestof|<h2><strong>Game 1</strong> of <a href=\"/game-bestof3-gen9championsvgc2026regmbbo3-2673276384\">a best-of-3</a></h2>\n|t:|1788175183\n|gametype|doubles\n|player|p1|Carrielis|erika-masters3|1269\n|player|p2|urstepslowbro|hilda-masters4|1282\n|gen|9\n|tier|[Gen 9 Champions] VGC 2026 Reg M-B (Bo3)\n|rated|\n|rule|Species Clause: Limit one of each Pokémon\n|rule|Item Clause: Limit 1 of each item\n|clearpoke\n|poke|p1|Charizard, L50, M|\n|poke|p1|Farigiraf, L50, M|\n|poke|p1|Garchomp, L50, M|\n|poke|p1|Sylveon, L50, F|\n|poke|p1|Sneasler, L50, M|\n|poke|p1|Aerodactyl, L50, M|\n|poke|p2|Staraptor, L50, F|\n|poke|p2|Sinistcha, L50|\n|poke|p2|Gholdengo, L50|\n|poke|p2|Milotic, L50, F|\n|poke|p2|Excadrill, L50, F|\n|poke|p2|Tyranitar, L50, M|\n|teampreview|4\n|showteam|p1|Charizard||CharizarditeY|Blaze|WeatherBall,HeatWave,SolarBeam,Protect|Modest||M|||50|]Farigiraf||SitrusBerry|ArmorTail|Psychic,TrickRoom,HelpingHand,Protect|Bold||M|||50|]Garchomp||Garchompite|RoughSkin|Earthquake,RockSlide,DragonClaw,Protect|Adamant||M|||50|]Sylveon||FairyFeather|Pixilate|HyperVoice,HyperBeam,QuickAttack,Detect|Modest||F|||50|]Sneasler||WhiteHerb|Unburden|FakeOut,CloseCombat,DireClaw,Protect|Jolly||M|||50|]Aerodactyl||FocusSash|Unnerve|RockSlide,DualWingbeat,Tailwind,Protect|Jolly||M|||50|\n|showteam|p2|Staraptor||Staraptite|Intimidate|CloseCombat,BraveBird,Tailwind,Protect|Jolly||F|||50|]Sinistcha||ColburBerry|Hospitality|MatchaGotcha,TrickRoom,Protect,RagePowder|Bold|||||50|]Gholdengo||LifeOrb|GoodasGold|MakeItRain,ShadowBall,NastyPlot,Protect|Modest|||||50|]Milotic||SitrusBerry|Competitive|Scald,IcyWind,IceBeam,Protect|Calm||F|||50|]Excadrill||FocusSash|SandRush|HighHorsepower,IronHead,RockSlide,Protect|Jolly||F|||50|]Tyranitar||Tyranitarite|SandStream|KnockOff,RockSlide,LowKick,Protect|Jolly||M|||50|\n|\n|t:|1788175220\n|teamsize|p1|4\n|teamsize|p2|4\n|start\n|switch|p1a: Garchomp|Garchomp, L50, M|100/100\n|switch|p1b: Sneasler|Sneasler, L50, M|100/100\n|switch|p2a: Excadrill|Excadrill, L50, F|100/100\n|switch|p2b: Milotic|Milotic, L50, F|100/100\n|turn|1\n|\n|t:|1788175246\n|switch|p1b: Charizard|Charizard, L50, M|100/100\n|move|p1a: Garchomp|Protect|p1a: Garchomp\n|-singleturn|p1a: Garchomp|Protect\n|move|p2a: Excadrill|Protect|p2a: Excadrill\n|-singleturn|p2a: Excadrill|Protect\n|move|p2b: Milotic|Protect||[still]\n|-fail|p2b: Milotic\n|\n|upkeep\n|turn|2\n|\n|t:|1788175263\n|move|p1b: Charizard|Protect|p1b: Charizard\n|-singleturn|p1b: Charizard|Protect\n|move|p1a: Garchomp|Earthquake|p2a: Excadrill|[spread] p2a,p2b\n|-activate|p1b: Charizard|move: Protect\n|-supereffective|p2a: Excadrill|1\n|-enditem|p2a: Excadrill|Focus Sash\n|-damage|p2a: Excadrill|1/100\n|-damage|p2b: Milotic|62/100\n|move|p2a: Excadrill|Rock Slide|p1a: Garchomp|[spread] p1a\n|-activate|p1b: Charizard|move: Protect\n|-resisted|p1a: Garchomp|1\n|-damage|p1a: Garchomp|89/100\n|move|p2b: Milotic|Icy Wind|p1a: Garchomp|[spread] p1a\n|-activate|p1b: Charizard|move: Protect\n|-supereffective|p1a: Garchomp|2\n|-damage|p1a: Garchomp|48/100\n|-unboost|p1a: Garchomp|spe|1\n|\n|upkeep\n|turn|3\n|\n|t:|1788175285\n|switch|p2a: Tyranitar|Tyranitar, L50, M|100/100\n|-weather|Sandstorm|[from] ability: Sand Stream|[of] p2a: Tyranitar\n|switch|p1a: Sneasler|Sneasler, L50, M|100/100\n|move|p1b: Charizard|Heat Wave|p2a: Tyranitar|[spread] p2a,p2b\n|-resisted|p2a: Tyranitar|1\n|-resisted|p2b: Milotic|1\n|-damage|p2a: Tyranitar|90/100\n|-damage|p2b: Milotic|53/100\n|move|p2b: Milotic|Icy Wind|p1a: Sneasler|[spread] p1a,p1b\n|-crit|p1a: Sneasler\n|-damage|p1a: Sneasler|81/100\n|-damage|p1b: Charizard|89/100\n|-unboost|p1a: Sneasler|spe|1\n|-unboost|p1b: Charizard|spe|1\n|-enditem|p1a: Sneasler|White Herb\n|-clearnegativeboost|p1a: Sneasler|[silent]\n|\n|-weather|Sandstorm|[upkeep]\n|-damage|p1a: Sneasler|75/100|[from] Sandstorm\n|-damage|p2b: Milotic|47/100|[from] Sandstorm\n|-damage|p1b: Charizard|83/100|[from] Sandstorm\n|-enditem|p2b: Milotic|Sitrus Berry|[eat]\n|-heal|p2b: Milotic|72/100|[from] item: Sitrus Berry\n|upkeep\n|turn|4\n|\n|t:|1788175313\n|move|p2a: Tyranitar|Protect|p2a: Tyranitar\n|-singleturn|p2a: Tyranitar|Protect\n|move|p1b: Charizard|Protect|p1b: Charizard\n|-singleturn|p1b: Charizard|Protect\n|move|p1a: Sneasler|Close Combat|p2b: Milotic\n|-damage|p2b: Milotic|9/100\n|-unboost|p1a: Sneasler|def|1\n|-unboost|p1a: Sneasler|spd|1\n|move|p2b: Milotic|Icy Wind|p1a: Sneasler|[spread] p1a\n|-activate|p1b: Charizard|move: Protect\n|-damage|p1a: Sneasler|54/100\n|-unboost|p1a: Sneasler|spe|1\n|\n|-weather|Sandstorm|[upkeep]\n|-damage|p1a: Sneasler|48/100|[from] Sandstorm\n|-damage|p2b: Milotic|3/100|[from] Sandstorm\n|-damage|p1b: Charizard|77/100|[from] Sandstorm\n|upkeep\n|turn|5\n|\n|t:|1788175326\n|switch|p1b: Aerodactyl|Aerodactyl, L50, M|100/100\n|-ability|p1b: Aerodactyl|Unnerve\n|move|p1a: Sneasler|Dire Claw|p2b: Milotic\n|-damage|p2b: Milotic|0 fnt\n|faint|p2b: Milotic\n|move|p2a: Tyranitar|Rock Slide|p1b: Aerodactyl|[spread] p1a,p1b\n|-resisted|p1a: Sneasler|1\n|-supereffective|p1b: Aerodactyl|1\n|-damage|p1a: Sneasler|17/100\n|-damage|p1b: Aerodactyl|7/100\n|\n|-weather|Sandstorm|[upkeep]\n|-damage|p1a: Sneasler|11/100|[from] Sandstorm\n|upkeep\n|\n|t:|1788175340\n|switch|p2b: Excadrill|Excadrill, L50, F|1/100\n|turn|6\n|\n|t:|1788175345\n|switch|p2a: Staraptor|Staraptor, L50, F|100/100\n|-ability|p2a: Staraptor|Intimidate|boost\n|-unboost|p1a: Sneasler|atk|1\n|-unboost|p1b: Aerodactyl|atk|1\n|move|p1b: Aerodactyl|Protect|p1b: Aerodactyl\n|-singleturn|p1b: Aerodactyl|Protect\n|move|p2b: Excadrill|Rock Slide|p1b: Aerodactyl|[spread] p1a\n|-activate|p1b: Aerodactyl|move: Protect\n|-resisted|p1a: Sneasler|1\n|-damage|p1a: Sneasler|0 fnt\n|faint|p1a: Sneasler\n|\n|-weather|Sandstorm|[upkeep]\n|-damage|p2a: Staraptor|94/100|[from] Sandstorm\n|upkeep\n|\n|t:|1788175349\n|switch|p1a: Charizard|Charizard, L50, M|77/100\n|turn|7\n|\n|t:|1788175361\n|detailschange|p2a: Staraptor|Staraptor-Mega, L50, F\n|-mega|p2a: Staraptor|Staraptor|Staraptite\n|move|p2b: Excadrill|Rock Slide|p1a: Charizard|[spread] p1a,p1b\n|-supereffective|p1a: Charizard|2\n|-supereffective|p1b: Aerodactyl|1\n|-damage|p1a: Charizard|2/100\n|-damage|p1b: Aerodactyl|0 fnt\n|faint|p1b: Aerodactyl\n|move|p2a: Staraptor|Tailwind|p2a: Staraptor\n|-sidestart|p2: urstepslowbro|move: Tailwind\n|move|p1a: Charizard|Weather Ball|p2a: Staraptor\n|-damage|p2a: Staraptor|68/100\n|\n|-weather|none\n|upkeep\n|\n|t:|1788175374\n|switch|p1b: Garchomp|Garchomp, L50, M|48/100\n|turn|8\n|\n|t:|1788175381\n|move|p1a: Charizard|Protect|p1a: Charizard\n|-singleturn|p1a: Charizard|Protect\n|move|p2a: Staraptor|Close Combat|p1b: Garchomp\n|-damage|p1b: Garchomp|0 fnt\n|-boost|p2a: Staraptor|def|1\n|-boost|p2a: Staraptor|spd|1\n|-damage|p2a: Staraptor|56/100|[from] ability: Rough Skin|[of] p1b: Garchomp\n|faint|p1b: Garchomp\n|move|p2b: Excadrill|Iron Head|p1a: Charizard\n|-activate|p1a: Charizard|move: Protect\n|\n|upkeep\n|turn|9\n|-message|Carrielis forfeited.\n|\n|win|urstepslowbro\n","uploadtime":1788175387,"views":"2","formatid":"gen9championsvgc2026regmbbo3","rating":null,"private":0,"password":null}