{"id":"gen9championsvgc2026regmb-2674489382","format":"[Gen 9 Champions] VGC 2026 Reg M-B","players":["YouTubeRocki","bruhdnigerian"],"log":"|j|☆YouTubeRocki\n|j|☆bruhdnigerian\n|t:|1788365839\n|gametype|doubles\n|player|p1|YouTubeRocki|hilbert|1175\n|player|p2|bruhdnigerian|lance|1206\n|gen|9\n|tier|[Gen 9 Champions] VGC 2026 Reg M-B\n|rated|\n|rule|Species Clause: Limit one of each Pokémon\n|rule|Item Clause: Limit 1 of each item\n|clearpoke\n|poke|p1|Mawile, L50, F|\n|poke|p1|Volcarona, L50, F, shiny|\n|poke|p1|Sableye, L50, F|\n|poke|p1|Aerodactyl, L50, F|\n|poke|p1|Skeledirge, L50, F, shiny|\n|poke|p1|Raichu, L50, F|\n|poke|p2|Pangoro, L50, M|\n|poke|p2|Crabominable, L50, F|\n|poke|p2|Chandelure, L50, M|\n|poke|p2|Spiritomb, L50, M|\n|poke|p2|Bastiodon, L50, M|\n|poke|p2|Sneasler, L50, F|\n|teampreview|4\n|inactive|Battle timer is ON: inactive players will automatically lose when time's up. (requested by bruhdnigerian)\nbruhdnigerian rejected open team sheets.\n|inactive|YouTubeRocki has 60 seconds left.\n|inactive|YouTubeRocki has 30 seconds left.\n|inactive|YouTubeRocki has 20 seconds left.\n|\n|t:|1788365912\n|teamsize|p1|4\n|teamsize|p2|4\n|start\n|switch|p1a: Sableye|Sableye, L50, F|100/100\n|switch|p1b: Volcarona|Volcarona, L50, F, shiny|100/100\n|switch|p2a: Bastiodon|Bastiodon, L50, M|100/100\n|switch|p2b: Sneasler|Sneasler, L50, F|100/100\n|-ability|p2b: Sneasler|Pressure\n|turn|1\n|\n|t:|1788365935\n|move|p1b: Volcarona|Protect|p1b: Volcarona\n|-singleturn|p1b: Volcarona|Protect\n|move|p2b: Sneasler|Fake Out|p1a: Sableye\n|-immune|p1a: Sableye\n|move|p1a: Sableye|Reflect|p1a: Sableye\n|-sidestart|p1: YouTubeRocki|Reflect\n|move|p2a: Bastiodon|Stealth Rock|p1b: Volcarona\n|-sidestart|p1: YouTubeRocki|move: Stealth Rock\n|\n|upkeep\n|turn|2\n|\n|t:|1788365951\n|move|p1a: Sableye|Encore|p2b: Sneasler\n|-start|p2b: Sneasler|Encore\n|move|p2b: Sneasler|Fake Out||[still]\n|-hint|Fake Out only works on your first turn out.\n|-fail|p2b: Sneasler\n|move|p1b: Volcarona|Quiver Dance|p1b: Volcarona\n|-boost|p1b: Volcarona|spa|1\n|-boost|p1b: Volcarona|spd|1\n|-boost|p1b: Volcarona|spe|1\n|move|p2a: Bastiodon|Roar|p1b: Volcarona\n|drag|p1b: Skeledirge|Skeledirge, L50, F, shiny|100/100\n|-damage|p1b: Skeledirge|75/100|[from] Stealth Rock\n|\n|-heal|p1b: Skeledirge|81/100|[from] item: Leftovers\n|upkeep\n|turn|3\n|inactive|YouTubeRocki has 30 seconds left.\n|\n|t:|1788365981\n|switch|p2b: Spiritomb|Spiritomb, L50, M|100/100\n|move|p1a: Sableye|Light Screen|p1a: Sableye\n|-sidestart|p1: YouTubeRocki|move: Light Screen\n|move|p1b: Skeledirge|Earth Power|p2a: Bastiodon\n|-supereffective|p2a: Bastiodon|2\n|-damage|p2a: Bastiodon|23/100\n|move|p2a: Bastiodon|Roar|p1b: Skeledirge\n|drag|p1b: Mawile|Mawile, L50, F|100/100\n|-damage|p1b: Mawile|94/100|[from] Stealth Rock\n|\n|upkeep\n|turn|4\n|\n|t:|1788366003\n|switch|p1b: Skeledirge|Skeledirge, L50, F, shiny|81/100\n|-damage|p1b: Skeledirge|56/100|[from] Stealth Rock\n|move|p1a: Sableye|Encore|p2a: Bastiodon\n|-start|p2a: Bastiodon|Encore\n|move|p2b: Spiritomb|Will-O-Wisp|p1b: Skeledirge\n|-immune|p1b: Skeledirge\n|move|p2a: Bastiodon|Roar|p1b: Skeledirge\n|drag|p1b: Mawile|Mawile, L50, F|94/100\n|-damage|p1b: Mawile|88/100|[from] Stealth Rock\n|\n|upkeep\n|turn|5\n|inactive|YouTubeRocki has 30 seconds left.\n|inactive|YouTubeRocki has 20 seconds left.\n|inactive|YouTubeRocki has 15 seconds left.\n|\n|t:|1788366045\n|detailschange|p1b: Mawile|Mawile-Mega, L50, F\n|-mega|p1b: Mawile|Mawile|Mawilite\n|move|p1a: Sableye|Sunny Day|p1a: Sableye\n|-weather|SunnyDay\n|move|p1b: Mawile|Iron Head|p2a: Bastiodon\n|-damage|p2a: Bastiodon|0 fnt\n|faint|p2a: Bastiodon\n|move|p2b: Spiritomb|Will-O-Wisp|p1b: Mawile\n|-status|p1b: Mawile|brn\n|\n|-weather|SunnyDay|[upkeep]\n|-damage|p1b: Mawile|82/100 brn|[from] brn\n|upkeep\n|\n|t:|1788366054\n|switch|p2a: Pangoro|Pangoro, L50, M|100/100\n|turn|6\n|\n|t:|1788366079\n|switch|p1a: Skeledirge|Skeledirge, L50, F, shiny|56/100\n|-damage|p1a: Skeledirge|32/100|[from] Stealth Rock\n|move|p1b: Mawile|Play Rough|p2a: Pangoro|[miss]\n|-miss|p1b: Mawile|p2a: Pangoro\n|move|p2a: Pangoro|Storm Throw|p1a: Skeledirge\n|-crit|p1a: Skeledirge\n|-damage|p1a: Skeledirge|0 fnt\n|faint|p1a: Skeledirge\n|move|p2b: Spiritomb|Hex|p1b: Mawile\n|-damage|p1b: Mawile|35/100 brn\n|\n|-weather|SunnyDay|[upkeep]\n|-damage|p1b: Mawile|29/100 brn|[from] brn\n|upkeep\n|\n|t:|1788366088\n|switch|p1a: Volcarona|Volcarona, L50, F, shiny|100/100\n|-damage|p1a: Volcarona|50/100y|[from] Stealth Rock\n|turn|7\n|\n|t:|1788366111\n|move|p1a: Volcarona|Protect|p1a: Volcarona\n|-singleturn|p1a: Volcarona|Protect\n|move|p2a: Pangoro|Protect|p2a: Pangoro\n|-singleturn|p2a: Pangoro|Protect\n|move|p1b: Mawile|Protect|p1b: Mawile\n|-singleturn|p1b: Mawile|Protect\n|move|p2b: Spiritomb|Trick Room|p2b: Spiritomb\n|-fieldstart|move: Trick Room|[of] p2b: Spiritomb\n|\n|-weather|SunnyDay|[upkeep]\n|-damage|p1b: Mawile|23/100 brn|[from] brn\n|upkeep\n|turn|8\n|\n|t:|1788366129\n|move|p2b: Spiritomb|Hex|p1a: Volcarona\n|-damage|p1a: Volcarona|28/100\n|move|p2a: Pangoro|Storm Throw|p1b: Mawile\n|-crit|p1b: Mawile\n|-damage|p1b: Mawile|0 fnt\n|faint|p1b: Mawile\n|move|p1a: Volcarona|Quiver Dance|p1a: Volcarona\n|-boost|p1a: Volcarona|spa|1\n|-boost|p1a: Volcarona|spd|1\n|-boost|p1a: Volcarona|spe|1\n|\n|-weather|SunnyDay|[upkeep]\n|-sideend|p1: YouTubeRocki|Reflect\n|upkeep\n|\n|t:|1788366136\n|switch|p1b: Sableye|Sableye, L50, F|100/100\n|-damage|p1b: Sableye|87/100|[from] Stealth Rock\n|turn|9\n|\n|t:|1788366146\n|move|p1a: Volcarona|Protect|p1a: Volcarona\n|-singleturn|p1a: Volcarona|Protect\n|move|p1b: Sableye|Reflect|p1b: Sableye\n|-sidestart|p1: YouTubeRocki|Reflect\n|move|p2b: Spiritomb|Hex|p1a: Volcarona\n|-activate|p1a: Volcarona|move: Protect\n|move|p2a: Pangoro|Storm Throw|p1b: Sableye\n|-supereffective|p1b: Sableye|1\n|-crit|p1b: Sableye\n|-damage|p1b: Sableye|0 fnt\n|faint|p1b: Sableye\n|\n|-weather|none\n|upkeep\n|turn|10\n|\n|t:|1788366166\n|move|p2b: Spiritomb|Hex|p1a: Volcarona\n|-damage|p1a: Volcarona|13/100\n|move|p2a: Pangoro|Storm Throw|p1a: Volcarona\n|-resisted|p1a: Volcarona|1\n|-crit|p1a: Volcarona\n|-damage|p1a: Volcarona|0 fnt\n|faint|p1a: Volcarona\n|\n|win|bruhdnigerian\n|raw|YouTubeRocki's rating: 1175 &rarr; <strong>1154</strong><br />(-21 for losing)\n|raw|bruhdnigerian's rating: 1232 &rarr; <strong>1253</strong><br />(+21 for winning)\n|l|☆YouTubeRocki\n|player|p1|\n","uploadtime":1788366175,"views":"0","formatid":"gen9championsvgc2026regmb","rating":1154,"private":0,"password":null}