{"id":"gen9championsvgc2026regmb-2674733714","format":"[Gen 9 Champions] VGC 2026 Reg M-B","players":["Jadedragon61","sempra"],"log":"|j|☆Jadedragon61\n|j|☆sempra\n|html|<table width=\"100%\"><tr><td align=\"left\">Jadedragon61</td><td align=\"right\">sempra</tr><tr><td align=\"left\"><i class=\"fa fa-circle-o\"></i> <i class=\"fa fa-circle-o\"></i> </td><td align=\"right\"><i class=\"fa fa-circle-o\"></i> <i class=\"fa fa-circle-o\"></i> </tr></table>\n|uhtml|bestof|<h2><strong>Game 1</strong> of <a href=\"/game-bestof3-gen9championsvgc2026regmb-2674733713\">a best-of-3</a></h2>\n|t:|1788397759\n|gametype|doubles\n|player|p1|Jadedragon61|beni-ninja|\n|player|p2|sempra|#sempra|\n|gen|9\n|tier|[Gen 9 Champions] VGC 2026 Reg M-B\n|rule|Species Clause: Limit one of each Pokémon\n|rule|Item Clause: Limit 1 of each item\n|raw|<div class=\"infobox\"><details class=\"readmore\" open><summary><strong>1 custom rule:</strong></summary> Best of = 3</details></div>\n|clearpoke\n|poke|p1|Starmie, L50, shiny|\n|poke|p1|Aegislash, L50, M, shiny|\n|poke|p1|Mimikyu, L50, M, shiny|\n|poke|p1|Mr. Rime, L50, M|\n|poke|p1|Hawlucha, L50, F, shiny|\n|poke|p1|Eelektross, L50, F|\n|poke|p2|Dragonite, L50, M|\n|poke|p2|Politoed, L50, F|\n|poke|p2|Mamoswine, L50, F|\n|poke|p2|Tinkaton, L50, F|\n|poke|p2|Liepard, L50, M|\n|poke|p2|Sinistcha, L50|\n|teampreview|4\n|inactive|Battle timer is ON: inactive players will automatically lose when time's up. (requested by Jadedragon61)\n|inactiveoff|Battle timer is now OFF.\n|c|☆sempra|glhf\nsempra rejected open team sheets.\n|j| 4Azzy\n|j| cmholde2\n|j| MikeTitan\n|l| cmholde2\n|\n|t:|1788397872\n|teamsize|p1|4\n|teamsize|p2|4\n|start\n|switch|p1a: Brian|Mr. Rime, L50, M|100/100\n|switch|p1b: Swoosh|Aegislash, L50, M, shiny|100/100\n|switch|p2a: Tinkaton|Tinkaton, L50, F|100/100\n|switch|p2b: Mamoswine|Mamoswine, L50, F|100/100\n|-ability|p2a: Tinkaton|Mold Breaker\n|turn|1\n|\n|t:|1788397927\n|switch|p1a: Hawcoocha|Hawlucha, L50, F, shiny|100/100\n|move|p2a: Tinkaton|Protect|p2a: Tinkaton\n|-singleturn|p2a: Tinkaton|Protect\n|move|p2b: Mamoswine|Earthquake|p1a: Hawcoocha|[spread] p1b\n|-activate|p2a: Tinkaton|move: Protect\n|-immune|p1a: Hawcoocha\n|-supereffective|p1b: Swoosh|1\n|-damage|p1b: Swoosh|0 fnt\n|faint|p1b: Swoosh\n|-damage|p2b: Mamoswine|90/100|[from] item: Life Orb\n|\n|upkeep\n|\n|t:|1788397947\n|switch|p1b: Qwert’s mom|Starmie, L50, shiny|100/100\n|turn|2\n|j| cmholde2\n|j| simple mystery\n|c| simple mystery|wow aegislash sucks\n|\n|t:|1788397989\n|detailschange|p1b: Qwert’s mom|Starmie-Mega, L50, shiny\n|-mega|p1b: Qwert’s mom|Starmie|Starminite\n|move|p2b: Mamoswine|Protect|p2b: Mamoswine\n|-singleturn|p2b: Mamoswine|Protect\n|move|p1b: Qwert’s mom|Flip Turn|p2a: Tinkaton\n|-damage|p2a: Tinkaton|30/100\n|\n|t:|1788397996\n|switch|p1b: Brian|Mr. Rime, L50, M|100/100|[from] Flip Turn\n|move|p1a: Hawcoocha|Close Combat|p2a: Tinkaton\n|-damage|p2a: Tinkaton|0 fnt\n|-unboost|p1a: Hawcoocha|def|1\n|-unboost|p1a: Hawcoocha|spd|1\n|faint|p2a: Tinkaton\n|\n|upkeep\n|\n|t:|1788398014\n|switch|p2a: Politoed|Politoed, L50, F|100/100\n|-weather|RainDance|[from] ability: Drizzle|[of] p2a: Politoed\n|turn|3\n|\n|t:|1788398034\n|move|p1b: Brian|Fake Out|p2a: Politoed\n|-damage|p2a: Politoed|89/100\n|-damage|p1b: Brian|90/100|[from] item: Life Orb\n|move|p2b: Mamoswine|Ice Shard|p1a: Hawcoocha\n|-supereffective|p1a: Hawcoocha|1\n|-enditem|p1a: Hawcoocha|Focus Sash\n|-damage|p1a: Hawcoocha|1/100\n|-damage|p2b: Mamoswine|80/100|[from] item: Life Orb\n|move|p1a: Hawcoocha|Close Combat|p2b: Mamoswine\n|-supereffective|p2b: Mamoswine|1\n|-damage|p2b: Mamoswine|0 fnt\n|-unboost|p1a: Hawcoocha|def|1\n|-unboost|p1a: Hawcoocha|spd|1\n|faint|p2b: Mamoswine\n|cant|p2a: Politoed|flinch\n|\n|-weather|RainDance|[upkeep]\n|-heal|p2a: Politoed|95/100|[from] item: Leftovers\n|upkeep\n|\n|t:|1788398058\n|switch|p2b: Dragonite|Dragonite, L50, M|100/100\n|turn|4\n|\n|t:|1788398076\n|detailschange|p2b: Dragonite|Dragonite-Mega, L50, M\n|-mega|p2b: Dragonite|Dragonite|Dragoninite\n|move|p1a: Hawcoocha|Acrobatics|p2b: Dragonite\n|-damage|p2b: Dragonite|81/100\n|move|p1b: Brian|Freeze-Dry|p2a: Politoed\n|-supereffective|p2a: Politoed|1\n|-damage|p2a: Politoed|27/100\n|-damage|p1b: Brian|80/100|[from] item: Life Orb\n|move|p2b: Dragonite|Hurricane|p1b: Brian\n|-damage|p1b: Brian|14/100\n|move|p2a: Politoed|Weather Ball|p1a: Hawcoocha\n|-damage|p1a: Hawcoocha|0 fnt\n|faint|p1a: Hawcoocha\n|\n|-weather|RainDance|[upkeep]\n|-heal|p2a: Politoed|34/100|[from] item: Leftovers\n|upkeep\n|\n|t:|1788398089\n|switch|p1a: Qwert’s mom|Starmie-Mega, L50, shiny|100/100\n|turn|5\n|l| cmholde2\n|\n|t:|1788398129\n|move|p1a: Qwert’s mom|Ice Spinner|p2b: Dragonite\n|-supereffective|p2b: Dragonite|2\n|-damage|p2b: Dragonite|0 fnt\n|faint|p2b: Dragonite\n|move|p1b: Brian|Freeze-Dry|p2a: Politoed\n|-supereffective|p2a: Politoed|1\n|-damage|p2a: Politoed|0 fnt\n|faint|p2a: Politoed\n|-damage|p1b: Brian|5/100|[from] item: Life Orb\n|\n|win|Jadedragon61\n|c| 4Azzy|starmie killin dnite dyin\n|c|☆sempra|wp\n||sempra is ready for game 2.\n|inactive|Jadedragon61 has 30 seconds to confirm battle start!\n||Jadedragon61 is ready for game 2.\n|uhtml|next|Next: <a href=\"/battle-gen9championsvgc2026regmb-2674736097\"><strong>Game 2 of 3</strong></a>\n|l| simple mystery\n|j| cmholde2\n|l|☆sempra\n|player|p2|\n|l| cmholde2\n|j| cmholde2\n|l| cmholde2\n|l| MikeTitan\n|l| 4Azzy\n","uploadtime":1788398136,"views":"20","formatid":"gen9championsvgc2026regmb","rating":null,"private":0,"password":null}