{"id":"gen9championsvgc2026regmb-2674847236","format":"[Gen 9 Champions] VGC 2026 Reg M-B","players":["Its andreas tbh","ness#1glazer"],"log":"|j|☆Its andreas tbh\n|j|☆ness#1glazer\n|t:|1788420193\n|gametype|doubles\n|player|p1|Its andreas tbh|1|1457\n|player|p2|ness#1glazer|n|1423\n|gen|9\n|tier|[Gen 9 Champions] VGC 2026 Reg M-B\n|rated|\n|rule|Species Clause: Limit one of each Pokémon\n|rule|Item Clause: Limit 1 of each item\n|clearpoke\n|poke|p1|Aggron, L50, F|\n|poke|p1|Sinistcha, L50|\n|poke|p1|Grimmsnarl, L50, M|\n|poke|p1|Swampert, L50, F|\n|poke|p1|Pelipper, L50, M|\n|poke|p1|Dragonite, L50, M|\n|poke|p2|Whimsicott, L50, F|\n|poke|p2|Gholdengo, L50|\n|poke|p2|Tyranitar, L50, M|\n|poke|p2|Excadrill, L50, M|\n|poke|p2|Staraptor, L50, M|\n|poke|p2|Farigiraf, L50, F|\n|teampreview|4\n|inactive|Battle timer is ON: inactive players will automatically lose when time's up. (requested by Its andreas tbh)\n|\n|t:|1788420214\n|teamsize|p1|4\n|teamsize|p2|4\n|start\n|switch|p1a: Swampert|Swampert, L50, F|100/100\n|switch|p1b: Grimmsnarl|Grimmsnarl, L50, M|100/100\n|switch|p2a: Excadrill|Excadrill, L50, M|100/100\n|switch|p2b: Tyranitar|Tyranitar, L50, M|100/100\n|-weather|Sandstorm|[from] ability: Sand Stream|[of] p2b: Tyranitar\n|turn|1\n|\n|t:|1788420225\n|switch|p2b: Staraptor|Staraptor, L50, M|100/100\n|-ability|p2b: Staraptor|Intimidate|boost\n|-unboost|p1a: Swampert|atk|1\n|-unboost|p1b: Grimmsnarl|atk|1\n|detailschange|p1a: Swampert|Swampert-Mega, L50, F\n|-mega|p1a: Swampert|Swampert|Swampertite\n|move|p1b: Grimmsnarl|Parting Shot|p2a: Excadrill\n|-unboost|p2a: Excadrill|atk|1\n|-unboost|p2a: Excadrill|spa|1\n|\n|t:|1788420230\n|switch|p1b: Pelipper|Pelipper, L50, M|100/100|[from] Parting Shot\n|-weather|RainDance|[from] ability: Drizzle|[of] p1b: Pelipper\n|move|p1a: Swampert|Earthquake|p2b: Staraptor|[spread] p2a\n|-immune|p1b: Pelipper\n|-immune|p2b: Staraptor\n|-supereffective|p2a: Excadrill|1\n|-damage|p2a: Excadrill|15/100\n|move|p2a: Excadrill|Iron Head|p1b: Pelipper\n|-resisted|p1b: Pelipper|1\n|-damage|p1b: Pelipper|79/100\n|\n|-weather|RainDance|[upkeep]\n|upkeep\n|turn|2\n|inactive|ness#1glazer has 30 seconds left.\n|\n|t:|1788420264\n|switch|p2a: Tyranitar|Tyranitar, L50, M|100/100\n|-weather|Sandstorm|[from] ability: Sand Stream|[of] p2a: Tyranitar\n|detailschange|p2b: Staraptor|Staraptor-Mega, L50, M\n|-mega|p2b: Staraptor|Staraptor|Staraptite\n|move|p2b: Staraptor|Tailwind|p2b: Staraptor\n|-sidestart|p2: ness#1glazer|move: Tailwind\n|move|p1b: Pelipper|Hurricane|p2b: Staraptor\n|-supereffective|p2b: Staraptor|1\n|-crit|p2b: Staraptor\n|-damage|p2b: Staraptor|0 fnt\n|faint|p2b: Staraptor\n|move|p1a: Swampert|Wave Crash|p2a: Tyranitar\n|-supereffective|p2a: Tyranitar|1\n|-damage|p2a: Tyranitar|17/100\n|-damage|p1a: Swampert|72/100|[from] Recoil\n|\n|-weather|Sandstorm|[upkeep]\n|-damage|p1b: Pelipper|73/100|[from] Sandstorm\n|upkeep\n|\n|t:|1788420276\n|switch|p2b: Whimsicott|Whimsicott, L50, F|100/100\n|turn|3\n|\n|t:|1788420286\n|switch|p1b: Grimmsnarl|Grimmsnarl, L50, M|100/100\n|move|p1a: Swampert|Protect|p1a: Swampert\n|-singleturn|p1a: Swampert|Protect\n|move|p2b: Whimsicott|Moonblast|p1a: Swampert\n|-activate|p1a: Swampert|move: Protect\n|move|p2a: Tyranitar|Crunch|p1a: Swampert\n|-activate|p1a: Swampert|move: Protect\n|\n|-weather|Sandstorm|[upkeep]\n|-damage|p2b: Whimsicott|94/100|[from] Sandstorm\n|-damage|p1b: Grimmsnarl|94/100|[from] Sandstorm\n|upkeep\n|turn|4\n|\n|t:|1788420304\n|move|p2b: Whimsicott|Encore|p1a: Swampert\n|-start|p1a: Swampert|Encore\n|move|p1a: Swampert|Protect||[still]\n|-fail|p1a: Swampert\n|move|p1b: Grimmsnarl|Parting Shot|p2b: Whimsicott\n|-unboost|p2b: Whimsicott|atk|1\n|-unboost|p2b: Whimsicott|spa|1\n|\n|t:|1788420306\n|switch|p1b: Pelipper|Pelipper, L50, M|73/100|[from] Parting Shot\n|-weather|RainDance|[from] ability: Drizzle|[of] p1b: Pelipper\n|move|p2a: Tyranitar|Rock Slide|p1a: Swampert|[spread] p1a,p1b\n|-resisted|p1a: Swampert|1\n|-supereffective|p1b: Pelipper|1\n|-damage|p1a: Swampert|59/100\n|-damage|p1b: Pelipper|0 fnt\n|faint|p1b: Pelipper\n|\n|-weather|RainDance|[upkeep]\n|upkeep\n|\n|t:|1788420308\n|switch|p1b: Dragonite|Dragonite, L50, M|100/100\n|turn|5\n|\n|t:|1788420331\n|switch|p1a: Grimmsnarl|Grimmsnarl, L50, M|94/100\n|move|p2a: Tyranitar|Protect|p2a: Tyranitar\n|-singleturn|p2a: Tyranitar|Protect\n|move|p2b: Whimsicott|Moonblast|p1b: Dragonite\n|-supereffective|p1b: Dragonite|1\n|-damage|p1b: Dragonite|82/100\n|move|p1b: Dragonite|Hurricane|p2b: Whimsicott\n|-supereffective|p2b: Whimsicott|1\n|-damage|p2b: Whimsicott|0 fnt\n|faint|p2b: Whimsicott\n|\n|-weather|RainDance|[upkeep]\n|-heal|p1b: Dragonite|88/100|[from] item: Leftovers\n|-sideend|p2: ness#1glazer|move: Tailwind\n|upkeep\n|\n|t:|1788420341\n|switch|p2b: Excadrill|Excadrill, L50, M|15/100\n|turn|6\n|-message|ness#1glazer forfeited.\n|\n|win|Its andreas tbh\n|raw|Its andreas tbh's rating: 1457 &rarr; <strong>1475</strong><br />(+18 for winning)\n|raw|ness#1glazer's rating: 1423 &rarr; <strong>1405</strong><br />(-18 for losing)\n|l|☆ness#1glazer\n|player|p2|\n","uploadtime":1788420352,"views":"35","formatid":"gen9championsvgc2026regmb","rating":1405,"private":0,"password":null}