{"id":"gen9championsvgc2026regmbbo3-2674215483","format":"[Gen 9 Champions] VGC 2026 Reg M-B (Bo3)","players":["ilykuronaa","manquitoprime"],"log":"|j|☆ilykuronaa\n|j|☆manquitoprime\n|html|<table width=\"100%\"><tr><td align=\"left\">ilykuronaa</td><td align=\"right\">manquitoprime</tr><tr><td align=\"left\"><i class=\"fa fa-circle-o\"></i> <i class=\"fa fa-circle-o\"></i> </td><td align=\"right\"><i class=\"fa fa-circle-o\"></i> <i class=\"fa fa-circle\"></i> </tr></table>\n|uhtml|bestof|<h2><strong>Game 2</strong> of <a href=\"/game-bestof3-gen9championsvgc2026regmbbo3-2674213511\">a best-of-3</a></h2>\n|t:|1788316856\n|gametype|doubles\n|player|p1|ilykuronaa|102|1170\n|player|p2|manquitoprime|cynthia|1173\n|gen|9\n|tier|[Gen 9 Champions] VGC 2026 Reg M-B (Bo3)\n|rated|\n|rule|Species Clause: Limit one of each Pokémon\n|rule|Item Clause: Limit 1 of each item\n|clearpoke\n|poke|p1|Floette-Eternal, L50, F|\n|poke|p1|Basculegion, L50, M|\n|poke|p1|Kingambit, L50, F|\n|poke|p1|Dragonite, L50, F|\n|poke|p1|Garchomp, L50, M|\n|poke|p1|Sneasler, L50, F|\n|poke|p2|Gengar, L50, F, shiny|\n|poke|p2|Incineroar, L50, M, shiny|\n|poke|p2|Politoed, L50, M|\n|poke|p2|Basculegion, L50, M|\n|poke|p2|Sneasler, L50, M|\n|poke|p2|Whimsicott, L50, F, shiny|\n|teampreview|4\n|showteam|p1|Floette-Eternal||Floettite|FlowerVeil|Moonblast,DazzlingGleam,LightofRuin,Protect|Timid||F|||50|]Basculegion||LifeOrb|Adaptability|WaveCrash,LastRespects,AquaJet,Protect|Adamant||M|||50|]Kingambit||ChopleBerry|Defiant|SuckerPunch,KowtowCleave,LowKick,IronHead|Adamant||F|||50|]Dragonite||Dragoninite|Multiscale|DragonPulse,HeatWave,ExtremeSpeed,Protect|Modest||F|||50|]Garchomp||ChoiceScarf|RoughSkin|DragonClaw,StompingTantrum,Earthquake,RockSlide|Jolly||M|||50|]Sneasler||FocusSash|Unburden|CloseCombat,DireClaw,FakeOut,Feint|Adamant||F|||50|\n|showteam|p2|Gengar||Gengarite|CursedBody|Protect,ShadowBall,PerishSong,Disable|Timid||F|||50|]Incineroar||ChopleBerry|Intimidate|Protect,FakeOut,DarkestLariat,PartingShot|Careful||M|||50|]Politoed||SitrusBerry|Drizzle|Protect,WeatherBall,IcyWind,PerishSong|Calm||M|||50|]Basculegion||MysticWater|SwiftSwim|Protect,WaveCrash,LastRespects,AquaJet|Adamant||M|||50|]Sneasler||WhiteHerb|Unburden|Protect,FakeOut,CloseCombat,DireClaw|Adamant||M|||50|]Whimsicott||FocusSash|Prankster|Protect,Moonblast,Tailwind,Encore|Bold||F|||50|\n|inactive|Battle timer is ON: inactive players will automatically lose when time's up. (requested by manquitoprime)\n|inactive|ilykuronaa has 60 seconds left.\n|inactive|manquitoprime has 60 seconds left.\n|\n|t:|1788316906\n|teamsize|p1|4\n|teamsize|p2|4\n|start\n|switch|p1a: Kingambit|Kingambit, L50, F|100/100\n|switch|p1b: Sneasler|Sneasler, L50, F|100/100\n|switch|p2a: Gengar|Gengar, L50, F, shiny|100/100\n|switch|p2b: Sneasler|Sneasler, L50, M|100/100\n|turn|1\n|inactive|ilykuronaa has 30 seconds left.\n|\n|t:|1788316931\n|detailschange|p2a: Gengar|Gengar-Mega, L50, F, shiny\n|-mega|p2a: Gengar|Gengar|Gengarite\n|move|p2b: Sneasler|Fake Out|p1a: Kingambit\n|-resisted|p1a: Kingambit|1\n|-damage|p1a: Kingambit|94/100\n|move|p1b: Sneasler|Fake Out|p2b: Sneasler\n|-damage|p2b: Sneasler|73/100\n|move|p2a: Gengar|Perish Song|p2a: Gengar\n|-start|p1a: Kingambit|perish3|[silent]\n|-start|p1b: Sneasler|perish3|[silent]\n|-start|p2a: Gengar|perish3|[silent]\n|-start|p2b: Sneasler|perish3|[silent]\n|-fieldactivate|move: Perish Song\n|cant|p1a: Kingambit|flinch\n|\n|-start|p2a: Gengar|perish3\n|-start|p1b: Sneasler|perish3\n|-start|p2b: Sneasler|perish3\n|-start|p1a: Kingambit|perish3\n|upkeep\n|turn|2\n|inactive|ilykuronaa has 30 seconds left.\n|inactive|manquitoprime has 30 seconds left.\n|inactive|manquitoprime has 20 seconds left.\n|\n|t:|1788316967\n|move|p2a: Gengar|Protect|p2a: Gengar\n|-singleturn|p2a: Gengar|Protect\n|move|p1a: Kingambit|Sucker Punch||[still]\n|-fail|p1a: Kingambit\n|move|p2b: Sneasler|Close Combat|p1a: Kingambit\n|-supereffective|p1a: Kingambit|2\n|-enditem|p1a: Kingambit|Chople Berry|[eat]\n|-enditem|p1a: Kingambit|Chople Berry|[weaken]\n|-damage|p1a: Kingambit|1/100\n|-unboost|p2b: Sneasler|def|1\n|-unboost|p2b: Sneasler|spd|1\n|-enditem|p2b: Sneasler|White Herb\n|-clearnegativeboost|p2b: Sneasler|[silent]\n|move|p1b: Sneasler|Dire Claw|p2b: Sneasler\n|-resisted|p2b: Sneasler|1\n|-damage|p2b: Sneasler|34/100\n|\n|-start|p2b: Sneasler|perish2\n|-start|p2a: Gengar|perish2\n|-start|p1b: Sneasler|perish2\n|-start|p1a: Kingambit|perish2\n|upkeep\n|turn|3\n|inactive|ilykuronaa has 30 seconds left.\n|inactive|manquitoprime has 30 seconds left.\n|inactive|ilykuronaa has 20 seconds left.\n|inactive|manquitoprime has 20 seconds left.\n|inactive|ilykuronaa has 15 seconds left.\n|inactive|manquitoprime has 15 seconds left.\n|inactive|manquitoprime has 10 seconds left.\n|inactive|manquitoprime has 5 seconds left.\n|\n|t:|1788317020\n|move|p2b: Sneasler|Protect|p2b: Sneasler\n|-singleturn|p2b: Sneasler|Protect\n|move|p1a: Kingambit|Sucker Punch|p2a: Gengar\n|-supereffective|p2a: Gengar|1\n|-damage|p2a: Gengar|1/100\n|move|p2a: Gengar|Shadow Ball|p1b: Sneasler\n|-damage|p1b: Sneasler|36/100\n|move|p1b: Sneasler|Dire Claw|p2b: Sneasler\n|-activate|p2b: Sneasler|move: Protect\n|\n|-start|p2b: Sneasler|perish1\n|-start|p2a: Gengar|perish1\n|-start|p1b: Sneasler|perish1\n|-start|p1a: Kingambit|perish1\n|upkeep\n|turn|4\n|inactive|ilykuronaa has 30 seconds left.\n|inactive|manquitoprime has 30 seconds left.\n|inactive|manquitoprime has 20 seconds left.\n|inactive|manquitoprime has 15 seconds left.\n|inactive|ilykuronaa has 20 seconds left.\n|inactive|ilykuronaa has 15 seconds left.\n|\n|t:|1788317072\n|move|p2a: Gengar|Protect|p2a: Gengar\n|-singleturn|p2a: Gengar|Protect\n|move|p2b: Sneasler|Close Combat|p1a: Kingambit\n|-supereffective|p1a: Kingambit|2\n|-crit|p1a: Kingambit\n|-damage|p1a: Kingambit|0 fnt\n|-unboost|p2b: Sneasler|def|1\n|-unboost|p2b: Sneasler|spd|1\n|faint|p1a: Kingambit\n|move|p1b: Sneasler|Close Combat|p2b: Sneasler\n|-resisted|p2b: Sneasler|1\n|-damage|p2b: Sneasler|0 fnt\n|-unboost|p1b: Sneasler|def|1\n|-unboost|p1b: Sneasler|spd|1\n|faint|p2b: Sneasler\n|\n|-start|p2a: Gengar|perish0\n|-start|p1b: Sneasler|perish0\n|faint|p2a: Gengar\n|faint|p1b: Sneasler\n|upkeep\n|\n|t:|1788317088\n|switch|p2a: Whimsicott|Whimsicott, L50, F, shiny|100/100\n|switch|p1b: Garchomp|Garchomp, L50, M|100/100\n|switch|p2b: Incineroar|Incineroar, L50, M, shiny|100/100\n|switch|p1a: Dragonite|Dragonite, L50, F|100/100\n|-ability|p2b: Incineroar|Intimidate|boost\n|-unboost|p1a: Dragonite|atk|1\n|-unboost|p1b: Garchomp|atk|1\n|turn|5\n|\n|t:|1788317115\n|detailschange|p1a: Dragonite|Dragonite-Mega, L50, F\n|-mega|p1a: Dragonite|Dragonite|Dragoninite\n|move|p2b: Incineroar|Fake Out|p1b: Garchomp\n|-damage|p1b: Garchomp|89/100\n|-damage|p2b: Incineroar|87/100|[from] ability: Rough Skin|[of] p1b: Garchomp\n|move|p2a: Whimsicott|Tailwind|p2a: Whimsicott\n|-sidestart|p2: manquitoprime|move: Tailwind\n|cant|p1b: Garchomp|flinch\n|move|p1a: Dragonite|Heat Wave|p2b: Incineroar|[spread] p2a,p2b\n|-supereffective|p2a: Whimsicott|1\n|-resisted|p2b: Incineroar|1\n|-damage|p2a: Whimsicott|19/100\n|-damage|p2b: Incineroar|77/100\n|\n|upkeep\n|turn|6\n|inactive|manquitoprime has 30 seconds left.\n|\n|t:|1788317142\n|move|p2a: Whimsicott|Protect|p2a: Whimsicott\n|-singleturn|p2a: Whimsicott|Protect\n|move|p1a: Dragonite|Extreme Speed|p2a: Whimsicott\n|-activate|p2a: Whimsicott|move: Protect\n|move|p1b: Garchomp|Earthquake|p2a: Whimsicott|[spread] p2b\n|-activate|p2a: Whimsicott|move: Protect\n|-immune|p1a: Dragonite\n|-supereffective|p2b: Incineroar|1\n|-damage|p2b: Incineroar|25/100\n|move|p2b: Incineroar|Parting Shot|p1b: Garchomp\n|-unboost|p1b: Garchomp|atk|1\n|-unboost|p1b: Garchomp|spa|1\n|\n|upkeep\n|turn|7\n|inactive|manquitoprime has 30 seconds left.\n|\n|t:|1788317174\n|move|p1a: Dragonite|Extreme Speed|p2a: Whimsicott\n|-damage|p2a: Whimsicott|6/100\n|move|p2a: Whimsicott|Moonblast|p1b: Garchomp\n|-supereffective|p1b: Garchomp|1\n|-damage|p1b: Garchomp|34/100\n|move|p1b: Garchomp|Earthquake|p2b: Incineroar|[spread] p2a,p2b\n|-immune|p1a: Dragonite\n|-resisted|p2a: Whimsicott|1\n|-supereffective|p2b: Incineroar|1\n|-damage|p2a: Whimsicott|0 fnt\n|-damage|p2b: Incineroar|0 fnt\n|faint|p2a: Whimsicott\n|faint|p2b: Incineroar\n|\n|win|ilykuronaa\n","uploadtime":1788317174,"views":"0","formatid":"gen9championsvgc2026regmbbo3","rating":null,"private":0,"password":null}