{"id":"gen9championsvgc2026regmbbo3-2674657470","format":"[Gen 9 Champions] VGC 2026 Reg M-B (Bo3)","players":["Beh2242","ToastedArt"],"log":"|j|☆Beh2242\n|j|☆ToastedArt\n|html|<table width=\"100%\"><tr><td align=\"left\">Beh2242</td><td align=\"right\">ToastedArt</tr><tr><td align=\"left\"><i class=\"fa fa-circle-o\"></i> <i class=\"fa fa-circle-o\"></i> </td><td align=\"right\"><i class=\"fa fa-circle-o\"></i> <i class=\"fa fa-circle-o\"></i> </tr></table>\n|uhtml|bestof|<h2><strong>Game 1</strong> of <a href=\"/game-bestof3-gen9championsvgc2026regmbbo3-2674657469\">a best-of-3</a></h2>\n|t:|1788386136\n|gametype|doubles\n|player|p1|Beh2242|lucas-gen4pt|1224\n|player|p2|ToastedArt|iris|1159\n|gen|9\n|tier|[Gen 9 Champions] VGC 2026 Reg M-B (Bo3)\n|rated|\n|rule|Species Clause: Limit one of each Pokémon\n|rule|Item Clause: Limit 1 of each item\n|clearpoke\n|poke|p1|Froslass, L50, F|\n|poke|p1|Sneasler, L50, F|\n|poke|p1|Kingambit, L50, F|\n|poke|p1|Basculegion, L50, M|\n|poke|p1|Scovillain, L50, M|\n|poke|p1|Lycanroc-Dusk, L50, F|\n|poke|p2|Chandelure, L50, M|\n|poke|p2|Kangaskhan, L50, F|\n|poke|p2|Kingambit, L50, F|\n|poke|p2|Kommo-o, L50, M|\n|poke|p2|Gallade, L50, M|\n|poke|p2|Basculegion, L50, M|\n|teampreview|4\n|showteam|p1|Froslass||Froslassite|CursedBody|Protect,Blizzard,AuroraVeil,ShadowBall|Modest||F|||50|]Sneasler||WhiteHerb|Unburden|Protect,CloseCombat,FakeOut,GunkShot|Adamant||F|||50|]Kingambit||BlackGlasses|Defiant|Protect,KowtowCleave,SwordsDance,SuckerPunch|Adamant||F|||50|]Basculegion||SitrusBerry|Adaptability|Protect,WaveCrash,LastRespects,AquaJet|Adamant||M|||50|]Scovillain||Scovillainite|Moody|Protect,GigaDrain,Overheat,RagePowder|Bold||M|||50|]Lycanroc-Dusk||FocusSash|ToughClaws|Protect,Accelerock,RockSlide,CloseCombat|Adamant||F|||50|\n|showteam|p2|Chandelure||FocusSash|FlashFire|TrickRoom,HeatWave,ShadowBall,Protect|Quiet||M|||50|]Kangaskhan||Kangaskhanite|Scrappy|FakeOut,DoubleEdge,SuckerPunch,BrickBreak|Brave||F|||50|]Kingambit||ChopleBerry|Defiant|KowtowCleave,SuckerPunch,IronHead,LowKick|Brave||F|||50|]Kommo-o||LifeOrb|Soundproof|ClangingScales,AuraSphere,Flamethrower,Protect|Quiet||M|||50|]Gallade||IronBall|Sharpness|SacredSword,LeafBlade,PsychoCut,TrickRoom|Brave||M|||50|]Basculegion||ColburBerry|Adaptability|FlipTurn,WaveCrash,LastRespects,AquaJet|Brave||M|||50|\n|\n|t:|1788386181\n|teamsize|p1|4\n|teamsize|p2|4\n|start\n|switch|p1a: Scovillain|Scovillain, L50, M|100/100\n|switch|p1b: Kingambit|Kingambit, L50, F|100/100\n|switch|p2a: Chandelure|Chandelure, L50, M|100/100\n|switch|p2b: Kangaskhan|Kangaskhan, L50, F|100/100\n|turn|1\n|\n|t:|1788386198\n|move|p1a: Scovillain|Protect|p1a: Scovillain\n|-singleturn|p1a: Scovillain|Protect\n|move|p1b: Kingambit|Protect|p1b: Kingambit\n|-singleturn|p1b: Kingambit|Protect\n|move|p2b: Kangaskhan|Fake Out|p1b: Kingambit\n|-activate|p1b: Kingambit|move: Protect\n|move|p2a: Chandelure|Trick Room|p2a: Chandelure\n|-fieldstart|move: Trick Room|[of] p2a: Chandelure\n|\n|-ability|p1a: Scovillain|Moody|boost\n|-boost|p1a: Scovillain|def|2\n|-unboost|p1a: Scovillain|atk|1\n|upkeep\n|turn|2\n|\n|t:|1788386224\n|switch|p2b: Kommo-o|Kommo-o, L50, M|100/100\n|detailschange|p1a: Scovillain|Scovillain-Mega, L50, M\n|-mega|p1a: Scovillain|Scovillain|Scovillainite\n|move|p1b: Kingambit|Kowtow Cleave|p2a: Chandelure\n|-supereffective|p2a: Chandelure|1\n|-enditem|p2a: Chandelure|Focus Sash\n|-damage|p2a: Chandelure|1/100\n|move|p2a: Chandelure|Heat Wave|p1a: Scovillain|[spread] p1a\n|-miss|p2a: Chandelure|p1b: Kingambit\n|-damage|p1a: Scovillain|51/100\n|move|p1a: Scovillain|Giga Drain|p2a: Chandelure\n|-resisted|p2a: Chandelure|1\n|-damage|p2a: Chandelure|0 fnt\n|-heal|p1a: Scovillain|51/100|[from] drain|[of] p2a: Chandelure\n|faint|p2a: Chandelure\n|\n|upkeep\n|\n|t:|1788386240\n|switch|p2a: Kangaskhan|Kangaskhan, L50, F|100/100\n|turn|3\n|\n|t:|1788386250\n|detailschange|p2a: Kangaskhan|Kangaskhan-Mega, L50, F\n|-mega|p2a: Kangaskhan|Kangaskhan|Kangaskhanite\n|move|p1b: Kingambit|Protect|p1b: Kingambit\n|-singleturn|p1b: Kingambit|Protect\n|move|p1a: Scovillain|Protect|p1a: Scovillain\n|-singleturn|p1a: Scovillain|Protect\n|move|p2a: Kangaskhan|Fake Out|p1b: Kingambit\n|-activate|p1b: Kingambit|move: Protect\n|move|p2b: Kommo-o|Clanging Scales|p1a: Scovillain|[spread] \n|-activate|p1a: Scovillain|move: Protect\n|-activate|p1b: Kingambit|move: Protect\n|\n|upkeep\n|turn|4\n|\n|t:|1788386277\n|move|p1a: Scovillain|Rage Powder|p1a: Scovillain\n|-singleturn|p1a: Scovillain|move: Rage Powder\n|move|p1b: Kingambit|Swords Dance|p1b: Kingambit\n|-boost|p1b: Kingambit|atk|2\n|move|p2b: Kommo-o|Clanging Scales|p1a: Scovillain|[spread] p1a,p1b\n|-resisted|p1b: Kingambit|1\n|-damage|p1a: Scovillain|0 fnt\n|-damage|p1b: Kingambit|75/100\n|-status|p2b: Kommo-o|brn|[from] ability: Spicy Spray|[of] p1a: Scovillain\n|faint|p1a: Scovillain\n|-unboost|p2b: Kommo-o|def|1\n|-damage|p2b: Kommo-o|90/100 brn|[from] item: Life Orb\n|move|p2a: Kangaskhan|Double-Edge|p1b: Kingambit\n|-resisted|p1b: Kingambit|1\n|-damage|p1b: Kingambit|48/100\n|-resisted|p1b: Kingambit|1\n|-damage|p1b: Kingambit|42/100\n|-hitcount|p1b: Kingambit|2\n|-damage|p2a: Kangaskhan|89/100|[from] Recoil\n|\n|-damage|p2b: Kommo-o|84/100 brn|[from] brn\n|upkeep\n|\n|t:|1788386305\n|switch|p1a: Basculegion|Basculegion, L50, M|100/100\n|turn|5\n|\n|t:|1788386315\n|move|p2a: Kangaskhan|Sucker Punch|p1a: Basculegion\n|-supereffective|p1a: Basculegion|1\n|-damage|p1a: Basculegion|45/100\n|-enditem|p1a: Basculegion|Sitrus Berry|[eat]\n|-heal|p1a: Basculegion|69/100|[from] item: Sitrus Berry\n|-supereffective|p1a: Basculegion|1\n|-damage|p1a: Basculegion|57/100\n|-hitcount|p1a: Basculegion|2\n|move|p1b: Kingambit|Kowtow Cleave|p2a: Kangaskhan\n|-crit|p2a: Kangaskhan\n|-damage|p2a: Kangaskhan|0 fnt\n|faint|p2a: Kangaskhan\n|move|p2b: Kommo-o|Aura Sphere|p1b: Kingambit\n|-supereffective|p1b: Kingambit|2\n|-damage|p1b: Kingambit|0 fnt\n|faint|p1b: Kingambit\n|-damage|p2b: Kommo-o|74/100 brn|[from] item: Life Orb\n|move|p1a: Basculegion|Last Respects|p2b: Kommo-o\n|-damage|p2b: Kommo-o|0 fnt\n|faint|p2b: Kommo-o\n|\n|-fieldend|move: Trick Room\n|upkeep\n|\n|t:|1788386337\n|switch|p2b: Basculegion|Basculegion, L50, M|100/100\n|switch|p1b: Lycanroc|Lycanroc-Dusk, L50, F|100/100\n|turn|6\n|-message|ToastedArt forfeited.\n|\n|win|Beh2242\n","uploadtime":1788386351,"views":"1","formatid":"gen9championsvgc2026regmbbo3","rating":null,"private":0,"password":null}