{"id":"gen9championsvgc2026regmb-2674360061","format":"[Gen 9 Champions] VGC 2026 Reg M-B","players":["Skayloft_1er","mcdungys"],"log":"|j|☆Skayloft_1er\n|j|☆mcdungys\n|t:|1788348607\n|gametype|doubles\n|player|p1|Skayloft_1er|ethan|1162\n|player|p2|mcdungys|drayden|1247\n|gen|9\n|tier|[Gen 9 Champions] VGC 2026 Reg M-B\n|rated|\n|rule|Species Clause: Limit one of each Pokémon\n|rule|Item Clause: Limit 1 of each item\n|clearpoke\n|poke|p1|Farigiraf, L50, F|\n|poke|p1|Decidueye-Hisui, L50, M|\n|poke|p1|Floette-Eternal, L50, F|\n|poke|p1|Scizor, L50, M|\n|poke|p1|Pelipper, L50, F|\n|poke|p1|Sinistcha, L50|\n|poke|p2|Charizard, L50, M|\n|poke|p2|Froslass, L50, F|\n|poke|p2|Garchomp, L50, M|\n|poke|p2|Weavile, L50, M|\n|poke|p2|Aerodactyl, L50, F|\n|poke|p2|Rotom-Wash, L50|\n|teampreview|4\n|\n|t:|1788348702\n|teamsize|p1|4\n|teamsize|p2|4\n|start\n|switch|p1a: Farigiraf|Farigiraf, L50, F|100/100\n|switch|p1b: Decidueye|Decidueye-Hisui, L50, M|100/100\n|switch|p2a: Garchomp|Garchomp, L50, M|100/100\n|switch|p2b: Weavile|Weavile, L50, M|100/100\n|turn|1\n|\n|t:|1788348741\n|move|p2b: Weavile|Knock Off|p1a: Farigiraf\n|-supereffective|p1a: Farigiraf|1\n|-damage|p1a: Farigiraf|23/100\n|-enditem|p1a: Farigiraf|Sitrus Berry|[from] move: Knock Off|[of] p2b: Weavile\n|move|p2a: Garchomp|Dragon Claw|p1a: Farigiraf\n|-damage|p1a: Farigiraf|0 fnt\n|faint|p1a: Farigiraf\n|-damage|p2a: Garchomp|90/100|[from] item: Life Orb\n|move|p1b: Decidueye|Triple Arrows|p2b: Weavile\n|-supereffective|p2b: Weavile|2\n|-damage|p2b: Weavile|0 fnt\n|faint|p2b: Weavile\n|\n|upkeep\n|\n|t:|1788348755\n|switch|p2b: Froslass|Froslass, L50, F|100/100\n|switch|p1a: Scizor|Scizor, L50, M|100/100\n|turn|2\n|\n|t:|1788348785\n|detailschange|p2b: Froslass|Froslass-Mega, L50, F\n|-mega|p2b: Froslass|Froslass|Froslassite\n|-weather|Snowscape|[from] ability: Snow Warning|[of] p2b: Froslass\n|detailschange|p1a: Scizor|Scizor-Mega, L50, M\n|-mega|p1a: Scizor|Scizor|Scizorite\n|move|p2b: Froslass|Aurora Veil|p2b: Froslass\n|-sidestart|p2: mcdungys|move: Aurora Veil\n|move|p2a: Garchomp|Rock Slide|p1b: Decidueye|[spread] p1a,p1b\n|-resisted|p1b: Decidueye|1\n|-damage|p1a: Scizor|80/100\n|-damage|p1b: Decidueye|87/100\n|-damage|p2a: Garchomp|80/100|[from] item: Life Orb\n|cant|p1a: Scizor|flinch\n|move|p1b: Decidueye|Triple Arrows|p2b: Froslass\n|-supereffective|p2b: Froslass|1\n|-damage|p2b: Froslass|58/100\n|-unboost|p2b: Froslass|def|1\n|\n|-weather|Snowscape|[upkeep]\n|upkeep\n|turn|3\n|\n|t:|1788348820\n|switch|p2b: Aerodactyl|Aerodactyl, L50, F|100/100\n|-ability|p2b: Aerodactyl|Unnerve\n|move|p1a: Scizor|Bullet Punch|p2b: Aerodactyl\n|-supereffective|p2b: Aerodactyl|1\n|-damage|p2b: Aerodactyl|15/100\n|move|p2a: Garchomp|Earthquake|p1b: Decidueye|[spread] p1a,p1b\n|-immune|p2b: Aerodactyl\n|-resisted|p1b: Decidueye|1\n|-damage|p1a: Scizor|41/100\n|-damage|p1b: Decidueye|60/100\n|-damage|p2a: Garchomp|70/100|[from] item: Life Orb\n|move|p1b: Decidueye|Knock Off|p2a: Garchomp\n|-damage|p2a: Garchomp|48/100\n|-damage|p1b: Decidueye|48/100|[from] ability: Rough Skin|[of] p2a: Garchomp\n|-enditem|p2a: Garchomp|Life Orb|[from] move: Knock Off|[of] p1b: Decidueye\n|\n|-weather|Snowscape|[upkeep]\n|upkeep\n|turn|4\n|\n|t:|1788348865\n|move|p2b: Aerodactyl|Protect|p2b: Aerodactyl\n|-singleturn|p2b: Aerodactyl|Protect\n|move|p2a: Garchomp|Earthquake|p1a: Scizor|[spread] p1a,p1b\n|-activate|p2b: Aerodactyl|move: Protect\n|-resisted|p1b: Decidueye|1\n|-damage|p1a: Scizor|13/100\n|-damage|p1b: Decidueye|29/100\n|move|p1a: Scizor|Roost|p1a: Scizor\n|-heal|p1a: Scizor|63/100\n|-singleturn|p1a: Scizor|move: Roost\n|move|p1b: Decidueye|Roost|p1b: Decidueye\n|-heal|p1b: Decidueye|80/100\n|-singleturn|p1b: Decidueye|move: Roost\n|\n|-weather|Snowscape|[upkeep]\n|upkeep\n|turn|5\n|\n|t:|1788348890\n|move|p1a: Scizor|Bullet Punch|p2b: Aerodactyl\n|-supereffective|p2b: Aerodactyl|1\n|-damage|p2b: Aerodactyl|0 fnt\n|faint|p2b: Aerodactyl\n|move|p2a: Garchomp|Rock Slide|p1a: Scizor|[spread] p1a\n|-miss|p2a: Garchomp|p1b: Decidueye\n|-damage|p1a: Scizor|50/100g\n|move|p1b: Decidueye|Triple Arrows|p2a: Garchomp\n|-damage|p2a: Garchomp|21/100\n|-unboost|p2a: Garchomp|def|1\n|\n|-weather|Snowscape|[upkeep]\n|upkeep\n|\n|t:|1788348901\n|switch|p2b: Froslass|Froslass-Mega, L50, F|58/100\n|turn|6\n|\n|t:|1788348920\n|move|p1a: Scizor|Bullet Punch|p2b: Froslass\n|-supereffective|p2b: Froslass|1\n|-damage|p2b: Froslass|20/100r\n|move|p2b: Froslass|Blizzard|p1a: Scizor|[spread] p1a,p1b\n|-resisted|p1a: Scizor|1\n|-supereffective|p1b: Decidueye|1\n|-damage|p1a: Scizor|31/100\n|-damage|p1b: Decidueye|10/100\n|move|p2a: Garchomp|Rock Slide|p1a: Scizor|[spread] p1a,p1b\n|-crit|p1a: Scizor\n|-resisted|p1b: Decidueye|1\n|-damage|p1a: Scizor|9/100\n|-damage|p1b: Decidueye|1/100\n|cant|p1b: Decidueye|flinch\n|\n|-weather|none\n|-sideend|p2: mcdungys|move: Aurora Veil\n|upkeep\n|turn|7\n|\n|t:|1788348950\n|move|p2b: Froslass|Protect|p2b: Froslass\n|-singleturn|p2b: Froslass|Protect\n|move|p1a: Scizor|Bullet Punch|p2a: Garchomp\n|-damage|p2a: Garchomp|0 fnt\n|-damage|p1a: Scizor|0 fnt|[from] ability: Rough Skin|[of] p2a: Garchomp\n|faint|p2a: Garchomp\n|faint|p1a: Scizor\n|move|p1b: Decidueye|Triple Arrows|p2b: Froslass\n|-activate|p2b: Froslass|move: Protect\n|\n|upkeep\n|\n|t:|1788348955\n|switch|p1a: Pelipper|Pelipper, L50, F|100/100\n|-weather|RainDance|[from] ability: Drizzle|[of] p1a: Pelipper\n|turn|8\n|\n|t:|1788348971\n|move|p2b: Froslass|Shadow Ball|p1b: Decidueye\n|-crit|p1b: Decidueye\n|-damage|p1b: Decidueye|0 fnt\n|faint|p1b: Decidueye\n|move|p1a: Pelipper|Weather Ball|p2b: Froslass\n|-damage|p2b: Froslass|0 fnt\n|faint|p2b: Froslass\n|\n|win|Skayloft_1er\n|raw|Skayloft_1er's rating: 1162 &rarr; <strong>1193</strong><br />(+31 for winning)\n|raw|mcdungys's rating: 1247 &rarr; <strong>1216</strong><br />(-31 for losing)\n","uploadtime":1788348982,"views":"1","formatid":"gen9championsvgc2026regmb","rating":1193,"private":0,"password":null}