{"id":"gen9championsvgc2026regmbbo3-2674675979","format":"[Gen 9 Champions] VGC 2026 Reg M-B (Bo3)","players":["glofer","ilykuronaa"],"log":"|j|☆glofer\n|j|☆ilykuronaa\n|html|<table width=\"100%\"><tr><td align=\"left\">glofer</td><td align=\"right\">ilykuronaa</tr><tr><td align=\"left\"><i class=\"fa fa-circle\"></i> <i class=\"fa fa-circle-o\"></i> </td><td align=\"right\"><i class=\"fa fa-circle-o\"></i> <i class=\"fa fa-circle-o\"></i> </tr></table>\n|uhtml|bestof|<h2><strong>Game 2</strong> of <a href=\"/game-bestof3-gen9championsvgc2026regmbbo3-2674674576\">a best-of-3</a></h2>\n|t:|1788388870\n|gametype|doubles\n|player|p1|glofer|hiker-gen4|1175\n|player|p2|ilykuronaa|169|1179\n|gen|9\n|tier|[Gen 9 Champions] VGC 2026 Reg M-B (Bo3)\n|rated|\n|rule|Species Clause: Limit one of each Pokémon\n|rule|Item Clause: Limit 1 of each item\n|clearpoke\n|poke|p1|Meowstic-F, L50, F|\n|poke|p1|Alakazam, L50, F|\n|poke|p1|Farigiraf, L50, M|\n|poke|p1|Metagross, L50|\n|poke|p1|Gallade, L50, M|\n|poke|p1|Gardevoir, L50, M|\n|poke|p2|Floette-Eternal, L50, F|\n|poke|p2|Basculegion, L50, M|\n|poke|p2|Kingambit, L50, F|\n|poke|p2|Dragonite, L50, F|\n|poke|p2|Garchomp, L50, F|\n|poke|p2|Sneasler, L50, M|\n|teampreview|4\n|showteam|p1|Meowstic-F||Meowsticite|Competitive|ExpandingForce,DarkPulse,Thunderbolt,FakeOut|Modest||F|||50|]Alakazam||Alakazite|Synchronize|Psychic,SkillSwap,SpeedSwap,Protect|Timid||F|||50|]Farigiraf||SitrusBerry|ArmorTail|TwinBeam,HyperVoice,PsychicTerrain,TrickRoom|Quiet||M|||50|]Metagross||WideLens|ClearBody|ZenHeadbutt,MeteorMash,Earthquake,Protect|Brave|||||50|]Gallade||FocusSash|Sharpness|PsychoCut,SacredSword,NightSlash,Protect|Adamant||M|||50|]Gardevoir||LifeOrb|Telepathy|Psyshock,DazzlingGleam,MysticalFire,Protect|Serious||M|||50|\n|showteam|p2|Floette-Eternal||Floettite|FlowerVeil|Moonblast,DazzlingGleam,LightofRuin,Protect|Timid||F|||50|]Basculegion||LifeOrb|Adaptability|WaveCrash,LastRespects,AquaJet,Protect|Adamant||M|||50|]Kingambit||ChopleBerry|Defiant|SuckerPunch,KowtowCleave,LowKick,IronHead|Adamant||F|||50|]Dragonite||Dragoninite|Multiscale|DragonPulse,HeatWave,ExtremeSpeed,Protect|Modest||F|||50|]Garchomp||ChoiceScarf|RoughSkin|DragonClaw,StompingTantrum,Earthquake,RockSlide|Jolly||F|||50|]Sneasler||FocusSash|Unburden|CloseCombat,DireClaw,FakeOut,Feint|Adamant||M|||50|\n|inactive|Battle timer is ON: inactive players will automatically lose when time's up. (requested by glofer)\n|\n|t:|1788388892\n|teamsize|p1|4\n|teamsize|p2|4\n|start\n|switch|p1a: Gallade|Gallade, L50, M|100/100\n|switch|p1b: Meowstic|Meowstic-F, L50, F|100/100\n|switch|p2a: Kingambit|Kingambit, L50, F|100/100\n|switch|p2b: Floette|Floette-Eternal, L50, F|100/100\n|turn|1\n|\n|t:|1788388904\n|detailschange|p2b: Floette|Floette-Mega, L50, F\n|-mega|p2b: Floette|Floette|Floettite\n|-ability|p2b: Floette|Fairy Aura\n|detailschange|p1b: Meowstic|Meowstic-F-Mega, L50, F\n|-mega|p1b: Meowstic|Meowstic|Meowsticite\n|-ability|p1b: Meowstic|Fairy Aura|Trace|[from] ability: Trace|[of] p2b: Floette\n|-ability|p1b: Meowstic|Fairy Aura\n|move|p1b: Meowstic|Fake Out|p2b: Floette\n|-damage|p2b: Floette|92/100\n|cant|p2b: Floette|flinch\n|move|p1a: Gallade|Psycho Cut|p2b: Floette\n|-damage|p2b: Floette|8/100\n|move|p2a: Kingambit|Kowtow Cleave|p1b: Meowstic\n|-supereffective|p1b: Meowstic|1\n|-damage|p1b: Meowstic|0 fnt\n|faint|p1b: Meowstic\n|\n|upkeep\n|\n|t:|1788388927\n|switch|p1b: Gardevoir|Gardevoir, L50, M|100/100\n|turn|2\n|inactive|ilykuronaa has 30 seconds left.\n|\n|t:|1788388952\n|switch|p1b: Farigiraf|Farigiraf, L50, M|100/100\n|move|p2b: Floette|Dazzling Gleam|p1b: Farigiraf|[spread] p1a,p1b\n|-supereffective|p1a: Gallade|1\n|-damage|p1a: Gallade|4/100\n|-damage|p1b: Farigiraf|55/100\n|move|p1a: Gallade|Sacred Sword|p2a: Kingambit\n|-supereffective|p2a: Kingambit|2\n|-enditem|p2a: Kingambit|Chople Berry|[eat]\n|-enditem|p2a: Kingambit|Chople Berry|[weaken]\n|-damage|p2a: Kingambit|0 fnt\n|faint|p2a: Kingambit\n|\n|upkeep\n|\n|t:|1788388960\n|switch|p2a: Garchomp|Garchomp, L50, F|100/100\n|turn|3\n|\n|t:|1788388978\n|move|p2b: Floette|Protect|p2b: Floette\n|-singleturn|p2b: Floette|Protect\n|move|p1a: Gallade|Protect|p1a: Gallade\n|-singleturn|p1a: Gallade|Protect\n|move|p2a: Garchomp|Earthquake|p1b: Farigiraf|[spread] p1b\n|-activate|p2b: Floette|move: Protect\n|-activate|p1a: Gallade|move: Protect\n|-damage|p1b: Farigiraf|14/100\n|-enditem|p1b: Farigiraf|Sitrus Berry|[eat]\n|-heal|p1b: Farigiraf|39/100|[from] item: Sitrus Berry\n|move|p1b: Farigiraf|Trick Room|p1b: Farigiraf\n|-fieldstart|move: Trick Room|[of] p1b: Farigiraf\n|\n|upkeep\n|turn|4\n|inactive|ilykuronaa has 30 seconds left.\n|\n|t:|1788389004\n|move|p1b: Farigiraf|Hyper Voice|p2b: Floette|[spread] p2a,p2b\n|-damage|p2a: Garchomp|59/100\n|-damage|p2b: Floette|0 fnt\n|faint|p2b: Floette\n|move|p1a: Gallade|Psycho Cut|p2a: Garchomp\n|-damage|p2a: Garchomp|3/100\n|move|p2a: Garchomp|Earthquake|p1b: Farigiraf|[spread] p1a,p1b\n|-damage|p1a: Gallade|0 fnt\n|-damage|p1b: Farigiraf|0 fnt\n|faint|p1a: Gallade\n|faint|p1b: Farigiraf\n|\n|upkeep\n|\n|t:|1788389012\n|switch|p1b: Gardevoir|Gardevoir, L50, M|100/100\n|switch|p2b: Basculegion|Basculegion, L50, M|100/100\n|turn|5\n|\n|t:|1788389030\n|move|p1b: Gardevoir|Protect|p1b: Gardevoir\n|-singleturn|p1b: Gardevoir|Protect\n|move|p2b: Basculegion|Protect|p2b: Basculegion\n|-singleturn|p2b: Basculegion|Protect\n|move|p2a: Garchomp|Earthquake|p1b: Gardevoir|[spread] \n|-activate|p2b: Basculegion|move: Protect\n|-activate|p1b: Gardevoir|move: Protect\n|\n|upkeep\n|turn|6\n|\n|t:|1788389041\n|move|p1b: Gardevoir|Psyshock|p2b: Basculegion\n|-damage|p2b: Basculegion|26/100\n|-damage|p1b: Gardevoir|90/100|[from] item: Life Orb\n|move|p2b: Basculegion|Last Respects|p1b: Gardevoir\n|-supereffective|p1b: Gardevoir|1\n|-damage|p1b: Gardevoir|0 fnt\n|faint|p1b: Gardevoir\n|-damage|p2b: Basculegion|17/100|[from] item: Life Orb\n|\n|win|ilykuronaa\n","uploadtime":1788389041,"views":"0","formatid":"gen9championsvgc2026regmbbo3","rating":null,"private":0,"password":null}