{"id":"gen9championsvgc2026regmbbo3-2674376299","format":"[Gen 9 Champions] VGC 2026 Reg M-B (Bo3)","players":["chawieeee","IBstudios"],"log":"|j|☆chawieeee\n|j|☆IBstudios\n|html|<table width=\"100%\"><tr><td align=\"left\">chawieeee</td><td align=\"right\">IBstudios</tr><tr><td align=\"left\"><i class=\"fa fa-circle\"></i> <i class=\"fa fa-circle-o\"></i> </td><td align=\"right\"><i class=\"fa fa-circle-o\"></i> <i class=\"fa fa-circle\"></i> </tr></table>\n|uhtml|bestof|<h2><strong>Game 3</strong> of <a href=\"/game-bestof3-gen9championsvgc2026regmbbo3-2674373574\">a best-of-3</a></h2>\n|t:|1788351453\n|gametype|doubles\n|player|p1|chawieeee|2|1243\n|player|p2|IBstudios|266|1297\n|gen|9\n|tier|[Gen 9 Champions] VGC 2026 Reg M-B (Bo3)\n|rated|\n|rule|Species Clause: Limit one of each Pokémon\n|rule|Item Clause: Limit 1 of each item\n|clearpoke\n|poke|p1|Gyarados, L50, F|\n|poke|p1|Sinistcha, L50|\n|poke|p1|Incineroar, L50, M|\n|poke|p1|Sneasler, L50, F|\n|poke|p1|Gholdengo, L50|\n|poke|p1|Vanilluxe, L50, F|\n|poke|p2|Incineroar, L50, F|\n|poke|p2|Dragonite, L50, F|\n|poke|p2|Metagross, L50|\n|poke|p2|Sneasler, L50, M|\n|poke|p2|Primarina, L50, M|\n|poke|p2|Sinistcha-Masterpiece, L50|\n|teampreview|4\n|showteam|p1|Gyarados||Gyaradosite|Intimidate|Waterfall,Crunch,Protect,DragonDance|Adamant||F|||50|]Sinistcha||SitrusBerry|Hospitality|MatchaGotcha,Protect,RagePowder,TrickRoom|Calm|||||50|]Incineroar||ChopleBerry|Intimidate|FakeOut,FlareBlitz,PartingShot,ThroatChop|Adamant||M|||50|]Sneasler||WhiteHerb|Unburden|FakeOut,CloseCombat,DireClaw,Protect|Jolly||F|||50|]Gholdengo||LifeOrb|GoodasGold|NastyPlot,Protect,MakeItRain,ShadowBall|Modest|||||50|]Vanilluxe||ChoiceScarf|SnowWarning|Blizzard,IceBeam,FreezeDry,IcyWind|Timid||F|||50|\n|showteam|p2|Incineroar||SitrusBerry|Intimidate|FakeOut,FlareBlitz,ThroatChop,PartingShot|Adamant||F|||50|]Dragonite||Dragoninite|Multiscale|DragonPulse,HeatWave,Tailwind,Protect|Modest||F|||50|]Metagross||Metagrossite|ClearBody|PsychicFangs,BulletPunch,BodyPress,Protect|Jolly|||||50|]Sneasler||FocusSash|PoisonTouch|CloseCombat,PoisonJab,FakeOut,Protect|Jolly||M|||50|]Primarina||LifeOrb|LiquidVoice|HyperVoice,Moonblast,CalmMind,Protect|Modest||M|||50|]Sinistcha-Masterpiece||KasibBerry|Hospitality|MatchaGotcha,TrickRoom,RagePowder,Protect|Bold|||||50|\n|inactive|Battle timer is ON: inactive players will automatically lose when time's up. (requested by chawieeee)\n|inactive|IBstudios has 60 seconds left.\n|inactive|IBstudios has 30 seconds left.\n|\n|t:|1788351523\n|teamsize|p1|4\n|teamsize|p2|4\n|start\n|switch|p1a: Vanilluxe|Vanilluxe, L50, F|100/100\n|switch|p1b: Sneasler|Sneasler, L50, F|100/100\n|switch|p2a: Dragonite|Dragonite, L50, F|100/100\n|switch|p2b: Incineroar|Incineroar, L50, F|100/100\n|-weather|Snowscape|[from] ability: Snow Warning|[of] p1a: Vanilluxe\n|-ability|p2b: Incineroar|Intimidate|boost\n|-unboost|p1a: Vanilluxe|atk|1\n|-unboost|p1b: Sneasler|atk|1\n|-enditem|p1b: Sneasler|White Herb\n|-clearnegativeboost|p1b: Sneasler|[silent]\n|turn|1\n|inactive|chawieeee has 30 seconds left.\n|\n|t:|1788351549\n|switch|p2b: Sneasler|Sneasler, L50, M|100/100\n|move|p2a: Dragonite|Protect|p2a: Dragonite\n|-singleturn|p2a: Dragonite|Protect\n|move|p1b: Sneasler|Close Combat|p2b: Sneasler\n|-resisted|p2b: Sneasler|1\n|-crit|p2b: Sneasler\n|-damage|p2b: Sneasler|17/100\n|-unboost|p1b: Sneasler|def|1\n|-unboost|p1b: Sneasler|spd|1\n|move|p1a: Vanilluxe|Blizzard|p2a: Dragonite|[spread] p2b\n|-activate|p2a: Dragonite|move: Protect\n|-crit|p2b: Sneasler\n|-damage|p2b: Sneasler|0 fnt\n|faint|p2b: Sneasler\n|\n|-weather|Snowscape|[upkeep]\n|upkeep\n|\n|t:|1788351560\n|switch|p2b: Incineroar|Incineroar, L50, F|100/100\n|-ability|p2b: Incineroar|Intimidate|boost\n|-unboost|p1a: Vanilluxe|atk|1\n|-unboost|p1b: Sneasler|atk|1\n|turn|2\n|inactive|IBstudios has 30 seconds left.\n|\n|t:|1788351590\n|detailschange|p2a: Dragonite|Dragonite-Mega, L50, F\n|-mega|p2a: Dragonite|Dragonite|Dragoninite\n|move|p2b: Incineroar|Fake Out|p1a: Vanilluxe\n|-damage|p1a: Vanilluxe|88/100\n|move|p1b: Sneasler|Dire Claw|p2a: Dragonite\n|-damage|p2a: Dragonite|88/100\n|cant|p1a: Vanilluxe|flinch\n|move|p2a: Dragonite|Tailwind|p2a: Dragonite\n|-sidestart|p2: IBstudios|move: Tailwind\n|\n|-weather|Snowscape|[upkeep]\n|upkeep\n|turn|3\n|\n|t:|1788351608\n|switch|p1a: Gyarados|Gyarados, L50, F|100/100\n|-ability|p1a: Gyarados|Intimidate|boost\n|-unboost|p2a: Dragonite|atk|1\n|-unboost|p2b: Incineroar|atk|1\n|move|p1b: Sneasler|Protect|p1b: Sneasler\n|-singleturn|p1b: Sneasler|Protect\n|move|p2a: Dragonite|Protect|p2a: Dragonite\n|-singleturn|p2a: Dragonite|Protect\n|move|p2b: Incineroar|Flare Blitz|p1a: Gyarados\n|-resisted|p1a: Gyarados|1\n|-damage|p1a: Gyarados|81/100\n|-damage|p2b: Incineroar|93/100|[from] Recoil\n|\n|-weather|Snowscape|[upkeep]\n|upkeep\n|turn|4\n|\n|t:|1788351632\n|switch|p1b: Gholdengo|Gholdengo, L50|100/100\n|detailschange|p1a: Gyarados|Gyarados-Mega, L50, F\n|-mega|p1a: Gyarados|Gyarados|Gyaradosite\n|-ability|p1a: Gyarados|Mold Breaker\n|move|p2a: Dragonite|Dragon Pulse|p1a: Gyarados\n|-damage|p1a: Gyarados|42/100\n|move|p2b: Incineroar|Flare Blitz|p1b: Gholdengo\n|-supereffective|p1b: Gholdengo|1\n|-damage|p1b: Gholdengo|24/100\n|-damage|p2b: Incineroar|69/100|[from] Recoil\n|move|p1a: Gyarados|Dragon Dance|p1a: Gyarados\n|-boost|p1a: Gyarados|atk|1\n|-boost|p1a: Gyarados|spe|1\n|\n|-weather|Snowscape|[upkeep]\n|upkeep\n|turn|5\n|inactive|chawieeee has 30 seconds left.\n|inactive|IBstudios has 30 seconds left.\n|\n|t:|1788351664\n|switch|p2b: Primarina|Primarina, L50, M|100/100\n|move|p1a: Gyarados|Protect|p1a: Gyarados\n|-singleturn|p1a: Gyarados|Protect\n|move|p2a: Dragonite|Heat Wave|p1a: Gyarados|[spread] p1b\n|-activate|p1a: Gyarados|move: Protect\n|-supereffective|p1b: Gholdengo|1\n|-damage|p1b: Gholdengo|0 fnt\n|faint|p1b: Gholdengo\n|\n|-weather|none\n|-sideend|p2: IBstudios|move: Tailwind\n|upkeep\n|\n|t:|1788351672\n|switch|p1b: Vanilluxe|Vanilluxe, L50, F|88/100\n|-weather|Snowscape|[from] ability: Snow Warning|[of] p1b: Vanilluxe\n|turn|6\n|\n|t:|1788351689\n|switch|p2a: Incineroar|Incineroar, L50, F|69/100\n|-ability|p2a: Incineroar|Intimidate|boost\n|-unboost|p1a: Gyarados|atk|1\n|-unboost|p1b: Vanilluxe|atk|1\n|move|p1b: Vanilluxe|Freeze-Dry|p2b: Primarina\n|-supereffective|p2b: Primarina|1\n|-damage|p2b: Primarina|42/100\n|move|p1a: Gyarados|Crunch|p2a: Incineroar\n|-resisted|p2a: Incineroar|1\n|-damage|p2a: Incineroar|48/100\n|-enditem|p2a: Incineroar|Sitrus Berry|[eat]\n|-heal|p2a: Incineroar|73/100|[from] item: Sitrus Berry\n|move|p2b: Primarina|Moonblast|p1a: Gyarados\n|-supereffective|p1a: Gyarados|1\n|-damage|p1a: Gyarados|0 fnt\n|faint|p1a: Gyarados\n|-damage|p2b: Primarina|32/100|[from] item: Life Orb\n|\n|-weather|Snowscape|[upkeep]\n|upkeep\n|\n|t:|1788351703\n|switch|p1a: Sneasler|Sneasler, L50, F|100/100\n|turn|7\n|\n|t:|1788351723\n|switch|p2a: Dragonite|Dragonite-Mega, L50, F|88/100\n|move|p2b: Primarina|Protect|p2b: Primarina\n|-singleturn|p2b: Primarina|Protect\n|move|p1a: Sneasler|Fake Out|p2a: Dragonite\n|-damage|p2a: Dragonite|76/100\n|move|p1b: Vanilluxe|Freeze-Dry|p2b: Primarina\n|-activate|p2b: Primarina|move: Protect\n|\n|-weather|Snowscape|[upkeep]\n|upkeep\n|turn|8\n|inactive|IBstudios has 30 seconds left.\n|inactive|IBstudios has 20 seconds left.\n|inactive|IBstudios has 15 seconds left.\n|inactive|IBstudios has 10 seconds left.\n|inactive|IBstudios has 5 seconds left.\n|\n|t:|1788351775\n|move|p2a: Dragonite|Protect|p2a: Dragonite\n|-singleturn|p2a: Dragonite|Protect\n|move|p1b: Vanilluxe|Freeze-Dry|p2a: Dragonite\n|-activate|p2a: Dragonite|move: Protect\n|move|p1a: Sneasler|Dire Claw|p2b: Primarina\n|-supereffective|p2b: Primarina|1\n|-damage|p2b: Primarina|0 fnt\n|faint|p2b: Primarina\n|\n|-weather|Snowscape|[upkeep]\n|upkeep\n|\n|t:|1788351785\n|switch|p2b: Incineroar|Incineroar, L50, F|73/100\n|-ability|p2b: Incineroar|Intimidate|boost\n|-unboost|p1a: Sneasler|atk|1\n|-unboost|p1b: Vanilluxe|atk|1\n|turn|9\n|\n|t:|1788351796\n|move|p2b: Incineroar|Fake Out|p1b: Vanilluxe\n|-damage|p1b: Vanilluxe|77/100\n|cant|p1b: Vanilluxe|flinch\n|move|p1a: Sneasler|Dire Claw|p2a: Dragonite\n|-damage|p2a: Dragonite|52/100\n|move|p2a: Dragonite|Tailwind|p2a: Dragonite\n|-sidestart|p2: IBstudios|move: Tailwind\n|\n|-weather|Snowscape|[upkeep]\n|upkeep\n|turn|10\n|\n|t:|1788351815\n|move|p2a: Dragonite|Protect|p2a: Dragonite\n|-singleturn|p2a: Dragonite|Protect\n|move|p1b: Vanilluxe|Freeze-Dry|p2a: Dragonite\n|-activate|p2a: Dragonite|move: Protect\n|move|p1a: Sneasler|Close Combat|p2b: Incineroar\n|-supereffective|p2b: Incineroar|1\n|-damage|p2b: Incineroar|0 fnt\n|-unboost|p1a: Sneasler|def|1\n|-unboost|p1a: Sneasler|spd|1\n|faint|p2b: Incineroar\n|\n|-weather|none\n|upkeep\n|turn|11\n|\n|t:|1788351832\n|move|p2a: Dragonite|Heat Wave|p1a: Sneasler|[spread] p1a,p1b\n|-supereffective|p1b: Vanilluxe|1\n|-damage|p1a: Sneasler|38/100\n|-damage|p1b: Vanilluxe|1/100\n|-status|p1b: Vanilluxe|brn\n|move|p1b: Vanilluxe|Freeze-Dry|p2a: Dragonite\n|-supereffective|p2a: Dragonite|2\n|-damage|p2a: Dragonite|0 fnt\n|faint|p2a: Dragonite\n|\n|win|chawieeee\n|raw|chawieeee's rating: 1243 &rarr; <strong>1272</strong><br />(+29 for winning)\n|raw|IBstudios's rating: 1297 &rarr; <strong>1268</strong><br />(-29 for losing)\n","uploadtime":1788351901,"views":"3","formatid":"gen9championsvgc2026regmbbo3","rating":1268,"private":0,"password":null}