{"id":"gen9championsvgc2026regmb-2674742228","format":"[Gen 9 Champions] VGC 2026 Reg M-B","players":["WrstEGirl","epicfailtesting"],"log":"|j|☆WrstEGirl\n|j|☆epicfailtesting\n|t:|1788399107\n|gametype|doubles\n|player|p1|WrstEGirl|dawn|1290\n|player|p2|epicfailtesting|skier|1288\n|gen|9\n|tier|[Gen 9 Champions] VGC 2026 Reg M-B\n|rated|\n|rule|Species Clause: Limit one of each Pokémon\n|rule|Item Clause: Limit 1 of each item\n|clearpoke\n|poke|p1|Basculegion, L50, M|\n|poke|p1|Meganium, L50, M|\n|poke|p1|Aerodactyl, L50, M|\n|poke|p1|Gholdengo, L50|\n|poke|p1|Tyranitar, L50, F|\n|poke|p1|Gallade, L50, M|\n|poke|p2|Tyranitar, L50, F|\n|poke|p2|Excadrill, L50, F|\n|poke|p2|Milotic, L50, M|\n|poke|p2|Sinistcha, L50|\n|poke|p2|Staraptor, L50, M|\n|poke|p2|Gholdengo, L50|\n|teampreview|4\n|inactive|Battle timer is ON: inactive players will automatically lose when time's up. (requested by epicfailtesting)\nWrstEGirl rejected open team sheets.\n|\n|t:|1788399134\n|teamsize|p1|4\n|teamsize|p2|4\n|start\n|switch|p1a: Aerodactyl|Aerodactyl, L50, M|100/100\n|switch|p1b: Basculegion|Basculegion, L50, M|100/100\n|switch|p2a: Staraptor|Staraptor, L50, M|100/100\n|switch|p2b: Tyranitar|Tyranitar, L50, F|100/100\n|-ability|p1a: Aerodactyl|Unnerve\n|-ability|p2a: Staraptor|Intimidate|boost\n|-unboost|p1a: Aerodactyl|atk|1\n|-unboost|p1b: Basculegion|atk|1\n|-weather|Sandstorm|[from] ability: Sand Stream|[of] p2b: Tyranitar\n|turn|1\n|\n|t:|1788399158\n|detailschange|p2a: Staraptor|Staraptor-Mega, L50, M\n|-mega|p2a: Staraptor|Staraptor|Staraptite\n|move|p2b: Tyranitar|Protect|p2b: Tyranitar\n|-singleturn|p2b: Tyranitar|Protect\n|move|p1a: Aerodactyl|Tailwind|p1a: Aerodactyl\n|-sidestart|p1: WrstEGirl|move: Tailwind\n|move|p1b: Basculegion|Flip Turn|p2b: Tyranitar\n|-activate|p2b: Tyranitar|move: Protect\n|move|p2a: Staraptor|Close Combat|p1a: Aerodactyl\n|-damage|p1a: Aerodactyl|17/100\n|-boost|p2a: Staraptor|def|1\n|-boost|p2a: Staraptor|spd|1\n|\n|-weather|Sandstorm|[upkeep]\n|-damage|p1b: Basculegion|93/100|[from] Sandstorm\n|-damage|p2a: Staraptor|94/100|[from] Sandstorm\n|upkeep\n|turn|2\n|\n|t:|1788399179\n|move|p1a: Aerodactyl|Dual Wingbeat|p2a: Staraptor\n|-supereffective|p2a: Staraptor|1\n|-damage|p2a: Staraptor|77/100\n|-supereffective|p2a: Staraptor|1\n|-damage|p2a: Staraptor|61/100\n|-hitcount|p2a: Staraptor|2\n|move|p1b: Basculegion|Wave Crash|p2b: Tyranitar\n|-supereffective|p2b: Tyranitar|1\n|-damage|p2b: Tyranitar|0 fnt\n|faint|p2b: Tyranitar\n|-damage|p1b: Basculegion|61/100|[from] Recoil\n|-damage|p1b: Basculegion|52/100|[from] item: Life Orb\n|move|p2a: Staraptor|Close Combat|p1a: Aerodactyl\n|-damage|p1a: Aerodactyl|0 fnt\n|-boost|p2a: Staraptor|def|1\n|-boost|p2a: Staraptor|spd|1\n|faint|p1a: Aerodactyl\n|\n|-weather|Sandstorm|[upkeep]\n|-damage|p1b: Basculegion|46/100|[from] Sandstorm\n|-damage|p2a: Staraptor|55/100|[from] Sandstorm\n|upkeep\n|\n|t:|1788399201\n|switch|p1a: Meganium|Meganium, L50, M|100/100\n|switch|p2b: Sinistcha|Sinistcha, L50|100/100\n|-heal|p2a: Staraptor|80/100|[from] ability: Hospitality|[of] p2b: Sinistcha\n|turn|3\n|\n|t:|1788399213\n|detailschange|p1a: Meganium|Meganium-Mega, L50, M\n|-mega|p1a: Meganium|Meganium|Meganiumite\n|move|p2b: Sinistcha|Rage Powder|p2b: Sinistcha\n|-singleturn|p2b: Sinistcha|move: Rage Powder\n|move|p1b: Basculegion|Wave Crash|p2b: Sinistcha\n|-resisted|p2b: Sinistcha|1\n|-damage|p2b: Sinistcha|70/100\n|-damage|p1b: Basculegion|37/100|[from] Recoil\n|-damage|p1b: Basculegion|27/100|[from] item: Life Orb\n|move|p1a: Meganium|Dazzling Gleam|p2a: Staraptor|[spread] p2a,p2b\n|-supereffective|p2a: Staraptor|1\n|-damage|p2a: Staraptor|44/100\n|-damage|p2b: Sinistcha|31/100\n|move|p2a: Staraptor|Brave Bird|p1a: Meganium\n|-supereffective|p1a: Meganium|1\n|-damage|p1a: Meganium|0 fnt\n|faint|p1a: Meganium\n|-damage|p2a: Staraptor|12/100|[from] Recoil\n|\n|-weather|Sandstorm|[upkeep]\n|-damage|p1b: Basculegion|21/100|[from] Sandstorm\n|-damage|p2a: Staraptor|6/100|[from] Sandstorm\n|-damage|p2b: Sinistcha|25/100|[from] Sandstorm\n|upkeep\n|\n|t:|1788399231\n|switch|p1a: Tyranitar|Tyranitar, L50, F|100/100\n|turn|4\n|\n|t:|1788399245\n|move|p2b: Sinistcha|Rage Powder|p2b: Sinistcha\n|-singleturn|p2b: Sinistcha|move: Rage Powder\n|move|p1a: Tyranitar|Rock Slide|p2b: Sinistcha|[spread] p2a,p2b\n|-damage|p2a: Staraptor|0 fnt\n|-damage|p2b: Sinistcha|0 fnt\n|faint|p2a: Staraptor\n|faint|p2b: Sinistcha\n|move|p1b: Basculegion|Last Respects|p2: Staraptor|[notarget]\n|-fail|p1b: Basculegion\n|\n|-weather|Sandstorm|[upkeep]\n|-damage|p1b: Basculegion|15/100|[from] Sandstorm\n|-sideend|p1: WrstEGirl|move: Tailwind\n|upkeep\n|\n|t:|1788399251\n|switch|p2b: Excadrill|Excadrill, L50, F|100/100\n|turn|5\n|\n|t:|1788399264\n|move|p1b: Basculegion|Aqua Jet|p2b: Excadrill\n|-supereffective|p2b: Excadrill|1\n|-damage|p2b: Excadrill|25/100\n|-damage|p1b: Basculegion|6/100|[from] item: Life Orb\n|move|p2b: Excadrill|Earthquake|p1a: Tyranitar|[spread] p1a,p1b\n|-supereffective|p1a: Tyranitar|1\n|-damage|p1a: Tyranitar|15/100\n|-damage|p1b: Basculegion|0 fnt\n|faint|p1b: Basculegion\n|move|p1a: Tyranitar|Rock Slide|p2b: Excadrill\n|-resisted|p2b: Excadrill|2\n|-damage|p2b: Excadrill|10/100\n|\n|-weather|none\n|upkeep\n|turn|6\n|\n|t:|1788399275\n|move|p1a: Tyranitar|Rock Slide|p2b: Excadrill\n|-resisted|p2b: Excadrill|2\n|-damage|p2b: Excadrill|0 fnt\n|faint|p2b: Excadrill\n|\n|win|WrstEGirl\n|raw|WrstEGirl's rating: 1290 &rarr; <strong>1315</strong><br />(+25 for winning)\n|raw|epicfailtesting's rating: 1288 &rarr; <strong>1263</strong><br />(-25 for losing)\n|c|☆WrstEGirl|gg\n","uploadtime":1788399295,"views":"2","formatid":"gen9championsvgc2026regmb","rating":1263,"private":0,"password":null}