{"id":"gen9championsvgc2026regmbbo3-2675038725","format":"[Gen 9 Champions] VGC 2026 Reg M-B (Bo3)","players":["theson1909","po1510"],"log":"|j|☆theson1909\n|j|☆po1510\n|html|<table width=\"100%\"><tr><td align=\"left\">theson1909</td><td align=\"right\">po1510</tr><tr><td align=\"left\"><i class=\"fa fa-circle-o\"></i> <i class=\"fa fa-circle-o\"></i> </td><td align=\"right\"><i class=\"fa fa-circle-o\"></i> <i class=\"fa fa-circle-o\"></i> </tr></table>\n|uhtml|bestof|<h2><strong>Game 1</strong> of <a href=\"/game-bestof3-gen9championsvgc2026regmbbo3-2675038724\">a best-of-3</a></h2>\n|t:|1788451691\n|gametype|doubles\n|player|p1|theson1909|1|\n|player|p2|po1510|rosa-masters|\n|gen|9\n|tier|[Gen 9 Champions] VGC 2026 Reg M-B (Bo3)\n|rule|Species Clause: Limit one of each Pokémon\n|rule|Item Clause: Limit 1 of each item\n|clearpoke\n|poke|p1|Ninetales-Alola, L50, F|\n|poke|p1|Kingambit, L50, M|\n|poke|p1|Glimmora, L50, F, shiny|\n|poke|p1|Kommo-o, L50, M|\n|poke|p1|Whimsicott, L50, F, shiny|\n|poke|p1|Basculegion, L50, M|\n|poke|p2|Garchomp, L50, M, shiny|\n|poke|p2|Venusaur, L50, F|\n|poke|p2|Incineroar, L50, M|\n|poke|p2|Charizard, L50, F, shiny|\n|poke|p2|Toxapex, L50, M|\n|poke|p2|Sylveon, L50, F|\n|teampreview|4\n|showteam|p1|Ninetales-Alola||NeverMeltIce|SnowWarning|Protect,Blizzard,FreezeDry,HelpingHand|Timid||F|||50|]Kingambit||ChopleBerry|Defiant|Protect,KowtowCleave,LowKick,SuckerPunch|Adamant||M|||50|]Glimmora||Glimmoranite|ToxicDebris|PowerGem,SludgeBomb,EarthPower,SpikyShield|Modest||F|||50|]Kommo-o||LifeOrb|Soundproof|AuraSphere,ClangingScales,VacuumWave,Protect|Modest||M|||50|]Whimsicott||FocusSash|Prankster|Protect,Moonblast,Tailwind,Encore|Timid||F|||50|]Basculegion||ChoiceScarf|Adaptability|WaveCrash,LastRespects,FlipTurn,AquaJet|Jolly||M|||50|\n|showteam|p2|Garchomp||ChoiceScarf|RoughSkin|Earthquake,RockSlide,DragonClaw,StompingTantrum|Adamant||M|||50|]Venusaur||LifeOrb|Chlorophyll|SludgeBomb,SolarBeam,EarthPower,Protect|Modest||F|||50|]Incineroar||SitrusBerry|Intimidate|FakeOut,FlareBlitz,ThroatChop,PartingShot|Impish||M|||50|]Charizard||CharizarditeY|Blaze|HeatWave,WeatherBall,HelpingHand,Protect|Modest||F|||50|]Toxapex||Leftovers|Regenerator|Infestation,Toxic,WideGuard,BanefulBunker|Bold||M|||50|]Sylveon||FairyFeather|Pixilate|HyperVoice,QuickAttack,Yawn,Detect|Modest||F|||50|\n|inactive|Battle timer is ON: inactive players will automatically lose when time's up. (requested by po1510)\n|inactiveoff|Battle timer is now OFF.\n|j| Dungx showdown\n|\n|t:|1788451772\n|teamsize|p1|4\n|teamsize|p2|4\n|start\n|switch|p1a: Kommo-o|Kommo-o, L50, M|100/100\n|switch|p1b: Whimsicott|Whimsicott, L50, F, shiny|100/100\n|switch|p2a: Incineroar|Incineroar, L50, M|100/100\n|switch|p2b: Charizard|Charizard, L50, F, shiny|100/100\n|-ability|p2a: Incineroar|Intimidate|boost\n|-unboost|p1a: Kommo-o|atk|1\n|-unboost|p1b: Whimsicott|atk|1\n|turn|1\n|\n|t:|1788451792\n|switch|p2b: Toxasech|Toxapex, L50, M|100/100\n|move|p1b: Whimsicott|Protect|p1b: Whimsicott\n|-singleturn|p1b: Whimsicott|Protect\n|move|p1a: Kommo-o|Protect|p1a: Kommo-o\n|-singleturn|p1a: Kommo-o|Protect\n|move|p2a: Incineroar|Fake Out|p1b: Whimsicott\n|-activate|p1b: Whimsicott|move: Protect\n|\n|upkeep\n|turn|2\n|c| Dungx showdown|Po ga the\n|l| Dungx showdown\n|\n|t:|1788451812\n|move|p1b: Whimsicott|Moonblast|p2a: Incineroar\n|-damage|p2a: Incineroar|65/100\n|move|p1a: Kommo-o|Aura Sphere|p2a: Incineroar\n|-supereffective|p2a: Incineroar|1\n|-damage|p2a: Incineroar|0 fnt\n|faint|p2a: Incineroar\n|-damage|p1a: Kommo-o|90/100|[from] item: Life Orb\n|move|p2b: Toxasech|Toxic|p1a: Kommo-o\n|-status|p1a: Kommo-o|tox\n|\n|-damage|p1a: Kommo-o|84/100 tox|[from] psn\n|upkeep\n|j| Dungx showdown\n|\n|t:|1788451820\n|switch|p2a: Charizard|Charizard, L50, F, shiny|100/100\n|turn|3\n|\n|t:|1788451835\n|switch|p1a: Glimmora|Glimmora, L50, F, shiny|100/100\n|move|p1b: Whimsicott|Protect|p1b: Whimsicott\n|-singleturn|p1b: Whimsicott|Protect\n|move|p2a: Charizard|Heat Wave|p1a: Glimmora|[spread] p1a\n|-activate|p1b: Whimsicott|move: Protect\n|-resisted|p1a: Glimmora|1\n|-damage|p1a: Glimmora|81/100\n|move|p2b: Toxasech|Infestation|p1a: Glimmora\n|-resisted|p1a: Glimmora|1\n|-damage|p1a: Glimmora|78/100\n|-activate|p1a: Glimmora|move: Infestation|[of] p2b: Toxasech\n|\n|-damage|p1a: Glimmora|66/100|[from] move: Infestation|[partiallytrapped]\n|upkeep\n|turn|4\n|j| lucky777n\n|\n|t:|1788451851\n|switch|p2a: Garchomp|Garchomp, L50, M, shiny|100/100\n|detailschange|p1a: Glimmora|Glimmora-Mega, L50, F, shiny\n|-mega|p1a: Glimmora|Glimmora|Glimmoranite\n|move|p1b: Whimsicott|Moonblast|p2b: Toxasech\n|-resisted|p2b: Toxasech|1\n|-damage|p2b: Toxasech|85/100\n|move|p1a: Glimmora|Earth Power|p2b: Toxasech\n|-supereffective|p2b: Toxasech|1\n|-damage|p2b: Toxasech|23/100\n|move|p2b: Toxasech|Toxic|p1b: Whimsicott\n|-status|p1b: Whimsicott|tox\n|\n|-heal|p2b: Toxasech|29/100|[from] item: Leftovers\n|-damage|p1b: Whimsicott|94/100 tox|[from] psn\n|-damage|p1a: Glimmora|53/100|[from] move: Infestation|[partiallytrapped]\n|upkeep\n|turn|5\n|c| lucky777n|Hay thson ơi\n|\n|t:|1788451878\n|move|p1a: Glimmora|Spiky Shield|p1a: Glimmora\n|-singleturn|p1a: Glimmora|move: Protect\n|move|p2b: Toxasech|Baneful Bunker|p2b: Toxasech\n|-singleturn|p2b: Toxasech|move: Protect\n|move|p2a: Garchomp|Stomping Tantrum|p1a: Glimmora\n|-activate|p1a: Glimmora|move: Protect\n|-damage|p2a: Garchomp|87/100|[from] Spiky Shield|[of] p1a: Glimmora\n|move|p1b: Whimsicott|Moonblast|p2a: Garchomp\n|-supereffective|p2a: Garchomp|1\n|-damage|p2a: Garchomp|16/100\n|\n|-heal|p2b: Toxasech|35/100|[from] item: Leftovers\n|-damage|p1b: Whimsicott|82/100 tox|[from] psn\n|-damage|p1a: Glimmora|41/100|[from] move: Infestation|[partiallytrapped]\n|upkeep\n|turn|6\n|\n|t:|1788451899\n|-heal|p2b: Toxasech|68/100|[from] ability: Regenerator|[silent]\n|switch|p2b: Charizard|Charizard, L50, F, shiny|100/100\n|move|p1b: Whimsicott|Tailwind|p1b: Whimsicott\n|-sidestart|p1: theson1909|move: Tailwind\n|move|p1a: Glimmora|Power Gem|p2b: Charizard\n|-supereffective|p2b: Charizard|2\n|-damage|p2b: Charizard|0 fnt\n|faint|p2b: Charizard\n|move|p2a: Garchomp|Stomping Tantrum|p1a: Glimmora\n|-supereffective|p1a: Glimmora|2\n|-damage|p1a: Glimmora|0 fnt\n|faint|p1a: Glimmora\n|\n|-damage|p1b: Whimsicott|64/100 tox|[from] psn\n|upkeep\n|c| Dungx showdown|Po ga vai cuk\n|\n|t:|1788451910\n|switch|p1a: Kommo-o|Kommo-o, L50, M|84/100 tox\n|switch|p2b: Toxasech|Toxapex, L50, M|68/100\n|turn|7\n|\n|t:|1788451918\n|move|p1b: Whimsicott|Moonblast|p2a: Garchomp\n|-supereffective|p2a: Garchomp|1\n|-damage|p2a: Garchomp|0 fnt\n|faint|p2a: Garchomp\n|move|p1a: Kommo-o|Aura Sphere|p2b: Toxasech\n|-resisted|p2b: Toxasech|1\n|-damage|p2b: Toxasech|48/100\n|-damage|p1a: Kommo-o|74/100 tox|[from] item: Life Orb\n|move|p2b: Toxasech|Infestation|p1a: Kommo-o\n|-resisted|p1a: Kommo-o|1\n|-damage|p1a: Kommo-o|72/100 tox\n|-activate|p1a: Kommo-o|move: Infestation|[of] p2b: Toxasech\n|\n|-heal|p2b: Toxasech|54/100|[from] item: Leftovers\n|-damage|p1b: Whimsicott|41/100 tox|[from] psn\n|-damage|p1a: Kommo-o|66/100 tox|[from] psn\n|-damage|p1a: Kommo-o|53/100 tox|[from] move: Infestation|[partiallytrapped]\n|upkeep\n|turn|8\n|\n|t:|1788451932\n|move|p1b: Whimsicott|Moonblast|p2b: Toxasech\n|-resisted|p2b: Toxasech|1\n|-damage|p2b: Toxasech|41/100\n|move|p1a: Kommo-o|Aura Sphere|p2b: Toxasech\n|-resisted|p2b: Toxasech|1\n|-damage|p2b: Toxasech|22/100\n|-damage|p1a: Kommo-o|44/100 tox|[from] item: Life Orb\n|move|p2b: Toxasech|Infestation|p1b: Whimsicott\n|-damage|p1b: Whimsicott|36/100 tox\n|-activate|p1b: Whimsicott|move: Infestation|[of] p2b: Toxasech\n|\n|-heal|p2b: Toxasech|28/100|[from] item: Leftovers\n|-damage|p1b: Whimsicott|7/100 tox|[from] psn\n|-damage|p1a: Kommo-o|32/100 tox|[from] psn\n|-damage|p1b: Whimsicott|0 fnt|[from] move: Infestation|[partiallytrapped]\n|faint|p1b: Whimsicott\n|-damage|p1a: Kommo-o|19/100 tox|[from] move: Infestation|[partiallytrapped]\n|upkeep\n|\n|t:|1788451935\n|switch|p1b: Basculegion|Basculegion, L50, M|100/100\n|turn|9\n|\n|t:|1788451938\n|move|p2b: Toxasech|Baneful Bunker|p2b: Toxasech\n|-singleturn|p2b: Toxasech|move: Protect\n|move|p1b: Basculegion|Last Respects|p2b: Toxasech\n|-activate|p2b: Toxasech|move: Protect\n|move|p1a: Kommo-o|Clanging Scales|p2b: Toxasech\n|-activate|p2b: Toxasech|move: Protect\n|\n|-heal|p2b: Toxasech|33/100|[from] item: Leftovers\n|-damage|p1a: Kommo-o|1/100 tox|[from] psn\n|-damage|p1a: Kommo-o|0 fnt|[from] move: Infestation|[partiallytrapped]\n|faint|p1a: Kommo-o\n|-sideend|p1: theson1909|move: Tailwind\n|upkeep\n|turn|10\n|\n|t:|1788451944\n|move|p1b: Basculegion|Last Respects|p2b: Toxasech\n|-damage|p2b: Toxasech|0 fnt\n|faint|p2b: Toxasech\n|\n|win|theson1909\n","uploadtime":1788451945,"views":"0","formatid":"gen9championsvgc2026regmbbo3","rating":null,"private":0,"password":null}