{"id":"gen9championsvgc2026regmb-2674222715","format":"[Gen 9 Champions] VGC 2026 Reg M-B","players":["lexicuhl","fourblackguys"],"log":"|j|☆lexicuhl\n|j|☆fourblackguys\n|html|<table width=\"100%\"><tr><td align=\"left\">lexicuhl</td><td align=\"right\">fourblackguys</tr><tr><td align=\"left\"><i class=\"fa fa-circle\"></i> <i class=\"fa fa-circle-o\"></i> </td><td align=\"right\"><i class=\"fa fa-circle-o\"></i> <i class=\"fa fa-circle-o\"></i> </tr></table>\n|uhtml|bestof|<h2><strong>Game 2</strong> of <a href=\"/game-bestof3-gen9championsvgc2026regmb-2674221718\">a best-of-3</a></h2>\n|t:|1788318075\n|gametype|doubles\n|player|p1|lexicuhl|mallow-masters|\n|player|p2|fourblackguys|170|\n|gen|9\n|tier|[Gen 9 Champions] VGC 2026 Reg M-B\n|rule|Species Clause: Limit one of each Pokémon\n|rule|Item Clause: Limit 1 of each item\n|raw|<div class=\"infobox\"><details class=\"readmore\" open><summary><strong>1 custom rule:</strong></summary> Best of = 3</details></div>\n|clearpoke\n|poke|p1|Aerodactyl, L50, M|\n|poke|p1|Scolipede, L50, M, shiny|\n|poke|p1|Floette-Eternal, L50, F|\n|poke|p1|Basculegion, L50, M|\n|poke|p1|Sinistcha, L50|\n|poke|p1|Skeledirge, L50, F|\n|poke|p2|Gardevoir, L50, F, shiny|\n|poke|p2|Incineroar, L50, M|\n|poke|p2|Annihilape, L50, M|\n|poke|p2|Mawile, L50, F|\n|poke|p2|Scizor, L50, F|\n|poke|p2|Houndoom, L50, F|\n|teampreview|4\nfourblackguys rejected open team sheets.\n|\n|t:|1788318098\n|teamsize|p1|4\n|teamsize|p2|4\n|start\n|switch|p1a: RADIANCE! ✨|Floette-Eternal, L50, F|100/100\n|switch|p1b: WeWillFlinchYou|Aerodactyl, L50, M|100/100\n|switch|p2a: OBAMAAA|Houndoom, L50, F|100/100\n|switch|p2b: Michelle Obama|Gardevoir, L50, F, shiny|100/100\n|-ability|p1b: WeWillFlinchYou|Unnerve\n|turn|1\n|\n|t:|1788318126\n|detailschange|p1a: RADIANCE! ✨|Floette-Mega, L50, F\n|-mega|p1a: RADIANCE! ✨|Floette|Floettite\n|-ability|p1a: RADIANCE! ✨|Fairy Aura\n|move|p1b: WeWillFlinchYou|Tailwind|p1b: WeWillFlinchYou\n|-sidestart|p1: lexicuhl|move: Tailwind\n|move|p1a: RADIANCE! ✨|Dazzling Gleam|p2b: Michelle Obama|[spread] p2a,p2b\n|-damage|p2a: OBAMAAA|47/100\n|-damage|p2b: Michelle Obama|53/100\n|move|p2a: OBAMAAA|Foul Play|p1b: WeWillFlinchYou\n|-damage|p1b: WeWillFlinchYou|32/100\n|move|p2b: Michelle Obama|Alluring Voice|p1a: RADIANCE! ✨\n|-damage|p1a: RADIANCE! ✨|64/100\n|\n|upkeep\n|turn|2\n|\n|t:|1788318158\n|move|p1b: WeWillFlinchYou|Wide Guard|p1b: WeWillFlinchYou\n|-singleturn|p1b: WeWillFlinchYou|Wide Guard\n|move|p1a: RADIANCE! ✨|Dazzling Gleam|p2b: Michelle Obama|[spread] p2a,p2b\n|-damage|p2a: OBAMAAA|0 fnt\n|-damage|p2b: Michelle Obama|5/100\n|faint|p2a: OBAMAAA\n|move|p2b: Michelle Obama|Rest|p2b: Michelle Obama\n|-status|p2b: Michelle Obama|slp|[from] move: Rest\n|-heal|p2b: Michelle Obama|100/100 slp|[silent]\n|\n|upkeep\n|\n|t:|1788318169\n|switch|p2a: Rosa Parks|Mawile, L50, F|100/100\n|turn|3\n|\n|t:|1788318189\n|detailschange|p2a: Rosa Parks|Mawile-Mega, L50, F\n|-mega|p2a: Rosa Parks|Mawile|Mawilite\n|cant|p2b: Michelle Obama|slp\n|move|p1b: WeWillFlinchYou|Rock Slide|p2a: Rosa Parks|[spread] p2a,p2b\n|-resisted|p2a: Rosa Parks|1\n|-damage|p2a: Rosa Parks|85/100\n|-damage|p2b: Michelle Obama|69/100 slp\n|move|p1a: RADIANCE! ✨|Light of Ruin|p2a: Rosa Parks\n|-resisted|p2a: Rosa Parks|1\n|-damage|p2a: Rosa Parks|15/100\n|-damage|p1a: RADIANCE! ✨|30/100|[from] Recoil\n|cant|p2a: Rosa Parks|flinch\n|\n|upkeep\n|turn|4\n|\n|t:|1788318217\n|switch|p1b: Crocodile Tears|Skeledirge, L50, F|100/100\n|move|p1a: RADIANCE! ✨|Protect|p1a: RADIANCE! ✨\n|-singleturn|p1a: RADIANCE! ✨|Protect\n|cant|p2b: Michelle Obama|slp\n|move|p2a: Rosa Parks|Iron Head|p1b: Crocodile Tears\n|-resisted|p1b: Crocodile Tears|1\n|-crit|p1b: Crocodile Tears\n|-damage|p1b: Crocodile Tears|61/100\n|\n|-sideend|p1: lexicuhl|move: Tailwind\n|upkeep\n|turn|5\n|\n|t:|1788318250\n|move|p1a: RADIANCE! ✨|Draining Kiss|p2a: Rosa Parks\n|-resisted|p2a: Rosa Parks|1\n|-damage|p2a: Rosa Parks|0 fnt\n|-heal|p1a: RADIANCE! ✨|42/100|[from] drain|[of] p2a: Rosa Parks\n|faint|p2a: Rosa Parks\n|move|p1b: Crocodile Tears|Torch Song|p2b: Michelle Obama\n|-damage|p2b: Michelle Obama|33/100 slp\n|-boost|p1b: Crocodile Tears|spa|1\n|-curestatus|p2b: Michelle Obama|slp|[msg]\n|move|p2b: Michelle Obama|Alluring Voice|p1b: Crocodile Tears\n|-resisted|p1b: Crocodile Tears|1\n|-damage|p1b: Crocodile Tears|35/100\n|-start|p1b: Crocodile Tears|confusion\n|\n|upkeep\n|\n|t:|1788318264\n|switch|p2a: Harriet Tubman|Scizor, L50, F|100/100\n|turn|6\n|\n|t:|1788318281\n|move|p1a: RADIANCE! ✨|Dazzling Gleam|p2b: Michelle Obama|[spread] p2a,p2b\n|-resisted|p2a: Harriet Tubman|1\n|-crit|p2a: Harriet Tubman\n|-damage|p2a: Harriet Tubman|61/100\n|-damage|p2b: Michelle Obama|0 fnt\n|faint|p2b: Michelle Obama\n|-activate|p1b: Crocodile Tears|confusion\n|move|p1b: Crocodile Tears|Encore||[still]\n|-fail|p1b: Crocodile Tears\n|move|p2a: Harriet Tubman|Hard Press|p1a: RADIANCE! ✨\n|-supereffective|p1a: RADIANCE! ✨|1\n|-damage|p1a: RADIANCE! ✨|1/100\n|\n|upkeep\n|turn|7\n|\n|t:|1788318296\n|move|p2a: Harriet Tubman|Protect|p2a: Harriet Tubman\n|-singleturn|p2a: Harriet Tubman|Protect\n|move|p1a: RADIANCE! ✨|Draining Kiss|p2a: Harriet Tubman\n|-activate|p2a: Harriet Tubman|move: Protect\n|-activate|p1b: Crocodile Tears|confusion\n|move|p1b: Crocodile Tears|Encore|p2a: Harriet Tubman\n|-activate|p2a: Harriet Tubman|move: Protect\n|\n|upkeep\n|turn|8\n|\n|t:|1788318310\n|-activate|p1b: Crocodile Tears|confusion\n|move|p1b: Crocodile Tears|Protect|p1b: Crocodile Tears\n|-singleturn|p1b: Crocodile Tears|Protect\n|move|p1a: RADIANCE! ✨|Draining Kiss|p2a: Harriet Tubman\n|-resisted|p2a: Harriet Tubman|1\n|-damage|p2a: Harriet Tubman|35/100\n|-heal|p1a: RADIANCE! ✨|20/100y|[from] drain|[of] p2a: Harriet Tubman\n|move|p2a: Harriet Tubman|Hard Press|p1a: RADIANCE! ✨\n|-supereffective|p1a: RADIANCE! ✨|1\n|-damage|p1a: RADIANCE! ✨|0 fnt\n|faint|p1a: RADIANCE! ✨\n|\n|upkeep\n|\n|t:|1788318321\n|switch|p1a: fih is calling..|Basculegion, L50, M|100/100\n|turn|9\n|\n|t:|1788318333\n|move|p2a: Harriet Tubman|Protect|p2a: Harriet Tubman\n|-singleturn|p2a: Harriet Tubman|Protect\n|move|p1a: fih is calling..|Wave Crash|p2a: Harriet Tubman\n|-activate|p2a: Harriet Tubman|move: Protect\n|-end|p1b: Crocodile Tears|confusion\n|move|p1b: Crocodile Tears|Torch Song|p2a: Harriet Tubman\n|-activate|p2a: Harriet Tubman|move: Protect\n|\n|upkeep\n|turn|10\n|\n|t:|1788318349\n|move|p1b: Crocodile Tears|Protect|p1b: Crocodile Tears\n|-singleturn|p1b: Crocodile Tears|Protect\n|move|p1a: fih is calling..|Wave Crash|p2a: Harriet Tubman\n|-damage|p2a: Harriet Tubman|0 fnt\n|faint|p2a: Harriet Tubman\n|-damage|p1a: fih is calling..|90/100|[from] Recoil\n|\n|win|lexicuhl\n|c|☆fourblackguys|ggs\n|c|☆lexicuhl|gg\n|c|☆fourblackguys|gnn\n","uploadtime":1788318359,"views":"2","formatid":"gen9championsvgc2026regmb","rating":null,"private":0,"password":null}