{"id":"gen9championsvgc2026regmb-2674607876","format":"[Gen 9 Champions] VGC 2026 Reg M-B","players":["VictoriousDancing","conngfan"],"log":"|j|☆VictoriousDancing\n|j|☆conngfan\n|t:|1788379662\n|gametype|doubles\n|player|p1|VictoriousDancing|cynthia|1483\n|player|p2|conngfan|arven-s|1559\n|gen|9\n|tier|[Gen 9 Champions] VGC 2026 Reg M-B\n|rated|\n|rule|Species Clause: Limit one of each Pokémon\n|rule|Item Clause: Limit 1 of each item\n|clearpoke\n|poke|p1|Charizard, L50, M, shiny|\n|poke|p1|Basculegion, L50, M, shiny|\n|poke|p1|Whimsicott, L50, M, shiny|\n|poke|p1|Garchomp, L50, M, shiny|\n|poke|p1|Kingambit, L50, M, shiny|\n|poke|p1|Floette-Eternal, L50, F|\n|poke|p2|Aerodactyl, L50, M|\n|poke|p2|Raichu, L50, F|\n|poke|p2|Sneasler, L50, M|\n|poke|p2|Sylveon, L50, M|\n|poke|p2|Kingambit, L50, M|\n|poke|p2|Tsareena, L50, F|\n|teampreview|4\n|inactive|Battle timer is ON: inactive players will automatically lose when time's up. (requested by conngfan)\nVictoriousDancing rejected open team sheets.\n|\n|t:|1788379670\n|teamsize|p1|4\n|teamsize|p2|4\n|start\n|switch|p1a: Whimsicott|Whimsicott, L50, M, shiny|100/100\n|switch|p1b: Charizard|Charizard, L50, M, shiny|100/100\n|switch|p2a: Aerodactyl|Aerodactyl, L50, M|100/100\n|switch|p2b: Kingambit|Kingambit, L50, M|100/100\n|-ability|p2a: Aerodactyl|Unnerve\n|turn|1\n|\n|t:|1788379684\n|detailschange|p2a: Aerodactyl|Aerodactyl-Mega, L50, M\n|-mega|p2a: Aerodactyl|Aerodactyl|Aerodactylite\n|detailschange|p1b: Charizard|Charizard-Mega-Y, L50, M, shiny\n|-mega|p1b: Charizard|Charizard|Charizardite Y\n|-weather|SunnyDay|[from] ability: Drought|[of] p1b: Charizard\n|move|p1a: Whimsicott|Tailwind|p1a: Whimsicott\n|-sidestart|p1: VictoriousDancing|move: Tailwind\n|move|p1b: Charizard|Heat Wave|p2a: Aerodactyl|[spread] p2a,p2b\n|-resisted|p2a: Aerodactyl|1\n|-supereffective|p2b: Kingambit|1\n|-damage|p2a: Aerodactyl|65/100\n|-damage|p2b: Kingambit|0 fnt\n|faint|p2b: Kingambit\n|move|p2a: Aerodactyl|Rock Slide|p1b: Charizard|[spread] p1a,p1b\n|-supereffective|p1b: Charizard|2\n|-damage|p1a: Whimsicott|59/100\n|-damage|p1b: Charizard|0 fnt\n|faint|p1b: Charizard\n|\n|-weather|SunnyDay|[upkeep]\n|upkeep\n|\n|t:|1788379703\n|switch|p1b: Basculegion|Basculegion, L50, M, shiny|100/100\n|switch|p2b: Sylveon|Sylveon, L50, M|100/100\n|turn|2\n|\n|t:|1788379710\n|switch|p2a: Tsareena|Tsareena, L50, F|100/100\n|move|p1b: Basculegion|Last Respects|p2b: Sylveon\n|-damage|p2b: Sylveon|23/100\n|move|p1a: Whimsicott|Moonblast|p2b: Sylveon\n|-damage|p2b: Sylveon|0 fnt\n|faint|p2b: Sylveon\n|\n|-weather|SunnyDay|[upkeep]\n|upkeep\n|\n|t:|1788379717\n|switch|p2b: Aerodactyl|Aerodactyl-Mega, L50, M|65/100\n|turn|3\n|\n|t:|1788379721\n|move|p1b: Basculegion|Last Respects|p2b: Aerodactyl\n|-damage|p2b: Aerodactyl|0 fnt\n|faint|p2b: Aerodactyl\n|move|p1a: Whimsicott|Moonblast|p2a: Tsareena\n|-damage|p2a: Tsareena|57/100\n|move|p2a: Tsareena|Power Whip|p1b: Basculegion\n|-supereffective|p1b: Basculegion|1\n|-damage|p1b: Basculegion|0 fnt\n|faint|p1b: Basculegion\n|\n|-weather|SunnyDay|[upkeep]\n|upkeep\n|\n|t:|1788379722\n|switch|p1b: Kingambit|Kingambit, L50, M, shiny|100/100\n|turn|4\n|\n|t:|1788379727\n|move|p2a: Tsareena|Protect|p2a: Tsareena\n|-singleturn|p2a: Tsareena|Protect\n|move|p1a: Whimsicott|Moonblast|p2a: Tsareena\n|-activate|p2a: Tsareena|move: Protect\n|move|p1b: Kingambit|Kowtow Cleave|p2a: Tsareena\n|-activate|p2a: Tsareena|move: Protect\n|\n|-weather|SunnyDay|[upkeep]\n|-sideend|p1: VictoriousDancing|move: Tailwind\n|upkeep\n|turn|5\n|\n|t:|1788379730\n|move|p1a: Whimsicott|Moonblast|p2a: Tsareena\n|-damage|p2a: Tsareena|13/100\n|move|p2a: Tsareena|Low Kick|p1b: Kingambit\n|-supereffective|p1b: Kingambit|2\n|-enditem|p1b: Kingambit|Chople Berry|[eat]\n|-enditem|p1b: Kingambit|Chople Berry|[weaken]\n|-damage|p1b: Kingambit|47/100\n|move|p1b: Kingambit|Kowtow Cleave|p2a: Tsareena\n|-damage|p2a: Tsareena|0 fnt\n|faint|p2a: Tsareena\n|\n|win|VictoriousDancing\n|raw|VictoriousDancing's rating: 1457 &rarr; <strong>1483</strong><br />(+26 for winning)\n|raw|conngfan's rating: 1559 &rarr; <strong>1533</strong><br />(-26 for losing)\n","uploadtime":1788379731,"views":"1","formatid":"gen9championsvgc2026regmb","rating":1483,"private":0,"password":null}