{"id":"gen9championsvgc2026regmbbo3-2673432904","format":"[Gen 9 Champions] VGC 2026 Reg M-B (Bo3)","players":["akasia","spodermees"],"log":"|j|☆akasia\n|j|☆spodermees\n|html|<table width=\"100%\"><tr><td align=\"left\">akasia</td><td align=\"right\">spodermees</tr><tr><td align=\"left\"><i class=\"fa fa-circle-o\"></i> <i class=\"fa fa-circle-o\"></i> </td><td align=\"right\"><i class=\"fa fa-circle-o\"></i> <i class=\"fa fa-circle-o\"></i> </tr></table>\n|uhtml|bestof|<h2><strong>Game 1</strong> of <a href=\"/game-bestof3-gen9championsvgc2026regmbbo3-2673432899\">a best-of-3</a></h2>\n|t:|1788197163\n|gametype|doubles\n|player|p1|akasia|101|1348\n|player|p2|spodermees|sailor|1267\n|gen|9\n|tier|[Gen 9 Champions] VGC 2026 Reg M-B (Bo3)\n|rated|\n|rule|Species Clause: Limit one of each Pokémon\n|rule|Item Clause: Limit 1 of each item\n|clearpoke\n|poke|p1|Staraptor, L50, F|\n|poke|p1|Garchomp, L50, F|\n|poke|p1|Whimsicott, L50, M|\n|poke|p1|Delphox, L50, M|\n|poke|p1|Glimmora, L50, F|\n|poke|p1|Kingambit, L50, M|\n|poke|p2|Kingambit, L50, F|\n|poke|p2|Farigiraf, L50, M|\n|poke|p2|Charizard, L50, F|\n|poke|p2|Aerodactyl, L50, F|\n|poke|p2|Garchomp, L50, M|\n|poke|p2|Sylveon, L50, F|\n|teampreview|4\n|showteam|p1|Staraptor||Staraptite|Intimidate|CloseCombat,BraveBird,Protect,Roost|Jolly||F|||50|]Garchomp||LifeOrb|RoughSkin|DragonClaw,Earthquake,RockSlide,Protect|Jolly||F|||50|]Whimsicott||OccaBerry|Prankster|Moonblast,Tailwind,Charm,LightScreen|Timid||M|||50|]Delphox||Delphoxite|Magician|Protect,Psychic,HeatWave,Substitute|Timid||M|||50|]Glimmora||FocusSash|ToxicDebris|EarthPower,SludgeBomb,PowerGem,SpikyShield|Timid||F|||50|]Kingambit||ChopleBerry|Defiant|SuckerPunch,KowtowCleave,IronHead,LowKick|Adamant||M|||50|\n|showteam|p2|Kingambit||FocusSash|Defiant|KowtowCleave,IronHead,LowKick,SuckerPunch|Adamant||F|||50|]Farigiraf||SitrusBerry|ArmorTail|TrickRoom,Thunderbolt,HelpingHand,SunnyDay|Serious||M|||50|]Charizard||CharizarditeY|Blaze|HeatWave,WeatherBall,SolarBeam,Protect|Modest||F|||50|]Aerodactyl||Aerodactylite|Unnerve|RockSlide,DualWingbeat,IceFang,Tailwind|Jolly||F|||50|]Garchomp||LifeOrb|RoughSkin|Protect,Earthquake,DragonClaw,StompingTantrum|Jolly||M|||50|]Sylveon||FairyFeather|Pixilate|HyperBeam,HyperVoice,QuickAttack,Protect|Modest||F|||50|\n|inactive|Battle timer is ON: inactive players will automatically lose when time's up. (requested by spodermees)\n|inactive|spodermees has 60 seconds left.\n|\n|t:|1788197202\n|teamsize|p1|4\n|teamsize|p2|4\n|start\n|switch|p1a: Kingambit|Kingambit, L50, M|100/100\n|switch|p1b: Garchomp|Garchomp, L50, F|100/100\n|switch|p2a: Kingambit|Kingambit, L50, F|100/100\n|switch|p2b: Aerodactyl|Aerodactyl, L50, F|100/100\n|-ability|p2b: Aerodactyl|Unnerve\n|turn|1\n|\n|t:|1788197222\n|switch|p2b: Garchomp|Garchomp, L50, M|100/100\n|move|p1b: Garchomp|Rock Slide|p2b: Garchomp|[spread] p2a\n|-miss|p1b: Garchomp|p2b: Garchomp\n|-resisted|p2a: Kingambit|1\n|-damage|p2a: Kingambit|89/100\n|-damage|p1b: Garchomp|90/100|[from] item: Life Orb\n|move|p1a: Kingambit|Iron Head|p2b: Garchomp\n|-damage|p2b: Garchomp|59/100\n|-damage|p1a: Kingambit|87/100|[from] ability: Rough Skin|[of] p2b: Garchomp\n|move|p2a: Kingambit|Low Kick|p1a: Kingambit\n|-supereffective|p1a: Kingambit|2\n|-enditem|p1a: Kingambit|Chople Berry|[eat]\n|-enditem|p1a: Kingambit|Chople Berry|[weaken]\n|-damage|p1a: Kingambit|39/100\n|\n|upkeep\n|turn|2\n|\n|t:|1788197240\n|switch|p1a: Staraptor|Staraptor, L50, F|100/100\n|-ability|p1a: Staraptor|Intimidate|boost\n|-unboost|p2a: Kingambit|atk|1\n|-ability|p2a: Kingambit|Defiant|boost\n|-boost|p2a: Kingambit|atk|2\n|-unboost|p2b: Garchomp|atk|1\n|move|p2b: Garchomp|Dragon Claw|p1b: Garchomp\n|-supereffective|p1b: Garchomp|1\n|-damage|p1b: Garchomp|24/100\n|-damage|p2b: Garchomp|47/100|[from] ability: Rough Skin|[of] p1b: Garchomp\n|-damage|p2b: Garchomp|37/100|[from] item: Life Orb\n|move|p1b: Garchomp|Earthquake|p2b: Garchomp|[spread] p2a,p2b\n|-immune|p1a: Staraptor\n|-supereffective|p2a: Kingambit|1\n|-damage|p2a: Kingambit|22/100\n|-damage|p2b: Garchomp|0 fnt\n|faint|p2b: Garchomp\n|-damage|p1b: Garchomp|14/100|[from] item: Life Orb\n|move|p2a: Kingambit|Low Kick|p1a: Staraptor\n|-damage|p1a: Staraptor|69/100\n|\n|upkeep\n|\n|t:|1788197249\n|switch|p2b: Aerodactyl|Aerodactyl, L50, F|100/100\n|-ability|p2b: Aerodactyl|Unnerve\n|turn|3\n|\n|t:|1788197267\n|switch|p1b: Whimsicott|Whimsicott, L50, M|100/100\n|detailschange|p2b: Aerodactyl|Aerodactyl-Mega, L50, F\n|-mega|p2b: Aerodactyl|Aerodactyl|Aerodactylite\n|detailschange|p1a: Staraptor|Staraptor-Mega, L50, F\n|-mega|p1a: Staraptor|Staraptor|Staraptite\n|move|p2a: Kingambit|Sucker Punch||[still]\n|-fail|p2a: Kingambit\n|move|p2b: Aerodactyl|Dual Wingbeat|p1a: Staraptor\n|-supereffective|p1a: Staraptor|1\n|-damage|p1a: Staraptor|17/100\n|-supereffective|p1a: Staraptor|1\n|-damage|p1a: Staraptor|0 fnt\n|faint|p1a: Staraptor\n|-hitcount|p1: Staraptor|2\n|\n|upkeep\n|\n|t:|1788197282\n|switch|p1a: Garchomp|Garchomp, L50, F|14/100\n|turn|4\n|\n|t:|1788197292\n|move|p1a: Garchomp|Protect|p1a: Garchomp\n|-singleturn|p1a: Garchomp|Protect\n|move|p1b: Whimsicott|Tailwind|p1b: Whimsicott\n|-sidestart|p1: akasia|move: Tailwind\n|move|p2a: Kingambit|Sucker Punch||[still]\n|-fail|p2a: Kingambit\n|move|p2b: Aerodactyl|Dual Wingbeat|p1b: Whimsicott\n|-supereffective|p1b: Whimsicott|1\n|-damage|p1b: Whimsicott|29/100\n|-supereffective|p1b: Whimsicott|1\n|-damage|p1b: Whimsicott|0 fnt\n|faint|p1b: Whimsicott\n|-hitcount|p1: Whimsicott|2\n|\n|upkeep\n|\n|t:|1788197299\n|switch|p1b: Kingambit|Kingambit, L50, M|39/100\n|turn|5\n|\n|t:|1788197323\n|move|p2a: Kingambit|Sucker Punch|p1a: Garchomp\n|-damage|p1a: Garchomp|0 fnt\n|-damage|p2a: Kingambit|10/100|[from] ability: Rough Skin|[of] p1a: Garchomp\n|faint|p1a: Garchomp\n|move|p2b: Aerodactyl|Rock Slide|p1b: Kingambit\n|-resisted|p1b: Kingambit|1\n|-damage|p1b: Kingambit|25/100\n|cant|p1b: Kingambit|flinch\n|\n|upkeep\n|turn|6\n|-message|akasia forfeited.\n|\n|win|spodermees\n","uploadtime":1788197334,"views":"0","formatid":"gen9championsvgc2026regmbbo3","rating":null,"private":0,"password":null}