{"id":"gen9championsvgc2026regmbbo3-2673641074","format":"[Gen 9 Champions] VGC 2026 Reg M-B (Bo3)","players":["Miztah Monstur","bernardomgj"],"log":"|j|☆Miztah Monstur\n|j|☆bernardomgj\n|html|<table width=\"100%\"><tr><td align=\"left\">Miztah Monstur</td><td align=\"right\">bernardomgj</tr><tr><td align=\"left\"><i class=\"fa fa-circle\"></i> <i class=\"fa fa-circle-o\"></i> </td><td align=\"right\"><i class=\"fa fa-circle-o\"></i> <i class=\"fa fa-circle-o\"></i> </tr></table>\n|uhtml|bestof|<h2><strong>Game 2</strong> of <a href=\"/game-bestof3-gen9championsvgc2026regmbbo3-2673639508\">a best-of-3</a></h2>\n|t:|1788225686\n|gametype|doubles\n|player|p1|Miztah Monstur|morty|1069\n|player|p2|bernardomgj|169|1108\n|gen|9\n|tier|[Gen 9 Champions] VGC 2026 Reg M-B (Bo3)\n|rated|\n|rule|Species Clause: Limit one of each Pokémon\n|rule|Item Clause: Limit 1 of each item\n|clearpoke\n|poke|p1|Banette, L50, F|\n|poke|p1|Annihilape, L50, M|\n|poke|p1|Skeledirge, L50, M|\n|poke|p1|Basculegion, L50, M, shiny|\n|poke|p1|Zoroark-Hisui, L50, M, shiny|\n|poke|p1|Dragapult, L50, M|\n|poke|p2|Gallade, L50, M, shiny|\n|poke|p2|Maushold, L50|\n|poke|p2|Raichu, L50, F|\n|poke|p2|Weavile, L50, F|\n|poke|p2|Empoleon, L50, F, shiny|\n|poke|p2|Grimmsnarl, L50, M, shiny|\n|teampreview|4\n|showteam|p1|Banette||Banettite|CursedBody|Poltergeist,SkitterSmack,DestinyBond,Taunt|Adamant||F|||50|]Annihilape||SitrusBerry|Defiant|RageFist,DrainPunch,RockSlide,Protect|Jolly||M|||50|]Skeledirge||ShucaBerry|Unaware|TorchSong,EarthPower,AlluringVoice,Protect|Bold||M|||50|]Basculegion||MysticWater|Adaptability|AquaJet,WaveCrash,LastRespects,Protect|Adamant||M|||50|]Zoroark-Hisui||FocusSash|Illusion|BitterMalice,FocusBlast,SludgeBomb,IcyWind|Timid||M|||50|]Dragapult||DragonFang|ClearBody|DragonDarts,PhantomForce,ThunderWave,Protect|Jolly||M|||50|\n|showteam|p2|Gallade||Galladite|Justified|DrainPunch,RockSlide,ShadowSneak,Protect|Jolly||M|||50|]Maushold||FocusSash|FriendGuard|BeatUp,FollowMe,SuperFang,Protect|Bold|||||50|]Raichu||RaichuniteY|LightningRod|FocusBlast,ZapCannon,Feint,FakeOut|Timid||F|||50|]Weavile||WideLens|Pressure|TripleAxel,KnockOff,FakeOut,LowKick|Jolly||F|||50|]Empoleon||Leftovers|Competitive|HydroPump,FlashCannon,IceBeam,Protect|Bold||F|||50|]Grimmsnarl||LightClay|Prankster|SpiritBreak,LightScreen,Reflect,PartingShot|Careful||M|||50|\n|inactive|Battle timer is ON: inactive players will automatically lose when time's up. (requested by Miztah Monstur)\n|inactive|Miztah Monstur has 60 seconds left.\n|\n|t:|1788225733\n|teamsize|p1|4\n|teamsize|p2|4\n|start\n|switch|p1a: Banette|Banette, L50, F|100/100\n|switch|p1b: Dragapult|Dragapult, L50, M|100/100\n|switch|p2a: Grimmsnarl|Grimmsnarl, L50, M, shiny|100/100\n|switch|p2b: Gallade|Gallade, L50, M, shiny|100/100\n|turn|1\n|\n|t:|1788225753\n|switch|p2b: Maushold|Maushold, L50|100/100\n|move|p1b: Dragapult|Phantom Force||[still]\n|-prepare|p1b: Dragapult|Phantom Force\n|move|p1a: Banette|Sludge Bomb|p2a: Grimmsnarl\n|-supereffective|p2a: Grimmsnarl|1\n|-damage|p2a: Grimmsnarl|62/100\n|move|p2a: Grimmsnarl|Spirit Break|p1b: Dragapult|[miss]\n|-miss|p2a: Grimmsnarl|p1b: Dragapult\n|\n|upkeep\n|turn|2\n|\n|t:|1788225768\n|move|p2b: Maushold|Follow Me|p2b: Maushold\n|-singleturn|p2b: Maushold|move: Follow Me\n|move|p2a: Grimmsnarl|Light Screen|p2a: Grimmsnarl\n|-sidestart|p2: bernardomgj|move: Light Screen\n|move|p1b: Dragapult|Phantom Force|p2b: Maushold|[from] lockedmove\n|-immune|p2b: Maushold\n|move|p1a: Banette|Focus Blast|p2b: Maushold\n|-supereffective|p2b: Maushold|1\n|-damage|p2b: Maushold|33/100\n|\n|upkeep\n|turn|3\n|\n|t:|1788225785\n|move|p2b: Maushold|Protect|p2b: Maushold\n|-singleturn|p2b: Maushold|Protect\n|move|p2a: Grimmsnarl|Parting Shot|p1a: Banette\n|-unboost|p1a: Banette|atk|1\n|-unboost|p1a: Banette|spa|1\n|\n|t:|1788225791\n|switch|p2a: Empoleon|Empoleon, L50, F, shiny|100/100|[from] Parting Shot\n|move|p1b: Dragapult|Dragon Darts|p2a: Empoleon\n|-resisted|p2a: Empoleon|1\n|-damage|p2a: Empoleon|91/100\n|-anim|p1b: Dragapult|Dragon Darts|p2a: Empoleon\n|-resisted|p2a: Empoleon|1\n|-damage|p2a: Empoleon|82/100\n|move|p1a: Banette|Sludge Bomb|p2a: Empoleon\n|-immune|p2a: Empoleon\n|\n|-heal|p2a: Empoleon|87/100|[from] item: Leftovers\n|upkeep\n|turn|4\n|\n|t:|1788225809\n|switch|p2a: Gallade|Gallade, L50, M, shiny|100/100\n|move|p1b: Dragapult|Dragon Darts|p2b: Maushold\n|-damage|p2b: Maushold|4/100\n|-anim|p1b: Dragapult|Dragon Darts|p2a: Gallade\n|-damage|p2a: Gallade|72/100\n|move|p1a: Banette|Icy Wind|p2a: Gallade|[spread] p2a,p2b\n|-damage|p2a: Gallade|67/100\n|-damage|p2b: Maushold|0 fnt\n|-unboost|p2a: Gallade|spe|1\n|faint|p2b: Maushold\n|\n|upkeep\n|\n|t:|1788225822\n|switch|p2b: Grimmsnarl|Grimmsnarl, L50, M, shiny|62/100\n|turn|5\n|\n|t:|1788225832\n|detailschange|p2a: Gallade|Gallade-Mega, L50, M, shiny\n|-mega|p2a: Gallade|Gallade|Galladite\n|move|p2a: Gallade|Shadow Sneak|p1b: Dragapult\n|-supereffective|p1b: Dragapult|1\n|-damage|p1b: Dragapult|60/100\n|move|p2b: Grimmsnarl|Parting Shot|p1a: Banette\n|-unboost|p1a: Banette|atk|1\n|-unboost|p1a: Banette|spa|1\n|\n|t:|1788225840\n|switch|p2b: Empoleon|Empoleon, L50, F, shiny|87/100|[from] Parting Shot\n|move|p1b: Dragapult|Phantom Force||[still]\n|-prepare|p1b: Dragapult|Phantom Force\n|move|p1a: Banette|Sludge Bomb|p2b: Empoleon\n|-immune|p2b: Empoleon\n|\n|-heal|p2b: Empoleon|93/100|[from] item: Leftovers\n|upkeep\n|turn|6\n|\n|t:|1788225853\n|switch|p2a: Grimmsnarl|Grimmsnarl, L50, M, shiny|62/100\n|move|p1b: Dragapult|Phantom Force|p2a: Grimmsnarl|[from] lockedmove\n|-resisted|p2a: Grimmsnarl|1\n|-damage|p2a: Grimmsnarl|41/100\n|move|p1a: Banette|Icy Wind|p2b: Empoleon|[spread] p2a,p2b\n|-resisted|p2b: Empoleon|2\n|-damage|p2a: Grimmsnarl|37/100\n|-damage|p2b: Empoleon|93/100\n|-unboost|p2a: Grimmsnarl|spe|1\n|-unboost|p2b: Empoleon|spe|1\n|-ability|p2b: Empoleon|Competitive|boost\n|-boost|p2b: Empoleon|spa|2\n|move|p2b: Empoleon|Ice Beam|p1b: Dragapult\n|-supereffective|p1b: Dragapult|1\n|-damage|p1b: Dragapult|0 fnt\n|faint|p1b: Dragapult\n|\n|-heal|p2b: Empoleon|98/100|[from] item: Leftovers\n|upkeep\n|\n|t:|1788225870\n|switch|p1b: Banette|Banette, L50, F|100/100\n|turn|7\n|\n|t:|1788225892\n|detailschange|p1b: Banette|Banette-Mega, L50, F\n|-mega|p1b: Banette|Banette|Banettite\n|move|p2a: Grimmsnarl|Parting Shot|p1b: Banette\n|-unboost|p1b: Banette|atk|1\n|-unboost|p1b: Banette|spa|1\n|\n|t:|1788225904\n|switch|p2a: Gallade|Gallade-Mega, L50, M, shiny|67/100|[from] Parting Shot\n|move|p1a: Banette|Focus Blast|p2b: Empoleon|[miss]\n|-miss|p1a: Banette|p2b: Empoleon\n|move|p1b: Banette|Poltergeist|p2b: Empoleon\n|-activate|p2b: Empoleon|move: Poltergeist|Leftovers\n|-damage|p2b: Empoleon|56/100\n|move|p2b: Empoleon|Hydro Pump|p1b: Banette\n|-damage|p1b: Banette|5/100\n|\n|-heal|p2b: Empoleon|62/100|[from] item: Leftovers\n|upkeep\n|turn|8\n|\n|t:|1788225927\n|move|p2a: Gallade|Shadow Sneak|p1b: Banette\n|-supereffective|p1b: Banette|1\n|-damage|p1b: Banette|0 fnt\n|faint|p1b: Banette\n|move|p1a: Banette|Icy Wind|p2a: Gallade|[spread] p2a,p2b\n|-resisted|p2b: Empoleon|2\n|-damage|p2a: Gallade|63/100\n|-damage|p2b: Empoleon|61/100\n|-unboost|p2a: Gallade|spe|1\n|-unboost|p2b: Empoleon|spe|1\n|-ability|p2b: Empoleon|Competitive|boost\n|-boost|p2b: Empoleon|spa|2\n|move|p2b: Empoleon|Flash Cannon|p1a: Banette\n|-enditem|p1a: Banette|Focus Sash\n|-damage|p1a: Banette|1/100\n|replace|p1a: Zoroark|Zoroark-Hisui, L50, M, shiny\n|-end|p1a: Zoroark|Illusion\n|\n|-heal|p2b: Empoleon|67/100|[from] item: Leftovers\n|upkeep\n|\n|t:|1788225941\n|switch|p1b: Skeledirge|Skeledirge, L50, M|100/100\n|turn|9\n|\n|t:|1788225949\n|move|p2a: Gallade|Shadow Sneak|p1a: Zoroark\n|-immune|p1a: Zoroark\n|move|p1a: Zoroark|Focus Blast|p2b: Empoleon\n|-supereffective|p2b: Empoleon|1\n|-damage|p2b: Empoleon|46/100\n|move|p1b: Skeledirge|Earth Power|p2b: Empoleon\n|-supereffective|p2b: Empoleon|1\n|-damage|p2b: Empoleon|22/100\n|move|p2b: Empoleon|Hydro Pump|p1b: Skeledirge\n|-supereffective|p1b: Skeledirge|1\n|-crit|p1b: Skeledirge\n|-damage|p1b: Skeledirge|0 fnt\n|faint|p1b: Skeledirge\n|\n|-heal|p2b: Empoleon|28/100|[from] item: Leftovers\n|-sideend|p2: bernardomgj|move: Light Screen\n|upkeep\n|turn|10\n|-message|Miztah Monstur forfeited.\n|\n|win|bernardomgj\n|l|☆Miztah Monstur\n|player|p1|\n||Miztah Monstur is ready for game 3.\n","uploadtime":1788225969,"views":"1","formatid":"gen9championsvgc2026regmbbo3","rating":null,"private":0,"password":null}