{"id":"gen9championsvgc2026regmb-2674925905","format":"[Gen 9 Champions] VGC 2026 Reg M-B","players":["daudo","Orizor"],"log":"|j|☆daudo\n|j|☆Orizor\n|t:|1788437066\n|gametype|doubles\n|player|p1|daudo|clair|1525\n|player|p2|Orizor|hilbert-wonderlauncher|1491\n|gen|9\n|tier|[Gen 9 Champions] VGC 2026 Reg M-B\n|rated|\n|rule|Species Clause: Limit one of each Pokémon\n|rule|Item Clause: Limit 1 of each item\n|clearpoke\n|poke|p1|Delphox, L50, M, shiny|\n|poke|p1|Staraptor, L50, M, shiny|\n|poke|p1|Garchomp, L50, M, shiny|\n|poke|p1|Whimsicott, L50, M, shiny|\n|poke|p1|Glimmora, L50, M|\n|poke|p1|Kingambit, L50, M, shiny|\n|poke|p2|Charizard, L50, M|\n|poke|p2|Heliolisk, L50, F|\n|poke|p2|Garchomp, L50, M|\n|poke|p2|Kingambit, L50, F|\n|poke|p2|Basculegion, L50, M|\n|poke|p2|Whimsicott, L50, F|\n|teampreview|4\n|l|☆Orizor\n|player|p2|\n|\n|t:|1788437084\n|teamsize|p1|4\n|teamsize|p2|4\n|start\n|switch|p1a: Garchomp|Garchomp, L50, M, shiny|100/100\n|switch|p1b: Delphox|Delphox, L50, M, shiny|100/100\n|switch|p2a: Garchomp|Garchomp, L50, M|100/100\n|switch|p2b: Whimsicott|Whimsicott, L50, F|100/100\n|turn|1\n|j|☆Orizor\n|player|p2|Orizor|hilbert-wonderlauncher|\n|l|☆Orizor\n|player|p2|\n|j|☆Orizor\n|player|p2|Orizor|hilbert-wonderlauncher|\n|\n|t:|1788437105\n|detailschange|p1b: Delphox|Delphox-Mega, L50, M, shiny\n|-mega|p1b: Delphox|Delphox|Delphoxite\n|move|p2b: Whimsicott|Tailwind|p2b: Whimsicott\n|-sidestart|p2: Orizor|move: Tailwind\n|move|p2a: Garchomp|Dragon Claw|p1a: Garchomp\n|-supereffective|p1a: Garchomp|1\n|-damage|p1a: Garchomp|0 fnt\n|-damage|p2a: Garchomp|87/100|[from] ability: Rough Skin|[of] p1a: Garchomp\n|faint|p1a: Garchomp\n|-damage|p2a: Garchomp|77/100|[from] item: Life Orb\n|move|p1b: Delphox|Substitute|p1b: Delphox\n|-start|p1b: Delphox|Substitute\n|-damage|p1b: Delphox|75/100\n|\n|upkeep\n|l|☆Orizor\n|player|p2|\n|\n|t:|1788437112\n|switch|p1a: Whimsicott|Whimsicott, L50, M, shiny|100/100\n|turn|2\n|j|☆Orizor\n|player|p2|Orizor|hilbert-wonderlauncher|\n|\n|t:|1788437140\n|move|p1b: Delphox|Protect|p1b: Delphox\n|-singleturn|p1b: Delphox|Protect\n|move|p2b: Whimsicott|Encore|p1b: Delphox\n|-activate|p1b: Delphox|move: Protect\n|move|p1a: Whimsicott|Charm|p2a: Garchomp\n|-unboost|p2a: Garchomp|atk|2\n|move|p2a: Garchomp|Rock Slide|p1a: Whimsicott|[spread] \n|-activate|p1b: Delphox|move: Protect\n|-miss|p2a: Garchomp|p1a: Whimsicott\n|\n|upkeep\n|turn|3\n|l|☆Orizor\n|player|p2|\n|j|☆Orizor\n|player|p2|Orizor|hilbert-wonderlauncher|\n|\n|t:|1788437164\n|switch|p2a: Charizard|Charizard, L50, M|100/100\n|move|p2b: Whimsicott|Encore|p1a: Whimsicott\n|-start|p1a: Whimsicott|Encore\n|move|p1a: Whimsicott|Charm|p2b: Whimsicott\n|-unboost|p2b: Whimsicott|atk|2\n|move|p1b: Delphox|Heat Wave|p2a: Charizard|[spread] p2a,p2b\n|-resisted|p2a: Charizard|1\n|-supereffective|p2b: Whimsicott|1\n|-damage|p2a: Charizard|75/100\n|-enditem|p2b: Whimsicott|Focus Sash\n|-damage|p2b: Whimsicott|1/100\n|\n|upkeep\n|turn|4\n|l|☆Orizor\n|player|p2|\n|j|☆Orizor\n|player|p2|Orizor|hilbert-wonderlauncher|\n|\n|t:|1788437187\n|detailschange|p2a: Charizard|Charizard-Mega-Y, L50, M\n|-mega|p2a: Charizard|Charizard|Charizardite Y\n|-weather|SunnyDay|[from] ability: Drought|[of] p2a: Charizard\n|move|p1a: Whimsicott|Charm|p2a: Charizard\n|-unboost|p2a: Charizard|atk|2\n|move|p2b: Whimsicott|Moonblast|p1a: Whimsicott\n|-damage|p1a: Whimsicott|54/100\n|move|p2a: Charizard|Heat Wave|p1a: Whimsicott|[spread] p1a,p1b\n|-resisted|p1b: Delphox|1\n|-end|p1b: Delphox|Substitute\n|-supereffective|p1a: Whimsicott|1\n|-enditem|p1a: Whimsicott|Occa Berry|[eat]\n|-enditem|p1a: Whimsicott|Occa Berry|[weaken]\n|-damage|p1a: Whimsicott|0 fnt\n|faint|p1a: Whimsicott\n|move|p1b: Delphox|Heat Wave|p2a: Charizard|[spread] p2a,p2b\n|-resisted|p2a: Charizard|1\n|-supereffective|p2b: Whimsicott|1\n|-damage|p2a: Charizard|48/100\n|-damage|p2b: Whimsicott|0 fnt\n|faint|p2b: Whimsicott\n|\n|-weather|SunnyDay|[upkeep]\n|-sideend|p2: Orizor|move: Tailwind\n|upkeep\n|l|☆Orizor\n|player|p2|\n|j|☆Orizor\n|player|p2|Orizor|hilbert-wonderlauncher|\n|\n|t:|1788437213\n|switch|p2b: Heliolisk|Heliolisk, L50, F|100/100\n|switch|p1a: Glimmora|Glimmora, L50, M|100/100\n|turn|5\n|\n|t:|1788437227\n|move|p1b: Delphox|Protect|p1b: Delphox\n|-singleturn|p1b: Delphox|Protect\n|move|p1a: Glimmora|Spiky Shield|p1a: Glimmora\n|-singleturn|p1a: Glimmora|move: Protect\n|move|p2b: Heliolisk|Thunderbolt|p1a: Glimmora\n|-activate|p1a: Glimmora|move: Protect\n|move|p2a: Charizard|Heat Wave|p1b: Delphox|[spread] \n|-activate|p1a: Glimmora|move: Protect\n|-activate|p1b: Delphox|move: Protect\n|\n|-weather|SunnyDay|[upkeep]\n|-damage|p2b: Heliolisk|88/100|[from] ability: Solar Power|[of] p2b: Heliolisk\n|upkeep\n|turn|6\n|\n|t:|1788437241\n|move|p2b: Heliolisk|Thunderbolt|p1a: Glimmora\n|-damage|p1a: Glimmora|13/100\n|move|p1b: Delphox|Heat Wave|p2a: Charizard|[spread] p2b\n|-miss|p1b: Delphox|p2a: Charizard\n|-damage|p2b: Heliolisk|16/100\n|move|p2a: Charizard|Heat Wave|p1a: Glimmora|[spread] p1a,p1b\n|-resisted|p1a: Glimmora|1\n|-resisted|p1b: Delphox|1\n|-crit|p1b: Delphox\n|-damage|p1a: Glimmora|0 fnt\n|-damage|p1b: Delphox|36/100\n|faint|p1a: Glimmora\n|\n|-weather|SunnyDay|[upkeep]\n|-damage|p2b: Heliolisk|4/100|[from] ability: Solar Power|[of] p2b: Heliolisk\n|upkeep\n|turn|7\n|l|☆Orizor\n|player|p2|\n|j|☆Orizor\n|player|p2|Orizor|hilbert-wonderlauncher|\n|\n|t:|1788437257\n|move|p1b: Delphox|Protect|p1b: Delphox\n|-singleturn|p1b: Delphox|Protect\n|move|p2b: Heliolisk|Thunderbolt|p1b: Delphox\n|-activate|p1b: Delphox|move: Protect\n|move|p2a: Charizard|Heat Wave|p1b: Delphox\n|-activate|p1b: Delphox|move: Protect\n|\n|-weather|SunnyDay|[upkeep]\n|-damage|p2b: Heliolisk|0 fnt|[from] ability: Solar Power|[of] p2b: Heliolisk\n|faint|p2b: Heliolisk\n|upkeep\n|\n|t:|1788437259\n|switch|p2b: Garchomp|Garchomp, L50, M|77/100\n|turn|8\n|\n|t:|1788437270\n|move|p1b: Delphox|Psychic|p2b: Garchomp\n|-damage|p2b: Garchomp|18/100\n|move|p2b: Garchomp|Dragon Claw|p1b: Delphox\n|-damage|p1b: Delphox|0 fnt\n|faint|p1b: Delphox\n|-damage|p2b: Garchomp|9/100|[from] item: Life Orb\n|\n|win|Orizor\n|raw|daudo's rating: 1525 &rarr; <strong>1503</strong><br />(-22 for losing)\n|raw|Orizor's rating: 1491 &rarr; <strong>1513</strong><br />(+22 for winning)\n|l|☆daudo\n|player|p1|\n","uploadtime":1788437283,"views":"1","formatid":"gen9championsvgc2026regmb","rating":1503,"private":0,"password":null}