{"id":"gen9championsvgc2026regmbbo3-2674254315","format":"[Gen 9 Champions] VGC 2026 Reg M-B (Bo3)","players":["neonninja09","DiositoSlurpuff"],"log":"|j|☆neonninja09\n|j|☆DiositoSlurpuff\n|html|<table width=\"100%\"><tr><td align=\"left\">neonninja09</td><td align=\"right\">DiositoSlurpuff</tr><tr><td align=\"left\"><i class=\"fa fa-circle-o\"></i> <i class=\"fa fa-circle-o\"></i> </td><td align=\"right\"><i class=\"fa fa-circle-o\"></i> <i class=\"fa fa-circle\"></i> </tr></table>\n|uhtml|bestof|<h2><strong>Game 2</strong> of <a href=\"/game-bestof3-gen9championsvgc2026regmbbo3-2674253020\">a best-of-3</a></h2>\n|t:|1788324263\n|gametype|doubles\n|player|p1|neonninja09|blackbelt-gen4|1001\n|player|p2|DiositoSlurpuff|unknown|1068\n|gen|9\n|tier|[Gen 9 Champions] VGC 2026 Reg M-B (Bo3)\n|rated|\n|rule|Species Clause: Limit one of each Pokémon\n|rule|Item Clause: Limit 1 of each item\n|clearpoke\n|poke|p1|Garchomp, L50, M|\n|poke|p1|Incineroar, L50, M|\n|poke|p1|Metagross, L50|\n|poke|p1|Floette-Eternal, L50, F|\n|poke|p1|Rotom-Wash, L50|\n|poke|p1|Glimmora, L50, F|\n|poke|p2|Incineroar, L50, F|\n|poke|p2|Samurott-Hisui, L50, M|\n|poke|p2|Sinistcha-Masterpiece, L50|\n|poke|p2|Sneasler, L50, F|\n|poke|p2|Floette-Eternal, L50, F|\n|poke|p2|Delphox, L50, M|\n|teampreview|4\n|showteam|p1|Garchomp||LifeOrb|RoughSkin|Protect,Earthquake,Outrage,RockSlide|Jolly||M|||50|]Incineroar||ExpertBelt|Intimidate|FlameCharge,DarkestLariat,Facade,PartingShot|Adamant||M|||50|]Metagross||MuscleBand|ClearBody|Protect,MeteorMash,PsychicFangs,CosmicPower|Careful|||||50|]Floette-Eternal||Floettite|FlowerVeil|Protect,Moonblast,DazzlingGleam,LightofRuin|Timid||F|||50|]Rotom-Wash||ChoiceScarf|Levitate|HydroPump,Thunder,ShadowBall,DarkPulse|Modest|||||50|]Glimmora||Glimmoranite|Corrosion|Protect,PowerGem,SludgeBomb,Toxic|Timid||F|||50|\n|showteam|p2|Incineroar||SitrusBerry|Intimidate|FakeOut,FlareBlitz,PartingShot,DarkestLariat|Careful||F|||50|]Samurott-Hisui||ChoiceScarf|Sharpness|SacredSword,CeaselessEdge,XScissor,RazorShell|Jolly||M|||50|]Sinistcha-Masterpiece||OccaBerry|Hospitality|MatchaGotcha,LifeDew,RagePowder,Protect|Relaxed|||||50|]Sneasler||FocusSash|PoisonTouch|FakeOut,CloseCombat,PoisonJab,QuickGuard|Jolly||F|||50|]Floette-Eternal||Floettite|FlowerVeil|Moonblast,DazzlingGleam,CalmMind,Protect|Modest||F|||50|]Delphox||Delphoxite|Magician|HeatWave,Psychic,Protect,NastyPlot|Timid||M|||50|\n|inactive|Battle timer is ON: inactive players will automatically lose when time's up. (requested by neonninja09)\n|\n|t:|1788324283\n|teamsize|p1|4\n|teamsize|p2|4\n|start\n|switch|p1a: Glimmora|Glimmora, L50, F|100/100\n|switch|p1b: Incineroar|Incineroar, L50, M|100/100\n|switch|p2a: Sneasler|Sneasler, L50, F|100/100\n|switch|p2b: Sinistcha|Sinistcha-Masterpiece, L50|100/100\n|-ability|p1b: Incineroar|Intimidate|boost\n|-unboost|p2a: Sneasler|atk|1\n|-unboost|p2b: Sinistcha|atk|1\n|turn|1\n|\n|t:|1788324302\n|switch|p2a: Incineroar|Incineroar, L50, F|100/100\n|-ability|p2a: Incineroar|Intimidate|boost\n|-unboost|p1a: Glimmora|atk|1\n|-unboost|p1b: Incineroar|atk|1\n|detailschange|p1a: Glimmora|Glimmora-Mega, L50, F\n|-mega|p1a: Glimmora|Glimmora|Glimmoranite\n|move|p1a: Glimmora|Toxic|p2b: Sinistcha\n|-status|p2b: Sinistcha|tox\n|move|p2b: Sinistcha|Life Dew||[still]|[still]|[spread] \n|-fail|p2a: Incineroar|heal\n|-fail|p2b: Sinistcha|heal\n|move|p1b: Incineroar|Parting Shot|p2a: Incineroar\n|-unboost|p2a: Incineroar|atk|1\n|-unboost|p2a: Incineroar|spa|1\n|\n|t:|1788324311\n|switch|p1b: Rotom|Rotom-Wash, L50|100/100|[from] Parting Shot\n|\n|-damage|p2b: Sinistcha|93/100 tox|[from] psn\n|upkeep\n|turn|2\n|\n|t:|1788324331\n|switch|p1b: Incineroar|Incineroar, L50, M|100/100\n|-ability|p1b: Incineroar|Intimidate|boost\n|-unboost|p2a: Incineroar|atk|1\n|-unboost|p2b: Sinistcha|atk|1\n|move|p1a: Glimmora|Toxic|p2a: Incineroar\n|-status|p2a: Incineroar|tox\n|move|p2b: Sinistcha|Matcha Gotcha|p1b: Incineroar|[spread] p1a,p1b\n|-resisted|p1b: Incineroar|1\n|-damage|p1a: Glimmora|76/100\n|-heal|p2b: Sinistcha|100/100 tox|[from] drain|[of] p1a: Glimmora\n|-damage|p1b: Incineroar|88/100\n|move|p2a: Incineroar|Darkest Lariat|p1b: Incineroar\n|-resisted|p1b: Incineroar|1\n|-damage|p1b: Incineroar|81/100\n|\n|-damage|p2b: Sinistcha|87/100 tox|[from] psn\n|-damage|p2a: Incineroar|94/100 tox|[from] psn\n|upkeep\n|turn|3\n|inactive|DiositoSlurpuff has 30 seconds left.\n|\n|t:|1788324363\n|switch|p1a: Garchomp|Garchomp, L50, M|100/100\n|switch|p2b: Sneasler|Sneasler, L50, F|100/100\n|move|p2a: Incineroar|Parting Shot|p1b: Incineroar\n|-unboost|p1b: Incineroar|atk|1\n|-unboost|p1b: Incineroar|spa|1\n|\n|t:|1788324370\n|switch|p2a: Floette|Floette-Eternal, L50, F|100/100|[from] Parting Shot\n|move|p1b: Incineroar|Parting Shot|p2b: Sneasler\n|-unboost|p2b: Sneasler|atk|1\n|-unboost|p2b: Sneasler|spa|1\n|\n|t:|1788324372\n|switch|p1b: Glimmora|Glimmora-Mega, L50, F|76/100|[from] Parting Shot\n|\n|upkeep\n|turn|4\n|\n|t:|1788324382\n|switch|p2b: Sinistcha|Sinistcha-Masterpiece, L50|87/100 tox\n|detailschange|p2a: Floette|Floette-Mega, L50, F\n|-mega|p2a: Floette|Floette|Floettite\n|-ability|p2a: Floette|Fairy Aura\n|move|p1a: Garchomp|Protect|p1a: Garchomp\n|-singleturn|p1a: Garchomp|Protect\n|move|p2a: Floette|Protect|p2a: Floette\n|-singleturn|p2a: Floette|Protect\n|move|p1b: Glimmora|Toxic|p2a: Floette\n|-activate|p2a: Floette|move: Protect\n|\n|-damage|p2b: Sinistcha|81/100 tox|[from] psn\n|upkeep\n|turn|5\n|\n|t:|1788324404\n|switch|p1a: Rotom|Rotom-Wash, L50|100/100\n|move|p2b: Sinistcha|Rage Powder|p2b: Sinistcha\n|-singleturn|p2b: Sinistcha|move: Rage Powder\n|move|p1b: Glimmora|Toxic|p2b: Sinistcha\n|-fail|p2b: Sinistcha|tox\n|move|p2a: Floette|Dazzling Gleam|p1a: Rotom|[spread] p1a,p1b\n|-resisted|p1b: Glimmora|1\n|-damage|p1a: Rotom|40/100\n|-damage|p1b: Glimmora|53/100\n|\n|-damage|p2b: Sinistcha|69/100 tox|[from] psn\n|upkeep\n|turn|6\n|\n|t:|1788324416\n|move|p2b: Sinistcha|Rage Powder|p2b: Sinistcha\n|-singleturn|p2b: Sinistcha|move: Rage Powder\n|move|p1a: Rotom|Shadow Ball|p2b: Sinistcha\n|-supereffective|p2b: Sinistcha|1\n|-damage|p2b: Sinistcha|19/100 tox\n|move|p1b: Glimmora|Toxic|p2b: Sinistcha\n|-fail|p2b: Sinistcha|tox\n|move|p2a: Floette|Dazzling Gleam|p1b: Glimmora|[spread] p1a,p1b\n|-resisted|p1b: Glimmora|1\n|-damage|p1a: Rotom|0 fnt\n|-damage|p1b: Glimmora|30/100\n|faint|p1a: Rotom\n|\n|-damage|p2b: Sinistcha|1/100 tox|[from] psn\n|upkeep\n|\n|t:|1788324424\n|switch|p1a: Garchomp|Garchomp, L50, M|100/100\n|turn|7\n|\n|t:|1788324435\n|move|p2a: Floette|Protect|p2a: Floette\n|-singleturn|p2a: Floette|Protect\n|move|p1a: Garchomp|Rock Slide|p2a: Floette|[spread] p2b\n|-activate|p2a: Floette|move: Protect\n|-damage|p2b: Sinistcha|0 fnt\n|faint|p2b: Sinistcha\n|-damage|p1a: Garchomp|90/100|[from] item: Life Orb\n|move|p1b: Glimmora|Toxic|p2a: Floette\n|-activate|p2a: Floette|move: Protect\n|\n|upkeep\n|\n|t:|1788324450\n|switch|p2b: Incineroar|Incineroar, L50, F|94/100 tox\n|-ability|p2b: Incineroar|Intimidate|boost\n|-unboost|p1a: Garchomp|atk|1\n|-unboost|p1b: Glimmora|atk|1\n|turn|8\n|\n|t:|1788324460\n|move|p1b: Glimmora|Protect|p1b: Glimmora\n|-singleturn|p1b: Glimmora|Protect\n|move|p2b: Incineroar|Fake Out|p1b: Glimmora\n|-activate|p1b: Glimmora|move: Protect\n|move|p1a: Garchomp|Earthquake|p2a: Floette|[spread] p2a,p2b\n|-activate|p1b: Glimmora|move: Protect\n|-supereffective|p2b: Incineroar|1\n|-damage|p2a: Floette|68/100\n|-damage|p2b: Incineroar|38/100 tox\n|-enditem|p2b: Incineroar|Sitrus Berry|[eat]\n|-heal|p2b: Incineroar|63/100 tox|[from] item: Sitrus Berry\n|-damage|p1a: Garchomp|80/100|[from] item: Life Orb\n|move|p2a: Floette|Dazzling Gleam|p1a: Garchomp|[spread] p1a\n|-activate|p1b: Glimmora|move: Protect\n|-supereffective|p1a: Garchomp|1\n|-damage|p1a: Garchomp|0 fnt\n|faint|p1a: Garchomp\n|\n|-damage|p2b: Incineroar|57/100 tox|[from] psn\n|upkeep\n|\n|t:|1788324468\n|switch|p1a: Incineroar|Incineroar, L50, M|81/100\n|-ability|p1a: Incineroar|Intimidate|boost\n|-unboost|p2a: Floette|atk|1\n|-unboost|p2b: Incineroar|atk|1\n|turn|9\n|\n|t:|1788324489\n|move|p2a: Floette|Protect|p2a: Floette\n|-singleturn|p2a: Floette|Protect\n|move|p1b: Glimmora|Toxic|p2a: Floette\n|-activate|p2a: Floette|move: Protect\n|move|p1a: Incineroar|Parting Shot|p2a: Floette\n|-activate|p2a: Floette|move: Protect\n|move|p2b: Incineroar|Parting Shot|p1a: Incineroar\n|-unboost|p1a: Incineroar|atk|1\n|-unboost|p1a: Incineroar|spa|1\n|\n|t:|1788324499\n|switch|p2b: Sneasler|Sneasler, L50, F|100/100|[from] Parting Shot\n|\n|upkeep\n|turn|10\n|\n|t:|1788324508\n|move|p2b: Sneasler|Fake Out|p1b: Glimmora\n|-resisted|p1b: Glimmora|1\n|-damage|p1b: Glimmora|23/100\n|cant|p1b: Glimmora|flinch\n|move|p2a: Floette|Dazzling Gleam|p1a: Incineroar|[spread] p1a,p1b\n|-resisted|p1b: Glimmora|1\n|-damage|p1a: Incineroar|38/100\n|-damage|p1b: Glimmora|1/100\n|move|p1a: Incineroar|Parting Shot|p2a: Floette\n|-unboost|p2a: Floette|atk|1\n|-unboost|p2a: Floette|spa|1\n|\n|upkeep\n|turn|11\n|\n|t:|1788324532\n|switch|p2a: Incineroar|Incineroar, L50, F|57/100 tox\n|-ability|p2a: Incineroar|Intimidate|boost\n|-unboost|p1a: Incineroar|atk|1\n|-unboost|p1b: Glimmora|atk|1\n|move|p1b: Glimmora|Protect|p1b: Glimmora\n|-singleturn|p1b: Glimmora|Protect\n|move|p2b: Sneasler|Poison Jab|p1b: Glimmora\n|-activate|p1b: Glimmora|move: Protect\n|move|p1a: Incineroar|Parting Shot|p2b: Sneasler\n|-unboost|p2b: Sneasler|atk|1\n|-unboost|p2b: Sneasler|spa|1\n|\n|-damage|p2a: Incineroar|51/100 tox|[from] psn\n|upkeep\n|turn|12\n|\n|t:|1788324551\n|move|p2a: Incineroar|Fake Out|p1b: Glimmora\n|-resisted|p1b: Glimmora|1\n|-damage|p1b: Glimmora|0 fnt\n|faint|p1b: Glimmora\n|move|p2b: Sneasler|Close Combat|p1a: Incineroar\n|-supereffective|p1a: Incineroar|1\n|-damage|p1a: Incineroar|0 fnt\n|-unboost|p2b: Sneasler|def|1\n|-unboost|p2b: Sneasler|spd|1\n|faint|p1a: Incineroar\n|\n|win|DiositoSlurpuff\n|raw|neonninja09's rating: 1001 &rarr; <strong>1000</strong><br />(-1 for losing)\n|raw|DiositoSlurpuff's rating: 1068 &rarr; <strong>1092</strong><br />(+24 for winning)\n|l|☆neonninja09\n|player|p1|\n|c|☆DiositoSlurpuff|gg\n","uploadtime":1788324586,"views":"3","formatid":"gen9championsvgc2026regmbbo3","rating":1000,"private":0,"password":null}