{"id":"gen9championsvgc2026regmb-2674204619","format":"[Gen 9 Champions] VGC 2026 Reg M-B","players":["Metalyx01","jp789012"],"log":"|j|☆Metalyx01\n|j|☆jp789012\n|html|<table width=\"100%\"><tr><td align=\"left\">Metalyx01</td><td align=\"right\">jp789012</tr><tr><td align=\"left\"><i class=\"fa fa-circle\"></i> <i class=\"fa fa-circle-o\"></i> </td><td align=\"right\"><i class=\"fa fa-circle-o\"></i> <i class=\"fa fa-circle\"></i> </tr></table>\n|uhtml|bestof|<h2><strong>Game 3</strong> of <a href=\"/game-bestof3-gen9championsvgc2026regmb-2674195215\">a best-of-3</a></h2>\n|t:|1788315086\n|gametype|doubles\n|player|p1|Metalyx01|miku-ghost|\n|player|p2|jp789012|265|\n|gen|9\n|tier|[Gen 9 Champions] VGC 2026 Reg M-B\n|rule|Species Clause: Limit one of each Pokémon\n|rule|Item Clause: Limit 1 of each item\n|raw|<div class=\"infobox\"><details class=\"readmore\" open><summary><strong>2 custom rules:</strong></summary> Best of = 3, !OpenTeamSheets</details></div>\n|clearpoke\n|poke|p1|Dragonite, L50, M, shiny|\n|poke|p1|Metagross, L50, shiny|\n|poke|p1|Maushold-Four, L50, shiny|\n|poke|p1|Pelipper, L50, M, shiny|\n|poke|p1|Archaludon, L50, M, shiny|\n|poke|p1|Weavile, L50, M, shiny|\n|poke|p2|Drampa, L50, M|\n|poke|p2|Sinistcha, L50, shiny|\n|poke|p2|Blastoise, L50, M, shiny|\n|poke|p2|Delphox, L50, F, shiny|\n|poke|p2|Passimian, L50, M, shiny|\n|poke|p2|Aegislash, L50, M, shiny|\n|teampreview|4\n|j| cookiecorner\n|j| Catalyxx\n|j| PKMNSGaming!\n|c| Catalyxx|jackson says no not rally\n|j| Donjozo\n|c|☆Metalyx01|my pizza getting cold bruh\n|\n|t:|1788315120\n|teamsize|p1|4\n|teamsize|p2|4\n|start\n|switch|p1a: Dragonite|Dragonite, L50, M, shiny|100/100\n|switch|p1b: Pelipper|Pelipper, L50, M, shiny|100/100\n|switch|p2a: WAKANDA FOREVER|Blastoise, L50, M, shiny|100/100\n|switch|p2b: BLADE STAR VII|Aegislash, L50, M, shiny|100/100\n|-weather|RainDance|[from] ability: Drizzle|[of] p1b: Pelipper\n|turn|1\n|\n|t:|1788315142\n|detailschange|p1a: Dragonite|Dragonite-Mega, L50, M, shiny\n|-mega|p1a: Dragonite|Dragonite|Dragoninite\n|move|p1a: Dragonite|Protect|p1a: Dragonite\n|-singleturn|p1a: Dragonite|Protect\n|move|p1b: Pelipper|Protect|p1b: Pelipper\n|-singleturn|p1b: Pelipper|Protect\n|move|p2a: WAKANDA FOREVER|Fake Out|p1a: Dragonite\n|-activate|p1a: Dragonite|move: Protect\n|-formechange|p2b: BLADE STAR VII|Aegislash-Blade|\n|move|p2b: BLADE STAR VII|Rock Slide|p1b: Pelipper|[spread] \n|-activate|p1a: Dragonite|move: Protect\n|-activate|p1b: Pelipper|move: Protect\n|\n|-weather|RainDance|[upkeep]\n|upkeep\n|turn|2\n|j| ninfire\n|\n|t:|1788315166\n|-formechange|p2b: BLADE STAR VII|Aegislash|\n|move|p2b: BLADE STAR VII|King's Shield|p2b: BLADE STAR VII\n|-singleturn|p2b: BLADE STAR VII|Protect\n|move|p1b: Pelipper|Wide Guard|p1b: Pelipper\n|-singleturn|p1b: Pelipper|Wide Guard\n|move|p1a: Dragonite|Thunder|p2b: BLADE STAR VII\n|-activate|p2b: BLADE STAR VII|move: Protect\n|move|p2a: WAKANDA FOREVER|Mirror Coat||[still]\n|-fail|p2a: WAKANDA FOREVER\n|\n|-weather|RainDance|[upkeep]\n|upkeep\n|turn|3\n|j| oberon123\n|j| blakbackjk\n|\n|t:|1788315205\n|move|p1b: Pelipper|Wide Guard|p1b: Pelipper\n|-singleturn|p1b: Pelipper|Wide Guard\n|move|p1a: Dragonite|Thunder|p2b: BLADE STAR VII\n|-crit|p2b: BLADE STAR VII\n|-damage|p2b: BLADE STAR VII|42/100\n|move|p2a: WAKANDA FOREVER|Aura Sphere|p1a: Dragonite\n|-resisted|p1a: Dragonite|1\n|-damage|p1a: Dragonite|96/100\n|-formechange|p2b: BLADE STAR VII|Aegislash-Blade|\n|move|p2b: BLADE STAR VII|Poltergeist|p1a: Dragonite|[miss]\n|-miss|p2b: BLADE STAR VII|p1a: Dragonite\n|\n|-weather|RainDance|[upkeep]\n|-heal|p2b: BLADE STAR VII|49/100|[from] item: Leftovers\n|upkeep\n|turn|4\n|\n|t:|1788315231\n|-formechange|p2b: BLADE STAR VII|Aegislash|\n|move|p2b: BLADE STAR VII|King's Shield|p2b: BLADE STAR VII\n|-singleturn|p2b: BLADE STAR VII|Protect\n|move|p1b: Pelipper|Wide Guard|p1b: Pelipper\n|-singleturn|p1b: Pelipper|Wide Guard\n|move|p1a: Dragonite|Thunder|p2b: BLADE STAR VII\n|-activate|p2b: BLADE STAR VII|move: Protect\n|move|p2a: WAKANDA FOREVER|Mirror Coat||[still]\n|-fail|p2a: WAKANDA FOREVER\n|\n|-weather|RainDance|[upkeep]\n|-heal|p2b: BLADE STAR VII|55/100|[from] item: Leftovers\n|upkeep\n|turn|5\n|c| ninfire|deja vu\n|\n|t:|1788315249\n|move|p1b: Pelipper|Wide Guard|p1b: Pelipper\n|-singleturn|p1b: Pelipper|Wide Guard\n|move|p1a: Dragonite|Thunder|p2b: BLADE STAR VII\n|-damage|p2b: BLADE STAR VII|14/100\n|-status|p2b: BLADE STAR VII|par\n|move|p2a: WAKANDA FOREVER|Aura Sphere|p1a: Dragonite\n|-resisted|p1a: Dragonite|1\n|-damage|p1a: Dragonite|89/100\n|-formechange|p2b: BLADE STAR VII|Aegislash-Blade|\n|move|p2b: BLADE STAR VII|Poltergeist|p1a: Dragonite|[miss]\n|-miss|p2b: BLADE STAR VII|p1a: Dragonite\n|\n|-weather|none\n|-heal|p2b: BLADE STAR VII|20/100y par|[from] item: Leftovers\n|upkeep\n|turn|6\n|c|☆Metalyx01|double deja vu\n|c| blakbackjk|just hax\n|c|☆jp789012|oh\n|c| blakbackjk|check him pc\n|c|☆jp789012|i didn’t really want to hit that anyways\n|c| Donjozo|oh that's gore of my comfort character\n|c| cookiecorner|WP sam\n|\n|t:|1788315291\n|switch|p1b: Weavile|Weavile, L50, M, shiny|100/100\n|switch|p2a: COUNT DRAMPULA|Drampa, L50, M|100/100\n|-ability|p2a: COUNT DRAMPULA|Cloud Nine\n|-formechange|p2b: BLADE STAR VII|Aegislash|\n|move|p2b: BLADE STAR VII|King's Shield|p2b: BLADE STAR VII\n|-singleturn|p2b: BLADE STAR VII|Protect\n|move|p1a: Dragonite|Draco Meteor|p2b: BLADE STAR VII\n|-activate|p2b: BLADE STAR VII|move: Protect\n|\n|-heal|p2b: BLADE STAR VII|26/100 par|[from] item: Leftovers\n|upkeep\n|turn|7\n|c| blakbackjk|it's mostly skill and no luck\n|\n|t:|1788315315\n|move|p2a: COUNT DRAMPULA|Protect|p2a: COUNT DRAMPULA\n|-singleturn|p2a: COUNT DRAMPULA|Protect\n|move|p1b: Weavile|Fake Out|p2a: COUNT DRAMPULA\n|-activate|p2a: COUNT DRAMPULA|move: Protect\n|move|p1a: Dragonite|Draco Meteor|p2a: COUNT DRAMPULA\n|-activate|p2a: COUNT DRAMPULA|move: Protect\n|-formechange|p2b: BLADE STAR VII|Aegislash-Blade|\n|move|p2b: BLADE STAR VII|Rock Slide|p1a: Dragonite|[spread] p1b\n|-miss|p2b: BLADE STAR VII|p1a: Dragonite\n|-supereffective|p1b: Weavile|1\n|-damage|p1b: Weavile|22/100\n|\n|-heal|p2b: BLADE STAR VII|33/100 par|[from] item: Leftovers\n|upkeep\n|turn|8\n|c|☆jp789012|bruh\n|c| PKMNSGaming!|how is this dragonite holding bright powder and a mega stone??\n|c| Catalyxx|????\n|\n|t:|1788315341\n|switch|p2a: WAKANDA FOREVER|Blastoise, L50, M, shiny|100/100\n|move|p1b: Weavile|Knock Off|p2b: BLADE STAR VII\n|-supereffective|p2b: BLADE STAR VII|1\n|-damage|p2b: BLADE STAR VII|0 fnt\n|-enditem|p2b: BLADE STAR VII|Leftovers|[from] move: Knock Off|[of] p1b: Weavile\n|faint|p2b: BLADE STAR VII\n|move|p1a: Dragonite|Draco Meteor|p2a: WAKANDA FOREVER\n|-damage|p2a: WAKANDA FOREVER|39/100\n|-unboost|p1a: Dragonite|spa|2\n|\n|upkeep\n|c| cookiecorner|bright powder mega\n|c| blakbackjk|check for illegal bright powder\n|\n|t:|1788315356\n|switch|p2b: Homebrew|Sinistcha, L50, shiny|100/100\n|-heal|p2a: WAKANDA FOREVER|64/100|[from] ability: Hospitality|[of] p2b: Homebrew\n|turn|9\n|c| Catalyxx|drink that matcha big guy\n|\n|t:|1788315389\n|switch|p1a: Pelipper|Pelipper, L50, M, shiny|100/100\n|-weather|RainDance|[from] ability: Drizzle|[of] p1a: Pelipper\n|move|p1b: Weavile|Knock Off|p2b: Homebrew\n|-supereffective|p2b: Homebrew|1\n|-damage|p2b: Homebrew|29/100\n|-enditem|p2b: Homebrew|Coba Berry|[from] move: Knock Off|[of] p1b: Weavile\n|move|p2a: WAKANDA FOREVER|Aura Sphere|p1b: Weavile\n|-supereffective|p1b: Weavile|2\n|-damage|p1b: Weavile|0 fnt\n|faint|p1b: Weavile\n|move|p2b: Homebrew|Trick Room|p2b: Homebrew\n|-fieldstart|move: Trick Room|[of] p2b: Homebrew\n|\n|-weather|RainDance|[upkeep]\n|-heal|p2a: WAKANDA FOREVER|70/100|[from] ability: Rain Dish\n|upkeep\n|\n|t:|1788315418\n|switch|p1b: Dragonite|Dragonite-Mega, L50, M, shiny|89/100\n|turn|10\n|\n|t:|1788315432\n|switch|p2a: COUNT DRAMPULA|Drampa, L50, M|100/100\n|-ability|p2a: COUNT DRAMPULA|Cloud Nine\n|move|p1b: Dragonite|Protect|p1b: Dragonite\n|-singleturn|p1b: Dragonite|Protect\n|move|p2b: Homebrew|Rage Powder|p2b: Homebrew\n|-singleturn|p2b: Homebrew|move: Rage Powder\n|move|p1a: Pelipper|Hurricane|p2b: Homebrew|[miss]\n|-miss|p1a: Pelipper|p2b: Homebrew\n|\n|-weather|RainDance|[upkeep]\n|upkeep\n|turn|11\n|c| Catalyxx|justice?\n|\n|t:|1788315459\n|switch|p1b: Archaludon|Archaludon, L50, M, shiny|100/100\n|detailschange|p2a: COUNT DRAMPULA|Drampa-Mega, L50, M\n|-mega|p2a: COUNT DRAMPULA|Drampa|Drampanite\n|move|p2b: Homebrew|Rage Powder|p2b: Homebrew\n|-singleturn|p2b: Homebrew|move: Rage Powder\n|move|p2a: COUNT DRAMPULA|Hyper Voice|p1a: Pelipper|[spread] p1a,p1b\n|-resisted|p1b: Archaludon|1\n|-damage|p1a: Pelipper|51/100\n|-damage|p1b: Archaludon|66/100\n|move|p1a: Pelipper|Hurricane|p2b: Homebrew\n|-supereffective|p2b: Homebrew|1\n|-damage|p2b: Homebrew|0 fnt\n|faint|p2b: Homebrew\n|\n|-weather|RainDance|[upkeep]\n|upkeep\n|\n|t:|1788315471\n|switch|p2b: WAKANDA FOREVER|Blastoise, L50, M, shiny|70/100\n|turn|12\n|c| cookiecorner|interesting i did not think cloud nine worked that way\n|c| cookiecorner|unless thats a showdown butg\n|\n|t:|1788315495\n|move|p2b: WAKANDA FOREVER|Fake Out|p1b: Archaludon\n|-resisted|p1b: Archaludon|1\n|-damage|p1b: Archaludon|63/100\n|move|p1a: Pelipper|Wide Guard|p1a: Pelipper\n|-singleturn|p1a: Pelipper|Wide Guard\n|move|p2a: COUNT DRAMPULA|Hyper Voice|p1b: Archaludon|[spread] \n|-activate|p1a: Pelipper|move: Wide Guard\n|-activate|p1b: Archaludon|move: Wide Guard\n|cant|p1b: Archaludon|flinch\n|\n|-weather|RainDance|[upkeep]\n|-heal|p2b: WAKANDA FOREVER|76/100|[from] ability: Rain Dish\n|upkeep\n|turn|13\n|\n|t:|1788315510\n|move|p1a: Pelipper|Protect||[still]\n|-fail|p1a: Pelipper\n|move|p1b: Archaludon|Protect|p1b: Archaludon\n|-singleturn|p1b: Archaludon|Protect\n|move|p2a: COUNT DRAMPULA|Earth Power|p1b: Archaludon\n|-activate|p1b: Archaludon|move: Protect\n|move|p2b: WAKANDA FOREVER|Mirror Coat||[still]\n|-fail|p2b: WAKANDA FOREVER\n|\n|-weather|none\n|-fieldend|move: Trick Room\n|upkeep\n|turn|14\n|c| Catalyxx|Gulp\n|\n|t:|1788315537\n|switch|p1a: Dragonite|Dragonite-Mega, L50, M, shiny|89/100\n|move|p2a: COUNT DRAMPULA|Protect|p2a: COUNT DRAMPULA\n|-singleturn|p2a: COUNT DRAMPULA|Protect\n|move|p1b: Archaludon|Draco Meteor|p2b: WAKANDA FOREVER\n|-damage|p2b: WAKANDA FOREVER|29/100\n|-unboost|p1b: Archaludon|spa|2\n|move|p2b: WAKANDA FOREVER|Aura Sphere|p1b: Archaludon\n|-supereffective|p1b: Archaludon|1\n|-damage|p1b: Archaludon|9/100\n|\n|upkeep\n|turn|15\n|\n|t:|1788315561\n|move|p1b: Archaludon|Draco Meteor|p2b: WAKANDA FOREVER\n|-damage|p2b: WAKANDA FOREVER|6/100\n|-unboost|p1b: Archaludon|spa|2\n|move|p1a: Dragonite|Draco Meteor|p2a: COUNT DRAMPULA|[miss]\n|-miss|p1a: Dragonite|p2a: COUNT DRAMPULA\n|move|p2b: WAKANDA FOREVER|Aura Sphere|p1a: Dragonite\n|-resisted|p1a: Dragonite|1\n|-damage|p1a: Dragonite|81/100\n|move|p2a: COUNT DRAMPULA|Hyper Voice|p1b: Archaludon|[spread] p1a,p1b\n|-resisted|p1b: Archaludon|1\n|-damage|p1a: Dragonite|40/100\n|-damage|p1b: Archaludon|0 fnt\n|faint|p1b: Archaludon\n|\n|upkeep\n|c| ninfire|justice?\n|\n|t:|1788315574\n|switch|p1b: Pelipper|Pelipper, L50, M, shiny|51/100\n|-weather|RainDance|[from] ability: Drizzle|[of] p1b: Pelipper\n|turn|16\n|\n|t:|1788315592\n|move|p1a: Dragonite|Draco Meteor|p2a: COUNT DRAMPULA\n|-supereffective|p2a: COUNT DRAMPULA|1\n|-damage|p2a: COUNT DRAMPULA|0 fnt\n|-unboost|p1a: Dragonite|spa|2\n|faint|p2a: COUNT DRAMPULA\n|move|p1b: Pelipper|Hurricane|p2b: WAKANDA FOREVER\n|-damage|p2b: WAKANDA FOREVER|0 fnt\n|faint|p2b: WAKANDA FOREVER\n|\n|win|Metalyx01\n|c|☆Metalyx01|gg\n|c|☆jp789012|gg\n|c| Catalyxx|sam whats on your pizza\n|l| PKMNSGaming!\n|l|☆jp789012\n|player|p2|\n|c|☆Metalyx01|bbq sauce and pepperoni\n|c|☆Metalyx01|i made it myself :)\n|c|☆Metalyx01|super close games tho wp\n|c|☆Metalyx01|i can post\n|l| Donjozo\n|j| Spottedwoot\n|l| Spottedwoot\n|l| ninfire\n|n|☆Metalyx01|metalyx01\n|n| cookiecorner|cookiecorner\n|n| Catalyxx|catalyxx\n|n| oberon123|oberon123\n|n| blakbackjk|blakbackjk\n|l| blakbackjk\n|n| cookiecorner@!|cookiecorner\n|n| oberon123@!|oberon123\n|n| Catalyxx@!|catalyxx\n|n| Catalyxx|catalyxx\n","uploadtime":1788315661,"views":"14","formatid":"gen9championsvgc2026regmb","rating":null,"private":0,"password":null}