{"id":"gen9championsvgc2026regmb-2674078287","format":"[Gen 9 Champions] VGC 2026 Reg M-B","players":["obitre","m3troGoonin"],"log":"|j|☆obitre\n|j|☆m3troGoonin\n|t:|1788296123\n|gametype|doubles\n|player|p1|obitre|265|1392\n|player|p2|m3troGoonin|101|1443\n|gen|9\n|tier|[Gen 9 Champions] VGC 2026 Reg M-B\n|rated|\n|rule|Species Clause: Limit one of each Pokémon\n|rule|Item Clause: Limit 1 of each item\n|clearpoke\n|poke|p1|Kommo-o, L50, F|\n|poke|p1|Kingambit, L50, F|\n|poke|p1|Ninetales-Alola, L50, M|\n|poke|p1|Maushold-Four, L50|\n|poke|p1|Aerodactyl, L50, F|\n|poke|p1|Gengar, L50, M|\n|poke|p2|Scovillain, L50, M, shiny|\n|poke|p2|Basculegion, L50, M|\n|poke|p2|Kingambit, L50, M|\n|poke|p2|Sneasler, L50, M|\n|poke|p2|Lycanroc-Dusk, L50, F|\n|poke|p2|Froslass, L50, F|\n|teampreview|4\n|c|☆obitre|gl\n|c|☆m3troGoonin|glhf\n|\n|t:|1788296229\n|teamsize|p1|4\n|teamsize|p2|4\n|start\n|switch|p1a: Gengar|Gengar, L50, M|100/100\n|switch|p1b: Aerodactyl|Aerodactyl, L50, F|100/100\n|switch|p2a: Lycanroc|Lycanroc-Dusk, L50, F|100/100\n|switch|p2b: Sneasler|Sneasler, L50, M|100/100\n|-ability|p1b: Aerodactyl|Unnerve\n|turn|1\n|\n|t:|1788296267\n|detailschange|p1a: Gengar|Gengar-Mega, L50, M\n|-mega|p1a: Gengar|Gengar|Gengarite\n|move|p1b: Aerodactyl|Wide Guard|p1b: Aerodactyl\n|-singleturn|p1b: Aerodactyl|Wide Guard\n|move|p2b: Sneasler|Feint|p1b: Aerodactyl\n|-activate|p1b: Aerodactyl|move: Feint\n|-resisted|p1b: Aerodactyl|1\n|-damage|p1b: Aerodactyl|92/100\n|move|p1a: Gengar|Shadow Ball|p2a: Lycanroc\n|-damage|p2a: Lycanroc|10/100\n|move|p2a: Lycanroc|Rock Slide|p1a: Gengar|[spread] p1a,p1b\n|-supereffective|p1b: Aerodactyl|1\n|-damage|p1a: Gengar|58/100\n|-damage|p1b: Aerodactyl|0 fnt\n|faint|p1b: Aerodactyl\n|\n|upkeep\n|\n|t:|1788296284\n|switch|p1b: Ninetales|Ninetales-Alola, L50, M|100/100\n|-weather|Snowscape|[from] ability: Snow Warning|[of] p1b: Ninetales\n|turn|2\n|\n|t:|1788296305\n|move|p2b: Sneasler|Feint|p1b: Ninetales\n|-damage|p1b: Ninetales|88/100\n|move|p2a: Lycanroc|Accelerock|p1b: Ninetales\n|-supereffective|p1b: Ninetales|1\n|-damage|p1b: Ninetales|32/100\n|move|p1b: Ninetales|Icy Wind|p2b: Sneasler|[spread] p2a,p2b\n|-damage|p2a: Lycanroc|0 fnt\n|-damage|p2b: Sneasler|80/100\n|-unboost|p2b: Sneasler|spe|1\n|faint|p2a: Lycanroc\n|-enditem|p2b: Sneasler|White Herb\n|-clearnegativeboost|p2b: Sneasler|[silent]\n|move|p1a: Gengar|Shadow Ball|p2b: Sneasler\n|-damage|p2b: Sneasler|17/100\n|\n|-weather|Snowscape|[upkeep]\n|upkeep\n|inactive|Battle timer is ON: inactive players will automatically lose when time's up. (requested by obitre)\n|\n|t:|1788296368\n|switch|p2a: Froslass|Froslass, L50, F|100/100\n|turn|3\n|inactive|m3troGoonin has 30 seconds left.\n|\n|t:|1788296403\n|switch|p1b: Kommo-o|Kommo-o, L50, F|100/100\n|detailschange|p2a: Froslass|Froslass-Mega, L50, F\n|-mega|p2a: Froslass|Froslass|Froslassite\n|move|p2b: Sneasler|Dire Claw|p1b: Kommo-o\n|-damage|p1b: Kommo-o|64/100\n|move|p2a: Froslass|Blizzard|p1b: Kommo-o|[spread] p1a,p1b\n|-supereffective|p1b: Kommo-o|1\n|-damage|p1a: Gengar|12/100\n|-damage|p1b: Kommo-o|0 fnt\n|faint|p1b: Kommo-o\n|move|p1a: Gengar|Shadow Ball|p2a: Froslass\n|-supereffective|p2a: Froslass|1\n|-damage|p2a: Froslass|7/100\n|-unboost|p2a: Froslass|spd|1\n|\n|-weather|Snowscape|[upkeep]\n|upkeep\n|\n|t:|1788296417\n|switch|p1b: Ninetales|Ninetales-Alola, L50, M|32/100\n|turn|4\n|\n|t:|1788296423\n|move|p1a: Gengar|Protect|p1a: Gengar\n|-singleturn|p1a: Gengar|Protect\n|move|p2b: Sneasler|Dire Claw|p1b: Ninetales\n|-supereffective|p1b: Ninetales|1\n|-damage|p1b: Ninetales|0 fnt\n|faint|p1b: Ninetales\n|move|p2a: Froslass|Blizzard|p1a: Gengar\n|-activate|p1a: Gengar|move: Protect\n|\n|-weather|Snowscape|[upkeep]\n|upkeep\n|turn|5\n|-message|obitre forfeited.\n|\n|win|m3troGoonin\n|raw|obitre's rating: 1392 &rarr; <strong>1375</strong><br />(-17 for losing)\n|raw|m3troGoonin's rating: 1443 &rarr; <strong>1460</strong><br />(+17 for winning)\n","uploadtime":1788296432,"views":"0","formatid":"gen9championsvgc2026regmb","rating":1375,"private":0,"password":null}