{"id":"gen9championsvgc2026regmb-2674549107","format":"[Gen 9 Champions] VGC 2026 Reg M-B","players":["Malinsero","Quaaloods"],"log":"|j|☆Malinsero\n|j|☆Quaaloods\n|t:|1788372738\n|gametype|doubles\n|player|p1|Malinsero|266|1202\n|player|p2|Quaaloods|petrel|1199\n|gen|9\n|tier|[Gen 9 Champions] VGC 2026 Reg M-B\n|rated|\n|rule|Species Clause: Limit one of each Pokémon\n|rule|Item Clause: Limit 1 of each item\n|clearpoke\n|poke|p1|Alcremie-Mint-Cream, L50, F|\n|poke|p1|Floette-Eternal, L50, F|\n|poke|p1|Sinistcha-Masterpiece, L50|\n|poke|p1|Kingambit, L50, F|\n|poke|p1|Pelipper, L50, M|\n|poke|p1|Blaziken, L50, M|\n|poke|p2|Ceruledge, L50, M|\n|poke|p2|Farigiraf, L50, F|\n|poke|p2|Sinistcha, L50|\n|poke|p2|Floette-Eternal, L50, F|\n|poke|p2|Incineroar, L50, M|\n|poke|p2|Golurk, L50|\n|teampreview|4\n|inactive|Battle timer is ON: inactive players will automatically lose when time's up. (requested by Malinsero)\n|inactive|Quaaloods has 60 seconds left.\n|\n|t:|1788372800\n|teamsize|p1|4\n|teamsize|p2|4\n|start\n|switch|p1a: Alcremie|Alcremie-Mint-Cream, L50, F|100/100\n|switch|p1b: Floette|Floette-Eternal, L50, F|100/100\n|switch|p2a: Deus Vult|Ceruledge, L50, M|100/100\n|switch|p2b: Télétubbies|Farigiraf, L50, F|100/100\n|turn|1\n|\n|t:|1788372823\n|detailschange|p1b: Floette|Floette-Mega, L50, F\n|-mega|p1b: Floette|Floette|Floettite\n|-ability|p1b: Floette|Fairy Aura\n|move|p1b: Floette|Protect|p1b: Floette\n|-singleturn|p1b: Floette|Protect\n|move|p2a: Deus Vult|Poltergeist|p1a: Alcremie\n|-activate|p1a: Alcremie|move: Poltergeist|Bright Powder\n|-damage|p1a: Alcremie|13/100\n|move|p1a: Alcremie|Decorate|p1b: Floette\n|-boost|p1b: Floette|atk|2\n|-boost|p1b: Floette|spa|2\n|move|p2b: Télétubbies|Trick Room|p2b: Télétubbies\n|-fieldstart|move: Trick Room|[of] p2b: Télétubbies\n|\n|upkeep\n|turn|2\n|inactive|Malinsero has 30 seconds left.\n|\n|t:|1788372855\n|move|p2b: Télétubbies|Helping Hand|p2a: Deus Vult\n|-singleturn|p2a: Deus Vult|Helping Hand|[of] p2b: Télétubbies\n|move|p1a: Alcremie|Helping Hand|p1b: Floette\n|-singleturn|p1b: Floette|Helping Hand|[of] p1a: Alcremie\n|move|p2a: Deus Vult|Poltergeist|p1b: Floette\n|-activate|p1b: Floette|move: Poltergeist|Floettite\n|-damage|p1b: Floette|0 fnt\n|faint|p1b: Floette\n|\n|upkeep\n|\n|t:|1788372863\n|switch|p1b: Kingambit|Kingambit, L50, F|100/100\n|turn|3\n|\n|t:|1788372872\n|move|p2b: Télétubbies|Helping Hand|p2a: Deus Vult\n|-singleturn|p2a: Deus Vult|Helping Hand|[of] p2b: Télétubbies\n|move|p1b: Kingambit|Kowtow Cleave|p2a: Deus Vult\n|-supereffective|p2a: Deus Vult|1\n|-enditem|p2a: Deus Vult|Focus Sash\n|-damage|p2a: Deus Vult|1/100\n|move|p1a: Alcremie|Alluring Voice|p2a: Deus Vult\n|-resisted|p2a: Deus Vult|1\n|-damage|p2a: Deus Vult|0 fnt\n|faint|p2a: Deus Vult\n|\n|upkeep\n|\n|t:|1788372889\n|switch|p2a: Tomorrowland|Golurk, L50|100/100\n|turn|4\n|\n|t:|1788372913\n|detailschange|p2a: Tomorrowland|Golurk-Mega, L50\n|-mega|p2a: Tomorrowland|Golurk|Golurkite\n|move|p2b: Télétubbies|Ally Switch|p2b: Télétubbies\n|swap|p2b: Télétubbies|0|[from] move: Ally Switch\n|move|p2b: Tomorrowland|Headlong Rush|p1b: Kingambit\n|-supereffective|p1b: Kingambit|1\n|-damage|p1b: Kingambit|0 fnt\n|-unboost|p2b: Tomorrowland|def|1\n|-unboost|p2b: Tomorrowland|spd|1\n|faint|p1b: Kingambit\n|move|p1a: Alcremie|Decorate|p1: Kingambit|[notarget]\n|-fail|p1a: Alcremie\n|\n|upkeep\n|\n|t:|1788372920\n|switch|p1b: Blaziken|Blaziken, L50, M|100/100\n|turn|5\n|\n|t:|1788372931\n|move|p2a: Télétubbies|Helping Hand|p2b: Tomorrowland\n|-singleturn|p2b: Tomorrowland|Helping Hand|[of] p2a: Télétubbies\n|move|p1b: Blaziken|Protect|p1b: Blaziken\n|-singleturn|p1b: Blaziken|Protect\n|move|p2b: Tomorrowland|Headlong Rush|p1b: Blaziken\n|-supereffective|p1b: Blaziken|1\n|-ability|p2b: Tomorrowland|Unseen Fist\n|-zbroken|p1b: Blaziken\n|-damage|p1b: Blaziken|14/100\n|-unboost|p2b: Tomorrowland|def|1\n|-unboost|p2b: Tomorrowland|spd|1\n|move|p1a: Alcremie|Decorate|p1b: Blaziken\n|-boost|p1b: Blaziken|atk|2\n|-boost|p1b: Blaziken|spa|2\n|\n|-fieldend|move: Trick Room\n|-ability|p1b: Blaziken|Speed Boost|boost\n|-boost|p1b: Blaziken|spe|1\n|upkeep\n|turn|6\n|inactive|Malinsero has 30 seconds left.\n|\n|t:|1788372960\n|move|p1b: Blaziken|Close Combat|p2a: Télétubbies\n|-damage|p2a: Télétubbies|0 fnt\n|-unboost|p1b: Blaziken|def|1\n|-unboost|p1b: Blaziken|spd|1\n|faint|p2a: Télétubbies\n|-damage|p1b: Blaziken|5/100|[from] item: Life Orb\n|move|p1a: Alcremie|Alluring Voice|p2b: Tomorrowland\n|-damage|p2b: Tomorrowland|49/100\n|move|p2b: Tomorrowland|Headlong Rush|p1b: Blaziken\n|-supereffective|p1b: Blaziken|1\n|-damage|p1b: Blaziken|0 fnt\n|-unboost|p2b: Tomorrowland|def|1\n|-unboost|p2b: Tomorrowland|spd|1\n|faint|p1b: Blaziken\n|\n|upkeep\n|\n|t:|1788372971\n|switch|p2a: Mojito|Sinistcha, L50|100/100\n|-heal|p2b: Tomorrowland|74/100|[from] ability: Hospitality|[of] p2a: Mojito\n|turn|7\n|\n|t:|1788372977\n|move|p2a: Mojito|Rage Powder|p2a: Mojito\n|-singleturn|p2a: Mojito|move: Rage Powder\n|move|p1a: Alcremie|Alluring Voice|p2a: Mojito\n|-damage|p2a: Mojito|69/100\n|move|p2b: Tomorrowland|Poltergeist|p1a: Alcremie\n|-activate|p1a: Alcremie|move: Poltergeist|Bright Powder\n|-crit|p1a: Alcremie\n|-damage|p1a: Alcremie|0 fnt\n|faint|p1a: Alcremie\n|\n|win|Quaaloods\n|raw|Malinsero's rating: 1202 &rarr; <strong>1177</strong><br />(-25 for losing)\n|raw|Quaaloods's rating: 1199 &rarr; <strong>1224</strong><br />(+25 for winning)\n|c|☆Malinsero|gg\n|l|☆Malinsero\n|player|p1|\n|c|☆Quaaloods|gg\n","uploadtime":1788373070,"views":"0","formatid":"gen9championsvgc2026regmb","rating":1177,"private":0,"password":null}