{"id":"gen9championsvgc2026regmb-2675015718","format":"[Gen 9 Champions] VGC 2026 Reg M-B","players":["BoloinaBox","myshirtisdirty"],"log":"|j|☆BoloinaBox\n|j|☆myshirtisdirty\n|html|<table width=\"100%\"><tr><td align=\"left\">BoloinaBox</td><td align=\"right\">myshirtisdirty</tr><tr><td align=\"left\"><i class=\"fa fa-circle-o\"></i> <i class=\"fa fa-circle-o\"></i> </td><td align=\"right\"><i class=\"fa fa-circle-o\"></i> <i class=\"fa fa-circle\"></i> </tr></table>\n|uhtml|bestof|<h2><strong>Game 2</strong> of <a href=\"/game-bestof3-gen9championsvgc2026regmb-2675012285\">a best-of-3</a></h2>\n|t:|1788448980\n|gametype|doubles\n|player|p1|BoloinaBox|102|\n|player|p2|myshirtisdirty|266|\n|gen|9\n|tier|[Gen 9 Champions] VGC 2026 Reg M-B\n|rule|Species Clause: Limit one of each Pokémon\n|rule|Item Clause: Limit 1 of each item\n|raw|<div class=\"infobox\"><details class=\"readmore\" open><summary><strong>1 custom rule:</strong></summary> Best of = 3</details></div>\n|clearpoke\n|poke|p1|Glimmora, L50, M|\n|poke|p1|Ninetales-Alola, L50, M|\n|poke|p1|Mimikyu, L50, F|\n|poke|p1|Scovillain, L50, M|\n|poke|p1|Milotic, L50, F|\n|poke|p1|Liepard, L50, M|\n|poke|p2|Umbreon, L50, M|\n|poke|p2|Whimsicott, L50, F|\n|poke|p2|Gengar, L50, M|\n|poke|p2|Tauros-Paldea-Blaze, L50, M|\n|poke|p2|Primarina, L50, M|\n|poke|p2|Decidueye-Hisui, L50, M|\n|teampreview|4\nBoloinaBox rejected open team sheets.\n|\n|t:|1788449037\n|teamsize|p1|4\n|teamsize|p2|4\n|start\n|switch|p1a: Milotic|Milotic, L50, F|100/100\n|switch|p1b: Liepard|Liepard, L50, M|100/100\n|switch|p2a: Umbreon|Umbreon, L50, M|100/100\n|switch|p2b: Tauros|Tauros-Paldea-Blaze, L50, M|100/100\n|-ability|p2b: Tauros|Intimidate|boost\n|-unboost|p1a: Milotic|atk|1\n|-ability|p1a: Milotic|Competitive|boost\n|-boost|p1a: Milotic|spa|2\n|-unboost|p1b: Liepard|atk|1\n|turn|1\n|\n|t:|1788449064\n|switch|p1b: Mimikyu|Mimikyu, L50, F|100/100\n|move|p2b: Tauros|Protect|p2b: Tauros\n|-singleturn|p2b: Tauros|Protect\n|move|p1a: Milotic|Muddy Water|p2b: Tauros|[spread] p2a\n|-activate|p2b: Tauros|move: Protect\n|-damage|p2a: Umbreon|59/100\n|move|p2a: Umbreon|Yawn|p1a: Milotic\n|-start|p1a: Milotic|move: Yawn|[of] p2a: Umbreon\n|\n|upkeep\n|turn|2\n|\n|t:|1788449105\n|switch|p2b: Primarina|Primarina, L50, M|100/100\n|move|p1b: Mimikyu|Shadow Claw|p2b: Primarina\n|-damage|p2b: Primarina|63/100\n|move|p1a: Milotic|Muddy Water|p2a: Umbreon|[spread] p2b\n|-miss|p1a: Milotic|p2a: Umbreon\n|-resisted|p2b: Primarina|1\n|-damage|p2b: Primarina|39/100\n|move|p2a: Umbreon|Reflect|p2a: Umbreon\n|-sidestart|p2: myshirtisdirty|Reflect\n|\n|-heal|p2b: Primarina|45/100|[from] item: Leftovers\n|-end|p1a: Milotic|move: Yawn|[silent]\n|-status|p1a: Milotic|slp\n|upkeep\n|turn|3\n|\n|t:|1788449125\n|switch|p1b: Ninetales|Ninetales-Alola, L50, M|100/100\n|-weather|Snowscape|[from] ability: Snow Warning|[of] p1b: Ninetales\n|cant|p1a: Milotic|slp\n|move|p2a: Umbreon|Foul Play|p1b: Ninetales\n|-resisted|p1b: Ninetales|1\n|-damage|p1b: Ninetales|91/100\n|move|p2b: Primarina|Calm Mind|p2b: Primarina\n|-boost|p2b: Primarina|spa|1\n|-boost|p2b: Primarina|spd|1\n|\n|-weather|Snowscape|[upkeep]\n|-heal|p2b: Primarina|51/100|[from] item: Leftovers\n|upkeep\n|turn|4\n|j| Doughboy322\n|\n|t:|1788449160\n|move|p1b: Ninetales|Protect|p1b: Ninetales\n|-singleturn|p1b: Ninetales|Protect\n|move|p2b: Primarina|Protect|p2b: Primarina\n|-singleturn|p2b: Primarina|Protect\n|cant|p1a: Milotic|slp\n|move|p2a: Umbreon|Yawn|p1b: Ninetales\n|-activate|p1b: Ninetales|move: Protect\n|\n|-weather|Snowscape|[upkeep]\n|-heal|p2b: Primarina|58/100|[from] item: Leftovers\n|upkeep\n|turn|5\n|\n|t:|1788449186\n|switch|p2b: Tauros|Tauros-Paldea-Blaze, L50, M|100/100\n|-ability|p2b: Tauros|Intimidate|boost\n|-unboost|p1a: Milotic|atk|1\n|-ability|p1a: Milotic|Competitive|boost\n|-boost|p1a: Milotic|spa|2\n|-unboost|p1b: Ninetales|atk|1\n|move|p1b: Ninetales|Encore||[still]\n|-fail|p1b: Ninetales\n|-curestatus|p1a: Milotic|slp|[msg]\n|move|p1a: Milotic|Muddy Water|p2b: Tauros|[spread] p2a,p2b\n|-supereffective|p2b: Tauros|1\n|-damage|p2a: Umbreon|1/100\n|-damage|p2b: Tauros|0 fnt\n|-enditem|p2a: Umbreon|Sitrus Berry|[eat]\n|-heal|p2a: Umbreon|26/100|[from] item: Sitrus Berry\n|faint|p2b: Tauros\n|move|p2a: Umbreon|Foul Play|p1b: Ninetales\n|-resisted|p1b: Ninetales|1\n|-crit|p1b: Ninetales\n|-damage|p1b: Ninetales|77/100\n|\n|-weather|Snowscape|[upkeep]\n|upkeep\n|\n|t:|1788449204\n|switch|p2b: Gengar|Gengar, L50, M|100/100\n|turn|6\n|\n|t:|1788449224\n|detailschange|p2b: Gengar|Gengar-Mega, L50, M\n|-mega|p2b: Gengar|Gengar|Gengarite\n|move|p1b: Ninetales|Protect|p1b: Ninetales\n|-singleturn|p1b: Ninetales|Protect\n|move|p2b: Gengar|Disable|p1a: Milotic\n|-start|p1a: Milotic|Disable|Muddy Water\n|cant|p1a: Milotic|Disable|Muddy Water\n|move|p2a: Umbreon|Yawn|p1a: Milotic\n|-start|p1a: Milotic|move: Yawn|[of] p2a: Umbreon\n|\n|-weather|Snowscape|[upkeep]\n|-sideend|p2: myshirtisdirty|Reflect\n|upkeep\n|turn|7\n|\n|t:|1788449244\n|switch|p2a: Primarina|Primarina, L50, M|58/100\n|move|p1b: Ninetales|Encore|p2b: Gengar\n|-start|p2b: Gengar|Encore\n|move|p2b: Gengar|Disable||[still]\n|-fail|p2b: Gengar\n|move|p1a: Milotic|Ice Beam|p2b: Gengar\n|-damage|p2b: Gengar|11/100\n|\n|-weather|none\n|-heal|p2a: Primarina|64/100|[from] item: Leftovers\n|-end|p1a: Milotic|move: Yawn|[silent]\n|-status|p1a: Milotic|slp\n|upkeep\n|turn|8\n|\n|t:|1788449277\n|switch|p2b: Umbreon|Umbreon, L50, M|26/100\n|move|p1b: Ninetales|Freeze-Dry|p2a: Primarina\n|-supereffective|p2a: Primarina|1\n|-damage|p2a: Primarina|16/100\n|cant|p1a: Milotic|slp\n|move|p2a: Primarina|Moonblast|p1b: Ninetales\n|-damage|p1b: Ninetales|25/100\n|\n|-heal|p2a: Primarina|22/100|[from] item: Leftovers\n|upkeep\n|turn|9\n|\n|t:|1788449298\n|move|p2a: Primarina|Protect|p2a: Primarina\n|-singleturn|p2a: Primarina|Protect\n|move|p1b: Ninetales|Freeze-Dry|p2a: Primarina\n|-activate|p2a: Primarina|move: Protect\n|cant|p1a: Milotic|slp\n|move|p2b: Umbreon|Yawn|p1b: Ninetales\n|-start|p1b: Ninetales|move: Yawn|[of] p2b: Umbreon\n|\n|-heal|p2a: Primarina|28/100|[from] item: Leftovers\n|-end|p1a: Milotic|Disable\n|upkeep\n|turn|10\n|\n|t:|1788449317\n|switch|p2a: Gengar|Gengar-Mega, L50, M|11/100\n|move|p1b: Ninetales|Disable|p2b: Umbreon\n|-start|p2b: Umbreon|Disable|Yawn\n|-curestatus|p1a: Milotic|slp|[msg]\n|move|p1a: Milotic|Muddy Water|p2a: Gengar|[spread] p2a\n|-miss|p1a: Milotic|p2b: Umbreon\n|-damage|p2a: Gengar|0 fnt\n|faint|p2a: Gengar\n|move|p2b: Umbreon|Foul Play|p1a: Milotic\n|-damage|p1a: Milotic|90/100\n|\n|-end|p1b: Ninetales|move: Yawn|[silent]\n|-status|p1b: Ninetales|slp\n|upkeep\n|\n|t:|1788449328\n|switch|p2a: Primarina|Primarina, L50, M|28/100\n|turn|11\n|\n|t:|1788449344\n|cant|p1b: Ninetales|slp\n|move|p1a: Milotic|Muddy Water|p2a: Primarina|[spread] p2a\n|-miss|p1a: Milotic|p2b: Umbreon\n|-resisted|p2a: Primarina|1\n|-damage|p2a: Primarina|0 fnt\n|faint|p2a: Primarina\n|move|p2b: Umbreon|Foul Play|p1b: Ninetales\n|-resisted|p1b: Ninetales|1\n|-damage|p1b: Ninetales|17/100 slp\n|\n|upkeep\n|turn|12\n|-message|myshirtisdirty forfeited.\n|\n|win|BoloinaBox\n|l|☆myshirtisdirty\n|player|p2|\n||myshirtisdirty is ready for game 3.\n||BoloinaBox is ready for game 3.\n|uhtml|next|Next: <a href=\"/battle-gen9championsvgc2026regmb-2675018966\"><strong>Game 3 of 3</strong></a>\n|j|☆myshirtisdirty\n|player|p2|myshirtisdirty|266|\n|l| Doughboy322\n","uploadtime":1788450002,"views":"9","formatid":"gen9championsvgc2026regmb","rating":null,"private":0,"password":null}