{"id":"gen9championsvgc2026regmb-2674967731","format":"[Gen 9 Champions] VGC 2026 Reg M-B","players":["Versus XIII","mismanette"],"log":"|j|☆Versus XIII\n|j|☆mismanette\n|t:|1788443203\n|gametype|doubles\n|player|p1|Versus XIII|will|1221\n|player|p2|mismanette|dawn|1126\n|gen|9\n|tier|[Gen 9 Champions] VGC 2026 Reg M-B\n|rated|\n|rule|Species Clause: Limit one of each Pokémon\n|rule|Item Clause: Limit 1 of each item\n|clearpoke\n|poke|p1|Gengar, L50, M|\n|poke|p1|Whimsicott, L50, F|\n|poke|p1|Excadrill, L50, M|\n|poke|p1|Tyranitar, L50, M|\n|poke|p1|Tsareena, L50, F|\n|poke|p1|Ninetales-Alola, L50, M|\n|poke|p2|Aerodactyl, L50, F|\n|poke|p2|Lopunny, L50, F|\n|poke|p2|Whimsicott, L50, F|\n|poke|p2|Ariados, L50, M|\n|poke|p2|Tsareena, L50, F|\n|poke|p2|Froslass, L50, F|\n|teampreview|4\n|\n|t:|1788443254\n|teamsize|p1|4\n|teamsize|p2|4\n|start\n|switch|p1a: Gengar|Gengar, L50, M|100/100\n|switch|p1b: Whimsicott|Whimsicott, L50, F|100/100\n|switch|p2a: Whimsicott|Whimsicott, L50, F|100/100\n|switch|p2b: Tsareena|Tsareena, L50, F|100/100\n|turn|1\n|c|☆mismanette|glhf\n|c|☆Versus XIII|glhf\n|\n|t:|1788443283\n|move|p1b: Whimsicott|Tailwind|p1b: Whimsicott\n|-sidestart|p1: Versus XIII|move: Tailwind\n|move|p2a: Whimsicott|Taunt|p1a: Gengar\n|-start|p1a: Gengar|move: Taunt\n|move|p1a: Gengar|Sludge Wave|p2a: Whimsicott|[spread] p1b,p2a,p2b\n|-supereffective|p1b: Whimsicott|2\n|-supereffective|p2a: Whimsicott|2\n|-supereffective|p2b: Tsareena|1\n|-crit|p2b: Tsareena\n|-damage|p1b: Whimsicott|0 fnt\n|-damage|p2a: Whimsicott|0 fnt\n|-damage|p2b: Tsareena|6/100\n|faint|p1b: Whimsicott\n|faint|p2a: Whimsicott\n|move|p2b: Tsareena|Triple Axel|p1a: Gengar\n|-damage|p1a: Gengar|87/100\n|-damage|p1a: Gengar|62/100\n|-start|p2b: Tsareena|Disable|Triple Axel|[from] ability: Cursed Body|[of] p1a: Gengar\n|-damage|p1a: Gengar|24/100\n|-hitcount|p1a: Gengar|3\n|\n|-heal|p2b: Tsareena|12/100|[from] item: Leftovers\n|upkeep\n|\n|t:|1788443302\n|switch|p1b: Tyranitar|Tyranitar, L50, M|100/100\n|switch|p2a: Lopunny|Lopunny, L50, F|100/100\n|-weather|Sandstorm|[from] ability: Sand Stream|[of] p1b: Tyranitar\n|turn|2\n|\n|t:|1788443335\n|detailschange|p1a: Gengar|Gengar-Mega, L50, M\n|-mega|p1a: Gengar|Gengar|Gengarite\n|detailschange|p2a: Lopunny|Lopunny-Mega, L50, F\n|-mega|p2a: Lopunny|Lopunny|Lopunnite\n|move|p2a: Lopunny|Fake Out|p1a: Gengar\n|-damage|p1a: Gengar|0 fnt\n|faint|p1a: Gengar\n|move|p1b: Tyranitar|Rock Slide|p2b: Tsareena|[spread] p2a,p2b\n|-resisted|p2a: Lopunny|1\n|-damage|p2a: Lopunny|77/100\n|-damage|p2b: Tsareena|0 fnt\n|faint|p2b: Tsareena\n|\n|-weather|Sandstorm|[upkeep]\n|-damage|p2a: Lopunny|71/100|[from] Sandstorm\n|upkeep\n|\n|t:|1788443346\n|switch|p1a: Excadrill|Excadrill, L50, M|100/100\n|switch|p2b: Ariados|Ariados, L50, M|100/100\n|turn|3\n|\n|t:|1788443357\n|move|p2a: Lopunny|Protect|p2a: Lopunny\n|-singleturn|p2a: Lopunny|Protect\n|move|p1a: Excadrill|Iron Head|p2a: Lopunny\n|-activate|p2a: Lopunny|move: Protect\n|move|p1b: Tyranitar|Rock Slide|p2a: Lopunny|[spread] p2b\n|-activate|p2a: Lopunny|move: Protect\n|-supereffective|p2b: Ariados|1\n|-damage|p2b: Ariados|5/100\n|-enditem|p2b: Ariados|Sitrus Berry|[eat]\n|-heal|p2b: Ariados|29/100|[from] item: Sitrus Berry\n|move|p2b: Ariados|Knock Off|p1a: Excadrill\n|-damage|p1a: Excadrill|81/100\n|\n|-weather|Sandstorm|[upkeep]\n|-damage|p2a: Lopunny|65/100|[from] Sandstorm\n|-damage|p2b: Ariados|23/100|[from] Sandstorm\n|upkeep\n|turn|4\n|\n|t:|1788443376\n|move|p2b: Ariados|Rage Powder|p2b: Ariados\n|-singleturn|p2b: Ariados|move: Rage Powder\n|move|p1a: Excadrill|Iron Head|p2b: Ariados\n|-damage|p2b: Ariados|0 fnt\n|faint|p2b: Ariados\n|move|p2a: Lopunny|Drain Punch|p1b: Tyranitar\n|-supereffective|p1b: Tyranitar|2\n|-damage|p1b: Tyranitar|0 fnt\n|-heal|p2a: Lopunny|100/100|[from] drain|[of] p1b: Tyranitar\n|faint|p1b: Tyranitar\n|\n|-weather|Sandstorm|[upkeep]\n|-damage|p2a: Lopunny|94/100|[from] Sandstorm\n|-sideend|p1: Versus XIII|move: Tailwind\n|upkeep\n|turn|5\n|\n|t:|1788443392\n|move|p2a: Lopunny|Protect|p2a: Lopunny\n|-singleturn|p2a: Lopunny|Protect\n|move|p1a: Excadrill|Iron Head|p2a: Lopunny\n|-activate|p2a: Lopunny|move: Protect\n|\n|-weather|Sandstorm|[upkeep]\n|-damage|p2a: Lopunny|88/100|[from] Sandstorm\n|upkeep\n|turn|6\n|\n|t:|1788443399\n|move|p1a: Excadrill|Iron Head|p2a: Lopunny\n|-damage|p2a: Lopunny|34/100\n|move|p2a: Lopunny|Drain Punch|p1a: Excadrill\n|-supereffective|p1a: Excadrill|1\n|-damage|p1a: Excadrill|0 fnt\n|-heal|p2a: Lopunny|88/100|[from] drain|[of] p1a: Excadrill\n|faint|p1a: Excadrill\n|\n|win|mismanette\n|raw|Versus XIII's rating: 1221 &rarr; <strong>1189</strong><br />(-32 for losing)\n|raw|mismanette's rating: 1126 &rarr; <strong>1158</strong><br />(+32 for winning)\n|l|☆Versus XIII\n|player|p1|\n|c|☆mismanette|gg\n","uploadtime":1788443407,"views":"0","formatid":"gen9championsvgc2026regmb","rating":1158,"private":0,"password":null}