{"id":"gen9championsvgc2026regmbbo3-2674021347","format":"[Gen 9 Champions] VGC 2026 Reg M-B (Bo3)","players":["Alvinplays12","dim_chandelure"],"log":"|j|☆Alvinplays12\n|j|☆dim_chandelure\n|html|<table width=\"100%\"><tr><td align=\"left\">Alvinplays12</td><td align=\"right\">dim_chandelure</tr><tr><td align=\"left\"><i class=\"fa fa-circle-o\"></i> <i class=\"fa fa-circle-o\"></i> </td><td align=\"right\"><i class=\"fa fa-circle-o\"></i> <i class=\"fa fa-circle\"></i> </tr></table>\n|uhtml|bestof|<h2><strong>Game 2</strong> of <a href=\"/game-bestof3-gen9championsvgc2026regmbbo3-2674019559\">a best-of-3</a></h2>\n|t:|1788289165\n|gametype|doubles\n|player|p1|Alvinplays12|102|1127\n|player|p2|dim_chandelure|cilan|1000\n|gen|9\n|tier|[Gen 9 Champions] VGC 2026 Reg M-B (Bo3)\n|rated|\n|rule|Species Clause: Limit one of each Pokémon\n|rule|Item Clause: Limit 1 of each item\n|clearpoke\n|poke|p1|Garchomp, L50, M|\n|poke|p1|Kingambit, L50, M|\n|poke|p1|Basculegion, L50, M|\n|poke|p1|Dragonite, L50, M|\n|poke|p1|Sneasler, L50, M|\n|poke|p1|Gardevoir, L50, M|\n|poke|p2|Froslass, L50, F|\n|poke|p2|Garchomp, L50, M|\n|poke|p2|Dragonite, L50, M|\n|poke|p2|Tyranitar, L50, F|\n|poke|p2|Basculegion, L50, M|\n|poke|p2|Sneasler, L50, M|\n|teampreview|4\n|showteam|p1|Garchomp||SitrusBerry|RoughSkin|DragonClaw,Protect,Earthquake,RockSlide|Jolly||M|||50|]Kingambit||ChopleBerry|Defiant|SuckerPunch,KowtowCleave,Protect,IronHead|Adamant||M|||50|]Basculegion||LifeOrb|Adaptability|LastRespects,AquaJet,WaveCrash,Protect|Adamant||M|||50|]Dragonite||Dragoninite|Multiscale|Protect,ExtremeSpeed,HeatWave,DragonPulse|Modest||M|||50|]Sneasler||FocusSash|PoisonTouch|CloseCombat,FakeOut,DireClaw,Protect|Jolly||M|||50|]Gardevoir||Gardevoirite|Trace|Protect,HyperVoice,Psychic,Moonblast|Modest||M|||50|\n|showteam|p2|Froslass||Froslassite|SnowCloak|Blizzard,ShadowBall,AuroraVeil,Protect|Modest||F|||50|]Garchomp||Garchompite|SandVeil|EarthPower,DracoMeteor,PowerGem,Protect|Timid||M|||50|]Dragonite||SitrusBerry|InnerFocus|Tailwind,ThunderWave,HelpingHand,BreakingSwipe|Careful||M|||50|]Tyranitar||ChopleBerry|SandStream|DragonDance,Crunch,RockSlide,Protect|Jolly||F|||50|]Basculegion||LifeOrb|Adaptability|WaveCrash,AquaJet,LastRespects,Protect|Adamant||M|||50|]Sneasler||FocusSash|Unburden|FakeOut,CloseCombat,DireClaw,Feint|Adamant||M|||50|\n|\n|t:|1788289193\n|teamsize|p1|4\n|teamsize|p2|4\n|start\n|switch|p1a: Gardevoir|Gardevoir, L50, M|100/100\n|switch|p1b: Kingambit|Kingambit, L50, M|100/100\n|switch|p2a: Froslass|Froslass, L50, F|100/100\n|switch|p2b: Sneasler|Sneasler, L50, M|100/100\n|-ability|p1a: Gardevoir|Unburden|Trace|[from] ability: Trace|[of] p2b: Sneasler\n|turn|1\n|\n|t:|1788289228\n|detailschange|p1a: Gardevoir|Gardevoir-Mega, L50, M\n|-mega|p1a: Gardevoir|Gardevoir|Gardevoirite\n|move|p2a: Froslass|Protect|p2a: Froslass\n|-singleturn|p2a: Froslass|Protect\n|move|p1b: Kingambit|Sucker Punch||[still]\n|-fail|p1b: Kingambit\n|move|p2b: Sneasler|Close Combat|p1b: Kingambit\n|-supereffective|p1b: Kingambit|2\n|-enditem|p1b: Kingambit|Chople Berry|[eat]\n|-enditem|p1b: Kingambit|Chople Berry|[weaken]\n|-damage|p1b: Kingambit|10/100\n|-unboost|p2b: Sneasler|def|1\n|-unboost|p2b: Sneasler|spd|1\n|move|p1a: Gardevoir|Hyper Voice|p2b: Sneasler|[spread] p2b\n|-activate|p2a: Froslass|move: Protect\n|-enditem|p2b: Sneasler|Focus Sash\n|-damage|p2b: Sneasler|1/100\n|\n|upkeep\n|turn|2\n|\n|t:|1788289254\n|detailschange|p2a: Froslass|Froslass-Mega, L50, F\n|-mega|p2a: Froslass|Froslass|Froslassite\n|-weather|Snowscape|[from] ability: Snow Warning|[of] p2a: Froslass\n|move|p1b: Kingambit|Protect|p1b: Kingambit\n|-singleturn|p1b: Kingambit|Protect\n|move|p2b: Sneasler|Feint|p1a: Gardevoir\n|-damage|p1a: Gardevoir|78/100\n|move|p2a: Froslass|Blizzard|p1b: Kingambit|[spread] p1a\n|-activate|p1b: Kingambit|move: Protect\n|-crit|p1a: Gardevoir\n|-damage|p1a: Gardevoir|8/100\n|move|p1a: Gardevoir|Hyper Voice|p2b: Sneasler|[spread] p2a,p2b\n|-damage|p2a: Froslass|32/100\n|-damage|p2b: Sneasler|0 fnt\n|faint|p2b: Sneasler\n|\n|-weather|Snowscape|[upkeep]\n|upkeep\n|\n|t:|1788289271\n|switch|p2b: Basculegion|Basculegion, L50, M|100/100\n|turn|3\n|\n|t:|1788289287\n|move|p2b: Basculegion|Aqua Jet|p1b: Kingambit\n|-damage|p1b: Kingambit|0 fnt\n|faint|p1b: Kingambit\n|-damage|p2b: Basculegion|90/100|[from] item: Life Orb\n|move|p2a: Froslass|Aurora Veil|p2a: Froslass\n|-sidestart|p2: dim_chandelure|move: Aurora Veil\n|move|p1a: Gardevoir|Hyper Voice|p2b: Basculegion|[spread] p2a,p2b\n|-damage|p2a: Froslass|0 fnt\n|-damage|p2b: Basculegion|53/100\n|faint|p2a: Froslass\n|\n|-weather|Snowscape|[upkeep]\n|upkeep\n|\n|t:|1788289300\n|switch|p2a: Dragonite|Dragonite, L50, M|100/100\n|switch|p1b: Garchomp|Garchomp, L50, M|100/100\n|turn|4\n|\n|t:|1788289314\n|move|p2b: Basculegion|Protect|p2b: Basculegion\n|-singleturn|p2b: Basculegion|Protect\n|move|p1b: Garchomp|Rock Slide|p2a: Dragonite|[spread] p2a\n|-activate|p2b: Basculegion|move: Protect\n|-supereffective|p2a: Dragonite|1\n|-crit|p2a: Dragonite\n|-damage|p2a: Dragonite|49/100\n|-enditem|p2a: Dragonite|Sitrus Berry|[eat]\n|-heal|p2a: Dragonite|74/100|[from] item: Sitrus Berry\n|move|p1a: Gardevoir|Hyper Voice|p2a: Dragonite|[spread] p2a\n|-activate|p2b: Basculegion|move: Protect\n|-supereffective|p2a: Dragonite|1\n|-damage|p2a: Dragonite|27/100\n|move|p2a: Dragonite|Tailwind|p2a: Dragonite\n|-sidestart|p2: dim_chandelure|move: Tailwind\n|\n|-weather|Snowscape|[upkeep]\n|upkeep\n|turn|5\n|\n|t:|1788289339\n|move|p2b: Basculegion|Aqua Jet|p1a: Gardevoir\n|-damage|p1a: Gardevoir|0 fnt\n|faint|p1a: Gardevoir\n|-damage|p2b: Basculegion|44/100|[from] item: Life Orb\n|move|p2a: Dragonite|Breaking Swipe|p1b: Garchomp\n|-supereffective|p1b: Garchomp|1\n|-damage|p1b: Garchomp|49/100\n|-unboost|p1b: Garchomp|atk|1\n|-damage|p2a: Dragonite|15/100|[from] ability: Rough Skin|[of] p1b: Garchomp\n|-enditem|p1b: Garchomp|Sitrus Berry|[eat]\n|-heal|p1b: Garchomp|74/100|[from] item: Sitrus Berry\n|move|p1b: Garchomp|Rock Slide|p2a: Dragonite|[spread] p2a,p2b\n|-supereffective|p2a: Dragonite|1\n|-damage|p2a: Dragonite|0 fnt\n|-damage|p2b: Basculegion|34/100\n|faint|p2a: Dragonite\n|\n|-weather|Snowscape|[upkeep]\n|upkeep\n|\n|t:|1788289355\n|switch|p1a: Basculegion|Basculegion, L50, M|100/100\n|turn|6\n|\n|t:|1788289368\n|move|p1a: Basculegion|Aqua Jet|p2b: Basculegion\n|-resisted|p2b: Basculegion|1\n|-damage|p2b: Basculegion|20/100y\n|-damage|p1a: Basculegion|90/100|[from] item: Life Orb\n|move|p2b: Basculegion|Last Respects|p1a: Basculegion\n|-supereffective|p1a: Basculegion|1\n|-damage|p1a: Basculegion|0 fnt\n|faint|p1a: Basculegion\n|-damage|p2b: Basculegion|10/100|[from] item: Life Orb\n|move|p1b: Garchomp|Dragon Claw|p2b: Basculegion\n|-crit|p2b: Basculegion\n|-damage|p2b: Basculegion|0 fnt\n|faint|p2b: Basculegion\n|\n|win|Alvinplays12\n|inactive|Alvinplays12 has 30 seconds to confirm battle start!\n|inactive|dim_chandelure has 30 seconds to confirm battle start!\n||dim_chandelure is ready for game 3.\n","uploadtime":1788289382,"views":"2","formatid":"gen9championsvgc2026regmbbo3","rating":null,"private":0,"password":null}