{"id":"gen9championsvgc2026regmbbo3-2673496672","format":"[Gen 9 Champions] VGC 2026 Reg M-B (Bo3)","players":["chinstair","Thomnahs"],"log":"|j|☆chinstair\n|j|☆Thomnahs\n|html|<table width=\"100%\"><tr><td align=\"left\">chinstair</td><td align=\"right\">Thomnahs</tr><tr><td align=\"left\"><i class=\"fa fa-circle-o\"></i> <i class=\"fa fa-circle-o\"></i> </td><td align=\"right\"><i class=\"fa fa-circle-o\"></i> <i class=\"fa fa-circle-o\"></i> </tr></table>\n|uhtml|bestof|<h2><strong>Game 1</strong> of <a href=\"/game-bestof3-gen9championsvgc2026regmbbo3-2673496671\">a best-of-3</a></h2>\n|t:|1788204849\n|gametype|doubles\n|player|p1|chinstair|scientist-gen4|1204\n|player|p2|Thomnahs|101|1307\n|gen|9\n|tier|[Gen 9 Champions] VGC 2026 Reg M-B (Bo3)\n|rated|\n|rule|Species Clause: Limit one of each Pokémon\n|rule|Item Clause: Limit 1 of each item\n|clearpoke\n|poke|p1|Gengar, L50, M, shiny|\n|poke|p1|Incineroar, L50, M|\n|poke|p1|Primarina, L50, M|\n|poke|p1|Slowking-Galar, L50, F|\n|poke|p1|Conkeldurr, L50, M|\n|poke|p1|Scovillain, L50, F, shiny|\n|poke|p2|Dragonite, L50, M|\n|poke|p2|Sneasler, L50, M|\n|poke|p2|Kingambit, L50, F|\n|poke|p2|Basculegion, L50, M|\n|poke|p2|Floette-Eternal, L50, F|\n|poke|p2|Garchomp, L50, M|\n|teampreview|4\n|showteam|p1|Gengar||Gengarite|CursedBody|SludgeBomb,ShadowBall,PerishSong,Protect|Modest||M|||50|]Incineroar||BrightPowder|Intimidate|FlareBlitz,ThroatChop,FakeOut,PartingShot|Sassy||M|||50|]Primarina||Leftovers|LiquidVoice|PerishSong,HyperVoice,Protect,Moonblast|Quiet||M|||50|]Slowking-Galar||SitrusBerry|Regenerator|AcidSpray,PsychicNoise,TrickRoom,ChillyReception|Relaxed||F|||50|]Conkeldurr||LifeOrb|SheerForce|RockSlide,DrainPunch,PoisonJab,Protect|Brave||M|||50|]Scovillain||Scovillainite|Moody|LeechSeed,RagePowder,Protect,Flamethrower|Bold||F|||50|\n|showteam|p2|Dragonite||Dragoninite|InnerFocus|DragonPulse,HeatWave,ExtremeSpeed,Protect|Modest||M|||50|]Sneasler||FocusSash|PoisonTouch|DireClaw,CloseCombat,Feint,FakeOut|Jolly||M|||50|]Kingambit||ChopleBerry|Defiant|KowtowCleave,SuckerPunch,LowKick,IronHead|Adamant||F|||50|]Basculegion||LifeOrb|Adaptability|WaveCrash,LastRespects,AquaJet,Protect|Adamant||M|||50|]Floette-Eternal||Floettite|FlowerVeil|Moonblast,DazzlingGleam,LightofRuin,Protect|Timid||F|||50|]Garchomp||ChoiceScarf|RoughSkin|StompingTantrum,Earthquake,RockSlide,DragonClaw|Adamant||M|||50|\n|inactive|Battle timer is ON: inactive players will automatically lose when time's up. (requested by Thomnahs)\n|inactive|chinstair also wants the timer to be on.\n|inactive|chinstair has 60 seconds left.\n|inactive|Thomnahs has 60 seconds left.\n|\n|t:|1788204899\n|teamsize|p1|4\n|teamsize|p2|4\n|start\n|switch|p1a: Slowking|Slowking-Galar, L50, F|100/100\n|switch|p1b: Scovillain|Scovillain, L50, F, shiny|100/100\n|switch|p2a: Basculegion|Basculegion, L50, M|100/100\n|switch|p2b: Kingambit|Kingambit, L50, F|100/100\n|turn|1\n|\n|t:|1788204919\n|detailschange|p1b: Scovillain|Scovillain-Mega, L50, F, shiny\n|-mega|p1b: Scovillain|Scovillain|Scovillainite\n|move|p1b: Scovillain|Rage Powder|p1b: Scovillain\n|-singleturn|p1b: Scovillain|move: Rage Powder\n|move|p2a: Basculegion|Wave Crash|p1b: Scovillain\n|-damage|p1b: Scovillain|1/100\n|-status|p2a: Basculegion|brn|[from] ability: Spicy Spray|[of] p1b: Scovillain\n|-damage|p2a: Basculegion|71/100 brn|[from] Recoil\n|-damage|p2a: Basculegion|61/100 brn|[from] item: Life Orb\n|move|p2b: Kingambit|Kowtow Cleave|p1b: Scovillain\n|-damage|p1b: Scovillain|0 fnt\n|-status|p2b: Kingambit|brn|[from] ability: Spicy Spray|[of] p1b: Scovillain\n|faint|p1b: Scovillain\n|move|p1a: Slowking|Trick Room|p1a: Slowking\n|-fieldstart|move: Trick Room|[of] p1a: Slowking\n|\n|-damage|p2b: Kingambit|94/100 brn|[from] brn\n|-damage|p2a: Basculegion|55/100 brn|[from] brn\n|upkeep\n|\n|t:|1788204937\n|switch|p1b: Conkeldurr|Conkeldurr, L50, M|100/100\n|turn|2\n|\n|t:|1788204960\n|move|p2a: Basculegion|Protect|p2a: Basculegion\n|-singleturn|p2a: Basculegion|Protect\n|-prepare|p1a: Slowking|Chilly Reception|[premajor]\n|move|p1a: Slowking|Chilly Reception|p1a: Slowking\n|-weather|Snowscape\n|\n|t:|1788204966\n|switch|p1a: Primarina|Primarina, L50, M|100/100|[from] Chilly Reception\n|move|p1b: Conkeldurr|Drain Punch|p2b: Kingambit\n|-supereffective|p2b: Kingambit|2\n|-enditem|p2b: Kingambit|Chople Berry|[eat]\n|-enditem|p2b: Kingambit|Chople Berry|[weaken]\n|-damage|p2b: Kingambit|11/100 brn\n|-damage|p1b: Conkeldurr|90/100|[from] item: Life Orb\n|move|p2b: Kingambit|Kowtow Cleave|p1a: Primarina\n|-resisted|p1a: Primarina|1\n|-damage|p1a: Primarina|87/100\n|\n|-weather|Snowscape|[upkeep]\n|-heal|p1a: Primarina|93/100|[from] item: Leftovers\n|-damage|p2b: Kingambit|5/100 brn|[from] brn\n|-damage|p2a: Basculegion|49/100 brn|[from] brn\n|upkeep\n|turn|3\n|\n|t:|1788204986\n|move|p2b: Kingambit|Sucker Punch|p1a: Primarina\n|-resisted|p1a: Primarina|1\n|-damage|p1a: Primarina|82/100\n|move|p1b: Conkeldurr|Poison Jab|p2a: Basculegion\n|-resisted|p2a: Basculegion|1\n|-damage|p2a: Basculegion|20/100y brn\n|move|p1a: Primarina|Hyper Voice|p2a: Basculegion|[spread] p2a,p2b\n|-resisted|p2a: Basculegion|1\n|-damage|p2a: Basculegion|0 fnt\n|-damage|p2b: Kingambit|0 fnt\n|faint|p2a: Basculegion\n|faint|p2b: Kingambit\n|\n|-weather|Snowscape|[upkeep]\n|-heal|p1a: Primarina|89/100|[from] item: Leftovers\n|upkeep\n|\n|t:|1788204996\n|switch|p2b: Sneasler|Sneasler, L50, M|100/100\n|switch|p2a: Dragonite|Dragonite, L50, M|100/100\n|turn|4\n|inactive|Thomnahs has 30 seconds left.\n|\n|t:|1788205023\n|detailschange|p2a: Dragonite|Dragonite-Mega, L50, M\n|-mega|p2a: Dragonite|Dragonite|Dragoninite\n|move|p2b: Sneasler|Fake Out|p1a: Primarina\n|-damage|p1a: Primarina|72/100\n|move|p1b: Conkeldurr|Rock Slide|p2b: Sneasler|[spread] p2a,p2b\n|-supereffective|p2a: Dragonite|1\n|-resisted|p2b: Sneasler|1\n|-damage|p2a: Dragonite|65/100\n|-damage|p2b: Sneasler|71/100\n|cant|p1a: Primarina|flinch\n|move|p2a: Dragonite|Heat Wave|p1b: Conkeldurr|[spread] p1a,p1b\n|-resisted|p1a: Primarina|1\n|-damage|p1a: Primarina|59/100\n|-damage|p1b: Conkeldurr|62/100\n|-status|p1a: Primarina|brn\n|\n|-weather|Snowscape|[upkeep]\n|-heal|p1a: Primarina|65/100 brn|[from] item: Leftovers\n|-damage|p1a: Primarina|59/100 brn|[from] brn\n|upkeep\n|turn|5\n|\n|t:|1788205047\n|move|p2a: Dragonite|Extreme Speed|p1a: Primarina\n|-damage|p1a: Primarina|34/100 brn\n|move|p2b: Sneasler|Feint|p1a: Primarina\n|-damage|p1a: Primarina|23/100 brn\n|move|p1b: Conkeldurr|Rock Slide|p2a: Dragonite|[spread] p2a,p2b\n|-supereffective|p2a: Dragonite|1\n|-resisted|p2b: Sneasler|1\n|-damage|p2a: Dragonite|0 fnt\n|-damage|p2b: Sneasler|43/100\n|faint|p2a: Dragonite\n|move|p1a: Primarina|Perish Song|p1a: Primarina\n|-start|p1a: Primarina|perish3|[silent]\n|-start|p1b: Conkeldurr|perish3|[silent]\n|-start|p2b: Sneasler|perish3|[silent]\n|-fieldactivate|move: Perish Song\n|\n|-weather|Snowscape|[upkeep]\n|-heal|p1a: Primarina|29/100 brn|[from] item: Leftovers\n|-damage|p1a: Primarina|23/100 brn|[from] brn\n|-start|p1b: Conkeldurr|perish3\n|-start|p1a: Primarina|perish3\n|-start|p2b: Sneasler|perish3\n|-fieldend|move: Trick Room\n|upkeep\n|turn|6\n|c|☆Thomnahs|Maybe if they both crit?? Lol\n|inactive|chinstair has 30 seconds left.\n|inactive|Thomnahs has 30 seconds left.\n|inactive|Thomnahs has 20 seconds left.\n|l|☆Thomnahs\n|inactive|Thomnahs disconnected and has a minute to reconnect!\n|player|p2|\n|inactive|Thomnahs has 15 seconds left.\n|j|☆Thomnahs\n|inactive|Thomnahs reconnected and has 15 seconds left.\n|player|p2|Thomnahs|101|\n|inactive|Thomnahs has 10 seconds left.\n|inactive|Thomnahs has 5 seconds left.\n|\n|t:|1788205102\n|switch|p1a: Slowking|Slowking-Galar, L50, F|100/100\n|move|p2b: Sneasler|Dire Claw|p1b: Conkeldurr\n|-damage|p1b: Conkeldurr|23/100\n|move|p1b: Conkeldurr|Drain Punch|p2b: Sneasler\n|-resisted|p2b: Sneasler|1\n|-damage|p2b: Sneasler|1/100\n|-heal|p1b: Conkeldurr|40/100|[from] drain|[of] p2b: Sneasler\n|-damage|p1b: Conkeldurr|30/100|[from] item: Life Orb\n|\n|-weather|none\n|-start|p2b: Sneasler|perish2\n|-start|p1b: Conkeldurr|perish2\n|upkeep\n|turn|7\n|c|☆Thomnahs|Maybe if they both crit lol\n|-message|Thomnahs forfeited.\n|\n|win|chinstair\n|l|☆Thomnahs\n|player|p2|\n|j|☆Thomnahs\n|player|p2|Thomnahs|101|\n||chinstair is ready for game 2.\n||Thomnahs is ready for game 2.\n|uhtml|next|Next: <a href=\"/battle-gen9championsvgc2026regmbbo3-2673498907\"><strong>Game 2 of 3</strong></a>\n|l|☆Thomnahs\n|player|p2|\n","uploadtime":1788205696,"views":"2","formatid":"gen9championsvgc2026regmbbo3","rating":null,"private":0,"password":null}