{"id":"gen9championsvgc2026regmb-2674776931","format":"[Gen 9 Champions] VGC 2026 Reg M-B","players":["Mikeflem12326171","Northgdh"],"log":"|j|☆Mikeflem12326171\n|j|☆Northgdh\n|t:|1788404675\n|gametype|doubles\n|player|p1|Mikeflem12326171|colress|1584\n|player|p2|Northgdh|265|1649\n|gen|9\n|tier|[Gen 9 Champions] VGC 2026 Reg M-B\n|rated|\n|rule|Species Clause: Limit one of each Pokémon\n|rule|Item Clause: Limit 1 of each item\n|clearpoke\n|poke|p1|Froslass, L50, F|\n|poke|p1|Sneasler, L50, F|\n|poke|p1|Basculegion, L50, M|\n|poke|p1|Dragonite, L50, M|\n|poke|p1|Garchomp, L50, M|\n|poke|p1|Kingambit, L50, F|\n|poke|p2|Froslass, L50, F, shiny|\n|poke|p2|Lycanroc-Dusk, L50, M, shiny|\n|poke|p2|Basculegion, L50, M|\n|poke|p2|Kingambit, L50, M, shiny|\n|poke|p2|Scovillain, L50, M, shiny|\n|poke|p2|Sneasler, L50, F|\n|teampreview|4\n|inactive|Battle timer is ON: inactive players will automatically lose when time's up. (requested by Northgdh)\n|inactive|Northgdh has 60 seconds left.\n|\n|t:|1788404719\n|teamsize|p1|4\n|teamsize|p2|4\n|start\n|switch|p1a: Sneasler|Sneasler, L50, F|100/100\n|switch|p1b: Kingambit|Kingambit, L50, F|100/100\n|switch|p2a: Boxford|Froslass, L50, F, shiny|100/100\n|switch|p2b: Marblehead|Scovillain, L50, M, shiny|100/100\n|turn|1\n|\n|t:|1788404741\n|switch|p2a: Medford|Sneasler, L50, F|100/100\n|detailschange|p2b: Marblehead|Scovillain-Mega, L50, M, shiny\n|-mega|p2b: Marblehead|Scovillain|Scovillainite\n|move|p1a: Sneasler|Fake Out|p2b: Marblehead\n|-damage|p2b: Marblehead|87/100\n|-status|p1a: Sneasler|brn|[from] ability: Spicy Spray|[of] p2b: Marblehead\n|cant|p2b: Marblehead|flinch\n|move|p1b: Kingambit|Kowtow Cleave|p2a: Medford\n|-resisted|p2a: Medford|1\n|-damage|p2a: Medford|61/100\n|\n|-damage|p1a: Sneasler|94/100 brn|[from] brn\n|upkeep\n|turn|2\n|inactive|Mikeflem12326171 has 30 seconds left.\n|\n|t:|1788404771\n|move|p1a: Sneasler|Dire Claw|p2b: Marblehead\n|-supereffective|p2b: Marblehead|1\n|-damage|p2b: Marblehead|50/100y\n|move|p2a: Medford|Close Combat|p1b: Kingambit\n|-supereffective|p1b: Kingambit|2\n|-enditem|p1b: Kingambit|Chople Berry|[eat]\n|-enditem|p1b: Kingambit|Chople Berry|[weaken]\n|-damage|p1b: Kingambit|7/100\n|-unboost|p2a: Medford|def|1\n|-unboost|p2a: Medford|spd|1\n|-enditem|p2a: Medford|White Herb\n|-clearnegativeboost|p2a: Medford|[silent]\n|move|p2b: Marblehead|Overheat|p1a: Sneasler\n|-damage|p1a: Sneasler|19/100 brn\n|-unboost|p2b: Marblehead|spa|2\n|move|p1b: Kingambit|Kowtow Cleave|p2b: Marblehead\n|-damage|p2b: Marblehead|5/100\n|-status|p1b: Kingambit|brn|[from] ability: Spicy Spray|[of] p2b: Marblehead\n|\n|-damage|p1a: Sneasler|14/100 brn|[from] brn\n|-damage|p1b: Kingambit|1/100 brn|[from] brn\n|upkeep\n|turn|3\n|inactive|Mikeflem12326171 has 30 seconds left.\n|\n|t:|1788404802\n|move|p2a: Medford|Protect|p2a: Medford\n|-singleturn|p2a: Medford|Protect\n|move|p2b: Marblehead|Protect|p2b: Marblehead\n|-singleturn|p2b: Marblehead|Protect\n|move|p1b: Kingambit|Sucker Punch||[still]\n|-fail|p1b: Kingambit\n|move|p1a: Sneasler|Dire Claw|p2b: Marblehead\n|-activate|p2b: Marblehead|move: Protect\n|\n|-damage|p1a: Sneasler|8/100 brn|[from] brn\n|-damage|p1b: Kingambit|0 fnt|[from] brn\n|faint|p1b: Kingambit\n|upkeep\n|\n|t:|1788404810\n|switch|p1b: Dragonite|Dragonite, L50, M|100/100\n|turn|4\n|inactive|Northgdh has 30 seconds left.\n|\n|t:|1788404844\n|switch|p2b: Boston|Basculegion, L50, M|100/100\n|detailschange|p1b: Dragonite|Dragonite-Mega, L50, M\n|-mega|p1b: Dragonite|Dragonite|Dragoninite\n|move|p2a: Medford|Gunk Shot|p1b: Dragonite\n|-damage|p1b: Dragonite|75/100\n|move|p1a: Sneasler|Dire Claw|p2b: Boston\n|-resisted|p2b: Boston|1\n|-damage|p2b: Boston|86/100\n|move|p1b: Dragonite|Tailwind|p1b: Dragonite\n|-sidestart|p1: Mikeflem12326171|move: Tailwind\n|\n|-damage|p1a: Sneasler|2/100 brn|[from] brn\n|upkeep\n|turn|5\n|\n|t:|1788404864\n|switch|p2a: Marblehead|Scovillain-Mega, L50, M, shiny|5/100\n|move|p2b: Boston|Protect|p2b: Boston\n|-singleturn|p2b: Boston|Protect\n|move|p1a: Sneasler|Dire Claw|p2b: Boston\n|-activate|p2b: Boston|move: Protect\n|move|p1b: Dragonite|Dragon Pulse|p2a: Marblehead\n|-damage|p2a: Marblehead|0 fnt\n|-status|p1b: Dragonite|brn|[from] ability: Spicy Spray|[of] p2a: Marblehead\n|faint|p2a: Marblehead\n|\n|-damage|p1a: Sneasler|0 fnt|[from] brn\n|faint|p1a: Sneasler\n|-damage|p1b: Dragonite|69/100 brn|[from] brn\n|upkeep\n|\n|t:|1788404877\n|switch|p1a: Garchomp|Garchomp, L50, M|100/100\n|switch|p2a: Medford|Sneasler, L50, F|61/100\n|turn|6\n|\n|t:|1788404894\n|move|p2a: Medford|Fake Out|p1b: Dragonite\n|-damage|p1b: Dragonite|57/100 brn\n|move|p1a: Garchomp|Earthquake|p2b: Boston|[spread] p2a,p2b\n|-immune|p1b: Dragonite\n|-supereffective|p2a: Medford|1\n|-damage|p2a: Medford|0 fnt\n|-damage|p2b: Boston|39/100\n|faint|p2a: Medford\n|cant|p1b: Dragonite|flinch\n|move|p2b: Boston|Wave Crash|p1a: Garchomp\n|-damage|p1a: Garchomp|2/100\n|-damage|p2b: Boston|26/100|[from] ability: Rough Skin|[of] p1a: Garchomp\n|-damage|p2b: Boston|0 fnt|[from] Recoil\n|faint|p2b: Boston\n|\n|-damage|p1b: Dragonite|51/100 brn|[from] brn\n|upkeep\n|\n|t:|1788404898\n|switch|p2a: Boxford|Froslass, L50, F, shiny|100/100\n|turn|7\n|\n|t:|1788404906\n|move|p2a: Boxford|Protect|p2a: Boxford\n|-singleturn|p2a: Boxford|Protect\n|move|p1a: Garchomp|Earthquake|p2a: Boxford|[spread] \n|-activate|p2a: Boxford|move: Protect\n|-immune|p1b: Dragonite\n|move|p1b: Dragonite|Heat Wave|p2a: Boxford\n|-activate|p2a: Boxford|move: Protect\n|\n|-damage|p1b: Dragonite|45/100 brn|[from] brn\n|-sideend|p1: Mikeflem12326171|move: Tailwind\n|upkeep\n|turn|8\n|c|☆Northgdh|Insane Chomp survival\n|\n|t:|1788404917\n|move|p1a: Garchomp|Earthquake|p2a: Boxford|[spread] p2a\n|-immune|p1b: Dragonite\n|-damage|p2a: Boxford|52/100\n|move|p2a: Boxford|Blizzard|p1a: Garchomp|[spread] p1a\n|-miss|p2a: Boxford|p1b: Dragonite\n|-supereffective|p1a: Garchomp|2\n|-damage|p1a: Garchomp|0 fnt\n|faint|p1a: Garchomp\n|move|p1b: Dragonite|Heat Wave|p2a: Boxford\n|-supereffective|p2a: Boxford|1\n|-damage|p2a: Boxford|0 fnt\n|faint|p2a: Boxford\n|\n|win|Mikeflem12326171\n|raw|Mikeflem12326171's rating: 1584 &rarr; <strong>1608</strong><br />(+24 for winning)\n|raw|Northgdh's rating: 1649 &rarr; <strong>1625</strong><br />(-24 for losing)\n|c|☆Northgdh|Critical miss too\n|c|☆Northgdh|gg\n|c|☆Mikeflem12326171|mhm gg\n","uploadtime":1788404939,"views":"1","formatid":"gen9championsvgc2026regmb","rating":1608,"private":0,"password":null}