{"id":"gen9championsvgc2026regmb-2674732295","format":"[Gen 9 Champions] VGC 2026 Reg M-B","players":["rodbeingshy","NewBurru"],"log":"|j|☆rodbeingshy\n|j|☆NewBurru\n|html|<table width=\"100%\"><tr><td align=\"left\">rodbeingshy</td><td align=\"right\">NewBurru</tr><tr><td align=\"left\"><i class=\"fa fa-circle-o\"></i> <i class=\"fa fa-circle-o\"></i> </td><td align=\"right\"><i class=\"fa fa-circle-o\"></i> <i class=\"fa fa-circle-o\"></i> </tr></table>\n|uhtml|bestof|<h2><strong>Game 1</strong> of <a href=\"/game-bestof3-gen9championsvgc2026regmb-2674732294\">a best-of-3</a></h2>\n|t:|1788397540\n|gametype|doubles\n|player|p1|rodbeingshy|roxie|\n|player|p2|NewBurru|1|\n|gen|9\n|tier|[Gen 9 Champions] VGC 2026 Reg M-B\n|rule|Species Clause: Limit one of each Pokémon\n|rule|Item Clause: Limit 1 of each item\n|raw|<div class=\"infobox\"><details class=\"readmore\" open><summary><strong>1 custom rule:</strong></summary> Best of = 3</details></div>\n|clearpoke\n|poke|p1|Sneasler, L50, F|\n|poke|p1|Froslass, L50, F|\n|poke|p1|Grimmsnarl, L50, M|\n|poke|p1|Primarina, L50, M|\n|poke|p1|Aerodactyl, L50, M|\n|poke|p1|Krookodile, L50, M|\n|poke|p2|Incineroar, L50, F|\n|poke|p2|Rotom-Wash, L50|\n|poke|p2|Sceptile, L50, F|\n|poke|p2|Tinkaton, L50, F|\n|poke|p2|Ninetales-Alola, L50, F|\n|poke|p2|Gliscor, L50, M|\n|teampreview|4\n|j| Laushz\n|c|☆rodbeingshy|Link\n|c|☆rodbeingshy|Open sheets?\n|\n|t:|1788397613\n|teamsize|p1|4\n|teamsize|p2|4\n|start\n|switch|p1a: Venom rogue|Sneasler, L50, F|100/100\n|switch|p1b: Clawed dragon|Aerodactyl, L50, M|100/100\n|switch|p2a: Roclee|Gliscor, L50, M|100/100\n|switch|p2b: Golda|Tinkaton, L50, F|100/100\n|-ability|p2b: Golda|Mold Breaker\n|turn|1\n|\n|t:|1788397689\n|move|p1a: Venom rogue|Protect|p1a: Venom rogue\n|-singleturn|p1a: Venom rogue|Protect\n|move|p2b: Golda|Protect|p2b: Golda\n|-singleturn|p2b: Golda|Protect\n|move|p1b: Clawed dragon|Tailwind|p1b: Clawed dragon\n|-sidestart|p1: rodbeingshy|move: Tailwind\n|move|p2a: Roclee|Tailwind|p2a: Roclee\n|-sidestart|p2: NewBurru|move: Tailwind\n|\n|upkeep\n|turn|2\n|\n|t:|1788397736\n|switch|p2b: Rita|Ninetales-Alola, L50, F|100/100\n|-weather|Snowscape|[from] ability: Snow Warning|[of] p2b: Rita\n|detailschange|p1b: Clawed dragon|Aerodactyl-Mega, L50, M\n|-mega|p1b: Clawed dragon|Aerodactyl|Aerodactylite\n|move|p1b: Clawed dragon|Rock Slide|p2a: Roclee|[spread] p2a,p2b\n|-supereffective|p2b: Rita|1\n|-damage|p2a: Roclee|74/100\n|-damage|p2b: Rita|40/100\n|move|p1a: Venom rogue|Close Combat|p2b: Rita\n|-damage|p2b: Rita|0 fnt\n|-unboost|p1a: Venom rogue|def|1\n|-unboost|p1a: Venom rogue|spd|1\n|faint|p2b: Rita\n|-enditem|p1a: Venom rogue|White Herb\n|-clearnegativeboost|p1a: Venom rogue|[silent]\n|move|p2a: Roclee|Dual Wingbeat|p1a: Venom rogue\n|-supereffective|p1a: Venom rogue|1\n|-damage|p1a: Venom rogue|35/100\n|-supereffective|p1a: Venom rogue|1\n|-damage|p1a: Venom rogue|0 fnt\n|faint|p1a: Venom rogue\n|-hitcount|p1: Venom rogue|2\n|\n|-weather|Snowscape|[upkeep]\n|upkeep\n|j| Br4ndonR\n|\n|t:|1788397764\n|switch|p1a: Alluring mermaid|Primarina, L50, M|100/100\n|switch|p2b: Golda|Tinkaton, L50, F|100/100\n|-ability|p2b: Golda|Mold Breaker\n|turn|3\n|\n|t:|1788397830\n|move|p1b: Clawed dragon|Protect|p1b: Clawed dragon\n|-singleturn|p1b: Clawed dragon|Protect\n|move|p2b: Golda|Fake Out|p1a: Alluring mermaid\n|-damage|p1a: Alluring mermaid|88/100\n|move|p2a: Roclee|Dual Wingbeat|p1a: Alluring mermaid\n|-damage|p1a: Alluring mermaid|65/100\n|-damage|p1a: Alluring mermaid|46/100\n|-hitcount|p1a: Alluring mermaid|2\n|cant|p1a: Alluring mermaid|flinch\n|\n|-weather|Snowscape|[upkeep]\n|-heal|p1a: Alluring mermaid|52/100|[from] item: Leftovers\n|upkeep\n|turn|4\n|\n|t:|1788397889\n|move|p2a: Roclee|Protect|p2a: Roclee\n|-singleturn|p2a: Roclee|Protect\n|move|p1b: Clawed dragon|Rock Slide|p2b: Golda|[spread] p2b\n|-activate|p2a: Roclee|move: Protect\n|-resisted|p2b: Golda|1\n|-damage|p2b: Golda|82/100\n|cant|p2b: Golda|flinch\n|move|p1a: Alluring mermaid|Hyper Voice|p2b: Golda|[spread] p2b\n|-activate|p2a: Roclee|move: Protect\n|-damage|p2b: Golda|50/100g\n|\n|-weather|Snowscape|[upkeep]\n|-heal|p1a: Alluring mermaid|59/100|[from] item: Leftovers\n|-sideend|p1: rodbeingshy|move: Tailwind\n|-sideend|p2: NewBurru|move: Tailwind\n|upkeep\n|turn|5\n|l| Br4ndonR\n|\n|t:|1788397982\n|move|p1b: Clawed dragon|Dual Wingbeat|p2b: Golda\n|-resisted|p2b: Golda|1\n|-damage|p2b: Golda|33/100\n|-resisted|p2b: Golda|1\n|-damage|p2b: Golda|17/100\n|-hitcount|p2b: Golda|2\n|move|p2a: Roclee|Tailwind|p2a: Roclee\n|-sidestart|p2: NewBurru|move: Tailwind\n|move|p2b: Golda|Gigaton Hammer|p1b: Clawed dragon\n|-supereffective|p1b: Clawed dragon|1\n|-damage|p1b: Clawed dragon|0 fnt\n|faint|p1b: Clawed dragon\n|move|p1a: Alluring mermaid|Hyper Voice|p2a: Roclee|[spread] p2a,p2b\n|-supereffective|p2a: Roclee|1\n|-damage|p2a: Roclee|0 fnt\n|-damage|p2b: Golda|0 fnt\n|faint|p2a: Roclee\n|faint|p2b: Golda\n|\n|-weather|Snowscape|[upkeep]\n|-heal|p1a: Alluring mermaid|65/100|[from] item: Leftovers\n|upkeep\n|\n|t:|1788398000\n|switch|p1b: Ice Queen devil|Froslass, L50, F|100/100\n|switch|p2b: Eustaquio|Sceptile, L50, F|100/100\n|turn|6\n|\n|t:|1788398017\n|move|p2b: Eustaquio|Energy Ball|p2: Roclee|[notarget]\n|-fail|p2b: Eustaquio\n|move|p1b: Ice Queen devil|Blizzard|p2b: Eustaquio\n|-supereffective|p2b: Eustaquio|1\n|-damage|p2b: Eustaquio|0 fnt\n|faint|p2b: Eustaquio\n|\n|win|rodbeingshy\n||rodbeingshy is ready for game 2.\n||NewBurru is ready for game 2.\n|uhtml|next|Next: <a href=\"/battle-gen9championsvgc2026regmb-2674735384\"><strong>Game 2 of 3</strong></a>\n|l|☆rodbeingshy\n|player|p1|\n|l|☆NewBurru\n|player|p2|\n|l| Laushz\n|j|☆rodbeingshy\n|player|p1|rodbeingshy|roxie|\n","uploadtime":1788399008,"views":"8","formatid":"gen9championsvgc2026regmb","rating":null,"private":0,"password":null}