{"id":"gen9championsvgc2026regmbbo3-2673588929","format":"[Gen 9 Champions] VGC 2026 Reg M-B (Bo3)","players":["moicito","kingfishervgc"],"log":"|j|☆moicito\n|j|☆kingfishervgc\n|html|<table width=\"100%\"><tr><td align=\"left\">moicito</td><td align=\"right\">kingfishervgc</tr><tr><td align=\"left\"><i class=\"fa fa-circle\"></i> <i class=\"fa fa-circle-o\"></i> </td><td align=\"right\"><i class=\"fa fa-circle-o\"></i> <i class=\"fa fa-circle-o\"></i> </tr></table>\n|uhtml|bestof|<h2><strong>Game 2</strong> of <a href=\"/game-bestof3-gen9championsvgc2026regmbbo3-2673587856\">a best-of-3</a></h2>\n|t:|1788217552\n|gametype|doubles\n|player|p1|moicito|caitlin|1128\n|player|p2|kingfishervgc|gentleman-gen4|1158\n|gen|9\n|tier|[Gen 9 Champions] VGC 2026 Reg M-B (Bo3)\n|rated|\n|rule|Species Clause: Limit one of each Pokémon\n|rule|Item Clause: Limit 1 of each item\n|clearpoke\n|poke|p1|Whimsicott, L50, F|\n|poke|p1|Garchomp, L50, F|\n|poke|p1|Basculegion, L50, M|\n|poke|p1|Kingambit, L50, F|\n|poke|p1|Floette-Eternal, L50, F|\n|poke|p1|Charizard, L50, F|\n|poke|p2|Kingambit, L50, M|\n|poke|p2|Whimsicott, L50, F|\n|poke|p2|Basculegion, L50, M|\n|poke|p2|Staraptor, L50, M|\n|poke|p2|Kleavor, L50, M|\n|poke|p2|Maushold-Four, L50|\n|teampreview|4\n|showteam|p1|Whimsicott||FocusSash|Prankster|Moonblast,Tailwind,Encore,Protect|Timid||F|||50|]Garchomp||SitrusBerry|RoughSkin|DragonClaw,StompingTantrum,RockSlide,Protect|Adamant||F|||50|]Basculegion||LifeOrb|Adaptability|WaveCrash,LastRespects,AquaJet,Protect|Adamant||M|||50|]Kingambit||ChopleBerry|Defiant|KowtowCleave,IronHead,LowKick,SuckerPunch|Adamant||F|||50|]Floette-Eternal||Floettite|FlowerVeil|Moonblast,DazzlingGleam,LightofRuin,Protect|Timid||F|||50|]Charizard||CharizarditeY|Blaze|HeatWave,AncientPower,WeatherBall,Protect|Modest||F|||50|\n|showteam|p2|Kingambit||LifeOrb|Defiant|KowtowCleave,SuckerPunch,IronHead,Protect|Adamant||M|||50|]Whimsicott||OccaBerry|Prankster|Moonblast,Tickle,Tailwind,Encore|Calm||F|||50|]Basculegion||ChoiceScarf|Adaptability|LastRespects,WaveCrash,Soak,FlipTurn|Jolly||M|||50|]Staraptor||Staraptite|Intimidate|CloseCombat,DualWingbeat,Roost,Protect|Jolly||M|||50|]Kleavor||FocusSash|Sharpness|StoneAxe,Protect,XScissor,CloseCombat|Adamant||M|||50|]Maushold-Four||ChopleBerry|FriendGuard|FollowMe,Protect,SuperFang,Charm|Timid|||||50|\n|\n|t:|1788217576\n|teamsize|p1|4\n|teamsize|p2|4\n|start\n|switch|p1a: Floette|Floette-Eternal, L50, F|100/100\n|switch|p1b: Whimsicott|Whimsicott, L50, F|100/100\n|switch|p2a: Kingambit|Kingambit, L50, M|100/100\n|switch|p2b: Whimsicott|Whimsicott, L50, F|100/100\n|turn|1\n|\n|t:|1788217594\n|detailschange|p1a: Floette|Floette-Mega, L50, F\n|-mega|p1a: Floette|Floette|Floettite\n|-ability|p1a: Floette|Fairy Aura\n|move|p2b: Whimsicott|Tailwind|p2b: Whimsicott\n|-sidestart|p2: kingfishervgc|move: Tailwind\n|move|p1b: Whimsicott|Moonblast|p2a: Kingambit\n|-damage|p2a: Kingambit|55/100\n|-unboost|p2a: Kingambit|spa|1\n|-ability|p2a: Kingambit|Defiant|boost\n|-boost|p2a: Kingambit|atk|2\n|move|p2a: Kingambit|Iron Head|p1a: Floette\n|-supereffective|p1a: Floette|1\n|-damage|p1a: Floette|0 fnt\n|faint|p1a: Floette\n|-damage|p2a: Kingambit|45/100|[from] item: Life Orb\n|\n|upkeep\n|\n|t:|1788217612\n|switch|p1a: Kingambit|Kingambit, L50, F|100/100\n|turn|2\n|\n|t:|1788217629\n|switch|p1b: Basculegion|Basculegion, L50, M|100/100\n|move|p2a: Kingambit|Protect|p2a: Kingambit\n|-singleturn|p2a: Kingambit|Protect\n|move|p2b: Whimsicott|Moonblast|p1a: Kingambit\n|-damage|p1a: Kingambit|80/100\n|move|p1a: Kingambit|Low Kick|p2a: Kingambit\n|-activate|p2a: Kingambit|move: Protect\n|\n|upkeep\n|turn|3\n|\n|t:|1788217654\n|switch|p2b: Staraptor|Staraptor, L50, M|100/100\n|-ability|p2b: Staraptor|Intimidate|boost\n|-unboost|p1a: Kingambit|atk|1\n|-ability|p1a: Kingambit|Defiant|boost\n|-boost|p1a: Kingambit|atk|2\n|-unboost|p1b: Basculegion|atk|1\n|switch|p2a: Maushold|Maushold-Four, L50|100/100\n|switch|p1b: Whimsicott|Whimsicott, L50, F|100/100\n|move|p1a: Kingambit|Iron Head|p2b: Staraptor\n|-damage|p2b: Staraptor|35/100\n|\n|upkeep\n|turn|4\n|\n|t:|1788217685\n|detailschange|p2b: Staraptor|Staraptor-Mega, L50, M\n|-mega|p2b: Staraptor|Staraptor|Staraptite\n|move|p2a: Maushold|Follow Me|p2a: Maushold\n|-singleturn|p2a: Maushold|move: Follow Me\n|move|p1b: Whimsicott|Tailwind|p1b: Whimsicott\n|-sidestart|p1: moicito|move: Tailwind\n|move|p2b: Staraptor|Roost|p2b: Staraptor\n|-heal|p2b: Staraptor|85/100\n|-singleturn|p2b: Staraptor|move: Roost\n|move|p1a: Kingambit|Kowtow Cleave|p2a: Maushold\n|-damage|p2a: Maushold|13/100\n|\n|-sideend|p2: kingfishervgc|move: Tailwind\n|upkeep\n|turn|5\n|\n|t:|1788217707\n|move|p2a: Maushold|Follow Me|p2a: Maushold\n|-singleturn|p2a: Maushold|move: Follow Me\n|move|p1b: Whimsicott|Encore|p2a: Maushold\n|-start|p2a: Maushold|Encore\n|move|p2b: Staraptor|Close Combat|p1a: Kingambit\n|-supereffective|p1a: Kingambit|2\n|-enditem|p1a: Kingambit|Chople Berry|[eat]\n|-enditem|p1a: Kingambit|Chople Berry|[weaken]\n|-damage|p1a: Kingambit|0 fnt\n|-boost|p2b: Staraptor|def|1\n|-boost|p2b: Staraptor|spd|1\n|faint|p1a: Kingambit\n|\n|upkeep\n|\n|t:|1788217717\n|switch|p1a: Basculegion|Basculegion, L50, M|100/100\n|turn|6\n|\n|t:|1788217732\n|move|p2b: Staraptor|Protect|p2b: Staraptor\n|-singleturn|p2b: Staraptor|Protect\n|move|p2a: Maushold|Follow Me|p2a: Maushold\n|-singleturn|p2a: Maushold|move: Follow Me\n|move|p1b: Whimsicott|Moonblast|p2a: Maushold\n|-damage|p2a: Maushold|0 fnt\n|faint|p2a: Maushold\n|move|p1a: Basculegion|Last Respects|p2b: Staraptor\n|-activate|p2b: Staraptor|move: Protect\n|\n|upkeep\n|\n|t:|1788217751\n|switch|p2a: Kingambit|Kingambit, L50, M|45/100\n|turn|7\n|\n|t:|1788217772\n|move|p2b: Staraptor|Protect||[still]\n|-fail|p2b: Staraptor\n|move|p1a: Basculegion|Aqua Jet|p2a: Kingambit\n|-damage|p2a: Kingambit|18/100\n|-damage|p1a: Basculegion|90/100|[from] item: Life Orb\n|move|p1b: Whimsicott|Moonblast|p2a: Kingambit\n|-damage|p2a: Kingambit|0 fnt\n|faint|p2a: Kingambit\n|\n|-sideend|p1: moicito|move: Tailwind\n|upkeep\n|\n|t:|1788217782\n|switch|p2a: Whimsicott|Whimsicott, L50, F|100/100\n|turn|8\n|\n|t:|1788217799\n|move|p2b: Staraptor|Protect|p2b: Staraptor\n|-singleturn|p2b: Staraptor|Protect\n|move|p1b: Whimsicott|Encore|p2b: Staraptor\n|-activate|p2b: Staraptor|move: Protect\n|move|p2a: Whimsicott|Tailwind|p2a: Whimsicott\n|-sidestart|p2: kingfishervgc|move: Tailwind\n|move|p1a: Basculegion|Last Respects|p2a: Whimsicott\n|-damage|p2a: Whimsicott|0 fnt\n|faint|p2a: Whimsicott\n|-damage|p1a: Basculegion|80/100|[from] item: Life Orb\n|\n|upkeep\n|turn|9\n|\n|t:|1788217813\n|move|p1b: Whimsicott|Encore|p2b: Staraptor\n|-start|p2b: Staraptor|Encore\n|move|p2b: Staraptor|Protect|p2b: Staraptor\n|-singleturn|p2b: Staraptor|Protect\n|move|p1a: Basculegion|Last Respects|p2b: Staraptor\n|-activate|p2b: Staraptor|move: Protect\n|\n|upkeep\n|turn|10\n|\n|t:|1788217823\n|move|p2b: Staraptor|Protect||[still]\n|-fail|p2b: Staraptor\n|move|p1b: Whimsicott|Tailwind|p1b: Whimsicott\n|-sidestart|p1: moicito|move: Tailwind\n|move|p1a: Basculegion|Last Respects|p2b: Staraptor\n|-damage|p2b: Staraptor|0 fnt\n|faint|p2b: Staraptor\n|-damage|p1a: Basculegion|71/100|[from] item: Life Orb\n|\n|win|moicito\n|raw|moicito's rating: 1128 &rarr; <strong>1155</strong><br />(+27 for winning)\n|raw|kingfishervgc's rating: 1158 &rarr; <strong>1131</strong><br />(-27 for losing)\n|c|☆moicito|gg\n|l|☆kingfishervgc\n|player|p2|\n","uploadtime":1788217843,"views":"9","formatid":"gen9championsvgc2026regmbbo3","rating":1131,"private":0,"password":null}